|j|☆FiiFiFoFum
|j|☆mieldrain
|t:|1779620974
|gametype|singles
|player|p1|FiiFiFoFum|erika-gen1rb|1482
|player|p2|mieldrain|lady-gen4|1674
|gen|9
|tier|[Gen 9] OU
|rated|
|rule|HP Percentage Mod: HP is shown in percentages
|rule|Endless Battle Clause: Forcing endless battles is banned
|rule|Species Clause: Limit one of each Pokémon
|rule|OHKO Clause: OHKO moves are banned
|rule|Evasion Items Clause: Evasion items are banned
|rule|Evasion Moves Clause: Evasion moves are banned
|rule|Evasion Abilities Clause: Evasion abilities are banned
|rule|Sleep Moves Clause: Sleep-inducing moves are banned
|clearpoke
|poke|p1|Scizor, F|
|poke|p1|Samurott-Hisui, F|
|poke|p1|Gholdengo|
|poke|p1|Landorus-Therian, M|
|poke|p1|Great Tusk|
|poke|p1|Raging Bolt|
|poke|p2|Samurott-Hisui, F|
|poke|p2|Iron Valiant|
|poke|p2|Pecharunt|
|poke|p2|Reuniclus, F|
|poke|p2|Darkrai|
|poke|p2|Kingambit, F|
|teampreview
|inactive|Battle timer is ON: inactive players will automatically lose when time's up. (requested by mieldrain)
|
|t:|1779620984
|teamsize|p1|6
|teamsize|p2|6
|start
|switch|p1a: Gholdengo|Gholdengo|100/100
|switch|p2a: Samurott|Samurott-Hisui, F|100/100
|turn|1
|
|t:|1779620987
|move|p1a: Gholdengo|Focus Blast|p2a: Samurott|[miss]
|-miss|p1a: Gholdengo|p2a: Samurott
|move|p2a: Samurott|Ceaseless Edge|p1a: Gholdengo
|-supereffective|p1a: Gholdengo
|-damage|p1a: Gholdengo|0 fnt
|-sidestart|p1: FiiFiFoFum|Spikes
|faint|p1a: Gholdengo
|
|upkeep
|
|t:|1779620990
|switch|p1a: Scizor|Scizor, F|100/100
|-damage|p1a: Scizor|88/100|[from] Spikes
|turn|2
|
|t:|1779620992
|move|p2a: Samurott|Ceaseless Edge|p1a: Scizor
|-damage|p1a: Scizor|42/100
|-sidestart|p1: FiiFiFoFum|Spikes
|move|p1a: Scizor|U-turn|p2a: Samurott
|-supereffective|p2a: Samurott
|-enditem|p2a: Samurott|Focus Sash
|-damage|p2a: Samurott|1/100
|
|t:|1779620999
|switch|p1a: Great Tusk|Great Tusk|100/100|[from] U-turn
|-damage|p1a: Great Tusk|84/100|[from] Spikes
|-enditem|p1a: Great Tusk|Booster Energy
|-activate|p1a: Great Tusk|ability: Protosynthesis|[fromitem]
|-start|p1a: Great Tusk|protosynthesisspe
|
|upkeep
|turn|3
|
|t:|1779621001
|switch|p2a: Pecharunt|Pecharunt|100/100
|move|p1a: Great Tusk|Bulk Up|p1a: Great Tusk
|-boost|p1a: Great Tusk|atk|1
|-boost|p1a: Great Tusk|def|1
|
|upkeep
|turn|4
|
|t:|1779621004
|move|p1a: Great Tusk|Bulk Up|p1a: Great Tusk
|-boost|p1a: Great Tusk|atk|1
|-boost|p1a: Great Tusk|def|1
|move|p2a: Pecharunt|Shadow Ball|p1a: Great Tusk
|-damage|p1a: Great Tusk|41/100
|
|upkeep
|turn|5
|
|t:|1779621006
|move|p1a: Great Tusk|Headlong Rush|p2a: Pecharunt
|-supereffective|p2a: Pecharunt
|-enditem|p2a: Pecharunt|Shuca Berry|[eat]
|-enditem|p2a: Pecharunt|Shuca Berry|[weaken]
|-damage|p2a: Pecharunt|27/100
|-unboost|p1a: Great Tusk|def|1
|-unboost|p1a: Great Tusk|spd|1
|move|p2a: Pecharunt|Shadow Ball|p1a: Great Tusk
|-damage|p1a: Great Tusk|0 fnt
|faint|p1a: Great Tusk
|-end|p1a: Great Tusk|Protosynthesis|[silent]
|
|upkeep
|
|t:|1779621016
|switch|p1a: Scizor|Scizor, F|42/100
|-damage|p1a: Scizor|26/100|[from] Spikes
|turn|6
|
|t:|1779621025
|switch|p2a: Samurott|Samurott-Hisui, F|1/100
|move|p1a: Scizor|Bullet Punch|p2a: Samurott
|-resisted|p2a: Samurott
|-damage|p2a: Samurott|0 fnt
|faint|p2a: Samurott
|
|upkeep
|
|t:|1779621030
|switch|p2a: Darkrai|Darkrai|100/100
|turn|7
|
|t:|1779621035
|move|p1a: Scizor|Bullet Punch|p2a: Darkrai
|-damage|p2a: Darkrai|29/100
|move|p2a: Darkrai|Dark Pulse|p1a: Scizor
|-damage|p1a: Scizor|0 fnt
|faint|p1a: Scizor
|
|upkeep
|
|t:|1779621037
|switch|p1a: Samurott|Samurott-Hisui, F|100/100
|-damage|p1a: Samurott|84/100|[from] Spikes
|turn|8
|
|t:|1779621042
|move|p2a: Darkrai|Knock Off|p1a: Samurott
|-resisted|p1a: Samurott
|-damage|p1a: Samurott|64/100
|-enditem|p1a: Samurott|Assault Vest|[from] move: Knock Off|[of] p2a: Darkrai
|move|p1a: Samurott|Ceaseless Edge|p2a: Darkrai
|-resisted|p2a: Darkrai
|-damage|p2a: Darkrai|3/100
|-sidestart|p2: mieldrain|Spikes
|
|upkeep
|turn|9
|
|t:|1779621049
|move|p2a: Darkrai|Dark Pulse|p1a: Samurott
|-resisted|p1a: Samurott
|-damage|p1a: Samurott|39/100
|move|p1a: Samurott|Ceaseless Edge|p2a: Darkrai
|-resisted|p2a: Darkrai
|-damage|p2a: Darkrai|0 fnt
|-sidestart|p2: mieldrain|Spikes
|faint|p2a: Darkrai
|
|upkeep
|
|t:|1779621054
|switch|p2a: Iron Valiant|Iron Valiant|100/100
|-damage|p2a: Iron Valiant|84/100|[from] Spikes
|-enditem|p2a: Iron Valiant|Booster Energy
|-activate|p2a: Iron Valiant|ability: Quark Drive|[fromitem]
|-start|p2a: Iron Valiant|quarkdrivespe
|turn|10
|
|t:|1779621057
|move|p2a: Iron Valiant|Moonblast|p1a: Samurott
|-supereffective|p1a: Samurott
|-damage|p1a: Samurott|0 fnt
|faint|p1a: Samurott
|
|upkeep
|
|t:|1779621059
|switch|p1a: Landorus|Landorus-Therian, M|100/100
|-ability|p1a: Landorus|Intimidate|boost
|-unboost|p2a: Iron Valiant|atk|1
|turn|11
|
|t:|1779621065
|-end|p2a: Iron Valiant|Quark Drive|[silent]
|switch|p2a: Pecharunt|Pecharunt|27/100
|-damage|p2a: Pecharunt|11/100|[from] Spikes
|move|p1a: Landorus|Stealth Rock|p2a: Pecharunt
|-sidestart|p2: mieldrain|move: Stealth Rock
|
|upkeep
|turn|12
|
|t:|1779621068
|move|p1a: Landorus|Earth Power|p2a: Pecharunt
|-supereffective|p2a: Pecharunt
|-damage|p2a: Pecharunt|0 fnt
|faint|p2a: Pecharunt
|
|upkeep
|
|t:|1779621074
|switch|p2a: Kingambit|Kingambit, F|100/100
|-damage|p2a: Kingambit|94/100|[from] Stealth Rock
|-activate|p2a: Kingambit|ability: Supreme Overlord
|-start|p2a: Kingambit|fallen3|[silent]
|-item|p2a: Kingambit|Air Balloon
|turn|13
|
|t:|1779621077
|move|p1a: Landorus|U-turn|p2a: Kingambit
|-damage|p2a: Kingambit|76/100
|-enditem|p2a: Kingambit|Air Balloon
|
|t:|1779621078
|switch|p1a: Raging Bolt|Raging Bolt|100/100|[from] U-turn
|-damage|p1a: Raging Bolt|84/100|[from] Spikes
|move|p2a: Kingambit|Kowtow Cleave|p1a: Raging Bolt
|-damage|p1a: Raging Bolt|24/100
|
|upkeep
|turn|14
|
|t:|1779621083
|move|p1a: Raging Bolt|Thunderclap|p2a: Kingambit
|-damage|p2a: Kingambit|18/100
|move|p2a: Kingambit|Kowtow Cleave|p1a: Raging Bolt
|-damage|p1a: Raging Bolt|0 fnt
|faint|p1a: Raging Bolt
|-end|p1a: Raging Bolt|Protosynthesis|[silent]
|
|upkeep
|
|t:|1779621085
|switch|p1a: Landorus|Landorus-Therian, M|100/100
|-ability|p1a: Landorus|Intimidate|boost
|-unboost|p2a: Kingambit|atk|1
|turn|15
|
|t:|1779621091
|move|p2a: Kingambit|Sucker Punch|p1a: Landorus
|-damage|p1a: Landorus|67/100
|-damage|p2a: Kingambit|1/100|[from] item: Rocky Helmet|[of] p1a: Landorus
|move|p1a: Landorus|Earth Power|p2a: Kingambit
|-supereffective|p2a: Kingambit
|-crit|p2a: Kingambit
|-damage|p2a: Kingambit|0 fnt
|faint|p2a: Kingambit
|-end|p2a: Kingambit|fallen3|[silent]
|
|upkeep
|
|t:|1779621093
|switch|p2a: Iron Valiant|Iron Valiant|84/100
|-damage|p2a: Iron Valiant|67/100|[from] Spikes
|-damage|p2a: Iron Valiant|61/100|[from] Stealth Rock
|turn|16
|
|t:|1779621097
|move|p2a: Iron Valiant|Moonblast|p1a: Landorus
|-damage|p1a: Landorus|26/100
|move|p1a: Landorus|Earth Power|p2a: Iron Valiant
|-crit|p2a: Iron Valiant
|-damage|p2a: Iron Valiant|0 fnt
|faint|p2a: Iron Valiant
|-end|p2a: Iron Valiant|Quark Drive|[silent]
|
|upkeep
|
|t:|1779621100
|switch|p2a: Reuniclus|Reuniclus, F|100/100
|turn|17
|
|t:|1779621103
|move|p1a: Landorus|Taunt|p2a: Reuniclus
|-start|p2a: Reuniclus|move: Taunt
|move|p2a: Reuniclus|Psychic Noise|p1a: Landorus
|-damage|p1a: Landorus|0 fnt
|faint|p1a: Landorus
|
|win|mieldrain
|raw|FiiFiFoFum's rating: 1482 &rarr; <strong>1472</strong><br />(-10 for losing)
|raw|mieldrain's rating: 1674 &rarr; <strong>1684</strong><br />(+10 for winning)
|l|☆FiiFiFoFum
|player|p1|
|l|☆mieldrain
|player|p2|
