|j|☆ArcherTheDon
|j|☆Kogasscarf
|t:|1779599867
|gametype|singles
|player|p1|ArcherTheDon|marshal|1434
|player|p2|Kogasscarf|koga|1389
|gen|9
|tier|[Gen 9] OU
|rated|
|rule|HP Percentage Mod: HP is shown in percentages
|rule|Endless Battle Clause: Forcing endless battles is banned
|rule|Species Clause: Limit one of each Pokémon
|rule|OHKO Clause: OHKO moves are banned
|rule|Evasion Items Clause: Evasion items are banned
|rule|Evasion Moves Clause: Evasion moves are banned
|rule|Evasion Abilities Clause: Evasion abilities are banned
|rule|Sleep Moves Clause: Sleep-inducing moves are banned
|clearpoke
|poke|p1|Dondozo, M|
|poke|p1|Great Tusk|
|poke|p1|Sinistcha|
|poke|p1|Ting-Lu|
|poke|p1|Glimmora, M|
|poke|p1|Scizor, M|
|poke|p2|Zamazenta-*|
|poke|p2|Weavile, M|
|poke|p2|Enamorus, F|
|poke|p2|Cinderace, F|
|poke|p2|Latias, F|
|poke|p2|Iron Treads|
|teampreview
|inactive|Battle timer is ON: inactive players will automatically lose when time's up. (requested by Kogasscarf)
|
|t:|1779599894
|teamsize|p1|6
|teamsize|p2|6
|start
|switch|p1a: Glimmora|Glimmora, M|100/100
|switch|p2a: Cinderace|Cinderace, F|100/100
|turn|1
|
|t:|1779599899
|move|p2a: Cinderace|U-turn|p1a: Glimmora
|-start|p2a: Cinderace|typechange|Bug|[from] ability: Libero
|-resisted|p1a: Glimmora
|-damage|p1a: Glimmora|79/100
|-activate|p1a: Glimmora|ability: Toxic Debris
|-sidestart|p2: Kogasscarf|move: Toxic Spikes
|
|t:|1779599904
|switch|p2a: Iron Treads|Iron Treads|100/100|[from] U-turn
|move|p1a: Glimmora|Power Gem|p2a: Iron Treads
|-resisted|p2a: Iron Treads
|-damage|p2a: Iron Treads|85/100
|
|upkeep
|turn|2
|
|t:|1779599911
|move|p2a: Iron Treads|Volt Switch|p1a: Glimmora
|-damage|p1a: Glimmora|54/100
|
|t:|1779599918
|-end|p2a: Iron Treads|Quark Drive|[silent]
|switch|p2a: Cinderace|Cinderace, F|100/100|[from] Volt Switch
|move|p1a: Glimmora|Earth Power|p2a: Cinderace
|-supereffective|p2a: Cinderace
|-damage|p2a: Cinderace|11/100
|
|upkeep
|turn|3
|
|t:|1779599928
|move|p2a: Cinderace|U-turn|p1a: Glimmora
|-start|p2a: Cinderace|typechange|Bug|[from] ability: Libero
|-resisted|p1a: Glimmora
|-damage|p1a: Glimmora|35/100
|-activate|p1a: Glimmora|ability: Toxic Debris
|-sidestart|p2: Kogasscarf|move: Toxic Spikes
|
|t:|1779599936
|switch|p2a: Latias|Latias, F|100/100|[from] U-turn
|move|p1a: Glimmora|Power Gem|p2a: Latias
|-damage|p2a: Latias|62/100
|
|upkeep
|turn|4
|
|t:|1779599947
|switch|p1a: Ting-Lu|Ting-Lu|100/100
|-ability|p1a: Ting-Lu|Vessel of Ruin
|move|p2a: Latias|Mist Ball|p1a: Ting-Lu
|-immune|p1a: Ting-Lu
|
|upkeep
|turn|5
|
|t:|1779599955
|switch|p2a: Iron Treads|Iron Treads|85/100
|move|p1a: Ting-Lu|Payback|p2a: Iron Treads
|-damage|p2a: Iron Treads|67/100
|
|upkeep
|turn|6
|
|t:|1779599964
|switch|p1a: Sinistcha|Sinistcha|100/100
|move|p2a: Iron Treads|Stealth Rock|p1a: Sinistcha
|-sidestart|p1: ArcherTheDon|move: Stealth Rock
|
|upkeep
|turn|7
|
|t:|1779599969
|move|p2a: Iron Treads|Steel Beam|p1a: Sinistcha|[miss]
|-miss|p2a: Iron Treads|p1a: Sinistcha
|-damage|p2a: Iron Treads|16/100|[from] steelbeam
|move|p1a: Sinistcha|Shadow Ball|p2a: Iron Treads
|-damage|p2a: Iron Treads|0 fnt
|faint|p2a: Iron Treads
|-end|p2a: Iron Treads|Quark Drive|[silent]
|
|upkeep
|
|t:|1779599983
|switch|p2a: Cinderace|Cinderace, F|11/100
|turn|8
|
|t:|1779599990
|switch|p1a: Great Tusk|Great Tusk|100/100
|move|p2a: Cinderace|Court Change|p2a: Cinderace
|-start|p2a: Cinderace|typechange|Normal|[from] ability: Libero
|-swapsideconditions
|-activate|p2a: Cinderace|move: Court Change
|
|upkeep
|turn|9
|
|t:|1779599996
|move|p2a: Cinderace|Will-O-Wisp|p1a: Great Tusk
|-status|p1a: Great Tusk|brn
|move|p1a: Great Tusk|Rapid Spin|p2a: Cinderace
|-damage|p2a: Cinderace|0 fnt
|-boost|p1a: Great Tusk|spe|1
|-sideend|p1: ArcherTheDon|Toxic Spikes|[from] move: Rapid Spin|[of] p1a: Great Tusk
|faint|p2a: Cinderace
|
|-damage|p1a: Great Tusk|94/100 brn|[from] brn
|upkeep
|
|t:|1779600012
|switch|p2a: Latias|Latias, F|62/100
|-damage|p2a: Latias|50/100|[from] Stealth Rock
|turn|10
|
|t:|1779600018
|-end|p1a: Great Tusk|Protosynthesis|[silent]
|switch|p1a: Ting-Lu|Ting-Lu|100/100
|-ability|p1a: Ting-Lu|Vessel of Ruin
|move|p2a: Latias|Calm Mind|p2a: Latias
|-boost|p2a: Latias|spa|1
|-boost|p2a: Latias|spd|1
|
|upkeep
|turn|11
|
|t:|1779600023
|move|p2a: Latias|Aura Sphere|p1a: Ting-Lu
|-supereffective|p1a: Ting-Lu
|-damage|p1a: Ting-Lu|71/100
|move|p1a: Ting-Lu|Payback|p2a: Latias
|-supereffective|p2a: Latias
|-damage|p2a: Latias|0 fnt
|faint|p2a: Latias
|
|-heal|p1a: Ting-Lu|77/100|[from] item: Leftovers
|upkeep
|
|t:|1779600045
|switch|p2a: Weavile|Weavile, M, shiny|100/100
|-damage|p2a: Weavile|76/100|[from] Stealth Rock
|-ability|p2a: Weavile|Pressure
|turn|12
|
|t:|1779600050
|switch|p1a: Glimmora|Glimmora, M|35/100
|move|p2a: Weavile|Knock Off|p1a: Glimmora
|-damage|p1a: Glimmora|0 fnt
|-activate|p1a: Glimmora|ability: Toxic Debris
|-sidestart|p2: Kogasscarf|move: Toxic Spikes
|-enditem|p1a: Glimmora|Focus Sash|[from] move: Knock Off|[of] p2a: Weavile
|faint|p1a: Glimmora
|
|upkeep
|
|t:|1779600060
|switch|p1a: Sinistcha|Sinistcha|100/100
|turn|13
|
|t:|1779600076
|-terastallize|p1a: Sinistcha|Water
|move|p2a: Weavile|Knock Off|p1a: Sinistcha
|-damage|p1a: Sinistcha|47/100
|-enditem|p1a: Sinistcha|Leftovers|[from] move: Knock Off|[of] p2a: Weavile
|move|p1a: Sinistcha|Calm Mind|p1a: Sinistcha
|-boost|p1a: Sinistcha|spa|1
|-boost|p1a: Sinistcha|spd|1
|
|upkeep
|turn|14
|
|t:|1779600083
|switch|p2a: Enamorus|Enamorus, F|100/100
|-damage|p2a: Enamorus|76/100|[from] Stealth Rock
|move|p1a: Sinistcha|Strength Sap|p2a: Enamorus
|-unboost|p2a: Enamorus|atk|1
|-heal|p1a: Sinistcha|100/100
|
|upkeep
|turn|15
|
|t:|1779600092
|move|p2a: Enamorus|Calm Mind|p2a: Enamorus
|-boost|p2a: Enamorus|spa|1
|-boost|p2a: Enamorus|spd|1
|move|p1a: Sinistcha|Matcha Gotcha|p2a: Enamorus
|-resisted|p2a: Enamorus
|-damage|p2a: Enamorus|54/100
|
|upkeep
|turn|16
|
|t:|1779600099
|move|p2a: Enamorus|Moonblast|p1a: Sinistcha
|-crit|p1a: Sinistcha
|-damage|p1a: Sinistcha|0 fnt
|faint|p1a: Sinistcha
|
|upkeep
|
|t:|1779600102
|switch|p1a: Scizor|Scizor, M|100/100
|turn|17
|
|t:|1779600106
|-terastallize|p2a: Enamorus|Ground
|move|p1a: Scizor|Bullet Punch|p2a: Enamorus
|-damage|p2a: Enamorus|0 fnt
|faint|p2a: Enamorus
|
|upkeep
|c|☆Kogasscarf|If I somehow lived I had a chance I think
|c|☆Kogasscarf|ggs
|
|t:|1779600130
|switch|p2a: Zamazenta|Zamazenta|100/100
|-damage|p2a: Zamazenta|94/100|[from] Stealth Rock
|-status|p2a: Zamazenta|psn
|-ability|p2a: Zamazenta|Dauntless Shield|boost
|-boost|p2a: Zamazenta|def|1
|turn|18
|
|t:|1779600135
|switch|p1a: Dondozo|Dondozo, M|100/100
|move|p2a: Zamazenta|Iron Defense|p2a: Zamazenta
|-boost|p2a: Zamazenta|def|2
|
|-heal|p2a: Zamazenta|100/100 psn|[from] item: Leftovers
|-damage|p2a: Zamazenta|88/100 psn|[from] psn
|upkeep
|turn|19
|
|t:|1779600141
|move|p2a: Zamazenta|Body Press|p1a: Dondozo
|-damage|p1a: Dondozo|83/100
|move|p1a: Dondozo|Curse|p1a: Dondozo
|-unboost|p1a: Dondozo|spe|1
|-boost|p1a: Dondozo|atk|1
|-boost|p1a: Dondozo|def|1
|
|-heal|p2a: Zamazenta|94/100 psn|[from] item: Leftovers
|-heal|p1a: Dondozo|89/100|[from] item: Leftovers
|-damage|p2a: Zamazenta|82/100 psn|[from] psn
|upkeep
|turn|20
|
|t:|1779600148
|switch|p2a: Weavile|Weavile, M, shiny|76/100
|-damage|p2a: Weavile|51/100|[from] Stealth Rock
|-status|p2a: Weavile|psn
|-ability|p2a: Weavile|Pressure
|move|p1a: Dondozo|Curse|p1a: Dondozo
|-unboost|p1a: Dondozo|spe|1
|-boost|p1a: Dondozo|atk|1
|-boost|p1a: Dondozo|def|1
|
|-heal|p1a: Dondozo|95/100|[from] item: Leftovers
|-damage|p2a: Weavile|38/100 psn|[from] psn
|upkeep
|turn|21
|
|t:|1779600157
|move|p2a: Weavile|Knock Off|p1a: Dondozo
|-damage|p1a: Dondozo|79/100
|-enditem|p1a: Dondozo|Leftovers|[from] move: Knock Off|[of] p2a: Weavile
|move|p1a: Dondozo|Curse|p1a: Dondozo
|-unboost|p1a: Dondozo|spe|1
|-boost|p1a: Dondozo|atk|1
|-boost|p1a: Dondozo|def|1
|
|-damage|p2a: Weavile|26/100 psn|[from] psn
|upkeep
|turn|22
|
|t:|1779600162
|move|p2a: Weavile|Knock Off|p1a: Dondozo
|-damage|p1a: Dondozo|72/100
|move|p1a: Dondozo|Waterfall|p2a: Weavile
|-damage|p2a: Weavile|0 fnt
|faint|p2a: Weavile
|
|upkeep
|
|t:|1779600165
|switch|p2a: Zamazenta|Zamazenta|82/100 psn
|-damage|p2a: Zamazenta|76/100 psn|[from] Stealth Rock
|turn|23
|
|t:|1779600168
|move|p2a: Zamazenta|Body Press|p1a: Dondozo
|-damage|p1a: Dondozo|64/100
|move|p1a: Dondozo|Waterfall|p2a: Zamazenta
|-damage|p2a: Zamazenta|29/100 psn
|
|-heal|p2a: Zamazenta|35/100 psn|[from] item: Leftovers
|-damage|p2a: Zamazenta|23/100 psn|[from] psn
|upkeep
|turn|24
|
|t:|1779600175
|move|p2a: Zamazenta|Body Press|p1a: Dondozo
|-damage|p1a: Dondozo|57/100
|move|p1a: Dondozo|Waterfall|p2a: Zamazenta
|-damage|p2a: Zamazenta|0 fnt
|faint|p2a: Zamazenta
|
|win|ArcherTheDon
|raw|ArcherTheDon's rating: 1434 &rarr; <strong>1451</strong><br />(+17 for winning)
|raw|Kogasscarf's rating: 1389 &rarr; <strong>1372</strong><br />(-17 for losing)
|l|☆ArcherTheDon
|player|p1|
|l|☆Kogasscarf
|player|p2|
