|j|☆choispecs ironmoth
|j|☆Nat889
|t:|1779600674
|gametype|singles
|player|p1|choispecs ironmoth|lucas|1604
|player|p2|Nat889|miku-ghost|1605
|gen|9
|tier|[Gen 9] OU
|rated|
|rule|HP Percentage Mod: HP is shown in percentages
|rule|Endless Battle Clause: Forcing endless battles is banned
|rule|Species Clause: Limit one of each Pokémon
|rule|OHKO Clause: OHKO moves are banned
|rule|Evasion Items Clause: Evasion items are banned
|rule|Evasion Moves Clause: Evasion moves are banned
|rule|Evasion Abilities Clause: Evasion abilities are banned
|rule|Sleep Moves Clause: Sleep-inducing moves are banned
|clearpoke
|poke|p1|Kyurem|
|poke|p1|Cinderace, M|
|poke|p1|Kingambit, M|
|poke|p1|Landorus-Therian, M|
|poke|p1|Iron Valiant|
|poke|p1|Slowking-Galar, F|
|poke|p2|Hoopa|
|poke|p2|Cinderace, M|
|poke|p2|Mandibuzz, F|
|poke|p2|Kyurem|
|poke|p2|Ting-Lu|
|poke|p2|Manaphy|
|teampreview
|
|t:|1779600688
|teamsize|p1|6
|teamsize|p2|6
|start
|switch|p1a: Cinderace|Cinderace, M|100/100
|switch|p2a: Kyurem|Kyurem|100/100
|-ability|p2a: Kyurem|Pressure
|turn|1
|
|t:|1779600700
|move|p2a: Kyurem|Draco Meteor|p1a: Cinderace
|-damage|p1a: Cinderace|0 fnt
|-unboost|p2a: Kyurem|spa|2
|faint|p1a: Cinderace
|
|upkeep
|
|t:|1779600708
|switch|p1a: Slowking|Slowking-Galar, F|100/100
|turn|2
|
|t:|1779600714
|switch|p2a: Ting-Lucifer|Ting-Lu|100/100
|-ability|p2a: Ting-Lucifer|Vessel of Ruin
|-prepare|p1a: Slowking|Chilly Reception|[premajor]
|move|p1a: Slowking|Chilly Reception|p1a: Slowking
|-weather|Snowscape
|
|t:|1779600717
|switch|p1a: Kyurem|Kyurem|100/100|[from] Chilly Reception
|-ability|p1a: Kyurem|Pressure
|
|-weather|Snowscape|[upkeep]
|upkeep
|turn|3
|
|t:|1779600729
|move|p1a: Kyurem|Blizzard|p2a: Ting-Lucifer
|-supereffective|p2a: Ting-Lucifer
|-damage|p2a: Ting-Lucifer|32/100
|-enditem|p2a: Ting-Lucifer|Weakness Policy
|-boost|p2a: Ting-Lucifer|atk|2|[from] item: Weakness Policy
|-boost|p2a: Ting-Lucifer|spa|2|[from] item: Weakness Policy
|move|p2a: Ting-Lucifer|Stone Edge|p1a: Kyurem
|-supereffective|p1a: Kyurem
|-damage|p1a: Kyurem|30/100
|
|-weather|Snowscape|[upkeep]
|upkeep
|turn|4
|
|t:|1779600748
|move|p1a: Kyurem|Blizzard|p2a: Ting-Lucifer
|-supereffective|p2a: Ting-Lucifer
|-damage|p2a: Ting-Lucifer|0 fnt
|faint|p2a: Ting-Lucifer
|
|-weather|Snowscape|[upkeep]
|upkeep
|j| crust king kahn
|
|t:|1779600768
|switch|p2a: Cinderace|Cinderace, M|100/100
|turn|5
|
|t:|1779600773
|move|p2a: Cinderace|Pyro Ball|p1a: Kyurem
|-damage|p1a: Kyurem|0 fnt
|faint|p1a: Kyurem
|
|-weather|Snowscape|[upkeep]
|upkeep
|
|t:|1779600777
|switch|p1a: Landorus|Landorus-Therian, M|100/100
|-ability|p1a: Landorus|Intimidate|boost
|-unboost|p2a: Cinderace|atk|1
|turn|6
|
|t:|1779600781
|move|p2a: Cinderace|U-turn|p1a: Landorus
|-start|p2a: Cinderace|typechange|Bug|[from] ability: Libero
|-resisted|p1a: Landorus
|-damage|p1a: Landorus|91/100
|-damage|p2a: Cinderace|84/100|[from] item: Rocky Helmet|[of] p1a: Landorus
|
|t:|1779600789
|switch|p2a: Mandibuzz|Mandibuzz, F, shiny|100/100|[from] U-turn
|move|p1a: Landorus|Rock Tomb|p2a: Mandibuzz
|-supereffective|p2a: Mandibuzz
|-damage|p2a: Mandibuzz|79/100
|-unboost|p2a: Mandibuzz|spe|1
|
|-weather|none
|upkeep
|turn|7
|
|t:|1779600797
|move|p1a: Landorus|Taunt|p2a: Mandibuzz
|-start|p2a: Mandibuzz|move: Taunt
|cant|p2a: Mandibuzz|move: Taunt|Toxic
|
|upkeep
|turn|8
|
|t:|1779600807
|switch|p2a: Manaphy|Manaphy|100/100
|move|p1a: Landorus|Rock Tomb|p2a: Manaphy
|-damage|p2a: Manaphy|85/100
|-unboost|p2a: Manaphy|spe|1
|
|-heal|p2a: Manaphy|91/100|[from] item: Leftovers
|upkeep
|turn|9
|
|t:|1779600820
|move|p1a: Landorus|U-turn|p2a: Manaphy
|-damage|p2a: Manaphy|74/100
|
|t:|1779600823
|switch|p1a: Slowking|Slowking-Galar, F|100/100|[from] U-turn
|move|p2a: Manaphy|Scald|p1a: Slowking
|-damage|p1a: Slowking|83/100
|
|-heal|p2a: Manaphy|80/100|[from] item: Leftovers
|upkeep
|turn|10
|inactive|Battle timer is ON: inactive players will automatically lose when time's up. (requested by choispecs ironmoth)
|
|t:|1779600835
|switch|p2a: Hoopa|Hoopa|100/100
|move|p1a: Slowking|Thunder Wave|p2a: Hoopa|[miss]
|-miss|p1a: Slowking|p2a: Hoopa
|
|upkeep
|turn|11
|
|t:|1779600840
|move|p2a: Hoopa|Substitute|p2a: Hoopa
|-start|p2a: Hoopa|Substitute
|-damage|p2a: Hoopa|75/100
|move|p1a: Slowking|Thunder Wave|p2a: Hoopa|[miss]
|-miss|p1a: Slowking|p2a: Hoopa
|
|upkeep
|turn|12
|
|t:|1779600847
|move|p2a: Hoopa|Shadow Ball|p1a: Slowking
|-supereffective|p1a: Slowking
|-damage|p1a: Slowking|21/100
|move|p1a: Slowking|Sludge Bomb|p2a: Hoopa
|-resisted|p2a: Hoopa
|-activate|p2a: Hoopa|move: Substitute|[damage]
|
|upkeep
|turn|13
|
|t:|1779600853
|switch|p1a: Kingambit|Kingambit, M|100/100
|-activate|p1a: Kingambit|ability: Supreme Overlord
|-start|p1a: Kingambit|fallen2|[silent]
|move|p2a: Hoopa|Shadow Ball|p1a: Kingambit
|-resisted|p1a: Kingambit
|-damage|p1a: Kingambit|73/100
|
|-heal|p1a: Kingambit|79/100|[from] item: Leftovers
|upkeep
|turn|14
|
|t:|1779600862
|move|p2a: Hoopa|Focus Blast|p1a: Kingambit|[miss]
|-miss|p2a: Hoopa|p1a: Kingambit
|move|p1a: Kingambit|Kowtow Cleave|p2a: Hoopa
|-supereffective|p2a: Hoopa
|-end|p2a: Hoopa|Substitute
|
|-heal|p1a: Kingambit|85/100|[from] item: Leftovers
|upkeep
|turn|15
|
|t:|1779600870
|-terastallize|p1a: Kingambit|Flying
|move|p2a: Hoopa|Substitute|p2a: Hoopa
|-start|p2a: Hoopa|Substitute
|-damage|p2a: Hoopa|50/100
|move|p1a: Kingambit|Kowtow Cleave|p2a: Hoopa
|-supereffective|p2a: Hoopa
|-end|p2a: Hoopa|Substitute
|
|-heal|p1a: Kingambit|91/100|[from] item: Leftovers
|upkeep
|turn|16
|
|t:|1779600879
|move|p2a: Hoopa|Substitute|p2a: Hoopa
|-start|p2a: Hoopa|Substitute
|-damage|p2a: Hoopa|25/100
|-enditem|p2a: Hoopa|Aguav Berry|[eat]
|-heal|p2a: Hoopa|59/100|[from] item: Aguav Berry
|move|p1a: Kingambit|Kowtow Cleave|p2a: Hoopa
|-supereffective|p2a: Hoopa
|-crit|p2a: Hoopa
|-end|p2a: Hoopa|Substitute
|
|-heal|p1a: Kingambit|98/100|[from] item: Leftovers
|upkeep
|turn|17
|
|t:|1779600892
|switch|p2a: Mandibuzz|Mandibuzz, F, shiny|79/100
|move|p1a: Kingambit|Kowtow Cleave|p2a: Mandibuzz
|-resisted|p2a: Mandibuzz
|-damage|p2a: Mandibuzz|63/100
|-damage|p1a: Kingambit|81/100|[from] item: Rocky Helmet|[of] p2a: Mandibuzz
|
|-heal|p1a: Kingambit|87/100|[from] item: Leftovers
|upkeep
|turn|18
|
|t:|1779600902
|-end|p1a: Kingambit|fallen2|[silent]
|switch|p1a: Slowking|Slowking-Galar, F|54/100
|move|p2a: Mandibuzz|Foul Play|p1a: Slowking
|-supereffective|p1a: Slowking
|-damage|p1a: Slowking|13/100
|
|upkeep
|turn|19
|
|t:|1779600911
|switch|p1a: Landorus|Landorus-Therian, M|91/100
|-ability|p1a: Landorus|Intimidate|boost
|-unboost|p2a: Mandibuzz|atk|1
|move|p2a: Mandibuzz|Foul Play|p1a: Landorus
|-damage|p1a: Landorus|52/100
|-damage|p2a: Mandibuzz|46/100|[from] item: Rocky Helmet|[of] p1a: Landorus
|
|upkeep
|turn|20
|
|t:|1779600918
|move|p1a: Landorus|Rock Tomb|p2a: Mandibuzz
|-supereffective|p2a: Mandibuzz
|-damage|p2a: Mandibuzz|26/100
|-unboost|p2a: Mandibuzz|spe|1
|move|p2a: Mandibuzz|Roost|p2a: Mandibuzz
|-heal|p2a: Mandibuzz|76/100
|-singleturn|p2a: Mandibuzz|move: Roost
|
|upkeep
|turn|21
|
|t:|1779600929
|switch|p2a: Manaphy|Manaphy|80/100
|move|p1a: Landorus|Taunt|p2a: Manaphy
|-start|p2a: Manaphy|move: Taunt
|
|-heal|p2a: Manaphy|86/100|[from] item: Leftovers
|upkeep
|turn|22
|
|t:|1779600941
|move|p2a: Manaphy|Scald|p1a: Landorus
|-supereffective|p1a: Landorus
|-damage|p1a: Landorus|0 fnt
|faint|p1a: Landorus
|
|-heal|p2a: Manaphy|92/100|[from] item: Leftovers
|upkeep
|
|t:|1779600947
|switch|p1a: Iron Valiant|Iron Valiant|100/100
|-enditem|p1a: Iron Valiant|Booster Energy
|-activate|p1a: Iron Valiant|ability: Quark Drive|[fromitem]
|-start|p1a: Iron Valiant|quarkdrivespe
|turn|23
|
|t:|1779600962
|-terastallize|p2a: Manaphy|Poison
|move|p1a: Iron Valiant|Calm Mind|p1a: Iron Valiant
|-boost|p1a: Iron Valiant|spa|1
|-boost|p1a: Iron Valiant|spd|1
|move|p2a: Manaphy|Alluring Voice|p1a: Iron Valiant
|-supereffective|p1a: Iron Valiant
|-damage|p1a: Iron Valiant|56/100
|-start|p1a: Iron Valiant|confusion
|
|-heal|p2a: Manaphy|98/100|[from] item: Leftovers
|-end|p2a: Manaphy|move: Taunt
|upkeep
|turn|24
|
|t:|1779600976
|-activate|p1a: Iron Valiant|confusion
|move|p1a: Iron Valiant|Shadow Ball|p2a: Manaphy
|-damage|p2a: Manaphy|67/100
|-unboost|p2a: Manaphy|spd|1
|move|p2a: Manaphy|Take Heart|p2a: Manaphy
|-boost|p2a: Manaphy|spa|1
|-boost|p2a: Manaphy|spd|1
|
|-heal|p2a: Manaphy|74/100|[from] item: Leftovers
|upkeep
|turn|25
|
|t:|1779600986
|-activate|p1a: Iron Valiant|confusion
|move|p1a: Iron Valiant|Encore|p2a: Manaphy
|-start|p2a: Manaphy|Encore
|move|p2a: Manaphy|Take Heart|p2a: Manaphy
|-boost|p2a: Manaphy|spa|1
|-boost|p2a: Manaphy|spd|1
|
|-heal|p2a: Manaphy|80/100|[from] item: Leftovers
|upkeep
|turn|26
|
|t:|1779600999
|switch|p2a: Hoopa|Hoopa|59/100
|-activate|p1a: Iron Valiant|confusion
|move|p1a: Iron Valiant|Calm Mind|p1a: Iron Valiant
|-boost|p1a: Iron Valiant|spa|1
|-boost|p1a: Iron Valiant|spd|1
|
|upkeep
|turn|27
|
|t:|1779601005
|-activate|p1a: Iron Valiant|confusion
|move|p1a: Iron Valiant|Moonblast|p2a: Hoopa
|-damage|p2a: Hoopa|0 fnt
|faint|p2a: Hoopa
|
|upkeep
|
|t:|1779601009
|switch|p2a: Manaphy|Manaphy, tera:Poison|80/100
|turn|28
|
|t:|1779601013
|-end|p1a: Iron Valiant|confusion
|move|p1a: Iron Valiant|Shadow Ball|p2a: Manaphy
|-damage|p2a: Manaphy|33/100
|move|p2a: Manaphy|Alluring Voice|p1a: Iron Valiant
|-supereffective|p1a: Iron Valiant
|-damage|p1a: Iron Valiant|19/100
|
|-heal|p2a: Manaphy|40/100|[from] item: Leftovers
|upkeep
|turn|29
|
|t:|1779601026
|move|p1a: Iron Valiant|Shadow Ball|p2a: Manaphy
|-damage|p2a: Manaphy|0 fnt
|faint|p2a: Manaphy
|
|upkeep
|
|t:|1779601031
|switch|p2a: Cinderace|Cinderace, M|84/100
|turn|30
|
|t:|1779601035
|move|p1a: Iron Valiant|Shadow Ball|p2a: Cinderace
|-damage|p2a: Cinderace|7/100
|move|p2a: Cinderace|Pyro Ball|p1a: Iron Valiant|[miss]
|-miss|p2a: Cinderace|p1a: Iron Valiant
|
|upkeep
|turn|31
|c|☆Nat889|FUUUUUCCK
|
|t:|1779601045
|move|p1a: Iron Valiant|Shadow Ball|p2a: Cinderace
|-damage|p2a: Cinderace|0 fnt
|faint|p2a: Cinderace
|
|upkeep
|c|☆choispecs ironmoth|Mb
|c|☆Nat889|its whatever
|
|t:|1779601059
|switch|p2a: Mandibuzz|Mandibuzz, F, shiny|76/100
|turn|32
|
|t:|1779601064
|move|p1a: Iron Valiant|Moonblast|p2a: Mandibuzz
|-supereffective|p2a: Mandibuzz
|-damage|p2a: Mandibuzz|0 fnt
|faint|p2a: Mandibuzz
|
|upkeep
|
|t:|1779601070
|switch|p2a: Kyurem|Kyurem|100/100
|-ability|p2a: Kyurem|Pressure
|turn|33
|
|t:|1779601077
|move|p1a: Iron Valiant|Moonblast|p2a: Kyurem
|-supereffective|p2a: Kyurem
|-damage|p2a: Kyurem|0 fnt
|faint|p2a: Kyurem
|
|win|choispecs ironmoth
|raw|choispecs ironmoth's rating: 1604 &rarr; <strong>1624</strong><br />(+20 for winning)
|raw|Nat889's rating: 1605 &rarr; <strong>1585</strong><br />(-20 for losing)
|c|☆Nat889|gg
|c|☆choispecs ironmoth|Gg
|l|☆Nat889
|player|p2|
