|j|☆Darcy LeStrade
|j|☆claudechamp
|t:|1779576855
|gametype|singles
|player|p1|Darcy LeStrade|marley|1229
|player|p2|claudechamp|101|1238
|gen|9
|tier|[Gen 9] OU
|rated|
|rule|HP Percentage Mod: HP is shown in percentages
|rule|Endless Battle Clause: Forcing endless battles is banned
|rule|Species Clause: Limit one of each Pokémon
|rule|OHKO Clause: OHKO moves are banned
|rule|Evasion Items Clause: Evasion items are banned
|rule|Evasion Moves Clause: Evasion moves are banned
|rule|Evasion Abilities Clause: Evasion abilities are banned
|rule|Sleep Moves Clause: Sleep-inducing moves are banned
|clearpoke
|poke|p1|Primarina, M|
|poke|p1|Corviknight, F|
|poke|p1|Hatterene, F|
|poke|p1|Meowscarada, M|
|poke|p1|Hydreigon, M|
|poke|p1|Gastrodon, M|
|poke|p2|Gliscor, M|
|poke|p2|Ogerpon, F|
|poke|p2|Walking Wake|
|poke|p2|Blissey, F|
|poke|p2|Corviknight, F|
|poke|p2|Pecharunt|
|teampreview
|c|☆claudechamp|hf
|inactive|Battle timer is ON: inactive players will automatically lose when time's up. (requested by claudechamp)
|
|t:|1779576865
|teamsize|p1|6
|teamsize|p2|6
|start
|switch|p1a: Madamme|Corviknight, F, shiny|100/100
|switch|p2a: Gliscor|Gliscor, M|100/100
|turn|1
|
|t:|1779576882
|switch|p1a: Astrology Witch|Hatterene, F, shiny|100/100
|move|p2a: Gliscor|Spikes|p1a: Astrology Witch
|move|p1a: Astrology Witch|Spikes|p2a: Gliscor|[from] ability: Magic Bounce
|-sidestart|p2: claudechamp|Spikes
|
|-status|p2a: Gliscor|tox|[from] item: Toxic Orb
|upkeep
|turn|2
|
|t:|1779576890
|move|p2a: Gliscor|Earthquake|p1a: Astrology Witch
|-damage|p1a: Astrology Witch|61/100
|move|p1a: Astrology Witch|Psychic Noise|p2a: Gliscor
|-damage|p2a: Gliscor|71/100 tox
|-start|p2a: Gliscor|move: Heal Block
|
|upkeep
|turn|3
|
|t:|1779576898
|move|p2a: Gliscor|Earthquake|p1a: Astrology Witch
|-damage|p1a: Astrology Witch|27/100
|move|p1a: Astrology Witch|Draining Kiss|p2a: Gliscor
|-damage|p2a: Gliscor|52/100 tox
|-heal|p1a: Astrology Witch|42/100|[from] drain|[of] p2a: Gliscor
|
|-end|p2a: Gliscor|move: Heal Block
|upkeep
|turn|4
|
|t:|1779576907
|switch|p1a: Hydreigon|Hydreigon, M|100/100
|move|p2a: Gliscor|Earthquake|p1a: Hydreigon
|-immune|p1a: Hydreigon|[from] ability: Levitate
|
|-heal|p2a: Gliscor|65/100 tox|[from] ability: Poison Heal
|upkeep
|turn|5
|
|t:|1779576915
|move|p1a: Hydreigon|Dragon Dance|p1a: Hydreigon
|-boost|p1a: Hydreigon|atk|1
|-boost|p1a: Hydreigon|spe|1
|move|p2a: Gliscor|Spikes|p1a: Hydreigon
|-sidestart|p1: Darcy LeStrade|Spikes
|
|-heal|p2a: Gliscor|77/100 tox|[from] ability: Poison Heal
|upkeep
|turn|6
|
|t:|1779576922
|switch|p2a: Blissey|Blissey, F|100/100
|move|p1a: Hydreigon|Dragon Dance|p1a: Hydreigon
|-boost|p1a: Hydreigon|atk|1
|-boost|p1a: Hydreigon|spe|1
|
|upkeep
|turn|7
|
|t:|1779576928
|move|p1a: Hydreigon|Crunch|p2a: Blissey
|-damage|p2a: Blissey|16/100
|move|p2a: Blissey|Seismic Toss|p1a: Hydreigon
|-damage|p1a: Hydreigon|70/100
|-enditem|p1a: Hydreigon|Red Card|[of] p2a: Blissey
|drag|p2a: Gliscor|Gliscor, M|77/100 tox
|
|-heal|p2a: Gliscor|90/100 tox|[from] ability: Poison Heal
|upkeep
|turn|8
|
|t:|1779576937
|move|p1a: Hydreigon|Breaking Swipe|p2a: Gliscor
|-damage|p2a: Gliscor|48/100 tox
|-unboost|p2a: Gliscor|atk|1
|move|p2a: Gliscor|Earthquake|p1a: Hydreigon
|-immune|p1a: Hydreigon|[from] ability: Levitate
|
|-heal|p2a: Gliscor|60/100 tox|[from] ability: Poison Heal
|upkeep
|turn|9
|
|t:|1779576946
|switch|p2a: Blissey|Blissey, F|16/100
|move|p1a: Hydreigon|Crunch|p2a: Blissey
|-damage|p2a: Blissey|0 fnt
|faint|p2a: Blissey
|
|upkeep
|
|t:|1779576957
|switch|p2a: Pecharunt|Pecharunt|100/100
|turn|10
|
|t:|1779576965
|-terastallize|p2a: Pecharunt|Dark
|move|p1a: Hydreigon|Crunch|p2a: Pecharunt
|-resisted|p2a: Pecharunt
|-damage|p2a: Pecharunt|82/100
|move|p2a: Pecharunt|Foul Play|p1a: Hydreigon
|-resisted|p1a: Hydreigon
|-crit|p1a: Hydreigon
|-damage|p1a: Hydreigon|0 fnt
|faint|p1a: Hydreigon
|
|upkeep
|
|t:|1779576973
|switch|p1a: Madamme|Corviknight, F, shiny|100/100
|turn|11
|
|t:|1779576985
|move|p2a: Pecharunt|Recover|p2a: Pecharunt
|-heal|p2a: Pecharunt|100/100
|move|p1a: Madamme|Defog|p2a: Pecharunt
|-unboost|p2a: Pecharunt|evasion|1
|-sideend|p2: claudechamp|Spikes|[from] move: Defog|[of] p1a: Madamme
|-sideend|p1: Darcy LeStrade|Spikes|[from] move: Defog|[of] p1a: Madamme
|
|upkeep
|turn|12
|
|t:|1779576991
|move|p2a: Pecharunt|Foul Play|p1a: Madamme
|-crit|p1a: Madamme
|-damage|p1a: Madamme|72/100
|move|p1a: Madamme|Body Press|p2a: Pecharunt
|-supereffective|p2a: Pecharunt
|-crit|p2a: Pecharunt
|-damage|p2a: Pecharunt|64/100
|
|upkeep
|turn|13
|
|t:|1779576998
|move|p2a: Pecharunt|Recover|p2a: Pecharunt
|-heal|p2a: Pecharunt|100/100
|move|p1a: Madamme|Body Press|p2a: Pecharunt
|-supereffective|p2a: Pecharunt
|-damage|p2a: Pecharunt|75/100
|
|upkeep
|turn|14
|
|t:|1779577005
|move|p2a: Pecharunt|Foul Play|p1a: Madamme
|-damage|p1a: Madamme|56/100
|move|p1a: Madamme|Body Press|p2a: Pecharunt
|-supereffective|p2a: Pecharunt
|-damage|p2a: Pecharunt|51/100
|
|upkeep
|turn|15
|
|t:|1779577011
|move|p2a: Pecharunt|Recover|p2a: Pecharunt
|-heal|p2a: Pecharunt|100/100
|move|p1a: Madamme|Roost|p1a: Madamme
|-heal|p1a: Madamme|100/100
|-singleturn|p1a: Madamme|move: Roost
|
|upkeep
|turn|16
|
|t:|1779577025
|switch|p2a: Gliscor|Gliscor, M|60/100 tox
|switch|p1a: Femboy Singer|Primarina, M, shiny|100/100
|
|-heal|p2a: Gliscor|73/100 tox|[from] ability: Poison Heal
|upkeep
|turn|17
|
|t:|1779577032
|move|p2a: Gliscor|Earthquake|p1a: Femboy Singer
|-damage|p1a: Femboy Singer|63/100
|move|p1a: Femboy Singer|Sparkling Aria|p2a: Gliscor
|-supereffective|p2a: Gliscor
|-crit|p2a: Gliscor
|-damage|p2a: Gliscor|0 fnt
|faint|p2a: Gliscor
|
|-heal|p1a: Femboy Singer|69/100|[from] item: Leftovers
|upkeep
|
|t:|1779577039
|switch|p2a: Ogerpon|Ogerpon, F|100/100
|turn|18
|
|t:|1779577047
|switch|p1a: Madamme|Corviknight, F, shiny|100/100
|move|p2a: Ogerpon|Ivy Cudgel|p1a: Madamme
|-resisted|p1a: Madamme
|-damage|p1a: Madamme|93/100
|
|upkeep
|turn|19
|
|t:|1779577053
|move|p2a: Ogerpon|U-turn|p1a: Madamme
|-resisted|p1a: Madamme
|-damage|p1a: Madamme|90/100
|
|t:|1779577057
|switch|p2a: Pecharunt|Pecharunt, tera:Dark|100/100|[from] U-turn
|move|p1a: Madamme|U-turn|p2a: Pecharunt
|-supereffective|p2a: Pecharunt
|-damage|p2a: Pecharunt|87/100
|
|t:|1779577063
|switch|p1a: Astrology Witch|Hatterene, F, shiny|42/100|[from] U-turn
|
|upkeep
|turn|20
|
|t:|1779577076
|move|p2a: Pecharunt|Malignant Chain|p1a: Astrology Witch
|-supereffective|p1a: Astrology Witch
|-damage|p1a: Astrology Witch|11/100
|move|p1a: Astrology Witch|Nuzzle|p2a: Pecharunt
|-damage|p2a: Pecharunt|85/100
|-status|p2a: Pecharunt|par
|
|upkeep
|turn|21
|
|t:|1779577085
|switch|p1a: Madamme|Corviknight, F, shiny|90/100
|move|p2a: Pecharunt|Malignant Chain|p1a: Madamme
|-immune|p1a: Madamme
|
|upkeep
|turn|22
|
|t:|1779577094
|move|p1a: Madamme|U-turn|p2a: Pecharunt
|-supereffective|p2a: Pecharunt
|-damage|p2a: Pecharunt|72/100 par
|
|t:|1779577100
|switch|p1a: Gastrodon|Gastrodon, M|100/100|[from] U-turn
|move|p2a: Pecharunt|Recover|p2a: Pecharunt
|-heal|p2a: Pecharunt|100/100 par
|
|upkeep
|turn|23
|
|t:|1779577106
|move|p1a: Gastrodon|Ice Beam|p2a: Pecharunt
|-crit|p2a: Pecharunt
|-damage|p2a: Pecharunt|57/100 par
|move|p2a: Pecharunt|Parting Shot|p1a: Gastrodon
|-unboost|p1a: Gastrodon|atk|1
|-unboost|p1a: Gastrodon|spa|1
|
|t:|1779577115
|switch|p2a: Ogerpon|Ogerpon, F|100/100|[from] Parting Shot
|
|upkeep
|turn|24
|
|t:|1779577123
|switch|p1a: Astrology Witch|Hatterene, F, shiny|11/100
|move|p2a: Ogerpon|Ivy Cudgel|p1a: Astrology Witch
|-damage|p1a: Astrology Witch|0 fnt
|faint|p1a: Astrology Witch
|
|upkeep
|
|t:|1779577132
|switch|p1a: Meowscarada|Meowscarada, M|100/100
|turn|25
|
|t:|1779577137
|move|p2a: Ogerpon|Knock Off|p1a: Meowscarada
|-resisted|p1a: Meowscarada
|-damage|p1a: Meowscarada|76/100
|-enditem|p1a: Meowscarada|Wide Lens|[from] move: Knock Off|[of] p2a: Ogerpon
|move|p1a: Meowscarada|Triple Axel|p2a: Ogerpon|[miss]
|-start|p1a: Meowscarada|typechange|Ice|[from] ability: Protean
|-miss|p1a: Meowscarada|p2a: Ogerpon
|
|upkeep
|turn|26
|
|t:|1779577149
|move|p2a: Ogerpon|U-turn|p1a: Meowscarada
|-damage|p1a: Meowscarada|38/100
|
|t:|1779577158
|switch|p2a: Corviknight|Corviknight, F|100/100|[from] U-turn
|-ability|p2a: Corviknight|Pressure
|move|p1a: Meowscarada|Knock Off|p2a: Corviknight
|-damage|p2a: Corviknight|79/100
|-enditem|p2a: Corviknight|Heavy-Duty Boots|[from] move: Knock Off|[of] p1a: Meowscarada
|
|upkeep
|turn|27
|
|t:|1779577169
|switch|p1a: Femboy Singer|Primarina, M, shiny|69/100
|move|p2a: Corviknight|U-turn|p1a: Femboy Singer
|-resisted|p1a: Femboy Singer
|-damage|p1a: Femboy Singer|60/100
|-message|Darcy LeStrade forfeited.
|
|win|claudechamp
|raw|Darcy LeStrade's rating: 1229 &rarr; <strong>1205</strong><br />(-24 for losing)
|raw|claudechamp's rating: 1238 &rarr; <strong>1262</strong><br />(+24 for winning)
|l|☆Darcy LeStrade
|player|p1|
|c|☆claudechamp|gg
