|j|☆z0rro_135
|j|☆dark trixxer
|t:|1779711069
|gametype|singles
|player|p1|z0rro_135|cynthia-gen4|1082
|player|p2|dark trixxer|169|1074
|gen|9
|tier|[Gen 9] OU
|rated|
|rule|HP Percentage Mod: HP is shown in percentages
|rule|Endless Battle Clause: Forcing endless battles is banned
|rule|Species Clause: Limit one of each Pokémon
|rule|OHKO Clause: OHKO moves are banned
|rule|Evasion Items Clause: Evasion items are banned
|rule|Evasion Moves Clause: Evasion moves are banned
|rule|Evasion Abilities Clause: Evasion abilities are banned
|rule|Sleep Moves Clause: Sleep-inducing moves are banned
|clearpoke
|poke|p1|Clefable, M|
|poke|p1|Corviknight, M|
|poke|p1|Ceruledge, F|
|poke|p1|Quaquaval, F|
|poke|p1|Garganacl, M|
|poke|p1|Snorlax, F|
|poke|p2|Grimmsnarl, M|
|poke|p2|Lokix, F|
|poke|p2|Kingambit, M|
|poke|p2|Krookodile, F|
|poke|p2|Hydreigon, F|
|poke|p2|Bombirdier, M|
|teampreview
|inactive|Battle timer is ON: inactive players will automatically lose when time's up. (requested by z0rro_135)
|
|t:|1779711087
|teamsize|p1|6
|teamsize|p2|6
|start
|switch|p1a: Snorlax|Snorlax, F|100/100
|switch|p2a: Grimmsnarl|Grimmsnarl, M|100/100
|turn|1
|
|t:|1779711098
|move|p2a: Grimmsnarl|False Surrender|p1a: Snorlax
|-damage|p1a: Snorlax|58/100
|move|p1a: Snorlax|Belly Drum|p1a: Snorlax
|-damage|p1a: Snorlax|8/100
|-setboost|p1a: Snorlax|atk|6|[from] move: Belly Drum
|-enditem|p1a: Snorlax|Sitrus Berry|[eat]
|-heal|p1a: Snorlax|33/100|[from] item: Sitrus Berry
|
|upkeep
|turn|2
|
|t:|1779711118
|move|p2a: Grimmsnarl|False Surrender|p1a: Snorlax
|-damage|p1a: Snorlax|0 fnt
|faint|p1a: Snorlax
|
|upkeep
|
|t:|1779711127
|switch|p1a: Corviknight|Corviknight, M, shiny|100/100
|-ability|p1a: Corviknight|Pressure
|turn|3
|
|t:|1779711135
|move|p2a: Grimmsnarl|Reflect|p2a: Grimmsnarl
|-sidestart|p2: dark trixxer|Reflect
|move|p1a: Corviknight|Body Press|p2a: Grimmsnarl
|-damage|p2a: Grimmsnarl|90/100
|
|upkeep
|turn|4
|
|t:|1779711142
|move|p1a: Corviknight|Drill Peck|p2a: Grimmsnarl
|-damage|p2a: Grimmsnarl|75/100
|move|p2a: Grimmsnarl|False Surrender|p1a: Corviknight
|-damage|p1a: Corviknight|65/100
|
|-heal|p1a: Corviknight|71/100|[from] item: Leftovers
|upkeep
|turn|5
|
|t:|1779711149
|switch|p1a: Garganacl|Garganacl, M, shiny|100/100
|move|p2a: Grimmsnarl|False Surrender|p1a: Garganacl
|-damage|p1a: Garganacl|79/100
|
|-heal|p1a: Garganacl|86/100|[from] item: Leftovers
|upkeep
|turn|6
|
|t:|1779711156
|move|p2a: Grimmsnarl|False Surrender|p1a: Garganacl
|-damage|p1a: Garganacl|64/100
|move|p1a: Garganacl|Salt Cure|p2a: Grimmsnarl
|-damage|p2a: Grimmsnarl|67/100
|-start|p2a: Grimmsnarl|Salt Cure
|
|-heal|p1a: Garganacl|70/100|[from] item: Leftovers
|-damage|p2a: Grimmsnarl|55/100|[from] Salt Cure
|upkeep
|turn|7
|
|t:|1779711165
|switch|p2a: Kingambit|Kingambit, M|100/100
|move|p1a: Garganacl|Substitute|p1a: Garganacl
|-start|p1a: Garganacl|Substitute
|-damage|p1a: Garganacl|45/100
|
|-heal|p1a: Garganacl|51/100|[from] item: Leftovers
|upkeep
|turn|8
|
|t:|1779711173
|move|p2a: Kingambit|Iron Head|p1a: Garganacl
|-supereffective|p1a: Garganacl
|-end|p1a: Garganacl|Substitute
|move|p1a: Garganacl|Recover|p1a: Garganacl
|-heal|p1a: Garganacl|100/100
|
|upkeep
|turn|9
|
|t:|1779711178
|move|p2a: Kingambit|Iron Head|p1a: Garganacl
|-supereffective|p1a: Garganacl
|-damage|p1a: Garganacl|51/100
|move|p1a: Garganacl|Salt Cure|p2a: Kingambit
|-resisted|p2a: Kingambit
|-damage|p2a: Kingambit|98/100
|-start|p2a: Kingambit|Salt Cure
|
|-heal|p1a: Garganacl|57/100|[from] item: Leftovers
|-damage|p2a: Kingambit|73/100|[from] Salt Cure
|upkeep
|turn|10
|
|t:|1779711187
|switch|p1a: Ceruledge|Ceruledge, F|100/100
|move|p2a: Kingambit|Iron Head|p1a: Ceruledge
|-resisted|p1a: Ceruledge
|-damage|p1a: Ceruledge|62/100
|
|-damage|p2a: Kingambit|48/100|[from] Salt Cure
|-sideend|p2: dark trixxer|Reflect
|upkeep
|turn|11
|
|t:|1779711196
|move|p2a: Kingambit|Sucker Punch|p1a: Ceruledge
|-supereffective|p1a: Ceruledge
|-damage|p1a: Ceruledge|0 fnt
|faint|p1a: Ceruledge
|
|-damage|p2a: Kingambit|23/100|[from] Salt Cure
|upkeep
|
|t:|1779711203
|switch|p1a: Clefable|Clefable, M, shiny|100/100
|turn|12
|
|t:|1779711206
|move|p1a: Clefable|Flamethrower|p2a: Kingambit
|-supereffective|p2a: Kingambit
|-damage|p2a: Kingambit|0 fnt
|faint|p2a: Kingambit
|-end|p2a: Kingambit|fallenundefined|[silent]
|
|upkeep
|
|t:|1779711218
|switch|p2a: Hydreigon|Hydreigon, F|100/100
|turn|13
|
|t:|1779711224
|move|p2a: Hydreigon|Flash Cannon|p1a: Clefable
|-supereffective|p1a: Clefable
|-damage|p1a: Clefable|32/100
|move|p1a: Clefable|Moonblast|p2a: Hydreigon
|-supereffective|p2a: Hydreigon
|-damage|p2a: Hydreigon|0 fnt
|faint|p2a: Hydreigon
|
|-heal|p1a: Clefable|39/100|[from] item: Leftovers
|upkeep
|
|t:|1779711238
|switch|p2a: Lokix|Lokix, F|100/100
|turn|14
|
|t:|1779711242
|move|p2a: Lokix|First Impression|p1a: Clefable
|-resisted|p1a: Clefable
|-damage|p1a: Clefable|0 fnt
|faint|p1a: Clefable
|-damage|p2a: Lokix|91/100|[from] item: Life Orb
|
|upkeep
|
|t:|1779711248
|switch|p1a: Quaquaval|Quaquaval, F|100/100
|turn|15
|
|t:|1779711263
|-terastallize|p2a: Lokix|Bug
|move|p1a: Quaquaval|Aqua Step|p2a: Lokix
|-damage|p2a: Lokix|27/100
|-boost|p1a: Quaquaval|spe|1
|move|p2a: Lokix|U-turn|p1a: Quaquaval
|-resisted|p1a: Quaquaval
|-damage|p1a: Quaquaval|16/100
|-damage|p2a: Lokix|17/100|[from] item: Life Orb
|
|t:|1779711271
|switch|p2a: Bombirdier|Bombirdier, M|100/100|[from] U-turn
|
|upkeep
|turn|16
|
|t:|1779711277
|move|p2a: Bombirdier|Sucker Punch||[still]
|-fail|p2a: Bombirdier
|move|p1a: Quaquaval|Roost|p1a: Quaquaval
|-heal|p1a: Quaquaval|66/100
|-singleturn|p1a: Quaquaval|move: Roost
|
|upkeep
|turn|17
|
|t:|1779711284
|move|p1a: Quaquaval|Aqua Step|p2a: Bombirdier
|-damage|p2a: Bombirdier|49/100
|-boost|p1a: Quaquaval|spe|1
|move|p2a: Bombirdier|Brave Bird|p1a: Quaquaval
|-supereffective|p1a: Quaquaval
|-damage|p1a: Quaquaval|0 fnt
|faint|p1a: Quaquaval
|-damage|p2a: Bombirdier|25/100|[from] Recoil
|
|upkeep
|
|t:|1779711293
|switch|p1a: Garganacl|Garganacl, M, shiny|57/100
|turn|18
|
|t:|1779711296
|move|p2a: Bombirdier|Sucker Punch||[still]
|-fail|p2a: Bombirdier
|move|p1a: Garganacl|Recover|p1a: Garganacl
|-heal|p1a: Garganacl|100/100
|
|upkeep
|turn|19
|
|t:|1779711302
|move|p2a: Bombirdier|Tailwind|p2a: Bombirdier
|-sidestart|p2: dark trixxer|move: Tailwind
|move|p1a: Garganacl|Salt Cure|p2a: Bombirdier
|-supereffective|p2a: Bombirdier
|-damage|p2a: Bombirdier|0 fnt
|faint|p2a: Bombirdier
|
|upkeep
|
|t:|1779711307
|switch|p2a: Krookodile|Krookodile, F|100/100
|turn|20
|
|t:|1779711310
|move|p2a: Krookodile|Earthquake|p1a: Garganacl
|-supereffective|p1a: Garganacl
|-damage|p1a: Garganacl|47/100
|move|p1a: Garganacl|Salt Cure|p2a: Krookodile
|-resisted|p2a: Krookodile
|-damage|p2a: Krookodile|91/100
|-start|p2a: Krookodile|Salt Cure
|
|-heal|p1a: Garganacl|53/100|[from] item: Leftovers
|-damage|p2a: Krookodile|79/100|[from] Salt Cure
|upkeep
|turn|21
|
|t:|1779711321
|-terastallize|p1a: Garganacl|Water
|move|p1a: Garganacl|Protect|p1a: Garganacl
|-singleturn|p1a: Garganacl|Protect
|move|p2a: Krookodile|Earthquake|p1a: Garganacl
|-activate|p1a: Garganacl|move: Protect
|
|-heal|p1a: Garganacl|59/100|[from] item: Leftovers
|-damage|p2a: Krookodile|67/100|[from] Salt Cure
|upkeep
|turn|22
|
|t:|1779711329
|move|p2a: Krookodile|Earthquake|p1a: Garganacl
|-damage|p1a: Garganacl|30/100
|move|p1a: Garganacl|Recover|p1a: Garganacl
|-heal|p1a: Garganacl|80/100
|
|-heal|p1a: Garganacl|86/100|[from] item: Leftovers
|-damage|p2a: Krookodile|54/100|[from] Salt Cure
|-sideend|p2: dark trixxer|move: Tailwind
|upkeep
|turn|23
|
|t:|1779711338
|move|p1a: Garganacl|Protect|p1a: Garganacl
|-singleturn|p1a: Garganacl|Protect
|move|p2a: Krookodile|Earthquake|p1a: Garganacl
|-activate|p1a: Garganacl|move: Protect
|
|-heal|p1a: Garganacl|92/100|[from] item: Leftovers
|-damage|p2a: Krookodile|42/100|[from] Salt Cure
|upkeep
|turn|24
|
|t:|1779711346
|move|p2a: Krookodile|Earthquake|p1a: Garganacl
|-damage|p1a: Garganacl|64/100
|move|p1a: Garganacl|Recover|p1a: Garganacl
|-heal|p1a: Garganacl|100/100
|
|-damage|p2a: Krookodile|30/100|[from] Salt Cure
|upkeep
|turn|25
|
|t:|1779711354
|move|p1a: Garganacl|Protect|p1a: Garganacl
|-singleturn|p1a: Garganacl|Protect
|move|p2a: Krookodile|Earthquake|p1a: Garganacl
|-activate|p1a: Garganacl|move: Protect
|
|-damage|p2a: Krookodile|17/100|[from] Salt Cure
|upkeep
|turn|26
|
|t:|1779711361
|switch|p2a: Lokix|Lokix, F, tera:Bug|17/100
|move|p1a: Garganacl|Recover||[still]
|-fail|p1a: Garganacl|heal
|
|upkeep
|turn|27
|
|t:|1779711366
|move|p2a: Lokix|U-turn|p1a: Garganacl
|-damage|p1a: Garganacl|71/100
|-damage|p2a: Lokix|8/100|[from] item: Life Orb
|
|t:|1779711369
|switch|p2a: Krookodile|Krookodile, F|17/100|[from] U-turn
|move|p1a: Garganacl|Salt Cure|p2a: Krookodile
|-resisted|p2a: Krookodile
|-damage|p2a: Krookodile|9/100
|-start|p2a: Krookodile|Salt Cure
|
|-heal|p1a: Garganacl|78/100|[from] item: Leftovers
|-damage|p2a: Krookodile|0 fnt|[from] Salt Cure
|faint|p2a: Krookodile
|upkeep
|
|t:|1779711372
|switch|p2a: Lokix|Lokix, F, tera:Bug|8/100
|turn|28
|
|t:|1779711381
|move|p2a: Lokix|First Impression|p1a: Garganacl
|-damage|p1a: Garganacl|38/100
|-damage|p2a: Lokix|0 fnt|[from] item: Life Orb
|faint|p2a: Lokix
|move|p1a: Garganacl|Salt Cure|p2: Lokix|[notarget]
|-fail|p1a: Garganacl
|
|-heal|p1a: Garganacl|44/100|[from] item: Leftovers
|upkeep
|
|t:|1779711384
|switch|p2a: Grimmsnarl|Grimmsnarl, M|55/100
|turn|29
|
|t:|1779711391
|move|p1a: Garganacl|Protect|p1a: Garganacl
|-singleturn|p1a: Garganacl|Protect
|move|p2a: Grimmsnarl|False Surrender|p1a: Garganacl
|-activate|p1a: Garganacl|move: Protect
|
|-heal|p1a: Garganacl|51/100|[from] item: Leftovers
|upkeep
|turn|30
|
|t:|1779711398
|move|p2a: Grimmsnarl|False Surrender|p1a: Garganacl
|-crit|p1a: Garganacl
|-damage|p1a: Garganacl|16/100
|move|p1a: Garganacl|Recover|p1a: Garganacl
|-heal|p1a: Garganacl|66/100
|
|-heal|p1a: Garganacl|72/100|[from] item: Leftovers
|upkeep
|turn|31
|
|t:|1779711405
|move|p2a: Grimmsnarl|False Surrender|p1a: Garganacl
|-damage|p1a: Garganacl|51/100
|move|p1a: Garganacl|Salt Cure|p2a: Grimmsnarl
|-damage|p2a: Grimmsnarl|39/100
|-start|p2a: Grimmsnarl|Salt Cure
|
|-heal|p1a: Garganacl|57/100|[from] item: Leftovers
|-damage|p2a: Grimmsnarl|26/100|[from] Salt Cure
|upkeep
|turn|32
|
|t:|1779711414
|move|p2a: Grimmsnarl|False Surrender|p1a: Garganacl
|-damage|p1a: Garganacl|35/100
|move|p1a: Garganacl|Recover|p1a: Garganacl
|-heal|p1a: Garganacl|85/100
|
|-heal|p1a: Garganacl|92/100|[from] item: Leftovers
|-damage|p2a: Grimmsnarl|14/100|[from] Salt Cure
|upkeep
|turn|33
|-message|dark trixxer forfeited.
|
|win|z0rro_135
|raw|z0rro_135's rating: 1082 &rarr; <strong>1109</strong><br />(+27 for winning)
|raw|dark trixxer's rating: 1074 &rarr; <strong>1053</strong><br />(-21 for losing)
|l|☆dark trixxer
|player|p2|
|l|☆z0rro_135
|player|p1|
