|j|☆ChillLanturnYT
|j|☆superseng777
|t:|1779581422
|gametype|singles
|player|p1|ChillLanturnYT|palmer|1215
|player|p2|superseng777|iris-gen5bw2|1195
|gen|9
|tier|[Gen 9] OU
|rated|
|rule|HP Percentage Mod: HP is shown in percentages
|rule|Endless Battle Clause: Forcing endless battles is banned
|rule|Species Clause: Limit one of each Pokémon
|rule|OHKO Clause: OHKO moves are banned
|rule|Evasion Items Clause: Evasion items are banned
|rule|Evasion Moves Clause: Evasion moves are banned
|rule|Evasion Abilities Clause: Evasion abilities are banned
|rule|Sleep Moves Clause: Sleep-inducing moves are banned
|clearpoke
|poke|p1|Exeggutor, F|
|poke|p1|Dragonite, M|
|poke|p1|Samurott-Hisui, F|
|poke|p1|Jirachi|
|poke|p1|Iron Treads|
|poke|p1|Raging Bolt|
|poke|p2|Tyranitar, F|
|poke|p2|Excadrill, F|
|poke|p2|Primarina, F|
|poke|p2|Gliscor, F|
|poke|p2|Garchomp, F|
|poke|p2|Wo-Chien|
|teampreview
|inactive|Battle timer is ON: inactive players will automatically lose when time's up. (requested by superseng777)
|inactive|ChillLanturnYT also wants the timer to be on.
|
|t:|1779581428
|teamsize|p1|6
|teamsize|p2|6
|start
|switch|p1a: Exeggutor|Exeggutor, F|100/100
|switch|p2a: Justin Bieber|Tyranitar, F|100/100
|-weather|Sandstorm|[from] ability: Sand Stream|[of] p2a: Justin Bieber
|turn|1
|
|t:|1779581441
|switch|p1a: Iron Treads|Iron Treads|100/100
|move|p2a: Justin Bieber|Knock Off|p1a: Iron Treads
|-damage|p1a: Iron Treads|53/100
|-enditem|p1a: Iron Treads|Leftovers|[from] move: Knock Off|[of] p2a: Justin Bieber
|
|-weather|Sandstorm|[upkeep]
|upkeep
|turn|2
|
|t:|1779581454
|switch|p2a: Excadrill|Excadrill, F|100/100
|-item|p2a: Excadrill|Air Balloon
|move|p1a: Iron Treads|Knock Off|p2a: Excadrill
|-damage|p2a: Excadrill|53/100
|-enditem|p2a: Excadrill|Air Balloon
|
|-weather|Sandstorm|[upkeep]
|upkeep
|turn|3
|
|t:|1779581466
|-end|p1a: Iron Treads|Quark Drive|[silent]
|switch|p1a: Dragonite|Dragonite, M|100/100
|move|p2a: Excadrill|Earthquake|p1a: Dragonite
|-immune|p1a: Dragonite
|
|-weather|Sandstorm|[upkeep]
|-damage|p1a: Dragonite|94/100|[from] Sandstorm
|-heal|p1a: Dragonite|100/100|[from] item: Leftovers
|upkeep
|turn|4
|
|t:|1779581475
|move|p2a: Excadrill|Rock Slide|p1a: Dragonite
|-supereffective|p1a: Dragonite
|-damage|p1a: Dragonite|70/100
|cant|p1a: Dragonite|flinch
|
|-weather|Sandstorm|[upkeep]
|-damage|p1a: Dragonite|64/100|[from] Sandstorm
|-heal|p1a: Dragonite|70/100|[from] item: Leftovers
|upkeep
|turn|5
|
|t:|1779581492
|move|p2a: Excadrill|Rock Slide|p1a: Dragonite|[miss]
|-miss|p2a: Excadrill|p1a: Dragonite
|move|p1a: Dragonite|Fire Punch|p2a: Excadrill
|-supereffective|p2a: Excadrill
|-damage|p2a: Excadrill|0 fnt
|faint|p2a: Excadrill
|
|-weather|Sandstorm|[upkeep]
|-damage|p1a: Dragonite|64/100|[from] Sandstorm
|-heal|p1a: Dragonite|70/100|[from] item: Leftovers
|upkeep
|
|t:|1779581504
|switch|p2a: bae|Primarina, F|100/100
|turn|6
|
|t:|1779581509
|switch|p1a: Jirachi|Jirachi|100/100
|-terastallize|p2a: bae|Steel
|move|p2a: bae|Moonblast|p1a: Jirachi
|-resisted|p1a: Jirachi
|-damage|p1a: Jirachi|82/100
|-unboost|p1a: Jirachi|spa|1
|
|-weather|Sandstorm|[upkeep]
|-heal|p1a: Jirachi|89/100|[from] item: Leftovers
|upkeep
|turn|7
|
|t:|1779581520
|switch|p1a: Raging Bolt|Raging Bolt|100/100
|move|p2a: bae|Substitute|p2a: bae
|-start|p2a: bae|Substitute
|-damage|p2a: bae|75/100
|
|-weather|Sandstorm|[upkeep]
|-damage|p1a: Raging Bolt|94/100|[from] Sandstorm
|-heal|p2a: bae|82/100|[from] item: Leftovers
|upkeep
|turn|8
|
|t:|1779581529
|move|p1a: Raging Bolt|Thunderbolt|p2a: bae
|-end|p2a: bae|Substitute
|move|p2a: bae|Moonblast|p1a: Raging Bolt
|-supereffective|p1a: Raging Bolt
|-damage|p1a: Raging Bolt|0 fnt
|faint|p1a: Raging Bolt
|-end|p1a: Raging Bolt|Protosynthesis|[silent]
|
|-weather|none
|-heal|p2a: bae|88/100|[from] item: Leftovers
|upkeep
|inactive|ChillLanturnYT has 120 seconds left.
|inactive|ChillLanturnYT has 90 seconds left.
|
|t:|1779581594
|switch|p1a: Samurott|Samurott-Hisui, F|100/100
|turn|9
|
|t:|1779581600
|move|p1a: Samurott|Sacred Sword|p2a: bae
|-supereffective|p2a: bae
|-crit|p2a: bae
|-damage|p2a: bae|0 fnt
|faint|p2a: bae
|
|upkeep
|
|t:|1779581606
|switch|p2a: quarter ounce|Wo-Chien|100/100
|-ability|p2a: quarter ounce|Tablets of Ruin
|turn|10
|
|t:|1779581615
|move|p1a: Samurott|Sacred Sword|p2a: quarter ounce
|-supereffective|p2a: quarter ounce
|-damage|p2a: quarter ounce|48/100
|move|p2a: quarter ounce|Leech Seed|p1a: Samurott
|-start|p1a: Samurott|move: Leech Seed
|
|-heal|p2a: quarter ounce|54/100|[from] item: Leftovers
|-damage|p1a: Samurott|88/100|[from] Leech Seed|[of] p2a: quarter ounce
|-heal|p2a: quarter ounce|65/100|[silent]
|upkeep
|turn|11
|inactive|ChillLanturnYT has 120 seconds left.
|inactive|ChillLanturnYT has 90 seconds left.
|
|t:|1779581654
|switch|p1a: Exeggutor|Exeggutor, F|100/100
|move|p2a: quarter ounce|Protect||[still]
|-fail|p2a: quarter ounce
|
|-heal|p2a: quarter ounce|71/100|[from] item: Leftovers
|upkeep
|turn|12
|
|t:|1779581668
|move|p1a: Exeggutor|Substitute|p1a: Exeggutor
|-start|p1a: Exeggutor|Substitute
|-damage|p1a: Exeggutor|75/100
|move|p2a: quarter ounce|Knock Off|p1a: Exeggutor
|-supereffective|p1a: Exeggutor
|-end|p1a: Exeggutor|Substitute
|
|-heal|p2a: quarter ounce|77/100|[from] item: Leftovers
|upkeep
|turn|13
|
|t:|1779581678
|move|p1a: Exeggutor|Substitute|p1a: Exeggutor
|-start|p1a: Exeggutor|Substitute
|-damage|p1a: Exeggutor|50/100
|move|p2a: quarter ounce|Knock Off|p1a: Exeggutor
|-supereffective|p1a: Exeggutor
|-end|p1a: Exeggutor|Substitute
|
|-heal|p2a: quarter ounce|83/100|[from] item: Leftovers
|upkeep
|turn|14
|inactive|ChillLanturnYT has 90 seconds left.
|
|t:|1779581716
|-terastallize|p1a: Exeggutor|Fairy
|move|p1a: Exeggutor|Substitute|p1a: Exeggutor
|-start|p1a: Exeggutor|Substitute
|-damage|p1a: Exeggutor|25/100
|-enditem|p1a: Exeggutor|Starf Berry|[eat]
|-boost|p1a: Exeggutor|atk|2|[from] item: Starf Berry
|move|p2a: quarter ounce|Knock Off|p1a: Exeggutor
|-resisted|p1a: Exeggutor
|-activate|p1a: Exeggutor|move: Substitute|[damage]
|
|-heal|p2a: quarter ounce|90/100|[from] item: Leftovers
|upkeep
|turn|15
|
|t:|1779581728
|move|p1a: Exeggutor|Low Kick|p2a: quarter ounce
|-supereffective|p2a: quarter ounce
|-damage|p2a: quarter ounce|43/100
|move|p2a: quarter ounce|Knock Off|p1a: Exeggutor
|-resisted|p1a: Exeggutor
|-activate|p1a: Exeggutor|move: Substitute|[damage]
|
|-heal|p2a: quarter ounce|49/100|[from] item: Leftovers
|-item|p1a: Exeggutor|Starf Berry|[from] ability: Harvest
|upkeep
|-enditem|p1a: Exeggutor|Starf Berry|[eat]
|-boost|p1a: Exeggutor|spa|2|[from] item: Starf Berry
|turn|16
|
|t:|1779581741
|move|p2a: quarter ounce|Protect|p2a: quarter ounce
|-singleturn|p2a: quarter ounce|Protect
|move|p1a: Exeggutor|Low Kick|p2a: quarter ounce
|-activate|p2a: quarter ounce|move: Protect
|
|-heal|p2a: quarter ounce|55/100|[from] item: Leftovers
|-item|p1a: Exeggutor|Starf Berry|[from] ability: Harvest
|upkeep
|-enditem|p1a: Exeggutor|Starf Berry|[eat]
|-boost|p1a: Exeggutor|spd|2|[from] item: Starf Berry
|turn|17
|
|t:|1779581753
|switch|p2a: jbl speaker|Gliscor, F|100/100
|move|p1a: Exeggutor|Giga Drain|p2a: jbl speaker
|-damage|p2a: jbl speaker|0 fnt
|-heal|p1a: Exeggutor|69/100|[from] drain|[of] p2a: jbl speaker
|faint|p2a: jbl speaker
|
|-item|p1a: Exeggutor|Starf Berry|[from] ability: Harvest
|upkeep
|
|t:|1779581772
|switch|p2a: Justin Bieber|Tyranitar, F|100/100
|-weather|Sandstorm|[from] ability: Sand Stream|[of] p2a: Justin Bieber
|turn|18
|
|t:|1779581783
|move|p1a: Exeggutor|Low Kick|p2a: Justin Bieber
|-supereffective|p2a: Justin Bieber
|-damage|p2a: Justin Bieber|0 fnt
|faint|p2a: Justin Bieber
|
|-weather|Sandstorm|[upkeep]
|-damage|p1a: Exeggutor|63/100|[from] Sandstorm
|upkeep
|-message|superseng777 forfeited.
|
|win|ChillLanturnYT
|raw|ChillLanturnYT's rating: 1215 &rarr; <strong>1239</strong><br />(+24 for winning)
|raw|superseng777's rating: 1195 &rarr; <strong>1171</strong><br />(-24 for losing)
|l|☆superseng777
|player|p2|
