|j|☆sigmundtuff41
|j|☆chknparmy
|t:|1779680162
|gametype|singles
|player|p1|sigmundtuff41|roxie|1073
|player|p2|chknparmy|swimmerf-gen4|1045
|gen|9
|tier|[Gen 9] OU
|rated|
|rule|HP Percentage Mod: HP is shown in percentages
|rule|Endless Battle Clause: Forcing endless battles is banned
|rule|Species Clause: Limit one of each Pokémon
|rule|OHKO Clause: OHKO moves are banned
|rule|Evasion Items Clause: Evasion items are banned
|rule|Evasion Moves Clause: Evasion moves are banned
|rule|Evasion Abilities Clause: Evasion abilities are banned
|rule|Sleep Moves Clause: Sleep-inducing moves are banned
|clearpoke
|poke|p1|Raging Bolt|
|poke|p1|Glimmora, M|
|poke|p1|Blaziken, M|
|poke|p1|Heatran, M|
|poke|p1|Manaphy|
|poke|p1|Cresselia, F|
|poke|p2|Haxorus, M|
|poke|p2|Grimmsnarl, M|
|poke|p2|Corviknight, F|
|poke|p2|Gengar, M|
|poke|p2|Meowscarada, M|
|poke|p2|Heatran, F|
|teampreview
|
|t:|1779680184
|teamsize|p1|6
|teamsize|p2|6
|start
|switch|p1a: Glimmora|Glimmora, M|100/100
|switch|p2a: Heatran|Heatran, F|100/100
|turn|1
|
|t:|1779680194
|move|p1a: Glimmora|Earth Power|p2a: Heatran
|-supereffective|p2a: Heatran
|-damage|p2a: Heatran|18/100
|move|p2a: Heatran|Earth Power|p1a: Glimmora
|-supereffective|p1a: Glimmora
|-damage|p1a: Glimmora|0 fnt
|faint|p1a: Glimmora
|
|-heal|p2a: Heatran|24/100|[from] item: Leftovers
|upkeep
|
|t:|1779680205
|switch|p1a: Blaziken|Blaziken, M|100/100
|turn|2
|
|t:|1779680214
|move|p1a: Blaziken|Shadow Claw|p2a: Heatran
|-crit|p2a: Heatran
|-damage|p2a: Heatran|0 fnt
|faint|p2a: Heatran
|
|-ability|p1a: Blaziken|Speed Boost|boost
|-boost|p1a: Blaziken|spe|1
|upkeep
|
|t:|1779680232
|switch|p2a: Grimmsnarl|Grimmsnarl, M|100/100
|turn|3
|
|t:|1779680240
|move|p2a: Grimmsnarl|Reflect|p2a: Grimmsnarl
|-sidestart|p2: chknparmy|Reflect
|move|p1a: Blaziken|U-turn|p2a: Grimmsnarl
|-damage|p2a: Grimmsnarl|85/100
|
|t:|1779680253
|switch|p1a: Cresselia|Cresselia, F|100/100|[from] U-turn
|
|upkeep
|turn|4
|
|t:|1779680261
|move|p1a: Cresselia|Reflect|p1a: Cresselia
|-sidestart|p1: sigmundtuff41|Reflect
|move|p2a: Grimmsnarl|Spirit Break|p1a: Cresselia
|-damage|p1a: Cresselia|90/100
|-unboost|p1a: Cresselia|spa|1
|
|-heal|p1a: Cresselia|96/100|[from] item: Leftovers
|upkeep
|turn|5
|
|t:|1779680270
|move|p2a: Grimmsnarl|Reflect||[still]
|-fail|p2a: Grimmsnarl
|move|p1a: Cresselia|Light Screen|p1a: Cresselia
|-sidestart|p1: sigmundtuff41|move: Light Screen
|
|-heal|p1a: Cresselia|100/100|[from] item: Leftovers
|upkeep
|turn|6
|
|t:|1779680281
|switch|p1a: Manaphy|Manaphy|100/100
|move|p2a: Grimmsnarl|Light Screen|p2a: Grimmsnarl
|-sidestart|p2: chknparmy|move: Light Screen
|
|upkeep
|turn|7
|
|t:|1779680288
|move|p1a: Manaphy|Tail Glow|p1a: Manaphy
|-boost|p1a: Manaphy|spa|3
|move|p2a: Grimmsnarl|Spirit Break|p1a: Manaphy
|-damage|p1a: Manaphy|87/100
|-unboost|p1a: Manaphy|spa|1
|
|upkeep
|turn|8
|
|t:|1779680314
|move|p2a: Grimmsnarl|Parting Shot|p1a: Manaphy
|-unboost|p1a: Manaphy|atk|1
|-unboost|p1a: Manaphy|spa|1
|
|t:|1779680326
|switch|p2a: Meowscarada|Meowscarada, M, shiny|100/100|[from] Parting Shot
|move|p1a: Manaphy|Hydro Pump|p2a: Meowscarada
|-resisted|p2a: Meowscarada
|-damage|p2a: Meowscarada|75/100
|
|-sideend|p1: sigmundtuff41|Reflect
|upkeep
|turn|9
|
|t:|1779680339
|switch|p1a: Blaziken|Blaziken, M|100/100
|move|p2a: Meowscarada|Flower Trick|p1a: Blaziken
|-start|p2a: Meowscarada|typechange|Grass|[from] ability: Protean
|-resisted|p1a: Blaziken
|-crit|p1a: Blaziken
|-damage|p1a: Blaziken|64/100
|
|-sideend|p1: sigmundtuff41|move: Light Screen
|upkeep
|turn|10
|
|t:|1779680355
|move|p2a: Meowscarada|Knock Off|p1a: Blaziken
|-resisted|p1a: Blaziken
|-damage|p1a: Blaziken|41/100
|-enditem|p1a: Blaziken|Heavy-Duty Boots|[from] move: Knock Off|[of] p2a: Meowscarada
|move|p1a: Blaziken|U-turn|p2a: Meowscarada
|-supereffective|p2a: Meowscarada
|-damage|p2a: Meowscarada|39/100
|
|t:|1779680362
|switch|p1a: Raging Bolt|Raging Bolt|100/100|[from] U-turn
|-enditem|p1a: Raging Bolt|Booster Energy
|-activate|p1a: Raging Bolt|ability: Protosynthesis|[fromitem]
|-start|p1a: Raging Bolt|protosynthesisspa
|
|-sideend|p2: chknparmy|Reflect
|upkeep
|turn|11
|
|t:|1779680374
|move|p2a: Meowscarada|Knock Off|p1a: Raging Bolt
|-damage|p1a: Raging Bolt|85/100
|move|p1a: Raging Bolt|Calm Mind|p1a: Raging Bolt
|-boost|p1a: Raging Bolt|spa|1
|-boost|p1a: Raging Bolt|spd|1
|
|upkeep
|turn|12
|
|t:|1779680389
|move|p2a: Meowscarada|Flower Trick|p1a: Raging Bolt
|-resisted|p1a: Raging Bolt
|-crit|p1a: Raging Bolt
|-damage|p1a: Raging Bolt|67/100
|move|p1a: Raging Bolt|Dragon Pulse|p2a: Meowscarada
|-damage|p2a: Meowscarada|0 fnt
|faint|p2a: Meowscarada
|
|upkeep
|
|t:|1779680405
|switch|p2a: Grimmsnarl|Grimmsnarl, M|85/100
|turn|13
|
|t:|1779680415
|-terastallize|p1a: Raging Bolt|Fairy
|move|p1a: Raging Bolt|Thunderbolt|p2a: Grimmsnarl
|-damage|p2a: Grimmsnarl|52/100
|move|p2a: Grimmsnarl|Spirit Break|p1a: Raging Bolt
|-damage|p1a: Raging Bolt|45/100
|-unboost|p1a: Raging Bolt|spa|1
|
|-sideend|p2: chknparmy|move: Light Screen
|upkeep
|turn|14
|inactive|Battle timer is ON: inactive players will automatically lose when time's up. (requested by chknparmy)
|
|t:|1779680434
|move|p1a: Raging Bolt|Thunderclap||[still]
|-fail|p1a: Raging Bolt
|move|p2a: Grimmsnarl|Light Screen|p2a: Grimmsnarl
|-sidestart|p2: chknparmy|move: Light Screen
|
|upkeep
|turn|15
|
|t:|1779680440
|move|p1a: Raging Bolt|Thunderbolt|p2a: Grimmsnarl
|-damage|p2a: Grimmsnarl|30/100
|move|p2a: Grimmsnarl|Spirit Break|p1a: Raging Bolt
|-damage|p1a: Raging Bolt|22/100
|-unboost|p1a: Raging Bolt|spa|1
|
|upkeep
|turn|16
|
|t:|1779680449
|move|p1a: Raging Bolt|Thunderbolt|p2a: Grimmsnarl
|-damage|p2a: Grimmsnarl|14/100
|move|p2a: Grimmsnarl|Spirit Break|p1a: Raging Bolt
|-damage|p1a: Raging Bolt|0 fnt
|faint|p1a: Raging Bolt
|-end|p1a: Raging Bolt|Protosynthesis|[silent]
|
|upkeep
|
|t:|1779680458
|switch|p1a: Cresselia|Cresselia, F|100/100
|turn|17
|
|t:|1779680464
|move|p2a: Grimmsnarl|Reflect|p2a: Grimmsnarl
|-sidestart|p2: chknparmy|Reflect
|move|p1a: Cresselia|Light Screen|p1a: Cresselia
|-sidestart|p1: sigmundtuff41|move: Light Screen
|
|upkeep
|turn|18
|
|t:|1779680472
|move|p1a: Cresselia|Reflect|p1a: Cresselia
|-sidestart|p1: sigmundtuff41|Reflect
|move|p2a: Grimmsnarl|Spirit Break|p1a: Cresselia
|-damage|p1a: Cresselia|90/100
|-unboost|p1a: Cresselia|spa|1
|
|-heal|p1a: Cresselia|96/100|[from] item: Leftovers
|upkeep
|turn|19
|
|t:|1779680482
|move|p2a: Grimmsnarl|Spirit Break|p1a: Cresselia
|-damage|p1a: Cresselia|87/100
|-unboost|p1a: Cresselia|spa|1
|move|p1a: Cresselia|Trick Room|p1a: Cresselia
|-fieldstart|move: Trick Room|[of] p1a: Cresselia
|
|-heal|p1a: Cresselia|93/100|[from] item: Leftovers
|upkeep
|turn|20
|
|t:|1779680493
|switch|p1a: Heatran|Heatran, M|100/100
|move|p2a: Grimmsnarl|Spirit Break|p1a: Heatran
|-resisted|p1a: Heatran
|-damage|p1a: Heatran|98/100
|-unboost|p1a: Heatran|spa|1
|
|upkeep
|turn|21
|
|t:|1779680510
|move|p2a: Grimmsnarl|Spirit Break|p1a: Heatran
|-resisted|p1a: Heatran
|-damage|p1a: Heatran|95/100
|-unboost|p1a: Heatran|spa|1
|move|p1a: Heatran|Flamethrower|p2a: Grimmsnarl
|-damage|p2a: Grimmsnarl|5/100
|-damage|p1a: Heatran|85/100|[from] item: Life Orb
|
|-sideend|p2: chknparmy|move: Light Screen
|-sideend|p1: sigmundtuff41|move: Light Screen
|upkeep
|turn|22
|
|t:|1779680522
|move|p2a: Grimmsnarl|Light Screen|p2a: Grimmsnarl
|-sidestart|p2: chknparmy|move: Light Screen
|move|p1a: Heatran|Flamethrower|p2a: Grimmsnarl
|-damage|p2a: Grimmsnarl|0 fnt
|faint|p2a: Grimmsnarl
|-damage|p1a: Heatran|75/100|[from] item: Life Orb
|
|-sideend|p1: sigmundtuff41|Reflect
|upkeep
|
|t:|1779680533
|switch|p2a: Gengar|Gengar, M|100/100
|turn|23
|
|t:|1779680544
|switch|p1a: Cresselia|Cresselia, F|93/100
|move|p2a: Gengar|Focus Blast|p1a: Cresselia
|-resisted|p1a: Cresselia
|-crit|p1a: Cresselia
|-damage|p1a: Cresselia|75/100
|
|-heal|p1a: Cresselia|81/100|[from] item: Leftovers
|-fieldend|move: Trick Room
|upkeep
|turn|24
|
|t:|1779680559
|switch|p2a: Corviknight|Corviknight, F|100/100
|-ability|p2a: Corviknight|Pressure
|move|p1a: Cresselia|Trick Room|p1a: Cresselia
|-fieldstart|move: Trick Room|[of] p1a: Cresselia
|
|-heal|p1a: Cresselia|87/100|[from] item: Leftovers
|-sideend|p2: chknparmy|Reflect
|upkeep
|turn|25
|
|t:|1779680583
|switch|p1a: Heatran|Heatran, M|75/100
|move|p2a: Corviknight|U-turn|p1a: Heatran
|-resisted|p1a: Heatran
|-damage|p1a: Heatran|73/100
|
|t:|1779680592
|switch|p2a: Gengar|Gengar, M|100/100|[from] U-turn
|
|upkeep
|turn|26
|
|t:|1779680605
|move|p1a: Heatran|Flamethrower|p2a: Gengar
|-damage|p2a: Gengar|51/100
|-damage|p1a: Heatran|63/100|[from] item: Life Orb
|move|p2a: Gengar|Focus Blast|p1a: Heatran|[miss]
|-miss|p2a: Gengar|p1a: Heatran
|
|upkeep
|turn|27
|
|t:|1779680615
|move|p1a: Heatran|Flamethrower|p2a: Gengar
|-damage|p2a: Gengar|8/100
|-start|p1a: Heatran|Disable|Flamethrower|[from] ability: Cursed Body|[of] p2a: Gengar
|-damage|p1a: Heatran|53/100|[from] item: Life Orb
|move|p2a: Gengar|Focus Blast|p1a: Heatran
|-supereffective|p1a: Heatran
|-damage|p1a: Heatran|0 fnt
|faint|p1a: Heatran
|
|upkeep
|
|t:|1779680630
|switch|p1a: Blaziken|Blaziken, M|41/100
|turn|28
|
|t:|1779680642
|move|p1a: Blaziken|Blaze Kick|p2a: Gengar
|-damage|p2a: Gengar|0 fnt
|faint|p2a: Gengar
|
|-fieldend|move: Trick Room
|-ability|p1a: Blaziken|Speed Boost|boost
|-boost|p1a: Blaziken|spe|1
|upkeep
|
|t:|1779680656
|switch|p2a: Corviknight|Corviknight, F|100/100
|-ability|p2a: Corviknight|Pressure
|turn|29
|
|t:|1779680666
|move|p1a: Blaziken|Blaze Kick|p2a: Corviknight
|-supereffective|p2a: Corviknight
|-damage|p2a: Corviknight|45/100
|move|p2a: Corviknight|Body Press|p1a: Blaziken
|-damage|p1a: Blaziken|5/100
|
|-heal|p2a: Corviknight|51/100|[from] item: Leftovers
|-sideend|p2: chknparmy|move: Light Screen
|-ability|p1a: Blaziken|Speed Boost|boost
|-boost|p1a: Blaziken|spe|1
|upkeep
|turn|30
|
|t:|1779680680
|move|p1a: Blaziken|Blaze Kick|p2a: Corviknight|[miss]
|-miss|p1a: Blaziken|p2a: Corviknight
|move|p2a: Corviknight|Body Press|p1a: Blaziken
|-damage|p1a: Blaziken|0 fnt
|faint|p1a: Blaziken
|
|-heal|p2a: Corviknight|57/100|[from] item: Leftovers
|upkeep
|
|t:|1779680690
|switch|p1a: Cresselia|Cresselia, F|87/100
|turn|31
|
|t:|1779680711
|move|p1a: Cresselia|Reflect|p1a: Cresselia
|-sidestart|p1: sigmundtuff41|Reflect
|move|p2a: Corviknight|Body Press|p1a: Cresselia
|-resisted|p1a: Cresselia
|-damage|p1a: Cresselia|82/100
|
|-heal|p1a: Cresselia|88/100|[from] item: Leftovers
|-heal|p2a: Corviknight|64/100|[from] item: Leftovers
|upkeep
|turn|32
|inactive|chknparmy has 120 seconds left.
|
|t:|1779680733
|switch|p1a: Manaphy|Manaphy|87/100
|move|p2a: Corviknight|Body Press|p1a: Manaphy
|-damage|p1a: Manaphy|75/100
|
|-heal|p2a: Corviknight|70/100|[from] item: Leftovers
|upkeep
|turn|33
|
|t:|1779680744
|move|p1a: Manaphy|Tail Glow|p1a: Manaphy
|-boost|p1a: Manaphy|spa|3
|move|p2a: Corviknight|Defog|p1a: Manaphy
|-unboost|p1a: Manaphy|evasion|1
|-sideend|p1: sigmundtuff41|Reflect
|
|-heal|p2a: Corviknight|76/100|[from] item: Leftovers
|upkeep
|turn|34
|
|t:|1779680758
|move|p1a: Manaphy|Hydro Pump|p2a: Corviknight
|-damage|p2a: Corviknight|0 fnt
|faint|p2a: Corviknight
|
|upkeep
|
|t:|1779680765
|switch|p2a: Haxorus|Haxorus, M, shiny|100/100
|-ability|p2a: Haxorus|Mold Breaker
|turn|35
|
|t:|1779680776
|-terastallize|p2a: Haxorus|Steel
|move|p1a: Manaphy|Shadow Ball|p2a: Haxorus
|-damage|p2a: Haxorus|5/100
|move|p2a: Haxorus|Outrage|p1a: Manaphy
|-damage|p1a: Manaphy|8/100
|
|upkeep
|turn|36
|
|t:|1779680790
|move|p1a: Manaphy|Scald|p2a: Haxorus
|-damage|p2a: Haxorus|0 fnt
|faint|p2a: Haxorus
|
|win|sigmundtuff41
|raw|sigmundtuff41's rating: 1073 &rarr; <strong>1100</strong><br />(+27 for winning)
|raw|chknparmy's rating: 1045 &rarr; <strong>1030</strong><br />(-15 for losing)
|l|☆chknparmy
|player|p2|
|l|☆sigmundtuff41
|player|p1|
|j|☆sigmundtuff41
|player|p1|sigmundtuff41|roxie|
