|j|☆itkenreiza
|j|☆omazo
|t:|1779685561
|gametype|singles
|player|p1|itkenreiza|265|1299
|player|p2|omazo|dawn|1358
|gen|9
|tier|[Gen 9] OU
|rated|
|rule|HP Percentage Mod: HP is shown in percentages
|rule|Endless Battle Clause: Forcing endless battles is banned
|rule|Species Clause: Limit one of each Pokémon
|rule|OHKO Clause: OHKO moves are banned
|rule|Evasion Items Clause: Evasion items are banned
|rule|Evasion Moves Clause: Evasion moves are banned
|rule|Evasion Abilities Clause: Evasion abilities are banned
|rule|Sleep Moves Clause: Sleep-inducing moves are banned
|clearpoke
|poke|p1|Cryogonal|
|poke|p1|Darkrai|
|poke|p1|Ogerpon, F|
|poke|p1|Iron Crown|
|poke|p1|Dragapult, F|
|poke|p1|Ribombee, M|
|poke|p2|Barraskewda, F|
|poke|p2|Zapdos|
|poke|p2|Corviknight, M|
|poke|p2|Clodsire, M|
|poke|p2|Incineroar, M|
|poke|p2|Pelipper, F|
|teampreview
|inactive|Battle timer is ON: inactive players will automatically lose when time's up. (requested by itkenreiza)
|
|t:|1779685576
|teamsize|p1|6
|teamsize|p2|6
|start
|switch|p1a: Ribombee|Ribombee, M|100/100
|switch|p2a: Pelipper|Pelipper, F|100/100
|-weather|RainDance|[from] ability: Drizzle|[of] p2a: Pelipper
|turn|1
|
|t:|1779685584
|move|p1a: Ribombee|Stun Spore|p2a: Pelipper
|-status|p2a: Pelipper|par
|move|p2a: Pelipper|Hurricane|p1a: Ribombee
|-supereffective|p1a: Ribombee
|-enditem|p1a: Ribombee|Focus Sash
|-damage|p1a: Ribombee|1/100
|
|-weather|RainDance|[upkeep]
|upkeep
|turn|2
|
|t:|1779685596
|switch|p1a: Cry or Mog|Cryogonal|100/100
|cant|p2a: Pelipper|par
|
|-weather|RainDance|[upkeep]
|upkeep
|turn|3
|
|t:|1779685610
|move|p1a: Cry or Mog|Freeze-Dry|p2a: Pelipper
|-supereffective|p2a: Pelipper
|-damage|p2a: Pelipper|0 fnt
|faint|p2a: Pelipper
|
|-weather|RainDance|[upkeep]
|upkeep
|
|t:|1779685619
|switch|p2a: Barraskewda|Barraskewda, F|100/100
|turn|4
|
|t:|1779685631
|switch|p1a: Ribombee|Ribombee, M|1/100
|move|p2a: Barraskewda|Close Combat|p1a: Ribombee
|-resisted|p1a: Ribombee
|-damage|p1a: Ribombee|0 fnt
|-unboost|p2a: Barraskewda|def|1
|-unboost|p2a: Barraskewda|spd|1
|faint|p1a: Ribombee
|
|-weather|RainDance|[upkeep]
|upkeep
|
|t:|1779685639
|switch|p1a: Dragapult|Dragapult, F|100/100
|turn|5
|
|t:|1779685645
|switch|p2a: Corviknight|Corviknight, M, shiny|100/100
|-ability|p2a: Corviknight|Pressure
|move|p1a: Dragapult|Dragon Darts|p2a: Corviknight
|-resisted|p2a: Corviknight
|-crit|p2a: Corviknight
|-damage|p2a: Corviknight|85/100
|-anim|p1a: Dragapult|Dragon Darts|p2a: Corviknight
|-resisted|p2a: Corviknight
|-damage|p2a: Corviknight|73/100
|
|-weather|RainDance|[upkeep]
|upkeep
|turn|6
|
|t:|1779685657
|switch|p1a: Cry or Mog|Cryogonal|100/100
|move|p2a: Corviknight|U-turn|p1a: Cry or Mog
|-crit|p1a: Cry or Mog
|-damage|p1a: Cry or Mog|65/100
|
|t:|1779685672
|switch|p2a: Barraskewda|Barraskewda, F|100/100|[from] U-turn
|
|-weather|RainDance|[upkeep]
|upkeep
|turn|7
|
|t:|1779685681
|-terastallize|p1a: Cry or Mog|Ghost
|move|p2a: Barraskewda|Liquidation|p1a: Cry or Mog
|-damage|p1a: Cry or Mog|0 fnt
|faint|p1a: Cry or Mog
|
|-weather|RainDance|[upkeep]
|upkeep
|
|t:|1779685684
|switch|p1a: Ogerpon|Ogerpon, F|100/100
|turn|8
|
|t:|1779685689
|switch|p2a: Incineroar|Incineroar, M, shiny|100/100
|-ability|p2a: Incineroar|Intimidate|boost
|-unboost|p1a: Ogerpon|atk|1
|-ability|p1a: Ogerpon|Defiant|boost
|-boost|p1a: Ogerpon|atk|2
|move|p1a: Ogerpon|Knock Off|p2a: Incineroar
|-resisted|p2a: Incineroar
|-damage|p2a: Incineroar|79/100
|-enditem|p2a: Incineroar|Heavy-Duty Boots|[from] move: Knock Off|[of] p1a: Ogerpon
|
|-weather|none
|upkeep
|turn|9
|
|t:|1779685699
|switch|p1a: Darkrai|Darkrai|100/100
|move|p2a: Incineroar|Will-O-Wisp|p1a: Darkrai
|-status|p1a: Darkrai|brn
|
|-damage|p1a: Darkrai|94/100 brn|[from] brn
|upkeep
|turn|10
|
|t:|1779685708
|move|p1a: Darkrai|Nasty Plot|p1a: Darkrai
|-boost|p1a: Darkrai|spa|2
|move|p2a: Incineroar|Drain Punch|p1a: Darkrai
|-supereffective|p1a: Darkrai
|-damage|p1a: Darkrai|55/100 brn
|-heal|p2a: Incineroar|96/100|[from] drain|[of] p1a: Darkrai
|
|-damage|p1a: Darkrai|49/100 brn|[from] brn
|upkeep
|turn|11
|
|t:|1779685717
|move|p1a: Darkrai|Focus Blast|p2a: Incineroar
|-supereffective|p2a: Incineroar
|-damage|p2a: Incineroar|0 fnt
|faint|p2a: Incineroar
|-damage|p1a: Darkrai|39/100 brn|[from] item: Life Orb
|
|-damage|p1a: Darkrai|33/100 brn|[from] brn
|upkeep
|
|t:|1779685728
|switch|p2a: Clodsire|Clodsire, M|100/100
|turn|12
|
|t:|1779685734
|move|p1a: Darkrai|Ice Beam|p2a: Clodsire
|-supereffective|p2a: Clodsire
|-crit|p2a: Clodsire
|-damage|p2a: Clodsire|0 fnt
|faint|p2a: Clodsire
|-damage|p1a: Darkrai|23/100 brn|[from] item: Life Orb
|
|-damage|p1a: Darkrai|17/100 brn|[from] brn
|upkeep
|
|t:|1779685739
|switch|p2a: Barraskewda|Barraskewda, F|100/100
|turn|13
|
|t:|1779685745
|move|p2a: Barraskewda|Aqua Jet|p1a: Darkrai
|-damage|p1a: Darkrai|0 fnt
|faint|p1a: Darkrai
|
|upkeep
|
|t:|1779685747
|switch|p1a: Ogerpon|Ogerpon, F|100/100
|turn|14
|
|t:|1779685760
|switch|p2a: Corviknight|Corviknight, M, shiny|73/100
|-ability|p2a: Corviknight|Pressure
|move|p1a: Ogerpon|Superpower|p2a: Corviknight
|-damage|p2a: Corviknight|36/100
|-unboost|p1a: Ogerpon|atk|1
|-unboost|p1a: Ogerpon|def|1
|-damage|p1a: Ogerpon|84/100|[from] item: Rocky Helmet|[of] p2a: Corviknight
|
|upkeep
|turn|15
|
|t:|1779685776
|switch|p1a: Iron Crown|Iron Crown|100/100
|-enditem|p1a: Iron Crown|Booster Energy
|-activate|p1a: Iron Crown|ability: Quark Drive|[fromitem]
|-start|p1a: Iron Crown|quarkdrivespe
|switch|p2a: Zapdos|Zapdos, shiny|100/100
|
|upkeep
|turn|16
|
|t:|1779685786
|move|p1a: Iron Crown|Calm Mind|p1a: Iron Crown
|-boost|p1a: Iron Crown|spa|1
|-boost|p1a: Iron Crown|spd|1
|move|p2a: Zapdos|Volt Switch|p1a: Iron Crown
|-damage|p1a: Iron Crown|76/100
|
|t:|1779685793
|switch|p2a: Barraskewda|Barraskewda, F|100/100|[from] Volt Switch
|
|upkeep
|turn|17
|
|t:|1779685801
|move|p1a: Iron Crown|Psyshock|p2a: Barraskewda
|-damage|p2a: Barraskewda|0 fnt
|faint|p2a: Barraskewda
|
|upkeep
|-message|omazo forfeited.
|
|win|itkenreiza
|raw|itkenreiza's rating: 1299 &rarr; <strong>1328</strong><br />(+29 for winning)
|raw|omazo's rating: 1358 &rarr; <strong>1335</strong><br />(-23 for losing)
|l|☆omazo
|player|p2|
|l|☆itkenreiza
|player|p1|
