|j|☆EleaRosea
|j|☆lolcano46
|t:|1779573748
|gametype|singles
|player|p1|EleaRosea|harmony|1559
|player|p2|lolcano46|fisherman-gen4|1608
|gen|9
|tier|[Gen 9] OU
|rated|
|rule|HP Percentage Mod: HP is shown in percentages
|rule|Endless Battle Clause: Forcing endless battles is banned
|rule|Species Clause: Limit one of each Pokémon
|rule|OHKO Clause: OHKO moves are banned
|rule|Evasion Items Clause: Evasion items are banned
|rule|Evasion Moves Clause: Evasion moves are banned
|rule|Evasion Abilities Clause: Evasion abilities are banned
|rule|Sleep Moves Clause: Sleep-inducing moves are banned
|clearpoke
|poke|p1|Great Tusk|
|poke|p1|Heatran, F|
|poke|p1|Weavile, F|
|poke|p1|Primarina, F|
|poke|p1|Ogerpon, F|
|poke|p1|Pecharunt|
|poke|p2|Azelf|
|poke|p2|Ogerpon-Wellspring, F|
|poke|p2|Scizor, M|
|poke|p2|Gengar, M|
|poke|p2|Raging Bolt|
|poke|p2|Cinderace, F|
|teampreview
|inactive|Battle timer is ON: inactive players will automatically lose when time's up. (requested by EleaRosea)
|inactive|lolcano46 also wants the timer to be on.
|inactive|EleaRosea has 120 seconds left.
|inactive|EleaRosea has 90 seconds left.
|
|t:|1779573818
|teamsize|p1|6
|teamsize|p2|6
|start
|switch|p1a: Bandit|Weavile, F, shiny|100/100
|switch|p2a: Gengar|Gengar, M|100/100
|-ability|p1a: Bandit|Pressure
|turn|1
|c|☆EleaRosea|gengar ?!
|
|t:|1779573836
|move|p2a: Gengar|Thunder Wave|p1a: Bandit
|-status|p1a: Bandit|par
|move|p1a: Bandit|Triple Axel|p2a: Gengar
|-damage|p2a: Gengar|72/100
|-damage|p2a: Gengar|15/100
|-damage|p2a: Gengar|0 fnt
|faint|p2a: Gengar
|-hitcount|p2: Gengar|3
|
|upkeep
|c|☆lolcano46|yes
|c|☆EleaRosea|are you
|
|t:|1779573843
|switch|p2a: Cinderace|Cinderace, F|100/100
|turn|2
|c|☆EleaRosea|serious
|c|☆EleaRosea|scarf gengar just to twave
|c|☆EleaRosea|aight
|
|t:|1779573855
|switch|p2a: Ogerpon|Ogerpon-Wellspring, F|100/100
|switch|p1a: Overseer|Pecharunt|100/100
|
|upkeep
|turn|3
|c|☆lolcano46|yes i love gengar!!!
|
|t:|1779573860
|switch|p2a: Raging Bolt|Raging Bolt|100/100
|-enditem|p2a: Raging Bolt|Booster Energy
|-activate|p2a: Raging Bolt|ability: Protosynthesis|[fromitem]
|-start|p2a: Raging Bolt|protosynthesisspa
|move|p1a: Overseer|Malignant Chain|p2a: Raging Bolt
|-damage|p2a: Raging Bolt|71/100
|-status|p2a: Raging Bolt|tox
|-start|p2a: Raging Bolt|confusion|[from] ability: Poison Puppeteer|[of] p1a: Overseer
|
|-damage|p2a: Raging Bolt|65/100 tox|[from] psn
|upkeep
|turn|4
|
|t:|1779573863
|-activate|p2a: Raging Bolt|confusion
|move|p2a: Raging Bolt|Dragon Pulse|p1a: Overseer
|-damage|p1a: Overseer|39/100
|move|p1a: Overseer|Parting Shot|p2a: Raging Bolt
|-unboost|p2a: Raging Bolt|atk|1
|-unboost|p2a: Raging Bolt|spa|1
|
|t:|1779573866
|switch|p1a: Behemoth|Great Tusk, shiny|100/100|[from] Parting Shot
|
|-damage|p2a: Raging Bolt|53/100 tox|[from] psn
|upkeep
|turn|5
|
|t:|1779573873
|-end|p1a: Behemoth|Protosynthesis|[silent]
|switch|p1a: Anonymous|Ogerpon, F|100/100
|-end|p2a: Raging Bolt|Protosynthesis|[silent]
|switch|p2a: Azelf|Azelf|100/100
|
|upkeep
|turn|6
|
|t:|1779573877
|move|p2a: Azelf|Flamethrower|p1a: Anonymous
|-supereffective|p1a: Anonymous
|-damage|p1a: Anonymous|11/100
|-status|p1a: Anonymous|brn
|move|p1a: Anonymous|U-turn|p2a: Azelf
|-supereffective|p2a: Azelf
|-damage|p2a: Azelf|43/100
|c|☆EleaRosea|COME ON
|
|t:|1779573891
|switch|p1a: Celestine|Primarina, F, shiny|100/100|[from] U-turn
|
|upkeep
|turn|7
|
|t:|1779573895
|move|p2a: Azelf|Thunderbolt|p1a: Celestine
|-supereffective|p1a: Celestine
|-crit|p1a: Celestine
|-damage|p1a: Celestine|43/100
|move|p1a: Celestine|Moonblast|p2a: Azelf
|-damage|p2a: Azelf|0 fnt
|faint|p2a: Azelf
|
|upkeep
|c|☆EleaRosea|and a crit too
|
|t:|1779573901
|switch|p2a: Scizor|Scizor, M|100/100
|turn|8
|
|t:|1779573904
|move|p2a: Scizor|Swords Dance|p2a: Scizor
|-boost|p2a: Scizor|atk|2
|move|p1a: Celestine|Flip Turn|p2a: Scizor
|-damage|p2a: Scizor|86/100
|
|t:|1779573912
|switch|p1a: Overseer|Pecharunt|39/100|[from] Flip Turn
|
|upkeep
|turn|9
|
|t:|1779573916
|move|p2a: Scizor|Bullet Punch|p1a: Overseer
|-damage|p1a: Overseer|4/100
|move|p1a: Overseer|Recover|p1a: Overseer
|-heal|p1a: Overseer|54/100
|
|upkeep
|turn|10
|
|t:|1779573919
|move|p1a: Overseer|Recover|p1a: Overseer
|-heal|p1a: Overseer|100/100
|move|p2a: Scizor|Knock Off|p1a: Overseer
|-supereffective|p1a: Overseer
|-damage|p1a: Overseer|38/100
|-damage|p2a: Scizor|69/100|[from] item: Rocky Helmet|[of] p1a: Overseer
|-enditem|p1a: Overseer|Rocky Helmet|[from] move: Knock Off|[of] p2a: Scizor
|
|upkeep
|turn|11
|
|t:|1779573924
|move|p2a: Scizor|Bullet Punch|p1a: Overseer
|-damage|p1a: Overseer|0 fnt
|faint|p1a: Overseer
|
|upkeep
|
|t:|1779573927
|switch|p1a: Chaos|Heatran, F, shiny|100/100
|-item|p1a: Chaos|Air Balloon
|turn|12
|
|t:|1779573932
|-terastallize|p2a: Scizor|Fire
|move|p1a: Chaos|Magma Storm|p2a: Scizor
|-resisted|p2a: Scizor
|-damage|p2a: Scizor|37/100
|-activate|p2a: Scizor|move: Magma Storm|[of] p1a: Chaos
|move|p2a: Scizor|Close Combat|p1a: Chaos
|-supereffective|p1a: Chaos
|-damage|p1a: Chaos|0 fnt
|-unboost|p2a: Scizor|def|1
|-unboost|p2a: Scizor|spd|1
|-enditem|p1a: Chaos|Air Balloon
|faint|p1a: Chaos
|
|-end|p2a: Scizor|Magma Storm|[partiallytrapped]|[silent]
|upkeep
|
|t:|1779573935
|switch|p1a: Behemoth|Great Tusk, shiny|100/100
|turn|13
|
|t:|1779573939
|move|p2a: Scizor|Bullet Punch|p1a: Behemoth
|-damage|p1a: Behemoth|41/100
|move|p1a: Behemoth|Headlong Rush|p2a: Scizor
|-supereffective|p2a: Scizor
|-damage|p2a: Scizor|0 fnt
|-unboost|p1a: Behemoth|def|1
|-unboost|p1a: Behemoth|spd|1
|faint|p2a: Scizor
|
|upkeep
|
|t:|1779573943
|switch|p2a: Ogerpon|Ogerpon-Wellspring, F|100/100
|turn|14
|
|t:|1779573951
|-end|p1a: Behemoth|Protosynthesis|[silent]
|switch|p1a: Celestine|Primarina, F, shiny|43/100
|move|p2a: Ogerpon|Ivy Cudgel|p1a: Celestine|[anim] Ivy Cudgel Water
|-resisted|p1a: Celestine
|-damage|p1a: Celestine|7/100
|
|upkeep
|turn|15
|
|t:|1779573954
|move|p2a: Ogerpon|Ivy Cudgel|p1a: Celestine|[anim] Ivy Cudgel Water
|-resisted|p1a: Celestine
|-damage|p1a: Celestine|0 fnt
|faint|p1a: Celestine
|
|upkeep
|
|t:|1779573961
|switch|p1a: Bandit|Weavile, F, shiny|100/100 par
|-ability|p1a: Bandit|Pressure
|turn|16
|
|t:|1779573964
|move|p2a: Ogerpon|Ivy Cudgel|p1a: Bandit|[anim] Ivy Cudgel Water
|-damage|p1a: Bandit|1/100 par
|move|p1a: Bandit|Triple Axel|p2a: Ogerpon
|-damage|p2a: Ogerpon|81/100
|-damage|p2a: Ogerpon|44/100
|-damage|p2a: Ogerpon|0 fnt
|faint|p2a: Ogerpon
|-hitcount|p2: Ogerpon|3
|
|upkeep
|
|t:|1779573969
|switch|p2a: Cinderace|Cinderace, F|100/100
|turn|17
|
|t:|1779573974
|switch|p1a: Anonymous|Ogerpon, F|11/100 brn
|move|p2a: Cinderace|Sucker Punch||[still]
|-fail|p2a: Cinderace
|
|-damage|p1a: Anonymous|5/100 brn|[from] brn
|upkeep
|turn|18
|
|t:|1779573978
|move|p2a: Cinderace|Sucker Punch|p1a: Anonymous
|-start|p2a: Cinderace|typechange|Dark|[from] ability: Libero
|-damage|p1a: Anonymous|0 fnt
|faint|p1a: Anonymous
|
|upkeep
|
|t:|1779573984
|switch|p1a: Bandit|Weavile, F, shiny|1/100 par
|-ability|p1a: Bandit|Pressure
|turn|19
|
|t:|1779573988
|move|p2a: Cinderace|Sucker Punch|p1a: Bandit
|-resisted|p1a: Bandit
|-damage|p1a: Bandit|0 fnt
|faint|p1a: Bandit
|
|upkeep
|
|t:|1779573990
|switch|p1a: Behemoth|Great Tusk, shiny|41/100
|turn|20
|
|t:|1779573998
|move|p2a: Cinderace|Will-O-Wisp|p1a: Behemoth
|-status|p1a: Behemoth|brn
|move|p1a: Behemoth|Close Combat|p2a: Cinderace
|-supereffective|p2a: Cinderace
|-damage|p2a: Cinderace|10/100
|-unboost|p1a: Behemoth|def|1
|-unboost|p1a: Behemoth|spd|1
|
|-damage|p1a: Behemoth|34/100 brn|[from] brn
|upkeep
|turn|21
|
|t:|1779574006
|move|p2a: Cinderace|Pyro Ball|p1a: Behemoth
|-damage|p1a: Behemoth|0 fnt
|faint|p1a: Behemoth
|-end|p1a: Behemoth|Protosynthesis|[silent]
|
|win|lolcano46
|raw|EleaRosea's rating: 1559 &rarr; <strong>1542</strong><br />(-17 for losing)
|raw|lolcano46's rating: 1608 &rarr; <strong>1625</strong><br />(+17 for winning)
|l|☆EleaRosea
|player|p1|
|l|☆lolcano46
|player|p2|
