|j|☆hiker br
|j|☆Notater517
|t:|1779688855
|gametype|singles
|player|p1|hiker br|hiker-gen8|1446
|player|p2|Notater517|wattson|1509
|gen|9
|tier|[Gen 9] OU
|rated|
|rule|HP Percentage Mod: HP is shown in percentages
|rule|Endless Battle Clause: Forcing endless battles is banned
|rule|Species Clause: Limit one of each Pokémon
|rule|OHKO Clause: OHKO moves are banned
|rule|Evasion Items Clause: Evasion items are banned
|rule|Evasion Moves Clause: Evasion moves are banned
|rule|Evasion Abilities Clause: Evasion abilities are banned
|rule|Sleep Moves Clause: Sleep-inducing moves are banned
|clearpoke
|poke|p1|Gholdengo|
|poke|p1|Ting-Lu|
|poke|p1|Darkrai|
|poke|p1|Slowking-Galar, F|
|poke|p1|Dragonite, M|
|poke|p1|Cinderace, F|
|poke|p2|Hydreigon, F|
|poke|p2|Samurott-Hisui, F|
|poke|p2|Landorus-Therian, M|
|poke|p2|Pecharunt|
|poke|p2|Zamazenta-*|
|poke|p2|Heatran, F|
|teampreview
|inactive|Battle timer is ON: inactive players will automatically lose when time's up. (requested by hiker br)
|inactive|Notater517 has 120 seconds left.
|inactive|Notater517 has 90 seconds left.
|inactive|Notater517 has 60 seconds left.
|
|t:|1779688961
|teamsize|p1|6
|teamsize|p2|6
|start
|switch|p1a: Ting-Lu|Ting-Lu|100/100
|switch|p2a: 'za (pending)|Samurott-Hisui, F|100/100
|-ability|p1a: Ting-Lu|Vessel of Ruin
|turn|1
|
|t:|1779688980
|move|p2a: 'za (pending)|Ceaseless Edge|p1a: Ting-Lu
|-resisted|p1a: Ting-Lu
|-damage|p1a: Ting-Lu|91/100
|-sidestart|p1: hiker br|Spikes
|-enditem|p1a: Ting-Lu|Red Card|[of] p2a: 'za (pending)
|drag|p2a: chaarvaargh|Heatran, F|100/100
|move|p1a: Ting-Lu|Stealth Rock|p2a: chaarvaargh
|-sidestart|p2: Notater517|move: Stealth Rock
|
|upkeep
|turn|2
|
|t:|1779688990
|switch|p2a: 'za (pending)|Samurott-Hisui, F|100/100
|move|p1a: Ting-Lu|Ruination|p2a: 'za (pending)
|-damage|p2a: 'za (pending)|51/100
|
|upkeep
|turn|3
|
|t:|1779689011
|move|p2a: 'za (pending)|Razor Shell|p1a: Ting-Lu
|-supereffective|p1a: Ting-Lu
|-damage|p1a: Ting-Lu|47/100
|-unboost|p1a: Ting-Lu|def|1
|move|p1a: Ting-Lu|Spikes|p2a: 'za (pending)
|-sidestart|p2: Notater517|Spikes
|
|upkeep
|turn|4
|
|t:|1779689024
|move|p2a: 'za (pending)|Ceaseless Edge|p1a: Ting-Lu
|-resisted|p1a: Ting-Lu
|-damage|p1a: Ting-Lu|33/100
|-sidestart|p1: hiker br|Spikes
|move|p1a: Ting-Lu|Spikes|p2a: 'za (pending)
|-sidestart|p2: Notater517|Spikes
|
|upkeep
|turn|5
|inactive|Notater517 has 120 seconds left.
|
|t:|1779689051
|move|p2a: 'za (pending)|Ceaseless Edge|p1a: Ting-Lu
|-resisted|p1a: Ting-Lu
|-damage|p1a: Ting-Lu|19/100
|-sidestart|p1: hiker br|Spikes
|move|p1a: Ting-Lu|Spikes|p2a: 'za (pending)
|-sidestart|p2: Notater517|Spikes
|
|upkeep
|turn|6
|
|t:|1779689055
|move|p2a: 'za (pending)|Ceaseless Edge|p1a: Ting-Lu
|-resisted|p1a: Ting-Lu
|-crit|p1a: Ting-Lu
|-damage|p1a: Ting-Lu|0 fnt
|faint|p1a: Ting-Lu
|
|upkeep
|
|t:|1779689063
|switch|p1a: Cinderace|Cinderace, F|100/100
|turn|7
|
|t:|1779689073
|switch|p2a: OU's favorite OwO|Landorus-Therian, M|100/100
|-damage|p2a: OU's favorite OwO|88/100|[from] Stealth Rock
|-ability|p2a: OU's favorite OwO|Intimidate|boost
|-unboost|p1a: Cinderace|atk|1
|move|p1a: Cinderace|High Jump Kick|p2a: OU's favorite OwO|[miss]
|-miss|p1a: Cinderace|p2a: OU's favorite OwO
|-damage|p1a: Cinderace|50/100|[from] highjumpkick
|
|upkeep
|turn|8
|
|t:|1779689098
|switch|p1a: Dragonite|Dragonite, M|100/100
|move|p2a: OU's favorite OwO|Stealth Rock|p1a: Dragonite
|-sidestart|p1: hiker br|move: Stealth Rock
|
|upkeep
|turn|9
|
|t:|1779689103
|move|p2a: OU's favorite OwO|Taunt|p1a: Dragonite
|-start|p1a: Dragonite|move: Taunt
|cant|p1a: Dragonite|move: Taunt|Dragon Dance
|
|upkeep
|turn|10
|
|t:|1779689112
|switch|p1a: Slowking|Slowking-Galar, F|100/100
|move|p2a: OU's favorite OwO|U-turn|p1a: Slowking
|-damage|p1a: Slowking|80/100
|
|t:|1779689119
|switch|p2a: 'za (pending)|Samurott-Hisui, F|51/100|[from] U-turn
|
|upkeep
|turn|11
|
|t:|1779689135
|switch|p1a: Darkrai|Darkrai|100/100
|move|p2a: 'za (pending)|Ceaseless Edge|p1a: Darkrai
|-resisted|p1a: Darkrai
|-damage|p1a: Darkrai|71/100
|
|upkeep
|turn|12
|inactive|Notater517 has 120 seconds left.
|inactive|Notater517 has 90 seconds left.
|
|t:|1779689205
|move|p1a: Darkrai|Nasty Plot|p1a: Darkrai
|-boost|p1a: Darkrai|spa|2
|move|p2a: 'za (pending)|Razor Shell|p1a: Darkrai
|-damage|p1a: Darkrai|3/100
|
|upkeep
|turn|13
|
|t:|1779689217
|move|p1a: Darkrai|Sludge Bomb|p2a: 'za (pending)
|-damage|p2a: 'za (pending)|0 fnt
|faint|p2a: 'za (pending)
|
|upkeep
|
|t:|1779689221
|switch|p2a: stupid dog|Zamazenta|100/100
|-damage|p2a: stupid dog|94/100|[from] Stealth Rock
|-damage|p2a: stupid dog|69/100|[from] Spikes
|-ability|p2a: stupid dog|Dauntless Shield|boost
|-boost|p2a: stupid dog|def|1
|turn|14
|
|t:|1779689231
|switch|p1a: Gholdengo|Gholdengo|100/100
|-damage|p1a: Gholdengo|94/100|[from] Stealth Rock
|-item|p1a: Gholdengo|Air Balloon
|move|p2a: stupid dog|Crunch|p1a: Gholdengo
|-supereffective|p1a: Gholdengo
|-damage|p1a: Gholdengo|64/100
|-enditem|p1a: Gholdengo|Air Balloon
|
|-heal|p2a: stupid dog|75/100|[from] item: Leftovers
|upkeep
|turn|15
|
|t:|1779689237
|switch|p2a: chaarvaargh|Heatran, F|100/100
|-damage|p2a: chaarvaargh|88/100|[from] Stealth Rock
|-damage|p2a: chaarvaargh|63/100|[from] Spikes
|move|p1a: Gholdengo|Thunder Wave|p2a: chaarvaargh
|-status|p2a: chaarvaargh|par
|
|-heal|p2a: chaarvaargh|70/100 par|[from] item: Leftovers
|upkeep
|turn|16
|
|t:|1779689254
|switch|p1a: Slowking|Slowking-Galar, F|100/100
|move|p2a: chaarvaargh|Magma Storm|p1a: Slowking|[miss]
|-miss|p2a: chaarvaargh|p1a: Slowking
|
|-heal|p2a: chaarvaargh|76/100 par|[from] item: Leftovers
|upkeep
|turn|17
|
|t:|1779689265
|move|p2a: chaarvaargh|Taunt|p1a: Slowking
|-start|p1a: Slowking|move: Taunt
|-prepare|p1a: Slowking|Chilly Reception|[premajor]
|cant|p1a: Slowking|move: Taunt|Chilly Reception
|
|-heal|p2a: chaarvaargh|82/100 par|[from] item: Leftovers
|upkeep
|turn|18
|
|t:|1779689272
|switch|p1a: Dragonite|Dragonite, M|100/100
|move|p2a: chaarvaargh|Magma Storm|p1a: Dragonite
|-resisted|p1a: Dragonite
|-damage|p1a: Dragonite|89/100
|-activate|p1a: Dragonite|move: Magma Storm|[of] p2a: chaarvaargh
|
|-heal|p2a: chaarvaargh|88/100 par|[from] item: Leftovers
|-damage|p1a: Dragonite|77/100|[from] move: Magma Storm|[partiallytrapped]
|upkeep
|turn|19
|
|t:|1779689279
|switch|p2a: OU's favorite OwO|Landorus-Therian, M|88/100
|-damage|p2a: OU's favorite OwO|76/100|[from] Stealth Rock
|-ability|p2a: OU's favorite OwO|Intimidate|boost
|-unboost|p1a: Dragonite|atk|1
|move|p1a: Dragonite|Earthquake|p2a: OU's favorite OwO
|-immune|p2a: OU's favorite OwO
|
|-end|p1a: Dragonite|Magma Storm|[partiallytrapped]|[silent]
|upkeep
|turn|20
|
|t:|1779689303
|move|p2a: OU's favorite OwO|U-turn|p1a: Dragonite
|-resisted|p1a: Dragonite
|-damage|p1a: Dragonite|66/100
|
|t:|1779689314
|switch|p2a: impeachment|Pecharunt|100/100|[from] U-turn
|move|p1a: Dragonite|Roost|p1a: Dragonite
|-heal|p1a: Dragonite|100/100
|-singleturn|p1a: Dragonite|move: Roost
|
|upkeep
|turn|21
|inactive|Notater517 has 120 seconds left.
|
|t:|1779689349
|switch|p1a: Slowking|Slowking-Galar, F|100/100
|move|p2a: impeachment|Malignant Chain|p1a: Slowking
|-resisted|p1a: Slowking
|-damage|p1a: Slowking|91/100
|
|upkeep
|turn|22
|
|t:|1779689360
|move|p2a: impeachment|Hex|p1a: Slowking
|-supereffective|p1a: Slowking
|-damage|p1a: Slowking|67/100
|-prepare|p1a: Slowking|Chilly Reception|[premajor]
|move|p1a: Slowking|Chilly Reception|p1a: Slowking
|-weather|Snowscape
|
|t:|1779689380
|switch|p1a: Darkrai|Darkrai|3/100|[from] Chilly Reception
|
|-weather|Snowscape|[upkeep]
|upkeep
|turn|23
|
|t:|1779689395
|move|p1a: Darkrai|Dark Pulse|p2a: impeachment
|-supereffective|p2a: impeachment
|-damage|p2a: impeachment|15/100
|move|p2a: impeachment|Parting Shot|p1a: Darkrai
|-unboost|p1a: Darkrai|atk|1
|-unboost|p1a: Darkrai|spa|1
|
|t:|1779689400
|switch|p2a: stupid dog|Zamazenta|75/100|[from] Parting Shot
|-damage|p2a: stupid dog|69/100|[from] Stealth Rock
|-damage|p2a: stupid dog|44/100|[from] Spikes
|
|-weather|Snowscape|[upkeep]
|-heal|p2a: stupid dog|50/100|[from] item: Leftovers
|upkeep
|turn|24
|
|t:|1779689413
|switch|p1a: Dragonite|Dragonite, M|100/100
|move|p2a: stupid dog|Crunch|p1a: Dragonite
|-damage|p1a: Dragonite|90/100
|
|-weather|Snowscape|[upkeep]
|-heal|p2a: stupid dog|57/100|[from] item: Leftovers
|upkeep
|turn|25
|
|t:|1779689424
|-terastallize|p1a: Dragonite|Fairy
|move|p2a: stupid dog|Iron Defense|p2a: stupid dog
|-boost|p2a: stupid dog|def|2
|move|p1a: Dragonite|Dragon Dance|p1a: Dragonite
|-boost|p1a: Dragonite|atk|1
|-boost|p1a: Dragonite|spe|1
|
|-weather|Snowscape|[upkeep]
|-heal|p2a: stupid dog|63/100|[from] item: Leftovers
|upkeep
|turn|26
|
|t:|1779689429
|move|p2a: stupid dog|Body Press|p1a: Dragonite
|-resisted|p1a: Dragonite
|-crit|p1a: Dragonite
|-damage|p1a: Dragonite|36/100
|move|p1a: Dragonite|Dragon Dance|p1a: Dragonite
|-boost|p1a: Dragonite|atk|1
|-boost|p1a: Dragonite|spe|1
|
|-weather|none
|-heal|p2a: stupid dog|69/100|[from] item: Leftovers
|upkeep
|turn|27
|
|t:|1779689434
|move|p1a: Dragonite|Roost|p1a: Dragonite
|-heal|p1a: Dragonite|86/100
|move|p2a: stupid dog|Iron Defense|p2a: stupid dog
|-boost|p2a: stupid dog|def|2
|
|-heal|p2a: stupid dog|75/100|[from] item: Leftovers
|upkeep
|turn|28
|
|t:|1779689438
|move|p1a: Dragonite|Roost|p1a: Dragonite
|-heal|p1a: Dragonite|100/100
|move|p2a: stupid dog|Body Press|p1a: Dragonite
|-resisted|p1a: Dragonite
|-damage|p1a: Dragonite|76/100
|
|-heal|p2a: stupid dog|81/100|[from] item: Leftovers
|upkeep
|turn|29
|
|t:|1779689441
|move|p1a: Dragonite|Dragon Dance|p1a: Dragonite
|-boost|p1a: Dragonite|atk|1
|-boost|p1a: Dragonite|spe|1
|move|p2a: stupid dog|Iron Defense|p2a: stupid dog
|-boost|p2a: stupid dog|def|2
|
|-heal|p2a: stupid dog|88/100|[from] item: Leftovers
|upkeep
|turn|30
|
|t:|1779689451
|switch|p1a: Gholdengo|Gholdengo|64/100
|-damage|p1a: Gholdengo|39/100|[from] Spikes
|-damage|p1a: Gholdengo|33/100|[from] Stealth Rock
|move|p2a: stupid dog|Body Press|p1a: Gholdengo
|-immune|p1a: Gholdengo
|
|-heal|p2a: stupid dog|94/100|[from] item: Leftovers
|upkeep
|turn|31
|
|t:|1779689460
|-terastallize|p2a: stupid dog|Dark
|move|p2a: stupid dog|Crunch|p1a: Gholdengo
|-supereffective|p1a: Gholdengo
|-damage|p1a: Gholdengo|0 fnt
|faint|p1a: Gholdengo
|
|-heal|p2a: stupid dog|99/100|[from] item: Leftovers
|upkeep
|
|t:|1779689481
|switch|p1a: Dragonite|Dragonite, M, tera:Fairy|76/100
|turn|32
|-message|hiker br forfeited.
|
|win|Notater517
|raw|hiker br's rating: 1446 &rarr; <strong>1430</strong><br />(-16 for losing)
|raw|Notater517's rating: 1509 &rarr; <strong>1525</strong><br />(+16 for winning)
|l|☆hiker br
|player|p1|
|l|☆Notater517
|player|p2|
