|j|☆Baptou26
|j|☆volkron zz
|t:|1779653547
|gametype|singles
|player|p1|Baptou26|101|1181
|player|p2|volkron zz|unknownf|1231
|gen|9
|tier|[Gen 9] OU
|rated|
|rule|HP Percentage Mod: HP is shown in percentages
|rule|Endless Battle Clause: Forcing endless battles is banned
|rule|Species Clause: Limit one of each Pokémon
|rule|OHKO Clause: OHKO moves are banned
|rule|Evasion Items Clause: Evasion items are banned
|rule|Evasion Moves Clause: Evasion moves are banned
|rule|Evasion Abilities Clause: Evasion abilities are banned
|rule|Sleep Moves Clause: Sleep-inducing moves are banned
|clearpoke
|poke|p1|Gliscor, M|
|poke|p1|Iron Valiant|
|poke|p1|Ceruledge, M|
|poke|p1|Meowscarada, F|
|poke|p1|Primarina, F|
|poke|p1|Basculin-Blue-Striped, F|
|poke|p2|Flapple, F|
|poke|p2|Meowstic, M|
|poke|p2|Enamorus, F|
|poke|p2|Ursaluna, M|
|poke|p2|Regieleki|
|poke|p2|Slowking-Galar, F|
|teampreview
|inactive|Battle timer is ON: inactive players will automatically lose when time's up. (requested by volkron zz)
|
|t:|1779653555
|teamsize|p1|6
|teamsize|p2|6
|start
|switch|p1a: Angy Candle|Ceruledge, M|100/100
|switch|p2a: Enamorus|Enamorus, F|100/100
|turn|1
|
|t:|1779653562
|move|p2a: Enamorus|Earth Power|p1a: Angy Candle
|-supereffective|p1a: Angy Candle
|-damage|p1a: Angy Candle|21/100
|move|p1a: Angy Candle|Poltergeist|p2a: Enamorus
|-activate|p2a: Enamorus|move: Poltergeist|Choice Specs
|-damage|p2a: Enamorus|16/100
|
|upkeep
|turn|2
|
|t:|1779653569
|switch|p2a: Ursaluna|Ursaluna, M|100/100
|move|p1a: Angy Candle|Shadow Sneak|p2a: Ursaluna
|-immune|p2a: Ursaluna
|
|-status|p2a: Ursaluna|brn|[from] item: Flame Orb
|upkeep
|turn|3
|
|t:|1779653578
|switch|p1a: Fih|Basculin-Blue-Striped, F|100/100
|-ability|p1a: Fih|Mold Breaker
|move|p2a: Ursaluna|Headlong Rush|p1a: Fih
|-damage|p1a: Fih|0 fnt
|-unboost|p2a: Ursaluna|def|1
|-unboost|p2a: Ursaluna|spd|1
|faint|p1a: Fih
|
|-damage|p2a: Ursaluna|94/100 brn|[from] brn
|upkeep
|
|t:|1779653588
|switch|p1a: Stay With Me|Iron Valiant|100/100
|-enditem|p1a: Stay With Me|Booster Energy
|-activate|p1a: Stay With Me|ability: Quark Drive|[fromitem]
|-start|p1a: Stay With Me|quarkdrivespe
|turn|4
|
|t:|1779653593
|move|p1a: Stay With Me|Destiny Bond|p1a: Stay With Me
|-singlemove|p1a: Stay With Me|Destiny Bond
|move|p2a: Ursaluna|Facade|p1a: Stay With Me
|-damage|p1a: Stay With Me|0 fnt
|faint|p1a: Stay With Me
|-activate|p1a: Stay With Me|move: Destiny Bond
|-end|p1a: Stay With Me|Quark Drive|[silent]
|faint|p2a: Ursaluna
|
|upkeep
|
|t:|1779653601
|switch|p1a: FAHHH|Gliscor, M|100/100
|switch|p2a: Regieleki|Regieleki|100/100
|turn|5
|
|t:|1779653609
|move|p2a: Regieleki|Hyper Beam|p1a: FAHHH
|-damage|p1a: FAHHH|5/100
|-mustrecharge|p2a: Regieleki
|move|p1a: FAHHH|Swords Dance|p1a: FAHHH
|-boost|p1a: FAHHH|atk|2
|
|-status|p1a: FAHHH|tox|[from] item: Toxic Orb
|upkeep
|turn|6
|
|t:|1779653617
|-terastallize|p1a: FAHHH|Normal
|cant|p2a: Regieleki|recharge
|move|p1a: FAHHH|Facade|p2a: Regieleki
|-damage|p2a: Regieleki|0 fnt
|faint|p2a: Regieleki
|
|-heal|p1a: FAHHH|17/100 tox|[from] ability: Poison Heal
|upkeep
|
|t:|1779653625
|switch|p2a: Enamorus|Enamorus, F|16/100
|turn|7
|
|t:|1779653629
|move|p2a: Enamorus|Moonblast|p1a: FAHHH
|-damage|p1a: FAHHH|0 fnt
|faint|p1a: FAHHH
|
|upkeep
|
|t:|1779653633
|switch|p1a: Angy Candle|Ceruledge, M|21/100
|turn|8
|
|t:|1779653636
|move|p1a: Angy Candle|Shadow Sneak|p2a: Enamorus
|-damage|p2a: Enamorus|0 fnt
|faint|p2a: Enamorus
|
|upkeep
|
|t:|1779653646
|switch|p2a: Slowking|Slowking-Galar, F|100/100
|turn|9
|
|t:|1779653650
|move|p1a: Angy Candle|Poltergeist|p2a: Slowking
|-activate|p2a: Slowking|move: Poltergeist|Heavy-Duty Boots
|-supereffective|p2a: Slowking
|-damage|p2a: Slowking|0 fnt
|faint|p2a: Slowking
|
|upkeep
|
|t:|1779653653
|switch|p2a: Meowstic|Meowstic, M|100/100
|turn|10
|
|t:|1779653657
|move|p2a: Meowstic|Gravity|p2a: Meowstic
|-fieldstart|move: Gravity
|move|p1a: Angy Candle|Poltergeist|p2a: Meowstic
|-activate|p2a: Meowstic|move: Poltergeist|Eject Button
|-supereffective|p2a: Meowstic
|-damage|p2a: Meowstic|0 fnt
|faint|p2a: Meowstic
|
|upkeep
|
|t:|1779653659
|switch|p2a: Flapple|Flapple, F|100/100
|turn|11
|
|t:|1779653665
|move|p2a: Flapple|Grav Apple|p1a: Angy Candle
|-resisted|p1a: Angy Candle
|-damage|p1a: Angy Candle|0 fnt
|faint|p1a: Angy Candle
|
|upkeep
|
|t:|1779653673
|switch|p1a: Car|Meowscarada, F|100/100
|turn|12
|
|t:|1779653678
|-terastallize|p2a: Flapple|Grass
|move|p1a: Car|Triple Axel|p2a: Flapple
|-start|p1a: Car|typechange|Ice|[from] ability: Protean
|-supereffective|p2a: Flapple
|-damage|p2a: Flapple|73/100
|-supereffective|p2a: Flapple
|-damage|p2a: Flapple|19/100
|-supereffective|p2a: Flapple
|-damage|p2a: Flapple|0 fnt
|faint|p2a: Flapple
|-hitcount|p2: Flapple|3
|
|win|Baptou26
|raw|Baptou26's rating: 1181 &rarr; <strong>1210</strong><br />(+29 for winning)
|raw|volkron zz's rating: 1231 &rarr; <strong>1202</strong><br />(-29 for losing)
|l|☆volkron zz
|player|p2|
|l|☆Baptou26
|player|p1|
