|j|☆pixel_dragon9
|j|☆CopperCorndog
|t:|1779586408
|gametype|singles
|player|p1|pixel_dragon9|265|1171
|player|p2|CopperCorndog|swimmerf|1198
|gen|9
|tier|[Gen 9] OU
|rated|
|rule|HP Percentage Mod: HP is shown in percentages
|rule|Endless Battle Clause: Forcing endless battles is banned
|rule|Species Clause: Limit one of each Pokémon
|rule|OHKO Clause: OHKO moves are banned
|rule|Evasion Items Clause: Evasion items are banned
|rule|Evasion Moves Clause: Evasion moves are banned
|rule|Evasion Abilities Clause: Evasion abilities are banned
|rule|Sleep Moves Clause: Sleep-inducing moves are banned
|clearpoke
|poke|p1|Talonflame, F|
|poke|p1|Iron Valiant|
|poke|p1|Raging Bolt|
|poke|p1|Great Tusk|
|poke|p1|Hatterene, F|
|poke|p1|Ogerpon-Wellspring, F|
|poke|p2|Tyranitar, M|
|poke|p2|Gliscor, F|
|poke|p2|Landorus-Therian, M|
|poke|p2|Excadrill, F|
|poke|p2|Gholdengo|
|poke|p2|Scizor, M|
|teampreview
|inactive|Battle timer is ON: inactive players will automatically lose when time's up. (requested by CopperCorndog)
|inactive|pixel_dragon9 also wants the timer to be on.
|
|t:|1779586418
|teamsize|p1|6
|teamsize|p2|6
|start
|switch|p1a: Talonflame|Talonflame, F|100/100
|switch|p2a: Subway Slammer|Tyranitar, M, shiny|100/100
|-weather|Sandstorm|[from] ability: Sand Stream|[of] p2a: Subway Slammer
|turn|1
|
|t:|1779586432
|move|p1a: Talonflame|U-turn|p2a: Subway Slammer
|-supereffective|p2a: Subway Slammer
|-damage|p2a: Subway Slammer|59/100
|
|t:|1779586435
|switch|p1a: Hatterene|Hatterene, F|100/100|[from] U-turn
|move|p2a: Subway Slammer|Stealth Rock|p1a: Hatterene
|move|p1a: Hatterene|Stealth Rock|p2a: Subway Slammer|[from] ability: Magic Bounce
|-sidestart|p2: CopperCorndog|move: Stealth Rock
|
|-weather|Sandstorm|[upkeep]
|-damage|p1a: Hatterene|95/100|[from] Sandstorm
|upkeep
|turn|2
|
|t:|1779586450
|switch|p2a: Solo RICO Case|Scizor, M|100/100
|-damage|p2a: Solo RICO Case|88/100|[from] Stealth Rock
|move|p1a: Hatterene|Dazzling Gleam|p2a: Solo RICO Case
|-resisted|p2a: Solo RICO Case
|-damage|p2a: Solo RICO Case|58/100
|
|-weather|Sandstorm|[upkeep]
|-damage|p1a: Hatterene|89/100|[from] Sandstorm
|upkeep
|turn|3
|
|t:|1779586474
|move|p2a: Solo RICO Case|Bullet Punch|p1a: Hatterene
|-supereffective|p1a: Hatterene
|-damage|p1a: Hatterene|0 fnt
|faint|p1a: Hatterene
|
|-weather|Sandstorm|[upkeep]
|upkeep
|
|t:|1779586479
|switch|p1a: Raging Bolt|Raging Bolt|100/100
|turn|4
|
|t:|1779586485
|switch|p2a: Ferrus Manus|Excadrill, F|100/100
|-damage|p2a: Ferrus Manus|97/100|[from] Stealth Rock
|move|p1a: Raging Bolt|Volt Switch|p2a: Ferrus Manus
|-immune|p2a: Ferrus Manus
|
|-weather|Sandstorm|[upkeep]
|-damage|p1a: Raging Bolt|94/100|[from] Sandstorm
|-heal|p2a: Ferrus Manus|100/100|[from] item: Leftovers
|upkeep
|turn|5
|
|t:|1779586500
|-end|p1a: Raging Bolt|Protosynthesis|[silent]
|switch|p1a: Ogerpon|Ogerpon-Wellspring, F|100/100
|move|p2a: Ferrus Manus|Rapid Spin|p1a: Ogerpon
|-damage|p1a: Ogerpon|76/100
|-boost|p2a: Ferrus Manus|spe|1
|-sideend|p2: CopperCorndog|Stealth Rock|[from] move: Rapid Spin|[of] p2a: Ferrus Manus
|
|-weather|Sandstorm|[upkeep]
|-damage|p1a: Ogerpon|70/100|[from] Sandstorm
|upkeep
|turn|6
|
|t:|1779586514
|move|p2a: Ferrus Manus|Earthquake|p1a: Ogerpon
|-resisted|p1a: Ogerpon
|-damage|p1a: Ogerpon|28/100
|move|p1a: Ogerpon|Ivy Cudgel|p2a: Ferrus Manus|[anim] Ivy Cudgel Water
|-supereffective|p2a: Ferrus Manus
|-damage|p2a: Ferrus Manus|0 fnt
|faint|p2a: Ferrus Manus
|
|-weather|Sandstorm|[upkeep]
|-damage|p1a: Ogerpon|22/100|[from] Sandstorm
|upkeep
|
|t:|1779586523
|switch|p2a: Triple T|Gholdengo, shiny|100/100
|turn|7
|
|t:|1779586533
|move|p2a: Triple T|Thunderbolt|p1a: Ogerpon
|-damage|p1a: Ogerpon|0 fnt
|faint|p1a: Ogerpon
|
|-weather|Sandstorm|[upkeep]
|upkeep
|
|t:|1779586545
|switch|p1a: Great Tusk|Great Tusk|100/100
|turn|8
|
|t:|1779586549
|switch|p2a: Coxless Pair|Landorus-Therian, M|100/100
|-ability|p2a: Coxless Pair|Intimidate|boost
|-unboost|p1a: Great Tusk|atk|1
|move|p1a: Great Tusk|Ice Spinner|p2a: Coxless Pair
|-supereffective|p2a: Coxless Pair
|-damage|p2a: Coxless Pair|5/100
|
|-weather|none
|upkeep
|turn|9
|
|t:|1779586557
|move|p2a: Coxless Pair|U-turn|p1a: Great Tusk
|-resisted|p1a: Great Tusk
|-damage|p1a: Great Tusk|91/100
|
|t:|1779586560
|switch|p2a: Solo RICO Case|Scizor, M|58/100|[from] U-turn
|move|p1a: Great Tusk|Rapid Spin|p2a: Solo RICO Case
|-resisted|p2a: Solo RICO Case
|-damage|p2a: Solo RICO Case|52/100
|-boost|p1a: Great Tusk|spe|1
|
|upkeep
|turn|10
|
|t:|1779586570
|-terastallize|p2a: Solo RICO Case|Flying
|move|p1a: Great Tusk|Close Combat|p2a: Solo RICO Case
|-resisted|p2a: Solo RICO Case
|-damage|p2a: Solo RICO Case|33/100
|-unboost|p1a: Great Tusk|def|1
|-unboost|p1a: Great Tusk|spd|1
|move|p2a: Solo RICO Case|Dual Wingbeat|p1a: Great Tusk
|-supereffective|p1a: Great Tusk
|-damage|p1a: Great Tusk|0 fnt
|faint|p1a: Great Tusk
|-end|p1a: Great Tusk|Protosynthesis|[silent]
|-hitcount|p1: Great Tusk|1
|
|upkeep
|
|t:|1779586576
|switch|p1a: Raging Bolt|Raging Bolt|94/100
|turn|11
|
|t:|1779586586
|switch|p2a: Subway Slammer|Tyranitar, M, shiny|59/100
|-weather|Sandstorm|[from] ability: Sand Stream|[of] p2a: Subway Slammer
|move|p1a: Raging Bolt|Dragon Pulse|p2a: Subway Slammer
|-damage|p2a: Subway Slammer|32/100
|
|-weather|Sandstorm|[upkeep]
|-damage|p1a: Raging Bolt|88/100|[from] Sandstorm
|upkeep
|turn|12
|
|t:|1779586597
|move|p1a: Raging Bolt|Volt Switch|p2a: Subway Slammer
|-damage|p2a: Subway Slammer|6/100
|
|t:|1779586600
|-end|p1a: Raging Bolt|Protosynthesis|[silent]
|switch|p1a: Iron Valiant|Iron Valiant|100/100|[from] Volt Switch
|-enditem|p1a: Iron Valiant|Booster Energy
|-activate|p1a: Iron Valiant|ability: Quark Drive|[fromitem]
|-start|p1a: Iron Valiant|quarkdrivespe
|move|p2a: Subway Slammer|Ice Beam|p1a: Iron Valiant
|-damage|p1a: Iron Valiant|59/100
|
|-weather|Sandstorm|[upkeep]
|-damage|p1a: Iron Valiant|52/100|[from] Sandstorm
|upkeep
|turn|13
|
|t:|1779586612
|move|p1a: Iron Valiant|Moonblast|p2a: Subway Slammer
|-supereffective|p2a: Subway Slammer
|-damage|p2a: Subway Slammer|0 fnt
|faint|p2a: Subway Slammer
|
|-weather|Sandstorm|[upkeep]
|-damage|p1a: Iron Valiant|46/100|[from] Sandstorm
|upkeep
|
|t:|1779586618
|switch|p2a: Invincible|Gliscor, F, shiny|100/100
|turn|14
|
|t:|1779586622
|move|p1a: Iron Valiant|Moonblast|p2a: Invincible
|-damage|p2a: Invincible|44/100
|-unboost|p2a: Invincible|spa|1
|move|p2a: Invincible|Toxic|p1a: Iron Valiant
|-status|p1a: Iron Valiant|tox
|
|-weather|Sandstorm|[upkeep]
|-damage|p1a: Iron Valiant|40/100 tox|[from] Sandstorm
|-damage|p1a: Iron Valiant|34/100 tox|[from] psn
|-status|p2a: Invincible|tox|[from] item: Toxic Orb
|upkeep
|turn|15
|
|t:|1779586630
|move|p2a: Invincible|Protect|p2a: Invincible
|-singleturn|p2a: Invincible|Protect
|move|p1a: Iron Valiant|Calm Mind|p1a: Iron Valiant
|-boost|p1a: Iron Valiant|spa|1
|-boost|p1a: Iron Valiant|spd|1
|
|-weather|Sandstorm|[upkeep]
|-damage|p1a: Iron Valiant|27/100 tox|[from] Sandstorm
|-damage|p1a: Iron Valiant|15/100 tox|[from] psn
|-heal|p2a: Invincible|57/100 tox|[from] ability: Poison Heal
|upkeep
|turn|16
|
|t:|1779586640
|switch|p2a: Coxless Pair|Landorus-Therian, M|5/100
|-ability|p2a: Coxless Pair|Intimidate|boost
|-unboost|p1a: Iron Valiant|atk|1
|move|p1a: Iron Valiant|Moonblast|p2a: Coxless Pair
|-damage|p2a: Coxless Pair|0 fnt
|faint|p2a: Coxless Pair
|
|-weather|Sandstorm|[upkeep]
|-damage|p1a: Iron Valiant|9/100 tox|[from] Sandstorm
|-damage|p1a: Iron Valiant|0 fnt|[from] psn
|faint|p1a: Iron Valiant
|-end|p1a: Iron Valiant|Quark Drive|[silent]
|upkeep
|
|t:|1779586656
|switch|p1a: Raging Bolt|Raging Bolt|88/100
|switch|p2a: Invincible|Gliscor, F, shiny|57/100 tox
|turn|17
|
|t:|1779586665
|-terastallize|p1a: Raging Bolt|Fairy
|move|p2a: Invincible|Toxic|p1a: Raging Bolt
|-status|p1a: Raging Bolt|tox
|move|p1a: Raging Bolt|Dragon Pulse|p2a: Invincible
|-damage|p2a: Invincible|0 fnt
|faint|p2a: Invincible
|
|-weather|Sandstorm|[upkeep]
|-damage|p1a: Raging Bolt|82/100 tox|[from] Sandstorm
|-damage|p1a: Raging Bolt|76/100 tox|[from] psn
|upkeep
|
|t:|1779586672
|switch|p2a: Triple T|Gholdengo, shiny|100/100
|turn|18
|
|t:|1779586679
|move|p2a: Triple T|Thunderbolt|p1a: Raging Bolt
|-damage|p1a: Raging Bolt|59/100 tox
|move|p1a: Raging Bolt|Volt Switch|p2a: Triple T
|-damage|p2a: Triple T|52/100
|
|t:|1779586683
|-end|p1a: Raging Bolt|Protosynthesis|[silent]
|switch|p1a: Talonflame|Talonflame, F|100/100|[from] Volt Switch
|
|-weather|none
|upkeep
|turn|19
|
|t:|1779586691
|move|p2a: Triple T|Thunderbolt|p1a: Talonflame
|-supereffective|p1a: Talonflame
|-damage|p1a: Talonflame|6/100
|move|p1a: Talonflame|U-turn|p2a: Triple T
|-resisted|p2a: Triple T
|-damage|p2a: Triple T|45/100
|
|t:|1779586694
|switch|p1a: Raging Bolt|Raging Bolt, tera:Fairy|59/100 tox|[from] U-turn
|
|-damage|p1a: Raging Bolt|53/100 tox|[from] psn
|upkeep
|turn|20
|
|t:|1779586699
|move|p2a: Triple T|Thunderbolt|p1a: Raging Bolt
|-damage|p1a: Raging Bolt|36/100 tox
|move|p1a: Raging Bolt|Volt Switch|p2a: Triple T
|-damage|p2a: Triple T|0 fnt
|faint|p2a: Triple T
|
|t:|1779586701
|-end|p1a: Raging Bolt|Protosynthesis|[silent]
|switch|p1a: Talonflame|Talonflame, F|6/100|[from] Volt Switch
|
|upkeep
|
|t:|1779586704
|switch|p2a: Solo RICO Case|Scizor, M, tera:Flying|33/100
|turn|21
|
|t:|1779586708
|move|p1a: Talonflame|Upper Hand|p2a: Solo RICO Case
|-resisted|p2a: Solo RICO Case
|-damage|p2a: Solo RICO Case|21/100
|cant|p2a: Solo RICO Case|flinch
|
|upkeep
|turn|22
|
|t:|1779586713
|move|p1a: Talonflame|Upper Hand|p2a: Solo RICO Case
|-resisted|p2a: Solo RICO Case
|-damage|p2a: Solo RICO Case|9/100
|cant|p2a: Solo RICO Case|flinch
|
|upkeep
|turn|23
|
|t:|1779586717
|move|p1a: Talonflame|Upper Hand||[still]
|-fail|p1a: Talonflame
|move|p2a: Solo RICO Case|Knock Off|p1a: Talonflame
|-damage|p1a: Talonflame|0 fnt
|-enditem|p1a: Talonflame|Choice Band|[from] move: Knock Off|[of] p2a: Solo RICO Case
|faint|p1a: Talonflame
|
|upkeep
|
|t:|1779586719
|switch|p1a: Raging Bolt|Raging Bolt, tera:Fairy|36/100 tox
|turn|24
|
|t:|1779586725
|move|p1a: Raging Bolt|Volt Switch|p2a: Solo RICO Case
|-supereffective|p2a: Solo RICO Case
|-damage|p2a: Solo RICO Case|0 fnt
|faint|p2a: Solo RICO Case
|
|win|pixel_dragon9
|raw|pixel_dragon9's rating: 1171 &rarr; <strong>1198</strong><br />(+27 for winning)
|raw|CopperCorndog's rating: 1198 &rarr; <strong>1171</strong><br />(-27 for losing)
|l|☆CopperCorndog
|player|p2|
