|j|☆whatthewugiscookin
|j|☆mkgun
|t:|1779677768
|gametype|singles
|player|p1|whatthewugiscookin|cress|1118
|player|p2|mkgun|101|1123
|gen|9
|tier|[Gen 9] OU
|rated|
|rule|HP Percentage Mod: HP is shown in percentages
|rule|Endless Battle Clause: Forcing endless battles is banned
|rule|Species Clause: Limit one of each Pokémon
|rule|OHKO Clause: OHKO moves are banned
|rule|Evasion Items Clause: Evasion items are banned
|rule|Evasion Moves Clause: Evasion moves are banned
|rule|Evasion Abilities Clause: Evasion abilities are banned
|rule|Sleep Moves Clause: Sleep-inducing moves are banned
|clearpoke
|poke|p1|Rotom-Fan|
|poke|p1|Heatran, M|
|poke|p1|Regidrago|
|poke|p1|Corviknight, F|
|poke|p1|Rillaboom, F|
|poke|p1|Great Tusk|
|poke|p2|Garganacl, F|
|poke|p2|Skeledirge, M|
|poke|p2|Clefable, F|
|poke|p2|Great Tusk|
|poke|p2|Weavile, F|
|poke|p2|Crawdaunt, M|
|teampreview
|inactive|Battle timer is ON: inactive players will automatically lose when time's up. (requested by mkgun)
|
|t:|1779677779
|teamsize|p1|6
|teamsize|p2|6
|start
|switch|p1a: address me|Great Tusk|100/100
|switch|p2a: Clefable|Clefable, F|100/100
|-enditem|p1a: address me|Booster Energy
|-activate|p1a: address me|ability: Protosynthesis|[fromitem]
|-start|p1a: address me|protosynthesisatk
|turn|1
|inactive|mkgun has 120 seconds left.
|
|t:|1779677817
|move|p1a: address me|Stealth Rock|p2a: Clefable
|-sidestart|p2: mkgun|move: Stealth Rock
|move|p2a: Clefable|Stealth Rock|p1a: address me
|-sidestart|p1: whatthewugiscookin|move: Stealth Rock
|
|upkeep
|turn|2
|inactive|mkgun has 120 seconds left.
|
|t:|1779677823
|move|p1a: address me|Rapid Spin|p2a: Clefable
|-damage|p2a: Clefable|82/100
|-boost|p1a: address me|spe|1
|-damage|p1a: address me|84/100|[from] item: Rocky Helmet|[of] p2a: Clefable
|-sideend|p1: whatthewugiscookin|Stealth Rock|[from] move: Rapid Spin|[of] p1a: address me
|move|p2a: Clefable|Moonblast|p1a: address me
|-supereffective|p1a: address me
|-damage|p1a: address me|0 fnt
|faint|p1a: address me
|-end|p1a: address me|Protosynthesis|[silent]
|
|upkeep
|
|t:|1779677832
|switch|p1a: redundancy|Rotom-Fan|100/100
|-item|p1a: redundancy|Air Balloon
|turn|3
|inactive|mkgun has 120 seconds left.
|
|t:|1779677848
|move|p1a: redundancy|Nasty Plot|p1a: redundancy
|-boost|p1a: redundancy|spa|2
|move|p2a: Clefable|Knock Off|p1a: redundancy
|-damage|p1a: redundancy|81/100
|-enditem|p1a: redundancy|Air Balloon
|
|upkeep
|turn|4
|inactive|mkgun has 120 seconds left.
|c|☆mkgun|air ballon rotom
|
|t:|1779677868
|move|p1a: redundancy|Discharge|p2a: Clefable
|-damage|p2a: Clefable|10/100
|move|p2a: Clefable|Moonblast|p1a: redundancy
|-damage|p1a: redundancy|36/100
|
|upkeep
|turn|5
|
|t:|1779677876
|move|p1a: redundancy|Discharge|p2a: Clefable
|-damage|p2a: Clefable|0 fnt
|faint|p2a: Clefable
|
|upkeep
|c|☆whatthewugiscookin|my goals are beyond your understanding
|
|t:|1779677892
|switch|p2a: Sahara|Garganacl, F, shiny|100/100
|-damage|p2a: Sahara|88/100|[from] Stealth Rock
|turn|6
|
|t:|1779677901
|move|p1a: redundancy|Discharge|p2a: Sahara
|-damage|p2a: Sahara|33/100
|move|p2a: Sahara|Salt Cure|p1a: redundancy
|-supereffective|p1a: redundancy
|-damage|p1a: redundancy|0 fnt
|faint|p1a: redundancy
|
|-heal|p2a: Sahara|39/100|[from] item: Leftovers
|upkeep
|
|t:|1779677918
|switch|p1a: granite blast|Regidrago, shiny|100/100
|turn|7
|inactive|mkgun has 120 seconds left.
|c|☆whatthewugiscookin|lets larp
|
|t:|1779677930
|-terastallize|p1a: granite blast|Dragon
|move|p1a: granite blast|Dragon Energy|p2a: Sahara
|-damage|p2a: Sahara|0 fnt
|faint|p2a: Sahara
|
|upkeep
|
|t:|1779677945
|switch|p2a: Hello Kitty|Weavile, F, shiny|100/100
|-ability|p2a: Hello Kitty|Pressure
|turn|8
|
|t:|1779677959
|switch|p1a: john heat|Heatran, M|100/100
|move|p2a: Hello Kitty|Icicle Crash|p1a: john heat
|-resisted|p1a: john heat
|-damage|p1a: john heat|92/100
|
|-heal|p1a: john heat|98/100|[from] item: Leftovers
|upkeep
|turn|9
|
|t:|1779677970
|move|p2a: Hello Kitty|Low Kick|p1a: john heat
|-supereffective|p1a: john heat
|-damage|p1a: john heat|34/100
|move|p1a: john heat|Lava Plume|p2a: Hello Kitty
|-supereffective|p2a: Hello Kitty
|-damage|p2a: Hello Kitty|0 fnt
|faint|p2a: Hello Kitty
|
|-heal|p1a: john heat|40/100|[from] item: Leftovers
|upkeep
|
|t:|1779677985
|switch|p2a: DonDon|Great Tusk, shiny|100/100
|-damage|p2a: DonDon|98/100|[from] Stealth Rock
|-enditem|p2a: DonDon|Booster Energy
|-activate|p2a: DonDon|ability: Protosynthesis|[fromitem]
|-start|p2a: DonDon|protosynthesisatk
|turn|10
|
|t:|1779677999
|move|p2a: DonDon|Rapid Spin|p1a: john heat
|-resisted|p1a: john heat
|-damage|p1a: john heat|31/100
|-boost|p2a: DonDon|spe|1
|-sideend|p2: mkgun|Stealth Rock|[from] move: Rapid Spin|[of] p2a: DonDon
|move|p1a: john heat|Lava Plume|p2a: DonDon
|-damage|p2a: DonDon|31/100
|
|-heal|p1a: john heat|37/100|[from] item: Leftovers
|upkeep
|turn|11
|
|t:|1779678010
|move|p2a: DonDon|Headlong Rush|p1a: john heat
|-supereffective|p1a: john heat
|-damage|p1a: john heat|0 fnt
|-unboost|p2a: DonDon|def|1
|-unboost|p2a: DonDon|spd|1
|faint|p1a: john heat
|
|upkeep
|
|t:|1779678013
|switch|p1a: mmm monkey|Rillaboom, F|100/100
|-fieldstart|move: Grassy Terrain|[from] ability: Grassy Surge|[of] p1a: mmm monkey
|turn|12
|
|t:|1779678028
|-terastallize|p2a: DonDon|Fire
|move|p1a: mmm monkey|Grassy Glide|p2a: DonDon
|-resisted|p2a: DonDon
|-damage|p2a: DonDon|9/100
|move|p2a: DonDon|Ice Spinner|p1a: mmm monkey
|-supereffective|p1a: mmm monkey
|-damage|p1a: mmm monkey|35/100
|-fieldend|move: Grassy Terrain
|
|upkeep
|turn|13
|
|t:|1779678053
|switch|p1a: biggest bird|Corviknight, F|100/100
|move|p2a: DonDon|Ice Spinner|p1a: biggest bird
|-damage|p1a: biggest bird|68/100
|
|upkeep
|turn|14
|
|t:|1779678062
|move|p2a: DonDon|Close Combat|p1a: biggest bird
|-damage|p1a: biggest bird|0 fnt
|-unboost|p2a: DonDon|def|1
|-unboost|p2a: DonDon|spd|1
|faint|p1a: biggest bird
|
|upkeep
|
|t:|1779678066
|switch|p1a: mmm monkey|Rillaboom, F|35/100
|-fieldstart|move: Grassy Terrain|[from] ability: Grassy Surge|[of] p1a: mmm monkey
|turn|15
|
|t:|1779678076
|move|p1a: mmm monkey|Grassy Glide|p2a: DonDon
|-resisted|p2a: DonDon
|-damage|p2a: DonDon|0 fnt
|faint|p2a: DonDon
|-end|p2a: DonDon|Protosynthesis|[silent]
|
|-heal|p1a: mmm monkey|41/100|[from] Grassy Terrain
|upkeep
|
|t:|1779678095
|switch|p2a: Dingleberry|Skeledirge, M|100/100
|turn|16
|
|t:|1779678100
|move|p1a: mmm monkey|Knock Off|p2a: Dingleberry
|-supereffective|p2a: Dingleberry
|-damage|p2a: Dingleberry|47/100
|-enditem|p2a: Dingleberry|Heavy-Duty Boots|[from] move: Knock Off|[of] p1a: mmm monkey
|move|p2a: Dingleberry|Torch Song|p1a: mmm monkey
|-supereffective|p1a: mmm monkey
|-damage|p1a: mmm monkey|0 fnt
|-boost|p2a: Dingleberry|spa|1
|faint|p1a: mmm monkey
|
|-heal|p2a: Dingleberry|53/100|[from] Grassy Terrain
|upkeep
|
|t:|1779678107
|switch|p1a: granite blast|Regidrago, shiny, tera:Dragon|100/100
|turn|17
|
|t:|1779678116
|move|p1a: granite blast|Dragon Energy|p2a: Dingleberry
|-damage|p2a: Dingleberry|0 fnt
|faint|p2a: Dingleberry
|
|upkeep
|
|t:|1779678120
|switch|p2a: Exoskeleton|Crawdaunt, M, shiny|100/100
|turn|18
|inactive|mkgun has 120 seconds left.
|
|t:|1779678131
|move|p1a: granite blast|Dragon Energy|p2a: Exoskeleton
|-damage|p2a: Exoskeleton|0 fnt
|faint|p2a: Exoskeleton
|
|win|whatthewugiscookin
|raw|whatthewugiscookin's rating: 1118 &rarr; <strong>1143</strong><br />(+25 for winning)
|raw|mkgun's rating: 1123 &rarr; <strong>1098</strong><br />(-25 for losing)
|c|☆whatthewugiscookin|larp blast
|l|☆mkgun
|player|p2|
|c|☆whatthewugiscookin|gg
|l|☆whatthewugiscookin
|player|p1|
