|j|☆distantmonk
|j|‽Lano Del Rey2
|t:|1779714124
|gametype|singles
|player|p1|distantmonk|li|1330
|player|p2|Lano Del Rey2|swimmer-gen4dp|1322
|gen|9
|tier|[Gen 9] OU
|rated|
|rule|HP Percentage Mod: HP is shown in percentages
|rule|Endless Battle Clause: Forcing endless battles is banned
|rule|Species Clause: Limit one of each Pokémon
|rule|OHKO Clause: OHKO moves are banned
|rule|Evasion Items Clause: Evasion items are banned
|rule|Evasion Moves Clause: Evasion moves are banned
|rule|Evasion Abilities Clause: Evasion abilities are banned
|rule|Sleep Moves Clause: Sleep-inducing moves are banned
|clearpoke
|poke|p1|Ribombee, M|
|poke|p1|Rillaboom, M|
|poke|p1|Gholdengo|
|poke|p1|Tentacruel, F|
|poke|p1|Weavile, M|
|poke|p1|Ceruledge, F|
|poke|p2|Dragonite, M|
|poke|p2|Vaporeon, M|
|poke|p2|Darkrai|
|poke|p2|Sinistcha-Masterpiece|
|poke|p2|Glimmora, F|
|poke|p2|Clefable, F|
|teampreview
|inactive|Battle timer is ON: inactive players will automatically lose when time's up. (requested by Lano Del Rey2)
|inactive|distantmonk also wants the timer to be on.
|
|t:|1779714137
|teamsize|p1|6
|teamsize|p2|6
|start
|switch|p1a: Weavile|Weavile, M|100/100
|switch|p2a: Glimmora|Glimmora, F, shiny|100/100
|turn|1
|
|t:|1779714150
|switch|p2a: Vaporeon|Vaporeon, M|100/100
|move|p1a: Weavile|Triple Axel|p2a: Vaporeon
|-resisted|p2a: Vaporeon
|-damage|p2a: Vaporeon|96/100
|-resisted|p2a: Vaporeon
|-damage|p2a: Vaporeon|84/100
|-resisted|p2a: Vaporeon
|-damage|p2a: Vaporeon|69/100
|-hitcount|p2a: Vaporeon|3
|
|-heal|p2a: Vaporeon|75/100|[from] item: Leftovers
|upkeep
|turn|2
|
|t:|1779714164
|switch|p1a: Rillaboom|Rillaboom, M|100/100
|-fieldstart|move: Grassy Terrain|[from] ability: Grassy Surge|[of] p1a: Rillaboom
|move|p2a: Vaporeon|Scald|p1a: Rillaboom
|-resisted|p1a: Rillaboom
|-damage|p1a: Rillaboom|84/100
|
|-heal|p1a: Rillaboom|91/100|[from] Grassy Terrain
|-heal|p2a: Vaporeon|81/100|[from] Grassy Terrain
|-heal|p2a: Vaporeon|87/100|[from] item: Leftovers
|upkeep
|turn|3
|
|t:|1779714175
|switch|p2a: Sinistcha|Sinistcha-Masterpiece, shiny|100/100
|move|p1a: Rillaboom|Knock Off|p2a: Sinistcha
|-supereffective|p2a: Sinistcha
|-damage|p2a: Sinistcha|31/100
|-enditem|p2a: Sinistcha|Leftovers|[from] move: Knock Off|[of] p1a: Rillaboom
|
|-heal|p1a: Rillaboom|97/100|[from] Grassy Terrain
|-heal|p2a: Sinistcha|37/100|[from] Grassy Terrain
|upkeep
|turn|4
|
|t:|1779714191
|-terastallize|p2a: Sinistcha|Poison
|move|p1a: Rillaboom|Knock Off|p2a: Sinistcha
|-damage|p2a: Sinistcha|10/100
|move|p2a: Sinistcha|Strength Sap|p1a: Rillaboom
|-unboost|p1a: Rillaboom|atk|1
|-heal|p2a: Sinistcha|100/100
|
|-heal|p1a: Rillaboom|100/100|[from] Grassy Terrain
|upkeep
|turn|5
|
|t:|1779714201
|switch|p1a: Tentacruel|Tentacruel, F|100/100
|move|p2a: Sinistcha|Calm Mind|p2a: Sinistcha
|-boost|p2a: Sinistcha|spa|1
|-boost|p2a: Sinistcha|spd|1
|
|upkeep
|turn|6
|
|t:|1779714213
|move|p1a: Tentacruel|Rapid Spin|p2a: Sinistcha
|-damage|p2a: Sinistcha|94/100
|-boost|p1a: Tentacruel|spe|1
|move|p2a: Sinistcha|Shadow Ball|p1a: Tentacruel
|-damage|p1a: Tentacruel|74/100
|
|-heal|p1a: Tentacruel|80/100|[from] Grassy Terrain
|-heal|p2a: Sinistcha|99/100|[from] Grassy Terrain
|-fieldend|move: Grassy Terrain
|upkeep
|turn|7
|
|t:|1779714225
|move|p1a: Tentacruel|Flip Turn|p2a: Sinistcha
|-damage|p2a: Sinistcha|89/100
|
|t:|1779714233
|switch|p1a: Ribombee|Ribombee, M|100/100|[from] Flip Turn
|move|p2a: Sinistcha|Calm Mind|p2a: Sinistcha
|-boost|p2a: Sinistcha|spa|1
|-boost|p2a: Sinistcha|spd|1
|
|upkeep
|turn|8
|
|t:|1779714241
|move|p1a: Ribombee|Sticky Web|p2a: Sinistcha
|-sidestart|p2: Lano Del Rey2|move: Sticky Web
|move|p2a: Sinistcha|Shadow Ball|p1a: Ribombee
|-enditem|p1a: Ribombee|Focus Sash
|-damage|p1a: Ribombee|1/100
|-unboost|p1a: Ribombee|spd|1
|
|upkeep
|turn|9
|
|t:|1779714248
|move|p1a: Ribombee|Stun Spore|p2a: Sinistcha
|-status|p2a: Sinistcha|par
|move|p2a: Sinistcha|Giga Drain|p1a: Ribombee
|-resisted|p1a: Ribombee
|-damage|p1a: Ribombee|0 fnt
|-heal|p2a: Sinistcha|89/100 par|[from] drain|[of] p1a: Ribombee
|faint|p1a: Ribombee
|
|upkeep
|
|t:|1779714260
|switch|p1a: Rillaboom|Rillaboom, M|100/100
|-fieldstart|move: Grassy Terrain|[from] ability: Grassy Surge|[of] p1a: Rillaboom
|turn|10
|
|t:|1779714264
|move|p1a: Rillaboom|High Horsepower|p2a: Sinistcha
|-supereffective|p2a: Sinistcha
|-damage|p2a: Sinistcha|14/100 par
|move|p2a: Sinistcha|Strength Sap|p1a: Rillaboom
|-unboost|p1a: Rillaboom|atk|1
|-heal|p2a: Sinistcha|100/100 par
|
|upkeep
|turn|11
|
|t:|1779714273
|switch|p1a: Gholdengo|Gholdengo|100/100
|move|p2a: Sinistcha|Shadow Ball|p1a: Gholdengo
|-supereffective|p1a: Gholdengo
|-damage|p1a: Gholdengo|0 fnt
|faint|p1a: Gholdengo
|
|upkeep
|
|t:|1779714281
|switch|p1a: Rillaboom|Rillaboom, M|100/100
|turn|12
|
|t:|1779714284
|move|p1a: Rillaboom|High Horsepower|p2a: Sinistcha
|-supereffective|p2a: Sinistcha
|-damage|p2a: Sinistcha|22/100 par
|move|p2a: Sinistcha|Strength Sap|p1a: Rillaboom
|-unboost|p1a: Rillaboom|atk|1
|-heal|p2a: Sinistcha|100/100 par
|
|upkeep
|turn|13
|
|t:|1779714293
|move|p1a: Rillaboom|High Horsepower|p2a: Sinistcha
|-supereffective|p2a: Sinistcha
|-damage|p2a: Sinistcha|53/100 par
|cant|p2a: Sinistcha|par
|
|-heal|p2a: Sinistcha|59/100 par|[from] Grassy Terrain
|upkeep
|turn|14
|
|t:|1779714301
|switch|p1a: Tentacruel|Tentacruel, F|80/100
|move|p2a: Sinistcha|Strength Sap|p1a: Tentacruel
|-fail|p1a: Tentacruel|unboost|[from] ability: Clear Body|[of] p1a: Tentacruel
|-heal|p2a: Sinistcha|100/100 par
|
|-heal|p1a: Tentacruel|86/100|[from] Grassy Terrain
|-fieldend|move: Grassy Terrain
|upkeep
|turn|15
|
|t:|1779714312
|move|p2a: Sinistcha|Giga Drain|p1a: Tentacruel
|-damage|p1a: Tentacruel|53/100
|move|p1a: Tentacruel|Mirror Coat|p2a: Sinistcha
|-damage|p2a: Sinistcha|31/100 par
|
|upkeep
|turn|16
|
|t:|1779714321
|move|p1a: Tentacruel|Flip Turn|p2a: Sinistcha
|-damage|p2a: Sinistcha|21/100 par
|
|t:|1779714326
|switch|p1a: Ceruledge|Ceruledge, F|100/100|[from] Flip Turn
|move|p2a: Sinistcha|Strength Sap|p1a: Ceruledge
|-unboost|p1a: Ceruledge|atk|1
|-heal|p2a: Sinistcha|100/100 par
|
|upkeep
|turn|17
|
|t:|1779714341
|move|p1a: Ceruledge|Bulk Up|p1a: Ceruledge
|-boost|p1a: Ceruledge|atk|1
|-boost|p1a: Ceruledge|def|1
|move|p2a: Sinistcha|Shadow Ball|p1a: Ceruledge
|-supereffective|p1a: Ceruledge
|-damage|p1a: Ceruledge|0 fnt
|faint|p1a: Ceruledge
|
|upkeep
|
|t:|1779714350
|switch|p1a: Rillaboom|Rillaboom, M|100/100
|-fieldstart|move: Grassy Terrain|[from] ability: Grassy Surge|[of] p1a: Rillaboom
|turn|18
|
|t:|1779714354
|move|p1a: Rillaboom|High Horsepower|p2a: Sinistcha|[miss]
|-miss|p1a: Rillaboom|p2a: Sinistcha
|cant|p2a: Sinistcha|par
|
|upkeep
|turn|19
|
|t:|1779714361
|move|p1a: Rillaboom|High Horsepower|p2a: Sinistcha
|-supereffective|p2a: Sinistcha
|-damage|p2a: Sinistcha|27/100 par
|move|p2a: Sinistcha|Strength Sap|p1a: Rillaboom
|-unboost|p1a: Rillaboom|atk|1
|-heal|p2a: Sinistcha|100/100 par
|
|upkeep
|turn|20
|
|t:|1779714370
|switch|p1a: Tentacruel|Tentacruel, F|53/100
|move|p2a: Sinistcha|Shadow Ball|p1a: Tentacruel
|-damage|p1a: Tentacruel|20/100
|
|-heal|p1a: Tentacruel|26/100|[from] Grassy Terrain
|upkeep
|turn|21
|
|t:|1779714378
|cant|p2a: Sinistcha|par
|move|p1a: Tentacruel|Mirror Coat||[still]
|-fail|p1a: Tentacruel
|
|-heal|p1a: Tentacruel|32/100|[from] Grassy Terrain
|upkeep
|turn|22
|
|t:|1779714386
|move|p1a: Tentacruel|Flip Turn|p2a: Sinistcha
|-crit|p2a: Sinistcha
|-damage|p2a: Sinistcha|86/100 par
|
|t:|1779714390
|switch|p1a: Rillaboom|Rillaboom, M|100/100|[from] Flip Turn
|move|p2a: Sinistcha|Calm Mind|p2a: Sinistcha
|-boost|p2a: Sinistcha|spa|1
|-boost|p2a: Sinistcha|spd|1
|
|-heal|p2a: Sinistcha|92/100 par|[from] Grassy Terrain
|-fieldend|move: Grassy Terrain
|upkeep
|turn|23
|
|t:|1779714400
|move|p1a: Rillaboom|High Horsepower|p2a: Sinistcha
|-supereffective|p2a: Sinistcha
|-damage|p2a: Sinistcha|21/100 par
|move|p2a: Sinistcha|Strength Sap|p1a: Rillaboom
|-unboost|p1a: Rillaboom|atk|1
|-heal|p2a: Sinistcha|100/100 par
|
|upkeep
|turn|24
|c|☆distantmonk|How can u be so lucky
|c|☆distantmonk|How
|c|☆distantmonk|How how
|inactive|distantmonk has 120 seconds left.
|c|☆distantmonk|All i need was 1 para
|
|t:|1779714433
|switch|p1a: Tentacruel|Tentacruel, F|32/100
|cant|p2a: Sinistcha|par
|
|upkeep
|turn|25
|
|t:|1779714440
|move|p2a: Sinistcha|Shadow Ball|p1a: Tentacruel
|-damage|p1a: Tentacruel|0 fnt
|faint|p1a: Tentacruel
|
|upkeep
|
|t:|1779714445
|switch|p1a: Weavile|Weavile, M|100/100
|turn|26
|
|t:|1779714458
|move|p1a: Weavile|Triple Axel|p2a: Sinistcha
|-damage|p2a: Sinistcha|90/100 par
|-damage|p2a: Sinistcha|70/100 par
|-damage|p2a: Sinistcha|42/100 par
|-hitcount|p2a: Sinistcha|3
|cant|p2a: Sinistcha|par
|
|upkeep
|turn|27
|
|t:|1779714467
|move|p1a: Weavile|Triple Axel|p2a: Sinistcha
|-damage|p2a: Sinistcha|32/100 par
|-hitcount|p2a: Sinistcha|1
|cant|p2a: Sinistcha|par
|
|upkeep
|turn|28
|c|☆distantmonk|Nice...
|
|t:|1779714477
|move|p1a: Weavile|Triple Axel|p2a: Sinistcha
|-damage|p2a: Sinistcha|23/100 par
|-hitcount|p2a: Sinistcha|1
|cant|p2a: Sinistcha|par
|
|upkeep
|turn|29
|
|t:|1779714483
|move|p1a: Weavile|Triple Axel|p2a: Sinistcha
|-damage|p2a: Sinistcha|12/100 par
|-hitcount|p2a: Sinistcha|1
|move|p2a: Sinistcha|Strength Sap|p1a: Weavile
|-unboost|p1a: Weavile|atk|1
|-heal|p2a: Sinistcha|100/100 par
|
|upkeep
|turn|30
|inactive|distantmonk has 120 seconds left.
|
|t:|1779714516
|move|p1a: Weavile|Triple Axel|p2a: Sinistcha
|-damage|p2a: Sinistcha|94/100 par
|-damage|p2a: Sinistcha|79/100 par
|-crit|p2a: Sinistcha
|-damage|p2a: Sinistcha|29/100 par
|-hitcount|p2a: Sinistcha|3
|move|p2a: Sinistcha|Shadow Ball|p1a: Weavile
|-resisted|p1a: Weavile
|-damage|p1a: Weavile|42/100
|
|upkeep
|turn|31
|inactive|distantmonk has 120 seconds left.
|
|t:|1779714526
|move|p1a: Weavile|Triple Axel|p2a: Sinistcha
|-damage|p2a: Sinistcha|23/100 par
|-damage|p2a: Sinistcha|9/100 par
|-hitcount|p2a: Sinistcha|2
|move|p2a: Sinistcha|Strength Sap|p1a: Weavile
|-unboost|p1a: Weavile|atk|1
|-heal|p2a: Sinistcha|74/100 par
|
|upkeep
|turn|32
|
|t:|1779714535
|move|p1a: Weavile|Triple Axel|p2a: Sinistcha
|-damage|p2a: Sinistcha|69/100 par
|-damage|p2a: Sinistcha|59/100 par
|-damage|p2a: Sinistcha|44/100 par
|-hitcount|p2a: Sinistcha|3
|cant|p2a: Sinistcha|par
|
|upkeep
|turn|33
|
|t:|1779714543
|move|p1a: Weavile|Triple Axel|p2a: Sinistcha
|-damage|p2a: Sinistcha|38/100 par
|-damage|p2a: Sinistcha|29/100 par
|-damage|p2a: Sinistcha|15/100 par
|-hitcount|p2a: Sinistcha|3
|cant|p2a: Sinistcha|par
|
|upkeep
|turn|34
|
|t:|1779714551
|move|p1a: Weavile|Triple Axel|p2a: Sinistcha
|-damage|p2a: Sinistcha|10/100 par
|-damage|p2a: Sinistcha|0 fnt
|faint|p2a: Sinistcha
|-hitcount|p2: Sinistcha|2
|
|upkeep
|
|t:|1779714559
|switch|p2a: Glimmora|Glimmora, F, shiny|100/100
|-activate|p2a: Glimmora|move: Sticky Web
|-unboost|p2a: Glimmora|spe|1
|turn|35
|
|t:|1779714566
|move|p1a: Weavile|Triple Axel|p2a: Glimmora
|-damage|p2a: Glimmora|93/100
|-activate|p2a: Glimmora|ability: Toxic Debris
|-sidestart|p1: distantmonk|move: Toxic Spikes
|-damage|p2a: Glimmora|78/100
|-activate|p2a: Glimmora|ability: Toxic Debris
|-sidestart|p1: distantmonk|move: Toxic Spikes
|-damage|p2a: Glimmora|56/100
|-hitcount|p2a: Glimmora|3
|move|p2a: Glimmora|Mortal Spin|p1a: Weavile
|-damage|p1a: Weavile|32/100
|-status|p1a: Weavile|psn
|-sideend|p2: Lano Del Rey2|Sticky Web|[from] move: Mortal Spin|[of] p2a: Glimmora
|
|-heal|p2a: Glimmora|63/100|[from] item: Leftovers
|-damage|p1a: Weavile|19/100 psn|[from] psn
|upkeep
|turn|36
|
|t:|1779714585
|move|p1a: Weavile|Triple Axel|p2a: Glimmora|[miss]
|-miss|p1a: Weavile|p2a: Glimmora
|move|p2a: Glimmora|Stealth Rock|p1a: Weavile
|-sidestart|p1: distantmonk|move: Stealth Rock
|
|-heal|p2a: Glimmora|69/100|[from] item: Leftovers
|-damage|p1a: Weavile|7/100 psn|[from] psn
|upkeep
|turn|37
|
|t:|1779714593
|move|p1a: Weavile|Triple Axel|p2a: Glimmora
|-damage|p2a: Glimmora|61/100
|-damage|p2a: Glimmora|47/100
|-damage|p2a: Glimmora|26/100
|-hitcount|p2a: Glimmora|3
|move|p2a: Glimmora|Sludge Wave|p1a: Weavile
|-damage|p1a: Weavile|0 fnt
|faint|p1a: Weavile
|
|-heal|p2a: Glimmora|32/100|[from] item: Leftovers
|upkeep
|
|t:|1779714601
|switch|p1a: Rillaboom|Rillaboom, M|100/100
|-status|p1a: Rillaboom|tox
|-damage|p1a: Rillaboom|88/100 tox|[from] Stealth Rock
|-fieldstart|move: Grassy Terrain|[from] ability: Grassy Surge|[of] p1a: Rillaboom
|turn|38
|
|t:|1779714609
|move|p1a: Rillaboom|Knock Off|p2a: Glimmora
|-damage|p2a: Glimmora|0 fnt
|-enditem|p2a: Glimmora|Leftovers|[from] move: Knock Off|[of] p1a: Rillaboom
|faint|p2a: Glimmora
|
|-heal|p1a: Rillaboom|94/100 tox|[from] Grassy Terrain
|-damage|p1a: Rillaboom|88/100 tox|[from] psn
|upkeep
|
|t:|1779714617
|switch|p2a: Darkrai|Darkrai, shiny|100/100
|turn|39
|
|t:|1779714626
|move|p2a: Darkrai|Sludge Bomb|p1a: Rillaboom
|-supereffective|p1a: Rillaboom
|-damage|p1a: Rillaboom|16/100 tox
|move|p1a: Rillaboom|Knock Off|p2a: Darkrai
|-resisted|p2a: Darkrai
|-damage|p2a: Darkrai|63/100
|-enditem|p2a: Darkrai|Choice Scarf|[from] move: Knock Off|[of] p1a: Rillaboom
|
|-heal|p2a: Darkrai|70/100|[from] Grassy Terrain
|-heal|p1a: Rillaboom|22/100 tox|[from] Grassy Terrain
|-damage|p1a: Rillaboom|10/100 tox|[from] psn
|upkeep
|turn|40
|
|t:|1779714636
|move|p2a: Darkrai|Sludge Bomb|p1a: Rillaboom
|-supereffective|p1a: Rillaboom
|-damage|p1a: Rillaboom|0 fnt
|faint|p1a: Rillaboom
|
|win|Lano Del Rey2
|raw|distantmonk's rating: 1330 &rarr; <strong>1310</strong><br />(-20 for losing)
|raw|Lano Del Rey2's rating: 1322 &rarr; <strong>1342</strong><br />(+20 for winning)
|l|‽Lano Del Rey2
|player|p2|
|c|☆distantmonk|Not freaking gg man
|j| playoofs
|j| Burrzirk
