|j|☆Akinarie
|j|☆mayankreddy_8
|t:|1779644745
|gametype|singles
|player|p1|Akinarie|punkgirl-gen7|1351
|player|p2|mayankreddy_8|red|1310
|gen|9
|tier|[Gen 9] OU
|rated|
|rule|HP Percentage Mod: HP is shown in percentages
|rule|Endless Battle Clause: Forcing endless battles is banned
|rule|Species Clause: Limit one of each Pokémon
|rule|OHKO Clause: OHKO moves are banned
|rule|Evasion Items Clause: Evasion items are banned
|rule|Evasion Moves Clause: Evasion moves are banned
|rule|Evasion Abilities Clause: Evasion abilities are banned
|rule|Sleep Moves Clause: Sleep-inducing moves are banned
|clearpoke
|poke|p1|Avalugg-Hisui, F|
|poke|p1|Grimmsnarl, M|
|poke|p1|Dondozo, F|
|poke|p1|Gholdengo|
|poke|p1|Cramorant, F|
|poke|p1|Pikachu-World, M|
|poke|p2|Kingambit, M|
|poke|p2|Cinderace, M|
|poke|p2|Garchomp, M|
|poke|p2|Metagross|
|poke|p2|Iron Valiant|
|poke|p2|Moltres|
|teampreview
|inactive|Battle timer is ON: inactive players will automatically lose when time's up. (requested by Akinarie)
|
|t:|1779644753
|teamsize|p1|6
|teamsize|p2|6
|start
|switch|p1a: Avalugg|Avalugg-Hisui, F|100/100
|switch|p2a: Cinderace|Cinderace, M, shiny|100/100
|turn|1
|
|t:|1779644761
|move|p2a: Cinderace|High Jump Kick|p1a: Avalugg
|-start|p2a: Cinderace|typechange|Fighting|[from] ability: Libero
|-supereffective|p1a: Avalugg
|-ability|p1a: Avalugg|Sturdy
|-damage|p1a: Avalugg|1/100
|move|p1a: Avalugg|Body Press|p2a: Cinderace
|-damage|p2a: Cinderace|40/100
|
|upkeep
|turn|2
|-enditem|p1a: Avalugg|Custap Berry|[eat]
|-activate|p1a: Avalugg|item: Custap Berry|[consumed]
|
|t:|1779644771
|move|p1a: Avalugg|Body Press|p2a: Cinderace
|-damage|p2a: Cinderace|0 fnt
|faint|p2a: Cinderace
|
|upkeep
|
|t:|1779644778
|switch|p2a: Metagross|Metagross, shiny|100/100
|turn|3
|
|t:|1779644781
|move|p1a: Avalugg|Protect|p1a: Avalugg
|-singleturn|p1a: Avalugg|Protect
|move|p2a: Metagross|Bullet Punch|p1a: Avalugg
|-activate|p1a: Avalugg|move: Protect
|
|upkeep
|turn|4
|
|t:|1779644788
|move|p1a: Avalugg|Protect|p1a: Avalugg
|-singleturn|p1a: Avalugg|Protect
|move|p2a: Metagross|Bullet Punch|p1a: Avalugg
|-activate|p1a: Avalugg|move: Protect
|
|upkeep
|turn|5
|
|t:|1779644792
|move|p1a: Avalugg|Protect||[still]
|-fail|p1a: Avalugg
|move|p2a: Metagross|Bullet Punch|p1a: Avalugg
|-supereffective|p1a: Avalugg
|-damage|p1a: Avalugg|0 fnt
|faint|p1a: Avalugg
|
|upkeep
|
|t:|1779644800
|switch|p1a: Gholdengo|Gholdengo|100/100
|turn|6
|
|t:|1779644806
|move|p1a: Gholdengo|Shadow Ball|p2a: Metagross
|-supereffective|p2a: Metagross
|-damage|p2a: Metagross|29/100
|move|p2a: Metagross|Earthquake|p1a: Gholdengo
|-supereffective|p1a: Gholdengo
|-damage|p1a: Gholdengo|18/100
|
|upkeep
|turn|7
|
|t:|1779644813
|move|p2a: Metagross|Bullet Punch|p1a: Gholdengo
|-resisted|p1a: Gholdengo
|-damage|p1a: Gholdengo|4/100
|move|p1a: Gholdengo|Shadow Ball|p2a: Metagross
|-supereffective|p2a: Metagross
|-damage|p2a: Metagross|0 fnt
|faint|p2a: Metagross
|
|upkeep
|
|t:|1779644830
|switch|p2a: Iron Valiant|Iron Valiant|100/100
|-enditem|p2a: Iron Valiant|Booster Energy
|-activate|p2a: Iron Valiant|ability: Quark Drive|[fromitem]
|-start|p2a: Iron Valiant|quarkdrivespe
|turn|8
|
|t:|1779644838
|switch|p1a: Grimmsnarl|Grimmsnarl, M|100/100
|move|p2a: Iron Valiant|Shadow Sneak|p1a: Grimmsnarl
|-resisted|p1a: Grimmsnarl
|-damage|p1a: Grimmsnarl|93/100
|
|upkeep
|turn|9
|
|t:|1779644845
|move|p1a: Grimmsnarl|Reflect|p1a: Grimmsnarl
|-sidestart|p1: Akinarie|Reflect
|move|p2a: Iron Valiant|Spirit Break|p1a: Grimmsnarl
|-supereffective|p1a: Grimmsnarl
|-damage|p1a: Grimmsnarl|51/100
|-unboost|p1a: Grimmsnarl|spa|1
|
|upkeep
|turn|10
|
|t:|1779644852
|move|p1a: Grimmsnarl|Parting Shot|p2a: Iron Valiant
|-unboost|p2a: Iron Valiant|atk|1
|-unboost|p2a: Iron Valiant|spa|1
|
|t:|1779644859
|switch|p1a: Dondozo|Dondozo, F|100/100|[from] Parting Shot
|move|p2a: Iron Valiant|Swords Dance|p2a: Iron Valiant
|-boost|p2a: Iron Valiant|atk|2
|
|upkeep
|turn|11
|
|t:|1779644868
|move|p2a: Iron Valiant|Spirit Break|p1a: Dondozo
|-damage|p1a: Dondozo|89/100
|-unboost|p1a: Dondozo|spa|1
|move|p1a: Dondozo|Curse|p1a: Dondozo
|-unboost|p1a: Dondozo|spe|1
|-boost|p1a: Dondozo|atk|1
|-boost|p1a: Dondozo|def|1
|
|-heal|p1a: Dondozo|95/100|[from] item: Leftovers
|upkeep
|turn|12
|
|t:|1779644882
|-end|p2a: Iron Valiant|Quark Drive|[silent]
|switch|p2a: Moltres|Moltres, shiny|100/100
|move|p1a: Dondozo|Curse|p1a: Dondozo
|-unboost|p1a: Dondozo|spe|1
|-boost|p1a: Dondozo|atk|1
|-boost|p1a: Dondozo|def|1
|
|-heal|p1a: Dondozo|100/100|[from] item: Leftovers
|upkeep
|turn|13
|
|t:|1779644890
|move|p2a: Moltres|Hurricane|p1a: Dondozo
|-damage|p1a: Dondozo|37/100
|move|p1a: Dondozo|Liquidation|p2a: Moltres
|-supereffective|p2a: Moltres
|-damage|p2a: Moltres|0 fnt
|faint|p2a: Moltres
|
|-heal|p1a: Dondozo|43/100|[from] item: Leftovers
|upkeep
|
|t:|1779644900
|switch|p2a: Iron Valiant|Iron Valiant|100/100
|turn|14
|
|t:|1779644913
|move|p2a: Iron Valiant|Spirit Break|p1a: Dondozo
|-damage|p1a: Dondozo|37/100
|-unboost|p1a: Dondozo|spa|1
|move|p1a: Dondozo|Curse|p1a: Dondozo
|-unboost|p1a: Dondozo|spe|1
|-boost|p1a: Dondozo|atk|1
|-boost|p1a: Dondozo|def|1
|
|-heal|p1a: Dondozo|43/100|[from] item: Leftovers
|upkeep
|turn|15
|
|t:|1779644926
|-end|p2a: Iron Valiant|Quark Drive|[silent]
|switch|p2a: Garchomp|Garchomp, M|100/100
|move|p1a: Dondozo|Curse|p1a: Dondozo
|-unboost|p1a: Dondozo|spe|1
|-boost|p1a: Dondozo|atk|1
|-boost|p1a: Dondozo|def|1
|
|-heal|p1a: Dondozo|49/100|[from] item: Leftovers
|upkeep
|turn|16
|
|t:|1779644937
|move|p2a: Garchomp|Fire Fang|p1a: Dondozo
|-resisted|p1a: Dondozo
|-damage|p1a: Dondozo|48/100
|move|p1a: Dondozo|Curse|p1a: Dondozo
|-unboost|p1a: Dondozo|spe|1
|-boost|p1a: Dondozo|atk|1
|-boost|p1a: Dondozo|def|1
|
|-heal|p1a: Dondozo|54/100|[from] item: Leftovers
|-sideend|p1: Akinarie|Reflect
|upkeep
|turn|17
|
|t:|1779644945
|move|p2a: Garchomp|Fire Fang|p1a: Dondozo
|-resisted|p1a: Dondozo
|-damage|p1a: Dondozo|52/100
|move|p1a: Dondozo|Curse|p1a: Dondozo
|-unboost|p1a: Dondozo|spe|1
|-boost|p1a: Dondozo|atk|1
|-boost|p1a: Dondozo|def|1
|
|-heal|p1a: Dondozo|59/100|[from] item: Leftovers
|upkeep
|turn|18
|
|t:|1779644953
|move|p2a: Garchomp|Fire Fang|p1a: Dondozo
|-resisted|p1a: Dondozo
|-damage|p1a: Dondozo|57/100
|move|p1a: Dondozo|Liquidation|p2a: Garchomp
|-damage|p2a: Garchomp|0 fnt
|-damage|p1a: Dondozo|45/100|[from] ability: Rough Skin|[of] p2a: Garchomp
|-damage|p1a: Dondozo|28/100|[from] item: Rocky Helmet|[of] p2a: Garchomp
|faint|p2a: Garchomp
|
|-heal|p1a: Dondozo|34/100|[from] item: Leftovers
|upkeep
|
|t:|1779644964
|switch|p2a: Kingambit|Kingambit, M, shiny|100/100
|-activate|p2a: Kingambit|ability: Supreme Overlord
|-start|p2a: Kingambit|fallen4|[silent]
|turn|19
|
|t:|1779644972
|move|p2a: Kingambit|Sucker Punch||[still]
|-fail|p2a: Kingambit
|move|p1a: Dondozo|Rest|p1a: Dondozo
|-status|p1a: Dondozo|slp|[from] move: Rest
|-heal|p1a: Dondozo|100/100 slp|[silent]
|
|upkeep
|turn|20
|
|t:|1779644978
|move|p2a: Kingambit|Swords Dance|p2a: Kingambit
|-boost|p2a: Kingambit|atk|2
|cant|p1a: Dondozo|slp
|move|p1a: Dondozo|Sleep Talk|p1a: Dondozo
|move|p1a: Dondozo|Liquidation|p2a: Kingambit|[from] move: Sleep Talk
|-crit|p2a: Kingambit
|-damage|p2a: Kingambit|0 fnt
|faint|p2a: Kingambit
|-end|p2a: Kingambit|fallen4|[silent]
|
|upkeep
|-message|mayankreddy_8 forfeited.
|
|win|Akinarie
|raw|Akinarie's rating: 1351 &rarr; <strong>1369</strong><br />(+18 for winning)
|raw|mayankreddy_8's rating: 1310 &rarr; <strong>1292</strong><br />(-18 for losing)
|l|☆mayankreddy_8
|player|p2|
|l|☆Akinarie
|player|p1|
