|j|☆yeroVH
|j|☆Eleazar98
|t:|1779568976
|gametype|singles
|player|p1|yeroVH|hilbert|1140
|player|p2|Eleazar98|steven|1196
|gen|9
|tier|[Gen 9] OU
|rated|
|rule|HP Percentage Mod: HP is shown in percentages
|rule|Endless Battle Clause: Forcing endless battles is banned
|rule|Species Clause: Limit one of each Pokémon
|rule|OHKO Clause: OHKO moves are banned
|rule|Evasion Items Clause: Evasion items are banned
|rule|Evasion Moves Clause: Evasion moves are banned
|rule|Evasion Abilities Clause: Evasion abilities are banned
|rule|Sleep Moves Clause: Sleep-inducing moves are banned
|clearpoke
|poke|p1|Torkoal, F|
|poke|p1|Camerupt, F|
|poke|p1|Metagross|
|poke|p1|Venusaur, M|
|poke|p1|Shiftry, M|
|poke|p1|Whimsicott, F|
|poke|p2|Volcanion|
|poke|p2|Zamazenta-*|
|poke|p2|Dondozo, M|
|poke|p2|Kingambit, M|
|poke|p2|Great Tusk|
|poke|p2|Glimmora, M|
|teampreview
|
|t:|1779568987
|teamsize|p1|6
|teamsize|p2|6
|start
|switch|p1a: Metagross|Metagross|100/100
|switch|p2a: Grim|Glimmora, M|100/100
|turn|1
|
|t:|1779568995
|move|p2a: Grim|Stealth Rock|p1a: Metagross
|-sidestart|p1: yeroVH|move: Stealth Rock
|move|p1a: Metagross|Meteor Mash|p2a: Grim
|-supereffective|p2a: Grim
|-enditem|p2a: Grim|Focus Sash
|-damage|p2a: Grim|1/100
|-activate|p2a: Grim|ability: Toxic Debris
|-sidestart|p1: yeroVH|move: Toxic Spikes
|
|upkeep
|turn|2
|
|t:|1779569016
|move|p2a: Grim|Spikes|p1a: Metagross
|-sidestart|p1: yeroVH|Spikes
|move|p1a: Metagross|Meteor Mash|p2a: Grim
|-supereffective|p2a: Grim
|-damage|p2a: Grim|0 fnt
|-activate|p2a: Grim|ability: Toxic Debris
|-sidestart|p1: yeroVH|move: Toxic Spikes
|faint|p2a: Grim
|
|upkeep
|
|t:|1779569030
|switch|p2a: K9|Zamazenta|100/100
|-ability|p2a: K9|Dauntless Shield|boost
|-boost|p2a: K9|def|1
|turn|3
|
|t:|1779569044
|switch|p1a: Whimsicott|Whimsicott, F, shiny|100/100
|-damage|p1a: Whimsicott|88/100|[from] Stealth Rock
|-status|p1a: Whimsicott|tox
|-damage|p1a: Whimsicott|76/100 tox|[from] Spikes
|move|p2a: K9|Iron Defense|p2a: K9
|-boost|p2a: K9|def|2
|
|-damage|p1a: Whimsicott|70/100 tox|[from] psn
|upkeep
|turn|4
|
|t:|1779569079
|move|p1a: Whimsicott|Encore|p2a: K9
|-start|p2a: K9|Encore
|move|p2a: K9|Iron Defense|p2a: K9
|-boost|p2a: K9|def|2
|
|-damage|p1a: Whimsicott|58/100 tox|[from] psn
|upkeep
|turn|5
|
|t:|1779569091
|switch|p2a: D|Dondozo, M|100/100
|move|p1a: Whimsicott|Moonblast|p2a: D
|-damage|p2a: D|53/100
|
|-heal|p2a: D|59/100|[from] item: Leftovers
|-damage|p1a: Whimsicott|39/100 tox|[from] psn
|upkeep
|turn|6
|
|t:|1779569100
|switch|p1a: Venusaur|Venusaur, M|100/100
|-damage|p1a: Venusaur|88/100|[from] Stealth Rock
|-sideend|p1: yeroVH|move: Toxic Spikes|[of] p1a: Venusaur
|-damage|p1a: Venusaur|75/100|[from] Spikes
|move|p2a: D|Rest|p2a: D
|-status|p2a: D|slp|[from] move: Rest
|-heal|p2a: D|100/100 slp|[silent]
|
|upkeep
|turn|7
|
|t:|1779569105
|move|p1a: Venusaur|Giga Drain|p2a: D
|-supereffective|p2a: D
|-damage|p2a: D|13/100 slp
|-heal|p1a: Venusaur|100/100|[from] drain|[of] p2a: D
|-damage|p1a: Venusaur|91/100|[from] item: Life Orb
|cant|p2a: D|slp
|move|p2a: D|Sleep Talk|p2a: D
|move|p2a: D|Rest||[from] move: Sleep Talk|[still]
|-fail|p2a: D
|
|-heal|p2a: D|20/100 slp|[from] item: Leftovers
|upkeep
|turn|8
|
|t:|1779569109
|switch|p1a: Torkoal|Torkoal, F|100/100
|-damage|p1a: Torkoal|76/100|[from] Stealth Rock
|-damage|p1a: Torkoal|63/100|[from] Spikes
|-weather|SunnyDay|[from] ability: Drought|[of] p1a: Torkoal
|cant|p2a: D|slp
|move|p2a: D|Sleep Talk|p2a: D
|move|p2a: D|Curse|p2a: D|[from] move: Sleep Talk
|-unboost|p2a: D|spe|1
|-boost|p2a: D|atk|1
|-boost|p2a: D|def|1
|
|-weather|SunnyDay|[upkeep]
|-heal|p2a: D|26/100 slp|[from] item: Leftovers
|upkeep
|turn|9
|
|t:|1779569111
|-curestatus|p2a: D|slp|[msg]
|move|p2a: D|Wave Crash|p1a: Torkoal
|-supereffective|p1a: Torkoal
|-damage|p1a: Torkoal|8/100
|-damage|p2a: D|15/100|[from] Recoil
|move|p1a: Torkoal|Rapid Spin|p2a: D
|-damage|p2a: D|12/100
|-boost|p1a: Torkoal|spe|1
|-sideend|p1: yeroVH|Spikes|[from] move: Rapid Spin|[of] p1a: Torkoal
|-sideend|p1: yeroVH|Stealth Rock|[from] move: Rapid Spin|[of] p1a: Torkoal
|
|-weather|SunnyDay|[upkeep]
|-heal|p2a: D|18/100|[from] item: Leftovers
|upkeep
|turn|10
|
|t:|1779569121
|switch|p1a: Venusaur|Venusaur, M|91/100
|move|p2a: D|Wave Crash|p1a: Venusaur
|-resisted|p1a: Venusaur
|-damage|p1a: Venusaur|71/100
|-damage|p2a: D|14/100|[from] Recoil
|
|-weather|SunnyDay|[upkeep]
|-heal|p2a: D|20/100|[from] item: Leftovers
|upkeep
|turn|11
|
|t:|1779569125
|move|p1a: Venusaur|Giga Drain|p2a: D
|-supereffective|p2a: D
|-damage|p2a: D|0 fnt
|-heal|p1a: Venusaur|86/100|[from] drain|[of] p2a: D
|faint|p2a: D
|-damage|p1a: Venusaur|76/100|[from] item: Life Orb
|
|-weather|SunnyDay|[upkeep]
|upkeep
|
|t:|1779569131
|switch|p2a: Sol|Volcanion|100/100
|turn|12
|
|t:|1779569147
|move|p1a: Venusaur|Earth Power|p2a: Sol
|-supereffective|p2a: Sol
|-damage|p2a: Sol|53/100
|-damage|p1a: Venusaur|66/100|[from] item: Life Orb
|move|p2a: Sol|Sludge Wave|p1a: Venusaur
|-damage|p1a: Venusaur|30/100
|
|-weather|SunnyDay|[upkeep]
|upkeep
|turn|13
|
|t:|1779569180
|move|p1a: Venusaur|Earth Power|p2a: Sol
|-supereffective|p2a: Sol
|-damage|p2a: Sol|7/100
|-damage|p1a: Venusaur|20/100|[from] item: Life Orb
|move|p2a: Sol|Sludge Wave|p1a: Venusaur
|-damage|p1a: Venusaur|0 fnt
|faint|p1a: Venusaur
|
|-weather|SunnyDay|[upkeep]
|upkeep
|
|t:|1779569184
|switch|p1a: Whimsicott|Whimsicott, F, shiny|39/100 tox
|turn|14
|
|t:|1779569185
|move|p1a: Whimsicott|Moonblast|p2a: Sol
|-resisted|p2a: Sol
|-damage|p2a: Sol|0 fnt
|faint|p2a: Sol
|
|-weather|SunnyDay|[upkeep]
|-damage|p1a: Whimsicott|33/100 tox|[from] psn
|upkeep
|
|t:|1779569201
|switch|p2a: K9|Zamazenta|100/100
|turn|15
|
|t:|1779569208
|move|p2a: K9|Body Press|p1a: Whimsicott
|-resisted|p1a: Whimsicott
|-damage|p1a: Whimsicott|12/100 tox
|move|p1a: Whimsicott|Moonblast|p2a: K9
|-supereffective|p2a: K9
|-damage|p2a: K9|22/100
|-unboost|p2a: K9|spa|1
|
|-weather|none
|-heal|p2a: K9|29/100|[from] item: Leftovers
|-damage|p1a: Whimsicott|0 fnt|[from] psn
|faint|p1a: Whimsicott
|upkeep
|
|t:|1779569221
|switch|p1a: Torkoal|Torkoal, F|8/100
|-weather|SunnyDay|[from] ability: Drought|[of] p1a: Torkoal
|turn|16
|
|t:|1779569232
|move|p2a: K9|Body Press|p1a: Torkoal
|-damage|p1a: Torkoal|0 fnt
|faint|p1a: Torkoal
|
|-weather|SunnyDay|[upkeep]
|-heal|p2a: K9|35/100|[from] item: Leftovers
|upkeep
|
|t:|1779569236
|switch|p1a: Camerupt|Camerupt, F|100/100
|turn|17
|
|t:|1779569245
|move|p2a: K9|Body Press|p1a: Camerupt
|-damage|p1a: Camerupt|64/100
|move|p1a: Camerupt|Lava Plume|p2a: K9
|-damage|p2a: K9|0 fnt
|faint|p2a: K9
|
|-weather|SunnyDay|[upkeep]
|upkeep
|
|t:|1779569250
|switch|p2a: WAR|Great Tusk|100/100
|-activate|p2a: WAR|ability: Protosynthesis
|-start|p2a: WAR|protosynthesisatk
|turn|18
|
|t:|1779569255
|move|p2a: WAR|Rapid Spin|p1a: Camerupt
|-damage|p1a: Camerupt|37/100
|-boost|p2a: WAR|spe|1
|move|p1a: Camerupt|Solar Beam||[still]
|-prepare|p1a: Camerupt|Solar Beam
|-anim|p1a: Camerupt|Solar Beam|p2a: WAR
|-supereffective|p2a: WAR
|-damage|p2a: WAR|0 fnt
|faint|p2a: WAR
|-end|p2a: WAR|Protosynthesis|[silent]
|
|-weather|SunnyDay|[upkeep]
|upkeep
|
|t:|1779569261
|switch|p2a: Jin Sakai|Kingambit, M|100/100
|-activate|p2a: Jin Sakai|ability: Supreme Overlord
|-start|p2a: Jin Sakai|fallen5|[silent]
|turn|19
|
|t:|1779569269
|-terastallize|p2a: Jin Sakai|Flying
|move|p2a: Jin Sakai|Swords Dance|p2a: Jin Sakai
|-boost|p2a: Jin Sakai|atk|2
|move|p1a: Camerupt|Fire Blast|p2a: Jin Sakai
|-damage|p2a: Jin Sakai|27/100
|
|-weather|SunnyDay|[upkeep]
|upkeep
|turn|20
|
|t:|1779569291
|move|p2a: Jin Sakai|Kowtow Cleave|p1a: Camerupt
|-damage|p1a: Camerupt|0 fnt
|faint|p1a: Camerupt
|
|-weather|SunnyDay|[upkeep]
|upkeep
|
|t:|1779569294
|switch|p1a: Shiftry|Shiftry, M|100/100
|turn|21
|
|t:|1779569299
|move|p2a: Jin Sakai|Sucker Punch||[still]
|-fail|p2a: Jin Sakai
|move|p1a: Shiftry|Tailwind|p1a: Shiftry
|-sidestart|p1: yeroVH|move: Tailwind
|-ability|p1a: Shiftry|Wind Rider|boost
|-boost|p1a: Shiftry|atk|1
|
|-weather|SunnyDay|[upkeep]
|upkeep
|turn|22
|
|t:|1779569308
|move|p2a: Jin Sakai|Sucker Punch|p1a: Shiftry
|-resisted|p1a: Shiftry
|-enditem|p1a: Shiftry|Focus Sash
|-damage|p1a: Shiftry|1/100
|move|p1a: Shiftry|Knock Off|p2a: Jin Sakai
|-damage|p2a: Jin Sakai|0 fnt
|-enditem|p2a: Jin Sakai|Black Glasses|[from] move: Knock Off|[of] p1a: Shiftry
|faint|p2a: Jin Sakai
|-end|p2a: Jin Sakai|fallen5|[silent]
|
|win|yeroVH
|raw|yeroVH's rating: 1140 &rarr; <strong>1167</strong><br />(+27 for winning)
|raw|Eleazar98's rating: 1171 &rarr; <strong>1144</strong><br />(-27 for losing)
|l|☆yeroVH
|player|p1|
|l|☆Eleazar98
|player|p2|
