|j|☆npctypebeat
|j|☆ddrago2009
|t:|1779657057
|gametype|singles
|player|p1|npctypebeat|101|1182
|player|p2|ddrago2009|pokemaniac|1213
|gen|9
|tier|[Gen 9] OU
|rated|
|rule|HP Percentage Mod: HP is shown in percentages
|rule|Endless Battle Clause: Forcing endless battles is banned
|rule|Species Clause: Limit one of each Pokémon
|rule|OHKO Clause: OHKO moves are banned
|rule|Evasion Items Clause: Evasion items are banned
|rule|Evasion Moves Clause: Evasion moves are banned
|rule|Evasion Abilities Clause: Evasion abilities are banned
|rule|Sleep Moves Clause: Sleep-inducing moves are banned
|clearpoke
|poke|p1|Corviknight, F|
|poke|p1|Ting-Lu|
|poke|p1|Kyurem|
|poke|p1|Dondozo, M|
|poke|p1|Slowking-Galar, F|
|poke|p1|Cinderace, M|
|poke|p2|Polteageist|
|poke|p2|Indeedee, M|
|poke|p2|Great Tusk|
|poke|p2|Gholdengo|
|poke|p2|Cinderace, F|
|poke|p2|Dragonite, M|
|teampreview
|inactive|Battle timer is ON: inactive players will automatically lose when time's up. (requested by ddrago2009)
|c|☆npctypebeat|hf
|
|t:|1779657072
|teamsize|p1|6
|teamsize|p2|6
|start
|switch|p1a: Cinderace|Cinderace, M|100/100
|switch|p2a: Gholdengo|Gholdengo|100/100
|turn|1
|inactive|npctypebeat also wants the timer to be on.
|
|t:|1779657093
|switch|p2a: Great Tusk|Great Tusk|100/100
|-enditem|p2a: Great Tusk|Booster Energy
|-activate|p2a: Great Tusk|ability: Protosynthesis|[fromitem]
|-start|p2a: Great Tusk|protosynthesisatk
|move|p1a: Cinderace|Pyro Ball|p2a: Great Tusk
|-damage|p2a: Great Tusk|67/100
|
|upkeep
|turn|2
|
|t:|1779657100
|switch|p1a: Corviknight|Corviknight, F|100/100
|-ability|p1a: Corviknight|Pressure
|move|p2a: Great Tusk|Rapid Spin|p1a: Corviknight
|-resisted|p1a: Corviknight
|-damage|p1a: Corviknight|93/100
|-boost|p2a: Great Tusk|spe|1
|-damage|p2a: Great Tusk|50/100|[from] item: Rocky Helmet|[of] p1a: Corviknight
|
|upkeep
|turn|3
|
|t:|1779657109
|move|p2a: Great Tusk|Knock Off|p1a: Corviknight
|-damage|p1a: Corviknight|66/100
|-damage|p2a: Great Tusk|34/100|[from] item: Rocky Helmet|[of] p1a: Corviknight
|-enditem|p1a: Corviknight|Rocky Helmet|[from] move: Knock Off|[of] p2a: Great Tusk
|move|p1a: Corviknight|Brave Bird|p2a: Great Tusk
|-supereffective|p2a: Great Tusk
|-damage|p2a: Great Tusk|0 fnt
|faint|p2a: Great Tusk
|-end|p2a: Great Tusk|Protosynthesis|[silent]
|-damage|p1a: Corviknight|55/100|[from] Recoil
|
|upkeep
|
|t:|1779657119
|switch|p2a: Dragonite|Dragonite, M|100/100
|turn|4
|
|t:|1779657136
|move|p2a: Dragonite|Dragon Dance|p2a: Dragonite
|-boost|p2a: Dragonite|atk|1
|-boost|p2a: Dragonite|spe|1
|move|p1a: Corviknight|Brave Bird|p2a: Dragonite
|-damage|p2a: Dragonite|80/100
|-damage|p1a: Corviknight|50/100|[from] Recoil
|
|upkeep
|turn|5
|
|t:|1779657150
|move|p2a: Dragonite|Fire Punch|p1a: Corviknight
|-supereffective|p1a: Corviknight
|-damage|p1a: Corviknight|2/100
|move|p1a: Corviknight|Roost|p1a: Corviknight
|-heal|p1a: Corviknight|52/100
|-singleturn|p1a: Corviknight|move: Roost
|
|upkeep
|turn|6
|
|t:|1779657166
|move|p2a: Dragonite|Dragon Dance|p2a: Dragonite
|-boost|p2a: Dragonite|atk|1
|-boost|p2a: Dragonite|spe|1
|move|p1a: Corviknight|Brave Bird|p2a: Dragonite
|-damage|p2a: Dragonite|42/100
|-damage|p1a: Corviknight|41/100|[from] Recoil
|
|upkeep
|turn|7
|
|t:|1779657184
|switch|p1a: Slowking|Slowking-Galar, F|100/100
|move|p2a: Dragonite|Fire Punch|p1a: Slowking
|-damage|p1a: Slowking|64/100
|
|upkeep
|turn|8
|inactive|npctypebeat has 120 seconds left.
|
|t:|1779657202
|-terastallize|p2a: Dragonite|Normal
|move|p2a: Dragonite|Extreme Speed|p1a: Slowking
|-damage|p1a: Slowking|0 fnt
|faint|p1a: Slowking
|
|upkeep
|
|t:|1779657204
|switch|p1a: Ting-Lu|Ting-Lu|100/100
|-ability|p1a: Ting-Lu|Vessel of Ruin
|turn|9
|
|t:|1779657210
|move|p2a: Dragonite|Roost|p2a: Dragonite
|-heal|p2a: Dragonite|92/100
|move|p1a: Ting-Lu|Earthquake|p2a: Dragonite
|-damage|p2a: Dragonite|54/100
|
|upkeep
|turn|10
|
|t:|1779657215
|move|p2a: Dragonite|Roost|p2a: Dragonite
|-heal|p2a: Dragonite|100/100
|move|p1a: Ting-Lu|Earthquake|p2a: Dragonite
|-damage|p2a: Dragonite|80/100
|
|upkeep
|turn|11
|
|t:|1779657221
|switch|p1a: Dondozo|Dondozo, M|100/100
|move|p2a: Dragonite|Extreme Speed|p1a: Dondozo
|-damage|p1a: Dondozo|76/100
|
|-heal|p1a: Dondozo|82/100|[from] item: Leftovers
|upkeep
|turn|12
|
|t:|1779657231
|switch|p2a: Gholdengo|Gholdengo|100/100
|move|p1a: Dondozo|Body Press|p2a: Gholdengo
|-immune|p2a: Gholdengo
|
|-heal|p1a: Dondozo|88/100|[from] item: Leftovers
|upkeep
|turn|13
|
|t:|1779657241
|move|p2a: Gholdengo|Trick|p1a: Dondozo
|-activate|p2a: Gholdengo|move: Trick|[of] p1a: Dondozo
|-item|p1a: Dondozo|Choice Scarf|[from] move: Trick
|-item|p2a: Gholdengo|Leftovers|[from] move: Trick
|move|p1a: Dondozo|Waterfall|p2a: Gholdengo
|-damage|p2a: Gholdengo|71/100
|
|-heal|p2a: Gholdengo|77/100|[from] item: Leftovers
|upkeep
|turn|14
|
|t:|1779657251
|switch|p1a: Cinderace|Cinderace, M|100/100
|move|p2a: Gholdengo|Thunderbolt|p1a: Cinderace
|-damage|p1a: Cinderace|61/100
|
|-heal|p2a: Gholdengo|83/100|[from] item: Leftovers
|upkeep
|turn|15
|
|t:|1779657261
|switch|p2a: Polteageist|Polteageist|100/100
|move|p1a: Cinderace|Pyro Ball|p2a: Polteageist
|-damage|p2a: Polteageist|19/100
|-ability|p2a: Polteageist|Weak Armor|boost
|-unboost|p2a: Polteageist|def|1
|-boost|p2a: Polteageist|spe|2
|
|upkeep
|turn|16
|
|t:|1779657272
|move|p2a: Polteageist|Shadow Ball|p1a: Cinderace
|-damage|p1a: Cinderace|2/100
|move|p1a: Cinderace|Pyro Ball|p2a: Polteageist
|-damage|p2a: Polteageist|0 fnt
|faint|p2a: Polteageist
|
|upkeep
|
|t:|1779657280
|switch|p2a: Dragonite|Dragonite, M, tera:Normal|80/100
|turn|17
|
|t:|1779657292
|switch|p1a: Ting-Lu|Ting-Lu|100/100
|-ability|p1a: Ting-Lu|Vessel of Ruin
|move|p2a: Dragonite|Fire Punch|p1a: Ting-Lu
|-damage|p1a: Ting-Lu|85/100
|
|-heal|p1a: Ting-Lu|91/100|[from] item: Leftovers
|upkeep
|turn|18
|
|t:|1779657307
|move|p2a: Dragonite|Dragon Dance|p2a: Dragonite
|-boost|p2a: Dragonite|atk|1
|-boost|p2a: Dragonite|spe|1
|move|p1a: Ting-Lu|Earthquake|p2a: Dragonite
|-damage|p2a: Dragonite|39/100
|
|-heal|p1a: Ting-Lu|97/100|[from] item: Leftovers
|upkeep
|turn|19
|
|t:|1779657315
|switch|p1a: Dondozo|Dondozo, M|88/100
|move|p2a: Dragonite|Roost|p2a: Dragonite
|-heal|p2a: Dragonite|89/100
|
|upkeep
|turn|20
|
|t:|1779657323
|move|p2a: Dragonite|Dragon Dance|p2a: Dragonite
|-boost|p2a: Dragonite|atk|1
|-boost|p2a: Dragonite|spe|1
|move|p1a: Dondozo|Body Press|p2a: Dragonite
|-supereffective|p2a: Dragonite
|-damage|p2a: Dragonite|40/100
|
|upkeep
|turn|21
|
|t:|1779657339
|switch|p2a: Gholdengo|Gholdengo|83/100
|move|p1a: Dondozo|Body Press|p2a: Gholdengo
|-immune|p2a: Gholdengo
|
|-heal|p2a: Gholdengo|89/100|[from] item: Leftovers
|upkeep
|turn|22
|
|t:|1779657350
|switch|p1a: Ting-Lu|Ting-Lu|97/100
|-ability|p1a: Ting-Lu|Vessel of Ruin
|move|p2a: Gholdengo|Thunderbolt|p1a: Ting-Lu
|-immune|p1a: Ting-Lu
|
|-heal|p2a: Gholdengo|95/100|[from] item: Leftovers
|-heal|p1a: Ting-Lu|100/100|[from] item: Leftovers
|upkeep
|turn|23
|
|t:|1779657370
|move|p2a: Gholdengo|Make It Rain|p1a: Ting-Lu
|-damage|p1a: Ting-Lu|72/100
|-unboost|p2a: Gholdengo|spa|1
|move|p1a: Ting-Lu|Payback|p2a: Gholdengo
|-supereffective|p2a: Gholdengo
|-damage|p2a: Gholdengo|17/100
|
|-heal|p2a: Gholdengo|23/100|[from] item: Leftovers
|-heal|p1a: Ting-Lu|78/100|[from] item: Leftovers
|upkeep
|turn|24
|
|t:|1779657383
|switch|p2a: Indeedee|Indeedee, M|100/100
|-fieldstart|move: Psychic Terrain|[from] ability: Psychic Surge|[of] p2a: Indeedee
|move|p1a: Ting-Lu|Earthquake|p2a: Indeedee
|-damage|p2a: Indeedee|19/100
|
|-heal|p1a: Ting-Lu|84/100|[from] item: Leftovers
|upkeep
|turn|25
|
|t:|1779657398
|switch|p1a: Cinderace|Cinderace, M|2/100
|move|p2a: Indeedee|Healing Wish|p2a: Indeedee
|faint|p2a: Indeedee
|
|upkeep
|
|t:|1779657401
|switch|p2a: Gholdengo|Gholdengo|23/100
|-heal|p2a: Gholdengo|100/100|[from] move: Healing Wish
|turn|26
|
|t:|1779657406
|move|p1a: Cinderace|Pyro Ball|p2a: Gholdengo
|-supereffective|p2a: Gholdengo
|-damage|p2a: Gholdengo|0 fnt
|faint|p2a: Gholdengo
|
|upkeep
|-message|ddrago2009 forfeited.
|
|win|npctypebeat
|raw|npctypebeat's rating: 1158 &rarr; <strong>1187</strong><br />(+29 for winning)
|raw|ddrago2009's rating: 1213 &rarr; <strong>1184</strong><br />(-29 for losing)
|c|☆npctypebeat|gg
|l|☆ddrago2009
|player|p2|
