|j|☆jarrah1z
|j|☆RedArrow67
|t:|1779668279
|gametype|singles
|player|p1|jarrah1z|102|1290
|player|p2|RedArrow67|169|1272
|gen|9
|tier|[Gen 9] OU
|rated|
|rule|HP Percentage Mod: HP is shown in percentages
|rule|Endless Battle Clause: Forcing endless battles is banned
|rule|Species Clause: Limit one of each Pokémon
|rule|OHKO Clause: OHKO moves are banned
|rule|Evasion Items Clause: Evasion items are banned
|rule|Evasion Moves Clause: Evasion moves are banned
|rule|Evasion Abilities Clause: Evasion abilities are banned
|rule|Sleep Moves Clause: Sleep-inducing moves are banned
|clearpoke
|poke|p1|Cinderace, M|
|poke|p1|Dragapult, F|
|poke|p1|Ogerpon-Wellspring, F|
|poke|p1|Darkrai|
|poke|p1|Garchomp, F|
|poke|p1|Decidueye, F|
|poke|p2|Darkrai|
|poke|p2|Gholdengo|
|poke|p2|Ogerpon-Wellspring, F|
|poke|p2|Iron Valiant|
|poke|p2|Iron Treads|
|poke|p2|Garchomp, M|
|teampreview
|
|t:|1779668310
|teamsize|p1|6
|teamsize|p2|6
|start
|switch|p1a: Ogerpon|Ogerpon-Wellspring, F|100/100
|switch|p2a: Darkrai|Darkrai|100/100
|turn|1
|
|t:|1779668314
|move|p2a: Darkrai|Sludge Bomb|p1a: Ogerpon
|-supereffective|p1a: Ogerpon
|-damage|p1a: Ogerpon|26/100
|move|p1a: Ogerpon|Play Rough|p2a: Darkrai
|-supereffective|p2a: Darkrai
|-damage|p2a: Darkrai|2/100
|
|upkeep
|turn|2
|
|t:|1779668318
|switch|p1a: Dragapult|Dragapult, F|100/100
|move|p2a: Darkrai|Dark Pulse|p1a: Dragapult
|-supereffective|p1a: Dragapult
|-damage|p1a: Dragapult|0 fnt
|faint|p1a: Dragapult
|
|upkeep
|
|t:|1779668324
|switch|p1a: Decidueye|Decidueye, F|100/100
|turn|3
|
|t:|1779668331
|move|p2a: Darkrai|Dark Pulse|p1a: Decidueye
|-supereffective|p1a: Decidueye
|-damage|p1a: Decidueye|19/100
|move|p1a: Decidueye|Spirit Shackle|p2a: Darkrai
|-resisted|p2a: Darkrai
|-damage|p2a: Darkrai|0 fnt
|faint|p2a: Darkrai
|
|upkeep
|
|t:|1779668340
|switch|p2a: Ogerpon|Ogerpon-Wellspring, F|100/100
|turn|4
|
|t:|1779668345
|move|p2a: Ogerpon|Trailblaze|p1a: Decidueye
|-resisted|p1a: Decidueye
|-damage|p1a: Decidueye|2/100
|-boost|p2a: Ogerpon|spe|1
|move|p1a: Decidueye|Spirit Shackle|p2a: Ogerpon
|-damage|p2a: Ogerpon|55/100
|-activate|p2a: Ogerpon|trapped
|
|upkeep
|turn|5
|
|t:|1779668350
|move|p1a: Decidueye|Shadow Sneak|p2a: Ogerpon
|-damage|p2a: Ogerpon|29/100
|move|p2a: Ogerpon|Trailblaze|p1a: Decidueye
|-resisted|p1a: Decidueye
|-damage|p1a: Decidueye|0 fnt
|-boost|p2a: Ogerpon|spe|1
|faint|p1a: Decidueye
|
|upkeep
|
|t:|1779668362
|switch|p1a: Cinderace|Cinderace, M|100/100
|turn|6
|
|t:|1779668364
|move|p1a: Cinderace|Sucker Punch|p2a: Ogerpon
|-start|p1a: Cinderace|typechange|Dark|[from] ability: Libero
|-crit|p2a: Ogerpon
|-damage|p2a: Ogerpon|0 fnt
|faint|p2a: Ogerpon
|
|upkeep
|
|t:|1779668369
|switch|p2a: Garchomp|Garchomp, M|100/100
|turn|7
|
|t:|1779668373
|switch|p1a: Garchomp|Garchomp, F|100/100
|move|p2a: Garchomp|Dragon Tail|p1a: Garchomp
|-supereffective|p1a: Garchomp
|-damage|p1a: Garchomp|70/100
|-damage|p2a: Garchomp|88/100|[from] ability: Rough Skin|[of] p1a: Garchomp
|-damage|p2a: Garchomp|72/100|[from] item: Rocky Helmet|[of] p1a: Garchomp
|drag|p1a: Cinderace|Cinderace, M|100/100
|
|upkeep
|turn|8
|
|t:|1779668387
|move|p1a: Cinderace|Sucker Punch|p2a: Garchomp
|-start|p1a: Cinderace|typechange|Dark|[from] ability: Libero
|-crit|p2a: Garchomp
|-damage|p2a: Garchomp|25/100
|-damage|p1a: Cinderace|88/100|[from] ability: Rough Skin|[of] p2a: Garchomp
|-damage|p1a: Cinderace|72/100|[from] item: Rocky Helmet|[of] p2a: Garchomp
|move|p2a: Garchomp|Earthquake|p1a: Cinderace
|-damage|p1a: Cinderace|13/100
|
|upkeep
|turn|9
|
|t:|1779668400
|switch|p1a: Darkrai|Darkrai|100/100
|move|p2a: Garchomp|Spikes|p1a: Darkrai
|-sidestart|p1: jarrah1z|Spikes
|
|upkeep
|turn|10
|
|t:|1779668413
|move|p1a: Darkrai|Dark Pulse|p2a: Garchomp
|-crit|p2a: Garchomp
|-damage|p2a: Garchomp|0 fnt
|faint|p2a: Garchomp
|
|upkeep
|
|t:|1779668417
|switch|p2a: Iron Treads|Iron Treads|100/100
|turn|11
|
|t:|1779668421
|move|p1a: Darkrai|Will-O-Wisp|p2a: Iron Treads
|-status|p2a: Iron Treads|brn
|move|p2a: Iron Treads|Earthquake|p1a: Darkrai
|-damage|p1a: Darkrai|79/100
|
|-damage|p2a: Iron Treads|95/100 brn|[from] brn
|upkeep
|turn|12
|
|t:|1779668448
|switch|p1a: Garchomp|Garchomp, F|70/100
|-damage|p1a: Garchomp|58/100|[from] Spikes
|move|p2a: Iron Treads|Knock Off|p1a: Garchomp
|-damage|p1a: Garchomp|50/100
|-damage|p2a: Iron Treads|82/100 brn|[from] ability: Rough Skin|[of] p1a: Garchomp
|-damage|p2a: Iron Treads|66/100 brn|[from] item: Rocky Helmet|[of] p1a: Garchomp
|-enditem|p1a: Garchomp|Rocky Helmet|[from] move: Knock Off|[of] p2a: Iron Treads
|
|-heal|p2a: Iron Treads|72/100 brn|[from] item: Leftovers
|-damage|p2a: Iron Treads|66/100 brn|[from] brn
|upkeep
|turn|13
|inactive|Battle timer is ON: inactive players will automatically lose when time's up. (requested by jarrah1z)
|
|t:|1779668458
|move|p2a: Iron Treads|Ice Spinner|p1a: Garchomp
|-supereffective|p1a: Garchomp
|-damage|p1a: Garchomp|26/100
|-damage|p2a: Iron Treads|54/100 brn|[from] ability: Rough Skin|[of] p1a: Garchomp
|move|p1a: Garchomp|Earthquake|p2a: Iron Treads
|-supereffective|p2a: Iron Treads
|-damage|p2a: Iron Treads|0 fnt
|faint|p2a: Iron Treads
|-end|p2a: Iron Treads|Quark Drive|[silent]
|
|upkeep
|
|t:|1779668463
|switch|p2a: Iron Valiant|Iron Valiant|100/100
|-enditem|p2a: Iron Valiant|Booster Energy
|-activate|p2a: Iron Valiant|ability: Quark Drive|[fromitem]
|-start|p2a: Iron Valiant|quarkdrivespe
|turn|14
|
|t:|1779668473
|move|p2a: Iron Valiant|Moonblast|p1a: Garchomp
|-supereffective|p1a: Garchomp
|-damage|p1a: Garchomp|0 fnt
|faint|p1a: Garchomp
|
|upkeep
|
|t:|1779668478
|switch|p1a: Darkrai|Darkrai|79/100
|turn|15
|
|t:|1779668484
|-terastallize|p2a: Iron Valiant|Electric
|-terastallize|p1a: Darkrai|Ghost
|move|p2a: Iron Valiant|Thunderbolt|p1a: Darkrai
|-damage|p1a: Darkrai|28/100
|move|p1a: Darkrai|Thunder Wave|p2a: Iron Valiant
|-immune|p2a: Iron Valiant
|
|upkeep
|turn|16
|
|t:|1779668493
|move|p2a: Iron Valiant|Encore|p1a: Darkrai
|-start|p1a: Darkrai|Encore
|move|p1a: Darkrai|Thunder Wave|p2a: Iron Valiant
|-immune|p2a: Iron Valiant
|
|upkeep
|turn|17
|
|t:|1779668500
|move|p2a: Iron Valiant|Calm Mind|p2a: Iron Valiant
|-boost|p2a: Iron Valiant|spa|1
|-boost|p2a: Iron Valiant|spd|1
|move|p1a: Darkrai|Thunder Wave|p2a: Iron Valiant
|-immune|p2a: Iron Valiant
|
|upkeep
|turn|18
|
|t:|1779668502
|switch|p1a: Ogerpon|Ogerpon-Wellspring, F|26/100
|-damage|p1a: Ogerpon|14/100|[from] Spikes
|move|p2a: Iron Valiant|Calm Mind|p2a: Iron Valiant
|-boost|p2a: Iron Valiant|spa|1
|-boost|p2a: Iron Valiant|spd|1
|
|upkeep
|turn|19
|
|t:|1779668506
|move|p2a: Iron Valiant|Thunderbolt|p1a: Ogerpon
|-damage|p1a: Ogerpon|0 fnt
|faint|p1a: Ogerpon
|
|upkeep
|
|t:|1779668508
|switch|p1a: Cinderace|Cinderace, M|13/100
|-damage|p1a: Cinderace|0 fnt|[from] Spikes
|faint|p1a: Cinderace
|
|t:|1779668509
|switch|p1a: Darkrai|Darkrai, tera:Ghost|28/100
|turn|20
|-message|jarrah1z forfeited.
|
|win|RedArrow67
|raw|jarrah1z's rating: 1290 &rarr; <strong>1264</strong><br />(-26 for losing)
|raw|RedArrow67's rating: 1272 &rarr; <strong>1298</strong><br />(+26 for winning)
|l|☆jarrah1z
|player|p1|
|l|☆RedArrow67
|player|p2|
