|j|☆semisemi44
|j|☆DragonMasterMatt69
|t:|1779684715
|gametype|singles
|player|p1|semisemi44|169|1351
|player|p2|DragonMasterMatt69|101|1296
|gen|9
|tier|[Gen 9] OU
|rated|
|rule|HP Percentage Mod: HP is shown in percentages
|rule|Endless Battle Clause: Forcing endless battles is banned
|rule|Species Clause: Limit one of each Pokémon
|rule|OHKO Clause: OHKO moves are banned
|rule|Evasion Items Clause: Evasion items are banned
|rule|Evasion Moves Clause: Evasion moves are banned
|rule|Evasion Abilities Clause: Evasion abilities are banned
|rule|Sleep Moves Clause: Sleep-inducing moves are banned
|clearpoke
|poke|p1|Gliscor, F|
|poke|p1|Chansey, F|
|poke|p1|Gholdengo|
|poke|p1|Ditto|
|poke|p1|Corviknight, F|
|poke|p1|Toxapex, M|
|poke|p2|Hydreigon, M|
|poke|p2|Landorus-Therian, M|
|poke|p2|Kingambit, M|
|poke|p2|Gholdengo|
|poke|p2|Regieleki|
|poke|p2|Primarina, F|
|teampreview
|
|t:|1779684739
|teamsize|p1|6
|teamsize|p2|6
|start
|switch|p1a: Gliscor|Gliscor, F|100/100
|switch|p2a: Regieleki|Regieleki|100/100
|turn|1
|
|t:|1779684745
|move|p1a: Gliscor|Protect|p1a: Gliscor
|-singleturn|p1a: Gliscor|Protect
|move|p2a: Regieleki|Light Screen|p2a: Regieleki
|-sidestart|p2: DragonMasterMatt69|move: Light Screen
|
|-status|p1a: Gliscor|tox|[from] item: Toxic Orb
|upkeep
|turn|2
|inactive|Battle timer is ON: inactive players will automatically lose when time's up. (requested by semisemi44)
|
|t:|1779684752
|move|p2a: Regieleki|Reflect|p2a: Regieleki
|-sidestart|p2: DragonMasterMatt69|Reflect
|move|p1a: Gliscor|Spikes|p2a: Regieleki
|-sidestart|p2: DragonMasterMatt69|Spikes
|
|upkeep
|turn|3
|
|t:|1779684765
|switch|p2a: Primarina|Primarina, F|100/100
|-damage|p2a: Primarina|88/100|[from] Spikes
|move|p1a: Gliscor|Spikes|p2a: Primarina
|-sidestart|p2: DragonMasterMatt69|Spikes
|
|upkeep
|turn|4
|inactive|semisemi44 has 120 seconds left.
|
|t:|1779684811
|switch|p1a: Toxapex|Toxapex, M|100/100
|move|p2a: Primarina|Ice Spinner|p1a: Toxapex
|-resisted|p1a: Toxapex
|-damage|p1a: Toxapex|97/100
|
|-heal|p1a: Toxapex|100/100|[from] item: Black Sludge
|upkeep
|turn|5
|
|t:|1779684829
|switch|p2a: Hydreigon|Hydreigon, M|100/100
|move|p1a: Toxapex|Toxic Spikes|p2a: Hydreigon
|-sidestart|p2: DragonMasterMatt69|move: Toxic Spikes
|
|upkeep
|turn|6
|
|t:|1779684839
|move|p2a: Hydreigon|Draco Meteor|p1a: Toxapex
|-damage|p1a: Toxapex|27/100
|-unboost|p2a: Hydreigon|spa|2
|-damage|p2a: Hydreigon|91/100|[from] item: Life Orb
|move|p1a: Toxapex|Infestation|p2a: Hydreigon
|-supereffective|p2a: Hydreigon
|-damage|p2a: Hydreigon|87/100
|-activate|p2a: Hydreigon|move: Infestation|[of] p1a: Toxapex
|
|-heal|p1a: Toxapex|34/100|[from] item: Black Sludge
|-damage|p2a: Hydreigon|75/100|[from] move: Infestation|[partiallytrapped]
|upkeep
|turn|7
|
|t:|1779684852
|switch|p1a: Chansey|Chansey, F|100/100
|move|p2a: Hydreigon|Draco Meteor|p1a: Chansey
|-damage|p1a: Chansey|91/100
|-unboost|p2a: Hydreigon|spa|2
|-damage|p2a: Hydreigon|65/100|[from] item: Life Orb
|
|-end|p2a: Hydreigon|Infestation|[partiallytrapped]|[silent]
|upkeep
|turn|8
|
|t:|1779684861
|move|p2a: Hydreigon|U-turn|p1a: Chansey
|-damage|p1a: Chansey|59/100
|-damage|p2a: Hydreigon|55/100|[from] item: Life Orb
|
|t:|1779684873
|switch|p2a: Gholdengo|Gholdengo|100/100|[from] U-turn
|-damage|p2a: Gholdengo|84/100|[from] Spikes
|move|p1a: Chansey|Stealth Rock|p2a: Gholdengo
|-sidestart|p2: DragonMasterMatt69|move: Stealth Rock
|
|-sideend|p2: DragonMasterMatt69|move: Light Screen
|upkeep
|turn|9
|inactive|semisemi44 has 120 seconds left.
|
|t:|1779684883
|move|p2a: Gholdengo|Focus Blast|p1a: Chansey
|-supereffective|p1a: Chansey
|-damage|p1a: Chansey|30/100
|move|p1a: Chansey|Soft-Boiled|p1a: Chansey
|-heal|p1a: Chansey|80/100
|
|-sideend|p2: DragonMasterMatt69|Reflect
|upkeep
|turn|10
|
|t:|1779684892
|switch|p1a: Toxapex|Toxapex, M|67/100
|move|p2a: Gholdengo|Focus Blast|p1a: Toxapex
|-resisted|p1a: Toxapex
|-damage|p1a: Toxapex|40/100
|
|-heal|p1a: Toxapex|47/100|[from] item: Black Sludge
|upkeep
|turn|11
|
|t:|1779684904
|switch|p2a: Hydreigon|Hydreigon, M|55/100
|-damage|p2a: Hydreigon|43/100|[from] Stealth Rock
|move|p1a: Toxapex|Recover|p1a: Toxapex
|-heal|p1a: Toxapex|97/100
|
|-heal|p1a: Toxapex|100/100|[from] item: Black Sludge
|upkeep
|turn|12
|
|t:|1779684917
|move|p2a: Hydreigon|Draco Meteor|p1a: Toxapex
|-damage|p1a: Toxapex|25/100
|-unboost|p2a: Hydreigon|spa|2
|-damage|p2a: Hydreigon|33/100|[from] item: Life Orb
|move|p1a: Toxapex|Toxic Spikes|p2a: Hydreigon
|-sidestart|p2: DragonMasterMatt69|move: Toxic Spikes
|
|-heal|p1a: Toxapex|31/100|[from] item: Black Sludge
|upkeep
|turn|13
|
|t:|1779684928
|switch|p1a: Gholdengo|Gholdengo|100/100
|move|p2a: Hydreigon|Dark Pulse|p1a: Gholdengo
|-supereffective|p1a: Gholdengo
|-damage|p1a: Gholdengo|48/100
|-damage|p2a: Hydreigon|23/100|[from] item: Life Orb
|
|upkeep
|turn|14
|
|t:|1779684936
|switch|p1a: Chansey|Chansey, F|80/100
|move|p2a: Hydreigon|Dark Pulse|p1a: Chansey
|-damage|p1a: Chansey|74/100
|-damage|p2a: Hydreigon|13/100|[from] item: Life Orb
|
|upkeep
|turn|15
|
|t:|1779684948
|switch|p2a: Landorus|Landorus-Therian, M|100/100
|-damage|p2a: Landorus|88/100|[from] Stealth Rock
|-ability|p2a: Landorus|Intimidate|boost
|-unboost|p1a: Chansey|atk|1
|move|p1a: Chansey|Soft-Boiled|p1a: Chansey
|-heal|p1a: Chansey|100/100
|
|upkeep
|turn|16
|
|t:|1779684958
|switch|p1a: Gliscor|Gliscor, F|100/100 tox
|move|p2a: Landorus|Brick Break|p1a: Gliscor
|-resisted|p1a: Gliscor
|-damage|p1a: Gliscor|92/100 tox
|
|-heal|p1a: Gliscor|100/100 tox|[from] ability: Poison Heal
|upkeep
|turn|17
|
|t:|1779684966
|move|p2a: Landorus|Stealth Rock|p1a: Gliscor
|-sidestart|p1: semisemi44|move: Stealth Rock
|move|p1a: Gliscor|Spikes|p2a: Landorus
|-sidestart|p2: DragonMasterMatt69|Spikes
|
|upkeep
|turn|18
|
|t:|1779684973
|move|p2a: Landorus|Brick Break|p1a: Gliscor
|-resisted|p1a: Gliscor
|-damage|p1a: Gliscor|93/100 tox
|move|p1a: Gliscor|Knock Off|p2a: Landorus
|-damage|p2a: Landorus|61/100
|-damage|p1a: Gliscor|76/100 tox|[from] item: Rocky Helmet|[of] p2a: Landorus
|-enditem|p2a: Landorus|Rocky Helmet|[from] move: Knock Off|[of] p1a: Gliscor
|
|-heal|p1a: Gliscor|88/100 tox|[from] ability: Poison Heal
|upkeep
|turn|19
|
|t:|1779684983
|switch|p2a: Gholdengo|Gholdengo|84/100
|-damage|p2a: Gholdengo|59/100|[from] Spikes
|-damage|p2a: Gholdengo|53/100|[from] Stealth Rock
|move|p1a: Gliscor|Knock Off|p2a: Gholdengo
|-supereffective|p2a: Gholdengo
|-damage|p2a: Gholdengo|4/100
|-enditem|p2a: Gholdengo|Choice Specs|[from] move: Knock Off|[of] p1a: Gliscor
|
|-heal|p1a: Gliscor|100/100 tox|[from] ability: Poison Heal
|upkeep
|turn|20
|
|t:|1779684994
|move|p1a: Gliscor|Protect|p1a: Gliscor
|-singleturn|p1a: Gliscor|Protect
|move|p2a: Gholdengo|Shadow Ball|p1a: Gliscor
|-activate|p1a: Gliscor|move: Protect
|
|upkeep
|turn|21
|
|t:|1779685000
|move|p2a: Gholdengo|Shadow Ball|p1a: Gliscor
|-damage|p1a: Gliscor|51/100 tox
|move|p1a: Gliscor|Knock Off|p2a: Gholdengo
|-supereffective|p2a: Gholdengo
|-damage|p2a: Gholdengo|0 fnt
|faint|p2a: Gholdengo
|
|-heal|p1a: Gliscor|63/100 tox|[from] ability: Poison Heal
|upkeep
|
|t:|1779685009
|switch|p2a: Primarina|Primarina, F|88/100
|-damage|p2a: Primarina|63/100|[from] Spikes
|-status|p2a: Primarina|tox
|-damage|p2a: Primarina|51/100 tox|[from] Stealth Rock
|turn|22
|
|t:|1779685018
|move|p1a: Gliscor|Protect|p1a: Gliscor
|-singleturn|p1a: Gliscor|Protect
|move|p2a: Primarina|Ice Spinner|p1a: Gliscor
|-activate|p1a: Gliscor|move: Protect
|
|-heal|p1a: Gliscor|76/100 tox|[from] ability: Poison Heal
|-damage|p2a: Primarina|44/100 tox|[from] psn
|upkeep
|turn|23
|
|t:|1779685027
|switch|p1a: Toxapex|Toxapex, M|64/100
|-damage|p1a: Toxapex|52/100|[from] Stealth Rock
|move|p2a: Primarina|Ice Spinner|p1a: Toxapex
|-resisted|p1a: Toxapex
|-damage|p1a: Toxapex|48/100
|
|-heal|p1a: Toxapex|54/100|[from] item: Black Sludge
|-damage|p2a: Primarina|32/100 tox|[from] psn
|upkeep
|turn|24
|
|t:|1779685046
|move|p2a: Primarina|Psychic Noise|p1a: Toxapex
|-supereffective|p1a: Toxapex
|-damage|p1a: Toxapex|6/100
|-start|p1a: Toxapex|move: Heal Block
|cant|p1a: Toxapex|move: Heal Block|Recover
|
|-damage|p2a: Primarina|13/100 tox|[from] psn
|upkeep
|turn|25
|
|t:|1779685056
|switch|p1a: Chansey|Chansey, F|100/100
|-damage|p1a: Chansey|88/100|[from] Stealth Rock
|move|p2a: Primarina|Psychic Noise|p1a: Chansey
|-damage|p1a: Chansey|81/100
|-start|p1a: Chansey|move: Heal Block
|
|-damage|p2a: Primarina|0 fnt|[from] psn
|faint|p2a: Primarina
|upkeep
|
|t:|1779685070
|switch|p2a: Landorus|Landorus-Therian, M|61/100
|-damage|p2a: Landorus|49/100|[from] Stealth Rock
|-ability|p2a: Landorus|Intimidate|boost
|-unboost|p1a: Chansey|atk|1
|turn|26
|
|t:|1779685079
|switch|p1a: Gliscor|Gliscor, F|76/100 tox
|-damage|p1a: Gliscor|63/100 tox|[from] Stealth Rock
|move|p2a: Landorus|Earthquake|p1a: Gliscor
|-immune|p1a: Gliscor
|
|-heal|p1a: Gliscor|76/100 tox|[from] ability: Poison Heal
|upkeep
|turn|27
|
|t:|1779685088
|move|p2a: Landorus|U-turn|p1a: Gliscor
|-resisted|p1a: Gliscor
|-damage|p1a: Gliscor|69/100 tox
|
|t:|1779685092
|switch|p2a: Hydreigon|Hydreigon, M|13/100|[from] U-turn
|-damage|p2a: Hydreigon|1/100|[from] Stealth Rock
|move|p1a: Gliscor|Knock Off|p2a: Hydreigon
|-resisted|p2a: Hydreigon
|-damage|p2a: Hydreigon|0 fnt
|-enditem|p2a: Hydreigon|Life Orb|[from] move: Knock Off|[of] p1a: Gliscor
|faint|p2a: Hydreigon
|
|-heal|p1a: Gliscor|81/100 tox|[from] ability: Poison Heal
|upkeep
|
|t:|1779685103
|switch|p2a: Regieleki|Regieleki|100/100
|-damage|p2a: Regieleki|75/100|[from] Spikes
|-status|p2a: Regieleki|tox
|-damage|p2a: Regieleki|63/100 tox|[from] Stealth Rock
|turn|28
|
|t:|1779685110
|move|p2a: Regieleki|Light Screen|p2a: Regieleki
|-sidestart|p2: DragonMasterMatt69|move: Light Screen
|move|p1a: Gliscor|Earthquake|p2a: Regieleki
|-supereffective|p2a: Regieleki
|-damage|p2a: Regieleki|0 fnt
|faint|p2a: Regieleki
|
|-heal|p1a: Gliscor|93/100 tox|[from] ability: Poison Heal
|upkeep
|
|t:|1779685117
|switch|p2a: Landorus|Landorus-Therian, M|49/100
|-damage|p2a: Landorus|37/100|[from] Stealth Rock
|-ability|p2a: Landorus|Intimidate|boost
|-unboost|p1a: Gliscor|atk|1
|turn|29
|
|t:|1779685125
|switch|p1a: Toxapex|Toxapex, M|39/100
|-damage|p1a: Toxapex|27/100|[from] Stealth Rock
|move|p2a: Landorus|Brick Break|p1a: Toxapex
|-resisted|p1a: Toxapex
|-damage|p1a: Toxapex|19/100
|
|-heal|p1a: Toxapex|25/100|[from] item: Black Sludge
|upkeep
|turn|30
|
|t:|1779685133
|move|p2a: Landorus|Brick Break|p1a: Toxapex
|-resisted|p1a: Toxapex
|-damage|p1a: Toxapex|16/100
|move|p1a: Toxapex|Recover|p1a: Toxapex
|-heal|p1a: Toxapex|66/100
|
|-heal|p1a: Toxapex|72/100|[from] item: Black Sludge
|upkeep
|turn|31
|
|t:|1779685143
|move|p2a: Landorus|Earthquake|p1a: Toxapex
|-supereffective|p1a: Toxapex
|-damage|p1a: Toxapex|9/100
|move|p1a: Toxapex|Infestation|p2a: Landorus
|-resisted|p2a: Landorus
|-damage|p2a: Landorus|36/100
|-activate|p2a: Landorus|move: Infestation|[of] p1a: Toxapex
|
|-heal|p1a: Toxapex|15/100|[from] item: Black Sludge
|-damage|p2a: Landorus|24/100|[from] move: Infestation|[partiallytrapped]
|upkeep
|turn|32
|
|t:|1779685154
|switch|p1a: Gliscor|Gliscor, F|93/100 tox
|-damage|p1a: Gliscor|81/100 tox|[from] Stealth Rock
|move|p2a: Landorus|Brick Break|p1a: Gliscor
|-resisted|p1a: Gliscor
|-damage|p1a: Gliscor|72/100 tox
|
|-heal|p1a: Gliscor|84/100 tox|[from] ability: Poison Heal
|-end|p2a: Landorus|Infestation|[partiallytrapped]|[silent]
|upkeep
|turn|33
|
|t:|1779685164
|move|p2a: Landorus|Brick Break|p1a: Gliscor
|-resisted|p1a: Gliscor
|-damage|p1a: Gliscor|75/100 tox
|move|p1a: Gliscor|Knock Off|p2a: Landorus
|-damage|p2a: Landorus|6/100
|
|-heal|p1a: Gliscor|88/100 tox|[from] ability: Poison Heal
|upkeep
|turn|34
|
|t:|1779685172
|move|p2a: Landorus|Brick Break|p1a: Gliscor
|-resisted|p1a: Gliscor
|-damage|p1a: Gliscor|79/100 tox
|move|p1a: Gliscor|Knock Off|p2a: Landorus
|-damage|p2a: Landorus|0 fnt
|faint|p2a: Landorus
|
|-heal|p1a: Gliscor|91/100 tox|[from] ability: Poison Heal
|upkeep
|
|t:|1779685180
|switch|p2a: Kingambit|Kingambit, M, shiny|100/100
|-damage|p2a: Kingambit|76/100|[from] Spikes
|-damage|p2a: Kingambit|70/100|[from] Stealth Rock
|-activate|p2a: Kingambit|ability: Supreme Overlord
|-start|p2a: Kingambit|fallen5|[silent]
|turn|35
|
|t:|1779685187
|-terastallize|p2a: Kingambit|Ghost
|move|p1a: Gliscor|Earthquake|p2a: Kingambit
|-damage|p2a: Kingambit|43/100
|move|p2a: Kingambit|Low Kick|p1a: Gliscor
|-resisted|p1a: Gliscor
|-damage|p1a: Gliscor|80/100 tox
|
|-heal|p1a: Gliscor|92/100 tox|[from] ability: Poison Heal
|-sideend|p2: DragonMasterMatt69|move: Light Screen
|upkeep
|turn|36
|
|t:|1779685198
|move|p2a: Kingambit|Sucker Punch|p1a: Gliscor
|-damage|p1a: Gliscor|50/100 tox
|move|p1a: Gliscor|Knock Off|p2a: Kingambit
|-supereffective|p2a: Kingambit
|-damage|p2a: Kingambit|3/100
|-enditem|p2a: Kingambit|Black Glasses|[from] move: Knock Off|[of] p1a: Gliscor
|
|-heal|p1a: Gliscor|62/100 tox|[from] ability: Poison Heal
|upkeep
|turn|37
|
|t:|1779685206
|move|p2a: Kingambit|Sucker Punch|p1a: Gliscor
|-damage|p1a: Gliscor|26/100 tox
|move|p1a: Gliscor|Knock Off|p2a: Kingambit
|-supereffective|p2a: Kingambit
|-damage|p2a: Kingambit|0 fnt
|faint|p2a: Kingambit
|-end|p2a: Kingambit|fallen5|[silent]
|
|win|semisemi44
|raw|semisemi44's rating: 1351 &rarr; <strong>1368</strong><br />(+17 for winning)
|raw|DragonMasterMatt69's rating: 1296 &rarr; <strong>1275</strong><br />(-21 for losing)
|l|☆DragonMasterMatt69
|player|p2|
|l|☆semisemi44
|player|p1|
