|j|☆PokeAbl052417015ub
|j|☆Bigdjill
|t:|1779657076
|gametype|singles
|player|p1|PokeAbl052417015ub|101|1107
|player|p2|Bigdjill|cameraman|1028
|gen|9
|tier|[Gen 9] OU
|rated|
|rule|HP Percentage Mod: HP is shown in percentages
|rule|Endless Battle Clause: Forcing endless battles is banned
|rule|Species Clause: Limit one of each Pokémon
|rule|OHKO Clause: OHKO moves are banned
|rule|Evasion Items Clause: Evasion items are banned
|rule|Evasion Moves Clause: Evasion moves are banned
|rule|Evasion Abilities Clause: Evasion abilities are banned
|rule|Sleep Moves Clause: Sleep-inducing moves are banned
|clearpoke
|poke|p1|Glimmora, M|
|poke|p1|Great Tusk|
|poke|p1|Gholdengo|
|poke|p1|Dragapult, F|
|poke|p1|Primarina, F|
|poke|p1|Kingambit, M|
|poke|p2|Garganacl, F|
|poke|p2|Dragapult, M|
|poke|p2|Gholdengo|
|poke|p2|Gliscor, M|
|poke|p2|Okidogi, M|
|poke|p2|Hoopa-Unbound|
|teampreview
|inactive|Battle timer is ON: inactive players will automatically lose when time's up. (requested by PokeAbl052417015ub)
|
|t:|1779657085
|teamsize|p1|6
|teamsize|p2|6
|start
|switch|p1a: Primarina|Primarina, F|100/100
|switch|p2a: Garganacl|Garganacl, F|100/100
|-item|p2a: Garganacl|Air Balloon
|turn|1
|
|t:|1779657091
|move|p1a: Primarina|Surf|p2a: Garganacl
|-supereffective|p2a: Garganacl
|-damage|p2a: Garganacl|14/100
|-enditem|p2a: Garganacl|Air Balloon
|move|p2a: Garganacl|Salt Cure|p1a: Primarina
|-damage|p1a: Primarina|76/100
|-start|p1a: Primarina|Salt Cure
|
|-damage|p1a: Primarina|51/100|[from] Salt Cure
|upkeep
|turn|2
|
|t:|1779657104
|switch|p2a: Okidogi|Okidogi, M|100/100
|move|p1a: Primarina|Flip Turn|p2a: Okidogi
|-damage|p2a: Okidogi|89/100
|
|t:|1779657110
|switch|p1a: Great Tusk|Great Tusk|100/100|[from] Flip Turn
|
|-heal|p2a: Okidogi|95/100|[from] item: Leftovers
|upkeep
|turn|3
|inactive|Bigdjill has 120 seconds left.
|
|t:|1779657142
|switch|p2a: Gliscor|Gliscor, M|100/100
|move|p1a: Great Tusk|Headlong Rush|p2a: Gliscor
|-immune|p2a: Gliscor
|
|-status|p2a: Gliscor|tox|[from] item: Toxic Orb
|upkeep
|turn|4
|inactive|Bigdjill has 120 seconds left.
|
|t:|1779657160
|move|p2a: Gliscor|Fling|p1a: Great Tusk
|-resisted|p1a: Great Tusk
|-damage|p1a: Great Tusk|97/100
|-status|p1a: Great Tusk|tox
|-enditem|p2a: Gliscor|Toxic Orb|[from] move: Fling
|move|p1a: Great Tusk|Ice Spinner|p2a: Gliscor
|-supereffective|p2a: Gliscor
|-damage|p2a: Gliscor|0 fnt
|faint|p2a: Gliscor
|
|-damage|p1a: Great Tusk|91/100 tox|[from] psn
|upkeep
|
|t:|1779657180
|switch|p2a: Hoopa|Hoopa-Unbound|100/100
|turn|5
|
|t:|1779657187
|move|p1a: Great Tusk|Headlong Rush|p2a: Hoopa
|-damage|p2a: Hoopa|31/100
|-unboost|p1a: Great Tusk|def|1
|-unboost|p1a: Great Tusk|spd|1
|move|p2a: Hoopa|Psychic Noise|p1a: Great Tusk
|-supereffective|p1a: Great Tusk
|-damage|p1a: Great Tusk|0 fnt
|faint|p1a: Great Tusk
|-end|p1a: Great Tusk|Protosynthesis|[silent]
|
|upkeep
|
|t:|1779657192
|switch|p1a: Primarina|Primarina, F|51/100
|turn|6
|inactive|Bigdjill has 120 seconds left.
|
|t:|1779657206
|move|p1a: Primarina|Moonblast|p2a: Hoopa
|-supereffective|p2a: Hoopa
|-damage|p2a: Hoopa|0 fnt
|faint|p2a: Hoopa
|
|upkeep
|
|t:|1779657212
|switch|p2a: Dragapult|Dragapult, M|100/100
|turn|7
|inactive|Bigdjill has 120 seconds left.
|
|t:|1779657226
|-terastallize|p2a: Dragapult|Bug
|move|p2a: Dragapult|Psychic Fangs|p1a: Primarina
|-damage|p1a: Primarina|11/100
|move|p1a: Primarina|Moonblast|p2a: Dragapult
|-damage|p2a: Dragapult|55/100
|
|upkeep
|turn|8
|inactive|Bigdjill has 120 seconds left.
|
|t:|1779657235
|switch|p1a: Gholdengo|Gholdengo|100/100
|-item|p1a: Gholdengo|Air Balloon
|move|p2a: Dragapult|U-turn|p1a: Gholdengo
|-resisted|p1a: Gholdengo
|-damage|p1a: Gholdengo|91/100
|-enditem|p1a: Gholdengo|Air Balloon
|inactive|Bigdjill has 120 seconds left.
|
|t:|1779657246
|switch|p2a: Okidogi|Okidogi, M|95/100|[from] U-turn
|
|-heal|p2a: Okidogi|100/100|[from] item: Leftovers
|upkeep
|turn|9
|
|t:|1779657251
|move|p1a: Gholdengo|Nasty Plot|p1a: Gholdengo
|-boost|p1a: Gholdengo|spa|2
|move|p2a: Okidogi|Roar|p1a: Gholdengo
|-immune|p1a: Gholdengo|[from] ability: Good as Gold
|
|upkeep
|turn|10
|-message|Bigdjill forfeited.
|
|win|PokeAbl052417015ub
|raw|PokeAbl052417015ub's rating: 1107 &rarr; <strong>1126</strong><br />(+19 for winning)
|raw|Bigdjill's rating: 1028 &rarr; <strong>1017</strong><br />(-11 for losing)
|l|☆Bigdjill
|player|p2|
