|j|☆drytron2
|j|☆Snoboh
|t:|1779716667
|gametype|singles
|player|p1|drytron2|hilbert|1491
|player|p2|Snoboh|gentleman-gen4|1443
|gen|9
|tier|[Gen 9] OU
|rated|
|rule|HP Percentage Mod: HP is shown in percentages
|rule|Endless Battle Clause: Forcing endless battles is banned
|rule|Species Clause: Limit one of each Pokémon
|rule|OHKO Clause: OHKO moves are banned
|rule|Evasion Items Clause: Evasion items are banned
|rule|Evasion Moves Clause: Evasion moves are banned
|rule|Evasion Abilities Clause: Evasion abilities are banned
|rule|Sleep Moves Clause: Sleep-inducing moves are banned
|clearpoke
|poke|p1|Iron Moth|
|poke|p1|Ogerpon-Wellspring, F|
|poke|p1|Rillaboom, F|
|poke|p1|Iron Valiant|
|poke|p1|Dragapult, M|
|poke|p1|Iron Treads|
|poke|p2|Torkoal, M|
|poke|p2|Ogerpon-Cornerstone, F|
|poke|p2|Walking Wake|
|poke|p2|Great Tusk|
|poke|p2|Scovillain, F|
|poke|p2|Ninetales, M|
|teampreview
|inactive|Battle timer is ON: inactive players will automatically lose when time's up. (requested by Snoboh)
|inactive|drytron2 has 120 seconds left.
|inactive|Snoboh has 120 seconds left.
|
|t:|1779716699
|teamsize|p1|6
|teamsize|p2|6
|start
|switch|p1a: Ogerpon|Ogerpon-Wellspring, F|100/100
|switch|p2a: Ninetales|Ninetales, M|100/100
|-weather|SunnyDay|[from] ability: Drought|[of] p2a: Ninetales
|turn|1
|
|t:|1779716711
|move|p1a: Ogerpon|U-turn|p2a: Ninetales
|-resisted|p2a: Ninetales
|-damage|p2a: Ninetales|78/100
|
|t:|1779716718
|switch|p1a: Dragapult|Dragapult, M|100/100|[from] U-turn
|move|p2a: Ninetales|Weather Ball|p1a: Dragapult
|-resisted|p1a: Dragapult
|-damage|p1a: Dragapult|45/100
|
|-weather|SunnyDay|[upkeep]
|upkeep
|turn|2
|
|t:|1779716728
|move|p1a: Dragapult|Dragon Darts|p2a: Ninetales
|-damage|p2a: Ninetales|41/100
|-anim|p1a: Dragapult|Dragon Darts|p2a: Ninetales
|-crit|p2a: Ninetales
|-damage|p2a: Ninetales|0 fnt
|faint|p2a: Ninetales
|
|-weather|SunnyDay|[upkeep]
|upkeep
|
|t:|1779716731
|switch|p2a: Torkoal|Torkoal, M|100/100
|turn|3
|j| whatevadontcare
|
|t:|1779716741
|move|p1a: Dragapult|Dragon Darts|p2a: Torkoal
|-damage|p2a: Torkoal|81/100
|-anim|p1a: Dragapult|Dragon Darts|p2a: Torkoal
|-damage|p2a: Torkoal|62/100
|move|p2a: Torkoal|Stealth Rock|p1a: Dragapult
|-sidestart|p1: drytron2|move: Stealth Rock
|
|-weather|SunnyDay|[upkeep]
|upkeep
|turn|4
|
|t:|1779716749
|move|p1a: Dragapult|Dragon Darts|p2a: Torkoal
|-damage|p2a: Torkoal|44/100
|-anim|p1a: Dragapult|Dragon Darts|p2a: Torkoal
|-damage|p2a: Torkoal|26/100
|move|p2a: Torkoal|Will-O-Wisp|p1a: Dragapult
|-status|p1a: Dragapult|brn
|
|-weather|SunnyDay|[upkeep]
|-damage|p1a: Dragapult|39/100 brn|[from] brn
|upkeep
|turn|5
|
|t:|1779716758
|switch|p2a: Great Tusk|Great Tusk|100/100
|-activate|p2a: Great Tusk|ability: Protosynthesis
|-start|p2a: Great Tusk|protosynthesisspe
|move|p1a: Dragapult|U-turn|p2a: Great Tusk
|-resisted|p2a: Great Tusk
|-damage|p2a: Great Tusk|97/100
|
|t:|1779716769
|switch|p1a: Ogerpon|Ogerpon-Wellspring, F|100/100|[from] U-turn
|-damage|p1a: Ogerpon|88/100|[from] Stealth Rock
|
|-weather|none
|-end|p2a: Great Tusk|Protosynthesis
|upkeep
|turn|6
|
|t:|1779716787
|-end|p2a: Great Tusk|Protosynthesis|[silent]
|switch|p2a: Torkoal|Torkoal, M|26/100
|-weather|SunnyDay|[from] ability: Drought|[of] p2a: Torkoal
|move|p1a: Ogerpon|Horn Leech|p2a: Torkoal
|-resisted|p2a: Torkoal
|-damage|p2a: Torkoal|10/100
|-heal|p1a: Ogerpon|97/100|[from] drain|[of] p2a: Torkoal
|
|-weather|SunnyDay|[upkeep]
|upkeep
|turn|7
|
|t:|1779716802
|switch|p2a: Great Tusk|Great Tusk|97/100
|-activate|p2a: Great Tusk|ability: Protosynthesis
|-start|p2a: Great Tusk|protosynthesisspe
|move|p1a: Ogerpon|Ivy Cudgel|p2a: Great Tusk|[anim] Ivy Cudgel Water
|-supereffective|p2a: Great Tusk
|-damage|p2a: Great Tusk|63/100
|
|-weather|SunnyDay|[upkeep]
|upkeep
|turn|8
|
|t:|1779716826
|-terastallize|p2a: Great Tusk|Dark
|move|p2a: Great Tusk|Knock Off|p1a: Ogerpon
|-damage|p1a: Ogerpon|42/100
|move|p1a: Ogerpon|Horn Leech|p2a: Great Tusk
|-damage|p2a: Great Tusk|37/100
|-heal|p1a: Ogerpon|60/100|[from] drain|[of] p2a: Great Tusk
|
|-weather|SunnyDay|[upkeep]
|upkeep
|turn|9
|
|t:|1779716848
|-end|p2a: Great Tusk|Protosynthesis|[silent]
|switch|p2a: Walking Wake|Walking Wake|100/100
|-activate|p2a: Walking Wake|ability: Protosynthesis
|-start|p2a: Walking Wake|protosynthesisspe
|move|p1a: Ogerpon|Play Rough|p2a: Walking Wake
|-supereffective|p2a: Walking Wake
|-damage|p2a: Walking Wake|20/100
|
|-weather|SunnyDay|[upkeep]
|upkeep
|turn|10
|
|t:|1779716862
|move|p2a: Walking Wake|Draco Meteor|p1a: Ogerpon
|-damage|p1a: Ogerpon|0 fnt
|-unboost|p2a: Walking Wake|spa|2
|faint|p1a: Ogerpon
|
|-weather|SunnyDay|[upkeep]
|upkeep
|
|t:|1779716871
|switch|p1a: Dragapult|Dragapult, M|39/100 brn
|-damage|p1a: Dragapult|27/100 brn|[from] Stealth Rock
|turn|11
|
|t:|1779716874
|move|p2a: Walking Wake|Draco Meteor|p1a: Dragapult
|-supereffective|p1a: Dragapult
|-damage|p1a: Dragapult|0 fnt
|-unboost|p2a: Walking Wake|spa|2
|faint|p1a: Dragapult
|
|-weather|SunnyDay|[upkeep]
|upkeep
|
|t:|1779716887
|switch|p1a: Rillaboom|Rillaboom, F|100/100
|-damage|p1a: Rillaboom|88/100|[from] Stealth Rock
|-fieldstart|move: Grassy Terrain|[from] ability: Grassy Surge|[of] p1a: Rillaboom
|turn|12
|
|t:|1779716895
|move|p1a: Rillaboom|Grassy Glide|p2a: Walking Wake
|-damage|p2a: Walking Wake|0 fnt
|faint|p2a: Walking Wake
|-end|p2a: Walking Wake|Protosynthesis|[silent]
|
|-weather|SunnyDay|[upkeep]
|-heal|p1a: Rillaboom|94/100|[from] Grassy Terrain
|upkeep
|
|t:|1779716902
|switch|p2a: Scovillain|Scovillain, F|100/100
|turn|13
|
|t:|1779716913
|switch|p1a: Iron Moth|Iron Moth|100/100
|move|p2a: Scovillain|Overheat|p1a: Iron Moth
|-resisted|p1a: Iron Moth
|-damage|p1a: Iron Moth|19/100
|-unboost|p2a: Scovillain|spa|2
|
|-weather|none
|-heal|p1a: Iron Moth|25/100|[from] Grassy Terrain
|upkeep
|turn|14
|
|t:|1779716924
|move|p1a: Iron Moth|Sludge Wave|p2a: Scovillain
|-supereffective|p2a: Scovillain
|-damage|p2a: Scovillain|0 fnt
|faint|p2a: Scovillain
|
|-heal|p1a: Iron Moth|31/100|[from] Grassy Terrain
|upkeep
|
|t:|1779716944
|switch|p2a: Ogerpon|Ogerpon-Cornerstone, F|100/100
|turn|15
|
|t:|1779716958
|move|p1a: Iron Moth|Sludge Wave|p2a: Ogerpon
|-damage|p2a: Ogerpon|37/100
|move|p2a: Ogerpon|Knock Off|p1a: Iron Moth
|-damage|p1a: Iron Moth|0 fnt
|-enditem|p1a: Iron Moth|Heavy-Duty Boots|[from] move: Knock Off|[of] p2a: Ogerpon
|faint|p1a: Iron Moth
|-end|p1a: Iron Moth|Quark Drive|[silent]
|
|-heal|p2a: Ogerpon|43/100|[from] Grassy Terrain
|upkeep
|
|t:|1779716967
|switch|p1a: Iron Valiant|Iron Valiant|100/100
|-damage|p1a: Iron Valiant|94/100|[from] Stealth Rock
|-enditem|p1a: Iron Valiant|Booster Energy
|-activate|p1a: Iron Valiant|ability: Quark Drive|[fromitem]
|-start|p1a: Iron Valiant|quarkdrivespe
|turn|16
|
|t:|1779716977
|move|p1a: Iron Valiant|Aura Sphere|p2a: Ogerpon
|-supereffective|p2a: Ogerpon
|-damage|p2a: Ogerpon|0 fnt
|faint|p2a: Ogerpon
|
|-heal|p1a: Iron Valiant|100/100|[from] Grassy Terrain
|-fieldend|move: Grassy Terrain
|upkeep
|
|t:|1779716979
|switch|p2a: Torkoal|Torkoal, M|10/100
|-weather|SunnyDay|[from] ability: Drought|[of] p2a: Torkoal
|turn|17
|
|t:|1779716986
|move|p1a: Iron Valiant|Aura Sphere|p2a: Torkoal
|-damage|p2a: Torkoal|0 fnt
|faint|p2a: Torkoal
|
|-weather|SunnyDay|[upkeep]
|upkeep
|
|t:|1779716987
|switch|p2a: Great Tusk|Great Tusk, tera:Dark|37/100
|-activate|p2a: Great Tusk|ability: Protosynthesis
|-start|p2a: Great Tusk|protosynthesisspe
|turn|18
|
|t:|1779716995
|move|p1a: Iron Valiant|Aura Sphere|p2a: Great Tusk
|-supereffective|p2a: Great Tusk
|-damage|p2a: Great Tusk|0 fnt
|faint|p2a: Great Tusk
|-end|p2a: Great Tusk|Protosynthesis|[silent]
|
|win|drytron2
|raw|drytron2's rating: 1491 &rarr; <strong>1508</strong><br />(+17 for winning)
|raw|Snoboh's rating: 1443 &rarr; <strong>1426</strong><br />(-17 for losing)
|l|☆Snoboh
|player|p2|
|c|☆drytron2|gg
|l| whatevadontcare
|l|☆drytron2
|player|p1|
