|j|☆fgidfid
|j|☆yogiras8
|t:|1779671550
|gametype|singles
|player|p1|fgidfid|pokemonranger-gen4|1329
|player|p2|yogiras8|101|1333
|gen|9
|tier|[Gen 9] OU
|rated|
|rule|HP Percentage Mod: HP is shown in percentages
|rule|Endless Battle Clause: Forcing endless battles is banned
|rule|Species Clause: Limit one of each Pokémon
|rule|OHKO Clause: OHKO moves are banned
|rule|Evasion Items Clause: Evasion items are banned
|rule|Evasion Moves Clause: Evasion moves are banned
|rule|Evasion Abilities Clause: Evasion abilities are banned
|rule|Sleep Moves Clause: Sleep-inducing moves are banned
|clearpoke
|poke|p1|Dragapult, M|
|poke|p1|Zamazenta-*|
|poke|p1|Gholdengo|
|poke|p1|Iron Valiant|
|poke|p1|Gliscor, M|
|poke|p1|Torterra, F|
|poke|p2|Kingambit, M|
|poke|p2|Kyurem|
|poke|p2|Slowking-Galar, M|
|poke|p2|Great Tusk|
|poke|p2|Dragonite, F|
|poke|p2|Hatterene, F|
|teampreview
|inactive|Battle timer is ON: inactive players will automatically lose when time's up. (requested by yogiras8)
|
|t:|1779671580
|teamsize|p1|6
|teamsize|p2|6
|start
|switch|p1a: Draco|Dragapult, M, shiny|100/100
|switch|p2a: Kyurem|Kyurem|100/100
|-ability|p2a: Kyurem|Pressure
|turn|1
|
|t:|1779671585
|switch|p2a: Hatterene|Hatterene, F|100/100
|move|p1a: Draco|Draco Meteor|p2a: Hatterene
|-immune|p2a: Hatterene
|
|upkeep
|turn|2
|
|t:|1779671592
|switch|p1a: GoldenRatio|Gholdengo, shiny|100/100
|move|p2a: Hatterene|Nuzzle|p1a: GoldenRatio
|-damage|p1a: GoldenRatio|96/100
|-status|p1a: GoldenRatio|par
|
|upkeep
|turn|3
|
|t:|1779671606
|switch|p2a: Kingambit|Kingambit, M|100/100
|move|p1a: GoldenRatio|Focus Blast|p2a: Kingambit
|-supereffective|p2a: Kingambit
|-damage|p2a: Kingambit|0 fnt
|faint|p2a: Kingambit
|-end|p2a: Kingambit|fallenundefined|[silent]
|
|upkeep
|
|t:|1779671628
|switch|p2a: Dragonite|Dragonite, F|100/100
|turn|4
|
|t:|1779671637
|switch|p1a: Gliscor|Gliscor, M|100/100
|move|p2a: Dragonite|Dragon Dance|p2a: Dragonite
|-boost|p2a: Dragonite|atk|1
|-boost|p2a: Dragonite|spe|1
|
|-status|p1a: Gliscor|tox|[from] item: Toxic Orb
|upkeep
|turn|5
|
|t:|1779671645
|move|p2a: Dragonite|Scale Shot|p1a: Gliscor
|-damage|p1a: Gliscor|88/100 tox
|-damage|p1a: Gliscor|75/100 tox
|-damage|p1a: Gliscor|61/100 tox
|-damage|p1a: Gliscor|47/100 tox
|-hitcount|p1a: Gliscor|4
|-unboost|p2a: Dragonite|def|1
|-boost|p2a: Dragonite|spe|1
|move|p1a: Gliscor|Toxic|p2a: Dragonite
|-status|p2a: Dragonite|tox
|
|-damage|p2a: Dragonite|94/100 tox|[from] psn
|-heal|p1a: Gliscor|59/100 tox|[from] ability: Poison Heal
|upkeep
|turn|6
|
|t:|1779671656
|move|p1a: Gliscor|Protect|p1a: Gliscor
|-singleturn|p1a: Gliscor|Protect
|move|p2a: Dragonite|Dragon Dance|p2a: Dragonite
|-boost|p2a: Dragonite|atk|1
|-boost|p2a: Dragonite|spe|1
|
|-damage|p2a: Dragonite|82/100 tox|[from] psn
|-heal|p1a: Gliscor|71/100 tox|[from] ability: Poison Heal
|upkeep
|turn|7
|
|t:|1779671669
|switch|p1a: Iron Valiant|Iron Valiant|100/100
|-enditem|p1a: Iron Valiant|Booster Energy
|-activate|p1a: Iron Valiant|ability: Quark Drive|[fromitem]
|-start|p1a: Iron Valiant|quarkdrivespe
|-terastallize|p2a: Dragonite|Fire
|move|p2a: Dragonite|Fire Punch|p1a: Iron Valiant
|-damage|p1a: Iron Valiant|0 fnt
|faint|p1a: Iron Valiant
|-end|p1a: Iron Valiant|Quark Drive|[silent]
|
|-damage|p2a: Dragonite|63/100 tox|[from] psn
|upkeep
|
|t:|1779671697
|switch|p1a: Draco|Dragapult, M, shiny|100/100
|turn|8
|
|t:|1779671702
|move|p2a: Dragonite|Scale Shot|p1a: Draco
|-supereffective|p1a: Draco
|-crit|p1a: Draco
|-damage|p1a: Draco|0 fnt
|faint|p1a: Draco
|-hitcount|p1: Draco|1
|-unboost|p2a: Dragonite|def|1
|-boost|p2a: Dragonite|spe|1
|
|-damage|p2a: Dragonite|39/100 tox|[from] psn
|upkeep
|
|t:|1779671706
|switch|p1a: Gliscor|Gliscor, M|71/100 tox
|turn|9
|
|t:|1779671709
|move|p1a: Gliscor|Protect|p1a: Gliscor
|-singleturn|p1a: Gliscor|Protect
|move|p2a: Dragonite|Scale Shot|p1a: Gliscor
|-activate|p1a: Gliscor|move: Protect
|
|-damage|p2a: Dragonite|8/100 tox|[from] psn
|-heal|p1a: Gliscor|84/100 tox|[from] ability: Poison Heal
|upkeep
|turn|10
|
|t:|1779671717
|move|p1a: Gliscor|Protect||[still]
|-fail|p1a: Gliscor
|move|p2a: Dragonite|Fire Punch|p1a: Gliscor
|-damage|p1a: Gliscor|35/100 tox
|
|-damage|p2a: Dragonite|0 fnt|[from] psn
|faint|p2a: Dragonite
|-heal|p1a: Gliscor|48/100 tox|[from] ability: Poison Heal
|upkeep
|
|t:|1779671729
|switch|p2a: Kyurem|Kyurem|100/100
|-ability|p2a: Kyurem|Pressure
|turn|11
|
|t:|1779671735
|move|p2a: Kyurem|Earth Power|p1a: Gliscor
|-immune|p1a: Gliscor
|move|p1a: Gliscor|Stealth Rock|p2a: Kyurem
|-sidestart|p2: yogiras8|move: Stealth Rock
|
|-heal|p1a: Gliscor|60/100 tox|[from] ability: Poison Heal
|upkeep
|turn|12
|
|t:|1779671741
|switch|p2a: Hatterene|Hatterene, F|100/100
|-damage|p2a: Hatterene|88/100|[from] Stealth Rock
|move|p1a: Gliscor|Toxic|p2a: Hatterene
|move|p2a: Hatterene|Toxic|p1a: Gliscor|[from] ability: Magic Bounce
|-fail|p1a: Gliscor|tox
|
|-heal|p1a: Gliscor|73/100 tox|[from] ability: Poison Heal
|upkeep
|turn|13
|
|t:|1779671749
|move|p1a: Gliscor|Protect|p1a: Gliscor
|-singleturn|p1a: Gliscor|Protect
|move|p2a: Hatterene|Psychic Noise|p1a: Gliscor
|-activate|p1a: Gliscor|move: Protect
|
|-heal|p1a: Gliscor|85/100 tox|[from] ability: Poison Heal
|upkeep
|turn|14
|
|t:|1779671758
|switch|p1a: GoldenRatio|Gholdengo, shiny|96/100 par
|move|p2a: Hatterene|Psychic Noise|p1a: GoldenRatio
|-resisted|p1a: GoldenRatio
|-damage|p1a: GoldenRatio|78/100 par
|-start|p1a: GoldenRatio|move: Heal Block
|
|upkeep
|turn|15
|
|t:|1779671775
|move|p1a: GoldenRatio|Make It Rain|p2a: Hatterene
|-supereffective|p2a: Hatterene
|-damage|p2a: Hatterene|0 fnt
|-unboost|p1a: GoldenRatio|spa|1
|faint|p2a: Hatterene
|
|-end|p1a: GoldenRatio|move: Heal Block
|upkeep
|
|t:|1779671783
|switch|p2a: Kyurem|Kyurem|100/100
|-damage|p2a: Kyurem|76/100|[from] Stealth Rock
|-ability|p2a: Kyurem|Pressure
|turn|16
|
|t:|1779671786
|move|p2a: Kyurem|Ice Beam|p1a: GoldenRatio
|-resisted|p1a: GoldenRatio
|-damage|p1a: GoldenRatio|37/100 par
|move|p1a: GoldenRatio|Make It Rain|p2a: Kyurem
|-supereffective|p2a: Kyurem
|-damage|p2a: Kyurem|0 fnt
|-unboost|p1a: GoldenRatio|spa|1
|faint|p2a: Kyurem
|
|upkeep
|
|t:|1779671790
|switch|p2a: Great Tusk|Great Tusk|100/100
|-damage|p2a: Great Tusk|98/100|[from] Stealth Rock
|turn|17
|
|t:|1779671797
|move|p2a: Great Tusk|Headlong Rush|p1a: GoldenRatio
|-supereffective|p1a: GoldenRatio
|-damage|p1a: GoldenRatio|0 fnt
|-unboost|p2a: Great Tusk|def|1
|-unboost|p2a: Great Tusk|spd|1
|faint|p1a: GoldenRatio
|
|upkeep
|
|t:|1779671802
|switch|p1a: Gliscor|Gliscor, M|85/100 tox
|turn|18
|
|t:|1779671804
|move|p2a: Great Tusk|Ice Spinner|p1a: Gliscor
|-supereffective|p1a: Gliscor
|-damage|p1a: Gliscor|33/100 tox
|move|p1a: Gliscor|Toxic|p2a: Great Tusk
|-status|p2a: Great Tusk|tox
|
|-damage|p2a: Great Tusk|91/100 tox|[from] psn
|-heal|p1a: Gliscor|45/100 tox|[from] ability: Poison Heal
|upkeep
|turn|19
|
|t:|1779671808
|-end|p2a: Great Tusk|Protosynthesis|[silent]
|switch|p2a: Slowking|Slowking-Galar, M|100/100
|move|p1a: Gliscor|Protect||[still]
|-fail|p1a: Gliscor
|
|-heal|p1a: Gliscor|58/100 tox|[from] ability: Poison Heal
|upkeep
|turn|20
|
|t:|1779671813
|move|p1a: Gliscor|Spikes|p2a: Slowking
|-sidestart|p2: yogiras8|Spikes
|move|p2a: Slowking|Future Sight|p1a: Gliscor
|-start|p2a: Slowking|move: Future Sight
|
|-heal|p1a: Gliscor|70/100 tox|[from] ability: Poison Heal
|upkeep
|turn|21
|
|t:|1779671818
|move|p1a: Gliscor|Spikes|p2a: Slowking
|-sidestart|p2: yogiras8|Spikes
|-prepare|p2a: Slowking|Chilly Reception|[premajor]
|move|p2a: Slowking|Chilly Reception|p2a: Slowking
|-weather|Snowscape
|
|t:|1779671821
|switch|p2a: Great Tusk|Great Tusk|91/100 tox|[from] Chilly Reception
|-damage|p2a: Great Tusk|88/100 tox|[from] Stealth Rock
|-damage|p2a: Great Tusk|72/100 tox|[from] Spikes
|
|-weather|Snowscape|[upkeep]
|-damage|p2a: Great Tusk|65/100 tox|[from] psn
|-heal|p1a: Gliscor|83/100 tox|[from] ability: Poison Heal
|upkeep
|turn|22
|
|t:|1779671828
|move|p1a: Gliscor|Protect|p1a: Gliscor
|-singleturn|p1a: Gliscor|Protect
|move|p2a: Great Tusk|Rapid Spin|p1a: Gliscor
|-activate|p1a: Gliscor|move: Protect
|
|-weather|Snowscape|[upkeep]
|-end|p1a: Gliscor|move: Future Sight
|-damage|p1a: Gliscor|27/100 tox
|-damage|p2a: Great Tusk|53/100 tox|[from] psn
|-heal|p1a: Gliscor|39/100 tox|[from] ability: Poison Heal
|upkeep
|turn|23
|
|t:|1779671849
|switch|p1a: BigZah|Zamazenta|100/100
|-ability|p1a: BigZah|Dauntless Shield|boost
|-boost|p1a: BigZah|def|1
|move|p2a: Great Tusk|Ice Spinner|p1a: BigZah
|-damage|p1a: BigZah|89/100
|
|-weather|Snowscape|[upkeep]
|-heal|p1a: BigZah|95/100|[from] item: Leftovers
|-damage|p2a: Great Tusk|34/100 tox|[from] psn
|upkeep
|turn|24
|
|t:|1779671859
|-end|p2a: Great Tusk|Protosynthesis|[silent]
|switch|p2a: Slowking|Slowking-Galar, M|100/100
|move|p1a: BigZah|Body Press|p2a: Slowking
|-resisted|p2a: Slowking
|-damage|p2a: Slowking|88/100
|
|-weather|Snowscape|[upkeep]
|-heal|p1a: BigZah|100/100|[from] item: Leftovers
|upkeep
|turn|25
|
|t:|1779671867
|move|p1a: BigZah|Heavy Slam|p2a: Slowking
|-damage|p2a: Slowking|72/100
|move|p2a: Slowking|Future Sight|p1a: BigZah
|-start|p2a: Slowking|move: Future Sight
|
|-weather|none
|upkeep
|turn|26
|
|t:|1779671891
|switch|p1a: Gliscor|Gliscor, M|39/100 tox
|move|p2a: Slowking|Sludge Bomb|p1a: Gliscor
|-resisted|p1a: Gliscor
|-damage|p1a: Gliscor|18/100 tox
|
|-heal|p1a: Gliscor|30/100 tox|[from] ability: Poison Heal
|upkeep
|turn|27
|
|t:|1779671903
|move|p1a: Gliscor|Protect|p1a: Gliscor
|-singleturn|p1a: Gliscor|Protect
|-prepare|p2a: Slowking|Chilly Reception|[premajor]
|move|p2a: Slowking|Chilly Reception|p2a: Slowking
|-weather|Snowscape
|
|t:|1779671908
|switch|p2a: Great Tusk|Great Tusk|34/100 tox|[from] Chilly Reception
|-damage|p2a: Great Tusk|31/100 tox|[from] Stealth Rock
|-damage|p2a: Great Tusk|15/100 tox|[from] Spikes
|
|-weather|Snowscape|[upkeep]
|-end|p1a: Gliscor|move: Future Sight
|-damage|p1a: Gliscor|0 fnt
|faint|p1a: Gliscor
|-damage|p2a: Great Tusk|9/100 tox|[from] psn
|upkeep
|
|t:|1779671918
|switch|p1a: Torterra|Torterra, F|100/100
|turn|28
|
|t:|1779671921
|-terastallize|p1a: Torterra|Water
|move|p2a: Great Tusk|Ice Spinner|p1a: Torterra
|-resisted|p1a: Torterra
|-damage|p1a: Torterra|89/100
|move|p1a: Torterra|Shell Smash|p1a: Torterra
|-unboost|p1a: Torterra|def|1
|-unboost|p1a: Torterra|spd|1
|-boost|p1a: Torterra|atk|2
|-boost|p1a: Torterra|spa|2
|-boost|p1a: Torterra|spe|2
|
|-weather|Snowscape|[upkeep]
|-damage|p2a: Great Tusk|0 fnt|[from] psn
|faint|p2a: Great Tusk
|-end|p2a: Great Tusk|Protosynthesis|[silent]
|upkeep
|
|t:|1779671924
|switch|p2a: Slowking|Slowking-Galar, M|100/100
|turn|29
|
|t:|1779671928
|move|p1a: Torterra|Headlong Rush|p2a: Slowking
|-supereffective|p2a: Slowking
|-damage|p2a: Slowking|0 fnt
|-unboost|p1a: Torterra|def|1
|-unboost|p1a: Torterra|spd|1
|faint|p2a: Slowking
|
|win|fgidfid
|raw|fgidfid's rating: 1329 &rarr; <strong>1349</strong><br />(+20 for winning)
|raw|yogiras8's rating: 1333 &rarr; <strong>1313</strong><br />(-20 for losing)
|l|☆yogiras8
|player|p2|
|c|☆fgidfid|ggs
|l|☆fgidfid
|player|p1|
