|j|☆magikarp7774k
|j|☆bjls wsbjlsm
|t:|1779608045
|gametype|singles
|player|p1|magikarp7774k|brycenman|1110
|player|p2|bjls wsbjlsm|volkner|1181
|gen|9
|tier|[Gen 9] OU
|rated|
|rule|HP Percentage Mod: HP is shown in percentages
|rule|Endless Battle Clause: Forcing endless battles is banned
|rule|Species Clause: Limit one of each Pokémon
|rule|OHKO Clause: OHKO moves are banned
|rule|Evasion Items Clause: Evasion items are banned
|rule|Evasion Moves Clause: Evasion moves are banned
|rule|Evasion Abilities Clause: Evasion abilities are banned
|rule|Sleep Moves Clause: Sleep-inducing moves are banned
|clearpoke
|poke|p1|Araquanid, M|
|poke|p1|Cinderace, F|
|poke|p1|Serperior, F|
|poke|p1|Kingambit, M|
|poke|p1|Milotic, M|
|poke|p1|Primeape, M|
|poke|p2|Gholdengo|
|poke|p2|Alomomola, F|
|poke|p2|Great Tusk|
|poke|p2|Iron Moth|
|poke|p2|Regieleki|
|poke|p2|Ogerpon-Wellspring, F|
|teampreview
|
|t:|1779608064
|teamsize|p1|6
|teamsize|p2|6
|start
|switch|p1a: Araquanid|Araquanid, M|100/100
|switch|p2a: Regieleki|Regieleki|100/100
|-item|p2a: Regieleki|Air Balloon
|turn|1
|inactive|Battle timer is ON: inactive players will automatically lose when time's up. (requested by magikarp7774k)
|
|t:|1779608077
|move|p2a: Regieleki|Thunderbolt|p1a: Araquanid
|-supereffective|p1a: Araquanid
|-damage|p1a: Araquanid|14/100
|move|p1a: Araquanid|Sticky Web|p2a: Regieleki
|-sidestart|p2: bjls wsbjlsm|move: Sticky Web
|
|upkeep
|turn|2
|
|t:|1779608083
|-terastallize|p1a: Araquanid|Ghost
|move|p2a: Regieleki|Volt Switch|p1a: Araquanid
|-damage|p1a: Araquanid|0 fnt
|faint|p1a: Araquanid
|
|t:|1779608091
|switch|p2a: Great Tusk|Great Tusk|100/100|[from] Volt Switch
|-activate|p2a: Great Tusk|move: Sticky Web
|-unboost|p2a: Great Tusk|spe|1
|
|upkeep
|
|t:|1779608093
|switch|p1a: Cinderace|Cinderace, F|100/100
|turn|3
|
|t:|1779608100
|move|p1a: Cinderace|Court Change|p1a: Cinderace
|-start|p1a: Cinderace|typechange|Normal|[from] ability: Libero
|-swapsideconditions
|-activate|p1a: Cinderace|move: Court Change
|move|p2a: Great Tusk|Rapid Spin|p1a: Cinderace
|-damage|p1a: Cinderace|78/100
|-boost|p2a: Great Tusk|spe|1
|
|upkeep
|turn|4
|
|t:|1779608118
|move|p1a: Cinderace|U-turn|p2a: Great Tusk
|-resisted|p2a: Great Tusk
|-damage|p2a: Great Tusk|94/100
|
|t:|1779608120
|switch|p1a: Serperior|Serperior, F|100/100|[from] U-turn
|-activate|p1a: Serperior|move: Sticky Web
|-boost|p1a: Serperior|spe|1
|move|p2a: Great Tusk|Close Combat|p1a: Serperior
|-damage|p1a: Serperior|47/100
|-unboost|p2a: Great Tusk|def|1
|-unboost|p2a: Great Tusk|spd|1
|
|-heal|p1a: Serperior|53/100|[from] item: Leftovers
|upkeep
|turn|5
|inactive|magikarp7774k has 120 seconds left.
|
|t:|1779608156
|-end|p2a: Great Tusk|Protosynthesis|[silent]
|switch|p2a: Regieleki|Regieleki|100/100
|-item|p2a: Regieleki|Air Balloon
|move|p1a: Serperior|Protect||[still]
|-fail|p1a: Serperior
|
|-heal|p1a: Serperior|59/100|[from] item: Leftovers
|upkeep
|turn|6
|
|t:|1779608170
|move|p1a: Serperior|Leech Seed|p2a: Regieleki
|-start|p2a: Regieleki|move: Leech Seed
|move|p2a: Regieleki|Thunder Wave|p1a: Serperior
|-status|p1a: Serperior|par
|
|-heal|p1a: Serperior|66/100 par|[from] item: Leftovers
|-damage|p2a: Regieleki|88/100|[from] Leech Seed|[of] p1a: Serperior
|-heal|p1a: Serperior|77/100 par|[silent]
|upkeep
|turn|7
|
|t:|1779608180
|move|p1a: Serperior|Protect|p1a: Serperior
|-singleturn|p1a: Serperior|Protect
|move|p2a: Regieleki|Thunderbolt|p1a: Serperior
|-activate|p1a: Serperior|move: Protect
|
|-heal|p1a: Serperior|83/100 par|[from] item: Leftovers
|-damage|p2a: Regieleki|76/100|[from] Leech Seed|[of] p1a: Serperior
|-heal|p1a: Serperior|94/100 par|[silent]
|upkeep
|turn|8
|inactive|bjls wsbjlsm has 120 seconds left.
|
|t:|1779608219
|switch|p2a: Iron Moth|Iron Moth, shiny|100/100
|-enditem|p2a: Iron Moth|Booster Energy
|-activate|p2a: Iron Moth|ability: Quark Drive|[fromitem]
|-start|p2a: Iron Moth|quarkdrivespa
|cant|p1a: Serperior|par
|
|-heal|p1a: Serperior|99/100 par|[from] item: Leftovers
|upkeep
|turn|9
|inactive|bjls wsbjlsm has 120 seconds left.
|
|t:|1779608236
|switch|p1a: Cinderace|Cinderace, F|78/100
|move|p2a: Iron Moth|Fiery Dance|p1a: Cinderace
|-resisted|p1a: Cinderace
|-damage|p1a: Cinderace|34/100
|-boost|p2a: Iron Moth|spa|1
|
|upkeep
|turn|10
|inactive|bjls wsbjlsm has 120 seconds left.
|
|t:|1779608247
|move|p2a: Iron Moth|Protect|p2a: Iron Moth
|-singleturn|p2a: Iron Moth|Protect
|move|p1a: Cinderace|Pyro Ball|p2a: Iron Moth
|-activate|p2a: Iron Moth|move: Protect
|
|upkeep
|turn|11
|inactive|bjls wsbjlsm has 120 seconds left.
|inactive|bjls wsbjlsm has 90 seconds left.
|
|t:|1779608286
|move|p1a: Cinderace|Pyro Ball|p2a: Iron Moth
|-resisted|p2a: Iron Moth
|-damage|p2a: Iron Moth|53/100
|move|p2a: Iron Moth|Fiery Dance|p1a: Cinderace
|-resisted|p1a: Cinderace
|-damage|p1a: Cinderace|0 fnt
|faint|p1a: Cinderace
|
|upkeep
|
|t:|1779608292
|switch|p1a: Milotic|Milotic, M|100/100
|-activate|p1a: Milotic|move: Sticky Web
|-unboost|p1a: Milotic|spe|1
|-ability|p1a: Milotic|Competitive|boost
|-boost|p1a: Milotic|spa|2
|turn|12
|
|t:|1779608301
|move|p2a: Iron Moth|Sludge Wave|p1a: Milotic
|-damage|p1a: Milotic|24/100
|move|p1a: Milotic|Scald|p2a: Iron Moth
|-supereffective|p2a: Iron Moth
|-damage|p2a: Iron Moth|0 fnt
|faint|p2a: Iron Moth
|-end|p2a: Iron Moth|Quark Drive|[silent]
|
|-heal|p1a: Milotic|30/100|[from] item: Leftovers
|upkeep
|
|t:|1779608315
|switch|p2a: Ogerpon|Ogerpon-Wellspring, F|100/100
|turn|13
|
|t:|1779608326
|move|p2a: Ogerpon|Swords Dance|p2a: Ogerpon
|-boost|p2a: Ogerpon|atk|2
|move|p1a: Milotic|Draining Kiss|p2a: Ogerpon
|-damage|p2a: Ogerpon|75/100
|-heal|p1a: Milotic|44/100|[from] drain|[of] p2a: Ogerpon
|
|-heal|p1a: Milotic|50/100|[from] item: Leftovers
|upkeep
|turn|14
|
|t:|1779608339
|move|p2a: Ogerpon|Trailblaze|p1a: Milotic
|-supereffective|p1a: Milotic
|-damage|p1a: Milotic|0 fnt
|-boost|p2a: Ogerpon|spe|1
|faint|p1a: Milotic
|
|upkeep
|
|t:|1779608344
|switch|p1a: Kingambit|Kingambit, M|100/100
|-activate|p1a: Kingambit|move: Sticky Web
|-unboost|p1a: Kingambit|spe|1
|-ability|p1a: Kingambit|Defiant|boost
|-boost|p1a: Kingambit|atk|2
|turn|15
|
|t:|1779608362
|move|p1a: Kingambit|Sucker Punch|p2a: Ogerpon
|-damage|p2a: Ogerpon|0 fnt
|faint|p2a: Ogerpon
|
|upkeep
|
|t:|1779608368
|switch|p2a: Great Tusk|Great Tusk|94/100
|turn|16
|
|t:|1779608373
|switch|p1a: Serperior|Serperior, F|99/100 par
|-activate|p1a: Serperior|move: Sticky Web
|-boost|p1a: Serperior|spe|1
|move|p2a: Great Tusk|Close Combat|p1a: Serperior
|-damage|p1a: Serperior|45/100 par
|-unboost|p2a: Great Tusk|def|1
|-unboost|p2a: Great Tusk|spd|1
|
|-heal|p1a: Serperior|51/100 par|[from] item: Leftovers
|upkeep
|turn|17
|inactive|bjls wsbjlsm has 120 seconds left.
|
|t:|1779608402
|-end|p2a: Great Tusk|Protosynthesis|[silent]
|switch|p2a: Regieleki|Regieleki|76/100
|-item|p2a: Regieleki|Air Balloon
|cant|p1a: Serperior|par
|
|-heal|p1a: Serperior|57/100 par|[from] item: Leftovers
|upkeep
|turn|18
|
|t:|1779608414
|move|p2a: Regieleki|Reflect|p2a: Regieleki
|-sidestart|p2: bjls wsbjlsm|Reflect
|move|p1a: Serperior|Leaf Storm|p2a: Regieleki
|-damage|p2a: Regieleki|15/100
|-boost|p1a: Serperior|spa|2
|-enditem|p2a: Regieleki|Air Balloon
|
|-heal|p1a: Serperior|63/100 par|[from] item: Leftovers
|upkeep
|turn|19
|
|t:|1779608425
|move|p2a: Regieleki|Thunderbolt|p1a: Serperior
|-resisted|p1a: Serperior
|-damage|p1a: Serperior|31/100 par
|move|p1a: Serperior|Leaf Storm|p2a: Regieleki|[miss]
|-miss|p1a: Serperior|p2a: Regieleki
|
|-heal|p1a: Serperior|37/100 par|[from] item: Leftovers
|upkeep
|turn|20
|
|t:|1779608434
|move|p2a: Regieleki|Thunderbolt|p1a: Serperior
|-resisted|p1a: Serperior
|-damage|p1a: Serperior|4/100 par
|move|p1a: Serperior|Leaf Storm|p2a: Regieleki
|-damage|p2a: Regieleki|0 fnt
|-boost|p1a: Serperior|spa|2
|faint|p2a: Regieleki
|
|-heal|p1a: Serperior|11/100 par|[from] item: Leftovers
|upkeep
|inactive|bjls wsbjlsm has 90 seconds left.
|
|t:|1779608477
|switch|p2a: Great Tusk|Great Tusk|94/100
|turn|21
|
|t:|1779608482
|cant|p1a: Serperior|par
|move|p2a: Great Tusk|Rapid Spin|p1a: Serperior
|-damage|p1a: Serperior|0 fnt
|-boost|p2a: Great Tusk|spe|1
|faint|p1a: Serperior
|
|upkeep
|
|t:|1779608487
|switch|p1a: Primeape|Primeape, M|100/100
|-activate|p1a: Primeape|move: Sticky Web
|-unboost|p1a: Primeape|spe|1
|-ability|p1a: Primeape|Defiant|boost
|-boost|p1a: Primeape|atk|2
|turn|22
|inactive|bjls wsbjlsm has 90 seconds left.
|
|t:|1779608499
|move|p2a: Great Tusk|Earthquake|p1a: Primeape
|-damage|p1a: Primeape|68/100
|move|p1a: Primeape|Rage Fist|p2a: Great Tusk
|-damage|p2a: Great Tusk|80/100
|
|-sideend|p2: bjls wsbjlsm|Reflect
|upkeep
|turn|23
|inactive|bjls wsbjlsm has 90 seconds left.
|
|t:|1779608531
|-terastallize|p2a: Great Tusk|Ground
|move|p2a: Great Tusk|Earthquake|p1a: Primeape
|-damage|p1a: Primeape|27/100
|move|p1a: Primeape|Rage Fist|p2a: Great Tusk
|-damage|p2a: Great Tusk|33/100
|
|upkeep
|turn|24
|
|t:|1779608544
|move|p2a: Great Tusk|Earthquake|p1a: Primeape
|-damage|p1a: Primeape|0 fnt
|faint|p1a: Primeape
|
|upkeep
|
|t:|1779608546
|switch|p1a: Kingambit|Kingambit, M|100/100
|-activate|p1a: Kingambit|move: Sticky Web
|-unboost|p1a: Kingambit|spe|1
|-ability|p1a: Kingambit|Defiant|boost
|-boost|p1a: Kingambit|atk|2
|turn|25
|
|t:|1779608559
|-end|p2a: Great Tusk|Protosynthesis|[silent]
|switch|p2a: Alomomola|Alomomola, F|100/100
|move|p1a: Kingambit|Sucker Punch||[still]
|-fail|p1a: Kingambit
|
|upkeep
|turn|26
|
|t:|1779608566
|move|p2a: Alomomola|Wish|p2a: Alomomola
|move|p1a: Kingambit|Kowtow Cleave|p2a: Alomomola
|-damage|p2a: Alomomola|45/100
|
|upkeep
|turn|27
|
|t:|1779608573
|move|p2a: Alomomola|Flip Turn|p1a: Kingambit
|-damage|p1a: Kingambit|89/100
|
|t:|1779608578
|switch|p2a: Gholdengo|Gholdengo|100/100|[from] Flip Turn
|-item|p2a: Gholdengo|Air Balloon
|move|p1a: Kingambit|Kowtow Cleave|p2a: Gholdengo
|-supereffective|p2a: Gholdengo
|-damage|p2a: Gholdengo|0 fnt
|-enditem|p2a: Gholdengo|Air Balloon
|faint|p2a: Gholdengo
|
|upkeep
|
|t:|1779608589
|switch|p2a: Alomomola|Alomomola, F|78/100
|turn|28
|
|t:|1779608597
|move|p2a: Alomomola|Wish|p2a: Alomomola
|move|p1a: Kingambit|Kowtow Cleave|p2a: Alomomola
|-damage|p2a: Alomomola|21/100
|
|upkeep
|turn|29
|inactive|bjls wsbjlsm has 90 seconds left.
|
|t:|1779608608
|move|p2a: Alomomola|Wish||[still]
|-fail|p2a: Alomomola
|move|p1a: Kingambit|Kowtow Cleave|p2a: Alomomola
|-damage|p2a: Alomomola|0 fnt
|faint|p2a: Alomomola
|
|upkeep
|
|t:|1779608616
|switch|p2a: Great Tusk|Great Tusk, tera:Ground|33/100
|turn|30
|inactive|bjls wsbjlsm has 90 seconds left.
|
|t:|1779608623
|move|p1a: Kingambit|Sucker Punch|p2a: Great Tusk
|-damage|p2a: Great Tusk|0 fnt
|faint|p2a: Great Tusk
|-end|p2a: Great Tusk|Protosynthesis|[silent]
|
|win|magikarp7774k
|raw|magikarp7774k's rating: 1110 &rarr; <strong>1140</strong><br />(+30 for winning)
|raw|bjls wsbjlsm's rating: 1181 &rarr; <strong>1151</strong><br />(-30 for losing)
|c|☆magikarp7774k|GG
|l|☆bjls wsbjlsm
|player|p2|
