|j|☆serdrac
|j|☆rebefzreet
|t:|1779606319
|gametype|singles
|player|p1|serdrac|102|1245
|player|p2|rebefzreet|101|1310
|gen|9
|tier|[Gen 9] OU
|rated|
|rule|HP Percentage Mod: HP is shown in percentages
|rule|Endless Battle Clause: Forcing endless battles is banned
|rule|Species Clause: Limit one of each Pokémon
|rule|OHKO Clause: OHKO moves are banned
|rule|Evasion Items Clause: Evasion items are banned
|rule|Evasion Moves Clause: Evasion moves are banned
|rule|Evasion Abilities Clause: Evasion abilities are banned
|rule|Sleep Moves Clause: Sleep-inducing moves are banned
|clearpoke
|poke|p1|Excadrill, F|
|poke|p1|Tyranitar, M|
|poke|p1|Rotom-Wash|
|poke|p1|Skarmory, F|
|poke|p1|Polteageist|
|poke|p1|Meowscarada, M|
|poke|p2|Zapdos|
|poke|p2|Zangoose, M|
|poke|p2|Gholdengo|
|poke|p2|Latias, F|
|poke|p2|Weavile, F|
|poke|p2|Deoxys-Speed|
|teampreview
|inactive|Battle timer is ON: inactive players will automatically lose when time's up. (requested by serdrac)
|
|t:|1779606349
|teamsize|p1|6
|teamsize|p2|6
|start
|switch|p1a: Tyranitar|Tyranitar, M|100/100
|switch|p2a: Deoxys|Deoxys-Speed|100/100
|-ability|p2a: Deoxys|Pressure
|-weather|Sandstorm|[from] ability: Sand Stream|[of] p1a: Tyranitar
|turn|1
|
|t:|1779606354
|switch|p1a: Polteageist|Polteageist|100/100
|move|p2a: Deoxys|Stealth Rock|p1a: Polteageist
|-sidestart|p1: serdrac|move: Stealth Rock
|
|-weather|Sandstorm|[upkeep]
|-damage|p2a: Deoxys|95/100|[from] Sandstorm
|-damage|p1a: Polteageist|94/100|[from] Sandstorm
|upkeep
|turn|2
|
|t:|1779606373
|move|p2a: Deoxys|Taunt|p1a: Polteageist
|-start|p1a: Polteageist|move: Taunt
|move|p1a: Polteageist|Giga Drain|p2a: Deoxys
|-damage|p2a: Deoxys|61/100
|-heal|p1a: Polteageist|100/100|[from] drain|[of] p2a: Deoxys
|
|-weather|Sandstorm|[upkeep]
|-damage|p2a: Deoxys|55/100|[from] Sandstorm
|-damage|p1a: Polteageist|94/100|[from] Sandstorm
|upkeep
|turn|3
|
|t:|1779606384
|move|p2a: Deoxys|Thunder Wave|p1a: Polteageist
|-status|p1a: Polteageist|par
|cant|p1a: Polteageist|par
|
|-weather|Sandstorm|[upkeep]
|-damage|p2a: Deoxys|49/100|[from] Sandstorm
|-damage|p1a: Polteageist|88/100 par|[from] Sandstorm
|upkeep
|turn|4
|
|t:|1779606392
|switch|p2a: Zangoose|Zangoose, M|100/100
|move|p1a: Polteageist|Shadow Ball|p2a: Zangoose
|-immune|p2a: Zangoose
|
|-weather|Sandstorm|[upkeep]
|-damage|p2a: Zangoose|95/100|[from] Sandstorm
|-damage|p1a: Polteageist|82/100 par|[from] Sandstorm
|-end|p1a: Polteageist|move: Taunt
|-status|p2a: Zangoose|tox|[from] item: Toxic Orb
|upkeep
|turn|5
|
|t:|1779606412
|move|p2a: Zangoose|Knock Off|p1a: Polteageist
|-supereffective|p1a: Polteageist
|-damage|p1a: Polteageist|0 fnt
|-enditem|p1a: Polteageist|White Herb|[from] move: Knock Off|[of] p2a: Zangoose
|faint|p1a: Polteageist
|
|-weather|none
|-damage|p2a: Zangoose|89/100 tox|[from] psn
|upkeep
|
|t:|1779606417
|switch|p1a: Tyranitar|Tyranitar, M|100/100
|-damage|p1a: Tyranitar|88/100|[from] Stealth Rock
|-weather|Sandstorm|[from] ability: Sand Stream|[of] p1a: Tyranitar
|turn|6
|
|t:|1779606432
|switch|p1a: Skarmory|Skarmory, F|100/100
|-damage|p1a: Skarmory|88/100|[from] Stealth Rock
|move|p2a: Zangoose|Facade|p1a: Skarmory
|-resisted|p1a: Skarmory
|-damage|p1a: Skarmory|59/100
|
|-weather|Sandstorm|[upkeep]
|-damage|p2a: Zangoose|83/100 tox|[from] Sandstorm
|-heal|p1a: Skarmory|65/100|[from] item: Leftovers
|-damage|p2a: Zangoose|71/100 tox|[from] psn
|upkeep
|turn|7
|
|t:|1779606440
|move|p2a: Zangoose|Swords Dance|p2a: Zangoose
|-boost|p2a: Zangoose|atk|2
|move|p1a: Skarmory|Stealth Rock|p2a: Zangoose
|-sidestart|p2: rebefzreet|move: Stealth Rock
|
|-weather|Sandstorm|[upkeep]
|-damage|p2a: Zangoose|65/100 tox|[from] Sandstorm
|-heal|p1a: Skarmory|71/100|[from] item: Leftovers
|-damage|p2a: Zangoose|47/100 tox|[from] psn
|upkeep
|turn|8
|
|t:|1779606447
|move|p2a: Zangoose|Knock Off|p1a: Skarmory
|-damage|p1a: Skarmory|17/100
|-enditem|p1a: Skarmory|Leftovers|[from] move: Knock Off|[of] p2a: Zangoose
|move|p1a: Skarmory|Whirlwind|p2a: Zangoose
|drag|p2a: Gholdengo|Gholdengo|100/100
|-damage|p2a: Gholdengo|94/100|[from] Stealth Rock
|
|-weather|Sandstorm|[upkeep]
|upkeep
|turn|9
|
|t:|1779606462
|switch|p1a: Excadrill|Excadrill, F|100/100
|-damage|p1a: Excadrill|97/100|[from] Stealth Rock
|move|p2a: Gholdengo|Shadow Ball|p1a: Excadrill
|-damage|p1a: Excadrill|51/100
|
|-weather|Sandstorm|[upkeep]
|upkeep
|turn|10
|
|t:|1779606477
|switch|p2a: Zapdos|Zapdos, shiny|100/100
|move|p1a: Excadrill|Iron Head|p2a: Zapdos
|-resisted|p2a: Zapdos
|-damage|p2a: Zapdos|80/100
|-status|p1a: Excadrill|par|[from] ability: Static|[of] p2a: Zapdos
|-damage|p1a: Excadrill|41/100 par|[from] item: Life Orb
|
|-weather|none
|upkeep
|turn|11
|-message|serdrac forfeited.
|
|win|rebefzreet
|raw|serdrac's rating: 1245 &rarr; <strong>1225</strong><br />(-20 for losing)
|raw|rebefzreet's rating: 1310 &rarr; <strong>1326</strong><br />(+16 for winning)
|l|☆serdrac
|player|p1|
|l|☆rebefzreet
|player|p2|
