|j|‽Gyarados Fangs
|j|☆kingofdondons
|t:|1779600974
|gametype|singles
|player|p1|Gyarados Fangs|rocketgrunt|1713
|player|p2|kingofdondons|skyla|1530
|gen|9
|tier|[Gen 9] OU
|rated|
|rule|HP Percentage Mod: HP is shown in percentages
|rule|Endless Battle Clause: Forcing endless battles is banned
|rule|Species Clause: Limit one of each Pokémon
|rule|OHKO Clause: OHKO moves are banned
|rule|Evasion Items Clause: Evasion items are banned
|rule|Evasion Moves Clause: Evasion moves are banned
|rule|Evasion Abilities Clause: Evasion abilities are banned
|rule|Sleep Moves Clause: Sleep-inducing moves are banned
|clearpoke
|poke|p1|Ninetales-Alola, M|
|poke|p1|Klefki, M|
|poke|p1|Maushold-Four|
|poke|p1|Latias, F|
|poke|p1|Okidogi, M|
|poke|p1|Kyurem|
|poke|p2|Zamazenta-*|
|poke|p2|Iron Hands|
|poke|p2|Ceruledge, F|
|poke|p2|Iron Valiant|
|poke|p2|Deoxys-Speed|
|poke|p2|Glimmora, F|
|teampreview
|inactive|Battle timer is ON: inactive players will automatically lose when time's up. (requested by kingofdondons)
|
|t:|1779600979
|teamsize|p1|6
|teamsize|p2|6
|start
|switch|p1a: Klefki|Klefki, M|100/100
|switch|p2a: Deoxys|Deoxys-Speed|100/100
|-ability|p2a: Deoxys|Pressure
|turn|1
|
|t:|1779600987
|move|p1a: Klefki|Thunder Wave|p2a: Deoxys|[miss]
|-miss|p1a: Klefki|p2a: Deoxys
|move|p2a: Deoxys|Taunt|p1a: Klefki
|-start|p1a: Klefki|move: Taunt
|
|upkeep
|turn|2
|
|t:|1779600993
|switch|p2a: Iron Hands|Iron Hands|100/100
|-enditem|p2a: Iron Hands|Booster Energy
|-activate|p2a: Iron Hands|ability: Quark Drive|[fromitem]
|-start|p2a: Iron Hands|quarkdriveatk
|switch|p1a: Ninetales|Ninetales-Alola, M|100/100
|-weather|Snowscape|[from] ability: Snow Warning|[of] p1a: Ninetales
|
|-weather|Snowscape|[upkeep]
|upkeep
|turn|3
|
|t:|1779600995
|move|p1a: Ninetales|Aurora Veil|p1a: Ninetales
|-sidestart|p1: Gyarados Fangs|move: Aurora Veil
|move|p2a: Iron Hands|Heavy Slam|p1a: Ninetales
|-supereffective|p1a: Ninetales
|-damage|p1a: Ninetales|0 fnt
|faint|p1a: Ninetales
|
|-weather|Snowscape|[upkeep]
|upkeep
|
|t:|1779601004
|switch|p1a: Latias|Latias, F|100/100
|turn|4
|
|t:|1779601010
|move|p1a: Latias|Agility|p1a: Latias
|-boost|p1a: Latias|spe|2
|move|p2a: Iron Hands|Ice Punch|p1a: Latias
|-supereffective|p1a: Latias
|-damage|p1a: Latias|60/100
|-enditem|p1a: Latias|Weakness Policy
|-boost|p1a: Latias|atk|2|[from] item: Weakness Policy
|-boost|p1a: Latias|spa|2|[from] item: Weakness Policy
|
|-weather|Snowscape|[upkeep]
|upkeep
|turn|5
|
|t:|1779601015
|move|p1a: Latias|Stored Power|p2a: Iron Hands
|-supereffective|p2a: Iron Hands
|-damage|p2a: Iron Hands|0 fnt
|faint|p2a: Iron Hands
|-end|p2a: Iron Hands|Quark Drive|[silent]
|
|-weather|Snowscape|[upkeep]
|upkeep
|
|t:|1779601035
|switch|p2a: Deoxys|Deoxys-Speed|100/100
|-ability|p2a: Deoxys|Pressure
|turn|6
|
|t:|1779601039
|move|p1a: Latias|Agility|p1a: Latias
|-boost|p1a: Latias|spe|2
|move|p2a: Deoxys|Light Screen|p2a: Deoxys
|-sidestart|p2: kingofdondons|move: Light Screen
|
|-weather|none
|upkeep
|turn|7
|
|t:|1779601047
|move|p1a: Latias|Calm Mind|p1a: Latias
|-boost|p1a: Latias|spa|1
|-boost|p1a: Latias|spd|1
|move|p2a: Deoxys|Teleport|p2a: Deoxys
|
|t:|1779601075
|switch|p2a: Zamazenta|Zamazenta|100/100|[from] Teleport
|-ability|p2a: Zamazenta|Dauntless Shield|boost
|-boost|p2a: Zamazenta|def|1
|
|upkeep
|turn|8
|
|t:|1779601077
|-terastallize|p2a: Zamazenta|Steel
|move|p1a: Latias|Stored Power|p2a: Zamazenta
|-resisted|p2a: Zamazenta
|-damage|p2a: Zamazenta|31/100
|move|p2a: Zamazenta|Roar|p1a: Latias
|drag|p1a: Maushold|Maushold-Four|100/100
|
|-heal|p2a: Zamazenta|37/100|[from] item: Leftovers
|upkeep
|turn|9
|
|t:|1779601086
|-terastallize|p1a: Maushold|Ghost
|move|p2a: Zamazenta|Body Press|p1a: Maushold
|-immune|p1a: Maushold
|move|p1a: Maushold|Tidy Up|p1a: Maushold
|-boost|p1a: Maushold|atk|1
|-boost|p1a: Maushold|spe|1
|
|-heal|p2a: Zamazenta|44/100|[from] item: Leftovers
|upkeep
|turn|10
|
|t:|1779601090
|move|p1a: Maushold|Encore|p2a: Zamazenta
|-start|p2a: Zamazenta|Encore
|move|p2a: Zamazenta|Body Press|p1a: Maushold
|-immune|p1a: Maushold
|
|-heal|p2a: Zamazenta|50/100|[from] item: Leftovers
|-sideend|p1: Gyarados Fangs|move: Aurora Veil
|upkeep
|turn|11
|
|t:|1779601094
|switch|p2a: Deoxys|Deoxys-Speed|100/100
|-ability|p2a: Deoxys|Pressure
|move|p1a: Maushold|Tidy Up|p1a: Maushold
|-boost|p1a: Maushold|atk|1
|-boost|p1a: Maushold|spe|1
|
|upkeep
|turn|12
|
|t:|1779601099
|move|p1a: Maushold|Population Bomb|p2a: Deoxys
|-damage|p2a: Deoxys|73/100
|-damage|p2a: Deoxys|43/100
|-damage|p2a: Deoxys|12/100
|-damage|p2a: Deoxys|0 fnt
|faint|p2a: Deoxys
|-hitcount|p2: Deoxys|4
|
|upkeep
|
|t:|1779601105
|switch|p2a: Glimmora|Glimmora, F|100/100
|turn|13
|
|t:|1779601107
|move|p1a: Maushold|Population Bomb|p2a: Glimmora
|-resisted|p2a: Glimmora
|-damage|p2a: Glimmora|92/100
|-activate|p2a: Glimmora|ability: Toxic Debris
|-sidestart|p1: Gyarados Fangs|move: Toxic Spikes
|-resisted|p2a: Glimmora
|-crit|p2a: Glimmora
|-damage|p2a: Glimmora|78/100
|-activate|p2a: Glimmora|ability: Toxic Debris
|-sidestart|p1: Gyarados Fangs|move: Toxic Spikes
|-resisted|p2a: Glimmora
|-damage|p2a: Glimmora|69/100
|-resisted|p2a: Glimmora
|-damage|p2a: Glimmora|60/100
|-resisted|p2a: Glimmora
|-damage|p2a: Glimmora|51/100
|-resisted|p2a: Glimmora
|-damage|p2a: Glimmora|43/100
|-resisted|p2a: Glimmora
|-damage|p2a: Glimmora|35/100
|-resisted|p2a: Glimmora
|-damage|p2a: Glimmora|27/100
|-resisted|p2a: Glimmora
|-damage|p2a: Glimmora|19/100
|-resisted|p2a: Glimmora
|-damage|p2a: Glimmora|10/100
|-hitcount|p2a: Glimmora|10
|-enditem|p2a: Glimmora|Red Card|[of] p1a: Maushold
|drag|p1a: Klefki|Klefki, M|100/100
|move|p2a: Glimmora|Mortal Spin|p1a: Klefki
|-immune|p1a: Klefki
|
|-sideend|p2: kingofdondons|move: Light Screen
|upkeep
|turn|14
|
|t:|1779601116
|move|p1a: Klefki|Thunder Wave|p2a: Glimmora
|-status|p2a: Glimmora|par
|move|p2a: Glimmora|Stealth Rock|p1a: Klefki
|-sidestart|p1: Gyarados Fangs|move: Stealth Rock
|
|upkeep
|turn|15
|
|t:|1779601118
|move|p1a: Klefki|Light Screen|p1a: Klefki
|-sidestart|p1: Gyarados Fangs|move: Light Screen
|move|p2a: Glimmora|Spikes|p1a: Klefki
|-sidestart|p1: Gyarados Fangs|Spikes
|
|upkeep
|turn|16
|
|t:|1779601121
|move|p1a: Klefki|Reflect|p1a: Klefki
|-sidestart|p1: Gyarados Fangs|Reflect
|move|p2a: Glimmora|Spikes|p1a: Klefki
|-sidestart|p1: Gyarados Fangs|Spikes
|
|upkeep
|turn|17
|
|t:|1779601123
|switch|p1a: Maushold|Maushold-Four, tera:Ghost|100/100
|-status|p1a: Maushold|tox
|-damage|p1a: Maushold|88/100 tox|[from] Stealth Rock
|-damage|p1a: Maushold|72/100 tox|[from] Spikes
|move|p2a: Glimmora|Spikes|p1a: Maushold
|-sidestart|p1: Gyarados Fangs|Spikes
|
|-damage|p1a: Maushold|66/100 tox|[from] psn
|upkeep
|turn|18
|
|t:|1779601128
|move|p1a: Maushold|Tidy Up|p1a: Maushold
|-sideend|p1: Gyarados Fangs|Spikes
|-sideend|p1: Gyarados Fangs|Toxic Spikes
|-sideend|p1: Gyarados Fangs|Stealth Rock
|-activate|p1a: Maushold|move: Tidy Up
|-boost|p1a: Maushold|atk|1
|-boost|p1a: Maushold|spe|1
|cant|p2a: Glimmora|par
|
|-damage|p1a: Maushold|54/100 tox|[from] psn
|upkeep
|turn|19
|
|t:|1779601133
|move|p1a: Maushold|Bite|p2a: Glimmora
|-damage|p2a: Glimmora|0 fnt
|-activate|p2a: Glimmora|ability: Toxic Debris
|-sidestart|p1: Gyarados Fangs|move: Toxic Spikes
|faint|p2a: Glimmora
|
|-damage|p1a: Maushold|36/100 tox|[from] psn
|upkeep
|
|t:|1779601138
|switch|p2a: Ceruledge|Ceruledge, F|100/100
|turn|20
|
|t:|1779601140
|move|p2a: Ceruledge|Shadow Sneak|p1a: Maushold
|-supereffective|p1a: Maushold
|-damage|p1a: Maushold|0 fnt
|faint|p1a: Maushold
|-damage|p2a: Ceruledge|91/100|[from] item: Life Orb
|
|upkeep
|
|t:|1779601145
|switch|p1a: Okidogi|Okidogi, M|100/100
|-sideend|p1: Gyarados Fangs|move: Toxic Spikes|[of] p1a: Okidogi
|turn|21
|
|t:|1779601173
|switch|p2a: Zamazenta|Zamazenta, tera:Steel|50/100
|move|p1a: Okidogi|Knock Off|p2a: Zamazenta
|-damage|p2a: Zamazenta|20/100
|-enditem|p2a: Zamazenta|Leftovers|[from] move: Knock Off|[of] p1a: Okidogi
|
|upkeep
|turn|22
|
|t:|1779601181
|move|p2a: Zamazenta|Iron Defense|p2a: Zamazenta
|-boost|p2a: Zamazenta|def|2
|move|p1a: Okidogi|Bulk Up|p1a: Okidogi
|-boost|p1a: Okidogi|atk|1
|-boost|p1a: Okidogi|def|1
|
|-sideend|p1: Gyarados Fangs|move: Light Screen
|upkeep
|turn|23
|
|t:|1779601184
|move|p1a: Okidogi|Bulk Up|p1a: Okidogi
|-boost|p1a: Okidogi|atk|1
|-boost|p1a: Okidogi|def|1
|move|p2a: Zamazenta|Roar|p1a: Okidogi
|-activate|p1a: Okidogi|ability: Guard Dog
|
|-sideend|p1: Gyarados Fangs|Reflect
|upkeep
|turn|24
|
|t:|1779601189
|move|p2a: Zamazenta|Body Press|p1a: Okidogi
|-resisted|p1a: Okidogi
|-damage|p1a: Okidogi|85/100
|move|p1a: Okidogi|Bulk Up|p1a: Okidogi
|-boost|p1a: Okidogi|atk|1
|-boost|p1a: Okidogi|def|1
|
|-heal|p1a: Okidogi|91/100|[from] item: Leftovers
|upkeep
|turn|25
|
|t:|1779601192
|move|p2a: Zamazenta|Body Press|p1a: Okidogi
|-resisted|p1a: Okidogi
|-damage|p1a: Okidogi|79/100
|move|p1a: Okidogi|Drain Punch|p2a: Zamazenta
|-supereffective|p2a: Zamazenta
|-damage|p2a: Zamazenta|0 fnt
|-heal|p1a: Okidogi|88/100|[from] drain|[of] p2a: Zamazenta
|faint|p2a: Zamazenta
|
|-heal|p1a: Okidogi|94/100|[from] item: Leftovers
|upkeep
|
|t:|1779601197
|switch|p2a: Iron Valiant|Iron Valiant|100/100
|-enditem|p2a: Iron Valiant|Booster Energy
|-activate|p2a: Iron Valiant|ability: Quark Drive|[fromitem]
|-start|p2a: Iron Valiant|quarkdrivespe
|turn|26
|
|t:|1779601202
|move|p2a: Iron Valiant|Moonblast|p1a: Okidogi
|-damage|p1a: Okidogi|50/100
|move|p1a: Okidogi|Drain Punch|p2a: Iron Valiant
|-resisted|p2a: Iron Valiant
|-damage|p2a: Iron Valiant|35/100
|-heal|p1a: Okidogi|75/100|[from] drain|[of] p2a: Iron Valiant
|
|-heal|p1a: Okidogi|81/100|[from] item: Leftovers
|upkeep
|turn|27
|
|t:|1779601207
|move|p2a: Iron Valiant|Moonblast|p1a: Okidogi
|-damage|p1a: Okidogi|34/100
|-unboost|p1a: Okidogi|spa|1
|move|p1a: Okidogi|Drain Punch|p2a: Iron Valiant
|-resisted|p2a: Iron Valiant
|-damage|p2a: Iron Valiant|0 fnt
|-heal|p1a: Okidogi|47/100|[from] drain|[of] p2a: Iron Valiant
|faint|p2a: Iron Valiant
|-end|p2a: Iron Valiant|Quark Drive|[silent]
|
|-heal|p1a: Okidogi|53/100|[from] item: Leftovers
|upkeep
|
|t:|1779601212
|switch|p2a: Ceruledge|Ceruledge, F|91/100
|turn|28
|
|t:|1779601223
|move|p2a: Ceruledge|Swords Dance|p2a: Ceruledge
|-boost|p2a: Ceruledge|atk|2
|move|p1a: Okidogi|Knock Off|p2a: Ceruledge
|-supereffective|p2a: Ceruledge
|-damage|p2a: Ceruledge|0 fnt
|-enditem|p2a: Ceruledge|Life Orb|[from] move: Knock Off|[of] p1a: Okidogi
|faint|p2a: Ceruledge
|
|win|Gyarados Fangs
|raw|Gyarados Fangs's rating: 1713 &rarr; <strong>1723</strong><br />(+10 for winning)
|raw|kingofdondons's rating: 1530 &rarr; <strong>1520</strong><br />(-10 for losing)
|l|☆kingofdondons
|player|p2|
|l|‽Gyarados Fangs
|player|p1|
