|j|☆YuhNinja
|j|☆acrenb
|t:|1779583576
|gametype|singles
|player|p1|YuhNinja|1|1445
|player|p2|acrenb|1|1449
|gen|9
|tier|[Gen 9] OU
|rated|
|rule|HP Percentage Mod: HP is shown in percentages
|rule|Endless Battle Clause: Forcing endless battles is banned
|rule|Species Clause: Limit one of each Pokémon
|rule|OHKO Clause: OHKO moves are banned
|rule|Evasion Items Clause: Evasion items are banned
|rule|Evasion Moves Clause: Evasion moves are banned
|rule|Evasion Abilities Clause: Evasion abilities are banned
|rule|Sleep Moves Clause: Sleep-inducing moves are banned
|clearpoke
|poke|p1|Cetitan, F|
|poke|p1|Slowking, F|
|poke|p1|Grimmsnarl, M|
|poke|p1|Moltres|
|poke|p1|Hydrapple, M|
|poke|p1|Eiscue, F|
|poke|p2|Iron Valiant|
|poke|p2|Excadrill, M|
|poke|p2|Tyranitar, M|
|poke|p2|Tornadus-Therian, M|
|poke|p2|Toxapex, M|
|poke|p2|Ogerpon-Cornerstone, F|
|teampreview
|inactive|Battle timer is ON: inactive players will automatically lose when time's up. (requested by acrenb)
|
|t:|1779583584
|teamsize|p1|6
|teamsize|p2|6
|start
|switch|p1a: Hydrapple|Hydrapple, M|100/100
|switch|p2a: Tyranitar|Tyranitar, M|100/100
|-weather|Sandstorm|[from] ability: Sand Stream|[of] p2a: Tyranitar
|turn|1
|
|t:|1779583591
|-terastallize|p2a: Tyranitar|Bug
|move|p2a: Tyranitar|Ice Punch|p1a: Hydrapple
|-supereffective|p1a: Hydrapple
|-damage|p1a: Hydrapple|31/100
|-damage|p2a: Tyranitar|84/100|[from] item: Rocky Helmet|[of] p1a: Hydrapple
|move|p1a: Hydrapple|Nasty Plot|p1a: Hydrapple
|-boost|p1a: Hydrapple|spa|2
|
|-weather|Sandstorm|[upkeep]
|-damage|p2a: Tyranitar|78/100|[from] Sandstorm
|-damage|p1a: Hydrapple|25/100|[from] Sandstorm
|upkeep
|turn|2
|
|t:|1779583602
|switch|p1a: Grimmsnarl|Grimmsnarl, M|100/100
|move|p2a: Tyranitar|Knock Off|p1a: Grimmsnarl
|-resisted|p1a: Grimmsnarl
|-damage|p1a: Grimmsnarl|86/100
|-enditem|p1a: Grimmsnarl|Light Clay|[from] move: Knock Off|[of] p2a: Tyranitar
|
|-weather|Sandstorm|[upkeep]
|-damage|p2a: Tyranitar|72/100|[from] Sandstorm
|-damage|p1a: Grimmsnarl|80/100|[from] Sandstorm
|upkeep
|turn|3
|
|t:|1779583609
|move|p1a: Grimmsnarl|Reflect|p1a: Grimmsnarl
|-sidestart|p1: YuhNinja|Reflect
|move|p2a: Tyranitar|Stealth Rock|p1a: Grimmsnarl
|-sidestart|p1: YuhNinja|move: Stealth Rock
|
|-weather|Sandstorm|[upkeep]
|-damage|p2a: Tyranitar|66/100|[from] Sandstorm
|-damage|p1a: Grimmsnarl|74/100|[from] Sandstorm
|upkeep
|turn|4
|
|t:|1779583616
|switch|p2a: Toxapex|Toxapex, M|100/100
|switch|p1a: Moltres|Moltres|100/100
|
|-weather|Sandstorm|[upkeep]
|-damage|p1a: Moltres|94/100|[from] Sandstorm
|-damage|p2a: Toxapex|95/100|[from] Sandstorm
|upkeep
|turn|5
|
|t:|1779583633
|move|p1a: Moltres|Brave Bird|p2a: Toxapex
|-crit|p2a: Toxapex
|-damage|p2a: Toxapex|30/100
|-damage|p1a: Moltres|74/100|[from] Recoil
|-enditem|p2a: Toxapex|Eject Button
|
|t:|1779583641
|switch|p2a: Ogerpon|Ogerpon-Cornerstone, F|100/100
|
|-weather|Sandstorm|[upkeep]
|-damage|p1a: Moltres|68/100|[from] Sandstorm
|upkeep
|turn|6
|
|t:|1779583654
|switch|p2a: Toxapex|Toxapex, M|63/100
|move|p1a: Moltres|Flare Blitz|p2a: Toxapex
|-resisted|p2a: Toxapex
|-damage|p2a: Toxapex|42/100
|-damage|p1a: Moltres|61/100|[from] Recoil
|
|-weather|Sandstorm|[upkeep]
|-damage|p1a: Moltres|55/100|[from] Sandstorm
|-damage|p2a: Toxapex|36/100|[from] Sandstorm
|upkeep
|turn|7
|
|t:|1779583663
|move|p1a: Moltres|Brave Bird|p2a: Toxapex
|-damage|p2a: Toxapex|0 fnt
|faint|p2a: Toxapex
|-damage|p1a: Moltres|44/100|[from] Recoil
|
|-weather|Sandstorm|[upkeep]
|-damage|p1a: Moltres|38/100|[from] Sandstorm
|-sideend|p1: YuhNinja|Reflect
|upkeep
|
|t:|1779583667
|switch|p2a: Ogerpon|Ogerpon-Cornerstone, F|100/100
|turn|8
|
|t:|1779583677
|move|p2a: Ogerpon|Ivy Cudgel|p1a: Moltres|[anim] Ivy Cudgel Rock
|-supereffective|p1a: Moltres
|-crit|p1a: Moltres
|-damage|p1a: Moltres|0 fnt
|faint|p1a: Moltres
|
|-weather|none
|upkeep
|
|t:|1779583680
|switch|p1a: Grimmsnarl|Grimmsnarl, M|74/100
|-damage|p1a: Grimmsnarl|61/100|[from] Stealth Rock
|turn|9
|
|t:|1779583688
|move|p1a: Grimmsnarl|Taunt|p2a: Ogerpon
|-start|p2a: Ogerpon|move: Taunt
|move|p2a: Ogerpon|Knock Off|p1a: Grimmsnarl
|-resisted|p1a: Grimmsnarl
|-damage|p1a: Grimmsnarl|54/100
|
|upkeep
|turn|10
|
|t:|1779583699
|move|p1a: Grimmsnarl|Reflect|p1a: Grimmsnarl
|-sidestart|p1: YuhNinja|Reflect
|move|p2a: Ogerpon|Ivy Cudgel|p1a: Grimmsnarl|[anim] Ivy Cudgel Rock
|-damage|p1a: Grimmsnarl|21/100
|
|upkeep
|turn|11
|
|t:|1779583706
|move|p1a: Grimmsnarl|Light Screen|p1a: Grimmsnarl
|-sidestart|p1: YuhNinja|move: Light Screen
|move|p2a: Ogerpon|Ivy Cudgel|p1a: Grimmsnarl|[anim] Ivy Cudgel Rock
|-crit|p1a: Grimmsnarl
|-damage|p1a: Grimmsnarl|0 fnt
|faint|p1a: Grimmsnarl
|
|-end|p2a: Ogerpon|move: Taunt
|upkeep
|
|t:|1779583709
|switch|p1a: Slowking|Slowking, F|100/100
|-damage|p1a: Slowking|88/100|[from] Stealth Rock
|turn|12
|
|t:|1779583716
|move|p2a: Ogerpon|Knock Off|p1a: Slowking
|-supereffective|p1a: Slowking
|-damage|p1a: Slowking|59/100
|-enditem|p1a: Slowking|Icy Rock|[from] move: Knock Off|[of] p2a: Ogerpon
|-prepare|p1a: Slowking|Chilly Reception|[premajor]
|move|p1a: Slowking|Chilly Reception|p1a: Slowking
|-weather|Snowscape
|
|t:|1779583724
|switch|p1a: Cetitan|Cetitan, F|100/100|[from] Chilly Reception
|-damage|p1a: Cetitan|76/100|[from] Stealth Rock
|
|-weather|Snowscape|[upkeep]
|upkeep
|turn|13
|
|t:|1779583731
|switch|p2a: Tyranitar|Tyranitar, M, tera:Bug|66/100
|-weather|Sandstorm|[from] ability: Sand Stream|[of] p2a: Tyranitar
|move|p1a: Cetitan|Icicle Crash|p2a: Tyranitar
|-crit|p2a: Tyranitar
|-damage|p2a: Tyranitar|4/100
|
|-weather|Sandstorm|[upkeep]
|-damage|p1a: Cetitan|69/100|[from] Sandstorm
|-damage|p2a: Tyranitar|0 fnt|[from] Sandstorm
|faint|p2a: Tyranitar
|upkeep
|
|t:|1779583754
|switch|p2a: Ogerpon|Ogerpon-Cornerstone, F|100/100
|turn|14
|
|t:|1779583765
|switch|p1a: Slowking|Slowking, F|92/100
|-damage|p1a: Slowking|80/100|[from] Stealth Rock
|move|p2a: Ogerpon|Ivy Cudgel|p1a: Slowking|[anim] Ivy Cudgel Rock
|-damage|p1a: Slowking|60/100
|
|-weather|Sandstorm|[upkeep]
|-damage|p1a: Slowking|54/100|[from] Sandstorm
|-sideend|p1: YuhNinja|Reflect
|upkeep
|turn|15
|
|t:|1779583776
|switch|p1a: Hydrapple|Hydrapple, M|58/100
|-damage|p1a: Hydrapple|46/100|[from] Stealth Rock
|move|p2a: Ogerpon|Power Whip|p1a: Hydrapple
|-resisted|p1a: Hydrapple
|-damage|p1a: Hydrapple|35/100
|-damage|p2a: Ogerpon|84/100|[from] item: Rocky Helmet|[of] p1a: Hydrapple
|
|-weather|Sandstorm|[upkeep]
|-damage|p1a: Hydrapple|29/100|[from] Sandstorm
|-sideend|p1: YuhNinja|move: Light Screen
|upkeep
|turn|16
|
|t:|1779583784
|switch|p1a: Slowking|Slowking, F|87/100
|-damage|p1a: Slowking|75/100|[from] Stealth Rock
|move|p2a: Ogerpon|Knock Off|p1a: Slowking
|-supereffective|p1a: Slowking
|-damage|p1a: Slowking|36/100
|
|-weather|Sandstorm|[upkeep]
|-damage|p1a: Slowking|30/100|[from] Sandstorm
|upkeep
|turn|17
|
|t:|1779583789
|switch|p1a: Hydrapple|Hydrapple, M|62/100
|-damage|p1a: Hydrapple|50/100|[from] Stealth Rock
|move|p2a: Ogerpon|Power Whip|p1a: Hydrapple
|-resisted|p1a: Hydrapple
|-damage|p1a: Hydrapple|41/100
|-damage|p2a: Ogerpon|67/100|[from] item: Rocky Helmet|[of] p1a: Hydrapple
|
|-weather|Sandstorm|[upkeep]
|-damage|p1a: Hydrapple|35/100|[from] Sandstorm
|upkeep
|turn|18
|
|t:|1779583796
|move|p2a: Ogerpon|Knock Off|p1a: Hydrapple
|-damage|p1a: Hydrapple|13/100
|-damage|p2a: Ogerpon|51/100|[from] item: Rocky Helmet|[of] p1a: Hydrapple
|-enditem|p1a: Hydrapple|Rocky Helmet|[from] move: Knock Off|[of] p2a: Ogerpon
|move|p1a: Hydrapple|Recover|p1a: Hydrapple
|-heal|p1a: Hydrapple|63/100
|
|-weather|Sandstorm|[upkeep]
|-damage|p1a: Hydrapple|57/100|[from] Sandstorm
|upkeep
|turn|19
|
|t:|1779583804
|switch|p2a: Tornadus|Tornadus-Therian, M|100/100
|move|p1a: Hydrapple|Giga Drain|p2a: Tornadus
|-resisted|p2a: Tornadus
|-damage|p2a: Tornadus|82/100
|-heal|p1a: Hydrapple|64/100|[from] drain|[of] p2a: Tornadus
|
|-weather|Sandstorm|[upkeep]
|-damage|p2a: Tornadus|76/100|[from] Sandstorm
|-damage|p1a: Hydrapple|57/100|[from] Sandstorm
|upkeep
|turn|20
|
|t:|1779583813
|switch|p1a: Eiscue|Eiscue, F|100/100
|-damage|p1a: Eiscue|75/100|[from] Stealth Rock
|move|p2a: Tornadus|Bleakwind Storm|p1a: Eiscue
|-damage|p1a: Eiscue|0 fnt
|faint|p1a: Eiscue
|
|-weather|none
|upkeep
|
|t:|1779583820
|switch|p1a: Slowking|Slowking, F|63/100
|-damage|p1a: Slowking|51/100|[from] Stealth Rock
|turn|21
|
|t:|1779583825
|move|p2a: Tornadus|Bleakwind Storm|p1a: Slowking|[miss]
|-miss|p2a: Tornadus|p1a: Slowking
|-prepare|p1a: Slowking|Chilly Reception|[premajor]
|move|p1a: Slowking|Chilly Reception|p1a: Slowking
|-weather|Snowscape
|
|t:|1779583827
|switch|p1a: Cetitan|Cetitan, F|69/100|[from] Chilly Reception
|-damage|p1a: Cetitan|44/100|[from] Stealth Rock
|-enditem|p1a: Cetitan|Sitrus Berry|[eat]
|-heal|p1a: Cetitan|69/100|[from] item: Sitrus Berry
|
|-weather|Snowscape|[upkeep]
|upkeep
|turn|22
|
|t:|1779583841
|switch|p2a: Excadrill|Excadrill, M|100/100
|move|p1a: Cetitan|Icicle Crash|p2a: Excadrill
|-damage|p2a: Excadrill|42/100
|
|-weather|Snowscape|[upkeep]
|-heal|p2a: Excadrill|48/100|[from] item: Leftovers
|upkeep
|turn|23
|
|t:|1779583848
|move|p1a: Cetitan|Earthquake|p2a: Excadrill
|-supereffective|p2a: Excadrill
|-damage|p2a: Excadrill|0 fnt
|faint|p2a: Excadrill
|
|-weather|Snowscape|[upkeep]
|upkeep
|
|t:|1779583851
|switch|p2a: Iron Valiant|Iron Valiant|100/100
|turn|24
|
|t:|1779583854
|move|p2a: Iron Valiant|Vacuum Wave|p1a: Cetitan
|-supereffective|p1a: Cetitan
|-crit|p1a: Cetitan
|-damage|p1a: Cetitan|0 fnt
|faint|p1a: Cetitan
|
|-weather|Snowscape|[upkeep]
|upkeep
|
|t:|1779583857
|switch|p1a: Slowking|Slowking, F|84/100
|-damage|p1a: Slowking|72/100|[from] Stealth Rock
|turn|25
|
|t:|1779583864
|-end|p2a: Iron Valiant|Quark Drive|[silent]
|switch|p2a: Tornadus|Tornadus-Therian, M|100/100
|move|p1a: Slowking|Psychic|p2a: Tornadus
|-damage|p2a: Tornadus|63/100
|
|-weather|none
|upkeep
|turn|26
|
|t:|1779583871
|move|p2a: Tornadus|Bleakwind Storm|p1a: Slowking
|-crit|p1a: Slowking
|-damage|p1a: Slowking|0 fnt
|faint|p1a: Slowking
|
|upkeep
|
|t:|1779583874
|switch|p1a: Hydrapple|Hydrapple, M|91/100
|-damage|p1a: Hydrapple|78/100|[from] Stealth Rock
|turn|27
|
|t:|1779583879
|move|p2a: Tornadus|Bleakwind Storm|p1a: Hydrapple
|-supereffective|p1a: Hydrapple
|-damage|p1a: Hydrapple|0 fnt
|faint|p1a: Hydrapple
|
|win|acrenb
|raw|YuhNinja's rating: 1445 &rarr; <strong>1425</strong><br />(-20 for losing)
|raw|acrenb's rating: 1449 &rarr; <strong>1469</strong><br />(+20 for winning)
|l|☆YuhNinja
|player|p1|
|l|☆acrenb
|player|p2|
