|j|☆evccx
|j|☆owlwaystired
|t:|1779683489
|gametype|singles
|player|p1|evccx|palmer|1360
|player|p2|owlwaystired|169|1506
|gen|9
|tier|[Gen 9] OU
|rated|
|rule|HP Percentage Mod: HP is shown in percentages
|rule|Endless Battle Clause: Forcing endless battles is banned
|rule|Species Clause: Limit one of each Pokémon
|rule|OHKO Clause: OHKO moves are banned
|rule|Evasion Items Clause: Evasion items are banned
|rule|Evasion Moves Clause: Evasion moves are banned
|rule|Evasion Abilities Clause: Evasion abilities are banned
|rule|Sleep Moves Clause: Sleep-inducing moves are banned
|clearpoke
|poke|p1|Weezing-Galar, M|
|poke|p1|Ogerpon, F|
|poke|p1|Skarmory, M|
|poke|p1|Alomomola, M|
|poke|p1|Clodsire, M|
|poke|p1|Hydreigon, M|
|poke|p2|Primarina, F|
|poke|p2|Grimmsnarl, M|
|poke|p2|Lokix, F|
|poke|p2|Walking Wake|
|poke|p2|Kingambit, F|
|poke|p2|Iron Moth|
|teampreview
|inactive|Battle timer is ON: inactive players will automatically lose when time's up. (requested by owlwaystired)
|
|t:|1779683521
|teamsize|p1|6
|teamsize|p2|6
|start
|switch|p1a: Weezing|Weezing-Galar, M, shiny|100/100
|switch|p2a: Iron Moth|Iron Moth|100/100
|-ability|p1a: Weezing|Neutralizing Gas
|turn|1
|
|t:|1779683527
|-end|p1a: Weezing|ability: Neutralizing Gas
|switch|p1a: Alomomola|Alomomola, M, shiny|100/100
|-enditem|p2a: Iron Moth|Booster Energy
|-activate|p2a: Iron Moth|ability: Quark Drive|[fromitem]
|-start|p2a: Iron Moth|quarkdrivespa
|move|p2a: Iron Moth|Fiery Dance|p1a: Alomomola
|-resisted|p1a: Alomomola
|-damage|p1a: Alomomola|86/100
|
|upkeep
|turn|2
|
|t:|1779683539
|move|p2a: Iron Moth|Discharge|p1a: Alomomola
|-supereffective|p1a: Alomomola
|-damage|p1a: Alomomola|48/100
|move|p1a: Alomomola|Flip Turn|p2a: Iron Moth
|-supereffective|p2a: Iron Moth
|-damage|p2a: Iron Moth|47/100
|
|t:|1779683556
|switch|p1a: Clodsire|Clodsire, M, shiny|100/100|[from] Flip Turn
|
|upkeep
|turn|3
|
|t:|1779683566
|-terastallize|p2a: Iron Moth|Bug
|move|p2a: Iron Moth|Fiery Dance|p1a: Clodsire
|-damage|p1a: Clodsire|71/100
|-boost|p2a: Iron Moth|spa|1
|move|p1a: Clodsire|Earthquake|p2a: Iron Moth
|-resisted|p2a: Iron Moth
|-damage|p2a: Iron Moth|24/100
|
|-heal|p1a: Clodsire|77/100|[from] item: Leftovers
|upkeep
|turn|4
|
|t:|1779683577
|move|p2a: Iron Moth|Fiery Dance|p1a: Clodsire
|-damage|p1a: Clodsire|47/100
|move|p1a: Clodsire|Toxic|p2a: Iron Moth
|-status|p2a: Iron Moth|tox
|
|-heal|p1a: Clodsire|53/100|[from] item: Leftovers
|-damage|p2a: Iron Moth|18/100 tox|[from] psn
|upkeep
|turn|5
|
|t:|1779683583
|move|p2a: Iron Moth|Fiery Dance|p1a: Clodsire
|-damage|p1a: Clodsire|21/100
|-boost|p2a: Iron Moth|spa|1
|move|p1a: Clodsire|Recover|p1a: Clodsire
|-heal|p1a: Clodsire|71/100
|
|-heal|p1a: Clodsire|77/100|[from] item: Leftovers
|-damage|p2a: Iron Moth|6/100 tox|[from] psn
|upkeep
|turn|6
|
|t:|1779683588
|move|p2a: Iron Moth|Fiery Dance|p1a: Clodsire
|-damage|p1a: Clodsire|46/100
|-boost|p2a: Iron Moth|spa|1
|move|p1a: Clodsire|Stealth Rock|p2a: Iron Moth
|-sidestart|p2: owlwaystired|move: Stealth Rock
|
|-heal|p1a: Clodsire|52/100|[from] item: Leftovers
|-damage|p2a: Iron Moth|0 fnt|[from] psn
|faint|p2a: Iron Moth
|-end|p2a: Iron Moth|Quark Drive|[silent]
|upkeep
|
|t:|1779683602
|switch|p2a: Walking Wake|Walking Wake|100/100
|-damage|p2a: Walking Wake|88/100|[from] Stealth Rock
|-enditem|p2a: Walking Wake|Booster Energy
|-activate|p2a: Walking Wake|ability: Protosynthesis|[fromitem]
|-start|p2a: Walking Wake|protosynthesisspa
|turn|7
|
|t:|1779683613
|switch|p1a: Alomomola|Alomomola, M, shiny|81/100
|move|p2a: Walking Wake|Dragon Dance|p2a: Walking Wake
|-boost|p2a: Walking Wake|atk|1
|-boost|p2a: Walking Wake|spe|1
|
|upkeep
|turn|8
|
|t:|1779683623
|move|p2a: Walking Wake|Dragon Pulse|p1a: Alomomola
|-damage|p1a: Alomomola|53/100
|move|p1a: Alomomola|Play Rough|p2a: Walking Wake
|-supereffective|p2a: Walking Wake
|-damage|p2a: Walking Wake|53/100
|
|upkeep
|turn|9
|
|t:|1779683634
|move|p2a: Walking Wake|Dragon Pulse|p1a: Alomomola
|-damage|p1a: Alomomola|22/100
|move|p1a: Alomomola|Mirror Coat|p2a: Walking Wake
|-damage|p2a: Walking Wake|0 fnt
|faint|p2a: Walking Wake
|-end|p2a: Walking Wake|Protosynthesis|[silent]
|
|upkeep
|
|t:|1779683658
|switch|p2a: Lokix|Lokix, F|100/100
|-damage|p2a: Lokix|75/100|[from] Stealth Rock
|turn|10
|
|t:|1779683680
|switch|p1a: Weezing|Weezing-Galar, M, shiny|100/100
|-ability|p1a: Weezing|Neutralizing Gas
|move|p2a: Lokix|First Impression|p1a: Weezing
|-resisted|p1a: Weezing
|-damage|p1a: Weezing|92/100
|
|upkeep
|turn|11
|
|t:|1779683692
|move|p2a: Lokix|Knock Off|p1a: Weezing
|-resisted|p1a: Weezing
|-crit|p1a: Weezing
|-damage|p1a: Weezing|70/100
|-enditem|p1a: Weezing|Heavy-Duty Boots|[from] move: Knock Off|[of] p2a: Lokix
|move|p1a: Weezing|Sludge Bomb|p2a: Lokix
|-damage|p2a: Lokix|18/100
|
|upkeep
|turn|12
|
|t:|1779683701
|move|p2a: Lokix|U-turn|p1a: Weezing
|-resisted|p1a: Weezing
|-damage|p1a: Weezing|64/100
|
|t:|1779683704
|switch|p2a: Kingambit|Kingambit, F|100/100|[from] U-turn
|-damage|p2a: Kingambit|94/100|[from] Stealth Rock
|move|p1a: Weezing|Sludge Bomb|p2a: Kingambit
|-immune|p2a: Kingambit
|
|upkeep
|turn|13
|
|t:|1779683721
|-end|p1a: Weezing|ability: Neutralizing Gas
|-activate|p2a: Kingambit|ability: Supreme Overlord
|-start|p2a: Kingambit|fallen2|[silent]
|switch|p1a: Skarmory|Skarmory, M, shiny|100/100
|move|p2a: Kingambit|Swords Dance|p2a: Kingambit
|-boost|p2a: Kingambit|atk|2
|
|upkeep
|turn|14
|
|t:|1779683731
|move|p1a: Skarmory|Body Press|p2a: Kingambit
|-supereffective|p2a: Kingambit
|-damage|p2a: Kingambit|6/100
|move|p2a: Kingambit|Night Slash|p1a: Skarmory
|-damage|p1a: Skarmory|32/100
|-damage|p2a: Kingambit|0 fnt|[from] item: Rocky Helmet|[of] p1a: Skarmory
|faint|p2a: Kingambit
|-end|p2a: Kingambit|fallen2|[silent]
|
|upkeep
|inactive|owlwaystired has 120 seconds left.
|
|t:|1779683758
|switch|p2a: Primarina|Primarina, F|100/100
|-damage|p2a: Primarina|88/100|[from] Stealth Rock
|turn|15
|
|t:|1779683778
|move|p1a: Skarmory|Taunt|p2a: Primarina
|-start|p2a: Primarina|move: Taunt
|move|p2a: Primarina|Sparkling Aria|p1a: Skarmory
|-damage|p1a: Skarmory|0 fnt
|faint|p1a: Skarmory
|
|upkeep
|
|t:|1779683783
|switch|p1a: Ogerpon|Ogerpon, F|100/100
|turn|16
|
|t:|1779683793
|-terastallize|p1a: Ogerpon|Grass
|detailschange|p1a: Ogerpon|Ogerpon-Teal-Tera, F, tera:Grass
|-ability|p1a: Ogerpon|Embody Aspect (Teal)|boost
|-boost|p1a: Ogerpon|spe|1
|move|p1a: Ogerpon|Ivy Cudgel|p2a: Primarina
|-supereffective|p2a: Primarina
|-crit|p2a: Primarina
|-damage|p2a: Primarina|0 fnt
|faint|p2a: Primarina
|
|upkeep
|j| testingrainteam1
|l| testingrainteam1
|inactive|owlwaystired has 120 seconds left.
|
|t:|1779683824
|switch|p2a: Lokix|Lokix, F|18/100
|-damage|p2a: Lokix|0 fnt|[from] Stealth Rock
|faint|p2a: Lokix
|
|t:|1779683826
|switch|p2a: Grimmsnarl|Grimmsnarl, M|100/100
|-damage|p2a: Grimmsnarl|88/100|[from] Stealth Rock
|turn|17
|
|t:|1779683836
|move|p1a: Ogerpon|Ivy Cudgel|p2a: Grimmsnarl
|-damage|p2a: Grimmsnarl|0 fnt
|faint|p2a: Grimmsnarl
|
|win|evccx
|raw|evccx's rating: 1360 &rarr; <strong>1388</strong><br />(+28 for winning)
|raw|owlwaystired's rating: 1506 &rarr; <strong>1478</strong><br />(-28 for losing)
|l|☆evccx
|player|p1|
|l|☆owlwaystired
|player|p2|
