|j|☆Hellx950
|j|☆subbasser
|t:|1779703776
|gametype|singles
|player|p1|Hellx950|hilbert-wonderlauncher|1170
|player|p2|subbasser|2|1158
|gen|9
|tier|[Gen 9] OU
|rated|
|rule|HP Percentage Mod: HP is shown in percentages
|rule|Endless Battle Clause: Forcing endless battles is banned
|rule|Species Clause: Limit one of each Pokémon
|rule|OHKO Clause: OHKO moves are banned
|rule|Evasion Items Clause: Evasion items are banned
|rule|Evasion Moves Clause: Evasion moves are banned
|rule|Evasion Abilities Clause: Evasion abilities are banned
|rule|Sleep Moves Clause: Sleep-inducing moves are banned
|clearpoke
|poke|p1|Blastoise, M|
|poke|p1|Mimikyu, M|
|poke|p1|Dragalge, F|
|poke|p1|Glimmora, F|
|poke|p1|Krookodile, M|
|poke|p1|Corviknight, F|
|poke|p2|Toedscruel, M|
|poke|p2|Registeel|
|poke|p2|Rhyperior, F|
|poke|p2|Magnezone|
|poke|p2|Kingambit, F|
|poke|p2|Dachsbun, M|
|teampreview
|inactive|Battle timer is ON: inactive players will automatically lose when time's up. (requested by Hellx950)
|
|t:|1779703787
|teamsize|p1|6
|teamsize|p2|6
|start
|switch|p1a: Glimmora|Glimmora, F, shiny|100/100
|switch|p2a: Judoon|Rhyperior, F|100/100
|turn|1
|
|t:|1779703808
|move|p1a: Glimmora|Earth Power|p2a: Judoon
|-supereffective|p2a: Judoon
|-damage|p2a: Judoon|36/100
|move|p2a: Judoon|Earthquake|p1a: Glimmora
|-supereffective|p1a: Glimmora
|-enditem|p1a: Glimmora|Focus Sash
|-damage|p1a: Glimmora|1/100
|-activate|p1a: Glimmora|ability: Toxic Debris
|-sidestart|p2: subbasser|move: Toxic Spikes
|
|-heal|p2a: Judoon|42/100|[from] item: Leftovers
|upkeep
|turn|2
|
|t:|1779703814
|move|p1a: Glimmora|Earth Power|p2a: Judoon
|-supereffective|p2a: Judoon
|-damage|p2a: Judoon|0 fnt
|faint|p2a: Judoon
|
|upkeep
|
|t:|1779703818
|switch|p2a: Ood|Toedscruel, M|100/100
|-status|p2a: Ood|psn
|turn|3
|
|t:|1779703823
|move|p1a: Glimmora|Spiky Shield|p1a: Glimmora
|-singleturn|p1a: Glimmora|move: Protect
|move|p2a: Ood|Giga Drain|p1a: Glimmora
|-activate|p1a: Glimmora|move: Protect
|
|-damage|p2a: Ood|88/100 psn|[from] psn
|upkeep
|turn|4
|
|t:|1779703837
|move|p1a: Glimmora|Stealth Rock|p2a: Ood
|-sidestart|p2: subbasser|move: Stealth Rock
|move|p2a: Ood|Giga Drain|p1a: Glimmora
|-damage|p1a: Glimmora|0 fnt
|-heal|p2a: Ood|88/100 psn|[from] drain|[of] p1a: Glimmora
|faint|p1a: Glimmora
|
|-damage|p2a: Ood|76/100 psn|[from] psn
|upkeep
|
|t:|1779703852
|switch|p1a: Blastoise|Blastoise, M|100/100
|turn|5
|
|t:|1779703864
|-terastallize|p1a: Blastoise|Grass
|-terastallize|p2a: Ood|Ground
|move|p1a: Blastoise|Substitute|p1a: Blastoise
|-start|p1a: Blastoise|Substitute
|-damage|p1a: Blastoise|76/100
|move|p2a: Ood|Rapid Spin|p1a: Blastoise
|-activate|p1a: Blastoise|move: Substitute|[damage]
|-sideend|p2: subbasser|Toxic Spikes|[from] move: Rapid Spin|[of] p2a: Ood
|-sideend|p2: subbasser|Stealth Rock|[from] move: Rapid Spin|[of] p2a: Ood
|-boost|p2a: Ood|spe|1
|
|-damage|p2a: Ood|64/100 psn|[from] psn
|upkeep
|turn|6
|
|t:|1779703880
|switch|p2a: K-9|Dachsbun, M, shiny|100/100
|move|p1a: Blastoise|Shell Smash|p1a: Blastoise
|-unboost|p1a: Blastoise|def|1
|-unboost|p1a: Blastoise|spd|1
|-boost|p1a: Blastoise|atk|2
|-boost|p1a: Blastoise|spa|2
|-boost|p1a: Blastoise|spe|2
|
|upkeep
|turn|7
|
|t:|1779703886
|move|p1a: Blastoise|Surf|p2a: K-9
|-damage|p2a: K-9|10/100
|move|p2a: K-9|Roar|p1a: Blastoise
|drag|p1a: Corviknight|Corviknight, F|100/100
|-ability|p1a: Corviknight|Pressure
|
|upkeep
|turn|8
|
|t:|1779703893
|move|p2a: K-9|Wish|p2a: K-9
|move|p1a: Corviknight|U-turn|p2a: K-9
|-resisted|p2a: K-9
|-damage|p2a: K-9|5/100
|
|t:|1779703900
|switch|p1a: Dragalge|Dragalge, F, shiny|100/100|[from] U-turn
|
|upkeep
|turn|9
|inactive|subbasser has 120 seconds left.
|l|☆Hellx950
|inactive|Hellx950 disconnected and has a minute to reconnect!
|player|p1|
|
|t:|1779703947
|switch|p2a: Ood|Toedscruel, M, tera:Ground|64/100 psn
|move|p1a: Dragalge|Flip Turn|p2a: Ood
|-supereffective|p2a: Ood
|-damage|p2a: Ood|37/100 psn
|j|☆Hellx950
|inactive|Hellx950 reconnected and has 135 seconds left.
|player|p1|Hellx950|hilbert-wonderlauncher|
|
|t:|1779703968
|switch|p1a: Blastoise|Blastoise, M, tera:Grass|76/100|[from] Flip Turn
|
|-heal|p2a: Ood|81/100 psn|[from] move: Wish|[wisher] K-9
|-damage|p2a: Ood|69/100 psn|[from] psn
|upkeep
|turn|10
|
|t:|1779703978
|switch|p2a: Cyberman|Registeel|100/100
|move|p1a: Blastoise|Surf|p2a: Cyberman
|-damage|p2a: Cyberman|80/100
|
|upkeep
|turn|11
|-message|Hellx950 forfeited.
|
|win|subbasser
|raw|Hellx950's rating: 1170 &rarr; <strong>1144</strong><br />(-26 for losing)
|raw|subbasser's rating: 1158 &rarr; <strong>1184</strong><br />(+26 for winning)
|l|☆Hellx950
|player|p1|
|l|☆subbasser
|player|p2|
