|j|☆Kogasscarf
|j|☆YumeKasumi76
|t:|1779716747
|gametype|singles
|player|p1|Kogasscarf|koga|1386
|player|p2|YumeKasumi76|266|1388
|gen|9
|tier|[Gen 9] OU
|rated|
|rule|HP Percentage Mod: HP is shown in percentages
|rule|Endless Battle Clause: Forcing endless battles is banned
|rule|Species Clause: Limit one of each Pokémon
|rule|OHKO Clause: OHKO moves are banned
|rule|Evasion Items Clause: Evasion items are banned
|rule|Evasion Moves Clause: Evasion moves are banned
|rule|Evasion Abilities Clause: Evasion abilities are banned
|rule|Sleep Moves Clause: Sleep-inducing moves are banned
|clearpoke
|poke|p1|Pincurchin, M|
|poke|p1|Iron Treads|
|poke|p1|Iron Crown|
|poke|p1|Galvantula, F|
|poke|p1|Dragonite, F|
|poke|p1|Ting-Lu|
|poke|p2|Dragapult, M|
|poke|p2|Bisharp, F|
|poke|p2|Glimmora, F|
|poke|p2|Entei|
|poke|p2|Braviary-Hisui, M|
|poke|p2|Cloyster, F|
|teampreview
|inactive|Battle timer is ON: inactive players will automatically lose when time's up. (requested by Kogasscarf)
|
|t:|1779716758
|teamsize|p1|6
|teamsize|p2|6
|start
|switch|p1a: Ting-Lu|Ting-Lu|100/100
|switch|p2a: Sovereign|Entei|100/100
|-ability|p1a: Ting-Lu|Vessel of Ruin
|turn|1
|
|t:|1779716762
|move|p2a: Sovereign|Sacred Fire|p1a: Ting-Lu
|-damage|p1a: Ting-Lu|77/100
|move|p1a: Ting-Lu|Spikes|p2a: Sovereign
|-sidestart|p2: YumeKasumi76|Spikes
|
|upkeep
|turn|2
|
|t:|1779716772
|move|p2a: Sovereign|Sacred Fire|p1a: Ting-Lu
|-damage|p1a: Ting-Lu|54/100
|-status|p1a: Ting-Lu|brn
|move|p1a: Ting-Lu|Earthquake|p2a: Sovereign
|-supereffective|p2a: Sovereign
|-damage|p2a: Sovereign|63/100
|
|-damage|p1a: Ting-Lu|48/100 brn|[from] brn
|upkeep
|turn|3
|
|t:|1779716782
|switch|p2a: Hikari|Glimmora, F|100/100
|-damage|p2a: Hikari|88/100|[from] Spikes
|switch|p1a: Pincurchin|Pincurchin, M|100/100
|-fieldstart|move: Electric Terrain|[from] ability: Electric Surge|[of] p1a: Pincurchin
|
|upkeep
|turn|4
|
|t:|1779716810
|switch|p1a: Iron Treads|Iron Treads|100/100
|-activate|p1a: Iron Treads|ability: Quark Drive
|-start|p1a: Iron Treads|quarkdrivespe
|move|p2a: Hikari|Earth Power|p1a: Iron Treads
|-supereffective|p1a: Iron Treads
|-damage|p1a: Iron Treads|27/100
|
|upkeep
|turn|5
|
|t:|1779716823
|switch|p2a: Railgun|Dragapult, M|100/100
|-damage|p2a: Railgun|88/100|[from] Spikes
|move|p1a: Iron Treads|Steel Beam|p2a: Railgun
|-damage|p2a: Railgun|33/100
|-damage|p1a: Iron Treads|0 fnt|[from] steelbeam
|faint|p1a: Iron Treads
|-end|p1a: Iron Treads|Quark Drive|[silent]
|
|upkeep
|inactive|Kogasscarf has 120 seconds left.
|
|t:|1779716838
|switch|p1a: Iron Crown|Iron Crown|100/100
|-activate|p1a: Iron Crown|ability: Quark Drive
|-start|p1a: Iron Crown|quarkdrivespa
|turn|6
|inactive|Kogasscarf has 120 seconds left.
|
|t:|1779716853
|move|p2a: Railgun|Curse|p1a: Iron Crown
|-start|p1a: Iron Crown|Curse|[of] p2a: Railgun
|-damage|p2a: Railgun|0 fnt
|faint|p2a: Railgun
|move|p1a: Iron Crown|Tachyon Cutter|p2: Railgun|[notarget]
|-fail|p1a: Iron Crown
|
|-damage|p1a: Iron Crown|76/100|[from] Curse
|upkeep
|
|t:|1779716857
|switch|p2a: Bellator|Bisharp, F, shiny|100/100
|-damage|p2a: Bellator|88/100|[from] Spikes
|turn|7
|
|t:|1779716861
|-end|p1a: Iron Crown|Quark Drive|[silent]
|switch|p1a: Ting-Lu|Ting-Lu|48/100 brn
|-ability|p1a: Ting-Lu|Vessel of Ruin
|move|p2a: Bellator|Swords Dance|p2a: Bellator
|-boost|p2a: Bellator|atk|2
|
|-damage|p1a: Ting-Lu|42/100 brn|[from] brn
|upkeep
|turn|8
|
|t:|1779716867
|move|p2a: Bellator|Iron Head|p1a: Ting-Lu
|-damage|p1a: Ting-Lu|10/100 brn
|cant|p1a: Ting-Lu|flinch
|
|-damage|p1a: Ting-Lu|4/100 brn|[from] brn
|upkeep
|turn|9
|
|t:|1779716872
|move|p2a: Bellator|Iron Head|p1a: Ting-Lu
|-damage|p1a: Ting-Lu|0 fnt
|faint|p1a: Ting-Lu
|
|upkeep
|
|t:|1779716891
|switch|p1a: Galvantula|Galvantula, F, shiny|100/100
|turn|10
|
|t:|1779716898
|move|p1a: Galvantula|Thunder|p2a: Bellator|[miss]
|-miss|p1a: Galvantula|p2a: Bellator
|move|p2a: Bellator|Iron Head|p1a: Galvantula
|-resisted|p1a: Galvantula
|-damage|p1a: Galvantula|26/100
|
|-fieldend|move: Electric Terrain
|upkeep
|turn|11
|
|t:|1779716904
|switch|p1a: Pincurchin|Pincurchin, M|100/100
|-fieldstart|move: Electric Terrain|[from] ability: Electric Surge|[of] p1a: Pincurchin
|move|p2a: Bellator|Sucker Punch||[still]
|-fail|p2a: Bellator
|
|upkeep
|turn|12
|
|t:|1779716910
|move|p2a: Bellator|Swords Dance|p2a: Bellator
|-boost|p2a: Bellator|atk|2
|move|p1a: Pincurchin|Thunder Wave|p2a: Bellator
|-status|p2a: Bellator|par
|
|upkeep
|turn|13
|
|t:|1779716920
|move|p2a: Bellator|Swords Dance|p2a: Bellator
|-boost|p2a: Bellator|atk|2
|move|p1a: Pincurchin|Discharge|p2a: Bellator
|-damage|p2a: Bellator|60/100 par
|
|upkeep
|turn|14
|
|t:|1779716926
|cant|p2a: Bellator|par
|move|p1a: Pincurchin|Discharge|p2a: Bellator
|-damage|p2a: Bellator|34/100 par
|
|upkeep
|turn|15
|
|t:|1779716932
|move|p2a: Bellator|Iron Head|p1a: Pincurchin
|-resisted|p1a: Pincurchin
|-damage|p1a: Pincurchin|16/100
|cant|p1a: Pincurchin|flinch
|
|upkeep
|turn|16
|
|t:|1779716937
|move|p2a: Bellator|Iron Head|p1a: Pincurchin
|-resisted|p1a: Pincurchin
|-damage|p1a: Pincurchin|0 fnt
|faint|p1a: Pincurchin
|
|upkeep
|
|t:|1779716939
|switch|p1a: Galvantula|Galvantula, F, shiny|26/100
|turn|17
|
|t:|1779716945
|move|p2a: Bellator|Sucker Punch|p1a: Galvantula
|-damage|p1a: Galvantula|0 fnt
|faint|p1a: Galvantula
|
|upkeep
|
|t:|1779716949
|switch|p1a: Dragonite|Dragonite, F|100/100
|turn|18
|
|t:|1779716957
|move|p1a: Dragonite|Earthquake|p2a: Bellator
|-supereffective|p2a: Bellator
|-damage|p2a: Bellator|0 fnt
|faint|p2a: Bellator
|
|-fieldend|move: Electric Terrain
|upkeep
|
|t:|1779716961
|switch|p2a: Hikari|Glimmora, F|88/100
|-damage|p2a: Hikari|76/100|[from] Spikes
|turn|19
|
|t:|1779716966
|move|p2a: Hikari|Mortal Spin|p1a: Dragonite
|-damage|p1a: Dragonite|97/100
|-status|p1a: Dragonite|psn
|-sideend|p2: YumeKasumi76|Spikes|[from] move: Mortal Spin|[of] p2a: Hikari
|move|p1a: Dragonite|Dragon Dance|p1a: Dragonite
|-boost|p1a: Dragonite|atk|1
|-boost|p1a: Dragonite|spe|1
|
|-damage|p1a: Dragonite|85/100 psn|[from] psn
|upkeep
|turn|20
|
|t:|1779716971
|move|p1a: Dragonite|Earthquake|p2a: Hikari
|-supereffective|p2a: Hikari
|-damage|p2a: Hikari|0 fnt
|-activate|p2a: Hikari|ability: Toxic Debris
|-sidestart|p1: Kogasscarf|move: Toxic Spikes
|faint|p2a: Hikari
|
|-damage|p1a: Dragonite|73/100 psn|[from] psn
|upkeep
|
|t:|1779716975
|switch|p2a: Shellussy|Cloyster, F|100/100
|turn|21
|
|t:|1779716980
|-terastallize|p1a: Dragonite|Normal
|move|p1a: Dragonite|Extreme Speed|p2a: Shellussy
|-damage|p2a: Shellussy|38/100
|move|p2a: Shellussy|Icicle Spear|p1a: Dragonite
|-damage|p1a: Dragonite|60/100 psn
|-damage|p1a: Dragonite|46/100 psn
|-damage|p1a: Dragonite|34/100 psn
|-damage|p1a: Dragonite|22/100 psn
|-damage|p1a: Dragonite|10/100 psn
|-hitcount|p1a: Dragonite|5
|
|-damage|p1a: Dragonite|0 fnt|[from] psn
|faint|p1a: Dragonite
|upkeep
|
|t:|1779716997
|switch|p1a: Iron Crown|Iron Crown|76/100
|turn|22
|
|t:|1779717012
|move|p1a: Iron Crown|Volt Switch|p2a: Shellussy
|-supereffective|p2a: Shellussy
|-damage|p2a: Shellussy|0 fnt
|faint|p2a: Shellussy
|
|upkeep
|
|t:|1779717015
|switch|p2a: Mentalist|Braviary-Hisui, M|100/100
|turn|23
|
|t:|1779717017
|move|p1a: Iron Crown|Volt Switch|p2a: Mentalist
|-supereffective|p2a: Mentalist
|-damage|p2a: Mentalist|10/100
|-enditem|p2a: Mentalist|Weakness Policy
|-boost|p2a: Mentalist|atk|2|[from] item: Weakness Policy
|-boost|p2a: Mentalist|spa|2|[from] item: Weakness Policy
|move|p2a: Mentalist|Esper Wing|p1a: Iron Crown
|-resisted|p1a: Iron Crown
|-damage|p1a: Iron Crown|38/100
|-boost|p2a: Mentalist|spe|1
|
|upkeep
|turn|24
|
|t:|1779717023
|move|p2a: Mentalist|Esper Wing|p1a: Iron Crown
|-resisted|p1a: Iron Crown
|-damage|p1a: Iron Crown|3/100
|-boost|p2a: Mentalist|spe|1
|move|p1a: Iron Crown|Volt Switch|p2a: Mentalist
|-supereffective|p2a: Mentalist
|-damage|p2a: Mentalist|0 fnt
|faint|p2a: Mentalist
|
|upkeep
|
|t:|1779717025
|switch|p2a: Sovereign|Entei|63/100
|turn|25
|
|t:|1779717027
|move|p2a: Sovereign|Extreme Speed|p1a: Iron Crown
|-resisted|p1a: Iron Crown
|-damage|p1a: Iron Crown|0 fnt
|faint|p1a: Iron Crown
|-end|p1a: Iron Crown|Quark Drive|[silent]
|
|win|YumeKasumi76
|raw|Kogasscarf's rating: 1386 &rarr; <strong>1366</strong><br />(-20 for losing)
|raw|YumeKasumi76's rating: 1388 &rarr; <strong>1408</strong><br />(+20 for winning)
|l|☆Kogasscarf
|player|p1|
|l|☆YumeKasumi76
|player|p2|
