|j|☆A05236
|j|☆Abyssal Bot
|t:|1779659417
|gametype|singles
|player|p1|A05236|265|
|player|p2|Abyssal Bot|supernerd|
|teamsize|p1|6
|teamsize|p2|6
|gen|9
|tier|[Gen 9] OU
|rule|Species Clause: Limit one of each Pokémon
|rule|OHKO Clause: OHKO moves are banned
|rule|Evasion Items Clause: Evasion items are banned
|rule|Evasion Moves Clause: Evasion moves are banned
|rule|Endless Battle Clause: Forcing endless battles is banned
|rule|HP Percentage Mod: HP is shown in percentages
|rule|Sleep Moves Clause: Sleep-inducing moves are banned
|clearpoke
|poke|p1|Rufflet, M|
|poke|p1|Ninetales-Alola, F|
|poke|p1|Carkol, M|
|poke|p1|Dragonair, M|
|poke|p1|Magnezone|
|poke|p1|Dragonite, F|
|poke|p2|Ting-Lu|
|poke|p2|Dragapult, M|
|poke|p2|Slowking-Galar, M|
|poke|p2|Kingambit, F|
|poke|p2|Gliscor, M|
|poke|p2|Zamazenta-*|
|teampreview
|c|☆Abyssal Bot|**WARNING**: Expect much hax.
|inactive|Battle timer is ON: inactive players will automatically lose when time's up. (requested by Abyssal Bot)
|j|*Turbo Bottttt
|
|t:|1779659422
|start
|switch|p1a: negotiations|Ninetales-Alola, F|100/100
|switch|p2a: Ting-Lu|Ting-Lu|100/100
|-weather|Snow|[from] ability: Snow Warning|[of] p1a: negotiations
|-ability|p2a: Ting-Lu|Vessel of Ruin
|turn|1
|
|t:|1779659425
|switch|p2a: Kingambit|Kingambit, F|100/100
|move|p1a: negotiations|Nasty Plot|p1a: negotiations
|-boost|p1a: negotiations|spa|2
|
|-weather|Snow|[upkeep]
|upkeep
|turn|2
|
|t:|1779659430
|switch|p1a: deadly|Magnezone|100/100
|move|p2a: Kingambit|Iron Head|p1a: deadly
|-resisted|p1a: deadly
|-damage|p1a: deadly|88/100
|
|-weather|Snow|[upkeep]
|upkeep
|turn|3
|
|t:|1779659432
|move|p2a: Kingambit|Sucker Punch|p1a: deadly
|-damage|p1a: deadly|49/100
|move|p1a: deadly|Body Press|p2a: Kingambit
|-supereffective|p2a: Kingambit
|-damage|p2a: Kingambit|8/100
|-damage|p1a: deadly|39/100|[from] item: Life Orb
|
|-weather|Snow|[upkeep]
|-heal|p2a: Kingambit|14/100|[from] item: Leftovers
|upkeep
|turn|4
|
|t:|1779659437
|move|p2a: Kingambit|Sucker Punch|p1a: deadly
|-damage|p1a: deadly|2/100
|move|p1a: deadly|Body Press|p2a: Kingambit
|-supereffective|p2a: Kingambit
|-damage|p2a: Kingambit|0
|faint|p2a: Kingambit
|-end|p2a: Kingambit|fallenundefined|[silent]
|-damage|p1a: deadly|0|[from] item: Life Orb
|faint|p1a: deadly
|
|-weather|Snow|[upkeep]
|upkeep
|
|t:|1779659442
|switch|p1a: negotiations|Ninetales-Alola, F|100/100
|switch|p2a: Dragapult|Dragapult, M|100/100
|turn|5
|
|t:|1779659445
|switch|p2a: Slowking|Slowking-Galar, M|100/100
|move|p1a: negotiations|Aurora Veil|p1a: negotiations
|-sidestart|p1: A05236|move: Aurora Veil
|
|-weather|none
|upkeep
|turn|6
|
|t:|1779659450
|switch|p1a: inroads|Carkol, M|100/100
|move|p2a: Slowking|Sludge Bomb|p1a: inroads
|-resisted|p1a: inroads
|-damage|p1a: inroads|94/100
|
|upkeep
|turn|7
|
|t:|1779659453
|switch|p2a: Ting-Lu|Ting-Lu|100/100
|-ability|p2a: Ting-Lu|Vessel of Ruin
|move|p1a: inroads|Will-O-Wisp|p2a: Ting-Lu
|-status|p2a: Ting-Lu|brn
|
|-damage|p2a: Ting-Lu|94/100 brn|[from] brn|[of] p1a: inroads
|upkeep
|turn|8
|
|t:|1779659457
|move|p1a: inroads|Stealth Rock|p2a: Ting-Lu
|-sidestart|p2: Abyssal Bot|move: Stealth Rock
|move|p2a: Ting-Lu|Stealth Rock|p1a: inroads
|-sidestart|p1: A05236|move: Stealth Rock
|
|-heal|p2a: Ting-Lu|100/100 brn|[from] item: Leftovers
|-damage|p2a: Ting-Lu|94/100 brn|[from] brn|[of] p1a: inroads
|upkeep
|turn|9
|
|t:|1779659459
|move|p1a: inroads|Rapid Spin|p2a: Ting-Lu
|-damage|p2a: Ting-Lu|91/100 brn
|-boost|p1a: inroads|spe|1
|-sideend|p1: A05236|Stealth Rock|[from] move: Rapid Spin|[of] p1a: inroads
|move|p2a: Ting-Lu|Earthquake|p1a: inroads
|-supereffective|p1a: inroads
|-damage|p1a: inroads|75/100
|
|-heal|p2a: Ting-Lu|97/100 brn|[from] item: Leftovers
|-damage|p2a: Ting-Lu|91/100 brn|[from] brn|[of] p1a: inroads
|upkeep
|turn|10
|
|t:|1779659462
|switch|p1a: the agency|Dragonite, F|100/100
|move|p2a: Ting-Lu|Stealth Rock|p1a: the agency
|-sidestart|p1: A05236|move: Stealth Rock
|
|-heal|p2a: Ting-Lu|97/100 brn|[from] item: Leftovers
|-damage|p2a: Ting-Lu|91/100 brn|[from] brn|[of] p1: inroads
|upkeep
|turn|11
|
|t:|1779659465
|switch|p2a: Slowking|Slowking-Galar, M|100/100
|move|p1a: the agency|Dragon Dance|p1a: the agency
|-boost|p1a: the agency|atk|1
|-boost|p1a: the agency|spe|1
|
|upkeep
|turn|12
|
|t:|1779659470
|move|p1a: the agency|Dragon Dance|p1a: the agency
|-boost|p1a: the agency|atk|1
|-boost|p1a: the agency|spe|1
|move|p2a: Slowking|Chilly Reception|p2a: Slowking
|-weather|Snow
|
|t:|1779659470
|switch|p2a: Gliscor|Gliscor, M|100/100|[from] Chilly Reception
|-damage|p2a: Gliscor|88/100|[from] Stealth Rock|[of] p1: inroads
|
|-weather|Snow|[upkeep]
|-sideend|p1: A05236|move: Aurora Veil
|-status|p2a: Gliscor|tox|[from] item: Toxic Orb
|upkeep
|turn|13
|
|t:|1779659474
|switch|p2a: Slowking|Slowking-Galar, M|100/100
|move|p1a: the agency|Scale Shot|p2a: Slowking
|-damage|p2a: Slowking|68/100
|-damage|p2a: Slowking|38/100
|-damage|p2a: Slowking|10/100
|-damage|p2a: Slowking|0
|faint|p2a: Slowking
|-hitcount|p2: Slowking|4
|-unboost|p1a: the agency|def|1
|-boost|p1a: the agency|spe|1
|
|-weather|Snow|[upkeep]
|upkeep
|
|t:|1779659474
|switch|p2a: Gliscor|Gliscor, M|88/100 tox
|-damage|p2a: Gliscor|75/100 tox|[from] Stealth Rock|[of] p1: inroads
|turn|14
|
|t:|1779659477
|move|p1a: the agency|Scale Shot|p2a: Gliscor
|-damage|p2a: Gliscor|54/100 tox
|-damage|p2a: Gliscor|32/100 tox
|-crit|p2a: Gliscor
|-damage|p2a: Gliscor|0 tox
|faint|p2a: Gliscor
|-hitcount|p2: Gliscor|3
|-unboost|p1a: the agency|def|1
|-boost|p1a: the agency|spe|1
|
|-weather|Snow|[upkeep]
|upkeep
|c|☆Abyssal Bot|I should be the one who gets hax ;-;
|
|t:|1779659477
|switch|p2a: Ting-Lu|Ting-Lu|91/100 brn
|-damage|p2a: Ting-Lu|85/100 brn|[from] Stealth Rock|[of] p1: inroads
|-ability|p2a: Ting-Lu|Vessel of Ruin
|turn|15
|
|t:|1779659486
|switch|p1a: inroads|Carkol, M|75/100
|-damage|p1a: inroads|50/100|[from] Stealth Rock|[of] p2a: Ting-Lu
|move|p2a: Ting-Lu|Whirlwind|p1a: inroads
|drag|p1a: twice|Rufflet, M|100/100
|-damage|p1a: twice|76/100|[from] Stealth Rock|[of] p2a: Ting-Lu
|
|-weather|Snow|[upkeep]
|-heal|p2a: Ting-Lu|91/100 brn|[from] item: Leftovers
|-damage|p2a: Ting-Lu|85/100 brn|[from] brn|[of] p1: inroads
|upkeep
|turn|16
|
|t:|1779659490
|switch|p2a: Dragapult|Dragapult, M|100/100
|move|p1a: twice|Bulk Up|p1a: twice
|-boost|p1a: twice|atk|1
|-boost|p1a: twice|def|1
|
|-weather|none
|upkeep
|turn|17
|
|t:|1779659494
|move|p2a: Dragapult|Draco Meteor|p1a: twice
|-damage|p1a: twice|25/100
|-unboost|p2a: Dragapult|spa|2
|move|p1a: twice|Brave Bird|p2a: Dragapult
|-damage|p2a: Dragapult|0
|faint|p2a: Dragapult
|-damage|p1a: twice|0|[from] Recoil
|faint|p1a: twice
|
|upkeep
|
|t:|1779659502
|switch|p2a: Ting-Lu|Ting-Lu|85/100 brn
|switch|p1a: inroads|Carkol, M|50/100
|-damage|p1a: inroads|25/100|[from] Stealth Rock|[of] p2a: Ting-Lu
|-damage|p2a: Ting-Lu|79/100 brn|[from] Stealth Rock|[of] p1a: inroads
|-ability|p2a: Ting-Lu|Vessel of Ruin
|turn|18
|
|t:|1779659505
|switch|p2a: Zamazenta|Zamazenta|100/100
|-ability|p2a: Zamazenta|Dauntless Shield|boost
|-boost|p2a: Zamazenta|def|1
|move|p1a: inroads|Rapid Spin|p2a: Zamazenta
|-damage|p2a: Zamazenta|96/100
|-boost|p1a: inroads|spe|1
|-sideend|p1: A05236|Stealth Rock|[from] move: Rapid Spin|[of] p1a: inroads
|
|upkeep
|turn|19
|
|t:|1779659508
|move|p2a: Zamazenta|Crunch|p1a: inroads
|-damage|p1a: inroads|11/100
|-status|p2a: Zamazenta|brn|[from] ability: Flame Body|[of] p1a: inroads
|move|p1a: inroads|Will-O-Wisp|p2a: Zamazenta
|-fail|p2a: Zamazenta|brn
|
|-damage|p2a: Zamazenta|90/100 brn|[from] brn|[of] p1a: inroads
|upkeep
|turn|20
|
|t:|1779659514
|move|p2a: Zamazenta|Close Combat|p1a: inroads
|-supereffective|p1a: inroads
|-damage|p1a: inroads|0
|-unboost|p2a: Zamazenta|def|1
|-unboost|p2a: Zamazenta|spd|1
|faint|p1a: inroads
|
|-damage|p2a: Zamazenta|84/100 brn|[from] brn|[of] p1: inroads
|upkeep
|
|t:|1779659519
|switch|p1a: china|Dragonair, M|100/100
|turn|21
|
|t:|1779659521
|move|p2a: Zamazenta|Close Combat|p1a: china
|-damage|p1a: china|81/100
|-unboost|p2a: Zamazenta|def|1
|-unboost|p2a: Zamazenta|spd|1
|move|p1a: china|Dragon Dance|p1a: china
|-boost|p1a: china|atk|1
|-boost|p1a: china|spe|1
|
|-damage|p2a: Zamazenta|78/100 brn|[from] brn|[of] p1: inroads
|upkeep
|turn|22
|
|t:|1779659524
|move|p2a: Zamazenta|Close Combat|p1a: china
|-damage|p1a: china|63/100
|-unboost|p2a: Zamazenta|def|1
|-unboost|p2a: Zamazenta|spd|1
|move|p1a: china|Dragon Dance|p1a: china
|-boost|p1a: china|atk|1
|-boost|p1a: china|spe|1
|
|-damage|p2a: Zamazenta|72/100 brn|[from] brn|[of] p1: inroads
|upkeep
|turn|23
|
|t:|1779659527
|move|p1a: china|Dragon Dance|p1a: china
|-boost|p1a: china|atk|1
|-boost|p1a: china|spe|1
|move|p2a: Zamazenta|Roar|p1a: china
|drag|p1a: the agency|Dragonite, F|100/100
|
|-damage|p2a: Zamazenta|66/100 brn|[from] brn|[of] p1: inroads
|upkeep
|turn|24
|
|t:|1779659532
|switch|p2a: Ting-Lu|Ting-Lu|79/100 brn
|-damage|p2a: Ting-Lu|72/100 brn|[from] Stealth Rock|[of] p1: inroads
|-ability|p2a: Ting-Lu|Vessel of Ruin
|move|p1a: the agency|Encore||[still]
|-fail|p1a: the agency
|
|-heal|p2a: Ting-Lu|79/100 brn|[from] item: Leftovers
|-damage|p2a: Ting-Lu|72/100 brn|[from] brn|[of] p1: inroads
|upkeep
|turn|25
|
|t:|1779659538
|switch|p1a: negotiations|Ninetales-Alola, F|100/100
|-weather|Snow|[from] ability: Snow Warning|[of] p1a: negotiations
|move|p2a: Ting-Lu|Stealth Rock|p1a: negotiations
|-sidestart|p1: A05236|move: Stealth Rock
|
|-weather|Snow|[upkeep]
|-heal|p2a: Ting-Lu|79/100 brn|[from] item: Leftovers
|-damage|p2a: Ting-Lu|72/100 brn|[from] brn|[of] p1: inroads
|upkeep
|turn|26
|
|t:|1779659541
|switch|p2a: Zamazenta|Zamazenta|66/100 brn
|move|p1a: negotiations|Nasty Plot|p1a: negotiations
|-boost|p1a: negotiations|spa|2
|
|-weather|Snow|[upkeep]
|-damage|p2a: Zamazenta|60/100 brn|[from] brn|[of] p1: inroads
|upkeep
|turn|27
|
|t:|1779659544
|move|p2a: Zamazenta|Stone Edge|p1a: negotiations
|-supereffective|p1a: negotiations
|-damage|p1a: negotiations|67/100
|move|p1a: negotiations|Moonblast|p2a: Zamazenta
|-supereffective|p2a: Zamazenta
|-damage|p2a: Zamazenta|0 brn
|faint|p2a: Zamazenta
|
|-weather|Snow|[upkeep]
|upkeep
|
|t:|1779659544
|switch|p2a: Ting-Lu|Ting-Lu|72/100 brn
|-damage|p2a: Ting-Lu|66/100 brn|[from] Stealth Rock|[of] p1: inroads
|-ability|p2a: Ting-Lu|Vessel of Ruin
|turn|28
|
|t:|1779659548
|move|p1a: negotiations|Moonblast|p2a: Ting-Lu
|-supereffective|p2a: Ting-Lu
|-damage|p2a: Ting-Lu|4/100 brn
|move|p2a: Ting-Lu|Earthquake|p1a: negotiations
|-damage|p1a: negotiations|48/100
|
|-weather|Snow|[upkeep]
|-heal|p2a: Ting-Lu|10/100 brn|[from] item: Leftovers
|-damage|p2a: Ting-Lu|4/100 brn|[from] brn|[of] p1: inroads
|upkeep
|turn|29
|
|t:|1779659559
|move|p1a: negotiations|Chilling Water|p2a: Ting-Lu
|-supereffective|p2a: Ting-Lu
|-damage|p2a: Ting-Lu|0 brn
|faint|p2a: Ting-Lu
|
|win|A05236
|c|☆Abyssal Bot|This loss doesn't matter, because I'm just a bot.
|l|☆Abyssal Bot
|player|p2|
|l|*Turbo Bottttt
