|j|☆HAJIGOO24
|j|☆looniertunes
|t:|1779595790
|gametype|singles
|player|p1|HAJIGOO24|iris-gen5bw2|1337
|player|p2|looniertunes|cynthia|1332
|gen|9
|tier|[Gen 9] OU
|rated|
|rule|HP Percentage Mod: HP is shown in percentages
|rule|Endless Battle Clause: Forcing endless battles is banned
|rule|Species Clause: Limit one of each Pokémon
|rule|OHKO Clause: OHKO moves are banned
|rule|Evasion Items Clause: Evasion items are banned
|rule|Evasion Moves Clause: Evasion moves are banned
|rule|Evasion Abilities Clause: Evasion abilities are banned
|rule|Sleep Moves Clause: Sleep-inducing moves are banned
|clearpoke
|poke|p1|Conkeldurr, M|
|poke|p1|Garchomp, F|
|poke|p1|Ogerpon-Wellspring, F|
|poke|p1|Armarouge, F|
|poke|p1|Darkrai|
|poke|p1|Fezandipiti, M|
|poke|p2|Tyranitar, M|
|poke|p2|Sinistcha|
|poke|p2|Corviknight, M|
|poke|p2|Excadrill, F|
|poke|p2|Conkeldurr, M|
|poke|p2|Primarina, F|
|teampreview
|inactive|Battle timer is ON: inactive players will automatically lose when time's up. (requested by HAJIGOO24)
|
|t:|1779595806
|teamsize|p1|6
|teamsize|p2|6
|start
|switch|p1a: 人民万岁|Conkeldurr, M|100/100
|switch|p2a: Primarina|Primarina, F|100/100
|turn|1
|
|t:|1779595817
|switch|p1a: 坤|Fezandipiti, M|100/100
|move|p2a: Primarina|Moonblast|p1a: 坤
|-resisted|p1a: 坤
|-damage|p1a: 坤|81/100
|-unboost|p1a: 坤|spa|1
|
|-heal|p1a: 坤|87/100|[from] item: Black Sludge
|upkeep
|turn|2
|
|t:|1779595827
|switch|p2a: Corviknight|Corviknight, M|100/100
|move|p1a: 坤|Toxic|p2a: Corviknight
|-immune|p2a: Corviknight
|
|-heal|p1a: 坤|93/100|[from] item: Black Sludge
|upkeep
|turn|3
|
|t:|1779595839
|switch|p1a: 最后一舞|Armarouge, F, shiny|100/100
|move|p2a: Corviknight|Brave Bird|p1a: 最后一舞
|-damage|p1a: 最后一舞|64/100
|-damage|p2a: Corviknight|90/100|[from] Recoil
|
|upkeep
|turn|4
|
|t:|1779595849
|switch|p2a: Tyranitar|Tyranitar, M|100/100
|-weather|Sandstorm|[from] ability: Sand Stream|[of] p2a: Tyranitar
|move|p1a: 最后一舞|Energy Ball|p2a: Tyranitar
|-supereffective|p2a: Tyranitar
|-damage|p2a: Tyranitar|73/100
|
|-weather|Sandstorm|[upkeep]
|-damage|p1a: 最后一舞|58/100|[from] Sandstorm
|upkeep
|turn|5
|
|t:|1779595866
|switch|p1a: 人民万岁|Conkeldurr, M|100/100
|move|p2a: Tyranitar|Knock Off|p1a: 人民万岁
|-resisted|p1a: 人民万岁
|-damage|p1a: 人民万岁|84/100
|-enditem|p1a: 人民万岁|Flame Orb|[from] move: Knock Off|[of] p2a: Tyranitar
|
|-weather|Sandstorm|[upkeep]
|-damage|p1a: 人民万岁|77/100|[from] Sandstorm
|upkeep
|turn|6
|
|t:|1779595882
|switch|p2a: Corviknight|Corviknight, M|90/100
|move|p1a: 人民万岁|Ice Punch|p2a: Corviknight
|-damage|p2a: Corviknight|72/100
|-damage|p1a: 人民万岁|61/100|[from] item: Rocky Helmet|[of] p2a: Corviknight
|
|-weather|Sandstorm|[upkeep]
|-damage|p1a: 人民万岁|55/100|[from] Sandstorm
|upkeep
|turn|7
|
|t:|1779595891
|switch|p1a: 梦龙|Garchomp, F|100/100
|move|p2a: Corviknight|Brave Bird|p1a: 梦龙
|-damage|p1a: 梦龙|72/100
|-damage|p2a: Corviknight|59/100|[from] ability: Rough Skin|[of] p1a: 梦龙
|-damage|p2a: Corviknight|43/100|[from] item: Rocky Helmet|[of] p1a: 梦龙
|-damage|p2a: Corviknight|33/100|[from] Recoil
|
|-weather|Sandstorm|[upkeep]
|upkeep
|turn|8
|
|t:|1779595905
|move|p2a: Corviknight|Roost|p2a: Corviknight
|-heal|p2a: Corviknight|83/100
|-singleturn|p2a: Corviknight|move: Roost
|move|p1a: 梦龙|Dragon Tail|p2a: Corviknight
|-resisted|p2a: Corviknight
|-damage|p2a: Corviknight|74/100
|-damage|p1a: 梦龙|55/100|[from] item: Rocky Helmet|[of] p2a: Corviknight
|drag|p2a: Sinistcha|Sinistcha|100/100
|
|-weather|Sandstorm|[upkeep]
|-damage|p2a: Sinistcha|94/100|[from] Sandstorm
|upkeep
|turn|9
|
|t:|1779595922
|switch|p1a: 图图犬谋杀案|Darkrai|100/100
|move|p2a: Sinistcha|Matcha Gotcha|p1a: 图图犬谋杀案
|-damage|p1a: 图图犬谋杀案|63/100
|-heal|p2a: Sinistcha|100/100|[from] drain|[of] p1a: 图图犬谋杀案
|
|-weather|Sandstorm|[upkeep]
|-damage|p1a: 图图犬谋杀案|57/100|[from] Sandstorm
|-damage|p2a: Sinistcha|94/100|[from] Sandstorm
|upkeep
|turn|10
|
|t:|1779595942
|switch|p2a: Primarina|Primarina, F|100/100
|move|p1a: 图图犬谋杀案|Sludge Bomb|p2a: Primarina
|-supereffective|p2a: Primarina
|-damage|p2a: Primarina|35/100
|-status|p2a: Primarina|psn
|
|-weather|Sandstorm|[upkeep]
|-damage|p1a: 图图犬谋杀案|51/100|[from] Sandstorm
|-damage|p2a: Primarina|29/100 psn|[from] Sandstorm
|-damage|p2a: Primarina|16/100 psn|[from] psn
|upkeep
|turn|11
|
|t:|1779595956
|move|p1a: 图图犬谋杀案|Sludge Bomb|p2a: Primarina
|-supereffective|p2a: Primarina
|-damage|p2a: Primarina|0 fnt
|faint|p2a: Primarina
|
|-weather|none
|upkeep
|
|t:|1779595961
|switch|p2a: Conkeldurr|Conkeldurr, M|100/100
|turn|12
|
|t:|1779595971
|switch|p1a: 最后一舞|Armarouge, F, shiny|58/100
|move|p2a: Conkeldurr|Drain Punch|p1a: 最后一舞
|-resisted|p1a: 最后一舞
|-damage|p1a: 最后一舞|39/100
|
|-status|p2a: Conkeldurr|brn|[from] item: Flame Orb
|upkeep
|turn|13
|
|t:|1779595980
|switch|p2a: Tyranitar|Tyranitar, M|73/100
|-weather|Sandstorm|[from] ability: Sand Stream|[of] p2a: Tyranitar
|move|p1a: 最后一舞|Psychic|p2a: Tyranitar
|-immune|p2a: Tyranitar
|
|-weather|Sandstorm|[upkeep]
|-damage|p1a: 最后一舞|32/100|[from] Sandstorm
|upkeep
|turn|14
|
|t:|1779595996
|switch|p1a: 人民万岁|Conkeldurr, M|55/100
|move|p2a: Tyranitar|Knock Off|p1a: 人民万岁
|-resisted|p1a: 人民万岁
|-crit|p1a: 人民万岁
|-damage|p1a: 人民万岁|38/100
|
|-weather|Sandstorm|[upkeep]
|-damage|p1a: 人民万岁|32/100|[from] Sandstorm
|upkeep
|turn|15
|
|t:|1779596020
|switch|p2a: Corviknight|Corviknight, M|74/100
|move|p1a: 人民万岁|Drain Punch|p2a: Corviknight
|-damage|p2a: Corviknight|48/100
|-heal|p1a: 人民万岁|47/100|[from] drain|[of] p2a: Corviknight
|-damage|p1a: 人民万岁|30/100|[from] item: Rocky Helmet|[of] p2a: Corviknight
|
|-weather|Sandstorm|[upkeep]
|-damage|p1a: 人民万岁|24/100|[from] Sandstorm
|upkeep
|turn|16
|inactive|looniertunes has 120 seconds left.
|
|t:|1779596067
|switch|p1a: 梦龙|Garchomp, F|55/100
|move|p2a: Corviknight|Roost|p2a: Corviknight
|-heal|p2a: Corviknight|98/100
|-singleturn|p2a: Corviknight|move: Roost
|
|-weather|Sandstorm|[upkeep]
|upkeep
|turn|17
|
|t:|1779596077
|move|p2a: Corviknight|Roost|p2a: Corviknight
|-heal|p2a: Corviknight|100/100
|-singleturn|p2a: Corviknight|move: Roost
|move|p1a: 梦龙|Dragon Tail|p2a: Corviknight
|-resisted|p2a: Corviknight
|-damage|p2a: Corviknight|92/100
|-damage|p1a: 梦龙|39/100|[from] item: Rocky Helmet|[of] p2a: Corviknight
|drag|p2a: Excadrill|Excadrill, F|100/100
|-item|p2a: Excadrill|Air Balloon
|
|-weather|Sandstorm|[upkeep]
|upkeep
|turn|18
|
|t:|1779596092
|move|p2a: Excadrill|Earthquake|p1a: 梦龙
|-damage|p1a: 梦龙|0 fnt
|faint|p1a: 梦龙
|
|-weather|Sandstorm|[upkeep]
|upkeep
|
|t:|1779596103
|switch|p1a: 人民万岁|Conkeldurr, M|24/100
|turn|19
|inactive|looniertunes has 120 seconds left.
|inactive|looniertunes has 90 seconds left.
|
|t:|1779596152
|switch|p2a: Corviknight|Corviknight, M|92/100
|move|p1a: 人民万岁|Mach Punch|p2a: Corviknight
|-damage|p2a: Corviknight|76/100
|-damage|p1a: 人民万岁|8/100|[from] item: Rocky Helmet|[of] p2a: Corviknight
|
|-weather|Sandstorm|[upkeep]
|-damage|p1a: 人民万岁|1/100|[from] Sandstorm
|upkeep
|turn|20
|
|t:|1779596162
|move|p2a: Corviknight|Brave Bird|p1a: 人民万岁
|-supereffective|p1a: 人民万岁
|-damage|p1a: 人民万岁|0 fnt
|faint|p1a: 人民万岁
|-damage|p2a: Corviknight|76/100|[from] Recoil
|
|-weather|none
|upkeep
|
|t:|1779596170
|switch|p1a: 最后一舞|Armarouge, F, shiny|32/100
|turn|21
|inactive|looniertunes has 90 seconds left.
|inactive|looniertunes has 60 seconds left.
|
|t:|1779596225
|switch|p2a: Tyranitar|Tyranitar, M|73/100
|-weather|Sandstorm|[from] ability: Sand Stream|[of] p2a: Tyranitar
|move|p1a: 最后一舞|Armor Cannon|p2a: Tyranitar
|-resisted|p2a: Tyranitar
|-damage|p2a: Tyranitar|61/100
|-unboost|p1a: 最后一舞|def|1
|-unboost|p1a: 最后一舞|spd|1
|
|-weather|Sandstorm|[upkeep]
|-damage|p1a: 最后一舞|26/100|[from] Sandstorm
|upkeep
|turn|22
|
|t:|1779596240
|switch|p1a: 波尼酱|Ogerpon-Wellspring, F|100/100
|move|p2a: Tyranitar|Stealth Rock|p1a: 波尼酱
|-sidestart|p1: HAJIGOO24|move: Stealth Rock
|
|-weather|Sandstorm|[upkeep]
|-damage|p1a: 波尼酱|95/100|[from] Sandstorm
|upkeep
|turn|23
|
|t:|1779596248
|switch|p2a: Sinistcha|Sinistcha|94/100
|move|p1a: 波尼酱|Ivy Cudgel|p2a: Sinistcha|[anim] Ivy Cudgel Water
|-resisted|p2a: Sinistcha
|-crit|p2a: Sinistcha
|-damage|p2a: Sinistcha|64/100
|
|-weather|Sandstorm|[upkeep]
|-damage|p1a: 波尼酱|89/100|[from] Sandstorm
|-damage|p2a: Sinistcha|58/100|[from] Sandstorm
|upkeep
|turn|24
|inactive|looniertunes has 60 seconds left.
|
|t:|1779596273
|switch|p1a: 最后一舞|Armarouge, F, shiny|26/100
|-damage|p1a: 最后一舞|1/100|[from] Stealth Rock
|move|p2a: Sinistcha|Matcha Gotcha|p1a: 最后一舞
|-resisted|p1a: 最后一舞
|-damage|p1a: 最后一舞|0 fnt
|-heal|p2a: Sinistcha|58/100|[from] drain|[of] p1a: 最后一舞
|faint|p1a: 最后一舞
|
|-weather|Sandstorm|[upkeep]
|-damage|p2a: Sinistcha|52/100|[from] Sandstorm
|upkeep
|
|t:|1779596290
|switch|p1a: 图图犬谋杀案|Darkrai|51/100
|-damage|p1a: 图图犬谋杀案|38/100|[from] Stealth Rock
|turn|25
|inactive|looniertunes has 30 seconds left.
|inactive|looniertunes has 20 seconds left.
|
|t:|1779596335
|-terastallize|p2a: Sinistcha|Dark
|move|p1a: 图图犬谋杀案|Ice Beam|p2a: Sinistcha
|-damage|p2a: Sinistcha|0 fnt
|faint|p2a: Sinistcha
|
|-weather|Sandstorm|[upkeep]
|-damage|p1a: 图图犬谋杀案|32/100|[from] Sandstorm
|upkeep
|inactive|looniertunes has 25 seconds left this turn.
|
|t:|1779596339
|switch|p2a: Conkeldurr|Conkeldurr, M|100/100 brn
|turn|26
|inactive|looniertunes has 30 seconds left.
|
|t:|1779596347
|switch|p1a: 坤|Fezandipiti, M|93/100
|-damage|p1a: 坤|81/100|[from] Stealth Rock
|move|p2a: Conkeldurr|Facade|p1a: 坤
|-damage|p1a: 坤|9/100
|
|-weather|Sandstorm|[upkeep]
|-damage|p1a: 坤|3/100|[from] Sandstorm
|-damage|p2a: Conkeldurr|95/100 brn|[from] Sandstorm
|-heal|p1a: 坤|9/100|[from] item: Black Sludge
|-damage|p2a: Conkeldurr|89/100 brn|[from] brn
|upkeep
|turn|27
|
|t:|1779596358
|switch|p2a: Corviknight|Corviknight, M|76/100
|move|p1a: 坤|Roost|p1a: 坤
|-heal|p1a: 坤|59/100
|-singleturn|p1a: 坤|move: Roost
|
|-weather|Sandstorm|[upkeep]
|-damage|p1a: 坤|53/100|[from] Sandstorm
|-heal|p1a: 坤|59/100|[from] item: Black Sludge
|upkeep
|turn|28
|
|t:|1779596366
|move|p1a: 坤|Roost|p1a: 坤
|-heal|p1a: 坤|100/100
|-singleturn|p1a: 坤|move: Roost
|move|p2a: Corviknight|Brave Bird|p1a: 坤
|-damage|p1a: 坤|72/100
|-damage|p2a: Corviknight|67/100|[from] Recoil
|
|-weather|none
|-heal|p1a: 坤|78/100|[from] item: Black Sludge
|upkeep
|turn|29
|
|t:|1779596377
|move|p1a: 坤|Moonblast|p2a: Corviknight
|-resisted|p2a: Corviknight
|-damage|p2a: Corviknight|56/100
|move|p2a: Corviknight|U-turn|p1a: 坤
|-resisted|p1a: 坤
|-damage|p1a: 坤|75/100
|
|t:|1779596384
|switch|p2a: Tyranitar|Tyranitar, M|61/100|[from] U-turn
|-weather|Sandstorm|[from] ability: Sand Stream|[of] p2a: Tyranitar
|
|-weather|Sandstorm|[upkeep]
|-damage|p1a: 坤|69/100|[from] Sandstorm
|-heal|p1a: 坤|75/100|[from] item: Black Sludge
|upkeep
|turn|30
|inactive|looniertunes has 60 seconds left.
|
|t:|1779596394
|move|p1a: 坤|Moonblast|p2a: Tyranitar
|-supereffective|p2a: Tyranitar
|-damage|p2a: Tyranitar|40/100
|-unboost|p2a: Tyranitar|spa|1
|move|p2a: Tyranitar|Thunder Wave|p1a: 坤
|-status|p1a: 坤|par
|
|-weather|Sandstorm|[upkeep]
|-damage|p1a: 坤|69/100 par|[from] Sandstorm
|-heal|p1a: 坤|75/100 par|[from] item: Black Sludge
|upkeep
|turn|31
|
|t:|1779596405
|move|p2a: Tyranitar|Knock Off|p1a: 坤
|-resisted|p1a: 坤
|-damage|p1a: 坤|59/100 par
|-enditem|p1a: 坤|Black Sludge|[from] move: Knock Off|[of] p2a: Tyranitar
|move|p1a: 坤|Moonblast|p2a: Tyranitar
|-supereffective|p2a: Tyranitar
|-damage|p2a: Tyranitar|21/100
|
|-weather|Sandstorm|[upkeep]
|-damage|p1a: 坤|53/100 par|[from] Sandstorm
|upkeep
|turn|32
|
|t:|1779596415
|switch|p2a: Corviknight|Corviknight, M|56/100
|move|p1a: 坤|Moonblast|p2a: Corviknight
|-resisted|p2a: Corviknight
|-damage|p2a: Corviknight|43/100
|-ability|p2a: Corviknight|Mirror Armor
|-unboost|p1a: 坤|spa|1
|
|-weather|Sandstorm|[upkeep]
|-damage|p1a: 坤|47/100 par|[from] Sandstorm
|upkeep
|turn|33
|
|t:|1779596434
|move|p2a: Corviknight|Roost|p2a: Corviknight
|-heal|p2a: Corviknight|93/100
|-singleturn|p2a: Corviknight|move: Roost
|move|p1a: 坤|Roost|p1a: 坤
|-heal|p1a: 坤|97/100 par
|-singleturn|p1a: 坤|move: Roost
|
|-weather|Sandstorm|[upkeep]
|-damage|p1a: 坤|91/100 par|[from] Sandstorm
|upkeep
|turn|34
|
|t:|1779596450
|switch|p1a: 波尼酱|Ogerpon-Wellspring, F|89/100
|-damage|p1a: 波尼酱|76/100|[from] Stealth Rock
|move|p2a: Corviknight|Brave Bird|p1a: 波尼酱
|-supereffective|p1a: 波尼酱
|-damage|p1a: 波尼酱|0 fnt
|faint|p1a: 波尼酱
|-damage|p2a: Corviknight|75/100|[from] Recoil
|
|-weather|Sandstorm|[upkeep]
|upkeep
|
|t:|1779596460
|switch|p1a: 图图犬谋杀案|Darkrai|32/100
|-damage|p1a: 图图犬谋杀案|20/100|[from] Stealth Rock
|turn|35
|inactive|looniertunes has 60 seconds left.
|
|t:|1779596501
|move|p1a: 图图犬谋杀案|Trick|p2a: Corviknight
|-activate|p1a: 图图犬谋杀案|move: Trick|[of] p2a: Corviknight
|-item|p2a: Corviknight|Choice Specs|[from] move: Trick
|-item|p1a: 图图犬谋杀案|Rocky Helmet|[from] move: Trick
|move|p2a: Corviknight|Roost|p2a: Corviknight
|-heal|p2a: Corviknight|100/100
|-singleturn|p2a: Corviknight|move: Roost
|
|-weather|Sandstorm|[upkeep]
|-damage|p1a: 图图犬谋杀案|14/100|[from] Sandstorm
|upkeep
|turn|36
|
|t:|1779596512
|move|p1a: 图图犬谋杀案|Dark Pulse|p2a: Corviknight
|-crit|p2a: Corviknight
|-damage|p2a: Corviknight|42/100
|move|p2a: Corviknight|Roost|p2a: Corviknight
|-heal|p2a: Corviknight|92/100
|-singleturn|p2a: Corviknight|move: Roost
|
|-weather|none
|upkeep
|turn|37
|inactive|looniertunes has 60 seconds left.
|
|t:|1779596523
|switch|p2a: Tyranitar|Tyranitar, M|21/100
|-weather|Sandstorm|[from] ability: Sand Stream|[of] p2a: Tyranitar
|move|p1a: 图图犬谋杀案|Ice Beam|p2a: Tyranitar
|-damage|p2a: Tyranitar|8/100
|
|-weather|Sandstorm|[upkeep]
|-damage|p1a: 图图犬谋杀案|8/100|[from] Sandstorm
|upkeep
|turn|38
|inactive|looniertunes has 60 seconds left.
|inactive|looniertunes has 30 seconds left.
|
|t:|1779596568
|move|p1a: 图图犬谋杀案|Ice Beam|p2a: Tyranitar
|-damage|p2a: Tyranitar|0 fnt
|faint|p2a: Tyranitar
|
|-weather|Sandstorm|[upkeep]
|-damage|p1a: 图图犬谋杀案|2/100|[from] Sandstorm
|upkeep
|
|t:|1779596571
|switch|p2a: Excadrill|Excadrill, F|100/100
|-item|p2a: Excadrill|Air Balloon
|turn|39
|
|t:|1779596577
|move|p2a: Excadrill|Rapid Spin|p1a: 图图犬谋杀案
|-damage|p1a: 图图犬谋杀案|0 fnt
|-boost|p2a: Excadrill|spe|1
|-damage|p2a: Excadrill|84/100|[from] item: Rocky Helmet|[of] p1a: 图图犬谋杀案
|faint|p1a: 图图犬谋杀案
|
|-weather|Sandstorm|[upkeep]
|upkeep
|
|t:|1779596585
|switch|p1a: 坤|Fezandipiti, M|91/100 par
|-damage|p1a: 坤|78/100 par|[from] Stealth Rock
|turn|40
|
|t:|1779596607
|move|p2a: Excadrill|Earthquake|p1a: 坤
|-supereffective|p1a: 坤
|-damage|p1a: 坤|0 fnt
|faint|p1a: 坤
|
|win|looniertunes
|raw|HAJIGOO24's rating: 1337 &rarr; <strong>1317</strong><br />(-20 for losing)
|raw|looniertunes's rating: 1332 &rarr; <strong>1352</strong><br />(+20 for winning)
|l|☆looniertunes
|player|p2|
|l|☆HAJIGOO24
|player|p1|
