|j|☆goober #1048
|j|☆claudechamp
|t:|1779682454
|gametype|singles
|player|p1|goober #1048|gambler|1274
|player|p2|claudechamp|170|1338
|gen|9
|tier|[Gen 9] OU
|rated|
|rule|HP Percentage Mod: HP is shown in percentages
|rule|Endless Battle Clause: Forcing endless battles is banned
|rule|Species Clause: Limit one of each Pokémon
|rule|OHKO Clause: OHKO moves are banned
|rule|Evasion Items Clause: Evasion items are banned
|rule|Evasion Moves Clause: Evasion moves are banned
|rule|Evasion Abilities Clause: Evasion abilities are banned
|rule|Sleep Moves Clause: Sleep-inducing moves are banned
|clearpoke
|poke|p1|Froslass, F|
|poke|p1|Sneasel-Hisui, F|
|poke|p1|Munkidori, M|
|poke|p1|Rotom-Wash|
|poke|p1|Corviknight, M|
|poke|p1|Kingambit, M|
|poke|p2|Gliscor, F|
|poke|p2|Ogerpon, F|
|poke|p2|Walking Wake|
|poke|p2|Blissey, F|
|poke|p2|Corviknight, F|
|poke|p2|Pecharunt|
|teampreview
|c|☆claudechamp|hf
|inactive|Battle timer is ON: inactive players will automatically lose when time's up. (requested by claudechamp)
|
|t:|1779682461
|teamsize|p1|6
|teamsize|p2|6
|start
|switch|p1a: Froslass|Froslass, F|100/100
|switch|p2a: Gliscor|Gliscor, F|100/100
|turn|1
|
|t:|1779682480
|move|p1a: Froslass|Ice Beam|p2a: Gliscor
|-supereffective|p2a: Gliscor
|-damage|p2a: Gliscor|0 fnt
|faint|p2a: Gliscor
|
|upkeep
|
|t:|1779682483
|switch|p2a: Blissey|Blissey, F|100/100
|turn|2
|
|t:|1779682493
|switch|p1a: Kingambit|Kingambit, M|100/100
|move|p2a: Blissey|Stealth Rock|p1a: Kingambit
|-sidestart|p1: goober #1048|move: Stealth Rock
|
|upkeep
|turn|3
|
|t:|1779682498
|switch|p2a: Corviknight|Corviknight, F|100/100
|-ability|p2a: Corviknight|Pressure
|move|p1a: Kingambit|Swords Dance|p1a: Kingambit
|-boost|p1a: Kingambit|atk|2
|
|upkeep
|turn|4
|
|t:|1779682508
|move|p1a: Kingambit|Sucker Punch|p2a: Corviknight
|-damage|p2a: Corviknight|39/100
|move|p2a: Corviknight|Body Press|p1a: Kingambit
|-supereffective|p1a: Kingambit
|-damage|p1a: Kingambit|23/100
|
|upkeep
|turn|5
|
|t:|1779682513
|move|p2a: Corviknight|Body Press|p1a: Kingambit
|-supereffective|p1a: Kingambit
|-damage|p1a: Kingambit|0 fnt
|faint|p1a: Kingambit
|-end|p1a: Kingambit|fallenundefined|[silent]
|
|upkeep
|
|t:|1779682521
|switch|p1a: Rotom|Rotom-Wash|100/100
|-damage|p1a: Rotom|88/100|[from] Stealth Rock
|turn|6
|
|t:|1779682525
|move|p1a: Rotom|Volt Switch|p2a: Corviknight
|-supereffective|p2a: Corviknight
|-damage|p2a: Corviknight|0 fnt
|faint|p2a: Corviknight
|
|t:|1779682528
|switch|p1a: Froslass|Froslass, F|100/100|[from] Volt Switch
|
|upkeep
|
|t:|1779682530
|switch|p2a: Ogerpon|Ogerpon, F|100/100
|turn|7
|
|t:|1779682542
|move|p1a: Froslass|Thunder Wave|p2a: Ogerpon|[miss]
|-miss|p1a: Froslass|p2a: Ogerpon
|move|p2a: Ogerpon|Knock Off|p1a: Froslass
|-supereffective|p1a: Froslass
|-damage|p1a: Froslass|2/100
|-start|p2a: Ogerpon|Disable|Knock Off|[from] ability: Cursed Body|[of] p1a: Froslass
|-enditem|p1a: Froslass|Heavy-Duty Boots|[from] move: Knock Off|[of] p2a: Ogerpon
|
|upkeep
|turn|8
|
|t:|1779682547
|move|p1a: Froslass|Ice Beam|p2a: Ogerpon
|-supereffective|p2a: Ogerpon
|-damage|p2a: Ogerpon|27/100
|move|p2a: Ogerpon|U-turn|p1a: Froslass
|-resisted|p1a: Froslass
|-damage|p1a: Froslass|0 fnt
|faint|p1a: Froslass
|
|t:|1779682552
|switch|p2a: Walking Wake|Walking Wake|100/100|[from] U-turn
|
|upkeep
|
|t:|1779682559
|switch|p1a: Sneasel|Sneasel-Hisui, F|100/100
|-damage|p1a: Sneasel|95/100|[from] Stealth Rock
|turn|9
|
|t:|1779682566
|move|p1a: Sneasel|Close Combat|p2a: Walking Wake
|-damage|p2a: Walking Wake|19/100
|-unboost|p1a: Sneasel|def|1
|-unboost|p1a: Sneasel|spd|1
|move|p2a: Walking Wake|Surf|p1a: Sneasel
|-damage|p1a: Sneasel|0 fnt
|faint|p1a: Sneasel
|
|upkeep
|
|t:|1779682571
|switch|p1a: Rotom|Rotom-Wash|88/100
|-damage|p1a: Rotom|76/100|[from] Stealth Rock
|turn|10
|
|t:|1779682574
|move|p2a: Walking Wake|Draco Meteor|p1a: Rotom
|-damage|p1a: Rotom|1/100
|-unboost|p2a: Walking Wake|spa|2
|move|p1a: Rotom|Volt Switch|p2a: Walking Wake
|-damage|p2a: Walking Wake|0 fnt
|faint|p2a: Walking Wake
|-end|p2a: Walking Wake|Protosynthesis|[silent]
|
|t:|1779682580
|switch|p1a: Munkidori|Munkidori, M|100/100|[from] Volt Switch
|-damage|p1a: Munkidori|88/100|[from] Stealth Rock
|
|upkeep
|
|t:|1779682586
|switch|p2a: Ogerpon|Ogerpon, F|27/100
|turn|11
|
|t:|1779682597
|switch|p1a: Corviknight|Corviknight, M|100/100
|-damage|p1a: Corviknight|88/100|[from] Stealth Rock
|-ability|p1a: Corviknight|Pressure
|move|p2a: Ogerpon|Knock Off|p1a: Corviknight
|-damage|p1a: Corviknight|70/100
|-damage|p2a: Ogerpon|10/100|[from] item: Rocky Helmet|[of] p1a: Corviknight
|-enditem|p1a: Corviknight|Rocky Helmet|[from] move: Knock Off|[of] p2a: Ogerpon
|
|upkeep
|turn|12
|
|t:|1779682601
|switch|p2a: Blissey|Blissey, F|100/100
|move|p1a: Corviknight|Defog|p2a: Blissey
|-unboost|p2a: Blissey|evasion|1
|-sideend|p1: goober #1048|Stealth Rock|[from] move: Defog|[of] p1a: Corviknight
|
|upkeep
|turn|13
|
|t:|1779682608
|move|p1a: Corviknight|Brave Bird|p2a: Blissey
|-damage|p2a: Blissey|63/100
|-damage|p1a: Corviknight|50/100|[from] Recoil
|move|p2a: Blissey|Calm Mind|p2a: Blissey
|-boost|p2a: Blissey|spa|1
|-boost|p2a: Blissey|spd|1
|
|upkeep
|turn|14
|
|t:|1779682615
|move|p1a: Corviknight|Roost|p1a: Corviknight
|-heal|p1a: Corviknight|99/100
|-singleturn|p1a: Corviknight|move: Roost
|move|p2a: Blissey|Soft-Boiled|p2a: Blissey
|-heal|p2a: Blissey|100/100
|
|upkeep
|turn|15
|
|t:|1779682618
|move|p1a: Corviknight|Brave Bird|p2a: Blissey
|-damage|p2a: Blissey|60/100
|-damage|p1a: Corviknight|78/100|[from] Recoil
|move|p2a: Blissey|Stealth Rock|p1a: Corviknight
|-sidestart|p1: goober #1048|move: Stealth Rock
|
|upkeep
|turn|16
|
|t:|1779682621
|move|p1a: Corviknight|Brave Bird|p2a: Blissey
|-damage|p2a: Blissey|19/100
|-damage|p1a: Corviknight|56/100|[from] Recoil
|move|p2a: Blissey|Seismic Toss|p1a: Corviknight
|-damage|p1a: Corviknight|31/100
|
|upkeep
|turn|17
|
|t:|1779682630
|move|p1a: Corviknight|Brave Bird|p2a: Blissey
|-damage|p2a: Blissey|0 fnt
|faint|p2a: Blissey
|-damage|p1a: Corviknight|21/100|[from] Recoil
|
|upkeep
|
|t:|1779682633
|switch|p2a: Ogerpon|Ogerpon, F|10/100
|turn|18
|
|t:|1779682638
|move|p2a: Ogerpon|Encore|p1a: Corviknight
|-start|p1a: Corviknight|Encore
|move|p1a: Corviknight|Brave Bird|p2a: Ogerpon
|-supereffective|p2a: Ogerpon
|-damage|p2a: Ogerpon|0 fnt
|faint|p2a: Ogerpon
|-damage|p1a: Corviknight|19/100|[from] Recoil
|
|upkeep
|
|t:|1779682639
|switch|p2a: Pecharunt|Pecharunt|100/100
|turn|19
|
|t:|1779682646
|-terastallize|p2a: Pecharunt|Dark
|move|p2a: Pecharunt|Foul Play|p1a: Corviknight
|-damage|p1a: Corviknight|1/100
|move|p1a: Corviknight|Brave Bird|p2a: Pecharunt
|-damage|p2a: Pecharunt|82/100
|-damage|p1a: Corviknight|0 fnt|[from] Recoil
|faint|p1a: Corviknight
|
|upkeep
|
|t:|1779682651
|switch|p1a: Munkidori|Munkidori, M|88/100
|-damage|p1a: Munkidori|76/100|[from] Stealth Rock
|-item|p2a: Pecharunt|Heavy-Duty Boots|[from] ability: Frisk|[of] p1a: Munkidori
|turn|20
|
|t:|1779682654
|-terastallize|p1a: Munkidori|Fighting
|move|p1a: Munkidori|Focus Blast|p2a: Pecharunt|[miss]
|-miss|p1a: Munkidori|p2a: Pecharunt
|move|p2a: Pecharunt|Foul Play|p1a: Munkidori
|-resisted|p1a: Munkidori
|-damage|p1a: Munkidori|57/100
|
|upkeep
|turn|21
|
|t:|1779682657
|move|p1a: Munkidori|Focus Blast|p2a: Pecharunt
|-supereffective|p2a: Pecharunt
|-damage|p2a: Pecharunt|0 fnt
|faint|p2a: Pecharunt
|
|win|goober #1048
|raw|goober #1048's rating: 1274 &rarr; <strong>1302</strong><br />(+28 for winning)
|raw|claudechamp's rating: 1317 &rarr; <strong>1295</strong><br />(-22 for losing)
|c|☆claudechamp|gg
|c|☆goober #1048|gg
|l|☆goober #1048
|player|p1|
|l|☆claudechamp
|player|p2|
