|j|☆Dr_Aura777
|j|☆Mca player 11
|t:|1779649824
|gametype|singles
|player|p1|Dr_Aura777|shadowtriad|1379
|player|p2|Mca player 11|lucas|1417
|gen|9
|tier|[Gen 9] OU
|rated|
|rule|HP Percentage Mod: HP is shown in percentages
|rule|Endless Battle Clause: Forcing endless battles is banned
|rule|Species Clause: Limit one of each Pokémon
|rule|OHKO Clause: OHKO moves are banned
|rule|Evasion Items Clause: Evasion items are banned
|rule|Evasion Moves Clause: Evasion moves are banned
|rule|Evasion Abilities Clause: Evasion abilities are banned
|rule|Sleep Moves Clause: Sleep-inducing moves are banned
|clearpoke
|poke|p1|Pelipper, M|
|poke|p1|Raging Bolt|
|poke|p1|Overqwil, F|
|poke|p1|Barraskewda, M|
|poke|p1|Iron Treads|
|poke|p1|Kingambit, F|
|poke|p2|Ninetales-Alola, F|
|poke|p2|Cetitan, F|
|poke|p2|Kyurem|
|poke|p2|Sandslash-Alola, M|
|poke|p2|Moltres|
|poke|p2|Zamazenta-*|
|teampreview
|
|t:|1779649836
|teamsize|p1|6
|teamsize|p2|6
|start
|switch|p1a: Pelipper|Pelipper, M|100/100
|switch|p2a: ColdVision|Kyurem|100/100
|-ability|p2a: ColdVision|Pressure
|-weather|RainDance|[from] ability: Drizzle|[of] p1a: Pelipper
|turn|1
|inactive|Battle timer is ON: inactive players will automatically lose when time's up. (requested by Dr_Aura777)
|
|t:|1779649844
|switch|p1a: Iron Treads|Iron Treads|100/100
|-enditem|p1a: Iron Treads|Booster Energy
|-activate|p1a: Iron Treads|ability: Quark Drive|[fromitem]
|-start|p1a: Iron Treads|quarkdrivespe
|move|p2a: ColdVision|Freeze-Dry|p1a: Iron Treads
|-damage|p1a: Iron Treads|17/100
|
|-weather|RainDance|[upkeep]
|upkeep
|turn|2
|
|t:|1779649860
|switch|p2a: Moltres|Moltres|100/100
|move|p1a: Iron Treads|Stealth Rock|p2a: Moltres
|-sidestart|p2: Mca player 11|move: Stealth Rock
|
|-weather|RainDance|[upkeep]
|upkeep
|turn|3
|
|t:|1779649872
|-end|p1a: Iron Treads|Quark Drive|[silent]
|switch|p1a: Raging Bolt|Raging Bolt|100/100
|-enditem|p1a: Raging Bolt|Booster Energy
|-activate|p1a: Raging Bolt|ability: Protosynthesis|[fromitem]
|-start|p1a: Raging Bolt|protosynthesisspa
|move|p2a: Moltres|U-turn|p1a: Raging Bolt
|-damage|p1a: Raging Bolt|88/100
|
|t:|1779649877
|switch|p2a: Ninetales|Ninetales-Alola, F|100/100|[from] U-turn
|-damage|p2a: Ninetales|76/100|[from] Stealth Rock
|-weather|Snowscape|[from] ability: Snow Warning|[of] p2a: Ninetales
|
|-weather|Snowscape|[upkeep]
|upkeep
|turn|4
|
|t:|1779649891
|switch|p2a: OneInAMilion|Sandslash-Alola, M|100/100
|move|p1a: Raging Bolt|Thunder|p2a: OneInAMilion
|-damage|p2a: OneInAMilion|0 fnt
|faint|p2a: OneInAMilion
|
|-weather|Snowscape|[upkeep]
|upkeep
|
|t:|1779649894
|switch|p2a: ColdVision|Kyurem|100/100
|-damage|p2a: ColdVision|76/100|[from] Stealth Rock
|-ability|p2a: ColdVision|Pressure
|turn|5
|
|t:|1779649906
|-terastallize|p1a: Raging Bolt|Fairy
|move|p2a: ColdVision|Freeze-Dry|p1a: Raging Bolt
|-damage|p1a: Raging Bolt|41/100
|move|p1a: Raging Bolt|Draco Meteor|p2a: ColdVision
|-supereffective|p2a: ColdVision
|-crit|p2a: ColdVision
|-damage|p2a: ColdVision|0 fnt
|-unboost|p1a: Raging Bolt|spa|2
|faint|p2a: ColdVision
|
|-weather|Snowscape|[upkeep]
|upkeep
|
|t:|1779649909
|switch|p2a: Cetitan|Cetitan, F|100/100
|-damage|p2a: Cetitan|76/100|[from] Stealth Rock
|turn|6
|
|t:|1779649925
|move|p1a: Raging Bolt|Thunderclap||[still]
|-fail|p1a: Raging Bolt
|move|p2a: Cetitan|Belly Drum|p2a: Cetitan
|-damage|p2a: Cetitan|26/100
|-setboost|p2a: Cetitan|atk|6|[from] move: Belly Drum
|-enditem|p2a: Cetitan|Sitrus Berry|[eat]
|-heal|p2a: Cetitan|50/100|[from] item: Sitrus Berry
|
|-weather|Snowscape|[upkeep]
|upkeep
|turn|7
|
|t:|1779649932
|move|p2a: Cetitan|Ice Shard|p1a: Raging Bolt
|-damage|p1a: Raging Bolt|0 fnt
|faint|p1a: Raging Bolt
|-end|p1a: Raging Bolt|Protosynthesis|[silent]
|
|-weather|Snowscape|[upkeep]
|upkeep
|
|t:|1779649937
|switch|p1a: Pelipper|Pelipper, M|100/100
|-weather|RainDance|[from] ability: Drizzle|[of] p1a: Pelipper
|turn|8
|
|t:|1779649943
|switch|p1a: Iron Treads|Iron Treads|17/100
|move|p2a: Cetitan|Liquidation|p1a: Iron Treads
|-supereffective|p1a: Iron Treads
|-damage|p1a: Iron Treads|0 fnt
|faint|p1a: Iron Treads
|-end|p1a: Iron Treads|Quark Drive|[silent]
|
|-weather|RainDance|[upkeep]
|upkeep
|
|t:|1779649957
|switch|p1a: Barraskewda|Barraskewda, M|100/100
|turn|9
|
|t:|1779649961
|-terastallize|p2a: Cetitan|Water
|move|p1a: Barraskewda|Liquidation|p2a: Cetitan
|-resisted|p2a: Cetitan
|-damage|p2a: Cetitan|0 fnt
|faint|p2a: Cetitan
|
|-weather|RainDance|[upkeep]
|upkeep
|
|t:|1779649968
|switch|p2a: Ninetales|Ninetales-Alola, F|76/100
|-damage|p2a: Ninetales|51/100|[from] Stealth Rock
|-weather|Snowscape|[from] ability: Snow Warning|[of] p2a: Ninetales
|turn|10
|
|t:|1779649977
|move|p1a: Barraskewda|Liquidation|p2a: Ninetales
|-damage|p2a: Ninetales|0 fnt
|faint|p2a: Ninetales
|
|-weather|Snowscape|[upkeep]
|upkeep
|
|t:|1779649983
|switch|p2a: Zamazenta|Zamazenta|100/100
|-damage|p2a: Zamazenta|94/100|[from] Stealth Rock
|-ability|p2a: Zamazenta|Dauntless Shield|boost
|-boost|p2a: Zamazenta|def|1
|turn|11
|
|t:|1779649987
|switch|p1a: Pelipper|Pelipper, M|100/100
|-weather|RainDance|[from] ability: Drizzle|[of] p1a: Pelipper
|move|p2a: Zamazenta|Iron Defense|p2a: Zamazenta
|-boost|p2a: Zamazenta|def|2
|
|-weather|RainDance|[upkeep]
|-heal|p2a: Zamazenta|100/100|[from] item: Leftovers
|upkeep
|turn|12
|
|t:|1779649993
|move|p2a: Zamazenta|Body Press|p1a: Pelipper
|-resisted|p1a: Pelipper
|-damage|p1a: Pelipper|73/100
|move|p1a: Pelipper|Hurricane|p2a: Zamazenta
|-supereffective|p2a: Zamazenta
|-damage|p2a: Zamazenta|46/100
|
|-weather|RainDance|[upkeep]
|-heal|p2a: Zamazenta|53/100|[from] item: Leftovers
|upkeep
|turn|13
|
|t:|1779650002
|move|p2a: Zamazenta|Body Press|p1a: Pelipper
|-resisted|p1a: Pelipper
|-damage|p1a: Pelipper|43/100
|move|p1a: Pelipper|Hurricane|p2a: Zamazenta
|-supereffective|p2a: Zamazenta
|-damage|p2a: Zamazenta|0 fnt
|faint|p2a: Zamazenta
|
|-weather|RainDance|[upkeep]
|upkeep
|
|t:|1779650007
|switch|p2a: Moltres|Moltres|100/100
|turn|14
|
|t:|1779650014
|move|p2a: Moltres|Hurricane|p1a: Pelipper
|-damage|p1a: Pelipper|0 fnt
|faint|p1a: Pelipper
|
|-weather|RainDance|[upkeep]
|upkeep
|
|t:|1779650022
|switch|p1a: Barraskewda|Barraskewda, M|100/100
|turn|15
|
|t:|1779650041
|move|p1a: Barraskewda|Liquidation|p2a: Moltres
|-supereffective|p2a: Moltres
|-damage|p2a: Moltres|0 fnt
|faint|p2a: Moltres
|
|win|Dr_Aura777
|raw|Dr_Aura777's rating: 1379 &rarr; <strong>1401</strong><br />(+22 for winning)
|raw|Mca player 11's rating: 1417 &rarr; <strong>1395</strong><br />(-22 for losing)
|l|☆Mca player 11
|player|p2|
|l|☆Dr_Aura777
|player|p1|
