|j|☆calvas
|j|☆daddy6741
|t:|1779607380
|gametype|singles
|player|p1|calvas|2|1421
|player|p2|daddy6741|2|1421
|gen|9
|tier|[Gen 9] OU
|rated|
|rule|HP Percentage Mod: HP is shown in percentages
|rule|Endless Battle Clause: Forcing endless battles is banned
|rule|Species Clause: Limit one of each Pokémon
|rule|OHKO Clause: OHKO moves are banned
|rule|Evasion Items Clause: Evasion items are banned
|rule|Evasion Moves Clause: Evasion moves are banned
|rule|Evasion Abilities Clause: Evasion abilities are banned
|rule|Sleep Moves Clause: Sleep-inducing moves are banned
|clearpoke
|poke|p1|Skeledirge, M|
|poke|p1|Rillaboom, F|
|poke|p1|Enamorus, F|
|poke|p1|Weavile, F|
|poke|p1|Great Tusk|
|poke|p1|Slowking-Galar, M|
|poke|p2|Samurott-Hisui, M|
|poke|p2|Iron Moth|
|poke|p2|Kingambit, F|
|poke|p2|Ogerpon-Wellspring, F|
|poke|p2|Iron Valiant|
|poke|p2|Metagross|
|teampreview
|
|t:|1779607395
|teamsize|p1|6
|teamsize|p2|6
|start
|switch|p1a: DAAAMN LES GENS!!!|Rillaboom, F|100/100
|switch|p2a: Samurott-Fraud|Samurott-Hisui, M|100/100
|-fieldstart|move: Grassy Terrain|[from] ability: Grassy Surge|[of] p1a: DAAAMN LES GENS!!!
|turn|1
|
|t:|1779607401
|move|p1a: DAAAMN LES GENS!!!|Grassy Glide|p2a: Samurott-Fraud
|-supereffective|p2a: Samurott-Fraud
|-enditem|p2a: Samurott-Fraud|Focus Sash
|-damage|p2a: Samurott-Fraud|1/100
|move|p2a: Samurott-Fraud|Ceaseless Edge|p1a: DAAAMN LES GENS!!!
|-damage|p1a: DAAAMN LES GENS!!!|55/100
|-sidestart|p1: calvas|Spikes
|
|-heal|p2a: Samurott-Fraud|7/100|[from] Grassy Terrain
|-heal|p1a: DAAAMN LES GENS!!!|61/100|[from] Grassy Terrain
|upkeep
|turn|2
|
|t:|1779607407
|move|p2a: Samurott-Fraud|Sucker Punch|p1a: DAAAMN LES GENS!!!
|-damage|p1a: DAAAMN LES GENS!!!|28/100
|move|p1a: DAAAMN LES GENS!!!|Grassy Glide|p2a: Samurott-Fraud
|-supereffective|p2a: Samurott-Fraud
|-damage|p2a: Samurott-Fraud|0 fnt
|faint|p2a: Samurott-Fraud
|
|-heal|p1a: DAAAMN LES GENS!!!|34/100|[from] Grassy Terrain
|upkeep
|
|t:|1779607412
|switch|p2a: Matchup Moth|Iron Moth|100/100
|-enditem|p2a: Matchup Moth|Booster Energy
|-activate|p2a: Matchup Moth|ability: Quark Drive|[fromitem]
|-start|p2a: Matchup Moth|quarkdrivespe
|turn|3
|
|t:|1779607431
|-end|p2a: Matchup Moth|Quark Drive|[silent]
|switch|p2a: Ogerpon-Tearspring|Ogerpon-Wellspring, F|100/100
|switch|p1a: Greater Than Lando|Great Tusk|100/100
|
|upkeep
|turn|4
|
|t:|1779607444
|move|p2a: Ogerpon-Tearspring|Ivy Cudgel|p1a: Greater Than Lando|[anim] Ivy Cudgel Water
|-supereffective|p1a: Greater Than Lando
|-damage|p1a: Greater Than Lando|24/100
|move|p1a: Greater Than Lando|Rapid Spin|p2a: Ogerpon-Tearspring
|-damage|p2a: Ogerpon-Tearspring|80/100
|-boost|p1a: Greater Than Lando|spe|1
|-sideend|p1: calvas|Spikes|[from] move: Rapid Spin|[of] p1a: Greater Than Lando
|
|-heal|p1a: Greater Than Lando|31/100|[from] Grassy Terrain
|-heal|p2a: Ogerpon-Tearspring|86/100|[from] Grassy Terrain
|upkeep
|turn|5
|
|t:|1779607465
|move|p1a: Greater Than Lando|Stealth Rock|p2a: Ogerpon-Tearspring
|-sidestart|p2: daddy6741|move: Stealth Rock
|move|p2a: Ogerpon-Tearspring|Ivy Cudgel|p1a: Greater Than Lando|[anim] Ivy Cudgel Water
|-supereffective|p1a: Greater Than Lando
|-damage|p1a: Greater Than Lando|0 fnt
|faint|p1a: Greater Than Lando
|-end|p1a: Greater Than Lando|Protosynthesis|[silent]
|
|-heal|p2a: Ogerpon-Tearspring|92/100|[from] Grassy Terrain
|-fieldend|move: Grassy Terrain
|upkeep
|
|t:|1779607470
|switch|p1a: DAAAMN LES GENS!!!|Rillaboom, F|34/100
|-fieldstart|move: Grassy Terrain|[from] ability: Grassy Surge|[of] p1a: DAAAMN LES GENS!!!
|turn|6
|
|t:|1779607478
|move|p1a: DAAAMN LES GENS!!!|Grassy Glide|p2a: Ogerpon-Tearspring
|-damage|p2a: Ogerpon-Tearspring|19/100
|move|p2a: Ogerpon-Tearspring|Ivy Cudgel|p1a: DAAAMN LES GENS!!!|[anim] Ivy Cudgel Water
|-resisted|p1a: DAAAMN LES GENS!!!
|-crit|p1a: DAAAMN LES GENS!!!
|-damage|p1a: DAAAMN LES GENS!!!|0 fnt
|faint|p1a: DAAAMN LES GENS!!!
|
|-heal|p2a: Ogerpon-Tearspring|25/100|[from] Grassy Terrain
|upkeep
|
|t:|1779607492
|switch|p1a: Allumer le feu!!!!|Skeledirge, M|100/100
|turn|7
|
|t:|1779607497
|-terastallize|p1a: Allumer le feu!!!!|Ghost
|move|p2a: Ogerpon-Tearspring|Ivy Cudgel|p1a: Allumer le feu!!!!|[anim] Ivy Cudgel Water
|-damage|p1a: Allumer le feu!!!!|46/100
|move|p1a: Allumer le feu!!!!|Torch Song|p2a: Ogerpon-Tearspring
|-damage|p2a: Ogerpon-Tearspring|0 fnt
|-boost|p1a: Allumer le feu!!!!|spa|1
|faint|p2a: Ogerpon-Tearspring
|
|-heal|p1a: Allumer le feu!!!!|52/100|[from] Grassy Terrain
|-heal|p1a: Allumer le feu!!!!|58/100|[from] item: Leftovers
|upkeep
|
|t:|1779607506
|switch|p2a: Kingambit|Kingambit, F|100/100
|-damage|p2a: Kingambit|94/100|[from] Stealth Rock
|-activate|p2a: Kingambit|ability: Supreme Overlord
|-start|p2a: Kingambit|fallen2|[silent]
|turn|8
|
|t:|1779607521
|move|p1a: Allumer le feu!!!!|Will-O-Wisp|p2a: Kingambit
|-status|p2a: Kingambit|brn
|move|p2a: Kingambit|Iron Head|p1a: Allumer le feu!!!!
|-damage|p1a: Allumer le feu!!!!|32/100
|
|-heal|p1a: Allumer le feu!!!!|38/100|[from] Grassy Terrain
|-heal|p1a: Allumer le feu!!!!|44/100|[from] item: Leftovers
|-heal|p2a: Kingambit|100/100 brn|[from] Grassy Terrain
|-damage|p2a: Kingambit|94/100 brn|[from] brn
|upkeep
|turn|9
|
|t:|1779607536
|switch|p1a: PopGoesTheWeavile|Weavile, F|100/100
|-ability|p1a: PopGoesTheWeavile|Pressure
|move|p2a: Kingambit|Sucker Punch||[still]
|-fail|p2a: Kingambit
|
|-heal|p2a: Kingambit|100/100 brn|[from] Grassy Terrain
|-damage|p2a: Kingambit|94/100 brn|[from] brn
|upkeep
|turn|10
|
|t:|1779607546
|move|p1a: PopGoesTheWeavile|Knock Off|p2a: Kingambit
|-resisted|p2a: Kingambit
|-damage|p2a: Kingambit|74/100 brn
|-enditem|p2a: Kingambit|Leftovers|[from] move: Knock Off|[of] p1a: PopGoesTheWeavile
|move|p2a: Kingambit|Low Kick|p1a: PopGoesTheWeavile
|-supereffective|p1a: PopGoesTheWeavile
|-damage|p1a: PopGoesTheWeavile|9/100
|
|-heal|p1a: PopGoesTheWeavile|15/100|[from] Grassy Terrain
|-heal|p2a: Kingambit|80/100 brn|[from] Grassy Terrain
|-damage|p2a: Kingambit|74/100 brn|[from] brn
|-fieldend|move: Grassy Terrain
|upkeep
|turn|11
|
|t:|1779607554
|move|p1a: PopGoesTheWeavile|Triple Axel|p2a: Kingambit
|-resisted|p2a: Kingambit
|-damage|p2a: Kingambit|70/100 brn
|-resisted|p2a: Kingambit
|-damage|p2a: Kingambit|62/100 brn
|-resisted|p2a: Kingambit
|-damage|p2a: Kingambit|50/100 brn
|-hitcount|p2a: Kingambit|3
|move|p2a: Kingambit|Swords Dance|p2a: Kingambit
|-boost|p2a: Kingambit|atk|2
|
|-damage|p2a: Kingambit|44/100 brn|[from] brn
|upkeep
|turn|12
|inactive|Battle timer is ON: inactive players will automatically lose when time's up. (requested by daddy6741)
|
|t:|1779607564
|move|p1a: PopGoesTheWeavile|Ice Shard|p2a: Kingambit
|-resisted|p2a: Kingambit
|-damage|p2a: Kingambit|35/100 brn
|move|p2a: Kingambit|Sucker Punch||[still]
|-fail|p2a: Kingambit
|
|-damage|p2a: Kingambit|29/100 brn|[from] brn
|upkeep
|turn|13
|
|t:|1779607568
|move|p1a: PopGoesTheWeavile|Ice Shard|p2a: Kingambit
|-resisted|p2a: Kingambit
|-damage|p2a: Kingambit|20/100 brn
|move|p2a: Kingambit|Low Kick|p1a: PopGoesTheWeavile
|-supereffective|p1a: PopGoesTheWeavile
|-damage|p1a: PopGoesTheWeavile|0 fnt
|faint|p1a: PopGoesTheWeavile
|
|-damage|p2a: Kingambit|14/100 brn|[from] brn
|upkeep
|
|t:|1779607578
|switch|p1a: Kev Adams|Slowking-Galar, M|100/100
|turn|14
|
|t:|1779607583
|move|p2a: Kingambit|Iron Head|p1a: Kev Adams
|-damage|p1a: Kev Adams|46/100
|move|p1a: Kev Adams|Future Sight|p2a: Kingambit
|-start|p1a: Kev Adams|move: Future Sight
|
|-damage|p2a: Kingambit|8/100 brn|[from] brn
|upkeep
|turn|15
|
|t:|1779607593
|move|p2a: Kingambit|Iron Head|p1a: Kev Adams
|-damage|p1a: Kev Adams|0 fnt
|faint|p1a: Kev Adams
|
|-damage|p2a: Kingambit|2/100 brn|[from] brn
|upkeep
|
|t:|1779607596
|switch|p1a: Allumer le feu!!!!|Skeledirge, M, tera:Ghost|44/100
|turn|16
|
|t:|1779607599
|move|p2a: Kingambit|Sucker Punch||[still]
|-fail|p2a: Kingambit
|move|p1a: Allumer le feu!!!!|Substitute|p1a: Allumer le feu!!!!
|-start|p1a: Allumer le feu!!!!|Substitute
|-damage|p1a: Allumer le feu!!!!|19/100
|
|-end|p2a: Kingambit|move: Future Sight
|-immune|p2a: Kingambit
|-heal|p1a: Allumer le feu!!!!|25/100|[from] item: Leftovers
|-damage|p2a: Kingambit|0 fnt|[from] brn
|faint|p2a: Kingambit
|-end|p2a: Kingambit|fallen2|[silent]
|upkeep
|
|t:|1779607603
|switch|p2a: Matchup Moth|Iron Moth|100/100
|-damage|p2a: Matchup Moth|76/100|[from] Stealth Rock
|turn|17
|
|t:|1779607614
|move|p2a: Matchup Moth|Fiery Dance|p1a: Allumer le feu!!!!
|-end|p1a: Allumer le feu!!!!|Substitute
|-boost|p2a: Matchup Moth|spa|1
|move|p1a: Allumer le feu!!!!|Hex|p2a: Matchup Moth
|-damage|p2a: Matchup Moth|32/100
|
|-heal|p1a: Allumer le feu!!!!|31/100|[from] item: Leftovers
|upkeep
|turn|18
|
|t:|1779607622
|move|p2a: Matchup Moth|Dazzling Gleam|p1a: Allumer le feu!!!!
|-damage|p1a: Allumer le feu!!!!|0 fnt
|faint|p1a: Allumer le feu!!!!
|
|upkeep
|
|t:|1779607625
|switch|p1a: Ugly Thing|Enamorus, F|100/100
|turn|19
|
|t:|1779607632
|move|p1a: Ugly Thing|Earth Power|p2a: Matchup Moth
|-supereffective|p2a: Matchup Moth
|-damage|p2a: Matchup Moth|0 fnt
|faint|p2a: Matchup Moth
|-end|p2a: Matchup Moth|Quark Drive|[silent]
|
|upkeep
|
|t:|1779607637
|switch|p2a: Big M|Metagross, shiny|100/100
|-damage|p2a: Big M|95/100|[from] Stealth Rock
|turn|20
|
|t:|1779607646
|move|p1a: Ugly Thing|Earth Power|p2a: Big M
|-supereffective|p2a: Big M
|-damage|p2a: Big M|9/100
|-enditem|p2a: Big M|Weakness Policy
|-boost|p2a: Big M|atk|2|[from] item: Weakness Policy
|-boost|p2a: Big M|spa|2|[from] item: Weakness Policy
|move|p2a: Big M|Meteor Mash|p1a: Ugly Thing
|-supereffective|p1a: Ugly Thing
|-damage|p1a: Ugly Thing|0 fnt
|faint|p1a: Ugly Thing
|
|win|daddy6741
|raw|calvas's rating: 1421 &rarr; <strong>1401</strong><br />(-20 for losing)
|raw|daddy6741's rating: 1421 &rarr; <strong>1441</strong><br />(+20 for winning)
|l|☆daddy6741
|player|p2|
|l|☆calvas
|player|p1|
