|j|☆AmonacookieCutter
|j|☆PikachuRTM
|t:|1779556333
|gametype|singles
|player|p1|AmonacookieCutter|cyclist-gen4|1476
|player|p2|PikachuRTM|lance|1480
|gen|9
|tier|[Gen 9] OU
|rated|
|rule|HP Percentage Mod: HP is shown in percentages
|rule|Endless Battle Clause: Forcing endless battles is banned
|rule|Species Clause: Limit one of each Pokémon
|rule|OHKO Clause: OHKO moves are banned
|rule|Evasion Items Clause: Evasion items are banned
|rule|Evasion Moves Clause: Evasion moves are banned
|rule|Evasion Abilities Clause: Evasion abilities are banned
|rule|Sleep Moves Clause: Sleep-inducing moves are banned
|clearpoke
|poke|p1|Hawlucha, F|
|poke|p1|Samurott-Hisui, F|
|poke|p1|Rillaboom, F|
|poke|p1|Gholdengo|
|poke|p1|Kyurem|
|poke|p1|Landorus-Therian, M|
|poke|p2|Pikachu, M|
|poke|p2|Dragapult, M|
|poke|p2|Samurott-Hisui, M|
|poke|p2|Weezing-Galar, M|
|poke|p2|Corviknight, M|
|poke|p2|Landorus-Therian, M|
|teampreview
|inactive|Battle timer is ON: inactive players will automatically lose when time's up. (requested by AmonacookieCutter)
|
|t:|1779556347
|teamsize|p1|6
|teamsize|p2|6
|start
|switch|p1a: Landorus|Landorus-Therian, M|100/100
|switch|p2a: Lando|Landorus-Therian, M|100/100
|-ability|p2a: Lando|Intimidate|boost
|-unboost|p1a: Landorus|atk|1
|-ability|p1a: Landorus|Intimidate|boost
|-unboost|p2a: Lando|atk|1
|turn|1
|
|t:|1779556351
|move|p2a: Lando|U-turn|p1a: Landorus
|-resisted|p1a: Landorus
|-damage|p1a: Landorus|92/100
|-damage|p2a: Lando|84/100|[from] item: Rocky Helmet|[of] p1a: Landorus
|
|t:|1779556358
|switch|p2a: Sam|Samurott-Hisui, M|100/100|[from] U-turn
|move|p1a: Landorus|Stealth Rock|p2a: Sam
|-sidestart|p2: PikachuRTM|move: Stealth Rock
|
|upkeep
|turn|2
|
|t:|1779556366
|move|p1a: Landorus|U-turn|p2a: Sam
|-supereffective|p2a: Sam
|-damage|p2a: Sam|71/100
|
|t:|1779556368
|switch|p1a: Rillaboom|Rillaboom, F|100/100|[from] U-turn
|-fieldstart|move: Grassy Terrain|[from] ability: Grassy Surge|[of] p1a: Rillaboom
|move|p2a: Sam|Ceaseless Edge|p1a: Rillaboom
|-damage|p1a: Rillaboom|59/100
|-sidestart|p1: AmonacookieCutter|Spikes
|
|-heal|p1a: Rillaboom|65/100|[from] Grassy Terrain
|-heal|p2a: Sam|77/100|[from] Grassy Terrain
|upkeep
|turn|3
|
|t:|1779556374
|move|p1a: Rillaboom|Knock Off|p2a: Sam
|-resisted|p2a: Sam
|-damage|p2a: Sam|56/100
|-enditem|p2a: Sam|Assault Vest|[from] move: Knock Off|[of] p1a: Rillaboom
|move|p2a: Sam|Ceaseless Edge|p1a: Rillaboom
|-damage|p1a: Rillaboom|25/100
|-sidestart|p1: AmonacookieCutter|Spikes
|
|-heal|p1a: Rillaboom|31/100|[from] Grassy Terrain
|-heal|p2a: Sam|62/100|[from] Grassy Terrain
|upkeep
|turn|4
|
|t:|1779556380
|move|p1a: Rillaboom|Grassy Glide|p2a: Sam
|-supereffective|p2a: Sam
|-damage|p2a: Sam|0 fnt
|faint|p2a: Sam
|
|-heal|p1a: Rillaboom|37/100|[from] Grassy Terrain
|upkeep
|
|t:|1779556385
|switch|p2a: Lando|Landorus-Therian, M|84/100
|-damage|p2a: Lando|72/100|[from] Stealth Rock
|-ability|p2a: Lando|Intimidate|boost
|-unboost|p1a: Rillaboom|atk|1
|turn|5
|
|t:|1779556390
|switch|p1a: Landorus|Landorus-Therian, M|92/100
|-ability|p1a: Landorus|Intimidate|boost
|-unboost|p2a: Lando|atk|1
|move|p2a: Lando|U-turn|p1a: Landorus
|-resisted|p1a: Landorus
|-damage|p1a: Landorus|83/100
|-damage|p2a: Lando|55/100|[from] item: Rocky Helmet|[of] p1a: Landorus
|
|t:|1779556396
|switch|p2a: Liftoff|Dragapult, M, shiny|100/100|[from] U-turn
|-damage|p2a: Liftoff|88/100|[from] Stealth Rock
|
|-heal|p2a: Liftoff|94/100|[from] Grassy Terrain
|upkeep
|turn|6
|
|t:|1779556403
|move|p2a: Liftoff|Draco Meteor|p1a: Landorus
|-damage|p1a: Landorus|6/100
|-unboost|p2a: Liftoff|spa|2
|-damage|p2a: Liftoff|84/100|[from] item: Life Orb
|move|p1a: Landorus|U-turn|p2a: Liftoff
|-resisted|p2a: Liftoff
|-damage|p2a: Liftoff|71/100
|
|t:|1779556412
|switch|p1a: Hawlucha|Hawlucha, F|100/100|[from] U-turn
|-enditem|p1a: Hawlucha|Grassy Seed
|-boost|p1a: Hawlucha|def|1|[from] item: Grassy Seed
|
|-heal|p2a: Liftoff|77/100|[from] Grassy Terrain
|-fieldend|move: Grassy Terrain
|upkeep
|turn|7
|
|t:|1779556418
|switch|p2a: The Smoke|Weezing-Galar, M|100/100
|-ability|p2a: The Smoke|Neutralizing Gas
|move|p1a: Hawlucha|Swords Dance|p1a: Hawlucha
|-boost|p1a: Hawlucha|atk|2
|
|upkeep
|turn|8
|
|t:|1779556423
|move|p1a: Hawlucha|Acrobatics|p2a: The Smoke
|-crit|p2a: The Smoke
|-damage|p2a: The Smoke|2/100
|move|p2a: The Smoke|Will-O-Wisp|p1a: Hawlucha
|-status|p1a: Hawlucha|brn
|
|-damage|p1a: Hawlucha|94/100 brn|[from] brn
|upkeep
|turn|9
|
|t:|1779556429
|move|p1a: Hawlucha|Acrobatics|p2a: The Smoke
|-crit|p2a: The Smoke
|-damage|p2a: The Smoke|0 fnt
|faint|p2a: The Smoke
|-end|p2a: The Smoke|ability: Neutralizing Gas
|
|-damage|p1a: Hawlucha|88/100 brn|[from] brn
|upkeep
|
|t:|1779556436
|switch|p2a: Liftoff|Dragapult, M, shiny|77/100
|-damage|p2a: Liftoff|65/100|[from] Stealth Rock
|turn|10
|
|t:|1779556439
|move|p1a: Hawlucha|Acrobatics|p2a: Liftoff
|-damage|p2a: Liftoff|0 fnt
|faint|p2a: Liftoff
|
|-damage|p1a: Hawlucha|82/100 brn|[from] brn
|upkeep
|
|t:|1779556447
|switch|p2a: Lando|Landorus-Therian, M|55/100
|-damage|p2a: Lando|43/100|[from] Stealth Rock
|-ability|p2a: Lando|Intimidate|boost
|-unboost|p1a: Hawlucha|atk|1
|turn|11
|
|t:|1779556449
|move|p1a: Hawlucha|Swords Dance|p1a: Hawlucha
|-boost|p1a: Hawlucha|atk|2
|move|p2a: Lando|Stone Edge|p1a: Hawlucha
|-damage|p1a: Hawlucha|52/100 brn
|
|-damage|p1a: Hawlucha|46/100 brn|[from] brn
|upkeep
|turn|12
|
|t:|1779556452
|move|p1a: Hawlucha|Roost|p1a: Hawlucha
|-heal|p1a: Hawlucha|96/100 brn
|-singleturn|p1a: Hawlucha|move: Roost
|move|p2a: Lando|Stone Edge|p1a: Hawlucha|[miss]
|-miss|p2a: Lando|p1a: Hawlucha
|
|-damage|p1a: Hawlucha|90/100 brn|[from] brn
|upkeep
|turn|13
|
|t:|1779556457
|switch|p2a: Aegir|Corviknight, M|100/100
|-damage|p2a: Aegir|88/100|[from] Stealth Rock
|-ability|p2a: Aegir|Pressure
|move|p1a: Hawlucha|Swords Dance|p1a: Hawlucha
|-boost|p1a: Hawlucha|atk|2
|
|-heal|p2a: Aegir|94/100|[from] item: Leftovers
|-damage|p1a: Hawlucha|84/100 brn|[from] brn
|upkeep
|turn|14
|
|t:|1779556459
|move|p1a: Hawlucha|Low Kick|p2a: Aegir
|-damage|p2a: Aegir|44/100
|move|p2a: Aegir|Bulk Up|p2a: Aegir
|-boost|p2a: Aegir|atk|1
|-boost|p2a: Aegir|def|1
|
|-heal|p2a: Aegir|50/100|[from] item: Leftovers
|-damage|p1a: Hawlucha|78/100 brn|[from] brn
|upkeep
|turn|15
|
|t:|1779556462
|move|p1a: Hawlucha|Low Kick|p2a: Aegir
|-damage|p2a: Aegir|17/100
|move|p2a: Aegir|Roost|p2a: Aegir
|-heal|p2a: Aegir|67/100
|-singleturn|p2a: Aegir|move: Roost
|
|-heal|p2a: Aegir|73/100|[from] item: Leftovers
|-damage|p1a: Hawlucha|72/100 brn|[from] brn
|upkeep
|turn|16
|
|t:|1779556472
|move|p1a: Hawlucha|Low Kick|p2a: Aegir
|-damage|p2a: Aegir|37/100
|move|p2a: Aegir|Bulk Up|p2a: Aegir
|-boost|p2a: Aegir|atk|1
|-boost|p2a: Aegir|def|1
|
|-heal|p2a: Aegir|43/100|[from] item: Leftovers
|-damage|p1a: Hawlucha|65/100 brn|[from] brn
|upkeep
|turn|17
|
|t:|1779556475
|move|p1a: Hawlucha|Low Kick|p2a: Aegir
|-crit|p2a: Aegir
|-damage|p2a: Aegir|0 fnt
|faint|p2a: Aegir
|
|-damage|p1a: Hawlucha|59/100 brn|[from] brn
|upkeep
|-message|PikachuRTM forfeited.
|
|win|AmonacookieCutter
|raw|AmonacookieCutter's rating: 1476 &rarr; <strong>1496</strong><br />(+20 for winning)
|raw|PikachuRTM's rating: 1480 &rarr; <strong>1460</strong><br />(-20 for losing)
|l|☆PikachuRTM
|player|p2|
|l|☆AmonacookieCutter
|player|p1|
