|j|☆Mdavis
|j|☆acauthen2007
|t:|1779686164
|gametype|singles
|player|p1|Mdavis|palmer|1330
|player|p2|acauthen2007|gambler|1365
|gen|9
|tier|[Gen 9] OU
|rated|
|rule|HP Percentage Mod: HP is shown in percentages
|rule|Endless Battle Clause: Forcing endless battles is banned
|rule|Species Clause: Limit one of each Pokémon
|rule|OHKO Clause: OHKO moves are banned
|rule|Evasion Items Clause: Evasion items are banned
|rule|Evasion Moves Clause: Evasion moves are banned
|rule|Evasion Abilities Clause: Evasion abilities are banned
|rule|Sleep Moves Clause: Sleep-inducing moves are banned
|clearpoke
|poke|p1|Kingambit, F|
|poke|p1|Kommo-o, M|
|poke|p1|Iron Valiant|
|poke|p1|Kyurem|
|poke|p1|Iron Treads|
|poke|p1|Iron Crown|
|poke|p2|Torkoal, F|
|poke|p2|Ribombee, M|
|poke|p2|Charizard, M|
|poke|p2|Clodsire, F|
|poke|p2|Zamazenta-*|
|poke|p2|Dragonite, F|
|teampreview
|
|t:|1779686204
|teamsize|p1|6
|teamsize|p2|6
|start
|switch|p1a: Iron Treads|Iron Treads|100/100
|switch|p2a: Ribombee|Ribombee, M|100/100
|-enditem|p1a: Iron Treads|Booster Energy
|-activate|p1a: Iron Treads|ability: Quark Drive|[fromitem]
|-start|p1a: Iron Treads|quarkdrivespe
|turn|1
|
|t:|1779686218
|move|p1a: Iron Treads|Stealth Rock|p2a: Ribombee
|-sidestart|p2: acauthen2007|move: Stealth Rock
|move|p2a: Ribombee|Sticky Web|p1a: Iron Treads
|-sidestart|p1: Mdavis|move: Sticky Web
|
|upkeep
|turn|2
|
|t:|1779686221
|move|p1a: Iron Treads|Rapid Spin|p2a: Ribombee
|-damage|p2a: Ribombee|74/100
|-boost|p1a: Iron Treads|spe|1
|-sideend|p1: Mdavis|Sticky Web|[from] move: Rapid Spin|[of] p1a: Iron Treads
|move|p2a: Ribombee|Stun Spore|p1a: Iron Treads|[miss]
|-miss|p2a: Ribombee|p1a: Iron Treads
|
|upkeep
|turn|3
|
|t:|1779686229
|move|p1a: Iron Treads|Earthquake|p2a: Ribombee
|-resisted|p2a: Ribombee
|-damage|p2a: Ribombee|38/100
|move|p2a: Ribombee|Stun Spore|p1a: Iron Treads
|-status|p1a: Iron Treads|par
|
|upkeep
|turn|4
|
|t:|1779686235
|move|p2a: Ribombee|Sticky Web|p1a: Iron Treads
|-sidestart|p1: Mdavis|move: Sticky Web
|cant|p1a: Iron Treads|par
|
|upkeep
|turn|5
|
|t:|1779686243
|move|p2a: Ribombee|Sticky Web||[still]
|-fail|p2a: Ribombee
|move|p1a: Iron Treads|Rapid Spin|p2a: Ribombee
|-damage|p2a: Ribombee|12/100
|-boost|p1a: Iron Treads|spe|1
|-sideend|p1: Mdavis|Sticky Web|[from] move: Rapid Spin|[of] p1a: Iron Treads
|
|upkeep
|turn|6
|
|t:|1779686248
|move|p1a: Iron Treads|Rapid Spin|p2a: Ribombee
|-damage|p2a: Ribombee|0 fnt
|-boost|p1a: Iron Treads|spe|1
|faint|p2a: Ribombee
|
|upkeep
|
|t:|1779686251
|switch|p2a: Torkoal|Torkoal, F|100/100
|-damage|p2a: Torkoal|76/100|[from] Stealth Rock
|-weather|SunnyDay|[from] ability: Drought|[of] p2a: Torkoal
|turn|7
|
|t:|1779686257
|move|p1a: Iron Treads|Earthquake|p2a: Torkoal
|-supereffective|p2a: Torkoal
|-damage|p2a: Torkoal|31/100
|move|p2a: Torkoal|Rapid Spin|p1a: Iron Treads
|-resisted|p1a: Iron Treads
|-damage|p1a: Iron Treads|97/100 par
|-boost|p2a: Torkoal|spe|1
|-sideend|p2: acauthen2007|Stealth Rock|[from] move: Rapid Spin|[of] p2a: Torkoal
|
|-weather|SunnyDay|[upkeep]
|upkeep
|turn|8
|
|t:|1779686262
|cant|p1a: Iron Treads|par
|move|p2a: Torkoal|Lava Plume|p1a: Iron Treads
|-supereffective|p1a: Iron Treads
|-damage|p1a: Iron Treads|15/100 par
|
|-weather|SunnyDay|[upkeep]
|upkeep
|turn|9
|
|t:|1779686265
|cant|p1a: Iron Treads|par
|move|p2a: Torkoal|Stealth Rock|p1a: Iron Treads
|-sidestart|p1: Mdavis|move: Stealth Rock
|
|-weather|SunnyDay|[upkeep]
|upkeep
|turn|10
|
|t:|1779686278
|switch|p2a: Dragonite|Dragonite, F|100/100
|move|p1a: Iron Treads|Rapid Spin|p2a: Dragonite
|-damage|p2a: Dragonite|94/100
|-boost|p1a: Iron Treads|spe|1
|-sideend|p1: Mdavis|Stealth Rock|[from] move: Rapid Spin|[of] p1a: Iron Treads
|
|-weather|SunnyDay|[upkeep]
|upkeep
|turn|11
|inactive|Battle timer is ON: inactive players will automatically lose when time's up. (requested by acauthen2007)
|
|t:|1779686285
|cant|p1a: Iron Treads|par
|move|p2a: Dragonite|Earthquake|p1a: Iron Treads
|-supereffective|p1a: Iron Treads
|-damage|p1a: Iron Treads|0 fnt
|faint|p1a: Iron Treads
|-end|p1a: Iron Treads|Quark Drive|[silent]
|
|-weather|SunnyDay|[upkeep]
|upkeep
|
|t:|1779686293
|switch|p1a: Iron Valiant|Iron Valiant|100/100
|-enditem|p1a: Iron Valiant|Booster Energy
|-activate|p1a: Iron Valiant|ability: Quark Drive|[fromitem]
|-start|p1a: Iron Valiant|quarkdrivespe
|turn|12
|
|t:|1779686307
|switch|p2a: Torkoal|Torkoal, F|31/100
|move|p1a: Iron Valiant|Moonblast|p2a: Torkoal
|-resisted|p2a: Torkoal
|-damage|p2a: Torkoal|3/100
|
|-weather|SunnyDay|[upkeep]
|upkeep
|turn|13
|
|t:|1779686312
|move|p1a: Iron Valiant|Shadow Ball|p2a: Torkoal
|-damage|p2a: Torkoal|0 fnt
|faint|p2a: Torkoal
|
|-weather|SunnyDay|[upkeep]
|upkeep
|
|t:|1779686315
|switch|p2a: Charizard|Charizard, M|100/100
|turn|14
|
|t:|1779686326
|-terastallize|p1a: Iron Valiant|Ghost
|-terastallize|p2a: Charizard|Fire
|move|p1a: Iron Valiant|Shadow Ball|p2a: Charizard
|-damage|p2a: Charizard|46/100
|-unboost|p2a: Charizard|spd|1
|move|p2a: Charizard|Flamethrower|p1a: Iron Valiant
|-damage|p1a: Iron Valiant|0 fnt
|faint|p1a: Iron Valiant
|-end|p1a: Iron Valiant|Quark Drive|[silent]
|
|-weather|none
|upkeep
|
|t:|1779686341
|switch|p1a: Kommo-o|Kommo-o, M|100/100
|turn|15
|
|t:|1779686350
|switch|p2a: Clodsire|Clodsire, F|100/100
|move|p1a: Kommo-o|Drain Punch|p2a: Clodsire
|-resisted|p2a: Clodsire
|-crit|p2a: Clodsire
|-damage|p2a: Clodsire|76/100
|
|-heal|p2a: Clodsire|82/100|[from] item: Leftovers
|upkeep
|turn|16
|
|t:|1779686357
|move|p1a: Kommo-o|Substitute|p1a: Kommo-o
|-start|p1a: Kommo-o|Substitute
|-damage|p1a: Kommo-o|75/100
|move|p2a: Clodsire|Toxic||[still]
|-fail|p2a: Clodsire
|
|-heal|p1a: Kommo-o|82/100|[from] item: Leftovers
|-heal|p2a: Clodsire|88/100|[from] item: Leftovers
|upkeep
|turn|17
|
|t:|1779686362
|move|p1a: Kommo-o|Shadow Claw|p2a: Clodsire
|-damage|p2a: Clodsire|69/100
|move|p2a: Clodsire|Earthquake|p1a: Kommo-o
|-activate|p1a: Kommo-o|move: Substitute|[damage]
|
|-heal|p1a: Kommo-o|88/100|[from] item: Leftovers
|-heal|p2a: Clodsire|75/100|[from] item: Leftovers
|upkeep
|turn|18
|
|t:|1779686368
|move|p1a: Kommo-o|Drain Punch|p2a: Clodsire
|-resisted|p2a: Clodsire
|-crit|p2a: Clodsire
|-damage|p2a: Clodsire|53/100
|-heal|p1a: Kommo-o|100/100|[from] drain|[of] p2a: Clodsire
|move|p2a: Clodsire|Earthquake|p1a: Kommo-o
|-end|p1a: Kommo-o|Substitute
|
|-heal|p2a: Clodsire|59/100|[from] item: Leftovers
|upkeep
|turn|19
|
|t:|1779686372
|move|p1a: Kommo-o|Substitute|p1a: Kommo-o
|-start|p1a: Kommo-o|Substitute
|-damage|p1a: Kommo-o|75/100
|move|p2a: Clodsire|Recover|p2a: Clodsire
|-heal|p2a: Clodsire|100/100
|
|-heal|p1a: Kommo-o|82/100|[from] item: Leftovers
|upkeep
|turn|20
|
|t:|1779686379
|move|p1a: Kommo-o|Shadow Claw|p2a: Clodsire
|-damage|p2a: Clodsire|82/100
|move|p2a: Clodsire|Spikes|p1a: Kommo-o
|-sidestart|p1: Mdavis|Spikes
|
|-heal|p1a: Kommo-o|88/100|[from] item: Leftovers
|-heal|p2a: Clodsire|88/100|[from] item: Leftovers
|upkeep
|turn|21
|
|t:|1779686391
|move|p1a: Kommo-o|Shadow Claw|p2a: Clodsire
|-damage|p2a: Clodsire|69/100
|move|p2a: Clodsire|Spikes|p1a: Kommo-o
|-sidestart|p1: Mdavis|Spikes
|
|-heal|p1a: Kommo-o|94/100|[from] item: Leftovers
|-heal|p2a: Clodsire|75/100|[from] item: Leftovers
|upkeep
|turn|22
|
|t:|1779686395
|move|p1a: Kommo-o|Clangorous Soul|p1a: Kommo-o
|-boost|p1a: Kommo-o|atk|1
|-boost|p1a: Kommo-o|def|1
|-boost|p1a: Kommo-o|spa|1
|-boost|p1a: Kommo-o|spd|1
|-boost|p1a: Kommo-o|spe|1
|-damage|p1a: Kommo-o|61/100
|move|p2a: Clodsire|Earthquake|p1a: Kommo-o
|-activate|p1a: Kommo-o|move: Substitute|[damage]
|
|-heal|p1a: Kommo-o|68/100|[from] item: Leftovers
|-heal|p2a: Clodsire|82/100|[from] item: Leftovers
|upkeep
|turn|23
|
|t:|1779686399
|move|p1a: Kommo-o|Shadow Claw|p2a: Clodsire
|-crit|p2a: Clodsire
|-damage|p2a: Clodsire|37/100
|move|p2a: Clodsire|Earthquake|p1a: Kommo-o
|-end|p1a: Kommo-o|Substitute
|
|-heal|p1a: Kommo-o|74/100|[from] item: Leftovers
|-heal|p2a: Clodsire|44/100|[from] item: Leftovers
|upkeep
|turn|24
|
|t:|1779686407
|move|p1a: Kommo-o|Substitute|p1a: Kommo-o
|-start|p1a: Kommo-o|Substitute
|-damage|p1a: Kommo-o|49/100
|move|p2a: Clodsire|Recover|p2a: Clodsire
|-heal|p2a: Clodsire|94/100
|
|-heal|p1a: Kommo-o|55/100|[from] item: Leftovers
|-heal|p2a: Clodsire|99/100|[from] item: Leftovers
|upkeep
|turn|25
|
|t:|1779686410
|move|p1a: Kommo-o|Drain Punch|p2a: Clodsire
|-resisted|p2a: Clodsire
|-damage|p2a: Clodsire|75/100
|-heal|p1a: Kommo-o|72/100|[from] drain|[of] p2a: Clodsire
|move|p2a: Clodsire|Earthquake|p1a: Kommo-o
|-activate|p1a: Kommo-o|move: Substitute|[damage]
|
|-heal|p1a: Kommo-o|78/100|[from] item: Leftovers
|-heal|p2a: Clodsire|81/100|[from] item: Leftovers
|upkeep
|turn|26
|
|t:|1779686419
|move|p1a: Kommo-o|Drain Punch|p2a: Clodsire
|-resisted|p2a: Clodsire
|-damage|p2a: Clodsire|59/100
|-heal|p1a: Kommo-o|92/100|[from] drain|[of] p2a: Clodsire
|move|p2a: Clodsire|Earthquake|p1a: Kommo-o
|-end|p1a: Kommo-o|Substitute
|
|-heal|p1a: Kommo-o|99/100|[from] item: Leftovers
|-heal|p2a: Clodsire|66/100|[from] item: Leftovers
|upkeep
|turn|27
|
|t:|1779686426
|move|p1a: Kommo-o|Substitute|p1a: Kommo-o
|-start|p1a: Kommo-o|Substitute
|-damage|p1a: Kommo-o|74/100
|move|p2a: Clodsire|Earthquake|p1a: Kommo-o
|-activate|p1a: Kommo-o|move: Substitute|[damage]
|
|-heal|p1a: Kommo-o|80/100|[from] item: Leftovers
|-heal|p2a: Clodsire|72/100|[from] item: Leftovers
|upkeep
|turn|28
|
|t:|1779686429
|move|p1a: Kommo-o|Clangorous Soul|p1a: Kommo-o
|-boost|p1a: Kommo-o|atk|1
|-boost|p1a: Kommo-o|def|1
|-boost|p1a: Kommo-o|spa|1
|-boost|p1a: Kommo-o|spd|1
|-boost|p1a: Kommo-o|spe|1
|-damage|p1a: Kommo-o|47/100
|move|p2a: Clodsire|Earthquake|p1a: Kommo-o
|-end|p1a: Kommo-o|Substitute
|
|-heal|p1a: Kommo-o|53/100|[from] item: Leftovers
|-heal|p2a: Clodsire|78/100|[from] item: Leftovers
|upkeep
|turn|29
|
|t:|1779686436
|move|p1a: Kommo-o|Substitute|p1a: Kommo-o
|-start|p1a: Kommo-o|Substitute
|-damage|p1a: Kommo-o|28/100
|move|p2a: Clodsire|Toxic||[still]
|-fail|p2a: Clodsire
|
|-heal|p1a: Kommo-o|34/100|[from] item: Leftovers
|-heal|p2a: Clodsire|84/100|[from] item: Leftovers
|upkeep
|turn|30
|
|t:|1779686439
|move|p1a: Kommo-o|Drain Punch|p2a: Clodsire
|-resisted|p2a: Clodsire
|-crit|p2a: Clodsire
|-damage|p2a: Clodsire|36/100
|-heal|p1a: Kommo-o|66/100|[from] drain|[of] p2a: Clodsire
|move|p2a: Clodsire|Earthquake|p1a: Kommo-o
|-crit|p1a: Kommo-o
|-end|p1a: Kommo-o|Substitute
|
|-heal|p1a: Kommo-o|73/100|[from] item: Leftovers
|-heal|p2a: Clodsire|42/100|[from] item: Leftovers
|upkeep
|turn|31
|
|t:|1779686446
|move|p1a: Kommo-o|Substitute|p1a: Kommo-o
|-start|p1a: Kommo-o|Substitute
|-damage|p1a: Kommo-o|48/100
|move|p2a: Clodsire|Recover|p2a: Clodsire
|-heal|p2a: Clodsire|92/100
|
|-heal|p1a: Kommo-o|54/100|[from] item: Leftovers
|-heal|p2a: Clodsire|98/100|[from] item: Leftovers
|upkeep
|turn|32
|
|t:|1779686448
|move|p1a: Kommo-o|Drain Punch|p2a: Clodsire
|-resisted|p2a: Clodsire
|-damage|p2a: Clodsire|66/100
|-heal|p1a: Kommo-o|75/100|[from] drain|[of] p2a: Clodsire
|move|p2a: Clodsire|Earthquake|p1a: Kommo-o
|-activate|p1a: Kommo-o|move: Substitute|[damage]
|
|-heal|p1a: Kommo-o|81/100|[from] item: Leftovers
|-heal|p2a: Clodsire|72/100|[from] item: Leftovers
|upkeep
|turn|33
|
|t:|1779686451
|move|p1a: Kommo-o|Drain Punch|p2a: Clodsire
|-resisted|p2a: Clodsire
|-damage|p2a: Clodsire|42/100
|-heal|p1a: Kommo-o|100/100|[from] drain|[of] p2a: Clodsire
|move|p2a: Clodsire|Earthquake|p1a: Kommo-o
|-activate|p1a: Kommo-o|move: Substitute|[damage]
|
|-heal|p2a: Clodsire|48/100|[from] item: Leftovers
|upkeep
|turn|34
|
|t:|1779686455
|move|p1a: Kommo-o|Shadow Claw|p2a: Clodsire
|-damage|p2a: Clodsire|10/100
|move|p2a: Clodsire|Earthquake|p1a: Kommo-o
|-end|p1a: Kommo-o|Substitute
|
|-heal|p2a: Clodsire|16/100|[from] item: Leftovers
|upkeep
|turn|35
|
|t:|1779686461
|move|p1a: Kommo-o|Substitute|p1a: Kommo-o
|-start|p1a: Kommo-o|Substitute
|-damage|p1a: Kommo-o|75/100
|move|p2a: Clodsire|Recover|p2a: Clodsire
|-heal|p2a: Clodsire|66/100
|
|-heal|p1a: Kommo-o|82/100|[from] item: Leftovers
|-heal|p2a: Clodsire|73/100|[from] item: Leftovers
|upkeep
|turn|36
|-message|acauthen2007 forfeited.
|
|win|Mdavis
|raw|Mdavis's rating: 1330 &rarr; <strong>1352</strong><br />(+22 for winning)
|raw|acauthen2007's rating: 1365 &rarr; <strong>1343</strong><br />(-22 for losing)
|l|☆acauthen2007
|player|p2|
|l|☆Mdavis
|player|p1|
