|j|☆praytothispoppy
|j|☆Nertwerve
|t:|1779572193
|gametype|singles
|player|p1|praytothispoppy|erika|1050
|player|p2|Nertwerve|waitress-gen4|1070
|gen|9
|tier|[Gen 9] OU
|rated|
|rule|HP Percentage Mod: HP is shown in percentages
|rule|Endless Battle Clause: Forcing endless battles is banned
|rule|Species Clause: Limit one of each Pokémon
|rule|OHKO Clause: OHKO moves are banned
|rule|Evasion Items Clause: Evasion items are banned
|rule|Evasion Moves Clause: Evasion moves are banned
|rule|Evasion Abilities Clause: Evasion abilities are banned
|rule|Sleep Moves Clause: Sleep-inducing moves are banned
|clearpoke
|poke|p1|Indeedee-F, F|
|poke|p1|Armarouge, M|
|poke|p1|Hatterene, F|
|poke|p1|Ursaluna, M|
|poke|p1|Glimmora, F|
|poke|p1|Incineroar, M|
|poke|p2|Conkeldurr, M|
|poke|p2|Scizor, F|
|poke|p2|Goodra, F|
|poke|p2|Clodsire, F|
|poke|p2|Dudunsparce-*, F|
|poke|p2|Zangoose, M|
|teampreview
|inactive|Battle timer is ON: inactive players will automatically lose when time's up. (requested by Nertwerve)
|inactive|Nertwerve has 120 seconds left.
|
|t:|1779572225
|teamsize|p1|6
|teamsize|p2|6
|start
|switch|p1a: Glicose|Glimmora, F, shiny|100/100
|switch|p2a: Scizor|Scizor, F|100/100
|turn|1
|
|t:|1779572234
|move|p1a: Glicose|Stealth Rock|p2a: Scizor
|-sidestart|p2: Nertwerve|move: Stealth Rock
|move|p2a: Scizor|Swords Dance|p2a: Scizor
|-boost|p2a: Scizor|atk|2
|
|upkeep
|turn|2
|
|t:|1779572248
|switch|p1a: Buggy|Indeedee-F, F, shiny|100/100
|-fieldstart|move: Psychic Terrain|[from] ability: Psychic Surge|[of] p1a: Buggy
|move|p2a: Scizor|Bullet Punch|p1a: Buggy
|-activate|p1a: Buggy|move: Psychic Terrain
|
|upkeep
|turn|3
|
|t:|1779572263
|-terastallize|p1a: Buggy|Steel
|move|p2a: Scizor|Acrobatics|p1a: Buggy
|-resisted|p1a: Buggy
|-damage|p1a: Buggy|60/100
|move|p1a: Buggy|Trick Room|p1a: Buggy
|-fieldstart|move: Trick Room|[of] p1a: Buggy
|
|upkeep
|turn|4
|
|t:|1779572276
|switch|p1a: Armarouge|Armarouge, M|100/100
|move|p2a: Scizor|Acrobatics|p1a: Armarouge
|-damage|p1a: Armarouge|40/100
|
|upkeep
|turn|5
|inactive|Nertwerve has 120 seconds left.
|
|t:|1779572316
|-terastallize|p2a: Scizor|Fighting
|move|p1a: Armarouge|Expanding Force|p2a: Scizor
|-supereffective|p2a: Scizor
|-damage|p2a: Scizor|0 fnt
|faint|p2a: Scizor
|-damage|p1a: Armarouge|30/100|[from] item: Life Orb
|
|upkeep
|
|t:|1779572329
|switch|p2a: Loafsire|Clodsire, F|100/100
|-damage|p2a: Loafsire|94/100|[from] Stealth Rock
|turn|6
|
|t:|1779572335
|move|p2a: Loafsire|Earthquake|p1a: Armarouge
|-supereffective|p1a: Armarouge
|-damage|p1a: Armarouge|0 fnt
|faint|p1a: Armarouge
|
|-heal|p2a: Loafsire|100/100|[from] item: Black Sludge
|-fieldend|move: Psychic Terrain
|upkeep
|
|t:|1779572342
|switch|p1a: Hatterene|Hatterene, F, shiny|100/100
|turn|7
|inactive|Nertwerve has 120 seconds left.
|
|t:|1779572366
|move|p1a: Hatterene|Expanding Force|p2a: Loafsire
|-supereffective|p2a: Loafsire
|-damage|p2a: Loafsire|47/100
|move|p2a: Loafsire|Earthquake|p1a: Hatterene
|-damage|p1a: Hatterene|68/100
|
|-heal|p1a: Hatterene|74/100|[from] item: Leftovers
|-heal|p2a: Loafsire|53/100|[from] item: Black Sludge
|-fieldend|move: Trick Room
|upkeep
|turn|8
|
|t:|1779572390
|move|p2a: Loafsire|Earthquake|p1a: Hatterene
|-damage|p1a: Hatterene|45/100
|move|p1a: Hatterene|Trick Room|p1a: Hatterene
|-fieldstart|move: Trick Room|[of] p1a: Hatterene
|
|-heal|p1a: Hatterene|51/100|[from] item: Leftovers
|-heal|p2a: Loafsire|59/100|[from] item: Black Sludge
|upkeep
|turn|9
|
|t:|1779572414
|move|p1a: Hatterene|Expanding Force|p2a: Loafsire
|-supereffective|p2a: Loafsire
|-damage|p2a: Loafsire|5/100
|move|p2a: Loafsire|Recover|p2a: Loafsire
|-heal|p2a: Loafsire|56/100
|
|-heal|p1a: Hatterene|57/100|[from] item: Leftovers
|-heal|p2a: Loafsire|62/100|[from] item: Black Sludge
|upkeep
|turn|10
|
|t:|1779572424
|move|p1a: Hatterene|Expanding Force|p2a: Loafsire
|-supereffective|p2a: Loafsire
|-damage|p2a: Loafsire|11/100
|move|p2a: Loafsire|Recover|p2a: Loafsire
|-heal|p2a: Loafsire|61/100
|
|-heal|p1a: Hatterene|63/100|[from] item: Leftovers
|-heal|p2a: Loafsire|67/100|[from] item: Black Sludge
|upkeep
|turn|11
|
|t:|1779572436
|move|p1a: Hatterene|Expanding Force|p2a: Loafsire
|-supereffective|p2a: Loafsire
|-damage|p2a: Loafsire|16/100
|move|p2a: Loafsire|Recover|p2a: Loafsire
|-heal|p2a: Loafsire|66/100
|
|-heal|p1a: Hatterene|69/100|[from] item: Leftovers
|-heal|p2a: Loafsire|72/100|[from] item: Black Sludge
|upkeep
|turn|12
|
|t:|1779572451
|move|p1a: Hatterene|Expanding Force|p2a: Loafsire
|-supereffective|p2a: Loafsire
|-damage|p2a: Loafsire|21/100
|move|p2a: Loafsire|Earthquake|p1a: Hatterene
|-damage|p1a: Hatterene|37/100
|
|-heal|p1a: Hatterene|43/100|[from] item: Leftovers
|-heal|p2a: Loafsire|27/100|[from] item: Black Sludge
|-fieldend|move: Trick Room
|upkeep
|turn|13
|
|t:|1779572462
|move|p2a: Loafsire|Earthquake|p1a: Hatterene
|-damage|p1a: Hatterene|9/100
|move|p1a: Hatterene|Trick Room|p1a: Hatterene
|-fieldstart|move: Trick Room|[of] p1a: Hatterene
|
|-heal|p1a: Hatterene|15/100|[from] item: Leftovers
|-heal|p2a: Loafsire|33/100|[from] item: Black Sludge
|upkeep
|turn|14
|inactive|Nertwerve has 90 seconds left.
|
|t:|1779572488
|move|p1a: Hatterene|Expanding Force|p2a: Loafsire
|-supereffective|p2a: Loafsire
|-crit|p2a: Loafsire
|-damage|p2a: Loafsire|0 fnt
|faint|p2a: Loafsire
|
|-heal|p1a: Hatterene|21/100|[from] item: Leftovers
|upkeep
|
|t:|1779572497
|switch|p2a: Dudunsparce|Dudunsparce, F|100/100
|-damage|p2a: Dudunsparce|88/100|[from] Stealth Rock
|turn|15
|inactive|Nertwerve has 90 seconds left.
|
|t:|1779572510
|move|p1a: Hatterene|Expanding Force|p2a: Dudunsparce
|-damage|p2a: Dudunsparce|39/100
|move|p2a: Dudunsparce|Ancient Power|p1a: Hatterene
|-damage|p1a: Hatterene|9/100
|
|-heal|p1a: Hatterene|15/100|[from] item: Leftovers
|-heal|p2a: Dudunsparce|45/100|[from] item: Leftovers
|upkeep
|turn|16
|inactive|Nertwerve has 90 seconds left.
|
|t:|1779572526
|move|p1a: Hatterene|Expanding Force|p2a: Dudunsparce
|-damage|p2a: Dudunsparce|1/100
|move|p2a: Dudunsparce|Flamethrower|p1a: Hatterene
|-damage|p1a: Hatterene|0 fnt
|faint|p1a: Hatterene
|
|-heal|p2a: Dudunsparce|7/100|[from] item: Leftovers
|upkeep
|
|t:|1779572535
|switch|p1a: Incineroar|Incineroar, M|100/100
|-ability|p1a: Incineroar|Intimidate|boost
|-unboost|p2a: Dudunsparce|atk|1
|turn|17
|inactive|Nertwerve has 90 seconds left.
|
|t:|1779572556
|move|p2a: Dudunsparce|Ancient Power|p1a: Incineroar
|-supereffective|p1a: Incineroar
|-damage|p1a: Incineroar|78/100
|move|p1a: Incineroar|Knock Off|p2a: Dudunsparce
|-damage|p2a: Dudunsparce|0 fnt
|-enditem|p2a: Dudunsparce|Leftovers|[from] move: Knock Off|[of] p1a: Incineroar
|faint|p2a: Dudunsparce
|
|-fieldend|move: Trick Room
|upkeep
|inactive|Nertwerve has 60 seconds left.
|
|t:|1779572585
|switch|p2a: Zangoose|Zangoose, M|100/100
|-damage|p2a: Zangoose|88/100|[from] Stealth Rock
|turn|18
|inactive|Nertwerve has 60 seconds left.
|
|t:|1779572599
|move|p2a: Zangoose|Detect|p2a: Zangoose
|-singleturn|p2a: Zangoose|Protect
|move|p1a: Incineroar|Drain Punch|p2a: Zangoose
|-activate|p2a: Zangoose|move: Protect
|
|-status|p2a: Zangoose|tox|[from] item: Toxic Orb
|upkeep
|turn|19
|inactive|Nertwerve has 60 seconds left.
|
|t:|1779572623
|move|p2a: Zangoose|Facade|p1a: Incineroar
|-damage|p1a: Incineroar|0 fnt
|faint|p1a: Incineroar
|
|-damage|p2a: Zangoose|82/100 tox|[from] psn
|upkeep
|
|t:|1779572629
|switch|p1a: Glicose|Glimmora, F, shiny|100/100
|turn|20
|inactive|Nertwerve has 60 seconds left.
|
|t:|1779572643
|move|p1a: Glicose|Power Gem|p2a: Zangoose
|-damage|p2a: Zangoose|12/100 tox
|move|p2a: Zangoose|Facade|p1a: Glicose
|-resisted|p1a: Glicose
|-damage|p1a: Glicose|20/100
|-activate|p1a: Glicose|ability: Toxic Debris
|-sidestart|p2: Nertwerve|move: Toxic Spikes
|
|-damage|p2a: Zangoose|0 fnt|[from] psn
|faint|p2a: Zangoose
|upkeep
|inactive|Nertwerve has 60 seconds left.
|
|t:|1779572670
|switch|p2a: Hercules|Conkeldurr, M, shiny|100/100
|-damage|p2a: Hercules|95/100|[from] Stealth Rock
|-status|p2a: Hercules|psn
|turn|21
|
|t:|1779572677
|move|p2a: Hercules|Mach Punch|p1a: Glicose
|-damage|p1a: Glicose|0 fnt
|-activate|p1a: Glicose|ability: Toxic Debris
|-sidestart|p2: Nertwerve|move: Toxic Spikes
|faint|p1a: Glicose
|
|-damage|p2a: Hercules|82/100 psn|[from] psn
|upkeep
|
|t:|1779572687
|switch|p1a: Buggy|Indeedee-F, F, shiny, tera:Steel|60/100
|-fieldstart|move: Psychic Terrain|[from] ability: Psychic Surge|[of] p1a: Buggy
|turn|22
|
|t:|1779572700
|move|p2a: Hercules|Knock Off|p1a: Buggy
|-damage|p1a: Buggy|0 fnt
|-enditem|p1a: Buggy|Heavy-Duty Boots|[from] move: Knock Off|[of] p2a: Hercules
|faint|p1a: Buggy
|
|-damage|p2a: Hercules|70/100 psn|[from] psn
|upkeep
|
|t:|1779572705
|switch|p1a: Ursaluna|Ursaluna, M, shiny|100/100
|turn|23
|inactive|Nertwerve has 60 seconds left.
|
|t:|1779572717
|move|p2a: Hercules|Close Combat|p1a: Ursaluna
|-supereffective|p1a: Ursaluna
|-damage|p1a: Ursaluna|0 fnt
|-unboost|p2a: Hercules|def|1
|-unboost|p2a: Hercules|spd|1
|faint|p1a: Ursaluna
|
|win|Nertwerve
|raw|praytothispoppy's rating: 1050 &rarr; <strong>1034</strong><br />(-16 for losing)
|raw|Nertwerve's rating: 1070 &rarr; <strong>1098</strong><br />(+28 for winning)
|l|☆praytothispoppy
|player|p1|
|c|☆Nertwerve|gg
