|j|☆Mymojosodopeboi
|j|☆SillySushi
|t:|1779587386
|gametype|singles
|player|p1|Mymojosodopeboi|brock|1261
|player|p2|SillySushi|maid|1259
|gen|9
|tier|[Gen 9] OU
|rated|
|rule|HP Percentage Mod: HP is shown in percentages
|rule|Endless Battle Clause: Forcing endless battles is banned
|rule|Species Clause: Limit one of each Pokémon
|rule|OHKO Clause: OHKO moves are banned
|rule|Evasion Items Clause: Evasion items are banned
|rule|Evasion Moves Clause: Evasion moves are banned
|rule|Evasion Abilities Clause: Evasion abilities are banned
|rule|Sleep Moves Clause: Sleep-inducing moves are banned
|clearpoke
|poke|p1|Ribombee, M|
|poke|p1|Lokix, F|
|poke|p1|Great Tusk|
|poke|p1|Raging Bolt|
|poke|p1|Gholdengo|
|poke|p1|Iron Moth|
|poke|p2|Pelipper, M|
|poke|p2|Kingdra, F|
|poke|p2|Barraskewda, F|
|poke|p2|Tornadus-Therian, M|
|poke|p2|Iron Moth|
|poke|p2|Iron Treads|
|teampreview
|inactive|Battle timer is ON: inactive players will automatically lose when time's up. (requested by Mymojosodopeboi)
|
|t:|1779587403
|teamsize|p1|6
|teamsize|p2|6
|start
|switch|p1a: Ribombee|Ribombee, M, shiny|100/100
|switch|p2a: Iron Moth|Iron Moth|100/100
|turn|1
|
|t:|1779587409
|move|p1a: Ribombee|Sticky Web|p2a: Iron Moth
|-sidestart|p2: SillySushi|move: Sticky Web
|move|p2a: Iron Moth|Toxic Spikes|p1a: Ribombee
|-sidestart|p1: Mymojosodopeboi|move: Toxic Spikes
|
|upkeep
|turn|2
|
|t:|1779587416
|move|p1a: Ribombee|Stun Spore|p2a: Iron Moth
|-status|p2a: Iron Moth|par
|move|p2a: Iron Moth|U-turn|p1a: Ribombee
|-resisted|p1a: Ribombee
|-damage|p1a: Ribombee|91/100
|
|t:|1779587437
|-end|p2a: Iron Moth|Quark Drive|[silent]
|switch|p2a: Pelipper|Pelipper, M|100/100|[from] U-turn
|-weather|RainDance|[from] ability: Drizzle|[of] p2a: Pelipper
|
|-weather|RainDance|[upkeep]
|upkeep
|turn|3
|
|t:|1779587451
|move|p1a: Ribombee|Stun Spore|p2a: Pelipper
|-status|p2a: Pelipper|par
|move|p2a: Pelipper|U-turn|p1a: Ribombee
|-resisted|p1a: Ribombee
|-damage|p1a: Ribombee|82/100
|
|t:|1779587455
|switch|p2a: Barraskewda|Barraskewda, F|100/100|[from] U-turn
|-activate|p2a: Barraskewda|move: Sticky Web
|-unboost|p2a: Barraskewda|spe|1
|
|-weather|RainDance|[upkeep]
|upkeep
|turn|4
|
|t:|1779587463
|move|p2a: Barraskewda|Flip Turn|p1a: Ribombee
|-damage|p1a: Ribombee|0 fnt
|faint|p1a: Ribombee
|
|t:|1779587483
|switch|p2a: Kingdra|Kingdra, F|100/100|[from] Flip Turn
|-activate|p2a: Kingdra|move: Sticky Web
|-unboost|p2a: Kingdra|spe|1
|
|-weather|RainDance|[upkeep]
|upkeep
|
|t:|1779587500
|switch|p1a: Iron Moth|Iron Moth, shiny|100/100
|-sideend|p1: Mymojosodopeboi|move: Toxic Spikes|[of] p1a: Iron Moth
|-enditem|p1a: Iron Moth|Booster Energy
|-activate|p1a: Iron Moth|ability: Quark Drive|[fromitem]
|-start|p1a: Iron Moth|quarkdrivespa
|turn|5
|
|t:|1779587508
|-terastallize|p1a: Iron Moth|Fairy
|move|p2a: Kingdra|Weather Ball|p1a: Iron Moth
|-damage|p1a: Iron Moth|3/100
|move|p1a: Iron Moth|Energy Ball|p2a: Kingdra
|-damage|p2a: Kingdra|50/100
|-unboost|p2a: Kingdra|spd|1
|
|-weather|RainDance|[upkeep]
|upkeep
|turn|6
|
|t:|1779587526
|-end|p1a: Iron Moth|Quark Drive|[silent]
|switch|p1a: Lokix|Lokix, F, shiny|100/100
|move|p2a: Kingdra|Weather Ball|p1a: Lokix
|-damage|p1a: Lokix|0 fnt
|faint|p1a: Lokix
|
|-weather|RainDance|[upkeep]
|upkeep
|
|t:|1779587546
|switch|p1a: Raging Bolt|Raging Bolt|100/100
|-enditem|p1a: Raging Bolt|Booster Energy
|-activate|p1a: Raging Bolt|ability: Protosynthesis|[fromitem]
|-start|p1a: Raging Bolt|protosynthesisspa
|turn|7
|
|t:|1779587554
|switch|p2a: Iron Treads|Iron Treads|100/100
|-item|p2a: Iron Treads|Air Balloon
|move|p1a: Raging Bolt|Thunderclap||[still]
|-fail|p1a: Raging Bolt
|
|-weather|RainDance|[upkeep]
|upkeep
|turn|8
|
|t:|1779587566
|-end|p1a: Raging Bolt|Protosynthesis|[silent]
|switch|p1a: Great Tusk|Great Tusk, shiny|100/100
|-enditem|p1a: Great Tusk|Booster Energy
|-activate|p1a: Great Tusk|ability: Protosynthesis|[fromitem]
|-start|p1a: Great Tusk|protosynthesisatk
|move|p2a: Iron Treads|Rapid Spin|p1a: Great Tusk
|-damage|p1a: Great Tusk|89/100
|-boost|p2a: Iron Treads|spe|1
|-sideend|p2: SillySushi|Sticky Web|[from] move: Rapid Spin|[of] p2a: Iron Treads
|
|-weather|RainDance|[upkeep]
|upkeep
|turn|9
|
|t:|1779587577
|-end|p2a: Iron Treads|Quark Drive|[silent]
|switch|p2a: Tornadus|Tornadus-Therian, M|100/100
|move|p1a: Great Tusk|Close Combat|p2a: Tornadus
|-resisted|p2a: Tornadus
|-damage|p2a: Tornadus|40/100
|-unboost|p1a: Great Tusk|def|1
|-unboost|p1a: Great Tusk|spd|1
|
|-weather|none
|upkeep
|turn|10
|
|t:|1779587591
|move|p2a: Tornadus|Hurricane|p1a: Great Tusk
|-supereffective|p1a: Great Tusk
|-damage|p1a: Great Tusk|0 fnt
|faint|p1a: Great Tusk
|-end|p1a: Great Tusk|Protosynthesis|[silent]
|
|upkeep
|
|t:|1779587596
|switch|p1a: Raging Bolt|Raging Bolt|100/100
|turn|11
|
|t:|1779587600
|switch|p2a: Iron Treads|Iron Treads|100/100
|-item|p2a: Iron Treads|Air Balloon
|move|p1a: Raging Bolt|Thunderclap||[still]
|-fail|p1a: Raging Bolt
|
|upkeep
|turn|12
|
|t:|1779587608
|move|p2a: Iron Treads|Rapid Spin|p1a: Raging Bolt
|-damage|p1a: Raging Bolt|85/100
|-boost|p2a: Iron Treads|spe|1
|move|p1a: Raging Bolt|Calm Mind|p1a: Raging Bolt
|-boost|p1a: Raging Bolt|spa|1
|-boost|p1a: Raging Bolt|spd|1
|
|upkeep
|turn|13
|
|t:|1779587615
|move|p2a: Iron Treads|Earthquake|p1a: Raging Bolt
|-supereffective|p1a: Raging Bolt
|-damage|p1a: Raging Bolt|0 fnt
|faint|p1a: Raging Bolt
|-end|p1a: Raging Bolt|Protosynthesis|[silent]
|
|upkeep
|
|t:|1779587624
|switch|p1a: Iron Moth|Iron Moth, shiny, tera:Fairy|3/100
|turn|14
|
|t:|1779587629
|move|p2a: Iron Treads|Rapid Spin|p1a: Iron Moth
|-damage|p1a: Iron Moth|0 fnt
|-boost|p2a: Iron Treads|spe|1
|faint|p1a: Iron Moth
|-end|p1a: Iron Moth|Quark Drive|[silent]
|
|upkeep
|
|t:|1779587634
|switch|p1a: Gholdengo|Gholdengo, shiny|100/100
|-item|p1a: Gholdengo|Air Balloon
|turn|15
|
|t:|1779587640
|move|p2a: Iron Treads|Ice Spinner|p1a: Gholdengo
|-resisted|p1a: Gholdengo
|-damage|p1a: Gholdengo|86/100
|-enditem|p1a: Gholdengo|Air Balloon
|move|p1a: Gholdengo|Nasty Plot|p1a: Gholdengo
|-boost|p1a: Gholdengo|spa|2
|
|upkeep
|turn|16
|c|☆Mymojosodopeboi|gg
|
|t:|1779587651
|move|p2a: Iron Treads|Earthquake|p1a: Gholdengo
|-supereffective|p1a: Gholdengo
|-damage|p1a: Gholdengo|0 fnt
|faint|p1a: Gholdengo
|
|win|SillySushi
|raw|Mymojosodopeboi's rating: 1261 &rarr; <strong>1236</strong><br />(-25 for losing)
|raw|SillySushi's rating: 1259 &rarr; <strong>1284</strong><br />(+25 for winning)
