|j|☆samoray
|j|☆vaccinalgull075
|t:|1779628685
|gametype|singles
|player|p1|samoray|supernerd|1083
|player|p2|vaccinalgull075|worker|1069
|gen|9
|tier|[Gen 9] OU
|rated|
|rule|HP Percentage Mod: HP is shown in percentages
|rule|Endless Battle Clause: Forcing endless battles is banned
|rule|Species Clause: Limit one of each Pokémon
|rule|OHKO Clause: OHKO moves are banned
|rule|Evasion Items Clause: Evasion items are banned
|rule|Evasion Moves Clause: Evasion moves are banned
|rule|Evasion Abilities Clause: Evasion abilities are banned
|rule|Sleep Moves Clause: Sleep-inducing moves are banned
|clearpoke
|poke|p1|Grimmsnarl, M|
|poke|p1|Frosmoth, M|
|poke|p1|Falinks|
|poke|p1|Corviknight, F|
|poke|p1|Dragapult, F|
|poke|p1|Inteleon, F|
|poke|p2|Slowbro-Galar, F|
|poke|p2|Hitmontop, M|
|poke|p2|Zoroark-Hisui, M|
|poke|p2|Primarina, M|
|poke|p2|Electrode-Hisui|
|poke|p2|Ursaluna, F|
|teampreview
|inactive|Battle timer is ON: inactive players will automatically lose when time's up. (requested by vaccinalgull075)
|
|t:|1779628694
|teamsize|p1|6
|teamsize|p2|6
|start
|switch|p1a: Grimmsnarl|Grimmsnarl, M|100/100
|switch|p2a: Electrode|Electrode-Hisui|100/100
|turn|1
|
|t:|1779628700
|move|p1a: Grimmsnarl|Light Screen|p1a: Grimmsnarl
|-sidestart|p1: samoray|move: Light Screen
|move|p2a: Electrode|Hyper Voice|p1a: Grimmsnarl
|-damage|p1a: Grimmsnarl|70/100
|
|upkeep
|turn|2
|
|t:|1779628706
|move|p1a: Grimmsnarl|Reflect|p1a: Grimmsnarl
|-sidestart|p1: samoray|Reflect
|move|p2a: Electrode|Hyper Voice|p1a: Grimmsnarl
|-damage|p1a: Grimmsnarl|39/100
|
|upkeep
|turn|3
|
|t:|1779628711
|move|p1a: Grimmsnarl|Taunt|p2a: Electrode
|-start|p2a: Electrode|move: Taunt
|move|p2a: Electrode|Hyper Voice|p1a: Grimmsnarl
|-damage|p1a: Grimmsnarl|4/100
|
|upkeep
|turn|4
|
|t:|1779628720
|move|p1a: Grimmsnarl|Thunder Wave|p2a: Electrode
|-status|p2a: Electrode|par
|move|p2a: Electrode|Hyper Voice|p1a: Grimmsnarl
|-damage|p1a: Grimmsnarl|0 fnt
|faint|p1a: Grimmsnarl
|
|upkeep
|
|t:|1779628730
|switch|p1a: Falinks|Falinks|100/100
|turn|5
|
|t:|1779628737
|switch|p2a: Primarina|Primarina, M|100/100
|move|p1a: Falinks|No Retreat|p1a: Falinks
|-boost|p1a: Falinks|atk|1
|-boost|p1a: Falinks|def|1
|-boost|p1a: Falinks|spa|1
|-boost|p1a: Falinks|spd|1
|-boost|p1a: Falinks|spe|1
|-start|p1a: Falinks|move: No Retreat
|
|upkeep
|turn|6
|
|t:|1779628747
|move|p1a: Falinks|Zen Headbutt|p2a: Primarina
|-damage|p2a: Primarina|63/100
|-damage|p1a: Falinks|91/100|[from] item: Life Orb
|move|p2a: Primarina|Perish Song|p2a: Primarina
|-start|p1a: Falinks|perish3|[silent]
|-start|p2a: Primarina|perish3|[silent]
|-fieldactivate|move: Perish Song
|
|-start|p1a: Falinks|perish3
|-start|p2a: Primarina|perish3
|upkeep
|turn|7
|
|t:|1779628758
|move|p1a: Falinks|Zen Headbutt|p2a: Primarina|[miss]
|-miss|p1a: Falinks|p2a: Primarina
|move|p2a: Primarina|Reflect|p2a: Primarina
|-sidestart|p2: vaccinalgull075|Reflect
|
|-start|p1a: Falinks|perish2
|-start|p2a: Primarina|perish2
|upkeep
|turn|8
|
|t:|1779628767
|move|p1a: Falinks|Zen Headbutt|p2a: Primarina
|-damage|p2a: Primarina|44/100
|-damage|p1a: Falinks|81/100|[from] item: Life Orb
|move|p2a: Primarina|Light Screen|p2a: Primarina
|-sidestart|p2: vaccinalgull075|move: Light Screen
|
|-start|p1a: Falinks|perish1
|-start|p2a: Primarina|perish1
|-sideend|p1: samoray|move: Light Screen
|upkeep
|turn|9
|
|t:|1779628778
|move|p1a: Falinks|Zen Headbutt|p2a: Primarina
|-damage|p2a: Primarina|24/100
|-damage|p1a: Falinks|71/100|[from] item: Life Orb
|cant|p2a: Primarina|flinch
|
|-start|p1a: Falinks|perish0
|-start|p2a: Primarina|perish0
|faint|p1a: Falinks
|faint|p2a: Primarina
|-sideend|p1: samoray|Reflect
|upkeep
|
|t:|1779628789
|switch|p1a: Dragapult|Dragapult, F|100/100
|switch|p2a: Slowbro|Slowbro-Galar, F|100/100
|turn|10
|
|t:|1779628798
|move|p1a: Dragapult|Dragon Darts|p2a: Slowbro
|-damage|p2a: Slowbro|68/100
|-anim|p1a: Dragapult|Dragon Darts|p2a: Slowbro
|-crit|p2a: Slowbro
|-damage|p2a: Slowbro|22/100
|-damage|p1a: Dragapult|91/100|[from] item: Life Orb
|move|p2a: Slowbro|Belly Drum||[still]
|-fail|p2a: Slowbro
|
|upkeep
|turn|11
|
|t:|1779628809
|move|p1a: Dragapult|Dragon Darts|p2a: Slowbro
|-damage|p2a: Slowbro|0 fnt
|faint|p2a: Slowbro
|-damage|p1a: Dragapult|81/100|[from] item: Life Orb
|
|upkeep
|
|t:|1779628815
|switch|p2a: Electrode|Electrode-Hisui|100/100 par
|turn|12
|
|t:|1779628819
|move|p1a: Dragapult|Dragon Darts|p2a: Electrode
|-damage|p2a: Electrode|26/100 par
|replace|p2a: Zoroark|Zoroark-Hisui, M
|-end|p2a: Zoroark|Illusion
|-anim|p1a: Dragapult|Dragon Darts|p2a: Zoroark
|-damage|p2a: Zoroark|0 fnt
|faint|p2a: Zoroark
|-damage|p1a: Dragapult|71/100|[from] item: Life Orb
|
|upkeep
|
|t:|1779628828
|switch|p2a: Ursaluna|Ursaluna, F|100/100
|turn|13
|
|t:|1779628833
|move|p2a: Ursaluna|Protect|p2a: Ursaluna
|-singleturn|p2a: Ursaluna|Protect
|move|p1a: Dragapult|Dragon Darts|p2a: Ursaluna
|-activate|p2a: Ursaluna|move: Protect
|
|-status|p2a: Ursaluna|brn|[from] item: Flame Orb
|upkeep
|turn|14
|
|t:|1779628842
|move|p1a: Dragapult|Dragon Darts|p2a: Ursaluna
|-damage|p2a: Ursaluna|76/100 brn
|-anim|p1a: Dragapult|Dragon Darts|p2a: Ursaluna
|-damage|p2a: Ursaluna|51/100 brn
|-damage|p1a: Dragapult|62/100|[from] item: Life Orb
|move|p2a: Ursaluna|Headlong Rush|p1a: Dragapult
|-damage|p1a: Dragapult|0 fnt
|-unboost|p2a: Ursaluna|def|1
|-unboost|p2a: Ursaluna|spd|1
|faint|p1a: Dragapult
|
|-damage|p2a: Ursaluna|44/100 brn|[from] brn
|-sideend|p2: vaccinalgull075|Reflect
|upkeep
|
|t:|1779628858
|switch|p1a: Corviknight|Corviknight, F|100/100
|turn|15
|
|t:|1779628862
|move|p1a: Corviknight|Iron Defense|p1a: Corviknight
|-boost|p1a: Corviknight|def|2
|move|p2a: Ursaluna|Facade|p1a: Corviknight
|-resisted|p1a: Corviknight
|-damage|p1a: Corviknight|76/100
|
|-heal|p1a: Corviknight|82/100|[from] item: Leftovers
|-damage|p2a: Ursaluna|38/100 brn|[from] brn
|-sideend|p2: vaccinalgull075|move: Light Screen
|upkeep
|turn|16
|
|t:|1779628874
|switch|p2a: Hitmontop|Hitmontop, M|100/100
|move|p1a: Corviknight|Iron Defense|p1a: Corviknight
|-boost|p1a: Corviknight|def|2
|
|-heal|p1a: Corviknight|88/100|[from] item: Leftovers
|upkeep
|turn|17
|
|t:|1779628883
|move|p2a: Hitmontop|Fake Out|p1a: Corviknight
|-resisted|p1a: Corviknight
|-damage|p1a: Corviknight|86/100
|cant|p1a: Corviknight|flinch
|
|-heal|p1a: Corviknight|92/100|[from] item: Leftovers
|upkeep
|turn|18
|
|t:|1779628892
|move|p2a: Hitmontop|Rapid Spin|p1a: Corviknight
|-resisted|p1a: Corviknight
|-damage|p1a: Corviknight|89/100
|-boost|p2a: Hitmontop|spe|1
|move|p1a: Corviknight|Iron Defense|p1a: Corviknight
|-boost|p1a: Corviknight|def|2
|
|-heal|p1a: Corviknight|95/100|[from] item: Leftovers
|upkeep
|turn|19
|
|t:|1779628902
|move|p2a: Hitmontop|Triple Axel|p1a: Corviknight
|-damage|p1a: Corviknight|93/100
|-damage|p1a: Corviknight|89/100
|-damage|p1a: Corviknight|83/100
|-hitcount|p1a: Corviknight|3
|move|p1a: Corviknight|Body Press|p2a: Hitmontop
|-damage|p2a: Hitmontop|0 fnt
|faint|p2a: Hitmontop
|
|-heal|p1a: Corviknight|89/100|[from] item: Leftovers
|upkeep
|
|t:|1779628910
|switch|p2a: Electrode|Electrode-Hisui|100/100
|turn|20
|
|t:|1779628917
|-terastallize|p1a: Corviknight|Fighting
|move|p2a: Electrode|Discharge|p1a: Corviknight
|-damage|p1a: Corviknight|68/100
|move|p1a: Corviknight|Body Press|p2a: Electrode
|-damage|p2a: Electrode|0 fnt
|-damage|p1a: Corviknight|43/100|[from] ability: Aftermath|[of] p2a: Electrode
|faint|p2a: Electrode
|
|-heal|p1a: Corviknight|49/100|[from] item: Leftovers
|upkeep
|
|t:|1779628925
|switch|p2a: Ursaluna|Ursaluna, F|38/100 brn
|turn|21
|
|t:|1779628933
|move|p1a: Corviknight|Body Press|p2a: Ursaluna
|-supereffective|p2a: Ursaluna
|-damage|p2a: Ursaluna|0 fnt
|faint|p2a: Ursaluna
|
|win|samoray
|raw|samoray's rating: 1083 &rarr; <strong>1109</strong><br />(+26 for winning)
|raw|vaccinalgull075's rating: 1069 &rarr; <strong>1049</strong><br />(-20 for losing)
|l|☆vaccinalgull075
|player|p2|
|l|☆samoray
|player|p1|
