|j|☆spidawida07
|j|☆claudechamp
|t:|1779579294
|gametype|singles
|player|p1|spidawida07|169|1422
|player|p2|claudechamp|101|1349
|gen|9
|tier|[Gen 9] OU
|rated|
|rule|HP Percentage Mod: HP is shown in percentages
|rule|Endless Battle Clause: Forcing endless battles is banned
|rule|Species Clause: Limit one of each Pokémon
|rule|OHKO Clause: OHKO moves are banned
|rule|Evasion Items Clause: Evasion items are banned
|rule|Evasion Moves Clause: Evasion moves are banned
|rule|Evasion Abilities Clause: Evasion abilities are banned
|rule|Sleep Moves Clause: Sleep-inducing moves are banned
|clearpoke
|poke|p1|Ting-Lu|
|poke|p1|Cinderace, M|
|poke|p1|Hatterene, F|
|poke|p1|Ogerpon-Wellspring, F|
|poke|p1|Tornadus-Therian, M|
|poke|p1|Kyurem|
|poke|p2|Gliscor, M|
|poke|p2|Ogerpon, F|
|poke|p2|Walking Wake|
|poke|p2|Blissey, F|
|poke|p2|Corviknight, F|
|poke|p2|Pecharunt|
|teampreview
|c|☆claudechamp|hf
|inactive|Battle timer is ON: inactive players will automatically lose when time's up. (requested by claudechamp)
|
|t:|1779579324
|teamsize|p1|6
|teamsize|p2|6
|start
|switch|p1a: Ogerpon|Ogerpon-Wellspring, F|100/100
|switch|p2a: Gliscor|Gliscor, M|100/100
|turn|1
|
|t:|1779579334
|move|p1a: Ogerpon|Swords Dance|p1a: Ogerpon
|-boost|p1a: Ogerpon|atk|2
|move|p2a: Gliscor|Spikes|p1a: Ogerpon
|-sidestart|p1: spidawida07|Spikes
|
|-status|p2a: Gliscor|tox|[from] item: Toxic Orb
|upkeep
|turn|2
|
|t:|1779579341
|move|p1a: Ogerpon|Ivy Cudgel|p2a: Gliscor|[anim] Ivy Cudgel Water
|-supereffective|p2a: Gliscor
|-damage|p2a: Gliscor|0 fnt
|faint|p2a: Gliscor
|
|upkeep
|
|t:|1779579345
|switch|p2a: Pecharunt|Pecharunt|100/100
|turn|3
|
|t:|1779579355
|-terastallize|p1a: Ogerpon|Water
|detailschange|p1a: Ogerpon|Ogerpon-Wellspring-Tera, F, tera:Water
|-ability|p1a: Ogerpon|Embody Aspect (Wellspring)|boost
|-boost|p1a: Ogerpon|spd|1
|-terastallize|p2a: Pecharunt|Dark
|move|p1a: Ogerpon|Ivy Cudgel|p2a: Pecharunt|[anim] Ivy Cudgel Water
|-damage|p2a: Pecharunt|26/100
|move|p2a: Pecharunt|Foul Play|p1a: Ogerpon
|-damage|p1a: Ogerpon|0 fnt
|faint|p1a: Ogerpon
|detailschange|p1: Ogerpon|Ogerpon-Wellspring, F|[silent]
|
|upkeep
|
|t:|1779579373
|switch|p1a: Cinderace|Cinderace, M|100/100
|-damage|p1a: Cinderace|88/100|[from] Spikes
|turn|4
|
|t:|1779579376
|move|p1a: Cinderace|U-turn|p2a: Pecharunt
|-supereffective|p2a: Pecharunt
|-damage|p2a: Pecharunt|6/100
|
|t:|1779579388
|switch|p1a: Kyurem|Kyurem, shiny|100/100|[from] U-turn
|-damage|p1a: Kyurem|88/100|[from] Spikes
|-ability|p1a: Kyurem|Pressure
|move|p2a: Pecharunt|Recover|p2a: Pecharunt
|-heal|p2a: Pecharunt|56/100
|
|upkeep
|turn|5
|
|t:|1779579397
|switch|p2a: Blissey|Blissey, F|100/100
|move|p1a: Kyurem|Draco Meteor|p2a: Blissey
|-damage|p2a: Blissey|79/100
|-unboost|p1a: Kyurem|spa|2
|
|upkeep
|turn|6
|
|t:|1779579405
|switch|p1a: Hatterene|Hatterene, F|100/100
|-damage|p1a: Hatterene|88/100|[from] Spikes
|move|p2a: Blissey|Stealth Rock|p1a: Hatterene
|move|p1a: Hatterene|Stealth Rock|p2a: Blissey|[from] ability: Magic Bounce
|-sidestart|p2: claudechamp|move: Stealth Rock
|
|upkeep
|turn|7
|
|t:|1779579416
|move|p2a: Blissey|Soft-Boiled|p2a: Blissey
|-heal|p2a: Blissey|100/100
|move|p1a: Hatterene|Nuzzle|p2a: Blissey
|-damage|p2a: Blissey|96/100
|-status|p2a: Blissey|par
|
|upkeep
|turn|8
|
|t:|1779579422
|move|p1a: Hatterene|Psychic Noise|p2a: Blissey
|-damage|p2a: Blissey|86/100 par
|-start|p2a: Blissey|move: Heal Block
|cant|p2a: Blissey|par
|
|upkeep
|turn|9
|
|t:|1779579438
|switch|p1a: Cinderace|Cinderace, M|88/100
|-damage|p1a: Cinderace|76/100|[from] Spikes
|move|p2a: Blissey|Seismic Toss|p1a: Cinderace
|-damage|p1a: Cinderace|43/100
|
|-end|p2a: Blissey|move: Heal Block
|upkeep
|turn|10
|
|t:|1779579450
|move|p1a: Cinderace|High Jump Kick|p2a: Blissey
|-supereffective|p2a: Blissey
|-damage|p2a: Blissey|0 fnt
|faint|p2a: Blissey
|
|upkeep
|
|t:|1779579465
|switch|p2a: Corviknight|Corviknight, F|100/100
|-ability|p2a: Corviknight|Pressure
|turn|11
|
|t:|1779579481
|move|p1a: Cinderace|U-turn|p2a: Corviknight
|-resisted|p2a: Corviknight
|-damage|p2a: Corviknight|97/100
|
|t:|1779579484
|switch|p1a: Tornadus|Tornadus-Therian, M|100/100|[from] U-turn
|move|p2a: Corviknight|Body Press|p1a: Tornadus
|-resisted|p1a: Tornadus
|-damage|p1a: Tornadus|82/100
|
|upkeep
|turn|12
|
|t:|1779579495
|move|p1a: Tornadus|Nasty Plot|p1a: Tornadus
|-boost|p1a: Tornadus|spa|2
|move|p2a: Corviknight|U-turn|p1a: Tornadus
|-resisted|p1a: Tornadus
|-damage|p1a: Tornadus|73/100
|
|t:|1779579498
|switch|p2a: Pecharunt|Pecharunt, tera:Dark|56/100|[from] U-turn
|
|upkeep
|turn|13
|
|t:|1779579514
|move|p1a: Tornadus|Bleakwind Storm|p2a: Pecharunt
|-damage|p2a: Pecharunt|0 fnt
|faint|p2a: Pecharunt
|-damage|p1a: Tornadus|63/100|[from] item: Life Orb
|
|upkeep
|
|t:|1779579516
|switch|p2a: Corviknight|Corviknight, F|97/100
|-ability|p2a: Corviknight|Pressure
|turn|14
|
|t:|1779579520
|move|p1a: Tornadus|Heat Wave|p2a: Corviknight
|-supereffective|p2a: Corviknight
|-damage|p2a: Corviknight|0 fnt
|faint|p2a: Corviknight
|-damage|p1a: Tornadus|53/100|[from] item: Life Orb
|
|upkeep
|
|t:|1779579533
|switch|p2a: Walking Wake|Walking Wake|100/100
|turn|15
|
|t:|1779579541
|move|p1a: Tornadus|Bleakwind Storm|p2a: Walking Wake
|-damage|p2a: Walking Wake|0 fnt
|faint|p2a: Walking Wake
|-end|p2a: Walking Wake|Protosynthesis|[silent]
|-damage|p1a: Tornadus|44/100|[from] item: Life Orb
|
|upkeep
|
|t:|1779579552
|switch|p2a: Ogerpon|Ogerpon, F|100/100
|turn|16
|
|t:|1779579564
|move|p1a: Tornadus|Heat Wave|p2a: Ogerpon
|-supereffective|p2a: Ogerpon
|-damage|p2a: Ogerpon|0 fnt
|faint|p2a: Ogerpon
|-damage|p1a: Tornadus|34/100|[from] item: Life Orb
|
|win|spidawida07
|raw|spidawida07's rating: 1422 &rarr; <strong>1438</strong><br />(+16 for winning)
|raw|claudechamp's rating: 1349 &rarr; <strong>1333</strong><br />(-16 for losing)
|c|☆claudechamp|gg
|l|☆spidawida07
|player|p1|
