|j|☆Alakazam darnold
|j|☆I Stay Untouched
|t:|1779595454
|gametype|singles
|player|p1|Alakazam darnold|musician|1383
|player|p2|I Stay Untouched|cynthia-gen4|1370
|gen|9
|tier|[Gen 9] OU
|rated|
|rule|HP Percentage Mod: HP is shown in percentages
|rule|Endless Battle Clause: Forcing endless battles is banned
|rule|Species Clause: Limit one of each Pokémon
|rule|OHKO Clause: OHKO moves are banned
|rule|Evasion Items Clause: Evasion items are banned
|rule|Evasion Moves Clause: Evasion moves are banned
|rule|Evasion Abilities Clause: Evasion abilities are banned
|rule|Sleep Moves Clause: Sleep-inducing moves are banned
|clearpoke
|poke|p1|Tinkaton, F|
|poke|p1|Grafaiai, M|
|poke|p1|Skeledirge, F|
|poke|p1|Alomomola, M|
|poke|p1|Tornadus-Therian, M|
|poke|p1|Great Tusk|
|poke|p2|Tyranitar, M|
|poke|p2|Excadrill, F|
|poke|p2|Enamorus, F|
|poke|p2|Araquanid, M|
|poke|p2|Gholdengo|
|poke|p2|Glimmora, M|
|teampreview
|
|t:|1779595466
|teamsize|p1|6
|teamsize|p2|6
|start
|switch|p1a: Tinkaton|Tinkaton, F|100/100
|switch|p2a: Tyranitar|Tyranitar, M|100/100
|-item|p1a: Tinkaton|Air Balloon
|-weather|Sandstorm|[from] ability: Sand Stream|[of] p2a: Tyranitar
|turn|1
|
|t:|1779595470
|move|p1a: Tinkaton|Gigaton Hammer|p2a: Tyranitar
|-supereffective|p2a: Tyranitar
|-damage|p2a: Tyranitar|21/100
|move|p2a: Tyranitar|Low Kick|p1a: Tinkaton
|-damage|p1a: Tinkaton|43/100
|-enditem|p1a: Tinkaton|Air Balloon
|-enditem|p2a: Tyranitar|Life Orb|[silent]|[from] ability: Pickpocket|[of] p2a: Tyranitar
|-item|p1a: Tinkaton|Life Orb|[from] ability: Pickpocket|[of] p2a: Tyranitar
|
|-weather|Sandstorm|[upkeep]
|upkeep
|turn|2
|
|t:|1779595479
|switch|p2a: Excadrill|Excadrill, F|100/100
|move|p1a: Tinkaton|Stealth Rock|p2a: Excadrill
|-sidestart|p2: I Stay Untouched|move: Stealth Rock
|
|-weather|Sandstorm|[upkeep]
|upkeep
|turn|3
|
|t:|1779595493
|switch|p1a: Alomomola|Alomomola, M|100/100
|move|p2a: Excadrill|Iron Head|p1a: Alomomola
|-resisted|p1a: Alomomola
|-damage|p1a: Alomomola|72/100
|
|-weather|Sandstorm|[upkeep]
|-damage|p1a: Alomomola|66/100|[from] Sandstorm
|upkeep
|turn|4
|
|t:|1779595502
|switch|p2a: Araquanid|Araquanid, M|100/100
|-damage|p2a: Araquanid|75/100|[from] Stealth Rock
|move|p1a: Alomomola|Scald|p2a: Araquanid
|-resisted|p2a: Araquanid
|-damage|p2a: Araquanid|70/100
|
|-weather|Sandstorm|[upkeep]
|-damage|p1a: Alomomola|59/100|[from] Sandstorm
|-damage|p2a: Araquanid|64/100|[from] Sandstorm
|upkeep
|turn|5
|
|t:|1779595507
|move|p1a: Alomomola|Flip Turn|p2a: Araquanid
|-resisted|p2a: Araquanid
|-damage|p2a: Araquanid|55/100
|-damage|p1a: Alomomola|43/100|[from] item: Rocky Helmet|[of] p2a: Araquanid
|
|t:|1779595514
|switch|p1a: Grafaiai|Grafaiai, M|100/100|[from] Flip Turn
|move|p2a: Araquanid|Sticky Web|p1a: Grafaiai
|-sidestart|p1: Alakazam darnold|move: Sticky Web
|
|-weather|none
|upkeep
|turn|6
|
|t:|1779595528
|switch|p2a: Glimmora|Glimmora, M|100/100
|-damage|p2a: Glimmora|88/100|[from] Stealth Rock
|move|p1a: Grafaiai|Swagger|p2a: Glimmora
|-boost|p2a: Glimmora|atk|2
|-start|p2a: Glimmora|confusion
|-enditem|p1a: Grafaiai|Mirror Herb
|-boost|p1a: Grafaiai|atk|2|[from] item: Mirror Herb
|
|upkeep
|turn|7
|
|t:|1779595545
|move|p1a: Grafaiai|Knock Off|p2a: Glimmora
|-damage|p2a: Glimmora|42/100
|-damage|p1a: Grafaiai|84/100|[from] item: Rocky Helmet|[of] p2a: Glimmora
|-activate|p2a: Glimmora|ability: Toxic Debris
|-sidestart|p1: Alakazam darnold|move: Toxic Spikes
|-enditem|p2a: Glimmora|Rocky Helmet|[from] move: Knock Off|[of] p1a: Grafaiai
|-activate|p2a: Glimmora|confusion
|-damage|p2a: Glimmora|35/100|[from] confusion
|
|upkeep
|turn|8
|
|t:|1779595557
|move|p1a: Grafaiai|Low Kick|p2a: Glimmora
|-damage|p2a: Glimmora|9/100
|-activate|p2a: Glimmora|ability: Toxic Debris
|-sidestart|p1: Alakazam darnold|move: Toxic Spikes
|-activate|p2a: Glimmora|confusion
|move|p2a: Glimmora|Earth Power|p1a: Grafaiai
|-supereffective|p1a: Grafaiai
|-damage|p1a: Grafaiai|0 fnt
|faint|p1a: Grafaiai
|
|upkeep
|
|t:|1779595567
|switch|p1a: Great Tusk|Great Tusk|100/100
|-activate|p1a: Great Tusk|move: Sticky Web
|-unboost|p1a: Great Tusk|spe|1
|-status|p1a: Great Tusk|tox
|-enditem|p1a: Great Tusk|Booster Energy
|-activate|p1a: Great Tusk|ability: Protosynthesis|[fromitem]
|-start|p1a: Great Tusk|protosynthesisdef
|turn|9
|
|t:|1779595574
|-terastallize|p2a: Glimmora|Ghost
|-activate|p2a: Glimmora|confusion
|move|p2a: Glimmora|Earth Power|p1a: Great Tusk
|-damage|p1a: Great Tusk|67/100 tox
|move|p1a: Great Tusk|Rapid Spin|p2a: Glimmora
|-immune|p2a: Glimmora
|
|-damage|p1a: Great Tusk|61/100 tox|[from] psn
|upkeep
|turn|10
|
|t:|1779595581
|-end|p2a: Glimmora|confusion
|move|p2a: Glimmora|Earth Power|p1a: Great Tusk
|-damage|p1a: Great Tusk|29/100 tox
|move|p1a: Great Tusk|Earthquake|p2a: Glimmora
|-damage|p2a: Glimmora|0 fnt
|faint|p2a: Glimmora
|
|-damage|p1a: Great Tusk|16/100 tox|[from] psn
|upkeep
|
|t:|1779595590
|switch|p2a: Gholdengo|Gholdengo|100/100
|-damage|p2a: Gholdengo|94/100|[from] Stealth Rock
|-item|p2a: Gholdengo|Air Balloon
|turn|11
|
|t:|1779595597
|move|p2a: Gholdengo|Nasty Plot|p2a: Gholdengo
|-boost|p2a: Gholdengo|spa|2
|move|p1a: Great Tusk|Ice Spinner|p2a: Gholdengo
|-resisted|p2a: Gholdengo
|-damage|p2a: Gholdengo|81/100
|-enditem|p2a: Gholdengo|Air Balloon
|
|-damage|p1a: Great Tusk|0 fnt|[from] psn
|faint|p1a: Great Tusk
|-end|p1a: Great Tusk|Protosynthesis|[silent]
|upkeep
|
|t:|1779595602
|switch|p1a: Skeledirge|Skeledirge, F|100/100
|turn|12
|
|t:|1779595609
|-terastallize|p1a: Skeledirge|Fairy
|move|p2a: Gholdengo|Shadow Ball|p1a: Skeledirge
|-damage|p1a: Skeledirge|54/100
|move|p1a: Skeledirge|Torch Song|p2a: Gholdengo
|-supereffective|p2a: Gholdengo
|-damage|p2a: Gholdengo|8/100
|-boost|p1a: Skeledirge|spa|1
|
|upkeep
|turn|13
|
|t:|1779595618
|switch|p1a: Alomomola|Alomomola, M|76/100
|-activate|p1a: Alomomola|move: Sticky Web
|-unboost|p1a: Alomomola|spe|1
|-status|p1a: Alomomola|tox
|move|p2a: Gholdengo|Make It Rain|p1a: Alomomola
|-resisted|p1a: Alomomola
|-damage|p1a: Alomomola|46/100 tox
|-unboost|p2a: Gholdengo|spa|1
|
|-damage|p1a: Alomomola|40/100 tox|[from] psn
|upkeep
|turn|14
|
|t:|1779595622
|move|p2a: Gholdengo|Shadow Ball|p1a: Alomomola
|-damage|p1a: Alomomola|10/100 tox
|move|p1a: Alomomola|Flip Turn|p2a: Gholdengo
|-damage|p2a: Gholdengo|0 fnt
|faint|p2a: Gholdengo
|
|t:|1779595625
|switch|p1a: Tornadus|Tornadus-Therian, M|100/100|[from] Flip Turn
|
|upkeep
|
|t:|1779595628
|switch|p2a: Tyranitar|Tyranitar, M|21/100
|-damage|p2a: Tyranitar|8/100|[from] Stealth Rock
|-weather|Sandstorm|[from] ability: Sand Stream|[of] p2a: Tyranitar
|turn|15
|
|t:|1779595631
|move|p1a: Tornadus|U-turn|p2a: Tyranitar
|-supereffective|p2a: Tyranitar
|-damage|p2a: Tyranitar|0 fnt
|faint|p2a: Tyranitar
|inactive|Battle timer is ON: inactive players will automatically lose when time's up. (requested by I Stay Untouched)
|
|t:|1779595636
|switch|p1a: Skeledirge|Skeledirge, F, tera:Fairy|54/100|[from] U-turn
|
|-weather|Sandstorm|[upkeep]
|-damage|p1a: Skeledirge|48/100|[from] Sandstorm
|upkeep
|
|t:|1779595641
|switch|p2a: Excadrill|Excadrill, F|100/100
|-damage|p2a: Excadrill|97/100|[from] Stealth Rock
|turn|16
|
|t:|1779595647
|move|p2a: Excadrill|Iron Head|p1a: Skeledirge
|-supereffective|p1a: Skeledirge
|-damage|p1a: Skeledirge|0 fnt
|faint|p1a: Skeledirge
|
|-weather|Sandstorm|[upkeep]
|upkeep
|
|t:|1779595651
|switch|p1a: Tornadus|Tornadus-Therian, M|100/100
|turn|17
|
|t:|1779595655
|move|p2a: Excadrill|Iron Head|p1a: Tornadus
|-damage|p1a: Tornadus|7/100
|cant|p1a: Tornadus|flinch
|
|-weather|Sandstorm|[upkeep]
|-damage|p1a: Tornadus|1/100|[from] Sandstorm
|upkeep
|turn|18
|-message|Alakazam darnold forfeited.
|
|win|I Stay Untouched
|raw|Alakazam darnold's rating: 1383 &rarr; <strong>1362</strong><br />(-21 for losing)
|raw|I Stay Untouched's rating: 1370 &rarr; <strong>1391</strong><br />(+21 for winning)
|l|☆Alakazam darnold
|player|p1|
|l|☆I Stay Untouched
|player|p2|
