|j|☆zdravkobobi10956
|j|☆adamecek
|t:|1779624388
|gametype|singles
|player|p1|zdravkobobi10956|benga|1087
|player|p2|adamecek|101|1150
|gen|9
|tier|[Gen 9] OU
|rated|
|rule|HP Percentage Mod: HP is shown in percentages
|rule|Endless Battle Clause: Forcing endless battles is banned
|rule|Species Clause: Limit one of each Pokémon
|rule|OHKO Clause: OHKO moves are banned
|rule|Evasion Items Clause: Evasion items are banned
|rule|Evasion Moves Clause: Evasion moves are banned
|rule|Evasion Abilities Clause: Evasion abilities are banned
|rule|Sleep Moves Clause: Sleep-inducing moves are banned
|clearpoke
|poke|p1|Dragapult, M|
|poke|p1|Basculegion, M|
|poke|p1|Decidueye, M|
|poke|p1|Mimikyu, M|
|poke|p1|Ceruledge, M|
|poke|p1|Zoroark-Hisui, M|
|poke|p2|Greninja-*, M|
|poke|p2|Clefable, F|
|poke|p2|Armarouge, F|
|poke|p2|Raging Bolt|
|poke|p2|Lokix, F|
|poke|p2|Iron Treads|
|teampreview
|
|t:|1779624395
|teamsize|p1|6
|teamsize|p2|6
|start
|switch|p1a: Ceruledge|Ceruledge, M|100/100
|switch|p2a: Clefable|Clefable, F|100/100
|turn|1
|
|t:|1779624403
|move|p1a: Ceruledge|Swords Dance|p1a: Ceruledge
|-boost|p1a: Ceruledge|atk|2
|move|p2a: Clefable|Reflect|p2a: Clefable
|-sidestart|p2: adamecek|Reflect
|
|-status|p1a: Ceruledge|tox|[from] item: Toxic Orb
|upkeep
|turn|2
|
|t:|1779624412
|move|p1a: Ceruledge|Facade|p2a: Clefable
|-damage|p2a: Clefable|68/100
|-damage|p1a: Ceruledge|84/100 tox|[from] item: Rocky Helmet|[of] p2a: Clefable
|move|p2a: Clefable|Stealth Rock|p1a: Ceruledge
|-sidestart|p1: zdravkobobi10956|move: Stealth Rock
|
|-damage|p1a: Ceruledge|78/100 tox|[from] psn
|upkeep
|turn|3
|
|t:|1779624419
|move|p1a: Ceruledge|Swords Dance|p1a: Ceruledge
|-boost|p1a: Ceruledge|atk|2
|move|p2a: Clefable|Draining Kiss|p1a: Ceruledge
|-damage|p1a: Ceruledge|46/100 tox
|-heal|p2a: Clefable|83/100|[from] drain|[of] p1a: Ceruledge
|replace|p1a: Zoroark|Zoroark-Hisui, M, shiny
|-end|p1a: Zoroark|Illusion
|
|-damage|p1a: Zoroark|34/100 tox|[from] psn
|upkeep
|turn|4
|
|t:|1779624428
|-terastallize|p1a: Zoroark|Normal
|move|p1a: Zoroark|Facade|p2a: Clefable
|-damage|p2a: Clefable|34/100
|-damage|p1a: Zoroark|17/100 tox|[from] item: Rocky Helmet|[of] p2a: Clefable
|move|p2a: Clefable|Draining Kiss|p1a: Zoroark
|-damage|p1a: Zoroark|0 fnt
|-heal|p2a: Clefable|42/100|[from] drain|[of] p1a: Zoroark
|faint|p1a: Zoroark
|
|upkeep
|
|t:|1779624439
|switch|p1a: Mimikyu|Mimikyu, M, shiny|100/100
|-damage|p1a: Mimikyu|88/100|[from] Stealth Rock
|turn|5
|
|t:|1779624444
|move|p1a: Mimikyu|Swords Dance|p1a: Mimikyu
|-boost|p1a: Mimikyu|atk|2
|move|p2a: Clefable|Thunder Wave|p1a: Mimikyu
|-status|p1a: Mimikyu|par
|
|-sideend|p2: adamecek|Reflect
|upkeep
|turn|6
|
|t:|1779624451
|move|p2a: Clefable|Reflect|p2a: Clefable
|-sidestart|p2: adamecek|Reflect
|move|p1a: Mimikyu|Swords Dance|p1a: Mimikyu
|-boost|p1a: Mimikyu|atk|2
|
|upkeep
|turn|7
|
|t:|1779624455
|move|p2a: Clefable|Draining Kiss|p1a: Mimikyu
|-activate|p1a: Mimikyu|ability: Disguise
|-damage|p1a: Mimikyu|88/100 par
|detailschange|p1a: Mimikyu|Mimikyu-Busted, M, shiny
|-damage|p1a: Mimikyu|76/100 par|[from] pokemon: Mimikyu-Busted
|-enditem|p1a: Mimikyu|Red Card|[of] p2a: Clefable
|drag|p2a: Raging Bolt|Raging Bolt|100/100
|move|p1a: Mimikyu|Swords Dance|p1a: Mimikyu
|-boost|p1a: Mimikyu|atk|2
|
|upkeep
|turn|8
|
|t:|1779624469
|-end|p2a: Raging Bolt|Protosynthesis|[silent]
|switch|p2a: Iron Treads|Iron Treads|100/100
|-enditem|p2a: Iron Treads|Booster Energy
|-activate|p2a: Iron Treads|ability: Quark Drive|[fromitem]
|-start|p2a: Iron Treads|quarkdrivespe
|cant|p1a: Mimikyu|par
|
|upkeep
|turn|9
|
|t:|1779624476
|move|p2a: Iron Treads|Iron Head|p1a: Mimikyu
|-supereffective|p1a: Mimikyu
|-damage|p1a: Mimikyu|0 fnt
|faint|p1a: Mimikyu
|
|upkeep
|
|t:|1779624481
|switch|p1a: Ceruledge|Ceruledge, M|100/100
|-damage|p1a: Ceruledge|76/100|[from] Stealth Rock
|turn|10
|
|t:|1779624489
|-end|p2a: Iron Treads|Quark Drive|[silent]
|switch|p2a: Clefable|Clefable, F|42/100
|move|p1a: Ceruledge|Close Combat|p2a: Clefable
|-resisted|p2a: Clefable
|-damage|p2a: Clefable|26/100
|-unboost|p1a: Ceruledge|def|1
|-unboost|p1a: Ceruledge|spd|1
|-damage|p1a: Ceruledge|59/100|[from] item: Rocky Helmet|[of] p2a: Clefable
|-damage|p1a: Ceruledge|49/100|[from] item: Life Orb
|
|-sideend|p2: adamecek|Reflect
|upkeep
|turn|11
|
|t:|1779624500
|move|p1a: Ceruledge|Bitter Blade|p2a: Clefable
|-damage|p2a: Clefable|0 fnt
|-heal|p1a: Ceruledge|66/100|[from] drain|[of] p2a: Clefable
|-damage|p1a: Ceruledge|50/100|[from] item: Rocky Helmet|[of] p2a: Clefable
|faint|p2a: Clefable
|-damage|p1a: Ceruledge|40/100|[from] item: Life Orb
|
|upkeep
|
|t:|1779624508
|switch|p2a: Lokix|Lokix, F|100/100
|turn|12
|
|t:|1779624512
|move|p2a: Lokix|First Impression|p1a: Ceruledge
|-resisted|p1a: Ceruledge
|-damage|p1a: Ceruledge|0 fnt
|faint|p1a: Ceruledge
|
|upkeep
|
|t:|1779624517
|switch|p1a: Basculegion|Basculegion, M|100/100
|-damage|p1a: Basculegion|88/100|[from] Stealth Rock
|turn|13
|
|t:|1779624523
|move|p2a: Lokix|Lunge|p1a: Basculegion
|-resisted|p1a: Basculegion
|-damage|p1a: Basculegion|42/100
|-unboost|p1a: Basculegion|atk|1
|move|p1a: Basculegion|Liquidation|p2a: Lokix
|-damage|p2a: Lokix|15/100
|-enditem|p2a: Lokix|Salac Berry|[eat]
|-boost|p2a: Lokix|spe|1|[from] item: Salac Berry
|
|upkeep
|turn|14
|
|t:|1779624532
|move|p2a: Lokix|Knock Off|p1a: Basculegion
|-supereffective|p1a: Basculegion
|-damage|p1a: Basculegion|0 fnt
|-enditem|p1a: Basculegion|Choice Band|[from] move: Knock Off|[of] p2a: Lokix
|faint|p1a: Basculegion
|
|upkeep
|
|t:|1779624534
|switch|p1a: Decidueye|Decidueye, M|100/100
|-damage|p1a: Decidueye|88/100|[from] Stealth Rock
|turn|15
|
|t:|1779624540
|move|p2a: Lokix|Lunge|p1a: Decidueye
|-damage|p1a: Decidueye|39/100
|-unboost|p1a: Decidueye|atk|1
|move|p1a: Decidueye|Spirit Shackle|p2a: Lokix
|-resisted|p2a: Lokix
|-damage|p2a: Lokix|0 fnt
|faint|p2a: Lokix
|
|upkeep
|
|t:|1779624551
|switch|p2a: Greninja|Greninja, M|100/100
|turn|16
|
|t:|1779624556
|move|p2a: Greninja|Ice Beam|p1a: Decidueye
|-supereffective|p1a: Decidueye
|-damage|p1a: Decidueye|0 fnt
|faint|p1a: Decidueye
|-ability|p2a: Greninja|Battle Bond|boost
|-boost|p2a: Greninja|atk|1
|-boost|p2a: Greninja|spa|1
|-boost|p2a: Greninja|spe|1
|-activate|p2a: Greninja|ability: Battle Bond
|
|upkeep
|
|t:|1779624558
|switch|p1a: Dragapult|Dragapult, M|100/100
|-damage|p1a: Dragapult|88/100|[from] Stealth Rock
|turn|17
|
|t:|1779624566
|move|p2a: Greninja|Ice Beam|p1a: Dragapult
|-supereffective|p1a: Dragapult
|-damage|p1a: Dragapult|0 fnt
|-start|p2a: Greninja|Disable|Ice Beam|[from] ability: Cursed Body|[of] p1a: Dragapult
|faint|p1a: Dragapult
|
|win|adamecek
|raw|zdravkobobi10956's rating: 1087 &rarr; <strong>1068</strong><br />(-19 for losing)
|raw|adamecek's rating: 1150 &rarr; <strong>1171</strong><br />(+21 for winning)
|l|☆zdravkobobi10956
|player|p1|
|l|☆adamecek
|player|p2|
