|j|☆Mky27
|j|☆kuraiyagare
|t:|1779558033
|gametype|singles
|player|p1|Mky27|ltsurge|1487
|player|p2|kuraiyagare|pokemonranger-gen4|1514
|gen|9
|tier|[Gen 9] OU
|rated|
|rule|HP Percentage Mod: HP is shown in percentages
|rule|Endless Battle Clause: Forcing endless battles is banned
|rule|Species Clause: Limit one of each Pokémon
|rule|OHKO Clause: OHKO moves are banned
|rule|Evasion Items Clause: Evasion items are banned
|rule|Evasion Moves Clause: Evasion moves are banned
|rule|Evasion Abilities Clause: Evasion abilities are banned
|rule|Sleep Moves Clause: Sleep-inducing moves are banned
|clearpoke
|poke|p1|Comfey, F|
|poke|p1|Walking Wake|
|poke|p1|Great Tusk|
|poke|p1|Torkoal, F|
|poke|p1|Arboliva, M|
|poke|p1|Ogerpon-Cornerstone, F|
|poke|p2|Breloom, F|
|poke|p2|Gardevoir, F|
|poke|p2|Talonflame, M|
|poke|p2|Magnezone|
|poke|p2|Drifblim, F|
|poke|p2|Gallade, M|
|teampreview
|inactive|Battle timer is ON: inactive players will automatically lose when time's up. (requested by Mky27)
|inactive|kuraiyagare has 120 seconds left.
|inactive|kuraiyagare has 90 seconds left.
|inactive|kuraiyagare has 60 seconds left.
|
|t:|1779558130
|teamsize|p1|6
|teamsize|p2|6
|start
|switch|p1a: Ogerpon|Ogerpon-Cornerstone, F|100/100
|switch|p2a: Drastenie|Breloom, F|100/100
|turn|1
|
|t:|1779558137
|move|p2a: Drastenie|Mach Punch|p1a: Ogerpon
|-supereffective|p1a: Ogerpon
|-damage|p1a: Ogerpon|10/100
|move|p1a: Ogerpon|Ivy Cudgel|p2a: Drastenie|[anim] Ivy Cudgel Rock
|-resisted|p2a: Drastenie
|-damage|p2a: Drastenie|57/100
|
|upkeep
|turn|2
|
|t:|1779558146
|switch|p1a: Torkolita|Torkoal, F, shiny|100/100
|-weather|SunnyDay|[from] ability: Drought|[of] p1a: Torkolita
|move|p2a: Drastenie|Bulldoze|p1a: Torkolita
|-supereffective|p1a: Torkolita
|-damage|p1a: Torkolita|64/100
|-unboost|p1a: Torkolita|spe|1
|
|-weather|SunnyDay|[upkeep]
|upkeep
|turn|3
|
|t:|1779558158
|move|p2a: Drastenie|Bulldoze|p1a: Torkolita
|-supereffective|p1a: Torkolita
|-damage|p1a: Torkolita|27/100
|-unboost|p1a: Torkolita|spe|1
|move|p1a: Torkolita|Stealth Rock|p2a: Drastenie
|-sidestart|p2: kuraiyagare|move: Stealth Rock
|
|-weather|SunnyDay|[upkeep]
|upkeep
|turn|4
|
|t:|1779558170
|switch|p1a: Great Tusk|Great Tusk, shiny|100/100
|-activate|p1a: Great Tusk|ability: Protosynthesis
|-start|p1a: Great Tusk|protosynthesisspe
|move|p2a: Drastenie|Bulldoze|p1a: Great Tusk
|-damage|p1a: Great Tusk|79/100
|-unboost|p1a: Great Tusk|spe|1
|
|-weather|SunnyDay|[upkeep]
|-heal|p1a: Great Tusk|85/100|[from] item: Leftovers
|upkeep
|turn|5
|
|t:|1779558181
|move|p1a: Great Tusk|Ice Spinner|p2a: Drastenie
|-supereffective|p2a: Drastenie
|-damage|p2a: Drastenie|0 fnt
|faint|p2a: Drastenie
|
|-weather|SunnyDay|[upkeep]
|-heal|p1a: Great Tusk|91/100|[from] item: Leftovers
|upkeep
|
|t:|1779558186
|switch|p2a: Vatra|Talonflame, M|100/100
|turn|6
|
|t:|1779558198
|-end|p1a: Great Tusk|Protosynthesis|[silent]
|switch|p1a: Walking Wake|Walking Wake|100/100
|-activate|p1a: Walking Wake|ability: Protosynthesis
|-start|p1a: Walking Wake|protosynthesisspe
|move|p2a: Vatra|Defog|p1a: Walking Wake
|-unboost|p1a: Walking Wake|evasion|1
|-sideend|p2: kuraiyagare|Stealth Rock|[from] move: Defog|[of] p2a: Vatra
|
|-weather|SunnyDay|[upkeep]
|upkeep
|turn|7
|
|t:|1779558211
|move|p2a: Vatra|Brave Bird|p1a: Walking Wake
|-damage|p1a: Walking Wake|55/100
|-damage|p2a: Vatra|84/100|[from] Recoil
|move|p1a: Walking Wake|Hydro Steam|p2a: Vatra
|-supereffective|p2a: Vatra
|-damage|p2a: Vatra|0 fnt
|faint|p2a: Vatra
|
|-weather|SunnyDay|[upkeep]
|upkeep
|
|t:|1779558213
|switch|p2a: Gardenia|Gardevoir, F|100/100
|turn|8
|
|t:|1779558225
|move|p1a: Walking Wake|Hydro Steam|p2a: Gardenia
|-damage|p2a: Gardenia|17/100
|move|p2a: Gardenia|Moonblast|p1a: Walking Wake
|-supereffective|p1a: Walking Wake
|-damage|p1a: Walking Wake|0 fnt
|faint|p1a: Walking Wake
|-end|p1a: Walking Wake|Protosynthesis|[silent]
|
|-weather|SunnyDay|[upkeep]
|upkeep
|
|t:|1779558246
|switch|p1a: Great Tusk|Great Tusk, shiny|91/100
|-activate|p1a: Great Tusk|ability: Protosynthesis
|-start|p1a: Great Tusk|protosynthesisspe
|turn|9
|
|t:|1779558251
|move|p1a: Great Tusk|Ice Spinner|p2a: Gardenia
|-damage|p2a: Gardenia|0 fnt
|faint|p2a: Gardenia
|
|-weather|none
|-end|p1a: Great Tusk|Protosynthesis
|-heal|p1a: Great Tusk|98/100|[from] item: Leftovers
|upkeep
|
|t:|1779558254
|switch|p2a: drifflim|Drifblim, F|100/100
|turn|10
|
|t:|1779558261
|-end|p1a: Great Tusk|Protosynthesis|[silent]
|switch|p1a: Torkolita|Torkoal, F, shiny|27/100
|-weather|SunnyDay|[from] ability: Drought|[of] p1a: Torkolita
|move|p2a: drifflim|Strength Sap|p1a: Torkolita
|-unboost|p1a: Torkolita|atk|1
|
|-weather|SunnyDay|[upkeep]
|upkeep
|turn|11
|inactive|kuraiyagare has 120 seconds left.
|
|t:|1779558292
|switch|p1a: Arboliva|Arboliva, M|100/100
|move|p2a: drifflim|Shadow Ball|p1a: Arboliva
|-immune|p1a: Arboliva
|
|-weather|SunnyDay|[upkeep]
|upkeep
|turn|12
|
|t:|1779558300
|move|p2a: drifflim|Calm Mind|p2a: drifflim
|-boost|p2a: drifflim|spa|1
|-boost|p2a: drifflim|spd|1
|move|p1a: Arboliva|Weather Ball|p2a: drifflim
|-damage|p2a: drifflim|56/100
|
|-weather|SunnyDay|[upkeep]
|upkeep
|turn|13
|
|t:|1779558310
|move|p2a: drifflim|Calm Mind|p2a: drifflim
|-boost|p2a: drifflim|spa|1
|-boost|p2a: drifflim|spd|1
|move|p1a: Arboliva|Weather Ball|p2a: drifflim
|-damage|p2a: drifflim|25/100
|
|-weather|SunnyDay|[upkeep]
|upkeep
|turn|14
|
|t:|1779558320
|move|p2a: drifflim|Strength Sap|p1a: Arboliva
|-unboost|p1a: Arboliva|atk|1
|-heal|p2a: drifflim|57/100
|move|p1a: Arboliva|Weather Ball|p2a: drifflim
|-damage|p2a: drifflim|24/100
|
|-weather|SunnyDay|[upkeep]
|upkeep
|turn|15
|
|t:|1779558329
|move|p2a: drifflim|Strength Sap|p1a: Arboliva
|-unboost|p1a: Arboliva|atk|1
|-heal|p2a: drifflim|45/100
|move|p1a: Arboliva|Weather Ball|p2a: drifflim
|-damage|p2a: drifflim|15/100
|
|-weather|SunnyDay|[upkeep]
|upkeep
|turn|16
|
|t:|1779558339
|move|p2a: drifflim|Thunderbolt|p1a: Arboliva
|-resisted|p1a: Arboliva
|-crit|p1a: Arboliva
|-damage|p1a: Arboliva|63/100
|move|p1a: Arboliva|Weather Ball|p2a: drifflim
|-damage|p2a: drifflim|0 fnt
|faint|p2a: drifflim
|
|-weather|SunnyDay|[upkeep]
|upkeep
|
|t:|1779558341
|switch|p2a: Gallardo|Gallade, M|100/100
|turn|17
|
|t:|1779558358
|switch|p1a: Ogerpon|Ogerpon-Cornerstone, F|10/100
|move|p2a: Gallardo|Bulk Up|p2a: Gallardo
|-boost|p2a: Gallardo|atk|1
|-boost|p2a: Gallardo|def|1
|
|-weather|none
|upkeep
|turn|18
|
|t:|1779558369
|move|p2a: Gallardo|Shadow Sneak|p1a: Ogerpon
|-crit|p1a: Ogerpon
|-damage|p1a: Ogerpon|0 fnt
|faint|p1a: Ogerpon
|
|upkeep
|
|t:|1779558374
|switch|p1a: Torkolita|Torkoal, F, shiny|27/100
|-weather|SunnyDay|[from] ability: Drought|[of] p1a: Torkolita
|turn|19
|
|t:|1779558380
|move|p2a: Gallardo|Psycho Cut|p1a: Torkolita
|-damage|p1a: Torkolita|0 fnt
|faint|p1a: Torkolita
|
|-weather|SunnyDay|[upkeep]
|upkeep
|
|t:|1779558388
|switch|p1a: Comfey|Comfey, F|100/100
|turn|20
|
|t:|1779558406
|-terastallize|p2a: Gallardo|Steel
|move|p1a: Comfey|Growth|p1a: Comfey
|-boost|p1a: Comfey|atk|2
|-boost|p1a: Comfey|spa|2
|move|p2a: Gallardo|Psycho Cut|p1a: Comfey
|-damage|p1a: Comfey|1/100
|
|-weather|SunnyDay|[upkeep]
|upkeep
|turn|21
|
|t:|1779558427
|move|p1a: Comfey|Draining Kiss|p2a: Gallardo
|-resisted|p2a: Gallardo
|-crit|p2a: Gallardo
|-damage|p2a: Gallardo|74/100
|-heal|p1a: Comfey|19/100|[from] drain|[of] p2a: Gallardo
|move|p2a: Gallardo|Shadow Sneak|p1a: Comfey
|-damage|p1a: Comfey|0 fnt
|faint|p1a: Comfey
|
|-weather|SunnyDay|[upkeep]
|-heal|p2a: Gallardo|80/100|[from] item: Leftovers
|upkeep
|
|t:|1779558439
|switch|p1a: Great Tusk|Great Tusk, shiny|98/100
|-activate|p1a: Great Tusk|ability: Protosynthesis
|-start|p1a: Great Tusk|protosynthesisspe
|turn|22
|
|t:|1779558463
|switch|p2a: Magnezone|Magnezone|100/100
|-terastallize|p1a: Great Tusk|Fairy
|move|p1a: Great Tusk|Bulk Up|p1a: Great Tusk
|-boost|p1a: Great Tusk|atk|1
|-boost|p1a: Great Tusk|def|1
|
|-weather|SunnyDay|[upkeep]
|-heal|p1a: Great Tusk|100/100|[from] item: Leftovers
|upkeep
|turn|23
|
|t:|1779558473
|move|p1a: Great Tusk|Headlong Rush|p2a: Magnezone
|-supereffective|p2a: Magnezone
|-ability|p2a: Magnezone|Sturdy
|-damage|p2a: Magnezone|1/100
|-unboost|p1a: Great Tusk|def|1
|-unboost|p1a: Great Tusk|spd|1
|move|p2a: Magnezone|Flash Cannon|p1a: Great Tusk
|-supereffective|p1a: Great Tusk
|-damage|p1a: Great Tusk|0 fnt
|faint|p1a: Great Tusk
|-end|p1a: Great Tusk|Protosynthesis|[silent]
|
|-weather|SunnyDay|[upkeep]
|upkeep
|inactive|Mky27 has 120 seconds left.
|
|t:|1779558486
|switch|p1a: Arboliva|Arboliva, M|63/100
|turn|24
|-enditem|p2a: Magnezone|Custap Berry|[eat]
|-activate|p2a: Magnezone|item: Custap Berry|[consumed]
|
|t:|1779558492
|move|p2a: Magnezone|Flash Cannon|p1a: Arboliva
|-damage|p1a: Arboliva|22/100
|move|p1a: Arboliva|Energy Ball|p2a: Magnezone
|-resisted|p2a: Magnezone
|-damage|p2a: Magnezone|0 fnt
|faint|p2a: Magnezone
|
|-weather|SunnyDay|[upkeep]
|upkeep
|
|t:|1779558494
|switch|p2a: Gallardo|Gallade, M, tera:Steel|80/100
|turn|25
|-enditem|p1a: Arboliva|Custap Berry|[eat]
|-activate|p1a: Arboliva|item: Custap Berry|[consumed]
|
|t:|1779558505
|move|p1a: Arboliva|Weather Ball|p2a: Gallardo
|-supereffective|p2a: Gallardo
|-damage|p2a: Gallardo|0 fnt
|faint|p2a: Gallardo
|
|win|Mky27
|raw|Mky27's rating: 1487 &rarr; <strong>1509</strong><br />(+22 for winning)
|raw|kuraiyagare's rating: 1514 &rarr; <strong>1492</strong><br />(-22 for losing)
|l|☆kuraiyagare
|player|p2|
|l|☆Mky27
|player|p1|
