|j|‽oscarguille8
|j|☆xavier_4ster
|t:|1779649778
|gametype|singles
|player|p1|oscarguille8|nate|1280
|player|p2|xavier_4ster|lusamine-nihilego|1221
|gen|9
|tier|[Gen 9] OU
|rated|
|rule|HP Percentage Mod: HP is shown in percentages
|rule|Endless Battle Clause: Forcing endless battles is banned
|rule|Species Clause: Limit one of each Pokémon
|rule|OHKO Clause: OHKO moves are banned
|rule|Evasion Items Clause: Evasion items are banned
|rule|Evasion Moves Clause: Evasion moves are banned
|rule|Evasion Abilities Clause: Evasion abilities are banned
|rule|Sleep Moves Clause: Sleep-inducing moves are banned
|clearpoke
|poke|p1|Garganacl, F|
|poke|p1|Dragapult, M|
|poke|p1|Rotom-Wash|
|poke|p1|Great Tusk|
|poke|p1|Kingambit, M|
|poke|p1|Kyurem|
|poke|p2|Serperior, M|
|poke|p2|Weavile, F|
|poke|p2|Iron Crown|
|poke|p2|Great Tusk|
|poke|p2|Skeledirge, M|
|poke|p2|Spidops, M|
|teampreview
|inactive|Battle timer is ON: inactive players will automatically lose when time's up. (requested by xavier_4ster)
|
|t:|1779649805
|teamsize|p1|6
|teamsize|p2|6
|start
|switch|p1a: Rotom|Rotom-Wash, shiny|100/100
|switch|p2a: Spidops|Spidops, M|100/100
|turn|1
|inactive|xavier_4ster has 120 seconds left.
|
|t:|1779649836
|move|p1a: Rotom|Will-O-Wisp|p2a: Spidops
|-status|p2a: Spidops|brn
|move|p2a: Spidops|Sticky Web|p1a: Rotom
|-sidestart|p1: oscarguille8|move: Sticky Web
|
|-damage|p2a: Spidops|94/100 brn|[from] brn
|upkeep
|turn|2
|
|t:|1779649843
|switch|p1a: Great Tusk|Great Tusk, shiny|100/100
|move|p2a: Spidops|Toxic Spikes|p1a: Great Tusk
|-sidestart|p1: oscarguille8|move: Toxic Spikes
|
|-damage|p2a: Spidops|88/100 brn|[from] brn
|upkeep
|turn|3
|inactive|xavier_4ster has 120 seconds left.
|
|t:|1779649874
|switch|p2a: Skeledirge|Skeledirge, M|100/100
|move|p1a: Great Tusk|Rapid Spin|p2a: Skeledirge
|-immune|p2a: Skeledirge
|
|upkeep
|turn|4
|
|t:|1779649880
|-end|p1a: Great Tusk|Protosynthesis|[silent]
|switch|p1a: Rotom|Rotom-Wash, shiny|100/100
|move|p2a: Skeledirge|Flame Charge|p1a: Rotom
|-resisted|p1a: Rotom
|-damage|p1a: Rotom|93/100
|-boost|p2a: Skeledirge|spe|1
|
|upkeep
|turn|5
|
|t:|1779649888
|switch|p2a: Spidops|Spidops, M|88/100 brn
|move|p1a: Rotom|Trick|p2a: Spidops
|-activate|p1a: Rotom|move: Trick|[of] p2a: Spidops
|-item|p2a: Spidops|Choice Scarf|[from] move: Trick
|-item|p1a: Rotom|Focus Sash|[from] move: Trick
|
|-damage|p2a: Spidops|82/100 brn|[from] brn
|upkeep
|turn|6
|
|t:|1779649900
|move|p2a: Spidops|U-turn|p1a: Rotom
|-damage|p1a: Rotom|82/100
|
|t:|1779649904
|switch|p2a: Let me cook|Serperior, M|100/100|[from] U-turn
|move|p1a: Rotom|Volt Switch|p2a: Let me cook
|-resisted|p2a: Let me cook
|-damage|p2a: Let me cook|86/100
|
|t:|1779649917
|switch|p1a: Garganacl|Garganacl, F, shiny|100/100|[from] Volt Switch
|-activate|p1a: Garganacl|move: Sticky Web
|-unboost|p1a: Garganacl|spe|1
|
|-heal|p2a: Let me cook|92/100|[from] item: Leftovers
|upkeep
|turn|7
|
|t:|1779649932
|-terastallize|p1a: Garganacl|Ghost
|move|p2a: Let me cook|Leaf Storm|p1a: Garganacl
|-damage|p1a: Garganacl|70/100
|-boost|p2a: Let me cook|spa|2
|move|p1a: Garganacl|Body Press|p2a: Let me cook
|-damage|p2a: Let me cook|61/100
|
|-heal|p2a: Let me cook|68/100|[from] item: Leftovers
|-heal|p1a: Garganacl|77/100|[from] item: Leftovers
|upkeep
|turn|8
|-message|oscarguille8 forfeited.
|
|win|xavier_4ster
|raw|oscarguille8's rating: 1280 &rarr; <strong>1251</strong><br />(-29 for losing)
|raw|xavier_4ster's rating: 1221 &rarr; <strong>1250</strong><br />(+29 for winning)
|l|‽oscarguille8
|player|p1|
|l|☆xavier_4ster
|player|p2|
