|j|☆kopv
|j|☆my shitters
|t:|1779641469
|gametype|singles
|player|p1|kopv|bugcatcher-gen4dp|1534
|player|p2|my shitters|dancer-gen7|1495
|gen|9
|tier|[Gen 9] OU
|rated|
|rule|HP Percentage Mod: HP is shown in percentages
|rule|Endless Battle Clause: Forcing endless battles is banned
|rule|Species Clause: Limit one of each Pokémon
|rule|OHKO Clause: OHKO moves are banned
|rule|Evasion Items Clause: Evasion items are banned
|rule|Evasion Moves Clause: Evasion moves are banned
|rule|Evasion Abilities Clause: Evasion abilities are banned
|rule|Sleep Moves Clause: Sleep-inducing moves are banned
|clearpoke
|poke|p1|Pelipper, M|
|poke|p1|Barraskewda, F|
|poke|p1|Iron Treads|
|poke|p1|Bruxish, M|
|poke|p1|Raging Bolt|
|poke|p1|Enamorus, F|
|poke|p2|Sableye, M|
|poke|p2|Alcremie-Ruby-Swirl, F|
|poke|p2|Squawkabilly-Blue, F|
|poke|p2|Primeape, M|
|poke|p2|Brute Bonnet|
|poke|p2|Ursaring, F|
|teampreview
|inactive|Battle timer is ON: inactive players will automatically lose when time's up. (requested by my shitters)
|
|t:|1779641490
|teamsize|p1|6
|teamsize|p2|6
|start
|switch|p1a: Pelipper|Pelipper, M|100/100
|switch|p2a: OnePunchBear|Ursaring, F|100/100
|-weather|RainDance|[from] ability: Drizzle|[of] p1a: Pelipper
|turn|1
|
|t:|1779641498
|move|p2a: OnePunchBear|Thunder Punch|p1a: Pelipper
|-supereffective|p1a: Pelipper
|-damage|p1a: Pelipper|16/100
|move|p1a: Pelipper|U-turn|p2a: OnePunchBear
|-damage|p2a: OnePunchBear|89/100
|
|t:|1779641505
|switch|p1a: Barraskewda|Barraskewda, F|100/100|[from] U-turn
|
|-weather|RainDance|[upkeep]
|-status|p2a: OnePunchBear|brn|[from] item: Flame Orb
|upkeep
|turn|2
|
|t:|1779641515
|switch|p2a: UngaBoonguss|Brute Bonnet|100/100
|-enditem|p2a: UngaBoonguss|Booster Energy
|-activate|p2a: UngaBoonguss|ability: Protosynthesis|[fromitem]
|-start|p2a: UngaBoonguss|protosynthesisatk
|move|p1a: Barraskewda|Liquidation|p2a: UngaBoonguss
|-resisted|p2a: UngaBoonguss
|-crit|p2a: UngaBoonguss
|-damage|p2a: UngaBoonguss|44/100
|-unboost|p2a: UngaBoonguss|def|1
|-damage|p1a: Barraskewda|91/100|[from] item: Life Orb
|
|-weather|RainDance|[upkeep]
|upkeep
|turn|3
|c|☆my shitters|bruh
|
|t:|1779641525
|switch|p1a: 'Ello gov'na|Bruxish, M|100/100
|move|p2a: UngaBoonguss|Sucker Punch||[still]
|cant|p1a: 'Ello gov'na|ability: Dazzling|Sucker Punch|[of] p2a: UngaBoonguss
|
|-weather|RainDance|[upkeep]
|upkeep
|turn|4
|
|t:|1779641543
|move|p1a: 'Ello gov'na|Wave Crash|p2a: UngaBoonguss
|-resisted|p2a: UngaBoonguss
|-damage|p2a: UngaBoonguss|0 fnt
|faint|p2a: UngaBoonguss
|-end|p2a: UngaBoonguss|Protosynthesis|[silent]
|-damage|p1a: 'Ello gov'na|78/100|[from] Recoil
|
|-weather|RainDance|[upkeep]
|upkeep
|
|t:|1779641546
|switch|p2a: GemPostin|Sableye, M|100/100
|turn|5
|
|t:|1779641549
|switch|p1a: Enamorus|Enamorus, F|100/100
|move|p2a: GemPostin|Reflect|p2a: GemPostin
|-sidestart|p2: my shitters|Reflect
|
|-weather|RainDance|[upkeep]
|upkeep
|turn|6
|
|t:|1779641553
|move|p2a: GemPostin|Light Screen|p2a: GemPostin
|-sidestart|p2: my shitters|move: Light Screen
|move|p1a: Enamorus|Moonblast|p2a: GemPostin
|-supereffective|p2a: GemPostin
|-damage|p2a: GemPostin|14/100
|
|-weather|RainDance|[upkeep]
|upkeep
|turn|7
|
|t:|1779641558
|move|p2a: GemPostin|Taunt|p1a: Enamorus
|-start|p1a: Enamorus|move: Taunt
|move|p1a: Enamorus|Moonblast|p2a: GemPostin
|-supereffective|p2a: GemPostin
|-damage|p2a: GemPostin|0 fnt
|faint|p2a: GemPostin
|
|-weather|RainDance|[upkeep]
|upkeep
|
|t:|1779641560
|switch|p2a: RobotAlcremicDrive|Alcremie-Ruby-Swirl, F|100/100
|turn|8
|
|t:|1779641567
|switch|p1a: 'Ello gov'na|Bruxish, M|78/100
|move|p2a: RobotAlcremicDrive|Acid Armor|p2a: RobotAlcremicDrive
|-boost|p2a: RobotAlcremicDrive|def|2
|
|-weather|none
|upkeep
|turn|9
|
|t:|1779641575
|move|p1a: 'Ello gov'na|Psychic Fangs|p2a: RobotAlcremicDrive
|-sideend|p2: my shitters|Reflect
|-sideend|p2: my shitters|move: Light Screen
|-damage|p2a: RobotAlcremicDrive|70/100
|move|p2a: RobotAlcremicDrive|Calm Mind|p2a: RobotAlcremicDrive
|-boost|p2a: RobotAlcremicDrive|spa|1
|-boost|p2a: RobotAlcremicDrive|spd|1
|
|-heal|p2a: RobotAlcremicDrive|76/100|[from] item: Leftovers
|upkeep
|turn|10
|
|t:|1779641590
|switch|p1a: Barraskewda|Barraskewda, F|91/100
|move|p2a: RobotAlcremicDrive|Acid Armor|p2a: RobotAlcremicDrive
|-boost|p2a: RobotAlcremicDrive|def|2
|
|-heal|p2a: RobotAlcremicDrive|82/100|[from] item: Leftovers
|upkeep
|turn|11
|
|t:|1779641612
|move|p1a: Barraskewda|Poison Jab|p2a: RobotAlcremicDrive
|-supereffective|p2a: RobotAlcremicDrive
|-damage|p2a: RobotAlcremicDrive|56/100
|-status|p2a: RobotAlcremicDrive|psn
|-damage|p1a: Barraskewda|81/100|[from] item: Life Orb
|move|p2a: RobotAlcremicDrive|Calm Mind|p2a: RobotAlcremicDrive
|-boost|p2a: RobotAlcremicDrive|spa|1
|-boost|p2a: RobotAlcremicDrive|spd|1
|
|-heal|p2a: RobotAlcremicDrive|62/100 psn|[from] item: Leftovers
|-damage|p2a: RobotAlcremicDrive|50/100 psn|[from] psn
|upkeep
|turn|12
|
|t:|1779641631
|switch|p1a: Pelipper|Pelipper, M|16/100
|-weather|RainDance|[from] ability: Drizzle|[of] p1a: Pelipper
|move|p2a: RobotAlcremicDrive|Draining Kiss|p1a: Pelipper
|-damage|p1a: Pelipper|0 fnt
|-heal|p2a: RobotAlcremicDrive|61/100 psn|[from] drain|[of] p1a: Pelipper
|faint|p1a: Pelipper
|
|-weather|RainDance|[upkeep]
|-heal|p2a: RobotAlcremicDrive|67/100 psn|[from] item: Leftovers
|-damage|p2a: RobotAlcremicDrive|55/100 psn|[from] psn
|upkeep
|
|t:|1779641648
|switch|p1a: 'Ello gov'na|Bruxish, M|78/100
|turn|13
|
|t:|1779641653
|-terastallize|p1a: 'Ello gov'na|Water
|move|p1a: 'Ello gov'na|Wave Crash|p2a: RobotAlcremicDrive
|-damage|p2a: RobotAlcremicDrive|0 fnt
|faint|p2a: RobotAlcremicDrive
|-damage|p1a: 'Ello gov'na|57/100|[from] Recoil
|
|-weather|RainDance|[upkeep]
|upkeep
|-message|my shitters forfeited.
|
|win|kopv
|raw|kopv's rating: 1534 &rarr; <strong>1552</strong><br />(+18 for winning)
|raw|my shitters's rating: 1495 &rarr; <strong>1477</strong><br />(-18 for losing)
|l|☆my shitters
|player|p2|
|l|☆kopv
|player|p1|
