|j|☆komisan777
|j|☆i have no id
|t:|1779557988
|gametype|singles
|player|p1|komisan777|dawn|1481
|player|p2|i have no id|102|1449
|gen|9
|tier|[Gen 9] OU
|rated|
|rule|HP Percentage Mod: HP is shown in percentages
|rule|Endless Battle Clause: Forcing endless battles is banned
|rule|Species Clause: Limit one of each Pokémon
|rule|OHKO Clause: OHKO moves are banned
|rule|Evasion Items Clause: Evasion items are banned
|rule|Evasion Moves Clause: Evasion moves are banned
|rule|Evasion Abilities Clause: Evasion abilities are banned
|rule|Sleep Moves Clause: Sleep-inducing moves are banned
|clearpoke
|poke|p1|Pelipper, F|
|poke|p1|Ludicolo, F|
|poke|p1|Iron Treads|
|poke|p1|Landorus-Therian, M|
|poke|p1|Barraskewda, F|
|poke|p1|Basculegion-F, F|
|poke|p2|Torkoal, M|
|poke|p2|Walking Wake|
|poke|p2|Great Tusk|
|poke|p2|Hatterene, F|
|poke|p2|Slither Wing|
|poke|p2|Venusaur, M|
|teampreview
|
|t:|1779557998
|teamsize|p1|6
|teamsize|p2|6
|start
|switch|p1a: Landorus|Landorus-Therian, M|100/100
|switch|p2a: Slither Wing|Slither Wing|100/100
|-ability|p1a: Landorus|Intimidate|boost
|-unboost|p2a: Slither Wing|atk|1
|turn|1
|
|t:|1779558002
|-end|p2a: Slither Wing|Protosynthesis|[silent]
|switch|p2a: Hatterene|Hatterene, F|100/100
|move|p1a: Landorus|U-turn|p2a: Hatterene
|-damage|p2a: Hatterene|84/100
|-enditem|p2a: Hatterene|Eject Button
|
|t:|1779558006
|switch|p2a: Torkoal|Torkoal, M|100/100
|-weather|SunnyDay|[from] ability: Drought|[of] p2a: Torkoal
|
|-weather|SunnyDay|[upkeep]
|upkeep
|turn|2
|
|t:|1779558013
|switch|p1a: Pelipper|Pelipper, F|100/100
|-weather|RainDance|[from] ability: Drizzle|[of] p1a: Pelipper
|switch|p2a: Slither Wing|Slither Wing|100/100
|
|-weather|RainDance|[upkeep]
|upkeep
|turn|3
|
|t:|1779558017
|move|p2a: Slither Wing|U-turn|p1a: Pelipper
|-resisted|p1a: Pelipper
|-damage|p1a: Pelipper|80/100
|
|t:|1779558020
|-end|p2a: Slither Wing|Protosynthesis|[silent]
|switch|p2a: Torkoal|Torkoal, M|100/100|[from] U-turn
|-weather|SunnyDay|[from] ability: Drought|[of] p2a: Torkoal
|move|p1a: Pelipper|Hurricane|p2a: Torkoal
|-damage|p2a: Torkoal|55/100
|
|-weather|SunnyDay|[upkeep]
|upkeep
|turn|4
|
|t:|1779558026
|switch|p2a: Walking Wake|Walking Wake|100/100
|-activate|p2a: Walking Wake|ability: Protosynthesis
|-start|p2a: Walking Wake|protosynthesisspe
|move|p1a: Pelipper|U-turn|p2a: Walking Wake
|-damage|p2a: Walking Wake|91/100
|
|t:|1779558046
|switch|p1a: Iron Treads|Iron Treads|100/100|[from] U-turn
|
|-weather|SunnyDay|[upkeep]
|upkeep
|turn|5
|
|t:|1779558052
|-end|p1a: Iron Treads|Quark Drive|[silent]
|switch|p1a: Pelipper|Pelipper, F|80/100
|-weather|RainDance|[from] ability: Drizzle|[of] p1a: Pelipper
|-end|p2a: Walking Wake|Protosynthesis
|move|p2a: Walking Wake|Hydro Steam|p1a: Pelipper
|-resisted|p1a: Pelipper
|-damage|p1a: Pelipper|19/100
|
|-weather|RainDance|[upkeep]
|upkeep
|turn|6
|
|t:|1779558063
|-end|p2a: Walking Wake|Protosynthesis|[silent]
|switch|p2a: Torkoal|Torkoal, M|55/100
|-weather|SunnyDay|[from] ability: Drought|[of] p2a: Torkoal
|switch|p1a: Ludicolo|Ludicolo, F|100/100
|
|-weather|SunnyDay|[upkeep]
|upkeep
|turn|7
|
|t:|1779558067
|move|p1a: Ludicolo|Hydro Pump|p2a: Torkoal
|-supereffective|p2a: Torkoal
|-damage|p2a: Torkoal|0 fnt
|faint|p2a: Torkoal
|-damage|p1a: Ludicolo|91/100|[from] item: Life Orb
|
|-weather|SunnyDay|[upkeep]
|upkeep
|
|t:|1779558070
|switch|p2a: Slither Wing|Slither Wing|100/100
|-activate|p2a: Slither Wing|ability: Protosynthesis
|-start|p2a: Slither Wing|protosynthesisatk
|turn|8
|
|t:|1779558091
|switch|p1a: Pelipper|Pelipper, F|19/100
|-weather|RainDance|[from] ability: Drizzle|[of] p1a: Pelipper
|-end|p2a: Slither Wing|Protosynthesis
|move|p2a: Slither Wing|U-turn|p1a: Pelipper
|-resisted|p1a: Pelipper
|-damage|p1a: Pelipper|0 fnt
|faint|p1a: Pelipper
|
|t:|1779558105
|-end|p2a: Slither Wing|Protosynthesis|[silent]
|switch|p2a: Walking Wake|Walking Wake|91/100|[from] U-turn
|
|-weather|RainDance|[upkeep]
|upkeep
|
|t:|1779558125
|switch|p1a: Basculegion|Basculegion-F, F|100/100
|turn|9
|
|t:|1779558130
|move|p1a: Basculegion|Shadow Ball|p2a: Walking Wake
|-damage|p2a: Walking Wake|32/100
|-damage|p1a: Basculegion|91/100|[from] item: Life Orb
|move|p2a: Walking Wake|Draco Meteor|p1a: Basculegion
|-damage|p1a: Basculegion|0 fnt
|-unboost|p2a: Walking Wake|spa|2
|faint|p1a: Basculegion
|
|-weather|RainDance|[upkeep]
|upkeep
|
|t:|1779558133
|switch|p1a: Ludicolo|Ludicolo, F|91/100
|turn|10
|
|t:|1779558141
|-end|p2a: Walking Wake|Protosynthesis|[silent]
|switch|p2a: Hatterene|Hatterene, F|84/100
|move|p1a: Ludicolo|Ice Beam|p2a: Hatterene
|-damage|p2a: Hatterene|48/100
|-damage|p1a: Ludicolo|81/100|[from] item: Life Orb
|
|-weather|RainDance|[upkeep]
|upkeep
|turn|11
|
|t:|1779558150
|move|p1a: Ludicolo|Hydro Pump|p2a: Hatterene|[miss]
|-miss|p1a: Ludicolo|p2a: Hatterene
|move|p2a: Hatterene|Psychic Noise|p1a: Ludicolo
|-damage|p1a: Ludicolo|45/100
|-start|p1a: Ludicolo|move: Heal Block
|
|-weather|RainDance|[upkeep]
|upkeep
|turn|12
|
|t:|1779558164
|move|p1a: Ludicolo|Hydro Pump|p2a: Hatterene
|-damage|p2a: Hatterene|0 fnt
|faint|p2a: Hatterene
|-damage|p1a: Ludicolo|35/100|[from] item: Life Orb
|
|-weather|RainDance|[upkeep]
|-end|p1a: Ludicolo|move: Heal Block
|upkeep
|
|t:|1779558166
|switch|p2a: Slither Wing|Slither Wing|100/100
|turn|13
|inactive|Battle timer is ON: inactive players will automatically lose when time's up. (requested by i have no id)
|
|t:|1779558189
|switch|p1a: Landorus|Landorus-Therian, M|100/100
|-ability|p1a: Landorus|Intimidate|boost
|-unboost|p2a: Slither Wing|atk|1
|move|p2a: Slither Wing|First Impression|p1a: Landorus
|-resisted|p1a: Landorus
|-damage|p1a: Landorus|71/100
|
|-weather|RainDance|[upkeep]
|upkeep
|turn|14
|
|t:|1779558194
|-end|p2a: Slither Wing|Protosynthesis|[silent]
|switch|p2a: Great Tusk|Great Tusk|100/100
|-enditem|p2a: Great Tusk|Booster Energy
|-activate|p2a: Great Tusk|ability: Protosynthesis|[fromitem]
|-start|p2a: Great Tusk|protosynthesisatk
|move|p1a: Landorus|Weather Ball|p2a: Great Tusk
|-supereffective|p2a: Great Tusk
|-damage|p2a: Great Tusk|0 fnt
|faint|p2a: Great Tusk
|-end|p2a: Great Tusk|Protosynthesis|[silent]
|
|-weather|RainDance|[upkeep]
|upkeep
|
|t:|1779558198
|switch|p2a: Walking Wake|Walking Wake|32/100
|turn|15
|inactive|komisan777 has 120 seconds left.
|
|t:|1779558240
|switch|p1a: Ludicolo|Ludicolo, F|35/100
|move|p2a: Walking Wake|Hydro Steam|p1a: Ludicolo
|-resisted|p1a: Ludicolo
|-crit|p1a: Ludicolo
|-damage|p1a: Ludicolo|0 fnt
|faint|p1a: Ludicolo
|
|-weather|none
|upkeep
|
|t:|1779558258
|switch|p1a: Barraskewda|Barraskewda, F|100/100
|turn|16
|
|t:|1779558264
|-end|p2a: Walking Wake|Protosynthesis|[silent]
|switch|p2a: Slither Wing|Slither Wing|100/100
|move|p1a: Barraskewda|Poison Jab|p2a: Slither Wing
|-damage|p2a: Slither Wing|45/100
|-status|p2a: Slither Wing|psn
|
|-damage|p2a: Slither Wing|32/100 psn|[from] psn
|upkeep
|turn|17
|
|t:|1779558275
|switch|p1a: Landorus|Landorus-Therian, M|71/100
|-ability|p1a: Landorus|Intimidate|boost
|-unboost|p2a: Slither Wing|atk|1
|move|p2a: Slither Wing|U-turn|p1a: Landorus
|-resisted|p1a: Landorus
|-damage|p1a: Landorus|50/100
|
|t:|1779558278
|-end|p2a: Slither Wing|Protosynthesis|[silent]
|switch|p2a: Walking Wake|Walking Wake|32/100|[from] U-turn
|
|upkeep
|turn|18
|
|t:|1779558283
|move|p2a: Walking Wake|Hydro Steam|p1a: Landorus
|-supereffective|p1a: Landorus
|-damage|p1a: Landorus|0 fnt
|faint|p1a: Landorus
|
|upkeep
|inactive|komisan777 has 120 seconds left.
|
|t:|1779558297
|switch|p1a: Barraskewda|Barraskewda, F|100/100
|turn|19
|
|t:|1779558299
|-end|p2a: Walking Wake|Protosynthesis|[silent]
|switch|p2a: Slither Wing|Slither Wing|32/100 psn
|move|p1a: Barraskewda|Poison Jab|p2a: Slither Wing
|-damage|p2a: Slither Wing|0 fnt
|faint|p2a: Slither Wing
|-end|p2a: Slither Wing|Protosynthesis|[silent]
|
|upkeep
|
|t:|1779558304
|switch|p2a: Venusaur|Venusaur, M|100/100
|turn|20
|
|t:|1779558328
|switch|p1a: Iron Treads|Iron Treads|100/100
|move|p2a: Venusaur|Giga Drain|p1a: Iron Treads
|-damage|p1a: Iron Treads|76/100
|-damage|p2a: Venusaur|91/100|[from] item: Life Orb
|
|upkeep
|turn|21
|
|t:|1779558335
|move|p2a: Venusaur|Giga Drain|p1a: Iron Treads
|-damage|p1a: Iron Treads|53/100
|-heal|p2a: Venusaur|100/100|[from] drain|[of] p1a: Iron Treads
|-damage|p2a: Venusaur|91/100|[from] item: Life Orb
|move|p1a: Iron Treads|Rapid Spin|p2a: Venusaur
|-damage|p2a: Venusaur|74/100
|-boost|p1a: Iron Treads|spe|1
|
|upkeep
|turn|22
|
|t:|1779558349
|move|p1a: Iron Treads|Iron Head|p2a: Venusaur
|-damage|p2a: Venusaur|33/100
|cant|p2a: Venusaur|flinch
|
|upkeep
|turn|23
|
|t:|1779558355
|switch|p2a: Walking Wake|Walking Wake|32/100
|move|p1a: Iron Treads|Iron Head|p2a: Walking Wake
|-resisted|p2a: Walking Wake
|-damage|p2a: Walking Wake|17/100
|
|upkeep
|turn|24
|
|t:|1779558358
|move|p1a: Iron Treads|Earthquake|p2a: Walking Wake
|-damage|p2a: Walking Wake|0 fnt
|faint|p2a: Walking Wake
|-end|p2a: Walking Wake|Protosynthesis|[silent]
|
|upkeep
|-message|i have no id forfeited.
|
|win|komisan777
|raw|komisan777's rating: 1481 &rarr; <strong>1500</strong><br />(+19 for winning)
|raw|i have no id's rating: 1469 &rarr; <strong>1450</strong><br />(-19 for losing)
|l|☆i have no id
|player|p2|
|l|☆komisan777
|player|p1|
