|j|☆Nuii09
|j|☆monday2026
|t:|1779684557
|gametype|singles
|player|p1|Nuii09|baker|1678
|player|p2|monday2026|2|1565
|gen|9
|tier|[Gen 9] OU
|rated|
|rule|HP Percentage Mod: HP is shown in percentages
|rule|Endless Battle Clause: Forcing endless battles is banned
|rule|Species Clause: Limit one of each Pokémon
|rule|OHKO Clause: OHKO moves are banned
|rule|Evasion Items Clause: Evasion items are banned
|rule|Evasion Moves Clause: Evasion moves are banned
|rule|Evasion Abilities Clause: Evasion abilities are banned
|rule|Sleep Moves Clause: Sleep-inducing moves are banned
|clearpoke
|poke|p1|Raging Bolt|
|poke|p1|Cinderace, M|
|poke|p1|Dondozo, F|
|poke|p1|Weezing-Galar, F|
|poke|p1|Corviknight, M|
|poke|p1|Ting-Lu|
|poke|p2|Hoopa-Unbound|
|poke|p2|Regidrago|
|poke|p2|Ditto|
|poke|p2|Dondozo, F|
|poke|p2|Tyranitar, M|
|poke|p2|Iron Hands|
|teampreview
|inactive|Battle timer is ON: inactive players will automatically lose when time's up. (requested by monday2026)
|
|t:|1779684578
|teamsize|p1|6
|teamsize|p2|6
|start
|switch|p1a: Cinderace|Cinderace, M|100/100
|switch|p2a: Hoopa|Hoopa-Unbound|100/100
|turn|1
|
|t:|1779684585
|-terastallize|p2a: Hoopa|Fighting
|move|p1a: Cinderace|U-turn|p2a: Hoopa
|-start|p1a: Cinderace|typechange|Bug|[from] ability: Libero
|-resisted|p2a: Hoopa
|-damage|p2a: Hoopa|61/100
|
|t:|1779684593
|switch|p1a: Weezing|Weezing-Galar, F|100/100|[from] U-turn
|-ability|p1a: Weezing|Neutralizing Gas
|move|p2a: Hoopa|Focus Blast|p1a: Weezing
|-resisted|p1a: Weezing
|-damage|p1a: Weezing|78/100
|
|-heal|p1a: Weezing|84/100|[from] item: Leftovers
|upkeep
|turn|2
|
|t:|1779684620
|move|p2a: Hoopa|Psychic|p1a: Weezing
|-supereffective|p1a: Weezing
|-damage|p1a: Weezing|0 fnt
|faint|p1a: Weezing
|-end|p1a: Weezing|ability: Neutralizing Gas
|
|upkeep
|
|t:|1779684630
|switch|p1a: Cinderace|Cinderace, M|100/100
|turn|3
|
|t:|1779684634
|switch|p2a: Dondozo|Dondozo, F|100/100
|move|p1a: Cinderace|Pyro Ball|p2a: Dondozo
|-resisted|p2a: Dondozo
|-damage|p2a: Dondozo|75/100
|
|upkeep
|turn|4
|
|t:|1779684650
|switch|p1a: Raging Bolt|Raging Bolt|100/100
|move|p2a: Dondozo|Wave Crash|p1a: Raging Bolt
|-resisted|p1a: Raging Bolt
|-damage|p1a: Raging Bolt|62/100
|-damage|p2a: Dondozo|64/100|[from] Recoil
|
|upkeep
|turn|5
|
|t:|1779684659
|switch|p2a: Tyranitar|Tyranitar, M|100/100
|-weather|Sandstorm|[from] ability: Sand Stream|[of] p2a: Tyranitar
|move|p1a: Raging Bolt|Volt Switch|p2a: Tyranitar
|-damage|p2a: Tyranitar|86/100
|
|t:|1779684662
|-end|p1a: Raging Bolt|Protosynthesis|[silent]
|switch|p1a: Cinderace|Cinderace, M|100/100|[from] Volt Switch
|
|-weather|Sandstorm|[upkeep]
|-damage|p1a: Cinderace|95/100|[from] Sandstorm
|upkeep
|turn|6
|
|t:|1779684671
|switch|p2a: Dondozo|Dondozo, F|64/100
|move|p1a: Cinderace|High Jump Kick|p2a: Dondozo
|-start|p1a: Cinderace|typechange|Fighting|[from] ability: Libero
|-damage|p2a: Dondozo|11/100
|
|-weather|Sandstorm|[upkeep]
|-damage|p1a: Cinderace|89/100|[from] Sandstorm
|-damage|p2a: Dondozo|5/100|[from] Sandstorm
|upkeep
|turn|7
|
|t:|1779684680
|move|p1a: Cinderace|High Jump Kick|p2a: Dondozo
|-damage|p2a: Dondozo|0 fnt
|faint|p2a: Dondozo
|
|-weather|Sandstorm|[upkeep]
|-damage|p1a: Cinderace|83/100|[from] Sandstorm
|upkeep
|
|t:|1779684694
|switch|p2a: Regidrago|Regidrago, shiny|100/100
|turn|8
|
|t:|1779684698
|switch|p1a: Ting-Lu|Ting-Lu|100/100
|-ability|p1a: Ting-Lu|Vessel of Ruin
|move|p2a: Regidrago|Dragon Energy|p1a: Ting-Lu
|-damage|p1a: Ting-Lu|52/100
|
|-weather|Sandstorm|[upkeep]
|-damage|p2a: Regidrago|94/100|[from] Sandstorm
|-heal|p1a: Ting-Lu|59/100|[from] item: Leftovers
|upkeep
|turn|9
|
|t:|1779684711
|switch|p2a: Hoopa|Hoopa-Unbound, tera:Fighting|61/100
|move|p1a: Ting-Lu|Rest|p1a: Ting-Lu
|-status|p1a: Ting-Lu|slp|[from] move: Rest
|-heal|p1a: Ting-Lu|100/100 slp|[silent]
|
|-weather|none
|upkeep
|turn|10
|inactive|Nuii09 has 120 seconds left.
|
|t:|1779684757
|-terastallize|p1a: Ting-Lu|Poison
|move|p2a: Hoopa|Focus Blast|p1a: Ting-Lu
|-resisted|p1a: Ting-Lu
|-damage|p1a: Ting-Lu|86/100 slp
|cant|p1a: Ting-Lu|slp
|move|p1a: Ting-Lu|Sleep Talk|p1a: Ting-Lu
|move|p1a: Ting-Lu|Payback|p2a: Hoopa|[from] move: Sleep Talk
|-resisted|p2a: Hoopa
|-damage|p2a: Hoopa|32/100
|
|-heal|p1a: Ting-Lu|92/100 slp|[from] item: Leftovers
|upkeep
|turn|11
|
|t:|1779684768
|switch|p1a: Corviknight|Corviknight, M|100/100
|-ability|p1a: Corviknight|Pressure
|move|p2a: Hoopa|Psychic|p1a: Corviknight
|-resisted|p1a: Corviknight
|-damage|p1a: Corviknight|79/100
|
|upkeep
|turn|12
|
|t:|1779684771
|move|p2a: Hoopa|Focus Blast|p1a: Corviknight
|-damage|p1a: Corviknight|19/100
|move|p1a: Corviknight|Brave Bird|p2a: Hoopa
|-supereffective|p2a: Hoopa
|-damage|p2a: Hoopa|0 fnt
|faint|p2a: Hoopa
|-damage|p1a: Corviknight|10/100|[from] Recoil
|
|upkeep
|
|t:|1779684781
|switch|p2a: Regidrago|Regidrago, shiny|94/100
|turn|13
|
|t:|1779684784
|move|p2a: Regidrago|Dragon Energy|p1a: Corviknight
|-resisted|p1a: Corviknight
|-damage|p1a: Corviknight|0 fnt
|faint|p1a: Corviknight
|
|upkeep
|
|t:|1779684791
|switch|p1a: Ting-Lu|Ting-Lu, tera:Poison|92/100 slp
|-ability|p1a: Ting-Lu|Vessel of Ruin
|turn|14
|
|t:|1779684800
|move|p2a: Regidrago|Dragon Energy|p1a: Ting-Lu
|-damage|p1a: Ting-Lu|49/100 slp
|cant|p1a: Ting-Lu|slp
|move|p1a: Ting-Lu|Sleep Talk|p1a: Ting-Lu
|move|p1a: Ting-Lu|Payback|p2a: Regidrago|[from] move: Sleep Talk
|-damage|p2a: Regidrago|57/100
|
|-heal|p1a: Ting-Lu|56/100 slp|[from] item: Leftovers
|upkeep
|turn|15
|
|t:|1779684814
|switch|p2a: Iron Hands|Iron Hands|100/100
|-enditem|p2a: Iron Hands|Booster Energy
|-activate|p2a: Iron Hands|ability: Quark Drive|[fromitem]
|-start|p2a: Iron Hands|quarkdriveatk
|-curestatus|p1a: Ting-Lu|slp|[msg]
|move|p1a: Ting-Lu|Rest|p1a: Ting-Lu
|-status|p1a: Ting-Lu|slp|[from] move: Rest
|-heal|p1a: Ting-Lu|100/100 slp|[silent]
|
|upkeep
|turn|16
|j| testingrainteam1
|inactive|Nuii09 has 120 seconds left.
|l| testingrainteam1
|
|t:|1779684849
|move|p2a: Iron Hands|Supercell Slam|p1a: Ting-Lu
|-damage|p1a: Ting-Lu|60/100 slp
|cant|p1a: Ting-Lu|slp
|move|p1a: Ting-Lu|Sleep Talk|p1a: Ting-Lu
|move|p1a: Ting-Lu|Rest||[from] move: Sleep Talk|[still]
|-fail|p1a: Ting-Lu
|
|-heal|p1a: Ting-Lu|66/100 slp|[from] item: Leftovers
|upkeep
|turn|17
|inactive|Nuii09 has 120 seconds left.
|
|t:|1779684864
|switch|p1a: Raging Bolt|Raging Bolt|62/100
|move|p2a: Iron Hands|Supercell Slam|p1a: Raging Bolt
|-resisted|p1a: Raging Bolt
|-damage|p1a: Raging Bolt|44/100
|
|upkeep
|turn|18
|
|t:|1779684875
|move|p1a: Raging Bolt|Draco Meteor|p2a: Iron Hands
|-damage|p2a: Iron Hands|18/100
|-unboost|p1a: Raging Bolt|spa|2
|move|p2a: Iron Hands|Drain Punch|p1a: Raging Bolt
|-damage|p1a: Raging Bolt|0 fnt
|-heal|p2a: Iron Hands|38/100|[from] drain|[of] p1a: Raging Bolt
|faint|p1a: Raging Bolt
|-end|p1a: Raging Bolt|Protosynthesis|[silent]
|
|upkeep
|
|t:|1779684896
|switch|p1a: Cinderace|Cinderace, M|83/100
|turn|19
|
|t:|1779684900
|move|p1a: Cinderace|High Jump Kick|p2a: Iron Hands
|-start|p1a: Cinderace|typechange|Fighting|[from] ability: Libero
|-damage|p2a: Iron Hands|0 fnt
|faint|p2a: Iron Hands
|-end|p2a: Iron Hands|Quark Drive|[silent]
|
|upkeep
|
|t:|1779684913
|switch|p2a: Regidrago|Regidrago, shiny|57/100
|turn|20
|
|t:|1779684943
|move|p2a: Regidrago|Draco Meteor|p1a: Cinderace
|-damage|p1a: Cinderace|0 fnt
|-unboost|p2a: Regidrago|spa|2
|faint|p1a: Cinderace
|
|upkeep
|
|t:|1779684946
|switch|p1a: Ting-Lu|Ting-Lu, tera:Poison|66/100 slp
|-ability|p1a: Ting-Lu|Vessel of Ruin
|turn|21
|
|t:|1779684953
|switch|p2a: Tyranitar|Tyranitar, M|86/100
|-weather|Sandstorm|[from] ability: Sand Stream|[of] p2a: Tyranitar
|cant|p1a: Ting-Lu|slp
|move|p1a: Ting-Lu|Sleep Talk|p1a: Ting-Lu
|move|p1a: Ting-Lu|Rest||[from] move: Sleep Talk|[still]
|-fail|p1a: Ting-Lu
|
|-weather|Sandstorm|[upkeep]
|-damage|p1a: Ting-Lu|60/100 slp|[from] Sandstorm
|-heal|p1a: Ting-Lu|66/100 slp|[from] item: Leftovers
|upkeep
|turn|22
|
|t:|1779684961
|move|p2a: Tyranitar|Earthquake|p1a: Ting-Lu
|-supereffective|p1a: Ting-Lu
|-damage|p1a: Ting-Lu|21/100 slp
|-curestatus|p1a: Ting-Lu|slp|[msg]
|move|p1a: Ting-Lu|Earthquake|p2a: Tyranitar
|-supereffective|p2a: Tyranitar
|-damage|p2a: Tyranitar|12/100
|
|-weather|Sandstorm|[upkeep]
|-damage|p1a: Ting-Lu|15/100|[from] Sandstorm
|-heal|p1a: Ting-Lu|21/100|[from] item: Leftovers
|upkeep
|turn|23
|
|t:|1779684966
|move|p2a: Tyranitar|Earthquake|p1a: Ting-Lu
|-supereffective|p1a: Ting-Lu
|-damage|p1a: Ting-Lu|0 fnt
|faint|p1a: Ting-Lu
|
|-weather|Sandstorm|[upkeep]
|upkeep
|
|t:|1779684968
|switch|p1a: Dondozo|Dondozo, F|100/100
|turn|24
|
|t:|1779684972
|move|p2a: Tyranitar|Knock Off|p1a: Dondozo
|-damage|p1a: Dondozo|68/100
|-enditem|p1a: Dondozo|Leftovers|[from] move: Knock Off|[of] p2a: Tyranitar
|move|p1a: Dondozo|Curse|p1a: Dondozo
|-unboost|p1a: Dondozo|spe|1
|-boost|p1a: Dondozo|atk|1
|-boost|p1a: Dondozo|def|1
|
|-weather|Sandstorm|[upkeep]
|-damage|p1a: Dondozo|62/100|[from] Sandstorm
|upkeep
|turn|25
|-message|Nuii09 forfeited.
|
|win|monday2026
|raw|Nuii09's rating: 1678 &rarr; <strong>1652</strong><br />(-26 for losing)
|raw|monday2026's rating: 1565 &rarr; <strong>1591</strong><br />(+26 for winning)
|l|☆Nuii09
|player|p1|
|l|☆monday2026
|player|p2|
