|badge|p2|gold|gen9ubers|3-9
|uhtml|medal-msg|<div class="broadcast-blue">Curious what those medals under the avatar are? PS now has Ladder Seasons! For more information, check out the <a href="https://www.smogon.com/forums/threads/3740067/">thread on Smogon.</a></div>
|j|☆Auburn Hills
|j|☆Thajester
|t:|1779682387
|gametype|singles
|player|p1|Auburn Hills|alder|1677
|player|p2|Thajester|1|1718
|gen|9
|tier|[Gen 9] OU
|rated|
|rule|HP Percentage Mod: HP is shown in percentages
|rule|Endless Battle Clause: Forcing endless battles is banned
|rule|Species Clause: Limit one of each Pokémon
|rule|OHKO Clause: OHKO moves are banned
|rule|Evasion Items Clause: Evasion items are banned
|rule|Evasion Moves Clause: Evasion moves are banned
|rule|Evasion Abilities Clause: Evasion abilities are banned
|rule|Sleep Moves Clause: Sleep-inducing moves are banned
|clearpoke
|poke|p1|Iron Moth|
|poke|p1|Umbreon, M|
|poke|p1|Garchomp, M|
|poke|p1|Glimmora, F|
|poke|p1|Gholdengo|
|poke|p1|Dragonite, F|
|poke|p2|Landorus-Therian, M|
|poke|p2|Iron Valiant|
|poke|p2|Iron Moth|
|poke|p2|Ogerpon-Wellspring, F|
|poke|p2|Kingambit, M|
|poke|p2|Raging Bolt|
|teampreview
|inactive|Battle timer is ON: inactive players will automatically lose when time's up. (requested by Thajester)
|
|t:|1779682398
|teamsize|p1|6
|teamsize|p2|6
|start
|switch|p1a: Rat Tally|Garchomp, M|100/100
|switch|p2a: Landorus|Landorus-Therian, M|100/100
|-ability|p2a: Landorus|Intimidate|boost
|-unboost|p1a: Rat Tally|atk|1
|turn|1
|
|t:|1779682413
|switch|p1a: Elucid|Dragonite, F|100/100
|move|p2a: Landorus|Stealth Rock|p1a: Elucid
|-sidestart|p1: Auburn Hills|move: Stealth Rock
|
|upkeep
|turn|2
|
|t:|1779682421
|move|p1a: Elucid|Ice Spinner|p2a: Landorus
|-supereffective|p2a: Landorus
|-damage|p2a: Landorus|15/100
|-damage|p1a: Elucid|84/100|[from] item: Rocky Helmet|[of] p2a: Landorus
|move|p2a: Landorus|Taunt|p1a: Elucid
|-start|p1a: Elucid|move: Taunt
|
|upkeep
|turn|3
|
|t:|1779682431
|move|p1a: Elucid|Extreme Speed|p2a: Landorus
|-damage|p2a: Landorus|0 fnt
|-damage|p1a: Elucid|68/100|[from] item: Rocky Helmet|[of] p2a: Landorus
|faint|p2a: Landorus
|
|upkeep
|
|t:|1779682440
|switch|p2a: Iron Valiant|Iron Valiant|100/100
|-enditem|p2a: Iron Valiant|Booster Energy
|-activate|p2a: Iron Valiant|ability: Quark Drive|[fromitem]
|-start|p2a: Iron Valiant|quarkdrivespe
|turn|4
|
|t:|1779682444
|-terastallize|p2a: Iron Valiant|Ghost
|move|p2a: Iron Valiant|Calm Mind|p2a: Iron Valiant
|-boost|p2a: Iron Valiant|spa|1
|-boost|p2a: Iron Valiant|spd|1
|move|p1a: Elucid|Earthquake|p2a: Iron Valiant
|-damage|p2a: Iron Valiant|49/100
|
|upkeep
|turn|5
|
|t:|1779682450
|move|p2a: Iron Valiant|Moonblast|p1a: Elucid
|-supereffective|p1a: Elucid
|-damage|p1a: Elucid|0 fnt
|faint|p1a: Elucid
|
|upkeep
|
|t:|1779682454
|switch|p1a: Carly Rae|Iron Moth|100/100
|-damage|p1a: Carly Rae|76/100|[from] Stealth Rock
|-enditem|p1a: Carly Rae|Booster Energy
|-activate|p1a: Carly Rae|ability: Quark Drive|[fromitem]
|-start|p1a: Carly Rae|quarkdrivespe
|turn|6
|
|t:|1779682457
|move|p2a: Iron Valiant|Shadow Ball|p1a: Carly Rae
|-damage|p1a: Carly Rae|18/100
|move|p1a: Carly Rae|Fiery Dance|p2a: Iron Valiant
|-damage|p2a: Iron Valiant|0 fnt
|-boost|p1a: Carly Rae|spa|1
|faint|p2a: Iron Valiant
|-end|p2a: Iron Valiant|Quark Drive|[silent]
|
|upkeep
|
|t:|1779682464
|switch|p2a: Iron Moth|Iron Moth|100/100
|-enditem|p2a: Iron Moth|Booster Energy
|-activate|p2a: Iron Moth|ability: Quark Drive|[fromitem]
|-start|p2a: Iron Moth|quarkdrivespe
|turn|7
|j| chillncurry
|
|t:|1779682466
|move|p2a: Iron Moth|Fiery Dance|p1a: Carly Rae
|-resisted|p1a: Carly Rae
|-damage|p1a: Carly Rae|0 fnt
|-boost|p2a: Iron Moth|spa|1
|faint|p1a: Carly Rae
|-end|p1a: Carly Rae|Quark Drive|[silent]
|
|upkeep
|
|t:|1779682470
|switch|p1a: Julia Jacklin|Glimmora, F|100/100
|-damage|p1a: Julia Jacklin|88/100|[from] Stealth Rock
|turn|8
|
|t:|1779682472
|move|p2a: Iron Moth|Fiery Dance|p1a: Julia Jacklin
|-resisted|p1a: Julia Jacklin
|-damage|p1a: Julia Jacklin|46/100
|-boost|p2a: Iron Moth|spa|1
|move|p1a: Julia Jacklin|Earth Power|p2a: Iron Moth
|-supereffective|p2a: Iron Moth
|-damage|p2a: Iron Moth|0 fnt
|faint|p2a: Iron Moth
|-end|p2a: Iron Moth|Quark Drive|[silent]
|
|upkeep
|
|t:|1779682480
|switch|p2a: Raging Bolt|Raging Bolt|100/100
|-enditem|p2a: Raging Bolt|Booster Energy
|-activate|p2a: Raging Bolt|ability: Protosynthesis|[fromitem]
|-start|p2a: Raging Bolt|protosynthesisspa
|turn|9
|
|t:|1779682484
|move|p1a: Julia Jacklin|Stealth Rock|p2a: Raging Bolt
|-sidestart|p2: Thajester|move: Stealth Rock
|move|p2a: Raging Bolt|Thunderbolt|p1a: Julia Jacklin
|-damage|p1a: Julia Jacklin|0 fnt
|faint|p1a: Julia Jacklin
|
|upkeep
|
|t:|1779682486
|switch|p1a: Rat Tally|Garchomp, M|100/100
|-damage|p1a: Rat Tally|94/100|[from] Stealth Rock
|turn|10
|
|t:|1779682489
|-terastallize|p1a: Rat Tally|Poison
|move|p1a: Rat Tally|Poison Jab|p2a: Raging Bolt
|-damage|p2a: Raging Bolt|65/100
|move|p2a: Raging Bolt|Dragon Pulse|p1a: Rat Tally
|-damage|p1a: Rat Tally|12/100
|
|upkeep
|turn|11
|
|t:|1779682496
|move|p2a: Raging Bolt|Thunderclap|p1a: Rat Tally
|-damage|p1a: Rat Tally|0 fnt
|faint|p1a: Rat Tally
|
|upkeep
|
|t:|1779682498
|switch|p1a: Alvvays|Umbreon, M|100/100
|-damage|p1a: Alvvays|88/100|[from] Stealth Rock
|turn|12
|
|t:|1779682501
|move|p2a: Raging Bolt|Calm Mind|p2a: Raging Bolt
|-boost|p2a: Raging Bolt|spa|1
|-boost|p2a: Raging Bolt|spd|1
|move|p1a: Alvvays|Foul Play|p2a: Raging Bolt
|-damage|p2a: Raging Bolt|48/100
|
|-heal|p1a: Alvvays|94/100|[from] item: Leftovers
|upkeep
|turn|13
|
|t:|1779682505
|move|p2a: Raging Bolt|Thunderbolt|p1a: Alvvays
|-damage|p1a: Alvvays|39/100
|move|p1a: Alvvays|Foul Play|p2a: Raging Bolt
|-damage|p2a: Raging Bolt|32/100
|
|-heal|p1a: Alvvays|45/100|[from] item: Leftovers
|upkeep
|turn|14
|-message|Auburn Hills forfeited.
|
|win|Thajester
|raw|Auburn Hills's rating: 1677 &rarr; <strong>1659</strong><br />(-18 for losing)
|raw|Thajester's rating: 1718 &rarr; <strong>1736</strong><br />(+18 for winning)
|l|☆Auburn Hills
|player|p1|
|l|☆Thajester
|player|p2|
|l| chillncurry
