|j|☆Moedokathesecond
|j|☆jordyn182005jj
|t:|1779561690
|gametype|singles
|player|p1|Moedokathesecond|iris|1215
|player|p2|jordyn182005jj|bruno|1241
|gen|9
|tier|[Gen 9] OU
|rated|
|rule|HP Percentage Mod: HP is shown in percentages
|rule|Endless Battle Clause: Forcing endless battles is banned
|rule|Species Clause: Limit one of each Pokémon
|rule|OHKO Clause: OHKO moves are banned
|rule|Evasion Items Clause: Evasion items are banned
|rule|Evasion Moves Clause: Evasion moves are banned
|rule|Evasion Abilities Clause: Evasion abilities are banned
|rule|Sleep Moves Clause: Sleep-inducing moves are banned
|clearpoke
|poke|p1|Pyroar, F|
|poke|p1|Glimmora, M|
|poke|p1|Kingambit, F|
|poke|p1|Deoxys-Speed|
|poke|p1|Ogerpon-Wellspring, F|
|poke|p1|Great Tusk|
|poke|p2|Ceruledge, F|
|poke|p2|Meowscarada, F|
|poke|p2|Gliscor, M|
|poke|p2|Gholdengo|
|poke|p2|Iron Valiant|
|poke|p2|Excadrill, F|
|teampreview
|
|t:|1779561695
|teamsize|p1|6
|teamsize|p2|6
|start
|switch|p1a: Ogerpon|Ogerpon-Wellspring, F|100/100
|switch|p2a: Gholdengo|Gholdengo|100/100
|-item|p2a: Gholdengo|Air Balloon
|turn|1
|
|t:|1779561702
|move|p1a: Ogerpon|U-turn|p2a: Gholdengo
|-resisted|p2a: Gholdengo
|-damage|p2a: Gholdengo|93/100
|-enditem|p2a: Gholdengo|Air Balloon
|
|t:|1779561708
|switch|p1a: Kingambit|Kingambit, F|100/100|[from] U-turn
|move|p2a: Gholdengo|Nasty Plot|p2a: Gholdengo
|-boost|p2a: Gholdengo|spa|2
|
|upkeep
|turn|2
|
|t:|1779561716
|move|p2a: Gholdengo|Make It Rain|p1a: Kingambit
|-resisted|p1a: Kingambit
|-damage|p1a: Kingambit|40/100
|-unboost|p2a: Gholdengo|spa|1
|move|p1a: Kingambit|Kowtow Cleave|p2a: Gholdengo
|-supereffective|p2a: Gholdengo
|-damage|p2a: Gholdengo|0 fnt
|faint|p2a: Gholdengo
|
|upkeep
|
|t:|1779561724
|switch|p2a: Excadrill|Excadrill, F|100/100
|-ability|p2a: Excadrill|Mold Breaker
|turn|3
|
|t:|1779561729
|-end|p1a: Kingambit|fallenundefined|[silent]
|switch|p1a: Ogerpon|Ogerpon-Wellspring, F|100/100
|move|p2a: Excadrill|Rapid Spin|p1a: Ogerpon
|-damage|p1a: Ogerpon|78/100
|-boost|p2a: Excadrill|spe|1
|
|upkeep
|turn|4
|
|t:|1779561737
|move|p2a: Excadrill|Stealth Rock|p1a: Ogerpon
|-sidestart|p1: Moedokathesecond|move: Stealth Rock
|move|p1a: Ogerpon|Ivy Cudgel|p2a: Excadrill|[anim] Ivy Cudgel Water
|-supereffective|p2a: Excadrill
|-enditem|p2a: Excadrill|Focus Sash
|-damage|p2a: Excadrill|1/100
|
|upkeep
|turn|5
|
|t:|1779561745
|move|p2a: Excadrill|Drill Run|p1a: Ogerpon
|-resisted|p1a: Ogerpon
|-crit|p1a: Ogerpon
|-damage|p1a: Ogerpon|38/100
|move|p1a: Ogerpon|U-turn|p2a: Excadrill
|-resisted|p2a: Excadrill
|-damage|p2a: Excadrill|0 fnt
|faint|p2a: Excadrill
|
|t:|1779561752
|switch|p1a: Glimmora|Glimmora, M|100/100|[from] U-turn
|-damage|p1a: Glimmora|88/100|[from] Stealth Rock
|
|upkeep
|
|t:|1779561765
|switch|p2a: Gliscor|Gliscor, M, shiny|100/100
|turn|6
|
|t:|1779561768
|move|p2a: Gliscor|Protect|p2a: Gliscor
|-singleturn|p2a: Gliscor|Protect
|move|p1a: Glimmora|Meteor Beam||[still]
|-prepare|p1a: Glimmora|Meteor Beam
|-boost|p1a: Glimmora|spa|1
|-enditem|p1a: Glimmora|Power Herb
|-anim|p1a: Glimmora|Meteor Beam|p2a: Gliscor
|-activate|p2a: Gliscor|move: Protect
|
|-status|p2a: Gliscor|tox|[from] item: Toxic Orb
|upkeep
|turn|7
|
|t:|1779561789
|switch|p1a: Great Tusk|Great Tusk|100/100
|-damage|p1a: Great Tusk|98/100|[from] Stealth Rock
|move|p2a: Gliscor|Earthquake|p1a: Great Tusk
|-damage|p1a: Great Tusk|67/100
|
|upkeep
|turn|8
|
|t:|1779561799
|switch|p2a: Meowscarada|Meowscarada, F, shiny|100/100
|move|p1a: Great Tusk|Rapid Spin|p2a: Meowscarada
|-damage|p2a: Meowscarada|59/100
|-boost|p1a: Great Tusk|spe|1
|-sideend|p1: Moedokathesecond|Stealth Rock|[from] move: Rapid Spin|[of] p1a: Great Tusk
|
|upkeep
|turn|9
|
|t:|1779561810
|-end|p1a: Great Tusk|Protosynthesis|[silent]
|switch|p1a: Kingambit|Kingambit, F|40/100
|move|p2a: Meowscarada|Triple Axel|p1a: Kingambit
|-start|p2a: Meowscarada|typechange|Ice|[from] ability: Protean
|-resisted|p1a: Kingambit
|-damage|p1a: Kingambit|37/100
|-resisted|p1a: Kingambit
|-damage|p1a: Kingambit|30/100
|-resisted|p1a: Kingambit
|-damage|p1a: Kingambit|20/100
|-hitcount|p1a: Kingambit|3
|
|upkeep
|turn|10
|
|t:|1779561822
|move|p1a: Kingambit|Sucker Punch|p2a: Meowscarada
|-damage|p2a: Meowscarada|0 fnt
|faint|p2a: Meowscarada
|
|upkeep
|
|t:|1779561827
|switch|p2a: Iron Valiant|Iron Valiant|100/100
|-enditem|p2a: Iron Valiant|Booster Energy
|-activate|p2a: Iron Valiant|ability: Quark Drive|[fromitem]
|-start|p2a: Iron Valiant|quarkdrivespe
|turn|11
|
|t:|1779561834
|move|p1a: Kingambit|Sucker Punch||[still]
|-fail|p1a: Kingambit
|move|p2a: Iron Valiant|Calm Mind|p2a: Iron Valiant
|-boost|p2a: Iron Valiant|spa|1
|-boost|p2a: Iron Valiant|spd|1
|
|upkeep
|turn|12
|
|t:|1779561840
|move|p1a: Kingambit|Sucker Punch||[still]
|-fail|p1a: Kingambit
|move|p2a: Iron Valiant|Calm Mind|p2a: Iron Valiant
|-boost|p2a: Iron Valiant|spa|1
|-boost|p2a: Iron Valiant|spd|1
|
|upkeep
|turn|13
|
|t:|1779561847
|move|p2a: Iron Valiant|Moonblast|p1a: Kingambit
|-damage|p1a: Kingambit|0 fnt
|faint|p1a: Kingambit
|-end|p1a: Kingambit|fallenundefined|[silent]
|
|upkeep
|
|t:|1779561858
|switch|p1a: Glimmora|Glimmora, M|88/100
|turn|14
|
|t:|1779561865
|-terastallize|p2a: Iron Valiant|Fairy
|move|p2a: Iron Valiant|Moonblast|p1a: Glimmora
|-resisted|p1a: Glimmora
|-damage|p1a: Glimmora|15/100
|-unboost|p1a: Glimmora|spa|1
|move|p1a: Glimmora|Mortal Spin|p2a: Iron Valiant
|-supereffective|p2a: Iron Valiant
|-damage|p2a: Iron Valiant|83/100
|-status|p2a: Iron Valiant|psn
|
|-damage|p2a: Iron Valiant|71/100 psn|[from] psn
|upkeep
|turn|15
|
|t:|1779561876
|move|p2a: Iron Valiant|Moonblast|p1a: Glimmora
|-resisted|p1a: Glimmora
|-damage|p1a: Glimmora|0 fnt
|faint|p1a: Glimmora
|
|-damage|p2a: Iron Valiant|58/100 psn|[from] psn
|upkeep
|
|t:|1779561886
|switch|p1a: Deoxys|Deoxys-Speed|100/100
|-ability|p1a: Deoxys|Pressure
|turn|16
|
|t:|1779561892
|move|p2a: Iron Valiant|Knock Off|p1a: Deoxys
|-supereffective|p1a: Deoxys
|-damage|p1a: Deoxys|48/100
|-enditem|p1a: Deoxys|Light Clay|[from] move: Knock Off|[of] p2a: Iron Valiant
|move|p1a: Deoxys|Light Screen|p1a: Deoxys
|-sidestart|p1: Moedokathesecond|move: Light Screen
|
|-damage|p2a: Iron Valiant|46/100 psn|[from] psn
|upkeep
|turn|17
|
|t:|1779561899
|move|p2a: Iron Valiant|Knock Off|p1a: Deoxys
|-supereffective|p1a: Deoxys
|-damage|p1a: Deoxys|11/100
|move|p1a: Deoxys|Reflect|p1a: Deoxys
|-sidestart|p1: Moedokathesecond|Reflect
|
|-damage|p2a: Iron Valiant|33/100 psn|[from] psn
|upkeep
|turn|18
|
|t:|1779561905
|move|p2a: Iron Valiant|Moonblast|p1a: Deoxys
|-damage|p1a: Deoxys|0 fnt
|faint|p1a: Deoxys
|
|-damage|p2a: Iron Valiant|21/100 psn|[from] psn
|upkeep
|
|t:|1779561916
|switch|p1a: Jane Juliet|Pyroar, F|100/100
|-ability|p1a: Jane Juliet|Unnerve
|turn|19
|
|t:|1779561925
|move|p2a: Iron Valiant|Aura Sphere|p1a: Jane Juliet
|-supereffective|p1a: Jane Juliet
|-damage|p1a: Jane Juliet|0 fnt
|faint|p1a: Jane Juliet
|
|-damage|p2a: Iron Valiant|8/100 psn|[from] psn
|upkeep
|
|t:|1779561938
|switch|p1a: Ogerpon|Ogerpon-Wellspring, F|38/100
|turn|20
|
|t:|1779561942
|move|p2a: Iron Valiant|Moonblast|p1a: Ogerpon
|-damage|p1a: Ogerpon|0 fnt
|faint|p1a: Ogerpon
|
|-damage|p2a: Iron Valiant|0 fnt|[from] psn
|faint|p2a: Iron Valiant
|-end|p2a: Iron Valiant|Quark Drive|[silent]
|-sideend|p1: Moedokathesecond|move: Light Screen
|upkeep
|
|t:|1779561950
|switch|p2a: Ceruledge|Ceruledge, F, shiny|100/100
|switch|p1a: Great Tusk|Great Tusk|67/100
|turn|21
|
|t:|1779561959
|move|p1a: Great Tusk|Headlong Rush|p2a: Ceruledge
|-supereffective|p2a: Ceruledge
|-damage|p2a: Ceruledge|0 fnt
|-unboost|p1a: Great Tusk|def|1
|-unboost|p1a: Great Tusk|spd|1
|faint|p2a: Ceruledge
|
|-sideend|p1: Moedokathesecond|Reflect
|upkeep
|
|t:|1779561962
|switch|p2a: Gliscor|Gliscor, M, shiny|100/100 tox
|turn|22
|c|☆Moedokathesecond|gg
|-message|Moedokathesecond forfeited.
|
|win|jordyn182005jj
|raw|Moedokathesecond's rating: 1215 &rarr; <strong>1192</strong><br />(-23 for losing)
|raw|jordyn182005jj's rating: 1241 &rarr; <strong>1264</strong><br />(+23 for winning)
|l|☆Moedokathesecond
|player|p1|
|l|☆jordyn182005jj
|player|p2|
