|j|☆MeioPotato
|j|☆OP Earthquakes
|t:|1779647926
|gametype|singles
|player|p1|MeioPotato|rosa|1522
|player|p2|OP Earthquakes|giovanni-masters|1632
|gen|9
|tier|[Gen 9] OU
|rated|
|rule|HP Percentage Mod: HP is shown in percentages
|rule|Endless Battle Clause: Forcing endless battles is banned
|rule|Species Clause: Limit one of each Pokémon
|rule|OHKO Clause: OHKO moves are banned
|rule|Evasion Items Clause: Evasion items are banned
|rule|Evasion Moves Clause: Evasion moves are banned
|rule|Evasion Abilities Clause: Evasion abilities are banned
|rule|Sleep Moves Clause: Sleep-inducing moves are banned
|clearpoke
|poke|p1|Latias, F|
|poke|p1|Iron Moth|
|poke|p1|Polteageist|
|poke|p1|Ogerpon-Wellspring, F|
|poke|p1|Kingambit, M|
|poke|p1|Zamazenta-*|
|poke|p2|Tyranitar, F|
|poke|p2|Pawmot, F|
|poke|p2|Kyurem|
|poke|p2|Excadrill, M|
|poke|p2|Hawlucha, M|
|poke|p2|Grimmsnarl, M|
|teampreview
|inactive|Battle timer is ON: inactive players will automatically lose when time's up. (requested by OP Earthquakes)
|inactive|MeioPotato also wants the timer to be on.
|
|t:|1779647935
|teamsize|p1|6
|teamsize|p2|6
|start
|switch|p1a: Kinkajou|Ogerpon-Wellspring, F|100/100
|switch|p2a: Grimmsnarl|Grimmsnarl, M|100/100
|turn|1
|
|t:|1779647942
|switch|p1a: Darkstalker|Kingambit, M|100/100
|move|p2a: Grimmsnarl|Thunder Wave|p1a: Darkstalker
|-hint|Since gen 7, Dark is immune to Prankster moves.
|-immune|p1a: Darkstalker
|
|upkeep
|turn|2
|
|t:|1779647948
|move|p1a: Darkstalker|Kowtow Cleave|p2a: Grimmsnarl
|-resisted|p2a: Grimmsnarl
|-damage|p2a: Grimmsnarl|87/100
|move|p2a: Grimmsnarl|Low Kick|p1a: Darkstalker
|-supereffective|p1a: Darkstalker
|-damage|p1a: Darkstalker|0 fnt
|faint|p1a: Darkstalker
|
|upkeep
|
|t:|1779647953
|switch|p1a: Luna|Iron Moth|100/100
|turn|3
|
|t:|1779647958
|switch|p2a: The sandstorm|Tyranitar, F, shiny|100/100
|-weather|Sandstorm|[from] ability: Sand Stream|[of] p2a: The sandstorm
|move|p1a: Luna|Fiery Dance|p2a: The sandstorm
|-resisted|p2a: The sandstorm
|-damage|p2a: The sandstorm|86/100
|
|-weather|Sandstorm|[upkeep]
|-damage|p1a: Luna|95/100|[from] Sandstorm
|upkeep
|turn|4
|
|t:|1779647961
|move|p1a: Luna|Energy Ball|p2a: The sandstorm
|-supereffective|p2a: The sandstorm
|-damage|p2a: The sandstorm|45/100
|move|p2a: The sandstorm|Thunder Wave|p1a: Luna
|-status|p1a: Luna|par
|
|-weather|Sandstorm|[upkeep]
|-damage|p1a: Luna|89/100 par|[from] Sandstorm
|upkeep
|turn|5
|
|t:|1779647966
|switch|p2a: Toshiro|Kyurem, shiny|100/100
|-ability|p2a: Toshiro|Pressure
|move|p1a: Luna|Energy Ball|p2a: Toshiro
|-resisted|p2a: Toshiro
|-damage|p2a: Toshiro|86/100
|
|-weather|Sandstorm|[upkeep]
|-damage|p2a: Toshiro|79/100|[from] Sandstorm
|-damage|p1a: Luna|83/100 par|[from] Sandstorm
|upkeep
|turn|6
|
|t:|1779647968
|move|p2a: Toshiro|Freeze-Dry|p1a: Luna
|-resisted|p1a: Luna
|-damage|p1a: Luna|62/100 par
|move|p1a: Luna|Dazzling Gleam|p2a: Toshiro
|-supereffective|p2a: Toshiro
|-damage|p2a: Toshiro|21/100
|
|-weather|Sandstorm|[upkeep]
|-damage|p2a: Toshiro|15/100|[from] Sandstorm
|-damage|p1a: Luna|56/100 par|[from] Sandstorm
|upkeep
|turn|7
|
|t:|1779647971
|move|p2a: Toshiro|Earth Power|p1a: Luna
|-supereffective|p1a: Luna
|-damage|p1a: Luna|0 fnt
|faint|p1a: Luna
|-end|p1a: Luna|Quark Drive|[silent]
|
|-weather|Sandstorm|[upkeep]
|-damage|p2a: Toshiro|9/100|[from] Sandstorm
|upkeep
|
|t:|1779647980
|switch|p1a: Peril|Zamazenta|100/100
|-ability|p1a: Peril|Dauntless Shield|boost
|-boost|p1a: Peril|def|1
|turn|8
|
|t:|1779647983
|-terastallize|p2a: Toshiro|Ghost
|move|p1a: Peril|Crunch|p2a: Toshiro
|-supereffective|p2a: Toshiro
|-damage|p2a: Toshiro|0 fnt
|faint|p2a: Toshiro
|
|-weather|Sandstorm|[upkeep]
|-damage|p1a: Peril|94/100|[from] Sandstorm
|-heal|p1a: Peril|100/100|[from] item: Leftovers
|upkeep
|j| hattybatty304
|
|t:|1779647991
|switch|p2a: Grimmsnarl|Grimmsnarl, M|87/100
|turn|9
|
|t:|1779647994
|move|p2a: Grimmsnarl|Thunder Wave|p1a: Peril
|-status|p1a: Peril|par
|move|p1a: Peril|Iron Defense|p1a: Peril
|-boost|p1a: Peril|def|2
|
|-weather|Sandstorm|[upkeep]
|-damage|p1a: Peril|94/100 par|[from] Sandstorm
|-damage|p2a: Grimmsnarl|81/100|[from] Sandstorm
|-heal|p1a: Peril|100/100 par|[from] item: Leftovers
|upkeep
|turn|10
|
|t:|1779648001
|switch|p2a: Itachi|Hawlucha, M, shiny|100/100
|-ability|p2a: Itachi|Mold Breaker
|move|p1a: Peril|Iron Defense|p1a: Peril
|-boost|p1a: Peril|def|2
|
|-weather|none
|upkeep
|turn|11
|
|t:|1779648004
|move|p2a: Itachi|Encore|p1a: Peril
|-start|p1a: Peril|Encore
|move|p1a: Peril|Iron Defense|p1a: Peril
|-boost|p1a: Peril|def|1
|
|upkeep
|turn|12
|
|t:|1779648007
|switch|p1a: Boa|Polteageist|100/100
|move|p2a: Itachi|Swords Dance|p2a: Itachi
|-boost|p2a: Itachi|atk|2
|
|upkeep
|turn|13
|
|t:|1779648009
|move|p2a: Itachi|Brave Bird|p1a: Boa
|-enditem|p1a: Boa|Focus Sash
|-damage|p1a: Boa|1/100
|-ability|p1a: Boa|Weak Armor|boost
|-unboost|p1a: Boa|def|1
|-boost|p1a: Boa|spe|2
|-damage|p2a: Itachi|72/100|[from] Recoil
|move|p1a: Boa|Shell Smash|p1a: Boa
|-unboost|p1a: Boa|def|1
|-unboost|p1a: Boa|spd|1
|-boost|p1a: Boa|atk|2
|-boost|p1a: Boa|spa|2
|-boost|p1a: Boa|spe|2
|
|upkeep
|turn|14
|
|t:|1779648017
|switch|p2a: The sandstorm|Tyranitar, F, shiny|45/100
|-weather|Sandstorm|[from] ability: Sand Stream|[of] p2a: The sandstorm
|move|p1a: Boa|Shadow Ball|p2a: The sandstorm
|-resisted|p2a: The sandstorm
|-damage|p2a: The sandstorm|14/100
|-unboost|p2a: The sandstorm|spd|1
|
|-weather|Sandstorm|[upkeep]
|-damage|p1a: Boa|0 fnt|[from] Sandstorm
|faint|p1a: Boa
|upkeep
|
|t:|1779648020
|switch|p1a: Kinkajou|Ogerpon-Wellspring, F|100/100
|turn|15
|
|t:|1779648027
|move|p1a: Kinkajou|Horn Leech|p2a: The sandstorm
|-supereffective|p2a: The sandstorm
|-damage|p2a: The sandstorm|0 fnt
|faint|p2a: The sandstorm
|
|-weather|Sandstorm|[upkeep]
|-damage|p1a: Kinkajou|95/100|[from] Sandstorm
|upkeep
|
|t:|1779648034
|switch|p2a: Grimmsnarl|Grimmsnarl, M|81/100
|turn|16
|
|t:|1779648037
|move|p2a: Grimmsnarl|Reflect|p2a: Grimmsnarl
|-sidestart|p2: OP Earthquakes|Reflect
|move|p1a: Kinkajou|Knock Off|p2a: Grimmsnarl
|-resisted|p2a: Grimmsnarl
|-damage|p2a: Grimmsnarl|75/100
|-enditem|p2a: Grimmsnarl|Light Clay|[from] move: Knock Off|[of] p1a: Kinkajou
|
|-weather|Sandstorm|[upkeep]
|-damage|p1a: Kinkajou|89/100|[from] Sandstorm
|-damage|p2a: Grimmsnarl|68/100|[from] Sandstorm
|upkeep
|turn|17
|
|t:|1779648042
|move|p2a: Grimmsnarl|Thunder Wave|p1a: Kinkajou
|-status|p1a: Kinkajou|par
|move|p1a: Kinkajou|Swords Dance|p1a: Kinkajou
|-boost|p1a: Kinkajou|atk|2
|
|-weather|Sandstorm|[upkeep]
|-damage|p2a: Grimmsnarl|62/100|[from] Sandstorm
|-damage|p1a: Kinkajou|83/100 par|[from] Sandstorm
|upkeep
|turn|18
|
|t:|1779648046
|switch|p2a: Itachi|Hawlucha, M, shiny|72/100
|-ability|p2a: Itachi|Mold Breaker
|move|p1a: Kinkajou|Horn Leech|p2a: Itachi
|-resisted|p2a: Itachi
|-damage|p2a: Itachi|41/100
|-heal|p1a: Kinkajou|98/100 par|[from] drain|[of] p2a: Itachi
|-enditem|p2a: Itachi|Red Card|[of] p1a: Kinkajou
|drag|p1a: Clearsight|Latias, F|100/100
|
|-weather|Sandstorm|[upkeep]
|-damage|p2a: Itachi|35/100|[from] Sandstorm
|-damage|p1a: Clearsight|95/100|[from] Sandstorm
|upkeep
|turn|19
|
|t:|1779648053
|move|p2a: Itachi|Brave Bird|p1a: Clearsight
|-damage|p1a: Clearsight|53/100
|-damage|p2a: Itachi|21/100|[from] Recoil
|move|p1a: Clearsight|Agility|p1a: Clearsight
|-boost|p1a: Clearsight|spe|2
|
|-weather|Sandstorm|[upkeep]
|-damage|p1a: Clearsight|47/100|[from] Sandstorm
|-damage|p2a: Itachi|15/100|[from] Sandstorm
|upkeep
|turn|20
|
|t:|1779648060
|move|p1a: Clearsight|Draining Kiss|p2a: Itachi
|-supereffective|p2a: Itachi
|-damage|p2a: Itachi|0 fnt
|-heal|p1a: Clearsight|58/100|[from] drain|[of] p2a: Itachi
|faint|p2a: Itachi
|
|-weather|Sandstorm|[upkeep]
|-damage|p1a: Clearsight|52/100|[from] Sandstorm
|upkeep
|
|t:|1779648063
|switch|p2a: OP|Excadrill, M|100/100
|turn|21
|
|t:|1779648067
|move|p1a: Clearsight|Calm Mind|p1a: Clearsight
|-boost|p1a: Clearsight|spa|1
|-boost|p1a: Clearsight|spd|1
|move|p2a: OP|Iron Head|p1a: Clearsight
|-damage|p1a: Clearsight|0 fnt
|faint|p1a: Clearsight
|
|-weather|none
|upkeep
|
|t:|1779648070
|switch|p1a: Peril|Zamazenta|100/100 par
|turn|22
|
|t:|1779648075
|move|p2a: OP|Iron Head|p1a: Peril
|-damage|p1a: Peril|36/100 par
|move|p1a: Peril|Iron Defense|p1a: Peril
|-boost|p1a: Peril|def|2
|
|-heal|p1a: Peril|42/100 par|[from] item: Leftovers
|upkeep
|turn|23
|j| FaronAan
|
|t:|1779648078
|move|p2a: OP|Iron Head|p1a: Peril
|-damage|p1a: Peril|8/100 par
|cant|p1a: Peril|flinch
|
|-heal|p1a: Peril|15/100 par|[from] item: Leftovers
|-sideend|p2: OP Earthquakes|Reflect
|upkeep
|turn|24
|
|t:|1779648080
|move|p2a: OP|Iron Head|p1a: Peril
|-damage|p1a: Peril|0 fnt
|faint|p1a: Peril
|
|upkeep
|
|t:|1779648082
|switch|p1a: Kinkajou|Ogerpon-Wellspring, F|98/100 par
|turn|25
|
|t:|1779648087
|move|p2a: OP|Iron Head|p1a: Kinkajou
|-resisted|p1a: Kinkajou
|-damage|p1a: Kinkajou|53/100 par
|cant|p1a: Kinkajou|flinch
|
|upkeep
|turn|26
|
|t:|1779648090
|move|p2a: OP|Iron Head|p1a: Kinkajou
|-resisted|p1a: Kinkajou
|-damage|p1a: Kinkajou|5/100 par
|move|p1a: Kinkajou|Ivy Cudgel|p2a: OP|[anim] Ivy Cudgel Water
|-supereffective|p2a: OP
|-damage|p2a: OP|0 fnt
|faint|p2a: OP
|
|upkeep
|
|t:|1779648093
|switch|p2a: Grimmsnarl|Grimmsnarl, M|62/100
|turn|27
|
|t:|1779648095
|move|p2a: Grimmsnarl|Low Kick|p1a: Kinkajou
|-damage|p1a: Kinkajou|0 fnt
|faint|p1a: Kinkajou
|
|win|OP Earthquakes
|raw|MeioPotato's rating: 1502 &rarr; <strong>1489</strong><br />(-13 for losing)
|raw|OP Earthquakes's rating: 1632 &rarr; <strong>1645</strong><br />(+13 for winning)
|l|☆OP Earthquakes
|player|p2|
|l|☆MeioPotato
|player|p1|
|l| FaronAan
|l| hattybatty304
