|j|☆superseng777
|j|☆mid0na/vaaty
|t:|1779658387
|gametype|singles
|player|p1|superseng777|iris-gen5bw2|1108
|player|p2|mid0na/vaaty|cynthia|1107
|gen|9
|tier|[Gen 9] OU
|rated|
|rule|HP Percentage Mod: HP is shown in percentages
|rule|Endless Battle Clause: Forcing endless battles is banned
|rule|Species Clause: Limit one of each Pokémon
|rule|OHKO Clause: OHKO moves are banned
|rule|Evasion Items Clause: Evasion items are banned
|rule|Evasion Moves Clause: Evasion moves are banned
|rule|Evasion Abilities Clause: Evasion abilities are banned
|rule|Sleep Moves Clause: Sleep-inducing moves are banned
|clearpoke
|poke|p1|Tyranitar, F|
|poke|p1|Excadrill, F|
|poke|p1|Primarina, F|
|poke|p1|Gliscor, M|
|poke|p1|Garchomp, M|
|poke|p1|Wo-Chien|
|poke|p2|Garchomp, M|
|poke|p2|Quaquaval, M|
|poke|p2|Moltres|
|poke|p2|Polteageist|
|poke|p2|Espeon, M|
|poke|p2|Scizor, F|
|teampreview
|inactive|Battle timer is ON: inactive players will automatically lose when time's up. (requested by mid0na/vaaty)
|inactive|superseng777 also wants the timer to be on.
|
|t:|1779658393
|teamsize|p1|6
|teamsize|p2|6
|start
|switch|p1a: Justin Bieber|Tyranitar, F|100/100
|switch|p2a: Espeon|Espeon, M, shiny|100/100
|-weather|Sandstorm|[from] ability: Sand Stream|[of] p1a: Justin Bieber
|turn|1
|
|t:|1779658413
|move|p2a: Espeon|Trick|p1a: Justin Bieber
|-activate|p2a: Espeon|move: Trick|[of] p1a: Justin Bieber
|-item|p1a: Justin Bieber|Black Sludge|[from] move: Trick
|-item|p2a: Espeon|Smooth Rock|[from] move: Trick
|move|p1a: Justin Bieber|Dragon Dance|p1a: Justin Bieber
|-boost|p1a: Justin Bieber|atk|1
|-boost|p1a: Justin Bieber|spe|1
|
|-weather|Sandstorm|[upkeep]
|-damage|p2a: Espeon|94/100|[from] Sandstorm
|-damage|p1a: Justin Bieber|88/100|[from] item: Black Sludge
|upkeep
|turn|2
|
|t:|1779658425
|move|p2a: Espeon|Wish|p2a: Espeon
|move|p1a: Justin Bieber|Knock Off|p2a: Espeon
|-supereffective|p2a: Espeon
|-damage|p2a: Espeon|0 fnt
|-enditem|p2a: Espeon|Smooth Rock|[from] move: Knock Off|[of] p1a: Justin Bieber
|faint|p2a: Espeon
|
|-weather|Sandstorm|[upkeep]
|-damage|p1a: Justin Bieber|76/100|[from] item: Black Sludge
|upkeep
|
|t:|1779658435
|switch|p2a: Quaquaval|Quaquaval, M, shiny|100/100
|turn|3
|
|t:|1779658443
|move|p1a: Justin Bieber|Knock Off|p2a: Quaquaval
|-resisted|p2a: Quaquaval
|-damage|p2a: Quaquaval|42/100
|-enditem|p2a: Quaquaval|Leftovers|[from] move: Knock Off|[of] p1a: Justin Bieber
|move|p2a: Quaquaval|Aqua Step|p1a: Justin Bieber
|-supereffective|p1a: Justin Bieber
|-damage|p1a: Justin Bieber|8/100
|-boost|p2a: Quaquaval|spe|1
|
|-weather|Sandstorm|[upkeep]
|-damage|p2a: Quaquaval|36/100|[from] Sandstorm
|-heal|p2a: Quaquaval|79/100|[from] move: Wish|[wisher] Espeon
|-damage|p1a: Justin Bieber|0 fnt|[from] item: Black Sludge
|faint|p1a: Justin Bieber
|upkeep
|
|t:|1779658460
|switch|p1a: bae|Primarina, F|100/100
|turn|4
|
|t:|1779658469
|-terastallize|p1a: bae|Steel
|move|p2a: Quaquaval|Flip Turn|p1a: bae
|-damage|p1a: bae|63/100
|
|t:|1779658489
|switch|p2a: Moltres|Moltres, shiny|100/100|[from] Flip Turn
|move|p1a: bae|Moonblast|p2a: Moltres
|-resisted|p2a: Moltres
|-damage|p2a: Moltres|69/100
|
|-weather|Sandstorm|[upkeep]
|-damage|p2a: Moltres|63/100|[from] Sandstorm
|-heal|p2a: Moltres|69/100|[from] item: Leftovers
|-heal|p1a: bae|69/100|[from] item: Leftovers
|upkeep
|turn|5
|
|t:|1779658506
|move|p2a: Moltres|U-turn|p1a: bae
|-resisted|p1a: bae
|-damage|p1a: bae|60/100
|inactive|mid0na/vaaty has 120 seconds left.
|
|t:|1779658517
|switch|p2a: Quaquaval|Quaquaval, M, shiny|79/100|[from] U-turn
|move|p1a: bae|Psychic Noise|p2a: Quaquaval
|-resisted|p2a: Quaquaval
|-damage|p2a: Quaquaval|50/100
|-start|p2a: Quaquaval|move: Heal Block
|
|-weather|Sandstorm|[upkeep]
|-damage|p2a: Quaquaval|44/100|[from] Sandstorm
|-heal|p1a: bae|66/100|[from] item: Leftovers
|upkeep
|turn|6
|inactive|mid0na/vaaty has 120 seconds left.
|inactive|superseng777 has 120 seconds left.
|
|t:|1779658549
|move|p2a: Quaquaval|Close Combat|p1a: bae
|-supereffective|p1a: bae
|-damage|p1a: bae|0 fnt
|-unboost|p2a: Quaquaval|def|1
|-unboost|p2a: Quaquaval|spd|1
|faint|p1a: bae
|-ability|p2a: Quaquaval|Moxie|boost
|-boost|p2a: Quaquaval|atk|1
|
|-weather|Sandstorm|[upkeep]
|-damage|p2a: Quaquaval|38/100|[from] Sandstorm
|-end|p2a: Quaquaval|move: Heal Block
|upkeep
|inactive|superseng777 has 120 seconds left.
|
|t:|1779658568
|switch|p1a: quarter ounce|Wo-Chien|100/100
|-ability|p1a: quarter ounce|Tablets of Ruin
|turn|7
|inactive|mid0na/vaaty has 120 seconds left.
|
|t:|1779658582
|-terastallize|p2a: Quaquaval|Grass
|move|p2a: Quaquaval|Roost|p2a: Quaquaval
|-heal|p2a: Quaquaval|88/100
|move|p1a: quarter ounce|Giga Drain|p2a: Quaquaval
|-resisted|p2a: Quaquaval
|-damage|p2a: Quaquaval|63/100
|
|-weather|Sandstorm|[upkeep]
|-damage|p2a: Quaquaval|57/100|[from] Sandstorm
|-damage|p1a: quarter ounce|94/100|[from] Sandstorm
|-heal|p1a: quarter ounce|100/100|[from] item: Leftovers
|upkeep
|turn|8
|inactive|superseng777 has 120 seconds left.
|inactive|mid0na/vaaty has 120 seconds left.
|
|t:|1779658594
|move|p2a: Quaquaval|Aqua Step|p1a: quarter ounce
|-resisted|p1a: quarter ounce
|-damage|p1a: quarter ounce|80/100
|-boost|p2a: Quaquaval|spe|1
|move|p1a: quarter ounce|Knock Off|p2a: Quaquaval
|-damage|p2a: Quaquaval|19/100
|
|-weather|none
|-heal|p1a: quarter ounce|86/100|[from] item: Leftovers
|upkeep
|turn|9
|inactive|superseng777 has 120 seconds left.
|
|t:|1779658604
|move|p1a: quarter ounce|Protect|p1a: quarter ounce
|-singleturn|p1a: quarter ounce|Protect
|move|p2a: Quaquaval|Roost|p2a: Quaquaval
|-heal|p2a: Quaquaval|69/100
|
|-heal|p1a: quarter ounce|92/100|[from] item: Leftovers
|upkeep
|turn|10
|
|t:|1779658612
|move|p2a: Quaquaval|Close Combat|p1a: quarter ounce
|-supereffective|p1a: quarter ounce
|-damage|p1a: quarter ounce|0 fnt
|-unboost|p2a: Quaquaval|def|1
|-unboost|p2a: Quaquaval|spd|1
|faint|p1a: quarter ounce
|-ability|p2a: Quaquaval|Moxie|boost
|-boost|p2a: Quaquaval|atk|1
|
|upkeep
|-message|superseng777 forfeited.
|
|win|mid0na/vaaty
|raw|superseng777's rating: 1108 &rarr; <strong>1083</strong><br />(-25 for losing)
|raw|mid0na&#x2f;vaaty's rating: 1107 &rarr; <strong>1132</strong><br />(+25 for winning)
|l|☆superseng777
|player|p1|
