|j|☆yueeeem
|j|☆xamsir
|t:|1779603545
|gametype|singles
|player|p1|yueeeem|nurse|1498
|player|p2|xamsir|grimsley|1545
|gen|9
|tier|[Gen 9] OU
|rated|
|rule|HP Percentage Mod: HP is shown in percentages
|rule|Endless Battle Clause: Forcing endless battles is banned
|rule|Species Clause: Limit one of each Pokémon
|rule|OHKO Clause: OHKO moves are banned
|rule|Evasion Items Clause: Evasion items are banned
|rule|Evasion Moves Clause: Evasion moves are banned
|rule|Evasion Abilities Clause: Evasion abilities are banned
|rule|Sleep Moves Clause: Sleep-inducing moves are banned
|clearpoke
|poke|p1|Braviary-Hisui, M|
|poke|p1|Pelipper, F|
|poke|p1|Iron Treads|
|poke|p1|Basculegion, M|
|poke|p1|Raging Bolt|
|poke|p1|Kingambit, M|
|poke|p2|Ting-Lu|
|poke|p2|Gholdengo|
|poke|p2|Enamorus, F|
|poke|p2|Gliscor, F|
|poke|p2|Ceruledge, F|
|poke|p2|Ogerpon-Wellspring, F|
|teampreview
|l|☆yueeeem
|player|p1|
|inactive|Battle timer is ON: inactive players will automatically lose when time's up. (requested by xamsir)
|j|☆yueeeem
|inactive|yueeeem reconnected and has 140 seconds left.
|player|p1|yueeeem|nurse|
|
|t:|1779603608
|teamsize|p1|6
|teamsize|p2|6
|start
|switch|p1a: Pelipper|Pelipper, F|100/100
|switch|p2a: Gliscor|Gliscor, F|100/100
|-weather|RainDance|[from] ability: Drizzle|[of] p1a: Pelipper
|turn|1
|
|t:|1779603611
|move|p2a: Gliscor|Protect|p2a: Gliscor
|-singleturn|p2a: Gliscor|Protect
|move|p1a: Pelipper|Weather Ball|p2a: Gliscor
|-activate|p2a: Gliscor|move: Protect
|
|-weather|RainDance|[upkeep]
|-status|p2a: Gliscor|tox|[from] item: Toxic Orb
|upkeep
|turn|2
|
|t:|1779603614
|-terastallize|p2a: Gliscor|Water
|move|p2a: Gliscor|Knock Off|p1a: Pelipper
|-crit|p1a: Pelipper
|-damage|p1a: Pelipper|77/100
|-enditem|p1a: Pelipper|Damp Rock|[from] move: Knock Off|[of] p2a: Gliscor
|move|p1a: Pelipper|U-turn|p2a: Gliscor
|-damage|p2a: Gliscor|95/100 tox
|
|t:|1779603621
|switch|p1a: Raging Bolt|Raging Bolt|100/100|[from] U-turn
|-enditem|p1a: Raging Bolt|Booster Energy
|-activate|p1a: Raging Bolt|ability: Protosynthesis|[fromitem]
|-start|p1a: Raging Bolt|protosynthesisspa
|
|-weather|RainDance|[upkeep]
|-heal|p2a: Gliscor|100/100 tox|[from] ability: Poison Heal
|upkeep
|turn|3
|
|t:|1779603624
|move|p2a: Gliscor|Protect|p2a: Gliscor
|-singleturn|p2a: Gliscor|Protect
|move|p1a: Raging Bolt|Weather Ball|p2a: Gliscor
|-activate|p2a: Gliscor|move: Protect
|
|-weather|RainDance|[upkeep]
|upkeep
|turn|4
|
|t:|1779603627
|switch|p2a: Ogerpon|Ogerpon-Wellspring, F|100/100
|move|p1a: Raging Bolt|Thunderbolt|p2a: Ogerpon
|-damage|p2a: Ogerpon|25/100
|
|-weather|RainDance|[upkeep]
|upkeep
|turn|5
|
|t:|1779603633
|switch|p2a: Ting-Lu|Ting-Lu|100/100
|-ability|p2a: Ting-Lu|Vessel of Ruin
|move|p1a: Raging Bolt|Thunderbolt|p2a: Ting-Lu
|-immune|p2a: Ting-Lu
|
|-weather|RainDance|[upkeep]
|upkeep
|turn|6
|
|t:|1779603635
|switch|p2a: Ogerpon|Ogerpon-Wellspring, F|25/100
|move|p1a: Raging Bolt|Weather Ball|p2a: Ogerpon
|-heal|p2a: Ogerpon|50/100|[from] ability: Water Absorb|[of] p1a: Raging Bolt
|
|-weather|RainDance|[upkeep]
|upkeep
|turn|7
|
|t:|1779603637
|move|p2a: Ogerpon|Encore|p1a: Raging Bolt
|-start|p1a: Raging Bolt|Encore
|move|p1a: Raging Bolt|Weather Ball|p2a: Ogerpon
|-heal|p2a: Ogerpon|75/100|[from] ability: Water Absorb|[of] p1a: Raging Bolt
|
|-weather|RainDance|[upkeep]
|upkeep
|turn|8
|
|t:|1779603642
|-end|p1a: Raging Bolt|Protosynthesis|[silent]
|switch|p1a: Braviary|Braviary-Hisui, M|100/100
|move|p2a: Ogerpon|Ivy Cudgel|p1a: Braviary|[anim] Ivy Cudgel Water
|-damage|p1a: Braviary|0 fnt
|faint|p1a: Braviary
|
|-weather|none
|upkeep
|
|t:|1779603645
|switch|p1a: Raging Bolt|Raging Bolt|100/100
|turn|9
|
|t:|1779603648
|switch|p2a: Ting-Lu|Ting-Lu|100/100
|-ability|p2a: Ting-Lu|Vessel of Ruin
|move|p1a: Raging Bolt|Draco Meteor|p2a: Ting-Lu
|-damage|p2a: Ting-Lu|68/100
|-unboost|p1a: Raging Bolt|spa|2
|
|-heal|p2a: Ting-Lu|74/100|[from] item: Leftovers
|upkeep
|turn|10
|
|t:|1779603656
|-end|p1a: Raging Bolt|Protosynthesis|[silent]
|switch|p1a: Basculegion|Basculegion, M|100/100
|move|p2a: Ting-Lu|Spikes|p1a: Basculegion
|-sidestart|p1: yueeeem|Spikes
|
|-heal|p2a: Ting-Lu|80/100|[from] item: Leftovers
|upkeep
|turn|11
|
|t:|1779603661
|move|p1a: Basculegion|Psychic Fangs|p2a: Ting-Lu
|-immune|p2a: Ting-Lu
|move|p2a: Ting-Lu|Stealth Rock|p1a: Basculegion
|-sidestart|p1: yueeeem|move: Stealth Rock
|
|-heal|p2a: Ting-Lu|86/100|[from] item: Leftovers
|upkeep
|turn|12
|
|t:|1779603668
|switch|p1a: Iron Treads|Iron Treads|100/100
|-damage|p1a: Iron Treads|88/100|[from] Spikes
|-damage|p1a: Iron Treads|85/100|[from] Stealth Rock
|-enditem|p1a: Iron Treads|Booster Energy
|-activate|p1a: Iron Treads|ability: Quark Drive|[fromitem]
|-start|p1a: Iron Treads|quarkdrivespe
|move|p2a: Ting-Lu|Whirlwind|p1a: Iron Treads
|-end|p1a: Iron Treads|Quark Drive|[silent]
|drag|p1a: Pelipper|Pelipper, F|77/100
|-damage|p1a: Pelipper|53/100|[from] Stealth Rock
|-weather|RainDance|[from] ability: Drizzle|[of] p1a: Pelipper
|
|-weather|RainDance|[upkeep]
|-heal|p2a: Ting-Lu|93/100|[from] item: Leftovers
|upkeep
|turn|13
|
|t:|1779603680
|move|p1a: Pelipper|Weather Ball|p2a: Ting-Lu
|-supereffective|p2a: Ting-Lu
|-damage|p2a: Ting-Lu|50/100
|move|p2a: Ting-Lu|Spikes|p1a: Pelipper
|-sidestart|p1: yueeeem|Spikes
|
|-weather|RainDance|[upkeep]
|-heal|p2a: Ting-Lu|56/100|[from] item: Leftovers
|upkeep
|turn|14
|
|t:|1779603685
|move|p1a: Pelipper|Weather Ball|p2a: Ting-Lu
|-supereffective|p2a: Ting-Lu
|-damage|p2a: Ting-Lu|12/100
|move|p2a: Ting-Lu|Whirlwind|p1a: Pelipper
|drag|p1a: Raging Bolt|Raging Bolt|100/100
|-damage|p1a: Raging Bolt|84/100|[from] Spikes
|-damage|p1a: Raging Bolt|72/100|[from] Stealth Rock
|
|-weather|RainDance|[upkeep]
|-heal|p2a: Ting-Lu|18/100|[from] item: Leftovers
|upkeep
|turn|15
|
|t:|1779603692
|move|p1a: Raging Bolt|Weather Ball|p2a: Ting-Lu
|-supereffective|p2a: Ting-Lu
|-damage|p2a: Ting-Lu|0 fnt
|faint|p2a: Ting-Lu
|
|-weather|RainDance|[upkeep]
|upkeep
|
|t:|1779603694
|switch|p2a: Ogerpon|Ogerpon-Wellspring, F|75/100
|turn|16
|
|t:|1779603697
|move|p2a: Ogerpon|Encore|p1a: Raging Bolt
|-start|p1a: Raging Bolt|Encore
|move|p1a: Raging Bolt|Weather Ball|p2a: Ogerpon
|-heal|p2a: Ogerpon|99/100|[from] ability: Water Absorb|[of] p1a: Raging Bolt
|
|-weather|none
|upkeep
|turn|17
|
|t:|1779603704
|-end|p1a: Raging Bolt|Protosynthesis|[silent]
|switch|p1a: Pelipper|Pelipper, F|53/100
|-damage|p1a: Pelipper|28/100|[from] Stealth Rock
|-weather|RainDance|[from] ability: Drizzle|[of] p1a: Pelipper
|move|p2a: Ogerpon|Ivy Cudgel|p1a: Pelipper|[anim] Ivy Cudgel Water
|-resisted|p1a: Pelipper
|-damage|p1a: Pelipper|0 fnt
|faint|p1a: Pelipper
|
|-weather|RainDance|[upkeep]
|upkeep
|
|t:|1779603712
|switch|p1a: Basculegion|Basculegion, M|100/100
|-damage|p1a: Basculegion|84/100|[from] Spikes
|-damage|p1a: Basculegion|72/100|[from] Stealth Rock
|turn|18
|
|t:|1779603716
|switch|p2a: Gliscor|Gliscor, F, tera:Water|100/100 tox
|move|p1a: Basculegion|Outrage|p2a: Gliscor
|-damage|p2a: Gliscor|60/100 tox
|
|-weather|RainDance|[upkeep]
|-heal|p2a: Gliscor|73/100 tox|[from] ability: Poison Heal
|upkeep
|turn|19
|
|t:|1779603722
|switch|p2a: Enamorus|Enamorus, F|100/100
|move|p1a: Basculegion|Outrage|p2a: Enamorus|[from] lockedmove
|-immune|p2a: Enamorus
|-start|p1a: Basculegion|confusion|[fatigue]
|
|-weather|RainDance|[upkeep]
|upkeep
|turn|20
|
|t:|1779603730
|switch|p1a: Iron Treads|Iron Treads|85/100
|-damage|p1a: Iron Treads|68/100|[from] Spikes
|-damage|p1a: Iron Treads|65/100|[from] Stealth Rock
|move|p2a: Enamorus|Earth Power|p1a: Iron Treads
|-supereffective|p1a: Iron Treads
|-crit|p1a: Iron Treads
|-damage|p1a: Iron Treads|0 fnt
|faint|p1a: Iron Treads
|-end|p1a: Iron Treads|Quark Drive|[silent]
|
|-weather|RainDance|[upkeep]
|upkeep
|
|t:|1779603738
|switch|p1a: Kingambit|Kingambit, M|100/100
|-damage|p1a: Kingambit|94/100|[from] Stealth Rock
|-activate|p1a: Kingambit|ability: Supreme Overlord
|-start|p1a: Kingambit|fallen3|[silent]
|-item|p1a: Kingambit|Air Balloon
|turn|21
|
|t:|1779603742
|switch|p2a: Ogerpon|Ogerpon-Wellspring, F|99/100
|move|p1a: Kingambit|Swords Dance|p1a: Kingambit
|-boost|p1a: Kingambit|atk|2
|
|-weather|none
|upkeep
|turn|22
|
|t:|1779603754
|-end|p1a: Kingambit|fallen3|[silent]
|switch|p1a: Basculegion|Basculegion, M|72/100
|-damage|p1a: Basculegion|55/100|[from] Spikes
|-damage|p1a: Basculegion|43/100|[from] Stealth Rock
|move|p2a: Ogerpon|Encore||[still]
|-fail|p2a: Ogerpon
|
|upkeep
|turn|23
|
|t:|1779603761
|switch|p2a: Gliscor|Gliscor, F, tera:Water|73/100 tox
|move|p1a: Basculegion|Outrage|p2a: Gliscor
|-damage|p2a: Gliscor|33/100 tox
|
|-heal|p2a: Gliscor|45/100 tox|[from] ability: Poison Heal
|upkeep
|turn|24
|
|t:|1779603767
|switch|p2a: Enamorus|Enamorus, F|100/100
|move|p1a: Basculegion|Outrage|p2a: Enamorus|[from] lockedmove
|-immune|p2a: Enamorus
|
|upkeep
|turn|25
|
|t:|1779603773
|move|p2a: Enamorus|Moonblast|p1a: Basculegion
|-damage|p1a: Basculegion|0 fnt
|faint|p1a: Basculegion
|
|upkeep
|
|t:|1779603775
|switch|p1a: Kingambit|Kingambit, M|94/100
|-damage|p1a: Kingambit|88/100|[from] Stealth Rock
|-activate|p1a: Kingambit|ability: Supreme Overlord
|-start|p1a: Kingambit|fallen4|[silent]
|-item|p1a: Kingambit|Air Balloon
|turn|26
|
|t:|1779603779
|move|p2a: Enamorus|Moonblast|p1a: Kingambit
|-damage|p1a: Kingambit|26/100
|-enditem|p1a: Kingambit|Air Balloon
|move|p1a: Kingambit|Swords Dance|p1a: Kingambit
|-boost|p1a: Kingambit|atk|2
|
|upkeep
|turn|27
|
|t:|1779603791
|move|p2a: Enamorus|Moonblast|p1a: Kingambit
|-damage|p1a: Kingambit|0 fnt
|faint|p1a: Kingambit
|-end|p1a: Kingambit|fallen4|[silent]
|
|upkeep
|-message|yueeeem forfeited.
|
|win|xamsir
|raw|yueeeem's rating: 1498 &rarr; <strong>1481</strong><br />(-17 for losing)
|raw|xamsir's rating: 1545 &rarr; <strong>1562</strong><br />(+17 for winning)
|l|☆yueeeem
|player|p1|
