|j|☆SebaGaminng
|j|☆Minerva03
|t:|1779704700
|gametype|singles
|player|p1|SebaGaminng|101|1180
|player|p2|Minerva03|volkner|1220
|gen|9
|tier|[Gen 9] OU
|rated|
|rule|HP Percentage Mod: HP is shown in percentages
|rule|Endless Battle Clause: Forcing endless battles is banned
|rule|Species Clause: Limit one of each Pokémon
|rule|OHKO Clause: OHKO moves are banned
|rule|Evasion Items Clause: Evasion items are banned
|rule|Evasion Moves Clause: Evasion moves are banned
|rule|Evasion Abilities Clause: Evasion abilities are banned
|rule|Sleep Moves Clause: Sleep-inducing moves are banned
|clearpoke
|poke|p1|Zamazenta-*|
|poke|p1|Dragapult, M|
|poke|p1|Pecharunt|
|poke|p1|Ogerpon-Wellspring, F|
|poke|p1|Iron Treads|
|poke|p1|Kingambit, F|
|poke|p2|Landorus-Therian, M|
|poke|p2|Scizor, M|
|poke|p2|Kyurem|
|poke|p2|Slowking-Galar, F|
|poke|p2|Iron Valiant|
|poke|p2|Ogerpon-Wellspring, F|
|teampreview
|inactive|Battle timer is ON: inactive players will automatically lose when time's up. (requested by SebaGaminng)
|inactive|SebaGaminng has 120 seconds left.
|inactive|SebaGaminng has 90 seconds left.
|
|t:|1779704770
|teamsize|p1|6
|teamsize|p2|6
|start
|switch|p1a: Zamazenta|Zamazenta|100/100
|switch|p2a: Fierce Deity|Ogerpon-Wellspring, F|100/100
|-ability|p1a: Zamazenta|Dauntless Shield|boost
|-boost|p1a: Zamazenta|def|1
|turn|1
|
|t:|1779704785
|switch|p2a: Joe Rogan|Slowking-Galar, F|100/100
|move|p1a: Zamazenta|Reflect|p1a: Zamazenta
|-sidestart|p1: SebaGaminng|Reflect
|
|upkeep
|turn|2
|
|t:|1779704793
|move|p1a: Zamazenta|Light Screen|p1a: Zamazenta
|-sidestart|p1: SebaGaminng|move: Light Screen
|move|p2a: Joe Rogan|Future Sight|p1a: Zamazenta
|-start|p2a: Joe Rogan|move: Future Sight
|
|upkeep
|turn|3
|inactive|SebaGaminng has 120 seconds left.
|
|t:|1779704826
|switch|p1a: Kingambit|Kingambit, F|100/100
|-prepare|p2a: Joe Rogan|Chilly Reception|[premajor]
|move|p2a: Joe Rogan|Chilly Reception|p2a: Joe Rogan
|-weather|Snowscape
|
|t:|1779704832
|switch|p2a: Metal Sonic|Iron Valiant|100/100|[from] Chilly Reception
|
|-weather|Snowscape|[upkeep]
|upkeep
|turn|4
|inactive|SebaGaminng has 120 seconds left.
|
|t:|1779704875
|-terastallize|p2a: Metal Sonic|Fire
|-terastallize|p1a: Kingambit|Dark
|move|p2a: Metal Sonic|Moonblast|p1a: Kingambit
|-supereffective|p1a: Kingambit
|-damage|p1a: Kingambit|56/100
|move|p1a: Kingambit|Iron Head|p2a: Metal Sonic
|-resisted|p2a: Metal Sonic
|-damage|p2a: Metal Sonic|69/100
|
|-weather|Snowscape|[upkeep]
|-end|p1a: Kingambit|move: Future Sight
|-immune|p1a: Kingambit
|-heal|p1a: Kingambit|62/100|[from] item: Leftovers
|upkeep
|turn|5
|inactive|SebaGaminng has 90 seconds left.
|
|t:|1779704891
|move|p1a: Kingambit|Sucker Punch|p2a: Metal Sonic
|-damage|p2a: Metal Sonic|0 fnt
|faint|p2a: Metal Sonic
|-end|p2a: Metal Sonic|Quark Drive|[silent]
|
|-weather|Snowscape|[upkeep]
|-heal|p1a: Kingambit|69/100|[from] item: Leftovers
|upkeep
|
|t:|1779704907
|switch|p2a: Fierce Deity|Ogerpon-Wellspring, F|100/100
|turn|6
|
|t:|1779704918
|move|p2a: Fierce Deity|Power Whip|p1a: Kingambit|[miss]
|-miss|p2a: Fierce Deity|p1a: Kingambit
|move|p1a: Kingambit|Swords Dance|p1a: Kingambit
|-boost|p1a: Kingambit|atk|2
|
|-weather|Snowscape|[upkeep]
|-heal|p1a: Kingambit|75/100|[from] item: Leftovers
|upkeep
|turn|7
|
|t:|1779704926
|move|p1a: Kingambit|Sucker Punch|p2a: Fierce Deity
|-damage|p2a: Fierce Deity|0 fnt
|faint|p2a: Fierce Deity
|
|-weather|none
|-heal|p1a: Kingambit|81/100|[from] item: Leftovers
|upkeep
|n|!Minerva03|minerva03
|-message|Minerva03 forfeited.
|
|win|SebaGaminng
