|j|☆claudechamp
|j|☆frostedcatcookie
|t:|1779582294
|gametype|singles
|player|p1|claudechamp|101|1293
|player|p2|frostedcatcookie|101|1291
|gen|9
|tier|[Gen 9] OU
|rated|
|rule|HP Percentage Mod: HP is shown in percentages
|rule|Endless Battle Clause: Forcing endless battles is banned
|rule|Species Clause: Limit one of each Pokémon
|rule|OHKO Clause: OHKO moves are banned
|rule|Evasion Items Clause: Evasion items are banned
|rule|Evasion Moves Clause: Evasion moves are banned
|rule|Evasion Abilities Clause: Evasion abilities are banned
|rule|Sleep Moves Clause: Sleep-inducing moves are banned
|clearpoke
|poke|p1|Gliscor, F|
|poke|p1|Gholdengo|
|poke|p1|Zamazenta-*|
|poke|p1|Blissey, F|
|poke|p1|Skarmory, M|
|poke|p1|Pecharunt|
|poke|p2|Kingambit, M|
|poke|p2|Hatterene, F|
|poke|p2|Garchomp, M|
|poke|p2|Dragonite, F|
|poke|p2|Cinderace, M|
|poke|p2|Scizor, M|
|teampreview
|c|☆claudechamp|hf
|inactive|Battle timer is ON: inactive players will automatically lose when time's up. (requested by claudechamp)
|
|t:|1779582297
|teamsize|p1|6
|teamsize|p2|6
|start
|switch|p1a: Skarmory|Skarmory, M|100/100
|switch|p2a: Garchomp|Garchomp, M, shiny|100/100
|turn|1
|
|t:|1779582304
|move|p2a: Garchomp|Fire Blast|p1a: Skarmory
|-supereffective|p1a: Skarmory
|-ability|p1a: Skarmory|Sturdy
|-damage|p1a: Skarmory|1/100
|-damage|p2a: Garchomp|91/100|[from] item: Life Orb
|move|p1a: Skarmory|Spikes|p2a: Garchomp
|-sidestart|p2: frostedcatcookie|Spikes
|
|upkeep
|turn|2
|
|t:|1779582313
|switch|p1a: Gliscor|Gliscor, F|100/100
|move|p2a: Garchomp|Fire Blast|p1a: Gliscor
|-damage|p1a: Gliscor|63/100
|-damage|p2a: Garchomp|81/100|[from] item: Life Orb
|
|-status|p1a: Gliscor|tox|[from] item: Toxic Orb
|upkeep
|turn|3
|
|t:|1779582324
|move|p1a: Gliscor|Protect|p1a: Gliscor
|-singleturn|p1a: Gliscor|Protect
|move|p2a: Garchomp|Draco Meteor|p1a: Gliscor
|-activate|p1a: Gliscor|move: Protect
|
|-heal|p1a: Gliscor|76/100 tox|[from] ability: Poison Heal
|upkeep
|turn|4
|
|t:|1779582335
|move|p2a: Garchomp|Draco Meteor|p1a: Gliscor
|-damage|p1a: Gliscor|11/100 tox
|-unboost|p2a: Garchomp|spa|2
|-damage|p2a: Garchomp|71/100|[from] item: Life Orb
|move|p1a: Gliscor|Swords Dance|p1a: Gliscor
|-boost|p1a: Gliscor|atk|2
|
|-heal|p1a: Gliscor|24/100 tox|[from] ability: Poison Heal
|upkeep
|turn|5
|
|t:|1779582344
|move|p1a: Gliscor|Protect|p1a: Gliscor
|-singleturn|p1a: Gliscor|Protect
|move|p2a: Garchomp|Fire Blast|p1a: Gliscor
|-activate|p1a: Gliscor|move: Protect
|
|-heal|p1a: Gliscor|36/100 tox|[from] ability: Poison Heal
|upkeep
|turn|6
|
|t:|1779582354
|move|p2a: Garchomp|Draco Meteor|p1a: Gliscor|[miss]
|-miss|p2a: Garchomp|p1a: Gliscor
|move|p1a: Gliscor|Earthquake|p2a: Garchomp
|-damage|p2a: Garchomp|5/100
|
|-heal|p1a: Gliscor|49/100 tox|[from] ability: Poison Heal
|upkeep
|turn|7
|
|t:|1779582361
|move|p1a: Gliscor|Protect|p1a: Gliscor
|-singleturn|p1a: Gliscor|Protect
|move|p2a: Garchomp|Draco Meteor|p1a: Gliscor
|-activate|p1a: Gliscor|move: Protect
|
|-heal|p1a: Gliscor|61/100 tox|[from] ability: Poison Heal
|upkeep
|turn|8
|c|☆frostedcatcookie|omg lol
|
|t:|1779582372
|move|p2a: Garchomp|Draco Meteor|p1a: Gliscor
|-damage|p1a: Gliscor|31/100 tox
|-unboost|p2a: Garchomp|spa|2
|-damage|p2a: Garchomp|0 fnt|[from] item: Life Orb
|faint|p2a: Garchomp
|move|p1a: Gliscor|Swords Dance|p1a: Gliscor
|-boost|p1a: Gliscor|atk|2
|
|-heal|p1a: Gliscor|43/100 tox|[from] ability: Poison Heal
|upkeep
|
|t:|1779582381
|switch|p2a: Dragonite|Dragonite, F, shiny|100/100
|turn|9
|
|t:|1779582386
|-terastallize|p2a: Dragonite|Normal
|move|p2a: Dragonite|Extreme Speed|p1a: Gliscor
|-damage|p1a: Gliscor|0 fnt
|faint|p1a: Gliscor
|
|upkeep
|
|t:|1779582391
|switch|p1a: Zamazenta|Zamazenta|100/100
|-ability|p1a: Zamazenta|Dauntless Shield|boost
|-boost|p1a: Zamazenta|def|1
|turn|10
|
|t:|1779582399
|move|p2a: Dragonite|Extreme Speed|p1a: Zamazenta
|-damage|p1a: Zamazenta|58/100
|move|p1a: Zamazenta|Close Combat|p2a: Dragonite
|-supereffective|p2a: Dragonite
|-damage|p2a: Dragonite|37/100
|-unboost|p1a: Zamazenta|def|1
|-unboost|p1a: Zamazenta|spd|1
|
|upkeep
|turn|11
|
|t:|1779582407
|switch|p1a: Pecharunt|Pecharunt|100/100
|switch|p2a: Hatterene|Hatterene, F, shiny|100/100
|-damage|p2a: Hatterene|88/100|[from] Spikes
|
|-heal|p2a: Hatterene|94/100|[from] item: Leftovers
|upkeep
|turn|12
|
|t:|1779582416
|move|p1a: Pecharunt|Shadow Ball|p2a: Hatterene
|-supereffective|p2a: Hatterene
|-damage|p2a: Hatterene|43/100
|-unboost|p2a: Hatterene|spd|1
|move|p2a: Hatterene|Psyshock|p1a: Pecharunt
|-supereffective|p1a: Pecharunt
|-damage|p1a: Pecharunt|69/100
|
|-heal|p2a: Hatterene|49/100|[from] item: Leftovers
|upkeep
|turn|13
|
|t:|1779582426
|switch|p2a: Scizor|Scizor, M, shiny|100/100
|-damage|p2a: Scizor|88/100|[from] Spikes
|move|p1a: Pecharunt|Shadow Ball|p2a: Scizor
|-crit|p2a: Scizor
|-damage|p2a: Scizor|64/100
|
|upkeep
|turn|14
|
|t:|1779582434
|switch|p1a: Zamazenta|Zamazenta|58/100
|move|p2a: Scizor|Thief|p1a: Zamazenta
|-resisted|p1a: Zamazenta
|-damage|p1a: Zamazenta|44/100
|
|upkeep
|turn|15
|
|t:|1779582446
|switch|p2a: ace|Cinderace, M, shiny|100/100
|move|p1a: Zamazenta|Crunch|p2a: ace
|-damage|p2a: ace|67/100
|
|upkeep
|turn|16
|
|t:|1779582454
|move|p1a: Zamazenta|Close Combat|p2a: ace
|-crit|p2a: ace
|-damage|p2a: ace|0 fnt
|-unboost|p1a: Zamazenta|def|1
|-unboost|p1a: Zamazenta|spd|1
|faint|p2a: ace
|
|upkeep
|
|t:|1779582462
|switch|p2a: Dragonite|Dragonite, F, shiny, tera:Normal|37/100
|-damage|p2a: Dragonite|25/100|[from] Spikes
|turn|17
|
|t:|1779582467
|switch|p1a: Pecharunt|Pecharunt|69/100
|move|p2a: Dragonite|Extreme Speed|p1a: Pecharunt
|-immune|p1a: Pecharunt
|
|upkeep
|turn|18
|-message|frostedcatcookie forfeited.
|
|win|claudechamp
|raw|claudechamp's rating: 1293 &rarr; <strong>1318</strong><br />(+25 for winning)
|raw|frostedcatcookie's rating: 1291 &rarr; <strong>1266</strong><br />(-25 for losing)
|l|☆frostedcatcookie
|player|p2|
|c|☆claudechamp|gg
