|j|‽aaagislash
|j|☆I am a guineapig
|t:|1779618121
|gametype|singles
|player|p1|aaagislash|102|1558
|player|p2|I am a guineapig|fisherman-gen4|1537
|gen|9
|tier|[Gen 9] OU
|rated|
|rule|HP Percentage Mod: HP is shown in percentages
|rule|Endless Battle Clause: Forcing endless battles is banned
|rule|Species Clause: Limit one of each Pokémon
|rule|OHKO Clause: OHKO moves are banned
|rule|Evasion Items Clause: Evasion items are banned
|rule|Evasion Moves Clause: Evasion moves are banned
|rule|Evasion Abilities Clause: Evasion abilities are banned
|rule|Sleep Moves Clause: Sleep-inducing moves are banned
|clearpoke
|poke|p1|Zamazenta-*|
|poke|p1|Gastrodon, F|
|poke|p1|Slowking-Galar, M|
|poke|p1|Cetitan, M|
|poke|p1|Dragapult, F|
|poke|p1|Hoopa-Unbound|
|poke|p2|Carbink|
|poke|p2|Hatterene, F|
|poke|p2|Smeargle, F|
|poke|p2|Iron Hands|
|poke|p2|Hoopa-Unbound|
|poke|p2|Kingambit, F|
|teampreview
|inactive|Battle timer is ON: inactive players will automatically lose when time's up. (requested by I am a guineapig)
|j| starsystimz
|
|t:|1779618136
|teamsize|p1|6
|teamsize|p2|6
|start
|switch|p1a: Gastrodon|Gastrodon, F|100/100
|switch|p2a: Carbink|Carbink|100/100
|turn|1
|
|t:|1779618151
|move|p1a: Gastrodon|Spikes|p2a: Carbink
|-sidestart|p2: I am a guineapig|Spikes
|move|p2a: Carbink|Trick Room|p2a: Carbink
|-fieldstart|move: Trick Room|[of] p2a: Carbink
|
|upkeep
|turn|2
|
|t:|1779618158
|move|p2a: Carbink|Misty Explosion|p1a: Gastrodon
|-damage|p1a: Gastrodon|77/100
|faint|p2a: Carbink
|move|p1a: Gastrodon|Earth Power|p2: Carbink|[notarget]
|-fail|p1a: Gastrodon
|
|upkeep
|
|t:|1779618161
|switch|p2a: Hoopa|Hoopa-Unbound|100/100
|-damage|p2a: Hoopa|88/100|[from] Spikes
|turn|3
|
|t:|1779618176
|move|p1a: Gastrodon|Stealth Rock|p2a: Hoopa
|-sidestart|p2: I am a guineapig|move: Stealth Rock
|move|p2a: Hoopa|Hyperspace Fury|p1a: Gastrodon
|-damage|p1a: Gastrodon|0 fnt
|-unboost|p2a: Hoopa|def|1
|faint|p1a: Gastrodon
|-damage|p2a: Hoopa|78/100|[from] item: Life Orb
|
|upkeep
|
|t:|1779618198
|switch|p1a: Hoopa|Hoopa-Unbound|100/100
|turn|4
|
|t:|1779618210
|move|p2a: Hoopa|Drain Punch|p1a: Hoopa
|-damage|p1a: Hoopa|56/100
|-heal|p2a: Hoopa|100/100|[from] drain|[of] p1a: Hoopa
|-damage|p2a: Hoopa|91/100|[from] item: Life Orb
|move|p1a: Hoopa|Knock Off|p2a: Hoopa
|-damage|p2a: Hoopa|0 fnt
|-enditem|p2a: Hoopa|Life Orb|[from] move: Knock Off|[of] p1a: Hoopa
|faint|p2a: Hoopa
|
|upkeep
|inactive|I am a guineapig has 120 seconds left.
|
|t:|1779618241
|switch|p2a: Kingambit|Kingambit, F|100/100
|-damage|p2a: Kingambit|88/100|[from] Spikes
|-damage|p2a: Kingambit|82/100|[from] Stealth Rock
|-activate|p2a: Kingambit|ability: Supreme Overlord
|-start|p2a: Kingambit|fallen2|[silent]
|turn|5
|
|t:|1779618255
|move|p2a: Kingambit|Kowtow Cleave|p1a: Hoopa
|-damage|p1a: Hoopa|0 fnt
|faint|p1a: Hoopa
|-damage|p2a: Kingambit|72/100|[from] item: Life Orb
|
|-fieldend|move: Trick Room
|upkeep
|
|t:|1779618265
|switch|p1a: Cetitan|Cetitan, M|100/100
|turn|6
|
|t:|1779618275
|move|p2a: Kingambit|Sucker Punch|p1a: Cetitan
|-damage|p1a: Cetitan|37/100
|-damage|p2a: Kingambit|62/100|[from] item: Life Orb
|move|p1a: Cetitan|Earthquake|p2a: Kingambit
|-supereffective|p2a: Kingambit
|-damage|p2a: Kingambit|0 fnt
|faint|p2a: Kingambit
|-end|p2a: Kingambit|fallen2|[silent]
|
|upkeep
|
|t:|1779618282
|switch|p2a: Hatterene|Hatterene, F|100/100
|-damage|p2a: Hatterene|88/100|[from] Spikes
|-damage|p2a: Hatterene|76/100|[from] Stealth Rock
|turn|7
|
|t:|1779618287
|move|p1a: Cetitan|Earthquake|p2a: Hatterene
|-damage|p2a: Hatterene|15/100
|move|p2a: Hatterene|Trick Room|p2a: Hatterene
|-fieldstart|move: Trick Room|[of] p2a: Hatterene
|
|upkeep
|turn|8
|
|t:|1779618292
|switch|p1a: Slowking|Slowking-Galar, M|100/100
|move|p2a: Hatterene|Psychic|p1a: Slowking
|-damage|p1a: Slowking|65/100
|
|upkeep
|turn|9
|
|t:|1779618296
|move|p2a: Hatterene|Psychic|p1a: Slowking
|-damage|p1a: Slowking|28/100
|-prepare|p1a: Slowking|Chilly Reception|[premajor]
|move|p1a: Slowking|Chilly Reception|p1a: Slowking
|-weather|Snowscape
|
|t:|1779618303
|switch|p1a: Cetitan|Cetitan, M|37/100|[from] Chilly Reception
|
|-weather|Snowscape|[upkeep]
|upkeep
|turn|10
|
|t:|1779618305
|move|p1a: Cetitan|Ice Shard|p2a: Hatterene
|-crit|p2a: Hatterene
|-damage|p2a: Hatterene|0 fnt
|faint|p2a: Hatterene
|
|-weather|Snowscape|[upkeep]
|upkeep
|
|t:|1779618308
|switch|p2a: Iron Hands|Iron Hands|100/100
|-damage|p2a: Iron Hands|88/100|[from] Spikes
|-damage|p2a: Iron Hands|82/100|[from] Stealth Rock
|-enditem|p2a: Iron Hands|Booster Energy
|-activate|p2a: Iron Hands|ability: Quark Drive|[fromitem]
|-start|p2a: Iron Hands|quarkdriveatk
|turn|11
|
|t:|1779618320
|move|p1a: Cetitan|Ice Shard|p2a: Iron Hands
|-damage|p2a: Iron Hands|63/100
|move|p2a: Iron Hands|Heavy Slam|p1a: Cetitan
|-supereffective|p1a: Cetitan
|-damage|p1a: Cetitan|8/100
|
|-weather|Snowscape|[upkeep]
|-fieldend|move: Trick Room
|upkeep
|turn|12
|-message|I am a guineapig forfeited.
|
|win|aaagislash
|raw|aaagislash's rating: 1558 &rarr; <strong>1577</strong><br />(+19 for winning)
|raw|I am a guineapig's rating: 1537 &rarr; <strong>1518</strong><br />(-19 for losing)
|l|☆I am a guineapig
|player|p2|
|l|‽aaagislash
|player|p1|
|l| starsystimz
