|j|☆Bipface
|j|☆Mr_Stonks0406
|t:|1779594830
|gametype|singles
|player|p1|Bipface|fisherman-gen4|1243
|player|p2|Mr_Stonks0406|169|1259
|gen|9
|tier|[Gen 9] OU
|rated|
|rule|HP Percentage Mod: HP is shown in percentages
|rule|Endless Battle Clause: Forcing endless battles is banned
|rule|Species Clause: Limit one of each Pokémon
|rule|OHKO Clause: OHKO moves are banned
|rule|Evasion Items Clause: Evasion items are banned
|rule|Evasion Moves Clause: Evasion moves are banned
|rule|Evasion Abilities Clause: Evasion abilities are banned
|rule|Sleep Moves Clause: Sleep-inducing moves are banned
|clearpoke
|poke|p1|Dragonite, F|
|poke|p1|Darkrai|
|poke|p1|Corviknight, F|
|poke|p1|Cinderace, M|
|poke|p1|Iron Valiant|
|poke|p1|Gliscor, M|
|poke|p2|Meowscarada, M|
|poke|p2|Pecharunt|
|poke|p2|Enamorus, F|
|poke|p2|Iron Treads|
|poke|p2|Corviknight, M|
|poke|p2|Slowking, F|
|teampreview
|inactive|Battle timer is ON: inactive players will automatically lose when time's up. (requested by Bipface)
|
|t:|1779594861
|teamsize|p1|6
|teamsize|p2|6
|start
|switch|p1a: Cinderace|Cinderace, M|100/100
|switch|p2a: Pecharunt|Pecharunt|100/100
|turn|1
|
|t:|1779594876
|move|p1a: Cinderace|Pyro Ball|p2a: Pecharunt
|-damage|p2a: Pecharunt|74/100
|move|p2a: Pecharunt|Malignant Chain|p1a: Cinderace
|-damage|p1a: Cinderace|54/100
|-status|p1a: Cinderace|tox
|-start|p1a: Cinderace|confusion|[from] ability: Poison Puppeteer|[of] p2a: Pecharunt
|
|-damage|p1a: Cinderace|48/100 tox|[from] psn
|upkeep
|turn|2
|
|t:|1779594892
|-activate|p1a: Cinderace|confusion
|move|p1a: Cinderace|Pyro Ball|p2a: Pecharunt
|-damage|p2a: Pecharunt|44/100
|move|p2a: Pecharunt|Parting Shot|p1a: Cinderace
|-unboost|p1a: Cinderace|atk|1
|-unboost|p1a: Cinderace|spa|1
|
|t:|1779594909
|switch|p2a: Meowscarada|Meowscarada, M|100/100|[from] Parting Shot
|
|-damage|p1a: Cinderace|36/100 tox|[from] psn
|upkeep
|turn|3
|
|t:|1779594917
|move|p2a: Meowscarada|Knock Off|p1a: Cinderace
|-start|p2a: Meowscarada|typechange|Dark|[from] ability: Protean
|-damage|p1a: Cinderace|0 fnt
|-enditem|p1a: Cinderace|Focus Sash|[from] move: Knock Off|[of] p2a: Meowscarada
|faint|p1a: Cinderace
|
|upkeep
|
|t:|1779594925
|switch|p1a: Iron Valiant|Iron Valiant|100/100
|-enditem|p1a: Iron Valiant|Booster Energy
|-activate|p1a: Iron Valiant|ability: Quark Drive|[fromitem]
|-start|p1a: Iron Valiant|quarkdrivespe
|turn|4
|
|t:|1779594942
|switch|p2a: Corviknight|Corviknight, M|100/100
|-ability|p2a: Corviknight|Pressure
|move|p1a: Iron Valiant|Moonblast|p2a: Corviknight
|-resisted|p2a: Corviknight
|-damage|p2a: Corviknight|78/100
|
|upkeep
|turn|5
|
|t:|1779594963
|move|p1a: Iron Valiant|Destiny Bond|p1a: Iron Valiant
|-singlemove|p1a: Iron Valiant|Destiny Bond
|move|p2a: Corviknight|U-turn|p1a: Iron Valiant
|-resisted|p1a: Iron Valiant
|-crit|p1a: Iron Valiant
|-damage|p1a: Iron Valiant|94/100
|inactive|Mr_Stonks0406 has 120 seconds left.
|
|t:|1779594980
|switch|p2a: Pecharunt|Pecharunt|44/100|[from] U-turn
|
|upkeep
|turn|6
|
|t:|1779594991
|-end|p1a: Iron Valiant|Quark Drive|[silent]
|switch|p1a: Gliscor|Gliscor, M, shiny|100/100
|move|p2a: Pecharunt|Recover|p2a: Pecharunt
|-heal|p2a: Pecharunt|94/100
|
|-status|p1a: Gliscor|tox|[from] item: Toxic Orb
|upkeep
|turn|7
|
|t:|1779594999
|move|p1a: Gliscor|Knock Off|p2a: Pecharunt
|-supereffective|p2a: Pecharunt
|-damage|p2a: Pecharunt|73/100
|-damage|p1a: Gliscor|84/100 tox|[from] item: Rocky Helmet|[of] p2a: Pecharunt
|-enditem|p2a: Pecharunt|Rocky Helmet|[from] move: Knock Off|[of] p1a: Gliscor
|move|p2a: Pecharunt|Parting Shot|p1a: Gliscor
|-unboost|p1a: Gliscor|atk|1
|-unboost|p1a: Gliscor|spa|1
|
|t:|1779595017
|switch|p2a: Meowscarada|Meowscarada, M|100/100|[from] Parting Shot
|
|-heal|p1a: Gliscor|96/100 tox|[from] ability: Poison Heal
|upkeep
|turn|8
|inactive|Mr_Stonks0406 has 120 seconds left.
|
|t:|1779595039
|move|p1a: Gliscor|Protect|p1a: Gliscor
|-singleturn|p1a: Gliscor|Protect
|move|p2a: Meowscarada|Knock Off|p1a: Gliscor
|-start|p2a: Meowscarada|typechange|Dark|[from] ability: Protean
|-activate|p1a: Gliscor|move: Protect
|
|-heal|p1a: Gliscor|100/100 tox|[from] ability: Poison Heal
|upkeep
|turn|9
|inactive|Mr_Stonks0406 has 120 seconds left.
|
|t:|1779595072
|switch|p2a: Pecharunt|Pecharunt|73/100
|move|p1a: Gliscor|Toxic|p2a: Pecharunt
|-immune|p2a: Pecharunt
|
|upkeep
|turn|10
|
|t:|1779595092
|move|p1a: Gliscor|Earthquake|p2a: Pecharunt
|-supereffective|p2a: Pecharunt
|-damage|p2a: Pecharunt|52/100
|move|p2a: Pecharunt|Recover|p2a: Pecharunt
|-heal|p2a: Pecharunt|100/100
|
|upkeep
|turn|11
|
|t:|1779595104
|switch|p1a: Corviknight|Corviknight, F|100/100
|-ability|p1a: Corviknight|Pressure
|move|p2a: Pecharunt|Parting Shot|p1a: Corviknight
|-unboost|p1a: Corviknight|atk|1
|-unboost|p1a: Corviknight|spa|1
|
|t:|1779595114
|switch|p2a: Slowking|Slowking, F|100/100|[from] Parting Shot
|
|upkeep
|turn|12
|
|t:|1779595126
|move|p1a: Corviknight|U-turn|p2a: Slowking
|-supereffective|p2a: Slowking
|-damage|p2a: Slowking|82/100
|inactive|Bipface has 120 seconds left.
|
|t:|1779595162
|switch|p1a: Gliscor|Gliscor, M, shiny|100/100 tox|[from] U-turn
|move|p2a: Slowking|Fire Blast|p1a: Gliscor
|-damage|p1a: Gliscor|69/100 tox
|
|-heal|p1a: Gliscor|81/100 tox|[from] ability: Poison Heal
|upkeep
|turn|13
|inactive|Bipface has 120 seconds left.
|
|t:|1779595180
|switch|p2a: Pecharunt|Pecharunt|100/100
|move|p1a: Gliscor|Earthquake|p2a: Pecharunt
|-supereffective|p2a: Pecharunt
|-damage|p2a: Pecharunt|69/100
|
|-heal|p1a: Gliscor|94/100 tox|[from] ability: Poison Heal
|upkeep
|turn|14
|inactive|Bipface has 120 seconds left.
|inactive|Mr_Stonks0406 has 90 seconds left.
|
|t:|1779595196
|move|p1a: Gliscor|Earthquake|p2a: Pecharunt
|-supereffective|p2a: Pecharunt
|-damage|p2a: Pecharunt|38/100
|move|p2a: Pecharunt|Parting Shot|p1a: Gliscor
|-unboost|p1a: Gliscor|atk|1
|-unboost|p1a: Gliscor|spa|1
|inactive|Mr_Stonks0406 has 90 seconds left.
|
|t:|1779595221
|switch|p2a: Meowscarada|Meowscarada, M|100/100|[from] Parting Shot
|
|-heal|p1a: Gliscor|100/100 tox|[from] ability: Poison Heal
|upkeep
|turn|15
|
|t:|1779595228
|move|p2a: Meowscarada|Triple Axel|p1a: Gliscor|[miss]
|-start|p2a: Meowscarada|typechange|Ice|[from] ability: Protean
|-miss|p2a: Meowscarada|p1a: Gliscor
|move|p1a: Gliscor|Toxic|p2a: Meowscarada
|-status|p2a: Meowscarada|tox
|
|-damage|p2a: Meowscarada|94/100 tox|[from] psn
|upkeep
|turn|16
|
|t:|1779595240
|switch|p2a: Iron Treads|Iron Treads|100/100
|move|p1a: Gliscor|Protect||[still]
|-fail|p1a: Gliscor
|
|upkeep
|turn|17
|
|t:|1779595256
|switch|p1a: Corviknight|Corviknight, F|100/100
|-ability|p1a: Corviknight|Pressure
|move|p2a: Iron Treads|Stealth Rock|p1a: Corviknight
|-sidestart|p1: Bipface|move: Stealth Rock
|
|upkeep
|turn|18
|inactive|Mr_Stonks0406 has 90 seconds left.
|
|t:|1779595262
|move|p2a: Iron Treads|Knock Off|p1a: Corviknight
|-damage|p1a: Corviknight|85/100
|-damage|p2a: Iron Treads|84/100|[from] item: Rocky Helmet|[of] p1a: Corviknight
|-enditem|p1a: Corviknight|Rocky Helmet|[from] move: Knock Off|[of] p2a: Iron Treads
|move|p1a: Corviknight|Brave Bird|p2a: Iron Treads
|-resisted|p2a: Iron Treads
|-damage|p2a: Iron Treads|71/100
|-damage|p1a: Corviknight|81/100|[from] Recoil
|
|-heal|p2a: Iron Treads|77/100|[from] item: Leftovers
|upkeep
|turn|19
|inactive|Mr_Stonks0406 has 90 seconds left.
|
|t:|1779595275
|move|p2a: Iron Treads|Stealth Rock||[still]
|-fail|p2a: Iron Treads
|move|p1a: Corviknight|U-turn|p2a: Iron Treads
|-resisted|p2a: Iron Treads
|-damage|p2a: Iron Treads|71/100
|
|t:|1779595286
|switch|p1a: Dragonite|Dragonite, F|100/100|[from] U-turn
|
|-heal|p2a: Iron Treads|77/100|[from] item: Leftovers
|upkeep
|turn|20
|
|t:|1779595298
|-end|p2a: Iron Treads|Quark Drive|[silent]
|switch|p2a: Pecharunt|Pecharunt|38/100
|move|p1a: Dragonite|Dragon Dance|p1a: Dragonite
|-boost|p1a: Dragonite|atk|1
|-boost|p1a: Dragonite|spe|1
|
|upkeep
|turn|21
|
|t:|1779595307
|move|p1a: Dragonite|Earthquake|p2a: Pecharunt
|-supereffective|p2a: Pecharunt
|-damage|p2a: Pecharunt|0 fnt
|faint|p2a: Pecharunt
|
|upkeep
|inactive|Mr_Stonks0406 has 90 seconds left.
|
|t:|1779595331
|switch|p2a: Meowscarada|Meowscarada, M|94/100 tox
|turn|22
|inactive|Mr_Stonks0406 has 90 seconds left.
|
|t:|1779595351
|switch|p1a: Corviknight|Corviknight, F|81/100
|-damage|p1a: Corviknight|68/100|[from] Stealth Rock
|-ability|p1a: Corviknight|Pressure
|move|p2a: Meowscarada|Triple Axel|p1a: Corviknight
|-start|p2a: Meowscarada|typechange|Ice|[from] ability: Protean
|-damage|p1a: Corviknight|61/100
|-damage|p1a: Corviknight|44/100
|-damage|p1a: Corviknight|20/100
|-hitcount|p1a: Corviknight|3
|
|-damage|p2a: Meowscarada|88/100 tox|[from] psn
|upkeep
|turn|23
|
|t:|1779595360
|move|p2a: Meowscarada|Triple Axel|p1a: Corviknight
|-damage|p1a: Corviknight|11/100
|-damage|p1a: Corviknight|0 fnt
|faint|p1a: Corviknight
|-hitcount|p1: Corviknight|2
|
|-damage|p2a: Meowscarada|76/100 tox|[from] psn
|upkeep
|
|t:|1779595365
|switch|p1a: Gliscor|Gliscor, M, shiny|100/100 tox
|-damage|p1a: Gliscor|88/100 tox|[from] Stealth Rock
|turn|24
|
|t:|1779595380
|switch|p2a: Corviknight|Corviknight, M|78/100
|-ability|p2a: Corviknight|Pressure
|move|p1a: Gliscor|Protect||[still]
|-fail|p1a: Gliscor
|
|-heal|p1a: Gliscor|100/100 tox|[from] ability: Poison Heal
|upkeep
|turn|25
|
|t:|1779595391
|switch|p1a: Darkrai|Darkrai|100/100
|-damage|p1a: Darkrai|88/100|[from] Stealth Rock
|move|p2a: Corviknight|U-turn|p1a: Darkrai
|-supereffective|p1a: Darkrai
|-damage|p1a: Darkrai|50/100
|
|t:|1779595399
|switch|p2a: Enamorus|Enamorus, F|100/100|[from] U-turn
|
|upkeep
|turn|26
|
|t:|1779595407
|move|p2a: Enamorus|Moonblast|p1a: Darkrai
|-supereffective|p1a: Darkrai
|-damage|p1a: Darkrai|0 fnt
|faint|p1a: Darkrai
|
|upkeep
|
|t:|1779595409
|switch|p1a: Iron Valiant|Iron Valiant|94/100
|-damage|p1a: Iron Valiant|87/100|[from] Stealth Rock
|turn|27
|
|t:|1779595416
|move|p2a: Enamorus|Moonblast|p1a: Iron Valiant
|-supereffective|p1a: Iron Valiant
|-damage|p1a: Iron Valiant|0 fnt
|faint|p1a: Iron Valiant
|-end|p1a: Iron Valiant|Quark Drive|[silent]
|
|upkeep
|
|t:|1779595420
|switch|p1a: Gliscor|Gliscor, M, shiny|100/100 tox
|-damage|p1a: Gliscor|88/100 tox|[from] Stealth Rock
|turn|28
|
|t:|1779595429
|move|p2a: Enamorus|Moonblast|p1a: Gliscor
|-damage|p1a: Gliscor|19/100 tox
|-unboost|p1a: Gliscor|spa|1
|move|p1a: Gliscor|Toxic|p2a: Enamorus
|-status|p2a: Enamorus|tox
|
|-damage|p2a: Enamorus|94/100 tox|[from] psn
|-heal|p1a: Gliscor|32/100 tox|[from] ability: Poison Heal
|upkeep
|turn|29
|
|t:|1779595434
|move|p1a: Gliscor|Protect|p1a: Gliscor
|-singleturn|p1a: Gliscor|Protect
|move|p2a: Enamorus|Moonblast|p1a: Gliscor
|-activate|p1a: Gliscor|move: Protect
|
|-damage|p2a: Enamorus|82/100 tox|[from] psn
|-heal|p1a: Gliscor|44/100 tox|[from] ability: Poison Heal
|upkeep
|turn|30
|l|☆Bipface
|inactive|Bipface disconnected and has a minute to reconnect!
|player|p1|
|inactive|Bipface has 30 seconds to reconnect!
|inactive|Bipface has 20 seconds to reconnect!
|inactive|Bipface has 15 seconds to reconnect!
|inactive|Bipface has 10 seconds to reconnect!
|inactive|Bipface has 5 seconds to reconnect!
|-message|Bipface lost due to inactivity.
|
|win|Mr_Stonks0406
|raw|Bipface's rating: 1243 &rarr; <strong>1219</strong><br />(-24 for losing)
|raw|Mr_Stonks0406's rating: 1259 &rarr; <strong>1283</strong><br />(+24 for winning)
|l|☆Mr_Stonks0406
|player|p2|
