|j|☆jinseinoim_i o
|j|☆grubbs 4 president
|t:|1779666001
|gametype|singles
|player|p1|jinseinoim_i o|265|1203
|player|p2|grubbs 4 president|2|1283
|gen|9
|tier|[Gen 9] OU
|rated|
|rule|HP Percentage Mod: HP is shown in percentages
|rule|Endless Battle Clause: Forcing endless battles is banned
|rule|Species Clause: Limit one of each Pokémon
|rule|OHKO Clause: OHKO moves are banned
|rule|Evasion Items Clause: Evasion items are banned
|rule|Evasion Moves Clause: Evasion moves are banned
|rule|Evasion Abilities Clause: Evasion abilities are banned
|rule|Sleep Moves Clause: Sleep-inducing moves are banned
|clearpoke
|poke|p1|Samurott-Hisui, M|
|poke|p1|Gholdengo|
|poke|p1|Kyurem|
|poke|p1|Kingambit, F|
|poke|p1|Great Tusk|
|poke|p1|Dragapult, F|
|poke|p2|Pelipper, M|
|poke|p2|Manaphy|
|poke|p2|Bruxish, F|
|poke|p2|Overqwil, F|
|poke|p2|Iron Treads|
|poke|p2|Raging Bolt|
|teampreview
|inactive|Battle timer is ON: inactive players will automatically lose when time's up. (requested by grubbs 4 president)
|
|t:|1779666029
|teamsize|p1|6
|teamsize|p2|6
|start
|switch|p1a: Gholdengo|Gholdengo|100/100
|switch|p2a: Pelipper|Pelipper, M|100/100
|-item|p1a: Gholdengo|Air Balloon
|-weather|RainDance|[from] ability: Drizzle|[of] p2a: Pelipper
|turn|1
|
|t:|1779666042
|move|p1a: Gholdengo|Nasty Plot|p1a: Gholdengo
|-boost|p1a: Gholdengo|spa|2
|move|p2a: Pelipper|U-turn|p1a: Gholdengo
|-resisted|p1a: Gholdengo
|-damage|p1a: Gholdengo|98/100
|-enditem|p1a: Gholdengo|Air Balloon
|
|t:|1779666050
|switch|p2a: Iron Treads|Iron Treads|100/100|[from] U-turn
|-enditem|p2a: Iron Treads|Booster Energy
|-activate|p2a: Iron Treads|ability: Quark Drive|[fromitem]
|-start|p2a: Iron Treads|quarkdrivespe
|
|-weather|RainDance|[upkeep]
|upkeep
|turn|2
|
|t:|1779666064
|move|p2a: Iron Treads|Earthquake|p1a: Gholdengo
|-supereffective|p1a: Gholdengo
|-damage|p1a: Gholdengo|7/100
|move|p1a: Gholdengo|Focus Blast|p2a: Iron Treads|[miss]
|-miss|p1a: Gholdengo|p2a: Iron Treads
|
|-weather|RainDance|[upkeep]
|upkeep
|turn|3
|
|t:|1779666074
|move|p2a: Iron Treads|Earthquake|p1a: Gholdengo
|-supereffective|p1a: Gholdengo
|-damage|p1a: Gholdengo|0 fnt
|faint|p1a: Gholdengo
|
|-weather|RainDance|[upkeep]
|upkeep
|
|t:|1779666083
|switch|p1a: Samurott|Samurott-Hisui, M|100/100
|turn|4
|
|t:|1779666087
|move|p2a: Iron Treads|Stealth Rock|p1a: Samurott
|-sidestart|p1: jinseinoim_i o|move: Stealth Rock
|move|p1a: Samurott|Razor Shell|p2a: Iron Treads
|-supereffective|p2a: Iron Treads
|-damage|p2a: Iron Treads|0 fnt
|faint|p2a: Iron Treads
|-end|p2a: Iron Treads|Quark Drive|[silent]
|
|-weather|RainDance|[upkeep]
|upkeep
|
|t:|1779666089
|switch|p2a: Manaphy|Manaphy|100/100
|turn|5
|
|t:|1779666101
|move|p2a: Manaphy|Tail Glow|p2a: Manaphy
|-boost|p2a: Manaphy|spa|3
|move|p1a: Samurott|Ceaseless Edge|p2a: Manaphy
|-damage|p2a: Manaphy|57/100
|-sidestart|p2: grubbs 4 president|Spikes
|
|-weather|RainDance|[upkeep]
|upkeep
|turn|6
|inactive|grubbs 4 president has 120 seconds left.
|
|t:|1779666136
|move|p2a: Manaphy|Energy Ball|p1a: Samurott
|-supereffective|p1a: Samurott
|-enditem|p1a: Samurott|Focus Sash
|-damage|p1a: Samurott|1/100
|move|p1a: Samurott|Ceaseless Edge|p2a: Manaphy
|-damage|p2a: Manaphy|16/100
|-sidestart|p2: grubbs 4 president|Spikes
|
|-weather|RainDance|[upkeep]
|upkeep
|turn|7
|
|t:|1779666146
|move|p1a: Samurott|Aqua Jet|p2a: Manaphy
|-resisted|p2a: Manaphy
|-damage|p2a: Manaphy|3/100
|move|p2a: Manaphy|Energy Ball|p1a: Samurott
|-supereffective|p1a: Samurott
|-damage|p1a: Samurott|0 fnt
|faint|p1a: Samurott
|
|-weather|RainDance|[upkeep]
|upkeep
|
|t:|1779666159
|switch|p1a: Kingambit|Kingambit, F|100/100
|-damage|p1a: Kingambit|94/100|[from] Stealth Rock
|-activate|p1a: Kingambit|ability: Supreme Overlord
|-start|p1a: Kingambit|fallen2|[silent]
|turn|8
|
|t:|1779666181
|move|p1a: Kingambit|Sucker Punch|p2a: Manaphy
|-damage|p2a: Manaphy|0 fnt
|faint|p2a: Manaphy
|
|-weather|none
|upkeep
|
|t:|1779666182
|switch|p2a: Pelipper|Pelipper, M|100/100
|-weather|RainDance|[from] ability: Drizzle|[of] p2a: Pelipper
|turn|9
|
|t:|1779666192
|move|p1a: Kingambit|Swords Dance|p1a: Kingambit
|-boost|p1a: Kingambit|atk|2
|move|p2a: Pelipper|U-turn|p1a: Kingambit
|-damage|p1a: Kingambit|87/100
|
|t:|1779666209
|switch|p2a: Bruxish|Bruxish, F|100/100|[from] U-turn
|-damage|p2a: Bruxish|84/100|[from] Spikes
|
|-weather|RainDance|[upkeep]
|upkeep
|turn|10
|
|t:|1779666222
|-terastallize|p2a: Bruxish|Water
|move|p2a: Bruxish|Wave Crash|p1a: Kingambit
|-damage|p1a: Kingambit|0 fnt
|faint|p1a: Kingambit
|-end|p1a: Kingambit|fallen2|[silent]
|-damage|p2a: Bruxish|49/100|[from] Recoil
|
|-weather|RainDance|[upkeep]
|upkeep
|
|t:|1779666233
|switch|p1a: Dragapult|Dragapult, F|100/100
|-damage|p1a: Dragapult|88/100|[from] Stealth Rock
|turn|11
|
|t:|1779666248
|move|p2a: Bruxish|Wave Crash|p1a: Dragapult
|-resisted|p1a: Dragapult
|-damage|p1a: Dragapult|17/100
|-damage|p2a: Bruxish|22/100|[from] Recoil
|move|p1a: Dragapult|Draco Meteor|p2a: Bruxish
|-damage|p2a: Bruxish|0 fnt
|-unboost|p1a: Dragapult|spa|2
|faint|p2a: Bruxish
|
|-weather|RainDance|[upkeep]
|upkeep
|
|t:|1779666252
|switch|p2a: Overqwil|Overqwil, F|100/100
|-damage|p2a: Overqwil|84/100|[from] Spikes
|turn|12
|
|t:|1779666271
|switch|p1a: Great Tusk|Great Tusk|100/100
|-damage|p1a: Great Tusk|98/100|[from] Stealth Rock
|move|p2a: Overqwil|Swords Dance|p2a: Overqwil
|-boost|p2a: Overqwil|atk|2
|
|-weather|RainDance|[upkeep]
|-heal|p1a: Great Tusk|100/100|[from] item: Leftovers
|upkeep
|turn|13
|
|t:|1779666282
|move|p2a: Overqwil|Liquidation|p1a: Great Tusk
|-supereffective|p1a: Great Tusk
|-damage|p1a: Great Tusk|0 fnt
|faint|p1a: Great Tusk
|-end|p1a: Great Tusk|Protosynthesis|[silent]
|-damage|p2a: Overqwil|74/100|[from] item: Life Orb
|
|-weather|RainDance|[upkeep]
|upkeep
|
|t:|1779666290
|switch|p1a: Kyurem|Kyurem|100/100
|-damage|p1a: Kyurem|76/100|[from] Stealth Rock
|-ability|p1a: Kyurem|Pressure
|turn|14
|
|t:|1779666307
|move|p2a: Overqwil|Gunk Shot|p1a: Kyurem|[miss]
|-miss|p2a: Overqwil|p1a: Kyurem
|move|p1a: Kyurem|Freeze-Dry|p2a: Overqwil
|-damage|p2a: Overqwil|0 fnt
|faint|p2a: Overqwil
|
|-weather|RainDance|[upkeep]
|upkeep
|
|t:|1779666309
|switch|p2a: Raging Bolt|Raging Bolt|100/100
|-damage|p2a: Raging Bolt|84/100|[from] Spikes
|-enditem|p2a: Raging Bolt|Booster Energy
|-activate|p2a: Raging Bolt|ability: Protosynthesis|[fromitem]
|-start|p2a: Raging Bolt|protosynthesisspa
|turn|15
|
|t:|1779666322
|-terastallize|p1a: Kyurem|Ice
|move|p1a: Kyurem|Freeze-Dry|p2a: Raging Bolt
|-supereffective|p2a: Raging Bolt
|-damage|p2a: Raging Bolt|0 fnt
|faint|p2a: Raging Bolt
|-end|p2a: Raging Bolt|Protosynthesis|[silent]
|
|-weather|RainDance|[upkeep]
|upkeep
|-message|grubbs 4 president forfeited.
|
|win|jinseinoim_i o
|raw|jinseinoim_i o's rating: 1203 &rarr; <strong>1232</strong><br />(+29 for winning)
|raw|grubbs 4 president's rating: 1258 &rarr; <strong>1229</strong><br />(-29 for losing)
|l|☆grubbs 4 president
|player|p2|
