|j|☆Cheesefriezz
|j|☆ykurryt
|t:|1779660291
|gametype|singles
|player|p1|Cheesefriezz|n|1134
|player|p2|ykurryt|102|1147
|gen|9
|tier|[Gen 9] OU
|rated|
|rule|HP Percentage Mod: HP is shown in percentages
|rule|Endless Battle Clause: Forcing endless battles is banned
|rule|Species Clause: Limit one of each Pokémon
|rule|OHKO Clause: OHKO moves are banned
|rule|Evasion Items Clause: Evasion items are banned
|rule|Evasion Moves Clause: Evasion moves are banned
|rule|Evasion Abilities Clause: Evasion abilities are banned
|rule|Sleep Moves Clause: Sleep-inducing moves are banned
|clearpoke
|poke|p1|Samurott-Hisui, M|
|poke|p1|Leafeon, M|
|poke|p1|Moltres|
|poke|p1|Ninetales, F|
|poke|p1|Kommo-o, M|
|poke|p1|Krookodile, F|
|poke|p2|Ceruledge, M|
|poke|p2|Samurott-Hisui, M|
|poke|p2|Dragonite, F|
|poke|p2|Iron Valiant|
|poke|p2|Pawmot, F|
|poke|p2|Glimmora, M|
|teampreview
|
|t:|1779660297
|teamsize|p1|6
|teamsize|p2|6
|start
|switch|p1a: Gabriel|Krookodile, F|100/100
|switch|p2a: Glimmora|Glimmora, M|100/100
|-ability|p1a: Gabriel|Intimidate|boost
|-unboost|p2a: Glimmora|atk|1
|turn|1
|
|t:|1779660309
|move|p1a: Gabriel|Earthquake|p2a: Glimmora
|-supereffective|p2a: Glimmora
|-enditem|p2a: Glimmora|Focus Sash
|-damage|p2a: Glimmora|1/100
|-activate|p2a: Glimmora|ability: Toxic Debris
|-sidestart|p1: Cheesefriezz|move: Toxic Spikes
|move|p2a: Glimmora|Energy Ball|p1a: Gabriel
|-supereffective|p1a: Gabriel
|-damage|p1a: Gabriel|18/100
|-unboost|p1a: Gabriel|spd|1
|
|upkeep
|turn|2
|
|t:|1779660320
|move|p1a: Gabriel|Earthquake|p2a: Glimmora
|-supereffective|p2a: Glimmora
|-crit|p2a: Glimmora
|-damage|p2a: Glimmora|0 fnt
|-activate|p2a: Glimmora|ability: Toxic Debris
|-sidestart|p1: Cheesefriezz|move: Toxic Spikes
|faint|p2a: Glimmora
|
|upkeep
|
|t:|1779660328
|switch|p2a: Samurott|Samurott-Hisui, M|100/100
|turn|3
|
|t:|1779660332
|move|p1a: Gabriel|Stealth Rock|p2a: Samurott
|-sidestart|p2: ykurryt|move: Stealth Rock
|move|p2a: Samurott|Ceaseless Edge|p1a: Gabriel
|-resisted|p1a: Gabriel
|-damage|p1a: Gabriel|0 fnt
|-sidestart|p1: Cheesefriezz|Spikes
|faint|p1a: Gabriel
|
|upkeep
|
|t:|1779660335
|switch|p1a: Ima dive in|Samurott-Hisui, M|100/100
|-status|p1a: Ima dive in|tox
|-damage|p1a: Ima dive in|88/100 tox|[from] Spikes
|turn|4
|
|t:|1779660345
|move|p1a: Ima dive in|Ceaseless Edge|p2a: Samurott
|-resisted|p2a: Samurott
|-damage|p2a: Samurott|72/100
|-sidestart|p2: ykurryt|Spikes
|move|p2a: Samurott|Sacred Sword|p1a: Ima dive in
|-supereffective|p1a: Ima dive in
|-damage|p1a: Ima dive in|0 fnt
|faint|p1a: Ima dive in
|
|upkeep
|
|t:|1779660359
|switch|p1a: Iggy|Kommo-o, M|100/100
|-status|p1a: Iggy|tox
|-damage|p1a: Iggy|88/100 tox|[from] Spikes
|turn|5
|
|t:|1779660368
|move|p1a: Iggy|Aura Sphere|p2a: Samurott
|-supereffective|p2a: Samurott
|-damage|p2a: Samurott|6/100
|move|p2a: Samurott|Air Slash|p1a: Iggy
|-supereffective|p1a: Iggy
|-damage|p1a: Iggy|38/100 tox
|
|-damage|p1a: Iggy|32/100 tox|[from] psn
|upkeep
|turn|6
|
|t:|1779660379
|move|p2a: Samurott|Sacred Sword|p1a: Iggy
|-crit|p1a: Iggy
|-damage|p1a: Iggy|0 fnt
|faint|p1a: Iggy
|
|upkeep
|
|t:|1779660383
|switch|p1a: six tails|Ninetales, F, shiny|100/100
|-status|p1a: six tails|tox
|-damage|p1a: six tails|88/100 tox|[from] Spikes
|-weather|SunnyDay|[from] ability: Drought|[of] p1a: six tails
|turn|7
|
|t:|1779660394
|move|p1a: six tails|Will-O-Wisp|p2a: Samurott
|-status|p2a: Samurott|brn
|move|p2a: Samurott|Razor Shell|p1a: six tails
|-supereffective|p1a: six tails
|-damage|p1a: six tails|52/100 tox
|-unboost|p1a: six tails|def|1
|
|-weather|SunnyDay|[upkeep]
|-damage|p1a: six tails|46/100 tox|[from] psn
|-damage|p2a: Samurott|0 fnt|[from] brn
|faint|p2a: Samurott
|upkeep
|
|t:|1779660408
|switch|p2a: Dragonite|Dragonite, F|100/100
|turn|8
|
|t:|1779660415
|move|p1a: six tails|Will-O-Wisp|p2a: Dragonite
|-status|p2a: Dragonite|brn
|move|p2a: Dragonite|Earthquake|p1a: six tails
|-supereffective|p1a: six tails
|-damage|p1a: six tails|0 fnt
|faint|p1a: six tails
|
|-weather|SunnyDay|[upkeep]
|-damage|p2a: Dragonite|94/100 brn|[from] brn
|upkeep
|
|t:|1779660419
|switch|p1a: Melo|Leafeon, M, shiny|100/100
|-status|p1a: Melo|tox
|-damage|p1a: Melo|88/100 tox|[from] Spikes
|turn|9
|
|t:|1779660424
|move|p1a: Melo|Swords Dance|p1a: Melo
|-boost|p1a: Melo|atk|2
|move|p2a: Dragonite|Ice Spinner|p1a: Melo
|-supereffective|p1a: Melo
|-damage|p1a: Melo|56/100 tox
|
|-weather|SunnyDay|[upkeep]
|-damage|p1a: Melo|49/100 tox|[from] psn
|-damage|p2a: Dragonite|88/100 brn|[from] brn
|upkeep
|turn|10
|
|t:|1779660435
|move|p1a: Melo|Knock Off|p2a: Dragonite
|-damage|p2a: Dragonite|0 fnt
|-enditem|p2a: Dragonite|Heavy-Duty Boots|[from] move: Knock Off|[of] p1a: Melo
|faint|p2a: Dragonite
|-damage|p1a: Melo|39/100 tox|[from] item: Life Orb
|
|-weather|SunnyDay|[upkeep]
|-damage|p1a: Melo|27/100 tox|[from] psn
|upkeep
|
|t:|1779660444
|switch|p2a: Pawmot|Pawmot, F|100/100
|-damage|p2a: Pawmot|94/100|[from] Stealth Rock
|-damage|p2a: Pawmot|82/100|[from] Spikes
|turn|11
|
|t:|1779660451
|move|p1a: Melo|Leaf Blade|p2a: Pawmot
|-damage|p2a: Pawmot|0 fnt
|faint|p2a: Pawmot
|-damage|p1a: Melo|17/100 tox|[from] item: Life Orb
|
|-weather|SunnyDay|[upkeep]
|-damage|p1a: Melo|0 fnt|[from] psn
|faint|p1a: Melo
|upkeep
|
|t:|1779660465
|switch|p2a: Ceruledge|Ceruledge, M|100/100
|switch|p1a: Supa Hot Fire|Moltres|100/100
|-damage|p2a: Ceruledge|75/100|[from] Stealth Rock
|-damage|p2a: Ceruledge|63/100|[from] Spikes
|turn|12
|inactive|Battle timer is ON: inactive players will automatically lose when time's up. (requested by ykurryt)
|
|t:|1779660477
|move|p2a: Ceruledge|Destiny Bond|p2a: Ceruledge
|-singlemove|p2a: Ceruledge|Destiny Bond
|move|p1a: Supa Hot Fire|Air Slash|p2a: Ceruledge
|-damage|p2a: Ceruledge|18/100
|
|-weather|SunnyDay|[upkeep]
|upkeep
|turn|13
|
|t:|1779660486
|move|p2a: Ceruledge|Bitter Blade|p1a: Supa Hot Fire
|-resisted|p1a: Supa Hot Fire
|-damage|p1a: Supa Hot Fire|66/100
|-heal|p2a: Ceruledge|40/100|[from] drain|[of] p1a: Supa Hot Fire
|move|p1a: Supa Hot Fire|Roost|p1a: Supa Hot Fire
|-heal|p1a: Supa Hot Fire|100/100
|-singleturn|p1a: Supa Hot Fire|move: Roost
|
|-weather|SunnyDay|[upkeep]
|upkeep
|turn|14
|
|t:|1779660497
|move|p2a: Ceruledge|Destiny Bond|p2a: Ceruledge
|-singlemove|p2a: Ceruledge|Destiny Bond
|move|p1a: Supa Hot Fire|Roost||[still]
|-fail|p1a: Supa Hot Fire|heal
|
|-weather|none
|upkeep
|turn|15
|
|t:|1779660504
|move|p2a: Ceruledge|Swords Dance|p2a: Ceruledge
|-boost|p2a: Ceruledge|atk|2
|move|p1a: Supa Hot Fire|Air Slash|p2a: Ceruledge
|-damage|p2a: Ceruledge|0 fnt
|faint|p2a: Ceruledge
|
|upkeep
|
|t:|1779660507
|switch|p2a: Iron Valiant|Iron Valiant|100/100
|-damage|p2a: Iron Valiant|94/100|[from] Stealth Rock
|-damage|p2a: Iron Valiant|82/100|[from] Spikes
|-enditem|p2a: Iron Valiant|Booster Energy
|-activate|p2a: Iron Valiant|ability: Quark Drive|[fromitem]
|-start|p2a: Iron Valiant|quarkdrivespe
|turn|16
|
|t:|1779660518
|-terastallize|p2a: Iron Valiant|Fairy
|move|p2a: Iron Valiant|Thunderbolt|p1a: Supa Hot Fire
|-supereffective|p1a: Supa Hot Fire
|-damage|p1a: Supa Hot Fire|35/100
|move|p1a: Supa Hot Fire|Air Slash|p2a: Iron Valiant
|-damage|p2a: Iron Valiant|2/100
|
|upkeep
|turn|17
|
|t:|1779660527
|-terastallize|p1a: Supa Hot Fire|Fire
|move|p2a: Iron Valiant|Thunderbolt|p1a: Supa Hot Fire
|-damage|p1a: Supa Hot Fire|3/100
|move|p1a: Supa Hot Fire|Roost|p1a: Supa Hot Fire
|-heal|p1a: Supa Hot Fire|54/100
|
|upkeep
|turn|18
|
|t:|1779660543
|move|p2a: Iron Valiant|Close Combat|p1a: Supa Hot Fire
|-damage|p1a: Supa Hot Fire|12/100
|-unboost|p2a: Iron Valiant|def|1
|-unboost|p2a: Iron Valiant|spd|1
|-status|p2a: Iron Valiant|brn|[from] ability: Flame Body|[of] p1a: Supa Hot Fire
|move|p1a: Supa Hot Fire|Air Slash|p2a: Iron Valiant
|-damage|p2a: Iron Valiant|0 fnt
|faint|p2a: Iron Valiant
|-end|p2a: Iron Valiant|Quark Drive|[silent]
|
|win|Cheesefriezz
|raw|Cheesefriezz's rating: 1134 &rarr; <strong>1160</strong><br />(+26 for winning)
|raw|ykurryt's rating: 1147 &rarr; <strong>1121</strong><br />(-26 for losing)
|l|☆ykurryt
|player|p2|
|l|☆Cheesefriezz
|player|p1|
