|j|☆Amia Kondoru
|j|☆4stackkzz
|t:|1779686029
|gametype|singles
|player|p1|Amia Kondoru|shauntal|1136
|player|p2|4stackkzz|169|1168
|gen|9
|tier|[Gen 9] OU
|rated|
|rule|HP Percentage Mod: HP is shown in percentages
|rule|Endless Battle Clause: Forcing endless battles is banned
|rule|Species Clause: Limit one of each Pokémon
|rule|OHKO Clause: OHKO moves are banned
|rule|Evasion Items Clause: Evasion items are banned
|rule|Evasion Moves Clause: Evasion moves are banned
|rule|Evasion Abilities Clause: Evasion abilities are banned
|rule|Sleep Moves Clause: Sleep-inducing moves are banned
|clearpoke
|poke|p1|Hatterene, F|
|poke|p1|Porygon2|
|poke|p1|Dusclops, M|
|poke|p1|Ursaluna, F|
|poke|p1|Garganacl, M|
|poke|p1|Azumarill, F|
|poke|p2|Incineroar, M|
|poke|p2|Gardevoir, F|
|poke|p2|Gyarados, M|
|poke|p2|Lucario, M|
|poke|p2|Glimmora, F|
|poke|p2|Thundurus-Therian, M|
|teampreview
|inactive|Battle timer is ON: inactive players will automatically lose when time's up. (requested by Amia Kondoru)
|j| pokemon pervert
|l| pokemon pervert
|
|t:|1779686052
|teamsize|p1|6
|teamsize|p2|6
|start
|switch|p1a: Dusclops|Dusclops, M|100/100
|switch|p2a: Glimmora|Glimmora, F|100/100
|-ability|p1a: Dusclops|Pressure
|turn|1
|
|t:|1779686060
|switch|p1a: Hatterene|Hatterene, F|100/100
|move|p2a: Glimmora|Stealth Rock|p1a: Hatterene
|move|p1a: Hatterene|Stealth Rock|p2a: Glimmora|[from] ability: Magic Bounce
|-sidestart|p2: 4stackkzz|move: Stealth Rock
|
|upkeep
|turn|2
|
|t:|1779686078
|-terastallize|p1a: Hatterene|Ground
|move|p2a: Glimmora|Mortal Spin|p1a: Hatterene
|-resisted|p1a: Hatterene
|-damage|p1a: Hatterene|97/100
|-status|p1a: Hatterene|psn
|-sideend|p2: 4stackkzz|Stealth Rock|[from] move: Mortal Spin|[of] p2a: Glimmora
|move|p1a: Hatterene|Calm Mind|p1a: Hatterene
|-boost|p1a: Hatterene|spa|1
|-boost|p1a: Hatterene|spd|1
|
|-heal|p1a: Hatterene|100/100 psn|[from] item: Leftovers
|-damage|p1a: Hatterene|88/100 psn|[from] psn
|upkeep
|turn|3
|
|t:|1779686095
|move|p2a: Glimmora|Earth Power|p1a: Hatterene
|-damage|p1a: Hatterene|67/100 psn
|move|p1a: Hatterene|Calm Mind|p1a: Hatterene
|-boost|p1a: Hatterene|spa|1
|-boost|p1a: Hatterene|spd|1
|
|-heal|p1a: Hatterene|73/100 psn|[from] item: Leftovers
|-damage|p1a: Hatterene|60/100 psn|[from] psn
|upkeep
|turn|4
|
|t:|1779686101
|switch|p2a: Gyarados|Gyarados, M|100/100
|move|p1a: Hatterene|Giga Drain|p2a: Gyarados
|-damage|p2a: Gyarados|40/100
|-heal|p1a: Hatterene|92/100 psn|[from] drain|[of] p2a: Gyarados
|
|-heal|p1a: Hatterene|98/100 psn|[from] item: Leftovers
|-damage|p1a: Hatterene|86/100 psn|[from] psn
|upkeep
|turn|5
|
|t:|1779686116
|move|p2a: Gyarados|Waterfall|p1a: Hatterene
|-supereffective|p1a: Hatterene
|-damage|p1a: Hatterene|0 fnt
|faint|p1a: Hatterene
|-ability|p2a: Gyarados|Moxie|boost
|-boost|p2a: Gyarados|atk|1
|-damage|p2a: Gyarados|30/100|[from] item: Life Orb
|
|upkeep
|
|t:|1779686128
|switch|p1a: Dusclops|Dusclops, M|100/100
|-ability|p1a: Dusclops|Pressure
|turn|6
|
|t:|1779686142
|move|p2a: Gyarados|Crunch|p1a: Dusclops
|-supereffective|p1a: Dusclops
|-damage|p1a: Dusclops|30/100
|-damage|p2a: Gyarados|20/100|[from] item: Life Orb
|move|p1a: Dusclops|Will-O-Wisp|p2a: Gyarados
|-status|p2a: Gyarados|brn
|
|-damage|p2a: Gyarados|14/100 brn|[from] brn
|upkeep
|turn|7
|
|t:|1779686151
|move|p1a: Dusclops|Protect|p1a: Dusclops
|-singleturn|p1a: Dusclops|Protect
|move|p2a: Gyarados|Crunch|p1a: Dusclops
|-activate|p1a: Dusclops|move: Protect
|
|-damage|p2a: Gyarados|8/100 brn|[from] brn
|upkeep
|turn|8
|
|t:|1779686165
|switch|p2a: Incineroar|Incineroar, M|100/100
|-ability|p2a: Incineroar|Intimidate|boost
|-unboost|p1a: Dusclops|atk|1
|switch|p1a: Garganacl|Garganacl, M|100/100
|
|upkeep
|turn|9
|
|t:|1779686174
|move|p2a: Incineroar|Fake Out|p1a: Garganacl
|-resisted|p1a: Garganacl
|-damage|p1a: Garganacl|96/100
|-damage|p2a: Incineroar|84/100|[from] item: Rocky Helmet|[of] p1a: Garganacl
|cant|p1a: Garganacl|flinch
|
|upkeep
|turn|10
|
|t:|1779686191
|move|p2a: Incineroar|Parting Shot|p1a: Garganacl
|-unboost|p1a: Garganacl|atk|1
|-unboost|p1a: Garganacl|spa|1
|
|t:|1779686194
|switch|p2a: Lucario|Lucario, M|100/100|[from] Parting Shot
|move|p1a: Garganacl|Iron Defense|p1a: Garganacl
|-boost|p1a: Garganacl|def|2
|
|upkeep
|turn|11
|
|t:|1779686209
|move|p2a: Lucario|Flash Cannon|p1a: Garganacl
|-supereffective|p1a: Garganacl
|-damage|p1a: Garganacl|47/100
|move|p1a: Garganacl|Body Press|p2a: Lucario
|-supereffective|p2a: Lucario
|-damage|p2a: Lucario|0 fnt
|faint|p2a: Lucario
|
|upkeep
|
|t:|1779686215
|switch|p2a: Gardevoir|Gardevoir, F|100/100
|turn|12
|
|t:|1779686220
|move|p2a: Gardevoir|Calm Mind|p2a: Gardevoir
|-boost|p2a: Gardevoir|spa|1
|-boost|p2a: Gardevoir|spd|1
|move|p1a: Garganacl|Salt Cure|p2a: Gardevoir
|-crit|p2a: Gardevoir
|-damage|p2a: Gardevoir|63/100
|-start|p2a: Gardevoir|Salt Cure
|
|-damage|p2a: Gardevoir|50/100|[from] Salt Cure
|upkeep
|turn|13
|
|t:|1779686223
|move|p2a: Gardevoir|Magical Leaf|p1a: Garganacl
|-supereffective|p1a: Garganacl
|-damage|p1a: Garganacl|1/100
|move|p1a: Garganacl|Recover|p1a: Garganacl
|-heal|p1a: Garganacl|51/100
|
|-damage|p2a: Gardevoir|38/100|[from] Salt Cure
|upkeep
|turn|14
|
|t:|1779686229
|move|p2a: Gardevoir|Moonblast|p1a: Garganacl
|-damage|p1a: Garganacl|2/100
|-unboost|p1a: Garganacl|spa|1
|move|p1a: Garganacl|Recover|p1a: Garganacl
|-heal|p1a: Garganacl|52/100
|
|-damage|p2a: Gardevoir|26/100|[from] Salt Cure
|upkeep
|turn|15
|
|t:|1779686238
|move|p2a: Gardevoir|Moonblast|p1a: Garganacl
|-damage|p1a: Garganacl|0 fnt
|faint|p1a: Garganacl
|
|-damage|p2a: Gardevoir|13/100|[from] Salt Cure
|upkeep
|
|t:|1779686245
|switch|p1a: Azumarill|Azumarill, F|100/100
|turn|16
|
|t:|1779686249
|switch|p2a: Thundurus|Thundurus-Therian, M|100/100
|switch|p1a: Dusclops|Dusclops, M|30/100
|-ability|p1a: Dusclops|Pressure
|
|upkeep
|turn|17
|
|t:|1779686262
|move|p2a: Thundurus|Thunderbolt|p1a: Dusclops
|-damage|p1a: Dusclops|5/100
|move|p1a: Dusclops|Will-O-Wisp|p2a: Thundurus
|-status|p2a: Thundurus|brn
|
|-damage|p2a: Thundurus|94/100 brn|[from] brn
|upkeep
|turn|18
|
|t:|1779686267
|move|p1a: Dusclops|Protect|p1a: Dusclops
|-singleturn|p1a: Dusclops|Protect
|move|p2a: Thundurus|Grass Knot|p1a: Dusclops
|-activate|p1a: Dusclops|move: Protect
|
|-damage|p2a: Thundurus|88/100 brn|[from] brn
|upkeep
|turn|19
|
|t:|1779686275
|move|p2a: Thundurus|Volt Switch|p1a: Dusclops
|-crit|p1a: Dusclops
|-damage|p1a: Dusclops|0 fnt
|faint|p1a: Dusclops
|
|t:|1779686299
|switch|p2a: Gardevoir|Gardevoir, F|13/100|[from] Volt Switch
|
|upkeep
|
|t:|1779686308
|switch|p1a: Porygon2|Porygon2|100/100
|-ability|p1a: Porygon2|Download|boost
|-boost|p1a: Porygon2|atk|1
|turn|20
|
|t:|1779686321
|move|p2a: Gardevoir|Moonblast|p1a: Porygon2
|-damage|p1a: Porygon2|67/100
|move|p1a: Porygon2|Trick Room|p1a: Porygon2
|-fieldstart|move: Trick Room|[of] p1a: Porygon2
|
|upkeep
|turn|21
|
|t:|1779686328
|move|p1a: Porygon2|Charge Beam|p2a: Gardevoir
|-damage|p2a: Gardevoir|0 fnt
|faint|p2a: Gardevoir
|
|upkeep
|
|t:|1779686334
|switch|p2a: Thundurus|Thundurus-Therian, M|88/100 brn
|turn|22
|
|t:|1779686341
|move|p1a: Porygon2|Charge Beam|p2a: Thundurus
|-heal|p2a: Thundurus|100/100 brn|[from] ability: Volt Absorb|[of] p1a: Porygon2
|move|p2a: Thundurus|Focus Blast|p1a: Porygon2
|-supereffective|p1a: Porygon2
|-damage|p1a: Porygon2|11/100
|
|-damage|p2a: Thundurus|94/100 brn|[from] brn
|upkeep
|turn|23
|
|t:|1779686353
|move|p1a: Porygon2|Ice Beam|p2a: Thundurus
|-supereffective|p2a: Thundurus
|-damage|p2a: Thundurus|20/100 brn
|move|p2a: Thundurus|Focus Blast|p1a: Porygon2
|-supereffective|p1a: Porygon2
|-damage|p1a: Porygon2|0 fnt
|faint|p1a: Porygon2
|
|-damage|p2a: Thundurus|14/100 brn|[from] brn
|upkeep
|
|t:|1779686360
|switch|p1a: Ursaluna|Ursaluna, F|100/100
|turn|24
|
|t:|1779686371
|move|p1a: Ursaluna|Swords Dance|p1a: Ursaluna
|-boost|p1a: Ursaluna|atk|2
|move|p2a: Thundurus|Focus Blast|p1a: Ursaluna
|-supereffective|p1a: Ursaluna
|-damage|p1a: Ursaluna|17/100
|
|-damage|p2a: Thundurus|8/100 brn|[from] brn
|-fieldend|move: Trick Room
|-status|p1a: Ursaluna|brn|[from] item: Flame Orb
|upkeep
|turn|25
|
|t:|1779686381
|move|p2a: Thundurus|Focus Blast|p1a: Ursaluna
|-supereffective|p1a: Ursaluna
|-damage|p1a: Ursaluna|0 fnt
|faint|p1a: Ursaluna
|
|-damage|p2a: Thundurus|2/100 brn|[from] brn
|upkeep
|
|t:|1779686385
|switch|p1a: Azumarill|Azumarill, F|100/100
|turn|26
|
|t:|1779686402
|move|p2a: Thundurus|Grass Knot|p1a: Azumarill
|-supereffective|p1a: Azumarill
|-damage|p1a: Azumarill|53/100
|move|p1a: Azumarill|Belly Drum|p1a: Azumarill
|-damage|p1a: Azumarill|3/100
|-setboost|p1a: Azumarill|atk|6|[from] move: Belly Drum
|
|-heal|p1a: Azumarill|10/100|[from] item: Leftovers
|-damage|p2a: Thundurus|0 fnt|[from] brn
|faint|p2a: Thundurus
|upkeep
|
|t:|1779686409
|switch|p2a: Glimmora|Glimmora, F|100/100
|turn|27
|
|t:|1779686414
|move|p1a: Azumarill|Aqua Jet|p2a: Glimmora
|-supereffective|p2a: Glimmora
|-enditem|p2a: Glimmora|Focus Sash
|-damage|p2a: Glimmora|1/100
|-activate|p2a: Glimmora|ability: Toxic Debris
|-sidestart|p1: Amia Kondoru|move: Toxic Spikes
|move|p2a: Glimmora|Earth Power|p1a: Azumarill
|-damage|p1a: Azumarill|0 fnt
|faint|p1a: Azumarill
|
|win|4stackkzz
|raw|Amia Kondoru's rating: 1136 &rarr; <strong>1113</strong><br />(-23 for losing)
|raw|4stackkzz's rating: 1168 &rarr; <strong>1191</strong><br />(+23 for winning)
|l|☆Amia Kondoru
|player|p1|
|l|☆4stackkzz
|player|p2|
