|j|☆claudechamp
|j|☆swooningdekooning
|t:|1779579283
|gametype|singles
|player|p1|claudechamp|101|1349
|player|p2|swooningdekooning|unknown|1312
|gen|9
|tier|[Gen 9] OU
|rated|
|rule|HP Percentage Mod: HP is shown in percentages
|rule|Endless Battle Clause: Forcing endless battles is banned
|rule|Species Clause: Limit one of each Pokémon
|rule|OHKO Clause: OHKO moves are banned
|rule|Evasion Items Clause: Evasion items are banned
|rule|Evasion Moves Clause: Evasion moves are banned
|rule|Evasion Abilities Clause: Evasion abilities are banned
|rule|Sleep Moves Clause: Sleep-inducing moves are banned
|clearpoke
|poke|p1|Gliscor, M|
|poke|p1|Gholdengo|
|poke|p1|Zamazenta-*|
|poke|p1|Blissey, F|
|poke|p1|Skarmory, M|
|poke|p1|Pecharunt|
|poke|p2|Iron Valiant|
|poke|p2|Gliscor, F|
|poke|p2|Slowking-Galar, F|
|poke|p2|Great Tusk|
|poke|p2|Dragapult, M|
|poke|p2|Skarmory, F|
|teampreview
|c|☆claudechamp|hf
|
|t:|1779579286
|teamsize|p1|6
|teamsize|p2|6
|start
|switch|p1a: Skarmory|Skarmory, M|100/100
|switch|p2a: Gliscor|Gliscor, F|100/100
|turn|1
|inactive|Battle timer is ON: inactive players will automatically lose when time's up. (requested by claudechamp)
|
|t:|1779579292
|move|p2a: Gliscor|Protect|p2a: Gliscor
|-singleturn|p2a: Gliscor|Protect
|move|p1a: Skarmory|Spikes|p2a: Gliscor
|-sidestart|p2: swooningdekooning|Spikes
|
|-status|p2a: Gliscor|tox|[from] item: Toxic Orb
|upkeep
|turn|2
|
|t:|1779579294
|move|p2a: Gliscor|Knock Off|p1a: Skarmory
|-damage|p1a: Skarmory|87/100
|-enditem|p1a: Skarmory|Heavy-Duty Boots|[from] move: Knock Off|[of] p2a: Gliscor
|move|p1a: Skarmory|Spikes|p2a: Gliscor
|-sidestart|p2: swooningdekooning|Spikes
|
|upkeep
|turn|3
|
|t:|1779579299
|move|p2a: Gliscor|U-turn|p1a: Skarmory
|-resisted|p1a: Skarmory
|-damage|p1a: Skarmory|85/100
|
|t:|1779579301
|switch|p2a: Great Tusk|Great Tusk|100/100|[from] U-turn
|move|p1a: Skarmory|Spikes|p2a: Great Tusk
|-sidestart|p2: swooningdekooning|Spikes
|
|upkeep
|turn|4
|
|t:|1779579304
|switch|p1a: Gliscor|Gliscor, M|100/100
|move|p2a: Great Tusk|Stealth Rock|p1a: Gliscor
|-sidestart|p1: claudechamp|move: Stealth Rock
|
|-status|p1a: Gliscor|tox|[from] item: Toxic Orb
|upkeep
|turn|5
|
|t:|1779579306
|move|p2a: Great Tusk|Ice Spinner|p1a: Gliscor
|-supereffective|p1a: Gliscor
|-damage|p1a: Gliscor|7/100 tox
|move|p1a: Gliscor|Swords Dance|p1a: Gliscor
|-boost|p1a: Gliscor|atk|2
|
|-heal|p1a: Gliscor|20/100 tox|[from] ability: Poison Heal
|upkeep
|turn|6
|
|t:|1779579310
|-terastallize|p1a: Gliscor|Dark
|move|p1a: Gliscor|Protect|p1a: Gliscor
|-singleturn|p1a: Gliscor|Protect
|move|p2a: Great Tusk|Ice Spinner|p1a: Gliscor
|-activate|p1a: Gliscor|move: Protect
|
|-heal|p1a: Gliscor|32/100 tox|[from] ability: Poison Heal
|upkeep
|turn|7
|
|t:|1779579314
|move|p2a: Great Tusk|Headlong Rush|p1a: Gliscor
|-damage|p1a: Gliscor|0 fnt
|-unboost|p2a: Great Tusk|def|1
|-unboost|p2a: Great Tusk|spd|1
|faint|p1a: Gliscor
|
|upkeep
|
|t:|1779579316
|switch|p1a: Zamazenta|Zamazenta|100/100
|-ability|p1a: Zamazenta|Dauntless Shield|boost
|-boost|p1a: Zamazenta|def|1
|turn|8
|
|t:|1779579323
|-end|p2a: Great Tusk|Protosynthesis|[silent]
|switch|p2a: Skarmory|Skarmory, F|100/100
|move|p1a: Zamazenta|Ice Fang|p2a: Skarmory
|-damage|p2a: Skarmory|88/100
|-damage|p1a: Zamazenta|84/100|[from] item: Rocky Helmet|[of] p2a: Skarmory
|
|upkeep
|turn|9
|
|t:|1779579329
|move|p1a: Zamazenta|Ice Fang|p2a: Skarmory
|-damage|p2a: Skarmory|75/100
|-damage|p1a: Zamazenta|67/100|[from] item: Rocky Helmet|[of] p2a: Skarmory
|move|p2a: Skarmory|Brave Bird|p1a: Zamazenta
|-supereffective|p1a: Zamazenta
|-damage|p1a: Zamazenta|25/100
|-damage|p2a: Skarmory|61/100|[from] Recoil
|
|upkeep
|turn|10
|
|t:|1779579335
|move|p1a: Zamazenta|Close Combat|p2a: Skarmory
|-damage|p2a: Skarmory|25/100
|-unboost|p1a: Zamazenta|def|1
|-unboost|p1a: Zamazenta|spd|1
|-damage|p1a: Zamazenta|8/100|[from] item: Rocky Helmet|[of] p2a: Skarmory
|move|p2a: Skarmory|Spikes|p1a: Zamazenta
|-sidestart|p1: claudechamp|Spikes
|
|upkeep
|turn|11
|
|t:|1779579343
|switch|p1a: Pecharunt|Pecharunt|100/100
|switch|p2a: Dragapult|Dragapult, M|100/100
|
|upkeep
|turn|12
|
|t:|1779579348
|move|p2a: Dragapult|Will-O-Wisp|p1a: Pecharunt
|-status|p1a: Pecharunt|brn
|move|p1a: Pecharunt|Parting Shot|p2a: Dragapult
|-unboost|p2a: Dragapult|atk|1
|-unboost|p2a: Dragapult|spa|1
|
|t:|1779579352
|switch|p1a: Blissey|Blissey, F|100/100|[from] Parting Shot
|
|upkeep
|turn|13
|
|t:|1779579355
|move|p2a: Dragapult|U-turn|p1a: Blissey
|-damage|p1a: Blissey|87/100
|
|t:|1779579357
|switch|p2a: Gliscor|Gliscor, F|100/100 tox|[from] U-turn
|move|p1a: Blissey|Stealth Rock|p2a: Gliscor
|-sidestart|p2: swooningdekooning|move: Stealth Rock
|
|upkeep
|turn|14
|
|t:|1779579360
|move|p2a: Gliscor|Knock Off|p1a: Blissey
|-damage|p1a: Blissey|66/100
|-enditem|p1a: Blissey|Heavy-Duty Boots|[from] move: Knock Off|[of] p2a: Gliscor
|move|p1a: Blissey|Soft-Boiled|p1a: Blissey
|-heal|p1a: Blissey|100/100
|
|upkeep
|turn|15
|
|t:|1779579365
|move|p2a: Gliscor|Earthquake|p1a: Blissey
|-damage|p1a: Blissey|69/100
|move|p1a: Blissey|Shadow Ball|p2a: Gliscor
|-damage|p2a: Gliscor|88/100 tox
|
|-heal|p2a: Gliscor|99/100 tox|[from] ability: Poison Heal
|upkeep
|turn|16
|
|t:|1779579371
|move|p2a: Gliscor|Earthquake|p1a: Blissey
|-damage|p1a: Blissey|37/100
|move|p1a: Blissey|Soft-Boiled|p1a: Blissey
|-heal|p1a: Blissey|87/100
|
|-heal|p2a: Gliscor|100/100 tox|[from] ability: Poison Heal
|upkeep
|turn|17
|
|t:|1779579374
|move|p2a: Gliscor|U-turn|p1a: Blissey
|-damage|p1a: Blissey|70/100
|
|t:|1779579382
|switch|p2a: Great Tusk|Great Tusk|100/100|[from] U-turn
|move|p1a: Blissey|Soft-Boiled|p1a: Blissey
|-heal|p1a: Blissey|100/100
|
|upkeep
|turn|18
|
|t:|1779579386
|switch|p1a: Skarmory|Skarmory, M|85/100
|-damage|p1a: Skarmory|72/100|[from] Stealth Rock
|move|p2a: Great Tusk|Rapid Spin|p1a: Skarmory
|-resisted|p1a: Skarmory
|-damage|p1a: Skarmory|67/100
|-boost|p2a: Great Tusk|spe|1
|-sideend|p2: swooningdekooning|Spikes|[from] move: Rapid Spin|[of] p2a: Great Tusk
|-sideend|p2: swooningdekooning|Stealth Rock|[from] move: Rapid Spin|[of] p2a: Great Tusk
|
|upkeep
|turn|19
|
|t:|1779579391
|-end|p2a: Great Tusk|Protosynthesis|[silent]
|switch|p2a: Skarmory|Skarmory, F|25/100
|move|p1a: Skarmory|Roost|p1a: Skarmory
|-heal|p1a: Skarmory|100/100
|-singleturn|p1a: Skarmory|move: Roost
|
|upkeep
|turn|20
|
|t:|1779579399
|move|p1a: Skarmory|Spikes|p2a: Skarmory
|-sidestart|p2: swooningdekooning|Spikes
|move|p2a: Skarmory|Roost|p2a: Skarmory
|-heal|p2a: Skarmory|75/100
|-singleturn|p2a: Skarmory|move: Roost
|
|upkeep
|turn|21
|
|t:|1779579407
|move|p1a: Skarmory|Spikes|p2a: Skarmory
|-sidestart|p2: swooningdekooning|Spikes
|move|p2a: Skarmory|Spikes|p1a: Skarmory
|-sidestart|p1: claudechamp|Spikes
|
|upkeep
|turn|22
|
|t:|1779579414
|move|p1a: Skarmory|Spikes|p2a: Skarmory
|-sidestart|p2: swooningdekooning|Spikes
|move|p2a: Skarmory|Roost|p2a: Skarmory
|-heal|p2a: Skarmory|100/100
|-singleturn|p2a: Skarmory|move: Roost
|
|upkeep
|turn|23
|
|t:|1779579420
|move|p1a: Skarmory|Whirlwind|p2a: Skarmory
|drag|p2a: Iron Valiant|Iron Valiant|100/100
|-damage|p2a: Iron Valiant|76/100|[from] Spikes
|
|upkeep
|turn|24
|
|t:|1779579427
|move|p2a: Iron Valiant|Shadow Ball|p1a: Skarmory
|-damage|p1a: Skarmory|38/100
|move|p1a: Skarmory|Whirlwind|p2a: Iron Valiant
|-end|p2a: Iron Valiant|Quark Drive|[silent]
|drag|p2a: Slowking|Slowking-Galar, F|100/100
|
|upkeep
|turn|25
|
|t:|1779579434
|move|p1a: Skarmory|Roost|p1a: Skarmory
|-heal|p1a: Skarmory|88/100
|-singleturn|p1a: Skarmory|move: Roost
|move|p2a: Slowking|Future Sight|p1a: Skarmory
|-start|p2a: Slowking|move: Future Sight
|
|upkeep
|turn|26
|
|t:|1779579440
|-prepare|p2a: Slowking|Chilly Reception|[premajor]
|move|p2a: Slowking|Chilly Reception|p2a: Slowking
|-weather|Snowscape
|
|t:|1779579449
|switch|p2a: Gliscor|Gliscor, F|100/100 tox|[from] Chilly Reception
|move|p1a: Skarmory|Whirlwind|p2a: Gliscor
|drag|p2a: Slowking|Slowking-Galar, F|100/100
|
|-weather|Snowscape|[upkeep]
|upkeep
|turn|27
|
|t:|1779579454
|move|p1a: Skarmory|Roost|p1a: Skarmory
|-heal|p1a: Skarmory|100/100
|-singleturn|p1a: Skarmory|move: Roost
|-prepare|p2a: Slowking|Chilly Reception|[premajor]
|move|p2a: Slowking|Chilly Reception|p2a: Slowking
|
|t:|1779579457
|switch|p2a: Dragapult|Dragapult, M|100/100|[from] Chilly Reception
|
|-weather|Snowscape|[upkeep]
|-end|p1a: Skarmory|move: Future Sight
|-resisted|p1a: Skarmory
|-damage|p1a: Skarmory|68/100
|upkeep
|turn|28
|
|t:|1779579467
|switch|p1a: Pecharunt|Pecharunt|100/100 brn
|move|p2a: Dragapult|Will-O-Wisp|p1a: Pecharunt
|-fail|p1a: Pecharunt|brn
|
|-weather|Snowscape|[upkeep]
|-damage|p1a: Pecharunt|94/100 brn|[from] brn
|upkeep
|turn|29
|
|t:|1779579474
|move|p2a: Dragapult|Hex|p1a: Pecharunt
|-supereffective|p1a: Pecharunt
|-damage|p1a: Pecharunt|0 fnt
|faint|p1a: Pecharunt
|
|-weather|Snowscape|[upkeep]
|upkeep
|
|t:|1779579480
|switch|p1a: Skarmory|Skarmory, M|68/100
|-damage|p1a: Skarmory|56/100|[from] Stealth Rock
|turn|30
|
|t:|1779579485
|move|p2a: Dragapult|Will-O-Wisp|p1a: Skarmory
|-status|p1a: Skarmory|brn
|move|p1a: Skarmory|Roost|p1a: Skarmory
|-heal|p1a: Skarmory|100/100 brn
|-singleturn|p1a: Skarmory|move: Roost
|
|-weather|none
|-damage|p1a: Skarmory|95/100 brn|[from] brn
|upkeep
|turn|31
|
|t:|1779579495
|move|p2a: Dragapult|Hex|p1a: Skarmory
|-damage|p1a: Skarmory|23/100 brn
|move|p1a: Skarmory|Whirlwind|p2a: Dragapult
|drag|p2a: Slowking|Slowking-Galar, F|100/100
|
|-damage|p1a: Skarmory|17/100 brn|[from] brn
|upkeep
|turn|32
|
|t:|1779579504
|move|p1a: Skarmory|Roost|p1a: Skarmory
|-heal|p1a: Skarmory|67/100 brn
|-singleturn|p1a: Skarmory|move: Roost
|move|p2a: Slowking|Future Sight|p1a: Skarmory
|-start|p2a: Slowking|move: Future Sight
|
|-damage|p1a: Skarmory|61/100 brn|[from] brn
|upkeep
|turn|33
|
|t:|1779579514
|-prepare|p2a: Slowking|Chilly Reception|[premajor]
|move|p2a: Slowking|Chilly Reception|p2a: Slowking
|-weather|Snowscape
|
|t:|1779579518
|switch|p2a: Gliscor|Gliscor, F|100/100 tox|[from] Chilly Reception
|move|p1a: Skarmory|Whirlwind|p2a: Gliscor
|drag|p2a: Great Tusk|Great Tusk|100/100
|
|-weather|Snowscape|[upkeep]
|-damage|p1a: Skarmory|55/100 brn|[from] brn
|upkeep
|turn|34
|
|t:|1779579530
|move|p2a: Great Tusk|Ice Spinner|p1a: Skarmory
|-damage|p1a: Skarmory|37/100 brn
|move|p1a: Skarmory|Roost|p1a: Skarmory
|-heal|p1a: Skarmory|87/100 brn
|-singleturn|p1a: Skarmory|move: Roost
|
|-weather|Snowscape|[upkeep]
|-end|p1a: Skarmory|move: Future Sight
|-resisted|p1a: Skarmory
|-damage|p1a: Skarmory|59/100 brn
|-damage|p1a: Skarmory|53/100 brn|[from] brn
|upkeep
|turn|35
|
|t:|1779579538
|move|p2a: Great Tusk|Rapid Spin|p1a: Skarmory
|-resisted|p1a: Skarmory
|-damage|p1a: Skarmory|48/100 brn
|-boost|p2a: Great Tusk|spe|1
|-sideend|p2: swooningdekooning|Spikes|[from] move: Rapid Spin|[of] p2a: Great Tusk
|move|p1a: Skarmory|Body Press|p2a: Great Tusk
|-damage|p2a: Great Tusk|90/100
|
|-weather|Snowscape|[upkeep]
|-damage|p1a: Skarmory|42/100 brn|[from] brn
|upkeep
|turn|36
|
|t:|1779579550
|-end|p2a: Great Tusk|Protosynthesis|[silent]
|switch|p2a: Skarmory|Skarmory, F|100/100
|move|p1a: Skarmory|Roost|p1a: Skarmory
|-heal|p1a: Skarmory|92/100 brn
|-singleturn|p1a: Skarmory|move: Roost
|
|-weather|Snowscape|[upkeep]
|-damage|p1a: Skarmory|86/100 brn|[from] brn
|upkeep
|turn|37
|
|t:|1779579562
|move|p1a: Skarmory|Spikes|p2a: Skarmory
|-sidestart|p2: swooningdekooning|Spikes
|move|p2a: Skarmory|Whirlwind|p1a: Skarmory
|drag|p1a: Blissey|Blissey, F|100/100
|-damage|p1a: Blissey|88/100|[from] Stealth Rock
|-damage|p1a: Blissey|72/100|[from] Spikes
|
|-weather|none
|upkeep
|turn|38
|
|t:|1779579572
|switch|p2a: Gliscor|Gliscor, F|100/100 tox
|move|p1a: Blissey|Soft-Boiled|p1a: Blissey
|-heal|p1a: Blissey|100/100
|
|upkeep
|turn|39
|
|t:|1779579581
|move|p2a: Gliscor|Earthquake|p1a: Blissey
|-damage|p1a: Blissey|67/100
|move|p1a: Blissey|Shadow Ball|p2a: Gliscor
|-damage|p2a: Gliscor|89/100 tox
|
|-heal|p2a: Gliscor|100/100 tox|[from] ability: Poison Heal
|upkeep
|turn|40
|
|t:|1779579592
|move|p2a: Gliscor|Knock Off|p1a: Blissey
|-damage|p1a: Blissey|52/100
|move|p1a: Blissey|Soft-Boiled|p1a: Blissey
|-heal|p1a: Blissey|100/100
|
|upkeep
|turn|41
|
|t:|1779579597
|move|p2a: Gliscor|Knock Off|p1a: Blissey
|-damage|p1a: Blissey|86/100
|move|p1a: Blissey|Shadow Ball|p2a: Gliscor
|-damage|p2a: Gliscor|89/100 tox
|-unboost|p2a: Gliscor|spd|1
|
|-heal|p2a: Gliscor|100/100 tox|[from] ability: Poison Heal
|upkeep
|turn|42
|
|t:|1779579604
|move|p2a: Gliscor|Earthquake|p1a: Blissey
|-damage|p1a: Blissey|50/100
|move|p1a: Blissey|Soft-Boiled|p1a: Blissey
|-heal|p1a: Blissey|99/100
|
|upkeep
|turn|43
|
|t:|1779579613
|move|p2a: Gliscor|Earthquake|p1a: Blissey
|-damage|p1a: Blissey|65/100
|move|p1a: Blissey|Calm Mind|p1a: Blissey
|-boost|p1a: Blissey|spa|1
|-boost|p1a: Blissey|spd|1
|
|upkeep
|turn|44
|
|t:|1779579619
|move|p2a: Gliscor|Earthquake|p1a: Blissey
|-damage|p1a: Blissey|32/100
|move|p1a: Blissey|Soft-Boiled|p1a: Blissey
|-heal|p1a: Blissey|82/100
|
|upkeep
|turn|45
|
|t:|1779579625
|move|p2a: Gliscor|Earthquake|p1a: Blissey
|-damage|p1a: Blissey|47/100
|move|p1a: Blissey|Shadow Ball|p2a: Gliscor
|-damage|p2a: Gliscor|75/100 tox
|
|-heal|p2a: Gliscor|87/100 tox|[from] ability: Poison Heal
|upkeep
|turn|46
|
|t:|1779579639
|move|p2a: Gliscor|Earthquake|p1a: Blissey
|-damage|p1a: Blissey|12/100
|move|p1a: Blissey|Soft-Boiled|p1a: Blissey
|-heal|p1a: Blissey|62/100
|
|-heal|p2a: Gliscor|99/100 tox|[from] ability: Poison Heal
|upkeep
|turn|47
|
|t:|1779579657
|move|p2a: Gliscor|Earthquake|p1a: Blissey
|-damage|p1a: Blissey|27/100
|move|p1a: Blissey|Stealth Rock|p2a: Gliscor
|-sidestart|p2: swooningdekooning|move: Stealth Rock
|
|-heal|p2a: Gliscor|100/100 tox|[from] ability: Poison Heal
|upkeep
|turn|48
|
|t:|1779579664
|switch|p1a: Skarmory|Skarmory, M|86/100 brn
|-damage|p1a: Skarmory|73/100 brn|[from] Stealth Rock
|move|p2a: Gliscor|Earthquake|p1a: Skarmory
|-immune|p1a: Skarmory
|
|-damage|p1a: Skarmory|67/100 brn|[from] brn
|upkeep
|turn|49
|
|t:|1779579672
|move|p2a: Gliscor|Knock Off|p1a: Skarmory
|-damage|p1a: Skarmory|59/100 brn
|move|p1a: Skarmory|Whirlwind|p2a: Gliscor
|drag|p2a: Iron Valiant|Iron Valiant|76/100
|-damage|p2a: Iron Valiant|63/100|[from] Spikes
|-damage|p2a: Iron Valiant|57/100|[from] Stealth Rock
|
|-damage|p1a: Skarmory|53/100 brn|[from] brn
|upkeep
|turn|50
|
|t:|1779579685
|move|p2a: Iron Valiant|Shadow Ball|p1a: Skarmory
|-damage|p1a: Skarmory|0 fnt
|faint|p1a: Skarmory
|
|upkeep
|
|t:|1779579696
|switch|p1a: Gholdengo|Gholdengo|100/100
|-damage|p1a: Gholdengo|94/100|[from] Stealth Rock
|-damage|p1a: Gholdengo|78/100|[from] Spikes
|turn|51
|
|t:|1779579711
|-end|p2a: Iron Valiant|Quark Drive|[silent]
|switch|p2a: Skarmory|Skarmory, F|100/100
|-damage|p2a: Skarmory|88/100|[from] Stealth Rock
|switch|p1a: Blissey|Blissey, F|27/100
|-damage|p1a: Blissey|15/100|[from] Stealth Rock
|-damage|p1a: Blissey|0 fnt|[from] Spikes
|faint|p1a: Blissey
|
|upkeep
|
|t:|1779579727
|switch|p1a: Gholdengo|Gholdengo|78/100
|-damage|p1a: Gholdengo|72/100|[from] Stealth Rock
|-damage|p1a: Gholdengo|55/100|[from] Spikes
|turn|52
|
|t:|1779579732
|move|p1a: Gholdengo|Recover|p1a: Gholdengo
|-heal|p1a: Gholdengo|100/100
|move|p2a: Skarmory|Brave Bird|p1a: Gholdengo
|-resisted|p1a: Gholdengo
|-damage|p1a: Gholdengo|87/100
|-damage|p2a: Skarmory|83/100|[from] Recoil
|
|upkeep
|turn|53
|
|t:|1779579749
|move|p1a: Gholdengo|Hex|p2a: Skarmory
|-damage|p2a: Skarmory|42/100
|move|p2a: Skarmory|Spikes|p1a: Gholdengo
|-sidestart|p1: claudechamp|Spikes
|
|upkeep
|turn|54
|
|t:|1779579757
|move|p1a: Gholdengo|Hex|p2a: Skarmory
|-damage|p2a: Skarmory|4/100
|move|p2a: Skarmory|Brave Bird|p1a: Gholdengo
|-resisted|p1a: Gholdengo
|-damage|p1a: Gholdengo|75/100
|-damage|p2a: Skarmory|0 fnt|[from] Recoil
|faint|p2a: Skarmory
|
|upkeep
|
|t:|1779579764
|switch|p2a: Great Tusk|Great Tusk|90/100
|turn|55
|
|t:|1779579778
|move|p2a: Great Tusk|Headlong Rush|p1a: Gholdengo
|-supereffective|p1a: Gholdengo
|-damage|p1a: Gholdengo|0 fnt
|-unboost|p2a: Great Tusk|def|1
|-unboost|p2a: Great Tusk|spd|1
|faint|p1a: Gholdengo
|
|upkeep
|
|t:|1779579792
|switch|p1a: Zamazenta|Zamazenta|8/100
|turn|56
|
|t:|1779579808
|move|p1a: Zamazenta|Ice Fang|p2a: Great Tusk
|-supereffective|p2a: Great Tusk
|-damage|p2a: Great Tusk|43/100
|move|p2a: Great Tusk|Rapid Spin|p1a: Zamazenta
|-damage|p1a: Zamazenta|0 fnt
|-boost|p2a: Great Tusk|spe|1
|-sideend|p2: swooningdekooning|Spikes|[from] move: Rapid Spin|[of] p2a: Great Tusk
|-sideend|p2: swooningdekooning|Stealth Rock|[from] move: Rapid Spin|[of] p2a: Great Tusk
|faint|p1a: Zamazenta
|
|win|swooningdekooning
|raw|claudechamp's rating: 1333 &rarr; <strong>1312</strong><br />(-21 for losing)
|raw|swooningdekooning's rating: 1312 &rarr; <strong>1333</strong><br />(+21 for winning)
|c|☆claudechamp|gg
|c|☆swooningdekooning|gg
|l|☆swooningdekooning
|player|p2|
