|j|☆August008
|j|☆zunigadragon
|t:|1779614022
|gametype|singles
|player|p1|August008|ethan|1115
|player|p2|zunigadragon|biker|1079
|gen|9
|tier|[Gen 9] OU
|rated|
|rule|HP Percentage Mod: HP is shown in percentages
|rule|Endless Battle Clause: Forcing endless battles is banned
|rule|Species Clause: Limit one of each Pokémon
|rule|OHKO Clause: OHKO moves are banned
|rule|Evasion Items Clause: Evasion items are banned
|rule|Evasion Moves Clause: Evasion moves are banned
|rule|Evasion Abilities Clause: Evasion abilities are banned
|rule|Sleep Moves Clause: Sleep-inducing moves are banned
|clearpoke
|poke|p1|Garchomp, M|
|poke|p1|Mudsdale, M|
|poke|p1|Gardevoir, F|
|poke|p1|Decidueye, F|
|poke|p1|Blissey, F|
|poke|p1|Gliscor, F|
|poke|p2|Lucario, M|
|poke|p2|Reuniclus, M|
|poke|p2|Tyranitar, M|
|poke|p2|Hippowdon, F|
|poke|p2|Garchomp, F|
|poke|p2|Gliscor, F|
|teampreview
|inactive|Battle timer is ON: inactive players will automatically lose when time's up. (requested by August008)
|c|☆zunigadragon|Good luck
|
|t:|1779614051
|teamsize|p1|6
|teamsize|p2|6
|start
|switch|p1a: Decidueye|Decidueye, F|100/100
|switch|p2a: Theodoric|Tyranitar, M|100/100
|-weather|Sandstorm|[from] ability: Sand Stream|[of] p2a: Theodoric
|turn|1
|
|t:|1779614070
|move|p1a: Decidueye|Defog|p2a: Theodoric
|-unboost|p2a: Theodoric|evasion|1
|move|p2a: Theodoric|Ice Punch|p1a: Decidueye
|-supereffective|p1a: Decidueye
|-damage|p1a: Decidueye|19/100
|
|-weather|Sandstorm|[upkeep]
|-damage|p1a: Decidueye|13/100|[from] Sandstorm
|-heal|p1a: Decidueye|19/100|[from] item: Leftovers
|upkeep
|turn|2
|
|t:|1779614089
|switch|p1a: Blissey|Blissey, F|100/100
|move|p2a: Theodoric|Ice Punch|p1a: Blissey
|-damage|p1a: Blissey|72/100
|
|-weather|Sandstorm|[upkeep]
|-damage|p1a: Blissey|66/100|[from] Sandstorm
|-heal|p1a: Blissey|72/100|[from] item: Leftovers
|upkeep
|turn|3
|
|t:|1779614103
|move|p2a: Theodoric|Low Kick|p1a: Blissey
|-supereffective|p1a: Blissey
|-damage|p1a: Blissey|27/100
|move|p1a: Blissey|Seismic Toss|p2a: Theodoric
|-damage|p2a: Theodoric|76/100
|
|-weather|Sandstorm|[upkeep]
|-damage|p1a: Blissey|20/100|[from] Sandstorm
|-heal|p1a: Blissey|27/100|[from] item: Leftovers
|upkeep
|turn|4
|
|t:|1779614115
|move|p1a: Blissey|Protect|p1a: Blissey
|-singleturn|p1a: Blissey|Protect
|move|p2a: Theodoric|Low Kick|p1a: Blissey
|-activate|p1a: Blissey|move: Protect
|
|-weather|Sandstorm|[upkeep]
|-damage|p1a: Blissey|20/100|[from] Sandstorm
|-heal|p1a: Blissey|27/100|[from] item: Leftovers
|upkeep
|turn|5
|
|t:|1779614136
|switch|p1a: Gliscor|Gliscor, F|100/100
|move|p2a: Theodoric|Low Kick|p1a: Gliscor
|-resisted|p1a: Gliscor
|-damage|p1a: Gliscor|89/100
|
|-weather|none
|-status|p1a: Gliscor|tox|[from] item: Toxic Orb
|upkeep
|turn|6
|
|t:|1779614151
|switch|p2a: Baty-Ram|Gliscor, F, shiny|100/100
|move|p1a: Gliscor|Crabhammer|p2a: Baty-Ram
|-supereffective|p2a: Baty-Ram
|-damage|p2a: Baty-Ram|43/100
|
|-heal|p1a: Gliscor|100/100 tox|[from] ability: Poison Heal
|-status|p2a: Baty-Ram|tox|[from] item: Toxic Orb
|upkeep
|turn|7
|
|t:|1779614175
|move|p2a: Baty-Ram|Facade|p1a: Gliscor
|-damage|p1a: Gliscor|62/100 tox
|move|p1a: Gliscor|Crabhammer|p2a: Baty-Ram|[miss]
|-miss|p1a: Gliscor|p2a: Baty-Ram
|
|-heal|p1a: Gliscor|74/100 tox|[from] ability: Poison Heal
|-heal|p2a: Baty-Ram|55/100 tox|[from] ability: Poison Heal
|upkeep
|turn|8
|
|t:|1779614187
|move|p2a: Baty-Ram|Stealth Rock|p1a: Gliscor
|-sidestart|p1: August008|move: Stealth Rock
|move|p1a: Gliscor|Crabhammer|p2a: Baty-Ram|[miss]
|-miss|p1a: Gliscor|p2a: Baty-Ram
|
|-heal|p1a: Gliscor|87/100 tox|[from] ability: Poison Heal
|-heal|p2a: Baty-Ram|68/100 tox|[from] ability: Poison Heal
|upkeep
|turn|9
|
|t:|1779614197
|move|p2a: Baty-Ram|Protect|p2a: Baty-Ram
|-singleturn|p2a: Baty-Ram|Protect
|move|p1a: Gliscor|Crabhammer|p2a: Baty-Ram
|-activate|p2a: Baty-Ram|move: Protect
|
|-heal|p2a: Baty-Ram|80/100 tox|[from] ability: Poison Heal
|-heal|p1a: Gliscor|99/100 tox|[from] ability: Poison Heal
|upkeep
|turn|10
|
|t:|1779614220
|switch|p2a: Ramses|Reuniclus, M, shiny|100/100
|move|p1a: Gliscor|Crabhammer|p2a: Ramses
|-damage|p2a: Ramses|73/100
|
|-heal|p2a: Ramses|79/100|[from] item: Leftovers
|-heal|p1a: Gliscor|100/100 tox|[from] ability: Poison Heal
|upkeep
|turn|11
|inactive|August008 has 120 seconds left.
|
|t:|1779614248
|move|p1a: Gliscor|Knock Off|p2a: Ramses
|-supereffective|p2a: Ramses
|-damage|p2a: Ramses|26/100
|-enditem|p2a: Ramses|Leftovers|[from] move: Knock Off|[of] p1a: Gliscor
|move|p2a: Ramses|Future Sight|p1a: Gliscor
|-start|p2a: Ramses|move: Future Sight
|
|upkeep
|turn|12
|inactive|August008 has 120 seconds left.
|
|t:|1779614267
|move|p1a: Gliscor|Knock Off|p2a: Ramses
|-supereffective|p2a: Ramses
|-crit|p2a: Ramses
|-damage|p2a: Ramses|0 fnt
|faint|p2a: Ramses
|
|upkeep
|
|t:|1779614280
|switch|p2a: Hatshepsut|Hippowdon, F, shiny|100/100
|-weather|Sandstorm|[from] ability: Sand Stream|[of] p2a: Hatshepsut
|turn|13
|
|t:|1779614289
|switch|p1a: Decidueye|Decidueye, F|19/100
|-damage|p1a: Decidueye|7/100|[from] Stealth Rock
|move|p2a: Hatshepsut|Ice Fang|p1a: Decidueye
|-supereffective|p1a: Decidueye
|-damage|p1a: Decidueye|0 fnt
|faint|p1a: Decidueye
|
|-weather|Sandstorm|[upkeep]
|-hint|Future Sight did not hit because the target is fainted.
|upkeep
|inactive|August008 has 120 seconds left.
|inactive|August008 has 90 seconds left.
|
|t:|1779614330
|switch|p1a: Gardevoir|Gardevoir, F|100/100
|-damage|p1a: Gardevoir|88/100|[from] Stealth Rock
|turn|14
|
|t:|1779614340
|move|p1a: Gardevoir|Future Sight|p2a: Hatshepsut
|-start|p1a: Gardevoir|move: Future Sight
|move|p2a: Hatshepsut|Roar|p1a: Gardevoir
|drag|p1a: Gliscor|Gliscor, F|100/100 tox
|-damage|p1a: Gliscor|88/100 tox|[from] Stealth Rock
|
|-weather|Sandstorm|[upkeep]
|-heal|p1a: Gliscor|100/100 tox|[from] ability: Poison Heal
|upkeep
|turn|15
|
|t:|1779614353
|move|p1a: Gliscor|Crabhammer|p2a: Hatshepsut
|-supereffective|p2a: Hatshepsut
|-damage|p2a: Hatshepsut|70/100
|move|p2a: Hatshepsut|Ice Fang|p1a: Gliscor
|-supereffective|p1a: Gliscor
|-damage|p1a: Gliscor|35/100 tox
|
|-weather|Sandstorm|[upkeep]
|-heal|p2a: Hatshepsut|76/100|[from] item: Leftovers
|-heal|p1a: Gliscor|47/100 tox|[from] ability: Poison Heal
|upkeep
|turn|16
|inactive|August008 has 90 seconds left.
|
|t:|1779614370
|move|p1a: Gliscor|Protect|p1a: Gliscor
|-singleturn|p1a: Gliscor|Protect
|move|p2a: Hatshepsut|Slack Off|p2a: Hatshepsut
|-heal|p2a: Hatshepsut|100/100
|
|-weather|Sandstorm|[upkeep]
|-end|p2a: Hatshepsut|move: Future Sight
|-damage|p2a: Hatshepsut|29/100
|-heal|p2a: Hatshepsut|35/100|[from] item: Leftovers
|-heal|p1a: Gliscor|59/100 tox|[from] ability: Poison Heal
|upkeep
|turn|17
|inactive|August008 has 90 seconds left.
|
|t:|1779614383
|move|p1a: Gliscor|Crabhammer|p2a: Hatshepsut
|-supereffective|p2a: Hatshepsut
|-damage|p2a: Hatshepsut|3/100
|move|p2a: Hatshepsut|Roar|p1a: Gliscor
|drag|p1a: Gardevoir|Gardevoir, F|88/100
|-damage|p1a: Gardevoir|76/100|[from] Stealth Rock
|
|-weather|none
|-heal|p2a: Hatshepsut|10/100|[from] item: Leftovers
|upkeep
|turn|18
|inactive|August008 has 90 seconds left.
|
|t:|1779614402
|move|p1a: Gardevoir|Draining Kiss|p2a: Hatshepsut
|-damage|p2a: Hatshepsut|0 fnt
|-heal|p1a: Gardevoir|86/100|[from] drain|[of] p2a: Hatshepsut
|faint|p2a: Hatshepsut
|
|upkeep
|inactive|zunigadragon has 120 seconds left.
|
|t:|1779614428
|switch|p2a: Baty-Ram|Gliscor, F, shiny|80/100 tox
|turn|19
|inactive|zunigadragon has 120 seconds left.
|
|t:|1779614436
|move|p2a: Baty-Ram|Earthquake|p1a: Gardevoir
|-damage|p1a: Gardevoir|11/100
|move|p1a: Gardevoir|Future Sight|p2a: Baty-Ram
|-start|p1a: Gardevoir|move: Future Sight
|
|-heal|p2a: Baty-Ram|92/100 tox|[from] ability: Poison Heal
|upkeep
|turn|20
|inactive|August008 has 90 seconds left.
|
|t:|1779614453
|move|p2a: Baty-Ram|Facade|p1a: Gardevoir
|-damage|p1a: Gardevoir|0 fnt
|faint|p1a: Gardevoir
|
|-heal|p2a: Baty-Ram|100/100 tox|[from] ability: Poison Heal
|upkeep
|inactive|August008 has 90 seconds left.
|
|t:|1779614468
|switch|p1a: Gliscor|Gliscor, F|59/100 tox
|-damage|p1a: Gliscor|47/100 tox|[from] Stealth Rock
|turn|21
|
|t:|1779614474
|move|p2a: Baty-Ram|Protect|p2a: Baty-Ram
|-singleturn|p2a: Baty-Ram|Protect
|move|p1a: Gliscor|Protect||[still]
|-fail|p1a: Gliscor
|
|-end|p2a: Baty-Ram|move: Future Sight
|-damage|p2a: Baty-Ram|10/100 tox
|-heal|p1a: Gliscor|59/100 tox|[from] ability: Poison Heal
|-heal|p2a: Baty-Ram|22/100 tox|[from] ability: Poison Heal
|upkeep
|turn|22
|
|t:|1779614488
|move|p1a: Gliscor|Crabhammer|p2a: Baty-Ram
|-supereffective|p2a: Baty-Ram
|-damage|p2a: Baty-Ram|0 fnt
|faint|p2a: Baty-Ram
|
|-heal|p1a: Gliscor|72/100 tox|[from] ability: Poison Heal
|upkeep
|
|t:|1779614505
|switch|p2a: Theodoric|Tyranitar, M|76/100
|-weather|Sandstorm|[from] ability: Sand Stream|[of] p2a: Theodoric
|turn|23
|
|t:|1779614519
|-terastallize|p2a: Theodoric|Ghost
|move|p1a: Gliscor|Protect|p1a: Gliscor
|-singleturn|p1a: Gliscor|Protect
|move|p2a: Theodoric|Ice Punch|p1a: Gliscor
|-activate|p1a: Gliscor|move: Protect
|
|-weather|Sandstorm|[upkeep]
|-damage|p2a: Theodoric|70/100|[from] Sandstorm
|-heal|p1a: Gliscor|84/100 tox|[from] ability: Poison Heal
|upkeep
|turn|24
|
|t:|1779614532
|move|p1a: Gliscor|Knock Off|p2a: Theodoric
|-supereffective|p2a: Theodoric
|-damage|p2a: Theodoric|30/100
|-enditem|p2a: Theodoric|Muscle Band|[from] move: Knock Off|[of] p1a: Gliscor
|move|p2a: Theodoric|Ice Punch|p1a: Gliscor
|-supereffective|p1a: Gliscor
|-damage|p1a: Gliscor|0 fnt
|faint|p1a: Gliscor
|
|-weather|Sandstorm|[upkeep]
|-damage|p2a: Theodoric|24/100|[from] Sandstorm
|upkeep
|inactive|August008 has 90 seconds left.
|
|t:|1779614554
|switch|p1a: Garchomp|Garchomp, M|100/100
|-damage|p1a: Garchomp|94/100|[from] Stealth Rock
|turn|25
|
|t:|1779614560
|move|p1a: Garchomp|Scale Shot|p2a: Theodoric
|-damage|p2a: Theodoric|14/100
|-damage|p2a: Theodoric|3/100
|-crit|p2a: Theodoric
|-damage|p2a: Theodoric|0 fnt
|faint|p2a: Theodoric
|-hitcount|p2: Theodoric|3
|-unboost|p1a: Garchomp|def|1
|-boost|p1a: Garchomp|spe|1
|
|-weather|Sandstorm|[upkeep]
|upkeep
|
|t:|1779614572
|switch|p2a: Gleopatra|Garchomp, F, shiny|100/100
|turn|26
|
|t:|1779614579
|move|p1a: Garchomp|Scale Shot|p2a: Gleopatra
|-supereffective|p2a: Gleopatra
|-damage|p2a: Gleopatra|74/100
|-supereffective|p2a: Gleopatra
|-damage|p2a: Gleopatra|46/100
|-hitcount|p2a: Gleopatra|2
|-unboost|p1a: Garchomp|def|1
|-boost|p1a: Garchomp|spe|1
|move|p2a: Gleopatra|Outrage|p1a: Garchomp
|-supereffective|p1a: Garchomp
|-damage|p1a: Garchomp|0 fnt
|-damage|p2a: Gleopatra|34/100|[from] ability: Rough Skin|[of] p1a: Garchomp
|faint|p1a: Garchomp
|
|-weather|Sandstorm|[upkeep]
|upkeep
|
|t:|1779614595
|switch|p1a: Mudsdale|Mudsdale, M|100/100
|-damage|p1a: Mudsdale|94/100|[from] Stealth Rock
|turn|27
|
|t:|1779614604
|move|p2a: Gleopatra|Outrage|p1a: Mudsdale|[from] lockedmove
|-damage|p1a: Mudsdale|42/100
|-ability|p1a: Mudsdale|Stamina|boost
|-boost|p1a: Mudsdale|def|1
|move|p1a: Mudsdale|Curse|p1a: Mudsdale
|-unboost|p1a: Mudsdale|spe|1
|-boost|p1a: Mudsdale|atk|1
|-boost|p1a: Mudsdale|def|1
|
|-weather|none
|-heal|p1a: Mudsdale|48/100|[from] item: Leftovers
|upkeep
|turn|28
|
|t:|1779614616
|move|p2a: Gleopatra|Outrage|p1a: Mudsdale|[from] lockedmove
|-damage|p1a: Mudsdale|19/100
|-ability|p1a: Mudsdale|Stamina|boost
|-boost|p1a: Mudsdale|def|1
|-start|p2a: Gleopatra|confusion|[fatigue]
|move|p1a: Mudsdale|Body Press|p2a: Gleopatra
|-damage|p2a: Gleopatra|0 fnt
|-damage|p1a: Mudsdale|7/100|[from] ability: Rough Skin|[of] p2a: Gleopatra
|faint|p2a: Gleopatra
|
|-heal|p1a: Mudsdale|13/100|[from] item: Leftovers
|upkeep
|
|t:|1779614630
|switch|p2a: Anubis|Lucario, M|100/100
|turn|29
|
|t:|1779614639
|move|p2a: Anubis|Aura Sphere|p1a: Mudsdale
|-damage|p1a: Mudsdale|0 fnt
|faint|p1a: Mudsdale
|
|upkeep
|
|t:|1779614645
|switch|p1a: Blissey|Blissey, F|27/100
|-damage|p1a: Blissey|14/100|[from] Stealth Rock
|turn|30
|
|t:|1779614653
|move|p1a: Blissey|Protect|p1a: Blissey
|-singleturn|p1a: Blissey|Protect
|move|p2a: Anubis|Aura Sphere|p1a: Blissey
|-activate|p1a: Blissey|move: Protect
|
|-heal|p1a: Blissey|20/100|[from] item: Leftovers
|upkeep
|turn|31
|inactive|August008 has 120 seconds left.
|
|t:|1779614664
|move|p2a: Anubis|Nasty Plot|p2a: Anubis
|-boost|p2a: Anubis|spa|2
|move|p1a: Blissey|Soft-Boiled|p1a: Blissey
|-heal|p1a: Blissey|70/100
|
|-heal|p1a: Blissey|76/100|[from] item: Leftovers
|upkeep
|turn|32
|
|t:|1779614673
|move|p2a: Anubis|Aura Sphere|p1a: Blissey
|-supereffective|p1a: Blissey
|-damage|p1a: Blissey|22/100
|move|p1a: Blissey|Seismic Toss|p2a: Anubis
|-damage|p2a: Anubis|65/100
|
|-heal|p1a: Blissey|29/100|[from] item: Leftovers
|upkeep
|turn|33
|
|t:|1779614685
|move|p2a: Anubis|Aura Sphere|p1a: Blissey
|-supereffective|p1a: Blissey
|-damage|p1a: Blissey|0 fnt
|faint|p1a: Blissey
|
|win|zunigadragon
|raw|August008's rating: 1115 &rarr; <strong>1087</strong><br />(-28 for losing)
|raw|zunigadragon's rating: 1079 &rarr; <strong>1110</strong><br />(+31 for winning)
|l|☆August008
|player|p1|
|c|☆zunigadragon|Gg
|l|☆zunigadragon
|player|p2|
|j|☆zunigadragon
|player|p2|zunigadragon|biker|
|l|☆zunigadragon
|player|p2|
