|j|☆corruk
|j|☆Hi672948328
|t:|1779592849
|gametype|singles
|player|p1|corruk|265|1201
|player|p2|Hi672948328|170|1138
|gen|9
|tier|[Gen 9] OU
|rated|
|rule|HP Percentage Mod: HP is shown in percentages
|rule|Endless Battle Clause: Forcing endless battles is banned
|rule|Species Clause: Limit one of each Pokémon
|rule|OHKO Clause: OHKO moves are banned
|rule|Evasion Items Clause: Evasion items are banned
|rule|Evasion Moves Clause: Evasion moves are banned
|rule|Evasion Abilities Clause: Evasion abilities are banned
|rule|Sleep Moves Clause: Sleep-inducing moves are banned
|clearpoke
|poke|p1|Cramorant, F|
|poke|p1|Mamoswine, F|
|poke|p1|Vaporeon, F|
|poke|p1|Mudsdale, F|
|poke|p1|Blastoise, M|
|poke|p1|Cinccino, M|
|poke|p2|Tornadus-Therian, M|
|poke|p2|Ting-Lu|
|poke|p2|Gholdengo|
|poke|p2|Iron Valiant|
|poke|p2|Pecharunt|
|poke|p2|Ogerpon-Wellspring, F|
|teampreview
|
|t:|1779592864
|teamsize|p1|6
|teamsize|p2|6
|start
|switch|p1a: Cinccino|Cinccino, M|100/100
|switch|p2a: Gholdengo|Gholdengo|100/100
|-item|p2a: Gholdengo|Air Balloon
|turn|1
|
|t:|1779592873
|move|p1a: Cinccino|Bullet Seed|p2a: Gholdengo
|-resisted|p2a: Gholdengo
|-damage|p2a: Gholdengo|96/100
|-enditem|p2a: Gholdengo|Air Balloon
|-resisted|p2a: Gholdengo
|-damage|p2a: Gholdengo|92/100
|-resisted|p2a: Gholdengo
|-crit|p2a: Gholdengo
|-damage|p2a: Gholdengo|85/100
|-resisted|p2a: Gholdengo
|-damage|p2a: Gholdengo|81/100
|-resisted|p2a: Gholdengo
|-damage|p2a: Gholdengo|76/100
|-hitcount|p2a: Gholdengo|5
|move|p2a: Gholdengo|Nasty Plot|p2a: Gholdengo
|-boost|p2a: Gholdengo|spa|2
|
|upkeep
|turn|2
|
|t:|1779592888
|move|p1a: Cinccino|U-turn|p2a: Gholdengo
|-resisted|p2a: Gholdengo
|-damage|p2a: Gholdengo|71/100
|
|t:|1779592891
|switch|p1a: Blastoise|Blastoise, M, shiny|100/100|[from] U-turn
|move|p2a: Gholdengo|Make It Rain|p1a: Blastoise
|-resisted|p1a: Blastoise
|-damage|p1a: Blastoise|59/100
|-unboost|p2a: Gholdengo|spa|1
|
|upkeep
|turn|3
|
|t:|1779592900
|move|p2a: Gholdengo|Shadow Ball|p1a: Blastoise
|-damage|p1a: Blastoise|23/100
|-unboost|p1a: Blastoise|spd|1
|move|p1a: Blastoise|Mud Shot|p2a: Gholdengo
|-supereffective|p2a: Gholdengo
|-damage|p2a: Gholdengo|48/100
|-unboost|p2a: Gholdengo|spe|1
|
|upkeep
|turn|4
|
|t:|1779592912
|switch|p2a: Tornadus|Tornadus-Therian, M|100/100
|move|p1a: Blastoise|Flip Turn|p2a: Tornadus
|-damage|p2a: Tornadus|80/100
|
|t:|1779592918
|switch|p1a: Cinccino|Cinccino, M|100/100|[from] Flip Turn
|
|upkeep
|turn|5
|
|t:|1779592924
|move|p2a: Tornadus|Knock Off|p1a: Cinccino
|-damage|p1a: Cinccino|67/100
|-enditem|p1a: Cinccino|Grip Claw|[from] move: Knock Off|[of] p2a: Tornadus
|move|p1a: Cinccino|Tidy Up|p1a: Cinccino
|-boost|p1a: Cinccino|atk|1
|-boost|p1a: Cinccino|spe|1
|
|upkeep
|turn|6
|
|t:|1779592937
|move|p1a: Cinccino|Tail Slap|p2a: Tornadus
|-damage|p2a: Tornadus|59/100
|-damage|p2a: Tornadus|38/100
|-damage|p2a: Tornadus|20/100
|-damage|p2a: Tornadus|0 fnt
|faint|p2a: Tornadus
|-hitcount|p2: Tornadus|4
|
|upkeep
|
|t:|1779592945
|switch|p2a: Gholdengo|Gholdengo|48/100
|turn|7
|
|t:|1779592950
|move|p1a: Cinccino|Bullet Seed|p2a: Gholdengo
|-resisted|p2a: Gholdengo
|-crit|p2a: Gholdengo
|-damage|p2a: Gholdengo|39/100
|-resisted|p2a: Gholdengo
|-damage|p2a: Gholdengo|32/100
|-resisted|p2a: Gholdengo
|-damage|p2a: Gholdengo|25/100
|-resisted|p2a: Gholdengo
|-damage|p2a: Gholdengo|19/100
|-resisted|p2a: Gholdengo
|-damage|p2a: Gholdengo|12/100
|-hitcount|p2a: Gholdengo|5
|move|p2a: Gholdengo|Make It Rain|p1a: Cinccino
|-damage|p1a: Cinccino|0 fnt
|-unboost|p2a: Gholdengo|spa|1
|faint|p1a: Cinccino
|
|upkeep
|
|t:|1779592960
|switch|p1a: Cramorant|Cramorant, F|100/100
|turn|8
|
|t:|1779592969
|move|p2a: Gholdengo|Shadow Ball|p1a: Cramorant
|-damage|p1a: Cramorant|72/100
|move|p1a: Cramorant|Surf|p2a: Gholdengo
|-formechange|p1a: Cramorant|Cramorant-Gulping|
|-damage|p2a: Gholdengo|0 fnt
|faint|p2a: Gholdengo
|
|upkeep
|
|t:|1779592981
|switch|p2a: Ting-Lu|Ting-Lu|100/100
|-ability|p2a: Ting-Lu|Vessel of Ruin
|turn|9
|
|t:|1779592991
|move|p1a: Cramorant|Pounce|p2a: Ting-Lu
|-supereffective|p2a: Ting-Lu
|-damage|p2a: Ting-Lu|90/100
|-unboost|p2a: Ting-Lu|spe|1
|move|p2a: Ting-Lu|Ruination|p1a: Cramorant
|-damage|p1a: Cramorant|36/100
|-damage|p2a: Ting-Lu|65/100|[from] ability: Gulp Missile|[of] p1a: Cramorant
|-unboost|p2a: Ting-Lu|def|1
|-formechange|p1a: Cramorant|Cramorant|
|
|-heal|p2a: Ting-Lu|71/100|[from] item: Leftovers
|upkeep
|turn|10
|
|t:|1779593005
|move|p1a: Cramorant|Surf|p2a: Ting-Lu
|-formechange|p1a: Cramorant|Cramorant-Gorging|
|-supereffective|p2a: Ting-Lu
|-damage|p2a: Ting-Lu|47/100
|move|p2a: Ting-Lu|Spikes|p1a: Cramorant
|-sidestart|p1: corruk|Spikes
|
|-heal|p2a: Ting-Lu|53/100|[from] item: Leftovers
|upkeep
|turn|11
|
|t:|1779593023
|switch|p2a: Ogerpon|Ogerpon-Wellspring, F|100/100
|move|p1a: Cramorant|Roost|p1a: Cramorant
|-heal|p1a: Cramorant|87/100
|-singleturn|p1a: Cramorant|move: Roost
|
|upkeep
|turn|12
|
|t:|1779593031
|move|p2a: Ogerpon|Horn Leech|p1a: Cramorant
|-crit|p1a: Cramorant
|-damage|p1a: Cramorant|14/100
|-damage|p2a: Ogerpon|84/100|[from] item: Rocky Helmet|[of] p1a: Cramorant
|-damage|p2a: Ogerpon|59/100|[from] ability: Gulp Missile|[of] p1a: Cramorant
|-status|p2a: Ogerpon|par
|-formechange|p1a: Cramorant|Cramorant|
|move|p1a: Cramorant|Pounce|p2a: Ogerpon
|-supereffective|p2a: Ogerpon
|-damage|p2a: Ogerpon|36/100 par
|-unboost|p2a: Ogerpon|spe|1
|
|upkeep
|turn|13
|
|t:|1779593051
|move|p1a: Cramorant|Pounce|p2a: Ogerpon
|-supereffective|p2a: Ogerpon
|-damage|p2a: Ogerpon|11/100 par
|-unboost|p2a: Ogerpon|spe|1
|move|p2a: Ogerpon|Horn Leech|p1a: Cramorant
|-damage|p1a: Cramorant|0 fnt
|-heal|p2a: Ogerpon|19/100 par|[from] drain|[of] p1a: Cramorant
|-damage|p2a: Ogerpon|2/100 par|[from] item: Rocky Helmet|[of] p1a: Cramorant
|faint|p1a: Cramorant
|
|upkeep
|
|t:|1779593060
|switch|p1a: Mamoswine|Mamoswine, F|100/100
|-damage|p1a: Mamoswine|88/100|[from] Spikes
|turn|14
|
|t:|1779593069
|switch|p2a: Pecharunt|Pecharunt|100/100
|move|p1a: Mamoswine|Ice Shard|p2a: Pecharunt
|-damage|p2a: Pecharunt|89/100
|
|upkeep
|turn|15
|
|t:|1779593086
|move|p1a: Mamoswine|Stealth Rock|p2a: Pecharunt
|-sidestart|p2: Hi672948328|move: Stealth Rock
|move|p2a: Pecharunt|Parting Shot|p1a: Mamoswine
|-unboost|p1a: Mamoswine|atk|1
|-unboost|p1a: Mamoswine|spa|1
|
|t:|1779593094
|switch|p2a: Iron Valiant|Iron Valiant|100/100|[from] Parting Shot
|-damage|p2a: Iron Valiant|94/100|[from] Stealth Rock
|-enditem|p2a: Iron Valiant|Booster Energy
|-activate|p2a: Iron Valiant|ability: Quark Drive|[fromitem]
|-start|p2a: Iron Valiant|quarkdrivespe
|
|upkeep
|turn|16
|
|t:|1779593103
|switch|p1a: Blastoise|Blastoise, M, shiny|23/100
|-damage|p1a: Blastoise|10/100|[from] Spikes
|move|p2a: Iron Valiant|Encore||[still]
|-fail|p2a: Iron Valiant
|
|upkeep
|turn|17
|
|t:|1779593114
|move|p2a: Iron Valiant|Swords Dance|p2a: Iron Valiant
|-boost|p2a: Iron Valiant|atk|2
|move|p1a: Blastoise|Mud Shot|p2a: Iron Valiant
|-damage|p2a: Iron Valiant|77/100
|-unboost|p2a: Iron Valiant|spe|1
|
|upkeep
|turn|18
|
|t:|1779593123
|move|p2a: Iron Valiant|Knock Off|p1a: Blastoise
|-damage|p1a: Blastoise|0 fnt
|-enditem|p1a: Blastoise|Assault Vest|[from] move: Knock Off|[of] p2a: Iron Valiant
|faint|p1a: Blastoise
|
|upkeep
|
|t:|1779593130
|switch|p1a: Mudsdale|Mudsdale, F, shiny|100/100
|-damage|p1a: Mudsdale|88/100|[from] Spikes
|turn|19
|
|t:|1779593135
|move|p2a: Iron Valiant|Knock Off|p1a: Mudsdale
|-damage|p1a: Mudsdale|27/100
|-ability|p1a: Mudsdale|Stamina|boost
|-boost|p1a: Mudsdale|def|1
|-enditem|p1a: Mudsdale|Protective Pads|[from] move: Knock Off|[of] p2a: Iron Valiant
|move|p1a: Mudsdale|Body Slam|p2a: Iron Valiant
|-damage|p2a: Iron Valiant|39/100
|-status|p2a: Iron Valiant|par
|
|upkeep
|turn|20
|
|t:|1779593148
|move|p2a: Iron Valiant|Close Combat|p1a: Mudsdale
|-damage|p1a: Mudsdale|0 fnt
|-unboost|p2a: Iron Valiant|def|1
|-unboost|p2a: Iron Valiant|spd|1
|faint|p1a: Mudsdale
|
|upkeep
|
|t:|1779593152
|switch|p1a: Mamoswine|Mamoswine, F|88/100
|-damage|p1a: Mamoswine|76/100|[from] Spikes
|turn|21
|
|t:|1779593159
|move|p1a: Mamoswine|Earthquake|p2a: Iron Valiant
|-damage|p2a: Iron Valiant|0 fnt
|faint|p2a: Iron Valiant
|-end|p2a: Iron Valiant|Quark Drive|[silent]
|
|upkeep
|
|t:|1779593165
|switch|p2a: Ting-Lu|Ting-Lu|53/100
|-damage|p2a: Ting-Lu|47/100|[from] Stealth Rock
|-ability|p2a: Ting-Lu|Vessel of Ruin
|turn|22
|
|t:|1779593171
|move|p1a: Mamoswine|Earthquake|p2a: Ting-Lu
|-damage|p2a: Ting-Lu|14/100
|move|p2a: Ting-Lu|Ruination|p1a: Mamoswine
|-damage|p1a: Mamoswine|38/100
|
|-heal|p2a: Ting-Lu|20/100|[from] item: Leftovers
|upkeep
|turn|23
|
|t:|1779593181
|move|p1a: Mamoswine|Earthquake|p2a: Ting-Lu
|-damage|p2a: Ting-Lu|0 fnt
|faint|p2a: Ting-Lu
|
|upkeep
|
|t:|1779593188
|switch|p2a: Pecharunt|Pecharunt|89/100
|turn|24
|
|t:|1779593194
|move|p1a: Mamoswine|Earthquake|p2a: Pecharunt
|-supereffective|p2a: Pecharunt
|-damage|p2a: Pecharunt|31/100
|move|p2a: Pecharunt|Shadow Ball|p1a: Mamoswine
|-damage|p1a: Mamoswine|1/100
|
|upkeep
|turn|25
|
|t:|1779593205
|move|p1a: Mamoswine|Earthquake|p2a: Pecharunt
|-supereffective|p2a: Pecharunt
|-damage|p2a: Pecharunt|0 fnt
|faint|p2a: Pecharunt
|
|upkeep
|
|t:|1779593211
|switch|p2a: Ogerpon|Ogerpon-Wellspring, F|2/100 par
|-damage|p2a: Ogerpon|0 fnt|[from] Stealth Rock
|faint|p2a: Ogerpon
|
|win|corruk
|raw|corruk's rating: 1201 &rarr; <strong>1222</strong><br />(+21 for winning)
|raw|Hi672948328's rating: 1138 &rarr; <strong>1117</strong><br />(-21 for losing)
|l|☆corruk
|player|p1|
|l|☆Hi672948328
|player|p2|
|j|☆Hi672948328
|player|p2|Hi672948328|170|
|l|☆Hi672948328
|player|p2|
