|j|☆ainasucks
|j|☆buggytime
|t:|1779609451
|gametype|singles
|player|p1|ainasucks|169|1227
|player|p2|buggytime|bugcatcher-gen4dp|1131
|gen|9
|tier|[Gen 9] OU
|rated|
|rule|HP Percentage Mod: HP is shown in percentages
|rule|Endless Battle Clause: Forcing endless battles is banned
|rule|Species Clause: Limit one of each Pokémon
|rule|OHKO Clause: OHKO moves are banned
|rule|Evasion Items Clause: Evasion items are banned
|rule|Evasion Moves Clause: Evasion moves are banned
|rule|Evasion Abilities Clause: Evasion abilities are banned
|rule|Sleep Moves Clause: Sleep-inducing moves are banned
|clearpoke
|poke|p1|Regieleki|
|poke|p1|Glastrier|
|poke|p1|Zamazenta-*|
|poke|p1|Darkrai|
|poke|p1|Latias, F|
|poke|p1|Garchomp, M|
|poke|p2|Jumpluff, F|
|poke|p2|Breloom, M|
|poke|p2|Meganium, F|
|poke|p2|Oricorio-Sensu, M|
|poke|p2|Bellibolt, M|
|poke|p2|Porygon-Z|
|teampreview
|inactive|Battle timer is ON: inactive players will automatically lose when time's up. (requested by ainasucks)
|inactive|buggytime has 120 seconds left.
|
|t:|1779609523
|teamsize|p1|6
|teamsize|p2|6
|start
|switch|p1a: Darkrai|Darkrai|100/100
|switch|p2a: Porygon-Z|Porygon-Z, shiny|100/100
|turn|1
|inactive|ainasucks has 120 seconds left.
|
|t:|1779609560
|move|p1a: Darkrai|Nasty Plot|p1a: Darkrai
|-boost|p1a: Darkrai|spa|2
|move|p2a: Porygon-Z|Uproar|p1a: Darkrai
|-damage|p1a: Darkrai|8/100
|-start|p2a: Porygon-Z|Uproar
|-enditem|p2a: Porygon-Z|Throat Spray
|-boost|p2a: Porygon-Z|spa|1|[from] item: Throat Spray
|
|-start|p2a: Porygon-Z|Uproar|[upkeep]
|upkeep
|turn|2
|
|t:|1779609569
|move|p1a: Darkrai|Psychic|p2a: Porygon-Z
|-damage|p2a: Porygon-Z|31/100
|move|p2a: Porygon-Z|Uproar|p1a: Darkrai|[from] lockedmove
|-damage|p1a: Darkrai|0 fnt
|faint|p1a: Darkrai
|
|-start|p2a: Porygon-Z|Uproar|[upkeep]
|upkeep
|
|t:|1779609576
|switch|p1a: Garchomp|Garchomp, M|100/100
|turn|3
|
|t:|1779609585
|move|p1a: Garchomp|Outrage|p2a: Porygon-Z
|-damage|p2a: Porygon-Z|0 fnt
|faint|p2a: Porygon-Z
|
|upkeep
|
|t:|1779609597
|switch|p2a: Meganium|Meganium, F, shiny|100/100
|turn|4
|inactive|ainasucks has 120 seconds left.
|inactive|ainasucks has 90 seconds left.
|
|t:|1779609658
|move|p1a: Garchomp|Outrage|p2a: Meganium|[from] lockedmove
|-damage|p2a: Meganium|47/100
|move|p2a: Meganium|Counter|p1a: Garchomp
|-damage|p1a: Garchomp|10/100
|-damage|p2a: Meganium|34/100|[from] ability: Rough Skin|[of] p1a: Garchomp
|
|-heal|p2a: Meganium|40/100|[from] item: Leftovers
|upkeep
|turn|5
|inactive|ainasucks has 90 seconds left.
|
|t:|1779609687
|move|p2a: Meganium|Protect|p2a: Meganium
|-singleturn|p2a: Meganium|Protect
|move|p1a: Garchomp|Outrage|p2a: Meganium|[from] lockedmove
|-activate|p2a: Meganium|move: Protect
|-start|p1a: Garchomp|confusion|[fatigue]
|
|-heal|p2a: Meganium|46/100|[from] item: Leftovers
|upkeep
|turn|6
|inactive|ainasucks has 60 seconds left.
|
|t:|1779609710
|-activate|p1a: Garchomp|confusion
|move|p1a: Garchomp|Outrage|p2a: Meganium
|-damage|p2a: Meganium|0 fnt
|faint|p2a: Meganium
|
|upkeep
|
|t:|1779609716
|switch|p2a: Jumpluff|Jumpluff, F, shiny|100/100
|turn|7
|
|t:|1779609725
|-activate|p1a: Garchomp|confusion
|move|p1a: Garchomp|Outrage|p2a: Jumpluff|[from] lockedmove
|-damage|p2a: Jumpluff|22/100
|-enditem|p2a: Jumpluff|Kee Berry|[eat]
|-boost|p2a: Jumpluff|def|1|[from] item: Kee Berry
|move|p2a: Jumpluff|Seed Bomb|p1a: Garchomp
|-damage|p1a: Garchomp|0 fnt
|faint|p1a: Garchomp
|
|upkeep
|
|t:|1779609739
|switch|p1a: Regieleki|Regieleki|100/100
|turn|8
|
|t:|1779609743
|move|p1a: Regieleki|Thunderbolt|p2a: Jumpluff
|-damage|p2a: Jumpluff|0 fnt
|faint|p2a: Jumpluff
|
|upkeep
|
|t:|1779609760
|switch|p2a: Bellibolt|Bellibolt, M, shiny|100/100
|turn|9
|inactive|ainasucks has 90 seconds left.
|
|t:|1779609792
|switch|p1a: Latias|Latias, F|100/100
|move|p2a: Bellibolt|Charge Beam|p1a: Latias
|-resisted|p1a: Latias
|-damage|p1a: Latias|91/100
|-boost|p2a: Bellibolt|spa|1
|
|-heal|p1a: Latias|97/100|[from] item: Leftovers
|upkeep
|turn|10
|
|t:|1779609801
|move|p1a: Latias|Calm Mind|p1a: Latias
|-boost|p1a: Latias|spa|1
|-boost|p1a: Latias|spd|1
|move|p2a: Bellibolt|Acid Spray|p1a: Latias
|-damage|p1a: Latias|88/100
|-unboost|p1a: Latias|spd|2
|
|-heal|p1a: Latias|94/100|[from] item: Leftovers
|upkeep
|turn|11
|
|t:|1779609825
|move|p1a: Latias|Calm Mind|p1a: Latias
|-boost|p1a: Latias|spa|1
|-boost|p1a: Latias|spd|1
|move|p2a: Bellibolt|Charge Beam|p1a: Latias
|-resisted|p1a: Latias
|-crit|p1a: Latias
|-damage|p1a: Latias|75/100
|
|-heal|p1a: Latias|81/100|[from] item: Leftovers
|upkeep
|turn|12
|
|t:|1779609834
|move|p1a: Latias|Calm Mind|p1a: Latias
|-boost|p1a: Latias|spa|1
|-boost|p1a: Latias|spd|1
|move|p2a: Bellibolt|Acid Spray|p1a: Latias
|-damage|p1a: Latias|71/100
|-unboost|p1a: Latias|spd|2
|
|-heal|p1a: Latias|77/100|[from] item: Leftovers
|upkeep
|turn|13
|
|t:|1779609845
|move|p1a: Latias|Calm Mind|p1a: Latias
|-boost|p1a: Latias|spa|1
|-boost|p1a: Latias|spd|1
|move|p2a: Bellibolt|Acid Spray|p1a: Latias
|-damage|p1a: Latias|63/100
|-unboost|p1a: Latias|spd|2
|
|-heal|p1a: Latias|69/100|[from] item: Leftovers
|upkeep
|turn|14
|
|t:|1779609857
|move|p1a: Latias|Calm Mind|p1a: Latias
|-boost|p1a: Latias|spa|1
|-boost|p1a: Latias|spd|1
|move|p2a: Bellibolt|Parabolic Charge|p1a: Latias
|-resisted|p1a: Latias
|-damage|p1a: Latias|44/100
|
|-heal|p1a: Latias|50/100|[from] item: Leftovers
|upkeep
|turn|15
|inactive|ainasucks has 90 seconds left.
|
|t:|1779609872
|move|p1a: Latias|Recover|p1a: Latias
|-heal|p1a: Latias|99/100
|move|p2a: Bellibolt|Acid Spray|p1a: Latias
|-damage|p1a: Latias|80/100
|-unboost|p1a: Latias|spd|2
|
|-heal|p1a: Latias|86/100|[from] item: Leftovers
|upkeep
|turn|16
|inactive|ainasucks has 90 seconds left.
|
|t:|1779609910
|move|p1a: Latias|Draco Meteor|p2a: Bellibolt
|-damage|p2a: Bellibolt|3/100
|-unboost|p1a: Latias|spa|2
|-start|p2a: Bellibolt|Charge|Draco Meteor|[from] ability: Electromorphosis
|move|p2a: Bellibolt|Charge Beam|p1a: Latias
|-resisted|p1a: Latias
|-damage|p1a: Latias|19/100
|-boost|p2a: Bellibolt|spa|1
|-end|p2a: Bellibolt|Charge|[silent]
|
|-heal|p1a: Latias|25/100|[from] item: Leftovers
|upkeep
|turn|17
|
|t:|1779609929
|move|p1a: Latias|Chilling Water|p2a: Bellibolt
|-damage|p2a: Bellibolt|0 fnt
|faint|p2a: Bellibolt
|
|-heal|p1a: Latias|31/100|[from] item: Leftovers
|upkeep
|
|t:|1779609941
|switch|p2a: Oricorio|Oricorio-Sensu, M, shiny|100/100
|turn|18
|
|t:|1779609953
|move|p1a: Latias|Draco Meteor|p2a: Oricorio
|-damage|p2a: Oricorio|0 fnt
|-unboost|p1a: Latias|spa|2
|faint|p2a: Oricorio
|
|-heal|p1a: Latias|37/100|[from] item: Leftovers
|upkeep
|
|t:|1779609956
|switch|p2a: Breloom|Breloom, M|100/100
|turn|19
|
|t:|1779609966
|-singleturn|p2a: Breloom|move: Focus Punch
|move|p1a: Latias|Draco Meteor|p2a: Breloom
|-damage|p2a: Breloom|0 fnt
|-unboost|p1a: Latias|spa|2
|faint|p2a: Breloom
|
|win|ainasucks
|raw|ainasucks's rating: 1272 &rarr; <strong>1287</strong><br />(+15 for winning)
|raw|buggytime's rating: 1131 &rarr; <strong>1116</strong><br />(-15 for losing)
|l|☆buggytime
|player|p2|
|l|☆ainasucks
|player|p1|
