|j|‽aaagislash
|j|☆JokerKing2398
|t:|1779701979
|gametype|singles
|player|p1|aaagislash|1|1481
|player|p2|JokerKing2398|norman|1423
|gen|9
|tier|[Gen 9] OU
|rated|
|rule|HP Percentage Mod: HP is shown in percentages
|rule|Endless Battle Clause: Forcing endless battles is banned
|rule|Species Clause: Limit one of each Pokémon
|rule|OHKO Clause: OHKO moves are banned
|rule|Evasion Items Clause: Evasion items are banned
|rule|Evasion Moves Clause: Evasion moves are banned
|rule|Evasion Abilities Clause: Evasion abilities are banned
|rule|Sleep Moves Clause: Sleep-inducing moves are banned
|clearpoke
|poke|p1|Kommo-o, M|
|poke|p1|Moltres|
|poke|p1|Iron Valiant|
|poke|p1|Meowscarada, M|
|poke|p1|Scizor, M|
|poke|p1|Great Tusk|
|poke|p2|Galvantula, F|
|poke|p2|Samurott-Hisui, M|
|poke|p2|Garganacl, M|
|poke|p2|Blaziken, M|
|poke|p2|Reuniclus, M|
|poke|p2|Sinistcha|
|teampreview
|
|t:|1779701999
|teamsize|p1|6
|teamsize|p2|6
|start
|switch|p1a: Meowscarada|Meowscarada, M|100/100
|switch|p2a: Galvantula|Galvantula, F|100/100
|turn|1
|
|t:|1779702006
|move|p1a: Meowscarada|Flower Trick|p2a: Galvantula
|-resisted|p2a: Galvantula
|-crit|p2a: Galvantula
|-damage|p2a: Galvantula|55/100
|move|p2a: Galvantula|Bug Buzz|p1a: Meowscarada
|-supereffective|p1a: Meowscarada
|-damage|p1a: Meowscarada|0 fnt
|faint|p1a: Meowscarada
|
|upkeep
|
|t:|1779702034
|switch|p1a: Great Tusk|Great Tusk|100/100
|-enditem|p1a: Great Tusk|Booster Energy
|-activate|p1a: Great Tusk|ability: Protosynthesis|[fromitem]
|-start|p1a: Great Tusk|protosynthesisatk
|turn|2
|
|t:|1779702041
|switch|p2a: Sinistcha|Sinistcha|100/100
|move|p1a: Great Tusk|Rapid Spin|p2a: Sinistcha
|-immune|p2a: Sinistcha
|
|upkeep
|turn|3
|
|t:|1779702044
|-end|p1a: Great Tusk|Protosynthesis|[silent]
|switch|p1a: Kommo-o|Kommo-o, M|100/100
|move|p2a: Sinistcha|Matcha Gotcha|p1a: Kommo-o
|-resisted|p1a: Kommo-o
|-damage|p1a: Kommo-o|76/100
|-status|p1a: Kommo-o|brn
|
|-damage|p1a: Kommo-o|70/100 brn|[from] brn
|upkeep
|turn|4
|
|t:|1779702050
|move|p1a: Kommo-o|Dragon Dance|p1a: Kommo-o
|-boost|p1a: Kommo-o|atk|1
|-boost|p1a: Kommo-o|spe|1
|move|p2a: Sinistcha|Calm Mind|p2a: Sinistcha
|-boost|p2a: Sinistcha|spa|1
|-boost|p2a: Sinistcha|spd|1
|
|-damage|p1a: Kommo-o|64/100 brn|[from] brn
|upkeep
|turn|5
|
|t:|1779702052
|move|p1a: Kommo-o|Stealth Rock|p2a: Sinistcha
|-sidestart|p2: JokerKing2398|move: Stealth Rock
|move|p2a: Sinistcha|Substitute|p2a: Sinistcha
|-start|p2a: Sinistcha|Substitute
|-damage|p2a: Sinistcha|76/100
|
|-heal|p2a: Sinistcha|82/100|[from] item: Leftovers
|-damage|p1a: Kommo-o|58/100 brn|[from] brn
|upkeep
|turn|6
|
|t:|1779702056
|switch|p1a: Moltres|Moltres|100/100
|move|p2a: Sinistcha|Matcha Gotcha|p1a: Moltres
|-resisted|p1a: Moltres
|-damage|p1a: Moltres|80/100
|-heal|p2a: Sinistcha|91/100|[from] drain|[of] p1a: Moltres
|
|-heal|p2a: Sinistcha|97/100|[from] item: Leftovers
|upkeep
|turn|7
|
|t:|1779702060
|move|p1a: Moltres|Agility|p1a: Moltres
|-boost|p1a: Moltres|spe|2
|move|p2a: Sinistcha|Calm Mind|p2a: Sinistcha
|-boost|p2a: Sinistcha|spa|1
|-boost|p2a: Sinistcha|spd|1
|
|-heal|p2a: Sinistcha|100/100|[from] item: Leftovers
|upkeep
|turn|8
|
|t:|1779702064
|move|p1a: Moltres|Flamethrower|p2a: Sinistcha
|-supereffective|p2a: Sinistcha
|-end|p2a: Sinistcha|Substitute
|-damage|p1a: Moltres|70/100|[from] item: Life Orb
|move|p2a: Sinistcha|Shadow Ball|p1a: Moltres
|-damage|p1a: Moltres|0 fnt
|faint|p1a: Moltres
|
|upkeep
|
|t:|1779702070
|switch|p1a: Iron Valiant|Iron Valiant|100/100
|-enditem|p1a: Iron Valiant|Booster Energy
|-activate|p1a: Iron Valiant|ability: Quark Drive|[fromitem]
|-start|p1a: Iron Valiant|quarkdrivespe
|turn|9
|
|t:|1779702076
|move|p1a: Iron Valiant|Spirit Break|p2a: Sinistcha
|-damage|p2a: Sinistcha|62/100
|-unboost|p2a: Sinistcha|spa|1
|move|p2a: Sinistcha|Matcha Gotcha|p1a: Iron Valiant
|-damage|p1a: Iron Valiant|0 fnt
|-heal|p2a: Sinistcha|100/100|[from] drain|[of] p1a: Iron Valiant
|faint|p1a: Iron Valiant
|-end|p1a: Iron Valiant|Quark Drive|[silent]
|
|upkeep
|
|t:|1779702083
|switch|p1a: Scizor|Scizor, M|100/100
|turn|10
|
|t:|1779702090
|move|p1a: Scizor|Swords Dance|p1a: Scizor
|-boost|p1a: Scizor|atk|2
|move|p2a: Sinistcha|Matcha Gotcha|p1a: Scizor
|-resisted|p1a: Scizor
|-damage|p1a: Scizor|76/100
|
|-heal|p1a: Scizor|82/100|[from] item: Leftovers
|upkeep
|turn|11
|
|t:|1779702102
|move|p1a: Scizor|Knock Off|p2a: Sinistcha
|-supereffective|p2a: Sinistcha
|-damage|p2a: Sinistcha|0 fnt
|-enditem|p2a: Sinistcha|Leftovers|[from] move: Knock Off|[of] p1a: Scizor
|faint|p2a: Sinistcha
|
|-heal|p1a: Scizor|88/100|[from] item: Leftovers
|upkeep
|
|t:|1779702105
|switch|p2a: Blaziken|Blaziken, M|100/100
|turn|12
|
|t:|1779702117
|move|p2a: Blaziken|Flare Blitz|p1a: Scizor
|-supereffective|p1a: Scizor
|-damage|p1a: Scizor|0 fnt
|faint|p1a: Scizor
|-damage|p2a: Blaziken|74/100|[from] Recoil
|
|-ability|p2a: Blaziken|Speed Boost|boost
|-boost|p2a: Blaziken|spe|1
|upkeep
|
|t:|1779702119
|switch|p1a: Great Tusk|Great Tusk|100/100
|turn|13
|
|t:|1779702143
|move|p2a: Blaziken|Flare Blitz|p1a: Great Tusk
|-damage|p1a: Great Tusk|52/100
|-damage|p2a: Blaziken|54/100|[from] Recoil
|move|p1a: Great Tusk|Bulk Up|p1a: Great Tusk
|-boost|p1a: Great Tusk|atk|1
|-boost|p1a: Great Tusk|def|1
|
|-ability|p2a: Blaziken|Speed Boost|boost
|-boost|p2a: Blaziken|spe|1
|upkeep
|turn|14
|
|t:|1779702158
|move|p2a: Blaziken|Flare Blitz|p1a: Great Tusk
|-damage|p1a: Great Tusk|20/100
|-damage|p2a: Blaziken|40/100|[from] Recoil
|move|p1a: Great Tusk|Rapid Spin|p2a: Blaziken
|-damage|p2a: Blaziken|0 fnt
|-boost|p1a: Great Tusk|spe|1
|faint|p2a: Blaziken
|
|upkeep
|
|t:|1779702172
|switch|p2a: Garganacl|Garganacl, M|100/100
|-damage|p2a: Garganacl|88/100|[from] Stealth Rock
|turn|15
|
|t:|1779702175
|-terastallize|p2a: Garganacl|Water
|move|p1a: Great Tusk|Headlong Rush|p2a: Garganacl
|-damage|p2a: Garganacl|35/100
|-unboost|p1a: Great Tusk|def|1
|-unboost|p1a: Great Tusk|spd|1
|move|p2a: Garganacl|Salt Cure|p1a: Great Tusk
|-resisted|p1a: Great Tusk
|-damage|p1a: Great Tusk|18/100
|-start|p1a: Great Tusk|Salt Cure
|
|-heal|p2a: Garganacl|41/100|[from] item: Leftovers
|-damage|p1a: Great Tusk|6/100|[from] Salt Cure
|upkeep
|turn|16
|-message|aaagislash forfeited.
|
|win|JokerKing2398
|raw|aaagislash's rating: 1481 &rarr; <strong>1458</strong><br />(-23 for losing)
|raw|JokerKing2398's rating: 1423 &rarr; <strong>1446</strong><br />(+23 for winning)
|l|‽aaagislash
|player|p1|
|l|☆JokerKing2398
|player|p2|
