|j|☆aceman2798
|j|☆Sovereeign
|t:|1779617456
|gametype|singles
|player|p1|aceman2798|sada-ai|1651
|player|p2|Sovereeign|morty|1598
|gen|9
|tier|[Gen 9] OU
|rated|
|rule|HP Percentage Mod: HP is shown in percentages
|rule|Endless Battle Clause: Forcing endless battles is banned
|rule|Species Clause: Limit one of each Pokémon
|rule|OHKO Clause: OHKO moves are banned
|rule|Evasion Items Clause: Evasion items are banned
|rule|Evasion Moves Clause: Evasion moves are banned
|rule|Evasion Abilities Clause: Evasion abilities are banned
|rule|Sleep Moves Clause: Sleep-inducing moves are banned
|clearpoke
|poke|p1|Slither Wing|
|poke|p1|Ninetales, M|
|poke|p1|Raging Bolt|
|poke|p1|Dragapult, F|
|poke|p1|Great Tusk|
|poke|p1|Fezandipiti, M|
|poke|p2|Dragonite, F|
|poke|p2|Gholdengo|
|poke|p2|Iron Crown|
|poke|p2|Glimmora, F|
|poke|p2|Ting-Lu|
|poke|p2|Ogerpon-Wellspring, F|
|teampreview
|inactive|Battle timer is ON: inactive players will automatically lose when time's up. (requested by Sovereeign)
|inactive|aceman2798 has 120 seconds left.
|
|t:|1779617494
|teamsize|p1|6
|teamsize|p2|6
|start
|switch|p1a: Great Tusk|Great Tusk|100/100
|switch|p2a: Glimmora|Glimmora, F|100/100
|turn|1
|
|t:|1779617498
|switch|p2a: Ogerpon|Ogerpon-Wellspring, F|100/100
|move|p1a: Great Tusk|Rapid Spin|p2a: Ogerpon
|-damage|p2a: Ogerpon|74/100
|-boost|p1a: Great Tusk|spe|1
|
|upkeep
|turn|2
|
|t:|1779617510
|move|p2a: Ogerpon|Horn Leech|p1a: Great Tusk
|-supereffective|p1a: Great Tusk
|-damage|p1a: Great Tusk|41/100
|-heal|p2a: Ogerpon|100/100|[from] drain|[of] p1a: Great Tusk
|move|p1a: Great Tusk|Stealth Rock|p2a: Ogerpon
|-sidestart|p2: Sovereeign|move: Stealth Rock
|
|upkeep
|turn|3
|
|t:|1779617519
|-end|p1a: Great Tusk|Protosynthesis|[silent]
|switch|p1a: Dragapult|Dragapult, F|100/100
|move|p2a: Ogerpon|Swords Dance|p2a: Ogerpon
|-boost|p2a: Ogerpon|atk|2
|
|upkeep
|turn|4
|
|t:|1779617528
|switch|p2a: Ting-Lu|Ting-Lu|100/100
|-damage|p2a: Ting-Lu|94/100|[from] Stealth Rock
|-ability|p2a: Ting-Lu|Vessel of Ruin
|move|p1a: Dragapult|Dragon Darts|p2a: Ting-Lu
|-damage|p2a: Ting-Lu|80/100
|-anim|p1a: Dragapult|Dragon Darts|p2a: Ting-Lu
|-damage|p2a: Ting-Lu|66/100
|-damage|p1a: Dragapult|91/100|[from] item: Life Orb
|
|upkeep
|turn|5
|
|t:|1779617536
|switch|p1a: Slither Wing|Slither Wing|100/100
|move|p2a: Ting-Lu|Spikes|p1a: Slither Wing
|-sidestart|p1: aceman2798|Spikes
|
|upkeep
|turn|6
|j| ueyr76
|
|t:|1779617543
|switch|p2a: Gholdengo|Gholdengo|100/100
|-damage|p2a: Gholdengo|94/100|[from] Stealth Rock
|move|p1a: Slither Wing|U-turn|p2a: Gholdengo
|-resisted|p2a: Gholdengo
|-damage|p2a: Gholdengo|84/100
|
|t:|1779617553
|-end|p1a: Slither Wing|Protosynthesis|[silent]
|switch|p1a: Ninetales|Ninetales, M|100/100|[from] U-turn
|-damage|p1a: Ninetales|88/100|[from] Spikes
|-weather|SunnyDay|[from] ability: Drought|[of] p1a: Ninetales
|
|-weather|SunnyDay|[upkeep]
|upkeep
|turn|7
|l| ueyr76
|
|t:|1779617580
|switch|p1a: Dragapult|Dragapult, F|91/100
|-damage|p1a: Dragapult|78/100|[from] Spikes
|switch|p2a: Ting-Lu|Ting-Lu|66/100
|-damage|p2a: Ting-Lu|60/100|[from] Stealth Rock
|-ability|p2a: Ting-Lu|Vessel of Ruin
|
|-weather|SunnyDay|[upkeep]
|upkeep
|turn|8
|
|t:|1779617592
|switch|p1a: Slither Wing|Slither Wing|100/100
|-damage|p1a: Slither Wing|88/100|[from] Spikes
|-activate|p1a: Slither Wing|ability: Protosynthesis
|-start|p1a: Slither Wing|protosynthesisatk
|move|p2a: Ting-Lu|Spikes|p1a: Slither Wing
|-sidestart|p1: aceman2798|Spikes
|
|-weather|SunnyDay|[upkeep]
|upkeep
|turn|9
|
|t:|1779617611
|switch|p2a: Gholdengo|Gholdengo|84/100
|-damage|p2a: Gholdengo|78/100|[from] Stealth Rock
|move|p1a: Slither Wing|Flare Blitz|p2a: Gholdengo
|-supereffective|p2a: Gholdengo
|-damage|p2a: Gholdengo|0 fnt
|faint|p2a: Gholdengo
|-damage|p1a: Slither Wing|57/100|[from] Recoil
|
|-weather|SunnyDay|[upkeep]
|upkeep
|
|t:|1779617624
|switch|p2a: Glimmora|Glimmora, F|100/100
|-damage|p2a: Glimmora|88/100|[from] Stealth Rock
|turn|10
|
|t:|1779617641
|-end|p1a: Slither Wing|Protosynthesis|[silent]
|switch|p1a: Raging Bolt|Raging Bolt|100/100
|-damage|p1a: Raging Bolt|84/100|[from] Spikes
|-activate|p1a: Raging Bolt|ability: Protosynthesis
|-start|p1a: Raging Bolt|protosynthesisspa
|move|p2a: Glimmora|Mortal Spin|p1a: Raging Bolt
|-damage|p1a: Raging Bolt|79/100
|-status|p1a: Raging Bolt|psn
|-sideend|p2: Sovereeign|Stealth Rock|[from] move: Mortal Spin|[of] p2a: Glimmora
|
|-weather|SunnyDay|[upkeep]
|-damage|p1a: Raging Bolt|66/100 psn|[from] psn
|upkeep
|turn|11
|
|t:|1779617654
|move|p2a: Glimmora|Meteor Beam||[still]
|-prepare|p2a: Glimmora|Meteor Beam
|-boost|p2a: Glimmora|spa|1
|-enditem|p2a: Glimmora|Power Herb
|-anim|p2a: Glimmora|Meteor Beam|p1a: Raging Bolt
|-damage|p1a: Raging Bolt|0 fnt
|faint|p1a: Raging Bolt
|-end|p1a: Raging Bolt|Protosynthesis|[silent]
|
|-weather|SunnyDay|[upkeep]
|upkeep
|j| tejgr8forev29
|j| ueyr76
|
|t:|1779617663
|switch|p1a: Dragapult|Dragapult, F|78/100
|-damage|p1a: Dragapult|62/100|[from] Spikes
|turn|12
|l| ueyr76
|
|t:|1779617678
|switch|p2a: Ting-Lu|Ting-Lu|60/100
|-ability|p2a: Ting-Lu|Vessel of Ruin
|move|p1a: Dragapult|Dragon Darts|p2a: Ting-Lu
|-damage|p2a: Ting-Lu|44/100
|-anim|p1a: Dragapult|Dragon Darts|p2a: Ting-Lu
|-damage|p2a: Ting-Lu|30/100
|-damage|p1a: Dragapult|52/100|[from] item: Life Orb
|
|-weather|SunnyDay|[upkeep]
|upkeep
|turn|13
|
|t:|1779617689
|move|p1a: Dragapult|Dragon Darts|p2a: Ting-Lu
|-damage|p2a: Ting-Lu|15/100
|-anim|p1a: Dragapult|Dragon Darts|p2a: Ting-Lu
|-damage|p2a: Ting-Lu|1/100
|-damage|p1a: Dragapult|42/100|[from] item: Life Orb
|move|p2a: Ting-Lu|Spikes|p1a: Dragapult
|-sidestart|p1: aceman2798|Spikes
|
|-weather|none
|upkeep
|turn|14
|
|t:|1779617701
|move|p1a: Dragapult|Dragon Darts|p2a: Ting-Lu
|-damage|p2a: Ting-Lu|0 fnt
|faint|p2a: Ting-Lu
|-damage|p1a: Dragapult|33/100|[from] item: Life Orb
|
|upkeep
|inactive|Sovereeign has 120 seconds left.
|
|t:|1779617730
|switch|p2a: Iron Crown|Iron Crown|100/100
|-enditem|p2a: Iron Crown|Booster Energy
|-activate|p2a: Iron Crown|ability: Quark Drive|[fromitem]
|-start|p2a: Iron Crown|quarkdrivespe
|turn|15
|
|t:|1779617738
|move|p2a: Iron Crown|Tachyon Cutter|p1a: Dragapult
|-damage|p1a: Dragapult|0 fnt
|faint|p1a: Dragapult
|-hitcount|p1: Dragapult|1
|
|upkeep
|
|t:|1779617755
|switch|p1a: Fezandipiti|Fezandipiti, M|100/100
|turn|16
|
|t:|1779617768
|-terastallize|p1a: Fezandipiti|Dark
|move|p2a: Iron Crown|Psyshock|p1a: Fezandipiti
|-immune|p1a: Fezandipiti
|move|p1a: Fezandipiti|Beat Up|p2a: Iron Crown
|-supereffective|p2a: Iron Crown
|-damage|p2a: Iron Crown|90/100
|-supereffective|p2a: Iron Crown
|-damage|p2a: Iron Crown|76/100
|-supereffective|p2a: Iron Crown
|-damage|p2a: Iron Crown|63/100
|-supereffective|p2a: Iron Crown
|-damage|p2a: Iron Crown|54/100
|-hitcount|p2a: Iron Crown|4
|
|upkeep
|turn|17
|
|t:|1779617775
|move|p2a: Iron Crown|Focus Blast|p1a: Fezandipiti
|-supereffective|p1a: Fezandipiti
|-damage|p1a: Fezandipiti|48/100
|move|p1a: Fezandipiti|Beat Up|p2a: Iron Crown
|-supereffective|p2a: Iron Crown
|-damage|p2a: Iron Crown|43/100
|-supereffective|p2a: Iron Crown
|-damage|p2a: Iron Crown|29/100
|-supereffective|p2a: Iron Crown
|-damage|p2a: Iron Crown|16/100
|-supereffective|p2a: Iron Crown
|-damage|p2a: Iron Crown|6/100
|-hitcount|p2a: Iron Crown|4
|
|upkeep
|turn|18
|
|t:|1779617782
|move|p2a: Iron Crown|Focus Blast|p1a: Fezandipiti|[miss]
|-miss|p2a: Iron Crown|p1a: Fezandipiti
|move|p1a: Fezandipiti|Roost|p1a: Fezandipiti
|-heal|p1a: Fezandipiti|98/100
|
|upkeep
|turn|19
|
|t:|1779617795
|move|p2a: Iron Crown|Focus Blast|p1a: Fezandipiti
|-supereffective|p1a: Fezandipiti
|-damage|p1a: Fezandipiti|49/100
|move|p1a: Fezandipiti|Beat Up|p2a: Iron Crown
|-supereffective|p2a: Iron Crown
|-damage|p2a: Iron Crown|0 fnt
|faint|p2a: Iron Crown
|-end|p2a: Iron Crown|Quark Drive|[silent]
|-hitcount|p2: Iron Crown|1
|
|upkeep
|
|t:|1779617807
|switch|p2a: Ogerpon|Ogerpon-Wellspring, F|100/100
|turn|20
|inactive|aceman2798 has 120 seconds left.
|
|t:|1779617861
|switch|p1a: Ninetales|Ninetales, M|88/100
|-damage|p1a: Ninetales|63/100|[from] Spikes
|-weather|SunnyDay|[from] ability: Drought|[of] p1a: Ninetales
|-terastallize|p2a: Ogerpon|Water
|detailschange|p2a: Ogerpon|Ogerpon-Wellspring-Tera, F, tera:Water
|-ability|p2a: Ogerpon|Embody Aspect (Wellspring)|boost
|-boost|p2a: Ogerpon|spd|1
|move|p2a: Ogerpon|Ivy Cudgel|p1a: Ninetales|[anim] Ivy Cudgel Water
|-supereffective|p1a: Ninetales
|-damage|p1a: Ninetales|0 fnt
|faint|p1a: Ninetales
|
|-weather|SunnyDay|[upkeep]
|upkeep
|inactive|aceman2798 has 90 seconds left.
|
|t:|1779617884
|switch|p1a: Slither Wing|Slither Wing|57/100
|-damage|p1a: Slither Wing|32/100|[from] Spikes
|-activate|p1a: Slither Wing|ability: Protosynthesis
|-start|p1a: Slither Wing|protosynthesisatk
|turn|21
|inactive|aceman2798 has 90 seconds left.
|
|t:|1779617910
|switch|p2a: Glimmora|Glimmora, F|88/100
|move|p1a: Slither Wing|U-turn|p2a: Glimmora
|-resisted|p2a: Glimmora
|-damage|p2a: Glimmora|35/100
|-activate|p2a: Glimmora|ability: Toxic Debris
|-sidestart|p1: aceman2798|move: Toxic Spikes
|
|t:|1779617923
|-end|p1a: Slither Wing|Protosynthesis|[silent]
|switch|p1a: Great Tusk|Great Tusk|41/100|[from] U-turn
|-activate|p1a: Great Tusk|ability: Protosynthesis
|-start|p1a: Great Tusk|protosynthesisatk
|
|-weather|SunnyDay|[upkeep]
|upkeep
|turn|22
|
|t:|1779617939
|move|p2a: Glimmora|Earth Power|p1a: Great Tusk
|-damage|p1a: Great Tusk|0 fnt
|faint|p1a: Great Tusk
|-end|p1a: Great Tusk|Protosynthesis|[silent]
|
|-weather|SunnyDay|[upkeep]
|upkeep
|
|t:|1779617943
|switch|p1a: Fezandipiti|Fezandipiti, M, tera:Dark|49/100
|turn|23
|
|t:|1779617947
|move|p2a: Glimmora|Mortal Spin|p1a: Fezandipiti
|-damage|p1a: Fezandipiti|42/100
|-status|p1a: Fezandipiti|psn
|move|p1a: Fezandipiti|Beat Up|p2a: Glimmora
|-damage|p2a: Glimmora|29/100
|-activate|p2a: Glimmora|ability: Toxic Debris
|-sidestart|p1: aceman2798|move: Toxic Spikes
|-damage|p2a: Glimmora|20/100
|-hitcount|p2a: Glimmora|2
|
|-weather|SunnyDay|[upkeep]
|-damage|p1a: Fezandipiti|30/100 psn|[from] psn
|upkeep
|turn|24
|
|t:|1779617955
|move|p2a: Glimmora|Earth Power|p1a: Fezandipiti
|-damage|p1a: Fezandipiti|9/100 psn
|move|p1a: Fezandipiti|Roost|p1a: Fezandipiti
|-heal|p1a: Fezandipiti|59/100 psn
|
|-weather|SunnyDay|[upkeep]
|-damage|p1a: Fezandipiti|47/100 psn|[from] psn
|upkeep
|turn|25
|
|t:|1779617959
|move|p2a: Glimmora|Meteor Beam||[still]
|-prepare|p2a: Glimmora|Meteor Beam
|-boost|p2a: Glimmora|spa|1
|move|p1a: Fezandipiti|Roost|p1a: Fezandipiti
|-heal|p1a: Fezandipiti|97/100 psn
|
|-weather|SunnyDay|[upkeep]
|-damage|p1a: Fezandipiti|85/100 psn|[from] psn
|upkeep
|turn|26
|
|t:|1779617964
|move|p2a: Glimmora|Meteor Beam|p1a: Fezandipiti|[from] lockedmove|[miss]
|-miss|p2a: Glimmora|p1a: Fezandipiti
|move|p1a: Fezandipiti|Play Rough|p2a: Glimmora
|-resisted|p2a: Glimmora
|-damage|p2a: Glimmora|0 fnt
|faint|p2a: Glimmora
|
|-weather|SunnyDay|[upkeep]
|-damage|p1a: Fezandipiti|72/100 psn|[from] psn
|upkeep
|
|t:|1779617969
|switch|p2a: Dragonite|Dragonite, F|100/100
|turn|27
|
|t:|1779617972
|move|p1a: Fezandipiti|Play Rough|p2a: Dragonite
|-supereffective|p2a: Dragonite
|-damage|p2a: Dragonite|74/100
|-status|p2a: Dragonite|tox|[from] ability: Toxic Chain|[of] p1a: Fezandipiti
|move|p2a: Dragonite|Low Kick|p1a: Fezandipiti
|-supereffective|p1a: Fezandipiti
|-damage|p1a: Fezandipiti|27/100 psn
|
|-weather|none
|-damage|p1a: Fezandipiti|14/100 psn|[from] psn
|-damage|p2a: Dragonite|68/100 tox|[from] psn
|upkeep
|turn|28
|
|t:|1779617982
|move|p2a: Dragonite|Extreme Speed|p1a: Fezandipiti
|-damage|p1a: Fezandipiti|0 fnt
|faint|p1a: Fezandipiti
|
|-damage|p2a: Dragonite|55/100 tox|[from] psn
|upkeep
|
|t:|1779617984
|switch|p1a: Slither Wing|Slither Wing|32/100
|-damage|p1a: Slither Wing|8/100|[from] Spikes
|-status|p1a: Slither Wing|tox
|turn|29
|
|t:|1779617988
|move|p1a: Slither Wing|First Impression|p2a: Dragonite
|-resisted|p2a: Dragonite
|-damage|p2a: Dragonite|23/100 tox
|move|p2a: Dragonite|Extreme Speed|p1a: Slither Wing
|-damage|p1a: Slither Wing|0 fnt
|faint|p1a: Slither Wing
|-end|p1a: Slither Wing|Protosynthesis|[silent]
|
|win|Sovereeign
|raw|aceman2798's rating: 1651 &rarr; <strong>1628</strong><br />(-23 for losing)
|raw|Sovereeign's rating: 1598 &rarr; <strong>1621</strong><br />(+23 for winning)
|l|☆aceman2798
|player|p1|
