|j|☆my shitters
|j|☆not thatone pls
|t:|1779594466
|gametype|singles
|player|p1|my shitters|preschooler|1285
|player|p2|not thatone pls|266|1204
|gen|9
|tier|[Gen 9] OU
|rated|
|rule|HP Percentage Mod: HP is shown in percentages
|rule|Endless Battle Clause: Forcing endless battles is banned
|rule|Species Clause: Limit one of each Pokémon
|rule|OHKO Clause: OHKO moves are banned
|rule|Evasion Items Clause: Evasion items are banned
|rule|Evasion Moves Clause: Evasion moves are banned
|rule|Evasion Abilities Clause: Evasion abilities are banned
|rule|Sleep Moves Clause: Sleep-inducing moves are banned
|clearpoke
|poke|p1|Sableye, F|
|poke|p1|Glastrier|
|poke|p1|Alcremie-Ruby-Swirl, F|
|poke|p1|Ursaring, M|
|poke|p1|Primeape, F|
|poke|p1|Vikavolt, F|
|poke|p2|Hoopa-Unbound|
|poke|p2|Enamorus, F|
|poke|p2|Iron Crown|
|poke|p2|Quaquaval, M|
|poke|p2|Thundurus-Therian, M|
|poke|p2|Excadrill, F|
|teampreview
|inactive|Battle timer is ON: inactive players will automatically lose when time's up. (requested by my shitters)
|
|t:|1779594481
|teamsize|p1|6
|teamsize|p2|6
|start
|switch|p1a: 💎Posting|Sableye, F|100/100
|switch|p2a: Iron Crown|Iron Crown|100/100
|-enditem|p2a: Iron Crown|Booster Energy
|-activate|p2a: Iron Crown|ability: Quark Drive|[fromitem]
|-start|p2a: Iron Crown|quarkdrivespa
|turn|1
|inactive|not thatone pls has 120 seconds left.
|
|t:|1779594522
|move|p1a: 💎Posting|Light Screen|p1a: 💎Posting
|-sidestart|p1: my shitters|move: Light Screen
|move|p2a: Iron Crown|Tachyon Cutter|p1a: 💎Posting
|-damage|p1a: 💎Posting|73/100
|-damage|p1a: 💎Posting|43/100
|-hitcount|p1a: 💎Posting|2
|
|upkeep
|turn|2
|
|t:|1779594536
|-end|p2a: Iron Crown|Quark Drive|[silent]
|switch|p2a: Hoopa|Hoopa-Unbound|100/100
|switch|p1a: FLYGOD|Vikavolt, F|100/100
|
|upkeep
|turn|3
|
|t:|1779594549
|move|p2a: Hoopa|Hyperspace Fury|p1a: FLYGOD
|-crit|p1a: FLYGOD
|-damage|p1a: FLYGOD|2/100
|-unboost|p2a: Hoopa|def|1
|move|p1a: FLYGOD|Bug Buzz|p2a: Hoopa
|-supereffective|p2a: Hoopa
|-damage|p2a: Hoopa|0 fnt
|faint|p2a: Hoopa
|
|upkeep
|
|t:|1779594562
|switch|p2a: Quaquaval|Quaquaval, M|100/100
|turn|4
|
|t:|1779594571
|switch|p1a: 💎Posting|Sableye, F|43/100
|move|p2a: Quaquaval|Aqua Step|p1a: 💎Posting
|-damage|p1a: 💎Posting|0 fnt
|-boost|p2a: Quaquaval|spe|1
|faint|p1a: 💎Posting
|-ability|p2a: Quaquaval|Moxie|boost
|-boost|p2a: Quaquaval|atk|1
|-damage|p2a: Quaquaval|91/100|[from] item: Life Orb
|
|upkeep
|
|t:|1779594575
|switch|p1a: CremDeLaCreamie|Alcremie-Ruby-Swirl, F|100/100
|turn|5
|inactive|not thatone pls has 120 seconds left.
|
|t:|1779594611
|move|p2a: Quaquaval|Aqua Step|p1a: CremDeLaCreamie
|-damage|p1a: CremDeLaCreamie|24/100
|-boost|p2a: Quaquaval|spe|1
|-damage|p2a: Quaquaval|81/100|[from] item: Life Orb
|move|p1a: CremDeLaCreamie|Draining Kiss|p2a: Quaquaval
|-supereffective|p2a: Quaquaval
|-damage|p2a: Quaquaval|25/100
|-heal|p1a: CremDeLaCreamie|63/100|[from] drain|[of] p2a: Quaquaval
|
|-heal|p1a: CremDeLaCreamie|69/100|[from] item: Leftovers
|upkeep
|turn|6
|
|t:|1779594619
|move|p2a: Quaquaval|Aqua Step|p1a: CremDeLaCreamie
|-damage|p1a: CremDeLaCreamie|0 fnt
|-boost|p2a: Quaquaval|spe|1
|faint|p1a: CremDeLaCreamie
|-ability|p2a: Quaquaval|Moxie|boost
|-boost|p2a: Quaquaval|atk|1
|-damage|p2a: Quaquaval|15/100|[from] item: Life Orb
|
|upkeep
|
|t:|1779594626
|switch|p1a: FLYGOD|Vikavolt, F|2/100
|turn|7
|inactive|not thatone pls has 90 seconds left.
|
|t:|1779594658
|move|p2a: Quaquaval|Aqua Step|p1a: FLYGOD
|-damage|p1a: FLYGOD|0 fnt
|-boost|p2a: Quaquaval|spe|1
|faint|p1a: FLYGOD
|-ability|p2a: Quaquaval|Moxie|boost
|-boost|p2a: Quaquaval|atk|1
|-damage|p2a: Quaquaval|5/100|[from] item: Life Orb
|
|upkeep
|
|t:|1779594666
|switch|p1a: Only4CubLinx|Ursaring, M|100/100
|turn|8
|inactive|not thatone pls has 90 seconds left.
|
|t:|1779594691
|move|p2a: Quaquaval|Close Combat|p1a: Only4CubLinx
|-supereffective|p1a: Only4CubLinx
|-damage|p1a: Only4CubLinx|0 fnt
|-unboost|p2a: Quaquaval|def|1
|-unboost|p2a: Quaquaval|spd|1
|faint|p1a: Only4CubLinx
|-ability|p2a: Quaquaval|Moxie|boost
|-boost|p2a: Quaquaval|atk|1
|-damage|p2a: Quaquaval|0 fnt|[from] item: Life Orb
|faint|p2a: Quaquaval
|
|-sideend|p1: my shitters|move: Light Screen
|upkeep
|
|t:|1779594709
|switch|p2a: Thundurus|Thundurus-Therian, M|100/100
|switch|p1a: IceBallRun|Glastrier|100/100
|turn|9
|inactive|not thatone pls has 90 seconds left.
|
|t:|1779594734
|move|p2a: Thundurus|Thunderbolt|p1a: IceBallRun
|-damage|p1a: IceBallRun|37/100
|-status|p1a: IceBallRun|par
|-enditem|p1a: IceBallRun|Lum Berry|[eat]
|-curestatus|p1a: IceBallRun|par|[msg]
|move|p1a: IceBallRun|High Horsepower|p2a: Thundurus
|-immune|p2a: Thundurus
|
|upkeep
|turn|10
|
|t:|1779594739
|move|p2a: Thundurus|Thunderbolt|p1a: IceBallRun
|-damage|p1a: IceBallRun|0 fnt
|faint|p1a: IceBallRun
|
|upkeep
|
|t:|1779594742
|switch|p1a: PonnieColeman|Primeape, F|100/100
|turn|11
|
|t:|1779594745
|-terastallize|p1a: PonnieColeman|Electric
|move|p2a: Thundurus|Thunderbolt|p1a: PonnieColeman
|-resisted|p1a: PonnieColeman
|-damage|p1a: PonnieColeman|71/100
|move|p1a: PonnieColeman|Bulk Up|p1a: PonnieColeman
|-boost|p1a: PonnieColeman|atk|1
|-boost|p1a: PonnieColeman|def|1
|
|upkeep
|turn|12
|
|t:|1779594758
|switch|p2a: Excadrill|Excadrill, F|100/100
|-ability|p2a: Excadrill|Mold Breaker
|move|p1a: PonnieColeman|Bulk Up|p1a: PonnieColeman
|-boost|p1a: PonnieColeman|atk|1
|-boost|p1a: PonnieColeman|def|1
|
|upkeep
|turn|13
|
|t:|1779594766
|move|p1a: PonnieColeman|Drain Punch|p2a: Excadrill
|-supereffective|p2a: Excadrill
|-damage|p2a: Excadrill|0 fnt
|-heal|p1a: PonnieColeman|100/100|[from] drain|[of] p2a: Excadrill
|faint|p2a: Excadrill
|
|upkeep
|
|t:|1779594773
|switch|p2a: Enamorus|Enamorus, F|100/100
|turn|14
|
|t:|1779594778
|move|p2a: Enamorus|Superpower|p1a: PonnieColeman
|-damage|p1a: PonnieColeman|82/100
|-boost|p2a: Enamorus|atk|1
|-boost|p2a: Enamorus|def|1
|move|p1a: PonnieColeman|Rage Fist|p2a: Enamorus
|-damage|p2a: Enamorus|23/100
|
|upkeep
|turn|15
|
|t:|1779594804
|move|p2a: Enamorus|Play Rough|p1a: PonnieColeman
|-damage|p1a: PonnieColeman|48/100
|move|p1a: PonnieColeman|Bulk Up|p1a: PonnieColeman
|-boost|p1a: PonnieColeman|atk|1
|-boost|p1a: PonnieColeman|def|1
|
|upkeep
|turn|16
|
|t:|1779594815
|move|p2a: Enamorus|Play Rough|p1a: PonnieColeman|[miss]
|-miss|p2a: Enamorus|p1a: PonnieColeman
|move|p1a: PonnieColeman|Rest|p1a: PonnieColeman
|-status|p1a: PonnieColeman|slp|[from] move: Rest
|-heal|p1a: PonnieColeman|100/100 slp|[silent]
|
|upkeep
|turn|17
|
|t:|1779594825
|switch|p2a: Iron Crown|Iron Crown|100/100
|cant|p1a: PonnieColeman|slp
|
|upkeep
|turn|18
|
|t:|1779594829
|cant|p1a: PonnieColeman|slp
|move|p2a: Iron Crown|Psychic|p1a: PonnieColeman
|-damage|p1a: PonnieColeman|57/100 slp
|
|upkeep
|turn|19
|
|t:|1779594834
|-curestatus|p1a: PonnieColeman|slp|[msg]
|move|p1a: PonnieColeman|Rage Fist|p2a: Iron Crown
|-supereffective|p2a: Iron Crown
|-damage|p2a: Iron Crown|0 fnt
|faint|p2a: Iron Crown
|-end|p2a: Iron Crown|Quark Drive|[silent]
|
|upkeep
|inactive|not thatone pls has 120 seconds left.
|
|t:|1779594841
|switch|p2a: Thundurus|Thundurus-Therian, M|100/100
|turn|20
|inactive|not thatone pls has 120 seconds left.
|
|t:|1779594860
|move|p2a: Thundurus|Focus Blast|p1a: PonnieColeman|[miss]
|-miss|p2a: Thundurus|p1a: PonnieColeman
|move|p1a: PonnieColeman|Rage Fist|p2a: Thundurus
|-damage|p2a: Thundurus|0 fnt
|faint|p2a: Thundurus
|
|upkeep
|inactive|not thatone pls has 120 seconds left.
|-message|not thatone pls forfeited.
|
|win|my shitters
|raw|my shitters's rating: 1285 &rarr; <strong>1304</strong><br />(+19 for winning)
|raw|not thatone pls's rating: 1204 &rarr; <strong>1185</strong><br />(-19 for losing)
|l|☆not thatone pls
|player|p2|
