|j|☆2b2t0
|j|☆go faster ffs
|t:|1779659350
|gametype|singles
|player|p1|2b2t0|265|1283
|player|p2|go faster ffs|101|1282
|gen|9
|tier|[Gen 9] OU
|rated|
|rule|HP Percentage Mod: HP is shown in percentages
|rule|Endless Battle Clause: Forcing endless battles is banned
|rule|Species Clause: Limit one of each Pokémon
|rule|OHKO Clause: OHKO moves are banned
|rule|Evasion Items Clause: Evasion items are banned
|rule|Evasion Moves Clause: Evasion moves are banned
|rule|Evasion Abilities Clause: Evasion abilities are banned
|rule|Sleep Moves Clause: Sleep-inducing moves are banned
|clearpoke
|poke|p1|Hoopa|
|poke|p1|Cinderace, F|
|poke|p1|Mandibuzz, F|
|poke|p1|Kyurem|
|poke|p1|Ting-Lu|
|poke|p1|Manaphy|
|poke|p2|Quaquaval, M|
|poke|p2|Glimmora, F|
|poke|p2|Blissey, F|
|poke|p2|Scizor, M|
|poke|p2|Toxapex, F|
|poke|p2|Dusknoir, M|
|teampreview
|inactive|Battle timer is ON: inactive players will automatically lose when time's up. (requested by go faster ffs)
|
|t:|1779659373
|teamsize|p1|6
|teamsize|p2|6
|start
|switch|p1a: Cinderace|Cinderace, F|100/100
|switch|p2a: Dusknoir|Dusknoir, M|100/100
|-ability|p2a: Dusknoir|Pressure
|turn|1
|
|t:|1779659385
|move|p1a: Cinderace|U-turn|p2a: Dusknoir
|-start|p1a: Cinderace|typechange|Bug|[from] ability: Libero
|-resisted|p2a: Dusknoir
|-damage|p2a: Dusknoir|89/100
|
|t:|1779659398
|switch|p1a: Manaphy|Manaphy|100/100|[from] U-turn
|move|p2a: Dusknoir|Trick|p1a: Manaphy
|-activate|p2a: Dusknoir|move: Trick|[of] p1a: Manaphy
|-item|p1a: Manaphy|Sticky Barb|[from] move: Trick
|-item|p2a: Dusknoir|Leftovers|[from] move: Trick
|
|-heal|p2a: Dusknoir|95/100|[from] item: Leftovers
|-damage|p1a: Manaphy|88/100|[from] item: Sticky Barb
|upkeep
|turn|2
|
|t:|1779659411
|move|p1a: Manaphy|Tail Glow|p1a: Manaphy
|-boost|p1a: Manaphy|spa|3
|move|p2a: Dusknoir|Will-O-Wisp|p1a: Manaphy
|-status|p1a: Manaphy|brn
|
|-heal|p2a: Dusknoir|100/100|[from] item: Leftovers
|-damage|p1a: Manaphy|82/100 brn|[from] brn
|-damage|p1a: Manaphy|70/100 brn|[from] item: Sticky Barb
|upkeep
|turn|3
|
|t:|1779659421
|switch|p2a: Blissey|Blissey, F|100/100
|move|p1a: Manaphy|Take Heart|p1a: Manaphy
|-boost|p1a: Manaphy|spa|1
|-boost|p1a: Manaphy|spd|1
|-curestatus|p1a: Manaphy|brn|[msg]
|
|-damage|p1a: Manaphy|57/100|[from] item: Sticky Barb
|upkeep
|turn|4
|
|t:|1779659437
|-terastallize|p1a: Manaphy|Poison
|move|p1a: Manaphy|Scald|p2a: Blissey
|-damage|p2a: Blissey|78/100
|move|p2a: Blissey|Seismic Toss|p1a: Manaphy
|-damage|p1a: Manaphy|32/100
|
|-heal|p2a: Blissey|84/100|[from] item: Leftovers
|-damage|p1a: Manaphy|20/100|[from] item: Sticky Barb
|upkeep
|turn|5
|
|t:|1779659449
|move|p1a: Manaphy|Scald|p2a: Blissey
|-damage|p2a: Blissey|62/100
|-status|p2a: Blissey|brn
|move|p2a: Blissey|Seismic Toss|p1a: Manaphy
|-damage|p1a: Manaphy|0 fnt
|faint|p1a: Manaphy
|
|-heal|p2a: Blissey|68/100 brn|[from] item: Leftovers
|-damage|p2a: Blissey|62/100 brn|[from] brn
|upkeep
|
|t:|1779659456
|switch|p1a: Cinderace|Cinderace, F|100/100
|turn|6
|
|t:|1779659461
|-curestatus|p2a: Blissey|brn|[from] ability: Natural Cure|[silent]
|switch|p2a: Dusknoir|Dusknoir, M|100/100
|-ability|p2a: Dusknoir|Pressure
|move|p1a: Cinderace|Pyro Ball|p2a: Dusknoir
|-damage|p2a: Dusknoir|55/100
|
|-heal|p2a: Dusknoir|61/100|[from] item: Leftovers
|upkeep
|turn|7
|
|t:|1779659475
|move|p1a: Cinderace|Pyro Ball|p2a: Dusknoir
|-damage|p2a: Dusknoir|18/100
|move|p2a: Dusknoir|Pain Split|p1a: Cinderace
|-sethp|p1a: Cinderace|59/100|[from] move: Pain Split|[silent]
|-sethp|p2a: Dusknoir|60/100|[from] move: Pain Split
|
|-heal|p2a: Dusknoir|66/100|[from] item: Leftovers
|upkeep
|turn|8
|
|t:|1779659483
|switch|p2a: Toxapex|Toxapex, F|100/100
|move|p1a: Cinderace|U-turn|p2a: Toxapex
|-start|p1a: Cinderace|typechange|Bug|[from] ability: Libero
|-resisted|p2a: Toxapex
|-damage|p2a: Toxapex|90/100
|
|t:|1779659495
|switch|p1a: Kyurem|Kyurem|100/100|[from] U-turn
|-ability|p1a: Kyurem|Pressure
|
|-heal|p2a: Toxapex|97/100|[from] item: Leftovers
|upkeep
|turn|9
|
|t:|1779659499
|move|p1a: Kyurem|Freeze-Dry|p2a: Toxapex
|-supereffective|p2a: Toxapex
|-damage|p2a: Toxapex|37/100
|move|p2a: Toxapex|Toxic|p1a: Kyurem
|-status|p1a: Kyurem|tox
|
|-heal|p2a: Toxapex|43/100|[from] item: Leftovers
|-damage|p1a: Kyurem|94/100 tox|[from] psn
|upkeep
|turn|10
|
|t:|1779659508
|move|p2a: Toxapex|Protect|p2a: Toxapex
|-singleturn|p2a: Toxapex|Protect
|move|p1a: Kyurem|Freeze-Dry|p2a: Toxapex
|-activate|p2a: Toxapex|move: Protect
|
|-heal|p2a: Toxapex|49/100|[from] item: Leftovers
|-damage|p1a: Kyurem|82/100 tox|[from] psn
|upkeep
|turn|11
|
|t:|1779659512
|switch|p2a: Blissey|Blissey, F|62/100
|move|p1a: Kyurem|Freeze-Dry|p2a: Blissey
|-damage|p2a: Blissey|51/100
|
|-heal|p2a: Blissey|57/100|[from] item: Leftovers
|-damage|p1a: Kyurem|64/100 tox|[from] psn
|upkeep
|turn|12
|
|t:|1779659519
|switch|p1a: Cinderace|Cinderace, F|59/100
|move|p2a: Blissey|Soft-Boiled|p2a: Blissey
|-heal|p2a: Blissey|100/100
|
|upkeep
|turn|13
|
|t:|1779659524
|switch|p2a: Toxapex|Toxapex, F|82/100
|move|p1a: Cinderace|Pyro Ball|p2a: Toxapex
|-resisted|p2a: Toxapex
|-damage|p2a: Toxapex|60/100
|
|-heal|p2a: Toxapex|67/100|[from] item: Leftovers
|upkeep
|turn|14
|
|t:|1779659528
|move|p1a: Cinderace|U-turn|p2a: Toxapex
|-start|p1a: Cinderace|typechange|Bug|[from] ability: Libero
|-resisted|p2a: Toxapex
|-damage|p2a: Toxapex|55/100
|
|t:|1779659533
|switch|p1a: Kyurem|Kyurem|64/100 tox|[from] U-turn
|-ability|p1a: Kyurem|Pressure
|move|p2a: Toxapex|Infestation|p1a: Kyurem
|-damage|p1a: Kyurem|61/100 tox
|-activate|p1a: Kyurem|move: Infestation|[of] p2a: Toxapex
|
|-heal|p2a: Toxapex|61/100|[from] item: Leftovers
|-damage|p1a: Kyurem|55/100 tox|[from] psn
|-damage|p1a: Kyurem|43/100 tox|[from] move: Infestation|[partiallytrapped]
|upkeep
|turn|15
|
|t:|1779659561
|move|p2a: Toxapex|Protect|p2a: Toxapex
|-singleturn|p2a: Toxapex|Protect
|move|p1a: Kyurem|Earth Power|p2a: Toxapex
|-activate|p2a: Toxapex|move: Protect
|
|-heal|p2a: Toxapex|67/100|[from] item: Leftovers
|-damage|p1a: Kyurem|31/100 tox|[from] psn
|-damage|p1a: Kyurem|18/100 tox|[from] move: Infestation|[partiallytrapped]
|upkeep
|turn|16
|
|t:|1779659567
|switch|p2a: Blissey|Blissey, F|100/100
|move|p1a: Kyurem|Earth Power|p2a: Blissey
|-damage|p2a: Blissey|91/100
|
|-heal|p2a: Blissey|97/100|[from] item: Leftovers
|-damage|p1a: Kyurem|0 fnt|[from] psn
|faint|p1a: Kyurem
|upkeep
|
|t:|1779659578
|switch|p1a: Hoopa|Hoopa|100/100
|turn|17
|
|t:|1779659588
|move|p1a: Hoopa|Substitute|p1a: Hoopa
|-start|p1a: Hoopa|Substitute
|-damage|p1a: Hoopa|76/100
|move|p2a: Blissey|Shadow Ball|p1a: Hoopa
|-supereffective|p1a: Hoopa
|-end|p1a: Hoopa|Substitute
|
|-heal|p2a: Blissey|100/100|[from] item: Leftovers
|upkeep
|turn|18
|
|t:|1779659600
|switch|p1a: Ting-Lucifer|Ting-Lu|100/100
|-ability|p1a: Ting-Lucifer|Vessel of Ruin
|move|p2a: Blissey|Shadow Ball|p1a: Ting-Lucifer
|-resisted|p1a: Ting-Lucifer
|-damage|p1a: Ting-Lucifer|96/100
|
|upkeep
|turn|19
|
|t:|1779659605
|switch|p2a: Quaquaval|Quaquaval, M|100/100
|move|p1a: Ting-Lucifer|Stealth Rock|p2a: Quaquaval
|-sidestart|p2: go faster ffs|move: Stealth Rock
|
|upkeep
|turn|20
|
|t:|1779659610
|switch|p1a: Mandibuzz|Mandibuzz, F, shiny|100/100
|move|p2a: Quaquaval|Aqua Step|p1a: Mandibuzz
|-damage|p1a: Mandibuzz|74/100
|-boost|p2a: Quaquaval|spe|1
|-damage|p2a: Quaquaval|84/100|[from] item: Rocky Helmet|[of] p1a: Mandibuzz
|
|upkeep
|turn|21
|
|t:|1779659623
|-terastallize|p2a: Quaquaval|Dark
|move|p2a: Quaquaval|Ice Spinner|p1a: Mandibuzz
|-supereffective|p1a: Mandibuzz
|-damage|p1a: Mandibuzz|39/100
|-damage|p2a: Quaquaval|68/100|[from] item: Rocky Helmet|[of] p1a: Mandibuzz
|move|p1a: Mandibuzz|Roost|p1a: Mandibuzz
|-heal|p1a: Mandibuzz|89/100
|-singleturn|p1a: Mandibuzz|move: Roost
|
|upkeep
|turn|22
|
|t:|1779659638
|switch|p2a: Glimmora|Glimmora, F|100/100
|-damage|p2a: Glimmora|88/100|[from] Stealth Rock
|move|p1a: Mandibuzz|Foul Play|p2a: Glimmora
|-damage|p2a: Glimmora|65/100
|-activate|p2a: Glimmora|ability: Toxic Debris
|-sidestart|p1: 2b2t0|move: Toxic Spikes
|
|upkeep
|turn|23
|
|t:|1779659651
|move|p2a: Glimmora|Mortal Spin|p1a: Mandibuzz
|-damage|p1a: Mandibuzz|86/100
|-status|p1a: Mandibuzz|psn
|-damage|p2a: Glimmora|48/100|[from] item: Rocky Helmet|[of] p1a: Mandibuzz
|-sideend|p2: go faster ffs|Stealth Rock|[from] move: Mortal Spin|[of] p2a: Glimmora
|move|p1a: Mandibuzz|Defog|p2a: Glimmora
|-unboost|p2a: Glimmora|evasion|1
|-sideend|p1: 2b2t0|Toxic Spikes|[from] move: Defog|[of] p1a: Mandibuzz
|
|-damage|p1a: Mandibuzz|73/100 psn|[from] psn
|upkeep
|turn|24
|
|t:|1779659668
|switch|p2a: Scizor|Scizor, M|100/100
|switch|p1a: Ting-Lucifer|Ting-Lu|96/100
|-ability|p1a: Ting-Lucifer|Vessel of Ruin
|
|upkeep
|turn|25
|
|t:|1779659676
|switch|p1a: Mandibuzz|Mandibuzz, F, shiny|73/100 psn
|move|p2a: Scizor|Knock Off|p1a: Mandibuzz
|-resisted|p1a: Mandibuzz
|-damage|p1a: Mandibuzz|58/100 psn
|-damage|p2a: Scizor|84/100|[from] item: Rocky Helmet|[of] p1a: Mandibuzz
|-enditem|p1a: Mandibuzz|Rocky Helmet|[from] move: Knock Off|[of] p2a: Scizor
|
|-damage|p1a: Mandibuzz|45/100 psn|[from] psn
|upkeep
|turn|26
|
|t:|1779659690
|move|p1a: Mandibuzz|Foul Play|p2a: Scizor
|-damage|p2a: Scizor|27/100
|move|p2a: Scizor|Knock Off|p1a: Mandibuzz
|-resisted|p1a: Mandibuzz
|-damage|p1a: Mandibuzz|35/100 psn
|
|-damage|p1a: Mandibuzz|23/100 psn|[from] psn
|upkeep
|turn|27
|inactive|2b2t0 has 120 seconds left.
|
|t:|1779659733
|switch|p2a: Toxapex|Toxapex, F|100/100
|move|p1a: Mandibuzz|Foul Play|p2a: Toxapex
|-damage|p2a: Toxapex|89/100
|
|-heal|p2a: Toxapex|95/100|[from] item: Leftovers
|-damage|p1a: Mandibuzz|10/100 psn|[from] psn
|upkeep
|turn|28
|
|t:|1779659739
|move|p1a: Mandibuzz|Foul Play|p2a: Toxapex
|-damage|p2a: Toxapex|82/100
|move|p2a: Toxapex|Infestation|p1a: Mandibuzz
|-damage|p1a: Mandibuzz|8/100 psn
|-activate|p1a: Mandibuzz|move: Infestation|[of] p2a: Toxapex
|
|-heal|p2a: Toxapex|88/100|[from] item: Leftovers
|-damage|p1a: Mandibuzz|0 fnt|[from] psn
|faint|p1a: Mandibuzz
|upkeep
|
|t:|1779659748
|switch|p1a: Hoopa|Hoopa|76/100
|turn|29
|
|t:|1779659758
|switch|p2a: Blissey|Blissey, F|100/100
|move|p1a: Hoopa|Substitute|p1a: Hoopa
|-start|p1a: Hoopa|Substitute
|-damage|p1a: Hoopa|51/100
|
|upkeep
|turn|30
|
|t:|1779659767
|move|p1a: Hoopa|Focus Blast|p2a: Blissey
|-supereffective|p2a: Blissey
|-damage|p2a: Blissey|72/100
|move|p2a: Blissey|Shadow Ball|p1a: Hoopa
|-supereffective|p1a: Hoopa
|-end|p1a: Hoopa|Substitute
|
|-heal|p2a: Blissey|78/100|[from] item: Leftovers
|upkeep
|turn|31
|
|t:|1779659778
|switch|p1a: Ting-Lucifer|Ting-Lu|96/100
|-ability|p1a: Ting-Lucifer|Vessel of Ruin
|move|p2a: Blissey|Shadow Ball|p1a: Ting-Lucifer
|-resisted|p1a: Ting-Lucifer
|-damage|p1a: Ting-Lucifer|92/100
|
|-heal|p2a: Blissey|84/100|[from] item: Leftovers
|upkeep
|turn|32
|
|t:|1779659785
|switch|p2a: Toxapex|Toxapex, F|100/100
|move|p1a: Ting-Lucifer|Heavy Slam|p2a: Toxapex
|-resisted|p2a: Toxapex
|-damage|p2a: Toxapex|87/100
|
|-heal|p2a: Toxapex|93/100|[from] item: Leftovers
|upkeep
|turn|33
|
|t:|1779659790
|switch|p1a: Hoopa|Hoopa|51/100
|move|p2a: Toxapex|Toxic|p1a: Hoopa
|-status|p1a: Hoopa|tox
|
|-heal|p2a: Toxapex|99/100|[from] item: Leftovers
|-damage|p1a: Hoopa|45/100 tox|[from] psn
|upkeep
|turn|34
|
|t:|1779659794
|move|p2a: Toxapex|Protect|p2a: Toxapex
|-singleturn|p2a: Toxapex|Protect
|move|p1a: Hoopa|Calm Mind|p1a: Hoopa
|-boost|p1a: Hoopa|spa|1
|-boost|p1a: Hoopa|spd|1
|
|-heal|p2a: Toxapex|100/100|[from] item: Leftovers
|-damage|p1a: Hoopa|32/100 tox|[from] psn
|upkeep
|turn|35
|
|t:|1779659799
|switch|p2a: Blissey|Blissey, F|84/100
|move|p1a: Hoopa|Shadow Ball|p2a: Blissey
|-immune|p2a: Blissey
|
|-heal|p2a: Blissey|90/100|[from] item: Leftovers
|-damage|p1a: Hoopa|14/100 tox|[from] psn
|upkeep
|-enditem|p1a: Hoopa|Aguav Berry|[eat]
|-heal|p1a: Hoopa|47/100 tox|[from] item: Aguav Berry
|turn|36
|
|t:|1779659804
|move|p1a: Hoopa|Focus Blast|p2a: Blissey
|-supereffective|p2a: Blissey
|-damage|p2a: Blissey|48/100
|-item|p1a: Hoopa|Leftovers|[from] ability: Magician|[of] p2a: Blissey
|move|p2a: Blissey|Shadow Ball|p1a: Hoopa
|-supereffective|p1a: Hoopa
|-damage|p1a: Hoopa|11/100 tox
|
|-heal|p1a: Hoopa|17/100 tox|[from] item: Leftovers
|-damage|p1a: Hoopa|0 fnt|[from] psn
|faint|p1a: Hoopa
|upkeep
|
|t:|1779659825
|switch|p1a: Ting-Lucifer|Ting-Lu|92/100
|-ability|p1a: Ting-Lucifer|Vessel of Ruin
|turn|37
|
|t:|1779659833
|move|p2a: Blissey|Soft-Boiled|p2a: Blissey
|-heal|p2a: Blissey|98/100
|move|p1a: Ting-Lucifer|Stealth Rock|p2a: Blissey
|-sidestart|p2: go faster ffs|move: Stealth Rock
|
|upkeep
|turn|38
|
|t:|1779659837
|switch|p2a: Quaquaval|Quaquaval, M, tera:Dark|68/100
|move|p1a: Ting-Lucifer|Earthquake|p2a: Quaquaval
|-damage|p2a: Quaquaval|0 fnt
|faint|p2a: Quaquaval
|
|upkeep
|
|t:|1779659847
|switch|p2a: Glimmora|Glimmora, F|48/100
|-damage|p2a: Glimmora|36/100|[from] Stealth Rock
|turn|39
|
|t:|1779659852
|move|p2a: Glimmora|Mortal Spin|p1a: Ting-Lucifer
|-resisted|p1a: Ting-Lucifer
|-damage|p1a: Ting-Lucifer|91/100
|-status|p1a: Ting-Lucifer|psn
|-sideend|p2: go faster ffs|Stealth Rock|[from] move: Mortal Spin|[of] p2a: Glimmora
|move|p1a: Ting-Lucifer|Earthquake|p2a: Glimmora
|-supereffective|p2a: Glimmora
|-damage|p2a: Glimmora|0 fnt
|-activate|p2a: Glimmora|ability: Toxic Debris
|-sidestart|p1: 2b2t0|move: Toxic Spikes
|faint|p2a: Glimmora
|
|-damage|p1a: Ting-Lucifer|78/100 psn|[from] psn
|upkeep
|
|t:|1779659866
|switch|p2a: Dusknoir|Dusknoir, M|66/100
|-ability|p2a: Dusknoir|Pressure
|turn|40
|
|t:|1779659873
|move|p1a: Ting-Lucifer|Stealth Rock|p2a: Dusknoir
|-sidestart|p2: go faster ffs|move: Stealth Rock
|move|p2a: Dusknoir|Pain Split|p1a: Ting-Lucifer
|-sethp|p1a: Ting-Lucifer|59/100 psn|[from] move: Pain Split|[silent]
|-sethp|p2a: Dusknoir|98/100|[from] move: Pain Split
|
|-heal|p2a: Dusknoir|100/100|[from] item: Leftovers
|-damage|p1a: Ting-Lucifer|47/100 psn|[from] psn
|upkeep
|turn|41
|
|t:|1779659878
|move|p1a: Ting-Lucifer|Heavy Slam|p2a: Dusknoir
|-damage|p2a: Dusknoir|74/100
|move|p2a: Dusknoir|Disable|p1a: Ting-Lucifer
|-start|p1a: Ting-Lucifer|Disable|Heavy Slam
|
|-heal|p2a: Dusknoir|80/100|[from] item: Leftovers
|-damage|p1a: Ting-Lucifer|35/100 psn|[from] psn
|upkeep
|turn|42
|
|t:|1779659887
|move|p1a: Ting-Lucifer|Stone Edge|p2a: Dusknoir
|-damage|p2a: Dusknoir|58/100
|move|p2a: Dusknoir|Will-O-Wisp||[still]
|-fail|p2a: Dusknoir
|
|-heal|p2a: Dusknoir|64/100|[from] item: Leftovers
|-damage|p1a: Ting-Lucifer|22/100 psn|[from] psn
|upkeep
|turn|43
|
|t:|1779659898
|move|p1a: Ting-Lucifer|Stone Edge|p2a: Dusknoir
|-damage|p2a: Dusknoir|39/100
|move|p2a: Dusknoir|Will-O-Wisp||[still]
|-fail|p2a: Dusknoir
|
|-heal|p2a: Dusknoir|45/100|[from] item: Leftovers
|-damage|p1a: Ting-Lucifer|10/100 psn|[from] psn
|upkeep
|turn|44
|
|t:|1779659902
|move|p1a: Ting-Lucifer|Stone Edge|p2a: Dusknoir
|-crit|p2a: Dusknoir
|-damage|p2a: Dusknoir|8/100
|move|p2a: Dusknoir|Will-O-Wisp|p1a: Ting-Lucifer|[miss]
|-miss|p2a: Dusknoir|p1a: Ting-Lucifer
|
|-heal|p2a: Dusknoir|14/100|[from] item: Leftovers
|-damage|p1a: Ting-Lucifer|0 fnt|[from] psn
|faint|p1a: Ting-Lucifer
|upkeep
|
|t:|1779659905
|switch|p1a: Cinderace|Cinderace, F|59/100
|-status|p1a: Cinderace|psn
|turn|45
|
|t:|1779659924
|move|p1a: Cinderace|Pyro Ball|p2a: Dusknoir
|-damage|p2a: Dusknoir|0 fnt
|faint|p2a: Dusknoir
|
|-damage|p1a: Cinderace|46/100 psn|[from] psn
|upkeep
|
|t:|1779659927
|switch|p2a: Scizor|Scizor, M|27/100
|-damage|p2a: Scizor|15/100|[from] Stealth Rock
|turn|46
|
|t:|1779659932
|move|p2a: Scizor|Bullet Punch|p1a: Cinderace
|-resisted|p1a: Cinderace
|-damage|p1a: Cinderace|7/100 psn
|move|p1a: Cinderace|Pyro Ball|p2a: Scizor
|-supereffective|p2a: Scizor
|-damage|p2a: Scizor|0 fnt
|faint|p2a: Scizor
|
|-damage|p1a: Cinderace|0 fnt|[from] psn
|faint|p1a: Cinderace
|
|win|go faster ffs
|raw|2b2t0's rating: 1283 &rarr; <strong>1258</strong><br />(-25 for losing)
|raw|go faster ffs's rating: 1282 &rarr; <strong>1307</strong><br />(+25 for winning)
|l|☆go faster ffs
|player|p2|
|l|☆2b2t0
|player|p1|
