|j|☆Vichox250816
|j|☆Segahay
|t:|1779566472
|gametype|singles
|player|p1|Vichox250816|266|1365
|player|p2|Segahay|170|1361
|gen|9
|tier|[Gen 9] OU
|rated|
|rule|HP Percentage Mod: HP is shown in percentages
|rule|Endless Battle Clause: Forcing endless battles is banned
|rule|Species Clause: Limit one of each Pokémon
|rule|OHKO Clause: OHKO moves are banned
|rule|Evasion Items Clause: Evasion items are banned
|rule|Evasion Moves Clause: Evasion moves are banned
|rule|Evasion Abilities Clause: Evasion abilities are banned
|rule|Sleep Moves Clause: Sleep-inducing moves are banned
|clearpoke
|poke|p1|Gholdengo|
|poke|p1|Zamazenta-*|
|poke|p1|Weavile, M|
|poke|p1|Latias, F|
|poke|p1|Dragonite, M|
|poke|p1|Glimmora, M|
|poke|p2|Rillaboom, M|
|poke|p2|Excadrill, M|
|poke|p2|Serperior, M|
|poke|p2|Mew|
|poke|p2|Feraligatr, F|
|poke|p2|Glimmora, M|
|teampreview
|inactive|Battle timer is ON: inactive players will automatically lose when time's up. (requested by Segahay)
|
|t:|1779566485
|teamsize|p1|6
|teamsize|p2|6
|start
|switch|p1a: Glimmora|Glimmora, M|100/100
|switch|p2a: Serperior|Serperior, M, shiny|100/100
|turn|1
|inactive|Vichox250816 has 120 seconds left.
|
|t:|1779566528
|move|p2a: Serperior|Glare|p1a: Glimmora
|-status|p1a: Glimmora|par
|move|p1a: Glimmora|Mortal Spin|p2a: Serperior
|-supereffective|p2a: Serperior
|-damage|p2a: Serperior|85/100
|-status|p2a: Serperior|psn
|
|-damage|p2a: Serperior|73/100 psn|[from] psn
|upkeep
|turn|2
|
|t:|1779566537
|move|p2a: Serperior|Swords Dance|p2a: Serperior
|-boost|p2a: Serperior|atk|2
|move|p1a: Glimmora|Stealth Rock|p2a: Serperior
|-sidestart|p2: Segahay|move: Stealth Rock
|
|-damage|p2a: Serperior|61/100 psn|[from] psn
|upkeep
|turn|3
|inactive|Vichox250816 has 120 seconds left.
|
|t:|1779566545
|move|p2a: Serperior|Bullet Seed|p1a: Glimmora
|-damage|p1a: Glimmora|84/100 par
|-activate|p1a: Glimmora|ability: Toxic Debris
|-sidestart|p2: Segahay|move: Toxic Spikes
|-damage|p1a: Glimmora|68/100 par
|-activate|p1a: Glimmora|ability: Toxic Debris
|-sidestart|p2: Segahay|move: Toxic Spikes
|-damage|p1a: Glimmora|49/100 par
|-damage|p1a: Glimmora|33/100 par
|-hitcount|p1a: Glimmora|4
|-enditem|p1a: Glimmora|Red Card|[of] p2a: Serperior
|drag|p2a: Excadrill|Excadrill, M|100/100
|-damage|p2a: Excadrill|97/100|[from] Stealth Rock
|-ability|p2a: Excadrill|Mold Breaker
|-item|p2a: Excadrill|Air Balloon
|move|p1a: Glimmora|Power Gem|p2a: Excadrill
|-resisted|p2a: Excadrill
|-crit|p2a: Excadrill
|-damage|p2a: Excadrill|79/100
|-enditem|p2a: Excadrill|Air Balloon
|
|upkeep
|turn|4
|inactive|Vichox250816 has 120 seconds left.
|
|t:|1779566564
|move|p2a: Excadrill|Rapid Spin|p1a: Glimmora
|-resisted|p1a: Glimmora
|-damage|p1a: Glimmora|25/100 par
|-boost|p2a: Excadrill|spe|1
|-sideend|p2: Segahay|Toxic Spikes|[from] move: Rapid Spin|[of] p2a: Excadrill
|-sideend|p2: Segahay|Stealth Rock|[from] move: Rapid Spin|[of] p2a: Excadrill
|move|p1a: Glimmora|Earth Power|p2a: Excadrill
|-supereffective|p2a: Excadrill
|-damage|p2a: Excadrill|13/100
|
|upkeep
|turn|5
|inactive|Vichox250816 has 120 seconds left.
|
|t:|1779566574
|move|p2a: Excadrill|Earthquake|p1a: Glimmora
|-supereffective|p1a: Glimmora
|-crit|p1a: Glimmora
|-damage|p1a: Glimmora|0 fnt
|-activate|p1a: Glimmora|ability: Toxic Debris
|-sidestart|p2: Segahay|move: Toxic Spikes
|faint|p1a: Glimmora
|
|upkeep
|inactive|Vichox250816 has 120 seconds left.
|
|t:|1779566590
|switch|p1a: Dragonite|Dragonite, M|100/100
|turn|6
|
|t:|1779566595
|move|p2a: Excadrill|Rapid Spin|p1a: Dragonite
|-damage|p1a: Dragonite|84/100
|-boost|p2a: Excadrill|spe|1
|-sideend|p2: Segahay|Toxic Spikes|[from] move: Rapid Spin|[of] p2a: Excadrill
|move|p1a: Dragonite|Earthquake|p2a: Excadrill
|-supereffective|p2a: Excadrill
|-crit|p2a: Excadrill
|-damage|p2a: Excadrill|0 fnt
|faint|p2a: Excadrill
|
|upkeep
|
|t:|1779566598
|switch|p2a: Glimmora|Glimmora, M|100/100
|turn|7
|inactive|Vichox250816 has 120 seconds left.
|
|t:|1779566619
|move|p2a: Glimmora|Ancient Power|p1a: Dragonite
|-supereffective|p1a: Dragonite
|-damage|p1a: Dragonite|30/100
|move|p1a: Dragonite|Earthquake|p2a: Glimmora
|-supereffective|p2a: Glimmora
|-damage|p2a: Glimmora|0 fnt
|-activate|p2a: Glimmora|ability: Toxic Debris
|-sidestart|p1: Vichox250816|move: Toxic Spikes
|faint|p2a: Glimmora
|
|upkeep
|
|t:|1779566625
|switch|p2a: Feraligatr|Feraligatr, F|100/100
|turn|8
|
|t:|1779566630
|move|p1a: Dragonite|Extreme Speed|p2a: Feraligatr
|-damage|p2a: Feraligatr|68/100
|move|p2a: Feraligatr|Dragon Dance|p2a: Feraligatr
|-boost|p2a: Feraligatr|atk|1
|-boost|p2a: Feraligatr|spe|1
|
|upkeep
|turn|9
|
|t:|1779566635
|move|p1a: Dragonite|Extreme Speed|p2a: Feraligatr
|-damage|p2a: Feraligatr|36/100
|move|p2a: Feraligatr|Ice Punch|p1a: Dragonite
|-supereffective|p1a: Dragonite
|-damage|p1a: Dragonite|0 fnt
|faint|p1a: Dragonite
|
|upkeep
|
|t:|1779566644
|switch|p1a: Gholdengo|Gholdengo|100/100
|turn|10
|
|t:|1779566647
|move|p2a: Feraligatr|Liquidation|p1a: Gholdengo
|-damage|p1a: Gholdengo|0 fnt
|faint|p1a: Gholdengo
|
|upkeep
|
|t:|1779566658
|switch|p1a: Zamazenta|Zamazenta|100/100
|-status|p1a: Zamazenta|psn
|-ability|p1a: Zamazenta|Dauntless Shield|boost
|-boost|p1a: Zamazenta|def|1
|turn|11
|
|t:|1779566663
|move|p2a: Feraligatr|Liquidation|p1a: Zamazenta
|-damage|p1a: Zamazenta|54/100 psn
|move|p1a: Zamazenta|Body Press|p2a: Feraligatr
|-damage|p2a: Feraligatr|0 fnt
|faint|p2a: Feraligatr
|
|-heal|p1a: Zamazenta|60/100 psn|[from] item: Leftovers
|-damage|p1a: Zamazenta|48/100 psn|[from] psn
|upkeep
|
|t:|1779566667
|switch|p2a: Mew|Mew|100/100
|turn|12
|
|t:|1779566675
|switch|p1a: Weavile|Weavile, M|100/100
|-status|p1a: Weavile|psn
|move|p2a: Mew|Agility|p2a: Mew
|-boost|p2a: Mew|spe|2
|
|-damage|p1a: Weavile|88/100 psn|[from] psn
|upkeep
|turn|13
|
|t:|1779566686
|-terastallize|p2a: Mew|Fairy
|move|p2a: Mew|Draining Kiss|p1a: Weavile
|-supereffective|p1a: Weavile
|-damage|p1a: Weavile|15/100 psn
|move|p1a: Weavile|Knock Off|p2a: Mew
|-resisted|p2a: Mew
|-damage|p2a: Mew|76/100
|-enditem|p2a: Mew|Weakness Policy|[from] move: Knock Off|[of] p1a: Weavile
|-damage|p1a: Weavile|5/100 psn|[from] item: Life Orb
|
|-damage|p1a: Weavile|0 fnt|[from] psn
|faint|p1a: Weavile
|upkeep
|
|t:|1779566708
|switch|p1a: Latias|Latias, F|100/100
|turn|14
|
|t:|1779566722
|-terastallize|p1a: Latias|Fairy
|move|p2a: Mew|Draining Kiss|p1a: Latias
|-damage|p1a: Latias|75/100
|-heal|p2a: Mew|93/100|[from] drain|[of] p1a: Latias
|move|p1a: Latias|Calm Mind|p1a: Latias
|-boost|p1a: Latias|spa|1
|-boost|p1a: Latias|spd|1
|
|-heal|p1a: Latias|81/100|[from] item: Leftovers
|upkeep
|turn|15
|
|t:|1779566731
|switch|p2a: Serperior|Serperior, M, shiny|61/100 psn
|move|p1a: Latias|Agility|p1a: Latias
|-boost|p1a: Latias|spe|2
|
|-heal|p1a: Latias|87/100|[from] item: Leftovers
|-damage|p2a: Serperior|48/100 psn|[from] psn
|upkeep
|turn|16
|
|t:|1779566739
|move|p1a: Latias|Stored Power|p2a: Serperior
|-damage|p2a: Serperior|0 fnt
|faint|p2a: Serperior
|
|-heal|p1a: Latias|93/100|[from] item: Leftovers
|upkeep
|
|t:|1779566742
|switch|p2a: Rillaboom|Rillaboom, M|100/100
|-fieldstart|move: Grassy Terrain|[from] ability: Grassy Surge|[of] p2a: Rillaboom
|turn|17
|
|t:|1779566753
|move|p2a: Rillaboom|Fake Out|p1a: Latias
|-crit|p1a: Latias
|-damage|p1a: Latias|67/100
|cant|p1a: Latias|flinch
|
|-heal|p1a: Latias|73/100|[from] item: Leftovers
|upkeep
|turn|18
|
|t:|1779566760
|move|p2a: Rillaboom|Grassy Glide|p1a: Latias
|-crit|p1a: Latias
|-damage|p1a: Latias|0 fnt
|faint|p1a: Latias
|
|upkeep
|
|t:|1779566764
|switch|p1a: Zamazenta|Zamazenta|48/100 psn
|turn|19
|c|☆Segahay|Holy shit
|
|t:|1779566768
|move|p2a: Rillaboom|Grassy Glide|p1a: Zamazenta
|-damage|p1a: Zamazenta|19/100 psn
|move|p1a: Zamazenta|Iron Defense|p1a: Zamazenta
|-boost|p1a: Zamazenta|def|2
|
|-heal|p1a: Zamazenta|25/100 psn|[from] Grassy Terrain
|-heal|p1a: Zamazenta|31/100 psn|[from] item: Leftovers
|-damage|p1a: Zamazenta|19/100 psn|[from] psn
|upkeep
|turn|20
|
|t:|1779566779
|move|p2a: Rillaboom|Grassy Glide|p1a: Zamazenta
|-damage|p1a: Zamazenta|2/100 psn
|move|p1a: Zamazenta|Iron Defense|p1a: Zamazenta
|-boost|p1a: Zamazenta|def|2
|
|-heal|p1a: Zamazenta|8/100 psn|[from] Grassy Terrain
|-heal|p1a: Zamazenta|14/100 psn|[from] item: Leftovers
|-damage|p1a: Zamazenta|2/100 psn|[from] psn
|upkeep
|turn|21
|
|t:|1779566792
|move|p2a: Rillaboom|Grassy Glide|p1a: Zamazenta
|-damage|p1a: Zamazenta|0 fnt
|faint|p1a: Zamazenta
|
|win|Segahay
|raw|Vichox250816's rating: 1365 &rarr; <strong>1345</strong><br />(-20 for losing)
|raw|Segahay's rating: 1361 &rarr; <strong>1381</strong><br />(+20 for winning)
|l|☆Segahay
|player|p2|
|l|☆Vichox250816
|player|p1|
