|j|☆gyhe
|j|☆James2464
|t:|1779670252
|gametype|singles
|player|p1|gyhe|2|1699
|player|p2|James2464|miku-ghost|1708
|gen|9
|tier|[Gen 9] OU
|rated|
|rule|HP Percentage Mod: HP is shown in percentages
|rule|Endless Battle Clause: Forcing endless battles is banned
|rule|Species Clause: Limit one of each Pokémon
|rule|OHKO Clause: OHKO moves are banned
|rule|Evasion Items Clause: Evasion items are banned
|rule|Evasion Moves Clause: Evasion moves are banned
|rule|Evasion Abilities Clause: Evasion abilities are banned
|rule|Sleep Moves Clause: Sleep-inducing moves are banned
|clearpoke
|poke|p1|Lokix, M|
|poke|p1|Pecharunt|
|poke|p1|Zamazenta-*|
|poke|p1|Ting-Lu|
|poke|p1|Latios, M|
|poke|p1|Gliscor, M|
|poke|p2|Lycanroc-Dusk, F|
|poke|p2|Kingambit, M|
|poke|p2|Moltres|
|poke|p2|Great Tusk|
|poke|p2|Ogerpon, F|
|poke|p2|Hatterene, F|
|teampreview
|inactive|Battle timer is ON: inactive players will automatically lose when time's up. (requested by James2464)
|
|t:|1779670262
|teamsize|p1|6
|teamsize|p2|6
|start
|switch|p1a: Pecharunt|Pecharunt|100/100
|switch|p2a: Moltres|Moltres|100/100
|turn|1
|
|t:|1779670266
|switch|p2a: Kingambit|Kingambit, M|100/100
|move|p1a: Pecharunt|Malignant Chain|p2a: Kingambit
|-immune|p2a: Kingambit
|
|upkeep
|turn|2
|
|t:|1779670275
|switch|p1a: Zamazenta|Zamazenta|100/100
|-ability|p1a: Zamazenta|Dauntless Shield|boost
|-boost|p1a: Zamazenta|def|1
|move|p2a: Kingambit|Iron Head|p1a: Zamazenta
|-damage|p1a: Zamazenta|74/100
|
|upkeep
|turn|3
|
|t:|1779670281
|-end|p2a: Kingambit|fallenundefined|[silent]
|switch|p2a: Moltres|Moltres|100/100
|move|p1a: Zamazenta|Stone Edge|p2a: Moltres
|-supereffective|p2a: Moltres
|-damage|p2a: Moltres|12/100
|
|upkeep
|turn|4
|
|t:|1779670288
|switch|p2a: Hatterene|Hatterene, F|100/100
|move|p1a: Zamazenta|Close Combat|p2a: Hatterene
|-resisted|p2a: Hatterene
|-damage|p2a: Hatterene|89/100
|-unboost|p1a: Zamazenta|def|1
|-unboost|p1a: Zamazenta|spd|1
|-damage|p1a: Zamazenta|58/100|[from] item: Rocky Helmet|[of] p2a: Hatterene
|
|upkeep
|turn|5
|
|t:|1779670296
|switch|p1a: Pecharunt|Pecharunt|100/100
|move|p2a: Hatterene|Psychic Noise|p1a: Pecharunt
|-supereffective|p1a: Pecharunt
|-damage|p1a: Pecharunt|27/100
|-start|p1a: Pecharunt|move: Heal Block
|
|upkeep
|turn|6
|
|t:|1779670302
|switch|p1a: Lokix|Lokix, M|100/100
|switch|p2a: Kingambit|Kingambit, M|100/100
|
|upkeep
|turn|7
|
|t:|1779670307
|move|p1a: Lokix|Knock Off|p2a: Kingambit
|-resisted|p2a: Kingambit
|-damage|p2a: Kingambit|61/100
|-enditem|p2a: Kingambit|Leftovers|[from] move: Knock Off|[of] p1a: Lokix
|move|p2a: Kingambit|Iron Head|p1a: Lokix
|-damage|p1a: Lokix|38/100
|
|upkeep
|turn|8
|
|t:|1779670311
|move|p1a: Lokix|U-turn|p2a: Kingambit
|-damage|p2a: Kingambit|35/100
|
|t:|1779670314
|switch|p1a: Gliscor|Gliscor, M|100/100|[from] U-turn
|move|p2a: Kingambit|Iron Head|p1a: Gliscor
|-damage|p1a: Gliscor|64/100
|
|-status|p1a: Gliscor|tox|[from] item: Toxic Orb
|upkeep
|turn|9
|
|t:|1779670322
|-end|p2a: Kingambit|fallenundefined|[silent]
|switch|p2a: Hatterene|Hatterene, F|89/100
|move|p1a: Gliscor|U-turn|p2a: Hatterene
|-damage|p2a: Hatterene|76/100
|-damage|p1a: Gliscor|48/100 tox|[from] item: Rocky Helmet|[of] p2a: Hatterene
|
|t:|1779670352
|switch|p1a: Pecharunt|Pecharunt|27/100|[from] U-turn
|
|upkeep
|turn|10
|
|t:|1779670356
|switch|p2a: Kingambit|Kingambit, M|35/100
|move|p1a: Pecharunt|Recover|p1a: Pecharunt
|-heal|p1a: Pecharunt|77/100
|
|upkeep
|turn|11
|
|t:|1779670363
|move|p1a: Pecharunt|Parting Shot|p2a: Kingambit
|-unboost|p2a: Kingambit|atk|1
|-unboost|p2a: Kingambit|spa|1
|
|t:|1779670368
|switch|p1a: Zamazenta|Zamazenta|58/100|[from] Parting Shot
|move|p2a: Kingambit|Iron Head|p1a: Zamazenta
|-damage|p1a: Zamazenta|31/100
|
|upkeep
|turn|12
|
|t:|1779670375
|-end|p2a: Kingambit|fallenundefined|[silent]
|switch|p2a: Great Tusk|Great Tusk|100/100
|move|p1a: Zamazenta|Close Combat|p2a: Great Tusk
|-damage|p2a: Great Tusk|62/100
|-unboost|p1a: Zamazenta|def|1
|-unboost|p1a: Zamazenta|spd|1
|-damage|p1a: Zamazenta|14/100|[from] item: Rocky Helmet|[of] p2a: Great Tusk
|
|upkeep
|turn|13
|
|t:|1779670386
|switch|p1a: Latios|Latios, M|100/100
|move|p2a: Great Tusk|Stealth Rock|p1a: Latios
|-sidestart|p1: gyhe|move: Stealth Rock
|
|upkeep
|turn|14
|
|t:|1779670403
|-end|p2a: Great Tusk|Protosynthesis|[silent]
|switch|p2a: Kingambit|Kingambit, M|35/100
|move|p1a: Latios|Psychic Noise|p2a: Kingambit
|-immune|p2a: Kingambit
|
|upkeep
|turn|15
|
|t:|1779670409
|move|p2a: Kingambit|Sucker Punch|p1a: Latios
|-supereffective|p1a: Latios
|-damage|p1a: Latios|3/100
|move|p1a: Latios|Draco Meteor|p2a: Kingambit
|-resisted|p2a: Kingambit
|-damage|p2a: Kingambit|0 fnt
|-unboost|p1a: Latios|spa|2
|faint|p2a: Kingambit
|-end|p2a: Kingambit|fallenundefined|[silent]
|
|upkeep
|
|t:|1779670420
|switch|p2a: Lycanroc|Lycanroc-Dusk, F|100/100
|turn|16
|
|t:|1779670428
|move|p2a: Lycanroc|Accelerock|p1a: Latios
|-damage|p1a: Latios|0 fnt
|faint|p1a: Latios
|-damage|p2a: Lycanroc|91/100|[from] item: Life Orb
|
|upkeep
|j| XylerTheCreature
|
|t:|1779670449
|switch|p1a: Ting-Lu|Ting-Lu|100/100
|-damage|p1a: Ting-Lu|94/100|[from] Stealth Rock
|-ability|p1a: Ting-Lu|Vessel of Ruin
|turn|17
|
|t:|1779670454
|switch|p2a: Hatterene|Hatterene, F|76/100
|move|p1a: Ting-Lu|Ruination|p2a: Hatterene
|-damage|p2a: Hatterene|39/100
|
|-heal|p1a: Ting-Lu|100/100|[from] item: Leftovers
|upkeep
|turn|18
|
|t:|1779670460
|switch|p1a: Pecharunt|Pecharunt|77/100
|move|p2a: Hatterene|Pain Split|p1a: Pecharunt
|-sethp|p1a: Pecharunt|55/100|[from] move: Pain Split|[silent]
|-sethp|p2a: Hatterene|65/100|[from] move: Pain Split
|
|upkeep
|turn|19
|
|t:|1779670463
|move|p1a: Pecharunt|Malignant Chain|p2a: Hatterene
|-supereffective|p2a: Hatterene
|-damage|p2a: Hatterene|6/100
|-status|p2a: Hatterene|tox
|-start|p2a: Hatterene|confusion|[from] ability: Poison Puppeteer|[of] p1a: Pecharunt
|-activate|p2a: Hatterene|confusion
|-damage|p2a: Hatterene|0 fnt|[from] confusion
|faint|p2a: Hatterene
|
|upkeep
|
|t:|1779670469
|switch|p2a: Great Tusk|Great Tusk|62/100
|turn|20
|
|t:|1779670481
|move|p2a: Great Tusk|Headlong Rush|p1a: Pecharunt
|-supereffective|p1a: Pecharunt
|-damage|p1a: Pecharunt|7/100
|-unboost|p2a: Great Tusk|def|1
|-unboost|p2a: Great Tusk|spd|1
|move|p1a: Pecharunt|Recover|p1a: Pecharunt
|-heal|p1a: Pecharunt|57/100
|
|upkeep
|turn|21
|
|t:|1779670493
|-terastallize|p1a: Pecharunt|Dark
|move|p2a: Great Tusk|Headlong Rush|p1a: Pecharunt
|-damage|p1a: Pecharunt|31/100
|-unboost|p2a: Great Tusk|def|1
|-unboost|p2a: Great Tusk|spd|1
|move|p1a: Pecharunt|Malignant Chain|p2a: Great Tusk
|-resisted|p2a: Great Tusk
|-damage|p2a: Great Tusk|21/100
|
|upkeep
|turn|22
|
|t:|1779670502
|move|p2a: Great Tusk|Headlong Rush|p1a: Pecharunt
|-damage|p1a: Pecharunt|4/100
|-unboost|p2a: Great Tusk|def|1
|-unboost|p2a: Great Tusk|spd|1
|move|p1a: Pecharunt|Recover|p1a: Pecharunt
|-heal|p1a: Pecharunt|54/100
|
|upkeep
|turn|23
|
|t:|1779670513
|-end|p2a: Great Tusk|Protosynthesis|[silent]
|switch|p2a: Ogerpon|Ogerpon, F|100/100
|move|p1a: Pecharunt|Recover|p1a: Pecharunt
|-heal|p1a: Pecharunt|100/100
|
|upkeep
|turn|24
|
|t:|1779670516
|move|p2a: Ogerpon|Encore|p1a: Pecharunt
|-start|p1a: Pecharunt|Encore
|move|p1a: Pecharunt|Recover||[still]
|-fail|p1a: Pecharunt|heal
|
|upkeep
|turn|25
|
|t:|1779670524
|switch|p1a: Zamazenta|Zamazenta|14/100
|move|p2a: Ogerpon|Spikes|p1a: Zamazenta
|-sidestart|p1: gyhe|Spikes
|
|upkeep
|turn|26
|
|t:|1779670527
|switch|p2a: Great Tusk|Great Tusk|21/100
|move|p1a: Zamazenta|Close Combat|p2a: Great Tusk
|-damage|p2a: Great Tusk|0 fnt
|-unboost|p1a: Zamazenta|def|1
|-unboost|p1a: Zamazenta|spd|1
|-damage|p1a: Zamazenta|0 fnt|[from] item: Rocky Helmet|[of] p2a: Great Tusk
|faint|p2a: Great Tusk
|-end|p2a: Great Tusk|Protosynthesis|[silent]
|faint|p1a: Zamazenta
|
|upkeep
|
|t:|1779670534
|switch|p1a: Pecharunt|Pecharunt, tera:Dark|100/100
|switch|p2a: Moltres|Moltres|12/100
|turn|27
|
|t:|1779670536
|move|p2a: Moltres|Roost|p2a: Moltres
|-heal|p2a: Moltres|62/100
|-singleturn|p2a: Moltres|move: Roost
|move|p1a: Pecharunt|Malignant Chain|p2a: Moltres
|-damage|p2a: Moltres|33/100
|-status|p2a: Moltres|tox
|-start|p2a: Moltres|confusion|[from] ability: Poison Puppeteer|[of] p1a: Pecharunt
|
|-damage|p2a: Moltres|27/100 tox|[from] psn
|upkeep
|turn|28
|
|t:|1779670543
|switch|p1a: Ting-Lu|Ting-Lu|100/100
|-damage|p1a: Ting-Lu|94/100|[from] Stealth Rock
|-damage|p1a: Ting-Lu|82/100|[from] Spikes
|-ability|p1a: Ting-Lu|Vessel of Ruin
|-activate|p2a: Moltres|confusion
|move|p2a: Moltres|Roost|p2a: Moltres
|-heal|p2a: Moltres|77/100 tox
|-singleturn|p2a: Moltres|move: Roost
|
|-heal|p1a: Ting-Lu|88/100|[from] item: Leftovers
|-damage|p2a: Moltres|65/100 tox|[from] psn
|upkeep
|turn|29
|
|t:|1779670547
|switch|p2a: Ogerpon|Ogerpon, F|100/100
|move|p1a: Ting-Lu|Stealth Rock|p2a: Ogerpon
|-sidestart|p2: James2464|move: Stealth Rock
|
|-heal|p1a: Ting-Lu|94/100|[from] item: Leftovers
|upkeep
|turn|30
|l| XylerTheCreature
|
|t:|1779670553
|move|p2a: Ogerpon|Ivy Cudgel|p1a: Ting-Lu
|-supereffective|p1a: Ting-Lu
|-damage|p1a: Ting-Lu|38/100
|move|p1a: Ting-Lu|Whirlwind|p2a: Ogerpon
|drag|p2a: Lycanroc|Lycanroc-Dusk, F|91/100
|-damage|p2a: Lycanroc|78/100|[from] Stealth Rock
|
|-heal|p1a: Ting-Lu|44/100|[from] item: Leftovers
|upkeep
|turn|31
|
|t:|1779670564
|switch|p1a: Gliscor|Gliscor, M|48/100 tox
|-damage|p1a: Gliscor|35/100 tox|[from] Stealth Rock
|move|p2a: Lycanroc|Close Combat|p1a: Gliscor
|-resisted|p1a: Gliscor
|-damage|p1a: Gliscor|10/100 tox
|-unboost|p2a: Lycanroc|def|1
|-unboost|p2a: Lycanroc|spd|1
|-damage|p2a: Lycanroc|68/100|[from] item: Life Orb
|
|-heal|p1a: Gliscor|22/100 tox|[from] ability: Poison Heal
|upkeep
|turn|32
|
|t:|1779670570
|move|p1a: Gliscor|Protect|p1a: Gliscor
|-singleturn|p1a: Gliscor|Protect
|move|p2a: Lycanroc|Psychic Fangs|p1a: Gliscor
|-activate|p1a: Gliscor|move: Protect
|
|-heal|p1a: Gliscor|35/100 tox|[from] ability: Poison Heal
|upkeep
|turn|33
|
|t:|1779670577
|switch|p2a: Moltres|Moltres|65/100 tox
|move|p1a: Gliscor|Spikes|p2a: Moltres
|-sidestart|p2: James2464|Spikes
|
|-heal|p1a: Gliscor|47/100 tox|[from] ability: Poison Heal
|-damage|p2a: Moltres|59/100 tox|[from] psn
|upkeep
|turn|34
|
|t:|1779670583
|move|p1a: Gliscor|Protect|p1a: Gliscor
|-singleturn|p1a: Gliscor|Protect
|move|p2a: Moltres|Flamethrower|p1a: Gliscor
|-activate|p1a: Gliscor|move: Protect
|
|-heal|p1a: Gliscor|60/100 tox|[from] ability: Poison Heal
|-damage|p2a: Moltres|47/100 tox|[from] psn
|upkeep
|turn|35
|
|t:|1779670585
|move|p1a: Gliscor|Spikes|p2a: Moltres
|-sidestart|p2: James2464|Spikes
|move|p2a: Moltres|Roar|p1a: Gliscor
|drag|p1a: Ting-Lu|Ting-Lu|44/100
|-damage|p1a: Ting-Lu|38/100|[from] Stealth Rock
|-damage|p1a: Ting-Lu|25/100|[from] Spikes
|-ability|p1a: Ting-Lu|Vessel of Ruin
|
|-heal|p1a: Ting-Lu|32/100|[from] item: Leftovers
|-damage|p2a: Moltres|29/100 tox|[from] psn
|upkeep
|turn|36
|
|t:|1779670589
|switch|p1a: Gliscor|Gliscor, M|60/100 tox
|-damage|p1a: Gliscor|47/100 tox|[from] Stealth Rock
|move|p2a: Moltres|Flamethrower|p1a: Gliscor
|-damage|p1a: Gliscor|17/100 tox
|
|-heal|p1a: Gliscor|29/100 tox|[from] ability: Poison Heal
|-damage|p2a: Moltres|5/100 tox|[from] psn
|upkeep
|turn|37
|
|t:|1779670593
|move|p1a: Gliscor|Knock Off|p2a: Moltres
|-damage|p2a: Moltres|0 fnt
|-enditem|p2a: Moltres|Heavy-Duty Boots|[from] move: Knock Off|[of] p1a: Gliscor
|faint|p2a: Moltres
|
|-heal|p1a: Gliscor|42/100 tox|[from] ability: Poison Heal
|upkeep
|
|t:|1779670595
|switch|p2a: Ogerpon|Ogerpon, F|100/100
|turn|38
|
|t:|1779670598
|move|p2a: Ogerpon|Encore|p1a: Gliscor
|-start|p1a: Gliscor|Encore
|move|p1a: Gliscor|Knock Off|p2a: Ogerpon
|-damage|p2a: Ogerpon|72/100
|-enditem|p2a: Ogerpon|Heavy-Duty Boots|[from] move: Knock Off|[of] p1a: Gliscor
|
|-heal|p1a: Gliscor|54/100 tox|[from] ability: Poison Heal
|upkeep
|turn|39
|
|t:|1779670603
|move|p2a: Ogerpon|Ivy Cudgel|p1a: Gliscor
|-damage|p1a: Gliscor|15/100 tox
|move|p1a: Gliscor|Knock Off|p2a: Ogerpon
|-damage|p2a: Ogerpon|54/100
|
|-heal|p1a: Gliscor|28/100 tox|[from] ability: Poison Heal
|upkeep
|turn|40
|
|t:|1779670605
|move|p2a: Ogerpon|Ivy Cudgel|p1a: Gliscor
|-damage|p1a: Gliscor|0 fnt
|faint|p1a: Gliscor
|
|upkeep
|
|t:|1779670607
|switch|p1a: Lokix|Lokix, M|38/100
|turn|41
|
|t:|1779670611
|move|p1a: Lokix|First Impression|p2a: Ogerpon
|-supereffective|p2a: Ogerpon
|-damage|p2a: Ogerpon|0 fnt
|faint|p2a: Ogerpon
|
|upkeep
|
|t:|1779670613
|switch|p2a: Lycanroc|Lycanroc-Dusk, F|68/100
|-damage|p2a: Lycanroc|56/100|[from] Stealth Rock
|-damage|p2a: Lycanroc|39/100|[from] Spikes
|turn|42
|
|t:|1779670618
|move|p2a: Lycanroc|Swords Dance|p2a: Lycanroc
|-boost|p2a: Lycanroc|atk|2
|move|p1a: Lokix|Knock Off|p2a: Lycanroc
|-damage|p2a: Lycanroc|0 fnt
|-enditem|p2a: Lycanroc|Life Orb|[from] move: Knock Off|[of] p1a: Lokix
|faint|p2a: Lycanroc
|
|win|gyhe
|raw|gyhe's rating: 1699 &rarr; <strong>1720</strong><br />(+21 for winning)
|raw|James2464's rating: 1708 &rarr; <strong>1687</strong><br />(-21 for losing)
|l|☆James2464
|player|p2|
