|j|☆IsaiahZX7
|j|☆ykurryt
|t:|1779624214
|gametype|singles
|player|p1|IsaiahZX7|cynthia-gen4|1114
|player|p2|ykurryt|266|1080
|gen|9
|tier|[Gen 9] OU
|rated|
|rule|HP Percentage Mod: HP is shown in percentages
|rule|Endless Battle Clause: Forcing endless battles is banned
|rule|Species Clause: Limit one of each Pokémon
|rule|OHKO Clause: OHKO moves are banned
|rule|Evasion Items Clause: Evasion items are banned
|rule|Evasion Moves Clause: Evasion moves are banned
|rule|Evasion Abilities Clause: Evasion abilities are banned
|rule|Sleep Moves Clause: Sleep-inducing moves are banned
|clearpoke
|poke|p1|Weavile, M|
|poke|p1|Moltres|
|poke|p1|Ogerpon-Wellspring, F|
|poke|p1|Great Tusk|
|poke|p1|Gholdengo|
|poke|p1|Zamazenta-*|
|poke|p2|Glimmora, F|
|poke|p2|Ceruledge, M|
|poke|p2|Samurott-Hisui, F|
|poke|p2|Dragonite, M|
|poke|p2|Iron Valiant|
|poke|p2|Pawmot, M|
|teampreview
|
|t:|1779624238
|teamsize|p1|6
|teamsize|p2|6
|start
|switch|p1a: Great Tusk|Great Tusk|100/100
|switch|p2a: Glimmora|Glimmora, F|100/100
|turn|1
|
|t:|1779624249
|move|p1a: Great Tusk|Stealth Rock|p2a: Glimmora
|-sidestart|p2: ykurryt|move: Stealth Rock
|move|p2a: Glimmora|Stealth Rock|p1a: Great Tusk
|-sidestart|p1: IsaiahZX7|move: Stealth Rock
|
|upkeep
|turn|2
|
|t:|1779624259
|move|p1a: Great Tusk|Ice Spinner|p2a: Glimmora
|-damage|p2a: Glimmora|64/100
|-activate|p2a: Glimmora|ability: Toxic Debris
|-sidestart|p1: IsaiahZX7|move: Toxic Spikes
|move|p2a: Glimmora|Mortal Spin|p1a: Great Tusk
|-resisted|p1a: Great Tusk
|-damage|p1a: Great Tusk|98/100
|-status|p1a: Great Tusk|psn
|-damage|p2a: Glimmora|48/100|[from] item: Rocky Helmet|[of] p1a: Great Tusk
|-sideend|p2: ykurryt|Stealth Rock|[from] move: Mortal Spin|[of] p2a: Glimmora
|
|-damage|p1a: Great Tusk|86/100 psn|[from] psn
|upkeep
|turn|3
|
|t:|1779624277
|move|p1a: Great Tusk|Rapid Spin|p2a: Glimmora
|-resisted|p2a: Glimmora
|-damage|p2a: Glimmora|38/100
|-boost|p1a: Great Tusk|spe|1
|-activate|p2a: Glimmora|ability: Toxic Debris
|-sidestart|p1: IsaiahZX7|move: Toxic Spikes
|-sideend|p1: IsaiahZX7|Toxic Spikes|[from] move: Rapid Spin|[of] p1a: Great Tusk
|-sideend|p1: IsaiahZX7|Stealth Rock|[from] move: Rapid Spin|[of] p1a: Great Tusk
|move|p2a: Glimmora|Spikes|p1a: Great Tusk
|-sidestart|p1: IsaiahZX7|Spikes
|
|-damage|p1a: Great Tusk|73/100 psn|[from] psn
|upkeep
|turn|4
|
|t:|1779624292
|switch|p2a: Samurott|Samurott-Hisui, F|100/100
|move|p1a: Great Tusk|Headlong Rush|p2a: Samurott
|-damage|p2a: Samurott|24/100
|-unboost|p1a: Great Tusk|def|1
|-unboost|p1a: Great Tusk|spd|1
|
|-damage|p1a: Great Tusk|61/100 psn|[from] psn
|upkeep
|turn|5
|
|t:|1779624305
|move|p1a: Great Tusk|Headlong Rush|p2a: Samurott
|-damage|p2a: Samurott|0 fnt
|-unboost|p1a: Great Tusk|def|1
|-unboost|p1a: Great Tusk|spd|1
|faint|p2a: Samurott
|
|-damage|p1a: Great Tusk|48/100 psn|[from] psn
|upkeep
|
|t:|1779624316
|switch|p2a: Ceruledge|Ceruledge, M|100/100
|turn|6
|
|t:|1779624321
|move|p1a: Great Tusk|Headlong Rush|p2a: Ceruledge
|-supereffective|p2a: Ceruledge
|-enditem|p2a: Ceruledge|Focus Sash
|-damage|p2a: Ceruledge|1/100
|-unboost|p1a: Great Tusk|def|1
|-unboost|p1a: Great Tusk|spd|1
|-ability|p2a: Ceruledge|Weak Armor|boost
|-unboost|p2a: Ceruledge|def|1
|-boost|p2a: Ceruledge|spe|2
|move|p2a: Ceruledge|Swords Dance|p2a: Ceruledge
|-boost|p2a: Ceruledge|atk|2
|
|-damage|p1a: Great Tusk|36/100 psn|[from] psn
|upkeep
|turn|7
|
|t:|1779624336
|-end|p1a: Great Tusk|Protosynthesis|[silent]
|switch|p1a: Moltres|Moltres|100/100
|move|p2a: Ceruledge|Bitter Blade|p1a: Moltres
|-resisted|p1a: Moltres
|-damage|p1a: Moltres|55/100
|-heal|p2a: Ceruledge|31/100|[from] drain|[of] p1a: Moltres
|
|upkeep
|turn|8
|
|t:|1779624347
|move|p2a: Ceruledge|Destiny Bond|p2a: Ceruledge
|-singlemove|p2a: Ceruledge|Destiny Bond
|move|p1a: Moltres|Scorching Sands|p2a: Ceruledge
|-supereffective|p2a: Ceruledge
|-damage|p2a: Ceruledge|0 fnt
|faint|p2a: Ceruledge
|-activate|p2a: Ceruledge|move: Destiny Bond
|faint|p1a: Moltres
|
|upkeep
|
|t:|1779624361
|switch|p2a: Pawmot|Pawmot, M|100/100
|switch|p1a: Great Tusk|Great Tusk|36/100 psn
|-damage|p1a: Great Tusk|24/100 psn|[from] Spikes
|turn|9
|
|t:|1779624371
|move|p2a: Pawmot|Fake Out|p1a: Great Tusk
|-damage|p1a: Great Tusk|16/100 psn
|-damage|p2a: Pawmot|84/100|[from] item: Rocky Helmet|[of] p1a: Great Tusk
|cant|p1a: Great Tusk|flinch
|
|-damage|p1a: Great Tusk|3/100 psn|[from] psn
|upkeep
|turn|10
|
|t:|1779624382
|move|p2a: Pawmot|Revival Blessing|p2a: Pawmot
|-enditem|p2a: Pawmot|Leppa Berry|[eat]
|-activate|p2a: Pawmot|item: Leppa Berry|Revival Blessing|[consumed]
|
|t:|1779624392
|-heal|p2: Ceruledge|50/100|[from] move: Revival Blessing
|move|p1a: Great Tusk|Headlong Rush|p2a: Pawmot
|-supereffective|p2a: Pawmot
|-damage|p2a: Pawmot|0 fnt
|-unboost|p1a: Great Tusk|def|1
|-unboost|p1a: Great Tusk|spd|1
|faint|p2a: Pawmot
|
|-damage|p1a: Great Tusk|0 fnt|[from] psn
|faint|p1a: Great Tusk
|-end|p1a: Great Tusk|Protosynthesis|[silent]
|upkeep
|
|t:|1779624408
|switch|p2a: Glimmora|Glimmora, F|38/100
|switch|p1a: Weavile|Weavile, M|100/100
|-ability|p1a: Weavile|Pressure
|turn|11
|
|t:|1779624417
|move|p1a: Weavile|Knock Off|p2a: Glimmora
|-damage|p2a: Glimmora|0 fnt
|-activate|p2a: Glimmora|ability: Toxic Debris
|-sidestart|p1: IsaiahZX7|move: Toxic Spikes
|-enditem|p2a: Glimmora|Focus Sash|[from] move: Knock Off|[of] p1a: Weavile
|faint|p2a: Glimmora
|
|upkeep
|
|t:|1779624430
|switch|p2a: Iron Valiant|Iron Valiant|100/100
|-enditem|p2a: Iron Valiant|Booster Energy
|-activate|p2a: Iron Valiant|ability: Quark Drive|[fromitem]
|-start|p2a: Iron Valiant|quarkdrivespe
|turn|12
|
|t:|1779624443
|switch|p1a: Ogerpon|Ogerpon-Wellspring, F|100/100
|-damage|p1a: Ogerpon|88/100|[from] Spikes
|-status|p1a: Ogerpon|psn
|move|p2a: Iron Valiant|Close Combat|p1a: Ogerpon
|-damage|p1a: Ogerpon|32/100 psn
|-unboost|p2a: Iron Valiant|def|1
|-unboost|p2a: Iron Valiant|spd|1
|
|-damage|p1a: Ogerpon|20/100 psn|[from] psn
|upkeep
|turn|13
|
|t:|1779624459
|-end|p2a: Iron Valiant|Quark Drive|[silent]
|switch|p2a: Dragonite|Dragonite, M|100/100
|move|p1a: Ogerpon|Horn Leech|p2a: Dragonite
|-resisted|p2a: Dragonite
|-damage|p2a: Dragonite|93/100
|-heal|p1a: Ogerpon|24/100 psn|[from] drain|[of] p2a: Dragonite
|
|-damage|p1a: Ogerpon|11/100 psn|[from] psn
|upkeep
|turn|14
|
|t:|1779624471
|-terastallize|p2a: Dragonite|Normal
|move|p1a: Ogerpon|Ivy Cudgel|p2a: Dragonite|[anim] Ivy Cudgel Water
|-damage|p2a: Dragonite|28/100
|move|p2a: Dragonite|Dragon Dance|p2a: Dragonite
|-boost|p2a: Dragonite|atk|1
|-boost|p2a: Dragonite|spe|1
|
|-damage|p1a: Ogerpon|0 fnt|[from] psn
|faint|p1a: Ogerpon
|upkeep
|
|t:|1779624487
|switch|p1a: Gholdengo|Gholdengo|100/100
|-damage|p1a: Gholdengo|88/100|[from] Spikes
|turn|15
|
|t:|1779624494
|move|p1a: Gholdengo|Make It Rain|p2a: Dragonite
|-damage|p2a: Dragonite|0 fnt
|-unboost|p1a: Gholdengo|spa|1
|faint|p2a: Dragonite
|
|upkeep
|
|t:|1779624504
|switch|p2a: Ceruledge|Ceruledge, M|50/100
|turn|16
|
|t:|1779624515
|switch|p1a: Zamazenta|Zamazenta|100/100
|-damage|p1a: Zamazenta|88/100|[from] Spikes
|-status|p1a: Zamazenta|psn
|-ability|p1a: Zamazenta|Dauntless Shield|boost
|-boost|p1a: Zamazenta|def|1
|move|p2a: Ceruledge|Destiny Bond|p2a: Ceruledge
|-singlemove|p2a: Ceruledge|Destiny Bond
|
|-damage|p1a: Zamazenta|76/100 psn|[from] psn
|upkeep
|turn|17
|
|t:|1779624530
|move|p1a: Zamazenta|Iron Defense|p1a: Zamazenta
|-boost|p1a: Zamazenta|def|2
|move|p2a: Ceruledge|Bitter Blade|p1a: Zamazenta
|-damage|p1a: Zamazenta|61/100 psn
|-heal|p2a: Ceruledge|60/100|[from] drain|[of] p1a: Zamazenta
|
|-damage|p1a: Zamazenta|48/100 psn|[from] psn
|upkeep
|turn|18
|
|t:|1779624540
|move|p1a: Zamazenta|Crunch|p2a: Ceruledge
|-supereffective|p2a: Ceruledge
|-damage|p2a: Ceruledge|0 fnt
|faint|p2a: Ceruledge
|
|-damage|p1a: Zamazenta|36/100 psn|[from] psn
|upkeep
|
|t:|1779624548
|switch|p2a: Iron Valiant|Iron Valiant|100/100
|turn|19
|
|t:|1779624559
|move|p1a: Zamazenta|Body Press|p2a: Iron Valiant
|-resisted|p2a: Iron Valiant
|-damage|p2a: Iron Valiant|41/100
|move|p2a: Iron Valiant|Moonblast|p1a: Zamazenta
|-supereffective|p1a: Zamazenta
|-damage|p1a: Zamazenta|0 fnt
|faint|p1a: Zamazenta
|
|upkeep
|
|t:|1779624561
|switch|p1a: Gholdengo|Gholdengo|88/100
|-damage|p1a: Gholdengo|76/100|[from] Spikes
|turn|20
|
|t:|1779624574
|move|p1a: Gholdengo|Make It Rain|p2a: Iron Valiant
|-supereffective|p2a: Iron Valiant
|-damage|p2a: Iron Valiant|0 fnt
|-unboost|p1a: Gholdengo|spa|1
|faint|p2a: Iron Valiant
|-end|p2a: Iron Valiant|Quark Drive|[silent]
|
|win|IsaiahZX7
|raw|IsaiahZX7's rating: 1143 &rarr; <strong>1164</strong><br />(+21 for winning)
|raw|ykurryt's rating: 1080 &rarr; <strong>1062</strong><br />(-18 for losing)
