|j|☆PBTUCAZ
|j|‽pomegranatevgc
|t:|1779699759
|gametype|singles
|player|p1|PBTUCAZ|backpacker|1165
|player|p2|pomegranatevgc|101|1153
|gen|9
|tier|[Gen 9] OU
|rated|
|rule|HP Percentage Mod: HP is shown in percentages
|rule|Endless Battle Clause: Forcing endless battles is banned
|rule|Species Clause: Limit one of each Pokémon
|rule|OHKO Clause: OHKO moves are banned
|rule|Evasion Items Clause: Evasion items are banned
|rule|Evasion Moves Clause: Evasion moves are banned
|rule|Evasion Abilities Clause: Evasion abilities are banned
|rule|Sleep Moves Clause: Sleep-inducing moves are banned
|clearpoke
|poke|p1|Zapdos|
|poke|p1|Kleavor, M|
|poke|p1|Azumarill, M|
|poke|p1|Zarude|
|poke|p1|Heatran, M|
|poke|p1|Porygon-Z|
|poke|p2|Kingambit, F|
|poke|p2|Landorus-Therian, M|
|poke|p2|Dragapult, F|
|poke|p2|Iron Moth|
|poke|p2|Greninja-*, M|
|poke|p2|Regieleki|
|teampreview
|
|t:|1779699766
|teamsize|p1|6
|teamsize|p2|6
|start
|switch|p1a: Kleavor|Kleavor, M|100/100
|switch|p2a: Greninja|Greninja, M|100/100
|turn|1
|
|t:|1779699779
|-terastallize|p1a: Kleavor|Bug
|move|p2a: Greninja|Surf|p1a: Kleavor
|-start|p2a: Greninja|typechange|Water|[from] ability: Protean
|-damage|p1a: Kleavor|34/100
|-damage|p2a: Greninja|91/100|[from] item: Life Orb
|move|p1a: Kleavor|U-turn|p2a: Greninja
|-damage|p2a: Greninja|21/100
|
|t:|1779699789
|switch|p1a: Azumarill|Azumarill, M|100/100|[from] U-turn
|
|upkeep
|turn|2
|
|t:|1779699795
|move|p2a: Greninja|Sludge Wave|p1a: Azumarill
|-supereffective|p1a: Azumarill
|-damage|p1a: Azumarill|26/100
|-damage|p2a: Greninja|11/100|[from] item: Life Orb
|move|p1a: Azumarill|Liquidation|p2a: Greninja
|-resisted|p2a: Greninja
|-damage|p2a: Greninja|0 fnt
|faint|p2a: Greninja
|
|upkeep
|
|t:|1779699805
|switch|p2a: Regieleki|Regieleki|100/100
|-item|p2a: Regieleki|Air Balloon
|turn|3
|
|t:|1779699813
|switch|p1a: Zarude|Zarude|100/100
|move|p2a: Regieleki|Thunder Cage|p1a: Zarude
|-resisted|p1a: Zarude
|-damage|p1a: Zarude|82/100
|-activate|p1a: Zarude|move: Thunder Cage|[of] p2a: Regieleki
|
|-heal|p1a: Zarude|88/100|[from] item: Leftovers
|-damage|p1a: Zarude|75/100|[from] move: Thunder Cage|[partiallytrapped]
|upkeep
|turn|4
|
|t:|1779699825
|move|p2a: Regieleki|Extreme Speed|p1a: Zarude
|-damage|p1a: Zarude|62/100
|move|p1a: Zarude|Knock Off|p2a: Regieleki
|-damage|p2a: Regieleki|0 fnt
|-enditem|p2a: Regieleki|Air Balloon
|faint|p2a: Regieleki
|
|-heal|p1a: Zarude|68/100|[from] item: Leftovers
|-end|p1a: Zarude|Thunder Cage|[partiallytrapped]|[silent]
|upkeep
|
|t:|1779699836
|switch|p2a: Iron Moth|Iron Moth|100/100
|turn|5
|
|t:|1779699840
|move|p2a: Iron Moth|Dazzling Gleam|p1a: Zarude
|-supereffective|p1a: Zarude
|-damage|p1a: Zarude|20/100
|move|p1a: Zarude|Knock Off|p2a: Iron Moth
|-damage|p2a: Iron Moth|10/100
|-enditem|p2a: Iron Moth|Power Herb|[from] move: Knock Off|[of] p1a: Zarude
|
|-heal|p1a: Zarude|26/100|[from] item: Leftovers
|upkeep
|turn|6
|
|t:|1779699850
|move|p2a: Iron Moth|Dazzling Gleam|p1a: Zarude
|-supereffective|p1a: Zarude
|-damage|p1a: Zarude|0 fnt
|faint|p1a: Zarude
|
|upkeep
|
|t:|1779699855
|switch|p1a: Porygon-Z|Porygon-Z|100/100
|turn|7
|
|t:|1779699861
|move|p2a: Iron Moth|Dazzling Gleam|p1a: Porygon-Z
|-damage|p1a: Porygon-Z|63/100
|move|p1a: Porygon-Z|Nasty Plot|p1a: Porygon-Z
|-boost|p1a: Porygon-Z|spa|2
|
|upkeep
|turn|8
|
|t:|1779699868
|move|p2a: Iron Moth|Dazzling Gleam|p1a: Porygon-Z
|-damage|p1a: Porygon-Z|19/100
|-enditem|p1a: Porygon-Z|Salac Berry|[eat]
|-boost|p1a: Porygon-Z|spe|1|[from] item: Salac Berry
|move|p1a: Porygon-Z|Tri Attack|p2a: Iron Moth
|-damage|p2a: Iron Moth|0 fnt
|faint|p2a: Iron Moth
|-end|p2a: Iron Moth|Quark Drive|[silent]
|
|upkeep
|
|t:|1779699876
|switch|p2a: Landorus|Landorus-Therian, M|100/100
|-ability|p2a: Landorus|Intimidate|boost
|-unboost|p1a: Porygon-Z|atk|1
|turn|9
|
|t:|1779699881
|move|p2a: Landorus|Earthquake|p1a: Porygon-Z
|-crit|p1a: Porygon-Z
|-damage|p1a: Porygon-Z|0 fnt
|faint|p1a: Porygon-Z
|
|upkeep
|
|t:|1779699887
|switch|p1a: Zapdos|Zapdos|100/100
|-ability|p1a: Zapdos|Pressure
|turn|10
|
|t:|1779699906
|switch|p2a: Dragapult|Dragapult, F|100/100
|move|p1a: Zapdos|Thunderbolt|p2a: Dragapult
|-resisted|p2a: Dragapult
|-damage|p2a: Dragapult|69/100
|-damage|p1a: Zapdos|91/100|[from] item: Life Orb
|
|upkeep
|turn|11
|
|t:|1779699921
|move|p2a: Dragapult|Night Shade|p1a: Zapdos
|-damage|p1a: Zapdos|59/100
|move|p1a: Zapdos|Thunderbolt|p2a: Dragapult
|-resisted|p2a: Dragapult
|-damage|p2a: Dragapult|35/100
|-damage|p1a: Zapdos|49/100|[from] item: Life Orb
|
|upkeep
|turn|12
|
|t:|1779699929
|move|p2a: Dragapult|Dragon Darts|p1a: Zapdos
|-damage|p1a: Zapdos|23/100
|-anim|p2a: Dragapult|Dragon Darts|p1a: Zapdos
|-damage|p1a: Zapdos|0 fnt
|faint|p1a: Zapdos
|
|upkeep
|
|t:|1779699936
|switch|p1a: Heatran|Heatran, M|100/100
|turn|13
|
|t:|1779699940
|move|p2a: Dragapult|Thunder Wave|p1a: Heatran
|-status|p1a: Heatran|par
|cant|p1a: Heatran|par
|
|upkeep
|turn|14
|
|t:|1779699946
|move|p2a: Dragapult|Hex|p1a: Heatran
|-damage|p1a: Heatran|56/100 par
|cant|p1a: Heatran|par
|
|upkeep
|turn|15
|
|t:|1779699952
|switch|p2a: Landorus|Landorus-Therian, M|100/100
|-ability|p2a: Landorus|Intimidate|boost
|-unboost|p1a: Heatran|atk|1
|move|p1a: Heatran|Flash Cannon|p2a: Landorus
|-damage|p2a: Landorus|42/100
|
|upkeep
|turn|16
|
|t:|1779699960
|move|p2a: Landorus|Earthquake|p1a: Heatran
|-supereffective|p1a: Heatran
|-damage|p1a: Heatran|0 fnt
|faint|p1a: Heatran
|
|upkeep
|
|t:|1779699965
|switch|p1a: Azumarill|Azumarill, M|26/100
|turn|17
|
|t:|1779699969
|move|p1a: Azumarill|Aqua Jet|p2a: Landorus
|-supereffective|p2a: Landorus
|-damage|p2a: Landorus|0 fnt
|faint|p2a: Landorus
|
|upkeep
|
|t:|1779699976
|switch|p2a: Kingambit|Kingambit, F|100/100
|-activate|p2a: Kingambit|ability: Supreme Overlord
|-start|p2a: Kingambit|fallen4|[silent]
|turn|18
|
|t:|1779699985
|switch|p1a: Kleavor|Kleavor, M, tera:Bug|34/100
|move|p2a: Kingambit|Sucker Punch||[still]
|-fail|p2a: Kingambit
|
|upkeep
|turn|19
|
|t:|1779699992
|-terastallize|p2a: Kingambit|Ghost
|move|p1a: Kleavor|Close Combat|p2a: Kingambit
|-immune|p2a: Kingambit
|move|p2a: Kingambit|Kowtow Cleave|p1a: Kleavor
|-damage|p1a: Kleavor|0 fnt
|faint|p1a: Kleavor
|
|upkeep
|
|t:|1779700001
|switch|p1a: Azumarill|Azumarill, M|26/100
|turn|20
|
|t:|1779700005
|move|p1a: Azumarill|Aqua Jet|p2a: Kingambit
|-damage|p2a: Kingambit|75/100
|move|p2a: Kingambit|Sucker Punch||[still]
|-fail|p2a: Kingambit
|
|upkeep
|turn|21
|
|t:|1779700013
|move|p1a: Azumarill|Aqua Jet|p2a: Kingambit
|-damage|p2a: Kingambit|48/100
|move|p2a: Kingambit|Kowtow Cleave|p1a: Azumarill
|-resisted|p1a: Azumarill
|-damage|p1a: Azumarill|0 fnt
|faint|p1a: Azumarill
|
|win|pomegranatevgc
|raw|PBTUCAZ's rating: 1165 &rarr; <strong>1139</strong><br />(-26 for losing)
|raw|pomegranatevgc's rating: 1153 &rarr; <strong>1179</strong><br />(+26 for winning)
|l|☆PBTUCAZ
|player|p1|
|l|‽pomegranatevgc
|player|p2|
