|j|☆jazzbucket
|j|☆louwilliamzz
|t:|1779661856
|gametype|singles
|player|p1|jazzbucket|sabrina|1424
|player|p2|louwilliamzz|266|1391
|gen|9
|tier|[Gen 9] OU
|rated|
|rule|HP Percentage Mod: HP is shown in percentages
|rule|Endless Battle Clause: Forcing endless battles is banned
|rule|Species Clause: Limit one of each Pokémon
|rule|OHKO Clause: OHKO moves are banned
|rule|Evasion Items Clause: Evasion items are banned
|rule|Evasion Moves Clause: Evasion moves are banned
|rule|Evasion Abilities Clause: Evasion abilities are banned
|rule|Sleep Moves Clause: Sleep-inducing moves are banned
|clearpoke
|poke|p1|Great Tusk|
|poke|p1|Heatran, F|
|poke|p1|Gholdengo|
|poke|p1|Ogerpon-Wellspring, F|
|poke|p1|Iron Valiant|
|poke|p1|Dragapult, M|
|poke|p2|Pelipper, M|
|poke|p2|Barraskewda, M|
|poke|p2|Regieleki|
|poke|p2|Ludicolo, M|
|poke|p2|Iron Treads|
|poke|p2|Hydreigon, M|
|teampreview
|inactive|Battle timer is ON: inactive players will automatically lose when time's up. (requested by louwilliamzz)
|c|☆jazzbucket|shout out Lou Will Ville
|
|t:|1779661874
|teamsize|p1|6
|teamsize|p2|6
|start
|switch|p1a: Dragapult|Dragapult, M|100/100
|switch|p2a: Regieleki|Regieleki|100/100
|turn|1
|c|☆louwilliamzz|yerrr
|
|t:|1779661885
|move|p2a: Regieleki|Light Screen|p2a: Regieleki
|-sidestart|p2: louwilliamzz|move: Light Screen
|move|p1a: Dragapult|U-turn|p2a: Regieleki
|-crit|p2a: Regieleki
|-damage|p2a: Regieleki|60/100
|
|t:|1779661894
|switch|p1a: Heatran|Heatran, F|100/100|[from] U-turn
|
|upkeep
|turn|2
|
|t:|1779661900
|move|p2a: Regieleki|Volt Switch|p1a: Heatran
|-crit|p1a: Heatran
|-damage|p1a: Heatran|66/100
|
|t:|1779661906
|switch|p2a: Pelipper|Pelipper, M|100/100|[from] Volt Switch
|-weather|RainDance|[from] ability: Drizzle|[of] p2a: Pelipper
|move|p1a: Heatran|Magma Storm|p2a: Pelipper
|-resisted|p2a: Pelipper
|-damage|p2a: Pelipper|92/100
|-activate|p2a: Pelipper|move: Magma Storm|[of] p1a: Heatran
|
|-weather|RainDance|[upkeep]
|-heal|p1a: Heatran|72/100|[from] item: Leftovers
|-damage|p2a: Pelipper|79/100|[from] move: Magma Storm|[partiallytrapped]
|upkeep
|turn|3
|
|t:|1779661922
|switch|p1a: Ogerpon|Ogerpon-Wellspring, F|100/100
|move|p2a: Pelipper|Knock Off|p1a: Ogerpon
|-damage|p1a: Ogerpon|89/100
|
|-weather|RainDance|[upkeep]
|-end|p2a: Pelipper|Magma Storm|[partiallytrapped]|[silent]
|upkeep
|turn|4
|
|t:|1779661938
|move|p1a: Ogerpon|Spikes|p2a: Pelipper
|-sidestart|p2: louwilliamzz|Spikes
|move|p2a: Pelipper|Hurricane|p1a: Ogerpon
|-supereffective|p1a: Ogerpon
|-damage|p1a: Ogerpon|9/100
|
|-weather|RainDance|[upkeep]
|upkeep
|turn|5
|
|t:|1779661944
|move|p1a: Ogerpon|Knock Off|p2a: Pelipper
|-damage|p2a: Pelipper|49/100
|-enditem|p2a: Pelipper|Damp Rock|[from] move: Knock Off|[of] p1a: Ogerpon
|move|p2a: Pelipper|U-turn|p1a: Ogerpon
|-supereffective|p1a: Ogerpon
|-damage|p1a: Ogerpon|0 fnt
|faint|p1a: Ogerpon
|
|t:|1779661960
|switch|p2a: Ludicolo|Ludicolo, M, shiny|100/100|[from] U-turn
|-damage|p2a: Ludicolo|88/100|[from] Spikes
|
|-weather|RainDance|[upkeep]
|upkeep
|
|t:|1779661971
|switch|p1a: Dragapult|Dragapult, M|100/100
|turn|6
|
|t:|1779661977
|switch|p1a: Heatran|Heatran, F|72/100
|move|p2a: Ludicolo|Ice Beam|p1a: Heatran
|-resisted|p1a: Heatran
|-damage|p1a: Heatran|66/100
|-damage|p2a: Ludicolo|78/100|[from] item: Life Orb
|
|-weather|RainDance|[upkeep]
|-heal|p1a: Heatran|72/100|[from] item: Leftovers
|upkeep
|turn|7
|
|t:|1779661997
|move|p2a: Ludicolo|Weather Ball|p1a: Heatran
|-supereffective|p1a: Heatran
|-damage|p1a: Heatran|0 fnt
|faint|p1a: Heatran
|-damage|p2a: Ludicolo|68/100|[from] item: Life Orb
|
|-weather|RainDance|[upkeep]
|upkeep
|inactive|jazzbucket has 120 seconds left.
|
|t:|1779662014
|switch|p1a: Iron Valiant|Iron Valiant|100/100
|-enditem|p1a: Iron Valiant|Booster Energy
|-activate|p1a: Iron Valiant|ability: Quark Drive|[fromitem]
|-start|p1a: Iron Valiant|quarkdrivespe
|turn|8
|
|t:|1779662021
|move|p1a: Iron Valiant|Calm Mind|p1a: Iron Valiant
|-boost|p1a: Iron Valiant|spa|1
|-boost|p1a: Iron Valiant|spd|1
|move|p2a: Ludicolo|Weather Ball|p1a: Iron Valiant
|-damage|p1a: Iron Valiant|0 fnt
|faint|p1a: Iron Valiant
|-end|p1a: Iron Valiant|Quark Drive|[silent]
|-damage|p2a: Ludicolo|58/100|[from] item: Life Orb
|
|-weather|RainDance|[upkeep]
|-sideend|p2: louwilliamzz|move: Light Screen
|upkeep
|
|t:|1779662027
|switch|p1a: Great Tusk|Great Tusk|100/100
|turn|9
|
|t:|1779662032
|-terastallize|p1a: Great Tusk|Water
|move|p2a: Ludicolo|Weather Ball|p1a: Great Tusk
|-resisted|p1a: Great Tusk
|-damage|p1a: Great Tusk|42/100
|-damage|p2a: Ludicolo|48/100|[from] item: Life Orb
|move|p1a: Great Tusk|Rapid Spin|p2a: Ludicolo
|-damage|p2a: Ludicolo|28/100
|-boost|p1a: Great Tusk|spe|1
|
|-weather|none
|upkeep
|turn|10
|
|t:|1779662041
|switch|p2a: Pelipper|Pelipper, M|49/100
|-weather|RainDance|[from] ability: Drizzle|[of] p2a: Pelipper
|move|p1a: Great Tusk|Knock Off|p2a: Pelipper
|-damage|p2a: Pelipper|36/100
|
|-weather|RainDance|[upkeep]
|upkeep
|turn|11
|
|t:|1779662053
|move|p1a: Great Tusk|Rapid Spin|p2a: Pelipper
|-damage|p2a: Pelipper|24/100
|-boost|p1a: Great Tusk|spe|1
|move|p2a: Pelipper|Hurricane|p1a: Great Tusk
|-damage|p1a: Great Tusk|0 fnt
|faint|p1a: Great Tusk
|-end|p1a: Great Tusk|Protosynthesis|[silent]
|
|-weather|RainDance|[upkeep]
|upkeep
|
|t:|1779662056
|switch|p1a: Dragapult|Dragapult, M|100/100
|turn|12
|
|t:|1779662064
|switch|p2a: Iron Treads|Iron Treads|100/100
|-damage|p2a: Iron Treads|88/100|[from] Spikes
|move|p1a: Dragapult|Shadow Ball|p2a: Iron Treads
|-damage|p2a: Iron Treads|48/100
|
|-weather|RainDance|[upkeep]
|-heal|p2a: Iron Treads|54/100|[from] item: Leftovers
|upkeep
|turn|13
|
|t:|1779662079
|move|p1a: Dragapult|Shadow Ball|p2a: Iron Treads
|-damage|p2a: Iron Treads|13/100
|move|p2a: Iron Treads|Ice Spinner|p1a: Dragapult
|-supereffective|p1a: Dragapult
|-damage|p1a: Dragapult|42/100
|
|-weather|RainDance|[upkeep]
|-heal|p2a: Iron Treads|19/100|[from] item: Leftovers
|upkeep
|turn|14
|
|t:|1779662094
|move|p1a: Dragapult|Shadow Ball|p2a: Iron Treads
|-damage|p2a: Iron Treads|0 fnt
|faint|p2a: Iron Treads
|-end|p2a: Iron Treads|Quark Drive|[silent]
|
|-weather|none
|upkeep
|
|t:|1779662103
|switch|p2a: Pelipper|Pelipper, M|24/100
|-weather|RainDance|[from] ability: Drizzle|[of] p2a: Pelipper
|turn|15
|
|t:|1779662107
|move|p1a: Dragapult|Shadow Ball|p2a: Pelipper
|-damage|p2a: Pelipper|0 fnt
|faint|p2a: Pelipper
|
|-weather|RainDance|[upkeep]
|upkeep
|
|t:|1779662110
|switch|p2a: Ludicolo|Ludicolo, M, shiny|28/100
|-damage|p2a: Ludicolo|15/100|[from] Spikes
|turn|16
|
|t:|1779662115
|switch|p1a: Gholdengo|Gholdengo|100/100
|-item|p1a: Gholdengo|Air Balloon
|move|p2a: Ludicolo|Ice Beam|p1a: Gholdengo
|-resisted|p1a: Gholdengo
|-damage|p1a: Gholdengo|84/100
|-status|p1a: Gholdengo|frz
|-enditem|p1a: Gholdengo|Air Balloon
|-damage|p2a: Ludicolo|5/100|[from] item: Life Orb
|
|-weather|RainDance|[upkeep]
|upkeep
|turn|17
|
|t:|1779662118
|switch|p1a: Dragapult|Dragapult, M|42/100
|move|p2a: Ludicolo|Weather Ball|p1a: Dragapult
|-resisted|p1a: Dragapult
|-damage|p1a: Dragapult|0 fnt
|faint|p1a: Dragapult
|-damage|p2a: Ludicolo|0 fnt|[from] item: Life Orb
|faint|p2a: Ludicolo
|
|-weather|RainDance|[upkeep]
|upkeep
|
|t:|1779662129
|switch|p1a: Gholdengo|Gholdengo|84/100 frz
|switch|p2a: Barraskewda|Barraskewda, M, shiny|100/100
|-damage|p2a: Barraskewda|88/100|[from] Spikes
|turn|18
|
|t:|1779662134
|-terastallize|p2a: Barraskewda|Water
|move|p2a: Barraskewda|Liquidation|p1a: Gholdengo
|-damage|p1a: Gholdengo|0 fnt
|faint|p1a: Gholdengo
|
|win|louwilliamzz
|raw|jazzbucket's rating: 1424 &rarr; <strong>1402</strong><br />(-22 for losing)
|raw|louwilliamzz's rating: 1391 &rarr; <strong>1413</strong><br />(+22 for winning)
|l|☆louwilliamzz
|player|p2|
|l|☆jazzbucket
|player|p1|
