|j|☆Elesa13
|j|☆ANGEL ENGINE
|t:|1779596695
|gametype|singles
|player|p1|Elesa13|skierf|1434
|player|p2|ANGEL ENGINE|lucas|1539
|gen|9
|tier|[Gen 9] OU
|rated|
|rule|HP Percentage Mod: HP is shown in percentages
|rule|Endless Battle Clause: Forcing endless battles is banned
|rule|Species Clause: Limit one of each Pokémon
|rule|OHKO Clause: OHKO moves are banned
|rule|Evasion Items Clause: Evasion items are banned
|rule|Evasion Moves Clause: Evasion moves are banned
|rule|Evasion Abilities Clause: Evasion abilities are banned
|rule|Sleep Moves Clause: Sleep-inducing moves are banned
|clearpoke
|poke|p1|Pincurchin, M|
|poke|p1|Iron Valiant|
|poke|p1|Iron Boulder|
|poke|p1|Iron Moth|
|poke|p1|Iron Treads|
|poke|p1|Alomomola, F|
|poke|p2|Raging Bolt|
|poke|p2|Dragapult, M|
|poke|p2|Garchomp, F|
|poke|p2|Great Tusk|
|poke|p2|Kingambit, F|
|poke|p2|Iron Moth|
|teampreview
|inactive|Battle timer is ON: inactive players will automatically lose when time's up. (requested by ANGEL ENGINE)
|inactive|Elesa13 has 120 seconds left.
|
|t:|1779596733
|teamsize|p1|6
|teamsize|p2|6
|start
|switch|p1a: Iron Valiant|Iron Valiant|100/100
|switch|p2a: Raging Bolt|Raging Bolt|100/100
|-enditem|p2a: Raging Bolt|Booster Energy
|-activate|p2a: Raging Bolt|ability: Protosynthesis|[fromitem]
|-start|p2a: Raging Bolt|protosynthesisspa
|turn|1
|
|t:|1779596745
|move|p2a: Raging Bolt|Thunderclap|p1a: Iron Valiant
|-damage|p1a: Iron Valiant|0 fnt
|faint|p1a: Iron Valiant
|-end|p1a: Iron Valiant|Quark Drive|[silent]
|
|upkeep
|
|t:|1779596748
|switch|p1a: Iron Treads|Iron Treads|100/100
|turn|2
|
|t:|1779596765
|move|p1a: Iron Treads|Rapid Spin|p2a: Raging Bolt
|-damage|p2a: Raging Bolt|85/100
|-boost|p1a: Iron Treads|spe|1
|move|p2a: Raging Bolt|Dragon Pulse|p1a: Iron Treads
|-resisted|p1a: Iron Treads
|-damage|p1a: Iron Treads|72/100
|
|upkeep
|turn|3
|
|t:|1779596774
|move|p1a: Iron Treads|Earthquake|p2a: Raging Bolt
|-supereffective|p2a: Raging Bolt
|-damage|p2a: Raging Bolt|0 fnt
|faint|p2a: Raging Bolt
|-end|p2a: Raging Bolt|Protosynthesis|[silent]
|
|upkeep
|
|t:|1779596783
|switch|p2a: Garchomp|Garchomp, F|100/100
|turn|4
|
|t:|1779596793
|-end|p1a: Iron Treads|Quark Drive|[silent]
|switch|p1a: Alomomola|Alomomola, F|100/100
|move|p2a: Garchomp|Earthquake|p1a: Alomomola
|-damage|p1a: Alomomola|71/100
|
|upkeep
|turn|5
|
|t:|1779596800
|move|p2a: Garchomp|Swords Dance|p2a: Garchomp
|-boost|p2a: Garchomp|atk|2
|move|p1a: Alomomola|Flip Turn|p2a: Garchomp
|-damage|p2a: Garchomp|84/100
|-damage|p1a: Alomomola|59/100|[from] ability: Rough Skin|[of] p2a: Garchomp
|
|t:|1779596825
|switch|p1a: Iron Moth|Iron Moth|100/100|[from] Flip Turn
|
|upkeep
|turn|6
|
|t:|1779596834
|-terastallize|p2a: Garchomp|Fire
|move|p1a: Iron Moth|Sludge Wave|p2a: Garchomp
|-damage|p2a: Garchomp|24/100
|move|p2a: Garchomp|Scale Shot|p1a: Iron Moth
|-damage|p1a: Iron Moth|52/100
|-damage|p1a: Iron Moth|6/100
|-damage|p1a: Iron Moth|0 fnt
|faint|p1a: Iron Moth
|-end|p1a: Iron Moth|Quark Drive|[silent]
|-hitcount|p1: Iron Moth|3
|-unboost|p2a: Garchomp|def|1
|-boost|p2a: Garchomp|spe|1
|
|upkeep
|
|t:|1779596841
|switch|p1a: Pincurchin|Pincurchin, M|100/100
|-fieldstart|move: Electric Terrain|[from] ability: Electric Surge|[of] p1a: Pincurchin
|turn|7
|
|t:|1779596845
|move|p1a: Pincurchin|Sucker Punch|p2a: Garchomp
|-damage|p2a: Garchomp|1/100
|-damage|p1a: Pincurchin|88/100|[from] ability: Rough Skin|[of] p2a: Garchomp
|move|p2a: Garchomp|Scale Shot|p1a: Pincurchin|[miss]
|-miss|p2a: Garchomp|p1a: Pincurchin
|
|upkeep
|turn|8
|
|t:|1779596863
|move|p1a: Pincurchin|Sucker Punch||[still]
|-fail|p1a: Pincurchin
|move|p2a: Garchomp|Swords Dance|p2a: Garchomp
|-boost|p2a: Garchomp|atk|2
|
|upkeep
|turn|9
|
|t:|1779596868
|move|p1a: Pincurchin|Sucker Punch||[still]
|-fail|p1a: Pincurchin
|move|p2a: Garchomp|Swords Dance|p2a: Garchomp
|-boost|p2a: Garchomp|atk|2
|
|upkeep
|turn|10
|
|t:|1779596871
|move|p1a: Pincurchin|Sucker Punch|p2a: Garchomp
|-damage|p2a: Garchomp|0 fnt
|-damage|p1a: Pincurchin|76/100|[from] ability: Rough Skin|[of] p2a: Garchomp
|faint|p2a: Garchomp
|
|upkeep
|
|t:|1779596896
|switch|p2a: Dragapult|Dragapult, M|100/100
|turn|11
|
|t:|1779596901
|switch|p1a: Alomomola|Alomomola, F|92/100
|move|p2a: Dragapult|Will-O-Wisp|p1a: Alomomola
|-status|p1a: Alomomola|brn
|
|-damage|p1a: Alomomola|86/100 brn|[from] brn
|upkeep
|turn|12
|
|t:|1779596914
|switch|p1a: Pincurchin|Pincurchin, M|76/100
|move|p2a: Dragapult|Hex|p1a: Pincurchin
|-damage|p1a: Pincurchin|44/100
|
|upkeep
|turn|13
|
|t:|1779596920
|move|p2a: Dragapult|Dragon Darts|p1a: Pincurchin
|-damage|p1a: Pincurchin|22/100
|-anim|p2a: Dragapult|Dragon Darts|p1a: Pincurchin
|-damage|p1a: Pincurchin|2/100
|move|p1a: Pincurchin|Thunder Wave|p2a: Dragapult
|-status|p2a: Dragapult|par
|
|upkeep
|turn|14
|
|t:|1779596925
|switch|p1a: Alomomola|Alomomola, F|100/100 brn
|move|p2a: Dragapult|Dragon Darts|p1a: Alomomola
|-damage|p1a: Alomomola|89/100 brn
|-anim|p2a: Dragapult|Dragon Darts|p1a: Alomomola
|-damage|p1a: Alomomola|79/100 brn
|
|-damage|p1a: Alomomola|73/100 brn|[from] brn
|-fieldend|move: Electric Terrain
|upkeep
|turn|15
|
|t:|1779596929
|switch|p1a: Pincurchin|Pincurchin, M|2/100
|-fieldstart|move: Electric Terrain|[from] ability: Electric Surge|[of] p1a: Pincurchin
|move|p2a: Dragapult|Hex|p1a: Pincurchin
|-damage|p1a: Pincurchin|0 fnt
|faint|p1a: Pincurchin
|
|upkeep
|
|t:|1779596933
|switch|p1a: Iron Treads|Iron Treads|72/100
|-activate|p1a: Iron Treads|ability: Quark Drive
|-start|p1a: Iron Treads|quarkdriveatk
|turn|16
|
|t:|1779596938
|move|p1a: Iron Treads|Earthquake|p2a: Dragapult
|-damage|p2a: Dragapult|13/100 par
|move|p2a: Dragapult|Will-O-Wisp|p1a: Iron Treads
|-status|p1a: Iron Treads|brn
|
|-damage|p1a: Iron Treads|66/100 brn|[from] brn
|upkeep
|turn|17
|
|t:|1779596942
|move|p1a: Iron Treads|Earthquake|p2a: Dragapult
|-damage|p2a: Dragapult|0 fnt
|faint|p2a: Dragapult
|
|-damage|p1a: Iron Treads|60/100 brn|[from] brn
|upkeep
|
|t:|1779596945
|switch|p2a: Kingambit|Kingambit, F|100/100
|-activate|p2a: Kingambit|ability: Supreme Overlord
|-start|p2a: Kingambit|fallen3|[silent]
|-item|p2a: Kingambit|Air Balloon
|turn|18
|
|t:|1779596950
|move|p1a: Iron Treads|Volt Switch|p2a: Kingambit
|-damage|p2a: Kingambit|85/100
|-enditem|p2a: Kingambit|Air Balloon
|
|t:|1779596953
|-end|p1a: Iron Treads|Quark Drive|[silent]
|switch|p1a: Alomomola|Alomomola, F|100/100 brn|[from] Volt Switch
|move|p2a: Kingambit|Swords Dance|p2a: Kingambit
|-boost|p2a: Kingambit|atk|2
|
|-damage|p1a: Alomomola|94/100 brn|[from] brn
|upkeep
|turn|19
|
|t:|1779596956
|move|p2a: Kingambit|Swords Dance|p2a: Kingambit
|-boost|p2a: Kingambit|atk|2
|move|p1a: Alomomola|Flip Turn|p2a: Kingambit
|-damage|p2a: Kingambit|79/100
|
|t:|1779596958
|switch|p1a: Iron Boulder|Iron Boulder|100/100|[from] Flip Turn
|-activate|p1a: Iron Boulder|ability: Quark Drive
|-start|p1a: Iron Boulder|quarkdrivespe
|
|upkeep
|turn|20
|
|t:|1779596966
|-terastallize|p1a: Iron Boulder|Fighting
|move|p1a: Iron Boulder|Close Combat|p2a: Kingambit
|-supereffective|p2a: Kingambit
|-damage|p2a: Kingambit|0 fnt
|-unboost|p1a: Iron Boulder|def|1
|-unboost|p1a: Iron Boulder|spd|1
|faint|p2a: Kingambit
|-end|p2a: Kingambit|fallen3|[silent]
|-damage|p1a: Iron Boulder|91/100|[from] item: Life Orb
|
|upkeep
|
|t:|1779596975
|switch|p2a: Great Tusk|Great Tusk|100/100
|-enditem|p2a: Great Tusk|Booster Energy
|-activate|p2a: Great Tusk|ability: Protosynthesis|[fromitem]
|-start|p2a: Great Tusk|protosynthesisspe
|turn|21
|
|t:|1779596979
|-end|p1a: Iron Boulder|Quark Drive|[silent]
|switch|p1a: Alomomola|Alomomola, F|100/100 brn
|move|p2a: Great Tusk|Headlong Rush|p1a: Alomomola
|-damage|p1a: Alomomola|72/100 brn
|-unboost|p2a: Great Tusk|def|1
|-unboost|p2a: Great Tusk|spd|1
|-damage|p2a: Great Tusk|84/100|[from] item: Rocky Helmet|[of] p1a: Alomomola
|
|-damage|p1a: Alomomola|66/100 brn|[from] brn
|upkeep
|turn|22
|
|t:|1779596991
|-end|p2a: Great Tusk|Protosynthesis|[silent]
|switch|p2a: Iron Moth|Iron Moth|100/100
|-activate|p2a: Iron Moth|ability: Quark Drive
|-start|p2a: Iron Moth|quarkdrivespe
|move|p1a: Alomomola|Flip Turn|p2a: Iron Moth
|-supereffective|p2a: Iron Moth
|-damage|p2a: Iron Moth|79/100
|
|t:|1779596993
|switch|p1a: Iron Boulder|Iron Boulder, tera:Fighting|91/100|[from] Flip Turn
|-activate|p1a: Iron Boulder|ability: Quark Drive
|-start|p1a: Iron Boulder|quarkdrivespe
|
|-fieldend|move: Electric Terrain
|-end|p1a: Iron Boulder|Quark Drive
|-end|p2a: Iron Moth|Quark Drive
|upkeep
|-enditem|p2a: Iron Moth|Booster Energy
|-activate|p2a: Iron Moth|ability: Quark Drive|[fromitem]
|-start|p2a: Iron Moth|quarkdrivespe
|turn|23
|
|t:|1779597000
|move|p2a: Iron Moth|Fiery Dance|p1a: Iron Boulder
|-damage|p1a: Iron Boulder|52/100
|-boost|p2a: Iron Moth|spa|1
|move|p1a: Iron Boulder|Mighty Cleave|p2a: Iron Moth
|-supereffective|p2a: Iron Moth
|-damage|p2a: Iron Moth|0 fnt
|faint|p2a: Iron Moth
|-end|p2a: Iron Moth|Quark Drive|[silent]
|-damage|p1a: Iron Boulder|42/100|[from] item: Life Orb
|
|upkeep
|
|t:|1779597008
|switch|p2a: Great Tusk|Great Tusk|84/100
|turn|24
|
|t:|1779597015
|-end|p1a: Iron Boulder|Quark Drive|[silent]
|switch|p1a: Alomomola|Alomomola, F|99/100 brn
|move|p2a: Great Tusk|Rapid Spin|p1a: Alomomola
|-damage|p1a: Alomomola|91/100 brn
|-boost|p2a: Great Tusk|spe|1
|-damage|p2a: Great Tusk|67/100|[from] item: Rocky Helmet|[of] p1a: Alomomola
|
|-damage|p1a: Alomomola|85/100 brn|[from] brn
|upkeep
|turn|25
|
|t:|1779597020
|move|p2a: Great Tusk|Knock Off|p1a: Alomomola
|-damage|p1a: Alomomola|70/100 brn
|-damage|p2a: Great Tusk|51/100|[from] item: Rocky Helmet|[of] p1a: Alomomola
|-enditem|p1a: Alomomola|Rocky Helmet|[from] move: Knock Off|[of] p2a: Great Tusk
|move|p1a: Alomomola|Wish|p1a: Alomomola
|
|-damage|p1a: Alomomola|64/100 brn|[from] brn
|upkeep
|turn|26
|
|t:|1779597027
|move|p2a: Great Tusk|Rapid Spin|p1a: Alomomola
|-damage|p1a: Alomomola|56/100 brn
|-boost|p2a: Great Tusk|spe|1
|move|p1a: Alomomola|Scald|p2a: Great Tusk
|-supereffective|p2a: Great Tusk
|-damage|p2a: Great Tusk|18/100
|
|-heal|p1a: Alomomola|100/100 brn|[from] move: Wish|[wisher] Alomomola
|-damage|p1a: Alomomola|94/100 brn|[from] brn
|upkeep
|turn|27
|-message|ANGEL ENGINE forfeited.
|
|win|Elesa13
|raw|Elesa13's rating: 1434 &rarr; <strong>1460</strong><br />(+26 for winning)
|raw|ANGEL ENGINE's rating: 1539 &rarr; <strong>1513</strong><br />(-26 for losing)
|l|☆ANGEL ENGINE
|player|p2|
