|j|☆wesstine
|j|☆my shitters
|t:|1779593052
|gametype|singles
|player|p1|wesstine|twins|1282
|player|p2|my shitters|preschooler|1258
|gen|9
|tier|[Gen 9] OU
|rated|
|rule|HP Percentage Mod: HP is shown in percentages
|rule|Endless Battle Clause: Forcing endless battles is banned
|rule|Species Clause: Limit one of each Pokémon
|rule|OHKO Clause: OHKO moves are banned
|rule|Evasion Items Clause: Evasion items are banned
|rule|Evasion Moves Clause: Evasion moves are banned
|rule|Evasion Abilities Clause: Evasion abilities are banned
|rule|Sleep Moves Clause: Sleep-inducing moves are banned
|clearpoke
|poke|p1|Corviknight, F|
|poke|p1|Iron Treads|
|poke|p1|Sinistcha|
|poke|p1|Deoxys-Speed|
|poke|p1|Tinkaton, F|
|poke|p1|Blissey, F|
|poke|p2|Sableye, M|
|poke|p2|Glastrier|
|poke|p2|Alcremie-Ruby-Swirl, F|
|poke|p2|Ursaring, F|
|poke|p2|Primeape, M|
|poke|p2|Vikavolt, M|
|teampreview
|inactive|Battle timer is ON: inactive players will automatically lose when time's up. (requested by wesstine)
|inactive|my shitters also wants the timer to be on.
|inactive|my shitters has 120 seconds left.
|
|t:|1779593085
|teamsize|p1|6
|teamsize|p2|6
|start
|switch|p1a: Oyajide|Sinistcha|100/100
|switch|p2a: Only4CubanLinx|Ursaring, F|100/100
|turn|1
|
|t:|1779593098
|move|p2a: Only4CubanLinx|Swords Dance|p2a: Only4CubanLinx
|-boost|p2a: Only4CubanLinx|atk|2
|move|p1a: Oyajide|Calm Mind|p1a: Oyajide
|-boost|p1a: Oyajide|spa|1
|-boost|p1a: Oyajide|spd|1
|
|-status|p2a: Only4CubanLinx|brn|[from] item: Flame Orb
|upkeep
|turn|2
|
|t:|1779593108
|move|p2a: Only4CubanLinx|Throat Chop|p1a: Oyajide
|-supereffective|p1a: Oyajide
|-damage|p1a: Oyajide|0 fnt
|faint|p1a: Oyajide
|
|-damage|p2a: Only4CubanLinx|94/100 brn|[from] brn
|upkeep
|
|t:|1779593117
|switch|p1a: Falco|Corviknight, F|100/100
|-ability|p1a: Falco|Pressure
|turn|3
|
|t:|1779593131
|move|p2a: Only4CubanLinx|Facade|p1a: Falco
|-resisted|p1a: Falco
|-damage|p1a: Falco|21/100
|-damage|p2a: Only4CubanLinx|78/100 brn|[from] item: Rocky Helmet|[of] p1a: Falco
|move|p1a: Falco|Iron Defense|p1a: Falco
|-boost|p1a: Falco|def|2
|
|-damage|p2a: Only4CubanLinx|72/100 brn|[from] brn
|upkeep
|turn|4
|inactive|wesstine has 120 seconds left.
|
|t:|1779593172
|move|p2a: Only4CubanLinx|Facade|p1a: Falco
|-resisted|p1a: Falco
|-damage|p1a: Falco|0 fnt
|-damage|p2a: Only4CubanLinx|55/100 brn|[from] item: Rocky Helmet|[of] p1a: Falco
|faint|p1a: Falco
|
|-damage|p2a: Only4CubanLinx|49/100 brn|[from] brn
|upkeep
|
|t:|1779593179
|switch|p1a: Amy|Tinkaton, F|100/100
|-ability|p1a: Amy|Mold Breaker
|turn|5
|
|t:|1779593184
|move|p1a: Amy|Gigaton Hammer|p2a: Only4CubanLinx
|-damage|p2a: Only4CubanLinx|0 fnt
|faint|p2a: Only4CubanLinx
|
|upkeep
|
|t:|1779593195
|switch|p2a: FLYGOD|Vikavolt, M|100/100
|turn|6
|
|t:|1779593199
|move|p1a: Amy|Knock Off|p2a: FLYGOD
|-damage|p2a: FLYGOD|78/100
|-enditem|p2a: FLYGOD|Choice Specs|[from] move: Knock Off|[of] p1a: Amy
|move|p2a: FLYGOD|Volt Switch|p1a: Amy
|-damage|p1a: Amy|55/100
|
|t:|1779593210
|switch|p2a: IceBallRun|Glastrier|100/100|[from] Volt Switch
|
|upkeep
|turn|7
|
|t:|1779593213
|move|p1a: Amy|Gigaton Hammer|p2a: IceBallRun
|-supereffective|p2a: IceBallRun
|-damage|p2a: IceBallRun|14/100
|move|p2a: IceBallRun|High Horsepower|p1a: Amy
|-supereffective|p1a: Amy
|-damage|p1a: Amy|0 fnt
|faint|p1a: Amy
|-ability|p2a: IceBallRun|Chilling Neigh|boost
|-boost|p2a: IceBallRun|atk|1
|
|upkeep
|
|t:|1779593219
|switch|p1a: Zim|Deoxys-Speed|100/100
|-ability|p1a: Zim|Pressure
|turn|8
|
|t:|1779593224
|move|p1a: Zim|Drain Punch|p2a: IceBallRun
|-supereffective|p2a: IceBallRun
|-damage|p2a: IceBallRun|0 fnt
|faint|p2a: IceBallRun
|-damage|p1a: Zim|91/100|[from] item: Life Orb
|
|upkeep
|
|t:|1779593229
|switch|p2a: 💎Posting|Sableye, M|100/100
|turn|9
|
|t:|1779593249
|switch|p1a: Kanae|Blissey, F, shiny|100/100
|move|p2a: 💎Posting|Light Screen|p2a: 💎Posting
|-sidestart|p2: my shitters|move: Light Screen
|
|upkeep
|turn|10
|
|t:|1779593256
|move|p2a: 💎Posting|Taunt|p1a: Kanae
|-start|p1a: Kanae|move: Taunt
|move|p1a: Kanae|Ice Beam|p2a: 💎Posting
|-damage|p2a: 💎Posting|83/100
|-status|p2a: 💎Posting|frz
|
|upkeep
|turn|11
|
|t:|1779593264
|switch|p1a: Zim|Deoxys-Speed|91/100
|-ability|p1a: Zim|Pressure
|switch|p2a: PonnieColeman|Primeape, M|100/100
|
|upkeep
|turn|12
|
|t:|1779593275
|move|p1a: Zim|Psycho Boost|p2a: PonnieColeman|[miss]
|-miss|p1a: Zim|p2a: PonnieColeman
|move|p2a: PonnieColeman|Rage Fist|p1a: Zim
|-supereffective|p1a: Zim
|-damage|p1a: Zim|53/100
|
|upkeep
|turn|13
|
|t:|1779593284
|move|p1a: Zim|Nasty Plot|p1a: Zim
|-boost|p1a: Zim|spa|2
|move|p2a: PonnieColeman|Rage Fist|p1a: Zim
|-supereffective|p1a: Zim
|-damage|p1a: Zim|15/100
|
|upkeep
|turn|14
|
|t:|1779593288
|switch|p2a: 💎Posting|Sableye, M|83/100 frz
|move|p1a: Zim|Psycho Boost|p2a: 💎Posting
|-immune|p2a: 💎Posting
|
|upkeep
|turn|15
|
|t:|1779593291
|cant|p2a: 💎Posting|frz
|move|p1a: Zim|Ice Beam|p2a: 💎Posting
|-damage|p2a: 💎Posting|34/100 frz
|-damage|p1a: Zim|5/100|[from] item: Life Orb
|
|upkeep
|turn|16
|
|t:|1779593297
|cant|p2a: 💎Posting|frz
|move|p1a: Zim|Ice Beam|p2a: 💎Posting
|-damage|p2a: 💎Posting|0 fnt
|faint|p2a: 💎Posting
|-damage|p1a: Zim|0 fnt|[from] item: Life Orb
|faint|p1a: Zim
|
|-sideend|p2: my shitters|move: Light Screen
|upkeep
|
|t:|1779593300
|switch|p1a: Treadz|Iron Treads|100/100
|switch|p2a: PonnieColeman|Primeape, M|100/100
|-enditem|p1a: Treadz|Booster Energy
|-activate|p1a: Treadz|ability: Quark Drive|[fromitem]
|-start|p1a: Treadz|quarkdrivespe
|turn|17
|
|t:|1779593305
|-terastallize|p1a: Treadz|Grass
|move|p1a: Treadz|Earthquake|p2a: PonnieColeman
|-damage|p2a: PonnieColeman|49/100
|move|p2a: PonnieColeman|Bulk Up|p2a: PonnieColeman
|-boost|p2a: PonnieColeman|atk|1
|-boost|p2a: PonnieColeman|def|1
|
|upkeep
|turn|18
|
|t:|1779593320
|move|p1a: Treadz|Earthquake|p2a: PonnieColeman
|-damage|p2a: PonnieColeman|18/100
|move|p2a: PonnieColeman|Rest|p2a: PonnieColeman
|-status|p2a: PonnieColeman|slp|[from] move: Rest
|-heal|p2a: PonnieColeman|100/100 slp|[silent]
|
|upkeep
|turn|19
|inactive|wesstine has 120 seconds left.
|
|t:|1779593377
|move|p1a: Treadz|Stone Edge|p2a: PonnieColeman
|-resisted|p2a: PonnieColeman
|-crit|p2a: PonnieColeman
|-damage|p2a: PonnieColeman|77/100 slp
|cant|p2a: PonnieColeman|slp
|
|upkeep
|turn|20
|-message|wesstine forfeited.
|
|win|my shitters
|raw|wesstine's rating: 1282 &rarr; <strong>1255</strong><br />(-27 for losing)
|raw|my shitters's rating: 1258 &rarr; <strong>1285</strong><br />(+27 for winning)
|l|☆wesstine
|player|p1|
