|j|☆Golem Rising
|j|☆ihymyly
|t:|1779686928
|gametype|singles
|player|p1|Golem Rising|bruno|1557
|player|p2|ihymyly|266|1555
|gen|9
|tier|[Gen 9] OU
|rated|
|rule|HP Percentage Mod: HP is shown in percentages
|rule|Endless Battle Clause: Forcing endless battles is banned
|rule|Species Clause: Limit one of each Pokémon
|rule|OHKO Clause: OHKO moves are banned
|rule|Evasion Items Clause: Evasion items are banned
|rule|Evasion Moves Clause: Evasion moves are banned
|rule|Evasion Abilities Clause: Evasion abilities are banned
|rule|Sleep Moves Clause: Sleep-inducing moves are banned
|clearpoke
|poke|p1|Torkoal, M|
|poke|p1|Walking Wake|
|poke|p1|Great Tusk|
|poke|p1|Hatterene, F|
|poke|p1|Ceruledge, M|
|poke|p1|Venusaur, F|
|poke|p2|Darkrai|
|poke|p2|Skarmory, F|
|poke|p2|Great Tusk|
|poke|p2|Latios, M|
|poke|p2|Weavile, M|
|poke|p2|Ogerpon-Wellspring, F|
|teampreview
|
|t:|1779686939
|teamsize|p1|6
|teamsize|p2|6
|start
|switch|p1a: Torkoal|Torkoal, M|100/100
|switch|p2a: Red Bull|Skarmory, F|100/100
|-weather|SunnyDay|[from] ability: Drought|[of] p1a: Torkoal
|turn|1
|
|t:|1779686946
|switch|p2a: Latios|Latios, M|100/100
|move|p1a: Torkoal|Lava Plume|p2a: Latios
|-resisted|p2a: Latios
|-damage|p2a: Latios|81/100
|
|-weather|SunnyDay|[upkeep]
|upkeep
|turn|2
|
|t:|1779686954
|switch|p1a: Hatterene|Hatterene, F|100/100
|move|p2a: Latios|Luster Purge|p1a: Hatterene
|-resisted|p1a: Hatterene
|-damage|p1a: Hatterene|68/100
|-unboost|p1a: Hatterene|spd|1
|-enditem|p1a: Hatterene|Eject Button
|
|t:|1779686961
|switch|p1a: Walking Wake|Walking Wake|100/100
|-activate|p1a: Walking Wake|ability: Protosynthesis
|-start|p1a: Walking Wake|protosynthesisspe
|
|-weather|SunnyDay|[upkeep]
|upkeep
|turn|3
|
|t:|1779686971
|switch|p2a: Red Bull|Skarmory, F|100/100
|move|p1a: Walking Wake|Flip Turn|p2a: Red Bull
|-damage|p2a: Red Bull|96/100
|-damage|p1a: Walking Wake|84/100|[from] item: Rocky Helmet|[of] p2a: Red Bull
|
|t:|1779686977
|-end|p1a: Walking Wake|Protosynthesis|[silent]
|switch|p1a: Venusaur|Venusaur, F|100/100|[from] Flip Turn
|
|-weather|SunnyDay|[upkeep]
|upkeep
|turn|4
|
|t:|1779686981
|move|p1a: Venusaur|Weather Ball|p2a: Red Bull
|-supereffective|p2a: Red Bull
|-damage|p2a: Red Bull|0 fnt
|faint|p2a: Red Bull
|-damage|p1a: Venusaur|91/100|[from] item: Life Orb
|
|-weather|SunnyDay|[upkeep]
|upkeep
|
|t:|1779686986
|switch|p2a: Latios|Latios, M|81/100
|turn|5
|
|t:|1779686991
|switch|p1a: Hatterene|Hatterene, F|68/100
|move|p2a: Latios|Luster Purge|p1a: Hatterene
|-resisted|p1a: Hatterene
|-damage|p1a: Hatterene|35/100
|-unboost|p1a: Hatterene|spd|1
|
|-weather|SunnyDay|[upkeep]
|upkeep
|turn|6
|
|t:|1779686997
|move|p2a: Latios|Luster Purge|p1a: Hatterene
|-resisted|p1a: Hatterene
|-damage|p1a: Hatterene|0 fnt
|faint|p1a: Hatterene
|
|-weather|SunnyDay|[upkeep]
|upkeep
|
|t:|1779687003
|switch|p1a: Ceruledge|Ceruledge, M|100/100
|turn|7
|
|t:|1779687006
|move|p2a: Latios|Draco Meteor|p1a: Ceruledge
|-damage|p1a: Ceruledge|9/100
|-unboost|p2a: Latios|spa|2
|move|p1a: Ceruledge|Poltergeist|p2a: Latios
|-activate|p2a: Latios|move: Poltergeist|Soul Dew
|-supereffective|p2a: Latios
|-damage|p2a: Latios|0 fnt
|faint|p2a: Latios
|
|-weather|SunnyDay|[upkeep]
|upkeep
|
|t:|1779687017
|switch|p2a: almost*evil*jordan|Darkrai, shiny|100/100
|turn|8
|
|t:|1779687024
|move|p1a: Ceruledge|Shadow Sneak|p2a: almost*evil*jordan
|-resisted|p2a: almost*evil*jordan
|-crit|p2a: almost*evil*jordan
|-damage|p2a: almost*evil*jordan|81/100
|move|p2a: almost*evil*jordan|Dark Pulse|p1a: Ceruledge
|-supereffective|p1a: Ceruledge
|-damage|p1a: Ceruledge|0 fnt
|faint|p1a: Ceruledge
|
|-weather|none
|-heal|p2a: almost*evil*jordan|87/100|[from] item: Leftovers
|upkeep
|
|t:|1779687032
|switch|p1a: Torkoal|Torkoal, M|100/100
|-weather|SunnyDay|[from] ability: Drought|[of] p1a: Torkoal
|turn|9
|
|t:|1779687036
|move|p2a: almost*evil*jordan|Nasty Plot|p2a: almost*evil*jordan
|-boost|p2a: almost*evil*jordan|spa|2
|move|p1a: Torkoal|Body Press|p2a: almost*evil*jordan
|-supereffective|p2a: almost*evil*jordan
|-damage|p2a: almost*evil*jordan|14/100
|
|-weather|SunnyDay|[upkeep]
|-heal|p2a: almost*evil*jordan|21/100|[from] item: Leftovers
|upkeep
|turn|10
|
|t:|1779687050
|switch|p1a: Walking Wake|Walking Wake|84/100
|-activate|p1a: Walking Wake|ability: Protosynthesis
|-start|p1a: Walking Wake|protosynthesisspe
|move|p2a: almost*evil*jordan|Dark Pulse|p1a: Walking Wake
|-damage|p1a: Walking Wake|0 fnt
|faint|p1a: Walking Wake
|-end|p1a: Walking Wake|Protosynthesis|[silent]
|
|-weather|SunnyDay|[upkeep]
|-heal|p2a: almost*evil*jordan|27/100|[from] item: Leftovers
|upkeep
|
|t:|1779687060
|switch|p1a: Venusaur|Venusaur, F|91/100
|turn|11
|
|t:|1779687065
|move|p1a: Venusaur|Giga Drain|p2a: almost*evil*jordan
|-damage|p2a: almost*evil*jordan|0 fnt
|-heal|p1a: Venusaur|100/100|[from] drain|[of] p2a: almost*evil*jordan
|faint|p2a: almost*evil*jordan
|-damage|p1a: Venusaur|91/100|[from] item: Life Orb
|
|-weather|SunnyDay|[upkeep]
|upkeep
|
|t:|1779687069
|switch|p2a: Mr. -ice Guy|Weavile, M|100/100
|-ability|p2a: Mr. -ice Guy|Pressure
|turn|12
|
|t:|1779687075
|-terastallize|p1a: Venusaur|Fire
|-terastallize|p2a: Mr. -ice Guy|Ghost
|move|p1a: Venusaur|Giga Drain|p2a: Mr. -ice Guy
|-crit|p2a: Mr. -ice Guy
|-damage|p2a: Mr. -ice Guy|4/100
|-heal|p1a: Venusaur|100/100|[from] drain|[of] p2a: Mr. -ice Guy
|-damage|p1a: Venusaur|91/100|[from] item: Life Orb
|move|p2a: Mr. -ice Guy|Swords Dance|p2a: Mr. -ice Guy
|-boost|p2a: Mr. -ice Guy|atk|2
|
|-weather|SunnyDay|[upkeep]
|upkeep
|turn|13
|
|t:|1779687088
|move|p2a: Mr. -ice Guy|Ice Shard|p1a: Venusaur
|-resisted|p1a: Venusaur
|-damage|p1a: Venusaur|67/100
|move|p1a: Venusaur|Giga Drain|p2a: Mr. -ice Guy
|-damage|p2a: Mr. -ice Guy|0 fnt
|-heal|p1a: Venusaur|69/100|[from] drain|[of] p2a: Mr. -ice Guy
|faint|p2a: Mr. -ice Guy
|-damage|p1a: Venusaur|59/100|[from] item: Life Orb
|
|-weather|SunnyDay|[upkeep]
|upkeep
|
|t:|1779687094
|switch|p2a: Ogerpon|Ogerpon-Wellspring, F|100/100
|turn|14
|
|t:|1779687100
|move|p1a: Venusaur|Weather Ball|p2a: Ogerpon
|-damage|p2a: Ogerpon|0 fnt
|faint|p2a: Ogerpon
|-damage|p1a: Venusaur|49/100|[from] item: Life Orb
|
|-weather|SunnyDay|[upkeep]
|upkeep
|
|t:|1779687104
|switch|p2a: Primal Schnoz|Great Tusk|100/100
|-activate|p2a: Primal Schnoz|ability: Protosynthesis
|-start|p2a: Primal Schnoz|protosynthesisdef
|turn|15
|
|t:|1779687108
|move|p1a: Venusaur|Giga Drain|p2a: Primal Schnoz
|-supereffective|p2a: Primal Schnoz
|-damage|p2a: Primal Schnoz|0 fnt
|-heal|p1a: Venusaur|100/100|[from] drain|[of] p2a: Primal Schnoz
|faint|p2a: Primal Schnoz
|-end|p2a: Primal Schnoz|Protosynthesis|[silent]
|-damage|p1a: Venusaur|91/100|[from] item: Life Orb
|
|win|Golem Rising
|raw|Golem Rising's rating: 1557 &rarr; <strong>1577</strong><br />(+20 for winning)
|raw|ihymyly's rating: 1555 &rarr; <strong>1535</strong><br />(-20 for losing)
|l|☆ihymyly
|player|p2|
|c|☆Golem Rising|gg
|l|☆Golem Rising
|player|p1|
