|j|☆Kogasscarf
|j|☆linosRed
|t:|1779597002
|gametype|singles
|player|p1|Kogasscarf|koga|1352
|player|p2|linosRed|flannery|1432
|gen|9
|tier|[Gen 9] OU
|rated|
|rule|HP Percentage Mod: HP is shown in percentages
|rule|Endless Battle Clause: Forcing endless battles is banned
|rule|Species Clause: Limit one of each Pokémon
|rule|OHKO Clause: OHKO moves are banned
|rule|Evasion Items Clause: Evasion items are banned
|rule|Evasion Moves Clause: Evasion moves are banned
|rule|Evasion Abilities Clause: Evasion abilities are banned
|rule|Sleep Moves Clause: Sleep-inducing moves are banned
|clearpoke
|poke|p1|Zamazenta-*|
|poke|p1|Ceruledge, M|
|poke|p1|Enamorus, F|
|poke|p1|Cinderace, F|
|poke|p1|Latias, F|
|poke|p1|Iron Treads|
|poke|p2|Great Tusk|
|poke|p2|Walking Wake|
|poke|p2|Kingambit, M|
|poke|p2|Venusaur, F|
|poke|p2|Ninetales, M|
|poke|p2|Raging Bolt|
|teampreview
|inactive|Battle timer is ON: inactive players will automatically lose when time's up. (requested by Kogasscarf)
|
|t:|1779597023
|teamsize|p1|6
|teamsize|p2|6
|start
|switch|p1a: Latias|Latias, F|100/100
|switch|p2a: Ninetales|Ninetales, M|100/100
|-weather|SunnyDay|[from] ability: Drought|[of] p2a: Ninetales
|turn|1
|j| Brazilian Boys
|c| Brazilian Boys|Oi Linos
|inactive|linosRed has 120 seconds left.
|c|☆linosRed|kkkkkkk
|c| Brazilian Boys|Br ou aí
|c|☆linosRed|vou dormi ja
|inactive|linosRed has 90 seconds left.
|c| Brazilian Boys|A última
|
|t:|1779597101
|switch|p2a: Kingambit|Kingambit, M|100/100
|-item|p2a: Kingambit|Air Balloon
|move|p1a: Latias|Calm Mind|p1a: Latias
|-boost|p1a: Latias|spa|1
|-boost|p1a: Latias|spd|1
|
|-weather|SunnyDay|[upkeep]
|upkeep
|turn|2
|inactive|Kogasscarf has 120 seconds left.
|
|t:|1779597132
|-terastallize|p1a: Latias|Dragon
|move|p1a: Latias|Aura Sphere|p2a: Kingambit
|-supereffective|p2a: Kingambit
|-damage|p2a: Kingambit|0 fnt
|-enditem|p2a: Kingambit|Air Balloon
|faint|p2a: Kingambit
|-end|p2a: Kingambit|fallenundefined|[silent]
|
|-weather|SunnyDay|[upkeep]
|upkeep
|
|t:|1779597141
|switch|p2a: Venusaur|Venusaur, F|100/100
|turn|3
|inactive|Kogasscarf has 120 seconds left.
|
|t:|1779597148
|-terastallize|p2a: Venusaur|Fire
|move|p2a: Venusaur|Growth|p2a: Venusaur
|-boost|p2a: Venusaur|atk|2
|-boost|p2a: Venusaur|spa|2
|move|p1a: Latias|Mist Ball|p2a: Venusaur
|-damage|p2a: Venusaur|10/100
|
|-weather|SunnyDay|[upkeep]
|upkeep
|turn|4
|inactive|Kogasscarf has 120 seconds left.
|
|t:|1779597163
|switch|p1a: Iron Treads|Iron Treads|100/100
|move|p2a: Venusaur|Sludge Bomb|p1a: Iron Treads
|-immune|p1a: Iron Treads
|
|-weather|SunnyDay|[upkeep]
|upkeep
|turn|5
|inactive|Kogasscarf has 120 seconds left.
|
|t:|1779597175
|move|p2a: Venusaur|Giga Drain|p1a: Iron Treads
|-damage|p1a: Iron Treads|0 fnt
|-heal|p2a: Venusaur|64/100|[from] drain|[of] p1a: Iron Treads
|faint|p1a: Iron Treads
|-end|p1a: Iron Treads|Quark Drive|[silent]
|-damage|p2a: Venusaur|54/100|[from] item: Life Orb
|
|-weather|SunnyDay|[upkeep]
|upkeep
|
|t:|1779597184
|switch|p1a: Latias|Latias, F, tera:Dragon|100/100
|turn|6
|inactive|Kogasscarf has 120 seconds left.
|inactive|linosRed has 90 seconds left.
|
|t:|1779597196
|move|p2a: Venusaur|Weather Ball|p1a: Latias
|-resisted|p1a: Latias
|-damage|p1a: Latias|29/100
|-damage|p2a: Venusaur|44/100|[from] item: Life Orb
|move|p1a: Latias|Mist Ball|p2a: Venusaur
|-damage|p2a: Venusaur|0 fnt
|faint|p2a: Venusaur
|
|-weather|SunnyDay|[upkeep]
|upkeep
|c| Brazilian Boys|Time no click do Caraí
|
|t:|1779597208
|switch|p2a: Walking Wake|Walking Wake|100/100
|-activate|p2a: Walking Wake|ability: Protosynthesis
|-start|p2a: Walking Wake|protosynthesisspe
|turn|7
|
|t:|1779597211
|move|p2a: Walking Wake|Hydro Steam|p1a: Latias
|-resisted|p1a: Latias
|-damage|p1a: Latias|0 fnt
|faint|p1a: Latias
|
|-weather|SunnyDay|[upkeep]
|upkeep
|c| Brazilian Boys|Aceita aí
|
|t:|1779597227
|switch|p1a: Enamorus|Enamorus, F|100/100
|turn|8
|inactive|linosRed has 90 seconds left.
|
|t:|1779597260
|move|p2a: Walking Wake|Hydro Steam|p1a: Enamorus
|-damage|p1a: Enamorus|13/100
|move|p1a: Enamorus|Moonblast|p2a: Walking Wake
|-supereffective|p2a: Walking Wake
|-damage|p2a: Walking Wake|0 fnt
|faint|p2a: Walking Wake
|-end|p2a: Walking Wake|Protosynthesis|[silent]
|
|-weather|none
|upkeep
|
|t:|1779597266
|switch|p2a: Ninetales|Ninetales, M|100/100
|-weather|SunnyDay|[from] ability: Drought|[of] p2a: Ninetales
|turn|9
|
|t:|1779597269
|move|p1a: Enamorus|Earth Power|p2a: Ninetales
|-supereffective|p2a: Ninetales
|-damage|p2a: Ninetales|22/100
|move|p2a: Ninetales|Weather Ball|p1a: Enamorus
|-damage|p1a: Enamorus|0 fnt
|faint|p1a: Enamorus
|
|-weather|SunnyDay|[upkeep]
|upkeep
|
|t:|1779597277
|switch|p1a: Ceruledge|Ceruledge, M|100/100
|turn|10
|inactive|linosRed has 90 seconds left.
|
|t:|1779597293
|move|p2a: Ninetales|Weather Ball|p1a: Ceruledge
|-resisted|p1a: Ceruledge
|-damage|p1a: Ceruledge|79/100
|move|p1a: Ceruledge|Swords Dance|p1a: Ceruledge
|-boost|p1a: Ceruledge|atk|2
|
|-weather|SunnyDay|[upkeep]
|upkeep
|turn|11
|inactive|linosRed has 90 seconds left.
|
|t:|1779597302
|move|p2a: Ninetales|Weather Ball|p1a: Ceruledge
|-resisted|p1a: Ceruledge
|-damage|p1a: Ceruledge|60/100
|move|p1a: Ceruledge|Bitter Blade|p2a: Ninetales
|-resisted|p2a: Ninetales
|-damage|p2a: Ninetales|0 fnt
|-heal|p1a: Ceruledge|71/100|[from] drain|[of] p2a: Ninetales
|faint|p2a: Ninetales
|
|-weather|SunnyDay|[upkeep]
|upkeep
|inactive|linosRed has 90 seconds left.
|
|t:|1779597312
|switch|p2a: Raging Bolt|Raging Bolt|100/100
|-item|p2a: Raging Bolt|Air Balloon
|-activate|p2a: Raging Bolt|ability: Protosynthesis
|-start|p2a: Raging Bolt|protosynthesisspa
|turn|12
|
|t:|1779597321
|move|p2a: Raging Bolt|Thunderbolt|p1a: Ceruledge
|-damage|p1a: Ceruledge|0 fnt
|faint|p1a: Ceruledge
|
|-weather|SunnyDay|[upkeep]
|upkeep
|
|t:|1779597326
|switch|p1a: Cinderace|Cinderace, F|100/100
|turn|13
|inactive|linosRed has 90 seconds left.
|
|t:|1779597354
|move|p1a: Cinderace|Pyro Ball|p2a: Raging Bolt
|-resisted|p2a: Raging Bolt
|-damage|p2a: Raging Bolt|57/100
|-status|p2a: Raging Bolt|brn
|-enditem|p2a: Raging Bolt|Air Balloon
|move|p2a: Raging Bolt|Thunderbolt|p1a: Cinderace
|-damage|p1a: Cinderace|9/100
|
|-weather|SunnyDay|[upkeep]
|-damage|p2a: Raging Bolt|51/100 brn|[from] brn
|upkeep
|turn|14
|
|t:|1779597365
|move|p2a: Raging Bolt|Thunderclap|p1a: Cinderace
|-damage|p1a: Cinderace|0 fnt
|faint|p1a: Cinderace
|
|-weather|SunnyDay|[upkeep]
|-damage|p2a: Raging Bolt|45/100 brn|[from] brn
|upkeep
|
|t:|1779597368
|switch|p1a: Zamazenta|Zamazenta|100/100
|-ability|p1a: Zamazenta|Dauntless Shield|boost
|-boost|p1a: Zamazenta|def|1
|turn|15
|
|t:|1779597382
|move|p1a: Zamazenta|Body Press|p2a: Raging Bolt
|-damage|p2a: Raging Bolt|0 fnt
|faint|p2a: Raging Bolt
|-end|p2a: Raging Bolt|Protosynthesis|[silent]
|
|-weather|SunnyDay|[upkeep]
|upkeep
|
|t:|1779597385
|switch|p2a: Great Tusk|Great Tusk|100/100
|-activate|p2a: Great Tusk|ability: Protosynthesis
|-start|p2a: Great Tusk|protosynthesisatk
|turn|16
|
|t:|1779597388
|move|p1a: Zamazenta|Iron Defense|p1a: Zamazenta
|-boost|p1a: Zamazenta|def|2
|move|p2a: Great Tusk|Headlong Rush|p1a: Zamazenta
|-damage|p1a: Zamazenta|78/100
|-unboost|p2a: Great Tusk|def|1
|-unboost|p2a: Great Tusk|spd|1
|
|-weather|none
|-end|p2a: Great Tusk|Protosynthesis
|-heal|p1a: Zamazenta|84/100|[from] item: Leftovers
|upkeep
|turn|17
|c|☆Kogasscarf|gg
|-message|linosRed forfeited.
|
|win|Kogasscarf
|raw|Kogasscarf's rating: 1352 &rarr; <strong>1375</strong><br />(+23 for winning)
|raw|linosRed's rating: 1410 &rarr; <strong>1387</strong><br />(-23 for losing)
|l|☆linosRed
|player|p2|
|l|☆Kogasscarf
|player|p1|
