|j|☆likerobocop
|j|‽repete64
|t:|1779564373
|gametype|singles
|player|p1|likerobocop|leaf-masters2|1595
|player|p2|repete64|102|1543
|gen|9
|tier|[Gen 9] OU
|rated|
|rule|HP Percentage Mod: HP is shown in percentages
|rule|Endless Battle Clause: Forcing endless battles is banned
|rule|Species Clause: Limit one of each Pokémon
|rule|OHKO Clause: OHKO moves are banned
|rule|Evasion Items Clause: Evasion items are banned
|rule|Evasion Moves Clause: Evasion moves are banned
|rule|Evasion Abilities Clause: Evasion abilities are banned
|rule|Sleep Moves Clause: Sleep-inducing moves are banned
|clearpoke
|poke|p1|Landorus-Therian, M|
|poke|p1|Gholdengo|
|poke|p1|Rillaboom, F|
|poke|p1|Walking Wake|
|poke|p1|Volcanion|
|poke|p1|Zamazenta-*|
|poke|p2|Pelipper, M|
|poke|p2|Iron Treads|
|poke|p2|Serperior, F|
|poke|p2|Manaphy|
|poke|p2|Darkrai|
|poke|p2|Tinkaton, F|
|teampreview
|inactive|Battle timer is ON: inactive players will automatically lose when time's up. (requested by repete64)
|inactive|likerobocop has 120 seconds left.
|
|t:|1779564420
|teamsize|p1|6
|teamsize|p2|6
|start
|switch|p1a: Volcanion|Volcanion|100/100
|switch|p2a: Tinkaton|Tinkaton, F|100/100
|-ability|p2a: Tinkaton|Mold Breaker
|-item|p2a: Tinkaton|Air Balloon
|turn|1
|
|t:|1779564427
|switch|p1a: Gholdengo|Gholdengo|100/100
|move|p2a: Tinkaton|Thunder Wave|p1a: Gholdengo
|-status|p1a: Gholdengo|par
|
|upkeep
|turn|2
|
|t:|1779564435
|move|p2a: Tinkaton|Stealth Rock|p1a: Gholdengo
|-sidestart|p1: likerobocop|move: Stealth Rock
|move|p1a: Gholdengo|Shadow Ball|p2a: Tinkaton
|-damage|p2a: Tinkaton|69/100
|-enditem|p2a: Tinkaton|Air Balloon
|
|upkeep
|turn|3
|
|t:|1779564442
|move|p2a: Tinkaton|Encore|p1a: Gholdengo
|-start|p1a: Gholdengo|Encore
|cant|p1a: Gholdengo|par
|
|upkeep
|turn|4
|
|t:|1779564448
|switch|p2a: Darkrai|Darkrai|100/100
|move|p1a: Gholdengo|Shadow Ball|p2a: Darkrai
|-resisted|p2a: Darkrai
|-damage|p2a: Darkrai|73/100
|-unboost|p2a: Darkrai|spd|1
|
|upkeep
|turn|5
|
|t:|1779564454
|switch|p1a: Volcanion|Volcanion|100/100
|-damage|p1a: Volcanion|76/100|[from] Stealth Rock
|move|p2a: Darkrai|Knock Off|p1a: Volcanion
|-damage|p1a: Volcanion|45/100
|-enditem|p1a: Volcanion|Shuca Berry|[from] move: Knock Off|[of] p2a: Darkrai
|
|upkeep
|turn|6
|
|t:|1779564458
|move|p2a: Darkrai|Dark Pulse|p1a: Volcanion
|-damage|p1a: Volcanion|0 fnt
|faint|p1a: Volcanion
|
|upkeep
|
|t:|1779564468
|switch|p1a: Zamazenta|Zamazenta|100/100
|-damage|p1a: Zamazenta|94/100|[from] Stealth Rock
|-ability|p1a: Zamazenta|Dauntless Shield|boost
|-boost|p1a: Zamazenta|def|1
|turn|7
|
|t:|1779564489
|switch|p2a: Pelipper|Pelipper, M|100/100
|-weather|RainDance|[from] ability: Drizzle|[of] p2a: Pelipper
|switch|p1a: Walking Wake|Walking Wake|100/100
|-damage|p1a: Walking Wake|88/100|[from] Stealth Rock
|-enditem|p1a: Walking Wake|Booster Energy
|-activate|p1a: Walking Wake|ability: Protosynthesis|[fromitem]
|-start|p1a: Walking Wake|protosynthesisspa
|
|-weather|RainDance|[upkeep]
|upkeep
|turn|8
|
|t:|1779564498
|switch|p2a: Tinkaton|Tinkaton, F|69/100
|-ability|p2a: Tinkaton|Mold Breaker
|move|p1a: Walking Wake|Agility|p1a: Walking Wake
|-boost|p1a: Walking Wake|spe|2
|
|-weather|RainDance|[upkeep]
|upkeep
|turn|9
|
|t:|1779564504
|move|p1a: Walking Wake|Surf|p2a: Tinkaton
|-damage|p2a: Tinkaton|0 fnt
|faint|p2a: Tinkaton
|
|-weather|RainDance|[upkeep]
|upkeep
|
|t:|1779564509
|switch|p2a: Serperior|Serperior, F|100/100
|turn|10
|
|t:|1779564539
|move|p1a: Walking Wake|Dragon Pulse|p2a: Serperior
|-damage|p2a: Serperior|39/100
|move|p2a: Serperior|Glare|p1a: Walking Wake
|-status|p1a: Walking Wake|par
|
|-weather|RainDance|[upkeep]
|-heal|p2a: Serperior|46/100|[from] item: Leftovers
|upkeep
|turn|11
|
|t:|1779564552
|move|p2a: Serperior|Substitute|p2a: Serperior
|-start|p2a: Serperior|Substitute
|-damage|p2a: Serperior|21/100
|move|p1a: Walking Wake|Dragon Pulse|p2a: Serperior
|-end|p2a: Serperior|Substitute
|
|-weather|none
|-heal|p2a: Serperior|27/100|[from] item: Leftovers
|upkeep
|turn|12
|
|t:|1779564560
|move|p2a: Serperior|Substitute|p2a: Serperior
|-start|p2a: Serperior|Substitute
|-damage|p2a: Serperior|2/100
|move|p1a: Walking Wake|Dragon Pulse|p2a: Serperior
|-end|p2a: Serperior|Substitute
|
|-heal|p2a: Serperior|8/100|[from] item: Leftovers
|upkeep
|turn|13
|
|t:|1779564564
|move|p2a: Serperior|Leech Seed|p1a: Walking Wake
|-start|p1a: Walking Wake|move: Leech Seed
|move|p1a: Walking Wake|Dragon Pulse|p2a: Serperior
|-damage|p2a: Serperior|0 fnt
|faint|p2a: Serperior
|
|upkeep
|
|t:|1779564569
|switch|p2a: Darkrai|Darkrai|73/100
|turn|14
|
|t:|1779564573
|move|p2a: Darkrai|Dark Pulse|p1a: Walking Wake
|-damage|p1a: Walking Wake|28/100 par
|cant|p1a: Walking Wake|par
|
|-damage|p1a: Walking Wake|15/100 par|[from] Leech Seed|[of] p2a: Darkrai
|-heal|p2a: Darkrai|88/100|[silent]
|upkeep
|turn|15
|
|t:|1779564580
|move|p2a: Darkrai|Knock Off|p1a: Walking Wake
|-damage|p1a: Walking Wake|0 fnt
|faint|p1a: Walking Wake
|-end|p1a: Walking Wake|Protosynthesis|[silent]
|
|upkeep
|inactive|likerobocop has 120 seconds left.
|
|t:|1779564611
|switch|p1a: Rillaboom|Rillaboom, F|100/100
|-damage|p1a: Rillaboom|88/100|[from] Stealth Rock
|-fieldstart|move: Grassy Terrain|[from] ability: Grassy Surge|[of] p1a: Rillaboom
|turn|16
|
|t:|1779564623
|-terastallize|p1a: Rillaboom|Dark
|move|p2a: Darkrai|Ice Beam|p1a: Rillaboom
|-damage|p1a: Rillaboom|47/100
|move|p1a: Rillaboom|Swords Dance|p1a: Rillaboom
|-boost|p1a: Rillaboom|atk|2
|
|-heal|p2a: Darkrai|94/100|[from] Grassy Terrain
|-heal|p1a: Rillaboom|53/100|[from] Grassy Terrain
|upkeep
|turn|17
|
|t:|1779564631
|-terastallize|p2a: Darkrai|Poison
|move|p1a: Rillaboom|Grassy Glide|p2a: Darkrai
|-resisted|p2a: Darkrai
|-damage|p2a: Darkrai|29/100
|-damage|p1a: Rillaboom|43/100|[from] item: Life Orb
|move|p2a: Darkrai|Ice Beam|p1a: Rillaboom
|-damage|p1a: Rillaboom|2/100
|
|-heal|p2a: Darkrai|35/100|[from] Grassy Terrain
|-heal|p1a: Rillaboom|9/100|[from] Grassy Terrain
|upkeep
|turn|18
|
|t:|1779564639
|move|p2a: Darkrai|Sucker Punch|p1a: Rillaboom
|-resisted|p1a: Rillaboom
|-damage|p1a: Rillaboom|0 fnt
|faint|p1a: Rillaboom
|
|-heal|p2a: Darkrai|41/100|[from] Grassy Terrain
|upkeep
|
|t:|1779564645
|switch|p1a: Zamazenta|Zamazenta|94/100
|-damage|p1a: Zamazenta|88/100|[from] Stealth Rock
|turn|19
|
|t:|1779564648
|switch|p2a: Pelipper|Pelipper, M|100/100
|-weather|RainDance|[from] ability: Drizzle|[of] p2a: Pelipper
|move|p1a: Zamazenta|Psychic Fangs|p2a: Pelipper
|-damage|p2a: Pelipper|58/100
|-damage|p1a: Zamazenta|78/100|[from] item: Life Orb
|
|-weather|RainDance|[upkeep]
|-heal|p1a: Zamazenta|84/100|[from] Grassy Terrain
|upkeep
|turn|20
|
|t:|1779564652
|switch|p1a: Gholdengo|Gholdengo|100/100 par
|-damage|p1a: Gholdengo|94/100 par|[from] Stealth Rock
|-enditem|p1a: Gholdengo|Grassy Seed
|-boost|p1a: Gholdengo|def|1|[from] item: Grassy Seed
|move|p2a: Pelipper|Hurricane|p1a: Gholdengo
|-resisted|p1a: Gholdengo
|-damage|p1a: Gholdengo|62/100 par
|
|-weather|RainDance|[upkeep]
|-heal|p1a: Gholdengo|68/100 par|[from] Grassy Terrain
|-fieldend|move: Grassy Terrain
|upkeep
|turn|21
|
|t:|1779564662
|switch|p2a: Iron Treads|Iron Treads|100/100
|-item|p2a: Iron Treads|Air Balloon
|cant|p1a: Gholdengo|par
|
|-weather|RainDance|[upkeep]
|upkeep
|turn|22
|
|t:|1779564673
|switch|p1a: Landorus|Landorus-Therian, M|100/100
|-damage|p1a: Landorus|88/100|[from] Stealth Rock
|-ability|p1a: Landorus|Intimidate|boost
|-unboost|p2a: Iron Treads|atk|1
|move|p2a: Iron Treads|Rapid Spin|p1a: Landorus
|-damage|p1a: Landorus|78/100
|-boost|p2a: Iron Treads|spe|1
|-damage|p2a: Iron Treads|84/100|[from] item: Rocky Helmet|[of] p1a: Landorus
|
|-weather|RainDance|[upkeep]
|upkeep
|turn|23
|
|t:|1779564679
|move|p2a: Iron Treads|Knock Off|p1a: Landorus
|-crit|p1a: Landorus
|-damage|p1a: Landorus|34/100
|-damage|p2a: Iron Treads|67/100|[from] item: Rocky Helmet|[of] p1a: Landorus
|-enditem|p1a: Landorus|Rocky Helmet|[from] move: Knock Off|[of] p2a: Iron Treads
|move|p1a: Landorus|Stealth Rock|p2a: Iron Treads
|-sidestart|p2: repete64|move: Stealth Rock
|
|-weather|none
|upkeep
|turn|24
|
|t:|1779564682
|move|p2a: Iron Treads|Rapid Spin|p1a: Landorus
|-damage|p1a: Landorus|24/100
|-boost|p2a: Iron Treads|spe|1
|-sideend|p2: repete64|Stealth Rock|[from] move: Rapid Spin|[of] p2a: Iron Treads
|move|p1a: Landorus|Earth Power|p2a: Iron Treads
|-immune|p2a: Iron Treads
|
|upkeep
|turn|25
|j| testingrainteam1
|
|t:|1779564685
|move|p2a: Iron Treads|Rapid Spin|p1a: Landorus
|-damage|p1a: Landorus|13/100
|-boost|p2a: Iron Treads|spe|1
|move|p1a: Landorus|U-turn|p2a: Iron Treads
|-resisted|p2a: Iron Treads
|-damage|p2a: Iron Treads|59/100
|-enditem|p2a: Iron Treads|Air Balloon
|
|t:|1779564688
|switch|p1a: Zamazenta|Zamazenta|84/100|[from] U-turn
|-damage|p1a: Zamazenta|78/100|[from] Stealth Rock
|
|upkeep
|turn|26
|
|t:|1779564695
|move|p2a: Iron Treads|Knock Off|p1a: Zamazenta
|-resisted|p1a: Zamazenta
|-damage|p1a: Zamazenta|68/100
|-enditem|p1a: Zamazenta|Life Orb|[from] move: Knock Off|[of] p2a: Iron Treads
|move|p1a: Zamazenta|Close Combat|p2a: Iron Treads
|-supereffective|p2a: Iron Treads
|-damage|p2a: Iron Treads|0 fnt
|-unboost|p1a: Zamazenta|def|1
|-unboost|p1a: Zamazenta|spd|1
|faint|p2a: Iron Treads
|-end|p2a: Iron Treads|Quark Drive|[silent]
|
|upkeep
|
|t:|1779564697
|switch|p2a: Pelipper|Pelipper, M|58/100
|-weather|RainDance|[from] ability: Drizzle|[of] p2a: Pelipper
|turn|27
|
|t:|1779564704
|switch|p1a: Landorus|Landorus-Therian, M|13/100
|-damage|p1a: Landorus|0 fnt|[from] Stealth Rock
|faint|p1a: Landorus
|move|p2a: Pelipper|Weather Ball|p1: Landorus|[notarget]
|-fail|p2a: Pelipper
|
|-weather|RainDance|[upkeep]
|upkeep
|
|t:|1779564707
|switch|p1a: Gholdengo|Gholdengo|68/100 par
|-damage|p1a: Gholdengo|62/100 par|[from] Stealth Rock
|turn|28
|
|t:|1779564709
|move|p2a: Pelipper|Weather Ball|p1a: Gholdengo
|-damage|p1a: Gholdengo|0 fnt
|faint|p1a: Gholdengo
|
|-weather|RainDance|[upkeep]
|upkeep
|l| testingrainteam1
|
|t:|1779564713
|switch|p1a: Zamazenta|Zamazenta|68/100
|-damage|p1a: Zamazenta|62/100|[from] Stealth Rock
|turn|29
|
|t:|1779564717
|move|p1a: Zamazenta|Ice Fang|p2a: Pelipper
|-damage|p2a: Pelipper|34/100
|move|p2a: Pelipper|Weather Ball|p1a: Zamazenta
|-damage|p1a: Zamazenta|0 fnt
|faint|p1a: Zamazenta
|
|win|repete64
|raw|likerobocop's rating: 1595 &rarr; <strong>1572</strong><br />(-23 for losing)
|raw|repete64's rating: 1543 &rarr; <strong>1566</strong><br />(+23 for winning)
|l|☆likerobocop
|player|p1|
|l|‽repete64
|player|p2|
