|j|☆psygoat12
|j|☆Kogasscarf
|t:|1779597431
|gametype|singles
|player|p1|psygoat12|chuck|1386
|player|p2|Kogasscarf|koga|1375
|gen|9
|tier|[Gen 9] OU
|rated|
|rule|HP Percentage Mod: HP is shown in percentages
|rule|Endless Battle Clause: Forcing endless battles is banned
|rule|Species Clause: Limit one of each Pokémon
|rule|OHKO Clause: OHKO moves are banned
|rule|Evasion Items Clause: Evasion items are banned
|rule|Evasion Moves Clause: Evasion moves are banned
|rule|Evasion Abilities Clause: Evasion abilities are banned
|rule|Sleep Moves Clause: Sleep-inducing moves are banned
|clearpoke
|poke|p1|Samurott-Hisui, M|
|poke|p1|Landorus-Therian, M|
|poke|p1|Great Tusk|
|poke|p1|Kingambit, M|
|poke|p1|Gholdengo|
|poke|p1|Ogerpon-Wellspring, F|
|poke|p2|Zamazenta-*|
|poke|p2|Ceruledge, F|
|poke|p2|Enamorus, F|
|poke|p2|Cinderace, M|
|poke|p2|Latias, F|
|poke|p2|Iron Treads|
|teampreview
|inactive|Battle timer is ON: inactive players will automatically lose when time's up. (requested by Kogasscarf)
|
|t:|1779597451
|teamsize|p1|6
|teamsize|p2|6
|start
|switch|p1a: Landorus|Landorus-Therian, M|100/100
|switch|p2a: Latias|Latias, F|100/100
|-ability|p1a: Landorus|Intimidate|boost
|-unboost|p2a: Latias|atk|1
|turn|1
|
|t:|1779597465
|switch|p1a: Samurott|Samurott-Hisui, M|100/100
|move|p2a: Latias|Calm Mind|p2a: Latias
|-boost|p2a: Latias|spa|1
|-boost|p2a: Latias|spd|1
|
|upkeep
|turn|2
|
|t:|1779597479
|-terastallize|p2a: Latias|Fairy
|move|p2a: Latias|Aura Sphere|p1a: Samurott
|-supereffective|p1a: Samurott
|-damage|p1a: Samurott|29/100
|move|p1a: Samurott|Ceaseless Edge|p2a: Latias
|-resisted|p2a: Latias
|-damage|p2a: Latias|75/100
|-sidestart|p2: Kogasscarf|Spikes
|
|upkeep
|turn|3
|inactive|psygoat12 has 120 seconds left.
|
|t:|1779597513
|move|p2a: Latias|Mist Ball|p1a: Samurott
|-immune|p1a: Samurott
|move|p1a: Samurott|Knock Off|p2a: Latias
|-resisted|p2a: Latias
|-damage|p2a: Latias|47/100
|-enditem|p2a: Latias|Soul Dew|[from] move: Knock Off|[of] p1a: Samurott
|
|upkeep
|turn|4
|c|☆Kogasscarf|You’re just better than me
|inactive|psygoat12 has 120 seconds left.
|
|t:|1779597529
|-terastallize|p1a: Samurott|Ghost
|move|p2a: Latias|Aura Sphere|p1a: Samurott
|-immune|p1a: Samurott
|move|p1a: Samurott|Razor Shell|p2a: Latias
|-damage|p2a: Latias|0 fnt
|faint|p2a: Latias
|
|upkeep
|c|☆psygoat12|lol
|inactive|Kogasscarf has 120 seconds left.
|c|☆Kogasscarf|X2
|
|t:|1779597550
|switch|p2a: Enamorus|Enamorus, F|100/100
|turn|5
|inactive|psygoat12 has 120 seconds left.
|
|t:|1779597563
|move|p1a: Samurott|Sucker Punch|p2a: Enamorus
|-resisted|p2a: Enamorus
|-damage|p2a: Enamorus|74/100
|move|p2a: Enamorus|Moonblast|p1a: Samurott
|-damage|p1a: Samurott|0 fnt
|faint|p1a: Samurott
|
|upkeep
|inactive|psygoat12 has 120 seconds left.
|
|t:|1779597578
|switch|p1a: Gholdengo|Gholdengo|100/100
|turn|6
|
|t:|1779597583
|move|p1a: Gholdengo|Make It Rain|p2a: Enamorus
|-supereffective|p2a: Enamorus
|-damage|p2a: Enamorus|0 fnt
|-unboost|p1a: Gholdengo|spa|1
|faint|p2a: Enamorus
|
|upkeep
|
|t:|1779597595
|switch|p2a: Ceruledge|Ceruledge, F|100/100
|turn|7
|
|t:|1779597603
|switch|p1a: Landorus|Landorus-Therian, M|100/100
|-ability|p1a: Landorus|Intimidate|boost
|-unboost|p2a: Ceruledge|atk|1
|move|p2a: Ceruledge|Swords Dance|p2a: Ceruledge
|-boost|p2a: Ceruledge|atk|2
|
|upkeep
|turn|8
|
|t:|1779597622
|move|p1a: Landorus|Earthquake|p2a: Ceruledge
|-supereffective|p2a: Ceruledge
|-damage|p2a: Ceruledge|0 fnt
|faint|p2a: Ceruledge
|
|upkeep
|
|t:|1779597628
|switch|p2a: Cinderace|Cinderace, M|100/100
|turn|9
|
|t:|1779597640
|move|p2a: Cinderace|Will-O-Wisp|p1a: Landorus
|-status|p1a: Landorus|brn
|move|p1a: Landorus|Earthquake|p2a: Cinderace
|-supereffective|p2a: Cinderace
|-damage|p2a: Cinderace|20/100
|
|-damage|p1a: Landorus|95/100 brn|[from] brn
|upkeep
|turn|10
|
|t:|1779597651
|move|p2a: Cinderace|Pyro Ball|p1a: Landorus
|-damage|p1a: Landorus|21/100 brn
|move|p1a: Landorus|Earthquake|p2a: Cinderace
|-supereffective|p2a: Cinderace
|-damage|p2a: Cinderace|0 fnt
|faint|p2a: Cinderace
|
|-damage|p1a: Landorus|15/100 brn|[from] brn
|upkeep
|
|t:|1779597658
|switch|p2a: Zamazenta|Zamazenta|100/100
|-damage|p2a: Zamazenta|88/100|[from] Spikes
|-ability|p2a: Zamazenta|Dauntless Shield|boost
|-boost|p2a: Zamazenta|def|1
|turn|11
|
|t:|1779597667
|move|p2a: Zamazenta|Body Press|p1a: Landorus
|-resisted|p1a: Landorus
|-damage|p1a: Landorus|0 fnt
|-damage|p2a: Zamazenta|72/100|[from] item: Rocky Helmet|[of] p1a: Landorus
|faint|p1a: Landorus
|
|-heal|p2a: Zamazenta|78/100|[from] item: Leftovers
|upkeep
|
|t:|1779597676
|switch|p1a: Gholdengo|Gholdengo|100/100
|turn|12
|
|t:|1779597678
|switch|p2a: Iron Treads|Iron Treads|100/100
|-damage|p2a: Iron Treads|88/100|[from] Spikes
|move|p1a: Gholdengo|Trick|p2a: Iron Treads
|-activate|p1a: Gholdengo|move: Trick|[of] p2a: Iron Treads
|-item|p2a: Iron Treads|Choice Scarf|[from] move: Trick
|-item|p1a: Gholdengo|Metal Coat|[from] move: Trick
|
|upkeep
|turn|13
|
|t:|1779597696
|switch|p1a: Great Tusk|Great Tusk|100/100
|-enditem|p1a: Great Tusk|Booster Energy
|-activate|p1a: Great Tusk|ability: Protosynthesis|[fromitem]
|-start|p1a: Great Tusk|protosynthesisspe
|move|p2a: Iron Treads|Steel Beam|p1a: Great Tusk
|-damage|p1a: Great Tusk|35/100
|-damage|p2a: Iron Treads|38/100|[from] steelbeam
|
|upkeep
|turn|14
|
|t:|1779597705
|-end|p1a: Great Tusk|Protosynthesis|[silent]
|switch|p1a: Gholdengo|Gholdengo|100/100
|move|p2a: Iron Treads|Steel Beam|p1a: Gholdengo
|-resisted|p1a: Gholdengo
|-damage|p1a: Gholdengo|66/100
|-damage|p2a: Iron Treads|0 fnt|[from] steelbeam
|faint|p2a: Iron Treads
|-end|p2a: Iron Treads|Quark Drive|[silent]
|
|upkeep
|
|t:|1779597708
|switch|p2a: Zamazenta|Zamazenta|78/100
|-damage|p2a: Zamazenta|65/100|[from] Spikes
|turn|15
|
|t:|1779597713
|move|p2a: Zamazenta|Crunch|p1a: Gholdengo
|-supereffective|p1a: Gholdengo
|-damage|p1a: Gholdengo|17/100
|-unboost|p1a: Gholdengo|def|1
|move|p1a: Gholdengo|Make It Rain|p2a: Zamazenta
|-damage|p2a: Zamazenta|4/100
|-unboost|p1a: Gholdengo|spa|1
|
|-heal|p2a: Zamazenta|10/100|[from] item: Leftovers
|upkeep
|turn|16
|
|t:|1779597720
|move|p2a: Zamazenta|Crunch|p1a: Gholdengo
|-supereffective|p1a: Gholdengo
|-damage|p1a: Gholdengo|0 fnt
|faint|p1a: Gholdengo
|
|-heal|p2a: Zamazenta|16/100|[from] item: Leftovers
|upkeep
|
|t:|1779597727
|switch|p1a: Kingambit|Kingambit, M|100/100
|-activate|p1a: Kingambit|ability: Supreme Overlord
|-start|p1a: Kingambit|fallen3|[silent]
|turn|17
|
|t:|1779597730
|move|p2a: Zamazenta|Iron Defense|p2a: Zamazenta
|-boost|p2a: Zamazenta|def|2
|move|p1a: Kingambit|Low Kick|p2a: Zamazenta
|-damage|p2a: Zamazenta|0 fnt
|faint|p2a: Zamazenta
|
|win|psygoat12
|raw|psygoat12's rating: 1386 &rarr; <strong>1405</strong><br />(+19 for winning)
|raw|Kogasscarf's rating: 1375 &rarr; <strong>1356</strong><br />(-19 for losing)
|c|☆psygoat12|gg
|c|☆Kogasscarf|GG
|l|☆Kogasscarf
|player|p2|
|l|☆psygoat12
|player|p1|
