|j|☆lockheed shartin
|j|☆Nuii09
|t:|1779573378
|gametype|singles
|player|p1|lockheed shartin|burglar|1586
|player|p2|Nuii09|baker|1685
|gen|9
|tier|[Gen 9] OU
|rated|
|rule|HP Percentage Mod: HP is shown in percentages
|rule|Endless Battle Clause: Forcing endless battles is banned
|rule|Species Clause: Limit one of each Pokémon
|rule|OHKO Clause: OHKO moves are banned
|rule|Evasion Items Clause: Evasion items are banned
|rule|Evasion Moves Clause: Evasion moves are banned
|rule|Evasion Abilities Clause: Evasion abilities are banned
|rule|Sleep Moves Clause: Sleep-inducing moves are banned
|clearpoke
|poke|p1|Araquanid, F|
|poke|p1|Dragonite, M|
|poke|p1|Gholdengo|
|poke|p1|Iron Valiant|
|poke|p1|Cinderace, F|
|poke|p1|Primarina, F|
|poke|p2|Hydrapple, F|
|poke|p2|Darkrai|
|poke|p2|Cinderace, M|
|poke|p2|Clodsire, F|
|poke|p2|Corviknight, F|
|poke|p2|Alomomola, M|
|teampreview
|inactive|Battle timer is ON: inactive players will automatically lose when time's up. (requested by lockheed shartin)
|
|t:|1779573405
|teamsize|p1|6
|teamsize|p2|6
|start
|switch|p1a: GotYaGirlSticky|Araquanid, F|100/100
|switch|p2a: Cinderace|Cinderace, M|100/100
|turn|1
|
|t:|1779573414
|move|p2a: Cinderace|U-turn|p1a: GotYaGirlSticky
|-start|p2a: Cinderace|typechange|Bug|[from] ability: Libero
|-damage|p1a: GotYaGirlSticky|58/100
|
|t:|1779573428
|switch|p2a: Hydrapple|Hydrapple, F|100/100|[from] U-turn
|move|p1a: GotYaGirlSticky|Liquidation|p2a: Hydrapple
|-resisted|p2a: Hydrapple
|-damage|p2a: Hydrapple|90/100
|-unboost|p2a: Hydrapple|def|1
|
|upkeep
|turn|2
|
|t:|1779573433
|move|p2a: Hydrapple|Leaf Storm|p1a: GotYaGirlSticky
|-damage|p1a: GotYaGirlSticky|3/100
|-unboost|p2a: Hydrapple|spa|2
|-damage|p2a: Hydrapple|80/100|[from] item: Life Orb
|move|p1a: GotYaGirlSticky|Leech Life|p2a: Hydrapple
|-supereffective|p2a: Hydrapple
|-damage|p2a: Hydrapple|25/100
|-heal|p1a: GotYaGirlSticky|35/100|[from] drain|[of] p2a: Hydrapple
|
|upkeep
|turn|3
|
|t:|1779573451
|move|p2a: Hydrapple|Leaf Storm|p1a: GotYaGirlSticky
|-damage|p1a: GotYaGirlSticky|7/100
|-unboost|p2a: Hydrapple|spa|2
|-damage|p2a: Hydrapple|15/100|[from] item: Life Orb
|move|p1a: GotYaGirlSticky|Liquidation|p2a: Hydrapple
|-resisted|p2a: Hydrapple
|-damage|p2a: Hydrapple|0 fnt
|faint|p2a: Hydrapple
|
|upkeep
|
|t:|1779573459
|switch|p2a: Darkrai|Darkrai, shiny|100/100
|turn|4
|-enditem|p1a: GotYaGirlSticky|Custap Berry|[eat]
|-activate|p1a: GotYaGirlSticky|item: Custap Berry|[consumed]
|
|t:|1779573463
|move|p1a: GotYaGirlSticky|Leech Life|p2a: Darkrai
|-supereffective|p2a: Darkrai
|-damage|p2a: Darkrai|27/100
|-heal|p1a: GotYaGirlSticky|37/100|[from] drain|[of] p2a: Darkrai
|move|p2a: Darkrai|Dark Pulse|p1a: GotYaGirlSticky
|-damage|p1a: GotYaGirlSticky|6/100
|
|upkeep
|turn|5
|
|t:|1779573476
|move|p2a: Darkrai|Dark Pulse|p1a: GotYaGirlSticky
|-damage|p1a: GotYaGirlSticky|0 fnt
|faint|p1a: GotYaGirlSticky
|
|upkeep
|
|t:|1779573481
|switch|p1a: Iron Valiant|Iron Valiant|100/100
|-enditem|p1a: Iron Valiant|Booster Energy
|-activate|p1a: Iron Valiant|ability: Quark Drive|[fromitem]
|-start|p1a: Iron Valiant|quarkdriveatk
|turn|6
|
|t:|1779573488
|switch|p2a: Corviknight|Corviknight, F|100/100
|-ability|p2a: Corviknight|Pressure
|move|p1a: Iron Valiant|Knock Off|p2a: Corviknight
|-damage|p2a: Corviknight|73/100
|-damage|p1a: Iron Valiant|84/100|[from] item: Rocky Helmet|[of] p2a: Corviknight
|-enditem|p2a: Corviknight|Rocky Helmet|[from] move: Knock Off|[of] p1a: Iron Valiant
|
|upkeep
|turn|7
|
|t:|1779573492
|move|p1a: Iron Valiant|Close Combat|p2a: Corviknight
|-damage|p2a: Corviknight|23/100
|-unboost|p1a: Iron Valiant|def|1
|-unboost|p1a: Iron Valiant|spd|1
|move|p2a: Corviknight|Brave Bird|p1a: Iron Valiant
|-supereffective|p1a: Iron Valiant
|-damage|p1a: Iron Valiant|0 fnt
|faint|p1a: Iron Valiant
|-end|p1a: Iron Valiant|Quark Drive|[silent]
|-damage|p2a: Corviknight|3/100|[from] Recoil
|
|upkeep
|
|t:|1779573500
|switch|p1a: Primarina|Primarina, F|100/100
|turn|8
|
|t:|1779573504
|switch|p2a: Alomomola|Alomomola, M|100/100
|move|p1a: Primarina|Substitute|p1a: Primarina
|-start|p1a: Primarina|Substitute
|-damage|p1a: Primarina|75/100
|
|upkeep
|turn|9
|
|t:|1779573514
|move|p1a: Primarina|Calm Mind|p1a: Primarina
|-boost|p1a: Primarina|spa|1
|-boost|p1a: Primarina|spd|1
|move|p2a: Alomomola|Play Rough|p1a: Primarina
|-activate|p1a: Primarina|move: Substitute|[damage]
|
|upkeep
|turn|10
|
|t:|1779573516
|move|p1a: Primarina|Calm Mind|p1a: Primarina
|-boost|p1a: Primarina|spa|1
|-boost|p1a: Primarina|spd|1
|move|p2a: Alomomola|Flip Turn|p1a: Primarina
|-resisted|p1a: Primarina
|-end|p1a: Primarina|Substitute
|
|t:|1779573523
|switch|p2a: Darkrai|Darkrai, shiny|27/100|[from] Flip Turn
|
|upkeep
|turn|11
|
|t:|1779573538
|switch|p1a: Moon Man|Dragonite, M|100/100
|move|p2a: Darkrai|Knock Off|p1a: Moon Man
|-damage|p1a: Moon Man|79/100
|-enditem|p1a: Moon Man|Life Orb|[from] move: Knock Off|[of] p2a: Darkrai
|
|upkeep
|turn|12
|
|t:|1779573545
|switch|p2a: Corviknight|Corviknight, F|3/100
|-ability|p2a: Corviknight|Pressure
|move|p1a: Moon Man|Extreme Speed|p2a: Corviknight
|-resisted|p2a: Corviknight
|-damage|p2a: Corviknight|0 fnt
|faint|p2a: Corviknight
|
|upkeep
|
|t:|1779573552
|switch|p2a: Clodsire|Clodsire, F, shiny|100/100
|turn|13
|
|t:|1779573555
|move|p1a: Moon Man|Earthquake|p2a: Clodsire
|-supereffective|p2a: Clodsire
|-damage|p2a: Clodsire|44/100
|move|p2a: Clodsire|Counter|p1a: Moon Man
|-damage|p1a: Moon Man|0 fnt
|faint|p1a: Moon Man
|
|-heal|p2a: Clodsire|50/100|[from] item: Leftovers
|upkeep
|
|t:|1779573562
|switch|p1a: Primarina|Primarina, F|75/100
|turn|14
|
|t:|1779573583
|-terastallize|p2a: Clodsire|Bug
|move|p1a: Primarina|Surf|p2a: Clodsire
|-damage|p2a: Clodsire|18/100
|move|p2a: Clodsire|Recover|p2a: Clodsire
|-heal|p2a: Clodsire|68/100
|
|-heal|p2a: Clodsire|74/100|[from] item: Leftovers
|upkeep
|turn|15
|
|t:|1779573589
|switch|p1a: Gholdengo|Gholdengo|100/100
|-item|p1a: Gholdengo|Air Balloon
|move|p2a: Clodsire|Toxic|p1a: Gholdengo
|-immune|p1a: Gholdengo|[from] ability: Good as Gold
|
|-heal|p2a: Clodsire|80/100|[from] item: Leftovers
|upkeep
|turn|16
|
|t:|1779573594
|switch|p2a: Alomomola|Alomomola, M|100/100
|move|p1a: Gholdengo|Shadow Ball|p2a: Alomomola
|-damage|p2a: Alomomola|79/100
|
|upkeep
|turn|17
|
|t:|1779573601
|switch|p1a: Primarina|Primarina, F|75/100
|move|p2a: Alomomola|Flip Turn|p1a: Primarina
|-resisted|p1a: Primarina
|-damage|p1a: Primarina|65/100
|
|t:|1779573605
|switch|p2a: Cinderace|Cinderace, M|100/100|[from] Flip Turn
|
|upkeep
|turn|18
|
|t:|1779573608
|move|p2a: Cinderace|U-turn|p1a: Primarina
|-start|p2a: Cinderace|typechange|Bug|[from] ability: Libero
|-resisted|p1a: Primarina
|-damage|p1a: Primarina|37/100
|
|t:|1779573612
|switch|p2a: Alomomola|Alomomola, M|100/100|[from] U-turn
|move|p1a: Primarina|Substitute|p1a: Primarina
|-start|p1a: Primarina|Substitute
|-damage|p1a: Primarina|12/100
|
|upkeep
|turn|19
|-enditem|p1a: Primarina|Custap Berry|[eat]
|-activate|p1a: Primarina|item: Custap Berry|[consumed]
|
|t:|1779573617
|move|p1a: Primarina|Calm Mind|p1a: Primarina
|-boost|p1a: Primarina|spa|1
|-boost|p1a: Primarina|spd|1
|move|p2a: Alomomola|Play Rough|p1a: Primarina
|-activate|p1a: Primarina|move: Substitute|[damage]
|
|upkeep
|turn|20
|
|t:|1779573622
|move|p1a: Primarina|Draining Kiss|p2a: Alomomola
|-damage|p2a: Alomomola|83/100
|-heal|p1a: Primarina|35/100|[from] drain|[of] p2a: Alomomola
|move|p2a: Alomomola|Flip Turn|p1a: Primarina
|-resisted|p1a: Primarina
|-end|p1a: Primarina|Substitute
|
|t:|1779573630
|switch|p2a: Cinderace|Cinderace, M|100/100|[from] Flip Turn
|
|upkeep
|turn|21
|
|t:|1779573636
|switch|p1a: Cinderace|Cinderace, F|100/100
|move|p2a: Cinderace|Pyro Ball|p1a: Cinderace
|-resisted|p1a: Cinderace
|-crit|p1a: Cinderace
|-damage|p1a: Cinderace|38/100
|
|upkeep
|turn|22
|
|t:|1779573642
|switch|p2a: Alomomola|Alomomola, M|100/100
|move|p1a: Cinderace|Pyro Ball|p2a: Alomomola|[miss]
|-miss|p1a: Cinderace|p2a: Alomomola
|
|upkeep
|turn|23
|
|t:|1779573647
|move|p1a: Cinderace|Pyro Ball|p2a: Alomomola
|-resisted|p2a: Alomomola
|-damage|p2a: Alomomola|74/100
|move|p2a: Alomomola|Flip Turn|p1a: Cinderace
|-supereffective|p1a: Cinderace
|-damage|p1a: Cinderace|0 fnt
|faint|p1a: Cinderace
|
|t:|1779573656
|switch|p2a: Cinderace|Cinderace, M|100/100|[from] Flip Turn
|
|upkeep
|
|t:|1779573659
|switch|p1a: Primarina|Primarina, F|35/100
|turn|24
|
|t:|1779573669
|move|p2a: Cinderace|Pyro Ball|p1a: Primarina
|-resisted|p1a: Primarina
|-damage|p1a: Primarina|0 fnt
|faint|p1a: Primarina
|
|upkeep
|-message|lockheed shartin forfeited.
|
|win|Nuii09
|raw|lockheed shartin's rating: 1586 &rarr; <strong>1572</strong><br />(-14 for losing)
|raw|Nuii09's rating: 1685 &rarr; <strong>1699</strong><br />(+14 for winning)
|l|☆lockheed shartin
|player|p1|
|l|☆Nuii09
|player|p2|
