|j|☆jojosworld
|j|☆bfrhnnlfhroh
|t:|1779655562
|gametype|singles
|player|p1|jojosworld|bellelba|1542
|player|p2|bfrhnnlfhroh|170|1550
|gen|9
|tier|[Gen 9] OU
|rated|
|rule|HP Percentage Mod: HP is shown in percentages
|rule|Endless Battle Clause: Forcing endless battles is banned
|rule|Species Clause: Limit one of each Pokémon
|rule|OHKO Clause: OHKO moves are banned
|rule|Evasion Items Clause: Evasion items are banned
|rule|Evasion Moves Clause: Evasion moves are banned
|rule|Evasion Abilities Clause: Evasion abilities are banned
|rule|Sleep Moves Clause: Sleep-inducing moves are banned
|clearpoke
|poke|p1|Corviknight, F|
|poke|p1|Alomomola, F|
|poke|p1|Lokix, F|
|poke|p1|Slowking-Galar, F|
|poke|p1|Dragapult, F|
|poke|p1|Great Tusk|
|poke|p2|Walking Wake|
|poke|p2|Great Tusk|
|poke|p2|Ninetales, M|
|poke|p2|Cinderace, M|
|poke|p2|Raging Bolt|
|poke|p2|Meowscarada, F|
|teampreview
|inactive|Battle timer is ON: inactive players will automatically lose when time's up. (requested by jojosworld)
|inactive|jojosworld has 120 seconds left.
|inactive|bfrhnnlfhroh has 120 seconds left.
|
|t:|1779655598
|teamsize|p1|6
|teamsize|p2|6
|start
|switch|p1a: Slowking|Slowking-Galar, F, shiny|100/100
|switch|p2a: Meowscarada|Meowscarada, F|100/100
|turn|1
|
|t:|1779655604
|switch|p1a: Corviknight|Corviknight, F, shiny|100/100
|-ability|p1a: Corviknight|Pressure
|move|p2a: Meowscarada|Trick|p1a: Corviknight
|-start|p2a: Meowscarada|typechange|Psychic|[from] ability: Protean
|-activate|p2a: Meowscarada|move: Trick|[of] p1a: Corviknight
|-item|p1a: Corviknight|Choice Scarf|[from] move: Trick
|-item|p2a: Meowscarada|Rocky Helmet|[from] move: Trick
|
|upkeep
|turn|2
|
|t:|1779655618
|switch|p2a: Raging Bolt|Raging Bolt|100/100
|move|p1a: Corviknight|U-turn|p2a: Raging Bolt
|-damage|p2a: Raging Bolt|88/100
|
|t:|1779655625
|switch|p1a: Dragapult|Dragapult, F, shiny|100/100|[from] U-turn
|
|-heal|p2a: Raging Bolt|95/100|[from] item: Leftovers
|upkeep
|turn|3
|
|t:|1779655631
|-terastallize|p2a: Raging Bolt|Fairy
|move|p1a: Dragapult|U-turn|p2a: Raging Bolt
|-resisted|p2a: Raging Bolt
|-crit|p2a: Raging Bolt
|-damage|p2a: Raging Bolt|83/100
|
|t:|1779655636
|switch|p1a: Slowking|Slowking-Galar, F, shiny|100/100|[from] U-turn
|move|p2a: Raging Bolt|Draco Meteor|p1a: Slowking
|-damage|p1a: Slowking|52/100
|-unboost|p2a: Raging Bolt|spa|2
|
|-heal|p2a: Raging Bolt|89/100|[from] item: Leftovers
|upkeep
|turn|4
|
|t:|1779655648
|-end|p2a: Raging Bolt|Protosynthesis|[silent]
|switch|p2a: fast|Great Tusk|100/100
|-prepare|p1a: Slowking|Chilly Reception|[premajor]
|move|p1a: Slowking|Chilly Reception|p1a: Slowking
|-weather|Snowscape
|
|t:|1779655651
|switch|p1a: Dragapult|Dragapult, F, shiny|100/100|[from] Chilly Reception
|
|-weather|Snowscape|[upkeep]
|upkeep
|turn|5
|
|t:|1779655658
|-end|p2a: fast|Protosynthesis|[silent]
|switch|p2a: Raging Bolt|Raging Bolt, tera:Fairy|89/100
|move|p1a: Dragapult|Will-O-Wisp|p2a: Raging Bolt
|-status|p2a: Raging Bolt|brn
|
|-weather|Snowscape|[upkeep]
|-heal|p2a: Raging Bolt|95/100 brn|[from] item: Leftovers
|-damage|p2a: Raging Bolt|89/100 brn|[from] brn
|upkeep
|turn|6
|
|t:|1779655666
|-end|p2a: Raging Bolt|Protosynthesis|[silent]
|switch|p2a: fast|Great Tusk|100/100
|move|p1a: Dragapult|U-turn|p2a: fast
|-resisted|p2a: fast
|-damage|p2a: fast|95/100
|-damage|p1a: Dragapult|84/100|[from] item: Rocky Helmet|[of] p2a: fast
|
|t:|1779655673
|switch|p1a: Slowking|Slowking-Galar, F, shiny|85/100|[from] U-turn
|
|-weather|Snowscape|[upkeep]
|upkeep
|turn|7
|
|t:|1779655678
|switch|p1a: Corviknight|Corviknight, F, shiny|100/100
|-ability|p1a: Corviknight|Pressure
|move|p2a: fast|Stealth Rock|p1a: Corviknight
|-sidestart|p1: jojosworld|move: Stealth Rock
|
|-weather|Snowscape|[upkeep]
|upkeep
|turn|8
|
|t:|1779655689
|-end|p2a: fast|Protosynthesis|[silent]
|switch|p2a: Cinderace|Cinderace, M|100/100
|move|p1a: Corviknight|Defog|p2a: Cinderace
|-unboost|p2a: Cinderace|evasion|1
|-sideend|p1: jojosworld|Stealth Rock|[from] move: Defog|[of] p1a: Corviknight
|
|-weather|none
|upkeep
|turn|9
|
|t:|1779655696
|switch|p1a: Alomomola|Alomomola, F, shiny|100/100
|move|p2a: Cinderace|U-turn|p1a: Alomomola
|-start|p2a: Cinderace|typechange|Bug|[from] ability: Libero
|-damage|p1a: Alomomola|61/100
|
|t:|1779655709
|switch|p2a: good|Ninetales, M|100/100|[from] U-turn
|-weather|SunnyDay|[from] ability: Drought|[of] p2a: good
|
|-weather|SunnyDay|[upkeep]
|upkeep
|turn|10
|
|t:|1779655715
|switch|p1a: Slowking|Slowking-Galar, F, shiny|100/100
|move|p2a: good|Will-O-Wisp|p1a: Slowking
|-status|p1a: Slowking|brn
|
|-weather|SunnyDay|[upkeep]
|-damage|p1a: Slowking|94/100 brn|[from] brn
|upkeep
|turn|11
|
|t:|1779655724
|switch|p2a: Raging Bolt|Raging Bolt, tera:Fairy|89/100 brn
|-activate|p2a: Raging Bolt|ability: Protosynthesis
|-start|p2a: Raging Bolt|protosynthesisspa
|-prepare|p1a: Slowking|Chilly Reception|[premajor]
|move|p1a: Slowking|Chilly Reception|p1a: Slowking
|-weather|Snowscape
|-end|p2a: Raging Bolt|Protosynthesis
|c|☆bfrhnnlfhroh|what a gay ass team
|c|☆bfrhnnlfhroh|annoying bitch
|inactive|jojosworld has 120 seconds left.
|
|t:|1779655759
|switch|p1a: Dragapult|Dragapult, F, shiny|84/100|[from] Chilly Reception
|
|-weather|Snowscape|[upkeep]
|-heal|p2a: Raging Bolt|95/100 brn|[from] item: Leftovers
|-damage|p2a: Raging Bolt|89/100 brn|[from] brn
|upkeep
|turn|12
|
|t:|1779655765
|switch|p1a: Slowking|Slowking-Galar, F, shiny|100/100 brn
|move|p2a: Raging Bolt|Thunderclap||[still]
|-fail|p2a: Raging Bolt
|
|-weather|Snowscape|[upkeep]
|-heal|p2a: Raging Bolt|95/100 brn|[from] item: Leftovers
|-damage|p2a: Raging Bolt|89/100 brn|[from] brn
|-damage|p1a: Slowking|94/100 brn|[from] brn
|upkeep
|turn|13
|
|t:|1779655779
|-end|p2a: Raging Bolt|Protosynthesis|[silent]
|switch|p2a: good|Ninetales, M|100/100
|-weather|SunnyDay|[from] ability: Drought|[of] p2a: good
|move|p1a: Slowking|Sludge Bomb|p2a: good
|-damage|p2a: good|66/100
|
|-weather|SunnyDay|[upkeep]
|-damage|p1a: Slowking|88/100 brn|[from] brn
|upkeep
|turn|14
|
|t:|1779655788
|move|p2a: good|Encore|p1a: Slowking
|-start|p1a: Slowking|Encore
|move|p1a: Slowking|Sludge Bomb|p2a: good
|-damage|p2a: good|34/100
|
|-weather|SunnyDay|[upkeep]
|-damage|p1a: Slowking|82/100 brn|[from] brn
|upkeep
|turn|15
|
|t:|1779655796
|switch|p2a: fast strong|Walking Wake|100/100
|-activate|p2a: fast strong|ability: Protosynthesis
|-start|p2a: fast strong|protosynthesisspe
|move|p1a: Slowking|Sludge Bomb|p2a: fast strong
|-damage|p2a: fast strong|60/100
|-status|p2a: fast strong|psn
|
|-weather|SunnyDay|[upkeep]
|-damage|p2a: fast strong|48/100 psn|[from] psn
|-damage|p1a: Slowking|76/100 brn|[from] brn
|upkeep
|turn|16
|
|t:|1779655810
|move|p2a: fast strong|Flip Turn|p1a: Slowking
|-damage|p1a: Slowking|68/100 brn
|c|☆jojosworld|lol
|
|t:|1779655814
|-end|p2a: fast strong|Protosynthesis|[silent]
|switch|p2a: fast|Great Tusk|95/100|[from] Flip Turn
|-activate|p2a: fast|ability: Protosynthesis
|-start|p2a: fast|protosynthesisspe
|move|p1a: Slowking|Sludge Bomb|p2a: fast
|-resisted|p2a: fast
|-damage|p2a: fast|73/100
|
|-weather|SunnyDay|[upkeep]
|-damage|p1a: Slowking|62/100 brn|[from] brn
|-end|p1a: Slowking|Encore
|upkeep
|turn|17
|
|t:|1779655825
|switch|p1a: Corviknight|Corviknight, F, shiny|100/100
|-ability|p1a: Corviknight|Pressure
|move|p2a: fast|Headlong Rush|p1a: Corviknight
|-immune|p1a: Corviknight
|
|-weather|SunnyDay|[upkeep]
|upkeep
|turn|18
|
|t:|1779655833
|move|p2a: fast|Stealth Rock|p1a: Corviknight
|-sidestart|p1: jojosworld|move: Stealth Rock
|move|p1a: Corviknight|U-turn|p2a: fast
|-resisted|p2a: fast
|-damage|p2a: fast|68/100
|-damage|p1a: Corviknight|84/100|[from] item: Rocky Helmet|[of] p2a: fast
|
|t:|1779655838
|switch|p1a: Alomomola|Alomomola, F, shiny|94/100|[from] U-turn
|
|-weather|SunnyDay|[upkeep]
|upkeep
|turn|19
|
|t:|1779655847
|-end|p2a: fast|Protosynthesis|[silent]
|switch|p2a: Raging Bolt|Raging Bolt, tera:Fairy|89/100 brn
|-activate|p2a: Raging Bolt|ability: Protosynthesis
|-start|p2a: Raging Bolt|protosynthesisspa
|switch|p1a: Corviknight|Corviknight, F, shiny|84/100
|-damage|p1a: Corviknight|72/100|[from] Stealth Rock
|-ability|p1a: Corviknight|Pressure
|
|-weather|SunnyDay|[upkeep]
|-heal|p2a: Raging Bolt|95/100 brn|[from] item: Leftovers
|-damage|p2a: Raging Bolt|89/100 brn|[from] brn
|upkeep
|turn|20
|
|t:|1779655866
|switch|p1a: Slowking|Slowking-Galar, F, shiny|95/100 brn
|move|p2a: Raging Bolt|Solar Beam||[still]
|-prepare|p2a: Raging Bolt|Solar Beam
|-anim|p2a: Raging Bolt|Solar Beam|p1a: Slowking
|-resisted|p1a: Slowking
|-damage|p1a: Slowking|78/100 brn
|
|-weather|none
|-end|p2a: Raging Bolt|Protosynthesis
|-heal|p2a: Raging Bolt|95/100 brn|[from] item: Leftovers
|-damage|p2a: Raging Bolt|89/100 brn|[from] brn
|-damage|p1a: Slowking|72/100 brn|[from] brn
|upkeep
|turn|21
|
|t:|1779655878
|move|p2a: Raging Bolt|Thunderbolt|p1a: Slowking
|-damage|p1a: Slowking|42/100 brn
|-prepare|p1a: Slowking|Chilly Reception|[premajor]
|move|p1a: Slowking|Chilly Reception|p1a: Slowking
|-weather|Snowscape
|
|t:|1779655887
|switch|p1a: Alomomola|Alomomola, F, shiny|100/100|[from] Chilly Reception
|
|-weather|Snowscape|[upkeep]
|-heal|p2a: Raging Bolt|95/100 brn|[from] item: Leftovers
|-damage|p2a: Raging Bolt|89/100 brn|[from] brn
|upkeep
|turn|22
|
|t:|1779655902
|move|p2a: Raging Bolt|Draco Meteor|p1a: Alomomola
|-damage|p1a: Alomomola|46/100
|-unboost|p2a: Raging Bolt|spa|2
|move|p1a: Alomomola|Flip Turn|p2a: Raging Bolt
|-damage|p2a: Raging Bolt|76/100 brn
|
|t:|1779655906
|switch|p1a: Great Tusk|Great Tusk, shiny|100/100|[from] Flip Turn
|
|-weather|Snowscape|[upkeep]
|-heal|p2a: Raging Bolt|82/100 brn|[from] item: Leftovers
|-damage|p2a: Raging Bolt|76/100 brn|[from] brn
|upkeep
|turn|23
|
|t:|1779655914
|-end|p2a: Raging Bolt|Protosynthesis|[silent]
|switch|p2a: fast|Great Tusk|68/100
|move|p1a: Great Tusk|Rapid Spin|p2a: fast
|-damage|p2a: fast|57/100
|-boost|p1a: Great Tusk|spe|1
|-damage|p1a: Great Tusk|84/100|[from] item: Rocky Helmet|[of] p2a: fast
|-sideend|p1: jojosworld|Stealth Rock|[from] move: Rapid Spin|[of] p1a: Great Tusk
|
|-weather|Snowscape|[upkeep]
|upkeep
|turn|24
|
|t:|1779655924
|move|p1a: Great Tusk|Ice Spinner|p2a: fast
|-supereffective|p2a: fast
|-damage|p2a: fast|19/100
|-damage|p1a: Great Tusk|68/100|[from] item: Rocky Helmet|[of] p2a: fast
|move|p2a: fast|Stealth Rock|p1a: Great Tusk
|-sidestart|p1: jojosworld|move: Stealth Rock
|
|-weather|Snowscape|[upkeep]
|upkeep
|turn|25
|
|t:|1779655934
|move|p1a: Great Tusk|Ice Spinner|p2a: fast
|-supereffective|p2a: fast
|-damage|p2a: fast|0 fnt
|-damage|p1a: Great Tusk|51/100|[from] item: Rocky Helmet|[of] p2a: fast
|faint|p2a: fast
|-end|p2a: fast|Protosynthesis|[silent]
|
|-weather|none
|upkeep
|inactive|bfrhnnlfhroh has 120 seconds left.
|
|t:|1779655977
|switch|p2a: good|Ninetales, M|34/100
|-weather|SunnyDay|[from] ability: Drought|[of] p2a: good
|-activate|p1a: Great Tusk|ability: Protosynthesis
|-start|p1a: Great Tusk|protosynthesisspe
|turn|26
|
|t:|1779655998
|switch|p2a: Meowscarada|Meowscarada, F|100/100
|move|p1a: Great Tusk|Rapid Spin|p2a: Meowscarada
|-damage|p2a: Meowscarada|71/100
|-boost|p1a: Great Tusk|spe|1
|-damage|p1a: Great Tusk|35/100|[from] item: Rocky Helmet|[of] p2a: Meowscarada
|-sideend|p1: jojosworld|Stealth Rock|[from] move: Rapid Spin|[of] p1a: Great Tusk
|
|-weather|SunnyDay|[upkeep]
|upkeep
|turn|27
|inactive|bfrhnnlfhroh has 90 seconds left.
|
|t:|1779656020
|move|p1a: Great Tusk|Close Combat|p2a: Meowscarada
|-supereffective|p2a: Meowscarada
|-damage|p2a: Meowscarada|0 fnt
|-unboost|p1a: Great Tusk|def|1
|-unboost|p1a: Great Tusk|spd|1
|-damage|p1a: Great Tusk|18/100|[from] item: Rocky Helmet|[of] p2a: Meowscarada
|faint|p2a: Meowscarada
|
|-weather|SunnyDay|[upkeep]
|upkeep
|
|t:|1779656028
|switch|p2a: Cinderace|Cinderace, M|100/100
|turn|28
|
|t:|1779656032
|-end|p1a: Great Tusk|Protosynthesis|[silent]
|switch|p1a: Alomomola|Alomomola, F, shiny|79/100
|move|p2a: Cinderace|Sucker Punch||[still]
|-fail|p2a: Cinderace
|
|-weather|SunnyDay|[upkeep]
|upkeep
|turn|29
|
|t:|1779656043
|switch|p2a: Raging Bolt|Raging Bolt, tera:Fairy|76/100 brn
|-activate|p2a: Raging Bolt|ability: Protosynthesis
|-start|p2a: Raging Bolt|protosynthesisspa
|move|p1a: Alomomola|Flip Turn|p2a: Raging Bolt
|-damage|p2a: Raging Bolt|70/100 brn
|
|t:|1779656050
|switch|p1a: Great Tusk|Great Tusk, shiny|18/100|[from] Flip Turn
|-activate|p1a: Great Tusk|ability: Protosynthesis
|-start|p1a: Great Tusk|protosynthesisatk
|
|-weather|SunnyDay|[upkeep]
|-heal|p2a: Raging Bolt|76/100 brn|[from] item: Leftovers
|-damage|p2a: Raging Bolt|70/100 brn|[from] brn
|upkeep
|turn|30
|
|t:|1779656063
|-end|p2a: Raging Bolt|Protosynthesis|[silent]
|switch|p2a: fast strong|Walking Wake|48/100 psn
|-activate|p2a: fast strong|ability: Protosynthesis
|-start|p2a: fast strong|protosynthesisspe
|move|p1a: Great Tusk|Headlong Rush|p2a: fast strong
|-damage|p2a: fast strong|0 fnt
|-unboost|p1a: Great Tusk|def|1
|-unboost|p1a: Great Tusk|spd|1
|faint|p2a: fast strong
|-end|p2a: fast strong|Protosynthesis|[silent]
|
|-weather|SunnyDay|[upkeep]
|upkeep
|
|t:|1779656075
|switch|p2a: Cinderace|Cinderace, M|100/100
|turn|31
|
|t:|1779656087
|-end|p1a: Great Tusk|Protosynthesis|[silent]
|switch|p1a: Alomomola|Alomomola, F, shiny|100/100
|move|p2a: Cinderace|Pyro Ball|p1a: Alomomola
|-resisted|p1a: Alomomola
|-damage|p1a: Alomomola|54/100
|
|-weather|SunnyDay|[upkeep]
|upkeep
|turn|32
|
|t:|1779656093
|move|p1a: Alomomola|Protect|p1a: Alomomola
|-singleturn|p1a: Alomomola|Protect
|move|p2a: Cinderace|Pyro Ball|p1a: Alomomola
|-activate|p1a: Alomomola|move: Protect
|
|-weather|SunnyDay|[upkeep]
|upkeep
|turn|33
|
|t:|1779656100
|move|p2a: Cinderace|Pyro Ball|p1a: Alomomola
|-resisted|p1a: Alomomola
|-damage|p1a: Alomomola|2/100
|move|p1a: Alomomola|Wish|p1a: Alomomola
|
|-weather|none
|upkeep
|turn|34
|inactive|bfrhnnlfhroh has 120 seconds left.
|
|t:|1779656107
|switch|p2a: Raging Bolt|Raging Bolt, tera:Fairy|70/100 brn
|move|p1a: Alomomola|Protect||[still]
|-fail|p1a: Alomomola
|
|-heal|p1a: Alomomola|52/100|[from] move: Wish|[wisher] Alomomola
|-heal|p2a: Raging Bolt|76/100 brn|[from] item: Leftovers
|-damage|p2a: Raging Bolt|70/100 brn|[from] brn
|upkeep
|turn|35
|
|t:|1779656116
|switch|p1a: Slowking|Slowking-Galar, F, shiny|75/100 brn
|move|p2a: Raging Bolt|Thunderbolt|p1a: Slowking
|-damage|p1a: Slowking|41/100 brn
|
|-heal|p2a: Raging Bolt|76/100 brn|[from] item: Leftovers
|-damage|p2a: Raging Bolt|70/100 brn|[from] brn
|-damage|p1a: Slowking|35/100 brn|[from] brn
|upkeep
|turn|36
|
|t:|1779656125
|switch|p1a: Corviknight|Corviknight, F, shiny|72/100
|-ability|p1a: Corviknight|Pressure
|move|p2a: Raging Bolt|Draco Meteor|p1a: Corviknight
|-resisted|p1a: Corviknight
|-damage|p1a: Corviknight|37/100
|-unboost|p2a: Raging Bolt|spa|2
|
|-heal|p2a: Raging Bolt|76/100 brn|[from] item: Leftovers
|-damage|p2a: Raging Bolt|70/100 brn|[from] brn
|upkeep
|turn|37
|
|t:|1779656137
|switch|p1a: Slowking|Slowking-Galar, F, shiny|69/100 brn
|-end|p2a: Raging Bolt|Protosynthesis|[silent]
|switch|p2a: good|Ninetales, M|34/100
|-weather|SunnyDay|[from] ability: Drought|[of] p2a: good
|
|-weather|SunnyDay|[upkeep]
|-damage|p1a: Slowking|62/100 brn|[from] brn
|upkeep
|turn|38
|
|t:|1779656147
|switch|p2a: Cinderace|Cinderace, M|100/100
|-prepare|p1a: Slowking|Chilly Reception|[premajor]
|move|p1a: Slowking|Chilly Reception|p1a: Slowking
|-weather|Snowscape
|
|t:|1779656150
|switch|p1a: Alomomola|Alomomola, F, shiny|86/100|[from] Chilly Reception
|
|-weather|Snowscape|[upkeep]
|upkeep
|turn|39
|
|t:|1779656156
|move|p2a: Cinderace|U-turn|p1a: Alomomola
|-start|p2a: Cinderace|typechange|Bug|[from] ability: Libero
|-damage|p1a: Alomomola|49/100
|
|t:|1779656160
|switch|p2a: good|Ninetales, M|34/100|[from] U-turn
|-weather|SunnyDay|[from] ability: Drought|[of] p2a: good
|move|p1a: Alomomola|Flip Turn|p2a: good
|-supereffective|p2a: good
|-damage|p2a: good|14/100
|
|t:|1779656167
|switch|p1a: Slowking|Slowking-Galar, F, shiny|96/100 brn|[from] Flip Turn
|
|-weather|SunnyDay|[upkeep]
|-damage|p1a: Slowking|90/100 brn|[from] brn
|upkeep
|turn|40
|c|☆bfrhnnlfhroh|absolute braindead player
|
|t:|1779656182
|switch|p2a: Raging Bolt|Raging Bolt, tera:Fairy|70/100 brn
|-activate|p2a: Raging Bolt|ability: Protosynthesis
|-start|p2a: Raging Bolt|protosynthesisspa
|-prepare|p1a: Slowking|Chilly Reception|[premajor]
|move|p1a: Slowking|Chilly Reception|p1a: Slowking
|-weather|Snowscape
|-end|p2a: Raging Bolt|Protosynthesis
|c|☆jojosworld|then why tf I crush you
|
|t:|1779656192
|switch|p1a: Great Tusk|Great Tusk, shiny|18/100|[from] Chilly Reception
|
|-weather|Snowscape|[upkeep]
|-heal|p2a: Raging Bolt|76/100 brn|[from] item: Leftovers
|-damage|p2a: Raging Bolt|70/100 brn|[from] brn
|upkeep
|turn|41
|c|☆bfrhnnlfhroh|its called match up
|c|☆jojosworld|ok so I made the better team
|c|☆bfrhnnlfhroh|let me change one pokemon
|c|☆bfrhnnlfhroh|and shiot on your garbage
|c|☆bfrhnnlfhroh|useless
|c|☆jojosworld|if u bump into me again sure
|c|☆bfrhnnlfhroh|go to the counter
|inactive|bfrhnnlfhroh has 120 seconds left.
|c|☆bfrhnnlfhroh|you're so good
|c|☆jojosworld|ty boo boo
|
|t:|1779656243
|move|p1a: Great Tusk|Headlong Rush|p2a: Raging Bolt
|-damage|p2a: Raging Bolt|18/100 brn
|-unboost|p1a: Great Tusk|def|1
|-unboost|p1a: Great Tusk|spd|1
|move|p2a: Raging Bolt|Draco Meteor|p1a: Great Tusk
|-damage|p1a: Great Tusk|0 fnt
|-unboost|p2a: Raging Bolt|spa|2
|faint|p1a: Great Tusk
|-end|p1a: Great Tusk|Protosynthesis|[silent]
|
|-weather|Snowscape|[upkeep]
|-heal|p2a: Raging Bolt|24/100 brn|[from] item: Leftovers
|-damage|p2a: Raging Bolt|18/100 brn|[from] brn
|upkeep
|c|☆jojosworld|look at least u took one out
|c|☆jojosworld|be happy
|
|t:|1779656261
|switch|p1a: Dragapult|Dragapult, F, shiny|84/100
|turn|42
|c|☆bfrhnnlfhroh|shut up garbage
|
|t:|1779656274
|move|p2a: Raging Bolt|Thunderclap|p1a: Dragapult
|-resisted|p1a: Dragapult
|-damage|p1a: Dragapult|70/100
|move|p1a: Dragapult|Hex|p2a: Raging Bolt
|-damage|p2a: Raging Bolt|0 fnt
|faint|p2a: Raging Bolt
|-end|p2a: Raging Bolt|Protosynthesis|[silent]
|
|-weather|Snowscape|[upkeep]
|upkeep
|c|☆jojosworld|I was trynna make u feel better
|
|t:|1779656281
|switch|p2a: Cinderace|Cinderace, M|100/100
|turn|43
|
|t:|1779656301
|switch|p1a: Alomomola|Alomomola, F, shiny|82/100
|move|p2a: Cinderace|Sucker Punch||[still]
|-fail|p2a: Cinderace
|
|-weather|Snowscape|[upkeep]
|upkeep
|turn|44
|
|t:|1779656316
|switch|p2a: good|Ninetales, M|14/100
|-weather|SunnyDay|[from] ability: Drought|[of] p2a: good
|move|p1a: Alomomola|Flip Turn|p2a: good
|-supereffective|p2a: good
|-damage|p2a: good|0 fnt
|faint|p2a: good
|
|t:|1779656323
|switch|p1a: Dragapult|Dragapult, F, shiny|70/100|[from] Flip Turn
|
|-weather|SunnyDay|[upkeep]
|upkeep
|
|t:|1779656327
|switch|p2a: Cinderace|Cinderace, M|100/100
|turn|45
|
|t:|1779656333
|move|p1a: Dragapult|Dragon Darts|p2a: Cinderace
|-damage|p2a: Cinderace|70/100
|-anim|p1a: Dragapult|Dragon Darts|p2a: Cinderace
|-damage|p2a: Cinderace|42/100
|move|p2a: Cinderace|Pyro Ball|p1a: Dragapult
|-resisted|p1a: Dragapult
|-damage|p1a: Dragapult|0 fnt
|faint|p1a: Dragapult
|
|-weather|SunnyDay|[upkeep]
|upkeep
|c|☆jojosworld|omg 2
|
|t:|1779656338
|switch|p1a: Lokix|Lokix, F, shiny|100/100
|turn|46
|c|☆jojosworld|gg bb
|
|t:|1779656342
|-terastallize|p1a: Lokix|Bug
|move|p1a: Lokix|First Impression|p2a: Cinderace
|-resisted|p2a: Cinderace
|-damage|p2a: Cinderace|0 fnt
|faint|p2a: Cinderace
|
|win|jojosworld
