|j|☆KnightKnaveSpy
|j|☆crust king kahn
|t:|1779597720
|gametype|singles
|player|p1|KnightKnaveSpy|101|1560
|player|p2|crust king kahn|102|1541
|gen|9
|tier|[Gen 9] OU
|rated|
|rule|HP Percentage Mod: HP is shown in percentages
|rule|Endless Battle Clause: Forcing endless battles is banned
|rule|Species Clause: Limit one of each Pokémon
|rule|OHKO Clause: OHKO moves are banned
|rule|Evasion Items Clause: Evasion items are banned
|rule|Evasion Moves Clause: Evasion moves are banned
|rule|Evasion Abilities Clause: Evasion abilities are banned
|rule|Sleep Moves Clause: Sleep-inducing moves are banned
|clearpoke
|poke|p1|Samurott-Hisui, F|
|poke|p1|Blaziken, M|
|poke|p1|Kingambit, M|
|poke|p1|Raging Bolt|
|poke|p1|Ogerpon-Wellspring, F|
|poke|p1|Greninja-*, M|
|poke|p2|Cramorant, F|
|poke|p2|Iron Treads|
|poke|p2|Dragonite, F|
|poke|p2|Deoxys-Speed|
|poke|p2|Zamazenta-*|
|poke|p2|Garganacl, F|
|teampreview
|inactive|Battle timer is ON: inactive players will automatically lose when time's up. (requested by KnightKnaveSpy)
|
|t:|1779597740
|teamsize|p1|6
|teamsize|p2|6
|start
|switch|p1a: Samurott|Samurott-Hisui, F|100/100
|switch|p2a: Garganacl|Garganacl, F|100/100
|turn|1
|
|t:|1779597743
|move|p1a: Samurott|Ceaseless Edge|p2a: Garganacl
|-damage|p2a: Garganacl|79/100
|-sidestart|p2: crust king kahn|Spikes
|move|p2a: Garganacl|Salt Cure|p1a: Samurott
|-crit|p1a: Samurott
|-damage|p1a: Samurott|73/100
|-start|p1a: Samurott|Salt Cure
|
|-heal|p2a: Garganacl|85/100|[from] item: Leftovers
|-damage|p1a: Samurott|48/100|[from] Salt Cure
|upkeep
|turn|2
|
|t:|1779597750
|move|p1a: Samurott|Ceaseless Edge|p2a: Garganacl
|-damage|p2a: Garganacl|61/100
|-sidestart|p2: crust king kahn|Spikes
|move|p2a: Garganacl|Body Press|p1a: Samurott
|-supereffective|p1a: Samurott
|-damage|p1a: Samurott|0 fnt
|faint|p1a: Samurott
|
|-heal|p2a: Garganacl|67/100|[from] item: Leftovers
|upkeep
|
|t:|1779597755
|switch|p1a: Ogerpon|Ogerpon-Wellspring, F|100/100
|turn|3
|
|t:|1779597761
|switch|p2a: Dragonite|Dragonite, F|100/100
|move|p1a: Ogerpon|Ivy Cudgel|p2a: Dragonite|[anim] Ivy Cudgel Water
|-resisted|p2a: Dragonite
|-damage|p2a: Dragonite|85/100
|
|upkeep
|turn|4
|
|t:|1779597765
|move|p1a: Ogerpon|U-turn|p2a: Dragonite
|-resisted|p2a: Dragonite
|-damage|p2a: Dragonite|69/100
|
|t:|1779597769
|switch|p1a: Kingambit|Kingambit, M|100/100|[from] U-turn
|-activate|p1a: Kingambit|ability: Supreme Overlord
|-start|p1a: Kingambit|fallen1|[silent]
|move|p2a: Dragonite|Dragon Dance|p2a: Dragonite
|-boost|p2a: Dragonite|atk|1
|-boost|p2a: Dragonite|spe|1
|
|upkeep
|turn|5
|
|t:|1779597774
|move|p2a: Dragonite|Earthquake|p1a: Kingambit
|-supereffective|p1a: Kingambit
|-damage|p1a: Kingambit|12/100
|move|p1a: Kingambit|Kowtow Cleave|p2a: Dragonite
|-damage|p2a: Dragonite|0 fnt
|faint|p2a: Dragonite
|
|upkeep
|
|t:|1779597778
|switch|p2a: Cramorant|Cramorant, F, shiny|100/100
|turn|6
|
|t:|1779597784
|move|p1a: Kingambit|Sucker Punch||[still]
|-fail|p1a: Kingambit
|move|p2a: Cramorant|Defog|p1a: Kingambit
|-unboost|p1a: Kingambit|evasion|1
|-sideend|p2: crust king kahn|Spikes|[from] move: Defog|[of] p2a: Cramorant
|
|upkeep
|turn|7
|
|t:|1779597789
|move|p1a: Kingambit|Sucker Punch|p2a: Cramorant
|-damage|p2a: Cramorant|24/100
|move|p2a: Cramorant|Surf|p1a: Kingambit
|-formechange|p2a: Cramorant|Cramorant-Gorging|
|-damage|p1a: Kingambit|0 fnt
|faint|p1a: Kingambit
|-end|p1a: Kingambit|fallen1|[silent]
|
|upkeep
|
|t:|1779597799
|switch|p1a: Ogerpon|Ogerpon-Wellspring, F|100/100
|turn|8
|
|t:|1779597803
|move|p1a: Ogerpon|Ivy Cudgel|p2a: Cramorant|[anim] Ivy Cudgel Water
|-resisted|p2a: Cramorant
|-damage|p2a: Cramorant|0 fnt
|-damage|p1a: Ogerpon|76/100|[from] ability: Gulp Missile|[of] p2a: Cramorant
|-status|p1a: Ogerpon|par
|-formechange|p2a: Cramorant|Cramorant|
|faint|p2a: Cramorant
|
|upkeep
|
|t:|1779597813
|switch|p2a: Deoxys|Deoxys-Speed|100/100
|-ability|p2a: Deoxys|Pressure
|turn|9
|
|t:|1779597821
|move|p2a: Deoxys|Ice Beam|p1a: Ogerpon
|-damage|p1a: Ogerpon|45/100 par
|move|p1a: Ogerpon|U-turn|p2a: Deoxys
|-supereffective|p2a: Deoxys
|-damage|p2a: Deoxys|11/100
|
|t:|1779597827
|switch|p1a: Greninja|Greninja, M|100/100|[from] U-turn
|
|upkeep
|turn|10
|
|t:|1779597831
|move|p1a: Greninja|Water Shuriken|p2a: Deoxys
|-start|p1a: Greninja|typechange|Water|[from] ability: Protean
|-damage|p2a: Deoxys|1/100
|-damage|p2a: Deoxys|0 fnt
|faint|p2a: Deoxys
|-hitcount|p2: Deoxys|2
|
|upkeep
|
|t:|1779597836
|switch|p2a: Iron Treads|Iron Treads|100/100
|turn|11
|
|t:|1779597842
|-terastallize|p2a: Iron Treads|Grass
|move|p1a: Greninja|Hydro Pump|p2a: Iron Treads
|-resisted|p2a: Iron Treads
|-damage|p2a: Iron Treads|77/100
|move|p2a: Iron Treads|Earthquake|p1a: Greninja
|-damage|p1a: Greninja|28/100
|
|upkeep
|turn|12
|
|t:|1779597855
|switch|p1a: Ogerpon|Ogerpon-Wellspring, F|45/100 par
|move|p2a: Iron Treads|Earthquake|p1a: Ogerpon
|-resisted|p1a: Ogerpon
|-damage|p1a: Ogerpon|16/100 par
|
|upkeep
|turn|13
|
|t:|1779597859
|move|p2a: Iron Treads|Ice Spinner|p1a: Ogerpon
|-damage|p1a: Ogerpon|0 fnt
|faint|p1a: Ogerpon
|
|upkeep
|
|t:|1779597864
|switch|p1a: Blaziken|Blaziken, M|100/100
|turn|14
|
|t:|1779597869
|move|p1a: Blaziken|Detect|p1a: Blaziken
|-singleturn|p1a: Blaziken|Protect
|move|p2a: Iron Treads|Rapid Spin|p1a: Blaziken
|-activate|p1a: Blaziken|move: Protect
|
|-ability|p1a: Blaziken|Speed Boost|boost
|-boost|p1a: Blaziken|spe|1
|upkeep
|turn|15
|
|t:|1779597874
|-end|p2a: Iron Treads|Quark Drive|[silent]
|switch|p2a: Garganacl|Garganacl, F|67/100
|move|p1a: Blaziken|Flare Blitz|p2a: Garganacl
|-resisted|p2a: Garganacl
|-damage|p2a: Garganacl|50/100
|-damage|p1a: Blaziken|93/100|[from] Recoil
|
|-heal|p1a: Blaziken|99/100|[from] item: Leftovers
|-heal|p2a: Garganacl|56/100|[from] item: Leftovers
|-ability|p1a: Blaziken|Speed Boost|boost
|-boost|p1a: Blaziken|spe|1
|upkeep
|turn|16
|
|t:|1779597879
|move|p1a: Blaziken|Close Combat|p2a: Garganacl
|-supereffective|p2a: Garganacl
|-damage|p2a: Garganacl|0 fnt
|-unboost|p1a: Blaziken|def|1
|-unboost|p1a: Blaziken|spd|1
|faint|p2a: Garganacl
|
|-heal|p1a: Blaziken|100/100|[from] item: Leftovers
|-ability|p1a: Blaziken|Speed Boost|boost
|-boost|p1a: Blaziken|spe|1
|upkeep
|
|t:|1779597882
|switch|p2a: Zamazenta|Zamazenta|100/100
|-ability|p2a: Zamazenta|Dauntless Shield|boost
|-boost|p2a: Zamazenta|def|1
|turn|17
|
|t:|1779597892
|switch|p1a: Greninja|Greninja, M|28/100
|move|p2a: Zamazenta|Substitute|p2a: Zamazenta
|-start|p2a: Zamazenta|Substitute
|-damage|p2a: Zamazenta|76/100
|
|-heal|p2a: Zamazenta|82/100|[from] item: Leftovers
|upkeep
|turn|18
|
|t:|1779597911
|-terastallize|p1a: Greninja|Water
|move|p1a: Greninja|Water Shuriken|p2a: Zamazenta
|-activate|p2a: Zamazenta|move: Substitute|[damage]
|-activate|p2a: Zamazenta|move: Substitute|[damage]
|-activate|p2a: Zamazenta|move: Substitute|[damage]
|-end|p2a: Zamazenta|Substitute
|-hitcount|p2a: Zamazenta|4
|move|p2a: Zamazenta|Body Press|p1a: Greninja
|-damage|p1a: Greninja|0 fnt
|faint|p1a: Greninja
|
|-heal|p2a: Zamazenta|88/100|[from] item: Leftovers
|upkeep
|
|t:|1779597920
|switch|p1a: Raging Bolt|Raging Bolt|100/100
|-item|p1a: Raging Bolt|Air Balloon
|turn|19
|
|t:|1779597924
|switch|p2a: Iron Treads|Iron Treads, tera:Grass|77/100
|move|p1a: Raging Bolt|Thunderbolt|p2a: Iron Treads
|-resisted|p2a: Iron Treads
|-damage|p2a: Iron Treads|52/100
|
|upkeep
|turn|20
|
|t:|1779597930
|move|p2a: Iron Treads|Ice Spinner|p1a: Raging Bolt
|-supereffective|p1a: Raging Bolt
|-damage|p1a: Raging Bolt|62/100
|-enditem|p1a: Raging Bolt|Air Balloon
|move|p1a: Raging Bolt|Draco Meteor|p2a: Iron Treads
|-damage|p2a: Iron Treads|0 fnt
|-unboost|p1a: Raging Bolt|spa|2
|faint|p2a: Iron Treads
|-end|p2a: Iron Treads|Quark Drive|[silent]
|
|upkeep
|
|t:|1779597934
|switch|p2a: Zamazenta|Zamazenta|88/100
|turn|21
|
|t:|1779597939
|move|p2a: Zamazenta|Iron Defense|p2a: Zamazenta
|-boost|p2a: Zamazenta|def|2
|move|p1a: Raging Bolt|Volt Switch|p2a: Zamazenta
|-damage|p2a: Zamazenta|71/100
|
|t:|1779597941
|-end|p1a: Raging Bolt|Protosynthesis|[silent]
|switch|p1a: Blaziken|Blaziken, M|100/100|[from] Volt Switch
|
|-heal|p2a: Zamazenta|77/100|[from] item: Leftovers
|upkeep
|turn|22
|
|t:|1779597945
|move|p2a: Zamazenta|Iron Defense|p2a: Zamazenta
|-boost|p2a: Zamazenta|def|2
|move|p1a: Blaziken|Flare Blitz|p2a: Zamazenta
|-damage|p2a: Zamazenta|59/100
|-damage|p1a: Blaziken|93/100|[from] Recoil
|
|-heal|p2a: Zamazenta|66/100|[from] item: Leftovers
|-heal|p1a: Blaziken|99/100|[from] item: Leftovers
|-ability|p1a: Blaziken|Speed Boost|boost
|-boost|p1a: Blaziken|spe|1
|upkeep
|turn|23
|
|t:|1779597950
|move|p1a: Blaziken|Detect|p1a: Blaziken
|-singleturn|p1a: Blaziken|Protect
|move|p2a: Zamazenta|Iron Defense|p2a: Zamazenta
|-boost|p2a: Zamazenta|def|2
|
|-heal|p2a: Zamazenta|72/100|[from] item: Leftovers
|-heal|p1a: Blaziken|100/100|[from] item: Leftovers
|-ability|p1a: Blaziken|Speed Boost|boost
|-boost|p1a: Blaziken|spe|1
|upkeep
|turn|24
|
|t:|1779597953
|move|p1a: Blaziken|Flare Blitz|p2a: Zamazenta
|-damage|p2a: Zamazenta|59/100
|-damage|p1a: Blaziken|95/100|[from] Recoil
|move|p2a: Zamazenta|Body Press|p1a: Blaziken
|-damage|p1a: Blaziken|0 fnt
|faint|p1a: Blaziken
|
|-heal|p2a: Zamazenta|65/100|[from] item: Leftovers
|upkeep
|
|t:|1779597957
|switch|p1a: Raging Bolt|Raging Bolt|62/100
|turn|25
|
|t:|1779597960
|move|p1a: Raging Bolt|Thunderclap||[still]
|-fail|p1a: Raging Bolt
|move|p2a: Zamazenta|Substitute|p2a: Zamazenta
|-start|p2a: Zamazenta|Substitute
|-damage|p2a: Zamazenta|40/100
|
|-heal|p2a: Zamazenta|46/100|[from] item: Leftovers
|upkeep
|turn|26
|-message|KnightKnaveSpy forfeited.
|
|win|crust king kahn
|raw|KnightKnaveSpy's rating: 1560 &rarr; <strong>1539</strong><br />(-21 for losing)
|raw|crust king kahn's rating: 1541 &rarr; <strong>1562</strong><br />(+21 for winning)
|l|☆KnightKnaveSpy
|player|p1|
