|j|☆1birdeater
|j|☆Nickzim
|t:|1779643694
|gametype|singles
|player|p1|1birdeater|drake-gen3|1070
|player|p2|Nickzim|ethan|1096
|gen|9
|tier|[Gen 9] OU
|rated|
|rule|HP Percentage Mod: HP is shown in percentages
|rule|Endless Battle Clause: Forcing endless battles is banned
|rule|Species Clause: Limit one of each Pokémon
|rule|OHKO Clause: OHKO moves are banned
|rule|Evasion Items Clause: Evasion items are banned
|rule|Evasion Moves Clause: Evasion moves are banned
|rule|Evasion Abilities Clause: Evasion abilities are banned
|rule|Sleep Moves Clause: Sleep-inducing moves are banned
|clearpoke
|poke|p1|Braviary-Hisui, M|
|poke|p1|Zamazenta-*|
|poke|p1|Raging Bolt|
|poke|p1|Hatterene, F|
|poke|p1|Gholdengo|
|poke|p1|Darkrai|
|poke|p2|Garganacl, F|
|poke|p2|Greninja-*, F|
|poke|p2|Charizard, M|
|poke|p2|Samurott-Hisui, F|
|poke|p2|Kingambit, F|
|poke|p2|Raging Bolt|
|teampreview
|inactive|Battle timer is ON: inactive players will automatically lose when time's up. (requested by Nickzim)
|inactive|1birdeater also wants the timer to be on.
|
|t:|1779643705
|teamsize|p1|6
|teamsize|p2|6
|start
|switch|p1a: Darkrai|Darkrai|100/100
|switch|p2a: Garganacl|Garganacl, F|100/100
|turn|1
|
|t:|1779643714
|switch|p1a: Zamazenta|Zamazenta|100/100
|-ability|p1a: Zamazenta|Dauntless Shield|boost
|-boost|p1a: Zamazenta|def|1
|move|p2a: Garganacl|Salt Cure|p1a: Zamazenta
|-resisted|p1a: Zamazenta
|-damage|p1a: Zamazenta|97/100
|-start|p1a: Zamazenta|Salt Cure
|
|-damage|p1a: Zamazenta|85/100|[from] Salt Cure
|upkeep
|turn|2
|
|t:|1779643725
|move|p2a: Garganacl|Protect|p2a: Garganacl
|-singleturn|p2a: Garganacl|Protect
|move|p1a: Zamazenta|Close Combat|p2a: Garganacl
|-activate|p2a: Garganacl|move: Protect
|
|-damage|p1a: Zamazenta|73/100|[from] Salt Cure
|upkeep
|turn|3
|
|t:|1779643736
|switch|p2a: Charizard|Charizard, M|100/100
|move|p1a: Zamazenta|Close Combat|p2a: Charizard
|-resisted|p2a: Charizard
|-damage|p2a: Charizard|65/100
|-unboost|p1a: Zamazenta|def|1
|-unboost|p1a: Zamazenta|spd|1
|
|-damage|p1a: Zamazenta|60/100|[from] Salt Cure
|upkeep
|turn|4
|
|t:|1779643752
|switch|p1a: Hatterene|Hatterene, F|100/100
|move|p2a: Charizard|Substitute|p2a: Charizard
|-start|p2a: Charizard|Substitute
|-damage|p2a: Charizard|41/100
|
|upkeep
|turn|5
|
|t:|1779643759
|move|p2a: Charizard|Scorching Sands|p1a: Hatterene
|-damage|p1a: Hatterene|78/100
|move|p1a: Hatterene|Psyshock|p2a: Charizard
|-end|p2a: Charizard|Substitute
|
|-heal|p1a: Hatterene|84/100|[from] item: Leftovers
|upkeep
|turn|6
|
|t:|1779643768
|move|p2a: Charizard|Substitute|p2a: Charizard
|-start|p2a: Charizard|Substitute
|-damage|p2a: Charizard|16/100
|move|p1a: Hatterene|Psyshock|p2a: Charizard
|-end|p2a: Charizard|Substitute
|
|-heal|p1a: Hatterene|90/100|[from] item: Leftovers
|upkeep
|turn|7
|
|t:|1779643770
|move|p2a: Charizard|Scorching Sands|p1a: Hatterene
|-damage|p1a: Hatterene|68/100
|-status|p1a: Hatterene|brn
|move|p1a: Hatterene|Psyshock|p2a: Charizard
|-crit|p2a: Charizard
|-damage|p2a: Charizard|0 fnt
|faint|p2a: Charizard
|
|-heal|p1a: Hatterene|74/100 brn|[from] item: Leftovers
|-damage|p1a: Hatterene|68/100 brn|[from] brn
|upkeep
|
|t:|1779643777
|switch|p2a: Greninja|Greninja, F|100/100
|turn|8
|
|t:|1779643782
|move|p2a: Greninja|U-turn|p1a: Hatterene
|-start|p2a: Greninja|typechange|Bug|[from] ability: Protean
|-damage|p1a: Hatterene|50/100 brn
|
|t:|1779643793
|switch|p2a: Garganacl|Garganacl, F|100/100|[from] U-turn
|move|p1a: Hatterene|Draining Kiss|p2a: Garganacl
|-damage|p2a: Garganacl|85/100
|-heal|p1a: Hatterene|65/100 brn|[from] drain|[of] p2a: Garganacl
|
|-heal|p1a: Hatterene|71/100 brn|[from] item: Leftovers
|-heal|p2a: Garganacl|91/100|[from] item: Leftovers
|-damage|p1a: Hatterene|65/100 brn|[from] brn
|upkeep
|turn|9
|inactive|Nickzim no longer wants the timer on, but the timer is staying on because 1birdeater still does.
|
|t:|1779643820
|switch|p1a: Darkrai|Darkrai|100/100
|move|p2a: Garganacl|Salt Cure|p1a: Darkrai
|-damage|p1a: Darkrai|83/100
|-start|p1a: Darkrai|Salt Cure
|
|-heal|p1a: Darkrai|89/100|[from] item: Leftovers
|-heal|p2a: Garganacl|97/100|[from] item: Leftovers
|-damage|p1a: Darkrai|77/100|[from] Salt Cure
|upkeep
|turn|10
|inactive|Nickzim has 120 seconds left.
|
|t:|1779643867
|move|p2a: Garganacl|Protect|p2a: Garganacl
|-singleturn|p2a: Garganacl|Protect
|move|p1a: Darkrai|Nasty Plot|p1a: Darkrai
|-boost|p1a: Darkrai|spa|2
|
|-heal|p1a: Darkrai|83/100|[from] item: Leftovers
|-heal|p2a: Garganacl|100/100|[from] item: Leftovers
|-damage|p1a: Darkrai|70/100|[from] Salt Cure
|upkeep
|turn|11
|
|t:|1779643892
|move|p2a: Garganacl|Protect|p2a: Garganacl
|-singleturn|p2a: Garganacl|Protect
|move|p1a: Darkrai|Dark Pulse|p2a: Garganacl
|-activate|p2a: Garganacl|move: Protect
|
|-heal|p1a: Darkrai|76/100|[from] item: Leftovers
|-damage|p1a: Darkrai|64/100|[from] Salt Cure
|upkeep
|turn|12
|
|t:|1779643906
|move|p1a: Darkrai|Dark Pulse|p2a: Garganacl
|-damage|p2a: Garganacl|45/100
|move|p2a: Garganacl|Earthquake|p1a: Darkrai
|-damage|p1a: Darkrai|33/100
|
|-heal|p1a: Darkrai|39/100|[from] item: Leftovers
|-heal|p2a: Garganacl|51/100|[from] item: Leftovers
|-damage|p1a: Darkrai|26/100|[from] Salt Cure
|upkeep
|turn|13
|
|t:|1779643914
|move|p2a: Garganacl|Protect|p2a: Garganacl
|-singleturn|p2a: Garganacl|Protect
|move|p1a: Darkrai|Dark Pulse|p2a: Garganacl
|-activate|p2a: Garganacl|move: Protect
|
|-heal|p1a: Darkrai|32/100|[from] item: Leftovers
|-heal|p2a: Garganacl|58/100|[from] item: Leftovers
|-damage|p1a: Darkrai|20/100|[from] Salt Cure
|upkeep
|turn|14
|
|t:|1779643922
|move|p1a: Darkrai|Dark Pulse|p2a: Garganacl
|-damage|p2a: Garganacl|3/100
|move|p2a: Garganacl|Recover|p2a: Garganacl
|-heal|p2a: Garganacl|53/100
|
|-heal|p1a: Darkrai|26/100|[from] item: Leftovers
|-heal|p2a: Garganacl|59/100|[from] item: Leftovers
|-damage|p1a: Darkrai|13/100|[from] Salt Cure
|upkeep
|turn|15
|
|t:|1779643931
|switch|p1a: Gholdengo|Gholdengo|100/100
|move|p2a: Garganacl|Recover|p2a: Garganacl
|-heal|p2a: Garganacl|100/100
|
|upkeep
|turn|16
|
|t:|1779643937
|move|p1a: Gholdengo|Make It Rain|p2a: Garganacl
|-supereffective|p2a: Garganacl
|-damage|p2a: Garganacl|0 fnt
|-unboost|p1a: Gholdengo|spa|1
|faint|p2a: Garganacl
|
|upkeep
|
|t:|1779643942
|switch|p2a: Greninja|Greninja, F|100/100
|turn|17
|inactive|Nickzim has 120 seconds left.
|
|t:|1779643958
|move|p2a: Greninja|Dark Pulse|p1a: Gholdengo
|-start|p2a: Greninja|typechange|Dark|[from] ability: Protean
|-supereffective|p1a: Gholdengo
|-damage|p1a: Gholdengo|0 fnt
|faint|p1a: Gholdengo
|
|upkeep
|
|t:|1779643967
|switch|p1a: Zamazenta|Zamazenta|60/100
|turn|18
|
|t:|1779643972
|switch|p2a: Raging Bolt|Raging Bolt|100/100
|-enditem|p2a: Raging Bolt|Booster Energy
|-activate|p2a: Raging Bolt|ability: Protosynthesis|[fromitem]
|-start|p2a: Raging Bolt|protosynthesisspa
|move|p1a: Zamazenta|Reflect|p1a: Zamazenta
|-sidestart|p1: 1birdeater|Reflect
|
|upkeep
|turn|19
|
|t:|1779643981
|move|p1a: Zamazenta|Light Screen|p1a: Zamazenta
|-sidestart|p1: 1birdeater|move: Light Screen
|move|p2a: Raging Bolt|Calm Mind|p2a: Raging Bolt
|-boost|p2a: Raging Bolt|spa|1
|-boost|p2a: Raging Bolt|spd|1
|
|upkeep
|turn|20
|
|t:|1779643988
|move|p2a: Raging Bolt|Draco Meteor|p1a: Zamazenta
|-damage|p1a: Zamazenta|2/100
|-unboost|p2a: Raging Bolt|spa|2
|move|p1a: Zamazenta|Roar|p2a: Raging Bolt
|-end|p2a: Raging Bolt|Protosynthesis|[silent]
|drag|p2a: Kingambit|Kingambit, F|100/100
|-activate|p2a: Kingambit|ability: Supreme Overlord
|-start|p2a: Kingambit|fallen2|[silent]
|
|upkeep
|turn|21
|
|t:|1779644000
|move|p2a: Kingambit|Sucker Punch|p1a: Zamazenta
|-resisted|p1a: Zamazenta
|-damage|p1a: Zamazenta|0 fnt
|faint|p1a: Zamazenta
|
|upkeep
|
|t:|1779644003
|switch|p1a: Xerxes|Braviary-Hisui, M, shiny|100/100
|turn|22
|
|t:|1779644013
|move|p1a: Xerxes|Vacuum Wave|p2a: Kingambit
|-supereffective|p2a: Kingambit
|-damage|p2a: Kingambit|50/100
|move|p2a: Kingambit|Kowtow Cleave|p1a: Xerxes
|-supereffective|p1a: Xerxes
|-damage|p1a: Xerxes|47/100
|
|upkeep
|turn|23
|
|t:|1779644024
|-end|p2a: Kingambit|fallen2|[silent]
|switch|p2a: Raging Bolt|Raging Bolt|100/100
|move|p1a: Xerxes|Vacuum Wave|p2a: Raging Bolt
|-damage|p2a: Raging Bolt|90/100
|
|upkeep
|turn|24
|
|t:|1779644031
|switch|p1a: Hatterene|Hatterene, F|65/100 brn
|move|p2a: Raging Bolt|Thunderclap||[still]
|-fail|p2a: Raging Bolt
|
|-heal|p1a: Hatterene|71/100 brn|[from] item: Leftovers
|-damage|p1a: Hatterene|65/100 brn|[from] brn
|upkeep
|turn|25
|
|t:|1779644040
|move|p2a: Raging Bolt|Thunderbolt|p1a: Hatterene
|-damage|p1a: Hatterene|35/100 brn
|move|p1a: Hatterene|Draining Kiss|p2a: Raging Bolt
|-supereffective|p2a: Raging Bolt
|-damage|p2a: Raging Bolt|46/100
|-heal|p1a: Hatterene|75/100 brn|[from] drain|[of] p2a: Raging Bolt
|
|-heal|p1a: Hatterene|81/100 brn|[from] item: Leftovers
|-damage|p1a: Hatterene|75/100 brn|[from] brn
|-sideend|p1: 1birdeater|Reflect
|upkeep
|turn|26
|
|t:|1779644049
|move|p2a: Raging Bolt|Thunderbolt|p1a: Hatterene
|-damage|p1a: Hatterene|46/100 brn
|move|p1a: Hatterene|Draining Kiss|p2a: Raging Bolt
|-supereffective|p2a: Raging Bolt
|-damage|p2a: Raging Bolt|0 fnt
|-heal|p1a: Hatterene|88/100 brn|[from] drain|[of] p2a: Raging Bolt
|faint|p2a: Raging Bolt
|-end|p2a: Raging Bolt|Protosynthesis|[silent]
|
|-heal|p1a: Hatterene|94/100 brn|[from] item: Leftovers
|-damage|p1a: Hatterene|88/100 brn|[from] brn
|-sideend|p1: 1birdeater|move: Light Screen
|upkeep
|
|t:|1779644054
|switch|p2a: Greninja|Greninja, F|100/100
|turn|27
|
|t:|1779644063
|move|p2a: Greninja|Ice Beam|p1a: Hatterene
|-start|p2a: Greninja|typechange|Ice|[from] ability: Protean
|-damage|p1a: Hatterene|27/100 brn
|move|p1a: Hatterene|Nuzzle|p2a: Greninja
|-damage|p2a: Greninja|97/100
|-status|p2a: Greninja|par
|
|-heal|p1a: Hatterene|33/100 brn|[from] item: Leftovers
|-damage|p1a: Hatterene|27/100 brn|[from] brn
|upkeep
|turn|28
|
|t:|1779644074
|cant|p2a: Greninja|par
|move|p1a: Hatterene|Draining Kiss|p2a: Greninja
|-crit|p2a: Greninja
|-damage|p2a: Greninja|48/100 par
|-heal|p1a: Hatterene|61/100 brn|[from] drain|[of] p2a: Greninja
|
|-heal|p1a: Hatterene|67/100 brn|[from] item: Leftovers
|-damage|p1a: Hatterene|61/100 brn|[from] brn
|upkeep
|turn|29
|
|t:|1779644076
|move|p2a: Greninja|Ice Beam|p1a: Hatterene
|-damage|p1a: Hatterene|0 fnt
|faint|p1a: Hatterene
|
|upkeep
|
|t:|1779644082
|switch|p1a: Darkrai|Darkrai|13/100
|turn|30
|
|t:|1779644088
|switch|p2a: Samurott|Samurott-Hisui, F|100/100
|move|p1a: Darkrai|Dark Pulse|p2a: Samurott
|-resisted|p2a: Samurott
|-damage|p2a: Samurott|71/100
|
|-heal|p1a: Darkrai|19/100|[from] item: Leftovers
|upkeep
|turn|31
|
|t:|1779644100
|move|p2a: Samurott|Aqua Jet|p1a: Darkrai
|-damage|p1a: Darkrai|0 fnt
|faint|p1a: Darkrai
|
|upkeep
|
|t:|1779644103
|switch|p1a: Xerxes|Braviary-Hisui, M, shiny|47/100
|turn|32
|
|t:|1779644112
|-terastallize|p1a: Xerxes|Fighting
|move|p2a: Samurott|Ceaseless Edge|p1a: Xerxes
|-resisted|p1a: Xerxes
|-damage|p1a: Xerxes|30/100
|-sidestart|p1: 1birdeater|Spikes
|move|p1a: Xerxes|Roost|p1a: Xerxes
|-heal|p1a: Xerxes|80/100
|
|upkeep
|turn|33
|
|t:|1779644118
|move|p2a: Samurott|Razor Shell|p1a: Xerxes
|-damage|p1a: Xerxes|43/100
|move|p1a: Xerxes|Calm Mind|p1a: Xerxes
|-boost|p1a: Xerxes|spa|1
|-boost|p1a: Xerxes|spd|1
|
|upkeep
|turn|34
|
|t:|1779644126
|move|p2a: Samurott|Razor Shell|p1a: Xerxes
|-damage|p1a: Xerxes|4/100
|move|p1a: Xerxes|Roost|p1a: Xerxes
|-heal|p1a: Xerxes|54/100
|
|upkeep
|turn|35
|
|t:|1779644133
|move|p2a: Samurott|Razor Shell|p1a: Xerxes
|-damage|p1a: Xerxes|18/100
|move|p1a: Xerxes|Roost|p1a: Xerxes
|-heal|p1a: Xerxes|68/100
|
|upkeep
|turn|36
|
|t:|1779644139
|move|p2a: Samurott|Ceaseless Edge|p1a: Xerxes
|-resisted|p1a: Xerxes
|-damage|p1a: Xerxes|51/100
|-sidestart|p1: 1birdeater|Spikes
|move|p1a: Xerxes|Roost|p1a: Xerxes
|-heal|p1a: Xerxes|100/100
|
|upkeep
|turn|37
|
|t:|1779644145
|move|p2a: Samurott|Ceaseless Edge|p1a: Xerxes|[miss]
|-miss|p2a: Samurott|p1a: Xerxes
|move|p1a: Xerxes|Calm Mind|p1a: Xerxes
|-boost|p1a: Xerxes|spa|1
|-boost|p1a: Xerxes|spd|1
|
|upkeep
|turn|38
|
|t:|1779644152
|move|p2a: Samurott|Knock Off|p1a: Xerxes
|-resisted|p1a: Xerxes
|-damage|p1a: Xerxes|83/100
|-enditem|p1a: Xerxes|Covert Cloak|[from] move: Knock Off|[of] p2a: Samurott
|move|p1a: Xerxes|Calm Mind|p1a: Xerxes
|-boost|p1a: Xerxes|spa|1
|-boost|p1a: Xerxes|spd|1
|
|upkeep
|turn|39
|
|t:|1779644160
|move|p2a: Samurott|Razor Shell|p1a: Xerxes
|-damage|p1a: Xerxes|46/100
|-unboost|p1a: Xerxes|def|1
|move|p1a: Xerxes|Calm Mind|p1a: Xerxes
|-boost|p1a: Xerxes|spa|1
|-boost|p1a: Xerxes|spd|1
|
|upkeep
|turn|40
|
|t:|1779644167
|move|p1a: Xerxes|Vacuum Wave|p2a: Samurott
|-supereffective|p2a: Samurott
|-damage|p2a: Samurott|0 fnt
|faint|p2a: Samurott
|
|upkeep
|
|t:|1779644171
|switch|p2a: Greninja|Greninja, F|48/100 par
|turn|41
|
|t:|1779644175
|move|p1a: Xerxes|Vacuum Wave|p2a: Greninja
|-supereffective|p2a: Greninja
|-damage|p2a: Greninja|0 fnt
|faint|p2a: Greninja
|
|upkeep
|
|t:|1779644177
|switch|p2a: Kingambit|Kingambit, F|50/100
|-activate|p2a: Kingambit|ability: Supreme Overlord
|-start|p2a: Kingambit|fallen5|[silent]
|turn|42
|
|t:|1779644183
|move|p2a: Kingambit|Sucker Punch|p1a: Xerxes
|-resisted|p1a: Xerxes
|-damage|p1a: Xerxes|2/100
|move|p1a: Xerxes|Vacuum Wave|p2a: Kingambit
|-supereffective|p2a: Kingambit
|-damage|p2a: Kingambit|0 fnt
|faint|p2a: Kingambit
|-end|p2a: Kingambit|fallen5|[silent]
|
|win|1birdeater
|raw|1birdeater's rating: 1070 &rarr; <strong>1102</strong><br />(+32 for winning)
|raw|Nickzim's rating: 1096 &rarr; <strong>1070</strong><br />(-26 for losing)
|l|☆Nickzim
|player|p2|
