|j|☆Whole Lotta Doom
|j|☆Superweeegeegamur
|t:|1779642926
|gametype|singles
|player|p1|Whole Lotta Doom|102|1410
|player|p2|Superweeegeegamur|nate|1412
|gen|9
|tier|[Gen 9] OU
|rated|
|rule|HP Percentage Mod: HP is shown in percentages
|rule|Endless Battle Clause: Forcing endless battles is banned
|rule|Species Clause: Limit one of each Pokémon
|rule|OHKO Clause: OHKO moves are banned
|rule|Evasion Items Clause: Evasion items are banned
|rule|Evasion Moves Clause: Evasion moves are banned
|rule|Evasion Abilities Clause: Evasion abilities are banned
|rule|Sleep Moves Clause: Sleep-inducing moves are banned
|clearpoke
|poke|p1|Tyranitar, F|
|poke|p1|Pelipper, F|
|poke|p1|Torkoal, F|
|poke|p1|Raging Bolt|
|poke|p1|Barraskewda, F|
|poke|p1|Excadrill, F|
|poke|p2|Zamazenta-*|
|poke|p2|Porygon-Z|
|poke|p2|Skeledirge, F|
|poke|p2|Alomomola, F|
|poke|p2|Ting-Lu|
|poke|p2|Corviknight, F|
|teampreview
|inactive|Battle timer is ON: inactive players will automatically lose when time's up. (requested by Whole Lotta Doom)
|
|t:|1779642953
|teamsize|p1|6
|teamsize|p2|6
|start
|switch|p1a: Shaq in the 3rd|Pelipper, F|100/100
|switch|p2a: Porygon-Z|Porygon-Z|100/100
|-ability|p2a: Porygon-Z|Download|boost
|-boost|p2a: Porygon-Z|spa|1
|-weather|RainDance|[from] ability: Drizzle|[of] p1a: Shaq in the 3rd
|turn|1
|inactive|Whole Lotta Doom has 120 seconds left.
|
|t:|1779643001
|switch|p1a: Osama bin Laden|Tyranitar, F, shiny|100/100
|-weather|Sandstorm|[from] ability: Sand Stream|[of] p1a: Osama bin Laden
|move|p2a: Porygon-Z|Tri Attack|p1a: Osama bin Laden
|-resisted|p1a: Osama bin Laden
|-damage|p1a: Osama bin Laden|72/100
|
|-weather|Sandstorm|[upkeep]
|-damage|p2a: Porygon-Z|94/100|[from] Sandstorm
|-heal|p1a: Osama bin Laden|78/100|[from] item: Leftovers
|upkeep
|turn|2
|
|t:|1779643017
|switch|p2a: Ting-Lu|Ting-Lu|100/100
|-ability|p2a: Ting-Lu|Vessel of Ruin
|move|p1a: Osama bin Laden|Knock Off|p2a: Ting-Lu
|-resisted|p2a: Ting-Lu
|-damage|p2a: Ting-Lu|86/100
|-enditem|p2a: Ting-Lu|Leftovers|[from] move: Knock Off|[of] p1a: Osama bin Laden
|
|-weather|Sandstorm|[upkeep]
|-heal|p1a: Osama bin Laden|84/100|[from] item: Leftovers
|upkeep
|turn|3
|inactive|Whole Lotta Doom has 90 seconds left.
|
|t:|1779643051
|move|p1a: Osama bin Laden|Ice Punch|p2a: Ting-Lu
|-supereffective|p2a: Ting-Lu
|-damage|p2a: Ting-Lu|56/100
|move|p2a: Ting-Lu|Stealth Rock|p1a: Osama bin Laden
|-sidestart|p1: Whole Lotta Doom|move: Stealth Rock
|
|-weather|Sandstorm|[upkeep]
|-heal|p1a: Osama bin Laden|90/100|[from] item: Leftovers
|upkeep
|turn|4
|inactive|Whole Lotta Doom has 90 seconds left.
|
|t:|1779643064
|switch|p2a: Corviknight|Corviknight, F|100/100
|-ability|p2a: Corviknight|Pressure
|move|p1a: Osama bin Laden|Dragon Dance|p1a: Osama bin Laden
|-boost|p1a: Osama bin Laden|atk|1
|-boost|p1a: Osama bin Laden|spe|1
|
|-weather|Sandstorm|[upkeep]
|-heal|p1a: Osama bin Laden|96/100|[from] item: Leftovers
|upkeep
|turn|5
|inactive|Whole Lotta Doom has 90 seconds left.
|
|t:|1779643082
|switch|p1a: No No No|Torkoal, F, shiny|100/100
|-damage|p1a: No No No|75/100|[from] Stealth Rock
|-weather|SunnyDay|[from] ability: Drought|[of] p1a: No No No
|move|p2a: Corviknight|U-turn|p1a: No No No
|-resisted|p1a: No No No
|-damage|p1a: No No No|72/100
|
|t:|1779643090
|switch|p2a: Porygon-Z|Porygon-Z|94/100|[from] U-turn
|-ability|p2a: Porygon-Z|Download|boost
|-boost|p2a: Porygon-Z|spa|1
|
|-weather|SunnyDay|[upkeep]
|-heal|p1a: No No No|78/100|[from] item: Leftovers
|upkeep
|turn|6
|inactive|Whole Lotta Doom has 90 seconds left.
|
|t:|1779643124
|switch|p1a: Son of Odin|Raging Bolt|100/100
|-damage|p1a: Son of Odin|88/100|[from] Stealth Rock
|-activate|p1a: Son of Odin|ability: Protosynthesis
|-start|p1a: Son of Odin|protosynthesisspa
|move|p2a: Porygon-Z|Tri Attack|p1a: Son of Odin
|-damage|p1a: Son of Odin|33/100
|
|-weather|SunnyDay|[upkeep]
|upkeep
|turn|7
|
|t:|1779643135
|move|p1a: Son of Odin|Thunderclap|p2a: Porygon-Z
|-damage|p2a: Porygon-Z|21/100
|move|p2a: Porygon-Z|Tri Attack|p1a: Son of Odin
|-damage|p1a: Son of Odin|0 fnt
|faint|p1a: Son of Odin
|-end|p1a: Son of Odin|Protosynthesis|[silent]
|
|-weather|SunnyDay|[upkeep]
|upkeep
|inactive|Whole Lotta Doom has 60 seconds left.
|
|t:|1779643170
|switch|p1a: Kobe in the 4th|Barraskewda, F, shiny|100/100
|-damage|p1a: Kobe in the 4th|88/100|[from] Stealth Rock
|turn|8
|
|t:|1779643186
|switch|p2a: Alomomola|Alomomola, F|100/100
|move|p1a: Kobe in the 4th|Liquidation|p2a: Alomomola
|-resisted|p2a: Alomomola
|-damage|p2a: Alomomola|91/100
|
|-weather|SunnyDay|[upkeep]
|upkeep
|turn|9
|
|t:|1779643196
|switch|p1a: No No No|Torkoal, F, shiny|78/100
|-damage|p1a: No No No|53/100|[from] Stealth Rock
|move|p2a: Alomomola|Scald|p1a: No No No
|-supereffective|p1a: No No No
|-damage|p1a: No No No|34/100
|
|-weather|none
|-heal|p1a: No No No|40/100|[from] item: Leftovers
|upkeep
|turn|10
|
|t:|1779643206
|move|p2a: Alomomola|Wish|p2a: Alomomola
|move|p1a: No No No|Rapid Spin|p2a: Alomomola
|-damage|p2a: Alomomola|85/100
|-boost|p1a: No No No|spe|1
|-sideend|p1: Whole Lotta Doom|Stealth Rock|[from] move: Rapid Spin|[of] p1a: No No No
|
|-heal|p1a: No No No|46/100|[from] item: Leftovers
|upkeep
|turn|11
|
|t:|1779643214
|move|p2a: Alomomola|Flip Turn|p1a: No No No
|-supereffective|p1a: No No No
|-damage|p1a: No No No|28/100
|
|t:|1779643219
|switch|p2a: Ting-Lu|Ting-Lu|56/100|[from] Flip Turn
|-ability|p2a: Ting-Lu|Vessel of Ruin
|move|p1a: No No No|Stealth Rock|p2a: Ting-Lu
|-sidestart|p2: Superweeegeegamur|move: Stealth Rock
|
|-heal|p2a: Ting-Lu|100/100|[from] move: Wish|[wisher] Alomomola
|-heal|p1a: No No No|34/100|[from] item: Leftovers
|upkeep
|turn|12
|
|t:|1779643233
|move|p2a: Ting-Lu|Earthquake|p1a: No No No
|-supereffective|p1a: No No No
|-damage|p1a: No No No|0 fnt
|faint|p1a: No No No
|
|upkeep
|
|t:|1779643237
|switch|p1a: Shaq in the 3rd|Pelipper, F|100/100
|-weather|RainDance|[from] ability: Drizzle|[of] p1a: Shaq in the 3rd
|turn|13
|
|t:|1779643248
|switch|p2a: Alomomola|Alomomola, F|100/100
|move|p1a: Shaq in the 3rd|Surf|p2a: Alomomola
|-resisted|p2a: Alomomola
|-damage|p2a: Alomomola|71/100
|
|-weather|RainDance|[upkeep]
|upkeep
|turn|14
|inactive|Whole Lotta Doom has 90 seconds left.
|
|t:|1779643282
|move|p1a: Shaq in the 3rd|Hurricane|p2a: Alomomola
|-damage|p2a: Alomomola|23/100
|move|p2a: Alomomola|Wish|p2a: Alomomola
|
|-weather|RainDance|[upkeep]
|upkeep
|turn|15
|
|t:|1779643292
|switch|p2a: Corviknight|Corviknight, F|100/100
|-damage|p2a: Corviknight|88/100|[from] Stealth Rock
|-ability|p2a: Corviknight|Pressure
|move|p1a: Shaq in the 3rd|Surf|p2a: Corviknight
|-damage|p2a: Corviknight|27/100
|
|-weather|RainDance|[upkeep]
|-heal|p2a: Corviknight|86/100|[from] move: Wish|[wisher] Alomomola
|upkeep
|turn|16
|
|t:|1779643305
|move|p2a: Corviknight|Defog|p1a: Shaq in the 3rd
|-unboost|p1a: Shaq in the 3rd|evasion|1
|-sideend|p2: Superweeegeegamur|Stealth Rock|[from] move: Defog|[of] p2a: Corviknight
|move|p1a: Shaq in the 3rd|Surf|p2a: Corviknight
|-damage|p2a: Corviknight|27/100
|
|-weather|RainDance|[upkeep]
|upkeep
|turn|17
|
|t:|1779643322
|move|p2a: Corviknight|U-turn|p1a: Shaq in the 3rd
|-resisted|p1a: Shaq in the 3rd
|-damage|p1a: Shaq in the 3rd|93/100
|
|t:|1779643325
|switch|p2a: Alomomola|Alomomola, F|57/100|[from] U-turn
|move|p1a: Shaq in the 3rd|Hurricane|p2a: Alomomola
|-damage|p2a: Alomomola|12/100
|-start|p2a: Alomomola|confusion
|
|-weather|RainDance|[upkeep]
|upkeep
|turn|18
|inactive|Whole Lotta Doom has 90 seconds left.
|
|t:|1779643339
|switch|p2a: Corviknight|Corviknight, F|27/100
|-ability|p2a: Corviknight|Pressure
|move|p1a: Shaq in the 3rd|Surf|p2a: Corviknight
|-crit|p2a: Corviknight
|-damage|p2a: Corviknight|0 fnt
|faint|p2a: Corviknight
|
|-weather|RainDance|[upkeep]
|upkeep
|inactive|Superweeegeegamur has 120 seconds left.
|
|t:|1779643373
|switch|p2a: Porygon-Z|Porygon-Z|21/100
|-ability|p2a: Porygon-Z|Download|boost
|-boost|p2a: Porygon-Z|spa|1
|turn|19
|
|t:|1779643378
|switch|p1a: Osama bin Laden|Tyranitar, F, shiny|96/100
|-weather|Sandstorm|[from] ability: Sand Stream|[of] p1a: Osama bin Laden
|-terastallize|p2a: Porygon-Z|Ice
|move|p2a: Porygon-Z|Ice Beam|p1a: Osama bin Laden
|-damage|p1a: Osama bin Laden|38/100
|
|-weather|Sandstorm|[upkeep]
|-damage|p2a: Porygon-Z|15/100|[from] Sandstorm
|-heal|p1a: Osama bin Laden|44/100|[from] item: Leftovers
|upkeep
|turn|20
|
|t:|1779643392
|move|p2a: Porygon-Z|Ice Beam|p1a: Osama bin Laden
|-damage|p1a: Osama bin Laden|0 fnt
|faint|p1a: Osama bin Laden
|
|-weather|Sandstorm|[upkeep]
|-damage|p2a: Porygon-Z|9/100|[from] Sandstorm
|upkeep
|inactive|Whole Lotta Doom has 90 seconds left.
|
|t:|1779643413
|switch|p1a: Curry for Three|Excadrill, F, shiny|100/100
|turn|21
|
|t:|1779643430
|switch|p2a: Zamazenta|Zamazenta|100/100
|-ability|p2a: Zamazenta|Dauntless Shield|boost
|-boost|p2a: Zamazenta|def|1
|move|p1a: Curry for Three|Earthquake|p2a: Zamazenta
|-damage|p2a: Zamazenta|59/100
|
|-weather|Sandstorm|[upkeep]
|-damage|p2a: Zamazenta|53/100|[from] Sandstorm
|-heal|p2a: Zamazenta|59/100|[from] item: Leftovers
|upkeep
|turn|22
|
|t:|1779643444
|-terastallize|p1a: Curry for Three|Flying
|move|p1a: Curry for Three|Earthquake|p2a: Zamazenta
|-damage|p2a: Zamazenta|14/100
|move|p2a: Zamazenta|Body Press|p1a: Curry for Three
|-resisted|p1a: Curry for Three
|-damage|p1a: Curry for Three|57/100
|
|-weather|Sandstorm|[upkeep]
|-damage|p2a: Zamazenta|8/100|[from] Sandstorm
|-heal|p2a: Zamazenta|14/100|[from] item: Leftovers
|upkeep
|turn|23
|
|t:|1779643456
|move|p1a: Curry for Three|Earthquake|p2a: Zamazenta
|-damage|p2a: Zamazenta|0 fnt
|faint|p2a: Zamazenta
|
|-weather|none
|upkeep
|inactive|Superweeegeegamur has 120 seconds left.
|
|t:|1779643467
|switch|p2a: Porygon-Z|Porygon-Z, tera:Ice|9/100
|-ability|p2a: Porygon-Z|Download|boost
|-boost|p2a: Porygon-Z|atk|1
|turn|24
|
|t:|1779643481
|move|p2a: Porygon-Z|Ice Beam|p1a: Curry for Three
|-supereffective|p1a: Curry for Three
|-damage|p1a: Curry for Three|0 fnt
|faint|p1a: Curry for Three
|
|upkeep
|
|t:|1779643490
|switch|p1a: Kobe in the 4th|Barraskewda, F, shiny|88/100
|turn|25
|
|t:|1779643497
|switch|p2a: Alomomola|Alomomola, F|46/100
|move|p1a: Kobe in the 4th|Liquidation|p2a: Alomomola
|-resisted|p2a: Alomomola
|-damage|p2a: Alomomola|26/100
|
|upkeep
|turn|26
|inactive|Whole Lotta Doom has 120 seconds left.
|
|t:|1779643508
|move|p1a: Kobe in the 4th|Liquidation|p2a: Alomomola
|-resisted|p2a: Alomomola
|-damage|p2a: Alomomola|3/100
|move|p2a: Alomomola|Wish|p2a: Alomomola
|
|upkeep
|turn|27
|
|t:|1779643514
|move|p2a: Alomomola|Protect|p2a: Alomomola
|-singleturn|p2a: Alomomola|Protect
|move|p1a: Kobe in the 4th|Liquidation|p2a: Alomomola
|-activate|p2a: Alomomola|move: Protect
|
|-heal|p2a: Alomomola|53/100|[from] move: Wish|[wisher] Alomomola
|upkeep
|turn|28
|
|t:|1779643522
|move|p1a: Kobe in the 4th|Liquidation|p2a: Alomomola
|-resisted|p2a: Alomomola
|-damage|p2a: Alomomola|34/100
|-unboost|p2a: Alomomola|def|1
|move|p2a: Alomomola|Wish|p2a: Alomomola
|
|upkeep
|turn|29
|
|t:|1779643529
|move|p2a: Alomomola|Protect|p2a: Alomomola
|-singleturn|p2a: Alomomola|Protect
|move|p1a: Kobe in the 4th|Liquidation|p2a: Alomomola
|-activate|p2a: Alomomola|move: Protect
|
|-heal|p2a: Alomomola|84/100|[from] move: Wish|[wisher] Alomomola
|upkeep
|turn|30
|c|☆Whole Lotta Doom|shit
|
|t:|1779643548
|move|p1a: Kobe in the 4th|Liquidation|p2a: Alomomola
|-resisted|p2a: Alomomola
|-damage|p2a: Alomomola|53/100
|move|p2a: Alomomola|Flip Turn|p1a: Kobe in the 4th
|-resisted|p1a: Kobe in the 4th
|-damage|p1a: Kobe in the 4th|72/100
|
|t:|1779643562
|switch|p2a: Ting-Lu|Ting-Lu|100/100|[from] Flip Turn
|-ability|p2a: Ting-Lu|Vessel of Ruin
|
|upkeep
|turn|31
|
|t:|1779643569
|switch|p1a: Shaq in the 3rd|Pelipper, F|93/100
|-weather|RainDance|[from] ability: Drizzle|[of] p1a: Shaq in the 3rd
|move|p2a: Ting-Lu|Earthquake|p1a: Shaq in the 3rd
|-immune|p1a: Shaq in the 3rd
|
|-weather|RainDance|[upkeep]
|upkeep
|turn|32
|
|t:|1779643578
|move|p1a: Shaq in the 3rd|Hurricane|p2a: Ting-Lu
|-damage|p2a: Ting-Lu|81/100
|-start|p2a: Ting-Lu|confusion
|-activate|p2a: Ting-Lu|confusion
|move|p2a: Ting-Lu|Ruination|p1a: Shaq in the 3rd
|-damage|p1a: Shaq in the 3rd|47/100
|
|-weather|RainDance|[upkeep]
|upkeep
|turn|33
|
|t:|1779643591
|move|p1a: Shaq in the 3rd|Hurricane|p2a: Ting-Lu
|-damage|p2a: Ting-Lu|60/100
|-activate|p2a: Ting-Lu|confusion
|-damage|p2a: Ting-Lu|54/100|[from] confusion
|
|-weather|RainDance|[upkeep]
|upkeep
|turn|34
|
|t:|1779643599
|move|p1a: Shaq in the 3rd|Surf|p2a: Ting-Lu
|-supereffective|p2a: Ting-Lu
|-damage|p2a: Ting-Lu|5/100
|-activate|p2a: Ting-Lu|confusion
|move|p2a: Ting-Lu|Whirlwind|p1a: Shaq in the 3rd
|drag|p1a: Kobe in the 4th|Barraskewda, F, shiny|72/100
|
|-weather|RainDance|[upkeep]
|upkeep
|turn|35
|
|t:|1779643608
|move|p1a: Kobe in the 4th|Liquidation|p2a: Ting-Lu
|-supereffective|p2a: Ting-Lu
|-damage|p2a: Ting-Lu|0 fnt
|faint|p2a: Ting-Lu
|
|-weather|RainDance|[upkeep]
|upkeep
|
|t:|1779643615
|switch|p2a: Alomomola|Alomomola, F|87/100
|turn|36
|
|t:|1779643622
|move|p1a: Kobe in the 4th|Liquidation|p2a: Alomomola
|-resisted|p2a: Alomomola
|-damage|p2a: Alomomola|56/100
|-unboost|p2a: Alomomola|def|1
|move|p2a: Alomomola|Wish|p2a: Alomomola
|
|-weather|RainDance|[upkeep]
|upkeep
|turn|37
|
|t:|1779643640
|move|p1a: Kobe in the 4th|Liquidation|p2a: Alomomola
|-resisted|p2a: Alomomola
|-damage|p2a: Alomomola|7/100
|move|p2a: Alomomola|Flip Turn|p1a: Kobe in the 4th
|-resisted|p1a: Kobe in the 4th
|-damage|p1a: Kobe in the 4th|47/100
|
|t:|1779643646
|switch|p2a: Skeledirge|Skeledirge, F|100/100|[from] Flip Turn
|
|-weather|RainDance|[upkeep]
|upkeep
|turn|38
|
|t:|1779643654
|move|p1a: Kobe in the 4th|Liquidation|p2a: Skeledirge
|-supereffective|p2a: Skeledirge
|-damage|p2a: Skeledirge|0 fnt
|faint|p2a: Skeledirge
|
|-weather|none
|upkeep
|
|t:|1779643664
|switch|p2a: Alomomola|Alomomola, F|41/100
|turn|39
|
|t:|1779643668
|switch|p1a: Shaq in the 3rd|Pelipper, F|47/100
|-weather|RainDance|[from] ability: Drizzle|[of] p1a: Shaq in the 3rd
|move|p2a: Alomomola|Wish|p2a: Alomomola
|
|-weather|RainDance|[upkeep]
|upkeep
|turn|40
|
|t:|1779643676
|move|p1a: Shaq in the 3rd|Hurricane|p2a: Alomomola
|-damage|p2a: Alomomola|0 fnt
|faint|p2a: Alomomola
|
|-weather|RainDance|[upkeep]
|upkeep
|
|t:|1779643678
|switch|p2a: Porygon-Z|Porygon-Z, tera:Ice|9/100
|-ability|p2a: Porygon-Z|Download|boost
|-boost|p2a: Porygon-Z|spa|1
|turn|41
|
|t:|1779643689
|move|p2a: Porygon-Z|Ice Beam|p1a: Shaq in the 3rd
|-damage|p1a: Shaq in the 3rd|0 fnt
|faint|p1a: Shaq in the 3rd
|
|-weather|RainDance|[upkeep]
|upkeep
|
|t:|1779643691
|switch|p1a: Kobe in the 4th|Barraskewda, F, shiny|47/100
|turn|42
|
|t:|1779643695
|move|p1a: Kobe in the 4th|Aqua Jet|p2a: Porygon-Z
|-damage|p2a: Porygon-Z|0 fnt
|faint|p2a: Porygon-Z
|
|win|Whole Lotta Doom
|raw|Whole Lotta Doom's rating: 1410 &rarr; <strong>1430</strong><br />(+20 for winning)
|raw|Superweeegeegamur's rating: 1412 &rarr; <strong>1392</strong><br />(-20 for losing)
|l|☆Superweeegeegamur
|player|p2|
