|j|☆Acespeedy1
|j|☆CIodSuspectTest
|t:|1779639069
|gametype|singles
|player|p1|Acespeedy1|red|1386
|player|p2|CIodSuspectTest|170|1388
|gen|9
|tier|[Gen 9] OU
|rated|
|rule|HP Percentage Mod: HP is shown in percentages
|rule|Endless Battle Clause: Forcing endless battles is banned
|rule|Species Clause: Limit one of each Pokémon
|rule|OHKO Clause: OHKO moves are banned
|rule|Evasion Items Clause: Evasion items are banned
|rule|Evasion Moves Clause: Evasion moves are banned
|rule|Evasion Abilities Clause: Evasion abilities are banned
|rule|Sleep Moves Clause: Sleep-inducing moves are banned
|clearpoke
|poke|p1|Blaziken, M|
|poke|p1|Rillaboom, M|
|poke|p1|Dragapult, M|
|poke|p1|Slowking-Galar, M|
|poke|p1|Corviknight, M|
|poke|p1|Quagsire, M|
|poke|p2|Zoroark-Hisui, F|
|poke|p2|Zamazenta-*|
|poke|p2|Clodsire, M|
|poke|p2|Ogerpon-Wellspring, F|
|poke|p2|Cinderace, M|
|poke|p2|Deoxys-Speed|
|teampreview
|inactive|Battle timer is ON: inactive players will automatically lose when time's up. (requested by Acespeedy1)
|
|t:|1779639083
|teamsize|p1|6
|teamsize|p2|6
|start
|switch|p1a: Corviknight|Corviknight, M, shiny|100/100
|switch|p2a: gay lil chud|Cinderace, M|100/100
|turn|1
|
|t:|1779639088
|switch|p1a: Quagsire|Quagsire, M|100/100
|move|p2a: gay lil chud|Pyro Ball|p1a: Quagsire
|-resisted|p1a: Quagsire
|-damage|p1a: Quagsire|79/100
|
|-heal|p1a: Quagsire|85/100|[from] item: Leftovers
|upkeep
|turn|2
|
|t:|1779639096
|move|p2a: gay lil chud|U-turn|p1a: Quagsire
|-start|p2a: gay lil chud|typechange|Bug|[from] ability: Libero
|-damage|p1a: Quagsire|61/100
|
|t:|1779639098
|switch|p2a: Ogerpon|Ogerpon-Wellspring, F|100/100|[from] U-turn
|move|p1a: Quagsire|Toxic|p2a: Ogerpon
|-status|p2a: Ogerpon|tox
|
|-heal|p1a: Quagsire|67/100|[from] item: Leftovers
|-damage|p2a: Ogerpon|95/100 tox|[from] psn
|upkeep
|turn|3
|
|t:|1779639103
|switch|p1a: Corviknight|Corviknight, M, shiny|100/100
|move|p2a: Ogerpon|U-turn|p1a: Corviknight
|-resisted|p1a: Corviknight
|-damage|p1a: Corviknight|97/100
|-damage|p2a: Ogerpon|78/100 tox|[from] item: Rocky Helmet|[of] p1a: Corviknight
|
|t:|1779639105
|switch|p2a: Clodsire|Clodsire, M|100/100|[from] U-turn
|-item|p2a: Clodsire|Air Balloon
|
|upkeep
|turn|4
|
|t:|1779639109
|move|p2a: Clodsire|Will-O-Wisp|p1a: Corviknight
|-status|p1a: Corviknight|brn
|move|p1a: Corviknight|U-turn|p2a: Clodsire
|-resisted|p2a: Clodsire
|-damage|p2a: Clodsire|93/100
|replace|p2a: Zoroark|Zoroark-Hisui, F, shiny
|-end|p2a: Zoroark|Illusion
|-enditem|p2a: Zoroark|Air Balloon
|
|t:|1779639117
|switch|p1a: Dragapult|Dragapult, M|100/100|[from] U-turn
|
|upkeep
|turn|5
|
|t:|1779639119
|move|p2a: Zoroark|Shadow Sneak|p1a: Dragapult
|-supereffective|p1a: Dragapult
|-damage|p1a: Dragapult|62/100
|move|p1a: Dragapult|Draco Meteor|p2a: Zoroark|[miss]
|-miss|p1a: Dragapult|p2a: Zoroark
|
|upkeep
|turn|6
|
|t:|1779639126
|switch|p1a: Corviknight|Corviknight, M, shiny|97/100 brn
|move|p2a: Zoroark|Hex|p1a: Corviknight
|-damage|p1a: Corviknight|34/100 brn
|
|-damage|p1a: Corviknight|28/100 brn|[from] brn
|upkeep
|turn|7
|
|t:|1779639138
|move|p2a: Zoroark|Hex|p1a: Corviknight
|-damage|p1a: Corviknight|0 fnt
|faint|p1a: Corviknight
|
|upkeep
|
|t:|1779639140
|switch|p1a: Rillaboom|Rillaboom, M|100/100
|-fieldstart|move: Grassy Terrain|[from] ability: Grassy Surge|[of] p1a: Rillaboom
|turn|8
|
|t:|1779639144
|-terastallize|p2a: Zoroark|Dragon
|move|p1a: Rillaboom|Grassy Glide|p2a: Zoroark
|-resisted|p2a: Zoroark
|-damage|p2a: Zoroark|26/100
|move|p2a: Zoroark|Will-O-Wisp|p1a: Rillaboom
|-status|p1a: Rillaboom|brn
|
|-heal|p2a: Zoroark|32/100|[from] Grassy Terrain
|-damage|p1a: Rillaboom|94/100 brn|[from] brn
|upkeep
|turn|9
|
|t:|1779639150
|move|p1a: Rillaboom|Grassy Glide|p2a: Zoroark
|-resisted|p2a: Zoroark
|-damage|p2a: Zoroark|0 fnt
|faint|p2a: Zoroark
|
|-heal|p1a: Rillaboom|100/100 brn|[from] Grassy Terrain
|-damage|p1a: Rillaboom|94/100 brn|[from] brn
|upkeep
|
|t:|1779639153
|switch|p2a: gay lil chud|Cinderace, M|100/100
|turn|10
|
|t:|1779639155
|switch|p1a: Quagsire|Quagsire, M|67/100
|move|p2a: gay lil chud|Pyro Ball|p1a: Quagsire
|-resisted|p1a: Quagsire
|-damage|p1a: Quagsire|45/100
|
|-heal|p1a: Quagsire|51/100|[from] Grassy Terrain
|-heal|p1a: Quagsire|57/100|[from] item: Leftovers
|upkeep
|turn|11
|
|t:|1779639162
|move|p2a: gay lil chud|U-turn|p1a: Quagsire
|-start|p2a: gay lil chud|typechange|Bug|[from] ability: Libero
|-crit|p1a: Quagsire
|-damage|p1a: Quagsire|22/100
|
|t:|1779639164
|switch|p2a: Ogerpon|Ogerpon-Wellspring, F|78/100 tox|[from] U-turn
|move|p1a: Quagsire|Toxic|p2a: Ogerpon
|-fail|p2a: Ogerpon|tox
|
|-heal|p2a: Ogerpon|84/100 tox|[from] Grassy Terrain
|-heal|p1a: Quagsire|28/100|[from] Grassy Terrain
|-heal|p1a: Quagsire|35/100|[from] item: Leftovers
|-damage|p2a: Ogerpon|78/100 tox|[from] psn
|upkeep
|turn|12
|
|t:|1779639175
|switch|p1a: Rillaboom|Rillaboom, M|94/100 brn
|move|p2a: Ogerpon|U-turn|p1a: Rillaboom
|-supereffective|p1a: Rillaboom
|-damage|p1a: Rillaboom|33/100 brn
|
|t:|1779639180
|switch|p2a: gay lil chud|Cinderace, M|100/100|[from] U-turn
|
|-heal|p1a: Rillaboom|40/100 brn|[from] Grassy Terrain
|-damage|p1a: Rillaboom|33/100 brn|[from] brn
|-fieldend|move: Grassy Terrain
|upkeep
|turn|13
|
|t:|1779639184
|move|p2a: gay lil chud|U-turn|p1a: Rillaboom
|-start|p2a: gay lil chud|typechange|Bug|[from] ability: Libero
|-supereffective|p1a: Rillaboom
|-damage|p1a: Rillaboom|0 fnt
|faint|p1a: Rillaboom
|
|t:|1779639189
|switch|p2a: Ogerpon|Ogerpon-Wellspring, F|78/100 tox|[from] U-turn
|
|-damage|p2a: Ogerpon|72/100 tox|[from] psn
|upkeep
|
|t:|1779639191
|switch|p1a: Dragapult|Dragapult, M|62/100
|turn|14
|
|t:|1779639196
|move|p1a: Dragapult|Draco Meteor|p2a: Ogerpon
|-damage|p2a: Ogerpon|0 fnt
|-unboost|p1a: Dragapult|spa|2
|faint|p2a: Ogerpon
|
|upkeep
|
|t:|1779639199
|switch|p2a: Deoxys|Deoxys-Speed|100/100
|-ability|p2a: Deoxys|Pressure
|turn|15
|
|t:|1779639203
|switch|p1a: Slowking|Slowking-Galar, M|100/100
|move|p2a: Deoxys|Psycho Boost|p1a: Slowking|[miss]
|-miss|p2a: Deoxys|p1a: Slowking
|
|upkeep
|turn|16
|
|t:|1779639210
|move|p2a: Deoxys|Protect|p2a: Deoxys
|-singleturn|p2a: Deoxys|Protect
|move|p1a: Slowking|Thunder Wave|p2a: Deoxys
|-activate|p2a: Deoxys|move: Protect
|
|upkeep
|turn|17
|
|t:|1779639214
|switch|p2a: Clodsire|Clodsire, M|100/100
|move|p1a: Slowking|Future Sight|p2a: Clodsire
|-start|p1a: Slowking|move: Future Sight
|
|upkeep
|turn|18
|
|t:|1779639220
|move|p2a: Clodsire|Toxic|p1a: Slowking
|-immune|p1a: Slowking
|-prepare|p1a: Slowking|Chilly Reception|[premajor]
|move|p1a: Slowking|Chilly Reception|p1a: Slowking
|-weather|Snowscape
|
|t:|1779639225
|switch|p1a: Quagsire|Quagsire, M|35/100|[from] Chilly Reception
|
|-weather|Snowscape|[upkeep]
|-heal|p1a: Quagsire|41/100|[from] item: Leftovers
|upkeep
|turn|19
|
|t:|1779639230
|switch|p1a: Slowking|Slowking-Galar, M|100/100
|switch|p2a: Deoxys|Deoxys-Speed|100/100
|-ability|p2a: Deoxys|Pressure
|
|-weather|Snowscape|[upkeep]
|-end|p2a: Deoxys|move: Future Sight
|-resisted|p2a: Deoxys
|-damage|p2a: Deoxys|71/100
|upkeep
|turn|20
|
|t:|1779639236
|move|p2a: Deoxys|Spikes|p1a: Slowking
|-sidestart|p1: Acespeedy1|Spikes
|move|p1a: Slowking|Thunder Wave|p2a: Deoxys
|-status|p2a: Deoxys|par
|
|-weather|Snowscape|[upkeep]
|upkeep
|turn|21
|
|t:|1779639241
|move|p2a: Deoxys|Psycho Boost|p1a: Slowking
|-damage|p1a: Slowking|52/100
|-unboost|p2a: Deoxys|spa|2
|-damage|p2a: Deoxys|61/100 par|[from] item: Life Orb
|-prepare|p1a: Slowking|Chilly Reception|[premajor]
|move|p1a: Slowking|Chilly Reception|p1a: Slowking
|
|t:|1779639244
|switch|p1a: Dragapult|Dragapult, M|62/100|[from] Chilly Reception
|-damage|p1a: Dragapult|50/100|[from] Spikes
|
|-weather|Snowscape|[upkeep]
|upkeep
|turn|22
|
|t:|1779639248
|move|p1a: Dragapult|Shadow Ball|p2a: Deoxys
|-supereffective|p2a: Deoxys
|-damage|p2a: Deoxys|0 fnt
|faint|p2a: Deoxys
|
|-weather|none
|upkeep
|
|t:|1779639250
|switch|p2a: Zamazenta|Zamazenta|100/100
|-ability|p2a: Zamazenta|Dauntless Shield|boost
|-boost|p2a: Zamazenta|def|1
|turn|23
|
|t:|1779639253
|-terastallize|p1a: Dragapult|Ghost
|move|p1a: Dragapult|Shadow Ball|p2a: Zamazenta
|-damage|p2a: Zamazenta|51/100
|move|p2a: Zamazenta|Crunch|p1a: Dragapult
|-supereffective|p1a: Dragapult
|-damage|p1a: Dragapult|0 fnt
|faint|p1a: Dragapult
|
|upkeep
|
|t:|1779639260
|switch|p1a: Slowking|Slowking-Galar, M|85/100
|-damage|p1a: Slowking|73/100|[from] Spikes
|turn|24
|
|t:|1779639262
|move|p2a: Zamazenta|Crunch|p1a: Slowking
|-supereffective|p1a: Slowking
|-enditem|p1a: Slowking|Colbur Berry|[eat]
|-enditem|p1a: Slowking|Colbur Berry|[weaken]
|-damage|p1a: Slowking|41/100
|move|p1a: Slowking|Future Sight|p2a: Zamazenta
|-start|p1a: Slowking|move: Future Sight
|
|upkeep
|turn|25
|
|t:|1779639268
|switch|p1a: Blaziken|Blaziken, M, shiny|100/100
|-damage|p1a: Blaziken|88/100|[from] Spikes
|move|p2a: Zamazenta|Close Combat|p1a: Blaziken
|-damage|p1a: Blaziken|0 fnt
|-unboost|p2a: Zamazenta|def|1
|-unboost|p2a: Zamazenta|spd|1
|faint|p1a: Blaziken
|
|upkeep
|
|t:|1779639284
|switch|p1a: Slowking|Slowking-Galar, M|74/100
|-damage|p1a: Slowking|62/100|[from] Spikes
|turn|26
|
|t:|1779639287
|switch|p2a: gay lil chud|Cinderace, M|100/100
|switch|p1a: Quagsire|Quagsire, M|41/100
|-damage|p1a: Quagsire|28/100|[from] Spikes
|
|-end|p2a: gay lil chud|move: Future Sight
|-damage|p2a: gay lil chud|42/100
|-heal|p1a: Quagsire|34/100|[from] item: Leftovers
|upkeep
|turn|27
|
|t:|1779639292
|move|p2a: gay lil chud|U-turn|p1a: Quagsire
|-start|p2a: gay lil chud|typechange|Bug|[from] ability: Libero
|-damage|p1a: Quagsire|11/100
|
|t:|1779639296
|switch|p2a: Clodsire|Clodsire, M|100/100|[from] U-turn
|move|p1a: Quagsire|Recover|p1a: Quagsire
|-heal|p1a: Quagsire|61/100
|
|-heal|p1a: Quagsire|67/100|[from] item: Leftovers
|upkeep
|turn|28
|
|t:|1779639300
|switch|p1a: Slowking|Slowking-Galar, M|95/100
|-damage|p1a: Slowking|83/100|[from] Spikes
|move|p2a: Clodsire|Toxic Spikes|p1a: Slowking
|-sidestart|p1: Acespeedy1|move: Toxic Spikes
|
|upkeep
|turn|29
|
|t:|1779639308
|move|p2a: Clodsire|Toxic Spikes|p1a: Slowking
|-sidestart|p1: Acespeedy1|move: Toxic Spikes
|move|p1a: Slowking|Future Sight|p2a: Clodsire
|-start|p1a: Slowking|move: Future Sight
|
|upkeep
|turn|30
|
|t:|1779639312
|move|p2a: Clodsire|Earthquake|p1a: Slowking
|-supereffective|p1a: Slowking
|-damage|p1a: Slowking|21/100
|-prepare|p1a: Slowking|Chilly Reception|[premajor]
|move|p1a: Slowking|Chilly Reception|p1a: Slowking
|-weather|Snowscape
|
|t:|1779639314
|switch|p1a: Quagsire|Quagsire, M|67/100|[from] Chilly Reception
|-damage|p1a: Quagsire|54/100|[from] Spikes
|-status|p1a: Quagsire|tox
|
|-weather|Snowscape|[upkeep]
|-heal|p1a: Quagsire|61/100 tox|[from] item: Leftovers
|-damage|p1a: Quagsire|54/100 tox|[from] psn
|upkeep
|turn|31
|
|t:|1779639317
|move|p1a: Quagsire|Recover|p1a: Quagsire
|-heal|p1a: Quagsire|100/100 tox
|move|p2a: Clodsire|Recover||[still]
|-fail|p2a: Clodsire|heal
|
|-weather|Snowscape|[upkeep]
|-end|p2a: Clodsire|move: Future Sight
|-supereffective|p2a: Clodsire
|-damage|p2a: Clodsire|55/100
|-heal|p2a: Clodsire|61/100|[from] item: Leftovers
|-damage|p1a: Quagsire|88/100 tox|[from] psn
|upkeep
|turn|32
|
|t:|1779639324
|move|p1a: Quagsire|Earthquake|p2a: Clodsire
|-supereffective|p2a: Clodsire
|-damage|p2a: Clodsire|0 fnt
|faint|p2a: Clodsire
|
|-weather|Snowscape|[upkeep]
|-heal|p1a: Quagsire|94/100 tox|[from] item: Leftovers
|-damage|p1a: Quagsire|76/100 tox|[from] psn
|upkeep
|
|t:|1779639330
|switch|p2a: gay lil chud|Cinderace, M|42/100
|turn|33
|
|t:|1779639340
|move|p2a: gay lil chud|Pyro Ball|p1a: Quagsire
|-resisted|p1a: Quagsire
|-damage|p1a: Quagsire|57/100 tox
|move|p1a: Quagsire|Earthquake|p2a: gay lil chud
|-supereffective|p2a: gay lil chud
|-damage|p2a: gay lil chud|0 fnt
|faint|p2a: gay lil chud
|
|-weather|Snowscape|[upkeep]
|-heal|p1a: Quagsire|63/100 tox|[from] item: Leftovers
|-damage|p1a: Quagsire|39/100 tox|[from] psn
|upkeep
|
|t:|1779639345
|switch|p2a: Zamazenta|Zamazenta|51/100
|turn|34
|
|t:|1779639349
|move|p2a: Zamazenta|Iron Head|p1a: Quagsire
|-resisted|p1a: Quagsire
|-damage|p1a: Quagsire|28/100 tox
|move|p1a: Quagsire|Toxic|p2a: Zamazenta
|-status|p2a: Zamazenta|tox
|
|-weather|none
|-heal|p1a: Quagsire|34/100 tox|[from] item: Leftovers
|-damage|p2a: Zamazenta|45/100 tox|[from] psn
|-damage|p1a: Quagsire|4/100 tox|[from] psn
|upkeep
|turn|35
|
|t:|1779639360
|switch|p1a: Slowking|Slowking-Galar, M|54/100
|-damage|p1a: Slowking|42/100|[from] Spikes
|-sideend|p1: Acespeedy1|move: Toxic Spikes|[of] p1a: Slowking
|move|p2a: Zamazenta|Crunch|p1a: Slowking
|-supereffective|p1a: Slowking
|-damage|p1a: Slowking|0 fnt
|faint|p1a: Slowking
|
|-damage|p2a: Zamazenta|32/100 tox|[from] psn
|upkeep
|
|t:|1779639366
|switch|p1a: Quagsire|Quagsire, M|4/100 tox
|-damage|p1a: Quagsire|0 fnt|[from] Spikes
|faint|p1a: Quagsire
|
|win|CIodSuspectTest
|raw|Acespeedy1's rating: 1386 &rarr; <strong>1366</strong><br />(-20 for losing)
|raw|CIodSuspectTest's rating: 1388 &rarr; <strong>1408</strong><br />(+20 for winning)
|l|☆CIodSuspectTest
|player|p2|
|l|☆Acespeedy1
|player|p1|
