|j|☆backw1thm1lk
|j|☆Karmasiren
|t:|1779661876
|gametype|singles
|player|p1|backw1thm1lk|1|1533
|player|p2|Karmasiren|skyla|1578
|gen|9
|tier|[Gen 9] OU
|rated|
|rule|HP Percentage Mod: HP is shown in percentages
|rule|Endless Battle Clause: Forcing endless battles is banned
|rule|Species Clause: Limit one of each Pokémon
|rule|OHKO Clause: OHKO moves are banned
|rule|Evasion Items Clause: Evasion items are banned
|rule|Evasion Moves Clause: Evasion moves are banned
|rule|Evasion Abilities Clause: Evasion abilities are banned
|rule|Sleep Moves Clause: Sleep-inducing moves are banned
|clearpoke
|poke|p1|Araquanid, M|
|poke|p1|Kingambit, F|
|poke|p1|Dragalge, F|
|poke|p1|Cinderace, F|
|poke|p1|Serperior, F|
|poke|p1|Sandy Shocks|
|poke|p2|Hoopa-Unbound|
|poke|p2|Kingambit, F|
|poke|p2|Samurott-Hisui, M|
|poke|p2|Landorus-Therian, M|
|poke|p2|Iron Valiant|
|poke|p2|Weezing-Galar, F|
|teampreview
|inactive|Battle timer is ON: inactive players will automatically lose when time's up. (requested by Karmasiren)
|
|t:|1779661897
|teamsize|p1|6
|teamsize|p2|6
|start
|switch|p1a: Serperior|Serperior, F|100/100
|switch|p2a: Jon Stones|Landorus-Therian, M, shiny|100/100
|-ability|p2a: Jon Stones|Intimidate|boost
|-boost|p1a: Serperior|atk|1
|turn|1
|
|t:|1779661915
|move|p1a: Serperior|Leaf Storm|p2a: Jon Stones
|-damage|p2a: Jon Stones|45/100
|-boost|p1a: Serperior|spa|2
|move|p2a: Jon Stones|U-turn|p1a: Serperior
|-supereffective|p1a: Serperior
|-damage|p1a: Serperior|54/100
|
|t:|1779661923
|switch|p2a: Clank Winatra|Iron Valiant, shiny|100/100|[from] U-turn
|-enditem|p2a: Clank Winatra|Booster Energy
|-activate|p2a: Clank Winatra|ability: Quark Drive|[fromitem]
|-start|p2a: Clank Winatra|quarkdrivespe
|
|-heal|p1a: Serperior|61/100|[from] item: Leftovers
|upkeep
|turn|2
|
|t:|1779661940
|-terastallize|p1a: Serperior|Fire
|move|p2a: Clank Winatra|Close Combat|p1a: Serperior
|-damage|p1a: Serperior|0 fnt
|-unboost|p2a: Clank Winatra|def|1
|-unboost|p2a: Clank Winatra|spd|1
|faint|p1a: Serperior
|
|upkeep
|j| broflopieopp
|l| broflopieopp
|inactive|backw1thm1lk has 120 seconds left.
|
|t:|1779661963
|switch|p1a: Araquanid|Araquanid, M|100/100
|turn|3
|inactive|Karmasiren has 120 seconds left.
|
|t:|1779661996
|move|p2a: Clank Winatra|Knock Off|p1a: Araquanid
|-damage|p1a: Araquanid|63/100
|-enditem|p1a: Araquanid|Choice Band|[from] move: Knock Off|[of] p2a: Clank Winatra
|move|p1a: Araquanid|Liquidation|p2a: Clank Winatra
|-damage|p2a: Clank Winatra|0 fnt
|faint|p2a: Clank Winatra
|-end|p2a: Clank Winatra|Quark Drive|[silent]
|
|upkeep
|inactive|Karmasiren has 120 seconds left.
|j| kanaete onegai
|
|t:|1779662014
|switch|p2a: Hoops|Hoopa-Unbound|100/100
|turn|4
|
|t:|1779662020
|move|p2a: Hoops|Hyperspace Fury|p1a: Araquanid
|-damage|p1a: Araquanid|0 fnt
|-unboost|p2a: Hoops|def|1
|faint|p1a: Araquanid
|-damage|p2a: Hoops|91/100|[from] item: Life Orb
|
|upkeep
|
|t:|1779662034
|switch|p1a: Cinderace|Cinderace, F|100/100
|turn|5
|
|t:|1779662038
|switch|p2a: Jon Stones|Landorus-Therian, M, shiny|45/100
|-ability|p2a: Jon Stones|Intimidate|boost
|-unboost|p1a: Cinderace|atk|1
|move|p1a: Cinderace|Pyro Ball|p2a: Jon Stones
|-damage|p2a: Jon Stones|6/100
|
|upkeep
|turn|6
|
|t:|1779662046
|switch|p2a: Central Sea|Samurott-Hisui, M, shiny|100/100
|move|p1a: Cinderace|Pyro Ball|p2a: Central Sea
|-resisted|p2a: Central Sea
|-damage|p2a: Central Sea|81/100
|
|upkeep
|turn|7
|
|t:|1779662050
|move|p1a: Cinderace|High Jump Kick|p2a: Central Sea
|-start|p1a: Cinderace|typechange|Fighting|[from] ability: Libero
|-supereffective|p2a: Central Sea
|-damage|p2a: Central Sea|0 fnt
|faint|p2a: Central Sea
|
|upkeep
|
|t:|1779662053
|switch|p2a: Weezing|Weezing-Galar, F|100/100
|-ability|p2a: Weezing|Neutralizing Gas
|turn|8
|
|t:|1779662060
|switch|p1a: Dragalge|Dragalge, F|100/100
|move|p2a: Weezing|Will-O-Wisp|p1a: Dragalge
|-status|p1a: Dragalge|brn
|
|-damage|p1a: Dragalge|95/100 brn|[from] brn
|upkeep
|turn|9
|
|t:|1779662078
|-end|p2a: Weezing|ability: Neutralizing Gas
|switch|p2a: Jon Stones|Landorus-Therian, M, shiny|6/100
|-ability|p2a: Jon Stones|Intimidate|boost
|-unboost|p1a: Dragalge|atk|1
|move|p1a: Dragalge|Sludge Bomb|p2a: Jon Stones
|-resisted|p2a: Jon Stones
|-damage|p2a: Jon Stones|0 fnt
|faint|p2a: Jon Stones
|
|-damage|p1a: Dragalge|89/100 brn|[from] brn
|upkeep
|
|t:|1779662084
|switch|p2a: Hoops|Hoopa-Unbound|91/100
|turn|10
|
|t:|1779662104
|switch|p1a: Kingambit|Kingambit, F|100/100
|-activate|p1a: Kingambit|ability: Supreme Overlord
|-start|p1a: Kingambit|fallen2|[silent]
|move|p2a: Hoops|Psychic Noise|p1a: Kingambit
|-immune|p1a: Kingambit
|
|upkeep
|turn|11
|
|t:|1779662120
|move|p1a: Kingambit|Sucker Punch|p2a: Hoops
|-crit|p2a: Hoops
|-damage|p2a: Hoops|0 fnt
|faint|p2a: Hoops
|
|upkeep
|-message|Karmasiren forfeited.
|
|win|backw1thm1lk
|raw|backw1thm1lk's rating: 1533 &rarr; <strong>1557</strong><br />(+24 for winning)
|raw|Karmasiren's rating: 1596 &rarr; <strong>1572</strong><br />(-24 for losing)
|l|☆Karmasiren
|player|p2|
|l|☆backw1thm1lk
|player|p1|
