|j|☆Hesellsseashells
|j|☆yyb2009
|t:|1779633729
|gametype|singles
|player|p1|Hesellsseashells|1|1075
|player|p2|yyb2009|101|1043
|gen|9
|tier|[Gen 9] OU
|rated|
|rule|HP Percentage Mod: HP is shown in percentages
|rule|Endless Battle Clause: Forcing endless battles is banned
|rule|Species Clause: Limit one of each Pokémon
|rule|OHKO Clause: OHKO moves are banned
|rule|Evasion Items Clause: Evasion items are banned
|rule|Evasion Moves Clause: Evasion moves are banned
|rule|Evasion Abilities Clause: Evasion abilities are banned
|rule|Sleep Moves Clause: Sleep-inducing moves are banned
|clearpoke
|poke|p1|Metagross|
|poke|p1|Weavile, M|
|poke|p1|Rotom-Wash|
|poke|p1|Garchomp, M|
|poke|p1|Corviknight, M|
|poke|p1|Dragapult, F|
|poke|p2|Kingambit, F|
|poke|p2|Tyranitar, F|
|poke|p2|Dragapult, F|
|poke|p2|Gardevoir, F|
|poke|p2|Politoed, M|
|poke|p2|Gliscor, F|
|teampreview
|
|t:|1779633735
|teamsize|p1|6
|teamsize|p2|6
|start
|switch|p1a: Metagross|Metagross, shiny|100/100
|switch|p2a: Gliscor|Gliscor, F|100/100
|turn|1
|
|t:|1779633742
|move|p2a: Gliscor|Tailwind|p2a: Gliscor
|-sidestart|p2: yyb2009|move: Tailwind
|move|p1a: Metagross|Heavy Slam|p2a: Gliscor
|-damage|p2a: Gliscor|35/100
|
|-status|p2a: Gliscor|tox|[from] item: Toxic Orb
|upkeep
|turn|2
|
|t:|1779633759
|switch|p2a: Kingambit|Kingambit, F|100/100
|move|p1a: Metagross|Heavy Slam|p2a: Kingambit
|-resisted|p2a: Kingambit
|-damage|p2a: Kingambit|77/100
|
|upkeep
|turn|3
|
|t:|1779633770
|move|p2a: Kingambit|Kowtow Cleave|p1a: Metagross
|-supereffective|p1a: Metagross
|-damage|p1a: Metagross|23/100
|-enditem|p1a: Metagross|Weakness Policy
|-boost|p1a: Metagross|atk|2|[from] item: Weakness Policy
|-boost|p1a: Metagross|spa|2|[from] item: Weakness Policy
|move|p1a: Metagross|Hammer Arm|p2a: Kingambit
|-supereffective|p2a: Kingambit
|-damage|p2a: Kingambit|0 fnt
|-unboost|p1a: Metagross|spe|1
|faint|p2a: Kingambit
|
|upkeep
|
|t:|1779633782
|switch|p2a: Gardevoir|Gardevoir, F|100/100
|turn|4
|
|t:|1779633788
|move|p1a: Metagross|Bullet Punch|p2a: Gardevoir
|-supereffective|p2a: Gardevoir
|-damage|p2a: Gardevoir|0 fnt
|faint|p2a: Gardevoir
|
|-sideend|p2: yyb2009|move: Tailwind
|upkeep
|
|t:|1779633795
|switch|p2a: Dragapult|Dragapult, F|100/100
|turn|5
|
|t:|1779633799
|move|p1a: Metagross|Bullet Punch|p2a: Dragapult
|-damage|p2a: Dragapult|32/100
|move|p2a: Dragapult|Shadow Ball|p1a: Metagross
|-supereffective|p1a: Metagross
|-damage|p1a: Metagross|0 fnt
|faint|p1a: Metagross
|
|upkeep
|
|t:|1779633809
|switch|p1a: Weavile|Weavile, M|100/100
|-ability|p1a: Weavile|Pressure
|turn|6
|inactive|Battle timer is ON: inactive players will automatically lose when time's up. (requested by Hesellsseashells)
|
|t:|1779633824
|switch|p2a: Tyranitar|Tyranitar, F|100/100
|-weather|Sandstorm|[from] ability: Sand Stream|[of] p2a: Tyranitar
|move|p1a: Weavile|Ice Shard|p2a: Tyranitar
|-damage|p2a: Tyranitar|81/100
|-damage|p1a: Weavile|91/100|[from] item: Life Orb
|
|-weather|Sandstorm|[upkeep]
|-damage|p1a: Weavile|85/100|[from] Sandstorm
|-heal|p2a: Tyranitar|87/100|[from] item: Leftovers
|upkeep
|turn|7
|
|t:|1779633840
|move|p1a: Weavile|Low Kick|p2a: Tyranitar
|-supereffective|p2a: Tyranitar
|-damage|p2a: Tyranitar|0 fnt
|faint|p2a: Tyranitar
|-damage|p1a: Weavile|75/100|[from] item: Life Orb
|
|-weather|Sandstorm|[upkeep]
|-damage|p1a: Weavile|69/100|[from] Sandstorm
|upkeep
|
|t:|1779633851
|switch|p2a: Dragapult|Dragapult, F|32/100
|turn|8
|
|t:|1779633859
|move|p1a: Weavile|Ice Shard|p2a: Dragapult
|-supereffective|p2a: Dragapult
|-damage|p2a: Dragapult|0 fnt
|faint|p2a: Dragapult
|-damage|p1a: Weavile|59/100|[from] item: Life Orb
|
|-weather|Sandstorm|[upkeep]
|-damage|p1a: Weavile|53/100|[from] Sandstorm
|upkeep
|
|t:|1779633868
|switch|p2a: Gliscor|Gliscor, F|35/100 tox
|turn|9
|
|t:|1779633875
|move|p1a: Weavile|Ice Shard|p2a: Gliscor
|-supereffective|p2a: Gliscor
|-crit|p2a: Gliscor
|-damage|p2a: Gliscor|0 fnt
|faint|p2a: Gliscor
|-damage|p1a: Weavile|43/100|[from] item: Life Orb
|
|-weather|Sandstorm|[upkeep]
|-damage|p1a: Weavile|37/100|[from] Sandstorm
|upkeep
|
|t:|1779633883
|switch|p2a: Politoed|Politoed, M|100/100
|-weather|RainDance|[from] ability: Drizzle|[of] p2a: Politoed
|turn|10
|
|t:|1779633889
|move|p1a: Weavile|Knock Off|p2a: Politoed
|-damage|p2a: Politoed|29/100
|-enditem|p2a: Politoed|Heavy-Duty Boots|[from] move: Knock Off|[of] p1a: Weavile
|-damage|p1a: Weavile|27/100|[from] item: Life Orb
|move|p2a: Politoed|Weather Ball|p1a: Weavile
|-damage|p1a: Weavile|0 fnt
|faint|p1a: Weavile
|
|-weather|RainDance|[upkeep]
|upkeep
|
|t:|1779633898
|switch|p1a: Rotom|Rotom-Wash, shiny|100/100
|turn|11
|
|t:|1779633906
|move|p1a: Rotom|Thunderbolt|p2a: Politoed
|-supereffective|p2a: Politoed
|-crit|p2a: Politoed
|-damage|p2a: Politoed|0 fnt
|faint|p2a: Politoed
|
|win|Hesellsseashells
|raw|Hesellsseashells's rating: 1075 &rarr; <strong>1101</strong><br />(+26 for winning)
|raw|yyb2009's rating: 1043 &rarr; <strong>1028</strong><br />(-15 for losing)
|c|☆Hesellsseashells|gg
|l|☆yyb2009
|player|p2|
