|j|☆Sun Addict
|j|☆NebulaTrainer
|t:|1779580793
|gametype|singles
|player|p1|Sun Addict|169|1617
|player|p2|NebulaTrainer|cynthia-gen4|1520
|gen|9
|tier|[Gen 9] OU
|rated|
|rule|HP Percentage Mod: HP is shown in percentages
|rule|Endless Battle Clause: Forcing endless battles is banned
|rule|Species Clause: Limit one of each Pokémon
|rule|OHKO Clause: OHKO moves are banned
|rule|Evasion Items Clause: Evasion items are banned
|rule|Evasion Moves Clause: Evasion moves are banned
|rule|Evasion Abilities Clause: Evasion abilities are banned
|rule|Sleep Moves Clause: Sleep-inducing moves are banned
|clearpoke
|poke|p1|Torkoal, F|
|poke|p1|Leafeon, M|
|poke|p1|Great Tusk|
|poke|p1|Kingambit, F|
|poke|p1|Walking Wake|
|poke|p1|Charizard, F|
|poke|p2|Tornadus-Therian, M|
|poke|p2|Heatran, M|
|poke|p2|Hippowdon, M|
|poke|p2|Keldeo-Resolute|
|poke|p2|Excadrill, M|
|poke|p2|Hydrapple, F|
|teampreview
|
|t:|1779580796
|teamsize|p1|6
|teamsize|p2|6
|start
|switch|p1a: Walking Wake|Walking Wake|100/100
|switch|p2a: Tornadus|Tornadus-Therian, M, shiny|100/100
|turn|1
|
|t:|1779580811
|move|p2a: Tornadus|Knock Off|p1a: Walking Wake
|-damage|p1a: Walking Wake|80/100
|-enditem|p1a: Walking Wake|Choice Specs|[from] move: Knock Off|[of] p2a: Tornadus
|move|p1a: Walking Wake|Draco Meteor|p2a: Tornadus
|-damage|p2a: Tornadus|52/100
|-unboost|p1a: Walking Wake|spa|2
|
|upkeep
|turn|2
|
|t:|1779580826
|move|p2a: Tornadus|Hurricane|p1a: Walking Wake
|-damage|p1a: Walking Wake|34/100
|move|p1a: Walking Wake|Flip Turn|p2a: Tornadus
|-damage|p2a: Tornadus|33/100
|
|t:|1779580841
|-end|p1a: Walking Wake|Protosynthesis|[silent]
|switch|p1a: Kingambit|Kingambit, F|100/100|[from] Flip Turn
|
|upkeep
|turn|3
|
|t:|1779580849
|switch|p2a: Hippowdon|Hippowdon, M, shiny|100/100
|-weather|Sandstorm|[from] ability: Sand Stream|[of] p2a: Hippowdon
|move|p1a: Kingambit|Kowtow Cleave|p2a: Hippowdon
|-damage|p2a: Hippowdon|72/100
|
|-weather|Sandstorm|[upkeep]
|upkeep
|turn|4
|
|t:|1779580863
|move|p1a: Kingambit|Swords Dance|p1a: Kingambit
|-boost|p1a: Kingambit|atk|2
|move|p2a: Hippowdon|Slack Off|p2a: Hippowdon
|-heal|p2a: Hippowdon|100/100
|
|-weather|Sandstorm|[upkeep]
|upkeep
|turn|5
|
|t:|1779580885
|move|p1a: Kingambit|Iron Head|p2a: Hippowdon
|-damage|p2a: Hippowdon|49/100
|move|p2a: Hippowdon|Whirlwind|p1a: Kingambit
|-end|p1a: Kingambit|fallenundefined|[silent]
|drag|p1a: Walking Wake|Walking Wake|34/100
|
|-weather|Sandstorm|[upkeep]
|-damage|p1a: Walking Wake|28/100|[from] Sandstorm
|upkeep
|turn|6
|
|t:|1779580896
|switch|p2a: Tornadus|Tornadus-Therian, M, shiny|66/100
|move|p1a: Walking Wake|Flip Turn|p2a: Tornadus
|-damage|p2a: Tornadus|48/100
|
|t:|1779580902
|-end|p1a: Walking Wake|Protosynthesis|[silent]
|switch|p1a: Charizard|Charizard, F|100/100|[from] Flip Turn
|
|-weather|Sandstorm|[upkeep]
|-damage|p1a: Charizard|94/100|[from] Sandstorm
|-damage|p2a: Tornadus|42/100|[from] Sandstorm
|upkeep
|turn|7
|
|t:|1779580910
|switch|p2a: Heatran|Heatran, M, shiny|100/100
|move|p1a: Charizard|Weather Ball|p2a: Heatran
|-damage|p2a: Heatran|82/100
|
|-weather|Sandstorm|[upkeep]
|-damage|p1a: Charizard|88/100|[from] Sandstorm
|-heal|p2a: Heatran|88/100|[from] item: Leftovers
|upkeep
|turn|8
|
|t:|1779580924
|switch|p1a: Torkoal|Torkoal, F|100/100
|-weather|SunnyDay|[from] ability: Drought|[of] p1a: Torkoal
|move|p2a: Heatran|Magma Storm|p1a: Torkoal
|-resisted|p1a: Torkoal
|-damage|p1a: Torkoal|68/100
|-activate|p1a: Torkoal|move: Magma Storm|[of] p2a: Heatran
|
|-weather|SunnyDay|[upkeep]
|-heal|p2a: Heatran|95/100|[from] item: Leftovers
|-damage|p1a: Torkoal|56/100|[from] move: Magma Storm|[partiallytrapped]
|upkeep
|turn|9
|
|t:|1779580937
|move|p2a: Heatran|Protect|p2a: Heatran
|-singleturn|p2a: Heatran|Protect
|move|p1a: Torkoal|Earthquake|p2a: Heatran
|-activate|p2a: Heatran|move: Protect
|
|-weather|SunnyDay|[upkeep]
|-heal|p2a: Heatran|100/100|[from] item: Leftovers
|-damage|p1a: Torkoal|43/100|[from] move: Magma Storm|[partiallytrapped]
|upkeep
|turn|10
|
|t:|1779580947
|move|p2a: Heatran|Earth Power|p1a: Torkoal
|-supereffective|p1a: Torkoal
|-damage|p1a: Torkoal|0 fnt
|faint|p1a: Torkoal
|
|-weather|SunnyDay|[upkeep]
|upkeep
|
|t:|1779580953
|switch|p1a: Great Tusk|Great Tusk|100/100
|-activate|p1a: Great Tusk|ability: Protosynthesis
|-start|p1a: Great Tusk|protosynthesisspe
|turn|11
|
|t:|1779580961
|switch|p2a: Hippowdon|Hippowdon, M, shiny|49/100
|-weather|Sandstorm|[from] ability: Sand Stream|[of] p2a: Hippowdon
|-end|p1a: Great Tusk|Protosynthesis
|move|p1a: Great Tusk|Ice Spinner|p2a: Hippowdon
|-supereffective|p2a: Hippowdon
|-damage|p2a: Hippowdon|26/100
|
|-weather|Sandstorm|[upkeep]
|upkeep
|turn|12
|inactive|Battle timer is ON: inactive players will automatically lose when time's up. (requested by Sun Addict)
|
|t:|1779580986
|move|p1a: Great Tusk|Headlong Rush|p2a: Hippowdon
|-damage|p2a: Hippowdon|0 fnt
|-unboost|p1a: Great Tusk|def|1
|-unboost|p1a: Great Tusk|spd|1
|faint|p2a: Hippowdon
|
|-weather|Sandstorm|[upkeep]
|upkeep
|
|t:|1779580994
|switch|p2a: Keldeo|Keldeo-Resolute, shiny|100/100
|turn|13
|
|t:|1779581007
|-end|p1a: Great Tusk|Protosynthesis|[silent]
|switch|p1a: Walking Wake|Walking Wake|28/100
|move|p2a: Keldeo|Hydro Pump|p1a: Walking Wake|[miss]
|-miss|p2a: Keldeo|p1a: Walking Wake
|
|-weather|Sandstorm|[upkeep]
|-damage|p1a: Walking Wake|22/100|[from] Sandstorm
|-damage|p2a: Keldeo|94/100|[from] Sandstorm
|upkeep
|turn|14
|
|t:|1779581019
|switch|p2a: Tornadus|Tornadus-Therian, M, shiny|75/100
|move|p1a: Walking Wake|Hydro Steam|p2a: Tornadus
|-damage|p2a: Tornadus|48/100
|
|-weather|Sandstorm|[upkeep]
|-damage|p2a: Tornadus|42/100|[from] Sandstorm
|-damage|p1a: Walking Wake|16/100|[from] Sandstorm
|upkeep
|turn|15
|
|t:|1779581028
|move|p2a: Tornadus|U-turn|p1a: Walking Wake
|-damage|p1a: Walking Wake|0 fnt
|faint|p1a: Walking Wake
|-end|p1a: Walking Wake|Protosynthesis|[silent]
|
|t:|1779581032
|switch|p2a: Keldeo|Keldeo-Resolute, shiny|94/100|[from] U-turn
|
|-weather|Sandstorm|[upkeep]
|-damage|p2a: Keldeo|88/100|[from] Sandstorm
|upkeep
|
|t:|1779581040
|switch|p1a: Charizard|Charizard, F|88/100
|turn|16
|
|t:|1779581046
|move|p1a: Charizard|Air Slash|p2a: Keldeo
|-supereffective|p2a: Keldeo
|-damage|p2a: Keldeo|8/100
|move|p2a: Keldeo|Hydro Pump|p1a: Charizard
|-supereffective|p1a: Charizard
|-damage|p1a: Charizard|0 fnt
|faint|p1a: Charizard
|
|-weather|Sandstorm|[upkeep]
|-damage|p2a: Keldeo|1/100|[from] Sandstorm
|upkeep
|
|t:|1779581056
|switch|p1a: Leafeon|Leafeon, M|100/100
|turn|17
|
|t:|1779581062
|switch|p2a: Heatran|Heatran, M, shiny|100/100
|move|p1a: Leafeon|Swords Dance|p1a: Leafeon
|-boost|p1a: Leafeon|atk|2
|
|-weather|Sandstorm|[upkeep]
|-damage|p1a: Leafeon|94/100|[from] Sandstorm
|upkeep
|turn|18
|
|t:|1779581073
|move|p1a: Leafeon|Double Kick|p2a: Heatran
|-supereffective|p2a: Heatran
|-damage|p2a: Heatran|54/100
|-supereffective|p2a: Heatran
|-damage|p2a: Heatran|12/100
|-hitcount|p2a: Heatran|2
|-damage|p1a: Leafeon|84/100|[from] item: Life Orb
|move|p2a: Heatran|Magma Storm|p1a: Leafeon|[miss]
|-miss|p2a: Heatran|p1a: Leafeon
|
|-weather|none
|-heal|p2a: Heatran|18/100|[from] item: Leftovers
|upkeep
|turn|19
|
|t:|1779581087
|move|p2a: Heatran|Protect|p2a: Heatran
|-singleturn|p2a: Heatran|Protect
|move|p1a: Leafeon|Knock Off|p2a: Heatran
|-activate|p2a: Heatran|move: Protect
|
|-heal|p2a: Heatran|24/100|[from] item: Leftovers
|upkeep
|turn|20
|
|t:|1779581098
|move|p1a: Leafeon|Knock Off|p2a: Heatran
|-crit|p2a: Heatran
|-damage|p2a: Heatran|0 fnt
|-enditem|p2a: Heatran|Leftovers|[from] move: Knock Off|[of] p1a: Leafeon
|faint|p2a: Heatran
|-damage|p1a: Leafeon|74/100|[from] item: Life Orb
|
|upkeep
|
|t:|1779581105
|switch|p2a: Tornadus|Tornadus-Therian, M, shiny|75/100
|turn|21
|
|t:|1779581131
|move|p2a: Tornadus|Hurricane|p1a: Leafeon|[miss]
|-miss|p2a: Tornadus|p1a: Leafeon
|move|p1a: Leafeon|Knock Off|p2a: Tornadus
|-damage|p2a: Tornadus|0 fnt
|-enditem|p2a: Tornadus|Assault Vest|[from] move: Knock Off|[of] p1a: Leafeon
|faint|p2a: Tornadus
|-damage|p1a: Leafeon|64/100|[from] item: Life Orb
|
|upkeep
|
|t:|1779581143
|switch|p2a: Hydrapple|Hydrapple, F, shiny|100/100
|turn|22
|
|t:|1779581159
|move|p1a: Leafeon|Knock Off|p2a: Hydrapple
|-damage|p2a: Hydrapple|36/100
|-enditem|p2a: Hydrapple|Heavy-Duty Boots|[from] move: Knock Off|[of] p1a: Leafeon
|-damage|p1a: Leafeon|55/100|[from] item: Life Orb
|move|p2a: Hydrapple|Fickle Beam|p1a: Leafeon
|-damage|p1a: Leafeon|0 fnt
|faint|p1a: Leafeon
|
|upkeep
|inactive|Sun Addict has 120 seconds left.
|
|t:|1779581172
|switch|p1a: Great Tusk|Great Tusk|100/100
|turn|23
|
|t:|1779581177
|switch|p2a: Keldeo|Keldeo-Resolute, shiny|1/100
|move|p1a: Great Tusk|Ice Spinner|p2a: Keldeo
|-resisted|p2a: Keldeo
|-damage|p2a: Keldeo|0 fnt
|faint|p2a: Keldeo
|
|upkeep
|
|t:|1779581185
|switch|p2a: Hydrapple|Hydrapple, F, shiny|69/100
|turn|24
|
|t:|1779581189
|-terastallize|p2a: Hydrapple|Fairy
|move|p1a: Great Tusk|Ice Spinner|p2a: Hydrapple
|-damage|p2a: Hydrapple|50/100
|move|p2a: Hydrapple|Giga Drain|p1a: Great Tusk
|-supereffective|p1a: Great Tusk
|-crit|p1a: Great Tusk
|-damage|p1a: Great Tusk|0 fnt
|-heal|p2a: Hydrapple|100/100|[from] drain|[of] p1a: Great Tusk
|faint|p1a: Great Tusk
|-end|p1a: Great Tusk|Protosynthesis|[silent]
|
|upkeep
|
|t:|1779581196
|switch|p1a: Kingambit|Kingambit, F|100/100
|-activate|p1a: Kingambit|ability: Supreme Overlord
|-start|p1a: Kingambit|fallen5|[silent]
|turn|25
|
|t:|1779581210
|-terastallize|p1a: Kingambit|Ghost
|move|p1a: Kingambit|Swords Dance|p1a: Kingambit
|-boost|p1a: Kingambit|atk|2
|move|p2a: Hydrapple|Earth Power|p1a: Kingambit
|-damage|p1a: Kingambit|67/100
|
|-heal|p1a: Kingambit|73/100|[from] item: Leftovers
|upkeep
|turn|26
|
|t:|1779581221
|move|p1a: Kingambit|Iron Head|p2a: Hydrapple
|-supereffective|p2a: Hydrapple
|-damage|p2a: Hydrapple|0 fnt
|faint|p2a: Hydrapple
|
|-heal|p1a: Kingambit|80/100|[from] item: Leftovers
|upkeep
|
|t:|1779581228
|switch|p2a: Excadrill|Excadrill, M, shiny|100/100
|turn|27
|
|t:|1779581231
|move|p2a: Excadrill|Iron Head|p1a: Kingambit
|-damage|p1a: Kingambit|45/100
|move|p1a: Kingambit|Kowtow Cleave|p2a: Excadrill
|-damage|p2a: Excadrill|0 fnt
|faint|p2a: Excadrill
|
|win|Sun Addict
|raw|Sun Addict's rating: 1617 &rarr; <strong>1631</strong><br />(+14 for winning)
|raw|NebulaTrainer's rating: 1502 &rarr; <strong>1488</strong><br />(-14 for losing)
|l|☆NebulaTrainer
|player|p2|
|l|☆Sun Addict
|player|p1|
