|j|☆PixelPenguin2
|j|☆ANGEL ENGINE
|t:|1779693395
|gametype|singles
|player|p1|PixelPenguin2|guitarist|1444
|player|p2|ANGEL ENGINE|265|1482
|gen|9
|tier|[Gen 9] OU
|rated|
|rule|HP Percentage Mod: HP is shown in percentages
|rule|Endless Battle Clause: Forcing endless battles is banned
|rule|Species Clause: Limit one of each Pokémon
|rule|OHKO Clause: OHKO moves are banned
|rule|Evasion Items Clause: Evasion items are banned
|rule|Evasion Moves Clause: Evasion moves are banned
|rule|Evasion Abilities Clause: Evasion abilities are banned
|rule|Sleep Moves Clause: Sleep-inducing moves are banned
|clearpoke
|poke|p1|Ogerpon-Wellspring, F|
|poke|p1|Zamazenta-*|
|poke|p1|Kyurem|
|poke|p1|Great Tusk|
|poke|p1|Zapdos-Galar|
|poke|p1|Gholdengo|
|poke|p2|Darkrai|
|poke|p2|Ting-Lu|
|poke|p2|Skarmory, M|
|poke|p2|Dragonite, M|
|poke|p2|Iron Valiant|
|poke|p2|Revavroom, M|
|teampreview
|inactive|Battle timer is ON: inactive players will automatically lose when time's up. (requested by PixelPenguin2)
|inactive|ANGEL ENGINE also wants the timer to be on.
|
|t:|1779693409
|teamsize|p1|6
|teamsize|p2|6
|start
|switch|p1a: Ogerpon|Ogerpon-Wellspring, F|100/100
|switch|p2a: Ting-Lu|Ting-Lu|100/100
|-ability|p2a: Ting-Lu|Vessel of Ruin
|turn|1
|
|t:|1779693415
|move|p1a: Ogerpon|Ivy Cudgel|p2a: Ting-Lu|[anim] Ivy Cudgel Water
|-supereffective|p2a: Ting-Lu
|-damage|p2a: Ting-Lu|46/100
|-enditem|p2a: Ting-Lu|Red Card|[of] p1a: Ogerpon
|drag|p1a: Kyurem|Kyurem|100/100
|-ability|p1a: Kyurem|Pressure
|move|p2a: Ting-Lu|Stealth Rock|p1a: Kyurem
|-sidestart|p1: PixelPenguin2|move: Stealth Rock
|
|upkeep
|turn|2
|
|t:|1779693420
|move|p1a: Kyurem|Freeze-Dry|p2a: Ting-Lu
|-supereffective|p2a: Ting-Lu
|-damage|p2a: Ting-Lu|11/100
|move|p2a: Ting-Lu|Spikes|p1a: Kyurem
|-sidestart|p1: PixelPenguin2|Spikes
|
|upkeep
|turn|3
|
|t:|1779693424
|switch|p1a: Great Tusk|Great Tusk|100/100
|move|p2a: Ting-Lu|Spikes|p1a: Great Tusk
|-sidestart|p1: PixelPenguin2|Spikes
|
|upkeep
|turn|4
|
|t:|1779693431
|-terastallize|p2a: Ting-Lu|Ghost
|move|p1a: Great Tusk|Stealth Rock|p2a: Ting-Lu
|-sidestart|p2: ANGEL ENGINE|move: Stealth Rock
|move|p2a: Ting-Lu|Ruination|p1a: Great Tusk
|-damage|p1a: Great Tusk|51/100
|
|upkeep
|turn|5
|
|t:|1779693435
|move|p1a: Great Tusk|Headlong Rush|p2a: Ting-Lu
|-damage|p2a: Ting-Lu|0 fnt
|-unboost|p1a: Great Tusk|def|1
|-unboost|p1a: Great Tusk|spd|1
|faint|p2a: Ting-Lu
|
|upkeep
|
|t:|1779693439
|switch|p2a: Darkrai|Darkrai|100/100
|-damage|p2a: Darkrai|88/100|[from] Stealth Rock
|turn|6
|
|t:|1779693446
|-end|p1a: Great Tusk|Protosynthesis|[silent]
|switch|p1a: Kyurem|Kyurem|100/100
|-damage|p1a: Kyurem|76/100|[from] Stealth Rock
|-damage|p1a: Kyurem|59/100|[from] Spikes
|-ability|p1a: Kyurem|Pressure
|move|p2a: Darkrai|Ice Beam|p1a: Kyurem
|-damage|p1a: Kyurem|34/100
|-damage|p2a: Darkrai|78/100|[from] item: Life Orb
|
|upkeep
|turn|7
|
|t:|1779693454
|move|p2a: Darkrai|Dark Pulse|p1a: Kyurem
|-damage|p1a: Kyurem|0 fnt
|faint|p1a: Kyurem
|-damage|p2a: Darkrai|68/100|[from] item: Life Orb
|
|upkeep
|
|t:|1779693458
|switch|p1a: Zapdos|Zapdos-Galar|100/100
|-damage|p1a: Zapdos|88/100|[from] Stealth Rock
|turn|8
|
|t:|1779693462
|switch|p2a: Skarmory|Skarmory, M|100/100
|-damage|p2a: Skarmory|88/100|[from] Stealth Rock
|move|p1a: Zapdos|U-turn|p2a: Skarmory
|-resisted|p2a: Skarmory
|-damage|p2a: Skarmory|83/100
|-enditem|p2a: Skarmory|Red Card|[of] p1a: Zapdos
|drag|p1a: Gholdengo|Gholdengo|100/100
|-damage|p1a: Gholdengo|94/100|[from] Stealth Rock
|-damage|p1a: Gholdengo|78/100|[from] Spikes
|
|upkeep
|turn|9
|
|t:|1779693467
|move|p1a: Gholdengo|Thunderbolt|p2a: Skarmory
|-supereffective|p2a: Skarmory
|-damage|p2a: Skarmory|0 fnt
|faint|p2a: Skarmory
|
|upkeep
|
|t:|1779693470
|switch|p2a: Revavroom|Revavroom, M|100/100
|-damage|p2a: Revavroom|95/100|[from] Stealth Rock
|turn|10
|
|t:|1779693476
|move|p2a: Revavroom|Shift Gear|p2a: Revavroom
|-boost|p2a: Revavroom|spe|2
|-boost|p2a: Revavroom|atk|1
|move|p1a: Gholdengo|Nasty Plot|p1a: Gholdengo
|-boost|p1a: Gholdengo|spa|2
|
|upkeep
|turn|11
|
|t:|1779693484
|move|p2a: Revavroom|High Horsepower|p1a: Gholdengo
|-supereffective|p1a: Gholdengo
|-damage|p1a: Gholdengo|0 fnt
|faint|p1a: Gholdengo
|-damage|p2a: Revavroom|85/100|[from] item: Life Orb
|
|upkeep
|
|t:|1779693492
|switch|p1a: Zamazenta|Zamazenta|100/100
|-damage|p1a: Zamazenta|94/100|[from] Stealth Rock
|-damage|p1a: Zamazenta|78/100|[from] Spikes
|-ability|p1a: Zamazenta|Dauntless Shield|boost
|-boost|p1a: Zamazenta|def|1
|turn|12
|
|t:|1779693495
|-terastallize|p1a: Zamazenta|Steel
|move|p2a: Revavroom|Gunk Shot|p1a: Zamazenta
|-immune|p1a: Zamazenta
|move|p1a: Zamazenta|Roar|p2a: Revavroom
|drag|p2a: Darkrai|Darkrai|68/100
|-damage|p2a: Darkrai|56/100|[from] Stealth Rock
|
|-heal|p1a: Zamazenta|84/100|[from] item: Leftovers
|upkeep
|turn|13
|
|t:|1779693499
|move|p2a: Darkrai|Dark Pulse|p1a: Zamazenta
|-damage|p1a: Zamazenta|36/100
|-damage|p2a: Darkrai|46/100|[from] item: Life Orb
|cant|p1a: Zamazenta|flinch
|
|-heal|p1a: Zamazenta|43/100|[from] item: Leftovers
|upkeep
|turn|14
|
|t:|1779693511
|switch|p1a: Ogerpon|Ogerpon-Wellspring, F|100/100
|-damage|p1a: Ogerpon|88/100|[from] Stealth Rock
|-damage|p1a: Ogerpon|72/100|[from] Spikes
|move|p2a: Darkrai|Dark Pulse|p1a: Ogerpon
|-damage|p1a: Ogerpon|3/100
|-damage|p2a: Darkrai|36/100|[from] item: Life Orb
|
|upkeep
|turn|15
|
|t:|1779693514
|move|p2a: Darkrai|Dark Pulse|p1a: Ogerpon
|-damage|p1a: Ogerpon|0 fnt
|faint|p1a: Ogerpon
|-damage|p2a: Darkrai|26/100|[from] item: Life Orb
|
|upkeep
|
|t:|1779693516
|switch|p1a: Zapdos|Zapdos-Galar|88/100
|-damage|p1a: Zapdos|76/100|[from] Stealth Rock
|turn|16
|
|t:|1779693520
|move|p1a: Zapdos|Brave Bird|p2a: Darkrai
|-damage|p2a: Darkrai|0 fnt
|faint|p2a: Darkrai
|-damage|p1a: Zapdos|68/100|[from] Recoil
|
|upkeep
|
|t:|1779693530
|switch|p2a: Revavroom|Revavroom, M|85/100
|-damage|p2a: Revavroom|79/100|[from] Stealth Rock
|turn|17
|
|t:|1779693536
|switch|p1a: Zamazenta|Zamazenta, tera:Steel|43/100
|-damage|p1a: Zamazenta|36/100|[from] Stealth Rock
|-damage|p1a: Zamazenta|20/100|[from] Spikes
|move|p2a: Revavroom|Shift Gear|p2a: Revavroom
|-boost|p2a: Revavroom|spe|2
|-boost|p2a: Revavroom|atk|1
|
|-heal|p1a: Zamazenta|26/100|[from] item: Leftovers
|upkeep
|turn|18
|
|t:|1779693538
|move|p2a: Revavroom|Temper Flare|p1a: Zamazenta
|-supereffective|p1a: Zamazenta
|-damage|p1a: Zamazenta|0 fnt
|faint|p1a: Zamazenta
|-damage|p2a: Revavroom|69/100|[from] item: Life Orb
|
|upkeep
|-message|PixelPenguin2 forfeited.
|
|win|ANGEL ENGINE
|raw|PixelPenguin2's rating: 1444 &rarr; <strong>1426</strong><br />(-18 for losing)
|raw|ANGEL ENGINE's rating: 1482 &rarr; <strong>1500</strong><br />(+18 for winning)
|l|☆PixelPenguin2
|player|p1|
|l|☆ANGEL ENGINE
|player|p2|
