|j|☆sr_voidz99
|j|☆datesarehealthy
|t:|1779589519
|gametype|singles
|player|p1|sr_voidz99|2|1137
|player|p2|datesarehealthy|pokefan|1141
|gen|9
|tier|[Gen 9] OU
|rated|
|rule|HP Percentage Mod: HP is shown in percentages
|rule|Endless Battle Clause: Forcing endless battles is banned
|rule|Species Clause: Limit one of each Pokémon
|rule|OHKO Clause: OHKO moves are banned
|rule|Evasion Items Clause: Evasion items are banned
|rule|Evasion Moves Clause: Evasion moves are banned
|rule|Evasion Abilities Clause: Evasion abilities are banned
|rule|Sleep Moves Clause: Sleep-inducing moves are banned
|clearpoke
|poke|p1|Gholdengo|
|poke|p1|Kyurem|
|poke|p1|Iron Valiant|
|poke|p1|Garganacl, M|
|poke|p1|Moltres|
|poke|p1|Iron Treads|
|poke|p2|Pecharunt|
|poke|p2|Slowking-Galar, M|
|poke|p2|Swalot, M|
|poke|p2|Skuntank, F|
|poke|p2|Gengar, M|
|poke|p2|Gliscor, F|
|teampreview
|
|t:|1779589547
|teamsize|p1|6
|teamsize|p2|6
|start
|switch|p1a: Garganacl|Garganacl, M|100/100
|switch|p2a: Gliscor|Gliscor, F|100/100
|turn|1
|
|t:|1779589556
|move|p2a: Gliscor|Swords Dance|p2a: Gliscor
|-boost|p2a: Gliscor|atk|2
|move|p1a: Garganacl|Stealth Rock|p2a: Gliscor
|-sidestart|p2: datesarehealthy|move: Stealth Rock
|
|-status|p2a: Gliscor|tox|[from] item: Toxic Orb
|upkeep
|turn|2
|
|t:|1779589563
|move|p2a: Gliscor|Earthquake|p1a: Garganacl
|-supereffective|p1a: Garganacl
|-damage|p1a: Garganacl|32/100
|move|p1a: Garganacl|Salt Cure|p2a: Gliscor
|-damage|p2a: Gliscor|89/100 tox
|-start|p2a: Gliscor|Salt Cure
|
|-heal|p1a: Garganacl|38/100|[from] item: Leftovers
|-heal|p2a: Gliscor|100/100 tox|[from] ability: Poison Heal
|-damage|p2a: Gliscor|88/100 tox|[from] Salt Cure
|upkeep
|turn|3
|
|t:|1779589575
|move|p1a: Garganacl|Protect|p1a: Garganacl
|-singleturn|p1a: Garganacl|Protect
|move|p2a: Gliscor|Knock Off|p1a: Garganacl
|-activate|p1a: Garganacl|move: Protect
|
|-heal|p1a: Garganacl|45/100|[from] item: Leftovers
|-heal|p2a: Gliscor|100/100 tox|[from] ability: Poison Heal
|-damage|p2a: Gliscor|88/100 tox|[from] Salt Cure
|upkeep
|turn|4
|
|t:|1779589584
|move|p2a: Gliscor|Earthquake|p1a: Garganacl
|-supereffective|p1a: Garganacl
|-damage|p1a: Garganacl|0 fnt
|faint|p1a: Garganacl
|
|-heal|p2a: Gliscor|100/100 tox|[from] ability: Poison Heal
|-damage|p2a: Gliscor|88/100 tox|[from] Salt Cure
|upkeep
|
|t:|1779589595
|switch|p1a: Kyurem|Kyurem|100/100
|-ability|p1a: Kyurem|Pressure
|turn|5
|
|t:|1779589609
|switch|p2a: Slowking|Slowking-Galar, M|100/100
|-damage|p2a: Slowking|88/100|[from] Stealth Rock
|move|p1a: Kyurem|Ice Beam|p2a: Slowking
|-damage|p2a: Slowking|49/100
|
|-heal|p2a: Slowking|55/100|[from] item: Leftovers
|upkeep
|turn|6
|
|t:|1779589621
|switch|p1a: Iron Treads|Iron Treads|100/100
|move|p2a: Slowking|Psychic Noise|p1a: Iron Treads
|-resisted|p1a: Iron Treads
|-damage|p1a: Iron Treads|89/100
|-start|p1a: Iron Treads|move: Heal Block
|
|-heal|p2a: Slowking|61/100|[from] item: Leftovers
|upkeep
|turn|7
|
|t:|1779589633
|switch|p2a: Swalot|Swalot, M|100/100
|-damage|p2a: Swalot|88/100|[from] Stealth Rock
|move|p1a: Iron Treads|Rapid Spin|p2a: Swalot
|-damage|p2a: Swalot|80/100
|-boost|p1a: Iron Treads|spe|1
|
|-end|p1a: Iron Treads|move: Heal Block
|upkeep
|turn|8
|
|t:|1779589644
|move|p1a: Iron Treads|Earthquake|p2a: Swalot
|-supereffective|p2a: Swalot
|-damage|p2a: Swalot|23/100
|move|p2a: Swalot|Toxic Spikes|p1a: Iron Treads
|-sidestart|p1: sr_voidz99|move: Toxic Spikes
|
|-heal|p1a: Iron Treads|95/100|[from] item: Leftovers
|upkeep
|turn|9
|-enditem|p2a: Swalot|Custap Berry|[eat]
|-activate|p2a: Swalot|item: Custap Berry|[consumed]
|
|t:|1779589651
|move|p2a: Swalot|Destiny Bond|p2a: Swalot
|-singlemove|p2a: Swalot|Destiny Bond
|move|p1a: Iron Treads|Earthquake|p2a: Swalot
|-supereffective|p2a: Swalot
|-damage|p2a: Swalot|0 fnt
|faint|p2a: Swalot
|-activate|p2a: Swalot|move: Destiny Bond
|faint|p1a: Iron Treads
|-end|p1a: Iron Treads|Quark Drive|[silent]
|
|upkeep
|
|t:|1779589665
|switch|p1a: Gholdengo|Gholdengo|100/100
|switch|p2a: Gengar|Gengar, M|100/100
|-item|p1a: Gholdengo|Air Balloon
|turn|10
|
|t:|1779589681
|-terastallize|p2a: Gengar|Fairy
|-terastallize|p1a: Gholdengo|Steel
|move|p2a: Gengar|Shadow Ball|p1a: Gholdengo
|-damage|p1a: Gholdengo|55/100
|-enditem|p1a: Gholdengo|Air Balloon
|move|p1a: Gholdengo|Nasty Plot|p1a: Gholdengo
|-boost|p1a: Gholdengo|spa|2
|
|upkeep
|turn|11
|
|t:|1779589691
|move|p2a: Gengar|Focus Blast|p1a: Gholdengo
|-supereffective|p1a: Gholdengo
|-damage|p1a: Gholdengo|0 fnt
|faint|p1a: Gholdengo
|
|upkeep
|
|t:|1779589701
|switch|p1a: Kyurem|Kyurem|100/100
|-status|p1a: Kyurem|psn
|-ability|p1a: Kyurem|Pressure
|turn|12
|
|t:|1779589709
|switch|p2a: Slowking|Slowking-Galar, M|95/100
|-damage|p2a: Slowking|82/100|[from] Stealth Rock
|switch|p1a: Moltres|Moltres|100/100
|
|-heal|p2a: Slowking|88/100|[from] item: Leftovers
|upkeep
|turn|13
|
|t:|1779589717
|move|p2a: Slowking|Psychic Noise|p1a: Moltres
|-damage|p1a: Moltres|73/100
|-start|p1a: Moltres|move: Heal Block
|move|p1a: Moltres|Roar|p2a: Slowking
|drag|p2a: Skuntank|Skuntank, F|100/100
|-damage|p2a: Skuntank|88/100|[from] Stealth Rock
|
|upkeep
|turn|14
|
|t:|1779589726
|move|p1a: Moltres|Will-O-Wisp|p2a: Skuntank
|-status|p2a: Skuntank|brn
|move|p2a: Skuntank|Toxic|p1a: Moltres
|-status|p1a: Moltres|tox
|
|-damage|p1a: Moltres|67/100 tox|[from] psn
|-damage|p2a: Skuntank|82/100 brn|[from] brn
|-end|p1a: Moltres|move: Heal Block
|upkeep
|turn|15
|
|t:|1779589736
|move|p2a: Skuntank|Fire Spin|p1a: Moltres
|-resisted|p1a: Moltres
|-damage|p1a: Moltres|64/100 tox
|-activate|p1a: Moltres|move: Fire Spin|[of] p2a: Skuntank
|move|p1a: Moltres|Roar|p2a: Skuntank
|drag|p2a: Gengar|Gengar, M, tera:Fairy|100/100
|
|-damage|p1a: Moltres|52/100 tox|[from] psn
|-end|p1a: Moltres|Fire Spin|[partiallytrapped]|[silent]
|upkeep
|turn|16
|
|t:|1779589743
|move|p2a: Gengar|Thunderbolt|p1a: Moltres
|-supereffective|p1a: Moltres
|-damage|p1a: Moltres|0 fnt
|faint|p1a: Moltres
|
|upkeep
|
|t:|1779589751
|switch|p1a: Iron Valiant|Iron Valiant|100/100
|-status|p1a: Iron Valiant|psn
|-enditem|p1a: Iron Valiant|Booster Energy
|-activate|p1a: Iron Valiant|ability: Quark Drive|[fromitem]
|-start|p1a: Iron Valiant|quarkdrivespe
|turn|17
|
|t:|1779589757
|move|p1a: Iron Valiant|Moonblast|p2a: Gengar
|-damage|p2a: Gengar|33/100
|-unboost|p2a: Gengar|spa|1
|move|p2a: Gengar|Dazzling Gleam|p1a: Iron Valiant
|-supereffective|p1a: Iron Valiant
|-damage|p1a: Iron Valiant|0 fnt
|faint|p1a: Iron Valiant
|-end|p1a: Iron Valiant|Quark Drive|[silent]
|
|upkeep
|
|t:|1779589761
|switch|p1a: Kyurem|Kyurem|100/100 psn
|-ability|p1a: Kyurem|Pressure
|turn|18
|
|t:|1779589769
|move|p2a: Gengar|Shadow Ball|p1a: Kyurem
|-damage|p1a: Kyurem|73/100 psn
|move|p1a: Kyurem|Ice Beam|p2a: Gengar
|-damage|p2a: Gengar|0 fnt
|faint|p2a: Gengar
|
|-damage|p1a: Kyurem|61/100 psn|[from] psn
|upkeep
|
|t:|1779589779
|switch|p2a: Slowking|Slowking-Galar, M|100/100
|-damage|p2a: Slowking|88/100|[from] Stealth Rock
|turn|19
|
|t:|1779589783
|move|p1a: Kyurem|Ice Beam|p2a: Slowking
|-damage|p2a: Slowking|48/100
|move|p2a: Slowking|Psychic Noise|p1a: Kyurem
|-damage|p1a: Kyurem|34/100 psn
|-start|p1a: Kyurem|move: Heal Block
|
|-heal|p2a: Slowking|54/100|[from] item: Leftovers
|-damage|p1a: Kyurem|22/100 psn|[from] psn
|upkeep
|turn|20
|
|t:|1779589793
|move|p1a: Kyurem|Ice Beam|p2a: Slowking
|-damage|p2a: Slowking|12/100
|move|p2a: Slowking|Psychic Noise|p1a: Kyurem
|-damage|p1a: Kyurem|0 fnt
|faint|p1a: Kyurem
|
|win|datesarehealthy
|raw|sr_voidz99's rating: 1137 &rarr; <strong>1112</strong><br />(-25 for losing)
|raw|datesarehealthy's rating: 1141 &rarr; <strong>1166</strong><br />(+25 for winning)
|l|☆sr_voidz99
|player|p1|
|l|☆datesarehealthy
|player|p2|
