|j|☆boburnhamofficial
|j|☆SgtSlapnuts
|t:|1779638453
|gametype|singles
|player|p1|boburnhamofficial|gardenia|1126
|player|p2|SgtSlapnuts|ingo|1153
|gen|9
|tier|[Gen 9] OU
|rated|
|rule|HP Percentage Mod: HP is shown in percentages
|rule|Endless Battle Clause: Forcing endless battles is banned
|rule|Species Clause: Limit one of each Pokémon
|rule|OHKO Clause: OHKO moves are banned
|rule|Evasion Items Clause: Evasion items are banned
|rule|Evasion Moves Clause: Evasion moves are banned
|rule|Evasion Abilities Clause: Evasion abilities are banned
|rule|Sleep Moves Clause: Sleep-inducing moves are banned
|clearpoke
|poke|p1|Muk, M|
|poke|p1|Lokix, M|
|poke|p1|Ceruledge, M|
|poke|p1|Deoxys-Speed|
|poke|p1|Dondozo, M|
|poke|p1|Kingambit, M|
|poke|p2|Regigigas|
|poke|p2|Regice|
|poke|p2|Regidrago|
|poke|p2|Regirock|
|poke|p2|Regieleki|
|poke|p2|Registeel|
|teampreview
|inactive|Battle timer is ON: inactive players will automatically lose when time's up. (requested by SgtSlapnuts)
|
|t:|1779638482
|teamsize|p1|6
|teamsize|p2|6
|start
|switch|p1a: Deoxys|Deoxys-Speed|100/100
|switch|p2a: Registeel|Registeel|100/100
|-ability|p1a: Deoxys|Pressure
|turn|1
|
|t:|1779638487
|move|p1a: Deoxys|Taunt|p2a: Registeel
|-start|p2a: Registeel|move: Taunt
|cant|p2a: Registeel|move: Taunt|Stealth Rock
|
|upkeep
|turn|2
|
|t:|1779638492
|move|p1a: Deoxys|Stealth Rock|p2a: Registeel
|-sidestart|p2: SgtSlapnuts|move: Stealth Rock
|move|p2a: Registeel|Flash Cannon|p1a: Deoxys
|-damage|p1a: Deoxys|69/100
|
|upkeep
|turn|3
|
|t:|1779638502
|switch|p2a: Regice|Regice|100/100
|-damage|p2a: Regice|76/100|[from] Stealth Rock
|move|p1a: Deoxys|Shadow Ball|p2a: Regice
|-damage|p2a: Regice|64/100
|
|-heal|p2a: Regice|70/100|[from] item: Leftovers
|upkeep
|turn|4
|
|t:|1779638509
|move|p1a: Deoxys|Taunt|p2a: Regice
|-start|p2a: Regice|move: Taunt
|cant|p2a: Regice|move: Taunt|Snowscape
|
|-heal|p2a: Regice|76/100|[from] item: Leftovers
|upkeep
|turn|5
|
|t:|1779638518
|switch|p1a: Ceruledge|Ceruledge, M|100/100
|move|p2a: Regice|Charge Beam|p1a: Ceruledge
|-damage|p1a: Ceruledge|87/100
|
|-heal|p2a: Regice|82/100|[from] item: Leftovers
|upkeep
|turn|6
|
|t:|1779638530
|switch|p2a: Regirock|Regirock|100/100
|-damage|p2a: Regirock|88/100|[from] Stealth Rock
|move|p1a: Ceruledge|Swords Dance|p1a: Ceruledge
|-boost|p1a: Ceruledge|atk|2
|
|upkeep
|turn|7
|
|t:|1779638539
|move|p1a: Ceruledge|Poltergeist|p2a: Regirock
|-activate|p2a: Regirock|move: Poltergeist|Rocky Helmet
|-damage|p2a: Regirock|35/100
|move|p2a: Regirock|Stone Edge|p1a: Ceruledge
|-supereffective|p1a: Ceruledge
|-damage|p1a: Ceruledge|0 fnt
|faint|p1a: Ceruledge
|
|upkeep
|
|t:|1779638551
|switch|p1a: HELLO GOODBYE|Lokix, M|100/100
|turn|8
|
|t:|1779638561
|move|p1a: HELLO GOODBYE|Knock Off|p2a: Regirock
|-damage|p2a: Regirock|13/100
|-damage|p1a: HELLO GOODBYE|84/100|[from] item: Rocky Helmet|[of] p2a: Regirock
|-enditem|p2a: Regirock|Rocky Helmet|[from] move: Knock Off|[of] p1a: HELLO GOODBYE
|move|p2a: Regirock|Stone Edge|p1a: HELLO GOODBYE|[miss]
|-miss|p2a: Regirock|p1a: HELLO GOODBYE
|
|upkeep
|turn|9
|
|t:|1779638568
|move|p1a: HELLO GOODBYE|U-turn|p2a: Regirock
|-damage|p2a: Regirock|0 fnt
|faint|p2a: Regirock
|
|t:|1779638572
|switch|p1a: Deoxys|Deoxys-Speed|69/100|[from] U-turn
|-ability|p1a: Deoxys|Pressure
|
|upkeep
|
|t:|1779638578
|switch|p2a: Regieleki|Regieleki|100/100
|turn|10
|
|t:|1779638585
|move|p2a: Regieleki|Volt Switch|p1a: Deoxys
|-damage|p1a: Deoxys|8/100
|
|t:|1779638590
|switch|p2a: Registeel|Registeel|100/100|[from] Volt Switch
|-damage|p2a: Registeel|94/100|[from] Stealth Rock
|move|p1a: Deoxys|Psycho Boost|p2a: Registeel
|-resisted|p2a: Registeel
|-damage|p2a: Registeel|77/100
|-unboost|p1a: Deoxys|spa|2
|
|-heal|p2a: Registeel|83/100|[from] item: Leftovers
|upkeep
|turn|11
|
|t:|1779638598
|move|p1a: Deoxys|Taunt|p2a: Registeel
|-start|p2a: Registeel|move: Taunt
|move|p2a: Registeel|Body Press|p1a: Deoxys
|-resisted|p1a: Deoxys
|-damage|p1a: Deoxys|0 fnt
|faint|p1a: Deoxys
|
|-heal|p2a: Registeel|90/100|[from] item: Leftovers
|upkeep
|
|t:|1779638606
|switch|p1a: gunked|Muk, M|100/100
|turn|12
|
|t:|1779638617
|switch|p2a: Regidrago|Regidrago|100/100
|-damage|p2a: Regidrago|88/100|[from] Stealth Rock
|move|p1a: gunked|Knock Off|p2a: Regidrago
|-damage|p2a: Regidrago|61/100
|-enditem|p2a: Regidrago|Choice Scarf|[from] move: Knock Off|[of] p1a: gunked
|
|upkeep
|turn|13
|
|t:|1779638625
|move|p2a: Regidrago|Earth Power|p1a: gunked
|-supereffective|p1a: gunked
|-damage|p1a: gunked|68/100
|move|p1a: gunked|Toxic|p2a: Regidrago
|-status|p2a: Regidrago|tox
|
|-heal|p1a: gunked|74/100|[from] item: Leftovers
|-damage|p2a: Regidrago|55/100 tox|[from] psn
|upkeep
|turn|14
|
|t:|1779638633
|move|p2a: Regidrago|Dragon Pulse|p1a: gunked
|-damage|p1a: gunked|39/100
|move|p1a: gunked|Poison Jab|p2a: Regidrago
|-damage|p2a: Regidrago|25/100 tox
|
|-heal|p1a: gunked|45/100|[from] item: Leftovers
|-damage|p2a: Regidrago|13/100 tox|[from] psn
|upkeep
|turn|15
|
|t:|1779638644
|switch|p1a: Kingambit|Kingambit, M|100/100
|-activate|p1a: Kingambit|ability: Supreme Overlord
|-start|p1a: Kingambit|fallen2|[silent]
|move|p2a: Regidrago|Dragon Pulse|p1a: Kingambit
|-resisted|p1a: Kingambit
|-damage|p1a: Kingambit|70/100
|
|-heal|p1a: Kingambit|76/100|[from] item: Leftovers
|-damage|p2a: Regidrago|0 fnt|[from] psn
|faint|p2a: Regidrago
|upkeep
|
|t:|1779638656
|switch|p2a: Registeel|Registeel|90/100
|-damage|p2a: Registeel|83/100|[from] Stealth Rock
|turn|16
|
|t:|1779638665
|move|p1a: Kingambit|Swords Dance|p1a: Kingambit
|-boost|p1a: Kingambit|atk|2
|move|p2a: Registeel|Thunder Wave|p1a: Kingambit
|-status|p1a: Kingambit|par
|
|-heal|p2a: Registeel|90/100|[from] item: Leftovers
|-heal|p1a: Kingambit|82/100 par|[from] item: Leftovers
|upkeep
|turn|17
|
|t:|1779638671
|move|p2a: Registeel|Body Press|p1a: Kingambit
|-supereffective|p1a: Kingambit
|-damage|p1a: Kingambit|0 fnt
|faint|p1a: Kingambit
|-end|p1a: Kingambit|fallen2|[silent]
|
|-heal|p2a: Registeel|96/100|[from] item: Leftovers
|upkeep
|
|t:|1779638676
|switch|p1a: Dondozo|Dondozo, M|100/100
|turn|18
|
|t:|1779638681
|move|p2a: Registeel|Thunder Wave|p1a: Dondozo
|-status|p1a: Dondozo|par
|move|p1a: Dondozo|Curse|p1a: Dondozo
|-unboost|p1a: Dondozo|spe|1
|-boost|p1a: Dondozo|atk|1
|-boost|p1a: Dondozo|def|1
|
|-heal|p2a: Registeel|100/100|[from] item: Leftovers
|upkeep
|turn|19
|
|t:|1779638688
|move|p2a: Registeel|Body Press|p1a: Dondozo
|-damage|p1a: Dondozo|92/100 par
|move|p1a: Dondozo|Curse|p1a: Dondozo
|-unboost|p1a: Dondozo|spe|1
|-boost|p1a: Dondozo|atk|1
|-boost|p1a: Dondozo|def|1
|
|-heal|p1a: Dondozo|98/100 par|[from] item: Leftovers
|upkeep
|turn|20
|
|t:|1779638696
|switch|p2a: Regieleki|Regieleki|100/100
|move|p1a: Dondozo|Curse|p1a: Dondozo
|-unboost|p1a: Dondozo|spe|1
|-boost|p1a: Dondozo|atk|1
|-boost|p1a: Dondozo|def|1
|
|-heal|p1a: Dondozo|100/100 par|[from] item: Leftovers
|upkeep
|turn|21
|
|t:|1779638702
|-terastallize|p2a: Regieleki|Electric
|move|p2a: Regieleki|Thunderbolt|p1a: Dondozo
|-supereffective|p1a: Dondozo
|-damage|p1a: Dondozo|0 fnt
|faint|p1a: Dondozo
|
|upkeep
|
|t:|1779638708
|switch|p1a: HELLO GOODBYE|Lokix, M|84/100
|turn|22
|
|t:|1779638728
|switch|p2a: Registeel|Registeel|100/100
|-damage|p2a: Registeel|94/100|[from] Stealth Rock
|move|p1a: HELLO GOODBYE|First Impression|p2a: Registeel
|-resisted|p2a: Registeel
|-damage|p2a: Registeel|68/100
|
|-heal|p2a: Registeel|74/100|[from] item: Leftovers
|upkeep
|turn|23
|
|t:|1779638737
|move|p1a: HELLO GOODBYE|Knock Off|p2a: Registeel
|-damage|p2a: Registeel|46/100
|-enditem|p2a: Registeel|Leftovers|[from] move: Knock Off|[of] p1a: HELLO GOODBYE
|move|p2a: Registeel|Stealth Rock|p1a: HELLO GOODBYE
|-sidestart|p1: boburnhamofficial|move: Stealth Rock
|
|upkeep
|turn|24
|
|t:|1779638744
|move|p1a: HELLO GOODBYE|U-turn|p2a: Registeel
|-resisted|p2a: Registeel
|-damage|p2a: Registeel|26/100
|
|t:|1779638747
|switch|p1a: gunked|Muk, M|45/100|[from] U-turn
|-damage|p1a: gunked|33/100|[from] Stealth Rock
|move|p2a: Registeel|Body Press|p1a: gunked
|-resisted|p1a: gunked
|-crit|p1a: gunked
|-damage|p1a: gunked|10/100
|
|-heal|p1a: gunked|16/100|[from] item: Leftovers
|upkeep
|turn|25
|
|t:|1779638759
|move|p1a: gunked|Knock Off|p2a: Registeel
|-damage|p2a: Registeel|16/100
|move|p2a: Registeel|Body Press|p1a: gunked
|-resisted|p1a: gunked
|-damage|p1a: gunked|2/100
|
|-heal|p1a: gunked|8/100|[from] item: Leftovers
|upkeep
|turn|26
|
|t:|1779638776
|move|p1a: gunked|Knock Off|p2a: Registeel
|-damage|p2a: Registeel|7/100
|move|p2a: Registeel|Body Press|p1a: gunked
|-resisted|p1a: gunked
|-damage|p1a: gunked|0 fnt
|faint|p1a: gunked
|
|upkeep
|
|t:|1779638780
|switch|p1a: HELLO GOODBYE|Lokix, M|84/100
|turn|27
|
|t:|1779638786
|move|p1a: HELLO GOODBYE|First Impression|p2a: Registeel
|-resisted|p2a: Registeel
|-damage|p2a: Registeel|0 fnt
|faint|p2a: Registeel
|
|upkeep
|
|t:|1779638797
|switch|p2a: Regieleki|Regieleki, tera:Electric|100/100
|turn|28
|
|t:|1779638802
|move|p1a: HELLO GOODBYE|Sucker Punch|p2a: Regieleki
|-damage|p2a: Regieleki|26/100
|move|p2a: Regieleki|Thunderbolt|p1a: HELLO GOODBYE
|-damage|p1a: HELLO GOODBYE|0 fnt
|faint|p1a: HELLO GOODBYE
|
|win|SgtSlapnuts
|raw|boburnhamofficial's rating: 1126 &rarr; <strong>1103</strong><br />(-23 for losing)
|raw|SgtSlapnuts's rating: 1153 &rarr; <strong>1176</strong><br />(+23 for winning)
|l|☆boburnhamofficial
|player|p1|
|l|☆SgtSlapnuts
|player|p2|
