|j|☆Draconic Echo
|j|☆yoki
|t:|1779693396
|gametype|singles
|player|p1|Draconic Echo|gladion|1484
|player|p2|yoki|2|1527
|gen|9
|tier|[Gen 9] OU
|rated|
|rule|HP Percentage Mod: HP is shown in percentages
|rule|Endless Battle Clause: Forcing endless battles is banned
|rule|Species Clause: Limit one of each Pokémon
|rule|OHKO Clause: OHKO moves are banned
|rule|Evasion Items Clause: Evasion items are banned
|rule|Evasion Moves Clause: Evasion moves are banned
|rule|Evasion Abilities Clause: Evasion abilities are banned
|rule|Sleep Moves Clause: Sleep-inducing moves are banned
|clearpoke
|poke|p1|Great Tusk|
|poke|p1|Vaporeon, F|
|poke|p1|Corviknight, F|
|poke|p1|Samurott-Hisui, F|
|poke|p1|Hatterene, F|
|poke|p1|Jolteon, M|
|poke|p2|Slowking-Galar, M|
|poke|p2|Great Tusk|
|poke|p2|Kyurem|
|poke|p2|Darkrai|
|poke|p2|Hoopa-Unbound|
|poke|p2|Zapdos|
|teampreview
|
|t:|1779693421
|teamsize|p1|6
|teamsize|p2|6
|start
|switch|p1a: Hi|Great Tusk|100/100
|switch|p2a: Zapdos|Zapdos, shiny|100/100
|turn|1
|
|t:|1779693425
|move|p1a: Hi|Head Smash|p2a: Zapdos
|-supereffective|p2a: Zapdos
|-damage|p2a: Zapdos|0 fnt
|faint|p2a: Zapdos
|-damage|p1a: Hi|49/100|[from] Recoil
|
|upkeep
|
|t:|1779693431
|switch|p2a: Kyurem|Kyurem|100/100
|-ability|p2a: Kyurem|Pressure
|turn|2
|
|t:|1779693437
|-end|p1a: Hi|Protosynthesis|[silent]
|switch|p1a: :)|Hatterene, F|100/100
|-terastallize|p2a: Kyurem|Ice
|move|p2a: Kyurem|Freeze-Dry|p1a: :)
|-damage|p1a: :)|22/100
|
|-heal|p1a: :)|28/100|[from] item: Leftovers
|upkeep
|turn|3
|
|t:|1779693452
|move|p2a: Kyurem|Freeze-Dry|p1a: :)
|-damage|p1a: :)|0 fnt
|faint|p1a: :)
|
|upkeep
|
|t:|1779693455
|switch|p1a: :D|Corviknight, F, shiny|100/100
|-ability|p1a: :D|Pressure
|turn|4
|
|t:|1779693458
|move|p2a: Kyurem|Freeze-Dry|p1a: :D
|-damage|p1a: :D|48/100
|move|p1a: :D|Body Press|p2a: Kyurem
|-supereffective|p2a: Kyurem
|-damage|p2a: Kyurem|62/100
|
|upkeep
|turn|5
|
|t:|1779693464
|move|p2a: Kyurem|Freeze-Dry|p1a: :D
|-damage|p1a: :D|1/100
|move|p1a: :D|Roost|p1a: :D
|-heal|p1a: :D|51/100
|-singleturn|p1a: :D|move: Roost
|
|upkeep
|turn|6
|
|t:|1779693475
|move|p2a: Kyurem|Freeze-Dry|p1a: :D
|-damage|p1a: :D|4/100
|move|p1a: :D|Body Press|p2a: Kyurem
|-supereffective|p2a: Kyurem
|-damage|p2a: Kyurem|22/100
|
|upkeep
|turn|7
|
|t:|1779693478
|move|p2a: Kyurem|Freeze-Dry|p1a: :D
|-damage|p1a: :D|0 fnt
|faint|p1a: :D
|
|upkeep
|
|t:|1779693480
|switch|p1a: :3|Jolteon, M|100/100
|turn|8
|
|t:|1779693489
|switch|p2a: Slowking|Slowking-Galar, M|100/100
|move|p1a: :3|Volt Switch|p2a: Slowking
|-damage|p2a: Slowking|79/100
|
|t:|1779693491
|switch|p1a: Hi|Great Tusk|49/100|[from] Volt Switch
|
|upkeep
|turn|9
|
|t:|1779693532
|switch|p2a: Hoopa|Hoopa-Unbound|100/100
|move|p1a: Hi|Headlong Rush|p2a: Hoopa
|-damage|p2a: Hoopa|0 fnt
|-unboost|p1a: Hi|def|1
|-unboost|p1a: Hi|spd|1
|faint|p2a: Hoopa
|
|upkeep
|
|t:|1779693534
|switch|p2a: Kyurem|Kyurem, tera:Ice|22/100
|-ability|p2a: Kyurem|Pressure
|turn|10
|
|t:|1779693538
|-end|p1a: Hi|Protosynthesis|[silent]
|switch|p1a: Meep|Vaporeon, F|100/100
|move|p2a: Kyurem|Freeze-Dry|p1a: Meep
|-supereffective|p1a: Meep
|-damage|p1a: Meep|0 fnt
|faint|p1a: Meep
|
|upkeep
|
|t:|1779693548
|switch|p1a: >:(|Samurott-Hisui, F|100/100
|turn|11
|
|t:|1779693556
|switch|p2a: Great Tusk|Great Tusk|100/100
|move|p1a: >:(|Aqua Cutter|p2a: Great Tusk
|-supereffective|p2a: Great Tusk
|-damage|p2a: Great Tusk|35/100
|
|upkeep
|turn|12
|
|t:|1779693558
|move|p1a: >:(|Aqua Cutter|p2a: Great Tusk
|-supereffective|p2a: Great Tusk
|-damage|p2a: Great Tusk|0 fnt
|faint|p2a: Great Tusk
|-end|p2a: Great Tusk|Protosynthesis|[silent]
|
|upkeep
|
|t:|1779693562
|switch|p2a: Darkrai|Darkrai|100/100
|turn|13
|
|t:|1779693565
|move|p1a: >:(|Aqua Cutter|p2a: Darkrai
|-damage|p2a: Darkrai|36/100
|move|p2a: Darkrai|Thunder Wave|p1a: >:(
|-status|p1a: >:(|par
|
|upkeep
|turn|14
|
|t:|1779693573
|move|p2a: Darkrai|Sludge Bomb|p1a: >:(
|-damage|p1a: >:(|54/100 par
|move|p1a: >:(|Aqua Cutter|p2a: Darkrai
|-damage|p2a: Darkrai|0 fnt
|faint|p2a: Darkrai
|
|upkeep
|
|t:|1779693581
|switch|p2a: Kyurem|Kyurem, tera:Ice|22/100
|-ability|p2a: Kyurem|Pressure
|turn|15
|
|t:|1779693583
|move|p2a: Kyurem|Freeze-Dry|p1a: >:(
|-supereffective|p1a: >:(
|-damage|p1a: >:(|0 fnt
|faint|p1a: >:(
|
|upkeep
|
|t:|1779693584
|switch|p1a: :3|Jolteon, M|100/100
|turn|16
|
|t:|1779693587
|switch|p2a: Slowking|Slowking-Galar, M|100/100
|move|p1a: :3|Volt Switch|p2a: Slowking
|-damage|p2a: Slowking|82/100
|
|t:|1779693588
|switch|p1a: Hi|Great Tusk|49/100|[from] Volt Switch
|
|upkeep
|turn|17
|
|t:|1779693592
|move|p1a: Hi|Headlong Rush|p2a: Slowking
|-supereffective|p2a: Slowking
|-damage|p2a: Slowking|0 fnt
|-unboost|p1a: Hi|def|1
|-unboost|p1a: Hi|spd|1
|faint|p2a: Slowking
|
|upkeep
|
|t:|1779693594
|switch|p2a: Kyurem|Kyurem, tera:Ice|22/100
|-ability|p2a: Kyurem|Pressure
|turn|18
|
|t:|1779693596
|move|p2a: Kyurem|Freeze-Dry|p1a: Hi
|-supereffective|p1a: Hi
|-damage|p1a: Hi|0 fnt
|faint|p1a: Hi
|-end|p1a: Hi|Protosynthesis|[silent]
|
|upkeep
|
|t:|1779693597
|switch|p1a: :3|Jolteon, M|100/100
|turn|19
|
|t:|1779693598
|move|p1a: :3|Thunderbolt|p2a: Kyurem
|-damage|p2a: Kyurem|0 fnt
|faint|p2a: Kyurem
|
|win|Draconic Echo
|raw|Draconic Echo's rating: 1484 &rarr; <strong>1506</strong><br />(+22 for winning)
|raw|yoki's rating: 1527 &rarr; <strong>1505</strong><br />(-22 for losing)
|l|☆yoki
|player|p2|
|l|☆Draconic Echo
|player|p1|
