|j|☆EddyduBourgPalette
|j|☆phap'a
|t:|1779642412
|gametype|singles
|player|p1|EddyduBourgPalette|101|1268
|player|p2|phap'a|dawn|1203
|gen|9
|tier|[Gen 9] OU
|rated|
|rule|HP Percentage Mod: HP is shown in percentages
|rule|Endless Battle Clause: Forcing endless battles is banned
|rule|Species Clause: Limit one of each Pokémon
|rule|OHKO Clause: OHKO moves are banned
|rule|Evasion Items Clause: Evasion items are banned
|rule|Evasion Moves Clause: Evasion moves are banned
|rule|Evasion Abilities Clause: Evasion abilities are banned
|rule|Sleep Moves Clause: Sleep-inducing moves are banned
|clearpoke
|poke|p1|Hippowdon, M|
|poke|p1|Gastrodon, M|
|poke|p1|Corviknight, M|
|poke|p1|Gholdengo|
|poke|p1|Iron Valiant|
|poke|p1|Ting-Lu|
|poke|p2|Iron Treads|
|poke|p2|Samurott-Hisui, M|
|poke|p2|Iron Moth|
|poke|p2|Kyurem|
|poke|p2|Ting-Lu|
|poke|p2|Deoxys-Speed|
|teampreview
|c|☆phap'a|GLHF
|inactive|Battle timer is ON: inactive players will automatically lose when time's up. (requested by phap'a)
|inactive|EddyduBourgPalette also wants the timer to be on.
|
|t:|1779642437
|teamsize|p1|6
|teamsize|p2|6
|start
|switch|p1a: Hippowdon|Hippowdon, M, shiny|100/100
|switch|p2a: Samurott|Samurott-Hisui, M|100/100
|-weather|Sandstorm|[from] ability: Sand Stream|[of] p1a: Hippowdon
|turn|1
|c|☆EddyduBourgPalette|GLHF
|
|t:|1779642444
|move|p2a: Samurott|Razor Shell|p1a: Hippowdon
|-supereffective|p1a: Hippowdon
|-damage|p1a: Hippowdon|18/100
|-unboost|p1a: Hippowdon|def|1
|-damage|p2a: Samurott|91/100|[from] item: Life Orb
|move|p1a: Hippowdon|Stealth Rock|p2a: Samurott
|-sidestart|p2: phap'a|move: Stealth Rock
|
|-weather|Sandstorm|[upkeep]
|-damage|p2a: Samurott|84/100|[from] Sandstorm
|-heal|p1a: Hippowdon|24/100|[from] item: Leftovers
|upkeep
|turn|2
|
|t:|1779642456
|switch|p1a: Corviknight|Corviknight, M, shiny|100/100
|-ability|p1a: Corviknight|Pressure
|move|p2a: Samurott|Ceaseless Edge|p1a: Corviknight
|-damage|p1a: Corviknight|66/100
|-damage|p2a: Samurott|68/100|[from] item: Rocky Helmet|[of] p1a: Corviknight
|-sidestart|p1: EddyduBourgPalette|Spikes
|-damage|p2a: Samurott|58/100|[from] item: Life Orb
|
|-weather|Sandstorm|[upkeep]
|-damage|p2a: Samurott|52/100|[from] Sandstorm
|upkeep
|turn|3
|
|t:|1779642469
|move|p2a: Samurott|Razor Shell|p1a: Corviknight
|-damage|p1a: Corviknight|21/100
|-damage|p2a: Samurott|35/100|[from] item: Rocky Helmet|[of] p1a: Corviknight
|-damage|p2a: Samurott|25/100|[from] item: Life Orb
|move|p1a: Corviknight|Roost|p1a: Corviknight
|-heal|p1a: Corviknight|71/100
|-singleturn|p1a: Corviknight|move: Roost
|
|-weather|Sandstorm|[upkeep]
|-damage|p2a: Samurott|19/100|[from] Sandstorm
|upkeep
|turn|4
|c|☆phap'a|recovery..my old enemy
|
|t:|1779642499
|move|p2a: Samurott|Razor Shell|p1a: Corviknight
|-damage|p1a: Corviknight|24/100
|-damage|p2a: Samurott|2/100|[from] item: Rocky Helmet|[of] p1a: Corviknight
|-damage|p2a: Samurott|0 fnt|[from] item: Life Orb
|faint|p2a: Samurott
|move|p1a: Corviknight|Defog|p2: Samurott|[notarget]
|-fail|p1a: Corviknight
|
|-weather|Sandstorm|[upkeep]
|upkeep
|inactive|phap'a has 120 seconds left.
|
|t:|1779642510
|switch|p2a: Iron Treads|Iron Treads|100/100
|-damage|p2a: Iron Treads|97/100|[from] Stealth Rock
|-enditem|p2a: Iron Treads|Booster Energy
|-activate|p2a: Iron Treads|ability: Quark Drive|[fromitem]
|-start|p2a: Iron Treads|quarkdrivespe
|turn|5
|c|☆EddyduBourgPalette|im so dumb...
|inactive|phap'a has 120 seconds left.
|
|t:|1779642529
|move|p2a: Iron Treads|Volt Switch|p1a: Corviknight
|-supereffective|p1a: Corviknight
|-damage|p1a: Corviknight|2/100
|
|t:|1779642535
|-end|p2a: Iron Treads|Quark Drive|[silent]
|switch|p2a: Ting-Lu|Ting-Lu|100/100|[from] Volt Switch
|-damage|p2a: Ting-Lu|94/100|[from] Stealth Rock
|-ability|p2a: Ting-Lu|Vessel of Ruin
|move|p1a: Corviknight|Roost|p1a: Corviknight
|-heal|p1a: Corviknight|52/100
|-singleturn|p1a: Corviknight|move: Roost
|
|-weather|none
|upkeep
|turn|6
|inactive|phap'a has 120 seconds left.
|
|t:|1779642550
|move|p1a: Corviknight|Taunt|p2a: Ting-Lu
|-start|p2a: Ting-Lu|move: Taunt
|cant|p2a: Ting-Lu|move: Taunt|Stealth Rock
|
|upkeep
|turn|7
|inactive|phap'a has 120 seconds left.
|c|☆phap'a|afraid not, you're pretty clever
|
|t:|1779642568
|switch|p2a: Iron Treads|Iron Treads|97/100
|-damage|p2a: Iron Treads|94/100|[from] Stealth Rock
|move|p1a: Corviknight|Roost|p1a: Corviknight
|-heal|p1a: Corviknight|100/100
|-singleturn|p1a: Corviknight|move: Roost
|
|upkeep
|turn|8
|inactive|phap'a has 120 seconds left.
|
|t:|1779642577
|switch|p1a: Gastrodon|Gastrodon, M, shiny|100/100
|-damage|p1a: Gastrodon|88/100|[from] Spikes
|move|p2a: Iron Treads|Rapid Spin|p1a: Gastrodon
|-damage|p1a: Gastrodon|72/100
|-boost|p2a: Iron Treads|spe|1
|-sideend|p2: phap'a|Stealth Rock|[from] move: Rapid Spin|[of] p2a: Iron Treads
|
|-heal|p1a: Gastrodon|78/100|[from] item: Leftovers
|upkeep
|turn|9
|inactive|phap'a has 120 seconds left.
|
|t:|1779642589
|-end|p2a: Iron Treads|Quark Drive|[silent]
|switch|p2a: Ting-Lu|Ting-Lu|94/100
|-ability|p2a: Ting-Lu|Vessel of Ruin
|switch|p1a: Corviknight|Corviknight, M, shiny|100/100
|-ability|p1a: Corviknight|Pressure
|
|upkeep
|turn|10
|
|t:|1779642598
|move|p1a: Corviknight|Defog|p2a: Ting-Lu
|-unboost|p2a: Ting-Lu|evasion|1
|-sideend|p1: EddyduBourgPalette|Spikes|[from] move: Defog|[of] p1a: Corviknight
|move|p2a: Ting-Lu|Ruination|p1a: Corviknight
|-damage|p1a: Corviknight|50/100
|
|upkeep
|turn|11
|
|t:|1779642605
|move|p1a: Corviknight|Taunt|p2a: Ting-Lu
|-start|p2a: Ting-Lu|move: Taunt
|move|p2a: Ting-Lu|Ruination|p1a: Corviknight
|-damage|p1a: Corviknight|25/100
|
|upkeep
|turn|12
|
|t:|1779642613
|switch|p2a: Deoxys|Deoxys-Speed|100/100
|-ability|p2a: Deoxys|Pressure
|move|p1a: Corviknight|Roost|p1a: Corviknight
|-heal|p1a: Corviknight|75/100
|-singleturn|p1a: Corviknight|move: Roost
|
|upkeep
|turn|13
|
|t:|1779642630
|switch|p1a: Ting-Lu|Ting-Lu, shiny|100/100
|-ability|p1a: Ting-Lu|Vessel of Ruin
|move|p2a: Deoxys|Reflect|p2a: Deoxys
|-sidestart|p2: phap'a|Reflect
|
|upkeep
|turn|14
|
|t:|1779642637
|move|p2a: Deoxys|Light Screen|p2a: Deoxys
|-sidestart|p2: phap'a|move: Light Screen
|move|p1a: Ting-Lu|Spikes|p2a: Deoxys
|-sidestart|p2: phap'a|Spikes
|
|upkeep
|turn|15
|
|t:|1779642642
|switch|p2a: Kyurem|Kyurem|100/100
|-damage|p2a: Kyurem|88/100|[from] Spikes
|-ability|p2a: Kyurem|Pressure
|move|p1a: Ting-Lu|Spikes|p2a: Kyurem
|-sidestart|p2: phap'a|Spikes
|
|upkeep
|turn|16
|
|t:|1779642652
|move|p2a: Kyurem|Dragon Dance|p2a: Kyurem
|-boost|p2a: Kyurem|atk|1
|-boost|p2a: Kyurem|spe|1
|move|p1a: Ting-Lu|Whirlwind|p2a: Kyurem
|drag|p2a: Iron Moth|Iron Moth|100/100
|-damage|p2a: Iron Moth|84/100|[from] Spikes
|-enditem|p2a: Iron Moth|Booster Energy
|-activate|p2a: Iron Moth|ability: Quark Drive|[fromitem]
|-start|p2a: Iron Moth|quarkdrivespa
|
|upkeep
|turn|17
|
|t:|1779642664
|-terastallize|p2a: Iron Moth|Grass
|move|p2a: Iron Moth|Energy Ball|p1a: Ting-Lu
|-supereffective|p1a: Ting-Lu
|-damage|p1a: Ting-Lu|42/100
|move|p1a: Ting-Lu|Spikes|p2a: Iron Moth
|-sidestart|p2: phap'a|Spikes
|
|-heal|p1a: Ting-Lu|48/100|[from] item: Leftovers
|upkeep
|turn|18
|
|t:|1779642675
|-terastallize|p1a: Ting-Lu|Poison
|move|p2a: Iron Moth|Energy Ball|p1a: Ting-Lu
|-resisted|p1a: Ting-Lu
|-damage|p1a: Ting-Lu|34/100
|-unboost|p1a: Ting-Lu|spd|1
|move|p1a: Ting-Lu|Whirlwind|p2a: Iron Moth
|-end|p2a: Iron Moth|Quark Drive|[silent]
|drag|p2a: Deoxys|Deoxys-Speed|100/100
|-damage|p2a: Deoxys|76/100|[from] Spikes
|-ability|p2a: Deoxys|Pressure
|
|-heal|p1a: Ting-Lu|40/100|[from] item: Leftovers
|upkeep
|turn|19
|
|t:|1779642688
|switch|p1a: Hippowdon|Hippowdon, M, shiny|24/100
|-weather|Sandstorm|[from] ability: Sand Stream|[of] p1a: Hippowdon
|move|p2a: Deoxys|Psycho Boost|p1a: Hippowdon
|-damage|p1a: Hippowdon|0 fnt
|-unboost|p2a: Deoxys|spa|2
|faint|p1a: Hippowdon
|
|-weather|Sandstorm|[upkeep]
|-damage|p2a: Deoxys|70/100|[from] Sandstorm
|upkeep
|
|t:|1779642709
|switch|p1a: Corviknight|Corviknight, M, shiny|75/100
|-ability|p1a: Corviknight|Pressure
|turn|20
|
|t:|1779642716
|move|p2a: Deoxys|Thunder Wave|p1a: Corviknight|[miss]
|-miss|p2a: Deoxys|p1a: Corviknight
|move|p1a: Corviknight|U-turn|p2a: Deoxys
|-supereffective|p2a: Deoxys
|-damage|p2a: Deoxys|53/100
|
|t:|1779642725
|switch|p1a: Ting-Lu|Ting-Lu, shiny, tera:Poison|40/100|[from] U-turn
|-ability|p1a: Ting-Lu|Vessel of Ruin
|
|-weather|Sandstorm|[upkeep]
|-damage|p2a: Deoxys|47/100|[from] Sandstorm
|-damage|p1a: Ting-Lu|34/100|[from] Sandstorm
|-heal|p1a: Ting-Lu|40/100|[from] item: Leftovers
|-sideend|p2: phap'a|Reflect
|upkeep
|turn|21
|
|t:|1779642735
|switch|p1a: Corviknight|Corviknight, M, shiny|75/100
|-ability|p1a: Corviknight|Pressure
|move|p2a: Deoxys|Psycho Boost|p1a: Corviknight
|-resisted|p1a: Corviknight
|-damage|p1a: Corviknight|64/100
|-unboost|p2a: Deoxys|spa|2
|
|-weather|Sandstorm|[upkeep]
|-damage|p2a: Deoxys|41/100|[from] Sandstorm
|-sideend|p2: phap'a|move: Light Screen
|upkeep
|turn|22
|
|t:|1779642747
|switch|p2a: Iron Treads|Iron Treads|94/100
|-damage|p2a: Iron Treads|69/100|[from] Spikes
|move|p1a: Corviknight|U-turn|p2a: Iron Treads
|-resisted|p2a: Iron Treads
|-damage|p2a: Iron Treads|64/100
|
|t:|1779642756
|switch|p1a: Ting-Lu|Ting-Lu, shiny, tera:Poison|40/100|[from] U-turn
|-ability|p1a: Ting-Lu|Vessel of Ruin
|
|-weather|Sandstorm|[upkeep]
|-damage|p1a: Ting-Lu|34/100|[from] Sandstorm
|-heal|p1a: Ting-Lu|40/100|[from] item: Leftovers
|upkeep
|turn|23
|
|t:|1779642765
|switch|p1a: Gholdengo|Gholdengo, shiny|100/100
|-item|p1a: Gholdengo|Air Balloon
|move|p2a: Iron Treads|Earthquake|p1a: Gholdengo
|-immune|p1a: Gholdengo
|
|-weather|none
|upkeep
|turn|24
|
|t:|1779642772
|move|p2a: Iron Treads|Iron Head|p1a: Gholdengo
|-resisted|p1a: Gholdengo
|-damage|p1a: Gholdengo|88/100
|-enditem|p1a: Gholdengo|Air Balloon
|cant|p1a: Gholdengo|flinch
|
|upkeep
|turn|25
|
|t:|1779642784
|move|p2a: Iron Treads|Earthquake|p1a: Gholdengo
|-supereffective|p1a: Gholdengo
|-damage|p1a: Gholdengo|17/100
|move|p1a: Gholdengo|Shadow Ball|p2a: Iron Treads
|-damage|p2a: Iron Treads|14/100
|
|upkeep
|turn|26
|
|t:|1779642806
|move|p2a: Iron Treads|Earthquake|p1a: Gholdengo
|-supereffective|p1a: Gholdengo
|-damage|p1a: Gholdengo|0 fnt
|faint|p1a: Gholdengo
|
|upkeep
|
|t:|1779642819
|switch|p1a: Iron Valiant|Iron Valiant, shiny|100/100
|-enditem|p1a: Iron Valiant|Booster Energy
|-activate|p1a: Iron Valiant|ability: Quark Drive|[fromitem]
|-start|p1a: Iron Valiant|quarkdrivespe
|turn|27
|c|☆phap'a|holmes, you ain't dumb, no siree
|
|t:|1779642834
|move|p1a: Iron Valiant|Moonblast|p2a: Iron Treads
|-resisted|p2a: Iron Treads
|-damage|p2a: Iron Treads|0 fnt
|faint|p2a: Iron Treads
|-end|p2a: Iron Treads|Quark Drive|[silent]
|
|upkeep
|
|t:|1779642839
|switch|p2a: Ting-Lu|Ting-Lu|94/100
|-damage|p2a: Ting-Lu|69/100|[from] Spikes
|-ability|p2a: Ting-Lu|Vessel of Ruin
|turn|28
|
|t:|1779642846
|move|p1a: Iron Valiant|Close Combat|p2a: Ting-Lu
|-supereffective|p2a: Ting-Lu
|-damage|p2a: Ting-Lu|2/100
|-unboost|p1a: Iron Valiant|def|1
|-unboost|p1a: Iron Valiant|spd|1
|-damage|p1a: Iron Valiant|84/100|[from] item: Rocky Helmet|[of] p2a: Ting-Lu
|move|p2a: Ting-Lu|Whirlwind|p1a: Iron Valiant
|-end|p1a: Iron Valiant|Quark Drive|[silent]
|drag|p1a: Ting-Lu|Ting-Lu, shiny, tera:Poison|40/100
|-ability|p1a: Ting-Lu|Vessel of Ruin
|
|-heal|p1a: Ting-Lu|46/100|[from] item: Leftovers
|upkeep
|turn|29
|c|☆EddyduBourgPalette|no....
|
|t:|1779642867
|move|p1a: Ting-Lu|Earthquake|p2a: Ting-Lu
|-damage|p2a: Ting-Lu|0 fnt
|faint|p2a: Ting-Lu
|
|-heal|p1a: Ting-Lu|53/100|[from] item: Leftovers
|upkeep
|
|t:|1779642872
|switch|p2a: Deoxys|Deoxys-Speed|41/100
|-damage|p2a: Deoxys|16/100|[from] Spikes
|-ability|p2a: Deoxys|Pressure
|turn|30
|
|t:|1779642879
|move|p2a: Deoxys|Psycho Boost|p1a: Ting-Lu
|-supereffective|p1a: Ting-Lu
|-damage|p1a: Ting-Lu|13/100
|-unboost|p2a: Deoxys|spa|2
|move|p1a: Ting-Lu|Earthquake|p2a: Deoxys
|-damage|p2a: Deoxys|0 fnt
|faint|p2a: Deoxys
|
|-heal|p1a: Ting-Lu|19/100|[from] item: Leftovers
|upkeep
|
|t:|1779642887
|switch|p2a: Kyurem|Kyurem|88/100
|-damage|p2a: Kyurem|63/100|[from] Spikes
|-ability|p2a: Kyurem|Pressure
|turn|31
|
|t:|1779642893
|move|p2a: Kyurem|Dragon Dance|p2a: Kyurem
|-boost|p2a: Kyurem|atk|1
|-boost|p2a: Kyurem|spe|1
|move|p1a: Ting-Lu|Whirlwind|p2a: Kyurem
|drag|p2a: Iron Moth|Iron Moth, tera:Grass|84/100
|-damage|p2a: Iron Moth|59/100|[from] Spikes
|
|-heal|p1a: Ting-Lu|25/100|[from] item: Leftovers
|upkeep
|turn|32
|
|t:|1779642902
|move|p2a: Iron Moth|Fiery Dance|p1a: Ting-Lu
|-damage|p1a: Ting-Lu|6/100
|-boost|p2a: Iron Moth|spa|1
|move|p1a: Ting-Lu|Whirlwind|p2a: Iron Moth
|-end|p2a: Iron Moth|Quark Drive|[silent]
|drag|p2a: Kyurem|Kyurem|63/100
|-damage|p2a: Kyurem|39/100|[from] Spikes
|-ability|p2a: Kyurem|Pressure
|
|-heal|p1a: Ting-Lu|12/100|[from] item: Leftovers
|upkeep
|turn|33
|
|t:|1779642913
|move|p2a: Kyurem|Earth Power|p1a: Ting-Lu
|-supereffective|p1a: Ting-Lu
|-damage|p1a: Ting-Lu|0 fnt
|faint|p1a: Ting-Lu
|
|upkeep
|
|t:|1779642917
|switch|p1a: Iron Valiant|Iron Valiant, shiny|84/100
|turn|34
|c|☆phap'a|i got phased when i had the obvious solution right there
|c|☆phap'a|i think i am the dumb one
|c|☆EddyduBourgPalette|You were a great opponent, its was a pleasure.
|c|☆phap'a|thanks
|
|t:|1779642946
|move|p1a: Iron Valiant|Moonblast|p2a: Kyurem
|-supereffective|p2a: Kyurem
|-damage|p2a: Kyurem|0 fnt
|faint|p2a: Kyurem
|
|upkeep
|
|t:|1779642951
|switch|p2a: Iron Moth|Iron Moth, tera:Grass|59/100
|-damage|p2a: Iron Moth|34/100|[from] Spikes
|turn|35
|
|t:|1779642955
|move|p1a: Iron Valiant|Moonblast|p2a: Iron Moth
|-damage|p2a: Iron Moth|0 fnt
|faint|p2a: Iron Moth
|-end|p2a: Iron Moth|Quark Drive|[silent]
|
|win|EddyduBourgPalette
|raw|EddyduBourgPalette's rating: 1268 &rarr; <strong>1288</strong><br />(+20 for winning)
|raw|phap&apos;a's rating: 1203 &rarr; <strong>1183</strong><br />(-20 for losing)
|c|☆phap'a|take care
|c|☆EddyduBourgPalette|GG
