|j|☆vaxanon
|j|☆aale.27
|t:|1779713094
|gametype|singles
|player|p1|vaxanon|169|1235
|player|p2|aale.27|steven|1223
|gen|9
|tier|[Gen 9] OU
|rated|
|rule|HP Percentage Mod: HP is shown in percentages
|rule|Endless Battle Clause: Forcing endless battles is banned
|rule|Species Clause: Limit one of each Pokémon
|rule|OHKO Clause: OHKO moves are banned
|rule|Evasion Items Clause: Evasion items are banned
|rule|Evasion Moves Clause: Evasion moves are banned
|rule|Evasion Abilities Clause: Evasion abilities are banned
|rule|Sleep Moves Clause: Sleep-inducing moves are banned
|clearpoke
|poke|p1|Meowscarada, F|
|poke|p1|Gastrodon-East, M|
|poke|p1|Ambipom, M|
|poke|p1|Cinderace, M|
|poke|p1|Whimsicott, F|
|poke|p1|Sableye, M|
|poke|p2|Kingambit, M|
|poke|p2|Blaziken, M|
|poke|p2|Dragapult, M|
|poke|p2|Great Tusk|
|poke|p2|Primarina, F|
|poke|p2|Rillaboom, F|
|teampreview
|inactive|Battle timer is ON: inactive players will automatically lose when time's up. (requested by vaxanon)
|
|t:|1779713102
|teamsize|p1|6
|teamsize|p2|6
|start
|switch|p1a: Whimsicott|Whimsicott, F|100/100
|switch|p2a: Primarina|Primarina, F|100/100
|turn|1
|
|t:|1779713113
|switch|p2a: Blaziken|Blaziken, M, shiny|100/100
|move|p1a: Whimsicott|Moonblast|p2a: Blaziken
|-damage|p2a: Blaziken|16/100
|
|upkeep
|turn|2
|
|t:|1779713130
|switch|p1a: Gastrodon|Gastrodon-East, M|100/100
|move|p2a: Blaziken|Protect||[still]
|-fail|p2a: Blaziken
|
|-ability|p2a: Blaziken|Speed Boost|boost
|-boost|p2a: Blaziken|spe|1
|upkeep
|turn|3
|
|t:|1779713144
|switch|p2a: Rillaboom|Rillaboom, F|100/100
|-fieldstart|move: Grassy Terrain|[from] ability: Grassy Surge|[of] p2a: Rillaboom
|move|p1a: Gastrodon|Chilling Water|p2a: Rillaboom
|-resisted|p2a: Rillaboom
|-crit|p2a: Rillaboom
|-damage|p2a: Rillaboom|85/100
|-unboost|p2a: Rillaboom|atk|1
|
|-heal|p2a: Rillaboom|91/100|[from] Grassy Terrain
|upkeep
|turn|4
|
|t:|1779713156
|switch|p1a: Meowscarada|Meowscarada, F, shiny|100/100
|move|p2a: Rillaboom|Wood Hammer|p1a: Meowscarada
|-resisted|p1a: Meowscarada
|-damage|p1a: Meowscarada|37/100
|-damage|p2a: Rillaboom|73/100|[from] Recoil
|
|-heal|p1a: Meowscarada|43/100|[from] Grassy Terrain
|-heal|p2a: Rillaboom|79/100|[from] Grassy Terrain
|upkeep
|turn|5
|
|t:|1779713170
|move|p1a: Meowscarada|U-turn|p2a: Rillaboom
|-start|p1a: Meowscarada|typechange|Bug|[from] ability: Protean
|-supereffective|p2a: Rillaboom
|-damage|p2a: Rillaboom|14/100
|
|t:|1779713179
|switch|p1a: Cinderace|Cinderace, M, shiny|100/100|[from] U-turn
|move|p2a: Rillaboom|Wood Hammer|p1a: Cinderace
|-resisted|p1a: Cinderace
|-damage|p1a: Cinderace|33/100
|-damage|p2a: Rillaboom|0 fnt|[from] Recoil
|faint|p2a: Rillaboom
|
|-heal|p1a: Cinderace|39/100|[from] Grassy Terrain
|upkeep
|
|t:|1779713191
|switch|p2a: Primarina|Primarina, F|100/100
|turn|6
|
|t:|1779713198
|move|p1a: Cinderace|U-turn|p2a: Primarina
|-start|p1a: Cinderace|typechange|Bug|[from] ability: Libero
|-resisted|p2a: Primarina
|-damage|p2a: Primarina|77/100
|
|t:|1779713204
|switch|p1a: Gastrodon|Gastrodon-East, M|100/100|[from] U-turn
|move|p2a: Primarina|Flip Turn|p1a: Gastrodon
|-ability|p1a: Gastrodon|Storm Drain|boost
|-boost|p1a: Gastrodon|spa|1
|
|-heal|p2a: Primarina|83/100|[from] Grassy Terrain
|upkeep
|turn|7
|
|t:|1779713219
|switch|p2a: Dragapult|Dragapult, M, shiny|100/100
|move|p1a: Gastrodon|Earth Power|p2a: Dragapult
|-crit|p2a: Dragapult
|-damage|p2a: Dragapult|6/100
|
|-heal|p2a: Dragapult|12/100|[from] Grassy Terrain
|-fieldend|move: Grassy Terrain
|upkeep
|turn|8
|
|t:|1779713233
|move|p2a: Dragapult|Draco Meteor|p1a: Gastrodon
|-damage|p1a: Gastrodon|19/100
|-unboost|p2a: Dragapult|spa|2
|move|p1a: Gastrodon|Chilling Water|p2a: Dragapult
|-resisted|p2a: Dragapult
|-damage|p2a: Dragapult|0 fnt
|faint|p2a: Dragapult
|
|upkeep
|
|t:|1779713247
|switch|p2a: Blaziken|Blaziken, M, shiny|16/100
|turn|9
|
|t:|1779713255
|switch|p1a: Sableye|Sableye, M|100/100
|move|p2a: Blaziken|Protect||[still]
|-fail|p2a: Blaziken
|
|-ability|p2a: Blaziken|Speed Boost|boost
|-boost|p2a: Blaziken|spe|1
|upkeep
|turn|10
|
|t:|1779713270
|switch|p2a: Kingambit|Kingambit, M, shiny|100/100
|-activate|p2a: Kingambit|ability: Supreme Overlord
|-start|p2a: Kingambit|fallen2|[silent]
|move|p1a: Sableye|Knock Off|p2a: Kingambit
|-resisted|p2a: Kingambit
|-damage|p2a: Kingambit|90/100
|-enditem|p2a: Kingambit|Black Glasses|[from] move: Knock Off|[of] p1a: Sableye
|
|upkeep
|turn|11
|
|t:|1779713295
|switch|p1a: Whimsicott|Whimsicott, F|100/100
|move|p2a: Kingambit|Swords Dance|p2a: Kingambit
|-boost|p2a: Kingambit|atk|2
|
|upkeep
|turn|12
|
|t:|1779713304
|move|p1a: Whimsicott|Moonblast|p2a: Kingambit
|-damage|p2a: Kingambit|37/100
|move|p2a: Kingambit|Iron Head|p1a: Whimsicott
|-supereffective|p1a: Whimsicott
|-damage|p1a: Whimsicott|0 fnt
|faint|p1a: Whimsicott
|
|upkeep
|
|t:|1779713314
|switch|p1a: Meowscarada|Meowscarada, F, shiny|43/100
|turn|13
|
|t:|1779713324
|move|p2a: Kingambit|Sucker Punch|p1a: Meowscarada
|-resisted|p1a: Meowscarada
|-damage|p1a: Meowscarada|0 fnt
|faint|p1a: Meowscarada
|
|upkeep
|
|t:|1779713330
|switch|p1a: Gastrodon|Gastrodon-East, M|19/100
|turn|14
|
|t:|1779713338
|move|p2a: Kingambit|Sucker Punch||[still]
|-fail|p2a: Kingambit
|move|p1a: Gastrodon|Recover|p1a: Gastrodon
|-heal|p1a: Gastrodon|69/100
|
|upkeep
|turn|15
|
|t:|1779713345
|move|p2a: Kingambit|Kowtow Cleave|p1a: Gastrodon
|-damage|p1a: Gastrodon|0 fnt
|-damage|p2a: Kingambit|20/100|[from] item: Rocky Helmet|[of] p1a: Gastrodon
|faint|p1a: Gastrodon
|
|upkeep
|
|t:|1779713351
|switch|p1a: Ambipom|Ambipom, M, shiny|100/100
|turn|16
|
|t:|1779713359
|-terastallize|p1a: Ambipom|Normal
|move|p1a: Ambipom|Fake Out|p2a: Kingambit
|-resisted|p2a: Kingambit
|-damage|p2a: Kingambit|3/100
|cant|p2a: Kingambit|flinch
|
|upkeep
|turn|17
|
|t:|1779713373
|switch|p1a: Cinderace|Cinderace, M, shiny|39/100
|move|p2a: Kingambit|Sucker Punch||[still]
|-fail|p2a: Kingambit
|
|upkeep
|turn|18
|
|t:|1779713380
|move|p2a: Kingambit|Sucker Punch|p1a: Cinderace
|-damage|p1a: Cinderace|0 fnt
|faint|p1a: Cinderace
|
|upkeep
|
|t:|1779713384
|switch|p1a: Ambipom|Ambipom, M, shiny, tera:Normal|100/100
|turn|19
|
|t:|1779713388
|move|p1a: Ambipom|Fake Out|p2a: Kingambit
|-resisted|p2a: Kingambit
|-damage|p2a: Kingambit|0 fnt
|faint|p2a: Kingambit
|-end|p2a: Kingambit|fallen2|[silent]
|
|upkeep
|
|t:|1779713393
|switch|p2a: Blaziken|Blaziken, M, shiny|16/100
|turn|20
|
|t:|1779713404
|switch|p1a: Sableye|Sableye, M|100/100
|move|p2a: Blaziken|Protect||[still]
|-fail|p2a: Blaziken
|
|-ability|p2a: Blaziken|Speed Boost|boost
|-boost|p2a: Blaziken|spe|1
|upkeep
|turn|21
|
|t:|1779713415
|move|p1a: Sableye|Encore|p2a: Blaziken
|-start|p2a: Blaziken|Encore
|move|p2a: Blaziken|Protect||[still]
|-fail|p2a: Blaziken
|
|-ability|p2a: Blaziken|Speed Boost|boost
|-boost|p2a: Blaziken|spe|1
|upkeep
|turn|22
|
|t:|1779713425
|switch|p2a: Great Tusk|Great Tusk, shiny|100/100
|move|p1a: Sableye|Knock Off|p2a: Great Tusk
|-resisted|p2a: Great Tusk
|-damage|p2a: Great Tusk|92/100
|-enditem|p2a: Great Tusk|Leftovers|[from] move: Knock Off|[of] p1a: Sableye
|
|upkeep
|turn|23
|
|t:|1779713437
|move|p2a: Great Tusk|Stealth Rock|p1a: Sableye
|-sidestart|p1: vaxanon|move: Stealth Rock
|move|p1a: Sableye|Knock Off|p2a: Great Tusk
|-resisted|p2a: Great Tusk
|-damage|p2a: Great Tusk|86/100
|
|upkeep
|turn|24
|
|t:|1779713443
|move|p1a: Sableye|Encore|p2a: Great Tusk
|-start|p2a: Great Tusk|Encore
|move|p2a: Great Tusk|Stealth Rock||[still]
|-fail|p2a: Great Tusk
|
|upkeep
|turn|25
|
|t:|1779713451
|-end|p2a: Great Tusk|Protosynthesis|[silent]
|switch|p2a: Primarina|Primarina, F|83/100
|switch|p1a: Ambipom|Ambipom, M, shiny, tera:Normal|100/100
|-damage|p1a: Ambipom|88/100|[from] Stealth Rock
|
|upkeep
|turn|26
|
|t:|1779713467
|-terastallize|p2a: Primarina|Fairy
|move|p1a: Ambipom|Fake Out|p2a: Primarina
|-damage|p2a: Primarina|25/100
|cant|p2a: Primarina|flinch
|
|upkeep
|turn|27
|
|t:|1779713478
|move|p1a: Ambipom|Double Hit|p2a: Primarina
|-damage|p2a: Primarina|0 fnt
|faint|p2a: Primarina
|-hitcount|p2: Primarina|1
|
|upkeep
|
|t:|1779713486
|switch|p2a: Blaziken|Blaziken, M, shiny|16/100
|turn|28
|
|t:|1779713491
|switch|p1a: Sableye|Sableye, M|100/100
|-damage|p1a: Sableye|88/100|[from] Stealth Rock
|move|p2a: Blaziken|Swords Dance|p2a: Blaziken
|-boost|p2a: Blaziken|atk|2
|
|-heal|p1a: Sableye|94/100|[from] item: Leftovers
|-ability|p2a: Blaziken|Speed Boost|boost
|-boost|p2a: Blaziken|spe|1
|upkeep
|turn|29
|
|t:|1779713502
|move|p1a: Sableye|Encore|p2a: Blaziken
|-start|p2a: Blaziken|Encore
|move|p2a: Blaziken|Swords Dance|p2a: Blaziken
|-boost|p2a: Blaziken|atk|2
|
|-heal|p1a: Sableye|100/100|[from] item: Leftovers
|-ability|p2a: Blaziken|Speed Boost|boost
|-boost|p2a: Blaziken|spe|1
|upkeep
|turn|30
|
|t:|1779713512
|switch|p2a: Great Tusk|Great Tusk, shiny|86/100
|move|p1a: Sableye|Knock Off|p2a: Great Tusk
|-resisted|p2a: Great Tusk
|-damage|p2a: Great Tusk|80/100
|
|upkeep
|turn|31
|
|t:|1779713519
|move|p2a: Great Tusk|Earthquake|p1a: Sableye
|-damage|p1a: Sableye|44/100
|move|p1a: Sableye|Knock Off|p2a: Great Tusk
|-resisted|p2a: Great Tusk
|-damage|p2a: Great Tusk|75/100
|
|-heal|p1a: Sableye|50/100|[from] item: Leftovers
|upkeep
|turn|32
|
|t:|1779713528
|move|p1a: Sableye|Recover|p1a: Sableye
|-heal|p1a: Sableye|100/100
|move|p2a: Great Tusk|Earthquake|p1a: Sableye
|-damage|p1a: Sableye|50/100
|
|-heal|p1a: Sableye|57/100|[from] item: Leftovers
|upkeep
|turn|33
|
|t:|1779713537
|move|p2a: Great Tusk|Earthquake|p1a: Sableye
|-damage|p1a: Sableye|8/100
|move|p1a: Sableye|Knock Off|p2a: Great Tusk
|-resisted|p2a: Great Tusk
|-damage|p2a: Great Tusk|70/100
|
|-heal|p1a: Sableye|14/100|[from] item: Leftovers
|upkeep
|turn|34
|
|t:|1779713550
|move|p1a: Sableye|Recover|p1a: Sableye
|-heal|p1a: Sableye|64/100
|move|p2a: Great Tusk|Earthquake|p1a: Sableye
|-damage|p1a: Sableye|15/100
|
|-heal|p1a: Sableye|22/100|[from] item: Leftovers
|upkeep
|turn|35
|
|t:|1779713559
|move|p1a: Sableye|Recover|p1a: Sableye
|-heal|p1a: Sableye|72/100
|move|p2a: Great Tusk|Earthquake|p1a: Sableye
|-crit|p1a: Sableye
|-damage|p1a: Sableye|0 fnt
|faint|p1a: Sableye
|
|upkeep
|
|t:|1779713565
|switch|p1a: Ambipom|Ambipom, M, shiny, tera:Normal|88/100
|-damage|p1a: Ambipom|76/100|[from] Stealth Rock
|turn|36
|
|t:|1779713570
|move|p1a: Ambipom|Fake Out|p2a: Great Tusk
|-damage|p2a: Great Tusk|45/100
|cant|p2a: Great Tusk|flinch
|
|upkeep
|turn|37
|
|t:|1779713576
|move|p1a: Ambipom|Double Hit|p2a: Great Tusk
|-damage|p2a: Great Tusk|23/100
|-damage|p2a: Great Tusk|0 fnt
|faint|p2a: Great Tusk
|-end|p2a: Great Tusk|Protosynthesis|[silent]
|-hitcount|p2: Great Tusk|2
|
|upkeep
|
|t:|1779713582
|switch|p2a: Blaziken|Blaziken, M, shiny|16/100
|turn|38
|
|t:|1779713586
|move|p2a: Blaziken|Protect|p2a: Blaziken
|-singleturn|p2a: Blaziken|Protect
|move|p1a: Ambipom|Double Hit|p2a: Blaziken
|-activate|p2a: Blaziken|move: Protect
|
|-ability|p2a: Blaziken|Speed Boost|boost
|-boost|p2a: Blaziken|spe|1
|upkeep
|turn|39
|
|t:|1779713595
|move|p2a: Blaziken|Close Combat|p1a: Ambipom
|-supereffective|p1a: Ambipom
|-damage|p1a: Ambipom|0 fnt
|-unboost|p2a: Blaziken|def|1
|-unboost|p2a: Blaziken|spd|1
|faint|p1a: Ambipom
|-damage|p2a: Blaziken|6/100|[from] item: Life Orb
|
|win|aale.27
|raw|vaxanon's rating: 1235 &rarr; <strong>1209</strong><br />(-26 for losing)
|raw|aale.27's rating: 1223 &rarr; <strong>1249</strong><br />(+26 for winning)
|c|☆aale.27|Gg
|c|☆vaxanon|go to hell
|l|☆vaxanon
|player|p1|
