|j|☆dooozdzdz
|j|☆bobrumba
|t:|1779667154
|gametype|singles
|player|p1|dooozdzdz|cilan|1667
|player|p2|bobrumba|cynthia-gen4|1618
|gen|9
|tier|[Gen 9] OU
|rated|
|rule|HP Percentage Mod: HP is shown in percentages
|rule|Endless Battle Clause: Forcing endless battles is banned
|rule|Species Clause: Limit one of each Pokémon
|rule|OHKO Clause: OHKO moves are banned
|rule|Evasion Items Clause: Evasion items are banned
|rule|Evasion Moves Clause: Evasion moves are banned
|rule|Evasion Abilities Clause: Evasion abilities are banned
|rule|Sleep Moves Clause: Sleep-inducing moves are banned
|clearpoke
|poke|p1|Maushold|
|poke|p1|Incineroar, F|
|poke|p1|Landorus-Therian, M|
|poke|p1|Empoleon, M|
|poke|p1|Slowking-Galar, M|
|poke|p1|Scizor, F|
|poke|p2|Dondozo, M|
|poke|p2|Blissey, F|
|poke|p2|Corviknight, F|
|poke|p2|Weezing-Galar, M|
|poke|p2|Gliscor, F|
|poke|p2|Toxapex, F|
|teampreview
|inactive|Battle timer is ON: inactive players will automatically lose when time's up. (requested by bobrumba)
|
|t:|1779667164
|teamsize|p1|6
|teamsize|p2|6
|start
|switch|p1a: Scizor|Scizor, F|100/100
|switch|p2a: Gliscor|Gliscor, F|100/100
|turn|1
|
|t:|1779667171
|move|p2a: Gliscor|Knock Off|p1a: Scizor
|-damage|p1a: Scizor|76/100
|-enditem|p1a: Scizor|Life Orb|[from] move: Knock Off|[of] p2a: Gliscor
|move|p1a: Scizor|Swords Dance|p1a: Scizor
|-boost|p1a: Scizor|atk|2
|
|-status|p2a: Gliscor|tox|[from] item: Toxic Orb
|upkeep
|turn|2
|
|t:|1779667176
|switch|p2a: Dondozo|Dondozo, M|100/100
|move|p1a: Scizor|Swords Dance|p1a: Scizor
|-boost|p1a: Scizor|atk|2
|
|upkeep
|turn|3
|
|t:|1779667180
|move|p1a: Scizor|Knock Off|p2a: Dondozo
|-damage|p2a: Dondozo|84/100
|-enditem|p2a: Dondozo|Leftovers|[from] move: Knock Off|[of] p1a: Scizor
|move|p2a: Dondozo|Body Press|p1a: Scizor
|-damage|p1a: Scizor|45/100
|
|upkeep
|turn|4
|
|t:|1779667184
|switch|p1a: Empoleon|Empoleon, M|100/100
|move|p2a: Dondozo|Body Press|p1a: Empoleon
|-supereffective|p1a: Empoleon
|-damage|p1a: Empoleon|44/100
|
|upkeep
|turn|5
|
|t:|1779667192
|switch|p1a: Landorus|Landorus-Therian, M|100/100
|-ability|p1a: Landorus|Intimidate|boost
|-unboost|p2a: Dondozo|atk|1
|switch|p2a: Corviknight|Corviknight, F|100/100
|-ability|p2a: Corviknight|Pressure
|
|upkeep
|turn|6
|
|t:|1779667198
|move|p1a: Landorus|U-turn|p2a: Corviknight
|-resisted|p2a: Corviknight
|-damage|p2a: Corviknight|96/100
|
|t:|1779667203
|switch|p1a: Scizor|Scizor, F|45/100|[from] U-turn
|move|p2a: Corviknight|Defog|p1a: Scizor
|-unboost|p1a: Scizor|evasion|1
|
|-heal|p2a: Corviknight|100/100|[from] item: Leftovers
|upkeep
|turn|7
|
|t:|1779667212
|switch|p2a: Gliscor|Gliscor, F|100/100 tox
|move|p1a: Scizor|Knock Off|p2a: Gliscor
|-damage|p2a: Gliscor|70/100 tox
|-enditem|p2a: Gliscor|Toxic Orb|[from] move: Knock Off|[of] p1a: Scizor
|
|-heal|p2a: Gliscor|82/100 tox|[from] ability: Poison Heal
|upkeep
|turn|8
|
|t:|1779667220
|move|p2a: Gliscor|Knock Off|p1a: Scizor
|-damage|p1a: Scizor|31/100
|move|p1a: Scizor|Swords Dance|p1a: Scizor
|-boost|p1a: Scizor|atk|2
|
|-heal|p2a: Gliscor|95/100 tox|[from] ability: Poison Heal
|upkeep
|turn|9
|
|t:|1779667225
|switch|p2a: Dondozo|Dondozo, M|84/100
|move|p1a: Scizor|Bullet Punch|p2a: Dondozo
|-resisted|p2a: Dondozo
|-damage|p2a: Dondozo|76/100
|
|upkeep
|turn|10
|
|t:|1779667230
|switch|p1a: Landorus|Landorus-Therian, M|100/100
|-ability|p1a: Landorus|Intimidate|boost
|-unboost|p2a: Dondozo|atk|1
|move|p2a: Dondozo|Avalanche|p1a: Landorus
|-supereffective|p1a: Landorus
|-crit|p1a: Landorus
|-damage|p1a: Landorus|3/100
|
|upkeep
|turn|11
|
|t:|1779667235
|move|p1a: Landorus|U-turn|p2a: Dondozo
|-damage|p2a: Dondozo|64/100
|
|t:|1779667238
|switch|p1a: Slowking|Slowking-Galar, M|100/100|[from] U-turn
|move|p2a: Dondozo|Body Press|p1a: Slowking
|-resisted|p1a: Slowking
|-damage|p1a: Slowking|94/100
|
|upkeep
|turn|12
|
|t:|1779667243
|switch|p2a: Gliscor|Gliscor, F|95/100 tox
|move|p1a: Slowking|Sludge Bomb|p2a: Gliscor
|-resisted|p2a: Gliscor
|-damage|p2a: Gliscor|75/100 tox
|
|-heal|p2a: Gliscor|88/100 tox|[from] ability: Poison Heal
|upkeep
|turn|13
|
|t:|1779667247
|move|p2a: Gliscor|Earthquake|p1a: Slowking
|-supereffective|p1a: Slowking
|-damage|p1a: Slowking|31/100
|move|p1a: Slowking|Ice Beam|p2a: Gliscor
|-supereffective|p2a: Gliscor
|-damage|p2a: Gliscor|0 fnt
|faint|p2a: Gliscor
|
|upkeep
|
|t:|1779667255
|switch|p2a: Blissey|Blissey, F|100/100
|turn|14
|
|t:|1779667261
|switch|p1a: Incineroar|Incineroar, F|100/100
|-ability|p1a: Incineroar|Intimidate|boost
|-unboost|p2a: Blissey|atk|1
|move|p2a: Blissey|Stealth Rock|p1a: Incineroar
|-sidestart|p1: dooozdzdz|move: Stealth Rock
|
|upkeep
|turn|15
|
|t:|1779667264
|switch|p2a: Toxapex|Toxapex, F|100/100
|move|p1a: Incineroar|Parting Shot|p2a: Toxapex
|-unboost|p2a: Toxapex|atk|1
|-unboost|p2a: Toxapex|spa|1
|
|t:|1779667266
|switch|p1a: Slowking|Slowking-Galar, M|64/100|[from] Parting Shot
|-damage|p1a: Slowking|52/100|[from] Stealth Rock
|
|upkeep
|turn|16
|
|t:|1779667269
|switch|p2a: Blissey|Blissey, F|100/100
|switch|p1a: Incineroar|Incineroar, F|100/100
|-ability|p1a: Incineroar|Intimidate|boost
|-unboost|p2a: Blissey|atk|1
|
|upkeep
|turn|17
|
|t:|1779667273
|switch|p2a: Toxapex|Toxapex, F|100/100
|move|p1a: Incineroar|Knock Off|p2a: Toxapex
|-damage|p2a: Toxapex|71/100
|-enditem|p2a: Toxapex|Black Sludge|[from] move: Knock Off|[of] p1a: Incineroar
|
|upkeep
|turn|18
|
|t:|1779667277
|move|p1a: Incineroar|Parting Shot|p2a: Toxapex
|-unboost|p2a: Toxapex|atk|1
|-unboost|p2a: Toxapex|spa|1
|
|t:|1779667279
|switch|p1a: Slowking|Slowking-Galar, M|85/100|[from] Parting Shot
|-damage|p1a: Slowking|73/100|[from] Stealth Rock
|move|p2a: Toxapex|Toxic|p1a: Slowking
|-immune|p1a: Slowking
|
|upkeep
|turn|19
|
|t:|1779667283
|switch|p2a: Blissey|Blissey, F|100/100
|move|p1a: Slowking|Sludge Bomb|p2a: Blissey
|-damage|p2a: Blissey|88/100
|
|-heal|p2a: Blissey|94/100|[from] item: Leftovers
|upkeep
|turn|20
|
|t:|1779667286
|move|p2a: Blissey|Seismic Toss|p1a: Slowking
|-damage|p1a: Slowking|47/100
|move|p1a: Slowking|Psyshock|p2a: Blissey
|-damage|p2a: Blissey|58/100
|
|-heal|p2a: Blissey|64/100|[from] item: Leftovers
|upkeep
|turn|21
|
|t:|1779667291
|move|p2a: Blissey|Seismic Toss|p1a: Slowking
|-damage|p1a: Slowking|22/100
|move|p1a: Slowking|Psyshock|p2a: Blissey
|-damage|p2a: Blissey|28/100
|
|-heal|p2a: Blissey|34/100|[from] item: Leftovers
|upkeep
|turn|22
|
|t:|1779667295
|switch|p2a: Weezing|Weezing-Galar, M|100/100
|-ability|p2a: Weezing|Neutralizing Gas
|switch|p1a: Incineroar|Incineroar, F|100/100
|
|upkeep
|turn|23
|
|t:|1779667305
|move|p2a: Weezing|Toxic Spikes|p1a: Incineroar
|-sidestart|p1: dooozdzdz|move: Toxic Spikes
|move|p1a: Incineroar|Will-O-Wisp|p2a: Weezing
|-status|p2a: Weezing|brn
|
|-damage|p2a: Weezing|95/100 brn|[from] brn
|upkeep
|turn|24
|
|t:|1779667312
|-end|p2a: Weezing|ability: Neutralizing Gas
|-ability|p1a: Incineroar|Intimidate|boost
|-unboost|p2a: Weezing|atk|1
|switch|p2a: Toxapex|Toxapex, F|100/100
|move|p1a: Incineroar|Knock Off|p2a: Toxapex
|-damage|p2a: Toxapex|80/100
|
|upkeep
|turn|25
|
|t:|1779667316
|switch|p1a: Slowking|Slowking-Galar, M|22/100
|-damage|p1a: Slowking|9/100|[from] Stealth Rock
|-sideend|p1: dooozdzdz|move: Toxic Spikes|[of] p1a: Slowking
|switch|p2a: Blissey|Blissey, F|34/100
|
|-heal|p2a: Blissey|40/100|[from] item: Leftovers
|upkeep
|turn|26
|
|t:|1779667322
|switch|p2a: Weezing|Weezing-Galar, M|95/100 brn
|-ability|p2a: Weezing|Neutralizing Gas
|switch|p1a: Incineroar|Incineroar, F|100/100
|
|-damage|p2a: Weezing|89/100 brn|[from] brn
|upkeep
|turn|27
|
|t:|1779667329
|-end|p2a: Weezing|ability: Neutralizing Gas
|-ability|p1a: Incineroar|Intimidate|boost
|-unboost|p2a: Weezing|atk|1
|switch|p2a: Toxapex|Toxapex, F|100/100
|move|p1a: Incineroar|Overheat|p2a: Toxapex
|-resisted|p2a: Toxapex
|-damage|p2a: Toxapex|87/100
|-unboost|p1a: Incineroar|spa|2
|
|upkeep
|turn|28
|
|t:|1779667340
|switch|p1a: Empoleon|Empoleon, M|44/100
|-damage|p1a: Empoleon|38/100|[from] Stealth Rock
|switch|p2a: Blissey|Blissey, F|40/100
|
|-heal|p2a: Blissey|46/100|[from] item: Leftovers
|upkeep
|turn|29
|
|t:|1779667345
|move|p1a: Empoleon|Stealth Rock|p2a: Blissey
|-sidestart|p2: bobrumba|move: Stealth Rock
|move|p2a: Blissey|Seismic Toss|p1a: Empoleon
|-damage|p1a: Empoleon|11/100
|
|-heal|p2a: Blissey|53/100|[from] item: Leftovers
|upkeep
|turn|30
|
|t:|1779667350
|move|p1a: Empoleon|Surf|p2a: Blissey
|-damage|p2a: Blissey|37/100
|move|p2a: Blissey|Seismic Toss|p1a: Empoleon
|-damage|p1a: Empoleon|0 fnt
|faint|p1a: Empoleon
|
|-heal|p2a: Blissey|44/100|[from] item: Leftovers
|upkeep
|
|t:|1779667355
|switch|p1a: Maushold|Maushold|100/100
|-damage|p1a: Maushold|88/100|[from] Stealth Rock
|turn|31
|
|t:|1779667361
|switch|p2a: Weezing|Weezing-Galar, M|89/100 brn
|-ability|p2a: Weezing|Neutralizing Gas
|move|p1a: Maushold|Tidy Up|p1a: Maushold
|-sideend|p1: dooozdzdz|Stealth Rock
|-sideend|p2: bobrumba|Stealth Rock
|-activate|p1a: Maushold|move: Tidy Up
|-boost|p1a: Maushold|atk|1
|-boost|p1a: Maushold|spe|1
|
|-damage|p2a: Weezing|83/100 brn|[from] brn
|upkeep
|turn|32
|
|t:|1779667371
|switch|p1a: Incineroar|Incineroar, F|100/100
|-terastallize|p2a: Weezing|Ghost
|move|p2a: Weezing|Will-O-Wisp|p1a: Incineroar
|-immune|p1a: Incineroar
|
|-damage|p2a: Weezing|77/100 brn|[from] brn
|upkeep
|turn|33
|
|t:|1779667375
|-end|p2a: Weezing|ability: Neutralizing Gas
|-ability|p1a: Incineroar|Intimidate|boost
|-unboost|p2a: Weezing|atk|1
|switch|p2a: Toxapex|Toxapex, F|100/100
|move|p1a: Incineroar|Parting Shot|p2a: Toxapex
|-unboost|p2a: Toxapex|atk|1
|-unboost|p2a: Toxapex|spa|1
|
|t:|1779667388
|switch|p1a: Slowking|Slowking-Galar, M|9/100|[from] Parting Shot
|
|upkeep
|turn|34
|
|t:|1779667393
|switch|p2a: Weezing|Weezing-Galar, M, tera:Ghost|77/100 brn
|-ability|p2a: Weezing|Neutralizing Gas
|switch|p1a: Incineroar|Incineroar, F|100/100
|
|-damage|p2a: Weezing|71/100 brn|[from] brn
|upkeep
|turn|35
|
|t:|1779667402
|-end|p2a: Weezing|ability: Neutralizing Gas
|-ability|p1a: Incineroar|Intimidate|boost
|-unboost|p2a: Weezing|atk|1
|switch|p2a: Blissey|Blissey, F|44/100
|move|p1a: Incineroar|Will-O-Wisp|p2a: Blissey
|-status|p2a: Blissey|brn
|
|-heal|p2a: Blissey|50/100 brn|[from] item: Leftovers
|-damage|p2a: Blissey|44/100 brn|[from] brn
|upkeep
|turn|36
|
|t:|1779667406
|-curestatus|p2a: Blissey|brn|[from] ability: Natural Cure|[silent]
|switch|p2a: Toxapex|Toxapex, F|100/100
|move|p1a: Incineroar|Knock Off|p2a: Toxapex
|-damage|p2a: Toxapex|80/100
|
|upkeep
|turn|37
|
|t:|1779667413
|switch|p1a: Scizor|Scizor, F|31/100
|switch|p2a: Blissey|Blissey, F|44/100
|
|-heal|p2a: Blissey|50/100|[from] item: Leftovers
|upkeep
|turn|38
|
|t:|1779667418
|switch|p2a: Dondozo|Dondozo, M|64/100
|move|p1a: Scizor|Knock Off|p2a: Dondozo
|-damage|p2a: Dondozo|53/100
|
|upkeep
|turn|39
|
|t:|1779667423
|switch|p1a: Landorus|Landorus-Therian, M|3/100
|-ability|p1a: Landorus|Intimidate|boost
|-unboost|p2a: Dondozo|atk|1
|move|p2a: Dondozo|Body Press|p1a: Landorus
|-resisted|p1a: Landorus
|-damage|p1a: Landorus|0 fnt
|faint|p1a: Landorus
|
|upkeep
|
|t:|1779667444
|switch|p1a: Slowking|Slowking-Galar, M|9/100
|turn|40
|
|t:|1779667448
|switch|p2a: Blissey|Blissey, F|50/100
|move|p1a: Slowking|Sludge Bomb|p2a: Blissey
|-damage|p2a: Blissey|37/100
|
|-heal|p2a: Blissey|44/100|[from] item: Leftovers
|upkeep
|turn|41
|
|t:|1779667453
|switch|p2a: Weezing|Weezing-Galar, M, tera:Ghost|71/100 brn
|-ability|p2a: Weezing|Neutralizing Gas
|switch|p1a: Maushold|Maushold|88/100
|
|-damage|p2a: Weezing|65/100 brn|[from] brn
|upkeep
|turn|42
|
|t:|1779667457
|switch|p1a: Scizor|Scizor, F|31/100
|move|p2a: Weezing|Will-O-Wisp|p1a: Scizor
|-status|p1a: Scizor|brn
|
|-damage|p1a: Scizor|24/100 brn|[from] brn
|-damage|p2a: Weezing|59/100 brn|[from] brn
|upkeep
|turn|43
|
|t:|1779667464
|switch|p1a: Slowking|Slowking-Galar, M|9/100
|-end|p2a: Weezing|ability: Neutralizing Gas
|switch|p2a: Dondozo|Dondozo, M|53/100
|
|upkeep
|turn|44
|
|t:|1779667471
|switch|p1a: Scizor|Scizor, F|24/100 brn
|move|p2a: Dondozo|Avalanche|p1a: Scizor
|-resisted|p1a: Scizor
|-damage|p1a: Scizor|17/100 brn
|
|-damage|p1a: Scizor|11/100 brn|[from] brn
|upkeep
|turn|45
|
|t:|1779667474
|switch|p1a: Slowking|Slowking-Galar, M|43/100
|move|p2a: Dondozo|Body Press|p1a: Slowking
|-resisted|p1a: Slowking
|-damage|p1a: Slowking|36/100
|
|upkeep
|turn|46
|
|t:|1779667477
|switch|p2a: Blissey|Blissey, F|44/100
|switch|p1a: Scizor|Scizor, F|11/100 brn
|
|-heal|p2a: Blissey|50/100|[from] item: Leftovers
|-damage|p1a: Scizor|5/100 brn|[from] brn
|upkeep
|turn|47
|
|t:|1779667481
|switch|p2a: Dondozo|Dondozo, M|53/100
|move|p1a: Scizor|Knock Off|p2a: Dondozo
|-damage|p2a: Dondozo|48/100
|
|-damage|p1a: Scizor|0 fnt|[from] brn
|faint|p1a: Scizor
|upkeep
|
|t:|1779667497
|switch|p1a: Slowking|Slowking-Galar, M|69/100
|turn|48
|j| Favorite lovestory
|
|t:|1779667500
|switch|p2a: Blissey|Blissey, F|50/100
|move|p1a: Slowking|Sludge Bomb|p2a: Blissey
|-damage|p2a: Blissey|36/100
|
|-heal|p2a: Blissey|42/100|[from] item: Leftovers
|upkeep
|turn|49
|
|t:|1779667502
|move|p2a: Blissey|Soft-Boiled|p2a: Blissey
|-heal|p2a: Blissey|92/100
|move|p1a: Slowking|Sludge Bomb|p2a: Blissey
|-damage|p2a: Blissey|81/100
|-status|p2a: Blissey|psn
|
|-heal|p2a: Blissey|87/100 psn|[from] item: Leftovers
|-damage|p2a: Blissey|74/100 psn|[from] psn
|upkeep
|turn|50
|
|t:|1779667505
|-curestatus|p2a: Blissey|psn|[from] ability: Natural Cure|[silent]
|switch|p2a: Toxapex|Toxapex, F|100/100
|move|p1a: Slowking|Psyshock|p2a: Toxapex
|-supereffective|p2a: Toxapex
|-damage|p2a: Toxapex|41/100
|
|upkeep
|turn|51
|
|t:|1779667514
|switch|p2a: Blissey|Blissey, F|74/100
|move|p1a: Slowking|Sludge Bomb|p2a: Blissey
|-damage|p2a: Blissey|62/100
|
|-heal|p2a: Blissey|68/100|[from] item: Leftovers
|upkeep
|turn|52
|
|t:|1779667519
|move|p2a: Blissey|Seismic Toss|p1a: Slowking
|-damage|p1a: Slowking|44/100
|move|p1a: Slowking|Psyshock|p2a: Blissey
|-damage|p2a: Blissey|30/100
|
|-heal|p2a: Blissey|37/100|[from] item: Leftovers
|upkeep
|turn|53
|
|t:|1779667523
|switch|p1a: Maushold|Maushold|88/100
|move|p2a: Blissey|Soft-Boiled|p2a: Blissey
|-heal|p2a: Blissey|87/100
|
|-heal|p2a: Blissey|93/100|[from] item: Leftovers
|upkeep
|turn|54
|
|t:|1779667527
|switch|p1a: Slowking|Slowking-Galar, M|77/100
|switch|p2a: Corviknight|Corviknight, F|100/100
|-ability|p2a: Corviknight|Pressure
|
|upkeep
|turn|55
|
|t:|1779667536
|switch|p2a: Blissey|Blissey, F|93/100
|move|p1a: Slowking|Flamethrower|p2a: Blissey
|-damage|p2a: Blissey|84/100
|
|-heal|p2a: Blissey|91/100|[from] item: Leftovers
|upkeep
|turn|56
|
|t:|1779667538
|move|p2a: Blissey|Seismic Toss|p1a: Slowking
|-damage|p1a: Slowking|52/100
|move|p1a: Slowking|Sludge Bomb|p2a: Blissey
|-damage|p2a: Blissey|78/100
|
|-heal|p2a: Blissey|84/100|[from] item: Leftovers
|upkeep
|turn|57
|
|t:|1779667543
|move|p2a: Blissey|Stealth Rock|p1a: Slowking
|-sidestart|p1: dooozdzdz|move: Stealth Rock
|move|p1a: Slowking|Psyshock|p2a: Blissey
|-damage|p2a: Blissey|47/100
|
|-heal|p2a: Blissey|54/100|[from] item: Leftovers
|upkeep
|turn|58
|
|t:|1779667546
|move|p2a: Blissey|Seismic Toss|p1a: Slowking
|-damage|p1a: Slowking|26/100
|move|p1a: Slowking|Psyshock|p2a: Blissey
|-damage|p2a: Blissey|18/100
|
|-heal|p2a: Blissey|24/100|[from] item: Leftovers
|upkeep
|turn|59
|
|t:|1779667550
|switch|p1a: Maushold|Maushold|88/100
|-damage|p1a: Maushold|76/100|[from] Stealth Rock
|move|p2a: Blissey|Seismic Toss|p1a: Maushold
|-damage|p1a: Maushold|41/100
|
|-heal|p2a: Blissey|30/100|[from] item: Leftovers
|upkeep
|turn|60
|
|t:|1779667555
|switch|p2a: Corviknight|Corviknight, F|100/100
|-ability|p2a: Corviknight|Pressure
|move|p1a: Maushold|Tidy Up|p1a: Maushold
|-sideend|p1: dooozdzdz|Stealth Rock
|-activate|p1a: Maushold|move: Tidy Up
|-boost|p1a: Maushold|atk|1
|-boost|p1a: Maushold|spe|1
|
|upkeep
|turn|61
|
|t:|1779667560
|switch|p1a: Slowking|Slowking-Galar, M|60/100
|move|p2a: Corviknight|Iron Defense|p2a: Corviknight
|-boost|p2a: Corviknight|def|2
|
|upkeep
|turn|62
|
|t:|1779667563
|switch|p2a: Toxapex|Toxapex, F|75/100
|move|p1a: Slowking|Flamethrower|p2a: Toxapex
|-resisted|p2a: Toxapex
|-crit|p2a: Toxapex
|-damage|p2a: Toxapex|60/100
|
|upkeep
|turn|63
|
|t:|1779667569
|switch|p2a: Corviknight|Corviknight, F|100/100
|-ability|p2a: Corviknight|Pressure
|move|p1a: Slowking|Psyshock|p2a: Corviknight
|-resisted|p2a: Corviknight
|-damage|p2a: Corviknight|89/100
|
|-heal|p2a: Corviknight|95/100|[from] item: Leftovers
|upkeep
|turn|64
|
|t:|1779667576
|switch|p2a: Blissey|Blissey, F|30/100
|move|p1a: Slowking|Psyshock|p2a: Blissey
|-damage|p2a: Blissey|0 fnt
|faint|p2a: Blissey
|
|upkeep
|
|t:|1779667582
|switch|p2a: Weezing|Weezing-Galar, M, tera:Ghost|59/100 brn
|-ability|p2a: Weezing|Neutralizing Gas
|turn|65
|
|t:|1779667588
|move|p2a: Weezing|Will-O-Wisp|p1a: Slowking
|-status|p1a: Slowking|brn
|move|p1a: Slowking|Flamethrower|p2a: Weezing
|-damage|p2a: Weezing|21/100 brn
|
|-damage|p2a: Weezing|15/100 brn|[from] brn
|-damage|p1a: Slowking|53/100 brn|[from] brn
|upkeep
|turn|66
|
|t:|1779667592
|move|p2a: Weezing|Pain Split|p1a: Slowking
|-sethp|p1a: Slowking|33/100 brn|[from] move: Pain Split|[silent]
|-sethp|p2a: Weezing|39/100 brn|[from] move: Pain Split
|move|p1a: Slowking|Flamethrower|p2a: Weezing
|-crit|p2a: Weezing
|-damage|p2a: Weezing|0 fnt
|faint|p2a: Weezing
|-end|p2a: Weezing|ability: Neutralizing Gas
|
|-damage|p1a: Slowking|27/100 brn|[from] brn
|upkeep
|
|t:|1779667600
|switch|p2a: Toxapex|Toxapex, F|93/100
|turn|67
|
|t:|1779667603
|switch|p1a: Incineroar|Incineroar, F|100/100
|-ability|p1a: Incineroar|Intimidate|boost
|-unboost|p2a: Toxapex|atk|1
|move|p2a: Toxapex|Toxic|p1a: Incineroar
|-status|p1a: Incineroar|tox
|
|-damage|p1a: Incineroar|94/100 tox|[from] psn
|upkeep
|turn|68
|
|t:|1779667608
|switch|p1a: Slowking|Slowking-Galar, M|60/100 brn
|move|p2a: Toxapex|Toxic||[still]
|-fail|p2a: Toxapex
|
|-damage|p1a: Slowking|54/100 brn|[from] brn
|upkeep
|turn|69
|
|t:|1779667612
|switch|p2a: Dondozo|Dondozo, M|48/100
|switch|p1a: Incineroar|Incineroar, F|94/100 tox
|-ability|p1a: Incineroar|Intimidate|boost
|-unboost|p2a: Dondozo|atk|1
|
|-damage|p1a: Incineroar|88/100 tox|[from] psn
|upkeep
|turn|70
|
|t:|1779667617
|switch|p1a: Slowking|Slowking-Galar, M|87/100 brn
|move|p2a: Dondozo|Rest|p2a: Dondozo
|-status|p2a: Dondozo|slp|[from] move: Rest
|-heal|p2a: Dondozo|100/100 slp|[silent]
|
|-damage|p1a: Slowking|81/100 brn|[from] brn
|upkeep
|turn|71
|
|t:|1779667621
|switch|p2a: Toxapex|Toxapex, F|100/100
|move|p1a: Slowking|Flamethrower|p2a: Toxapex
|-resisted|p2a: Toxapex
|-damage|p2a: Toxapex|92/100
|
|-damage|p1a: Slowking|75/100 brn|[from] brn
|upkeep
|turn|72
|
|t:|1779667627
|move|p2a: Toxapex|Recover|p2a: Toxapex
|-heal|p2a: Toxapex|100/100
|move|p1a: Slowking|Flamethrower|p2a: Toxapex
|-resisted|p2a: Toxapex
|-damage|p2a: Toxapex|92/100
|
|-damage|p1a: Slowking|69/100 brn|[from] brn
|upkeep
|turn|73
|
|t:|1779667631
|move|p2a: Toxapex|Poison Jab|p1a: Slowking
|-resisted|p1a: Slowking
|-damage|p1a: Slowking|60/100 brn
|move|p1a: Slowking|Psyshock|p2a: Toxapex
|-supereffective|p2a: Toxapex
|-damage|p2a: Toxapex|31/100
|
|-damage|p1a: Slowking|54/100 brn|[from] brn
|upkeep
|turn|74
|
|t:|1779667634
|move|p2a: Toxapex|Recover|p2a: Toxapex
|-heal|p2a: Toxapex|81/100
|move|p1a: Slowking|Flamethrower|p2a: Toxapex
|-resisted|p2a: Toxapex
|-damage|p2a: Toxapex|72/100
|
|-damage|p1a: Slowking|48/100 brn|[from] brn
|upkeep
|turn|75
|
|t:|1779667639
|switch|p2a: Corviknight|Corviknight, F|95/100
|-ability|p2a: Corviknight|Pressure
|switch|p1a: Incineroar|Incineroar, F|88/100 tox
|-ability|p1a: Incineroar|Intimidate|boost
|-unboost|p2a: Corviknight|atk|1
|
|-heal|p2a: Corviknight|100/100|[from] item: Leftovers
|-damage|p1a: Incineroar|82/100 tox|[from] psn
|upkeep
|turn|76
|
|t:|1779667642
|switch|p2a: Toxapex|Toxapex, F|100/100
|move|p1a: Incineroar|Overheat|p2a: Toxapex
|-resisted|p2a: Toxapex
|-damage|p2a: Toxapex|89/100
|-unboost|p1a: Incineroar|spa|2
|
|-damage|p1a: Incineroar|70/100 tox|[from] psn
|upkeep
|turn|77
|
|t:|1779667649
|switch|p1a: Slowking|Slowking-Galar, M|81/100 brn
|move|p2a: Toxapex|Poison Jab|p1a: Slowking
|-resisted|p1a: Slowking
|-crit|p1a: Slowking
|-damage|p1a: Slowking|67/100 brn
|
|-damage|p1a: Slowking|61/100 brn|[from] brn
|upkeep
|turn|78
|
|t:|1779667654
|move|p2a: Toxapex|Poison Jab|p1a: Slowking
|-resisted|p1a: Slowking
|-damage|p1a: Slowking|52/100 brn
|move|p1a: Slowking|Psyshock|p2a: Toxapex
|-supereffective|p2a: Toxapex
|-damage|p2a: Toxapex|31/100
|
|-damage|p1a: Slowking|46/100 brn|[from] brn
|upkeep
|turn|79
|
|t:|1779667658
|move|p2a: Toxapex|Recover|p2a: Toxapex
|-heal|p2a: Toxapex|81/100
|move|p1a: Slowking|Psyshock|p2a: Toxapex
|-supereffective|p2a: Toxapex
|-damage|p2a: Toxapex|22/100
|
|-damage|p1a: Slowking|40/100 brn|[from] brn
|upkeep
|turn|80
|
|t:|1779667663
|move|p2a: Toxapex|Recover|p2a: Toxapex
|-heal|p2a: Toxapex|72/100
|move|p1a: Slowking|Flamethrower|p2a: Toxapex
|-resisted|p2a: Toxapex
|-damage|p2a: Toxapex|62/100
|
|-damage|p1a: Slowking|34/100 brn|[from] brn
|upkeep
|turn|81
|
|t:|1779667669
|switch|p2a: Corviknight|Corviknight, F|100/100
|-ability|p2a: Corviknight|Pressure
|switch|p1a: Incineroar|Incineroar, F|70/100 tox
|-ability|p1a: Incineroar|Intimidate|boost
|-unboost|p2a: Corviknight|atk|1
|
|-damage|p1a: Incineroar|64/100 tox|[from] psn
|upkeep
|turn|82
|
|t:|1779667671
|switch|p2a: Toxapex|Toxapex, F|96/100
|switch|p1a: Slowking|Slowking-Galar, M|67/100 brn
|
|-damage|p1a: Slowking|61/100 brn|[from] brn
|upkeep
|turn|83
|
|t:|1779667676
|switch|p2a: Corviknight|Corviknight, F|100/100
|-ability|p2a: Corviknight|Pressure
|move|p1a: Slowking|Flamethrower|p2a: Corviknight
|-supereffective|p2a: Corviknight
|-damage|p2a: Corviknight|42/100
|
|-heal|p2a: Corviknight|49/100|[from] item: Leftovers
|-damage|p1a: Slowking|55/100 brn|[from] brn
|upkeep
|turn|84
|
|t:|1779667679
|switch|p2a: Toxapex|Toxapex, F|100/100
|move|p1a: Slowking|Flamethrower|p2a: Toxapex
|-resisted|p2a: Toxapex
|-crit|p2a: Toxapex
|-damage|p2a: Toxapex|87/100
|
|-damage|p1a: Slowking|49/100 brn|[from] brn
|upkeep
|turn|85
|
|t:|1779667681
|move|p2a: Toxapex|Poison Jab|p1a: Slowking
|-resisted|p1a: Slowking
|-damage|p1a: Slowking|40/100 brn
|move|p1a: Slowking|Psyshock|p2a: Toxapex
|-supereffective|p2a: Toxapex
|-damage|p2a: Toxapex|33/100
|
|-damage|p1a: Slowking|34/100 brn|[from] brn
|upkeep
|turn|86
|
|t:|1779667687
|move|p2a: Toxapex|Recover|p2a: Toxapex
|-heal|p2a: Toxapex|83/100
|move|p1a: Slowking|Psyshock|p2a: Toxapex
|-supereffective|p2a: Toxapex
|-damage|p2a: Toxapex|22/100
|
|-damage|p1a: Slowking|28/100 brn|[from] brn
|upkeep
|turn|87
|
|t:|1779667689
|move|p2a: Toxapex|Recover|p2a: Toxapex
|-heal|p2a: Toxapex|72/100
|move|p1a: Slowking|Psyshock|p2a: Toxapex
|-supereffective|p2a: Toxapex
|-damage|p2a: Toxapex|12/100
|
|-damage|p1a: Slowking|22/100 brn|[from] brn
|upkeep
|turn|88
|j| ArtistsRendition
|l| ArtistsRendition
|
|t:|1779667696
|move|p2a: Toxapex|Recover|p2a: Toxapex
|-heal|p2a: Toxapex|62/100
|move|p1a: Slowking|Psyshock|p2a: Toxapex
|-supereffective|p2a: Toxapex
|-damage|p2a: Toxapex|2/100
|
|-damage|p1a: Slowking|16/100 brn|[from] brn
|upkeep
|turn|89
|
|t:|1779667702
|switch|p1a: Incineroar|Incineroar, F|64/100 tox
|-ability|p1a: Incineroar|Intimidate|boost
|-unboost|p2a: Toxapex|atk|1
|move|p2a: Toxapex|Recover|p2a: Toxapex
|-heal|p2a: Toxapex|52/100
|
|-damage|p1a: Incineroar|58/100 tox|[from] psn
|upkeep
|turn|90
|
|t:|1779667707
|switch|p1a: Slowking|Slowking-Galar, M|49/100 brn
|switch|p2a: Dondozo|Dondozo, M|100/100 slp
|
|-damage|p1a: Slowking|43/100 brn|[from] brn
|upkeep
|turn|91
|
|t:|1779667712
|switch|p2a: Toxapex|Toxapex, F|85/100
|move|p1a: Slowking|Ice Beam|p2a: Toxapex
|-resisted|p2a: Toxapex
|-damage|p2a: Toxapex|76/100
|
|-damage|p1a: Slowking|37/100 brn|[from] brn
|upkeep
|turn|92
|
|t:|1779667718
|switch|p1a: Incineroar|Incineroar, F|58/100 tox
|-ability|p1a: Incineroar|Intimidate|boost
|-unboost|p2a: Toxapex|atk|1
|move|p2a: Toxapex|Poison Jab|p1a: Incineroar
|-damage|p1a: Incineroar|47/100 tox
|
|-damage|p1a: Incineroar|41/100 tox|[from] psn
|upkeep
|turn|93
|
|t:|1779667720
|switch|p1a: Slowking|Slowking-Galar, M|70/100 brn
|switch|p2a: Dondozo|Dondozo, M|100/100 slp
|
|-damage|p1a: Slowking|64/100 brn|[from] brn
|upkeep
|turn|94
|
|t:|1779667725
|switch|p2a: Toxapex|Toxapex, F|100/100
|move|p1a: Slowking|Ice Beam|p2a: Toxapex
|-resisted|p2a: Toxapex
|-damage|p2a: Toxapex|92/100
|
|-damage|p1a: Slowking|58/100 brn|[from] brn
|upkeep
|turn|95
|
|t:|1779667728
|move|p2a: Toxapex|Poison Jab|p1a: Slowking
|-resisted|p1a: Slowking
|-damage|p1a: Slowking|49/100 brn
|move|p1a: Slowking|Ice Beam|p2a: Toxapex
|-resisted|p2a: Toxapex
|-damage|p2a: Toxapex|83/100
|
|-damage|p1a: Slowking|43/100 brn|[from] brn
|upkeep
|turn|96
|
|t:|1779667733
|move|p2a: Toxapex|Poison Jab|p1a: Slowking
|-resisted|p1a: Slowking
|-damage|p1a: Slowking|35/100 brn
|move|p1a: Slowking|Ice Beam|p2a: Toxapex
|-resisted|p2a: Toxapex
|-damage|p2a: Toxapex|74/100
|
|-damage|p1a: Slowking|28/100 brn|[from] brn
|upkeep
|turn|97
|
|t:|1779667735
|switch|p2a: Dondozo|Dondozo, M|100/100 slp
|switch|p1a: Incineroar|Incineroar, F|41/100 tox
|-ability|p1a: Incineroar|Intimidate|boost
|-unboost|p2a: Dondozo|atk|1
|
|-damage|p1a: Incineroar|35/100 tox|[from] psn
|upkeep
|turn|98
|
|t:|1779667738
|switch|p2a: Toxapex|Toxapex, F|100/100
|move|p1a: Incineroar|Parting Shot|p2a: Toxapex
|-unboost|p2a: Toxapex|atk|1
|-unboost|p2a: Toxapex|spa|1
|
|t:|1779667741
|switch|p1a: Slowking|Slowking-Galar, M|62/100 brn|[from] Parting Shot
|
|-damage|p1a: Slowking|56/100 brn|[from] brn
|upkeep
|turn|99
|
|t:|1779667751
|switch|p2a: Corviknight|Corviknight, F|49/100
|-ability|p2a: Corviknight|Pressure
|move|p1a: Slowking|Flamethrower|p2a: Corviknight
|-supereffective|p2a: Corviknight
|-damage|p2a: Corviknight|0 fnt
|faint|p2a: Corviknight
|
|-damage|p1a: Slowking|50/100 brn|[from] brn
|upkeep
|
|t:|1779667758
|switch|p2a: Dondozo|Dondozo, M|100/100 slp
|turn|100
|
|t:|1779667762
|switch|p2a: Toxapex|Toxapex, F|100/100
|switch|p1a: Incineroar|Incineroar, F|35/100 tox
|-ability|p1a: Incineroar|Intimidate|boost
|-unboost|p2a: Toxapex|atk|1
|
|-damage|p1a: Incineroar|28/100 tox|[from] psn
|upkeep
|turn|101
|
|t:|1779667765
|switch|p1a: Slowking|Slowking-Galar, M|83/100 brn
|switch|p2a: Dondozo|Dondozo, M|100/100 slp
|
|-damage|p1a: Slowking|77/100 brn|[from] brn
|upkeep
|turn|102
|
|t:|1779667769
|switch|p2a: Toxapex|Toxapex, F|100/100
|move|p1a: Slowking|Ice Beam|p2a: Toxapex
|-resisted|p2a: Toxapex
|-damage|p2a: Toxapex|91/100
|
|-damage|p1a: Slowking|71/100 brn|[from] brn
|upkeep
|turn|103
|
|t:|1779667773
|switch|p2a: Dondozo|Dondozo, M|100/100 slp
|move|p1a: Slowking|Ice Beam|p2a: Dondozo
|-resisted|p2a: Dondozo
|-damage|p2a: Dondozo|87/100 slp
|
|-damage|p1a: Slowking|65/100 brn|[from] brn
|upkeep
|turn|104
|
|t:|1779667776
|switch|p2a: Toxapex|Toxapex, F|100/100
|move|p1a: Slowking|Flamethrower|p2a: Toxapex
|-resisted|p2a: Toxapex
|-crit|p2a: Toxapex
|-damage|p2a: Toxapex|87/100
|
|-damage|p1a: Slowking|59/100 brn|[from] brn
|upkeep
|turn|105
|
|t:|1779667787
|switch|p1a: Incineroar|Incineroar, F|28/100 tox
|-ability|p1a: Incineroar|Intimidate|boost
|-unboost|p2a: Toxapex|atk|1
|move|p2a: Toxapex|Poison Jab|p1a: Incineroar
|-damage|p1a: Incineroar|18/100 tox
|
|-damage|p1a: Incineroar|11/100 tox|[from] psn
|upkeep
|turn|106
|
|t:|1779667790
|move|p1a: Incineroar|Parting Shot|p2a: Toxapex
|-unboost|p2a: Toxapex|atk|1
|-unboost|p2a: Toxapex|spa|1
|
|t:|1779667792
|switch|p1a: Slowking|Slowking-Galar, M|92/100 brn|[from] Parting Shot
|move|p2a: Toxapex|Poison Jab|p1a: Slowking
|-resisted|p1a: Slowking
|-damage|p1a: Slowking|88/100 brn
|
|-damage|p1a: Slowking|81/100 brn|[from] brn
|upkeep
|turn|107
|
|t:|1779667797
|switch|p2a: Dondozo|Dondozo, M|87/100 slp
|move|p1a: Slowking|Flamethrower|p2a: Dondozo
|-resisted|p2a: Dondozo
|-damage|p2a: Dondozo|73/100 slp
|
|-damage|p1a: Slowking|75/100 brn|[from] brn
|upkeep
|turn|108
|
|t:|1779667800
|cant|p2a: Dondozo|slp
|move|p2a: Dondozo|Sleep Talk|p2a: Dondozo
|move|p2a: Dondozo|Avalanche|p1a: Slowking|[from] move: Sleep Talk
|-damage|p1a: Slowking|60/100 brn
|move|p1a: Slowking|Flamethrower|p2a: Dondozo
|-resisted|p2a: Dondozo
|-damage|p2a: Dondozo|59/100 slp
|
|-damage|p1a: Slowking|54/100 brn|[from] brn
|upkeep
|turn|109
|
|t:|1779667804
|cant|p2a: Dondozo|slp
|move|p2a: Dondozo|Sleep Talk|p2a: Dondozo
|move|p2a: Dondozo|Avalanche|p1a: Slowking|[from] move: Sleep Talk
|-damage|p1a: Slowking|39/100 brn
|move|p1a: Slowking|Flamethrower|p2a: Dondozo
|-resisted|p2a: Dondozo
|-damage|p2a: Dondozo|44/100 slp
|
|-damage|p1a: Slowking|33/100 brn|[from] brn
|upkeep
|turn|110
|
|t:|1779667809
|switch|p1a: Incineroar|Incineroar, F|11/100 tox
|-ability|p1a: Incineroar|Intimidate|boost
|-unboost|p2a: Dondozo|atk|1
|-curestatus|p2a: Dondozo|slp|[msg]
|move|p2a: Dondozo|Rest|p2a: Dondozo
|-status|p2a: Dondozo|slp|[from] move: Rest
|-heal|p2a: Dondozo|100/100 slp|[silent]
|
|-damage|p1a: Incineroar|5/100 tox|[from] psn
|upkeep
|turn|111
|l| Favorite lovestory
|
|t:|1779667813
|switch|p2a: Toxapex|Toxapex, F|100/100
|move|p1a: Incineroar|Parting Shot|p2a: Toxapex
|-unboost|p2a: Toxapex|atk|1
|-unboost|p2a: Toxapex|spa|1
|
|t:|1779667817
|switch|p1a: Slowking|Slowking-Galar, M|67/100 brn|[from] Parting Shot
|
|-damage|p1a: Slowking|61/100 brn|[from] brn
|upkeep
|turn|112
|
|t:|1779667819
|move|p2a: Toxapex|Poison Jab|p1a: Slowking
|-resisted|p1a: Slowking
|-damage|p1a: Slowking|55/100 brn
|move|p1a: Slowking|Flamethrower|p2a: Toxapex
|-resisted|p2a: Toxapex
|-damage|p2a: Toxapex|92/100
|
|-damage|p1a: Slowking|49/100 brn|[from] brn
|upkeep
|turn|113
|
|t:|1779667822
|switch|p2a: Dondozo|Dondozo, M|100/100 slp
|move|p1a: Slowking|Flamethrower|p2a: Dondozo
|-resisted|p2a: Dondozo
|-damage|p2a: Dondozo|86/100 slp
|
|-damage|p1a: Slowking|42/100 brn|[from] brn
|upkeep
|turn|114
|
|t:|1779667824
|switch|p2a: Toxapex|Toxapex, F|100/100
|switch|p1a: Maushold|Maushold|41/100
|
|upkeep
|turn|115
|
|t:|1779667831
|-terastallize|p1a: Maushold|Ghost
|move|p1a: Maushold|Tidy Up|p1a: Maushold
|-boost|p1a: Maushold|atk|1
|-boost|p1a: Maushold|spe|1
|move|p2a: Toxapex|Toxic|p1a: Maushold
|-status|p1a: Maushold|tox
|
|-damage|p1a: Maushold|35/100 tox|[from] psn
|upkeep
|turn|116
|
|t:|1779667842
|move|p1a: Maushold|Population Bomb|p2a: Toxapex
|-damage|p2a: Toxapex|88/100
|-damage|p2a: Toxapex|74/100
|-damage|p2a: Toxapex|61/100
|-damage|p2a: Toxapex|48/100
|-damage|p2a: Toxapex|35/100
|-damage|p2a: Toxapex|23/100
|-damage|p2a: Toxapex|8/100
|-damage|p2a: Toxapex|0 fnt
|faint|p2a: Toxapex
|-hitcount|p2: Toxapex|8
|
|-damage|p1a: Maushold|22/100 tox|[from] psn
|upkeep
|
|t:|1779667845
|switch|p2a: Dondozo|Dondozo, M|86/100 slp
|turn|117
|
|t:|1779667848
|move|p1a: Maushold|Population Bomb|p2a: Dondozo
|-damage|p2a: Dondozo|81/100 slp
|-damage|p2a: Dondozo|76/100 slp
|-damage|p2a: Dondozo|71/100 slp
|-damage|p2a: Dondozo|66/100 slp
|-damage|p2a: Dondozo|61/100 slp
|-damage|p2a: Dondozo|56/100 slp
|-damage|p2a: Dondozo|51/100 slp
|-damage|p2a: Dondozo|46/100 slp
|-damage|p2a: Dondozo|40/100 slp
|-damage|p2a: Dondozo|35/100 slp
|-hitcount|p2a: Dondozo|10
|cant|p2a: Dondozo|slp
|move|p2a: Dondozo|Sleep Talk|p2a: Dondozo
|move|p2a: Dondozo|Avalanche|p1a: Maushold|[from] move: Sleep Talk
|-damage|p1a: Maushold|0 fnt
|faint|p1a: Maushold
|
|upkeep
|
|t:|1779667851
|switch|p1a: Slowking|Slowking-Galar, M|76/100 brn
|turn|118
|
|t:|1779667854
|move|p1a: Slowking|Sludge Bomb|p2a: Dondozo
|-damage|p2a: Dondozo|0 fnt
|faint|p2a: Dondozo
|
|win|dooozdzdz
|raw|dooozdzdz's rating: 1667 &rarr; <strong>1684</strong><br />(+17 for winning)
|raw|bobrumba's rating: 1618 &rarr; <strong>1601</strong><br />(-17 for losing)
|l|☆bobrumba
|player|p2|
|l|☆dooozdzdz
|player|p1|
