|j|☆Mortifi
|j|☆RedemptiveSketch
|t:|1779626590
|gametype|singles
|player|p1|Mortifi|pokemaniac|1543
|player|p2|RedemptiveSketch|koga-lgpe|1598
|gen|9
|tier|[Gen 9] OU
|rated|
|rule|HP Percentage Mod: HP is shown in percentages
|rule|Endless Battle Clause: Forcing endless battles is banned
|rule|Species Clause: Limit one of each Pokémon
|rule|OHKO Clause: OHKO moves are banned
|rule|Evasion Items Clause: Evasion items are banned
|rule|Evasion Moves Clause: Evasion moves are banned
|rule|Evasion Abilities Clause: Evasion abilities are banned
|rule|Sleep Moves Clause: Sleep-inducing moves are banned
|clearpoke
|poke|p1|Zapdos-Galar|
|poke|p1|Slowking-Galar, F|
|poke|p1|Alomomola, F|
|poke|p1|Great Tusk|
|poke|p1|Weavile, M|
|poke|p1|Skarmory, M|
|poke|p2|Ceruledge, M|
|poke|p2|Araquanid, M|
|poke|p2|Gholdengo|
|poke|p2|Iron Treads|
|poke|p2|Dragonite, F|
|poke|p2|Iron Valiant|
|teampreview
|inactive|Battle timer is ON: inactive players will automatically lose when time's up. (requested by RedemptiveSketch)
|j| Yamhard
|
|t:|1779626609
|teamsize|p1|6
|teamsize|p2|6
|start
|switch|p1a: Skarmory|Skarmory, M|100/100
|switch|p2a: Araquanid|Araquanid, M|100/100
|turn|1
|
|t:|1779626615
|move|p1a: Skarmory|Spikes|p2a: Araquanid
|-sidestart|p2: RedemptiveSketch|Spikes
|move|p2a: Araquanid|Surf|p1a: Skarmory
|-damage|p1a: Skarmory|26/100
|
|upkeep
|turn|2
|
|t:|1779626623
|switch|p1a: Slowking|Slowking-Galar, F|100/100
|move|p2a: Araquanid|Surf|p1a: Slowking
|-damage|p1a: Slowking|71/100
|
|upkeep
|turn|3
|
|t:|1779626630
|move|p2a: Araquanid|Surf|p1a: Slowking
|-damage|p1a: Slowking|41/100
|move|p1a: Slowking|Future Sight|p2a: Araquanid
|-start|p1a: Slowking|move: Future Sight
|
|upkeep
|turn|4
|
|t:|1779626635
|switch|p1a: Alomomola|Alomomola, F|100/100
|move|p2a: Araquanid|Surf|p1a: Alomomola
|-resisted|p1a: Alomomola
|-damage|p1a: Alomomola|75/100
|
|upkeep
|turn|5
|
|t:|1779626643
|move|p1a: Alomomola|Wish|p1a: Alomomola
|move|p2a: Araquanid|Surf|p1a: Alomomola
|-resisted|p1a: Alomomola
|-damage|p1a: Alomomola|50/100
|
|-end|p2a: Araquanid|move: Future Sight
|-damage|p2a: Araquanid|66/100
|upkeep
|turn|6
|
|t:|1779626652
|move|p1a: Alomomola|Flip Turn|p2a: Araquanid
|-resisted|p2a: Araquanid
|-damage|p2a: Araquanid|57/100
|
|t:|1779626656
|switch|p1a: Slowking|Slowking-Galar, F|74/100|[from] Flip Turn
|move|p2a: Araquanid|Surf|p1a: Slowking
|-damage|p1a: Slowking|40/100
|
|-heal|p1a: Slowking|99/100|[from] move: Wish|[wisher] Alomomola
|upkeep
|turn|7
|
|t:|1779626663
|move|p2a: Araquanid|Surf|p1a: Slowking
|-damage|p1a: Slowking|68/100
|move|p1a: Slowking|Thunder Wave|p2a: Araquanid
|-status|p2a: Araquanid|par
|
|upkeep
|turn|8
|
|t:|1779626670
|move|p2a: Araquanid|Surf|p1a: Slowking
|-damage|p1a: Slowking|35/100
|move|p1a: Slowking|Future Sight|p2a: Araquanid
|-start|p1a: Slowking|move: Future Sight
|
|upkeep
|turn|9
|
|t:|1779626675
|switch|p1a: Alomomola|Alomomola, F|84/100
|move|p2a: Araquanid|Surf|p1a: Alomomola
|-resisted|p1a: Alomomola
|-damage|p1a: Alomomola|60/100
|
|upkeep
|turn|10
|
|t:|1779626682
|move|p1a: Alomomola|Wish|p1a: Alomomola
|cant|p2a: Araquanid|par
|
|-end|p2a: Araquanid|move: Future Sight
|-damage|p2a: Araquanid|24/100 par
|upkeep
|turn|11
|-enditem|p2a: Araquanid|Custap Berry|[eat]
|-activate|p2a: Araquanid|item: Custap Berry|[consumed]
|
|t:|1779626688
|move|p2a: Araquanid|Endeavor|p1a: Alomomola
|-damage|p1a: Alomomola|17/100
|move|p1a: Alomomola|Acrobatics|p2a: Araquanid
|-supereffective|p2a: Araquanid
|-damage|p2a: Araquanid|0 fnt
|faint|p2a: Araquanid
|
|-heal|p1a: Alomomola|67/100|[from] move: Wish|[wisher] Alomomola
|upkeep
|
|t:|1779626712
|switch|p2a: Dragonite|Dragonite, F|100/100
|turn|12
|
|t:|1779626721
|move|p2a: Dragonite|Dragon Dance|p2a: Dragonite
|-boost|p2a: Dragonite|atk|1
|-boost|p2a: Dragonite|spe|1
|move|p1a: Alomomola|Flip Turn|p2a: Dragonite
|-resisted|p2a: Dragonite
|-damage|p2a: Dragonite|96/100
|
|t:|1779626729
|switch|p1a: Great Tusk|Great Tusk|100/100|[from] Flip Turn
|
|upkeep
|turn|13
|
|t:|1779626736
|-terastallize|p2a: Dragonite|Ghost
|move|p2a: Dragonite|Scale Shot|p1a: Great Tusk
|-damage|p1a: Great Tusk|84/100
|-damage|p1a: Great Tusk|66/100
|-damage|p1a: Great Tusk|51/100
|-damage|p1a: Great Tusk|34/100
|-hitcount|p1a: Great Tusk|4
|-unboost|p2a: Dragonite|def|1
|-boost|p2a: Dragonite|spe|1
|move|p1a: Great Tusk|Ice Spinner|p2a: Dragonite
|-damage|p2a: Dragonite|51/100
|
|upkeep
|turn|14
|
|t:|1779626751
|move|p2a: Dragonite|Scale Shot|p1a: Great Tusk
|-damage|p1a: Great Tusk|17/100
|-damage|p1a: Great Tusk|1/100
|-damage|p1a: Great Tusk|0 fnt
|faint|p1a: Great Tusk
|-end|p1a: Great Tusk|Protosynthesis|[silent]
|-hitcount|p1: Great Tusk|3
|-unboost|p2a: Dragonite|def|1
|-boost|p2a: Dragonite|spe|1
|
|upkeep
|
|t:|1779626764
|switch|p1a: Weavile|Weavile, M|100/100
|-ability|p1a: Weavile|Pressure
|turn|15
|
|t:|1779626776
|switch|p2a: Iron Treads|Iron Treads|100/100
|-damage|p2a: Iron Treads|88/100|[from] Spikes
|-enditem|p2a: Iron Treads|Booster Energy
|-activate|p2a: Iron Treads|ability: Quark Drive|[fromitem]
|-start|p2a: Iron Treads|quarkdriveatk
|move|p1a: Weavile|Ice Shard|p2a: Iron Treads
|-damage|p2a: Iron Treads|62/100
|
|upkeep
|turn|16
|
|t:|1779626787
|switch|p1a: Alomomola|Alomomola, F|99/100
|move|p2a: Iron Treads|Rapid Spin|p1a: Alomomola
|-damage|p1a: Alomomola|87/100
|-boost|p2a: Iron Treads|spe|1
|-sideend|p2: RedemptiveSketch|Spikes|[from] move: Rapid Spin|[of] p2a: Iron Treads
|
|upkeep
|turn|17
|
|t:|1779626795
|move|p2a: Iron Treads|Supercell Slam|p1a: Alomomola
|-supereffective|p1a: Alomomola
|-damage|p1a: Alomomola|34/100
|move|p1a: Alomomola|Flip Turn|p2a: Iron Treads
|-supereffective|p2a: Iron Treads
|-damage|p2a: Iron Treads|32/100
|
|t:|1779626806
|switch|p1a: Slowking|Slowking-Galar, F|69/100|[from] Flip Turn
|
|upkeep
|turn|18
|
|t:|1779626811
|switch|p1a: Skarmory|Skarmory, M|26/100
|move|p2a: Iron Treads|Earthquake|p1a: Skarmory
|-immune|p1a: Skarmory
|
|upkeep
|turn|19
|
|t:|1779626818
|move|p2a: Iron Treads|Supercell Slam|p1a: Skarmory
|-supereffective|p1a: Skarmory
|-crit|p1a: Skarmory
|-damage|p1a: Skarmory|0 fnt
|-damage|p2a: Iron Treads|15/100|[from] item: Rocky Helmet|[of] p1a: Skarmory
|faint|p1a: Skarmory
|
|upkeep
|
|t:|1779626824
|switch|p1a: Weavile|Weavile, M|100/100
|-ability|p1a: Weavile|Pressure
|turn|20
|
|t:|1779626829
|move|p1a: Weavile|Ice Shard|p2a: Iron Treads
|-damage|p2a: Iron Treads|0 fnt
|faint|p2a: Iron Treads
|-end|p2a: Iron Treads|Quark Drive|[silent]
|
|upkeep
|
|t:|1779626840
|switch|p2a: Ceruledge|Ceruledge, M|100/100
|turn|21
|
|t:|1779626844
|switch|p1a: Alomomola|Alomomola, F|67/100
|move|p2a: Ceruledge|Swords Dance|p2a: Ceruledge
|-boost|p2a: Ceruledge|atk|2
|
|upkeep
|turn|22
|
|t:|1779626852
|move|p2a: Ceruledge|Poltergeist||[still]
|-fail|p2a: Ceruledge
|move|p1a: Alomomola|Flip Turn|p2a: Ceruledge
|-supereffective|p2a: Ceruledge
|-damage|p2a: Ceruledge|57/100
|-ability|p2a: Ceruledge|Weak Armor|boost
|-unboost|p2a: Ceruledge|def|1
|-boost|p2a: Ceruledge|spe|2
|
|t:|1779626863
|switch|p1a: Weavile|Weavile, M|100/100|[from] Flip Turn
|-ability|p1a: Weavile|Pressure
|
|upkeep
|turn|23
|
|t:|1779626869
|switch|p1a: Alomomola|Alomomola, F|99/100
|move|p2a: Ceruledge|Bitter Blade|p1a: Alomomola
|-resisted|p1a: Alomomola
|-damage|p1a: Alomomola|73/100
|-heal|p2a: Ceruledge|79/100|[from] drain|[of] p1a: Alomomola
|
|upkeep
|turn|24
|inactive|RedemptiveSketch has 120 seconds left.
|
|t:|1779626900
|move|p2a: Ceruledge|Swords Dance|p2a: Ceruledge
|-boost|p2a: Ceruledge|atk|2
|move|p1a: Alomomola|Flip Turn|p2a: Ceruledge
|-supereffective|p2a: Ceruledge
|-damage|p2a: Ceruledge|10/100
|-ability|p2a: Ceruledge|Weak Armor|boost
|-unboost|p2a: Ceruledge|def|1
|-boost|p2a: Ceruledge|spe|2
|
|t:|1779626913
|switch|p1a: Weavile|Weavile, M|100/100|[from] Flip Turn
|-ability|p1a: Weavile|Pressure
|
|upkeep
|turn|25
|
|t:|1779626918
|move|p2a: Ceruledge|Shadow Sneak|p1a: Weavile
|-resisted|p1a: Weavile
|-damage|p1a: Weavile|39/100
|move|p1a: Weavile|Ice Shard|p2a: Ceruledge
|-resisted|p2a: Ceruledge
|-damage|p2a: Ceruledge|0 fnt
|faint|p2a: Ceruledge
|
|upkeep
|
|t:|1779626925
|switch|p2a: Dragonite|Dragonite, F, tera:Ghost|51/100
|turn|26
|
|t:|1779626939
|switch|p1a: Zapdos|Zapdos-Galar|100/100
|move|p2a: Dragonite|Scale Shot|p1a: Zapdos
|-damage|p1a: Zapdos|84/100
|-damage|p1a: Zapdos|66/100
|-damage|p1a: Zapdos|48/100
|-damage|p1a: Zapdos|29/100
|-hitcount|p1a: Zapdos|4
|-unboost|p2a: Dragonite|def|1
|-boost|p2a: Dragonite|spe|1
|
|upkeep
|turn|27
|
|t:|1779626952
|switch|p2a: Iron Valiant|Iron Valiant|100/100
|-enditem|p2a: Iron Valiant|Booster Energy
|-activate|p2a: Iron Valiant|ability: Quark Drive|[fromitem]
|-start|p2a: Iron Valiant|quarkdrivespa
|move|p1a: Zapdos|Knock Off|p2a: Iron Valiant
|-resisted|p2a: Iron Valiant
|-crit|p2a: Iron Valiant
|-damage|p2a: Iron Valiant|90/100
|
|upkeep
|turn|28
|
|t:|1779626961
|move|p2a: Iron Valiant|Calm Mind|p2a: Iron Valiant
|-boost|p2a: Iron Valiant|spa|1
|-boost|p2a: Iron Valiant|spd|1
|move|p1a: Zapdos|Brave Bird|p2a: Iron Valiant
|-supereffective|p2a: Iron Valiant
|-damage|p2a: Iron Valiant|0 fnt
|faint|p2a: Iron Valiant
|-end|p2a: Iron Valiant|Quark Drive|[silent]
|-damage|p1a: Zapdos|3/100|[from] Recoil
|
|upkeep
|
|t:|1779626970
|switch|p2a: Gholdengo|Gholdengo|100/100
|-item|p2a: Gholdengo|Air Balloon
|turn|29
|
|t:|1779626973
|move|p1a: Zapdos|Knock Off|p2a: Gholdengo
|-supereffective|p2a: Gholdengo
|-damage|p2a: Gholdengo|20/100
|-enditem|p2a: Gholdengo|Air Balloon
|move|p2a: Gholdengo|Shadow Ball|p1a: Zapdos
|-damage|p1a: Zapdos|0 fnt
|faint|p1a: Zapdos
|
|upkeep
|-message|RedemptiveSketch forfeited.
|
|win|Mortifi
|raw|Mortifi's rating: 1543 &rarr; <strong>1566</strong><br />(+23 for winning)
|raw|RedemptiveSketch's rating: 1598 &rarr; <strong>1575</strong><br />(-23 for losing)
|l|☆RedemptiveSketch
|player|p2|
|l| Yamhard
|l|☆Mortifi
|player|p1|
