|j|☆desktop-ini
|j|☆grand farewell
|t:|1779645775
|gametype|singles
|player|p1|desktop-ini|winona|1410
|player|p2|grand farewell|cynthia-gen4|1399
|gen|9
|tier|[Gen 9] OU
|rated|
|rule|HP Percentage Mod: HP is shown in percentages
|rule|Endless Battle Clause: Forcing endless battles is banned
|rule|Species Clause: Limit one of each Pokémon
|rule|OHKO Clause: OHKO moves are banned
|rule|Evasion Items Clause: Evasion items are banned
|rule|Evasion Moves Clause: Evasion moves are banned
|rule|Evasion Abilities Clause: Evasion abilities are banned
|rule|Sleep Moves Clause: Sleep-inducing moves are banned
|clearpoke
|poke|p1|Pelipper, F|
|poke|p1|Hatterene, F|
|poke|p1|Iron Treads|
|poke|p1|Toxicroak, F|
|poke|p1|Barraskewda, F|
|poke|p1|Zapdos|
|poke|p2|Blaziken, F|
|poke|p2|Alomomola, F|
|poke|p2|Weezing-Galar, M|
|poke|p2|Slowking-Galar, M|
|poke|p2|Ogerpon-Wellspring, F|
|poke|p2|Kingambit, F|
|teampreview
|inactive|Battle timer is ON: inactive players will automatically lose when time's up. (requested by grand farewell)
|
|t:|1779645785
|teamsize|p1|6
|teamsize|p2|6
|start
|switch|p1a: Pelipper|Pelipper, F|100/100
|switch|p2a: Weezing|Weezing-Galar, M, shiny|100/100
|-ability|p2a: Weezing|Neutralizing Gas
|turn|1
|
|t:|1779645794
|move|p2a: Weezing|Toxic|p1a: Pelipper
|-status|p1a: Pelipper|tox
|move|p1a: Pelipper|Knock Off|p2a: Weezing
|-resisted|p2a: Weezing
|-damage|p2a: Weezing|97/100
|-enditem|p2a: Weezing|Leftovers|[from] move: Knock Off|[of] p1a: Pelipper
|
|-damage|p1a: Pelipper|94/100 tox|[from] psn
|upkeep
|turn|2
|
|t:|1779645800
|move|p2a: Weezing|Strange Steam|p1a: Pelipper
|-damage|p1a: Pelipper|69/100 tox
|move|p1a: Pelipper|U-turn|p2a: Weezing
|-resisted|p2a: Weezing
|-damage|p2a: Weezing|95/100
|
|t:|1779645810
|switch|p1a: Iron Treads|Iron Treads|100/100|[from] U-turn
|
|upkeep
|turn|3
|
|t:|1779645814
|-end|p2a: Weezing|ability: Neutralizing Gas
|switch|p2a: Ogerpon|Ogerpon-Wellspring, F|100/100
|move|p1a: Iron Treads|Stealth Rock|p2a: Ogerpon
|-sidestart|p2: grand farewell|move: Stealth Rock
|
|upkeep
|turn|4
|
|t:|1779645823
|-end|p1a: Iron Treads|Quark Drive|[silent]
|switch|p1a: Toxicroak|Toxicroak, F|100/100
|move|p2a: Ogerpon|Encore||[still]
|-fail|p2a: Ogerpon
|
|upkeep
|turn|5
|
|t:|1779645832
|switch|p2a: Weezing|Weezing-Galar, M, shiny|95/100
|-ability|p2a: Weezing|Neutralizing Gas
|-damage|p2a: Weezing|83/100|[from] Stealth Rock
|move|p1a: Toxicroak|Knock Off|p2a: Weezing
|-resisted|p2a: Weezing
|-damage|p2a: Weezing|77/100
|
|upkeep
|turn|6
|
|t:|1779645844
|move|p1a: Toxicroak|Drain Punch|p2a: Weezing
|-resisted|p2a: Weezing
|-damage|p2a: Weezing|74/100
|move|p2a: Weezing|Defog|p1a: Toxicroak
|-unboost|p1a: Toxicroak|evasion|1
|-sideend|p2: grand farewell|Stealth Rock|[from] move: Defog|[of] p2a: Weezing
|
|upkeep
|turn|7
|
|t:|1779645849
|move|p1a: Toxicroak|Encore|p2a: Weezing
|-start|p2a: Weezing|Encore
|move|p2a: Weezing|Defog|p1a: Toxicroak
|-unboost|p1a: Toxicroak|evasion|1
|
|upkeep
|turn|8
|
|t:|1779645859
|switch|p1a: Iron Treads|Iron Treads|100/100
|move|p2a: Weezing|Defog|p1a: Iron Treads
|-unboost|p1a: Iron Treads|evasion|1
|
|upkeep
|turn|9
|
|t:|1779645866
|-end|p2a: Weezing|ability: Neutralizing Gas
|switch|p2a: Ogerpon|Ogerpon-Wellspring, F|100/100
|move|p1a: Iron Treads|Rapid Spin|p2a: Ogerpon
|-damage|p2a: Ogerpon|85/100
|-boost|p1a: Iron Treads|spe|1
|
|upkeep
|turn|10
|
|t:|1779645879
|move|p1a: Iron Treads|Volt Switch|p2a: Ogerpon
|-damage|p2a: Ogerpon|72/100
|
|t:|1779645882
|-end|p1a: Iron Treads|Quark Drive|[silent]
|switch|p1a: Toxicroak|Toxicroak, F|100/100|[from] Volt Switch
|move|p2a: Ogerpon|Ivy Cudgel|p1a: Toxicroak|[anim] Ivy Cudgel Water
|-immune|p1a: Toxicroak|[from] ability: Dry Skin
|
|upkeep
|turn|11
|
|t:|1779645896
|switch|p2a: Weezing|Weezing-Galar, M, shiny|74/100
|-ability|p2a: Weezing|Neutralizing Gas
|switch|p1a: Iron Treads|Iron Treads|100/100
|
|upkeep
|turn|12
|
|t:|1779645905
|-end|p2a: Weezing|ability: Neutralizing Gas
|switch|p2a: Ogerpon|Ogerpon-Wellspring, F|72/100
|move|p1a: Iron Treads|Stealth Rock|p2a: Ogerpon
|-sidestart|p2: grand farewell|move: Stealth Rock
|
|upkeep
|turn|13
|
|t:|1779645916
|-end|p1a: Iron Treads|Quark Drive|[silent]
|switch|p1a: Toxicroak|Toxicroak, F|100/100
|move|p2a: Ogerpon|Play Rough|p1a: Toxicroak
|-damage|p1a: Toxicroak|67/100
|-damage|p2a: Ogerpon|55/100|[from] item: Rocky Helmet|[of] p1a: Toxicroak
|
|upkeep
|turn|14
|
|t:|1779645924
|switch|p2a: Weezing|Weezing-Galar, M, shiny|74/100
|-ability|p2a: Weezing|Neutralizing Gas
|-damage|p2a: Weezing|61/100|[from] Stealth Rock
|move|p1a: Toxicroak|Toxic|p2a: Weezing
|-immune|p2a: Weezing
|
|upkeep
|turn|15
|
|t:|1779645934
|switch|p1a: Hatterene|Hatterene, F|100/100
|move|p2a: Weezing|Defog|p1a: Hatterene
|-unboost|p1a: Hatterene|evasion|1
|-sideend|p2: grand farewell|Stealth Rock|[from] move: Defog|[of] p2a: Weezing
|
|upkeep
|turn|16
|
|t:|1779645939
|move|p2a: Weezing|Toxic|p1a: Hatterene
|-status|p1a: Hatterene|tox
|move|p1a: Hatterene|Nuzzle|p2a: Weezing
|-damage|p2a: Weezing|59/100
|-status|p2a: Weezing|par
|
|-damage|p1a: Hatterene|95/100 tox|[from] psn
|upkeep
|turn|17
|
|t:|1779645944
|move|p1a: Hatterene|Psychic Noise|p2a: Weezing
|-supereffective|p2a: Weezing
|-damage|p2a: Weezing|0 fnt
|faint|p2a: Weezing
|-end|p2a: Weezing|ability: Neutralizing Gas
|
|-damage|p1a: Hatterene|83/100 tox|[from] psn
|upkeep
|
|t:|1779645952
|switch|p2a: Kingambit|Kingambit, F, shiny|100/100
|-activate|p2a: Kingambit|ability: Supreme Overlord
|-start|p2a: Kingambit|fallen1|[silent]
|turn|18
|
|t:|1779645960
|move|p2a: Kingambit|Iron Head|p1a: Hatterene
|-supereffective|p1a: Hatterene
|-damage|p1a: Hatterene|0 fnt
|faint|p1a: Hatterene
|
|upkeep
|
|t:|1779645970
|switch|p1a: Barraskewda|Barraskewda, F|100/100
|turn|19
|
|t:|1779645975
|move|p2a: Kingambit|Sucker Punch|p1a: Barraskewda
|-damage|p1a: Barraskewda|0 fnt
|faint|p1a: Barraskewda
|
|upkeep
|
|t:|1779645980
|switch|p1a: Pelipper|Pelipper, F|69/100 tox
|-weather|RainDance|[from] ability: Drizzle|[of] p1a: Pelipper
|turn|20
|
|t:|1779645985
|move|p2a: Kingambit|Sucker Punch|p1a: Pelipper
|-damage|p1a: Pelipper|8/100 tox
|move|p1a: Pelipper|Knock Off|p2a: Kingambit
|-resisted|p2a: Kingambit
|-damage|p2a: Kingambit|96/100
|-enditem|p2a: Kingambit|Black Glasses|[from] move: Knock Off|[of] p1a: Pelipper
|
|-weather|RainDance|[upkeep]
|-damage|p1a: Pelipper|1/100 tox|[from] psn
|upkeep
|turn|21
|
|t:|1779645997
|switch|p1a: Toxicroak|Toxicroak, F|67/100
|move|p2a: Kingambit|Swords Dance|p2a: Kingambit
|-boost|p2a: Kingambit|atk|2
|
|-weather|RainDance|[upkeep]
|-heal|p1a: Toxicroak|80/100|[from] ability: Dry Skin
|upkeep
|turn|22
|
|t:|1779646011
|-end|p2a: Kingambit|fallen1|[silent]
|switch|p2a: Alomomola|Alomomola, F, shiny|100/100
|move|p1a: Toxicroak|Encore||[still]
|-fail|p1a: Toxicroak
|
|-weather|RainDance|[upkeep]
|-heal|p1a: Toxicroak|92/100|[from] ability: Dry Skin
|upkeep
|turn|23
|
|t:|1779646019
|switch|p2a: Slowking|Slowking-Galar, M|100/100
|move|p1a: Toxicroak|Knock Off|p2a: Slowking
|-supereffective|p2a: Slowking
|-damage|p2a: Slowking|47/100
|-enditem|p2a: Slowking|Heavy-Duty Boots|[from] move: Knock Off|[of] p1a: Toxicroak
|
|-weather|RainDance|[upkeep]
|-heal|p1a: Toxicroak|100/100|[from] ability: Dry Skin
|upkeep
|turn|24
|
|t:|1779646029
|switch|p1a: Zapdos|Zapdos|100/100
|move|p2a: Slowking|Future Sight|p1a: Zapdos
|-start|p2a: Slowking|move: Future Sight
|
|-weather|RainDance|[upkeep]
|upkeep
|turn|25
|
|t:|1779646041
|move|p1a: Zapdos|Thunder|p2a: Slowking
|-damage|p2a: Slowking|0 fnt
|faint|p2a: Slowking
|
|-weather|RainDance|[upkeep]
|upkeep
|
|t:|1779646049
|switch|p2a: Kingambit|Kingambit, F, shiny|96/100
|-activate|p2a: Kingambit|ability: Supreme Overlord
|-start|p2a: Kingambit|fallen2|[silent]
|turn|26
|
|t:|1779646054
|move|p2a: Kingambit|Sucker Punch|p1a: Zapdos
|-damage|p1a: Zapdos|40/100
|move|p1a: Zapdos|Thunder|p2a: Kingambit
|-damage|p2a: Kingambit|11/100
|
|-weather|RainDance|[upkeep]
|-end|p1a: Zapdos|move: Future Sight
|-damage|p1a: Zapdos|0 fnt
|faint|p1a: Zapdos
|upkeep
|
|t:|1779646061
|switch|p1a: Toxicroak|Toxicroak, F|100/100
|turn|27
|
|t:|1779646067
|move|p1a: Toxicroak|Toxic|p2a: Kingambit
|-immune|p2a: Kingambit
|move|p2a: Kingambit|Iron Head|p1a: Toxicroak
|-damage|p1a: Toxicroak|49/100
|-damage|p2a: Kingambit|0 fnt|[from] item: Rocky Helmet|[of] p1a: Toxicroak
|faint|p2a: Kingambit
|-end|p2a: Kingambit|fallen2|[silent]
|
|-weather|none
|upkeep
|
|t:|1779646073
|switch|p2a: Blaziken|Blaziken, F, shiny|100/100
|turn|28
|
|t:|1779646081
|switch|p1a: Pelipper|Pelipper, F|1/100 tox
|-weather|RainDance|[from] ability: Drizzle|[of] p1a: Pelipper
|move|p2a: Blaziken|Close Combat|p1a: Pelipper
|-resisted|p1a: Pelipper
|-damage|p1a: Pelipper|0 fnt
|-unboost|p2a: Blaziken|def|1
|-unboost|p2a: Blaziken|spd|1
|faint|p1a: Pelipper
|
|-weather|RainDance|[upkeep]
|-ability|p2a: Blaziken|Speed Boost|boost
|-boost|p2a: Blaziken|spe|1
|upkeep
|
|t:|1779646088
|switch|p1a: Toxicroak|Toxicroak, F|49/100
|turn|29
|
|t:|1779646092
|move|p2a: Blaziken|Close Combat|p1a: Toxicroak
|-resisted|p1a: Toxicroak
|-damage|p1a: Toxicroak|6/100
|-unboost|p2a: Blaziken|def|1
|-unboost|p2a: Blaziken|spd|1
|-damage|p2a: Blaziken|84/100|[from] item: Rocky Helmet|[of] p1a: Toxicroak
|move|p1a: Toxicroak|Drain Punch|p2a: Blaziken
|-damage|p2a: Blaziken|0 fnt
|-heal|p1a: Toxicroak|40/100|[from] drain|[of] p2a: Blaziken
|faint|p2a: Blaziken
|
|-weather|RainDance|[upkeep]
|-heal|p1a: Toxicroak|53/100|[from] ability: Dry Skin
|upkeep
|
|t:|1779646102
|switch|p2a: Alomomola|Alomomola, F, shiny|100/100
|turn|30
|
|t:|1779646109
|move|p1a: Toxicroak|Toxic|p2a: Alomomola
|-status|p2a: Alomomola|tox
|move|p2a: Alomomola|Wish|p2a: Alomomola
|
|-weather|RainDance|[upkeep]
|-heal|p1a: Toxicroak|65/100|[from] ability: Dry Skin
|-damage|p2a: Alomomola|94/100 tox|[from] psn
|upkeep
|turn|31
|
|t:|1779646121
|move|p2a: Alomomola|Protect|p2a: Alomomola
|-singleturn|p2a: Alomomola|Protect
|move|p1a: Toxicroak|Knock Off|p2a: Alomomola
|-activate|p2a: Alomomola|move: Protect
|
|-weather|RainDance|[upkeep]
|-heal|p1a: Toxicroak|77/100|[from] ability: Dry Skin
|-heal|p2a: Alomomola|100/100 tox|[from] move: Wish|[wisher] Alomomola
|-damage|p2a: Alomomola|88/100 tox|[from] psn
|upkeep
|turn|32
|
|t:|1779646127
|move|p1a: Toxicroak|Encore|p2a: Alomomola
|-start|p2a: Alomomola|Encore
|move|p2a: Alomomola|Protect||[still]
|-fail|p2a: Alomomola
|
|-weather|RainDance|[upkeep]
|-heal|p1a: Toxicroak|90/100|[from] ability: Dry Skin
|-damage|p2a: Alomomola|70/100 tox|[from] psn
|upkeep
|turn|33
|
|t:|1779646141
|switch|p2a: Ogerpon|Ogerpon-Wellspring, F|55/100
|move|p1a: Toxicroak|Drain Punch|p2a: Ogerpon
|-damage|p2a: Ogerpon|19/100
|-heal|p1a: Toxicroak|100/100|[from] drain|[of] p2a: Ogerpon
|
|-weather|RainDance|[upkeep]
|upkeep
|turn|34
|
|t:|1779646153
|switch|p2a: Alomomola|Alomomola, F, shiny|100/100 tox
|move|p1a: Toxicroak|Drain Punch|p2a: Alomomola
|-damage|p2a: Alomomola|86/100 tox
|
|-weather|RainDance|[upkeep]
|-damage|p2a: Alomomola|80/100 tox|[from] psn
|upkeep
|turn|35
|
|t:|1779646162
|move|p1a: Toxicroak|Knock Off|p2a: Alomomola
|-damage|p2a: Alomomola|68/100 tox
|-enditem|p2a: Alomomola|Heavy-Duty Boots|[from] move: Knock Off|[of] p1a: Toxicroak
|move|p2a: Alomomola|Wish|p2a: Alomomola
|
|-weather|none
|-damage|p2a: Alomomola|56/100 tox|[from] psn
|upkeep
|turn|36
|
|t:|1779646170
|switch|p2a: Ogerpon|Ogerpon-Wellspring, F|19/100
|move|p1a: Toxicroak|Drain Punch|p2a: Ogerpon
|-damage|p2a: Ogerpon|0 fnt
|faint|p2a: Ogerpon
|
|upkeep
|-message|grand farewell forfeited.
|
|win|desktop-ini
|raw|desktop-ini's rating: 1410 &rarr; <strong>1429</strong><br />(+19 for winning)
|raw|grand farewell's rating: 1399 &rarr; <strong>1380</strong><br />(-19 for losing)
|l|☆grand farewell
|player|p2|
|l|☆desktop-ini
|player|p1|
