|j|‽leifohman
|j|☆cat party
|t:|1779712889
|gametype|singles
|player|p1|leifohman|266|1538
|player|p2|cat party|265|1466
|gen|9
|tier|[Gen 9] OU
|rated|
|rule|HP Percentage Mod: HP is shown in percentages
|rule|Endless Battle Clause: Forcing endless battles is banned
|rule|Species Clause: Limit one of each Pokémon
|rule|OHKO Clause: OHKO moves are banned
|rule|Evasion Items Clause: Evasion items are banned
|rule|Evasion Moves Clause: Evasion moves are banned
|rule|Evasion Abilities Clause: Evasion abilities are banned
|rule|Sleep Moves Clause: Sleep-inducing moves are banned
|clearpoke
|poke|p1|Porygon2|
|poke|p1|Dragapult, F|
|poke|p1|Deoxys-Speed|
|poke|p1|Donphan, M|
|poke|p1|Gardevoir, F|
|poke|p1|Cinderace, M|
|poke|p2|Slowking-Galar, M|
|poke|p2|Great Tusk|
|poke|p2|Kyurem|
|poke|p2|Kingambit, M|
|poke|p2|Cinderace, M|
|poke|p2|Zapdos|
|teampreview
|inactive|Battle timer is ON: inactive players will automatically lose when time's up. (requested by cat party)
|inactive|leifohman also wants the timer to be on.
|
|t:|1779712905
|teamsize|p1|6
|teamsize|p2|6
|start
|switch|p1a: Deoxys|Deoxys-Speed, shiny|100/100
|switch|p2a: Slowking|Slowking-Galar, M|100/100
|-ability|p1a: Deoxys|Pressure
|turn|1
|inactive|cat party has 120 seconds left.
|
|t:|1779712949
|-terastallize|p1a: Deoxys|Dark
|move|p1a: Deoxys|Knock Off|p2a: Slowking
|-supereffective|p2a: Slowking
|-enditem|p2a: Slowking|Colbur Berry|[eat]
|-enditem|p2a: Slowking|Colbur Berry|[weaken]
|-damage|p2a: Slowking|51/100
|-damage|p1a: Deoxys|91/100|[from] item: Life Orb
|move|p2a: Slowking|Thunder Wave|p1a: Deoxys
|-status|p1a: Deoxys|par
|
|upkeep
|turn|2
|
|t:|1779712964
|move|p1a: Deoxys|Knock Off|p2a: Slowking
|-supereffective|p2a: Slowking
|-damage|p2a: Slowking|0 fnt
|faint|p2a: Slowking
|-damage|p1a: Deoxys|81/100 par|[from] item: Life Orb
|
|upkeep
|
|t:|1779712976
|switch|p2a: Kyurem|Kyurem|100/100
|-ability|p2a: Kyurem|Pressure
|turn|3
|
|t:|1779712983
|switch|p1a: Porygon2|Porygon2, shiny|100/100
|-ability|p1a: Porygon2|Pressure|Trace|[from] ability: Trace|[of] p2a: Kyurem
|-ability|p1a: Porygon2|Pressure
|move|p2a: Kyurem|Ice Beam|p1a: Porygon2
|-damage|p1a: Porygon2|70/100
|
|upkeep
|turn|4
|
|t:|1779712993
|move|p2a: Kyurem|Ice Beam|p1a: Porygon2
|-damage|p1a: Porygon2|35/100
|move|p1a: Porygon2|Tri Attack|p2a: Kyurem
|-damage|p2a: Kyurem|71/100
|
|upkeep
|turn|5
|inactive|cat party has 120 seconds left.
|
|t:|1779713003
|move|p2a: Kyurem|Ice Beam|p1a: Porygon2
|-damage|p1a: Porygon2|4/100
|move|p1a: Porygon2|Recover|p1a: Porygon2
|-heal|p1a: Porygon2|54/100
|
|upkeep
|turn|6
|
|t:|1779713009
|move|p2a: Kyurem|Ice Beam|p1a: Porygon2
|-damage|p1a: Porygon2|22/100
|move|p1a: Porygon2|Recover|p1a: Porygon2
|-heal|p1a: Porygon2|72/100
|
|upkeep
|turn|7
|
|t:|1779713015
|move|p2a: Kyurem|Ice Beam|p1a: Porygon2
|-damage|p1a: Porygon2|38/100
|move|p1a: Porygon2|Tri Attack|p2a: Kyurem
|-damage|p2a: Kyurem|43/100
|
|upkeep
|turn|8
|
|t:|1779713022
|-terastallize|p2a: Kyurem|Ice
|move|p2a: Kyurem|Ice Beam|p1a: Porygon2
|-damage|p1a: Porygon2|0 fnt
|faint|p1a: Porygon2
|
|upkeep
|
|t:|1779713037
|switch|p1a: Cinderace|Cinderace, M, shiny|100/100
|turn|9
|
|t:|1779713041
|switch|p2a: Great Tusk|Great Tusk|100/100
|move|p1a: Cinderace|Pyro Ball|p2a: Great Tusk
|-damage|p2a: Great Tusk|58/100
|
|-heal|p2a: Great Tusk|64/100|[from] item: Leftovers
|upkeep
|turn|10
|
|t:|1779713059
|move|p1a: Cinderace|U-turn|p2a: Great Tusk
|-start|p1a: Cinderace|typechange|Bug|[from] ability: Libero
|-resisted|p2a: Great Tusk
|-damage|p2a: Great Tusk|51/100
|
|t:|1779713063
|switch|p1a: Dragapult|Dragapult, F, shiny|100/100|[from] U-turn
|move|p2a: Great Tusk|Headlong Rush|p1a: Dragapult
|-damage|p1a: Dragapult|12/100
|-unboost|p2a: Great Tusk|def|1
|-unboost|p2a: Great Tusk|spd|1
|
|-heal|p2a: Great Tusk|58/100|[from] item: Leftovers
|upkeep
|turn|11
|
|t:|1779713076
|-end|p2a: Great Tusk|Protosynthesis|[silent]
|switch|p2a: Kingambit|Kingambit, M|100/100
|-activate|p2a: Kingambit|ability: Supreme Overlord
|-start|p2a: Kingambit|fallen1|[silent]
|move|p1a: Dragapult|Flamethrower|p2a: Kingambit
|-supereffective|p2a: Kingambit
|-damage|p2a: Kingambit|19/100
|-status|p2a: Kingambit|brn
|
|-heal|p2a: Kingambit|25/100 brn|[from] item: Leftovers
|-damage|p2a: Kingambit|19/100 brn|[from] brn
|upkeep
|turn|12
|
|t:|1779713105
|switch|p1a: Cinderace|Cinderace, M, shiny|100/100
|move|p2a: Kingambit|Iron Head|p1a: Cinderace
|-resisted|p1a: Cinderace
|-damage|p1a: Cinderace|81/100
|
|-heal|p2a: Kingambit|25/100 brn|[from] item: Leftovers
|-damage|p2a: Kingambit|19/100 brn|[from] brn
|upkeep
|turn|13
|
|t:|1779713117
|move|p1a: Cinderace|U-turn|p2a: Kingambit
|-start|p1a: Cinderace|typechange|Bug|[from] ability: Libero
|-damage|p2a: Kingambit|0 fnt
|faint|p2a: Kingambit
|-end|p2a: Kingambit|fallen1|[silent]
|inactive|leifohman has 120 seconds left.
|
|t:|1779713140
|switch|p1a: Gardevoir|Gardevoir, F, shiny|100/100|[from] U-turn
|
|upkeep
|
|t:|1779713145
|switch|p2a: Kyurem|Kyurem, tera:Ice|43/100
|-ability|p1a: Gardevoir|Pressure|Trace|[from] ability: Trace|[of] p2a: Kyurem
|-ability|p1a: Gardevoir|Pressure
|-ability|p2a: Kyurem|Pressure
|turn|14
|inactive|leifohman has 120 seconds left.
|
|t:|1779713157
|move|p1a: Gardevoir|Moonblast|p2a: Kyurem
|-damage|p2a: Kyurem|0 fnt
|faint|p2a: Kyurem
|
|upkeep
|
|t:|1779713160
|switch|p2a: Cinderace|Cinderace, M|100/100
|turn|15
|inactive|leifohman has 120 seconds left.
|
|t:|1779713173
|switch|p1a: Cinderace|Cinderace, M, shiny|81/100
|move|p2a: Cinderace|Pyro Ball|p1a: Cinderace
|-resisted|p1a: Cinderace
|-damage|p1a: Cinderace|48/100
|
|upkeep
|turn|16
|inactive|leifohman has 120 seconds left.
|
|t:|1779713183
|move|p2a: Cinderace|Pyro Ball|p1a: Cinderace
|-resisted|p1a: Cinderace
|-damage|p1a: Cinderace|12/100
|move|p1a: Cinderace|U-turn|p2a: Cinderace
|-start|p1a: Cinderace|typechange|Bug|[from] ability: Libero
|-resisted|p2a: Cinderace
|-damage|p2a: Cinderace|81/100
|inactive|leifohman has 120 seconds left.
|
|t:|1779713192
|switch|p1a: Gardevoir|Gardevoir, F, shiny|100/100|[from] U-turn
|-ability|p1a: Gardevoir|Blaze|Trace|[from] ability: Trace|[of] p2a: Cinderace
|
|upkeep
|turn|17
|
|t:|1779713198
|move|p1a: Gardevoir|Psychic|p2a: Cinderace
|-damage|p2a: Cinderace|24/100
|move|p2a: Cinderace|Pyro Ball|p1a: Gardevoir
|-damage|p1a: Gardevoir|0 fnt
|faint|p1a: Gardevoir
|
|upkeep
|inactive|leifohman has 120 seconds left.
|
|t:|1779713211
|switch|p1a: Dragapult|Dragapult, F, shiny|12/100
|turn|18
|
|t:|1779713216
|switch|p2a: Zapdos|Zapdos, shiny|100/100
|move|p1a: Dragapult|Shadow Ball|p2a: Zapdos
|-damage|p2a: Zapdos|52/100
|
|upkeep
|turn|19
|
|t:|1779713222
|move|p1a: Dragapult|Shadow Ball|p2a: Zapdos
|-damage|p2a: Zapdos|5/100
|move|p2a: Zapdos|Volt Switch|p1a: Dragapult
|-resisted|p1a: Dragapult
|-damage|p1a: Dragapult|0 fnt
|faint|p1a: Dragapult
|
|t:|1779713228
|switch|p2a: Cinderace|Cinderace, M|24/100|[from] Volt Switch
|
|upkeep
|
|t:|1779713252
|switch|p1a: Donphan|Donphan, M|100/100
|turn|20
|
|t:|1779713265
|move|p2a: Cinderace|U-turn|p1a: Donphan
|-damage|p1a: Donphan|86/100
|
|t:|1779713269
|switch|p2a: Zapdos|Zapdos, shiny|5/100|[from] U-turn
|move|p1a: Donphan|Rapid Spin|p2a: Zapdos
|-damage|p2a: Zapdos|0 fnt
|-boost|p1a: Donphan|spe|1
|faint|p2a: Zapdos
|
|upkeep
|
|t:|1779713271
|switch|p2a: Great Tusk|Great Tusk|58/100
|turn|21
|inactive|leifohman has 120 seconds left.
|inactive|leifohman has 90 seconds left.
|
|t:|1779713331
|move|p2a: Great Tusk|Ice Spinner|p1a: Donphan
|-supereffective|p1a: Donphan
|-damage|p1a: Donphan|44/100
|move|p1a: Donphan|Ice Spinner|p2a: Great Tusk
|-supereffective|p2a: Great Tusk
|-damage|p2a: Great Tusk|15/100
|
|-heal|p2a: Great Tusk|21/100|[from] item: Leftovers
|upkeep
|turn|22
|
|t:|1779713341
|move|p1a: Donphan|Ice Shard|p2a: Great Tusk
|-supereffective|p2a: Great Tusk
|-damage|p2a: Great Tusk|2/100
|move|p2a: Great Tusk|Headlong Rush|p1a: Donphan
|-damage|p1a: Donphan|0 fnt
|-unboost|p2a: Great Tusk|def|1
|-unboost|p2a: Great Tusk|spd|1
|faint|p1a: Donphan
|
|-heal|p2a: Great Tusk|8/100|[from] item: Leftovers
|upkeep
|inactive|leifohman has 90 seconds left.
|
|t:|1779713356
|switch|p1a: Cinderace|Cinderace, M, shiny|12/100
|turn|23
|inactive|leifohman has 90 seconds left.
|
|t:|1779713375
|move|p1a: Cinderace|U-turn|p2a: Great Tusk
|-start|p1a: Cinderace|typechange|Bug|[from] ability: Libero
|-resisted|p2a: Great Tusk
|-damage|p2a: Great Tusk|0 fnt
|faint|p2a: Great Tusk
|-end|p2a: Great Tusk|Protosynthesis|[silent]
|
|t:|1779713379
|switch|p1a: Deoxys|Deoxys-Speed, shiny, tera:Dark|81/100 par|[from] U-turn
|-ability|p1a: Deoxys|Pressure
|
|upkeep
|
|t:|1779713381
|switch|p2a: Cinderace|Cinderace, M|24/100
|turn|24
|
|t:|1779713386
|move|p2a: Cinderace|Pyro Ball|p1a: Deoxys
|-damage|p1a: Deoxys|0 fnt
|faint|p1a: Deoxys
|
|upkeep
|
|t:|1779713390
|switch|p1a: Cinderace|Cinderace, M, shiny|12/100
|turn|25
|
|t:|1779713394
|move|p1a: Cinderace|Sucker Punch|p2a: Cinderace
|-start|p1a: Cinderace|typechange|Dark|[from] ability: Libero
|-damage|p2a: Cinderace|0 fnt
|faint|p2a: Cinderace
|
|win|leifohman
|raw|leifohman's rating: 1538 &rarr; <strong>1554</strong><br />(+16 for winning)
|raw|cat party's rating: 1466 &rarr; <strong>1450</strong><br />(-16 for losing)
|l|☆cat party
|player|p2|
|l|‽leifohman
|player|p1|
