|j|☆skyrim-alberto
|j|☆YonexMiku
|t:|1779704985
|gametype|singles
|player|p1|skyrim-alberto|norman|1496
|player|p2|YonexMiku|elesa-masters|1480
|gen|9
|tier|[Gen 9] OU
|rated|
|rule|HP Percentage Mod: HP is shown in percentages
|rule|Endless Battle Clause: Forcing endless battles is banned
|rule|Species Clause: Limit one of each Pokémon
|rule|OHKO Clause: OHKO moves are banned
|rule|Evasion Items Clause: Evasion items are banned
|rule|Evasion Moves Clause: Evasion moves are banned
|rule|Evasion Abilities Clause: Evasion abilities are banned
|rule|Sleep Moves Clause: Sleep-inducing moves are banned
|clearpoke
|poke|p1|Mimikyu, M|
|poke|p1|Ursaluna, M|
|poke|p1|Indeedee-F, F|
|poke|p1|Hatterene, F|
|poke|p1|Iron Hands|
|poke|p1|Hoopa-Unbound|
|poke|p2|Hatterene, F|
|poke|p2|Farigiraf, M|
|poke|p2|Mimikyu, F|
|poke|p2|Slither Wing|
|poke|p2|Ursaluna, M|
|poke|p2|Torkoal, F|
|teampreview
|inactive|Battle timer is ON: inactive players will automatically lose when time's up. (requested by YonexMiku)
|
|t:|1779704992
|teamsize|p1|6
|teamsize|p2|6
|start
|switch|p1a: Kung Fu Panda|Iron Hands|100/100
|switch|p2a: Slither Wing|Slither Wing|100/100
|turn|1
|
|t:|1779705009
|move|p2a: Slither Wing|U-turn|p1a: Kung Fu Panda
|-resisted|p1a: Kung Fu Panda
|-damage|p1a: Kung Fu Panda|83/100
|
|t:|1779705014
|-end|p2a: Slither Wing|Protosynthesis|[silent]
|switch|p2a: Hatterene|Hatterene, F|100/100|[from] U-turn
|move|p1a: Kung Fu Panda|Supercell Slam|p2a: Hatterene
|-damage|p2a: Hatterene|29/100
|
|upkeep
|turn|2
|
|t:|1779705025
|move|p1a: Kung Fu Panda|Heavy Slam|p2a: Hatterene
|-supereffective|p2a: Hatterene
|-damage|p2a: Hatterene|0 fnt
|faint|p2a: Hatterene
|
|upkeep
|
|t:|1779705032
|switch|p2a: Farigiraf|Farigiraf, M|100/100
|turn|3
|
|t:|1779705039
|move|p1a: Kung Fu Panda|Close Combat|p2a: Farigiraf
|-damage|p2a: Farigiraf|26/100
|-unboost|p1a: Kung Fu Panda|def|1
|-unboost|p1a: Kung Fu Panda|spd|1
|move|p2a: Farigiraf|Trick Room|p2a: Farigiraf
|-fieldstart|move: Trick Room|[of] p2a: Farigiraf
|
|upkeep
|turn|4
|
|t:|1779705054
|-end|p1a: Kung Fu Panda|Quark Drive|[silent]
|switch|p1a: Class weirdo|Mimikyu, M|100/100
|move|p2a: Farigiraf|Hyper Voice|p1a: Class weirdo
|-immune|p1a: Class weirdo
|
|upkeep
|turn|5
|
|t:|1779705065
|move|p2a: Farigiraf|Shadow Ball|p1a: Class weirdo
|-activate|p1a: Class weirdo|ability: Disguise
|-damage|p1a: Class weirdo|100/100
|detailschange|p1a: Class weirdo|Mimikyu-Busted, M
|-damage|p1a: Class weirdo|88/100|[from] pokemon: Mimikyu-Busted
|-enditem|p1a: Class weirdo|Red Card|[of] p2a: Farigiraf
|drag|p2a: Slither Wing|Slither Wing|100/100
|move|p1a: Class weirdo|Play Rough|p2a: Slither Wing
|-supereffective|p2a: Slither Wing
|-damage|p2a: Slither Wing|41/100
|
|upkeep
|turn|6
|
|t:|1779705081
|move|p2a: Slither Wing|First Impression|p1a: Class weirdo
|-resisted|p1a: Class weirdo
|-damage|p1a: Class weirdo|71/100
|move|p1a: Class weirdo|Play Rough|p2a: Slither Wing
|-supereffective|p2a: Slither Wing
|-damage|p2a: Slither Wing|0 fnt
|faint|p2a: Slither Wing
|-end|p2a: Slither Wing|Protosynthesis|[silent]
|
|upkeep
|
|t:|1779705087
|switch|p2a: Torkoal|Torkoal, F|100/100
|-weather|SunnyDay|[from] ability: Drought|[of] p2a: Torkoal
|turn|7
|
|t:|1779705099
|move|p2a: Torkoal|Eruption|p1a: Class weirdo
|-damage|p1a: Class weirdo|0 fnt
|faint|p1a: Class weirdo
|
|-weather|SunnyDay|[upkeep]
|-fieldend|move: Trick Room
|upkeep
|
|t:|1779705122
|switch|p1a: I hit soft|Ursaluna, M|100/100
|turn|8
|
|t:|1779705133
|move|p1a: I hit soft|Headlong Rush|p2a: Torkoal
|-supereffective|p2a: Torkoal
|-damage|p2a: Torkoal|0 fnt
|-unboost|p1a: I hit soft|def|1
|-unboost|p1a: I hit soft|spd|1
|faint|p2a: Torkoal
|
|-weather|SunnyDay|[upkeep]
|-status|p1a: I hit soft|brn|[from] item: Flame Orb
|upkeep
|
|t:|1779705136
|switch|p2a: Ursaluna|Ursaluna, M|100/100
|turn|9
|
|t:|1779705146
|-terastallize|p1a: I hit soft|Normal
|move|p1a: I hit soft|Facade|p2a: Ursaluna
|-damage|p2a: Ursaluna|0 fnt
|faint|p2a: Ursaluna
|
|-weather|SunnyDay|[upkeep]
|-damage|p1a: I hit soft|94/100 brn|[from] brn
|upkeep
|-message|YonexMiku forfeited.
|
|win|skyrim-alberto
|raw|skyrim-alberto's rating: 1496 &rarr; <strong>1515</strong><br />(+19 for winning)
|raw|YonexMiku's rating: 1480 &rarr; <strong>1461</strong><br />(-19 for losing)
|l|☆YonexMiku
|player|p2|
