|j|☆elmonelio
|j|☆Nez_Otanura
|t:|1779715057
|gametype|singles
|player|p1|elmonelio|ethan|1158
|player|p2|Nez_Otanura|169|1236
|gen|9
|tier|[Gen 9] OU
|rated|
|rule|HP Percentage Mod: HP is shown in percentages
|rule|Endless Battle Clause: Forcing endless battles is banned
|rule|Species Clause: Limit one of each Pokémon
|rule|OHKO Clause: OHKO moves are banned
|rule|Evasion Items Clause: Evasion items are banned
|rule|Evasion Moves Clause: Evasion moves are banned
|rule|Evasion Abilities Clause: Evasion abilities are banned
|rule|Sleep Moves Clause: Sleep-inducing moves are banned
|clearpoke
|poke|p1|Zapdos|
|poke|p1|Tauros-Paldea-Aqua, M|
|poke|p1|Skeledirge, M|
|poke|p1|Kingambit, M|
|poke|p1|Mamoswine, M|
|poke|p1|Maushold-Four|
|poke|p2|Kingambit, M|
|poke|p2|Raging Bolt|
|poke|p2|Gholdengo|
|poke|p2|Great Tusk|
|poke|p2|Ogerpon-Wellspring, F|
|poke|p2|Skarmory, M|
|teampreview
|
|t:|1779715068
|teamsize|p1|6
|teamsize|p2|6
|start
|switch|p1a: Mamoswine|Mamoswine, M|100/100
|switch|p2a: Ogerpon|Ogerpon-Wellspring, F|100/100
|turn|1
|
|t:|1779715078
|switch|p1a: Tauros|Tauros-Paldea-Aqua, M|100/100
|-ability|p1a: Tauros|Intimidate|boost
|-unboost|p2a: Ogerpon|atk|1
|move|p2a: Ogerpon|Ivy Cudgel|p1a: Tauros|[anim] Ivy Cudgel Water
|-resisted|p1a: Tauros
|-damage|p1a: Tauros|77/100
|
|upkeep
|turn|2
|
|t:|1779715086
|move|p2a: Ogerpon|Horn Leech|p1a: Tauros
|-supereffective|p1a: Tauros
|-damage|p1a: Tauros|12/100
|-damage|p2a: Ogerpon|84/100|[from] item: Rocky Helmet|[of] p1a: Tauros
|move|p1a: Tauros|Close Combat|p2a: Ogerpon
|-damage|p2a: Ogerpon|7/100
|-unboost|p1a: Tauros|def|1
|-unboost|p1a: Tauros|spd|1
|
|upkeep
|turn|3
|
|t:|1779715096
|move|p1a: Tauros|Aqua Jet|p2a: Ogerpon
|-heal|p2a: Ogerpon|32/100|[from] ability: Water Absorb|[of] p1a: Tauros
|move|p2a: Ogerpon|Horn Leech|p1a: Tauros
|-supereffective|p1a: Tauros
|-damage|p1a: Tauros|0 fnt
|-heal|p2a: Ogerpon|38/100|[from] drain|[of] p1a: Tauros
|-damage|p2a: Ogerpon|21/100|[from] item: Rocky Helmet|[of] p1a: Tauros
|faint|p1a: Tauros
|
|upkeep
|
|t:|1779715110
|switch|p1a: Zapdos|Zapdos|100/100
|turn|4
|
|t:|1779715114
|switch|p2a: Raging Bolt|Raging Bolt|100/100
|-enditem|p2a: Raging Bolt|Booster Energy
|-activate|p2a: Raging Bolt|ability: Protosynthesis|[fromitem]
|-start|p2a: Raging Bolt|protosynthesisspa
|move|p1a: Zapdos|Discharge|p2a: Raging Bolt
|-resisted|p2a: Raging Bolt
|-crit|p2a: Raging Bolt
|-damage|p2a: Raging Bolt|89/100
|
|upkeep
|turn|5
|
|t:|1779715128
|move|p1a: Zapdos|Tailwind|p1a: Zapdos
|-sidestart|p1: elmonelio|move: Tailwind
|move|p2a: Raging Bolt|Dragon Pulse|p1a: Zapdos
|-damage|p1a: Zapdos|53/100
|
|upkeep
|turn|6
|
|t:|1779715143
|switch|p1a: Mamoswine|Mamoswine, M|100/100
|move|p2a: Raging Bolt|Dragon Pulse|p1a: Mamoswine
|-damage|p1a: Mamoswine|23/100
|
|upkeep
|turn|7
|
|t:|1779715153
|-end|p2a: Raging Bolt|Protosynthesis|[silent]
|switch|p2a: Skarmory|Skarmory, M|100/100
|move|p1a: Mamoswine|Icicle Spear|p2a: Skarmory
|-damage|p2a: Skarmory|90/100
|-damage|p2a: Skarmory|79/100
|-damage|p2a: Skarmory|69/100
|-damage|p2a: Skarmory|58/100
|-damage|p2a: Skarmory|46/100
|-hitcount|p2a: Skarmory|5
|
|-heal|p2a: Skarmory|52/100|[from] item: Leftovers
|upkeep
|turn|8
|
|t:|1779715166
|move|p1a: Mamoswine|Icicle Spear|p2a: Skarmory
|-damage|p2a: Skarmory|42/100
|-crit|p2a: Skarmory
|-damage|p2a: Skarmory|25/100
|-crit|p2a: Skarmory
|-damage|p2a: Skarmory|9/100
|-damage|p2a: Skarmory|0 fnt
|faint|p2a: Skarmory
|-hitcount|p2: Skarmory|4
|
|-sideend|p1: elmonelio|move: Tailwind
|upkeep
|
|t:|1779715173
|switch|p2a: Kingambit|Kingambit, M|100/100
|-activate|p2a: Kingambit|ability: Supreme Overlord
|-start|p2a: Kingambit|fallen1|[silent]
|turn|9
|
|t:|1779715180
|move|p1a: Mamoswine|Stealth Rock|p2a: Kingambit
|-sidestart|p2: Nez_Otanura|move: Stealth Rock
|move|p2a: Kingambit|Iron Head|p1a: Mamoswine
|-supereffective|p1a: Mamoswine
|-damage|p1a: Mamoswine|0 fnt
|faint|p1a: Mamoswine
|
|upkeep
|
|t:|1779715188
|switch|p1a: Skeledirge|Skeledirge, M|100/100
|turn|10
|
|t:|1779715191
|-terastallize|p2a: Kingambit|Flying
|move|p1a: Skeledirge|Torch Song|p2a: Kingambit
|-damage|p2a: Kingambit|66/100
|-boost|p1a: Skeledirge|spa|1
|move|p2a: Kingambit|Kowtow Cleave|p1a: Skeledirge
|-supereffective|p1a: Skeledirge
|-damage|p1a: Skeledirge|22/100
|
|-heal|p1a: Skeledirge|28/100|[from] item: Leftovers
|-heal|p2a: Kingambit|72/100|[from] item: Leftovers
|upkeep
|turn|11
|
|t:|1779715205
|move|p2a: Kingambit|Sucker Punch||[still]
|-fail|p2a: Kingambit
|move|p1a: Skeledirge|Will-O-Wisp|p2a: Kingambit
|-status|p2a: Kingambit|brn
|
|-heal|p1a: Skeledirge|34/100|[from] item: Leftovers
|-heal|p2a: Kingambit|78/100 brn|[from] item: Leftovers
|-damage|p2a: Kingambit|72/100 brn|[from] brn
|upkeep
|turn|12
|
|t:|1779715215
|switch|p1a: Zapdos|Zapdos|53/100
|move|p2a: Kingambit|Sucker Punch||[still]
|-fail|p2a: Kingambit
|
|-heal|p2a: Kingambit|78/100 brn|[from] item: Leftovers
|-damage|p2a: Kingambit|72/100 brn|[from] brn
|upkeep
|turn|13
|
|t:|1779715224
|-end|p2a: Kingambit|fallen1|[silent]
|switch|p2a: Raging Bolt|Raging Bolt|89/100
|-damage|p2a: Raging Bolt|76/100|[from] Stealth Rock
|move|p1a: Zapdos|Discharge|p2a: Raging Bolt
|-resisted|p2a: Raging Bolt
|-damage|p2a: Raging Bolt|69/100
|
|upkeep
|turn|14
|
|t:|1779715240
|switch|p1a: Skeledirge|Skeledirge, M|34/100
|move|p2a: Raging Bolt|Dragon Pulse|p1a: Skeledirge
|-damage|p1a: Skeledirge|0 fnt
|faint|p1a: Skeledirge
|
|upkeep
|
|t:|1779715249
|switch|p1a: Zapdos|Zapdos|53/100
|turn|15
|
|t:|1779715253
|move|p1a: Zapdos|Roost|p1a: Zapdos
|-heal|p1a: Zapdos|100/100
|-singleturn|p1a: Zapdos|move: Roost
|move|p2a: Raging Bolt|Dragon Pulse|p1a: Zapdos
|-damage|p1a: Zapdos|65/100
|
|upkeep
|turn|16
|
|t:|1779715261
|move|p1a: Zapdos|Tailwind|p1a: Zapdos
|-sidestart|p1: elmonelio|move: Tailwind
|move|p2a: Raging Bolt|Dragon Pulse|p1a: Zapdos
|-damage|p1a: Zapdos|26/100
|
|upkeep
|turn|17
|
|t:|1779715268
|move|p1a: Zapdos|Roost|p1a: Zapdos
|-heal|p1a: Zapdos|76/100
|-singleturn|p1a: Zapdos|move: Roost
|move|p2a: Raging Bolt|Dragon Pulse|p1a: Zapdos
|-damage|p1a: Zapdos|38/100
|
|upkeep
|turn|18
|
|t:|1779715276
|switch|p1a: Maushold|Maushold-Four|100/100
|move|p2a: Raging Bolt|Calm Mind|p2a: Raging Bolt
|-boost|p2a: Raging Bolt|spa|1
|-boost|p2a: Raging Bolt|spd|1
|
|upkeep
|turn|19
|
|t:|1779715283
|move|p1a: Maushold|Population Bomb|p2a: Raging Bolt
|-damage|p2a: Raging Bolt|60/100
|-damage|p2a: Raging Bolt|51/100
|-damage|p2a: Raging Bolt|42/100
|-damage|p2a: Raging Bolt|33/100
|-damage|p2a: Raging Bolt|24/100
|-damage|p2a: Raging Bolt|16/100
|-damage|p2a: Raging Bolt|7/100
|-crit|p2a: Raging Bolt
|-damage|p2a: Raging Bolt|0 fnt
|faint|p2a: Raging Bolt
|-end|p2a: Raging Bolt|Protosynthesis|[silent]
|-hitcount|p2: Raging Bolt|8
|
|-sideend|p1: elmonelio|move: Tailwind
|upkeep
|
|t:|1779715287
|switch|p2a: Gholdengo|Gholdengo|100/100
|-damage|p2a: Gholdengo|94/100|[from] Stealth Rock
|turn|20
|
|t:|1779715303
|move|p1a: Maushold|Bite|p2a: Gholdengo
|-supereffective|p2a: Gholdengo
|-damage|p2a: Gholdengo|48/100
|cant|p2a: Gholdengo|flinch
|
|upkeep
|turn|21
|
|t:|1779715317
|move|p1a: Maushold|Bite|p2a: Gholdengo
|-supereffective|p2a: Gholdengo
|-damage|p2a: Gholdengo|2/100
|move|p2a: Gholdengo|Make It Rain|p1a: Maushold
|-damage|p1a: Maushold|0 fnt
|-unboost|p2a: Gholdengo|spa|1
|faint|p1a: Maushold
|
|upkeep
|inactive|Battle timer is ON: inactive players will automatically lose when time's up. (requested by Nez_Otanura)
|
|t:|1779715328
|switch|p1a: Zapdos|Zapdos|38/100
|turn|22
|
|t:|1779715332
|move|p2a: Gholdengo|Make It Rain|p1a: Zapdos
|-resisted|p1a: Zapdos
|-damage|p1a: Zapdos|20/100
|-unboost|p2a: Gholdengo|spa|1
|-enditem|p1a: Zapdos|Aguav Berry|[eat]
|-heal|p1a: Zapdos|53/100|[from] item: Aguav Berry
|move|p1a: Zapdos|Discharge|p2a: Gholdengo
|-damage|p2a: Gholdengo|0 fnt
|faint|p2a: Gholdengo
|
|upkeep
|
|t:|1779715344
|switch|p2a: Kingambit|Kingambit, M, tera:Flying|72/100 brn
|-damage|p2a: Kingambit|47/100 brn|[from] Stealth Rock
|-activate|p2a: Kingambit|ability: Supreme Overlord
|-start|p2a: Kingambit|fallen3|[silent]
|turn|23
|
|t:|1779715351
|move|p2a: Kingambit|Sucker Punch||[still]
|-fail|p2a: Kingambit
|move|p1a: Zapdos|Tailwind|p1a: Zapdos
|-sidestart|p1: elmonelio|move: Tailwind
|
|-heal|p2a: Kingambit|53/100 brn|[from] item: Leftovers
|-damage|p2a: Kingambit|47/100 brn|[from] brn
|upkeep
|turn|24
|
|t:|1779715360
|move|p2a: Kingambit|Sucker Punch||[still]
|-fail|p2a: Kingambit
|move|p1a: Zapdos|Roost|p1a: Zapdos
|-heal|p1a: Zapdos|100/100
|-singleturn|p1a: Zapdos|move: Roost
|
|-heal|p2a: Kingambit|53/100 brn|[from] item: Leftovers
|-damage|p2a: Kingambit|47/100 brn|[from] brn
|upkeep
|turn|25
|
|t:|1779715371
|-end|p2a: Kingambit|fallen3|[silent]
|switch|p2a: Great Tusk|Great Tusk|100/100
|-damage|p2a: Great Tusk|98/100|[from] Stealth Rock
|move|p1a: Zapdos|Discharge|p2a: Great Tusk
|-immune|p2a: Great Tusk
|
|-heal|p2a: Great Tusk|100/100|[from] item: Leftovers
|upkeep
|turn|26
|
|t:|1779715383
|move|p1a: Zapdos|Tailwind||[still]
|-fail|p1a: Zapdos
|move|p2a: Great Tusk|Rapid Spin|p1a: Zapdos
|-damage|p1a: Zapdos|82/100
|-boost|p2a: Great Tusk|spe|1
|-sideend|p2: Nez_Otanura|Stealth Rock|[from] move: Rapid Spin|[of] p2a: Great Tusk
|
|-sideend|p1: elmonelio|move: Tailwind
|upkeep
|turn|27
|
|t:|1779715393
|move|p2a: Great Tusk|Ice Spinner|p1a: Zapdos
|-supereffective|p1a: Zapdos
|-damage|p1a: Zapdos|26/100
|move|p1a: Zapdos|Tailwind|p1a: Zapdos
|-sidestart|p1: elmonelio|move: Tailwind
|
|upkeep
|turn|28
|
|t:|1779715399
|move|p1a: Zapdos|Tailwind||[still]
|-fail|p1a: Zapdos
|move|p2a: Great Tusk|Ice Spinner|p1a: Zapdos
|-supereffective|p1a: Zapdos
|-damage|p1a: Zapdos|0 fnt
|faint|p1a: Zapdos
|
|upkeep
|
|t:|1779715407
|switch|p1a: Kingambit|Kingambit, M|100/100
|-activate|p1a: Kingambit|ability: Supreme Overlord
|-start|p1a: Kingambit|fallen5|[silent]
|turn|29
|
|t:|1779715417
|-terastallize|p1a: Kingambit|Flying
|move|p2a: Great Tusk|Earthquake|p1a: Kingambit
|-immune|p1a: Kingambit
|move|p1a: Kingambit|Kowtow Cleave|p2a: Great Tusk
|-resisted|p2a: Great Tusk
|-damage|p2a: Great Tusk|66/100
|
|-heal|p2a: Great Tusk|72/100|[from] item: Leftovers
|upkeep
|turn|30
|
|t:|1779715429
|move|p2a: Great Tusk|Ice Spinner|p1a: Kingambit
|-supereffective|p1a: Kingambit
|-damage|p1a: Kingambit|57/100
|move|p1a: Kingambit|Swords Dance|p1a: Kingambit
|-boost|p1a: Kingambit|atk|2
|
|-heal|p2a: Great Tusk|79/100|[from] item: Leftovers
|-sideend|p1: elmonelio|move: Tailwind
|upkeep
|turn|31
|
|t:|1779715440
|move|p2a: Great Tusk|Ice Spinner|p1a: Kingambit
|-supereffective|p1a: Kingambit
|-damage|p1a: Kingambit|16/100
|move|p1a: Kingambit|Kowtow Cleave|p2a: Great Tusk
|-resisted|p2a: Great Tusk
|-damage|p2a: Great Tusk|15/100
|
|-heal|p2a: Great Tusk|21/100|[from] item: Leftovers
|upkeep
|turn|32
|
|t:|1779715450
|move|p1a: Kingambit|Sucker Punch|p2a: Great Tusk
|-resisted|p2a: Great Tusk
|-crit|p2a: Great Tusk
|-damage|p2a: Great Tusk|0 fnt
|faint|p2a: Great Tusk
|-end|p2a: Great Tusk|Protosynthesis|[silent]
|
|upkeep
|
|t:|1779715454
|switch|p2a: Ogerpon|Ogerpon-Wellspring, F|21/100
|turn|33
|
|t:|1779715458
|move|p1a: Kingambit|Sucker Punch|p2a: Ogerpon
|-crit|p2a: Ogerpon
|-damage|p2a: Ogerpon|0 fnt
|faint|p2a: Ogerpon
|
|upkeep
|
|t:|1779715461
|switch|p2a: Kingambit|Kingambit, M, tera:Flying|47/100 brn
|-activate|p2a: Kingambit|ability: Supreme Overlord
|-start|p2a: Kingambit|fallen5|[silent]
|turn|34
|
|t:|1779715467
|move|p1a: Kingambit|Sucker Punch|p2a: Kingambit
|-damage|p2a: Kingambit|0 fnt
|faint|p2a: Kingambit
|-end|p2a: Kingambit|fallen5|[silent]
|
|win|elmonelio
|raw|elmonelio's rating: 1158 &rarr; <strong>1189</strong><br />(+31 for winning)
|raw|Nez_Otanura's rating: 1236 &rarr; <strong>1205</strong><br />(-31 for losing)
|l|☆Nez_Otanura
|player|p2|
|l|☆elmonelio
|player|p1|
