|j|☆my shitters
|j|☆ImmaSunU
|t:|1779641664
|gametype|singles
|player|p1|my shitters|dancer-gen7|1477
|player|p2|ImmaSunU|lance|1458
|gen|9
|tier|[Gen 9] OU
|rated|
|rule|HP Percentage Mod: HP is shown in percentages
|rule|Endless Battle Clause: Forcing endless battles is banned
|rule|Species Clause: Limit one of each Pokémon
|rule|OHKO Clause: OHKO moves are banned
|rule|Evasion Items Clause: Evasion items are banned
|rule|Evasion Moves Clause: Evasion moves are banned
|rule|Evasion Abilities Clause: Evasion abilities are banned
|rule|Sleep Moves Clause: Sleep-inducing moves are banned
|clearpoke
|poke|p1|Sableye, F|
|poke|p1|Alcremie-Ruby-Swirl, F|
|poke|p1|Squawkabilly-Blue, F|
|poke|p1|Primeape, F|
|poke|p1|Brute Bonnet|
|poke|p1|Ursaring, M|
|poke|p2|Torkoal, M|
|poke|p2|Walking Wake|
|poke|p2|Scizor, F|
|poke|p2|Great Tusk|
|poke|p2|Hatterene, F|
|poke|p2|Venusaur, F|
|teampreview
|inactive|Battle timer is ON: inactive players will automatically lose when time's up. (requested by my shitters)
|c|☆ImmaSunU|oh yeah'
|c|☆ImmaSunU|im bad
|c|☆my shitters|?
|c|☆my shitters|wdym
|
|t:|1779641686
|teamsize|p1|6
|teamsize|p2|6
|start
|switch|p1a: GemPostin|Sableye, F|100/100
|switch|p2a: Scizor|Scizor, F|100/100
|turn|1
|c|☆ImmaSunU|to be this low ladder lmao
|
|t:|1779641692
|move|p1a: GemPostin|Reflect|p1a: GemPostin
|-sidestart|p1: my shitters|Reflect
|move|p2a: Scizor|U-turn|p1a: GemPostin
|-damage|p1a: GemPostin|72/100
|c|☆my shitters|im 1477 lol
|c|☆ImmaSunU|thats low
|
|t:|1779641703
|switch|p2a: Hatterene|Hatterene, F|100/100|[from] U-turn
|
|upkeep
|turn|2
|c|☆my shitters|yet ur lower :sob:
|
|t:|1779641713
|switch|p1a: OnePunchBear|Ursaring, M|100/100
|move|p2a: Hatterene|Nuzzle|p1a: OnePunchBear
|-damage|p1a: OnePunchBear|98/100
|-status|p1a: OnePunchBear|par
|
|upkeep
|turn|3
|c|☆ImmaSunU|that why i am saying im bad rn lmao
|
|t:|1779641732
|move|p1a: OnePunchBear|Swords Dance|p1a: OnePunchBear
|-boost|p1a: OnePunchBear|atk|2
|move|p2a: Hatterene|Draining Kiss|p1a: OnePunchBear
|-damage|p1a: OnePunchBear|65/100 par
|
|upkeep
|turn|4
|c|☆my shitters|just say you dont fuck with the zu only team smh
|inactive|ImmaSunU has 120 seconds left.
|c|☆ImmaSunU|no im bad that im matching up with meme teams
|
|t:|1779641766
|switch|p2a: Scizor|Scizor, F|100/100
|cant|p1a: OnePunchBear|par
|
|upkeep
|turn|5
|inactive|ImmaSunU has 120 seconds left.
|c|☆my shitters|ffs
|
|t:|1779641777
|switch|p1a: GemPostin|Sableye, F|72/100
|move|p2a: Scizor|Close Combat|p1a: GemPostin
|-immune|p1a: GemPostin
|
|upkeep
|turn|6
|
|t:|1779641786
|switch|p2a: Hatterene|Hatterene, F|100/100
|switch|p1a: OnePunchBear|Ursaring, M|65/100 par
|
|upkeep
|turn|7
|
|t:|1779641795
|move|p1a: OnePunchBear|Facade|p2a: Hatterene
|-damage|p2a: Hatterene|0 fnt
|faint|p2a: Hatterene
|
|upkeep
|
|t:|1779641800
|switch|p2a: Scizor|Scizor, F|100/100
|turn|8
|
|t:|1779641807
|move|p2a: Scizor|U-turn|p1a: OnePunchBear
|-damage|p1a: OnePunchBear|27/100 par
|
|t:|1779641811
|switch|p2a: Torkoal|Torkoal, M|100/100|[from] U-turn
|-weather|SunnyDay|[from] ability: Drought|[of] p2a: Torkoal
|move|p1a: OnePunchBear|Facade|p2a: Torkoal
|-damage|p2a: Torkoal|35/100
|
|-weather|SunnyDay|[upkeep]
|-sideend|p1: my shitters|Reflect
|upkeep
|turn|9
|
|t:|1779641820
|-terastallize|p2a: Torkoal|Ghost
|move|p1a: OnePunchBear|Facade|p2a: Torkoal
|-immune|p2a: Torkoal
|move|p2a: Torkoal|Stealth Rock|p1a: OnePunchBear
|-sidestart|p1: my shitters|move: Stealth Rock
|
|-weather|SunnyDay|[upkeep]
|upkeep
|turn|10
|
|t:|1779641828
|cant|p1a: OnePunchBear|par
|move|p2a: Torkoal|Lava Plume|p1a: OnePunchBear
|-damage|p1a: OnePunchBear|0 fnt
|faint|p1a: OnePunchBear
|
|-weather|SunnyDay|[upkeep]
|upkeep
|
|t:|1779641836
|switch|p1a: UngaBoonguss|Brute Bonnet|100/100
|-damage|p1a: UngaBoonguss|88/100|[from] Stealth Rock
|-activate|p1a: UngaBoonguss|ability: Protosynthesis
|-start|p1a: UngaBoonguss|protosynthesisatk
|turn|11
|
|t:|1779641844
|switch|p2a: Scizor|Scizor, F|100/100
|move|p1a: UngaBoonguss|Crunch|p2a: Scizor
|-damage|p2a: Scizor|41/100
|-unboost|p2a: Scizor|def|1
|
|-weather|SunnyDay|[upkeep]
|upkeep
|turn|12
|
|t:|1779641854
|move|p1a: UngaBoonguss|Sucker Punch|p2a: Scizor
|-damage|p2a: Scizor|0 fnt
|faint|p2a: Scizor
|
|-weather|SunnyDay|[upkeep]
|upkeep
|
|t:|1779641859
|switch|p2a: Venusaur|Venusaur, F|100/100
|turn|13
|
|t:|1779641866
|move|p2a: Venusaur|Weather Ball|p1a: UngaBoonguss
|-supereffective|p1a: UngaBoonguss
|-damage|p1a: UngaBoonguss|0 fnt
|faint|p1a: UngaBoonguss
|-end|p1a: UngaBoonguss|Protosynthesis|[silent]
|-damage|p2a: Venusaur|91/100|[from] item: Life Orb
|
|-weather|SunnyDay|[upkeep]
|upkeep
|
|t:|1779641877
|switch|p1a: GemPostin|Sableye, F|72/100
|-damage|p1a: GemPostin|60/100|[from] Stealth Rock
|turn|14
|
|t:|1779641882
|move|p1a: GemPostin|Light Screen|p1a: GemPostin
|-sidestart|p1: my shitters|move: Light Screen
|move|p2a: Venusaur|Weather Ball|p1a: GemPostin
|-damage|p1a: GemPostin|10/100
|-damage|p2a: Venusaur|81/100|[from] item: Life Orb
|
|-weather|SunnyDay|[upkeep]
|upkeep
|turn|15
|
|t:|1779641889
|move|p1a: GemPostin|Taunt|p2a: Venusaur
|-start|p2a: Venusaur|move: Taunt
|cant|p2a: Venusaur|move: Taunt|Growth
|
|-weather|none
|upkeep
|turn|16
|
|t:|1779641895
|move|p1a: GemPostin|Reflect|p1a: GemPostin
|-sidestart|p1: my shitters|Reflect
|move|p2a: Venusaur|Giga Drain|p1a: GemPostin
|-damage|p1a: GemPostin|0 fnt
|-heal|p2a: Venusaur|86/100|[from] drain|[of] p1a: GemPostin
|faint|p1a: GemPostin
|-damage|p2a: Venusaur|76/100|[from] item: Life Orb
|
|upkeep
|
|t:|1779641901
|switch|p1a: PonnieColeman|Primeape, F|100/100
|-damage|p1a: PonnieColeman|95/100|[from] Stealth Rock
|turn|17
|
|t:|1779641907
|switch|p2a: Torkoal|Torkoal, M, tera:Ghost|35/100
|-weather|SunnyDay|[from] ability: Drought|[of] p2a: Torkoal
|move|p1a: PonnieColeman|Bulk Up|p1a: PonnieColeman
|-boost|p1a: PonnieColeman|atk|1
|-boost|p1a: PonnieColeman|def|1
|
|-weather|SunnyDay|[upkeep]
|upkeep
|turn|18
|
|t:|1779641918
|move|p1a: PonnieColeman|Rage Fist|p2a: Torkoal
|-supereffective|p2a: Torkoal
|-damage|p2a: Torkoal|14/100
|move|p2a: Torkoal|Lava Plume|p1a: PonnieColeman
|-damage|p1a: PonnieColeman|79/100
|
|-weather|SunnyDay|[upkeep]
|upkeep
|turn|19
|
|t:|1779641930
|switch|p2a: Great Tusk|Great Tusk|100/100
|-activate|p2a: Great Tusk|ability: Protosynthesis
|-start|p2a: Great Tusk|protosynthesisatk
|move|p1a: PonnieColeman|Rage Fist|p2a: Great Tusk
|-damage|p2a: Great Tusk|75/100
|
|-weather|SunnyDay|[upkeep]
|upkeep
|turn|20
|
|t:|1779641942
|move|p2a: Great Tusk|Headlong Rush|p1a: PonnieColeman
|-damage|p1a: PonnieColeman|53/100
|-unboost|p2a: Great Tusk|def|1
|-unboost|p2a: Great Tusk|spd|1
|move|p1a: PonnieColeman|Bulk Up|p1a: PonnieColeman
|-boost|p1a: PonnieColeman|atk|1
|-boost|p1a: PonnieColeman|def|1
|
|-weather|SunnyDay|[upkeep]
|upkeep
|turn|21
|
|t:|1779641951
|move|p2a: Great Tusk|Headlong Rush|p1a: PonnieColeman
|-damage|p1a: PonnieColeman|31/100
|-unboost|p2a: Great Tusk|def|1
|-unboost|p2a: Great Tusk|spd|1
|move|p1a: PonnieColeman|Drain Punch|p2a: Great Tusk
|-damage|p2a: Great Tusk|0 fnt
|-heal|p1a: PonnieColeman|73/100|[from] drain|[of] p2a: Great Tusk
|faint|p2a: Great Tusk
|-end|p2a: Great Tusk|Protosynthesis|[silent]
|
|-weather|SunnyDay|[upkeep]
|-sideend|p1: my shitters|move: Light Screen
|upkeep
|
|t:|1779641962
|switch|p2a: Walking Wake|Walking Wake|100/100
|-activate|p2a: Walking Wake|ability: Protosynthesis
|-start|p2a: Walking Wake|protosynthesisspe
|turn|22
|
|t:|1779641967
|move|p2a: Walking Wake|Hydro Steam|p1a: PonnieColeman
|-damage|p1a: PonnieColeman|0 fnt
|faint|p1a: PonnieColeman
|
|-weather|SunnyDay|[upkeep]
|upkeep
|
|t:|1779641971
|switch|p1a: RobotAlcremicDrive|Alcremie-Ruby-Swirl, F|100/100
|-damage|p1a: RobotAlcremicDrive|88/100|[from] Stealth Rock
|turn|23
|-message|my shitters forfeited.
|
|win|ImmaSunU
|raw|my shitters's rating: 1477 &rarr; <strong>1456</strong><br />(-21 for losing)
|raw|ImmaSunU's rating: 1458 &rarr; <strong>1479</strong><br />(+21 for winning)
|l|☆my shitters
|player|p1|
|l|☆ImmaSunU
|player|p2|
