|j|☆ChudleyDw1irks67
|j|☆DoctorHaus69
|t:|1779715055
|gametype|singles
|player|p1|ChudleyDw1irks67|pokefan-gen4|1044
|player|p2|DoctorHaus69|265|1073
|gen|9
|tier|[Gen 9] OU
|rated|
|rule|HP Percentage Mod: HP is shown in percentages
|rule|Endless Battle Clause: Forcing endless battles is banned
|rule|Species Clause: Limit one of each Pokémon
|rule|OHKO Clause: OHKO moves are banned
|rule|Evasion Items Clause: Evasion items are banned
|rule|Evasion Moves Clause: Evasion moves are banned
|rule|Evasion Abilities Clause: Evasion abilities are banned
|rule|Sleep Moves Clause: Sleep-inducing moves are banned
|clearpoke
|poke|p1|Exeggutor-Alola, F|
|poke|p1|Slowking-Galar, F|
|poke|p1|Torkoal, M|
|poke|p1|Ursaluna, F|
|poke|p1|Hatterene, F|
|poke|p1|Great Tusk|
|poke|p2|Jolteon, M|
|poke|p2|Vaporeon, M|
|poke|p2|Umbreon, M|
|poke|p2|Espeon, M|
|poke|p2|Leafeon, M|
|poke|p2|Sylveon, M|
|teampreview
|c|☆ChudleyDw1irks67|k
|
|t:|1779715083
|teamsize|p1|6
|teamsize|p2|6
|start
|switch|p1a: Ursaluna|Ursaluna, F|100/100
|switch|p2a: Espeon|Espeon, M|100/100
|turn|1
|
|t:|1779715110
|move|p2a: Espeon|Psychic|p1a: Ursaluna
|-damage|p1a: Ursaluna|50/100
|-unboost|p1a: Ursaluna|spd|1
|-damage|p2a: Espeon|91/100|[from] item: Life Orb
|move|p1a: Ursaluna|Facade|p2a: Espeon
|-damage|p2a: Espeon|13/100
|
|-status|p1a: Ursaluna|brn|[from] item: Flame Orb
|upkeep
|turn|2
|
|t:|1779715124
|switch|p1a: Hatterene|Hatterene, F|100/100
|move|p2a: Espeon|Psychic|p1a: Hatterene
|-resisted|p1a: Hatterene
|-damage|p1a: Hatterene|76/100
|-damage|p2a: Espeon|3/100|[from] item: Life Orb
|
|-heal|p1a: Hatterene|82/100|[from] item: Leftovers
|upkeep
|turn|3
|n|!ChudleyDw1irks67|chudleydw1irks67
|
|t:|1779715137
|switch|p2a: Sylveon|Sylveon, M|100/100
|move|p1a: Hatterene|Trick Room|p1a: Hatterene
|-fieldstart|move: Trick Room|[of] p1a: Hatterene
|
|-heal|p1a: Hatterene|88/100|[from] item: Leftovers
|upkeep
|turn|4
|
|t:|1779715157
|move|p1a: Hatterene|Healing Wish|p1a: Hatterene
|faint|p1a: Hatterene
|move|p2a: Sylveon|Calm Mind|p2a: Sylveon
|-boost|p2a: Sylveon|spa|1
|-boost|p2a: Sylveon|spd|1
|
|upkeep
|
|t:|1779715161
|switch|p1a: Ursaluna|Ursaluna, F|50/100 brn
|-heal|p1a: Ursaluna|100/100|[from] move: Healing Wish
|turn|5
|
|t:|1779715174
|move|p1a: Ursaluna|Headlong Rush|p2a: Sylveon
|-damage|p2a: Sylveon|5/100
|-unboost|p1a: Ursaluna|def|1
|-unboost|p1a: Ursaluna|spd|1
|move|p2a: Sylveon|Hyper Voice|p1a: Ursaluna
|-damage|p1a: Ursaluna|0 fnt
|faint|p1a: Ursaluna
|
|-heal|p2a: Sylveon|11/100|[from] item: Leftovers
|upkeep
|
|t:|1779715185
|switch|p1a: Great Tusk|Great Tusk|100/100
|turn|6
|
|t:|1779715197
|switch|p2a: Vaporeon|Vaporeon, M|100/100
|move|p1a: Great Tusk|Knock Off|p2a: Vaporeon
|-damage|p2a: Vaporeon|58/100
|-enditem|p2a: Vaporeon|Leftovers|[from] move: Knock Off|[of] p1a: Great Tusk
|
|upkeep
|turn|7
|-message|ChudleyDw1irks67 forfeited.
|
|win|DoctorHaus69
