|j|☆regi set sweep
|j|☆Vieux Paresseux
|t:|1779644467
|gametype|singles
|player|p1|regi set sweep|169|1390
|player|p2|Vieux Paresseux|collector|1361
|gen|9
|tier|[Gen 9] OU
|rated|
|rule|HP Percentage Mod: HP is shown in percentages
|rule|Endless Battle Clause: Forcing endless battles is banned
|rule|Species Clause: Limit one of each Pokémon
|rule|OHKO Clause: OHKO moves are banned
|rule|Evasion Items Clause: Evasion items are banned
|rule|Evasion Moves Clause: Evasion moves are banned
|rule|Evasion Abilities Clause: Evasion abilities are banned
|rule|Sleep Moves Clause: Sleep-inducing moves are banned
|clearpoke
|poke|p1|Iron Moth|
|poke|p1|Excadrill, F|
|poke|p1|Ogerpon, F|
|poke|p1|Rotom-Wash|
|poke|p1|Weezing-Galar, F|
|poke|p1|Tyranitar, F|
|poke|p2|Dragonite, M|
|poke|p2|Snorlax, M|
|poke|p2|Lapras, M|
|poke|p2|Moltres|
|poke|p2|Gengar, F|
|poke|p2|Hitmonlee, M|
|teampreview
|inactive|Battle timer is ON: inactive players will automatically lose when time's up. (requested by regi set sweep)
|
|t:|1779644471
|teamsize|p1|6
|teamsize|p2|6
|start
|switch|p1a: Rotom|Rotom-Wash|100/100
|switch|p2a: L'Eau Glace|Lapras, M|100/100
|turn|1
|
|t:|1779644477
|-terastallize|p2a: L'Eau Glace|Ground
|move|p1a: Rotom|Volt Switch|p2a: L'Eau Glace
|-immune|p2a: L'Eau Glace
|move|p2a: L'Eau Glace|Freeze-Dry|p1a: Rotom
|-supereffective|p1a: Rotom
|-damage|p1a: Rotom|41/100
|
|-heal|p1a: Rotom|47/100|[from] item: Leftovers
|upkeep
|turn|2
|
|t:|1779644489
|switch|p1a: Ogerpon|Ogerpon, F|100/100
|move|p2a: L'Eau Glace|Freeze-Dry|p1a: Ogerpon
|-supereffective|p1a: Ogerpon
|-damage|p1a: Ogerpon|33/100
|-status|p1a: Ogerpon|frz
|
|upkeep
|turn|3
|
|t:|1779644494
|cant|p1a: Ogerpon|frz
|move|p2a: L'Eau Glace|Freeze-Dry|p1a: Ogerpon
|-supereffective|p1a: Ogerpon
|-damage|p1a: Ogerpon|0 fnt
|faint|p1a: Ogerpon
|
|upkeep
|
|t:|1779644500
|switch|p1a: Iron Moth|Iron Moth|100/100
|-enditem|p1a: Iron Moth|Booster Energy
|-activate|p1a: Iron Moth|ability: Quark Drive|[fromitem]
|-start|p1a: Iron Moth|quarkdrivespe
|turn|4
|
|t:|1779644504
|move|p1a: Iron Moth|Substitute|p1a: Iron Moth
|-start|p1a: Iron Moth|Substitute
|-damage|p1a: Iron Moth|76/100
|move|p2a: L'Eau Glace|Earthquake|p1a: Iron Moth
|-supereffective|p1a: Iron Moth
|-end|p1a: Iron Moth|Substitute
|
|upkeep
|turn|5
|
|t:|1779644507
|move|p1a: Iron Moth|Substitute|p1a: Iron Moth
|-start|p1a: Iron Moth|Substitute
|-damage|p1a: Iron Moth|51/100
|move|p2a: L'Eau Glace|Earthquake|p1a: Iron Moth
|-supereffective|p1a: Iron Moth
|-end|p1a: Iron Moth|Substitute
|
|upkeep
|turn|6
|
|t:|1779644511
|-terastallize|p1a: Iron Moth|Grass
|move|p1a: Iron Moth|Substitute|p1a: Iron Moth
|-start|p1a: Iron Moth|Substitute
|-damage|p1a: Iron Moth|26/100
|move|p2a: L'Eau Glace|Surf|p1a: Iron Moth
|-resisted|p1a: Iron Moth
|-activate|p1a: Iron Moth|move: Substitute|[damage]
|
|upkeep
|turn|7
|
|t:|1779644514
|move|p1a: Iron Moth|Energy Ball|p2a: L'Eau Glace
|-supereffective|p2a: L'Eau Glace
|-damage|p2a: L'Eau Glace|31/100
|move|p2a: L'Eau Glace|Freeze-Dry|p1a: Iron Moth
|-supereffective|p1a: Iron Moth
|-end|p1a: Iron Moth|Substitute
|
|-heal|p2a: L'Eau Glace|37/100|[from] item: Leftovers
|upkeep
|turn|8
|
|t:|1779644517
|move|p2a: L'Eau Glace|Ice Shard|p1a: Iron Moth
|-supereffective|p1a: Iron Moth
|-damage|p1a: Iron Moth|0 fnt
|faint|p1a: Iron Moth
|-end|p1a: Iron Moth|Quark Drive|[silent]
|
|-heal|p2a: L'Eau Glace|43/100|[from] item: Leftovers
|upkeep
|
|t:|1779644522
|switch|p1a: Excadrill|Excadrill, F|100/100
|turn|9
|
|t:|1779644524
|switch|p2a: Fried chicken|Moltres|100/100
|move|p1a: Excadrill|Earthquake|p2a: Fried chicken
|-immune|p2a: Fried chicken
|
|upkeep
|turn|10
|
|t:|1779644527
|switch|p1a: Tyranitar|Tyranitar, F|100/100
|-weather|Sandstorm|[from] ability: Sand Stream|[of] p1a: Tyranitar
|move|p2a: Fried chicken|U-turn|p1a: Tyranitar
|-supereffective|p1a: Tyranitar
|-damage|p1a: Tyranitar|74/100
|
|t:|1779644530
|switch|p2a: Hitmonlee|Hitmonlee, M|100/100|[from] U-turn
|
|-weather|Sandstorm|[upkeep]
|-damage|p2a: Hitmonlee|94/100|[from] Sandstorm
|-heal|p1a: Tyranitar|80/100|[from] item: Leftovers
|upkeep
|turn|11
|
|t:|1779644536
|switch|p1a: Weezing|Weezing-Galar, F|100/100
|-ability|p1a: Weezing|Neutralizing Gas
|move|p2a: Hitmonlee|Knock Off|p1a: Weezing
|-resisted|p1a: Weezing
|-damage|p1a: Weezing|90/100
|-enditem|p1a: Weezing|Leftovers|[from] move: Knock Off|[of] p2a: Hitmonlee
|
|-weather|Sandstorm|[upkeep]
|-damage|p2a: Hitmonlee|88/100|[from] Sandstorm
|-damage|p1a: Weezing|84/100|[from] Sandstorm
|upkeep
|turn|12
|
|t:|1779644545
|switch|p2a: Fat Cat|Snorlax, M|100/100
|move|p1a: Weezing|Will-O-Wisp|p2a: Fat Cat
|-status|p2a: Fat Cat|brn
|
|-weather|Sandstorm|[upkeep]
|-damage|p1a: Weezing|78/100|[from] Sandstorm
|-damage|p2a: Fat Cat|94/100 brn|[from] Sandstorm
|-damage|p2a: Fat Cat|88/100 brn|[from] brn
|upkeep
|turn|13
|
|t:|1779644549
|move|p1a: Weezing|Strange Steam|p2a: Fat Cat
|-damage|p2a: Fat Cat|76/100 brn
|move|p2a: Fat Cat|Body Slam|p1a: Weezing
|-damage|p1a: Weezing|65/100
|-status|p1a: Weezing|par
|
|-weather|Sandstorm|[upkeep]
|-damage|p2a: Fat Cat|70/100 brn|[from] Sandstorm
|-damage|p1a: Weezing|59/100 par|[from] Sandstorm
|-damage|p2a: Fat Cat|64/100 brn|[from] brn
|upkeep
|turn|14
|
|t:|1779644559
|switch|p2a: L'Eau Glace|Lapras, M, tera:Ground|43/100
|move|p1a: Weezing|Pain Split|p2a: L'Eau Glace
|-sethp|p2a: L'Eau Glace|43/100|[from] move: Pain Split|[silent]
|-sethp|p1a: Weezing|59/100 par|[from] move: Pain Split
|
|-weather|none
|-heal|p2a: L'Eau Glace|50/100|[from] item: Leftovers
|upkeep
|turn|15
|
|t:|1779644562
|move|p2a: L'Eau Glace|Surf|p1a: Weezing
|-damage|p1a: Weezing|10/100 par
|move|p1a: Weezing|Strange Steam|p2a: L'Eau Glace
|-damage|p2a: L'Eau Glace|27/100
|-start|p2a: L'Eau Glace|confusion
|
|-heal|p2a: L'Eau Glace|33/100|[from] item: Leftovers
|upkeep
|turn|16
|
|t:|1779644566
|-end|p1a: Weezing|ability: Neutralizing Gas
|switch|p1a: Rotom|Rotom-Wash|47/100
|-activate|p2a: L'Eau Glace|confusion
|move|p2a: L'Eau Glace|Surf|p1a: Rotom
|-resisted|p1a: Rotom
|-damage|p1a: Rotom|27/100
|
|-heal|p1a: Rotom|34/100|[from] item: Leftovers
|-heal|p2a: L'Eau Glace|39/100|[from] item: Leftovers
|upkeep
|turn|17
|
|t:|1779644571
|switch|p1a: Excadrill|Excadrill, F|100/100
|-activate|p2a: L'Eau Glace|confusion
|move|p2a: L'Eau Glace|Freeze-Dry|p1a: Excadrill
|-damage|p1a: Excadrill|61/100
|
|-heal|p2a: L'Eau Glace|45/100|[from] item: Leftovers
|upkeep
|turn|18
|
|t:|1779644574
|move|p1a: Excadrill|Earthquake|p2a: L'Eau Glace
|-damage|p2a: L'Eau Glace|0 fnt
|faint|p2a: L'Eau Glace
|
|upkeep
|-message|regi set sweep forfeited.
|
|win|Vieux Paresseux
|raw|regi set sweep's rating: 1390 &rarr; <strong>1368</strong><br />(-22 for losing)
|raw|Vieux Paresseux's rating: 1361 &rarr; <strong>1383</strong><br />(+22 for winning)
|l|☆regi set sweep
|player|p1|
|l|☆Vieux Paresseux
|player|p2|
