|j|☆PheonixOfRa
|j|☆Aarons fish
|t:|1779624315
|gametype|singles
|player|p1|PheonixOfRa|rocketgruntf|1453
|player|p2|Aarons fish|266|1502
|gen|9
|tier|[Gen 9] OU
|rated|
|rule|HP Percentage Mod: HP is shown in percentages
|rule|Endless Battle Clause: Forcing endless battles is banned
|rule|Species Clause: Limit one of each Pokémon
|rule|OHKO Clause: OHKO moves are banned
|rule|Evasion Items Clause: Evasion items are banned
|rule|Evasion Moves Clause: Evasion moves are banned
|rule|Evasion Abilities Clause: Evasion abilities are banned
|rule|Sleep Moves Clause: Sleep-inducing moves are banned
|clearpoke
|poke|p1|Arcanine, F|
|poke|p1|Brambleghast, M|
|poke|p1|Porygon2|
|poke|p1|Cresselia, F|
|poke|p1|Scream Tail|
|poke|p1|Altaria, F|
|poke|p2|Landorus-Therian, M|
|poke|p2|Hatterene, F|
|poke|p2|Torkoal, M|
|poke|p2|Iron Moth|
|poke|p2|Slither Wing|
|poke|p2|Walking Wake|
|teampreview
|inactive|Battle timer is ON: inactive players will automatically lose when time's up. (requested by Aarons fish)
|
|t:|1779624345
|teamsize|p1|6
|teamsize|p2|6
|start
|switch|p1a: Scream Tail|Scream Tail|100/100
|switch|p2a: Torkoal|Torkoal, M|100/100
|-weather|SunnyDay|[from] ability: Drought|[of] p2a: Torkoal
|-activate|p1a: Scream Tail|ability: Protosynthesis
|-start|p1a: Scream Tail|protosynthesisspe
|turn|1
|
|t:|1779624350
|move|p1a: Scream Tail|Stealth Rock|p2a: Torkoal
|-sidestart|p2: Aarons fish|move: Stealth Rock
|move|p2a: Torkoal|Stealth Rock|p1a: Scream Tail
|-sidestart|p1: PheonixOfRa|move: Stealth Rock
|
|-weather|SunnyDay|[upkeep]
|upkeep
|turn|2
|
|t:|1779624361
|move|p1a: Scream Tail|Light Screen|p1a: Scream Tail
|-sidestart|p1: PheonixOfRa|move: Light Screen
|move|p2a: Torkoal|Rapid Spin|p1a: Scream Tail
|-damage|p1a: Scream Tail|93/100
|-boost|p2a: Torkoal|spe|1
|-sideend|p2: Aarons fish|Stealth Rock|[from] move: Rapid Spin|[of] p2a: Torkoal
|
|-weather|SunnyDay|[upkeep]
|upkeep
|turn|3
|
|t:|1779624366
|switch|p2a: Hatterene|Hatterene, F|100/100
|move|p1a: Scream Tail|Reflect|p1a: Scream Tail
|-sidestart|p1: PheonixOfRa|Reflect
|
|-weather|SunnyDay|[upkeep]
|upkeep
|turn|4
|
|t:|1779624386
|-end|p1a: Scream Tail|Protosynthesis|[silent]
|switch|p1a: Brambleghast|Brambleghast, M|100/100
|-damage|p1a: Brambleghast|88/100|[from] Stealth Rock
|move|p2a: Hatterene|Nuzzle|p1a: Brambleghast
|-resisted|p1a: Brambleghast
|-damage|p1a: Brambleghast|87/100
|-status|p1a: Brambleghast|par
|
|-weather|SunnyDay|[upkeep]
|-heal|p1a: Brambleghast|93/100 par|[from] item: Leftovers
|upkeep
|turn|5
|
|t:|1779624397
|move|p1a: Brambleghast|Rapid Spin|p2a: Hatterene
|-damage|p2a: Hatterene|90/100
|-boost|p1a: Brambleghast|spe|1
|-sideend|p1: PheonixOfRa|Stealth Rock|[from] move: Rapid Spin|[of] p1a: Brambleghast
|move|p2a: Hatterene|Psychic Noise|p1a: Brambleghast
|-damage|p1a: Brambleghast|68/100 par
|-start|p1a: Brambleghast|move: Heal Block
|
|-weather|SunnyDay|[upkeep]
|-heal|p2a: Hatterene|96/100|[from] item: Leftovers
|upkeep
|turn|6
|
|t:|1779624422
|switch|p1a: Porygon2|Porygon2|100/100
|-ability|p1a: Porygon2|Magic Bounce|Trace|[from] ability: Trace|[of] p2a: Hatterene
|switch|p2a: Landorus|Landorus-Therian, M|100/100
|-ability|p2a: Landorus|Intimidate|boost
|-unboost|p1a: Porygon2|atk|1
|
|-weather|SunnyDay|[upkeep]
|upkeep
|turn|7
|
|t:|1779624429
|move|p2a: Landorus|Stealth Rock|p1a: Porygon2
|move|p1a: Porygon2|Stealth Rock|p2a: Landorus|[from] ability: Magic Bounce
|-sidestart|p2: Aarons fish|move: Stealth Rock
|move|p1a: Porygon2|Ice Beam|p2a: Landorus
|-supereffective|p2a: Landorus
|-damage|p2a: Landorus|15/100
|
|-weather|SunnyDay|[upkeep]
|upkeep
|turn|8
|
|t:|1779624442
|switch|p2a: Slither Wing|Slither Wing|100/100
|-damage|p2a: Slither Wing|88/100|[from] Stealth Rock
|-activate|p2a: Slither Wing|ability: Protosynthesis
|-start|p2a: Slither Wing|protosynthesisatk
|move|p1a: Porygon2|Shadow Ball|p2a: Slither Wing
|-damage|p2a: Slither Wing|78/100
|-unboost|p2a: Slither Wing|spd|1
|
|-weather|none
|-end|p2a: Slither Wing|Protosynthesis
|upkeep
|turn|9
|
|t:|1779624462
|switch|p1a: Arcanine|Arcanine, F|100/100
|-ability|p1a: Arcanine|Intimidate|boost
|-unboost|p2a: Slither Wing|atk|1
|move|p2a: Slither Wing|U-turn|p1a: Arcanine
|-resisted|p1a: Arcanine
|-damage|p1a: Arcanine|93/100
|
|t:|1779624465
|-end|p2a: Slither Wing|Protosynthesis|[silent]
|switch|p2a: Torkoal|Torkoal, M|100/100|[from] U-turn
|-damage|p2a: Torkoal|75/100|[from] Stealth Rock
|-weather|SunnyDay|[from] ability: Drought|[of] p2a: Torkoal
|
|-weather|SunnyDay|[upkeep]
|-sideend|p1: PheonixOfRa|move: Light Screen
|upkeep
|turn|10
|
|t:|1779624487
|switch|p1a: Scream Tail|Scream Tail|93/100
|-activate|p1a: Scream Tail|ability: Protosynthesis
|-start|p1a: Scream Tail|protosynthesisspe
|move|p2a: Torkoal|Stealth Rock|p1a: Scream Tail
|-sidestart|p1: PheonixOfRa|move: Stealth Rock
|
|-weather|SunnyDay|[upkeep]
|-sideend|p1: PheonixOfRa|Reflect
|upkeep
|turn|11
|
|t:|1779624492
|move|p1a: Scream Tail|Light Screen|p1a: Scream Tail
|-sidestart|p1: PheonixOfRa|move: Light Screen
|move|p2a: Torkoal|Rapid Spin|p1a: Scream Tail
|-damage|p1a: Scream Tail|85/100
|-boost|p2a: Torkoal|spe|1
|-sideend|p2: Aarons fish|Stealth Rock|[from] move: Rapid Spin|[of] p2a: Torkoal
|
|-weather|SunnyDay|[upkeep]
|upkeep
|turn|12
|
|t:|1779624500
|switch|p2a: Iron Moth|Iron Moth|100/100
|move|p1a: Scream Tail|Reflect|p1a: Scream Tail
|-sidestart|p1: PheonixOfRa|Reflect
|
|-weather|SunnyDay|[upkeep]
|upkeep
|turn|13
|
|t:|1779624514
|-end|p1a: Scream Tail|Protosynthesis|[silent]
|switch|p1a: Altaria|Altaria, F|100/100
|-damage|p1a: Altaria|76/100|[from] Stealth Rock
|move|p2a: Iron Moth|Fiery Dance|p1a: Altaria
|-resisted|p1a: Altaria
|-damage|p1a: Altaria|60/100
|
|-weather|SunnyDay|[upkeep]
|upkeep
|turn|14
|
|t:|1779624523
|-end|p2a: Iron Moth|Quark Drive|[silent]
|switch|p2a: Landorus|Landorus-Therian, M|15/100
|-ability|p2a: Landorus|Intimidate|boost
|-unboost|p1a: Altaria|atk|1
|move|p1a: Altaria|Earthquake|p2a: Landorus
|-immune|p2a: Landorus
|
|-weather|SunnyDay|[upkeep]
|upkeep
|turn|15
|
|t:|1779624528
|switch|p2a: Hatterene|Hatterene, F|96/100
|move|p1a: Altaria|Roost|p1a: Altaria
|-heal|p1a: Altaria|100/100
|-singleturn|p1a: Altaria|move: Roost
|
|-weather|SunnyDay|[upkeep]
|-heal|p2a: Hatterene|100/100|[from] item: Leftovers
|upkeep
|turn|16
|
|t:|1779624536
|switch|p1a: Brambleghast|Brambleghast, M|68/100 par
|-damage|p1a: Brambleghast|55/100 par|[from] Stealth Rock
|move|p2a: Hatterene|Draining Kiss|p1a: Brambleghast
|-damage|p1a: Brambleghast|38/100 par
|
|-weather|none
|-heal|p1a: Brambleghast|44/100 par|[from] item: Leftovers
|upkeep
|turn|17
|
|t:|1779624551
|move|p1a: Brambleghast|Rapid Spin|p2a: Hatterene
|-damage|p2a: Hatterene|90/100
|-boost|p1a: Brambleghast|spe|1
|-sideend|p1: PheonixOfRa|Stealth Rock|[from] move: Rapid Spin|[of] p1a: Brambleghast
|move|p2a: Hatterene|Psychic Noise|p1a: Brambleghast
|-damage|p1a: Brambleghast|20/100 par
|-start|p1a: Brambleghast|move: Heal Block
|
|-heal|p2a: Hatterene|96/100|[from] item: Leftovers
|upkeep
|turn|18
|
|t:|1779624561
|switch|p1a: Porygon2|Porygon2|100/100
|-ability|p1a: Porygon2|Magic Bounce|Trace|[from] ability: Trace|[of] p2a: Hatterene
|move|p2a: Hatterene|Psychic Noise|p1a: Porygon2
|-damage|p1a: Porygon2|92/100
|-start|p1a: Porygon2|move: Heal Block
|
|-heal|p2a: Hatterene|100/100|[from] item: Leftovers
|-sideend|p1: PheonixOfRa|move: Light Screen
|upkeep
|turn|19
|
|t:|1779624565
|move|p1a: Porygon2|Shadow Ball|p2a: Hatterene
|-supereffective|p2a: Hatterene
|-damage|p2a: Hatterene|58/100
|move|p2a: Hatterene|Nuzzle|p1a: Porygon2
|-damage|p1a: Porygon2|91/100
|-status|p1a: Porygon2|par
|
|-heal|p2a: Hatterene|64/100|[from] item: Leftovers
|-end|p1a: Porygon2|move: Heal Block
|-sideend|p1: PheonixOfRa|Reflect
|upkeep
|turn|20
|
|t:|1779624575
|move|p2a: Hatterene|Draining Kiss|p1a: Porygon2
|-damage|p1a: Porygon2|81/100 par
|-heal|p2a: Hatterene|73/100|[from] drain|[of] p1a: Porygon2
|move|p1a: Porygon2|Thunder Wave|p2a: Hatterene
|move|p2a: Hatterene|Thunder Wave|p1a: Porygon2|[from] ability: Magic Bounce
|-fail|p1a: Porygon2|par
|
|-heal|p2a: Hatterene|79/100|[from] item: Leftovers
|upkeep
|turn|21
|
|t:|1779624583
|move|p2a: Hatterene|Draining Kiss|p1a: Porygon2
|-damage|p1a: Porygon2|71/100 par
|-heal|p2a: Hatterene|88/100|[from] drain|[of] p1a: Porygon2
|move|p1a: Porygon2|Shadow Ball|p2a: Hatterene
|-supereffective|p2a: Hatterene
|-damage|p2a: Hatterene|44/100
|
|-heal|p2a: Hatterene|50/100|[from] item: Leftovers
|upkeep
|turn|22
|
|t:|1779624588
|switch|p2a: Slither Wing|Slither Wing|78/100
|move|p1a: Porygon2|Shadow Ball|p2a: Slither Wing
|-damage|p2a: Slither Wing|66/100
|
|upkeep
|turn|23
|
|t:|1779624596
|switch|p1a: Arcanine|Arcanine, F|93/100
|-ability|p1a: Arcanine|Intimidate|boost
|-unboost|p2a: Slither Wing|atk|1
|move|p2a: Slither Wing|Close Combat|p1a: Arcanine
|-damage|p1a: Arcanine|39/100
|-unboost|p2a: Slither Wing|def|1
|-unboost|p2a: Slither Wing|spd|1
|
|upkeep
|turn|24
|
|t:|1779624604
|move|p1a: Arcanine|Morning Sun|p1a: Arcanine
|-heal|p1a: Arcanine|89/100
|move|p2a: Slither Wing|U-turn|p1a: Arcanine
|-resisted|p1a: Arcanine
|-damage|p1a: Arcanine|74/100
|
|t:|1779624610
|-end|p2a: Slither Wing|Protosynthesis|[silent]
|switch|p2a: Torkoal|Torkoal, M|75/100|[from] U-turn
|-weather|SunnyDay|[from] ability: Drought|[of] p2a: Torkoal
|
|-weather|SunnyDay|[upkeep]
|upkeep
|turn|25
|inactive|PheonixOfRa has 120 seconds left.
|
|t:|1779624660
|switch|p1a: Scream Tail|Scream Tail|85/100
|-activate|p1a: Scream Tail|ability: Protosynthesis
|-start|p1a: Scream Tail|protosynthesisspe
|move|p2a: Torkoal|Stealth Rock|p1a: Scream Tail
|-sidestart|p1: PheonixOfRa|move: Stealth Rock
|
|-weather|SunnyDay|[upkeep]
|upkeep
|turn|26
|
|t:|1779624674
|switch|p2a: Iron Moth|Iron Moth|100/100
|move|p1a: Scream Tail|Psychic Noise|p2a: Iron Moth
|-supereffective|p2a: Iron Moth
|-damage|p2a: Iron Moth|61/100
|-start|p2a: Iron Moth|move: Heal Block
|
|-weather|SunnyDay|[upkeep]
|upkeep
|turn|27
|
|t:|1779624681
|-terastallize|p2a: Iron Moth|Fire
|move|p1a: Scream Tail|Light Screen|p1a: Scream Tail
|-sidestart|p1: PheonixOfRa|move: Light Screen
|move|p2a: Iron Moth|Fiery Dance|p1a: Scream Tail
|-damage|p1a: Scream Tail|40/100
|-boost|p2a: Iron Moth|spa|1
|
|-weather|SunnyDay|[upkeep]
|-end|p2a: Iron Moth|move: Heal Block
|upkeep
|turn|28
|
|t:|1779624694
|-end|p1a: Scream Tail|Protosynthesis|[silent]
|switch|p1a: Altaria|Altaria, F|100/100
|-damage|p1a: Altaria|76/100|[from] Stealth Rock
|move|p2a: Iron Moth|Fiery Dance|p1a: Altaria
|-resisted|p1a: Altaria
|-damage|p1a: Altaria|44/100
|-boost|p2a: Iron Moth|spa|1
|
|-weather|SunnyDay|[upkeep]
|upkeep
|turn|29
|
|t:|1779624701
|move|p2a: Iron Moth|Fiery Dance|p1a: Altaria
|-resisted|p1a: Altaria
|-damage|p1a: Altaria|0 fnt
|-boost|p2a: Iron Moth|spa|1
|faint|p1a: Altaria
|
|-weather|SunnyDay|[upkeep]
|upkeep
|
|t:|1779624707
|switch|p1a: Porygon2|Porygon2|71/100 par
|-damage|p1a: Porygon2|59/100 par|[from] Stealth Rock
|turn|30
|inactive|PheonixOfRa has 120 seconds left.
|
|t:|1779624715
|move|p2a: Iron Moth|Fiery Dance|p1a: Porygon2
|-damage|p1a: Porygon2|0 fnt
|faint|p1a: Porygon2
|
|-weather|SunnyDay|[upkeep]
|upkeep
|inactive|PheonixOfRa has 120 seconds left.
|c|☆Aarons fish|Gg
|
|t:|1779624729
|switch|p1a: Arcanine|Arcanine, F|74/100
|-ability|p1a: Arcanine|Intimidate|boost
|-unboost|p2a: Iron Moth|atk|1
|turn|31
|c|☆Aarons fish|Specs sun Tera x3 boost
|c|☆Aarons fish|we are done here
|
|t:|1779624757
|-terastallize|p1a: Arcanine|Normal
|move|p1a: Arcanine|Extreme Speed|p2a: Iron Moth
|-damage|p2a: Iron Moth|7/100
|move|p2a: Iron Moth|Fiery Dance|p1a: Arcanine
|-damage|p1a: Arcanine|0 fnt
|-boost|p2a: Iron Moth|spa|1
|faint|p1a: Arcanine
|
|-weather|none
|upkeep
|c|☆PheonixOfRa|roll :)
|inactive|PheonixOfRa has 120 seconds left.
|-message|PheonixOfRa forfeited.
|
|win|Aarons fish
|raw|PheonixOfRa's rating: 1453 &rarr; <strong>1436</strong><br />(-17 for losing)
|raw|Aarons fish's rating: 1502 &rarr; <strong>1519</strong><br />(+17 for winning)
|l|☆PheonixOfRa
|player|p1|
|l|☆Aarons fish
|player|p2|
