|j|☆Brado3mini
|j|☆sigzul
|t:|1769301025
|gametype|singles
|player|p1|Brado3mini|2|
|player|p2|sigzul|youngster-gen4dp|
|gen|9
|tier|[Gen 9] OU
|rule|HP Percentage Mod: HP is shown in percentages
|rule|Endless Battle Clause: Forcing endless battles is banned
|rule|Species Clause: Limit one of each Pokémon
|rule|OHKO Clause: OHKO moves are banned
|rule|Evasion Items Clause: Evasion items are banned
|rule|Evasion Moves Clause: Evasion moves are banned
|rule|Evasion Abilities Clause: Evasion abilities are banned
|rule|Sleep Moves Clause: Sleep-inducing moves are banned
|clearpoke
|poke|p1|Ting-Lu|
|poke|p1|Deoxys-Speed|
|poke|p1|Mienshao, M|
|poke|p1|Skarmory, M|
|poke|p1|Cinderace, M|
|poke|p1|Araquanid, F|
|poke|p2|Gholdengo|
|poke|p2|Rillaboom, F|
|poke|p2|Incineroar, F|
|poke|p2|Charizard, M|
|poke|p2|Tyranitar, M|
|poke|p2|Ursaluna, M|
|teampreview
|
|t:|1769301043
|teamsize|p1|6
|teamsize|p2|6
|start
|switch|p1a: Ting-Lu|Ting-Lu|100/100
|switch|p2a: Incineroar|Incineroar, F, shiny|100/100
|-ability|p2a: Incineroar|Intimidate|boost
|-unboost|p1a: Ting-Lu|atk|1
|-ability|p1a: Ting-Lu|Vessel of Ruin
|turn|1
|inactive|Battle timer is ON: inactive players will automatically lose when time's up. (requested by Brado3mini)
|
|t:|1769301065
|move|p2a: Incineroar|Fire Blast|p1a: Ting-Lu
|-damage|p1a: Ting-Lu|84/100
|move|p1a: Ting-Lu|Stealth Rock|p2a: Incineroar
|-sidestart|p2: sigzul|move: Stealth Rock
|
|-heal|p1a: Ting-Lu|90/100|[from] item: Leftovers
|upkeep
|turn|2
|
|t:|1769301077
|move|p2a: Incineroar|Flare Blitz|p1a: Ting-Lu
|-damage|p1a: Ting-Lu|67/100
|-damage|p2a: Incineroar|90/100|[from] Recoil
|move|p1a: Ting-Lu|Earthquake|p2a: Incineroar
|-supereffective|p2a: Incineroar
|-crit|p2a: Incineroar
|-damage|p2a: Incineroar|0 fnt
|faint|p2a: Incineroar
|
|-heal|p1a: Ting-Lu|73/100|[from] item: Leftovers
|upkeep
|
|t:|1769301089
|switch|p2a: Rillaboom|Rillaboom, F, shiny|100/100
|-fieldstart|move: Grassy Terrain|[from] ability: Grassy Surge|[of] p2a: Rillaboom
|turn|3
|inactive|Brado3mini has 270 seconds left.
|
|t:|1769301126
|switch|p1a: Cinderace|Cinderace, M|100/100
|move|p2a: Rillaboom|Wood Hammer|p1a: Cinderace
|-resisted|p1a: Cinderace
|-damage|p1a: Cinderace|27/100
|-damage|p2a: Rillaboom|79/100|[from] Recoil
|
|-heal|p1a: Cinderace|33/100|[from] Grassy Terrain
|-heal|p2a: Rillaboom|85/100|[from] Grassy Terrain
|upkeep
|turn|4
|inactive|Brado3mini has 270 seconds left.
|
|t:|1769301160
|move|p1a: Cinderace|Pyro Ball|p2a: Rillaboom
|-supereffective|p2a: Rillaboom
|-damage|p2a: Rillaboom|0 fnt
|faint|p2a: Rillaboom
|
|-heal|p1a: Cinderace|39/100|[from] Grassy Terrain
|upkeep
|
|t:|1769301171
|switch|p2a: Charizard|Charizard, M, shiny|100/100
|turn|5
|inactive|Brado3mini has 240 seconds left.
|
|t:|1769301200
|switch|p1a: Ting-Lu|Ting-Lu|73/100
|-ability|p1a: Ting-Lu|Vessel of Ruin
|move|p2a: Charizard|Fire Blast|p1a: Ting-Lu
|-damage|p1a: Ting-Lu|40/100
|
|-heal|p1a: Ting-Lu|46/100|[from] Grassy Terrain
|-heal|p1a: Ting-Lu|52/100|[from] item: Leftovers
|upkeep
|turn|6
|inactive|Brado3mini has 240 seconds left.
|
|t:|1769301224
|move|p2a: Charizard|Focus Blast|p1a: Ting-Lu
|-supereffective|p1a: Ting-Lu
|-damage|p1a: Ting-Lu|5/100
|move|p1a: Ting-Lu|Ruination|p2a: Charizard
|-damage|p2a: Charizard|50/100
|
|-heal|p1a: Ting-Lu|11/100|[from] Grassy Terrain
|-heal|p1a: Ting-Lu|17/100|[from] item: Leftovers
|upkeep
|turn|7
|inactive|Brado3mini has 240 seconds left.
|inactive|Brado3mini has 210 seconds left.
|
|t:|1769301267
|move|p2a: Charizard|Focus Blast|p1a: Ting-Lu
|-supereffective|p1a: Ting-Lu
|-damage|p1a: Ting-Lu|0 fnt
|faint|p1a: Ting-Lu
|
|-fieldend|move: Grassy Terrain
|upkeep
|
|t:|1769301280
|switch|p1a: Cinderace|Cinderace, M|39/100
|turn|8
|
|t:|1769301305
|-terastallize|p1a: Cinderace|Ground
|move|p1a: Cinderace|Pyro Ball|p2a: Charizard
|-resisted|p2a: Charizard
|-damage|p2a: Charizard|0 fnt
|faint|p2a: Charizard
|
|upkeep
|
|t:|1769301314
|switch|p2a: Gholdengo|Gholdengo|100/100
|-damage|p2a: Gholdengo|94/100|[from] Stealth Rock
|-item|p2a: Gholdengo|Air Balloon
|turn|9
|
|t:|1769301320
|move|p1a: Cinderace|Pyro Ball|p2a: Gholdengo
|-supereffective|p2a: Gholdengo
|-damage|p2a: Gholdengo|0 fnt
|-enditem|p2a: Gholdengo|Air Balloon
|faint|p2a: Gholdengo
|
|upkeep
|
|t:|1769301325
|switch|p2a: Tyranitar|Tyranitar, M, shiny|100/100
|-weather|Sandstorm|[from] ability: Sand Stream|[of] p2a: Tyranitar
|turn|10
|
|t:|1769301340
|switch|p1a: Araquanid|Araquanid, F|100/100
|move|p2a: Tyranitar|Stone Edge|p1a: Araquanid
|-supereffective|p1a: Araquanid
|-damage|p1a: Araquanid|0 fnt
|faint|p1a: Araquanid
|
|-weather|Sandstorm|[upkeep]
|upkeep
|
|t:|1769301353
|switch|p1a: Mienshao|Mienshao, M|100/100
|turn|11
|
|t:|1769301364
|move|p1a: Mienshao|Close Combat|p2a: Tyranitar
|-supereffective|p2a: Tyranitar
|-damage|p2a: Tyranitar|0 fnt
|-unboost|p1a: Mienshao|def|1
|-unboost|p1a: Mienshao|spd|1
|faint|p2a: Tyranitar
|-damage|p1a: Mienshao|91/100|[from] item: Life Orb
|
|-weather|Sandstorm|[upkeep]
|-damage|p1a: Mienshao|85/100|[from] Sandstorm
|upkeep
|
|t:|1769301373
|switch|p2a: Ursaluna|Ursaluna, M, shiny|100/100
|-damage|p2a: Ursaluna|94/100|[from] Stealth Rock
|turn|12
|inactive|Brado3mini has 210 seconds left.
|
|t:|1769301393
|move|p1a: Mienshao|Close Combat|p2a: Ursaluna
|-supereffective|p2a: Ursaluna
|-damage|p2a: Ursaluna|0 fnt
|-unboost|p1a: Mienshao|def|1
|-unboost|p1a: Mienshao|spd|1
|faint|p2a: Ursaluna
|-damage|p1a: Mienshao|75/100|[from] item: Life Orb
|
|win|Brado3mini
|l|☆sigzul
|player|p2|
