|j|☆Nathaniel889
|j|☆Paleodan
|t:|1769320546
|gametype|singles
|player|p1|Nathaniel889|miku-ghost|1425
|player|p2|Paleodan|adaman|1517
|gen|9
|tier|[Gen 9] OU
|rated|
|rule|HP Percentage Mod: HP is shown in percentages
|rule|Endless Battle Clause: Forcing endless battles is banned
|rule|Species Clause: Limit one of each Pokémon
|rule|OHKO Clause: OHKO moves are banned
|rule|Evasion Items Clause: Evasion items are banned
|rule|Evasion Moves Clause: Evasion moves are banned
|rule|Evasion Abilities Clause: Evasion abilities are banned
|rule|Sleep Moves Clause: Sleep-inducing moves are banned
|clearpoke
|poke|p1|Torkoal, F|
|poke|p1|Scovillain, F|
|poke|p1|Walking Wake|
|poke|p1|Hatterene, F|
|poke|p1|Great Tusk|
|poke|p1|Ceruledge, F|
|poke|p2|Samurott-Hisui, M|
|poke|p2|Gholdengo|
|poke|p2|Landorus-Therian, M|
|poke|p2|Iron Valiant|
|poke|p2|Ogerpon-Wellspring, F|
|poke|p2|Iron Treads|
|teampreview
|c|☆Paleodan|glhf
|inactive|Battle timer is ON: inactive players will automatically lose when time's up. (requested by Paleodan)
|c|☆Nathaniel889|glhf
|
|t:|1769320558
|teamsize|p1|6
|teamsize|p2|6
|start
|switch|p1a: Torkoal|Torkoal, F|100/100
|switch|p2a: Samurott|Samurott-Hisui, M|100/100
|-weather|SunnyDay|[from] ability: Drought|[of] p1a: Torkoal
|turn|1
|
|t:|1769320566
|switch|p1a: Hatterene|Hatterene, F, shiny|100/100
|move|p2a: Samurott|Ceaseless Edge|p1a: Hatterene
|-damage|p1a: Hatterene|63/100
|-sidestart|p1: Nathaniel889|Spikes
|-enditem|p1a: Hatterene|Eject Button
|
|t:|1769320582
|switch|p1a: Scovillain|Scovillain, F|100/100
|-damage|p1a: Scovillain|88/100|[from] Spikes
|
|-weather|SunnyDay|[upkeep]
|upkeep
|turn|2
|
|t:|1769320588
|-terastallize|p2a: Samurott|Poison
|move|p1a: Scovillain|Growth|p1a: Scovillain
|-boost|p1a: Scovillain|atk|2
|-boost|p1a: Scovillain|spa|2
|move|p2a: Samurott|Ceaseless Edge|p1a: Scovillain|[miss]
|-miss|p2a: Samurott|p1a: Scovillain
|
|-weather|SunnyDay|[upkeep]
|upkeep
|turn|3
|
|t:|1769320597
|move|p1a: Scovillain|Flamethrower|p2a: Samurott
|-damage|p2a: Samurott|0 fnt
|faint|p2a: Samurott
|-damage|p1a: Scovillain|78/100|[from] item: Life Orb
|
|-weather|SunnyDay|[upkeep]
|upkeep
|
|t:|1769320602
|switch|p2a: Landorus|Landorus-Therian, M|100/100
|-ability|p2a: Landorus|Intimidate|boost
|-unboost|p1a: Scovillain|atk|1
|turn|4
|
|t:|1769320608
|move|p1a: Scovillain|Flamethrower|p2a: Landorus
|-damage|p2a: Landorus|0 fnt
|faint|p2a: Landorus
|-damage|p1a: Scovillain|68/100|[from] item: Life Orb
|
|-weather|SunnyDay|[upkeep]
|upkeep
|
|t:|1769320617
|switch|p2a: Iron Valiant|Iron Valiant|100/100
|-enditem|p2a: Iron Valiant|Booster Energy
|-activate|p2a: Iron Valiant|ability: Quark Drive|[fromitem]
|-start|p2a: Iron Valiant|quarkdrivespe
|turn|5
|
|t:|1769320622
|move|p2a: Iron Valiant|Close Combat|p1a: Scovillain
|-crit|p1a: Scovillain
|-damage|p1a: Scovillain|0 fnt
|-unboost|p2a: Iron Valiant|def|1
|-unboost|p2a: Iron Valiant|spd|1
|faint|p1a: Scovillain
|
|-weather|SunnyDay|[upkeep]
|upkeep
|c|☆Nathaniel889|damn
|j| 304Collector
|c|☆Paleodan|speed tie
|c|☆Paleodan|I got lucky
|c|☆Paleodan|that would have swept me
|l| 304Collector
|inactive|Nathaniel889 has 120 seconds left.
|
|t:|1769320652
|switch|p1a: Don|Great Tusk, shiny|100/100
|-damage|p1a: Don|88/100|[from] Spikes
|-activate|p1a: Don|ability: Protosynthesis
|-start|p1a: Don|protosynthesisatk
|turn|6
|
|t:|1769320660
|move|p2a: Iron Valiant|Moonblast|p1a: Don
|-supereffective|p1a: Don
|-damage|p1a: Don|0 fnt
|faint|p1a: Don
|-end|p1a: Don|Protosynthesis|[silent]
|
|-weather|SunnyDay|[upkeep]
|upkeep
|
|t:|1769320667
|switch|p1a: Hatterene|Hatterene, F, shiny|63/100
|-damage|p1a: Hatterene|51/100|[from] Spikes
|turn|7
|
|t:|1769320673
|-end|p2a: Iron Valiant|Quark Drive|[silent]
|switch|p2a: Gholdengo|Gholdengo|100/100
|-item|p2a: Gholdengo|Air Balloon
|move|p1a: Hatterene|Mystical Fire|p2a: Gholdengo
|-supereffective|p2a: Gholdengo
|-damage|p2a: Gholdengo|39/100
|-unboost|p2a: Gholdengo|spa|1
|-enditem|p2a: Gholdengo|Air Balloon
|
|-weather|SunnyDay|[upkeep]
|upkeep
|turn|8
|
|t:|1769320688
|switch|p1a: Ceruledge|Ceruledge, F|100/100
|-damage|p1a: Ceruledge|88/100|[from] Spikes
|move|p2a: Gholdengo|Make It Rain|p1a: Ceruledge
|-resisted|p1a: Ceruledge
|-damage|p1a: Ceruledge|68/100
|-unboost|p2a: Gholdengo|spa|1
|
|-weather|none
|upkeep
|turn|9
|
|t:|1769320703
|-terastallize|p1a: Ceruledge|Grass
|move|p1a: Ceruledge|Swords Dance|p1a: Ceruledge
|-boost|p1a: Ceruledge|atk|2
|move|p2a: Gholdengo|Recover|p2a: Gholdengo
|-heal|p2a: Gholdengo|89/100
|
|upkeep
|turn|10
|
|t:|1769320710
|move|p1a: Ceruledge|Bitter Blade|p2a: Gholdengo
|-supereffective|p2a: Gholdengo
|-damage|p2a: Gholdengo|0 fnt
|-heal|p1a: Ceruledge|100/100|[from] drain|[of] p2a: Gholdengo
|faint|p2a: Gholdengo
|
|upkeep
|
|t:|1769320718
|switch|p2a: Iron Valiant|Iron Valiant|100/100
|turn|11
|
|t:|1769320728
|move|p2a: Iron Valiant|Close Combat|p1a: Ceruledge
|-damage|p1a: Ceruledge|36/100
|-unboost|p2a: Iron Valiant|def|1
|-unboost|p2a: Iron Valiant|spd|1
|-ability|p1a: Ceruledge|Weak Armor|boost
|-unboost|p1a: Ceruledge|def|1
|-boost|p1a: Ceruledge|spe|2
|move|p1a: Ceruledge|Bitter Blade|p2a: Iron Valiant
|-damage|p2a: Iron Valiant|0 fnt
|-heal|p1a: Ceruledge|85/100|[from] drain|[of] p2a: Iron Valiant
|faint|p2a: Iron Valiant
|-end|p2a: Iron Valiant|Quark Drive|[silent]
|
|upkeep
|
|t:|1769320734
|switch|p2a: Ogerpon|Ogerpon-Wellspring, F|100/100
|turn|12
|
|t:|1769320746
|move|p1a: Ceruledge|Bitter Blade|p2a: Ogerpon
|-damage|p2a: Ogerpon|0 fnt
|-heal|p1a: Ceruledge|100/100|[from] drain|[of] p2a: Ogerpon
|faint|p2a: Ogerpon
|
|upkeep
|
|t:|1769320749
|switch|p2a: Iron Treads|Iron Treads|100/100
|turn|13
|
|t:|1769320753
|move|p1a: Ceruledge|Bitter Blade|p2a: Iron Treads
|-supereffective|p2a: Iron Treads
|-damage|p2a: Iron Treads|0 fnt
|faint|p2a: Iron Treads
|-end|p2a: Iron Treads|Quark Drive|[silent]
|
|win|Nathaniel889
|raw|Nathaniel889's rating: 1425 &rarr; <strong>1450</strong><br />(+25 for winning)
|raw|Paleodan's rating: 1517 &rarr; <strong>1492</strong><br />(-25 for losing)
|c|☆Paleodan|gg
|c|☆Nathaniel889|gg
|l|☆Paleodan
|player|p2|
|l|☆Nathaniel889
|player|p1|
