|j|☆Bakkalhau
|j|☆kiko5bolas
|t:|1769346287
|gametype|singles
|player|p1|Bakkalhau|roxie|1059
|player|p2|kiko5bolas|ingo|1065
|gen|9
|tier|[Gen 9] OU
|rated|
|rule|HP Percentage Mod: HP is shown in percentages
|rule|Endless Battle Clause: Forcing endless battles is banned
|rule|Species Clause: Limit one of each Pokémon
|rule|OHKO Clause: OHKO moves are banned
|rule|Evasion Items Clause: Evasion items are banned
|rule|Evasion Moves Clause: Evasion moves are banned
|rule|Evasion Abilities Clause: Evasion abilities are banned
|rule|Sleep Moves Clause: Sleep-inducing moves are banned
|clearpoke
|poke|p1|Scrafty, M|
|poke|p1|Weavile, M|
|poke|p1|Gliscor, M|
|poke|p1|Corviknight, M|
|poke|p1|Clodsire, M|
|poke|p1|Tinkaton, F|
|poke|p2|Gardevoir, M|
|poke|p2|Iron Valiant|
|poke|p2|Ceruledge, M|
|poke|p2|Garganacl, F|
|poke|p2|Metagross|
|poke|p2|Ninetales, F|
|teampreview
|
|t:|1769346294
|teamsize|p1|6
|teamsize|p2|6
|start
|switch|p1a: Cheshire|Weavile, M|100/100
|switch|p2a: Ninetales|Ninetales, F|100/100
|-ability|p1a: Cheshire|Pressure
|-weather|SunnyDay|[from] ability: Drought|[of] p2a: Ninetales
|turn|1
|
|t:|1769346316
|switch|p1a: Ximbinha|Clodsire, M|100/100
|switch|p2a: Metagross|Metagross|100/100
|
|-weather|SunnyDay|[upkeep]
|upkeep
|turn|2
|
|t:|1769346326
|move|p2a: Metagross|Zen Headbutt|p1a: Ximbinha
|-supereffective|p1a: Ximbinha
|-damage|p1a: Ximbinha|0 fnt
|faint|p1a: Ximbinha
|
|-weather|SunnyDay|[upkeep]
|upkeep
|
|t:|1769346334
|switch|p1a: Cheshire|Weavile, M|100/100
|-ability|p1a: Cheshire|Pressure
|turn|3
|
|t:|1769346341
|move|p1a: Cheshire|Night Slash|p2a: Metagross
|-supereffective|p2a: Metagross
|-damage|p2a: Metagross|25/100
|move|p2a: Metagross|Meteor Mash|p1a: Cheshire
|-supereffective|p1a: Cheshire
|-damage|p1a: Cheshire|0 fnt
|-boost|p2a: Metagross|atk|1
|faint|p1a: Cheshire
|
|-weather|SunnyDay|[upkeep]
|upkeep
|
|t:|1769346351
|switch|p1a: Oruam|Scrafty, M|100/100
|-ability|p1a: Oruam|Intimidate|boost
|-fail|p2a: Metagross|unboost|[from] ability: Clear Body|[of] p2a: Metagross
|turn|4
|
|t:|1769346358
|move|p2a: Metagross|Bullet Punch|p1a: Oruam
|-damage|p1a: Oruam|68/100
|move|p1a: Oruam|Drain Punch|p2a: Metagross
|-damage|p2a: Metagross|7/100
|-heal|p1a: Oruam|78/100|[from] drain|[of] p2a: Metagross
|
|-weather|SunnyDay|[upkeep]
|-heal|p1a: Oruam|84/100|[from] item: Leftovers
|upkeep
|turn|5
|
|t:|1769346368
|move|p2a: Metagross|Bullet Punch|p1a: Oruam
|-damage|p1a: Oruam|50/100
|move|p1a: Oruam|Drain Punch|p2a: Metagross
|-damage|p2a: Metagross|0 fnt
|-heal|p1a: Oruam|53/100|[from] drain|[of] p2a: Metagross
|faint|p2a: Metagross
|
|-weather|SunnyDay|[upkeep]
|-heal|p1a: Oruam|59/100|[from] item: Leftovers
|upkeep
|
|t:|1769346378
|switch|p2a: Gardevoir|Gardevoir, M|100/100
|-ability|p2a: Gardevoir|Intimidate|Trace|[from] ability: Trace|[of] p1a: Oruam
|-ability|p2a: Gardevoir|Intimidate|boost
|-unboost|p1a: Oruam|atk|1
|turn|6
|
|t:|1769346392
|switch|p1a: Kirby|Tinkaton, F|100/100
|-ability|p1a: Kirby|Mold Breaker
|move|p2a: Gardevoir|Moonblast|p1a: Kirby
|-resisted|p1a: Kirby
|-damage|p1a: Kirby|78/100
|-unboost|p1a: Kirby|spa|1
|
|-weather|SunnyDay|[upkeep]
|upkeep
|turn|7
|
|t:|1769346406
|switch|p2a: Garganacl|Garganacl, F|100/100
|move|p1a: Kirby|Gigaton Hammer|p2a: Garganacl
|-supereffective|p2a: Garganacl
|-damage|p2a: Garganacl|37/100
|
|-weather|SunnyDay|[upkeep]
|-heal|p2a: Garganacl|43/100|[from] item: Leftovers
|upkeep
|turn|8
|
|t:|1769346417
|move|p2a: Garganacl|Protect|p2a: Garganacl
|-singleturn|p2a: Garganacl|Protect
|move|p1a: Kirby|Stealth Rock|p2a: Garganacl
|-sidestart|p2: kiko5bolas|move: Stealth Rock
|
|-weather|none
|-heal|p2a: Garganacl|49/100|[from] item: Leftovers
|upkeep
|turn|9
|
|t:|1769346446
|switch|p2a: Ninetales|Ninetales, F|100/100
|-damage|p2a: Ninetales|76/100|[from] Stealth Rock
|-weather|SunnyDay|[from] ability: Drought|[of] p2a: Ninetales
|move|p1a: Kirby|Gigaton Hammer|p2a: Ninetales
|-resisted|p2a: Ninetales
|-damage|p2a: Ninetales|45/100
|
|-weather|SunnyDay|[upkeep]
|upkeep
|turn|10
|
|t:|1769346458
|switch|p1a: Joker|Gliscor, M|100/100
|move|p2a: Ninetales|Will-O-Wisp|p1a: Joker
|-status|p1a: Joker|brn
|
|-weather|SunnyDay|[upkeep]
|-damage|p1a: Joker|94/100 brn|[from] brn
|upkeep
|turn|11
|
|t:|1769346470
|switch|p2a: Garganacl|Garganacl, F|49/100
|-damage|p2a: Garganacl|37/100|[from] Stealth Rock
|move|p1a: Joker|Earthquake|p2a: Garganacl
|-supereffective|p2a: Garganacl
|-damage|p2a: Garganacl|14/100
|
|-weather|SunnyDay|[upkeep]
|-heal|p2a: Garganacl|21/100|[from] item: Leftovers
|-damage|p1a: Joker|88/100 brn|[from] brn
|upkeep
|turn|12
|
|t:|1769346481
|move|p2a: Garganacl|Protect|p2a: Garganacl
|-singleturn|p2a: Garganacl|Protect
|move|p1a: Joker|Earthquake|p2a: Garganacl
|-activate|p2a: Garganacl|move: Protect
|
|-weather|SunnyDay|[upkeep]
|-heal|p2a: Garganacl|27/100|[from] item: Leftovers
|-damage|p1a: Joker|82/100 brn|[from] brn
|upkeep
|turn|13
|
|t:|1769346493
|-terastallize|p2a: Garganacl|Water
|move|p1a: Joker|Sandstorm|p1a: Joker
|-weather|Sandstorm
|move|p2a: Garganacl|Recover|p2a: Garganacl
|-heal|p2a: Garganacl|77/100
|
|-weather|Sandstorm|[upkeep]
|-damage|p2a: Garganacl|71/100|[from] Sandstorm
|-heal|p2a: Garganacl|77/100|[from] item: Leftovers
|-damage|p1a: Joker|76/100 brn|[from] brn
|upkeep
|turn|14
|
|t:|1769346505
|move|p1a: Joker|U-turn|p2a: Garganacl
|-damage|p2a: Garganacl|72/100
|
|t:|1769346508
|switch|p1a: Oruam|Scrafty, M|59/100|[from] U-turn
|-ability|p1a: Oruam|Intimidate|boost
|-unboost|p2a: Garganacl|atk|1
|move|p2a: Garganacl|Salt Cure|p1a: Oruam
|-resisted|p1a: Oruam
|-damage|p1a: Oruam|55/100
|-start|p1a: Oruam|Salt Cure
|
|-weather|Sandstorm|[upkeep]
|-damage|p1a: Oruam|49/100|[from] Sandstorm
|-damage|p2a: Garganacl|66/100|[from] Sandstorm
|-heal|p1a: Oruam|55/100|[from] item: Leftovers
|-heal|p2a: Garganacl|72/100|[from] item: Leftovers
|-damage|p1a: Oruam|43/100|[from] Salt Cure
|upkeep
|turn|15
|
|t:|1769346522
|move|p2a: Garganacl|Protect|p2a: Garganacl
|-singleturn|p2a: Garganacl|Protect
|move|p1a: Oruam|Bulk Up|p1a: Oruam
|-boost|p1a: Oruam|atk|1
|-boost|p1a: Oruam|def|1
|
|-weather|Sandstorm|[upkeep]
|-damage|p1a: Oruam|37/100|[from] Sandstorm
|-damage|p2a: Garganacl|66/100|[from] Sandstorm
|-heal|p1a: Oruam|43/100|[from] item: Leftovers
|-heal|p2a: Garganacl|72/100|[from] item: Leftovers
|-damage|p1a: Oruam|31/100|[from] Salt Cure
|upkeep
|turn|16
|
|t:|1769346535
|move|p1a: Oruam|Drain Punch|p2a: Garganacl
|-damage|p2a: Garganacl|50/100
|-heal|p1a: Oruam|44/100|[from] drain|[of] p2a: Garganacl
|move|p2a: Garganacl|Stealth Rock|p1a: Oruam
|-sidestart|p1: Bakkalhau|move: Stealth Rock
|
|-weather|Sandstorm|[upkeep]
|-damage|p1a: Oruam|38/100|[from] Sandstorm
|-damage|p2a: Garganacl|44/100|[from] Sandstorm
|-heal|p1a: Oruam|44/100|[from] item: Leftovers
|-heal|p2a: Garganacl|50/100|[from] item: Leftovers
|-damage|p1a: Oruam|32/100|[from] Salt Cure
|upkeep
|turn|17
|
|t:|1769346559
|switch|p2a: Gardevoir|Gardevoir, M|100/100
|-damage|p2a: Gardevoir|88/100|[from] Stealth Rock
|-ability|p2a: Gardevoir|Intimidate|Trace|[from] ability: Trace|[of] p1a: Oruam
|-ability|p2a: Gardevoir|Intimidate|boost
|-unboost|p1a: Oruam|atk|1
|move|p1a: Oruam|Bulk Up|p1a: Oruam
|-boost|p1a: Oruam|atk|1
|-boost|p1a: Oruam|def|1
|
|-weather|none
|-heal|p1a: Oruam|38/100|[from] item: Leftovers
|-damage|p1a: Oruam|25/100|[from] Salt Cure
|upkeep
|turn|18
|
|t:|1769346574
|-terastallize|p1a: Oruam|Steel
|move|p2a: Gardevoir|Moonblast|p1a: Oruam
|-resisted|p1a: Oruam
|-damage|p1a: Oruam|10/100
|move|p1a: Oruam|Dragon Tail|p2a: Gardevoir
|-immune|p2a: Gardevoir
|
|-heal|p1a: Oruam|16/100|[from] item: Leftovers
|-damage|p1a: Oruam|0 fnt|[from] Salt Cure
|faint|p1a: Oruam
|upkeep
|
|t:|1769346585
|switch|p1a: Kirby|Tinkaton, F|78/100
|-damage|p1a: Kirby|72/100|[from] Stealth Rock
|-ability|p1a: Kirby|Mold Breaker
|turn|19
|
|t:|1769346594
|switch|p2a: Ninetales|Ninetales, F|45/100
|-damage|p2a: Ninetales|20/100|[from] Stealth Rock
|-weather|SunnyDay|[from] ability: Drought|[of] p2a: Ninetales
|move|p1a: Kirby|Gigaton Hammer|p2a: Ninetales
|-resisted|p2a: Ninetales
|-damage|p2a: Ninetales|0 fnt
|faint|p2a: Ninetales
|
|-weather|SunnyDay|[upkeep]
|upkeep
|
|t:|1769346604
|switch|p2a: Gardevoir|Gardevoir, M|88/100
|-damage|p2a: Gardevoir|76/100|[from] Stealth Rock
|-ability|p2a: Gardevoir|Mold Breaker|Trace|[from] ability: Trace|[of] p1a: Kirby
|-ability|p2a: Gardevoir|Mold Breaker
|turn|20
|
|t:|1769346614
|move|p2a: Gardevoir|Mystical Fire|p1a: Kirby
|-supereffective|p1a: Kirby
|-damage|p1a: Kirby|0 fnt
|faint|p1a: Kirby
|
|-weather|SunnyDay|[upkeep]
|upkeep
|
|t:|1769346626
|switch|p1a: Meta knight|Corviknight, M|100/100
|-damage|p1a: Meta knight|88/100|[from] Stealth Rock
|turn|21
|
|t:|1769346632
|move|p2a: Gardevoir|Mystical Fire|p1a: Meta knight
|-supereffective|p1a: Meta knight
|-damage|p1a: Meta knight|5/100
|-unboost|p1a: Meta knight|spa|1
|move|p1a: Meta knight|Brave Bird|p2a: Gardevoir
|-damage|p2a: Gardevoir|1/100
|-damage|p1a: Meta knight|0 fnt|[from] Recoil
|faint|p1a: Meta knight
|
|-weather|SunnyDay|[upkeep]
|upkeep
|-message|Bakkalhau forfeited.
|
|win|kiko5bolas
|raw|Bakkalhau's rating: 1059 &rarr; <strong>1040</strong><br />(-19 for losing)
|raw|kiko5bolas's rating: 1065 &rarr; <strong>1095</strong><br />(+30 for winning)
|l|☆Bakkalhau
|player|p1|
