|j|☆Nachi TL
|j|☆genskialtacc29
|t:|1769416450
|gametype|singles
|player|p1|Nachi TL|iono-masters|1057
|player|p2|genskialtacc29|jogger|1013
|gen|9
|tier|[Gen 9] OU
|rated|
|rule|HP Percentage Mod: HP is shown in percentages
|rule|Endless Battle Clause: Forcing endless battles is banned
|rule|Species Clause: Limit one of each Pokémon
|rule|OHKO Clause: OHKO moves are banned
|rule|Evasion Items Clause: Evasion items are banned
|rule|Evasion Moves Clause: Evasion moves are banned
|rule|Evasion Abilities Clause: Evasion abilities are banned
|rule|Sleep Moves Clause: Sleep-inducing moves are banned
|clearpoke
|poke|p1|Blissey, F|
|poke|p1|Espeon, F|
|poke|p1|Garchomp, M|
|poke|p1|Tyranitar, M|
|poke|p1|Corviknight, M|
|poke|p1|Great Tusk|
|poke|p2|Gardevoir, F|
|poke|p2|Latios, M|
|poke|p2|Indeedee-F, F|
|poke|p2|Ceruledge, M|
|poke|p2|Gholdengo|
|poke|p2|Enamorus, F|
|teampreview
|
|t:|1769416471
|teamsize|p1|6
|teamsize|p2|6
|start
|switch|p1a: Blissey|Blissey, F|100/100
|switch|p2a: Enamorus|Enamorus, F|100/100
|turn|1
|
|t:|1769416481
|-terastallize|p1a: Blissey|Steel
|move|p2a: Enamorus|Tailwind|p2a: Enamorus
|-sidestart|p2: genskialtacc29|move: Tailwind
|move|p1a: Blissey|Tera Blast|p2a: Enamorus|[anim] Tera Blast Steel
|-supereffective|p2a: Enamorus
|-damage|p2a: Enamorus|0 fnt
|faint|p2a: Enamorus
|
|upkeep
|
|t:|1769416494
|switch|p2a: Ceruledge|Ceruledge, M|100/100
|turn|2
|
|t:|1769416501
|switch|p1a: Tyranitar|Tyranitar, M|100/100
|-weather|Sandstorm|[from] ability: Sand Stream|[of] p1a: Tyranitar
|move|p2a: Ceruledge|Close Combat|p1a: Tyranitar
|-supereffective|p1a: Tyranitar
|-damage|p1a: Tyranitar|0 fnt
|-unboost|p2a: Ceruledge|def|1
|-unboost|p2a: Ceruledge|spd|1
|faint|p1a: Tyranitar
|
|-weather|Sandstorm|[upkeep]
|-damage|p2a: Ceruledge|94/100|[from] Sandstorm
|-heal|p2a: Ceruledge|100/100|[from] item: Leftovers
|upkeep
|
|t:|1769416507
|switch|p1a: Garchomp|Garchomp, M|100/100
|turn|3
|
|t:|1769416519
|switch|p2a: Latios|Latios, M|100/100
|move|p1a: Garchomp|Outrage|p2a: Latios
|-supereffective|p2a: Latios
|-damage|p2a: Latios|0 fnt
|faint|p2a: Latios
|
|-weather|Sandstorm|[upkeep]
|upkeep
|
|t:|1769416529
|switch|p2a: Gardevoir|Gardevoir, F|100/100
|-ability|p2a: Gardevoir|Rough Skin|Trace|[from] ability: Trace|[of] p1a: Garchomp
|turn|4
|
|t:|1769416535
|move|p2a: Gardevoir|Calm Mind|p2a: Gardevoir
|-boost|p2a: Gardevoir|spa|1
|-boost|p2a: Gardevoir|spd|1
|move|p1a: Garchomp|Outrage|p2a: Gardevoir|[from] lockedmove
|-immune|p2a: Gardevoir
|-start|p1a: Garchomp|confusion|[fatigue]
|
|-weather|Sandstorm|[upkeep]
|-damage|p2a: Gardevoir|94/100|[from] Sandstorm
|-sideend|p2: genskialtacc29|move: Tailwind
|upkeep
|turn|5
|
|t:|1769416547
|switch|p1a: Corviknight|Corviknight, M|100/100
|-ability|p1a: Corviknight|Pressure
|move|p2a: Gardevoir|Calm Mind|p2a: Gardevoir
|-boost|p2a: Gardevoir|spa|1
|-boost|p2a: Gardevoir|spd|1
|
|-weather|Sandstorm|[upkeep]
|-damage|p2a: Gardevoir|88/100|[from] Sandstorm
|upkeep
|turn|6
|
|t:|1769416558
|move|p2a: Gardevoir|Mystical Fire|p1a: Corviknight
|-supereffective|p1a: Corviknight
|-damage|p1a: Corviknight|15/100
|-unboost|p1a: Corviknight|spa|1
|move|p1a: Corviknight|U-turn|p2a: Gardevoir
|-damage|p2a: Gardevoir|63/100
|-damage|p1a: Corviknight|2/100|[from] ability: Rough Skin|[of] p2a: Gardevoir
|
|t:|1769416563
|switch|p1a: Garchomp|Garchomp, M|100/100|[from] U-turn
|
|-weather|none
|upkeep
|turn|7
|
|t:|1769416582
|move|p2a: Gardevoir|Endure|p2a: Gardevoir
|-singleturn|p2a: Gardevoir|move: Endure
|move|p1a: Garchomp|Earthquake|p2a: Gardevoir
|-activate|p2a: Gardevoir|move: Endure
|-damage|p2a: Gardevoir|1/100
|-enditem|p2a: Gardevoir|Salac Berry|[eat]
|-boost|p2a: Gardevoir|spe|1|[from] item: Salac Berry
|
|upkeep
|turn|8
|
|t:|1769416591
|move|p1a: Garchomp|Earthquake|p2a: Gardevoir
|-damage|p2a: Gardevoir|0 fnt
|faint|p2a: Gardevoir
|
|upkeep
|
|t:|1769416598
|switch|p2a: Gholdengo|Gholdengo|100/100
|turn|9
|
|t:|1769416604
|move|p1a: Garchomp|Earthquake|p2a: Gholdengo
|-supereffective|p2a: Gholdengo
|-damage|p2a: Gholdengo|0 fnt
|faint|p2a: Gholdengo
|
|upkeep
|-message|genskialtacc29 forfeited.
|
|win|Nachi TL
|raw|Nachi TL's rating: 1057 &rarr; <strong>1084</strong><br />(+27 for winning)
|raw|genskialtacc29's rating: 1013 &rarr; <strong>1003</strong><br />(-10 for losing)
|l|☆genskialtacc29
|player|p2|
