|j|☆huaba116
|j|☆Jomiel
|t:|1769426480
|gametype|singles
|player|p1|huaba116|169|1228
|player|p2|Jomiel|clown|1187
|gen|9
|tier|[Gen 9] OU
|rated|
|rule|HP Percentage Mod: HP is shown in percentages
|rule|Endless Battle Clause: Forcing endless battles is banned
|rule|Species Clause: Limit one of each Pokémon
|rule|OHKO Clause: OHKO moves are banned
|rule|Evasion Items Clause: Evasion items are banned
|rule|Evasion Moves Clause: Evasion moves are banned
|rule|Evasion Abilities Clause: Evasion abilities are banned
|rule|Sleep Moves Clause: Sleep-inducing moves are banned
|clearpoke
|poke|p1|Tyranitar, M|
|poke|p1|Landorus-Therian, M|
|poke|p1|Moltres|
|poke|p1|Kyurem|
|poke|p1|Iron Treads|
|poke|p1|Gholdengo|
|poke|p2|Furret, F|
|poke|p2|Glimmora, M|
|poke|p2|Zamazenta-*|
|poke|p2|Scizor, M|
|poke|p2|Iron Valiant|
|poke|p2|Dragonite, M|
|teampreview
|
|t:|1769426488
|teamsize|p1|6
|teamsize|p2|6
|start
|switch|p1a: Iron Treads|Iron Treads|100/100
|switch|p2a: Glimmora|Glimmora, M|100/100
|turn|1
|
|t:|1769426501
|move|p1a: Iron Treads|Earthquake|p2a: Glimmora
|-supereffective|p2a: Glimmora
|-damage|p2a: Glimmora|0 fnt
|-activate|p2a: Glimmora|ability: Toxic Debris
|-sidestart|p1: huaba116|move: Toxic Spikes
|faint|p2a: Glimmora
|
|upkeep
|
|t:|1769426508
|switch|p2a: Dragonite|Dragonite, M|100/100
|turn|2
|
|t:|1769426512
|move|p1a: Iron Treads|Rapid Spin|p2a: Dragonite
|-damage|p2a: Dragonite|92/100
|-boost|p1a: Iron Treads|spe|1
|-sideend|p1: huaba116|Toxic Spikes|[from] move: Rapid Spin|[of] p1a: Iron Treads
|move|p2a: Dragonite|Encore|p1a: Iron Treads
|-start|p1a: Iron Treads|Encore
|
|upkeep
|turn|3
|
|t:|1769426530
|-end|p1a: Iron Treads|Quark Drive|[silent]
|switch|p1a: Landorus|Landorus-Therian, M|100/100
|-ability|p1a: Landorus|Intimidate|boost
|-unboost|p2a: Dragonite|atk|1
|move|p2a: Dragonite|Dragon Dance|p2a: Dragonite
|-boost|p2a: Dragonite|atk|1
|-boost|p2a: Dragonite|spe|1
|
|upkeep
|turn|4
|
|t:|1769426541
|move|p2a: Dragonite|Ice Spinner|p1a: Landorus
|-supereffective|p1a: Landorus
|-damage|p1a: Landorus|0 fnt
|-damage|p2a: Dragonite|75/100|[from] item: Rocky Helmet|[of] p1a: Landorus
|faint|p1a: Landorus
|
|upkeep
|
|t:|1769426549
|switch|p1a: Iron Treads|Iron Treads|100/100
|turn|5
|
|t:|1769426554
|move|p2a: Dragonite|Earthquake|p1a: Iron Treads
|-supereffective|p1a: Iron Treads
|-damage|p1a: Iron Treads|32/100
|move|p1a: Iron Treads|Ice Spinner|p2a: Dragonite
|-supereffective|p2a: Dragonite
|-damage|p2a: Dragonite|0 fnt
|faint|p2a: Dragonite
|
|-heal|p1a: Iron Treads|38/100|[from] item: Leftovers
|upkeep
|
|t:|1769426565
|switch|p2a: Zamazenta|Zamazenta|100/100
|-ability|p2a: Zamazenta|Dauntless Shield|boost
|-boost|p2a: Zamazenta|def|1
|turn|6
|inactive|Battle timer is ON: inactive players will automatically lose when time's up. (requested by huaba116)
|
|t:|1769426571
|-end|p1a: Iron Treads|Quark Drive|[silent]
|switch|p1a: Moltres|Moltres|100/100
|move|p2a: Zamazenta|Close Combat|p1a: Moltres
|-resisted|p1a: Moltres
|-damage|p1a: Moltres|80/100
|-unboost|p2a: Zamazenta|def|1
|-unboost|p2a: Zamazenta|spd|1
|
|upkeep
|turn|7
|
|t:|1769426582
|move|p2a: Zamazenta|Stone Edge|p1a: Moltres
|-supereffective|p1a: Moltres
|-damage|p1a: Moltres|0 fnt
|faint|p1a: Moltres
|
|upkeep
|
|t:|1769426591
|switch|p1a: Gholdengo|Gholdengo|100/100
|turn|8
|
|t:|1769426597
|move|p1a: Gholdengo|Shadow Ball|p2a: Zamazenta
|-damage|p2a: Zamazenta|46/100
|move|p2a: Zamazenta|Crunch|p1a: Gholdengo
|-supereffective|p1a: Gholdengo
|-damage|p1a: Gholdengo|39/100
|
|upkeep
|turn|9
|
|t:|1769426611
|switch|p1a: Iron Treads|Iron Treads|38/100
|switch|p2a: Furret|Furret, F|100/100
|-item|p1a: Iron Treads|Leftovers|[from] ability: Frisk|[of] p2a: Furret
|
|-heal|p1a: Iron Treads|44/100|[from] item: Leftovers
|upkeep
|turn|10
|
|t:|1769426620
|move|p1a: Iron Treads|Rapid Spin|p2a: Furret
|-damage|p2a: Furret|75/100
|-boost|p1a: Iron Treads|spe|1
|move|p2a: Furret|Tidy Up|p2a: Furret
|-boost|p2a: Furret|atk|1
|-boost|p2a: Furret|spe|1
|
|-heal|p1a: Iron Treads|51/100|[from] item: Leftovers
|upkeep
|turn|11
|
|t:|1769426629
|move|p1a: Iron Treads|Earthquake|p2a: Furret
|-damage|p2a: Furret|0 fnt
|faint|p2a: Furret
|
|-heal|p1a: Iron Treads|57/100|[from] item: Leftovers
|upkeep
|
|t:|1769426636
|switch|p2a: Zamazenta|Zamazenta|46/100
|turn|12
|
|t:|1769426646
|move|p1a: Iron Treads|Earthquake|p2a: Zamazenta
|-damage|p2a: Zamazenta|4/100
|move|p2a: Zamazenta|Crunch|p1a: Iron Treads
|-damage|p1a: Iron Treads|33/100
|
|-heal|p1a: Iron Treads|39/100|[from] item: Leftovers
|upkeep
|turn|13
|
|t:|1769426654
|move|p1a: Iron Treads|Earthquake|p2a: Zamazenta
|-damage|p2a: Zamazenta|0 fnt
|faint|p2a: Zamazenta
|
|-heal|p1a: Iron Treads|45/100|[from] item: Leftovers
|upkeep
|
|t:|1769426662
|switch|p2a: Iron Valiant|Iron Valiant|100/100
|-enditem|p2a: Iron Valiant|Booster Energy
|-activate|p2a: Iron Valiant|ability: Quark Drive|[fromitem]
|-start|p2a: Iron Valiant|quarkdrivespe
|turn|14
|
|t:|1769426672
|move|p2a: Iron Valiant|Close Combat|p1a: Iron Treads
|-supereffective|p1a: Iron Treads
|-damage|p1a: Iron Treads|0 fnt
|-unboost|p2a: Iron Valiant|def|1
|-unboost|p2a: Iron Valiant|spd|1
|faint|p1a: Iron Treads
|-end|p1a: Iron Treads|Quark Drive|[silent]
|
|upkeep
|
|t:|1769426683
|switch|p1a: Kyurem|Kyurem|100/100
|-ability|p1a: Kyurem|Pressure
|turn|15
|
|t:|1769426711
|-terastallize|p1a: Kyurem|Ground
|move|p2a: Iron Valiant|Moonblast|p1a: Kyurem
|-damage|p1a: Kyurem|57/100
|move|p1a: Kyurem|Freeze-Dry|p2a: Iron Valiant
|-damage|p2a: Iron Valiant|0 fnt
|faint|p2a: Iron Valiant
|-end|p2a: Iron Valiant|Quark Drive|[silent]
|
|upkeep
|
|t:|1769426719
|switch|p2a: Scizor|Scizor, M|100/100
|turn|16
|
|t:|1769426729
|-terastallize|p2a: Scizor|Steel
|move|p1a: Kyurem|Earth Power|p2a: Scizor
|-supereffective|p2a: Scizor
|-damage|p2a: Scizor|0 fnt
|faint|p2a: Scizor
|
|win|huaba116
|raw|huaba116's rating: 1228 &rarr; <strong>1250</strong><br />(+22 for winning)
|raw|Jomiel's rating: 1187 &rarr; <strong>1165</strong><br />(-22 for losing)
|l|☆Jomiel
|player|p2|
|l|☆huaba116
|player|p1|
