|j|☆MissKala<3<3
|j|☆Spark58
|t:|1769317284
|gametype|singles
|player|p1|MissKala<3<3|miku-ghost|1349
|player|p2|Spark58|101|1307
|gen|9
|tier|[Gen 9] OU
|rated|
|rule|HP Percentage Mod: HP is shown in percentages
|rule|Endless Battle Clause: Forcing endless battles is banned
|rule|Species Clause: Limit one of each Pokémon
|rule|OHKO Clause: OHKO moves are banned
|rule|Evasion Items Clause: Evasion items are banned
|rule|Evasion Moves Clause: Evasion moves are banned
|rule|Evasion Abilities Clause: Evasion abilities are banned
|rule|Sleep Moves Clause: Sleep-inducing moves are banned
|clearpoke
|poke|p1|Tinkaton, F|
|poke|p1|Ogerpon, F|
|poke|p1|Great Tusk|
|poke|p1|Pecharunt|
|poke|p1|Alomomola, M|
|poke|p1|Hydreigon, M|
|poke|p2|Alomomola, F|
|poke|p2|Zamazenta-*|
|poke|p2|Kyurem|
|poke|p2|Gliscor, M|
|poke|p2|Cinderace, F|
|poke|p2|Gholdengo|
|teampreview
|
|t:|1769317312
|teamsize|p1|6
|teamsize|p2|6
|start
|switch|p1a: Hybrid|Hydreigon, M, shiny|100/100
|switch|p2a: Cinderace|Cinderace, F|100/100
|turn|1
|inactive|Battle timer is ON: inactive players will automatically lose when time's up. (requested by MissKala<3<3)
|inactive|Spark58 has 120 seconds left.
|
|t:|1769317399
|switch|p1a: Overseer|Pecharunt|100/100
|move|p2a: Cinderace|U-turn|p1a: Overseer
|-start|p2a: Cinderace|typechange|Bug|[from] ability: Libero
|-resisted|p1a: Overseer
|-damage|p1a: Overseer|97/100
|-damage|p2a: Cinderace|84/100|[from] item: Rocky Helmet|[of] p1a: Overseer
|
|t:|1769317405
|switch|p2a: Gliscor|Gliscor, M|100/100|[from] U-turn
|
|-status|p2a: Gliscor|tox|[from] item: Toxic Orb
|upkeep
|turn|2
|
|t:|1769317430
|move|p2a: Gliscor|Stealth Rock|p1a: Overseer
|-sidestart|p1: MissKala<3<3|move: Stealth Rock
|move|p1a: Overseer|Parting Shot|p2a: Gliscor
|-unboost|p2a: Gliscor|atk|1
|-unboost|p2a: Gliscor|spa|1
|inactive|MissKala<3<3 has 120 seconds left.
|
|t:|1769317453
|switch|p1a: Behemoth|Great Tusk, shiny|100/100|[from] Parting Shot
|
|upkeep
|turn|3
|
|t:|1769317480
|move|p1a: Behemoth|Ice Spinner|p2a: Gliscor
|-supereffective|p2a: Gliscor
|-damage|p2a: Gliscor|29/100 tox
|move|p2a: Gliscor|Knock Off|p1a: Behemoth
|-resisted|p1a: Behemoth
|-damage|p1a: Behemoth|95/100
|-enditem|p1a: Behemoth|Heavy-Duty Boots|[from] move: Knock Off|[of] p2a: Gliscor
|
|-heal|p2a: Gliscor|42/100 tox|[from] ability: Poison Heal
|upkeep
|turn|4
|
|t:|1769317492
|switch|p2a: Alomomola|Alomomola, F|100/100
|move|p1a: Behemoth|Ice Spinner|p2a: Alomomola
|-resisted|p2a: Alomomola
|-damage|p2a: Alomomola|90/100
|
|upkeep
|turn|5
|inactive|Spark58 has 120 seconds left.
|inactive|Spark58 has 90 seconds left.
|inactive|Spark58 has 60 seconds left.
|
|t:|1769317591
|move|p1a: Behemoth|Rapid Spin|p2a: Alomomola
|-damage|p2a: Alomomola|77/100
|-boost|p1a: Behemoth|spe|1
|-sideend|p1: MissKala<3<3|Stealth Rock|[from] move: Rapid Spin|[of] p1a: Behemoth
|move|p2a: Alomomola|Scald|p1a: Behemoth
|-supereffective|p1a: Behemoth
|-damage|p1a: Behemoth|56/100
|
|upkeep
|turn|6
|inactive|MissKala<3<3 has 120 seconds left.
|
|t:|1769317617
|-end|p1a: Behemoth|Protosynthesis|[silent]
|switch|p1a: Smile.exe|Tinkaton, F, shiny|100/100
|-item|p1a: Smile.exe|Air Balloon
|move|p2a: Alomomola|Scald|p1a: Smile.exe
|-damage|p1a: Smile.exe|87/100
|-enditem|p1a: Smile.exe|Air Balloon
|
|upkeep
|turn|7
|inactive|Spark58 has 60 seconds left.
|
|t:|1769317638
|move|p1a: Smile.exe|Stealth Rock|p2a: Alomomola
|-sidestart|p2: Spark58|move: Stealth Rock
|move|p2a: Alomomola|Mirror Coat||[still]
|-fail|p2a: Alomomola
|
|upkeep
|turn|8
|
|t:|1769317644
|move|p1a: Smile.exe|Encore|p2a: Alomomola
|-start|p2a: Alomomola|Encore
|move|p2a: Alomomola|Mirror Coat||[still]
|-fail|p2a: Alomomola
|
|upkeep
|turn|9
|inactive|Spark58 has 60 seconds left.
|inactive|MissKala<3<3 has 120 seconds left.
|inactive|Spark58 has 30 seconds left.
|inactive|Spark58 has 20 seconds left.
|inactive|Spark58 has 15 seconds left.
|inactive|Spark58 has 10 seconds left.
|inactive|Spark58 has 5 seconds left.
|-message|Spark58 lost due to inactivity.
|
|win|MissKala<3<3
|raw|MissKala&lt;3&lt;3's rating: 1349 &rarr; <strong>1366</strong><br />(+17 for winning)
|raw|Spark58's rating: 1290 &rarr; <strong>1269</strong><br />(-21 for losing)
|l|☆Spark58
|player|p2|
