|j|☆Virgulito
|j|☆BIGBALLERQ$
|t:|1769428409
|gametype|singles
|player|p1|Virgulito|266|1485
|player|p2|BIGBALLERQ$|1|1536
|gen|9
|tier|[Gen 9] OU
|rated|
|rule|HP Percentage Mod: HP is shown in percentages
|rule|Endless Battle Clause: Forcing endless battles is banned
|rule|Species Clause: Limit one of each Pokémon
|rule|OHKO Clause: OHKO moves are banned
|rule|Evasion Items Clause: Evasion items are banned
|rule|Evasion Moves Clause: Evasion moves are banned
|rule|Evasion Abilities Clause: Evasion abilities are banned
|rule|Sleep Moves Clause: Sleep-inducing moves are banned
|clearpoke
|poke|p1|Great Tusk|
|poke|p1|Dragapult, M|
|poke|p1|Kingambit, M|
|poke|p1|Corviknight, F|
|poke|p1|Rillaboom, M|
|poke|p1|Keldeo-Resolute|
|poke|p2|Kingambit, M|
|poke|p2|Landorus-Therian, M|
|poke|p2|Ninetales-Alola, M|
|poke|p2|Gholdengo|
|poke|p2|Kyurem|
|poke|p2|Great Tusk|
|teampreview
|
|t:|1769428425
|teamsize|p1|6
|teamsize|p2|6
|start
|switch|p1a: Great Tusk|Great Tusk|100/100
|switch|p2a: Gholdengo|Gholdengo|100/100
|turn|1
|j| firecharmander004
|
|t:|1769428429
|move|p2a: Gholdengo|Make It Rain|p1a: Great Tusk
|-damage|p1a: Great Tusk|22/100
|-unboost|p2a: Gholdengo|spa|1
|move|p1a: Great Tusk|Headlong Rush|p2a: Gholdengo
|-supereffective|p2a: Gholdengo
|-damage|p2a: Gholdengo|0 fnt
|-unboost|p1a: Great Tusk|def|1
|-unboost|p1a: Great Tusk|spd|1
|faint|p2a: Gholdengo
|
|upkeep
|
|t:|1769428455
|switch|p2a: Landorus|Landorus-Therian, M|100/100
|-ability|p2a: Landorus|Intimidate|boost
|-unboost|p1a: Great Tusk|atk|1
|turn|2
|
|t:|1769428464
|-end|p1a: Great Tusk|Protosynthesis|[silent]
|switch|p1a: Corviknight|Corviknight, F|100/100
|-ability|p1a: Corviknight|Pressure
|move|p2a: Landorus|U-turn|p1a: Corviknight
|-resisted|p1a: Corviknight
|-crit|p1a: Corviknight
|-damage|p1a: Corviknight|95/100
|
|t:|1769428479
|switch|p2a: Ninetales|Ninetales-Alola, M|100/100|[from] U-turn
|-weather|Snowscape|[from] ability: Snow Warning|[of] p2a: Ninetales
|
|-weather|Snowscape|[upkeep]
|-heal|p1a: Corviknight|100/100|[from] item: Leftovers
|upkeep
|turn|3
|
|t:|1769428489
|move|p2a: Ninetales|Aurora Veil|p2a: Ninetales
|-sidestart|p2: BIGBALLERQ$|move: Aurora Veil
|move|p1a: Corviknight|U-turn|p2a: Ninetales
|-resisted|p2a: Ninetales
|-damage|p2a: Ninetales|99/100
|
|t:|1769428493
|switch|p1a: Kingambit|Kingambit, M|100/100|[from] U-turn
|
|-weather|Snowscape|[upkeep]
|upkeep
|turn|4
|
|t:|1769428503
|switch|p2a: Landorus|Landorus-Therian, M|100/100
|-ability|p2a: Landorus|Intimidate|boost
|-unboost|p1a: Kingambit|atk|1
|move|p1a: Kingambit|Iron Head|p2a: Landorus
|-damage|p2a: Landorus|86/100
|-damage|p1a: Kingambit|84/100|[from] item: Rocky Helmet|[of] p2a: Landorus
|
|-weather|Snowscape|[upkeep]
|-heal|p1a: Kingambit|90/100|[from] item: Leftovers
|upkeep
|turn|5
|
|t:|1769428513
|-end|p1a: Kingambit|fallenundefined|[silent]
|switch|p1a: Corviknight|Corviknight, F|100/100
|-ability|p1a: Corviknight|Pressure
|move|p2a: Landorus|U-turn|p1a: Corviknight
|-resisted|p1a: Corviknight
|-damage|p1a: Corviknight|97/100
|
|t:|1769428520
|switch|p2a: Kyurem|Kyurem|100/100|[from] U-turn
|-ability|p2a: Kyurem|Pressure
|
|-weather|Snowscape|[upkeep]
|-heal|p1a: Corviknight|100/100|[from] item: Leftovers
|upkeep
|turn|6
|
|t:|1769428528
|move|p2a: Kyurem|Dragon Dance|p2a: Kyurem
|-boost|p2a: Kyurem|atk|1
|-boost|p2a: Kyurem|spe|1
|move|p1a: Corviknight|Body Press|p2a: Kyurem
|-supereffective|p2a: Kyurem
|-damage|p2a: Kyurem|83/100
|
|-weather|none
|upkeep
|turn|7
|
|t:|1769428537
|move|p2a: Kyurem|Dragon Dance|p2a: Kyurem
|-boost|p2a: Kyurem|atk|1
|-boost|p2a: Kyurem|spe|1
|move|p1a: Corviknight|Body Press|p2a: Kyurem
|-supereffective|p2a: Kyurem
|-damage|p2a: Kyurem|56/100
|
|upkeep
|turn|8
|
|t:|1769428542
|move|p2a: Kyurem|Icicle Spear|p1a: Corviknight
|-damage|p1a: Corviknight|82/100
|-damage|p1a: Corviknight|65/100
|-damage|p1a: Corviknight|45/100
|-damage|p1a: Corviknight|27/100
|-hitcount|p1a: Corviknight|4
|move|p1a: Corviknight|Body Press|p2a: Kyurem
|-supereffective|p2a: Kyurem
|-damage|p2a: Kyurem|30/100
|
|-heal|p1a: Corviknight|33/100|[from] item: Leftovers
|upkeep
|turn|9
|
|t:|1769428556
|switch|p1a: Great Tusk|Great Tusk|22/100
|move|p2a: Kyurem|Icicle Spear|p1a: Great Tusk
|-supereffective|p1a: Great Tusk
|-damage|p1a: Great Tusk|0 fnt
|faint|p1a: Great Tusk
|-end|p1a: Great Tusk|Protosynthesis|[silent]
|-hitcount|p1: Great Tusk|1
|
|upkeep
|l| firecharmander004
|
|t:|1769428567
|switch|p1a: Keldeo|Keldeo-Resolute|100/100
|turn|10
|
|t:|1769428573
|move|p2a: Kyurem|Scale Shot|p1a: Keldeo|[miss]
|-miss|p2a: Kyurem|p1a: Keldeo
|move|p1a: Keldeo|Secret Sword|p2a: Kyurem
|-supereffective|p2a: Kyurem
|-damage|p2a: Kyurem|0 fnt
|faint|p2a: Kyurem
|
|-sideend|p2: BIGBALLERQ$|move: Aurora Veil
|upkeep
|
|t:|1769428580
|switch|p2a: Ninetales|Ninetales-Alola, M|99/100
|-weather|Snowscape|[from] ability: Snow Warning|[of] p2a: Ninetales
|turn|11
|
|t:|1769428590
|move|p1a: Keldeo|Surf|p2a: Ninetales
|-damage|p2a: Ninetales|63/100
|move|p2a: Ninetales|Aurora Veil|p2a: Ninetales
|-sidestart|p2: BIGBALLERQ$|move: Aurora Veil
|
|-weather|Snowscape|[upkeep]
|upkeep
|turn|12
|
|t:|1769428597
|switch|p1a: Corviknight|Corviknight, F|33/100
|-ability|p1a: Corviknight|Pressure
|move|p2a: Ninetales|Freeze-Dry|p1a: Corviknight
|-damage|p1a: Corviknight|12/100
|
|-weather|Snowscape|[upkeep]
|-heal|p1a: Corviknight|18/100|[from] item: Leftovers
|upkeep
|turn|13
|
|t:|1769428604
|move|p2a: Ninetales|Blizzard|p1a: Corviknight
|-damage|p1a: Corviknight|0 fnt
|faint|p1a: Corviknight
|
|-weather|Snowscape|[upkeep]
|upkeep
|
|t:|1769428608
|switch|p1a: Kingambit|Kingambit, M|90/100
|-activate|p1a: Kingambit|ability: Supreme Overlord
|-start|p1a: Kingambit|fallen2|[silent]
|turn|14
|
|t:|1769428614
|-end|p1a: Kingambit|fallen2|[silent]
|switch|p1a: Keldeo|Keldeo-Resolute|100/100
|move|p2a: Ninetales|Blizzard|p1a: Keldeo
|-resisted|p1a: Keldeo
|-damage|p1a: Keldeo|92/100
|
|-weather|Snowscape|[upkeep]
|upkeep
|turn|15
|
|t:|1769428617
|switch|p1a: Kingambit|Kingambit, M|90/100
|-activate|p1a: Kingambit|ability: Supreme Overlord
|-start|p1a: Kingambit|fallen2|[silent]
|move|p2a: Ninetales|Freeze-Dry|p1a: Kingambit
|-resisted|p1a: Kingambit
|-damage|p1a: Kingambit|78/100
|
|-weather|none
|-heal|p1a: Kingambit|84/100|[from] item: Leftovers
|upkeep
|turn|16
|
|t:|1769428624
|move|p2a: Ninetales|Freeze-Dry|p1a: Kingambit
|-resisted|p1a: Kingambit
|-damage|p1a: Kingambit|73/100
|move|p1a: Kingambit|Iron Head|p2a: Ninetales
|-supereffective|p2a: Ninetales
|-damage|p2a: Ninetales|0 fnt
|faint|p2a: Ninetales
|
|-heal|p1a: Kingambit|79/100|[from] item: Leftovers
|upkeep
|
|t:|1769428628
|switch|p2a: Great Tusk|Great Tusk|100/100
|-enditem|p2a: Great Tusk|Booster Energy
|-activate|p2a: Great Tusk|ability: Protosynthesis|[fromitem]
|-start|p2a: Great Tusk|protosynthesisatk
|turn|17
|
|t:|1769428637
|-end|p1a: Kingambit|fallen2|[silent]
|switch|p1a: Keldeo|Keldeo-Resolute|92/100
|move|p2a: Great Tusk|Headlong Rush|p1a: Keldeo
|-damage|p1a: Keldeo|5/100
|-unboost|p2a: Great Tusk|def|1
|-unboost|p2a: Great Tusk|spd|1
|
|upkeep
|turn|18
|
|t:|1769428644
|move|p1a: Keldeo|Icy Wind|p2a: Great Tusk
|-supereffective|p2a: Great Tusk
|-damage|p2a: Great Tusk|67/100
|-unboost|p2a: Great Tusk|spe|1
|move|p2a: Great Tusk|Rapid Spin|p1a: Keldeo
|-damage|p1a: Keldeo|0 fnt
|-boost|p2a: Great Tusk|spe|1
|faint|p1a: Keldeo
|
|-sideend|p2: BIGBALLERQ$|move: Aurora Veil
|upkeep
|
|t:|1769428647
|switch|p1a: Rillaboom|Rillaboom, M|100/100
|-fieldstart|move: Grassy Terrain|[from] ability: Grassy Surge|[of] p1a: Rillaboom
|turn|19
|
|t:|1769428650
|-end|p2a: Great Tusk|Protosynthesis|[silent]
|switch|p2a: Landorus|Landorus-Therian, M|86/100
|-ability|p2a: Landorus|Intimidate|boost
|-unboost|p1a: Rillaboom|atk|1
|move|p1a: Rillaboom|Grassy Glide|p2a: Landorus
|-damage|p2a: Landorus|51/100
|-damage|p1a: Rillaboom|84/100|[from] item: Rocky Helmet|[of] p2a: Landorus
|
|-heal|p1a: Rillaboom|90/100|[from] Grassy Terrain
|upkeep
|turn|20
|
|t:|1769428653
|switch|p1a: Dragapult|Dragapult, M|100/100
|move|p2a: Landorus|Stealth Rock|p1a: Dragapult
|-sidestart|p1: Virgulito|move: Stealth Rock
|
|upkeep
|turn|21
|
|t:|1769428664
|-terastallize|p1a: Dragapult|Dragon
|move|p1a: Dragapult|Draco Meteor|p2a: Landorus
|-damage|p2a: Landorus|0 fnt
|-unboost|p1a: Dragapult|spa|2
|faint|p2a: Landorus
|-damage|p1a: Dragapult|91/100|[from] item: Life Orb
|
|-heal|p1a: Dragapult|97/100|[from] Grassy Terrain
|upkeep
|
|t:|1769428673
|switch|p2a: Great Tusk|Great Tusk|67/100
|turn|22
|
|t:|1769428686
|switch|p1a: Rillaboom|Rillaboom, M|90/100
|-damage|p1a: Rillaboom|78/100|[from] Stealth Rock
|move|p2a: Great Tusk|Close Combat|p1a: Rillaboom
|-damage|p1a: Rillaboom|4/100
|-unboost|p2a: Great Tusk|def|1
|-unboost|p2a: Great Tusk|spd|1
|
|-heal|p2a: Great Tusk|73/100|[from] Grassy Terrain
|-heal|p1a: Rillaboom|10/100|[from] Grassy Terrain
|upkeep
|turn|23
|
|t:|1769428695
|move|p1a: Rillaboom|Grassy Glide|p2a: Great Tusk
|-supereffective|p2a: Great Tusk
|-damage|p2a: Great Tusk|0 fnt
|faint|p2a: Great Tusk
|-end|p2a: Great Tusk|Protosynthesis|[silent]
|
|-heal|p1a: Rillaboom|16/100|[from] Grassy Terrain
|-fieldend|move: Grassy Terrain
|upkeep
|
|t:|1769428698
|switch|p2a: Kingambit|Kingambit, M|100/100
|-activate|p2a: Kingambit|ability: Supreme Overlord
|-start|p2a: Kingambit|fallen5|[silent]
|turn|24
|
|t:|1769428706
|switch|p1a: Kingambit|Kingambit, M|79/100
|-damage|p1a: Kingambit|73/100|[from] Stealth Rock
|-activate|p1a: Kingambit|ability: Supreme Overlord
|-start|p1a: Kingambit|fallen3|[silent]
|move|p2a: Kingambit|Swords Dance|p2a: Kingambit
|-boost|p2a: Kingambit|atk|2
|
|-heal|p1a: Kingambit|79/100|[from] item: Leftovers
|upkeep
|turn|25
|
|t:|1769428719
|move|p1a: Kingambit|Swords Dance|p1a: Kingambit
|-boost|p1a: Kingambit|atk|2
|move|p2a: Kingambit|Kowtow Cleave|p1a: Kingambit
|-resisted|p1a: Kingambit
|-damage|p1a: Kingambit|11/100
|
|-heal|p1a: Kingambit|18/100|[from] item: Leftovers
|upkeep
|turn|26
|
|t:|1769428724
|move|p1a: Kingambit|Sucker Punch|p2a: Kingambit
|-resisted|p2a: Kingambit
|-damage|p2a: Kingambit|63/100
|move|p2a: Kingambit|Kowtow Cleave|p1a: Kingambit
|-resisted|p1a: Kingambit
|-damage|p1a: Kingambit|0 fnt
|faint|p1a: Kingambit
|-end|p1a: Kingambit|fallen3|[silent]
|
|-heal|p2a: Kingambit|69/100|[from] item: Leftovers
|upkeep
|
|t:|1769428728
|switch|p1a: Dragapult|Dragapult, M, tera:Dragon|97/100
|-damage|p1a: Dragapult|84/100|[from] Stealth Rock
|turn|27
|
|t:|1769428732
|move|p2a: Kingambit|Sucker Punch|p1a: Dragapult
|-damage|p1a: Dragapult|0 fnt
|faint|p1a: Dragapult
|
|-heal|p2a: Kingambit|75/100|[from] item: Leftovers
|upkeep
|
|t:|1769428735
|switch|p1a: Rillaboom|Rillaboom, M|16/100
|-damage|p1a: Rillaboom|4/100|[from] Stealth Rock
|-fieldstart|move: Grassy Terrain|[from] ability: Grassy Surge|[of] p1a: Rillaboom
|turn|28
|
|t:|1769428746
|-terastallize|p2a: Kingambit|Ghost
|move|p1a: Rillaboom|Grassy Glide|p2a: Kingambit
|-damage|p2a: Kingambit|33/100
|move|p2a: Kingambit|Iron Head|p1a: Rillaboom
|-damage|p1a: Rillaboom|0 fnt
|faint|p1a: Rillaboom
|
|win|BIGBALLERQ$
|raw|Virgulito's rating: 1485 &rarr; <strong>1468</strong><br />(-17 for losing)
|raw|BIGBALLERQ$'s rating: 1536 &rarr; <strong>1553</strong><br />(+17 for winning)
|l|☆Virgulito
|player|p1|
|c|☆BIGBALLERQ$|gg
|l|☆BIGBALLERQ$
|player|p2|
