|j|☆kiko5bolas
|j|☆flappymcflappy
|t:|1769328322
|gametype|singles
|player|p1|kiko5bolas|266|1136
|player|p2|flappymcflappy|iris-gen5bw2|1121
|gen|9
|tier|[Gen 9] OU
|rated|
|rule|HP Percentage Mod: HP is shown in percentages
|rule|Endless Battle Clause: Forcing endless battles is banned
|rule|Species Clause: Limit one of each Pokémon
|rule|OHKO Clause: OHKO moves are banned
|rule|Evasion Items Clause: Evasion items are banned
|rule|Evasion Moves Clause: Evasion moves are banned
|rule|Evasion Abilities Clause: Evasion abilities are banned
|rule|Sleep Moves Clause: Sleep-inducing moves are banned
|clearpoke
|poke|p1|Gardevoir, M|
|poke|p1|Iron Valiant|
|poke|p1|Ceruledge, M|
|poke|p1|Garganacl, F|
|poke|p1|Metagross|
|poke|p1|Ninetales, M|
|poke|p2|Samurott-Hisui, F|
|poke|p2|Darkrai|
|poke|p2|Iron Valiant|
|poke|p2|Pecharunt|
|poke|p2|Landorus-Therian, M|
|poke|p2|Ogerpon-Wellspring, F|
|teampreview
|inactive|Battle timer is ON: inactive players will automatically lose when time's up. (requested by flappymcflappy)
|
|t:|1769328328
|teamsize|p1|6
|teamsize|p2|6
|start
|switch|p1a: Ninetales|Ninetales, M|100/100
|switch|p2a: Healthy Meta|Landorus-Therian, M|100/100
|-weather|SunnyDay|[from] ability: Drought|[of] p1a: Ninetales
|-ability|p2a: Healthy Meta|Intimidate|boost
|-unboost|p1a: Ninetales|atk|1
|turn|1
|
|t:|1769328344
|switch|p1a: Garganacl|Garganacl, F|100/100
|move|p2a: Healthy Meta|Stealth Rock|p1a: Garganacl
|-sidestart|p1: kiko5bolas|move: Stealth Rock
|
|-weather|SunnyDay|[upkeep]
|upkeep
|turn|2
|
|t:|1769328357
|move|p2a: Healthy Meta|Earthquake|p1a: Garganacl
|-supereffective|p1a: Garganacl
|-damage|p1a: Garganacl|28/100
|move|p1a: Garganacl|Salt Cure|p2a: Healthy Meta
|-damage|p2a: Healthy Meta|84/100
|-start|p2a: Healthy Meta|Salt Cure
|
|-weather|SunnyDay|[upkeep]
|-heal|p1a: Garganacl|34/100|[from] item: Leftovers
|-damage|p2a: Healthy Meta|71/100|[from] Salt Cure
|upkeep
|turn|3
|
|t:|1769328373
|move|p2a: Healthy Meta|U-turn|p1a: Garganacl
|-damage|p1a: Garganacl|15/100
|
|t:|1769328380
|switch|p2a: YOLO Samurott|Samurott-Hisui, F|100/100|[from] U-turn
|move|p1a: Garganacl|Recover|p1a: Garganacl
|-heal|p1a: Garganacl|65/100
|
|-weather|SunnyDay|[upkeep]
|-heal|p1a: Garganacl|72/100|[from] item: Leftovers
|upkeep
|turn|4
|
|t:|1769328390
|move|p1a: Garganacl|Protect|p1a: Garganacl
|-singleturn|p1a: Garganacl|Protect
|move|p2a: YOLO Samurott|Ceaseless Edge|p1a: Garganacl
|-activate|p1a: Garganacl|move: Protect
|
|-weather|SunnyDay|[upkeep]
|-heal|p1a: Garganacl|78/100|[from] item: Leftovers
|upkeep
|turn|5
|
|t:|1769328399
|move|p2a: YOLO Samurott|Ceaseless Edge|p1a: Garganacl
|-damage|p1a: Garganacl|48/100
|-sidestart|p1: kiko5bolas|Spikes
|move|p1a: Garganacl|Salt Cure|p2a: YOLO Samurott
|-damage|p2a: YOLO Samurott|86/100
|-start|p2a: YOLO Samurott|Salt Cure
|
|-weather|SunnyDay|[upkeep]
|-heal|p1a: Garganacl|54/100|[from] item: Leftovers
|-damage|p2a: YOLO Samurott|61/100|[from] Salt Cure
|upkeep
|turn|6
|
|t:|1769328411
|switch|p2a: Healthy Meta|Landorus-Therian, M|71/100
|-ability|p2a: Healthy Meta|Intimidate|boost
|-unboost|p1a: Garganacl|atk|1
|move|p1a: Garganacl|Protect||[still]
|-fail|p1a: Garganacl
|
|-weather|SunnyDay|[upkeep]
|-heal|p1a: Garganacl|60/100|[from] item: Leftovers
|upkeep
|turn|7
|
|t:|1769328427
|move|p1a: Garganacl|Protect|p1a: Garganacl
|-singleturn|p1a: Garganacl|Protect
|move|p2a: Healthy Meta|Earthquake|p1a: Garganacl
|-activate|p1a: Garganacl|move: Protect
|
|-weather|SunnyDay|[upkeep]
|-heal|p1a: Garganacl|66/100|[from] item: Leftovers
|upkeep
|turn|8
|
|t:|1769328438
|move|p2a: Healthy Meta|Earthquake|p1a: Garganacl
|-supereffective|p1a: Garganacl
|-damage|p1a: Garganacl|0 fnt
|faint|p1a: Garganacl
|
|-weather|none
|upkeep
|
|t:|1769328446
|switch|p1a: Metagross|Metagross|100/100
|-damage|p1a: Metagross|94/100|[from] Stealth Rock
|-damage|p1a: Metagross|82/100|[from] Spikes
|turn|9
|
|t:|1769328461
|switch|p1a: Ceruledge|Ceruledge, M|100/100
|-damage|p1a: Ceruledge|76/100|[from] Stealth Rock
|-item|p1a: Ceruledge|Air Balloon
|move|p2a: Healthy Meta|Taunt|p1a: Ceruledge
|-start|p1a: Ceruledge|move: Taunt
|
|upkeep
|turn|10
|
|t:|1769328473
|-terastallize|p1a: Ceruledge|Stellar
|move|p2a: Healthy Meta|U-turn|p1a: Ceruledge
|-resisted|p1a: Ceruledge
|-damage|p1a: Ceruledge|66/100
|-ability|p1a: Ceruledge|Weak Armor|boost
|-unboost|p1a: Ceruledge|def|1
|-boost|p1a: Ceruledge|spe|2
|-enditem|p1a: Ceruledge|Air Balloon
|
|t:|1769328481
|switch|p2a: YOLO Samurott|Samurott-Hisui, F|61/100|[from] U-turn
|move|p1a: Ceruledge|Bitter Blade|p2a: YOLO Samurott
|-resisted|p2a: YOLO Samurott
|-damage|p2a: YOLO Samurott|25/100
|-heal|p1a: Ceruledge|90/100|[from] drain|[of] p2a: YOLO Samurott
|
|upkeep
|turn|11
|
|t:|1769328491
|move|p1a: Ceruledge|Shadow Sneak|p2a: YOLO Samurott
|-resisted|p2a: YOLO Samurott
|-damage|p2a: YOLO Samurott|12/100
|move|p2a: YOLO Samurott|Sucker Punch||[still]
|-fail|p2a: YOLO Samurott
|
|-end|p1a: Ceruledge|move: Taunt
|upkeep
|turn|12
|
|t:|1769328500
|move|p1a: Ceruledge|Bitter Blade|p2a: YOLO Samurott
|-resisted|p2a: YOLO Samurott
|-damage|p2a: YOLO Samurott|0 fnt
|-heal|p1a: Ceruledge|97/100|[from] drain|[of] p2a: YOLO Samurott
|faint|p2a: YOLO Samurott
|
|upkeep
|
|t:|1769328514
|switch|p2a: Dracovish at home|Ogerpon-Wellspring, F|100/100
|turn|13
|
|t:|1769328529
|move|p1a: Ceruledge|Swords Dance|p1a: Ceruledge
|-boost|p1a: Ceruledge|atk|2
|move|p2a: Dracovish at home|Swords Dance|p2a: Dracovish at home
|-boost|p2a: Dracovish at home|atk|2
|
|upkeep
|turn|14
|
|t:|1769328537
|move|p1a: Ceruledge|Bitter Blade|p2a: Dracovish at home
|-damage|p2a: Dracovish at home|0 fnt
|-heal|p1a: Ceruledge|100/100|[from] drain|[of] p2a: Dracovish at home
|faint|p2a: Dracovish at home
|
|upkeep
|
|t:|1769328547
|switch|p2a: Smeargle hater|Darkrai|100/100
|turn|15
|
|t:|1769328551
|move|p1a: Ceruledge|Close Combat|p2a: Smeargle hater
|-supereffective|p2a: Smeargle hater
|-damage|p2a: Smeargle hater|0 fnt
|-unboost|p1a: Ceruledge|def|1
|-unboost|p1a: Ceruledge|spd|1
|faint|p2a: Smeargle hater
|
|upkeep
|
|t:|1769328556
|switch|p2a: Trans?|Iron Valiant|100/100
|-enditem|p2a: Trans?|Booster Energy
|-activate|p2a: Trans?|ability: Quark Drive|[fromitem]
|-start|p2a: Trans?|quarkdrivespe
|turn|16
|
|t:|1769328564
|move|p1a: Ceruledge|Bitter Blade|p2a: Trans?
|-damage|p2a: Trans?|0 fnt
|faint|p2a: Trans?
|-end|p2a: Trans?|Quark Drive|[silent]
|
|upkeep
|-message|flappymcflappy forfeited.
|
|win|kiko5bolas
|raw|kiko5bolas's rating: 1136 &rarr; <strong>1160</strong><br />(+24 for winning)
|raw|flappymcflappy's rating: 1121 &rarr; <strong>1097</strong><br />(-24 for losing)
|l|☆flappymcflappy
|player|p2|
