|j|☆151htyrneh
|j|☆gholdengofinance
|t:|1769420713
|gametype|singles
|player|p1|151htyrneh|wallace|1753
|player|p2|gholdengofinance|leaf-masters2|1628
|gen|9
|tier|[Gen 9] OU
|rated|
|rule|HP Percentage Mod: HP is shown in percentages
|rule|Endless Battle Clause: Forcing endless battles is banned
|rule|Species Clause: Limit one of each Pokémon
|rule|OHKO Clause: OHKO moves are banned
|rule|Evasion Items Clause: Evasion items are banned
|rule|Evasion Moves Clause: Evasion moves are banned
|rule|Evasion Abilities Clause: Evasion abilities are banned
|rule|Sleep Moves Clause: Sleep-inducing moves are banned
|clearpoke
|poke|p1|Glimmora, M|
|poke|p1|Landorus-Therian, M|
|poke|p1|Kyurem|
|poke|p1|Kingambit, F|
|poke|p1|Iron Valiant|
|poke|p1|Hatterene, F|
|poke|p2|Pecharunt|
|poke|p2|Cinderace, M|
|poke|p2|Iron Valiant|
|poke|p2|Kingambit, F|
|poke|p2|Landorus-Therian, M|
|poke|p2|Kyurem|
|teampreview
|
|t:|1769420720
|teamsize|p1|6
|teamsize|p2|6
|start
|switch|p1a: Kyurem|Kyurem|100/100
|switch|p2a: Landorus|Landorus-Therian, M|100/100
|-ability|p2a: Landorus|Intimidate|boost
|-unboost|p1a: Kyurem|atk|1
|-ability|p1a: Kyurem|Pressure
|turn|1
|
|t:|1769420723
|switch|p2a: Kingambit|Kingambit, F|100/100
|move|p1a: Kyurem|Ice Beam|p2a: Kingambit
|-resisted|p2a: Kingambit
|-damage|p2a: Kingambit|85/100
|
|upkeep
|turn|2
|
|t:|1769420725
|move|p1a: Kyurem|Focus Blast|p2a: Kingambit|[miss]
|-miss|p1a: Kyurem|p2a: Kingambit
|move|p2a: Kingambit|Iron Head|p1a: Kyurem
|-supereffective|p1a: Kyurem
|-damage|p1a: Kyurem|15/100
|
|upkeep
|turn|3
|
|t:|1769420730
|switch|p1a: Landorus|Landorus-Therian, M|100/100
|-ability|p1a: Landorus|Intimidate|boost
|-unboost|p2a: Kingambit|atk|1
|-ability|p2a: Kingambit|Defiant|boost
|-boost|p2a: Kingambit|atk|2
|move|p2a: Kingambit|Iron Head|p1a: Landorus
|-damage|p1a: Landorus|29/100
|-damage|p2a: Kingambit|69/100|[from] item: Rocky Helmet|[of] p1a: Landorus
|
|upkeep
|turn|4
|
|t:|1769420734
|move|p1a: Landorus|Stealth Rock|p2a: Kingambit
|-sidestart|p2: gholdengofinance|move: Stealth Rock
|move|p2a: Kingambit|Iron Head|p1a: Landorus
|-damage|p1a: Landorus|0 fnt
|-damage|p2a: Kingambit|52/100|[from] item: Rocky Helmet|[of] p1a: Landorus
|faint|p1a: Landorus
|
|upkeep
|
|t:|1769420737
|switch|p1a: Kyurem|Kyurem|15/100
|-ability|p1a: Kyurem|Pressure
|turn|5
|
|t:|1769420739
|move|p1a: Kyurem|Earth Power|p2a: Kingambit
|-supereffective|p2a: Kingambit
|-damage|p2a: Kingambit|6/100
|-unboost|p2a: Kingambit|spd|1
|-ability|p2a: Kingambit|Defiant|boost
|-boost|p2a: Kingambit|atk|2
|move|p2a: Kingambit|Iron Head|p1a: Kyurem
|-supereffective|p1a: Kyurem
|-damage|p1a: Kyurem|0 fnt
|faint|p1a: Kyurem
|
|upkeep
|
|t:|1769420742
|switch|p1a: Iron Valiant|Iron Valiant|100/100
|-enditem|p1a: Iron Valiant|Booster Energy
|-activate|p1a: Iron Valiant|ability: Quark Drive|[fromitem]
|-start|p1a: Iron Valiant|quarkdrivespe
|turn|6
|
|t:|1769420745
|move|p1a: Iron Valiant|Moonblast|p2a: Kingambit
|-damage|p2a: Kingambit|0 fnt
|faint|p2a: Kingambit
|
|upkeep
|
|t:|1769420747
|switch|p2a: Cinderace|Cinderace, M|100/100
|turn|7
|
|t:|1769420752
|move|p1a: Iron Valiant|Close Combat|p2a: Cinderace
|-damage|p2a: Cinderace|31/100
|-unboost|p1a: Iron Valiant|def|1
|-unboost|p1a: Iron Valiant|spd|1
|move|p2a: Cinderace|Gunk Shot|p1a: Iron Valiant
|-start|p2a: Cinderace|typechange|Poison|[from] ability: Libero
|-supereffective|p1a: Iron Valiant
|-damage|p1a: Iron Valiant|0 fnt
|faint|p1a: Iron Valiant
|-end|p1a: Iron Valiant|Quark Drive|[silent]
|
|upkeep
|
|t:|1769420755
|switch|p1a: Glimmora|Glimmora, M|100/100
|turn|8
|
|t:|1769420758
|switch|p2a: Landorus|Landorus-Therian, M|100/100
|-damage|p2a: Landorus|88/100|[from] Stealth Rock
|-ability|p2a: Landorus|Intimidate|boost
|-unboost|p1a: Glimmora|atk|1
|move|p1a: Glimmora|Earth Power|p2a: Landorus
|-immune|p2a: Landorus
|
|upkeep
|turn|9
|
|t:|1769420760
|switch|p1a: Hatterene|Hatterene, F|100/100
|move|p2a: Landorus|Sandsear Storm|p1a: Hatterene
|-damage|p1a: Hatterene|62/100
|
|upkeep
|turn|10
|
|t:|1769420762
|move|p2a: Landorus|U-turn|p1a: Hatterene
|-damage|p1a: Hatterene|45/100
|-damage|p2a: Landorus|72/100|[from] item: Rocky Helmet|[of] p1a: Hatterene
|
|t:|1769420765
|switch|p2a: Pecharunt|Pecharunt|100/100|[from] U-turn
|move|p1a: Hatterene|Pain Split|p2a: Pecharunt
|-sethp|p2a: Pecharunt|69/100|[from] move: Pain Split|[silent]
|-sethp|p1a: Hatterene|82/100|[from] move: Pain Split
|
|upkeep
|turn|11
|j| beeboobaa
|
|t:|1769420768
|switch|p1a: Kingambit|Kingambit, F|100/100
|-activate|p1a: Kingambit|ability: Supreme Overlord
|-start|p1a: Kingambit|fallen3|[silent]
|move|p2a: Pecharunt|Malignant Chain|p1a: Kingambit
|-immune|p1a: Kingambit
|
|upkeep
|turn|12
|
|t:|1769420772
|move|p2a: Pecharunt|Parting Shot|p1a: Kingambit
|-unboost|p1a: Kingambit|atk|1
|-unboost|p1a: Kingambit|spa|1
|
|t:|1769420774
|switch|p2a: Landorus|Landorus-Therian, M|72/100|[from] Parting Shot
|-damage|p2a: Landorus|59/100|[from] Stealth Rock
|-ability|p2a: Landorus|Intimidate|boost
|-unboost|p1a: Kingambit|atk|1
|move|p1a: Kingambit|Kowtow Cleave|p2a: Landorus
|-damage|p2a: Landorus|23/100
|-damage|p1a: Kingambit|84/100|[from] item: Rocky Helmet|[of] p2a: Landorus
|
|upkeep
|turn|13
|
|t:|1769420776
|-end|p1a: Kingambit|fallen3|[silent]
|switch|p1a: Hatterene|Hatterene, F|82/100
|move|p2a: Landorus|Sandsear Storm|p1a: Hatterene
|-damage|p1a: Hatterene|43/100
|
|upkeep
|turn|14
|
|t:|1769420781
|move|p2a: Landorus|Sandsear Storm|p1a: Hatterene
|-damage|p1a: Hatterene|5/100
|-status|p1a: Hatterene|brn
|move|p1a: Hatterene|Psychic Noise|p2a: Landorus
|-damage|p2a: Landorus|0 fnt
|faint|p2a: Landorus
|
|-damage|p1a: Hatterene|0 fnt|[from] brn
|faint|p1a: Hatterene
|upkeep
|j| shedtailhater
|
|t:|1769420785
|switch|p2a: Kyurem|Kyurem|100/100
|switch|p1a: Glimmora|Glimmora, M|100/100
|-damage|p2a: Kyurem|76/100|[from] Stealth Rock
|-ability|p2a: Kyurem|Pressure
|turn|15
|
|t:|1769420788
|-terastallize|p1a: Glimmora|Fairy
|move|p1a: Glimmora|Dazzling Gleam|p2a: Kyurem
|-supereffective|p2a: Kyurem
|-damage|p2a: Kyurem|0 fnt
|faint|p2a: Kyurem
|
|upkeep
|
|t:|1769420792
|switch|p2a: Pecharunt|Pecharunt|69/100
|turn|16
|
|t:|1769420798
|move|p1a: Glimmora|Dazzling Gleam|p2a: Pecharunt
|-resisted|p2a: Pecharunt
|-damage|p2a: Pecharunt|47/100
|move|p2a: Pecharunt|Malignant Chain|p1a: Glimmora
|-supereffective|p1a: Glimmora
|-damage|p1a: Glimmora|18/100
|-status|p1a: Glimmora|tox
|-start|p1a: Glimmora|confusion|[from] ability: Poison Puppeteer|[of] p2a: Pecharunt
|
|-damage|p1a: Glimmora|12/100 tox|[from] psn
|upkeep
|turn|17
|
|t:|1769420802
|switch|p1a: Kingambit|Kingambit, F|84/100
|-activate|p1a: Kingambit|ability: Supreme Overlord
|-start|p1a: Kingambit|fallen4|[silent]
|move|p2a: Pecharunt|Recover|p2a: Pecharunt
|-heal|p2a: Pecharunt|97/100
|
|upkeep
|turn|18
|
|t:|1769420808
|move|p2a: Pecharunt|Parting Shot|p1a: Kingambit
|-unboost|p1a: Kingambit|atk|1
|-unboost|p1a: Kingambit|spa|1
|
|t:|1769420810
|switch|p2a: Cinderace|Cinderace, M|31/100|[from] Parting Shot
|move|p1a: Kingambit|Swords Dance|p1a: Kingambit
|-boost|p1a: Kingambit|atk|2
|
|upkeep
|turn|19
|
|t:|1769420813
|move|p1a: Kingambit|Sucker Punch|p2a: Cinderace
|-damage|p2a: Cinderace|0 fnt
|faint|p2a: Cinderace
|
|upkeep
|
|t:|1769420815
|switch|p2a: Iron Valiant|Iron Valiant|100/100
|-damage|p2a: Iron Valiant|94/100|[from] Stealth Rock
|-enditem|p2a: Iron Valiant|Booster Energy
|-activate|p2a: Iron Valiant|ability: Quark Drive|[fromitem]
|-start|p2a: Iron Valiant|quarkdrivespe
|turn|20
|
|t:|1769420816
|move|p2a: Iron Valiant|Vacuum Wave|p1a: Kingambit
|-supereffective|p1a: Kingambit
|-damage|p1a: Kingambit|0 fnt
|faint|p1a: Kingambit
|-end|p1a: Kingambit|fallen4|[silent]
|
|upkeep
|
|t:|1769420818
|switch|p1a: Glimmora|Glimmora, M, tera:Fairy|12/100 tox
|turn|21
|
|t:|1769420821
|move|p2a: Iron Valiant|Vacuum Wave|p1a: Glimmora
|-resisted|p1a: Glimmora
|-damage|p1a: Glimmora|0 fnt
|faint|p1a: Glimmora
|
|win|gholdengofinance
|raw|151htyrneh's rating: 1753 &rarr; <strong>1726</strong><br />(-27 for losing)
|raw|gholdengofinance's rating: 1628 &rarr; <strong>1655</strong><br />(+27 for winning)
