|j|☆alola supercharge
|j|☆not_gal
|t:|1769318269
|gametype|singles
|player|p1|alola supercharge|steven|1222
|player|p2|not_gal|n|1206
|gen|9
|tier|[Gen 9] OU
|rated|
|rule|HP Percentage Mod: HP is shown in percentages
|rule|Endless Battle Clause: Forcing endless battles is banned
|rule|Species Clause: Limit one of each Pokémon
|rule|OHKO Clause: OHKO moves are banned
|rule|Evasion Items Clause: Evasion items are banned
|rule|Evasion Moves Clause: Evasion moves are banned
|rule|Evasion Abilities Clause: Evasion abilities are banned
|rule|Sleep Moves Clause: Sleep-inducing moves are banned
|clearpoke
|poke|p1|Slowking-Galar, M|
|poke|p1|Iron Valiant|
|poke|p1|Ting-Lu|
|poke|p1|Pecharunt|
|poke|p1|Tornadus-Therian, M|
|poke|p1|Jirachi|
|poke|p2|Iron Valiant|
|poke|p2|Ogerpon-Wellspring, F|
|poke|p2|Corviknight, M|
|poke|p2|Slowking-Galar, M|
|poke|p2|Iron Crown|
|poke|p2|Kommo-o, M|
|teampreview
|
|t:|1769318295
|teamsize|p1|6
|teamsize|p2|6
|start
|switch|p1a: Ting-Lu|Ting-Lu|100/100
|switch|p2a: Ogerpon|Ogerpon-Wellspring, F|100/100
|-ability|p1a: Ting-Lu|Vessel of Ruin
|turn|1
|
|t:|1769318302
|switch|p1a: Pecharunt|Pecharunt|100/100
|move|p2a: Ogerpon|Knock Off|p1a: Pecharunt
|-supereffective|p1a: Pecharunt
|-damage|p1a: Pecharunt|63/100
|-enditem|p1a: Pecharunt|Heavy-Duty Boots|[from] move: Knock Off|[of] p2a: Ogerpon
|
|upkeep
|turn|2
|
|t:|1769318309
|move|p2a: Ogerpon|U-turn|p1a: Pecharunt
|-resisted|p1a: Pecharunt
|-damage|p1a: Pecharunt|59/100
|
|t:|1769318313
|switch|p2a: Corviknight|Corviknight, M, shiny|100/100|[from] U-turn
|move|p1a: Pecharunt|Recover|p1a: Pecharunt
|-heal|p1a: Pecharunt|100/100
|
|upkeep
|turn|3
|
|t:|1769318319
|move|p1a: Pecharunt|Shadow Ball|p2a: Corviknight
|-damage|p2a: Corviknight|77/100
|move|p2a: Corviknight|Iron Defense|p2a: Corviknight
|-boost|p2a: Corviknight|def|2
|
|upkeep
|turn|4
|
|t:|1769318347
|switch|p2a: Ogerpon|Ogerpon-Wellspring, F|100/100
|move|p1a: Pecharunt|Shadow Ball|p2a: Ogerpon
|-damage|p2a: Ogerpon|69/100
|-unboost|p2a: Ogerpon|spd|1
|
|upkeep
|turn|5
|
|t:|1769318360
|move|p2a: Ogerpon|Ivy Cudgel|p1a: Pecharunt|[anim] Ivy Cudgel Water
|-damage|p1a: Pecharunt|73/100
|move|p1a: Pecharunt|Malignant Chain|p2a: Ogerpon
|-supereffective|p2a: Ogerpon
|-damage|p2a: Ogerpon|0 fnt
|faint|p2a: Ogerpon
|
|upkeep
|
|t:|1769318376
|switch|p2a: Iron Crown|Iron Crown|100/100
|turn|6
|
|t:|1769318388
|switch|p1a: Ting-Lu|Ting-Lu|100/100
|-ability|p1a: Ting-Lu|Vessel of Ruin
|move|p2a: Iron Crown|Tachyon Cutter|p1a: Ting-Lu
|-crit|p1a: Ting-Lu
|-damage|p1a: Ting-Lu|85/100
|-damage|p1a: Ting-Lu|73/100
|-hitcount|p1a: Ting-Lu|2
|
|-heal|p1a: Ting-Lu|79/100|[from] item: Leftovers
|upkeep
|turn|7
|
|t:|1769318399
|move|p2a: Iron Crown|Focus Blast|p1a: Ting-Lu
|-supereffective|p1a: Ting-Lu
|-damage|p1a: Ting-Lu|46/100
|move|p1a: Ting-Lu|Spikes|p2a: Iron Crown
|-sidestart|p2: not_gal|Spikes
|
|-heal|p1a: Ting-Lu|52/100|[from] item: Leftovers
|upkeep
|turn|8
|
|t:|1769318406
|move|p2a: Iron Crown|Focus Blast|p1a: Ting-Lu|[miss]
|-miss|p2a: Iron Crown|p1a: Ting-Lu
|move|p1a: Ting-Lu|Earthquake|p2a: Iron Crown
|-supereffective|p2a: Iron Crown
|-damage|p2a: Iron Crown|15/100
|
|-heal|p1a: Ting-Lu|58/100|[from] item: Leftovers
|upkeep
|turn|9
|
|t:|1769318413
|move|p2a: Iron Crown|Focus Blast|p1a: Ting-Lu
|-supereffective|p1a: Ting-Lu
|-damage|p1a: Ting-Lu|22/100
|move|p1a: Ting-Lu|Earthquake|p2a: Iron Crown
|-supereffective|p2a: Iron Crown
|-damage|p2a: Iron Crown|0 fnt
|faint|p2a: Iron Crown
|-end|p2a: Iron Crown|Quark Drive|[silent]
|
|-heal|p1a: Ting-Lu|29/100|[from] item: Leftovers
|upkeep
|
|t:|1769318418
|switch|p2a: Corviknight|Corviknight, M, shiny|77/100
|turn|10
|
|t:|1769318428
|switch|p1a: Tornadus|Tornadus-Therian, M|100/100
|move|p2a: Corviknight|Iron Defense|p2a: Corviknight
|-boost|p2a: Corviknight|def|2
|
|upkeep
|turn|11
|
|t:|1769318434
|-terastallize|p1a: Tornadus|Electric
|move|p1a: Tornadus|Tera Blast|p2a: Corviknight|[anim] Tera Blast Electric
|-supereffective|p2a: Corviknight
|-damage|p2a: Corviknight|5/100
|move|p2a: Corviknight|Defog|p1a: Tornadus
|-unboost|p1a: Tornadus|evasion|1
|-sideend|p2: not_gal|Spikes|[from] move: Defog|[of] p2a: Corviknight
|
|upkeep
|turn|12
|
|t:|1769318442
|switch|p2a: Slowking|Slowking-Galar, M, shiny|100/100
|move|p1a: Tornadus|Tera Blast|p2a: Slowking|[anim] Tera Blast Electric
|-damage|p2a: Slowking|80/100
|
|upkeep
|turn|13
|
|t:|1769318448
|move|p1a: Tornadus|U-turn|p2a: Slowking
|-damage|p2a: Slowking|64/100
|
|t:|1769318452
|switch|p1a: Jirachi|Jirachi|100/100|[from] U-turn
|move|p2a: Slowking|Future Sight|p1a: Jirachi
|-start|p2a: Slowking|move: Future Sight
|
|upkeep
|turn|14
|
|t:|1769318456
|move|p1a: Jirachi|Stealth Rock|p2a: Slowking
|-sidestart|p2: not_gal|move: Stealth Rock
|move|p2a: Slowking|Thunder Wave|p1a: Jirachi
|-status|p1a: Jirachi|par
|
|upkeep
|turn|15
|
|t:|1769318464
|move|p1a: Jirachi|U-turn|p2a: Slowking
|-damage|p2a: Slowking|48/100
|
|t:|1769318475
|switch|p1a: Ting-Lu|Ting-Lu|29/100|[from] U-turn
|-ability|p1a: Ting-Lu|Vessel of Ruin
|-prepare|p2a: Slowking|Chilly Reception|[premajor]
|move|p2a: Slowking|Chilly Reception|p2a: Slowking
|-weather|Snowscape
|
|t:|1769318483
|switch|p2a: Kommo-o|Kommo-o, M|100/100|[from] Chilly Reception
|-damage|p2a: Kommo-o|94/100|[from] Stealth Rock
|
|-weather|Snowscape|[upkeep]
|-end|p1a: Ting-Lu|move: Future Sight
|-immune|p1a: Ting-Lu
|-heal|p1a: Ting-Lu|35/100|[from] item: Leftovers
|upkeep
|turn|16
|
|t:|1769318488
|switch|p1a: Pecharunt|Pecharunt|73/100
|move|p2a: Kommo-o|Clangorous Soul|p2a: Kommo-o
|-boost|p2a: Kommo-o|atk|1
|-boost|p2a: Kommo-o|def|1
|-boost|p2a: Kommo-o|spa|1
|-boost|p2a: Kommo-o|spd|1
|-boost|p2a: Kommo-o|spe|1
|-damage|p2a: Kommo-o|61/100
|-enditem|p2a: Kommo-o|Throat Spray
|-boost|p2a: Kommo-o|spa|1|[from] item: Throat Spray
|
|-weather|Snowscape|[upkeep]
|upkeep
|turn|17
|
|t:|1769318500
|move|p2a: Kommo-o|Clanging Scales|p1a: Pecharunt
|-damage|p1a: Pecharunt|0 fnt
|faint|p1a: Pecharunt
|-unboost|p2a: Kommo-o|def|1
|
|-weather|Snowscape|[upkeep]
|upkeep
|
|t:|1769318505
|switch|p1a: Slowking|Slowking-Galar, M, shiny|100/100
|turn|18
|
|t:|1769318513
|-terastallize|p2a: Kommo-o|Normal
|move|p2a: Kommo-o|Boomburst|p1a: Slowking
|-damage|p1a: Slowking|7/100
|move|p1a: Slowking|Flamethrower|p2a: Kommo-o
|-damage|p2a: Kommo-o|31/100
|-damage|p1a: Slowking|0 fnt|[from] item: Life Orb
|faint|p1a: Slowking
|
|-weather|Snowscape|[upkeep]
|upkeep
|
|t:|1769318517
|switch|p1a: Iron Valiant|Iron Valiant|100/100
|turn|19
|
|t:|1769318521
|move|p1a: Iron Valiant|Vacuum Wave|p2a: Kommo-o
|-supereffective|p2a: Kommo-o
|-damage|p2a: Kommo-o|0 fnt
|faint|p2a: Kommo-o
|-damage|p1a: Iron Valiant|91/100|[from] item: Life Orb
|
|-weather|none
|upkeep
|
|t:|1769318530
|switch|p2a: Iron Valiant|Iron Valiant, shiny|100/100
|-damage|p2a: Iron Valiant|94/100|[from] Stealth Rock
|-enditem|p2a: Iron Valiant|Booster Energy
|-activate|p2a: Iron Valiant|ability: Quark Drive|[fromitem]
|-start|p2a: Iron Valiant|quarkdrivespe
|turn|20
|
|t:|1769318539
|-end|p1a: Iron Valiant|Quark Drive|[silent]
|switch|p1a: Jirachi|Jirachi|100/100 par
|move|p2a: Iron Valiant|Spirit Break|p1a: Jirachi
|-resisted|p1a: Jirachi
|-damage|p1a: Jirachi|85/100 par
|-unboost|p1a: Jirachi|spa|1
|
|-heal|p1a: Jirachi|91/100 par|[from] item: Leftovers
|upkeep
|turn|21
|
|t:|1769318545
|move|p2a: Iron Valiant|Knock Off|p1a: Jirachi
|-supereffective|p1a: Jirachi
|-crit|p1a: Jirachi
|-damage|p1a: Jirachi|5/100 par
|-enditem|p1a: Jirachi|Leftovers|[from] move: Knock Off|[of] p2a: Iron Valiant
|move|p1a: Jirachi|Psychic|p2a: Iron Valiant
|-supereffective|p2a: Iron Valiant
|-damage|p2a: Iron Valiant|17/100
|-unboost|p2a: Iron Valiant|spd|1
|
|upkeep
|turn|22
|inactive|Battle timer is ON: inactive players will automatically lose when time's up. (requested by not_gal)
|
|t:|1769318609
|move|p2a: Iron Valiant|Knock Off|p1a: Jirachi
|-supereffective|p1a: Jirachi
|-damage|p1a: Jirachi|0 fnt
|faint|p1a: Jirachi
|
|upkeep
|
|t:|1769318611
|switch|p1a: Tornadus|Tornadus-Therian, M, tera:Electric|100/100
|turn|23
|
|t:|1769318616
|move|p2a: Iron Valiant|Close Combat|p1a: Tornadus
|-damage|p1a: Tornadus|11/100
|-unboost|p2a: Iron Valiant|def|1
|-unboost|p2a: Iron Valiant|spd|1
|move|p1a: Tornadus|Tera Blast|p2a: Iron Valiant|[anim] Tera Blast Electric
|-damage|p2a: Iron Valiant|0 fnt
|faint|p2a: Iron Valiant
|-end|p2a: Iron Valiant|Quark Drive|[silent]
|
|upkeep
|
|t:|1769318623
|switch|p2a: Corviknight|Corviknight, M, shiny|5/100
|-damage|p2a: Corviknight|0 fnt|[from] Stealth Rock
|faint|p2a: Corviknight
|-message|not_gal forfeited.
|
|win|alola supercharge
|raw|alola supercharge's rating: 1222 &rarr; <strong>1246</strong><br />(+24 for winning)
|raw|not_gal's rating: 1206 &rarr; <strong>1182</strong><br />(-24 for losing)
|l|☆not_gal
|player|p2|
|l|☆alola supercharge
|player|p1|
