|j|☆Red the pikamon
|j|☆Gentai_Kiajo
|t:|1769412549
|gametype|singles
|player|p1|Red the pikamon|red|1119
|player|p2|Gentai_Kiajo|steven|1095
|gen|9
|tier|[Gen 9] OU
|rated|
|rule|HP Percentage Mod: HP is shown in percentages
|rule|Endless Battle Clause: Forcing endless battles is banned
|rule|Species Clause: Limit one of each Pokémon
|rule|OHKO Clause: OHKO moves are banned
|rule|Evasion Items Clause: Evasion items are banned
|rule|Evasion Moves Clause: Evasion moves are banned
|rule|Evasion Abilities Clause: Evasion abilities are banned
|rule|Sleep Moves Clause: Sleep-inducing moves are banned
|clearpoke
|poke|p1|Pikachu, F|
|poke|p1|Charizard, M|
|poke|p1|Venusaur, F|
|poke|p1|Blastoise, F|
|poke|p1|Snorlax, M|
|poke|p1|Dragonite, M|
|poke|p2|Pyroar, F|
|poke|p2|Rillaboom, M|
|poke|p2|Samurott-Hisui, F|
|poke|p2|Chansey, F|
|poke|p2|Ting-Lu|
|poke|p2|Slowking-Galar, F|
|teampreview
|inactive|Battle timer is ON: inactive players will automatically lose when time's up. (requested by Gentai_Kiajo)
|inactive|Gentai_Kiajo has 120 seconds left.
|
|t:|1769412581
|teamsize|p1|6
|teamsize|p2|6
|start
|switch|p1a: Pikachu|Pikachu, F, shiny|100/100
|switch|p2a: Ting-Lu|Ting-Lu|100/100
|-ability|p2a: Ting-Lu|Vessel of Ruin
|turn|1
|
|t:|1769412599
|move|p1a: Pikachu|Fake Out|p2a: Ting-Lu
|-damage|p2a: Ting-Lu|91/100
|cant|p2a: Ting-Lu|flinch
|
|upkeep
|turn|2
|
|t:|1769412604
|move|p1a: Pikachu|Knock Off|p2a: Ting-Lu
|-resisted|p2a: Ting-Lu
|-damage|p2a: Ting-Lu|80/100
|-enditem|p2a: Ting-Lu|Life Orb|[from] move: Knock Off|[of] p1a: Pikachu
|move|p2a: Ting-Lu|Payback|p1a: Pikachu
|-damage|p1a: Pikachu|0 fnt
|faint|p1a: Pikachu
|
|upkeep
|inactive|Red the pikamon has 120 seconds left.
|
|t:|1769412638
|switch|p1a: Blastoise|Blastoise, F, shiny|100/100
|turn|3
|
|t:|1769412646
|move|p1a: Blastoise|Surf|p2a: Ting-Lu
|-supereffective|p2a: Ting-Lu
|-damage|p2a: Ting-Lu|34/100
|move|p2a: Ting-Lu|Whirlwind|p1a: Blastoise
|drag|p1a: Charizard|Charizard, M, shiny|100/100
|
|upkeep
|turn|4
|
|t:|1769412656
|move|p1a: Charizard|Will-O-Wisp|p2a: Ting-Lu
|-status|p2a: Ting-Lu|brn
|move|p2a: Ting-Lu|Payback|p1a: Charizard
|-damage|p1a: Charizard|66/100
|
|-damage|p2a: Ting-Lu|28/100 brn|[from] brn
|upkeep
|turn|5
|
|t:|1769412663
|move|p1a: Charizard|Hurricane|p2a: Ting-Lu
|-damage|p2a: Ting-Lu|0 fnt
|faint|p2a: Ting-Lu
|
|upkeep
|
|t:|1769412668
|switch|p2a: Samurott|Samurott-Hisui, F|100/100
|turn|6
|
|t:|1769412672
|switch|p1a: Venusaur|Venusaur, F, shiny|100/100
|move|p2a: Samurott|Razor Shell|p1a: Venusaur
|-resisted|p1a: Venusaur
|-damage|p1a: Venusaur|81/100
|-unboost|p1a: Venusaur|def|1
|
|-heal|p1a: Venusaur|87/100|[from] item: Black Sludge
|upkeep
|turn|7
|
|t:|1769412682
|switch|p2a: Pyroar|Pyroar, F|100/100
|move|p1a: Venusaur|Leech Seed|p2a: Pyroar
|-start|p2a: Pyroar|move: Leech Seed
|
|-heal|p1a: Venusaur|93/100|[from] item: Black Sludge
|-damage|p2a: Pyroar|88/100|[from] Leech Seed|[of] p1a: Venusaur
|-heal|p1a: Venusaur|100/100|[silent]
|upkeep
|turn|8
|
|t:|1769412690
|switch|p2a: Slowking|Slowking-Galar, F|100/100
|switch|p1a: Dragonite|Dragonite, M, shiny|100/100
|
|upkeep
|turn|9
|
|t:|1769412697
|move|p1a: Dragonite|Earthquake|p2a: Slowking
|-supereffective|p2a: Slowking
|-damage|p2a: Slowking|23/100
|move|p2a: Slowking|Thunder Wave|p1a: Dragonite|[miss]
|-miss|p2a: Slowking|p1a: Dragonite
|
|-heal|p2a: Slowking|29/100|[from] item: Leftovers
|upkeep
|turn|10
|
|t:|1769412703
|switch|p2a: Rillaboom|Rillaboom, M|100/100
|-fieldstart|move: Grassy Terrain|[from] ability: Grassy Surge|[of] p2a: Rillaboom
|move|p1a: Dragonite|Earthquake|p2a: Rillaboom
|-resisted|p2a: Rillaboom
|-damage|p2a: Rillaboom|90/100
|
|-heal|p2a: Rillaboom|96/100|[from] Grassy Terrain
|upkeep
|turn|11
|
|t:|1769412713
|switch|p1a: Venusaur|Venusaur, F, shiny|100/100
|move|p2a: Rillaboom|U-turn|p1a: Venusaur
|-damage|p1a: Venusaur|72/100
|
|t:|1769412718
|switch|p2a: Pyroar|Pyroar, F|88/100|[from] U-turn
|
|-heal|p2a: Pyroar|94/100|[from] Grassy Terrain
|-heal|p1a: Venusaur|78/100|[from] Grassy Terrain
|-heal|p1a: Venusaur|84/100|[from] item: Black Sludge
|upkeep
|turn|12
|
|t:|1769412730
|switch|p1a: Snorlax|Snorlax, M, shiny|100/100
|-terastallize|p2a: Pyroar|Electric
|move|p2a: Pyroar|Tera Blast|p1a: Snorlax|[anim] Tera Blast Electric
|-damage|p1a: Snorlax|82/100
|
|-heal|p2a: Pyroar|99/100|[from] Grassy Terrain
|-heal|p1a: Snorlax|88/100|[from] Grassy Terrain
|-heal|p1a: Snorlax|94/100|[from] item: Leftovers
|upkeep
|turn|13
|
|t:|1769412740
|switch|p2a: Rillaboom|Rillaboom, M|96/100
|move|p1a: Snorlax|Body Slam|p2a: Rillaboom
|-damage|p2a: Rillaboom|61/100
|
|-heal|p2a: Rillaboom|67/100|[from] Grassy Terrain
|-heal|p1a: Snorlax|99/100|[from] Grassy Terrain
|-heal|p1a: Snorlax|100/100|[from] item: Leftovers
|upkeep
|turn|14
|
|t:|1769412748
|move|p2a: Rillaboom|Wood Hammer|p1a: Snorlax
|-damage|p1a: Snorlax|14/100
|-damage|p2a: Rillaboom|25/100|[from] Recoil
|move|p1a: Snorlax|Body Slam|p2a: Rillaboom
|-damage|p2a: Rillaboom|0 fnt
|faint|p2a: Rillaboom
|
|-heal|p1a: Snorlax|20/100|[from] Grassy Terrain
|-heal|p1a: Snorlax|26/100|[from] item: Leftovers
|-fieldend|move: Grassy Terrain
|upkeep
|
|t:|1769412758
|switch|p2a: Samurott|Samurott-Hisui, F|100/100
|turn|15
|
|t:|1769412763
|move|p2a: Samurott|Ceaseless Edge|p1a: Snorlax
|-damage|p1a: Snorlax|0 fnt
|-sidestart|p1: Red the pikamon|Spikes
|faint|p1a: Snorlax
|
|upkeep
|
|t:|1769412786
|switch|p1a: Venusaur|Venusaur, F, shiny|84/100
|-damage|p1a: Venusaur|71/100|[from] Spikes
|turn|16
|
|t:|1769412792
|move|p2a: Samurott|Ceaseless Edge|p1a: Venusaur
|-damage|p1a: Venusaur|35/100
|-sidestart|p1: Red the pikamon|Spikes
|move|p1a: Venusaur|Giga Drain|p2a: Samurott
|-supereffective|p2a: Samurott
|-damage|p2a: Samurott|22/100
|-heal|p1a: Venusaur|69/100|[from] drain|[of] p2a: Samurott
|
|-heal|p1a: Venusaur|75/100|[from] item: Black Sludge
|upkeep
|turn|17
|
|t:|1769412801
|switch|p2a: Chansey|Chansey, F|100/100
|move|p1a: Venusaur|Leech Seed|p2a: Chansey
|-start|p2a: Chansey|move: Leech Seed
|
|-heal|p1a: Venusaur|82/100|[from] item: Black Sludge
|-damage|p2a: Chansey|88/100|[from] Leech Seed|[of] p1a: Venusaur
|-heal|p1a: Venusaur|100/100|[silent]
|upkeep
|turn|18
|
|t:|1769412809
|move|p1a: Venusaur|Leech Seed||[still]
|-fail|p1a: Venusaur
|move|p2a: Chansey|Stealth Rock|p1a: Venusaur
|-sidestart|p1: Red the pikamon|move: Stealth Rock
|
|-damage|p2a: Chansey|76/100|[from] Leech Seed|[of] p1a: Venusaur
|upkeep
|turn|19
|
|t:|1769412817
|switch|p1a: Charizard|Charizard, M, shiny|66/100
|move|p2a: Chansey|Thunder Wave|p1a: Charizard
|-status|p1a: Charizard|par
|
|-damage|p2a: Chansey|63/100|[from] Leech Seed|[of] p1a: Charizard
|-heal|p1a: Charizard|95/100 par|[silent]
|upkeep
|turn|20
|
|t:|1769412827
|switch|p1a: Blastoise|Blastoise, F, shiny|100/100
|-damage|p1a: Blastoise|84/100|[from] Spikes
|-damage|p1a: Blastoise|72/100|[from] Stealth Rock
|switch|p2a: Slowking|Slowking-Galar, F|62/100
|
|-heal|p2a: Slowking|68/100|[from] item: Leftovers
|upkeep
|turn|21
|
|t:|1769412836
|move|p1a: Blastoise|Rapid Spin|p2a: Slowking
|-damage|p2a: Slowking|60/100
|-boost|p1a: Blastoise|spe|1
|-sideend|p1: Red the pikamon|Spikes|[from] move: Rapid Spin|[of] p1a: Blastoise
|-sideend|p1: Red the pikamon|Stealth Rock|[from] move: Rapid Spin|[of] p1a: Blastoise
|move|p2a: Slowking|Thunder Wave|p1a: Blastoise|[miss]
|-miss|p2a: Slowking|p1a: Blastoise
|
|-heal|p2a: Slowking|66/100|[from] item: Leftovers
|upkeep
|turn|22
|
|t:|1769412849
|move|p1a: Blastoise|Shell Smash|p1a: Blastoise
|-unboost|p1a: Blastoise|def|1
|-unboost|p1a: Blastoise|spd|1
|-boost|p1a: Blastoise|atk|2
|-boost|p1a: Blastoise|spa|2
|-boost|p1a: Blastoise|spe|2
|-enditem|p1a: Blastoise|White Herb
|-clearnegativeboost|p1a: Blastoise|[silent]
|-prepare|p2a: Slowking|Chilly Reception|[premajor]
|move|p2a: Slowking|Chilly Reception|p2a: Slowking
|-weather|Snowscape
|
|t:|1769412856
|switch|p2a: Samurott|Samurott-Hisui, F|22/100|[from] Chilly Reception
|
|-weather|Snowscape|[upkeep]
|upkeep
|turn|23
|
|t:|1769412863
|move|p2a: Samurott|Sucker Punch|p1a: Blastoise
|-damage|p1a: Blastoise|35/100
|move|p1a: Blastoise|Surf|p2a: Samurott
|-resisted|p2a: Samurott
|-damage|p2a: Samurott|0 fnt
|faint|p2a: Samurott
|
|-weather|Snowscape|[upkeep]
|upkeep
|
|t:|1769412868
|switch|p2a: Chansey|Chansey, F|63/100
|turn|24
|
|t:|1769412877
|switch|p1a: Venusaur|Venusaur, F, shiny|100/100
|move|p2a: Chansey|Thunder Wave|p1a: Venusaur
|-status|p1a: Venusaur|par
|
|-weather|Snowscape|[upkeep]
|upkeep
|turn|25
|
|t:|1769412883
|move|p2a: Chansey|Soft-Boiled|p2a: Chansey
|-heal|p2a: Chansey|100/100
|move|p1a: Venusaur|Leech Seed|p2a: Chansey
|-start|p2a: Chansey|move: Leech Seed
|
|-weather|Snowscape|[upkeep]
|-damage|p2a: Chansey|88/100|[from] Leech Seed|[of] p1a: Venusaur
|upkeep
|turn|26
|
|t:|1769412890
|switch|p2a: Pyroar|Pyroar, F, tera:Electric|99/100
|switch|p1a: Charizard|Charizard, M, shiny|95/100 par
|
|-weather|none
|upkeep
|turn|27
|
|t:|1769412897
|move|p2a: Pyroar|Tera Blast|p1a: Charizard|[anim] Tera Blast Electric
|-supereffective|p1a: Charizard
|-damage|p1a: Charizard|0 fnt
|faint|p1a: Charizard
|
|upkeep
|
|t:|1769412903
|switch|p1a: Dragonite|Dragonite, M, shiny|100/100
|turn|28
|
|t:|1769412913
|switch|p2a: Chansey|Chansey, F|88/100
|move|p1a: Dragonite|Dragon Dance|p1a: Dragonite
|-boost|p1a: Dragonite|atk|1
|-boost|p1a: Dragonite|spe|1
|
|upkeep
|turn|29
|
|t:|1769412921
|move|p1a: Dragonite|Dragon Dance|p1a: Dragonite
|-boost|p1a: Dragonite|atk|1
|-boost|p1a: Dragonite|spe|1
|move|p2a: Chansey|Thunder Wave|p1a: Dragonite
|-status|p1a: Dragonite|par
|
|upkeep
|turn|30
|
|t:|1769412927
|move|p1a: Dragonite|Dragon Dance|p1a: Dragonite
|-boost|p1a: Dragonite|atk|1
|-boost|p1a: Dragonite|spe|1
|move|p2a: Chansey|Seismic Toss|p1a: Dragonite
|-damage|p1a: Dragonite|70/100 par
|
|upkeep
|turn|31
|
|t:|1769412938
|move|p1a: Dragonite|Earthquake|p2a: Chansey
|-damage|p2a: Chansey|21/100
|move|p2a: Chansey|Seismic Toss|p1a: Dragonite
|-damage|p1a: Dragonite|39/100 par
|
|upkeep
|turn|32
|
|t:|1769412946
|move|p1a: Dragonite|Roost|p1a: Dragonite
|-heal|p1a: Dragonite|89/100 par
|-singleturn|p1a: Dragonite|move: Roost
|move|p2a: Chansey|Seismic Toss|p1a: Dragonite
|-damage|p1a: Dragonite|58/100 par
|
|upkeep
|turn|33
|
|t:|1769412953
|move|p1a: Dragonite|Extreme Speed|p2a: Chansey
|-damage|p2a: Chansey|0 fnt
|faint|p2a: Chansey
|
|upkeep
|
|t:|1769412962
|switch|p2a: Slowking|Slowking-Galar, F|99/100
|turn|34
|
|t:|1769412966
|cant|p1a: Dragonite|par
|move|p2a: Slowking|Sludge Bomb|p1a: Dragonite
|-damage|p1a: Dragonite|20/100 par
|
|-heal|p2a: Slowking|100/100|[from] item: Leftovers
|upkeep
|turn|35
|
|t:|1769412972
|move|p1a: Dragonite|Earthquake|p2a: Slowking
|-supereffective|p2a: Slowking
|-damage|p2a: Slowking|0 fnt
|faint|p2a: Slowking
|
|upkeep
|
|t:|1769412975
|switch|p2a: Pyroar|Pyroar, F, tera:Electric|99/100
|turn|36
|
|t:|1769413004
|-terastallize|p1a: Dragonite|Normal
|move|p1a: Dragonite|Extreme Speed|p2a: Pyroar
|-damage|p2a: Pyroar|0 fnt
|faint|p2a: Pyroar
|
|win|Red the pikamon
|raw|Red the pikamon's rating: 1119 &rarr; <strong>1142</strong><br />(+23 for winning)
|raw|Gentai_Kiajo's rating: 1095 &rarr; <strong>1072</strong><br />(-23 for losing)
|l|☆Red the pikamon
|player|p1|
|l|☆Gentai_Kiajo
|player|p2|
