|j|☆CambridgeFoulPlay
|j|‽machopped unc
|t:|1769341763
|gametype|singles
|player|p1|CambridgeFoulPlay|266|1781
|player|p2|machopped unc|clown|1805
|gen|9
|tier|[Gen 9] OU
|rated|
|rule|HP Percentage Mod: HP is shown in percentages
|rule|Endless Battle Clause: Forcing endless battles is banned
|rule|Species Clause: Limit one of each Pokémon
|rule|OHKO Clause: OHKO moves are banned
|rule|Evasion Items Clause: Evasion items are banned
|rule|Evasion Moves Clause: Evasion moves are banned
|rule|Evasion Abilities Clause: Evasion abilities are banned
|rule|Sleep Moves Clause: Sleep-inducing moves are banned
|clearpoke
|poke|p1|Hydrapple, M|
|poke|p1|Tyranitar, F|
|poke|p1|Moltres|
|poke|p1|Zamazenta-*|
|poke|p1|Slowking-Galar, F|
|poke|p1|Excadrill, F|
|poke|p2|Gholdengo|
|poke|p2|Iron Valiant|
|poke|p2|Ribombee, F|
|poke|p2|Dragonite, M|
|poke|p2|Glimmora, F|
|poke|p2|Kingambit, F|
|teampreview
|c|☆CambridgeFoulPlay|hf
|inactive|Battle timer is ON: inactive players will automatically lose when time's up. (requested by CambridgeFoulPlay)
|j| Samurajen
|
|t:|1769341782
|teamsize|p1|6
|teamsize|p2|6
|start
|switch|p1a: Moltres|Moltres|100/100
|switch|p2a: Ribombee|Ribombee, F|100/100
|turn|1
|
|t:|1769341786
|move|p2a: Ribombee|Sticky Web|p1a: Moltres
|-sidestart|p1: CambridgeFoulPlay|move: Sticky Web
|move|p1a: Moltres|Flamethrower|p2a: Ribombee
|-supereffective|p2a: Ribombee
|-enditem|p2a: Ribombee|Focus Sash
|-damage|p2a: Ribombee|1/100
|
|upkeep
|turn|2
|
|t:|1769341791
|switch|p2a: Glimmora|Glimmora, F|100/100
|switch|p1a: Excadrill|Excadrill, F|100/100
|-item|p1a: Excadrill|Air Balloon
|
|upkeep
|turn|3
|
|t:|1769341797
|move|p1a: Excadrill|Iron Head|p2a: Glimmora
|-supereffective|p2a: Glimmora
|-damage|p2a: Glimmora|0 fnt
|-activate|p2a: Glimmora|ability: Toxic Debris
|-sidestart|p1: CambridgeFoulPlay|move: Toxic Spikes
|faint|p2a: Glimmora
|
|upkeep
|
|t:|1769341806
|switch|p2a: Gholdengo|Gholdengo|100/100
|-item|p2a: Gholdengo|Air Balloon
|turn|4
|
|t:|1769341809
|move|p1a: Excadrill|Iron Head|p2a: Gholdengo
|-resisted|p2a: Gholdengo
|-damage|p2a: Gholdengo|76/100
|-enditem|p2a: Gholdengo|Air Balloon
|move|p2a: Gholdengo|Shadow Ball|p1a: Excadrill
|-damage|p1a: Excadrill|39/100
|-enditem|p1a: Excadrill|Air Balloon
|
|upkeep
|turn|5
|
|t:|1769341815
|move|p1a: Excadrill|Earthquake|p2a: Gholdengo
|-supereffective|p2a: Gholdengo
|-damage|p2a: Gholdengo|0 fnt
|faint|p2a: Gholdengo
|
|upkeep
|
|t:|1769341822
|switch|p2a: Kingambit|Kingambit, F|100/100
|-activate|p2a: Kingambit|ability: Supreme Overlord
|-start|p2a: Kingambit|fallen2|[silent]
|turn|6
|
|t:|1769341824
|switch|p1a: Moltres|Moltres|100/100
|move|p2a: Kingambit|Sucker Punch||[still]
|-fail|p2a: Kingambit
|
|upkeep
|turn|7
|
|t:|1769341827
|-end|p2a: Kingambit|fallen2|[silent]
|switch|p2a: Ribombee|Ribombee, F|1/100
|move|p1a: Moltres|Flamethrower|p2a: Ribombee
|-supereffective|p2a: Ribombee
|-damage|p2a: Ribombee|0 fnt
|faint|p2a: Ribombee
|
|upkeep
|
|t:|1769341831
|switch|p2a: Dragonite|Dragonite, M|100/100
|turn|8
|
|t:|1769341834
|move|p2a: Dragonite|Encore|p1a: Moltres
|-start|p1a: Moltres|Encore
|move|p1a: Moltres|Flamethrower|p2a: Dragonite
|-resisted|p2a: Dragonite
|-damage|p2a: Dragonite|90/100
|
|upkeep
|turn|9
|
|t:|1769341837
|move|p2a: Dragonite|Dragon Dance|p2a: Dragonite
|-boost|p2a: Dragonite|atk|1
|-boost|p2a: Dragonite|spe|1
|move|p1a: Moltres|Flamethrower|p2a: Dragonite
|-resisted|p2a: Dragonite
|-damage|p2a: Dragonite|69/100
|
|upkeep
|turn|10
|l| Samurajen
|
|t:|1769341845
|switch|p1a: Slowking|Slowking-Galar, F|100/100
|-activate|p1a: Slowking|move: Sticky Web
|-unboost|p1a: Slowking|spe|1
|-sideend|p1: CambridgeFoulPlay|move: Toxic Spikes|[of] p1a: Slowking
|move|p2a: Dragonite|Scale Shot|p1a: Slowking
|-damage|p1a: Slowking|83/100
|-damage|p1a: Slowking|65/100
|-damage|p1a: Slowking|47/100
|-damage|p1a: Slowking|30/100
|-hitcount|p1a: Slowking|4
|-unboost|p2a: Dragonite|def|1
|-boost|p2a: Dragonite|spe|1
|
|upkeep
|turn|11
|
|t:|1769341850
|switch|p1a: Zamazenta|Zamazenta|100/100
|-activate|p1a: Zamazenta|move: Sticky Web
|-unboost|p1a: Zamazenta|spe|1
|-ability|p1a: Zamazenta|Dauntless Shield|boost
|-boost|p1a: Zamazenta|def|1
|move|p2a: Dragonite|Scale Shot|p1a: Zamazenta|[miss]
|-miss|p2a: Dragonite|p1a: Zamazenta
|
|upkeep
|turn|12
|
|t:|1769341856
|move|p2a: Dragonite|Scale Shot|p1a: Zamazenta
|-damage|p1a: Zamazenta|89/100
|-damage|p1a: Zamazenta|78/100
|-damage|p1a: Zamazenta|67/100
|-damage|p1a: Zamazenta|56/100
|-hitcount|p1a: Zamazenta|4
|-unboost|p2a: Dragonite|def|1
|-boost|p2a: Dragonite|spe|1
|move|p1a: Zamazenta|Body Press|p2a: Dragonite
|-resisted|p2a: Dragonite
|-damage|p2a: Dragonite|8/100
|
|-heal|p1a: Zamazenta|62/100|[from] item: Leftovers
|upkeep
|turn|13
|j| ty-tyui↻
|
|t:|1769341863
|move|p2a: Dragonite|Encore|p1a: Zamazenta
|-start|p1a: Zamazenta|Encore
|move|p1a: Zamazenta|Body Press|p2a: Dragonite
|-resisted|p2a: Dragonite
|-damage|p2a: Dragonite|0 fnt
|faint|p2a: Dragonite
|
|-heal|p1a: Zamazenta|68/100|[from] item: Leftovers
|upkeep
|
|t:|1769341869
|switch|p2a: Iron Valiant|Iron Valiant|100/100
|-enditem|p2a: Iron Valiant|Booster Energy
|-activate|p2a: Iron Valiant|ability: Quark Drive|[fromitem]
|-start|p2a: Iron Valiant|quarkdrivespa
|turn|14
|
|t:|1769341871
|switch|p1a: Slowking|Slowking-Galar, F|63/100
|-activate|p1a: Slowking|move: Sticky Web
|-unboost|p1a: Slowking|spe|1
|move|p2a: Iron Valiant|Calm Mind|p2a: Iron Valiant
|-boost|p2a: Iron Valiant|spa|1
|-boost|p2a: Iron Valiant|spd|1
|
|upkeep
|turn|15
|j| wyjmjl
|
|t:|1769341880
|-terastallize|p2a: Iron Valiant|Electric
|move|p2a: Iron Valiant|Thunderbolt|p1a: Slowking
|-damage|p1a: Slowking|9/100
|move|p1a: Slowking|Sludge Bomb|p2a: Iron Valiant
|-damage|p2a: Iron Valiant|57/100
|
|upkeep
|turn|16
|
|t:|1769341887
|switch|p1a: Tyranitar|Tyranitar, F|100/100
|-activate|p1a: Tyranitar|move: Sticky Web
|-unboost|p1a: Tyranitar|spe|1
|-weather|Sandstorm|[from] ability: Sand Stream|[of] p1a: Tyranitar
|move|p2a: Iron Valiant|Moonblast|p1a: Tyranitar
|-supereffective|p1a: Tyranitar
|-damage|p1a: Tyranitar|15/100
|
|-weather|Sandstorm|[upkeep]
|-damage|p2a: Iron Valiant|50/100|[from] Sandstorm
|upkeep
|turn|17
|
|t:|1769341892
|move|p2a: Iron Valiant|Moonblast|p1a: Tyranitar
|-supereffective|p1a: Tyranitar
|-damage|p1a: Tyranitar|0 fnt
|faint|p1a: Tyranitar
|
|-weather|Sandstorm|[upkeep]
|-damage|p2a: Iron Valiant|44/100|[from] Sandstorm
|upkeep
|
|t:|1769341893
|switch|p1a: Excadrill|Excadrill, F|39/100
|-activate|p1a: Excadrill|move: Sticky Web
|-unboost|p1a: Excadrill|spe|1
|turn|18
|
|t:|1769341896
|move|p2a: Iron Valiant|Vacuum Wave|p1a: Excadrill
|-supereffective|p1a: Excadrill
|-damage|p1a: Excadrill|0 fnt
|faint|p1a: Excadrill
|
|-weather|Sandstorm|[upkeep]
|-damage|p2a: Iron Valiant|38/100|[from] Sandstorm
|upkeep
|
|t:|1769341897
|switch|p1a: Slowking|Slowking-Galar, F|42/100
|-activate|p1a: Slowking|move: Sticky Web
|-unboost|p1a: Slowking|spe|1
|turn|19
|
|t:|1769341900
|move|p2a: Iron Valiant|Thunderbolt|p1a: Slowking
|-damage|p1a: Slowking|0 fnt
|faint|p1a: Slowking
|
|-weather|Sandstorm|[upkeep]
|-damage|p2a: Iron Valiant|32/100|[from] Sandstorm
|upkeep
|
|t:|1769341901
|switch|p1a: Hydrapple|Hydrapple, M|100/100
|turn|20
|
|t:|1769341906
|-terastallize|p1a: Hydrapple|Poison
|move|p2a: Iron Valiant|Moonblast|p1a: Hydrapple
|-resisted|p1a: Hydrapple
|-damage|p1a: Hydrapple|50/100
|move|p1a: Hydrapple|Earth Power|p2a: Iron Valiant
|-supereffective|p2a: Iron Valiant
|-damage|p2a: Iron Valiant|0 fnt
|faint|p2a: Iron Valiant
|-end|p2a: Iron Valiant|Quark Drive|[silent]
|
|-weather|Sandstorm|[upkeep]
|-damage|p1a: Hydrapple|44/100|[from] Sandstorm
|upkeep
|
|t:|1769341908
|switch|p2a: Kingambit|Kingambit, F|100/100
|-activate|p2a: Kingambit|ability: Supreme Overlord
|-start|p2a: Kingambit|fallen5|[silent]
|turn|21
|
|t:|1769341910
|switch|p1a: Zamazenta|Zamazenta|68/100
|-activate|p1a: Zamazenta|move: Sticky Web
|-unboost|p1a: Zamazenta|spe|1
|move|p2a: Kingambit|Swords Dance|p2a: Kingambit
|-boost|p2a: Kingambit|atk|2
|
|-weather|Sandstorm|[upkeep]
|-damage|p1a: Zamazenta|62/100|[from] Sandstorm
|-heal|p1a: Zamazenta|68/100|[from] item: Leftovers
|upkeep
|turn|22
|
|t:|1769341912
|move|p1a: Zamazenta|Body Press|p2a: Kingambit
|-supereffective|p2a: Kingambit
|-damage|p2a: Kingambit|0 fnt
|faint|p2a: Kingambit
|-end|p2a: Kingambit|fallen5|[silent]
|
|win|CambridgeFoulPlay
|raw|CambridgeFoulPlay's rating: 1781 &rarr; <strong>1802</strong><br />(+21 for winning)
|raw|machopped unc's rating: 1805 &rarr; <strong>1784</strong><br />(-21 for losing)
|c|☆CambridgeFoulPlay|gg
|l|☆CambridgeFoulPlay
|player|p1|
|l|‽machopped unc
|player|p2|
|l| ty-tyui↻
