|j|☆LaportaPotty
|j|☆rossetiger
|t:|1769322654
|gametype|singles
|player|p1|LaportaPotty|169|1418
|player|p2|rossetiger|170|1411
|gen|9
|tier|[Gen 9] OU
|rated|
|rule|HP Percentage Mod: HP is shown in percentages
|rule|Endless Battle Clause: Forcing endless battles is banned
|rule|Species Clause: Limit one of each Pokémon
|rule|OHKO Clause: OHKO moves are banned
|rule|Evasion Items Clause: Evasion items are banned
|rule|Evasion Moves Clause: Evasion moves are banned
|rule|Evasion Abilities Clause: Evasion abilities are banned
|rule|Sleep Moves Clause: Sleep-inducing moves are banned
|clearpoke
|poke|p1|Okidogi, M|
|poke|p1|Raging Bolt|
|poke|p1|Moltres|
|poke|p1|Sinistcha|
|poke|p1|Iron Treads|
|poke|p1|Ogerpon-Cornerstone, F|
|poke|p2|Whimsicott, M|
|poke|p2|Houndstone, M|
|poke|p2|Sinistcha|
|poke|p2|Ting-Lu|
|poke|p2|Gholdengo|
|poke|p2|Glimmora, F|
|teampreview
|
|t:|1769322680
|teamsize|p1|6
|teamsize|p2|6
|start
|switch|p1a: Moltres|Moltres|100/100
|switch|p2a: Glimmora|Glimmora, F|100/100
|turn|1
|
|t:|1769322687
|switch|p1a: Iron Treads|Iron Treads|100/100
|move|p2a: Glimmora|Stealth Rock|p1a: Iron Treads
|-sidestart|p1: LaportaPotty|move: Stealth Rock
|
|upkeep
|turn|2
|
|t:|1769322695
|switch|p2a: Houndstone|Houndstone, M|100/100
|move|p1a: Iron Treads|Stealth Rock|p2a: Houndstone
|-sidestart|p2: rossetiger|move: Stealth Rock
|
|upkeep
|turn|3
|
|t:|1769322703
|-end|p1a: Iron Treads|Quark Drive|[silent]
|switch|p1a: Moltres|Moltres|100/100
|move|p2a: Houndstone|Night Shade|p1a: Moltres
|-damage|p1a: Moltres|74/100
|
|upkeep
|turn|4
|
|t:|1769322711
|switch|p2a: Glimmora|Glimmora, F|100/100
|-damage|p2a: Glimmora|88/100|[from] Stealth Rock
|move|p1a: Moltres|Will-O-Wisp|p2a: Glimmora|[miss]
|-miss|p1a: Moltres|p2a: Glimmora
|
|upkeep
|turn|5
|
|t:|1769322722
|-terastallize|p1a: Moltres|Steel
|move|p2a: Glimmora|Spikes|p1a: Moltres
|-sidestart|p1: LaportaPotty|Spikes
|move|p1a: Moltres|Flamethrower|p2a: Glimmora
|-resisted|p2a: Glimmora
|-damage|p2a: Glimmora|66/100
|
|upkeep
|turn|6
|inactive|Battle timer is ON: inactive players will automatically lose when time's up. (requested by LaportaPotty)
|
|t:|1769322732
|switch|p1a: Iron Treads|Iron Treads|100/100
|move|p2a: Glimmora|Spikes|p1a: Iron Treads
|-sidestart|p1: LaportaPotty|Spikes
|
|upkeep
|turn|7
|
|t:|1769322737
|switch|p2a: Houndstone|Houndstone, M|100/100
|move|p1a: Iron Treads|Iron Head|p2a: Houndstone
|-damage|p2a: Houndstone|86/100
|
|upkeep
|turn|8
|
|t:|1769322746
|-end|p1a: Iron Treads|Quark Drive|[silent]
|switch|p1a: Okidogi|Okidogi, M|100/100
|-damage|p1a: Okidogi|94/100|[from] Stealth Rock
|-damage|p1a: Okidogi|78/100|[from] Spikes
|move|p2a: Houndstone|Night Shade|p1a: Okidogi
|-damage|p1a: Okidogi|51/100
|
|upkeep
|turn|9
|
|t:|1769322756
|move|p1a: Okidogi|Drain Punch|p2a: Houndstone
|-immune|p2a: Houndstone
|move|p2a: Houndstone|Will-O-Wisp|p1a: Okidogi
|-status|p1a: Okidogi|brn
|
|-damage|p1a: Okidogi|45/100 brn|[from] brn
|upkeep
|turn|10
|-message|LaportaPotty forfeited.
|
|win|rossetiger
|raw|LaportaPotty's rating: 1418 &rarr; <strong>1398</strong><br />(-20 for losing)
|raw|rossetiger's rating: 1411 &rarr; <strong>1431</strong><br />(+20 for winning)
|l|☆LaportaPotty
|player|p1|
|l|☆rossetiger
|player|p2|
