|j|☆Ryomas123
|j|☆Noraa J Simpson
|t:|1769307116
|gametype|singles
|player|p1|Ryomas123|blackbelt|
|player|p2|Noraa J Simpson|silver|
|gen|9
|tier|[Gen 9] OU
|rule|HP Percentage Mod: HP is shown in percentages
|rule|Endless Battle Clause: Forcing endless battles is banned
|rule|Species Clause: Limit one of each Pokémon
|rule|OHKO Clause: OHKO moves are banned
|rule|Evasion Items Clause: Evasion items are banned
|rule|Evasion Moves Clause: Evasion moves are banned
|rule|Evasion Abilities Clause: Evasion abilities are banned
|rule|Sleep Moves Clause: Sleep-inducing moves are banned
|clearpoke
|poke|p1|Lokix, M|
|poke|p1|Scream Tail|
|poke|p1|Salamence, M|
|poke|p1|Arcanine-Hisui, F|
|poke|p1|Clodsire, F|
|poke|p1|Decidueye-Hisui, F|
|poke|p2|Iron Valiant|
|poke|p2|Scizor, F|
|poke|p2|Quagsire, F|
|poke|p2|Porygon2|
|poke|p2|Kingdra, M|
|poke|p2|Pelipper, M|
|teampreview
|
|t:|1769307142
|teamsize|p1|6
|teamsize|p2|6
|start
|switch|p1a: ae|Clodsire, F|100/100
|switch|p2a: Duckstation|Porygon2, shiny|100/100
|turn|1
|j| NitroVort
|
|t:|1769307149
|move|p2a: Duckstation|Ice Beam|p1a: ae
|-supereffective|p1a: ae
|-damage|p1a: ae|69/100
|move|p1a: ae|Spikes|p2a: Duckstation
|-sidestart|p2: Noraa J Simpson|Spikes
|
|upkeep
|turn|2
|
|t:|1769307156
|switch|p2a: Prince|Pelipper, M, shiny|100/100
|-weather|RainDance|[from] ability: Drizzle|[of] p2a: Prince
|move|p1a: ae|Toxic Spikes|p2a: Prince
|-sidestart|p2: Noraa J Simpson|move: Toxic Spikes
|
|-weather|RainDance|[upkeep]
|upkeep
|turn|3
|
|t:|1769307166
|switch|p1a: PWC 2014|Salamence, M|100/100
|-ability|p1a: PWC 2014|Intimidate|boost
|-unboost|p2a: Prince|atk|1
|move|p2a: Prince|U-turn|p1a: PWC 2014
|-resisted|p1a: PWC 2014
|-damage|p1a: PWC 2014|97/100
|
|t:|1769307173
|switch|p2a: Purple rain|Kingdra, M, shiny|100/100|[from] U-turn
|-damage|p2a: Purple rain|88/100|[from] Spikes
|-status|p2a: Purple rain|psn
|
|-weather|RainDance|[upkeep]
|-damage|p2a: Purple rain|76/100 psn|[from] psn
|upkeep
|turn|4
|
|t:|1769307182
|switch|p1a: Bola|Scream Tail|100/100
|-enditem|p1a: Bola|Booster Energy
|-activate|p1a: Bola|ability: Protosynthesis|[fromitem]
|-start|p1a: Bola|protosynthesisspe
|move|p2a: Purple rain|Draco Meteor|p1a: Bola
|-immune|p1a: Bola
|
|-weather|RainDance|[upkeep]
|-damage|p2a: Purple rain|63/100 psn|[from] psn
|upkeep
|turn|5
|
|t:|1769307195
|-terastallize|p2a: Purple rain|Steel
|move|p2a: Purple rain|Flash Cannon|p1a: Bola
|-supereffective|p1a: Bola
|-damage|p1a: Bola|28/100
|-damage|p2a: Purple rain|53/100 psn|[from] item: Life Orb
|move|p1a: Bola|Boomburst|p2a: Purple rain
|-resisted|p2a: Purple rain
|-damage|p2a: Purple rain|36/100 psn
|
|-weather|RainDance|[upkeep]
|-damage|p2a: Purple rain|23/100 psn|[from] psn
|upkeep
|turn|6
|
|t:|1769307212
|-terastallize|p1a: Bola|Steel
|move|p2a: Purple rain|Flash Cannon|p1a: Bola
|-resisted|p1a: Bola
|-damage|p1a: Bola|9/100
|-damage|p2a: Purple rain|13/100 psn|[from] item: Life Orb
|move|p1a: Bola|Fire Blast|p2a: Purple rain|[miss]
|-miss|p1a: Bola|p2a: Purple rain
|
|-weather|RainDance|[upkeep]
|-damage|p2a: Purple rain|1/100 psn|[from] psn
|upkeep
|turn|7
|
|t:|1769307226
|-end|p1a: Bola|Protosynthesis|[silent]
|switch|p1a: la creatura|Arcanine-Hisui, F|100/100
|move|p2a: Purple rain|Scald|p1a: la creatura
|-supereffective|p1a: la creatura
|-enditem|p1a: la creatura|Focus Sash
|-damage|p1a: la creatura|1/100
|-damage|p2a: Purple rain|0 fnt|[from] item: Life Orb
|faint|p2a: Purple rain
|
|-weather|RainDance|[upkeep]
|upkeep
|
|t:|1769307244
|switch|p2a: Tenazas|Scizor, F|100/100
|-damage|p2a: Tenazas|88/100|[from] Spikes
|turn|8
|
|t:|1769307250
|move|p2a: Tenazas|Bullet Punch|p1a: la creatura
|-damage|p1a: la creatura|0 fnt
|faint|p1a: la creatura
|
|-weather|RainDance|[upkeep]
|upkeep
|
|t:|1769307259
|switch|p1a: pajaro|Decidueye-Hisui, F|100/100
|turn|9
|
|t:|1769307275
|move|p2a: Tenazas|U-turn|p1a: pajaro
|-damage|p1a: pajaro|60/100
|
|t:|1769307278
|switch|p2a: Prince|Pelipper, M, shiny|100/100|[from] U-turn
|move|p1a: pajaro|Triple Arrows|p2a: Prince
|-resisted|p2a: Prince
|-damage|p2a: Prince|81/100
|-unboost|p2a: Prince|def|1
|
|-weather|none
|-heal|p1a: pajaro|66/100|[from] item: Leftovers
|upkeep
|turn|10
|
|t:|1769307293
|switch|p1a: PWC 2014|Salamence, M|97/100
|-ability|p1a: PWC 2014|Intimidate|boost
|-unboost|p2a: Prince|atk|1
|move|p2a: Prince|Hurricane|p1a: PWC 2014
|-damage|p1a: PWC 2014|58/100
|
|upkeep
|turn|11
|
|t:|1769307303
|move|p1a: PWC 2014|Draco Meteor|p2a: Prince|[miss]
|-miss|p1a: PWC 2014|p2a: Prince
|move|p2a: Prince|Chilling Water|p1a: PWC 2014
|-resisted|p1a: PWC 2014
|-damage|p1a: PWC 2014|49/100
|-unboost|p1a: PWC 2014|atk|1
|
|upkeep
|turn|12
|
|t:|1769307311
|move|p1a: PWC 2014|Draco Meteor|p2a: Prince|[miss]
|-miss|p1a: PWC 2014|p2a: Prince
|move|p2a: Prince|Roost|p2a: Prince
|-heal|p2a: Prince|100/100
|-singleturn|p2a: Prince|move: Roost
|
|upkeep
|turn|13
|
|t:|1769307318
|move|p1a: PWC 2014|Roost|p1a: PWC 2014
|-heal|p1a: PWC 2014|99/100
|-singleturn|p1a: PWC 2014|move: Roost
|move|p2a: Prince|Chilling Water|p1a: PWC 2014
|-resisted|p1a: PWC 2014
|-damage|p1a: PWC 2014|90/100
|-unboost|p1a: PWC 2014|atk|1
|
|upkeep
|turn|14
|
|t:|1769307326
|move|p1a: PWC 2014|Draco Meteor|p2a: Prince
|-crit|p2a: Prince
|-damage|p2a: Prince|0 fnt
|-unboost|p1a: PWC 2014|spa|2
|faint|p2a: Prince
|
|upkeep
|
|t:|1769307339
|switch|p2a: Raiden|Iron Valiant|100/100
|-damage|p2a: Raiden|88/100|[from] Spikes
|-status|p2a: Raiden|psn
|-enditem|p2a: Raiden|Booster Energy
|-activate|p2a: Raiden|ability: Quark Drive|[fromitem]
|-start|p2a: Raiden|quarkdrivespe
|turn|15
|
|t:|1769307350
|move|p2a: Raiden|Moonblast|p1a: PWC 2014
|-supereffective|p1a: PWC 2014
|-damage|p1a: PWC 2014|10/100
|-unboost|p1a: PWC 2014|spa|1
|move|p1a: PWC 2014|Hurricane|p2a: Raiden
|-supereffective|p2a: Raiden
|-damage|p2a: Raiden|0 fnt
|faint|p2a: Raiden
|-end|p2a: Raiden|Quark Drive|[silent]
|
|upkeep
|
|t:|1769307357
|switch|p2a: Tenazas|Scizor, F|88/100
|-damage|p2a: Tenazas|76/100|[from] Spikes
|turn|16
|
|t:|1769307364
|switch|p1a: pajaro|Decidueye-Hisui, F|66/100
|move|p2a: Tenazas|Bullet Punch|p1a: pajaro
|-damage|p1a: pajaro|27/100
|
|-heal|p1a: pajaro|33/100|[from] item: Leftovers
|upkeep
|turn|17
|
|t:|1769307382
|move|p2a: Tenazas|Bullet Punch|p1a: pajaro
|-damage|p1a: pajaro|0 fnt
|faint|p1a: pajaro
|
|upkeep
|
|t:|1769307389
|switch|p1a: ae|Clodsire, F|69/100
|turn|18
|
|t:|1769307392
|move|p2a: Tenazas|Knock Off|p1a: ae
|-damage|p1a: ae|30/100
|-enditem|p1a: ae|Focus Sash|[from] move: Knock Off|[of] p2a: Tenazas
|move|p1a: ae|Earthquake|p2a: Tenazas
|-damage|p2a: Tenazas|47/100
|
|upkeep
|turn|19
|
|t:|1769307401
|move|p2a: Tenazas|Bullet Punch|p1a: ae
|-damage|p1a: ae|0 fnt
|faint|p1a: ae
|
|upkeep
|
|t:|1769307410
|switch|p1a: KAMEN RIDER BLACK|Lokix, M|100/100
|turn|20
|
|t:|1769307414
|move|p1a: KAMEN RIDER BLACK|First Impression|p2a: Tenazas
|-resisted|p2a: Tenazas
|-damage|p2a: Tenazas|10/100
|move|p2a: Tenazas|Close Combat|p1a: KAMEN RIDER BLACK
|-damage|p1a: KAMEN RIDER BLACK|36/100
|-unboost|p2a: Tenazas|def|1
|-unboost|p2a: Tenazas|spd|1
|
|upkeep
|turn|21
|
|t:|1769307427
|move|p2a: Tenazas|Bullet Punch|p1a: KAMEN RIDER BLACK
|-damage|p1a: KAMEN RIDER BLACK|0 fnt
|faint|p1a: KAMEN RIDER BLACK
|
|upkeep
|
|t:|1769307435
|switch|p1a: PWC 2014|Salamence, M|10/100
|-ability|p1a: PWC 2014|Intimidate|boost
|-unboost|p2a: Tenazas|atk|1
|turn|22
|
|t:|1769307440
|move|p2a: Tenazas|Bullet Punch|p1a: PWC 2014
|-damage|p1a: PWC 2014|0 fnt
|faint|p1a: PWC 2014
|
|upkeep
|
|t:|1769307444
|switch|p1a: Bola|Scream Tail, tera:Steel|9/100
|turn|23
|
|t:|1769307448
|move|p2a: Tenazas|Bullet Punch|p1a: Bola
|-resisted|p1a: Bola
|-damage|p1a: Bola|0 fnt
|faint|p1a: Bola
|-end|p1a: Bola|Protosynthesis|[silent]
|
|win|Noraa J Simpson
