|j|☆Auburn Hills
|j|☆CambridgeFoulPlay
|t:|1769370980
|gametype|singles
|player|p1|Auburn Hills|alder|1705
|player|p2|CambridgeFoulPlay|266|1753
|gen|9
|tier|[Gen 9] OU
|rated|
|rule|HP Percentage Mod: HP is shown in percentages
|rule|Endless Battle Clause: Forcing endless battles is banned
|rule|Species Clause: Limit one of each Pokémon
|rule|OHKO Clause: OHKO moves are banned
|rule|Evasion Items Clause: Evasion items are banned
|rule|Evasion Moves Clause: Evasion moves are banned
|rule|Evasion Abilities Clause: Evasion abilities are banned
|rule|Sleep Moves Clause: Sleep-inducing moves are banned
|clearpoke
|poke|p1|Iron Moth|
|poke|p1|Umbreon, M|
|poke|p1|Garchomp, M|
|poke|p1|Glimmora, M|
|poke|p1|Gholdengo|
|poke|p1|Dragonite, M|
|poke|p2|Hydrapple, M|
|poke|p2|Tyranitar, F|
|poke|p2|Moltres|
|poke|p2|Zamazenta-*|
|poke|p2|Slowking-Galar, M|
|poke|p2|Excadrill, F|
|teampreview
|
|t:|1769370984
|teamsize|p1|6
|teamsize|p2|6
|start
|switch|p1a: Rat Tally|Garchomp, M|100/100
|switch|p2a: Tyranitar|Tyranitar, F|100/100
|-weather|Sandstorm|[from] ability: Sand Stream|[of] p2a: Tyranitar
|turn|1
|c|☆CambridgeFoulPlay|hf
|inactive|Battle timer is ON: inactive players will automatically lose when time's up. (requested by CambridgeFoulPlay)
|j| waldo is real
|
|t:|1769371008
|-terastallize|p1a: Rat Tally|Electric
|move|p1a: Rat Tally|Earthquake|p2a: Tyranitar
|-supereffective|p2a: Tyranitar
|-damage|p2a: Tyranitar|25/100
|move|p2a: Tyranitar|Ice Beam|p1a: Rat Tally
|-damage|p1a: Rat Tally|78/100
|
|-weather|Sandstorm|[upkeep]
|-damage|p1a: Rat Tally|72/100|[from] Sandstorm
|upkeep
|turn|2
|
|t:|1769371011
|switch|p2a: Excadrill|Excadrill, F|100/100
|-item|p2a: Excadrill|Air Balloon
|move|p1a: Rat Tally|Scale Shot|p2a: Excadrill
|-resisted|p2a: Excadrill
|-damage|p2a: Excadrill|91/100
|-enditem|p2a: Excadrill|Air Balloon
|-resisted|p2a: Excadrill
|-damage|p2a: Excadrill|81/100
|-resisted|p2a: Excadrill
|-damage|p2a: Excadrill|71/100
|-resisted|p2a: Excadrill
|-damage|p2a: Excadrill|61/100
|-hitcount|p2a: Excadrill|4
|-unboost|p1a: Rat Tally|def|1
|-boost|p1a: Rat Tally|spe|1
|
|-weather|Sandstorm|[upkeep]
|-damage|p1a: Rat Tally|66/100|[from] Sandstorm
|upkeep
|turn|3
|
|t:|1769371013
|switch|p1a: Elucid|Dragonite, M|100/100
|move|p2a: Excadrill|Earthquake|p1a: Elucid
|-immune|p1a: Elucid
|
|-weather|Sandstorm|[upkeep]
|-damage|p1a: Elucid|94/100|[from] Sandstorm
|upkeep
|turn|4
|
|t:|1769371016
|move|p2a: Excadrill|Iron Head|p1a: Elucid
|-damage|p1a: Elucid|46/100
|move|p1a: Elucid|Earthquake|p2a: Excadrill
|-supereffective|p2a: Excadrill
|-damage|p2a: Excadrill|0 fnt
|faint|p2a: Excadrill
|
|-weather|Sandstorm|[upkeep]
|-damage|p1a: Elucid|40/100|[from] Sandstorm
|upkeep
|
|t:|1769371019
|switch|p2a: Hydrapple|Hydrapple, M|100/100
|turn|5
|
|t:|1769371022
|switch|p1a: Alvvays|Umbreon, M|100/100
|move|p2a: Hydrapple|Fickle Beam|p1a: Alvvays|[anim] Fickle Beam All Out
|-activate|p2a: Hydrapple|move: Fickle Beam
|-damage|p1a: Alvvays|66/100
|
|-weather|Sandstorm|[upkeep]
|-damage|p1a: Alvvays|60/100|[from] Sandstorm
|-damage|p2a: Hydrapple|94/100|[from] Sandstorm
|-heal|p1a: Alvvays|66/100|[from] item: Leftovers
|upkeep
|turn|6
|
|t:|1769371025
|move|p1a: Alvvays|Thunder Wave|p2a: Hydrapple
|-status|p2a: Hydrapple|par
|cant|p2a: Hydrapple|par
|
|-weather|Sandstorm|[upkeep]
|-damage|p1a: Alvvays|60/100|[from] Sandstorm
|-damage|p2a: Hydrapple|88/100 par|[from] Sandstorm
|-heal|p1a: Alvvays|66/100|[from] item: Leftovers
|upkeep
|turn|7
|j| Fifo drummer
|
|t:|1769371028
|switch|p1a: Julia Jacklin|Glimmora, M|100/100
|move|p2a: Hydrapple|Nasty Plot|p2a: Hydrapple
|-boost|p2a: Hydrapple|spa|2
|
|-weather|Sandstorm|[upkeep]
|-damage|p2a: Hydrapple|82/100 par|[from] Sandstorm
|upkeep
|turn|8
|
|t:|1769371031
|move|p1a: Julia Jacklin|Sludge Wave|p2a: Hydrapple
|-supereffective|p2a: Hydrapple
|-damage|p2a: Hydrapple|0 fnt
|faint|p2a: Hydrapple
|
|-weather|none
|upkeep
|
|t:|1769371034
|switch|p2a: Zamazenta|Zamazenta|100/100
|-ability|p2a: Zamazenta|Dauntless Shield|boost
|-boost|p2a: Zamazenta|def|1
|turn|9
|inactive|Auburn Hills has 120 seconds left.
|
|t:|1769371080
|move|p2a: Zamazenta|Body Press|p1a: Julia Jacklin
|-damage|p1a: Julia Jacklin|30/100
|-activate|p1a: Julia Jacklin|ability: Toxic Debris
|-sidestart|p2: CambridgeFoulPlay|move: Toxic Spikes
|move|p1a: Julia Jacklin|Sludge Wave|p2a: Zamazenta
|-damage|p2a: Zamazenta|57/100
|
|-heal|p2a: Zamazenta|63/100|[from] item: Leftovers
|upkeep
|turn|10
|
|t:|1769371086
|switch|p1a: Smino|Gholdengo|100/100
|move|p2a: Zamazenta|Body Press|p1a: Smino
|-immune|p1a: Smino
|
|-heal|p2a: Zamazenta|69/100|[from] item: Leftovers
|upkeep
|turn|11
|
|t:|1769371088
|move|p1a: Smino|Trick|p2a: Zamazenta
|-activate|p1a: Smino|move: Trick|[of] p2a: Zamazenta
|-item|p2a: Zamazenta|Choice Scarf|[from] move: Trick
|-item|p1a: Smino|Leftovers|[from] move: Trick
|move|p2a: Zamazenta|Crunch|p1a: Smino
|-supereffective|p1a: Smino
|-damage|p1a: Smino|52/100
|
|-heal|p1a: Smino|58/100|[from] item: Leftovers
|upkeep
|turn|12
|
|t:|1769371091
|switch|p2a: Slowking|Slowking-Galar, M|100/100
|-sideend|p2: CambridgeFoulPlay|move: Toxic Spikes|[of] p2a: Slowking
|switch|p1a: Alvvays|Umbreon, M|66/100
|
|-heal|p1a: Alvvays|72/100|[from] item: Leftovers
|upkeep
|turn|13
|
|t:|1769371094
|switch|p2a: Tyranitar|Tyranitar, F|25/100
|-weather|Sandstorm|[from] ability: Sand Stream|[of] p2a: Tyranitar
|move|p1a: Alvvays|Thunder Wave|p2a: Tyranitar
|-status|p2a: Tyranitar|par
|
|-weather|Sandstorm|[upkeep]
|-damage|p1a: Alvvays|66/100|[from] Sandstorm
|-heal|p1a: Alvvays|72/100|[from] item: Leftovers
|upkeep
|turn|14
|
|t:|1769371097
|switch|p1a: Julia Jacklin|Glimmora, M|30/100
|move|p2a: Tyranitar|Stealth Rock|p1a: Julia Jacklin
|-sidestart|p1: Auburn Hills|move: Stealth Rock
|
|-weather|Sandstorm|[upkeep]
|upkeep
|turn|15
|
|t:|1769371099
|move|p1a: Julia Jacklin|Stealth Rock|p2a: Tyranitar
|-sidestart|p2: CambridgeFoulPlay|move: Stealth Rock
|cant|p2a: Tyranitar|par
|
|-weather|Sandstorm|[upkeep]
|upkeep
|turn|16
|
|t:|1769371102
|move|p1a: Julia Jacklin|Mortal Spin|p2a: Tyranitar
|-resisted|p2a: Tyranitar
|-damage|p2a: Tyranitar|22/100 par
|-sideend|p1: Auburn Hills|Stealth Rock|[from] move: Mortal Spin|[of] p1a: Julia Jacklin
|move|p2a: Tyranitar|Knock Off|p1a: Julia Jacklin
|-damage|p1a: Julia Jacklin|0 fnt
|-activate|p1a: Julia Jacklin|ability: Toxic Debris
|-sidestart|p2: CambridgeFoulPlay|move: Toxic Spikes
|-enditem|p1a: Julia Jacklin|Focus Sash|[from] move: Knock Off|[of] p2a: Tyranitar
|faint|p1a: Julia Jacklin
|
|-weather|Sandstorm|[upkeep]
|upkeep
|
|t:|1769371105
|switch|p1a: Rat Tally|Garchomp, M, tera:Electric|66/100
|turn|17
|
|t:|1769371107
|move|p1a: Rat Tally|Earthquake|p2a: Tyranitar
|-supereffective|p2a: Tyranitar
|-damage|p2a: Tyranitar|0 fnt
|faint|p2a: Tyranitar
|
|-weather|Sandstorm|[upkeep]
|-damage|p1a: Rat Tally|60/100|[from] Sandstorm
|upkeep
|
|t:|1769371110
|switch|p2a: Slowking|Slowking-Galar, M|100/100
|-damage|p2a: Slowking|88/100|[from] Stealth Rock
|-sideend|p2: CambridgeFoulPlay|move: Toxic Spikes|[of] p2a: Slowking
|turn|18
|j| shedtailhater
|
|t:|1769371121
|switch|p2a: Moltres|Moltres|100/100
|move|p1a: Rat Tally|Earthquake|p2a: Moltres
|-immune|p2a: Moltres
|
|-weather|Sandstorm|[upkeep]
|-damage|p1a: Rat Tally|54/100|[from] Sandstorm
|-damage|p2a: Moltres|94/100|[from] Sandstorm
|upkeep
|turn|19
|
|t:|1769371124
|switch|p1a: Smino|Gholdengo|58/100
|move|p2a: Moltres|U-turn|p1a: Smino
|-resisted|p1a: Smino
|-damage|p1a: Smino|54/100
|
|t:|1769371127
|switch|p2a: Slowking|Slowking-Galar, M|100/100|[from] U-turn
|-damage|p2a: Slowking|88/100|[from] Stealth Rock
|
|-weather|Sandstorm|[upkeep]
|-damage|p2a: Slowking|82/100|[from] Sandstorm
|-heal|p1a: Smino|60/100|[from] item: Leftovers
|upkeep
|turn|20
|
|t:|1769371130
|move|p1a: Smino|Shadow Ball|p2a: Slowking
|-supereffective|p2a: Slowking
|-damage|p2a: Slowking|37/100
|move|p2a: Slowking|Flamethrower|p1a: Smino
|-supereffective|p1a: Smino
|-damage|p1a: Smino|7/100
|
|-weather|none
|-heal|p1a: Smino|14/100|[from] item: Leftovers
|upkeep
|turn|21
|
|t:|1769371133
|switch|p2a: Zamazenta|Zamazenta|69/100
|-damage|p2a: Zamazenta|63/100|[from] Stealth Rock
|move|p1a: Smino|Shadow Ball|p2a: Zamazenta
|-damage|p2a: Zamazenta|23/100
|
|-heal|p1a: Smino|20/100|[from] item: Leftovers
|upkeep
|turn|22
|
|t:|1769371136
|move|p2a: Zamazenta|Crunch|p1a: Smino
|-supereffective|p1a: Smino
|-damage|p1a: Smino|0 fnt
|faint|p1a: Smino
|
|upkeep
|
|t:|1769371140
|switch|p1a: Carly Rae|Iron Moth|100/100
|-enditem|p1a: Carly Rae|Booster Energy
|-activate|p1a: Carly Rae|ability: Quark Drive|[fromitem]
|-start|p1a: Carly Rae|quarkdrivespe
|turn|23
|
|t:|1769371142
|switch|p2a: Slowking|Slowking-Galar, M|70/100
|-damage|p2a: Slowking|58/100|[from] Stealth Rock
|move|p1a: Carly Rae|Fiery Dance|p2a: Slowking
|-damage|p2a: Slowking|38/100
|
|upkeep
|turn|24
|
|t:|1769371145
|move|p1a: Carly Rae|Fiery Dance|p2a: Slowking
|-damage|p2a: Slowking|16/100
|move|p2a: Slowking|Psyshock|p1a: Carly Rae
|-supereffective|p1a: Carly Rae
|-damage|p1a: Carly Rae|10/100
|
|upkeep
|turn|25
|
|t:|1769371148
|switch|p2a: Moltres|Moltres|94/100
|move|p1a: Carly Rae|Fiery Dance|p2a: Moltres
|-resisted|p2a: Moltres
|-damage|p2a: Moltres|74/100
|
|upkeep
|turn|26
|
|t:|1769371151
|move|p1a: Carly Rae|Morning Sun|p1a: Carly Rae
|-heal|p1a: Carly Rae|60/100
|move|p2a: Moltres|Roost|p2a: Moltres
|-heal|p2a: Moltres|100/100
|-singleturn|p2a: Moltres|move: Roost
|
|upkeep
|turn|27
|
|t:|1769371154
|switch|p2a: Slowking|Slowking-Galar, M|50/100
|-damage|p2a: Slowking|37/100|[from] Stealth Rock
|move|p1a: Carly Rae|Morning Sun|p1a: Carly Rae
|-heal|p1a: Carly Rae|100/100
|
|upkeep
|turn|28
|
|t:|1769371156
|move|p1a: Carly Rae|Fiery Dance|p2a: Slowking
|-damage|p2a: Slowking|14/100
|-boost|p1a: Carly Rae|spa|1
|move|p2a: Slowking|Psyshock|p1a: Carly Rae
|-supereffective|p1a: Carly Rae
|-damage|p1a: Carly Rae|16/100
|
|upkeep
|turn|29
|
|t:|1769371160
|move|p1a: Carly Rae|Fiery Dance|p2a: Slowking
|-damage|p2a: Slowking|0 fnt
|-boost|p1a: Carly Rae|spa|1
|faint|p2a: Slowking
|
|upkeep
|
|t:|1769371162
|switch|p2a: Zamazenta|Zamazenta|23/100
|-damage|p2a: Zamazenta|16/100|[from] Stealth Rock
|turn|30
|
|t:|1769371172
|switch|p2a: Moltres|Moltres|100/100
|-end|p1a: Carly Rae|Quark Drive|[silent]
|switch|p1a: Alvvays|Umbreon, M|72/100
|
|-heal|p1a: Alvvays|78/100|[from] item: Leftovers
|upkeep
|turn|31
|
|t:|1769371174
|move|p2a: Moltres|Flamethrower|p1a: Alvvays
|-damage|p1a: Alvvays|58/100
|-status|p1a: Alvvays|brn
|move|p1a: Alvvays|Thunder Wave|p2a: Moltres|[miss]
|-miss|p1a: Alvvays|p2a: Moltres
|
|-heal|p1a: Alvvays|64/100 brn|[from] item: Leftovers
|-damage|p1a: Alvvays|58/100 brn|[from] brn
|upkeep
|turn|32
|
|t:|1769371178
|move|p2a: Moltres|Flamethrower|p1a: Alvvays
|-damage|p1a: Alvvays|38/100 brn
|move|p1a: Alvvays|Thunder Wave|p2a: Moltres
|-status|p2a: Moltres|par
|
|-heal|p1a: Alvvays|44/100 brn|[from] item: Leftovers
|-damage|p1a: Alvvays|38/100 brn|[from] brn
|upkeep
|turn|33
|
|t:|1769371181
|move|p1a: Alvvays|Wish|p1a: Alvvays
|move|p2a: Moltres|U-turn|p1a: Alvvays
|-supereffective|p1a: Alvvays
|-damage|p1a: Alvvays|14/100 brn
|
|t:|1769371184
|switch|p2a: Zamazenta|Zamazenta|16/100|[from] U-turn
|-damage|p2a: Zamazenta|10/100|[from] Stealth Rock
|
|-heal|p1a: Alvvays|20/100 brn|[from] item: Leftovers
|-damage|p1a: Alvvays|14/100 brn|[from] brn
|upkeep
|turn|34
|
|t:|1769371192
|move|p1a: Alvvays|Protect|p1a: Alvvays
|-singleturn|p1a: Alvvays|Protect
|move|p2a: Zamazenta|Body Press|p1a: Alvvays
|-activate|p1a: Alvvays|move: Protect
|
|-heal|p1a: Alvvays|64/100 brn|[from] move: Wish|[wisher] Alvvays
|-heal|p1a: Alvvays|70/100 brn|[from] item: Leftovers
|-damage|p1a: Alvvays|64/100 brn|[from] brn
|upkeep
|turn|35
|
|t:|1769371196
|switch|p1a: Rat Tally|Garchomp, M, tera:Electric|54/100
|move|p2a: Zamazenta|Body Press|p1a: Rat Tally
|-damage|p1a: Rat Tally|12/100
|-damage|p2a: Zamazenta|0 fnt|[from] ability: Rough Skin|[of] p1a: Rat Tally
|faint|p2a: Zamazenta
|
|upkeep
|
|t:|1769371199
|switch|p2a: Moltres|Moltres|100/100 par
|turn|36
|
|t:|1769371201
|move|p1a: Rat Tally|Tera Blast|p2a: Moltres|[anim] Tera Blast Electric
|-supereffective|p2a: Moltres
|-damage|p2a: Moltres|41/100 par
|move|p2a: Moltres|Flamethrower|p1a: Rat Tally
|-damage|p1a: Rat Tally|0 fnt
|faint|p1a: Rat Tally
|
|upkeep
|
|t:|1769371204
|switch|p1a: Carly Rae|Iron Moth|16/100
|turn|37
|
|t:|1769371207
|-terastallize|p2a: Moltres|Fairy
|move|p1a: Carly Rae|Morning Sun|p1a: Carly Rae
|-heal|p1a: Carly Rae|66/100
|move|p2a: Moltres|Roost|p2a: Moltres
|-heal|p2a: Moltres|91/100 par
|
|upkeep
|turn|38
|
|t:|1769371209
|move|p1a: Carly Rae|Fiery Dance|p2a: Moltres
|-damage|p2a: Moltres|50/100 par
|cant|p2a: Moltres|par
|
|upkeep
|turn|39
|
|t:|1769371213
|move|p1a: Carly Rae|Fiery Dance|p2a: Moltres
|-damage|p2a: Moltres|10/100 par
|cant|p2a: Moltres|par
|
|upkeep
|turn|40
|
|t:|1769371215
|move|p1a: Carly Rae|Fiery Dance|p2a: Moltres
|-damage|p2a: Moltres|0 fnt
|-boost|p1a: Carly Rae|spa|1
|faint|p2a: Moltres
|
|win|Auburn Hills
|raw|Auburn Hills's rating: 1687 &rarr; <strong>1711</strong><br />(+24 for winning)
|raw|CambridgeFoulPlay's rating: 1753 &rarr; <strong>1729</strong><br />(-24 for losing)
|c|☆CambridgeFoulPlay|gg
|l|☆CambridgeFoulPlay
|player|p2|
|l|☆Auburn Hills
|player|p1|
|l| shedtailhater
