|j|☆AVRLIKESGIRLS
|j|☆capt.once
|t:|1769433278
|gametype|singles
|player|p1|AVRLIKESGIRLS|dawn|1382
|player|p2|capt.once|clerkf|1325
|gen|9
|tier|[Gen 9] OU
|rated|
|rule|HP Percentage Mod: HP is shown in percentages
|rule|Endless Battle Clause: Forcing endless battles is banned
|rule|Species Clause: Limit one of each Pokémon
|rule|OHKO Clause: OHKO moves are banned
|rule|Evasion Items Clause: Evasion items are banned
|rule|Evasion Moves Clause: Evasion moves are banned
|rule|Evasion Abilities Clause: Evasion abilities are banned
|rule|Sleep Moves Clause: Sleep-inducing moves are banned
|clearpoke
|poke|p1|Zoroark-Hisui, M|
|poke|p1|Iron Boulder|
|poke|p1|Raging Bolt|
|poke|p1|Greninja-*, M|
|poke|p1|Dragonite, M|
|poke|p1|Kingambit, F|
|poke|p2|Samurott-Hisui, F|
|poke|p2|Salamence, M|
|poke|p2|Abomasnow, F|
|poke|p2|Glimmora, M|
|poke|p2|Iron Valiant|
|poke|p2|Iron Hands|
|teampreview
|inactive|Battle timer is ON: inactive players will automatically lose when time's up. (requested by capt.once)
|
|t:|1769433282
|teamsize|p1|6
|teamsize|p2|6
|start
|switch|p1a: Dragonite|Dragonite, M|100/100
|switch|p2a: Samurott|Samurott-Hisui, F|100/100
|turn|1
|
|t:|1769433290
|move|p2a: Samurott|Ceaseless Edge|p1a: Dragonite
|-supereffective|p1a: Dragonite
|-damage|p1a: Dragonite|0 fnt
|replace|p1a: Zoroark|Zoroark-Hisui, M
|-end|p1a: Zoroark|Illusion
|-sidestart|p1: AVRLIKESGIRLS|Spikes
|faint|p1a: Zoroark
|
|upkeep
|inactive|AVRLIKESGIRLS has 120 seconds left.
|
|t:|1769433338
|switch|p1a: Raging Bolt|Raging Bolt|100/100
|-damage|p1a: Raging Bolt|88/100|[from] Spikes
|-enditem|p1a: Raging Bolt|Booster Energy
|-activate|p1a: Raging Bolt|ability: Protosynthesis|[fromitem]
|-start|p1a: Raging Bolt|protosynthesisspa
|turn|2
|
|t:|1769433354
|switch|p2a: Abomasnow|Abomasnow, F|100/100
|-weather|Snowscape|[from] ability: Snow Warning|[of] p2a: Abomasnow
|move|p1a: Raging Bolt|Calm Mind|p1a: Raging Bolt
|-boost|p1a: Raging Bolt|spa|1
|-boost|p1a: Raging Bolt|spd|1
|
|-weather|Snowscape|[upkeep]
|upkeep
|turn|3
|
|t:|1769433364
|move|p1a: Raging Bolt|Thunderbolt|p2a: Abomasnow
|-resisted|p2a: Abomasnow
|-damage|p2a: Abomasnow|45/100
|move|p2a: Abomasnow|Blizzard|p1a: Raging Bolt
|-supereffective|p1a: Raging Bolt
|-damage|p1a: Raging Bolt|22/100
|
|-weather|Snowscape|[upkeep]
|upkeep
|turn|4
|inactive|AVRLIKESGIRLS has 120 seconds left.
|
|t:|1769433373
|move|p1a: Raging Bolt|Dragon Pulse|p2a: Abomasnow
|-damage|p2a: Abomasnow|0 fnt
|faint|p2a: Abomasnow
|
|-weather|Snowscape|[upkeep]
|upkeep
|
|t:|1769433390
|switch|p2a: Glimmora|Glimmora, M|100/100
|turn|5
|
|t:|1769433396
|move|p1a: Raging Bolt|Thunderclap|p2a: Glimmora
|-damage|p2a: Glimmora|0 fnt
|faint|p2a: Glimmora
|
|-weather|Snowscape|[upkeep]
|upkeep
|
|t:|1769433405
|switch|p2a: Iron Hands|Iron Hands|100/100
|-enditem|p2a: Iron Hands|Booster Energy
|-activate|p2a: Iron Hands|ability: Quark Drive|[fromitem]
|-start|p2a: Iron Hands|quarkdriveatk
|turn|6
|
|t:|1769433411
|move|p1a: Raging Bolt|Dragon Pulse|p2a: Iron Hands
|-damage|p2a: Iron Hands|4/100
|move|p2a: Iron Hands|Earthquake|p1a: Raging Bolt
|-supereffective|p1a: Raging Bolt
|-damage|p1a: Raging Bolt|0 fnt
|faint|p1a: Raging Bolt
|-end|p1a: Raging Bolt|Protosynthesis|[silent]
|
|-weather|none
|upkeep
|
|t:|1769433424
|switch|p1a: Greninja|Greninja, M|100/100
|-damage|p1a: Greninja|88/100|[from] Spikes
|turn|7
|
|t:|1769433432
|move|p1a: Greninja|Dark Pulse|p2a: Iron Hands
|-resisted|p2a: Iron Hands
|-damage|p2a: Iron Hands|0 fnt
|faint|p2a: Iron Hands
|-end|p2a: Iron Hands|Quark Drive|[silent]
|-ability|p1a: Greninja|Battle Bond|boost
|-boost|p1a: Greninja|atk|1
|-boost|p1a: Greninja|spa|1
|-boost|p1a: Greninja|spe|1
|-activate|p1a: Greninja|ability: Battle Bond
|-damage|p1a: Greninja|78/100|[from] item: Life Orb
|
|upkeep
|
|t:|1769433444
|switch|p2a: Samurott|Samurott-Hisui, F|100/100
|turn|8
|
|t:|1769433456
|move|p1a: Greninja|Hydro Pump|p2a: Samurott
|-resisted|p2a: Samurott
|-damage|p2a: Samurott|26/100
|-damage|p1a: Greninja|69/100|[from] item: Life Orb
|move|p2a: Samurott|Sacred Sword|p1a: Greninja
|-supereffective|p1a: Greninja
|-damage|p1a: Greninja|0 fnt
|faint|p1a: Greninja
|
|upkeep
|
|t:|1769433468
|switch|p1a: Dragonite|Dragonite, M|100/100
|turn|9
|
|t:|1769433480
|switch|p2a: Iron Valiant|Iron Valiant|100/100
|-enditem|p2a: Iron Valiant|Booster Energy
|-activate|p2a: Iron Valiant|ability: Quark Drive|[fromitem]
|-start|p2a: Iron Valiant|quarkdrivespe
|move|p1a: Dragonite|Dragon Dance|p1a: Dragonite
|-boost|p1a: Dragonite|atk|1
|-boost|p1a: Dragonite|spe|1
|
|upkeep
|turn|10
|
|t:|1769433493
|-terastallize|p1a: Dragonite|Normal
|move|p2a: Iron Valiant|Encore|p1a: Dragonite
|-start|p1a: Dragonite|Encore
|move|p1a: Dragonite|Dragon Dance|p1a: Dragonite
|-boost|p1a: Dragonite|atk|1
|-boost|p1a: Dragonite|spe|1
|
|upkeep
|turn|11
|
|t:|1769433502
|move|p2a: Iron Valiant|Aura Sphere|p1a: Dragonite
|-supereffective|p1a: Dragonite
|-damage|p1a: Dragonite|57/100
|move|p1a: Dragonite|Dragon Dance|p1a: Dragonite
|-boost|p1a: Dragonite|atk|1
|-boost|p1a: Dragonite|spe|1
|
|upkeep
|turn|12
|
|t:|1769433509
|move|p1a: Dragonite|Dragon Dance|p1a: Dragonite
|-boost|p1a: Dragonite|atk|1
|-boost|p1a: Dragonite|spe|1
|move|p2a: Iron Valiant|Aura Sphere|p1a: Dragonite
|-supereffective|p1a: Dragonite
|-damage|p1a: Dragonite|0 fnt
|faint|p1a: Dragonite
|
|upkeep
|
|t:|1769433522
|switch|p1a: Iron Boulder|Iron Boulder|100/100
|-damage|p1a: Iron Boulder|88/100|[from] Spikes
|-enditem|p1a: Iron Boulder|Booster Energy
|-activate|p1a: Iron Boulder|ability: Quark Drive|[fromitem]
|-start|p1a: Iron Boulder|quarkdrivespe
|turn|13
|
|t:|1769433538
|move|p1a: Iron Boulder|Mighty Cleave|p2a: Iron Valiant
|-resisted|p2a: Iron Valiant
|-damage|p2a: Iron Valiant|70/100
|move|p2a: Iron Valiant|Moonblast|p1a: Iron Boulder
|-damage|p1a: Iron Boulder|42/100
|
|upkeep
|turn|14
|
|t:|1769433546
|move|p1a: Iron Boulder|Earthquake|p2a: Iron Valiant
|-damage|p2a: Iron Valiant|31/100
|move|p2a: Iron Valiant|Moonblast|p1a: Iron Boulder
|-damage|p1a: Iron Boulder|0 fnt
|faint|p1a: Iron Boulder
|-end|p1a: Iron Boulder|Quark Drive|[silent]
|
|upkeep
|
|t:|1769433554
|switch|p1a: Kingambit|Kingambit, F|100/100
|-damage|p1a: Kingambit|88/100|[from] Spikes
|-activate|p1a: Kingambit|ability: Supreme Overlord
|-start|p1a: Kingambit|fallen5|[silent]
|turn|15
|
|t:|1769433561
|move|p1a: Kingambit|Sucker Punch|p2a: Iron Valiant
|-resisted|p2a: Iron Valiant
|-damage|p2a: Iron Valiant|10/100
|move|p2a: Iron Valiant|Aura Sphere|p1a: Kingambit
|-supereffective|p1a: Kingambit
|-damage|p1a: Kingambit|0 fnt
|faint|p1a: Kingambit
|-end|p1a: Kingambit|fallen5|[silent]
|
|win|capt.once
|raw|AVRLIKESGIRLS's rating: 1382 &rarr; <strong>1359</strong><br />(-23 for losing)
|raw|capt.once's rating: 1325 &rarr; <strong>1348</strong><br />(+23 for winning)
|l|☆AVRLIKESGIRLS
|player|p1|
|l|☆capt.once
|player|p2|
