|j|☆pipipipichu
|j|☆Bukumaaa
|t:|1769332812
|gametype|singles
|player|p1|pipipipichu|red|1444
|player|p2|Bukumaaa|169|1426
|gen|9
|tier|[Gen 9] OU
|rated|
|rule|HP Percentage Mod: HP is shown in percentages
|rule|Endless Battle Clause: Forcing endless battles is banned
|rule|Species Clause: Limit one of each Pokémon
|rule|OHKO Clause: OHKO moves are banned
|rule|Evasion Items Clause: Evasion items are banned
|rule|Evasion Moves Clause: Evasion moves are banned
|rule|Evasion Abilities Clause: Evasion abilities are banned
|rule|Sleep Moves Clause: Sleep-inducing moves are banned
|clearpoke
|poke|p1|Deoxys-Speed|
|poke|p1|Ceruledge, F|
|poke|p1|Zamazenta-*|
|poke|p1|Ogerpon-Wellspring, F|
|poke|p1|Glimmora, M|
|poke|p1|Moltres-Galar|
|poke|p2|Zapdos|
|poke|p2|Dragonite, F|
|poke|p2|Feraligatr, M|
|poke|p2|Venusaur, M|
|poke|p2|Snorlax, F|
|poke|p2|Entei|
|teampreview
|inactive|Battle timer is ON: inactive players will automatically lose when time's up. (requested by Bukumaaa)
|
|t:|1769332832
|teamsize|p1|6
|teamsize|p2|6
|start
|switch|p1a: Glimmora|Glimmora, M|100/100
|switch|p2a: BIG BOI|Snorlax, F|100/100
|turn|1
|inactive|pipipipichu has 120 seconds left.
|inactive|pipipipichu has 90 seconds left.
|
|t:|1769332910
|switch|p1a: Zamazenta|Zamazenta|100/100
|-ability|p1a: Zamazenta|Dauntless Shield|boost
|-boost|p1a: Zamazenta|def|1
|move|p2a: BIG BOI|Curse|p2a: BIG BOI
|-unboost|p2a: BIG BOI|spe|1
|-boost|p2a: BIG BOI|atk|1
|-boost|p2a: BIG BOI|def|1
|
|upkeep
|turn|2
|
|t:|1769332921
|move|p2a: BIG BOI|Body Slam|p1a: Zamazenta
|-damage|p1a: Zamazenta|72/100
|move|p1a: Zamazenta|Roar|p2a: BIG BOI
|drag|p2a: PORUNGA|Dragonite, F|100/100
|
|-heal|p1a: Zamazenta|79/100|[from] item: Leftovers
|upkeep
|turn|3
|inactive|pipipipichu has 90 seconds left.
|
|t:|1769332943
|move|p1a: Zamazenta|Heavy Slam|p2a: PORUNGA
|-damage|p2a: PORUNGA|94/100
|move|p2a: PORUNGA|Dragon Dance|p2a: PORUNGA
|-boost|p2a: PORUNGA|atk|1
|-boost|p2a: PORUNGA|spe|1
|
|-heal|p2a: PORUNGA|100/100|[from] item: Leftovers
|-heal|p1a: Zamazenta|85/100|[from] item: Leftovers
|upkeep
|turn|4
|
|t:|1769332953
|move|p2a: PORUNGA|Dragon Dance|p2a: PORUNGA
|-boost|p2a: PORUNGA|atk|1
|-boost|p2a: PORUNGA|spe|1
|move|p1a: Zamazenta|Roar|p2a: PORUNGA
|drag|p2a: MEGA SIMBA|Entei|100/100
|-ability|p2a: MEGA SIMBA|Pressure
|
|-heal|p1a: Zamazenta|91/100|[from] item: Leftovers
|upkeep
|turn|5
|inactive|pipipipichu has 90 seconds left.
|
|t:|1769332967
|switch|p1a: Glimmora|Glimmora, M|100/100
|move|p2a: MEGA SIMBA|Will-O-Wisp|p1a: Glimmora
|-status|p1a: Glimmora|brn
|
|-damage|p1a: Glimmora|94/100 brn|[from] brn
|upkeep
|turn|6
|
|t:|1769332977
|switch|p2a: BIG BOI|Snorlax, F|100/100
|move|p1a: Glimmora|Meteor Beam||[still]
|-prepare|p1a: Glimmora|Meteor Beam
|-boost|p1a: Glimmora|spa|1
|-enditem|p1a: Glimmora|Power Herb
|-anim|p1a: Glimmora|Meteor Beam|p2a: BIG BOI
|-damage|p2a: BIG BOI|51/100
|
|-heal|p2a: BIG BOI|57/100|[from] item: Leftovers
|-damage|p1a: Glimmora|88/100 brn|[from] brn
|upkeep
|turn|7
|
|t:|1769332989
|move|p1a: Glimmora|Stealth Rock|p2a: BIG BOI
|-sidestart|p2: Bukumaaa|move: Stealth Rock
|move|p2a: BIG BOI|Earthquake|p1a: Glimmora
|-supereffective|p1a: Glimmora
|-damage|p1a: Glimmora|0 fnt
|-activate|p1a: Glimmora|ability: Toxic Debris
|-sidestart|p2: Bukumaaa|move: Toxic Spikes
|faint|p1a: Glimmora
|
|-heal|p2a: BIG BOI|63/100|[from] item: Leftovers
|upkeep
|
|t:|1769333002
|switch|p1a: Zamazenta|Zamazenta|91/100
|turn|8
|
|t:|1769333008
|move|p1a: Zamazenta|Iron Defense|p1a: Zamazenta
|-boost|p1a: Zamazenta|def|2
|move|p2a: BIG BOI|Body Slam|p1a: Zamazenta
|-damage|p1a: Zamazenta|76/100
|-status|p1a: Zamazenta|par
|
|-heal|p1a: Zamazenta|82/100 par|[from] item: Leftovers
|-heal|p2a: BIG BOI|69/100|[from] item: Leftovers
|upkeep
|turn|9
|
|t:|1769333019
|switch|p2a: GRASSMAMBA|Venusaur, M|100/100
|-damage|p2a: GRASSMAMBA|88/100|[from] Stealth Rock
|-sideend|p2: Bukumaaa|move: Toxic Spikes|[of] p2a: GRASSMAMBA
|move|p1a: Zamazenta|Iron Defense|p1a: Zamazenta
|-boost|p1a: Zamazenta|def|2
|
|-heal|p2a: GRASSMAMBA|94/100|[from] item: Leftovers
|-heal|p1a: Zamazenta|88/100 par|[from] item: Leftovers
|upkeep
|turn|10
|
|t:|1769333031
|move|p2a: GRASSMAMBA|Leech Seed|p1a: Zamazenta
|-start|p1a: Zamazenta|move: Leech Seed
|move|p1a: Zamazenta|Body Press|p2a: GRASSMAMBA
|-resisted|p2a: GRASSMAMBA
|-damage|p2a: GRASSMAMBA|22/100
|
|-heal|p2a: GRASSMAMBA|28/100|[from] item: Leftovers
|-heal|p1a: Zamazenta|94/100 par|[from] item: Leftovers
|-damage|p1a: Zamazenta|82/100 par|[from] Leech Seed|[of] p2a: GRASSMAMBA
|-heal|p2a: GRASSMAMBA|42/100|[silent]
|upkeep
|turn|11
|
|t:|1769333046
|switch|p1a: Deoxys|Deoxys-Speed|100/100
|-ability|p1a: Deoxys|Pressure
|move|p2a: GRASSMAMBA|Energy Ball|p1a: Deoxys
|-damage|p1a: Deoxys|54/100
|
|-heal|p2a: GRASSMAMBA|48/100|[from] item: Leftovers
|upkeep
|turn|12
|inactive|pipipipichu has 120 seconds left.
|
|t:|1769333056
|move|p1a: Deoxys|Psycho Boost|p2a: GRASSMAMBA
|-supereffective|p2a: GRASSMAMBA
|-damage|p2a: GRASSMAMBA|0 fnt
|-unboost|p1a: Deoxys|spa|2
|faint|p2a: GRASSMAMBA
|
|upkeep
|
|t:|1769333063
|switch|p2a: BIG BOI|Snorlax, F|69/100
|-damage|p2a: BIG BOI|57/100|[from] Stealth Rock
|turn|13
|
|t:|1769333069
|move|p1a: Deoxys|Taunt|p2a: BIG BOI
|-start|p2a: BIG BOI|move: Taunt
|move|p2a: BIG BOI|Body Slam|p1a: Deoxys
|-damage|p1a: Deoxys|6/100
|
|-heal|p2a: BIG BOI|63/100|[from] item: Leftovers
|upkeep
|turn|14
|
|t:|1769333078
|move|p1a: Deoxys|Reflect|p1a: Deoxys
|-sidestart|p1: pipipipichu|Reflect
|move|p2a: BIG BOI|Body Slam|p1a: Deoxys
|-damage|p1a: Deoxys|0 fnt
|faint|p1a: Deoxys
|
|-heal|p2a: BIG BOI|69/100|[from] item: Leftovers
|upkeep
|
|t:|1769333093
|switch|p1a: Ceruledge|Ceruledge, F|100/100
|turn|15
|
|t:|1769333104
|move|p1a: Ceruledge|Bitter Blade|p2a: BIG BOI
|-damage|p2a: BIG BOI|40/100
|-damage|p1a: Ceruledge|91/100|[from] item: Life Orb
|move|p2a: BIG BOI|Earthquake|p1a: Ceruledge
|-supereffective|p1a: Ceruledge
|-damage|p1a: Ceruledge|53/100
|-ability|p1a: Ceruledge|Weak Armor|boost
|-unboost|p1a: Ceruledge|def|1
|-boost|p1a: Ceruledge|spe|2
|
|-heal|p2a: BIG BOI|46/100|[from] item: Leftovers
|-end|p2a: BIG BOI|move: Taunt
|upkeep
|turn|16
|
|t:|1769333117
|move|p1a: Ceruledge|Bitter Blade|p2a: BIG BOI
|-damage|p2a: BIG BOI|15/100
|-heal|p1a: Ceruledge|78/100|[from] drain|[of] p2a: BIG BOI
|-damage|p1a: Ceruledge|68/100|[from] item: Life Orb
|move|p2a: BIG BOI|Earthquake|p1a: Ceruledge
|-supereffective|p1a: Ceruledge
|-damage|p1a: Ceruledge|10/100
|-ability|p1a: Ceruledge|Weak Armor|boost
|-unboost|p1a: Ceruledge|def|1
|-boost|p1a: Ceruledge|spe|2
|
|-heal|p2a: BIG BOI|21/100|[from] item: Leftovers
|upkeep
|turn|17
|
|t:|1769333132
|move|p1a: Ceruledge|Bitter Blade|p2a: BIG BOI
|-damage|p2a: BIG BOI|0 fnt
|-heal|p1a: Ceruledge|27/100|[from] drain|[of] p2a: BIG BOI
|faint|p2a: BIG BOI
|-damage|p1a: Ceruledge|17/100|[from] item: Life Orb
|
|upkeep
|
|t:|1769333148
|switch|p2a: MEGA SIMBA|Entei|100/100
|-ability|p2a: MEGA SIMBA|Pressure
|turn|18
|
|t:|1769333155
|move|p1a: Ceruledge|Poltergeist|p2a: MEGA SIMBA
|-activate|p2a: MEGA SIMBA|move: Poltergeist|Heavy-Duty Boots
|-damage|p2a: MEGA SIMBA|24/100
|-damage|p1a: Ceruledge|8/100|[from] item: Life Orb
|move|p2a: MEGA SIMBA|Sacred Fire|p1a: Ceruledge
|-resisted|p1a: Ceruledge
|-damage|p1a: Ceruledge|0 fnt
|faint|p1a: Ceruledge
|
|upkeep
|
|t:|1769333164
|switch|p1a: Ogerpon|Ogerpon-Wellspring, F|100/100
|turn|19
|
|t:|1769333180
|switch|p1a: Zamazenta|Zamazenta|82/100 par
|move|p2a: MEGA SIMBA|Will-O-Wisp||[still]
|-fail|p2a: MEGA SIMBA
|
|-heal|p1a: Zamazenta|88/100 par|[from] item: Leftovers
|upkeep
|turn|20
|
|t:|1769333189
|move|p2a: MEGA SIMBA|Sacred Fire|p1a: Zamazenta
|-damage|p1a: Zamazenta|70/100 par
|move|p1a: Zamazenta|Body Press|p2a: MEGA SIMBA
|-damage|p2a: MEGA SIMBA|0 fnt
|faint|p2a: MEGA SIMBA
|
|-heal|p1a: Zamazenta|76/100 par|[from] item: Leftovers
|upkeep
|
|t:|1769333200
|switch|p2a: BIG BIRD|Zapdos|100/100
|-damage|p2a: BIG BIRD|76/100|[from] Stealth Rock
|turn|21
|
|t:|1769333209
|move|p2a: BIG BIRD|Hurricane|p1a: Zamazenta
|-supereffective|p1a: Zamazenta
|-damage|p1a: Zamazenta|0 fnt
|faint|p1a: Zamazenta
|
|-heal|p2a: BIG BIRD|82/100|[from] item: Leftovers
|-sideend|p1: pipipipichu|Reflect
|upkeep
|
|t:|1769333223
|switch|p1a: Moltres|Moltres-Galar|100/100
|turn|22
|
|t:|1769333233
|-terastallize|p1a: Moltres|Fairy
|move|p2a: BIG BIRD|Thunderbolt|p1a: Moltres
|-damage|p1a: Moltres|62/100
|move|p1a: Moltres|Agility|p1a: Moltres
|-boost|p1a: Moltres|spe|2
|
|-heal|p2a: BIG BIRD|88/100|[from] item: Leftovers
|upkeep
|turn|23
|
|t:|1769333245
|move|p1a: Moltres|Nasty Plot|p1a: Moltres
|-boost|p1a: Moltres|spa|2
|move|p2a: BIG BIRD|Hurricane|p1a: Moltres
|-damage|p1a: Moltres|17/100
|-ability|p1a: Moltres|Berserk|boost
|-boost|p1a: Moltres|spa|1
|-enditem|p1a: Moltres|Sitrus Berry|[eat]
|-heal|p1a: Moltres|42/100|[from] item: Sitrus Berry
|
|-heal|p2a: BIG BIRD|94/100|[from] item: Leftovers
|upkeep
|turn|24
|
|t:|1769333257
|move|p1a: Moltres|Fiery Wrath|p2a: BIG BIRD
|-damage|p2a: BIG BIRD|0 fnt
|faint|p2a: BIG BIRD
|
|upkeep
|
|t:|1769333264
|switch|p2a: PORUNGA|Dragonite, F|100/100
|-damage|p2a: PORUNGA|76/100|[from] Stealth Rock
|turn|25
|
|t:|1769333271
|-terastallize|p2a: PORUNGA|Normal
|move|p2a: PORUNGA|Extreme Speed|p1a: Moltres
|-damage|p1a: Moltres|0 fnt
|faint|p1a: Moltres
|
|-heal|p2a: PORUNGA|82/100|[from] item: Leftovers
|upkeep
|
|t:|1769333273
|switch|p1a: Ogerpon|Ogerpon-Wellspring, F|100/100
|turn|26
|inactive|pipipipichu has 120 seconds left.
|
|t:|1769333323
|move|p1a: Ogerpon|Horn Leech|p2a: PORUNGA
|-damage|p2a: PORUNGA|31/100
|move|p2a: PORUNGA|Dragon Dance|p2a: PORUNGA
|-boost|p2a: PORUNGA|atk|1
|-boost|p2a: PORUNGA|spe|1
|
|-heal|p2a: PORUNGA|37/100|[from] item: Leftovers
|upkeep
|turn|27
|
|t:|1769333335
|move|p2a: PORUNGA|Extreme Speed|p1a: Ogerpon
|-damage|p1a: Ogerpon|24/100
|move|p1a: Ogerpon|Horn Leech|p2a: PORUNGA
|-damage|p2a: PORUNGA|0 fnt
|-heal|p1a: Ogerpon|44/100|[from] drain|[of] p2a: PORUNGA
|faint|p2a: PORUNGA
|
|upkeep
|
|t:|1769333344
|switch|p2a: BOSS CROC|Feraligatr, M|100/100
|-damage|p2a: BOSS CROC|88/100|[from] Stealth Rock
|turn|28
|
|t:|1769333350
|move|p1a: Ogerpon|Horn Leech|p2a: BOSS CROC
|-supereffective|p2a: BOSS CROC
|-damage|p2a: BOSS CROC|0 fnt
|-heal|p1a: Ogerpon|89/100|[from] drain|[of] p2a: BOSS CROC
|faint|p2a: BOSS CROC
|
|win|pipipipichu
|raw|pipipipichu's rating: 1423 &rarr; <strong>1443</strong><br />(+20 for winning)
|raw|Bukumaaa's rating: 1426 &rarr; <strong>1406</strong><br />(-20 for losing)
|l|☆Bukumaaa
|player|p2|
