|j|☆isk2
|j|☆John orb
|t:|1769415436
|gametype|singles
|player|p1|isk2|cyrus|1289
|player|p2|John orb|li|1277
|gen|9
|tier|[Gen 9] OU
|rated|
|rule|HP Percentage Mod: HP is shown in percentages
|rule|Endless Battle Clause: Forcing endless battles is banned
|rule|Species Clause: Limit one of each Pokémon
|rule|OHKO Clause: OHKO moves are banned
|rule|Evasion Items Clause: Evasion items are banned
|rule|Evasion Moves Clause: Evasion moves are banned
|rule|Evasion Abilities Clause: Evasion abilities are banned
|rule|Sleep Moves Clause: Sleep-inducing moves are banned
|clearpoke
|poke|p1|Mew|
|poke|p1|Ceruledge, F|
|poke|p1|Great Tusk|
|poke|p1|Ting-Lu|
|poke|p1|Alomomola, F|
|poke|p1|Gholdengo|
|poke|p2|Clefable, F|
|poke|p2|Kingambit, F|
|poke|p2|Gholdengo|
|poke|p2|Moltres|
|poke|p2|Great Tusk|
|poke|p2|Deoxys-Speed|
|teampreview
|inactive|Battle timer is ON: inactive players will automatically lose when time's up. (requested by isk2)
|
|t:|1769415444
|teamsize|p1|6
|teamsize|p2|6
|start
|switch|p1a: Ceruledge|Ceruledge, F, shiny|100/100
|switch|p2a: Deoxys|Deoxys-Speed|100/100
|-ability|p2a: Deoxys|Pressure
|turn|1
|
|t:|1769415448
|move|p2a: Deoxys|Spikes|p1a: Ceruledge
|-sidestart|p1: isk2|Spikes
|move|p1a: Ceruledge|Swords Dance|p1a: Ceruledge
|-boost|p1a: Ceruledge|atk|2
|
|upkeep
|turn|2
|
|t:|1769415451
|move|p2a: Deoxys|Psycho Boost|p1a: Ceruledge
|-damage|p1a: Ceruledge|29/100
|-unboost|p2a: Deoxys|spa|2
|-enditem|p2a: Deoxys|Eject Pack
|
|t:|1769415458
|switch|p2a: Moltres|Moltres|100/100
|move|p1a: Ceruledge|Bitter Blade|p2a: Moltres
|-resisted|p2a: Moltres
|-damage|p2a: Moltres|64/100
|-heal|p1a: Ceruledge|52/100|[from] drain|[of] p2a: Moltres
|
|upkeep
|turn|3
|
|t:|1769415461
|move|p1a: Ceruledge|Poltergeist|p2a: Moltres
|-activate|p2a: Moltres|move: Poltergeist|Heavy-Duty Boots
|-damage|p2a: Moltres|0 fnt
|faint|p2a: Moltres
|
|upkeep
|
|t:|1769415471
|switch|p2a: Great Tusk|Great Tusk|100/100
|turn|4
|
|t:|1769415476
|move|p2a: Great Tusk|Headlong Rush|p1a: Ceruledge
|-supereffective|p1a: Ceruledge
|-damage|p1a: Ceruledge|0 fnt
|-unboost|p2a: Great Tusk|def|1
|-unboost|p2a: Great Tusk|spd|1
|faint|p1a: Ceruledge
|
|upkeep
|
|t:|1769415482
|switch|p1a: Ting-Lu|Ting-Lu|100/100
|-damage|p1a: Ting-Lu|88/100|[from] Spikes
|-ability|p1a: Ting-Lu|Vessel of Ruin
|turn|5
|
|t:|1769415490
|move|p2a: Great Tusk|Close Combat|p1a: Ting-Lu
|-supereffective|p1a: Ting-Lu
|-damage|p1a: Ting-Lu|29/100
|-unboost|p2a: Great Tusk|def|1
|-unboost|p2a: Great Tusk|spd|1
|move|p1a: Ting-Lu|Stealth Rock|p2a: Great Tusk
|-sidestart|p2: John orb|move: Stealth Rock
|
|-heal|p1a: Ting-Lu|36/100|[from] item: Leftovers
|upkeep
|turn|6
|
|t:|1769415497
|move|p2a: Great Tusk|Headlong Rush|p1a: Ting-Lu
|-damage|p1a: Ting-Lu|10/100
|-unboost|p2a: Great Tusk|def|1
|-unboost|p2a: Great Tusk|spd|1
|move|p1a: Ting-Lu|Earthquake|p2a: Great Tusk
|-crit|p2a: Great Tusk
|-damage|p2a: Great Tusk|0 fnt
|faint|p2a: Great Tusk
|-end|p2a: Great Tusk|Protosynthesis|[silent]
|
|-heal|p1a: Ting-Lu|16/100|[from] item: Leftovers
|upkeep
|
|t:|1769415508
|switch|p2a: Clefable|Clefable, F|100/100
|turn|7
|
|t:|1769415514
|move|p2a: Clefable|Moonblast|p1a: Ting-Lu
|-supereffective|p1a: Ting-Lu
|-damage|p1a: Ting-Lu|0 fnt
|faint|p1a: Ting-Lu
|
|upkeep
|
|t:|1769415517
|switch|p1a: Gholdengo|Gholdengo|100/100
|-damage|p1a: Gholdengo|88/100|[from] Spikes
|turn|8
|
|t:|1769415522
|move|p1a: Gholdengo|Trick|p2a: Clefable
|-activate|p1a: Gholdengo|move: Trick|[of] p2a: Clefable
|-item|p2a: Clefable|Choice Scarf|[from] move: Trick
|-item|p1a: Gholdengo|Focus Sash|[from] move: Trick
|move|p2a: Clefable|Fire Blast|p1a: Gholdengo|[miss]
|-miss|p2a: Clefable|p1a: Gholdengo
|
|upkeep
|turn|9
|
|t:|1769415529
|move|p2a: Clefable|Fire Blast|p1a: Gholdengo
|-supereffective|p1a: Gholdengo
|-damage|p1a: Gholdengo|14/100
|move|p1a: Gholdengo|Make It Rain|p2a: Clefable
|-supereffective|p2a: Clefable
|-damage|p2a: Clefable|0 fnt
|-unboost|p1a: Gholdengo|spa|1
|faint|p2a: Clefable
|
|upkeep
|
|t:|1769415543
|switch|p2a: Deoxys|Deoxys-Speed|100/100
|-damage|p2a: Deoxys|88/100|[from] Stealth Rock
|-ability|p2a: Deoxys|Pressure
|turn|10
|
|t:|1769415547
|move|p2a: Deoxys|Knock Off|p1a: Gholdengo
|-supereffective|p1a: Gholdengo
|-damage|p1a: Gholdengo|0 fnt
|-enditem|p1a: Gholdengo|Focus Sash|[from] move: Knock Off|[of] p2a: Deoxys
|faint|p1a: Gholdengo
|
|upkeep
|
|t:|1769415553
|switch|p1a: Alomomola|Alomomola, F|100/100
|-damage|p1a: Alomomola|88/100|[from] Spikes
|turn|11
|
|t:|1769415566
|move|p2a: Deoxys|Spikes|p1a: Alomomola
|-sidestart|p1: isk2|Spikes
|move|p1a: Alomomola|Mirror Coat||[still]
|-fail|p1a: Alomomola
|
|upkeep
|turn|12
|
|t:|1769415569
|move|p2a: Deoxys|Spikes|p1a: Alomomola
|-sidestart|p1: isk2|Spikes
|move|p1a: Alomomola|Scald|p2a: Deoxys
|-damage|p2a: Deoxys|64/100
|
|upkeep
|turn|13
|
|t:|1769415572
|move|p2a: Deoxys|Knock Off|p1a: Alomomola
|-damage|p1a: Alomomola|74/100
|-damage|p2a: Deoxys|48/100|[from] item: Rocky Helmet|[of] p1a: Alomomola
|-enditem|p1a: Alomomola|Rocky Helmet|[from] move: Knock Off|[of] p2a: Deoxys
|move|p1a: Alomomola|Flip Turn|p2a: Deoxys
|-damage|p2a: Deoxys|22/100
|
|t:|1769415576
|switch|p1a: Great Tusk|Great Tusk|100/100|[from] Flip Turn
|-damage|p1a: Great Tusk|75/100|[from] Spikes
|-enditem|p1a: Great Tusk|Booster Energy
|-activate|p1a: Great Tusk|ability: Protosynthesis|[fromitem]
|-start|p1a: Great Tusk|protosynthesisatk
|
|upkeep
|turn|14
|
|t:|1769415578
|move|p2a: Deoxys|Psycho Boost|p1a: Great Tusk
|-supereffective|p1a: Great Tusk
|-damage|p1a: Great Tusk|0 fnt
|-unboost|p2a: Deoxys|spa|2
|faint|p1a: Great Tusk
|-end|p1a: Great Tusk|Protosynthesis|[silent]
|
|upkeep
|
|t:|1769415581
|switch|p1a: Mew|Mew, shiny|100/100
|-damage|p1a: Mew|75/100|[from] Spikes
|turn|15
|l|☆isk2
|inactive|isk2 disconnected and has a minute to reconnect!
|player|p1|
|inactive|isk2 has 30 seconds to reconnect!
|inactive|isk2 has 20 seconds to reconnect!
|inactive|isk2 has 15 seconds to reconnect!
|inactive|isk2 has 10 seconds to reconnect!
|inactive|isk2 has 5 seconds to reconnect!
|-message|isk2 lost due to inactivity.
|
|win|John orb
|raw|isk2's rating: 1289 &rarr; <strong>1263</strong><br />(-26 for losing)
|raw|John orb's rating: 1277 &rarr; <strong>1303</strong><br />(+26 for winning)
|l|☆John orb
|player|p2|
