|j|☆summerenaissance
|j|☆Oooppplllop
|t:|1769355124
|gametype|singles
|player|p1|summerenaissance|blaine|1440
|player|p2|Oooppplllop|misty|1422
|gen|9
|tier|[Gen 9] OU
|rated|
|rule|HP Percentage Mod: HP is shown in percentages
|rule|Endless Battle Clause: Forcing endless battles is banned
|rule|Species Clause: Limit one of each Pokémon
|rule|OHKO Clause: OHKO moves are banned
|rule|Evasion Items Clause: Evasion items are banned
|rule|Evasion Moves Clause: Evasion moves are banned
|rule|Evasion Abilities Clause: Evasion abilities are banned
|rule|Sleep Moves Clause: Sleep-inducing moves are banned
|clearpoke
|poke|p1|Reuniclus, F|
|poke|p1|Ting-Lu|
|poke|p1|Great Tusk|
|poke|p1|Kingambit, F|
|poke|p1|Kyurem|
|poke|p1|Hatterene, F|
|poke|p2|Primarina, F|
|poke|p2|Great Tusk|
|poke|p2|Kingambit, M|
|poke|p2|Slowking-Galar, M|
|poke|p2|Ogerpon, F|
|poke|p2|Enamorus, F|
|teampreview
|inactive|Battle timer is ON: inactive players will automatically lose when time's up. (requested by Oooppplllop)
|inactive|Oooppplllop has 120 seconds left.
|
|t:|1769355159
|teamsize|p1|6
|teamsize|p2|6
|start
|switch|p1a: Kyurem|Kyurem|100/100
|switch|p2a: Primarina|Primarina, F|100/100
|-ability|p1a: Kyurem|Pressure
|turn|1
|
|t:|1769355163
|switch|p2a: Slowking|Slowking-Galar, M|100/100
|move|p1a: Kyurem|Freeze-Dry|p2a: Slowking
|-damage|p2a: Slowking|82/100
|
|upkeep
|turn|2
|
|t:|1769355166
|move|p1a: Kyurem|Substitute|p1a: Kyurem
|-start|p1a: Kyurem|Substitute
|-damage|p1a: Kyurem|75/100
|move|p2a: Slowking|Psychic Noise|p1a: Kyurem
|-damage|p1a: Kyurem|51/100
|-start|p1a: Kyurem|move: Heal Block
|
|upkeep
|turn|3
|
|t:|1769355173
|move|p1a: Kyurem|Earth Power|p2a: Slowking
|-supereffective|p2a: Slowking
|-damage|p2a: Slowking|51/100
|move|p2a: Slowking|Psychic Noise|p1a: Kyurem
|-damage|p1a: Kyurem|25/100
|
|-end|p1a: Kyurem|move: Heal Block
|upkeep
|turn|4
|
|t:|1769355176
|move|p1a: Kyurem|Protect|p1a: Kyurem
|-singleturn|p1a: Kyurem|Protect
|move|p2a: Slowking|Psychic Noise|p1a: Kyurem
|-activate|p1a: Kyurem|move: Protect
|
|-heal|p1a: Kyurem|32/100|[from] item: Leftovers
|upkeep
|turn|5
|
|t:|1769355179
|move|p1a: Kyurem|Earth Power|p2a: Slowking
|-supereffective|p2a: Slowking
|-damage|p2a: Slowking|19/100
|move|p2a: Slowking|Psychic Noise|p1a: Kyurem
|-damage|p1a: Kyurem|6/100
|-start|p1a: Kyurem|move: Heal Block
|
|upkeep
|turn|6
|
|t:|1769355185
|switch|p2a: Enamorus|Enamorus, F|100/100
|move|p1a: Kyurem|Freeze-Dry|p2a: Enamorus
|-supereffective|p2a: Enamorus
|-damage|p2a: Enamorus|8/100
|
|-end|p1a: Kyurem|move: Heal Block
|upkeep
|turn|7
|
|t:|1769355190
|switch|p2a: Slowking|Slowking-Galar, M|53/100
|move|p1a: Kyurem|Protect||[still]
|-fail|p1a: Kyurem
|
|-heal|p1a: Kyurem|12/100|[from] item: Leftovers
|upkeep
|turn|8
|
|t:|1769355194
|switch|p1a: Reuniclus|Reuniclus, F|100/100
|move|p2a: Slowking|Psychic Noise|p1a: Reuniclus
|-resisted|p1a: Reuniclus
|-crit|p1a: Reuniclus
|-damage|p1a: Reuniclus|82/100
|-start|p1a: Reuniclus|move: Heal Block
|
|upkeep
|turn|9
|
|t:|1769355201
|switch|p2a: Primarina|Primarina, F|100/100
|move|p1a: Reuniclus|Knock Off|p2a: Primarina
|-resisted|p2a: Primarina
|-damage|p2a: Primarina|87/100
|-enditem|p2a: Primarina|Leftovers|[from] move: Knock Off|[of] p1a: Reuniclus
|
|-end|p1a: Reuniclus|move: Heal Block
|upkeep
|turn|10
|
|t:|1769355206
|move|p2a: Primarina|Substitute|p2a: Primarina
|-start|p2a: Primarina|Substitute
|-damage|p2a: Primarina|62/100
|move|p1a: Reuniclus|Psychic Noise|p2a: Primarina
|-damage|p2a: Primarina|13/100
|-start|p2a: Primarina|move: Heal Block
|
|upkeep
|turn|11
|
|t:|1769355210
|move|p2a: Primarina|Psychic Noise|p1a: Reuniclus
|-damage|p1a: Reuniclus|41/100
|-start|p1a: Reuniclus|move: Heal Block
|move|p1a: Reuniclus|Psychic Noise|p2a: Primarina
|-crit|p2a: Primarina
|-damage|p2a: Primarina|0 fnt
|faint|p2a: Primarina
|
|upkeep
|
|t:|1769355217
|switch|p2a: Enamorus|Enamorus, F|8/100
|turn|12
|
|t:|1769355231
|move|p2a: Enamorus|Moonblast|p1a: Reuniclus
|-damage|p1a: Reuniclus|0 fnt
|faint|p1a: Reuniclus
|
|upkeep
|
|t:|1769355239
|switch|p1a: Hatterene|Hatterene, F|100/100
|turn|13
|
|t:|1769355243
|switch|p2a: Slowking|Slowking-Galar, M|86/100
|move|p1a: Hatterene|Nuzzle|p2a: Slowking
|-damage|p2a: Slowking|83/100
|-status|p2a: Slowking|par
|
|upkeep
|turn|14
|
|t:|1769355247
|switch|p1a: Kingambit|Kingambit, F|100/100
|-activate|p1a: Kingambit|ability: Supreme Overlord
|-start|p1a: Kingambit|fallen1|[silent]
|move|p2a: Slowking|Sludge Bomb|p1a: Kingambit
|-immune|p1a: Kingambit
|
|upkeep
|turn|15
|
|t:|1769355253
|move|p1a: Kingambit|Swords Dance|p1a: Kingambit
|-boost|p1a: Kingambit|atk|2
|move|p2a: Slowking|Flamethrower|p1a: Kingambit
|-supereffective|p1a: Kingambit
|-damage|p1a: Kingambit|48/100
|
|-heal|p1a: Kingambit|54/100|[from] item: Leftovers
|upkeep
|turn|16
|
|t:|1769355256
|switch|p2a: Great Tusk|Great Tusk|100/100
|move|p1a: Kingambit|Iron Head|p2a: Great Tusk
|-damage|p2a: Great Tusk|29/100
|-damage|p1a: Kingambit|38/100|[from] item: Rocky Helmet|[of] p2a: Great Tusk
|
|-heal|p1a: Kingambit|44/100|[from] item: Leftovers
|upkeep
|turn|17
|
|t:|1769355265
|-terastallize|p1a: Kingambit|Ghost
|move|p2a: Great Tusk|Stealth Rock|p1a: Kingambit
|-sidestart|p1: summerenaissance|move: Stealth Rock
|move|p1a: Kingambit|Iron Head|p2a: Great Tusk
|-damage|p2a: Great Tusk|0 fnt
|-damage|p1a: Kingambit|28/100|[from] item: Rocky Helmet|[of] p2a: Great Tusk
|faint|p2a: Great Tusk
|-end|p2a: Great Tusk|Protosynthesis|[silent]
|
|-heal|p1a: Kingambit|34/100|[from] item: Leftovers
|upkeep
|
|t:|1769355274
|switch|p2a: Ogerpon|Ogerpon, F|100/100
|turn|18
|
|t:|1769355276
|move|p1a: Kingambit|Sucker Punch|p2a: Ogerpon
|-damage|p2a: Ogerpon|0 fnt
|faint|p2a: Ogerpon
|
|-heal|p1a: Kingambit|40/100|[from] item: Leftovers
|upkeep
|c|☆summerenaissance|gg
|
|t:|1769355289
|switch|p2a: Kingambit|Kingambit, M|100/100
|-activate|p2a: Kingambit|ability: Supreme Overlord
|-start|p2a: Kingambit|fallen3|[silent]
|turn|19
|
|t:|1769355293
|-end|p1a: Kingambit|fallen1|[silent]
|switch|p1a: Great Tusk|Great Tusk|100/100
|-damage|p1a: Great Tusk|98/100|[from] Stealth Rock
|move|p2a: Kingambit|Sucker Punch||[still]
|-fail|p2a: Kingambit
|
|upkeep
|turn|20
|
|t:|1769355299
|-end|p2a: Kingambit|fallen3|[silent]
|switch|p2a: Enamorus|Enamorus, F|8/100
|move|p1a: Great Tusk|Stealth Rock|p2a: Enamorus
|-sidestart|p2: Oooppplllop|move: Stealth Rock
|
|upkeep
|turn|21
|
|t:|1769355304
|-end|p1a: Great Tusk|Protosynthesis|[silent]
|switch|p1a: Kyurem|Kyurem|12/100
|-damage|p1a: Kyurem|0 fnt|[from] Stealth Rock
|faint|p1a: Kyurem
|move|p2a: Enamorus|Moonblast|p1: Kyurem|[notarget]
|-fail|p2a: Enamorus
|
|upkeep
|
|t:|1769355308
|switch|p1a: Kingambit|Kingambit, F, tera:Ghost|40/100
|-damage|p1a: Kingambit|28/100|[from] Stealth Rock
|-activate|p1a: Kingambit|ability: Supreme Overlord
|-start|p1a: Kingambit|fallen2|[silent]
|turn|22
|
|t:|1769355310
|move|p1a: Kingambit|Sucker Punch|p2a: Enamorus
|-resisted|p2a: Enamorus
|-damage|p2a: Enamorus|0 fnt
|faint|p2a: Enamorus
|
|-heal|p1a: Kingambit|34/100|[from] item: Leftovers
|upkeep
|
|t:|1769355313
|switch|p2a: Kingambit|Kingambit, M|100/100
|-damage|p2a: Kingambit|94/100|[from] Stealth Rock
|-activate|p2a: Kingambit|ability: Supreme Overlord
|-start|p2a: Kingambit|fallen4|[silent]
|turn|23
|
|t:|1769355317
|-end|p1a: Kingambit|fallen2|[silent]
|switch|p1a: Great Tusk|Great Tusk|98/100
|-damage|p1a: Great Tusk|95/100|[from] Stealth Rock
|move|p2a: Kingambit|Swords Dance|p2a: Kingambit
|-boost|p2a: Kingambit|atk|2
|
|-heal|p2a: Kingambit|100/100|[from] item: Leftovers
|upkeep
|turn|24
|
|t:|1769355321
|-terastallize|p2a: Kingambit|Ghost
|move|p1a: Great Tusk|Rapid Spin|p2a: Kingambit
|-immune|p2a: Kingambit
|move|p2a: Kingambit|Low Kick|p1a: Great Tusk
|-damage|p1a: Great Tusk|18/100
|-damage|p2a: Kingambit|84/100|[from] item: Rocky Helmet|[of] p1a: Great Tusk
|
|-heal|p2a: Kingambit|90/100|[from] item: Leftovers
|upkeep
|turn|25
|
|t:|1769355326
|move|p2a: Kingambit|Sucker Punch||[still]
|-fail|p2a: Kingambit
|move|p1a: Great Tusk|Stealth Rock||[still]
|-fail|p1a: Great Tusk
|
|-heal|p2a: Kingambit|96/100|[from] item: Leftovers
|upkeep
|turn|26
|
|t:|1769355330
|move|p1a: Great Tusk|Headlong Rush|p2a: Kingambit
|-damage|p2a: Kingambit|58/100
|-unboost|p1a: Great Tusk|def|1
|-unboost|p1a: Great Tusk|spd|1
|move|p2a: Kingambit|Low Kick|p1a: Great Tusk
|-damage|p1a: Great Tusk|0 fnt
|-damage|p2a: Kingambit|41/100|[from] item: Rocky Helmet|[of] p1a: Great Tusk
|faint|p1a: Great Tusk
|-end|p1a: Great Tusk|Protosynthesis|[silent]
|
|-heal|p2a: Kingambit|48/100|[from] item: Leftovers
|upkeep
|
|t:|1769355332
|switch|p1a: Ting-Lu|Ting-Lu|100/100
|-damage|p1a: Ting-Lu|94/100|[from] Stealth Rock
|-ability|p1a: Ting-Lu|Vessel of Ruin
|turn|27
|
|t:|1769355334
|move|p2a: Kingambit|Low Kick|p1a: Ting-Lu
|-supereffective|p1a: Ting-Lu
|-damage|p1a: Ting-Lu|0 fnt
|faint|p1a: Ting-Lu
|
|-heal|p2a: Kingambit|54/100|[from] item: Leftovers
|upkeep
|
|t:|1769355337
|switch|p1a: Kingambit|Kingambit, F, tera:Ghost|34/100
|-damage|p1a: Kingambit|22/100|[from] Stealth Rock
|-activate|p1a: Kingambit|ability: Supreme Overlord
|-start|p1a: Kingambit|fallen4|[silent]
|turn|28
|
|t:|1769355342
|move|p2a: Kingambit|Sucker Punch||[still]
|-fail|p2a: Kingambit
|move|p1a: Kingambit|Swords Dance|p1a: Kingambit
|-boost|p1a: Kingambit|atk|2
|
|-heal|p1a: Kingambit|28/100|[from] item: Leftovers
|-heal|p2a: Kingambit|60/100|[from] item: Leftovers
|upkeep
|turn|29
|
|t:|1769355345
|move|p1a: Kingambit|Sucker Punch|p2a: Kingambit
|-supereffective|p2a: Kingambit
|-damage|p2a: Kingambit|0 fnt
|faint|p2a: Kingambit
|-end|p2a: Kingambit|fallen4|[silent]
|
|-heal|p1a: Kingambit|34/100|[from] item: Leftovers
|upkeep
|
|t:|1769355347
|switch|p2a: Slowking|Slowking-Galar, M|100/100 par
|-damage|p2a: Slowking|88/100 par|[from] Stealth Rock
|turn|30
|
|t:|1769355351
|move|p1a: Kingambit|Kowtow Cleave|p2a: Slowking
|-supereffective|p2a: Slowking
|-crit|p2a: Slowking
|-damage|p2a: Slowking|0 fnt
|faint|p2a: Slowking
|
|win|summerenaissance
|raw|summerenaissance's rating: 1440 &rarr; <strong>1459</strong><br />(+19 for winning)
|raw|Oooppplllop's rating: 1422 &rarr; <strong>1403</strong><br />(-19 for losing)
|l|☆Oooppplllop
|player|p2|
|l|☆summerenaissance
|player|p1|
