|j|‽nakgy
|j|☆Emilpup
|t:|1769405833
|gametype|singles
|player|p1|nakgy|169|1200
|player|p2|Emilpup|leon-tower|1186
|gen|9
|tier|[Gen 9] OU
|rated|
|rule|HP Percentage Mod: HP is shown in percentages
|rule|Endless Battle Clause: Forcing endless battles is banned
|rule|Species Clause: Limit one of each Pokémon
|rule|OHKO Clause: OHKO moves are banned
|rule|Evasion Items Clause: Evasion items are banned
|rule|Evasion Moves Clause: Evasion moves are banned
|rule|Evasion Abilities Clause: Evasion abilities are banned
|rule|Sleep Moves Clause: Sleep-inducing moves are banned
|clearpoke
|poke|p1|Ogerpon-Wellspring, F|
|poke|p1|Heatran, F|
|poke|p1|Mandibuzz, F|
|poke|p1|Wyrdeer, F|
|poke|p1|Gliscor, F|
|poke|p1|Mimikyu, M|
|poke|p2|Meowscarada, F|
|poke|p2|Tyranitar, F|
|poke|p2|Dragapult, M|
|poke|p2|Rotom-Wash|
|poke|p2|Incineroar, M|
|poke|p2|Corviknight, F|
|teampreview
|inactive|Battle timer is ON: inactive players will automatically lose when time's up. (requested by Emilpup)
|inactive|nakgy also wants the timer to be on.
|
|t:|1769405855
|teamsize|p1|6
|teamsize|p2|6
|start
|switch|p1a: Heatran|Heatran, F|100/100
|switch|p2a: Rotom|Rotom-Wash|100/100
|-item|p1a: Heatran|Air Balloon
|turn|1
|
|t:|1769405866
|switch|p1a: Ogerpon|Ogerpon-Wellspring, F|100/100
|move|p2a: Rotom|Volt Switch|p1a: Ogerpon
|-damage|p1a: Ogerpon|67/100
|
|t:|1769405883
|switch|p2a: Meowscarada|Meowscarada, F|100/100|[from] Volt Switch
|
|upkeep
|turn|2
|
|t:|1769405897
|switch|p1a: Mandibuzz|Mandibuzz, F|100/100
|move|p2a: Meowscarada|Flower Trick|p1a: Mandibuzz
|-resisted|p1a: Mandibuzz
|-crit|p1a: Mandibuzz
|-damage|p1a: Mandibuzz|87/100
|
|upkeep
|turn|3
|
|t:|1769405910
|move|p2a: Meowscarada|Triple Axel|p1a: Mandibuzz
|-supereffective|p1a: Mandibuzz
|-damage|p1a: Mandibuzz|80/100
|-damage|p2a: Meowscarada|84/100|[from] item: Rocky Helmet|[of] p1a: Mandibuzz
|-supereffective|p1a: Mandibuzz
|-damage|p1a: Mandibuzz|66/100
|-damage|p2a: Meowscarada|68/100|[from] item: Rocky Helmet|[of] p1a: Mandibuzz
|-supereffective|p1a: Mandibuzz
|-damage|p1a: Mandibuzz|44/100
|-damage|p2a: Meowscarada|51/100|[from] item: Rocky Helmet|[of] p1a: Mandibuzz
|-hitcount|p1a: Mandibuzz|3
|move|p1a: Mandibuzz|Toxic|p2a: Meowscarada
|-status|p2a: Meowscarada|tox
|
|-damage|p2a: Meowscarada|45/100 tox|[from] psn
|upkeep
|turn|4
|
|t:|1769405926
|switch|p2a: Rotom|Rotom-Wash|100/100
|move|p1a: Mandibuzz|Roost|p1a: Mandibuzz
|-heal|p1a: Mandibuzz|94/100
|-singleturn|p1a: Mandibuzz|move: Roost
|
|upkeep
|turn|5
|
|t:|1769405935
|switch|p1a: Gliscor|Gliscor, F|100/100
|move|p2a: Rotom|Trick|p1a: Gliscor
|-activate|p2a: Rotom|move: Trick|[of] p1a: Gliscor
|-item|p1a: Gliscor|Choice Scarf|[from] move: Trick
|-item|p2a: Rotom|Toxic Orb|[from] move: Trick
|
|-status|p2a: Rotom|tox|[from] item: Toxic Orb
|upkeep
|turn|6
|
|t:|1769405949
|switch|p1a: Ogerpon|Ogerpon-Wellspring, F|67/100
|move|p2a: Rotom|Will-O-Wisp|p1a: Ogerpon
|-status|p1a: Ogerpon|brn
|
|-damage|p2a: Rotom|94/100 tox|[from] psn
|-damage|p1a: Ogerpon|61/100 brn|[from] brn
|upkeep
|turn|7
|
|t:|1769405959
|move|p1a: Ogerpon|Swords Dance|p1a: Ogerpon
|-boost|p1a: Ogerpon|atk|2
|move|p2a: Rotom|Volt Switch|p1a: Ogerpon
|-damage|p1a: Ogerpon|21/100 brn
|
|t:|1769405962
|switch|p2a: Meowscarada|Meowscarada, F|45/100 tox|[from] Volt Switch
|
|-damage|p2a: Meowscarada|39/100 tox|[from] psn
|-damage|p1a: Ogerpon|15/100 brn|[from] brn
|upkeep
|turn|8
|
|t:|1769405974
|switch|p1a: Mandibuzz|Mandibuzz, F|94/100
|move|p2a: Meowscarada|Toxic Spikes|p1a: Mandibuzz
|-sidestart|p1: nakgy|move: Toxic Spikes
|
|-damage|p2a: Meowscarada|27/100 tox|[from] psn
|upkeep
|turn|9
|
|t:|1769405984
|switch|p2a: Tyranitar|Tyranitar, F|100/100
|-weather|Sandstorm|[from] ability: Sand Stream|[of] p2a: Tyranitar
|move|p1a: Mandibuzz|Defog|p2a: Tyranitar
|-unboost|p2a: Tyranitar|evasion|1
|-sideend|p1: nakgy|Toxic Spikes|[from] move: Defog|[of] p1a: Mandibuzz
|
|-weather|Sandstorm|[upkeep]
|upkeep
|turn|10
|
|t:|1769405994
|move|p1a: Mandibuzz|Toxic|p2a: Tyranitar
|-status|p2a: Tyranitar|tox
|move|p2a: Tyranitar|Stone Edge|p1a: Mandibuzz
|-supereffective|p1a: Mandibuzz
|-damage|p1a: Mandibuzz|32/100
|
|-weather|Sandstorm|[upkeep]
|-damage|p2a: Tyranitar|94/100 tox|[from] psn
|upkeep
|turn|11
|
|t:|1769406006
|switch|p1a: Gliscor|Gliscor, F|100/100
|move|p2a: Tyranitar|Earthquake|p1a: Gliscor
|-immune|p1a: Gliscor
|
|-weather|Sandstorm|[upkeep]
|-damage|p2a: Tyranitar|82/100 tox|[from] psn
|upkeep
|turn|12
|
|t:|1769406018
|switch|p2a: Corviknight|Corviknight, F|100/100
|-ability|p2a: Corviknight|Pressure
|move|p1a: Gliscor|Toxic|p2a: Corviknight
|-immune|p2a: Corviknight
|
|-weather|Sandstorm|[upkeep]
|upkeep
|turn|13
|
|t:|1769406029
|switch|p1a: Ogerpon|Ogerpon-Wellspring, F|15/100 brn
|move|p2a: Corviknight|Bulk Up|p2a: Corviknight
|-boost|p2a: Corviknight|atk|1
|-boost|p2a: Corviknight|def|1
|
|-weather|none
|-damage|p1a: Ogerpon|9/100 brn|[from] brn
|upkeep
|turn|14
|
|t:|1769406036
|move|p1a: Ogerpon|Horn Leech|p2a: Corviknight
|-resisted|p2a: Corviknight
|-damage|p2a: Corviknight|97/100
|-heal|p1a: Ogerpon|11/100 brn|[from] drain|[of] p2a: Corviknight
|move|p2a: Corviknight|Bulk Up|p2a: Corviknight
|-boost|p2a: Corviknight|atk|1
|-boost|p2a: Corviknight|def|1
|
|-heal|p2a: Corviknight|100/100|[from] item: Leftovers
|-damage|p1a: Ogerpon|5/100 brn|[from] brn
|upkeep
|turn|15
|
|t:|1769406046
|switch|p1a: Wyrdeer|Wyrdeer, F|100/100
|move|p2a: Corviknight|Bulk Up|p2a: Corviknight
|-boost|p2a: Corviknight|atk|1
|-boost|p2a: Corviknight|def|1
|
|upkeep
|turn|16
|
|t:|1769406050
|move|p1a: Wyrdeer|Trick|p2a: Corviknight
|-activate|p1a: Wyrdeer|move: Trick|[of] p2a: Corviknight
|-item|p2a: Corviknight|Choice Scarf|[from] move: Trick
|-item|p1a: Wyrdeer|Leftovers|[from] move: Trick
|move|p2a: Corviknight|Brave Bird|p1a: Wyrdeer
|-damage|p1a: Wyrdeer|0 fnt
|faint|p1a: Wyrdeer
|-damage|p2a: Corviknight|72/100|[from] Recoil
|
|upkeep
|
|t:|1769406058
|switch|p1a: Ogerpon|Ogerpon-Wellspring, F|5/100 brn
|turn|17
|
|t:|1769406064
|move|p1a: Ogerpon|Ivy Cudgel|p2a: Corviknight|[anim] Ivy Cudgel Water
|-damage|p2a: Corviknight|61/100
|move|p2a: Corviknight|Brave Bird|p1a: Ogerpon
|-supereffective|p1a: Ogerpon
|-damage|p1a: Ogerpon|0 fnt
|faint|p1a: Ogerpon
|-damage|p2a: Corviknight|60/100|[from] Recoil
|
|upkeep
|
|t:|1769406074
|switch|p1a: Heatran|Heatran, F|100/100
|-item|p1a: Heatran|Air Balloon
|turn|18
|
|t:|1769406077
|move|p2a: Corviknight|Brave Bird|p1a: Heatran
|-resisted|p1a: Heatran
|-damage|p1a: Heatran|63/100
|-enditem|p1a: Heatran|Air Balloon
|-damage|p2a: Corviknight|48/100|[from] Recoil
|move|p1a: Heatran|Magma Storm|p2a: Corviknight
|-supereffective|p2a: Corviknight
|-damage|p2a: Corviknight|0 fnt
|faint|p2a: Corviknight
|
|upkeep
|
|t:|1769406080
|switch|p2a: Incineroar|Incineroar, M|100/100
|-ability|p2a: Incineroar|Intimidate|boost
|-unboost|p1a: Heatran|atk|1
|turn|19
|
|t:|1769406088
|move|p1a: Heatran|Stealth Rock|p2a: Incineroar
|-sidestart|p2: Emilpup|move: Stealth Rock
|move|p2a: Incineroar|Close Combat|p1a: Heatran
|-supereffective|p1a: Heatran
|-damage|p1a: Heatran|0 fnt
|-unboost|p2a: Incineroar|def|1
|-unboost|p2a: Incineroar|spd|1
|faint|p1a: Heatran
|
|upkeep
|
|t:|1769406098
|switch|p1a: Gliscor|Gliscor, F|100/100
|turn|20
|
|t:|1769406102
|switch|p2a: Rotom|Rotom-Wash|94/100 tox
|-damage|p2a: Rotom|82/100 tox|[from] Stealth Rock
|move|p1a: Gliscor|Toxic|p2a: Rotom
|-fail|p2a: Rotom|tox
|
|-damage|p2a: Rotom|76/100 tox|[from] psn
|upkeep
|turn|21
|
|t:|1769406106
|move|p1a: Gliscor|Toxic|p2a: Rotom
|-fail|p2a: Rotom|tox
|move|p2a: Rotom|Will-O-Wisp|p1a: Gliscor
|-status|p1a: Gliscor|brn
|
|-damage|p2a: Rotom|63/100 tox|[from] psn
|-damage|p1a: Gliscor|94/100 brn|[from] brn
|upkeep
|turn|22
|
|t:|1769406113
|move|p1a: Gliscor|Toxic|p2a: Rotom
|-fail|p2a: Rotom|tox
|move|p2a: Rotom|Hydro Pump|p1a: Gliscor|[miss]
|-miss|p2a: Rotom|p1a: Gliscor
|
|-damage|p2a: Rotom|44/100 tox|[from] psn
|-damage|p1a: Gliscor|88/100 brn|[from] brn
|upkeep
|turn|23
|
|t:|1769406126
|switch|p2a: Meowscarada|Meowscarada, F|27/100 tox
|-damage|p2a: Meowscarada|14/100 tox|[from] Stealth Rock
|move|p1a: Gliscor|Toxic|p2a: Meowscarada
|-fail|p2a: Meowscarada|tox
|
|-damage|p2a: Meowscarada|8/100 tox|[from] psn
|-damage|p1a: Gliscor|82/100 brn|[from] brn
|upkeep
|turn|24
|
|t:|1769406136
|move|p2a: Meowscarada|Triple Axel|p1a: Gliscor
|-supereffective|p1a: Gliscor
|-damage|p1a: Gliscor|66/100 brn
|-supereffective|p1a: Gliscor
|-damage|p1a: Gliscor|34/100 brn
|-supereffective|p1a: Gliscor
|-damage|p1a: Gliscor|0 fnt
|faint|p1a: Gliscor
|-hitcount|p1: Gliscor|3
|
|-damage|p2a: Meowscarada|0 fnt|[from] psn
|faint|p2a: Meowscarada
|upkeep
|
|t:|1769406144
|switch|p2a: Rotom|Rotom-Wash|44/100 tox
|switch|p1a: Mimikyu|Mimikyu, M|100/100
|-damage|p2a: Rotom|32/100 tox|[from] Stealth Rock
|turn|25
|
|t:|1769406151
|move|p1a: Mimikyu|Play Rough|p2a: Rotom
|-damage|p2a: Rotom|0 fnt
|faint|p2a: Rotom
|-damage|p1a: Mimikyu|91/100|[from] item: Life Orb
|
|upkeep
|
|t:|1769406155
|switch|p2a: Incineroar|Incineroar, M|100/100
|-ability|p2a: Incineroar|Intimidate|boost
|-unboost|p1a: Mimikyu|atk|1
|turn|26
|
|t:|1769406161
|switch|p1a: Mandibuzz|Mandibuzz, F|32/100
|move|p2a: Incineroar|Knock Off|p1a: Mandibuzz
|-resisted|p1a: Mandibuzz
|-damage|p1a: Mandibuzz|19/100
|-damage|p2a: Incineroar|84/100|[from] item: Rocky Helmet|[of] p1a: Mandibuzz
|-enditem|p1a: Mandibuzz|Rocky Helmet|[from] move: Knock Off|[of] p2a: Incineroar
|
|upkeep
|turn|27
|
|t:|1769406169
|move|p1a: Mandibuzz|Roost|p1a: Mandibuzz
|-heal|p1a: Mandibuzz|69/100
|-singleturn|p1a: Mandibuzz|move: Roost
|move|p2a: Incineroar|Close Combat|p1a: Mandibuzz
|-supereffective|p1a: Mandibuzz
|-damage|p1a: Mandibuzz|25/100
|-unboost|p2a: Incineroar|def|1
|-unboost|p2a: Incineroar|spd|1
|
|upkeep
|turn|28
|
|t:|1769406180
|move|p1a: Mandibuzz|Roost|p1a: Mandibuzz
|-heal|p1a: Mandibuzz|75/100
|-singleturn|p1a: Mandibuzz|move: Roost
|move|p2a: Incineroar|Flare Blitz|p1a: Mandibuzz
|-damage|p1a: Mandibuzz|38/100
|-damage|p2a: Incineroar|71/100|[from] Recoil
|
|upkeep
|turn|29
|
|t:|1769406189
|move|p1a: Mandibuzz|Roost|p1a: Mandibuzz
|-heal|p1a: Mandibuzz|88/100
|-singleturn|p1a: Mandibuzz|move: Roost
|move|p2a: Incineroar|Close Combat|p1a: Mandibuzz
|-supereffective|p1a: Mandibuzz
|-damage|p1a: Mandibuzz|39/100
|-unboost|p2a: Incineroar|def|1
|-unboost|p2a: Incineroar|spd|1
|
|upkeep
|turn|30
|
|t:|1769406200
|switch|p2a: Tyranitar|Tyranitar, F|82/100 tox
|-damage|p2a: Tyranitar|70/100 tox|[from] Stealth Rock
|-weather|Sandstorm|[from] ability: Sand Stream|[of] p2a: Tyranitar
|move|p1a: Mandibuzz|Roost|p1a: Mandibuzz
|-heal|p1a: Mandibuzz|89/100
|-singleturn|p1a: Mandibuzz|move: Roost
|
|-weather|Sandstorm|[upkeep]
|-damage|p2a: Tyranitar|63/100 tox|[from] psn
|upkeep
|turn|31
|
|t:|1769406212
|move|p1a: Mandibuzz|Foul Play|p2a: Tyranitar
|-resisted|p2a: Tyranitar
|-damage|p2a: Tyranitar|48/100 tox
|move|p2a: Tyranitar|Thunder|p1a: Mandibuzz
|-supereffective|p1a: Mandibuzz
|-crit|p1a: Mandibuzz
|-damage|p1a: Mandibuzz|0 fnt
|faint|p1a: Mandibuzz
|
|-weather|Sandstorm|[upkeep]
|-damage|p2a: Tyranitar|35/100 tox|[from] psn
|upkeep
|
|t:|1769406224
|switch|p1a: Mimikyu|Mimikyu, M|91/100
|turn|32
|
|t:|1769406227
|move|p1a: Mimikyu|Swords Dance|p1a: Mimikyu
|-boost|p1a: Mimikyu|atk|2
|move|p2a: Tyranitar|Earthquake|p1a: Mimikyu
|-activate|p1a: Mimikyu|ability: Disguise
|-damage|p1a: Mimikyu|91/100
|detailschange|p1a: Mimikyu|Mimikyu-Busted, M
|-damage|p1a: Mimikyu|78/100|[from] pokemon: Mimikyu-Busted
|
|-weather|Sandstorm|[upkeep]
|-damage|p1a: Mimikyu|72/100|[from] Sandstorm
|-damage|p2a: Tyranitar|17/100 tox|[from] psn
|upkeep
|turn|33
|
|t:|1769406239
|move|p1a: Mimikyu|Drain Punch|p2a: Tyranitar
|-supereffective|p2a: Tyranitar
|-damage|p2a: Tyranitar|0 fnt
|-heal|p1a: Mimikyu|85/100|[from] drain|[of] p2a: Tyranitar
|faint|p2a: Tyranitar
|-damage|p1a: Mimikyu|75/100|[from] item: Life Orb
|
|-weather|Sandstorm|[upkeep]
|-damage|p1a: Mimikyu|69/100|[from] Sandstorm
|upkeep
|
|t:|1769406242
|switch|p2a: Incineroar|Incineroar, M|71/100
|-ability|p2a: Incineroar|Intimidate|boost
|-unboost|p1a: Mimikyu|atk|1
|turn|34
|
|t:|1769406248
|move|p1a: Mimikyu|Drain Punch|p2a: Incineroar
|-supereffective|p2a: Incineroar
|-damage|p2a: Incineroar|0 fnt
|-heal|p1a: Mimikyu|100/100|[from] drain|[of] p2a: Incineroar
|faint|p2a: Incineroar
|-damage|p1a: Mimikyu|91/100|[from] item: Life Orb
|
|-weather|none
|upkeep
|
|t:|1769406251
|switch|p2a: Dragapult|Dragapult, M|100/100
|turn|35
|
|t:|1769406261
|-terastallize|p2a: Dragapult|Dragon
|move|p2a: Dragapult|Shadow Ball|p1a: Mimikyu
|-supereffective|p1a: Mimikyu
|-damage|p1a: Mimikyu|0 fnt
|faint|p1a: Mimikyu
|
|win|Emilpup
|raw|nakgy's rating: 1200 &rarr; <strong>1174</strong><br />(-26 for losing)
|raw|Emilpup's rating: 1186 &rarr; <strong>1212</strong><br />(+26 for winning)
|l|‽nakgy
|player|p1|
