|j|☆VIXperation
|j|☆Ninjashaw
|t:|1769300458
|gametype|singles
|player|p1|VIXperation|hooligans|1229
|player|p2|Ninjashaw|266|1220
|gen|9
|tier|[Gen 9] OU
|rated|
|rule|HP Percentage Mod: HP is shown in percentages
|rule|Endless Battle Clause: Forcing endless battles is banned
|rule|Species Clause: Limit one of each Pokémon
|rule|OHKO Clause: OHKO moves are banned
|rule|Evasion Items Clause: Evasion items are banned
|rule|Evasion Moves Clause: Evasion moves are banned
|rule|Evasion Abilities Clause: Evasion abilities are banned
|rule|Sleep Moves Clause: Sleep-inducing moves are banned
|clearpoke
|poke|p1|Slowking-Galar, F|
|poke|p1|Gholdengo|
|poke|p1|Dondozo, F|
|poke|p1|Meowscarada, F|
|poke|p1|Corviknight, F|
|poke|p1|Iron Moth|
|poke|p2|Skeledirge, M|
|poke|p2|Honchkrow, F|
|poke|p2|Kingambit, M|
|poke|p2|Garganacl, M|
|poke|p2|Glimmora, M|
|poke|p2|Grimmsnarl, M|
|teampreview
|
|t:|1769300465
|teamsize|p1|6
|teamsize|p2|6
|start
|switch|p1a: Slowking|Slowking-Galar, F|100/100
|switch|p2a: Glimmora|Glimmora, M, shiny|100/100
|turn|1
|
|t:|1769300471
|-terastallize|p2a: Glimmora|Water
|move|p2a: Glimmora|Earth Power|p1a: Slowking
|-supereffective|p1a: Slowking
|-damage|p1a: Slowking|58/100
|move|p1a: Slowking|Thunder Wave|p2a: Glimmora
|-status|p2a: Glimmora|par
|
|-heal|p1a: Slowking|64/100|[from] item: Black Sludge
|upkeep
|turn|2
|
|t:|1769300481
|move|p2a: Glimmora|Earth Power|p1a: Slowking
|-supereffective|p1a: Slowking
|-damage|p1a: Slowking|21/100
|-prepare|p1a: Slowking|Chilly Reception|[premajor]
|move|p1a: Slowking|Chilly Reception|p1a: Slowking
|-weather|Snowscape
|
|t:|1769300488
|switch|p1a: Meowscarada|Meowscarada, F|100/100|[from] Chilly Reception
|
|-weather|Snowscape|[upkeep]
|upkeep
|turn|3
|
|t:|1769300495
|move|p1a: Meowscarada|U-turn|p2a: Glimmora
|-start|p1a: Meowscarada|typechange|Bug|[from] ability: Protean
|-damage|p2a: Glimmora|42/100 par
|-activate|p2a: Glimmora|ability: Toxic Debris
|-sidestart|p1: VIXperation|move: Toxic Spikes
|
|t:|1769300502
|switch|p1a: Slowking|Slowking-Galar, F|54/100|[from] U-turn
|-sideend|p1: VIXperation|move: Toxic Spikes|[of] p1a: Slowking
|move|p2a: Glimmora|Mortal Spin|p1a: Slowking
|-resisted|p1a: Slowking
|-damage|p1a: Slowking|51/100
|
|-weather|Snowscape|[upkeep]
|-heal|p1a: Slowking|57/100|[from] item: Black Sludge
|upkeep
|turn|4
|
|t:|1769300512
|move|p2a: Glimmora|Earth Power|p1a: Slowking
|-supereffective|p1a: Slowking
|-damage|p1a: Slowking|14/100
|-prepare|p1a: Slowking|Chilly Reception|[premajor]
|move|p1a: Slowking|Chilly Reception|p1a: Slowking
|
|t:|1769300518
|switch|p1a: Meowscarada|Meowscarada, F|100/100|[from] Chilly Reception
|
|-weather|Snowscape|[upkeep]
|upkeep
|turn|5
|
|t:|1769300523
|move|p1a: Meowscarada|U-turn|p2a: Glimmora
|-start|p1a: Meowscarada|typechange|Bug|[from] ability: Protean
|-damage|p2a: Glimmora|0 fnt
|-activate|p2a: Glimmora|ability: Toxic Debris
|-sidestart|p1: VIXperation|move: Toxic Spikes
|faint|p2a: Glimmora
|
|t:|1769300530
|switch|p1a: Slowking|Slowking-Galar, F|47/100|[from] U-turn
|-sideend|p1: VIXperation|move: Toxic Spikes|[of] p1a: Slowking
|
|-weather|Snowscape|[upkeep]
|-heal|p1a: Slowking|54/100|[from] item: Black Sludge
|upkeep
|
|t:|1769300535
|switch|p2a: Garganacl|Garganacl, M|100/100
|turn|6
|
|t:|1769300539
|move|p2a: Garganacl|Salt Cure|p1a: Slowking
|-damage|p1a: Slowking|28/100
|-start|p1a: Slowking|Salt Cure
|move|p1a: Slowking|Trick|p2a: Garganacl
|-activate|p1a: Slowking|move: Trick|[of] p2a: Garganacl
|-item|p2a: Garganacl|Black Sludge|[from] move: Trick
|-item|p1a: Slowking|Stone Plate|[from] move: Trick
|
|-weather|none
|-damage|p2a: Garganacl|88/100|[from] item: Black Sludge
|-damage|p1a: Slowking|15/100|[from] Salt Cure
|upkeep
|turn|7
|
|t:|1769300549
|switch|p1a: Corviknight|Corviknight, F|100/100
|-ability|p1a: Corviknight|Pressure
|move|p2a: Garganacl|Curse|p2a: Garganacl
|-unboost|p2a: Garganacl|spe|1
|-boost|p2a: Garganacl|atk|1
|-boost|p2a: Garganacl|def|1
|
|-damage|p2a: Garganacl|76/100|[from] item: Black Sludge
|upkeep
|turn|8
|
|t:|1769300559
|switch|p1a: Slowking|Slowking-Galar, F|48/100
|move|p2a: Garganacl|Salt Cure|p1a: Slowking
|-damage|p1a: Slowking|19/100
|-start|p1a: Slowking|Salt Cure
|
|-damage|p2a: Garganacl|63/100|[from] item: Black Sludge
|-damage|p1a: Slowking|6/100|[from] Salt Cure
|upkeep
|turn|9
|
|t:|1769300568
|switch|p1a: Corviknight|Corviknight, F|100/100
|-ability|p1a: Corviknight|Pressure
|move|p2a: Garganacl|Salt Cure|p1a: Corviknight
|-damage|p1a: Corviknight|82/100
|-start|p1a: Corviknight|Salt Cure
|
|-heal|p1a: Corviknight|88/100|[from] item: Leftovers
|-damage|p2a: Garganacl|51/100|[from] item: Black Sludge
|-damage|p1a: Corviknight|63/100|[from] Salt Cure
|upkeep
|turn|10
|
|t:|1769300579
|move|p1a: Corviknight|U-turn|p2a: Garganacl
|-damage|p2a: Garganacl|45/100
|
|t:|1769300583
|switch|p1a: Dondozo|Dondozo, F, shiny|100/100|[from] U-turn
|move|p2a: Garganacl|Salt Cure|p1a: Dondozo
|-damage|p1a: Dondozo|93/100
|-start|p1a: Dondozo|Salt Cure
|
|-damage|p2a: Garganacl|32/100|[from] item: Black Sludge
|-heal|p1a: Dondozo|99/100|[from] item: Leftovers
|-damage|p1a: Dondozo|74/100|[from] Salt Cure
|upkeep
|turn|11
|
|t:|1769300596
|switch|p1a: Corviknight|Corviknight, F|63/100
|-ability|p1a: Corviknight|Pressure
|move|p2a: Garganacl|Curse|p2a: Garganacl
|-unboost|p2a: Garganacl|spe|1
|-boost|p2a: Garganacl|atk|1
|-boost|p2a: Garganacl|def|1
|
|-heal|p1a: Corviknight|69/100|[from] item: Leftovers
|-damage|p2a: Garganacl|20/100|[from] item: Black Sludge
|upkeep
|turn|12
|
|t:|1769300608
|move|p1a: Corviknight|U-turn|p2a: Garganacl
|-damage|p2a: Garganacl|15/100
|
|t:|1769300612
|switch|p1a: Dondozo|Dondozo, F, shiny|74/100|[from] U-turn
|move|p2a: Garganacl|Salt Cure|p1a: Dondozo
|-damage|p1a: Dondozo|64/100
|-start|p1a: Dondozo|Salt Cure
|
|-heal|p1a: Dondozo|70/100|[from] item: Leftovers
|-damage|p2a: Garganacl|2/100|[from] item: Black Sludge
|-damage|p1a: Dondozo|45/100|[from] Salt Cure
|upkeep
|turn|13
|
|t:|1769300623
|switch|p1a: Corviknight|Corviknight, F|69/100
|-ability|p1a: Corviknight|Pressure
|move|p2a: Garganacl|Salt Cure|p1a: Corviknight
|-damage|p1a: Corviknight|47/100
|-start|p1a: Corviknight|Salt Cure
|
|-heal|p1a: Corviknight|53/100|[from] item: Leftovers
|-damage|p2a: Garganacl|0 fnt|[from] item: Black Sludge
|faint|p2a: Garganacl
|-damage|p1a: Corviknight|28/100|[from] Salt Cure
|upkeep
|
|t:|1769300635
|switch|p2a: Skeledirge|Skeledirge, M|100/100
|turn|14
|
|t:|1769300640
|switch|p1a: Iron Moth|Iron Moth|100/100
|move|p2a: Skeledirge|Torch Song|p1a: Iron Moth
|-resisted|p1a: Iron Moth
|-damage|p1a: Iron Moth|79/100
|-boost|p2a: Skeledirge|spa|1
|-enditem|p2a: Skeledirge|Throat Spray
|-boost|p2a: Skeledirge|spa|1|[from] item: Throat Spray
|
|upkeep
|turn|15
|
|t:|1769300653
|-terastallize|p1a: Iron Moth|Fire
|move|p1a: Iron Moth|Overheat|p2a: Skeledirge
|-resisted|p2a: Skeledirge
|-damage|p2a: Skeledirge|27/100
|-unboost|p1a: Iron Moth|spa|2
|move|p2a: Skeledirge|Scorching Sands|p1a: Iron Moth
|-supereffective|p1a: Iron Moth
|-damage|p1a: Iron Moth|0 fnt
|faint|p1a: Iron Moth
|-end|p1a: Iron Moth|Quark Drive|[silent]
|
|upkeep
|
|t:|1769300663
|switch|p1a: Meowscarada|Meowscarada, F|100/100
|turn|16
|
|t:|1769300667
|move|p1a: Meowscarada|Knock Off|p2a: Skeledirge
|-start|p1a: Meowscarada|typechange|Dark|[from] ability: Protean
|-supereffective|p2a: Skeledirge
|-damage|p2a: Skeledirge|0 fnt
|faint|p2a: Skeledirge
|
|upkeep
|
|t:|1769300671
|switch|p2a: Honchkrow|Honchkrow, F|100/100
|turn|17
|
|t:|1769300676
|switch|p1a: Corviknight|Corviknight, F|28/100
|-ability|p1a: Corviknight|Pressure
|move|p2a: Honchkrow|Brave Bird|p1a: Corviknight
|-resisted|p1a: Corviknight
|-damage|p1a: Corviknight|7/100
|-damage|p2a: Honchkrow|93/100|[from] Recoil
|
|-heal|p1a: Corviknight|14/100|[from] item: Leftovers
|upkeep
|turn|18
|
|t:|1769300687
|move|p1a: Corviknight|Protect|p1a: Corviknight
|-singleturn|p1a: Corviknight|Protect
|move|p2a: Honchkrow|Night Slash|p1a: Corviknight
|-activate|p1a: Corviknight|move: Protect
|
|-heal|p1a: Corviknight|20/100|[from] item: Leftovers
|upkeep
|turn|19
|
|t:|1769300696
|move|p2a: Honchkrow|Night Slash|p1a: Corviknight
|-crit|p1a: Corviknight
|-damage|p1a: Corviknight|0 fnt
|faint|p1a: Corviknight
|
|upkeep
|
|t:|1769300701
|switch|p1a: Dondozo|Dondozo, F, shiny|45/100
|turn|20
|
|t:|1769300705
|move|p2a: Honchkrow|Night Slash|p1a: Dondozo
|-crit|p1a: Dondozo
|-damage|p1a: Dondozo|17/100
|move|p1a: Dondozo|Rest|p1a: Dondozo
|-status|p1a: Dondozo|slp|[from] move: Rest
|-heal|p1a: Dondozo|100/100 slp|[silent]
|
|upkeep
|turn|21
|
|t:|1769300712
|move|p2a: Honchkrow|Brave Bird|p1a: Dondozo
|-damage|p1a: Dondozo|73/100 slp
|-damage|p2a: Honchkrow|79/100|[from] Recoil
|cant|p1a: Dondozo|slp
|move|p1a: Dondozo|Sleep Talk|p1a: Dondozo
|move|p1a: Dondozo|Liquidation|p2a: Honchkrow|[from] move: Sleep Talk
|-crit|p2a: Honchkrow
|-damage|p2a: Honchkrow|8/100
|
|-heal|p1a: Dondozo|79/100 slp|[from] item: Leftovers
|upkeep
|turn|22
|
|t:|1769300723
|move|p2a: Honchkrow|Night Slash|p1a: Dondozo
|-crit|p1a: Dondozo
|-damage|p1a: Dondozo|52/100 slp
|cant|p1a: Dondozo|slp
|move|p1a: Dondozo|Sleep Talk|p1a: Dondozo
|move|p1a: Dondozo|Body Press|p2a: Honchkrow|[from] move: Sleep Talk
|-crit|p2a: Honchkrow
|-damage|p2a: Honchkrow|0 fnt
|faint|p2a: Honchkrow
|
|-heal|p1a: Dondozo|59/100 slp|[from] item: Leftovers
|upkeep
|
|t:|1769300728
|switch|p2a: Grimmsnarl|Grimmsnarl, M|100/100
|turn|23
|
|t:|1769300736
|-curestatus|p1a: Dondozo|slp|[msg]
|move|p1a: Dondozo|Body Press|p2a: Grimmsnarl
|-damage|p2a: Grimmsnarl|56/100
|move|p2a: Grimmsnarl|False Surrender|p1a: Dondozo
|-damage|p1a: Dondozo|39/100
|
|-heal|p1a: Dondozo|45/100|[from] item: Leftovers
|upkeep
|turn|24
|
|t:|1769300747
|move|p1a: Dondozo|Rest|p1a: Dondozo
|-status|p1a: Dondozo|slp|[from] move: Rest
|-heal|p1a: Dondozo|100/100 slp|[silent]
|move|p2a: Grimmsnarl|Spirit Break|p1a: Dondozo
|-damage|p1a: Dondozo|83/100 slp
|-unboost|p1a: Dondozo|spa|1
|
|-heal|p1a: Dondozo|89/100 slp|[from] item: Leftovers
|upkeep
|turn|25
|
|t:|1769300758
|cant|p1a: Dondozo|slp
|move|p1a: Dondozo|Sleep Talk|p1a: Dondozo
|move|p1a: Dondozo|Liquidation|p2a: Grimmsnarl|[from] move: Sleep Talk
|-damage|p2a: Grimmsnarl|10/100
|-unboost|p2a: Grimmsnarl|def|1
|move|p2a: Grimmsnarl|False Surrender|p1a: Dondozo
|-damage|p1a: Dondozo|69/100 slp
|
|-heal|p1a: Dondozo|75/100 slp|[from] item: Leftovers
|upkeep
|turn|26
|
|t:|1769300768
|cant|p1a: Dondozo|slp
|move|p2a: Grimmsnarl|Brick Break|p1a: Dondozo
|-damage|p1a: Dondozo|63/100 slp
|
|-heal|p1a: Dondozo|69/100 slp|[from] item: Leftovers
|upkeep
|turn|27
|
|t:|1769300774
|-curestatus|p1a: Dondozo|slp|[msg]
|move|p1a: Dondozo|Rest|p1a: Dondozo
|-status|p1a: Dondozo|slp|[from] move: Rest
|-heal|p1a: Dondozo|100/100 slp|[silent]
|move|p2a: Grimmsnarl|False Surrender|p1a: Dondozo
|-damage|p1a: Dondozo|81/100 slp
|
|-heal|p1a: Dondozo|87/100 slp|[from] item: Leftovers
|upkeep
|turn|28
|
|t:|1769300784
|cant|p1a: Dondozo|slp
|move|p1a: Dondozo|Sleep Talk|p1a: Dondozo
|move|p1a: Dondozo|Body Press|p2a: Grimmsnarl|[from] move: Sleep Talk
|-damage|p2a: Grimmsnarl|0 fnt
|faint|p2a: Grimmsnarl
|
|-heal|p1a: Dondozo|93/100 slp|[from] item: Leftovers
|upkeep
|
|t:|1769300789
|switch|p2a: Kingambit|Kingambit, M|100/100
|-activate|p2a: Kingambit|ability: Supreme Overlord
|-start|p2a: Kingambit|fallen5|[silent]
|turn|29
|
|t:|1769300796
|move|p2a: Kingambit|Kowtow Cleave|p1a: Dondozo
|-damage|p1a: Dondozo|58/100 slp
|cant|p1a: Dondozo|slp
|move|p1a: Dondozo|Sleep Talk|p1a: Dondozo
|move|p1a: Dondozo|Body Press|p2a: Kingambit|[from] move: Sleep Talk
|-supereffective|p2a: Kingambit
|-enditem|p2a: Kingambit|Focus Sash
|-damage|p2a: Kingambit|1/100
|
|-heal|p1a: Dondozo|64/100 slp|[from] item: Leftovers
|upkeep
|turn|30
|
|t:|1769300807
|move|p2a: Kingambit|Kowtow Cleave|p1a: Dondozo
|-damage|p1a: Dondozo|32/100 slp
|-curestatus|p1a: Dondozo|slp|[msg]
|move|p1a: Dondozo|Liquidation|p2a: Kingambit
|-damage|p2a: Kingambit|0 fnt
|faint|p2a: Kingambit
|-end|p2a: Kingambit|fallen5|[silent]
|
|win|VIXperation
|raw|VIXperation's rating: 1229 &rarr; <strong>1253</strong><br />(+24 for winning)
|raw|Ninjashaw's rating: 1220 &rarr; <strong>1196</strong><br />(-24 for losing)
|l|☆Ninjashaw
|player|p2|
|l|☆VIXperation
|player|p1|
