|j|☆sableye555
|j|☆zigachad
|t:|1769327310
|gametype|singles
|player|p1|sableye555|gentleman-gen4|1244
|player|p2|zigachad|unknown|1217
|gen|9
|tier|[Gen 9] OU
|rated|
|rule|HP Percentage Mod: HP is shown in percentages
|rule|Endless Battle Clause: Forcing endless battles is banned
|rule|Species Clause: Limit one of each Pokémon
|rule|OHKO Clause: OHKO moves are banned
|rule|Evasion Items Clause: Evasion items are banned
|rule|Evasion Moves Clause: Evasion moves are banned
|rule|Evasion Abilities Clause: Evasion abilities are banned
|rule|Sleep Moves Clause: Sleep-inducing moves are banned
|clearpoke
|poke|p1|Ninetales-Alola, F|
|poke|p1|Cetitan, M|
|poke|p1|Kyurem|
|poke|p1|Slowking-Galar, M|
|poke|p1|Hatterene, F|
|poke|p1|Cinderace, F|
|poke|p2|Iron Boulder|
|poke|p2|Zapdos|
|poke|p2|Blaziken, F|
|poke|p2|Greninja-*, M|
|poke|p2|Ogerpon, F|
|poke|p2|Great Tusk|
|teampreview
|inactive|Battle timer is ON: inactive players will automatically lose when time's up. (requested by zigachad)
|inactive|sableye555 also wants the timer to be on.
|
|t:|1769327318
|teamsize|p1|6
|teamsize|p2|6
|start
|switch|p1a: Ninetales|Ninetales-Alola, F, shiny|100/100
|switch|p2a: Blaziken|Blaziken, F|100/100
|-weather|Snowscape|[from] ability: Snow Warning|[of] p1a: Ninetales
|turn|1
|
|t:|1769327328
|move|p1a: Ninetales|Aurora Veil|p1a: Ninetales
|-sidestart|p1: sableye555|move: Aurora Veil
|move|p2a: Blaziken|Flare Blitz|p1a: Ninetales
|-supereffective|p1a: Ninetales
|-damage|p1a: Ninetales|34/100
|-damage|p2a: Blaziken|79/100|[from] Recoil
|-damage|p2a: Blaziken|69/100|[from] item: Life Orb
|
|-weather|Snowscape|[upkeep]
|-ability|p2a: Blaziken|Speed Boost|boost
|-boost|p2a: Blaziken|spe|1
|upkeep
|turn|2
|
|t:|1769327350
|move|p2a: Blaziken|Flare Blitz|p1a: Ninetales
|-supereffective|p1a: Ninetales
|-damage|p1a: Ninetales|0 fnt
|faint|p1a: Ninetales
|-damage|p2a: Blaziken|58/100|[from] Recoil
|-damage|p2a: Blaziken|48/100|[from] item: Life Orb
|
|-weather|Snowscape|[upkeep]
|-ability|p2a: Blaziken|Speed Boost|boost
|-boost|p2a: Blaziken|spe|1
|upkeep
|
|t:|1769327357
|switch|p1a: Kyurem|Kyurem, shiny|100/100
|-ability|p1a: Kyurem|Pressure
|turn|3
|
|t:|1769327363
|move|p2a: Blaziken|Close Combat|p1a: Kyurem
|-supereffective|p1a: Kyurem
|-crit|p1a: Kyurem
|-damage|p1a: Kyurem|0 fnt
|-unboost|p2a: Blaziken|def|1
|-unboost|p2a: Blaziken|spd|1
|faint|p1a: Kyurem
|-damage|p2a: Blaziken|38/100|[from] item: Life Orb
|
|-weather|Snowscape|[upkeep]
|-ability|p2a: Blaziken|Speed Boost|boost
|-boost|p2a: Blaziken|spe|1
|upkeep
|
|t:|1769327367
|switch|p1a: Cetitan|Cetitan, M|100/100
|turn|4
|
|t:|1769327383
|move|p2a: Blaziken|Close Combat|p1a: Cetitan
|-supereffective|p1a: Cetitan
|-damage|p1a: Cetitan|49/100
|-unboost|p2a: Blaziken|def|1
|-unboost|p2a: Blaziken|spd|1
|-enditem|p1a: Cetitan|Sitrus Berry|[eat]
|-heal|p1a: Cetitan|74/100|[from] item: Sitrus Berry
|-damage|p2a: Blaziken|28/100|[from] item: Life Orb
|move|p1a: Cetitan|Belly Drum|p1a: Cetitan
|-damage|p1a: Cetitan|24/100
|-setboost|p1a: Cetitan|atk|6|[from] move: Belly Drum
|
|-weather|Snowscape|[upkeep]
|-ability|p2a: Blaziken|Speed Boost|boost
|-boost|p2a: Blaziken|spe|1
|upkeep
|turn|5
|
|t:|1769327398
|move|p1a: Cetitan|Ice Shard|p2a: Blaziken
|-resisted|p2a: Blaziken
|-damage|p2a: Blaziken|0 fnt
|faint|p2a: Blaziken
|
|-weather|Snowscape|[upkeep]
|-sideend|p1: sableye555|move: Aurora Veil
|upkeep
|
|t:|1769327410
|switch|p2a: Iron Boulder|Iron Boulder|100/100
|-enditem|p2a: Iron Boulder|Booster Energy
|-activate|p2a: Iron Boulder|ability: Quark Drive|[fromitem]
|-start|p2a: Iron Boulder|quarkdrivespe
|turn|6
|
|t:|1769327415
|-terastallize|p1a: Cetitan|Ice
|move|p1a: Cetitan|Ice Shard|p2a: Iron Boulder
|-damage|p2a: Iron Boulder|0 fnt
|faint|p2a: Iron Boulder
|-end|p2a: Iron Boulder|Quark Drive|[silent]
|
|-weather|Snowscape|[upkeep]
|upkeep
|-message|zigachad forfeited.
|
|win|sableye555
|raw|sableye555's rating: 1244 &rarr; <strong>1267</strong><br />(+23 for winning)
|raw|zigachad's rating: 1217 &rarr; <strong>1194</strong><br />(-23 for losing)
|l|☆zigachad
|player|p2|
|l|☆sableye555
|player|p1|
