|j|☆WelcomeToZaun
|j|☆shinmyou
|t:|1769438166
|gametype|singles
|player|p1|WelcomeToZaun|iono|1324
|player|p2|shinmyou|dawn|1336
|gen|9
|tier|[Gen 9] OU
|rated|
|rule|HP Percentage Mod: HP is shown in percentages
|rule|Endless Battle Clause: Forcing endless battles is banned
|rule|Species Clause: Limit one of each Pokémon
|rule|OHKO Clause: OHKO moves are banned
|rule|Evasion Items Clause: Evasion items are banned
|rule|Evasion Moves Clause: Evasion moves are banned
|rule|Evasion Abilities Clause: Evasion abilities are banned
|rule|Sleep Moves Clause: Sleep-inducing moves are banned
|clearpoke
|poke|p1|Dragonite, M|
|poke|p1|Great Tusk|
|poke|p1|Goodra-Hisui, F|
|poke|p1|Meowscarada, M|
|poke|p1|Enamorus, F|
|poke|p1|Arcanine-Hisui, F|
|poke|p2|Gholdengo|
|poke|p2|Ursaluna, M|
|poke|p2|Great Tusk|
|poke|p2|Ogerpon-Wellspring, F|
|poke|p2|Darkrai|
|poke|p2|Walking Wake|
|teampreview
|
|t:|1769438184
|teamsize|p1|6
|teamsize|p2|6
|start
|switch|p1a: Meowscarada|Meowscarada, M|100/100
|switch|p2a: Darkrai|Darkrai|100/100
|turn|1
|
|t:|1769438190
|switch|p1a: Goodra|Goodra-Hisui, F|100/100
|move|p2a: Darkrai|Sludge Bomb|p1a: Goodra
|-immune|p1a: Goodra
|
|upkeep
|turn|2
|
|t:|1769438200
|switch|p2a: Great Tusk|Great Tusk|100/100
|-enditem|p2a: Great Tusk|Booster Energy
|-activate|p2a: Great Tusk|ability: Protosynthesis|[fromitem]
|-start|p2a: Great Tusk|protosynthesisatk
|move|p1a: Goodra|Flash Cannon|p2a: Great Tusk
|-crit|p2a: Great Tusk
|-damage|p2a: Great Tusk|3/100
|
|upkeep
|turn|3
|
|t:|1769438216
|switch|p1a: Great Tusk|Great Tusk|100/100
|move|p2a: Great Tusk|Close Combat|p1a: Great Tusk
|-damage|p1a: Great Tusk|36/100
|-unboost|p2a: Great Tusk|def|1
|-unboost|p2a: Great Tusk|spd|1
|
|upkeep
|turn|4
|
|t:|1769438222
|move|p1a: Great Tusk|Rapid Spin|p2a: Great Tusk
|-damage|p2a: Great Tusk|0 fnt
|-boost|p1a: Great Tusk|spe|1
|faint|p2a: Great Tusk
|-end|p2a: Great Tusk|Protosynthesis|[silent]
|
|upkeep
|
|t:|1769438224
|switch|p2a: Ogerpon|Ogerpon-Wellspring, F|100/100
|turn|5
|
|t:|1769438228
|move|p1a: Great Tusk|Close Combat|p2a: Ogerpon
|-damage|p2a: Ogerpon|25/100
|-unboost|p1a: Great Tusk|def|1
|-unboost|p1a: Great Tusk|spd|1
|move|p2a: Ogerpon|Swords Dance|p2a: Ogerpon
|-boost|p2a: Ogerpon|atk|2
|
|upkeep
|turn|6
|
|t:|1769438236
|move|p1a: Great Tusk|Knock Off|p2a: Ogerpon
|-damage|p2a: Ogerpon|0 fnt
|faint|p2a: Ogerpon
|
|upkeep
|
|t:|1769438240
|switch|p2a: Darkrai|Darkrai|100/100
|turn|7
|
|t:|1769438243
|move|p2a: Darkrai|Psychic|p1a: Great Tusk
|-supereffective|p1a: Great Tusk
|-damage|p1a: Great Tusk|0 fnt
|faint|p1a: Great Tusk
|-end|p1a: Great Tusk|Protosynthesis|[silent]
|
|upkeep
|
|t:|1769438249
|switch|p1a: Meowscarada|Meowscarada, M|100/100
|turn|8
|
|t:|1769438254
|switch|p2a: Walking Wake|Walking Wake|100/100
|-enditem|p2a: Walking Wake|Booster Energy
|-activate|p2a: Walking Wake|ability: Protosynthesis|[fromitem]
|-start|p2a: Walking Wake|protosynthesisspe
|move|p1a: Meowscarada|U-turn|p2a: Walking Wake
|-start|p1a: Meowscarada|typechange|Bug|[from] ability: Protean
|-damage|p2a: Walking Wake|65/100
|
|t:|1769438262
|switch|p1a: Goodra|Goodra-Hisui, F|100/100|[from] U-turn
|
|upkeep
|turn|9
|
|t:|1769438266
|move|p2a: Walking Wake|Draco Meteor|p1a: Goodra
|-damage|p1a: Goodra|72/100
|-unboost|p2a: Walking Wake|spa|2
|move|p1a: Goodra|Dragon Tail|p2a: Walking Wake|[miss]
|-miss|p1a: Goodra|p2a: Walking Wake
|
|upkeep
|turn|10
|
|t:|1769438279
|-end|p2a: Walking Wake|Protosynthesis|[silent]
|switch|p2a: Ursaluna|Ursaluna, M|100/100
|move|p1a: Goodra|Flamethrower|p2a: Ursaluna
|-damage|p2a: Ursaluna|73/100
|
|-status|p2a: Ursaluna|brn|[from] item: Flame Orb
|upkeep
|turn|11
|
|t:|1769438285
|move|p1a: Goodra|Flash Cannon|p2a: Ursaluna
|-damage|p2a: Ursaluna|35/100 brn
|move|p2a: Ursaluna|Earthquake|p1a: Goodra
|-supereffective|p1a: Goodra
|-damage|p1a: Goodra|0 fnt
|faint|p1a: Goodra
|
|-damage|p2a: Ursaluna|29/100 brn|[from] brn
|upkeep
|
|t:|1769438295
|switch|p1a: Meowscarada|Meowscarada, M|100/100
|turn|12
|
|t:|1769438299
|move|p1a: Meowscarada|Flower Trick|p2a: Ursaluna
|-start|p1a: Meowscarada|typechange|Grass|[from] ability: Protean
|-supereffective|p2a: Ursaluna
|-crit|p2a: Ursaluna
|-damage|p2a: Ursaluna|0 fnt
|faint|p2a: Ursaluna
|
|upkeep
|
|t:|1769438304
|switch|p2a: Darkrai|Darkrai|100/100
|turn|13
|
|t:|1769438317
|-terastallize|p1a: Meowscarada|Ghost
|move|p2a: Darkrai|Sludge Bomb|p1a: Meowscarada
|-resisted|p1a: Meowscarada
|-damage|p1a: Meowscarada|77/100
|move|p1a: Meowscarada|U-turn|p2a: Darkrai
|-supereffective|p2a: Darkrai
|-damage|p2a: Darkrai|38/100
|
|t:|1769438323
|switch|p1a: Arcanine|Arcanine-Hisui, F|100/100|[from] U-turn
|
|upkeep
|turn|14
|
|t:|1769438327
|switch|p2a: Walking Wake|Walking Wake|65/100
|move|p1a: Arcanine|Flare Blitz|p2a: Walking Wake
|-resisted|p2a: Walking Wake
|-damage|p2a: Walking Wake|42/100
|
|upkeep
|turn|15
|
|t:|1769438334
|switch|p1a: Dragonite|Dragonite, M|100/100
|move|p2a: Walking Wake|Hydro Steam|p1a: Dragonite
|-resisted|p1a: Dragonite
|-damage|p1a: Dragonite|89/100
|
|upkeep
|turn|16
|
|t:|1769438370
|move|p2a: Walking Wake|Draco Meteor|p1a: Dragonite
|-supereffective|p1a: Dragonite
|-damage|p1a: Dragonite|0 fnt
|-unboost|p2a: Walking Wake|spa|2
|faint|p1a: Dragonite
|
|upkeep
|
|t:|1769438376
|switch|p1a: Enamorus|Enamorus, F|100/100
|turn|17
|
|t:|1769438380
|move|p1a: Enamorus|Moonblast|p2a: Walking Wake
|-supereffective|p2a: Walking Wake
|-damage|p2a: Walking Wake|0 fnt
|faint|p2a: Walking Wake
|-end|p2a: Walking Wake|Protosynthesis|[silent]
|
|upkeep
|
|t:|1769438383
|switch|p2a: Gholdengo|Gholdengo|100/100
|turn|18
|
|t:|1769438389
|move|p1a: Enamorus|Moonblast|p2a: Gholdengo
|-resisted|p2a: Gholdengo
|-damage|p2a: Gholdengo|69/100
|move|p2a: Gholdengo|Shadow Ball|p1a: Enamorus
|-damage|p1a: Enamorus|39/100
|
|upkeep
|turn|19
|
|t:|1769438394
|move|p1a: Enamorus|Moonblast|p2a: Gholdengo
|-resisted|p2a: Gholdengo
|-damage|p2a: Gholdengo|36/100
|move|p2a: Gholdengo|Shadow Ball|p1a: Enamorus
|-damage|p1a: Enamorus|0 fnt
|faint|p1a: Enamorus
|
|upkeep
|
|t:|1769438401
|switch|p1a: Arcanine|Arcanine-Hisui, F|100/100
|turn|20
|
|t:|1769438406
|move|p2a: Gholdengo|Shadow Ball|p1a: Arcanine
|-damage|p1a: Arcanine|48/100
|move|p1a: Arcanine|Flare Blitz|p2a: Gholdengo
|-supereffective|p2a: Gholdengo
|-damage|p2a: Gholdengo|0 fnt
|faint|p2a: Gholdengo
|
|upkeep
|
|t:|1769438409
|switch|p2a: Darkrai|Darkrai|38/100
|turn|21
|
|t:|1769438411
|switch|p1a: Meowscarada|Meowscarada, M, tera:Ghost|77/100
|move|p2a: Darkrai|Dark Pulse|p1a: Meowscarada
|-supereffective|p1a: Meowscarada
|-damage|p1a: Meowscarada|0 fnt
|faint|p1a: Meowscarada
|
|upkeep
|
|t:|1769438415
|switch|p1a: Arcanine|Arcanine-Hisui, F|48/100
|turn|22
|
|t:|1769438417
|move|p1a: Arcanine|Extreme Speed|p2a: Darkrai
|-damage|p2a: Darkrai|0 fnt
|faint|p2a: Darkrai
|
|win|WelcomeToZaun
|raw|WelcomeToZaun's rating: 1324 &rarr; <strong>1345</strong><br />(+21 for winning)
|raw|shinmyou's rating: 1336 &rarr; <strong>1315</strong><br />(-21 for losing)
|l|☆WelcomeToZaun
|player|p1|
|l|☆shinmyou
|player|p2|
|j|☆WelcomeToZaun
|player|p1|WelcomeToZaun|iono|
