|j|☆nakgy
|j|☆Socrarchaludon
|t:|1769427993
|gametype|singles
|player|p1|nakgy|1|1209
|player|p2|Socrarchaludon|ninjaboy|1163
|gen|9
|tier|[Gen 9] OU
|rated|
|rule|HP Percentage Mod: HP is shown in percentages
|rule|Endless Battle Clause: Forcing endless battles is banned
|rule|Species Clause: Limit one of each Pokémon
|rule|OHKO Clause: OHKO moves are banned
|rule|Evasion Items Clause: Evasion items are banned
|rule|Evasion Moves Clause: Evasion moves are banned
|rule|Evasion Abilities Clause: Evasion abilities are banned
|rule|Sleep Moves Clause: Sleep-inducing moves are banned
|clearpoke
|poke|p1|Ogerpon-Wellspring, F|
|poke|p1|Heatran, F|
|poke|p1|Mandibuzz, F|
|poke|p1|Wyrdeer, F|
|poke|p1|Gliscor, F|
|poke|p1|Mimikyu, M|
|poke|p2|Iron Valiant|
|poke|p2|Great Tusk|
|poke|p2|Dragonite, F|
|poke|p2|Deoxys-Speed|
|poke|p2|Glimmora, M|
|poke|p2|Kingambit, M|
|teampreview
|inactive|Battle timer is ON: inactive players will automatically lose when time's up. (requested by nakgy)
|
|t:|1769427997
|teamsize|p1|6
|teamsize|p2|6
|start
|switch|p1a: Wyrdeer|Wyrdeer, F|100/100
|switch|p2a: Glimmora|Glimmora, M|100/100
|turn|1
|
|t:|1769428002
|move|p1a: Wyrdeer|Trick|p2a: Glimmora
|-activate|p1a: Wyrdeer|move: Trick|[of] p2a: Glimmora
|-item|p2a: Glimmora|Choice Scarf|[from] move: Trick
|-item|p1a: Wyrdeer|Power Herb|[from] move: Trick
|move|p2a: Glimmora|Meteor Beam||[still]
|-prepare|p2a: Glimmora|Meteor Beam
|-boost|p2a: Glimmora|spa|1
|
|upkeep
|turn|2
|
|t:|1769428014
|switch|p1a: Heatran|Heatran, F|100/100
|-item|p1a: Heatran|Air Balloon
|move|p2a: Glimmora|Meteor Beam|p1a: Heatran|[from] lockedmove
|-damage|p1a: Heatran|17/100
|-enditem|p1a: Heatran|Air Balloon
|
|upkeep
|turn|3
|
|t:|1769428024
|move|p2a: Glimmora|Meteor Beam||[still]
|-prepare|p2a: Glimmora|Meteor Beam
|-boost|p2a: Glimmora|spa|1
|move|p1a: Heatran|Stealth Rock|p2a: Glimmora
|-sidestart|p2: Socrarchaludon|move: Stealth Rock
|
|upkeep
|turn|4
|
|t:|1769428037
|move|p2a: Glimmora|Meteor Beam|p1a: Heatran|[from] lockedmove
|-damage|p1a: Heatran|0 fnt
|faint|p1a: Heatran
|
|upkeep
|
|t:|1769428043
|switch|p1a: Gliscor|Gliscor, F|100/100
|turn|5
|
|t:|1769428046
|move|p2a: Glimmora|Meteor Beam||[still]
|-prepare|p2a: Glimmora|Meteor Beam
|-boost|p2a: Glimmora|spa|1
|move|p1a: Gliscor|Earthquake|p2a: Glimmora
|-supereffective|p2a: Glimmora
|-damage|p2a: Glimmora|0 fnt
|-activate|p2a: Glimmora|ability: Toxic Debris
|-sidestart|p1: nakgy|move: Toxic Spikes
|faint|p2a: Glimmora
|
|-status|p1a: Gliscor|tox|[from] item: Toxic Orb
|upkeep
|
|t:|1769428057
|switch|p2a: Great Tusk|Great Tusk|100/100
|-damage|p2a: Great Tusk|97/100|[from] Stealth Rock
|-enditem|p2a: Great Tusk|Booster Energy
|-activate|p2a: Great Tusk|ability: Protosynthesis|[fromitem]
|-start|p2a: Great Tusk|protosynthesisspe
|turn|6
|
|t:|1769428065
|move|p2a: Great Tusk|Taunt|p1a: Gliscor
|-start|p1a: Gliscor|move: Taunt
|cant|p1a: Gliscor|move: Taunt|Toxic
|
|upkeep
|turn|7
|
|t:|1769428072
|switch|p1a: Mandibuzz|Mandibuzz, F|100/100
|move|p2a: Great Tusk|Bulk Up|p2a: Great Tusk
|-boost|p2a: Great Tusk|atk|1
|-boost|p2a: Great Tusk|def|1
|
|upkeep
|turn|8
|
|t:|1769428079
|move|p2a: Great Tusk|Taunt|p1a: Mandibuzz
|-start|p1a: Mandibuzz|move: Taunt
|move|p1a: Mandibuzz|Foul Play|p2a: Great Tusk
|-resisted|p2a: Great Tusk
|-damage|p2a: Great Tusk|84/100
|
|upkeep
|turn|9
|
|t:|1769428086
|move|p2a: Great Tusk|Bulk Up|p2a: Great Tusk
|-boost|p2a: Great Tusk|atk|1
|-boost|p2a: Great Tusk|def|1
|move|p1a: Mandibuzz|Foul Play|p2a: Great Tusk
|-resisted|p2a: Great Tusk
|-damage|p2a: Great Tusk|71/100
|
|upkeep
|turn|10
|
|t:|1769428089
|move|p2a: Great Tusk|Bulk Up|p2a: Great Tusk
|-boost|p2a: Great Tusk|atk|1
|-boost|p2a: Great Tusk|def|1
|move|p1a: Mandibuzz|Foul Play|p2a: Great Tusk
|-resisted|p2a: Great Tusk
|-damage|p2a: Great Tusk|58/100
|
|-end|p1a: Mandibuzz|move: Taunt
|upkeep
|turn|11
|
|t:|1769428095
|move|p2a: Great Tusk|Head Smash|p1a: Mandibuzz|[miss]
|-miss|p2a: Great Tusk|p1a: Mandibuzz
|move|p1a: Mandibuzz|Toxic|p2a: Great Tusk
|-status|p2a: Great Tusk|tox
|
|-damage|p2a: Great Tusk|52/100 tox|[from] psn
|upkeep
|turn|12
|
|t:|1769428105
|move|p2a: Great Tusk|Head Smash|p1a: Mandibuzz
|-supereffective|p1a: Mandibuzz
|-damage|p1a: Mandibuzz|0 fnt
|-damage|p2a: Great Tusk|35/100 tox|[from] item: Rocky Helmet|[of] p1a: Mandibuzz
|faint|p1a: Mandibuzz
|-damage|p2a: Great Tusk|0 fnt|[from] Recoil
|faint|p2a: Great Tusk
|-end|p2a: Great Tusk|Protosynthesis|[silent]
|
|upkeep
|
|t:|1769428118
|switch|p2a: Deoxys|Deoxys-Speed|100/100
|switch|p1a: Wyrdeer|Wyrdeer, F|100/100
|-damage|p2a: Deoxys|88/100|[from] Stealth Rock
|-ability|p2a: Deoxys|Pressure
|-status|p1a: Wyrdeer|psn
|turn|13
|
|t:|1769428125
|move|p2a: Deoxys|Taunt|p1a: Wyrdeer
|-start|p1a: Wyrdeer|move: Taunt
|move|p1a: Wyrdeer|Facade|p2a: Deoxys
|-crit|p2a: Deoxys
|-damage|p2a: Deoxys|0 fnt
|faint|p2a: Deoxys
|
|-damage|p1a: Wyrdeer|88/100 psn|[from] psn
|upkeep
|c|☆Socrarchaludon|🥀
|
|t:|1769428144
|switch|p2a: Kingambit|Kingambit, M|100/100
|-damage|p2a: Kingambit|94/100|[from] Stealth Rock
|-activate|p2a: Kingambit|ability: Supreme Overlord
|-start|p2a: Kingambit|fallen3|[silent]
|turn|14
|
|t:|1769428150
|-terastallize|p1a: Wyrdeer|Normal
|move|p1a: Wyrdeer|Facade|p2a: Kingambit
|-resisted|p2a: Kingambit
|-damage|p2a: Kingambit|58/100
|move|p2a: Kingambit|Swords Dance|p2a: Kingambit
|-boost|p2a: Kingambit|atk|2
|
|-damage|p1a: Wyrdeer|76/100 psn|[from] psn
|upkeep
|turn|15
|
|t:|1769428163
|move|p2a: Kingambit|Sucker Punch|p1a: Wyrdeer
|-damage|p1a: Wyrdeer|0 fnt
|faint|p1a: Wyrdeer
|
|upkeep
|
|t:|1769428171
|switch|p1a: Mimikyu|Mimikyu, M|100/100
|-status|p1a: Mimikyu|psn
|turn|16
|
|t:|1769428175
|move|p1a: Mimikyu|Drain Punch|p2a: Kingambit
|-supereffective|p2a: Kingambit
|-crit|p2a: Kingambit
|-damage|p2a: Kingambit|0 fnt
|faint|p2a: Kingambit
|-end|p2a: Kingambit|fallen3|[silent]
|-damage|p1a: Mimikyu|91/100 psn|[from] item: Life Orb
|
|-damage|p1a: Mimikyu|78/100 psn|[from] psn
|upkeep
|
|t:|1769428180
|switch|p2a: Iron Valiant|Iron Valiant|100/100
|-damage|p2a: Iron Valiant|94/100|[from] Stealth Rock
|-enditem|p2a: Iron Valiant|Booster Energy
|-activate|p2a: Iron Valiant|ability: Quark Drive|[fromitem]
|-start|p2a: Iron Valiant|quarkdrivespe
|turn|17
|
|t:|1769428191
|move|p2a: Iron Valiant|Encore|p1a: Mimikyu
|-start|p1a: Mimikyu|Encore
|move|p1a: Mimikyu|Drain Punch|p2a: Iron Valiant
|-resisted|p2a: Iron Valiant
|-damage|p2a: Iron Valiant|76/100
|-heal|p1a: Mimikyu|89/100 psn|[from] drain|[of] p2a: Iron Valiant
|-damage|p1a: Mimikyu|79/100 psn|[from] item: Life Orb
|
|-damage|p1a: Mimikyu|67/100 psn|[from] psn
|upkeep
|turn|18
|
|t:|1769428199
|switch|p1a: Gliscor|Gliscor, F|100/100 tox
|move|p2a: Iron Valiant|Moonblast|p1a: Gliscor
|-damage|p1a: Gliscor|38/100 tox
|
|-heal|p1a: Gliscor|51/100 tox|[from] ability: Poison Heal
|upkeep
|turn|19
|
|t:|1769428207
|move|p2a: Iron Valiant|Calm Mind|p2a: Iron Valiant
|-boost|p2a: Iron Valiant|spa|1
|-boost|p2a: Iron Valiant|spd|1
|move|p1a: Gliscor|Toxic|p2a: Iron Valiant
|-status|p2a: Iron Valiant|tox
|
|-damage|p2a: Iron Valiant|70/100 tox|[from] psn
|-heal|p1a: Gliscor|63/100 tox|[from] ability: Poison Heal
|upkeep
|turn|20
|
|t:|1769428216
|move|p1a: Gliscor|Protect|p1a: Gliscor
|-singleturn|p1a: Gliscor|Protect
|move|p2a: Iron Valiant|Moonblast|p1a: Gliscor
|-activate|p1a: Gliscor|move: Protect
|
|-damage|p2a: Iron Valiant|57/100 tox|[from] psn
|-heal|p1a: Gliscor|76/100 tox|[from] ability: Poison Heal
|upkeep
|turn|21
|
|t:|1769428224
|switch|p1a: Mimikyu|Mimikyu, M|67/100 psn
|move|p2a: Iron Valiant|Moonblast|p1a: Mimikyu
|-activate|p1a: Mimikyu|ability: Disguise
|-damage|p1a: Mimikyu|67/100 psn
|-unboost|p1a: Mimikyu|spa|1
|detailschange|p1a: Mimikyu|Mimikyu-Busted, M
|-damage|p1a: Mimikyu|54/100 psn|[from] pokemon: Mimikyu-Busted
|
|-damage|p2a: Iron Valiant|39/100 tox|[from] psn
|-damage|p1a: Mimikyu|42/100 psn|[from] psn
|upkeep
|turn|22
|
|t:|1769428230
|move|p1a: Mimikyu|Shadow Sneak|p2a: Iron Valiant
|-damage|p2a: Iron Valiant|10/100 tox
|-damage|p1a: Mimikyu|32/100 psn|[from] item: Life Orb
|move|p2a: Iron Valiant|Shadow Ball|p1a: Mimikyu
|-supereffective|p1a: Mimikyu
|-damage|p1a: Mimikyu|0 fnt
|faint|p1a: Mimikyu
|
|-damage|p2a: Iron Valiant|0 fnt|[from] psn
|faint|p2a: Iron Valiant
|-end|p2a: Iron Valiant|Quark Drive|[silent]
|upkeep
|
|t:|1769428239
|switch|p2a: Dragonite|Dragonite, F|100/100
|switch|p1a: Gliscor|Gliscor, F|76/100 tox
|-damage|p2a: Dragonite|76/100|[from] Stealth Rock
|turn|23
|
|t:|1769428248
|-terastallize|p2a: Dragonite|Flying
|move|p2a: Dragonite|Substitute|p2a: Dragonite
|-start|p2a: Dragonite|Substitute
|-damage|p2a: Dragonite|51/100
|move|p1a: Gliscor|Toxic|p2a: Dragonite|[miss]
|-miss|p1a: Gliscor|p2a: Dragonite
|
|-heal|p2a: Dragonite|57/100|[from] item: Leftovers
|-heal|p1a: Gliscor|88/100 tox|[from] ability: Poison Heal
|upkeep
|turn|24
|l|☆nakgy
|inactive|nakgy disconnected and has a minute to reconnect!
|player|p1|
|j|☆nakgy
|inactive|nakgy reconnected and has 110 seconds left.
|player|p1|nakgy|1|
|
|t:|1769428299
|switch|p1a: Ogerpon|Ogerpon-Wellspring, F|100/100
|-status|p1a: Ogerpon|psn
|move|p2a: Dragonite|Dragon Dance|p2a: Dragonite
|-boost|p2a: Dragonite|atk|1
|-boost|p2a: Dragonite|spe|1
|
|-heal|p2a: Dragonite|63/100|[from] item: Leftovers
|-damage|p1a: Ogerpon|88/100 psn|[from] psn
|upkeep
|turn|25
|inactive|Socrarchaludon has 120 seconds left.
|
|t:|1769428355
|move|p2a: Dragonite|Tera Blast|p1a: Ogerpon|[anim] Tera Blast Flying
|-supereffective|p1a: Ogerpon
|-damage|p1a: Ogerpon|0 fnt
|faint|p1a: Ogerpon
|
|-heal|p2a: Dragonite|70/100|[from] item: Leftovers
|upkeep
|
|t:|1769428363
|switch|p1a: Gliscor|Gliscor, F|88/100 tox
|turn|26
|
|t:|1769428369
|move|p2a: Dragonite|Tera Blast|p1a: Gliscor|[anim] Tera Blast Flying
|-damage|p1a: Gliscor|33/100 tox
|move|p1a: Gliscor|Substitute|p1a: Gliscor
|-start|p1a: Gliscor|Substitute
|-damage|p1a: Gliscor|8/100 tox
|
|-heal|p2a: Dragonite|76/100|[from] item: Leftovers
|-heal|p1a: Gliscor|21/100 tox|[from] ability: Poison Heal
|upkeep
|turn|27
|
|t:|1769428375
|move|p1a: Gliscor|Protect|p1a: Gliscor
|-singleturn|p1a: Gliscor|Protect
|move|p2a: Dragonite|Tera Blast|p1a: Gliscor|[anim] Tera Blast Flying
|-activate|p1a: Gliscor|move: Protect
|
|-heal|p2a: Dragonite|82/100|[from] item: Leftovers
|-heal|p1a: Gliscor|33/100 tox|[from] ability: Poison Heal
|upkeep
|turn|28
|inactive|nakgy has 120 seconds left.
|
|t:|1769428380
|move|p2a: Dragonite|Tera Blast|p1a: Gliscor|[anim] Tera Blast Flying
|-end|p1a: Gliscor|Substitute
|move|p1a: Gliscor|Substitute|p1a: Gliscor
|-start|p1a: Gliscor|Substitute
|-damage|p1a: Gliscor|8/100 tox
|
|-heal|p2a: Dragonite|88/100|[from] item: Leftovers
|-heal|p1a: Gliscor|21/100 tox|[from] ability: Poison Heal
|upkeep
|turn|29
|
|t:|1769428388
|move|p1a: Gliscor|Protect|p1a: Gliscor
|-singleturn|p1a: Gliscor|Protect
|move|p2a: Dragonite|Dragon Dance|p2a: Dragonite
|-boost|p2a: Dragonite|atk|1
|-boost|p2a: Dragonite|spe|1
|
|-heal|p2a: Dragonite|94/100|[from] item: Leftovers
|-heal|p1a: Gliscor|33/100 tox|[from] ability: Poison Heal
|upkeep
|turn|30
|
|t:|1769428398
|move|p2a: Dragonite|Tera Blast|p1a: Gliscor|[anim] Tera Blast Flying
|-end|p1a: Gliscor|Substitute
|move|p1a: Gliscor|Substitute|p1a: Gliscor
|-start|p1a: Gliscor|Substitute
|-damage|p1a: Gliscor|8/100 tox
|
|-heal|p2a: Dragonite|100/100|[from] item: Leftovers
|-heal|p1a: Gliscor|21/100 tox|[from] ability: Poison Heal
|upkeep
|turn|31
|
|t:|1769428406
|move|p2a: Dragonite|Earthquake|p1a: Gliscor
|-immune|p1a: Gliscor
|move|p1a: Gliscor|Earthquake|p2a: Dragonite
|-immune|p2a: Dragonite
|
|-heal|p1a: Gliscor|33/100 tox|[from] ability: Poison Heal
|upkeep
|turn|32
|
|t:|1769428416
|move|p1a: Gliscor|Protect|p1a: Gliscor
|-singleturn|p1a: Gliscor|Protect
|move|p2a: Dragonite|Tera Blast|p1a: Gliscor|[anim] Tera Blast Flying
|-activate|p1a: Gliscor|move: Protect
|
|-heal|p1a: Gliscor|46/100 tox|[from] ability: Poison Heal
|upkeep
|turn|33
|
|t:|1769428428
|move|p2a: Dragonite|Dragon Dance|p2a: Dragonite
|-boost|p2a: Dragonite|atk|1
|-boost|p2a: Dragonite|spe|1
|move|p1a: Gliscor|Substitute|p1a: Gliscor
|-fail|p1a: Gliscor|move: Substitute
|
|-heal|p1a: Gliscor|58/100 tox|[from] ability: Poison Heal
|upkeep
|turn|34
|
|t:|1769428432
|move|p2a: Dragonite|Dragon Dance|p2a: Dragonite
|-boost|p2a: Dragonite|atk|1
|-boost|p2a: Dragonite|spe|1
|move|p1a: Gliscor|Earthquake|p2a: Dragonite
|-immune|p2a: Dragonite
|
|-heal|p1a: Gliscor|71/100 tox|[from] ability: Poison Heal
|upkeep
|turn|35
|
|t:|1769428456
|move|p2a: Dragonite|Dragon Dance|p2a: Dragonite
|-boost|p2a: Dragonite|atk|1
|-boost|p2a: Dragonite|spe|1
|move|p1a: Gliscor|Toxic|p2a: Dragonite|[miss]
|-miss|p1a: Gliscor|p2a: Dragonite
|
|-heal|p1a: Gliscor|83/100 tox|[from] ability: Poison Heal
|upkeep
|turn|36
|
|t:|1769428466
|move|p2a: Dragonite|Dragon Dance|p2a: Dragonite
|-boost|p2a: Dragonite|atk|1
|-boost|p2a: Dragonite|spe|1
|move|p1a: Gliscor|Substitute|p1a: Gliscor
|-fail|p1a: Gliscor|move: Substitute
|
|-heal|p1a: Gliscor|95/100 tox|[from] ability: Poison Heal
|upkeep
|turn|37
|
|t:|1769428478
|move|p2a: Dragonite|Dragon Dance|p2a: Dragonite
|-boost|p2a: Dragonite|atk|0
|-boost|p2a: Dragonite|spe|0
|move|p1a: Gliscor|Toxic||[still]
|-fail|p1a: Gliscor
|
|-heal|p1a: Gliscor|100/100 tox|[from] ability: Poison Heal
|upkeep
|turn|38
|
|t:|1769428486
|move|p2a: Dragonite|Dragon Dance|p2a: Dragonite
|-boost|p2a: Dragonite|atk|0
|-boost|p2a: Dragonite|spe|0
|move|p1a: Gliscor|Substitute|p1a: Gliscor
|-fail|p1a: Gliscor|move: Substitute
|
|upkeep
|turn|39
|
|t:|1769428493
|move|p1a: Gliscor|Protect|p1a: Gliscor
|-singleturn|p1a: Gliscor|Protect
|move|p2a: Dragonite|Dragon Dance|p2a: Dragonite
|-boost|p2a: Dragonite|atk|0
|-boost|p2a: Dragonite|spe|0
|
|upkeep
|turn|40
|
|t:|1769428502
|move|p2a: Dragonite|Dragon Dance|p2a: Dragonite
|-boost|p2a: Dragonite|atk|0
|-boost|p2a: Dragonite|spe|0
|move|p1a: Gliscor|Earthquake|p2a: Dragonite
|-immune|p2a: Dragonite
|
|upkeep
|turn|41
|
|t:|1769428509
|move|p2a: Dragonite|Dragon Dance|p2a: Dragonite
|-boost|p2a: Dragonite|atk|0
|-boost|p2a: Dragonite|spe|0
|move|p1a: Gliscor|Toxic||[still]
|-fail|p1a: Gliscor
|
|upkeep
|turn|42
|
|t:|1769428516
|move|p2a: Dragonite|Dragon Dance|p2a: Dragonite
|-boost|p2a: Dragonite|atk|0
|-boost|p2a: Dragonite|spe|0
|move|p1a: Gliscor|Toxic||[still]
|-fail|p1a: Gliscor
|
|upkeep
|turn|43
|
|t:|1769428538
|move|p1a: Gliscor|Protect|p1a: Gliscor
|-singleturn|p1a: Gliscor|Protect
|move|p2a: Dragonite|Dragon Dance|p2a: Dragonite
|-boost|p2a: Dragonite|atk|0
|-boost|p2a: Dragonite|spe|0
|
|upkeep
|turn|44
|
|t:|1769428548
|move|p1a: Gliscor|Protect|p1a: Gliscor
|-singleturn|p1a: Gliscor|Protect
|move|p2a: Dragonite|Dragon Dance|p2a: Dragonite
|-boost|p2a: Dragonite|atk|0
|-boost|p2a: Dragonite|spe|0
|
|upkeep
|turn|45
|
|t:|1769428558
|move|p2a: Dragonite|Dragon Dance|p2a: Dragonite
|-boost|p2a: Dragonite|atk|0
|-boost|p2a: Dragonite|spe|0
|move|p1a: Gliscor|Earthquake|p2a: Dragonite
|-immune|p2a: Dragonite
|
|upkeep
|turn|46
|
|t:|1769428568
|move|p2a: Dragonite|Dragon Dance|p2a: Dragonite
|-boost|p2a: Dragonite|atk|0
|-boost|p2a: Dragonite|spe|0
|move|p1a: Gliscor|Toxic||[still]
|-fail|p1a: Gliscor
|
|upkeep
|turn|47
|
|t:|1769428578
|move|p2a: Dragonite|Dragon Dance|p2a: Dragonite
|-boost|p2a: Dragonite|atk|0
|-boost|p2a: Dragonite|spe|0
|move|p1a: Gliscor|Toxic||[still]
|-fail|p1a: Gliscor
|
|upkeep
|turn|48
|
|t:|1769428588
|move|p2a: Dragonite|Dragon Dance|p2a: Dragonite
|-boost|p2a: Dragonite|atk|0
|-boost|p2a: Dragonite|spe|0
|move|p1a: Gliscor|Toxic||[still]
|-fail|p1a: Gliscor
|
|upkeep
|turn|49
|
|t:|1769428598
|move|p2a: Dragonite|Dragon Dance|p2a: Dragonite
|-boost|p2a: Dragonite|atk|0
|-boost|p2a: Dragonite|spe|0
|move|p1a: Gliscor|Earthquake|p2a: Dragonite
|-immune|p2a: Dragonite
|
|upkeep
|turn|50
|
|t:|1769428608
|move|p2a: Dragonite|Dragon Dance|p2a: Dragonite
|-boost|p2a: Dragonite|atk|0
|-boost|p2a: Dragonite|spe|0
|move|p1a: Gliscor|Earthquake|p2a: Dragonite
|-immune|p2a: Dragonite
|
|upkeep
|turn|51
|
|t:|1769428618
|move|p2a: Dragonite|Dragon Dance|p2a: Dragonite
|-boost|p2a: Dragonite|atk|0
|-boost|p2a: Dragonite|spe|0
|move|p1a: Gliscor|Earthquake|p2a: Dragonite
|-immune|p2a: Dragonite
|
|upkeep
|turn|52
|
|t:|1769428634
|move|p2a: Dragonite|Earthquake|p1a: Gliscor
|-immune|p1a: Gliscor
|move|p1a: Gliscor|Earthquake|p2a: Dragonite
|-immune|p2a: Dragonite
|
|upkeep
|turn|53
|
|t:|1769428647
|move|p2a: Dragonite|Earthquake|p1a: Gliscor
|-immune|p1a: Gliscor
|move|p1a: Gliscor|Earthquake|p2a: Dragonite
|-immune|p2a: Dragonite
|
|upkeep
|turn|54
|
|t:|1769428660
|move|p2a: Dragonite|Earthquake|p1a: Gliscor
|-immune|p1a: Gliscor
|move|p1a: Gliscor|Earthquake|p2a: Dragonite
|-immune|p2a: Dragonite
|
|upkeep
|turn|55
|
|t:|1769428673
|move|p2a: Dragonite|Earthquake|p1a: Gliscor
|-immune|p1a: Gliscor
|move|p1a: Gliscor|Substitute|p1a: Gliscor
|-fail|p1a: Gliscor|move: Substitute
|
|upkeep
|turn|56
|-message|nakgy forfeited.
|
|win|Socrarchaludon
|raw|nakgy's rating: 1209 &rarr; <strong>1181</strong><br />(-28 for losing)
|raw|Socrarchaludon's rating: 1163 &rarr; <strong>1191</strong><br />(+28 for winning)
|l|☆nakgy
|player|p1|
