|j|☆Aeybees
|j|☆sidethe_pro_2
|t:|1769366203
|gametype|singles
|player|p1|Aeybees|2|1102
|player|p2|sidethe_pro_2|hooligans|1145
|gen|9
|tier|[Gen 9] OU
|rated|
|rule|HP Percentage Mod: HP is shown in percentages
|rule|Endless Battle Clause: Forcing endless battles is banned
|rule|Species Clause: Limit one of each Pokémon
|rule|OHKO Clause: OHKO moves are banned
|rule|Evasion Items Clause: Evasion items are banned
|rule|Evasion Moves Clause: Evasion moves are banned
|rule|Evasion Abilities Clause: Evasion abilities are banned
|rule|Sleep Moves Clause: Sleep-inducing moves are banned
|clearpoke
|poke|p1|Toxapex, F|
|poke|p1|Tinkaton, F|
|poke|p1|Gliscor, M|
|poke|p1|Gholdengo|
|poke|p1|Iron Moth|
|poke|p1|Corviknight, F|
|poke|p2|Honchkrow, M|
|poke|p2|Ogerpon, F|
|poke|p2|Araquanid, F|
|poke|p2|Chandelure, M|
|poke|p2|Glastrier|
|poke|p2|Glimmora, M|
|teampreview
|inactive|Battle timer is ON: inactive players will automatically lose when time's up. (requested by Aeybees)
|
|t:|1769366216
|teamsize|p1|6
|teamsize|p2|6
|start
|switch|p1a: Corviknight|Corviknight, F|100/100
|switch|p2a: Sir Lure|Chandelure, M|100/100
|-ability|p1a: Corviknight|Pressure
|turn|1
|
|t:|1769366225
|move|p2a: Sir Lure|Flamethrower|p1a: Corviknight
|-supereffective|p1a: Corviknight
|-damage|p1a: Corviknight|0 fnt
|faint|p1a: Corviknight
|
|upkeep
|
|t:|1769366237
|switch|p1a: Toxapex|Toxapex, F|100/100
|turn|2
|
|t:|1769366247
|switch|p2a: Duke Payload|Glimmora, M|100/100
|move|p1a: Toxapex|Toxic|p2a: Duke Payload
|-immune|p2a: Duke Payload
|
|upkeep
|turn|3
|
|t:|1769366257
|move|p2a: Duke Payload|Stealth Rock|p1a: Toxapex
|-sidestart|p1: Aeybees|move: Stealth Rock
|move|p1a: Toxapex|Liquidation|p2a: Duke Payload
|-supereffective|p2a: Duke Payload
|-damage|p2a: Duke Payload|63/100
|-unboost|p2a: Duke Payload|def|1
|-activate|p2a: Duke Payload|ability: Toxic Debris
|-sidestart|p1: Aeybees|move: Toxic Spikes
|-enditem|p2a: Duke Payload|Red Card|[of] p1a: Toxapex
|drag|p1a: Gholdengo|Gholdengo|100/100
|
|upkeep
|turn|4
|
|t:|1769366274
|switch|p2a: Sir Lure|Chandelure, M|100/100
|move|p1a: Gholdengo|Nasty Plot|p1a: Gholdengo
|-boost|p1a: Gholdengo|spa|2
|
|upkeep
|turn|5
|
|t:|1769366296
|switch|p1a: Toxapex|Toxapex, F|100/100
|-damage|p1a: Toxapex|88/100|[from] Stealth Rock
|-sideend|p1: Aeybees|move: Toxic Spikes|[of] p1a: Toxapex
|move|p2a: Sir Lure|Flamethrower|p1a: Toxapex
|-resisted|p1a: Toxapex
|-damage|p1a: Toxapex|69/100
|
|-heal|p1a: Toxapex|75/100|[from] item: Leftovers
|upkeep
|turn|6
|
|t:|1769366321
|switch|p2a: Royal Steed|Glastrier|100/100
|move|p1a: Toxapex|Liquidation|p2a: Royal Steed
|-damage|p2a: Royal Steed|86/100
|-unboost|p2a: Royal Steed|def|1
|
|-heal|p1a: Toxapex|81/100|[from] item: Leftovers
|-heal|p2a: Royal Steed|93/100|[from] item: Leftovers
|upkeep
|turn|7
|
|t:|1769366341
|move|p1a: Toxapex|Toxic|p2a: Royal Steed
|-status|p2a: Royal Steed|tox
|move|p2a: Royal Steed|High Horsepower|p1a: Toxapex
|-supereffective|p1a: Toxapex
|-damage|p1a: Toxapex|29/100
|
|-heal|p1a: Toxapex|35/100|[from] item: Leftovers
|-heal|p2a: Royal Steed|99/100 tox|[from] item: Leftovers
|-damage|p2a: Royal Steed|93/100 tox|[from] psn
|upkeep
|turn|8
|
|t:|1769366355
|move|p1a: Toxapex|Recover|p1a: Toxapex
|-heal|p1a: Toxapex|85/100
|move|p2a: Royal Steed|Icicle Crash|p1a: Toxapex
|-resisted|p1a: Toxapex
|-damage|p1a: Toxapex|69/100
|
|-heal|p1a: Toxapex|75/100|[from] item: Leftovers
|-heal|p2a: Royal Steed|99/100 tox|[from] item: Leftovers
|-damage|p2a: Royal Steed|86/100 tox|[from] psn
|upkeep
|turn|9
|
|t:|1769366365
|switch|p2a: Duke Payload|Glimmora, M|63/100
|move|p1a: Toxapex|Liquidation|p2a: Duke Payload
|-supereffective|p2a: Duke Payload
|-damage|p2a: Duke Payload|27/100
|-unboost|p2a: Duke Payload|def|1
|-activate|p2a: Duke Payload|ability: Toxic Debris
|-sidestart|p1: Aeybees|move: Toxic Spikes
|
|-heal|p1a: Toxapex|81/100|[from] item: Leftovers
|upkeep
|turn|10
|
|t:|1769366375
|move|p2a: Duke Payload|Earth Power|p1a: Toxapex
|-supereffective|p1a: Toxapex
|-damage|p1a: Toxapex|40/100
|move|p1a: Toxapex|Liquidation|p2a: Duke Payload
|-supereffective|p2a: Duke Payload
|-damage|p2a: Duke Payload|0 fnt
|-activate|p2a: Duke Payload|ability: Toxic Debris
|-sidestart|p1: Aeybees|move: Toxic Spikes
|faint|p2a: Duke Payload
|
|-heal|p1a: Toxapex|46/100|[from] item: Leftovers
|upkeep
|
|t:|1769366382
|switch|p2a: Royal Jester|Ogerpon, F|100/100
|turn|11
|
|t:|1769366397
|switch|p1a: Gholdengo|Gholdengo|100/100
|move|p2a: Royal Jester|Ivy Cudgel|p1a: Gholdengo
|-resisted|p1a: Gholdengo
|-damage|p1a: Gholdengo|70/100
|
|upkeep
|turn|12
|
|t:|1769366423
|-terastallize|p2a: Royal Jester|Grass
|detailschange|p2a: Royal Jester|Ogerpon-Teal-Tera, F, tera:Grass
|-ability|p2a: Royal Jester|Embody Aspect (Teal)|boost
|-boost|p2a: Royal Jester|spe|1
|move|p2a: Royal Jester|Ivy Cudgel|p1a: Gholdengo
|-resisted|p1a: Gholdengo
|-crit|p1a: Gholdengo
|-damage|p1a: Gholdengo|7/100
|move|p1a: Gholdengo|Nasty Plot|p1a: Gholdengo
|-boost|p1a: Gholdengo|spa|2
|
|upkeep
|turn|13
|
|t:|1769366442
|switch|p1a: Iron Moth|Iron Moth|100/100
|-damage|p1a: Iron Moth|76/100|[from] Stealth Rock
|-sideend|p1: Aeybees|move: Toxic Spikes|[of] p1a: Iron Moth
|-enditem|p1a: Iron Moth|Booster Energy
|-activate|p1a: Iron Moth|ability: Quark Drive|[fromitem]
|-start|p1a: Iron Moth|quarkdrivespe
|move|p2a: Royal Jester|Ivy Cudgel|p1a: Iron Moth
|-resisted|p1a: Iron Moth
|-damage|p1a: Iron Moth|40/100
|
|upkeep
|turn|14
|
|t:|1769366455
|switch|p2a: Queen Stickup|Araquanid, F|100/100
|move|p1a: Iron Moth|Fiery Dance|p2a: Queen Stickup
|-damage|p2a: Queen Stickup|90/100
|
|upkeep
|turn|15
|
|t:|1769366472
|move|p1a: Iron Moth|U-turn|p2a: Queen Stickup
|-damage|p2a: Queen Stickup|75/100
|
|t:|1769366477
|-end|p1a: Iron Moth|Quark Drive|[silent]
|switch|p1a: Toxapex|Toxapex, F|80/100|[from] U-turn
|-damage|p1a: Toxapex|67/100|[from] Stealth Rock
|move|p2a: Queen Stickup|Surf|p1a: Toxapex
|-resisted|p1a: Toxapex
|-damage|p1a: Toxapex|47/100
|
|-heal|p1a: Toxapex|53/100|[from] item: Leftovers
|upkeep
|turn|16
|
|t:|1769366489
|switch|p2a: Royal Jester|Ogerpon-Teal-Tera, F, tera:Grass|100/100
|-ability|p2a: Royal Jester|Embody Aspect (Teal)|boost
|-boost|p2a: Royal Jester|spe|1
|move|p1a: Toxapex|Toxic|p2a: Royal Jester
|-status|p2a: Royal Jester|tox
|
|-heal|p1a: Toxapex|59/100|[from] item: Leftovers
|-damage|p2a: Royal Jester|95/100 tox|[from] psn
|upkeep
|turn|17
|
|t:|1769366502
|switch|p1a: Tinkaton|Tinkaton, F|100/100
|-damage|p1a: Tinkaton|94/100|[from] Stealth Rock
|move|p2a: Royal Jester|Ivy Cudgel|p1a: Tinkaton
|-resisted|p1a: Tinkaton
|-damage|p1a: Tinkaton|49/100
|
|-heal|p1a: Tinkaton|55/100|[from] item: Leftovers
|-damage|p2a: Royal Jester|83/100 tox|[from] psn
|upkeep
|turn|18
|
|t:|1769366519
|move|p2a: Royal Jester|Ivy Cudgel|p1a: Tinkaton
|-resisted|p1a: Tinkaton
|-damage|p1a: Tinkaton|6/100
|move|p1a: Tinkaton|Gigaton Hammer|p2a: Royal Jester
|-damage|p2a: Royal Jester|24/100 tox
|
|-heal|p1a: Tinkaton|12/100|[from] item: Leftovers
|-damage|p2a: Royal Jester|6/100 tox|[from] psn
|upkeep
|turn|19
|inactive|sidethe_pro_2 has 120 seconds left.
|
|t:|1769366558
|switch|p1a: Gliscor|Gliscor, M|100/100
|-damage|p1a: Gliscor|88/100|[from] Stealth Rock
|move|p2a: Royal Jester|Ivy Cudgel|p1a: Gliscor
|-damage|p1a: Gliscor|3/100
|
|-damage|p2a: Royal Jester|0 fnt|[from] psn
|faint|p2a: Royal Jester
|detailschange|p2: Royal Jester|Ogerpon, F|[silent]
|-status|p1a: Gliscor|tox|[from] item: Toxic Orb
|upkeep
|
|t:|1769366570
|switch|p2a: Sir Lure|Chandelure, M|100/100
|turn|20
|
|t:|1769366574
|move|p1a: Gliscor|Protect|p1a: Gliscor
|-singleturn|p1a: Gliscor|Protect
|move|p2a: Sir Lure|Flamethrower|p1a: Gliscor
|-activate|p1a: Gliscor|move: Protect
|
|-heal|p1a: Gliscor|15/100 tox|[from] ability: Poison Heal
|upkeep
|turn|21
|
|t:|1769366584
|switch|p1a: Toxapex|Toxapex, F|92/100
|-damage|p1a: Toxapex|80/100|[from] Stealth Rock
|move|p2a: Sir Lure|Flamethrower|p1a: Toxapex
|-resisted|p1a: Toxapex
|-damage|p1a: Toxapex|62/100
|
|-heal|p1a: Toxapex|67/100|[from] item: Leftovers
|upkeep
|turn|22
|
|t:|1769366601
|switch|p2a: Queen Stickup|Araquanid, F|75/100
|move|p1a: Toxapex|Toxic|p2a: Queen Stickup
|-status|p2a: Queen Stickup|tox
|
|-heal|p1a: Toxapex|73/100|[from] item: Leftovers
|-damage|p2a: Queen Stickup|69/100 tox|[from] psn
|upkeep
|turn|23
|
|t:|1769366610
|switch|p2a: Royal Steed|Glastrier|86/100 tox
|move|p1a: Toxapex|Recover|p1a: Toxapex
|-heal|p1a: Toxapex|100/100
|
|-heal|p2a: Royal Steed|93/100 tox|[from] item: Leftovers
|-damage|p2a: Royal Steed|86/100 tox|[from] psn
|upkeep
|turn|24
|
|t:|1769366623
|move|p1a: Toxapex|Liquidation|p2a: Royal Steed
|-damage|p2a: Royal Steed|73/100 tox
|move|p2a: Royal Steed|High Horsepower|p1a: Toxapex
|-supereffective|p1a: Toxapex
|-damage|p1a: Toxapex|52/100
|
|-heal|p1a: Toxapex|58/100|[from] item: Leftovers
|-heal|p2a: Royal Steed|79/100 tox|[from] item: Leftovers
|-damage|p2a: Royal Steed|67/100 tox|[from] psn
|upkeep
|turn|25
|
|t:|1769366631
|move|p1a: Toxapex|Recover|p1a: Toxapex
|-heal|p1a: Toxapex|100/100
|move|p2a: Royal Steed|High Horsepower|p1a: Toxapex
|-supereffective|p1a: Toxapex
|-damage|p1a: Toxapex|52/100
|
|-heal|p1a: Toxapex|58/100|[from] item: Leftovers
|-heal|p2a: Royal Steed|73/100 tox|[from] item: Leftovers
|-damage|p2a: Royal Steed|54/100 tox|[from] psn
|upkeep
|turn|26
|
|t:|1769366643
|switch|p2a: King Krow|Honchkrow, M|100/100
|move|p1a: Toxapex|Liquidation|p2a: King Krow
|-damage|p2a: King Krow|71/100
|-unboost|p2a: King Krow|def|1
|
|-heal|p1a: Toxapex|64/100|[from] item: Leftovers
|upkeep
|turn|27
|
|t:|1769366668
|move|p2a: King Krow|Night Slash|p1a: Toxapex
|-crit|p1a: Toxapex
|-damage|p1a: Toxapex|25/100
|move|p1a: Toxapex|Toxic|p2a: King Krow
|-status|p2a: King Krow|tox
|
|-heal|p1a: Toxapex|31/100|[from] item: Leftovers
|-damage|p2a: King Krow|65/100 tox|[from] psn
|upkeep
|turn|28
|
|t:|1769366682
|-terastallize|p1a: Toxapex|Dark
|move|p2a: King Krow|Night Slash|p1a: Toxapex
|-resisted|p1a: Toxapex
|-crit|p1a: Toxapex
|-damage|p1a: Toxapex|13/100
|move|p1a: Toxapex|Recover|p1a: Toxapex
|-heal|p1a: Toxapex|63/100
|
|-heal|p1a: Toxapex|69/100|[from] item: Leftovers
|-damage|p2a: King Krow|53/100 tox|[from] psn
|upkeep
|turn|29
|inactive|sidethe_pro_2 has 120 seconds left.
|
|t:|1769366712
|move|p2a: King Krow|Acrobatics|p1a: Toxapex
|-damage|p1a: Toxapex|32/100
|move|p1a: Toxapex|Liquidation|p2a: King Krow
|-damage|p2a: King Krow|1/100 tox
|
|-heal|p1a: Toxapex|38/100|[from] item: Leftovers
|-damage|p2a: King Krow|0 fnt|[from] psn
|faint|p2a: King Krow
|upkeep
|
|t:|1769366721
|switch|p2a: Sir Lure|Chandelure, M|100/100
|turn|30
|inactive|sidethe_pro_2 has 120 seconds left.
|
|t:|1769366734
|switch|p1a: Iron Moth|Iron Moth|40/100
|-damage|p1a: Iron Moth|15/100|[from] Stealth Rock
|move|p2a: Sir Lure|Overheat|p1a: Iron Moth
|-resisted|p1a: Iron Moth
|-damage|p1a: Iron Moth|0 fnt
|-unboost|p2a: Sir Lure|spa|2
|faint|p1a: Iron Moth
|-end|p1a: Iron Moth|Quark Drive|[silent]
|
|upkeep
|
|t:|1769366745
|switch|p1a: Toxapex|Toxapex, F, tera:Dark|71/100
|-damage|p1a: Toxapex|59/100|[from] Stealth Rock
|turn|31
|
|t:|1769366750
|switch|p2a: Queen Stickup|Araquanid, F|69/100 tox
|move|p1a: Toxapex|Liquidation|p2a: Queen Stickup
|-resisted|p2a: Queen Stickup
|-damage|p2a: Queen Stickup|55/100 tox
|
|-heal|p1a: Toxapex|65/100|[from] item: Leftovers
|-damage|p2a: Queen Stickup|49/100 tox|[from] psn
|upkeep
|turn|32
|
|t:|1769366760
|move|p2a: Queen Stickup|Surf|p1a: Toxapex
|-damage|p1a: Toxapex|21/100
|move|p1a: Toxapex|Recover|p1a: Toxapex
|-heal|p1a: Toxapex|71/100
|
|-heal|p1a: Toxapex|77/100|[from] item: Leftovers
|-damage|p2a: Queen Stickup|36/100 tox|[from] psn
|upkeep
|turn|33
|
|t:|1769366773
|move|p2a: Queen Stickup|Surf|p1a: Toxapex
|-damage|p1a: Toxapex|37/100
|move|p1a: Toxapex|Recover|p1a: Toxapex
|-heal|p1a: Toxapex|88/100
|
|-heal|p1a: Toxapex|94/100|[from] item: Leftovers
|-damage|p2a: Queen Stickup|18/100 tox|[from] psn
|upkeep
|turn|34
|
|t:|1769366781
|move|p2a: Queen Stickup|Surf|p1a: Toxapex
|-damage|p1a: Toxapex|48/100
|move|p1a: Toxapex|Liquidation|p2a: Queen Stickup
|-resisted|p2a: Queen Stickup
|-damage|p2a: Queen Stickup|5/100 tox
|
|-heal|p1a: Toxapex|54/100|[from] item: Leftovers
|-damage|p2a: Queen Stickup|0 fnt|[from] psn
|faint|p2a: Queen Stickup
|upkeep
|
|t:|1769366793
|switch|p2a: Royal Steed|Glastrier|54/100 tox
|turn|35
|
|t:|1769366800
|move|p1a: Toxapex|Recover|p1a: Toxapex
|-heal|p1a: Toxapex|100/100
|move|p2a: Royal Steed|Icicle Crash|p1a: Toxapex
|-damage|p1a: Toxapex|65/100
|
|-heal|p1a: Toxapex|71/100|[from] item: Leftovers
|-heal|p2a: Royal Steed|61/100 tox|[from] item: Leftovers
|-damage|p2a: Royal Steed|54/100 tox|[from] psn
|upkeep
|turn|36
|
|t:|1769366810
|move|p1a: Toxapex|Liquidation|p2a: Royal Steed
|-damage|p2a: Royal Steed|40/100 tox
|move|p2a: Royal Steed|Icicle Crash|p1a: Toxapex
|-damage|p1a: Toxapex|34/100
|
|-heal|p1a: Toxapex|40/100|[from] item: Leftovers
|-heal|p2a: Royal Steed|46/100 tox|[from] item: Leftovers
|-damage|p2a: Royal Steed|33/100 tox|[from] psn
|upkeep
|turn|37
|
|t:|1769366825
|move|p1a: Toxapex|Recover|p1a: Toxapex
|-heal|p1a: Toxapex|90/100
|move|p2a: Royal Steed|Icicle Crash|p1a: Toxapex
|-damage|p1a: Toxapex|56/100
|
|-heal|p1a: Toxapex|62/100|[from] item: Leftovers
|-heal|p2a: Royal Steed|40/100 tox|[from] item: Leftovers
|-damage|p2a: Royal Steed|21/100 tox|[from] psn
|upkeep
|turn|38
|
|t:|1769366844
|move|p1a: Toxapex|Liquidation|p2a: Royal Steed
|-damage|p2a: Royal Steed|7/100 tox
|move|p2a: Royal Steed|Icicle Crash|p1a: Toxapex
|-damage|p1a: Toxapex|28/100
|
|-heal|p1a: Toxapex|34/100|[from] item: Leftovers
|-heal|p2a: Royal Steed|14/100 tox|[from] item: Leftovers
|-damage|p2a: Royal Steed|0 fnt|[from] psn
|faint|p2a: Royal Steed
|upkeep
|
|t:|1769366850
|switch|p2a: Sir Lure|Chandelure, M|100/100
|turn|39
|
|t:|1769366860
|move|p2a: Sir Lure|Flamethrower|p1a: Toxapex
|-damage|p1a: Toxapex|0 fnt
|faint|p1a: Toxapex
|
|upkeep
|c|☆sidethe_pro_2|gg
|
|t:|1769366867
|switch|p1a: Gliscor|Gliscor, M|15/100 tox
|-damage|p1a: Gliscor|3/100 tox|[from] Stealth Rock
|turn|40
|
|t:|1769366870
|move|p1a: Gliscor|Protect|p1a: Gliscor
|-singleturn|p1a: Gliscor|Protect
|move|p2a: Sir Lure|Flamethrower|p1a: Gliscor
|-activate|p1a: Gliscor|move: Protect
|
|-heal|p1a: Gliscor|15/100 tox|[from] ability: Poison Heal
|upkeep
|turn|41
|
|t:|1769366889
|move|p2a: Sir Lure|Flamethrower|p1a: Gliscor
|-damage|p1a: Gliscor|0 fnt
|faint|p1a: Gliscor
|
|upkeep
|
|t:|1769366897
|switch|p1a: Gholdengo|Gholdengo|7/100
|turn|42
|
|t:|1769366901
|move|p2a: Sir Lure|Flamethrower|p1a: Gholdengo
|-supereffective|p1a: Gholdengo
|-damage|p1a: Gholdengo|0 fnt
|faint|p1a: Gholdengo
|
|upkeep
|c|☆sidethe_pro_2|wait???
|c|☆Aeybees|gg
|c|☆sidethe_pro_2|NO WAY
|c|☆sidethe_pro_2|WAIT
|
|t:|1769366914
|switch|p1a: Tinkaton|Tinkaton, F|12/100
|-damage|p1a: Tinkaton|6/100|[from] Stealth Rock
|turn|43
|c|☆sidethe_pro_2|PLEASE CHANDELURE I NEED THIS
|
|t:|1769366926
|move|p2a: Sir Lure|Flamethrower|p1a: Tinkaton
|-supereffective|p1a: Tinkaton
|-damage|p1a: Tinkaton|0 fnt
|faint|p1a: Tinkaton
|
|win|sidethe_pro_2
|raw|Aeybees's rating: 1102 &rarr; <strong>1080</strong><br />(-22 for losing)
|raw|sidethe_pro_2's rating: 1145 &rarr; <strong>1167</strong><br />(+22 for winning)
|c|☆sidethe_pro_2|HOLY
|c|☆Aeybees|wow
|c|☆sidethe_pro_2|W CHANDELURE
|c|☆Aeybees|tbh I held on for longer than ithought
|l|☆Aeybees
|player|p1|
