|j|☆Unscripted testing
|j|☆NeoNaruto✈️_✈️
|t:|1769390552
|gametype|singles
|player|p1|Unscripted testing|caitlin-masters|1604
|player|p2|NeoNaruto✈️_✈️|medium|1627
|gen|9
|tier|[Gen 9] OU
|rated|
|rule|HP Percentage Mod: HP is shown in percentages
|rule|Endless Battle Clause: Forcing endless battles is banned
|rule|Species Clause: Limit one of each Pokémon
|rule|OHKO Clause: OHKO moves are banned
|rule|Evasion Items Clause: Evasion items are banned
|rule|Evasion Moves Clause: Evasion moves are banned
|rule|Evasion Abilities Clause: Evasion abilities are banned
|rule|Sleep Moves Clause: Sleep-inducing moves are banned
|clearpoke
|poke|p1|Tinkaton, F|
|poke|p1|Ogerpon, F|
|poke|p1|Great Tusk|
|poke|p1|Pecharunt|
|poke|p1|Alomomola, M|
|poke|p1|Hydreigon, M|
|poke|p2|Tyranitar, F|
|poke|p2|Iron Moth|
|poke|p2|Staraptor, M|
|poke|p2|Garchomp, M|
|poke|p2|Torkoal, M|
|poke|p2|Dragonite, M|
|teampreview
|inactive|Battle timer is ON: inactive players will automatically lose when time's up. (requested by NeoNaruto✈️_✈️)
|inactive|Unscripted testing has 120 seconds left.
|
|t:|1769390588
|teamsize|p1|6
|teamsize|p2|6
|start
|switch|p1a: Smile.exe|Tinkaton, F, shiny|100/100
|switch|p2a: VODECi IV|Iron Moth|100/100
|-item|p1a: Smile.exe|Air Balloon
|turn|1
|
|t:|1769390593
|switch|p1a: Pisces|Alomomola, M, shiny|100/100
|move|p2a: VODECi IV|Energy Ball|p1a: Pisces
|-supereffective|p1a: Pisces
|-damage|p1a: Pisces|44/100
|
|upkeep
|turn|2
|
|t:|1769390596
|switch|p1a: Overseer|Pecharunt|100/100
|move|p2a: VODECi IV|Energy Ball|p1a: Overseer
|-resisted|p1a: Overseer
|-damage|p1a: Overseer|74/100
|
|upkeep
|turn|3
|
|t:|1769390599
|move|p2a: VODECi IV|Energy Ball|p1a: Overseer
|-resisted|p1a: Overseer
|-damage|p1a: Overseer|49/100
|-unboost|p1a: Overseer|spd|1
|move|p1a: Overseer|Recover|p1a: Overseer
|-heal|p1a: Overseer|99/100
|
|upkeep
|turn|4
|
|t:|1769390601
|move|p2a: VODECi IV|Energy Ball|p1a: Overseer
|-resisted|p1a: Overseer
|-damage|p1a: Overseer|58/100
|move|p1a: Overseer|Parting Shot|p2a: VODECi IV
|-unboost|p2a: VODECi IV|atk|1
|-unboost|p2a: VODECi IV|spa|1
|
|t:|1769390603
|switch|p1a: Pisces|Alomomola, M, shiny|77/100|[from] Parting Shot
|
|upkeep
|turn|5
|
|t:|1769390608
|-end|p2a: VODECi IV|Quark Drive|[silent]
|switch|p2a: BLITZ SOME OPPS|Garchomp, M|100/100
|move|p1a: Pisces|Flip Turn|p2a: BLITZ SOME OPPS
|-damage|p2a: BLITZ SOME OPPS|91/100
|-damage|p1a: Pisces|65/100|[from] ability: Rough Skin|[of] p2a: BLITZ SOME OPPS
|-damage|p1a: Pisces|49/100|[from] item: Rocky Helmet|[of] p2a: BLITZ SOME OPPS
|
|t:|1769390611
|switch|p1a: Smile.exe|Tinkaton, F, shiny|100/100|[from] Flip Turn
|-item|p1a: Smile.exe|Air Balloon
|
|upkeep
|turn|6
|
|t:|1769390614
|switch|p2a: VODECi IV|Iron Moth|100/100
|move|p1a: Smile.exe|Stealth Rock|p2a: VODECi IV
|-sidestart|p2: NeoNaruto✈️_✈️|move: Stealth Rock
|
|upkeep
|turn|7
|
|t:|1769390617
|switch|p1a: Pisces|Alomomola, M, shiny|82/100
|move|p2a: VODECi IV|Energy Ball|p1a: Pisces
|-supereffective|p1a: Pisces
|-crit|p1a: Pisces
|-damage|p1a: Pisces|3/100
|
|upkeep
|turn|8
|
|t:|1769390620
|move|p1a: Pisces|Aqua Jet|p2a: VODECi IV
|-supereffective|p2a: VODECi IV
|-damage|p2a: VODECi IV|65/100
|move|p2a: VODECi IV|Energy Ball|p1a: Pisces
|-supereffective|p1a: Pisces
|-damage|p1a: Pisces|0 fnt
|faint|p1a: Pisces
|
|upkeep
|
|t:|1769390621
|switch|p1a: Hybrid|Hydreigon, M, shiny|100/100
|turn|9
|
|t:|1769390623
|-end|p2a: VODECi IV|Quark Drive|[silent]
|switch|p2a: DA LAST REX(3005)|Tyranitar, F|100/100
|-damage|p2a: DA LAST REX(3005)|88/100|[from] Stealth Rock
|-weather|Sandstorm|[from] ability: Sand Stream|[of] p2a: DA LAST REX(3005)
|move|p1a: Hybrid|Draco Meteor|p2a: DA LAST REX(3005)
|-damage|p2a: DA LAST REX(3005)|60/100
|-unboost|p1a: Hybrid|spa|2
|
|-weather|Sandstorm|[upkeep]
|-damage|p1a: Hybrid|94/100|[from] Sandstorm
|upkeep
|turn|10
|
|t:|1769390628
|switch|p1a: Behemoth|Great Tusk, shiny|100/100
|switch|p2a: BLITZ SOME OPPS|Garchomp, M|91/100
|-damage|p2a: BLITZ SOME OPPS|85/100|[from] Stealth Rock
|
|-weather|Sandstorm|[upkeep]
|upkeep
|turn|11
|
|t:|1769390631
|move|p1a: Behemoth|Ice Spinner|p2a: BLITZ SOME OPPS
|-supereffective|p2a: BLITZ SOME OPPS
|-damage|p2a: BLITZ SOME OPPS|18/100
|-damage|p1a: Behemoth|88/100|[from] ability: Rough Skin|[of] p2a: BLITZ SOME OPPS
|-damage|p1a: Behemoth|72/100|[from] item: Rocky Helmet|[of] p2a: BLITZ SOME OPPS
|move|p2a: BLITZ SOME OPPS|Breaking Swipe|p1a: Behemoth
|-damage|p1a: Behemoth|52/100
|-unboost|p1a: Behemoth|atk|1
|
|-weather|Sandstorm|[upkeep]
|upkeep
|turn|12
|
|t:|1769390644
|-terastallize|p2a: BLITZ SOME OPPS|Ghost
|move|p1a: Behemoth|Ice Spinner|p2a: BLITZ SOME OPPS
|-damage|p2a: BLITZ SOME OPPS|6/100
|-damage|p1a: Behemoth|40/100|[from] ability: Rough Skin|[of] p2a: BLITZ SOME OPPS
|-damage|p1a: Behemoth|23/100|[from] item: Rocky Helmet|[of] p2a: BLITZ SOME OPPS
|move|p2a: BLITZ SOME OPPS|Rest|p2a: BLITZ SOME OPPS
|-status|p2a: BLITZ SOME OPPS|slp|[from] move: Rest
|-heal|p2a: BLITZ SOME OPPS|100/100 slp|[silent]
|
|-weather|Sandstorm|[upkeep]
|-damage|p2a: BLITZ SOME OPPS|94/100 slp|[from] Sandstorm
|upkeep
|turn|13
|
|t:|1769390650
|-end|p1a: Behemoth|Protosynthesis|[silent]
|switch|p1a: Hybrid|Hydreigon, M, shiny|94/100
|cant|p2a: BLITZ SOME OPPS|slp
|
|-weather|none
|upkeep
|turn|14
|
|t:|1769390653
|switch|p2a: DA LAST REX(3005)|Tyranitar, F|60/100
|-damage|p2a: DA LAST REX(3005)|48/100|[from] Stealth Rock
|-weather|Sandstorm|[from] ability: Sand Stream|[of] p2a: DA LAST REX(3005)
|move|p1a: Hybrid|Dark Pulse|p2a: DA LAST REX(3005)
|-resisted|p2a: DA LAST REX(3005)
|-damage|p2a: DA LAST REX(3005)|40/100
|
|-weather|Sandstorm|[upkeep]
|-damage|p1a: Hybrid|88/100|[from] Sandstorm
|upkeep
|turn|15
|
|t:|1769390657
|switch|p1a: Behemoth|Great Tusk, shiny|23/100
|move|p2a: DA LAST REX(3005)|Knock Off|p1a: Behemoth
|-resisted|p1a: Behemoth
|-damage|p1a: Behemoth|8/100
|-enditem|p1a: Behemoth|Heavy-Duty Boots|[from] move: Knock Off|[of] p2a: DA LAST REX(3005)
|
|-weather|Sandstorm|[upkeep]
|upkeep
|turn|16
|
|t:|1769390662
|switch|p2a: BLITZ SOME OPPS|Garchomp, M, tera:Ghost|94/100 slp
|-damage|p2a: BLITZ SOME OPPS|82/100 slp|[from] Stealth Rock
|move|p1a: Behemoth|Headlong Rush|p2a: BLITZ SOME OPPS
|-damage|p2a: BLITZ SOME OPPS|47/100 slp
|-unboost|p1a: Behemoth|def|1
|-unboost|p1a: Behemoth|spd|1
|-damage|p1a: Behemoth|0 fnt|[from] ability: Rough Skin|[of] p2a: BLITZ SOME OPPS
|faint|p1a: Behemoth
|-end|p1a: Behemoth|Protosynthesis|[silent]
|
|-weather|Sandstorm|[upkeep]
|-damage|p2a: BLITZ SOME OPPS|40/100 slp|[from] Sandstorm
|upkeep
|
|t:|1769390664
|switch|p1a: Hybrid|Hydreigon, M, shiny|88/100
|turn|17
|
|t:|1769390667
|switch|p2a: DA LAST REX(3005)|Tyranitar, F|40/100
|-damage|p2a: DA LAST REX(3005)|27/100|[from] Stealth Rock
|move|p1a: Hybrid|Earth Power|p2a: DA LAST REX(3005)
|-supereffective|p2a: DA LAST REX(3005)
|-damage|p2a: DA LAST REX(3005)|1/100
|
|-weather|Sandstorm|[upkeep]
|-damage|p1a: Hybrid|82/100|[from] Sandstorm
|upkeep
|turn|18
|
|t:|1769390672
|switch|p2a: BIRD JESUS|Staraptor, M, shiny|100/100
|-damage|p2a: BIRD JESUS|75/100|[from] Stealth Rock
|move|p1a: Hybrid|Earth Power|p2a: BIRD JESUS
|-immune|p2a: BIRD JESUS
|
|-weather|none
|upkeep
|turn|19
|
|t:|1769390677
|switch|p1a: Overseer|Pecharunt|58/100
|switch|p2a: VODECi IV|Iron Moth|65/100
|-damage|p2a: VODECi IV|40/100|[from] Stealth Rock
|
|upkeep
|turn|20
|
|t:|1769390679
|move|p2a: VODECi IV|Overheat|p1a: Overseer
|-damage|p1a: Overseer|0 fnt
|-unboost|p2a: VODECi IV|spa|2
|faint|p1a: Overseer
|
|upkeep
|
|t:|1769390681
|switch|p1a: Hybrid|Hydreigon, M, shiny|82/100
|turn|21
|
|t:|1769390683
|-end|p2a: VODECi IV|Quark Drive|[silent]
|switch|p2a: DA LAST REX(3005)|Tyranitar, F|1/100
|-damage|p2a: DA LAST REX(3005)|0 fnt|[from] Stealth Rock
|faint|p2a: DA LAST REX(3005)
|move|p1a: Hybrid|Dark Pulse|p2: DA LAST REX(3005)|[notarget]
|-fail|p1a: Hybrid
|
|upkeep
|
|t:|1769390688
|switch|p2a: FAT CHARIZARD|Dragonite, M, shiny|100/100
|turn|22
|
|t:|1769390696
|switch|p1a: Smile.exe|Tinkaton, F, shiny|100/100
|-item|p1a: Smile.exe|Air Balloon
|switch|p2a: BLITZ SOME OPPS|Garchomp, M, tera:Ghost|40/100 slp
|-damage|p2a: BLITZ SOME OPPS|28/100 slp|[from] Stealth Rock
|
|upkeep
|turn|23
|
|t:|1769390698
|move|p1a: Smile.exe|Gigaton Hammer|p2a: BLITZ SOME OPPS
|-damage|p2a: BLITZ SOME OPPS|0 fnt
|faint|p2a: BLITZ SOME OPPS
|
|upkeep
|
|t:|1769390700
|switch|p2a: VODECi IV|Iron Moth|40/100
|-damage|p2a: VODECi IV|15/100|[from] Stealth Rock
|turn|24
|
|t:|1769390703
|move|p2a: VODECi IV|Overheat|p1a: Smile.exe
|-supereffective|p1a: Smile.exe
|-damage|p1a: Smile.exe|0 fnt
|-unboost|p2a: VODECi IV|spa|2
|-enditem|p1a: Smile.exe|Air Balloon
|faint|p1a: Smile.exe
|
|upkeep
|
|t:|1769390704
|switch|p1a: Hybrid|Hydreigon, M, shiny|82/100
|turn|25
|
|t:|1769390705
|move|p1a: Hybrid|Dark Pulse|p2a: VODECi IV
|-damage|p2a: VODECi IV|0 fnt
|faint|p2a: VODECi IV
|-end|p2a: VODECi IV|Quark Drive|[silent]
|
|upkeep
|
|t:|1769390714
|switch|p2a: BIRD JESUS|Staraptor, M, shiny|75/100
|-damage|p2a: BIRD JESUS|50/100|[from] Stealth Rock
|turn|26
|inactive|Unscripted testing has 120 seconds left.
|
|t:|1769390746
|move|p1a: Hybrid|Dark Pulse|p2a: BIRD JESUS
|-damage|p2a: BIRD JESUS|0 fnt
|faint|p2a: BIRD JESUS
|
|upkeep
|
|t:|1769390750
|switch|p2a: FAT CHARIZARD|Dragonite, M, shiny|100/100
|turn|27
|j| lewis280
|
|t:|1769390753
|move|p1a: Hybrid|Dark Pulse|p2a: FAT CHARIZARD
|-damage|p2a: FAT CHARIZARD|70/100
|move|p2a: FAT CHARIZARD|Dragon Dance|p2a: FAT CHARIZARD
|-boost|p2a: FAT CHARIZARD|atk|1
|-boost|p2a: FAT CHARIZARD|spe|1
|
|upkeep
|turn|28
|
|t:|1769390758
|move|p2a: FAT CHARIZARD|Dragon Dance|p2a: FAT CHARIZARD
|-boost|p2a: FAT CHARIZARD|atk|1
|-boost|p2a: FAT CHARIZARD|spe|1
|move|p1a: Hybrid|Dark Pulse|p2a: FAT CHARIZARD
|-damage|p2a: FAT CHARIZARD|1/100
|
|upkeep
|turn|29
|
|t:|1769390762
|move|p2a: FAT CHARIZARD|Fire Punch|p1a: Hybrid
|-resisted|p1a: Hybrid
|-damage|p1a: Hybrid|47/100
|move|p1a: Hybrid|Dark Pulse|p2a: FAT CHARIZARD
|-damage|p2a: FAT CHARIZARD|0 fnt
|faint|p2a: FAT CHARIZARD
|
|upkeep
|
|t:|1769390764
|switch|p2a: OVO CHUBBS|Torkoal, M|100/100
|-weather|SunnyDay|[from] ability: Drought|[of] p2a: OVO CHUBBS
|turn|30
|
|t:|1769390766
|move|p1a: Hybrid|Dark Pulse|p2a: OVO CHUBBS
|-damage|p2a: OVO CHUBBS|23/100
|cant|p2a: OVO CHUBBS|flinch
|
|-weather|SunnyDay|[upkeep]
|upkeep
|turn|31
|
|t:|1769390771
|move|p1a: Hybrid|Dark Pulse|p2a: OVO CHUBBS
|-damage|p2a: OVO CHUBBS|0 fnt
|faint|p2a: OVO CHUBBS
|
|win|Unscripted testing
|raw|Unscripted testing's rating: 1604 &rarr; <strong>1625</strong><br />(+21 for winning)
|raw|NeoNaruto✈️_✈️'s rating: 1627 &rarr; <strong>1606</strong><br />(-21 for losing)
|l|☆NeoNaruto✈️_✈️
|player|p2|
|l|☆Unscripted testing
|player|p1|
