|j|‽Wingxer
|j|☆ashyboyalola
|t:|1769419583
|gametype|singles
|player|p1|Wingxer|102|1177
|player|p2|ashyboyalola|265|1221
|gen|9
|tier|[Gen 9] OU
|rated|
|rule|HP Percentage Mod: HP is shown in percentages
|rule|Endless Battle Clause: Forcing endless battles is banned
|rule|Species Clause: Limit one of each Pokémon
|rule|OHKO Clause: OHKO moves are banned
|rule|Evasion Items Clause: Evasion items are banned
|rule|Evasion Moves Clause: Evasion moves are banned
|rule|Evasion Abilities Clause: Evasion abilities are banned
|rule|Sleep Moves Clause: Sleep-inducing moves are banned
|clearpoke
|poke|p1|Dragapult, M|
|poke|p1|Pecharunt|
|poke|p1|Great Tusk|
|poke|p1|Kingambit, M|
|poke|p1|Meowscarada, M|
|poke|p1|Moltres|
|poke|p2|Enamorus, F|
|poke|p2|Dragonite, F|
|poke|p2|Latios, M|
|poke|p2|Rotom-Wash|
|poke|p2|Cryogonal|
|poke|p2|Arcanine-Hisui, F|
|teampreview
|inactive|Battle timer is ON: inactive players will automatically lose when time's up. (requested by Wingxer)
|
|t:|1769419614
|teamsize|p1|6
|teamsize|p2|6
|start
|switch|p1a: Great Tusk|Great Tusk|100/100
|switch|p2a: washing machine|Rotom-Wash|100/100
|turn|1
|
|t:|1769419621
|move|p1a: Great Tusk|Stealth Rock|p2a: washing machine
|-sidestart|p2: ashyboyalola|move: Stealth Rock
|move|p2a: washing machine|Hydro Pump|p1a: Great Tusk
|-supereffective|p1a: Great Tusk
|-damage|p1a: Great Tusk|0 fnt
|faint|p1a: Great Tusk
|-end|p1a: Great Tusk|Protosynthesis|[silent]
|
|upkeep
|
|t:|1769419627
|switch|p1a: Pecharunt|Pecharunt|100/100
|turn|2
|
|t:|1769419636
|move|p2a: washing machine|Shadow Ball|p1a: Pecharunt
|-supereffective|p1a: Pecharunt
|-damage|p1a: Pecharunt|50/100
|move|p1a: Pecharunt|Malignant Chain|p2a: washing machine
|-damage|p2a: washing machine|73/100
|-status|p2a: washing machine|tox
|-start|p2a: washing machine|confusion|[from] ability: Poison Puppeteer|[of] p1a: Pecharunt
|
|-damage|p2a: washing machine|66/100 tox|[from] psn
|upkeep
|turn|3
|
|t:|1769419647
|-activate|p2a: washing machine|confusion
|move|p2a: washing machine|Shadow Ball|p1a: Pecharunt
|-supereffective|p1a: Pecharunt
|-damage|p1a: Pecharunt|3/100
|move|p1a: Pecharunt|Recover|p1a: Pecharunt
|-heal|p1a: Pecharunt|53/100
|
|-damage|p2a: washing machine|54/100 tox|[from] psn
|upkeep
|turn|4
|
|t:|1769419657
|-end|p2a: washing machine|confusion
|move|p2a: washing machine|Hydro Pump|p1a: Pecharunt
|-damage|p1a: Pecharunt|0 fnt
|faint|p1a: Pecharunt
|
|-damage|p2a: washing machine|35/100 tox|[from] psn
|upkeep
|
|t:|1769419663
|switch|p1a: Meowscarada|Meowscarada, M|100/100
|turn|5
|
|t:|1769419671
|move|p1a: Meowscarada|Knock Off|p2a: washing machine
|-start|p1a: Meowscarada|typechange|Dark|[from] ability: Protean
|-damage|p2a: washing machine|0 fnt
|-enditem|p2a: washing machine|Assault Vest|[from] move: Knock Off|[of] p1a: Meowscarada
|faint|p2a: washing machine
|
|upkeep
|inactive|ashyboyalola has 120 seconds left.
|
|t:|1769419702
|switch|p2a: mean cloud|Enamorus, F|100/100
|-damage|p2a: mean cloud|76/100|[from] Stealth Rock
|turn|6
|inactive|ashyboyalola has 120 seconds left.
|inactive|Wingxer has 120 seconds left.
|
|t:|1769419733
|switch|p1a: Moltres|Moltres|100/100
|-terastallize|p2a: mean cloud|Steel
|move|p2a: mean cloud|Superpower|p1a: Moltres
|-resisted|p1a: Moltres
|-damage|p1a: Moltres|83/100
|-boost|p2a: mean cloud|atk|1
|-boost|p2a: mean cloud|def|1
|-status|p2a: mean cloud|brn|[from] ability: Flame Body|[of] p1a: Moltres
|
|-heal|p2a: mean cloud|82/100 brn|[from] item: Leftovers
|-damage|p2a: mean cloud|76/100 brn|[from] brn
|upkeep
|turn|7
|inactive|ashyboyalola has 120 seconds left.
|
|t:|1769419765
|switch|p2a: blue rocket|Latios, M|100/100
|-damage|p2a: blue rocket|88/100|[from] Stealth Rock
|move|p1a: Moltres|U-turn|p2a: blue rocket
|-supereffective|p2a: blue rocket
|-damage|p2a: blue rocket|46/100
|
|t:|1769419772
|switch|p1a: Meowscarada|Meowscarada, M|100/100|[from] U-turn
|
|upkeep
|turn|8
|
|t:|1769419776
|move|p1a: Meowscarada|U-turn|p2a: blue rocket
|-start|p1a: Meowscarada|typechange|Bug|[from] ability: Protean
|-supereffective|p2a: blue rocket
|-damage|p2a: blue rocket|0 fnt
|faint|p2a: blue rocket
|
|t:|1769419782
|switch|p1a: Moltres|Moltres|83/100|[from] U-turn
|
|upkeep
|
|t:|1769419786
|switch|p2a: hexice|Cryogonal|100/100
|-damage|p2a: hexice|76/100|[from] Stealth Rock
|turn|9
|
|t:|1769419793
|move|p2a: hexice|Rapid Spin|p1a: Moltres
|-damage|p1a: Moltres|77/100
|-boost|p2a: hexice|spe|1
|-sideend|p2: ashyboyalola|Stealth Rock|[from] move: Rapid Spin|[of] p2a: hexice
|move|p1a: Moltres|Fire Blast|p2a: hexice
|-supereffective|p2a: hexice
|-damage|p2a: hexice|32/100
|
|upkeep
|turn|10
|
|t:|1769419801
|move|p2a: hexice|Freeze-Dry|p1a: Moltres
|-damage|p1a: Moltres|61/100
|move|p1a: Moltres|Fire Blast|p2a: hexice
|-supereffective|p2a: hexice
|-damage|p2a: hexice|0 fnt
|faint|p2a: hexice
|
|upkeep
|
|t:|1769419812
|switch|p2a: thick dragoon|Dragonite, F|100/100
|turn|11
|
|t:|1769419815
|move|p2a: thick dragoon|Dragon Dance|p2a: thick dragoon
|-boost|p2a: thick dragoon|atk|1
|-boost|p2a: thick dragoon|spe|1
|move|p1a: Moltres|Will-O-Wisp|p2a: thick dragoon
|-status|p2a: thick dragoon|brn
|
|-damage|p2a: thick dragoon|94/100 brn|[from] brn
|upkeep
|turn|12
|
|t:|1769419823
|move|p2a: thick dragoon|Dragon Dance|p2a: thick dragoon
|-boost|p2a: thick dragoon|atk|1
|-boost|p2a: thick dragoon|spe|1
|move|p1a: Moltres|U-turn|p2a: thick dragoon
|-resisted|p2a: thick dragoon
|-damage|p2a: thick dragoon|86/100 brn
|
|t:|1769419829
|switch|p1a: Dragapult|Dragapult, M|100/100|[from] U-turn
|
|-damage|p2a: thick dragoon|80/100 brn|[from] brn
|upkeep
|turn|13
|
|t:|1769419834
|move|p2a: thick dragoon|Ice Spinner|p1a: Dragapult
|-supereffective|p1a: Dragapult
|-damage|p1a: Dragapult|22/100
|move|p1a: Dragapult|Draco Meteor|p2a: thick dragoon
|-supereffective|p2a: thick dragoon
|-damage|p2a: thick dragoon|0 fnt
|-unboost|p1a: Dragapult|spa|2
|faint|p2a: thick dragoon
|-damage|p1a: Dragapult|12/100|[from] item: Life Orb
|
|upkeep
|
|t:|1769419848
|switch|p2a: mean cloud|Enamorus, F, tera:Steel|76/100 brn
|turn|14
|
|t:|1769419855
|move|p1a: Dragapult|U-turn|p2a: mean cloud
|-resisted|p2a: mean cloud
|-damage|p2a: mean cloud|58/100 brn
|-damage|p1a: Dragapult|2/100|[from] item: Life Orb
|
|t:|1769419857
|switch|p1a: Moltres|Moltres|61/100|[from] U-turn
|move|p2a: mean cloud|Play Rough|p1a: Moltres
|-resisted|p1a: Moltres
|-damage|p1a: Moltres|51/100
|-unboost|p1a: Moltres|atk|1
|
|-heal|p2a: mean cloud|64/100 brn|[from] item: Leftovers
|-damage|p2a: mean cloud|58/100 brn|[from] brn
|upkeep
|turn|15
|
|t:|1769419871
|move|p2a: mean cloud|Superpower|p1a: Moltres
|-resisted|p1a: Moltres
|-damage|p1a: Moltres|43/100
|-boost|p2a: mean cloud|atk|1
|-boost|p2a: mean cloud|def|1
|move|p1a: Moltres|Roost|p1a: Moltres
|-heal|p1a: Moltres|93/100
|-singleturn|p1a: Moltres|move: Roost
|
|-heal|p2a: mean cloud|64/100 brn|[from] item: Leftovers
|-damage|p2a: mean cloud|58/100 brn|[from] brn
|upkeep
|turn|16
|
|t:|1769419881
|move|p2a: mean cloud|Superpower|p1a: Moltres
|-resisted|p1a: Moltres
|-damage|p1a: Moltres|80/100
|-boost|p2a: mean cloud|atk|1
|-boost|p2a: mean cloud|def|1
|move|p1a: Moltres|Fire Blast|p2a: mean cloud|[miss]
|-miss|p1a: Moltres|p2a: mean cloud
|
|-heal|p2a: mean cloud|64/100 brn|[from] item: Leftovers
|-damage|p2a: mean cloud|58/100 brn|[from] brn
|upkeep
|turn|17
|inactive|Wingxer has 120 seconds left.
|inactive|Wingxer has 90 seconds left.
|-message|ashyboyalola forfeited.
|
|win|Wingxer
|raw|Wingxer's rating: 1177 &rarr; <strong>1205</strong><br />(+28 for winning)
|raw|ashyboyalola's rating: 1221 &rarr; <strong>1193</strong><br />(-28 for losing)
|l|☆ashyboyalola
|player|p2|
|l|‽Wingxer
|player|p1|
