|j|☆LaportaPotty
|j|☆SussyMeatballer
|t:|1769305498
|gametype|singles
|player|p1|LaportaPotty|169|1338
|player|p2|SussyMeatballer|pokefan-gen4|1331
|gen|9
|tier|[Gen 9] OU
|rated|
|rule|HP Percentage Mod: HP is shown in percentages
|rule|Endless Battle Clause: Forcing endless battles is banned
|rule|Species Clause: Limit one of each Pokémon
|rule|OHKO Clause: OHKO moves are banned
|rule|Evasion Items Clause: Evasion items are banned
|rule|Evasion Moves Clause: Evasion moves are banned
|rule|Evasion Abilities Clause: Evasion abilities are banned
|rule|Sleep Moves Clause: Sleep-inducing moves are banned
|clearpoke
|poke|p1|Okidogi, M|
|poke|p1|Dragonite, F|
|poke|p1|Hatterene, F|
|poke|p1|Sinistcha|
|poke|p1|Landorus-Therian, M|
|poke|p1|Zapdos|
|poke|p2|Dragonite, F|
|poke|p2|Clefable, F|
|poke|p2|Blastoise, M|
|poke|p2|Pikachu, M|
|poke|p2|Gengar, M|
|poke|p2|Arcanine, F|
|teampreview
|inactive|Battle timer is ON: inactive players will automatically lose when time's up. (requested by SussyMeatballer)
|
|t:|1769305518
|teamsize|p1|6
|teamsize|p2|6
|start
|switch|p1a: Landorus|Landorus-Therian, M|100/100
|switch|p2a: Gotta Have It|Pikachu, M|100/100
|-ability|p1a: Landorus|Intimidate|boost
|-unboost|p2a: Gotta Have It|atk|1
|turn|1
|
|t:|1769305528
|move|p1a: Landorus|U-turn|p2a: Gotta Have It
|-damage|p2a: Gotta Have It|9/100
|
|t:|1769305532
|switch|p1a: Zapdos|Zapdos|100/100|[from] U-turn
|move|p2a: Gotta Have It|Surf|p1a: Zapdos
|-damage|p1a: Zapdos|75/100
|
|upkeep
|turn|2
|
|t:|1769305559
|move|p2a: Gotta Have It|Volt Tackle|p1a: Zapdos
|-damage|p1a: Zapdos|42/100
|-damage|p2a: Gotta Have It|0 fnt|[from] Recoil
|faint|p2a: Gotta Have It
|move|p1a: Zapdos|Volt Switch|p2: Gotta Have It|[notarget]
|-fail|p1a: Zapdos
|
|upkeep
|inactive|SussyMeatballer has 120 seconds left.
|
|t:|1769305570
|switch|p2a: Wispy Woods|Gengar, M|100/100
|turn|3
|
|t:|1769305586
|switch|p1a: Hatterene|Hatterene, F|100/100
|move|p2a: Wispy Woods|Shadow Ball|p1a: Hatterene
|-supereffective|p1a: Hatterene
|-damage|p1a: Hatterene|16/100
|
|upkeep
|turn|4
|
|t:|1769305593
|move|p2a: Wispy Woods|Shadow Ball|p1a: Hatterene
|-supereffective|p1a: Hatterene
|-damage|p1a: Hatterene|0 fnt
|faint|p1a: Hatterene
|
|upkeep
|
|t:|1769305596
|switch|p1a: Landorus|Landorus-Therian, M|100/100
|-ability|p1a: Landorus|Intimidate|boost
|-unboost|p2a: Wispy Woods|atk|1
|turn|5
|
|t:|1769305604
|switch|p2a: Dragoon|Dragonite, F|100/100
|move|p1a: Landorus|Earthquake|p2a: Dragoon
|-immune|p2a: Dragoon
|
|upkeep
|turn|6
|
|t:|1769305614
|switch|p1a: Okidogi|Okidogi, M|100/100
|move|p2a: Dragoon|Outrage|p1a: Okidogi
|-damage|p1a: Okidogi|25/100
|
|upkeep
|turn|7
|
|t:|1769305620
|switch|p1a: Zapdos|Zapdos|42/100
|move|p2a: Dragoon|Outrage|p1a: Zapdos|[from] lockedmove
|-damage|p1a: Zapdos|0 fnt
|faint|p1a: Zapdos
|-start|p2a: Dragoon|confusion|[fatigue]
|
|upkeep
|
|t:|1769305631
|switch|p1a: Dragonite|Dragonite, F|100/100
|turn|8
|
|t:|1769305644
|-terastallize|p1a: Dragonite|Normal
|-activate|p2a: Dragoon|confusion
|move|p2a: Dragoon|Outrage|p1a: Dragonite
|-damage|p1a: Dragonite|48/100
|move|p1a: Dragonite|Dragon Dance|p1a: Dragonite
|-boost|p1a: Dragonite|atk|1
|-boost|p1a: Dragonite|spe|1
|
|upkeep
|turn|9
|
|t:|1769305654
|move|p1a: Dragonite|Ice Spinner|p2a: Dragoon
|-supereffective|p2a: Dragoon
|-damage|p2a: Dragoon|0 fnt
|faint|p2a: Dragoon
|
|upkeep
|
|t:|1769305663
|switch|p2a: Wispy Woods|Gengar, M|100/100
|turn|10
|
|t:|1769305667
|move|p2a: Wispy Woods|Focus Blast|p1a: Dragonite
|-supereffective|p1a: Dragonite
|-damage|p1a: Dragonite|0 fnt
|faint|p1a: Dragonite
|
|upkeep
|
|t:|1769305682
|switch|p1a: Sinistcha|Sinistcha|100/100
|turn|11
|
|t:|1769305697
|switch|p2a: Star Baby|Clefable, F|100/100
|move|p1a: Sinistcha|Scald|p2a: Star Baby
|-damage|p2a: Star Baby|85/100
|-status|p2a: Star Baby|brn
|
|-damage|p2a: Star Baby|79/100 brn|[from] brn
|upkeep
|turn|12
|
|t:|1769305706
|move|p1a: Sinistcha|Calm Mind|p1a: Sinistcha
|-boost|p1a: Sinistcha|spa|1
|-boost|p1a: Sinistcha|spd|1
|move|p2a: Star Baby|Stealth Rock|p1a: Sinistcha
|-sidestart|p1: LaportaPotty|move: Stealth Rock
|
|-damage|p2a: Star Baby|73/100 brn|[from] brn
|upkeep
|turn|13
|
|t:|1769305714
|move|p1a: Sinistcha|Shadow Ball|p2a: Star Baby
|-damage|p2a: Star Baby|51/100 brn
|-unboost|p2a: Star Baby|spd|1
|move|p2a: Star Baby|Thunder Wave|p1a: Sinistcha
|-status|p1a: Sinistcha|par
|
|-damage|p2a: Star Baby|45/100 brn|[from] brn
|upkeep
|turn|14
|
|t:|1769305725
|move|p2a: Star Baby|Knock Off|p1a: Sinistcha
|-supereffective|p1a: Sinistcha
|-damage|p1a: Sinistcha|90/100 par
|-enditem|p1a: Sinistcha|Leftovers|[from] move: Knock Off|[of] p2a: Star Baby
|cant|p1a: Sinistcha|par
|
|-damage|p2a: Star Baby|39/100 brn|[from] brn
|upkeep
|turn|15
|
|t:|1769305733
|move|p2a: Star Baby|Knock Off|p1a: Sinistcha
|-supereffective|p1a: Sinistcha
|-damage|p1a: Sinistcha|81/100 par
|cant|p1a: Sinistcha|par
|
|-damage|p2a: Star Baby|33/100 brn|[from] brn
|upkeep
|turn|16
|
|t:|1769305739
|move|p2a: Star Baby|Knock Off|p1a: Sinistcha
|-supereffective|p1a: Sinistcha
|-damage|p1a: Sinistcha|72/100 par
|move|p1a: Sinistcha|Shadow Ball|p2a: Star Baby
|-damage|p2a: Star Baby|3/100 brn
|
|-damage|p2a: Star Baby|0 fnt|[from] brn
|faint|p2a: Star Baby
|upkeep
|
|t:|1769305747
|switch|p2a: Hero Arc|Arcanine, F|100/100
|turn|17
|
|t:|1769305753
|move|p2a: Hero Arc|Flare Blitz|p1a: Sinistcha
|-supereffective|p1a: Sinistcha
|-damage|p1a: Sinistcha|20/100 par
|-damage|p2a: Hero Arc|82/100|[from] Recoil
|-damage|p2a: Hero Arc|72/100|[from] item: Life Orb
|cant|p1a: Sinistcha|par
|
|upkeep
|turn|18
|
|t:|1769305760
|move|p2a: Hero Arc|Flare Blitz|p1a: Sinistcha
|-supereffective|p1a: Sinistcha
|-damage|p1a: Sinistcha|0 fnt
|faint|p1a: Sinistcha
|-damage|p2a: Hero Arc|65/100|[from] Recoil
|-damage|p2a: Hero Arc|55/100|[from] item: Life Orb
|
|upkeep
|
|t:|1769305762
|switch|p1a: Landorus|Landorus-Therian, M|100/100
|-damage|p1a: Landorus|88/100|[from] Stealth Rock
|-ability|p1a: Landorus|Intimidate|boost
|-unboost|p2a: Hero Arc|atk|1
|turn|19
|
|t:|1769305774
|move|p2a: Hero Arc|Extreme Speed|p1a: Landorus
|-damage|p1a: Landorus|64/100
|-damage|p2a: Hero Arc|45/100|[from] item: Life Orb
|move|p1a: Landorus|Earthquake|p2a: Hero Arc
|-supereffective|p2a: Hero Arc
|-damage|p2a: Hero Arc|0 fnt
|faint|p2a: Hero Arc
|
|upkeep
|
|t:|1769305787
|switch|p2a: Turtle|Blastoise, M|100/100
|turn|20
|
|t:|1769305791
|-terastallize|p2a: Turtle|Grass
|move|p1a: Landorus|Earthquake|p2a: Turtle
|-resisted|p2a: Turtle
|-damage|p2a: Turtle|67/100
|move|p2a: Turtle|Shell Smash|p2a: Turtle
|-unboost|p2a: Turtle|def|1
|-unboost|p2a: Turtle|spd|1
|-boost|p2a: Turtle|atk|2
|-boost|p2a: Turtle|spa|2
|-boost|p2a: Turtle|spe|2
|-enditem|p2a: Turtle|White Herb
|-clearnegativeboost|p2a: Turtle|[silent]
|
|upkeep
|turn|21
|-message|LaportaPotty forfeited.
|
|win|SussyMeatballer
|raw|LaportaPotty's rating: 1338 &rarr; <strong>1318</strong><br />(-20 for losing)
|raw|SussyMeatballer's rating: 1331 &rarr; <strong>1351</strong><br />(+20 for winning)
|l|☆LaportaPotty
|player|p1|
|l|☆SussyMeatballer
|player|p2|
