|j|☆ikun ngm
|j|☆its called
|t:|1769392109
|gametype|singles
|player|p1|ikun ngm|swimmer-gen4|1248
|player|p2|its called|blue|1252
|gen|9
|tier|[Gen 9] OU
|rated|
|rule|HP Percentage Mod: HP is shown in percentages
|rule|Endless Battle Clause: Forcing endless battles is banned
|rule|Species Clause: Limit one of each Pokémon
|rule|OHKO Clause: OHKO moves are banned
|rule|Evasion Items Clause: Evasion items are banned
|rule|Evasion Moves Clause: Evasion moves are banned
|rule|Evasion Abilities Clause: Evasion abilities are banned
|rule|Sleep Moves Clause: Sleep-inducing moves are banned
|clearpoke
|poke|p1|Staraptor, F|
|poke|p1|Gholdengo|
|poke|p1|Zapdos-Galar|
|poke|p1|Articuno-Galar|
|poke|p1|Moltres-Galar|
|poke|p1|Ribombee, F|
|poke|p2|Alomomola, M|
|poke|p2|Blissey, F|
|poke|p2|Clodsire, F|
|poke|p2|Gliscor, F|
|poke|p2|Dondozo, F|
|poke|p2|Muk, F|
|teampreview
|inactive|Battle timer is ON: inactive players will automatically lose when time's up. (requested by its called)
|
|t:|1769392124
|teamsize|p1|6
|teamsize|p2|6
|start
|switch|p1a: Articuno|Articuno-Galar|100/100
|switch|p2a: Gliscor|Gliscor, F|100/100
|turn|1
|
|t:|1769392128
|switch|p1a: Gholdengo|Gholdengo|100/100
|move|p2a: Gliscor|Protect||[still]
|-fail|p2a: Gliscor
|
|-status|p2a: Gliscor|tox|[from] item: Toxic Orb
|upkeep
|turn|2
|
|t:|1769392138
|switch|p1a: Ribombee|Ribombee, F|100/100
|switch|p2a: Muk|Muk, F|100/100
|
|upkeep
|turn|3
|
|t:|1769392148
|move|p1a: Ribombee|Stun Spore|p2a: Muk|[miss]
|-miss|p1a: Ribombee|p2a: Muk
|move|p2a: Muk|Poison Jab|p1a: Ribombee
|-supereffective|p1a: Ribombee
|-enditem|p1a: Ribombee|Focus Sash
|-damage|p1a: Ribombee|1/100
|
|upkeep
|turn|4
|
|t:|1769392156
|switch|p2a: Gliscor|Gliscor, F|100/100 tox
|move|p1a: Ribombee|Stun Spore|p2a: Gliscor|[miss]
|-miss|p1a: Ribombee|p2a: Gliscor
|
|upkeep
|turn|5
|
|t:|1769392159
|move|p1a: Ribombee|Skill Swap|p2a: Gliscor
|-activate|p1a: Ribombee|move: Skill Swap|Poison Heal|Shield Dust|[of] p2a: Gliscor
|move|p2a: Gliscor|Knock Off|p1a: Ribombee
|-resisted|p1a: Ribombee
|-damage|p1a: Ribombee|0 fnt
|faint|p1a: Ribombee
|
|-damage|p2a: Gliscor|88/100 tox|[from] psn
|upkeep
|
|t:|1769392169
|switch|p1a: Staraptor|Staraptor, F|100/100
|turn|6
|
|t:|1769392176
|switch|p2a: Alomomola|Alomomola, M|100/100
|move|p1a: Staraptor|Brave Bird|p2a: Alomomola
|-damage|p2a: Alomomola|44/100
|-damage|p1a: Staraptor|68/100|[from] Recoil
|
|upkeep
|turn|7
|
|t:|1769392188
|-terastallize|p2a: Alomomola|Steel
|move|p1a: Staraptor|Brave Bird|p2a: Alomomola
|-resisted|p2a: Alomomola
|-damage|p2a: Alomomola|14/100
|-damage|p1a: Staraptor|52/100|[from] Recoil
|move|p2a: Alomomola|Wish|p2a: Alomomola
|
|upkeep
|turn|8
|
|t:|1769392216
|switch|p1a: Articuno|Articuno-Galar|100/100
|move|p2a: Alomomola|Protect||[still]
|-fail|p2a: Alomomola
|
|-heal|p2a: Alomomola|64/100|[from] move: Wish|[wisher] Alomomola
|upkeep
|turn|9
|
|t:|1769392222
|switch|p2a: Blissey|Blissey, F|100/100
|move|p1a: Articuno|Calm Mind|p1a: Articuno
|-boost|p1a: Articuno|spa|1
|-boost|p1a: Articuno|spd|1
|
|upkeep
|turn|10
|
|t:|1769392231
|move|p1a: Articuno|Calm Mind|p1a: Articuno
|-boost|p1a: Articuno|spa|1
|-boost|p1a: Articuno|spd|1
|move|p2a: Blissey|Stealth Rock|p1a: Articuno
|-sidestart|p1: ikun ngm|move: Stealth Rock
|
|upkeep
|turn|11
|
|t:|1769392236
|switch|p2a: Clodsire|Clodsire, F|100/100
|move|p1a: Articuno|Calm Mind|p1a: Articuno
|-boost|p1a: Articuno|spa|1
|-boost|p1a: Articuno|spd|1
|
|upkeep
|turn|12
|
|t:|1769392241
|move|p1a: Articuno|Stored Power|p2a: Clodsire
|-supereffective|p2a: Clodsire
|-damage|p2a: Clodsire|28/100
|move|p2a: Clodsire|Toxic|p1a: Articuno
|-status|p1a: Articuno|tox
|
|-damage|p1a: Articuno|94/100 tox|[from] psn
|upkeep
|turn|13
|
|t:|1769392250
|move|p1a: Articuno|Stored Power|p2a: Clodsire
|-supereffective|p2a: Clodsire
|-damage|p2a: Clodsire|0 fnt
|faint|p2a: Clodsire
|
|-damage|p1a: Articuno|82/100 tox|[from] psn
|upkeep
|
|t:|1769392251
|switch|p2a: Blissey|Blissey, F|100/100
|turn|14
|
|t:|1769392254
|move|p2a: Blissey|Protect|p2a: Blissey
|-singleturn|p2a: Blissey|Protect
|move|p1a: Articuno|Stored Power|p2a: Blissey
|-activate|p2a: Blissey|move: Protect
|
|-damage|p1a: Articuno|63/100 tox|[from] psn
|upkeep
|turn|15
|
|t:|1769392258
|move|p1a: Articuno|Stored Power|p2a: Blissey
|-damage|p2a: Blissey|50/100
|move|p2a: Blissey|Soft-Boiled|p2a: Blissey
|-heal|p2a: Blissey|99/100
|
|-damage|p1a: Articuno|39/100 tox|[from] psn
|upkeep
|turn|16
|
|t:|1769392268
|move|p1a: Articuno|Calm Mind|p1a: Articuno
|-boost|p1a: Articuno|spa|1
|-boost|p1a: Articuno|spd|1
|move|p2a: Blissey|Seismic Toss|p1a: Articuno
|-damage|p1a: Articuno|9/100 tox
|
|-damage|p1a: Articuno|0 fnt|[from] psn
|faint|p1a: Articuno
|upkeep
|
|t:|1769392277
|switch|p1a: Staraptor|Staraptor, F|52/100
|-damage|p1a: Staraptor|27/100|[from] Stealth Rock
|turn|17
|
|t:|1769392280
|move|p2a: Blissey|Protect|p2a: Blissey
|-singleturn|p2a: Blissey|Protect
|move|p1a: Staraptor|Brave Bird|p2a: Blissey
|-activate|p2a: Blissey|move: Protect
|
|upkeep
|turn|18
|
|t:|1769392283
|switch|p2a: Alomomola|Alomomola, M, tera:Steel|98/100
|move|p1a: Staraptor|Brave Bird|p2a: Alomomola
|-resisted|p2a: Alomomola
|-damage|p2a: Alomomola|67/100
|-damage|p1a: Staraptor|10/100|[from] Recoil
|
|upkeep
|turn|19
|
|t:|1769392288
|move|p1a: Staraptor|Brave Bird|p2a: Alomomola
|-resisted|p2a: Alomomola
|-damage|p2a: Alomomola|37/100
|-damage|p1a: Staraptor|0 fnt|[from] Recoil
|faint|p1a: Staraptor
|move|p2a: Alomomola|Wish|p2a: Alomomola
|
|upkeep
|
|t:|1769392299
|switch|p1a: Moltres|Moltres-Galar|100/100
|-damage|p1a: Moltres|76/100|[from] Stealth Rock
|turn|20
|
|t:|1769392309
|move|p1a: Moltres|Nasty Plot|p1a: Moltres
|-boost|p1a: Moltres|spa|2
|move|p2a: Alomomola|Flip Turn|p1a: Moltres
|-damage|p1a: Moltres|57/100
|
|t:|1769392312
|switch|p2a: Dondozo|Dondozo, F|100/100|[from] Flip Turn
|
|upkeep
|turn|21
|
|t:|1769392317
|move|p1a: Moltres|Fiery Wrath|p2a: Dondozo
|-damage|p2a: Dondozo|62/100
|move|p2a: Dondozo|Body Press|p1a: Moltres
|-damage|p1a: Moltres|28/100
|-ability|p1a: Moltres|Berserk|boost
|-boost|p1a: Moltres|spa|1
|-enditem|p1a: Moltres|Sitrus Berry|[eat]
|-heal|p1a: Moltres|53/100|[from] item: Sitrus Berry
|
|upkeep
|turn|22
|
|t:|1769392323
|move|p1a: Moltres|Fiery Wrath|p2a: Dondozo
|-damage|p2a: Dondozo|22/100
|move|p2a: Dondozo|Body Press|p1a: Moltres
|-damage|p1a: Moltres|24/100
|-ability|p1a: Moltres|Berserk|boost
|-boost|p1a: Moltres|spa|1
|
|upkeep
|turn|23
|
|t:|1769392328
|move|p1a: Moltres|Fiery Wrath|p2a: Dondozo
|-damage|p2a: Dondozo|0 fnt
|faint|p2a: Dondozo
|
|upkeep
|
|t:|1769392329
|switch|p2a: Blissey|Blissey, F|99/100
|turn|24
|
|t:|1769392340
|move|p1a: Moltres|Fiery Wrath|p2a: Blissey
|-damage|p2a: Blissey|66/100
|move|p2a: Blissey|Seismic Toss|p1a: Moltres
|-damage|p1a: Moltres|0 fnt
|faint|p1a: Moltres
|
|upkeep
|
|t:|1769392344
|switch|p1a: Zapdos|Zapdos-Galar|100/100
|-damage|p1a: Zapdos|88/100|[from] Stealth Rock
|turn|25
|
|t:|1769392362
|switch|p2a: Gliscor|Gliscor, F|88/100 tox
|move|p1a: Zapdos|Thunderous Kick|p2a: Gliscor
|-resisted|p2a: Gliscor
|-damage|p2a: Gliscor|68/100 tox
|-unboost|p2a: Gliscor|def|1
|
|-heal|p2a: Gliscor|81/100 tox|[from] ability: Poison Heal
|upkeep
|turn|26
|
|t:|1769392367
|switch|p1a: Gholdengo|Gholdengo|100/100
|-damage|p1a: Gholdengo|94/100|[from] Stealth Rock
|switch|p2a: Muk|Muk, F|100/100
|
|upkeep
|turn|27
|
|t:|1769392375
|move|p1a: Gholdengo|Nasty Plot|p1a: Gholdengo
|-boost|p1a: Gholdengo|spa|2
|move|p2a: Muk|Knock Off|p1a: Gholdengo
|-supereffective|p1a: Gholdengo
|-damage|p1a: Gholdengo|50/100
|-enditem|p1a: Gholdengo|Red Card|[from] move: Knock Off|[of] p2a: Muk
|
|upkeep
|turn|28
|
|t:|1769392384
|move|p1a: Gholdengo|Recover|p1a: Gholdengo
|-heal|p1a: Gholdengo|99/100
|move|p2a: Muk|Knock Off|p1a: Gholdengo
|-supereffective|p1a: Gholdengo
|-damage|p1a: Gholdengo|71/100
|
|upkeep
|turn|29
|
|t:|1769392393
|move|p1a: Gholdengo|Nasty Plot|p1a: Gholdengo
|-boost|p1a: Gholdengo|spa|2
|move|p2a: Muk|Knock Off|p1a: Gholdengo
|-supereffective|p1a: Gholdengo
|-damage|p1a: Gholdengo|43/100
|
|upkeep
|turn|30
|
|t:|1769392396
|move|p1a: Gholdengo|Recover|p1a: Gholdengo
|-heal|p1a: Gholdengo|93/100
|move|p2a: Muk|Knock Off|p1a: Gholdengo
|-supereffective|p1a: Gholdengo
|-damage|p1a: Gholdengo|63/100
|
|upkeep
|turn|31
|
|t:|1769392400
|switch|p2a: Blissey|Blissey, F|66/100
|move|p1a: Gholdengo|Shadow Ball|p2a: Blissey
|-immune|p2a: Blissey
|
|upkeep
|turn|32
|
|t:|1769392405
|move|p2a: Blissey|Protect|p2a: Blissey
|-singleturn|p2a: Blissey|Protect
|move|p1a: Gholdengo|Make It Rain|p2a: Blissey
|-activate|p2a: Blissey|move: Protect
|
|upkeep
|turn|33
|
|t:|1769392410
|move|p1a: Gholdengo|Make It Rain|p2a: Blissey
|-damage|p2a: Blissey|16/100
|-unboost|p1a: Gholdengo|spa|1
|move|p2a: Blissey|Soft-Boiled|p2a: Blissey
|-heal|p2a: Blissey|66/100
|
|upkeep
|turn|34
|inactive|its called has 120 seconds left.
|inactive|its called has 90 seconds left.
|inactive|its called has 60 seconds left.
|inactive|its called has 30 seconds left.
|inactive|its called has 20 seconds left.
|inactive|its called has 15 seconds left.
|inactive|its called has 10 seconds left.
|inactive|its called has 5 seconds left.
|-message|its called lost due to inactivity.
|
|win|ikun ngm
|raw|ikun ngm's rating: 1248 &rarr; <strong>1273</strong><br />(+25 for winning)
|raw|its called's rating: 1252 &rarr; <strong>1227</strong><br />(-25 for losing)
|l|☆ikun ngm
|player|p1|
|l|☆its called
|player|p2|
