|j|☆masterkitchenz
|j|☆schtarwors
|t:|1769421510
|gametype|singles
|player|p1|masterkitchenz|acetrainer-gen4dp|1447
|player|p2|schtarwors|170|1479
|gen|9
|tier|[Gen 9] OU
|rated|
|rule|HP Percentage Mod: HP is shown in percentages
|rule|Endless Battle Clause: Forcing endless battles is banned
|rule|Species Clause: Limit one of each Pokémon
|rule|OHKO Clause: OHKO moves are banned
|rule|Evasion Items Clause: Evasion items are banned
|rule|Evasion Moves Clause: Evasion moves are banned
|rule|Evasion Abilities Clause: Evasion abilities are banned
|rule|Sleep Moves Clause: Sleep-inducing moves are banned
|clearpoke
|poke|p1|Comfey, M|
|poke|p1|Whimsicott, M|
|poke|p1|Iron Moth|
|poke|p1|Walking Wake|
|poke|p1|Great Tusk|
|poke|p1|Ninetales, M|
|poke|p2|Okidogi, M|
|poke|p2|Kingambit, F|
|poke|p2|Ogerpon-Wellspring, F|
|poke|p2|Dragonite, M|
|poke|p2|Iron Treads|
|poke|p2|Iron Valiant|
|teampreview
|inactive|Battle timer is ON: inactive players will automatically lose when time's up. (requested by schtarwors)
|
|t:|1769421533
|teamsize|p1|6
|teamsize|p2|6
|start
|switch|p1a: Great Tusk|Great Tusk|100/100
|switch|p2a: Iron Treads|Iron Treads|100/100
|-enditem|p2a: Iron Treads|Booster Energy
|-activate|p2a: Iron Treads|ability: Quark Drive|[fromitem]
|-start|p2a: Iron Treads|quarkdrivespe
|turn|1
|
|t:|1769421545
|move|p2a: Iron Treads|Stealth Rock|p1a: Great Tusk
|-sidestart|p1: masterkitchenz|move: Stealth Rock
|move|p1a: Great Tusk|Rapid Spin|p2a: Iron Treads
|-resisted|p2a: Iron Treads
|-damage|p2a: Iron Treads|94/100
|-boost|p1a: Great Tusk|spe|1
|-sideend|p1: masterkitchenz|Stealth Rock|[from] move: Rapid Spin|[of] p1a: Great Tusk
|
|upkeep
|turn|2
|
|t:|1769421557
|move|p2a: Iron Treads|Stealth Rock|p1a: Great Tusk
|-sidestart|p1: masterkitchenz|move: Stealth Rock
|move|p1a: Great Tusk|Rapid Spin|p2a: Iron Treads
|-resisted|p2a: Iron Treads
|-damage|p2a: Iron Treads|87/100
|-boost|p1a: Great Tusk|spe|1
|-sideend|p1: masterkitchenz|Stealth Rock|[from] move: Rapid Spin|[of] p1a: Great Tusk
|
|upkeep
|turn|3
|
|t:|1769421563
|move|p1a: Great Tusk|Headlong Rush|p2a: Iron Treads
|-supereffective|p2a: Iron Treads
|-damage|p2a: Iron Treads|0 fnt
|-unboost|p1a: Great Tusk|def|1
|-unboost|p1a: Great Tusk|spd|1
|faint|p2a: Iron Treads
|-end|p2a: Iron Treads|Quark Drive|[silent]
|
|upkeep
|
|t:|1769421587
|switch|p2a: Iron Valiant|Iron Valiant|100/100
|-enditem|p2a: Iron Valiant|Booster Energy
|-activate|p2a: Iron Valiant|ability: Quark Drive|[fromitem]
|-start|p2a: Iron Valiant|quarkdrivespe
|turn|4
|
|t:|1769421598
|move|p1a: Great Tusk|Stealth Rock|p2a: Iron Valiant
|-sidestart|p2: schtarwors|move: Stealth Rock
|move|p2a: Iron Valiant|Moonblast|p1a: Great Tusk
|-supereffective|p1a: Great Tusk
|-damage|p1a: Great Tusk|0 fnt
|faint|p1a: Great Tusk
|-end|p1a: Great Tusk|Protosynthesis|[silent]
|
|upkeep
|
|t:|1769421602
|switch|p1a: Ninetales|Ninetales, M|100/100
|-weather|SunnyDay|[from] ability: Drought|[of] p1a: Ninetales
|turn|5
|
|t:|1769421610
|move|p2a: Iron Valiant|Calm Mind|p2a: Iron Valiant
|-boost|p2a: Iron Valiant|spa|1
|-boost|p2a: Iron Valiant|spd|1
|move|p1a: Ninetales|Weather Ball|p2a: Iron Valiant
|-damage|p2a: Iron Valiant|49/100
|
|-weather|SunnyDay|[upkeep]
|upkeep
|turn|6
|
|t:|1769421617
|move|p2a: Iron Valiant|Shadow Ball|p1a: Ninetales
|-damage|p1a: Ninetales|59/100
|move|p1a: Ninetales|Encore|p2a: Iron Valiant
|-start|p2a: Iron Valiant|Encore
|
|-weather|SunnyDay|[upkeep]
|upkeep
|turn|7
|
|t:|1769421623
|move|p2a: Iron Valiant|Shadow Ball|p1a: Ninetales
|-damage|p1a: Ninetales|17/100
|move|p1a: Ninetales|Weather Ball|p2a: Iron Valiant
|-damage|p2a: Iron Valiant|0 fnt
|faint|p2a: Iron Valiant
|-end|p2a: Iron Valiant|Quark Drive|[silent]
|
|-weather|SunnyDay|[upkeep]
|upkeep
|
|t:|1769421650
|switch|p2a: Dragonite|Dragonite, M|100/100
|turn|8
|
|t:|1769421676
|switch|p1a: Walking Wake|Walking Wake|100/100
|-activate|p1a: Walking Wake|ability: Protosynthesis
|-start|p1a: Walking Wake|protosynthesisspe
|move|p2a: Dragonite|Extreme Speed|p1a: Walking Wake
|-damage|p1a: Walking Wake|73/100
|
|-weather|SunnyDay|[upkeep]
|upkeep
|turn|9
|
|t:|1769421692
|-terastallize|p2a: Dragonite|Flying
|move|p1a: Walking Wake|Flip Turn|p2a: Dragonite
|-damage|p2a: Dragonite|96/100
|
|t:|1769421700
|-end|p1a: Walking Wake|Protosynthesis|[silent]
|switch|p1a: Iron Moth|Iron Moth|100/100|[from] Flip Turn
|-enditem|p1a: Iron Moth|Booster Energy
|-activate|p1a: Iron Moth|ability: Quark Drive|[fromitem]
|-start|p1a: Iron Moth|quarkdrivespa
|move|p2a: Dragonite|Dragon Dance|p2a: Dragonite
|-boost|p2a: Dragonite|atk|1
|-boost|p2a: Dragonite|spe|1
|
|-weather|SunnyDay|[upkeep]
|upkeep
|turn|10
|
|t:|1769421708
|move|p2a: Dragonite|Tera Blast|p1a: Iron Moth|[anim] Tera Blast Flying
|-damage|p1a: Iron Moth|0 fnt
|faint|p1a: Iron Moth
|-end|p1a: Iron Moth|Quark Drive|[silent]
|
|-weather|SunnyDay|[upkeep]
|upkeep
|
|t:|1769421720
|switch|p1a: Comfey|Comfey, M|100/100
|turn|11
|
|t:|1769421725
|move|p2a: Dragonite|Tera Blast|p1a: Comfey|[anim] Tera Blast Flying
|-damage|p1a: Comfey|0 fnt
|faint|p1a: Comfey
|
|-weather|SunnyDay|[upkeep]
|upkeep
|
|t:|1769421732
|switch|p1a: Walking Wake|Walking Wake|73/100
|-activate|p1a: Walking Wake|ability: Protosynthesis
|-start|p1a: Walking Wake|protosynthesisspe
|turn|12
|
|t:|1769421737
|-terastallize|p1a: Walking Wake|Steel
|move|p1a: Walking Wake|Hydro Steam|p2a: Dragonite
|-damage|p2a: Dragonite|39/100
|move|p2a: Dragonite|Tera Blast|p1a: Walking Wake|[anim] Tera Blast Flying
|-resisted|p1a: Walking Wake
|-damage|p1a: Walking Wake|30/100
|
|-weather|none
|-end|p1a: Walking Wake|Protosynthesis
|upkeep
|turn|13
|
|t:|1769421746
|move|p2a: Dragonite|Extreme Speed|p1a: Walking Wake
|-resisted|p1a: Walking Wake
|-damage|p1a: Walking Wake|7/100
|move|p1a: Walking Wake|Hydro Steam|p2a: Dragonite
|-damage|p2a: Dragonite|0 fnt
|faint|p2a: Dragonite
|
|upkeep
|
|t:|1769421768
|switch|p2a: Ogerpon|Ogerpon-Wellspring, F|100/100
|-damage|p2a: Ogerpon|88/100|[from] Stealth Rock
|turn|14
|
|t:|1769421777
|-end|p1a: Walking Wake|Protosynthesis|[silent]
|switch|p1a: Ninetales|Ninetales, M|17/100
|-weather|SunnyDay|[from] ability: Drought|[of] p1a: Ninetales
|move|p2a: Ogerpon|Ivy Cudgel|p1a: Ninetales|[anim] Ivy Cudgel Water
|-supereffective|p1a: Ninetales
|-damage|p1a: Ninetales|0 fnt
|faint|p1a: Ninetales
|
|-weather|SunnyDay|[upkeep]
|upkeep
|
|t:|1769421782
|switch|p1a: Whimsicott|Whimsicott, M|100/100
|turn|15
|
|t:|1769421786
|move|p1a: Whimsicott|Growth|p1a: Whimsicott
|-boost|p1a: Whimsicott|atk|2
|-boost|p1a: Whimsicott|spa|2
|move|p2a: Ogerpon|Play Rough|p1a: Whimsicott|[miss]
|-miss|p2a: Ogerpon|p1a: Whimsicott
|
|-weather|SunnyDay|[upkeep]
|upkeep
|turn|16
|
|t:|1769421792
|move|p1a: Whimsicott|Growth|p1a: Whimsicott
|-boost|p1a: Whimsicott|atk|2
|-boost|p1a: Whimsicott|spa|2
|move|p2a: Ogerpon|Play Rough|p1a: Whimsicott|[miss]
|-miss|p2a: Ogerpon|p1a: Whimsicott
|
|-weather|SunnyDay|[upkeep]
|upkeep
|turn|17
|
|t:|1769421796
|move|p1a: Whimsicott|Moonblast|p2a: Ogerpon
|-damage|p2a: Ogerpon|0 fnt
|faint|p2a: Ogerpon
|-damage|p1a: Whimsicott|91/100|[from] item: Life Orb
|
|-weather|SunnyDay|[upkeep]
|upkeep
|c|☆masterkitchenz|damn
|
|t:|1769421803
|switch|p2a: Kingambit|Kingambit, F|100/100
|-damage|p2a: Kingambit|94/100|[from] Stealth Rock
|-activate|p2a: Kingambit|ability: Supreme Overlord
|-start|p2a: Kingambit|fallen4|[silent]
|-item|p2a: Kingambit|Air Balloon
|turn|18
|
|t:|1769421808
|move|p1a: Whimsicott|Moonblast|p2a: Kingambit
|-damage|p2a: Kingambit|0 fnt
|-enditem|p2a: Kingambit|Air Balloon
|faint|p2a: Kingambit
|-end|p2a: Kingambit|fallen4|[silent]
|-damage|p1a: Whimsicott|81/100|[from] item: Life Orb
|
|-weather|SunnyDay|[upkeep]
|upkeep
|c|☆masterkitchenz|gg
|c|☆schtarwors|gg
|
|t:|1769421816
|switch|p2a: Okidogi|Okidogi, M|100/100
|-damage|p2a: Okidogi|94/100|[from] Stealth Rock
|turn|19
|
|t:|1769421820
|move|p1a: Whimsicott|Moonblast|p2a: Okidogi
|-damage|p2a: Okidogi|0 fnt
|faint|p2a: Okidogi
|-damage|p1a: Whimsicott|71/100|[from] item: Life Orb
|
|win|masterkitchenz
|raw|masterkitchenz's rating: 1447 &rarr; <strong>1469</strong><br />(+22 for winning)
|raw|schtarwors's rating: 1479 &rarr; <strong>1457</strong><br />(-22 for losing)
|l|☆schtarwors
|player|p2|
