|j|☆borbler
|j|☆pokomonplayer
|t:|1769303773
|gametype|singles
|player|p1|borbler|cyclistf-gen4|1178
|player|p2|pokomonplayer|firebreather|1225
|gen|9
|tier|[Gen 9] OU
|rated|
|rule|HP Percentage Mod: HP is shown in percentages
|rule|Endless Battle Clause: Forcing endless battles is banned
|rule|Species Clause: Limit one of each Pokémon
|rule|OHKO Clause: OHKO moves are banned
|rule|Evasion Items Clause: Evasion items are banned
|rule|Evasion Moves Clause: Evasion moves are banned
|rule|Evasion Abilities Clause: Evasion abilities are banned
|rule|Sleep Moves Clause: Sleep-inducing moves are banned
|clearpoke
|poke|p1|Pelipper, F|
|poke|p1|Hatterene, F|
|poke|p1|Iron Treads|
|poke|p1|Toxicroak, F|
|poke|p1|Barraskewda, F|
|poke|p1|Zapdos|
|poke|p2|Landorus-Therian, M|
|poke|p2|Zamazenta-*|
|poke|p2|Heatran, F|
|poke|p2|Pecharunt|
|poke|p2|Dragapult, F|
|poke|p2|Slowking, M|
|teampreview
|inactive|Battle timer is ON: inactive players will automatically lose when time's up. (requested by borbler)
|
|t:|1769303782
|teamsize|p1|6
|teamsize|p2|6
|start
|switch|p1a: Pelipper|Pelipper, F|100/100
|switch|p2a: Landorus|Landorus-Therian, M|100/100
|-ability|p2a: Landorus|Intimidate|boost
|-unboost|p1a: Pelipper|atk|1
|-weather|RainDance|[from] ability: Drizzle|[of] p1a: Pelipper
|turn|1
|
|t:|1769303789
|move|p2a: Landorus|Stone Edge|p1a: Pelipper
|-supereffective|p1a: Pelipper
|-damage|p1a: Pelipper|16/100
|move|p1a: Pelipper|U-turn|p2a: Landorus
|-resisted|p2a: Landorus
|-damage|p2a: Landorus|97/100
|
|t:|1769303801
|switch|p1a: Barraskewda|Barraskewda, F|100/100|[from] U-turn
|
|-weather|RainDance|[upkeep]
|upkeep
|turn|2
|
|t:|1769303816
|switch|p2a: Pecharunt|Pecharunt|100/100
|move|p1a: Barraskewda|Liquidation|p2a: Pecharunt
|-damage|p2a: Pecharunt|53/100
|-damage|p1a: Barraskewda|84/100|[from] item: Rocky Helmet|[of] p2a: Pecharunt
|
|-weather|RainDance|[upkeep]
|upkeep
|turn|3
|
|t:|1769303825
|-terastallize|p1a: Barraskewda|Water
|move|p1a: Barraskewda|Liquidation|p2a: Pecharunt
|-damage|p2a: Pecharunt|0 fnt
|-damage|p1a: Barraskewda|68/100|[from] item: Rocky Helmet|[of] p2a: Pecharunt
|faint|p2a: Pecharunt
|
|-weather|RainDance|[upkeep]
|upkeep
|
|t:|1769303833
|switch|p2a: Landorus|Landorus-Therian, M|97/100
|-ability|p2a: Landorus|Intimidate|boost
|-unboost|p1a: Barraskewda|atk|1
|turn|4
|
|t:|1769303859
|switch|p2a: Zamazenta|Zamazenta, shiny|100/100
|-ability|p2a: Zamazenta|Dauntless Shield|boost
|-boost|p2a: Zamazenta|def|1
|move|p1a: Barraskewda|Liquidation|p2a: Zamazenta
|-damage|p2a: Zamazenta|47/100
|
|-weather|RainDance|[upkeep]
|upkeep
|turn|5
|-message|pokomonplayer forfeited.
|
|win|borbler
|raw|borbler's rating: 1178 &rarr; <strong>1206</strong><br />(+28 for winning)
|raw|pokomonplayer's rating: 1225 &rarr; <strong>1197</strong><br />(-28 for losing)
|l|☆pokomonplayer
|player|p2|
