|j|☆aplyw
|j|☆PixelPenguin2
|t:|1769320377
|gametype|singles
|player|p1|aplyw|steven|1445
|player|p2|PixelPenguin2|guitarist|1501
|gen|9
|tier|[Gen 9] OU
|rated|
|rule|HP Percentage Mod: HP is shown in percentages
|rule|Endless Battle Clause: Forcing endless battles is banned
|rule|Species Clause: Limit one of each Pokémon
|rule|OHKO Clause: OHKO moves are banned
|rule|Evasion Items Clause: Evasion items are banned
|rule|Evasion Moves Clause: Evasion moves are banned
|rule|Evasion Abilities Clause: Evasion abilities are banned
|rule|Sleep Moves Clause: Sleep-inducing moves are banned
|clearpoke
|poke|p1|Ogerpon-Wellspring, F|
|poke|p1|Scizor, M|
|poke|p1|Pelipper, M|
|poke|p1|Kingdra, F|
|poke|p1|Glimmora, F|
|poke|p1|Wo-Chien|
|poke|p2|Zoroark-Hisui, F|
|poke|p2|Ogerpon-Wellspring, F|
|poke|p2|Great Tusk|
|poke|p2|Garganacl, M|
|poke|p2|Pecharunt|
|poke|p2|Alomomola, F|
|teampreview
|inactive|Battle timer is ON: inactive players will automatically lose when time's up. (requested by PixelPenguin2)
|j| Callum7873
|inactive|PixelPenguin2 has 120 seconds left.
|
|t:|1769320413
|teamsize|p1|6
|teamsize|p2|6
|start
|switch|p1a: Pelipper|Pelipper, M, shiny|100/100
|switch|p2a: Alomomola|Alomomola, F|100/100
|-weather|RainDance|[from] ability: Drizzle|[of] p1a: Pelipper
|turn|1
|
|t:|1769320422
|move|p2a: Alomomola|Shadow Ball|p1a: Pelipper
|-damage|p1a: Pelipper|19/100
|move|p1a: Pelipper|Hurricane|p2a: Alomomola
|-damage|p2a: Alomomola|1/100
|replace|p2a: Zoroark|Zoroark-Hisui, F, shiny
|-end|p2a: Zoroark|Illusion
|
|-weather|RainDance|[upkeep]
|upkeep
|turn|2
|
|t:|1769320437
|switch|p2a: Garganacl|Garganacl, M|100/100
|switch|p1a: Wo-Chien|Wo-Chien|100/100
|-ability|p1a: Wo-Chien|Tablets of Ruin
|
|-weather|RainDance|[upkeep]
|upkeep
|turn|3
|
|t:|1769320445
|move|p1a: Wo-Chien|Substitute|p1a: Wo-Chien
|-start|p1a: Wo-Chien|Substitute
|-damage|p1a: Wo-Chien|76/100
|move|p2a: Garganacl|Stealth Rock|p1a: Wo-Chien
|-sidestart|p1: aplyw|move: Stealth Rock
|
|-weather|RainDance|[upkeep]
|-heal|p1a: Wo-Chien|82/100|[from] item: Leftovers
|upkeep
|turn|4
|
|t:|1769320452
|switch|p2a: Ogerpon|Ogerpon-Wellspring, F|100/100
|move|p1a: Wo-Chien|Leech Seed|p2a: Ogerpon
|-immune|p2a: Ogerpon
|
|-weather|RainDance|[upkeep]
|-heal|p1a: Wo-Chien|88/100|[from] item: Leftovers
|upkeep
|turn|5
|
|t:|1769320465
|switch|p1a: Ogerpon|Ogerpon-Wellspring, F|100/100
|-damage|p1a: Ogerpon|88/100|[from] Stealth Rock
|move|p2a: Ogerpon|Swords Dance|p2a: Ogerpon
|-boost|p2a: Ogerpon|atk|2
|
|-weather|RainDance|[upkeep]
|upkeep
|turn|6
|
|t:|1769320476
|move|p1a: Ogerpon|Encore|p2a: Ogerpon
|-start|p2a: Ogerpon|Encore
|move|p2a: Ogerpon|Swords Dance|p2a: Ogerpon
|-boost|p2a: Ogerpon|atk|2
|
|-weather|RainDance|[upkeep]
|upkeep
|turn|7
|
|t:|1769320482
|switch|p2a: Pecharunt|Pecharunt|100/100
|move|p1a: Ogerpon|Swords Dance|p1a: Ogerpon
|-boost|p1a: Ogerpon|atk|2
|
|-weather|RainDance|[upkeep]
|upkeep
|turn|8
|
|t:|1769320511
|switch|p2a: Garganacl|Garganacl, M|100/100
|-terastallize|p1a: Ogerpon|Water
|detailschange|p1a: Ogerpon|Ogerpon-Wellspring-Tera, F, tera:Water
|-ability|p1a: Ogerpon|Embody Aspect (Wellspring)|boost
|-boost|p1a: Ogerpon|spd|1
|move|p1a: Ogerpon|Swords Dance|p1a: Ogerpon
|-boost|p1a: Ogerpon|atk|2
|
|-weather|none
|upkeep
|turn|9
|
|t:|1769320521
|move|p1a: Ogerpon|Ivy Cudgel|p2a: Garganacl|[anim] Ivy Cudgel Water
|-supereffective|p2a: Garganacl
|-damage|p2a: Garganacl|0 fnt
|faint|p2a: Garganacl
|
|upkeep
|inactive|PixelPenguin2 has 120 seconds left.
|inactive|PixelPenguin2 has 90 seconds left.
|
|t:|1769320582
|switch|p2a: Ogerpon|Ogerpon-Wellspring, F|100/100
|turn|10
|inactive|aplyw has 120 seconds left.
|
|t:|1769320604
|switch|p1a: Scizor|Scizor, M|100/100
|-damage|p1a: Scizor|88/100|[from] Stealth Rock
|move|p2a: Ogerpon|Horn Leech|p1a: Scizor
|-resisted|p1a: Scizor
|-damage|p1a: Scizor|78/100
|
|upkeep
|turn|11
|inactive|aplyw has 120 seconds left.
|
|t:|1769320618
|switch|p2a: Pecharunt|Pecharunt|100/100
|move|p1a: Scizor|U-turn|p2a: Pecharunt
|-resisted|p2a: Pecharunt
|-damage|p2a: Pecharunt|94/100
|inactive|aplyw has 120 seconds left.
|
|t:|1769320631
|switch|p1a: Glimmora|Glimmora, F, shiny|100/100|[from] U-turn
|-damage|p1a: Glimmora|88/100|[from] Stealth Rock
|-item|p1a: Glimmora|Air Balloon
|
|upkeep
|turn|12
|inactive|aplyw has 120 seconds left.
|
|t:|1769320639
|move|p1a: Glimmora|Stealth Rock|p2a: Pecharunt
|-sidestart|p2: PixelPenguin2|move: Stealth Rock
|move|p2a: Pecharunt|Parting Shot|p1a: Glimmora
|-unboost|p1a: Glimmora|atk|1
|-unboost|p1a: Glimmora|spa|1
|
|t:|1769320645
|switch|p2a: Ogerpon|Ogerpon-Wellspring, F|100/100|[from] Parting Shot
|-damage|p2a: Ogerpon|88/100|[from] Stealth Rock
|
|upkeep
|turn|13
|inactive|aplyw has 120 seconds left.
|
|t:|1769320678
|switch|p1a: Scizor|Scizor, M|78/100
|-damage|p1a: Scizor|65/100|[from] Stealth Rock
|move|p2a: Ogerpon|Ivy Cudgel|p1a: Scizor|[anim] Ivy Cudgel Water
|-damage|p1a: Scizor|9/100
|
|upkeep
|turn|14
|
|t:|1769320687
|move|p1a: Scizor|Bullet Punch|p2a: Ogerpon
|-resisted|p2a: Ogerpon
|-damage|p2a: Ogerpon|52/100
|move|p2a: Ogerpon|Ivy Cudgel|p1a: Scizor|[anim] Ivy Cudgel Water
|-damage|p1a: Scizor|0 fnt
|faint|p1a: Scizor
|
|upkeep
|
|t:|1769320697
|switch|p1a: Pelipper|Pelipper, M, shiny|19/100
|-damage|p1a: Pelipper|0 fnt|[from] Stealth Rock
|faint|p1a: Pelipper
|
|t:|1769320716
|switch|p1a: Kingdra|Kingdra, F|100/100
|-damage|p1a: Kingdra|88/100|[from] Stealth Rock
|turn|15
|
|t:|1769320721
|switch|p2a: Alomomola|Alomomola, F|100/100
|-damage|p2a: Alomomola|88/100|[from] Stealth Rock
|move|p1a: Kingdra|Draco Meteor|p2a: Alomomola
|-damage|p2a: Alomomola|48/100
|-unboost|p1a: Kingdra|spa|2
|-damage|p1a: Kingdra|78/100|[from] item: Life Orb
|
|upkeep
|turn|16
|
|t:|1769320733
|switch|p1a: Glimmora|Glimmora, F, shiny|88/100
|-damage|p1a: Glimmora|75/100|[from] Stealth Rock
|-item|p1a: Glimmora|Air Balloon
|move|p2a: Alomomola|Flip Turn|p1a: Glimmora
|-supereffective|p1a: Glimmora
|-damage|p1a: Glimmora|44/100
|-activate|p1a: Glimmora|ability: Toxic Debris
|-sidestart|p2: PixelPenguin2|move: Toxic Spikes
|-enditem|p1a: Glimmora|Air Balloon
|
|t:|1769320743
|switch|p2a: Pecharunt|Pecharunt|94/100|[from] Flip Turn
|-sideend|p2: PixelPenguin2|move: Toxic Spikes|[of] p2a: Pecharunt
|
|upkeep
|turn|17
|
|t:|1769320754
|move|p1a: Glimmora|Earth Power|p2a: Pecharunt
|-supereffective|p2a: Pecharunt
|-damage|p2a: Pecharunt|32/100
|move|p2a: Pecharunt|Parting Shot|p1a: Glimmora
|-unboost|p1a: Glimmora|atk|1
|-unboost|p1a: Glimmora|spa|1
|
|t:|1769320759
|switch|p2a: Ogerpon|Ogerpon-Wellspring, F|52/100|[from] Parting Shot
|-damage|p2a: Ogerpon|40/100|[from] Stealth Rock
|
|upkeep
|turn|18
|inactive|aplyw has 120 seconds left.
|
|t:|1769320772
|switch|p1a: Wo-Chien|Wo-Chien|88/100
|-damage|p1a: Wo-Chien|76/100|[from] Stealth Rock
|-ability|p1a: Wo-Chien|Tablets of Ruin
|move|p2a: Ogerpon|Horn Leech|p1a: Wo-Chien
|-resisted|p1a: Wo-Chien
|-damage|p1a: Wo-Chien|62/100
|-heal|p2a: Ogerpon|48/100|[from] drain|[of] p1a: Wo-Chien
|
|-heal|p1a: Wo-Chien|68/100|[from] item: Leftovers
|upkeep
|turn|19
|inactive|aplyw has 120 seconds left.
|
|t:|1769320784
|switch|p2a: Pecharunt|Pecharunt|32/100
|move|p1a: Wo-Chien|Knock Off|p2a: Pecharunt
|-supereffective|p2a: Pecharunt
|-damage|p2a: Pecharunt|2/100
|-enditem|p2a: Pecharunt|Heavy-Duty Boots|[from] move: Knock Off|[of] p1a: Wo-Chien
|
|-heal|p1a: Wo-Chien|74/100|[from] item: Leftovers
|upkeep
|turn|20
|inactive|aplyw has 120 seconds left.
|
|t:|1769320796
|switch|p1a: Glimmora|Glimmora, F, shiny|44/100
|-damage|p1a: Glimmora|32/100|[from] Stealth Rock
|move|p2a: Pecharunt|Recover|p2a: Pecharunt
|-heal|p2a: Pecharunt|52/100
|
|upkeep
|turn|21
|inactive|aplyw has 120 seconds left.
|
|t:|1769320808
|switch|p2a: Alomomola|Alomomola, F|81/100
|-damage|p2a: Alomomola|69/100|[from] Stealth Rock
|move|p1a: Glimmora|Mortal Spin|p2a: Alomomola
|-damage|p2a: Alomomola|65/100
|-status|p2a: Alomomola|psn
|-sideend|p1: aplyw|Stealth Rock|[from] move: Mortal Spin|[of] p1a: Glimmora
|
|-damage|p2a: Alomomola|52/100 psn|[from] psn
|upkeep
|turn|22
|inactive|aplyw has 120 seconds left.
|
|t:|1769320819
|switch|p1a: Ogerpon|Ogerpon-Wellspring-Tera, F, tera:Water|88/100
|-ability|p1a: Ogerpon|Embody Aspect (Wellspring)|boost
|-boost|p1a: Ogerpon|spd|1
|move|p2a: Alomomola|Scald|p1a: Ogerpon
|-resisted|p1a: Ogerpon
|-damage|p1a: Ogerpon|83/100
|-status|p1a: Ogerpon|brn
|
|-damage|p2a: Alomomola|40/100 psn|[from] psn
|-damage|p1a: Ogerpon|77/100 brn|[from] brn
|upkeep
|turn|23
|inactive|aplyw has 120 seconds left.
|
|t:|1769320833
|switch|p2a: Pecharunt|Pecharunt|52/100
|-damage|p2a: Pecharunt|39/100|[from] Stealth Rock
|move|p1a: Ogerpon|Swords Dance|p1a: Ogerpon
|-boost|p1a: Ogerpon|atk|2
|
|-damage|p1a: Ogerpon|71/100 brn|[from] brn
|upkeep
|turn|24
|inactive|aplyw has 120 seconds left.
|
|t:|1769320845
|move|p1a: Ogerpon|Ivy Cudgel|p2a: Pecharunt|[anim] Ivy Cudgel Water
|-damage|p2a: Pecharunt|4/100
|move|p2a: Pecharunt|Recover|p2a: Pecharunt
|-heal|p2a: Pecharunt|54/100
|
|-damage|p1a: Ogerpon|65/100 brn|[from] brn
|upkeep
|turn|25
|inactive|aplyw has 120 seconds left.
|
|t:|1769320854
|move|p1a: Ogerpon|Encore|p2a: Pecharunt
|-start|p2a: Pecharunt|Encore
|move|p2a: Pecharunt|Recover|p2a: Pecharunt
|-heal|p2a: Pecharunt|100/100
|
|-damage|p1a: Ogerpon|59/100 brn|[from] brn
|upkeep
|turn|26
|
|t:|1769320861
|switch|p2a: Ogerpon|Ogerpon-Wellspring, F|48/100
|-damage|p2a: Ogerpon|36/100|[from] Stealth Rock
|move|p1a: Ogerpon|Swords Dance|p1a: Ogerpon
|-boost|p1a: Ogerpon|atk|2
|
|-damage|p1a: Ogerpon|52/100 brn|[from] brn
|upkeep
|turn|27
|
|t:|1769320870
|switch|p2a: Pecharunt|Pecharunt|100/100
|-damage|p2a: Pecharunt|88/100|[from] Stealth Rock
|move|p1a: Ogerpon|Horn Leech|p2a: Pecharunt
|-resisted|p2a: Pecharunt
|-damage|p2a: Pecharunt|75/100
|-heal|p1a: Ogerpon|60/100 brn|[from] drain|[of] p2a: Pecharunt
|
|-damage|p1a: Ogerpon|54/100 brn|[from] brn
|upkeep
|turn|28
|
|t:|1769320879
|move|p1a: Ogerpon|Ivy Cudgel|p2a: Pecharunt|[anim] Ivy Cudgel Water
|-damage|p2a: Pecharunt|23/100
|move|p2a: Pecharunt|Foul Play|p1a: Ogerpon
|-damage|p1a: Ogerpon|0 fnt
|faint|p1a: Ogerpon
|detailschange|p1: Ogerpon|Ogerpon-Wellspring, F|[silent]
|
|upkeep
|
|t:|1769320894
|switch|p1a: Glimmora|Glimmora, F, shiny|32/100
|turn|29
|
|t:|1769320901
|switch|p2a: Ogerpon|Ogerpon-Wellspring, F|36/100
|-damage|p2a: Ogerpon|24/100|[from] Stealth Rock
|move|p1a: Glimmora|Earth Power|p2a: Ogerpon
|-resisted|p2a: Ogerpon
|-damage|p2a: Ogerpon|5/100
|
|upkeep
|turn|30
|
|t:|1769320913
|switch|p1a: Wo-Chien|Wo-Chien|74/100
|-ability|p1a: Wo-Chien|Tablets of Ruin
|move|p2a: Ogerpon|Ivy Cudgel|p1a: Wo-Chien|[anim] Ivy Cudgel Water
|-resisted|p1a: Wo-Chien
|-damage|p1a: Wo-Chien|58/100
|
|-heal|p1a: Wo-Chien|64/100|[from] item: Leftovers
|upkeep
|turn|31
|
|t:|1769320922
|move|p2a: Ogerpon|Knock Off|p1a: Wo-Chien
|-resisted|p1a: Wo-Chien
|-damage|p1a: Wo-Chien|52/100
|-enditem|p1a: Wo-Chien|Leftovers|[from] move: Knock Off|[of] p2a: Ogerpon
|move|p1a: Wo-Chien|Knock Off|p2a: Ogerpon
|-damage|p2a: Ogerpon|0 fnt
|faint|p2a: Ogerpon
|
|upkeep
|
|t:|1769320927
|switch|p2a: Great Tusk|Great Tusk|100/100
|turn|32
|
|t:|1769320951
|-end|p2a: Great Tusk|Protosynthesis|[silent]
|switch|p2a: Pecharunt|Pecharunt|23/100
|-damage|p2a: Pecharunt|11/100|[from] Stealth Rock
|switch|p1a: Glimmora|Glimmora, F, shiny|32/100
|
|upkeep
|turn|33
|
|t:|1769320961
|move|p1a: Glimmora|Earth Power|p2a: Pecharunt
|-supereffective|p2a: Pecharunt
|-damage|p2a: Pecharunt|0 fnt
|faint|p2a: Pecharunt
|
|upkeep
|
|t:|1769320964
|switch|p2a: Great Tusk|Great Tusk|100/100
|turn|34
|
|t:|1769320982
|move|p2a: Great Tusk|Rapid Spin|p1a: Glimmora
|-resisted|p1a: Glimmora
|-damage|p1a: Glimmora|23/100
|-boost|p2a: Great Tusk|spe|1
|-activate|p1a: Glimmora|ability: Toxic Debris
|-sidestart|p2: PixelPenguin2|move: Toxic Spikes
|-sideend|p2: PixelPenguin2|Toxic Spikes|[from] move: Rapid Spin|[of] p2a: Great Tusk
|-sideend|p2: PixelPenguin2|Stealth Rock|[from] move: Rapid Spin|[of] p2a: Great Tusk
|move|p1a: Glimmora|Mortal Spin|p2a: Great Tusk
|-resisted|p2a: Great Tusk
|-damage|p2a: Great Tusk|98/100
|-status|p2a: Great Tusk|psn
|
|-damage|p2a: Great Tusk|86/100 psn|[from] psn
|upkeep
|turn|35
|
|t:|1769321002
|switch|p1a: Wo-Chien|Wo-Chien|52/100
|-ability|p1a: Wo-Chien|Tablets of Ruin
|move|p2a: Great Tusk|Ice Spinner|p1a: Wo-Chien
|-supereffective|p1a: Wo-Chien
|-damage|p1a: Wo-Chien|20/100
|
|-damage|p2a: Great Tusk|73/100 psn|[from] psn
|upkeep
|turn|36
|
|t:|1769321015
|move|p1a: Wo-Chien|Protect|p1a: Wo-Chien
|-singleturn|p1a: Wo-Chien|Protect
|move|p2a: Great Tusk|Ice Spinner|p1a: Wo-Chien
|-activate|p1a: Wo-Chien|move: Protect
|
|-damage|p2a: Great Tusk|61/100 psn|[from] psn
|upkeep
|turn|37
|
|t:|1769321025
|switch|p1a: Glimmora|Glimmora, F, shiny|23/100
|move|p2a: Great Tusk|Ice Spinner|p1a: Glimmora
|-damage|p1a: Glimmora|0 fnt
|-activate|p1a: Glimmora|ability: Toxic Debris
|-sidestart|p2: PixelPenguin2|move: Toxic Spikes
|faint|p1a: Glimmora
|
|-damage|p2a: Great Tusk|48/100 psn|[from] psn
|upkeep
|inactive|aplyw has 120 seconds left.
|
|t:|1769321043
|switch|p1a: Wo-Chien|Wo-Chien|20/100
|-ability|p1a: Wo-Chien|Tablets of Ruin
|turn|38
|
|t:|1769321051
|move|p2a: Great Tusk|Ice Spinner|p1a: Wo-Chien
|-supereffective|p1a: Wo-Chien
|-damage|p1a: Wo-Chien|0 fnt
|faint|p1a: Wo-Chien
|
|-damage|p2a: Great Tusk|36/100 psn|[from] psn
|upkeep
|
|t:|1769321057
|switch|p1a: Kingdra|Kingdra, F|78/100
|turn|39
|
|t:|1769321061
|move|p2a: Great Tusk|Headlong Rush|p1a: Kingdra
|-damage|p1a: Kingdra|3/100
|-unboost|p2a: Great Tusk|def|1
|-unboost|p2a: Great Tusk|spd|1
|move|p1a: Kingdra|Ice Beam|p2a: Great Tusk
|-supereffective|p2a: Great Tusk
|-damage|p2a: Great Tusk|0 fnt
|faint|p2a: Great Tusk
|-end|p2a: Great Tusk|Protosynthesis|[silent]
|-damage|p1a: Kingdra|0 fnt|[from] item: Life Orb
|faint|p1a: Kingdra
|
|win|PixelPenguin2
|raw|aplyw's rating: 1445 &rarr; <strong>1428</strong><br />(-17 for losing)
|raw|PixelPenguin2's rating: 1501 &rarr; <strong>1518</strong><br />(+17 for winning)
|l|☆aplyw
|player|p1|
|l|☆PixelPenguin2
|player|p2|
