|j|‽machopped unc
|j|☆spunder_policy
|t:|1769327052
|gametype|singles
|player|p1|machopped unc|clown|1713
|player|p2|spunder_policy|169|1811
|gen|9
|tier|[Gen 9] OU
|rated|
|rule|HP Percentage Mod: HP is shown in percentages
|rule|Endless Battle Clause: Forcing endless battles is banned
|rule|Species Clause: Limit one of each Pokémon
|rule|OHKO Clause: OHKO moves are banned
|rule|Evasion Items Clause: Evasion items are banned
|rule|Evasion Moves Clause: Evasion moves are banned
|rule|Evasion Abilities Clause: Evasion abilities are banned
|rule|Sleep Moves Clause: Sleep-inducing moves are banned
|clearpoke
|poke|p1|Gholdengo|
|poke|p1|Iron Valiant|
|poke|p1|Ribombee, F|
|poke|p1|Dragonite, M|
|poke|p1|Glimmora, M|
|poke|p1|Kingambit, F|
|poke|p2|Whimsicott, M|
|poke|p2|Torkoal, F|
|poke|p2|Great Tusk|
|poke|p2|Walking Wake|
|poke|p2|Cinderace, F|
|poke|p2|Moltres|
|teampreview
|inactive|Battle timer is ON: inactive players will automatically lose when time's up. (requested by spunder_policy)
|
|t:|1769327062
|teamsize|p1|6
|teamsize|p2|6
|start
|switch|p1a: Ribombee|Ribombee, F|100/100
|switch|p2a: Great Tusk|Great Tusk|100/100
|turn|1
|
|t:|1769327065
|-end|p2a: Great Tusk|Protosynthesis|[silent]
|switch|p2a: Torkoal|Torkoal, F|100/100
|-weather|SunnyDay|[from] ability: Drought|[of] p2a: Torkoal
|move|p1a: Ribombee|Moonblast|p2a: Torkoal
|-resisted|p2a: Torkoal
|-damage|p2a: Torkoal|78/100
|
|-weather|SunnyDay|[upkeep]
|upkeep
|turn|2
|
|t:|1769327072
|move|p1a: Ribombee|Sticky Web|p2a: Torkoal
|-sidestart|p2: spunder_policy|move: Sticky Web
|move|p2a: Torkoal|Rapid Spin|p1a: Ribombee
|-damage|p1a: Ribombee|81/100
|-boost|p2a: Torkoal|spe|1
|-sideend|p2: spunder_policy|Sticky Web|[from] move: Rapid Spin|[of] p2a: Torkoal
|
|-weather|SunnyDay|[upkeep]
|upkeep
|turn|3
|
|t:|1769327078
|move|p1a: Ribombee|Stun Spore|p2a: Torkoal
|-status|p2a: Torkoal|par
|move|p2a: Torkoal|Lava Plume|p1a: Ribombee
|-supereffective|p1a: Ribombee
|-damage|p1a: Ribombee|0 fnt
|faint|p1a: Ribombee
|
|-weather|SunnyDay|[upkeep]
|upkeep
|
|t:|1769327084
|switch|p1a: Glimmora|Glimmora, M|100/100
|turn|4
|
|t:|1769327089
|move|p1a: Glimmora|Stealth Rock|p2a: Torkoal
|-sidestart|p2: spunder_policy|move: Stealth Rock
|cant|p2a: Torkoal|par
|
|-weather|SunnyDay|[upkeep]
|upkeep
|turn|5
|
|t:|1769327095
|move|p1a: Glimmora|Meteor Beam||[still]
|-prepare|p1a: Glimmora|Meteor Beam
|-boost|p1a: Glimmora|spa|1
|-enditem|p1a: Glimmora|Power Herb
|-anim|p1a: Glimmora|Meteor Beam|p2a: Torkoal
|-supereffective|p2a: Torkoal
|-damage|p2a: Torkoal|0 fnt
|faint|p2a: Torkoal
|
|-weather|SunnyDay|[upkeep]
|upkeep
|
|t:|1769327105
|switch|p2a: Cinderace|Cinderace, F|100/100
|turn|6
|
|t:|1769327109
|move|p2a: Cinderace|Court Change|p2a: Cinderace
|-swapsideconditions
|-activate|p2a: Cinderace|move: Court Change
|move|p1a: Glimmora|Mortal Spin|p2a: Cinderace
|-damage|p2a: Cinderace|92/100
|-status|p2a: Cinderace|psn
|-sideend|p1: machopped unc|Stealth Rock|[from] move: Mortal Spin|[of] p1a: Glimmora
|
|-weather|SunnyDay|[upkeep]
|-damage|p2a: Cinderace|80/100 psn|[from] psn
|upkeep
|turn|7
|
|t:|1769327113
|move|p2a: Cinderace|Pyro Ball|p1a: Glimmora
|-resisted|p1a: Glimmora
|-damage|p1a: Glimmora|48/100
|-activate|p1a: Glimmora|ability: Toxic Debris
|-sidestart|p2: spunder_policy|move: Toxic Spikes
|move|p1a: Glimmora|Earth Power|p2a: Cinderace
|-supereffective|p2a: Cinderace
|-damage|p2a: Cinderace|0 fnt
|faint|p2a: Cinderace
|
|-weather|SunnyDay|[upkeep]
|upkeep
|
|t:|1769327120
|switch|p2a: Moltres|Moltres|100/100
|turn|8
|
|t:|1769327123
|move|p1a: Glimmora|Mortal Spin|p2a: Moltres
|-damage|p2a: Moltres|94/100
|-status|p2a: Moltres|psn
|move|p2a: Moltres|Scorching Sands|p1a: Glimmora
|-supereffective|p1a: Glimmora
|-damage|p1a: Glimmora|0 fnt
|faint|p1a: Glimmora
|
|-weather|none
|-damage|p2a: Moltres|82/100 psn|[from] psn
|upkeep
|
|t:|1769327130
|switch|p1a: Dragonite|Dragonite, M|100/100
|turn|9
|
|t:|1769327134
|move|p1a: Dragonite|Encore|p2a: Moltres
|-start|p2a: Moltres|Encore
|move|p2a: Moltres|Scorching Sands|p1a: Dragonite
|-immune|p1a: Dragonite
|
|-damage|p2a: Moltres|70/100 psn|[from] psn
|upkeep
|turn|10
|
|t:|1769327139
|switch|p1a: Gholdengo|Gholdengo|100/100
|-item|p1a: Gholdengo|Air Balloon
|switch|p2a: Great Tusk|Great Tusk|100/100
|-status|p2a: Great Tusk|psn
|
|-damage|p2a: Great Tusk|88/100 psn|[from] psn
|upkeep
|turn|11
|
|t:|1769327145
|move|p2a: Great Tusk|Knock Off|p1a: Gholdengo
|-supereffective|p1a: Gholdengo
|-damage|p1a: Gholdengo|35/100
|-enditem|p1a: Gholdengo|Air Balloon
|move|p1a: Gholdengo|Dazzling Gleam|p2a: Great Tusk
|-supereffective|p2a: Great Tusk
|-damage|p2a: Great Tusk|46/100 psn
|
|-damage|p2a: Great Tusk|33/100 psn|[from] psn
|upkeep
|turn|12
|
|t:|1769327152
|-end|p2a: Great Tusk|Protosynthesis|[silent]
|switch|p2a: Moltres|Moltres|70/100 psn
|move|p1a: Gholdengo|Shadow Ball|p2a: Moltres
|-damage|p2a: Moltres|20/100 psn
|-unboost|p2a: Moltres|spd|1
|
|-damage|p2a: Moltres|8/100 psn|[from] psn
|upkeep
|turn|13
|
|t:|1769327156
|move|p1a: Gholdengo|Shadow Ball|p2a: Moltres
|-damage|p2a: Moltres|0 fnt
|faint|p2a: Moltres
|
|upkeep
|-message|spunder_policy forfeited.
|
|win|machopped unc
|raw|machopped unc's rating: 1713 &rarr; <strong>1738</strong><br />(+25 for winning)
|raw|spunder_policy's rating: 1811 &rarr; <strong>1786</strong><br />(-25 for losing)
|l|☆spunder_policy
|player|p2|
|l|‽machopped unc
|player|p1|
