|j|☆buhuizhibuyutianti
|j|☆aceboladoxx
|t:|1769432619
|gametype|singles
|player|p1|buhuizhibuyutianti|blackbelt-gen4dp|1159
|player|p2|aceboladoxx|n|1093
|gen|9
|tier|[Gen 9] OU
|rated|
|rule|HP Percentage Mod: HP is shown in percentages
|rule|Endless Battle Clause: Forcing endless battles is banned
|rule|Species Clause: Limit one of each Pokémon
|rule|OHKO Clause: OHKO moves are banned
|rule|Evasion Items Clause: Evasion items are banned
|rule|Evasion Moves Clause: Evasion moves are banned
|rule|Evasion Abilities Clause: Evasion abilities are banned
|rule|Sleep Moves Clause: Sleep-inducing moves are banned
|clearpoke
|poke|p1|Primarina, M|
|poke|p1|Ting-Lu|
|poke|p1|Kingambit, M|
|poke|p1|Rillaboom, F|
|poke|p1|Ceruledge, M|
|poke|p1|Dragonite, M|
|poke|p2|Gliscor, M|
|poke|p2|Garganacl, F|
|poke|p2|Venusaur, M|
|poke|p2|Grimmsnarl, M|
|poke|p2|Milotic, F|
|poke|p2|Dragonite, M|
|teampreview
|inactive|Battle timer is ON: inactive players will automatically lose when time's up. (requested by aceboladoxx)
|inactive|buhuizhibuyutianti has 120 seconds left.
|
|t:|1769432653
|teamsize|p1|6
|teamsize|p2|6
|start
|switch|p1a: Kingambit|Kingambit, M|100/100
|switch|p2a: Gliscor|Gliscor, M|100/100
|turn|1
|
|t:|1769432663
|move|p2a: Gliscor|Stealth Rock|p1a: Kingambit
|-sidestart|p1: buhuizhibuyutianti|move: Stealth Rock
|move|p1a: Kingambit|Kowtow Cleave|p2a: Gliscor
|-damage|p2a: Gliscor|71/100
|
|-status|p2a: Gliscor|tox|[from] item: Toxic Orb
|upkeep
|turn|2
|
|t:|1769432672
|-end|p1a: Kingambit|fallenundefined|[silent]
|switch|p1a: Dragonite|Dragonite, M|100/100
|-damage|p1a: Dragonite|76/100|[from] Stealth Rock
|move|p2a: Gliscor|Toxic Spikes|p1a: Dragonite
|-sidestart|p1: buhuizhibuyutianti|move: Toxic Spikes
|
|-heal|p2a: Gliscor|83/100 tox|[from] ability: Poison Heal
|upkeep
|turn|3
|
|t:|1769432683
|move|p1a: Dragonite|Dragon Dance|p1a: Dragonite
|-boost|p1a: Dragonite|atk|1
|-boost|p1a: Dragonite|spe|1
|move|p2a: Gliscor|Toxic Spikes|p1a: Dragonite
|-sidestart|p1: buhuizhibuyutianti|move: Toxic Spikes
|
|-heal|p2a: Gliscor|96/100 tox|[from] ability: Poison Heal
|upkeep
|turn|4
|
|t:|1769432692
|switch|p2a: Grimmsnarl|Grimmsnarl, M|100/100
|move|p1a: Dragonite|Dragon Dance|p1a: Dragonite
|-boost|p1a: Dragonite|atk|1
|-boost|p1a: Dragonite|spe|1
|
|upkeep
|turn|5
|
|t:|1769432701
|move|p2a: Grimmsnarl|Reflect|p2a: Grimmsnarl
|-sidestart|p2: aceboladoxx|Reflect
|move|p1a: Dragonite|Encore|p2a: Grimmsnarl
|-start|p2a: Grimmsnarl|Encore
|
|upkeep
|turn|6
|
|t:|1769432709
|switch|p2a: Milotic|Milotic, F|100/100
|move|p1a: Dragonite|Dragon Dance|p1a: Dragonite
|-boost|p1a: Dragonite|atk|1
|-boost|p1a: Dragonite|spe|1
|
|upkeep
|turn|7
|
|t:|1769432721
|move|p1a: Dragonite|Extreme Speed|p2a: Milotic
|-damage|p2a: Milotic|49/100
|-damage|p1a: Dragonite|66/100|[from] item: Life Orb
|move|p2a: Milotic|Haze|p2a: Milotic
|-clearallboost
|
|upkeep
|turn|8
|
|t:|1769432730
|switch|p1a: Ceruledge|Ceruledge, M|100/100
|-damage|p1a: Ceruledge|76/100|[from] Stealth Rock
|-status|p1a: Ceruledge|tox
|-terastallize|p2a: Milotic|Fairy
|move|p2a: Milotic|Alluring Voice|p1a: Ceruledge
|-resisted|p1a: Ceruledge
|-damage|p1a: Ceruledge|58/100 tox
|
|-damage|p1a: Ceruledge|52/100 tox|[from] psn
|upkeep
|turn|9
|
|t:|1769432746
|switch|p2a: Garganacl|Garganacl, F|100/100
|move|p1a: Ceruledge|Swords Dance|p1a: Ceruledge
|-boost|p1a: Ceruledge|atk|2
|
|-damage|p1a: Ceruledge|40/100 tox|[from] psn
|upkeep
|turn|10
|
|t:|1769432759
|switch|p1a: Rillaboom|Rillaboom, F|100/100
|-damage|p1a: Rillaboom|88/100|[from] Stealth Rock
|-status|p1a: Rillaboom|tox
|-fieldstart|move: Grassy Terrain|[from] ability: Grassy Surge|[of] p1a: Rillaboom
|move|p2a: Garganacl|Salt Cure|p1a: Rillaboom
|-damage|p1a: Rillaboom|76/100 tox
|-start|p1a: Rillaboom|Salt Cure
|
|-heal|p1a: Rillaboom|82/100 tox|[from] Grassy Terrain
|-damage|p1a: Rillaboom|76/100 tox|[from] psn
|-damage|p1a: Rillaboom|64/100 tox|[from] Salt Cure
|upkeep
|turn|11
|
|t:|1769432781
|switch|p2a: Venusaur|Venusaur, M, shiny|100/100
|move|p1a: Rillaboom|U-turn|p2a: Venusaur
|-damage|p2a: Venusaur|85/100
|
|t:|1769432791
|switch|p1a: Ceruledge|Ceruledge, M|40/100 tox|[from] U-turn
|-damage|p1a: Ceruledge|15/100 tox|[from] Stealth Rock
|
|-heal|p1a: Ceruledge|21/100 tox|[from] Grassy Terrain
|-heal|p2a: Venusaur|91/100|[from] Grassy Terrain
|-heal|p2a: Venusaur|97/100|[from] item: Black Sludge
|-damage|p1a: Ceruledge|15/100 tox|[from] psn
|upkeep
|turn|12
|
|t:|1769432803
|switch|p2a: Garganacl|Garganacl, F|100/100
|move|p1a: Ceruledge|Bitter Blade|p2a: Garganacl
|-resisted|p2a: Garganacl
|-damage|p2a: Garganacl|95/100
|-heal|p1a: Ceruledge|19/100 tox|[from] drain|[of] p2a: Garganacl
|
|-heal|p1a: Ceruledge|25/100 tox|[from] Grassy Terrain
|-heal|p2a: Garganacl|100/100|[from] Grassy Terrain
|-damage|p1a: Ceruledge|13/100 tox|[from] psn
|-sideend|p2: aceboladoxx|Reflect
|upkeep
|turn|13
|
|t:|1769432819
|switch|p1a: Kingambit|Kingambit, M|100/100
|-damage|p1a: Kingambit|94/100|[from] Stealth Rock
|move|p2a: Garganacl|Salt Cure|p1a: Kingambit
|-resisted|p1a: Kingambit
|-damage|p1a: Kingambit|89/100
|-start|p1a: Kingambit|Salt Cure
|
|-heal|p1a: Kingambit|96/100|[from] Grassy Terrain
|-heal|p1a: Kingambit|100/100|[from] item: Leftovers
|-damage|p1a: Kingambit|75/100|[from] Salt Cure
|upkeep
|turn|14
|
|t:|1769432837
|-terastallize|p1a: Kingambit|Psychic
|move|p2a: Garganacl|Protect|p2a: Garganacl
|-singleturn|p2a: Garganacl|Protect
|move|p1a: Kingambit|Swords Dance|p1a: Kingambit
|-boost|p1a: Kingambit|atk|2
|
|-heal|p1a: Kingambit|82/100|[from] Grassy Terrain
|-heal|p1a: Kingambit|88/100|[from] item: Leftovers
|-damage|p1a: Kingambit|75/100|[from] Salt Cure
|-fieldend|move: Grassy Terrain
|upkeep
|turn|15
|
|t:|1769432850
|move|p1a: Kingambit|Swords Dance|p1a: Kingambit
|-boost|p1a: Kingambit|atk|2
|move|p2a: Garganacl|Salt Cure|p1a: Kingambit
|-damage|p1a: Kingambit|66/100
|
|-heal|p1a: Kingambit|72/100|[from] item: Leftovers
|-damage|p1a: Kingambit|60/100|[from] Salt Cure
|upkeep
|turn|16
|inactive|aceboladoxx has 120 seconds left.
|
|t:|1769432868
|move|p1a: Kingambit|Sucker Punch|p2a: Garganacl
|-damage|p2a: Garganacl|40/100
|move|p2a: Garganacl|Body Press|p1a: Kingambit
|-resisted|p1a: Kingambit
|-damage|p1a: Kingambit|49/100
|
|-heal|p1a: Kingambit|55/100|[from] item: Leftovers
|-heal|p2a: Garganacl|47/100|[from] item: Leftovers
|-damage|p1a: Kingambit|43/100|[from] Salt Cure
|upkeep
|turn|17
|inactive|aceboladoxx has 120 seconds left.
|
|t:|1769432879
|move|p2a: Garganacl|Protect|p2a: Garganacl
|-singleturn|p2a: Garganacl|Protect
|move|p1a: Kingambit|Swords Dance|p1a: Kingambit
|-boost|p1a: Kingambit|atk|2
|
|-heal|p1a: Kingambit|49/100|[from] item: Leftovers
|-heal|p2a: Garganacl|53/100|[from] item: Leftovers
|-damage|p1a: Kingambit|37/100|[from] Salt Cure
|upkeep
|turn|18
|inactive|aceboladoxx has 120 seconds left.
|
|t:|1769432893
|move|p1a: Kingambit|Iron Head|p2a: Garganacl
|-supereffective|p2a: Garganacl
|-damage|p2a: Garganacl|0 fnt
|faint|p2a: Garganacl
|
|-heal|p1a: Kingambit|43/100|[from] item: Leftovers
|-damage|p1a: Kingambit|30/100|[from] Salt Cure
|upkeep
|inactive|aceboladoxx has 120 seconds left.
|
|t:|1769432909
|switch|p2a: Grimmsnarl|Grimmsnarl, M|100/100
|turn|19
|
|t:|1769432914
|move|p2a: Grimmsnarl|Reflect|p2a: Grimmsnarl
|-sidestart|p2: aceboladoxx|Reflect
|move|p1a: Kingambit|Iron Head|p2a: Grimmsnarl
|-supereffective|p2a: Grimmsnarl
|-damage|p2a: Grimmsnarl|0 fnt
|faint|p2a: Grimmsnarl
|
|-heal|p1a: Kingambit|37/100|[from] item: Leftovers
|-damage|p1a: Kingambit|24/100|[from] Salt Cure
|upkeep
|inactive|aceboladoxx has 120 seconds left.
|
|t:|1769432928
|switch|p2a: Gliscor|Gliscor, M|96/100 tox
|turn|20
|
|t:|1769432935
|move|p1a: Kingambit|Sucker Punch|p2a: Gliscor
|-damage|p2a: Gliscor|42/100 tox
|move|p2a: Gliscor|Counter|p1a: Kingambit
|-damage|p1a: Kingambit|0 fnt
|faint|p1a: Kingambit
|-end|p1a: Kingambit|fallenundefined|[silent]
|
|-heal|p2a: Gliscor|54/100 tox|[from] ability: Poison Heal
|upkeep
|
|t:|1769432946
|switch|p1a: Dragonite|Dragonite, M|66/100
|-damage|p1a: Dragonite|41/100|[from] Stealth Rock
|turn|21
|
|t:|1769432957
|switch|p2a: Milotic|Milotic, F, tera:Fairy|49/100
|move|p1a: Dragonite|Dragon Dance|p1a: Dragonite
|-boost|p1a: Dragonite|atk|1
|-boost|p1a: Dragonite|spe|1
|
|upkeep
|turn|22
|
|t:|1769432965
|move|p1a: Dragonite|Extreme Speed|p2a: Milotic
|-damage|p2a: Milotic|19/100
|-damage|p1a: Dragonite|31/100|[from] item: Life Orb
|move|p2a: Milotic|Alluring Voice|p1a: Dragonite
|-supereffective|p1a: Dragonite
|-damage|p1a: Dragonite|0 fnt
|faint|p1a: Dragonite
|
|upkeep
|
|t:|1769432979
|switch|p1a: Rillaboom|Rillaboom, F|64/100 tox
|-damage|p1a: Rillaboom|51/100 tox|[from] Stealth Rock
|-fieldstart|move: Grassy Terrain|[from] ability: Grassy Surge|[of] p1a: Rillaboom
|turn|23
|
|t:|1769432989
|switch|p2a: Venusaur|Venusaur, M, shiny|97/100
|move|p1a: Rillaboom|Grassy Glide|p2a: Venusaur
|-resisted|p2a: Venusaur
|-damage|p2a: Venusaur|90/100
|
|-heal|p2a: Venusaur|96/100|[from] Grassy Terrain
|-heal|p2a: Venusaur|100/100|[from] item: Black Sludge
|-heal|p1a: Rillaboom|58/100 tox|[from] Grassy Terrain
|-damage|p1a: Rillaboom|51/100 tox|[from] psn
|upkeep
|turn|24
|
|t:|1769433003
|move|p2a: Venusaur|Sludge Bomb|p1a: Rillaboom
|-supereffective|p1a: Rillaboom
|-damage|p1a: Rillaboom|0 fnt
|faint|p1a: Rillaboom
|
|upkeep
|
|t:|1769433012
|switch|p1a: Primarina|Primarina, M|100/100
|-damage|p1a: Primarina|88/100|[from] Stealth Rock
|-status|p1a: Primarina|tox
|turn|25
|
|t:|1769433021
|move|p2a: Venusaur|Leech Seed|p1a: Primarina
|-start|p1a: Primarina|move: Leech Seed
|move|p1a: Primarina|Moonblast|p2a: Venusaur
|-resisted|p2a: Venusaur
|-damage|p2a: Venusaur|80/100
|
|-heal|p2a: Venusaur|86/100|[from] Grassy Terrain
|-heal|p2a: Venusaur|92/100|[from] item: Black Sludge
|-heal|p1a: Primarina|94/100 tox|[from] Grassy Terrain
|-heal|p1a: Primarina|99/100 tox|[from] item: Leftovers
|-damage|p1a: Primarina|88/100 tox|[from] Leech Seed|[of] p2a: Venusaur
|-heal|p2a: Venusaur|100/100|[silent]
|-damage|p1a: Primarina|82/100 tox|[from] psn
|upkeep
|turn|26
|
|t:|1769433037
|move|p2a: Venusaur|Sludge Bomb|p1a: Primarina
|-supereffective|p1a: Primarina
|-damage|p1a: Primarina|9/100 tox
|move|p1a: Primarina|Calm Mind|p1a: Primarina
|-boost|p1a: Primarina|spa|1
|-boost|p1a: Primarina|spd|1
|
|-heal|p1a: Primarina|15/100 tox|[from] Grassy Terrain
|-heal|p1a: Primarina|21/100 tox|[from] item: Leftovers
|-damage|p1a: Primarina|8/100 tox|[from] Leech Seed|[of] p2a: Venusaur
|-damage|p1a: Primarina|0 fnt|[from] psn
|faint|p1a: Primarina
|-sideend|p2: aceboladoxx|Reflect
|upkeep
|
|t:|1769433051
|switch|p1a: Ceruledge|Ceruledge, M|13/100 tox
|-damage|p1a: Ceruledge|0 fnt|[from] Stealth Rock
|faint|p1a: Ceruledge
|
|t:|1769433064
|switch|p1a: Ting-Lu|Ting-Lu|100/100
|-damage|p1a: Ting-Lu|94/100|[from] Stealth Rock
|-status|p1a: Ting-Lu|tox
|-ability|p1a: Ting-Lu|Vessel of Ruin
|turn|27
|
|t:|1769433074
|move|p2a: Venusaur|Leech Seed|p1a: Ting-Lu
|-start|p1a: Ting-Lu|move: Leech Seed
|move|p1a: Ting-Lu|Earth Power|p2a: Venusaur
|-damage|p2a: Venusaur|81/100
|
|-heal|p2a: Venusaur|87/100|[from] Grassy Terrain
|-heal|p2a: Venusaur|93/100|[from] item: Black Sludge
|-heal|p1a: Ting-Lu|100/100 tox|[from] Grassy Terrain
|-damage|p1a: Ting-Lu|88/100 tox|[from] Leech Seed|[of] p2a: Venusaur
|-heal|p2a: Venusaur|100/100|[silent]
|-damage|p1a: Ting-Lu|82/100 tox|[from] psn
|-fieldend|move: Grassy Terrain
|upkeep
|turn|28
|
|t:|1769433087
|move|p2a: Venusaur|Giga Drain|p1a: Ting-Lu
|-supereffective|p1a: Ting-Lu
|-damage|p1a: Ting-Lu|37/100 tox
|move|p1a: Ting-Lu|Earth Power|p2a: Venusaur
|-damage|p2a: Venusaur|83/100
|
|-heal|p2a: Venusaur|89/100|[from] item: Black Sludge
|-damage|p1a: Ting-Lu|25/100 tox|[from] Leech Seed|[of] p2a: Venusaur
|-heal|p2a: Venusaur|100/100|[silent]
|-damage|p1a: Ting-Lu|13/100 tox|[from] psn
|upkeep
|turn|29
|
|t:|1769433099
|move|p2a: Venusaur|Giga Drain|p1a: Ting-Lu
|-supereffective|p1a: Ting-Lu
|-damage|p1a: Ting-Lu|0 fnt
|faint|p1a: Ting-Lu
|
|win|aceboladoxx
|raw|buhuizhibuyutianti's rating: 1159 &rarr; <strong>1129</strong><br />(-30 for losing)
|raw|aceboladoxx's rating: 1093 &rarr; <strong>1124</strong><br />(+31 for winning)
