|j|☆Flameorbjolt
|j|‽psych210
|t:|1769322298
|gametype|singles
|player|p1|Flameorbjolt|twins-gen4|1380
|player|p2|psych210|101|1374
|gen|9
|tier|[Gen 9] OU
|rated|
|rule|HP Percentage Mod: HP is shown in percentages
|rule|Endless Battle Clause: Forcing endless battles is banned
|rule|Species Clause: Limit one of each Pokémon
|rule|OHKO Clause: OHKO moves are banned
|rule|Evasion Items Clause: Evasion items are banned
|rule|Evasion Moves Clause: Evasion moves are banned
|rule|Evasion Abilities Clause: Evasion abilities are banned
|rule|Sleep Moves Clause: Sleep-inducing moves are banned
|clearpoke
|poke|p1|Pelipper, F|
|poke|p1|Floatzel, M|
|poke|p1|Raging Bolt|
|poke|p1|Basculegion, M|
|poke|p1|Ogerpon-Cornerstone, F|
|poke|p1|Iron Treads|
|poke|p2|Hydrapple, M|
|poke|p2|Skarmory, F|
|poke|p2|Iron Crown|
|poke|p2|Pecharunt|
|poke|p2|Great Tusk|
|poke|p2|Kyurem|
|teampreview
|inactive|Battle timer is ON: inactive players will automatically lose when time's up. (requested by Flameorbjolt)
|
|t:|1769322324
|teamsize|p1|6
|teamsize|p2|6
|start
|switch|p1a: Pelipper|Pelipper, F|100/100
|switch|p2a: Kyurem|Kyurem|100/100
|-ability|p2a: Kyurem|Pressure
|-weather|RainDance|[from] ability: Drizzle|[of] p1a: Pelipper
|turn|1
|
|t:|1769322333
|switch|p1a: Iron Treads|Iron Treads|100/100
|move|p2a: Kyurem|Freeze-Dry|p1a: Iron Treads
|-damage|p1a: Iron Treads|31/100
|-enditem|p1a: Iron Treads|Eject Button
|
|t:|1769322336
|-end|p1a: Iron Treads|Quark Drive|[silent]
|switch|p1a: Ogerpon|Ogerpon-Cornerstone, F|100/100
|
|-weather|RainDance|[upkeep]
|upkeep
|turn|2
|
|t:|1769322345
|switch|p2a: Skarmory|Skarmory, F|100/100
|move|p1a: Ogerpon|Swords Dance|p1a: Ogerpon
|-boost|p1a: Ogerpon|atk|2
|
|-weather|RainDance|[upkeep]
|upkeep
|turn|3
|
|t:|1769322352
|-terastallize|p1a: Ogerpon|Rock
|detailschange|p1a: Ogerpon|Ogerpon-Cornerstone-Tera, F, tera:Rock
|-ability|p1a: Ogerpon|Embody Aspect (Cornerstone)|boost
|-boost|p1a: Ogerpon|def|1
|move|p1a: Ogerpon|Ivy Cudgel|p2a: Skarmory|[anim] Ivy Cudgel Rock
|-damage|p2a: Skarmory|4/100
|move|p2a: Skarmory|Whirlwind|p1a: Ogerpon
|drag|p1a: Floatzel|Floatzel, M|100/100
|
|-weather|RainDance|[upkeep]
|upkeep
|turn|4
|
|t:|1769322362
|move|p1a: Floatzel|Flip Turn|p2a: Skarmory
|-damage|p2a: Skarmory|0 fnt
|-damage|p1a: Floatzel|84/100|[from] item: Rocky Helmet|[of] p2a: Skarmory
|faint|p2a: Skarmory
|
|t:|1769322367
|switch|p1a: Basculegion|Basculegion, M|100/100|[from] Flip Turn
|
|-weather|RainDance|[upkeep]
|upkeep
|
|t:|1769322379
|switch|p2a: Iron Crown|Iron Crown|100/100
|turn|5
|
|t:|1769322407
|move|p1a: Basculegion|Wave Crash|p2a: Iron Crown
|-damage|p2a: Iron Crown|0 fnt
|faint|p2a: Iron Crown
|-end|p2a: Iron Crown|Quark Drive|[silent]
|-damage|p1a: Basculegion|73/100|[from] Recoil
|
|-weather|RainDance|[upkeep]
|upkeep
|
|t:|1769322420
|switch|p2a: Hydrapple|Hydrapple, M|100/100
|turn|6
|
|t:|1769322431
|switch|p1a: Pelipper|Pelipper, F|100/100
|move|p2a: Hydrapple|Grass Knot|p1a: Pelipper
|-damage|p1a: Pelipper|61/100
|
|-weather|RainDance|[upkeep]
|upkeep
|turn|7
|
|t:|1769322442
|move|p1a: Pelipper|U-turn|p2a: Hydrapple
|-supereffective|p2a: Hydrapple
|-damage|p2a: Hydrapple|87/100
|
|t:|1769322448
|switch|p1a: Raging Bolt|Raging Bolt|100/100|[from] U-turn
|-enditem|p1a: Raging Bolt|Booster Energy
|-activate|p1a: Raging Bolt|ability: Protosynthesis|[fromitem]
|-start|p1a: Raging Bolt|protosynthesisspa
|move|p2a: Hydrapple|Dragon Tail|p1a: Raging Bolt
|-supereffective|p1a: Raging Bolt
|-damage|p1a: Raging Bolt|71/100
|-end|p1a: Raging Bolt|Protosynthesis|[silent]
|drag|p1a: Iron Treads|Iron Treads|31/100
|
|-weather|RainDance|[upkeep]
|upkeep
|turn|8
|
|t:|1769322457
|move|p1a: Iron Treads|Stealth Rock|p2a: Hydrapple
|-sidestart|p2: psych210|move: Stealth Rock
|move|p2a: Hydrapple|Earth Power|p1a: Iron Treads
|-supereffective|p1a: Iron Treads
|-damage|p1a: Iron Treads|0 fnt
|faint|p1a: Iron Treads
|-end|p1a: Iron Treads|Quark Drive|[silent]
|
|-weather|none
|upkeep
|inactive|Flameorbjolt has 120 seconds left.
|
|t:|1769322500
|switch|p1a: Raging Bolt|Raging Bolt|71/100
|turn|9
|
|t:|1769322528
|switch|p2a: Great Tusk|Great Tusk|100/100
|-damage|p2a: Great Tusk|98/100|[from] Stealth Rock
|-enditem|p2a: Great Tusk|Booster Energy
|-activate|p2a: Great Tusk|ability: Protosynthesis|[fromitem]
|-start|p2a: Great Tusk|protosynthesisspe
|move|p1a: Raging Bolt|Dragon Pulse|p2a: Great Tusk
|-damage|p2a: Great Tusk|30/100
|
|upkeep
|turn|10
|inactive|Flameorbjolt has 120 seconds left.
|
|t:|1769322548
|-end|p2a: Great Tusk|Protosynthesis|[silent]
|switch|p2a: Kyurem|Kyurem|100/100
|-damage|p2a: Kyurem|76/100|[from] Stealth Rock
|-ability|p2a: Kyurem|Pressure
|-end|p1a: Raging Bolt|Protosynthesis|[silent]
|switch|p1a: Pelipper|Pelipper, F|61/100
|-weather|RainDance|[from] ability: Drizzle|[of] p1a: Pelipper
|
|-weather|RainDance|[upkeep]
|upkeep
|turn|11
|
|t:|1769322558
|move|p2a: Kyurem|Freeze-Dry|p1a: Pelipper
|-supereffective|p1a: Pelipper
|-damage|p1a: Pelipper|0 fnt
|faint|p1a: Pelipper
|
|-weather|RainDance|[upkeep]
|upkeep
|
|t:|1769322560
|switch|p1a: Ogerpon|Ogerpon-Cornerstone-Tera, F, tera:Rock|100/100
|-ability|p1a: Ogerpon|Embody Aspect (Cornerstone)|boost
|-boost|p1a: Ogerpon|def|1
|turn|12
|
|t:|1769322566
|switch|p2a: Hydrapple|Hydrapple, M|100/100
|-damage|p2a: Hydrapple|88/100|[from] Stealth Rock
|move|p1a: Ogerpon|Ivy Cudgel|p2a: Hydrapple|[anim] Ivy Cudgel Rock
|-crit|p2a: Hydrapple
|-damage|p2a: Hydrapple|0 fnt
|faint|p2a: Hydrapple
|
|-weather|RainDance|[upkeep]
|upkeep
|
|t:|1769322569
|switch|p2a: Pecharunt|Pecharunt|100/100
|turn|13
|
|t:|1769322574
|move|p1a: Ogerpon|Swords Dance|p1a: Ogerpon
|-boost|p1a: Ogerpon|atk|2
|move|p2a: Pecharunt|Malignant Chain|p1a: Ogerpon
|-resisted|p1a: Ogerpon
|-damage|p1a: Ogerpon|82/100
|-status|p1a: Ogerpon|tox
|-start|p1a: Ogerpon|confusion|[from] ability: Poison Puppeteer|[of] p2a: Pecharunt
|
|-weather|RainDance|[upkeep]
|-damage|p1a: Ogerpon|76/100 tox|[from] psn
|upkeep
|turn|14
|
|t:|1769322577
|-activate|p1a: Ogerpon|confusion
|-damage|p1a: Ogerpon|53/100 tox|[from] confusion
|move|p2a: Pecharunt|Hex|p1a: Ogerpon
|-damage|p1a: Ogerpon|4/100 tox
|
|-weather|RainDance|[upkeep]
|-damage|p1a: Ogerpon|0 fnt|[from] psn
|faint|p1a: Ogerpon
|detailschange|p1: Ogerpon|Ogerpon-Cornerstone, F|[silent]
|upkeep
|
|t:|1769322591
|switch|p1a: Floatzel|Floatzel, M|84/100
|turn|15
|
|t:|1769322600
|-terastallize|p2a: Pecharunt|Water
|move|p1a: Floatzel|Wave Crash|p2a: Pecharunt
|-resisted|p2a: Pecharunt
|-damage|p2a: Pecharunt|60/100
|-damage|p1a: Floatzel|68/100|[from] Recoil
|move|p2a: Pecharunt|Malignant Chain|p1a: Floatzel
|-damage|p1a: Floatzel|5/100
|-status|p1a: Floatzel|tox
|-start|p1a: Floatzel|confusion|[from] ability: Poison Puppeteer|[of] p2a: Pecharunt
|
|-weather|RainDance|[upkeep]
|-damage|p1a: Floatzel|0 fnt|[from] psn
|faint|p1a: Floatzel
|upkeep
|
|t:|1769322613
|switch|p1a: Raging Bolt|Raging Bolt|71/100
|turn|16
|
|t:|1769322619
|switch|p2a: Kyurem|Kyurem|76/100
|-damage|p2a: Kyurem|51/100|[from] Stealth Rock
|-ability|p2a: Kyurem|Pressure
|move|p1a: Raging Bolt|Thunder|p2a: Kyurem
|-resisted|p2a: Kyurem
|-damage|p2a: Kyurem|19/100
|
|-weather|RainDance|[upkeep]
|upkeep
|turn|17
|
|t:|1769322625
|move|p1a: Raging Bolt|Thunderclap|p2a: Kyurem
|-resisted|p2a: Kyurem
|-damage|p2a: Kyurem|0 fnt
|faint|p2a: Kyurem
|
|-weather|none
|upkeep
|
|t:|1769322627
|switch|p2a: Great Tusk|Great Tusk|30/100
|-damage|p2a: Great Tusk|27/100|[from] Stealth Rock
|turn|18
|
|t:|1769322638
|-end|p1a: Raging Bolt|Protosynthesis|[silent]
|switch|p1a: Basculegion|Basculegion, M|73/100
|move|p2a: Great Tusk|Headlong Rush|p1a: Basculegion
|-damage|p1a: Basculegion|2/100
|-unboost|p2a: Great Tusk|def|1
|-unboost|p2a: Great Tusk|spd|1
|
|upkeep
|turn|19
|
|t:|1769322648
|-end|p2a: Great Tusk|Protosynthesis|[silent]
|switch|p2a: Pecharunt|Pecharunt, tera:Water|60/100
|move|p1a: Basculegion|Aqua Jet|p2a: Pecharunt
|-resisted|p2a: Pecharunt
|-damage|p2a: Pecharunt|50/100
|
|upkeep
|turn|20
|
|t:|1769322658
|switch|p1a: Raging Bolt|Raging Bolt|71/100
|move|p2a: Pecharunt|Malignant Chain|p1a: Raging Bolt
|-damage|p1a: Raging Bolt|41/100
|
|upkeep
|turn|21
|
|t:|1769322667
|move|p2a: Pecharunt|Malignant Chain|p1a: Raging Bolt
|-damage|p1a: Raging Bolt|11/100
|-status|p1a: Raging Bolt|tox
|-start|p1a: Raging Bolt|confusion|[from] ability: Poison Puppeteer|[of] p2a: Pecharunt
|-activate|p1a: Raging Bolt|confusion
|move|p1a: Raging Bolt|Dragon Pulse|p2a: Pecharunt
|-damage|p2a: Pecharunt|0 fnt
|faint|p2a: Pecharunt
|
|-damage|p1a: Raging Bolt|5/100 tox|[from] psn
|upkeep
|
|t:|1769322675
|switch|p2a: Great Tusk|Great Tusk|27/100
|-damage|p2a: Great Tusk|24/100|[from] Stealth Rock
|turn|22
|
|t:|1769322683
|move|p2a: Great Tusk|Rapid Spin|p1a: Raging Bolt
|-damage|p1a: Raging Bolt|0 fnt
|-boost|p2a: Great Tusk|spe|1
|-sideend|p2: psych210|Stealth Rock|[from] move: Rapid Spin|[of] p2a: Great Tusk
|faint|p1a: Raging Bolt
|-end|p1a: Raging Bolt|Protosynthesis|[silent]
|
|upkeep
|
|t:|1769322706
|switch|p1a: Basculegion|Basculegion, M|2/100
|turn|23
|
|t:|1769322709
|move|p1a: Basculegion|Aqua Jet|p2a: Great Tusk
|-supereffective|p2a: Great Tusk
|-crit|p2a: Great Tusk
|-damage|p2a: Great Tusk|0 fnt
|faint|p2a: Great Tusk
|-end|p2a: Great Tusk|Protosynthesis|[silent]
|
|win|Flameorbjolt
|raw|Flameorbjolt's rating: 1380 &rarr; <strong>1400</strong><br />(+20 for winning)
|raw|psych210's rating: 1374 &rarr; <strong>1354</strong><br />(-20 for losing)
