|j|☆seymourbandz
|j|☆jenny talles
|t:|1769323204
|gametype|singles
|player|p1|seymourbandz|janitor|1530
|player|p2|jenny talles|1|1495
|gen|9
|tier|[Gen 9] OU
|rated|
|rule|HP Percentage Mod: HP is shown in percentages
|rule|Endless Battle Clause: Forcing endless battles is banned
|rule|Species Clause: Limit one of each Pokémon
|rule|OHKO Clause: OHKO moves are banned
|rule|Evasion Items Clause: Evasion items are banned
|rule|Evasion Moves Clause: Evasion moves are banned
|rule|Evasion Abilities Clause: Evasion abilities are banned
|rule|Sleep Moves Clause: Sleep-inducing moves are banned
|clearpoke
|poke|p1|Torkoal, M|
|poke|p1|Iron Moth|
|poke|p1|Venusaur, M|
|poke|p1|Walking Wake|
|poke|p1|Hatterene, F|
|poke|p1|Landorus-Therian, M|
|poke|p2|Iron Valiant|
|poke|p2|Iron Treads|
|poke|p2|Dragonite, F|
|poke|p2|Volcanion|
|poke|p2|Gliscor, M|
|poke|p2|Weavile, F|
|teampreview
|
|t:|1769323221
|teamsize|p1|6
|teamsize|p2|6
|start
|switch|p1a: Torkoal|Torkoal, M|100/100
|switch|p2a: Volcanion|Volcanion|100/100
|-weather|SunnyDay|[from] ability: Drought|[of] p1a: Torkoal
|turn|1
|inactive|Battle timer is ON: inactive players will automatically lose when time's up. (requested by seymourbandz)
|inactive|seymourbandz has 120 seconds left.
|
|t:|1769323257
|switch|p1a: Walking Wake|Walking Wake|100/100
|-activate|p1a: Walking Wake|ability: Protosynthesis
|-start|p1a: Walking Wake|protosynthesisspe
|move|p2a: Volcanion|Sludge Wave|p1a: Walking Wake
|-damage|p1a: Walking Wake|45/100
|
|-weather|SunnyDay|[upkeep]
|upkeep
|turn|2
|
|t:|1769323275
|switch|p2a: Iron Treads|Iron Treads|100/100
|move|p1a: Walking Wake|Draco Meteor|p2a: Iron Treads
|-resisted|p2a: Iron Treads
|-damage|p2a: Iron Treads|57/100
|-unboost|p1a: Walking Wake|spa|2
|
|-weather|SunnyDay|[upkeep]
|upkeep
|turn|3
|
|t:|1769323284
|-end|p1a: Walking Wake|Protosynthesis|[silent]
|switch|p1a: Landorus|Landorus-Therian, M|100/100
|-ability|p1a: Landorus|Intimidate|boost
|-unboost|p2a: Iron Treads|atk|1
|move|p2a: Iron Treads|Ice Spinner|p1a: Landorus
|-supereffective|p1a: Landorus
|-damage|p1a: Landorus|27/100
|-damage|p2a: Iron Treads|40/100|[from] item: Rocky Helmet|[of] p1a: Landorus
|
|-weather|SunnyDay|[upkeep]
|upkeep
|turn|4
|
|t:|1769323298
|switch|p1a: Hatterene|Hatterene, F|100/100
|move|p2a: Iron Treads|Ice Spinner|p1a: Hatterene
|-damage|p1a: Hatterene|88/100
|-enditem|p1a: Hatterene|Eject Button
|
|t:|1769323319
|switch|p1a: Venusaur|Venusaur, M|100/100
|
|-weather|SunnyDay|[upkeep]
|upkeep
|turn|5
|inactive|jenny talles has 120 seconds left.
|inactive|jenny talles has 90 seconds left.
|
|t:|1769323394
|move|p1a: Venusaur|Solar Beam||[still]
|-prepare|p1a: Venusaur|Solar Beam
|-anim|p1a: Venusaur|Solar Beam|p2a: Iron Treads
|-damage|p2a: Iron Treads|0 fnt
|faint|p2a: Iron Treads
|-end|p2a: Iron Treads|Quark Drive|[silent]
|-damage|p1a: Venusaur|91/100|[from] item: Life Orb
|
|-weather|SunnyDay|[upkeep]
|upkeep
|
|t:|1769323402
|switch|p2a: Dragonite|Dragonite, F|100/100
|turn|6
|
|t:|1769323408
|switch|p1a: Landorus|Landorus-Therian, M|27/100
|-ability|p1a: Landorus|Intimidate|boost
|-unboost|p2a: Dragonite|atk|1
|move|p2a: Dragonite|Ice Spinner|p1a: Landorus
|-supereffective|p1a: Landorus
|-damage|p1a: Landorus|0 fnt
|-damage|p2a: Dragonite|84/100|[from] item: Rocky Helmet|[of] p1a: Landorus
|faint|p1a: Landorus
|
|-weather|SunnyDay|[upkeep]
|upkeep
|
|t:|1769323435
|switch|p1a: Hatterene|Hatterene, F|88/100
|turn|7
|
|t:|1769323440
|switch|p2a: Volcanion|Volcanion|100/100
|move|p1a: Hatterene|Nuzzle|p2a: Volcanion
|-supereffective|p2a: Volcanion
|-damage|p2a: Volcanion|93/100
|-status|p2a: Volcanion|par
|
|-weather|SunnyDay|[upkeep]
|upkeep
|turn|8
|
|t:|1769323448
|switch|p1a: Iron Moth|Iron Moth|100/100
|-enditem|p1a: Iron Moth|Booster Energy
|-activate|p1a: Iron Moth|ability: Quark Drive|[fromitem]
|-start|p1a: Iron Moth|quarkdrivespa
|move|p2a: Volcanion|Sludge Wave|p1a: Iron Moth
|-resisted|p1a: Iron Moth
|-damage|p1a: Iron Moth|73/100
|
|-weather|none
|upkeep
|turn|9
|inactive|jenny talles has 90 seconds left.
|
|t:|1769323472
|move|p1a: Iron Moth|Energy Ball|p2a: Volcanion
|-damage|p2a: Volcanion|44/100 par
|cant|p2a: Volcanion|par
|
|upkeep
|turn|10
|
|t:|1769323478
|switch|p2a: Dragonite|Dragonite, F|84/100
|move|p1a: Iron Moth|Energy Ball|p2a: Dragonite
|-resisted|p2a: Dragonite
|-damage|p2a: Dragonite|72/100
|
|upkeep
|turn|11
|
|t:|1769323485
|move|p1a: Iron Moth|Dazzling Gleam|p2a: Dragonite
|-supereffective|p2a: Dragonite
|-damage|p2a: Dragonite|0 fnt
|faint|p2a: Dragonite
|
|upkeep
|
|t:|1769323492
|switch|p2a: Weavile|Weavile, F|100/100
|-ability|p2a: Weavile|Pressure
|turn|12
|
|t:|1769323498
|-end|p1a: Iron Moth|Quark Drive|[silent]
|switch|p1a: Torkoal|Torkoal, M|100/100
|-weather|SunnyDay|[from] ability: Drought|[of] p1a: Torkoal
|move|p2a: Weavile|Knock Off|p1a: Torkoal
|-crit|p1a: Torkoal
|-damage|p1a: Torkoal|63/100
|-enditem|p1a: Torkoal|Heat Rock|[from] move: Knock Off|[of] p2a: Weavile
|
|-weather|SunnyDay|[upkeep]
|upkeep
|turn|13
|
|t:|1769323509
|switch|p2a: Volcanion|Volcanion|44/100 par
|move|p1a: Torkoal|Body Press|p2a: Volcanion
|-damage|p2a: Volcanion|15/100 par
|
|-weather|SunnyDay|[upkeep]
|upkeep
|turn|14
|
|t:|1769323517
|switch|p1a: Iron Moth|Iron Moth|73/100
|cant|p2a: Volcanion|par
|
|-weather|SunnyDay|[upkeep]
|upkeep
|turn|15
|-message|jenny talles forfeited.
|
|win|seymourbandz
|raw|seymourbandz's rating: 1530 &rarr; <strong>1548</strong><br />(+18 for winning)
|raw|jenny talles's rating: 1495 &rarr; <strong>1477</strong><br />(-18 for losing)
|l|☆jenny talles
|player|p2|
|l|☆seymourbandz
|player|p1|
