|j|☆zhaojindawang朝瑾
|j|☆lotus5ive
|t:|1769403876
|gametype|singles
|player|p1|zhaojindawang朝瑾|caitlin|1467
|player|p2|lotus5ive|bruno|1418
|gen|9
|tier|[Gen 9] OU
|rated|
|rule|HP Percentage Mod: HP is shown in percentages
|rule|Endless Battle Clause: Forcing endless battles is banned
|rule|Species Clause: Limit one of each Pokémon
|rule|OHKO Clause: OHKO moves are banned
|rule|Evasion Items Clause: Evasion items are banned
|rule|Evasion Moves Clause: Evasion moves are banned
|rule|Evasion Abilities Clause: Evasion abilities are banned
|rule|Sleep Moves Clause: Sleep-inducing moves are banned
|clearpoke
|poke|p1|Hatterene, F|
|poke|p1|Weezing-Galar, F|
|poke|p1|Dondozo, F|
|poke|p1|Gliscor, F|
|poke|p1|Clodsire, M|
|poke|p1|Volcanion|
|poke|p2|Pecharunt|
|poke|p2|Great Tusk|
|poke|p2|Ogerpon-Wellspring, F|
|poke|p2|Iron Crown|
|poke|p2|Landorus-Therian, M|
|poke|p2|Samurott-Hisui, F|
|teampreview
|inactive|Battle timer is ON: inactive players will automatically lose when time's up. (requested by zhaojindawang朝瑾)
|
|t:|1769403887
|teamsize|p1|6
|teamsize|p2|6
|start
|switch|p1a: 飞天大蝙蝠|Gliscor, F|100/100
|switch|p2a: Landorus|Landorus-Therian, M|100/100
|-ability|p2a: Landorus|Intimidate|boost
|-unboost|p1a: 飞天大蝙蝠|atk|1
|turn|1
|
|t:|1769403894
|move|p1a: 飞天大蝙蝠|Protect|p1a: 飞天大蝙蝠
|-singleturn|p1a: 飞天大蝙蝠|Protect
|move|p2a: Landorus|U-turn|p1a: 飞天大蝙蝠
|-activate|p1a: 飞天大蝙蝠|move: Protect
|
|-status|p1a: 飞天大蝙蝠|tox|[from] item: Toxic Orb
|upkeep
|turn|2
|
|t:|1769403906
|switch|p2a: Samurott|Samurott-Hisui, F|100/100
|move|p1a: 飞天大蝙蝠|Knock Off|p2a: Samurott
|-resisted|p2a: Samurott
|-damage|p2a: Samurott|91/100
|-enditem|p2a: Samurott|Assault Vest|[from] move: Knock Off|[of] p1a: 飞天大蝙蝠
|
|upkeep
|turn|3
|
|t:|1769403914
|switch|p1a: Weezing|Weezing-Galar, F|100/100
|-ability|p1a: Weezing|Neutralizing Gas
|move|p2a: Samurott|Razor Shell|p1a: Weezing
|-damage|p1a: Weezing|75/100
|-damage|p2a: Samurott|75/100|[from] item: Rocky Helmet|[of] p1a: Weezing
|
|upkeep
|turn|4
|
|t:|1769403933
|switch|p2a: Iron Crown|Iron Crown|100/100
|move|p1a: Weezing|Strange Steam|p2a: Iron Crown
|-resisted|p2a: Iron Crown
|-damage|p2a: Iron Crown|86/100
|
|upkeep
|turn|5
|
|t:|1769403941
|-end|p1a: Weezing|ability: Neutralizing Gas
|switch|p1a: 飞天大蝙蝠|Gliscor, F|100/100 tox
|move|p2a: Iron Crown|Volt Switch|p1a: 飞天大蝙蝠
|-immune|p1a: 飞天大蝙蝠
|
|upkeep
|turn|6
|
|t:|1769403960
|-end|p2a: Iron Crown|Quark Drive|[silent]
|switch|p2a: Ogerpon|Ogerpon-Wellspring, F|100/100
|move|p1a: 飞天大蝙蝠|Toxic|p2a: Ogerpon
|-status|p2a: Ogerpon|tox
|
|-damage|p2a: Ogerpon|94/100 tox|[from] psn
|upkeep
|turn|7
|
|t:|1769403971
|move|p1a: 飞天大蝙蝠|Protect|p1a: 飞天大蝙蝠
|-singleturn|p1a: 飞天大蝙蝠|Protect
|move|p2a: Ogerpon|Trailblaze|p1a: 飞天大蝙蝠
|-activate|p1a: 飞天大蝙蝠|move: Protect
|
|-damage|p2a: Ogerpon|82/100 tox|[from] psn
|upkeep
|turn|8
|
|t:|1769403981
|switch|p1a: 帽子姐姐强无敌|Hatterene, F, shiny|100/100
|move|p2a: Ogerpon|Trailblaze|p1a: 帽子姐姐强无敌
|-damage|p1a: 帽子姐姐强无敌|81/100
|-boost|p2a: Ogerpon|spe|1
|-damage|p2a: Ogerpon|66/100 tox|[from] item: Rocky Helmet|[of] p1a: 帽子姐姐强无敌
|
|-damage|p2a: Ogerpon|48/100 tox|[from] psn
|upkeep
|turn|9
|
|t:|1769403992
|switch|p1a: 九转吞天鲶|Dondozo, F, shiny|100/100
|move|p2a: Ogerpon|Ivy Cudgel|p1a: 九转吞天鲶|[anim] Ivy Cudgel Water
|-resisted|p1a: 九转吞天鲶
|-damage|p1a: 九转吞天鲶|88/100
|
|-heal|p1a: 九转吞天鲶|94/100|[from] item: Leftovers
|-damage|p2a: Ogerpon|24/100 tox|[from] psn
|upkeep
|turn|10
|
|t:|1769404007
|switch|p1a: Weezing|Weezing-Galar, F|75/100
|-ability|p1a: Weezing|Neutralizing Gas
|move|p2a: Ogerpon|Trailblaze|p1a: Weezing
|-resisted|p1a: Weezing
|-damage|p1a: Weezing|66/100
|-boost|p2a: Ogerpon|spe|1
|-damage|p2a: Ogerpon|7/100 tox|[from] item: Rocky Helmet|[of] p1a: Weezing
|
|-damage|p2a: Ogerpon|0 fnt|[from] psn
|faint|p2a: Ogerpon
|upkeep
|
|t:|1769404016
|switch|p2a: Landorus|Landorus-Therian, M|100/100
|turn|11
|
|t:|1769404025
|-end|p1a: Weezing|ability: Neutralizing Gas
|-ability|p2a: Landorus|Intimidate|boost
|-unboost|p1a: Weezing|atk|1
|switch|p1a: 帽子姐姐强无敌|Hatterene, F, shiny|81/100
|move|p2a: Landorus|Earthquake|p1a: 帽子姐姐强无敌
|-damage|p1a: 帽子姐姐强无敌|30/100
|
|upkeep
|turn|12
|
|t:|1769404038
|move|p2a: Landorus|Earthquake|p1a: 帽子姐姐强无敌
|-damage|p1a: 帽子姐姐强无敌|0 fnt
|faint|p1a: 帽子姐姐强无敌
|
|upkeep
|
|t:|1769404040
|switch|p1a: 飞天大蝙蝠|Gliscor, F|100/100 tox
|turn|13
|
|t:|1769404052
|switch|p2a: Samurott|Samurott-Hisui, F|75/100
|move|p1a: 飞天大蝙蝠|Knock Off|p2a: Samurott
|-resisted|p2a: Samurott
|-damage|p2a: Samurott|66/100
|
|upkeep
|turn|14
|
|t:|1769404060
|switch|p1a: Weezing|Weezing-Galar, F|66/100
|-ability|p1a: Weezing|Neutralizing Gas
|move|p2a: Samurott|Ceaseless Edge|p1a: Weezing
|-resisted|p1a: Weezing
|-damage|p1a: Weezing|56/100
|-damage|p2a: Samurott|50/100|[from] item: Rocky Helmet|[of] p1a: Weezing
|-sidestart|p1: zhaojindawang朝瑾|Spikes
|
|upkeep
|turn|15
|
|t:|1769404070
|switch|p2a: Iron Crown|Iron Crown|86/100
|move|p1a: Weezing|Defog|p2a: Iron Crown
|-unboost|p2a: Iron Crown|evasion|1
|-sideend|p1: zhaojindawang朝瑾|Spikes|[from] move: Defog|[of] p1a: Weezing
|
|upkeep
|turn|16
|
|t:|1769404074
|-end|p1a: Weezing|ability: Neutralizing Gas
|switch|p1a: 飞天大蝙蝠|Gliscor, F|100/100 tox
|move|p2a: Iron Crown|Tachyon Cutter|p1a: 飞天大蝙蝠
|-damage|p1a: 飞天大蝙蝠|68/100 tox
|-damage|p1a: 飞天大蝙蝠|35/100 tox
|-hitcount|p1a: 飞天大蝙蝠|2
|
|-heal|p1a: 飞天大蝙蝠|48/100 tox|[from] ability: Poison Heal
|upkeep
|turn|17
|
|t:|1769404086
|move|p1a: 飞天大蝙蝠|Protect|p1a: 飞天大蝙蝠
|-singleturn|p1a: 飞天大蝙蝠|Protect
|move|p2a: Iron Crown|Tachyon Cutter|p1a: 飞天大蝙蝠
|-activate|p1a: 飞天大蝙蝠|move: Protect
|
|-heal|p1a: 飞天大蝙蝠|60/100 tox|[from] ability: Poison Heal
|upkeep
|turn|18
|
|t:|1769404096
|switch|p1a: Volcanion|Volcanion|100/100
|move|p2a: Iron Crown|Tachyon Cutter|p1a: Volcanion
|-resisted|p1a: Volcanion
|-damage|p1a: Volcanion|89/100
|-resisted|p1a: Volcanion
|-damage|p1a: Volcanion|77/100
|-hitcount|p1a: Volcanion|2
|
|upkeep
|turn|19
|
|t:|1769404109
|-end|p2a: Iron Crown|Quark Drive|[silent]
|switch|p2a: Samurott|Samurott-Hisui, F|50/100
|move|p1a: Volcanion|Steam Eruption|p2a: Samurott
|-resisted|p2a: Samurott
|-damage|p2a: Samurott|9/100
|-status|p2a: Samurott|brn
|
|-damage|p2a: Samurott|3/100 brn|[from] brn
|upkeep
|turn|20
|
|t:|1769404119
|move|p1a: Volcanion|Steam Eruption|p2a: Samurott
|-resisted|p2a: Samurott
|-damage|p2a: Samurott|0 fnt
|faint|p2a: Samurott
|
|upkeep
|
|t:|1769404130
|switch|p2a: Iron Crown|Iron Crown|86/100
|turn|21
|
|t:|1769404134
|switch|p1a: 黑太岁|Clodsire, M, shiny|100/100
|move|p2a: Iron Crown|Volt Switch|p1a: 黑太岁
|-immune|p1a: 黑太岁
|
|upkeep
|turn|22
|
|t:|1769404147
|-end|p2a: Iron Crown|Quark Drive|[silent]
|switch|p2a: Landorus|Landorus-Therian, M|100/100
|-ability|p2a: Landorus|Intimidate|boost
|-unboost|p1a: 黑太岁|atk|1
|move|p1a: 黑太岁|Poison Jab|p2a: Landorus
|-resisted|p2a: Landorus
|-damage|p2a: Landorus|92/100
|
|upkeep
|turn|23
|
|t:|1769404153
|switch|p1a: 飞天大蝙蝠|Gliscor, F|60/100 tox
|move|p2a: Landorus|U-turn|p1a: 飞天大蝙蝠
|-resisted|p1a: 飞天大蝙蝠
|-damage|p1a: 飞天大蝙蝠|49/100 tox
|
|t:|1769404163
|switch|p2a: Iron Crown|Iron Crown|86/100|[from] U-turn
|
|-heal|p1a: 飞天大蝙蝠|61/100 tox|[from] ability: Poison Heal
|upkeep
|turn|24
|
|t:|1769404171
|-end|p2a: Iron Crown|Quark Drive|[silent]
|switch|p2a: Landorus|Landorus-Therian, M|92/100
|-ability|p2a: Landorus|Intimidate|boost
|-unboost|p1a: 飞天大蝙蝠|atk|1
|move|p1a: 飞天大蝙蝠|Protect||[still]
|-fail|p1a: 飞天大蝙蝠
|
|-heal|p1a: 飞天大蝙蝠|74/100 tox|[from] ability: Poison Heal
|upkeep
|turn|25
|
|t:|1769404178
|move|p2a: Landorus|U-turn|p1a: 飞天大蝙蝠
|-resisted|p1a: 飞天大蝙蝠
|-damage|p1a: 飞天大蝙蝠|63/100 tox
|
|t:|1769404183
|switch|p2a: Iron Crown|Iron Crown|86/100|[from] U-turn
|move|p1a: 飞天大蝙蝠|Knock Off|p2a: Iron Crown
|-supereffective|p2a: Iron Crown
|-damage|p2a: Iron Crown|58/100
|-enditem|p2a: Iron Crown|Choice Specs|[from] move: Knock Off|[of] p1a: 飞天大蝙蝠
|
|-heal|p1a: 飞天大蝙蝠|75/100 tox|[from] ability: Poison Heal
|upkeep
|turn|26
|
|t:|1769404197
|-end|p2a: Iron Crown|Quark Drive|[silent]
|switch|p2a: Landorus|Landorus-Therian, M|92/100
|-ability|p2a: Landorus|Intimidate|boost
|-unboost|p1a: 飞天大蝙蝠|atk|1
|move|p1a: 飞天大蝙蝠|Protect||[still]
|-fail|p1a: 飞天大蝙蝠
|
|-heal|p1a: 飞天大蝙蝠|88/100 tox|[from] ability: Poison Heal
|upkeep
|turn|27
|
|t:|1769404210
|move|p2a: Landorus|U-turn|p1a: 飞天大蝙蝠
|-resisted|p1a: 飞天大蝙蝠
|-damage|p1a: 飞天大蝙蝠|75/100 tox
|
|t:|1769404222
|switch|p2a: Iron Crown|Iron Crown|58/100|[from] U-turn
|move|p1a: 飞天大蝙蝠|Toxic|p2a: Iron Crown
|-immune|p2a: Iron Crown
|
|-heal|p1a: 飞天大蝙蝠|88/100 tox|[from] ability: Poison Heal
|upkeep
|turn|28
|
|t:|1769404233
|switch|p1a: 黑太岁|Clodsire, M, shiny|100/100
|move|p2a: Iron Crown|Tachyon Cutter|p1a: 黑太岁
|-damage|p1a: 黑太岁|87/100
|-damage|p1a: 黑太岁|74/100
|-hitcount|p1a: 黑太岁|2
|
|-heal|p1a: 黑太岁|80/100|[from] item: Leftovers
|upkeep
|turn|29
|
|t:|1769404247
|-end|p2a: Iron Crown|Quark Drive|[silent]
|switch|p2a: Great Tusk|Great Tusk|100/100
|-enditem|p2a: Great Tusk|Booster Energy
|-activate|p2a: Great Tusk|ability: Protosynthesis|[fromitem]
|-start|p2a: Great Tusk|protosynthesisspe
|move|p1a: 黑太岁|Stealth Rock|p2a: Great Tusk
|-sidestart|p2: lotus5ive|move: Stealth Rock
|
|-heal|p1a: 黑太岁|86/100|[from] item: Leftovers
|upkeep
|turn|30
|
|t:|1769404254
|switch|p1a: 九转吞天鲶|Dondozo, F, shiny|94/100
|move|p2a: Great Tusk|Rapid Spin|p1a: 九转吞天鲶
|-damage|p1a: 九转吞天鲶|88/100
|-boost|p2a: Great Tusk|spe|1
|-sideend|p2: lotus5ive|Stealth Rock|[from] move: Rapid Spin|[of] p2a: Great Tusk
|
|-heal|p1a: 九转吞天鲶|94/100|[from] item: Leftovers
|upkeep
|turn|31
|
|t:|1769404267
|-terastallize|p2a: Great Tusk|Steel
|move|p2a: Great Tusk|Knock Off|p1a: 九转吞天鲶
|-damage|p1a: 九转吞天鲶|82/100
|-enditem|p1a: 九转吞天鲶|Leftovers|[from] move: Knock Off|[of] p2a: Great Tusk
|move|p1a: 九转吞天鲶|Liquidation|p2a: Great Tusk
|-damage|p2a: Great Tusk|81/100
|
|upkeep
|turn|32
|
|t:|1769404276
|move|p2a: Great Tusk|Headlong Rush|p1a: 九转吞天鲶
|-damage|p1a: 九转吞天鲶|61/100
|-unboost|p2a: Great Tusk|def|1
|-unboost|p2a: Great Tusk|spd|1
|move|p1a: 九转吞天鲶|Body Press|p2a: Great Tusk
|-supereffective|p2a: Great Tusk
|-damage|p2a: Great Tusk|44/100
|
|upkeep
|turn|33
|
|t:|1769404284
|-end|p2a: Great Tusk|Protosynthesis|[silent]
|switch|p2a: Pecharunt|Pecharunt|100/100
|move|p1a: 九转吞天鲶|Body Press|p2a: Pecharunt
|-immune|p2a: Pecharunt
|
|upkeep
|turn|34
|
|t:|1769404287
|switch|p1a: 飞天大蝙蝠|Gliscor, F|88/100 tox
|move|p2a: Pecharunt|Malignant Chain|p1a: 飞天大蝙蝠
|-resisted|p1a: 飞天大蝙蝠
|-damage|p1a: 飞天大蝙蝠|75/100 tox
|
|-heal|p1a: 飞天大蝙蝠|87/100 tox|[from] ability: Poison Heal
|upkeep
|turn|35
|
|t:|1769404302
|move|p1a: 飞天大蝙蝠|Toxic|p2a: Pecharunt
|-immune|p2a: Pecharunt
|move|p2a: Pecharunt|Parting Shot|p1a: 飞天大蝙蝠
|-unboost|p1a: 飞天大蝙蝠|atk|1
|-unboost|p1a: 飞天大蝙蝠|spa|1
|
|t:|1769404310
|switch|p2a: Iron Crown|Iron Crown|58/100|[from] Parting Shot
|
|-heal|p1a: 飞天大蝙蝠|99/100 tox|[from] ability: Poison Heal
|upkeep
|turn|36
|
|t:|1769404314
|switch|p1a: 黑太岁|Clodsire, M, shiny|86/100
|move|p2a: Iron Crown|Psychic Noise|p1a: 黑太岁
|-supereffective|p1a: 黑太岁
|-damage|p1a: 黑太岁|46/100
|-start|p1a: 黑太岁|move: Heal Block
|
|upkeep
|turn|37
|
|t:|1769404324
|-terastallize|p1a: 黑太岁|Dark
|move|p2a: Iron Crown|Psychic Noise|p1a: 黑太岁
|-immune|p1a: 黑太岁
|move|p1a: 黑太岁|Earthquake|p2a: Iron Crown
|-supereffective|p2a: Iron Crown
|-damage|p2a: Iron Crown|1/100
|
|-end|p1a: 黑太岁|move: Heal Block
|upkeep
|turn|38
|
|t:|1769404335
|move|p2a: Iron Crown|Focus Blast|p1a: 黑太岁
|-supereffective|p1a: 黑太岁
|-damage|p1a: 黑太岁|1/100
|move|p1a: 黑太岁|Recover|p1a: 黑太岁
|-heal|p1a: 黑太岁|51/100
|
|-heal|p1a: 黑太岁|57/100|[from] item: Leftovers
|upkeep
|turn|39
|-message|lotus5ive forfeited.
|
|win|zhaojindawang朝瑾
|raw|zhaojindawang朝瑾's rating: 1467 &rarr; <strong>1484</strong><br />(+17 for winning)
|raw|lotus5ive's rating: 1418 &rarr; <strong>1401</strong><br />(-17 for losing)
|l|☆lotus5ive
|player|p2|
|l|☆zhaojindawang朝瑾
|player|p1|
