|j|☆Cerberus 17
|j|☆soxelcs
|t:|1769351848
|gametype|singles
|player|p1|Cerberus 17|cynthia-gen4|1505
|player|p2|soxelcs|blue|1565
|gen|9
|tier|[Gen 9] OU
|rated|
|rule|HP Percentage Mod: HP is shown in percentages
|rule|Endless Battle Clause: Forcing endless battles is banned
|rule|Species Clause: Limit one of each Pokémon
|rule|OHKO Clause: OHKO moves are banned
|rule|Evasion Items Clause: Evasion items are banned
|rule|Evasion Moves Clause: Evasion moves are banned
|rule|Evasion Abilities Clause: Evasion abilities are banned
|rule|Sleep Moves Clause: Sleep-inducing moves are banned
|clearpoke
|poke|p1|Tyranitar, F|
|poke|p1|Excadrill, F|
|poke|p1|Moltres|
|poke|p1|Pecharunt|
|poke|p1|Great Tusk|
|poke|p1|Sinistcha-Masterpiece|
|poke|p2|Araquanid, F|
|poke|p2|Great Tusk|
|poke|p2|Enamorus, F|
|poke|p2|Glimmora, M|
|poke|p2|Gholdengo|
|poke|p2|Dragonite, F|
|teampreview
|inactive|Battle timer is ON: inactive players will automatically lose when time's up. (requested by Cerberus 17)
|
|t:|1769351870
|teamsize|p1|6
|teamsize|p2|6
|start
|switch|p1a: Pecharunt|Pecharunt|100/100
|switch|p2a: Araquanid|Araquanid, F, shiny|100/100
|turn|1
|
|t:|1769351876
|move|p1a: Pecharunt|Malignant Chain|p2a: Araquanid
|-damage|p2a: Araquanid|81/100
|-enditem|p2a: Araquanid|Red Card|[of] p1a: Pecharunt
|drag|p1a: Sinistcha|Sinistcha-Masterpiece|100/100
|move|p2a: Araquanid|Sticky Web|p1a: Sinistcha
|-sidestart|p1: Cerberus 17|move: Sticky Web
|
|upkeep
|turn|2
|
|t:|1769351885
|move|p1a: Sinistcha|Calm Mind|p1a: Sinistcha
|-boost|p1a: Sinistcha|spa|1
|-boost|p1a: Sinistcha|spd|1
|move|p2a: Araquanid|Lunge|p1a: Sinistcha
|-damage|p1a: Sinistcha|85/100
|-unboost|p1a: Sinistcha|atk|1
|
|-heal|p1a: Sinistcha|92/100|[from] item: Leftovers
|upkeep
|turn|3
|
|t:|1769351896
|switch|p2a: Glimmora|Glimmora, M, shiny|100/100
|move|p1a: Sinistcha|Calm Mind|p1a: Sinistcha
|-boost|p1a: Sinistcha|spa|1
|-boost|p1a: Sinistcha|spd|1
|
|-heal|p1a: Sinistcha|98/100|[from] item: Leftovers
|upkeep
|turn|4
|
|t:|1769351923
|-terastallize|p1a: Sinistcha|Steel
|move|p2a: Glimmora|Meteor Beam||[still]
|-prepare|p2a: Glimmora|Meteor Beam
|-boost|p2a: Glimmora|spa|1
|-enditem|p2a: Glimmora|Power Herb
|-anim|p2a: Glimmora|Meteor Beam|p1a: Sinistcha
|-resisted|p1a: Sinistcha
|-damage|p1a: Sinistcha|72/100
|move|p1a: Sinistcha|Calm Mind|p1a: Sinistcha
|-boost|p1a: Sinistcha|spa|1
|-boost|p1a: Sinistcha|spd|1
|
|-heal|p1a: Sinistcha|78/100|[from] item: Leftovers
|upkeep
|turn|5
|
|t:|1769351931
|move|p2a: Glimmora|Earth Power|p1a: Sinistcha
|-supereffective|p1a: Sinistcha
|-damage|p1a: Sinistcha|38/100
|move|p1a: Sinistcha|Matcha Gotcha|p2a: Glimmora
|-crit|p2a: Glimmora
|-damage|p2a: Glimmora|0 fnt
|-heal|p1a: Sinistcha|82/100|[from] drain|[of] p2a: Glimmora
|faint|p2a: Glimmora
|
|-heal|p1a: Sinistcha|88/100|[from] item: Leftovers
|upkeep
|
|t:|1769351945
|switch|p2a: Great Tusk|Great Tusk, shiny|100/100
|-enditem|p2a: Great Tusk|Booster Energy
|-activate|p2a: Great Tusk|ability: Protosynthesis|[fromitem]
|-start|p2a: Great Tusk|protosynthesisatk
|turn|6
|
|t:|1769351952
|switch|p1a: Moltres|Moltres|100/100
|move|p2a: Great Tusk|Headlong Rush|p1a: Moltres
|-immune|p1a: Moltres
|
|upkeep
|turn|7
|
|t:|1769351959
|move|p2a: Great Tusk|Supercell Slam|p1a: Moltres
|-supereffective|p1a: Moltres
|-damage|p1a: Moltres|40/100
|move|p1a: Moltres|Flamethrower|p2a: Great Tusk
|-damage|p2a: Great Tusk|45/100
|
|upkeep
|turn|8
|
|t:|1769351973
|switch|p1a: Great Tusk|Great Tusk|100/100
|move|p2a: Great Tusk|Rapid Spin|p1a: Great Tusk
|-damage|p1a: Great Tusk|84/100
|-boost|p2a: Great Tusk|spe|1
|
|upkeep
|turn|9
|
|t:|1769351983
|move|p2a: Great Tusk|Headlong Rush|p1a: Great Tusk
|-damage|p1a: Great Tusk|24/100
|-unboost|p2a: Great Tusk|def|1
|-unboost|p2a: Great Tusk|spd|1
|move|p1a: Great Tusk|Rapid Spin|p2a: Great Tusk
|-damage|p2a: Great Tusk|26/100
|-boost|p1a: Great Tusk|spe|1
|-sideend|p1: Cerberus 17|Sticky Web|[from] move: Rapid Spin|[of] p1a: Great Tusk
|
|upkeep
|turn|10
|
|t:|1769351998
|-end|p1a: Great Tusk|Protosynthesis|[silent]
|switch|p1a: Moltres|Moltres|40/100
|move|p2a: Great Tusk|Ice Spinner|p1a: Moltres
|-damage|p1a: Moltres|13/100
|
|upkeep
|turn|11
|
|t:|1769352007
|move|p2a: Great Tusk|Ice Spinner|p1a: Moltres
|-damage|p1a: Moltres|0 fnt
|faint|p1a: Moltres
|
|upkeep
|
|t:|1769352021
|switch|p1a: Pecharunt|Pecharunt|100/100
|turn|12
|
|t:|1769352041
|move|p2a: Great Tusk|Headlong Rush|p1a: Pecharunt
|-supereffective|p1a: Pecharunt
|-damage|p1a: Pecharunt|23/100
|-unboost|p2a: Great Tusk|def|1
|-unboost|p2a: Great Tusk|spd|1
|-damage|p2a: Great Tusk|10/100|[from] item: Rocky Helmet|[of] p1a: Pecharunt
|move|p1a: Pecharunt|Hex|p2a: Great Tusk
|-damage|p2a: Great Tusk|0 fnt
|faint|p2a: Great Tusk
|-end|p2a: Great Tusk|Protosynthesis|[silent]
|
|upkeep
|inactive|soxelcs has 120 seconds left.
|
|t:|1769352063
|switch|p2a: Enamorus|Enamorus, F|100/100
|turn|13
|
|t:|1769352067
|switch|p1a: Tyranitar|Tyranitar, F|100/100
|-weather|Sandstorm|[from] ability: Sand Stream|[of] p1a: Tyranitar
|move|p2a: Enamorus|Earth Power|p1a: Tyranitar
|-supereffective|p1a: Tyranitar
|-crit|p1a: Tyranitar
|-damage|p1a: Tyranitar|41/100
|-unboost|p1a: Tyranitar|spd|1
|
|-weather|Sandstorm|[upkeep]
|-damage|p2a: Enamorus|94/100|[from] Sandstorm
|upkeep
|turn|14
|
|t:|1769352089
|switch|p1a: Pecharunt|Pecharunt|23/100
|move|p2a: Enamorus|Earth Power|p1a: Pecharunt
|-supereffective|p1a: Pecharunt
|-damage|p1a: Pecharunt|0 fnt
|faint|p1a: Pecharunt
|
|-weather|Sandstorm|[upkeep]
|-damage|p2a: Enamorus|88/100|[from] Sandstorm
|upkeep
|
|t:|1769352094
|switch|p1a: Excadrill|Excadrill, F|100/100
|turn|15
|
|t:|1769352099
|switch|p2a: Araquanid|Araquanid, F, shiny|81/100
|move|p1a: Excadrill|Iron Head|p2a: Araquanid
|-resisted|p2a: Araquanid
|-damage|p2a: Araquanid|52/100
|
|-weather|Sandstorm|[upkeep]
|-damage|p2a: Araquanid|45/100|[from] Sandstorm
|upkeep
|turn|16
|
|t:|1769352107
|switch|p1a: Sinistcha|Sinistcha-Masterpiece, tera:Steel|88/100
|move|p2a: Araquanid|Sticky Web|p1a: Sinistcha
|-sidestart|p1: Cerberus 17|move: Sticky Web
|
|-weather|Sandstorm|[upkeep]
|-damage|p2a: Araquanid|39/100|[from] Sandstorm
|-heal|p1a: Sinistcha|94/100|[from] item: Leftovers
|upkeep
|turn|17
|
|t:|1769352122
|switch|p2a: Dragonite|Dragonite, F, shiny|100/100
|move|p1a: Sinistcha|Calm Mind|p1a: Sinistcha
|-boost|p1a: Sinistcha|spa|1
|-boost|p1a: Sinistcha|spd|1
|
|-weather|Sandstorm|[upkeep]
|-damage|p2a: Dragonite|94/100|[from] Sandstorm
|-heal|p2a: Dragonite|100/100|[from] item: Leftovers
|-heal|p1a: Sinistcha|100/100|[from] item: Leftovers
|upkeep
|turn|18
|
|t:|1769352129
|move|p2a: Dragonite|Dragon Dance|p2a: Dragonite
|-boost|p2a: Dragonite|atk|1
|-boost|p2a: Dragonite|spe|1
|move|p1a: Sinistcha|Matcha Gotcha|p2a: Dragonite
|-resisted|p2a: Dragonite
|-damage|p2a: Dragonite|95/100
|
|-weather|Sandstorm|[upkeep]
|-damage|p2a: Dragonite|89/100|[from] Sandstorm
|-heal|p2a: Dragonite|95/100|[from] item: Leftovers
|upkeep
|turn|19
|
|t:|1769352136
|move|p2a: Dragonite|Earthquake|p1a: Sinistcha
|-supereffective|p1a: Sinistcha
|-damage|p1a: Sinistcha|16/100
|move|p1a: Sinistcha|Strength Sap|p2a: Dragonite
|-unboost|p2a: Dragonite|atk|1
|-heal|p1a: Sinistcha|100/100
|
|-weather|Sandstorm|[upkeep]
|-damage|p2a: Dragonite|89/100|[from] Sandstorm
|-heal|p2a: Dragonite|95/100|[from] item: Leftovers
|upkeep
|turn|20
|
|t:|1769352145
|move|p2a: Dragonite|Earthquake|p1a: Sinistcha
|-supereffective|p1a: Sinistcha
|-damage|p1a: Sinistcha|43/100
|move|p1a: Sinistcha|Matcha Gotcha|p2a: Dragonite
|-resisted|p2a: Dragonite
|-damage|p2a: Dragonite|84/100
|-heal|p1a: Sinistcha|49/100|[from] drain|[of] p2a: Dragonite
|
|-weather|none
|-heal|p2a: Dragonite|90/100|[from] item: Leftovers
|-heal|p1a: Sinistcha|55/100|[from] item: Leftovers
|upkeep
|turn|21
|
|t:|1769352158
|move|p2a: Dragonite|Earthquake|p1a: Sinistcha
|-supereffective|p1a: Sinistcha
|-damage|p1a: Sinistcha|1/100
|move|p1a: Sinistcha|Strength Sap|p2a: Dragonite
|-unboost|p2a: Dragonite|atk|1
|-heal|p1a: Sinistcha|100/100
|
|-heal|p2a: Dragonite|97/100|[from] item: Leftovers
|upkeep
|turn|22
|
|t:|1769352168
|switch|p2a: Enamorus|Enamorus, F|88/100
|move|p1a: Sinistcha|Matcha Gotcha|p2a: Enamorus
|-resisted|p2a: Enamorus
|-damage|p2a: Enamorus|55/100
|
|upkeep
|turn|23
|
|t:|1769352176
|move|p2a: Enamorus|Mystical Fire|p1a: Sinistcha
|-supereffective|p1a: Sinistcha
|-damage|p1a: Sinistcha|73/100
|-unboost|p1a: Sinistcha|spa|1
|move|p1a: Sinistcha|Shadow Ball|p2a: Enamorus
|-damage|p2a: Enamorus|7/100
|
|-heal|p1a: Sinistcha|79/100|[from] item: Leftovers
|upkeep
|turn|24
|
|t:|1769352189
|switch|p2a: Araquanid|Araquanid, F, shiny|39/100
|move|p1a: Sinistcha|Strength Sap|p2a: Araquanid
|-unboost|p2a: Araquanid|atk|1
|-heal|p1a: Sinistcha|100/100
|
|upkeep
|turn|25
|
|t:|1769352194
|move|p1a: Sinistcha|Calm Mind|p1a: Sinistcha
|-boost|p1a: Sinistcha|spa|1
|-boost|p1a: Sinistcha|spd|1
|move|p2a: Araquanid|Endeavor|p1a: Sinistcha
|-damage|p1a: Sinistcha|38/100
|
|-heal|p1a: Sinistcha|44/100|[from] item: Leftovers
|upkeep
|turn|26
|
|t:|1769352203
|switch|p2a: Enamorus|Enamorus, F|7/100
|move|p1a: Sinistcha|Matcha Gotcha|p2a: Enamorus
|-resisted|p2a: Enamorus
|-damage|p2a: Enamorus|0 fnt
|-heal|p1a: Sinistcha|47/100|[from] drain|[of] p2a: Enamorus
|faint|p2a: Enamorus
|
|-heal|p1a: Sinistcha|53/100|[from] item: Leftovers
|upkeep
|
|t:|1769352206
|switch|p2a: Dragonite|Dragonite, F, shiny|97/100
|turn|27
|
|t:|1769352218
|switch|p1a: Tyranitar|Tyranitar, F|41/100
|-activate|p1a: Tyranitar|move: Sticky Web
|-unboost|p1a: Tyranitar|spe|1
|-weather|Sandstorm|[from] ability: Sand Stream|[of] p1a: Tyranitar
|move|p2a: Dragonite|Dragon Dance|p2a: Dragonite
|-boost|p2a: Dragonite|atk|1
|-boost|p2a: Dragonite|spe|1
|
|-weather|Sandstorm|[upkeep]
|-damage|p2a: Dragonite|90/100|[from] Sandstorm
|-heal|p2a: Dragonite|97/100|[from] item: Leftovers
|upkeep
|turn|28
|
|t:|1769352233
|-terastallize|p2a: Dragonite|Fairy
|move|p2a: Dragonite|Dragon Dance|p2a: Dragonite
|-boost|p2a: Dragonite|atk|1
|-boost|p2a: Dragonite|spe|1
|move|p1a: Tyranitar|Stone Edge|p2a: Dragonite
|-damage|p2a: Dragonite|57/100
|
|-weather|Sandstorm|[upkeep]
|-damage|p2a: Dragonite|51/100|[from] Sandstorm
|-heal|p2a: Dragonite|57/100|[from] item: Leftovers
|upkeep
|turn|29
|
|t:|1769352248
|move|p2a: Dragonite|Earthquake|p1a: Tyranitar
|-supereffective|p1a: Tyranitar
|-damage|p1a: Tyranitar|0 fnt
|faint|p1a: Tyranitar
|
|-weather|Sandstorm|[upkeep]
|-damage|p2a: Dragonite|51/100|[from] Sandstorm
|-heal|p2a: Dragonite|57/100|[from] item: Leftovers
|upkeep
|
|t:|1769352255
|switch|p1a: Excadrill|Excadrill, F|100/100
|-activate|p1a: Excadrill|move: Sticky Web
|-unboost|p1a: Excadrill|spe|1
|turn|30
|
|t:|1769352260
|move|p2a: Dragonite|Earthquake|p1a: Excadrill
|-supereffective|p1a: Excadrill
|-damage|p1a: Excadrill|0 fnt
|faint|p1a: Excadrill
|
|-weather|Sandstorm|[upkeep]
|-damage|p2a: Dragonite|51/100|[from] Sandstorm
|-heal|p2a: Dragonite|57/100|[from] item: Leftovers
|upkeep
|-message|Cerberus 17 forfeited.
|
|win|soxelcs
|raw|Cerberus 17's rating: 1505 &rarr; <strong>1488</strong><br />(-17 for losing)
|raw|soxelcs's rating: 1565 &rarr; <strong>1582</strong><br />(+17 for winning)
|l|☆Cerberus 17
|player|p1|
