|j|☆waningg.
|j|☆idreamguillotine
|t:|1769346294
|gametype|singles
|player|p1|waningg.|colress|1308
|player|p2|idreamguillotine|lenora|1256
|gen|9
|tier|[Gen 9] OU
|rated|
|rule|HP Percentage Mod: HP is shown in percentages
|rule|Endless Battle Clause: Forcing endless battles is banned
|rule|Species Clause: Limit one of each Pokémon
|rule|OHKO Clause: OHKO moves are banned
|rule|Evasion Items Clause: Evasion items are banned
|rule|Evasion Moves Clause: Evasion moves are banned
|rule|Evasion Abilities Clause: Evasion abilities are banned
|rule|Sleep Moves Clause: Sleep-inducing moves are banned
|clearpoke
|poke|p1|Rillaboom, M|
|poke|p1|Serperior, F|
|poke|p1|Heatran, M|
|poke|p1|Gholdengo|
|poke|p1|Zamazenta-*|
|poke|p1|Great Tusk|
|poke|p2|Zoroark-Hisui, M|
|poke|p2|Latias, F|
|poke|p2|Iron Treads|
|poke|p2|Vileplume, M|
|poke|p2|Kingambit, M|
|poke|p2|Primarina, M|
|teampreview
|inactive|Battle timer is ON: inactive players will automatically lose when time's up. (requested by waningg.)
|
|t:|1769346308
|teamsize|p1|6
|teamsize|p2|6
|start
|switch|p1a: Rillaboom|Rillaboom, M|100/100
|switch|p2a: Primarina|Primarina, M|100/100
|-fieldstart|move: Grassy Terrain|[from] ability: Grassy Surge|[of] p1a: Rillaboom
|turn|1
|
|t:|1769346315
|switch|p2a: Vileplume|Vileplume, M|100/100
|move|p1a: Rillaboom|Swords Dance|p1a: Rillaboom
|-boost|p1a: Rillaboom|atk|2
|
|upkeep
|turn|2
|
|t:|1769346321
|move|p1a: Rillaboom|Knock Off|p2a: Vileplume
|-damage|p2a: Vileplume|24/100
|-enditem|p2a: Vileplume|Black Sludge|[from] move: Knock Off|[of] p1a: Rillaboom
|-damage|p1a: Rillaboom|91/100|[from] item: Life Orb
|move|p2a: Vileplume|Toxic|p1a: Rillaboom
|-status|p1a: Rillaboom|tox
|
|-heal|p1a: Rillaboom|97/100 tox|[from] Grassy Terrain
|-heal|p2a: Vileplume|30/100|[from] Grassy Terrain
|-damage|p1a: Rillaboom|91/100 tox|[from] psn
|upkeep
|turn|3
|
|t:|1769346328
|move|p1a: Rillaboom|Knock Off|p2a: Vileplume
|-damage|p2a: Vileplume|0 fnt
|faint|p2a: Vileplume
|-damage|p1a: Rillaboom|81/100 tox|[from] item: Life Orb
|
|-heal|p1a: Rillaboom|87/100 tox|[from] Grassy Terrain
|-damage|p1a: Rillaboom|75/100 tox|[from] psn
|upkeep
|
|t:|1769346336
|switch|p2a: Primarina|Primarina, M|100/100
|turn|4
|
|t:|1769346340
|move|p1a: Rillaboom|Grassy Glide|p2a: Primarina
|-damage|p2a: Primarina|0 fnt
|replace|p2a: Zoroark|Zoroark-Hisui, M
|-end|p2a: Zoroark|Illusion
|faint|p2a: Zoroark
|-damage|p1a: Rillaboom|65/100 tox|[from] item: Life Orb
|
|-heal|p1a: Rillaboom|71/100 tox|[from] Grassy Terrain
|-damage|p1a: Rillaboom|53/100 tox|[from] psn
|upkeep
|
|t:|1769346344
|switch|p2a: Latias|Latias, F|100/100
|turn|5
|
|t:|1769346354
|move|p2a: Latias|Mist Ball|p1a: Rillaboom
|-damage|p1a: Rillaboom|0 fnt
|faint|p1a: Rillaboom
|
|-fieldend|move: Grassy Terrain
|upkeep
|
|t:|1769346362
|switch|p1a: Gholdengo|Gholdengo|100/100
|turn|6
|
|t:|1769346368
|move|p2a: Latias|Mist Ball|p1a: Gholdengo
|-resisted|p1a: Gholdengo
|-damage|p1a: Gholdengo|84/100
|-unboost|p1a: Gholdengo|spa|1
|move|p1a: Gholdengo|Shadow Ball|p2a: Latias
|-supereffective|p2a: Latias
|-damage|p2a: Latias|59/100
|
|upkeep
|turn|7
|
|t:|1769346374
|move|p2a: Latias|Calm Mind|p2a: Latias
|-boost|p2a: Latias|spa|1
|-boost|p2a: Latias|spd|1
|move|p1a: Gholdengo|Nasty Plot|p1a: Gholdengo
|-boost|p1a: Gholdengo|spa|2
|
|upkeep
|turn|8
|
|t:|1769346390
|-terastallize|p1a: Gholdengo|Fairy
|move|p2a: Latias|Mist Ball|p1a: Gholdengo
|-damage|p1a: Gholdengo|27/100
|move|p1a: Gholdengo|Dazzling Gleam|p2a: Latias
|-supereffective|p2a: Latias
|-damage|p2a: Latias|2/100
|
|upkeep
|turn|9
|
|t:|1769346403
|move|p2a: Latias|Mist Ball|p1a: Gholdengo
|-damage|p1a: Gholdengo|0 fnt
|faint|p1a: Gholdengo
|
|upkeep
|
|t:|1769346413
|switch|p1a: Serperior|Serperior, F|100/100
|turn|10
|
|t:|1769346431
|move|p1a: Serperior|Leaf Storm|p2a: Latias|[miss]
|-miss|p1a: Serperior|p2a: Latias
|move|p2a: Latias|Mist Ball|p1a: Serperior
|-damage|p1a: Serperior|25/100
|-boost|p1a: Serperior|spa|1
|
|upkeep
|turn|11
|
|t:|1769346437
|move|p1a: Serperior|Leaf Storm|p2a: Latias
|-resisted|p2a: Latias
|-damage|p2a: Latias|0 fnt
|-boost|p1a: Serperior|spa|2
|faint|p2a: Latias
|
|upkeep
|
|t:|1769346441
|switch|p2a: Iron Treads|Iron Treads|100/100
|turn|12
|
|t:|1769346444
|move|p1a: Serperior|Leaf Storm|p2a: Iron Treads
|-damage|p2a: Iron Treads|0 fnt
|-boost|p1a: Serperior|spa|2
|faint|p2a: Iron Treads
|-end|p2a: Iron Treads|Quark Drive|[silent]
|
|upkeep
|
|t:|1769346447
|switch|p2a: Kingambit|Kingambit, M|100/100
|-activate|p2a: Kingambit|ability: Supreme Overlord
|-start|p2a: Kingambit|fallen4|[silent]
|turn|13
|
|t:|1769346451
|switch|p1a: Zamazenta|Zamazenta|100/100
|-ability|p1a: Zamazenta|Dauntless Shield|boost
|-boost|p1a: Zamazenta|def|1
|move|p2a: Kingambit|Sucker Punch||[still]
|-fail|p2a: Kingambit
|
|upkeep
|turn|14
|
|t:|1769346452
|move|p1a: Zamazenta|Close Combat|p2a: Kingambit
|-supereffective|p2a: Kingambit
|-enditem|p2a: Kingambit|Focus Sash
|-damage|p2a: Kingambit|1/100
|-unboost|p1a: Zamazenta|def|1
|-unboost|p1a: Zamazenta|spd|1
|-damage|p1a: Zamazenta|91/100|[from] item: Life Orb
|move|p2a: Kingambit|Stealth Rock|p1a: Zamazenta
|-sidestart|p1: waningg.|move: Stealth Rock
|
|upkeep
|turn|15
|
|t:|1769346469
|switch|p1a: Great Tusk|Great Tusk|100/100
|-damage|p1a: Great Tusk|97/100|[from] Stealth Rock
|-enditem|p1a: Great Tusk|Booster Energy
|-activate|p1a: Great Tusk|ability: Protosynthesis|[fromitem]
|-start|p1a: Great Tusk|protosynthesisspe
|-end|p2a: Kingambit|fallen4|[silent]
|switch|p2a: Primarina|Primarina, M|100/100
|
|upkeep
|turn|16
|
|t:|1769346478
|move|p1a: Great Tusk|Headlong Rush|p2a: Primarina
|-crit|p2a: Primarina
|-damage|p2a: Primarina|11/100
|-unboost|p1a: Great Tusk|def|1
|-unboost|p1a: Great Tusk|spd|1
|move|p2a: Primarina|Surf|p1a: Great Tusk
|-supereffective|p1a: Great Tusk
|-damage|p1a: Great Tusk|0 fnt
|faint|p1a: Great Tusk
|-end|p1a: Great Tusk|Protosynthesis|[silent]
|
|upkeep
|
|t:|1769346482
|switch|p1a: Serperior|Serperior, F|25/100
|-damage|p1a: Serperior|13/100|[from] Stealth Rock
|turn|17
|
|t:|1769346487
|move|p1a: Serperior|Giga Drain|p2a: Primarina
|-supereffective|p2a: Primarina
|-damage|p2a: Primarina|0 fnt
|-heal|p1a: Serperior|19/100|[from] drain|[of] p2a: Primarina
|faint|p2a: Primarina
|
|upkeep
|
|t:|1769346496
|switch|p2a: Kingambit|Kingambit, M|1/100
|-activate|p2a: Kingambit|ability: Supreme Overlord
|-start|p2a: Kingambit|fallen5|[silent]
|turn|18
|
|t:|1769346499
|move|p1a: Serperior|Giga Drain|p2a: Kingambit
|-resisted|p2a: Kingambit
|-damage|p2a: Kingambit|0 fnt
|-heal|p1a: Serperior|19/100|[from] drain|[of] p2a: Kingambit
|faint|p2a: Kingambit
|-end|p2a: Kingambit|fallen5|[silent]
|
|win|waningg.
|raw|waningg.'s rating: 1308 &rarr; <strong>1325</strong><br />(+17 for winning)
|raw|idreamguillotine's rating: 1256 &rarr; <strong>1235</strong><br />(-21 for losing)
|l|☆waningg.
|player|p1|
|l|☆idreamguillotine
|player|p2|
