|j|☆RedBlueGree
|j|☆ikun ngm
|t:|1769335199
|gametype|singles
|player|p1|RedBlueGree|skier|1238
|player|p2|ikun ngm|swimmer-gen4|1267
|gen|9
|tier|[Gen 9] OU
|rated|
|rule|HP Percentage Mod: HP is shown in percentages
|rule|Endless Battle Clause: Forcing endless battles is banned
|rule|Species Clause: Limit one of each Pokémon
|rule|OHKO Clause: OHKO moves are banned
|rule|Evasion Items Clause: Evasion items are banned
|rule|Evasion Moves Clause: Evasion moves are banned
|rule|Evasion Abilities Clause: Evasion abilities are banned
|rule|Sleep Moves Clause: Sleep-inducing moves are banned
|clearpoke
|poke|p1|Kingambit, M|
|poke|p1|Glimmora, M|
|poke|p1|Gholdengo|
|poke|p1|Maushold|
|poke|p1|Lokix, M|
|poke|p1|Pecharunt|
|poke|p2|Staraptor, M|
|poke|p2|Araquanid, M|
|poke|p2|Gholdengo|
|poke|p2|Zapdos-Galar|
|poke|p2|Articuno-Galar|
|poke|p2|Moltres-Galar|
|teampreview
|inactive|Battle timer is ON: inactive players will automatically lose when time's up. (requested by RedBlueGree)
|
|t:|1769335207
|teamsize|p1|6
|teamsize|p2|6
|start
|switch|p1a: Maushold|Maushold|100/100
|switch|p2a: Araquanid|Araquanid, M|100/100
|turn|1
|
|t:|1769335210
|move|p1a: Maushold|Population Bomb|p2a: Araquanid
|-damage|p2a: Araquanid|91/100
|-damage|p2a: Araquanid|82/100
|-damage|p2a: Araquanid|72/100
|-damage|p2a: Araquanid|63/100
|-damage|p2a: Araquanid|53/100
|-damage|p2a: Araquanid|45/100
|-damage|p2a: Araquanid|35/100
|-damage|p2a: Araquanid|25/100
|-damage|p2a: Araquanid|17/100
|-damage|p2a: Araquanid|8/100
|-hitcount|p2a: Araquanid|10
|move|p2a: Araquanid|Liquidation|p1a: Maushold
|-damage|p1a: Maushold|27/100
|
|upkeep
|turn|2
|
|t:|1769335229
|switch|p1a: Glimmora|Glimmora, M|100/100
|switch|p2a: Gholdengo|Gholdengo|100/100
|
|upkeep
|turn|3
|
|t:|1769335238
|move|p1a: Glimmora|Stealth Rock|p2a: Gholdengo
|-sidestart|p2: ikun ngm|move: Stealth Rock
|move|p2a: Gholdengo|Make It Rain|p1a: Glimmora
|-supereffective|p1a: Glimmora
|-enditem|p1a: Glimmora|Focus Sash
|-damage|p1a: Glimmora|1/100
|-unboost|p2a: Gholdengo|spa|1
|
|upkeep
|turn|4
|
|t:|1769335243
|move|p1a: Glimmora|Earth Power|p2a: Gholdengo
|-supereffective|p2a: Gholdengo
|-damage|p2a: Gholdengo|42/100
|-enditem|p2a: Gholdengo|Red Card|[of] p1a: Glimmora
|drag|p1a: Maushold|Maushold|27/100
|move|p2a: Gholdengo|Shadow Ball|p1a: Maushold
|-immune|p1a: Maushold
|
|upkeep
|turn|5
|
|t:|1769335248
|move|p1a: Maushold|Beat Up|p2a: Gholdengo
|-supereffective|p2a: Gholdengo
|-damage|p2a: Gholdengo|34/100
|-supereffective|p2a: Gholdengo
|-damage|p2a: Gholdengo|26/100
|-supereffective|p2a: Gholdengo
|-damage|p2a: Gholdengo|18/100
|-supereffective|p2a: Gholdengo
|-damage|p2a: Gholdengo|5/100
|-supereffective|p2a: Gholdengo
|-damage|p2a: Gholdengo|0 fnt
|faint|p2a: Gholdengo
|-hitcount|p2: Gholdengo|5
|
|upkeep
|
|t:|1769335254
|switch|p2a: Staraptor|Staraptor, M|100/100
|-damage|p2a: Staraptor|76/100|[from] Stealth Rock
|turn|6
|
|t:|1769335261
|switch|p1a: Glimmora|Glimmora, M|1/100
|move|p2a: Staraptor|Quick Attack|p1a: Glimmora
|-resisted|p1a: Glimmora
|-damage|p1a: Glimmora|0 fnt
|-activate|p1a: Glimmora|ability: Toxic Debris
|-sidestart|p2: ikun ngm|move: Toxic Spikes
|faint|p1a: Glimmora
|
|upkeep
|
|t:|1769335270
|switch|p1a: Gholdengo|Gholdengo|100/100
|turn|7
|
|t:|1769335276
|switch|p2a: Araquanid|Araquanid, M|8/100
|-damage|p2a: Araquanid|0 fnt|[from] Stealth Rock
|faint|p2a: Araquanid
|move|p1a: Gholdengo|Make It Rain|p2: Araquanid|[notarget]
|-fail|p1a: Gholdengo
|
|upkeep
|
|t:|1769335287
|switch|p2a: Moltres|Moltres-Galar|100/100
|-damage|p2a: Moltres|76/100|[from] Stealth Rock
|turn|8
|
|t:|1769335292
|move|p1a: Gholdengo|Make It Rain|p2a: Moltres
|-damage|p2a: Moltres|21/100
|-unboost|p1a: Gholdengo|spa|1
|-ability|p2a: Moltres|Berserk|boost
|-boost|p2a: Moltres|spa|1
|-enditem|p2a: Moltres|Sitrus Berry|[eat]
|-heal|p2a: Moltres|46/100|[from] item: Sitrus Berry
|move|p2a: Moltres|Agility|p2a: Moltres
|-boost|p2a: Moltres|spe|2
|
|upkeep
|turn|9
|
|t:|1769335297
|move|p2a: Moltres|Fiery Wrath|p1a: Gholdengo
|-supereffective|p1a: Gholdengo
|-crit|p1a: Gholdengo
|-damage|p1a: Gholdengo|0 fnt
|faint|p1a: Gholdengo
|
|upkeep
|
|t:|1769335300
|switch|p1a: Lokix|Lokix, M|100/100
|turn|10
|
|t:|1769335307
|-terastallize|p1a: Lokix|Bug
|move|p1a: Lokix|First Impression|p2a: Moltres
|-damage|p2a: Moltres|0 fnt
|faint|p2a: Moltres
|
|upkeep
|
|t:|1769335313
|switch|p2a: Zapdos|Zapdos-Galar|100/100
|-damage|p2a: Zapdos|88/100|[from] Stealth Rock
|turn|11
|
|t:|1769335317
|switch|p1a: Pecharunt|Pecharunt|100/100
|move|p2a: Zapdos|Knock Off|p1a: Pecharunt
|-supereffective|p1a: Pecharunt
|-damage|p1a: Pecharunt|43/100
|-enditem|p1a: Pecharunt|Leftovers|[from] move: Knock Off|[of] p2a: Zapdos
|
|upkeep
|turn|12
|
|t:|1769335323
|move|p2a: Zapdos|Knock Off|p1a: Pecharunt
|-supereffective|p1a: Pecharunt
|-damage|p1a: Pecharunt|5/100
|move|p1a: Pecharunt|Malignant Chain|p2a: Zapdos
|-damage|p2a: Zapdos|37/100
|
|upkeep
|turn|13
|
|t:|1769335326
|move|p2a: Zapdos|Knock Off|p1a: Pecharunt
|-supereffective|p1a: Pecharunt
|-damage|p1a: Pecharunt|0 fnt
|faint|p1a: Pecharunt
|
|upkeep
|
|t:|1769335329
|switch|p1a: Lokix|Lokix, M, tera:Bug|100/100
|turn|14
|
|t:|1769335334
|switch|p2a: Staraptor|Staraptor, M|76/100
|-damage|p2a: Staraptor|51/100|[from] Stealth Rock
|move|p1a: Lokix|First Impression|p2a: Staraptor
|-resisted|p2a: Staraptor
|-damage|p2a: Staraptor|0 fnt
|faint|p2a: Staraptor
|
|upkeep
|
|t:|1769335341
|switch|p2a: Zapdos|Zapdos-Galar|37/100
|-damage|p2a: Zapdos|24/100|[from] Stealth Rock
|turn|15
|
|t:|1769335344
|switch|p1a: Maushold|Maushold|27/100
|move|p2a: Zapdos|Thunderous Kick|p1a: Maushold
|-supereffective|p1a: Maushold
|-damage|p1a: Maushold|0 fnt
|faint|p1a: Maushold
|
|upkeep
|
|t:|1769335347
|switch|p1a: Lokix|Lokix, M, tera:Bug|100/100
|turn|16
|
|t:|1769335353
|move|p1a: Lokix|First Impression|p2a: Zapdos
|-resisted|p2a: Zapdos
|-damage|p2a: Zapdos|0 fnt
|faint|p2a: Zapdos
|
|upkeep
|
|t:|1769335355
|switch|p2a: Articuno|Articuno-Galar|100/100
|-damage|p2a: Articuno|76/100|[from] Stealth Rock
|turn|17
|
|t:|1769335361
|switch|p1a: Kingambit|Kingambit, M|100/100
|-activate|p1a: Kingambit|ability: Supreme Overlord
|-start|p1a: Kingambit|fallen4|[silent]
|-terastallize|p2a: Articuno|Fighting
|move|p2a: Articuno|Tera Blast|p1a: Kingambit|[anim] Tera Blast Fighting
|-supereffective|p1a: Kingambit
|-damage|p1a: Kingambit|0 fnt
|faint|p1a: Kingambit
|-end|p1a: Kingambit|fallen4|[silent]
|
|upkeep
|
|t:|1769335369
|switch|p1a: Lokix|Lokix, M, tera:Bug|100/100
|turn|18
|-message|ikun ngm forfeited.
|
|win|RedBlueGree
|raw|RedBlueGree's rating: 1238 &rarr; <strong>1265</strong><br />(+27 for winning)
|raw|ikun ngm's rating: 1267 &rarr; <strong>1240</strong><br />(-27 for losing)
|l|☆ikun ngm
|player|p2|
|l|☆RedBlueGree
|player|p1|
