|j|☆nezk025
|j|☆AVRLIKESGIRLS
|t:|1769329849
|gametype|singles
|player|p1|nezk025|nate|1408
|player|p2|AVRLIKESGIRLS|dawn|1427
|gen|9
|tier|[Gen 9] OU
|rated|
|rule|HP Percentage Mod: HP is shown in percentages
|rule|Endless Battle Clause: Forcing endless battles is banned
|rule|Species Clause: Limit one of each Pokémon
|rule|OHKO Clause: OHKO moves are banned
|rule|Evasion Items Clause: Evasion items are banned
|rule|Evasion Moves Clause: Evasion moves are banned
|rule|Evasion Abilities Clause: Evasion abilities are banned
|rule|Sleep Moves Clause: Sleep-inducing moves are banned
|clearpoke
|poke|p1|Kommo-o, M|
|poke|p1|Walking Wake|
|poke|p1|Skarmory, M|
|poke|p1|Iron Treads|
|poke|p1|Dragapult, F|
|poke|p1|Kingambit, F|
|poke|p2|Zoroark-Hisui, F|
|poke|p2|Iron Boulder|
|poke|p2|Raging Bolt|
|poke|p2|Greninja-*, M|
|poke|p2|Dragonite, M|
|poke|p2|Kingambit, F|
|teampreview
|j| VivPlays
|l| VivPlays
|inactive|Battle timer is ON: inactive players will automatically lose when time's up. (requested by AVRLIKESGIRLS)
|
|t:|1769329902
|teamsize|p1|6
|teamsize|p2|6
|start
|switch|p1a: Kommo-o|Kommo-o, M|100/100
|switch|p2a: Iron Boulder|Iron Boulder|100/100
|-enditem|p2a: Iron Boulder|Booster Energy
|-activate|p2a: Iron Boulder|ability: Quark Drive|[fromitem]
|-start|p2a: Iron Boulder|quarkdrivespe
|turn|1
|
|t:|1769329922
|switch|p1a: Skarmory|Skarmory, M|100/100
|move|p2a: Iron Boulder|Earthquake|p1a: Skarmory
|-immune|p1a: Skarmory
|
|upkeep
|turn|2
|inactive|nezk025 has 120 seconds left.
|
|t:|1769329956
|move|p2a: Iron Boulder|Mighty Cleave|p1a: Skarmory
|-damage|p1a: Skarmory|73/100
|-damage|p2a: Iron Boulder|84/100|[from] item: Rocky Helmet|[of] p1a: Skarmory
|move|p1a: Skarmory|Spikes|p2a: Iron Boulder
|-sidestart|p2: AVRLIKESGIRLS|Spikes
|
|upkeep
|turn|3
|
|t:|1769329963
|move|p2a: Iron Boulder|Swords Dance|p2a: Iron Boulder
|-boost|p2a: Iron Boulder|atk|2
|move|p1a: Skarmory|Iron Defense|p1a: Skarmory
|-boost|p1a: Skarmory|def|2
|
|upkeep
|turn|4
|
|t:|1769329970
|move|p2a: Iron Boulder|Swords Dance|p2a: Iron Boulder
|-boost|p2a: Iron Boulder|atk|2
|move|p1a: Skarmory|Iron Defense|p1a: Skarmory
|-boost|p1a: Skarmory|def|2
|
|upkeep
|turn|5
|
|t:|1769329976
|move|p2a: Iron Boulder|Swords Dance|p2a: Iron Boulder
|-boost|p2a: Iron Boulder|atk|2
|move|p1a: Skarmory|Iron Defense|p1a: Skarmory
|-boost|p1a: Skarmory|def|2
|
|upkeep
|turn|6
|
|t:|1769329991
|move|p2a: Iron Boulder|Mighty Cleave|p1a: Skarmory
|-damage|p1a: Skarmory|45/100
|-damage|p2a: Iron Boulder|67/100|[from] item: Rocky Helmet|[of] p1a: Skarmory
|move|p1a: Skarmory|Spikes|p2a: Iron Boulder
|-sidestart|p2: AVRLIKESGIRLS|Spikes
|
|upkeep
|turn|7
|
|t:|1769330000
|move|p2a: Iron Boulder|Mighty Cleave|p1a: Skarmory
|-damage|p1a: Skarmory|15/100
|-damage|p2a: Iron Boulder|51/100|[from] item: Rocky Helmet|[of] p1a: Skarmory
|move|p1a: Skarmory|Roost|p1a: Skarmory
|-heal|p1a: Skarmory|65/100
|-singleturn|p1a: Skarmory|move: Roost
|
|upkeep
|turn|8
|
|t:|1769330011
|move|p2a: Iron Boulder|Mighty Cleave|p1a: Skarmory
|-damage|p1a: Skarmory|34/100
|-damage|p2a: Iron Boulder|34/100|[from] item: Rocky Helmet|[of] p1a: Skarmory
|move|p1a: Skarmory|Roost|p1a: Skarmory
|-heal|p1a: Skarmory|84/100
|-singleturn|p1a: Skarmory|move: Roost
|
|upkeep
|turn|9
|
|t:|1769330024
|move|p2a: Iron Boulder|Close Combat|p1a: Skarmory
|-damage|p1a: Skarmory|61/100
|-unboost|p2a: Iron Boulder|def|1
|-unboost|p2a: Iron Boulder|spd|1
|-damage|p2a: Iron Boulder|18/100|[from] item: Rocky Helmet|[of] p1a: Skarmory
|move|p1a: Skarmory|Spikes|p2a: Iron Boulder
|-sidestart|p2: AVRLIKESGIRLS|Spikes
|
|upkeep
|turn|10
|
|t:|1769330032
|move|p2a: Iron Boulder|Mighty Cleave|p1a: Skarmory
|-damage|p1a: Skarmory|33/100
|-damage|p2a: Iron Boulder|1/100|[from] item: Rocky Helmet|[of] p1a: Skarmory
|move|p1a: Skarmory|Roost|p1a: Skarmory
|-heal|p1a: Skarmory|83/100
|-singleturn|p1a: Skarmory|move: Roost
|
|upkeep
|turn|11
|
|t:|1769330042
|move|p2a: Iron Boulder|Mighty Cleave|p1a: Skarmory
|-damage|p1a: Skarmory|53/100
|-damage|p2a: Iron Boulder|0 fnt|[from] item: Rocky Helmet|[of] p1a: Skarmory
|faint|p2a: Iron Boulder
|-end|p2a: Iron Boulder|Quark Drive|[silent]
|move|p1a: Skarmory|Roost|p1a: Skarmory
|-heal|p1a: Skarmory|100/100
|-singleturn|p1a: Skarmory|move: Roost
|
|upkeep
|
|t:|1769330057
|switch|p2a: Dragonite|Dragonite, M|100/100
|turn|12
|
|t:|1769330064
|move|p2a: Dragonite|Nasty Plot|p2a: Dragonite
|-boost|p2a: Dragonite|spa|2
|move|p1a: Skarmory|Body Press|p2a: Dragonite
|-immune|p2a: Dragonite
|
|upkeep
|turn|13
|
|t:|1769330073
|switch|p1a: Kingambit|Kingambit, F|100/100
|move|p2a: Dragonite|Shadow Ball|p1a: Kingambit
|-resisted|p1a: Kingambit
|-damage|p1a: Kingambit|62/100
|
|-heal|p1a: Kingambit|68/100|[from] item: Leftovers
|upkeep
|turn|14
|
|t:|1769330083
|move|p1a: Kingambit|Sucker Punch|p2a: Dragonite
|-supereffective|p2a: Dragonite
|-damage|p2a: Dragonite|0 fnt
|replace|p2a: Zoroark|Zoroark-Hisui, F
|-end|p2a: Zoroark|Illusion
|faint|p2a: Zoroark
|
|-heal|p1a: Kingambit|75/100|[from] item: Leftovers
|upkeep
|
|t:|1769330097
|switch|p2a: Dragonite|Dragonite, M|100/100
|turn|15
|c|☆nezk025|Yo you ain't doing that w me
|
|t:|1769330104
|-end|p1a: Kingambit|fallenundefined|[silent]
|switch|p1a: Skarmory|Skarmory, M|100/100
|move|p2a: Dragonite|Dragon Dance|p2a: Dragonite
|-boost|p2a: Dragonite|atk|1
|-boost|p2a: Dragonite|spe|1
|
|upkeep
|turn|16
|
|t:|1769330114
|move|p2a: Dragonite|Ice Spinner|p1a: Skarmory
|-damage|p1a: Skarmory|71/100
|-damage|p2a: Dragonite|84/100|[from] item: Rocky Helmet|[of] p1a: Skarmory
|move|p1a: Skarmory|Iron Defense|p1a: Skarmory
|-boost|p1a: Skarmory|def|2
|
|upkeep
|turn|17
|
|t:|1769330122
|move|p2a: Dragonite|Dragon Dance|p2a: Dragonite
|-boost|p2a: Dragonite|atk|1
|-boost|p2a: Dragonite|spe|1
|move|p1a: Skarmory|Iron Defense|p1a: Skarmory
|-boost|p1a: Skarmory|def|2
|
|upkeep
|turn|18
|
|t:|1769330128
|move|p2a: Dragonite|Dragon Dance|p2a: Dragonite
|-boost|p2a: Dragonite|atk|1
|-boost|p2a: Dragonite|spe|1
|move|p1a: Skarmory|Iron Defense|p1a: Skarmory
|-boost|p1a: Skarmory|def|2
|
|upkeep
|turn|19
|
|t:|1769330135
|move|p2a: Dragonite|Dragon Dance|p2a: Dragonite
|-boost|p2a: Dragonite|atk|1
|-boost|p2a: Dragonite|spe|1
|move|p1a: Skarmory|Body Press|p2a: Dragonite
|-resisted|p2a: Dragonite
|-damage|p2a: Dragonite|20/100
|
|upkeep
|turn|20
|
|t:|1769330144
|move|p2a: Dragonite|Ice Spinner|p1a: Skarmory
|-damage|p1a: Skarmory|56/100
|-damage|p2a: Dragonite|3/100|[from] item: Rocky Helmet|[of] p1a: Skarmory
|move|p1a: Skarmory|Roost|p1a: Skarmory
|-heal|p1a: Skarmory|100/100
|-singleturn|p1a: Skarmory|move: Roost
|
|upkeep
|turn|21
|
|t:|1769330159
|move|p2a: Dragonite|Ice Spinner|p1a: Skarmory
|-damage|p1a: Skarmory|86/100
|-damage|p2a: Dragonite|0 fnt|[from] item: Rocky Helmet|[of] p1a: Skarmory
|faint|p2a: Dragonite
|move|p1a: Skarmory|Roost|p1a: Skarmory
|-heal|p1a: Skarmory|100/100
|-singleturn|p1a: Skarmory|move: Roost
|
|upkeep
|c|☆nezk025|Skarm the goat
|
|t:|1769330169
|switch|p2a: Greninja|Greninja, M|100/100
|-damage|p2a: Greninja|76/100|[from] Spikes
|turn|22
|
|t:|1769330180
|-terastallize|p2a: Greninja|Water
|move|p2a: Greninja|Ice Beam|p1a: Skarmory
|-damage|p1a: Skarmory|56/100
|-damage|p2a: Greninja|66/100|[from] item: Life Orb
|move|p1a: Skarmory|Body Press|p2a: Greninja
|-damage|p2a: Greninja|0 fnt
|faint|p2a: Greninja
|
|upkeep
|
|t:|1769330193
|switch|p2a: Raging Bolt|Raging Bolt|100/100
|-damage|p2a: Raging Bolt|76/100|[from] Spikes
|-enditem|p2a: Raging Bolt|Booster Energy
|-activate|p2a: Raging Bolt|ability: Protosynthesis|[fromitem]
|-start|p2a: Raging Bolt|protosynthesisspa
|turn|23
|
|t:|1769330200
|-terastallize|p1a: Skarmory|Dragon
|move|p2a: Raging Bolt|Thunderbolt|p1a: Skarmory
|-resisted|p1a: Skarmory
|-damage|p1a: Skarmory|10/100
|move|p1a: Skarmory|Body Press|p2a: Raging Bolt
|-damage|p2a: Raging Bolt|0 fnt
|faint|p2a: Raging Bolt
|-end|p2a: Raging Bolt|Protosynthesis|[silent]
|
|upkeep
|
|t:|1769330210
|switch|p2a: Kingambit|Kingambit, F|100/100
|-damage|p2a: Kingambit|76/100|[from] Spikes
|-activate|p2a: Kingambit|ability: Supreme Overlord
|-start|p2a: Kingambit|fallen5|[silent]
|turn|24
|
|t:|1769330216
|move|p2a: Kingambit|Sucker Punch||[still]
|-fail|p2a: Kingambit
|move|p1a: Skarmory|Roost|p1a: Skarmory
|-heal|p1a: Skarmory|60/100
|
|-heal|p2a: Kingambit|82/100|[from] item: Leftovers
|upkeep
|turn|25
|
|t:|1769330224
|move|p1a: Skarmory|Body Press|p2a: Kingambit
|-supereffective|p2a: Kingambit
|-damage|p2a: Kingambit|0 fnt
|faint|p2a: Kingambit
|-end|p2a: Kingambit|fallen5|[silent]
|
|win|nezk025
|raw|nezk025's rating: 1408 &rarr; <strong>1429</strong><br />(+21 for winning)
|raw|AVRLIKESGIRLS's rating: 1427 &rarr; <strong>1406</strong><br />(-21 for losing)
|j| mehvish
|l|☆AVRLIKESGIRLS
|player|p2|
