|j|☆murchy
|j|☆Abefisker
|t:|1769443580
|gametype|singles
|player|p1|murchy|2|1566
|player|p2|Abefisker|tate|1565
|gen|9
|tier|[Gen 9] OU
|rated|
|rule|HP Percentage Mod: HP is shown in percentages
|rule|Endless Battle Clause: Forcing endless battles is banned
|rule|Species Clause: Limit one of each Pokémon
|rule|OHKO Clause: OHKO moves are banned
|rule|Evasion Items Clause: Evasion items are banned
|rule|Evasion Moves Clause: Evasion moves are banned
|rule|Evasion Abilities Clause: Evasion abilities are banned
|rule|Sleep Moves Clause: Sleep-inducing moves are banned
|clearpoke
|poke|p1|Gliscor, M|
|poke|p1|Clodsire, M|
|poke|p1|Toxapex, F|
|poke|p1|Corviknight, F|
|poke|p1|Dondozo, M|
|poke|p1|Clefable, F|
|poke|p2|Suicune|
|poke|p2|Gliscor, M|
|poke|p2|Weezing-Galar, F|
|poke|p2|Alomomola, F|
|poke|p2|Hydrapple, F|
|poke|p2|Bronzong|
|teampreview
|
|t:|1769443586
|teamsize|p1|6
|teamsize|p2|6
|start
|switch|p1a: Gliscor|Gliscor, M|100/100
|switch|p2a: Suicune|Suicune|100/100
|-ability|p2a: Suicune|Pressure
|turn|1
|
|t:|1769443589
|move|p1a: Gliscor|Substitute|p1a: Gliscor
|-start|p1a: Gliscor|Substitute
|-damage|p1a: Gliscor|76/100
|move|p2a: Suicune|Substitute|p2a: Suicune
|-start|p2a: Suicune|Substitute
|-damage|p2a: Suicune|75/100
|
|-heal|p2a: Suicune|82/100|[from] item: Leftovers
|-status|p1a: Gliscor|tox|[from] item: Toxic Orb
|upkeep
|turn|2
|
|t:|1769443604
|switch|p1a: Corviknight|Corviknight, F|100/100
|-ability|p1a: Corviknight|Pressure
|move|p2a: Suicune|Scald|p1a: Corviknight
|-damage|p1a: Corviknight|83/100
|
|-heal|p2a: Suicune|88/100|[from] item: Leftovers
|-heal|p1a: Corviknight|89/100|[from] item: Leftovers
|upkeep
|turn|3
|
|t:|1769443611
|move|p1a: Corviknight|Protect|p1a: Corviknight
|-singleturn|p1a: Corviknight|Protect
|move|p2a: Suicune|Calm Mind|p2a: Suicune
|-boost|p2a: Suicune|spa|1
|-boost|p2a: Suicune|spd|1
|
|-heal|p2a: Suicune|94/100|[from] item: Leftovers
|-heal|p1a: Corviknight|96/100|[from] item: Leftovers
|upkeep
|turn|4
|
|t:|1769443615
|switch|p1a: Toxapex|Toxapex, F|100/100
|move|p2a: Suicune|Scald|p1a: Toxapex
|-resisted|p1a: Toxapex
|-damage|p1a: Toxapex|86/100
|
|-heal|p2a: Suicune|99/100|[from] item: Leftovers
|-heal|p1a: Toxapex|92/100|[from] item: Leftovers
|upkeep
|turn|5
|
|t:|1769443628
|switch|p1a: Dondozo|Dondozo, M|100/100
|move|p2a: Suicune|Scald|p1a: Dondozo
|-resisted|p1a: Dondozo
|-crit|p1a: Dondozo
|-damage|p1a: Dondozo|81/100
|
|-heal|p2a: Suicune|100/100|[from] item: Leftovers
|upkeep
|turn|6
|
|t:|1769443633
|move|p2a: Suicune|Calm Mind|p2a: Suicune
|-boost|p2a: Suicune|spa|1
|-boost|p2a: Suicune|spd|1
|move|p1a: Dondozo|Curse|p1a: Dondozo
|-unboost|p1a: Dondozo|spe|1
|-boost|p1a: Dondozo|atk|1
|-boost|p1a: Dondozo|def|1
|
|upkeep
|turn|7
|
|t:|1769443638
|switch|p2a: Weezing|Weezing-Galar, F|100/100
|-ability|p2a: Weezing|Neutralizing Gas
|move|p1a: Dondozo|Curse|p1a: Dondozo
|-unboost|p1a: Dondozo|spe|1
|-boost|p1a: Dondozo|atk|1
|-boost|p1a: Dondozo|def|1
|
|upkeep
|turn|8
|
|t:|1769443643
|move|p2a: Weezing|Will-O-Wisp|p1a: Dondozo
|-status|p1a: Dondozo|brn
|move|p1a: Dondozo|Waterfall|p2a: Weezing
|-damage|p2a: Weezing|83/100
|
|-damage|p1a: Dondozo|75/100 brn|[from] brn
|upkeep
|turn|9
|
|t:|1769443648
|switch|p1a: Clefable|Clefable, F|100/100
|move|p2a: Weezing|Sludge Bomb|p1a: Clefable
|-supereffective|p1a: Clefable
|-damage|p1a: Clefable|59/100
|
|-damage|p1a: Clefable|47/100|[from] item: Sticky Barb
|upkeep
|turn|10
|
|t:|1769443658
|switch|p1a: Corviknight|Corviknight, F|96/100
|move|p2a: Weezing|Will-O-Wisp|p1a: Corviknight
|-status|p1a: Corviknight|brn
|
|-heal|p1a: Corviknight|100/100 brn|[from] item: Leftovers
|-damage|p1a: Corviknight|94/100 brn|[from] brn
|upkeep
|turn|11
|
|t:|1769443666
|switch|p1a: Clodsire|Clodsire, M|100/100
|-end|p2a: Weezing|ability: Neutralizing Gas
|switch|p2a: Gliscor|Gliscor, M|100/100
|
|-status|p2a: Gliscor|tox|[from] item: Toxic Orb
|upkeep
|turn|12
|
|t:|1769443669
|switch|p2a: Weezing|Weezing-Galar, F|83/100
|-ability|p2a: Weezing|Neutralizing Gas
|move|p1a: Clodsire|Spikes|p2a: Weezing
|-sidestart|p2: Abefisker|Spikes
|
|upkeep
|turn|13
|
|t:|1769443672
|move|p2a: Weezing|Pain Split|p1a: Clodsire
|-sethp|p1a: Clodsire|80/100|[from] move: Pain Split|[silent]
|-sethp|p2a: Weezing|100/100|[from] move: Pain Split
|move|p1a: Clodsire|Earthquake|p2a: Weezing
|-supereffective|p2a: Weezing
|-damage|p2a: Weezing|64/100
|
|upkeep
|turn|14
|
|t:|1769443686
|move|p2a: Weezing|Will-O-Wisp|p1a: Clodsire
|-status|p1a: Clodsire|brn
|move|p1a: Clodsire|Earthquake|p2a: Weezing
|-supereffective|p2a: Weezing
|-damage|p2a: Weezing|46/100
|
|-damage|p1a: Clodsire|74/100 brn|[from] brn
|upkeep
|turn|15
|
|t:|1769443689
|switch|p1a: Clefable|Clefable, F|47/100
|move|p2a: Weezing|Pain Split|p1a: Clefable
|-sethp|p1a: Clefable|43/100|[from] move: Pain Split|[silent]
|-sethp|p2a: Weezing|50/100|[from] move: Pain Split
|
|-damage|p1a: Clefable|30/100|[from] item: Sticky Barb
|upkeep
|turn|16
|
|t:|1769443699
|move|p2a: Weezing|Sludge Bomb|p1a: Clefable
|-supereffective|p1a: Clefable
|-crit|p1a: Clefable
|-damage|p1a: Clefable|0 fnt
|faint|p1a: Clefable
|
|upkeep
|
|t:|1769443712
|switch|p1a: Toxapex|Toxapex, F|100/100
|turn|17
|
|t:|1769443715
|move|p2a: Weezing|Pain Split|p1a: Toxapex
|-sethp|p1a: Toxapex|78/100|[from] move: Pain Split|[silent]
|-sethp|p2a: Weezing|71/100|[from] move: Pain Split
|move|p1a: Toxapex|Infestation|p2a: Weezing
|-resisted|p2a: Weezing
|-damage|p2a: Weezing|70/100
|-activate|p2a: Weezing|move: Infestation|[of] p1a: Toxapex
|
|-heal|p1a: Toxapex|84/100|[from] item: Leftovers
|-damage|p2a: Weezing|58/100|[from] move: Infestation|[partiallytrapped]
|upkeep
|turn|18
|
|t:|1769443722
|move|p1a: Toxapex|Baneful Bunker|p1a: Toxapex
|-singleturn|p1a: Toxapex|move: Protect
|move|p2a: Weezing|Will-O-Wisp|p1a: Toxapex
|-activate|p1a: Toxapex|move: Protect
|
|-heal|p1a: Toxapex|90/100|[from] item: Leftovers
|-damage|p2a: Weezing|45/100|[from] move: Infestation|[partiallytrapped]
|upkeep
|turn|19
|
|t:|1769443724
|move|p2a: Weezing|Will-O-Wisp|p1a: Toxapex
|-status|p1a: Toxapex|brn
|move|p1a: Toxapex|Infestation|p2a: Weezing
|-resisted|p2a: Weezing
|-damage|p2a: Weezing|45/100
|
|-heal|p1a: Toxapex|97/100 brn|[from] item: Leftovers
|-damage|p1a: Toxapex|90/100 brn|[from] brn
|-damage|p2a: Weezing|32/100|[from] move: Infestation|[partiallytrapped]
|upkeep
|turn|20
|
|t:|1769443727
|move|p1a: Toxapex|Baneful Bunker|p1a: Toxapex
|-singleturn|p1a: Toxapex|move: Protect
|move|p2a: Weezing|Pain Split|p1a: Toxapex
|-activate|p1a: Toxapex|move: Protect
|
|-heal|p1a: Toxapex|97/100 brn|[from] item: Leftovers
|-damage|p1a: Toxapex|90/100 brn|[from] brn
|-damage|p2a: Weezing|20/100|[from] move: Infestation|[partiallytrapped]
|upkeep
|turn|21
|
|t:|1769443732
|move|p1a: Toxapex|Baneful Bunker||[still]
|-fail|p1a: Toxapex
|move|p2a: Weezing|Pain Split|p1a: Toxapex
|-sethp|p1a: Toxapex|56/100 brn|[from] move: Pain Split|[silent]
|-sethp|p2a: Weezing|51/100|[from] move: Pain Split
|
|-heal|p1a: Toxapex|62/100 brn|[from] item: Leftovers
|-damage|p1a: Toxapex|56/100 brn|[from] brn
|-end|p2a: Weezing|Infestation|[partiallytrapped]
|upkeep
|turn|22
|
|t:|1769443734
|move|p2a: Weezing|Defog|p1a: Toxapex
|-unboost|p1a: Toxapex|evasion|1
|-sideend|p2: Abefisker|Spikes|[from] move: Defog|[of] p2a: Weezing
|move|p1a: Toxapex|Infestation|p2a: Weezing
|-resisted|p2a: Weezing
|-damage|p2a: Weezing|50/100
|-activate|p2a: Weezing|move: Infestation|[of] p1a: Toxapex
|
|-heal|p1a: Toxapex|62/100 brn|[from] item: Leftovers
|-damage|p1a: Toxapex|56/100 brn|[from] brn
|-damage|p2a: Weezing|38/100|[from] move: Infestation|[partiallytrapped]
|upkeep
|turn|23
|
|t:|1769443737
|move|p2a: Weezing|Pain Split|p1a: Toxapex
|-sethp|p1a: Toxapex|49/100 brn|[from] move: Pain Split|[silent]
|-sethp|p2a: Weezing|45/100|[from] move: Pain Split
|move|p1a: Toxapex|Infestation|p2a: Weezing
|-resisted|p2a: Weezing
|-damage|p2a: Weezing|44/100
|
|-heal|p1a: Toxapex|55/100 brn|[from] item: Leftovers
|-damage|p1a: Toxapex|49/100 brn|[from] brn
|-damage|p2a: Weezing|31/100|[from] move: Infestation|[partiallytrapped]
|upkeep
|turn|24
|
|t:|1769443741
|move|p2a: Weezing|Sludge Bomb|p1a: Toxapex
|-resisted|p1a: Toxapex
|-damage|p1a: Toxapex|40/100 brn
|move|p1a: Toxapex|Infestation|p2a: Weezing
|-resisted|p2a: Weezing
|-damage|p2a: Weezing|30/100
|
|-heal|p1a: Toxapex|46/100 brn|[from] item: Leftovers
|-damage|p1a: Toxapex|40/100 brn|[from] brn
|-damage|p2a: Weezing|18/100|[from] move: Infestation|[partiallytrapped]
|upkeep
|turn|25
|
|t:|1769443743
|move|p2a: Weezing|Pain Split|p1a: Toxapex
|-sethp|p1a: Toxapex|30/100 brn|[from] move: Pain Split|[silent]
|-sethp|p2a: Weezing|27/100|[from] move: Pain Split
|move|p1a: Toxapex|Infestation|p2a: Weezing
|-resisted|p2a: Weezing
|-damage|p2a: Weezing|26/100
|
|-heal|p1a: Toxapex|36/100 brn|[from] item: Leftovers
|-damage|p1a: Toxapex|30/100 brn|[from] brn
|-damage|p2a: Weezing|14/100|[from] move: Infestation|[partiallytrapped]
|upkeep
|turn|26
|
|t:|1769443746
|move|p2a: Weezing|Pain Split|p1a: Toxapex
|-sethp|p1a: Toxapex|23/100 brn|[from] move: Pain Split|[silent]
|-sethp|p2a: Weezing|21/100|[from] move: Pain Split
|move|p1a: Toxapex|Infestation|p2a: Weezing
|-resisted|p2a: Weezing
|-damage|p2a: Weezing|20/100
|
|-heal|p1a: Toxapex|29/100 brn|[from] item: Leftovers
|-damage|p1a: Toxapex|23/100 brn|[from] brn
|-damage|p2a: Weezing|7/100|[from] move: Infestation|[partiallytrapped]
|upkeep
|turn|27
|
|t:|1769443751
|move|p1a: Toxapex|Baneful Bunker|p1a: Toxapex
|-singleturn|p1a: Toxapex|move: Protect
|move|p2a: Weezing|Pain Split|p1a: Toxapex
|-activate|p1a: Toxapex|move: Protect
|
|-heal|p1a: Toxapex|29/100 brn|[from] item: Leftovers
|-damage|p1a: Toxapex|23/100 brn|[from] brn
|-end|p2a: Weezing|Infestation|[partiallytrapped]
|upkeep
|turn|28
|
|t:|1769443758
|-end|p2a: Weezing|ability: Neutralizing Gas
|switch|p2a: Gliscor|Gliscor, M|100/100 tox
|move|p1a: Toxapex|Recover|p1a: Toxapex
|-heal|p1a: Toxapex|73/100 brn
|
|-heal|p1a: Toxapex|79/100 brn|[from] item: Leftovers
|-damage|p1a: Toxapex|73/100 brn|[from] brn
|upkeep
|turn|29
|
|t:|1769443767
|switch|p1a: Corviknight|Corviknight, F|94/100 brn
|-ability|p1a: Corviknight|Pressure
|move|p2a: Gliscor|Spikes|p1a: Corviknight
|-sidestart|p1: murchy|Spikes
|
|-heal|p1a: Corviknight|100/100 brn|[from] item: Leftovers
|-damage|p1a: Corviknight|94/100 brn|[from] brn
|upkeep
|turn|30
|
|t:|1769443772
|move|p2a: Gliscor|Knock Off|p1a: Corviknight
|-damage|p1a: Corviknight|77/100 brn
|-enditem|p1a: Corviknight|Leftovers|[from] move: Knock Off|[of] p2a: Gliscor
|move|p1a: Corviknight|Brave Bird|p2a: Gliscor
|-damage|p2a: Gliscor|85/100 tox
|-damage|p1a: Corviknight|72/100 brn|[from] Recoil
|
|-heal|p2a: Gliscor|98/100 tox|[from] ability: Poison Heal
|-damage|p1a: Corviknight|66/100 brn|[from] brn
|upkeep
|turn|31
|
|t:|1769443776
|switch|p2a: Alomomola|Alomomola, F|100/100
|move|p1a: Corviknight|Defog|p2a: Alomomola
|-unboost|p2a: Alomomola|evasion|1
|-sideend|p1: murchy|Spikes|[from] move: Defog|[of] p1a: Corviknight
|
|-damage|p1a: Corviknight|60/100 brn|[from] brn
|upkeep
|turn|32
|
|t:|1769443780
|switch|p1a: Toxapex|Toxapex, F|100/100 brn
|move|p2a: Alomomola|Wish|p2a: Alomomola
|
|-damage|p1a: Toxapex|94/100 brn|[from] brn
|upkeep
|turn|33
|
|t:|1769443788
|switch|p2a: Bronzong|Bronzong|100/100
|move|p1a: Toxapex|Baneful Bunker||[still]
|-fail|p1a: Toxapex
|
|-heal|p1a: Toxapex|100/100 brn|[from] item: Leftovers
|-damage|p1a: Toxapex|94/100 brn|[from] brn
|upkeep
|turn|34
|
|t:|1769443795
|switch|p1a: Clodsire|Clodsire, M|74/100 brn
|move|p2a: Bronzong|Stealth Rock|p1a: Clodsire
|-sidestart|p1: murchy|move: Stealth Rock
|
|-damage|p1a: Clodsire|68/100 brn|[from] brn
|upkeep
|turn|35
|
|t:|1769443798
|move|p2a: Bronzong|Psychic Noise|p1a: Clodsire
|-supereffective|p1a: Clodsire
|-damage|p1a: Clodsire|47/100 brn
|-start|p1a: Clodsire|move: Heal Block
|move|p1a: Clodsire|Spikes|p2a: Bronzong
|-sidestart|p2: Abefisker|Spikes
|
|-damage|p1a: Clodsire|41/100 brn|[from] brn
|upkeep
|turn|36
|
|t:|1769443806
|switch|p1a: Gliscor|Gliscor, M|76/100 tox
|-damage|p1a: Gliscor|63/100 tox|[from] Stealth Rock
|move|p2a: Bronzong|Psychic Noise|p1a: Gliscor
|-damage|p1a: Gliscor|39/100 tox
|-start|p1a: Gliscor|move: Heal Block
|
|upkeep
|turn|37
|
|t:|1769443811
|-terastallize|p1a: Gliscor|Dark
|move|p1a: Gliscor|Knock Off|p2a: Bronzong
|-supereffective|p2a: Bronzong
|-damage|p2a: Bronzong|47/100
|-enditem|p2a: Bronzong|Leftovers|[from] move: Knock Off|[of] p1a: Gliscor
|move|p2a: Bronzong|Psychic Noise|p1a: Gliscor
|-immune|p1a: Gliscor
|
|-end|p1a: Gliscor|move: Heal Block
|upkeep
|turn|38
|
|t:|1769443818
|move|p1a: Gliscor|Knock Off|p2a: Bronzong
|-supereffective|p2a: Bronzong
|-damage|p2a: Bronzong|11/100
|move|p2a: Bronzong|Body Press|p1a: Gliscor
|-supereffective|p1a: Gliscor
|-damage|p1a: Gliscor|7/100 tox
|
|-heal|p1a: Gliscor|19/100 tox|[from] ability: Poison Heal
|upkeep
|turn|39
|
|t:|1769443823
|move|p1a: Gliscor|Knock Off|p2a: Bronzong
|-supereffective|p2a: Bronzong
|-damage|p2a: Bronzong|0 fnt
|faint|p2a: Bronzong
|
|-heal|p1a: Gliscor|32/100 tox|[from] ability: Poison Heal
|upkeep
|
|t:|1769443825
|switch|p2a: Hydrapple|Hydrapple, F|100/100
|-damage|p2a: Hydrapple|88/100|[from] Spikes
|turn|40
|
|t:|1769443831
|switch|p1a: Corviknight|Corviknight, F|60/100 brn
|-damage|p1a: Corviknight|47/100 brn|[from] Stealth Rock
|-ability|p1a: Corviknight|Pressure
|move|p2a: Hydrapple|Nasty Plot|p2a: Hydrapple
|-boost|p2a: Hydrapple|spa|2
|
|-damage|p1a: Corviknight|41/100 brn|[from] brn
|upkeep
|turn|41
|
|t:|1769443835
|switch|p1a: Clodsire|Clodsire, M|41/100 brn
|move|p2a: Hydrapple|Fickle Beam|p1a: Clodsire
|-damage|p1a: Clodsire|22/100 brn
|
|-damage|p1a: Clodsire|16/100 brn|[from] brn
|upkeep
|turn|42
|
|t:|1769443837
|move|p2a: Hydrapple|Earth Power|p1a: Clodsire
|-supereffective|p1a: Clodsire
|-damage|p1a: Clodsire|0 fnt
|faint|p1a: Clodsire
|
|upkeep
|-message|murchy forfeited.
|
|win|Abefisker
|raw|murchy's rating: 1566 &rarr; <strong>1546</strong><br />(-20 for losing)
|raw|Abefisker's rating: 1565 &rarr; <strong>1585</strong><br />(+20 for winning)
|l|☆murchy
|player|p1|
|l|☆Abefisker
|player|p2|
