|j|☆Thegrimmace
|j|☆rootls99
|t:|1769371015
|gametype|singles
|player|p1|Thegrimmace|170|1335
|player|p2|rootls99|169|1432
|gen|9
|tier|[Gen 9] OU
|rated|
|rule|HP Percentage Mod: HP is shown in percentages
|rule|Endless Battle Clause: Forcing endless battles is banned
|rule|Species Clause: Limit one of each Pokémon
|rule|OHKO Clause: OHKO moves are banned
|rule|Evasion Items Clause: Evasion items are banned
|rule|Evasion Moves Clause: Evasion moves are banned
|rule|Evasion Abilities Clause: Evasion abilities are banned
|rule|Sleep Moves Clause: Sleep-inducing moves are banned
|clearpoke
|poke|p1|Glimmora, M|
|poke|p1|Kingambit, F|
|poke|p1|Iron Valiant|
|poke|p1|Dragapult, M|
|poke|p1|Zebstrika, F|
|poke|p1|Dondozo, M|
|poke|p2|Great Tusk|
|poke|p2|Pecharunt|
|poke|p2|Iron Valiant|
|poke|p2|Iron Crown|
|poke|p2|Samurott-Hisui, M|
|poke|p2|Dragonite, M|
|teampreview
|inactive|Battle timer is ON: inactive players will automatically lose when time's up. (requested by rootls99)
|
|t:|1769371039
|teamsize|p1|6
|teamsize|p2|6
|start
|switch|p1a: Glimmora|Glimmora, M|100/100
|switch|p2a: Iron Crown|Iron Crown|100/100
|turn|1
|
|t:|1769371052
|move|p2a: Iron Crown|Tachyon Cutter|p1a: Glimmora
|-supereffective|p1a: Glimmora
|-damage|p1a: Glimmora|39/100
|-supereffective|p1a: Glimmora
|-damage|p1a: Glimmora|0 fnt
|faint|p1a: Glimmora
|-hitcount|p1: Glimmora|2
|
|upkeep
|
|t:|1769371064
|switch|p1a: Dragapult|Dragapult, M|100/100
|turn|2
|
|t:|1769371076
|-end|p2a: Iron Crown|Quark Drive|[silent]
|switch|p2a: Samurott|Samurott-Hisui, M, shiny|100/100
|move|p1a: Dragapult|U-turn|p2a: Samurott
|-supereffective|p2a: Samurott
|-damage|p2a: Samurott|54/100
|
|t:|1769371082
|switch|p1a: Zebstrika|Zebstrika, F|100/100|[from] U-turn
|
|upkeep
|turn|3
|
|t:|1769371091
|switch|p2a: Great Tusk|Great Tusk, shiny|100/100
|move|p1a: Zebstrika|Thunderbolt|p2a: Great Tusk
|-immune|p2a: Great Tusk
|
|upkeep
|turn|4
|
|t:|1769371096
|switch|p1a: Dondozo|Dondozo, M|100/100
|move|p2a: Great Tusk|Stealth Rock|p1a: Dondozo
|-sidestart|p1: Thegrimmace|move: Stealth Rock
|
|upkeep
|turn|5
|
|t:|1769371109
|-end|p2a: Great Tusk|Protosynthesis|[silent]
|switch|p2a: Pecharunt|Pecharunt|100/100
|move|p1a: Dondozo|Curse|p1a: Dondozo
|-unboost|p1a: Dondozo|spe|1
|-boost|p1a: Dondozo|atk|1
|-boost|p1a: Dondozo|def|1
|
|upkeep
|turn|6
|
|t:|1769371122
|move|p2a: Pecharunt|Malignant Chain|p1a: Dondozo
|-damage|p1a: Dondozo|68/100
|-status|p1a: Dondozo|tox
|-start|p1a: Dondozo|confusion|[from] ability: Poison Puppeteer|[of] p2a: Pecharunt
|-activate|p1a: Dondozo|confusion
|move|p1a: Dondozo|Waterfall|p2a: Pecharunt
|-damage|p2a: Pecharunt|82/100
|-damage|p1a: Dondozo|52/100 tox|[from] item: Rocky Helmet|[of] p2a: Pecharunt
|
|-heal|p1a: Dondozo|58/100 tox|[from] item: Leftovers
|-damage|p1a: Dondozo|52/100 tox|[from] psn
|upkeep
|turn|7
|
|t:|1769371139
|move|p2a: Pecharunt|Parting Shot|p1a: Dondozo
|-unboost|p1a: Dondozo|atk|1
|-unboost|p1a: Dondozo|spa|1
|
|t:|1769371141
|switch|p2a: Iron Crown|Iron Crown|100/100|[from] Parting Shot
|-end|p1a: Dondozo|confusion
|move|p1a: Dondozo|Rest|p1a: Dondozo
|-status|p1a: Dondozo|slp|[from] move: Rest
|-heal|p1a: Dondozo|100/100 slp|[silent]
|
|upkeep
|turn|8
|
|t:|1769371157
|move|p2a: Iron Crown|Future Sight|p1a: Dondozo
|-start|p2a: Iron Crown|move: Future Sight
|cant|p1a: Dondozo|slp
|move|p1a: Dondozo|Sleep Talk|p1a: Dondozo
|move|p1a: Dondozo|Waterfall|p2a: Iron Crown|[from] move: Sleep Talk
|-crit|p2a: Iron Crown
|-damage|p2a: Iron Crown|57/100
|
|upkeep
|turn|9
|
|t:|1769371167
|move|p2a: Iron Crown|Volt Switch|p1a: Dondozo
|-supereffective|p1a: Dondozo
|-damage|p1a: Dondozo|58/100 slp
|
|t:|1769371173
|-end|p2a: Iron Crown|Quark Drive|[silent]
|switch|p2a: Pecharunt|Pecharunt|82/100|[from] Volt Switch
|cant|p1a: Dondozo|slp
|move|p1a: Dondozo|Sleep Talk|p1a: Dondozo
|move|p1a: Dondozo|Waterfall|p2a: Pecharunt|[from] move: Sleep Talk
|-damage|p2a: Pecharunt|68/100
|-damage|p1a: Dondozo|42/100 slp|[from] item: Rocky Helmet|[of] p2a: Pecharunt
|
|-heal|p1a: Dondozo|48/100 slp|[from] item: Leftovers
|upkeep
|turn|10
|
|t:|1769371179
|move|p2a: Pecharunt|Malignant Chain|p1a: Dondozo
|-damage|p1a: Dondozo|17/100 slp
|-curestatus|p1a: Dondozo|slp|[msg]
|move|p1a: Dondozo|Rest|p1a: Dondozo
|-status|p1a: Dondozo|slp|[from] move: Rest
|-heal|p1a: Dondozo|100/100 slp|[silent]
|
|-end|p1a: Dondozo|move: Future Sight
|-damage|p1a: Dondozo|42/100 slp
|-heal|p1a: Dondozo|48/100 slp|[from] item: Leftovers
|upkeep
|turn|11
|inactive|Thegrimmace has 120 seconds left.
|
|t:|1769371229
|move|p2a: Pecharunt|Shadow Ball|p1a: Dondozo
|-damage|p1a: Dondozo|27/100 slp
|cant|p1a: Dondozo|slp
|
|-heal|p1a: Dondozo|33/100 slp|[from] item: Leftovers
|upkeep
|turn|12
|
|t:|1769371235
|move|p2a: Pecharunt|Malignant Chain|p1a: Dondozo
|-damage|p1a: Dondozo|5/100 slp
|cant|p1a: Dondozo|slp
|
|-heal|p1a: Dondozo|11/100 slp|[from] item: Leftovers
|upkeep
|turn|13
|inactive|Thegrimmace has 120 seconds left.
|
|t:|1769371242
|move|p2a: Pecharunt|Shadow Ball|p1a: Dondozo
|-damage|p1a: Dondozo|0 fnt
|faint|p1a: Dondozo
|
|upkeep
|
|t:|1769371247
|switch|p1a: Kingambit|Kingambit, F|100/100
|-damage|p1a: Kingambit|94/100|[from] Stealth Rock
|-activate|p1a: Kingambit|ability: Supreme Overlord
|-start|p1a: Kingambit|fallen2|[silent]
|turn|14
|
|t:|1769371267
|move|p2a: Pecharunt|Parting Shot|p1a: Kingambit
|-unboost|p1a: Kingambit|atk|1
|-unboost|p1a: Kingambit|spa|1
|
|t:|1769371269
|switch|p2a: Iron Valiant|Iron Valiant, shiny|100/100|[from] Parting Shot
|move|p1a: Kingambit|Swords Dance|p1a: Kingambit
|-boost|p1a: Kingambit|atk|2
|
|upkeep
|turn|15
|
|t:|1769371299
|-end|p1a: Kingambit|fallen2|[silent]
|switch|p1a: Dragapult|Dragapult, M|100/100
|-damage|p1a: Dragapult|88/100|[from] Stealth Rock
|move|p2a: Iron Valiant|Moonblast|p1a: Dragapult
|-supereffective|p1a: Dragapult
|-damage|p1a: Dragapult|0 fnt
|faint|p1a: Dragapult
|
|upkeep
|
|t:|1769371307
|switch|p1a: Zebstrika|Zebstrika, F|100/100
|turn|16
|
|t:|1769371314
|-end|p2a: Iron Valiant|Quark Drive|[silent]
|switch|p2a: Iron Crown|Iron Crown|57/100
|move|p1a: Zebstrika|Trailblaze|p2a: Iron Crown
|-resisted|p2a: Iron Crown
|-damage|p2a: Iron Crown|51/100
|-boost|p1a: Zebstrika|spe|1
|
|upkeep
|turn|17
|
|t:|1769371321
|move|p1a: Zebstrika|Overheat|p2a: Iron Crown
|-supereffective|p2a: Iron Crown
|-damage|p2a: Iron Crown|10/100
|-unboost|p1a: Zebstrika|spa|2
|move|p2a: Iron Crown|Psychic Noise|p1a: Zebstrika
|-damage|p1a: Zebstrika|34/100
|-start|p1a: Zebstrika|move: Heal Block
|
|upkeep
|turn|18
|
|t:|1769371328
|move|p1a: Zebstrika|Thunderbolt|p2a: Iron Crown
|-damage|p2a: Iron Crown|0 fnt
|faint|p2a: Iron Crown
|-end|p2a: Iron Crown|Quark Drive|[silent]
|
|-end|p1a: Zebstrika|move: Heal Block
|upkeep
|
|t:|1769371339
|switch|p2a: Great Tusk|Great Tusk, shiny|100/100
|turn|19
|
|t:|1769371348
|move|p1a: Zebstrika|Trailblaze|p2a: Great Tusk
|-supereffective|p2a: Great Tusk
|-damage|p2a: Great Tusk|86/100
|-boost|p1a: Zebstrika|spe|1
|move|p2a: Great Tusk|Ice Spinner|p1a: Zebstrika
|-damage|p1a: Zebstrika|0 fnt
|faint|p1a: Zebstrika
|
|upkeep
|
|t:|1769371352
|switch|p1a: Iron Valiant|Iron Valiant|100/100
|-damage|p1a: Iron Valiant|94/100|[from] Stealth Rock
|-enditem|p1a: Iron Valiant|Booster Energy
|-activate|p1a: Iron Valiant|ability: Quark Drive|[fromitem]
|-start|p1a: Iron Valiant|quarkdrivespe
|turn|20
|
|t:|1769371365
|-end|p2a: Great Tusk|Protosynthesis|[silent]
|switch|p2a: Samurott|Samurott-Hisui, M, shiny|54/100
|-terastallize|p1a: Iron Valiant|Fairy
|move|p1a: Iron Valiant|Moonblast|p2a: Samurott
|-supereffective|p2a: Samurott
|-damage|p2a: Samurott|0 fnt
|faint|p2a: Samurott
|
|upkeep
|
|t:|1769371383
|switch|p2a: Dragonite|Dragonite, M, shiny|100/100
|turn|21
|
|t:|1769371392
|-terastallize|p2a: Dragonite|Flying
|move|p1a: Iron Valiant|Close Combat|p2a: Dragonite
|-resisted|p2a: Dragonite
|-damage|p2a: Dragonite|86/100
|-unboost|p1a: Iron Valiant|def|1
|-unboost|p1a: Iron Valiant|spd|1
|move|p2a: Dragonite|Dragon Dance|p2a: Dragonite
|-boost|p2a: Dragonite|atk|1
|-boost|p2a: Dragonite|spe|1
|
|upkeep
|turn|22
|
|t:|1769371402
|move|p1a: Iron Valiant|Thunderbolt|p2a: Dragonite
|-supereffective|p2a: Dragonite
|-damage|p2a: Dragonite|18/100
|move|p2a: Dragonite|Dragon Dance|p2a: Dragonite
|-boost|p2a: Dragonite|atk|1
|-boost|p2a: Dragonite|spe|1
|
|upkeep
|turn|23
|
|t:|1769371408
|move|p2a: Dragonite|Tera Blast|p1a: Iron Valiant|[anim] Tera Blast Flying
|-crit|p1a: Iron Valiant
|-damage|p1a: Iron Valiant|0 fnt
|faint|p1a: Iron Valiant
|-end|p1a: Iron Valiant|Quark Drive|[silent]
|
|upkeep
|
|t:|1769371410
|switch|p1a: Kingambit|Kingambit, F|94/100
|-damage|p1a: Kingambit|88/100|[from] Stealth Rock
|-activate|p1a: Kingambit|ability: Supreme Overlord
|-start|p1a: Kingambit|fallen5|[silent]
|turn|24
|
|t:|1769371416
|move|p2a: Dragonite|Roost|p2a: Dragonite
|-heal|p2a: Dragonite|68/100
|-hint|If a Terastallized Pokemon uses Roost, it remains Flying-type.
|move|p1a: Kingambit|Iron Head|p2a: Dragonite
|-damage|p2a: Dragonite|0 fnt
|faint|p2a: Dragonite
|
|upkeep
|
|t:|1769371422
|switch|p2a: Iron Valiant|Iron Valiant, shiny|100/100
|turn|25
|
|t:|1769371428
|move|p2a: Iron Valiant|Vacuum Wave|p1a: Kingambit
|-supereffective|p1a: Kingambit
|-damage|p1a: Kingambit|0 fnt
|faint|p1a: Kingambit
|-end|p1a: Kingambit|fallen5|[silent]
|
|win|rootls99
|raw|Thegrimmace's rating: 1335 &rarr; <strong>1320</strong><br />(-15 for losing)
|raw|rootls99's rating: 1432 &rarr; <strong>1447</strong><br />(+15 for winning)
|l|☆Thegrimmace
|player|p1|
|l|☆rootls99
|player|p2|
