|j|☆xviiiz
|j|☆rawbraines
|t:|1769372484
|gametype|singles
|player|p1|xviiiz|idol|1168
|player|p2|rawbraines|smasher|1188
|gen|9
|tier|[Gen 9] OU
|rated|
|rule|HP Percentage Mod: HP is shown in percentages
|rule|Endless Battle Clause: Forcing endless battles is banned
|rule|Species Clause: Limit one of each Pokémon
|rule|OHKO Clause: OHKO moves are banned
|rule|Evasion Items Clause: Evasion items are banned
|rule|Evasion Moves Clause: Evasion moves are banned
|rule|Evasion Abilities Clause: Evasion abilities are banned
|rule|Sleep Moves Clause: Sleep-inducing moves are banned
|clearpoke
|poke|p1|Alomomola, F|
|poke|p1|Meowscarada, M|
|poke|p1|Iron Valiant|
|poke|p1|Zapdos|
|poke|p1|Gholdengo|
|poke|p1|Ting-Lu|
|poke|p2|Overqwil, M|
|poke|p2|Articuno|
|poke|p2|Golurk|
|poke|p2|Iron Valiant|
|poke|p2|Dragonite, F|
|poke|p2|Tinkaton, F|
|teampreview
|inactive|Battle timer is ON: inactive players will automatically lose when time's up. (requested by xviiiz)
|
|t:|1769372499
|teamsize|p1|6
|teamsize|p2|6
|start
|switch|p1a: Ting-Lu|Ting-Lu|100/100
|switch|p2a: Overqwil|Overqwil, M|100/100
|-ability|p2a: Overqwil|Intimidate|boost
|-unboost|p1a: Ting-Lu|atk|1
|-ability|p1a: Ting-Lu|Vessel of Ruin
|turn|1
|
|t:|1769372504
|move|p2a: Overqwil|Taunt|p1a: Ting-Lu
|-start|p1a: Ting-Lu|move: Taunt
|cant|p1a: Ting-Lu|move: Taunt|Stealth Rock
|
|upkeep
|turn|2
|
|t:|1769372509
|switch|p1a: Zapdos|Zapdos|100/100
|move|p2a: Overqwil|Spikes|p1a: Zapdos
|-sidestart|p1: xviiiz|Spikes
|
|upkeep
|turn|3
|
|t:|1769372517
|move|p1a: Zapdos|Thunderbolt|p2a: Overqwil
|-damage|p2a: Overqwil|32/100
|-status|p2a: Overqwil|par
|cant|p2a: Overqwil|par
|
|-heal|p2a: Overqwil|38/100 par|[from] item: Black Sludge
|upkeep
|turn|4
|
|t:|1769372530
|switch|p2a: Golurk|Golurk|100/100
|move|p1a: Zapdos|Hurricane|p2a: Golurk
|-damage|p2a: Golurk|47/100
|
|upkeep
|turn|5
|
|t:|1769372543
|move|p1a: Zapdos|Hurricane|p2a: Golurk
|-damage|p2a: Golurk|0 fnt
|faint|p2a: Golurk
|
|upkeep
|
|t:|1769372550
|switch|p2a: Articuno|Articuno|100/100
|-ability|p2a: Articuno|Pressure
|turn|6
|
|t:|1769372556
|-terastallize|p2a: Articuno|Ground
|move|p2a: Articuno|Agility|p2a: Articuno
|-boost|p2a: Articuno|spe|2
|move|p1a: Zapdos|Thunderbolt|p2a: Articuno
|-immune|p2a: Articuno
|
|upkeep
|turn|7
|
|t:|1769372573
|move|p2a: Articuno|Agility|p2a: Articuno
|-boost|p2a: Articuno|spe|2
|move|p1a: Zapdos|Hurricane|p2a: Articuno
|-damage|p2a: Articuno|43/100
|-start|p2a: Articuno|confusion
|
|upkeep
|turn|8
|
|t:|1769372581
|-activate|p2a: Articuno|confusion
|move|p2a: Articuno|Freeze-Dry|p1a: Zapdos
|-supereffective|p1a: Zapdos
|-damage|p1a: Zapdos|28/100
|move|p1a: Zapdos|Hurricane|p2a: Articuno
|-damage|p2a: Articuno|0 fnt
|faint|p2a: Articuno
|
|upkeep
|
|t:|1769372598
|switch|p2a: Dragonite|Dragonite, F|100/100
|turn|9
|
|t:|1769372605
|move|p2a: Dragonite|Dragon Dance|p2a: Dragonite
|-boost|p2a: Dragonite|atk|1
|-boost|p2a: Dragonite|spe|1
|move|p1a: Zapdos|Hurricane|p2a: Dragonite|[miss]
|-miss|p1a: Zapdos|p2a: Dragonite
|
|upkeep
|turn|10
|
|t:|1769372618
|move|p2a: Dragonite|Extreme Speed|p1a: Zapdos
|-damage|p1a: Zapdos|0 fnt
|-status|p2a: Dragonite|par|[from] ability: Static|[of] p1a: Zapdos
|faint|p1a: Zapdos
|
|upkeep
|-message|rawbraines forfeited.
|
|win|xviiiz
|raw|xviiiz's rating: 1168 &rarr; <strong>1194</strong><br />(+26 for winning)
|raw|rawbraines's rating: 1188 &rarr; <strong>1162</strong><br />(-26 for losing)
|l|☆rawbraines
|player|p2|
|l|☆xviiiz
|player|p1|
