|j|‽bigkatt96
|j|☆distantmonk
|t:|1769411456
|gametype|singles
|player|p1|bigkatt96|102|1128
|player|p2|distantmonk|li|1109
|gen|9
|tier|[Gen 9] OU
|rated|
|rule|HP Percentage Mod: HP is shown in percentages
|rule|Endless Battle Clause: Forcing endless battles is banned
|rule|Species Clause: Limit one of each Pokémon
|rule|OHKO Clause: OHKO moves are banned
|rule|Evasion Items Clause: Evasion items are banned
|rule|Evasion Moves Clause: Evasion moves are banned
|rule|Evasion Abilities Clause: Evasion abilities are banned
|rule|Sleep Moves Clause: Sleep-inducing moves are banned
|clearpoke
|poke|p1|Rhyperior, M|
|poke|p1|Slowbro, M|
|poke|p1|Hitmonlee, M|
|poke|p1|Scizor, M|
|poke|p1|Sandy Shocks|
|poke|p1|Vileplume, M|
|poke|p2|Iron Moth|
|poke|p2|Ceruledge, M|
|poke|p2|Great Tusk|
|poke|p2|Torkoal, M|
|poke|p2|Venusaur, F|
|poke|p2|Walking Wake|
|teampreview
|inactive|Battle timer is ON: inactive players will automatically lose when time's up. (requested by distantmonk)
|
|t:|1769411464
|teamsize|p1|6
|teamsize|p2|6
|start
|switch|p1a: Rhyperior|Rhyperior, M|100/100
|switch|p2a: Iron Moth|Iron Moth|100/100
|turn|1
|
|t:|1769411471
|move|p2a: Iron Moth|Energy Ball|p1a: Rhyperior
|-supereffective|p1a: Rhyperior
|-damage|p1a: Rhyperior|0 fnt
|faint|p1a: Rhyperior
|-damage|p2a: Iron Moth|91/100|[from] item: Life Orb
|
|upkeep
|
|t:|1769411481
|switch|p1a: Hitmonlee|Hitmonlee, M|100/100
|turn|2
|
|t:|1769411485
|move|p2a: Iron Moth|Fiery Dance|p1a: Hitmonlee
|-damage|p1a: Hitmonlee|22/100
|-boost|p2a: Iron Moth|spa|1
|-enditem|p1a: Hitmonlee|Liechi Berry|[eat]
|-boost|p1a: Hitmonlee|atk|1|[from] item: Liechi Berry
|-damage|p2a: Iron Moth|81/100|[from] item: Life Orb
|move|p1a: Hitmonlee|Knock Off|p2a: Iron Moth
|-damage|p2a: Iron Moth|0 fnt
|-enditem|p2a: Iron Moth|Life Orb|[from] move: Knock Off|[of] p1a: Hitmonlee
|faint|p2a: Iron Moth
|-end|p2a: Iron Moth|Quark Drive|[silent]
|
|upkeep
|
|t:|1769411491
|switch|p2a: Ceruledge|Ceruledge, M|100/100
|turn|3
|
|t:|1769411499
|move|p2a: Ceruledge|Endure|p2a: Ceruledge
|-singleturn|p2a: Ceruledge|move: Endure
|move|p1a: Hitmonlee|Knock Off|p2a: Ceruledge
|-supereffective|p2a: Ceruledge
|-activate|p2a: Ceruledge|move: Endure
|-damage|p2a: Ceruledge|1/100
|-ability|p2a: Ceruledge|Weak Armor|boost
|-unboost|p2a: Ceruledge|def|1
|-boost|p2a: Ceruledge|spe|2
|-enditem|p2a: Ceruledge|Heavy-Duty Boots|[from] move: Knock Off|[of] p1a: Hitmonlee
|
|upkeep
|turn|4
|
|t:|1769411510
|move|p1a: Hitmonlee|Endure|p1a: Hitmonlee
|-singleturn|p1a: Hitmonlee|move: Endure
|move|p2a: Ceruledge|Bitter Blade|p1a: Hitmonlee
|-activate|p1a: Hitmonlee|move: Endure
|-damage|p1a: Hitmonlee|1/100
|-heal|p2a: Ceruledge|10/100|[from] drain|[of] p1a: Hitmonlee
|
|upkeep
|turn|5
|
|t:|1769411519
|move|p2a: Ceruledge|Bitter Blade|p1a: Hitmonlee
|-damage|p1a: Hitmonlee|0 fnt
|-heal|p2a: Ceruledge|10/100|[from] drain|[of] p1a: Hitmonlee
|faint|p1a: Hitmonlee
|
|upkeep
|
|t:|1769411525
|switch|p1a: Scizor|Scizor, M|100/100
|turn|6
|
|t:|1769411528
|switch|p2a: Torkoal|Torkoal, M|100/100
|-weather|SunnyDay|[from] ability: Drought|[of] p2a: Torkoal
|move|p1a: Scizor|Bullet Punch|p2a: Torkoal
|-resisted|p2a: Torkoal
|-crit|p2a: Torkoal
|-damage|p2a: Torkoal|87/100
|
|-weather|SunnyDay|[upkeep]
|upkeep
|turn|7
|
|t:|1769411540
|switch|p1a: Sandy Shocks|Sandy Shocks|100/100
|-activate|p1a: Sandy Shocks|ability: Protosynthesis
|-start|p1a: Sandy Shocks|protosynthesisspe
|move|p2a: Torkoal|Stealth Rock|p1a: Sandy Shocks
|-sidestart|p1: bigkatt96|move: Stealth Rock
|
|-weather|SunnyDay|[upkeep]
|upkeep
|turn|8
|
|t:|1769411550
|move|p1a: Sandy Shocks|Stealth Rock|p2a: Torkoal
|-sidestart|p2: distantmonk|move: Stealth Rock
|move|p2a: Torkoal|Overheat|p1a: Sandy Shocks
|-damage|p1a: Sandy Shocks|30/100
|-unboost|p2a: Torkoal|spa|2
|
|-weather|SunnyDay|[upkeep]
|upkeep
|turn|9
|
|t:|1769411560
|move|p1a: Sandy Shocks|Earth Power|p2a: Torkoal
|-supereffective|p2a: Torkoal
|-damage|p2a: Torkoal|0 fnt
|faint|p2a: Torkoal
|
|-weather|SunnyDay|[upkeep]
|upkeep
|
|t:|1769411563
|switch|p2a: Walking Wake|Walking Wake|100/100
|-damage|p2a: Walking Wake|88/100|[from] Stealth Rock
|-activate|p2a: Walking Wake|ability: Protosynthesis
|-start|p2a: Walking Wake|protosynthesisspe
|turn|10
|
|t:|1769411572
|move|p2a: Walking Wake|Dragon Pulse|p1a: Sandy Shocks
|-damage|p1a: Sandy Shocks|0 fnt
|faint|p1a: Sandy Shocks
|-end|p1a: Sandy Shocks|Protosynthesis|[silent]
|
|-weather|SunnyDay|[upkeep]
|upkeep
|
|t:|1769411578
|switch|p1a: Vileplume|Vileplume, M|100/100
|-damage|p1a: Vileplume|88/100|[from] Stealth Rock
|turn|11
|
|t:|1769411584
|move|p2a: Walking Wake|Dragon Pulse|p1a: Vileplume
|-damage|p1a: Vileplume|41/100
|move|p1a: Vileplume|Leech Seed|p2a: Walking Wake
|-start|p2a: Walking Wake|move: Leech Seed
|
|-weather|SunnyDay|[upkeep]
|-heal|p1a: Vileplume|47/100|[from] item: Leftovers
|-damage|p2a: Walking Wake|76/100|[from] Leech Seed|[of] p1a: Vileplume
|-heal|p1a: Vileplume|59/100|[silent]
|upkeep
|turn|12
|
|t:|1769411599
|-end|p2a: Walking Wake|Protosynthesis|[silent]
|switch|p2a: Venusaur|Venusaur, F|100/100
|-damage|p2a: Venusaur|88/100|[from] Stealth Rock
|move|p1a: Vileplume|Strength Sap|p2a: Venusaur
|-unboost|p2a: Venusaur|atk|1
|-heal|p1a: Vileplume|100/100
|
|-weather|SunnyDay|[upkeep]
|upkeep
|turn|13
|
|t:|1769411609
|move|p2a: Venusaur|Growth|p2a: Venusaur
|-boost|p2a: Venusaur|atk|2
|-boost|p2a: Venusaur|spa|2
|move|p1a: Vileplume|Sludge Bomb|p2a: Venusaur
|-crit|p2a: Venusaur
|-damage|p2a: Venusaur|42/100
|
|-weather|none
|upkeep
|turn|14
|
|t:|1769411618
|move|p2a: Venusaur|Sludge Bomb|p1a: Vileplume
|-damage|p1a: Vileplume|22/100
|-damage|p2a: Venusaur|32/100|[from] item: Life Orb
|move|p1a: Vileplume|Sludge Bomb|p2a: Venusaur
|-damage|p2a: Venusaur|0 fnt
|faint|p2a: Venusaur
|
|-heal|p1a: Vileplume|28/100|[from] item: Leftovers
|upkeep
|
|t:|1769411624
|switch|p2a: Great Tusk|Great Tusk|100/100
|-damage|p2a: Great Tusk|98/100|[from] Stealth Rock
|turn|15
|
|t:|1769411633
|move|p2a: Great Tusk|Headlong Rush|p1a: Vileplume
|-damage|p1a: Vileplume|0 fnt
|-unboost|p2a: Great Tusk|def|1
|-unboost|p2a: Great Tusk|spd|1
|faint|p1a: Vileplume
|
|upkeep
|
|t:|1769411640
|switch|p1a: Slowbro|Slowbro, M, shiny|100/100
|-damage|p1a: Slowbro|88/100|[from] Stealth Rock
|turn|16
|
|t:|1769411651
|move|p2a: Great Tusk|Rapid Spin|p1a: Slowbro
|-damage|p1a: Slowbro|78/100
|-boost|p2a: Great Tusk|spe|1
|-sideend|p2: distantmonk|Stealth Rock|[from] move: Rapid Spin|[of] p2a: Great Tusk
|move|p1a: Slowbro|Calm Mind|p1a: Slowbro
|-boost|p1a: Slowbro|spa|1
|-boost|p1a: Slowbro|spd|1
|
|upkeep
|turn|17
|
|t:|1769411659
|-end|p2a: Great Tusk|Protosynthesis|[silent]
|switch|p2a: Ceruledge|Ceruledge, M|10/100
|move|p1a: Slowbro|Scald|p2a: Ceruledge
|-supereffective|p2a: Ceruledge
|-damage|p2a: Ceruledge|0 fnt
|faint|p2a: Ceruledge
|
|upkeep
|
|t:|1769411662
|switch|p2a: Walking Wake|Walking Wake|76/100
|turn|18
|
|t:|1769411672
|move|p2a: Walking Wake|Draco Meteor|p1a: Slowbro
|-damage|p1a: Slowbro|6/100
|-unboost|p2a: Walking Wake|spa|2
|move|p1a: Slowbro|Calm Mind|p1a: Slowbro
|-boost|p1a: Slowbro|spa|1
|-boost|p1a: Slowbro|spd|1
|
|upkeep
|turn|19
|
|t:|1769411680
|move|p2a: Walking Wake|Draco Meteor|p1a: Slowbro|[miss]
|-miss|p2a: Walking Wake|p1a: Slowbro
|move|p1a: Slowbro|Slack Off|p1a: Slowbro
|-heal|p1a: Slowbro|56/100
|
|upkeep
|turn|20
|
|t:|1769411695
|-end|p2a: Walking Wake|Protosynthesis|[silent]
|switch|p2a: Great Tusk|Great Tusk|98/100
|move|p1a: Slowbro|Slack Off|p1a: Slowbro
|-heal|p1a: Slowbro|100/100
|
|upkeep
|turn|21
|
|t:|1769411702
|move|p2a: Great Tusk|Head Smash|p1a: Slowbro
|-damage|p1a: Slowbro|72/100
|-damage|p2a: Great Tusk|82/100|[from] Recoil
|move|p1a: Slowbro|Scald|p2a: Great Tusk
|-supereffective|p2a: Great Tusk
|-damage|p2a: Great Tusk|0 fnt
|faint|p2a: Great Tusk
|-end|p2a: Great Tusk|Protosynthesis|[silent]
|
|upkeep
|
|t:|1769411707
|switch|p2a: Walking Wake|Walking Wake|76/100
|turn|22
|
|t:|1769411714
|move|p2a: Walking Wake|Draco Meteor|p1a: Slowbro
|-damage|p1a: Slowbro|22/100
|-unboost|p2a: Walking Wake|spa|2
|move|p1a: Slowbro|Slack Off|p1a: Slowbro
|-heal|p1a: Slowbro|72/100
|
|upkeep
|turn|23
|-message|distantmonk forfeited.
|
|win|bigkatt96
|raw|bigkatt96's rating: 1128 &rarr; <strong>1152</strong><br />(+24 for winning)
|raw|distantmonk's rating: 1109 &rarr; <strong>1085</strong><br />(-24 for losing)
|l|☆distantmonk
|player|p2|
|l|‽bigkatt96
|player|p1|
