|j|☆Yunumilli
|j|☆Seaglassed
|t:|1769405050
|gametype|singles
|player|p1|Yunumilli|liza|1437
|player|p2|Seaglassed|fisherman-gen4|1406
|gen|9
|tier|[Gen 9] OU
|rated|
|rule|HP Percentage Mod: HP is shown in percentages
|rule|Endless Battle Clause: Forcing endless battles is banned
|rule|Species Clause: Limit one of each Pokémon
|rule|OHKO Clause: OHKO moves are banned
|rule|Evasion Items Clause: Evasion items are banned
|rule|Evasion Moves Clause: Evasion moves are banned
|rule|Evasion Abilities Clause: Evasion abilities are banned
|rule|Sleep Moves Clause: Sleep-inducing moves are banned
|clearpoke
|poke|p1|Great Tusk|
|poke|p1|Moltres|
|poke|p1|Pecharunt|
|poke|p1|Scizor, M|
|poke|p1|Samurott-Hisui, F|
|poke|p1|Iron Valiant|
|poke|p2|Meowscarada, F|
|poke|p2|Dragonite, M|
|poke|p2|Clefable, F|
|poke|p2|Zamazenta-*|
|poke|p2|Gholdengo|
|poke|p2|Ting-Lu|
|teampreview
|c|☆Seaglassed|Glhf
|inactive|Battle timer is ON: inactive players will automatically lose when time's up. (requested by Yunumilli)
|
|t:|1769405118
|teamsize|p1|6
|teamsize|p2|6
|start
|switch|p1a: Scizor|Scizor, M|100/100
|switch|p2a: Meowscarada|Meowscarada, F|100/100
|turn|1
|
|t:|1769405136
|move|p2a: Meowscarada|U-turn|p1a: Scizor
|-start|p2a: Meowscarada|typechange|Bug|[from] ability: Protean
|-resisted|p1a: Scizor
|-damage|p1a: Scizor|85/100
|
|t:|1769405143
|switch|p2a: Ting-Lu|Ting-Lu|100/100|[from] U-turn
|-ability|p2a: Ting-Lu|Vessel of Ruin
|move|p1a: Scizor|U-turn|p2a: Ting-Lu
|-supereffective|p2a: Ting-Lu
|-damage|p2a: Ting-Lu|59/100
|
|t:|1769405167
|switch|p1a: Samurott|Samurott-Hisui, F|100/100|[from] U-turn
|
|-heal|p2a: Ting-Lu|65/100|[from] item: Leftovers
|upkeep
|turn|2
|
|t:|1769405182
|switch|p2a: Meowscarada|Meowscarada, F|100/100
|move|p1a: Samurott|Aqua Cutter|p2a: Meowscarada
|-resisted|p2a: Meowscarada
|-damage|p2a: Meowscarada|63/100
|
|upkeep
|turn|3
|
|t:|1769405191
|switch|p1a: Moltres|Moltres|100/100
|move|p2a: Meowscarada|Spikes|p1a: Moltres
|-start|p2a: Meowscarada|typechange|Ground|[from] ability: Protean
|-sidestart|p1: Yunumilli|Spikes
|
|upkeep
|turn|4
|
|t:|1769405203
|switch|p2a: Ting-Lu|Ting-Lu|65/100
|-ability|p2a: Ting-Lu|Vessel of Ruin
|move|p1a: Moltres|Flamethrower|p2a: Ting-Lu
|-damage|p2a: Ting-Lu|51/100
|
|-heal|p2a: Ting-Lu|58/100|[from] item: Leftovers
|upkeep
|turn|5
|
|t:|1769405215
|switch|p1a: Scizor|Scizor, M|85/100
|move|p2a: Ting-Lu|Ruination|p1a: Scizor
|-damage|p1a: Scizor|43/100
|
|-heal|p2a: Ting-Lu|64/100|[from] item: Leftovers
|upkeep
|turn|6
|
|t:|1769405226
|switch|p2a: Gholdengo|Gholdengo|100/100
|move|p1a: Scizor|U-turn|p2a: Gholdengo
|-resisted|p2a: Gholdengo
|-damage|p2a: Gholdengo|90/100
|
|t:|1769405231
|switch|p1a: Samurott|Samurott-Hisui, F|100/100|[from] U-turn
|-damage|p1a: Samurott|88/100|[from] Spikes
|
|upkeep
|turn|7
|
|t:|1769405237
|switch|p2a: Zamazenta|Zamazenta|100/100
|-ability|p2a: Zamazenta|Dauntless Shield|boost
|-boost|p2a: Zamazenta|def|1
|move|p1a: Samurott|Ceaseless Edge|p2a: Zamazenta
|-resisted|p2a: Zamazenta
|-damage|p2a: Zamazenta|87/100
|-sidestart|p2: Seaglassed|Spikes
|
|upkeep
|turn|8
|
|t:|1769405241
|switch|p1a: Moltres|Moltres|100/100
|move|p2a: Zamazenta|Roar|p1a: Moltres
|drag|p1a: Great Tusk|Great Tusk|100/100
|-damage|p1a: Great Tusk|88/100|[from] Spikes
|
|upkeep
|turn|9
|
|t:|1769405251
|switch|p2a: Clefable|Clefable, F|100/100
|-end|p1a: Great Tusk|Protosynthesis|[silent]
|switch|p1a: Moltres|Moltres|100/100
|
|upkeep
|turn|10
|
|t:|1769405255
|move|p1a: Moltres|Flamethrower|p2a: Clefable
|-damage|p2a: Clefable|62/100
|move|p2a: Clefable|Knock Off|p1a: Moltres
|-damage|p1a: Moltres|92/100
|-status|p2a: Clefable|brn|[from] ability: Flame Body|[of] p1a: Moltres
|-enditem|p1a: Moltres|Heavy-Duty Boots|[from] move: Knock Off|[of] p2a: Clefable
|
|-heal|p2a: Clefable|69/100 brn|[from] item: Leftovers
|upkeep
|turn|11
|
|t:|1769405260
|move|p1a: Moltres|Flamethrower|p2a: Clefable
|-damage|p2a: Clefable|36/100 brn
|move|p2a: Clefable|Moonlight|p2a: Clefable
|-heal|p2a: Clefable|86/100 brn
|
|-heal|p2a: Clefable|92/100 brn|[from] item: Leftovers
|upkeep
|turn|12
|
|t:|1769405264
|move|p1a: Moltres|Flamethrower|p2a: Clefable
|-damage|p2a: Clefable|57/100 brn
|move|p2a: Clefable|Calm Mind|p2a: Clefable
|-boost|p2a: Clefable|spa|1
|-boost|p2a: Clefable|spd|1
|
|-heal|p2a: Clefable|63/100 brn|[from] item: Leftovers
|upkeep
|turn|13
|
|t:|1769405272
|switch|p1a: Scizor|Scizor, M|43/100
|move|p2a: Clefable|Moonblast|p1a: Scizor
|-resisted|p1a: Scizor
|-damage|p1a: Scizor|13/100
|
|-heal|p2a: Clefable|69/100 brn|[from] item: Leftovers
|upkeep
|turn|14
|
|t:|1769405279
|switch|p2a: Gholdengo|Gholdengo|90/100
|-damage|p2a: Gholdengo|77/100|[from] Spikes
|move|p1a: Scizor|Bullet Punch|p2a: Gholdengo
|-resisted|p2a: Gholdengo
|-damage|p2a: Gholdengo|59/100
|
|upkeep
|turn|15
|
|t:|1769405284
|switch|p2a: Zamazenta|Zamazenta|87/100
|move|p1a: Scizor|Bullet Punch|p2a: Zamazenta
|-damage|p2a: Zamazenta|58/100
|
|upkeep
|turn|16
|
|t:|1769405291
|move|p1a: Scizor|Bullet Punch|p2a: Zamazenta
|-damage|p2a: Zamazenta|32/100
|move|p2a: Zamazenta|Roar|p1a: Scizor
|drag|p1a: Great Tusk|Great Tusk|88/100
|-damage|p1a: Great Tusk|76/100|[from] Spikes
|
|upkeep
|turn|17
|
|t:|1769405297
|move|p2a: Zamazenta|Close Combat|p1a: Great Tusk
|-damage|p1a: Great Tusk|38/100
|-unboost|p2a: Zamazenta|def|1
|-unboost|p2a: Zamazenta|spd|1
|-damage|p2a: Zamazenta|15/100|[from] item: Rocky Helmet|[of] p1a: Great Tusk
|move|p1a: Great Tusk|Earthquake|p2a: Zamazenta
|-damage|p2a: Zamazenta|0 fnt
|faint|p2a: Zamazenta
|
|upkeep
|
|t:|1769405304
|switch|p2a: Meowscarada|Meowscarada, F|63/100
|turn|18
|
|t:|1769405314
|-end|p1a: Great Tusk|Protosynthesis|[silent]
|switch|p1a: Scizor|Scizor, M|13/100
|move|p2a: Meowscarada|U-turn|p1a: Scizor
|-start|p2a: Meowscarada|typechange|Bug|[from] ability: Protean
|-resisted|p1a: Scizor
|-damage|p1a: Scizor|0 fnt
|faint|p1a: Scizor
|
|t:|1769405318
|switch|p2a: Ting-Lu|Ting-Lu|64/100|[from] U-turn
|-damage|p2a: Ting-Lu|51/100|[from] Spikes
|-ability|p2a: Ting-Lu|Vessel of Ruin
|
|-heal|p2a: Ting-Lu|58/100|[from] item: Leftovers
|upkeep
|
|t:|1769405344
|switch|p1a: Great Tusk|Great Tusk|38/100
|-damage|p1a: Great Tusk|26/100|[from] Spikes
|turn|19
|inactive|Yunumilli has 120 seconds left.
|
|t:|1769405385
|move|p1a: Great Tusk|Earthquake|p2a: Ting-Lu
|-damage|p2a: Ting-Lu|29/100
|move|p2a: Ting-Lu|Earthquake|p1a: Great Tusk
|-damage|p1a: Great Tusk|0 fnt
|faint|p1a: Great Tusk
|-end|p1a: Great Tusk|Protosynthesis|[silent]
|
|-heal|p2a: Ting-Lu|35/100|[from] item: Leftovers
|upkeep
|inactive|Yunumilli has 90 seconds left.
|
|t:|1769405401
|switch|p1a: Samurott|Samurott-Hisui, F|88/100
|-damage|p1a: Samurott|76/100|[from] Spikes
|turn|20
|inactive|Seaglassed has 120 seconds left.
|
|t:|1769405432
|-terastallize|p2a: Ting-Lu|Water
|move|p1a: Samurott|Sacred Sword|p2a: Ting-Lu
|-damage|p2a: Ting-Lu|13/100
|move|p2a: Ting-Lu|Earthquake|p1a: Samurott
|-damage|p1a: Samurott|30/100
|
|-heal|p2a: Ting-Lu|19/100|[from] item: Leftovers
|upkeep
|turn|21
|
|t:|1769405441
|move|p1a: Samurott|Ceaseless Edge|p2a: Ting-Lu
|-damage|p2a: Ting-Lu|0 fnt
|-sidestart|p2: Seaglassed|Spikes
|faint|p2a: Ting-Lu
|
|upkeep
|
|t:|1769405443
|switch|p2a: Meowscarada|Meowscarada, F|63/100
|turn|22
|
|t:|1769405448
|switch|p1a: Moltres|Moltres|92/100
|move|p2a: Meowscarada|U-turn|p1a: Moltres
|-start|p2a: Meowscarada|typechange|Bug|[from] ability: Protean
|-resisted|p1a: Moltres
|-damage|p1a: Moltres|86/100
|-status|p2a: Meowscarada|brn|[from] ability: Flame Body|[of] p1a: Moltres
|
|t:|1769405450
|switch|p2a: Clefable|Clefable, F|69/100 brn|[from] U-turn
|
|-heal|p2a: Clefable|75/100 brn|[from] item: Leftovers
|upkeep
|turn|23
|
|t:|1769405456
|switch|p1a: Pecharunt|Pecharunt|100/100
|move|p2a: Clefable|Calm Mind|p2a: Clefable
|-boost|p2a: Clefable|spa|1
|-boost|p2a: Clefable|spd|1
|
|-heal|p2a: Clefable|81/100 brn|[from] item: Leftovers
|upkeep
|turn|24
|
|t:|1769405460
|move|p1a: Pecharunt|Parting Shot|p2a: Clefable
|-unboost|p2a: Clefable|atk|1
|-unboost|p2a: Clefable|spa|1
|
|t:|1769405465
|switch|p1a: Samurott|Samurott-Hisui, F|30/100|[from] Parting Shot
|-damage|p1a: Samurott|18/100|[from] Spikes
|move|p2a: Clefable|Calm Mind|p2a: Clefable
|-boost|p2a: Clefable|spa|1
|-boost|p2a: Clefable|spd|1
|
|-heal|p2a: Clefable|87/100 brn|[from] item: Leftovers
|upkeep
|turn|25
|
|t:|1769405470
|move|p1a: Samurott|Aqua Cutter|p2a: Clefable
|-damage|p2a: Clefable|32/100 brn
|move|p2a: Clefable|Moonblast|p1a: Samurott
|-supereffective|p1a: Samurott
|-damage|p1a: Samurott|0 fnt
|faint|p1a: Samurott
|
|-heal|p2a: Clefable|38/100 brn|[from] item: Leftovers
|upkeep
|
|t:|1769405490
|switch|p1a: Iron Valiant|Iron Valiant|100/100
|-damage|p1a: Iron Valiant|88/100|[from] Spikes
|-enditem|p1a: Iron Valiant|Booster Energy
|-activate|p1a: Iron Valiant|ability: Quark Drive|[fromitem]
|-start|p1a: Iron Valiant|quarkdrivespe
|turn|26
|
|t:|1769405495
|-terastallize|p1a: Iron Valiant|Fairy
|move|p1a: Iron Valiant|Moonblast|p2a: Clefable
|-damage|p2a: Clefable|11/100 brn
|move|p2a: Clefable|Moonlight|p2a: Clefable
|-heal|p2a: Clefable|61/100 brn
|
|-heal|p2a: Clefable|67/100 brn|[from] item: Leftovers
|upkeep
|turn|27
|
|t:|1769405500
|move|p1a: Iron Valiant|Moonblast|p2a: Clefable
|-damage|p2a: Clefable|35/100 brn
|move|p2a: Clefable|Moonlight|p2a: Clefable
|-heal|p2a: Clefable|85/100 brn
|
|-heal|p2a: Clefable|91/100 brn|[from] item: Leftovers
|upkeep
|turn|28
|
|t:|1769405504
|move|p1a: Iron Valiant|Moonblast|p2a: Clefable
|-damage|p2a: Clefable|62/100 brn
|move|p2a: Clefable|Calm Mind|p2a: Clefable
|-boost|p2a: Clefable|spa|1
|-boost|p2a: Clefable|spd|1
|
|-heal|p2a: Clefable|69/100 brn|[from] item: Leftovers
|upkeep
|turn|29
|
|t:|1769405508
|move|p1a: Iron Valiant|Moonblast|p2a: Clefable
|-damage|p2a: Clefable|45/100 brn
|move|p2a: Clefable|Moonlight|p2a: Clefable
|-heal|p2a: Clefable|95/100 brn
|
|-heal|p2a: Clefable|100/100 brn|[from] item: Leftovers
|upkeep
|turn|30
|
|t:|1769405511
|move|p1a: Iron Valiant|Moonblast|p2a: Clefable
|-damage|p2a: Clefable|75/100 brn
|move|p2a: Clefable|Calm Mind|p2a: Clefable
|-boost|p2a: Clefable|spa|1
|-boost|p2a: Clefable|spd|1
|
|-heal|p2a: Clefable|81/100 brn|[from] item: Leftovers
|upkeep
|turn|31
|
|t:|1769405513
|move|p1a: Iron Valiant|Moonblast|p2a: Clefable
|-damage|p2a: Clefable|62/100 brn
|move|p2a: Clefable|Calm Mind|p2a: Clefable
|-boost|p2a: Clefable|spa|1
|-boost|p2a: Clefable|spd|1
|
|-heal|p2a: Clefable|68/100 brn|[from] item: Leftovers
|upkeep
|turn|32
|
|t:|1769405515
|move|p1a: Iron Valiant|Moonblast|p2a: Clefable
|-damage|p2a: Clefable|50/100 brn
|move|p2a: Clefable|Moonlight|p2a: Clefable
|-heal|p2a: Clefable|99/100 brn
|
|-heal|p2a: Clefable|100/100 brn|[from] item: Leftovers
|upkeep
|turn|33
|
|t:|1769405517
|move|p1a: Iron Valiant|Moonblast|p2a: Clefable
|-damage|p2a: Clefable|83/100 brn
|move|p2a: Clefable|Moonblast|p1a: Iron Valiant
|-damage|p1a: Iron Valiant|0 fnt
|faint|p1a: Iron Valiant
|-end|p1a: Iron Valiant|Quark Drive|[silent]
|
|-heal|p2a: Clefable|89/100 brn|[from] item: Leftovers
|upkeep
|-message|Yunumilli forfeited.
|
|win|Seaglassed
|raw|Yunumilli's rating: 1437 &rarr; <strong>1415</strong><br />(-22 for losing)
|raw|Seaglassed's rating: 1406 &rarr; <strong>1428</strong><br />(+22 for winning)
|l|☆Yunumilli
|player|p1|
|l|☆Seaglassed
|player|p2|
