|j|☆ir0nv4l14nt
|j|☆OUmonster2341
|t:|1769340705
|gametype|singles
|player|p1|ir0nv4l14nt|pokemaniac|1342
|player|p2|OUmonster2341|brycenman|1342
|gen|9
|tier|[Gen 9] OU
|rated|
|rule|HP Percentage Mod: HP is shown in percentages
|rule|Endless Battle Clause: Forcing endless battles is banned
|rule|Species Clause: Limit one of each Pokémon
|rule|OHKO Clause: OHKO moves are banned
|rule|Evasion Items Clause: Evasion items are banned
|rule|Evasion Moves Clause: Evasion moves are banned
|rule|Evasion Abilities Clause: Evasion abilities are banned
|rule|Sleep Moves Clause: Sleep-inducing moves are banned
|clearpoke
|poke|p1|Tornadus-Therian, M|
|poke|p1|Great Tusk|
|poke|p1|Zoroark-Hisui, M|
|poke|p1|Sandy Shocks|
|poke|p1|Kingambit, M|
|poke|p1|Glimmora, M|
|poke|p2|Tyranitar, F|
|poke|p2|Excadrill, M|
|poke|p2|Iron Valiant|
|poke|p2|Iron Boulder|
|poke|p2|Zapdos|
|poke|p2|Ogerpon, F|
|teampreview
|inactive|Battle timer is ON: inactive players will automatically lose when time's up. (requested by OUmonster2341)
|
|t:|1769340722
|teamsize|p1|6
|teamsize|p2|6
|start
|switch|p1a: Great Tusk|Great Tusk|100/100
|switch|p2a: Zapdos|Zapdos|100/100
|turn|1
|
|t:|1769340734
|-end|p1a: Great Tusk|Protosynthesis|[silent]
|switch|p1a: Glimmora|Glimmora, M|100/100
|move|p2a: Zapdos|Hurricane|p1a: Glimmora|[miss]
|-miss|p2a: Zapdos|p1a: Glimmora
|
|upkeep
|turn|2
|
|t:|1769340748
|move|p2a: Zapdos|Volt Switch|p1a: Glimmora
|-damage|p1a: Glimmora|53/100
|
|t:|1769340752
|switch|p2a: Ogerpon|Ogerpon, F|100/100|[from] Volt Switch
|move|p1a: Glimmora|Spikes|p2a: Ogerpon
|-sidestart|p2: OUmonster2341|Spikes
|
|upkeep
|turn|3
|
|t:|1769340757
|move|p2a: Ogerpon|U-turn|p1a: Glimmora
|-resisted|p1a: Glimmora
|-damage|p1a: Glimmora|31/100
|-activate|p1a: Glimmora|ability: Toxic Debris
|-sidestart|p2: OUmonster2341|move: Toxic Spikes
|
|t:|1769340759
|switch|p2a: Iron Boulder|Iron Boulder|100/100|[from] U-turn
|-damage|p2a: Iron Boulder|88/100|[from] Spikes
|-status|p2a: Iron Boulder|psn
|-enditem|p2a: Iron Boulder|Booster Energy
|-activate|p2a: Iron Boulder|ability: Quark Drive|[fromitem]
|-start|p2a: Iron Boulder|quarkdrivespe
|move|p1a: Glimmora|Meteor Beam||[still]
|-prepare|p1a: Glimmora|Meteor Beam
|-boost|p1a: Glimmora|spa|1
|-enditem|p1a: Glimmora|Power Herb
|-anim|p1a: Glimmora|Meteor Beam|p2a: Iron Boulder
|-damage|p2a: Iron Boulder|0 fnt
|faint|p2a: Iron Boulder
|-end|p2a: Iron Boulder|Quark Drive|[silent]
|
|upkeep
|
|t:|1769340763
|switch|p2a: Excadrill|Excadrill, M, shiny|100/100
|-damage|p2a: Excadrill|88/100|[from] Spikes
|turn|4
|
|t:|1769340782
|move|p1a: Glimmora|Energy Ball|p2a: Excadrill
|-damage|p2a: Excadrill|24/100
|move|p2a: Excadrill|Rock Slide|p1a: Glimmora
|-damage|p1a: Glimmora|0 fnt
|-activate|p1a: Glimmora|ability: Toxic Debris
|-sidestart|p2: OUmonster2341|move: Toxic Spikes
|faint|p1a: Glimmora
|
|-heal|p2a: Excadrill|30/100|[from] item: Leftovers
|upkeep
|
|t:|1769340789
|switch|p1a: Kingambit|Kingambit, M|100/100
|turn|5
|
|t:|1769340793
|move|p1a: Kingambit|Nasty Plot|p1a: Kingambit
|-boost|p1a: Kingambit|spa|2
|move|p2a: Excadrill|Rapid Spin|p1a: Kingambit
|-immune|p1a: Kingambit
|
|-heal|p2a: Excadrill|36/100|[from] item: Leftovers
|upkeep
|turn|6
|
|t:|1769340802
|move|p1a: Kingambit|Shadow Ball|p2a: Excadrill
|-damage|p2a: Excadrill|0 fnt
|faint|p2a: Excadrill
|
|upkeep
|
|t:|1769340817
|switch|p2a: Tyranitar|Tyranitar, F|100/100
|-damage|p2a: Tyranitar|88/100|[from] Spikes
|-status|p2a: Tyranitar|tox
|-weather|Sandstorm|[from] ability: Sand Stream|[of] p2a: Tyranitar
|turn|7
|
|t:|1769340826
|switch|p1a: Great Tusk|Great Tusk|100/100
|move|p2a: Tyranitar|Knock Off|p1a: Great Tusk
|-resisted|p1a: Great Tusk
|-damage|p1a: Great Tusk|78/100
|-enditem|p1a: Great Tusk|Heavy-Duty Boots|[from] move: Knock Off|[of] p2a: Tyranitar
|
|-weather|Sandstorm|[upkeep]
|-damage|p2a: Tyranitar|82/100 tox|[from] psn
|upkeep
|turn|8
|
|t:|1769340833
|switch|p2a: Zapdos|Zapdos|100/100
|move|p1a: Great Tusk|Stealth Rock|p2a: Zapdos
|-sidestart|p2: OUmonster2341|move: Stealth Rock
|
|-weather|Sandstorm|[upkeep]
|-damage|p2a: Zapdos|94/100|[from] Sandstorm
|upkeep
|turn|9
|
|t:|1769340844
|-end|p1a: Great Tusk|Protosynthesis|[silent]
|switch|p1a: Sandy Shocks|Sandy Shocks|100/100
|move|p2a: Zapdos|Hurricane|p1a: Sandy Shocks
|-resisted|p1a: Sandy Shocks
|-damage|p1a: Sandy Shocks|78/100
|
|-weather|Sandstorm|[upkeep]
|-damage|p2a: Zapdos|88/100|[from] Sandstorm
|upkeep
|turn|10
|
|t:|1769340857
|move|p1a: Sandy Shocks|Volt Switch|p2a: Zapdos
|-damage|p2a: Zapdos|50/100
|
|t:|1769340873
|-end|p1a: Sandy Shocks|Protosynthesis|[silent]
|switch|p1a: Kingambit|Kingambit, M|100/100|[from] Volt Switch
|-activate|p1a: Kingambit|ability: Supreme Overlord
|-start|p1a: Kingambit|fallen1|[silent]
|move|p2a: Zapdos|Heat Wave|p1a: Kingambit
|-supereffective|p1a: Kingambit
|-damage|p1a: Kingambit|35/100
|
|-weather|Sandstorm|[upkeep]
|-damage|p2a: Zapdos|44/100|[from] Sandstorm
|-heal|p1a: Kingambit|41/100|[from] item: Leftovers
|upkeep
|turn|11
|
|t:|1769340884
|move|p1a: Kingambit|Sucker Punch||[still]
|-fail|p1a: Kingambit
|move|p2a: Zapdos|Roost|p2a: Zapdos
|-heal|p2a: Zapdos|94/100
|-singleturn|p2a: Zapdos|move: Roost
|
|-weather|Sandstorm|[upkeep]
|-damage|p2a: Zapdos|88/100|[from] Sandstorm
|-heal|p1a: Kingambit|47/100|[from] item: Leftovers
|upkeep
|turn|12
|
|t:|1769340890
|move|p1a: Kingambit|Sucker Punch|p2a: Zapdos
|-damage|p2a: Zapdos|33/100
|-status|p1a: Kingambit|par|[from] ability: Static|[of] p2a: Zapdos
|move|p2a: Zapdos|Heat Wave|p1a: Kingambit
|-supereffective|p1a: Kingambit
|-damage|p1a: Kingambit|0 fnt
|faint|p1a: Kingambit
|-end|p1a: Kingambit|fallen1|[silent]
|
|-weather|Sandstorm|[upkeep]
|-damage|p2a: Zapdos|26/100|[from] Sandstorm
|upkeep
|
|t:|1769340899
|switch|p1a: Sandy Shocks|Sandy Shocks|78/100
|turn|13
|
|t:|1769340907
|move|p1a: Sandy Shocks|Volt Switch|p2a: Zapdos
|-damage|p2a: Zapdos|0 fnt
|faint|p2a: Zapdos
|
|t:|1769340914
|-end|p1a: Sandy Shocks|Protosynthesis|[silent]
|switch|p1a: Tornadus|Tornadus-Therian, M|100/100|[from] Volt Switch
|
|-weather|Sandstorm|[upkeep]
|-damage|p1a: Tornadus|94/100|[from] Sandstorm
|upkeep
|
|t:|1769340917
|switch|p2a: Tyranitar|Tyranitar, F|82/100 tox
|-damage|p2a: Tyranitar|70/100 tox|[from] Spikes
|-damage|p2a: Tyranitar|57/100 tox|[from] Stealth Rock
|turn|14
|
|t:|1769340927
|move|p1a: Tornadus|U-turn|p2a: Tyranitar
|-supereffective|p2a: Tyranitar
|-damage|p2a: Tyranitar|28/100 tox
|
|t:|1769340930
|switch|p1a: Great Tusk|Great Tusk|78/100|[from] U-turn
|move|p2a: Tyranitar|Knock Off|p1a: Great Tusk
|-resisted|p1a: Great Tusk
|-damage|p1a: Great Tusk|63/100
|
|-weather|none
|-damage|p2a: Tyranitar|22/100 tox|[from] psn
|upkeep
|turn|15
|
|t:|1769340941
|move|p1a: Great Tusk|Rapid Spin|p2a: Tyranitar
|-resisted|p2a: Tyranitar
|-damage|p2a: Tyranitar|14/100 tox
|-boost|p1a: Great Tusk|spe|1
|move|p2a: Tyranitar|Ice Beam|p1a: Great Tusk
|-supereffective|p1a: Great Tusk
|-damage|p1a: Great Tusk|8/100
|-status|p1a: Great Tusk|frz
|
|-damage|p2a: Tyranitar|2/100 tox|[from] psn
|upkeep
|turn|16
|
|t:|1769340951
|cant|p1a: Great Tusk|frz
|move|p2a: Tyranitar|Knock Off|p1a: Great Tusk
|-resisted|p1a: Great Tusk
|-damage|p1a: Great Tusk|0 fnt
|faint|p1a: Great Tusk
|-end|p1a: Great Tusk|Protosynthesis|[silent]
|
|-damage|p2a: Tyranitar|0 fnt|[from] psn
|faint|p2a: Tyranitar
|upkeep
|
|t:|1769340962
|switch|p1a: Tornadus|Tornadus-Therian, M|100/100
|switch|p2a: Ogerpon|Ogerpon, F|100/100
|-damage|p2a: Ogerpon|88/100|[from] Spikes
|-status|p2a: Ogerpon|tox
|-damage|p2a: Ogerpon|76/100 tox|[from] Stealth Rock
|turn|17
|
|t:|1769340981
|-terastallize|p2a: Ogerpon|Grass
|detailschange|p2a: Ogerpon|Ogerpon-Teal-Tera, F, tera:Grass
|-ability|p2a: Ogerpon|Embody Aspect (Teal)|boost
|-boost|p2a: Ogerpon|spe|1
|move|p2a: Ogerpon|Ivy Cudgel|p1a: Tornadus
|-resisted|p1a: Tornadus
|-damage|p1a: Tornadus|40/100
|move|p1a: Tornadus|U-turn|p2a: Ogerpon
|-supereffective|p2a: Ogerpon
|-damage|p2a: Ogerpon|33/100 tox
|
|t:|1769340993
|switch|p1a: Sandy Shocks|Sandy Shocks|100/100|[from] U-turn
|
|-damage|p2a: Ogerpon|27/100 tox|[from] psn
|upkeep
|turn|18
|
|t:|1769341000
|move|p2a: Ogerpon|Ivy Cudgel|p1a: Sandy Shocks
|-enditem|p1a: Sandy Shocks|Focus Sash
|-damage|p1a: Sandy Shocks|1/100
|replace|p1a: Zoroark|Zoroark-Hisui, M
|-end|p1a: Zoroark|Illusion
|move|p1a: Zoroark|Hyper Voice|p2a: Ogerpon
|-damage|p2a: Ogerpon|0 fnt
|faint|p2a: Ogerpon
|detailschange|p2: Ogerpon|Ogerpon, F|[silent]
|
|upkeep
|
|t:|1769341003
|switch|p2a: Iron Valiant|Iron Valiant|100/100
|-damage|p2a: Iron Valiant|88/100|[from] Spikes
|-status|p2a: Iron Valiant|tox
|-damage|p2a: Iron Valiant|82/100 tox|[from] Stealth Rock
|turn|19
|
|t:|1769341014
|move|p2a: Iron Valiant|Moonblast|p1a: Zoroark
|-damage|p1a: Zoroark|0 fnt
|faint|p1a: Zoroark
|
|-damage|p2a: Iron Valiant|76/100 tox|[from] psn
|upkeep
|
|t:|1769341016
|switch|p1a: Sandy Shocks|Sandy Shocks|78/100
|turn|20
|
|t:|1769341019
|move|p2a: Iron Valiant|Moonblast|p1a: Sandy Shocks
|-damage|p1a: Sandy Shocks|15/100
|move|p1a: Sandy Shocks|Earth Power|p2a: Iron Valiant
|-damage|p2a: Iron Valiant|0 fnt
|faint|p2a: Iron Valiant
|-end|p2a: Iron Valiant|Quark Drive|[silent]
|
|win|ir0nv4l14nt
|raw|ir0nv4l14nt's rating: 1342 &rarr; <strong>1362</strong><br />(+20 for winning)
|raw|OUmonster2341's rating: 1342 &rarr; <strong>1322</strong><br />(-20 for losing)
|l|☆OUmonster2341
|player|p2|
