|j|☆ratca
|j|☆AsierX
|t:|1769347485
|gametype|singles
|player|p1|ratca|170|1513
|player|p2|AsierX|skierf|1445
|gen|9
|tier|[Gen 9] OU
|rated|
|rule|HP Percentage Mod: HP is shown in percentages
|rule|Endless Battle Clause: Forcing endless battles is banned
|rule|Species Clause: Limit one of each Pokémon
|rule|OHKO Clause: OHKO moves are banned
|rule|Evasion Items Clause: Evasion items are banned
|rule|Evasion Moves Clause: Evasion moves are banned
|rule|Evasion Abilities Clause: Evasion abilities are banned
|rule|Sleep Moves Clause: Sleep-inducing moves are banned
|clearpoke
|poke|p1|Hydrapple, M|
|poke|p1|Corviknight, M|
|poke|p1|Blissey, F|
|poke|p1|Dondozo, M|
|poke|p1|Clodsire, F|
|poke|p1|Gliscor, M|
|poke|p2|Great Tusk|
|poke|p2|Kyurem|
|poke|p2|Ogerpon-Wellspring, F|
|poke|p2|Gholdengo|
|poke|p2|Ceruledge, M|
|poke|p2|Darkrai|
|teampreview
|
|t:|1769347493
|teamsize|p1|6
|teamsize|p2|6
|start
|switch|p1a: Gliscor|Gliscor, M|100/100
|switch|p2a: Truth|Darkrai|100/100
|turn|1
|
|t:|1769347498
|move|p1a: Gliscor|Protect|p1a: Gliscor
|-singleturn|p1a: Gliscor|Protect
|move|p2a: Truth|Taunt|p1a: Gliscor
|-activate|p1a: Gliscor|move: Protect
|
|-status|p1a: Gliscor|tox|[from] item: Toxic Orb
|upkeep
|turn|2
|
|t:|1769347506
|move|p2a: Truth|Blizzard|p1a: Gliscor
|-supereffective|p1a: Gliscor
|-damage|p1a: Gliscor|0 fnt
|faint|p1a: Gliscor
|
|upkeep
|
|t:|1769347515
|switch|p1a: Corviknight|Corviknight, M|100/100
|-ability|p1a: Corviknight|Pressure
|turn|3
|
|t:|1769347519
|move|p2a: Truth|Will-O-Wisp|p1a: Corviknight
|-status|p1a: Corviknight|brn
|move|p1a: Corviknight|U-turn|p2a: Truth
|-supereffective|p2a: Truth
|-damage|p2a: Truth|82/100
|
|t:|1769347526
|switch|p1a: Hydrapple|Hydrapple, M|100/100|[from] U-turn
|
|upkeep
|turn|4
|
|t:|1769347530
|move|p2a: Truth|Blizzard|p1a: Hydrapple|[miss]
|-miss|p2a: Truth|p1a: Hydrapple
|move|p1a: Hydrapple|Fickle Beam|p2a: Truth|[anim] Fickle Beam All Out
|-activate|p1a: Hydrapple|move: Fickle Beam
|-damage|p2a: Truth|0 fnt
|faint|p2a: Truth
|-damage|p1a: Hydrapple|91/100|[from] item: Life Orb
|
|upkeep
|
|t:|1769347534
|switch|p2a: Stratus|Kyurem|100/100
|-ability|p2a: Stratus|Pressure
|turn|5
|
|t:|1769347542
|switch|p1a: Blissey|Blissey, F|100/100
|move|p2a: Stratus|Freeze-Dry|p1a: Blissey
|-damage|p1a: Blissey|87/100
|
|upkeep
|turn|6
|
|t:|1769347548
|switch|p2a: Avarice|Gholdengo|100/100
|move|p1a: Blissey|Stealth Rock|p2a: Avarice
|-sidestart|p2: AsierX|move: Stealth Rock
|
|upkeep
|turn|7
|
|t:|1769347555
|switch|p2a: Vinethesis|Ogerpon-Wellspring, F|100/100
|-damage|p2a: Vinethesis|88/100|[from] Stealth Rock
|switch|p1a: Clodsire|Clodsire, F|100/100
|
|upkeep
|turn|8
|
|t:|1769347562
|switch|p1a: Hydrapple|Hydrapple, M|100/100
|move|p2a: Vinethesis|Swords Dance|p2a: Vinethesis
|-boost|p2a: Vinethesis|atk|2
|
|upkeep
|turn|9
|
|t:|1769347569
|move|p2a: Vinethesis|Swords Dance|p2a: Vinethesis
|-boost|p2a: Vinethesis|atk|2
|move|p1a: Hydrapple|Giga Drain|p2a: Vinethesis
|-damage|p2a: Vinethesis|43/100
|-damage|p1a: Hydrapple|91/100|[from] item: Life Orb
|
|upkeep
|turn|10
|
|t:|1769347576
|switch|p1a: Dondozo|Dondozo, M|100/100
|move|p2a: Vinethesis|Ivy Cudgel|p1a: Dondozo|[anim] Ivy Cudgel Water
|-resisted|p1a: Dondozo
|-damage|p1a: Dondozo|88/100
|
|-heal|p1a: Dondozo|94/100|[from] item: Leftovers
|upkeep
|turn|11
|
|t:|1769347586
|switch|p1a: Hydrapple|Hydrapple, M|100/100
|move|p2a: Vinethesis|Horn Leech|p1a: Hydrapple
|-resisted|p1a: Hydrapple
|-damage|p1a: Hydrapple|82/100
|-heal|p2a: Vinethesis|56/100|[from] drain|[of] p1a: Hydrapple
|
|upkeep
|turn|12
|
|t:|1769347596
|switch|p2a: Stratus|Kyurem|100/100
|-damage|p2a: Stratus|76/100|[from] Stealth Rock
|-ability|p2a: Stratus|Pressure
|move|p1a: Hydrapple|Fickle Beam|p2a: Stratus
|-supereffective|p2a: Stratus
|-damage|p2a: Stratus|0 fnt
|faint|p2a: Stratus
|-damage|p1a: Hydrapple|73/100|[from] item: Life Orb
|
|upkeep
|
|t:|1769347599
|switch|p2a: Roller|Great Tusk|100/100
|-damage|p2a: Roller|98/100|[from] Stealth Rock
|-enditem|p2a: Roller|Booster Energy
|-activate|p2a: Roller|ability: Protosynthesis|[fromitem]
|-start|p2a: Roller|protosynthesisspe
|turn|13
|
|t:|1769347614
|switch|p1a: Dondozo|Dondozo, M|94/100
|-terastallize|p2a: Roller|Steel
|move|p2a: Roller|Bulk Up|p2a: Roller
|-boost|p2a: Roller|atk|1
|-boost|p2a: Roller|def|1
|
|-heal|p1a: Dondozo|99/100|[from] item: Leftovers
|upkeep
|turn|14
|
|t:|1769347624
|move|p2a: Roller|Rapid Spin|p1a: Dondozo
|-damage|p1a: Dondozo|94/100
|-boost|p2a: Roller|spe|1
|-sideend|p2: AsierX|Stealth Rock|[from] move: Rapid Spin|[of] p2a: Roller
|move|p1a: Dondozo|Curse|p1a: Dondozo
|-unboost|p1a: Dondozo|spe|1
|-boost|p1a: Dondozo|atk|1
|-boost|p1a: Dondozo|def|1
|
|-heal|p1a: Dondozo|99/100|[from] item: Leftovers
|upkeep
|turn|15
|
|t:|1769347634
|-end|p2a: Roller|Protosynthesis|[silent]
|switch|p2a: Vinethesis|Ogerpon-Wellspring, F|56/100
|move|p1a: Dondozo|Wave Crash|p2a: Vinethesis
|-heal|p2a: Vinethesis|81/100|[from] ability: Water Absorb|[of] p1a: Dondozo
|
|-heal|p1a: Dondozo|100/100|[from] item: Leftovers
|upkeep
|turn|16
|
|t:|1769347641
|switch|p1a: Hydrapple|Hydrapple, M|100/100
|move|p2a: Vinethesis|Encore||[still]
|-fail|p2a: Vinethesis
|
|upkeep
|turn|17
|
|t:|1769347647
|move|p2a: Vinethesis|Swords Dance|p2a: Vinethesis
|-boost|p2a: Vinethesis|atk|2
|move|p1a: Hydrapple|Fickle Beam|p2a: Vinethesis
|-damage|p2a: Vinethesis|28/100
|-damage|p1a: Hydrapple|91/100|[from] item: Life Orb
|
|upkeep
|turn|18
|
|t:|1769347654
|switch|p2a: Avarice|Gholdengo|100/100
|move|p1a: Hydrapple|Fickle Beam|p2a: Avarice|[anim] Fickle Beam All Out
|-activate|p1a: Hydrapple|move: Fickle Beam
|-resisted|p2a: Avarice
|-damage|p2a: Avarice|55/100
|-damage|p1a: Hydrapple|81/100|[from] item: Life Orb
|
|upkeep
|turn|19
|
|t:|1769347662
|move|p2a: Avarice|Dazzling Gleam|p1a: Hydrapple
|-supereffective|p1a: Hydrapple
|-crit|p1a: Hydrapple
|-damage|p1a: Hydrapple|0 fnt
|faint|p1a: Hydrapple
|
|upkeep
|
|t:|1769347671
|switch|p1a: Blissey|Blissey, F|87/100
|turn|20
|
|t:|1769347675
|switch|p2a: Elhanan|Ceruledge, M, shiny|100/100
|move|p1a: Blissey|Stealth Rock|p2a: Elhanan
|-sidestart|p2: AsierX|move: Stealth Rock
|
|upkeep
|turn|21
|
|t:|1769347679
|switch|p2a: Vinethesis|Ogerpon-Wellspring, F|28/100
|-damage|p2a: Vinethesis|16/100|[from] Stealth Rock
|move|p1a: Blissey|Thunder Wave|p2a: Vinethesis
|-status|p2a: Vinethesis|par
|
|upkeep
|turn|22
|
|t:|1769347686
|move|p2a: Vinethesis|Horn Leech|p1a: Blissey
|-damage|p1a: Blissey|42/100
|-heal|p2a: Vinethesis|65/100 par|[from] drain|[of] p1a: Blissey
|move|p1a: Blissey|Seismic Toss|p2a: Vinethesis
|-damage|p2a: Vinethesis|31/100 par
|
|upkeep
|turn|23
|
|t:|1769347696
|switch|p1a: Corviknight|Corviknight, M|100/100 brn
|-ability|p1a: Corviknight|Pressure
|move|p2a: Vinethesis|Horn Leech|p1a: Corviknight
|-resisted|p1a: Corviknight
|-damage|p1a: Corviknight|93/100 brn
|-heal|p2a: Vinethesis|36/100 par|[from] drain|[of] p1a: Corviknight
|
|-heal|p1a: Corviknight|99/100 brn|[from] item: Leftovers
|-damage|p1a: Corviknight|93/100 brn|[from] brn
|upkeep
|turn|24
|
|t:|1769347707
|cant|p2a: Vinethesis|par
|move|p1a: Corviknight|Iron Head|p2a: Vinethesis
|-resisted|p2a: Vinethesis
|-damage|p2a: Vinethesis|28/100 par
|
|-heal|p1a: Corviknight|99/100 brn|[from] item: Leftovers
|-damage|p1a: Corviknight|93/100 brn|[from] brn
|upkeep
|turn|25
|
|t:|1769347715
|cant|p2a: Vinethesis|par
|move|p1a: Corviknight|Iron Head|p2a: Vinethesis
|-resisted|p2a: Vinethesis
|-damage|p2a: Vinethesis|20/100 par
|
|-heal|p1a: Corviknight|99/100 brn|[from] item: Leftovers
|-damage|p1a: Corviknight|93/100 brn|[from] brn
|upkeep
|turn|26
|
|t:|1769347722
|cant|p2a: Vinethesis|par
|move|p1a: Corviknight|U-turn|p2a: Vinethesis
|-supereffective|p2a: Vinethesis
|-damage|p2a: Vinethesis|0 fnt
|faint|p2a: Vinethesis
|-message|AsierX forfeited.
|
|win|ratca
|raw|ratca's rating: 1513 &rarr; <strong>1529</strong><br />(+16 for winning)
|raw|AsierX's rating: 1445 &rarr; <strong>1429</strong><br />(-16 for losing)
|l|☆AsierX
|player|p2|
