|j|‽epgoat
|j|☆Jc3_123abc
|t:|1769347282
|gametype|singles
|player|p1|epgoat|bugcatcher-gen1|1370
|player|p2|Jc3_123abc|policeman-gen4|1401
|gen|9
|tier|[Gen 9] OU
|rated|
|rule|HP Percentage Mod: HP is shown in percentages
|rule|Endless Battle Clause: Forcing endless battles is banned
|rule|Species Clause: Limit one of each Pokémon
|rule|OHKO Clause: OHKO moves are banned
|rule|Evasion Items Clause: Evasion items are banned
|rule|Evasion Moves Clause: Evasion moves are banned
|rule|Evasion Abilities Clause: Evasion abilities are banned
|rule|Sleep Moves Clause: Sleep-inducing moves are banned
|clearpoke
|poke|p1|Indeedee, M|
|poke|p1|Hatterene, F|
|poke|p1|Ursaluna, M|
|poke|p1|Iron Hands|
|poke|p1|Hoopa-Unbound|
|poke|p1|Mimikyu, M|
|poke|p2|Volcanion|
|poke|p2|Heatran, F|
|poke|p2|Cinccino, F|
|poke|p2|Dragonite, F|
|poke|p2|Rotom-Wash|
|poke|p2|Great Tusk|
|teampreview
|
|t:|1769347304
|teamsize|p1|6
|teamsize|p2|6
|start
|switch|p1a: Indeedee|Indeedee, M|100/100
|switch|p2a: Dragon slayer|Cinccino, F|100/100
|-fieldstart|move: Psychic Terrain|[from] ability: Psychic Surge|[of] p1a: Indeedee
|turn|1
|inactive|Battle timer is ON: inactive players will automatically lose when time's up. (requested by Jc3_123abc)
|
|t:|1769347329
|move|p2a: Dragon slayer|U-turn|p1a: Indeedee
|-supereffective|p1a: Indeedee
|-damage|p1a: Indeedee|55/100
|
|t:|1769347334
|switch|p2a: Heatran|Heatran, F|100/100|[from] U-turn
|move|p1a: Indeedee|Trick Room|p1a: Indeedee
|-fieldstart|move: Trick Room|[of] p1a: Indeedee
|
|upkeep
|turn|2
|inactive|epgoat has 120 seconds left.
|
|t:|1769347386
|switch|p1a: Iron Hands|Iron Hands|100/100
|-enditem|p1a: Iron Hands|Booster Energy
|-activate|p1a: Iron Hands|ability: Quark Drive|[fromitem]
|-start|p1a: Iron Hands|quarkdriveatk
|move|p2a: Heatran|Flamethrower|p1a: Iron Hands
|-damage|p1a: Iron Hands|67/100
|
|upkeep
|turn|3
|
|t:|1769347407
|-terastallize|p2a: Heatran|Fairy
|move|p1a: Iron Hands|Close Combat|p2a: Heatran
|-resisted|p2a: Heatran
|-damage|p2a: Heatran|62/100
|-unboost|p1a: Iron Hands|def|1
|-unboost|p1a: Iron Hands|spd|1
|move|p2a: Heatran|Tera Blast|p1a: Iron Hands|[anim] Tera Blast Fairy
|-supereffective|p1a: Iron Hands
|-damage|p1a: Iron Hands|0 fnt
|faint|p1a: Iron Hands
|-end|p1a: Iron Hands|Quark Drive|[silent]
|
|upkeep
|inactive|epgoat has 90 seconds left.
|l|☆Jc3_123abc
|inactive|Jc3_123abc disconnected and has a minute to reconnect!
|player|p2|
|
|t:|1769347456
|switch|p1a: Hoopa|Hoopa-Unbound|100/100
|-enditem|p1a: Hoopa|Psychic Seed
|-boost|p1a: Hoopa|spd|1|[from] item: Psychic Seed
|turn|4
|j|☆Jc3_123abc
|inactive|Jc3_123abc reconnected and has 140 seconds left.
|player|p2|Jc3_123abc|policeman-gen4|
|
|t:|1769347466
|move|p1a: Hoopa|Expanding Force|p2a: Heatran
|-damage|p2a: Heatran|19/100
|-item|p1a: Hoopa|Assault Vest|[from] ability: Magician|[of] p2a: Heatran
|move|p2a: Heatran|Tera Blast|p1a: Hoopa|[anim] Tera Blast Fairy
|-supereffective|p1a: Hoopa
|-damage|p1a: Hoopa|77/100
|
|upkeep
|turn|5
|
|t:|1769347488
|move|p1a: Hoopa|Expanding Force|p2a: Heatran
|-damage|p2a: Heatran|0 fnt
|faint|p2a: Heatran
|
|-fieldend|move: Trick Room
|upkeep
|
|t:|1769347491
|switch|p2a: Dragon slayer|Cinccino, F|100/100
|turn|6
|inactive|epgoat has 90 seconds left.
|
|t:|1769347500
|move|p2a: Dragon slayer|U-turn|p1a: Hoopa
|-supereffective|p1a: Hoopa
|-damage|p1a: Hoopa|0 fnt
|faint|p1a: Hoopa
|
|t:|1769347508
|switch|p2a: Volcanion|Volcanion|100/100|[from] U-turn
|
|upkeep
|
|t:|1769347517
|switch|p1a: Hatterene|Hatterene, F|100/100
|turn|7
|
|t:|1769347520
|move|p2a: Volcanion|Steam Eruption|p1a: Hatterene
|-damage|p1a: Hatterene|4/100
|-status|p1a: Hatterene|brn
|move|p1a: Hatterene|Trick Room|p1a: Hatterene
|-fieldstart|move: Trick Room|[of] p1a: Hatterene
|
|-damage|p1a: Hatterene|0 fnt|[from] brn
|faint|p1a: Hatterene
|upkeep
|
|t:|1769347527
|switch|p1a: Ursaluna|Ursaluna, M|100/100
|turn|8
|
|t:|1769347543
|switch|p2a: Great Tusk|Great Tusk|100/100
|move|p1a: Ursaluna|Supercell Slam|p2a: Great Tusk
|-immune|p2a: Great Tusk
|-damage|p1a: Ursaluna|51/100|[from] supercellslam
|
|-fieldend|move: Psychic Terrain
|-status|p1a: Ursaluna|brn|[from] item: Flame Orb
|upkeep
|turn|9
|inactive|epgoat has 120 seconds left.
|
|t:|1769347551
|move|p1a: Ursaluna|Facade|p2a: Great Tusk
|-damage|p2a: Great Tusk|40/100
|move|p2a: Great Tusk|Ice Spinner|p1a: Ursaluna
|-supereffective|p1a: Ursaluna
|-damage|p1a: Ursaluna|19/100 brn
|
|-damage|p1a: Ursaluna|13/100 brn|[from] brn
|upkeep
|turn|10
|
|t:|1769347560
|move|p1a: Ursaluna|Facade|p2a: Great Tusk
|-damage|p2a: Great Tusk|0 fnt
|faint|p2a: Great Tusk
|-end|p2a: Great Tusk|Protosynthesis|[silent]
|
|-damage|p1a: Ursaluna|7/100 brn|[from] brn
|upkeep
|
|t:|1769347563
|switch|p2a: Dragonite|Dragonite, F|100/100
|turn|11
|
|t:|1769347570
|switch|p1a: Indeedee|Indeedee, M|55/100
|-fieldstart|move: Psychic Terrain|[from] ability: Psychic Surge|[of] p1a: Indeedee
|move|p2a: Dragonite|Extreme Speed|p1a: Indeedee
|-activate|p1a: Indeedee|move: Psychic Terrain
|
|-fieldend|move: Trick Room
|upkeep
|turn|12
|
|t:|1769347578
|switch|p2a: Volcanion|Volcanion|100/100
|move|p1a: Indeedee|Trick Room|p1a: Indeedee
|-fieldstart|move: Trick Room|[of] p1a: Indeedee
|
|upkeep
|turn|13
|
|t:|1769347581
|move|p2a: Volcanion|Steam Eruption|p1a: Indeedee
|-damage|p1a: Indeedee|0 fnt
|faint|p1a: Indeedee
|
|upkeep
|
|t:|1769347584
|switch|p1a: Mimikyu|Mimikyu, M|100/100
|turn|14
|-message|epgoat forfeited.
|
|win|Jc3_123abc
|raw|epgoat's rating: 1370 &rarr; <strong>1352</strong><br />(-18 for losing)
|raw|Jc3_123abc's rating: 1401 &rarr; <strong>1419</strong><br />(+18 for winning)
|l|‽epgoat
|player|p1|
|l|☆Jc3_123abc
|player|p2|
