|j|☆tb poke
|j|☆UnseriousOlivia
|t:|1769365650
|gametype|singles
|player|p1|tb poke|2|1407
|player|p2|UnseriousOlivia|miku-flying|1416
|gen|9
|tier|[Gen 9] OU
|rated|
|rule|HP Percentage Mod: HP is shown in percentages
|rule|Endless Battle Clause: Forcing endless battles is banned
|rule|Species Clause: Limit one of each Pokémon
|rule|OHKO Clause: OHKO moves are banned
|rule|Evasion Items Clause: Evasion items are banned
|rule|Evasion Moves Clause: Evasion moves are banned
|rule|Evasion Abilities Clause: Evasion abilities are banned
|rule|Sleep Moves Clause: Sleep-inducing moves are banned
|clearpoke
|poke|p1|Dragonite, F|
|poke|p1|Hatterene, F|
|poke|p1|Samurott-Hisui, F|
|poke|p1|Great Tusk|
|poke|p1|Gholdengo|
|poke|p1|Glimmora, F|
|poke|p2|Decidueye-Hisui, M|
|poke|p2|Typhlosion-Hisui, M|
|poke|p2|Great Tusk|
|poke|p2|Clefable, M|
|poke|p2|Glimmora, M|
|poke|p2|Feraligatr, F|
|teampreview
|
|t:|1769365659
|teamsize|p1|6
|teamsize|p2|6
|start
|switch|p1a: Gholdengo|Gholdengo|100/100
|switch|p2a: Glimmora|Glimmora, M|100/100
|turn|1
|inactive|Battle timer is ON: inactive players will automatically lose when time's up. (requested by tb poke)
|
|t:|1769365678
|move|p1a: Gholdengo|Make It Rain|p2a: Glimmora
|-supereffective|p2a: Glimmora
|-crit|p2a: Glimmora
|-damage|p2a: Glimmora|0 fnt
|-unboost|p1a: Gholdengo|spa|1
|faint|p2a: Glimmora
|
|upkeep
|
|t:|1769365690
|switch|p2a: Feraligatr|Feraligatr, F|100/100
|turn|2
|
|t:|1769365705
|switch|p1a: Dragonite|Dragonite, F|100/100
|move|p2a: Feraligatr|Dragon Dance|p2a: Feraligatr
|-boost|p2a: Feraligatr|atk|1
|-boost|p2a: Feraligatr|spe|1
|
|upkeep
|turn|3
|
|t:|1769365710
|move|p2a: Feraligatr|Ice Punch|p1a: Dragonite
|-supereffective|p1a: Dragonite
|-damage|p1a: Dragonite|0 fnt
|faint|p1a: Dragonite
|
|upkeep
|
|t:|1769365714
|switch|p1a: Glimmora|Glimmora, F|100/100
|turn|4
|
|t:|1769365722
|-terastallize|p1a: Glimmora|Ghost
|move|p2a: Feraligatr|Liquidation|p1a: Glimmora
|-damage|p1a: Glimmora|24/100
|-activate|p1a: Glimmora|ability: Toxic Debris
|-sidestart|p2: UnseriousOlivia|move: Toxic Spikes
|move|p1a: Glimmora|Mortal Spin|p2a: Feraligatr
|-damage|p2a: Feraligatr|94/100
|-status|p2a: Feraligatr|psn
|
|-damage|p2a: Feraligatr|82/100 psn|[from] psn
|upkeep
|turn|5
|
|t:|1769365740
|move|p2a: Feraligatr|Liquidation|p1a: Glimmora
|-damage|p1a: Glimmora|0 fnt
|-activate|p1a: Glimmora|ability: Toxic Debris
|-sidestart|p2: UnseriousOlivia|move: Toxic Spikes
|faint|p1a: Glimmora
|
|-damage|p2a: Feraligatr|69/100 psn|[from] psn
|upkeep
|
|t:|1769365746
|switch|p1a: Samurott|Samurott-Hisui, F|100/100
|turn|6
|
|t:|1769365752
|move|p2a: Feraligatr|Earthquake|p1a: Samurott
|-damage|p1a: Samurott|34/100
|-damage|p2a: Feraligatr|59/100 psn|[from] item: Life Orb
|move|p1a: Samurott|Ceaseless Edge|p2a: Feraligatr
|-damage|p2a: Feraligatr|10/100 psn
|-sidestart|p2: UnseriousOlivia|Spikes
|
|-damage|p2a: Feraligatr|0 fnt|[from] psn
|faint|p2a: Feraligatr
|upkeep
|
|t:|1769365780
|switch|p2a: Decidueye|Decidueye-Hisui, M|100/100
|-status|p2a: Decidueye|tox
|-damage|p2a: Decidueye|88/100 tox|[from] Spikes
|turn|7
|
|t:|1769365792
|switch|p1a: Hatterene|Hatterene, F|100/100
|move|p2a: Decidueye|Tailwind|p2a: Decidueye
|-sidestart|p2: UnseriousOlivia|move: Tailwind
|
|-damage|p2a: Decidueye|82/100 tox|[from] psn
|upkeep
|turn|8
|
|t:|1769365805
|move|p2a: Decidueye|U-turn|p1a: Hatterene
|-damage|p1a: Hatterene|83/100
|
|t:|1769365816
|switch|p2a: Clefable|Clefable, M|100/100|[from] U-turn
|-status|p2a: Clefable|tox
|move|p1a: Hatterene|Calm Mind|p1a: Hatterene
|-boost|p1a: Hatterene|spa|1
|-boost|p1a: Hatterene|spd|1
|
|-heal|p1a: Hatterene|89/100|[from] item: Leftovers
|upkeep
|turn|9
|
|t:|1769365828
|move|p2a: Clefable|Moonblast|p1a: Hatterene
|-damage|p1a: Hatterene|66/100
|move|p1a: Hatterene|Calm Mind|p1a: Hatterene
|-boost|p1a: Hatterene|spa|1
|-boost|p1a: Hatterene|spd|1
|
|-heal|p1a: Hatterene|72/100|[from] item: Leftovers
|upkeep
|turn|10
|
|t:|1769365831
|move|p2a: Clefable|Moonblast|p1a: Hatterene
|-damage|p1a: Hatterene|54/100
|-unboost|p1a: Hatterene|spa|1
|move|p1a: Hatterene|Calm Mind|p1a: Hatterene
|-boost|p1a: Hatterene|spa|1
|-boost|p1a: Hatterene|spd|1
|
|-heal|p1a: Hatterene|60/100|[from] item: Leftovers
|-sideend|p2: UnseriousOlivia|move: Tailwind
|upkeep
|turn|11
|
|t:|1769365834
|move|p2a: Clefable|Moonblast|p1a: Hatterene
|-damage|p1a: Hatterene|45/100
|move|p1a: Hatterene|Draining Kiss|p2a: Clefable
|-damage|p2a: Clefable|69/100 tox
|-heal|p1a: Hatterene|75/100|[from] drain|[of] p2a: Clefable
|
|-heal|p2a: Clefable|75/100 tox|[from] item: Leftovers
|-heal|p1a: Hatterene|81/100|[from] item: Leftovers
|upkeep
|turn|12
|
|t:|1769365847
|move|p2a: Clefable|Moonblast|p1a: Hatterene
|-damage|p1a: Hatterene|67/100
|move|p1a: Hatterene|Draining Kiss|p2a: Clefable
|-damage|p2a: Clefable|47/100 tox
|-heal|p1a: Hatterene|93/100|[from] drain|[of] p2a: Clefable
|
|-heal|p2a: Clefable|53/100 tox|[from] item: Leftovers
|-heal|p1a: Hatterene|99/100|[from] item: Leftovers
|upkeep
|turn|13
|
|t:|1769365850
|move|p2a: Clefable|Moonblast|p1a: Hatterene
|-damage|p1a: Hatterene|84/100
|move|p1a: Hatterene|Calm Mind|p1a: Hatterene
|-boost|p1a: Hatterene|spa|1
|-boost|p1a: Hatterene|spd|1
|
|-heal|p2a: Clefable|59/100 tox|[from] item: Leftovers
|-heal|p1a: Hatterene|90/100|[from] item: Leftovers
|upkeep
|turn|14
|
|t:|1769365853
|move|p2a: Clefable|Moonblast|p1a: Hatterene
|-damage|p1a: Hatterene|80/100
|move|p1a: Hatterene|Calm Mind|p1a: Hatterene
|-boost|p1a: Hatterene|spa|1
|-boost|p1a: Hatterene|spd|1
|
|-heal|p2a: Clefable|65/100 tox|[from] item: Leftovers
|-heal|p1a: Hatterene|86/100|[from] item: Leftovers
|upkeep
|turn|15
|
|t:|1769365856
|move|p2a: Clefable|Moonblast|p1a: Hatterene
|-damage|p1a: Hatterene|77/100
|move|p1a: Hatterene|Calm Mind|p1a: Hatterene
|-boost|p1a: Hatterene|spa|1
|-boost|p1a: Hatterene|spd|1
|
|-heal|p2a: Clefable|71/100 tox|[from] item: Leftovers
|-heal|p1a: Hatterene|83/100|[from] item: Leftovers
|upkeep
|turn|16
|
|t:|1769365859
|move|p2a: Clefable|Moonblast|p1a: Hatterene
|-crit|p1a: Hatterene
|-damage|p1a: Hatterene|35/100
|move|p1a: Hatterene|Draining Kiss|p2a: Clefable
|-damage|p2a: Clefable|15/100 tox
|-heal|p1a: Hatterene|87/100|[from] drain|[of] p2a: Clefable
|
|-heal|p2a: Clefable|22/100 tox|[from] item: Leftovers
|-heal|p1a: Hatterene|93/100|[from] item: Leftovers
|upkeep
|turn|17
|
|t:|1769365862
|move|p2a: Clefable|Moonblast|p1a: Hatterene
|-damage|p1a: Hatterene|85/100
|move|p1a: Hatterene|Calm Mind|p1a: Hatterene
|-boost|p1a: Hatterene|spa|1
|-boost|p1a: Hatterene|spd|0
|
|-heal|p2a: Clefable|28/100 tox|[from] item: Leftovers
|-heal|p1a: Hatterene|91/100|[from] item: Leftovers
|upkeep
|turn|18
|
|t:|1769365866
|move|p2a: Clefable|Moonblast|p1a: Hatterene
|-damage|p1a: Hatterene|82/100
|move|p1a: Hatterene|Draining Kiss|p2a: Clefable
|-damage|p2a: Clefable|0 fnt
|-heal|p1a: Hatterene|100/100|[from] drain|[of] p2a: Clefable
|faint|p2a: Clefable
|
|upkeep
|
|t:|1769365877
|switch|p2a: Decidueye|Decidueye-Hisui, M|82/100 tox
|-damage|p2a: Decidueye|70/100 tox|[from] Spikes
|turn|19
|
|t:|1769365895
|move|p2a: Decidueye|Triple Arrows|p1a: Hatterene
|-resisted|p1a: Hatterene
|-crit|p1a: Hatterene
|-damage|p1a: Hatterene|84/100
|move|p1a: Hatterene|Draining Kiss|p2a: Decidueye
|-supereffective|p2a: Decidueye
|-damage|p2a: Decidueye|0 fnt
|-heal|p1a: Hatterene|100/100|[from] drain|[of] p2a: Decidueye
|faint|p2a: Decidueye
|
|upkeep
|
|t:|1769365909
|switch|p2a: Great Tusk|Great Tusk|100/100
|turn|20
|
|t:|1769365912
|move|p2a: Great Tusk|Headlong Rush|p1a: Hatterene
|-damage|p1a: Hatterene|45/100
|-unboost|p2a: Great Tusk|def|1
|-unboost|p2a: Great Tusk|spd|1
|move|p1a: Hatterene|Draining Kiss|p2a: Great Tusk
|-supereffective|p2a: Great Tusk
|-damage|p2a: Great Tusk|0 fnt
|-heal|p1a: Hatterene|100/100|[from] drain|[of] p2a: Great Tusk
|faint|p2a: Great Tusk
|-end|p2a: Great Tusk|Protosynthesis|[silent]
|
|upkeep
|
|t:|1769365915
|switch|p2a: Typhlosion|Typhlosion-Hisui, M|100/100
|-status|p2a: Typhlosion|tox
|-damage|p2a: Typhlosion|88/100 tox|[from] Spikes
|turn|21
|
|t:|1769365921
|move|p2a: Typhlosion|Shadow Ball|p1a: Hatterene
|-supereffective|p1a: Hatterene
|-damage|p1a: Hatterene|68/100
|move|p1a: Hatterene|Psyshock|p2a: Typhlosion
|-damage|p2a: Typhlosion|0 fnt
|faint|p2a: Typhlosion
|
|win|tb poke
|raw|tb poke's rating: 1407 &rarr; <strong>1428</strong><br />(+21 for winning)
|raw|UnseriousOlivia's rating: 1416 &rarr; <strong>1395</strong><br />(-21 for losing)
|c|☆UnseriousOlivia|Ggwp
|c|☆tb poke|gg wp
|l|☆tb poke
|player|p1|
