|j|☆CambridgeFoulPlay
|j|☆JD2Sleepy
|t:|1769324891
|gametype|singles
|player|p1|CambridgeFoulPlay|266|1631
|player|p2|JD2Sleepy|blackbelt-gen4dp|1586
|gen|9
|tier|[Gen 9] OU
|rated|
|rule|HP Percentage Mod: HP is shown in percentages
|rule|Endless Battle Clause: Forcing endless battles is banned
|rule|Species Clause: Limit one of each Pokémon
|rule|OHKO Clause: OHKO moves are banned
|rule|Evasion Items Clause: Evasion items are banned
|rule|Evasion Moves Clause: Evasion moves are banned
|rule|Evasion Abilities Clause: Evasion abilities are banned
|rule|Sleep Moves Clause: Sleep-inducing moves are banned
|clearpoke
|poke|p1|Hydrapple, M|
|poke|p1|Tyranitar, F|
|poke|p1|Moltres|
|poke|p1|Zamazenta-*|
|poke|p1|Slowking-Galar, M|
|poke|p1|Excadrill, F|
|poke|p2|Glimmora, F|
|poke|p2|Kyurem|
|poke|p2|Sableye, M|
|poke|p2|Zamazenta-*|
|poke|p2|Ditto|
|poke|p2|Kingambit, F|
|teampreview
|c|☆CambridgeFoulPlay|hf
|inactive|Battle timer is ON: inactive players will automatically lose when time's up. (requested by CambridgeFoulPlay)
|
|t:|1769324898
|teamsize|p1|6
|teamsize|p2|6
|start
|switch|p1a: Zamazenta|Zamazenta|100/100
|switch|p2a: Gët Busy|Zamazenta|100/100
|-ability|p1a: Zamazenta|Dauntless Shield|boost
|-boost|p1a: Zamazenta|def|1
|-ability|p2a: Gët Busy|Dauntless Shield|boost
|-boost|p2a: Gët Busy|def|1
|turn|1
|
|t:|1769324913
|switch|p2a: Good As Bricks|Sableye, M, shiny|100/100
|move|p1a: Zamazenta|Iron Defense|p1a: Zamazenta
|-boost|p1a: Zamazenta|def|2
|
|upkeep
|turn|2
|
|t:|1769324924
|switch|p1a: Hydrapple|Hydrapple, M|100/100
|switch|p2a: Gët Busy|Zamazenta|100/100
|
|upkeep
|turn|3
|
|t:|1769324932
|switch|p2a: VwV|Glimmora, F|100/100
|move|p1a: Hydrapple|Fickle Beam|p2a: VwV
|-damage|p2a: VwV|51/100
|
|upkeep
|turn|4
|
|t:|1769324935
|move|p2a: VwV|Stealth Rock|p1a: Hydrapple
|-sidestart|p1: CambridgeFoulPlay|move: Stealth Rock
|move|p1a: Hydrapple|Fickle Beam|p2a: VwV
|-damage|p2a: VwV|5/100
|
|upkeep
|turn|5
|
|t:|1769324939
|move|p2a: VwV|Power Gem|p1a: Hydrapple
|-damage|p1a: Hydrapple|60/100
|move|p1a: Hydrapple|Fickle Beam|p2a: VwV
|-damage|p2a: VwV|0 fnt
|faint|p2a: VwV
|
|upkeep
|
|t:|1769324941
|switch|p2a: Jet Black|Kyurem|100/100
|-ability|p2a: Jet Black|Pressure
|turn|6
|
|t:|1769324946
|switch|p1a: Zamazenta|Zamazenta|100/100
|-damage|p1a: Zamazenta|94/100|[from] Stealth Rock
|move|p2a: Jet Black|Icicle Spear|p1a: Zamazenta
|-damage|p1a: Zamazenta|83/100
|-damage|p1a: Zamazenta|72/100
|-damage|p1a: Zamazenta|62/100
|-damage|p1a: Zamazenta|52/100
|-hitcount|p1a: Zamazenta|4
|
|-heal|p1a: Zamazenta|58/100|[from] item: Leftovers
|upkeep
|turn|7
|
|t:|1769324950
|switch|p2a: Good As Bricks|Sableye, M, shiny|100/100
|move|p1a: Zamazenta|Iron Defense|p1a: Zamazenta
|-boost|p1a: Zamazenta|def|2
|
|-heal|p1a: Zamazenta|64/100|[from] item: Leftovers
|upkeep
|turn|8
|
|t:|1769324959
|switch|p1a: Hydrapple|Hydrapple, M|93/100
|move|p2a: Good As Bricks|Will-O-Wisp|p1a: Hydrapple
|-status|p1a: Hydrapple|brn
|
|-damage|p1a: Hydrapple|87/100 brn|[from] brn
|upkeep
|turn|9
|
|t:|1769324965
|switch|p2a: 平和|Kingambit, F|100/100
|-activate|p2a: 平和|ability: Supreme Overlord
|-start|p2a: 平和|fallen1|[silent]
|move|p1a: Hydrapple|Fickle Beam|p2a: 平和
|-resisted|p2a: 平和
|-damage|p2a: 平和|84/100
|
|-damage|p1a: Hydrapple|80/100 brn|[from] brn
|upkeep
|turn|10
|
|t:|1769324971
|-end|p2a: 平和|fallen1|[silent]
|switch|p2a: Jet Black|Kyurem|100/100
|-ability|p2a: Jet Black|Pressure
|switch|p1a: Zamazenta|Zamazenta|64/100
|-damage|p1a: Zamazenta|58/100|[from] Stealth Rock
|
|-heal|p1a: Zamazenta|64/100|[from] item: Leftovers
|upkeep
|turn|11
|
|t:|1769324975
|switch|p2a: Good As Bricks|Sableye, M, shiny|100/100
|move|p1a: Zamazenta|Iron Defense|p1a: Zamazenta
|-boost|p1a: Zamazenta|def|2
|
|-heal|p1a: Zamazenta|70/100|[from] item: Leftovers
|upkeep
|turn|12
|
|t:|1769324981
|switch|p1a: Hydrapple|Hydrapple, M|100/100 brn
|move|p2a: Good As Bricks|Will-O-Wisp|p1a: Hydrapple
|-fail|p1a: Hydrapple|brn
|
|-damage|p1a: Hydrapple|94/100 brn|[from] brn
|upkeep
|turn|13
|
|t:|1769324987
|move|p1a: Hydrapple|Fickle Beam|p2a: Good As Bricks|[anim] Fickle Beam All Out
|-activate|p1a: Hydrapple|move: Fickle Beam
|-damage|p2a: Good As Bricks|0 fnt
|faint|p2a: Good As Bricks
|
|-damage|p1a: Hydrapple|88/100 brn|[from] brn
|upkeep
|
|t:|1769324990
|switch|p2a: Jet Black|Kyurem|100/100
|-ability|p2a: Jet Black|Pressure
|turn|14
|
|t:|1769324992
|switch|p1a: Zamazenta|Zamazenta|70/100
|-damage|p1a: Zamazenta|64/100|[from] Stealth Rock
|move|p2a: Jet Black|Dragon Dance|p2a: Jet Black
|-boost|p2a: Jet Black|atk|1
|-boost|p2a: Jet Black|spe|1
|
|-heal|p1a: Zamazenta|70/100|[from] item: Leftovers
|upkeep
|turn|15
|
|t:|1769324994
|move|p2a: Jet Black|Icicle Spear|p1a: Zamazenta
|-damage|p1a: Zamazenta|54/100
|-damage|p1a: Zamazenta|37/100
|-crit|p1a: Zamazenta
|-damage|p1a: Zamazenta|14/100
|-damage|p1a: Zamazenta|0 fnt
|faint|p1a: Zamazenta
|-hitcount|p1: Zamazenta|4
|
|upkeep
|
|t:|1769324997
|switch|p1a: Moltres|Moltres|100/100
|turn|16
|
|t:|1769324999
|move|p2a: Jet Black|Substitute|p2a: Jet Black
|-start|p2a: Jet Black|Substitute
|-damage|p2a: Jet Black|76/100
|move|p1a: Moltres|Roar|p2a: Jet Black
|drag|p2a: Gët Busy|Zamazenta|100/100
|
|upkeep
|turn|17
|
|t:|1769325002
|move|p2a: Gët Busy|Stone Edge|p1a: Moltres
|-supereffective|p1a: Moltres
|-damage|p1a: Moltres|0 fnt
|faint|p1a: Moltres
|
|upkeep
|
|t:|1769325005
|switch|p1a: Hydrapple|Hydrapple, M|100/100 brn
|turn|18
|
|t:|1769325011
|move|p2a: Gët Busy|Stone Edge|p1a: Hydrapple
|-damage|p1a: Hydrapple|70/100 brn
|move|p1a: Hydrapple|Nasty Plot|p1a: Hydrapple
|-boost|p1a: Hydrapple|spa|2
|
|-damage|p1a: Hydrapple|63/100 brn|[from] brn
|upkeep
|turn|19
|
|t:|1769325021
|move|p2a: Gët Busy|Stone Edge|p1a: Hydrapple
|-damage|p1a: Hydrapple|29/100 brn
|move|p1a: Hydrapple|Fickle Beam|p2a: Gët Busy|[anim] Fickle Beam All Out
|-activate|p1a: Hydrapple|move: Fickle Beam
|-damage|p2a: Gët Busy|0 fnt
|faint|p2a: Gët Busy
|
|-damage|p1a: Hydrapple|22/100 brn|[from] brn
|upkeep
|
|t:|1769325024
|switch|p2a: Jet Black|Kyurem|76/100
|-ability|p2a: Jet Black|Pressure
|turn|20
|
|t:|1769325026
|move|p2a: Jet Black|Icicle Spear|p1a: Hydrapple
|-supereffective|p1a: Hydrapple
|-damage|p1a: Hydrapple|0 fnt
|faint|p1a: Hydrapple
|-hitcount|p1: Hydrapple|1
|
|upkeep
|
|t:|1769325027
|switch|p1a: Excadrill|Excadrill, F|100/100
|-damage|p1a: Excadrill|97/100|[from] Stealth Rock
|-item|p1a: Excadrill|Air Balloon
|turn|21
|j| 16yxy
|
|t:|1769325034
|-terastallize|p1a: Excadrill|Fire
|move|p1a: Excadrill|Rapid Spin|p2a: Jet Black
|-damage|p2a: Jet Black|60/100
|-boost|p1a: Excadrill|spe|1
|-sideend|p1: CambridgeFoulPlay|Stealth Rock|[from] move: Rapid Spin|[of] p1a: Excadrill
|move|p2a: Jet Black|Icicle Spear|p1a: Excadrill
|-resisted|p1a: Excadrill
|-damage|p1a: Excadrill|88/100
|-enditem|p1a: Excadrill|Air Balloon
|-resisted|p1a: Excadrill
|-damage|p1a: Excadrill|79/100
|-resisted|p1a: Excadrill
|-damage|p1a: Excadrill|69/100
|-resisted|p1a: Excadrill
|-damage|p1a: Excadrill|59/100
|-resisted|p1a: Excadrill
|-damage|p1a: Excadrill|49/100
|-hitcount|p1a: Excadrill|5
|
|upkeep
|turn|22
|
|t:|1769325043
|move|p1a: Excadrill|Earthquake|p2a: Jet Black
|-damage|p2a: Jet Black|12/100
|move|p2a: Jet Black|Icicle Spear|p1a: Excadrill
|-resisted|p1a: Excadrill
|-damage|p1a: Excadrill|40/100
|-resisted|p1a: Excadrill
|-damage|p1a: Excadrill|30/100
|-resisted|p1a: Excadrill
|-damage|p1a: Excadrill|19/100
|-resisted|p1a: Excadrill
|-damage|p1a: Excadrill|9/100
|-resisted|p1a: Excadrill
|-damage|p1a: Excadrill|0 fnt
|faint|p1a: Excadrill
|-hitcount|p1: Excadrill|5
|
|upkeep
|
|t:|1769325044
|switch|p1a: Tyranitar|Tyranitar, F|100/100
|-weather|Sandstorm|[from] ability: Sand Stream|[of] p1a: Tyranitar
|turn|23
|
|t:|1769325048
|move|p2a: Jet Black|Icicle Spear|p1a: Tyranitar
|-damage|p1a: Tyranitar|89/100
|-damage|p1a: Tyranitar|77/100
|-damage|p1a: Tyranitar|65/100
|-damage|p1a: Tyranitar|54/100
|-damage|p1a: Tyranitar|42/100
|-hitcount|p1a: Tyranitar|5
|move|p1a: Tyranitar|Thunder Wave|p2a: Jet Black
|-status|p2a: Jet Black|par
|
|-weather|Sandstorm|[upkeep]
|-damage|p2a: Jet Black|6/100 par|[from] Sandstorm
|upkeep
|turn|24
|
|t:|1769325051
|move|p2a: Jet Black|Icicle Spear|p1a: Tyranitar
|-damage|p1a: Tyranitar|32/100
|-damage|p1a: Tyranitar|21/100
|-damage|p1a: Tyranitar|9/100
|-damage|p1a: Tyranitar|0 fnt
|faint|p1a: Tyranitar
|-hitcount|p1: Tyranitar|4
|
|-weather|Sandstorm|[upkeep]
|-damage|p2a: Jet Black|0 fnt|[from] Sandstorm
|faint|p2a: Jet Black
|upkeep
|
|t:|1769325054
|switch|p2a: 平和|Kingambit, F|84/100
|switch|p1a: Slowking|Slowking-Galar, M|100/100
|-activate|p2a: 平和|ability: Supreme Overlord
|-start|p2a: 平和|fallen4|[silent]
|turn|25
|
|t:|1769325055
|move|p2a: 平和|Kowtow Cleave|p1a: Slowking
|-supereffective|p1a: Slowking
|-damage|p1a: Slowking|0 fnt
|faint|p1a: Slowking
|
|win|JD2Sleepy
|raw|CambridgeFoulPlay's rating: 1631 &rarr; <strong>1608</strong><br />(-23 for losing)
|raw|JD2Sleepy's rating: 1586 &rarr; <strong>1609</strong><br />(+23 for winning)
|c|☆CambridgeFoulPlay|gg
|l|☆CambridgeFoulPlay
|player|p1|
|l|☆JD2Sleepy
|player|p2|
