|j|☆67addict
|j|☆1colour
|t:|1769380364
|gametype|singles
|player|p1|67addict|kiawe|1611
|player|p2|1colour|parasollady|1607
|gen|9
|tier|[Gen 9] OU
|rated|
|rule|HP Percentage Mod: HP is shown in percentages
|rule|Endless Battle Clause: Forcing endless battles is banned
|rule|Species Clause: Limit one of each Pokémon
|rule|OHKO Clause: OHKO moves are banned
|rule|Evasion Items Clause: Evasion items are banned
|rule|Evasion Moves Clause: Evasion moves are banned
|rule|Evasion Abilities Clause: Evasion abilities are banned
|rule|Sleep Moves Clause: Sleep-inducing moves are banned
|clearpoke
|poke|p1|Iron Valiant|
|poke|p1|Primarina, F|
|poke|p1|Gholdengo|
|poke|p1|Ting-Lu|
|poke|p1|Dragapult, M|
|poke|p1|Moltres|
|poke|p2|Cinderace, M|
|poke|p2|Rillaboom, F|
|poke|p2|Jirachi|
|poke|p2|Regidrago|
|poke|p2|Glimmora, F|
|poke|p2|Mimikyu, F|
|teampreview
|inactive|Battle timer is ON: inactive players will automatically lose when time's up. (requested by 67addict)
|
|t:|1769380392
|teamsize|p1|6
|teamsize|p2|6
|start
|switch|p1a: Gholdengo|Gholdengo|100/100
|switch|p2a: Regidrago|Regidrago|100/100
|turn|1
|
|t:|1769380402
|-terastallize|p2a: Regidrago|Dragon
|move|p1a: Gholdengo|Make It Rain|p2a: Regidrago
|-damage|p2a: Regidrago|25/100
|-unboost|p1a: Gholdengo|spa|1
|move|p2a: Regidrago|Dragon Energy|p1a: Gholdengo
|-resisted|p1a: Gholdengo
|-damage|p1a: Gholdengo|79/100
|
|upkeep
|turn|2
|
|t:|1769380412
|switch|p2a: Jirachi|Jirachi|100/100
|move|p1a: Gholdengo|Make It Rain|p2a: Jirachi
|-resisted|p2a: Jirachi
|-damage|p2a: Jirachi|88/100
|-unboost|p1a: Gholdengo|spa|1
|
|-heal|p2a: Jirachi|94/100|[from] item: Leftovers
|upkeep
|turn|3
|
|t:|1769380426
|switch|p1a: Ting-Lu|Ting-Lu|100/100
|-ability|p1a: Ting-Lu|Vessel of Ruin
|move|p2a: Jirachi|Wish|p2a: Jirachi
|
|-heal|p2a: Jirachi|99/100|[from] item: Leftovers
|upkeep
|turn|4
|
|t:|1769380434
|move|p2a: Jirachi|Doom Desire|p1a: Ting-Lu
|-start|p2a: Jirachi|Doom Desire
|move|p1a: Ting-Lu|Earthquake|p2a: Jirachi
|-supereffective|p2a: Jirachi
|-damage|p2a: Jirachi|31/100
|
|-heal|p2a: Jirachi|81/100|[from] move: Wish|[wisher] Jirachi
|-heal|p2a: Jirachi|87/100|[from] item: Leftovers
|upkeep
|turn|5
|
|t:|1769380443
|switch|p2a: Rillaboom|Rillaboom, F|100/100
|-fieldstart|move: Grassy Terrain|[from] ability: Grassy Surge|[of] p2a: Rillaboom
|move|p1a: Ting-Lu|Stealth Rock|p2a: Rillaboom
|-sidestart|p2: 1colour|move: Stealth Rock
|
|upkeep
|turn|6
|
|t:|1769380447
|switch|p1a: Moltres|Moltres|100/100
|move|p2a: Rillaboom|U-turn|p1a: Moltres
|-resisted|p1a: Moltres
|-damage|p1a: Moltres|94/100
|
|t:|1769380465
|switch|p2a: Cinderace|Cinderace, M|100/100|[from] U-turn
|
|-end|p1a: Moltres|move: Doom Desire
|-resisted|p1a: Moltres
|-damage|p1a: Moltres|68/100
|upkeep
|turn|7
|
|t:|1769380480
|switch|p1a: Ting-Lu|Ting-Lu|100/100
|-ability|p1a: Ting-Lu|Vessel of Ruin
|move|p2a: Cinderace|Court Change|p2a: Cinderace
|-start|p2a: Cinderace|typechange|Normal|[from] ability: Libero
|-swapsideconditions
|-activate|p2a: Cinderace|move: Court Change
|
|upkeep
|turn|8
|
|t:|1769380486
|move|p2a: Cinderace|U-turn|p1a: Ting-Lu
|-supereffective|p1a: Ting-Lu
|-damage|p1a: Ting-Lu|77/100
|
|t:|1769380488
|switch|p2a: Regidrago|Regidrago, tera:Dragon|25/100|[from] U-turn
|move|p1a: Ting-Lu|Stealth Rock|p2a: Regidrago
|-sidestart|p2: 1colour|move: Stealth Rock
|
|-heal|p2a: Regidrago|31/100|[from] Grassy Terrain
|-heal|p1a: Ting-Lu|83/100|[from] Grassy Terrain
|-heal|p1a: Ting-Lu|90/100|[from] item: Leftovers
|upkeep
|turn|9
|
|t:|1769380496
|switch|p2a: Jirachi|Jirachi|87/100
|-damage|p2a: Jirachi|81/100|[from] Stealth Rock
|switch|p1a: Primarina|Primarina, F|100/100
|
|-heal|p2a: Jirachi|87/100|[from] Grassy Terrain
|-heal|p2a: Jirachi|94/100|[from] item: Leftovers
|-fieldend|move: Grassy Terrain
|upkeep
|turn|10
|
|t:|1769380501
|move|p2a: Jirachi|Wish|p2a: Jirachi
|move|p1a: Primarina|Psychic Noise|p2a: Jirachi
|-resisted|p2a: Jirachi
|-crit|p2a: Jirachi
|-damage|p2a: Jirachi|87/100
|-start|p2a: Jirachi|move: Heal Block
|
|upkeep
|turn|11
|
|t:|1769380505
|move|p2a: Jirachi|Doom Desire|p1a: Primarina
|-start|p2a: Jirachi|Doom Desire
|move|p1a: Primarina|Surf|p2a: Jirachi
|-damage|p2a: Jirachi|53/100
|
|-end|p2a: Jirachi|move: Heal Block
|upkeep
|turn|12
|
|t:|1769380513
|move|p2a: Jirachi|Protect|p2a: Jirachi
|-singleturn|p2a: Jirachi|Protect
|move|p1a: Primarina|Psychic Noise|p2a: Jirachi
|-activate|p2a: Jirachi|move: Protect
|
|-heal|p2a: Jirachi|59/100|[from] item: Leftovers
|upkeep
|turn|13
|
|t:|1769380515
|move|p2a: Jirachi|Psychic Noise|p1a: Primarina
|-damage|p1a: Primarina|76/100
|-start|p1a: Primarina|move: Heal Block
|move|p1a: Primarina|Psychic Noise|p2a: Jirachi
|-resisted|p2a: Jirachi
|-damage|p2a: Jirachi|55/100
|-start|p2a: Jirachi|move: Heal Block
|
|-end|p1a: Primarina|move: Doom Desire
|-damage|p1a: Primarina|32/100
|upkeep
|turn|14
|
|t:|1769380527
|move|p2a: Jirachi|Doom Desire|p1a: Primarina
|-start|p2a: Jirachi|Doom Desire
|move|p1a: Primarina|Surf|p2a: Jirachi
|-damage|p2a: Jirachi|9/100
|
|-end|p2a: Jirachi|move: Heal Block
|-end|p1a: Primarina|move: Heal Block
|upkeep
|turn|15
|
|t:|1769380542
|switch|p1a: Moltres|Moltres|68/100
|move|p2a: Jirachi|Wish|p2a: Jirachi
|
|-heal|p2a: Jirachi|16/100|[from] item: Leftovers
|upkeep
|turn|16
|
|t:|1769380547
|move|p2a: Jirachi|Protect|p2a: Jirachi
|-singleturn|p2a: Jirachi|Protect
|move|p1a: Moltres|Flamethrower|p2a: Jirachi
|-activate|p2a: Jirachi|move: Protect
|
|-end|p1a: Moltres|move: Doom Desire
|-resisted|p1a: Moltres
|-damage|p1a: Moltres|44/100
|-heal|p2a: Jirachi|66/100|[from] move: Wish|[wisher] Jirachi
|-heal|p2a: Jirachi|72/100|[from] item: Leftovers
|upkeep
|turn|17
|
|t:|1769380559
|move|p2a: Jirachi|Psychic Noise|p1a: Moltres
|-damage|p1a: Moltres|17/100
|-start|p1a: Moltres|move: Heal Block
|move|p1a: Moltres|Flamethrower|p2a: Jirachi
|-supereffective|p2a: Jirachi
|-damage|p2a: Jirachi|28/100
|
|-heal|p2a: Jirachi|34/100|[from] item: Leftovers
|upkeep
|turn|18
|
|t:|1769380568
|move|p2a: Jirachi|Psychic Noise|p1a: Moltres
|-damage|p1a: Moltres|0 fnt
|faint|p1a: Moltres
|
|-heal|p2a: Jirachi|41/100|[from] item: Leftovers
|upkeep
|
|t:|1769380576
|switch|p1a: Dragapult|Dragapult, M|100/100
|-damage|p1a: Dragapult|88/100|[from] Stealth Rock
|turn|19
|
|t:|1769380580
|move|p2a: Jirachi|Protect|p2a: Jirachi
|-singleturn|p2a: Jirachi|Protect
|move|p1a: Dragapult|Shadow Ball|p2a: Jirachi
|-activate|p2a: Jirachi|move: Protect
|
|-heal|p2a: Jirachi|47/100|[from] item: Leftovers
|upkeep
|turn|20
|inactive|1colour has 120 seconds left.
|
|t:|1769380633
|move|p1a: Dragapult|Shadow Ball|p2a: Jirachi
|-supereffective|p2a: Jirachi
|-damage|p2a: Jirachi|0 fnt
|faint|p2a: Jirachi
|
|upkeep
|inactive|1colour has 90 seconds left.
|
|t:|1769380674
|switch|p2a: Glimmora|Glimmora, F, shiny|100/100
|-damage|p2a: Glimmora|88/100|[from] Stealth Rock
|turn|21
|
|t:|1769380682
|move|p1a: Dragapult|Shadow Ball|p2a: Glimmora
|-crit|p2a: Glimmora
|-damage|p2a: Glimmora|0 fnt
|faint|p2a: Glimmora
|
|upkeep
|inactive|1colour has 60 seconds left.
|
|t:|1769380719
|switch|p2a: Mimikyu|Mimikyu, F, shiny|100/100
|-damage|p2a: Mimikyu|88/100|[from] Stealth Rock
|turn|22
|
|t:|1769380730
|switch|p1a: Ting-Lu|Ting-Lu|90/100
|-damage|p1a: Ting-Lu|83/100|[from] Stealth Rock
|-ability|p1a: Ting-Lu|Vessel of Ruin
|move|p2a: Mimikyu|Swords Dance|p2a: Mimikyu
|-boost|p2a: Mimikyu|atk|2
|
|-heal|p1a: Ting-Lu|90/100|[from] item: Leftovers
|upkeep
|turn|23
|
|t:|1769380734
|move|p2a: Mimikyu|Play Rough|p1a: Ting-Lu
|-supereffective|p1a: Ting-Lu
|-damage|p1a: Ting-Lu|4/100
|move|p1a: Ting-Lu|Earthquake|p2a: Mimikyu
|-activate|p2a: Mimikyu|ability: Disguise
|-damage|p2a: Mimikyu|88/100
|detailschange|p2a: Mimikyu|Mimikyu-Busted, F, shiny
|-damage|p2a: Mimikyu|76/100|[from] pokemon: Mimikyu-Busted
|-enditem|p2a: Mimikyu|Red Card|[of] p1a: Ting-Lu
|drag|p1a: Iron Valiant|Iron Valiant|100/100
|-damage|p1a: Iron Valiant|94/100|[from] Stealth Rock
|-enditem|p1a: Iron Valiant|Booster Energy
|-activate|p1a: Iron Valiant|ability: Quark Drive|[fromitem]
|-start|p1a: Iron Valiant|quarkdrivespe
|
|upkeep
|turn|24
|inactive|67addict has 120 seconds left.
|
|t:|1769380778
|move|p1a: Iron Valiant|Spirit Break|p2a: Mimikyu
|-damage|p2a: Mimikyu|17/100
|-unboost|p2a: Mimikyu|spa|1
|move|p2a: Mimikyu|Shadow Claw|p1a: Iron Valiant
|-crit|p1a: Iron Valiant
|-damage|p1a: Iron Valiant|0 fnt
|faint|p1a: Iron Valiant
|-end|p1a: Iron Valiant|Quark Drive|[silent]
|
|upkeep
|
|t:|1769380793
|switch|p1a: Gholdengo|Gholdengo|79/100
|-damage|p1a: Gholdengo|73/100|[from] Stealth Rock
|turn|25
|
|t:|1769380798
|-terastallize|p1a: Gholdengo|Fighting
|move|p2a: Mimikyu|Shadow Sneak|p1a: Gholdengo
|-damage|p1a: Gholdengo|36/100
|move|p1a: Gholdengo|Shadow Ball|p2a: Mimikyu
|-supereffective|p2a: Mimikyu
|-damage|p2a: Mimikyu|0 fnt
|faint|p2a: Mimikyu
|
|upkeep
|
|t:|1769380809
|switch|p2a: Regidrago|Regidrago, tera:Dragon|31/100
|-damage|p2a: Regidrago|19/100|[from] Stealth Rock
|turn|26
|inactive|67addict has 120 seconds left.
|
|t:|1769380820
|move|p1a: Gholdengo|Shadow Ball|p2a: Regidrago
|-damage|p2a: Regidrago|0 fnt
|faint|p2a: Regidrago
|
|upkeep
|inactive|1colour has 90 seconds left.
|
|t:|1769380846
|switch|p2a: Rillaboom|Rillaboom, F|100/100
|-damage|p2a: Rillaboom|88/100|[from] Stealth Rock
|-fieldstart|move: Grassy Terrain|[from] ability: Grassy Surge|[of] p2a: Rillaboom
|turn|27
|
|t:|1769380856
|switch|p1a: Ting-Lu|Ting-Lu|4/100
|-damage|p1a: Ting-Lu|0 fnt|[from] Stealth Rock
|faint|p1a: Ting-Lu
|move|p2a: Rillaboom|Grassy Glide|p1: Ting-Lu|[notarget]
|-fail|p2a: Rillaboom
|
|-heal|p2a: Rillaboom|94/100|[from] Grassy Terrain
|upkeep
|
|t:|1769380860
|switch|p1a: Dragapult|Dragapult, M|88/100
|-damage|p1a: Dragapult|76/100|[from] Stealth Rock
|turn|28
|inactive|67addict has 120 seconds left.
|
|t:|1769380897
|move|p2a: Rillaboom|Grassy Glide|p1a: Dragapult
|-resisted|p1a: Dragapult
|-damage|p1a: Dragapult|34/100
|move|p1a: Dragapult|Draco Meteor|p2a: Rillaboom
|-damage|p2a: Rillaboom|0 fnt
|-unboost|p1a: Dragapult|spa|2
|faint|p2a: Rillaboom
|
|-heal|p1a: Dragapult|40/100|[from] Grassy Terrain
|upkeep
|
|t:|1769380905
|switch|p2a: Cinderace|Cinderace, M|100/100
|turn|29
|
|t:|1769380909
|switch|p1a: Primarina|Primarina, F|32/100
|move|p2a: Cinderace|Pyro Ball|p1a: Primarina
|-resisted|p1a: Primarina
|-damage|p1a: Primarina|0 fnt
|faint|p1a: Primarina
|
|upkeep
|inactive|67addict has 120 seconds left.
|
|t:|1769380916
|switch|p1a: Gholdengo|Gholdengo, tera:Fighting|36/100
|-damage|p1a: Gholdengo|30/100|[from] Stealth Rock
|turn|30
|
|t:|1769380926
|move|p1a: Gholdengo|Shadow Ball|p2a: Cinderace
|-damage|p2a: Cinderace|36/100
|move|p2a: Cinderace|Pyro Ball|p1a: Gholdengo
|-damage|p1a: Gholdengo|0 fnt
|faint|p1a: Gholdengo
|
|-heal|p2a: Cinderace|42/100|[from] Grassy Terrain
|upkeep
|
|t:|1769380932
|switch|p1a: Dragapult|Dragapult, M|40/100
|-damage|p1a: Dragapult|28/100|[from] Stealth Rock
|turn|31
|c|☆1colour|gg
|c|☆1colour|wp
|
|t:|1769380938
|move|p1a: Dragapult|Shadow Ball|p2a: Cinderace
|-damage|p2a: Cinderace|0 fnt
|faint|p2a: Cinderace
|
|win|67addict
|raw|67addict's rating: 1611 &rarr; <strong>1631</strong><br />(+20 for winning)
|raw|1colour's rating: 1607 &rarr; <strong>1587</strong><br />(-20 for losing)
|l|☆1colour
|player|p2|
|l|☆67addict
|player|p1|
