|j|☆NeoNaruto✈️_✈️
|j|☆yoyolord
|t:|1769430065
|gametype|singles
|player|p1|NeoNaruto✈️_✈️|medium|1581
|player|p2|yoyolord|169|1582
|gen|9
|tier|[Gen 9] OU
|rated|
|rule|HP Percentage Mod: HP is shown in percentages
|rule|Endless Battle Clause: Forcing endless battles is banned
|rule|Species Clause: Limit one of each Pokémon
|rule|OHKO Clause: OHKO moves are banned
|rule|Evasion Items Clause: Evasion items are banned
|rule|Evasion Moves Clause: Evasion moves are banned
|rule|Evasion Abilities Clause: Evasion abilities are banned
|rule|Sleep Moves Clause: Sleep-inducing moves are banned
|clearpoke
|poke|p1|Tyranitar, F|
|poke|p1|Darkrai|
|poke|p1|Staraptor, F|
|poke|p1|Garchomp, F|
|poke|p1|Torkoal, M|
|poke|p1|Dragonite, M|
|poke|p2|Volcanion|
|poke|p2|Slowking-Galar, F|
|poke|p2|Zamazenta-*|
|poke|p2|Corviknight, F|
|poke|p2|Hatterene, F|
|poke|p2|Ting-Lu|
|teampreview
|inactive|Battle timer is ON: inactive players will automatically lose when time's up. (requested by NeoNaruto✈️_✈️)
|
|t:|1769430075
|teamsize|p1|6
|teamsize|p2|6
|start
|switch|p1a: DA LAST REX(3005)|Tyranitar, F|100/100
|switch|p2a: Hatterene|Hatterene, F|100/100
|-weather|Sandstorm|[from] ability: Sand Stream|[of] p1a: DA LAST REX(3005)
|turn|1
|
|t:|1769430079
|move|p1a: DA LAST REX(3005)|Knock Off|p2a: Hatterene
|-damage|p2a: Hatterene|65/100
|-damage|p1a: DA LAST REX(3005)|84/100|[from] item: Rocky Helmet|[of] p2a: Hatterene
|-enditem|p2a: Hatterene|Rocky Helmet|[from] move: Knock Off|[of] p1a: DA LAST REX(3005)
|move|p2a: Hatterene|Nuzzle|p1a: DA LAST REX(3005)
|-damage|p1a: DA LAST REX(3005)|81/100
|-status|p1a: DA LAST REX(3005)|par
|
|-weather|Sandstorm|[upkeep]
|-damage|p2a: Hatterene|59/100|[from] Sandstorm
|upkeep
|turn|2
|
|t:|1769430081
|move|p2a: Hatterene|Pain Split|p1a: DA LAST REX(3005)
|-sethp|p1a: DA LAST REX(3005)|64/100 par|[from] move: Pain Split|[silent]
|-sethp|p2a: Hatterene|81/100|[from] move: Pain Split
|move|p1a: DA LAST REX(3005)|Heavy Slam|p2a: Hatterene
|-supereffective|p2a: Hatterene
|-damage|p2a: Hatterene|28/100
|
|-weather|Sandstorm|[upkeep]
|-damage|p2a: Hatterene|23/100|[from] Sandstorm
|upkeep
|turn|3
|
|t:|1769430087
|move|p2a: Hatterene|Draining Kiss|p1a: DA LAST REX(3005)
|-supereffective|p1a: DA LAST REX(3005)
|-damage|p1a: DA LAST REX(3005)|52/100 par
|-heal|p2a: Hatterene|34/100|[from] drain|[of] p1a: DA LAST REX(3005)
|cant|p1a: DA LAST REX(3005)|par
|
|-weather|Sandstorm|[upkeep]
|-damage|p2a: Hatterene|28/100|[from] Sandstorm
|upkeep
|turn|4
|
|t:|1769430090
|move|p2a: Hatterene|Draining Kiss|p1a: DA LAST REX(3005)
|-supereffective|p1a: DA LAST REX(3005)
|-crit|p1a: DA LAST REX(3005)
|-damage|p1a: DA LAST REX(3005)|32/100 par
|-heal|p2a: Hatterene|47/100|[from] drain|[of] p1a: DA LAST REX(3005)
|move|p1a: DA LAST REX(3005)|Heavy Slam|p2a: Hatterene
|-supereffective|p2a: Hatterene
|-damage|p2a: Hatterene|0 fnt
|faint|p2a: Hatterene
|
|-weather|Sandstorm|[upkeep]
|upkeep
|
|t:|1769430092
|switch|p2a: Volcanion|Volcanion|100/100
|turn|5
|
|t:|1769430096
|move|p2a: Volcanion|Steam Eruption|p1a: DA LAST REX(3005)
|-supereffective|p1a: DA LAST REX(3005)
|-damage|p1a: DA LAST REX(3005)|0 fnt
|faint|p1a: DA LAST REX(3005)
|
|-weather|none
|upkeep
|
|t:|1769430100
|switch|p1a: BLITZ SOME OPPS|Garchomp, F|100/100
|turn|6
|
|t:|1769430108
|move|p1a: BLITZ SOME OPPS|Stealth Rock|p2a: Volcanion
|-sidestart|p2: yoyolord|move: Stealth Rock
|move|p2a: Volcanion|Steam Eruption|p1a: BLITZ SOME OPPS
|-damage|p1a: BLITZ SOME OPPS|17/100
|
|upkeep
|turn|7
|
|t:|1769430113
|switch|p2a: Corviknight|Corviknight, F, shiny|100/100
|-damage|p2a: Corviknight|88/100|[from] Stealth Rock
|-ability|p2a: Corviknight|Pressure
|move|p1a: BLITZ SOME OPPS|Spikes|p2a: Corviknight
|-sidestart|p2: yoyolord|Spikes
|
|upkeep
|turn|8
|
|t:|1769430124
|move|p1a: BLITZ SOME OPPS|Rest|p1a: BLITZ SOME OPPS
|-status|p1a: BLITZ SOME OPPS|slp|[from] move: Rest
|-heal|p1a: BLITZ SOME OPPS|100/100 slp|[silent]
|move|p2a: Corviknight|Defog|p1a: BLITZ SOME OPPS
|-unboost|p1a: BLITZ SOME OPPS|evasion|1
|-sideend|p2: yoyolord|Spikes|[from] move: Defog|[of] p2a: Corviknight
|-sideend|p2: yoyolord|Stealth Rock|[from] move: Defog|[of] p2a: Corviknight
|
|upkeep
|turn|9
|
|t:|1769430137
|switch|p2a: Slowking|Slowking-Galar, F, shiny|100/100
|cant|p1a: BLITZ SOME OPPS|slp
|
|upkeep
|turn|10
|inactive|NeoNaruto✈️_✈️ has 120 seconds left.
|
|t:|1769430168
|switch|p1a: VODECi II|Darkrai|100/100
|move|p2a: Slowking|Trick|p1a: VODECi II
|-activate|p2a: Slowking|move: Trick|[of] p1a: VODECi II
|-item|p1a: VODECi II|Black Sludge|[from] move: Trick
|-item|p2a: Slowking|Expert Belt|[from] move: Trick
|
|-damage|p1a: VODECi II|88/100|[from] item: Black Sludge
|upkeep
|turn|11
|
|t:|1769430176
|move|p1a: VODECi II|Nasty Plot|p1a: VODECi II
|-boost|p1a: VODECi II|spa|2
|-prepare|p2a: Slowking|Chilly Reception|[premajor]
|move|p2a: Slowking|Chilly Reception|p2a: Slowking
|-weather|Snowscape
|
|t:|1769430179
|switch|p2a: Zamazenta|Zamazenta|100/100|[from] Chilly Reception
|-ability|p2a: Zamazenta|Dauntless Shield|boost
|-boost|p2a: Zamazenta|def|1
|
|-weather|Snowscape|[upkeep]
|-damage|p1a: VODECi II|76/100|[from] item: Black Sludge
|upkeep
|turn|12
|
|t:|1769430183
|switch|p1a: BLITZ SOME OPPS|Garchomp, F|100/100 slp
|move|p2a: Zamazenta|Close Combat|p1a: BLITZ SOME OPPS
|-damage|p1a: BLITZ SOME OPPS|43/100 slp
|-unboost|p2a: Zamazenta|def|1
|-unboost|p2a: Zamazenta|spd|1
|-damage|p2a: Zamazenta|88/100|[from] ability: Rough Skin|[of] p1a: BLITZ SOME OPPS
|-damage|p2a: Zamazenta|72/100|[from] item: Rocky Helmet|[of] p1a: BLITZ SOME OPPS
|
|-weather|Snowscape|[upkeep]
|upkeep
|turn|13
|
|t:|1769430186
|move|p2a: Zamazenta|Close Combat|p1a: BLITZ SOME OPPS
|-damage|p1a: BLITZ SOME OPPS|0 fnt
|-unboost|p2a: Zamazenta|def|1
|-unboost|p2a: Zamazenta|spd|1
|-damage|p2a: Zamazenta|59/100|[from] ability: Rough Skin|[of] p1a: BLITZ SOME OPPS
|-damage|p2a: Zamazenta|43/100|[from] item: Rocky Helmet|[of] p1a: BLITZ SOME OPPS
|faint|p1a: BLITZ SOME OPPS
|
|-weather|Snowscape|[upkeep]
|upkeep
|
|t:|1769430188
|switch|p1a: OVO CHUBBS|Torkoal, M|100/100
|-weather|SunnyDay|[from] ability: Drought|[of] p1a: OVO CHUBBS
|turn|14
|
|t:|1769430191
|switch|p2a: Volcanion|Volcanion|100/100
|move|p1a: OVO CHUBBS|Lava Plume|p2a: Volcanion
|-resisted|p2a: Volcanion
|-crit|p2a: Volcanion
|-damage|p2a: Volcanion|84/100
|
|-weather|SunnyDay|[upkeep]
|upkeep
|turn|15
|inactive|NeoNaruto✈️_✈️ has 120 seconds left.
|
|t:|1769430227
|switch|p1a: VODECi II|Darkrai|76/100
|move|p2a: Volcanion|Flamethrower|p1a: VODECi II
|-damage|p1a: VODECi II|0 fnt
|faint|p1a: VODECi II
|
|-weather|SunnyDay|[upkeep]
|upkeep
|
|t:|1769430230
|switch|p1a: BIRD JESUS|Staraptor, F, shiny|100/100
|turn|16
|
|t:|1769430241
|move|p1a: BIRD JESUS|Brave Bird|p2a: Volcanion
|-damage|p2a: Volcanion|0 fnt
|faint|p2a: Volcanion
|-damage|p1a: BIRD JESUS|74/100|[from] Recoil
|
|-weather|SunnyDay|[upkeep]
|upkeep
|
|t:|1769430244
|switch|p2a: Corviknight|Corviknight, F, shiny|88/100
|-ability|p2a: Corviknight|Pressure
|turn|17
|
|t:|1769430247
|switch|p1a: OVO CHUBBS|Torkoal, M|100/100
|move|p2a: Corviknight|Body Press|p1a: OVO CHUBBS
|-damage|p1a: OVO CHUBBS|85/100
|
|-weather|SunnyDay|[upkeep]
|upkeep
|turn|18
|
|t:|1769430249
|switch|p2a: Slowking|Slowking-Galar, F, shiny|100/100
|move|p1a: OVO CHUBBS|Lava Plume|p2a: Slowking
|-damage|p2a: Slowking|72/100
|
|-weather|none
|upkeep
|turn|19
|
|t:|1769430254
|move|p1a: OVO CHUBBS|Lava Plume|p2a: Slowking
|-damage|p2a: Slowking|55/100
|move|p2a: Slowking|Sludge Bomb|p1a: OVO CHUBBS
|-damage|p1a: OVO CHUBBS|43/100
|
|upkeep
|turn|20
|
|t:|1769430257
|move|p1a: OVO CHUBBS|Lava Plume|p2a: Slowking
|-damage|p2a: Slowking|35/100
|move|p2a: Slowking|Sludge Bomb|p1a: OVO CHUBBS
|-damage|p1a: OVO CHUBBS|0 fnt
|faint|p1a: OVO CHUBBS
|
|upkeep
|
|t:|1769430258
|switch|p1a: BIRD JESUS|Staraptor, F, shiny|74/100
|turn|21
|
|t:|1769430261
|move|p1a: BIRD JESUS|Brave Bird|p2a: Slowking
|-damage|p2a: Slowking|0 fnt
|faint|p2a: Slowking
|-damage|p1a: BIRD JESUS|59/100|[from] Recoil
|
|upkeep
|
|t:|1769430262
|switch|p2a: Corviknight|Corviknight, F, shiny|88/100
|-ability|p2a: Corviknight|Pressure
|turn|22
|
|t:|1769430264
|move|p1a: BIRD JESUS|Brave Bird|p2a: Corviknight
|-resisted|p2a: Corviknight
|-damage|p2a: Corviknight|54/100
|-damage|p1a: BIRD JESUS|43/100|[from] item: Rocky Helmet|[of] p2a: Corviknight
|-damage|p1a: BIRD JESUS|28/100|[from] Recoil
|move|p2a: Corviknight|Iron Defense|p2a: Corviknight
|-boost|p2a: Corviknight|def|2
|
|upkeep
|turn|23
|
|t:|1769430267
|move|p1a: BIRD JESUS|Brave Bird|p2a: Corviknight
|-resisted|p2a: Corviknight
|-damage|p2a: Corviknight|37/100
|-damage|p1a: BIRD JESUS|11/100|[from] item: Rocky Helmet|[of] p2a: Corviknight
|-damage|p1a: BIRD JESUS|4/100|[from] Recoil
|move|p2a: Corviknight|Roost|p2a: Corviknight
|-heal|p2a: Corviknight|87/100
|-singleturn|p2a: Corviknight|move: Roost
|
|upkeep
|turn|24
|
|t:|1769430269
|move|p1a: BIRD JESUS|Brave Bird|p2a: Corviknight
|-resisted|p2a: Corviknight
|-damage|p2a: Corviknight|69/100
|-damage|p1a: BIRD JESUS|0 fnt|[from] item: Rocky Helmet|[of] p2a: Corviknight
|faint|p1a: BIRD JESUS
|move|p2a: Corviknight|Body Press|p1: BIRD JESUS|[notarget]
|-fail|p2a: Corviknight
|
|upkeep
|
|t:|1769430272
|switch|p1a: FAT CHARIZARD|Dragonite, M, shiny|100/100
|turn|25
|
|t:|1769430284
|move|p1a: FAT CHARIZARD|Dragon Dance|p1a: FAT CHARIZARD
|-boost|p1a: FAT CHARIZARD|atk|1
|-boost|p1a: FAT CHARIZARD|spe|1
|move|p2a: Corviknight|Iron Defense|p2a: Corviknight
|-boost|p2a: Corviknight|def|2
|
|upkeep
|turn|26
|
|t:|1769430286
|move|p1a: FAT CHARIZARD|Dragon Dance|p1a: FAT CHARIZARD
|-boost|p1a: FAT CHARIZARD|atk|1
|-boost|p1a: FAT CHARIZARD|spe|1
|move|p2a: Corviknight|Iron Defense|p2a: Corviknight
|-boost|p2a: Corviknight|def|2
|
|upkeep
|turn|27
|
|t:|1769430288
|move|p1a: FAT CHARIZARD|Dragon Dance|p1a: FAT CHARIZARD
|-boost|p1a: FAT CHARIZARD|atk|1
|-boost|p1a: FAT CHARIZARD|spe|1
|move|p2a: Corviknight|Body Press|p1a: FAT CHARIZARD
|-resisted|p1a: FAT CHARIZARD
|-damage|p1a: FAT CHARIZARD|73/100
|
|upkeep
|turn|28
|inactive|NeoNaruto✈️_✈️ has 120 seconds left.
|inactive|NeoNaruto✈️_✈️ has 90 seconds left.
|
|t:|1769430348
|move|p1a: FAT CHARIZARD|Fire Punch|p2a: Corviknight
|-supereffective|p2a: Corviknight
|-damage|p2a: Corviknight|49/100
|-damage|p1a: FAT CHARIZARD|57/100|[from] item: Rocky Helmet|[of] p2a: Corviknight
|move|p2a: Corviknight|Body Press|p1a: FAT CHARIZARD
|-resisted|p1a: FAT CHARIZARD
|-damage|p1a: FAT CHARIZARD|0 fnt
|faint|p1a: FAT CHARIZARD
|
|win|yoyolord
|raw|NeoNaruto✈️_✈️'s rating: 1581 &rarr; <strong>1561</strong><br />(-20 for losing)
|raw|yoyolord's rating: 1582 &rarr; <strong>1602</strong><br />(+20 for winning)
|l|☆NeoNaruto✈️_✈️
|player|p1|
