|j|☆Dark-J-K_78
|j|☆OP Sand
|t:|1769337920
|gametype|singles
|player|p1|Dark-J-K_78|n|1584
|player|p2|OP Sand|giovanni-masters|1628
|gen|9
|tier|[Gen 9] OU
|rated|
|rule|HP Percentage Mod: HP is shown in percentages
|rule|Endless Battle Clause: Forcing endless battles is banned
|rule|Species Clause: Limit one of each Pokémon
|rule|OHKO Clause: OHKO moves are banned
|rule|Evasion Items Clause: Evasion items are banned
|rule|Evasion Moves Clause: Evasion moves are banned
|rule|Evasion Abilities Clause: Evasion abilities are banned
|rule|Sleep Moves Clause: Sleep-inducing moves are banned
|clearpoke
|poke|p1|Samurott-Hisui, F|
|poke|p1|Iron Valiant|
|poke|p1|Goodra-Hisui, M|
|poke|p1|Mimikyu, M|
|poke|p1|Iron Treads|
|poke|p1|Zapdos|
|poke|p2|Excadrill, M|
|poke|p2|Tyranitar, F|
|poke|p2|Kyurem|
|poke|p2|Hawlucha, F|
|poke|p2|Pawmot, F|
|poke|p2|Dudunsparce-*, M|
|teampreview
|inactive|Battle timer is ON: inactive players will automatically lose when time's up. (requested by OP Sand)
|
|t:|1769337941
|teamsize|p1|6
|teamsize|p2|6
|start
|switch|p1a: Iron Valiant|Iron Valiant|100/100
|switch|p2a: Luck Voltia|Dudunsparce, M|100/100
|turn|1
|-activate|p2a: Luck Voltia|item: Quick Claw
|
|t:|1769337956
|-end|p1a: Iron Valiant|Quark Drive|[silent]
|switch|p1a: Iron Treads|Iron Treads|100/100
|move|p2a: Luck Voltia|Glare|p1a: Iron Treads
|-status|p1a: Iron Treads|par
|
|upkeep
|turn|2
|
|t:|1769337963
|switch|p2a: Frieza|Kyurem, shiny|100/100
|-ability|p2a: Frieza|Pressure
|move|p1a: Iron Treads|Stealth Rock|p2a: Frieza
|-sidestart|p2: OP Sand|move: Stealth Rock
|
|upkeep
|turn|3
|
|t:|1769337969
|move|p2a: Frieza|Earth Power|p1a: Iron Treads
|-supereffective|p1a: Iron Treads
|-damage|p1a: Iron Treads|11/100 par
|move|p1a: Iron Treads|Volt Switch|p2a: Frieza
|-resisted|p2a: Frieza
|-damage|p2a: Frieza|96/100
|
|t:|1769337975
|-end|p1a: Iron Treads|Quark Drive|[silent]
|switch|p1a: Iron Valiant|Iron Valiant|100/100|[from] Volt Switch
|
|upkeep
|turn|4
|
|t:|1769337986
|switch|p2a: Luck Voltia|Dudunsparce, M|100/100
|-damage|p2a: Luck Voltia|88/100|[from] Stealth Rock
|move|p1a: Iron Valiant|Close Combat|p2a: Luck Voltia
|-supereffective|p2a: Luck Voltia
|-damage|p2a: Luck Voltia|3/100
|-unboost|p1a: Iron Valiant|def|1
|-unboost|p1a: Iron Valiant|spd|1
|
|upkeep
|turn|5
|-activate|p2a: Luck Voltia|item: Quick Claw
|
|t:|1769337992
|move|p2a: Luck Voltia|Glare|p1a: Iron Valiant
|-status|p1a: Iron Valiant|par
|cant|p1a: Iron Valiant|par
|
|upkeep
|turn|6
|
|t:|1769337999
|cant|p1a: Iron Valiant|par
|move|p2a: Luck Voltia|Roost|p2a: Luck Voltia
|-heal|p2a: Luck Voltia|53/100
|-singleturn|p2a: Luck Voltia|move: Roost
|
|upkeep
|turn|7
|c|☆OP Sand|Lol
|inactive|OP Sand has 120 seconds left.
|
|t:|1769338039
|-terastallize|p2a: Luck Voltia|Poison
|move|p1a: Iron Valiant|Close Combat|p2a: Luck Voltia
|-resisted|p2a: Luck Voltia
|-damage|p2a: Luck Voltia|34/100
|-unboost|p1a: Iron Valiant|def|1
|-unboost|p1a: Iron Valiant|spd|1
|move|p2a: Luck Voltia|Coil|p2a: Luck Voltia
|-boost|p2a: Luck Voltia|atk|1
|-boost|p2a: Luck Voltia|def|1
|-boost|p2a: Luck Voltia|accuracy|1
|
|upkeep
|turn|8
|c|☆Dark-J-K_78|I dont want to suffer you won gg
|-message|Dark-J-K_78 forfeited.
|
|win|OP Sand
|raw|Dark-J-K_78's rating: 1584 &rarr; <strong>1567</strong><br />(-17 for losing)
|raw|OP Sand's rating: 1628 &rarr; <strong>1645</strong><br />(+17 for winning)
|l|☆Dark-J-K_78
|player|p1|
