|j|☆sveddy
|j|☆1337muffin1337
|t:|1769416190
|gametype|singles
|player|p1|sveddy|1|1112
|player|p2|1337muffin1337|misty|1154
|gen|9
|tier|[Gen 9] OU
|rated|
|rule|HP Percentage Mod: HP is shown in percentages
|rule|Endless Battle Clause: Forcing endless battles is banned
|rule|Species Clause: Limit one of each Pokémon
|rule|OHKO Clause: OHKO moves are banned
|rule|Evasion Items Clause: Evasion items are banned
|rule|Evasion Moves Clause: Evasion moves are banned
|rule|Evasion Abilities Clause: Evasion abilities are banned
|rule|Sleep Moves Clause: Sleep-inducing moves are banned
|clearpoke
|poke|p1|Zapdos-Galar|
|poke|p1|Jirachi|
|poke|p1|Latias, F|
|poke|p1|Fezandipiti, M|
|poke|p1|Torterra, M|
|poke|p1|Arcanine, F|
|poke|p2|Volcanion|
|poke|p2|Venusaur, F|
|poke|p2|Espeon, F|
|poke|p2|Darkrai|
|poke|p2|Iron Treads|
|poke|p2|Conkeldurr, M|
|teampreview
|inactive|Battle timer is ON: inactive players will automatically lose when time's up. (requested by sveddy)
|
|t:|1769416207
|teamsize|p1|6
|teamsize|p2|6
|start
|switch|p1a: Torterra|Torterra, M|100/100
|switch|p2a: Espeon|Espeon, F|100/100
|turn|1
|
|t:|1769416217
|move|p2a: Espeon|Calm Mind|p2a: Espeon
|-boost|p2a: Espeon|spa|1
|-boost|p2a: Espeon|spd|1
|move|p1a: Torterra|Shell Smash|p1a: Torterra
|-unboost|p1a: Torterra|def|1
|-unboost|p1a: Torterra|spd|1
|-boost|p1a: Torterra|atk|2
|-boost|p1a: Torterra|spa|2
|-boost|p1a: Torterra|spe|2
|-enditem|p1a: Torterra|White Herb
|-clearnegativeboost|p1a: Torterra|[silent]
|
|upkeep
|turn|2
|
|t:|1769416230
|move|p1a: Torterra|Earth Power|p2a: Espeon
|-damage|p2a: Espeon|42/100
|-unboost|p2a: Espeon|spd|1
|move|p2a: Espeon|Psychic|p1a: Torterra
|-damage|p1a: Torterra|1/100
|-damage|p2a: Espeon|32/100|[from] item: Life Orb
|
|upkeep
|turn|3
|
|t:|1769416241
|switch|p2a: Conkeldurr|Conkeldurr, M|100/100
|move|p1a: Torterra|Giga Drain|p2a: Conkeldurr
|-crit|p2a: Conkeldurr
|-damage|p2a: Conkeldurr|3/100
|-heal|p1a: Torterra|62/100|[from] drain|[of] p2a: Conkeldurr
|
|upkeep
|turn|4
|
|t:|1769416249
|move|p2a: Conkeldurr|Mach Punch|p1a: Torterra
|-damage|p1a: Torterra|31/100
|move|p1a: Torterra|Giga Drain|p2a: Conkeldurr
|-damage|p2a: Conkeldurr|0 fnt
|-heal|p1a: Torterra|33/100|[from] drain|[of] p2a: Conkeldurr
|faint|p2a: Conkeldurr
|
|upkeep
|
|t:|1769416257
|switch|p2a: Iron Treads|Iron Treads|100/100
|-enditem|p2a: Iron Treads|Booster Energy
|-activate|p2a: Iron Treads|ability: Quark Drive|[fromitem]
|-start|p2a: Iron Treads|quarkdrivespe
|turn|5
|
|t:|1769416265
|move|p2a: Iron Treads|Earthquake|p1a: Torterra
|-resisted|p1a: Torterra
|-damage|p1a: Torterra|11/100
|move|p1a: Torterra|Earth Power|p2a: Iron Treads
|-supereffective|p2a: Iron Treads
|-damage|p2a: Iron Treads|0 fnt
|faint|p2a: Iron Treads
|-end|p2a: Iron Treads|Quark Drive|[silent]
|
|upkeep
|
|t:|1769416279
|switch|p2a: Venusaur|Venusaur, F, shiny|100/100
|turn|6
|
|t:|1769416284
|-terastallize|p1a: Torterra|Ice
|move|p1a: Torterra|Tera Blast|p2a: Venusaur|[anim] Tera Blast Ice
|-supereffective|p2a: Venusaur
|-damage|p2a: Venusaur|0 fnt
|faint|p2a: Venusaur
|
|upkeep
|-message|1337muffin1337 forfeited.
|
|win|sveddy
|raw|sveddy's rating: 1112 &rarr; <strong>1140</strong><br />(+28 for winning)
|raw|1337muffin1337's rating: 1154 &rarr; <strong>1126</strong><br />(-28 for losing)
|l|☆1337muffin1337
|player|p2|
