|j|☆firecharmander004
|j|☆Audio Peel
|t:|1769299268
|gametype|singles
|player|p1|firecharmander004|101|1571
|player|p2|Audio Peel|fisherman-gen4|1825
|gen|9
|tier|[Gen 9] OU
|rated|
|rule|HP Percentage Mod: HP is shown in percentages
|rule|Endless Battle Clause: Forcing endless battles is banned
|rule|Species Clause: Limit one of each Pokémon
|rule|OHKO Clause: OHKO moves are banned
|rule|Evasion Items Clause: Evasion items are banned
|rule|Evasion Moves Clause: Evasion moves are banned
|rule|Evasion Abilities Clause: Evasion abilities are banned
|rule|Sleep Moves Clause: Sleep-inducing moves are banned
|clearpoke
|poke|p1|Charizard, F|
|poke|p1|Walking Wake|
|poke|p1|Hatterene, F|
|poke|p1|Venusaur, M|
|poke|p1|Great Tusk|
|poke|p1|Ninetales, F|
|poke|p2|Zamazenta-*|
|poke|p2|Hatterene, F|
|poke|p2|Iron Treads|
|poke|p2|Zapdos|
|poke|p2|Samurott-Hisui, M|
|poke|p2|Pecharunt|
|teampreview
|inactive|Battle timer is ON: inactive players will automatically lose when time's up. (requested by Audio Peel)
|inactive|firecharmander004 also wants the timer to be on.
|
|t:|1769299295
|teamsize|p1|6
|teamsize|p2|6
|start
|switch|p1a: Ninetales|Ninetales, F|100/100
|switch|p2a: Hatterene|Hatterene, F|100/100
|-weather|SunnyDay|[from] ability: Drought|[of] p1a: Ninetales
|turn|1
|
|t:|1769299304
|switch|p1a: Hatterene|Hatterene, F|100/100
|switch|p2a: Samurott|Samurott-Hisui, M, shiny|100/100
|
|-weather|SunnyDay|[upkeep]
|upkeep
|turn|2
|
|t:|1769299312
|move|p2a: Samurott|Ceaseless Edge|p1a: Hatterene
|-crit|p1a: Hatterene
|-damage|p1a: Hatterene|14/100
|-sidestart|p1: firecharmander004|Spikes
|-enditem|p1a: Hatterene|Eject Button
|
|t:|1769299319
|switch|p1a: Venusaur|Venusaur, M|100/100
|-damage|p1a: Venusaur|88/100|[from] Spikes
|
|-weather|SunnyDay|[upkeep]
|upkeep
|turn|3
|
|t:|1769299323
|move|p1a: Venusaur|Giga Drain|p2a: Samurott
|-supereffective|p2a: Samurott
|-damage|p2a: Samurott|0 fnt
|-heal|p1a: Venusaur|100/100|[from] drain|[of] p2a: Samurott
|faint|p2a: Samurott
|-damage|p1a: Venusaur|91/100|[from] item: Life Orb
|
|-weather|SunnyDay|[upkeep]
|upkeep
|
|t:|1769299329
|switch|p2a: Zapdos|Zapdos, shiny|100/100
|turn|4
|
|t:|1769299333
|switch|p1a: Hatterene|Hatterene, F|14/100
|-damage|p1a: Hatterene|1/100|[from] Spikes
|move|p2a: Zapdos|Heat Wave|p1a: Hatterene
|-damage|p1a: Hatterene|0 fnt
|faint|p1a: Hatterene
|
|-weather|SunnyDay|[upkeep]
|upkeep
|
|t:|1769299339
|switch|p1a: Charizard|Charizard, F|100/100
|turn|5
|
|t:|1769299347
|move|p1a: Charizard|Weather Ball|p2a: Zapdos
|-damage|p2a: Zapdos|0 fnt
|faint|p2a: Zapdos
|
|-weather|SunnyDay|[upkeep]
|-damage|p1a: Charizard|88/100|[from] ability: Solar Power|[of] p1a: Charizard
|upkeep
|
|t:|1769299352
|switch|p2a: Zamazenta|Zamazenta|100/100
|-ability|p2a: Zamazenta|Dauntless Shield|boost
|-boost|p2a: Zamazenta|def|1
|turn|6
|
|t:|1769299363
|move|p2a: Zamazenta|Close Combat|p1a: Charizard
|-resisted|p1a: Charizard
|-damage|p1a: Charizard|48/100
|-unboost|p2a: Zamazenta|def|1
|-unboost|p2a: Zamazenta|spd|1
|move|p1a: Charizard|Weather Ball|p2a: Zamazenta
|-damage|p2a: Zamazenta|0 fnt
|faint|p2a: Zamazenta
|
|-weather|SunnyDay|[upkeep]
|-damage|p1a: Charizard|35/100|[from] ability: Solar Power|[of] p1a: Charizard
|upkeep
|
|t:|1769299367
|switch|p2a: Hatterene|Hatterene, F|100/100
|turn|7
|
|t:|1769299369
|-terastallize|p2a: Hatterene|Water
|move|p1a: Charizard|Weather Ball|p2a: Hatterene
|-resisted|p2a: Hatterene
|-damage|p2a: Hatterene|49/100
|move|p2a: Hatterene|Draining Kiss|p1a: Charizard
|-resisted|p1a: Charizard
|-damage|p1a: Charizard|17/100
|-heal|p2a: Hatterene|62/100|[from] drain|[of] p1a: Charizard
|
|-weather|SunnyDay|[upkeep]
|-damage|p1a: Charizard|5/100|[from] ability: Solar Power|[of] p1a: Charizard
|upkeep
|turn|8
|
|t:|1769299379
|switch|p2a: Iron Treads|Iron Treads, shiny|100/100
|-item|p2a: Iron Treads|Air Balloon
|move|p1a: Charizard|Weather Ball|p2a: Iron Treads
|-supereffective|p2a: Iron Treads
|-damage|p2a: Iron Treads|0 fnt
|-enditem|p2a: Iron Treads|Air Balloon
|faint|p2a: Iron Treads
|-end|p2a: Iron Treads|Quark Drive|[silent]
|
|-weather|none
|upkeep
|
|t:|1769299385
|switch|p2a: Hatterene|Hatterene, F, tera:Water|62/100
|turn|9
|
|t:|1769299387
|switch|p1a: Ninetales|Ninetales, F|100/100
|-damage|p1a: Ninetales|88/100|[from] Spikes
|-weather|SunnyDay|[from] ability: Drought|[of] p1a: Ninetales
|move|p2a: Hatterene|Draining Kiss|p1a: Ninetales
|-resisted|p1a: Ninetales
|-damage|p1a: Ninetales|75/100
|-heal|p2a: Hatterene|72/100|[from] drain|[of] p1a: Ninetales
|
|-weather|SunnyDay|[upkeep]
|upkeep
|turn|10
|
|t:|1769299406
|move|p1a: Ninetales|Encore|p2a: Hatterene
|move|p2a: Hatterene|Encore||[from] ability: Magic Bounce|[still]
|-fail|p2a: Hatterene
|move|p2a: Hatterene|Draining Kiss|p1a: Ninetales
|-resisted|p1a: Ninetales
|-damage|p1a: Ninetales|63/100
|-heal|p2a: Hatterene|82/100|[from] drain|[of] p1a: Ninetales
|
|-weather|SunnyDay|[upkeep]
|upkeep
|turn|11
|
|t:|1769299411
|switch|p1a: Venusaur|Venusaur, M|91/100
|-damage|p1a: Venusaur|78/100|[from] Spikes
|move|p2a: Hatterene|Draining Kiss|p1a: Venusaur
|-resisted|p1a: Venusaur
|-damage|p1a: Venusaur|62/100
|-heal|p2a: Hatterene|94/100|[from] drain|[of] p1a: Venusaur
|
|-weather|SunnyDay|[upkeep]
|upkeep
|turn|12
|
|t:|1769299416
|switch|p2a: Pecharunt|Pecharunt|100/100
|move|p1a: Venusaur|Growth|p1a: Venusaur
|-boost|p1a: Venusaur|atk|2
|-boost|p1a: Venusaur|spa|2
|
|-weather|SunnyDay|[upkeep]
|upkeep
|turn|13
|
|t:|1769299418
|move|p1a: Venusaur|Weather Ball|p2a: Pecharunt
|-damage|p2a: Pecharunt|0 fnt
|faint|p2a: Pecharunt
|-damage|p1a: Venusaur|52/100|[from] item: Life Orb
|
|-weather|SunnyDay|[upkeep]
|upkeep
|
|t:|1769299420
|switch|p2a: Hatterene|Hatterene, F, tera:Water|94/100
|turn|14
|
|t:|1769299422
|move|p1a: Venusaur|Giga Drain|p2a: Hatterene
|-supereffective|p2a: Hatterene
|-damage|p2a: Hatterene|0 fnt
|-heal|p1a: Venusaur|100/100|[from] drain|[of] p2a: Hatterene
|faint|p2a: Hatterene
|-damage|p1a: Venusaur|91/100|[from] item: Life Orb
|
|win|firecharmander004
|raw|firecharmander004's rating: 1571 &rarr; <strong>1603</strong><br />(+32 for winning)
|raw|Audio Peel's rating: 1825 &rarr; <strong>1793</strong><br />(-32 for losing)
|l|☆Audio Peel
|player|p2|
|l|☆firecharmander004
|player|p1|
