|j|☆starrynight2255
|j|☆sir lancenot
|t:|1769393453
|gametype|singles
|player|p1|starrynight2255|169|1195
|player|p2|sir lancenot|lance|1163
|gen|9
|tier|[Gen 9] OU
|rated|
|rule|HP Percentage Mod: HP is shown in percentages
|rule|Endless Battle Clause: Forcing endless battles is banned
|rule|Species Clause: Limit one of each Pokémon
|rule|OHKO Clause: OHKO moves are banned
|rule|Evasion Items Clause: Evasion items are banned
|rule|Evasion Moves Clause: Evasion moves are banned
|rule|Evasion Abilities Clause: Evasion abilities are banned
|rule|Sleep Moves Clause: Sleep-inducing moves are banned
|clearpoke
|poke|p1|Ceruledge, M|
|poke|p1|Landorus-Therian, M|
|poke|p1|Corviknight, M|
|poke|p1|Hoopa-Unbound|
|poke|p1|Slowking-Galar, M|
|poke|p1|Ogerpon-Wellspring, F|
|poke|p2|Garchomp, M|
|poke|p2|Altaria, M|
|poke|p2|Gyarados, M|
|poke|p2|Charizard, M|
|poke|p2|Salamence, M|
|poke|p2|Dragonite, M|
|teampreview
|inactive|Battle timer is ON: inactive players will automatically lose when time's up. (requested by sir lancenot)
|
|t:|1769393467
|teamsize|p1|6
|teamsize|p2|6
|start
|switch|p1a: Landorus|Landorus-Therian, M|100/100
|switch|p2a: Garchomp|Garchomp, M|100/100
|-ability|p1a: Landorus|Intimidate|boost
|-unboost|p2a: Garchomp|atk|1
|turn|1
|
|t:|1769393475
|move|p1a: Landorus|Stealth Rock|p2a: Garchomp
|-sidestart|p2: sir lancenot|move: Stealth Rock
|move|p2a: Garchomp|Stealth Rock|p1a: Landorus
|-sidestart|p1: starrynight2255|move: Stealth Rock
|
|upkeep
|turn|2
|
|t:|1769393480
|move|p1a: Landorus|Earthquake|p2a: Garchomp
|-crit|p2a: Garchomp
|-damage|p2a: Garchomp|49/100
|move|p2a: Garchomp|Spikes|p1a: Landorus
|-sidestart|p1: starrynight2255|Spikes
|
|upkeep
|turn|3
|
|t:|1769393498
|switch|p2a: Altaria|Altaria, M|100/100
|move|p1a: Landorus|Earthquake|p2a: Altaria
|-immune|p2a: Altaria
|
|upkeep
|turn|4
|
|t:|1769393516
|move|p1a: Landorus|Smack Down|p2a: Altaria
|-supereffective|p2a: Altaria
|-damage|p2a: Altaria|64/100
|-start|p2a: Altaria|Smack Down
|move|p2a: Altaria|Defog|p1a: Landorus
|-unboost|p1a: Landorus|evasion|1
|-sideend|p1: starrynight2255|Spikes|[from] move: Defog|[of] p2a: Altaria
|-sideend|p1: starrynight2255|Stealth Rock|[from] move: Defog|[of] p2a: Altaria
|-sideend|p2: sir lancenot|Stealth Rock|[from] move: Defog|[of] p2a: Altaria
|
|upkeep
|turn|5
|
|t:|1769393533
|move|p1a: Landorus|Stealth Rock|p2a: Altaria
|-sidestart|p2: sir lancenot|move: Stealth Rock
|move|p2a: Altaria|Will-O-Wisp|p1a: Landorus
|-status|p1a: Landorus|brn
|
|-damage|p1a: Landorus|94/100 brn|[from] brn
|upkeep
|turn|6
|
|t:|1769393548
|move|p1a: Landorus|Earthquake|p2a: Altaria
|-damage|p2a: Altaria|35/100
|move|p2a: Altaria|Defog|p1a: Landorus
|-unboost|p1a: Landorus|evasion|1
|-sideend|p2: sir lancenot|Stealth Rock|[from] move: Defog|[of] p2a: Altaria
|
|-damage|p1a: Landorus|88/100 brn|[from] brn
|upkeep
|turn|7
|
|t:|1769393567
|move|p1a: Landorus|Stealth Rock|p2a: Altaria
|-sidestart|p2: sir lancenot|move: Stealth Rock
|move|p2a: Altaria|Roost|p2a: Altaria
|-heal|p2a: Altaria|85/100
|-singleturn|p2a: Altaria|move: Roost
|
|-damage|p1a: Landorus|82/100 brn|[from] brn
|upkeep
|turn|8
|
|t:|1769393577
|move|p1a: Landorus|U-turn|p2a: Altaria
|-resisted|p2a: Altaria
|-damage|p2a: Altaria|79/100
|
|t:|1769393583
|switch|p1a: Ceruledge|Ceruledge, M|100/100|[from] U-turn
|move|p2a: Altaria|Defog|p1a: Ceruledge
|-unboost|p1a: Ceruledge|evasion|1
|-sideend|p2: sir lancenot|Stealth Rock|[from] move: Defog|[of] p2a: Altaria
|
|upkeep
|turn|9
|
|t:|1769393592
|move|p1a: Ceruledge|Swords Dance|p1a: Ceruledge
|-boost|p1a: Ceruledge|atk|2
|move|p2a: Altaria|Brave Bird|p1a: Ceruledge
|-damage|p1a: Ceruledge|57/100
|-ability|p1a: Ceruledge|Weak Armor|boost
|-unboost|p1a: Ceruledge|def|1
|-boost|p1a: Ceruledge|spe|2
|-damage|p2a: Altaria|67/100|[from] Recoil
|
|upkeep
|turn|10
|
|t:|1769393603
|move|p1a: Ceruledge|Poltergeist|p2a: Altaria
|-activate|p2a: Altaria|move: Poltergeist|Heavy-Duty Boots
|-damage|p2a: Altaria|0 fnt
|faint|p2a: Altaria
|-damage|p1a: Ceruledge|47/100|[from] item: Life Orb
|
|upkeep
|
|t:|1769393610
|switch|p2a: Garchomp|Garchomp, M|49/100
|turn|11
|inactive|starrynight2255 has 120 seconds left.
|
|t:|1769393649
|-terastallize|p1a: Ceruledge|Fire
|move|p1a: Ceruledge|Bitter Blade|p2a: Garchomp
|-resisted|p2a: Garchomp
|-damage|p2a: Garchomp|0 fnt
|-heal|p1a: Ceruledge|80/100|[from] drain|[of] p2a: Garchomp
|-damage|p1a: Ceruledge|68/100|[from] ability: Rough Skin|[of] p2a: Garchomp
|-damage|p1a: Ceruledge|52/100|[from] item: Rocky Helmet|[of] p2a: Garchomp
|faint|p2a: Garchomp
|-damage|p1a: Ceruledge|42/100|[from] item: Life Orb
|
|upkeep
|
|t:|1769393659
|switch|p2a: Gyarados|Gyarados, M, shiny|100/100
|-ability|p2a: Gyarados|Intimidate|boost
|-unboost|p1a: Ceruledge|atk|1
|turn|12
|
|t:|1769393667
|move|p1a: Ceruledge|Poltergeist|p2a: Gyarados
|-activate|p2a: Gyarados|move: Poltergeist|Loaded Dice
|-damage|p2a: Gyarados|0 fnt
|faint|p2a: Gyarados
|-damage|p1a: Ceruledge|32/100|[from] item: Life Orb
|
|upkeep
|
|t:|1769393678
|switch|p2a: Charizard|Charizard, M|100/100
|turn|13
|
|t:|1769393685
|move|p1a: Ceruledge|Poltergeist|p2a: Charizard
|-activate|p2a: Charizard|move: Poltergeist|Heavy-Duty Boots
|-damage|p2a: Charizard|0 fnt
|faint|p2a: Charizard
|-damage|p1a: Ceruledge|22/100|[from] item: Life Orb
|
|upkeep
|
|t:|1769393693
|switch|p2a: Salamence|Salamence, M|100/100
|turn|14
|
|t:|1769393699
|move|p1a: Ceruledge|Poltergeist|p2a: Salamence
|-activate|p2a: Salamence|move: Poltergeist|Life Orb
|-damage|p2a: Salamence|0 fnt
|faint|p2a: Salamence
|-damage|p1a: Ceruledge|12/100|[from] item: Life Orb
|
|upkeep
|
|t:|1769393706
|switch|p2a: Dragonite|Dragonite, M|100/100
|turn|15
|
|t:|1769393709
|move|p2a: Dragonite|Extreme Speed|p1a: Ceruledge
|-damage|p1a: Ceruledge|0 fnt
|faint|p1a: Ceruledge
|-damage|p2a: Dragonite|91/100|[from] item: Life Orb
|
|upkeep
|
|t:|1769393719
|switch|p1a: Hoopa|Hoopa-Unbound|100/100
|turn|16
|
|t:|1769393729
|move|p2a: Dragonite|Extreme Speed|p1a: Hoopa
|-damage|p1a: Hoopa|39/100
|-damage|p2a: Dragonite|81/100|[from] item: Life Orb
|move|p1a: Hoopa|Knock Off|p2a: Dragonite
|-damage|p2a: Dragonite|12/100
|-enditem|p2a: Dragonite|Life Orb|[from] move: Knock Off|[of] p1a: Hoopa
|
|upkeep
|turn|17
|
|t:|1769393739
|switch|p1a: Corviknight|Corviknight, M|100/100
|-ability|p1a: Corviknight|Pressure
|move|p2a: Dragonite|Extreme Speed|p1a: Corviknight
|-resisted|p1a: Corviknight
|-damage|p1a: Corviknight|90/100
|-damage|p2a: Dragonite|0 fnt|[from] item: Rocky Helmet|[of] p1a: Corviknight
|faint|p2a: Dragonite
|
|win|starrynight2255
|raw|starrynight2255's rating: 1195 &rarr; <strong>1218</strong><br />(+23 for winning)
|raw|sir lancenot's rating: 1163 &rarr; <strong>1140</strong><br />(-23 for losing)
|l|☆sir lancenot
|player|p2|
