|j|☆I'm evil and spicy
|j|‽ultimatewin789
|t:|1769444526
|gametype|singles
|player|p1|I'm evil and spicy|elesa|1500
|player|p2|ultimatewin789|dawn-gen4pt|1493
|gen|9
|tier|[Gen 9] OU
|rated|
|rule|HP Percentage Mod: HP is shown in percentages
|rule|Endless Battle Clause: Forcing endless battles is banned
|rule|Species Clause: Limit one of each Pokémon
|rule|OHKO Clause: OHKO moves are banned
|rule|Evasion Items Clause: Evasion items are banned
|rule|Evasion Moves Clause: Evasion moves are banned
|rule|Evasion Abilities Clause: Evasion abilities are banned
|rule|Sleep Moves Clause: Sleep-inducing moves are banned
|clearpoke
|poke|p1|Ninetales-Alola, F|
|poke|p1|Frosmoth, F|
|poke|p1|Great Tusk|
|poke|p1|Hatterene, F|
|poke|p1|Gholdengo|
|poke|p1|Ceruledge, M|
|poke|p2|Iron Hands|
|poke|p2|Glimmora, M|
|poke|p2|Landorus-Therian, M|
|poke|p2|Dragapult, M|
|poke|p2|Primarina, M|
|poke|p2|Kingambit, F|
|teampreview
|inactive|Battle timer is ON: inactive players will automatically lose when time's up. (requested by ultimatewin789)
|
|t:|1769444544
|teamsize|p1|6
|teamsize|p2|6
|start
|switch|p1a: Ninetales|Ninetales-Alola, F|100/100
|switch|p2a: Glimmora|Glimmora, M|100/100
|-weather|Snowscape|[from] ability: Snow Warning|[of] p1a: Ninetales
|turn|1
|
|t:|1769444554
|move|p2a: Glimmora|Sludge Wave|p1a: Ninetales
|-supereffective|p1a: Ninetales
|-damage|p1a: Ninetales|2/100
|move|p1a: Ninetales|Aurora Veil|p1a: Ninetales
|-sidestart|p1: I'm evil and spicy|move: Aurora Veil
|
|-weather|Snowscape|[upkeep]
|upkeep
|turn|2
|
|t:|1769444564
|switch|p2a: Kingambit|Kingambit, F|100/100
|switch|p1a: Gholdengo|Gholdengo|100/100
|
|-weather|Snowscape|[upkeep]
|upkeep
|turn|3
|
|t:|1769444570
|switch|p1a: Great Tusk|Great Tusk|100/100
|-enditem|p1a: Great Tusk|Booster Energy
|-activate|p1a: Great Tusk|ability: Protosynthesis|[fromitem]
|-start|p1a: Great Tusk|protosynthesisspe
|move|p2a: Kingambit|Swords Dance|p2a: Kingambit
|-boost|p2a: Kingambit|atk|2
|
|-weather|Snowscape|[upkeep]
|upkeep
|turn|4
|
|t:|1769444576
|move|p1a: Great Tusk|Headlong Rush|p2a: Kingambit
|-supereffective|p2a: Kingambit
|-damage|p2a: Kingambit|21/100
|-unboost|p1a: Great Tusk|def|1
|-unboost|p1a: Great Tusk|spd|1
|move|p2a: Kingambit|Iron Head|p1a: Great Tusk
|-damage|p1a: Great Tusk|58/100
|
|-weather|Snowscape|[upkeep]
|-heal|p2a: Kingambit|27/100|[from] item: Leftovers
|upkeep
|turn|5
|
|t:|1769444581
|move|p2a: Kingambit|Sucker Punch|p1a: Great Tusk
|-resisted|p1a: Great Tusk
|-damage|p1a: Great Tusk|39/100
|move|p1a: Great Tusk|Headlong Rush|p2a: Kingambit
|-supereffective|p2a: Kingambit
|-damage|p2a: Kingambit|0 fnt
|-unboost|p1a: Great Tusk|def|1
|-unboost|p1a: Great Tusk|spd|1
|faint|p2a: Kingambit
|-end|p2a: Kingambit|fallenundefined|[silent]
|
|-weather|none
|upkeep
|
|t:|1769444586
|switch|p2a: Primarina|Primarina, M|100/100
|turn|6
|
|t:|1769444592
|-end|p1a: Great Tusk|Protosynthesis|[silent]
|switch|p1a: Frosmoth|Frosmoth, F|100/100
|move|p2a: Primarina|Psychic Noise|p1a: Frosmoth
|-damage|p1a: Frosmoth|91/100
|-start|p1a: Frosmoth|move: Heal Block
|
|upkeep
|turn|7
|
|t:|1769444597
|move|p1a: Frosmoth|Quiver Dance|p1a: Frosmoth
|-boost|p1a: Frosmoth|spa|1
|-boost|p1a: Frosmoth|spd|1
|-boost|p1a: Frosmoth|spe|1
|move|p2a: Primarina|Flip Turn|p1a: Frosmoth
|-damage|p1a: Frosmoth|80/100
|
|t:|1769444606
|switch|p2a: Landorus|Landorus-Therian, M|100/100|[from] Flip Turn
|-ability|p2a: Landorus|Intimidate|boost
|-unboost|p1a: Frosmoth|atk|1
|
|-end|p1a: Frosmoth|move: Heal Block
|upkeep
|turn|8
|
|t:|1769444611
|-terastallize|p2a: Landorus|Fairy
|move|p1a: Frosmoth|Ice Beam|p2a: Landorus
|-damage|p2a: Landorus|38/100
|move|p2a: Landorus|Rock Tomb|p1a: Frosmoth
|-supereffective|p1a: Frosmoth
|-damage|p1a: Frosmoth|26/100
|-unboost|p1a: Frosmoth|spe|1
|
|-heal|p1a: Frosmoth|32/100|[from] item: Leftovers
|-sideend|p1: I'm evil and spicy|move: Aurora Veil
|upkeep
|turn|9
|
|t:|1769444620
|move|p2a: Landorus|Rock Tomb|p1a: Frosmoth
|-supereffective|p1a: Frosmoth
|-damage|p1a: Frosmoth|0 fnt
|faint|p1a: Frosmoth
|
|upkeep
|
|t:|1769444624
|switch|p1a: Gholdengo|Gholdengo|100/100
|turn|10
|
|t:|1769444631
|move|p2a: Landorus|U-turn|p1a: Gholdengo
|-resisted|p1a: Gholdengo
|-damage|p1a: Gholdengo|94/100
|
|t:|1769444633
|switch|p2a: Iron Hands|Iron Hands|100/100|[from] U-turn
|-enditem|p2a: Iron Hands|Booster Energy
|-activate|p2a: Iron Hands|ability: Quark Drive|[fromitem]
|-start|p2a: Iron Hands|quarkdriveatk
|move|p1a: Gholdengo|Shadow Ball|p2a: Iron Hands
|-damage|p2a: Iron Hands|64/100
|-unboost|p2a: Iron Hands|spd|1
|
|upkeep
|turn|11
|
|t:|1769444642
|-end|p2a: Iron Hands|Quark Drive|[silent]
|switch|p2a: Primarina|Primarina, M|100/100
|move|p1a: Gholdengo|Shadow Ball|p2a: Primarina
|-damage|p2a: Primarina|75/100
|
|upkeep
|turn|12
|
|t:|1769444662
|switch|p1a: Hatterene|Hatterene, F|100/100
|move|p2a: Primarina|Flip Turn|p1a: Hatterene
|-damage|p1a: Hatterene|88/100
|-message|ultimatewin789 forfeited.
|
|win|I'm evil and spicy
|raw|I&apos;m evil and spicy's rating: 1500 &rarr; <strong>1520</strong><br />(+20 for winning)
|raw|ultimatewin789's rating: 1493 &rarr; <strong>1473</strong><br />(-20 for losing)
|l|‽ultimatewin789
|player|p2|
|l|☆I'm evil and spicy
|player|p1|
