|inactive|Battle timer is ON: inactive players will automatically lose when time's up.
|t:|1769320330
|gametype|singles
|player|p1|shadow0709|#rbtt9faction|
|player|p2|3DS|101|
|gen|9
|tier|[Gen 9] OU
|rule|HP Percentage Mod: HP is shown in percentages
|rule|Endless Battle Clause: Forcing endless battles is banned
|rule|Species Clause: Limit one of each Pokémon
|rule|OHKO Clause: OHKO moves are banned
|rule|Evasion Items Clause: Evasion items are banned
|rule|Evasion Moves Clause: Evasion moves are banned
|rule|Evasion Abilities Clause: Evasion abilities are banned
|rule|Sleep Moves Clause: Sleep-inducing moves are banned
|clearpoke
|poke|p1|Kyurem|
|poke|p1|Corviknight, F|
|poke|p1|Ting-Lu|
|poke|p1|Dondozo, F|
|poke|p1|Slowking-Galar, L99, M|
|poke|p1|Cinderace, M|
|poke|p2|Gholdengo|
|poke|p2|Pecharunt|
|poke|p2|Zamazenta-*|
|poke|p2|Iron Treads|
|poke|p2|Dragonite, M|
|poke|p2|Samurott-Hisui, M|
|teampreview
|c|☆shadow0709|hf
|c|☆3DS|hf
|c|☆3DS|LOL
|c|☆shadow0709|feels a lil familiar
|c|☆shadow0709|lol
|inactive|shadow0709 has 270 seconds left.
|inactive|3DS has 270 seconds left.
|
|t:|1769320373
|teamsize|p1|6
|teamsize|p2|6
|start
|switch|p1a: Kyurem|Kyurem|100/100
|switch|p2a: Iron Treads|Iron Treads|100/100
|-ability|p1a: Kyurem|Pressure
|turn|1
|
|t:|1769320384
|move|p1a: Kyurem|Earth Power|p2a: Iron Treads
|-supereffective|p2a: Iron Treads
|-damage|p2a: Iron Treads|43/100
|move|p2a: Iron Treads|Iron Head|p1a: Kyurem
|-supereffective|p1a: Kyurem
|-damage|p1a: Kyurem|41/100
|
|-heal|p1a: Kyurem|47/100|[from] item: Leftovers
|-heal|p2a: Iron Treads|49/100|[from] item: Leftovers
|upkeep
|turn|2
|
|t:|1769320393
|-end|p2a: Iron Treads|Quark Drive|[silent]
|switch|p2a: Zamazenta|Zamazenta|100/100
|-ability|p2a: Zamazenta|Dauntless Shield|boost
|-boost|p2a: Zamazenta|def|1
|move|p1a: Kyurem|Earth Power|p2a: Zamazenta
|-damage|p2a: Zamazenta|75/100
|
|-heal|p2a: Zamazenta|81/100|[from] item: Leftovers
|-heal|p1a: Kyurem|53/100|[from] item: Leftovers
|upkeep
|turn|3
|
|t:|1769320402
|move|p1a: Kyurem|Protect|p1a: Kyurem
|-singleturn|p1a: Kyurem|Protect
|move|p2a: Zamazenta|Body Press|p1a: Kyurem
|-activate|p1a: Kyurem|move: Protect
|
|-heal|p2a: Zamazenta|87/100|[from] item: Leftovers
|-heal|p1a: Kyurem|59/100|[from] item: Leftovers
|upkeep
|turn|4
|
|t:|1769320407
|switch|p1a: Corviknight|Corviknight, F|100/100
|-ability|p1a: Corviknight|Pressure
|move|p2a: Zamazenta|Body Press|p1a: Corviknight
|-damage|p1a: Corviknight|66/100
|-damage|p2a: Zamazenta|70/100|[from] item: Rocky Helmet|[of] p1a: Corviknight
|
|-heal|p2a: Zamazenta|77/100|[from] item: Leftovers
|upkeep
|turn|5
|
|t:|1769320419
|switch|p2a: Gholdengo|Gholdengo|100/100
|move|p1a: Corviknight|Roost|p1a: Corviknight
|-heal|p1a: Corviknight|100/100
|-singleturn|p1a: Corviknight|move: Roost
|
|upkeep
|turn|6
|
|t:|1769320425
|switch|p1a: Slowking|Slowking-Galar, L99, M|100/100
|move|p2a: Gholdengo|Shadow Ball|p1a: Slowking
|-supereffective|p1a: Slowking
|-damage|p1a: Slowking|45/100
|
|upkeep
|turn|7
|
|t:|1769320442
|switch|p2a: Samurott|Samurott-Hisui, M|100/100
|switch|p1a: Ting-Lu|Ting-Lu|100/100
|-ability|p1a: Ting-Lu|Vessel of Ruin
|
|upkeep
|turn|8
|
|t:|1769320453
|move|p2a: Samurott|Ceaseless Edge|p1a: Ting-Lu
|-resisted|p1a: Ting-Lu
|-damage|p1a: Ting-Lu|92/100
|-sidestart|p1: shadow0709|Spikes
|move|p1a: Ting-Lu|Earthquake|p2a: Samurott
|-damage|p2a: Samurott|52/100
|
|-heal|p1a: Ting-Lu|98/100|[from] item: Leftovers
|upkeep
|turn|9
|
|t:|1769320464
|switch|p2a: Dragonite|Dragonite, M|100/100
|move|p1a: Ting-Lu|Earthquake|p2a: Dragonite
|-immune|p2a: Dragonite
|
|-heal|p1a: Ting-Lu|100/100|[from] item: Leftovers
|upkeep
|turn|10
|
|t:|1769320475
|move|p2a: Dragonite|Ice Spinner|p1a: Ting-Lu
|-supereffective|p1a: Ting-Lu
|-damage|p1a: Ting-Lu|67/100
|move|p1a: Ting-Lu|Payback|p2a: Dragonite
|-damage|p2a: Dragonite|80/100
|
|-heal|p1a: Ting-Lu|73/100|[from] item: Leftovers
|upkeep
|turn|11
|
|t:|1769320497
|switch|p1a: Corviknight|Corviknight, F|100/100
|-ability|p1a: Corviknight|Pressure
|move|p2a: Dragonite|Ice Spinner|p1a: Corviknight
|-damage|p1a: Corviknight|83/100
|-damage|p2a: Dragonite|64/100|[from] item: Rocky Helmet|[of] p1a: Corviknight
|
|upkeep
|turn|12
|
|t:|1769320503
|switch|p2a: Gholdengo|Gholdengo|100/100
|move|p1a: Corviknight|U-turn|p2a: Gholdengo
|-resisted|p2a: Gholdengo
|-damage|p2a: Gholdengo|97/100
|
|t:|1769320511
|switch|p1a: Cinderace|Cinderace, M|100/100|[from] U-turn
|
|upkeep
|turn|13
|
|t:|1769320519
|switch|p2a: Pecharunt|Pecharunt|100/100
|-item|p2a: Pecharunt|Air Balloon
|move|p1a: Cinderace|U-turn|p2a: Pecharunt
|-resisted|p2a: Pecharunt
|-damage|p2a: Pecharunt|98/100
|-enditem|p2a: Pecharunt|Air Balloon
|
|t:|1769320524
|switch|p1a: Kyurem|Kyurem|59/100|[from] U-turn
|-damage|p1a: Kyurem|47/100|[from] Spikes
|-ability|p1a: Kyurem|Pressure
|
|-heal|p1a: Kyurem|53/100|[from] item: Leftovers
|upkeep
|turn|14
|
|t:|1769320531
|switch|p2a: Zamazenta|Zamazenta|77/100
|move|p1a: Kyurem|Substitute|p1a: Kyurem
|-start|p1a: Kyurem|Substitute
|-damage|p1a: Kyurem|29/100
|
|-heal|p2a: Zamazenta|83/100|[from] item: Leftovers
|-heal|p1a: Kyurem|35/100|[from] item: Leftovers
|upkeep
|turn|15
|
|t:|1769320542
|move|p2a: Zamazenta|Body Press|p1a: Kyurem
|-supereffective|p1a: Kyurem
|-end|p1a: Kyurem|Substitute
|move|p1a: Kyurem|Freeze-Dry|p2a: Zamazenta
|-damage|p2a: Zamazenta|52/100
|
|-heal|p2a: Zamazenta|58/100|[from] item: Leftovers
|-heal|p1a: Kyurem|41/100|[from] item: Leftovers
|upkeep
|turn|16
|
|t:|1769320557
|switch|p1a: Corviknight|Corviknight, F|83/100
|-ability|p1a: Corviknight|Pressure
|move|p2a: Zamazenta|Body Press|p1a: Corviknight
|-damage|p1a: Corviknight|62/100
|-damage|p2a: Zamazenta|42/100|[from] item: Rocky Helmet|[of] p1a: Corviknight
|
|-heal|p2a: Zamazenta|48/100|[from] item: Leftovers
|upkeep
|turn|17
|
|t:|1769320572
|switch|p2a: Gholdengo|Gholdengo|97/100
|move|p1a: Corviknight|U-turn|p2a: Gholdengo
|-resisted|p2a: Gholdengo
|-damage|p2a: Gholdengo|93/100
|
|t:|1769320577
|switch|p1a: Ting-Lu|Ting-Lu|73/100|[from] U-turn
|-damage|p1a: Ting-Lu|61/100|[from] Spikes
|-ability|p1a: Ting-Lu|Vessel of Ruin
|
|-heal|p1a: Ting-Lu|67/100|[from] item: Leftovers
|upkeep
|turn|18
|inactive|3DS has 270 seconds left.
|
|t:|1769320615
|switch|p1a: Cinderace|Cinderace, M|100/100
|-terastallize|p2a: Gholdengo|Steel
|move|p2a: Gholdengo|Make It Rain|p1a: Cinderace
|-resisted|p1a: Cinderace
|-damage|p1a: Cinderace|28/100
|-unboost|p2a: Gholdengo|spa|1
|
|upkeep
|turn|19
|inactive|3DS has 270 seconds left.
|inactive|shadow0709 has 270 seconds left.
|inactive|shadow0709 has 240 seconds left.
|
|t:|1769320675
|switch|p2a: Pecharunt|Pecharunt|98/100
|move|p1a: Cinderace|Pyro Ball|p2a: Pecharunt
|-damage|p2a: Pecharunt|57/100
|
|upkeep
|turn|20
|inactive|shadow0709 has 240 seconds left.
|
|t:|1769320701
|move|p1a: Cinderace|U-turn|p2a: Pecharunt
|-resisted|p2a: Pecharunt
|-damage|p2a: Pecharunt|55/100
|
|t:|1769320707
|switch|p1a: Ting-Lu|Ting-Lu|67/100|[from] U-turn
|-damage|p1a: Ting-Lu|55/100|[from] Spikes
|-ability|p1a: Ting-Lu|Vessel of Ruin
|move|p2a: Pecharunt|Malignant Chain|p1a: Ting-Lu
|-resisted|p1a: Ting-Lu
|-damage|p1a: Ting-Lu|48/100
|-status|p1a: Ting-Lu|tox
|-start|p1a: Ting-Lu|confusion|[from] ability: Poison Puppeteer|[of] p2a: Pecharunt
|
|-heal|p1a: Ting-Lu|54/100 tox|[from] item: Leftovers
|-damage|p1a: Ting-Lu|48/100 tox|[from] psn
|upkeep
|turn|21
|
|t:|1769320718
|move|p2a: Pecharunt|Recover|p2a: Pecharunt
|-heal|p2a: Pecharunt|100/100
|-activate|p1a: Ting-Lu|confusion
|move|p1a: Ting-Lu|Rest|p1a: Ting-Lu
|-status|p1a: Ting-Lu|slp|[from] move: Rest
|-heal|p1a: Ting-Lu|100/100 slp|[silent]
|
|upkeep
|turn|22
|
|t:|1769320723
|switch|p2a: Samurott|Samurott-Hisui, M|52/100
|cant|p1a: Ting-Lu|slp
|-end|p1a: Ting-Lu|confusion
|move|p1a: Ting-Lu|Sleep Talk|p1a: Ting-Lu
|move|p1a: Ting-Lu|Rest||[from] move: Sleep Talk|[still]
|-fail|p1a: Ting-Lu
|
|upkeep
|turn|23
|inactive|shadow0709 has 240 seconds left.
|
|t:|1769320755
|move|p2a: Samurott|Knock Off|p1a: Ting-Lu
|-resisted|p1a: Ting-Lu
|-damage|p1a: Ting-Lu|91/100 slp
|-enditem|p1a: Ting-Lu|Leftovers|[from] move: Knock Off|[of] p2a: Samurott
|cant|p1a: Ting-Lu|slp
|move|p1a: Ting-Lu|Sleep Talk|p1a: Ting-Lu
|move|p1a: Ting-Lu|Payback|p2a: Samurott|[from] move: Sleep Talk
|-resisted|p2a: Samurott
|-damage|p2a: Samurott|31/100
|
|upkeep
|turn|24
|
|t:|1769320771
|switch|p2a: Dragonite|Dragonite, M|64/100
|-curestatus|p1a: Ting-Lu|slp|[msg]
|move|p1a: Ting-Lu|Earthquake|p2a: Dragonite
|-immune|p2a: Dragonite
|
|upkeep
|turn|25
|
|t:|1769320780
|switch|p1a: Corviknight|Corviknight, F|62/100
|-ability|p1a: Corviknight|Pressure
|move|p2a: Dragonite|Ice Spinner|p1a: Corviknight
|-damage|p1a: Corviknight|43/100
|-damage|p2a: Dragonite|48/100|[from] item: Rocky Helmet|[of] p1a: Corviknight
|
|upkeep
|turn|26
|
|t:|1769320787
|switch|p2a: Gholdengo|Gholdengo, tera:Steel|93/100
|move|p1a: Corviknight|U-turn|p2a: Gholdengo
|-resisted|p2a: Gholdengo
|-damage|p2a: Gholdengo|85/100
|
|t:|1769320790
|switch|p1a: Cinderace|Cinderace, M|28/100|[from] U-turn
|
|upkeep
|turn|27
|
|t:|1769320805
|switch|p2a: Pecharunt|Pecharunt|100/100
|move|p1a: Cinderace|Pyro Ball|p2a: Pecharunt|[miss]
|-miss|p1a: Cinderace|p2a: Pecharunt
|
|upkeep
|turn|28
|
|t:|1769320819
|move|p1a: Cinderace|U-turn|p2a: Pecharunt
|-resisted|p2a: Pecharunt
|-damage|p2a: Pecharunt|98/100
|
|t:|1769320822
|switch|p1a: Slowking|Slowking-Galar, L99, M|78/100|[from] U-turn
|move|p2a: Pecharunt|Malignant Chain|p1a: Slowking
|-resisted|p1a: Slowking
|-damage|p1a: Slowking|68/100
|
|upkeep
|turn|29
|
|t:|1769320837
|move|p2a: Pecharunt|Shadow Ball|p1a: Slowking
|-supereffective|p1a: Slowking
|-damage|p1a: Slowking|39/100
|-unboost|p1a: Slowking|spd|1
|-prepare|p1a: Slowking|Chilly Reception|[premajor]
|move|p1a: Slowking|Chilly Reception|p1a: Slowking
|-weather|Snowscape
|
|t:|1769320840
|switch|p1a: Ting-Lu|Ting-Lu|91/100|[from] Chilly Reception
|-damage|p1a: Ting-Lu|78/100|[from] Spikes
|-ability|p1a: Ting-Lu|Vessel of Ruin
|
|-weather|Snowscape|[upkeep]
|upkeep
|turn|30
|
|t:|1769320852
|switch|p2a: Dragonite|Dragonite, M|48/100
|move|p1a: Ting-Lu|Earthquake|p2a: Dragonite
|-immune|p2a: Dragonite
|
|-weather|Snowscape|[upkeep]
|upkeep
|turn|31
|
|t:|1769320858
|switch|p2a: Gholdengo|Gholdengo, tera:Steel|85/100
|switch|p1a: Corviknight|Corviknight, F|43/100
|-ability|p1a: Corviknight|Pressure
|
|-weather|Snowscape|[upkeep]
|upkeep
|turn|32
|
|t:|1769320879
|move|p2a: Gholdengo|Nasty Plot|p2a: Gholdengo
|-boost|p2a: Gholdengo|spa|2
|move|p1a: Corviknight|U-turn|p2a: Gholdengo
|-resisted|p2a: Gholdengo
|-damage|p2a: Gholdengo|78/100
|inactive|shadow0709 has 270 seconds left.
|inactive|shadow0709 disconnected and has 300 seconds to reconnect!
|player|p1|
|inactive|shadow0709 reconnected and has 265 seconds left.
|player|p1|shadow0709|#rbtt9faction|
|inactive|shadow0709 has 240 seconds left.
|
|t:|1769320948
|switch|p1a: Kyurem|Kyurem|41/100|[from] U-turn
|-damage|p1a: Kyurem|29/100|[from] Spikes
|-ability|p1a: Kyurem|Pressure
|
|-weather|Snowscape|[upkeep]
|-heal|p1a: Kyurem|35/100|[from] item: Leftovers
|upkeep
|turn|33
|c|☆shadow0709|t
|inactive|3DS has 270 seconds left.
|inactive|3DS has 240 seconds left.
|
|t:|1769321031
|-terastallize|p1a: Kyurem|Ground
|move|p1a: Kyurem|Earth Power|p2a: Gholdengo
|-supereffective|p2a: Gholdengo
|-damage|p2a: Gholdengo|0 fnt
|faint|p2a: Gholdengo
|
|-weather|none
|-heal|p1a: Kyurem|41/100|[from] item: Leftovers
|upkeep
|
|t:|1769321041
|switch|p2a: Pecharunt|Pecharunt|98/100
|turn|34
|inactive|shadow0709 has 240 seconds left.
|
|t:|1769321048
|move|p1a: Kyurem|Substitute|p1a: Kyurem
|-start|p1a: Kyurem|Substitute
|-damage|p1a: Kyurem|16/100
|move|p2a: Pecharunt|Malignant Chain|p1a: Kyurem
|-resisted|p1a: Kyurem
|-activate|p1a: Kyurem|move: Substitute|[damage]
|
|-heal|p1a: Kyurem|22/100|[from] item: Leftovers
|upkeep
|turn|35
|
|t:|1769321052
|switch|p2a: Dragonite|Dragonite, M|48/100
|move|p1a: Kyurem|Earth Power|p2a: Dragonite
|-immune|p2a: Dragonite
|
|-heal|p1a: Kyurem|28/100|[from] item: Leftovers
|upkeep
|turn|36
|
|t:|1769321059
|move|p1a: Kyurem|Protect|p1a: Kyurem
|-singleturn|p1a: Kyurem|Protect
|move|p2a: Dragonite|Extreme Speed|p1a: Kyurem
|-activate|p1a: Kyurem|move: Protect
|
|-heal|p1a: Kyurem|34/100|[from] item: Leftovers
|upkeep
|turn|37
|
|t:|1769321064
|move|p2a: Dragonite|Extreme Speed|p1a: Kyurem
|-end|p1a: Kyurem|Substitute
|move|p1a: Kyurem|Freeze-Dry|p2a: Dragonite
|-supereffective|p2a: Dragonite
|-damage|p2a: Dragonite|0 fnt
|faint|p2a: Dragonite
|
|-heal|p1a: Kyurem|41/100|[from] item: Leftovers
|upkeep
|
|t:|1769321069
|switch|p2a: Zamazenta|Zamazenta|48/100
|turn|38
|
|t:|1769321076
|move|p1a: Kyurem|Protect|p1a: Kyurem
|-singleturn|p1a: Kyurem|Protect
|move|p2a: Zamazenta|Body Press|p1a: Kyurem
|-activate|p1a: Kyurem|move: Protect
|
|-heal|p2a: Zamazenta|54/100|[from] item: Leftovers
|-heal|p1a: Kyurem|47/100|[from] item: Leftovers
|upkeep
|turn|39
|inactive|shadow0709 has 270 seconds left.
|
|t:|1769321108
|switch|p1a: Slowking|Slowking-Galar, L99, M|72/100
|move|p2a: Zamazenta|Body Press|p1a: Slowking
|-resisted|p1a: Slowking
|-damage|p1a: Slowking|62/100
|
|-heal|p2a: Zamazenta|60/100|[from] item: Leftovers
|upkeep
|turn|40
|inactive|3DS has 270 seconds left.
|
|t:|1769321128
|move|p2a: Zamazenta|Crunch|p1a: Slowking
|-supereffective|p1a: Slowking
|-crit|p1a: Slowking
|-damage|p1a: Slowking|0 fnt
|faint|p1a: Slowking
|
|-heal|p2a: Zamazenta|66/100|[from] item: Leftovers
|upkeep
|inactive|shadow0709 has 270 seconds left.
|
|t:|1769321139
|switch|p1a: Corviknight|Corviknight, F|43/100
|-ability|p1a: Corviknight|Pressure
|turn|41
|
|t:|1769321145
|switch|p2a: Pecharunt|Pecharunt|98/100
|move|p1a: Corviknight|Roost|p1a: Corviknight
|-heal|p1a: Corviknight|93/100
|-singleturn|p1a: Corviknight|move: Roost
|
|upkeep
|turn|42
|
|t:|1769321149
|move|p2a: Pecharunt|Nasty Plot|p2a: Pecharunt
|-boost|p2a: Pecharunt|spa|2
|move|p1a: Corviknight|Defog|p2a: Pecharunt
|-unboost|p2a: Pecharunt|evasion|1
|-sideend|p1: shadow0709|Spikes|[from] move: Defog|[of] p1a: Corviknight
|
|upkeep
|turn|43
|
|t:|1769321154
|switch|p1a: Ting-Lu|Ting-Lu|78/100
|-ability|p1a: Ting-Lu|Vessel of Ruin
|move|p2a: Pecharunt|Nasty Plot|p2a: Pecharunt
|-boost|p2a: Pecharunt|spa|2
|
|upkeep
|turn|44
|
|t:|1769321158
|move|p2a: Pecharunt|Malignant Chain|p1a: Ting-Lu
|-resisted|p1a: Ting-Lu
|-damage|p1a: Ting-Lu|58/100
|move|p1a: Ting-Lu|Earthquake|p2a: Pecharunt
|-supereffective|p2a: Pecharunt
|-damage|p2a: Pecharunt|57/100
|
|upkeep
|turn|45
|
|t:|1769321164
|move|p2a: Pecharunt|Malignant Chain|p1a: Ting-Lu
|-resisted|p1a: Ting-Lu
|-damage|p1a: Ting-Lu|39/100
|move|p1a: Ting-Lu|Rest|p1a: Ting-Lu
|-status|p1a: Ting-Lu|slp|[from] move: Rest
|-heal|p1a: Ting-Lu|100/100 slp|[silent]
|
|upkeep
|turn|46
|
|t:|1769321172
|move|p2a: Pecharunt|Nasty Plot|p2a: Pecharunt
|-boost|p2a: Pecharunt|spa|2
|cant|p1a: Ting-Lu|slp
|move|p1a: Ting-Lu|Sleep Talk|p1a: Ting-Lu
|move|p1a: Ting-Lu|Payback|p2a: Pecharunt|[from] move: Sleep Talk
|-supereffective|p2a: Pecharunt
|-damage|p2a: Pecharunt|8/100
|
|upkeep
|turn|47
|c|☆3DS|sorry in advance if I hax ;)
|
|t:|1769321196
|move|p2a: Pecharunt|Recover|p2a: Pecharunt
|-heal|p2a: Pecharunt|58/100
|cant|p1a: Ting-Lu|slp
|move|p1a: Ting-Lu|Sleep Talk|p1a: Ting-Lu
|move|p1a: Ting-Lu|Payback|p2a: Pecharunt|[from] move: Sleep Talk
|-supereffective|p2a: Pecharunt
|-damage|p2a: Pecharunt|13/100
|
|upkeep
|turn|48
|c|☆shadow0709|lol
|c|☆3DS|lol
|c|☆shadow0709|not the premtive mb
|c|☆shadow0709|premptive*
|inactive|3DS has 270 seconds left.
|
|t:|1769321224
|move|p2a: Pecharunt|Recover|p2a: Pecharunt
|-heal|p2a: Pecharunt|63/100
|-curestatus|p1a: Ting-Lu|slp|[msg]
|move|p1a: Ting-Lu|Earthquake|p2a: Pecharunt
|-supereffective|p2a: Pecharunt
|-damage|p2a: Pecharunt|18/100
|
|upkeep
|turn|49
|
|t:|1769321233
|move|p2a: Pecharunt|Malignant Chain|p1a: Ting-Lu
|-resisted|p1a: Ting-Lu
|-damage|p1a: Ting-Lu|73/100
|-status|p1a: Ting-Lu|tox
|-start|p1a: Ting-Lu|confusion|[from] ability: Poison Puppeteer|[of] p2a: Pecharunt
|-activate|p1a: Ting-Lu|confusion
|move|p1a: Ting-Lu|Payback|p2a: Pecharunt
|-supereffective|p2a: Pecharunt
|-damage|p2a: Pecharunt|0 fnt
|faint|p2a: Pecharunt
|
|-damage|p1a: Ting-Lu|67/100 tox|[from] psn
|upkeep
|c|☆3DS|ah
|inactive|3DS has 270 seconds left.
|c|☆3DS|gg
|c|☆shadow0709|gg
|c|☆3DS|gl in the rest
|c|☆shadow0709|thx
|-message|3DS forfeited.
|
|win|shadow0709
|player|p2|
