|j|☆3dsss
|j|☆animechaska1
|t:|1769350272
|gametype|singles
|player|p1|3dsss|cheren-gen5bw2|1111
|player|p2|animechaska1|unknownf|1069
|gen|9
|tier|[Gen 9] OU
|rated|
|rule|HP Percentage Mod: HP is shown in percentages
|rule|Endless Battle Clause: Forcing endless battles is banned
|rule|Species Clause: Limit one of each Pokémon
|rule|OHKO Clause: OHKO moves are banned
|rule|Evasion Items Clause: Evasion items are banned
|rule|Evasion Moves Clause: Evasion moves are banned
|rule|Evasion Abilities Clause: Evasion abilities are banned
|rule|Sleep Moves Clause: Sleep-inducing moves are banned
|clearpoke
|poke|p1|Conkeldurr, F|
|poke|p1|Registeel|
|poke|p1|Dachsbun, F|
|poke|p1|Vikavolt, M|
|poke|p1|Lycanroc, F|
|poke|p1|Decidueye-Hisui, F|
|poke|p2|Heatran, M|
|poke|p2|Charizard, M|
|poke|p2|Torkoal, F|
|poke|p2|Empoleon, F|
|poke|p2|Arcanine-Hisui, M|
|poke|p2|Iron Moth|
|teampreview
|inactive|Battle timer is ON: inactive players will automatically lose when time's up. (requested by 3dsss)
|
|t:|1769350287
|teamsize|p1|6
|teamsize|p2|6
|start
|switch|p1a: Registeel|Registeel|100/100
|switch|p2a: Torkoal|Torkoal, F|100/100
|-weather|SunnyDay|[from] ability: Drought|[of] p2a: Torkoal
|turn|1
|inactive|animechaska1 has 120 seconds left.
|
|t:|1769350323
|move|p1a: Registeel|Body Press|p2a: Torkoal
|-damage|p2a: Torkoal|83/100
|move|p2a: Torkoal|Will-O-Wisp|p1a: Registeel
|-status|p1a: Registeel|brn
|
|-weather|SunnyDay|[upkeep]
|-damage|p1a: Registeel|94/100 brn|[from] brn
|upkeep
|turn|2
|inactive|animechaska1 has 120 seconds left.
|
|t:|1769350348
|move|p1a: Registeel|Stealth Rock|p2a: Torkoal
|-sidestart|p2: animechaska1|move: Stealth Rock
|move|p2a: Torkoal|Stealth Rock|p1a: Registeel
|-sidestart|p1: 3dsss|move: Stealth Rock
|
|-weather|SunnyDay|[upkeep]
|-heal|p1a: Registeel|100/100 brn|[from] item: Leftovers
|-damage|p1a: Registeel|94/100 brn|[from] brn
|upkeep
|turn|3
|
|t:|1769350367
|switch|p1a: Dachsbun|Dachsbun, F|100/100
|-damage|p1a: Dachsbun|88/100|[from] Stealth Rock
|move|p2a: Torkoal|Rapid Spin|p1a: Dachsbun
|-damage|p1a: Dachsbun|81/100
|-boost|p2a: Torkoal|spe|1
|-sideend|p2: animechaska1|Stealth Rock|[from] move: Rapid Spin|[of] p2a: Torkoal
|
|-weather|SunnyDay|[upkeep]
|-heal|p1a: Dachsbun|87/100|[from] item: Leftovers
|upkeep
|turn|4
|
|t:|1769350379
|switch|p2a: Arcanine|Arcanine-Hisui, M|100/100
|move|p1a: Dachsbun|Wish|p1a: Dachsbun
|
|-weather|SunnyDay|[upkeep]
|-heal|p1a: Dachsbun|93/100|[from] item: Leftovers
|upkeep
|turn|5
|
|t:|1769350384
|move|p2a: Arcanine|Head Smash|p1a: Dachsbun
|-damage|p1a: Dachsbun|36/100
|move|p1a: Dachsbun|Body Press|p2a: Arcanine
|-supereffective|p2a: Arcanine
|-damage|p2a: Arcanine|35/100
|
|-weather|SunnyDay|[upkeep]
|-heal|p1a: Dachsbun|86/100|[from] move: Wish|[wisher] Dachsbun
|-heal|p1a: Dachsbun|92/100|[from] item: Leftovers
|upkeep
|turn|6
|
|t:|1769350390
|move|p2a: Arcanine|Head Smash|p1a: Dachsbun
|-damage|p1a: Dachsbun|40/100
|move|p1a: Dachsbun|Body Press|p2a: Arcanine
|-supereffective|p2a: Arcanine
|-damage|p2a: Arcanine|0 fnt
|faint|p2a: Arcanine
|
|-weather|SunnyDay|[upkeep]
|-heal|p1a: Dachsbun|46/100|[from] item: Leftovers
|upkeep
|
|t:|1769350398
|switch|p2a: Heatran|Heatran, M|100/100
|-item|p2a: Heatran|Air Balloon
|turn|7
|
|t:|1769350403
|move|p1a: Dachsbun|Body Press|p2a: Heatran
|-supereffective|p2a: Heatran
|-damage|p2a: Heatran|58/100
|-enditem|p2a: Heatran|Air Balloon
|move|p2a: Heatran|Earth Power|p1a: Dachsbun
|-damage|p1a: Dachsbun|0 fnt
|faint|p1a: Dachsbun
|
|-weather|SunnyDay|[upkeep]
|upkeep
|
|t:|1769350419
|switch|p1a: Registeel|Registeel|94/100 brn
|-damage|p1a: Registeel|88/100 brn|[from] Stealth Rock
|turn|8
|
|t:|1769350433
|move|p2a: Heatran|Flamethrower|p1a: Registeel
|-supereffective|p1a: Registeel
|-damage|p1a: Registeel|9/100 brn
|move|p1a: Registeel|Stealth Rock|p2a: Heatran
|-sidestart|p2: animechaska1|move: Stealth Rock
|
|-weather|none
|-heal|p1a: Registeel|15/100 brn|[from] item: Leftovers
|-damage|p1a: Registeel|9/100 brn|[from] brn
|upkeep
|turn|9
|
|t:|1769350442
|move|p2a: Heatran|Flamethrower|p1a: Registeel
|-supereffective|p1a: Registeel
|-damage|p1a: Registeel|0 fnt
|faint|p1a: Registeel
|
|upkeep
|
|t:|1769350456
|switch|p1a: Decidueye|Decidueye-Hisui, F, shiny|100/100
|-damage|p1a: Decidueye|94/100|[from] Stealth Rock
|turn|10
|inactive|animechaska1 has 120 seconds left.
|
|t:|1769350490
|move|p2a: Heatran|Flamethrower|p1a: Decidueye
|-supereffective|p1a: Decidueye
|-damage|p1a: Decidueye|0 fnt
|faint|p1a: Decidueye
|
|upkeep
|
|t:|1769350501
|switch|p1a: Lycanroc|Lycanroc, F|100/100
|-damage|p1a: Lycanroc|88/100|[from] Stealth Rock
|turn|11
|
|t:|1769350507
|move|p1a: Lycanroc|Close Combat|p2a: Heatran
|-supereffective|p2a: Heatran
|-damage|p2a: Heatran|1/100
|-unboost|p1a: Lycanroc|def|1
|-unboost|p1a: Lycanroc|spd|1
|move|p2a: Heatran|Earth Power|p1a: Lycanroc
|-supereffective|p1a: Lycanroc
|-damage|p1a: Lycanroc|0 fnt
|faint|p1a: Lycanroc
|
|upkeep
|
|t:|1769350517
|switch|p1a: Conkeldurr|Conkeldurr, F|100/100
|-damage|p1a: Conkeldurr|95/100|[from] Stealth Rock
|turn|12
|
|t:|1769350524
|move|p1a: Conkeldurr|Drain Punch|p2a: Heatran
|-supereffective|p2a: Heatran
|-damage|p2a: Heatran|0 fnt
|-heal|p1a: Conkeldurr|95/100|[from] drain|[of] p2a: Heatran
|faint|p2a: Heatran
|
|upkeep
|
|t:|1769350527
|switch|p2a: Torkoal|Torkoal, F|83/100
|-damage|p2a: Torkoal|59/100|[from] Stealth Rock
|-weather|SunnyDay|[from] ability: Drought|[of] p2a: Torkoal
|turn|13
|
|t:|1769350535
|move|p1a: Conkeldurr|Bulk Up|p1a: Conkeldurr
|-boost|p1a: Conkeldurr|atk|1
|-boost|p1a: Conkeldurr|def|1
|move|p2a: Torkoal|Rapid Spin|p1a: Conkeldurr
|-damage|p1a: Conkeldurr|89/100
|-boost|p2a: Torkoal|spe|1
|-sideend|p2: animechaska1|Stealth Rock|[from] move: Rapid Spin|[of] p2a: Torkoal
|
|-weather|SunnyDay|[upkeep]
|upkeep
|turn|14
|
|t:|1769350542
|move|p1a: Conkeldurr|Dynamic Punch|p2a: Torkoal
|-damage|p2a: Torkoal|0 fnt
|faint|p2a: Torkoal
|
|-weather|SunnyDay|[upkeep]
|upkeep
|
|t:|1769350551
|switch|p2a: Charizard|Charizard, M|100/100
|turn|15
|
|t:|1769350560
|-terastallize|p2a: Charizard|Fire
|-terastallize|p1a: Conkeldurr|Steel
|move|p2a: Charizard|Heat Wave|p1a: Conkeldurr
|-supereffective|p1a: Conkeldurr
|-damage|p1a: Conkeldurr|0 fnt
|faint|p1a: Conkeldurr
|
|-weather|SunnyDay|[upkeep]
|-damage|p2a: Charizard|88/100|[from] ability: Solar Power|[of] p2a: Charizard
|upkeep
|
|t:|1769350566
|switch|p1a: Vikavolt|Vikavolt, M|100/100
|-damage|p1a: Vikavolt|76/100|[from] Stealth Rock
|turn|16
|
|t:|1769350575
|move|p2a: Charizard|Heat Wave|p1a: Vikavolt
|-supereffective|p1a: Vikavolt
|-damage|p1a: Vikavolt|0 fnt
|faint|p1a: Vikavolt
|
|win|animechaska1
|raw|3dsss's rating: 1111 &rarr; <strong>1083</strong><br />(-28 for losing)
|raw|animechaska1's rating: 1069 &rarr; <strong>1102</strong><br />(+33 for winning)
|l|☆3dsss
|player|p1|
|l|☆animechaska1
|player|p2|
