|j|☆the.ramen.gang
|j|☆Hhoottddoogg
|t:|1769382213
|gametype|singles
|player|p1|the.ramen.gang|169|1201
|player|p2|Hhoottddoogg|2|1193
|gen|9
|tier|[Gen 9] OU
|rated|
|rule|HP Percentage Mod: HP is shown in percentages
|rule|Endless Battle Clause: Forcing endless battles is banned
|rule|Species Clause: Limit one of each Pokémon
|rule|OHKO Clause: OHKO moves are banned
|rule|Evasion Items Clause: Evasion items are banned
|rule|Evasion Moves Clause: Evasion moves are banned
|rule|Evasion Abilities Clause: Evasion abilities are banned
|rule|Sleep Moves Clause: Sleep-inducing moves are banned
|clearpoke
|poke|p1|Persian, F|
|poke|p1|Oinkologne-F, F|
|poke|p1|Gengar, M|
|poke|p1|Crawdaunt, F|
|poke|p1|Weavile, M|
|poke|p1|Sceptile, M|
|poke|p2|Serperior, M|
|poke|p2|Kingambit, F|
|poke|p2|Vikavolt, M|
|poke|p2|Empoleon, M|
|poke|p2|Slowbro-Galar, F|
|poke|p2|Moltres-Galar|
|teampreview
|inactive|Battle timer is ON: inactive players will automatically lose when time's up. (requested by the.ramen.gang)
|inactive|Hhoottddoogg has 120 seconds left.
|inactive|Hhoottddoogg has 90 seconds left.
|inactive|Hhoottddoogg has 60 seconds left.
|l|☆Hhoottddoogg
|inactive|Hhoottddoogg disconnected and has a minute to reconnect!
|player|p2|
|j|☆Hhoottddoogg
|inactive|Hhoottddoogg reconnected and has 45 seconds left.
|player|p2|Hhoottddoogg|2|
|inactive|Hhoottddoogg has 30 seconds left.
|inactive|Hhoottddoogg has 20 seconds left.
|
|t:|1769382357
|teamsize|p1|6
|teamsize|p2|6
|start
|switch|p1a: Persian|Persian, F|100/100
|switch|p2a: Vikavolt|Vikavolt, M|100/100
|turn|1
|
|t:|1769382371
|move|p1a: Persian|Fake Out|p2a: Vikavolt
|-damage|p2a: Vikavolt|70/100
|-damage|p1a: Persian|91/100|[from] item: Life Orb
|cant|p2a: Vikavolt|flinch
|
|upkeep
|turn|2
|
|t:|1769382379
|switch|p2a: Kingambit|Kingambit, F|100/100
|move|p1a: Persian|Giga Impact|p2a: Kingambit
|-resisted|p2a: Kingambit
|-damage|p2a: Kingambit|74/100
|-mustrecharge|p1a: Persian
|-damage|p1a: Persian|81/100|[from] item: Life Orb
|
|upkeep
|turn|3
|inactive|Hhoottddoogg has 90 seconds left.
|
|t:|1769382389
|cant|p1a: Persian|recharge
|move|p2a: Kingambit|Brick Break|p1a: Persian
|-supereffective|p1a: Persian
|-damage|p1a: Persian|0 fnt
|faint|p1a: Persian
|
|upkeep
|
|t:|1769382393
|switch|p1a: Sceptile|Sceptile, M|100/100
|turn|4
|
|t:|1769382399
|move|p1a: Sceptile|Swords Dance|p1a: Sceptile
|-boost|p1a: Sceptile|atk|2
|move|p2a: Kingambit|Kowtow Cleave|p1a: Sceptile
|-enditem|p1a: Sceptile|Focus Sash
|-damage|p1a: Sceptile|1/100
|
|upkeep
|turn|5
|
|t:|1769382405
|move|p2a: Kingambit|Sucker Punch|p1a: Sceptile
|-damage|p1a: Sceptile|0 fnt
|faint|p1a: Sceptile
|
|upkeep
|
|t:|1769382411
|switch|p1a: Crawdaunt|Crawdaunt, F|100/100
|turn|6
|inactive|Hhoottddoogg has 90 seconds left.
|inactive|Hhoottddoogg has 60 seconds left.
|
|t:|1769382486
|move|p1a: Crawdaunt|Close Combat|p2a: Kingambit
|-supereffective|p2a: Kingambit
|-damage|p2a: Kingambit|0 fnt
|-unboost|p1a: Crawdaunt|def|1
|-unboost|p1a: Crawdaunt|spd|1
|faint|p2a: Kingambit
|
|upkeep
|
|t:|1769382491
|switch|p2a: Vikavolt|Vikavolt, M|70/100
|turn|7
|
|t:|1769382497
|switch|p1a: Weavile|Weavile, M|100/100
|-ability|p1a: Weavile|Pressure
|move|p2a: Vikavolt|Sticky Web|p1a: Weavile
|-sidestart|p1: the.ramen.gang|move: Sticky Web
|
|upkeep
|turn|8
|inactive|Hhoottddoogg has 60 seconds left.
|
|t:|1769382528
|move|p1a: Weavile|Fake Out|p2a: Vikavolt
|-damage|p2a: Vikavolt|56/100
|cant|p2a: Vikavolt|flinch
|
|upkeep
|turn|9
|
|t:|1769382532
|move|p1a: Weavile|Swords Dance|p1a: Weavile
|-boost|p1a: Weavile|atk|2
|move|p2a: Vikavolt|Bug Buzz|p1a: Weavile
|-supereffective|p1a: Weavile
|-enditem|p1a: Weavile|Focus Sash
|-damage|p1a: Weavile|1/100
|
|upkeep
|turn|10
|
|t:|1769382555
|move|p1a: Weavile|Knock Off|p2a: Vikavolt
|-damage|p2a: Vikavolt|0 fnt
|-enditem|p2a: Vikavolt|Safety Goggles|[from] move: Knock Off|[of] p1a: Weavile
|faint|p2a: Vikavolt
|
|upkeep
|
|t:|1769382557
|switch|p2a: Empoleon|Empoleon, M|100/100
|turn|11
|
|t:|1769382562
|move|p2a: Empoleon|Aqua Jet|p1a: Weavile
|-damage|p1a: Weavile|0 fnt
|faint|p1a: Weavile
|
|upkeep
|
|t:|1769382568
|switch|p1a: Crawdaunt|Crawdaunt, F|100/100
|-activate|p1a: Crawdaunt|move: Sticky Web
|-unboost|p1a: Crawdaunt|spe|1
|turn|12
|inactive|Hhoottddoogg has 60 seconds left.
|
|t:|1769382605
|switch|p2a: Moltres|Moltres-Galar|100/100
|move|p1a: Crawdaunt|Knock Off|p2a: Moltres
|-resisted|p2a: Moltres
|-damage|p2a: Moltres|40/100
|-enditem|p2a: Moltres|Chesto Berry|[from] move: Knock Off|[of] p1a: Crawdaunt
|-ability|p2a: Moltres|Berserk|boost
|-boost|p2a: Moltres|spa|1
|
|upkeep
|turn|13
|
|t:|1769382612
|move|p2a: Moltres|Air Slash|p1a: Crawdaunt
|-damage|p1a: Crawdaunt|0 fnt
|faint|p1a: Crawdaunt
|
|upkeep
|
|t:|1769382614
|switch|p1a: Oinkologne|Oinkologne-F, F|100/100
|-activate|p1a: Oinkologne|move: Sticky Web
|-unboost|p1a: Oinkologne|spe|1
|turn|14
|
|t:|1769382621
|move|p2a: Moltres|Fiery Wrath|p1a: Oinkologne
|-damage|p1a: Oinkologne|64/100
|move|p1a: Oinkologne|Play Rough|p2a: Moltres
|-supereffective|p2a: Moltres
|-damage|p2a: Moltres|0 fnt
|faint|p2a: Moltres
|
|upkeep
|
|t:|1769382638
|switch|p2a: Serperior|Serperior, M|100/100
|turn|15
|
|t:|1769382641
|move|p2a: Serperior|Leaf Storm|p1a: Oinkologne
|-damage|p1a: Oinkologne|38/100
|-boost|p2a: Serperior|spa|2
|move|p1a: Oinkologne|Body Slam|p2a: Serperior
|-damage|p2a: Serperior|67/100
|
|upkeep
|turn|16
|inactive|Hhoottddoogg has 60 seconds left.
|
|t:|1769382649
|move|p2a: Serperior|Leaf Storm|p1a: Oinkologne
|-damage|p1a: Oinkologne|0 fnt
|-boost|p2a: Serperior|spa|2
|faint|p1a: Oinkologne
|
|upkeep
|
|t:|1769382650
|switch|p1a: Gengar|Gengar, M|100/100
|-activate|p1a: Gengar|move: Sticky Web
|-unboost|p1a: Gengar|spe|1
|turn|17
|
|t:|1769382654
|move|p2a: Serperior|Glare|p1a: Gengar
|-status|p1a: Gengar|par
|move|p1a: Gengar|Shadow Ball|p2a: Serperior
|-damage|p2a: Serperior|7/100
|
|upkeep
|turn|18
|
|t:|1769382660
|move|p2a: Serperior|Dragon Pulse|p1a: Gengar
|-damage|p1a: Gengar|0 fnt
|faint|p1a: Gengar
|
|win|Hhoottddoogg
|raw|the.ramen.gang's rating: 1201 &rarr; <strong>1175</strong><br />(-26 for losing)
|raw|Hhoottddoogg's rating: 1193 &rarr; <strong>1219</strong><br />(+26 for winning)
|l|☆the.ramen.gang
|player|p1|
|l|☆Hhoottddoogg
|player|p2|
