|j|☆kshuaib734
|j|☆GODKUD
|t:|1769348626
|gametype|singles
|player|p1|kshuaib734|steven|1584
|player|p2|GODKUD|ghetsis|1621
|gen|9
|tier|[Gen 9] OU
|rated|
|rule|HP Percentage Mod: HP is shown in percentages
|rule|Endless Battle Clause: Forcing endless battles is banned
|rule|Species Clause: Limit one of each Pokémon
|rule|OHKO Clause: OHKO moves are banned
|rule|Evasion Items Clause: Evasion items are banned
|rule|Evasion Moves Clause: Evasion moves are banned
|rule|Evasion Abilities Clause: Evasion abilities are banned
|rule|Sleep Moves Clause: Sleep-inducing moves are banned
|clearpoke
|poke|p1|Tyranitar, M|
|poke|p1|Thundurus, M|
|poke|p1|Pelipper, M|
|poke|p1|Quaquaval, M|
|poke|p1|Kingdra, F|
|poke|p1|Excadrill, F|
|poke|p2|Ceruledge, M|
|poke|p2|Corviknight, M|
|poke|p2|Slowking-Galar, M|
|poke|p2|Great Tusk|
|poke|p2|Hydreigon, F|
|poke|p2|Primarina, M|
|teampreview
|inactive|Battle timer is ON: inactive players will automatically lose when time's up. (requested by kshuaib734)
|
|t:|1769348637
|teamsize|p1|6
|teamsize|p2|6
|start
|switch|p1a: Tyrant's Downpour|Pelipper, M|100/100
|switch|p2a: Slowking|Slowking-Galar, M|100/100
|-weather|RainDance|[from] ability: Drizzle|[of] p1a: Tyrant's Downpour
|turn|1
|
|t:|1769348645
|move|p1a: Tyrant's Downpour|Knock Off|p2a: Slowking
|-supereffective|p2a: Slowking
|-damage|p2a: Slowking|76/100
|-enditem|p2a: Slowking|Heavy-Duty Boots|[from] move: Knock Off|[of] p1a: Tyrant's Downpour
|-prepare|p2a: Slowking|Chilly Reception|[premajor]
|move|p2a: Slowking|Chilly Reception|p2a: Slowking
|-weather|Snowscape
|
|t:|1769348657
|switch|p2a: Hydreigon|Hydreigon, F|100/100|[from] Chilly Reception
|
|-weather|Snowscape|[upkeep]
|upkeep
|turn|2
|
|t:|1769348674
|move|p2a: Hydreigon|Draco Meteor|p1a: Tyrant's Downpour
|-damage|p1a: Tyrant's Downpour|0 fnt
|-unboost|p2a: Hydreigon|spa|2
|faint|p1a: Tyrant's Downpour
|
|-weather|Snowscape|[upkeep]
|upkeep
|
|t:|1769348691
|switch|p1a: King Tyrant|Tyranitar, M|100/100
|-weather|Sandstorm|[from] ability: Sand Stream|[of] p1a: King Tyrant
|turn|3
|j| hax is all i need
|
|t:|1769348703
|switch|p2a: Corviknight|Corviknight, M|100/100
|-ability|p2a: Corviknight|Pressure
|move|p1a: King Tyrant|Low Kick|p2a: Corviknight
|-damage|p2a: Corviknight|83/100
|-damage|p1a: King Tyrant|84/100|[from] item: Rocky Helmet|[of] p2a: Corviknight
|
|-weather|Sandstorm|[upkeep]
|upkeep
|turn|4
|
|t:|1769348713
|move|p2a: Corviknight|U-turn|p1a: King Tyrant
|-supereffective|p1a: King Tyrant
|-damage|p1a: King Tyrant|65/100
|-enditem|p1a: King Tyrant|Weakness Policy
|-boost|p1a: King Tyrant|atk|2|[from] item: Weakness Policy
|-boost|p1a: King Tyrant|spa|2|[from] item: Weakness Policy
|
|t:|1769348720
|switch|p2a: Great Tusk|Great Tusk|100/100|[from] U-turn
|-enditem|p2a: Great Tusk|Booster Energy
|-activate|p2a: Great Tusk|ability: Protosynthesis|[fromitem]
|-start|p2a: Great Tusk|protosynthesisspe
|move|p1a: King Tyrant|Stealth Rock|p2a: Great Tusk
|-sidestart|p2: GODKUD|move: Stealth Rock
|
|-weather|Sandstorm|[upkeep]
|upkeep
|turn|5
|
|t:|1769348732
|-terastallize|p1a: King Tyrant|Ghost
|move|p2a: Great Tusk|Stealth Rock|p1a: King Tyrant
|-sidestart|p1: kshuaib734|move: Stealth Rock
|move|p1a: King Tyrant|Ice Beam|p2a: Great Tusk
|-supereffective|p2a: Great Tusk
|-damage|p2a: Great Tusk|0 fnt
|faint|p2a: Great Tusk
|-end|p2a: Great Tusk|Protosynthesis|[silent]
|
|-weather|Sandstorm|[upkeep]
|-damage|p1a: King Tyrant|58/100|[from] Sandstorm
|upkeep
|
|t:|1769348744
|switch|p2a: Hydreigon|Hydreigon, F|100/100
|-damage|p2a: Hydreigon|88/100|[from] Stealth Rock
|turn|6
|
|t:|1769348757
|switch|p1a: Tyrant's Enforcer|Thundurus, M|100/100
|-damage|p1a: Tyrant's Enforcer|75/100|[from] Stealth Rock
|move|p2a: Hydreigon|Dark Pulse|p1a: Tyrant's Enforcer
|-damage|p1a: Tyrant's Enforcer|0 fnt
|faint|p1a: Tyrant's Enforcer
|
|-weather|Sandstorm|[upkeep]
|-damage|p2a: Hydreigon|82/100|[from] Sandstorm
|upkeep
|
|t:|1769348770
|switch|p1a: Tyrant's Legacy|Excadrill, F|100/100
|-damage|p1a: Tyrant's Legacy|97/100|[from] Stealth Rock
|turn|7
|
|t:|1769348774
|move|p1a: Tyrant's Legacy|Rapid Spin|p2a: Hydreigon
|-damage|p2a: Hydreigon|53/100
|-boost|p1a: Tyrant's Legacy|spe|1
|-sideend|p1: kshuaib734|Stealth Rock|[from] move: Rapid Spin|[of] p1a: Tyrant's Legacy
|-damage|p1a: Tyrant's Legacy|88/100|[from] item: Life Orb
|move|p2a: Hydreigon|Dark Pulse|p1a: Tyrant's Legacy
|-damage|p1a: Tyrant's Legacy|8/100
|
|-weather|none
|upkeep
|turn|8
|
|t:|1769348783
|switch|p2a: Corviknight|Corviknight, M|83/100
|-damage|p2a: Corviknight|71/100|[from] Stealth Rock
|-ability|p2a: Corviknight|Pressure
|move|p1a: Tyrant's Legacy|Iron Head|p2a: Corviknight
|-resisted|p2a: Corviknight
|-damage|p2a: Corviknight|51/100
|-damage|p1a: Tyrant's Legacy|0 fnt|[from] item: Rocky Helmet|[of] p2a: Corviknight
|faint|p1a: Tyrant's Legacy
|
|upkeep
|l| hax is all i need
|
|t:|1769348794
|switch|p1a: Tyrant's Endgame|Quaquaval, M|100/100
|turn|9
|
|t:|1769348804
|move|p1a: Tyrant's Endgame|Close Combat|p2a: Corviknight
|-damage|p2a: Corviknight|3/100
|-unboost|p1a: Tyrant's Endgame|def|1
|-unboost|p1a: Tyrant's Endgame|spd|1
|-damage|p1a: Tyrant's Endgame|84/100|[from] item: Rocky Helmet|[of] p2a: Corviknight
|-damage|p1a: Tyrant's Endgame|74/100|[from] item: Life Orb
|move|p2a: Corviknight|Roost|p2a: Corviknight
|-heal|p2a: Corviknight|53/100
|-singleturn|p2a: Corviknight|move: Roost
|
|upkeep
|turn|10
|
|t:|1769348824
|switch|p1a: King Tyrant|Tyranitar, M, tera:Ghost|58/100
|-weather|Sandstorm|[from] ability: Sand Stream|[of] p1a: King Tyrant
|move|p2a: Corviknight|Roost|p2a: Corviknight
|-heal|p2a: Corviknight|100/100
|-singleturn|p2a: Corviknight|move: Roost
|
|-weather|Sandstorm|[upkeep]
|-damage|p1a: King Tyrant|52/100|[from] Sandstorm
|upkeep
|turn|11
|
|t:|1769348834
|move|p2a: Corviknight|Defog|p1a: King Tyrant
|-unboost|p1a: King Tyrant|evasion|1
|-sideend|p2: GODKUD|Stealth Rock|[from] move: Defog|[of] p2a: Corviknight
|move|p1a: King Tyrant|Knock Off|p2a: Corviknight
|-damage|p2a: Corviknight|67/100
|-damage|p1a: King Tyrant|36/100|[from] item: Rocky Helmet|[of] p2a: Corviknight
|-enditem|p2a: Corviknight|Rocky Helmet|[from] move: Knock Off|[of] p1a: King Tyrant
|
|-weather|Sandstorm|[upkeep]
|-damage|p1a: King Tyrant|29/100|[from] Sandstorm
|upkeep
|turn|12
|
|t:|1769348845
|move|p2a: Corviknight|Brave Bird|p1a: King Tyrant
|-damage|p1a: King Tyrant|3/100
|-damage|p2a: Corviknight|58/100|[from] Recoil
|move|p1a: King Tyrant|Stealth Rock|p2a: Corviknight
|-sidestart|p2: GODKUD|move: Stealth Rock
|
|-weather|Sandstorm|[upkeep]
|-damage|p1a: King Tyrant|0 fnt|[from] Sandstorm
|faint|p1a: King Tyrant
|upkeep
|
|t:|1769348860
|switch|p1a: Tyrant's Vengeance|Kingdra, F|100/100
|turn|13
|
|t:|1769348872
|move|p1a: Tyrant's Vengeance|Scald|p2a: Corviknight
|-damage|p2a: Corviknight|15/100
|-damage|p1a: Tyrant's Vengeance|91/100|[from] item: Life Orb
|move|p2a: Corviknight|Defog|p1a: Tyrant's Vengeance
|-unboost|p1a: Tyrant's Vengeance|evasion|1
|-sideend|p2: GODKUD|Stealth Rock|[from] move: Defog|[of] p2a: Corviknight
|
|-weather|Sandstorm|[upkeep]
|-damage|p1a: Tyrant's Vengeance|84/100|[from] Sandstorm
|upkeep
|turn|14
|
|t:|1769348893
|switch|p2a: Primarina|Primarina, M|100/100
|move|p1a: Tyrant's Vengeance|Weather Ball|p2a: Primarina
|-damage|p2a: Primarina|70/100
|-damage|p1a: Tyrant's Vengeance|74/100|[from] item: Life Orb
|
|-weather|none
|-heal|p2a: Primarina|76/100|[from] item: Leftovers
|upkeep
|turn|15
|
|t:|1769348902
|move|p1a: Tyrant's Vengeance|Scald|p2a: Primarina
|-resisted|p2a: Primarina
|-damage|p2a: Primarina|58/100
|-damage|p1a: Tyrant's Vengeance|65/100|[from] item: Life Orb
|move|p2a: Primarina|Calm Mind|p2a: Primarina
|-boost|p2a: Primarina|spa|1
|-boost|p2a: Primarina|spd|1
|
|-heal|p2a: Primarina|64/100|[from] item: Leftovers
|upkeep
|turn|16
|
|t:|1769348912
|move|p1a: Tyrant's Vengeance|Scald|p2a: Primarina
|-resisted|p2a: Primarina
|-damage|p2a: Primarina|51/100
|-damage|p1a: Tyrant's Vengeance|55/100|[from] item: Life Orb
|move|p2a: Primarina|Draining Kiss|p1a: Tyrant's Vengeance
|-supereffective|p1a: Tyrant's Vengeance
|-damage|p1a: Tyrant's Vengeance|0 fnt
|-heal|p2a: Primarina|84/100|[from] drain|[of] p1a: Tyrant's Vengeance
|faint|p1a: Tyrant's Vengeance
|
|-heal|p2a: Primarina|90/100|[from] item: Leftovers
|upkeep
|-message|kshuaib734 forfeited.
|
|win|GODKUD
|raw|kshuaib734's rating: 1584 &rarr; <strong>1566</strong><br />(-18 for losing)
|raw|GODKUD's rating: 1621 &rarr; <strong>1639</strong><br />(+18 for winning)
|l|☆kshuaib734
|player|p1|
|l|☆GODKUD
|player|p2|
