|j|☆keltxu
|j|☆Hamia_100
|t:|1769426157
|gametype|singles
|player|p1|keltxu|1|1378
|player|p2|Hamia_100|ghetsis|1405
|gen|9
|tier|[Gen 9] OU
|rated|
|rule|HP Percentage Mod: HP is shown in percentages
|rule|Endless Battle Clause: Forcing endless battles is banned
|rule|Species Clause: Limit one of each Pokémon
|rule|OHKO Clause: OHKO moves are banned
|rule|Evasion Items Clause: Evasion items are banned
|rule|Evasion Moves Clause: Evasion moves are banned
|rule|Evasion Abilities Clause: Evasion abilities are banned
|rule|Sleep Moves Clause: Sleep-inducing moves are banned
|clearpoke
|poke|p1|Slowking, F|
|poke|p1|Porygon2|
|poke|p1|Glastrier|
|poke|p1|Kingambit, M|
|poke|p1|Landorus-Therian, M|
|poke|p1|Torkoal, M|
|poke|p2|Iron Moth|
|poke|p2|Kingambit, M|
|poke|p2|Dragonite, F|
|poke|p2|Ogerpon-Cornerstone, F|
|poke|p2|Iron Valiant|
|poke|p2|Raging Bolt|
|teampreview
|inactive|Battle timer is ON: inactive players will automatically lose when time's up. (requested by keltxu)
|
|t:|1769426168
|teamsize|p1|6
|teamsize|p2|6
|start
|switch|p1a: Landorus|Landorus-Therian, M|100/100
|switch|p2a: Ogerpon|Ogerpon-Cornerstone, F|100/100
|-ability|p1a: Landorus|Intimidate|boost
|-unboost|p2a: Ogerpon|atk|1
|turn|1
|
|t:|1769426174
|move|p2a: Ogerpon|Swords Dance|p2a: Ogerpon
|-boost|p2a: Ogerpon|atk|2
|move|p1a: Landorus|U-turn|p2a: Ogerpon
|-supereffective|p2a: Ogerpon
|-damage|p2a: Ogerpon|44/100
|
|t:|1769426181
|switch|p1a: Porygon2|Porygon2|100/100|[from] U-turn
|-ability|p1a: Porygon2|Sturdy|Trace|[from] ability: Trace|[of] p2a: Ogerpon
|
|upkeep
|turn|2
|
|t:|1769426197
|move|p2a: Ogerpon|Power Whip|p1a: Porygon2
|-damage|p1a: Porygon2|44/100
|move|p1a: Porygon2|Trick Room|p1a: Porygon2
|-fieldstart|move: Trick Room|[of] p1a: Porygon2
|
|upkeep
|turn|3
|
|t:|1769426204
|move|p1a: Porygon2|Ice Beam|p2a: Ogerpon
|-supereffective|p2a: Ogerpon
|-damage|p2a: Ogerpon|0 fnt
|faint|p2a: Ogerpon
|
|upkeep
|
|t:|1769426217
|switch|p2a: Iron Moth|Iron Moth|100/100
|-enditem|p2a: Iron Moth|Booster Energy
|-activate|p2a: Iron Moth|ability: Quark Drive|[fromitem]
|-start|p2a: Iron Moth|quarkdrivespe
|turn|4
|
|t:|1769426229
|move|p1a: Porygon2|Recover|p1a: Porygon2
|-heal|p1a: Porygon2|94/100
|move|p2a: Iron Moth|Fiery Dance|p1a: Porygon2
|-damage|p1a: Porygon2|73/100
|-boost|p2a: Iron Moth|spa|1
|
|upkeep
|turn|5
|
|t:|1769426243
|switch|p1a: Slowking|Slowking, F|100/100
|-end|p2a: Iron Moth|Quark Drive|[silent]
|switch|p2a: Iron Valiant|Iron Valiant|100/100
|-enditem|p2a: Iron Valiant|Booster Energy
|-activate|p2a: Iron Valiant|ability: Quark Drive|[fromitem]
|-start|p2a: Iron Valiant|quarkdrivespe
|
|upkeep
|turn|6
|
|t:|1769426261
|move|p1a: Slowking|Future Sight|p2a: Iron Valiant
|-start|p1a: Slowking|move: Future Sight
|move|p2a: Iron Valiant|Knock Off|p1a: Slowking
|-supereffective|p1a: Slowking
|-enditem|p1a: Slowking|Colbur Berry|[eat]
|-enditem|p1a: Slowking|Colbur Berry|[weaken]
|-damage|p1a: Slowking|63/100
|
|-fieldend|move: Trick Room
|upkeep
|turn|7
|
|t:|1769426274
|switch|p1a: Landorus|Landorus-Therian, M|100/100
|-ability|p1a: Landorus|Intimidate|boost
|-unboost|p2a: Iron Valiant|atk|1
|move|p2a: Iron Valiant|Knock Off|p1a: Landorus
|-damage|p1a: Landorus|79/100
|-enditem|p1a: Landorus|Assault Vest|[from] move: Knock Off|[of] p2a: Iron Valiant
|
|upkeep
|turn|8
|
|t:|1769426301
|move|p2a: Iron Valiant|Close Combat|p1a: Landorus
|-resisted|p1a: Landorus
|-damage|p1a: Landorus|58/100
|-unboost|p2a: Iron Valiant|def|1
|-unboost|p2a: Iron Valiant|spd|1
|move|p1a: Landorus|U-turn|p2a: Iron Valiant
|-resisted|p2a: Iron Valiant
|-damage|p2a: Iron Valiant|91/100
|
|t:|1769426316
|switch|p1a: Slowking|Slowking, F|96/100|[from] U-turn
|
|-end|p2a: Iron Valiant|move: Future Sight
|-supereffective|p2a: Iron Valiant
|-damage|p2a: Iron Valiant|0 fnt
|faint|p2a: Iron Valiant
|-end|p2a: Iron Valiant|Quark Drive|[silent]
|upkeep
|
|t:|1769426325
|switch|p2a: Raging Bolt|Raging Bolt|100/100
|-enditem|p2a: Raging Bolt|Booster Energy
|-activate|p2a: Raging Bolt|ability: Protosynthesis|[fromitem]
|-start|p2a: Raging Bolt|protosynthesisspa
|turn|9
|
|t:|1769426333
|move|p2a: Raging Bolt|Calm Mind|p2a: Raging Bolt
|-boost|p2a: Raging Bolt|spa|1
|-boost|p2a: Raging Bolt|spd|1
|move|p1a: Slowking|Trick Room|p1a: Slowking
|-fieldstart|move: Trick Room|[of] p1a: Slowking
|
|upkeep
|turn|10
|
|t:|1769426341
|-prepare|p1a: Slowking|Chilly Reception|[premajor]
|move|p1a: Slowking|Chilly Reception|p1a: Slowking
|-weather|Snowscape
|
|t:|1769426346
|switch|p1a: Glastrier|Glastrier|100/100|[from] Chilly Reception
|move|p2a: Raging Bolt|Calm Mind|p2a: Raging Bolt
|-boost|p2a: Raging Bolt|spa|1
|-boost|p2a: Raging Bolt|spd|1
|
|-weather|Snowscape|[upkeep]
|upkeep
|turn|11
|
|t:|1769426372
|move|p2a: Raging Bolt|Thunderclap|p1a: Glastrier
|-damage|p1a: Glastrier|10/100
|move|p1a: Glastrier|Icicle Crash|p2a: Raging Bolt
|-supereffective|p2a: Raging Bolt
|-damage|p2a: Raging Bolt|0 fnt
|faint|p2a: Raging Bolt
|-end|p2a: Raging Bolt|Protosynthesis|[silent]
|-ability|p1a: Glastrier|Chilling Neigh|boost
|-boost|p1a: Glastrier|atk|1
|
|-weather|Snowscape|[upkeep]
|-heal|p1a: Glastrier|17/100|[from] item: Leftovers
|upkeep
|
|t:|1769426381
|switch|p2a: Iron Moth|Iron Moth|100/100
|turn|12
|
|t:|1769426387
|move|p1a: Glastrier|High Horsepower|p2a: Iron Moth
|-supereffective|p2a: Iron Moth
|-damage|p2a: Iron Moth|0 fnt
|faint|p2a: Iron Moth
|-end|p2a: Iron Moth|Quark Drive|[silent]
|-ability|p1a: Glastrier|Chilling Neigh|boost
|-boost|p1a: Glastrier|atk|1
|
|-weather|Snowscape|[upkeep]
|-heal|p1a: Glastrier|23/100|[from] item: Leftovers
|upkeep
|
|t:|1769426395
|switch|p2a: Dragonite|Dragonite, F|100/100
|turn|13
|
|t:|1769426399
|move|p1a: Glastrier|Rest|p1a: Glastrier
|-status|p1a: Glastrier|slp|[from] move: Rest
|-heal|p1a: Glastrier|100/100 slp|[silent]
|move|p2a: Dragonite|Dragon Dance|p2a: Dragonite
|-boost|p2a: Dragonite|atk|1
|-boost|p2a: Dragonite|spe|1
|
|-weather|Snowscape|[upkeep]
|-fieldend|move: Trick Room
|upkeep
|turn|14
|
|t:|1769426413
|move|p2a: Dragonite|Dragon Dance|p2a: Dragonite
|-boost|p2a: Dragonite|atk|1
|-boost|p2a: Dragonite|spe|1
|cant|p1a: Glastrier|slp
|move|p1a: Glastrier|Sleep Talk|p1a: Glastrier
|move|p1a: Glastrier|High Horsepower|p2a: Dragonite|[from] move: Sleep Talk
|-immune|p2a: Dragonite
|
|-weather|none
|upkeep
|turn|15
|
|t:|1769426425
|move|p2a: Dragonite|Earthquake|p1a: Glastrier
|-damage|p1a: Glastrier|45/100 slp
|cant|p1a: Glastrier|slp
|move|p1a: Glastrier|Sleep Talk|p1a: Glastrier
|move|p1a: Glastrier|High Horsepower|p2a: Dragonite|[from] move: Sleep Talk
|-immune|p2a: Dragonite
|
|-heal|p1a: Glastrier|51/100 slp|[from] item: Leftovers
|upkeep
|turn|16
|
|t:|1769426435
|switch|p1a: Landorus|Landorus-Therian, M|58/100
|-ability|p1a: Landorus|Intimidate|boost
|-unboost|p2a: Dragonite|atk|1
|move|p2a: Dragonite|Earthquake|p1a: Landorus
|-immune|p1a: Landorus
|
|upkeep
|turn|17
|
|t:|1769426445
|-terastallize|p2a: Dragonite|Flying
|move|p2a: Dragonite|Tera Blast|p1a: Landorus|[anim] Tera Blast Flying
|-damage|p1a: Landorus|0 fnt
|faint|p1a: Landorus
|
|upkeep
|
|t:|1769426454
|switch|p1a: Porygon2|Porygon2|73/100
|-ability|p1a: Porygon2|Multiscale|Trace|[from] ability: Trace|[of] p2a: Dragonite
|turn|18
|
|t:|1769426461
|move|p2a: Dragonite|Earthquake|p1a: Porygon2
|-damage|p1a: Porygon2|38/100
|move|p1a: Porygon2|Trick Room|p1a: Porygon2
|-fieldstart|move: Trick Room|[of] p1a: Porygon2
|
|upkeep
|turn|19
|
|t:|1769426465
|move|p1a: Porygon2|Ice Beam|p2a: Dragonite
|-supereffective|p2a: Dragonite
|-crit|p2a: Dragonite
|-damage|p2a: Dragonite|69/100
|move|p2a: Dragonite|Dragon Dance|p2a: Dragonite
|-boost|p2a: Dragonite|atk|1
|-boost|p2a: Dragonite|spe|1
|
|upkeep
|turn|20
|
|t:|1769426474
|move|p1a: Porygon2|Ice Beam|p2a: Dragonite
|-supereffective|p2a: Dragonite
|-damage|p2a: Dragonite|23/100
|move|p2a: Dragonite|Dragon Dance|p2a: Dragonite
|-boost|p2a: Dragonite|atk|1
|-boost|p2a: Dragonite|spe|1
|
|upkeep
|turn|21
|
|t:|1769426481
|move|p2a: Dragonite|Extreme Speed|p1a: Porygon2
|-damage|p1a: Porygon2|0 fnt
|faint|p1a: Porygon2
|
|upkeep
|
|t:|1769426494
|switch|p1a: Torkoal|Torkoal, M|100/100
|-weather|SunnyDay|[from] ability: Drought|[of] p1a: Torkoal
|turn|22
|
|t:|1769426505
|move|p2a: Dragonite|Extreme Speed|p1a: Torkoal
|-damage|p1a: Torkoal|44/100
|move|p1a: Torkoal|Flamethrower|p2a: Dragonite
|-damage|p2a: Dragonite|0 fnt
|faint|p2a: Dragonite
|
|-weather|SunnyDay|[upkeep]
|-fieldend|move: Trick Room
|upkeep
|
|t:|1769426512
|switch|p2a: Kingambit|Kingambit, M|100/100
|-activate|p2a: Kingambit|ability: Supreme Overlord
|-start|p2a: Kingambit|fallen5|[silent]
|turn|23
|
|t:|1769426520
|move|p2a: Kingambit|Swords Dance|p2a: Kingambit
|-boost|p2a: Kingambit|atk|2
|move|p1a: Torkoal|Flamethrower|p2a: Kingambit
|-supereffective|p2a: Kingambit
|-damage|p2a: Kingambit|0 fnt
|faint|p2a: Kingambit
|-end|p2a: Kingambit|fallen5|[silent]
|
|win|keltxu
|raw|keltxu's rating: 1378 &rarr; <strong>1400</strong><br />(+22 for winning)
|raw|Hamia_100's rating: 1405 &rarr; <strong>1383</strong><br />(-22 for losing)
|l|☆keltxu
|player|p1|
|l|☆Hamia_100
|player|p2|
