|j|☆Lin wen di
|j|☆ashyboyalola
|t:|1769424548
|gametype|singles
|player|p1|Lin wen di|maid|1162
|player|p2|ashyboyalola|265|1115
|gen|9
|tier|[Gen 9] OU
|rated|
|rule|HP Percentage Mod: HP is shown in percentages
|rule|Endless Battle Clause: Forcing endless battles is banned
|rule|Species Clause: Limit one of each Pokémon
|rule|OHKO Clause: OHKO moves are banned
|rule|Evasion Items Clause: Evasion items are banned
|rule|Evasion Moves Clause: Evasion moves are banned
|rule|Evasion Abilities Clause: Evasion abilities are banned
|rule|Sleep Moves Clause: Sleep-inducing moves are banned
|clearpoke
|poke|p1|Kingambit, F|
|poke|p1|Chesnaught, F|
|poke|p1|Torterra, M|
|poke|p1|Slowbro, F|
|poke|p1|Samurott-Hisui, M|
|poke|p1|Arcanine-Hisui, M|
|poke|p2|Enamorus, F|
|poke|p2|Dragonite, F|
|poke|p2|Latios, M|
|poke|p2|Rotom-Wash|
|poke|p2|Cryogonal|
|poke|p2|Arcanine-Hisui, F|
|teampreview
|inactive|Battle timer is ON: inactive players will automatically lose when time's up. (requested by Lin wen di)
|
|t:|1769424561
|teamsize|p1|6
|teamsize|p2|6
|start
|switch|p1a: Torterra|Torterra, M|100/100
|switch|p2a: hexice|Cryogonal|100/100
|turn|1
|
|t:|1769424570
|move|p2a: hexice|Freeze-Dry|p1a: Torterra
|-supereffective|p1a: Torterra
|-damage|p1a: Torterra|0 fnt
|faint|p1a: Torterra
|
|upkeep
|
|t:|1769424577
|switch|p1a: Arcanine|Arcanine-Hisui, M|100/100
|turn|2
|
|t:|1769424583
|switch|p2a: washing machine|Rotom-Wash|100/100
|move|p1a: Arcanine|Head Smash|p2a: washing machine
|-damage|p2a: washing machine|0 fnt
|faint|p2a: washing machine
|
|upkeep
|
|t:|1769424602
|switch|p2a: My Pet Boy|Arcanine-Hisui, F|100/100
|turn|3
|
|t:|1769424606
|move|p1a: Arcanine|Head Smash|p2a: My Pet Boy
|-supereffective|p2a: My Pet Boy
|-enditem|p2a: My Pet Boy|Focus Sash
|-damage|p2a: My Pet Boy|1/100
|move|p2a: My Pet Boy|Close Combat|p1a: Arcanine
|-supereffective|p1a: Arcanine
|-damage|p1a: Arcanine|4/100
|-unboost|p2a: My Pet Boy|def|1
|-unboost|p2a: My Pet Boy|spd|1
|
|upkeep
|turn|4
|
|t:|1769424617
|switch|p1a: Slowbro|Slowbro, F|100/100
|move|p2a: My Pet Boy|Extreme Speed|p1a: Slowbro
|-damage|p1a: Slowbro|85/100
|-damage|p2a: My Pet Boy|0 fnt|[from] item: Rocky Helmet|[of] p1a: Slowbro
|faint|p2a: My Pet Boy
|
|upkeep
|
|t:|1769424637
|switch|p2a: hexice|Cryogonal|100/100
|turn|5
|
|t:|1769424641
|switch|p1a: Kingambit|Kingambit, F|100/100
|-activate|p1a: Kingambit|ability: Supreme Overlord
|-start|p1a: Kingambit|fallen1|[silent]
|move|p2a: hexice|Freeze-Dry|p1a: Kingambit
|-resisted|p1a: Kingambit
|-damage|p1a: Kingambit|89/100
|-status|p1a: Kingambit|frz
|
|upkeep
|turn|6
|
|t:|1769424651
|switch|p2a: thick dragoon|Dragonite, F|100/100
|cant|p1a: Kingambit|frz
|
|upkeep
|turn|7
|
|t:|1769424656
|-end|p1a: Kingambit|fallen1|[silent]
|switch|p1a: Chesnaught|Chesnaught, F|100/100
|move|p2a: thick dragoon|Dragon Dance|p2a: thick dragoon
|-boost|p2a: thick dragoon|atk|1
|-boost|p2a: thick dragoon|spe|1
|
|upkeep
|turn|8
|
|t:|1769424662
|move|p2a: thick dragoon|Ice Spinner|p1a: Chesnaught
|-supereffective|p1a: Chesnaught
|-damage|p1a: Chesnaught|38/100
|-damage|p2a: thick dragoon|84/100|[from] item: Rocky Helmet|[of] p1a: Chesnaught
|move|p1a: Chesnaught|Leech Seed|p2a: thick dragoon
|-start|p2a: thick dragoon|move: Leech Seed
|
|-damage|p2a: thick dragoon|72/100|[from] Leech Seed|[of] p1a: Chesnaught
|-heal|p1a: Chesnaught|48/100|[silent]
|upkeep
|turn|9
|
|t:|1769424671
|move|p1a: Chesnaught|Spiky Shield|p1a: Chesnaught
|-singleturn|p1a: Chesnaught|move: Protect
|move|p2a: thick dragoon|Ice Spinner|p1a: Chesnaught
|-activate|p1a: Chesnaught|move: Protect
|-damage|p2a: thick dragoon|59/100|[from] Spiky Shield|[of] p1a: Chesnaught
|
|-damage|p2a: thick dragoon|47/100|[from] Leech Seed|[of] p1a: Chesnaught
|-heal|p1a: Chesnaught|59/100|[silent]
|upkeep
|turn|10
|-message|ashyboyalola forfeited.
|
|win|Lin wen di
|raw|Lin wen di's rating: 1162 &rarr; <strong>1184</strong><br />(+22 for winning)
|raw|ashyboyalola's rating: 1115 &rarr; <strong>1093</strong><br />(-22 for losing)
|l|☆ashyboyalola
|player|p2|
|l|☆Lin wen di
|player|p1|
