|j|☆kuzwa
|j|☆geckomoriakagenomi
|t:|1769313253
|gametype|singles
|player|p1|kuzwa|clerk|1136
|player|p2|geckomoriakagenomi|scientist-gen4|1077
|gen|9
|tier|[Gen 9] OU
|rated|
|rule|HP Percentage Mod: HP is shown in percentages
|rule|Endless Battle Clause: Forcing endless battles is banned
|rule|Species Clause: Limit one of each Pokémon
|rule|OHKO Clause: OHKO moves are banned
|rule|Evasion Items Clause: Evasion items are banned
|rule|Evasion Moves Clause: Evasion moves are banned
|rule|Evasion Abilities Clause: Evasion abilities are banned
|rule|Sleep Moves Clause: Sleep-inducing moves are banned
|clearpoke
|poke|p1|Dragapult, M|
|poke|p1|Great Tusk|
|poke|p1|Slowking-Galar, M|
|poke|p1|Grafaiai, M|
|poke|p1|Alomomola, M|
|poke|p1|Weezing-Galar, M|
|poke|p2|Gogoat, M|
|poke|p2|Dachsbun, F|
|poke|p2|Kricketune, F|
|poke|p2|Donphan, M|
|poke|p2|Passimian, M|
|poke|p2|Hydreigon, M|
|teampreview
|inactive|Battle timer is ON: inactive players will automatically lose when time's up. (requested by kuzwa)
|
|t:|1769313262
|teamsize|p1|6
|teamsize|p2|6
|start
|switch|p1a: Joga|Grafaiai, M|100/100
|switch|p2a: Kricketune|Kricketune, F|100/100
|turn|1
|
|t:|1769313268
|move|p1a: Joga|Toxic|p2a: Kricketune
|-status|p2a: Kricketune|tox
|move|p2a: Kricketune|Taunt|p1a: Joga
|-start|p1a: Joga|move: Taunt
|
|-damage|p2a: Kricketune|94/100 tox|[from] psn
|upkeep
|turn|2
|
|t:|1769313272
|move|p1a: Joga|Knock Off|p2a: Kricketune
|-damage|p2a: Kricketune|51/100 tox
|-enditem|p2a: Kricketune|Focus Sash|[from] move: Knock Off|[of] p1a: Joga
|move|p2a: Kricketune|Sticky Web|p1a: Joga
|-sidestart|p1: kuzwa|move: Sticky Web
|
|-damage|p2a: Kricketune|39/100 tox|[from] psn
|upkeep
|turn|3
|
|t:|1769313280
|move|p1a: Joga|Knock Off|p2a: Kricketune
|-damage|p2a: Kricketune|13/100 tox
|move|p2a: Kricketune|Facade|p1a: Joga
|-damage|p1a: Joga|44/100
|
|-damage|p2a: Kricketune|0 fnt|[from] psn
|faint|p2a: Kricketune
|upkeep
|inactive|geckomoriakagenomi has 120 seconds left.
|
|t:|1769313315
|switch|p2a: Hydreigon|Hydreigon, M|100/100
|turn|4
|
|t:|1769313330
|switch|p1a: Emergency|Weezing-Galar, M|100/100
|-ability|p1a: Emergency|Neutralizing Gas
|move|p2a: Hydreigon|Dark Pulse|p1a: Emergency
|-resisted|p1a: Emergency
|-damage|p1a: Emergency|57/100
|
|upkeep
|turn|5
|
|t:|1769313337
|switch|p2a: Dachsbun|Dachsbun, F|100/100
|move|p1a: Emergency|Toxic|p2a: Dachsbun
|-status|p2a: Dachsbun|tox
|
|-damage|p2a: Dachsbun|95/100 tox|[from] psn
|upkeep
|turn|6
|
|t:|1769313357
|switch|p2a: Donphan|Donphan, M|100/100
|-end|p1a: Emergency|ability: Neutralizing Gas
|switch|p1a: Unworthy of Name|Alomomola, M|100/100
|-activate|p1a: Unworthy of Name|move: Sticky Web
|-unboost|p1a: Unworthy of Name|spe|1
|
|upkeep
|turn|7
|
|t:|1769313365
|move|p2a: Donphan|Knock Off|p1a: Unworthy of Name
|-damage|p1a: Unworthy of Name|82/100
|-damage|p2a: Donphan|84/100|[from] item: Rocky Helmet|[of] p1a: Unworthy of Name
|-enditem|p1a: Unworthy of Name|Rocky Helmet|[from] move: Knock Off|[of] p2a: Donphan
|move|p1a: Unworthy of Name|Wish|p1a: Unworthy of Name
|
|-heal|p2a: Donphan|90/100|[from] item: Leftovers
|upkeep
|turn|8
|
|t:|1769313375
|switch|p2a: Dachsbun|Dachsbun, F|95/100 tox
|move|p1a: Unworthy of Name|Flip Turn|p2a: Dachsbun
|-damage|p2a: Dachsbun|83/100 tox
|
|t:|1769313381
|switch|p1a: Joga|Grafaiai, M|44/100|[from] Flip Turn
|
|-heal|p1a: Joga|100/100|[from] move: Wish|[wisher] Unworthy of Name
|-damage|p2a: Dachsbun|77/100 tox|[from] psn
|upkeep
|turn|9
|
|t:|1769313389
|move|p1a: Joga|Knock Off|p2a: Dachsbun
|-resisted|p2a: Dachsbun
|-damage|p2a: Dachsbun|70/100 tox
|-enditem|p2a: Dachsbun|Heavy-Duty Boots|[from] move: Knock Off|[of] p1a: Joga
|move|p2a: Dachsbun|Body Press|p1a: Joga
|-damage|p1a: Joga|57/100
|
|-damage|p2a: Dachsbun|58/100 tox|[from] psn
|upkeep
|turn|10
|
|t:|1769313398
|move|p1a: Joga|Parting Shot|p2a: Dachsbun
|-unboost|p2a: Dachsbun|atk|1
|-unboost|p2a: Dachsbun|spa|1
|
|t:|1769313400
|switch|p1a: Unworthy of Name|Alomomola, M|100/100|[from] Parting Shot
|-activate|p1a: Unworthy of Name|move: Sticky Web
|-unboost|p1a: Unworthy of Name|spe|1
|move|p2a: Dachsbun|Body Press|p1a: Unworthy of Name
|-damage|p1a: Unworthy of Name|87/100
|
|-damage|p2a: Dachsbun|40/100 tox|[from] psn
|upkeep
|turn|11
|
|t:|1769313411
|switch|p2a: Hydreigon|Hydreigon, M|100/100
|move|p1a: Unworthy of Name|Wish|p1a: Unworthy of Name
|
|upkeep
|turn|12
|
|t:|1769313419
|move|p1a: Unworthy of Name|Protect|p1a: Unworthy of Name
|-singleturn|p1a: Unworthy of Name|Protect
|move|p2a: Hydreigon|U-turn|p1a: Unworthy of Name
|-activate|p1a: Unworthy of Name|move: Protect
|
|-heal|p1a: Unworthy of Name|100/100|[from] move: Wish|[wisher] Unworthy of Name
|upkeep
|turn|13
|
|t:|1769313424
|move|p2a: Hydreigon|U-turn|p1a: Unworthy of Name
|-damage|p1a: Unworthy of Name|93/100
|
|t:|1769313428
|switch|p2a: Dachsbun|Dachsbun, F|40/100 tox|[from] U-turn
|move|p1a: Unworthy of Name|Wish|p1a: Unworthy of Name
|
|-damage|p2a: Dachsbun|34/100 tox|[from] psn
|upkeep
|turn|14
|
|t:|1769313436
|switch|p2a: Passimian|Passimian, M|100/100
|move|p1a: Unworthy of Name|Flip Turn|p2a: Passimian
|-crit|p2a: Passimian
|-damage|p2a: Passimian|74/100
|
|t:|1769313443
|switch|p1a: Emergency|Weezing-Galar, M|57/100|[from] Flip Turn
|-ability|p1a: Emergency|Neutralizing Gas
|
|-heal|p1a: Emergency|100/100|[from] move: Wish|[wisher] Unworthy of Name
|upkeep
|turn|15
|
|t:|1769313448
|move|p2a: Passimian|Iron Head|p1a: Emergency
|-supereffective|p1a: Emergency
|-damage|p1a: Emergency|64/100
|move|p1a: Emergency|Toxic|p2a: Passimian
|-status|p2a: Passimian|tox
|
|-damage|p2a: Passimian|68/100 tox|[from] psn
|upkeep
|turn|16
|
|t:|1769313454
|-end|p1a: Emergency|ability: Neutralizing Gas
|switch|p1a: Unworthy of Name|Alomomola, M|100/100
|-activate|p1a: Unworthy of Name|move: Sticky Web
|-unboost|p1a: Unworthy of Name|spe|1
|move|p2a: Passimian|Iron Head|p1a: Unworthy of Name
|-resisted|p1a: Unworthy of Name
|-damage|p1a: Unworthy of Name|94/100
|
|-damage|p2a: Passimian|56/100 tox|[from] psn
|upkeep
|turn|17
|
|t:|1769313459
|move|p2a: Passimian|Drain Punch|p1a: Unworthy of Name
|-damage|p1a: Unworthy of Name|74/100
|-heal|p2a: Passimian|72/100 tox|[from] drain|[of] p1a: Unworthy of Name
|move|p1a: Unworthy of Name|Wish|p1a: Unworthy of Name
|
|-damage|p2a: Passimian|53/100 tox|[from] psn
|upkeep
|turn|18
|
|t:|1769313463
|move|p1a: Unworthy of Name|Protect|p1a: Unworthy of Name
|-singleturn|p1a: Unworthy of Name|Protect
|move|p2a: Passimian|Drain Punch|p1a: Unworthy of Name
|-activate|p1a: Unworthy of Name|move: Protect
|
|-heal|p1a: Unworthy of Name|100/100|[from] move: Wish|[wisher] Unworthy of Name
|-damage|p2a: Passimian|29/100 tox|[from] psn
|upkeep
|turn|19
|
|t:|1769313467
|move|p2a: Passimian|Drain Punch|p1a: Unworthy of Name
|-damage|p1a: Unworthy of Name|82/100
|-heal|p2a: Passimian|43/100 tox|[from] drain|[of] p1a: Unworthy of Name
|move|p1a: Unworthy of Name|Wish|p1a: Unworthy of Name
|
|-damage|p2a: Passimian|12/100 tox|[from] psn
|upkeep
|turn|20
|
|t:|1769313470
|move|p2a: Passimian|Drain Punch|p1a: Unworthy of Name
|-damage|p1a: Unworthy of Name|63/100
|-heal|p2a: Passimian|28/100 tox|[from] drain|[of] p1a: Unworthy of Name
|move|p1a: Unworthy of Name|Flip Turn|p2a: Passimian
|-damage|p2a: Passimian|11/100 tox
|
|t:|1769313475
|switch|p1a: Emergency|Weezing-Galar, M|64/100|[from] Flip Turn
|-ability|p1a: Emergency|Neutralizing Gas
|
|-heal|p1a: Emergency|100/100|[from] move: Wish|[wisher] Unworthy of Name
|-damage|p2a: Passimian|0 fnt|[from] psn
|faint|p2a: Passimian
|upkeep
|
|t:|1769313482
|switch|p2a: Donphan|Donphan, M|90/100
|turn|21
|
|t:|1769313491
|-end|p1a: Emergency|ability: Neutralizing Gas
|switch|p1a: Unworthy of Name|Alomomola, M|96/100
|-activate|p1a: Unworthy of Name|move: Sticky Web
|-unboost|p1a: Unworthy of Name|spe|1
|move|p2a: Donphan|Earthquake|p1a: Unworthy of Name
|-damage|p1a: Unworthy of Name|69/100
|
|-heal|p2a: Donphan|96/100|[from] item: Leftovers
|upkeep
|turn|22
|inactive|geckomoriakagenomi has 120 seconds left.
|inactive|geckomoriakagenomi has 90 seconds left.
|c|☆kuzwa|Burrp
|inactive|geckomoriakagenomi has 60 seconds left.
|c|☆kuzwa|Is that gg
|inactive|geckomoriakagenomi has 30 seconds left.
|inactive|geckomoriakagenomi has 20 seconds left.
|inactive|geckomoriakagenomi has 15 seconds left.
|inactive|geckomoriakagenomi has 10 seconds left.
|inactive|geckomoriakagenomi has 5 seconds left.
|c|☆kuzwa|I hate stall too
|-message|geckomoriakagenomi lost due to inactivity.
|
|win|kuzwa
|raw|kuzwa's rating: 1136 &rarr; <strong>1157</strong><br />(+21 for winning)
|raw|geckomoriakagenomi's rating: 1077 &rarr; <strong>1059</strong><br />(-18 for losing)
|l|☆kuzwa
|player|p1|
|l|☆geckomoriakagenomi
|player|p2|
