|j|☆aboda
|j|☆kyuremhardwin
|t:|1769335497
|gametype|singles
|player|p1|aboda|pokemonranger-gen4|1322
|player|p2|kyuremhardwin|2|1373
|gen|9
|tier|[Gen 9] OU
|rated|
|rule|HP Percentage Mod: HP is shown in percentages
|rule|Endless Battle Clause: Forcing endless battles is banned
|rule|Species Clause: Limit one of each Pokémon
|rule|OHKO Clause: OHKO moves are banned
|rule|Evasion Items Clause: Evasion items are banned
|rule|Evasion Moves Clause: Evasion moves are banned
|rule|Evasion Abilities Clause: Evasion abilities are banned
|rule|Sleep Moves Clause: Sleep-inducing moves are banned
|clearpoke
|poke|p1|Dragonite, M|
|poke|p1|Torkoal, F|
|poke|p1|Venusaur, F|
|poke|p1|Corviknight, F|
|poke|p1|Chansey, F|
|poke|p1|Great Tusk|
|poke|p2|Kyurem|
|poke|p2|Blissey, F|
|poke|p2|Talonflame, M|
|poke|p2|Weezing-Galar, F|
|poke|p2|Dondozo, M|
|poke|p2|Cresselia, F|
|teampreview
|inactive|Battle timer is ON: inactive players will automatically lose when time's up. (requested by aboda)
|
|t:|1769335503
|teamsize|p1|6
|teamsize|p2|6
|start
|switch|p1a: Great Tusk|Great Tusk|100/100
|switch|p2a: Kyurem|Kyurem|100/100
|-ability|p2a: Kyurem|Pressure
|turn|1
|
|t:|1769335509
|move|p2a: Kyurem|Substitute|p2a: Kyurem
|-start|p2a: Kyurem|Substitute
|-damage|p2a: Kyurem|75/100
|move|p1a: Great Tusk|Close Combat|p2a: Kyurem
|-supereffective|p2a: Kyurem
|-end|p2a: Kyurem|Substitute
|-unboost|p1a: Great Tusk|def|1
|-unboost|p1a: Great Tusk|spd|1
|
|-heal|p2a: Kyurem|82/100|[from] item: Leftovers
|upkeep
|turn|2
|
|t:|1769335513
|-end|p1a: Great Tusk|Protosynthesis|[silent]
|switch|p1a: Corviknight|Corviknight, F|100/100
|move|p2a: Kyurem|Freeze-Dry|p1a: Corviknight
|-damage|p1a: Corviknight|68/100
|
|-heal|p2a: Kyurem|88/100|[from] item: Leftovers
|upkeep
|turn|3
|
|t:|1769335516
|move|p2a: Kyurem|Protect|p2a: Kyurem
|-singleturn|p2a: Kyurem|Protect
|move|p1a: Corviknight|Iron Head|p2a: Kyurem
|-activate|p2a: Kyurem|move: Protect
|
|-heal|p2a: Kyurem|94/100|[from] item: Leftovers
|upkeep
|turn|4
|
|t:|1769335525
|switch|p2a: Talonflame|Talonflame, M|100/100
|move|p1a: Corviknight|Iron Head|p2a: Talonflame
|-resisted|p2a: Talonflame
|-damage|p2a: Talonflame|89/100
|-status|p1a: Corviknight|brn|[from] ability: Flame Body|[of] p2a: Talonflame
|
|-damage|p1a: Corviknight|62/100 brn|[from] brn
|upkeep
|turn|5
|
|t:|1769335532
|switch|p2a: Kyurem|Kyurem|94/100
|-ability|p2a: Kyurem|Pressure
|switch|p1a: Torkoal|Torkoal, F|100/100
|-weather|SunnyDay|[from] ability: Drought|[of] p1a: Torkoal
|
|-weather|SunnyDay|[upkeep]
|-heal|p2a: Kyurem|99/100|[from] item: Leftovers
|upkeep
|turn|6
|
|t:|1769335547
|move|p2a: Kyurem|Substitute|p2a: Kyurem
|-start|p2a: Kyurem|Substitute
|-damage|p2a: Kyurem|75/100
|move|p1a: Torkoal|Lava Plume|p2a: Kyurem
|-end|p2a: Kyurem|Substitute
|
|-weather|SunnyDay|[upkeep]
|-heal|p2a: Kyurem|81/100|[from] item: Leftovers
|upkeep
|turn|7
|
|t:|1769335553
|-terastallize|p2a: Kyurem|Ground
|move|p2a: Kyurem|Earth Power|p1a: Torkoal
|-supereffective|p1a: Torkoal
|-damage|p1a: Torkoal|20/100
|-enditem|p1a: Torkoal|Red Card|[of] p2a: Kyurem
|drag|p2a: Cresselia|Cresselia, F|100/100
|move|p1a: Torkoal|Lava Plume|p2a: Cresselia
|-damage|p2a: Cresselia|78/100
|-status|p2a: Cresselia|brn
|
|-weather|SunnyDay|[upkeep]
|-damage|p2a: Cresselia|72/100 brn|[from] brn
|upkeep
|turn|8
|
|t:|1769335562
|move|p2a: Cresselia|Lunar Dance|p2a: Cresselia
|faint|p2a: Cresselia
|move|p1a: Torkoal|Stealth Rock|p2: Cresselia
|-sidestart|p2: kyuremhardwin|move: Stealth Rock
|
|-weather|SunnyDay|[upkeep]
|upkeep
|
|t:|1769335567
|switch|p2a: Kyurem|Kyurem, tera:Ground|81/100
|-heal|p2a: Kyurem|100/100|[from] move: Lunar Dance
|-damage|p2a: Kyurem|94/100|[from] Stealth Rock
|-ability|p2a: Kyurem|Pressure
|turn|9
|
|t:|1769335574
|switch|p1a: Chansey|Chansey, F|100/100
|move|p2a: Kyurem|Substitute|p2a: Kyurem
|-start|p2a: Kyurem|Substitute
|-damage|p2a: Kyurem|69/100
|
|-weather|none
|-heal|p2a: Kyurem|75/100|[from] item: Leftovers
|upkeep
|turn|10
|
|t:|1769335580
|move|p2a: Kyurem|Protect|p2a: Kyurem
|-singleturn|p2a: Kyurem|Protect
|move|p1a: Chansey|Seismic Toss|p2a: Kyurem
|-activate|p2a: Kyurem|move: Protect
|
|-heal|p2a: Kyurem|82/100|[from] item: Leftovers
|upkeep
|turn|11
|
|t:|1769335586
|move|p2a: Kyurem|Freeze-Dry|p1a: Chansey
|-damage|p1a: Chansey|93/100
|-status|p1a: Chansey|frz
|-curestatus|p1a: Chansey|frz|[msg]
|move|p1a: Chansey|Seismic Toss|p2a: Kyurem
|-activate|p2a: Kyurem|move: Substitute|[damage]
|
|-heal|p2a: Kyurem|88/100|[from] item: Leftovers
|upkeep
|turn|12
|
|t:|1769335594
|move|p2a: Kyurem|Protect|p2a: Kyurem
|-singleturn|p2a: Kyurem|Protect
|move|p1a: Chansey|Seismic Toss|p2a: Kyurem
|-activate|p2a: Kyurem|move: Protect
|
|-heal|p2a: Kyurem|94/100|[from] item: Leftovers
|upkeep
|turn|13
|
|t:|1769335599
|move|p2a: Kyurem|Freeze-Dry|p1a: Chansey
|-damage|p1a: Chansey|84/100
|move|p1a: Chansey|Seismic Toss|p2a: Kyurem
|-end|p2a: Kyurem|Substitute
|
|-heal|p2a: Kyurem|99/100|[from] item: Leftovers
|upkeep
|turn|14
|
|t:|1769335605
|move|p2a: Kyurem|Substitute|p2a: Kyurem
|-start|p2a: Kyurem|Substitute
|-damage|p2a: Kyurem|75/100
|move|p1a: Chansey|Seismic Toss|p2a: Kyurem
|-activate|p2a: Kyurem|move: Substitute|[damage]
|
|-heal|p2a: Kyurem|81/100|[from] item: Leftovers
|upkeep
|turn|15
|
|t:|1769335620
|move|p2a: Kyurem|Freeze-Dry|p1a: Chansey
|-damage|p1a: Chansey|76/100
|move|p1a: Chansey|Thunder Wave|p2a: Kyurem
|-immune|p2a: Kyurem
|
|-heal|p2a: Kyurem|88/100|[from] item: Leftovers
|upkeep
|turn|16
|
|t:|1769335627
|move|p2a: Kyurem|Protect|p2a: Kyurem
|-singleturn|p2a: Kyurem|Protect
|move|p1a: Chansey|Seismic Toss|p2a: Kyurem
|-activate|p2a: Kyurem|move: Protect
|
|-heal|p2a: Kyurem|94/100|[from] item: Leftovers
|upkeep
|turn|17
|
|t:|1769335632
|move|p2a: Kyurem|Freeze-Dry|p1a: Chansey
|-crit|p1a: Chansey
|-damage|p1a: Chansey|64/100
|move|p1a: Chansey|Seismic Toss|p2a: Kyurem
|-end|p2a: Kyurem|Substitute
|
|-heal|p2a: Kyurem|99/100|[from] item: Leftovers
|upkeep
|turn|18
|
|t:|1769335637
|move|p2a: Kyurem|Substitute|p2a: Kyurem
|-start|p2a: Kyurem|Substitute
|-damage|p2a: Kyurem|75/100
|move|p1a: Chansey|Seismic Toss|p2a: Kyurem
|-activate|p2a: Kyurem|move: Substitute|[damage]
|
|-heal|p2a: Kyurem|81/100|[from] item: Leftovers
|upkeep
|turn|19
|
|t:|1769335641
|move|p2a: Kyurem|Freeze-Dry|p1a: Chansey
|-damage|p1a: Chansey|55/100
|move|p1a: Chansey|Thunder Wave|p2a: Kyurem
|-immune|p2a: Kyurem
|
|-heal|p2a: Kyurem|87/100|[from] item: Leftovers
|upkeep
|turn|20
|
|t:|1769335644
|move|p2a: Kyurem|Freeze-Dry|p1a: Chansey
|-damage|p1a: Chansey|46/100
|move|p1a: Chansey|Thunder Wave|p2a: Kyurem
|-immune|p2a: Kyurem
|
|-heal|p2a: Kyurem|94/100|[from] item: Leftovers
|upkeep
|turn|21
|
|t:|1769335647
|move|p2a: Kyurem|Protect|p2a: Kyurem
|-singleturn|p2a: Kyurem|Protect
|move|p1a: Chansey|Soft-Boiled|p1a: Chansey
|-heal|p1a: Chansey|96/100
|
|-heal|p2a: Kyurem|99/100|[from] item: Leftovers
|upkeep
|turn|22
|
|t:|1769335654
|move|p2a: Kyurem|Freeze-Dry|p1a: Chansey
|-damage|p1a: Chansey|88/100
|move|p1a: Chansey|Seismic Toss|p2a: Kyurem
|-end|p2a: Kyurem|Substitute
|
|-heal|p2a: Kyurem|100/100|[from] item: Leftovers
|upkeep
|turn|23
|
|t:|1769335660
|move|p2a: Kyurem|Substitute|p2a: Kyurem
|-start|p2a: Kyurem|Substitute
|-damage|p2a: Kyurem|75/100
|move|p1a: Chansey|Seismic Toss|p2a: Kyurem
|-activate|p2a: Kyurem|move: Substitute|[damage]
|
|-heal|p2a: Kyurem|82/100|[from] item: Leftovers
|upkeep
|turn|24
|
|t:|1769335667
|move|p2a: Kyurem|Protect|p2a: Kyurem
|-singleturn|p2a: Kyurem|Protect
|move|p1a: Chansey|Seismic Toss|p2a: Kyurem
|-activate|p2a: Kyurem|move: Protect
|
|-heal|p2a: Kyurem|88/100|[from] item: Leftovers
|upkeep
|turn|25
|
|t:|1769335672
|move|p2a: Kyurem|Freeze-Dry|p1a: Chansey
|-damage|p1a: Chansey|80/100
|move|p1a: Chansey|Seismic Toss|p2a: Kyurem
|-end|p2a: Kyurem|Substitute
|
|-heal|p2a: Kyurem|94/100|[from] item: Leftovers
|upkeep
|turn|26
|
|t:|1769335683
|switch|p1a: Corviknight|Corviknight, F|62/100 brn
|move|p2a: Kyurem|Substitute|p2a: Kyurem
|-start|p2a: Kyurem|Substitute
|-damage|p2a: Kyurem|69/100
|
|-heal|p2a: Kyurem|75/100|[from] item: Leftovers
|-damage|p1a: Corviknight|56/100 brn|[from] brn
|upkeep
|turn|27
|
|t:|1769335687
|move|p2a: Kyurem|Protect|p2a: Kyurem
|-singleturn|p2a: Kyurem|Protect
|move|p1a: Corviknight|Roost|p1a: Corviknight
|-heal|p1a: Corviknight|100/100 brn
|-singleturn|p1a: Corviknight|move: Roost
|
|-heal|p2a: Kyurem|81/100|[from] item: Leftovers
|-damage|p1a: Corviknight|94/100 brn|[from] brn
|upkeep
|turn|28
|
|t:|1769335689
|move|p2a: Kyurem|Freeze-Dry|p1a: Corviknight
|-damage|p1a: Corviknight|58/100 brn
|move|p1a: Corviknight|Iron Head|p2a: Kyurem
|-activate|p2a: Kyurem|move: Substitute|[damage]
|
|-heal|p2a: Kyurem|88/100|[from] item: Leftovers
|-damage|p1a: Corviknight|52/100 brn|[from] brn
|upkeep
|turn|29
|
|t:|1769335695
|move|p2a: Kyurem|Freeze-Dry|p1a: Corviknight
|-damage|p1a: Corviknight|17/100 brn
|move|p1a: Corviknight|Iron Head|p2a: Kyurem
|-activate|p2a: Kyurem|move: Substitute|[damage]
|
|-heal|p2a: Kyurem|94/100|[from] item: Leftovers
|-damage|p1a: Corviknight|11/100 brn|[from] brn
|upkeep
|turn|30
|
|t:|1769335703
|move|p2a: Kyurem|Freeze-Dry|p1a: Corviknight
|-damage|p1a: Corviknight|0 fnt
|faint|p1a: Corviknight
|
|-heal|p2a: Kyurem|99/100|[from] item: Leftovers
|upkeep
|
|t:|1769335706
|switch|p1a: Torkoal|Torkoal, F|20/100
|-weather|SunnyDay|[from] ability: Drought|[of] p1a: Torkoal
|turn|31
|
|t:|1769335712
|move|p2a: Kyurem|Earth Power|p1a: Torkoal
|-supereffective|p1a: Torkoal
|-damage|p1a: Torkoal|0 fnt
|faint|p1a: Torkoal
|
|-weather|SunnyDay|[upkeep]
|-heal|p2a: Kyurem|100/100|[from] item: Leftovers
|upkeep
|
|t:|1769335735
|switch|p1a: Great Tusk|Great Tusk|100/100
|-activate|p1a: Great Tusk|ability: Protosynthesis
|-start|p1a: Great Tusk|protosynthesisatk
|turn|32
|
|t:|1769335741
|move|p2a: Kyurem|Protect|p2a: Kyurem
|-singleturn|p2a: Kyurem|Protect
|move|p1a: Great Tusk|Ice Spinner|p2a: Kyurem
|-activate|p2a: Kyurem|move: Protect
|
|-weather|SunnyDay|[upkeep]
|upkeep
|turn|33
|
|t:|1769335747
|-terastallize|p1a: Great Tusk|Ice
|move|p2a: Kyurem|Freeze-Dry|p1a: Great Tusk
|-resisted|p1a: Great Tusk
|-damage|p1a: Great Tusk|71/100
|move|p1a: Great Tusk|Ice Spinner|p2a: Kyurem
|-supereffective|p2a: Kyurem
|-end|p2a: Kyurem|Substitute
|
|-weather|SunnyDay|[upkeep]
|-heal|p1a: Great Tusk|78/100|[from] item: Leftovers
|upkeep
|turn|34
|
|t:|1769335774
|switch|p2a: Dondozo|Dondozo, M|100/100
|-damage|p2a: Dondozo|88/100|[from] Stealth Rock
|move|p1a: Great Tusk|Ice Spinner|p2a: Dondozo
|-resisted|p2a: Dondozo
|-damage|p2a: Dondozo|75/100
|
|-weather|SunnyDay|[upkeep]
|-heal|p1a: Great Tusk|84/100|[from] item: Leftovers
|-heal|p2a: Dondozo|81/100|[from] item: Leftovers
|upkeep
|turn|35
|
|t:|1769335778
|-end|p1a: Great Tusk|Protosynthesis|[silent]
|switch|p1a: Venusaur|Venusaur, F|100/100
|move|p2a: Dondozo|Protect||[still]
|-fail|p2a: Dondozo
|
|-weather|none
|-heal|p2a: Dondozo|87/100|[from] item: Leftovers
|upkeep
|turn|36
|
|t:|1769335780
|switch|p2a: Blissey|Blissey, F|100/100
|-damage|p2a: Blissey|88/100|[from] Stealth Rock
|move|p1a: Venusaur|Giga Drain|p2a: Blissey
|-damage|p2a: Blissey|72/100
|-damage|p1a: Venusaur|91/100|[from] item: Life Orb
|
|-heal|p2a: Blissey|78/100|[from] item: Leftovers
|upkeep
|turn|37
|
|t:|1769335787
|switch|p1a: Great Tusk|Great Tusk, tera:Ice|84/100
|move|p2a: Blissey|Calm Mind|p2a: Blissey
|-boost|p2a: Blissey|spa|1
|-boost|p2a: Blissey|spd|1
|
|-heal|p1a: Great Tusk|90/100|[from] item: Leftovers
|-heal|p2a: Blissey|84/100|[from] item: Leftovers
|upkeep
|turn|38
|
|t:|1769335790
|move|p2a: Blissey|Protect|p2a: Blissey
|-singleturn|p2a: Blissey|Protect
|move|p1a: Great Tusk|Close Combat|p2a: Blissey
|-activate|p2a: Blissey|move: Protect
|
|-heal|p1a: Great Tusk|96/100|[from] item: Leftovers
|-heal|p2a: Blissey|90/100|[from] item: Leftovers
|upkeep
|turn|39
|
|t:|1769335796
|switch|p2a: Weezing|Weezing-Galar, F|100/100
|-ability|p2a: Weezing|Neutralizing Gas
|-damage|p2a: Weezing|88/100|[from] Stealth Rock
|move|p1a: Great Tusk|Close Combat|p2a: Weezing
|-resisted|p2a: Weezing
|-damage|p2a: Weezing|78/100
|-unboost|p1a: Great Tusk|def|1
|-unboost|p1a: Great Tusk|spd|1
|
|-heal|p1a: Great Tusk|100/100|[from] item: Leftovers
|-heal|p2a: Weezing|84/100|[from] item: Leftovers
|upkeep
|turn|40
|
|t:|1769335805
|-end|p1a: Great Tusk|Protosynthesis|[silent]
|switch|p1a: Chansey|Chansey, F|80/100
|-end|p2a: Weezing|ability: Neutralizing Gas
|switch|p2a: Dondozo|Dondozo, M|87/100
|-damage|p2a: Dondozo|75/100|[from] Stealth Rock
|
|-heal|p2a: Dondozo|81/100|[from] item: Leftovers
|upkeep
|turn|41
|
|t:|1769335810
|switch|p1a: Venusaur|Venusaur, F|91/100
|move|p2a: Dondozo|Wave Crash|p1a: Venusaur
|-resisted|p1a: Venusaur
|-damage|p1a: Venusaur|63/100
|-damage|p2a: Dondozo|75/100|[from] Recoil
|
|-heal|p2a: Dondozo|81/100|[from] item: Leftovers
|upkeep
|turn|42
|
|t:|1769335816
|move|p2a: Dondozo|Protect|p2a: Dondozo
|-singleturn|p2a: Dondozo|Protect
|move|p1a: Venusaur|Giga Drain|p2a: Dondozo
|-activate|p2a: Dondozo|move: Protect
|
|-heal|p2a: Dondozo|88/100|[from] item: Leftovers
|upkeep
|turn|43
|l|☆aboda
|inactive|aboda disconnected and has a minute to reconnect!
|player|p1|
|inactive|aboda has 30 seconds to reconnect!
|inactive|aboda has 20 seconds to reconnect!
|inactive|aboda has 15 seconds to reconnect!
|inactive|aboda has 10 seconds to reconnect!
|inactive|aboda has 5 seconds to reconnect!
|-message|aboda lost due to inactivity.
|
|win|kyuremhardwin
|raw|aboda's rating: 1322 &rarr; <strong>1305</strong><br />(-17 for losing)
|raw|kyuremhardwin's rating: 1373 &rarr; <strong>1390</strong><br />(+17 for winning)
|l|☆kyuremhardwin
|player|p2|
