|j|☆loliloliravioli
|j|☆xdcxor
|t:|1769356839
|gametype|singles
|player|p1|loliloliravioli|schoolkidf|1074
|player|p2|xdcxor|101|1032
|gen|9
|tier|[Gen 9] OU
|rated|
|rule|HP Percentage Mod: HP is shown in percentages
|rule|Endless Battle Clause: Forcing endless battles is banned
|rule|Species Clause: Limit one of each Pokémon
|rule|OHKO Clause: OHKO moves are banned
|rule|Evasion Items Clause: Evasion items are banned
|rule|Evasion Moves Clause: Evasion moves are banned
|rule|Evasion Abilities Clause: Evasion abilities are banned
|rule|Sleep Moves Clause: Sleep-inducing moves are banned
|clearpoke
|poke|p1|Blaziken, F|
|poke|p1|Garchomp, M|
|poke|p1|Tsareena, F|
|poke|p1|Ursaluna, F|
|poke|p1|Latios, M|
|poke|p1|Grimmsnarl, M|
|poke|p2|Tyranitar, M|
|poke|p2|Quagsire, M|
|poke|p2|Breloom, F|
|poke|p2|Rotom-Wash|
|poke|p2|Espeon, F|
|poke|p2|Excadrill, M|
|teampreview
|inactive|Battle timer is ON: inactive players will automatically lose when time's up. (requested by xdcxor)
|
|t:|1769356859
|teamsize|p1|6
|teamsize|p2|6
|start
|switch|p1a: Tsareena|Tsareena, F|100/100
|switch|p2a: Excadrill|Excadrill, M|100/100
|turn|1
|inactive|xdcxor has 120 seconds left.
|
|t:|1769356890
|switch|p2a: Espeon|Espeon, F|100/100
|switch|p1a: Ursaluna|Ursaluna, F|100/100
|
|-status|p1a: Ursaluna|tox|[from] item: Toxic Orb
|upkeep
|turn|2
|inactive|xdcxor has 120 seconds left.
|
|t:|1769356905
|switch|p2a: Quagsire|Quagsire, M|100/100
|move|p1a: Ursaluna|Facade|p2a: Quagsire
|-damage|p2a: Quagsire|0 fnt
|faint|p2a: Quagsire
|
|-damage|p1a: Ursaluna|94/100 tox|[from] psn
|upkeep
|inactive|xdcxor has 120 seconds left.
|
|t:|1769356915
|switch|p2a: Breloom|Breloom, F|100/100
|turn|3
|
|t:|1769356922
|-terastallize|p1a: Ursaluna|Ground
|move|p2a: Breloom|Mach Punch|p1a: Ursaluna
|-damage|p1a: Ursaluna|61/100 tox
|-damage|p2a: Breloom|91/100|[from] item: Life Orb
|move|p1a: Ursaluna|Facade|p2a: Breloom
|-damage|p2a: Breloom|0 fnt
|faint|p2a: Breloom
|
|-damage|p1a: Ursaluna|49/100 tox|[from] psn
|upkeep
|inactive|xdcxor has 120 seconds left.
|
|t:|1769356933
|switch|p2a: Rotom|Rotom-Wash|100/100
|turn|4
|
|t:|1769356939
|move|p2a: Rotom|Hydro Pump|p1a: Ursaluna
|-supereffective|p1a: Ursaluna
|-damage|p1a: Ursaluna|0 fnt
|faint|p1a: Ursaluna
|
|upkeep
|
|t:|1769356952
|switch|p1a: Tsareena|Tsareena, F|100/100
|turn|5
|
|t:|1769356956
|move|p1a: Tsareena|Trop Kick|p2a: Rotom
|-supereffective|p2a: Rotom
|-crit|p2a: Rotom
|-damage|p2a: Rotom|0 fnt
|faint|p2a: Rotom
|
|upkeep
|
|t:|1769356963
|switch|p2a: Tyranitar|Tyranitar, M|100/100
|-weather|Sandstorm|[from] ability: Sand Stream|[of] p2a: Tyranitar
|turn|6
|inactive|loliloliravioli has 120 seconds left.
|
|t:|1769356999
|move|p1a: Tsareena|High Jump Kick|p2a: Tyranitar
|-supereffective|p2a: Tyranitar
|-damage|p2a: Tyranitar|0 fnt
|faint|p2a: Tyranitar
|
|-weather|Sandstorm|[upkeep]
|-damage|p1a: Tsareena|95/100|[from] Sandstorm
|upkeep
|
|t:|1769357003
|switch|p2a: Excadrill|Excadrill, M|100/100
|turn|7
|inactive|loliloliravioli has 120 seconds left.
|
|t:|1769357014
|move|p2a: Excadrill|Swords Dance|p2a: Excadrill
|-boost|p2a: Excadrill|atk|2
|move|p1a: Tsareena|High Jump Kick|p2a: Excadrill
|-supereffective|p2a: Excadrill
|-enditem|p2a: Excadrill|Focus Sash
|-damage|p2a: Excadrill|1/100
|
|-weather|Sandstorm|[upkeep]
|-damage|p1a: Tsareena|89/100|[from] Sandstorm
|upkeep
|turn|8
|
|t:|1769357020
|move|p2a: Excadrill|Iron Head|p1a: Tsareena
|-damage|p1a: Tsareena|0 fnt
|faint|p1a: Tsareena
|
|-weather|Sandstorm|[upkeep]
|upkeep
|
|t:|1769357023
|switch|p1a: Blaziken|Blaziken, F|100/100
|turn|9
|
|t:|1769357029
|move|p1a: Blaziken|Protect|p1a: Blaziken
|-singleturn|p1a: Blaziken|Protect
|move|p2a: Excadrill|Rapid Spin|p1a: Blaziken
|-activate|p1a: Blaziken|move: Protect
|
|-weather|Sandstorm|[upkeep]
|-damage|p1a: Blaziken|95/100|[from] Sandstorm
|-ability|p1a: Blaziken|Speed Boost|boost
|-boost|p1a: Blaziken|spe|1
|upkeep
|turn|10
|
|t:|1769357038
|move|p2a: Excadrill|Earthquake|p1a: Blaziken
|-supereffective|p1a: Blaziken
|-damage|p1a: Blaziken|0 fnt
|faint|p1a: Blaziken
|
|-weather|none
|upkeep
|
|t:|1769357052
|switch|p1a: Grimmsnarl|Grimmsnarl, M|100/100
|turn|11
|
|t:|1769357057
|move|p1a: Grimmsnarl|Reflect|p1a: Grimmsnarl
|-sidestart|p1: loliloliravioli|Reflect
|move|p2a: Excadrill|Iron Head|p1a: Grimmsnarl
|-supereffective|p1a: Grimmsnarl
|-damage|p1a: Grimmsnarl|2/100
|
|upkeep
|turn|12
|
|t:|1769357062
|move|p2a: Excadrill|Rapid Spin|p1a: Grimmsnarl
|-damage|p1a: Grimmsnarl|0 fnt
|-boost|p2a: Excadrill|spe|1
|faint|p1a: Grimmsnarl
|
|upkeep
|
|t:|1769357069
|switch|p1a: Garchomp|Garchomp, M|100/100
|turn|13
|
|t:|1769357077
|move|p2a: Excadrill|Earthquake|p1a: Garchomp
|-damage|p1a: Garchomp|45/100
|move|p1a: Garchomp|Scale Shot|p2a: Excadrill
|-resisted|p2a: Excadrill
|-damage|p2a: Excadrill|0 fnt
|faint|p2a: Excadrill
|-hitcount|p2: Excadrill|1
|-unboost|p1a: Garchomp|def|1
|-boost|p1a: Garchomp|spe|1
|
|upkeep
|
|t:|1769357082
|switch|p2a: Espeon|Espeon, F|100/100
|turn|14
|
|t:|1769357087
|move|p1a: Garchomp|Earthquake|p2a: Espeon
|-damage|p2a: Espeon|7/100
|move|p2a: Espeon|Dazzling Gleam|p1a: Garchomp
|-supereffective|p1a: Garchomp
|-damage|p1a: Garchomp|0 fnt
|faint|p1a: Garchomp
|
|-heal|p2a: Espeon|13/100|[from] item: Leftovers
|upkeep
|
|t:|1769357090
|switch|p1a: Latios|Latios, M|100/100
|turn|15
|
|t:|1769357093
|move|p1a: Latios|Ice Beam|p2a: Espeon
|-damage|p2a: Espeon|0 fnt
|faint|p2a: Espeon
|-damage|p1a: Latios|91/100|[from] item: Life Orb
|
|win|loliloliravioli
|raw|loliloliravioli's rating: 1074 &rarr; <strong>1099</strong><br />(+25 for winning)
|raw|xdcxor's rating: 1032 &rarr; <strong>1019</strong><br />(-13 for losing)
