|j|☆jsnsddk
|j|☆Obling
|t:|1769300248
|gametype|singles
|player|p1|jsnsddk|1|1616
|player|p2|Obling|player-go|1749
|gen|9
|tier|[Gen 9] OU
|rated|
|rule|HP Percentage Mod: HP is shown in percentages
|rule|Endless Battle Clause: Forcing endless battles is banned
|rule|Species Clause: Limit one of each Pokémon
|rule|OHKO Clause: OHKO moves are banned
|rule|Evasion Items Clause: Evasion items are banned
|rule|Evasion Moves Clause: Evasion moves are banned
|rule|Evasion Abilities Clause: Evasion abilities are banned
|rule|Sleep Moves Clause: Sleep-inducing moves are banned
|clearpoke
|poke|p1|Dragonite, F|
|poke|p1|Hatterene, F|
|poke|p1|Kingambit, F|
|poke|p1|Iron Crown|
|poke|p1|Crawdaunt, F|
|poke|p1|Manaphy|
|poke|p2|Deoxys-Speed|
|poke|p2|Dragonite, M|
|poke|p2|Iron Valiant|
|poke|p2|Kingambit, M|
|poke|p2|Cresselia, F|
|poke|p2|Walking Wake|
|teampreview
|inactive|Battle timer is ON: inactive players will automatically lose when time's up. (requested by jsnsddk)
|
|t:|1769300264
|teamsize|p1|6
|teamsize|p2|6
|start
|switch|p1a: Hatterene|Hatterene, F|100/100
|switch|p2a: Deoxys|Deoxys-Speed|100/100
|-ability|p2a: Deoxys|Pressure
|turn|1
|
|t:|1769300266
|switch|p2a: Kingambit|Kingambit, M|100/100
|move|p1a: Hatterene|Trick Room|p1a: Hatterene
|-fieldstart|move: Trick Room|[of] p1a: Hatterene
|
|upkeep
|turn|2
|
|t:|1769300286
|move|p1a: Hatterene|Dazzling Gleam|p2a: Kingambit
|-damage|p2a: Kingambit|54/100
|move|p2a: Kingambit|Swords Dance|p2a: Kingambit
|-boost|p2a: Kingambit|atk|2
|
|upkeep
|turn|3
|inactive|jsnsddk has 120 seconds left.
|inactive|Obling has 120 seconds left.
|
|t:|1769300322
|move|p2a: Kingambit|Sucker Punch|p1a: Hatterene
|-enditem|p1a: Hatterene|Focus Sash
|-damage|p1a: Hatterene|1/100
|move|p1a: Hatterene|Dazzling Gleam|p2a: Kingambit
|-damage|p2a: Kingambit|5/100
|
|upkeep
|turn|4
|
|t:|1769300326
|move|p2a: Kingambit|Sucker Punch||[still]
|-fail|p2a: Kingambit
|move|p1a: Hatterene|Healing Wish|p1a: Hatterene
|faint|p1a: Hatterene
|
|upkeep
|
|t:|1769300329
|switch|p1a: Crawdaunt|Crawdaunt, F|100/100
|turn|5
|
|t:|1769300332
|move|p1a: Crawdaunt|Aqua Jet|p2a: Kingambit
|-damage|p2a: Kingambit|0 fnt
|faint|p2a: Kingambit
|-end|p2a: Kingambit|fallenundefined|[silent]
|-damage|p1a: Crawdaunt|90/100|[from] item: Life Orb
|
|-fieldend|move: Trick Room
|upkeep
|
|t:|1769300335
|switch|p2a: Deoxys|Deoxys-Speed|100/100
|-ability|p2a: Deoxys|Pressure
|turn|6
|
|t:|1769300338
|move|p2a: Deoxys|Stealth Rock|p1a: Crawdaunt
|-sidestart|p1: jsnsddk|move: Stealth Rock
|move|p1a: Crawdaunt|Knock Off|p2a: Deoxys
|-supereffective|p2a: Deoxys
|-damage|p2a: Deoxys|0 fnt
|-damage|p1a: Crawdaunt|74/100|[from] item: Rocky Helmet|[of] p2a: Deoxys
|-enditem|p2a: Deoxys|Rocky Helmet|[from] move: Knock Off|[of] p1a: Crawdaunt
|faint|p2a: Deoxys
|-damage|p1a: Crawdaunt|64/100|[from] item: Life Orb
|
|upkeep
|
|t:|1769300364
|switch|p2a: Walking Wake|Walking Wake|100/100
|-enditem|p2a: Walking Wake|Booster Energy
|-activate|p2a: Walking Wake|ability: Protosynthesis|[fromitem]
|-start|p2a: Walking Wake|protosynthesisspa
|turn|7
|
|t:|1769300370
|move|p2a: Walking Wake|Dragon Pulse|p1a: Crawdaunt
|-damage|p1a: Crawdaunt|0 fnt
|faint|p1a: Crawdaunt
|
|upkeep
|
|t:|1769300383
|switch|p1a: Iron Crown|Iron Crown|100/100
|-damage|p1a: Iron Crown|94/100|[from] Stealth Rock
|-enditem|p1a: Iron Crown|Booster Energy
|-activate|p1a: Iron Crown|ability: Quark Drive|[fromitem]
|-start|p1a: Iron Crown|quarkdrivespe
|turn|8
|j| moodrandom
|
|t:|1769300392
|move|p1a: Iron Crown|Calm Mind|p1a: Iron Crown
|-boost|p1a: Iron Crown|spa|1
|-boost|p1a: Iron Crown|spd|1
|move|p2a: Walking Wake|Agility|p2a: Walking Wake
|-boost|p2a: Walking Wake|spe|2
|
|upkeep
|turn|9
|
|t:|1769300421
|-terastallize|p1a: Iron Crown|Fighting
|move|p2a: Walking Wake|Flamethrower|p1a: Iron Crown
|-damage|p1a: Iron Crown|67/100
|move|p1a: Iron Crown|Psyshock|p2a: Walking Wake
|-damage|p2a: Walking Wake|44/100
|
|upkeep
|turn|10
|
|t:|1769300432
|move|p2a: Walking Wake|Surf|p1a: Iron Crown
|-damage|p1a: Iron Crown|23/100
|move|p1a: Iron Crown|Psyshock|p2a: Walking Wake
|-damage|p2a: Walking Wake|0 fnt
|faint|p2a: Walking Wake
|-end|p2a: Walking Wake|Protosynthesis|[silent]
|
|upkeep
|
|t:|1769300438
|switch|p2a: Iron Valiant|Iron Valiant|100/100
|-enditem|p2a: Iron Valiant|Booster Energy
|-activate|p2a: Iron Valiant|ability: Quark Drive|[fromitem]
|-start|p2a: Iron Valiant|quarkdrivespe
|turn|11
|
|t:|1769300445
|move|p2a: Iron Valiant|Close Combat|p1a: Iron Crown
|-crit|p1a: Iron Crown
|-damage|p1a: Iron Crown|0 fnt
|-unboost|p2a: Iron Valiant|def|1
|-unboost|p2a: Iron Valiant|spd|1
|faint|p1a: Iron Crown
|-end|p1a: Iron Crown|Quark Drive|[silent]
|
|upkeep
|
|t:|1769300454
|switch|p1a: Manaphy|Manaphy|100/100
|-damage|p1a: Manaphy|88/100|[from] Stealth Rock
|turn|12
|
|t:|1769300460
|move|p2a: Iron Valiant|Swords Dance|p2a: Iron Valiant
|-boost|p2a: Iron Valiant|atk|2
|move|p1a: Manaphy|Scald|p2a: Iron Valiant
|-damage|p2a: Iron Valiant|0 fnt
|faint|p2a: Iron Valiant
|-end|p2a: Iron Valiant|Quark Drive|[silent]
|
|-heal|p1a: Manaphy|94/100|[from] item: Leftovers
|upkeep
|
|t:|1769300462
|switch|p2a: Dragonite|Dragonite, M|100/100
|turn|13
|
|t:|1769300468
|move|p2a: Dragonite|Dragon Dance|p2a: Dragonite
|-boost|p2a: Dragonite|atk|1
|-boost|p2a: Dragonite|spe|1
|move|p1a: Manaphy|Scald|p2a: Dragonite
|-resisted|p2a: Dragonite
|-damage|p2a: Dragonite|92/100
|
|-heal|p1a: Manaphy|100/100|[from] item: Leftovers
|upkeep
|turn|14
|l|☆Obling
|inactive|Obling disconnected and has a minute to reconnect!
|player|p2|
|j|☆Obling
|inactive|Obling reconnected and has 130 seconds left.
|player|p2|Obling|player-go|
|
|t:|1769300494
|move|p2a: Dragonite|Earthquake|p1a: Manaphy
|-damage|p1a: Manaphy|53/100
|move|p1a: Manaphy|Acid Armor|p1a: Manaphy
|-boost|p1a: Manaphy|def|2
|
|-heal|p1a: Manaphy|60/100|[from] item: Leftovers
|upkeep
|turn|15
|
|t:|1769300499
|move|p2a: Dragonite|Earthquake|p1a: Manaphy
|-damage|p1a: Manaphy|37/100
|move|p1a: Manaphy|Scald|p2a: Dragonite
|-resisted|p2a: Dragonite
|-damage|p2a: Dragonite|72/100
|
|-heal|p1a: Manaphy|44/100|[from] item: Leftovers
|upkeep
|turn|16
|
|t:|1769300503
|move|p2a: Dragonite|Earthquake|p1a: Manaphy
|-damage|p1a: Manaphy|19/100
|move|p1a: Manaphy|Scald|p2a: Dragonite
|-resisted|p2a: Dragonite
|-crit|p2a: Dragonite
|-damage|p2a: Dragonite|45/100
|
|-heal|p1a: Manaphy|25/100|[from] item: Leftovers
|upkeep
|turn|17
|
|t:|1769300510
|move|p2a: Dragonite|Earthquake|p1a: Manaphy
|-crit|p1a: Manaphy
|-damage|p1a: Manaphy|0 fnt
|faint|p1a: Manaphy
|
|upkeep
|
|t:|1769300523
|switch|p1a: Kingambit|Kingambit, F|100/100
|-damage|p1a: Kingambit|94/100|[from] Stealth Rock
|-activate|p1a: Kingambit|ability: Supreme Overlord
|-start|p1a: Kingambit|fallen4|[silent]
|turn|18
|
|t:|1769300526
|move|p2a: Dragonite|Extreme Speed|p1a: Kingambit
|-resisted|p1a: Kingambit
|-damage|p1a: Kingambit|74/100
|move|p1a: Kingambit|Sucker Punch||[still]
|-fail|p1a: Kingambit
|
|upkeep
|turn|19
|
|t:|1769300532
|move|p2a: Dragonite|Extreme Speed|p1a: Kingambit
|-resisted|p1a: Kingambit
|-damage|p1a: Kingambit|54/100
|move|p1a: Kingambit|Sucker Punch||[still]
|-fail|p1a: Kingambit
|
|upkeep
|turn|20
|
|t:|1769300537
|move|p1a: Kingambit|Sucker Punch|p2a: Dragonite
|-damage|p2a: Dragonite|0 fnt
|faint|p2a: Dragonite
|
|upkeep
|
|t:|1769300538
|switch|p2a: Cresselia|Cresselia, F|100/100
|turn|21
|
|t:|1769300541
|-terastallize|p2a: Cresselia|Poison
|move|p2a: Cresselia|Moonblast|p1a: Kingambit
|-damage|p1a: Kingambit|35/100
|-unboost|p1a: Kingambit|spa|1
|move|p1a: Kingambit|Kowtow Cleave|p2a: Cresselia
|-damage|p2a: Cresselia|60/100
|
|-heal|p2a: Cresselia|66/100|[from] item: Leftovers
|upkeep
|turn|22
|
|t:|1769300548
|-end|p1a: Kingambit|fallen4|[silent]
|switch|p1a: Dragonite|Dragonite, F|100/100
|-damage|p1a: Dragonite|76/100|[from] Stealth Rock
|move|p2a: Cresselia|Moonblast|p1a: Dragonite
|-supereffective|p1a: Dragonite
|-damage|p1a: Dragonite|36/100
|
|-heal|p2a: Cresselia|73/100|[from] item: Leftovers
|upkeep
|turn|23
|
|t:|1769300560
|move|p1a: Dragonite|Scale Shot|p2a: Cresselia
|-damage|p2a: Cresselia|64/100
|-damage|p2a: Cresselia|57/100
|-damage|p2a: Cresselia|49/100
|-damage|p2a: Cresselia|41/100
|-damage|p2a: Cresselia|33/100
|-hitcount|p2a: Cresselia|5
|-unboost|p1a: Dragonite|def|1
|-boost|p1a: Dragonite|spe|1
|move|p2a: Cresselia|Calm Mind|p2a: Cresselia
|-boost|p2a: Cresselia|spa|1
|-boost|p2a: Cresselia|spd|1
|
|-heal|p2a: Cresselia|39/100|[from] item: Leftovers
|upkeep
|turn|24
|
|t:|1769300565
|move|p1a: Dragonite|Encore|p2a: Cresselia
|-start|p2a: Cresselia|Encore
|move|p2a: Cresselia|Calm Mind|p2a: Cresselia
|-boost|p2a: Cresselia|spa|1
|-boost|p2a: Cresselia|spd|1
|
|-heal|p2a: Cresselia|45/100|[from] item: Leftovers
|upkeep
|turn|25
|-message|Obling forfeited.
|
|win|jsnsddk
|raw|jsnsddk's rating: 1616 &rarr; <strong>1643</strong><br />(+27 for winning)
|raw|Obling's rating: 1749 &rarr; <strong>1722</strong><br />(-27 for losing)
|l|☆Obling
|player|p2|
|l|☆jsnsddk
|player|p1|
