|j|☆justraffe
|j|☆seakingmissile
|t:|1769401123
|gametype|singles
|player|p1|justraffe|elesa-masters3|1455
|player|p2|seakingmissile|backpacker|1421
|gen|9
|tier|[Gen 9] OU
|rated|
|rule|HP Percentage Mod: HP is shown in percentages
|rule|Endless Battle Clause: Forcing endless battles is banned
|rule|Species Clause: Limit one of each Pokémon
|rule|OHKO Clause: OHKO moves are banned
|rule|Evasion Items Clause: Evasion items are banned
|rule|Evasion Moves Clause: Evasion moves are banned
|rule|Evasion Abilities Clause: Evasion abilities are banned
|rule|Sleep Moves Clause: Sleep-inducing moves are banned
|clearpoke
|poke|p1|Slowking-Galar, M|
|poke|p1|Gliscor, M|
|poke|p1|Kingambit, M|
|poke|p1|Ogerpon-Wellspring, F|
|poke|p1|Cinderace, F|
|poke|p1|Dragapult, M|
|poke|p2|Great Tusk|
|poke|p2|Hatterene, F|
|poke|p2|Heatran, F|
|poke|p2|Ogerpon, F|
|poke|p2|Pecharunt|
|poke|p2|Scrafty, M|
|teampreview
|inactive|Battle timer is ON: inactive players will automatically lose when time's up. (requested by justraffe)
|c|☆seakingmissile|glhf
|
|t:|1769401145
|teamsize|p1|6
|teamsize|p2|6
|start
|switch|p1a: Gliscor|Gliscor, M|100/100
|switch|p2a: LET IT BURN|Heatran, F|100/100
|turn|1
|
|t:|1769401153
|switch|p2a: REFLECTIONS|Hatterene, F|100/100
|move|p1a: Gliscor|U-turn|p2a: REFLECTIONS
|-damage|p2a: REFLECTIONS|88/100
|-damage|p1a: Gliscor|84/100|[from] item: Rocky Helmet|[of] p2a: REFLECTIONS
|
|t:|1769401162
|switch|p1a: Slowking|Slowking-Galar, M|100/100|[from] U-turn
|
|upkeep
|turn|2
|
|t:|1769401166
|switch|p2a: LET IT BURN|Heatran, F|100/100
|-prepare|p1a: Slowking|Chilly Reception|[premajor]
|move|p1a: Slowking|Chilly Reception|p1a: Slowking
|-weather|Snowscape
|
|t:|1769401182
|switch|p1a: Gliscor|Gliscor, M|84/100|[from] Chilly Reception
|
|-weather|Snowscape|[upkeep]
|-status|p1a: Gliscor|tox|[from] item: Toxic Orb
|upkeep
|turn|3
|
|t:|1769401197
|switch|p2a: REFLECTIONS|Hatterene, F|88/100
|move|p1a: Gliscor|Earthquake|p2a: REFLECTIONS
|-damage|p2a: REFLECTIONS|61/100
|
|-weather|Snowscape|[upkeep]
|-heal|p1a: Gliscor|96/100 tox|[from] ability: Poison Heal
|upkeep
|turn|4
|
|t:|1769401202
|move|p1a: Gliscor|Earthquake|p2a: REFLECTIONS
|-damage|p2a: REFLECTIONS|35/100
|move|p2a: REFLECTIONS|Pain Split|p1a: Gliscor
|-sethp|p1a: Gliscor|64/100 tox|[from] move: Pain Split|[silent]
|-sethp|p2a: REFLECTIONS|71/100|[from] move: Pain Split
|
|-weather|Snowscape|[upkeep]
|-heal|p1a: Gliscor|76/100 tox|[from] ability: Poison Heal
|upkeep
|turn|5
|
|t:|1769401209
|switch|p1a: Slowking|Slowking-Galar, M|100/100
|move|p2a: REFLECTIONS|Psychic Noise|p1a: Slowking
|-damage|p1a: Slowking|80/100
|-start|p1a: Slowking|move: Heal Block
|
|-weather|Snowscape|[upkeep]
|upkeep
|turn|6
|
|t:|1769401217
|move|p2a: REFLECTIONS|Nuzzle|p1a: Slowking
|-damage|p1a: Slowking|76/100
|-status|p1a: Slowking|par
|cant|p1a: Slowking|par
|
|-weather|none
|-end|p1a: Slowking|move: Heal Block
|upkeep
|turn|7
|
|t:|1769401221
|switch|p2a: LET IT BURN|Heatran, F|100/100
|-prepare|p1a: Slowking|Chilly Reception|[premajor]
|move|p1a: Slowking|Chilly Reception|p1a: Slowking
|-weather|Snowscape
|
|t:|1769401225
|switch|p1a: Ogerpon|Ogerpon-Wellspring, F|100/100|[from] Chilly Reception
|
|-weather|Snowscape|[upkeep]
|upkeep
|turn|8
|
|t:|1769401227
|switch|p2a: END OF THE STORY|Pecharunt|100/100
|move|p1a: Ogerpon|Ivy Cudgel|p2a: END OF THE STORY|[anim] Ivy Cudgel Water
|-damage|p2a: END OF THE STORY|72/100
|
|-weather|Snowscape|[upkeep]
|upkeep
|turn|9
|
|t:|1769401233
|switch|p1a: Slowking|Slowking-Galar, M|100/100 par
|move|p2a: END OF THE STORY|Recover|p2a: END OF THE STORY
|-heal|p2a: END OF THE STORY|100/100
|
|-weather|Snowscape|[upkeep]
|upkeep
|turn|10
|
|t:|1769401237
|move|p2a: END OF THE STORY|Parting Shot|p1a: Slowking
|-unboost|p1a: Slowking|atk|1
|-unboost|p1a: Slowking|spa|1
|
|t:|1769401239
|switch|p2a: LET IT BURN|Heatran, F|100/100|[from] Parting Shot
|-prepare|p1a: Slowking|Chilly Reception|[premajor]
|move|p1a: Slowking|Chilly Reception|p1a: Slowking
|
|t:|1769401258
|switch|p1a: Gliscor|Gliscor, M|76/100 tox|[from] Chilly Reception
|
|-weather|Snowscape|[upkeep]
|-heal|p1a: Gliscor|89/100 tox|[from] ability: Poison Heal
|upkeep
|turn|11
|
|t:|1769401267
|move|p1a: Gliscor|U-turn|p2a: LET IT BURN
|-resisted|p2a: LET IT BURN
|-damage|p2a: LET IT BURN|97/100
|
|t:|1769401270
|switch|p1a: Slowking|Slowking-Galar, M|100/100 par|[from] U-turn
|move|p2a: LET IT BURN|Stealth Rock|p1a: Slowking
|-sidestart|p1: justraffe|move: Stealth Rock
|
|-weather|none
|-heal|p2a: LET IT BURN|100/100|[from] item: Leftovers
|upkeep
|turn|12
|
|t:|1769401272
|move|p2a: LET IT BURN|Taunt|p1a: Slowking
|-start|p1a: Slowking|move: Taunt
|-prepare|p1a: Slowking|Chilly Reception|[premajor]
|cant|p1a: Slowking|move: Taunt|Chilly Reception
|
|upkeep
|turn|13
|
|t:|1769401274
|move|p2a: LET IT BURN|Magma Storm|p1a: Slowking|[miss]
|-miss|p2a: LET IT BURN|p1a: Slowking
|move|p1a: Slowking|Future Sight|p2a: LET IT BURN
|-start|p1a: Slowking|move: Future Sight
|
|upkeep
|turn|14
|
|t:|1769401280
|switch|p1a: Gliscor|Gliscor, M|89/100 tox
|-damage|p1a: Gliscor|76/100 tox|[from] Stealth Rock
|move|p2a: LET IT BURN|Magma Storm|p1a: Gliscor
|-crit|p1a: Gliscor
|-damage|p1a: Gliscor|1/100 tox
|-activate|p1a: Gliscor|move: Magma Storm|[of] p2a: LET IT BURN
|
|-heal|p1a: Gliscor|14/100 tox|[from] ability: Poison Heal
|-damage|p1a: Gliscor|1/100 tox|[from] move: Magma Storm|[partiallytrapped]
|upkeep
|turn|15
|
|t:|1769401299
|switch|p2a: REFLECTIONS|Hatterene, F|71/100
|move|p1a: Gliscor|Earthquake|p2a: REFLECTIONS
|-damage|p2a: REFLECTIONS|43/100
|
|-end|p2a: REFLECTIONS|move: Future Sight
|-resisted|p2a: REFLECTIONS
|-damage|p2a: REFLECTIONS|20/100
|-heal|p1a: Gliscor|14/100 tox|[from] ability: Poison Heal
|-end|p1a: Gliscor|Magma Storm|[partiallytrapped]|[silent]
|upkeep
|turn|16
|
|t:|1769401310
|switch|p2a: END OF THE STORY|Pecharunt|100/100
|move|p1a: Gliscor|Earthquake|p2a: END OF THE STORY
|-supereffective|p2a: END OF THE STORY
|-damage|p2a: END OF THE STORY|68/100
|
|-heal|p1a: Gliscor|26/100 tox|[from] ability: Poison Heal
|upkeep
|turn|17
|
|t:|1769401318
|move|p1a: Gliscor|Protect|p1a: Gliscor
|-singleturn|p1a: Gliscor|Protect
|move|p2a: END OF THE STORY|Shadow Ball|p1a: Gliscor
|-activate|p1a: Gliscor|move: Protect
|
|-heal|p1a: Gliscor|39/100 tox|[from] ability: Poison Heal
|upkeep
|turn|18
|
|t:|1769401322
|switch|p1a: Kingambit|Kingambit, M|100/100
|-damage|p1a: Kingambit|94/100|[from] Stealth Rock
|move|p2a: END OF THE STORY|Parting Shot|p1a: Kingambit
|-unboost|p1a: Kingambit|atk|1
|-unboost|p1a: Kingambit|spa|1
|
|t:|1769401325
|switch|p2a: GOOD ENOUGH|Great Tusk|100/100|[from] Parting Shot
|
|-heal|p1a: Kingambit|100/100|[from] item: Leftovers
|upkeep
|turn|19
|
|t:|1769401333
|-end|p1a: Kingambit|fallenundefined|[silent]
|switch|p1a: Dragapult|Dragapult, M|100/100
|-damage|p1a: Dragapult|88/100|[from] Stealth Rock
|move|p2a: GOOD ENOUGH|Rapid Spin|p1a: Dragapult
|-immune|p1a: Dragapult
|
|upkeep
|turn|20
|
|t:|1769401349
|-end|p2a: GOOD ENOUGH|Protosynthesis|[silent]
|switch|p2a: LET IT BURN|Heatran, F|100/100
|move|p1a: Dragapult|Shadow Ball|p2a: LET IT BURN
|-damage|p2a: LET IT BURN|67/100
|
|-heal|p2a: LET IT BURN|73/100|[from] item: Leftovers
|upkeep
|turn|21
|
|t:|1769401355
|switch|p1a: Slowking|Slowking-Galar, M|100/100 par
|move|p2a: LET IT BURN|Magma Storm|p1a: Slowking
|-damage|p1a: Slowking|75/100 par
|-activate|p1a: Slowking|move: Magma Storm|[of] p2a: LET IT BURN
|
|-heal|p2a: LET IT BURN|80/100|[from] item: Leftovers
|-damage|p1a: Slowking|63/100 par|[from] move: Magma Storm|[partiallytrapped]
|upkeep
|turn|22
|
|t:|1769401360
|move|p2a: LET IT BURN|Taunt|p1a: Slowking
|-start|p1a: Slowking|move: Taunt
|-prepare|p1a: Slowking|Chilly Reception|[premajor]
|cant|p1a: Slowking|move: Taunt|Chilly Reception
|
|-heal|p2a: LET IT BURN|86/100|[from] item: Leftovers
|-damage|p1a: Slowking|50/100 par|[from] move: Magma Storm|[partiallytrapped]
|upkeep
|turn|23
|
|t:|1769401361
|move|p2a: LET IT BURN|Earth Power|p1a: Slowking
|-supereffective|p1a: Slowking
|-damage|p1a: Slowking|22/100 par
|cant|p1a: Slowking|par
|
|-heal|p2a: LET IT BURN|92/100|[from] item: Leftovers
|-damage|p1a: Slowking|10/100 par|[from] move: Magma Storm|[partiallytrapped]
|upkeep
|turn|24
|
|t:|1769401364
|move|p2a: LET IT BURN|Earth Power|p1a: Slowking
|-supereffective|p1a: Slowking
|-damage|p1a: Slowking|0 fnt
|faint|p1a: Slowking
|
|-heal|p2a: LET IT BURN|98/100|[from] item: Leftovers
|upkeep
|
|t:|1769401368
|switch|p1a: Ogerpon|Ogerpon-Wellspring, F|100/100
|-damage|p1a: Ogerpon|88/100|[from] Stealth Rock
|turn|25
|
|t:|1769401371
|switch|p2a: END OF THE STORY|Pecharunt|68/100
|move|p1a: Ogerpon|Swords Dance|p1a: Ogerpon
|-boost|p1a: Ogerpon|atk|2
|
|upkeep
|turn|26
|
|t:|1769401375
|move|p1a: Ogerpon|Knock Off|p2a: END OF THE STORY
|-supereffective|p2a: END OF THE STORY
|-damage|p2a: END OF THE STORY|0 fnt
|-damage|p1a: Ogerpon|72/100|[from] item: Rocky Helmet|[of] p2a: END OF THE STORY
|-enditem|p2a: END OF THE STORY|Rocky Helmet|[from] move: Knock Off|[of] p1a: Ogerpon
|faint|p2a: END OF THE STORY
|
|upkeep
|
|t:|1769401380
|switch|p2a: ADRENALINE|Ogerpon, F|100/100
|turn|27
|
|t:|1769401386
|switch|p1a: Cinderace|Cinderace, F|100/100
|-terastallize|p2a: ADRENALINE|Grass
|detailschange|p2a: ADRENALINE|Ogerpon-Teal-Tera, F, tera:Grass
|-ability|p2a: ADRENALINE|Embody Aspect (Teal)|boost
|-boost|p2a: ADRENALINE|spe|1
|move|p2a: ADRENALINE|Ivy Cudgel|p1a: Cinderace
|-resisted|p1a: Cinderace
|-damage|p1a: Cinderace|54/100
|
|upkeep
|turn|28
|
|t:|1769401393
|move|p2a: ADRENALINE|U-turn|p1a: Cinderace
|-resisted|p1a: Cinderace
|-damage|p1a: Cinderace|38/100
|
|t:|1769401395
|switch|p2a: LET IT BURN|Heatran, F|98/100|[from] U-turn
|move|p1a: Cinderace|Court Change|p1a: Cinderace
|-start|p1a: Cinderace|typechange|Normal|[from] ability: Libero
|-swapsideconditions
|-activate|p1a: Cinderace|move: Court Change
|
|-heal|p2a: LET IT BURN|100/100|[from] item: Leftovers
|upkeep
|turn|29
|
|t:|1769401399
|move|p1a: Cinderace|U-turn|p2a: LET IT BURN
|-resisted|p2a: LET IT BURN
|-damage|p2a: LET IT BURN|96/100
|
|t:|1769401400
|switch|p1a: Gliscor|Gliscor, M|39/100 tox|[from] U-turn
|move|p2a: LET IT BURN|Stealth Rock|p1a: Gliscor
|-sidestart|p1: justraffe|move: Stealth Rock
|
|-heal|p2a: LET IT BURN|100/100|[from] item: Leftovers
|-heal|p1a: Gliscor|51/100 tox|[from] ability: Poison Heal
|upkeep
|turn|30
|
|t:|1769401407
|switch|p2a: REFLECTIONS|Hatterene, F|20/100
|-damage|p2a: REFLECTIONS|8/100|[from] Stealth Rock
|move|p1a: Gliscor|Earthquake|p2a: REFLECTIONS
|-damage|p2a: REFLECTIONS|0 fnt
|faint|p2a: REFLECTIONS
|
|-heal|p1a: Gliscor|63/100 tox|[from] ability: Poison Heal
|upkeep
|
|t:|1769401414
|switch|p2a: SHADOW BOXING|Scrafty, M|100/100
|-damage|p2a: SHADOW BOXING|94/100|[from] Stealth Rock
|turn|31
|
|t:|1769401418
|move|p1a: Gliscor|Toxic|p2a: SHADOW BOXING
|-status|p2a: SHADOW BOXING|tox
|move|p2a: SHADOW BOXING|Bulk Up|p2a: SHADOW BOXING
|-boost|p2a: SHADOW BOXING|atk|1
|-boost|p2a: SHADOW BOXING|def|1
|
|-heal|p2a: SHADOW BOXING|100/100 tox|[from] item: Leftovers
|-heal|p1a: Gliscor|76/100 tox|[from] ability: Poison Heal
|-damage|p2a: SHADOW BOXING|94/100 tox|[from] psn
|upkeep
|turn|32
|
|t:|1769401429
|move|p1a: Gliscor|Earthquake|p2a: SHADOW BOXING
|-damage|p2a: SHADOW BOXING|76/100 tox
|move|p2a: SHADOW BOXING|Bulk Up|p2a: SHADOW BOXING
|-boost|p2a: SHADOW BOXING|atk|1
|-boost|p2a: SHADOW BOXING|def|1
|
|-heal|p2a: SHADOW BOXING|82/100 tox|[from] item: Leftovers
|-heal|p1a: Gliscor|88/100 tox|[from] ability: Poison Heal
|-damage|p2a: SHADOW BOXING|70/100 tox|[from] psn
|upkeep
|turn|33
|
|t:|1769401438
|move|p1a: Gliscor|Earthquake|p2a: SHADOW BOXING
|-damage|p2a: SHADOW BOXING|54/100 tox
|move|p2a: SHADOW BOXING|Bulk Up|p2a: SHADOW BOXING
|-boost|p2a: SHADOW BOXING|atk|1
|-boost|p2a: SHADOW BOXING|def|1
|
|-activate|p2a: SHADOW BOXING|ability: Shed Skin
|-curestatus|p2a: SHADOW BOXING|tox|[msg]
|-heal|p2a: SHADOW BOXING|60/100|[from] item: Leftovers
|-heal|p1a: Gliscor|100/100 tox|[from] ability: Poison Heal
|upkeep
|turn|34
|
|t:|1769401444
|move|p1a: Gliscor|Earthquake|p2a: SHADOW BOXING
|-damage|p2a: SHADOW BOXING|48/100
|move|p2a: SHADOW BOXING|Knock Off|p1a: Gliscor
|-damage|p1a: Gliscor|54/100 tox
|-enditem|p1a: Gliscor|Toxic Orb|[from] move: Knock Off|[of] p2a: SHADOW BOXING
|
|-heal|p2a: SHADOW BOXING|54/100|[from] item: Leftovers
|-heal|p1a: Gliscor|67/100 tox|[from] ability: Poison Heal
|upkeep
|turn|35
|
|t:|1769401447
|move|p1a: Gliscor|U-turn|p2a: SHADOW BOXING
|-damage|p2a: SHADOW BOXING|48/100
|
|t:|1769401448
|switch|p1a: Dragapult|Dragapult, M|88/100|[from] U-turn
|-damage|p1a: Dragapult|76/100|[from] Stealth Rock
|move|p2a: SHADOW BOXING|Rest|p2a: SHADOW BOXING
|-status|p2a: SHADOW BOXING|slp|[from] move: Rest
|-heal|p2a: SHADOW BOXING|100/100 slp|[silent]
|
|upkeep
|turn|36
|
|t:|1769401459
|move|p1a: Dragapult|U-turn|p2a: SHADOW BOXING
|-damage|p2a: SHADOW BOXING|94/100 slp
|
|t:|1769401460
|switch|p1a: Ogerpon|Ogerpon-Wellspring, F|72/100|[from] U-turn
|-damage|p1a: Ogerpon|59/100|[from] Stealth Rock
|cant|p2a: SHADOW BOXING|slp
|
|-heal|p2a: SHADOW BOXING|100/100 slp|[from] item: Leftovers
|upkeep
|turn|37
|
|t:|1769401462
|move|p1a: Ogerpon|Encore|p2a: SHADOW BOXING
|-start|p2a: SHADOW BOXING|Encore
|cant|p2a: SHADOW BOXING|slp
|
|upkeep
|turn|38
|
|t:|1769401465
|switch|p2a: ADRENALINE|Ogerpon-Teal-Tera, F, tera:Grass|100/100
|-ability|p2a: ADRENALINE|Embody Aspect (Teal)|boost
|-boost|p2a: ADRENALINE|spe|1
|move|p1a: Ogerpon|Swords Dance|p1a: Ogerpon
|-boost|p1a: Ogerpon|atk|2
|
|upkeep
|turn|39
|
|t:|1769401467
|move|p2a: ADRENALINE|Ivy Cudgel|p1a: Ogerpon
|-damage|p1a: Ogerpon|0 fnt
|faint|p1a: Ogerpon
|
|upkeep
|
|t:|1769401476
|switch|p1a: Kingambit|Kingambit, M|100/100
|-damage|p1a: Kingambit|94/100|[from] Stealth Rock
|-activate|p1a: Kingambit|ability: Supreme Overlord
|-start|p1a: Kingambit|fallen2|[silent]
|turn|40
|
|t:|1769401482
|switch|p2a: GOOD ENOUGH|Great Tusk|100/100
|move|p1a: Kingambit|Swords Dance|p1a: Kingambit
|-boost|p1a: Kingambit|atk|2
|
|-heal|p1a: Kingambit|100/100|[from] item: Leftovers
|upkeep
|turn|41
|
|t:|1769401485
|-terastallize|p1a: Kingambit|Fairy
|move|p2a: GOOD ENOUGH|Close Combat|p1a: Kingambit
|-resisted|p1a: Kingambit
|-damage|p1a: Kingambit|76/100
|-unboost|p2a: GOOD ENOUGH|def|1
|-unboost|p2a: GOOD ENOUGH|spd|1
|move|p1a: Kingambit|Tera Blast|p2a: GOOD ENOUGH|[anim] Tera Blast Fairy
|-supereffective|p2a: GOOD ENOUGH
|-damage|p2a: GOOD ENOUGH|0 fnt
|faint|p2a: GOOD ENOUGH
|-end|p2a: GOOD ENOUGH|Protosynthesis|[silent]
|
|-heal|p1a: Kingambit|82/100|[from] item: Leftovers
|upkeep
|
|t:|1769401488
|switch|p2a: LET IT BURN|Heatran, F|100/100
|-damage|p2a: LET IT BURN|88/100|[from] Stealth Rock
|turn|42
|
|t:|1769401490
|move|p1a: Kingambit|Sucker Punch|p2a: LET IT BURN
|-damage|p2a: LET IT BURN|5/100
|move|p2a: LET IT BURN|Magma Storm|p1a: Kingambit
|-damage|p1a: Kingambit|42/100
|-activate|p1a: Kingambit|move: Magma Storm|[of] p2a: LET IT BURN
|
|-heal|p2a: LET IT BURN|11/100|[from] item: Leftovers
|-heal|p1a: Kingambit|48/100|[from] item: Leftovers
|-damage|p1a: Kingambit|36/100|[from] move: Magma Storm|[partiallytrapped]
|upkeep
|turn|43
|
|t:|1769401497
|move|p2a: LET IT BURN|Taunt|p1a: Kingambit
|-start|p1a: Kingambit|move: Taunt
|move|p1a: Kingambit|Tera Blast|p2a: LET IT BURN|[anim] Tera Blast Fairy
|-resisted|p2a: LET IT BURN
|-damage|p2a: LET IT BURN|0 fnt
|faint|p2a: LET IT BURN
|
|-heal|p1a: Kingambit|42/100|[from] item: Leftovers
|-end|p1a: Kingambit|Magma Storm|[partiallytrapped]|[silent]
|upkeep
|
|t:|1769401499
|switch|p2a: ADRENALINE|Ogerpon-Teal-Tera, F, tera:Grass|100/100
|-ability|p2a: ADRENALINE|Embody Aspect (Teal)|boost
|-boost|p2a: ADRENALINE|spe|1
|turn|44
|
|t:|1769401507
|-end|p1a: Kingambit|fallen2|[silent]
|switch|p1a: Dragapult|Dragapult, M|76/100
|-damage|p1a: Dragapult|64/100|[from] Stealth Rock
|move|p2a: ADRENALINE|Spikes|p1a: Dragapult
|-sidestart|p1: justraffe|Spikes
|
|upkeep
|turn|45
|
|t:|1769401513
|move|p2a: ADRENALINE|Knock Off|p1a: Dragapult
|-supereffective|p1a: Dragapult
|-damage|p1a: Dragapult|0 fnt
|-enditem|p1a: Dragapult|Choice Specs|[from] move: Knock Off|[of] p2a: ADRENALINE
|faint|p1a: Dragapult
|
|upkeep
|
|t:|1769401516
|switch|p1a: Gliscor|Gliscor, M|67/100 tox
|-damage|p1a: Gliscor|54/100 tox|[from] Stealth Rock
|turn|46
|
|t:|1769401523
|move|p2a: ADRENALINE|Ivy Cudgel|p1a: Gliscor
|-damage|p1a: Gliscor|17/100 tox
|move|p1a: Gliscor|Toxic|p2a: ADRENALINE
|-status|p2a: ADRENALINE|tox
|
|-damage|p2a: ADRENALINE|95/100 tox|[from] psn
|-heal|p1a: Gliscor|30/100 tox|[from] ability: Poison Heal
|upkeep
|turn|47
|
|t:|1769401528
|move|p1a: Gliscor|Protect|p1a: Gliscor
|-singleturn|p1a: Gliscor|Protect
|move|p2a: ADRENALINE|Spikes|p1a: Gliscor
|-sidestart|p1: justraffe|Spikes
|
|-damage|p2a: ADRENALINE|83/100 tox|[from] psn
|-heal|p1a: Gliscor|42/100 tox|[from] ability: Poison Heal
|upkeep
|turn|48
|
|t:|1769401536
|move|p2a: ADRENALINE|Ivy Cudgel|p1a: Gliscor
|-damage|p1a: Gliscor|3/100 tox
|move|p1a: Gliscor|U-turn|p2a: ADRENALINE
|-supereffective|p2a: ADRENALINE
|-damage|p2a: ADRENALINE|39/100 tox
|
|t:|1769401540
|switch|p1a: Cinderace|Cinderace, F|38/100|[from] U-turn
|
|-damage|p2a: ADRENALINE|21/100 tox|[from] psn
|upkeep
|turn|49
|
|t:|1769401544
|switch|p2a: SHADOW BOXING|Scrafty, M|100/100 slp
|-damage|p2a: SHADOW BOXING|94/100 slp|[from] Stealth Rock
|move|p1a: Cinderace|Sucker Punch||[still]
|-fail|p1a: Cinderace
|
|-heal|p2a: SHADOW BOXING|100/100 slp|[from] item: Leftovers
|upkeep
|turn|50
|
|t:|1769401552
|move|p1a: Cinderace|Pyro Ball|p2a: SHADOW BOXING
|-damage|p2a: SHADOW BOXING|50/100 slp
|-curestatus|p2a: SHADOW BOXING|slp|[msg]
|move|p2a: SHADOW BOXING|Knock Off|p1a: Cinderace
|-damage|p1a: Cinderace|0 fnt
|-enditem|p1a: Cinderace|Heavy-Duty Boots|[from] move: Knock Off|[of] p2a: SHADOW BOXING
|faint|p1a: Cinderace
|
|-heal|p2a: SHADOW BOXING|56/100|[from] item: Leftovers
|upkeep
|
|t:|1769401555
|switch|p1a: Kingambit|Kingambit, M, tera:Fairy|42/100
|-damage|p1a: Kingambit|30/100|[from] Stealth Rock
|-damage|p1a: Kingambit|13/100|[from] Spikes
|-activate|p1a: Kingambit|ability: Supreme Overlord
|-start|p1a: Kingambit|fallen4|[silent]
|turn|51
|
|t:|1769401557
|move|p2a: SHADOW BOXING|Knock Off|p1a: Kingambit
|-resisted|p1a: Kingambit
|-damage|p1a: Kingambit|1/100
|-enditem|p1a: Kingambit|Leftovers|[from] move: Knock Off|[of] p2a: SHADOW BOXING
|move|p1a: Kingambit|Tera Blast|p2a: SHADOW BOXING|[anim] Tera Blast Fairy
|-supereffective|p2a: SHADOW BOXING
|-damage|p2a: SHADOW BOXING|0 fnt
|faint|p2a: SHADOW BOXING
|
|upkeep
|
|t:|1769401560
|switch|p2a: ADRENALINE|Ogerpon-Teal-Tera, F, tera:Grass|21/100 tox
|-ability|p2a: ADRENALINE|Embody Aspect (Teal)|boost
|-boost|p2a: ADRENALINE|spe|1
|turn|52
|c|☆seakingmissile|ggs
|
|t:|1769401569
|move|p1a: Kingambit|Sucker Punch|p2a: ADRENALINE
|-damage|p2a: ADRENALINE|0 fnt
|faint|p2a: ADRENALINE
|detailschange|p2: ADRENALINE|Ogerpon, F|[silent]
|
|win|justraffe
|raw|justraffe's rating: 1455 &rarr; <strong>1473</strong><br />(+18 for winning)
|raw|seakingmissile's rating: 1421 &rarr; <strong>1403</strong><br />(-18 for losing)
|l|☆seakingmissile
|player|p2|
|l|☆justraffe
|player|p1|
