|j|☆haitianprinc3
|j|☆Aggrhy
|t:|1769299665
|gametype|singles
|player|p1|haitianprinc3|marshal|1376
|player|p2|Aggrhy|red-masters|1427
|gen|9
|tier|[Gen 9] OU
|rated|
|rule|HP Percentage Mod: HP is shown in percentages
|rule|Endless Battle Clause: Forcing endless battles is banned
|rule|Species Clause: Limit one of each Pokémon
|rule|OHKO Clause: OHKO moves are banned
|rule|Evasion Items Clause: Evasion items are banned
|rule|Evasion Moves Clause: Evasion moves are banned
|rule|Evasion Abilities Clause: Evasion abilities are banned
|rule|Sleep Moves Clause: Sleep-inducing moves are banned
|clearpoke
|poke|p1|Politoed, M|
|poke|p1|Landorus-Therian, M|
|poke|p1|Goodra, M|
|poke|p1|Floatzel, F|
|poke|p1|Azumarill, M|
|poke|p1|Volcanion|
|poke|p2|Iron Hands|
|poke|p2|Arboliva, F|
|poke|p2|Clefable, M|
|poke|p2|Polteageist-Antique|
|poke|p2|Indeedee, M|
|poke|p2|Corviknight, M|
|teampreview
|inactive|Battle timer is ON: inactive players will automatically lose when time's up. (requested by Aggrhy)
|
|t:|1769299682
|teamsize|p1|6
|teamsize|p2|6
|start
|switch|p1a: Politoed|Politoed, M|100/100
|switch|p2a: Corviknight|Corviknight, M|100/100
|-weather|RainDance|[from] ability: Drizzle|[of] p1a: Politoed
|-ability|p2a: Corviknight|Pressure
|turn|1
|
|t:|1769299693
|move|p1a: Politoed|Surf|p2a: Corviknight
|-damage|p2a: Corviknight|49/100
|move|p2a: Corviknight|Light Screen|p2a: Corviknight
|-sidestart|p2: Aggrhy|move: Light Screen
|
|-weather|RainDance|[upkeep]
|upkeep
|turn|2
|
|t:|1769299707
|switch|p1a: Volcanion|Volcanion|100/100
|move|p2a: Corviknight|Reflect|p2a: Corviknight
|-sidestart|p2: Aggrhy|Reflect
|
|-weather|RainDance|[upkeep]
|upkeep
|turn|3
|
|t:|1769299715
|move|p1a: Volcanion|Steam Eruption|p2a: Corviknight
|-damage|p2a: Corviknight|0 fnt
|faint|p2a: Corviknight
|
|-weather|RainDance|[upkeep]
|upkeep
|
|t:|1769299722
|switch|p2a: Iron Hands|Iron Hands|100/100
|turn|4
|
|t:|1769299733
|switch|p1a: Landorus|Landorus-Therian, M|100/100
|-ability|p1a: Landorus|Intimidate|boost
|-unboost|p2a: Iron Hands|atk|1
|move|p2a: Iron Hands|Swords Dance|p2a: Iron Hands
|-boost|p2a: Iron Hands|atk|2
|
|-weather|RainDance|[upkeep]
|upkeep
|turn|5
|
|t:|1769299761
|move|p1a: Landorus|Earthquake|p2a: Iron Hands
|-supereffective|p2a: Iron Hands
|-damage|p2a: Iron Hands|66/100
|move|p2a: Iron Hands|Focus Energy|p2a: Iron Hands
|-start|p2a: Iron Hands|move: Focus Energy
|
|-weather|RainDance|[upkeep]
|upkeep
|turn|6
|inactive|haitianprinc3 has 120 seconds left.
|
|t:|1769299782
|-terastallize|p2a: Iron Hands|Fighting
|move|p1a: Landorus|Earthquake|p2a: Iron Hands
|-damage|p2a: Iron Hands|50/100
|move|p2a: Iron Hands|Drain Punch|p1a: Landorus
|-resisted|p1a: Landorus
|-crit|p1a: Landorus
|-damage|p1a: Landorus|25/100
|-heal|p2a: Iron Hands|77/100|[from] drain|[of] p1a: Landorus
|
|-weather|RainDance|[upkeep]
|upkeep
|turn|7
|inactive|haitianprinc3 has 120 seconds left.
|inactive|haitianprinc3 has 90 seconds left.
|
|t:|1769299819
|move|p1a: Landorus|Earthquake|p2a: Iron Hands
|-damage|p2a: Iron Hands|60/100
|move|p2a: Iron Hands|Drain Punch|p1a: Landorus
|-resisted|p1a: Landorus
|-crit|p1a: Landorus
|-damage|p1a: Landorus|0 fnt
|-heal|p2a: Iron Hands|69/100|[from] drain|[of] p1a: Landorus
|faint|p1a: Landorus
|
|-weather|RainDance|[upkeep]
|upkeep
|inactive|haitianprinc3 has 90 seconds left.
|
|t:|1769299829
|switch|p1a: Goodra|Goodra, M|100/100
|turn|8
|
|t:|1769299834
|move|p2a: Iron Hands|Drain Punch|p1a: Goodra
|-crit|p1a: Goodra
|-damage|p1a: Goodra|0 fnt
|-heal|p2a: Iron Hands|100/100|[from] drain|[of] p1a: Goodra
|faint|p1a: Goodra
|
|-weather|none
|-sideend|p2: Aggrhy|move: Light Screen
|upkeep
|inactive|haitianprinc3 has 90 seconds left.
|
|t:|1769299845
|switch|p1a: Politoed|Politoed, M|100/100
|-weather|RainDance|[from] ability: Drizzle|[of] p1a: Politoed
|turn|9
|
|t:|1769299850
|move|p1a: Politoed|Surf|p2a: Iron Hands
|-damage|p2a: Iron Hands|38/100
|move|p2a: Iron Hands|Drain Punch|p1a: Politoed
|-crit|p1a: Politoed
|-damage|p1a: Politoed|0 fnt
|-heal|p2a: Iron Hands|81/100|[from] drain|[of] p1a: Politoed
|faint|p1a: Politoed
|
|-weather|RainDance|[upkeep]
|-sideend|p2: Aggrhy|Reflect
|upkeep
|
|t:|1769299853
|switch|p1a: Volcanion|Volcanion|100/100
|turn|10
|
|t:|1769299863
|move|p1a: Volcanion|Steam Eruption|p2a: Iron Hands
|-damage|p2a: Iron Hands|0 fnt
|faint|p2a: Iron Hands
|-end|p2a: Iron Hands|Quark Drive|[silent]
|
|-weather|RainDance|[upkeep]
|upkeep
|
|t:|1769299870
|switch|p2a: Arboliva|Arboliva, F|100/100
|turn|11
|inactive|haitianprinc3 has 120 seconds left.
|
|t:|1769299894
|move|p1a: Volcanion|Steam Eruption|p2a: Arboliva
|-resisted|p2a: Arboliva
|-damage|p2a: Arboliva|62/100
|-status|p2a: Arboliva|brn
|-fieldstart|move: Grassy Terrain|[from] ability: Seed Sower|[of] p2a: Arboliva
|move|p2a: Arboliva|Giga Drain|p1a: Volcanion
|-damage|p1a: Volcanion|44/100
|-heal|p2a: Arboliva|94/100 brn|[from] drain|[of] p1a: Volcanion
|
|-weather|RainDance|[upkeep]
|-heal|p1a: Volcanion|50/100|[from] Grassy Terrain
|-heal|p2a: Arboliva|100/100 brn|[from] Grassy Terrain
|-damage|p2a: Arboliva|94/100 brn|[from] brn
|upkeep
|turn|12
|
|t:|1769299914
|switch|p1a: Azumarill|Azumarill, M|100/100
|move|p2a: Arboliva|Giga Drain|p1a: Azumarill
|-supereffective|p1a: Azumarill
|-damage|p1a: Azumarill|32/100
|-heal|p2a: Arboliva|100/100 brn|[from] drain|[of] p1a: Azumarill
|
|-weather|RainDance|[upkeep]
|-heal|p1a: Azumarill|38/100|[from] Grassy Terrain
|-damage|p2a: Arboliva|94/100 brn|[from] brn
|upkeep
|turn|13
|
|t:|1769299928
|move|p1a: Azumarill|Play Rough|p2a: Arboliva
|-damage|p2a: Arboliva|26/100 brn
|move|p2a: Arboliva|Giga Drain|p1a: Azumarill
|-supereffective|p1a: Azumarill
|-damage|p1a: Azumarill|0 fnt
|-heal|p2a: Arboliva|50/100 brn|[from] drain|[of] p1a: Azumarill
|faint|p1a: Azumarill
|
|-weather|RainDance|[upkeep]
|-heal|p2a: Arboliva|56/100 brn|[from] Grassy Terrain
|-damage|p2a: Arboliva|50/100 brn|[from] brn
|upkeep
|
|t:|1769299939
|switch|p1a: Floatzel|Floatzel, F|100/100
|turn|14
|
|t:|1769299950
|move|p1a: Floatzel|Wave Crash|p2a: Arboliva
|-resisted|p2a: Arboliva
|-damage|p2a: Arboliva|0 fnt
|faint|p2a: Arboliva
|-damage|p1a: Floatzel|84/100|[from] Recoil
|
|-weather|RainDance|[upkeep]
|-heal|p1a: Floatzel|90/100|[from] Grassy Terrain
|upkeep
|
|t:|1769299959
|switch|p2a: Indeedee|Indeedee, M|100/100
|-fieldstart|move: Psychic Terrain|[from] ability: Psychic Surge|[of] p2a: Indeedee
|turn|15
|
|t:|1769299972
|move|p1a: Floatzel|Wave Crash|p2a: Indeedee
|-damage|p2a: Indeedee|0 fnt
|faint|p2a: Indeedee
|-damage|p1a: Floatzel|63/100|[from] Recoil
|
|-weather|RainDance|[upkeep]
|upkeep
|
|t:|1769299980
|switch|p2a: Polteageist|Polteageist-Antique|100/100
|turn|16
|
|t:|1769299984
|move|p1a: Floatzel|Wave Crash|p2a: Polteageist
|-enditem|p2a: Polteageist|Focus Sash
|-damage|p2a: Polteageist|1/100
|-ability|p2a: Polteageist|Weak Armor|boost
|-unboost|p2a: Polteageist|def|1
|-boost|p2a: Polteageist|spe|2
|-damage|p1a: Floatzel|35/100|[from] Recoil
|move|p2a: Polteageist|Shell Smash|p2a: Polteageist
|-unboost|p2a: Polteageist|def|1
|-unboost|p2a: Polteageist|spd|1
|-boost|p2a: Polteageist|atk|2
|-boost|p2a: Polteageist|spa|2
|-boost|p2a: Polteageist|spe|2
|
|-weather|none
|upkeep
|turn|17
|
|t:|1769300000
|move|p2a: Polteageist|Shadow Ball|p1a: Floatzel
|-damage|p1a: Floatzel|0 fnt
|faint|p1a: Floatzel
|
|upkeep
|
|t:|1769300003
|switch|p1a: Volcanion|Volcanion|50/100
|turn|18
|
|t:|1769300008
|move|p2a: Polteageist|Stored Power|p1a: Volcanion
|-damage|p1a: Volcanion|0 fnt
|faint|p1a: Volcanion
|
|win|Aggrhy
|raw|haitianprinc3's rating: 1376 &rarr; <strong>1359</strong><br />(-17 for losing)
|raw|Aggrhy's rating: 1427 &rarr; <strong>1444</strong><br />(+17 for winning)
|l|☆haitianprinc3
|player|p1|
|l|☆Aggrhy
|player|p2|
