|j|☆rockdrigox666
|j|☆chan990
|t:|1769408761
|gametype|singles
|player|p1|rockdrigox666|102|1195
|player|p2|chan990|170|1214
|gen|9
|tier|[Gen 9] OU
|rated|
|rule|HP Percentage Mod: HP is shown in percentages
|rule|Endless Battle Clause: Forcing endless battles is banned
|rule|Species Clause: Limit one of each Pokémon
|rule|OHKO Clause: OHKO moves are banned
|rule|Evasion Items Clause: Evasion items are banned
|rule|Evasion Moves Clause: Evasion moves are banned
|rule|Evasion Abilities Clause: Evasion abilities are banned
|rule|Sleep Moves Clause: Sleep-inducing moves are banned
|clearpoke
|poke|p1|Excadrill, F|
|poke|p1|Ambipom, F|
|poke|p1|Azumarill, F|
|poke|p1|Hippowdon, M|
|poke|p1|Gengar, F|
|poke|p1|Greninja-*, M|
|poke|p2|Muk-Alola, M|
|poke|p2|Moltres|
|poke|p2|Dragapult, F|
|poke|p2|Ogerpon-Wellspring, F|
|poke|p2|Garganacl, M|
|poke|p2|Great Tusk|
|teampreview
|inactive|Battle timer is ON: inactive players will automatically lose when time's up. (requested by rockdrigox666)
|
|t:|1769408765
|teamsize|p1|6
|teamsize|p2|6
|start
|switch|p1a: Hippowdon|Hippowdon, M|100/100
|switch|p2a: Dragapult|Dragapult, F, shiny|100/100
|-weather|Sandstorm|[from] ability: Sand Stream|[of] p1a: Hippowdon
|turn|1
|
|t:|1769408775
|move|p2a: Dragapult|Reflect|p2a: Dragapult
|-sidestart|p2: chan990|Reflect
|move|p1a: Hippowdon|Stealth Rock|p2a: Dragapult
|-sidestart|p2: chan990|move: Stealth Rock
|
|-weather|Sandstorm|[upkeep]
|-damage|p2a: Dragapult|94/100|[from] Sandstorm
|upkeep
|turn|2
|
|t:|1769408779
|move|p2a: Dragapult|Light Screen|p2a: Dragapult
|-sidestart|p2: chan990|move: Light Screen
|move|p1a: Hippowdon|Stockpile|p1a: Hippowdon
|-start|p1a: Hippowdon|stockpile1
|-boost|p1a: Hippowdon|def|1
|-boost|p1a: Hippowdon|spd|1
|
|-weather|Sandstorm|[upkeep]
|-damage|p2a: Dragapult|88/100|[from] Sandstorm
|upkeep
|turn|3
|
|t:|1769408785
|move|p2a: Dragapult|Curse|p1a: Hippowdon
|-start|p1a: Hippowdon|Curse|[of] p2a: Dragapult
|-damage|p2a: Dragapult|38/100
|move|p1a: Hippowdon|Stockpile|p1a: Hippowdon
|-start|p1a: Hippowdon|stockpile2
|-boost|p1a: Hippowdon|def|1
|-boost|p1a: Hippowdon|spd|1
|
|-weather|Sandstorm|[upkeep]
|-damage|p2a: Dragapult|32/100|[from] Sandstorm
|-damage|p1a: Hippowdon|75/100|[from] Curse
|upkeep
|turn|4
|
|t:|1769408796
|switch|p2a: Great Tusk|Great Tusk|100/100
|-damage|p2a: Great Tusk|98/100|[from] Stealth Rock
|move|p1a: Hippowdon|Slack Off|p1a: Hippowdon
|-heal|p1a: Hippowdon|100/100
|
|-weather|Sandstorm|[upkeep]
|-damage|p1a: Hippowdon|75/100|[from] Curse
|upkeep
|turn|5
|
|t:|1769408803
|move|p2a: Great Tusk|Taunt|p1a: Hippowdon
|-start|p1a: Hippowdon|move: Taunt
|move|p1a: Hippowdon|Body Press|p2a: Great Tusk
|-damage|p2a: Great Tusk|80/100
|-damage|p1a: Hippowdon|59/100|[from] item: Rocky Helmet|[of] p2a: Great Tusk
|
|-weather|none
|-damage|p1a: Hippowdon|34/100|[from] Curse
|upkeep
|turn|6
|
|t:|1769408812
|move|p2a: Great Tusk|Rapid Spin|p1a: Hippowdon
|-damage|p1a: Hippowdon|29/100
|-boost|p2a: Great Tusk|spe|1
|-damage|p2a: Great Tusk|64/100|[from] item: Rocky Helmet|[of] p1a: Hippowdon
|-sideend|p2: chan990|Stealth Rock|[from] move: Rapid Spin|[of] p2a: Great Tusk
|move|p1a: Hippowdon|Body Press|p2a: Great Tusk
|-damage|p2a: Great Tusk|48/100
|-damage|p1a: Hippowdon|12/100|[from] item: Rocky Helmet|[of] p2a: Great Tusk
|
|-damage|p1a: Hippowdon|0 fnt|[from] Curse
|faint|p1a: Hippowdon
|upkeep
|
|t:|1769408821
|switch|p1a: Ambipom|Ambipom, F|100/100
|turn|7
|
|t:|1769408825
|-end|p2a: Great Tusk|Protosynthesis|[silent]
|switch|p2a: Ogerpon|Ogerpon-Wellspring, F|100/100
|move|p1a: Ambipom|Fake Out|p2a: Ogerpon
|-damage|p2a: Ogerpon|82/100
|
|upkeep
|turn|8
|
|t:|1769408830
|switch|p1a: Azumarill|Azumarill, F|100/100
|move|p2a: Ogerpon|Encore||[still]
|-fail|p2a: Ogerpon
|
|-sideend|p2: chan990|Reflect
|upkeep
|turn|9
|
|t:|1769408836
|move|p2a: Ogerpon|Swords Dance|p2a: Ogerpon
|-boost|p2a: Ogerpon|atk|2
|move|p1a: Azumarill|Trailblaze|p2a: Ogerpon
|-damage|p2a: Ogerpon|67/100
|-boost|p1a: Azumarill|spe|1
|
|-sideend|p2: chan990|move: Light Screen
|upkeep
|turn|10
|
|t:|1769408842
|move|p2a: Ogerpon|Horn Leech|p1a: Azumarill
|-ability|p1a: Azumarill|Sap Sipper|boost
|-boost|p1a: Azumarill|atk|1
|move|p1a: Azumarill|Ice Spinner|p2a: Ogerpon
|-damage|p2a: Ogerpon|32/100
|
|upkeep
|turn|11
|
|t:|1769408851
|-terastallize|p2a: Ogerpon|Water
|detailschange|p2a: Ogerpon|Ogerpon-Wellspring-Tera, F, tera:Water
|-ability|p2a: Ogerpon|Embody Aspect (Wellspring)|boost
|-boost|p2a: Ogerpon|spd|1
|move|p2a: Ogerpon|Ivy Cudgel|p1a: Azumarill|[anim] Ivy Cudgel Water
|-resisted|p1a: Azumarill
|-damage|p1a: Azumarill|22/100
|-enditem|p1a: Azumarill|Sitrus Berry|[eat]
|-heal|p1a: Azumarill|47/100|[from] item: Sitrus Berry
|move|p1a: Azumarill|Trailblaze|p2a: Ogerpon
|-supereffective|p2a: Ogerpon
|-damage|p2a: Ogerpon|0 fnt
|-boost|p1a: Azumarill|spe|1
|faint|p2a: Ogerpon
|detailschange|p2: Ogerpon|Ogerpon-Wellspring, F|[silent]
|
|upkeep
|
|t:|1769408863
|switch|p2a: Muk|Muk-Alola, M, shiny|100/100
|turn|12
|
|t:|1769408868
|move|p1a: Azumarill|Play Rough|p2a: Muk|[miss]
|-miss|p1a: Azumarill|p2a: Muk
|move|p2a: Muk|Poison Jab|p1a: Azumarill
|-supereffective|p1a: Azumarill
|-damage|p1a: Azumarill|0 fnt
|faint|p1a: Azumarill
|
|upkeep
|
|t:|1769408874
|switch|p1a: Ambipom|Ambipom, F|100/100
|turn|13
|
|t:|1769408882
|move|p1a: Ambipom|Knock Off|p2a: Muk
|-resisted|p2a: Muk
|-damage|p2a: Muk|85/100
|-enditem|p2a: Muk|Assault Vest|[from] move: Knock Off|[of] p1a: Ambipom
|move|p2a: Muk|Poison Jab|p1a: Ambipom
|-damage|p1a: Ambipom|39/100
|
|upkeep
|turn|14
|
|t:|1769408889
|switch|p1a: Excadrill|Excadrill, F|100/100
|move|p2a: Muk|Poison Jab|p1a: Excadrill
|-immune|p1a: Excadrill
|
|upkeep
|turn|15
|
|t:|1769408897
|switch|p2a: Moltres|Moltres, shiny|100/100
|move|p1a: Excadrill|Rapid Spin|p2a: Moltres
|-damage|p2a: Moltres|85/100
|-boost|p1a: Excadrill|spe|1
|-status|p1a: Excadrill|brn|[from] ability: Flame Body|[of] p2a: Moltres
|
|-damage|p1a: Excadrill|94/100 brn|[from] brn
|upkeep
|turn|16
|
|t:|1769408902
|move|p1a: Excadrill|Rock Blast|p2a: Moltres
|-supereffective|p2a: Moltres
|-damage|p2a: Moltres|67/100
|-supereffective|p2a: Moltres
|-damage|p2a: Moltres|51/100
|-hitcount|p2a: Moltres|2
|move|p2a: Moltres|Fire Spin|p1a: Excadrill
|-supereffective|p1a: Excadrill
|-damage|p1a: Excadrill|56/100 brn
|-activate|p1a: Excadrill|move: Fire Spin|[of] p2a: Moltres
|
|-damage|p1a: Excadrill|50/100 brn|[from] brn
|-damage|p1a: Excadrill|38/100 brn|[from] move: Fire Spin|[partiallytrapped]
|upkeep
|turn|17
|
|t:|1769408911
|move|p1a: Excadrill|Earthquake|p2a: Moltres
|-immune|p2a: Moltres
|move|p2a: Moltres|Roost|p2a: Moltres
|-heal|p2a: Moltres|100/100
|-singleturn|p2a: Moltres|move: Roost
|
|-damage|p1a: Excadrill|32/100 brn|[from] brn
|-damage|p1a: Excadrill|19/100 brn|[from] move: Fire Spin|[partiallytrapped]
|upkeep
|turn|18
|
|t:|1769408921
|move|p1a: Excadrill|Rock Blast|p2a: Moltres
|-supereffective|p2a: Moltres
|-damage|p2a: Moltres|83/100
|-supereffective|p2a: Moltres
|-damage|p2a: Moltres|66/100
|-supereffective|p2a: Moltres
|-damage|p2a: Moltres|48/100
|-supereffective|p2a: Moltres
|-damage|p2a: Moltres|31/100
|-hitcount|p2a: Moltres|4
|move|p2a: Moltres|Fire Spin|p1a: Excadrill
|-supereffective|p1a: Excadrill
|-crit|p1a: Excadrill
|-damage|p1a: Excadrill|0 fnt
|faint|p1a: Excadrill
|
|upkeep
|
|t:|1769408929
|switch|p1a: Greninja|Greninja, M|100/100
|turn|19
|
|t:|1769408939
|switch|p2a: Muk|Muk-Alola, M, shiny|85/100
|move|p1a: Greninja|Water Pledge|p2a: Muk
|-damage|p2a: Muk|49/100
|-damage|p1a: Greninja|91/100|[from] item: Life Orb
|
|upkeep
|turn|20
|
|t:|1769408947
|move|p1a: Greninja|Dark Pulse|p2a: Muk
|-resisted|p2a: Muk
|-damage|p2a: Muk|32/100
|-damage|p1a: Greninja|81/100|[from] item: Life Orb
|move|p2a: Muk|Drain Punch|p1a: Greninja
|-supereffective|p1a: Greninja
|-crit|p1a: Greninja
|-damage|p1a: Greninja|0 fnt
|-heal|p2a: Muk|59/100|[from] drain|[of] p1a: Greninja
|faint|p1a: Greninja
|
|upkeep
|
|t:|1769408951
|switch|p1a: Ambipom|Ambipom, F|39/100
|turn|21
|
|t:|1769408957
|move|p1a: Ambipom|Fake Out|p2a: Muk
|-damage|p2a: Muk|28/100
|cant|p2a: Muk|flinch
|
|upkeep
|turn|22
|
|t:|1769408959
|move|p1a: Ambipom|Triple Axel|p2a: Muk
|-damage|p2a: Muk|19/100
|-damage|p2a: Muk|0 fnt
|faint|p2a: Muk
|-hitcount|p2: Muk|2
|
|upkeep
|
|t:|1769408965
|switch|p2a: Garganacl|Garganacl, M, shiny|100/100
|turn|23
|
|t:|1769408968
|move|p1a: Ambipom|Low Kick|p2a: Garganacl
|-supereffective|p2a: Garganacl
|-damage|p2a: Garganacl|67/100
|move|p2a: Garganacl|Salt Cure|p1a: Ambipom
|-damage|p1a: Ambipom|16/100
|-start|p1a: Ambipom|Salt Cure
|
|-heal|p2a: Garganacl|74/100|[from] item: Leftovers
|-damage|p1a: Ambipom|4/100|[from] Salt Cure
|upkeep
|turn|24
|
|t:|1769408978
|move|p1a: Ambipom|Low Kick|p2a: Garganacl
|-supereffective|p2a: Garganacl
|-damage|p2a: Garganacl|38/100
|move|p2a: Garganacl|Salt Cure|p1a: Ambipom
|-damage|p1a: Ambipom|0 fnt
|faint|p1a: Ambipom
|
|-heal|p2a: Garganacl|44/100|[from] item: Leftovers
|upkeep
|
|t:|1769408982
|switch|p1a: Gengar|Gengar, F|100/100
|turn|25
|
|t:|1769408987
|move|p1a: Gengar|Shadow Ball|p2a: Garganacl
|-damage|p2a: Garganacl|19/100
|-damage|p1a: Gengar|91/100|[from] item: Life Orb
|move|p2a: Garganacl|Recover|p2a: Garganacl
|-heal|p2a: Garganacl|69/100
|
|-heal|p2a: Garganacl|75/100|[from] item: Leftovers
|upkeep
|turn|26
|
|t:|1769408993
|move|p1a: Gengar|Encore|p2a: Garganacl
|-start|p2a: Garganacl|Encore
|move|p2a: Garganacl|Recover|p2a: Garganacl
|-heal|p2a: Garganacl|100/100
|
|upkeep
|turn|27
|
|t:|1769409000
|switch|p2a: Great Tusk|Great Tusk|48/100
|move|p1a: Gengar|Shadow Ball|p2a: Great Tusk
|-damage|p2a: Great Tusk|0 fnt
|faint|p2a: Great Tusk
|-end|p2a: Great Tusk|Protosynthesis|[silent]
|-damage|p1a: Gengar|81/100|[from] item: Life Orb
|
|upkeep
|
|t:|1769409005
|switch|p2a: Garganacl|Garganacl, M, shiny|100/100
|turn|28
|
|t:|1769409008
|move|p2a: Garganacl|Protect|p2a: Garganacl
|-singleturn|p2a: Garganacl|Protect
|move|p1a: Gengar|Shadow Ball|p2a: Garganacl
|-activate|p2a: Garganacl|move: Protect
|
|upkeep
|turn|29
|
|t:|1769409014
|move|p1a: Gengar|Encore|p2a: Garganacl
|-start|p2a: Garganacl|Encore
|move|p2a: Garganacl|Protect||[still]
|-fail|p2a: Garganacl
|
|upkeep
|turn|30
|
|t:|1769409018
|switch|p2a: Dragapult|Dragapult, F, shiny|32/100
|move|p1a: Gengar|Shadow Ball|p2a: Dragapult
|-supereffective|p2a: Dragapult
|-damage|p2a: Dragapult|0 fnt
|faint|p2a: Dragapult
|-damage|p1a: Gengar|71/100|[from] item: Life Orb
|
|upkeep
|
|t:|1769409025
|switch|p2a: Garganacl|Garganacl, M, shiny|100/100
|turn|31
|
|t:|1769409028
|move|p1a: Gengar|Shadow Ball|p2a: Garganacl
|-damage|p2a: Garganacl|76/100
|-unboost|p2a: Garganacl|spd|1
|-damage|p1a: Gengar|61/100|[from] item: Life Orb
|move|p2a: Garganacl|Salt Cure|p1a: Gengar
|-damage|p1a: Gengar|35/100
|-start|p1a: Gengar|Salt Cure
|
|-heal|p2a: Garganacl|82/100|[from] item: Leftovers
|-damage|p1a: Gengar|23/100|[from] Salt Cure
|upkeep
|turn|32
|
|t:|1769409036
|switch|p2a: Moltres|Moltres, shiny|31/100
|move|p1a: Gengar|Shadow Ball|p2a: Moltres
|-damage|p2a: Moltres|0 fnt
|faint|p2a: Moltres
|-damage|p1a: Gengar|13/100|[from] item: Life Orb
|
|-damage|p1a: Gengar|1/100|[from] Salt Cure
|upkeep
|
|t:|1769409041
|switch|p2a: Garganacl|Garganacl, M, shiny|82/100
|turn|33
|
|t:|1769409045
|move|p2a: Garganacl|Protect|p2a: Garganacl
|-singleturn|p2a: Garganacl|Protect
|move|p1a: Gengar|Shadow Ball|p2a: Garganacl
|-activate|p2a: Garganacl|move: Protect
|
|-heal|p2a: Garganacl|88/100|[from] item: Leftovers
|-damage|p1a: Gengar|0 fnt|[from] Salt Cure
|faint|p1a: Gengar
|
|win|chan990
|raw|rockdrigox666's rating: 1195 &rarr; <strong>1171</strong><br />(-24 for losing)
|raw|chan990's rating: 1214 &rarr; <strong>1238</strong><br />(+24 for winning)
|l|☆rockdrigox666
|player|p1|
