|j|☆Noamm
|j|☆mio3777
|t:|1769435012
|gametype|singles
|player|p1|Noamm|gambler|1689
|player|p2|mio3777|101|1662
|gen|9
|tier|[Gen 9] OU
|rated|
|rule|HP Percentage Mod: HP is shown in percentages
|rule|Endless Battle Clause: Forcing endless battles is banned
|rule|Species Clause: Limit one of each Pokémon
|rule|OHKO Clause: OHKO moves are banned
|rule|Evasion Items Clause: Evasion items are banned
|rule|Evasion Moves Clause: Evasion moves are banned
|rule|Evasion Abilities Clause: Evasion abilities are banned
|rule|Sleep Moves Clause: Sleep-inducing moves are banned
|clearpoke
|poke|p1|Lokix, M|
|poke|p1|Dragapult, F|
|poke|p1|Slowking-Galar, M|
|poke|p1|Mandibuzz, F|
|poke|p1|Great Tusk|
|poke|p1|Primarina, F|
|poke|p2|Indeedee, M|
|poke|p2|Polteageist-Antique|
|poke|p2|Cinderace, M|
|poke|p2|Armarouge, M|
|poke|p2|Hawlucha, F|
|poke|p2|Hatterene, F|
|teampreview
|
|t:|1769435022
|teamsize|p1|6
|teamsize|p2|6
|start
|switch|p1a: Kamen Rider Scaven|Mandibuzz, F|100/100
|switch|p2a: Indeedee|Indeedee, M|100/100
|-fieldstart|move: Psychic Terrain|[from] ability: Psychic Surge|[of] p2a: Indeedee
|turn|1
|inactive|Battle timer is ON: inactive players will automatically lose when time's up. (requested by mio3777)
|
|t:|1769435028
|switch|p2a: Hatterene|Hatterene, F|100/100
|move|p1a: Kamen Rider Scaven|Defog|p2a: Hatterene
|move|p2a: Hatterene|Defog|p1a: Kamen Rider Scaven|[from] ability: Magic Bounce
|-unboost|p1a: Kamen Rider Scaven|evasion|1
|-fieldend|move: Psychic Terrain
|
|upkeep
|turn|2
|
|t:|1769435041
|switch|p1a: Kamen Rider Burr|Slowking-Galar, M|100/100
|move|p2a: Hatterene|Mystical Fire|p1a: Kamen Rider Burr
|-damage|p1a: Kamen Rider Burr|81/100
|-unboost|p1a: Kamen Rider Burr|spa|1
|
|upkeep
|turn|3
|
|t:|1769435048
|switch|p2a: Indeedee|Indeedee, M|100/100
|-fieldstart|move: Psychic Terrain|[from] ability: Psychic Surge|[of] p2a: Indeedee
|move|p1a: Kamen Rider Burr|Future Sight|p2a: Indeedee
|-start|p1a: Kamen Rider Burr|move: Future Sight
|
|upkeep
|turn|4
|
|t:|1769435055
|switch|p2a: Hatterene|Hatterene, F|100/100
|-prepare|p1a: Kamen Rider Burr|Chilly Reception|[premajor]
|move|p1a: Kamen Rider Burr|Chilly Reception|p1a: Kamen Rider Burr
|-weather|Snowscape
|
|t:|1769435066
|switch|p1a: Kamen Rider Siren|Primarina, F|100/100|[from] Chilly Reception
|
|-weather|Snowscape|[upkeep]
|upkeep
|turn|5
|
|t:|1769435070
|move|p1a: Kamen Rider Siren|Flip Turn|p2a: Hatterene
|-damage|p2a: Hatterene|84/100
|
|t:|1769435073
|switch|p1a: Kamen Rider Burr|Slowking-Galar, M|100/100|[from] Flip Turn
|move|p2a: Hatterene|Expanding Force|p1a: Kamen Rider Burr
|-damage|p1a: Kamen Rider Burr|45/100
|
|-weather|Snowscape|[upkeep]
|-end|p2a: Hatterene|move: Future Sight
|-resisted|p2a: Hatterene
|-damage|p2a: Hatterene|50/100
|upkeep
|turn|6
|
|t:|1769435086
|switch|p1a: Kamen Rider Scaven|Mandibuzz, F|100/100
|switch|p2a: Hawlucha|Hawlucha, F|100/100
|-enditem|p2a: Hawlucha|Psychic Seed
|-boost|p2a: Hawlucha|spd|1|[from] item: Psychic Seed
|
|-weather|Snowscape|[upkeep]
|upkeep
|turn|7
|
|t:|1769435093
|move|p2a: Hawlucha|Swords Dance|p2a: Hawlucha
|-boost|p2a: Hawlucha|atk|2
|move|p1a: Kamen Rider Scaven|Foul Play|p2a: Hawlucha
|-resisted|p2a: Hawlucha
|-damage|p2a: Hawlucha|41/100
|
|-weather|Snowscape|[upkeep]
|upkeep
|turn|8
|
|t:|1769435100
|move|p2a: Hawlucha|Close Combat|p1a: Kamen Rider Scaven
|-damage|p1a: Kamen Rider Scaven|36/100
|-unboost|p2a: Hawlucha|def|1
|-unboost|p2a: Hawlucha|spd|1
|move|p1a: Kamen Rider Scaven|Foul Play|p2a: Hawlucha
|-resisted|p2a: Hawlucha
|-damage|p2a: Hawlucha|0 fnt
|faint|p2a: Hawlucha
|
|-weather|none
|upkeep
|
|t:|1769435112
|switch|p2a: Armarouge|Armarouge, M|100/100
|turn|9
|
|t:|1769435121
|move|p2a: Armarouge|Expanding Force|p1a: Kamen Rider Scaven
|-immune|p1a: Kamen Rider Scaven
|move|p1a: Kamen Rider Scaven|Defog|p2a: Armarouge
|-unboost|p2a: Armarouge|evasion|1
|-fieldend|move: Psychic Terrain
|
|upkeep
|turn|10
|
|t:|1769435126
|move|p2a: Armarouge|Armor Cannon|p1a: Kamen Rider Scaven
|-damage|p1a: Kamen Rider Scaven|0 fnt
|-unboost|p2a: Armarouge|def|1
|-unboost|p2a: Armarouge|spd|1
|faint|p1a: Kamen Rider Scaven
|
|upkeep
|
|t:|1769435133
|switch|p1a: Kamen Rider Siren|Primarina, F|100/100
|turn|11
|
|t:|1769435138
|switch|p2a: Indeedee|Indeedee, M|100/100
|-fieldstart|move: Psychic Terrain|[from] ability: Psychic Surge|[of] p2a: Indeedee
|move|p1a: Kamen Rider Siren|Whirlpool|p2a: Indeedee
|-damage|p2a: Indeedee|80/100
|-activate|p2a: Indeedee|move: Whirlpool|[of] p1a: Kamen Rider Siren
|
|-damage|p2a: Indeedee|67/100|[from] move: Whirlpool|[partiallytrapped]
|upkeep
|turn|12
|j| TES.Jackylove
|
|t:|1769435148
|move|p2a: Indeedee|Healing Wish|p2a: Indeedee
|faint|p2a: Indeedee
|move|p1a: Kamen Rider Siren|Moonblast|p2: Indeedee|[notarget]
|-fail|p1a: Kamen Rider Siren
|
|upkeep
|
|t:|1769435156
|switch|p2a: Polteageist|Polteageist-Antique|100/100
|turn|13
|
|t:|1769435166
|move|p2a: Polteageist|Shell Smash|p2a: Polteageist
|-unboost|p2a: Polteageist|def|1
|-unboost|p2a: Polteageist|spd|1
|-boost|p2a: Polteageist|atk|2
|-boost|p2a: Polteageist|spa|2
|-boost|p2a: Polteageist|spe|2
|move|p1a: Kamen Rider Siren|Psychic Noise|p2a: Polteageist
|-damage|p2a: Polteageist|28/100
|-start|p2a: Polteageist|move: Heal Block
|
|upkeep
|turn|14
|
|t:|1769435175
|move|p2a: Polteageist|Stored Power|p1a: Kamen Rider Siren
|-damage|p1a: Kamen Rider Siren|24/100
|move|p1a: Kamen Rider Siren|Moonblast|p2a: Polteageist
|-damage|p2a: Polteageist|0 fnt
|faint|p2a: Polteageist
|
|upkeep
|
|t:|1769435187
|switch|p2a: Armarouge|Armarouge, M|100/100
|turn|15
|
|t:|1769435195
|move|p2a: Armarouge|Expanding Force|p1a: Kamen Rider Siren
|-damage|p1a: Kamen Rider Siren|0 fnt
|faint|p1a: Kamen Rider Siren
|
|upkeep
|
|t:|1769435203
|switch|p1a: Kamen Rider Shade|Dragapult, F, shiny|100/100
|turn|16
|
|t:|1769435207
|move|p2a: Armarouge|Endure|p2a: Armarouge
|-singleturn|p2a: Armarouge|move: Endure
|move|p1a: Kamen Rider Shade|Shadow Ball|p2a: Armarouge
|-supereffective|p2a: Armarouge
|-crit|p2a: Armarouge
|-activate|p2a: Armarouge|move: Endure
|-damage|p2a: Armarouge|1/100
|
|upkeep
|turn|17
|
|t:|1769435217
|switch|p2a: Hatterene|Hatterene, F|50/100
|-heal|p2a: Hatterene|100/100|[from] move: Healing Wish
|move|p1a: Kamen Rider Shade|Shadow Ball|p2a: Hatterene
|-supereffective|p2a: Hatterene
|-damage|p2a: Hatterene|0 fnt
|faint|p2a: Hatterene
|
|upkeep
|-message|mio3777 forfeited.
|
|win|Noamm
|raw|Noamm's rating: 1689 &rarr; <strong>1707</strong><br />(+18 for winning)
|raw|mio3777's rating: 1662 &rarr; <strong>1644</strong><br />(-18 for losing)
|c|☆Noamm|Not weakness armarouge?
|l|☆Noamm
|player|p1|
|l| TES.Jackylove
