|j|☆AsimovsLawBringers
|j|☆roysti
|t:|1769332890
|gametype|singles
|player|p1|AsimovsLawBringers|clair|1146
|player|p2|roysti|169|1113
|gen|9
|tier|[Gen 9] OU
|rated|
|rule|HP Percentage Mod: HP is shown in percentages
|rule|Endless Battle Clause: Forcing endless battles is banned
|rule|Species Clause: Limit one of each Pokémon
|rule|OHKO Clause: OHKO moves are banned
|rule|Evasion Items Clause: Evasion items are banned
|rule|Evasion Moves Clause: Evasion moves are banned
|rule|Evasion Abilities Clause: Evasion abilities are banned
|rule|Sleep Moves Clause: Sleep-inducing moves are banned
|clearpoke
|poke|p1|Iron Moth|
|poke|p1|Ninetales-Alola, F|
|poke|p1|Garchomp, M|
|poke|p1|Ceruledge, F|
|poke|p1|Hatterene, F|
|poke|p1|Zamazenta-*|
|poke|p2|Gholdengo|
|poke|p2|Orthworm, F|
|poke|p2|Lucario, M|
|poke|p2|Scizor, F|
|poke|p2|Walking Wake|
|poke|p2|Excadrill, M|
|teampreview
|
|t:|1769332896
|teamsize|p1|6
|teamsize|p2|6
|start
|switch|p1a: Ninetales|Ninetales-Alola, F, shiny|100/100
|switch|p2a: Orthworm|Orthworm, F|100/100
|-weather|Snowscape|[from] ability: Snow Warning|[of] p1a: Ninetales
|turn|1
|
|t:|1769332903
|move|p1a: Ninetales|Aurora Veil|p1a: Ninetales
|-sidestart|p1: AsimovsLawBringers|move: Aurora Veil
|move|p2a: Orthworm|Iron Head|p1a: Ninetales
|-supereffective|p1a: Ninetales
|-damage|p1a: Ninetales|51/100
|
|-weather|Snowscape|[upkeep]
|upkeep
|turn|2
|inactive|Battle timer is ON: inactive players will automatically lose when time's up. (requested by AsimovsLawBringers)
|
|t:|1769332909
|switch|p1a: Iron Moth|Iron Moth|100/100
|-enditem|p1a: Iron Moth|Booster Energy
|-activate|p1a: Iron Moth|ability: Quark Drive|[fromitem]
|-start|p1a: Iron Moth|quarkdrivespe
|move|p2a: Orthworm|Iron Head|p1a: Iron Moth
|-resisted|p1a: Iron Moth
|-damage|p1a: Iron Moth|89/100
|
|-weather|Snowscape|[upkeep]
|upkeep
|turn|3
|
|t:|1769332920
|move|p1a: Iron Moth|Fiery Dance|p2a: Orthworm
|-supereffective|p2a: Orthworm
|-damage|p2a: Orthworm|0 fnt
|-boost|p1a: Iron Moth|spa|1
|faint|p2a: Orthworm
|
|-weather|Snowscape|[upkeep]
|upkeep
|
|t:|1769332933
|switch|p2a: Excadrill|Excadrill, M|100/100
|-ability|p2a: Excadrill|Mold Breaker
|turn|4
|
|t:|1769332941
|-terastallize|p1a: Iron Moth|Ground
|move|p1a: Iron Moth|Fiery Dance|p2a: Excadrill
|-supereffective|p2a: Excadrill
|-damage|p2a: Excadrill|0 fnt
|-boost|p1a: Iron Moth|spa|1
|faint|p2a: Excadrill
|
|-weather|Snowscape|[upkeep]
|upkeep
|
|t:|1769332950
|switch|p2a: Walking Wake|Walking Wake|100/100
|-enditem|p2a: Walking Wake|Booster Energy
|-activate|p2a: Walking Wake|ability: Protosynthesis|[fromitem]
|-start|p2a: Walking Wake|protosynthesisspa
|turn|5
|
|t:|1769332956
|move|p1a: Iron Moth|Sludge Wave|p2a: Walking Wake
|-damage|p2a: Walking Wake|0 fnt
|faint|p2a: Walking Wake
|-end|p2a: Walking Wake|Protosynthesis|[silent]
|
|-weather|none
|upkeep
|-message|roysti forfeited.
|
|win|AsimovsLawBringers
|raw|AsimovsLawBringers's rating: 1146 &rarr; <strong>1169</strong><br />(+23 for winning)
|raw|roysti's rating: 1113 &rarr; <strong>1090</strong><br />(-23 for losing)
|l|☆roysti
|player|p2|
