|j|☆rockdrigox666
|j|☆hahabadplayergobrr
|t:|1769409648
|gametype|singles
|player|p1|rockdrigox666|102|1216
|player|p2|hahabadplayergobrr|norman|1278
|gen|9
|tier|[Gen 9] OU
|rated|
|rule|HP Percentage Mod: HP is shown in percentages
|rule|Endless Battle Clause: Forcing endless battles is banned
|rule|Species Clause: Limit one of each Pokémon
|rule|OHKO Clause: OHKO moves are banned
|rule|Evasion Items Clause: Evasion items are banned
|rule|Evasion Moves Clause: Evasion moves are banned
|rule|Evasion Abilities Clause: Evasion abilities are banned
|rule|Sleep Moves Clause: Sleep-inducing moves are banned
|clearpoke
|poke|p1|Excadrill, M|
|poke|p1|Ambipom, F|
|poke|p1|Azumarill, F|
|poke|p1|Hippowdon, F|
|poke|p1|Gengar, M|
|poke|p1|Greninja-*, M|
|poke|p2|Espeon, M|
|poke|p2|Araquanid, M|
|poke|p2|Milotic, F|
|poke|p2|Kingambit, M|
|poke|p2|Serperior, M|
|poke|p2|Malamar, M|
|teampreview
|inactive|Battle timer is ON: inactive players will automatically lose when time's up. (requested by rockdrigox666)
|
|t:|1769409655
|teamsize|p1|6
|teamsize|p2|6
|start
|switch|p1a: Greninja|Greninja, M|100/100
|switch|p2a: Espeon|Espeon, M|100/100
|turn|1
|
|t:|1769409665
|switch|p2a: Kingambit|Kingambit, M|100/100
|move|p1a: Greninja|Dark Pulse|p2a: Kingambit
|-resisted|p2a: Kingambit
|-damage|p2a: Kingambit|89/100
|-damage|p1a: Greninja|91/100|[from] item: Life Orb
|
|upkeep
|turn|2
|
|t:|1769409681
|switch|p1a: Ambipom|Ambipom, F|100/100
|switch|p2a: Milotic|Milotic, F|100/100
|
|upkeep
|turn|3
|
|t:|1769409686
|move|p1a: Ambipom|Fake Out|p2a: Milotic
|-damage|p2a: Milotic|71/100
|cant|p2a: Milotic|flinch
|
|upkeep
|turn|4
|
|t:|1769409694
|switch|p1a: Gengar|Gengar, M|100/100
|move|p2a: Milotic|Scald|p1a: Gengar
|-damage|p1a: Gengar|38/100
|-start|p2a: Milotic|Disable|Scald|[from] ability: Cursed Body|[of] p1a: Gengar
|
|upkeep
|turn|5
|
|t:|1769409715
|move|p1a: Gengar|Shadow Ball|p2a: Milotic
|-damage|p2a: Milotic|39/100
|-unboost|p2a: Milotic|spd|1
|-ability|p2a: Milotic|Competitive|boost
|-boost|p2a: Milotic|spa|2
|-damage|p1a: Gengar|28/100|[from] item: Life Orb
|move|p2a: Milotic|Ice Beam|p1a: Gengar
|-damage|p1a: Gengar|0 fnt
|faint|p1a: Gengar
|
|upkeep
|
|t:|1769409724
|switch|p1a: Greninja|Greninja, M|91/100
|turn|6
|
|t:|1769409732
|switch|p2a: Kingambit|Kingambit, M|89/100
|move|p1a: Greninja|Dark Pulse|p2a: Kingambit
|-resisted|p2a: Kingambit
|-damage|p2a: Kingambit|75/100
|-damage|p1a: Greninja|81/100|[from] item: Life Orb
|
|upkeep
|turn|7
|
|t:|1769409741
|move|p1a: Greninja|Water Pledge|p2a: Kingambit
|-damage|p2a: Kingambit|51/100
|-damage|p1a: Greninja|71/100|[from] item: Life Orb
|move|p2a: Kingambit|Kowtow Cleave|p1a: Greninja
|-resisted|p1a: Greninja
|-damage|p1a: Greninja|37/100
|
|upkeep
|turn|8
|
|t:|1769409752
|move|p1a: Greninja|Water Pledge|p2a: Kingambit
|-damage|p2a: Kingambit|28/100
|-damage|p1a: Greninja|27/100|[from] item: Life Orb
|move|p2a: Kingambit|Kowtow Cleave|p1a: Greninja
|-resisted|p1a: Greninja
|-damage|p1a: Greninja|0 fnt
|faint|p1a: Greninja
|
|upkeep
|
|t:|1769409757
|switch|p1a: Ambipom|Ambipom, F|100/100
|turn|9
|
|t:|1769409762
|move|p2a: Kingambit|Sucker Punch|p1a: Ambipom
|-damage|p1a: Ambipom|34/100
|move|p1a: Ambipom|Low Kick|p2a: Kingambit
|-supereffective|p2a: Kingambit
|-damage|p2a: Kingambit|0 fnt
|faint|p2a: Kingambit
|
|upkeep
|
|t:|1769409781
|switch|p2a: Araquanid|Araquanid, M|100/100
|turn|10
|
|t:|1769409788
|switch|p1a: Hippowdon|Hippowdon, F|100/100
|-weather|Sandstorm|[from] ability: Sand Stream|[of] p1a: Hippowdon
|move|p2a: Araquanid|Sticky Web|p1a: Hippowdon
|-sidestart|p1: rockdrigox666|move: Sticky Web
|
|-weather|Sandstorm|[upkeep]
|-damage|p2a: Araquanid|94/100|[from] Sandstorm
|-heal|p2a: Araquanid|100/100|[from] item: Leftovers
|upkeep
|turn|11
|
|t:|1769409794
|move|p1a: Hippowdon|Stockpile|p1a: Hippowdon
|-start|p1a: Hippowdon|stockpile1
|-boost|p1a: Hippowdon|def|1
|-boost|p1a: Hippowdon|spd|1
|move|p2a: Araquanid|Liquidation|p1a: Hippowdon
|-supereffective|p1a: Hippowdon
|-damage|p1a: Hippowdon|58/100
|-damage|p2a: Araquanid|84/100|[from] item: Rocky Helmet|[of] p1a: Hippowdon
|
|-weather|Sandstorm|[upkeep]
|-damage|p2a: Araquanid|78/100|[from] Sandstorm
|-heal|p2a: Araquanid|84/100|[from] item: Leftovers
|upkeep
|turn|12
|
|t:|1769409800
|move|p1a: Hippowdon|Slack Off|p1a: Hippowdon
|-heal|p1a: Hippowdon|100/100
|move|p2a: Araquanid|Liquidation|p1a: Hippowdon
|-supereffective|p1a: Hippowdon
|-damage|p1a: Hippowdon|56/100
|-unboost|p1a: Hippowdon|def|1
|-damage|p2a: Araquanid|67/100|[from] item: Rocky Helmet|[of] p1a: Hippowdon
|
|-weather|Sandstorm|[upkeep]
|-damage|p2a: Araquanid|61/100|[from] Sandstorm
|-heal|p2a: Araquanid|67/100|[from] item: Leftovers
|upkeep
|turn|13
|
|t:|1769409804
|move|p1a: Hippowdon|Stealth Rock|p2a: Araquanid
|-sidestart|p2: hahabadplayergobrr|move: Stealth Rock
|move|p2a: Araquanid|Liquidation|p1a: Hippowdon
|-supereffective|p1a: Hippowdon
|-damage|p1a: Hippowdon|0 fnt
|-damage|p2a: Araquanid|51/100|[from] item: Rocky Helmet|[of] p1a: Hippowdon
|faint|p1a: Hippowdon
|
|-weather|Sandstorm|[upkeep]
|-damage|p2a: Araquanid|45/100|[from] Sandstorm
|-heal|p2a: Araquanid|51/100|[from] item: Leftovers
|upkeep
|
|t:|1769409807
|switch|p1a: Ambipom|Ambipom, F|34/100
|-activate|p1a: Ambipom|move: Sticky Web
|-unboost|p1a: Ambipom|spe|1
|turn|14
|
|t:|1769409813
|move|p1a: Ambipom|Fake Out|p2a: Araquanid
|-damage|p2a: Araquanid|6/100
|cant|p2a: Araquanid|flinch
|
|-weather|none
|-heal|p2a: Araquanid|12/100|[from] item: Leftovers
|upkeep
|turn|15
|
|t:|1769409817
|move|p1a: Ambipom|Triple Axel|p2a: Araquanid
|-resisted|p2a: Araquanid
|-damage|p2a: Araquanid|7/100
|-hitcount|p2a: Araquanid|1
|move|p2a: Araquanid|Leech Life|p1a: Ambipom
|-damage|p1a: Ambipom|0 fnt
|-heal|p2a: Araquanid|25/100|[from] drain|[of] p1a: Ambipom
|faint|p1a: Ambipom
|
|-heal|p2a: Araquanid|31/100|[from] item: Leftovers
|upkeep
|
|t:|1769409820
|switch|p1a: Excadrill|Excadrill, M|100/100
|-activate|p1a: Excadrill|move: Sticky Web
|-unboost|p1a: Excadrill|spe|1
|turn|16
|
|t:|1769409826
|move|p1a: Excadrill|Rapid Spin|p2a: Araquanid
|-damage|p2a: Araquanid|6/100
|-boost|p1a: Excadrill|spe|1
|-sideend|p1: rockdrigox666|Sticky Web|[from] move: Rapid Spin|[of] p1a: Excadrill
|move|p2a: Araquanid|Liquidation|p1a: Excadrill
|-supereffective|p1a: Excadrill
|-enditem|p1a: Excadrill|Focus Sash
|-damage|p1a: Excadrill|1/100
|
|-heal|p2a: Araquanid|12/100|[from] item: Leftovers
|upkeep
|turn|17
|
|t:|1769409836
|move|p1a: Excadrill|Earthquake|p2a: Araquanid
|-resisted|p2a: Araquanid
|-damage|p2a: Araquanid|0 fnt
|faint|p2a: Araquanid
|
|upkeep
|
|t:|1769409840
|switch|p2a: Serperior|Serperior, M|100/100
|-damage|p2a: Serperior|88/100|[from] Stealth Rock
|turn|18
|
|t:|1769409845
|move|p2a: Serperior|Leaf Storm|p1a: Excadrill
|-damage|p1a: Excadrill|0 fnt
|-boost|p2a: Serperior|spa|2
|faint|p1a: Excadrill
|
|-heal|p2a: Serperior|94/100|[from] item: Leftovers
|upkeep
|
|t:|1769409847
|switch|p1a: Azumarill|Azumarill, F|100/100
|turn|19
|
|t:|1769409850
|move|p2a: Serperior|Leaf Storm|p1a: Azumarill
|-ability|p1a: Azumarill|Sap Sipper|boost
|-boost|p1a: Azumarill|atk|1
|move|p1a: Azumarill|Ice Spinner|p2a: Serperior
|-supereffective|p2a: Serperior
|-damage|p2a: Serperior|35/100
|
|-heal|p2a: Serperior|41/100|[from] item: Leftovers
|upkeep
|turn|20
|
|t:|1769409867
|switch|p2a: Milotic|Milotic, F|39/100
|-damage|p2a: Milotic|26/100|[from] Stealth Rock
|move|p1a: Azumarill|Ice Spinner|p2a: Milotic
|-resisted|p2a: Milotic
|-damage|p2a: Milotic|14/100
|
|upkeep
|turn|21
|
|t:|1769409874
|move|p1a: Azumarill|Aqua Jet|p2a: Milotic
|-resisted|p2a: Milotic
|-damage|p2a: Milotic|5/100
|move|p2a: Milotic|Draining Kiss|p1a: Azumarill
|-damage|p1a: Azumarill|85/100
|-heal|p2a: Milotic|20/100|[from] drain|[of] p1a: Azumarill
|
|upkeep
|turn|22
|
|t:|1769409877
|move|p2a: Milotic|Draining Kiss|p1a: Azumarill
|-damage|p1a: Azumarill|70/100
|-heal|p2a: Milotic|33/100|[from] drain|[of] p1a: Azumarill
|move|p1a: Azumarill|Trailblaze|p2a: Milotic
|-supereffective|p2a: Milotic
|-damage|p2a: Milotic|3/100
|-boost|p1a: Azumarill|spe|1
|
|upkeep
|turn|23
|
|t:|1769409881
|move|p1a: Azumarill|Trailblaze|p2a: Milotic
|-supereffective|p2a: Milotic
|-damage|p2a: Milotic|0 fnt
|-boost|p1a: Azumarill|spe|1
|faint|p2a: Milotic
|
|upkeep
|
|t:|1769409889
|switch|p2a: Espeon|Espeon, M|100/100
|-damage|p2a: Espeon|88/100|[from] Stealth Rock
|turn|24
|
|t:|1769409905
|-terastallize|p2a: Espeon|Ghost
|move|p2a: Espeon|Curse|p1a: Azumarill
|-start|p1a: Azumarill|Curse|[of] p2a: Espeon
|-damage|p2a: Espeon|39/100
|move|p1a: Azumarill|Play Rough|p2a: Espeon
|-damage|p2a: Espeon|0 fnt
|faint|p2a: Espeon
|
|-damage|p1a: Azumarill|45/100|[from] Curse
|upkeep
|-enditem|p1a: Azumarill|Sitrus Berry|[eat]
|-heal|p1a: Azumarill|70/100|[from] item: Sitrus Berry
|
|t:|1769409909
|switch|p2a: Malamar|Malamar, M|100/100
|-damage|p2a: Malamar|88/100|[from] Stealth Rock
|turn|25
|
|t:|1769409921
|move|p1a: Azumarill|Play Rough|p2a: Malamar
|-supereffective|p2a: Malamar
|-damage|p2a: Malamar|0 fnt
|faint|p2a: Malamar
|
|-damage|p1a: Azumarill|45/100|[from] Curse
|upkeep
|
|t:|1769409924
|switch|p2a: Serperior|Serperior, M|41/100
|-damage|p2a: Serperior|29/100|[from] Stealth Rock
|turn|26
|
|t:|1769409928
|move|p2a: Serperior|Substitute|p2a: Serperior
|-start|p2a: Serperior|Substitute
|-damage|p2a: Serperior|4/100
|move|p1a: Azumarill|Ice Spinner|p2a: Serperior
|-supereffective|p2a: Serperior
|-end|p2a: Serperior|Substitute
|
|-heal|p2a: Serperior|10/100|[from] item: Leftovers
|-damage|p1a: Azumarill|20/100|[from] Curse
|upkeep
|turn|27
|
|t:|1769409934
|move|p2a: Serperior|Tera Blast|p1a: Azumarill
|-damage|p1a: Azumarill|1/100
|move|p1a: Azumarill|Ice Spinner|p2a: Serperior
|-supereffective|p2a: Serperior
|-damage|p2a: Serperior|0 fnt
|faint|p2a: Serperior
|
|win|rockdrigox666
|raw|rockdrigox666's rating: 1216 &rarr; <strong>1245</strong><br />(+29 for winning)
|raw|hahabadplayergobrr's rating: 1278 &rarr; <strong>1249</strong><br />(-29 for losing)
|c|☆rockdrigox666|Ufff
|c|☆rockdrigox666|So close
|c|☆rockdrigox666|Gg
|l|☆hahabadplayergobrr
|player|p2|
|l|☆rockdrigox666
|player|p1|
