|j|☆hbkdb
|j|☆kindetsu
|t:|1769412888
|gametype|singles
|player|p1|hbkdb|colress|1196
|player|p2|kindetsu|lance-masters2|1261
|gen|9
|tier|[Gen 9] OU
|rated|
|rule|HP Percentage Mod: HP is shown in percentages
|rule|Endless Battle Clause: Forcing endless battles is banned
|rule|Species Clause: Limit one of each Pokémon
|rule|OHKO Clause: OHKO moves are banned
|rule|Evasion Items Clause: Evasion items are banned
|rule|Evasion Moves Clause: Evasion moves are banned
|rule|Evasion Abilities Clause: Evasion abilities are banned
|rule|Sleep Moves Clause: Sleep-inducing moves are banned
|clearpoke
|poke|p1|Eelektross, F|
|poke|p1|Greninja-*, M|
|poke|p1|Ambipom, F|
|poke|p1|Yanmega, F|
|poke|p1|Skeledirge, F|
|poke|p1|Iron Moth|
|poke|p2|Regidrago|
|poke|p2|Iron Crown|
|poke|p2|Volcanion|
|poke|p2|Torkoal, F|
|poke|p2|Iron Valiant|
|poke|p2|Enamorus-Therian, F|
|teampreview
|inactive|Battle timer is ON: inactive players will automatically lose when time's up. (requested by hbkdb)
|
|t:|1769412895
|teamsize|p1|6
|teamsize|p2|6
|start
|switch|p1a: Ambipom|Ambipom, F|100/100
|switch|p2a: Big Draco|Regidrago|100/100
|turn|1
|
|t:|1769412912
|switch|p2a: Armin Schwitz|Iron Crown|100/100
|move|p1a: Ambipom|Fake Out|p2a: Armin Schwitz
|-resisted|p2a: Armin Schwitz
|-damage|p2a: Armin Schwitz|83/100
|
|-heal|p2a: Armin Schwitz|90/100|[from] item: Leftovers
|upkeep
|turn|2
|
|t:|1769412918
|switch|p1a: Greninja|Greninja, M|100/100
|move|p2a: Armin Schwitz|Tachyon Cutter|p1a: Greninja
|-resisted|p1a: Greninja
|-damage|p1a: Greninja|79/100
|-resisted|p1a: Greninja
|-damage|p1a: Greninja|58/100
|-hitcount|p1a: Greninja|2
|
|-heal|p2a: Armin Schwitz|96/100|[from] item: Leftovers
|upkeep
|turn|3
|
|t:|1769412931
|-end|p2a: Armin Schwitz|Quark Drive|[silent]
|switch|p2a: Poppuh|Enamorus-Therian, F|100/100
|move|p1a: Greninja|Ice Beam|p2a: Poppuh
|-supereffective|p2a: Poppuh
|-damage|p2a: Poppuh|32/100
|-damage|p1a: Greninja|49/100|[from] item: Life Orb
|
|upkeep
|turn|4
|
|t:|1769412948
|switch|p2a: Larger Than Life|Volcanion|100/100
|move|p1a: Greninja|Surf|p2a: Larger Than Life
|-immune|p2a: Larger Than Life|[from] ability: Water Absorb
|
|upkeep
|turn|5
|
|t:|1769412956
|move|p1a: Greninja|Dark Pulse|p2a: Larger Than Life
|-damage|p2a: Larger Than Life|58/100
|-damage|p1a: Greninja|39/100|[from] item: Life Orb
|move|p2a: Larger Than Life|Steam Eruption|p1a: Greninja
|-resisted|p1a: Greninja
|-damage|p1a: Greninja|0 fnt
|faint|p1a: Greninja
|
|upkeep
|
|t:|1769412961
|switch|p1a: Ambipom|Ambipom, F|100/100
|turn|6
|
|t:|1769412964
|-terastallize|p1a: Ambipom|Normal
|move|p1a: Ambipom|Double Hit|p2a: Larger Than Life
|-damage|p2a: Larger Than Life|18/100
|-damage|p2a: Larger Than Life|0 fnt
|faint|p2a: Larger Than Life
|-hitcount|p2: Larger Than Life|2
|
|upkeep
|
|t:|1769412970
|switch|p2a: Big Draco|Regidrago|100/100
|turn|7
|
|t:|1769412973
|move|p2a: Big Draco|Dragon Energy|p1a: Ambipom
|-damage|p1a: Ambipom|0 fnt
|faint|p1a: Ambipom
|
|upkeep
|
|t:|1769412978
|switch|p1a: Iron Moth|Iron Moth|100/100
|turn|8
|
|t:|1769412983
|move|p1a: Iron Moth|Sludge Wave|p2a: Big Draco
|-damage|p2a: Big Draco|38/100
|move|p2a: Big Draco|Dragon Energy|p1a: Iron Moth
|-damage|p1a: Iron Moth|60/100
|
|upkeep
|turn|9
|
|t:|1769412989
|switch|p2a: Armin Schwitz|Iron Crown|96/100
|move|p1a: Iron Moth|Sludge Wave|p2a: Armin Schwitz
|-immune|p2a: Armin Schwitz
|
|-heal|p2a: Armin Schwitz|100/100|[from] item: Leftovers
|upkeep
|turn|10
|
|t:|1769412995
|-end|p1a: Iron Moth|Quark Drive|[silent]
|switch|p1a: Eelektross|Eelektross, F|100/100
|move|p2a: Armin Schwitz|Psyshock|p1a: Eelektross
|-damage|p1a: Eelektross|56/100
|
|-heal|p1a: Eelektross|62/100|[from] item: Leftovers
|upkeep
|turn|11
|
|t:|1769413003
|move|p2a: Armin Schwitz|Psychic|p1a: Eelektross
|-damage|p1a: Eelektross|27/100
|move|p1a: Eelektross|Coil|p1a: Eelektross
|-boost|p1a: Eelektross|atk|1
|-boost|p1a: Eelektross|def|1
|-boost|p1a: Eelektross|accuracy|1
|
|-heal|p1a: Eelektross|33/100|[from] item: Leftovers
|upkeep
|turn|12
|
|t:|1769413016
|move|p2a: Armin Schwitz|Psychic|p1a: Eelektross
|-damage|p1a: Eelektross|0 fnt
|faint|p1a: Eelektross
|
|upkeep
|
|t:|1769413020
|switch|p1a: Yanmega|Yanmega, F|100/100
|turn|13
|
|t:|1769413027
|move|p1a: Yanmega|Bug Buzz|p2a: Armin Schwitz
|-damage|p2a: Armin Schwitz|44/100
|-damage|p1a: Yanmega|91/100|[from] item: Life Orb
|move|p2a: Armin Schwitz|Volt Switch|p1a: Yanmega
|-supereffective|p1a: Yanmega
|-damage|p1a: Yanmega|1/100
|
|t:|1769413034
|-end|p2a: Armin Schwitz|Quark Drive|[silent]
|switch|p2a: Poppuh|Enamorus-Therian, F|32/100|[from] Volt Switch
|
|-ability|p1a: Yanmega|Speed Boost|boost
|-boost|p1a: Yanmega|spe|1
|upkeep
|turn|14
|
|t:|1769413046
|move|p1a: Yanmega|Air Slash|p2a: Poppuh
|-damage|p2a: Poppuh|0 fnt
|faint|p2a: Poppuh
|-damage|p1a: Yanmega|0 fnt|[from] item: Life Orb
|faint|p1a: Yanmega
|
|upkeep
|
|t:|1769413066
|switch|p1a: Iron Moth|Iron Moth|60/100
|switch|p2a: ATOMIC Pixie|Iron Valiant|100/100
|turn|15
|
|t:|1769413081
|-end|p2a: ATOMIC Pixie|Quark Drive|[silent]
|switch|p2a: Armin Schwitz|Iron Crown|44/100
|move|p1a: Iron Moth|Fiery Dance|p2a: Armin Schwitz
|-supereffective|p2a: Armin Schwitz
|-damage|p2a: Armin Schwitz|0 fnt
|-boost|p1a: Iron Moth|spa|1
|faint|p2a: Armin Schwitz
|-end|p2a: Armin Schwitz|Quark Drive|[silent]
|
|upkeep
|
|t:|1769413090
|switch|p2a: ATOMIC Pixie|Iron Valiant|100/100
|turn|16
|
|t:|1769413092
|move|p1a: Iron Moth|Fiery Dance|p2a: ATOMIC Pixie
|-damage|p2a: ATOMIC Pixie|0 fnt
|faint|p2a: ATOMIC Pixie
|-end|p2a: ATOMIC Pixie|Quark Drive|[silent]
|
|upkeep
|
|t:|1769413095
|switch|p2a: Furnace 2K|Torkoal, F|100/100
|-weather|SunnyDay|[from] ability: Drought|[of] p2a: Furnace 2K
|turn|17
|
|t:|1769413102
|move|p1a: Iron Moth|Fiery Dance|p2a: Furnace 2K
|-resisted|p2a: Furnace 2K
|-damage|p2a: Furnace 2K|33/100
|-boost|p1a: Iron Moth|spa|1
|move|p2a: Furnace 2K|Flamethrower|p1a: Iron Moth
|-resisted|p1a: Iron Moth
|-damage|p1a: Iron Moth|39/100
|
|-weather|SunnyDay|[upkeep]
|upkeep
|turn|18
|
|t:|1769413105
|move|p1a: Iron Moth|Fiery Dance|p2a: Furnace 2K
|-resisted|p2a: Furnace 2K
|-damage|p2a: Furnace 2K|0 fnt
|faint|p2a: Furnace 2K
|
|-weather|SunnyDay|[upkeep]
|upkeep
|
|t:|1769413107
|switch|p2a: Big Draco|Regidrago|38/100
|turn|19
|
|t:|1769413113
|move|p1a: Iron Moth|Fiery Dance|p2a: Big Draco
|-resisted|p2a: Big Draco
|-damage|p2a: Big Draco|0 fnt
|faint|p2a: Big Draco
|
|win|hbkdb
|raw|hbkdb's rating: 1196 &rarr; <strong>1226</strong><br />(+30 for winning)
|raw|kindetsu's rating: 1261 &rarr; <strong>1231</strong><br />(-30 for losing)
|l|☆kindetsu
|player|p2|
|l|☆hbkdb
|player|p1|
