|j|☆Broadsword115
|j|☆sunwinged
|t:|1769397869
|gametype|singles
|player|p1|Broadsword115|170|1171
|player|p2|sunwinged|shadowtriad|1139
|gen|9
|tier|[Gen 9] OU
|rated|
|rule|HP Percentage Mod: HP is shown in percentages
|rule|Endless Battle Clause: Forcing endless battles is banned
|rule|Species Clause: Limit one of each Pokémon
|rule|OHKO Clause: OHKO moves are banned
|rule|Evasion Items Clause: Evasion items are banned
|rule|Evasion Moves Clause: Evasion moves are banned
|rule|Evasion Abilities Clause: Evasion abilities are banned
|rule|Sleep Moves Clause: Sleep-inducing moves are banned
|clearpoke
|poke|p1|Toxapex, F|
|poke|p1|Pecharunt|
|poke|p1|Iron Moth|
|poke|p1|Muk-Alola, M|
|poke|p1|Toxtricity, F|
|poke|p1|Fezandipiti, M|
|poke|p2|Braviary, M|
|poke|p2|Tyranitar, M|
|poke|p2|Dragapult, M|
|poke|p2|Enamorus, F|
|poke|p2|Mismagius, F|
|poke|p2|Scizor, F|
|teampreview
|
|t:|1769397878
|teamsize|p1|6
|teamsize|p2|6
|start
|switch|p1a: Fezandipiti|Fezandipiti, M|100/100
|switch|p2a: Mismagius|Mismagius, F|100/100
|turn|1
|
|t:|1769397887
|move|p2a: Mismagius|Shadow Ball|p1a: Fezandipiti
|-damage|p1a: Fezandipiti|70/100
|move|p1a: Fezandipiti|Swords Dance|p1a: Fezandipiti
|-boost|p1a: Fezandipiti|atk|2
|
|upkeep
|turn|2
|
|t:|1769397897
|-terastallize|p1a: Fezandipiti|Flying
|move|p2a: Mismagius|Shadow Ball|p1a: Fezandipiti
|-damage|p1a: Fezandipiti|41/100
|move|p1a: Fezandipiti|Dual Wingbeat|p2a: Mismagius|[miss]
|-miss|p1a: Fezandipiti|p2a: Mismagius
|
|upkeep
|turn|3
|
|t:|1769397909
|switch|p2a: Tyranitar|Tyranitar, M|100/100
|-weather|Sandstorm|[from] ability: Sand Stream|[of] p2a: Tyranitar
|move|p1a: Fezandipiti|Dual Wingbeat|p2a: Tyranitar
|-resisted|p2a: Tyranitar
|-damage|p2a: Tyranitar|76/100
|-resisted|p2a: Tyranitar
|-damage|p2a: Tyranitar|52/100
|-hitcount|p2a: Tyranitar|2
|-damage|p1a: Fezandipiti|31/100|[from] item: Life Orb
|
|-weather|Sandstorm|[upkeep]
|-damage|p1a: Fezandipiti|25/100|[from] Sandstorm
|upkeep
|turn|4
|
|t:|1769397914
|move|p1a: Fezandipiti|Double Kick|p2a: Tyranitar
|-supereffective|p2a: Tyranitar
|-damage|p2a: Tyranitar|0 fnt
|faint|p2a: Tyranitar
|-hitcount|p2: Tyranitar|1
|-damage|p1a: Fezandipiti|15/100|[from] item: Life Orb
|
|-weather|Sandstorm|[upkeep]
|-damage|p1a: Fezandipiti|9/100|[from] Sandstorm
|upkeep
|
|t:|1769397916
|switch|p2a: Scizor|Scizor, F|100/100
|turn|5
|
|t:|1769397925
|move|p2a: Scizor|Bullet Punch|p1a: Fezandipiti
|-damage|p1a: Fezandipiti|0 fnt
|faint|p1a: Fezandipiti
|
|-weather|Sandstorm|[upkeep]
|upkeep
|
|t:|1769397928
|switch|p1a: Iron Moth|Iron Moth|100/100
|-enditem|p1a: Iron Moth|Booster Energy
|-activate|p1a: Iron Moth|ability: Quark Drive|[fromitem]
|-start|p1a: Iron Moth|quarkdrivespe
|turn|6
|
|t:|1769397935
|move|p1a: Iron Moth|Fiery Dance|p2a: Scizor
|-supereffective|p2a: Scizor
|-damage|p2a: Scizor|0 fnt
|faint|p2a: Scizor
|
|-weather|Sandstorm|[upkeep]
|-damage|p1a: Iron Moth|94/100|[from] Sandstorm
|upkeep
|
|t:|1769397938
|switch|p2a: Braviary|Braviary, M|100/100
|turn|7
|
|t:|1769397943
|move|p1a: Iron Moth|Discharge|p2a: Braviary
|-supereffective|p2a: Braviary
|-damage|p2a: Braviary|47/100
|move|p2a: Braviary|Brave Bird|p1a: Iron Moth
|-damage|p1a: Iron Moth|0 fnt
|faint|p1a: Iron Moth
|-end|p1a: Iron Moth|Quark Drive|[silent]
|-damage|p2a: Braviary|22/100|[from] Recoil
|
|-weather|none
|upkeep
|
|t:|1769397948
|switch|p1a: Muk|Muk-Alola, M|100/100
|turn|8
|
|t:|1769397951
|move|p2a: Braviary|Brave Bird|p1a: Muk
|-damage|p1a: Muk|2/100
|-damage|p2a: Braviary|0 fnt|[from] Recoil
|faint|p2a: Braviary
|move|p1a: Muk|Curse|p1a: Muk
|-unboost|p1a: Muk|spe|1
|-boost|p1a: Muk|atk|1
|-boost|p1a: Muk|def|1
|
|-heal|p1a: Muk|8/100|[from] item: Leftovers
|upkeep
|
|t:|1769397963
|switch|p2a: Mismagius|Mismagius, F|100/100
|turn|9
|
|t:|1769397967
|move|p1a: Muk|Shadow Sneak|p2a: Mismagius
|-supereffective|p2a: Mismagius
|-damage|p2a: Mismagius|23/100
|move|p2a: Mismagius|Thunderbolt|p1a: Muk
|-damage|p1a: Muk|0 fnt
|faint|p1a: Muk
|
|upkeep
|
|t:|1769397972
|switch|p1a: Toxtricity|Toxtricity, F|100/100
|turn|10
|
|t:|1769397980
|move|p1a: Toxtricity|Sludge Wave|p2a: Mismagius
|-resisted|p2a: Mismagius
|-damage|p2a: Mismagius|0 fnt
|faint|p2a: Mismagius
|
|upkeep
|
|t:|1769397993
|switch|p2a: Dragapult|Dragapult, M|100/100
|turn|11
|
|t:|1769397997
|move|p2a: Dragapult|Draco Meteor|p1a: Toxtricity
|-damage|p1a: Toxtricity|7/100
|-unboost|p2a: Dragapult|spa|2
|-damage|p2a: Dragapult|91/100|[from] item: Life Orb
|move|p1a: Toxtricity|Sludge Wave|p2a: Dragapult
|-resisted|p2a: Dragapult
|-damage|p2a: Dragapult|57/100
|
|upkeep
|turn|12
|
|t:|1769398002
|move|p2a: Dragapult|Dragon Darts|p1a: Toxtricity
|-damage|p1a: Toxtricity|0 fnt
|faint|p1a: Toxtricity
|-damage|p2a: Dragapult|48/100|[from] item: Life Orb
|
|upkeep
|
|t:|1769398004
|switch|p1a: Pecharunt|Pecharunt|100/100
|turn|13
|
|t:|1769398008
|move|p2a: Dragapult|Phantom Force||[still]
|-prepare|p2a: Dragapult|Phantom Force
|move|p1a: Pecharunt|Toxic|p2a: Dragapult
|-status|p2a: Dragapult|tox
|-start|p2a: Dragapult|confusion|[from] ability: Poison Puppeteer|[of] p1a: Pecharunt
|
|-damage|p2a: Dragapult|42/100 tox|[from] psn
|upkeep
|turn|14
|
|t:|1769398016
|-activate|p2a: Dragapult|confusion
|move|p2a: Dragapult|Phantom Force|p1a: Pecharunt|[from] lockedmove
|-supereffective|p1a: Pecharunt
|-damage|p1a: Pecharunt|48/100
|-damage|p2a: Dragapult|32/100 tox|[from] item: Life Orb
|move|p1a: Pecharunt|Toxic|p2a: Dragapult
|-fail|p2a: Dragapult|tox
|
|-heal|p1a: Pecharunt|54/100|[from] item: Leftovers
|-damage|p2a: Dragapult|20/100 tox|[from] psn
|upkeep
|turn|15
|
|t:|1769398019
|-activate|p2a: Dragapult|confusion
|move|p2a: Dragapult|Dragon Darts|p1a: Pecharunt
|-damage|p1a: Pecharunt|39/100
|-anim|p2a: Dragapult|Dragon Darts|p1a: Pecharunt
|-damage|p1a: Pecharunt|23/100
|-damage|p2a: Dragapult|10/100 tox|[from] item: Life Orb
|move|p1a: Pecharunt|Hex|p2a: Dragapult
|-supereffective|p2a: Dragapult
|-damage|p2a: Dragapult|0 fnt
|faint|p2a: Dragapult
|
|-heal|p1a: Pecharunt|29/100|[from] item: Leftovers
|upkeep
|
|t:|1769398021
|switch|p2a: Enamorus|Enamorus, F|100/100
|turn|16
|
|t:|1769398025
|move|p2a: Enamorus|Psychic|p1a: Pecharunt
|-supereffective|p1a: Pecharunt
|-damage|p1a: Pecharunt|0 fnt
|faint|p1a: Pecharunt
|
|upkeep
|
|t:|1769398027
|switch|p1a: Toxapex|Toxapex, F, shiny|100/100
|turn|17
|
|t:|1769398029
|move|p1a: Toxapex|Baneful Bunker|p1a: Toxapex
|-singleturn|p1a: Toxapex|move: Protect
|move|p2a: Enamorus|Psychic|p1a: Toxapex
|-activate|p1a: Toxapex|move: Protect
|
|upkeep
|turn|18
|
|t:|1769398041
|move|p2a: Enamorus|Psychic|p1a: Toxapex
|-supereffective|p1a: Toxapex
|-damage|p1a: Toxapex|52/100
|move|p1a: Toxapex|Venoshock|p2a: Enamorus
|-supereffective|p2a: Enamorus
|-damage|p2a: Enamorus|56/100
|
|-heal|p2a: Enamorus|62/100|[from] item: Leftovers
|-heal|p1a: Toxapex|59/100|[from] item: Leftovers
|upkeep
|turn|19
|
|t:|1769398047
|move|p1a: Toxapex|Baneful Bunker|p1a: Toxapex
|-singleturn|p1a: Toxapex|move: Protect
|move|p2a: Enamorus|Psychic|p1a: Toxapex
|-activate|p1a: Toxapex|move: Protect
|
|-heal|p2a: Enamorus|69/100|[from] item: Leftovers
|-heal|p1a: Toxapex|65/100|[from] item: Leftovers
|upkeep
|turn|20
|
|t:|1769398051
|move|p2a: Enamorus|Psychic|p1a: Toxapex
|-supereffective|p1a: Toxapex
|-damage|p1a: Toxapex|14/100
|move|p1a: Toxapex|Surf|p2a: Enamorus
|-crit|p2a: Enamorus
|-damage|p2a: Enamorus|24/100
|
|-heal|p2a: Enamorus|30/100|[from] item: Leftovers
|-heal|p1a: Toxapex|20/100|[from] item: Leftovers
|upkeep
|turn|21
|
|t:|1769398053
|move|p1a: Toxapex|Baneful Bunker|p1a: Toxapex
|-singleturn|p1a: Toxapex|move: Protect
|move|p2a: Enamorus|Psychic|p1a: Toxapex
|-activate|p1a: Toxapex|move: Protect
|
|-heal|p2a: Enamorus|36/100|[from] item: Leftovers
|-heal|p1a: Toxapex|26/100|[from] item: Leftovers
|upkeep
|turn|22
|
|t:|1769398056
|move|p2a: Enamorus|Psychic|p1a: Toxapex
|-supereffective|p1a: Toxapex
|-damage|p1a: Toxapex|0 fnt
|faint|p1a: Toxapex
|
|win|sunwinged
|raw|Broadsword115's rating: 1171 &rarr; <strong>1144</strong><br />(-27 for losing)
|raw|sunwinged's rating: 1139 &rarr; <strong>1166</strong><br />(+27 for winning)
|l|☆sunwinged
|player|p2|
|l|☆Broadsword115
|player|p1|
