|j|☆swaneeee
|j|☆HollowMcrowav
|t:|1769394670
|gametype|singles
|player|p1|swaneeee|fisherman-gen4|1289
|player|p2|HollowMcrowav|n|1291
|gen|9
|tier|[Gen 9] OU
|rated|
|rule|HP Percentage Mod: HP is shown in percentages
|rule|Endless Battle Clause: Forcing endless battles is banned
|rule|Species Clause: Limit one of each Pokémon
|rule|OHKO Clause: OHKO moves are banned
|rule|Evasion Items Clause: Evasion items are banned
|rule|Evasion Moves Clause: Evasion moves are banned
|rule|Evasion Abilities Clause: Evasion abilities are banned
|rule|Sleep Moves Clause: Sleep-inducing moves are banned
|clearpoke
|poke|p1|Enamorus, F|
|poke|p1|Scizor, M|
|poke|p1|Blaziken, F|
|poke|p1|Garchomp, F|
|poke|p1|Weezing-Galar, M|
|poke|p1|Zapdos|
|poke|p2|Tyranitar, M|
|poke|p2|Excadrill, M|
|poke|p2|Iron Valiant|
|poke|p2|Ogerpon, F|
|poke|p2|Zapdos|
|poke|p2|Toxapex, F|
|teampreview
|inactive|Battle timer is ON: inactive players will automatically lose when time's up. (requested by swaneeee)
|
|t:|1769394702
|teamsize|p1|6
|teamsize|p2|6
|start
|switch|p1a: Blaziken|Blaziken, F, shiny|100/100
|switch|p2a: Tyranitar|Tyranitar, M, shiny|100/100
|-weather|Sandstorm|[from] ability: Sand Stream|[of] p2a: Tyranitar
|turn|1
|
|t:|1769394712
|switch|p2a: Toxapex|Toxapex, F|100/100
|-terastallize|p1a: Blaziken|Flying
|move|p1a: Blaziken|Swords Dance|p1a: Blaziken
|-boost|p1a: Blaziken|atk|2
|
|-weather|Sandstorm|[upkeep]
|-damage|p1a: Blaziken|94/100|[from] Sandstorm
|-damage|p2a: Toxapex|95/100|[from] Sandstorm
|-heal|p1a: Blaziken|100/100|[from] item: Leftovers
|-ability|p1a: Blaziken|Speed Boost|boost
|-boost|p1a: Blaziken|spe|1
|upkeep
|turn|2
|
|t:|1769394729
|move|p1a: Blaziken|Thunder Punch|p2a: Toxapex
|-supereffective|p2a: Toxapex
|-damage|p2a: Toxapex|13/100
|-enditem|p2a: Toxapex|Eject Button
|
|t:|1769394741
|switch|p2a: Zapdos|Zapdos|100/100
|
|-weather|Sandstorm|[upkeep]
|-damage|p2a: Zapdos|94/100|[from] Sandstorm
|-damage|p1a: Blaziken|94/100|[from] Sandstorm
|-heal|p1a: Blaziken|100/100|[from] item: Leftovers
|-ability|p1a: Blaziken|Speed Boost|boost
|-boost|p1a: Blaziken|spe|1
|upkeep
|turn|3
|
|t:|1769394756
|switch|p1a: Garchomp|Garchomp, F|100/100
|move|p2a: Zapdos|Volt Switch|p1a: Garchomp
|-immune|p1a: Garchomp
|
|-weather|Sandstorm|[upkeep]
|-damage|p2a: Zapdos|88/100|[from] Sandstorm
|upkeep
|turn|4
|inactive|HollowMcrowav has 120 seconds left.
|
|t:|1769394798
|-terastallize|p2a: Zapdos|Ice
|move|p2a: Zapdos|Tera Blast|p1a: Garchomp|[anim] Tera Blast Ice
|-supereffective|p1a: Garchomp
|-damage|p1a: Garchomp|0 fnt
|faint|p1a: Garchomp
|
|-weather|Sandstorm|[upkeep]
|-damage|p2a: Zapdos|82/100|[from] Sandstorm
|upkeep
|
|t:|1769394806
|switch|p1a: Blaziken|Blaziken, F, shiny, tera:Flying|100/100
|turn|5
|inactive|HollowMcrowav has 120 seconds left.
|
|t:|1769394814
|move|p2a: Zapdos|Volt Switch|p1a: Blaziken
|-supereffective|p1a: Blaziken
|-damage|p1a: Blaziken|0 fnt
|faint|p1a: Blaziken
|inactive|HollowMcrowav has 120 seconds left.
|-message|swaneeee forfeited.
|
|win|HollowMcrowav
|raw|swaneeee's rating: 1289 &rarr; <strong>1264</strong><br />(-25 for losing)
|raw|HollowMcrowav's rating: 1291 &rarr; <strong>1316</strong><br />(+25 for winning)
|l|☆swaneeee
|player|p1|
|c|☆HollowMcrowav|ggs
|c|☆HollowMcrowav|no protect
