|j|☆I Only Dry Beat
|j|☆Iostyle
|t:|1769327734
|gametype|singles
|player|p1|I Only Dry Beat|jogger|1081
|player|p2|Iostyle|paxton|1080
|gen|9
|tier|[Gen 9] OU
|rated|
|rule|HP Percentage Mod: HP is shown in percentages
|rule|Endless Battle Clause: Forcing endless battles is banned
|rule|Species Clause: Limit one of each Pokémon
|rule|OHKO Clause: OHKO moves are banned
|rule|Evasion Items Clause: Evasion items are banned
|rule|Evasion Moves Clause: Evasion moves are banned
|rule|Evasion Abilities Clause: Evasion abilities are banned
|rule|Sleep Moves Clause: Sleep-inducing moves are banned
|clearpoke
|poke|p1|Dusclops, F|
|poke|p1|Ursaring, F|
|poke|p1|Magmar, F|
|poke|p1|Dipplin, M|
|poke|p1|Seadra, F|
|poke|p1|Corvisquire, F|
|poke|p2|Blaziken, F|
|poke|p2|Gholdengo|
|poke|p2|Zamazenta-*|
|poke|p2|Primarina, M|
|poke|p2|Deoxys-Speed|
|poke|p2|Darkrai|
|teampreview
|inactive|Battle timer is ON: inactive players will automatically lose when time's up. (requested by Iostyle)
|c|☆Iostyle|All evoluroc ?
|
|t:|1769327751
|teamsize|p1|6
|teamsize|p2|6
|start
|switch|p1a: Dusclops|Dusclops, F, shiny|100/100
|switch|p2a: Deoxys|Deoxys-Speed|100/100
|-ability|p2a: Deoxys|Pressure
|-item|p2a: Deoxys|Light Clay|[from] ability: Frisk|[of] p1a: Dusclops
|turn|1
|
|t:|1769327774
|move|p2a: Deoxys|Light Screen|p2a: Deoxys
|-sidestart|p2: Iostyle|move: Light Screen
|move|p1a: Dusclops|Poltergeist|p2a: Deoxys
|-activate|p2a: Deoxys|move: Poltergeist|Light Clay
|-supereffective|p2a: Deoxys
|-damage|p2a: Deoxys|3/100
|
|upkeep
|turn|2
|
|t:|1769327785
|move|p2a: Deoxys|Reflect|p2a: Deoxys
|-sidestart|p2: Iostyle|Reflect
|move|p1a: Dusclops|Poltergeist|p2a: Deoxys
|-activate|p2a: Deoxys|move: Poltergeist|Light Clay
|-supereffective|p2a: Deoxys
|-damage|p2a: Deoxys|0 fnt
|faint|p2a: Deoxys
|
|upkeep
|
|t:|1769327797
|switch|p2a: Primarina|Primarina, M|100/100
|turn|3
|
|t:|1769327805
|move|p2a: Primarina|Surf|p1a: Dusclops
|-damage|p1a: Dusclops|67/100
|move|p1a: Dusclops|Thunder Punch|p2a: Primarina
|-supereffective|p2a: Primarina
|-damage|p2a: Primarina|76/100
|-status|p2a: Primarina|par
|
|upkeep
|turn|4
|
|t:|1769327816
|move|p2a: Primarina|Moonblast|p1a: Dusclops
|-damage|p1a: Dusclops|33/100
|move|p1a: Dusclops|Thunder Punch|p2a: Primarina
|-supereffective|p2a: Primarina
|-damage|p2a: Primarina|48/100 par
|
|upkeep
|turn|5
|
|t:|1769327822
|move|p2a: Primarina|Moonblast|p1a: Dusclops
|-damage|p1a: Dusclops|0 fnt
|faint|p1a: Dusclops
|
|upkeep
|
|t:|1769327845
|switch|p1a: Seadra|Seadra, F, shiny|100/100
|turn|6
|
|t:|1769327854
|move|p1a: Seadra|Focus Energy|p1a: Seadra
|-start|p1a: Seadra|move: Focus Energy
|move|p2a: Primarina|Moonblast|p1a: Seadra
|-damage|p1a: Seadra|0 fnt
|faint|p1a: Seadra
|
|upkeep
|
|t:|1769327865
|switch|p1a: Dipplin|Dipplin, M|100/100
|turn|7
|
|t:|1769327875
|-terastallize|p1a: Dipplin|Steel
|move|p1a: Dipplin|Growth|p1a: Dipplin
|-boost|p1a: Dipplin|atk|1
|-boost|p1a: Dipplin|spa|1
|cant|p2a: Primarina|par
|
|upkeep
|turn|8
|
|t:|1769327882
|move|p1a: Dipplin|Growth|p1a: Dipplin
|-boost|p1a: Dipplin|atk|1
|-boost|p1a: Dipplin|spa|1
|move|p2a: Primarina|Surf|p1a: Dipplin
|-crit|p1a: Dipplin
|-damage|p1a: Dipplin|45/100
|
|-sideend|p2: Iostyle|move: Light Screen
|upkeep
|turn|9
|
|t:|1769327888
|move|p1a: Dipplin|Giga Drain|p2a: Primarina
|-supereffective|p2a: Primarina
|-damage|p2a: Primarina|0 fnt
|-heal|p1a: Dipplin|66/100|[from] drain|[of] p2a: Primarina
|faint|p2a: Primarina
|
|-sideend|p2: Iostyle|Reflect
|upkeep
|
|t:|1769327892
|switch|p2a: Blaziken|Blaziken, F|100/100
|turn|10
|
|t:|1769327904
|move|p2a: Blaziken|Protect|p2a: Blaziken
|-singleturn|p2a: Blaziken|Protect
|move|p1a: Dipplin|Dragon Pulse|p2a: Blaziken
|-activate|p2a: Blaziken|move: Protect
|
|-ability|p2a: Blaziken|Speed Boost|boost
|-boost|p2a: Blaziken|spe|1
|upkeep
|turn|11
|
|t:|1769327911
|move|p2a: Blaziken|Close Combat|p1a: Dipplin
|-supereffective|p1a: Dipplin
|-damage|p1a: Dipplin|0 fnt
|-unboost|p2a: Blaziken|def|1
|-unboost|p2a: Blaziken|spd|1
|faint|p1a: Dipplin
|-damage|p2a: Blaziken|91/100|[from] item: Life Orb
|
|-ability|p2a: Blaziken|Speed Boost|boost
|-boost|p2a: Blaziken|spe|1
|upkeep
|
|t:|1769327917
|switch|p1a: Corvisquire|Corvisquire, F|100/100
|turn|12
|
|t:|1769327920
|move|p2a: Blaziken|Flare Blitz|p1a: Corvisquire
|-damage|p1a: Corvisquire|30/100
|-damage|p2a: Blaziken|64/100|[from] Recoil
|-damage|p2a: Blaziken|54/100|[from] item: Life Orb
|move|p1a: Corvisquire|Brave Bird|p2a: Blaziken
|-supereffective|p2a: Blaziken
|-damage|p2a: Blaziken|0 fnt
|faint|p2a: Blaziken
|-damage|p1a: Corvisquire|15/100|[from] Recoil
|
|upkeep
|
|t:|1769327929
|switch|p2a: Darkrai|Darkrai|100/100
|turn|13
|
|t:|1769327945
|move|p2a: Darkrai|Sludge Bomb|p1a: Corvisquire
|-damage|p1a: Corvisquire|0 fnt
|faint|p1a: Corvisquire
|
|upkeep
|
|t:|1769327953
|switch|p1a: Ursaring|Ursaring, F|100/100
|turn|14
|
|t:|1769327974
|switch|p2a: Zamazenta|Zamazenta|100/100
|-ability|p2a: Zamazenta|Dauntless Shield|boost
|-boost|p2a: Zamazenta|def|1
|move|p1a: Ursaring|Facade|p2a: Zamazenta
|-damage|p2a: Zamazenta|81/100
|
|-heal|p2a: Zamazenta|87/100|[from] item: Leftovers
|-status|p1a: Ursaring|brn|[from] item: Flame Orb
|upkeep
|turn|15
|
|t:|1769327988
|switch|p1a: Magmar|Magmar, F|100/100
|move|p2a: Zamazenta|Iron Defense|p2a: Zamazenta
|-boost|p2a: Zamazenta|def|2
|
|-heal|p2a: Zamazenta|94/100|[from] item: Leftovers
|upkeep
|turn|16
|
|t:|1769328007
|move|p2a: Zamazenta|Body Press|p1a: Magmar
|-damage|p1a: Magmar|0 fnt
|-status|p2a: Zamazenta|brn|[from] ability: Flame Body|[of] p1a: Magmar
|faint|p1a: Magmar
|
|-heal|p2a: Zamazenta|99/100 brn|[from] item: Leftovers
|-damage|p2a: Zamazenta|94/100 brn|[from] brn
|upkeep
|
|t:|1769328011
|switch|p1a: Ursaring|Ursaring, F|100/100 brn
|turn|17
|
|t:|1769328014
|move|p2a: Zamazenta|Body Press|p1a: Ursaring
|-supereffective|p1a: Ursaring
|-damage|p1a: Ursaring|14/100 brn
|move|p1a: Ursaring|Facade|p2a: Zamazenta
|-damage|p2a: Zamazenta|60/100 brn
|
|-heal|p2a: Zamazenta|66/100 brn|[from] item: Leftovers
|-damage|p2a: Zamazenta|60/100 brn|[from] brn
|-damage|p1a: Ursaring|8/100 brn|[from] brn
|upkeep
|turn|18
|
|t:|1769328017
|move|p2a: Zamazenta|Body Press|p1a: Ursaring
|-supereffective|p1a: Ursaring
|-damage|p1a: Ursaring|0 fnt
|faint|p1a: Ursaring
|
|win|Iostyle
|raw|I Only Dry Beat's rating: 1081 &rarr; <strong>1059</strong><br />(-22 for losing)
|raw|Iostyle's rating: 1080 &rarr; <strong>1108</strong><br />(+28 for winning)
|l|☆I Only Dry Beat
|player|p1|
|l|☆Iostyle
|player|p2|
