|j|☆zahonidas
|j|☆Singing in...
|t:|1769333676
|gametype|singles
|player|p1|zahonidas|170|1091
|player|p2|Singing in...|misty-masters|1092
|gen|9
|tier|[Gen 9] OU
|rated|
|rule|HP Percentage Mod: HP is shown in percentages
|rule|Endless Battle Clause: Forcing endless battles is banned
|rule|Species Clause: Limit one of each Pokémon
|rule|OHKO Clause: OHKO moves are banned
|rule|Evasion Items Clause: Evasion items are banned
|rule|Evasion Moves Clause: Evasion moves are banned
|rule|Evasion Abilities Clause: Evasion abilities are banned
|rule|Sleep Moves Clause: Sleep-inducing moves are banned
|clearpoke
|poke|p1|Zamazenta-*|
|poke|p1|Darkrai|
|poke|p1|Landorus-Therian, M|
|poke|p1|Manaphy|
|poke|p1|Iron Valiant|
|poke|p1|Iron Crown|
|poke|p2|Pelipper, M|
|poke|p2|Zapdos|
|poke|p2|Raging Bolt|
|poke|p2|Barraskewda, M|
|poke|p2|Iron Treads|
|poke|p2|Ogerpon-Wellspring, F|
|teampreview
|j| Albrtix
|
|t:|1769333685
|teamsize|p1|6
|teamsize|p2|6
|start
|switch|p1a: Manaphy|Manaphy|100/100
|switch|p2a: ...the Rain|Pelipper, M|100/100
|-weather|RainDance|[from] ability: Drizzle|[of] p2a: ...the Rain
|turn|1
|inactive|Battle timer is ON: inactive players will automatically lose when time's up. (requested by Singing in...)
|
|t:|1769333783
|-terastallize|p1a: Manaphy|Electric
|move|p1a: Manaphy|Tail Glow|p1a: Manaphy
|-boost|p1a: Manaphy|spa|3
|move|p2a: ...the Rain|U-turn|p1a: Manaphy
|-damage|p1a: Manaphy|91/100
|inactive|Singing in... has 120 seconds left.
|
|t:|1769333814
|switch|p2a: Barraskewda|Barraskewda, M, shiny|100/100|[from] U-turn
|
|-weather|RainDance|[upkeep]
|upkeep
|turn|2
|
|t:|1769333828
|-terastallize|p2a: Barraskewda|Water
|move|p2a: Barraskewda|Liquidation|p1a: Manaphy
|-damage|p1a: Manaphy|0 fnt
|faint|p1a: Manaphy
|
|-weather|RainDance|[upkeep]
|upkeep
|
|t:|1769333833
|switch|p1a: Landorus|Landorus-Therian, M|100/100
|-ability|p1a: Landorus|Intimidate|boost
|-unboost|p2a: Barraskewda|atk|1
|turn|3
|
|t:|1769333841
|switch|p1a: Zamazenta|Zamazenta|100/100
|-ability|p1a: Zamazenta|Dauntless Shield|boost
|-boost|p1a: Zamazenta|def|1
|move|p2a: Barraskewda|Liquidation|p1a: Zamazenta
|-damage|p1a: Zamazenta|45/100
|
|-weather|RainDance|[upkeep]
|-heal|p1a: Zamazenta|51/100|[from] item: Leftovers
|upkeep
|turn|4
|
|t:|1769333858
|switch|p1a: Landorus|Landorus-Therian, M|100/100
|-ability|p1a: Landorus|Intimidate|boost
|-unboost|p2a: Barraskewda|atk|1
|move|p2a: Barraskewda|Liquidation|p1a: Landorus
|-supereffective|p1a: Landorus
|-damage|p1a: Landorus|0 fnt
|faint|p1a: Landorus
|
|-weather|RainDance|[upkeep]
|upkeep
|
|t:|1769333865
|switch|p1a: Zamazenta|Zamazenta|51/100
|turn|5
|
|t:|1769333875
|switch|p2a: Zapdos|Zapdos|100/100
|move|p1a: Zamazenta|Body Slam|p2a: Zapdos
|-damage|p2a: Zapdos|72/100
|-status|p1a: Zamazenta|par|[from] ability: Static|[of] p2a: Zapdos
|
|-weather|RainDance|[upkeep]
|-heal|p1a: Zamazenta|57/100 par|[from] item: Leftovers
|upkeep
|turn|6
|
|t:|1769333891
|move|p2a: Zapdos|Hurricane|p1a: Zamazenta
|-supereffective|p1a: Zamazenta
|-damage|p1a: Zamazenta|0 fnt
|faint|p1a: Zamazenta
|
|-weather|RainDance|[upkeep]
|upkeep
|
|t:|1769333895
|switch|p1a: Darkrai|Darkrai|100/100
|turn|7
|
|t:|1769333915
|move|p1a: Darkrai|Ice Beam|p2a: Zapdos
|-supereffective|p2a: Zapdos
|-damage|p2a: Zapdos|0 fnt
|faint|p2a: Zapdos
|
|-weather|RainDance|[upkeep]
|upkeep
|
|t:|1769333926
|switch|p2a: Ogerpon|Ogerpon-Wellspring, F|100/100
|turn|8
|inactive|zahonidas has 120 seconds left.
|
|t:|1769333959
|move|p1a: Darkrai|Ice Beam|p2a: Ogerpon
|-damage|p2a: Ogerpon|54/100
|move|p2a: Ogerpon|Ivy Cudgel|p1a: Darkrai|[anim] Ivy Cudgel Water
|-crit|p1a: Darkrai
|-damage|p1a: Darkrai|0 fnt
|faint|p1a: Darkrai
|
|-weather|none
|upkeep
|inactive|zahonidas has 120 seconds left.
|
|t:|1769333969
|switch|p1a: Iron Crown|Iron Crown|100/100
|-enditem|p1a: Iron Crown|Booster Energy
|-activate|p1a: Iron Crown|ability: Quark Drive|[fromitem]
|-start|p1a: Iron Crown|quarkdrivespe
|turn|9
|
|t:|1769333977
|switch|p2a: ...the Rain|Pelipper, M|100/100
|-weather|RainDance|[from] ability: Drizzle|[of] p2a: ...the Rain
|move|p1a: Iron Crown|Iron Defense|p1a: Iron Crown
|-boost|p1a: Iron Crown|def|2
|
|-weather|RainDance|[upkeep]
|upkeep
|turn|10
|inactive|zahonidas has 120 seconds left.
|
|t:|1769334000
|move|p1a: Iron Crown|Tachyon Cutter|p2a: ...the Rain
|-resisted|p2a: ...the Rain
|-damage|p2a: ...the Rain|86/100
|-resisted|p2a: ...the Rain
|-damage|p2a: ...the Rain|72/100
|-hitcount|p2a: ...the Rain|2
|move|p2a: ...the Rain|U-turn|p1a: Iron Crown
|-damage|p1a: Iron Crown|96/100
|
|t:|1769334008
|switch|p2a: Iron Treads|Iron Treads, shiny|100/100|[from] U-turn
|
|-weather|RainDance|[upkeep]
|upkeep
|turn|11
|
|t:|1769334012
|move|p1a: Iron Crown|Iron Defense|p1a: Iron Crown
|-boost|p1a: Iron Crown|def|2
|move|p2a: Iron Treads|Earthquake|p1a: Iron Crown
|-supereffective|p1a: Iron Crown
|-damage|p1a: Iron Crown|69/100
|
|-weather|RainDance|[upkeep]
|upkeep
|turn|12
|
|t:|1769334023
|move|p1a: Iron Crown|Iron Defense|p1a: Iron Crown
|-boost|p1a: Iron Crown|def|2
|move|p2a: Iron Treads|Earthquake|p1a: Iron Crown
|-supereffective|p1a: Iron Crown
|-damage|p1a: Iron Crown|45/100
|
|-weather|RainDance|[upkeep]
|upkeep
|turn|13
|
|t:|1769334030
|move|p1a: Iron Crown|Calm Mind|p1a: Iron Crown
|-boost|p1a: Iron Crown|spa|1
|-boost|p1a: Iron Crown|spd|1
|move|p2a: Iron Treads|Earthquake|p1a: Iron Crown
|-supereffective|p1a: Iron Crown
|-damage|p1a: Iron Crown|20/100
|
|-weather|RainDance|[upkeep]
|upkeep
|turn|14
|
|t:|1769334039
|move|p1a: Iron Crown|Stored Power|p2a: Iron Treads
|-resisted|p2a: Iron Treads
|-damage|p2a: Iron Treads|52/100
|move|p2a: Iron Treads|Earthquake|p1a: Iron Crown
|-supereffective|p1a: Iron Crown
|-damage|p1a: Iron Crown|0 fnt
|faint|p1a: Iron Crown
|-end|p1a: Iron Crown|Quark Drive|[silent]
|
|-weather|RainDance|[upkeep]
|upkeep
|
|t:|1769334044
|switch|p1a: Iron Valiant|Iron Valiant|100/100
|-enditem|p1a: Iron Valiant|Booster Energy
|-activate|p1a: Iron Valiant|ability: Quark Drive|[fromitem]
|-start|p1a: Iron Valiant|quarkdrivespe
|turn|15
|
|t:|1769334056
|move|p1a: Iron Valiant|Swords Dance|p1a: Iron Valiant
|-boost|p1a: Iron Valiant|atk|2
|move|p2a: Iron Treads|Iron Head|p1a: Iron Valiant
|-supereffective|p1a: Iron Valiant
|-damage|p1a: Iron Valiant|0 fnt
|faint|p1a: Iron Valiant
|-end|p1a: Iron Valiant|Quark Drive|[silent]
|
|win|Singing in...
|raw|zahonidas's rating: 1091 &rarr; <strong>1067</strong><br />(-24 for losing)
|raw|Singing in...'s rating: 1092 &rarr; <strong>1118</strong><br />(+26 for winning)
|l|☆zahonidas
|player|p1|
|l|☆Singing in...
|player|p2|
