|j|☆lightery
|j|☆Krautermann
|t:|1769421514
|gametype|singles
|player|p1|lightery|cilan|1326
|player|p2|Krautermann|265|1351
|gen|9
|tier|[Gen 9] OU
|rated|
|rule|HP Percentage Mod: HP is shown in percentages
|rule|Endless Battle Clause: Forcing endless battles is banned
|rule|Species Clause: Limit one of each Pokémon
|rule|OHKO Clause: OHKO moves are banned
|rule|Evasion Items Clause: Evasion items are banned
|rule|Evasion Moves Clause: Evasion moves are banned
|rule|Evasion Abilities Clause: Evasion abilities are banned
|rule|Sleep Moves Clause: Sleep-inducing moves are banned
|clearpoke
|poke|p1|Quaquaval, F|
|poke|p1|Zapdos|
|poke|p1|Rillaboom, F|
|poke|p1|Ursaluna, M|
|poke|p1|Conkeldurr, M|
|poke|p1|Enamorus, F|
|poke|p2|Kingambit, F|
|poke|p2|Cinderace, F|
|poke|p2|Landorus-Therian, M|
|poke|p2|Iron Valiant|
|poke|p2|Kyurem|
|poke|p2|Slowking-Galar, M|
|teampreview
|c|☆lightery|Gl
|inactive|Battle timer is ON: inactive players will automatically lose when time's up. (requested by Krautermann)
|c|☆Krautermann|hf
|
|t:|1769421554
|teamsize|p1|6
|teamsize|p2|6
|start
|switch|p1a: Lovie|Enamorus, F|100/100
|switch|p2a: Cinderace|Cinderace, F, shiny|100/100
|turn|1
|
|t:|1769421579
|move|p2a: Cinderace|Pyro Ball|p1a: Lovie|[miss]
|-miss|p2a: Cinderace|p1a: Lovie
|move|p1a: Lovie|Earth Power|p2a: Cinderace
|-supereffective|p2a: Cinderace
|-damage|p2a: Cinderace|0 fnt
|faint|p2a: Cinderace
|
|upkeep
|
|t:|1769421583
|switch|p2a: Landorus|Landorus-Therian, M, shiny|100/100
|-ability|p2a: Landorus|Intimidate|boost
|-boost|p1a: Lovie|atk|1
|turn|2
|
|t:|1769421592
|switch|p1a: Ursie|Ursaluna, M|100/100
|move|p2a: Landorus|Rock Tomb|p1a: Ursie
|-resisted|p1a: Ursie
|-damage|p1a: Ursie|94/100
|-unboost|p1a: Ursie|spe|1
|
|-status|p1a: Ursie|brn|[from] item: Flame Orb
|upkeep
|turn|3
|
|t:|1769421602
|move|p2a: Landorus|Earthquake|p1a: Ursie
|-damage|p1a: Ursie|61/100 brn
|move|p1a: Ursie|Facade|p2a: Landorus
|-crit|p2a: Landorus
|-damage|p2a: Landorus|0 fnt
|-damage|p1a: Ursie|45/100 brn|[from] item: Rocky Helmet|[of] p2a: Landorus
|faint|p2a: Landorus
|
|-damage|p1a: Ursie|39/100 brn|[from] brn
|upkeep
|
|t:|1769421608
|switch|p2a: Kyurem|Kyurem, shiny|100/100
|-ability|p2a: Kyurem|Pressure
|turn|4
|
|t:|1769421615
|switch|p1a: Brickie|Conkeldurr, M|100/100
|move|p2a: Kyurem|Freeze-Dry|p1a: Brickie
|-damage|p1a: Brickie|75/100
|
|upkeep
|turn|5
|
|t:|1769421623
|move|p2a: Kyurem|Protect|p2a: Kyurem
|-singleturn|p2a: Kyurem|Protect
|move|p1a: Brickie|Knock Off|p2a: Kyurem
|-activate|p2a: Kyurem|move: Protect
|
|upkeep
|turn|6
|
|t:|1769421628
|switch|p2a: Slowking|Slowking-Galar, M, shiny|100/100
|move|p1a: Brickie|Drain Punch|p2a: Slowking
|-resisted|p2a: Slowking
|-damage|p2a: Slowking|86/100
|-heal|p1a: Brickie|82/100|[from] drain|[of] p2a: Slowking
|
|upkeep
|turn|7
|
|t:|1769421632
|move|p1a: Brickie|Knock Off|p2a: Slowking
|-supereffective|p2a: Slowking
|-damage|p2a: Slowking|0 fnt
|-enditem|p2a: Slowking|Heavy-Duty Boots|[from] move: Knock Off|[of] p1a: Brickie
|faint|p2a: Slowking
|
|upkeep
|
|t:|1769421635
|switch|p2a: Iron Valiant|Iron Valiant|100/100
|-enditem|p2a: Iron Valiant|Booster Energy
|-activate|p2a: Iron Valiant|ability: Quark Drive|[fromitem]
|-start|p2a: Iron Valiant|quarkdrivespe
|turn|8
|
|t:|1769421648
|switch|p1a: Lovie|Enamorus, F|100/100
|move|p2a: Iron Valiant|Moonblast|p1a: Lovie
|-damage|p1a: Lovie|39/100
|
|upkeep
|turn|9
|
|t:|1769421652
|move|p2a: Iron Valiant|Moonblast|p1a: Lovie
|-damage|p1a: Lovie|0 fnt
|faint|p1a: Lovie
|
|upkeep
|
|t:|1769421659
|switch|p1a: Cloudie|Zapdos|100/100
|turn|10
|
|t:|1769421664
|move|p2a: Iron Valiant|Calm Mind|p2a: Iron Valiant
|-boost|p2a: Iron Valiant|spa|1
|-boost|p2a: Iron Valiant|spd|1
|move|p1a: Cloudie|Hurricane|p2a: Iron Valiant
|-supereffective|p2a: Iron Valiant
|-damage|p2a: Iron Valiant|0 fnt
|faint|p2a: Iron Valiant
|-end|p2a: Iron Valiant|Quark Drive|[silent]
|
|upkeep
|
|t:|1769421666
|switch|p2a: Kyurem|Kyurem, shiny|100/100
|-ability|p2a: Kyurem|Pressure
|turn|11
|
|t:|1769421672
|move|p2a: Kyurem|Freeze-Dry|p1a: Cloudie
|-supereffective|p1a: Cloudie
|-crit|p1a: Cloudie
|-damage|p1a: Cloudie|2/100
|move|p1a: Cloudie|Volt Switch|p2a: Kyurem
|-resisted|p2a: Kyurem
|-damage|p2a: Kyurem|82/100
|
|t:|1769421676
|switch|p1a: Duckie|Quaquaval, F|100/100|[from] Volt Switch
|
|-heal|p2a: Kyurem|88/100|[from] item: Leftovers
|upkeep
|turn|12
|
|t:|1769421685
|move|p2a: Kyurem|Protect|p2a: Kyurem
|-singleturn|p2a: Kyurem|Protect
|move|p1a: Duckie|Close Combat|p2a: Kyurem
|-activate|p2a: Kyurem|move: Protect
|
|-heal|p2a: Kyurem|94/100|[from] item: Leftovers
|upkeep
|turn|13
|
|t:|1769421695
|move|p2a: Kyurem|Freeze-Dry|p1a: Duckie
|-supereffective|p1a: Duckie
|-damage|p1a: Duckie|5/100
|move|p1a: Duckie|Aqua Step|p2a: Kyurem
|-resisted|p2a: Kyurem
|-damage|p2a: Kyurem|73/100
|-boost|p1a: Duckie|spe|1
|
|-heal|p1a: Duckie|11/100|[from] item: Leftovers
|-heal|p2a: Kyurem|79/100|[from] item: Leftovers
|upkeep
|turn|14
|
|t:|1769421701
|move|p1a: Duckie|Close Combat|p2a: Kyurem
|-supereffective|p2a: Kyurem
|-damage|p2a: Kyurem|0 fnt
|-unboost|p1a: Duckie|def|1
|-unboost|p1a: Duckie|spd|1
|faint|p2a: Kyurem
|-ability|p1a: Duckie|Moxie|boost
|-boost|p1a: Duckie|atk|1
|
|-heal|p1a: Duckie|18/100|[from] item: Leftovers
|upkeep
|
|t:|1769421703
|switch|p2a: Kingambit|Kingambit, F|100/100
|-activate|p2a: Kingambit|ability: Supreme Overlord
|-start|p2a: Kingambit|fallen5|[silent]
|turn|15
|
|t:|1769421705
|move|p2a: Kingambit|Sucker Punch|p1a: Duckie
|-resisted|p1a: Duckie
|-damage|p1a: Duckie|0 fnt
|faint|p1a: Duckie
|
|upkeep
|
|t:|1769421706
|switch|p1a: Brickie|Conkeldurr, M|82/100
|turn|16
|
|t:|1769421711
|-terastallize|p2a: Kingambit|Flying
|move|p2a: Kingambit|Iron Head|p1a: Brickie
|-damage|p1a: Brickie|26/100
|cant|p1a: Brickie|flinch
|
|upkeep
|turn|17
|
|t:|1769421716
|move|p2a: Kingambit|Iron Head|p1a: Brickie
|-damage|p1a: Brickie|0 fnt
|faint|p1a: Brickie
|
|upkeep
|
|t:|1769421720
|switch|p1a: Cloudie|Zapdos|2/100
|turn|18
|
|t:|1769421721
|move|p1a: Cloudie|Discharge|p2a: Kingambit
|-supereffective|p2a: Kingambit
|-damage|p2a: Kingambit|7/100
|move|p2a: Kingambit|Kowtow Cleave|p1a: Cloudie
|-damage|p1a: Cloudie|0 fnt
|faint|p1a: Cloudie
|
|-heal|p2a: Kingambit|14/100|[from] item: Leftovers
|upkeep
|
|t:|1769421724
|switch|p1a: Monkie|Rillaboom, F|100/100
|-fieldstart|move: Grassy Terrain|[from] ability: Grassy Surge|[of] p1a: Monkie
|turn|19
|
|t:|1769421726
|move|p1a: Monkie|Grassy Glide|p2a: Kingambit
|-resisted|p2a: Kingambit
|-damage|p2a: Kingambit|0 fnt
|faint|p2a: Kingambit
|-end|p2a: Kingambit|fallen5|[silent]
|
|win|lightery
|raw|lightery's rating: 1326 &rarr; <strong>1347</strong><br />(+21 for winning)
|raw|Krautermann's rating: 1351 &rarr; <strong>1330</strong><br />(-21 for losing)
|l|☆Krautermann
|player|p2|
|l|☆lightery
|player|p1|
