|badge|p1|bronze|gen9ou|100-8
|uhtml|medal-msg|<div class="broadcast-blue">Curious what those medals under the avatar are? PS now has Ladder Seasons! For more information, check out the <a href="https://www.smogon.com/forums/threads/3740067/">thread on Smogon.</a></div>
|j|☆Audio Peel
|j|☆oh YEAAHH!!
|t:|1769297733
|gametype|singles
|player|p1|Audio Peel|fisherman-gen4|1864
|player|p2|oh YEAAHH!!|170|1860
|gen|9
|tier|[Gen 9] OU
|rated|
|rule|HP Percentage Mod: HP is shown in percentages
|rule|Endless Battle Clause: Forcing endless battles is banned
|rule|Species Clause: Limit one of each Pokémon
|rule|OHKO Clause: OHKO moves are banned
|rule|Evasion Items Clause: Evasion items are banned
|rule|Evasion Moves Clause: Evasion moves are banned
|rule|Evasion Abilities Clause: Evasion abilities are banned
|rule|Sleep Moves Clause: Sleep-inducing moves are banned
|clearpoke
|poke|p1|Zamazenta-*|
|poke|p1|Hatterene, F|
|poke|p1|Iron Treads|
|poke|p1|Zapdos|
|poke|p1|Samurott-Hisui, F|
|poke|p1|Pecharunt|
|poke|p2|Dragapult, M|
|poke|p2|Kyurem|
|poke|p2|Tornadus-Therian, M|
|poke|p2|Zamazenta-*|
|poke|p2|Iron Treads|
|poke|p2|Hatterene, F|
|teampreview
|inactive|Battle timer is ON: inactive players will automatically lose when time's up. (requested by Audio Peel)
|
|t:|1769297741
|teamsize|p1|6
|teamsize|p2|6
|start
|switch|p1a: Iron Treads|Iron Treads, shiny|100/100
|switch|p2a: Kyurem|Kyurem|100/100
|-ability|p2a: Kyurem|Pressure
|-item|p1a: Iron Treads|Air Balloon
|turn|1
|
|t:|1769297758
|move|p2a: Kyurem|Ice Beam|p1a: Iron Treads
|-damage|p1a: Iron Treads|28/100
|-status|p1a: Iron Treads|frz
|-enditem|p1a: Iron Treads|Air Balloon
|cant|p1a: Iron Treads|frz
|
|upkeep
|turn|2
|
|t:|1769297763
|move|p2a: Kyurem|Ice Beam|p1a: Iron Treads
|-crit|p1a: Iron Treads
|-damage|p1a: Iron Treads|0 fnt
|faint|p1a: Iron Treads
|-end|p1a: Iron Treads|Quark Drive|[silent]
|
|upkeep
|
|t:|1769297765
|switch|p1a: Zapdos|Zapdos, shiny|100/100
|turn|3
|
|t:|1769297767
|-terastallize|p1a: Zapdos|Fire
|move|p1a: Zapdos|Heat Wave|p2a: Kyurem
|-damage|p2a: Kyurem|58/100
|move|p2a: Kyurem|Ice Beam|p1a: Zapdos
|-resisted|p1a: Zapdos
|-damage|p1a: Zapdos|60/100
|
|upkeep
|turn|4
|
|t:|1769297774
|switch|p2a: Tornadus|Tornadus-Therian, M|100/100
|move|p1a: Zapdos|Hurricane|p2a: Tornadus
|-damage|p2a: Tornadus|75/100
|
|upkeep
|turn|5
|
|t:|1769297780
|move|p1a: Zapdos|Roost|p1a: Zapdos
|-heal|p1a: Zapdos|100/100
|move|p2a: Tornadus|Knock Off|p1a: Zapdos
|-damage|p1a: Zapdos|79/100
|-status|p2a: Tornadus|par|[from] ability: Static|[of] p1a: Zapdos
|-enditem|p1a: Zapdos|Heavy-Duty Boots|[from] move: Knock Off|[of] p2a: Tornadus
|
|upkeep
|turn|6
|
|t:|1769297787
|move|p1a: Zapdos|Volt Switch|p2a: Tornadus
|-supereffective|p2a: Tornadus
|-damage|p2a: Tornadus|44/100 par
|
|t:|1769297789
|switch|p1a: Pecharunt|Pecharunt|100/100|[from] Volt Switch
|move|p2a: Tornadus|U-turn|p1a: Pecharunt
|-resisted|p1a: Pecharunt
|-damage|p1a: Pecharunt|99/100
|-damage|p2a: Tornadus|28/100 par|[from] item: Rocky Helmet|[of] p1a: Pecharunt
|
|t:|1769297797
|switch|p2a: Kyurem|Kyurem|58/100|[from] U-turn
|-ability|p2a: Kyurem|Pressure
|
|upkeep
|turn|7
|
|t:|1769297801
|-terastallize|p2a: Kyurem|Ground
|move|p2a: Kyurem|Earth Power|p1a: Pecharunt
|-supereffective|p1a: Pecharunt
|-damage|p1a: Pecharunt|0 fnt
|faint|p1a: Pecharunt
|
|upkeep
|
|t:|1769297809
|switch|p1a: Samurott|Samurott-Hisui, F, shiny|100/100
|turn|8
|
|t:|1769297822
|move|p2a: Kyurem|Earth Power|p1a: Samurott
|-damage|p1a: Samurott|2/100
|move|p1a: Samurott|Ceaseless Edge|p2a: Kyurem
|-damage|p2a: Kyurem|0 fnt
|-sidestart|p2: oh YEAAHH!!|Spikes
|faint|p2a: Kyurem
|
|upkeep
|inactive|oh YEAAHH!! has 120 seconds left.
|inactive|oh YEAAHH!! has 90 seconds left.
|
|t:|1769297880
|switch|p2a: Zamazenta|Zamazenta|100/100
|-damage|p2a: Zamazenta|88/100|[from] Spikes
|-ability|p2a: Zamazenta|Dauntless Shield|boost
|-boost|p2a: Zamazenta|def|1
|turn|9
|
|t:|1769297890
|switch|p1a: Zamazenta|Zamazenta|100/100
|-ability|p1a: Zamazenta|Dauntless Shield|boost
|-boost|p1a: Zamazenta|def|1
|move|p2a: Zamazenta|Crunch|p1a: Zamazenta
|-resisted|p1a: Zamazenta
|-damage|p1a: Zamazenta|93/100
|-unboost|p1a: Zamazenta|def|1
|
|upkeep
|turn|10
|
|t:|1769297895
|switch|p1a: Hatterene|Hatterene, F|100/100
|move|p2a: Zamazenta|Iron Defense|p2a: Zamazenta
|-boost|p2a: Zamazenta|def|2
|
|upkeep
|turn|11
|j| unzelfriday
|
|t:|1769297899
|switch|p2a: Iron Treads|Iron Treads|100/100
|-damage|p2a: Iron Treads|88/100|[from] Spikes
|move|p1a: Hatterene|Psychic Noise|p2a: Iron Treads
|-resisted|p2a: Iron Treads
|-damage|p2a: Iron Treads|72/100
|-start|p2a: Iron Treads|move: Heal Block
|
|upkeep
|turn|12
|
|t:|1769297903
|move|p2a: Iron Treads|Rapid Spin|p1a: Hatterene
|-damage|p1a: Hatterene|86/100
|-boost|p2a: Iron Treads|spe|1
|-sideend|p2: oh YEAAHH!!|Spikes|[from] move: Rapid Spin|[of] p2a: Iron Treads
|move|p1a: Hatterene|Mystical Fire|p2a: Iron Treads
|-supereffective|p2a: Iron Treads
|-damage|p2a: Iron Treads|27/100
|-unboost|p2a: Iron Treads|spa|1
|
|-end|p2a: Iron Treads|move: Heal Block
|upkeep
|turn|13
|
|t:|1769297905
|move|p2a: Iron Treads|Knock Off|p1a: Hatterene
|-damage|p1a: Hatterene|56/100
|-enditem|p1a: Hatterene|Assault Vest|[from] move: Knock Off|[of] p2a: Iron Treads
|move|p1a: Hatterene|Mystical Fire|p2a: Iron Treads
|-supereffective|p2a: Iron Treads
|-damage|p2a: Iron Treads|0 fnt
|faint|p2a: Iron Treads
|-end|p2a: Iron Treads|Quark Drive|[silent]
|
|upkeep
|l| unzelfriday
|
|t:|1769297919
|switch|p2a: Dragapult|Dragapult, M|100/100
|turn|14
|
|t:|1769297924
|switch|p1a: Zapdos|Zapdos, shiny, tera:Fire|79/100
|move|p2a: Dragapult|U-turn|p1a: Zapdos
|-resisted|p1a: Zapdos
|-damage|p1a: Zapdos|58/100
|-status|p2a: Dragapult|par|[from] ability: Static|[of] p1a: Zapdos
|
|t:|1769297929
|switch|p2a: Hatterene|Hatterene, F|100/100|[from] U-turn
|
|upkeep
|turn|15
|
|t:|1769297941
|move|p1a: Zapdos|Volt Switch|p2a: Hatterene
|-damage|p2a: Hatterene|64/100
|
|t:|1769297945
|switch|p1a: Samurott|Samurott-Hisui, F, shiny|2/100|[from] Volt Switch
|move|p2a: Hatterene|Future Sight|p1a: Samurott
|-start|p2a: Hatterene|move: Future Sight
|
|-heal|p2a: Hatterene|70/100|[from] item: Leftovers
|upkeep
|turn|16
|
|t:|1769297948
|move|p1a: Samurott|Ceaseless Edge|p2a: Hatterene
|-crit|p2a: Hatterene
|-damage|p2a: Hatterene|0 fnt
|-sidestart|p2: oh YEAAHH!!|Spikes
|faint|p2a: Hatterene
|
|upkeep
|
|t:|1769297954
|switch|p2a: Zamazenta|Zamazenta|88/100
|-damage|p2a: Zamazenta|76/100|[from] Spikes
|turn|17
|
|t:|1769297957
|move|p2a: Zamazenta|Crunch|p1a: Samurott
|-resisted|p1a: Samurott
|-damage|p1a: Samurott|0 fnt
|faint|p1a: Samurott
|
|-hint|Future Sight did not hit because the target is fainted.
|upkeep
|
|t:|1769297970
|switch|p1a: Hatterene|Hatterene, F|56/100
|turn|18
|
|t:|1769297975
|switch|p2a: Tornadus|Tornadus-Therian, M|61/100 par
|move|p1a: Hatterene|Draining Kiss|p2a: Tornadus
|-damage|p2a: Tornadus|47/100 par
|-heal|p1a: Hatterene|68/100|[from] drain|[of] p2a: Tornadus
|
|upkeep
|turn|19
|j| deadbyflinch
|
|t:|1769297983
|move|p2a: Tornadus|Bleakwind Storm|p1a: Hatterene
|-damage|p1a: Hatterene|33/100
|-unboost|p1a: Hatterene|spe|1
|move|p1a: Hatterene|Psychic Noise|p2a: Tornadus
|-damage|p2a: Tornadus|27/100 par
|-start|p2a: Tornadus|move: Heal Block
|
|upkeep
|turn|20
|
|t:|1769297990
|switch|p1a: Zapdos|Zapdos, shiny, tera:Fire|58/100
|move|p2a: Tornadus|Bleakwind Storm|p1a: Zapdos
|-damage|p1a: Zapdos|14/100
|-unboost|p1a: Zapdos|spe|1
|
|-end|p2a: Tornadus|move: Heal Block
|upkeep
|turn|21
|
|t:|1769298007
|switch|p2a: Dragapult|Dragapult, M|100/100 par
|-damage|p2a: Dragapult|88/100 par|[from] Spikes
|move|p1a: Zapdos|Volt Switch|p2a: Dragapult
|-resisted|p2a: Dragapult
|-damage|p2a: Dragapult|66/100 par
|
|t:|1769298009
|switch|p1a: Zamazenta|Zamazenta|93/100|[from] Volt Switch
|
|upkeep
|turn|22
|
|t:|1769298021
|move|p1a: Zamazenta|Crunch|p2a: Dragapult
|-supereffective|p2a: Dragapult
|-damage|p2a: Dragapult|0 fnt
|faint|p2a: Dragapult
|
|upkeep
|
|t:|1769298026
|switch|p2a: Zamazenta|Zamazenta|76/100
|-damage|p2a: Zamazenta|63/100|[from] Spikes
|turn|23
|
|t:|1769298033
|move|p2a: Zamazenta|Iron Defense|p2a: Zamazenta
|-boost|p2a: Zamazenta|def|2
|move|p1a: Zamazenta|Close Combat|p2a: Zamazenta
|-damage|p2a: Zamazenta|40/100
|-unboost|p1a: Zamazenta|def|1
|-unboost|p1a: Zamazenta|spd|1
|
|upkeep
|turn|24
|
|t:|1769298036
|switch|p1a: Zapdos|Zapdos, shiny, tera:Fire|14/100
|move|p2a: Zamazenta|Crunch|p1a: Zapdos
|-damage|p1a: Zapdos|0 fnt
|-status|p2a: Zamazenta|par|[from] ability: Static|[of] p1a: Zapdos
|faint|p1a: Zapdos
|
|upkeep
|
|t:|1769298039
|switch|p1a: Hatterene|Hatterene, F|33/100
|turn|25
|l| deadbyflinch
|
|t:|1769298066
|move|p2a: Zamazenta|Rest|p2a: Zamazenta
|-status|p2a: Zamazenta|slp|[from] move: Rest
|-heal|p2a: Zamazenta|100/100 slp|[silent]
|-enditem|p2a: Zamazenta|Chesto Berry|[eat]
|-curestatus|p2a: Zamazenta|slp|[msg]
|move|p1a: Hatterene|Draining Kiss|p2a: Zamazenta
|-supereffective|p2a: Zamazenta
|-damage|p2a: Zamazenta|57/100
|-heal|p1a: Hatterene|73/100|[from] drain|[of] p2a: Zamazenta
|
|upkeep
|turn|26
|
|t:|1769298072
|switch|p2a: Tornadus|Tornadus-Therian, M|60/100 par
|move|p1a: Hatterene|Psychic Noise|p2a: Tornadus
|-damage|p2a: Tornadus|42/100 par
|-start|p2a: Tornadus|move: Heal Block
|
|upkeep
|turn|27
|
|t:|1769298081
|move|p2a: Tornadus|Bleakwind Storm|p1a: Hatterene
|-damage|p1a: Hatterene|36/100
|move|p1a: Hatterene|Draining Kiss|p2a: Tornadus
|-damage|p2a: Tornadus|29/100 par
|-heal|p1a: Hatterene|48/100|[from] drain|[of] p2a: Tornadus
|
|-end|p2a: Tornadus|move: Heal Block
|upkeep
|turn|28
|
|t:|1769298084
|move|p2a: Tornadus|Bleakwind Storm|p1a: Hatterene
|-damage|p1a: Hatterene|13/100
|move|p1a: Hatterene|Draining Kiss|p2a: Tornadus
|-damage|p2a: Tornadus|16/100 par
|-heal|p1a: Hatterene|24/100|[from] drain|[of] p2a: Tornadus
|
|upkeep
|turn|29
|
|t:|1769298086
|move|p2a: Tornadus|Bleakwind Storm|p1a: Hatterene
|-damage|p1a: Hatterene|0 fnt
|faint|p1a: Hatterene
|
|upkeep
|
|t:|1769298088
|switch|p1a: Zamazenta|Zamazenta|93/100
|turn|30
|
|t:|1769298091
|move|p1a: Zamazenta|Ice Fang|p2a: Tornadus
|-supereffective|p2a: Tornadus
|-damage|p2a: Tornadus|0 fnt
|faint|p2a: Tornadus
|
|upkeep
|
|t:|1769298093
|switch|p2a: Zamazenta|Zamazenta|57/100
|-damage|p2a: Zamazenta|45/100|[from] Spikes
|turn|31
|
|t:|1769298095
|move|p2a: Zamazenta|Iron Defense|p2a: Zamazenta
|-boost|p2a: Zamazenta|def|2
|move|p1a: Zamazenta|Close Combat|p2a: Zamazenta
|-damage|p2a: Zamazenta|22/100
|-unboost|p1a: Zamazenta|def|1
|-unboost|p1a: Zamazenta|spd|1
|
|upkeep
|turn|32
|
|t:|1769298114
|move|p2a: Zamazenta|Rest|p2a: Zamazenta
|-status|p2a: Zamazenta|slp|[from] move: Rest
|-heal|p2a: Zamazenta|100/100 slp|[silent]
|move|p1a: Zamazenta|Close Combat|p2a: Zamazenta
|-damage|p2a: Zamazenta|77/100 slp
|-unboost|p1a: Zamazenta|def|1
|-unboost|p1a: Zamazenta|spd|1
|
|upkeep
|turn|33
|j| pacdan111
|
|t:|1769298117
|cant|p2a: Zamazenta|slp
|move|p1a: Zamazenta|Close Combat|p2a: Zamazenta
|-damage|p2a: Zamazenta|54/100 slp
|-unboost|p1a: Zamazenta|def|1
|-unboost|p1a: Zamazenta|spd|1
|
|upkeep
|turn|34
|
|t:|1769298118
|cant|p2a: Zamazenta|slp
|move|p1a: Zamazenta|Close Combat|p2a: Zamazenta
|-damage|p2a: Zamazenta|29/100 slp
|-unboost|p1a: Zamazenta|def|1
|-unboost|p1a: Zamazenta|spd|1
|
|upkeep
|turn|35
|
|t:|1769298121
|move|p1a: Zamazenta|Close Combat|p2a: Zamazenta
|-damage|p2a: Zamazenta|4/100 slp
|-unboost|p1a: Zamazenta|def|1
|-unboost|p1a: Zamazenta|spd|1
|-curestatus|p2a: Zamazenta|slp|[msg]
|move|p2a: Zamazenta|Body Press|p1a: Zamazenta
|-damage|p1a: Zamazenta|0 fnt
|faint|p1a: Zamazenta
|
|win|oh YEAAHH!!
|raw|Audio Peel's rating: 1864 &rarr; <strong>1844</strong><br />(-20 for losing)
|raw|oh YEAAHH!!'s rating: 1860 &rarr; <strong>1880</strong><br />(+20 for winning)
|c|☆Audio Peel|ggwp
|l|☆Audio Peel
|player|p1|
|j| deadbyflinch
|c|☆oh YEAAHH!!|gg
|l| deadbyflinch
|l| pacdan111
