|j|☆ballzak35
|j|☆nahuel1234567
|t:|1769320802
|gametype|singles
|player|p1|ballzak35|gamer-gen3|1154
|player|p2|nahuel1234567|266|1179
|gen|9
|tier|[Gen 9] OU
|rated|
|rule|HP Percentage Mod: HP is shown in percentages
|rule|Endless Battle Clause: Forcing endless battles is banned
|rule|Species Clause: Limit one of each Pokémon
|rule|OHKO Clause: OHKO moves are banned
|rule|Evasion Items Clause: Evasion items are banned
|rule|Evasion Moves Clause: Evasion moves are banned
|rule|Evasion Abilities Clause: Evasion abilities are banned
|rule|Sleep Moves Clause: Sleep-inducing moves are banned
|clearpoke
|poke|p1|Tyranitar, M|
|poke|p1|Garchomp, F|
|poke|p1|Zamazenta-*|
|poke|p1|Gliscor, M|
|poke|p1|Gholdengo|
|poke|p1|Zapdos|
|poke|p2|Venusaur, F|
|poke|p2|Ninetales, F|
|poke|p2|Exeggutor, F|
|poke|p2|Sableye, M|
|poke|p2|Swampert, M|
|poke|p2|Emboar, M|
|teampreview
|
|t:|1769320810
|teamsize|p1|6
|teamsize|p2|6
|start
|switch|p1a: Darude|Tyranitar, M|100/100
|switch|p2a: Stitch|Sableye, M|100/100
|-weather|Sandstorm|[from] ability: Sand Stream|[of] p1a: Darude
|turn|1
|
|t:|1769320821
|move|p2a: Stitch|Sunny Day|p2a: Stitch
|-weather|SunnyDay
|move|p1a: Darude|Thunder Wave|p2a: Stitch
|-status|p2a: Stitch|par
|
|-weather|SunnyDay|[upkeep]
|upkeep
|turn|2
|
|t:|1769320829
|switch|p2a: BruteRoot|Venusaur, F|100/100
|move|p1a: Darude|Knock Off|p2a: BruteRoot
|-damage|p2a: BruteRoot|40/100
|-enditem|p2a: BruteRoot|Life Orb|[from] move: Knock Off|[of] p1a: Darude
|
|-weather|SunnyDay|[upkeep]
|upkeep
|turn|3
|
|t:|1769320839
|switch|p1a: Zapdos|Zapdos|100/100
|move|p2a: BruteRoot|Growth|p2a: BruteRoot
|-boost|p2a: BruteRoot|atk|2
|-boost|p2a: BruteRoot|spa|2
|
|-weather|SunnyDay|[upkeep]
|upkeep
|turn|4
|
|t:|1769320848
|switch|p1a: Darude|Tyranitar, M|100/100
|-weather|Sandstorm|[from] ability: Sand Stream|[of] p1a: Darude
|move|p2a: BruteRoot|Weather Ball|p1a: Darude
|-damage|p1a: Darude|76/100
|
|-weather|Sandstorm|[upkeep]
|-damage|p2a: BruteRoot|34/100|[from] Sandstorm
|-heal|p1a: Darude|82/100|[from] item: Leftovers
|upkeep
|turn|5
|
|t:|1769320856
|switch|p2a: Mozilla|Ninetales, F, shiny|100/100
|-weather|SunnyDay|[from] ability: Drought|[of] p2a: Mozilla
|move|p1a: Darude|Ice Beam|p2a: Mozilla
|-resisted|p2a: Mozilla
|-damage|p2a: Mozilla|88/100
|
|-weather|SunnyDay|[upkeep]
|-heal|p1a: Darude|89/100|[from] item: Leftovers
|upkeep
|turn|6
|
|t:|1769320864
|switch|p1a: Zapdos|Zapdos|100/100
|move|p2a: Mozilla|Encore||[still]
|-fail|p2a: Mozilla
|
|-weather|SunnyDay|[upkeep]
|upkeep
|turn|7
|
|t:|1769320869
|switch|p2a: Chris P|Emboar, M, shiny|100/100
|move|p1a: Zapdos|U-turn|p2a: Chris P
|-resisted|p2a: Chris P
|-damage|p2a: Chris P|96/100
|
|t:|1769320875
|switch|p1a: Garchomp|Garchomp, F|100/100|[from] U-turn
|
|-weather|SunnyDay|[upkeep]
|upkeep
|turn|8
|
|t:|1769320881
|-terastallize|p2a: Chris P|Fire
|move|p2a: Chris P|Flare Blitz|p1a: Garchomp
|-resisted|p1a: Garchomp
|-damage|p1a: Garchomp|55/100
|-damage|p2a: Chris P|83/100|[from] ability: Rough Skin|[of] p1a: Garchomp
|-damage|p2a: Chris P|67/100|[from] item: Rocky Helmet|[of] p1a: Garchomp
|-damage|p2a: Chris P|49/100|[from] Recoil
|move|p1a: Garchomp|Spikes|p2a: Chris P
|-sidestart|p2: nahuel1234567|Spikes
|
|-weather|SunnyDay|[upkeep]
|upkeep
|turn|9
|
|t:|1769320894
|move|p2a: Chris P|Flare Blitz|p1a: Garchomp
|-resisted|p1a: Garchomp
|-damage|p1a: Garchomp|12/100
|-damage|p2a: Chris P|37/100|[from] ability: Rough Skin|[of] p1a: Garchomp
|-damage|p2a: Chris P|20/100|[from] item: Rocky Helmet|[of] p1a: Garchomp
|-damage|p2a: Chris P|4/100|[from] Recoil
|move|p1a: Garchomp|Earthquake|p2a: Chris P
|-supereffective|p2a: Chris P
|-crit|p2a: Chris P
|-damage|p2a: Chris P|0 fnt
|faint|p2a: Chris P
|
|-weather|SunnyDay|[upkeep]
|upkeep
|-message|nahuel1234567 forfeited.
|
|win|ballzak35
|raw|ballzak35's rating: 1154 &rarr; <strong>1181</strong><br />(+27 for winning)
|raw|nahuel1234567's rating: 1179 &rarr; <strong>1152</strong><br />(-27 for losing)
|l|☆nahuel1234567
|player|p2|
|l|☆ballzak35
|player|p1|
