|j|☆Cupid's Curse
|j|☆chefivan
|t:|1769317431
|gametype|singles
|player|p1|Cupid's Curse|sabrina-lgpe|1531
|player|p2|chefivan|169|1546
|gen|9
|tier|[Gen 9] OU
|rated|
|rule|HP Percentage Mod: HP is shown in percentages
|rule|Endless Battle Clause: Forcing endless battles is banned
|rule|Species Clause: Limit one of each Pokémon
|rule|OHKO Clause: OHKO moves are banned
|rule|Evasion Items Clause: Evasion items are banned
|rule|Evasion Moves Clause: Evasion moves are banned
|rule|Evasion Abilities Clause: Evasion abilities are banned
|rule|Sleep Moves Clause: Sleep-inducing moves are banned
|clearpoke
|poke|p1|Ninetales-Alola, F|
|poke|p1|Iron Hands|
|poke|p1|Slowking-Galar, F|
|poke|p1|Kyurem|
|poke|p1|Cinderace, F|
|poke|p1|Dragonite, F|
|poke|p2|Hydrapple, F|
|poke|p2|Iron Crown|
|poke|p2|Cinderace, F|
|poke|p2|Gliscor, F|
|poke|p2|Dondozo, F|
|poke|p2|Weavile, F|
|teampreview
|
|t:|1769317439
|teamsize|p1|6
|teamsize|p2|6
|start
|switch|p1a: Ninetales|Ninetales-Alola, F|100/100
|switch|p2a: Iron Crown|Iron Crown|100/100
|-weather|Snowscape|[from] ability: Snow Warning|[of] p1a: Ninetales
|turn|1
|
|t:|1769317442
|switch|p1a: Slowking|Slowking-Galar, F|100/100
|move|p2a: Iron Crown|Tachyon Cutter|p1a: Slowking
|-damage|p1a: Slowking|83/100
|-damage|p1a: Slowking|65/100
|-hitcount|p1a: Slowking|2
|
|-weather|Snowscape|[upkeep]
|upkeep
|turn|2
|
|t:|1769317448
|move|p2a: Iron Crown|Psychic Noise|p1a: Slowking
|-damage|p1a: Slowking|38/100
|-start|p1a: Slowking|move: Heal Block
|move|p1a: Slowking|Thunder Wave|p2a: Iron Crown
|-status|p2a: Iron Crown|par
|
|-weather|Snowscape|[upkeep]
|upkeep
|turn|3
|
|t:|1769317460
|move|p2a: Iron Crown|Volt Switch|p1a: Slowking
|-damage|p1a: Slowking|22/100
|
|t:|1769317490
|-end|p2a: Iron Crown|Quark Drive|[silent]
|switch|p2a: Cinderace|Cinderace, F|100/100|[from] Volt Switch
|-prepare|p1a: Slowking|Chilly Reception|[premajor]
|move|p1a: Slowking|Chilly Reception|p1a: Slowking
|
|t:|1769317506
|switch|p1a: Kyurem|Kyurem|100/100|[from] Chilly Reception
|-ability|p1a: Kyurem|Pressure
|
|-weather|Snowscape|[upkeep]
|upkeep
|turn|4
|j| Samurajen
|
|t:|1769317514
|move|p2a: Cinderace|Will-O-Wisp|p1a: Kyurem
|-status|p1a: Kyurem|brn
|move|p1a: Kyurem|Earth Power|p2a: Cinderace
|-supereffective|p2a: Cinderace
|-damage|p2a: Cinderace|0 fnt
|faint|p2a: Cinderace
|
|-weather|Snowscape|[upkeep]
|-damage|p1a: Kyurem|94/100 brn|[from] brn
|upkeep
|
|t:|1769317523
|switch|p2a: Iron Crown|Iron Crown|100/100 par
|turn|5
|inactive|Battle timer is ON: inactive players will automatically lose when time's up. (requested by chefivan)
|inactive|Cupid's Curse has 120 seconds left.
|inactive|Cupid's Curse has 90 seconds left.
|
|t:|1769317656
|switch|p1a: Cinderace|Cinderace, F|100/100
|cant|p2a: Iron Crown|par
|
|-weather|none
|upkeep
|turn|6
|
|t:|1769317660
|-end|p2a: Iron Crown|Quark Drive|[silent]
|switch|p2a: Gliscor|Gliscor, F|100/100
|move|p1a: Cinderace|Pyro Ball|p2a: Gliscor|[miss]
|-miss|p1a: Cinderace|p2a: Gliscor
|
|-status|p2a: Gliscor|tox|[from] item: Toxic Orb
|upkeep
|turn|7
|
|t:|1769317673
|switch|p1a: Ninetales|Ninetales-Alola, F|100/100
|-weather|Snowscape|[from] ability: Snow Warning|[of] p1a: Ninetales
|move|p2a: Gliscor|Toxic|p1a: Ninetales
|-status|p1a: Ninetales|tox
|
|-weather|Snowscape|[upkeep]
|-damage|p1a: Ninetales|94/100 tox|[from] psn
|upkeep
|turn|8
|
|t:|1769317695
|switch|p2a: Iron Crown|Iron Crown|100/100 par
|move|p1a: Ninetales|Aurora Veil|p1a: Ninetales
|-sidestart|p1: Cupid's Curse|move: Aurora Veil
|
|-weather|Snowscape|[upkeep]
|-damage|p1a: Ninetales|82/100 tox|[from] psn
|upkeep
|turn|9
|
|t:|1769317705
|switch|p1a: Cinderace|Cinderace, F|100/100
|move|p2a: Iron Crown|Tachyon Cutter|p1a: Cinderace
|-resisted|p1a: Cinderace
|-damage|p1a: Cinderace|92/100
|-resisted|p1a: Cinderace
|-damage|p1a: Cinderace|83/100
|-hitcount|p1a: Cinderace|2
|
|-weather|Snowscape|[upkeep]
|upkeep
|turn|10
|
|t:|1769317718
|-end|p2a: Iron Crown|Quark Drive|[silent]
|switch|p2a: Gliscor|Gliscor, F|100/100 tox
|move|p1a: Cinderace|U-turn|p2a: Gliscor
|-start|p1a: Cinderace|typechange|Bug|[from] ability: Libero
|-resisted|p2a: Gliscor
|-damage|p2a: Gliscor|87/100 tox
|inactive|Cupid's Curse has 120 seconds left.
|
|t:|1769317764
|switch|p1a: Kyurem|Kyurem|94/100 brn|[from] U-turn
|-ability|p1a: Kyurem|Pressure
|
|-weather|Snowscape|[upkeep]
|-heal|p2a: Gliscor|99/100 tox|[from] ability: Poison Heal
|-damage|p1a: Kyurem|88/100 brn|[from] brn
|upkeep
|turn|11
|inactive|Cupid's Curse has 90 seconds left.
|inactive|chefivan has 120 seconds left.
|
|t:|1769317816
|move|p2a: Gliscor|Protect|p2a: Gliscor
|-singleturn|p2a: Gliscor|Protect
|move|p1a: Kyurem|Blizzard|p2a: Gliscor
|-activate|p2a: Gliscor|move: Protect
|
|-weather|none
|-heal|p2a: Gliscor|100/100 tox|[from] ability: Poison Heal
|-damage|p1a: Kyurem|82/100 brn|[from] brn
|upkeep
|turn|12
|
|t:|1769317822
|switch|p1a: Ninetales|Ninetales-Alola, F|82/100 tox
|-weather|Snowscape|[from] ability: Snow Warning|[of] p1a: Ninetales
|switch|p2a: Iron Crown|Iron Crown|100/100 par
|
|-weather|Snowscape|[upkeep]
|-damage|p1a: Ninetales|76/100 tox|[from] psn
|upkeep
|turn|13
|
|t:|1769317836
|switch|p1a: Iron Hands|Iron Hands|100/100
|move|p2a: Iron Crown|Volt Switch|p1a: Iron Hands
|-resisted|p1a: Iron Hands
|-damage|p1a: Iron Hands|95/100
|
|t:|1769317840
|-end|p2a: Iron Crown|Quark Drive|[silent]
|switch|p2a: Gliscor|Gliscor, F|100/100 tox|[from] Volt Switch
|
|-weather|Snowscape|[upkeep]
|-heal|p1a: Iron Hands|100/100|[from] item: Leftovers
|upkeep
|turn|14
|
|t:|1769317859
|-end|p1a: Iron Hands|Quark Drive|[silent]
|switch|p1a: Slowking|Slowking-Galar, F|55/100
|move|p2a: Gliscor|Toxic|p1a: Slowking|[miss]
|-miss|p2a: Gliscor|p1a: Slowking
|
|-weather|Snowscape|[upkeep]
|upkeep
|turn|15
|
|t:|1769317864
|move|p2a: Gliscor|Earthquake|p1a: Slowking
|-supereffective|p1a: Slowking
|-damage|p1a: Slowking|29/100
|move|p1a: Slowking|Future Sight|p2a: Gliscor
|-start|p1a: Slowking|move: Future Sight
|
|-weather|Snowscape|[upkeep]
|-sideend|p1: Cupid's Curse|move: Aurora Veil
|upkeep
|turn|16
|inactive|Cupid's Curse has 90 seconds left.
|
|t:|1769317874
|switch|p1a: Kyurem|Kyurem|82/100 brn
|-ability|p1a: Kyurem|Pressure
|move|p2a: Gliscor|U-turn|p1a: Kyurem
|-damage|p1a: Kyurem|72/100 brn
|
|t:|1769317877
|switch|p2a: Weavile|Weavile, F|100/100|[from] U-turn
|-ability|p2a: Weavile|Pressure
|
|-weather|none
|-damage|p1a: Kyurem|66/100 brn|[from] brn
|upkeep
|turn|17
|
|t:|1769317884
|switch|p1a: Ninetales|Ninetales-Alola, F|76/100 tox
|-weather|Snowscape|[from] ability: Snow Warning|[of] p1a: Ninetales
|move|p2a: Weavile|Triple Axel|p1a: Ninetales|[miss]
|-miss|p2a: Weavile|p1a: Ninetales
|
|-weather|Snowscape|[upkeep]
|-end|p2a: Weavile|move: Future Sight
|-immune|p2a: Weavile
|-damage|p1a: Ninetales|70/100 tox|[from] psn
|upkeep
|turn|18
|
|t:|1769317897
|move|p2a: Weavile|Triple Axel|p1a: Ninetales
|-resisted|p1a: Ninetales
|-damage|p1a: Ninetales|65/100 tox
|-resisted|p1a: Ninetales
|-damage|p1a: Ninetales|52/100 tox
|-resisted|p1a: Ninetales
|-damage|p1a: Ninetales|32/100 tox
|-hitcount|p1a: Ninetales|3
|move|p1a: Ninetales|Aurora Veil|p1a: Ninetales
|-sidestart|p1: Cupid's Curse|move: Aurora Veil
|
|-weather|Snowscape|[upkeep]
|-damage|p1a: Ninetales|20/100 tox|[from] psn
|upkeep
|turn|19
|
|t:|1769317906
|switch|p2a: Iron Crown|Iron Crown|100/100 par
|switch|p1a: Iron Hands|Iron Hands|100/100
|
|-weather|Snowscape|[upkeep]
|upkeep
|turn|20
|
|t:|1769317912
|move|p2a: Iron Crown|Psychic Noise|p1a: Iron Hands
|-supereffective|p1a: Iron Hands
|-damage|p1a: Iron Hands|68/100
|-start|p1a: Iron Hands|move: Heal Block
|move|p1a: Iron Hands|Swords Dance|p1a: Iron Hands
|-boost|p1a: Iron Hands|atk|2
|
|-weather|Snowscape|[upkeep]
|upkeep
|turn|21
|inactive|Cupid's Curse has 120 seconds left.
|
|t:|1769317921
|cant|p2a: Iron Crown|par
|move|p1a: Iron Hands|Supercell Slam|p2a: Iron Crown
|-damage|p2a: Iron Crown|0 fnt
|faint|p2a: Iron Crown
|-end|p2a: Iron Crown|Quark Drive|[silent]
|
|-weather|none
|-end|p1a: Iron Hands|move: Heal Block
|upkeep
|
|t:|1769317932
|switch|p2a: Gliscor|Gliscor, F|100/100 tox
|turn|22
|inactive|Cupid's Curse has 120 seconds left.
|inactive|chefivan has 120 seconds left.
|
|t:|1769317971
|-end|p1a: Iron Hands|Quark Drive|[silent]
|switch|p1a: Slowking|Slowking-Galar, F|63/100
|move|p2a: Gliscor|Toxic|p1a: Slowking|[miss]
|-miss|p2a: Gliscor|p1a: Slowking
|
|upkeep
|turn|23
|inactive|Cupid's Curse has 120 seconds left.
|
|t:|1769317987
|move|p2a: Gliscor|Earthquake|p1a: Slowking
|-supereffective|p1a: Slowking
|-crit|p1a: Slowking
|-damage|p1a: Slowking|0 fnt
|faint|p1a: Slowking
|
|upkeep
|
|t:|1769318007
|switch|p1a: Kyurem|Kyurem|66/100 brn
|-ability|p1a: Kyurem|Pressure
|turn|24
|
|t:|1769318015
|move|p2a: Gliscor|Protect|p2a: Gliscor
|-singleturn|p2a: Gliscor|Protect
|move|p1a: Kyurem|Freeze-Dry|p2a: Gliscor
|-activate|p2a: Gliscor|move: Protect
|
|-damage|p1a: Kyurem|60/100 brn|[from] brn
|upkeep
|turn|25
|
|t:|1769318033
|switch|p1a: Iron Hands|Iron Hands|68/100
|switch|p2a: Weavile|Weavile, F|100/100
|-ability|p2a: Weavile|Pressure
|
|-heal|p1a: Iron Hands|74/100|[from] item: Leftovers
|-sideend|p1: Cupid's Curse|move: Aurora Veil
|upkeep
|turn|26
|inactive|Cupid's Curse has 120 seconds left.
|
|t:|1769318042
|-terastallize|p2a: Weavile|Ice
|move|p2a: Weavile|Triple Axel|p1a: Iron Hands|[miss]
|-miss|p2a: Weavile|p1a: Iron Hands
|move|p1a: Iron Hands|Swords Dance|p1a: Iron Hands
|-boost|p1a: Iron Hands|atk|2
|
|-heal|p1a: Iron Hands|80/100|[from] item: Leftovers
|upkeep
|turn|27
|
|t:|1769318047
|move|p2a: Weavile|Triple Axel|p1a: Iron Hands
|-damage|p1a: Iron Hands|67/100
|-damage|p1a: Iron Hands|43/100
|-hitcount|p1a: Iron Hands|2
|move|p1a: Iron Hands|Drain Punch|p2a: Weavile
|-supereffective|p2a: Weavile
|-damage|p2a: Weavile|0 fnt
|-heal|p1a: Iron Hands|71/100|[from] drain|[of] p2a: Weavile
|faint|p2a: Weavile
|
|-heal|p1a: Iron Hands|77/100|[from] item: Leftovers
|upkeep
|-message|chefivan forfeited.
|
|win|Cupid's Curse
|raw|Cupid&apos;s Curse's rating: 1531 &rarr; <strong>1552</strong><br />(+21 for winning)
|raw|chefivan's rating: 1546 &rarr; <strong>1525</strong><br />(-21 for losing)
|l|☆chefivan
|player|p2|
|l|☆Cupid's Curse
|player|p1|
