|j|☆Litagotlightning
|j|☆spdvn
|t:|1769324888
|gametype|singles
|player|p1|Litagotlightning|170|1306
|player|p2|spdvn|pokekid|1295
|gen|9
|tier|[Gen 9] OU
|rated|
|rule|HP Percentage Mod: HP is shown in percentages
|rule|Endless Battle Clause: Forcing endless battles is banned
|rule|Species Clause: Limit one of each Pokémon
|rule|OHKO Clause: OHKO moves are banned
|rule|Evasion Items Clause: Evasion items are banned
|rule|Evasion Moves Clause: Evasion moves are banned
|rule|Evasion Abilities Clause: Evasion abilities are banned
|rule|Sleep Moves Clause: Sleep-inducing moves are banned
|clearpoke
|poke|p1|Dragonite, F|
|poke|p1|Samurott-Hisui, F|
|poke|p1|Clefable, F|
|poke|p1|Iron Moth|
|poke|p1|Gholdengo|
|poke|p1|Great Tusk|
|poke|p2|Glimmora, F|
|poke|p2|Magnezone|
|poke|p2|Dachsbun, M|
|poke|p2|Typhlosion-Hisui, M|
|poke|p2|Lycanroc-Dusk, M|
|poke|p2|Meowscarada, M|
|teampreview
|
|t:|1769324896
|teamsize|p1|6
|teamsize|p2|6
|start
|switch|p1a: Samurott|Samurott-Hisui, F|100/100
|switch|p2a: Magnezone|Magnezone|100/100
|turn|1
|
|t:|1769324915
|switch|p1a: Great Tusk|Great Tusk|100/100
|move|p2a: Magnezone|Volt Switch|p1a: Great Tusk
|-immune|p1a: Great Tusk
|
|upkeep
|turn|2
|
|t:|1769324925
|-terastallize|p2a: Magnezone|Ice
|move|p2a: Magnezone|Tera Blast|p1a: Great Tusk|[anim] Tera Blast Ice
|-supereffective|p1a: Great Tusk
|-damage|p1a: Great Tusk|0 fnt
|faint|p1a: Great Tusk
|-end|p1a: Great Tusk|Protosynthesis|[silent]
|
|upkeep
|
|t:|1769324937
|switch|p1a: Gholdengo|Gholdengo|100/100
|turn|3
|
|t:|1769324953
|move|p1a: Gholdengo|Make It Rain|p2a: Magnezone
|-supereffective|p2a: Magnezone
|-ability|p2a: Magnezone|Sturdy
|-damage|p2a: Magnezone|1/100
|-unboost|p1a: Gholdengo|spa|1
|move|p2a: Magnezone|Volt Switch|p1a: Gholdengo
|-damage|p1a: Gholdengo|55/100
|
|t:|1769324964
|switch|p2a: Typhlosion|Typhlosion-Hisui, M|100/100|[from] Volt Switch
|
|upkeep
|turn|4
|
|t:|1769324973
|switch|p1a: Clefable|Clefable, F|100/100
|move|p2a: Typhlosion|Shadow Ball|p1a: Clefable
|-damage|p1a: Clefable|69/100
|
|upkeep
|turn|5
|
|t:|1769324984
|switch|p2a: Magnezone|Magnezone, tera:Ice|1/100
|move|p1a: Clefable|Knock Off|p2a: Magnezone
|-damage|p2a: Magnezone|0 fnt
|-enditem|p2a: Magnezone|Assault Vest|[from] move: Knock Off|[of] p1a: Clefable
|faint|p2a: Magnezone
|
|upkeep
|inactive|Battle timer is ON: inactive players will automatically lose when time's up. (requested by Litagotlightning)
|
|t:|1769325010
|switch|p2a: Glimmora|Glimmora, F|100/100
|-item|p2a: Glimmora|Air Balloon
|turn|6
|
|t:|1769325021
|move|p2a: Glimmora|Stealth Rock|p1a: Clefable
|-sidestart|p1: Litagotlightning|move: Stealth Rock
|move|p1a: Clefable|Moonblast|p2a: Glimmora
|-resisted|p2a: Glimmora
|-damage|p2a: Glimmora|75/100
|-enditem|p2a: Glimmora|Air Balloon
|
|upkeep
|turn|7
|
|t:|1769325039
|move|p2a: Glimmora|Earth Power|p1a: Clefable
|-damage|p1a: Clefable|47/100
|move|p1a: Clefable|Moonblast|p2a: Glimmora
|-resisted|p2a: Glimmora
|-damage|p2a: Glimmora|50/100
|
|upkeep
|turn|8
|
|t:|1769325046
|move|p2a: Glimmora|Sludge Wave|p1a: Clefable
|-supereffective|p1a: Clefable
|-damage|p1a: Clefable|0 fnt
|faint|p1a: Clefable
|
|upkeep
|
|t:|1769325055
|switch|p1a: Gholdengo|Gholdengo|55/100
|-damage|p1a: Gholdengo|49/100|[from] Stealth Rock
|turn|9
|
|t:|1769325060
|move|p1a: Gholdengo|Make It Rain|p2a: Glimmora
|-supereffective|p2a: Glimmora
|-damage|p2a: Glimmora|0 fnt
|-unboost|p1a: Gholdengo|spa|1
|faint|p2a: Glimmora
|
|upkeep
|
|t:|1769325073
|switch|p2a: Meowscarada|Meowscarada, M|100/100
|turn|10
|
|t:|1769325084
|switch|p1a: Iron Moth|Iron Moth|100/100
|-damage|p1a: Iron Moth|76/100|[from] Stealth Rock
|-enditem|p1a: Iron Moth|Booster Energy
|-activate|p1a: Iron Moth|ability: Quark Drive|[fromitem]
|-start|p1a: Iron Moth|quarkdrivespe
|move|p2a: Meowscarada|Knock Off|p1a: Iron Moth
|-start|p2a: Meowscarada|typechange|Dark|[from] ability: Protean
|-damage|p1a: Iron Moth|24/100
|
|upkeep
|turn|11
|
|t:|1769325098
|move|p2a: Meowscarada|Knock Off|p1a: Iron Moth
|-damage|p1a: Iron Moth|0 fnt
|faint|p1a: Iron Moth
|-end|p1a: Iron Moth|Quark Drive|[silent]
|
|upkeep
|
|t:|1769325104
|switch|p1a: Dragonite|Dragonite, F|100/100
|turn|12
|inactive|spdvn has 120 seconds left.
|
|t:|1769325141
|move|p2a: Meowscarada|Knock Off|p1a: Dragonite
|-damage|p1a: Dragonite|79/100
|-enditem|p1a: Dragonite|Heavy-Duty Boots|[from] move: Knock Off|[of] p2a: Meowscarada
|move|p1a: Dragonite|Dragon Dance|p1a: Dragonite
|-boost|p1a: Dragonite|atk|1
|-boost|p1a: Dragonite|spe|1
|
|upkeep
|turn|13
|inactive|spdvn has 120 seconds left.
|
|t:|1769325157
|switch|p2a: Dachsbun|Dachsbun, M|100/100
|move|p1a: Dragonite|Dragon Dance|p1a: Dragonite
|-boost|p1a: Dragonite|atk|1
|-boost|p1a: Dragonite|spe|1
|
|upkeep
|turn|14
|
|t:|1769325167
|-terastallize|p1a: Dragonite|Normal
|move|p1a: Dragonite|Roost|p1a: Dragonite
|-heal|p1a: Dragonite|100/100
|move|p2a: Dachsbun|Play Rough|p1a: Dragonite
|-damage|p1a: Dragonite|86/100
|-unboost|p1a: Dragonite|atk|1
|
|upkeep
|turn|15
|inactive|spdvn has 120 seconds left.
|
|t:|1769325177
|move|p1a: Dragonite|Extreme Speed|p2a: Dachsbun
|-damage|p2a: Dachsbun|37/100
|move|p2a: Dachsbun|Body Press|p1a: Dragonite
|-supereffective|p1a: Dragonite
|-damage|p1a: Dragonite|43/100
|
|-heal|p2a: Dachsbun|43/100|[from] item: Leftovers
|upkeep
|turn|16
|
|t:|1769325188
|move|p2a: Dachsbun|Protect|p2a: Dachsbun
|-singleturn|p2a: Dachsbun|Protect
|move|p1a: Dragonite|Roost|p1a: Dragonite
|-heal|p1a: Dragonite|93/100
|
|-heal|p2a: Dachsbun|49/100|[from] item: Leftovers
|upkeep
|turn|17
|
|t:|1769325197
|move|p1a: Dragonite|Extreme Speed|p2a: Dachsbun
|-damage|p2a: Dachsbun|0 fnt
|faint|p2a: Dachsbun
|
|upkeep
|
|t:|1769325204
|switch|p2a: Lycanroc|Lycanroc-Dusk, M|100/100
|turn|18
|
|t:|1769325209
|move|p1a: Dragonite|Roost|p1a: Dragonite
|-heal|p1a: Dragonite|100/100
|move|p2a: Lycanroc|Close Combat|p1a: Dragonite
|-supereffective|p1a: Dragonite
|-damage|p1a: Dragonite|46/100
|-unboost|p2a: Lycanroc|def|1
|-unboost|p2a: Lycanroc|spd|1
|
|upkeep
|turn|19
|
|t:|1769325219
|move|p1a: Dragonite|Earthquake|p2a: Lycanroc
|-supereffective|p2a: Lycanroc
|-enditem|p2a: Lycanroc|Focus Sash
|-damage|p2a: Lycanroc|1/100
|move|p2a: Lycanroc|Close Combat|p1a: Dragonite
|-supereffective|p1a: Dragonite
|-damage|p1a: Dragonite|0 fnt
|-unboost|p2a: Lycanroc|def|1
|-unboost|p2a: Lycanroc|spd|1
|faint|p1a: Dragonite
|
|upkeep
|
|t:|1769325224
|switch|p1a: Samurott|Samurott-Hisui, F|100/100
|-damage|p1a: Samurott|88/100|[from] Stealth Rock
|turn|20
|
|t:|1769325233
|move|p1a: Samurott|Sucker Punch|p2a: Lycanroc
|-damage|p2a: Lycanroc|0 fnt
|faint|p2a: Lycanroc
|
|upkeep
|
|t:|1769325245
|switch|p2a: Meowscarada|Meowscarada, M|100/100
|turn|21
|
|t:|1769325251
|move|p2a: Meowscarada|Trick|p1a: Samurott
|-start|p2a: Meowscarada|typechange|Psychic|[from] ability: Protean
|-activate|p2a: Meowscarada|move: Trick|[of] p1a: Samurott
|-item|p1a: Samurott|Choice Scarf|[from] move: Trick
|-item|p2a: Meowscarada|Assault Vest|[from] move: Trick
|move|p1a: Samurott|Knock Off|p2a: Meowscarada
|-supereffective|p2a: Meowscarada
|-damage|p2a: Meowscarada|0 fnt
|-enditem|p2a: Meowscarada|Assault Vest|[from] move: Knock Off|[of] p1a: Samurott
|faint|p2a: Meowscarada
|
|upkeep
|
|t:|1769325263
|switch|p2a: Typhlosion|Typhlosion-Hisui, M|100/100
|turn|22
|c|☆Litagotlightning|Insanely unlucky
|
|t:|1769325277
|move|p2a: Typhlosion|Eruption|p1a: Samurott
|-resisted|p1a: Samurott
|-damage|p1a: Samurott|40/100
|move|p1a: Samurott|Knock Off|p2a: Typhlosion
|-supereffective|p2a: Typhlosion
|-damage|p2a: Typhlosion|0 fnt
|-enditem|p2a: Typhlosion|Choice Scarf|[from] move: Knock Off|[of] p1a: Samurott
|faint|p2a: Typhlosion
|
|win|Litagotlightning
|raw|Litagotlightning's rating: 1306 &rarr; <strong>1325</strong><br />(+19 for winning)
|raw|spdvn's rating: 1295 &rarr; <strong>1271</strong><br />(-24 for losing)
|l|☆Litagotlightning
|player|p1|
