|j|☆davlard
|j|☆atharva9947
|t:|1769323142
|gametype|singles
|player|p1|davlard|hilbert|1267
|player|p2|atharva9947|n|1261
|gen|9
|tier|[Gen 9] OU
|rated|
|rule|HP Percentage Mod: HP is shown in percentages
|rule|Endless Battle Clause: Forcing endless battles is banned
|rule|Species Clause: Limit one of each Pokémon
|rule|OHKO Clause: OHKO moves are banned
|rule|Evasion Items Clause: Evasion items are banned
|rule|Evasion Moves Clause: Evasion moves are banned
|rule|Evasion Abilities Clause: Evasion abilities are banned
|rule|Sleep Moves Clause: Sleep-inducing moves are banned
|clearpoke
|poke|p1|Comfey, F|
|poke|p1|Tinkaton, F|
|poke|p1|Great Tusk|
|poke|p1|Rotom-Wash|
|poke|p1|Hydreigon, M|
|poke|p1|Rillaboom, M|
|poke|p2|Great Tusk|
|poke|p2|Gholdengo|
|poke|p2|Pecharunt|
|poke|p2|Alomomola, F|
|poke|p2|Samurott-Hisui, M|
|poke|p2|Moltres|
|teampreview
|
|t:|1769323160
|teamsize|p1|6
|teamsize|p2|6
|start
|switch|p1a: Great Tusk|Great Tusk|100/100
|switch|p2a: Moltres|Moltres|100/100
|turn|1
|
|t:|1769323167
|-end|p1a: Great Tusk|Protosynthesis|[silent]
|switch|p1a: Rotom|Rotom-Wash|100/100
|move|p2a: Moltres|Will-O-Wisp|p1a: Rotom
|-status|p1a: Rotom|brn
|
|-damage|p1a: Rotom|94/100 brn|[from] brn
|upkeep
|turn|2
|
|t:|1769323174
|switch|p2a: Alomomola|Alomomola, F|100/100
|move|p1a: Rotom|Hydro Pump|p2a: Alomomola|[miss]
|-miss|p1a: Rotom|p2a: Alomomola
|
|-heal|p1a: Rotom|100/100 brn|[from] item: Leftovers
|-damage|p1a: Rotom|94/100 brn|[from] brn
|upkeep
|turn|3
|
|t:|1769323183
|move|p1a: Rotom|Volt Switch|p2a: Alomomola
|-supereffective|p2a: Alomomola
|-damage|p2a: Alomomola|69/100
|
|t:|1769323187
|switch|p1a: Rillaboom|Rillaboom, M|100/100|[from] Volt Switch
|-fieldstart|move: Grassy Terrain|[from] ability: Grassy Surge|[of] p1a: Rillaboom
|move|p2a: Alomomola|Mirror Coat|p1a: Rillaboom
|-damage|p1a: Rillaboom|15/100
|
|-heal|p1a: Rillaboom|21/100|[from] Grassy Terrain
|-heal|p2a: Alomomola|75/100|[from] Grassy Terrain
|upkeep
|turn|4
|
|t:|1769323196
|switch|p2a: Pecharunt|Pecharunt|100/100
|move|p1a: Rillaboom|Grassy Glide|p2a: Pecharunt
|-resisted|p2a: Pecharunt
|-damage|p2a: Pecharunt|91/100
|-damage|p1a: Rillaboom|4/100|[from] item: Rocky Helmet|[of] p2a: Pecharunt
|
|-heal|p1a: Rillaboom|10/100|[from] Grassy Terrain
|-heal|p2a: Pecharunt|97/100|[from] Grassy Terrain
|upkeep
|turn|5
|
|t:|1769323208
|switch|p1a: Rotom|Rotom-Wash|94/100 brn
|move|p2a: Pecharunt|Shadow Ball|p1a: Rotom
|-damage|p1a: Rotom|70/100 brn
|-unboost|p1a: Rotom|spd|1
|
|-heal|p2a: Pecharunt|100/100|[from] Grassy Terrain
|-heal|p1a: Rotom|76/100 brn|[from] item: Leftovers
|-damage|p1a: Rotom|70/100 brn|[from] brn
|upkeep
|turn|6
|
|t:|1769323219
|move|p2a: Pecharunt|Parting Shot|p1a: Rotom
|-unboost|p1a: Rotom|atk|1
|-unboost|p1a: Rotom|spa|1
|
|t:|1769323223
|switch|p2a: Alomomola|Alomomola, F|100/100|[from] Parting Shot
|move|p1a: Rotom|Thunder Wave|p2a: Alomomola
|-status|p2a: Alomomola|par
|
|-heal|p1a: Rotom|76/100 brn|[from] item: Leftovers
|-damage|p1a: Rotom|70/100 brn|[from] brn
|upkeep
|turn|7
|
|t:|1769323235
|switch|p1a: Rillaboom|Rillaboom, M|10/100
|move|p2a: Alomomola|Flip Turn|p1a: Rillaboom
|-resisted|p1a: Rillaboom
|-damage|p1a: Rillaboom|3/100
|
|t:|1769323248
|switch|p2a: Great Tusk|Great Tusk|100/100|[from] Flip Turn
|
|-heal|p1a: Rillaboom|9/100|[from] Grassy Terrain
|upkeep
|turn|8
|
|t:|1769323258
|switch|p1a: Rotom|Rotom-Wash|70/100 brn
|move|p2a: Great Tusk|Rapid Spin|p1a: Rotom
|-damage|p1a: Rotom|53/100 brn
|-boost|p2a: Great Tusk|spe|1
|
|-heal|p1a: Rotom|60/100 brn|[from] item: Leftovers
|-damage|p1a: Rotom|53/100 brn|[from] brn
|upkeep
|turn|9
|
|t:|1769323268
|-end|p2a: Great Tusk|Protosynthesis|[silent]
|switch|p2a: Alomomola|Alomomola, F|100/100 par
|move|p1a: Rotom|Will-O-Wisp||[still]
|-fail|p1a: Rotom
|
|-heal|p1a: Rotom|60/100 brn|[from] item: Leftovers
|-damage|p1a: Rotom|53/100 brn|[from] brn
|upkeep
|turn|10
|
|t:|1769323275
|move|p1a: Rotom|Volt Switch|p2a: Alomomola
|-supereffective|p2a: Alomomola
|-damage|p2a: Alomomola|69/100 par
|
|t:|1769323287
|switch|p1a: Hydreigon|Hydreigon, M|100/100|[from] Volt Switch
|move|p2a: Alomomola|Body Slam|p1a: Hydreigon
|-damage|p1a: Hydreigon|83/100
|
|-heal|p2a: Alomomola|75/100 par|[from] Grassy Terrain
|-fieldend|move: Grassy Terrain
|upkeep
|turn|11
|
|t:|1769323304
|switch|p2a: Moltres|Moltres|100/100
|move|p1a: Hydreigon|Draco Meteor|p2a: Moltres
|-damage|p2a: Moltres|31/100
|-unboost|p1a: Hydreigon|spa|2
|
|upkeep
|turn|12
|
|t:|1769323311
|move|p1a: Hydreigon|Draco Meteor|p2a: Moltres|[miss]
|-miss|p1a: Hydreigon|p2a: Moltres
|move|p2a: Moltres|Roost|p2a: Moltres
|-heal|p2a: Moltres|81/100
|-singleturn|p2a: Moltres|move: Roost
|
|upkeep
|turn|13
|
|t:|1769323319
|switch|p1a: Rotom|Rotom-Wash|53/100 brn
|move|p2a: Moltres|Flamethrower|p1a: Rotom
|-resisted|p1a: Rotom
|-damage|p1a: Rotom|35/100 brn
|
|-heal|p1a: Rotom|41/100 brn|[from] item: Leftovers
|-damage|p1a: Rotom|35/100 brn|[from] brn
|upkeep
|turn|14
|
|t:|1769323334
|move|p2a: Moltres|Roost|p2a: Moltres
|-heal|p2a: Moltres|100/100
|-singleturn|p2a: Moltres|move: Roost
|move|p1a: Rotom|Volt Switch|p2a: Moltres
|-damage|p2a: Moltres|82/100
|
|t:|1769323340
|switch|p1a: Hydreigon|Hydreigon, M|83/100|[from] Volt Switch
|
|upkeep
|turn|15
|
|t:|1769323353
|switch|p2a: Gholdengo|Gholdengo|100/100
|move|p1a: Hydreigon|Draco Meteor|p2a: Gholdengo
|-resisted|p2a: Gholdengo
|-damage|p2a: Gholdengo|50/100
|-unboost|p1a: Hydreigon|spa|2
|
|-heal|p2a: Gholdengo|56/100|[from] item: Leftovers
|upkeep
|turn|16
|
|t:|1769323362
|switch|p1a: Tinkaton|Tinkaton, F, shiny|100/100
|-item|p1a: Tinkaton|Air Balloon
|move|p2a: Gholdengo|Shadow Ball|p1a: Tinkaton
|-damage|p1a: Tinkaton|51/100
|-enditem|p1a: Tinkaton|Air Balloon
|
|-heal|p2a: Gholdengo|62/100|[from] item: Leftovers
|upkeep
|turn|17
|
|t:|1769323374
|switch|p2a: Moltres|Moltres|82/100
|move|p1a: Tinkaton|Stealth Rock|p2a: Moltres
|-sidestart|p2: atharva9947|move: Stealth Rock
|
|upkeep
|turn|18
|
|t:|1769323395
|switch|p1a: Hydreigon|Hydreigon, M|83/100
|switch|p2a: Samurott|Samurott-Hisui, M|100/100
|-damage|p2a: Samurott|88/100|[from] Stealth Rock
|
|upkeep
|turn|19
|
|t:|1769323407
|switch|p2a: Gholdengo|Gholdengo|62/100
|-damage|p2a: Gholdengo|56/100|[from] Stealth Rock
|move|p1a: Hydreigon|Draco Meteor|p2a: Gholdengo|[miss]
|-miss|p1a: Hydreigon|p2a: Gholdengo
|
|-heal|p2a: Gholdengo|62/100|[from] item: Leftovers
|upkeep
|turn|20
|
|t:|1769323419
|switch|p1a: Tinkaton|Tinkaton, F, shiny|51/100
|move|p2a: Gholdengo|Recover|p2a: Gholdengo
|-heal|p2a: Gholdengo|100/100
|
|upkeep
|turn|21
|
|t:|1769323426
|-terastallize|p2a: Gholdengo|Steel
|move|p1a: Tinkaton|Gigaton Hammer|p2a: Gholdengo
|-resisted|p2a: Gholdengo
|-damage|p2a: Gholdengo|74/100
|move|p2a: Gholdengo|Make It Rain|p1a: Tinkaton
|-damage|p1a: Tinkaton|0 fnt
|-unboost|p2a: Gholdengo|spa|1
|faint|p1a: Tinkaton
|
|-heal|p2a: Gholdengo|80/100|[from] item: Leftovers
|upkeep
|
|t:|1769323438
|switch|p1a: Hydreigon|Hydreigon, M|83/100
|turn|22
|
|t:|1769323457
|switch|p2a: Moltres|Moltres|82/100
|move|p1a: Hydreigon|Flamethrower|p2a: Moltres
|-resisted|p2a: Moltres
|-damage|p2a: Moltres|67/100
|
|upkeep
|turn|23
|
|t:|1769323466
|switch|p1a: Rotom|Rotom-Wash|35/100 brn
|move|p2a: Moltres|Flamethrower|p1a: Rotom
|-resisted|p1a: Rotom
|-damage|p1a: Rotom|16/100 brn
|
|-heal|p1a: Rotom|22/100 brn|[from] item: Leftovers
|-damage|p1a: Rotom|16/100 brn|[from] brn
|upkeep
|turn|24
|
|t:|1769323481
|move|p2a: Moltres|Flamethrower|p1a: Rotom
|-resisted|p1a: Rotom
|-damage|p1a: Rotom|0 fnt
|faint|p1a: Rotom
|
|upkeep
|
|t:|1769323486
|switch|p1a: Hydreigon|Hydreigon, M|83/100
|turn|25
|
|t:|1769323497
|move|p1a: Hydreigon|Dark Pulse|p2a: Moltres
|-damage|p2a: Moltres|22/100
|move|p2a: Moltres|Roost|p2a: Moltres
|-heal|p2a: Moltres|72/100
|-singleturn|p2a: Moltres|move: Roost
|
|upkeep
|turn|26
|
|t:|1769323504
|move|p1a: Hydreigon|Dark Pulse|p2a: Moltres
|-damage|p2a: Moltres|25/100
|move|p2a: Moltres|Flamethrower|p1a: Hydreigon
|-resisted|p1a: Hydreigon
|-damage|p1a: Hydreigon|60/100
|
|upkeep
|turn|27
|
|t:|1769323510
|move|p1a: Hydreigon|Dark Pulse|p2a: Moltres
|-damage|p2a: Moltres|0 fnt
|faint|p2a: Moltres
|
|upkeep
|
|t:|1769323515
|switch|p2a: Samurott|Samurott-Hisui, M|88/100
|-damage|p2a: Samurott|76/100|[from] Stealth Rock
|turn|28
|
|t:|1769323520
|switch|p1a: Rillaboom|Rillaboom, M|9/100
|-fieldstart|move: Grassy Terrain|[from] ability: Grassy Surge|[of] p1a: Rillaboom
|move|p2a: Samurott|Ceaseless Edge|p1a: Rillaboom
|-damage|p1a: Rillaboom|0 fnt
|-sidestart|p1: davlard|Spikes
|faint|p1a: Rillaboom
|
|-heal|p2a: Samurott|82/100|[from] Grassy Terrain
|upkeep
|
|t:|1769323533
|switch|p1a: Great Tusk|Great Tusk|100/100
|turn|29
|
|t:|1769323539
|move|p1a: Great Tusk|Headlong Rush|p2a: Samurott
|-damage|p2a: Samurott|3/100
|-unboost|p1a: Great Tusk|def|1
|-unboost|p1a: Great Tusk|spd|1
|move|p2a: Samurott|Flip Turn|p1a: Great Tusk
|-supereffective|p1a: Great Tusk
|-damage|p1a: Great Tusk|35/100
|
|t:|1769323549
|switch|p2a: Great Tusk|Great Tusk|100/100|[from] Flip Turn
|
|-heal|p1a: Great Tusk|41/100|[from] Grassy Terrain
|upkeep
|turn|30
|
|t:|1769323554
|move|p1a: Great Tusk|Ice Spinner|p2a: Great Tusk
|-supereffective|p2a: Great Tusk
|-damage|p2a: Great Tusk|60/100
|-fieldend|move: Grassy Terrain
|move|p2a: Great Tusk|Rapid Spin|p1a: Great Tusk
|-damage|p1a: Great Tusk|22/100
|-boost|p2a: Great Tusk|spe|1
|-sideend|p2: atharva9947|Stealth Rock|[from] move: Rapid Spin|[of] p2a: Great Tusk
|
|upkeep
|turn|31
|
|t:|1769323566
|move|p2a: Great Tusk|Ice Spinner|p1a: Great Tusk
|-supereffective|p1a: Great Tusk
|-damage|p1a: Great Tusk|0 fnt
|faint|p1a: Great Tusk
|-end|p1a: Great Tusk|Protosynthesis|[silent]
|
|upkeep
|
|t:|1769323572
|switch|p1a: Comfey|Comfey, F, shiny|100/100
|-damage|p1a: Comfey|88/100|[from] Spikes
|turn|32
|
|t:|1769323576
|move|p1a: Comfey|Draining Kiss|p2a: Great Tusk
|-supereffective|p2a: Great Tusk
|-damage|p2a: Great Tusk|0 fnt
|-heal|p1a: Comfey|100/100|[from] drain|[of] p2a: Great Tusk
|faint|p2a: Great Tusk
|-end|p2a: Great Tusk|Protosynthesis|[silent]
|
|upkeep
|
|t:|1769323581
|switch|p2a: Pecharunt|Pecharunt|100/100
|turn|33
|
|t:|1769323586
|-terastallize|p1a: Comfey|Poison
|move|p1a: Comfey|Calm Mind|p1a: Comfey
|-boost|p1a: Comfey|spa|1
|-boost|p1a: Comfey|spd|1
|move|p2a: Pecharunt|Malignant Chain|p1a: Comfey
|-resisted|p1a: Comfey
|-damage|p1a: Comfey|89/100
|
|upkeep
|turn|34
|
|t:|1769323596
|switch|p2a: Gholdengo|Gholdengo, tera:Steel|80/100
|move|p1a: Comfey|Calm Mind|p1a: Comfey
|-boost|p1a: Comfey|spa|1
|-boost|p1a: Comfey|spd|1
|
|-heal|p2a: Gholdengo|86/100|[from] item: Leftovers
|upkeep
|turn|35
|
|t:|1769323606
|move|p1a: Comfey|Stored Power|p2a: Gholdengo
|-resisted|p2a: Gholdengo
|-damage|p2a: Gholdengo|60/100
|move|p2a: Gholdengo|Nasty Plot|p2a: Gholdengo
|-boost|p2a: Gholdengo|spa|2
|
|-heal|p2a: Gholdengo|66/100|[from] item: Leftovers
|upkeep
|turn|36
|
|t:|1769323620
|switch|p1a: Hydreigon|Hydreigon, M|60/100
|move|p2a: Gholdengo|Recover|p2a: Gholdengo
|-heal|p2a: Gholdengo|100/100
|
|upkeep
|turn|37
|
|t:|1769323625
|move|p1a: Hydreigon|Flamethrower|p2a: Gholdengo
|-supereffective|p2a: Gholdengo
|-damage|p2a: Gholdengo|15/100
|-status|p2a: Gholdengo|brn
|move|p2a: Gholdengo|Make It Rain|p1a: Hydreigon
|-damage|p1a: Hydreigon|0 fnt
|-unboost|p2a: Gholdengo|spa|1
|faint|p1a: Hydreigon
|
|-heal|p2a: Gholdengo|21/100 brn|[from] item: Leftovers
|-damage|p2a: Gholdengo|15/100 brn|[from] brn
|upkeep
|
|t:|1769323636
|switch|p1a: Comfey|Comfey, F, shiny, tera:Poison|89/100
|-damage|p1a: Comfey|77/100|[from] Spikes
|turn|38
|
|t:|1769323640
|move|p1a: Comfey|Calm Mind|p1a: Comfey
|-boost|p1a: Comfey|spa|1
|-boost|p1a: Comfey|spd|1
|move|p2a: Gholdengo|Make It Rain|p1a: Comfey
|-damage|p1a: Comfey|0 fnt
|-unboost|p2a: Gholdengo|spa|1
|faint|p1a: Comfey
|
|win|atharva9947
|raw|davlard's rating: 1267 &rarr; <strong>1242</strong><br />(-25 for losing)
|raw|atharva9947's rating: 1261 &rarr; <strong>1286</strong><br />(+25 for winning)
|l|☆davlard
|player|p1|
|l|☆atharva9947
|player|p2|
