|j|☆Spekulatiuskekse
|j|☆Luisao
|t:|1769351157
|gametype|singles
|player|p1|Spekulatiuskekse|waiter-gen4|1488
|player|p2|Luisao|169|1489
|gen|9
|tier|[Gen 9] OU
|rated|
|rule|HP Percentage Mod: HP is shown in percentages
|rule|Endless Battle Clause: Forcing endless battles is banned
|rule|Species Clause: Limit one of each Pokémon
|rule|OHKO Clause: OHKO moves are banned
|rule|Evasion Items Clause: Evasion items are banned
|rule|Evasion Moves Clause: Evasion moves are banned
|rule|Evasion Abilities Clause: Evasion abilities are banned
|rule|Sleep Moves Clause: Sleep-inducing moves are banned
|clearpoke
|poke|p1|Rillaboom, F|
|poke|p1|Ninetales-Alola, F|
|poke|p1|Kyurem|
|poke|p1|Ceruledge, F|
|poke|p1|Great Tusk|
|poke|p1|Glimmora, F|
|poke|p2|Dragonite, M|
|poke|p2|Serperior, F|
|poke|p2|Donphan, M|
|poke|p2|Medicham, M|
|poke|p2|Scizor, M|
|poke|p2|Gengar, M|
|teampreview
|inactive|Battle timer is ON: inactive players will automatically lose when time's up. (requested by Luisao)
|
|t:|1769351181
|teamsize|p1|6
|teamsize|p2|6
|start
|switch|p1a: Glimmora|Glimmora, F, shiny|100/100
|switch|p2a: Medicham|Medicham, M, shiny|100/100
|turn|1
|
|t:|1769351195
|-terastallize|p1a: Glimmora|Dark
|move|p2a: Medicham|Fake Out|p1a: Glimmora
|-damage|p1a: Glimmora|69/100
|-activate|p1a: Glimmora|ability: Toxic Debris
|-sidestart|p2: Luisao|move: Toxic Spikes
|-damage|p2a: Medicham|91/100|[from] item: Life Orb
|cant|p1a: Glimmora|flinch
|
|upkeep
|turn|2
|
|t:|1769351208
|switch|p1a: Ceruledge|Ceruledge, F, shiny|100/100
|move|p2a: Medicham|High Jump Kick|p1a: Ceruledge
|-immune|p1a: Ceruledge
|-damage|p2a: Medicham|41/100|[from] highjumpkick
|
|upkeep
|turn|3
|
|t:|1769351216
|switch|p2a: Gengar|Gengar, M, shiny|100/100
|-sideend|p2: Luisao|move: Toxic Spikes|[of] p2a: Gengar
|move|p1a: Ceruledge|Swords Dance|p1a: Ceruledge
|-boost|p1a: Ceruledge|atk|2
|
|upkeep
|turn|4
|
|t:|1769351224
|move|p1a: Ceruledge|Shadow Sneak|p2a: Gengar
|-supereffective|p2a: Gengar
|-enditem|p2a: Gengar|Focus Sash
|-damage|p2a: Gengar|1/100
|move|p2a: Gengar|Shadow Ball|p1a: Ceruledge
|-supereffective|p1a: Ceruledge
|-crit|p1a: Ceruledge
|-enditem|p1a: Ceruledge|Focus Sash
|-damage|p1a: Ceruledge|1/100
|-unboost|p1a: Ceruledge|spd|1
|
|upkeep
|turn|5
|
|t:|1769351240
|move|p1a: Ceruledge|Shadow Sneak|p2a: Gengar
|-supereffective|p2a: Gengar
|-damage|p2a: Gengar|0 fnt
|-start|p1a: Ceruledge|Disable|Shadow Sneak|[from] ability: Cursed Body|[of] p2a: Gengar
|faint|p2a: Gengar
|
|upkeep
|
|t:|1769351248
|switch|p2a: Donphan|Donphan, M|100/100
|turn|6
|
|t:|1769351252
|move|p2a: Donphan|Ice Shard|p1a: Ceruledge
|-resisted|p1a: Ceruledge
|-damage|p1a: Ceruledge|0 fnt
|faint|p1a: Ceruledge
|
|upkeep
|
|t:|1769351259
|switch|p1a: Kyurem|Kyurem, shiny|100/100
|-ability|p1a: Kyurem|Pressure
|turn|7
|
|t:|1769351271
|switch|p2a: Medicham|Medicham, M, shiny|41/100
|move|p1a: Kyurem|Substitute|p1a: Kyurem
|-start|p1a: Kyurem|Substitute
|-damage|p1a: Kyurem|75/100
|
|upkeep
|turn|8
|
|t:|1769351277
|move|p2a: Medicham|Fake Out|p1a: Kyurem
|-activate|p1a: Kyurem|move: Substitute|[damage]
|-damage|p2a: Medicham|31/100|[from] item: Life Orb
|move|p1a: Kyurem|Dragon Dance|p1a: Kyurem
|-boost|p1a: Kyurem|atk|1
|-boost|p1a: Kyurem|spe|1
|
|upkeep
|turn|9
|
|t:|1769351285
|move|p2a: Medicham|Bullet Punch|p1a: Kyurem
|-supereffective|p1a: Kyurem
|-end|p1a: Kyurem|Substitute
|-damage|p2a: Medicham|21/100|[from] item: Life Orb
|move|p1a: Kyurem|Dragon Dance|p1a: Kyurem
|-boost|p1a: Kyurem|atk|1
|-boost|p1a: Kyurem|spe|1
|
|upkeep
|turn|10
|
|t:|1769351293
|move|p2a: Medicham|Bullet Punch|p1a: Kyurem
|-supereffective|p1a: Kyurem
|-damage|p1a: Kyurem|31/100
|-damage|p2a: Medicham|11/100|[from] item: Life Orb
|move|p1a: Kyurem|Icicle Spear|p2a: Medicham
|-damage|p2a: Medicham|0 fnt
|faint|p2a: Medicham
|-hitcount|p2: Medicham|1
|
|upkeep
|
|t:|1769351302
|switch|p2a: Scizor|Scizor, M|100/100
|turn|11
|
|t:|1769351308
|switch|p1a: Great Tusk|Great Tusk, shiny|100/100
|-enditem|p1a: Great Tusk|Booster Energy
|-activate|p1a: Great Tusk|ability: Protosynthesis|[fromitem]
|-start|p1a: Great Tusk|protosynthesisatk
|move|p2a: Scizor|Bullet Punch|p1a: Great Tusk
|-damage|p1a: Great Tusk|67/100
|-damage|p2a: Scizor|91/100|[from] item: Life Orb
|
|upkeep
|turn|12
|
|t:|1769351319
|move|p1a: Great Tusk|Headlong Rush|p2a: Scizor
|-damage|p2a: Scizor|1/100
|-unboost|p1a: Great Tusk|def|1
|-unboost|p1a: Great Tusk|spd|1
|move|p2a: Scizor|Dual Wingbeat|p1a: Great Tusk
|-supereffective|p1a: Great Tusk
|-damage|p1a: Great Tusk|0 fnt
|faint|p1a: Great Tusk
|-end|p1a: Great Tusk|Protosynthesis|[silent]
|-hitcount|p1: Great Tusk|1
|-damage|p2a: Scizor|0 fnt|[from] item: Life Orb
|faint|p2a: Scizor
|
|upkeep
|
|t:|1769351342
|switch|p1a: Ninetales|Ninetales-Alola, F, shiny|100/100
|switch|p2a: Serperior|Serperior, F, shiny|100/100
|-weather|Snowscape|[from] ability: Snow Warning|[of] p1a: Ninetales
|turn|13
|
|t:|1769351348
|move|p2a: Serperior|Leaf Storm|p1a: Ninetales
|-damage|p1a: Ninetales|49/100
|-boost|p2a: Serperior|spa|2
|move|p1a: Ninetales|Aurora Veil|p1a: Ninetales
|-sidestart|p1: Spekulatiuskekse|move: Aurora Veil
|
|-weather|Snowscape|[upkeep]
|upkeep
|turn|14
|
|t:|1769351356
|move|p2a: Serperior|Leaf Storm|p1a: Ninetales
|-damage|p1a: Ninetales|0 fnt
|-boost|p2a: Serperior|spa|2
|faint|p1a: Ninetales
|
|-weather|Snowscape|[upkeep]
|upkeep
|
|t:|1769351359
|switch|p1a: Kyurem|Kyurem, shiny|31/100
|-ability|p1a: Kyurem|Pressure
|turn|15
|
|t:|1769351367
|move|p2a: Serperior|Leaf Storm|p1a: Kyurem
|-resisted|p1a: Kyurem
|-damage|p1a: Kyurem|1/100
|-boost|p2a: Serperior|spa|2
|move|p1a: Kyurem|Icicle Spear|p2a: Serperior
|-supereffective|p2a: Serperior
|-damage|p2a: Serperior|69/100
|-supereffective|p2a: Serperior
|-damage|p2a: Serperior|38/100
|-supereffective|p2a: Serperior
|-damage|p2a: Serperior|9/100
|-supereffective|p2a: Serperior
|-damage|p2a: Serperior|0 fnt
|faint|p2a: Serperior
|-hitcount|p2: Serperior|4
|
|-weather|Snowscape|[upkeep]
|upkeep
|
|t:|1769351385
|switch|p2a: Dragonite|Dragonite, M|100/100
|turn|16
|
|t:|1769351391
|move|p2a: Dragonite|Extreme Speed|p1a: Kyurem
|-damage|p1a: Kyurem|0 fnt
|faint|p1a: Kyurem
|
|-weather|Snowscape|[upkeep]
|upkeep
|
|t:|1769351393
|switch|p1a: Glimmora|Glimmora, F, shiny, tera:Dark|69/100
|turn|17
|
|t:|1769351406
|-terastallize|p2a: Dragonite|Normal
|move|p1a: Glimmora|Meteor Beam||[still]
|-prepare|p1a: Glimmora|Meteor Beam
|-boost|p1a: Glimmora|spa|1
|-enditem|p1a: Glimmora|Power Herb
|-anim|p1a: Glimmora|Meteor Beam|p2a: Dragonite
|-damage|p2a: Dragonite|55/100
|move|p2a: Dragonite|Dragon Dance|p2a: Dragonite
|-boost|p2a: Dragonite|atk|1
|-boost|p2a: Dragonite|spe|1
|
|-weather|none
|-heal|p2a: Dragonite|61/100|[from] item: Leftovers
|upkeep
|turn|18
|
|t:|1769351422
|move|p2a: Dragonite|Extreme Speed|p1a: Glimmora
|-damage|p1a: Glimmora|24/100
|-activate|p1a: Glimmora|ability: Toxic Debris
|-sidestart|p2: Luisao|move: Toxic Spikes
|move|p1a: Glimmora|Power Gem|p2a: Dragonite
|-damage|p2a: Dragonite|0 fnt
|faint|p2a: Dragonite
|
|upkeep
|
|t:|1769351431
|switch|p2a: Donphan|Donphan, M|100/100
|-status|p2a: Donphan|psn
|turn|19
|
|t:|1769351436
|move|p1a: Glimmora|Earth Power|p2a: Donphan
|-damage|p2a: Donphan|35/100 psn
|move|p2a: Donphan|Earthquake|p1a: Glimmora
|-crit|p1a: Glimmora
|-damage|p1a: Glimmora|0 fnt
|-activate|p1a: Glimmora|ability: Toxic Debris
|-sidestart|p2: Luisao|move: Toxic Spikes
|faint|p1a: Glimmora
|
|-heal|p2a: Donphan|41/100 psn|[from] item: Leftovers
|-damage|p2a: Donphan|29/100 psn|[from] psn
|upkeep
|
|t:|1769351440
|switch|p1a: Rillaboom|Rillaboom, F, shiny|100/100
|-fieldstart|move: Grassy Terrain|[from] ability: Grassy Surge|[of] p1a: Rillaboom
|turn|20
|
|t:|1769351452
|move|p1a: Rillaboom|Grassy Glide|p2a: Donphan
|-supereffective|p2a: Donphan
|-damage|p2a: Donphan|0 fnt
|faint|p2a: Donphan
|
|win|Spekulatiuskekse
|raw|Spekulatiuskekse's rating: 1488 &rarr; <strong>1508</strong><br />(+20 for winning)
|raw|Luisao's rating: 1489 &rarr; <strong>1469</strong><br />(-20 for losing)
|l|☆Spekulatiuskekse
|player|p1|
|l|☆Luisao
|player|p2|
