|j|☆Blaxophone
|j|☆Efrain.9
|t:|1769376257
|gametype|singles
|player|p1|Blaxophone|102|1609
|player|p2|Efrain.9|hilbert-wonderlauncher|1614
|gen|9
|tier|[Gen 9] OU
|rated|
|rule|HP Percentage Mod: HP is shown in percentages
|rule|Endless Battle Clause: Forcing endless battles is banned
|rule|Species Clause: Limit one of each Pokémon
|rule|OHKO Clause: OHKO moves are banned
|rule|Evasion Items Clause: Evasion items are banned
|rule|Evasion Moves Clause: Evasion moves are banned
|rule|Evasion Abilities Clause: Evasion abilities are banned
|rule|Sleep Moves Clause: Sleep-inducing moves are banned
|clearpoke
|poke|p1|Ogerpon-Wellspring, F|
|poke|p1|Dragonite, M|
|poke|p1|Cinderace, M|
|poke|p1|Hatterene, F|
|poke|p1|Magnezone|
|poke|p1|Great Tusk|
|poke|p2|Pelipper, F|
|poke|p2|Basculegion, M|
|poke|p2|Umbreon, M|
|poke|p2|Scizor, M|
|poke|p2|Raging Bolt|
|poke|p2|Ogerpon-Wellspring, F|
|teampreview
|
|t:|1769376300
|teamsize|p1|6
|teamsize|p2|6
|start
|switch|p1a: Magnezone|Magnezone|100/100
|switch|p2a: Pelipper|Pelipper, F|100/100
|-weather|RainDance|[from] ability: Drizzle|[of] p2a: Pelipper
|turn|1
|
|t:|1769376310
|switch|p2a: Raging Bolt|Raging Bolt|100/100
|move|p1a: Magnezone|Volt Switch|p2a: Raging Bolt
|-resisted|p2a: Raging Bolt
|-damage|p2a: Raging Bolt|83/100
|
|t:|1769376317
|switch|p1a: Great Tusk|Great Tusk|100/100|[from] Volt Switch
|-enditem|p1a: Great Tusk|Booster Energy
|-activate|p1a: Great Tusk|ability: Protosynthesis|[fromitem]
|-start|p1a: Great Tusk|protosynthesisatk
|
|-weather|RainDance|[upkeep]
|upkeep
|turn|2
|
|t:|1769376335
|-terastallize|p2a: Raging Bolt|Fairy
|move|p1a: Great Tusk|Close Combat|p2a: Raging Bolt
|-resisted|p2a: Raging Bolt
|-damage|p2a: Raging Bolt|44/100
|-unboost|p1a: Great Tusk|def|1
|-unboost|p1a: Great Tusk|spd|1
|move|p2a: Raging Bolt|Weather Ball|p1a: Great Tusk
|-supereffective|p1a: Great Tusk
|-damage|p1a: Great Tusk|0 fnt
|faint|p1a: Great Tusk
|-end|p1a: Great Tusk|Protosynthesis|[silent]
|
|-weather|RainDance|[upkeep]
|upkeep
|
|t:|1769376348
|switch|p1a: Ogerpon|Ogerpon-Wellspring, F|100/100
|turn|3
|
|t:|1769376356
|-end|p2a: Raging Bolt|Protosynthesis|[silent]
|switch|p2a: Ogerpon|Ogerpon-Wellspring, F|100/100
|move|p1a: Ogerpon|Knock Off|p2a: Ogerpon
|-damage|p2a: Ogerpon|67/100
|
|-weather|RainDance|[upkeep]
|upkeep
|turn|4
|
|t:|1769376365
|move|p2a: Ogerpon|Horn Leech|p1a: Ogerpon
|-damage|p1a: Ogerpon|47/100
|-heal|p2a: Ogerpon|93/100|[from] drain|[of] p1a: Ogerpon
|move|p1a: Ogerpon|U-turn|p2a: Ogerpon
|-supereffective|p2a: Ogerpon
|-damage|p2a: Ogerpon|20/100
|
|t:|1769376373
|switch|p1a: Cinderace|Cinderace, M|100/100|[from] U-turn
|
|-weather|RainDance|[upkeep]
|upkeep
|turn|5
|
|t:|1769376382
|switch|p2a: Scizor|Scizor, M|100/100
|move|p1a: Cinderace|U-turn|p2a: Scizor
|-start|p1a: Cinderace|typechange|Bug|[from] ability: Libero
|-resisted|p2a: Scizor
|-crit|p2a: Scizor
|-damage|p2a: Scizor|75/100
|
|t:|1769376390
|switch|p1a: Ogerpon|Ogerpon-Wellspring, F|47/100|[from] U-turn
|
|-weather|RainDance|[upkeep]
|upkeep
|turn|6
|
|t:|1769376397
|move|p1a: Ogerpon|Ivy Cudgel|p2a: Scizor|[anim] Ivy Cudgel Water
|-damage|p2a: Scizor|0 fnt
|faint|p2a: Scizor
|
|-weather|RainDance|[upkeep]
|upkeep
|
|t:|1769376406
|switch|p2a: Ogerpon|Ogerpon-Wellspring, F|20/100
|turn|7
|
|t:|1769376410
|move|p2a: Ogerpon|Horn Leech|p1a: Ogerpon
|-damage|p1a: Ogerpon|0 fnt
|-heal|p2a: Ogerpon|44/100|[from] drain|[of] p1a: Ogerpon
|faint|p1a: Ogerpon
|
|-weather|RainDance|[upkeep]
|upkeep
|
|t:|1769376422
|switch|p1a: Dragonite|Dragonite, M|100/100
|turn|8
|
|t:|1769376427
|switch|p2a: Umbreon|Umbreon, M|100/100
|-terastallize|p1a: Dragonite|Flying
|move|p1a: Dragonite|Dragon Dance|p1a: Dragonite
|-boost|p1a: Dragonite|atk|1
|-boost|p1a: Dragonite|spe|1
|
|-weather|none
|upkeep
|turn|9
|
|t:|1769376438
|move|p1a: Dragonite|Tera Blast|p2a: Umbreon|[anim] Tera Blast Flying
|-crit|p2a: Umbreon
|-damage|p2a: Umbreon|12/100
|move|p2a: Umbreon|Toxic|p1a: Dragonite
|-status|p1a: Dragonite|tox
|-enditem|p1a: Dragonite|Lum Berry|[eat]
|-curestatus|p1a: Dragonite|tox|[msg]
|
|-heal|p2a: Umbreon|18/100|[from] item: Leftovers
|upkeep
|turn|10
|
|t:|1769376449
|move|p1a: Dragonite|Tera Blast|p2a: Umbreon|[anim] Tera Blast Flying
|-damage|p2a: Umbreon|0 fnt
|faint|p2a: Umbreon
|
|upkeep
|
|t:|1769376455
|switch|p2a: Pelipper|Pelipper, F|100/100
|-weather|RainDance|[from] ability: Drizzle|[of] p2a: Pelipper
|turn|11
|
|t:|1769376463
|move|p1a: Dragonite|Dragon Dance|p1a: Dragonite
|-boost|p1a: Dragonite|atk|1
|-boost|p1a: Dragonite|spe|1
|move|p2a: Pelipper|Weather Ball|p1a: Dragonite
|-damage|p1a: Dragonite|65/100
|
|-weather|RainDance|[upkeep]
|upkeep
|turn|12
|
|t:|1769376478
|move|p1a: Dragonite|Tera Blast|p2a: Pelipper|[anim] Tera Blast Flying
|-damage|p2a: Pelipper|0 fnt
|faint|p2a: Pelipper
|
|-weather|RainDance|[upkeep]
|upkeep
|
|t:|1769376485
|switch|p2a: Raging Bolt|Raging Bolt, tera:Fairy|44/100
|turn|13
|
|t:|1769376490
|move|p1a: Dragonite|Extreme Speed|p2a: Raging Bolt
|-damage|p2a: Raging Bolt|0 fnt
|faint|p2a: Raging Bolt
|-end|p2a: Raging Bolt|Protosynthesis|[silent]
|
|-weather|RainDance|[upkeep]
|upkeep
|
|t:|1769376497
|switch|p2a: Basculegion|Basculegion, M|100/100
|turn|14
|
|t:|1769376500
|move|p2a: Basculegion|Aqua Jet|p1a: Dragonite
|-damage|p1a: Dragonite|14/100
|move|p1a: Dragonite|Tera Blast|p2a: Basculegion|[anim] Tera Blast Flying
|-damage|p2a: Basculegion|0 fnt
|faint|p2a: Basculegion
|
|-weather|RainDance|[upkeep]
|upkeep
|-message|Efrain.9 forfeited.
|
|win|Blaxophone
|raw|Blaxophone's rating: 1609 &rarr; <strong>1629</strong><br />(+20 for winning)
|raw|Efrain.9's rating: 1614 &rarr; <strong>1594</strong><br />(-20 for losing)
|l|☆Efrain.9
|player|p2|
|l|☆Blaxophone
|player|p1|
