|j|☆shuca nacua
|j|☆Synergistic soul
|t:|1769366416
|gametype|singles
|player|p1|shuca nacua|boarder|1566
|player|p2|Synergistic soul|gentleman-gen1|1590
|gen|9
|tier|[Gen 9] OU
|rated|
|rule|HP Percentage Mod: HP is shown in percentages
|rule|Endless Battle Clause: Forcing endless battles is banned
|rule|Species Clause: Limit one of each Pokémon
|rule|OHKO Clause: OHKO moves are banned
|rule|Evasion Items Clause: Evasion items are banned
|rule|Evasion Moves Clause: Evasion moves are banned
|rule|Evasion Abilities Clause: Evasion abilities are banned
|rule|Sleep Moves Clause: Sleep-inducing moves are banned
|clearpoke
|poke|p1|Tauros, M|
|poke|p1|Alomomola, F|
|poke|p1|Dragapult, F|
|poke|p1|Iron Valiant|
|poke|p1|Corviknight, F|
|poke|p1|Gliscor, M|
|poke|p2|Frosmoth, M|
|poke|p2|Cinccino, F|
|poke|p2|Incineroar, M|
|poke|p2|Weezing-Galar, F|
|poke|p2|Sinistcha|
|poke|p2|Alomomola, M|
|teampreview
|inactive|Battle timer is ON: inactive players will automatically lose when time's up. (requested by Synergistic soul)
|
|t:|1769366423
|teamsize|p1|6
|teamsize|p2|6
|start
|switch|p1a: Gliscor|Gliscor, M|100/100
|switch|p2a: Incineroar|Incineroar, M|100/100
|-ability|p2a: Incineroar|Intimidate|boost
|-unboost|p1a: Gliscor|atk|1
|turn|1
|
|t:|1769366428
|move|p1a: Gliscor|Toxic|p2a: Incineroar
|-status|p2a: Incineroar|tox
|move|p2a: Incineroar|Will-O-Wisp|p1a: Gliscor
|-status|p1a: Gliscor|brn
|
|-damage|p2a: Incineroar|94/100 tox|[from] psn
|-damage|p1a: Gliscor|94/100 brn|[from] brn
|upkeep
|turn|2
|
|t:|1769366430
|move|p1a: Gliscor|Stealth Rock|p2a: Incineroar
|-sidestart|p2: Synergistic soul|move: Stealth Rock
|move|p2a: Incineroar|Parting Shot|p1a: Gliscor
|-unboost|p1a: Gliscor|atk|1
|-unboost|p1a: Gliscor|spa|1
|
|t:|1769366435
|switch|p2a: Weezing|Weezing-Galar, F|100/100|[from] Parting Shot
|-ability|p2a: Weezing|Neutralizing Gas
|-damage|p2a: Weezing|88/100|[from] Stealth Rock
|
|-damage|p1a: Gliscor|88/100 brn|[from] brn
|upkeep
|turn|3
|
|t:|1769366445
|move|p1a: Gliscor|Earthquake|p2a: Weezing
|-supereffective|p2a: Weezing
|-enditem|p2a: Weezing|Shuca Berry|[eat]
|-enditem|p2a: Weezing|Shuca Berry|[weaken]
|-damage|p2a: Weezing|83/100
|move|p2a: Weezing|Toxic||[still]
|-fail|p2a: Weezing
|
|-damage|p1a: Gliscor|82/100 brn|[from] brn
|upkeep
|turn|4
|c|☆shuca nacua|haha that just did 5%
|
|t:|1769366456
|move|p1a: Gliscor|Earthquake|p2a: Weezing
|-supereffective|p2a: Weezing
|-damage|p2a: Weezing|72/100
|move|p2a: Weezing|Toxic||[still]
|-fail|p2a: Weezing
|
|-damage|p1a: Gliscor|75/100 brn|[from] brn
|upkeep
|turn|5
|
|t:|1769366461
|move|p1a: Gliscor|Earthquake|p2a: Weezing
|-supereffective|p2a: Weezing
|-damage|p2a: Weezing|60/100
|move|p2a: Weezing|Toxic||[still]
|-fail|p2a: Weezing
|
|-damage|p1a: Gliscor|69/100 brn|[from] brn
|upkeep
|turn|6
|
|t:|1769366464
|move|p1a: Gliscor|Earthquake|p2a: Weezing
|-supereffective|p2a: Weezing
|-damage|p2a: Weezing|50/100
|move|p2a: Weezing|Pain Split|p1a: Gliscor
|-sethp|p1a: Gliscor|58/100 brn|[from] move: Pain Split|[silent]
|-sethp|p2a: Weezing|61/100|[from] move: Pain Split
|
|-damage|p1a: Gliscor|52/100 brn|[from] brn
|upkeep
|turn|7
|
|t:|1769366467
|move|p1a: Gliscor|Earthquake|p2a: Weezing
|-supereffective|p2a: Weezing
|-damage|p2a: Weezing|49/100
|move|p2a: Weezing|Defog|p1a: Gliscor
|-unboost|p1a: Gliscor|evasion|1
|-sideend|p2: Synergistic soul|Stealth Rock|[from] move: Defog|[of] p2a: Weezing
|
|-damage|p1a: Gliscor|46/100 brn|[from] brn
|upkeep
|turn|8
|
|t:|1769366471
|move|p1a: Gliscor|Stealth Rock|p2a: Weezing
|-sidestart|p2: Synergistic soul|move: Stealth Rock
|move|p2a: Weezing|Toxic||[still]
|-fail|p2a: Weezing
|
|-damage|p1a: Gliscor|39/100 brn|[from] brn
|upkeep
|turn|9
|
|t:|1769366473
|move|p1a: Gliscor|Earthquake|p2a: Weezing
|-supereffective|p2a: Weezing
|-damage|p2a: Weezing|38/100
|move|p2a: Weezing|Defog|p1a: Gliscor
|-unboost|p1a: Gliscor|evasion|1
|-sideend|p2: Synergistic soul|Stealth Rock|[from] move: Defog|[of] p2a: Weezing
|
|-damage|p1a: Gliscor|33/100 brn|[from] brn
|upkeep
|turn|10
|
|t:|1769366477
|move|p1a: Gliscor|Earthquake|p2a: Weezing
|-supereffective|p2a: Weezing
|-damage|p2a: Weezing|27/100
|move|p2a: Weezing|Defog|p1a: Gliscor
|-unboost|p1a: Gliscor|evasion|1
|
|-damage|p1a: Gliscor|27/100 brn|[from] brn
|upkeep
|turn|11
|
|t:|1769366481
|-end|p2a: Weezing|ability: Neutralizing Gas
|switch|p2a: Alomomola|Alomomola, M|100/100
|move|p1a: Gliscor|Earthquake|p2a: Alomomola
|-damage|p2a: Alomomola|95/100
|
|-damage|p1a: Gliscor|21/100 brn|[from] brn
|upkeep
|turn|12
|
|t:|1769366484
|move|p1a: Gliscor|Stealth Rock|p2a: Alomomola
|-sidestart|p2: Synergistic soul|move: Stealth Rock
|move|p2a: Alomomola|Wish|p2a: Alomomola
|
|-damage|p1a: Gliscor|14/100 brn|[from] brn
|upkeep
|turn|13
|
|t:|1769366486
|move|p1a: Gliscor|Toxic|p2a: Alomomola|[miss]
|-miss|p1a: Gliscor|p2a: Alomomola
|move|p2a: Alomomola|Flip Turn|p1a: Gliscor
|-supereffective|p1a: Gliscor
|-damage|p1a: Gliscor|0 fnt
|faint|p1a: Gliscor
|
|t:|1769366488
|switch|p2a: Weezing|Weezing-Galar, F|27/100|[from] Flip Turn
|-ability|p2a: Weezing|Neutralizing Gas
|-damage|p2a: Weezing|14/100|[from] Stealth Rock
|
|-heal|p2a: Weezing|94/100|[from] move: Wish|[wisher] Alomomola
|upkeep
|
|t:|1769366502
|switch|p1a: Alomomola|Alomomola, F|100/100
|turn|14
|
|t:|1769366505
|move|p1a: Alomomola|Scald|p2a: Weezing
|-damage|p2a: Weezing|76/100
|-status|p2a: Weezing|brn
|move|p2a: Weezing|Defog|p1a: Alomomola
|-unboost|p1a: Alomomola|evasion|1
|-sideend|p2: Synergistic soul|Stealth Rock|[from] move: Defog|[of] p2a: Weezing
|
|-damage|p2a: Weezing|70/100 brn|[from] brn
|upkeep
|turn|15
|
|t:|1769366510
|move|p1a: Alomomola|Scald|p2a: Weezing
|-damage|p2a: Weezing|51/100 brn
|move|p2a: Weezing|Toxic|p1a: Alomomola
|-status|p1a: Alomomola|tox
|
|-damage|p1a: Alomomola|94/100 tox|[from] psn
|-damage|p2a: Weezing|45/100 brn|[from] brn
|upkeep
|turn|16
|
|t:|1769366515
|move|p1a: Alomomola|Wish|p1a: Alomomola
|move|p2a: Weezing|Pain Split|p1a: Alomomola
|-sethp|p1a: Alomomola|61/100 tox|[from] move: Pain Split|[silent]
|-sethp|p2a: Weezing|98/100 brn|[from] move: Pain Split
|
|-damage|p1a: Alomomola|49/100 tox|[from] psn
|-damage|p2a: Weezing|92/100 brn|[from] brn
|upkeep
|turn|17
|
|t:|1769366519
|move|p1a: Alomomola|Scald|p2a: Weezing
|-damage|p2a: Weezing|72/100 brn
|move|p2a: Weezing|Pain Split|p1a: Alomomola
|-sethp|p1a: Alomomola|47/100 tox|[from] move: Pain Split|[silent]
|-sethp|p2a: Weezing|75/100 brn|[from] move: Pain Split
|
|-heal|p1a: Alomomola|97/100 tox|[from] move: Wish|[wisher] Alomomola
|-damage|p1a: Alomomola|78/100 tox|[from] psn
|-damage|p2a: Weezing|69/100 brn|[from] brn
|upkeep
|turn|18
|
|t:|1769366522
|move|p1a: Alomomola|Flip Turn|p2a: Weezing
|-crit|p2a: Weezing
|-damage|p2a: Weezing|54/100 brn
|
|t:|1769366524
|switch|p1a: Corviknight|Corviknight, F|100/100|[from] Flip Turn
|move|p2a: Weezing|Pain Split|p1a: Corviknight
|-sethp|p1a: Corviknight|73/100|[from] move: Pain Split|[silent]
|-sethp|p2a: Weezing|87/100 brn|[from] move: Pain Split
|
|-damage|p2a: Weezing|81/100 brn|[from] brn
|upkeep
|turn|19
|
|t:|1769366530
|switch|p1a: Alomomola|Alomomola, F|78/100 tox
|-end|p2a: Weezing|ability: Neutralizing Gas
|switch|p2a: Alomomola|Alomomola, M|100/100
|
|-damage|p1a: Alomomola|72/100 tox|[from] psn
|upkeep
|turn|20
|
|t:|1769366533
|move|p1a: Alomomola|Wish|p1a: Alomomola
|move|p2a: Alomomola|Flip Turn|p1a: Alomomola
|-resisted|p1a: Alomomola
|-damage|p1a: Alomomola|68/100 tox
|
|t:|1769366539
|switch|p2a: Frosmoth|Frosmoth, M|100/100|[from] Flip Turn
|
|-damage|p1a: Alomomola|56/100 tox|[from] psn
|upkeep
|turn|21
|
|t:|1769366543
|move|p2a: Frosmoth|Substitute|p2a: Frosmoth
|-start|p2a: Frosmoth|Substitute
|-damage|p2a: Frosmoth|76/100
|move|p1a: Alomomola|Flip Turn|p2a: Frosmoth
|-activate|p2a: Frosmoth|move: Substitute|[damage]
|
|t:|1769366546
|switch|p1a: Tauros|Tauros, M|100/100|[from] Flip Turn
|
|-heal|p2a: Frosmoth|82/100|[from] item: Leftovers
|upkeep
|turn|22
|
|t:|1769366551
|move|p1a: Tauros|Flamethrower|p2a: Frosmoth
|-supereffective|p2a: Frosmoth
|-end|p2a: Frosmoth|Substitute
|move|p2a: Frosmoth|Ice Beam|p1a: Tauros
|-damage|p1a: Tauros|42/100
|
|-heal|p2a: Frosmoth|88/100|[from] item: Leftovers
|upkeep
|turn|23
|
|t:|1769366557
|switch|p1a: Dragapult|Dragapult, F|100/100
|switch|p2a: Incineroar|Incineroar, M|94/100 tox
|-ability|p2a: Incineroar|Intimidate|boost
|-fail|p1a: Dragapult|unboost|[from] ability: Clear Body|[of] p1a: Dragapult
|
|-damage|p2a: Incineroar|88/100 tox|[from] psn
|upkeep
|turn|24
|
|t:|1769366561
|switch|p1a: Corviknight|Corviknight, F|73/100
|-ability|p1a: Corviknight|Pressure
|move|p2a: Incineroar|Knock Off|p1a: Corviknight
|-damage|p1a: Corviknight|50/100
|-damage|p2a: Incineroar|72/100 tox|[from] item: Rocky Helmet|[of] p1a: Corviknight
|-enditem|p1a: Corviknight|Rocky Helmet|[from] move: Knock Off|[of] p2a: Incineroar
|
|-damage|p2a: Incineroar|60/100 tox|[from] psn
|upkeep
|turn|25
|
|t:|1769366566
|switch|p1a: Alomomola|Alomomola, F|89/100 tox
|move|p2a: Incineroar|Will-O-Wisp||[still]
|-fail|p2a: Incineroar
|
|-damage|p1a: Alomomola|83/100 tox|[from] psn
|-damage|p2a: Incineroar|41/100 tox|[from] psn
|upkeep
|turn|26
|
|t:|1769366570
|move|p1a: Alomomola|Flip Turn|p2a: Incineroar
|-supereffective|p2a: Incineroar
|-damage|p2a: Incineroar|22/100 tox
|
|t:|1769366573
|switch|p1a: Corviknight|Corviknight, F|50/100|[from] Flip Turn
|-ability|p1a: Corviknight|Pressure
|move|p2a: Incineroar|Parting Shot|p1a: Corviknight
|-unboost|p1a: Corviknight|atk|1
|-unboost|p1a: Corviknight|spa|1
|
|t:|1769366591
|switch|p2a: Alomomola|Alomomola, M|100/100|[from] Parting Shot
|
|upkeep
|turn|27
|
|t:|1769366594
|move|p1a: Corviknight|Roost|p1a: Corviknight
|-heal|p1a: Corviknight|99/100
|-singleturn|p1a: Corviknight|move: Roost
|move|p2a: Alomomola|Wish|p2a: Alomomola
|
|upkeep
|turn|28
|
|t:|1769366598
|move|p1a: Corviknight|U-turn|p2a: Alomomola
|-damage|p2a: Alomomola|94/100
|-damage|p1a: Corviknight|83/100|[from] item: Rocky Helmet|[of] p2a: Alomomola
|
|t:|1769366600
|switch|p1a: Alomomola|Alomomola, F|100/100 tox|[from] U-turn
|move|p2a: Alomomola|Flip Turn|p1a: Alomomola
|-resisted|p1a: Alomomola
|-damage|p1a: Alomomola|96/100 tox
|
|t:|1769366605
|switch|p2a: Incineroar|Incineroar, M|22/100 tox|[from] Flip Turn
|-ability|p2a: Incineroar|Intimidate|boost
|-unboost|p1a: Alomomola|atk|1
|
|-heal|p2a: Incineroar|89/100 tox|[from] move: Wish|[wisher] Alomomola
|-damage|p1a: Alomomola|90/100 tox|[from] psn
|-damage|p2a: Incineroar|83/100 tox|[from] psn
|upkeep
|turn|29
|
|t:|1769366613
|move|p1a: Alomomola|Scald|p2a: Incineroar
|-supereffective|p2a: Incineroar
|-damage|p2a: Incineroar|55/100 tox
|move|p2a: Incineroar|Parting Shot|p1a: Alomomola
|-unboost|p1a: Alomomola|atk|1
|-unboost|p1a: Alomomola|spa|1
|
|t:|1769366617
|switch|p2a: Frosmoth|Frosmoth, M|88/100|[from] Parting Shot
|
|-heal|p2a: Frosmoth|94/100|[from] item: Leftovers
|-damage|p1a: Alomomola|78/100 tox|[from] psn
|upkeep
|turn|30
|
|t:|1769366624
|move|p2a: Frosmoth|Substitute|p2a: Frosmoth
|-start|p2a: Frosmoth|Substitute
|-damage|p2a: Frosmoth|69/100
|move|p1a: Alomomola|Flip Turn|p2a: Frosmoth
|-activate|p2a: Frosmoth|move: Substitute|[damage]
|
|t:|1769366627
|switch|p1a: Tauros|Tauros, M|42/100|[from] Flip Turn
|
|-heal|p2a: Frosmoth|75/100|[from] item: Leftovers
|upkeep
|turn|31
|
|t:|1769366633
|move|p1a: Tauros|Flamethrower|p2a: Frosmoth
|-supereffective|p2a: Frosmoth
|-end|p2a: Frosmoth|Substitute
|move|p2a: Frosmoth|Ice Beam|p1a: Tauros
|-damage|p1a: Tauros|0 fnt
|faint|p1a: Tauros
|
|-heal|p2a: Frosmoth|82/100|[from] item: Leftovers
|upkeep
|
|t:|1769366643
|switch|p1a: Corviknight|Corviknight, F|83/100
|-ability|p1a: Corviknight|Pressure
|turn|32
|
|t:|1769366648
|switch|p2a: Incineroar|Incineroar, M|55/100 tox
|-ability|p2a: Incineroar|Intimidate|boost
|-unboost|p1a: Corviknight|atk|1
|move|p1a: Corviknight|U-turn|p2a: Incineroar
|-damage|p2a: Incineroar|49/100 tox
|
|t:|1769366658
|switch|p1a: Alomomola|Alomomola, F|100/100 tox|[from] U-turn
|
|-damage|p1a: Alomomola|94/100 tox|[from] psn
|-damage|p2a: Incineroar|43/100 tox|[from] psn
|upkeep
|turn|33
|
|t:|1769366663
|switch|p2a: Alomomola|Alomomola, M|100/100
|move|p1a: Alomomola|Scald|p2a: Alomomola
|-resisted|p2a: Alomomola
|-damage|p2a: Alomomola|94/100
|-status|p2a: Alomomola|brn
|
|-damage|p1a: Alomomola|82/100 tox|[from] psn
|-damage|p2a: Alomomola|88/100 brn|[from] brn
|upkeep
|turn|34
|
|t:|1769366667
|move|p1a: Alomomola|Flip Turn|p2a: Alomomola
|-resisted|p2a: Alomomola
|-damage|p2a: Alomomola|84/100 brn
|-damage|p1a: Alomomola|65/100 tox|[from] item: Rocky Helmet|[of] p2a: Alomomola
|
|t:|1769366669
|switch|p1a: Dragapult|Dragapult, F|100/100|[from] Flip Turn
|move|p2a: Alomomola|Wish|p2a: Alomomola
|
|-damage|p2a: Alomomola|77/100 brn|[from] brn
|upkeep
|turn|35
|
|t:|1769366672
|move|p1a: Dragapult|Dragon Dance|p1a: Dragapult
|-boost|p1a: Dragapult|atk|1
|-boost|p1a: Dragapult|spe|1
|move|p2a: Alomomola|Flip Turn|p1a: Dragapult
|-resisted|p1a: Dragapult
|-damage|p1a: Dragapult|94/100
|
|t:|1769366674
|switch|p2a: Incineroar|Incineroar, M|43/100 tox|[from] Flip Turn
|-ability|p2a: Incineroar|Intimidate|boost
|-fail|p1a: Dragapult|unboost|[from] ability: Clear Body|[of] p1a: Dragapult
|
|-heal|p2a: Incineroar|100/100 tox|[from] move: Wish|[wisher] Alomomola
|-damage|p2a: Incineroar|94/100 tox|[from] psn
|upkeep
|turn|36
|
|t:|1769366678
|switch|p1a: Alomomola|Alomomola, F|99/100 tox
|move|p2a: Incineroar|Will-O-Wisp||[still]
|-fail|p2a: Incineroar
|
|-damage|p1a: Alomomola|92/100 tox|[from] psn
|-damage|p2a: Incineroar|82/100 tox|[from] psn
|upkeep
|turn|37
|
|t:|1769366683
|switch|p2a: Alomomola|Alomomola, M|100/100 brn
|move|p1a: Alomomola|Flip Turn|p2a: Alomomola
|-resisted|p2a: Alomomola
|-damage|p2a: Alomomola|95/100 brn
|-damage|p1a: Alomomola|76/100 tox|[from] item: Rocky Helmet|[of] p2a: Alomomola
|
|t:|1769366687
|switch|p1a: Dragapult|Dragapult, F|94/100|[from] Flip Turn
|
|-damage|p2a: Alomomola|89/100 brn|[from] brn
|upkeep
|turn|38
|
|t:|1769366688
|move|p1a: Dragapult|Dragon Dance|p1a: Dragapult
|-boost|p1a: Dragapult|atk|1
|-boost|p1a: Dragapult|spe|1
|move|p2a: Alomomola|Flip Turn|p1a: Dragapult
|-resisted|p1a: Dragapult
|-damage|p1a: Dragapult|87/100
|
|t:|1769366690
|switch|p2a: Incineroar|Incineroar, M|82/100 tox|[from] Flip Turn
|-ability|p2a: Incineroar|Intimidate|boost
|-fail|p1a: Dragapult|unboost|[from] ability: Clear Body|[of] p1a: Dragapult
|
|-damage|p2a: Incineroar|76/100 tox|[from] psn
|upkeep
|turn|39
|
|t:|1769366697
|move|p1a: Dragapult|Dragon Darts|p2a: Incineroar
|-crit|p2a: Incineroar
|-damage|p2a: Incineroar|27/100 tox
|-anim|p1a: Dragapult|Dragon Darts|p2a: Incineroar
|-damage|p2a: Incineroar|0 fnt
|faint|p2a: Incineroar
|
|upkeep
|c|☆Synergistic soul|k
|
|t:|1769366704
|switch|p2a: Weezing|Weezing-Galar, F|81/100 brn
|-ability|p2a: Weezing|Neutralizing Gas
|turn|40
|c|☆shuca nacua|dragon fang 20% to kill
|c|☆shuca nacua|but lucky crit ye
|inactive|shuca nacua has 120 seconds left.
|
|t:|1769366735
|-end|p2a: Weezing|ability: Neutralizing Gas
|switch|p2a: Cinccino|Cinccino, F|100/100
|move|p1a: Dragapult|Dragon Dance|p1a: Dragapult
|-boost|p1a: Dragapult|atk|1
|-boost|p1a: Dragapult|spe|1
|
|upkeep
|turn|41
|
|t:|1769366743
|switch|p2a: Weezing|Weezing-Galar, F|81/100 brn
|-ability|p2a: Weezing|Neutralizing Gas
|move|p1a: Dragapult|Dragon Darts|p2a: Weezing
|-immune|p2a: Weezing
|
|-damage|p2a: Weezing|75/100 brn|[from] brn
|upkeep
|turn|42
|
|t:|1769366750
|-terastallize|p1a: Dragapult|Ghost
|move|p1a: Dragapult|Tera Blast|p2a: Weezing|[anim] Tera Blast Ghost
|-damage|p2a: Weezing|0 fnt
|faint|p2a: Weezing
|-end|p2a: Weezing|ability: Neutralizing Gas
|
|upkeep
|
|t:|1769366760
|switch|p2a: Sinistcha|Sinistcha|100/100
|turn|43
|
|t:|1769366770
|-terastallize|p2a: Sinistcha|Poison
|move|p1a: Dragapult|Dragon Darts|p2a: Sinistcha
|-damage|p2a: Sinistcha|56/100
|-anim|p1a: Dragapult|Dragon Darts|p2a: Sinistcha
|-crit|p2a: Sinistcha
|-damage|p2a: Sinistcha|0 fnt
|faint|p2a: Sinistcha
|
|upkeep
|j| Hsysgbsgsys
|c|☆shuca nacua|oop
|
|t:|1769366780
|switch|p2a: Alomomola|Alomomola, M|100/100 brn
|turn|44
|l| Hsysgbsgsys
|
|t:|1769366784
|move|p1a: Dragapult|Dragon Dance|p1a: Dragapult
|-boost|p1a: Dragapult|atk|1
|-boost|p1a: Dragapult|spe|1
|move|p2a: Alomomola|Flip Turn|p1a: Dragapult
|-damage|p1a: Dragapult|74/100
|
|t:|1769366787
|switch|p2a: Cinccino|Cinccino, F|100/100|[from] Flip Turn
|
|upkeep
|turn|45
|
|t:|1769366791
|switch|p2a: Frosmoth|Frosmoth, M|82/100
|move|p1a: Dragapult|Dragon Darts|p2a: Frosmoth
|-damage|p2a: Frosmoth|0 fnt
|faint|p2a: Frosmoth
|
|upkeep
|
|t:|1769366793
|switch|p2a: Alomomola|Alomomola, M|100/100 brn
|turn|46
|
|t:|1769366798
|move|p1a: Dragapult|Dragon Darts|p2a: Alomomola
|-damage|p2a: Alomomola|50/100 brn
|-anim|p1a: Dragapult|Dragon Darts|p2a: Alomomola
|-damage|p2a: Alomomola|0 fnt
|faint|p2a: Alomomola
|
|upkeep
|c|☆Synergistic soul|bailed
|-message|Synergistic soul forfeited.
|
|win|shuca nacua
|raw|shuca nacua's rating: 1566 &rarr; <strong>1587</strong><br />(+21 for winning)
|raw|Synergistic soul's rating: 1590 &rarr; <strong>1569</strong><br />(-21 for losing)
|l|☆Synergistic soul
|player|p2|
|l|☆shuca nacua
|player|p1|
