|j|☆crispybacon_kun
|j|☆not_gal
|t:|1769318753
|gametype|singles
|player|p1|crispybacon_kun|aaron|1173
|player|p2|not_gal|n|1182
|gen|9
|tier|[Gen 9] OU
|rated|
|rule|HP Percentage Mod: HP is shown in percentages
|rule|Endless Battle Clause: Forcing endless battles is banned
|rule|Species Clause: Limit one of each Pokémon
|rule|OHKO Clause: OHKO moves are banned
|rule|Evasion Items Clause: Evasion items are banned
|rule|Evasion Moves Clause: Evasion moves are banned
|rule|Evasion Abilities Clause: Evasion abilities are banned
|rule|Sleep Moves Clause: Sleep-inducing moves are banned
|clearpoke
|poke|p1|Corviknight, F|
|poke|p1|Great Tusk|
|poke|p1|Garchomp, F|
|poke|p1|Skeledirge, F|
|poke|p1|Ogerpon, F|
|poke|p1|Jolteon, M|
|poke|p2|Iron Valiant|
|poke|p2|Ogerpon-Wellspring, F|
|poke|p2|Corviknight, M|
|poke|p2|Slowking-Galar, F|
|poke|p2|Iron Crown|
|poke|p2|Garchomp, M|
|teampreview
|
|t:|1769318765
|teamsize|p1|6
|teamsize|p2|6
|start
|switch|p1a: Great Tusk|Great Tusk|100/100
|switch|p2a: Garchomp|Garchomp, M|100/100
|turn|1
|
|t:|1769318773
|move|p1a: Great Tusk|Knock Off|p2a: Garchomp
|-damage|p2a: Garchomp|76/100
|-damage|p1a: Great Tusk|88/100|[from] ability: Rough Skin|[of] p2a: Garchomp
|-damage|p1a: Great Tusk|72/100|[from] item: Rocky Helmet|[of] p2a: Garchomp
|-enditem|p2a: Garchomp|Rocky Helmet|[from] move: Knock Off|[of] p1a: Great Tusk
|move|p2a: Garchomp|Stealth Rock|p1a: Great Tusk
|-sidestart|p1: crispybacon_kun|move: Stealth Rock
|
|upkeep
|turn|2
|
|t:|1769318788
|move|p1a: Great Tusk|Close Combat|p2a: Garchomp
|-damage|p2a: Garchomp|34/100
|-unboost|p1a: Great Tusk|def|1
|-unboost|p1a: Great Tusk|spd|1
|-damage|p1a: Great Tusk|59/100|[from] ability: Rough Skin|[of] p2a: Garchomp
|move|p2a: Garchomp|Dragon Tail|p1a: Great Tusk
|-damage|p1a: Great Tusk|32/100
|-end|p1a: Great Tusk|Protosynthesis|[silent]
|drag|p1a: Jolteon|Jolteon, M|100/100
|-damage|p1a: Jolteon|88/100|[from] Stealth Rock
|
|-status|p1a: Jolteon|brn|[from] item: Flame Orb
|upkeep
|turn|3
|
|t:|1769318806
|move|p1a: Jolteon|Shadow Ball|p2a: Garchomp
|-damage|p2a: Garchomp|10/100
|move|p2a: Garchomp|Spikes|p1a: Jolteon
|-sidestart|p1: crispybacon_kun|Spikes
|
|-damage|p1a: Jolteon|82/100 brn|[from] brn
|upkeep
|turn|4
|
|t:|1769318828
|switch|p2a: Slowking|Slowking-Galar, F, shiny|100/100
|move|p1a: Jolteon|Shadow Ball|p2a: Slowking
|-supereffective|p2a: Slowking
|-damage|p2a: Slowking|72/100
|
|-damage|p1a: Jolteon|75/100 brn|[from] brn
|upkeep
|turn|5
|
|t:|1769318838
|move|p2a: Slowking|Future Sight|p1a: Jolteon
|-start|p2a: Slowking|move: Future Sight
|move|p1a: Jolteon|Roar|p2a: Slowking
|drag|p2a: Ogerpon|Ogerpon-Wellspring, F|100/100
|
|-damage|p1a: Jolteon|69/100 brn|[from] brn
|upkeep
|turn|6
|
|t:|1769318847
|move|p1a: Jolteon|Thunderbolt|p2a: Ogerpon
|-damage|p2a: Ogerpon|56/100
|move|p2a: Ogerpon|Encore|p1a: Jolteon
|-start|p1a: Jolteon|Encore
|
|-damage|p1a: Jolteon|63/100 brn|[from] brn
|upkeep
|turn|7
|
|t:|1769318854
|switch|p2a: Slowking|Slowking-Galar, F, shiny|100/100
|move|p1a: Jolteon|Thunderbolt|p2a: Slowking
|-damage|p2a: Slowking|74/100
|-status|p2a: Slowking|par
|
|-end|p1a: Jolteon|move: Future Sight
|-damage|p1a: Jolteon|6/100 brn
|-damage|p1a: Jolteon|0 fnt|[from] brn
|faint|p1a: Jolteon
|upkeep
|
|t:|1769318866
|switch|p1a: Great Tusk|Great Tusk|32/100
|-damage|p1a: Great Tusk|29/100|[from] Stealth Rock
|-damage|p1a: Great Tusk|17/100|[from] Spikes
|turn|8
|
|t:|1769318874
|move|p1a: Great Tusk|Rapid Spin|p2a: Slowking
|-damage|p2a: Slowking|55/100 par
|-boost|p1a: Great Tusk|spe|1
|-sideend|p1: crispybacon_kun|Spikes|[from] move: Rapid Spin|[of] p1a: Great Tusk
|-sideend|p1: crispybacon_kun|Stealth Rock|[from] move: Rapid Spin|[of] p1a: Great Tusk
|-prepare|p2a: Slowking|Chilly Reception|[premajor]
|move|p2a: Slowking|Chilly Reception|p2a: Slowking
|-weather|Snowscape
|
|t:|1769318886
|switch|p2a: Iron Valiant|Iron Valiant, shiny|100/100|[from] Chilly Reception
|-enditem|p2a: Iron Valiant|Booster Energy
|-activate|p2a: Iron Valiant|ability: Quark Drive|[fromitem]
|-start|p2a: Iron Valiant|quarkdrivespe
|
|-weather|Snowscape|[upkeep]
|upkeep
|turn|9
|
|t:|1769318900
|move|p2a: Iron Valiant|Vacuum Wave|p1a: Great Tusk
|-damage|p1a: Great Tusk|0 fnt
|faint|p1a: Great Tusk
|-end|p1a: Great Tusk|Protosynthesis|[silent]
|
|-weather|Snowscape|[upkeep]
|upkeep
|
|t:|1769318908
|switch|p1a: Corviknight|Corviknight, F|100/100
|turn|10
|
|t:|1769318912
|move|p2a: Iron Valiant|Calm Mind|p2a: Iron Valiant
|-boost|p2a: Iron Valiant|spa|1
|-boost|p2a: Iron Valiant|spd|1
|move|p1a: Corviknight|Iron Defense|p1a: Corviknight
|-boost|p1a: Corviknight|def|2
|
|-weather|Snowscape|[upkeep]
|upkeep
|turn|11
|
|t:|1769318920
|move|p2a: Iron Valiant|Calm Mind|p2a: Iron Valiant
|-boost|p2a: Iron Valiant|spa|1
|-boost|p2a: Iron Valiant|spd|1
|move|p1a: Corviknight|Iron Head|p2a: Iron Valiant
|-supereffective|p2a: Iron Valiant
|-damage|p2a: Iron Valiant|40/100
|
|-weather|Snowscape|[upkeep]
|upkeep
|turn|12
|
|t:|1769318928
|move|p2a: Iron Valiant|Shadow Ball|p1a: Corviknight
|-damage|p1a: Corviknight|58/100
|move|p1a: Corviknight|Iron Head|p2a: Iron Valiant
|-supereffective|p2a: Iron Valiant
|-damage|p2a: Iron Valiant|0 fnt
|faint|p2a: Iron Valiant
|-end|p2a: Iron Valiant|Quark Drive|[silent]
|
|-weather|none
|upkeep
|
|t:|1769318938
|switch|p2a: Iron Crown|Iron Crown|100/100
|turn|13
|
|t:|1769318946
|move|p2a: Iron Crown|Future Sight|p1a: Corviknight
|-start|p2a: Iron Crown|move: Future Sight
|move|p1a: Corviknight|Body Press|p2a: Iron Crown
|-damage|p2a: Iron Crown|49/100
|
|upkeep
|turn|14
|
|t:|1769318951
|move|p2a: Iron Crown|Volt Switch|p1a: Corviknight
|-supereffective|p1a: Corviknight
|-damage|p1a: Corviknight|19/100
|
|t:|1769318958
|-end|p2a: Iron Crown|Quark Drive|[silent]
|switch|p2a: Slowking|Slowking-Galar, F, shiny|88/100 par|[from] Volt Switch
|move|p1a: Corviknight|Roost|p1a: Corviknight
|-heal|p1a: Corviknight|69/100
|-singleturn|p1a: Corviknight|move: Roost
|
|upkeep
|turn|15
|
|t:|1769318970
|move|p1a: Corviknight|Body Press|p2a: Slowking
|-resisted|p2a: Slowking
|-damage|p2a: Slowking|77/100 par
|move|p2a: Slowking|Thunder Wave|p1a: Corviknight
|-status|p1a: Corviknight|par
|
|-end|p1a: Corviknight|move: Future Sight
|-resisted|p1a: Corviknight
|-damage|p1a: Corviknight|45/100 par
|upkeep
|turn|16
|
|t:|1769318985
|cant|p1a: Corviknight|par
|-prepare|p2a: Slowking|Chilly Reception|[premajor]
|move|p2a: Slowking|Chilly Reception|p2a: Slowking
|-weather|Snowscape
|
|t:|1769318991
|switch|p2a: Ogerpon|Ogerpon-Wellspring, F|56/100|[from] Chilly Reception
|
|-weather|Snowscape|[upkeep]
|upkeep
|turn|17
|
|t:|1769318997
|-terastallize|p2a: Ogerpon|Water
|detailschange|p2a: Ogerpon|Ogerpon-Wellspring-Tera, F, tera:Water
|-ability|p2a: Ogerpon|Embody Aspect (Wellspring)|boost
|-boost|p2a: Ogerpon|spd|1
|move|p2a: Ogerpon|Knock Off|p1a: Corviknight
|-damage|p1a: Corviknight|31/100 par
|-damage|p2a: Ogerpon|39/100|[from] item: Rocky Helmet|[of] p1a: Corviknight
|-enditem|p1a: Corviknight|Rocky Helmet|[from] move: Knock Off|[of] p2a: Ogerpon
|move|p1a: Corviknight|Roost|p1a: Corviknight
|-heal|p1a: Corviknight|81/100 par
|-singleturn|p1a: Corviknight|move: Roost
|
|-weather|Snowscape|[upkeep]
|upkeep
|turn|18
|
|t:|1769319015
|move|p2a: Ogerpon|Ivy Cudgel|p1a: Corviknight|[anim] Ivy Cudgel Water
|-damage|p1a: Corviknight|49/100 par
|move|p1a: Corviknight|Body Press|p2a: Ogerpon
|-damage|p2a: Ogerpon|0 fnt
|faint|p2a: Ogerpon
|detailschange|p2: Ogerpon|Ogerpon-Wellspring, F|[silent]
|
|-weather|Snowscape|[upkeep]
|upkeep
|-message|not_gal forfeited.
|
|win|crispybacon_kun
|raw|crispybacon_kun's rating: 1173 &rarr; <strong>1199</strong><br />(+26 for winning)
|raw|not_gal's rating: 1182 &rarr; <strong>1156</strong><br />(-26 for losing)
|l|☆not_gal
|player|p2|
|l|☆crispybacon_kun
|player|p1|
