|j|☆7uc45
|j|☆phrogey
|t:|1769375785
|gametype|singles
|player|p1|7uc45|wattson|
|player|p2|phrogey|gardenia|
|gen|9
|tier|[Gen 9] OU
|rule|HP Percentage Mod: HP is shown in percentages
|rule|Endless Battle Clause: Forcing endless battles is banned
|rule|Species Clause: Limit one of each Pokémon
|rule|OHKO Clause: OHKO moves are banned
|rule|Evasion Items Clause: Evasion items are banned
|rule|Evasion Moves Clause: Evasion moves are banned
|rule|Evasion Abilities Clause: Evasion abilities are banned
|rule|Sleep Moves Clause: Sleep-inducing moves are banned
|clearpoke
|poke|p1|Reuniclus, F|
|poke|p1|Armarouge, M|
|poke|p1|Ampharos, M|
|poke|p1|Indeedee-F, F|
|poke|p1|Ursaluna, F|
|poke|p1|Scrafty, M|
|poke|p2|Raging Bolt|
|poke|p2|Alomomola, F|
|poke|p2|Lokix, M|
|poke|p2|Great Tusk|
|poke|p2|Kingambit, F|
|poke|p2|Primarina, F|
|teampreview
|c|☆phrogey|hiiii
|c|☆phrogey|gl hf
|c|☆7uc45|Hiii
|
|t:|1769375822
|teamsize|p1|6
|teamsize|p2|6
|start
|switch|p1a: Indeedee|Indeedee-F, F|100/100
|switch|p2a: Lokix|Lokix, M|100/100
|-fieldstart|move: Psychic Terrain|[from] ability: Psychic Surge|[of] p1a: Indeedee
|turn|1
|
|t:|1769375839
|switch|p1a: Vick|Scrafty, M|100/100
|move|p2a: Lokix|First Impression|p1a: Vick
|-activate|p1a: Vick|move: Psychic Terrain
|
|upkeep
|turn|2
|
|t:|1769375880
|switch|p2a: Primarina|Primarina, F|100/100
|move|p1a: Vick|Close Combat|p2a: Primarina
|-resisted|p2a: Primarina
|-damage|p2a: Primarina|83/100
|-unboost|p1a: Vick|def|1
|-unboost|p1a: Vick|spd|1
|
|-heal|p2a: Primarina|89/100|[from] item: Leftovers
|upkeep
|turn|3
|
|t:|1769375897
|switch|p1a: Mati|Ampharos, M|100/100
|move|p2a: Primarina|Substitute|p2a: Primarina
|-start|p2a: Primarina|Substitute
|-damage|p2a: Primarina|64/100
|
|-heal|p2a: Primarina|70/100|[from] item: Leftovers
|upkeep
|turn|4
|
|t:|1769375914
|move|p2a: Primarina|Calm Mind|p2a: Primarina
|-boost|p2a: Primarina|spa|1
|-boost|p2a: Primarina|spd|1
|move|p1a: Mati|Discharge|p2a: Primarina
|-supereffective|p2a: Primarina
|-end|p2a: Primarina|Substitute
|
|-heal|p2a: Primarina|76/100|[from] item: Leftovers
|upkeep
|turn|5
|
|t:|1769375941
|move|p2a: Primarina|Draining Kiss|p1a: Mati
|-damage|p1a: Mati|72/100
|-heal|p2a: Primarina|99/100|[from] drain|[of] p1a: Mati
|move|p1a: Mati|Discharge|p2a: Primarina
|-supereffective|p2a: Primarina
|-damage|p2a: Primarina|32/100
|
|-heal|p2a: Primarina|38/100|[from] item: Leftovers
|upkeep
|turn|6
|
|t:|1769375956
|switch|p2a: Raging Bolt|Raging Bolt|100/100
|move|p1a: Mati|Discharge|p2a: Raging Bolt
|-resisted|p2a: Raging Bolt
|-damage|p2a: Raging Bolt|86/100
|
|upkeep
|turn|7
|
|t:|1769375965
|switch|p1a: Ursaluna|Ursaluna, F|100/100
|-terastallize|p2a: Raging Bolt|Dragon
|move|p2a: Raging Bolt|Draco Meteor|p1a: Ursaluna|[miss]
|-miss|p2a: Raging Bolt|p1a: Ursaluna
|
|-status|p1a: Ursaluna|brn|[from] item: Flame Orb
|upkeep
|turn|8
|
|t:|1769375987
|move|p2a: Raging Bolt|Draco Meteor|p1a: Ursaluna
|-damage|p1a: Ursaluna|0 fnt
|-unboost|p2a: Raging Bolt|spa|2
|faint|p1a: Ursaluna
|
|-fieldend|move: Psychic Terrain
|upkeep
|
|t:|1769375990
|switch|p1a: Vick|Scrafty, M|100/100
|turn|9
|
|t:|1769376005
|-end|p2a: Raging Bolt|Protosynthesis|[silent]
|switch|p2a: Alomomola|Alomomola, F|100/100
|move|p1a: Vick|Ice Punch|p2a: Alomomola
|-resisted|p2a: Alomomola
|-damage|p2a: Alomomola|95/100
|
|upkeep
|turn|10
|
|t:|1769376012
|switch|p1a: Mati|Ampharos, M|72/100
|move|p2a: Alomomola|Wish|p2a: Alomomola
|
|upkeep
|turn|11
|
|t:|1769376020
|move|p1a: Mati|Discharge|p2a: Alomomola
|-supereffective|p2a: Alomomola
|-damage|p2a: Alomomola|0 fnt
|faint|p2a: Alomomola
|
|upkeep
|
|t:|1769376029
|switch|p2a: Raging Bolt|Raging Bolt, tera:Dragon|86/100
|turn|12
|
|t:|1769376034
|switch|p1a: Indeedee|Indeedee-F, F|100/100
|-fieldstart|move: Psychic Terrain|[from] ability: Psychic Surge|[of] p1a: Indeedee
|move|p2a: Raging Bolt|Volt Switch|p1a: Indeedee
|-damage|p1a: Indeedee|55/100
|
|t:|1769376043
|-end|p2a: Raging Bolt|Protosynthesis|[silent]
|switch|p2a: Great Tusk|Great Tusk|100/100|[from] Volt Switch
|
|upkeep
|turn|13
|
|t:|1769376057
|move|p2a: Great Tusk|Headlong Rush|p1a: Indeedee
|-damage|p1a: Indeedee|0 fnt
|-unboost|p2a: Great Tusk|def|1
|-unboost|p2a: Great Tusk|spd|1
|faint|p1a: Indeedee
|
|upkeep
|
|t:|1769376069
|switch|p1a: Viri|Reuniclus, F|100/100
|turn|14
|
|t:|1769376075
|move|p2a: Great Tusk|Knock Off|p1a: Viri
|-supereffective|p1a: Viri
|-damage|p1a: Viri|36/100
|-enditem|p1a: Viri|Life Orb|[from] move: Knock Off|[of] p2a: Great Tusk
|move|p1a: Viri|Trick Room|p1a: Viri
|-fieldstart|move: Trick Room|[of] p1a: Viri
|
|upkeep
|turn|15
|
|t:|1769376091
|move|p1a: Viri|Focus Blast|p2a: Great Tusk
|-damage|p2a: Great Tusk|6/100
|move|p2a: Great Tusk|Ice Spinner|p1a: Viri
|-damage|p1a: Viri|10/100
|-fieldend|move: Psychic Terrain
|
|upkeep
|turn|16
|
|t:|1769376109
|-end|p2a: Great Tusk|Protosynthesis|[silent]
|switch|p2a: Primarina|Primarina, F|38/100
|move|p1a: Viri|Recover|p1a: Viri
|-heal|p1a: Viri|60/100
|
|-heal|p2a: Primarina|44/100|[from] item: Leftovers
|upkeep
|turn|17
|
|t:|1769376118
|switch|p2a: Raging Bolt|Raging Bolt, tera:Dragon|86/100
|move|p1a: Viri|Recover|p1a: Viri
|-heal|p1a: Viri|100/100
|
|upkeep
|turn|18
|
|t:|1769376135
|move|p1a: Viri|Psyshock|p2a: Raging Bolt
|-damage|p2a: Raging Bolt|41/100
|move|p2a: Raging Bolt|Draco Meteor|p1a: Viri
|-damage|p1a: Viri|0 fnt
|-unboost|p2a: Raging Bolt|spa|2
|faint|p1a: Viri
|
|-fieldend|move: Trick Room
|upkeep
|
|t:|1769376144
|switch|p1a: Mati|Ampharos, M|72/100
|turn|19
|
|t:|1769376149
|-end|p2a: Raging Bolt|Protosynthesis|[silent]
|switch|p2a: Great Tusk|Great Tusk|6/100
|move|p1a: Mati|Dazzling Gleam|p2a: Great Tusk
|-supereffective|p2a: Great Tusk
|-damage|p2a: Great Tusk|0 fnt
|faint|p2a: Great Tusk
|-end|p2a: Great Tusk|Protosynthesis|[silent]
|
|upkeep
|
|t:|1769376161
|switch|p2a: Raging Bolt|Raging Bolt, tera:Dragon|41/100
|turn|20
|
|t:|1769376167
|move|p2a: Raging Bolt|Draco Meteor|p1a: Mati
|-damage|p1a: Mati|0 fnt
|-unboost|p2a: Raging Bolt|spa|2
|faint|p1a: Mati
|
|upkeep
|
|t:|1769376176
|switch|p1a: Vick|Scrafty, M|100/100
|turn|21
|
|t:|1769376187
|move|p2a: Raging Bolt|Draco Meteor|p1a: Vick
|-damage|p1a: Vick|53/100
|-unboost|p2a: Raging Bolt|spa|2
|move|p1a: Vick|Ice Punch|p2a: Raging Bolt
|-supereffective|p2a: Raging Bolt
|-damage|p2a: Raging Bolt|8/100
|
|upkeep
|turn|22
|
|t:|1769376201
|-end|p2a: Raging Bolt|Protosynthesis|[silent]
|switch|p2a: Primarina|Primarina, F|44/100
|move|p1a: Vick|Ice Punch|p2a: Primarina
|-resisted|p2a: Primarina
|-damage|p2a: Primarina|37/100
|
|-heal|p2a: Primarina|43/100|[from] item: Leftovers
|upkeep
|turn|23
|
|t:|1769376220
|move|p2a: Primarina|Calm Mind|p2a: Primarina
|-boost|p2a: Primarina|spa|1
|-boost|p2a: Primarina|spd|1
|move|p1a: Vick|Rock Slide|p2a: Primarina
|-damage|p2a: Primarina|29/100
|
|-heal|p2a: Primarina|35/100|[from] item: Leftovers
|upkeep
|turn|24
|
|t:|1769376228
|move|p2a: Primarina|Calm Mind|p2a: Primarina
|-boost|p2a: Primarina|spa|1
|-boost|p2a: Primarina|spd|1
|move|p1a: Vick|Close Combat|p2a: Primarina
|-resisted|p2a: Primarina
|-damage|p2a: Primarina|18/100
|-unboost|p1a: Vick|def|1
|-unboost|p1a: Vick|spd|1
|
|-heal|p2a: Primarina|24/100|[from] item: Leftovers
|upkeep
|turn|25
|
|t:|1769376241
|move|p2a: Primarina|Draining Kiss|p1a: Vick
|-supereffective|p1a: Vick
|-damage|p1a: Vick|0 fnt
|-heal|p2a: Primarina|53/100|[from] drain|[of] p1a: Vick
|faint|p1a: Vick
|
|-heal|p2a: Primarina|59/100|[from] item: Leftovers
|upkeep
|
|t:|1769376243
|switch|p1a: Armarouge|Armarouge, M|100/100
|turn|26
|
|t:|1769376249
|move|p1a: Armarouge|Energy Ball|p2a: Primarina
|-supereffective|p2a: Primarina
|-damage|p2a: Primarina|34/100
|move|p2a: Primarina|Psychic Noise|p1a: Armarouge
|-supereffective|p1a: Armarouge
|-damage|p1a: Armarouge|0 fnt
|faint|p1a: Armarouge
|
|win|phrogey
|c|☆7uc45|Gg
|c|☆phrogey|good first game
|c|☆phrogey|ill save the replay
|l|☆7uc45
|player|p1|
