|j|☆daughterofcain
|j|☆haitianprinc3
|t:|1769298788
|gametype|singles
|player|p1|daughterofcain|lady|1348
|player|p2|haitianprinc3|marshal|1380
|gen|9
|tier|[Gen 9] OU
|rated|
|rule|HP Percentage Mod: HP is shown in percentages
|rule|Endless Battle Clause: Forcing endless battles is banned
|rule|Species Clause: Limit one of each Pokémon
|rule|OHKO Clause: OHKO moves are banned
|rule|Evasion Items Clause: Evasion items are banned
|rule|Evasion Moves Clause: Evasion moves are banned
|rule|Evasion Abilities Clause: Evasion abilities are banned
|rule|Sleep Moves Clause: Sleep-inducing moves are banned
|clearpoke
|poke|p1|Volcanion|
|poke|p1|Ting-Lu|
|poke|p1|Gholdengo|
|poke|p1|Great Tusk|
|poke|p1|Sinistcha|
|poke|p1|Weezing-Galar, M|
|poke|p2|Politoed, M|
|poke|p2|Landorus-Therian, M|
|poke|p2|Goodra, M|
|poke|p2|Floatzel, M|
|poke|p2|Azumarill, F|
|poke|p2|Volcanion|
|teampreview
|inactive|Battle timer is ON: inactive players will automatically lose when time's up. (requested by haitianprinc3)
|
|t:|1769298805
|teamsize|p1|6
|teamsize|p2|6
|start
|switch|p1a: nuclear bomb|Volcanion|100/100
|switch|p2a: Goodra|Goodra, M|100/100
|turn|1
|
|t:|1769298815
|switch|p1a: ting lu who|Ting-Lu|100/100
|-ability|p1a: ting lu who|Vessel of Ruin
|move|p2a: Goodra|Draco Meteor|p1a: ting lu who
|-damage|p1a: ting lu who|62/100
|-unboost|p2a: Goodra|spa|2
|
|-heal|p1a: ting lu who|69/100|[from] item: Leftovers
|upkeep
|turn|2
|
|t:|1769298828
|switch|p2a: Politoed|Politoed, M|100/100
|-weather|RainDance|[from] ability: Drizzle|[of] p2a: Politoed
|move|p1a: ting lu who|Stealth Rock|p2a: Politoed
|-sidestart|p2: haitianprinc3|move: Stealth Rock
|
|-weather|RainDance|[upkeep]
|-heal|p1a: ting lu who|75/100|[from] item: Leftovers
|upkeep
|turn|3
|
|t:|1769298837
|switch|p1a: nuclear bomb|Volcanion|100/100
|move|p2a: Politoed|Surf|p1a: nuclear bomb
|-immune|p1a: nuclear bomb|[from] ability: Water Absorb
|
|-weather|RainDance|[upkeep]
|upkeep
|turn|4
|
|t:|1769298845
|switch|p2a: Volcanion|Volcanion|100/100
|-damage|p2a: Volcanion|76/100|[from] Stealth Rock
|move|p1a: nuclear bomb|Steam Eruption|p2a: Volcanion
|-heal|p2a: Volcanion|100/100|[from] ability: Water Absorb|[of] p1a: nuclear bomb
|
|-weather|RainDance|[upkeep]
|upkeep
|turn|5
|
|t:|1769298853
|move|p2a: Volcanion|Earth Power|p1a: nuclear bomb
|-supereffective|p1a: nuclear bomb
|-damage|p1a: nuclear bomb|0 fnt
|faint|p1a: nuclear bomb
|
|-weather|RainDance|[upkeep]
|upkeep
|
|t:|1769298856
|switch|p1a: radical randy|Gholdengo|100/100
|-item|p1a: radical randy|Air Balloon
|turn|6
|
|t:|1769298869
|switch|p2a: Azumarill|Azumarill, F|100/100
|-damage|p2a: Azumarill|88/100|[from] Stealth Rock
|move|p1a: radical randy|Thunder Wave|p2a: Azumarill
|-status|p2a: Azumarill|par
|
|-weather|RainDance|[upkeep]
|upkeep
|turn|7
|
|t:|1769298876
|switch|p1a: thats tea gurl|Sinistcha|100/100
|move|p2a: Azumarill|Liquidation|p1a: thats tea gurl
|-resisted|p1a: thats tea gurl
|-damage|p1a: thats tea gurl|75/100
|-unboost|p1a: thats tea gurl|def|1
|
|-weather|RainDance|[upkeep]
|upkeep
|turn|8
|
|t:|1769298883
|switch|p1a: british geezer|Weezing-Galar, M|100/100
|-ability|p1a: british geezer|Neutralizing Gas
|move|p2a: Azumarill|Knock Off|p1a: british geezer
|-resisted|p1a: british geezer
|-damage|p1a: british geezer|95/100
|-enditem|p1a: british geezer|Heavy-Duty Boots|[from] move: Knock Off|[of] p2a: Azumarill
|
|-weather|RainDance|[upkeep]
|upkeep
|turn|9
|
|t:|1769298892
|move|p1a: british geezer|Toxic Spikes|p2a: Azumarill
|-sidestart|p2: haitianprinc3|move: Toxic Spikes
|cant|p2a: Azumarill|par
|
|-weather|none
|upkeep
|turn|10
|
|t:|1769298900
|switch|p2a: Politoed|Politoed, M|100/100
|-damage|p2a: Politoed|88/100|[from] Stealth Rock
|-status|p2a: Politoed|psn
|move|p1a: british geezer|Toxic Spikes|p2a: Politoed
|-sidestart|p2: haitianprinc3|move: Toxic Spikes
|
|-damage|p2a: Politoed|76/100 psn|[from] psn
|upkeep
|turn|11
|
|t:|1769298910
|-end|p1a: british geezer|ability: Neutralizing Gas
|-weather|RainDance|[from] ability: Drizzle|[of] p2a: Politoed
|switch|p1a: ting lu who|Ting-Lu|75/100
|-ability|p1a: ting lu who|Vessel of Ruin
|move|p2a: Politoed|Surf|p1a: ting lu who
|-supereffective|p1a: ting lu who
|-damage|p1a: ting lu who|29/100
|
|-weather|RainDance|[upkeep]
|-heal|p1a: ting lu who|35/100|[from] item: Leftovers
|-damage|p2a: Politoed|64/100 psn|[from] psn
|upkeep
|turn|12
|
|t:|1769298919
|-terastallize|p1a: ting lu who|Water
|move|p2a: Politoed|Surf|p1a: ting lu who
|-resisted|p1a: ting lu who
|-damage|p1a: ting lu who|22/100
|move|p1a: ting lu who|Whirlwind|p2a: Politoed
|drag|p2a: Azumarill|Azumarill, F|88/100 par
|-damage|p2a: Azumarill|76/100 par|[from] Stealth Rock
|
|-weather|RainDance|[upkeep]
|-heal|p1a: ting lu who|29/100|[from] item: Leftovers
|upkeep
|turn|13
|
|t:|1769298932
|switch|p1a: british geezer|Weezing-Galar, M|95/100
|-ability|p1a: british geezer|Neutralizing Gas
|move|p2a: Azumarill|Play Rough|p1a: british geezer
|-resisted|p1a: british geezer
|-damage|p1a: british geezer|85/100
|
|-weather|RainDance|[upkeep]
|upkeep
|turn|14
|
|t:|1769298942
|move|p1a: british geezer|Sludge Bomb|p2a: Azumarill
|-supereffective|p2a: Azumarill
|-damage|p2a: Azumarill|38/100 par
|move|p2a: Azumarill|Liquidation|p1a: british geezer
|-damage|p1a: british geezer|59/100
|
|-weather|RainDance|[upkeep]
|upkeep
|turn|15
|inactive|haitianprinc3 has 120 seconds left.
|
|t:|1769298975
|move|p1a: british geezer|Sludge Bomb|p2a: Azumarill
|-supereffective|p2a: Azumarill
|-damage|p2a: Azumarill|1/100 par
|move|p2a: Azumarill|Liquidation|p1a: british geezer
|-damage|p1a: british geezer|33/100
|
|-weather|RainDance|[upkeep]
|upkeep
|turn|16
|
|t:|1769298982
|move|p2a: Azumarill|Aqua Jet|p1a: british geezer
|-damage|p1a: british geezer|21/100
|move|p1a: british geezer|Sludge Bomb|p2a: Azumarill
|-supereffective|p2a: Azumarill
|-damage|p2a: Azumarill|0 fnt
|faint|p2a: Azumarill
|
|-weather|RainDance|[upkeep]
|upkeep
|inactive|haitianprinc3 has 120 seconds left.
|
|t:|1769298996
|switch|p2a: Politoed|Politoed, M|64/100 psn
|-damage|p2a: Politoed|51/100 psn|[from] Stealth Rock
|turn|17
|
|t:|1769299002
|-end|p1a: british geezer|ability: Neutralizing Gas
|switch|p1a: ting lu who|Ting-Lu, tera:Water|29/100
|-ability|p1a: ting lu who|Vessel of Ruin
|move|p2a: Politoed|Ice Beam|p1a: ting lu who
|-resisted|p1a: ting lu who
|-damage|p1a: ting lu who|23/100
|
|-weather|RainDance|[upkeep]
|-heal|p1a: ting lu who|29/100|[from] item: Leftovers
|-damage|p2a: Politoed|39/100 psn|[from] psn
|upkeep
|turn|18
|
|t:|1769299012
|move|p2a: Politoed|Earth Power|p1a: ting lu who
|-damage|p1a: ting lu who|19/100
|move|p1a: ting lu who|Whirlwind|p2a: Politoed
|drag|p2a: Volcanion|Volcanion|100/100
|-damage|p2a: Volcanion|76/100|[from] Stealth Rock
|-status|p2a: Volcanion|tox
|
|-weather|none
|-heal|p1a: ting lu who|26/100|[from] item: Leftovers
|-damage|p2a: Volcanion|70/100 tox|[from] psn
|upkeep
|turn|19
|
|t:|1769299023
|move|p2a: Volcanion|Steam Eruption|p1a: ting lu who|[miss]
|-miss|p2a: Volcanion|p1a: ting lu who
|move|p1a: ting lu who|Earthquake|p2a: Volcanion
|-supereffective|p2a: Volcanion
|-damage|p2a: Volcanion|11/100 tox
|
|-heal|p1a: ting lu who|32/100|[from] item: Leftovers
|-damage|p2a: Volcanion|0 fnt|[from] psn
|faint|p2a: Volcanion
|upkeep
|
|t:|1769299031
|switch|p2a: Landorus|Landorus-Therian, M|100/100
|-damage|p2a: Landorus|88/100|[from] Stealth Rock
|-ability|p2a: Landorus|Intimidate|boost
|-unboost|p1a: ting lu who|atk|1
|turn|20
|
|t:|1769299038
|switch|p1a: the undertaker|Great Tusk|100/100
|move|p2a: Landorus|Earthquake|p1a: the undertaker
|-damage|p1a: the undertaker|62/100
|
|upkeep
|turn|21
|
|t:|1769299045
|switch|p2a: Politoed|Politoed, M|39/100 psn
|-damage|p2a: Politoed|27/100 psn|[from] Stealth Rock
|-weather|RainDance|[from] ability: Drizzle|[of] p2a: Politoed
|move|p1a: the undertaker|Rapid Spin|p2a: Politoed
|-damage|p2a: Politoed|7/100 psn
|-boost|p1a: the undertaker|spe|1
|
|-weather|RainDance|[upkeep]
|-damage|p2a: Politoed|0 fnt|[from] psn
|faint|p2a: Politoed
|upkeep
|
|t:|1769299054
|switch|p2a: Floatzel|Floatzel, M|100/100
|-damage|p2a: Floatzel|88/100|[from] Stealth Rock
|-status|p2a: Floatzel|tox
|turn|22
|
|t:|1769299064
|move|p2a: Floatzel|Wave Crash|p1a: the undertaker
|-supereffective|p1a: the undertaker
|-damage|p1a: the undertaker|0 fnt
|faint|p1a: the undertaker
|-end|p1a: the undertaker|Protosynthesis|[silent]
|-damage|p2a: Floatzel|64/100 tox|[from] Recoil
|
|-weather|RainDance|[upkeep]
|-damage|p2a: Floatzel|58/100 tox|[from] psn
|upkeep
|
|t:|1769299068
|switch|p1a: thats tea gurl|Sinistcha|75/100
|turn|23
|
|t:|1769299072
|-terastallize|p2a: Floatzel|Water
|move|p2a: Floatzel|Wave Crash|p1a: thats tea gurl
|-resisted|p1a: thats tea gurl
|-damage|p1a: thats tea gurl|19/100
|-damage|p2a: Floatzel|37/100 tox|[from] Recoil
|move|p1a: thats tea gurl|Strength Sap|p2a: Floatzel
|-unboost|p2a: Floatzel|atk|1
|-heal|p1a: thats tea gurl|100/100
|
|-weather|RainDance|[upkeep]
|-damage|p2a: Floatzel|25/100 tox|[from] psn
|upkeep
|turn|24
|
|t:|1769299082
|switch|p2a: Goodra|Goodra, M|100/100
|-damage|p2a: Goodra|88/100|[from] Stealth Rock
|-status|p2a: Goodra|tox
|move|p1a: thats tea gurl|Matcha Gotcha|p2a: Goodra
|-ability|p2a: Goodra|Sap Sipper|boost
|-boost|p2a: Goodra|atk|1
|
|-weather|RainDance|[upkeep]
|-damage|p2a: Goodra|82/100 tox|[from] psn
|upkeep
|turn|25
|
|t:|1769299099
|move|p2a: Goodra|Sludge Bomb|p1a: thats tea gurl
|-damage|p1a: thats tea gurl|49/100
|move|p1a: thats tea gurl|Shadow Ball|p2a: Goodra
|-damage|p2a: Goodra|57/100 tox
|
|-weather|RainDance|[upkeep]
|-damage|p2a: Goodra|44/100 tox|[from] psn
|upkeep
|turn|26
|
|t:|1769299104
|move|p2a: Goodra|Sludge Bomb|p1a: thats tea gurl
|-damage|p1a: thats tea gurl|3/100
|move|p1a: thats tea gurl|Shadow Ball|p2a: Goodra
|-damage|p2a: Goodra|20/100 tox
|
|-weather|RainDance|[upkeep]
|-damage|p2a: Goodra|1/100 tox|[from] psn
|upkeep
|turn|27
|
|t:|1769299110
|move|p2a: Goodra|Sludge Bomb|p1a: thats tea gurl
|-damage|p1a: thats tea gurl|0 fnt
|faint|p1a: thats tea gurl
|
|-weather|RainDance|[upkeep]
|-damage|p2a: Goodra|0 fnt|[from] psn
|faint|p2a: Goodra
|upkeep
|
|t:|1769299124
|switch|p2a: Floatzel|Floatzel, M, tera:Water|25/100 tox
|switch|p1a: ting lu who|Ting-Lu, tera:Water|32/100
|-damage|p2a: Floatzel|13/100 tox|[from] Stealth Rock
|-ability|p1a: ting lu who|Vessel of Ruin
|turn|28
|
|t:|1769299128
|move|p2a: Floatzel|Wave Crash|p1a: ting lu who
|-resisted|p1a: ting lu who
|-damage|p1a: ting lu who|0 fnt
|faint|p1a: ting lu who
|-damage|p2a: Floatzel|0 fnt|[from] Recoil
|faint|p2a: Floatzel
|
|-weather|none
|upkeep
|
|t:|1769299135
|switch|p2a: Landorus|Landorus-Therian, M|88/100
|switch|p1a: british geezer|Weezing-Galar, M|21/100
|-ability|p1a: british geezer|Neutralizing Gas
|-damage|p2a: Landorus|76/100|[from] Stealth Rock
|turn|29
|
|t:|1769299151
|move|p2a: Landorus|Stone Edge|p1a: british geezer
|-damage|p1a: british geezer|0 fnt
|faint|p1a: british geezer
|-end|p1a: british geezer|ability: Neutralizing Gas
|
|upkeep
|
|t:|1769299153
|switch|p1a: radical randy|Gholdengo|100/100
|-item|p1a: radical randy|Air Balloon
|turn|30
|
|t:|1769299157
|move|p2a: Landorus|Stone Edge|p1a: radical randy
|-resisted|p1a: radical randy
|-damage|p1a: radical randy|86/100
|-enditem|p1a: radical randy|Air Balloon
|move|p1a: radical randy|Hex|p2a: Landorus
|-damage|p2a: Landorus|39/100
|
|upkeep
|turn|31
|
|t:|1769299161
|move|p2a: Landorus|Stone Edge|p1a: radical randy|[miss]
|-miss|p2a: Landorus|p1a: radical randy
|move|p1a: radical randy|Hex|p2a: Landorus
|-damage|p2a: Landorus|2/100
|
|upkeep
|turn|32
|
|t:|1769299164
|move|p2a: Landorus|Stone Edge|p1a: radical randy
|-resisted|p1a: radical randy
|-damage|p1a: radical randy|72/100
|move|p1a: radical randy|Hex|p2a: Landorus
|-damage|p2a: Landorus|0 fnt
|faint|p2a: Landorus
|
|win|daughterofcain
|raw|daughterofcain's rating: 1348 &rarr; <strong>1370</strong><br />(+22 for winning)
|raw|haitianprinc3's rating: 1380 &rarr; <strong>1358</strong><br />(-22 for losing)
|c|☆daughterofcain|gg
|l|☆haitianprinc3
|player|p2|
|l|☆daughterofcain
|player|p1|
