|j|☆Orange74
|j|☆Anony1Moose11
|t:|1769419000
|gametype|singles
|player|p1|Orange74|bugsy-masters|1313
|player|p2|Anony1Moose11|karen|1317
|gen|9
|tier|[Gen 9] OU
|rated|
|rule|HP Percentage Mod: HP is shown in percentages
|rule|Endless Battle Clause: Forcing endless battles is banned
|rule|Species Clause: Limit one of each Pokémon
|rule|OHKO Clause: OHKO moves are banned
|rule|Evasion Items Clause: Evasion items are banned
|rule|Evasion Moves Clause: Evasion moves are banned
|rule|Evasion Abilities Clause: Evasion abilities are banned
|rule|Sleep Moves Clause: Sleep-inducing moves are banned
|clearpoke
|poke|p1|Ting-Lu|
|poke|p1|Walking Wake|
|poke|p1|Iron Moth|
|poke|p1|Corviknight, F|
|poke|p1|Tornadus-Therian, M|
|poke|p1|Ogerpon-Cornerstone, F|
|poke|p2|Hoopa-Unbound|
|poke|p2|Indeedee, M|
|poke|p2|Hatterene, F|
|poke|p2|Ursaluna, M|
|poke|p2|Iron Hands|
|poke|p2|Mimikyu, M|
|teampreview
|inactive|Battle timer is ON: inactive players will automatically lose when time's up. (requested by Anony1Moose11)
|
|t:|1769419019
|teamsize|p1|6
|teamsize|p2|6
|start
|switch|p1a: Ogerpon|Ogerpon-Cornerstone, F|100/100
|switch|p2a: Iron Hands|Iron Hands|100/100
|-enditem|p2a: Iron Hands|Booster Energy
|-activate|p2a: Iron Hands|ability: Quark Drive|[fromitem]
|-start|p2a: Iron Hands|quarkdriveatk
|turn|1
|
|t:|1769419032
|move|p1a: Ogerpon|Swords Dance|p1a: Ogerpon
|-boost|p1a: Ogerpon|atk|2
|move|p2a: Iron Hands|Heavy Slam|p1a: Ogerpon
|-supereffective|p1a: Ogerpon
|-ability|p1a: Ogerpon|Sturdy
|-damage|p1a: Ogerpon|1/100
|
|upkeep
|turn|2
|
|t:|1769419045
|move|p1a: Ogerpon|Ivy Cudgel|p2a: Iron Hands|[anim] Ivy Cudgel Rock
|-resisted|p2a: Iron Hands
|-damage|p2a: Iron Hands|59/100
|move|p2a: Iron Hands|Heavy Slam|p1a: Ogerpon
|-supereffective|p1a: Ogerpon
|-damage|p1a: Ogerpon|0 fnt
|faint|p1a: Ogerpon
|
|upkeep
|
|t:|1769419054
|switch|p1a: The Moth|Iron Moth|100/100
|-enditem|p1a: The Moth|Booster Energy
|-activate|p1a: The Moth|ability: Quark Drive|[fromitem]
|-start|p1a: The Moth|quarkdrivespe
|turn|3
|
|t:|1769419059
|-end|p2a: Iron Hands|Quark Drive|[silent]
|switch|p2a: Indeedee|Indeedee, M|100/100
|-fieldstart|move: Psychic Terrain|[from] ability: Psychic Surge|[of] p2a: Indeedee
|move|p1a: The Moth|Dazzling Gleam|p2a: Indeedee
|-damage|p2a: Indeedee|72/100
|
|upkeep
|turn|4
|
|t:|1769419066
|move|p1a: The Moth|Fiery Dance|p2a: Indeedee
|-damage|p2a: Indeedee|29/100
|move|p2a: Indeedee|Trick Room|p2a: Indeedee
|-fieldstart|move: Trick Room|[of] p2a: Indeedee
|
|upkeep
|turn|5
|
|t:|1769419072
|switch|p2a: Ursaluna|Ursaluna, M|100/100
|move|p1a: The Moth|Fiery Dance|p2a: Ursaluna
|-damage|p2a: Ursaluna|63/100
|
|-status|p2a: Ursaluna|brn|[from] item: Flame Orb
|upkeep
|turn|6
|
|t:|1769419083
|-end|p1a: The Moth|Quark Drive|[silent]
|switch|p1a: Big 'Lu|Ting-Lu|100/100
|-ability|p1a: Big 'Lu|Vessel of Ruin
|move|p2a: Ursaluna|Facade|p1a: Big 'Lu
|-damage|p1a: Big 'Lu|29/100
|
|-heal|p1a: Big 'Lu|35/100|[from] item: Leftovers
|-damage|p2a: Ursaluna|57/100 brn|[from] brn
|upkeep
|turn|7
|
|t:|1769419091
|move|p1a: Big 'Lu|Rest|p1a: Big 'Lu
|-status|p1a: Big 'Lu|slp|[from] move: Rest
|-heal|p1a: Big 'Lu|100/100 slp|[silent]
|move|p2a: Ursaluna|Facade|p1a: Big 'Lu
|-damage|p1a: Big 'Lu|33/100 slp
|
|-heal|p1a: Big 'Lu|39/100 slp|[from] item: Leftovers
|-damage|p2a: Ursaluna|51/100 brn|[from] brn
|upkeep
|turn|8
|
|t:|1769419097
|cant|p1a: Big 'Lu|slp
|move|p1a: Big 'Lu|Sleep Talk|p1a: Big 'Lu
|move|p1a: Big 'Lu|Ruination|p2a: Ursaluna|[from] move: Sleep Talk
|-damage|p2a: Ursaluna|26/100 brn
|move|p2a: Ursaluna|Facade|p1a: Big 'Lu
|-damage|p1a: Big 'Lu|0 fnt
|faint|p1a: Big 'Lu
|
|-damage|p2a: Ursaluna|20/100 brn|[from] brn
|-fieldend|move: Trick Room
|upkeep
|
|t:|1769419102
|switch|p1a: The Moth|Iron Moth|100/100
|turn|9
|
|t:|1769419111
|switch|p2a: Hoopa|Hoopa-Unbound|100/100
|-enditem|p2a: Hoopa|Psychic Seed
|-boost|p2a: Hoopa|spd|1|[from] item: Psychic Seed
|move|p1a: The Moth|Fiery Dance|p2a: Hoopa
|-damage|p2a: Hoopa|80/100
|-boost|p1a: The Moth|spa|1
|
|upkeep
|turn|10
|
|t:|1769419118
|move|p1a: The Moth|Dazzling Gleam|p2a: Hoopa
|-supereffective|p2a: Hoopa
|-damage|p2a: Hoopa|37/100
|move|p2a: Hoopa|Expanding Force|p1a: The Moth
|-supereffective|p1a: The Moth
|-damage|p1a: The Moth|0 fnt
|faint|p1a: The Moth
|-end|p1a: The Moth|Quark Drive|[silent]
|
|-fieldend|move: Psychic Terrain
|upkeep
|
|t:|1769419123
|switch|p1a: The Wake|Walking Wake|100/100
|turn|11
|
|t:|1769419129
|switch|p2a: Mimikyu|Mimikyu, M|100/100
|move|p1a: The Wake|Hydro Steam|p2a: Mimikyu
|-activate|p2a: Mimikyu|ability: Disguise
|-damage|p2a: Mimikyu|100/100
|detailschange|p2a: Mimikyu|Mimikyu-Busted, M
|-damage|p2a: Mimikyu|88/100|[from] pokemon: Mimikyu-Busted
|-enditem|p2a: Mimikyu|Red Card|[of] p1a: The Wake
|-end|p1a: The Wake|Protosynthesis|[silent]
|drag|p1a: Corviknight|Corviknight, F|100/100
|-ability|p1a: Corviknight|Pressure
|
|upkeep
|turn|12
|
|t:|1769419142
|move|p2a: Mimikyu|Curse|p1a: Corviknight
|-start|p1a: Corviknight|Curse|[of] p2a: Mimikyu
|-damage|p2a: Mimikyu|38/100
|move|p1a: Corviknight|U-turn|p2a: Mimikyu
|-resisted|p2a: Mimikyu
|-damage|p2a: Mimikyu|34/100
|
|t:|1769419146
|switch|p1a: The Wake|Walking Wake|100/100|[from] U-turn
|
|upkeep
|turn|13
|
|t:|1769419149
|move|p1a: The Wake|Hydro Steam|p2a: Mimikyu
|-crit|p2a: Mimikyu
|-damage|p2a: Mimikyu|0 fnt
|faint|p2a: Mimikyu
|
|upkeep
|
|t:|1769419154
|switch|p2a: Hatterene|Hatterene, F|100/100
|turn|14
|
|t:|1769419158
|-end|p1a: The Wake|Protosynthesis|[silent]
|switch|p1a: Corviknight|Corviknight, F|100/100
|-ability|p1a: Corviknight|Pressure
|move|p2a: Hatterene|Draining Kiss|p1a: Corviknight
|-resisted|p1a: Corviknight
|-damage|p1a: Corviknight|81/100
|-damage|p2a: Hatterene|84/100|[from] item: Rocky Helmet|[of] p1a: Corviknight
|-damage|p2a: Hatterene|74/100|[from] item: Life Orb
|
|upkeep
|turn|15
|
|t:|1769419163
|move|p1a: Corviknight|Brave Bird|p2a: Hatterene
|-damage|p2a: Hatterene|36/100
|-damage|p1a: Corviknight|71/100|[from] Recoil
|move|p2a: Hatterene|Mystical Fire|p1a: Corviknight
|-supereffective|p1a: Corviknight
|-damage|p1a: Corviknight|0 fnt
|faint|p1a: Corviknight
|-damage|p2a: Hatterene|27/100|[from] item: Life Orb
|
|upkeep
|
|t:|1769419169
|switch|p1a: The Wake|Walking Wake|100/100
|turn|16
|
|t:|1769419176
|switch|p2a: Iron Hands|Iron Hands|59/100
|move|p1a: The Wake|Hydro Steam|p2a: Iron Hands
|-damage|p2a: Iron Hands|15/100
|
|upkeep
|turn|17
|
|t:|1769419186
|move|p1a: The Wake|Hydro Steam|p2a: Iron Hands
|-damage|p2a: Iron Hands|0 fnt
|faint|p2a: Iron Hands
|-end|p2a: Iron Hands|Quark Drive|[silent]
|
|upkeep
|
|t:|1769419212
|switch|p2a: Indeedee|Indeedee, M|29/100
|-fieldstart|move: Psychic Terrain|[from] ability: Psychic Surge|[of] p2a: Indeedee
|turn|18
|
|t:|1769419215
|move|p1a: The Wake|Hydro Steam|p2a: Indeedee
|-crit|p2a: Indeedee
|-damage|p2a: Indeedee|0 fnt
|faint|p2a: Indeedee
|
|upkeep
|
|t:|1769419219
|switch|p2a: Hoopa|Hoopa-Unbound|37/100
|turn|19
|
|t:|1769419222
|move|p1a: The Wake|Hydro Steam|p2a: Hoopa
|-crit|p2a: Hoopa
|-damage|p2a: Hoopa|0 fnt
|faint|p2a: Hoopa
|
|upkeep
|
|t:|1769419226
|switch|p2a: Ursaluna|Ursaluna, M|20/100 brn
|turn|20
|
|t:|1769419228
|move|p1a: The Wake|Hydro Steam|p2a: Ursaluna
|-supereffective|p2a: Ursaluna
|-damage|p2a: Ursaluna|0 fnt
|faint|p2a: Ursaluna
|
|upkeep
|
|t:|1769419230
|switch|p2a: Hatterene|Hatterene, F|27/100
|turn|21
|
|t:|1769419233
|-terastallize|p2a: Hatterene|Stellar
|move|p1a: The Wake|Hydro Steam|p2a: Hatterene
|-damage|p2a: Hatterene|0 fnt
|faint|p2a: Hatterene
|
|win|Orange74
|raw|Orange74's rating: 1313 &rarr; <strong>1333</strong><br />(+20 for winning)
|raw|Anony1Moose11's rating: 1317 &rarr; <strong>1297</strong><br />(-20 for losing)
|l|☆Anony1Moose11
|player|p2|
|l|☆Orange74
|player|p1|
