|j|☆sparkelzlol
|j|☆DLTVS kochu
|t:|1769425989
|gametype|singles
|player|p1|sparkelzlol|wallace|
|player|p2|DLTVS kochu|morty-masters2|
|gen|9
|tier|[Gen 9] OU
|rule|HP Percentage Mod: HP is shown in percentages
|rule|Endless Battle Clause: Forcing endless battles is banned
|rule|Species Clause: Limit one of each Pokémon
|rule|OHKO Clause: OHKO moves are banned
|rule|Evasion Items Clause: Evasion items are banned
|rule|Evasion Moves Clause: Evasion moves are banned
|rule|Evasion Abilities Clause: Evasion abilities are banned
|rule|Sleep Moves Clause: Sleep-inducing moves are banned
|clearpoke
|poke|p1|Hydrapple, M|
|poke|p1|Tyranitar, F|
|poke|p1|Moltres|
|poke|p1|Zamazenta-*|
|poke|p1|Slowking-Galar, M|
|poke|p1|Excadrill, F|
|poke|p2|Iron Valiant|
|poke|p2|Raging Bolt|
|poke|p2|Corviknight, M|
|poke|p2|Great Tusk|
|poke|p2|Slowking-Galar, M|
|poke|p2|Samurott-Hisui, M|
|teampreview
|inactive|Battle timer is ON: inactive players will automatically lose when time's up. (requested by sparkelzlol)
|inactive|DLTVS kochu also wants the timer to be on.
|inactive|DLTVS kochu has 270 seconds left.
|
|t:|1769426039
|teamsize|p1|6
|teamsize|p2|6
|start
|switch|p1a: Zamazenta|Zamazenta|100/100
|switch|p2a: Raging Bolt|Raging Bolt|100/100
|-ability|p1a: Zamazenta|Dauntless Shield|boost
|-boost|p1a: Zamazenta|def|1
|turn|1
|
|t:|1769426054
|switch|p1a: Tyranitar|Tyranitar, F|100/100
|-weather|Sandstorm|[from] ability: Sand Stream|[of] p1a: Tyranitar
|move|p2a: Raging Bolt|Thunderbolt|p1a: Tyranitar
|-damage|p1a: Tyranitar|78/100
|
|-weather|Sandstorm|[upkeep]
|-damage|p2a: Raging Bolt|94/100|[from] Sandstorm
|upkeep
|turn|2
|
|t:|1769426064
|move|p2a: Raging Bolt|Volt Switch|p1a: Tyranitar
|-damage|p1a: Tyranitar|62/100
|
|t:|1769426069
|-end|p2a: Raging Bolt|Protosynthesis|[silent]
|switch|p2a: Great Tusk|Great Tusk|100/100|[from] Volt Switch
|move|p1a: Tyranitar|Ice Punch|p2a: Great Tusk
|-supereffective|p2a: Great Tusk
|-damage|p2a: Great Tusk|66/100
|-status|p2a: Great Tusk|frz
|
|-weather|Sandstorm|[upkeep]
|-heal|p2a: Great Tusk|72/100 frz|[from] item: Leftovers
|upkeep
|turn|3
|
|t:|1769426078
|cant|p2a: Great Tusk|frz
|move|p1a: Tyranitar|Stealth Rock|p2a: Great Tusk
|-sidestart|p2: DLTVS kochu|move: Stealth Rock
|
|-weather|Sandstorm|[upkeep]
|-heal|p2a: Great Tusk|78/100 frz|[from] item: Leftovers
|upkeep
|turn|4
|
|t:|1769426086
|switch|p1a: Moltres|Moltres|100/100
|cant|p2a: Great Tusk|frz
|
|-weather|Sandstorm|[upkeep]
|-damage|p1a: Moltres|94/100|[from] Sandstorm
|-heal|p2a: Great Tusk|85/100 frz|[from] item: Leftovers
|upkeep
|turn|5
|
|t:|1769426094
|-end|p2a: Great Tusk|Protosynthesis|[silent]
|switch|p2a: Raging Bolt|Raging Bolt|94/100
|move|p1a: Moltres|Flamethrower|p2a: Raging Bolt
|-resisted|p2a: Raging Bolt
|-damage|p2a: Raging Bolt|77/100
|
|-weather|Sandstorm|[upkeep]
|-damage|p2a: Raging Bolt|71/100|[from] Sandstorm
|-damage|p1a: Moltres|88/100|[from] Sandstorm
|upkeep
|turn|6
|
|t:|1769426099
|switch|p1a: Slowking|Slowking-Galar, M|100/100
|move|p2a: Raging Bolt|Volt Switch|p1a: Slowking
|-damage|p1a: Slowking|80/100
|
|t:|1769426108
|-end|p2a: Raging Bolt|Protosynthesis|[silent]
|switch|p2a: Samurott|Samurott-Hisui, M|100/100|[from] Volt Switch
|-damage|p2a: Samurott|88/100|[from] Stealth Rock
|
|-weather|Sandstorm|[upkeep]
|-damage|p2a: Samurott|82/100|[from] Sandstorm
|-damage|p1a: Slowking|74/100|[from] Sandstorm
|upkeep
|turn|7
|
|t:|1769426119
|switch|p1a: Zamazenta|Zamazenta|100/100
|move|p2a: Samurott|Ceaseless Edge|p1a: Zamazenta
|-resisted|p1a: Zamazenta
|-damage|p1a: Zamazenta|81/100
|-sidestart|p1: sparkelzlol|Spikes
|
|-weather|Sandstorm|[upkeep]
|-damage|p1a: Zamazenta|75/100|[from] Sandstorm
|-damage|p2a: Samurott|76/100|[from] Sandstorm
|-heal|p1a: Zamazenta|81/100|[from] item: Leftovers
|upkeep
|turn|8
|
|t:|1769426124
|-terastallize|p2a: Samurott|Ghost
|move|p1a: Zamazenta|Body Press|p2a: Samurott
|-immune|p2a: Samurott
|move|p2a: Samurott|Aqua Cutter|p1a: Zamazenta
|-damage|p1a: Zamazenta|42/100
|
|-weather|none
|-heal|p1a: Zamazenta|48/100|[from] item: Leftovers
|upkeep
|turn|9
|
|t:|1769426130
|move|p1a: Zamazenta|Iron Defense|p1a: Zamazenta
|-boost|p1a: Zamazenta|def|2
|move|p2a: Samurott|Aqua Cutter|p1a: Zamazenta
|-damage|p1a: Zamazenta|29/100
|
|-heal|p1a: Zamazenta|35/100|[from] item: Leftovers
|upkeep
|turn|10
|
|t:|1769426137
|switch|p2a: Iron Valiant|Iron Valiant|100/100
|-damage|p2a: Iron Valiant|94/100|[from] Stealth Rock
|-enditem|p2a: Iron Valiant|Booster Energy
|-activate|p2a: Iron Valiant|ability: Quark Drive|[fromitem]
|-start|p2a: Iron Valiant|quarkdrivespe
|move|p1a: Zamazenta|Crunch|p2a: Iron Valiant
|-resisted|p2a: Iron Valiant
|-damage|p2a: Iron Valiant|88/100
|
|-heal|p1a: Zamazenta|41/100|[from] item: Leftovers
|upkeep
|turn|11
|
|t:|1769426146
|switch|p1a: Slowking|Slowking-Galar, M|100/100
|-damage|p1a: Slowking|88/100|[from] Spikes
|move|p2a: Iron Valiant|Moonblast|p1a: Slowking
|-resisted|p1a: Slowking
|-damage|p1a: Slowking|76/100
|
|upkeep
|turn|12
|
|t:|1769426166
|-terastallize|p1a: Slowking|Grass
|move|p2a: Iron Valiant|Knock Off|p1a: Slowking
|-damage|p1a: Slowking|54/100
|-enditem|p1a: Slowking|Assault Vest|[from] move: Knock Off|[of] p2a: Iron Valiant
|move|p1a: Slowking|Sludge Bomb|p2a: Iron Valiant
|-supereffective|p2a: Iron Valiant
|-damage|p2a: Iron Valiant|0 fnt
|faint|p2a: Iron Valiant
|-end|p2a: Iron Valiant|Quark Drive|[silent]
|
|upkeep
|inactive|DLTVS kochu has 270 seconds left.
|
|t:|1769426192
|switch|p2a: Slowking|Slowking-Galar, M|100/100
|turn|13
|
|t:|1769426202
|switch|p1a: Tyranitar|Tyranitar, F|62/100
|-damage|p1a: Tyranitar|49/100|[from] Spikes
|-weather|Sandstorm|[from] ability: Sand Stream|[of] p1a: Tyranitar
|move|p2a: Slowking|Sludge Bomb|p1a: Tyranitar
|-resisted|p1a: Tyranitar
|-damage|p1a: Tyranitar|42/100
|
|-weather|Sandstorm|[upkeep]
|-damage|p2a: Slowking|94/100|[from] Sandstorm
|upkeep
|turn|14
|inactive|DLTVS kochu has 270 seconds left.
|
|t:|1769426213
|move|p1a: Tyranitar|Knock Off|p2a: Slowking
|-supereffective|p2a: Slowking
|-damage|p2a: Slowking|13/100
|-enditem|p2a: Slowking|Heavy-Duty Boots|[from] move: Knock Off|[of] p1a: Tyranitar
|-prepare|p2a: Slowking|Chilly Reception|[premajor]
|move|p2a: Slowking|Chilly Reception|p2a: Slowking
|-weather|Snowscape
|
|t:|1769426219
|switch|p2a: Great Tusk|Great Tusk|85/100 frz|[from] Chilly Reception
|-damage|p2a: Great Tusk|82/100 frz|[from] Stealth Rock
|
|-weather|Snowscape|[upkeep]
|-heal|p2a: Great Tusk|88/100 frz|[from] item: Leftovers
|upkeep
|turn|15
|inactive|DLTVS kochu has 270 seconds left.
|
|t:|1769426231
|switch|p1a: Moltres|Moltres|88/100
|cant|p2a: Great Tusk|frz
|
|-weather|Snowscape|[upkeep]
|-heal|p2a: Great Tusk|94/100 frz|[from] item: Leftovers
|upkeep
|turn|16
|inactive|DLTVS kochu has 270 seconds left.
|
|t:|1769426240
|cant|p2a: Great Tusk|frz
|move|p1a: Moltres|U-turn|p2a: Great Tusk
|-resisted|p2a: Great Tusk
|-damage|p2a: Great Tusk|88/100 frz
|c|☆DLTVS kochu|shit game
|
|t:|1769426248
|switch|p1a: Zamazenta|Zamazenta|41/100|[from] U-turn
|-damage|p1a: Zamazenta|29/100|[from] Spikes
|
|-weather|Snowscape|[upkeep]
|-heal|p1a: Zamazenta|35/100|[from] item: Leftovers
|-heal|p2a: Great Tusk|95/100 frz|[from] item: Leftovers
|upkeep
|turn|17
|
|t:|1769426251
|move|p1a: Zamazenta|Iron Defense|p1a: Zamazenta
|-boost|p1a: Zamazenta|def|2
|cant|p2a: Great Tusk|frz
|
|-weather|Snowscape|[upkeep]
|-heal|p1a: Zamazenta|41/100|[from] item: Leftovers
|-heal|p2a: Great Tusk|100/100 frz|[from] item: Leftovers
|upkeep
|turn|18
|
|t:|1769426255
|move|p1a: Zamazenta|Iron Defense|p1a: Zamazenta
|-boost|p1a: Zamazenta|def|2
|cant|p2a: Great Tusk|frz
|
|-weather|none
|-heal|p1a: Zamazenta|47/100|[from] item: Leftovers
|upkeep
|turn|19
|
|t:|1769426267
|-end|p2a: Great Tusk|Protosynthesis|[silent]
|switch|p2a: Samurott|Samurott-Hisui, M, tera:Ghost|76/100
|-damage|p2a: Samurott|64/100|[from] Stealth Rock
|move|p1a: Zamazenta|Iron Defense|p1a: Zamazenta
|-boost|p1a: Zamazenta|def|2
|
|-heal|p1a: Zamazenta|53/100|[from] item: Leftovers
|upkeep
|turn|20
|c|☆sparkelzlol|lmao
|
|t:|1769426273
|move|p1a: Zamazenta|Crunch|p2a: Samurott
|-supereffective|p2a: Samurott
|-damage|p2a: Samurott|13/100
|move|p2a: Samurott|Aqua Cutter|p1a: Zamazenta
|-damage|p1a: Zamazenta|42/100
|
|-heal|p1a: Zamazenta|48/100|[from] item: Leftovers
|upkeep
|turn|21
|c|☆sparkelzlol|im sorry :sob:
|
|t:|1769426280
|move|p2a: Samurott|Aqua Jet|p1a: Zamazenta
|-damage|p1a: Zamazenta|44/100
|move|p1a: Zamazenta|Crunch|p2a: Samurott
|-supereffective|p2a: Samurott
|-damage|p2a: Samurott|0 fnt
|faint|p2a: Samurott
|
|-heal|p1a: Zamazenta|51/100|[from] item: Leftovers
|upkeep
|c|☆DLTVS kochu|nws
|
|t:|1769426291
|switch|p2a: Slowking|Slowking-Galar, M|46/100
|-damage|p2a: Slowking|34/100|[from] Stealth Rock
|turn|22
|
|t:|1769426305
|switch|p2a: Great Tusk|Great Tusk|100/100 frz
|-damage|p2a: Great Tusk|98/100 frz|[from] Stealth Rock
|move|p1a: Zamazenta|Crunch|p2a: Great Tusk
|-resisted|p2a: Great Tusk
|-damage|p2a: Great Tusk|90/100 frz
|
|-heal|p1a: Zamazenta|57/100|[from] item: Leftovers
|-heal|p2a: Great Tusk|96/100 frz|[from] item: Leftovers
|upkeep
|turn|23
|
|t:|1769426317
|move|p1a: Zamazenta|Body Press|p2a: Great Tusk
|-damage|p2a: Great Tusk|0 fnt
|faint|p2a: Great Tusk
|-end|p2a: Great Tusk|Protosynthesis|[silent]
|
|-heal|p1a: Zamazenta|63/100|[from] item: Leftovers
|upkeep
|
|t:|1769426327
|switch|p2a: Slowking|Slowking-Galar, M|67/100
|-damage|p2a: Slowking|55/100|[from] Stealth Rock
|turn|24
|
|t:|1769426332
|move|p1a: Zamazenta|Crunch|p2a: Slowking
|-supereffective|p2a: Slowking
|-damage|p2a: Slowking|7/100
|move|p2a: Slowking|Future Sight|p1a: Zamazenta
|-start|p2a: Slowking|move: Future Sight
|
|-heal|p1a: Zamazenta|69/100|[from] item: Leftovers
|upkeep
|turn|25
|
|t:|1769426338
|switch|p2a: Corviknight|Corviknight, M|100/100
|-damage|p2a: Corviknight|88/100|[from] Stealth Rock
|-ability|p2a: Corviknight|Pressure
|move|p1a: Zamazenta|Body Press|p2a: Corviknight
|-damage|p2a: Corviknight|0 fnt
|-damage|p1a: Zamazenta|52/100|[from] item: Rocky Helmet|[of] p2a: Corviknight
|faint|p2a: Corviknight
|
|-heal|p1a: Zamazenta|59/100|[from] item: Leftovers
|upkeep
|c|☆sparkelzlol|damn
|c|☆sparkelzlol|gg :sob:
|
|t:|1769426346
|switch|p2a: Raging Bolt|Raging Bolt|71/100
|turn|26
|
|t:|1769426349
|move|p2a: Raging Bolt|Thunderclap|p1a: Zamazenta
|-damage|p1a: Zamazenta|22/100
|move|p1a: Zamazenta|Body Press|p2a: Raging Bolt
|-damage|p2a: Raging Bolt|0 fnt
|faint|p2a: Raging Bolt
|-end|p2a: Raging Bolt|Protosynthesis|[silent]
|
|-end|p1a: Zamazenta|move: Future Sight
|-supereffective|p1a: Zamazenta
|-damage|p1a: Zamazenta|0 fnt
|faint|p1a: Zamazenta
|upkeep
|
|t:|1769426354
|switch|p1a: Tyranitar|Tyranitar, F|42/100
|switch|p2a: Slowking|Slowking-Galar, M|40/100
|-damage|p1a: Tyranitar|30/100|[from] Spikes
|-weather|Sandstorm|[from] ability: Sand Stream|[of] p1a: Tyranitar
|-damage|p2a: Slowking|28/100|[from] Stealth Rock
|turn|27
|
|t:|1769426358
|move|p1a: Tyranitar|Knock Off|p2a: Slowking
|-supereffective|p2a: Slowking
|-damage|p2a: Slowking|0 fnt
|faint|p2a: Slowking
|
|win|sparkelzlol
|c|☆DLTVS kochu|gg
|c|☆sparkelzlol|wait
|c|☆sparkelzlol|did u save the first replay
|c|☆sparkelzlol|i forgot to
|c|☆sparkelzlol|send it to me on disc
|c|☆DLTVS kochu|ok
