|badge|p1|bronze|gen9doublesou|100-8
|uhtml|medal-msg|<div class="broadcast-blue">Curious what those medals under the avatar are? PS now has Ladder Seasons! For more information, check out the <a href="https://www.smogon.com/forums/threads/3740067/">thread on Smogon.</a></div>
|j|☆ismelllikesocksbro
|j|☆puppacino402
|t:|1769402921
|gametype|singles
|player|p1|ismelllikesocksbro|dancer|1078
|player|p2|puppacino402|101|1000
|gen|9
|tier|[Gen 9] OU
|rated|
|rule|HP Percentage Mod: HP is shown in percentages
|rule|Endless Battle Clause: Forcing endless battles is banned
|rule|Species Clause: Limit one of each Pokémon
|rule|OHKO Clause: OHKO moves are banned
|rule|Evasion Items Clause: Evasion items are banned
|rule|Evasion Moves Clause: Evasion moves are banned
|rule|Evasion Abilities Clause: Evasion abilities are banned
|rule|Sleep Moves Clause: Sleep-inducing moves are banned
|clearpoke
|poke|p1|Pecharunt|
|poke|p1|Kingambit, F|
|poke|p1|Volcanion|
|poke|p1|Iron Valiant|
|poke|p1|Landorus-Therian, M|
|poke|p1|Deoxys-Speed|
|poke|p2|Electivire, F|
|poke|p2|Enamorus, F|
|poke|p2|Rillaboom, F|
|poke|p2|Cramorant, M|
|poke|p2|Weezing-Galar, M|
|poke|p2|Ditto|
|teampreview
|inactive|Battle timer is ON: inactive players will automatically lose when time's up. (requested by ismelllikesocksbro)
|
|t:|1769402932
|teamsize|p1|6
|teamsize|p2|6
|start
|switch|p1a: Landorus|Landorus-Therian, M|100/100
|switch|p2a: Rillaboom|Rillaboom, F|100/100
|-ability|p1a: Landorus|Intimidate|boost
|-unboost|p2a: Rillaboom|atk|1
|-fieldstart|move: Grassy Terrain|[from] ability: Grassy Surge|[of] p2a: Rillaboom
|turn|1
|
|t:|1769402941
|switch|p2a: Electivire|Electivire, F|100/100
|move|p1a: Landorus|Stealth Rock|p2a: Electivire
|-sidestart|p2: puppacino402|move: Stealth Rock
|
|-status|p2a: Electivire|tox|[from] item: Toxic Orb
|upkeep
|turn|2
|c|☆ismelllikesocksbro|Gl hf
|
|t:|1769402950
|move|p1a: Landorus|U-turn|p2a: Electivire
|-damage|p2a: Electivire|70/100 tox
|
|t:|1769402961
|switch|p1a: Iron Valiant|Iron Valiant|100/100|[from] U-turn
|-enditem|p1a: Iron Valiant|Booster Energy
|-activate|p1a: Iron Valiant|ability: Quark Drive|[fromitem]
|-start|p1a: Iron Valiant|quarkdrivespe
|move|p2a: Electivire|Rest|p2a: Electivire
|-fail|p2a: Electivire|[from] ability: Vital Spirit|[of] p2a: Electivire
|
|-heal|p2a: Electivire|76/100 tox|[from] Grassy Terrain
|-damage|p2a: Electivire|70/100 tox|[from] psn
|upkeep
|turn|3
|
|t:|1769402970
|move|p1a: Iron Valiant|Encore|p2a: Electivire
|-start|p2a: Electivire|Encore
|move|p2a: Electivire|Rest|p2a: Electivire
|-fail|p2a: Electivire|[from] ability: Vital Spirit|[of] p2a: Electivire
|
|-heal|p2a: Electivire|76/100 tox|[from] Grassy Terrain
|-damage|p2a: Electivire|64/100 tox|[from] psn
|upkeep
|turn|4
|
|t:|1769402979
|move|p1a: Iron Valiant|Knock Off|p2a: Electivire
|-damage|p2a: Electivire|16/100 tox
|-enditem|p2a: Electivire|Toxic Orb|[from] move: Knock Off|[of] p1a: Iron Valiant
|move|p2a: Electivire|Rest|p2a: Electivire
|-fail|p2a: Electivire|[from] ability: Vital Spirit|[of] p2a: Electivire
|
|-heal|p2a: Electivire|22/100 tox|[from] Grassy Terrain
|-damage|p2a: Electivire|4/100 tox|[from] psn
|upkeep
|turn|5
|
|t:|1769402985
|move|p1a: Iron Valiant|Moonblast|p2a: Electivire
|-damage|p2a: Electivire|0 fnt
|faint|p2a: Electivire
|
|upkeep
|c|☆ismelllikesocksbro|?
|
|t:|1769402991
|switch|p2a: Ditto|Ditto|100/100
|-damage|p2a: Ditto|88/100|[from] Stealth Rock
|turn|6
|
|t:|1769402998
|move|p1a: Iron Valiant|Moonblast|p2a: Ditto
|-damage|p2a: Ditto|53/100
|-activate|p2a: Ditto|move: Struggle
|move|p2a: Ditto|Struggle|p1a: Iron Valiant
|-damage|p1a: Iron Valiant|93/100
|-damage|p2a: Ditto|28/100|[from] recoil
|
|-heal|p1a: Iron Valiant|99/100|[from] Grassy Terrain
|-heal|p2a: Ditto|34/100|[from] Grassy Terrain
|upkeep
|turn|7
|
|t:|1769403008
|move|p1a: Iron Valiant|Moonblast|p2a: Ditto
|-damage|p2a: Ditto|1/100
|-activate|p2a: Ditto|move: Struggle
|move|p2a: Ditto|Struggle|p1a: Iron Valiant
|-damage|p1a: Iron Valiant|90/100
|-damage|p2a: Ditto|0 fnt|[from] recoil
|faint|p2a: Ditto
|
|-heal|p1a: Iron Valiant|97/100|[from] Grassy Terrain
|upkeep
|c|☆ismelllikesocksbro|Oh this is js a troll team
|
|t:|1769403021
|switch|p2a: Cramorant|Cramorant, M|100/100
|-damage|p2a: Cramorant|75/100|[from] Stealth Rock
|turn|8
|c|☆ismelllikesocksbro|Assault vest ditto is funny asf
|c|☆ismelllikesocksbro|Never thought of tht
|
|t:|1769403034
|-terastallize|p1a: Iron Valiant|Stellar
|move|p1a: Iron Valiant|Moonblast|p2a: Cramorant
|-damage|p2a: Cramorant|24/100
|-unboost|p2a: Cramorant|spa|1
|move|p2a: Cramorant|Water Gun|p1a: Iron Valiant
|-damage|p1a: Iron Valiant|81/100
|
|-heal|p1a: Iron Valiant|87/100|[from] Grassy Terrain
|-fieldend|move: Grassy Terrain
|upkeep
|turn|9
|
|t:|1769403046
|move|p1a: Iron Valiant|Moonblast|p2a: Cramorant
|-damage|p2a: Cramorant|0 fnt
|faint|p2a: Cramorant
|
|upkeep
|
|t:|1769403052
|switch|p2a: Rillaboom|Rillaboom, F|100/100
|-damage|p2a: Rillaboom|88/100|[from] Stealth Rock
|-fieldstart|move: Grassy Terrain|[from] ability: Grassy Surge|[of] p2a: Rillaboom
|turn|10
|
|t:|1769403057
|move|p1a: Iron Valiant|Knock Off|p2a: Rillaboom
|-damage|p2a: Rillaboom|62/100
|-enditem|p2a: Rillaboom|Terrain Extender|[from] move: Knock Off|[of] p1a: Iron Valiant
|move|p2a: Rillaboom|Earthquake|p1a: Iron Valiant
|-damage|p1a: Iron Valiant|72/100
|
|-heal|p1a: Iron Valiant|78/100|[from] Grassy Terrain
|-heal|p2a: Rillaboom|68/100|[from] Grassy Terrain
|upkeep
|turn|11
|
|t:|1769403066
|-end|p1a: Iron Valiant|Quark Drive|[silent]
|switch|p1a: Landorus|Landorus-Therian, M|100/100
|-ability|p1a: Landorus|Intimidate|boost
|-unboost|p2a: Rillaboom|atk|1
|move|p2a: Rillaboom|Earthquake|p1a: Landorus
|-immune|p1a: Landorus
|
|-heal|p2a: Rillaboom|74/100|[from] Grassy Terrain
|upkeep
|turn|12
|
|t:|1769403077
|-terastallize|p2a: Rillaboom|Psychic
|move|p1a: Landorus|Stealth Rock||[still]
|-fail|p1a: Landorus
|move|p2a: Rillaboom|Earthquake|p1a: Landorus
|-immune|p1a: Landorus
|
|-heal|p2a: Rillaboom|80/100|[from] Grassy Terrain
|upkeep
|turn|13
|
|t:|1769403085
|move|p1a: Landorus|U-turn|p2a: Rillaboom
|-supereffective|p2a: Rillaboom
|-damage|p2a: Rillaboom|52/100
|
|t:|1769403090
|switch|p1a: Kingambit|Kingambit, F|100/100|[from] U-turn
|move|p2a: Rillaboom|Earthquake|p1a: Kingambit
|-supereffective|p1a: Kingambit
|-damage|p1a: Kingambit|86/100
|
|-heal|p1a: Kingambit|93/100|[from] Grassy Terrain
|-heal|p1a: Kingambit|99/100|[from] item: Leftovers
|-heal|p2a: Rillaboom|58/100|[from] Grassy Terrain
|upkeep
|turn|14
|
|t:|1769403098
|move|p1a: Kingambit|Swords Dance|p1a: Kingambit
|-boost|p1a: Kingambit|atk|2
|move|p2a: Rillaboom|Earthquake|p1a: Kingambit
|-supereffective|p1a: Kingambit
|-damage|p1a: Kingambit|85/100
|
|-heal|p1a: Kingambit|91/100|[from] Grassy Terrain
|-heal|p1a: Kingambit|97/100|[from] item: Leftovers
|-heal|p2a: Rillaboom|64/100|[from] Grassy Terrain
|upkeep
|turn|15
|
|t:|1769403103
|move|p1a: Kingambit|Swords Dance|p1a: Kingambit
|-boost|p1a: Kingambit|atk|2
|move|p2a: Rillaboom|Earthquake|p1a: Kingambit
|-supereffective|p1a: Kingambit
|-damage|p1a: Kingambit|83/100
|
|-heal|p1a: Kingambit|89/100|[from] Grassy Terrain
|-heal|p1a: Kingambit|95/100|[from] item: Leftovers
|-heal|p2a: Rillaboom|71/100|[from] Grassy Terrain
|upkeep
|turn|16
|
|t:|1769403107
|move|p1a: Kingambit|Swords Dance|p1a: Kingambit
|-boost|p1a: Kingambit|atk|2
|move|p2a: Rillaboom|Earthquake|p1a: Kingambit
|-supereffective|p1a: Kingambit
|-damage|p1a: Kingambit|83/100
|
|-heal|p1a: Kingambit|89/100|[from] Grassy Terrain
|-heal|p1a: Kingambit|95/100|[from] item: Leftovers
|-heal|p2a: Rillaboom|77/100|[from] Grassy Terrain
|upkeep
|turn|17
|
|t:|1769403111
|move|p1a: Kingambit|Iron Head|p2a: Rillaboom
|-damage|p2a: Rillaboom|0 fnt
|faint|p2a: Rillaboom
|
|-heal|p1a: Kingambit|100/100|[from] Grassy Terrain
|-fieldend|move: Grassy Terrain
|upkeep
|
|t:|1769403119
|switch|p2a: Enamorus|Enamorus, F|100/100
|-damage|p2a: Enamorus|75/100|[from] Stealth Rock
|turn|18
|
|t:|1769403124
|move|p1a: Kingambit|Sucker Punch||[still]
|-fail|p1a: Kingambit
|move|p2a: Enamorus|Iron Defense|p2a: Enamorus
|-unboost|p2a: Enamorus|def|2
|
|upkeep
|turn|19
|
|t:|1769403129
|move|p2a: Enamorus|Iron Defense|p2a: Enamorus
|-unboost|p2a: Enamorus|def|2
|move|p1a: Kingambit|Iron Head|p2a: Enamorus
|-supereffective|p2a: Enamorus
|-damage|p2a: Enamorus|0 fnt
|faint|p2a: Enamorus
|
|upkeep
|
|t:|1769403135
|switch|p2a: Weezing|Weezing-Galar, M|100/100
|-damage|p2a: Weezing|88/100|[from] Stealth Rock
|-fieldstart|move: Misty Terrain|[from] ability: Misty Surge|[of] p2a: Weezing
|turn|20
|c|☆ismelllikesocksbro|Ggs man, love the team
|c|☆ismelllikesocksbro|Stay warm bro ❤️
|
|t:|1769403150
|move|p1a: Kingambit|Iron Head|p2a: Weezing
|-supereffective|p2a: Weezing
|-damage|p2a: Weezing|0 fnt
|faint|p2a: Weezing
|
|win|ismelllikesocksbro
|raw|ismelllikesocksbro's rating: 1078 &rarr; <strong>1100</strong><br />(+22 for winning)
|raw|puppacino402's rating: 1000 &rarr; <strong>1000</strong><br />(+0 for losing)
