|j|☆Magmagirl
|j|☆Pizzatim33
|t:|1769433099
|gametype|singles
|player|p1|Magmagirl|guitarist|1292
|player|p2|Pizzatim33|102|1253
|gen|9
|tier|[Gen 9] OU
|rated|
|rule|HP Percentage Mod: HP is shown in percentages
|rule|Endless Battle Clause: Forcing endless battles is banned
|rule|Species Clause: Limit one of each Pokémon
|rule|OHKO Clause: OHKO moves are banned
|rule|Evasion Items Clause: Evasion items are banned
|rule|Evasion Moves Clause: Evasion moves are banned
|rule|Evasion Abilities Clause: Evasion abilities are banned
|rule|Sleep Moves Clause: Sleep-inducing moves are banned
|clearpoke
|poke|p1|Polteageist-Antique|
|poke|p1|Great Tusk|
|poke|p1|Ogerpon-Wellspring, F|
|poke|p1|Indeedee, M|
|poke|p1|Kyurem|
|poke|p1|Slowking-Galar, M|
|poke|p2|Grimmsnarl, M|
|poke|p2|Raging Bolt|
|poke|p2|Iron Treads|
|poke|p2|Ogerpon-Wellspring, F|
|poke|p2|Deoxys-Speed|
|poke|p2|Ceruledge, M|
|teampreview
|inactive|Battle timer is ON: inactive players will automatically lose when time's up. (requested by Magmagirl)
|
|t:|1769433129
|teamsize|p1|6
|teamsize|p2|6
|start
|switch|p1a: Indeedee|Indeedee, M|100/100
|switch|p2a: Grimmsnarl|Grimmsnarl, M, shiny|100/100
|-fieldstart|move: Psychic Terrain|[from] ability: Psychic Surge|[of] p1a: Indeedee
|turn|1
|
|t:|1769433139
|move|p2a: Grimmsnarl|Light Screen|p2a: Grimmsnarl
|-sidestart|p2: Pizzatim33|move: Light Screen
|move|p1a: Indeedee|Draining Kiss|p2a: Grimmsnarl
|-supereffective|p2a: Grimmsnarl
|-damage|p2a: Grimmsnarl|81/100
|
|upkeep
|turn|2
|
|t:|1769433151
|move|p2a: Grimmsnarl|Reflect|p2a: Grimmsnarl
|-sidestart|p2: Pizzatim33|Reflect
|move|p1a: Indeedee|Draining Kiss|p2a: Grimmsnarl
|-supereffective|p2a: Grimmsnarl
|-damage|p2a: Grimmsnarl|62/100
|
|upkeep
|turn|3
|inactive|Pizzatim33 has 120 seconds left.
|
|t:|1769433188
|switch|p2a: Iron Treads|Iron Treads|100/100
|-enditem|p2a: Iron Treads|Booster Energy
|-activate|p2a: Iron Treads|ability: Quark Drive|[fromitem]
|-start|p2a: Iron Treads|quarkdrivespe
|move|p1a: Indeedee|Draining Kiss|p2a: Iron Treads
|-resisted|p2a: Iron Treads
|-damage|p2a: Iron Treads|95/100
|
|upkeep
|turn|4
|inactive|Pizzatim33 has 120 seconds left.
|
|t:|1769433201
|move|p2a: Iron Treads|Stealth Rock|p1a: Indeedee
|-sidestart|p1: Magmagirl|move: Stealth Rock
|move|p1a: Indeedee|Expanding Force|p2a: Iron Treads
|-resisted|p2a: Iron Treads
|-damage|p2a: Iron Treads|70/100
|
|upkeep
|turn|5
|inactive|Pizzatim33 has 120 seconds left.
|
|t:|1769433210
|move|p2a: Iron Treads|Earth Power|p1a: Indeedee
|-damage|p1a: Indeedee|58/100
|move|p1a: Indeedee|Expanding Force|p2a: Iron Treads
|-resisted|p2a: Iron Treads
|-damage|p2a: Iron Treads|47/100
|
|upkeep
|turn|6
|
|t:|1769433218
|switch|p1a: Great Tusk|Great Tusk|100/100
|-damage|p1a: Great Tusk|98/100|[from] Stealth Rock
|move|p2a: Iron Treads|Earth Power|p1a: Great Tusk
|-damage|p1a: Great Tusk|55/100
|
|-heal|p1a: Great Tusk|61/100|[from] item: Leftovers
|upkeep
|turn|7
|inactive|Pizzatim33 has 120 seconds left.
|
|t:|1769433259
|move|p2a: Iron Treads|Steel Beam|p1a: Great Tusk
|-damage|p1a: Great Tusk|0 fnt
|-damage|p2a: Iron Treads|0 fnt|[from] steelbeam
|faint|p2a: Iron Treads
|-end|p2a: Iron Treads|Quark Drive|[silent]
|faint|p1a: Great Tusk
|-end|p1a: Great Tusk|Protosynthesis|[silent]
|
|upkeep
|inactive|Pizzatim33 has 90 seconds left.
|
|t:|1769433271
|switch|p2a: Deoxys|Deoxys-Speed, shiny|100/100
|switch|p1a: Slowking|Slowking-Galar, M|100/100
|-ability|p2a: Deoxys|Pressure
|turn|8
|inactive|Pizzatim33 has 90 seconds left.
|
|t:|1769433295
|move|p2a: Deoxys|Substitute|p2a: Deoxys
|-start|p2a: Deoxys|Substitute
|-damage|p2a: Deoxys|76/100
|move|p1a: Slowking|Sludge Bomb|p2a: Deoxys
|-end|p2a: Deoxys|Substitute
|
|-heal|p2a: Deoxys|82/100|[from] item: Leftovers
|-sideend|p2: Pizzatim33|move: Light Screen
|-fieldend|move: Psychic Terrain
|upkeep
|turn|9
|
|t:|1769433317
|move|p2a: Deoxys|Substitute|p2a: Deoxys
|-start|p2a: Deoxys|Substitute
|-damage|p2a: Deoxys|57/100
|move|p1a: Slowking|Sludge Bomb|p2a: Deoxys
|-end|p2a: Deoxys|Substitute
|
|-heal|p2a: Deoxys|63/100|[from] item: Leftovers
|-sideend|p2: Pizzatim33|Reflect
|upkeep
|turn|10
|
|t:|1769433329
|switch|p2a: Ceruledge|Ceruledge, M|100/100
|move|p1a: Slowking|Sludge Bomb|p2a: Ceruledge
|-resisted|p2a: Ceruledge
|-damage|p2a: Ceruledge|80/100
|
|upkeep
|turn|11
|
|t:|1769433340
|switch|p1a: Indeedee|Indeedee, M|58/100
|-damage|p1a: Indeedee|46/100|[from] Stealth Rock
|-fieldstart|move: Psychic Terrain|[from] ability: Psychic Surge|[of] p1a: Indeedee
|move|p2a: Ceruledge|Swords Dance|p2a: Ceruledge
|-boost|p2a: Ceruledge|atk|2
|
|upkeep
|turn|12
|
|t:|1769433351
|move|p1a: Indeedee|Healing Wish|p1a: Indeedee
|faint|p1a: Indeedee
|move|p2a: Ceruledge|Bitter Blade|p1: Indeedee|[notarget]
|-fail|p2a: Ceruledge
|
|upkeep
|
|t:|1769433356
|switch|p1a: Kyurem|Kyurem|100/100
|-damage|p1a: Kyurem|76/100|[from] Stealth Rock
|-ability|p1a: Kyurem|Pressure
|turn|13
|
|t:|1769433373
|move|p1a: Kyurem|Earth Power|p2a: Ceruledge
|-supereffective|p2a: Ceruledge
|-damage|p2a: Ceruledge|0 fnt
|faint|p2a: Ceruledge
|
|upkeep
|
|t:|1769433382
|switch|p2a: Grimmsnarl|Grimmsnarl, M, shiny|62/100
|turn|14
|
|t:|1769433387
|switch|p1a: Polteageist|Polteageist-Antique|100/100
|-damage|p1a: Polteageist|88/100|[from] Stealth Rock
|move|p2a: Grimmsnarl|Light Screen|p2a: Grimmsnarl
|-sidestart|p2: Pizzatim33|move: Light Screen
|
|upkeep
|turn|15
|
|t:|1769433391
|move|p2a: Grimmsnarl|Taunt|p1a: Polteageist
|-activate|p1a: Polteageist|move: Psychic Terrain
|move|p1a: Polteageist|Shell Smash|p1a: Polteageist
|-unboost|p1a: Polteageist|def|1
|-unboost|p1a: Polteageist|spd|1
|-boost|p1a: Polteageist|atk|2
|-boost|p1a: Polteageist|spa|2
|-boost|p1a: Polteageist|spe|2
|
|upkeep
|turn|16
|inactive|Pizzatim33 has 90 seconds left.
|
|t:|1769433398
|move|p2a: Grimmsnarl|Reflect|p2a: Grimmsnarl
|-sidestart|p2: Pizzatim33|Reflect
|move|p1a: Polteageist|Shell Smash|p1a: Polteageist
|-unboost|p1a: Polteageist|def|1
|-unboost|p1a: Polteageist|spd|1
|-boost|p1a: Polteageist|atk|2
|-boost|p1a: Polteageist|spa|2
|-boost|p1a: Polteageist|spe|2
|
|upkeep
|turn|17
|inactive|Pizzatim33 has 90 seconds left.
|
|t:|1769433411
|move|p1a: Polteageist|Giga Drain|p2a: Grimmsnarl
|-crit|p2a: Grimmsnarl
|-damage|p2a: Grimmsnarl|0 fnt
|-heal|p1a: Polteageist|100/100|[from] drain|[of] p2a: Grimmsnarl
|faint|p2a: Grimmsnarl
|
|upkeep
|inactive|Pizzatim33 has 90 seconds left.
|
|t:|1769433418
|switch|p2a: Raging Bolt|Raging Bolt|100/100
|-enditem|p2a: Raging Bolt|Booster Energy
|-activate|p2a: Raging Bolt|ability: Protosynthesis|[fromitem]
|-start|p2a: Raging Bolt|protosynthesisspa
|turn|18
|
|t:|1769433422
|move|p1a: Polteageist|Stored Power|p2a: Raging Bolt
|-damage|p2a: Raging Bolt|0 fnt
|faint|p2a: Raging Bolt
|-end|p2a: Raging Bolt|Protosynthesis|[silent]
|
|-fieldend|move: Psychic Terrain
|upkeep
|-message|Pizzatim33 forfeited.
|
|win|Magmagirl
|raw|Magmagirl's rating: 1292 &rarr; <strong>1314</strong><br />(+22 for winning)
|raw|Pizzatim33's rating: 1253 &rarr; <strong>1231</strong><br />(-22 for losing)
|l|☆Pizzatim33
|player|p2|
|l|☆Magmagirl
|player|p1|
