|j|☆YumeKasumi76
|j|☆Jomiel
|t:|1769426163
|gametype|singles
|player|p1|YumeKasumi76|266|1181
|player|p2|Jomiel|clown|1214
|gen|9
|tier|[Gen 9] OU
|rated|
|rule|HP Percentage Mod: HP is shown in percentages
|rule|Endless Battle Clause: Forcing endless battles is banned
|rule|Species Clause: Limit one of each Pokémon
|rule|OHKO Clause: OHKO moves are banned
|rule|Evasion Items Clause: Evasion items are banned
|rule|Evasion Moves Clause: Evasion moves are banned
|rule|Evasion Abilities Clause: Evasion abilities are banned
|rule|Sleep Moves Clause: Sleep-inducing moves are banned
|clearpoke
|poke|p1|Dragapult, M|
|poke|p1|Bisharp, F|
|poke|p1|Glimmora, F|
|poke|p1|Entei|
|poke|p1|Veluza, F|
|poke|p1|Braviary-Hisui, M|
|poke|p2|Furret, F|
|poke|p2|Glimmora, M|
|poke|p2|Zamazenta-*|
|poke|p2|Scizor, M|
|poke|p2|Iron Valiant|
|poke|p2|Dragonite, M|
|teampreview
|
|t:|1769426176
|teamsize|p1|6
|teamsize|p2|6
|start
|switch|p1a: Mentalist|Braviary-Hisui, M|100/100
|switch|p2a: Furret|Furret, F|100/100
|-item|p1a: Mentalist|Weakness Policy|[from] ability: Frisk|[of] p2a: Furret
|turn|1
|inactive|Battle timer is ON: inactive players will automatically lose when time's up. (requested by YumeKasumi76)
|inactive|Jomiel also wants the timer to be on.
|
|t:|1769426183
|move|p2a: Furret|Tidy Up|p2a: Furret
|-boost|p2a: Furret|atk|1
|-boost|p2a: Furret|spe|1
|move|p1a: Mentalist|Esper Wing|p2a: Furret
|-damage|p2a: Furret|25/100
|-boost|p1a: Mentalist|spe|1
|
|upkeep
|turn|2
|
|t:|1769426192
|switch|p1a: Railgun|Dragapult, M|100/100
|move|p2a: Furret|Last Resort|p1a: Railgun
|-immune|p1a: Railgun
|
|upkeep
|turn|3
|
|t:|1769426202
|switch|p2a: Iron Valiant|Iron Valiant|100/100
|-enditem|p2a: Iron Valiant|Booster Energy
|-activate|p2a: Iron Valiant|ability: Quark Drive|[fromitem]
|-start|p2a: Iron Valiant|quarkdrivespe
|move|p1a: Railgun|Dragon Darts|p2a: Iron Valiant
|-immune|p2a: Iron Valiant
|
|upkeep
|turn|4
|
|t:|1769426209
|switch|p1a: Hikari|Glimmora, F|100/100
|move|p2a: Iron Valiant|Encore||[still]
|-fail|p2a: Iron Valiant
|
|upkeep
|turn|5
|
|t:|1769426218
|-end|p2a: Iron Valiant|Quark Drive|[silent]
|switch|p2a: Scizor|Scizor, M|100/100
|move|p1a: Hikari|Earth Power|p2a: Scizor
|-damage|p2a: Scizor|62/100
|
|upkeep
|turn|6
|
|t:|1769426225
|switch|p1a: Bellator|Bisharp, F, shiny|100/100
|move|p2a: Scizor|Swords Dance|p2a: Scizor
|-boost|p2a: Scizor|atk|2
|
|upkeep
|turn|7
|
|t:|1769426232
|move|p2a: Scizor|Close Combat|p1a: Bellator
|-supereffective|p1a: Bellator
|-damage|p1a: Bellator|0 fnt
|-unboost|p2a: Scizor|def|1
|-unboost|p2a: Scizor|spd|1
|faint|p1a: Bellator
|-damage|p2a: Scizor|52/100|[from] item: Life Orb
|
|upkeep
|
|t:|1769426236
|switch|p1a: Sovereign|Entei|100/100
|turn|8
|
|t:|1769426257
|switch|p2a: Glimmora|Glimmora, M|100/100
|move|p1a: Sovereign|Roar|p2a: Glimmora
|drag|p2a: Zamazenta|Zamazenta|100/100
|-ability|p2a: Zamazenta|Dauntless Shield|boost
|-boost|p2a: Zamazenta|def|1
|-enditem|p1a: Sovereign|Mirror Herb
|-boost|p1a: Sovereign|def|1|[from] item: Mirror Herb
|
|upkeep
|turn|9
|
|t:|1769426269
|move|p2a: Zamazenta|Close Combat|p1a: Sovereign
|-damage|p1a: Sovereign|66/100
|-unboost|p2a: Zamazenta|def|1
|-unboost|p2a: Zamazenta|spd|1
|move|p1a: Sovereign|Sacred Fire|p2a: Zamazenta
|-damage|p2a: Zamazenta|53/100
|-status|p2a: Zamazenta|brn
|
|-damage|p2a: Zamazenta|47/100 brn|[from] brn
|upkeep
|turn|10
|
|t:|1769426281
|move|p2a: Zamazenta|Crunch|p1a: Sovereign
|-damage|p1a: Sovereign|58/100
|move|p1a: Sovereign|Sacred Fire|p2a: Zamazenta
|-damage|p2a: Zamazenta|0 fnt
|faint|p2a: Zamazenta
|
|upkeep
|
|t:|1769426290
|switch|p2a: Glimmora|Glimmora, M|100/100
|turn|11
|
|t:|1769426301
|move|p2a: Glimmora|Stealth Rock|p1a: Sovereign
|-sidestart|p1: YumeKasumi76|move: Stealth Rock
|move|p1a: Sovereign|Roar|p2a: Glimmora
|drag|p2a: Scizor|Scizor, M|52/100
|
|upkeep
|turn|12
|
|t:|1769426312
|switch|p2a: Furret|Furret, F|25/100
|move|p1a: Sovereign|Sacred Fire|p2a: Furret
|-damage|p2a: Furret|0 fnt
|faint|p2a: Furret
|
|upkeep
|
|t:|1769426337
|switch|p2a: Iron Valiant|Iron Valiant|100/100
|turn|13
|
|t:|1769426342
|move|p2a: Iron Valiant|Moonblast|p1a: Sovereign
|-resisted|p1a: Sovereign
|-damage|p1a: Sovereign|32/100
|-unboost|p1a: Sovereign|spa|1
|move|p1a: Sovereign|Sacred Fire|p2a: Iron Valiant
|-damage|p2a: Iron Valiant|36/100
|
|upkeep
|turn|14
|inactive|Jomiel has 120 seconds left.
|
|t:|1769426364
|move|p1a: Sovereign|Extreme Speed|p2a: Iron Valiant
|-damage|p2a: Iron Valiant|0 fnt
|faint|p2a: Iron Valiant
|-end|p2a: Iron Valiant|Quark Drive|[silent]
|
|upkeep
|inactive|Jomiel has 120 seconds left.
|
|t:|1769426371
|switch|p2a: Glimmora|Glimmora, M|100/100
|turn|15
|
|t:|1769426376
|move|p2a: Glimmora|Earth Power|p1a: Sovereign
|-supereffective|p1a: Sovereign
|-damage|p1a: Sovereign|0 fnt
|faint|p1a: Sovereign
|
|upkeep
|
|t:|1769426380
|switch|p1a: Railgun|Dragapult, M|100/100
|-damage|p1a: Railgun|88/100|[from] Stealth Rock
|turn|16
|
|t:|1769426385
|move|p1a: Railgun|Light Screen|p1a: Railgun
|-sidestart|p1: YumeKasumi76|move: Light Screen
|move|p2a: Glimmora|Mortal Spin|p1a: Railgun
|-resisted|p1a: Railgun
|-damage|p1a: Railgun|84/100
|-status|p1a: Railgun|psn
|
|-damage|p1a: Railgun|72/100 psn|[from] psn
|upkeep
|turn|17
|
|t:|1769426394
|move|p1a: Railgun|Reflect|p1a: Railgun
|-sidestart|p1: YumeKasumi76|Reflect
|move|p2a: Glimmora|Power Gem|p1a: Railgun
|-crit|p1a: Railgun
|-damage|p1a: Railgun|16/100 psn
|
|-damage|p1a: Railgun|4/100 psn|[from] psn
|upkeep
|turn|18
|
|t:|1769426404
|move|p1a: Railgun|Curse|p2a: Glimmora
|-start|p2a: Glimmora|Curse|[of] p1a: Railgun
|-damage|p1a: Railgun|0 fnt
|faint|p1a: Railgun
|move|p2a: Glimmora|Power Gem|p1: Railgun|[notarget]
|-fail|p2a: Glimmora
|
|-damage|p2a: Glimmora|76/100|[from] Curse
|upkeep
|
|t:|1769426420
|switch|p1a: Mentalist|Braviary-Hisui, M|100/100
|-damage|p1a: Mentalist|76/100|[from] Stealth Rock
|turn|19
|
|t:|1769426424
|move|p2a: Glimmora|Power Gem|p1a: Mentalist
|-supereffective|p1a: Mentalist
|-damage|p1a: Mentalist|32/100
|-enditem|p1a: Mentalist|Weakness Policy
|-boost|p1a: Mentalist|atk|2|[from] item: Weakness Policy
|-boost|p1a: Mentalist|spa|2|[from] item: Weakness Policy
|move|p1a: Mentalist|Esper Wing|p2a: Glimmora
|-supereffective|p2a: Glimmora
|-damage|p2a: Glimmora|0 fnt
|-boost|p1a: Mentalist|spe|1
|faint|p2a: Glimmora
|
|upkeep
|
|t:|1769426437
|switch|p2a: Scizor|Scizor, M|52/100
|turn|20
|
|t:|1769426440
|move|p2a: Scizor|Bullet Punch|p1a: Mentalist
|-damage|p1a: Mentalist|2/100
|-damage|p2a: Scizor|42/100|[from] item: Life Orb
|move|p1a: Mentalist|Roost|p1a: Mentalist
|-heal|p1a: Mentalist|53/100
|-singleturn|p1a: Mentalist|move: Roost
|
|upkeep
|turn|21
|
|t:|1769426449
|move|p1a: Mentalist|Esper Wing|p2a: Scizor
|-resisted|p2a: Scizor
|-damage|p2a: Scizor|0 fnt
|-boost|p1a: Mentalist|spe|1
|faint|p2a: Scizor
|
|upkeep
|
|t:|1769426455
|switch|p2a: Dragonite|Dragonite, M|100/100
|turn|22
|
|t:|1769426459
|move|p1a: Mentalist|Esper Wing|p2a: Dragonite
|-damage|p2a: Dragonite|60/100
|-boost|p1a: Mentalist|spe|1
|move|p2a: Dragonite|Ice Spinner|p1a: Mentalist
|-supereffective|p1a: Mentalist
|-damage|p1a: Mentalist|15/100
|
|upkeep
|turn|23
|
|t:|1769426468
|move|p1a: Mentalist|Hurricane|p2a: Dragonite
|-damage|p2a: Dragonite|0 fnt
|faint|p2a: Dragonite
|
|win|YumeKasumi76
|raw|YumeKasumi76's rating: 1181 &rarr; <strong>1208</strong><br />(+27 for winning)
|raw|Jomiel's rating: 1214 &rarr; <strong>1187</strong><br />(-27 for losing)
|l|☆Jomiel
|player|p2|
|l|☆YumeKasumi76
|player|p1|
