|j|☆XianTwa
|j|☆LIWU.5216
|t:|1769320500
|gametype|singles
|player|p1|XianTwa|dawn|1368
|player|p2|LIWU.5216|miku-water|1406
|gen|9
|tier|[Gen 9] OU
|rated|
|rule|HP Percentage Mod: HP is shown in percentages
|rule|Endless Battle Clause: Forcing endless battles is banned
|rule|Species Clause: Limit one of each Pokémon
|rule|OHKO Clause: OHKO moves are banned
|rule|Evasion Items Clause: Evasion items are banned
|rule|Evasion Moves Clause: Evasion moves are banned
|rule|Evasion Abilities Clause: Evasion abilities are banned
|rule|Sleep Moves Clause: Sleep-inducing moves are banned
|clearpoke
|poke|p1|Toucannon, F|
|poke|p1|Dragonite, M|
|poke|p1|Zamazenta-*|
|poke|p1|Iron Treads|
|poke|p1|Zapdos|
|poke|p1|Primarina, F|
|poke|p2|Pelipper, F|
|poke|p2|Barraskewda, F|
|poke|p2|Zapdos|
|poke|p2|Corviknight, F|
|poke|p2|Clodsire, M|
|poke|p2|Incineroar, F|
|teampreview
|inactive|Battle timer is ON: inactive players will automatically lose when time's up. (requested by XianTwa)
|
|t:|1769320517
|teamsize|p1|6
|teamsize|p2|6
|start
|switch|p1a: Zapdos|Zapdos|100/100
|switch|p2a: Zapdos|Zapdos|100/100
|turn|1
|
|t:|1769320525
|move|p1a: Zapdos|Thunderbolt|p2a: Zapdos
|-damage|p2a: Zapdos|22/100
|move|p2a: Zapdos|Volt Switch|p1a: Zapdos
|-damage|p1a: Zapdos|58/100
|
|t:|1769320535
|switch|p2a: Clodsire|Clodsire, M|100/100|[from] Volt Switch
|
|upkeep
|turn|2
|
|t:|1769320543
|switch|p1a: Iron Treads|Iron Treads|100/100
|-item|p1a: Iron Treads|Air Balloon
|move|p2a: Clodsire|Toxic|p1a: Iron Treads
|-immune|p1a: Iron Treads
|
|upkeep
|turn|3
|
|t:|1769320551
|switch|p2a: Pelipper|Pelipper, F|100/100
|-weather|RainDance|[from] ability: Drizzle|[of] p2a: Pelipper
|move|p1a: Iron Treads|Knock Off|p2a: Pelipper
|-damage|p2a: Pelipper|76/100
|-enditem|p2a: Pelipper|Damp Rock|[from] move: Knock Off|[of] p1a: Iron Treads
|
|-weather|RainDance|[upkeep]
|upkeep
|turn|4
|
|t:|1769320567
|-end|p1a: Iron Treads|Quark Drive|[silent]
|switch|p1a: Primarina|Primarina, F|100/100
|move|p2a: Pelipper|Weather Ball|p1a: Primarina
|-resisted|p1a: Primarina
|-damage|p1a: Primarina|87/100
|
|-weather|RainDance|[upkeep]
|upkeep
|turn|5
|
|t:|1769320577
|switch|p2a: Clodsire|Clodsire, M|100/100
|move|p1a: Primarina|Flip Turn|p2a: Clodsire
|-immune|p2a: Clodsire|[from] ability: Water Absorb
|
|-weather|RainDance|[upkeep]
|upkeep
|turn|6
|
|t:|1769320585
|switch|p1a: Iron Treads|Iron Treads|100/100
|-item|p1a: Iron Treads|Air Balloon
|move|p2a: Clodsire|Stealth Rock|p1a: Iron Treads
|-sidestart|p1: XianTwa|move: Stealth Rock
|
|-weather|RainDance|[upkeep]
|upkeep
|turn|7
|
|t:|1769320604
|switch|p2a: Pelipper|Pelipper, F|76/100
|move|p1a: Iron Treads|Rapid Spin|p2a: Pelipper
|-damage|p2a: Pelipper|65/100
|-boost|p1a: Iron Treads|spe|1
|-sideend|p1: XianTwa|Stealth Rock|[from] move: Rapid Spin|[of] p1a: Iron Treads
|
|-weather|RainDance|[upkeep]
|upkeep
|turn|8
|
|t:|1769320614
|-end|p1a: Iron Treads|Quark Drive|[silent]
|switch|p1a: Primarina|Primarina, F|87/100
|move|p2a: Pelipper|Roost|p2a: Pelipper
|-heal|p2a: Pelipper|100/100
|-singleturn|p2a: Pelipper|move: Roost
|
|-weather|RainDance|[upkeep]
|upkeep
|turn|9
|
|t:|1769320635
|move|p1a: Primarina|Shadow Ball|p2a: Pelipper
|-damage|p2a: Pelipper|59/100
|move|p2a: Pelipper|U-turn|p1a: Primarina
|-resisted|p1a: Primarina
|-damage|p1a: Primarina|81/100
|
|t:|1769320641
|switch|p2a: Clodsire|Clodsire, M|100/100|[from] U-turn
|
|-weather|RainDance|[upkeep]
|upkeep
|turn|10
|
|t:|1769320648
|move|p1a: Primarina|Moonblast|p2a: Clodsire
|-resisted|p2a: Clodsire
|-damage|p2a: Clodsire|87/100
|-unboost|p2a: Clodsire|spa|1
|move|p2a: Clodsire|Earthquake|p1a: Primarina
|-damage|p1a: Primarina|46/100
|
|-weather|none
|-heal|p2a: Clodsire|93/100|[from] item: Leftovers
|upkeep
|turn|11
|
|t:|1769320661
|switch|p1a: Zapdos|Zapdos|58/100
|move|p2a: Clodsire|Toxic|p1a: Zapdos
|-status|p1a: Zapdos|tox
|
|-heal|p2a: Clodsire|99/100|[from] item: Leftovers
|-damage|p1a: Zapdos|52/100 tox|[from] psn
|upkeep
|turn|12
|
|t:|1769320670
|switch|p1a: Iron Treads|Iron Treads|100/100
|-item|p1a: Iron Treads|Air Balloon
|move|p2a: Clodsire|Stealth Rock|p1a: Iron Treads
|-sidestart|p1: XianTwa|move: Stealth Rock
|
|-heal|p2a: Clodsire|100/100|[from] item: Leftovers
|upkeep
|turn|13
|
|t:|1769320686
|switch|p2a: Corviknight|Corviknight, F, shiny|100/100
|-ability|p2a: Corviknight|Pressure
|move|p1a: Iron Treads|Rapid Spin|p2a: Corviknight
|-resisted|p2a: Corviknight
|-damage|p2a: Corviknight|96/100
|-boost|p1a: Iron Treads|spe|1
|-damage|p1a: Iron Treads|84/100|[from] item: Rocky Helmet|[of] p2a: Corviknight
|-sideend|p1: XianTwa|Stealth Rock|[from] move: Rapid Spin|[of] p1a: Iron Treads
|
|upkeep
|turn|14
|
|t:|1769320700
|-end|p1a: Iron Treads|Quark Drive|[silent]
|switch|p1a: Zapdos|Zapdos|52/100 tox
|move|p2a: Corviknight|U-turn|p1a: Zapdos
|-resisted|p1a: Zapdos
|-damage|p1a: Zapdos|43/100 tox
|
|t:|1769320706
|switch|p2a: Clodsire|Clodsire, M|100/100|[from] U-turn
|
|-damage|p1a: Zapdos|37/100 tox|[from] psn
|upkeep
|turn|15
|
|t:|1769320722
|move|p1a: Zapdos|Hurricane|p2a: Clodsire
|-damage|p2a: Clodsire|55/100
|move|p2a: Clodsire|Stealth Rock|p1a: Zapdos
|-sidestart|p1: XianTwa|move: Stealth Rock
|
|-heal|p2a: Clodsire|61/100|[from] item: Leftovers
|-damage|p1a: Zapdos|25/100 tox|[from] psn
|upkeep
|turn|16
|
|t:|1769320727
|switch|p1a: Iron Treads|Iron Treads|84/100
|-damage|p1a: Iron Treads|81/100|[from] Stealth Rock
|-item|p1a: Iron Treads|Air Balloon
|move|p2a: Clodsire|Recover|p2a: Clodsire
|-heal|p2a: Clodsire|100/100
|
|upkeep
|turn|17
|
|t:|1769320734
|switch|p2a: Corviknight|Corviknight, F, shiny|96/100
|-ability|p2a: Corviknight|Pressure
|move|p1a: Iron Treads|Rapid Spin|p2a: Corviknight
|-resisted|p2a: Corviknight
|-damage|p2a: Corviknight|92/100
|-boost|p1a: Iron Treads|spe|1
|-damage|p1a: Iron Treads|65/100|[from] item: Rocky Helmet|[of] p2a: Corviknight
|-sideend|p1: XianTwa|Stealth Rock|[from] move: Rapid Spin|[of] p1a: Iron Treads
|
|upkeep
|turn|18
|
|t:|1769320744
|-end|p1a: Iron Treads|Quark Drive|[silent]
|switch|p1a: Zapdos|Zapdos|25/100 tox
|move|p2a: Corviknight|U-turn|p1a: Zapdos
|-resisted|p1a: Zapdos
|-damage|p1a: Zapdos|16/100 tox
|
|t:|1769320747
|switch|p2a: Clodsire|Clodsire, M|100/100|[from] U-turn
|
|-damage|p1a: Zapdos|10/100 tox|[from] psn
|upkeep
|turn|19
|
|t:|1769320756
|switch|p1a: Iron Treads|Iron Treads|65/100
|-item|p1a: Iron Treads|Air Balloon
|move|p2a: Clodsire|Stealth Rock|p1a: Iron Treads
|-sidestart|p1: XianTwa|move: Stealth Rock
|
|upkeep
|turn|20
|
|t:|1769320771
|switch|p2a: Corviknight|Corviknight, F, shiny|92/100
|-ability|p2a: Corviknight|Pressure
|move|p1a: Iron Treads|Knock Off|p2a: Corviknight
|-damage|p2a: Corviknight|75/100
|-damage|p1a: Iron Treads|48/100|[from] item: Rocky Helmet|[of] p2a: Corviknight
|-enditem|p2a: Corviknight|Rocky Helmet|[from] move: Knock Off|[of] p1a: Iron Treads
|
|upkeep
|turn|21
|
|t:|1769320782
|-end|p1a: Iron Treads|Quark Drive|[silent]
|switch|p1a: Primarina|Primarina, F|46/100
|-damage|p1a: Primarina|34/100|[from] Stealth Rock
|move|p2a: Corviknight|Body Press|p1a: Primarina
|-resisted|p1a: Primarina
|-damage|p1a: Primarina|17/100
|
|upkeep
|turn|22
|
|t:|1769320789
|switch|p2a: Clodsire|Clodsire, M|100/100
|move|p1a: Primarina|Flip Turn|p2a: Clodsire
|-immune|p2a: Clodsire|[from] ability: Water Absorb
|
|upkeep
|turn|23
|
|t:|1769320803
|move|p1a: Primarina|Psychic Noise|p2a: Clodsire
|-immune|p2a: Clodsire|[from] ability: Water Absorb
|move|p2a: Clodsire|Earthquake|p1a: Primarina
|-damage|p1a: Primarina|0 fnt
|faint|p1a: Primarina
|
|upkeep
|
|t:|1769320806
|switch|p1a: Iron Treads|Iron Treads|48/100
|-damage|p1a: Iron Treads|45/100|[from] Stealth Rock
|-item|p1a: Iron Treads|Air Balloon
|turn|24
|
|t:|1769320834
|move|p1a: Iron Treads|Rapid Spin|p2a: Clodsire
|-damage|p2a: Clodsire|84/100
|-boost|p1a: Iron Treads|spe|1
|-sideend|p1: XianTwa|Stealth Rock|[from] move: Rapid Spin|[of] p1a: Iron Treads
|move|p2a: Clodsire|Earthquake|p1a: Iron Treads
|-immune|p1a: Iron Treads
|
|-heal|p2a: Clodsire|90/100|[from] item: Leftovers
|upkeep
|turn|25
|
|t:|1769320843
|switch|p2a: Corviknight|Corviknight, F, shiny|75/100
|-ability|p2a: Corviknight|Pressure
|move|p1a: Iron Treads|Ice Spinner|p2a: Corviknight
|-damage|p2a: Corviknight|62/100
|
|upkeep
|turn|26
|
|t:|1769320853
|-end|p1a: Iron Treads|Quark Drive|[silent]
|switch|p1a: Zapdos|Zapdos|10/100 tox
|move|p2a: Corviknight|Body Press|p1a: Zapdos
|-resisted|p1a: Zapdos
|-damage|p1a: Zapdos|0 fnt
|faint|p1a: Zapdos
|
|upkeep
|
|t:|1769320862
|switch|p1a: Dragonite|Dragonite, M|100/100
|turn|27
|
|t:|1769320870
|switch|p2a: Incineroar|Incineroar, F, shiny|100/100
|-ability|p2a: Incineroar|Intimidate|boost
|-unboost|p1a: Dragonite|atk|1
|move|p1a: Dragonite|Dragon Dance|p1a: Dragonite
|-boost|p1a: Dragonite|atk|1
|-boost|p1a: Dragonite|spe|1
|
|upkeep
|turn|28
|
|t:|1769320880
|move|p1a: Dragonite|Dragon Dance|p1a: Dragonite
|-boost|p1a: Dragonite|atk|1
|-boost|p1a: Dragonite|spe|1
|move|p2a: Incineroar|Parting Shot|p1a: Dragonite
|-unboost|p1a: Dragonite|atk|1
|-unboost|p1a: Dragonite|spa|1
|
|t:|1769320882
|switch|p2a: Zapdos|Zapdos|22/100|[from] Parting Shot
|
|upkeep
|turn|29
|
|t:|1769320890
|move|p1a: Dragonite|Extreme Speed|p2a: Zapdos
|-damage|p2a: Zapdos|0 fnt
|faint|p2a: Zapdos
|
|upkeep
|
|t:|1769320893
|switch|p2a: Incineroar|Incineroar, F, shiny|100/100
|-ability|p2a: Incineroar|Intimidate|boost
|-unboost|p1a: Dragonite|atk|1
|turn|30
|
|t:|1769320900
|switch|p1a: Toucannon|Toucannon, F|100/100
|move|p2a: Incineroar|Parting Shot|p1a: Toucannon
|-unboost|p1a: Toucannon|atk|1
|-unboost|p1a: Toucannon|spa|1
|
|t:|1769320915
|switch|p2a: Corviknight|Corviknight, F, shiny|62/100|[from] Parting Shot
|-ability|p2a: Corviknight|Pressure
|
|upkeep
|turn|31
|
|t:|1769320926
|switch|p1a: Dragonite|Dragonite, M|100/100
|move|p2a: Corviknight|Roost|p2a: Corviknight
|-heal|p2a: Corviknight|100/100
|-singleturn|p2a: Corviknight|move: Roost
|
|upkeep
|turn|32
|
|t:|1769320931
|move|p1a: Dragonite|Dragon Dance|p1a: Dragonite
|-boost|p1a: Dragonite|atk|1
|-boost|p1a: Dragonite|spe|1
|move|p2a: Corviknight|U-turn|p1a: Dragonite
|-resisted|p1a: Dragonite
|-damage|p1a: Dragonite|96/100
|
|t:|1769320933
|switch|p2a: Incineroar|Incineroar, F, shiny|100/100|[from] U-turn
|-ability|p2a: Incineroar|Intimidate|boost
|-unboost|p1a: Dragonite|atk|1
|
|upkeep
|turn|33
|
|t:|1769320937
|move|p1a: Dragonite|Dragon Dance|p1a: Dragonite
|-boost|p1a: Dragonite|atk|1
|-boost|p1a: Dragonite|spe|1
|move|p2a: Incineroar|Parting Shot|p1a: Dragonite
|-unboost|p1a: Dragonite|atk|1
|-unboost|p1a: Dragonite|spa|1
|
|t:|1769320939
|switch|p2a: Corviknight|Corviknight, F, shiny|100/100|[from] Parting Shot
|-ability|p2a: Corviknight|Pressure
|
|upkeep
|turn|34
|
|t:|1769320946
|move|p1a: Dragonite|Dragon Dance|p1a: Dragonite
|-boost|p1a: Dragonite|atk|1
|-boost|p1a: Dragonite|spe|1
|move|p2a: Corviknight|U-turn|p1a: Dragonite
|-resisted|p1a: Dragonite
|-damage|p1a: Dragonite|88/100
|
|t:|1769320948
|switch|p2a: Incineroar|Incineroar, F, shiny|100/100|[from] U-turn
|-ability|p2a: Incineroar|Intimidate|boost
|-unboost|p1a: Dragonite|atk|1
|
|upkeep
|turn|35
|
|t:|1769320951
|move|p1a: Dragonite|Scale Shot|p2a: Incineroar
|-damage|p2a: Incineroar|91/100
|-damage|p2a: Incineroar|80/100
|-damage|p2a: Incineroar|70/100
|-damage|p2a: Incineroar|61/100
|-hitcount|p2a: Incineroar|4
|-unboost|p1a: Dragonite|def|1
|-boost|p1a: Dragonite|spe|1
|move|p2a: Incineroar|Parting Shot|p1a: Dragonite
|-unboost|p1a: Dragonite|atk|1
|-unboost|p1a: Dragonite|spa|1
|
|t:|1769320955
|switch|p2a: Corviknight|Corviknight, F, shiny|100/100|[from] Parting Shot
|-ability|p2a: Corviknight|Pressure
|
|upkeep
|turn|36
|
|t:|1769320958
|switch|p1a: Toucannon|Toucannon, F|100/100
|move|p2a: Corviknight|U-turn|p1a: Toucannon
|-resisted|p1a: Toucannon
|-damage|p1a: Toucannon|93/100
|
|t:|1769320968
|switch|p2a: Pelipper|Pelipper, F|59/100|[from] U-turn
|-weather|RainDance|[from] ability: Drizzle|[of] p2a: Pelipper
|
|-weather|RainDance|[upkeep]
|upkeep
|turn|37
|
|t:|1769320976
|move|p1a: Toucannon|Rock Blast|p2a: Pelipper
|-supereffective|p2a: Pelipper
|-damage|p2a: Pelipper|44/100
|-supereffective|p2a: Pelipper
|-damage|p2a: Pelipper|30/100
|-supereffective|p2a: Pelipper
|-damage|p2a: Pelipper|15/100
|-supereffective|p2a: Pelipper
|-damage|p2a: Pelipper|2/100
|-supereffective|p2a: Pelipper
|-damage|p2a: Pelipper|0 fnt
|faint|p2a: Pelipper
|-hitcount|p2: Pelipper|5
|
|-weather|RainDance|[upkeep]
|upkeep
|
|t:|1769320979
|switch|p2a: Barraskewda|Barraskewda, F, shiny|100/100
|turn|38
|
|t:|1769320989
|-terastallize|p2a: Barraskewda|Water
|-singleturn|p1a: Toucannon|move: Beak Blast
|move|p2a: Barraskewda|Liquidation|p1a: Toucannon
|-damage|p1a: Toucannon|0 fnt
|-status|p2a: Barraskewda|brn
|faint|p1a: Toucannon
|
|-weather|RainDance|[upkeep]
|-damage|p2a: Barraskewda|94/100 brn|[from] brn
|upkeep
|
|t:|1769321003
|switch|p1a: Zamazenta|Zamazenta|100/100
|-ability|p1a: Zamazenta|Dauntless Shield|boost
|-boost|p1a: Zamazenta|def|1
|turn|39
|
|t:|1769321017
|switch|p2a: Corviknight|Corviknight, F, shiny|100/100
|-ability|p2a: Corviknight|Pressure
|move|p1a: Zamazenta|Close Combat|p2a: Corviknight
|-damage|p2a: Corviknight|47/100
|-unboost|p1a: Zamazenta|def|1
|-unboost|p1a: Zamazenta|spd|1
|
|-weather|RainDance|[upkeep]
|upkeep
|turn|40
|
|t:|1769321026
|move|p1a: Zamazenta|Close Combat|p2a: Corviknight
|-damage|p2a: Corviknight|0 fnt
|-unboost|p1a: Zamazenta|def|1
|-unboost|p1a: Zamazenta|spd|1
|faint|p2a: Corviknight
|
|-weather|none
|upkeep
|
|t:|1769321030
|switch|p2a: Barraskewda|Barraskewda, F, shiny, tera:Water|94/100 brn
|turn|41
|
|t:|1769321042
|switch|p1a: Dragonite|Dragonite, M|88/100
|move|p2a: Barraskewda|Flip Turn|p1a: Dragonite
|-resisted|p1a: Dragonite
|-damage|p1a: Dragonite|70/100
|
|t:|1769321045
|switch|p2a: Incineroar|Incineroar, F, shiny|61/100|[from] Flip Turn
|-ability|p2a: Incineroar|Intimidate|boost
|-unboost|p1a: Dragonite|atk|1
|
|upkeep
|turn|42
|
|t:|1769321053
|move|p1a: Dragonite|Dragon Dance|p1a: Dragonite
|-boost|p1a: Dragonite|atk|1
|-boost|p1a: Dragonite|spe|1
|move|p2a: Incineroar|Will-O-Wisp|p1a: Dragonite
|-status|p1a: Dragonite|brn
|
|-damage|p1a: Dragonite|63/100 brn|[from] brn
|upkeep
|turn|43
|
|t:|1769321059
|move|p1a: Dragonite|Scale Shot|p2a: Incineroar
|-damage|p2a: Incineroar|56/100
|-damage|p2a: Incineroar|50/100
|-crit|p2a: Incineroar
|-damage|p2a: Incineroar|43/100
|-damage|p2a: Incineroar|38/100
|-hitcount|p2a: Incineroar|4
|-unboost|p1a: Dragonite|def|1
|-boost|p1a: Dragonite|spe|1
|move|p2a: Incineroar|Parting Shot|p1a: Dragonite
|-unboost|p1a: Dragonite|atk|1
|-unboost|p1a: Dragonite|spa|1
|
|t:|1769321064
|switch|p2a: Clodsire|Clodsire, M|90/100|[from] Parting Shot
|
|-heal|p2a: Clodsire|96/100|[from] item: Leftovers
|-damage|p1a: Dragonite|57/100 brn|[from] brn
|upkeep
|turn|44
|
|t:|1769321068
|switch|p1a: Iron Treads|Iron Treads|45/100
|-item|p1a: Iron Treads|Air Balloon
|move|p2a: Clodsire|Stealth Rock|p1a: Iron Treads
|-sidestart|p1: XianTwa|move: Stealth Rock
|
|-heal|p2a: Clodsire|100/100|[from] item: Leftovers
|upkeep
|turn|45
|
|t:|1769321079
|switch|p2a: Barraskewda|Barraskewda, F, shiny, tera:Water|94/100 brn
|move|p1a: Iron Treads|Rapid Spin|p2a: Barraskewda
|-damage|p2a: Barraskewda|66/100 brn
|-boost|p1a: Iron Treads|spe|1
|-sideend|p1: XianTwa|Stealth Rock|[from] move: Rapid Spin|[of] p1a: Iron Treads
|
|-damage|p2a: Barraskewda|60/100 brn|[from] brn
|upkeep
|turn|46
|
|t:|1769321084
|-end|p1a: Iron Treads|Quark Drive|[silent]
|switch|p1a: Dragonite|Dragonite, M|57/100 brn
|move|p2a: Barraskewda|Liquidation|p1a: Dragonite
|-resisted|p1a: Dragonite
|-damage|p1a: Dragonite|32/100 brn
|-unboost|p1a: Dragonite|def|1
|
|-damage|p2a: Barraskewda|54/100 brn|[from] brn
|-damage|p1a: Dragonite|26/100 brn|[from] brn
|upkeep
|turn|47
|
|t:|1769321091
|switch|p2a: Incineroar|Incineroar, F, shiny|38/100
|-ability|p2a: Incineroar|Intimidate|boost
|-unboost|p1a: Dragonite|atk|1
|move|p1a: Dragonite|Extreme Speed|p2a: Incineroar
|-damage|p2a: Incineroar|31/100
|
|-damage|p1a: Dragonite|19/100 brn|[from] brn
|upkeep
|turn|48
|
|t:|1769321098
|move|p1a: Dragonite|Scale Shot|p2a: Incineroar
|-damage|p2a: Incineroar|27/100
|-damage|p2a: Incineroar|24/100
|-damage|p2a: Incineroar|21/100
|-damage|p2a: Incineroar|18/100
|-damage|p2a: Incineroar|14/100
|-hitcount|p2a: Incineroar|5
|-unboost|p1a: Dragonite|def|1
|-boost|p1a: Dragonite|spe|1
|move|p2a: Incineroar|Drain Punch|p1a: Dragonite
|-resisted|p1a: Dragonite
|-crit|p1a: Dragonite
|-damage|p1a: Dragonite|0 fnt
|-heal|p2a: Incineroar|22/100|[from] drain|[of] p1a: Dragonite
|faint|p1a: Dragonite
|
|upkeep
|
|t:|1769321102
|switch|p1a: Zamazenta|Zamazenta|100/100
|turn|49
|
|t:|1769321124
|switch|p2a: Clodsire|Clodsire, M|100/100
|move|p1a: Zamazenta|Close Combat|p2a: Clodsire
|-resisted|p2a: Clodsire
|-damage|p2a: Clodsire|48/100
|-unboost|p1a: Zamazenta|def|1
|-unboost|p1a: Zamazenta|spd|1
|
|-heal|p2a: Clodsire|54/100|[from] item: Leftovers
|upkeep
|turn|50
|
|t:|1769321138
|switch|p2a: Barraskewda|Barraskewda, F, shiny, tera:Water|54/100 brn
|move|p1a: Zamazenta|Close Combat|p2a: Barraskewda
|-damage|p2a: Barraskewda|0 fnt
|-unboost|p1a: Zamazenta|def|1
|-unboost|p1a: Zamazenta|spd|1
|faint|p2a: Barraskewda
|
|upkeep
|
|t:|1769321142
|switch|p2a: Clodsire|Clodsire, M|54/100
|turn|51
|
|t:|1769321146
|switch|p1a: Iron Treads|Iron Treads|45/100
|-item|p1a: Iron Treads|Air Balloon
|move|p2a: Clodsire|Recover|p2a: Clodsire
|-heal|p2a: Clodsire|100/100
|
|upkeep
|turn|52
|
|t:|1769321152
|move|p1a: Iron Treads|Earthquake|p2a: Clodsire
|-supereffective|p2a: Clodsire
|-damage|p2a: Clodsire|1/100
|move|p2a: Clodsire|Stealth Rock|p1a: Iron Treads
|-sidestart|p1: XianTwa|move: Stealth Rock
|
|-heal|p2a: Clodsire|7/100|[from] item: Leftovers
|upkeep
|turn|53
|
|t:|1769321158
|switch|p2a: Incineroar|Incineroar, F, shiny|22/100
|-ability|p2a: Incineroar|Intimidate|boost
|-unboost|p1a: Iron Treads|atk|1
|move|p1a: Iron Treads|Rapid Spin|p2a: Incineroar
|-damage|p2a: Incineroar|16/100
|-boost|p1a: Iron Treads|spe|1
|-sideend|p1: XianTwa|Stealth Rock|[from] move: Rapid Spin|[of] p1a: Iron Treads
|
|upkeep
|turn|54
|
|t:|1769321165
|move|p1a: Iron Treads|Earthquake|p2a: Incineroar
|-supereffective|p2a: Incineroar
|-damage|p2a: Incineroar|0 fnt
|faint|p2a: Incineroar
|
|upkeep
|
|t:|1769321171
|switch|p2a: Clodsire|Clodsire, M|7/100
|turn|55
|
|t:|1769321173
|move|p1a: Iron Treads|Earthquake|p2a: Clodsire
|-supereffective|p2a: Clodsire
|-damage|p2a: Clodsire|0 fnt
|faint|p2a: Clodsire
|
|win|XianTwa
|raw|XianTwa's rating: 1368 &rarr; <strong>1390</strong><br />(+22 for winning)
|raw|LIWU.5216's rating: 1406 &rarr; <strong>1384</strong><br />(-22 for losing)
|l|☆LIWU.5216
|player|p2|
