|j|☆CB Bhris Breezy
|j|☆Abyssal Bot
|t:|1769409200
|gametype|singles
|player|p1|CB Bhris Breezy|170|
|player|p2|Abyssal Bot|supernerd|
|teamsize|p1|6
|teamsize|p2|6
|gen|9
|tier|[Gen 9] OU
|rule|Species Clause: Limit one of each Pokémon
|rule|OHKO Clause: OHKO moves are banned
|rule|Evasion Items Clause: Evasion items are banned
|rule|Evasion Moves Clause: Evasion moves are banned
|rule|Endless Battle Clause: Forcing endless battles is banned
|rule|HP Percentage Mod: HP is shown in percentages
|rule|Sleep Moves Clause: Sleep-inducing moves are banned
|clearpoke
|poke|p1|Garganacl, M|
|poke|p1|Ogerpon-Wellspring, F|
|poke|p1|Great Tusk|
|poke|p1|Alomomola, F|
|poke|p1|Zoroark-Hisui, M|
|poke|p1|Gholdengo|
|poke|p2|Dragapult, F|
|poke|p2|Primarina, F|
|poke|p2|Iron Crown|
|poke|p2|Samurott-Hisui, M|
|poke|p2|Kingambit, F|
|poke|p2|Landorus-Therian, M|
|teampreview
|c|☆Abyssal Bot|Good Luck and Have Fun my Friend!
|inactive|Battle timer is ON: inactive players will automatically lose when time's up. (requested by Abyssal Bot)
|j|*Turbo Bottttt
|
|t:|1769409206
|start
|switch|p1a: Rock HarD|Garganacl, M, shiny|100/100
|switch|p2a: Samurott|Samurott-Hisui, M|100/100
|turn|1
|
|t:|1769409210
|move|p2a: Samurott|Razor Shell|p1a: Rock HarD
|-supereffective|p1a: Rock HarD
|-damage|p1a: Rock HarD|30/100
|move|p1a: Rock HarD|Salt Cure|p2a: Samurott
|-damage|p2a: Samurott|84/100
|-start|p2a: Samurott|Salt Cure
|
|-heal|p1a: Rock HarD|36/100|[from] item: Leftovers
|-damage|p2a: Samurott|59/100|[from] Salt Cure|[of] p1a: Rock HarD
|upkeep
|turn|2
|
|t:|1769409214
|move|p1a: Rock HarD|Protect|p1a: Rock HarD
|-singleturn|p1a: Rock HarD|Protect
|move|p2a: Samurott|Knock Off|p1a: Rock HarD
|-activate|p1a: Rock HarD|move: Protect
|
|-heal|p1a: Rock HarD|43/100|[from] item: Leftovers
|-damage|p2a: Samurott|34/100|[from] Salt Cure|[of] p1a: Rock HarD
|upkeep
|turn|3
|
|t:|1769409222
|switch|p1a: Alomomoana|Alomomola, F, shiny|100/100
|move|p2a: Samurott|Knock Off|p1a: Alomomoana
|-damage|p1a: Alomomoana|78/100
|-enditem|p1a: Alomomoana|Heavy-Duty Boots|[from] move: Knock Off|[of] p2a: Samurott
|
|-damage|p2a: Samurott|9/100|[from] Salt Cure|[of] p1: Rock HarD
|upkeep
|turn|4
|
|t:|1769409230
|switch|p2a: Dragapult|Dragapult, F, shiny|100/100
|move|p1a: Alomomoana|Protect||[still]
|-fail|p1a: Alomomoana
|
|upkeep
|turn|5
|
|t:|1769409234
|move|p2a: Dragapult|U-turn|p1a: Alomomoana
|-damage|p1a: Alomomoana|59/100
|
|t:|1769409234
|switch|p2a: Primarina|Primarina, F|100/100|[from] U-turn
|move|p1a: Alomomoana|Flip Turn|p2a: Primarina
|-resisted|p2a: Primarina
|-damage|p2a: Primarina|91/100
|
|t:|1769409243
|switch|p1a: Ghoel Osteen|Gholdengo, shiny|100/100|[from] Flip Turn
|
|upkeep
|turn|6
|
|t:|1769409244
|switch|p2a: Kingambit|Kingambit, F|100/100
|move|p1a: Ghoel Osteen|Grass Knot|p2a: Kingambit
|-resisted|p2a: Kingambit
|-damage|p2a: Kingambit|74/100
|
|-heal|p2a: Kingambit|80/100|[from] item: Leftovers
|upkeep
|turn|7
|
|t:|1769409250
|switch|p1a: Alomomoana|Alomomola, F, shiny|92/100
|move|p2a: Kingambit|Kowtow Cleave|p1a: Alomomoana
|-damage|p1a: Alomomoana|63/100
|
|-heal|p2a: Kingambit|86/100|[from] item: Leftovers
|upkeep
|turn|8
|
|t:|1769409253
|move|p2a: Kingambit|Kowtow Cleave|p1a: Alomomoana
|-damage|p1a: Alomomoana|39/100
|move|p1a: Alomomoana|Flip Turn|p2a: Kingambit
|-damage|p2a: Kingambit|75/100
|
|t:|1769409259
|switch|p1a: Tuskicular Torsion|Great Tusk, shiny|100/100|[from] Flip Turn
|
|-heal|p2a: Kingambit|81/100|[from] item: Leftovers
|upkeep
|turn|9
|
|t:|1769409260
|-end|p2a: Kingambit|fallenundefined|[silent]
|switch|p2a: Landorus|Landorus-Therian, M|100/100
|-ability|p2a: Landorus|Intimidate|boost
|-unboost|p1a: Tuskicular Torsion|atk|1
|move|p1a: Tuskicular Torsion|Close Combat|p2a: Landorus
|-resisted|p2a: Landorus
|-damage|p2a: Landorus|86/100
|-unboost|p1a: Tuskicular Torsion|def|1
|-unboost|p1a: Tuskicular Torsion|spd|1
|-damage|p1a: Tuskicular Torsion|84/100|[from] item: Rocky Helmet|[of] p2a: Landorus
|
|-heal|p1a: Tuskicular Torsion|90/100|[from] item: Leftovers
|upkeep
|turn|10
|
|t:|1769409270
|-end|p1a: Tuskicular Torsion|Protosynthesis|[silent]
|switch|p1a: Alomomoana|Alomomola, F, shiny|72/100
|move|p2a: Landorus|Grass Knot|p1a: Alomomoana
|-supereffective|p1a: Alomomoana
|-damage|p1a: Alomomoana|36/100
|
|upkeep
|turn|11
|
|t:|1769409273
|move|p1a: Alomomoana|Protect|p1a: Alomomoana
|-singleturn|p1a: Alomomoana|Protect
|move|p2a: Landorus|Stealth Rock|p1a: Alomomoana
|-sidestart|p1: CB Bhris Breezy|move: Stealth Rock
|
|upkeep
|turn|12
|inactive|CB Bhris Breezy has 270 seconds left.
|
|t:|1769409304
|switch|p1a: Ghoel Osteen|Gholdengo, shiny|100/100
|-item|p1a: Ghoel Osteen|Air Balloon
|-damage|p1a: Ghoel Osteen|94/100|[from] Stealth Rock|[of] p2a: Landorus
|move|p2a: Landorus|Earth Power|p1a: Ghoel Osteen
|-immune|p1a: Ghoel Osteen
|
|upkeep
|turn|13
|
|t:|1769409308
|switch|p2a: Samurott|Samurott-Hisui, M|9/100
|move|p1a: Ghoel Osteen|Make It Rain|p2a: Samurott
|-resisted|p2a: Samurott
|-damage|p2a: Samurott|0
|-unboost|p1a: Ghoel Osteen|spa|1
|faint|p2a: Samurott
|
|upkeep
|
|t:|1769409308
|switch|p2a: Kingambit|Kingambit, F|81/100
|-activate|p2a: Kingambit|ability: Supreme Overlord
|-start|p2a: Kingambit|fallen1|[silent]
|turn|14
|
|t:|1769409314
|switch|p1a: Alomomoana|Alomomola, F, shiny|70/100
|-damage|p1a: Alomomoana|57/100|[from] Stealth Rock|[of] p2: Landorus
|move|p2a: Kingambit|Kowtow Cleave|p1a: Alomomoana
|-damage|p1a: Alomomoana|30/100
|
|-heal|p2a: Kingambit|87/100|[from] item: Leftovers
|upkeep
|turn|15
|
|t:|1769409317
|move|p1a: Alomomoana|Protect|p1a: Alomomoana
|-singleturn|p1a: Alomomoana|Protect
|move|p2a: Kingambit|Kowtow Cleave|p1a: Alomomoana
|-activate|p1a: Alomomoana|move: Protect
|
|-heal|p2a: Kingambit|93/100|[from] item: Leftovers
|upkeep
|turn|16
|
|t:|1769409320
|switch|p1a: Tuskicular Torsion|Great Tusk, shiny|90/100
|-damage|p1a: Tuskicular Torsion|87/100|[from] Stealth Rock|[of] p2: Landorus
|move|p2a: Kingambit|Kowtow Cleave|p1a: Tuskicular Torsion
|-resisted|p1a: Tuskicular Torsion
|-damage|p1a: Tuskicular Torsion|67/100
|
|-heal|p1a: Tuskicular Torsion|73/100|[from] item: Leftovers
|-heal|p2a: Kingambit|99/100|[from] item: Leftovers
|upkeep
|turn|17
|
|t:|1769409324
|move|p1a: Tuskicular Torsion|Ice Spinner|p2a: Kingambit
|-resisted|p2a: Kingambit
|-damage|p2a: Kingambit|89/100
|move|p2a: Kingambit|Swords Dance|p2a: Kingambit
|-boost|p2a: Kingambit|atk|2
|
|-heal|p1a: Tuskicular Torsion|79/100|[from] item: Leftovers
|-heal|p2a: Kingambit|95/100|[from] item: Leftovers
|upkeep
|turn|18
|
|t:|1769409326
|move|p1a: Tuskicular Torsion|Close Combat|p2a: Kingambit
|-supereffective|p2a: Kingambit
|-damage|p2a: Kingambit|0
|-unboost|p1a: Tuskicular Torsion|def|1
|-unboost|p1a: Tuskicular Torsion|spd|1
|faint|p2a: Kingambit
|-end|p2a: Kingambit|fallen1|[silent]
|
|-heal|p1a: Tuskicular Torsion|85/100|[from] item: Leftovers
|upkeep
|
|t:|1769409327
|switch|p2a: Landorus|Landorus-Therian, M|86/100
|-ability|p2a: Landorus|Intimidate|boost
|-unboost|p1a: Tuskicular Torsion|atk|1
|turn|19
|
|t:|1769409330
|-end|p1a: Tuskicular Torsion|Protosynthesis|[silent]
|switch|p1a: Ghoel Osteen|Gholdengo, shiny|94/100
|-item|p1a: Ghoel Osteen|Air Balloon
|-damage|p1a: Ghoel Osteen|88/100|[from] Stealth Rock|[of] p2a: Landorus
|move|p2a: Landorus|Grass Knot|p1a: Ghoel Osteen
|-resisted|p1a: Ghoel Osteen
|-damage|p1a: Ghoel Osteen|81/100
|-enditem|p1a: Ghoel Osteen|Air Balloon
|
|upkeep
|turn|20
|
|t:|1769409335
|move|p1a: Ghoel Osteen|Hex|p2a: Landorus
|-damage|p2a: Landorus|58/100
|move|p2a: Landorus|Earth Power|p1a: Ghoel Osteen
|-supereffective|p1a: Ghoel Osteen
|-damage|p1a: Ghoel Osteen|23/100
|-unboost|p1a: Ghoel Osteen|spd|1
|
|upkeep
|turn|21
|
|t:|1769409343
|switch|p1a: It's All Ogre Now|Ogerpon-Wellspring, F|100/100
|-damage|p1a: It's All Ogre Now|88/100|[from] Stealth Rock|[of] p2a: Landorus
|move|p2a: Landorus|Earth Power|p1a: It's All Ogre Now
|-resisted|p1a: It's All Ogre Now
|-damage|p1a: It's All Ogre Now|69/100
|
|upkeep
|turn|22
|
|t:|1769409345
|move|p1a: It's All Ogre Now|Ivy Cudgel|p2a: Landorus|[anim] Ivy Cudgel Water
|-supereffective|p2a: Landorus
|-damage|p2a: Landorus|0
|faint|p2a: Landorus
|
|upkeep
|
|t:|1769409345
|switch|p2a: Dragapult|Dragapult, F, shiny|100/100
|turn|23
|
|t:|1769409352
|switch|p1a: Alomomoana|Alomomola, F, shiny|63/100
|-damage|p1a: Alomomoana|51/100|[from] Stealth Rock|[of] p2: Landorus
|move|p2a: Dragapult|U-turn|p1a: Alomomoana
|-damage|p1a: Alomomoana|31/100
|
|t:|1769409352
|switch|p2a: Primarina|Primarina, F|91/100|[from] U-turn
|
|upkeep
|turn|24
|
|t:|1769409357
|switch|p1a: It's All Ogre Now|Ogerpon-Wellspring, F|69/100
|-damage|p1a: It's All Ogre Now|56/100|[from] Stealth Rock|[of] p2: Landorus
|move|p2a: Primarina|Moonblast|p1a: It's All Ogre Now
|-damage|p1a: It's All Ogre Now|2/100
|-unboost|p1a: It's All Ogre Now|spa|1
|
|upkeep
|turn|25
|
|t:|1769409359
|move|p1a: It's All Ogre Now|Horn Leech|p2a: Primarina
|-supereffective|p2a: Primarina
|-damage|p2a: Primarina|0
|-heal|p1a: It's All Ogre Now|57/100|[from] drain|[of] p2a: Primarina
|faint|p2a: Primarina
|
|upkeep
|
|t:|1769409359
|switch|p2a: Dragapult|Dragapult, F, shiny|100/100
|turn|26
|
|t:|1769409370
|switch|p1a: Ghoel Osteen|Gholdengo, shiny|23/100
|-damage|p1a: Ghoel Osteen|17/100|[from] Stealth Rock|[of] p2: Landorus
|move|p2a: Dragapult|U-turn|p1a: Ghoel Osteen
|-resisted|p1a: Ghoel Osteen
|-damage|p1a: Ghoel Osteen|11/100
|
|t:|1769409370
|switch|p2a: Iron Crown|Iron Crown|100/100|[from] U-turn
|
|upkeep
|turn|27
|
|t:|1769409378
|move|p2a: Iron Crown|Volt Switch|p1a: Ghoel Osteen
|-damage|p1a: Ghoel Osteen|0
|faint|p1a: Ghoel Osteen
|
|t:|1769409378
|-end|p2a: Iron Crown|Quark Drive|[silent]
|switch|p2a: Dragapult|Dragapult, F, shiny|100/100|[from] Volt Switch
|
|upkeep
|
|t:|1769409388
|switch|p1a: Rock HarD|Garganacl, M, shiny|43/100
|-damage|p1a: Rock HarD|30/100|[from] Stealth Rock|[of] p2: Landorus
|turn|28
|
|t:|1769409390
|move|p1a: Rock HarD|Protect|p1a: Rock HarD
|-singleturn|p1a: Rock HarD|Protect
|move|p2a: Dragapult|Dragon Darts|p1a: Rock HarD
|-activate|p1a: Rock HarD|move: Protect
|
|-heal|p1a: Rock HarD|36/100|[from] item: Leftovers
|upkeep
|turn|29
|
|t:|1769409392
|move|p2a: Dragapult|Dragon Darts|p1a: Rock HarD
|-damage|p1a: Rock HarD|13/100
|-anim|p2a: Dragapult|Dragon Darts|p1a: Rock HarD
|-crit|p1a: Rock HarD
|-damage|p1a: Rock HarD|0
|faint|p1a: Rock HarD
|
|upkeep
|c|☆Abyssal Bot|YASS!
|
|t:|1769409412
|switch|p1a: Tuskicular Torsion|Great Tusk, shiny|85/100
|-damage|p1a: Tuskicular Torsion|82/100|[from] Stealth Rock|[of] p2: Landorus
|turn|30
|
|t:|1769409414
|move|p2a: Dragapult|Dragon Darts|p1a: Tuskicular Torsion
|-damage|p1a: Tuskicular Torsion|56/100
|-anim|p2a: Dragapult|Dragon Darts|p1a: Tuskicular Torsion
|-damage|p1a: Tuskicular Torsion|28/100
|move|p1a: Tuskicular Torsion|Ice Spinner|p2a: Dragapult
|-supereffective|p2a: Dragapult
|-damage|p2a: Dragapult|30/100
|
|-heal|p1a: Tuskicular Torsion|35/100|[from] item: Leftovers
|upkeep
|turn|31
|
|t:|1769409420
|-terastallize|p1a: Tuskicular Torsion|Steel
|move|p2a: Dragapult|Dragon Darts|p1a: Tuskicular Torsion
|-resisted|p1a: Tuskicular Torsion
|-damage|p1a: Tuskicular Torsion|22/100
|-anim|p2a: Dragapult|Dragon Darts|p1a: Tuskicular Torsion
|-resisted|p1a: Tuskicular Torsion
|-damage|p1a: Tuskicular Torsion|9/100
|move|p1a: Tuskicular Torsion|Ice Spinner|p2a: Dragapult
|-supereffective|p2a: Dragapult
|-damage|p2a: Dragapult|0
|faint|p2a: Dragapult
|
|-heal|p1a: Tuskicular Torsion|15/100|[from] item: Leftovers
|upkeep
|
|t:|1769409420
|switch|p2a: Iron Crown|Iron Crown|100/100
|turn|32
|
|t:|1769409425
|move|p2a: Iron Crown|Focus Blast|p1a: Tuskicular Torsion
|-supereffective|p1a: Tuskicular Torsion
|-damage|p1a: Tuskicular Torsion|0
|faint|p1a: Tuskicular Torsion
|-end|p1a: Tuskicular Torsion|Protosynthesis|[silent]
|
|upkeep
|
|t:|1769409434
|switch|p1a: It's All Ogre Now|Ogerpon-Wellspring, F|57/100
|-damage|p1a: It's All Ogre Now|44/100|[from] Stealth Rock|[of] p2: Landorus
|turn|33
|
|t:|1769409436
|move|p1a: It's All Ogre Now|Encore|p2a: Iron Crown
|-start|p2a: Iron Crown|Encore
|move|p2a: Iron Crown|Focus Blast|p1a: It's All Ogre Now
|-damage|p1a: It's All Ogre Now|0
|faint|p1a: It's All Ogre Now
|
|upkeep
|
|t:|1769409438
|switch|p1a: Alomomoana|Alomomola, F, shiny|100/100
|-damage|p1a: Alomomoana|88/100|[from] Stealth Rock|[of] p2: Landorus
|turn|34
|
|t:|1769409440
|move|p1a: Alomomoana|Flamethrower|p2a: Iron Crown
|-supereffective|p2a: Iron Crown
|-damage|p2a: Iron Crown|42/100
|move|p2a: Iron Crown|Focus Blast|p1a: Alomomoana
|-immune|p1a: Alomomoana
|
|upkeep
|turn|35
|
|t:|1769409442
|move|p1a: Alomomoana|Flamethrower|p2a: Iron Crown
|-supereffective|p2a: Iron Crown
|-damage|p2a: Iron Crown|0
|faint|p2a: Iron Crown
|-end|p2a: Iron Crown|Quark Drive|[silent]
|
|win|CB Bhris Breezy
|c|☆Abyssal Bot|Oh, I lost. Good Game.
|l|☆Abyssal Bot
|player|p2|
|l|*Turbo Bottttt
