|j|☆enzofm15
|j|☆cvbnc
|t:|1769385392
|gametype|singles
|player|p1|enzofm15|2|1489
|player|p2|cvbnc|169|1553
|gen|9
|tier|[Gen 9] OU
|rated|
|rule|HP Percentage Mod: HP is shown in percentages
|rule|Endless Battle Clause: Forcing endless battles is banned
|rule|Species Clause: Limit one of each Pokémon
|rule|OHKO Clause: OHKO moves are banned
|rule|Evasion Items Clause: Evasion items are banned
|rule|Evasion Moves Clause: Evasion moves are banned
|rule|Evasion Abilities Clause: Evasion abilities are banned
|rule|Sleep Moves Clause: Sleep-inducing moves are banned
|clearpoke
|poke|p1|Mamoswine, F|
|poke|p1|Empoleon, F|
|poke|p1|Zapdos|
|poke|p1|Ceruledge, F|
|poke|p1|Skarmory, M|
|poke|p1|Zamazenta-*|
|poke|p2|Dragonite, F|
|poke|p2|Araquanid, F|
|poke|p2|Gholdengo|
|poke|p2|Gliscor, F|
|poke|p2|Clodsire, F|
|poke|p2|Corviknight, F|
|teampreview
|
|t:|1769385428
|teamsize|p1|6
|teamsize|p2|6
|start
|switch|p1a: Zapdos|Zapdos|100/100
|switch|p2a: Gliscor|Gliscor, F|100/100
|turn|1
|
|t:|1769385435
|switch|p1a: Skarmory|Skarmory, M|100/100
|move|p2a: Gliscor|Toxic|p1a: Skarmory
|-immune|p1a: Skarmory
|
|-status|p2a: Gliscor|tox|[from] item: Toxic Orb
|upkeep
|turn|2
|
|t:|1769385444
|move|p2a: Gliscor|Knock Off|p1a: Skarmory
|-damage|p1a: Skarmory|89/100
|-damage|p2a: Gliscor|84/100 tox|[from] item: Rocky Helmet|[of] p1a: Skarmory
|-enditem|p1a: Skarmory|Rocky Helmet|[from] move: Knock Off|[of] p2a: Gliscor
|move|p1a: Skarmory|Spikes|p2a: Gliscor
|-sidestart|p2: cvbnc|Spikes
|
|-heal|p2a: Gliscor|96/100 tox|[from] ability: Poison Heal
|upkeep
|turn|3
|
|t:|1769385454
|switch|p2a: Corviknight|Corviknight, F|100/100
|-ability|p2a: Corviknight|Pressure
|move|p1a: Skarmory|Whirlwind|p2a: Corviknight
|drag|p2a: Araquanid|Araquanid, F|100/100
|-damage|p2a: Araquanid|88/100|[from] Spikes
|
|upkeep
|turn|4
|
|t:|1769385463
|move|p1a: Skarmory|Brave Bird|p2a: Araquanid
|-supereffective|p2a: Araquanid
|-damage|p2a: Araquanid|23/100
|-damage|p1a: Skarmory|67/100|[from] Recoil
|move|p2a: Araquanid|Surf|p1a: Skarmory
|-damage|p1a: Skarmory|0 fnt
|faint|p1a: Skarmory
|
|upkeep
|
|t:|1769385478
|switch|p1a: Zapdos|Zapdos|100/100
|turn|5
|
|t:|1769385482
|switch|p2a: Clodsire|Clodsire, F|100/100
|-damage|p2a: Clodsire|88/100|[from] Spikes
|move|p1a: Zapdos|Hurricane|p2a: Clodsire
|-damage|p2a: Clodsire|65/100
|
|-heal|p2a: Clodsire|71/100|[from] item: Leftovers
|upkeep
|turn|6
|
|t:|1769385495
|switch|p1a: Empoleon|Empoleon, F|100/100
|move|p2a: Clodsire|Stealth Rock|p1a: Empoleon
|-sidestart|p1: enzofm15|move: Stealth Rock
|
|-heal|p2a: Clodsire|77/100|[from] item: Leftovers
|upkeep
|turn|7
|
|t:|1769385511
|switch|p2a: Gholdengo|Gholdengo|100/100
|-damage|p2a: Gholdengo|88/100|[from] Spikes
|move|p1a: Empoleon|Ice Beam|p2a: Gholdengo
|-resisted|p2a: Gholdengo
|-damage|p2a: Gholdengo|75/100
|
|-heal|p2a: Gholdengo|81/100|[from] item: Leftovers
|upkeep
|turn|8
|
|t:|1769385521
|move|p2a: Gholdengo|Substitute|p2a: Gholdengo
|-start|p2a: Gholdengo|Substitute
|-damage|p2a: Gholdengo|57/100
|move|p1a: Empoleon|Surf|p2a: Gholdengo
|-end|p2a: Gholdengo|Substitute
|
|-heal|p2a: Gholdengo|63/100|[from] item: Leftovers
|upkeep
|turn|9
|
|t:|1769385530
|move|p2a: Gholdengo|Nasty Plot|p2a: Gholdengo
|-boost|p2a: Gholdengo|spa|2
|move|p1a: Empoleon|Surf|p2a: Gholdengo
|-damage|p2a: Gholdengo|21/100
|
|-heal|p2a: Gholdengo|27/100|[from] item: Leftovers
|upkeep
|turn|10
|
|t:|1769385539
|move|p2a: Gholdengo|Shadow Ball|p1a: Empoleon
|-damage|p1a: Empoleon|48/100
|move|p1a: Empoleon|Surf|p2a: Gholdengo
|-damage|p2a: Gholdengo|0 fnt
|faint|p2a: Gholdengo
|
|-heal|p1a: Empoleon|54/100|[from] item: Leftovers
|upkeep
|
|t:|1769385559
|switch|p2a: Gliscor|Gliscor, F|96/100 tox
|turn|11
|
|t:|1769385570
|switch|p1a: Zapdos|Zapdos|100/100
|move|p2a: Gliscor|Earthquake|p1a: Zapdos
|-immune|p1a: Zapdos
|
|-heal|p2a: Gliscor|100/100 tox|[from] ability: Poison Heal
|upkeep
|turn|12
|
|t:|1769385579
|move|p2a: Gliscor|Protect|p2a: Gliscor
|-singleturn|p2a: Gliscor|Protect
|move|p1a: Zapdos|Hurricane|p2a: Gliscor
|-activate|p2a: Gliscor|move: Protect
|
|upkeep
|turn|13
|
|t:|1769385588
|move|p2a: Gliscor|Knock Off|p1a: Zapdos
|-damage|p1a: Zapdos|85/100
|-enditem|p1a: Zapdos|Heavy-Duty Boots|[from] move: Knock Off|[of] p2a: Gliscor
|move|p1a: Zapdos|Hurricane|p2a: Gliscor|[miss]
|-miss|p1a: Zapdos|p2a: Gliscor
|
|upkeep
|turn|14
|
|t:|1769385599
|switch|p2a: Clodsire|Clodsire, F|77/100
|-damage|p2a: Clodsire|65/100|[from] Spikes
|move|p1a: Zapdos|Hurricane|p2a: Clodsire
|-damage|p2a: Clodsire|40/100
|
|-heal|p2a: Clodsire|46/100|[from] item: Leftovers
|upkeep
|turn|15
|
|t:|1769385612
|switch|p1a: Mamoswine|Mamoswine, F|100/100
|move|p2a: Clodsire|Recover|p2a: Clodsire
|-heal|p2a: Clodsire|96/100
|
|-heal|p2a: Clodsire|100/100|[from] item: Leftovers
|upkeep
|turn|16
|
|t:|1769385622
|switch|p2a: Araquanid|Araquanid, F|23/100
|-damage|p2a: Araquanid|10/100|[from] Spikes
|move|p1a: Mamoswine|Smack Down|p2a: Araquanid
|-supereffective|p2a: Araquanid
|-damage|p2a: Araquanid|0 fnt
|faint|p2a: Araquanid
|
|upkeep
|
|t:|1769385637
|switch|p2a: Corviknight|Corviknight, F|100/100
|-ability|p2a: Corviknight|Pressure
|turn|17
|
|t:|1769385645
|move|p1a: Mamoswine|Smack Down|p2a: Corviknight
|-damage|p2a: Corviknight|89/100
|-start|p2a: Corviknight|Smack Down
|move|p2a: Corviknight|Brave Bird|p1a: Mamoswine
|-damage|p1a: Mamoswine|68/100
|-damage|p2a: Corviknight|79/100|[from] Recoil
|
|upkeep
|turn|18
|
|t:|1769385659
|switch|p2a: Gliscor|Gliscor, F|100/100 tox
|move|p1a: Mamoswine|Icicle Crash|p2a: Gliscor
|-supereffective|p2a: Gliscor
|-damage|p2a: Gliscor|0 fnt
|faint|p2a: Gliscor
|
|upkeep
|
|t:|1769385668
|switch|p2a: Corviknight|Corviknight, F|79/100
|-ability|p2a: Corviknight|Pressure
|turn|19
|
|t:|1769385684
|move|p1a: Mamoswine|Smack Down|p2a: Corviknight
|-damage|p2a: Corviknight|69/100
|-start|p2a: Corviknight|Smack Down
|move|p2a: Corviknight|Curse|p2a: Corviknight
|-unboost|p2a: Corviknight|spe|1
|-boost|p2a: Corviknight|atk|1
|-boost|p2a: Corviknight|def|1
|
|upkeep
|turn|20
|
|t:|1769385694
|move|p1a: Mamoswine|Earthquake|p2a: Corviknight
|-supereffective|p2a: Corviknight
|-damage|p2a: Corviknight|28/100
|move|p2a: Corviknight|Roost|p2a: Corviknight
|-heal|p2a: Corviknight|78/100
|-singleturn|p2a: Corviknight|move: Roost
|
|upkeep
|turn|21
|
|t:|1769385705
|switch|p1a: Zapdos|Zapdos|85/100
|-damage|p1a: Zapdos|60/100|[from] Stealth Rock
|move|p2a: Corviknight|Roost|p2a: Corviknight
|-heal|p2a: Corviknight|100/100
|-singleturn|p2a: Corviknight|move: Roost
|
|upkeep
|turn|22
|
|t:|1769385715
|switch|p2a: Clodsire|Clodsire, F|100/100
|-damage|p2a: Clodsire|88/100|[from] Spikes
|move|p1a: Zapdos|Heat Wave|p2a: Clodsire
|-damage|p2a: Clodsire|74/100
|
|-heal|p2a: Clodsire|81/100|[from] item: Leftovers
|upkeep
|turn|23
|
|t:|1769385741
|switch|p1a: Mamoswine|Mamoswine, F|68/100
|move|p2a: Clodsire|Toxic|p1a: Mamoswine
|-status|p1a: Mamoswine|tox
|
|-heal|p2a: Clodsire|87/100|[from] item: Leftovers
|-damage|p1a: Mamoswine|62/100 tox|[from] psn
|upkeep
|turn|24
|
|t:|1769385751
|switch|p1a: Ceruledge|Ceruledge, F|100/100
|switch|p2a: Corviknight|Corviknight, F|100/100
|-ability|p2a: Corviknight|Pressure
|
|upkeep
|turn|25
|
|t:|1769385760
|switch|p2a: Dragonite|Dragonite, F|100/100
|move|p1a: Ceruledge|Bitter Blade|p2a: Dragonite
|-resisted|p2a: Dragonite
|-crit|p2a: Dragonite
|-damage|p2a: Dragonite|90/100
|
|upkeep
|turn|26
|
|t:|1769385777
|switch|p1a: Mamoswine|Mamoswine, F|62/100 tox
|move|p2a: Dragonite|Dragon Tail|p1a: Mamoswine
|-damage|p1a: Mamoswine|37/100 tox
|drag|p1a: Empoleon|Empoleon, F|54/100
|-damage|p1a: Empoleon|48/100|[from] Stealth Rock
|
|-heal|p1a: Empoleon|54/100|[from] item: Leftovers
|upkeep
|turn|27
|l|☆cvbnc
|player|p2|
|inactive|Battle timer is ON: inactive players will automatically lose when time's up. (requested by enzofm15)
|inactive|cvbnc has 30 seconds to reconnect!
|inactive|cvbnc has 20 seconds to reconnect!
|inactive|cvbnc has 15 seconds to reconnect!
|inactive|cvbnc has 10 seconds to reconnect!
|inactive|cvbnc has 5 seconds to reconnect!
|-message|cvbnc lost due to inactivity.
|
|win|enzofm15
|raw|enzofm15's rating: 1489 &rarr; <strong>1513</strong><br />(+24 for winning)
|raw|cvbnc's rating: 1553 &rarr; <strong>1529</strong><br />(-24 for losing)
