|j|☆Ryu_NLF
|j|☆brilliant ghost
|t:|1769441748
|gametype|singles
|player|p1|Ryu_NLF|jasmine|1261
|player|p2|brilliant ghost|ingo|1199
|gen|9
|tier|[Gen 9] OU
|rated|
|rule|HP Percentage Mod: HP is shown in percentages
|rule|Endless Battle Clause: Forcing endless battles is banned
|rule|Species Clause: Limit one of each Pokémon
|rule|OHKO Clause: OHKO moves are banned
|rule|Evasion Items Clause: Evasion items are banned
|rule|Evasion Moves Clause: Evasion moves are banned
|rule|Evasion Abilities Clause: Evasion abilities are banned
|rule|Sleep Moves Clause: Sleep-inducing moves are banned
|clearpoke
|poke|p1|Goodra, F|
|poke|p1|Forretress, M|
|poke|p1|Mamoswine, F|
|poke|p1|Ribombee, F|
|poke|p1|Chandelure, F|
|poke|p1|Gyarados, F|
|poke|p2|Kyurem|
|poke|p2|Dragapult, F|
|poke|p2|Iron Moth|
|poke|p2|Hatterene, F|
|poke|p2|Iron Treads|
|poke|p2|Landorus-Therian, M|
|teampreview
|inactive|Battle timer is ON: inactive players will automatically lose when time's up. (requested by brilliant ghost)
|
|t:|1769441770
|teamsize|p1|6
|teamsize|p2|6
|start
|switch|p1a: Chandelure|Chandelure, F|100/100
|switch|p2a: Hatterene|Hatterene, F|100/100
|turn|1
|inactive|brilliant ghost has 120 seconds left.
|
|t:|1769441808
|-terastallize|p2a: Hatterene|Normal
|move|p1a: Chandelure|Fire Blast|p2a: Hatterene
|-damage|p2a: Hatterene|39/100
|move|p2a: Hatterene|Trick|p1a: Chandelure
|-activate|p2a: Hatterene|move: Trick|[of] p1a: Chandelure
|-item|p1a: Chandelure|Choice Scarf|[from] move: Trick
|-item|p2a: Hatterene|Choice Scarf|[from] move: Trick
|
|upkeep
|turn|2
|inactive|brilliant ghost has 120 seconds left.
|
|t:|1769441828
|move|p1a: Chandelure|Fire Blast|p2a: Hatterene
|-damage|p2a: Hatterene|0 fnt
|faint|p2a: Hatterene
|
|upkeep
|
|t:|1769441831
|switch|p2a: Iron Moth|Iron Moth|100/100
|-enditem|p2a: Iron Moth|Booster Energy
|-activate|p2a: Iron Moth|ability: Quark Drive|[fromitem]
|-start|p2a: Iron Moth|quarkdrivespe
|turn|3
|inactive|brilliant ghost has 120 seconds left.
|
|t:|1769441840
|switch|p1a: Goodra|Goodra, F|100/100
|move|p2a: Iron Moth|Fiery Dance|p1a: Goodra
|-resisted|p1a: Goodra
|-damage|p1a: Goodra|90/100
|-boost|p2a: Iron Moth|spa|1
|
|upkeep
|turn|4
|
|t:|1769441852
|move|p2a: Iron Moth|Sludge Wave|p1a: Goodra
|-damage|p1a: Goodra|53/100
|move|p1a: Goodra|Draco Meteor|p2a: Iron Moth
|-damage|p2a: Iron Moth|53/100
|-unboost|p1a: Goodra|spa|2
|
|upkeep
|turn|5
|
|t:|1769441862
|switch|p1a: Forretress|Forretress, M|100/100
|move|p2a: Iron Moth|Fiery Dance|p1a: Forretress
|-supereffective|p1a: Forretress
|-ability|p1a: Forretress|Sturdy
|-damage|p1a: Forretress|1/100
|-boost|p2a: Iron Moth|spa|1
|
|-heal|p1a: Forretress|7/100|[from] item: Leftovers
|upkeep
|turn|6
|
|t:|1769441874
|switch|p1a: Chandelure|Chandelure, F|100/100
|move|p2a: Iron Moth|Energy Ball|p1a: Chandelure
|-resisted|p1a: Chandelure
|-damage|p1a: Chandelure|60/100
|
|upkeep
|turn|7
|
|t:|1769441884
|move|p2a: Iron Moth|Sludge Wave|p1a: Chandelure
|-resisted|p1a: Chandelure
|-damage|p1a: Chandelure|0 fnt
|faint|p1a: Chandelure
|
|upkeep
|
|t:|1769441891
|switch|p1a: Ribombee|Ribombee, F|100/100
|turn|8
|
|t:|1769441897
|move|p2a: Iron Moth|Fiery Dance|p1a: Ribombee
|-supereffective|p1a: Ribombee
|-enditem|p1a: Ribombee|Focus Sash
|-damage|p1a: Ribombee|1/100
|move|p1a: Ribombee|Stun Spore|p2a: Iron Moth
|-status|p2a: Iron Moth|par
|
|upkeep
|turn|9
|
|t:|1769441908
|move|p1a: Ribombee|Tera Blast|p2a: Iron Moth
|-damage|p2a: Iron Moth|30/100 par
|cant|p2a: Iron Moth|par
|
|upkeep
|turn|10
|
|t:|1769441919
|move|p1a: Ribombee|Sticky Web|p2a: Iron Moth
|-sidestart|p2: brilliant ghost|move: Sticky Web
|move|p2a: Iron Moth|Fiery Dance|p1a: Ribombee
|-supereffective|p1a: Ribombee
|-damage|p1a: Ribombee|0 fnt
|-boost|p2a: Iron Moth|spa|1
|faint|p1a: Ribombee
|
|upkeep
|
|t:|1769441932
|switch|p1a: Gyarados|Gyarados, F|100/100
|turn|11
|
|t:|1769441943
|move|p1a: Gyarados|Waterfall|p2a: Iron Moth
|-supereffective|p2a: Iron Moth
|-damage|p2a: Iron Moth|0 fnt
|faint|p2a: Iron Moth
|-end|p2a: Iron Moth|Quark Drive|[silent]
|-ability|p1a: Gyarados|Moxie|boost
|-boost|p1a: Gyarados|atk|1
|
|upkeep
|l|☆brilliant ghost
|inactive|brilliant ghost disconnected and has a minute to reconnect!
|player|p2|
|j|☆brilliant ghost
|inactive|brilliant ghost reconnected and has 135 seconds left.
|player|p2|brilliant ghost|ingo|
|inactive|brilliant ghost has 120 seconds left.
|
|t:|1769441980
|switch|p2a: Kyurem|Kyurem|100/100
|-activate|p2a: Kyurem|move: Sticky Web
|-unboost|p2a: Kyurem|spe|1
|-ability|p2a: Kyurem|Pressure
|turn|12
|
|t:|1769441995
|switch|p1a: Forretress|Forretress, M|7/100
|move|p2a: Kyurem|Freeze-Dry|p1a: Forretress
|-resisted|p1a: Forretress
|-damage|p1a: Forretress|0 fnt
|faint|p1a: Forretress
|
|upkeep
|
|t:|1769442005
|switch|p1a: Goodra|Goodra, F|53/100
|turn|13
|inactive|brilliant ghost has 120 seconds left.
|inactive|brilliant ghost has 90 seconds left.
|inactive|brilliant ghost has 60 seconds left.
|inactive|brilliant ghost has 30 seconds left.
|inactive|brilliant ghost has 20 seconds left.
|inactive|brilliant ghost has 15 seconds left.
|inactive|brilliant ghost has 10 seconds left.
|inactive|brilliant ghost has 5 seconds left.
|-message|brilliant ghost lost due to inactivity.
|
|win|Ryu_NLF
|raw|Ryu_NLF's rating: 1261 &rarr; <strong>1282</strong><br />(+21 for winning)
|raw|brilliant ghost's rating: 1199 &rarr; <strong>1178</strong><br />(-21 for losing)
|l|☆Ryu_NLF
|player|p1|
|l|☆brilliant ghost
|player|p2|
