|j|☆American Noodle
|j|☆GottaGoFastBoiii
|t:|1769310149
|gametype|singles
|player|p1|American Noodle|hugh|1377
|player|p2|GottaGoFastBoiii|266|1431
|gen|9
|tier|[Gen 9] OU
|rated|
|rule|HP Percentage Mod: HP is shown in percentages
|rule|Endless Battle Clause: Forcing endless battles is banned
|rule|Species Clause: Limit one of each Pokémon
|rule|OHKO Clause: OHKO moves are banned
|rule|Evasion Items Clause: Evasion items are banned
|rule|Evasion Moves Clause: Evasion moves are banned
|rule|Evasion Abilities Clause: Evasion abilities are banned
|rule|Sleep Moves Clause: Sleep-inducing moves are banned
|clearpoke
|poke|p1|Ogerpon-Wellspring, F|
|poke|p1|Ribombee, M|
|poke|p1|Rampardos, F|
|poke|p1|Raging Bolt|
|poke|p1|Gholdengo|
|poke|p1|Great Tusk|
|poke|p2|Glastrier|
|poke|p2|Iron Hands|
|poke|p2|Enamorus-Therian, F|
|poke|p2|Golurk|
|poke|p2|Dondozo, M|
|poke|p2|Slowbro-Galar, M|
|teampreview
|inactive|Battle timer is ON: inactive players will automatically lose when time's up. (requested by GottaGoFastBoiii)
|inactive|American Noodle has 120 seconds left.
|
|t:|1769310211
|teamsize|p1|6
|teamsize|p2|6
|start
|switch|p1a: Great Tusk|Great Tusk|100/100
|switch|p2a: Enamorus|Enamorus-Therian, F|100/100
|-enditem|p1a: Great Tusk|Booster Energy
|-activate|p1a: Great Tusk|ability: Protosynthesis|[fromitem]
|-start|p1a: Great Tusk|protosynthesisatk
|turn|1
|
|t:|1769310226
|-terastallize|p1a: Great Tusk|Steel
|move|p1a: Great Tusk|Ice Spinner|p2a: Enamorus
|-supereffective|p2a: Enamorus
|-crit|p2a: Enamorus
|-damage|p2a: Enamorus|2/100
|move|p2a: Enamorus|Moonblast|p1a: Great Tusk
|-resisted|p1a: Great Tusk
|-damage|p1a: Great Tusk|60/100
|
|upkeep
|turn|2
|
|t:|1769310232
|move|p1a: Great Tusk|Ice Spinner|p2a: Enamorus
|-supereffective|p2a: Enamorus
|-crit|p2a: Enamorus
|-damage|p2a: Enamorus|0 fnt
|faint|p2a: Enamorus
|
|upkeep
|
|t:|1769310236
|switch|p2a: Golurk|Golurk|100/100
|turn|3
|
|t:|1769310249
|-end|p1a: Great Tusk|Protosynthesis|[silent]
|switch|p1a: Gholdengo|Gholdengo|100/100
|-item|p1a: Gholdengo|Air Balloon
|move|p2a: Golurk|Earthquake|p1a: Gholdengo
|-immune|p1a: Gholdengo
|
|upkeep
|turn|4
|
|t:|1769310254
|move|p1a: Gholdengo|Shadow Ball|p2a: Golurk
|-supereffective|p2a: Golurk
|-crit|p2a: Golurk
|-damage|p2a: Golurk|0 fnt
|faint|p2a: Golurk
|
|upkeep
|
|t:|1769310261
|switch|p2a: Dondozo|Dondozo, M|100/100
|turn|5
|
|t:|1769310285
|switch|p1a: Raging Bolt|Raging Bolt|100/100
|move|p2a: Dondozo|Curse|p2a: Dondozo
|-unboost|p2a: Dondozo|spe|1
|-boost|p2a: Dondozo|atk|1
|-boost|p2a: Dondozo|def|1
|
|upkeep
|turn|6
|-activate|p2a: Dondozo|item: Quick Claw
|
|t:|1769310296
|move|p2a: Dondozo|Earthquake|p1a: Raging Bolt
|-supereffective|p1a: Raging Bolt
|-damage|p1a: Raging Bolt|27/100
|move|p1a: Raging Bolt|Volt Switch|p2a: Dondozo
|-supereffective|p2a: Dondozo
|-damage|p2a: Dondozo|0 fnt
|faint|p2a: Dondozo
|inactive|American Noodle has 120 seconds left.
|
|t:|1769310323
|-end|p1a: Raging Bolt|Protosynthesis|[silent]
|switch|p1a: Rampardos|Rampardos, F|100/100|[from] Volt Switch
|
|upkeep
|
|t:|1769310333
|switch|p2a: Iron Hands|Iron Hands|100/100
|turn|7
|inactive|American Noodle has 120 seconds left.
|
|t:|1769310357
|move|p1a: Rampardos|Rock Slide|p2a: Iron Hands
|-resisted|p2a: Iron Hands
|-damage|p2a: Iron Hands|73/100
|move|p2a: Iron Hands|Drain Punch|p1a: Rampardos
|-supereffective|p1a: Rampardos
|-damage|p1a: Rampardos|0 fnt
|-heal|p2a: Iron Hands|100/100|[from] drain|[of] p1a: Rampardos
|faint|p1a: Rampardos
|
|upkeep
|
|t:|1769310368
|switch|p1a: Great Tusk|Great Tusk, tera:Steel|60/100
|turn|8
|
|t:|1769310371
|move|p1a: Great Tusk|Headlong Rush|p2a: Iron Hands
|-supereffective|p2a: Iron Hands
|-damage|p2a: Iron Hands|20/100
|-unboost|p1a: Great Tusk|def|1
|-unboost|p1a: Great Tusk|spd|1
|move|p2a: Iron Hands|Drain Punch|p1a: Great Tusk
|-supereffective|p1a: Great Tusk
|-damage|p1a: Great Tusk|0 fnt
|-heal|p2a: Iron Hands|42/100|[from] drain|[of] p1a: Great Tusk
|faint|p1a: Great Tusk
|-end|p1a: Great Tusk|Protosynthesis|[silent]
|
|upkeep
|inactive|American Noodle has 120 seconds left.
|
|t:|1769310381
|switch|p1a: Ribombee|Ribombee, M|100/100
|turn|9
|inactive|American Noodle has 120 seconds left.
|
|t:|1769310387
|move|p1a: Ribombee|Moonblast|p2a: Iron Hands
|-supereffective|p2a: Iron Hands
|-damage|p2a: Iron Hands|0 fnt
|faint|p2a: Iron Hands
|-end|p2a: Iron Hands|Quark Drive|[silent]
|
|upkeep
|
|t:|1769310390
|switch|p2a: Slowbro|Slowbro-Galar, M|100/100
|turn|10
|-activate|p2a: Slowbro|item: Quick Claw
|
|t:|1769310393
|move|p2a: Slowbro|Nasty Plot|p2a: Slowbro
|-boost|p2a: Slowbro|spa|2
|move|p1a: Ribombee|Psychic Noise|p2a: Slowbro
|-damage|p2a: Slowbro|75/100
|-start|p2a: Slowbro|move: Heal Block
|
|upkeep
|turn|11
|
|t:|1769310398
|move|p1a: Ribombee|Stun Spore|p2a: Slowbro|[miss]
|-miss|p1a: Ribombee|p2a: Slowbro
|move|p2a: Slowbro|Flamethrower|p1a: Ribombee
|-supereffective|p1a: Ribombee
|-enditem|p1a: Ribombee|Focus Sash
|-damage|p1a: Ribombee|1/100
|
|-end|p2a: Slowbro|move: Heal Block
|upkeep
|turn|12
|-activate|p2a: Slowbro|ability: Quick Draw
|
|t:|1769310400
|move|p2a: Slowbro|Flamethrower|p1a: Ribombee
|-supereffective|p1a: Ribombee
|-damage|p1a: Ribombee|0 fnt
|faint|p1a: Ribombee
|
|upkeep
|
|t:|1769310408
|switch|p1a: Ogerpon|Ogerpon-Wellspring, F|100/100
|turn|13
|-activate|p2a: Slowbro|ability: Quick Draw
|
|t:|1769310416
|-terastallize|p2a: Slowbro|Water
|move|p2a: Slowbro|Psychic|p1a: Ogerpon
|-damage|p1a: Ogerpon|5/100
|move|p1a: Ogerpon|Ivy Cudgel|p2a: Slowbro|[anim] Ivy Cudgel Water
|-resisted|p2a: Slowbro
|-crit|p2a: Slowbro
|-damage|p2a: Slowbro|30/100
|
|upkeep
|turn|14
|
|t:|1769310424
|move|p1a: Ogerpon|Power Whip|p2a: Slowbro
|-supereffective|p2a: Slowbro
|-damage|p2a: Slowbro|0 fnt
|faint|p2a: Slowbro
|
|upkeep
|
|t:|1769310426
|switch|p2a: Glastrier|Glastrier|100/100
|turn|15
|
|t:|1769310430
|move|p1a: Ogerpon|Ivy Cudgel|p2a: Glastrier|[anim] Ivy Cudgel Water
|-damage|p2a: Glastrier|56/100
|move|p2a: Glastrier|Heavy Slam|p1a: Ogerpon
|-resisted|p1a: Ogerpon
|-damage|p1a: Ogerpon|0 fnt
|faint|p1a: Ogerpon
|-ability|p2a: Glastrier|Chilling Neigh|boost
|-boost|p2a: Glastrier|atk|1
|
|upkeep
|
|t:|1769310432
|switch|p1a: Raging Bolt|Raging Bolt|27/100
|turn|16
|
|t:|1769310444
|move|p1a: Raging Bolt|Thunderclap|p2a: Glastrier
|-damage|p2a: Glastrier|4/100
|move|p2a: Glastrier|Icicle Crash|p1a: Raging Bolt
|-supereffective|p1a: Raging Bolt
|-damage|p1a: Raging Bolt|0 fnt
|faint|p1a: Raging Bolt
|-end|p1a: Raging Bolt|Protosynthesis|[silent]
|-ability|p2a: Glastrier|Chilling Neigh|boost
|-boost|p2a: Glastrier|atk|1
|
|upkeep
|
|t:|1769310447
|switch|p1a: Gholdengo|Gholdengo|100/100
|-item|p1a: Gholdengo|Air Balloon
|turn|17
|
|t:|1769310450
|move|p1a: Gholdengo|Shadow Ball|p2a: Glastrier
|-damage|p2a: Glastrier|0 fnt
|faint|p2a: Glastrier
|
|win|American Noodle
|raw|American Noodle's rating: 1377 &rarr; <strong>1400</strong><br />(+23 for winning)
|raw|GottaGoFastBoiii's rating: 1431 &rarr; <strong>1408</strong><br />(-23 for losing)
|l|☆GottaGoFastBoiii
|player|p2|
|c|☆American Noodle|gg
|l|☆American Noodle
|player|p1|
