|j|☆user_36739535
|j|☆Sk021
|t:|1769319810
|gametype|singles
|player|p1|user_36739535|101|1336
|player|p2|Sk021|266|1369
|gen|9
|tier|[Gen 9] OU
|rated|
|rule|HP Percentage Mod: HP is shown in percentages
|rule|Endless Battle Clause: Forcing endless battles is banned
|rule|Species Clause: Limit one of each Pokémon
|rule|OHKO Clause: OHKO moves are banned
|rule|Evasion Items Clause: Evasion items are banned
|rule|Evasion Moves Clause: Evasion moves are banned
|rule|Evasion Abilities Clause: Evasion abilities are banned
|rule|Sleep Moves Clause: Sleep-inducing moves are banned
|clearpoke
|poke|p1|Landorus-Therian, M|
|poke|p1|Heatran, M|
|poke|p1|Tsareena, F|
|poke|p1|Pecharunt|
|poke|p1|Samurott-Hisui, M|
|poke|p1|Dragonite, F|
|poke|p2|Hatterene, F|
|poke|p2|Iron Moth|
|poke|p2|Kyurem|
|poke|p2|Kingambit, M|
|poke|p2|Zamazenta-*|
|poke|p2|Landorus-Therian, M|
|teampreview
|
|t:|1769319821
|teamsize|p1|6
|teamsize|p2|6
|start
|switch|p1a: Samurott|Samurott-Hisui, M, shiny|100/100
|switch|p2a: Kyurem|Kyurem|100/100
|-ability|p2a: Kyurem|Pressure
|turn|1
|inactive|Battle timer is ON: inactive players will automatically lose when time's up. (requested by Sk021)
|
|t:|1769319828
|move|p1a: Samurott|Knock Off|p2a: Kyurem
|-damage|p2a: Kyurem|63/100
|-enditem|p2a: Kyurem|Leftovers|[from] move: Knock Off|[of] p1a: Samurott
|move|p2a: Kyurem|Freeze-Dry|p1a: Samurott
|-supereffective|p1a: Samurott
|-damage|p1a: Samurott|0 fnt
|faint|p1a: Samurott
|
|upkeep
|
|t:|1769319837
|switch|p1a: Tsareena|Tsareena, F|100/100
|turn|2
|
|t:|1769319843
|switch|p2a: Landorus|Landorus-Therian, M|100/100
|-ability|p2a: Landorus|Intimidate|boost
|-unboost|p1a: Tsareena|atk|1
|move|p1a: Tsareena|Low Kick|p2a: Landorus
|-resisted|p2a: Landorus
|-damage|p2a: Landorus|88/100
|-damage|p1a: Tsareena|84/100|[from] item: Rocky Helmet|[of] p2a: Landorus
|
|upkeep
|turn|3
|
|t:|1769319853
|move|p2a: Landorus|Taunt|p1a: Tsareena
|-start|p1a: Tsareena|move: Taunt
|move|p1a: Tsareena|Rapid Spin|p2a: Landorus
|-damage|p2a: Landorus|73/100
|-boost|p1a: Tsareena|spe|1
|-damage|p1a: Tsareena|67/100|[from] item: Rocky Helmet|[of] p2a: Landorus
|
|upkeep
|turn|4
|
|t:|1769319864
|switch|p1a: Landorus|Landorus-Therian, M|100/100
|-ability|p1a: Landorus|Intimidate|boost
|-unboost|p2a: Landorus|atk|1
|move|p2a: Landorus|Stone Edge|p1a: Landorus
|-damage|p1a: Landorus|70/100
|
|upkeep
|turn|5
|
|t:|1769319875
|-terastallize|p1a: Landorus|Flying
|move|p1a: Landorus|Tera Blast|p2a: Landorus|[anim] Tera Blast Flying
|-damage|p2a: Landorus|0 fnt
|faint|p2a: Landorus
|
|upkeep
|
|t:|1769319884
|switch|p2a: Kyurem|Kyurem|63/100
|-ability|p2a: Kyurem|Pressure
|turn|6
|
|t:|1769319897
|-terastallize|p2a: Kyurem|Ground
|move|p2a: Kyurem|Earth Power|p1a: Landorus
|-immune|p1a: Landorus
|move|p1a: Landorus|Tera Blast|p2a: Kyurem|[anim] Tera Blast Flying
|-damage|p2a: Kyurem|0 fnt
|faint|p2a: Kyurem
|
|upkeep
|
|t:|1769319910
|switch|p2a: Hatterene|Hatterene, F|100/100
|turn|7
|
|t:|1769319913
|move|p1a: Landorus|Tera Blast|p2a: Hatterene|[anim] Tera Blast Flying
|-damage|p2a: Hatterene|6/100
|move|p2a: Hatterene|Nuzzle|p1a: Landorus
|-supereffective|p1a: Landorus
|-damage|p1a: Landorus|60/100
|-status|p1a: Landorus|par
|
|upkeep
|turn|8
|
|t:|1769319923
|move|p1a: Landorus|Tera Blast|p2a: Hatterene|[anim] Tera Blast Flying
|-damage|p2a: Hatterene|0 fnt
|faint|p2a: Hatterene
|
|upkeep
|
|t:|1769319939
|switch|p2a: Iron Moth|Iron Moth|100/100
|-enditem|p2a: Iron Moth|Booster Energy
|-activate|p2a: Iron Moth|ability: Quark Drive|[fromitem]
|-start|p2a: Iron Moth|quarkdrivespa
|turn|9
|
|t:|1769319950
|switch|p1a: Heatran|Heatran, M|100/100
|move|p2a: Iron Moth|Fiery Dance|p1a: Heatran
|-damage|p1a: Heatran|65/100
|-boost|p2a: Iron Moth|spa|1
|
|-heal|p1a: Heatran|72/100|[from] item: Leftovers
|upkeep
|turn|10
|
|t:|1769319960
|move|p2a: Iron Moth|Fiery Dance|p1a: Heatran
|-damage|p1a: Heatran|15/100
|move|p1a: Heatran|Earth Power|p2a: Iron Moth
|-supereffective|p2a: Iron Moth
|-damage|p2a: Iron Moth|0 fnt
|faint|p2a: Iron Moth
|-end|p2a: Iron Moth|Quark Drive|[silent]
|
|-heal|p1a: Heatran|21/100|[from] item: Leftovers
|upkeep
|
|t:|1769319968
|switch|p2a: Zamazenta|Zamazenta|100/100
|-ability|p2a: Zamazenta|Dauntless Shield|boost
|-boost|p2a: Zamazenta|def|1
|turn|11
|
|t:|1769319979
|move|p2a: Zamazenta|Close Combat|p1a: Heatran
|-supereffective|p1a: Heatran
|-damage|p1a: Heatran|0 fnt
|-unboost|p2a: Zamazenta|def|1
|-unboost|p2a: Zamazenta|spd|1
|-status|p2a: Zamazenta|brn|[from] ability: Flame Body|[of] p1a: Heatran
|faint|p1a: Heatran
|
|-damage|p2a: Zamazenta|94/100 brn|[from] brn
|upkeep
|
|t:|1769319986
|switch|p1a: Pecharunt|Pecharunt|100/100
|turn|12
|
|t:|1769319990
|switch|p2a: Kingambit|Kingambit, M|100/100
|-activate|p2a: Kingambit|ability: Supreme Overlord
|-start|p2a: Kingambit|fallen4|[silent]
|move|p1a: Pecharunt|Parting Shot|p2a: Kingambit
|-unboost|p2a: Kingambit|atk|1
|-unboost|p2a: Kingambit|spa|1
|
|t:|1769319993
|switch|p1a: Landorus|Landorus-Therian, M, tera:Flying|60/100 par|[from] Parting Shot
|-ability|p1a: Landorus|Intimidate|boost
|-unboost|p2a: Kingambit|atk|1
|
|upkeep
|turn|13
|
|t:|1769320003
|-end|p2a: Kingambit|fallen4|[silent]
|switch|p2a: Zamazenta|Zamazenta|94/100 brn
|move|p1a: Landorus|Earthquake|p2a: Zamazenta
|-damage|p2a: Zamazenta|19/100 brn
|
|-damage|p2a: Zamazenta|13/100 brn|[from] brn
|upkeep
|turn|14
|
|t:|1769320012
|switch|p1a: Pecharunt|Pecharunt|100/100
|move|p2a: Zamazenta|Stone Edge|p1a: Pecharunt|[miss]
|-miss|p2a: Zamazenta|p1a: Pecharunt
|
|-damage|p2a: Zamazenta|7/100 brn|[from] brn
|upkeep
|turn|15
|
|t:|1769320017
|move|p2a: Zamazenta|Crunch|p1a: Pecharunt
|-supereffective|p1a: Pecharunt
|-damage|p1a: Pecharunt|86/100
|-damage|p2a: Zamazenta|0 fnt|[from] item: Rocky Helmet|[of] p1a: Pecharunt
|faint|p2a: Zamazenta
|move|p1a: Pecharunt|Parting Shot|p2: Zamazenta|[notarget]
|-fail|p1a: Pecharunt
|
|upkeep
|
|t:|1769320043
|switch|p2a: Kingambit|Kingambit, M|100/100
|-activate|p2a: Kingambit|ability: Supreme Overlord
|-start|p2a: Kingambit|fallen5|[silent]
|turn|16
|
|t:|1769320055
|move|p1a: Pecharunt|Parting Shot|p2a: Kingambit
|-unboost|p2a: Kingambit|atk|1
|-unboost|p2a: Kingambit|spa|1
|
|t:|1769320057
|switch|p1a: Landorus|Landorus-Therian, M, tera:Flying|60/100 par|[from] Parting Shot
|-ability|p1a: Landorus|Intimidate|boost
|-unboost|p2a: Kingambit|atk|1
|move|p2a: Kingambit|Swords Dance|p2a: Kingambit
|-boost|p2a: Kingambit|atk|2
|
|upkeep
|turn|17
|
|t:|1769320065
|move|p2a: Kingambit|Sucker Punch|p1a: Landorus
|-damage|p1a: Landorus|0 fnt
|faint|p1a: Landorus
|
|upkeep
|
|t:|1769320067
|switch|p1a: Tsareena|Tsareena, F|67/100
|turn|18
|
|t:|1769320073
|move|p2a: Kingambit|Sucker Punch||[still]
|cant|p1a: Tsareena|ability: Queenly Majesty|Sucker Punch|[of] p2a: Kingambit
|move|p1a: Tsareena|Low Kick|p2a: Kingambit
|-supereffective|p2a: Kingambit
|-damage|p2a: Kingambit|0 fnt
|faint|p2a: Kingambit
|-end|p2a: Kingambit|fallen5|[silent]
|
|win|user_36739535
|raw|user_36739535's rating: 1336 &rarr; <strong>1358</strong><br />(+22 for winning)
|raw|Sk021's rating: 1369 &rarr; <strong>1347</strong><br />(-22 for losing)
|l|☆Sk021
|player|p2|
|l|☆user_36739535
|player|p1|
