|j|☆4G3NC Teo
|j|☆Player569m
|t:|1769405195
|gametype|singles
|player|p1|4G3NC Teo|iris-gen5bw2|1443
|player|p2|Player569m|1|1479
|gen|9
|tier|[Gen 9] OU
|rated|
|rule|HP Percentage Mod: HP is shown in percentages
|rule|Endless Battle Clause: Forcing endless battles is banned
|rule|Species Clause: Limit one of each Pokémon
|rule|OHKO Clause: OHKO moves are banned
|rule|Evasion Items Clause: Evasion items are banned
|rule|Evasion Moves Clause: Evasion moves are banned
|rule|Evasion Abilities Clause: Evasion abilities are banned
|rule|Sleep Moves Clause: Sleep-inducing moves are banned
|clearpoke
|poke|p1|Quaquaval, M|
|poke|p1|Dragapult, M|
|poke|p1|Ursaluna, F|
|poke|p1|Sinistcha-Masterpiece|
|poke|p1|Tinkaton, F|
|poke|p1|Iron Treads|
|poke|p2|Kingambit, M|
|poke|p2|Ninetales-Alola, F|
|poke|p2|Cinderace, F|
|poke|p2|Pecharunt|
|poke|p2|Raging Bolt|
|poke|p2|Azumarill, F|
|teampreview
|inactive|Battle timer is ON: inactive players will automatically lose when time's up. (requested by 4G3NC Teo)
|
|t:|1769405202
|teamsize|p1|6
|teamsize|p2|6
|start
|switch|p1a: Another Stone|Tinkaton, F|100/100
|switch|p2a: Ninetales|Ninetales-Alola, F, shiny|100/100
|-weather|Snowscape|[from] ability: Snow Warning|[of] p2a: Ninetales
|turn|1
|
|t:|1769405213
|switch|p2a: Cinderace|Cinderace, F|100/100
|move|p1a: Another Stone|Thunder Wave|p2a: Cinderace
|-status|p2a: Cinderace|par
|
|-weather|Snowscape|[upkeep]
|upkeep
|turn|2
|
|t:|1769405225
|switch|p1a: Numb|Dragapult, M|100/100
|move|p2a: Cinderace|Pyro Ball|p1a: Numb
|-resisted|p1a: Numb
|-damage|p1a: Numb|64/100
|
|-weather|Snowscape|[upkeep]
|upkeep
|turn|3
|
|t:|1769405237
|switch|p2a: Ninetales|Ninetales-Alola, F, shiny|100/100
|move|p1a: Numb|Shadow Ball|p2a: Ninetales
|-damage|p2a: Ninetales|43/100
|
|-weather|Snowscape|[upkeep]
|upkeep
|turn|4
|
|t:|1769405249
|switch|p2a: Kingambit|Kingambit, M, shiny|100/100
|move|p1a: Numb|Shadow Ball|p2a: Kingambit
|-resisted|p2a: Kingambit
|-damage|p2a: Kingambit|79/100
|-unboost|p2a: Kingambit|spd|1
|
|-weather|Snowscape|[upkeep]
|-heal|p2a: Kingambit|86/100|[from] item: Leftovers
|upkeep
|turn|5
|
|t:|1769405257
|switch|p1a: Another Stone|Tinkaton, F|100/100
|move|p2a: Kingambit|Iron Head|p1a: Another Stone
|-damage|p1a: Another Stone|50/100
|
|-weather|none
|-heal|p1a: Another Stone|57/100|[from] item: Leftovers
|-heal|p2a: Kingambit|92/100|[from] item: Leftovers
|upkeep
|turn|6
|
|t:|1769405263
|move|p1a: Another Stone|Thunder Wave|p2a: Kingambit
|-status|p2a: Kingambit|par
|move|p2a: Kingambit|Iron Head|p1a: Another Stone
|-damage|p1a: Another Stone|0 fnt
|faint|p1a: Another Stone
|
|-heal|p2a: Kingambit|98/100 par|[from] item: Leftovers
|upkeep
|
|t:|1769405271
|switch|p1a: Seranade of Water|Quaquaval, M|100/100
|turn|7
|
|t:|1769405277
|switch|p1a: Husk|Sinistcha-Masterpiece|100/100
|-end|p2a: Kingambit|fallenundefined|[silent]
|switch|p2a: Pecharunt|Pecharunt|100/100
|
|upkeep
|turn|8
|
|t:|1769405286
|-terastallize|p1a: Husk|Steel
|move|p2a: Pecharunt|Malignant Chain|p1a: Husk
|-immune|p1a: Husk
|move|p1a: Husk|Calm Mind|p1a: Husk
|-boost|p1a: Husk|spa|1
|-boost|p1a: Husk|spd|1
|
|upkeep
|turn|9
|
|t:|1769405293
|switch|p2a: Cinderace|Cinderace, F|100/100 par
|move|p1a: Husk|Shadow Ball|p2a: Cinderace
|-damage|p2a: Cinderace|14/100 par
|
|upkeep
|turn|10
|
|t:|1769405300
|move|p2a: Cinderace|Pyro Ball|p1a: Husk
|-supereffective|p1a: Husk
|-damage|p1a: Husk|57/100
|move|p1a: Husk|Strength Sap|p2a: Cinderace
|-unboost|p2a: Cinderace|atk|1
|-heal|p1a: Husk|100/100
|
|upkeep
|turn|11
|inactive|Player569m has 120 seconds left.
|
|t:|1769405340
|switch|p2a: Ninetales|Ninetales-Alola, F, shiny|43/100
|-weather|Snowscape|[from] ability: Snow Warning|[of] p2a: Ninetales
|move|p1a: Husk|Calm Mind|p1a: Husk
|-boost|p1a: Husk|spa|1
|-boost|p1a: Husk|spd|1
|
|-weather|Snowscape|[upkeep]
|upkeep
|turn|12
|inactive|Player569m has 120 seconds left.
|
|t:|1769405348
|switch|p1a: Numb|Dragapult, M|64/100
|move|p2a: Ninetales|Aurora Veil|p2a: Ninetales
|-sidestart|p2: Player569m|move: Aurora Veil
|
|-weather|Snowscape|[upkeep]
|upkeep
|turn|13
|
|t:|1769405356
|move|p1a: Numb|Fire Blast|p2a: Ninetales
|-supereffective|p2a: Ninetales
|-damage|p2a: Ninetales|0 fnt
|faint|p2a: Ninetales
|
|-weather|Snowscape|[upkeep]
|upkeep
|
|t:|1769405366
|switch|p2a: Azumarill|Azumarill, F|100/100
|turn|14
|
|t:|1769405373
|switch|p1a: Husk|Sinistcha-Masterpiece, tera:Steel|100/100
|move|p2a: Azumarill|Belly Drum|p2a: Azumarill
|-damage|p2a: Azumarill|50/100
|-setboost|p2a: Azumarill|atk|6|[from] move: Belly Drum
|-enditem|p2a: Azumarill|Sitrus Berry|[eat]
|-heal|p2a: Azumarill|75/100|[from] item: Sitrus Berry
|
|-weather|Snowscape|[upkeep]
|upkeep
|turn|15
|
|t:|1769405392
|move|p2a: Azumarill|Aqua Jet|p1a: Husk
|-damage|p1a: Husk|16/100
|move|p1a: Husk|Matcha Gotcha|p2a: Azumarill
|-supereffective|p2a: Azumarill
|-damage|p2a: Azumarill|35/100
|-heal|p1a: Husk|39/100|[from] drain|[of] p2a: Azumarill
|
|-weather|none
|upkeep
|turn|16
|
|t:|1769405400
|move|p2a: Azumarill|Aqua Jet|p1a: Husk
|-damage|p1a: Husk|0 fnt
|faint|p1a: Husk
|
|upkeep
|
|t:|1769405406
|switch|p1a: Numb|Dragapult, M|64/100
|turn|17
|
|t:|1769405411
|move|p1a: Numb|Shadow Ball|p2a: Azumarill
|-damage|p2a: Azumarill|0 fnt
|faint|p2a: Azumarill
|
|upkeep
|
|t:|1769405419
|switch|p2a: Pecharunt|Pecharunt|100/100
|turn|18
|
|t:|1769405422
|move|p1a: Numb|Shadow Ball|p2a: Pecharunt
|-supereffective|p2a: Pecharunt
|-damage|p2a: Pecharunt|2/100
|move|p2a: Pecharunt|Shadow Ball|p1a: Numb
|-supereffective|p1a: Numb
|-damage|p1a: Numb|0 fnt
|faint|p1a: Numb
|
|upkeep
|
|t:|1769405425
|switch|p1a: Seranade of Water|Quaquaval, M|100/100
|turn|19
|
|t:|1769405430
|move|p1a: Seranade of Water|Aqua Step|p2a: Pecharunt
|-damage|p2a: Pecharunt|0 fnt
|-boost|p1a: Seranade of Water|spe|1
|faint|p2a: Pecharunt
|-ability|p1a: Seranade of Water|Moxie|boost
|-boost|p1a: Seranade of Water|atk|1
|
|-sideend|p2: Player569m|move: Aurora Veil
|upkeep
|
|t:|1769405438
|switch|p2a: Raging Bolt|Raging Bolt|100/100
|-enditem|p2a: Raging Bolt|Booster Energy
|-activate|p2a: Raging Bolt|ability: Protosynthesis|[fromitem]
|-start|p2a: Raging Bolt|protosynthesisspa
|turn|20
|
|t:|1769405441
|move|p1a: Seranade of Water|Triple Axel|p2a: Raging Bolt
|-supereffective|p2a: Raging Bolt
|-damage|p2a: Raging Bolt|83/100
|-supereffective|p2a: Raging Bolt
|-damage|p2a: Raging Bolt|49/100
|-supereffective|p2a: Raging Bolt
|-damage|p2a: Raging Bolt|0 fnt
|faint|p2a: Raging Bolt
|-end|p2a: Raging Bolt|Protosynthesis|[silent]
|-ability|p1a: Seranade of Water|Moxie|boost
|-boost|p1a: Seranade of Water|atk|1
|-hitcount|p2: Raging Bolt|3
|
|upkeep
|
|t:|1769405450
|switch|p2a: Kingambit|Kingambit, M, shiny|98/100 par
|-activate|p2a: Kingambit|ability: Supreme Overlord
|-start|p2a: Kingambit|fallen4|[silent]
|turn|21
|
|t:|1769405453
|-terastallize|p2a: Kingambit|Ghost
|move|p1a: Seranade of Water|Close Combat|p2a: Kingambit
|-immune|p2a: Kingambit
|move|p2a: Kingambit|Iron Head|p1a: Seranade of Water
|-resisted|p1a: Seranade of Water
|-damage|p1a: Seranade of Water|58/100
|
|-heal|p2a: Kingambit|100/100 par|[from] item: Leftovers
|upkeep
|turn|22
|
|t:|1769405464
|move|p1a: Seranade of Water|Aqua Step|p2a: Kingambit
|-damage|p2a: Kingambit|31/100 par
|-boost|p1a: Seranade of Water|spe|1
|move|p2a: Kingambit|Swords Dance|p2a: Kingambit
|-boost|p2a: Kingambit|atk|2
|
|-heal|p2a: Kingambit|37/100 par|[from] item: Leftovers
|upkeep
|turn|23
|
|t:|1769405473
|move|p2a: Kingambit|Sucker Punch|p1a: Seranade of Water
|-resisted|p1a: Seranade of Water
|-damage|p1a: Seranade of Water|0 fnt
|faint|p1a: Seranade of Water
|
|-heal|p2a: Kingambit|43/100 par|[from] item: Leftovers
|upkeep
|
|t:|1769405475
|switch|p1a: Porcelain|Iron Treads|100/100
|-enditem|p1a: Porcelain|Booster Energy
|-activate|p1a: Porcelain|ability: Quark Drive|[fromitem]
|-start|p1a: Porcelain|quarkdrivespe
|turn|24
|
|t:|1769405479
|cant|p2a: Kingambit|par
|move|p1a: Porcelain|Knock Off|p2a: Kingambit
|-supereffective|p2a: Kingambit
|-damage|p2a: Kingambit|0 fnt
|-enditem|p2a: Kingambit|Leftovers|[from] move: Knock Off|[of] p1a: Porcelain
|faint|p2a: Kingambit
|-end|p2a: Kingambit|fallen4|[silent]
|
|upkeep
|
|t:|1769405484
|switch|p2a: Cinderace|Cinderace, F|14/100 par
|turn|25
|c|☆4G3NC Teo|ggs
|-message|Player569m forfeited.
|
|win|4G3NC Teo
|raw|4G3NC Teo's rating: 1443 &rarr; <strong>1465</strong><br />(+22 for winning)
|raw|Player569m's rating: 1479 &rarr; <strong>1457</strong><br />(-22 for losing)
|l|☆Player569m
|player|p2|
|l|☆4G3NC Teo
|player|p1|
