|j|☆Mamiya_Yumehisa
|j|☆drugty
|t:|1769348711
|gametype|singles
|player|p1|Mamiya_Yumehisa|leaf-masters|1659
|player|p2|drugty|169|1585
|gen|9
|tier|[Gen 9] OU
|rated|
|rule|HP Percentage Mod: HP is shown in percentages
|rule|Endless Battle Clause: Forcing endless battles is banned
|rule|Species Clause: Limit one of each Pokémon
|rule|OHKO Clause: OHKO moves are banned
|rule|Evasion Items Clause: Evasion items are banned
|rule|Evasion Moves Clause: Evasion moves are banned
|rule|Evasion Abilities Clause: Evasion abilities are banned
|rule|Sleep Moves Clause: Sleep-inducing moves are banned
|clearpoke
|poke|p1|Samurott-Hisui, M|
|poke|p1|Sinistcha|
|poke|p1|Ting-Lu|
|poke|p1|Slowking-Galar, M|
|poke|p1|Dragonite, M|
|poke|p1|Iron Valiant|
|poke|p2|Great Tusk|
|poke|p2|Walking Wake|
|poke|p2|Kingambit, M|
|poke|p2|Venusaur, M|
|poke|p2|Ninetales, M|
|poke|p2|Raging Bolt|
|teampreview
|inactive|Battle timer is ON: inactive players will automatically lose when time's up. (requested by Mamiya_Yumehisa)
|
|t:|1769348716
|teamsize|p1|6
|teamsize|p2|6
|start
|switch|p1a: Samurott|Samurott-Hisui, M|100/100
|switch|p2a: Ninetales|Ninetales, M|100/100
|-weather|SunnyDay|[from] ability: Drought|[of] p2a: Ninetales
|turn|1
|
|t:|1769348721
|move|p2a: Ninetales|Will-O-Wisp|p1a: Samurott
|-status|p1a: Samurott|brn
|move|p1a: Samurott|Ceaseless Edge|p2a: Ninetales
|-damage|p2a: Ninetales|74/100
|-sidestart|p2: drugty|Spikes
|
|-weather|SunnyDay|[upkeep]
|-damage|p1a: Samurott|94/100 brn|[from] brn
|upkeep
|turn|2
|inactive|drugty has 120 seconds left.
|
|t:|1769348751
|switch|p2a: Great Tusk|Great Tusk|100/100
|-damage|p2a: Great Tusk|88/100|[from] Spikes
|-activate|p2a: Great Tusk|ability: Protosynthesis
|-start|p2a: Great Tusk|protosynthesisatk
|switch|p1a: Slowking|Slowking-Galar, M|100/100
|
|-weather|SunnyDay|[upkeep]
|upkeep
|turn|3
|
|t:|1769348757
|switch|p1a: Sinistcha|Sinistcha|100/100
|move|p2a: Great Tusk|Rapid Spin|p1a: Sinistcha
|-immune|p1a: Sinistcha
|
|-weather|SunnyDay|[upkeep]
|upkeep
|turn|4
|inactive|drugty has 120 seconds left.
|
|t:|1769348785
|-end|p2a: Great Tusk|Protosynthesis|[silent]
|switch|p2a: Venusaur|Venusaur, M|100/100
|-damage|p2a: Venusaur|88/100|[from] Spikes
|move|p1a: Sinistcha|Matcha Gotcha|p2a: Venusaur
|-resisted|p2a: Venusaur
|-damage|p2a: Venusaur|80/100
|
|-weather|SunnyDay|[upkeep]
|upkeep
|turn|5
|
|t:|1769348793
|switch|p1a: Slowking|Slowking-Galar, M|100/100
|move|p2a: Venusaur|Growth|p2a: Venusaur
|-boost|p2a: Venusaur|atk|2
|-boost|p2a: Venusaur|spa|2
|
|-weather|SunnyDay|[upkeep]
|upkeep
|turn|6
|
|t:|1769348799
|move|p2a: Venusaur|Weather Ball|p1a: Slowking
|-damage|p1a: Slowking|39/100
|-damage|p2a: Venusaur|70/100|[from] item: Life Orb
|move|p1a: Slowking|Future Sight|p2a: Venusaur
|-start|p1a: Slowking|move: Future Sight
|
|-weather|SunnyDay|[upkeep]
|upkeep
|turn|7
|
|t:|1769348814
|switch|p1a: Dragonite|Dragonite, M|100/100
|move|p2a: Venusaur|Weather Ball|p1a: Dragonite
|-resisted|p1a: Dragonite
|-damage|p1a: Dragonite|76/100
|-damage|p2a: Venusaur|60/100|[from] item: Life Orb
|
|-weather|SunnyDay|[upkeep]
|upkeep
|turn|8
|inactive|drugty has 120 seconds left.
|
|t:|1769348834
|switch|p1a: Slowking|Slowking-Galar, M|72/100
|move|p2a: Venusaur|Sludge Bomb|p1a: Slowking
|-resisted|p1a: Slowking
|-damage|p1a: Slowking|44/100
|-damage|p2a: Venusaur|50/100|[from] item: Life Orb
|
|-weather|none
|-end|p2a: Venusaur|move: Future Sight
|-supereffective|p2a: Venusaur
|-damage|p2a: Venusaur|0 fnt
|faint|p2a: Venusaur
|upkeep
|inactive|drugty has 120 seconds left.
|
|t:|1769348840
|switch|p2a: Great Tusk|Great Tusk|88/100
|-damage|p2a: Great Tusk|76/100|[from] Spikes
|turn|9
|
|t:|1769348842
|switch|p1a: Sinistcha|Sinistcha|100/100
|move|p2a: Great Tusk|Ice Spinner|p1a: Sinistcha
|-supereffective|p1a: Sinistcha
|-damage|p1a: Sinistcha|61/100
|
|upkeep
|turn|10
|
|t:|1769348846
|-end|p2a: Great Tusk|Protosynthesis|[silent]
|switch|p2a: Ninetales|Ninetales, M|74/100
|-damage|p2a: Ninetales|62/100|[from] Spikes
|-weather|SunnyDay|[from] ability: Drought|[of] p2a: Ninetales
|move|p1a: Sinistcha|Strength Sap|p2a: Ninetales
|-unboost|p2a: Ninetales|atk|1
|-heal|p1a: Sinistcha|100/100
|
|-weather|SunnyDay|[upkeep]
|upkeep
|turn|11
|
|t:|1769348850
|switch|p1a: Slowking|Slowking-Galar, M|77/100
|move|p2a: Ninetales|Weather Ball|p1a: Slowking
|-damage|p1a: Slowking|50/100
|
|-weather|SunnyDay|[upkeep]
|upkeep
|turn|12
|
|t:|1769348857
|move|p2a: Ninetales|Weather Ball|p1a: Slowking
|-damage|p1a: Slowking|25/100
|-prepare|p1a: Slowking|Chilly Reception|[premajor]
|move|p1a: Slowking|Chilly Reception|p1a: Slowking
|-weather|Snowscape
|j| hua_hua0_0
|
|t:|1769348876
|switch|p1a: Samurott|Samurott-Hisui, M|94/100 brn|[from] Chilly Reception
|
|-weather|Snowscape|[upkeep]
|-damage|p1a: Samurott|88/100 brn|[from] brn
|upkeep
|turn|13
|
|t:|1769348900
|switch|p2a: Great Tusk|Great Tusk|76/100
|-damage|p2a: Great Tusk|63/100|[from] Spikes
|move|p1a: Samurott|Knock Off|p2a: Great Tusk
|-resisted|p2a: Great Tusk
|-damage|p2a: Great Tusk|56/100
|-enditem|p2a: Great Tusk|Assault Vest|[from] move: Knock Off|[of] p1a: Samurott
|
|-weather|Snowscape|[upkeep]
|-damage|p1a: Samurott|82/100 brn|[from] brn
|upkeep
|turn|14
|
|t:|1769348913
|switch|p1a: Sinistcha|Sinistcha|100/100
|-end|p2a: Great Tusk|Protosynthesis|[silent]
|switch|p2a: Ninetales|Ninetales, M|62/100
|-damage|p2a: Ninetales|49/100|[from] Spikes
|-weather|SunnyDay|[from] ability: Drought|[of] p2a: Ninetales
|
|-weather|SunnyDay|[upkeep]
|upkeep
|turn|15
|
|t:|1769348921
|switch|p2a: Great Tusk|Great Tusk|56/100
|-damage|p2a: Great Tusk|44/100|[from] Spikes
|-activate|p2a: Great Tusk|ability: Protosynthesis
|-start|p2a: Great Tusk|protosynthesisatk
|switch|p1a: Slowking|Slowking-Galar, M|58/100
|
|-weather|SunnyDay|[upkeep]
|upkeep
|turn|16
|
|t:|1769348930
|move|p2a: Great Tusk|Ice Spinner|p1a: Slowking
|-damage|p1a: Slowking|21/100
|-prepare|p1a: Slowking|Chilly Reception|[premajor]
|move|p1a: Slowking|Chilly Reception|p1a: Slowking
|-weather|Snowscape
|-end|p2a: Great Tusk|Protosynthesis
|-message|drugty forfeited.
|
|win|Mamiya_Yumehisa
|raw|Mamiya_Yumehisa's rating: 1659 &rarr; <strong>1675</strong><br />(+16 for winning)
|raw|drugty's rating: 1585 &rarr; <strong>1569</strong><br />(-16 for losing)
|l|☆drugty
|player|p2|
|l|☆Mamiya_Yumehisa
|player|p1|
|l| hua_hua0_0
|j| hua_hua0_0
|l| hua_hua0_0
