|j|☆freezentic
|j|☆snitker
|t:|1769447198
|gametype|singles
|player|p1|freezentic|kimonogirl|1291
|player|p2|snitker|pokefan-gen4|1299
|gen|9
|tier|[Gen 9] OU
|rated|
|rule|HP Percentage Mod: HP is shown in percentages
|rule|Endless Battle Clause: Forcing endless battles is banned
|rule|Species Clause: Limit one of each Pokémon
|rule|OHKO Clause: OHKO moves are banned
|rule|Evasion Items Clause: Evasion items are banned
|rule|Evasion Moves Clause: Evasion moves are banned
|rule|Evasion Abilities Clause: Evasion abilities are banned
|rule|Sleep Moves Clause: Sleep-inducing moves are banned
|clearpoke
|poke|p1|Landorus-Therian, M|
|poke|p1|Samurott-Hisui, M|
|poke|p1|Pecharunt|
|poke|p1|Scizor, F|
|poke|p1|Latios, M|
|poke|p1|Zamazenta-*|
|poke|p2|Slowking-Galar, F|
|poke|p2|Zarude-Dada|
|poke|p2|Tornadus-Therian, M|
|poke|p2|Golem-Alola, M|
|poke|p2|Electrode-Hisui|
|poke|p2|Landorus-Therian, M|
|teampreview
|inactive|Battle timer is ON: inactive players will automatically lose when time's up. (requested by snitker)
|inactive|freezentic also wants the timer to be on.
|inactive|snitker has 120 seconds left.
|
|t:|1769447242
|teamsize|p1|6
|teamsize|p2|6
|start
|switch|p1a: Landorus|Landorus-Therian, M|100/100
|switch|p2a: Golem|Golem-Alola, M|100/100
|-ability|p1a: Landorus|Intimidate|boost
|-unboost|p2a: Golem|atk|1
|turn|1
|
|t:|1769447250
|switch|p2a: Landorus|Landorus-Therian, M|100/100
|-ability|p2a: Landorus|Intimidate|boost
|-unboost|p1a: Landorus|atk|1
|move|p1a: Landorus|Earthquake|p2a: Landorus
|-immune|p2a: Landorus
|
|upkeep
|turn|2
|
|t:|1769447262
|move|p2a: Landorus|U-turn|p1a: Landorus
|-resisted|p1a: Landorus
|-damage|p1a: Landorus|88/100
|-damage|p2a: Landorus|84/100|[from] item: Rocky Helmet|[of] p1a: Landorus
|
|t:|1769447267
|switch|p2a: Zarude|Zarude-Dada|100/100|[from] U-turn
|move|p1a: Landorus|Stealth Rock|p2a: Zarude
|-sidestart|p2: snitker|move: Stealth Rock
|
|upkeep
|turn|3
|
|t:|1769447283
|move|p1a: Landorus|U-turn|p2a: Zarude
|-supereffective|p2a: Zarude
|-damage|p2a: Zarude|65/100
|
|t:|1769447287
|switch|p1a: Scizor|Scizor, F|100/100|[from] U-turn
|move|p2a: Zarude|Synthesis|p2a: Zarude
|-heal|p2a: Zarude|100/100
|
|upkeep
|turn|4
|
|t:|1769447308
|move|p2a: Zarude|U-turn|p1a: Scizor
|-resisted|p1a: Scizor
|-damage|p1a: Scizor|88/100
|
|t:|1769447312
|switch|p2a: Golem|Golem-Alola, M|100/100|[from] U-turn
|-damage|p2a: Golem|88/100|[from] Stealth Rock
|move|p1a: Scizor|Knock Off|p2a: Golem
|-damage|p2a: Golem|61/100
|-enditem|p2a: Golem|Choice Band|[from] move: Knock Off|[of] p1a: Scizor
|
|upkeep
|turn|5
|inactive|freezentic has 120 seconds left.
|
|t:|1769447348
|move|p1a: Scizor|Bullet Punch|p2a: Golem
|-damage|p2a: Golem|37/100
|move|p2a: Golem|Stealth Rock|p1a: Scizor
|-sidestart|p1: freezentic|move: Stealth Rock
|
|upkeep
|turn|6
|inactive|freezentic has 120 seconds left.
|
|t:|1769447360
|move|p1a: Scizor|Swords Dance|p1a: Scizor
|-boost|p1a: Scizor|atk|2
|move|p2a: Golem|Explosion|p1a: Scizor
|-crit|p1a: Scizor
|-damage|p1a: Scizor|0 fnt
|faint|p2a: Golem
|faint|p1a: Scizor
|
|upkeep
|inactive|freezentic has 120 seconds left.
|
|t:|1769447372
|switch|p1a: Samurott|Samurott-Hisui, M|100/100
|switch|p2a: Landorus|Landorus-Therian, M|84/100
|-damage|p2a: Landorus|72/100|[from] Stealth Rock
|-ability|p2a: Landorus|Intimidate|boost
|-unboost|p1a: Samurott|atk|1
|-damage|p1a: Samurott|88/100|[from] Stealth Rock
|turn|7
|
|t:|1769447390
|move|p2a: Landorus|U-turn|p1a: Samurott
|-supereffective|p1a: Samurott
|-damage|p1a: Samurott|24/100
|
|t:|1769447393
|switch|p2a: Zarude|Zarude-Dada|100/100|[from] U-turn
|-damage|p2a: Zarude|88/100|[from] Stealth Rock
|move|p1a: Samurott|Ceaseless Edge|p2a: Zarude
|-resisted|p2a: Zarude
|-damage|p2a: Zarude|78/100
|-sidestart|p2: snitker|Spikes
|
|-heal|p2a: Zarude|84/100|[from] item: Leftovers
|upkeep
|turn|8
|
|t:|1769447401
|move|p1a: Samurott|Knock Off|p2a: Zarude
|-resisted|p2a: Zarude
|-damage|p2a: Zarude|75/100
|-enditem|p2a: Zarude|Leftovers|[from] move: Knock Off|[of] p1a: Samurott
|move|p2a: Zarude|U-turn|p1a: Samurott
|-supereffective|p1a: Samurott
|-damage|p1a: Samurott|0 fnt
|faint|p1a: Samurott
|
|t:|1769447405
|switch|p2a: Electrode|Electrode-Hisui|100/100|[from] U-turn
|-damage|p2a: Electrode|88/100|[from] Stealth Rock
|-damage|p2a: Electrode|76/100|[from] Spikes
|
|upkeep
|
|t:|1769447419
|switch|p1a: Pecharunt|Pecharunt|100/100
|turn|9
|
|t:|1769447427
|move|p2a: Electrode|Taunt|p1a: Pecharunt
|-start|p1a: Pecharunt|move: Taunt
|move|p1a: Pecharunt|Malignant Chain|p2a: Electrode
|-supereffective|p2a: Electrode
|-damage|p2a: Electrode|0 fnt
|faint|p2a: Electrode
|
|upkeep
|
|t:|1769447435
|switch|p2a: Slowking|Slowking-Galar, F|100/100
|-damage|p2a: Slowking|88/100|[from] Stealth Rock
|-damage|p2a: Slowking|76/100|[from] Spikes
|turn|10
|
|t:|1769447447
|move|p1a: Pecharunt|Shadow Ball|p2a: Slowking
|-supereffective|p2a: Slowking
|-damage|p2a: Slowking|53/100
|move|p2a: Slowking|Psychic|p1a: Pecharunt
|-supereffective|p1a: Pecharunt
|-damage|p1a: Pecharunt|28/100
|
|upkeep
|turn|11
|
|t:|1769447468
|switch|p1a: Latios|Latios, M|100/100
|-damage|p1a: Latios|88/100|[from] Stealth Rock
|move|p2a: Slowking|Psychic|p1a: Latios
|-resisted|p1a: Latios
|-damage|p1a: Latios|67/100
|
|upkeep
|turn|12
|
|t:|1769447477
|move|p1a: Latios|Draco Meteor|p2a: Slowking
|-damage|p2a: Slowking|10/100
|-unboost|p1a: Latios|spa|2
|move|p2a: Slowking|Ice Beam|p1a: Latios
|-supereffective|p1a: Latios
|-damage|p1a: Latios|16/100
|
|upkeep
|turn|13
|
|t:|1769447493
|switch|p2a: Zarude|Zarude-Dada|75/100
|-damage|p2a: Zarude|63/100|[from] Stealth Rock
|-damage|p2a: Zarude|51/100|[from] Spikes
|move|p1a: Latios|Recover|p1a: Latios
|-heal|p1a: Latios|66/100
|
|upkeep
|turn|14
|
|t:|1769447500
|move|p1a: Latios|Draco Meteor|p2a: Zarude
|-damage|p2a: Zarude|12/100
|-unboost|p1a: Latios|spa|2
|move|p2a: Zarude|Knock Off|p1a: Latios
|-supereffective|p1a: Latios
|-damage|p1a: Latios|0 fnt
|-enditem|p1a: Latios|Soul Dew|[from] move: Knock Off|[of] p2a: Zarude
|faint|p1a: Latios
|
|upkeep
|
|t:|1769447507
|switch|p1a: Zamazenta|Zamazenta|100/100
|-damage|p1a: Zamazenta|94/100|[from] Stealth Rock
|-ability|p1a: Zamazenta|Dauntless Shield|boost
|-boost|p1a: Zamazenta|def|1
|turn|15
|
|t:|1769447513
|move|p1a: Zamazenta|Iron Defense|p1a: Zamazenta
|-boost|p1a: Zamazenta|def|2
|move|p2a: Zarude|Synthesis|p2a: Zarude
|-heal|p2a: Zarude|62/100
|
|-heal|p1a: Zamazenta|100/100|[from] item: Leftovers
|upkeep
|turn|16
|
|t:|1769447520
|move|p1a: Zamazenta|Iron Defense|p1a: Zamazenta
|-boost|p1a: Zamazenta|def|2
|move|p2a: Zarude|Knock Off|p1a: Zamazenta
|-resisted|p1a: Zamazenta
|-crit|p1a: Zamazenta
|-damage|p1a: Zamazenta|80/100
|-enditem|p1a: Zamazenta|Leftovers|[from] move: Knock Off|[of] p2a: Zarude
|
|upkeep
|turn|17
|
|t:|1769447526
|move|p1a: Zamazenta|Body Press|p2a: Zarude
|-supereffective|p2a: Zarude
|-damage|p2a: Zarude|0 fnt
|faint|p2a: Zarude
|
|upkeep
|
|t:|1769447528
|switch|p2a: Tornadus|Tornadus-Therian, M|100/100
|-damage|p2a: Tornadus|76/100|[from] Stealth Rock
|turn|18
|
|t:|1769447531
|move|p2a: Tornadus|Air Slash|p1a: Zamazenta
|-supereffective|p1a: Zamazenta
|-damage|p1a: Zamazenta|6/100
|-damage|p2a: Tornadus|66/100|[from] item: Life Orb
|move|p1a: Zamazenta|Roar|p2a: Tornadus
|drag|p2a: Landorus|Landorus-Therian, M|72/100
|-damage|p2a: Landorus|59/100|[from] Stealth Rock
|-ability|p2a: Landorus|Intimidate|boost
|-unboost|p1a: Zamazenta|atk|1
|
|upkeep
|turn|19
|
|t:|1769447538
|move|p2a: Landorus|Earthquake|p1a: Zamazenta
|-damage|p1a: Zamazenta|0 fnt
|faint|p1a: Zamazenta
|
|upkeep
|
|t:|1769447543
|switch|p1a: Landorus|Landorus-Therian, M|88/100
|-damage|p1a: Landorus|76/100|[from] Stealth Rock
|-ability|p1a: Landorus|Intimidate|boost
|-unboost|p2a: Landorus|atk|1
|turn|20
|
|t:|1769447546
|switch|p2a: Tornadus|Tornadus-Therian, M|99/100
|-damage|p2a: Tornadus|74/100|[from] Stealth Rock
|move|p1a: Landorus|Smack Down|p2a: Tornadus
|-supereffective|p2a: Tornadus
|-damage|p2a: Tornadus|26/100
|-start|p2a: Tornadus|Smack Down
|
|upkeep
|turn|21
|
|t:|1769447555
|-terastallize|p2a: Tornadus|Flying
|move|p2a: Tornadus|Air Slash|p1a: Landorus
|-damage|p1a: Landorus|19/100
|-damage|p2a: Tornadus|16/100|[from] item: Life Orb
|move|p1a: Landorus|U-turn|p2a: Tornadus
|-resisted|p2a: Tornadus
|-damage|p2a: Tornadus|1/100
|
|t:|1769447558
|switch|p1a: Pecharunt|Pecharunt|28/100|[from] U-turn
|
|upkeep
|turn|22
|
|t:|1769447586
|move|p2a: Tornadus|Knock Off|p1a: Pecharunt
|-supereffective|p1a: Pecharunt
|-damage|p1a: Pecharunt|0 fnt
|-enditem|p1a: Pecharunt|Heavy-Duty Boots|[from] move: Knock Off|[of] p2a: Tornadus
|faint|p1a: Pecharunt
|-damage|p2a: Tornadus|0 fnt|[from] item: Life Orb
|faint|p2a: Tornadus
|
|upkeep
|
|t:|1769447591
|switch|p2a: Slowking|Slowking-Galar, F|43/100
|switch|p1a: Landorus|Landorus-Therian, M|19/100
|-damage|p1a: Landorus|7/100|[from] Stealth Rock
|-ability|p1a: Landorus|Intimidate|boost
|-unboost|p2a: Slowking|atk|1
|-damage|p2a: Slowking|31/100|[from] Stealth Rock
|-damage|p2a: Slowking|19/100|[from] Spikes
|turn|23
|
|t:|1769447596
|switch|p2a: Landorus|Landorus-Therian, M|59/100
|-damage|p2a: Landorus|47/100|[from] Stealth Rock
|-ability|p2a: Landorus|Intimidate|boost
|-unboost|p1a: Landorus|atk|1
|move|p1a: Landorus|Earthquake|p2a: Landorus
|-immune|p2a: Landorus
|
|upkeep
|turn|24
|
|t:|1769447599
|move|p2a: Landorus|U-turn|p1a: Landorus
|-resisted|p1a: Landorus
|-damage|p1a: Landorus|0 fnt
|-damage|p2a: Landorus|31/100|[from] item: Rocky Helmet|[of] p1a: Landorus
|faint|p1a: Landorus
|
|win|snitker
|raw|freezentic's rating: 1291 &rarr; <strong>1267</strong><br />(-24 for losing)
|raw|snitker's rating: 1299 &rarr; <strong>1323</strong><br />(+24 for winning)
|l|☆snitker
|player|p2|
|l|☆freezentic
|player|p1|
