|j|☆Ballindog34
|j|☆Edward_Steven.55
|t:|1769438004
|gametype|singles
|player|p1|Ballindog34|pokekid|1077
|player|p2|Edward_Steven.55|170|1071
|gen|9
|tier|[Gen 9] OU
|rated|
|rule|HP Percentage Mod: HP is shown in percentages
|rule|Endless Battle Clause: Forcing endless battles is banned
|rule|Species Clause: Limit one of each Pokémon
|rule|OHKO Clause: OHKO moves are banned
|rule|Evasion Items Clause: Evasion items are banned
|rule|Evasion Moves Clause: Evasion moves are banned
|rule|Evasion Abilities Clause: Evasion abilities are banned
|rule|Sleep Moves Clause: Sleep-inducing moves are banned
|clearpoke
|poke|p1|Lurantis, M|
|poke|p1|Hatterene, F|
|poke|p1|Gligar, M|
|poke|p1|Polteageist|
|poke|p1|Grimmsnarl, M|
|poke|p1|Electrode-Hisui|
|poke|p2|Gliscor, M|
|poke|p2|Swampert, M|
|poke|p2|Metagross|
|poke|p2|Gardevoir, F|
|poke|p2|Meowscarada, F|
|poke|p2|Milotic, F|
|teampreview
|
|t:|1769438009
|teamsize|p1|6
|teamsize|p2|6
|start
|switch|p1a: Hatterweeny|Hatterene, F, shiny|100/100
|switch|p2a: Gliscor|Gliscor, M|100/100
|turn|1
|inactive|Battle timer is ON: inactive players will automatically lose when time's up. (requested by Ballindog34)
|
|t:|1769438025
|switch|p2a: Gardevoir|Gardevoir, F, shiny|100/100
|move|p1a: Hatterweeny|Trick Room|p1a: Hatterweeny
|-fieldstart|move: Trick Room|[of] p1a: Hatterweeny
|
|upkeep
|turn|2
|
|t:|1769438031
|move|p1a: Hatterweeny|Mystical Fire|p2a: Gardevoir
|-damage|p2a: Gardevoir|60/100
|-unboost|p2a: Gardevoir|spa|1
|-damage|p1a: Hatterweeny|91/100|[from] item: Life Orb
|move|p2a: Gardevoir|Calm Mind|p2a: Gardevoir
|-boost|p2a: Gardevoir|spa|1
|-boost|p2a: Gardevoir|spd|1
|
|-heal|p2a: Gardevoir|66/100|[from] item: Leftovers
|upkeep
|turn|3
|
|t:|1769438043
|move|p1a: Hatterweeny|Psyshock|p2a: Gardevoir
|-resisted|p2a: Gardevoir
|-damage|p2a: Gardevoir|16/100
|-damage|p1a: Hatterweeny|81/100|[from] item: Life Orb
|move|p2a: Gardevoir|Calm Mind|p2a: Gardevoir
|-boost|p2a: Gardevoir|spa|1
|-boost|p2a: Gardevoir|spd|1
|
|-heal|p2a: Gardevoir|22/100|[from] item: Leftovers
|upkeep
|turn|4
|
|t:|1769438054
|move|p1a: Hatterweeny|Psyshock|p2a: Gardevoir
|-resisted|p2a: Gardevoir
|-damage|p2a: Gardevoir|0 fnt
|faint|p2a: Gardevoir
|-damage|p1a: Hatterweeny|71/100|[from] item: Life Orb
|
|upkeep
|
|t:|1769438059
|switch|p2a: Meowscarada|Meowscarada, F, shiny|100/100
|turn|5
|
|t:|1769438064
|move|p1a: Hatterweeny|Mystical Fire|p2a: Meowscarada
|-supereffective|p2a: Meowscarada
|-damage|p2a: Meowscarada|0 fnt
|faint|p2a: Meowscarada
|-damage|p1a: Hatterweeny|62/100|[from] item: Life Orb
|
|-fieldend|move: Trick Room
|upkeep
|
|t:|1769438071
|switch|p2a: Milotic|Milotic, F, shiny|100/100
|turn|6
|
|t:|1769438075
|move|p2a: Milotic|Scald|p1a: Hatterweeny
|-damage|p1a: Hatterweeny|25/100
|move|p1a: Hatterweeny|Trick Room|p1a: Hatterweeny
|-fieldstart|move: Trick Room|[of] p1a: Hatterweeny
|
|upkeep
|turn|7
|
|t:|1769438084
|move|p1a: Hatterweeny|Mystical Fire|p2a: Milotic
|-resisted|p2a: Milotic
|-crit|p2a: Milotic
|-damage|p2a: Milotic|77/100
|-unboost|p2a: Milotic|spa|1
|-damage|p1a: Hatterweeny|15/100|[from] item: Life Orb
|move|p2a: Milotic|Scald|p1a: Hatterweeny
|-damage|p1a: Hatterweeny|0 fnt
|faint|p1a: Hatterweeny
|
|-heal|p2a: Milotic|83/100|[from] item: Leftovers
|upkeep
|
|t:|1769438093
|switch|p1a: Green bean|Lurantis, M, shiny|100/100
|turn|8
|
|t:|1769438106
|move|p1a: Green bean|Leaf Blade|p2a: Milotic
|-supereffective|p2a: Milotic
|-damage|p2a: Milotic|0 fnt
|faint|p2a: Milotic
|
|upkeep
|
|t:|1769438111
|switch|p2a: Gliscor|Gliscor, M|100/100
|turn|9
|
|t:|1769438116
|move|p1a: Green bean|Superpower|p2a: Gliscor
|-resisted|p2a: Gliscor
|-damage|p2a: Gliscor|86/100
|-boost|p1a: Green bean|atk|1
|-boost|p1a: Green bean|def|1
|move|p2a: Gliscor|Toxic|p1a: Green bean
|-status|p1a: Green bean|tox
|
|-damage|p1a: Green bean|94/100 tox|[from] psn
|-status|p2a: Gliscor|tox|[from] item: Toxic Orb
|upkeep
|turn|10
|
|t:|1769438125
|move|p1a: Green bean|Knock Off|p2a: Gliscor
|-damage|p2a: Gliscor|50/100 tox
|-enditem|p2a: Gliscor|Toxic Orb|[from] move: Knock Off|[of] p1a: Green bean
|move|p2a: Gliscor|Acrobatics|p1a: Green bean
|-supereffective|p1a: Green bean
|-damage|p1a: Green bean|26/100 tox
|
|-damage|p1a: Green bean|14/100 tox|[from] psn
|-heal|p2a: Gliscor|62/100 tox|[from] ability: Poison Heal
|-fieldend|move: Trick Room
|upkeep
|turn|11
|
|t:|1769438135
|move|p2a: Gliscor|Stealth Rock|p1a: Green bean
|-sidestart|p1: Ballindog34|move: Stealth Rock
|move|p1a: Green bean|Knock Off|p2a: Gliscor
|-damage|p2a: Gliscor|40/100 tox
|
|-heal|p2a: Gliscor|52/100 tox|[from] ability: Poison Heal
|-damage|p1a: Green bean|0 fnt|[from] psn
|faint|p1a: Green bean
|upkeep
|
|t:|1769438154
|switch|p1a: Slurp|Polteageist, shiny|100/100
|-damage|p1a: Slurp|88/100|[from] Stealth Rock
|turn|12
|
|t:|1769438163
|move|p2a: Gliscor|Toxic|p1a: Slurp|[miss]
|-miss|p2a: Gliscor|p1a: Slurp
|move|p1a: Slurp|Shell Smash|p1a: Slurp
|-unboost|p1a: Slurp|def|1
|-unboost|p1a: Slurp|spd|1
|-boost|p1a: Slurp|atk|2
|-boost|p1a: Slurp|spa|2
|-boost|p1a: Slurp|spe|2
|-enditem|p1a: Slurp|White Herb
|-clearnegativeboost|p1a: Slurp|[silent]
|
|-heal|p2a: Gliscor|64/100 tox|[from] ability: Poison Heal
|upkeep
|turn|13
|
|t:|1769438173
|move|p1a: Slurp|Stored Power|p2a: Gliscor
|-damage|p2a: Gliscor|0 fnt
|faint|p2a: Gliscor
|
|upkeep
|
|t:|1769438178
|switch|p2a: Swampert|Swampert, M|100/100
|turn|14
|
|t:|1769438185
|move|p1a: Slurp|Stored Power|p2a: Swampert
|-damage|p2a: Swampert|8/100
|move|p2a: Swampert|Earthquake|p1a: Slurp
|-damage|p1a: Slurp|20/100
|
|-heal|p2a: Swampert|14/100|[from] item: Leftovers
|upkeep
|turn|15
|
|t:|1769438193
|move|p1a: Slurp|Stored Power|p2a: Swampert
|-damage|p2a: Swampert|0 fnt
|faint|p2a: Swampert
|
|upkeep
|
|t:|1769438196
|switch|p2a: Metagross|Metagross, shiny|100/100
|turn|16
|
|t:|1769438211
|move|p1a: Slurp|Strength Sap|p2a: Metagross
|-fail|p2a: Metagross|unboost|[from] ability: Clear Body|[of] p2a: Metagross
|-heal|p1a: Slurp|100/100
|move|p2a: Metagross|Iron Head|p1a: Slurp
|-damage|p1a: Slurp|0 fnt
|-start|p2a: Metagross|Disable|Iron Head|[from] ability: Cursed Body|[of] p1a: Slurp
|faint|p1a: Slurp
|
|upkeep
|
|t:|1769438223
|switch|p1a: Screens|Grimmsnarl, M, shiny|100/100
|-damage|p1a: Screens|88/100|[from] Stealth Rock
|turn|17
|
|t:|1769438237
|-terastallize|p1a: Screens|Fire
|move|p1a: Screens|Bulk Up|p1a: Screens
|-boost|p1a: Screens|atk|1
|-boost|p1a: Screens|def|1
|-activate|p2a: Metagross|move: Struggle
|move|p2a: Metagross|Struggle|p1a: Screens
|-damage|p1a: Screens|65/100
|-damage|p2a: Metagross|75/100|[from] recoil
|
|upkeep
|turn|18
|
|t:|1769438247
|-activate|p2a: Metagross|move: Struggle
|move|p2a: Metagross|Struggle|p1a: Screens
|-damage|p1a: Screens|44/100
|-damage|p2a: Metagross|50/100|[from] recoil
|move|p1a: Screens|Fire Punch|p2a: Metagross
|-supereffective|p2a: Metagross
|-damage|p2a: Metagross|0 fnt
|faint|p2a: Metagross
|-damage|p1a: Screens|34/100|[from] item: Life Orb
|
|win|Ballindog34
|raw|Ballindog34's rating: 1077 &rarr; <strong>1105</strong><br />(+28 for winning)
|raw|Edward_Steven.55's rating: 1071 &rarr; <strong>1051</strong><br />(-20 for losing)
|c|☆Ballindog34|Gg
|l|☆Ballindog34
|player|p1|
|l|☆Edward_Steven.55
|player|p2|
