|j|☆johtoboi_9
|j|☆Olaf Grossebaf
|t:|1769375759
|gametype|singles
|player|p1|johtoboi_9|bugcatcher-gen4dp|1422
|player|p2|Olaf Grossebaf|rood|1426
|gen|9
|tier|[Gen 9] OU
|rated|
|rule|HP Percentage Mod: HP is shown in percentages
|rule|Endless Battle Clause: Forcing endless battles is banned
|rule|Species Clause: Limit one of each Pokémon
|rule|OHKO Clause: OHKO moves are banned
|rule|Evasion Items Clause: Evasion items are banned
|rule|Evasion Moves Clause: Evasion moves are banned
|rule|Evasion Abilities Clause: Evasion abilities are banned
|rule|Sleep Moves Clause: Sleep-inducing moves are banned
|clearpoke
|poke|p1|Vileplume, F|
|poke|p1|Gyarados, M|
|poke|p1|Gengar, M|
|poke|p1|Dragonite, M|
|poke|p1|Blastoise, M|
|poke|p1|Clefable, F|
|poke|p2|Clodsire, M|
|poke|p2|Cinderace, M|
|poke|p2|Darkrai|
|poke|p2|Meowscarada, F|
|poke|p2|Heatran, F|
|poke|p2|Corviknight, F|
|teampreview
|inactive|Battle timer is ON: inactive players will automatically lose when time's up. (requested by Olaf Grossebaf)
|
|t:|1769375770
|teamsize|p1|6
|teamsize|p2|6
|start
|switch|p1a: Blastoise|Blastoise, M|100/100
|switch|p2a: Darkrai|Darkrai|100/100
|turn|1
|
|t:|1769375778
|move|p2a: Darkrai|Thunder|p1a: Blastoise
|-supereffective|p1a: Blastoise
|-damage|p1a: Blastoise|0 fnt
|faint|p1a: Blastoise
|
|upkeep
|
|t:|1769375787
|switch|p1a: カイリュー|Dragonite, M|100/100
|turn|2
|
|t:|1769375791
|move|p2a: Darkrai|Ice Beam|p1a: カイリュー
|-supereffective|p1a: カイリュー
|-damage|p1a: カイリュー|23/100
|-enditem|p1a: カイリュー|Weakness Policy
|-boost|p1a: カイリュー|atk|2|[from] item: Weakness Policy
|-boost|p1a: カイリュー|spa|2|[from] item: Weakness Policy
|move|p1a: カイリュー|Dragon Dance|p1a: カイリュー
|-boost|p1a: カイリュー|atk|1
|-boost|p1a: カイリュー|spe|1
|
|upkeep
|turn|3
|inactive|Olaf Grossebaf has 120 seconds left.
|
|t:|1769375834
|switch|p2a: Heatran|Heatran, F|100/100
|-item|p2a: Heatran|Air Balloon
|move|p1a: カイリュー|Dragon Claw|p2a: Heatran
|-resisted|p2a: Heatran
|-damage|p2a: Heatran|43/100
|-enditem|p2a: Heatran|Air Balloon
|
|upkeep
|turn|4
|
|t:|1769375842
|move|p1a: カイリュー|Dragon Claw|p2a: Heatran
|-resisted|p2a: Heatran
|-damage|p2a: Heatran|0 fnt
|faint|p2a: Heatran
|
|upkeep
|
|t:|1769375847
|switch|p2a: Cinderace|Cinderace, M|100/100
|turn|5
|
|t:|1769375851
|move|p1a: カイリュー|Extreme Speed|p2a: Cinderace
|-damage|p2a: Cinderace|0 fnt
|faint|p2a: Cinderace
|
|upkeep
|
|t:|1769375856
|switch|p2a: Corviknight|Corviknight, F|100/100
|-ability|p2a: Corviknight|Pressure
|turn|6
|
|t:|1769375861
|move|p1a: カイリュー|Dragon Claw|p2a: Corviknight
|-resisted|p2a: Corviknight
|-damage|p2a: Corviknight|68/100
|-damage|p1a: カイリュー|7/100|[from] item: Rocky Helmet|[of] p2a: Corviknight
|move|p2a: Corviknight|Roost|p2a: Corviknight
|-heal|p2a: Corviknight|100/100
|-singleturn|p2a: Corviknight|move: Roost
|
|upkeep
|turn|7
|c|☆johtoboi_9|lol rip to heatron and cinderace
|c|☆johtoboi_9|didnt want corvi to get a lil dirty
|
|t:|1769375890
|move|p1a: カイリュー|Iron Head|p2a: Corviknight
|-resisted|p2a: Corviknight
|-damage|p2a: Corviknight|80/100
|-damage|p1a: カイリュー|0 fnt|[from] item: Rocky Helmet|[of] p2a: Corviknight
|faint|p1a: カイリュー
|cant|p2a: Corviknight|flinch
|
|upkeep
|
|t:|1769375898
|switch|p1a: Vileplume|Vileplume, F|100/100
|turn|8
|
|t:|1769375909
|switch|p2a: Darkrai|Darkrai|100/100
|move|p1a: Vileplume|Stun Spore|p2a: Darkrai
|-status|p2a: Darkrai|par
|
|upkeep
|turn|9
|
|t:|1769375926
|cant|p2a: Darkrai|par
|move|p1a: Vileplume|Leech Seed|p2a: Darkrai
|-start|p2a: Darkrai|move: Leech Seed
|
|-damage|p2a: Darkrai|88/100 par|[from] Leech Seed|[of] p1a: Vileplume
|upkeep
|turn|10
|
|t:|1769375935
|cant|p2a: Darkrai|par
|move|p1a: Vileplume|Strength Sap|p2a: Darkrai
|-unboost|p2a: Darkrai|atk|1
|
|-damage|p2a: Darkrai|76/100 par|[from] Leech Seed|[of] p1a: Vileplume
|upkeep
|turn|11
|
|t:|1769375946
|switch|p2a: Corviknight|Corviknight, F|80/100
|-ability|p2a: Corviknight|Pressure
|move|p1a: Vileplume|Giga Drain|p2a: Corviknight
|-resisted|p2a: Corviknight
|-damage|p2a: Corviknight|72/100
|
|upkeep
|turn|12
|
|t:|1769375954
|switch|p2a: Meowscarada|Meowscarada, F|100/100
|move|p1a: Vileplume|Stun Spore|p2a: Meowscarada
|-immune|p2a: Meowscarada
|
|upkeep
|turn|13
|
|t:|1769375960
|move|p2a: Meowscarada|Triple Axel|p1a: Vileplume
|-start|p2a: Meowscarada|typechange|Ice|[from] ability: Protean
|-supereffective|p1a: Vileplume
|-damage|p1a: Vileplume|84/100
|-damage|p2a: Meowscarada|84/100|[from] item: Rocky Helmet|[of] p1a: Vileplume
|-status|p2a: Meowscarada|slp|[from] ability: Effect Spore|[of] p1a: Vileplume
|-hitcount|p1a: Vileplume|1
|move|p1a: Vileplume|Strength Sap|p2a: Meowscarada
|-unboost|p2a: Meowscarada|atk|1
|-heal|p1a: Vileplume|100/100
|
|upkeep
|turn|14
|c|☆johtoboi_9|;)
|c|☆johtoboi_9|cant doom the plume
|
|t:|1769375984
|switch|p2a: Darkrai|Darkrai|76/100 par
|move|p1a: Vileplume|Leech Seed|p2a: Darkrai
|-start|p2a: Darkrai|move: Leech Seed
|
|-damage|p2a: Darkrai|63/100 par|[from] Leech Seed|[of] p1a: Vileplume
|upkeep
|turn|15
|
|t:|1769375995
|switch|p2a: Meowscarada|Meowscarada, F|84/100 slp
|move|p1a: Vileplume|Giga Drain|p2a: Meowscarada
|-resisted|p2a: Meowscarada
|-damage|p2a: Meowscarada|63/100 slp
|
|upkeep
|turn|16
|
|t:|1769376003
|cant|p2a: Meowscarada|slp
|move|p1a: Vileplume|Strength Sap|p2a: Meowscarada
|-unboost|p2a: Meowscarada|atk|1
|
|upkeep
|turn|17
|
|t:|1769376008
|cant|p2a: Meowscarada|slp
|move|p1a: Vileplume|Giga Drain|p2a: Meowscarada
|-resisted|p2a: Meowscarada
|-damage|p2a: Meowscarada|41/100 slp
|
|upkeep
|turn|18
|
|t:|1769376015
|-curestatus|p2a: Meowscarada|slp|[msg]
|move|p2a: Meowscarada|Triple Axel|p1a: Vileplume
|-start|p2a: Meowscarada|typechange|Ice|[from] ability: Protean
|-supereffective|p1a: Vileplume
|-damage|p1a: Vileplume|90/100
|-damage|p2a: Meowscarada|24/100|[from] item: Rocky Helmet|[of] p1a: Vileplume
|-supereffective|p1a: Vileplume
|-damage|p1a: Vileplume|65/100
|-damage|p2a: Meowscarada|7/100|[from] item: Rocky Helmet|[of] p1a: Vileplume
|-supereffective|p1a: Vileplume
|-damage|p1a: Vileplume|29/100
|-damage|p2a: Meowscarada|0 fnt|[from] item: Rocky Helmet|[of] p1a: Vileplume
|faint|p2a: Meowscarada
|-hitcount|p1a: Vileplume|3
|move|p1a: Vileplume|Strength Sap|p2: Meowscarada|[notarget]
|-fail|p1a: Vileplume
|
|upkeep
|
|t:|1769376034
|switch|p2a: Darkrai|Darkrai|63/100 par
|turn|19
|
|t:|1769376045
|switch|p1a: Gyarados|Gyarados, M, shiny|100/100
|move|p2a: Darkrai|Ice Beam|p1a: Gyarados
|-damage|p1a: Gyarados|68/100
|
|-heal|p1a: Gyarados|74/100|[from] item: Leftovers
|upkeep
|turn|20
|
|t:|1769376052
|move|p1a: Gyarados|Substitute|p1a: Gyarados
|-start|p1a: Gyarados|Substitute
|-damage|p1a: Gyarados|49/100
|move|p2a: Darkrai|Thunder|p1a: Gyarados|[miss]
|-miss|p2a: Darkrai|p1a: Gyarados
|
|-heal|p1a: Gyarados|55/100|[from] item: Leftovers
|upkeep
|turn|21
|
|t:|1769376059
|switch|p2a: Corviknight|Corviknight, F|72/100
|-ability|p2a: Corviknight|Pressure
|move|p1a: Gyarados|Dragon Dance|p1a: Gyarados
|-boost|p1a: Gyarados|atk|1
|-boost|p1a: Gyarados|spe|1
|
|-heal|p1a: Gyarados|61/100|[from] item: Leftovers
|upkeep
|turn|22
|
|t:|1769376068
|move|p1a: Gyarados|Waterfall|p2a: Corviknight
|-damage|p2a: Corviknight|35/100
|-damage|p1a: Gyarados|45/100|[from] item: Rocky Helmet|[of] p2a: Corviknight
|move|p2a: Corviknight|Iron Defense|p2a: Corviknight
|-boost|p2a: Corviknight|def|2
|
|-heal|p1a: Gyarados|51/100|[from] item: Leftovers
|upkeep
|turn|23
|
|t:|1769376076
|move|p1a: Gyarados|Waterfall|p2a: Corviknight
|-damage|p2a: Corviknight|16/100
|-damage|p1a: Gyarados|34/100|[from] item: Rocky Helmet|[of] p2a: Corviknight
|move|p2a: Corviknight|Roost|p2a: Corviknight
|-heal|p2a: Corviknight|66/100
|-singleturn|p2a: Corviknight|move: Roost
|
|-heal|p1a: Gyarados|40/100|[from] item: Leftovers
|upkeep
|turn|24
|
|t:|1769376085
|move|p1a: Gyarados|Dragon Dance|p1a: Gyarados
|-boost|p1a: Gyarados|atk|1
|-boost|p1a: Gyarados|spe|1
|move|p2a: Corviknight|Roost|p2a: Corviknight
|-heal|p2a: Corviknight|100/100
|-singleturn|p2a: Corviknight|move: Roost
|
|-heal|p1a: Gyarados|46/100|[from] item: Leftovers
|upkeep
|turn|25
|
|t:|1769376094
|move|p1a: Gyarados|Dragon Dance|p1a: Gyarados
|-boost|p1a: Gyarados|atk|1
|-boost|p1a: Gyarados|spe|1
|move|p2a: Corviknight|Iron Defense|p2a: Corviknight
|-boost|p2a: Corviknight|def|2
|
|-heal|p1a: Gyarados|52/100|[from] item: Leftovers
|upkeep
|turn|26
|
|t:|1769376108
|move|p1a: Gyarados|Dragon Dance|p1a: Gyarados
|-boost|p1a: Gyarados|atk|1
|-boost|p1a: Gyarados|spe|1
|move|p2a: Corviknight|Iron Defense|p2a: Corviknight
|-boost|p2a: Corviknight|def|2
|
|-heal|p1a: Gyarados|58/100|[from] item: Leftovers
|upkeep
|turn|27
|
|t:|1769376115
|move|p1a: Gyarados|Waterfall|p2a: Corviknight
|-damage|p2a: Corviknight|81/100
|-damage|p1a: Gyarados|42/100|[from] item: Rocky Helmet|[of] p2a: Corviknight
|move|p2a: Corviknight|Body Press|p1a: Gyarados
|-resisted|p1a: Gyarados
|-end|p1a: Gyarados|Substitute
|
|-heal|p1a: Gyarados|48/100|[from] item: Leftovers
|upkeep
|turn|28
|
|t:|1769376127
|switch|p1a: Gengar|Gengar, M|100/100
|move|p2a: Corviknight|Body Press|p1a: Gengar
|-immune|p1a: Gengar
|
|upkeep
|turn|29
|
|t:|1769376141
|switch|p2a: Clodsire|Clodsire, M|100/100
|move|p1a: Gengar|Trick|p2a: Clodsire
|-activate|p1a: Gengar|move: Trick|[of] p2a: Clodsire
|-item|p2a: Clodsire|Choice Scarf|[from] move: Trick
|-item|p1a: Gengar|Leftovers|[from] move: Trick
|
|upkeep
|turn|30
|
|t:|1769376154
|move|p1a: Gengar|Shadow Ball|p2a: Clodsire
|-damage|p2a: Clodsire|75/100
|move|p2a: Clodsire|Earthquake|p1a: Gengar
|-supereffective|p1a: Gengar
|-damage|p1a: Gengar|0 fnt
|faint|p1a: Gengar
|
|upkeep
|
|t:|1769376164
|switch|p1a: Gyarados|Gyarados, M, shiny|48/100
|turn|31
|
|t:|1769376168
|switch|p2a: Corviknight|Corviknight, F|81/100
|-ability|p2a: Corviknight|Pressure
|move|p1a: Gyarados|Dragon Dance|p1a: Gyarados
|-boost|p1a: Gyarados|atk|1
|-boost|p1a: Gyarados|spe|1
|
|-heal|p1a: Gyarados|54/100|[from] item: Leftovers
|upkeep
|turn|32
|
|t:|1769376176
|move|p1a: Gyarados|Waterfall|p2a: Corviknight
|-damage|p2a: Corviknight|45/100
|-damage|p1a: Gyarados|37/100|[from] item: Rocky Helmet|[of] p2a: Corviknight
|cant|p2a: Corviknight|flinch
|
|-heal|p1a: Gyarados|43/100|[from] item: Leftovers
|upkeep
|turn|33
|
|t:|1769376183
|move|p1a: Gyarados|Waterfall|p2a: Corviknight
|-damage|p2a: Corviknight|7/100
|-damage|p1a: Gyarados|26/100|[from] item: Rocky Helmet|[of] p2a: Corviknight
|move|p2a: Corviknight|Roost|p2a: Corviknight
|-heal|p2a: Corviknight|57/100
|-singleturn|p2a: Corviknight|move: Roost
|
|-heal|p1a: Gyarados|33/100|[from] item: Leftovers
|upkeep
|turn|34
|
|t:|1769376194
|switch|p2a: Clodsire|Clodsire, M|75/100
|move|p1a: Gyarados|Waterfall|p2a: Clodsire
|-heal|p2a: Clodsire|99/100|[from] ability: Water Absorb|[of] p1a: Gyarados
|
|-heal|p1a: Gyarados|39/100|[from] item: Leftovers
|upkeep
|turn|35
|
|t:|1769376201
|move|p2a: Clodsire|Protect|p2a: Clodsire
|-singleturn|p2a: Clodsire|Protect
|move|p1a: Gyarados|Substitute|p1a: Gyarados
|-start|p1a: Gyarados|Substitute
|-damage|p1a: Gyarados|14/100
|
|-heal|p1a: Gyarados|20/100|[from] item: Leftovers
|upkeep
|turn|36
|
|t:|1769376209
|switch|p2a: Corviknight|Corviknight, F|57/100
|-ability|p2a: Corviknight|Pressure
|move|p1a: Gyarados|Dragon Dance|p1a: Gyarados
|-boost|p1a: Gyarados|atk|1
|-boost|p1a: Gyarados|spe|1
|
|-heal|p1a: Gyarados|26/100|[from] item: Leftovers
|upkeep
|turn|37
|
|t:|1769376218
|move|p1a: Gyarados|Waterfall|p2a: Corviknight
|-damage|p2a: Corviknight|13/100
|-damage|p1a: Gyarados|9/100|[from] item: Rocky Helmet|[of] p2a: Corviknight
|move|p2a: Corviknight|Iron Defense|p2a: Corviknight
|-boost|p2a: Corviknight|def|2
|
|-heal|p1a: Gyarados|15/100|[from] item: Leftovers
|upkeep
|turn|38
|
|t:|1769376225
|move|p1a: Gyarados|Waterfall|p2a: Corviknight
|-damage|p2a: Corviknight|0 fnt
|-damage|p1a: Gyarados|0 fnt|[from] item: Rocky Helmet|[of] p2a: Corviknight
|faint|p2a: Corviknight
|faint|p1a: Gyarados
|
|upkeep
|
|t:|1769376235
|switch|p1a: Vileplume|Vileplume, F|29/100
|switch|p2a: Clodsire|Clodsire, M|99/100
|turn|39
|
|t:|1769376242
|move|p1a: Vileplume|Strength Sap|p2a: Clodsire
|-unboost|p2a: Clodsire|atk|1
|-heal|p1a: Vileplume|82/100
|move|p2a: Clodsire|Earthquake|p1a: Vileplume
|-damage|p1a: Vileplume|65/100
|
|upkeep
|turn|40
|
|t:|1769376249
|switch|p2a: Darkrai|Darkrai|63/100 par
|move|p1a: Vileplume|Leech Seed|p2a: Darkrai
|-start|p2a: Darkrai|move: Leech Seed
|
|-damage|p2a: Darkrai|51/100 par|[from] Leech Seed|[of] p1a: Vileplume
|-heal|p1a: Vileplume|75/100|[silent]
|upkeep
|turn|41
|
|t:|1769376258
|move|p2a: Darkrai|Ice Beam|p1a: Vileplume
|-supereffective|p1a: Vileplume
|-damage|p1a: Vileplume|10/100
|move|p1a: Vileplume|Strength Sap|p2a: Darkrai
|-unboost|p2a: Darkrai|atk|1
|-heal|p1a: Vileplume|57/100
|
|-damage|p2a: Darkrai|38/100 par|[from] Leech Seed|[of] p1a: Vileplume
|-heal|p1a: Vileplume|67/100|[silent]
|upkeep
|turn|42
|
|t:|1769376278
|move|p2a: Darkrai|Ice Beam|p1a: Vileplume
|-supereffective|p1a: Vileplume
|-damage|p1a: Vileplume|0 fnt
|faint|p1a: Vileplume
|
|upkeep
|
|t:|1769376284
|switch|p1a: Clefable|Clefable, F, shiny|100/100
|turn|43
|
|t:|1769376289
|switch|p2a: Clodsire|Clodsire, M|99/100
|-terastallize|p1a: Clefable|Steel
|move|p1a: Clefable|Cosmic Power|p1a: Clefable
|-boost|p1a: Clefable|def|1
|-boost|p1a: Clefable|spd|1
|
|upkeep
|turn|44
|
|t:|1769376307
|switch|p2a: Darkrai|Darkrai|38/100 par
|move|p1a: Clefable|Cosmic Power|p1a: Clefable
|-boost|p1a: Clefable|def|1
|-boost|p1a: Clefable|spd|1
|
|upkeep
|turn|45
|
|t:|1769376314
|move|p2a: Darkrai|Dark Pulse|p1a: Clefable
|-damage|p1a: Clefable|82/100
|-enditem|p1a: Clefable|Red Card|[of] p2a: Darkrai
|drag|p2a: Clodsire|Clodsire, M|99/100
|move|p1a: Clefable|Flamethrower|p2a: Clodsire
|-damage|p2a: Clodsire|88/100
|
|upkeep
|turn|46
|
|t:|1769376322
|move|p1a: Clefable|Stored Power|p2a: Clodsire
|-supereffective|p2a: Clodsire
|-damage|p2a: Clodsire|65/100
|move|p2a: Clodsire|Earthquake|p1a: Clefable
|-supereffective|p1a: Clefable
|-damage|p1a: Clefable|59/100
|
|upkeep
|turn|47
|
|t:|1769376328
|move|p1a: Clefable|Moonlight|p1a: Clefable
|-heal|p1a: Clefable|100/100
|move|p2a: Clodsire|Earthquake|p1a: Clefable
|-supereffective|p1a: Clefable
|-damage|p1a: Clefable|77/100
|
|upkeep
|turn|48
|
|t:|1769376334
|move|p1a: Clefable|Cosmic Power|p1a: Clefable
|-boost|p1a: Clefable|def|1
|-boost|p1a: Clefable|spd|1
|move|p2a: Clodsire|Earthquake|p1a: Clefable
|-supereffective|p1a: Clefable
|-damage|p1a: Clefable|59/100
|
|upkeep
|turn|49
|
|t:|1769376341
|switch|p2a: Darkrai|Darkrai|38/100 par
|move|p1a: Clefable|Cosmic Power|p1a: Clefable
|-boost|p1a: Clefable|def|1
|-boost|p1a: Clefable|spd|1
|
|upkeep
|turn|50
|
|t:|1769376350
|-terastallize|p2a: Darkrai|Electric
|move|p2a: Darkrai|Thunder|p1a: Clefable
|-damage|p1a: Clefable|41/100
|-status|p1a: Clefable|par
|move|p1a: Clefable|Moonlight|p1a: Clefable
|-heal|p1a: Clefable|91/100 par
|
|upkeep
|turn|51
|
|t:|1769376367
|move|p2a: Darkrai|Thunder|p1a: Clefable
|-damage|p1a: Clefable|74/100 par
|move|p1a: Clefable|Flamethrower|p2a: Darkrai
|-damage|p2a: Darkrai|11/100 par
|
|upkeep
|turn|52
|
|t:|1769376373
|move|p2a: Darkrai|Thunder|p1a: Clefable
|-crit|p1a: Clefable
|-damage|p1a: Clefable|6/100 par
|move|p1a: Clefable|Flamethrower|p2a: Darkrai
|-damage|p2a: Darkrai|0 fnt
|faint|p2a: Darkrai
|
|upkeep
|c|☆johtoboi_9|oh shit lol
|
|t:|1769376380
|switch|p2a: Clodsire|Clodsire, M|65/100
|turn|53
|
|t:|1769376384
|move|p1a: Clefable|Moonlight|p1a: Clefable
|-heal|p1a: Clefable|56/100 par
|move|p2a: Clodsire|Earthquake|p1a: Clefable
|-supereffective|p1a: Clefable
|-damage|p1a: Clefable|40/100 par
|
|upkeep
|turn|54
|c|☆johtoboi_9|damnnnnnnnnn
|
|t:|1769376393
|move|p1a: Clefable|Moonlight|p1a: Clefable
|-heal|p1a: Clefable|90/100 par
|move|p2a: Clodsire|Earthquake|p1a: Clefable
|-supereffective|p1a: Clefable
|-damage|p1a: Clefable|75/100 par
|
|upkeep
|turn|55
|
|t:|1769376399
|move|p1a: Clefable|Stored Power|p2a: Clodsire
|-supereffective|p2a: Clodsire
|-damage|p2a: Clodsire|22/100
|move|p2a: Clodsire|Earthquake|p1a: Clefable
|-supereffective|p1a: Clefable
|-damage|p1a: Clefable|60/100 par
|
|upkeep
|turn|56
|
|t:|1769376405
|move|p1a: Clefable|Stored Power|p2a: Clodsire
|-supereffective|p2a: Clodsire
|-damage|p2a: Clodsire|0 fnt
|faint|p2a: Clodsire
|
|win|johtoboi_9
|raw|johtoboi_9's rating: 1422 &rarr; <strong>1442</strong><br />(+20 for winning)
|raw|Olaf Grossebaf's rating: 1426 &rarr; <strong>1406</strong><br />(-20 for losing)
|l|☆Olaf Grossebaf
|player|p2|
|c|☆johtoboi_9|gg!
|l|☆johtoboi_9
|player|p1|
