|j|☆Furiousjulian
|j|☆kill blitzkrieg
|t:|1769352254
|gametype|singles
|player|p1|Furiousjulian|blackbelt|1529
|player|p2|kill blitzkrieg|gambler|1490
|gen|9
|tier|[Gen 9] OU
|rated|
|rule|HP Percentage Mod: HP is shown in percentages
|rule|Endless Battle Clause: Forcing endless battles is banned
|rule|Species Clause: Limit one of each Pokémon
|rule|OHKO Clause: OHKO moves are banned
|rule|Evasion Items Clause: Evasion items are banned
|rule|Evasion Moves Clause: Evasion moves are banned
|rule|Evasion Abilities Clause: Evasion abilities are banned
|rule|Sleep Moves Clause: Sleep-inducing moves are banned
|clearpoke
|poke|p1|Rillaboom, M|
|poke|p1|Kleavor, M|
|poke|p1|Hawlucha, F|
|poke|p1|Clefable, F|
|poke|p1|Skeledirge, F|
|poke|p1|Goodra-Hisui, M|
|poke|p2|Ceruledge, M|
|poke|p2|Rillaboom, M|
|poke|p2|Great Tusk|
|poke|p2|Raging Bolt|
|poke|p2|Samurott-Hisui, M|
|poke|p2|Slowking-Galar, M|
|teampreview
|
|t:|1769352264
|teamsize|p1|6
|teamsize|p2|6
|start
|switch|p1a: Hidan|Kleavor, M|100/100
|switch|p2a: Samurott|Samurott-Hisui, M|100/100
|turn|1
|inactive|Battle timer is ON: inactive players will automatically lose when time's up. (requested by kill blitzkrieg)
|
|t:|1769352271
|move|p1a: Hidan|U-turn|p2a: Samurott
|-supereffective|p2a: Samurott
|-damage|p2a: Samurott|8/100
|
|t:|1769352283
|switch|p1a: Monkey King:Enma|Rillaboom, M|100/100|[from] U-turn
|-fieldstart|move: Grassy Terrain|[from] ability: Grassy Surge|[of] p1a: Monkey King:Enma
|move|p2a: Samurott|Razor Shell|p1a: Monkey King:Enma
|-resisted|p1a: Monkey King:Enma
|-damage|p1a: Monkey King:Enma|77/100
|-unboost|p1a: Monkey King:Enma|def|1
|
|-heal|p2a: Samurott|14/100|[from] Grassy Terrain
|-heal|p1a: Monkey King:Enma|84/100|[from] Grassy Terrain
|upkeep
|turn|2
|
|t:|1769352296
|switch|p2a: Rillaboom|Rillaboom, M, shiny|100/100
|move|p1a: Monkey King:Enma|Grassy Glide|p2a: Rillaboom
|-resisted|p2a: Rillaboom
|-damage|p2a: Rillaboom|69/100
|
|-heal|p2a: Rillaboom|75/100|[from] Grassy Terrain
|-heal|p1a: Monkey King:Enma|90/100|[from] Grassy Terrain
|upkeep
|turn|3
|
|t:|1769352306
|switch|p1a: Sanshouo|Skeledirge, F|100/100
|move|p2a: Rillaboom|U-turn|p1a: Sanshouo
|-resisted|p1a: Sanshouo
|-damage|p1a: Sanshouo|94/100
|
|t:|1769352312
|switch|p2a: Ceruledge|Ceruledge, M, shiny|100/100|[from] U-turn
|
|-heal|p1a: Sanshouo|99/100|[from] Grassy Terrain
|upkeep
|turn|4
|
|t:|1769352323
|move|p2a: Ceruledge|Poltergeist|p1a: Sanshouo
|-activate|p1a: Sanshouo|move: Poltergeist|Heavy-Duty Boots
|-supereffective|p1a: Sanshouo
|-crit|p1a: Sanshouo
|-damage|p1a: Sanshouo|6/100
|move|p1a: Sanshouo|Hex|p2a: Ceruledge
|-supereffective|p2a: Ceruledge
|-damage|p2a: Ceruledge|48/100
|
|-heal|p2a: Ceruledge|54/100|[from] Grassy Terrain
|-heal|p1a: Sanshouo|12/100|[from] Grassy Terrain
|upkeep
|turn|5
|
|t:|1769352333
|move|p2a: Ceruledge|Bitter Blade|p1a: Sanshouo
|-resisted|p1a: Sanshouo
|-damage|p1a: Sanshouo|0 fnt
|-heal|p2a: Ceruledge|62/100|[from] drain|[of] p1a: Sanshouo
|faint|p1a: Sanshouo
|
|-heal|p2a: Ceruledge|69/100|[from] Grassy Terrain
|-fieldend|move: Grassy Terrain
|upkeep
|
|t:|1769352350
|switch|p1a: Hidan|Kleavor, M|100/100
|turn|6
|
|t:|1769352363
|switch|p2a: Great Tusk|Great Tusk|100/100
|-terastallize|p1a: Hidan|Flying
|move|p1a: Hidan|Aerial Ace|p2a: Great Tusk
|-supereffective|p2a: Great Tusk
|-damage|p2a: Great Tusk|49/100
|-damage|p1a: Hidan|84/100|[from] item: Rocky Helmet|[of] p2a: Great Tusk
|
|upkeep
|turn|7
|
|t:|1769352370
|-end|p2a: Great Tusk|Protosynthesis|[silent]
|switch|p2a: Raging Bolt|Raging Bolt|100/100
|move|p1a: Hidan|Aerial Ace|p2a: Raging Bolt
|-resisted|p2a: Raging Bolt
|-damage|p2a: Raging Bolt|77/100
|
|-heal|p2a: Raging Bolt|84/100|[from] item: Leftovers
|upkeep
|turn|8
|
|t:|1769352378
|switch|p1a: Katsuyu|Goodra-Hisui, M|100/100
|move|p2a: Raging Bolt|Thunderbolt|p1a: Katsuyu
|-resisted|p1a: Katsuyu
|-damage|p1a: Katsuyu|89/100
|
|-heal|p2a: Raging Bolt|90/100|[from] item: Leftovers
|upkeep
|turn|9
|
|t:|1769352387
|-end|p2a: Raging Bolt|Protosynthesis|[silent]
|switch|p2a: Slowking|Slowking-Galar, M, shiny|100/100
|move|p1a: Katsuyu|Earthquake|p2a: Slowking
|-supereffective|p2a: Slowking
|-damage|p2a: Slowking|50/100
|
|upkeep
|turn|10
|
|t:|1769352394
|switch|p2a: Rillaboom|Rillaboom, M, shiny|75/100
|-fieldstart|move: Grassy Terrain|[from] ability: Grassy Surge|[of] p2a: Rillaboom
|move|p1a: Katsuyu|Draco Meteor|p2a: Rillaboom
|-damage|p2a: Rillaboom|0 fnt
|-unboost|p1a: Katsuyu|spa|2
|faint|p2a: Rillaboom
|
|-heal|p1a: Katsuyu|95/100|[from] Grassy Terrain
|upkeep
|
|t:|1769352405
|switch|p2a: Ceruledge|Ceruledge, M, shiny|69/100
|turn|11
|
|t:|1769352416
|switch|p1a: Deidara's c3|Hawlucha, F|100/100
|-enditem|p1a: Deidara's c3|Grassy Seed
|-boost|p1a: Deidara's c3|def|1|[from] item: Grassy Seed
|move|p2a: Ceruledge|Swords Dance|p2a: Ceruledge
|-boost|p2a: Ceruledge|atk|2
|
|-heal|p2a: Ceruledge|75/100|[from] Grassy Terrain
|upkeep
|turn|12
|
|t:|1769352429
|move|p1a: Deidara's c3|Acrobatics|p2a: Ceruledge
|-damage|p2a: Ceruledge|0 fnt
|faint|p2a: Ceruledge
|
|upkeep
|
|t:|1769352436
|switch|p2a: Raging Bolt|Raging Bolt|90/100
|turn|13
|
|t:|1769352459
|switch|p1a: Katsuyu|Goodra-Hisui, M|95/100
|move|p2a: Raging Bolt|Thunderbolt|p1a: Katsuyu
|-resisted|p1a: Katsuyu
|-damage|p1a: Katsuyu|83/100
|
|-heal|p2a: Raging Bolt|96/100|[from] Grassy Terrain
|-heal|p2a: Raging Bolt|100/100|[from] item: Leftovers
|-heal|p1a: Katsuyu|89/100|[from] Grassy Terrain
|upkeep
|turn|14
|
|t:|1769352474
|move|p2a: Raging Bolt|Calm Mind|p2a: Raging Bolt
|-boost|p2a: Raging Bolt|spa|1
|-boost|p2a: Raging Bolt|spd|1
|move|p1a: Katsuyu|Draco Meteor|p2a: Raging Bolt
|-supereffective|p2a: Raging Bolt
|-damage|p2a: Raging Bolt|13/100
|-unboost|p1a: Katsuyu|spa|2
|
|-heal|p2a: Raging Bolt|19/100|[from] Grassy Terrain
|-heal|p2a: Raging Bolt|25/100|[from] item: Leftovers
|-heal|p1a: Katsuyu|95/100|[from] Grassy Terrain
|-fieldend|move: Grassy Terrain
|upkeep
|turn|15
|
|t:|1769352487
|move|p2a: Raging Bolt|Draco Meteor|p1a: Katsuyu
|-damage|p1a: Katsuyu|43/100
|-unboost|p2a: Raging Bolt|spa|2
|move|p1a: Katsuyu|Earthquake|p2a: Raging Bolt
|-supereffective|p2a: Raging Bolt
|-damage|p2a: Raging Bolt|0 fnt
|faint|p2a: Raging Bolt
|-end|p2a: Raging Bolt|Protosynthesis|[silent]
|
|upkeep
|-message|kill blitzkrieg forfeited.
|
|win|Furiousjulian
|raw|Furiousjulian's rating: 1529 &rarr; <strong>1547</strong><br />(+18 for winning)
|raw|kill blitzkrieg's rating: 1490 &rarr; <strong>1472</strong><br />(-18 for losing)
|l|☆kill blitzkrieg
|player|p2|
