|j|☆garytcrobat
|j|☆richuncleskeleton
|t:|1769323555
|gametype|singles
|player|p1|garytcrobat|102|1197
|player|p2|richuncleskeleton|swimmer-gen4dp|1189
|gen|9
|tier|[Gen 9] OU
|rated|
|rule|HP Percentage Mod: HP is shown in percentages
|rule|Endless Battle Clause: Forcing endless battles is banned
|rule|Species Clause: Limit one of each Pokémon
|rule|OHKO Clause: OHKO moves are banned
|rule|Evasion Items Clause: Evasion items are banned
|rule|Evasion Moves Clause: Evasion moves are banned
|rule|Evasion Abilities Clause: Evasion abilities are banned
|rule|Sleep Moves Clause: Sleep-inducing moves are banned
|clearpoke
|poke|p1|Pelipper, F|
|poke|p1|Hatterene, F|
|poke|p1|Iron Treads|
|poke|p1|Toxicroak, F|
|poke|p1|Barraskewda, F|
|poke|p1|Zapdos|
|poke|p2|Dondozo, M|
|poke|p2|Blissey, F|
|poke|p2|Corviknight, F|
|poke|p2|Weezing-Galar, M|
|poke|p2|Gliscor, M|
|poke|p2|Toxapex, F|
|teampreview
|inactive|Battle timer is ON: inactive players will automatically lose when time's up. (requested by richuncleskeleton)
|
|t:|1769323570
|teamsize|p1|6
|teamsize|p2|6
|start
|switch|p1a: Iron Treads|Iron Treads|100/100
|switch|p2a: Gliscor|Gliscor, M|100/100
|turn|1
|
|t:|1769323579
|move|p2a: Gliscor|Protect|p2a: Gliscor
|-singleturn|p2a: Gliscor|Protect
|move|p1a: Iron Treads|Stealth Rock|p2a: Gliscor
|-sidestart|p2: richuncleskeleton|move: Stealth Rock
|
|-status|p2a: Gliscor|tox|[from] item: Toxic Orb
|upkeep
|turn|2
|
|t:|1769323591
|-end|p1a: Iron Treads|Quark Drive|[silent]
|switch|p1a: Pelipper|Pelipper, F|100/100
|-weather|RainDance|[from] ability: Drizzle|[of] p1a: Pelipper
|switch|p2a: Corviknight|Corviknight, F|100/100
|-damage|p2a: Corviknight|88/100|[from] Stealth Rock
|-ability|p2a: Corviknight|Pressure
|
|-weather|RainDance|[upkeep]
|-heal|p2a: Corviknight|94/100|[from] item: Leftovers
|upkeep
|turn|3
|
|t:|1769323602
|move|p2a: Corviknight|Defog|p1a: Pelipper
|-unboost|p1a: Pelipper|evasion|1
|-sideend|p2: richuncleskeleton|Stealth Rock|[from] move: Defog|[of] p2a: Corviknight
|move|p1a: Pelipper|Knock Off|p2a: Corviknight
|-damage|p2a: Corviknight|87/100
|-enditem|p2a: Corviknight|Leftovers|[from] move: Knock Off|[of] p1a: Pelipper
|
|-weather|RainDance|[upkeep]
|upkeep
|turn|4
|
|t:|1769323617
|switch|p2a: Blissey|Blissey, F|100/100
|move|p1a: Pelipper|U-turn|p2a: Blissey
|-damage|p2a: Blissey|91/100
|
|t:|1769323622
|switch|p1a: Iron Treads|Iron Treads|100/100|[from] U-turn
|
|-weather|RainDance|[upkeep]
|-heal|p2a: Blissey|97/100|[from] item: Leftovers
|upkeep
|turn|5
|
|t:|1769323627
|switch|p2a: Gliscor|Gliscor, M|100/100 tox
|move|p1a: Iron Treads|Stealth Rock|p2a: Gliscor
|-sidestart|p2: richuncleskeleton|move: Stealth Rock
|
|-weather|RainDance|[upkeep]
|upkeep
|turn|6
|
|t:|1769323633
|-end|p1a: Iron Treads|Quark Drive|[silent]
|switch|p1a: Zapdos|Zapdos|100/100
|move|p2a: Gliscor|Knock Off|p1a: Zapdos
|-damage|p1a: Zapdos|75/100
|-enditem|p1a: Zapdos|Choice Specs|[from] move: Knock Off|[of] p2a: Gliscor
|
|-weather|RainDance|[upkeep]
|upkeep
|turn|7
|
|t:|1769323640
|move|p2a: Gliscor|Protect|p2a: Gliscor
|-singleturn|p2a: Gliscor|Protect
|move|p1a: Zapdos|Weather Ball|p2a: Gliscor
|-activate|p2a: Gliscor|move: Protect
|
|-weather|RainDance|[upkeep]
|upkeep
|turn|8
|
|t:|1769323651
|switch|p2a: Blissey|Blissey, F|97/100
|-damage|p2a: Blissey|85/100|[from] Stealth Rock
|move|p1a: Zapdos|Weather Ball|p2a: Blissey
|-damage|p2a: Blissey|70/100
|
|-weather|RainDance|[upkeep]
|-heal|p2a: Blissey|76/100|[from] item: Leftovers
|upkeep
|turn|9
|
|t:|1769323659
|move|p1a: Zapdos|Hurricane|p2a: Blissey
|-damage|p2a: Blissey|58/100
|move|p2a: Blissey|Stealth Rock|p1a: Zapdos
|-sidestart|p1: garytcrobat|move: Stealth Rock
|
|-weather|none
|-heal|p2a: Blissey|65/100|[from] item: Leftovers
|upkeep
|turn|10
|
|t:|1769323665
|switch|p1a: Pelipper|Pelipper, F|100/100
|-damage|p1a: Pelipper|76/100|[from] Stealth Rock
|-weather|RainDance|[from] ability: Drizzle|[of] p1a: Pelipper
|move|p2a: Blissey|Seismic Toss|p1a: Pelipper
|-damage|p1a: Pelipper|45/100
|
|-weather|RainDance|[upkeep]
|-heal|p2a: Blissey|71/100|[from] item: Leftovers
|upkeep
|turn|11
|
|t:|1769323670
|move|p2a: Blissey|Seismic Toss|p1a: Pelipper
|-damage|p1a: Pelipper|14/100
|move|p1a: Pelipper|Knock Off|p2a: Blissey
|-damage|p2a: Blissey|57/100
|-enditem|p2a: Blissey|Leftovers|[from] move: Knock Off|[of] p1a: Pelipper
|
|-weather|RainDance|[upkeep]
|upkeep
|turn|12
|
|t:|1769323677
|switch|p1a: Toxicroak|Toxicroak, F|100/100
|-damage|p1a: Toxicroak|94/100|[from] Stealth Rock
|move|p2a: Blissey|Seismic Toss|p1a: Toxicroak
|-damage|p1a: Toxicroak|67/100
|-damage|p2a: Blissey|40/100|[from] item: Rocky Helmet|[of] p1a: Toxicroak
|
|-weather|RainDance|[upkeep]
|-heal|p1a: Toxicroak|80/100|[from] ability: Dry Skin
|upkeep
|turn|13
|
|t:|1769323688
|switch|p2a: Gliscor|Gliscor, M|100/100 tox
|-damage|p2a: Gliscor|88/100 tox|[from] Stealth Rock
|move|p1a: Toxicroak|Knock Off|p2a: Gliscor
|-damage|p2a: Gliscor|70/100 tox
|-enditem|p2a: Gliscor|Toxic Orb|[from] move: Knock Off|[of] p1a: Toxicroak
|
|-weather|RainDance|[upkeep]
|-heal|p1a: Toxicroak|92/100|[from] ability: Dry Skin
|-heal|p2a: Gliscor|83/100 tox|[from] ability: Poison Heal
|upkeep
|turn|14
|
|t:|1769323696
|move|p1a: Toxicroak|Drain Punch|p2a: Gliscor
|-resisted|p2a: Gliscor
|-damage|p2a: Gliscor|73/100 tox
|-heal|p1a: Toxicroak|97/100|[from] drain|[of] p2a: Gliscor
|move|p2a: Gliscor|Knock Off|p1a: Toxicroak
|-resisted|p1a: Toxicroak
|-damage|p1a: Toxicroak|88/100
|-damage|p2a: Gliscor|56/100 tox|[from] item: Rocky Helmet|[of] p1a: Toxicroak
|-enditem|p1a: Toxicroak|Rocky Helmet|[from] move: Knock Off|[of] p2a: Gliscor
|
|-weather|RainDance|[upkeep]
|-heal|p1a: Toxicroak|100/100|[from] ability: Dry Skin
|-heal|p2a: Gliscor|69/100 tox|[from] ability: Poison Heal
|upkeep
|turn|15
|
|t:|1769323710
|move|p1a: Toxicroak|Drain Punch|p2a: Gliscor
|-resisted|p2a: Gliscor
|-damage|p2a: Gliscor|57/100 tox
|move|p2a: Gliscor|Spikes|p1a: Toxicroak
|-sidestart|p1: garytcrobat|Spikes
|
|-weather|RainDance|[upkeep]
|-heal|p2a: Gliscor|70/100 tox|[from] ability: Poison Heal
|upkeep
|turn|16
|
|t:|1769323718
|move|p1a: Toxicroak|Drain Punch|p2a: Gliscor
|-resisted|p2a: Gliscor
|-crit|p2a: Gliscor
|-damage|p2a: Gliscor|53/100 tox
|move|p2a: Gliscor|Spikes|p1a: Toxicroak
|-sidestart|p1: garytcrobat|Spikes
|
|-weather|RainDance|[upkeep]
|-heal|p2a: Gliscor|66/100 tox|[from] ability: Poison Heal
|upkeep
|turn|17
|
|t:|1769323727
|move|p1a: Toxicroak|Drain Punch|p2a: Gliscor
|-resisted|p2a: Gliscor
|-damage|p2a: Gliscor|54/100 tox
|move|p2a: Gliscor|Spikes|p1a: Toxicroak
|-sidestart|p1: garytcrobat|Spikes
|
|-weather|none
|-heal|p2a: Gliscor|66/100 tox|[from] ability: Poison Heal
|upkeep
|turn|18
|
|t:|1769323736
|move|p1a: Toxicroak|Encore|p2a: Gliscor
|-start|p2a: Gliscor|Encore
|move|p2a: Gliscor|Spikes||[still]
|-fail|p2a: Gliscor
|
|-heal|p2a: Gliscor|79/100 tox|[from] ability: Poison Heal
|upkeep
|turn|19
|
|t:|1769323740
|switch|p2a: Corviknight|Corviknight, F|87/100
|-damage|p2a: Corviknight|74/100|[from] Stealth Rock
|-ability|p2a: Corviknight|Pressure
|move|p1a: Toxicroak|Knock Off|p2a: Corviknight
|-damage|p2a: Corviknight|66/100
|
|upkeep
|turn|20
|
|t:|1769323756
|switch|p1a: Barraskewda|Barraskewda, F|100/100
|-damage|p1a: Barraskewda|88/100|[from] Stealth Rock
|-damage|p1a: Barraskewda|64/100|[from] Spikes
|move|p2a: Corviknight|Roost|p2a: Corviknight
|-heal|p2a: Corviknight|100/100
|-singleturn|p2a: Corviknight|move: Roost
|
|upkeep
|turn|21
|
|t:|1769323761
|move|p1a: Barraskewda|Close Combat|p2a: Corviknight
|-damage|p2a: Corviknight|63/100
|-unboost|p1a: Barraskewda|def|1
|-unboost|p1a: Barraskewda|spd|1
|move|p2a: Corviknight|Body Press|p1a: Barraskewda
|-damage|p1a: Barraskewda|0 fnt
|faint|p1a: Barraskewda
|
|upkeep
|
|t:|1769323768
|switch|p1a: Iron Treads|Iron Treads|100/100
|-damage|p1a: Iron Treads|98/100|[from] Stealth Rock
|-damage|p1a: Iron Treads|73/100|[from] Spikes
|turn|22
|
|t:|1769323780
|move|p1a: Iron Treads|Rapid Spin|p2a: Corviknight
|-resisted|p2a: Corviknight
|-damage|p2a: Corviknight|59/100
|-boost|p1a: Iron Treads|spe|1
|-sideend|p1: garytcrobat|Spikes|[from] move: Rapid Spin|[of] p1a: Iron Treads
|-sideend|p1: garytcrobat|Stealth Rock|[from] move: Rapid Spin|[of] p1a: Iron Treads
|move|p2a: Corviknight|Iron Defense|p2a: Corviknight
|-boost|p2a: Corviknight|def|2
|
|-heal|p1a: Iron Treads|79/100|[from] item: Leftovers
|upkeep
|turn|23
|
|t:|1769323785
|move|p1a: Iron Treads|Volt Switch|p2a: Corviknight
|-supereffective|p2a: Corviknight
|-damage|p2a: Corviknight|38/100
|
|t:|1769323791
|-end|p1a: Iron Treads|Quark Drive|[silent]
|switch|p1a: Zapdos|Zapdos|75/100|[from] Volt Switch
|move|p2a: Corviknight|Body Press|p1a: Zapdos
|-resisted|p1a: Zapdos
|-damage|p1a: Zapdos|41/100
|
|upkeep
|turn|24
|
|t:|1769323797
|-terastallize|p2a: Corviknight|Fighting
|move|p1a: Zapdos|Volt Switch|p2a: Corviknight
|-damage|p2a: Corviknight|1/100
|
|t:|1769323802
|switch|p1a: Hatterene|Hatterene, F|100/100|[from] Volt Switch
|move|p2a: Corviknight|Roost|p2a: Corviknight
|-heal|p2a: Corviknight|51/100
|
|upkeep
|turn|25
|
|t:|1769323806
|move|p2a: Corviknight|Roost|p2a: Corviknight
|-heal|p2a: Corviknight|100/100
|move|p1a: Hatterene|Draining Kiss|p2a: Corviknight
|-supereffective|p2a: Corviknight
|-damage|p2a: Corviknight|54/100
|
|upkeep
|turn|26
|
|t:|1769323814
|switch|p2a: Toxapex|Toxapex, F|100/100
|-damage|p2a: Toxapex|88/100|[from] Stealth Rock
|move|p1a: Hatterene|Psychic Noise|p2a: Toxapex
|-supereffective|p2a: Toxapex
|-damage|p2a: Toxapex|48/100
|-start|p2a: Toxapex|move: Heal Block
|
|upkeep
|turn|27
|
|t:|1769323819
|move|p1a: Hatterene|Psychic Noise|p2a: Toxapex
|-supereffective|p2a: Toxapex
|-damage|p2a: Toxapex|8/100
|move|p2a: Toxapex|Poison Jab|p1a: Hatterene
|-supereffective|p1a: Hatterene
|-damage|p1a: Hatterene|68/100
|-enditem|p1a: Hatterene|Eject Button
|
|t:|1769323823
|switch|p1a: Pelipper|Pelipper, F|14/100
|-weather|RainDance|[from] ability: Drizzle|[of] p1a: Pelipper
|
|-weather|RainDance|[upkeep]
|-end|p2a: Toxapex|move: Heal Block
|upkeep
|turn|28
|
|t:|1769323835
|switch|p1a: Toxicroak|Toxicroak, F|100/100
|switch|p2a: Blissey|Blissey, F|40/100
|-damage|p2a: Blissey|28/100|[from] Stealth Rock
|
|-weather|RainDance|[upkeep]
|upkeep
|turn|29
|
|t:|1769323838
|switch|p2a: Gliscor|Gliscor, M|79/100 tox
|-damage|p2a: Gliscor|66/100 tox|[from] Stealth Rock
|move|p1a: Toxicroak|Knock Off|p2a: Gliscor
|-damage|p2a: Gliscor|54/100 tox
|
|-weather|RainDance|[upkeep]
|-heal|p2a: Gliscor|66/100 tox|[from] ability: Poison Heal
|upkeep
|turn|30
|
|t:|1769323844
|switch|p1a: Iron Treads|Iron Treads|79/100
|move|p2a: Gliscor|Earthquake|p1a: Iron Treads
|-supereffective|p1a: Iron Treads
|-damage|p1a: Iron Treads|28/100
|
|-weather|RainDance|[upkeep]
|-heal|p1a: Iron Treads|34/100|[from] item: Leftovers
|-heal|p2a: Gliscor|79/100 tox|[from] ability: Poison Heal
|upkeep
|turn|31
|
|t:|1769323855
|-end|p1a: Iron Treads|Quark Drive|[silent]
|switch|p1a: Zapdos|Zapdos|41/100
|move|p2a: Gliscor|Knock Off|p1a: Zapdos
|-damage|p1a: Zapdos|24/100
|
|-weather|RainDance|[upkeep]
|-heal|p2a: Gliscor|91/100 tox|[from] ability: Poison Heal
|upkeep
|turn|32
|
|t:|1769323860
|move|p2a: Gliscor|Protect|p2a: Gliscor
|-singleturn|p2a: Gliscor|Protect
|move|p1a: Zapdos|Weather Ball|p2a: Gliscor
|-activate|p2a: Gliscor|move: Protect
|
|-weather|RainDance|[upkeep]
|-heal|p2a: Gliscor|100/100 tox|[from] ability: Poison Heal
|upkeep
|turn|33
|
|t:|1769323868
|switch|p2a: Blissey|Blissey, F|28/100
|-damage|p2a: Blissey|15/100|[from] Stealth Rock
|move|p1a: Zapdos|Hurricane|p2a: Blissey
|-damage|p2a: Blissey|0 fnt
|faint|p2a: Blissey
|
|-weather|RainDance|[upkeep]
|upkeep
|
|t:|1769323876
|switch|p2a: Weezing|Weezing-Galar, M|100/100
|-ability|p2a: Weezing|Neutralizing Gas
|turn|34
|
|t:|1769323893
|move|p1a: Zapdos|Volt Switch|p2a: Weezing
|-damage|p2a: Weezing|49/100
|
|t:|1769323898
|switch|p1a: Toxicroak|Toxicroak, F|100/100|[from] Volt Switch
|move|p2a: Weezing|Defog|p1a: Toxicroak
|-unboost|p1a: Toxicroak|evasion|1
|-sideend|p2: richuncleskeleton|Stealth Rock|[from] move: Defog|[of] p2a: Weezing
|
|-weather|none
|upkeep
|turn|35
|
|t:|1769323906
|move|p1a: Toxicroak|Encore|p2a: Weezing
|-start|p2a: Weezing|Encore
|move|p2a: Weezing|Defog|p1a: Toxicroak
|-unboost|p1a: Toxicroak|evasion|1
|
|upkeep
|turn|36
|
|t:|1769323918
|-end|p2a: Weezing|ability: Neutralizing Gas
|switch|p2a: Gliscor|Gliscor, M|100/100 tox
|move|p1a: Toxicroak|Knock Off|p2a: Gliscor
|-damage|p2a: Gliscor|87/100 tox
|
|-heal|p2a: Gliscor|99/100 tox|[from] ability: Poison Heal
|upkeep
|turn|37
|
|t:|1769323931
|switch|p1a: Pelipper|Pelipper, F|14/100
|-weather|RainDance|[from] ability: Drizzle|[of] p1a: Pelipper
|move|p2a: Gliscor|Earthquake|p1a: Pelipper
|-immune|p1a: Pelipper
|
|-weather|RainDance|[upkeep]
|-heal|p2a: Gliscor|100/100 tox|[from] ability: Poison Heal
|upkeep
|turn|38
|
|t:|1769323942
|switch|p2a: Toxapex|Toxapex, F|41/100
|switch|p1a: Zapdos|Zapdos|24/100
|
|-weather|RainDance|[upkeep]
|-heal|p2a: Toxapex|47/100|[from] item: Leftovers
|upkeep
|turn|39
|
|t:|1769323947
|switch|p2a: Weezing|Weezing-Galar, M|49/100
|-ability|p2a: Weezing|Neutralizing Gas
|-terastallize|p1a: Zapdos|Flying
|move|p1a: Zapdos|Hurricane|p2a: Weezing
|-damage|p2a: Weezing|0 fnt
|faint|p2a: Weezing
|-end|p2a: Weezing|ability: Neutralizing Gas
|
|-weather|RainDance|[upkeep]
|upkeep
|
|t:|1769323956
|switch|p2a: Toxapex|Toxapex, F|80/100
|turn|40
|
|t:|1769323959
|move|p1a: Zapdos|Thunder|p2a: Toxapex
|-supereffective|p2a: Toxapex
|-damage|p2a: Toxapex|5/100
|move|p2a: Toxapex|Poison Jab|p1a: Zapdos
|-damage|p1a: Zapdos|1/100
|
|-weather|RainDance|[upkeep]
|-heal|p2a: Toxapex|11/100|[from] item: Leftovers
|upkeep
|turn|41
|
|t:|1769323964
|move|p1a: Zapdos|Thunder|p2a: Toxapex
|-supereffective|p2a: Toxapex
|-damage|p2a: Toxapex|0 fnt
|faint|p2a: Toxapex
|
|-weather|RainDance|[upkeep]
|upkeep
|
|t:|1769323966
|switch|p2a: Gliscor|Gliscor, M|100/100 tox
|turn|42
|
|t:|1769323970
|move|p2a: Gliscor|Protect|p2a: Gliscor
|-singleturn|p2a: Gliscor|Protect
|move|p1a: Zapdos|Weather Ball|p2a: Gliscor
|-activate|p2a: Gliscor|move: Protect
|
|-weather|RainDance|[upkeep]
|upkeep
|turn|43
|
|t:|1769323982
|switch|p2a: Dondozo|Dondozo, M|100/100
|move|p1a: Zapdos|Hurricane|p2a: Dondozo
|-damage|p2a: Dondozo|33/100
|
|-weather|RainDance|[upkeep]
|-heal|p2a: Dondozo|39/100|[from] item: Leftovers
|upkeep
|turn|44
|
|t:|1769323986
|move|p1a: Zapdos|Thunder|p2a: Dondozo
|-supereffective|p2a: Dondozo
|-damage|p2a: Dondozo|0 fnt
|faint|p2a: Dondozo
|
|-weather|none
|upkeep
|
|t:|1769323989
|switch|p2a: Gliscor|Gliscor, M|100/100 tox
|turn|45
|
|t:|1769323995
|switch|p1a: Pelipper|Pelipper, F|14/100
|-weather|RainDance|[from] ability: Drizzle|[of] p1a: Pelipper
|move|p2a: Gliscor|Knock Off|p1a: Pelipper
|-damage|p1a: Pelipper|0 fnt
|-enditem|p1a: Pelipper|Damp Rock|[from] move: Knock Off|[of] p2a: Gliscor
|faint|p1a: Pelipper
|
|-weather|RainDance|[upkeep]
|upkeep
|
|t:|1769324003
|switch|p1a: Toxicroak|Toxicroak, F|100/100
|turn|46
|
|t:|1769324011
|move|p1a: Toxicroak|Encore|p2a: Gliscor
|-start|p2a: Gliscor|Encore
|move|p2a: Gliscor|Knock Off|p1a: Toxicroak
|-resisted|p1a: Toxicroak
|-damage|p1a: Toxicroak|94/100
|
|-weather|RainDance|[upkeep]
|-heal|p1a: Toxicroak|100/100|[from] ability: Dry Skin
|upkeep
|turn|47
|
|t:|1769324017
|switch|p1a: Hatterene|Hatterene, F|68/100
|switch|p2a: Corviknight|Corviknight, F, tera:Fighting|54/100
|-ability|p2a: Corviknight|Pressure
|
|-weather|RainDance|[upkeep]
|upkeep
|turn|48
|
|t:|1769324024
|move|p2a: Corviknight|Roost|p2a: Corviknight
|-heal|p2a: Corviknight|100/100
|move|p1a: Hatterene|Psychic Noise|p2a: Corviknight
|-supereffective|p2a: Corviknight
|-damage|p2a: Corviknight|36/100
|-start|p2a: Corviknight|move: Heal Block
|
|-weather|RainDance|[upkeep]
|upkeep
|turn|49
|
|t:|1769324028
|switch|p2a: Gliscor|Gliscor, M|100/100 tox
|move|p1a: Hatterene|Psychic Noise|p2a: Gliscor
|-damage|p2a: Gliscor|70/100 tox
|-start|p2a: Gliscor|move: Heal Block
|
|-weather|RainDance|[upkeep]
|upkeep
|turn|50
|
|t:|1769324033
|move|p2a: Gliscor|Earthquake|p1a: Hatterene
|-damage|p1a: Hatterene|38/100
|move|p1a: Hatterene|Healing Wish|p1a: Hatterene
|faint|p1a: Hatterene
|
|-weather|RainDance|[upkeep]
|-end|p2a: Gliscor|move: Heal Block
|upkeep
|
|t:|1769324036
|switch|p1a: Zapdos|Zapdos, tera:Flying|1/100
|-heal|p1a: Zapdos|100/100|[from] move: Healing Wish
|turn|51
|-message|richuncleskeleton forfeited.
|
|win|garytcrobat
|raw|garytcrobat's rating: 1197 &rarr; <strong>1221</strong><br />(+24 for winning)
|raw|richuncleskeleton's rating: 1189 &rarr; <strong>1165</strong><br />(-24 for losing)
|l|☆richuncleskeleton
|player|p2|
