|j|☆Wienerdogski
|j|☆youraveragegohard
|t:|1769321073
|gametype|singles
|player|p1|Wienerdogski|red|1122
|player|p2|youraveragegohard|dawn|1159
|gen|9
|tier|[Gen 9] OU
|rated|
|rule|HP Percentage Mod: HP is shown in percentages
|rule|Endless Battle Clause: Forcing endless battles is banned
|rule|Species Clause: Limit one of each Pokémon
|rule|OHKO Clause: OHKO moves are banned
|rule|Evasion Items Clause: Evasion items are banned
|rule|Evasion Moves Clause: Evasion moves are banned
|rule|Evasion Abilities Clause: Evasion abilities are banned
|rule|Sleep Moves Clause: Sleep-inducing moves are banned
|clearpoke
|poke|p1|Zoroark-Hisui, F|
|poke|p1|Quaquaval, M|
|poke|p1|Kilowattrel, M|
|poke|p1|Tinkaton, F|
|poke|p1|Muk-Alola, F|
|poke|p1|Mamoswine, M|
|poke|p2|Gliscor, F|
|poke|p2|Dondozo, F|
|poke|p2|Ting-Lu|
|poke|p2|Toxapex, M|
|poke|p2|Alomomola, M|
|poke|p2|Corviknight, F|
|teampreview
|
|t:|1769321090
|teamsize|p1|6
|teamsize|p2|6
|start
|switch|p1a: Quaquaval|Quaquaval, M|100/100
|switch|p2a: Gliscor|Gliscor, F|100/100
|turn|1
|
|t:|1769321096
|move|p1a: Quaquaval|Will-O-Wisp|p2a: Gliscor|[miss]
|-miss|p1a: Quaquaval|p2a: Gliscor
|move|p2a: Gliscor|Toxic|p1a: Quaquaval
|-status|p1a: Quaquaval|tox
|
|-damage|p1a: Quaquaval|95/100 tox|[from] psn
|-status|p2a: Gliscor|tox|[from] item: Toxic Orb
|upkeep
|turn|2
|
|t:|1769321107
|move|p1a: Quaquaval|Hyper Voice|p2a: Gliscor
|-damage|p2a: Gliscor|37/100 tox
|move|p2a: Gliscor|Substitute|p2a: Gliscor
|-start|p2a: Gliscor|Substitute
|-damage|p2a: Gliscor|12/100 tox
|
|-damage|p1a: Quaquaval|83/100 tox|[from] psn
|-heal|p2a: Gliscor|25/100 tox|[from] ability: Poison Heal
|upkeep
|turn|3
|
|t:|1769321116
|move|p2a: Gliscor|Protect|p2a: Gliscor
|-singleturn|p2a: Gliscor|Protect
|move|p1a: Quaquaval|Hyper Voice|p2a: Gliscor
|-activate|p2a: Gliscor|move: Protect
|
|-damage|p1a: Quaquaval|65/100 tox|[from] psn
|-heal|p2a: Gliscor|37/100 tox|[from] ability: Poison Heal
|upkeep
|turn|4
|
|t:|1769321129
|move|p2a: Gliscor|Protect||[still]
|-fail|p2a: Gliscor
|move|p1a: Quaquaval|Hyper Voice|p2a: Gliscor
|-damage|p2a: Gliscor|0 fnt
|faint|p2a: Gliscor
|
|-damage|p1a: Quaquaval|41/100 tox|[from] psn
|upkeep
|
|t:|1769321137
|switch|p2a: Toxapex|Toxapex, M|100/100
|turn|5
|
|t:|1769321143
|move|p1a: Quaquaval|Will-O-Wisp|p2a: Toxapex
|-status|p2a: Toxapex|brn
|move|p2a: Toxapex|Infestation|p1a: Quaquaval
|-resisted|p1a: Quaquaval
|-damage|p1a: Quaquaval|38/100 tox
|-activate|p1a: Quaquaval|move: Infestation|[of] p2a: Toxapex
|replace|p1a: Zoroark|Zoroark-Hisui, F
|-end|p1a: Zoroark|Illusion
|
|-damage|p1a: Zoroark|8/100 tox|[from] psn
|-damage|p2a: Toxapex|94/100 brn|[from] brn
|-damage|p1a: Zoroark|0 fnt|[from] move: Infestation|[partiallytrapped]
|faint|p1a: Zoroark
|upkeep
|
|t:|1769321155
|switch|p1a: Kilowattrel|Kilowattrel, M|100/100
|turn|6
|
|t:|1769321159
|move|p1a: Kilowattrel|Volt Switch|p2a: Toxapex
|-supereffective|p2a: Toxapex
|-damage|p2a: Toxapex|19/100 brn
|
|t:|1769321167
|switch|p1a: Tinkaton|Tinkaton, F|100/100|[from] Volt Switch
|-ability|p1a: Tinkaton|Mold Breaker
|move|p2a: Toxapex|Toxic|p1a: Tinkaton
|-immune|p1a: Tinkaton
|
|-heal|p2a: Toxapex|25/100 brn|[from] item: Black Sludge
|-damage|p2a: Toxapex|19/100 brn|[from] brn
|upkeep
|turn|7
|
|t:|1769321187
|switch|p2a: Ting-Lu|Ting-Lu|100/100
|-ability|p2a: Ting-Lu|Vessel of Ruin
|move|p1a: Tinkaton|Fake Out|p2a: Ting-Lu
|-damage|p2a: Ting-Lu|97/100
|
|-heal|p2a: Ting-Lu|100/100|[from] item: Leftovers
|upkeep
|turn|8
|
|t:|1769321199
|move|p1a: Tinkaton|Knock Off|p2a: Ting-Lu
|-resisted|p2a: Ting-Lu
|-damage|p2a: Ting-Lu|96/100
|-enditem|p2a: Ting-Lu|Leftovers|[from] move: Knock Off|[of] p1a: Tinkaton
|move|p2a: Ting-Lu|Ruination|p1a: Tinkaton
|-damage|p1a: Tinkaton|51/100
|
|-heal|p1a: Tinkaton|57/100|[from] item: Leftovers
|upkeep
|turn|9
|
|t:|1769321207
|move|p1a: Tinkaton|Play Rough|p2a: Ting-Lu
|-supereffective|p2a: Ting-Lu
|-damage|p2a: Ting-Lu|69/100
|move|p2a: Ting-Lu|Ruination|p1a: Tinkaton
|-damage|p1a: Tinkaton|29/100
|
|-heal|p1a: Tinkaton|35/100|[from] item: Leftovers
|upkeep
|turn|10
|
|t:|1769321216
|move|p1a: Tinkaton|Play Rough|p2a: Ting-Lu
|-supereffective|p2a: Ting-Lu
|-damage|p2a: Ting-Lu|40/100
|move|p2a: Ting-Lu|Stealth Rock|p1a: Tinkaton
|-sidestart|p1: Wienerdogski|move: Stealth Rock
|
|-heal|p1a: Tinkaton|41/100|[from] item: Leftovers
|upkeep
|turn|11
|
|t:|1769321224
|move|p1a: Tinkaton|Play Rough|p2a: Ting-Lu
|-supereffective|p2a: Ting-Lu
|-damage|p2a: Ting-Lu|11/100
|move|p2a: Ting-Lu|Whirlwind|p1a: Tinkaton
|drag|p1a: Quaquaval|Quaquaval, M|100/100
|-damage|p1a: Quaquaval|94/100|[from] Stealth Rock
|
|upkeep
|turn|12
|
|t:|1769321232
|move|p1a: Quaquaval|Aqua Step|p2a: Ting-Lu
|-supereffective|p2a: Ting-Lu
|-damage|p2a: Ting-Lu|0 fnt
|-boost|p1a: Quaquaval|spe|1
|faint|p2a: Ting-Lu
|-ability|p1a: Quaquaval|Moxie|boost
|-boost|p1a: Quaquaval|atk|1
|-damage|p1a: Quaquaval|84/100|[from] item: Life Orb
|
|upkeep
|
|t:|1769321242
|switch|p2a: Alomomola|Alomomola, M|100/100
|turn|13
|
|t:|1769321256
|-terastallize|p1a: Quaquaval|Water
|move|p2a: Alomomola|Protect|p2a: Alomomola
|-singleturn|p2a: Alomomola|Protect
|move|p1a: Quaquaval|Aqua Step|p2a: Alomomola
|-activate|p2a: Alomomola|move: Protect
|
|upkeep
|turn|14
|
|t:|1769321263
|move|p1a: Quaquaval|Aqua Step|p2a: Alomomola
|-resisted|p2a: Alomomola
|-crit|p2a: Alomomola
|-damage|p2a: Alomomola|62/100
|-boost|p1a: Quaquaval|spe|1
|-damage|p1a: Quaquaval|75/100|[from] item: Life Orb
|move|p2a: Alomomola|Wish|p2a: Alomomola
|
|upkeep
|turn|15
|
|t:|1769321270
|move|p2a: Alomomola|Protect|p2a: Alomomola
|-singleturn|p2a: Alomomola|Protect
|move|p1a: Quaquaval|Close Combat|p2a: Alomomola
|-activate|p2a: Alomomola|move: Protect
|
|-heal|p2a: Alomomola|100/100|[from] move: Wish|[wisher] Alomomola
|upkeep
|turn|16
|
|t:|1769321278
|move|p1a: Quaquaval|Aqua Step|p2a: Alomomola
|-resisted|p2a: Alomomola
|-damage|p2a: Alomomola|71/100
|-boost|p1a: Quaquaval|spe|1
|-damage|p1a: Quaquaval|65/100|[from] item: Life Orb
|move|p2a: Alomomola|Wish|p2a: Alomomola
|
|upkeep
|turn|17
|
|t:|1769321289
|switch|p1a: Kilowattrel|Kilowattrel, M|100/100
|-damage|p1a: Kilowattrel|76/100|[from] Stealth Rock
|move|p2a: Alomomola|Protect||[still]
|-fail|p2a: Alomomola
|
|-heal|p2a: Alomomola|100/100|[from] move: Wish|[wisher] Alomomola
|upkeep
|turn|18
|
|t:|1769321303
|switch|p2a: Dondozo|Dondozo, F|100/100
|move|p1a: Kilowattrel|Thunderbolt|p2a: Dondozo
|-supereffective|p2a: Dondozo
|-crit|p2a: Dondozo
|-damage|p2a: Dondozo|0 fnt
|faint|p2a: Dondozo
|
|upkeep
|
|t:|1769321308
|switch|p2a: Toxapex|Toxapex, M|52/100 brn
|turn|19
|
|t:|1769321311
|move|p1a: Kilowattrel|Thunderbolt|p2a: Toxapex
|-supereffective|p2a: Toxapex
|-damage|p2a: Toxapex|0 fnt
|faint|p2a: Toxapex
|
|upkeep
|
|t:|1769321313
|switch|p2a: Corviknight|Corviknight, F|100/100
|-ability|p2a: Corviknight|Pressure
|turn|20
|
|t:|1769321318
|move|p1a: Kilowattrel|Thunderbolt|p2a: Corviknight
|-supereffective|p2a: Corviknight
|-damage|p2a: Corviknight|0 fnt
|faint|p2a: Corviknight
|
|upkeep
|
|t:|1769321321
|switch|p2a: Alomomola|Alomomola, M|100/100
|turn|21
|
|t:|1769321323
|move|p2a: Alomomola|Protect|p2a: Alomomola
|-singleturn|p2a: Alomomola|Protect
|move|p1a: Kilowattrel|Thunderbolt|p2a: Alomomola
|-activate|p2a: Alomomola|move: Protect
|
|upkeep
|turn|22
|
|t:|1769321328
|move|p2a: Alomomola|Protect|p2a: Alomomola
|-singleturn|p2a: Alomomola|Protect
|move|p1a: Kilowattrel|Thunderbolt|p2a: Alomomola
|-activate|p2a: Alomomola|move: Protect
|
|upkeep
|turn|23
|
|t:|1769321333
|move|p2a: Alomomola|Protect||[still]
|-fail|p2a: Alomomola
|move|p1a: Kilowattrel|Thunderbolt|p2a: Alomomola
|-supereffective|p2a: Alomomola
|-damage|p2a: Alomomola|0 fnt
|faint|p2a: Alomomola
|
|win|Wienerdogski
|raw|Wienerdogski's rating: 1122 &rarr; <strong>1150</strong><br />(+28 for winning)
|raw|youraveragegohard's rating: 1159 &rarr; <strong>1131</strong><br />(-28 for losing)
|c|☆Wienerdogski|gg
|l|☆Wienerdogski
|player|p1|
