|j|☆0o1kiba1o0
|j|☆CorradiKid
|t:|1769438924
|gametype|singles
|player|p1|0o1kiba1o0|bruno|1291
|player|p2|CorradiKid|veteran|1335
|gen|9
|tier|[Gen 9] OU
|rated|
|rule|HP Percentage Mod: HP is shown in percentages
|rule|Endless Battle Clause: Forcing endless battles is banned
|rule|Species Clause: Limit one of each Pokémon
|rule|OHKO Clause: OHKO moves are banned
|rule|Evasion Items Clause: Evasion items are banned
|rule|Evasion Moves Clause: Evasion moves are banned
|rule|Evasion Abilities Clause: Evasion abilities are banned
|rule|Sleep Moves Clause: Sleep-inducing moves are banned
|clearpoke
|poke|p1|Slowking-Galar, F|
|poke|p1|Clodsire, F|
|poke|p1|Hatterene, F|
|poke|p1|Brambleghast, F|
|poke|p1|Dondozo, F|
|poke|p1|Ogerpon-Wellspring, F|
|poke|p2|Iron Hands|
|poke|p2|Glimmora, M|
|poke|p2|Landorus-Therian, M|
|poke|p2|Dragapult, F|
|poke|p2|Primarina, M|
|poke|p2|Kingambit, F|
|teampreview
|
|t:|1769438978
|teamsize|p1|6
|teamsize|p2|6
|start
|switch|p1a: Slowking|Slowking-Galar, F|100/100
|switch|p2a: Landorus|Landorus-Therian, M|100/100
|-ability|p2a: Landorus|Intimidate|boost
|-unboost|p1a: Slowking|atk|1
|turn|1
|
|t:|1769438991
|switch|p1a: Hatterene|Hatterene, F|100/100
|move|p2a: Landorus|Earth Power|p1a: Hatterene
|-damage|p1a: Hatterene|69/100
|
|-heal|p1a: Hatterene|75/100|[from] item: Leftovers
|upkeep
|turn|2
|
|t:|1769438997
|move|p2a: Landorus|U-turn|p1a: Hatterene
|-damage|p1a: Hatterene|59/100
|
|t:|1769439021
|switch|p2a: Glimmora|Glimmora, M|100/100|[from] U-turn
|move|p1a: Hatterene|Calm Mind|p1a: Hatterene
|-boost|p1a: Hatterene|spa|1
|-boost|p1a: Hatterene|spd|1
|
|-heal|p1a: Hatterene|65/100|[from] item: Leftovers
|upkeep
|turn|3
|
|t:|1769439049
|switch|p1a: Slowking|Slowking-Galar, F|100/100
|move|p2a: Glimmora|Sludge Wave|p1a: Slowking
|-resisted|p1a: Slowking
|-damage|p1a: Slowking|92/100
|
|upkeep
|turn|4
|
|t:|1769439060
|switch|p2a: Landorus|Landorus-Therian, M|100/100
|-ability|p2a: Landorus|Intimidate|boost
|-unboost|p1a: Slowking|atk|1
|move|p1a: Slowking|Psyshock|p2a: Landorus
|-damage|p2a: Landorus|71/100
|
|upkeep
|turn|5
|
|t:|1769439078
|move|p2a: Landorus|Rock Tomb|p1a: Slowking
|-damage|p1a: Slowking|75/100
|-unboost|p1a: Slowking|spe|1
|move|p1a: Slowking|Future Sight|p2a: Landorus
|-start|p1a: Slowking|move: Future Sight
|
|upkeep
|turn|6
|
|t:|1769439088
|move|p2a: Landorus|Earth Power|p1a: Slowking
|-supereffective|p1a: Slowking
|-damage|p1a: Slowking|51/100
|-unboost|p1a: Slowking|spd|1
|move|p1a: Slowking|Sludge Bomb|p2a: Landorus
|-resisted|p2a: Landorus
|-damage|p2a: Landorus|54/100
|-status|p2a: Landorus|psn
|
|-damage|p2a: Landorus|42/100 psn|[from] psn
|upkeep
|turn|7
|
|t:|1769439097
|switch|p2a: Kingambit|Kingambit, F|100/100
|move|p1a: Slowking|Focus Blast|p2a: Kingambit
|-supereffective|p2a: Kingambit
|-damage|p2a: Kingambit|0 fnt
|faint|p2a: Kingambit
|-end|p2a: Kingambit|fallenundefined|[silent]
|
|-hint|Future Sight did not hit because the target is fainted.
|upkeep
|
|t:|1769439128
|switch|p2a: Iron Hands|Iron Hands|100/100
|-enditem|p2a: Iron Hands|Booster Energy
|-activate|p2a: Iron Hands|ability: Quark Drive|[fromitem]
|-start|p2a: Iron Hands|quarkdriveatk
|turn|8
|
|t:|1769439146
|switch|p1a: Hatterene|Hatterene, F|65/100
|move|p2a: Iron Hands|Earthquake|p1a: Hatterene
|-damage|p1a: Hatterene|28/100
|
|-heal|p1a: Hatterene|34/100|[from] item: Leftovers
|upkeep
|turn|9
|
|t:|1769439153
|move|p2a: Iron Hands|Supercell Slam|p1a: Hatterene
|-damage|p1a: Hatterene|0 fnt
|faint|p1a: Hatterene
|
|upkeep
|
|t:|1769439158
|switch|p1a: Dondozo|Dondozo, F|100/100
|turn|10
|
|t:|1769439169
|-terastallize|p1a: Dondozo|Poison
|move|p2a: Iron Hands|Supercell Slam|p1a: Dondozo
|-damage|p1a: Dondozo|65/100
|move|p1a: Dondozo|Curse|p1a: Dondozo
|-unboost|p1a: Dondozo|spe|1
|-boost|p1a: Dondozo|atk|1
|-boost|p1a: Dondozo|def|1
|
|-heal|p1a: Dondozo|71/100|[from] item: Leftovers
|upkeep
|turn|11
|
|t:|1769439179
|move|p2a: Iron Hands|Earthquake|p1a: Dondozo
|-supereffective|p1a: Dondozo
|-damage|p1a: Dondozo|42/100
|move|p1a: Dondozo|Waterfall|p2a: Iron Hands
|-damage|p2a: Iron Hands|71/100
|
|-heal|p1a: Dondozo|48/100|[from] item: Leftovers
|upkeep
|turn|12
|
|t:|1769439186
|move|p2a: Iron Hands|Earthquake|p1a: Dondozo
|-supereffective|p1a: Dondozo
|-damage|p1a: Dondozo|20/100
|move|p1a: Dondozo|Curse|p1a: Dondozo
|-unboost|p1a: Dondozo|spe|1
|-boost|p1a: Dondozo|atk|1
|-boost|p1a: Dondozo|def|1
|
|-heal|p1a: Dondozo|26/100|[from] item: Leftovers
|upkeep
|turn|13
|
|t:|1769439198
|move|p2a: Iron Hands|Earthquake|p1a: Dondozo
|-supereffective|p1a: Dondozo
|-damage|p1a: Dondozo|4/100
|move|p1a: Dondozo|Rest|p1a: Dondozo
|-status|p1a: Dondozo|slp|[from] move: Rest
|-heal|p1a: Dondozo|100/100 slp|[silent]
|
|upkeep
|turn|14
|
|t:|1769439205
|move|p2a: Iron Hands|Earthquake|p1a: Dondozo
|-supereffective|p1a: Dondozo
|-damage|p1a: Dondozo|77/100 slp
|cant|p1a: Dondozo|slp
|
|-heal|p1a: Dondozo|83/100 slp|[from] item: Leftovers
|upkeep
|turn|15
|
|t:|1769439211
|move|p2a: Iron Hands|Earthquake|p1a: Dondozo
|-supereffective|p1a: Dondozo
|-damage|p1a: Dondozo|59/100 slp
|cant|p1a: Dondozo|slp
|
|-heal|p1a: Dondozo|66/100 slp|[from] item: Leftovers
|upkeep
|turn|16
|
|t:|1769439217
|move|p2a: Iron Hands|Earthquake|p1a: Dondozo
|-supereffective|p1a: Dondozo
|-damage|p1a: Dondozo|42/100 slp
|-curestatus|p1a: Dondozo|slp|[msg]
|move|p1a: Dondozo|Body Press|p2a: Iron Hands
|-damage|p2a: Iron Hands|34/100
|
|-heal|p1a: Dondozo|48/100|[from] item: Leftovers
|upkeep
|turn|17
|
|t:|1769439227
|move|p2a: Iron Hands|Earthquake|p1a: Dondozo
|-supereffective|p1a: Dondozo
|-damage|p1a: Dondozo|27/100
|move|p1a: Dondozo|Body Press|p2a: Iron Hands
|-damage|p2a: Iron Hands|0 fnt
|faint|p2a: Iron Hands
|-end|p2a: Iron Hands|Quark Drive|[silent]
|
|-heal|p1a: Dondozo|33/100|[from] item: Leftovers
|upkeep
|
|t:|1769439229
|switch|p2a: Dragapult|Dragapult, F|100/100
|turn|18
|
|t:|1769439241
|switch|p1a: Clodsire|Clodsire, F|100/100
|move|p2a: Dragapult|Curse|p1a: Clodsire
|-start|p1a: Clodsire|Curse|[of] p2a: Dragapult
|-damage|p2a: Dragapult|51/100
|
|-damage|p1a: Clodsire|75/100|[from] Curse
|upkeep
|turn|19
|
|t:|1769439248
|switch|p2a: Landorus|Landorus-Therian, M|42/100 psn
|-ability|p2a: Landorus|Intimidate|boost
|-unboost|p1a: Clodsire|atk|1
|move|p1a: Clodsire|Toxic||[still]
|-fail|p1a: Clodsire
|
|-heal|p1a: Clodsire|82/100|[from] item: Leftovers
|-damage|p2a: Landorus|30/100 psn|[from] psn
|-damage|p1a: Clodsire|57/100|[from] Curse
|upkeep
|turn|20
|
|t:|1769439257
|switch|p1a: Ogerpon|Ogerpon-Wellspring, F|100/100
|move|p2a: Landorus|Stealth Rock|p1a: Ogerpon
|-sidestart|p1: 0o1kiba1o0|move: Stealth Rock
|
|-damage|p2a: Landorus|17/100 psn|[from] psn
|upkeep
|turn|21
|
|t:|1769439264
|move|p1a: Ogerpon|Knock Off|p2a: Landorus
|-damage|p2a: Landorus|0 fnt
|-damage|p1a: Ogerpon|84/100|[from] item: Rocky Helmet|[of] p2a: Landorus
|-enditem|p2a: Landorus|Rocky Helmet|[from] move: Knock Off|[of] p1a: Ogerpon
|faint|p2a: Landorus
|
|upkeep
|
|t:|1769439269
|switch|p2a: Glimmora|Glimmora, M|100/100
|turn|22
|
|t:|1769439280
|-terastallize|p2a: Glimmora|Fairy
|move|p2a: Glimmora|Dazzling Gleam|p1a: Ogerpon
|-damage|p1a: Ogerpon|34/100
|move|p1a: Ogerpon|U-turn|p2a: Glimmora
|-resisted|p2a: Glimmora
|-damage|p2a: Glimmora|85/100
|-activate|p2a: Glimmora|ability: Toxic Debris
|-sidestart|p1: 0o1kiba1o0|move: Toxic Spikes
|
|t:|1769439289
|switch|p1a: Clodsire|Clodsire, F|57/100|[from] U-turn
|-damage|p1a: Clodsire|50/100|[from] Stealth Rock
|-sideend|p1: 0o1kiba1o0|move: Toxic Spikes|[of] p1a: Clodsire
|
|-heal|p1a: Clodsire|57/100|[from] item: Leftovers
|upkeep
|turn|23
|
|t:|1769439296
|switch|p2a: Primarina|Primarina, M|100/100
|move|p1a: Clodsire|Toxic|p2a: Primarina
|-status|p2a: Primarina|tox
|
|-heal|p1a: Clodsire|63/100|[from] item: Leftovers
|-damage|p2a: Primarina|94/100 tox|[from] psn
|upkeep
|turn|24
|
|t:|1769439304
|switch|p1a: Slowking|Slowking-Galar, F|84/100
|-damage|p1a: Slowking|72/100|[from] Stealth Rock
|move|p2a: Primarina|Ice Beam|p1a: Slowking
|-damage|p1a: Slowking|59/100
|
|-damage|p2a: Primarina|82/100 tox|[from] psn
|upkeep
|turn|25
|
|t:|1769439312
|move|p2a: Primarina|Psychic Noise|p1a: Slowking
|-damage|p1a: Slowking|45/100
|-start|p1a: Slowking|move: Heal Block
|move|p1a: Slowking|Future Sight|p2a: Primarina
|-start|p1a: Slowking|move: Future Sight
|
|-damage|p2a: Primarina|64/100 tox|[from] psn
|upkeep
|turn|26
|
|t:|1769439322
|switch|p2a: Glimmora|Glimmora, M, tera:Fairy|85/100
|move|p1a: Slowking|Sludge Bomb|p2a: Glimmora
|-supereffective|p2a: Glimmora
|-damage|p2a: Glimmora|0 fnt
|faint|p2a: Glimmora
|
|-end|p1a: Slowking|move: Heal Block
|upkeep
|
|t:|1769439326
|switch|p2a: Dragapult|Dragapult, F|51/100
|turn|27
|
|t:|1769439336
|switch|p1a: Brambleghast|Brambleghast, F|100/100
|-damage|p1a: Brambleghast|88/100|[from] Stealth Rock
|move|p2a: Dragapult|Dragon Darts|p1a: Brambleghast
|-damage|p1a: Brambleghast|43/100
|-anim|p2a: Dragapult|Dragon Darts|p1a: Brambleghast
|-damage|p1a: Brambleghast|0 fnt
|faint|p1a: Brambleghast
|
|-end|p2a: Dragapult|move: Future Sight
|-damage|p2a: Dragapult|0 fnt
|faint|p2a: Dragapult
|upkeep
|
|t:|1769439348
|switch|p2a: Primarina|Primarina, M|64/100 tox
|switch|p1a: Slowking|Slowking-Galar, F|79/100
|-damage|p1a: Slowking|66/100|[from] Stealth Rock
|turn|28
|
|t:|1769439355
|move|p2a: Primarina|Psychic Noise|p1a: Slowking
|-damage|p1a: Slowking|53/100
|-start|p1a: Slowking|move: Heal Block
|move|p1a: Slowking|Future Sight|p2a: Primarina
|-start|p1a: Slowking|move: Future Sight
|
|-damage|p2a: Primarina|58/100 tox|[from] psn
|upkeep
|turn|29
|
|t:|1769439362
|move|p2a: Primarina|Psychic Noise|p1a: Slowking
|-damage|p1a: Slowking|38/100
|move|p1a: Slowking|Sludge Bomb|p2a: Primarina
|-supereffective|p2a: Primarina
|-crit|p2a: Primarina
|-damage|p2a: Primarina|2/100 tox
|
|-damage|p2a: Primarina|0 fnt|[from] psn
|faint|p2a: Primarina
|
|win|0o1kiba1o0
|raw|0o1kiba1o0's rating: 1291 &rarr; <strong>1319</strong><br />(+28 for winning)
|raw|CorradiKid's rating: 1335 &rarr; <strong>1312</strong><br />(-23 for losing)
|l|☆CorradiKid
|player|p2|
