|j|☆OP Sand
|j|‽LT_Alt1
|t:|1769410336
|gametype|singles
|player|p1|OP Sand|giovanni-masters|1668
|player|p2|LT_Alt1|169|1672
|gen|9
|tier|[Gen 9] OU
|rated|
|rule|HP Percentage Mod: HP is shown in percentages
|rule|Endless Battle Clause: Forcing endless battles is banned
|rule|Species Clause: Limit one of each Pokémon
|rule|OHKO Clause: OHKO moves are banned
|rule|Evasion Items Clause: Evasion items are banned
|rule|Evasion Moves Clause: Evasion moves are banned
|rule|Evasion Abilities Clause: Evasion abilities are banned
|rule|Sleep Moves Clause: Sleep-inducing moves are banned
|clearpoke
|poke|p1|Excadrill, M|
|poke|p1|Tyranitar, F|
|poke|p1|Kyurem|
|poke|p1|Hawlucha, F|
|poke|p1|Pawmot, M|
|poke|p1|Skarmory, F|
|poke|p2|Darkrai|
|poke|p2|Slowking-Galar, F|
|poke|p2|Gholdengo|
|poke|p2|Iron Treads|
|poke|p2|Raging Bolt|
|poke|p2|Gliscor, M|
|teampreview
|inactive|Battle timer is ON: inactive players will automatically lose when time's up. (requested by OP Sand)
|
|t:|1769410349
|teamsize|p1|6
|teamsize|p2|6
|start
|switch|p1a: Shukaku|Tyranitar, F, shiny|100/100
|switch|p2a: Slowking|Slowking-Galar, F|100/100
|-weather|Sandstorm|[from] ability: Sand Stream|[of] p1a: Shukaku
|turn|1
|
|t:|1769410353
|-terastallize|p2a: Slowking|Water
|move|p1a: Shukaku|Stealth Rock|p2a: Slowking
|-sidestart|p2: LT_Alt1|move: Stealth Rock
|-prepare|p2a: Slowking|Chilly Reception|[premajor]
|move|p2a: Slowking|Chilly Reception|p2a: Slowking
|-weather|Snowscape
|
|t:|1769410358
|switch|p2a: Gholdengo|Gholdengo|100/100|[from] Chilly Reception
|-damage|p2a: Gholdengo|94/100|[from] Stealth Rock
|
|-weather|Snowscape|[upkeep]
|upkeep
|turn|2
|
|t:|1769410364
|switch|p1a: Itachi|Hawlucha, F, shiny|100/100
|-ability|p1a: Itachi|Mold Breaker
|move|p2a: Gholdengo|Make It Rain|p1a: Itachi
|-damage|p1a: Itachi|0 fnt
|-unboost|p2a: Gholdengo|spa|1
|faint|p1a: Itachi
|
|-weather|Snowscape|[upkeep]
|upkeep
|
|t:|1769410371
|switch|p1a: Frieza|Kyurem, shiny|100/100
|-ability|p1a: Frieza|Pressure
|turn|3
|
|t:|1769410374
|-terastallize|p1a: Frieza|Ghost
|move|p2a: Gholdengo|Make It Rain|p1a: Frieza
|-crit|p1a: Frieza
|-damage|p1a: Frieza|8/100
|-unboost|p2a: Gholdengo|spa|1
|move|p1a: Frieza|Shadow Ball|p2a: Gholdengo
|-supereffective|p2a: Gholdengo
|-damage|p2a: Gholdengo|0 fnt
|faint|p2a: Gholdengo
|
|-weather|Snowscape|[upkeep]
|upkeep
|c|☆OP Sand|Nice crit
|
|t:|1769410390
|switch|p2a: Darkrai|Darkrai|100/100
|-damage|p2a: Darkrai|88/100|[from] Stealth Rock
|turn|4
|
|t:|1769410395
|switch|p1a: Shukaku|Tyranitar, F, shiny|100/100
|-weather|Sandstorm|[from] ability: Sand Stream|[of] p1a: Shukaku
|move|p2a: Darkrai|Focus Blast|p1a: Shukaku|[miss]
|-miss|p2a: Darkrai|p1a: Shukaku
|
|-weather|Sandstorm|[upkeep]
|-damage|p2a: Darkrai|82/100|[from] Sandstorm
|-heal|p2a: Darkrai|88/100|[from] item: Leftovers
|upkeep
|turn|5
|
|t:|1769410406
|switch|p2a: Slowking|Slowking-Galar, F, tera:Water|100/100
|-damage|p2a: Slowking|88/100|[from] Stealth Rock
|move|p1a: Shukaku|Thunder Wave|p2a: Slowking
|-status|p2a: Slowking|par
|
|-weather|Sandstorm|[upkeep]
|-damage|p2a: Slowking|82/100 par|[from] Sandstorm
|-heal|p2a: Slowking|88/100 par|[from] item: Leftovers
|upkeep
|turn|6
|j| firecharmander004
|
|t:|1769410416
|switch|p1a: OP|Excadrill, M|100/100
|-prepare|p2a: Slowking|Chilly Reception|[premajor]
|move|p2a: Slowking|Chilly Reception|p2a: Slowking
|-weather|Snowscape
|
|t:|1769410420
|switch|p2a: Darkrai|Darkrai|88/100|[from] Chilly Reception
|-damage|p2a: Darkrai|76/100|[from] Stealth Rock
|
|-weather|Snowscape|[upkeep]
|-heal|p2a: Darkrai|82/100|[from] item: Leftovers
|upkeep
|turn|7
|
|t:|1769410426
|switch|p1a: Frieza|Kyurem, shiny, tera:Ghost|8/100
|-ability|p1a: Frieza|Pressure
|move|p2a: Darkrai|Focus Blast|p1a: Frieza
|-immune|p1a: Frieza
|
|-weather|Snowscape|[upkeep]
|-heal|p2a: Darkrai|88/100|[from] item: Leftovers
|upkeep
|turn|8
|
|t:|1769410432
|move|p2a: Darkrai|Nasty Plot|p2a: Darkrai
|-boost|p2a: Darkrai|spa|2
|move|p1a: Frieza|Freeze-Dry|p2a: Darkrai
|-damage|p2a: Darkrai|37/100
|
|-weather|Snowscape|[upkeep]
|-heal|p2a: Darkrai|43/100|[from] item: Leftovers
|upkeep
|turn|9
|
|t:|1769410435
|switch|p1a: Shukaku|Tyranitar, F, shiny|100/100
|-weather|Sandstorm|[from] ability: Sand Stream|[of] p1a: Shukaku
|move|p2a: Darkrai|Ice Beam|p1a: Shukaku
|-damage|p1a: Shukaku|58/100
|
|-weather|Sandstorm|[upkeep]
|-damage|p2a: Darkrai|37/100|[from] Sandstorm
|-heal|p2a: Darkrai|43/100|[from] item: Leftovers
|upkeep
|turn|10
|
|t:|1769410445
|switch|p1a: Skarmory|Skarmory, F, shiny|100/100
|move|p2a: Darkrai|Focus Blast|p1a: Skarmory|[miss]
|-miss|p2a: Darkrai|p1a: Skarmory
|
|-weather|Sandstorm|[upkeep]
|-damage|p2a: Darkrai|37/100|[from] Sandstorm
|-heal|p2a: Darkrai|43/100|[from] item: Leftovers
|upkeep
|turn|11
|
|t:|1769410453
|switch|p2a: Gliscor|Gliscor, M|100/100
|-damage|p2a: Gliscor|88/100|[from] Stealth Rock
|move|p1a: Skarmory|Body Press|p2a: Gliscor
|-resisted|p2a: Gliscor
|-damage|p2a: Gliscor|75/100
|
|-weather|Sandstorm|[upkeep]
|-status|p2a: Gliscor|tox|[from] item: Toxic Orb
|upkeep
|turn|12
|
|t:|1769410457
|move|p2a: Gliscor|Spikes|p1a: Skarmory
|-sidestart|p1: OP Sand|Spikes
|move|p1a: Skarmory|Spikes|p2a: Gliscor
|-sidestart|p2: LT_Alt1|Spikes
|
|-weather|Sandstorm|[upkeep]
|-heal|p2a: Gliscor|88/100 tox|[from] ability: Poison Heal
|upkeep
|turn|13
|
|t:|1769410462
|move|p2a: Gliscor|Spikes|p1a: Skarmory
|-sidestart|p1: OP Sand|Spikes
|move|p1a: Skarmory|Spikes|p2a: Gliscor
|-sidestart|p2: LT_Alt1|Spikes
|
|-weather|Sandstorm|[upkeep]
|-heal|p2a: Gliscor|99/100 tox|[from] ability: Poison Heal
|upkeep
|turn|14
|
|t:|1769410468
|switch|p2a: Iron Treads|Iron Treads|100/100
|move|p1a: Skarmory|Spikes|p2a: Iron Treads
|-sidestart|p2: LT_Alt1|Spikes
|
|-weather|Sandstorm|[upkeep]
|upkeep
|turn|15
|
|t:|1769410472
|switch|p1a: Frieza|Kyurem, shiny, tera:Ghost|8/100
|-damage|p1a: Frieza|0 fnt|[from] Spikes
|faint|p1a: Frieza
|move|p2a: Iron Treads|Rapid Spin|p1: Frieza|[notarget]
|-fail|p2a: Iron Treads
|
|-weather|Sandstorm|[upkeep]
|upkeep
|
|t:|1769410479
|switch|p1a: OP|Excadrill, M|100/100
|-damage|p1a: OP|84/100|[from] Spikes
|turn|16
|
|t:|1769410482
|move|p1a: OP|Earthquake|p2a: Iron Treads
|-supereffective|p2a: Iron Treads
|-damage|p2a: Iron Treads|0 fnt
|faint|p2a: Iron Treads
|-end|p2a: Iron Treads|Quark Drive|[silent]
|
|-weather|none
|upkeep
|
|t:|1769410486
|switch|p2a: Darkrai|Darkrai|43/100
|-damage|p2a: Darkrai|31/100|[from] Stealth Rock
|-damage|p2a: Darkrai|6/100|[from] Spikes
|turn|17
|
|t:|1769410489
|switch|p1a: Shukaku|Tyranitar, F, shiny|58/100
|-damage|p1a: Shukaku|41/100|[from] Spikes
|-weather|Sandstorm|[from] ability: Sand Stream|[of] p1a: Shukaku
|move|p2a: Darkrai|Nasty Plot|p2a: Darkrai
|-boost|p2a: Darkrai|spa|2
|
|-weather|Sandstorm|[upkeep]
|-damage|p2a: Darkrai|0 fnt|[from] Sandstorm
|faint|p2a: Darkrai
|upkeep
|-message|LT_Alt1 forfeited.
|
|win|OP Sand
|raw|OP Sand's rating: 1668 &rarr; <strong>1688</strong><br />(+20 for winning)
|raw|LT_Alt1's rating: 1672 &rarr; <strong>1652</strong><br />(-20 for losing)
|l|‽LT_Alt1
|player|p2|
|l|☆OP Sand
|player|p1|
|l| firecharmander004
