|j|☆slave of society
|j|☆mind goblin games
|t:|1769383060
|gametype|singles
|player|p1|slave of society|shadowtriad|1485
|player|p2|mind goblin games|170|1418
|gen|9
|tier|[Gen 9] OU
|rated|
|rule|HP Percentage Mod: HP is shown in percentages
|rule|Endless Battle Clause: Forcing endless battles is banned
|rule|Species Clause: Limit one of each Pokémon
|rule|OHKO Clause: OHKO moves are banned
|rule|Evasion Items Clause: Evasion items are banned
|rule|Evasion Moves Clause: Evasion moves are banned
|rule|Evasion Abilities Clause: Evasion abilities are banned
|rule|Sleep Moves Clause: Sleep-inducing moves are banned
|clearpoke
|poke|p1|Ceruledge, M|
|poke|p1|Hatterene, F|
|poke|p1|Ninetales-Alola, M|
|poke|p1|Darkrai|
|poke|p1|Zamazenta-*|
|poke|p1|Kyurem|
|poke|p2|Kingambit, M|
|poke|p2|Dragapult, M|
|poke|p2|Iron Valiant|
|poke|p2|Ogerpon-Wellspring, F|
|poke|p2|Gliscor, M|
|poke|p2|Glimmora, M|
|teampreview
|inactive|Battle timer is ON: inactive players will automatically lose when time's up. (requested by mind goblin games)
|
|t:|1769383081
|teamsize|p1|6
|teamsize|p2|6
|start
|switch|p1a: Ninetales|Ninetales-Alola, M|100/100
|switch|p2a: Glimmora|Glimmora, M|100/100
|-weather|Snowscape|[from] ability: Snow Warning|[of] p1a: Ninetales
|turn|1
|
|t:|1769383086
|switch|p1a: Hatterene|Hatterene, F|100/100
|move|p2a: Glimmora|Power Gem|p1a: Hatterene
|-damage|p1a: Hatterene|59/100
|
|-weather|Snowscape|[upkeep]
|-heal|p1a: Hatterene|65/100|[from] item: Leftovers
|upkeep
|turn|2
|
|t:|1769383096
|move|p2a: Glimmora|Mortal Spin|p1a: Hatterene
|-supereffective|p1a: Hatterene
|-damage|p1a: Hatterene|55/100
|-status|p1a: Hatterene|psn
|move|p1a: Hatterene|Psyshock|p2a: Glimmora
|-supereffective|p2a: Glimmora
|-damage|p2a: Glimmora|6/100
|
|-weather|Snowscape|[upkeep]
|-heal|p1a: Hatterene|61/100 psn|[from] item: Leftovers
|-damage|p1a: Hatterene|49/100 psn|[from] psn
|upkeep
|turn|3
|
|t:|1769383109
|move|p2a: Glimmora|Power Gem|p1a: Hatterene
|-damage|p1a: Hatterene|3/100 psn
|move|p1a: Hatterene|Psyshock|p2a: Glimmora
|-supereffective|p2a: Glimmora
|-damage|p2a: Glimmora|0 fnt
|faint|p2a: Glimmora
|
|-weather|Snowscape|[upkeep]
|-heal|p1a: Hatterene|9/100 psn|[from] item: Leftovers
|-damage|p1a: Hatterene|0 fnt|[from] psn
|faint|p1a: Hatterene
|upkeep
|
|t:|1769383120
|switch|p2a: Dragapult|Dragapult, M|100/100
|switch|p1a: Ninetales|Ninetales-Alola, M|100/100
|turn|4
|
|t:|1769383130
|move|p2a: Dragapult|U-turn|p1a: Ninetales
|-resisted|p1a: Ninetales
|-damage|p1a: Ninetales|94/100
|
|t:|1769383135
|switch|p2a: Ogerpon|Ogerpon-Wellspring, F|100/100|[from] U-turn
|move|p1a: Ninetales|Aurora Veil|p1a: Ninetales
|-sidestart|p1: slave of society|move: Aurora Veil
|
|-weather|Snowscape|[upkeep]
|upkeep
|turn|5
|
|t:|1769383139
|move|p2a: Ogerpon|Encore|p1a: Ninetales
|-start|p1a: Ninetales|Encore
|move|p1a: Ninetales|Aurora Veil||[still]
|-fail|p1a: Ninetales
|
|-weather|none
|upkeep
|turn|6
|
|t:|1769383146
|switch|p1a: Zamazenta|Zamazenta|100/100
|-ability|p1a: Zamazenta|Dauntless Shield|boost
|-boost|p1a: Zamazenta|def|1
|move|p2a: Ogerpon|U-turn|p1a: Zamazenta
|-resisted|p1a: Zamazenta
|-crit|p1a: Zamazenta
|-damage|p1a: Zamazenta|86/100
|
|t:|1769383149
|switch|p2a: Dragapult|Dragapult, M|100/100|[from] U-turn
|
|upkeep
|turn|7
|
|t:|1769383153
|switch|p1a: Ninetales|Ninetales-Alola, M|94/100
|-weather|Snowscape|[from] ability: Snow Warning|[of] p1a: Ninetales
|move|p2a: Dragapult|Will-O-Wisp|p1a: Ninetales
|-status|p1a: Ninetales|brn
|
|-weather|Snowscape|[upkeep]
|-damage|p1a: Ninetales|88/100 brn|[from] brn
|upkeep
|turn|8
|
|t:|1769383166
|move|p2a: Dragapult|U-turn|p1a: Ninetales
|-resisted|p1a: Ninetales
|-damage|p1a: Ninetales|82/100 brn
|
|t:|1769383171
|switch|p2a: Ogerpon|Ogerpon-Wellspring, F|100/100|[from] U-turn
|move|p1a: Ninetales|Freeze-Dry|p2a: Ogerpon
|-supereffective|p2a: Ogerpon
|-damage|p2a: Ogerpon|5/100
|
|-weather|Snowscape|[upkeep]
|-damage|p1a: Ninetales|75/100 brn|[from] brn
|upkeep
|turn|9
|
|t:|1769383180
|move|p2a: Ogerpon|Ivy Cudgel|p1a: Ninetales|[anim] Ivy Cudgel Water
|-damage|p1a: Ninetales|54/100 brn
|move|p1a: Ninetales|Freeze-Dry|p2a: Ogerpon
|-supereffective|p2a: Ogerpon
|-damage|p2a: Ogerpon|0 fnt
|faint|p2a: Ogerpon
|
|-weather|Snowscape|[upkeep]
|-damage|p1a: Ninetales|48/100 brn|[from] brn
|upkeep
|
|t:|1769383190
|switch|p2a: Iron Valiant|Iron Valiant|100/100
|-enditem|p2a: Iron Valiant|Booster Energy
|-activate|p2a: Iron Valiant|ability: Quark Drive|[fromitem]
|-start|p2a: Iron Valiant|quarkdrivespe
|turn|10
|
|t:|1769383212
|move|p2a: Iron Valiant|Moonblast|p1a: Ninetales
|-damage|p1a: Ninetales|22/100 brn
|move|p1a: Ninetales|Encore|p2a: Iron Valiant
|-start|p2a: Iron Valiant|Encore
|
|-weather|Snowscape|[upkeep]
|-damage|p1a: Ninetales|15/100 brn|[from] brn
|upkeep
|turn|11
|
|t:|1769383218
|switch|p1a: Ceruledge|Ceruledge, M|100/100
|move|p2a: Iron Valiant|Moonblast|p1a: Ceruledge
|-resisted|p1a: Ceruledge
|-damage|p1a: Ceruledge|87/100
|
|-weather|none
|-sideend|p1: slave of society|move: Aurora Veil
|upkeep
|turn|12
|
|t:|1769383224
|-end|p2a: Iron Valiant|Quark Drive|[silent]
|switch|p2a: Gliscor|Gliscor, M|100/100
|move|p1a: Ceruledge|Swords Dance|p1a: Ceruledge
|-boost|p1a: Ceruledge|atk|2
|
|-status|p2a: Gliscor|tox|[from] item: Toxic Orb
|upkeep
|turn|13
|
|t:|1769383233
|-terastallize|p1a: Ceruledge|Ghost
|move|p1a: Ceruledge|Bitter Blade|p2a: Gliscor
|-damage|p2a: Gliscor|24/100 tox
|-heal|p1a: Ceruledge|100/100|[from] drain|[of] p2a: Gliscor
|move|p2a: Gliscor|Earthquake|p1a: Ceruledge
|-damage|p1a: Ceruledge|55/100
|-ability|p1a: Ceruledge|Weak Armor|boost
|-unboost|p1a: Ceruledge|def|1
|-boost|p1a: Ceruledge|spe|2
|
|-heal|p2a: Gliscor|36/100 tox|[from] ability: Poison Heal
|upkeep
|turn|14
|
|t:|1769383243
|move|p2a: Gliscor|Protect|p2a: Gliscor
|-singleturn|p2a: Gliscor|Protect
|move|p1a: Ceruledge|Bitter Blade|p2a: Gliscor
|-activate|p2a: Gliscor|move: Protect
|
|-heal|p2a: Gliscor|49/100 tox|[from] ability: Poison Heal
|upkeep
|turn|15
|inactive|mind goblin games has 120 seconds left.
|
|t:|1769383280
|move|p1a: Ceruledge|Bitter Blade|p2a: Gliscor
|-damage|p2a: Gliscor|0 fnt
|-heal|p1a: Ceruledge|84/100|[from] drain|[of] p2a: Gliscor
|faint|p2a: Gliscor
|
|upkeep
|
|t:|1769383287
|switch|p2a: Kingambit|Kingambit, M|100/100
|-activate|p2a: Kingambit|ability: Supreme Overlord
|-start|p2a: Kingambit|fallen3|[silent]
|turn|16
|inactive|mind goblin games has 120 seconds left.
|
|t:|1769383313
|-terastallize|p2a: Kingambit|Dark
|move|p1a: Ceruledge|Bitter Blade|p2a: Kingambit
|-damage|p2a: Kingambit|21/100
|-heal|p1a: Ceruledge|100/100|[from] drain|[of] p2a: Kingambit
|move|p2a: Kingambit|Kowtow Cleave|p1a: Ceruledge
|-supereffective|p1a: Ceruledge
|-enditem|p1a: Ceruledge|Focus Sash
|-damage|p1a: Ceruledge|1/100
|-ability|p1a: Ceruledge|Weak Armor|boost
|-unboost|p1a: Ceruledge|def|1
|-boost|p1a: Ceruledge|spe|2
|
|upkeep
|turn|17
|
|t:|1769383322
|move|p2a: Kingambit|Sucker Punch||[still]
|-fail|p2a: Kingambit
|move|p1a: Ceruledge|Swords Dance|p1a: Ceruledge
|-boost|p1a: Ceruledge|atk|2
|
|upkeep
|turn|18
|
|t:|1769383325
|move|p2a: Kingambit|Sucker Punch|p1a: Ceruledge
|-supereffective|p1a: Ceruledge
|-damage|p1a: Ceruledge|0 fnt
|faint|p1a: Ceruledge
|
|upkeep
|
|t:|1769383332
|switch|p1a: Ninetales|Ninetales-Alola, M|15/100 brn
|-weather|Snowscape|[from] ability: Snow Warning|[of] p1a: Ninetales
|turn|19
|
|t:|1769383339
|move|p1a: Ninetales|Aurora Veil|p1a: Ninetales
|-sidestart|p1: slave of society|move: Aurora Veil
|move|p2a: Kingambit|Iron Head|p1a: Ninetales
|-supereffective|p1a: Ninetales
|-damage|p1a: Ninetales|0 fnt
|faint|p1a: Ninetales
|
|-weather|Snowscape|[upkeep]
|upkeep
|
|t:|1769383358
|switch|p1a: Darkrai|Darkrai|100/100
|turn|20
|
|t:|1769383364
|move|p1a: Darkrai|Dark Pulse|p2a: Kingambit
|-resisted|p2a: Kingambit
|-crit|p2a: Kingambit
|-damage|p2a: Kingambit|0 fnt
|faint|p2a: Kingambit
|-end|p2a: Kingambit|fallen3|[silent]
|
|-weather|Snowscape|[upkeep]
|upkeep
|
|t:|1769383369
|switch|p2a: Iron Valiant|Iron Valiant|100/100
|turn|21
|
|t:|1769383378
|move|p1a: Darkrai|Ice Beam|p2a: Iron Valiant
|-damage|p2a: Iron Valiant|31/100
|move|p2a: Iron Valiant|Moonblast|p1a: Darkrai
|-supereffective|p1a: Darkrai
|-damage|p1a: Darkrai|40/100
|
|-weather|Snowscape|[upkeep]
|-heal|p1a: Darkrai|46/100|[from] item: Leftovers
|upkeep
|turn|22
|
|t:|1769383392
|move|p1a: Darkrai|Ice Beam|p2a: Iron Valiant
|-damage|p2a: Iron Valiant|0 fnt
|faint|p2a: Iron Valiant
|-end|p2a: Iron Valiant|Quark Drive|[silent]
|
|-weather|Snowscape|[upkeep]
|-heal|p1a: Darkrai|52/100|[from] item: Leftovers
|upkeep
|
|t:|1769383393
|switch|p2a: Dragapult|Dragapult, M|100/100
|turn|23
|
|t:|1769383402
|move|p2a: Dragapult|Draco Meteor|p1a: Darkrai
|-damage|p1a: Darkrai|0 fnt
|-unboost|p2a: Dragapult|spa|2
|faint|p1a: Darkrai
|
|-weather|none
|upkeep
|
|t:|1769383411
|switch|p1a: Zamazenta|Zamazenta|86/100
|turn|24
|
|t:|1769383415
|move|p2a: Dragapult|Will-O-Wisp|p1a: Zamazenta
|-status|p1a: Zamazenta|brn
|move|p1a: Zamazenta|Crunch|p2a: Dragapult
|-supereffective|p2a: Dragapult
|-damage|p2a: Dragapult|71/100
|-unboost|p2a: Dragapult|def|1
|
|-damage|p1a: Zamazenta|80/100 brn|[from] brn
|upkeep
|turn|25
|
|t:|1769383420
|move|p2a: Dragapult|Hex|p1a: Zamazenta
|-damage|p1a: Zamazenta|58/100 brn
|move|p1a: Zamazenta|Crunch|p2a: Dragapult
|-supereffective|p2a: Dragapult
|-damage|p2a: Dragapult|24/100
|
|-damage|p1a: Zamazenta|52/100 brn|[from] brn
|upkeep
|turn|26
|
|t:|1769383423
|move|p2a: Dragapult|Hex|p1a: Zamazenta
|-damage|p1a: Zamazenta|28/100 brn
|move|p1a: Zamazenta|Rest|p1a: Zamazenta
|-status|p1a: Zamazenta|slp|[from] move: Rest
|-heal|p1a: Zamazenta|100/100 slp|[silent]
|-enditem|p1a: Zamazenta|Chesto Berry|[eat]
|-curestatus|p1a: Zamazenta|slp|[msg]
|
|-sideend|p1: slave of society|move: Aurora Veil
|upkeep
|turn|27
|-message|mind goblin games forfeited.
|
|win|slave of society
|raw|slave of society's rating: 1485 &rarr; <strong>1501</strong><br />(+16 for winning)
|raw|mind goblin games's rating: 1418 &rarr; <strong>1402</strong><br />(-16 for losing)
