|j|☆Ctannn
|j|☆winfiftyfifties
|t:|1769379230
|gametype|singles
|player|p1|Ctannn|101|1746
|player|p2|winfiftyfifties|101|1677
|gen|9
|tier|[Gen 9] OU
|rated|
|rule|HP Percentage Mod: HP is shown in percentages
|rule|Endless Battle Clause: Forcing endless battles is banned
|rule|Species Clause: Limit one of each Pokémon
|rule|OHKO Clause: OHKO moves are banned
|rule|Evasion Items Clause: Evasion items are banned
|rule|Evasion Moves Clause: Evasion moves are banned
|rule|Evasion Abilities Clause: Evasion abilities are banned
|rule|Sleep Moves Clause: Sleep-inducing moves are banned
|clearpoke
|poke|p1|Rillaboom, F|
|poke|p1|Garganacl, F|
|poke|p1|Cinderace, M|
|poke|p1|Raging Bolt|
|poke|p1|Slowking-Galar, F|
|poke|p1|Landorus-Therian, M|
|poke|p2|Landorus-Therian, M|
|poke|p2|Ogerpon-Wellspring, F|
|poke|p2|Dragapult, M|
|poke|p2|Darkrai|
|poke|p2|Arcanine-Hisui, F|
|poke|p2|Scizor, F|
|teampreview
|inactive|Battle timer is ON: inactive players will automatically lose when time's up. (requested by Ctannn)
|
|t:|1769379267
|teamsize|p1|6
|teamsize|p2|6
|start
|switch|p1a: Landorus|Landorus-Therian, M|100/100
|switch|p2a: Landorus|Landorus-Therian, M|100/100
|-ability|p2a: Landorus|Intimidate|boost
|-unboost|p1a: Landorus|atk|1
|-ability|p1a: Landorus|Intimidate|boost
|-unboost|p2a: Landorus|atk|1
|turn|1
|
|t:|1769379276
|switch|p1a: Slowking|Slowking-Galar, F|100/100
|move|p2a: Landorus|U-turn|p1a: Slowking
|-damage|p1a: Slowking|78/100
|-damage|p2a: Landorus|84/100|[from] item: Rocky Helmet|[of] p1a: Slowking
|
|t:|1769379287
|switch|p2a: Darkrai|Darkrai|100/100|[from] U-turn
|
|upkeep
|turn|2
|
|t:|1769379291
|switch|p1a: Garganacl|Garganacl, F|100/100
|move|p2a: Darkrai|Dark Pulse|p1a: Garganacl
|-damage|p1a: Garganacl|62/100
|
|-heal|p1a: Garganacl|68/100|[from] item: Leftovers
|upkeep
|turn|3
|
|t:|1769379300
|move|p2a: Darkrai|Dark Pulse|p1a: Garganacl
|-damage|p1a: Garganacl|27/100
|move|p1a: Garganacl|Salt Cure|p2a: Darkrai
|-damage|p2a: Darkrai|81/100
|-start|p2a: Darkrai|Salt Cure
|
|-heal|p1a: Garganacl|34/100|[from] item: Leftovers
|-damage|p2a: Darkrai|69/100|[from] Salt Cure
|upkeep
|turn|4
|
|t:|1769379316
|move|p1a: Garganacl|Protect|p1a: Garganacl
|-singleturn|p1a: Garganacl|Protect
|move|p2a: Darkrai|Dark Pulse|p1a: Garganacl
|-activate|p1a: Garganacl|move: Protect
|
|-heal|p1a: Garganacl|40/100|[from] item: Leftovers
|-damage|p2a: Darkrai|56/100|[from] Salt Cure
|upkeep
|turn|5
|
|t:|1769379326
|move|p2a: Darkrai|Dark Pulse|p1a: Garganacl
|-damage|p1a: Garganacl|1/100
|move|p1a: Garganacl|Recover|p1a: Garganacl
|-heal|p1a: Garganacl|51/100
|
|-heal|p1a: Garganacl|57/100|[from] item: Leftovers
|-damage|p2a: Darkrai|44/100|[from] Salt Cure
|upkeep
|turn|6
|
|t:|1769379334
|switch|p2a: Ogerpon|Ogerpon-Wellspring, F|100/100
|move|p1a: Garganacl|Salt Cure|p2a: Ogerpon
|-damage|p2a: Ogerpon|84/100
|-start|p2a: Ogerpon|Salt Cure
|
|-heal|p1a: Garganacl|64/100|[from] item: Leftovers
|-damage|p2a: Ogerpon|59/100|[from] Salt Cure
|upkeep
|turn|7
|
|t:|1769379336
|move|p1a: Garganacl|Protect|p1a: Garganacl
|-singleturn|p1a: Garganacl|Protect
|move|p2a: Ogerpon|Spikes|p1a: Garganacl
|-sidestart|p1: Ctannn|Spikes
|
|-heal|p1a: Garganacl|70/100|[from] item: Leftovers
|-damage|p2a: Ogerpon|34/100|[from] Salt Cure
|upkeep
|turn|8
|
|t:|1769379346
|move|p2a: Ogerpon|U-turn|p1a: Garganacl
|-damage|p1a: Garganacl|52/100
|
|t:|1769379352
|switch|p2a: Landorus|Landorus-Therian, M|84/100|[from] U-turn
|-ability|p2a: Landorus|Intimidate|boost
|-unboost|p1a: Garganacl|atk|1
|move|p1a: Garganacl|Recover|p1a: Garganacl
|-heal|p1a: Garganacl|100/100
|
|upkeep
|turn|9
|
|t:|1769379359
|move|p2a: Landorus|U-turn|p1a: Garganacl
|-damage|p1a: Garganacl|74/100
|
|t:|1769379366
|switch|p2a: Scizor|Scizor, F|100/100|[from] U-turn
|move|p1a: Garganacl|Salt Cure|p2a: Scizor
|-damage|p2a: Scizor|91/100
|-start|p2a: Scizor|Salt Cure
|
|-heal|p1a: Garganacl|80/100|[from] item: Leftovers
|-damage|p2a: Scizor|66/100|[from] Salt Cure
|upkeep
|turn|10
|
|t:|1769379375
|move|p2a: Scizor|Close Combat|p1a: Garganacl
|-supereffective|p1a: Garganacl
|-damage|p1a: Garganacl|0 fnt
|-unboost|p2a: Scizor|def|1
|-unboost|p2a: Scizor|spd|1
|faint|p1a: Garganacl
|
|-damage|p2a: Scizor|41/100|[from] Salt Cure
|upkeep
|
|t:|1769379379
|switch|p1a: Cinderace|Cinderace, M|100/100
|turn|11
|j| dendar
|
|t:|1769379383
|move|p1a: Cinderace|Pyro Ball|p2a: Scizor|[miss]
|-miss|p1a: Cinderace|p2a: Scizor
|move|p2a: Scizor|Close Combat|p1a: Cinderace
|-damage|p1a: Cinderace|0 fnt
|-unboost|p2a: Scizor|def|1
|-unboost|p2a: Scizor|spd|1
|faint|p1a: Cinderace
|
|-damage|p2a: Scizor|16/100|[from] Salt Cure
|upkeep
|
|t:|1769379390
|switch|p1a: Landorus|Landorus-Therian, M|100/100
|-ability|p1a: Landorus|Intimidate|boost
|-unboost|p2a: Scizor|atk|1
|turn|12
|
|t:|1769379393
|switch|p2a: Landorus|Landorus-Therian, M|84/100
|-ability|p2a: Landorus|Intimidate|boost
|-unboost|p1a: Landorus|atk|1
|move|p1a: Landorus|Stealth Rock|p2a: Landorus
|-sidestart|p2: winfiftyfifties|move: Stealth Rock
|
|upkeep
|turn|13
|
|t:|1769379399
|move|p2a: Landorus|U-turn|p1a: Landorus
|-resisted|p1a: Landorus
|-damage|p1a: Landorus|85/100
|-damage|p2a: Landorus|67/100|[from] item: Rocky Helmet|[of] p1a: Landorus
|
|t:|1769379409
|switch|p2a: Arcanine|Arcanine-Hisui, F|100/100|[from] U-turn
|-damage|p2a: Arcanine|76/100|[from] Stealth Rock
|move|p1a: Landorus|U-turn|p2a: Arcanine
|-resisted|p2a: Arcanine
|-crit|p2a: Arcanine
|-damage|p2a: Arcanine|55/100
|
|t:|1769379427
|switch|p1a: Rillaboom|Rillaboom, F|100/100|[from] U-turn
|-damage|p1a: Rillaboom|88/100|[from] Spikes
|-fieldstart|move: Grassy Terrain|[from] ability: Grassy Surge|[of] p1a: Rillaboom
|
|-heal|p2a: Arcanine|62/100|[from] Grassy Terrain
|-heal|p1a: Rillaboom|94/100|[from] Grassy Terrain
|upkeep
|turn|14
|
|t:|1769379435
|-terastallize|p1a: Rillaboom|Grass
|move|p1a: Rillaboom|Grassy Glide|p2a: Arcanine
|-damage|p2a: Arcanine|0 fnt
|faint|p2a: Arcanine
|
|-heal|p1a: Rillaboom|100/100|[from] Grassy Terrain
|upkeep
|
|t:|1769379451
|switch|p2a: Dragapult|Dragapult, M|100/100
|-damage|p2a: Dragapult|88/100|[from] Stealth Rock
|turn|15
|
|t:|1769379456
|switch|p1a: Slowking|Slowking-Galar, F|100/100
|-damage|p1a: Slowking|88/100|[from] Spikes
|-terastallize|p2a: Dragapult|Dragon
|move|p2a: Dragapult|Dragon Darts|p1a: Slowking
|-crit|p1a: Slowking
|-damage|p1a: Slowking|35/100
|-anim|p2a: Dragapult|Dragon Darts|p1a: Slowking
|-damage|p1a: Slowking|0 fnt
|faint|p1a: Slowking
|
|-heal|p2a: Dragapult|94/100|[from] Grassy Terrain
|upkeep
|j| Palm X
|
|t:|1769379467
|switch|p1a: Landorus|Landorus-Therian, M|85/100
|-ability|p1a: Landorus|Intimidate|boost
|-fail|p2a: Dragapult|unboost|[from] ability: Clear Body|[of] p2a: Dragapult
|turn|16
|
|t:|1769379480
|switch|p2a: Ogerpon|Ogerpon-Wellspring, F|34/100
|-damage|p2a: Ogerpon|21/100|[from] Stealth Rock
|move|p1a: Landorus|U-turn|p2a: Ogerpon
|-supereffective|p2a: Ogerpon
|-damage|p2a: Ogerpon|0 fnt
|faint|p2a: Ogerpon
|
|t:|1769379484
|switch|p1a: Raging Bolt|Raging Bolt|100/100|[from] U-turn
|
|upkeep
|
|t:|1769379496
|switch|p2a: Landorus|Landorus-Therian, M|67/100
|-damage|p2a: Landorus|55/100|[from] Stealth Rock
|-ability|p2a: Landorus|Intimidate|boost
|-unboost|p1a: Raging Bolt|atk|1
|turn|17
|
|t:|1769379506
|move|p2a: Landorus|U-turn|p1a: Raging Bolt
|-damage|p1a: Raging Bolt|60/100
|
|t:|1769379514
|switch|p2a: Scizor|Scizor, F|16/100|[from] U-turn
|-damage|p2a: Scizor|4/100|[from] Stealth Rock
|move|p1a: Raging Bolt|Volt Switch|p2a: Scizor
|-damage|p2a: Scizor|0 fnt
|faint|p2a: Scizor
|j| Vessev
|
|t:|1769379517
|-end|p1a: Raging Bolt|Protosynthesis|[silent]
|switch|p1a: Landorus|Landorus-Therian, M|85/100|[from] Volt Switch
|
|-fieldend|move: Grassy Terrain
|upkeep
|
|t:|1769379521
|switch|p2a: Darkrai|Darkrai|44/100
|-damage|p2a: Darkrai|31/100|[from] Stealth Rock
|turn|18
|
|t:|1769379527
|move|p2a: Darkrai|Dark Pulse|p1a: Landorus
|-damage|p1a: Landorus|16/100
|move|p1a: Landorus|U-turn|p2a: Darkrai
|-supereffective|p2a: Darkrai
|-damage|p2a: Darkrai|0 fnt
|faint|p2a: Darkrai
|
|t:|1769379534
|switch|p1a: Raging Bolt|Raging Bolt|60/100|[from] U-turn
|
|upkeep
|
|t:|1769379539
|switch|p2a: Landorus|Landorus-Therian, M|55/100
|-damage|p2a: Landorus|43/100|[from] Stealth Rock
|-ability|p2a: Landorus|Intimidate|boost
|-unboost|p1a: Raging Bolt|atk|1
|turn|19
|
|t:|1769379545
|move|p2a: Landorus|Earthquake|p1a: Raging Bolt
|-supereffective|p1a: Raging Bolt
|-damage|p1a: Raging Bolt|0 fnt
|faint|p1a: Raging Bolt
|-end|p1a: Raging Bolt|Protosynthesis|[silent]
|
|upkeep
|
|t:|1769379548
|switch|p1a: Rillaboom|Rillaboom, F, tera:Grass|100/100
|-damage|p1a: Rillaboom|88/100|[from] Spikes
|-fieldstart|move: Grassy Terrain|[from] ability: Grassy Surge|[of] p1a: Rillaboom
|turn|20
|
|t:|1769379551
|move|p2a: Landorus|Earthquake|p1a: Rillaboom
|-resisted|p1a: Rillaboom
|-damage|p1a: Rillaboom|64/100
|move|p1a: Rillaboom|Swords Dance|p1a: Rillaboom
|-boost|p1a: Rillaboom|atk|2
|
|-heal|p1a: Rillaboom|70/100|[from] Grassy Terrain
|upkeep
|turn|21
|
|t:|1769379557
|move|p2a: Landorus|Earthquake|p1a: Rillaboom
|-resisted|p1a: Rillaboom
|-damage|p1a: Rillaboom|47/100
|move|p1a: Rillaboom|Swords Dance|p1a: Rillaboom
|-boost|p1a: Rillaboom|atk|2
|
|-heal|p1a: Rillaboom|53/100|[from] Grassy Terrain
|upkeep
|turn|22
|
|t:|1769379561
|switch|p2a: Dragapult|Dragapult, M, tera:Dragon|94/100
|-damage|p2a: Dragapult|82/100|[from] Stealth Rock
|move|p1a: Rillaboom|Grassy Glide|p2a: Dragapult
|-resisted|p2a: Dragapult
|-damage|p2a: Dragapult|0 fnt
|faint|p2a: Dragapult
|
|-heal|p1a: Rillaboom|59/100|[from] Grassy Terrain
|upkeep
|-message|winfiftyfifties forfeited.
|
|win|Ctannn
|raw|Ctannn's rating: 1746 &rarr; <strong>1762</strong><br />(+16 for winning)
|raw|winfiftyfifties's rating: 1677 &rarr; <strong>1661</strong><br />(-16 for losing)
|l|☆winfiftyfifties
|player|p2|
|l| Vessev
|l| Palm X
|l| dendar
|l|☆Ctannn
|player|p1|
