|j|☆Scheederderechte
|j|☆Shibuya 渋谷 03
|t:|1769341180
|gametype|singles
|player|p1|Scheederderechte|265|1136
|player|p2|Shibuya 渋谷 03|hilda-wonderlauncher|1141
|gen|9
|tier|[Gen 9] OU
|rated|
|rule|HP Percentage Mod: HP is shown in percentages
|rule|Endless Battle Clause: Forcing endless battles is banned
|rule|Species Clause: Limit one of each Pokémon
|rule|OHKO Clause: OHKO moves are banned
|rule|Evasion Items Clause: Evasion items are banned
|rule|Evasion Moves Clause: Evasion moves are banned
|rule|Evasion Abilities Clause: Evasion abilities are banned
|rule|Sleep Moves Clause: Sleep-inducing moves are banned
|clearpoke
|poke|p1|Tropius, M|
|poke|p1|Ninetales, M|
|poke|p1|Sableye, F|
|poke|p1|Great Tusk|
|poke|p1|Raging Bolt|
|poke|p1|Walking Wake|
|poke|p2|Gholdengo|
|poke|p2|Dragonite, M|
|poke|p2|Iron Valiant|
|poke|p2|Meowscarada, F|
|poke|p2|Grimmsnarl, M|
|poke|p2|Dragapult, M|
|teampreview
|inactive|Battle timer is ON: inactive players will automatically lose when time's up. (requested by Shibuya 渋谷 03)
|
|t:|1769341208
|teamsize|p1|6
|teamsize|p2|6
|start
|switch|p1a: Great Tusk|Great Tusk|100/100
|switch|p2a: Grimmsnarl|Grimmsnarl, M|100/100
|turn|1
|
|t:|1769341216
|move|p2a: Grimmsnarl|Light Screen|p2a: Grimmsnarl
|-sidestart|p2: Shibuya 渋谷 03|move: Light Screen
|move|p1a: Great Tusk|Stealth Rock|p2a: Grimmsnarl
|-sidestart|p2: Shibuya 渋谷 03|move: Stealth Rock
|
|upkeep
|turn|2
|
|t:|1769341223
|-end|p1a: Great Tusk|Protosynthesis|[silent]
|switch|p1a: Sableye|Sableye, F|100/100
|move|p2a: Grimmsnarl|Reflect|p2a: Grimmsnarl
|-sidestart|p2: Shibuya 渋谷 03|Reflect
|
|upkeep
|turn|3
|
|t:|1769341238
|switch|p2a: Meowscarada|Meowscarada, F|100/100
|move|p1a: Sableye|Will-O-Wisp|p2a: Meowscarada
|-hint|Since gen 7, Dark is immune to Prankster moves.
|-immune|p2a: Meowscarada
|
|upkeep
|turn|4
|
|t:|1769341247
|move|p2a: Meowscarada|U-turn|p1a: Sableye
|-damage|p1a: Sableye|73/100
|
|t:|1769341250
|switch|p2a: Dragonite|Dragonite, M|100/100|[from] U-turn
|move|p1a: Sableye|Knock Off|p2a: Dragonite
|-damage|p2a: Dragonite|93/100
|-enditem|p2a: Dragonite|Heavy-Duty Boots|[from] move: Knock Off|[of] p1a: Sableye
|
|upkeep
|turn|5
|
|t:|1769341259
|move|p1a: Sableye|Will-O-Wisp|p2a: Dragonite
|-status|p2a: Dragonite|brn
|move|p2a: Dragonite|Dragon Dance|p2a: Dragonite
|-boost|p2a: Dragonite|atk|1
|-boost|p2a: Dragonite|spe|1
|
|-damage|p2a: Dragonite|87/100 brn|[from] brn
|-sideend|p2: Shibuya 渋谷 03|move: Light Screen
|upkeep
|turn|6
|
|t:|1769341270
|move|p2a: Dragonite|Dragon Dance|p2a: Dragonite
|-boost|p2a: Dragonite|atk|1
|-boost|p2a: Dragonite|spe|1
|move|p1a: Sableye|Knock Off|p2a: Dragonite
|-damage|p2a: Dragonite|78/100 brn
|
|-damage|p2a: Dragonite|71/100 brn|[from] brn
|-sideend|p2: Shibuya 渋谷 03|Reflect
|upkeep
|turn|7
|
|t:|1769341279
|move|p1a: Sableye|Sunny Day|p1a: Sableye
|-weather|SunnyDay
|move|p2a: Dragonite|Earthquake|p1a: Sableye
|-damage|p1a: Sableye|20/100
|
|-weather|SunnyDay|[upkeep]
|-damage|p2a: Dragonite|65/100 brn|[from] brn
|upkeep
|turn|8
|
|t:|1769341287
|move|p2a: Dragonite|Earthquake|p1a: Sableye
|-damage|p1a: Sableye|0 fnt
|faint|p1a: Sableye
|
|-weather|SunnyDay|[upkeep]
|-damage|p2a: Dragonite|59/100 brn|[from] brn
|upkeep
|
|t:|1769341293
|switch|p1a: Tropius|Tropius, M|100/100
|turn|9
|
|t:|1769341303
|move|p2a: Dragonite|Fire Punch|p1a: Tropius
|-supereffective|p1a: Tropius
|-damage|p1a: Tropius|27/100
|-status|p1a: Tropius|brn
|-enditem|p1a: Tropius|Sitrus Berry|[eat]
|-heal|p1a: Tropius|52/100 brn|[from] item: Sitrus Berry
|move|p1a: Tropius|Leech Seed|p2a: Dragonite|[miss]
|-miss|p1a: Tropius|p2a: Dragonite
|
|-weather|SunnyDay|[upkeep]
|-damage|p2a: Dragonite|53/100 brn|[from] brn
|-damage|p1a: Tropius|46/100 brn|[from] brn
|-item|p1a: Tropius|Sitrus Berry|[from] ability: Harvest
|upkeep
|-enditem|p1a: Tropius|Sitrus Berry|[eat]
|-heal|p1a: Tropius|71/100 brn|[from] item: Sitrus Berry
|turn|10
|
|t:|1769341318
|move|p2a: Dragonite|Fire Punch|p1a: Tropius
|-supereffective|p1a: Tropius
|-damage|p1a: Tropius|1/100 brn
|move|p1a: Tropius|Leech Seed|p2a: Dragonite
|-start|p2a: Dragonite|move: Leech Seed
|
|-weather|SunnyDay|[upkeep]
|-damage|p2a: Dragonite|40/100 brn|[from] Leech Seed|[of] p1a: Tropius
|-heal|p1a: Tropius|11/100 brn|[silent]
|-damage|p2a: Dragonite|34/100 brn|[from] brn
|-damage|p1a: Tropius|5/100 brn|[from] brn
|-item|p1a: Tropius|Sitrus Berry|[from] ability: Harvest
|upkeep
|-enditem|p1a: Tropius|Sitrus Berry|[eat]
|-heal|p1a: Tropius|30/100 brn|[from] item: Sitrus Berry
|turn|11
|
|t:|1769341335
|move|p1a: Tropius|Protect|p1a: Tropius
|-singleturn|p1a: Tropius|Protect
|move|p2a: Dragonite|Fire Punch|p1a: Tropius
|-activate|p1a: Tropius|move: Protect
|
|-weather|SunnyDay|[upkeep]
|-damage|p2a: Dragonite|22/100 brn|[from] Leech Seed|[of] p1a: Tropius
|-heal|p1a: Tropius|40/100 brn|[silent]
|-damage|p2a: Dragonite|16/100 brn|[from] brn
|-damage|p1a: Tropius|34/100 brn|[from] brn
|-item|p1a: Tropius|Sitrus Berry|[from] ability: Harvest
|upkeep
|-enditem|p1a: Tropius|Sitrus Berry|[eat]
|-heal|p1a: Tropius|59/100 brn|[from] item: Sitrus Berry
|turn|12
|
|t:|1769341359
|switch|p1a: Walking Wake|Walking Wake|100/100
|-activate|p1a: Walking Wake|ability: Protosynthesis
|-start|p1a: Walking Wake|protosynthesisspa
|move|p2a: Dragonite|Fire Punch|p1a: Walking Wake
|-resisted|p1a: Walking Wake
|-damage|p1a: Walking Wake|90/100
|
|-weather|SunnyDay|[upkeep]
|-damage|p2a: Dragonite|3/100 brn|[from] Leech Seed|[of] p1a: Walking Wake
|-heal|p1a: Walking Wake|100/100|[silent]
|-damage|p2a: Dragonite|0 fnt|[from] brn
|faint|p2a: Dragonite
|upkeep
|
|t:|1769341372
|switch|p2a: Iron Valiant|Iron Valiant|100/100
|-damage|p2a: Iron Valiant|94/100|[from] Stealth Rock
|-enditem|p2a: Iron Valiant|Booster Energy
|-activate|p2a: Iron Valiant|ability: Quark Drive|[fromitem]
|-start|p2a: Iron Valiant|quarkdrivespe
|turn|13
|inactive|Scheederderechte has 120 seconds left.
|
|t:|1769341393
|move|p2a: Iron Valiant|Moonblast|p1a: Walking Wake
|-supereffective|p1a: Walking Wake
|-crit|p1a: Walking Wake
|-damage|p1a: Walking Wake|0 fnt
|faint|p1a: Walking Wake
|-end|p1a: Walking Wake|Protosynthesis|[silent]
|
|-weather|SunnyDay|[upkeep]
|upkeep
|inactive|Scheederderechte has 120 seconds left.
|
|t:|1769341400
|switch|p1a: Great Tusk|Great Tusk|100/100
|-activate|p1a: Great Tusk|ability: Protosynthesis
|-start|p1a: Great Tusk|protosynthesisspe
|turn|14
|
|t:|1769341406
|move|p2a: Iron Valiant|Moonblast|p1a: Great Tusk
|-supereffective|p1a: Great Tusk
|-damage|p1a: Great Tusk|0 fnt
|faint|p1a: Great Tusk
|-end|p1a: Great Tusk|Protosynthesis|[silent]
|
|-weather|none
|upkeep
|
|t:|1769341409
|switch|p1a: Ninetales|Ninetales, M|100/100
|-weather|SunnyDay|[from] ability: Drought|[of] p1a: Ninetales
|turn|15
|
|t:|1769341416
|move|p2a: Iron Valiant|Calm Mind|p2a: Iron Valiant
|-boost|p2a: Iron Valiant|spa|1
|-boost|p2a: Iron Valiant|spd|1
|move|p1a: Ninetales|Flare Blitz|p2a: Iron Valiant
|-damage|p2a: Iron Valiant|0 fnt
|faint|p2a: Iron Valiant
|-end|p2a: Iron Valiant|Quark Drive|[silent]
|-damage|p1a: Ninetales|69/100|[from] Recoil
|
|-weather|SunnyDay|[upkeep]
|upkeep
|
|t:|1769341427
|switch|p2a: Grimmsnarl|Grimmsnarl, M|100/100
|-damage|p2a: Grimmsnarl|88/100|[from] Stealth Rock
|turn|16
|
|t:|1769341431
|switch|p1a: Tropius|Tropius, M|59/100 brn
|move|p2a: Grimmsnarl|Thunder Wave||[still]
|-fail|p2a: Grimmsnarl
|
|-weather|SunnyDay|[upkeep]
|-heal|p2a: Grimmsnarl|94/100|[from] item: Leftovers
|-damage|p1a: Tropius|52/100 brn|[from] brn
|-item|p1a: Tropius|Sitrus Berry|[from] ability: Harvest
|upkeep
|turn|17
|
|t:|1769341442
|move|p2a: Grimmsnarl|Reflect|p2a: Grimmsnarl
|-sidestart|p2: Shibuya 渋谷 03|Reflect
|move|p1a: Tropius|Leech Seed|p2a: Grimmsnarl
|-start|p2a: Grimmsnarl|move: Leech Seed
|
|-weather|SunnyDay|[upkeep]
|-heal|p2a: Grimmsnarl|99/100|[from] item: Leftovers
|-damage|p2a: Grimmsnarl|88/100|[from] Leech Seed|[of] p1a: Tropius
|-heal|p1a: Tropius|65/100 brn|[silent]
|-damage|p1a: Tropius|58/100 brn|[from] brn
|upkeep
|turn|18
|
|t:|1769341451
|move|p2a: Grimmsnarl|Light Screen|p2a: Grimmsnarl
|-sidestart|p2: Shibuya 渋谷 03|move: Light Screen
|move|p1a: Tropius|Substitute|p1a: Tropius
|-start|p1a: Tropius|Substitute
|-damage|p1a: Tropius|34/100 brn
|-enditem|p1a: Tropius|Sitrus Berry|[eat]
|-heal|p1a: Tropius|58/100 brn|[from] item: Sitrus Berry
|
|-weather|SunnyDay|[upkeep]
|-heal|p2a: Grimmsnarl|94/100|[from] item: Leftovers
|-damage|p2a: Grimmsnarl|81/100|[from] Leech Seed|[of] p1a: Tropius
|-heal|p1a: Tropius|71/100 brn|[silent]
|-damage|p1a: Tropius|64/100 brn|[from] brn
|-item|p1a: Tropius|Sitrus Berry|[from] ability: Harvest
|upkeep
|turn|19
|
|t:|1769341464
|move|p2a: Grimmsnarl|Parting Shot|p1a: Tropius
|-unboost|p1a: Tropius|atk|1
|-unboost|p1a: Tropius|spa|1
|
|t:|1769341467
|switch|p2a: Dragapult|Dragapult, M, shiny|100/100|[from] Parting Shot
|-damage|p2a: Dragapult|88/100|[from] Stealth Rock
|move|p1a: Tropius|Air Slash|p2a: Dragapult
|-damage|p2a: Dragapult|79/100
|
|-weather|none
|-damage|p1a: Tropius|58/100 brn|[from] brn
|upkeep
|turn|20
|
|t:|1769341478
|move|p2a: Dragapult|Flamethrower|p1a: Tropius
|-supereffective|p1a: Tropius
|-damage|p1a: Tropius|0 fnt
|faint|p1a: Tropius
|
|upkeep
|
|t:|1769341485
|switch|p1a: Raging Bolt|Raging Bolt|100/100
|turn|21
|
|t:|1769341492
|switch|p2a: Meowscarada|Meowscarada, F|100/100
|-terastallize|p1a: Raging Bolt|Fairy
|move|p1a: Raging Bolt|Draco Meteor|p2a: Meowscarada
|-damage|p2a: Meowscarada|3/100
|-unboost|p1a: Raging Bolt|spa|2
|
|-sideend|p2: Shibuya 渋谷 03|Reflect
|upkeep
|turn|22
|
|t:|1769341505
|move|p2a: Meowscarada|Petal Blizzard|p1a: Raging Bolt
|-damage|p1a: Raging Bolt|42/100
|move|p1a: Raging Bolt|Draco Meteor|p2a: Meowscarada
|-damage|p2a: Meowscarada|0 fnt
|-unboost|p1a: Raging Bolt|spa|2
|faint|p2a: Meowscarada
|
|-sideend|p2: Shibuya 渋谷 03|move: Light Screen
|upkeep
|
|t:|1769341517
|switch|p2a: Grimmsnarl|Grimmsnarl, M|81/100
|-damage|p2a: Grimmsnarl|69/100|[from] Stealth Rock
|turn|23
|
|t:|1769341528
|-end|p1a: Raging Bolt|Protosynthesis|[silent]
|switch|p1a: Ninetales|Ninetales, M|69/100
|-weather|SunnyDay|[from] ability: Drought|[of] p1a: Ninetales
|move|p2a: Grimmsnarl|Light Screen|p2a: Grimmsnarl
|-sidestart|p2: Shibuya 渋谷 03|move: Light Screen
|
|-weather|SunnyDay|[upkeep]
|-heal|p2a: Grimmsnarl|75/100|[from] item: Leftovers
|upkeep
|turn|24
|
|t:|1769341536
|move|p2a: Grimmsnarl|Reflect|p2a: Grimmsnarl
|-sidestart|p2: Shibuya 渋谷 03|Reflect
|move|p1a: Ninetales|Flare Blitz|p2a: Grimmsnarl
|-damage|p2a: Grimmsnarl|13/100
|-damage|p1a: Ninetales|41/100|[from] Recoil
|
|-weather|SunnyDay|[upkeep]
|-heal|p2a: Grimmsnarl|19/100|[from] item: Leftovers
|upkeep
|turn|25
|
|t:|1769341544
|move|p2a: Grimmsnarl|Thunder Wave|p1a: Ninetales
|-status|p1a: Ninetales|par
|move|p1a: Ninetales|Flare Blitz|p2a: Grimmsnarl
|-damage|p2a: Grimmsnarl|0 fnt
|faint|p2a: Grimmsnarl
|-damage|p1a: Ninetales|33/100 par|[from] Recoil
|
|-weather|SunnyDay|[upkeep]
|upkeep
|
|t:|1769341554
|switch|p2a: Gholdengo|Gholdengo|100/100
|-damage|p2a: Gholdengo|94/100|[from] Stealth Rock
|-item|p2a: Gholdengo|Air Balloon
|turn|26
|
|t:|1769341560
|move|p2a: Gholdengo|Shadow Ball|p1a: Ninetales
|-damage|p1a: Ninetales|0 fnt
|faint|p1a: Ninetales
|
|-weather|SunnyDay|[upkeep]
|upkeep
|
|t:|1769341564
|switch|p1a: Raging Bolt|Raging Bolt, tera:Fairy|42/100
|-activate|p1a: Raging Bolt|ability: Protosynthesis
|-start|p1a: Raging Bolt|protosynthesisspa
|turn|27
|
|t:|1769341570
|move|p1a: Raging Bolt|Thunderclap|p2a: Gholdengo
|-damage|p2a: Gholdengo|47/100
|-enditem|p2a: Gholdengo|Air Balloon
|move|p2a: Gholdengo|Make It Rain|p1a: Raging Bolt
|-supereffective|p1a: Raging Bolt
|-damage|p1a: Raging Bolt|0 fnt
|-unboost|p2a: Gholdengo|spa|1
|faint|p1a: Raging Bolt
|-end|p1a: Raging Bolt|Protosynthesis|[silent]
|
|win|Shibuya 渋谷 03
|raw|Scheederderechte's rating: 1136 &rarr; <strong>1111</strong><br />(-25 for losing)
|raw|Shibuya 渋谷 03's rating: 1141 &rarr; <strong>1166</strong><br />(+25 for winning)
|l|☆Scheederderechte
|player|p1|
|l|☆Shibuya 渋谷 03
|player|p2|
