|j|☆BiCyn
|j|☆Leriskato
|t:|1769337881
|gametype|singles
|player|p1|BiCyn|dancer|1268
|player|p2|Leriskato|hoopster|1276
|gen|9
|tier|[Gen 9] OU
|rated|
|rule|HP Percentage Mod: HP is shown in percentages
|rule|Endless Battle Clause: Forcing endless battles is banned
|rule|Species Clause: Limit one of each Pokémon
|rule|OHKO Clause: OHKO moves are banned
|rule|Evasion Items Clause: Evasion items are banned
|rule|Evasion Moves Clause: Evasion moves are banned
|rule|Evasion Abilities Clause: Evasion abilities are banned
|rule|Sleep Moves Clause: Sleep-inducing moves are banned
|clearpoke
|poke|p1|Enamorus, F|
|poke|p1|Slowking-Galar, M|
|poke|p1|Walking Wake|
|poke|p1|Ninetales, F|
|poke|p1|Weezing-Galar, M|
|poke|p1|Gliscor, F|
|poke|p2|Minior|
|poke|p2|Gholdengo|
|poke|p2|Maushold|
|poke|p2|Ninetales-Alola, F|
|poke|p2|Kyurem|
|poke|p2|Glimmora, F|
|teampreview
|
|t:|1769337903
|teamsize|p1|6
|teamsize|p2|6
|start
|switch|p1a: Gliscor|Gliscor, F|100/100
|switch|p2a: Glimmora|Glimmora, F|100/100
|-item|p2a: Glimmora|Air Balloon
|turn|1
|
|t:|1769337908
|move|p1a: Gliscor|Protect|p1a: Gliscor
|-singleturn|p1a: Gliscor|Protect
|move|p2a: Glimmora|Stealth Rock|p1a: Gliscor
|-sidestart|p1: BiCyn|move: Stealth Rock
|
|-status|p1a: Gliscor|tox|[from] item: Toxic Orb
|upkeep
|turn|2
|
|t:|1769337929
|switch|p2a: Ninetales|Ninetales-Alola, F|100/100
|-weather|Snowscape|[from] ability: Snow Warning|[of] p2a: Ninetales
|switch|p1a: Slowking|Slowking-Galar, M|100/100
|-damage|p1a: Slowking|88/100|[from] Stealth Rock
|
|-weather|Snowscape|[upkeep]
|upkeep
|turn|3
|
|t:|1769337935
|move|p2a: Ninetales|Aurora Veil|p2a: Ninetales
|-sidestart|p2: Leriskato|move: Aurora Veil
|move|p1a: Slowking|Flamethrower|p2a: Ninetales
|-supereffective|p2a: Ninetales
|-damage|p2a: Ninetales|68/100
|
|-weather|Snowscape|[upkeep]
|upkeep
|turn|4
|
|t:|1769337943
|switch|p2a: Minior|Minior|100/100
|-formechange|p2a: Minior|Minior-Meteor||[from] ability: Shields Down
|move|p1a: Slowking|Flamethrower|p2a: Minior
|-resisted|p2a: Minior
|-damage|p2a: Minior|91/100
|
|-weather|Snowscape|[upkeep]
|upkeep
|turn|5
|
|t:|1769337949
|move|p2a: Minior|Shell Smash|p2a: Minior
|-unboost|p2a: Minior|def|1
|-unboost|p2a: Minior|spd|1
|-boost|p2a: Minior|atk|2
|-boost|p2a: Minior|spa|2
|-boost|p2a: Minior|spe|2
|-enditem|p2a: Minior|White Herb
|-clearnegativeboost|p2a: Minior|[silent]
|move|p1a: Slowking|Ice Beam|p2a: Minior
|-supereffective|p2a: Minior
|-damage|p2a: Minior|53/100
|
|-weather|Snowscape|[upkeep]
|upkeep
|turn|6
|
|t:|1769337960
|switch|p1a: Weezing|Weezing-Galar, M|100/100
|-ability|p1a: Weezing|Neutralizing Gas
|move|p2a: Minior|Earthquake|p1a: Weezing
|-supereffective|p1a: Weezing
|-damage|p1a: Weezing|41/100
|
|-weather|none
|upkeep
|turn|7
|
|t:|1769337967
|-terastallize|p1a: Weezing|Flying
|move|p2a: Minior|Earthquake|p1a: Weezing
|-immune|p1a: Weezing
|move|p1a: Weezing|Defog|p2a: Minior
|-unboost|p2a: Minior|evasion|1
|-sideend|p2: Leriskato|move: Aurora Veil
|-sideend|p1: BiCyn|Stealth Rock|[from] move: Defog|[of] p1a: Weezing
|
|upkeep
|turn|8
|
|t:|1769337977
|move|p2a: Minior|Rock Slide|p1a: Weezing
|-supereffective|p1a: Weezing
|-damage|p1a: Weezing|0 fnt
|faint|p1a: Weezing
|-end|p1a: Weezing|ability: Neutralizing Gas
|
|upkeep
|
|t:|1769337983
|switch|p1a: Ninetales|Ninetales, F|100/100
|-weather|SunnyDay|[from] ability: Drought|[of] p1a: Ninetales
|turn|9
|
|t:|1769337989
|move|p2a: Minior|Earthquake|p1a: Ninetales
|-supereffective|p1a: Ninetales
|-crit|p1a: Ninetales
|-damage|p1a: Ninetales|0 fnt
|faint|p1a: Ninetales
|
|-weather|SunnyDay|[upkeep]
|upkeep
|
|t:|1769337990
|switch|p1a: Walking Wake|Walking Wake|100/100
|-activate|p1a: Walking Wake|ability: Protosynthesis
|-start|p1a: Walking Wake|protosynthesisspe
|turn|10
|
|t:|1769337995
|move|p1a: Walking Wake|Draco Meteor|p2a: Minior
|-damage|p2a: Minior|0 fnt
|-unboost|p1a: Walking Wake|spa|2
|faint|p2a: Minior
|
|-weather|SunnyDay|[upkeep]
|upkeep
|
|t:|1769337999
|switch|p2a: Ninetales|Ninetales-Alola, F|68/100
|-weather|Snowscape|[from] ability: Snow Warning|[of] p2a: Ninetales
|-end|p1a: Walking Wake|Protosynthesis
|turn|11
|
|t:|1769338002
|-end|p1a: Walking Wake|Protosynthesis|[silent]
|switch|p1a: Slowking|Slowking-Galar, M|100/100
|move|p2a: Ninetales|Aurora Veil|p2a: Ninetales
|-sidestart|p2: Leriskato|move: Aurora Veil
|
|-weather|Snowscape|[upkeep]
|upkeep
|turn|12
|
|t:|1769338010
|switch|p2a: Maushold|Maushold|100/100
|move|p1a: Slowking|Sludge Bomb|p2a: Maushold
|-damage|p2a: Maushold|69/100
|
|-weather|Snowscape|[upkeep]
|upkeep
|turn|13
|
|t:|1769338015
|switch|p1a: Walking Wake|Walking Wake|100/100
|move|p2a: Maushold|Tidy Up|p2a: Maushold
|-boost|p2a: Maushold|atk|1
|-boost|p2a: Maushold|spe|1
|
|-weather|Snowscape|[upkeep]
|upkeep
|turn|14
|
|t:|1769338022
|move|p2a: Maushold|Population Bomb|p1a: Walking Wake
|-damage|p1a: Walking Wake|84/100
|-damage|p1a: Walking Wake|67/100
|-damage|p1a: Walking Wake|50/100
|-damage|p1a: Walking Wake|32/100
|-damage|p1a: Walking Wake|15/100
|-damage|p1a: Walking Wake|0 fnt
|faint|p1a: Walking Wake
|-end|p1a: Walking Wake|Protosynthesis|[silent]
|-hitcount|p1: Walking Wake|6
|
|-weather|Snowscape|[upkeep]
|upkeep
|
|t:|1769338026
|switch|p1a: Gliscor|Gliscor, F|100/100 tox
|turn|15
|
|t:|1769338034
|move|p2a: Maushold|Population Bomb|p1a: Gliscor|[miss]
|-miss|p2a: Maushold|p1a: Gliscor
|move|p1a: Gliscor|Knock Off|p2a: Maushold
|-damage|p2a: Maushold|52/100
|-enditem|p2a: Maushold|Loaded Dice|[from] move: Knock Off|[of] p1a: Gliscor
|
|-weather|none
|upkeep
|turn|16
|
|t:|1769338038
|move|p2a: Maushold|Population Bomb|p1a: Gliscor
|-crit|p1a: Gliscor
|-damage|p1a: Gliscor|86/100 tox
|-damage|p1a: Gliscor|75/100 tox
|-damage|p1a: Gliscor|66/100 tox
|-damage|p1a: Gliscor|55/100 tox
|-hitcount|p1a: Gliscor|4
|move|p1a: Gliscor|Toxic|p2a: Maushold
|-status|p2a: Maushold|tox
|
|-damage|p2a: Maushold|45/100 tox|[from] psn
|-heal|p1a: Gliscor|68/100 tox|[from] ability: Poison Heal
|upkeep
|turn|17
|
|t:|1769338047
|move|p1a: Gliscor|Protect|p1a: Gliscor
|-singleturn|p1a: Gliscor|Protect
|move|p2a: Maushold|Population Bomb|p1a: Gliscor
|-activate|p1a: Gliscor|move: Protect
|
|-damage|p2a: Maushold|33/100 tox|[from] psn
|-heal|p1a: Gliscor|80/100 tox|[from] ability: Poison Heal
|upkeep
|turn|18
|
|t:|1769338051
|move|p2a: Maushold|Population Bomb|p1a: Gliscor
|-damage|p1a: Gliscor|70/100 tox
|-damage|p1a: Gliscor|59/100 tox
|-damage|p1a: Gliscor|50/100 tox
|-damage|p1a: Gliscor|39/100 tox
|-damage|p1a: Gliscor|28/100 tox
|-damage|p1a: Gliscor|18/100 tox
|-damage|p1a: Gliscor|8/100 tox
|-hitcount|p1a: Gliscor|7
|move|p1a: Gliscor|Earthquake|p2a: Maushold
|-damage|p2a: Maushold|8/100 tox
|
|-damage|p2a: Maushold|0 fnt|[from] psn
|faint|p2a: Maushold
|-heal|p1a: Gliscor|21/100 tox|[from] ability: Poison Heal
|-sideend|p2: Leriskato|move: Aurora Veil
|upkeep
|
|t:|1769338062
|switch|p2a: Ninetales|Ninetales-Alola, F|68/100
|-weather|Snowscape|[from] ability: Snow Warning|[of] p2a: Ninetales
|turn|19
|
|t:|1769338067
|move|p2a: Ninetales|Blizzard|p1a: Gliscor
|-supereffective|p1a: Gliscor
|-damage|p1a: Gliscor|0 fnt
|faint|p1a: Gliscor
|
|-weather|Snowscape|[upkeep]
|upkeep
|
|t:|1769338070
|switch|p1a: Enamorus|Enamorus, F|100/100
|turn|20
|
|t:|1769338073
|move|p1a: Enamorus|Moonblast|p2a: Ninetales
|-damage|p2a: Ninetales|9/100
|move|p2a: Ninetales|Aurora Veil|p2a: Ninetales
|-sidestart|p2: Leriskato|move: Aurora Veil
|
|-weather|Snowscape|[upkeep]
|upkeep
|turn|21
|
|t:|1769338077
|move|p1a: Enamorus|Moonblast|p2a: Ninetales
|-damage|p2a: Ninetales|0 fnt
|faint|p2a: Ninetales
|
|-weather|Snowscape|[upkeep]
|upkeep
|
|t:|1769338081
|switch|p2a: Gholdengo|Gholdengo|100/100
|-item|p2a: Gholdengo|Air Balloon
|turn|22
|
|t:|1769338084
|switch|p1a: Slowking|Slowking-Galar, M|100/100
|move|p2a: Gholdengo|Nasty Plot|p2a: Gholdengo
|-boost|p2a: Gholdengo|spa|2
|
|-weather|Snowscape|[upkeep]
|upkeep
|turn|23
|
|t:|1769338087
|move|p2a: Gholdengo|Shadow Ball|p1a: Slowking
|-supereffective|p1a: Slowking
|-damage|p1a: Slowking|23/100
|move|p1a: Slowking|Flamethrower|p2a: Gholdengo
|-supereffective|p2a: Gholdengo
|-damage|p2a: Gholdengo|68/100
|-enditem|p2a: Gholdengo|Air Balloon
|
|-weather|none
|upkeep
|turn|24
|
|t:|1769338091
|move|p2a: Gholdengo|Shadow Ball|p1a: Slowking
|-supereffective|p1a: Slowking
|-damage|p1a: Slowking|0 fnt
|faint|p1a: Slowking
|
|upkeep
|
|t:|1769338093
|switch|p1a: Enamorus|Enamorus, F|100/100
|turn|25
|
|t:|1769338098
|move|p1a: Enamorus|Moonblast|p2a: Gholdengo
|-resisted|p2a: Gholdengo
|-damage|p2a: Gholdengo|54/100
|-unboost|p2a: Gholdengo|spa|1
|move|p2a: Gholdengo|Make It Rain|p1a: Enamorus
|-supereffective|p1a: Enamorus
|-damage|p1a: Enamorus|0 fnt
|-unboost|p2a: Gholdengo|spa|1
|faint|p1a: Enamorus
|
|win|Leriskato
|raw|BiCyn's rating: 1268 &rarr; <strong>1244</strong><br />(-24 for losing)
|raw|Leriskato's rating: 1276 &rarr; <strong>1300</strong><br />(+24 for winning)
|l|☆BiCyn
|player|p1|
|l|☆Leriskato
|player|p2|
