|j|☆scorpiomoe
|j|☆krookodile fangirl
|t:|1769382391
|gametype|singles
|player|p1|scorpiomoe|102|1155
|player|p2|krookodile fangirl|roughneck|1168
|gen|9
|tier|[Gen 9] OU
|rated|
|rule|HP Percentage Mod: HP is shown in percentages
|rule|Endless Battle Clause: Forcing endless battles is banned
|rule|Species Clause: Limit one of each Pokémon
|rule|OHKO Clause: OHKO moves are banned
|rule|Evasion Items Clause: Evasion items are banned
|rule|Evasion Moves Clause: Evasion moves are banned
|rule|Evasion Abilities Clause: Evasion abilities are banned
|rule|Sleep Moves Clause: Sleep-inducing moves are banned
|clearpoke
|poke|p1|Lumineon, M|
|poke|p1|Glimmora, F|
|poke|p1|Meowscarada, M|
|poke|p1|Pelipper, M|
|poke|p1|Gholdengo|
|poke|p1|Mimikyu, F|
|poke|p2|Krookodile, M|
|poke|p2|Deoxys-Speed|
|poke|p2|Ogerpon-Cornerstone, F|
|poke|p2|Corviknight, F|
|poke|p2|Typhlosion-Hisui, M|
|poke|p2|Araquanid, M|
|teampreview
|inactive|Battle timer is ON: inactive players will automatically lose when time's up. (requested by scorpiomoe)
|
|t:|1769382395
|teamsize|p1|6
|teamsize|p2|6
|start
|switch|p1a: Meowscarada|Meowscarada, M, shiny|100/100
|switch|p2a: THE ALLEGATIONS|Typhlosion-Hisui, M|100/100
|-item|p1a: Meowscarada|Focus Sash|[from] ability: Frisk|[of] p2a: THE ALLEGATIONS
|turn|1
|
|t:|1769382412
|switch|p2a: Majora|Ogerpon-Cornerstone, F|100/100
|move|p1a: Meowscarada|Knock Off|p2a: Majora
|-start|p1a: Meowscarada|typechange|Dark|[from] ability: Protean
|-damage|p2a: Majora|61/100
|
|upkeep
|turn|2
|
|t:|1769382421
|switch|p2a: Slimesicle|Araquanid, M|100/100
|move|p1a: Meowscarada|U-turn|p2a: Slimesicle
|-damage|p2a: Slimesicle|74/100
|
|t:|1769382426
|switch|p1a: Pelipper|Pelipper, M, shiny|100/100|[from] U-turn
|-weather|RainDance|[from] ability: Drizzle|[of] p1a: Pelipper
|
|-weather|RainDance|[upkeep]
|upkeep
|turn|3
|
|t:|1769382432
|switch|p2a: Meta Slave|Corviknight, F|100/100
|-ability|p2a: Meta Slave|Pressure
|move|p1a: Pelipper|Hurricane|p2a: Meta Slave
|-resisted|p2a: Meta Slave
|-damage|p2a: Meta Slave|80/100
|
|-weather|RainDance|[upkeep]
|upkeep
|turn|4
|
|t:|1769382449
|move|p1a: Pelipper|Weather Ball|p2a: Meta Slave
|-damage|p2a: Meta Slave|22/100
|move|p2a: Meta Slave|U-turn|p1a: Pelipper
|-resisted|p1a: Pelipper
|-damage|p1a: Pelipper|91/100
|
|t:|1769382455
|switch|p2a: Invader Zim|Deoxys-Speed, shiny|100/100|[from] U-turn
|-ability|p2a: Invader Zim|Pressure
|
|-weather|RainDance|[upkeep]
|upkeep
|turn|5
|
|t:|1769382466
|move|p2a: Invader Zim|Stealth Rock|p1a: Pelipper
|-sidestart|p1: scorpiomoe|move: Stealth Rock
|move|p1a: Pelipper|U-turn|p2a: Invader Zim
|-supereffective|p2a: Invader Zim
|-damage|p2a: Invader Zim|77/100
|
|t:|1769382473
|switch|p1a: Glimmora|Glimmora, F, shiny|100/100|[from] U-turn
|-damage|p1a: Glimmora|88/100|[from] Stealth Rock
|
|-weather|RainDance|[upkeep]
|upkeep
|turn|6
|
|t:|1769382479
|-terastallize|p1a: Glimmora|Flying
|move|p2a: Invader Zim|Taunt|p1a: Glimmora
|-start|p1a: Glimmora|move: Taunt
|move|p1a: Glimmora|Mortal Spin|p2a: Invader Zim
|-damage|p2a: Invader Zim|69/100
|-status|p2a: Invader Zim|psn
|-sideend|p1: scorpiomoe|Stealth Rock|[from] move: Mortal Spin|[of] p1a: Glimmora
|
|-weather|RainDance|[upkeep]
|-damage|p2a: Invader Zim|57/100 psn|[from] psn
|upkeep
|turn|7
|
|t:|1769382494
|move|p2a: Invader Zim|Ice Beam|p1a: Glimmora
|-supereffective|p1a: Glimmora
|-damage|p1a: Glimmora|15/100
|move|p1a: Glimmora|Tera Blast|p2a: Invader Zim|[anim] Tera Blast Flying
|-damage|p2a: Invader Zim|11/100 psn
|
|-weather|RainDance|[upkeep]
|-damage|p2a: Invader Zim|0 fnt|[from] psn
|faint|p2a: Invader Zim
|upkeep
|
|t:|1769382507
|switch|p2a: The Janitor|Krookodile, M|100/100
|turn|8
|
|t:|1769382526
|move|p2a: The Janitor|Scale Shot|p1a: Glimmora
|-damage|p1a: Glimmora|9/100
|-activate|p1a: Glimmora|ability: Toxic Debris
|-sidestart|p2: krookodile fangirl|move: Toxic Spikes
|-damage|p1a: Glimmora|3/100
|-activate|p1a: Glimmora|ability: Toxic Debris
|-sidestart|p2: krookodile fangirl|move: Toxic Spikes
|-damage|p1a: Glimmora|0 fnt
|faint|p1a: Glimmora
|-ability|p2a: The Janitor|Moxie|boost
|-boost|p2a: The Janitor|atk|1
|-hitcount|p1: Glimmora|3
|-unboost|p2a: The Janitor|def|1
|-boost|p2a: The Janitor|spe|1
|
|-weather|RainDance|[upkeep]
|upkeep
|
|t:|1769382535
|switch|p1a: Lumineon|Lumineon, M, shiny|100/100
|turn|9
|
|t:|1769382557
|switch|p2a: Slimesicle|Araquanid, M|74/100
|-status|p2a: Slimesicle|tox
|move|p1a: Lumineon|Hydro Pump|p2a: Slimesicle
|-resisted|p2a: Slimesicle
|-crit|p2a: Slimesicle
|-damage|p2a: Slimesicle|52/100 tox
|
|-weather|none
|-damage|p2a: Slimesicle|46/100 tox|[from] psn
|upkeep
|turn|10
|l|☆krookodile fangirl
|inactive|krookodile fangirl disconnected and has a minute to reconnect!
|player|p2|
|j|☆krookodile fangirl
|inactive|krookodile fangirl reconnected.
|player|p2|krookodile fangirl|roughneck|
|inactive|scorpiomoe has 120 seconds left.
|
|t:|1769382590
|move|p1a: Lumineon|Agility|p1a: Lumineon
|-boost|p1a: Lumineon|spe|2
|move|p2a: Slimesicle|Leech Life|p1a: Lumineon
|-damage|p1a: Lumineon|57/100
|-heal|p2a: Slimesicle|65/100 tox|[from] drain|[of] p1a: Lumineon
|
|-heal|p1a: Lumineon|64/100|[from] item: Leftovers
|-damage|p2a: Slimesicle|53/100 tox|[from] psn
|upkeep
|turn|11
|inactive|scorpiomoe has 120 seconds left.
|
|t:|1769382605
|switch|p2a: Majora|Ogerpon-Cornerstone, F|61/100
|-status|p2a: Majora|tox
|move|p1a: Lumineon|Alluring Voice|p2a: Majora
|-damage|p2a: Majora|39/100 tox
|
|-heal|p1a: Lumineon|70/100|[from] item: Leftovers
|-damage|p2a: Majora|33/100 tox|[from] psn
|upkeep
|turn|12
|-message|krookodile fangirl forfeited.
|
|win|scorpiomoe
|raw|scorpiomoe's rating: 1155 &rarr; <strong>1181</strong><br />(+26 for winning)
|raw|krookodile fangirl's rating: 1168 &rarr; <strong>1142</strong><br />(-26 for losing)
|l|☆krookodile fangirl
|player|p2|
|l|☆scorpiomoe
|player|p1|
