|j|☆Dat boii fam
|j|☆Luggggggi
|t:|1769341831
|gametype|singles
|player|p1|Dat boii fam|li|1258
|player|p2|Luggggggi|n|1233
|gen|9
|tier|[Gen 9] OU
|rated|
|rule|HP Percentage Mod: HP is shown in percentages
|rule|Endless Battle Clause: Forcing endless battles is banned
|rule|Species Clause: Limit one of each Pokémon
|rule|OHKO Clause: OHKO moves are banned
|rule|Evasion Items Clause: Evasion items are banned
|rule|Evasion Moves Clause: Evasion moves are banned
|rule|Evasion Abilities Clause: Evasion abilities are banned
|rule|Sleep Moves Clause: Sleep-inducing moves are banned
|clearpoke
|poke|p1|Hippowdon, F|
|poke|p1|Sandslash, F|
|poke|p1|Excadrill, M|
|poke|p1|Tyranitar, M|
|poke|p1|Gliscor, M|
|poke|p1|Deoxys-Defense|
|poke|p2|Gholdengo|
|poke|p2|Tyranitar, M|
|poke|p2|Kyurem|
|poke|p2|Moltres|
|poke|p2|Iron Treads|
|poke|p2|Landorus-Therian, M|
|teampreview
|inactive|Battle timer is ON: inactive players will automatically lose when time's up. (requested by Luggggggi)
|
|t:|1769341856
|teamsize|p1|6
|teamsize|p2|6
|start
|switch|p1a: Deoxys|Deoxys-Defense|100/100
|switch|p2a: Landorus|Landorus-Therian, M|100/100
|-ability|p2a: Landorus|Intimidate|boost
|-unboost|p1a: Deoxys|atk|1
|-ability|p1a: Deoxys|Pressure
|turn|1
|
|t:|1769341870
|switch|p1a: Hippowdon|Hippowdon, F|100/100
|-weather|Sandstorm|[from] ability: Sand Stream|[of] p1a: Hippowdon
|move|p2a: Landorus|Taunt|p1a: Hippowdon
|-start|p1a: Hippowdon|move: Taunt
|
|-weather|Sandstorm|[upkeep]
|upkeep
|turn|2
|
|t:|1769341889
|switch|p1a: Gliscor|Gliscor, M|100/100
|move|p2a: Landorus|Stealth Rock|p1a: Gliscor
|-sidestart|p1: Dat boii fam|move: Stealth Rock
|
|-weather|Sandstorm|[upkeep]
|-status|p1a: Gliscor|tox|[from] item: Toxic Orb
|upkeep
|turn|3
|
|t:|1769341896
|move|p2a: Landorus|Taunt|p1a: Gliscor
|-start|p1a: Gliscor|move: Taunt
|move|p1a: Gliscor|Knock Off|p2a: Landorus
|-damage|p2a: Landorus|76/100
|-damage|p1a: Gliscor|84/100 tox|[from] item: Rocky Helmet|[of] p2a: Landorus
|-enditem|p2a: Landorus|Rocky Helmet|[from] move: Knock Off|[of] p1a: Gliscor
|
|-weather|Sandstorm|[upkeep]
|-heal|p1a: Gliscor|96/100 tox|[from] ability: Poison Heal
|upkeep
|turn|4
|
|t:|1769341907
|move|p2a: Landorus|U-turn|p1a: Gliscor
|-resisted|p1a: Gliscor
|-damage|p1a: Gliscor|89/100 tox
|
|t:|1769341914
|switch|p2a: Iron Treads|Iron Treads|100/100|[from] U-turn
|move|p1a: Gliscor|Facade|p2a: Iron Treads
|-resisted|p2a: Iron Treads
|-damage|p2a: Iron Treads|87/100
|
|-weather|Sandstorm|[upkeep]
|-heal|p2a: Iron Treads|93/100|[from] item: Leftovers
|-heal|p1a: Gliscor|100/100 tox|[from] ability: Poison Heal
|upkeep
|turn|5
|
|t:|1769341926
|move|p2a: Iron Treads|Ice Spinner|p1a: Gliscor
|-supereffective|p1a: Gliscor
|-damage|p1a: Gliscor|34/100 tox
|move|p1a: Gliscor|Knock Off|p2a: Iron Treads
|-damage|p2a: Iron Treads|73/100
|-enditem|p2a: Iron Treads|Leftovers|[from] move: Knock Off|[of] p1a: Gliscor
|
|-weather|Sandstorm|[upkeep]
|-heal|p1a: Gliscor|47/100 tox|[from] ability: Poison Heal
|-end|p1a: Gliscor|move: Taunt
|upkeep
|turn|6
|
|t:|1769341937
|move|p1a: Gliscor|Protect|p1a: Gliscor
|-singleturn|p1a: Gliscor|Protect
|move|p2a: Iron Treads|Ice Spinner|p1a: Gliscor
|-activate|p1a: Gliscor|move: Protect
|
|-weather|Sandstorm|[upkeep]
|-heal|p1a: Gliscor|59/100 tox|[from] ability: Poison Heal
|upkeep
|turn|7
|
|t:|1769341946
|switch|p1a: Deoxys|Deoxys-Defense|100/100
|-damage|p1a: Deoxys|88/100|[from] Stealth Rock
|-ability|p1a: Deoxys|Pressure
|move|p2a: Iron Treads|Ice Spinner|p1a: Deoxys
|-damage|p1a: Deoxys|76/100
|
|-weather|Sandstorm|[upkeep]
|-damage|p1a: Deoxys|70/100|[from] Sandstorm
|upkeep
|turn|8
|
|t:|1769341962
|move|p2a: Iron Treads|Knock Off|p1a: Deoxys
|-supereffective|p1a: Deoxys
|-damage|p1a: Deoxys|41/100
|-enditem|p1a: Deoxys|Light Clay|[from] move: Knock Off|[of] p2a: Iron Treads
|move|p1a: Deoxys|Reflect|p1a: Deoxys
|-sidestart|p1: Dat boii fam|Reflect
|
|-weather|none
|upkeep
|turn|9
|
|t:|1769341983
|move|p2a: Iron Treads|Earthquake|p1a: Deoxys
|-damage|p1a: Deoxys|31/100
|move|p1a: Deoxys|Recover|p1a: Deoxys
|-heal|p1a: Deoxys|81/100
|
|upkeep
|turn|10
|
|t:|1769341992
|-end|p2a: Iron Treads|Quark Drive|[silent]
|switch|p2a: Kyurem|Kyurem|100/100
|-ability|p2a: Kyurem|Pressure
|move|p1a: Deoxys|Light Screen|p1a: Deoxys
|-sidestart|p1: Dat boii fam|move: Light Screen
|
|upkeep
|turn|11
|
|t:|1769342001
|move|p2a: Kyurem|Dragon Dance|p2a: Kyurem
|-boost|p2a: Kyurem|atk|1
|-boost|p2a: Kyurem|spe|1
|move|p1a: Deoxys|Psychic Noise|p2a: Kyurem
|-damage|p2a: Kyurem|83/100
|-start|p2a: Kyurem|move: Heal Block
|
|upkeep
|turn|12
|
|t:|1769342024
|move|p2a: Kyurem|Dragon Dance|p2a: Kyurem
|-boost|p2a: Kyurem|atk|1
|-boost|p2a: Kyurem|spe|1
|move|p1a: Deoxys|Psychic Noise|p2a: Kyurem
|-damage|p2a: Kyurem|64/100
|
|-end|p2a: Kyurem|move: Heal Block
|-sideend|p1: Dat boii fam|Reflect
|upkeep
|turn|13
|
|t:|1769342033
|move|p2a: Kyurem|Icicle Spear|p1a: Deoxys
|-damage|p1a: Deoxys|63/100
|-damage|p1a: Deoxys|45/100
|-damage|p1a: Deoxys|26/100
|-hitcount|p1a: Deoxys|3
|move|p1a: Deoxys|Reflect|p1a: Deoxys
|-sidestart|p1: Dat boii fam|Reflect
|
|upkeep
|turn|14
|
|t:|1769342043
|move|p2a: Kyurem|Dragon Dance|p2a: Kyurem
|-boost|p2a: Kyurem|atk|1
|-boost|p2a: Kyurem|spe|1
|move|p1a: Deoxys|Recover|p1a: Deoxys
|-heal|p1a: Deoxys|76/100
|
|-sideend|p1: Dat boii fam|move: Light Screen
|upkeep
|turn|15
|
|t:|1769342052
|move|p2a: Kyurem|Icicle Spear|p1a: Deoxys
|-damage|p1a: Deoxys|65/100
|-damage|p1a: Deoxys|55/100
|-damage|p1a: Deoxys|45/100
|-damage|p1a: Deoxys|34/100
|-hitcount|p1a: Deoxys|4
|move|p1a: Deoxys|Psychic Noise|p2a: Kyurem
|-crit|p2a: Kyurem
|-damage|p2a: Kyurem|39/100
|-start|p2a: Kyurem|move: Heal Block
|
|upkeep
|turn|16
|
|t:|1769342066
|move|p2a: Kyurem|Icicle Spear|p1a: Deoxys
|-damage|p1a: Deoxys|22/100
|-damage|p1a: Deoxys|12/100
|-damage|p1a: Deoxys|0 fnt
|faint|p1a: Deoxys
|-hitcount|p1: Deoxys|3
|
|-end|p2a: Kyurem|move: Heal Block
|upkeep
|
|t:|1769342086
|switch|p1a: Hippowdon|Hippowdon, F|100/100
|-damage|p1a: Hippowdon|94/100|[from] Stealth Rock
|-weather|Sandstorm|[from] ability: Sand Stream|[of] p1a: Hippowdon
|turn|17
|
|t:|1769342092
|move|p2a: Kyurem|Icicle Spear|p1a: Hippowdon
|-supereffective|p1a: Hippowdon
|-crit|p1a: Hippowdon
|-damage|p1a: Hippowdon|35/100
|-supereffective|p1a: Hippowdon
|-damage|p1a: Hippowdon|17/100
|-supereffective|p1a: Hippowdon
|-damage|p1a: Hippowdon|0 fnt
|faint|p1a: Hippowdon
|-hitcount|p1: Hippowdon|3
|
|-weather|Sandstorm|[upkeep]
|-damage|p2a: Kyurem|32/100|[from] Sandstorm
|-sideend|p1: Dat boii fam|Reflect
|upkeep
|-message|Dat boii fam forfeited.
|
|win|Luggggggi
|raw|Dat boii fam's rating: 1258 &rarr; <strong>1231</strong><br />(-27 for losing)
|raw|Luggggggi's rating: 1233 &rarr; <strong>1260</strong><br />(+27 for winning)
|l|☆Dat boii fam
|player|p1|
|l|☆Luggggggi
|player|p2|
