|j|☆ghighas
|j|☆StarLi
|t:|1769407220
|gametype|singles
|player|p1|ghighas|ghetsis|1432
|player|p2|StarLi|iono|1358
|gen|9
|tier|[Gen 9] OU
|rated|
|rule|HP Percentage Mod: HP is shown in percentages
|rule|Endless Battle Clause: Forcing endless battles is banned
|rule|Species Clause: Limit one of each Pokémon
|rule|OHKO Clause: OHKO moves are banned
|rule|Evasion Items Clause: Evasion items are banned
|rule|Evasion Moves Clause: Evasion moves are banned
|rule|Evasion Abilities Clause: Evasion abilities are banned
|rule|Sleep Moves Clause: Sleep-inducing moves are banned
|clearpoke
|poke|p1|Barraskewda, F|
|poke|p1|Pelipper, M|
|poke|p1|Dondozo, F|
|poke|p1|Goodra-Hisui, F|
|poke|p1|Ogerpon-Wellspring, F|
|poke|p1|Great Tusk|
|poke|p2|Grimmsnarl, M|
|poke|p2|Iron Treads|
|poke|p2|Ceruledge, F|
|poke|p2|Iron Valiant|
|poke|p2|Ogerpon-Wellspring, F|
|poke|p2|Zapdos|
|teampreview
|inactive|Battle timer is ON: inactive players will automatically lose when time's up. (requested by ghighas)
|
|t:|1769407239
|teamsize|p1|6
|teamsize|p2|6
|start
|switch|p1a: Pelipper|Pelipper, M|100/100
|switch|p2a: Zapdos|Zapdos|100/100
|-weather|RainDance|[from] ability: Drizzle|[of] p1a: Pelipper
|turn|1
|
|t:|1769407244
|switch|p1a: Goodra|Goodra-Hisui, F|100/100
|move|p2a: Zapdos|Hurricane|p1a: Goodra
|-resisted|p1a: Goodra
|-damage|p1a: Goodra|83/100
|
|-weather|RainDance|[upkeep]
|upkeep
|turn|2
|
|t:|1769407254
|move|p2a: Zapdos|Volt Switch|p1a: Goodra
|-resisted|p1a: Goodra
|-damage|p1a: Goodra|71/100
|
|t:|1769407259
|switch|p2a: Grimmsnarl|Grimmsnarl, M|100/100|[from] Volt Switch
|move|p1a: Goodra|Flash Cannon|p2a: Grimmsnarl
|-supereffective|p2a: Grimmsnarl
|-damage|p2a: Grimmsnarl|20/100
|
|-weather|RainDance|[upkeep]
|upkeep
|turn|3
|
|t:|1769407267
|move|p2a: Grimmsnarl|Low Kick|p1a: Goodra
|-supereffective|p1a: Goodra
|-damage|p1a: Goodra|0 fnt
|faint|p1a: Goodra
|
|-weather|RainDance|[upkeep]
|upkeep
|
|t:|1769407285
|switch|p1a: Great Tusk|Great Tusk|100/100
|turn|4
|
|t:|1769407290
|move|p2a: Grimmsnarl|Reflect|p2a: Grimmsnarl
|-sidestart|p2: StarLi|Reflect
|move|p1a: Great Tusk|Earthquake|p2a: Grimmsnarl
|-crit|p2a: Grimmsnarl
|-damage|p2a: Grimmsnarl|0 fnt
|faint|p2a: Grimmsnarl
|
|-weather|RainDance|[upkeep]
|upkeep
|
|t:|1769407300
|switch|p2a: Iron Treads|Iron Treads|100/100
|-enditem|p2a: Iron Treads|Booster Energy
|-activate|p2a: Iron Treads|ability: Quark Drive|[fromitem]
|-start|p2a: Iron Treads|quarkdrivespe
|turn|5
|
|t:|1769407314
|move|p2a: Iron Treads|Steel Beam|p1a: Great Tusk
|-damage|p1a: Great Tusk|56/100
|-damage|p2a: Iron Treads|50/100|[from] steelbeam
|move|p1a: Great Tusk|Stealth Rock|p2a: Iron Treads
|-sidestart|p2: StarLi|move: Stealth Rock
|
|-weather|RainDance|[upkeep]
|upkeep
|turn|6
|
|t:|1769407318
|move|p2a: Iron Treads|Rapid Spin|p1a: Great Tusk
|-damage|p1a: Great Tusk|49/100
|-boost|p2a: Iron Treads|spe|1
|-sideend|p2: StarLi|Stealth Rock|[from] move: Rapid Spin|[of] p2a: Iron Treads
|move|p1a: Great Tusk|Earthquake|p2a: Iron Treads
|-supereffective|p2a: Iron Treads
|-crit|p2a: Iron Treads
|-damage|p2a: Iron Treads|0 fnt
|faint|p2a: Iron Treads
|-end|p2a: Iron Treads|Quark Drive|[silent]
|
|-weather|RainDance|[upkeep]
|upkeep
|
|t:|1769407340
|switch|p2a: Ceruledge|Ceruledge, F|100/100
|turn|7
|
|t:|1769407346
|-terastallize|p2a: Ceruledge|Ghost
|move|p2a: Ceruledge|Swords Dance|p2a: Ceruledge
|-boost|p2a: Ceruledge|atk|2
|move|p1a: Great Tusk|Knock Off|p2a: Ceruledge
|-supereffective|p2a: Ceruledge
|-damage|p2a: Ceruledge|59/100
|-ability|p2a: Ceruledge|Weak Armor|boost
|-unboost|p2a: Ceruledge|def|1
|-boost|p2a: Ceruledge|spe|2
|-enditem|p2a: Ceruledge|Life Orb|[from] move: Knock Off|[of] p1a: Great Tusk
|
|-weather|RainDance|[upkeep]
|upkeep
|turn|8
|
|t:|1769407368
|move|p2a: Ceruledge|Bitter Blade|p1a: Great Tusk
|-damage|p1a: Great Tusk|19/100
|-heal|p2a: Ceruledge|80/100|[from] drain|[of] p1a: Great Tusk
|move|p1a: Great Tusk|Stealth Rock|p2a: Ceruledge
|-sidestart|p2: StarLi|move: Stealth Rock
|
|-weather|none
|upkeep
|turn|9
|
|t:|1769407377
|-end|p1a: Great Tusk|Protosynthesis|[silent]
|switch|p1a: Pelipper|Pelipper, M|100/100
|-weather|RainDance|[from] ability: Drizzle|[of] p1a: Pelipper
|move|p2a: Ceruledge|Bitter Blade|p1a: Pelipper
|-resisted|p1a: Pelipper
|-damage|p1a: Pelipper|77/100
|-heal|p2a: Ceruledge|92/100|[from] drain|[of] p1a: Pelipper
|
|-weather|RainDance|[upkeep]
|upkeep
|turn|10
|
|t:|1769407380
|move|p2a: Ceruledge|Poltergeist|p1a: Pelipper
|-activate|p1a: Pelipper|move: Poltergeist|Damp Rock
|-damage|p1a: Pelipper|0 fnt
|faint|p1a: Pelipper
|
|-weather|RainDance|[upkeep]
|upkeep
|
|t:|1769407386
|switch|p1a: Barraskewda|Barraskewda, F, shiny|100/100
|turn|11
|
|t:|1769407392
|move|p1a: Barraskewda|Aqua Jet|p2a: Ceruledge
|-damage|p2a: Ceruledge|44/100
|-ability|p2a: Ceruledge|Weak Armor|boost
|-unboost|p2a: Ceruledge|def|1
|-boost|p2a: Ceruledge|spe|2
|move|p2a: Ceruledge|Poltergeist|p1a: Barraskewda|[miss]
|-miss|p2a: Ceruledge|p1a: Barraskewda
|
|-weather|RainDance|[upkeep]
|-sideend|p2: StarLi|Reflect
|upkeep
|turn|12
|
|t:|1769407405
|move|p2a: Ceruledge|Shadow Sneak|p1a: Barraskewda
|-damage|p1a: Barraskewda|0 fnt
|faint|p1a: Barraskewda
|
|-weather|RainDance|[upkeep]
|upkeep
|
|t:|1769407411
|switch|p1a: Dondozo|Dondozo, F|100/100
|turn|13
|
|t:|1769407414
|move|p2a: Ceruledge|Poltergeist|p1a: Dondozo
|-activate|p1a: Dondozo|move: Poltergeist|Leftovers
|-damage|p1a: Dondozo|65/100
|move|p1a: Dondozo|Wave Crash|p2a: Ceruledge
|-damage|p2a: Ceruledge|0 fnt
|faint|p2a: Ceruledge
|-damage|p1a: Dondozo|56/100|[from] Recoil
|
|-weather|RainDance|[upkeep]
|-heal|p1a: Dondozo|62/100|[from] item: Leftovers
|upkeep
|
|t:|1769407421
|switch|p2a: Zapdos|Zapdos|100/100
|turn|14
|
|t:|1769407425
|switch|p1a: Great Tusk|Great Tusk|19/100
|move|p2a: Zapdos|Hurricane|p1a: Great Tusk
|-supereffective|p1a: Great Tusk
|-damage|p1a: Great Tusk|0 fnt
|faint|p1a: Great Tusk
|-end|p1a: Great Tusk|Protosynthesis|[silent]
|
|-weather|RainDance|[upkeep]
|upkeep
|
|t:|1769407428
|switch|p1a: Ogerpon|Ogerpon-Wellspring, F|100/100
|turn|15
|
|t:|1769407433
|move|p1a: Ogerpon|Knock Off|p2a: Zapdos
|-damage|p2a: Zapdos|65/100
|-status|p1a: Ogerpon|par|[from] ability: Static|[of] p2a: Zapdos
|-enditem|p2a: Zapdos|Heavy-Duty Boots|[from] move: Knock Off|[of] p1a: Ogerpon
|move|p2a: Zapdos|Volt Switch|p1a: Ogerpon
|-damage|p1a: Ogerpon|54/100 par
|
|t:|1769407438
|switch|p2a: Ogerpon|Ogerpon-Wellspring, F|100/100|[from] Volt Switch
|-damage|p2a: Ogerpon|88/100|[from] Stealth Rock
|
|-weather|RainDance|[upkeep]
|upkeep
|turn|16
|
|t:|1769407460
|move|p2a: Ogerpon|Play Rough|p1a: Ogerpon
|-damage|p1a: Ogerpon|4/100 par
|move|p1a: Ogerpon|Horn Leech|p2a: Ogerpon
|-damage|p2a: Ogerpon|26/100
|-heal|p1a: Ogerpon|35/100 par|[from] drain|[of] p2a: Ogerpon
|
|-weather|none
|upkeep
|turn|17
|
|t:|1769407466
|move|p2a: Ogerpon|Trailblaze|p1a: Ogerpon
|-damage|p1a: Ogerpon|0 fnt
|-boost|p2a: Ogerpon|spe|1
|faint|p1a: Ogerpon
|
|upkeep
|
|t:|1769407467
|switch|p1a: Dondozo|Dondozo, F|62/100
|turn|18
|
|t:|1769407469
|move|p2a: Ogerpon|Trailblaze|p1a: Dondozo
|-supereffective|p1a: Dondozo
|-damage|p1a: Dondozo|32/100
|-boost|p2a: Ogerpon|spe|1
|move|p1a: Dondozo|Curse|p1a: Dondozo
|-unboost|p1a: Dondozo|spe|1
|-boost|p1a: Dondozo|atk|1
|-boost|p1a: Dondozo|def|1
|
|-heal|p1a: Dondozo|38/100|[from] item: Leftovers
|upkeep
|turn|19
|
|t:|1769407475
|move|p2a: Ogerpon|Trailblaze|p1a: Dondozo
|-supereffective|p1a: Dondozo
|-damage|p1a: Dondozo|21/100
|-boost|p2a: Ogerpon|spe|1
|move|p1a: Dondozo|Curse|p1a: Dondozo
|-unboost|p1a: Dondozo|spe|1
|-boost|p1a: Dondozo|atk|1
|-boost|p1a: Dondozo|def|1
|
|-heal|p1a: Dondozo|27/100|[from] item: Leftovers
|upkeep
|turn|20
|
|t:|1769407484
|switch|p2a: Iron Valiant|Iron Valiant|100/100
|-damage|p2a: Iron Valiant|94/100|[from] Stealth Rock
|-terastallize|p1a: Dondozo|Fighting
|move|p1a: Dondozo|Rest|p1a: Dondozo
|-status|p1a: Dondozo|slp|[from] move: Rest
|-heal|p1a: Dondozo|100/100 slp|[silent]
|
|upkeep
|turn|21
|
|t:|1769407486
|move|p2a: Iron Valiant|Trick|p1a: Dondozo
|-activate|p2a: Iron Valiant|move: Trick|[of] p1a: Dondozo
|-item|p1a: Dondozo|Choice Specs|[from] move: Trick
|-item|p2a: Iron Valiant|Leftovers|[from] move: Trick
|cant|p1a: Dondozo|slp
|
|-heal|p2a: Iron Valiant|100/100|[from] item: Leftovers
|upkeep
|turn|22
|
|t:|1769407490
|move|p2a: Iron Valiant|Moonblast|p1a: Dondozo
|-supereffective|p1a: Dondozo
|-damage|p1a: Dondozo|17/100 slp
|cant|p1a: Dondozo|slp
|
|upkeep
|turn|23
|
|t:|1769407492
|move|p2a: Iron Valiant|Moonblast|p1a: Dondozo
|-supereffective|p1a: Dondozo
|-damage|p1a: Dondozo|0 fnt
|faint|p1a: Dondozo
|
|win|StarLi
|raw|ghighas's rating: 1450 &rarr; <strong>1425</strong><br />(-25 for losing)
|raw|StarLi's rating: 1358 &rarr; <strong>1383</strong><br />(+25 for winning)
|l|☆ghighas
|player|p1|
