|j|☆Aragon_Neotrix
|j|☆tasber
|t:|1769434483
|gametype|singles
|player|p1|Aragon_Neotrix|cheren-gen5bw2|1200
|player|p2|tasber|170|1208
|gen|9
|tier|[Gen 9] OU
|rated|
|rule|HP Percentage Mod: HP is shown in percentages
|rule|Endless Battle Clause: Forcing endless battles is banned
|rule|Species Clause: Limit one of each Pokémon
|rule|OHKO Clause: OHKO moves are banned
|rule|Evasion Items Clause: Evasion items are banned
|rule|Evasion Moves Clause: Evasion moves are banned
|rule|Evasion Abilities Clause: Evasion abilities are banned
|rule|Sleep Moves Clause: Sleep-inducing moves are banned
|clearpoke
|poke|p1|Dunsparce, F|
|poke|p1|Hawlucha, M|
|poke|p1|Florges, F|
|poke|p1|Feraligatr, M|
|poke|p1|Talonflame, F|
|poke|p1|Glimmora, F|
|poke|p2|Garganacl, M|
|poke|p2|Skeledirge, F|
|poke|p2|Landorus-Therian, M|
|poke|p2|Heatran, M|
|poke|p2|Slowking-Galar, F|
|poke|p2|Kingambit, M|
|teampreview
|
|t:|1769434498
|teamsize|p1|6
|teamsize|p2|6
|start
|switch|p1a: Dynaon|Glimmora, F|100/100
|switch|p2a: Landorus|Landorus-Therian, M|100/100
|-ability|p2a: Landorus|Intimidate|boost
|-unboost|p1a: Dynaon|atk|1
|turn|1
|
|t:|1769434502
|switch|p1a: Talonflame|Talonflame, F|100/100
|move|p2a: Landorus|Earthquake|p1a: Talonflame
|-immune|p1a: Talonflame
|
|upkeep
|turn|2
|
|t:|1769434504
|move|p1a: Talonflame|Hurricane|p2a: Landorus
|-damage|p2a: Landorus|25/100
|move|p2a: Landorus|Stone Edge|p1a: Talonflame
|-supereffective|p1a: Talonflame
|-crit|p1a: Talonflame
|-damage|p1a: Talonflame|0 fnt
|faint|p1a: Talonflame
|
|upkeep
|
|t:|1769434534
|switch|p1a: Hawlucha|Hawlucha, M|100/100
|-ability|p1a: Hawlucha|Mold Breaker
|turn|3
|
|t:|1769434540
|move|p1a: Hawlucha|Fire Punch|p2a: Landorus
|-damage|p2a: Landorus|9/100
|-damage|p1a: Hawlucha|84/100|[from] item: Rocky Helmet|[of] p2a: Landorus
|move|p2a: Landorus|Stealth Rock|p1a: Hawlucha
|-sidestart|p1: Aragon_Neotrix|move: Stealth Rock
|
|upkeep
|turn|4
|
|t:|1769434549
|switch|p2a: Heatran|Heatran, M|100/100
|move|p1a: Hawlucha|Fire Punch|p2a: Heatran
|-damage|p2a: Heatran|80/100
|
|-heal|p2a: Heatran|86/100|[from] item: Leftovers
|upkeep
|turn|5
|
|t:|1769434577
|switch|p2a: Landorus|Landorus-Therian, M|9/100
|-ability|p2a: Landorus|Intimidate|boost
|-unboost|p1a: Hawlucha|atk|1
|move|p1a: Hawlucha|Close Combat|p2a: Landorus
|-resisted|p2a: Landorus
|-damage|p2a: Landorus|0 fnt
|-unboost|p1a: Hawlucha|def|1
|-unboost|p1a: Hawlucha|spd|1
|-damage|p1a: Hawlucha|68/100|[from] item: Rocky Helmet|[of] p2a: Landorus
|faint|p2a: Landorus
|
|upkeep
|
|t:|1769434593
|switch|p2a: Skeledirge|Skeledirge, F|100/100
|turn|6
|
|t:|1769434609
|switch|p1a: Dunsparce|Dunsparce, F|100/100
|-damage|p1a: Dunsparce|88/100|[from] Stealth Rock
|move|p2a: Skeledirge|Will-O-Wisp|p1a: Dunsparce
|-status|p1a: Dunsparce|brn
|
|-damage|p1a: Dunsparce|82/100 brn|[from] brn
|upkeep
|turn|7
|
|t:|1769434623
|move|p2a: Skeledirge|Torch Song|p1a: Dunsparce
|-damage|p1a: Dunsparce|62/100 brn
|-boost|p2a: Skeledirge|spa|1
|move|p1a: Dunsparce|Toxic|p2a: Skeledirge
|-status|p2a: Skeledirge|tox
|
|-damage|p2a: Skeledirge|94/100 tox|[from] psn
|-damage|p1a: Dunsparce|56/100 brn|[from] brn
|upkeep
|turn|8
|
|t:|1769434629
|move|p2a: Skeledirge|Torch Song|p1a: Dunsparce
|-damage|p1a: Dunsparce|28/100 brn
|-boost|p2a: Skeledirge|spa|1
|move|p1a: Dunsparce|Roost|p1a: Dunsparce
|-heal|p1a: Dunsparce|78/100 brn
|-singleturn|p1a: Dunsparce|move: Roost
|
|-damage|p2a: Skeledirge|82/100 tox|[from] psn
|-damage|p1a: Dunsparce|72/100 brn|[from] brn
|upkeep
|turn|9
|
|t:|1769434636
|move|p2a: Skeledirge|Torch Song|p1a: Dunsparce
|-damage|p1a: Dunsparce|37/100 brn
|-boost|p2a: Skeledirge|spa|1
|move|p1a: Dunsparce|Roost|p1a: Dunsparce
|-heal|p1a: Dunsparce|87/100 brn
|-singleturn|p1a: Dunsparce|move: Roost
|
|-damage|p2a: Skeledirge|64/100 tox|[from] psn
|-damage|p1a: Dunsparce|81/100 brn|[from] brn
|upkeep
|turn|10
|
|t:|1769434640
|move|p2a: Skeledirge|Torch Song|p1a: Dunsparce
|-damage|p1a: Dunsparce|36/100 brn
|-boost|p2a: Skeledirge|spa|1
|move|p1a: Dunsparce|Roost|p1a: Dunsparce
|-heal|p1a: Dunsparce|86/100 brn
|-singleturn|p1a: Dunsparce|move: Roost
|
|-damage|p2a: Skeledirge|40/100 tox|[from] psn
|-damage|p1a: Dunsparce|80/100 brn|[from] brn
|upkeep
|turn|11
|
|t:|1769434648
|move|p2a: Skeledirge|Torch Song|p1a: Dunsparce
|-damage|p1a: Dunsparce|26/100 brn
|-boost|p2a: Skeledirge|spa|1
|move|p1a: Dunsparce|Roost|p1a: Dunsparce
|-heal|p1a: Dunsparce|76/100 brn
|-singleturn|p1a: Dunsparce|move: Roost
|
|-damage|p2a: Skeledirge|9/100 tox|[from] psn
|-damage|p1a: Dunsparce|70/100 brn|[from] brn
|upkeep
|turn|12
|
|t:|1769434653
|move|p2a: Skeledirge|Torch Song|p1a: Dunsparce
|-damage|p1a: Dunsparce|9/100 brn
|-boost|p2a: Skeledirge|spa|1
|move|p1a: Dunsparce|Roost|p1a: Dunsparce
|-heal|p1a: Dunsparce|59/100 brn
|-singleturn|p1a: Dunsparce|move: Roost
|
|-damage|p2a: Skeledirge|0 fnt|[from] psn
|faint|p2a: Skeledirge
|-damage|p1a: Dunsparce|52/100 brn|[from] brn
|upkeep
|
|t:|1769434662
|switch|p2a: Garganacl|Garganacl, M|100/100
|turn|13
|
|t:|1769434682
|move|p1a: Dunsparce|Roost|p1a: Dunsparce
|-heal|p1a: Dunsparce|100/100 brn
|-singleturn|p1a: Dunsparce|move: Roost
|move|p2a: Garganacl|Salt Cure|p1a: Dunsparce
|-damage|p1a: Dunsparce|92/100 brn
|-start|p1a: Dunsparce|Salt Cure
|
|-damage|p1a: Dunsparce|86/100 brn|[from] brn
|-damage|p1a: Dunsparce|74/100 brn|[from] Salt Cure
|upkeep
|turn|14
|
|t:|1769434695
|switch|p1a: Dynaon|Glimmora, F|100/100
|-damage|p1a: Dynaon|88/100|[from] Stealth Rock
|move|p2a: Garganacl|Salt Cure|p1a: Dynaon
|-damage|p1a: Dynaon|75/100
|-start|p1a: Dynaon|Salt Cure
|-activate|p1a: Dynaon|ability: Toxic Debris
|-sidestart|p2: tasber|move: Toxic Spikes
|
|-damage|p1a: Dynaon|63/100|[from] Salt Cure
|upkeep
|turn|15
|
|t:|1769434708
|move|p2a: Garganacl|Protect|p2a: Garganacl
|-singleturn|p2a: Garganacl|Protect
|move|p1a: Dynaon|Mortal Spin|p2a: Garganacl
|-activate|p2a: Garganacl|move: Protect
|
|-damage|p1a: Dynaon|50/100|[from] Salt Cure
|upkeep
|turn|16
|
|t:|1769434721
|move|p1a: Dynaon|Earth Power|p2a: Garganacl
|-supereffective|p2a: Garganacl
|-damage|p2a: Garganacl|68/100
|move|p2a: Garganacl|Recover|p2a: Garganacl
|-heal|p2a: Garganacl|100/100
|
|-damage|p1a: Dynaon|38/100|[from] Salt Cure
|upkeep
|turn|17
|
|t:|1769434730
|switch|p1a: Florges|Florges, F|100/100
|move|p2a: Garganacl|Salt Cure|p1a: Florges
|-damage|p1a: Florges|89/100
|-start|p1a: Florges|Salt Cure
|
|-damage|p1a: Florges|76/100|[from] Salt Cure
|upkeep
|turn|18
|
|t:|1769434743
|move|p2a: Garganacl|Protect|p2a: Garganacl
|-singleturn|p2a: Garganacl|Protect
|move|p1a: Florges|Wish|p1a: Florges
|
|-damage|p1a: Florges|64/100|[from] Salt Cure
|upkeep
|turn|19
|
|t:|1769434749
|switch|p1a: Dynaon|Glimmora, F|38/100
|-damage|p1a: Dynaon|25/100|[from] Stealth Rock
|move|p2a: Garganacl|Salt Cure|p1a: Dynaon
|-damage|p1a: Dynaon|11/100
|-start|p1a: Dynaon|Salt Cure
|-activate|p1a: Dynaon|ability: Toxic Debris
|-sidestart|p2: tasber|move: Toxic Spikes
|
|-heal|p1a: Dynaon|60/100|[from] move: Wish|[wisher] Florges
|-damage|p1a: Dynaon|48/100|[from] Salt Cure
|upkeep
|turn|20
|
|t:|1769434777
|switch|p2a: Slowking|Slowking-Galar, F|100/100
|-sideend|p2: tasber|move: Toxic Spikes|[of] p2a: Slowking
|move|p1a: Dynaon|Stealth Rock|p2a: Slowking
|-sidestart|p2: tasber|move: Stealth Rock
|
|-damage|p1a: Dynaon|35/100|[from] Salt Cure
|upkeep
|turn|21
|
|t:|1769434785
|move|p1a: Dynaon|Meteor Beam||[still]
|-prepare|p1a: Dynaon|Meteor Beam
|-boost|p1a: Dynaon|spa|1
|-enditem|p1a: Dynaon|Power Herb
|-anim|p1a: Dynaon|Meteor Beam|p2a: Slowking
|-damage|p2a: Slowking|58/100
|move|p2a: Slowking|Future Sight|p1a: Dynaon
|-start|p2a: Slowking|move: Future Sight
|
|-damage|p1a: Dynaon|23/100|[from] Salt Cure
|upkeep
|turn|22
|
|t:|1769434797
|switch|p2a: Garganacl|Garganacl, M|100/100
|-damage|p2a: Garganacl|88/100|[from] Stealth Rock
|move|p1a: Dynaon|Earth Power|p2a: Garganacl
|-supereffective|p2a: Garganacl
|-damage|p2a: Garganacl|34/100
|
|-heal|p2a: Garganacl|40/100|[from] item: Leftovers
|-damage|p1a: Dynaon|10/100|[from] Salt Cure
|upkeep
|turn|23
|
|t:|1769434806
|move|p2a: Garganacl|Protect|p2a: Garganacl
|-singleturn|p2a: Garganacl|Protect
|move|p1a: Dynaon|Mortal Spin|p2a: Garganacl
|-activate|p2a: Garganacl|move: Protect
|
|-end|p1a: Dynaon|move: Future Sight
|-supereffective|p1a: Dynaon
|-damage|p1a: Dynaon|0 fnt
|faint|p1a: Dynaon
|-heal|p2a: Garganacl|47/100|[from] item: Leftovers
|upkeep
|
|t:|1769434819
|switch|p1a: Hawlucha|Hawlucha, M|68/100
|-ability|p1a: Hawlucha|Mold Breaker
|turn|24
|
|t:|1769434825
|-terastallize|p2a: Garganacl|Ghost
|move|p1a: Hawlucha|Close Combat|p2a: Garganacl
|-immune|p2a: Garganacl
|move|p2a: Garganacl|Salt Cure|p1a: Hawlucha
|-damage|p1a: Hawlucha|47/100
|-start|p1a: Hawlucha|Salt Cure
|
|-heal|p2a: Garganacl|53/100|[from] item: Leftovers
|-damage|p1a: Hawlucha|35/100|[from] Salt Cure
|upkeep
|turn|25
|
|t:|1769434840
|move|p1a: Hawlucha|Thunder Punch|p2a: Garganacl
|-damage|p2a: Garganacl|38/100
|move|p2a: Garganacl|Recover|p2a: Garganacl
|-heal|p2a: Garganacl|88/100
|
|-heal|p2a: Garganacl|95/100|[from] item: Leftovers
|-damage|p1a: Hawlucha|23/100|[from] Salt Cure
|upkeep
|turn|26
|
|t:|1769434850
|switch|p1a: Florges|Florges, F|64/100
|move|p2a: Garganacl|Salt Cure|p1a: Florges
|-damage|p1a: Florges|52/100
|-start|p1a: Florges|Salt Cure
|
|-heal|p2a: Garganacl|100/100|[from] item: Leftovers
|-damage|p1a: Florges|39/100|[from] Salt Cure
|upkeep
|turn|27
|
|t:|1769434859
|switch|p2a: Kingambit|Kingambit, M|100/100
|-damage|p2a: Kingambit|94/100|[from] Stealth Rock
|-activate|p2a: Kingambit|ability: Supreme Overlord
|-start|p2a: Kingambit|fallen2|[silent]
|move|p1a: Florges|Wish|p1a: Florges
|
|-damage|p1a: Florges|27/100|[from] Salt Cure
|upkeep
|turn|28
|
|t:|1769434863
|move|p1a: Florges|Protect|p1a: Florges
|-singleturn|p1a: Florges|Protect
|move|p2a: Kingambit|Iron Head|p1a: Florges
|-activate|p1a: Florges|move: Protect
|
|-heal|p1a: Florges|77/100|[from] move: Wish|[wisher] Florges
|-damage|p1a: Florges|64/100|[from] Salt Cure
|upkeep
|turn|29
|
|t:|1769434873
|-terastallize|p1a: Florges|Water
|move|p1a: Florges|Tera Blast|p2a: Kingambit|[anim] Tera Blast Water
|-damage|p2a: Kingambit|63/100
|move|p2a: Kingambit|Iron Head|p1a: Florges
|-resisted|p1a: Florges
|-damage|p1a: Florges|40/100
|
|-damage|p1a: Florges|15/100|[from] Salt Cure
|upkeep
|turn|30
|
|t:|1769434883
|move|p2a: Kingambit|Sucker Punch||[still]
|-fail|p2a: Kingambit
|move|p1a: Florges|Wish|p1a: Florges
|
|-damage|p1a: Florges|0 fnt|[from] Salt Cure
|faint|p1a: Florges
|upkeep
|
|t:|1769434888
|switch|p1a: Hawlucha|Hawlucha, M|23/100
|-ability|p1a: Hawlucha|Mold Breaker
|turn|31
|
|t:|1769434895
|move|p2a: Kingambit|Sucker Punch||[still]
|-fail|p2a: Kingambit
|move|p1a: Hawlucha|Defog|p2a: Kingambit
|-unboost|p2a: Kingambit|evasion|1
|-sideend|p2: tasber|Stealth Rock|[from] move: Defog|[of] p1a: Hawlucha
|-sideend|p1: Aragon_Neotrix|Stealth Rock|[from] move: Defog|[of] p1a: Hawlucha
|
|-heal|p1a: Hawlucha|83/100|[from] move: Wish|[wisher] Florges
|upkeep
|turn|32
|
|t:|1769434905
|-end|p2a: Kingambit|fallen2|[silent]
|switch|p2a: Garganacl|Garganacl, M, tera:Ghost|100/100
|move|p1a: Hawlucha|Fire Punch|p2a: Garganacl
|-damage|p2a: Garganacl|87/100
|
|-heal|p2a: Garganacl|93/100|[from] item: Leftovers
|upkeep
|turn|33
|
|t:|1769434910
|switch|p1a: Dunsparce|Dunsparce, F|74/100 brn
|move|p2a: Garganacl|Salt Cure|p1a: Dunsparce
|-damage|p1a: Dunsparce|65/100 brn
|-start|p1a: Dunsparce|Salt Cure
|
|-heal|p2a: Garganacl|99/100|[from] item: Leftovers
|-damage|p1a: Dunsparce|59/100 brn|[from] brn
|-damage|p1a: Dunsparce|46/100 brn|[from] Salt Cure
|upkeep
|turn|34
|
|t:|1769434917
|move|p1a: Dunsparce|Bite|p2a: Garganacl
|-supereffective|p2a: Garganacl
|-damage|p2a: Garganacl|92/100
|cant|p2a: Garganacl|flinch
|
|-heal|p2a: Garganacl|98/100|[from] item: Leftovers
|-damage|p1a: Dunsparce|40/100 brn|[from] brn
|-damage|p1a: Dunsparce|28/100 brn|[from] Salt Cure
|upkeep
|turn|35
|
|t:|1769434922
|move|p1a: Dunsparce|Roost|p1a: Dunsparce
|-heal|p1a: Dunsparce|78/100 brn
|-singleturn|p1a: Dunsparce|move: Roost
|move|p2a: Garganacl|Stealth Rock|p1a: Dunsparce
|-sidestart|p1: Aragon_Neotrix|move: Stealth Rock
|
|-heal|p2a: Garganacl|100/100|[from] item: Leftovers
|-damage|p1a: Dunsparce|72/100 brn|[from] brn
|-damage|p1a: Dunsparce|59/100 brn|[from] Salt Cure
|upkeep
|turn|36
|
|t:|1769434926
|switch|p2a: Slowking|Slowking-Galar, F|91/100
|move|p1a: Dunsparce|Bite|p2a: Slowking
|-supereffective|p2a: Slowking
|-damage|p2a: Slowking|80/100
|
|-damage|p1a: Dunsparce|53/100 brn|[from] brn
|-damage|p1a: Dunsparce|41/100 brn|[from] Salt Cure
|upkeep
|turn|37
|
|t:|1769434931
|move|p1a: Dunsparce|Body Slam|p2a: Slowking
|-damage|p2a: Slowking|69/100
|-status|p2a: Slowking|par
|move|p2a: Slowking|Future Sight|p1a: Dunsparce
|-start|p2a: Slowking|move: Future Sight
|
|-damage|p1a: Dunsparce|34/100 brn|[from] brn
|-damage|p1a: Dunsparce|22/100 brn|[from] Salt Cure
|upkeep
|turn|38
|
|t:|1769434945
|switch|p2a: Garganacl|Garganacl, M, tera:Ghost|100/100
|move|p1a: Dunsparce|Roost|p1a: Dunsparce
|-heal|p1a: Dunsparce|72/100 brn
|-singleturn|p1a: Dunsparce|move: Roost
|
|-damage|p1a: Dunsparce|66/100 brn|[from] brn
|-damage|p1a: Dunsparce|53/100 brn|[from] Salt Cure
|upkeep
|turn|39
|
|t:|1769434957
|move|p2a: Garganacl|Protect|p2a: Garganacl
|-singleturn|p2a: Garganacl|Protect
|move|p1a: Dunsparce|Bite|p2a: Garganacl
|-activate|p2a: Garganacl|move: Protect
|
|-end|p1a: Dunsparce|move: Future Sight
|-damage|p1a: Dunsparce|15/100 brn
|-damage|p1a: Dunsparce|9/100 brn|[from] brn
|-damage|p1a: Dunsparce|0 fnt|[from] Salt Cure
|faint|p1a: Dunsparce
|upkeep
|
|t:|1769434962
|switch|p1a: Feraligatr|Feraligatr, M|100/100
|-damage|p1a: Feraligatr|88/100|[from] Stealth Rock
|turn|40
|
|t:|1769434974
|move|p1a: Feraligatr|Crunch|p2a: Garganacl
|-supereffective|p2a: Garganacl
|-damage|p2a: Garganacl|43/100
|move|p2a: Garganacl|Salt Cure|p1a: Feraligatr
|-damage|p1a: Feraligatr|73/100
|-start|p1a: Feraligatr|Salt Cure
|
|-heal|p2a: Garganacl|49/100|[from] item: Leftovers
|-damage|p1a: Feraligatr|49/100|[from] Salt Cure
|upkeep
|turn|41
|
|t:|1769434983
|move|p2a: Garganacl|Protect|p2a: Garganacl
|-singleturn|p2a: Garganacl|Protect
|move|p1a: Feraligatr|Liquidation|p2a: Garganacl
|-activate|p2a: Garganacl|move: Protect
|
|-heal|p2a: Garganacl|55/100|[from] item: Leftovers
|-damage|p1a: Feraligatr|24/100|[from] Salt Cure
|upkeep
|turn|42
|
|t:|1769434995
|switch|p2a: Slowking|Slowking-Galar, F|100/100 par
|move|p1a: Feraligatr|Crunch|p2a: Slowking
|-supereffective|p2a: Slowking
|-damage|p2a: Slowking|7/100 par
|
|-damage|p1a: Feraligatr|0 fnt|[from] Salt Cure
|faint|p1a: Feraligatr
|upkeep
|
|t:|1769435003
|switch|p1a: Hawlucha|Hawlucha, M|83/100
|-ability|p1a: Hawlucha|Mold Breaker
|turn|43
|
|t:|1769435011
|move|p1a: Hawlucha|Fire Punch|p2a: Slowking
|-damage|p2a: Slowking|0 fnt
|faint|p2a: Slowking
|
|upkeep
|
|t:|1769435014
|switch|p2a: Garganacl|Garganacl, M, tera:Ghost|55/100
|turn|44
|
|t:|1769435018
|move|p1a: Hawlucha|Fire Punch|p2a: Garganacl
|-damage|p2a: Garganacl|39/100
|move|p2a: Garganacl|Salt Cure|p1a: Hawlucha
|-damage|p1a: Hawlucha|64/100
|-start|p1a: Hawlucha|Salt Cure
|
|-heal|p2a: Garganacl|45/100|[from] item: Leftovers
|-damage|p1a: Hawlucha|52/100|[from] Salt Cure
|upkeep
|turn|45
|c|☆tasber|Gg
|
|t:|1769435035
|move|p1a: Hawlucha|Fire Punch|p2a: Garganacl
|-damage|p2a: Garganacl|29/100
|move|p2a: Garganacl|Recover|p2a: Garganacl
|-heal|p2a: Garganacl|79/100
|
|-heal|p2a: Garganacl|85/100|[from] item: Leftovers
|-damage|p1a: Hawlucha|39/100|[from] Salt Cure
|upkeep
|turn|46
|-message|Aragon_Neotrix forfeited.
|
|win|tasber
|raw|Aragon_Neotrix's rating: 1200 &rarr; <strong>1176</strong><br />(-24 for losing)
|raw|tasber's rating: 1208 &rarr; <strong>1232</strong><br />(+24 for winning)
|l|☆Aragon_Neotrix
|player|p1|
|l|☆tasber
|player|p2|
