|j|☆Memeboizz
|j|☆TrashiPanda
|t:|1769405313
|gametype|singles
|player|p1|Memeboizz|roxie|1240
|player|p2|TrashiPanda|pokekid|1153
|gen|9
|tier|[Gen 9] OU
|rated|
|rule|HP Percentage Mod: HP is shown in percentages
|rule|Endless Battle Clause: Forcing endless battles is banned
|rule|Species Clause: Limit one of each Pokémon
|rule|OHKO Clause: OHKO moves are banned
|rule|Evasion Items Clause: Evasion items are banned
|rule|Evasion Moves Clause: Evasion moves are banned
|rule|Evasion Abilities Clause: Evasion abilities are banned
|rule|Sleep Moves Clause: Sleep-inducing moves are banned
|clearpoke
|poke|p1|Ogerpon, F|
|poke|p1|Heatran, F|
|poke|p1|Samurott-Hisui, M|
|poke|p1|Clefable, F|
|poke|p1|Dragonite, F|
|poke|p1|Corviknight, F|
|poke|p2|Torkoal, M|
|poke|p2|Lilligant-Hisui, F|
|poke|p2|Great Tusk|
|poke|p2|Walking Wake|
|poke|p2|Raging Bolt|
|poke|p2|Moltres|
|teampreview
|inactive|Battle timer is ON: inactive players will automatically lose when time's up. (requested by Memeboizz)
|
|t:|1769405328
|teamsize|p1|6
|teamsize|p2|6
|start
|switch|p1a: Dragonite|Dragonite, F|100/100
|switch|p2a: Torkoal|Torkoal, M|100/100
|-weather|SunnyDay|[from] ability: Drought|[of] p2a: Torkoal
|turn|1
|
|t:|1769405336
|move|p1a: Dragonite|Dragon Dance|p1a: Dragonite
|-boost|p1a: Dragonite|atk|1
|-boost|p1a: Dragonite|spe|1
|move|p2a: Torkoal|Lava Plume|p1a: Dragonite
|-resisted|p1a: Dragonite
|-damage|p1a: Dragonite|91/100
|-status|p1a: Dragonite|brn
|
|-weather|SunnyDay|[upkeep]
|-damage|p1a: Dragonite|85/100 brn|[from] brn
|upkeep
|turn|2
|
|t:|1769405345
|move|p1a: Dragonite|Earthquake|p2a: Torkoal
|-supereffective|p2a: Torkoal
|-damage|p2a: Torkoal|67/100
|move|p2a: Torkoal|Stealth Rock|p1a: Dragonite
|-sidestart|p1: Memeboizz|move: Stealth Rock
|
|-weather|SunnyDay|[upkeep]
|-damage|p1a: Dragonite|79/100 brn|[from] brn
|upkeep
|turn|3
|
|t:|1769405358
|switch|p2a: Great Tusk|Great Tusk|100/100
|-activate|p2a: Great Tusk|ability: Protosynthesis
|-start|p2a: Great Tusk|protosynthesisdef
|move|p1a: Dragonite|Dragon Dance|p1a: Dragonite
|-boost|p1a: Dragonite|atk|1
|-boost|p1a: Dragonite|spe|1
|
|-weather|SunnyDay|[upkeep]
|-damage|p1a: Dragonite|73/100 brn|[from] brn
|upkeep
|turn|4
|
|t:|1769405383
|switch|p1a: Corviknight|Corviknight, F|100/100
|-damage|p1a: Corviknight|88/100|[from] Stealth Rock
|-ability|p1a: Corviknight|Pressure
|move|p2a: Great Tusk|Ice Spinner|p1a: Corviknight
|-damage|p1a: Corviknight|71/100
|-damage|p2a: Great Tusk|84/100|[from] item: Rocky Helmet|[of] p1a: Corviknight
|
|-weather|SunnyDay|[upkeep]
|upkeep
|turn|5
|inactive|TrashiPanda has 120 seconds left.
|l|☆Memeboizz
|inactive|Memeboizz disconnected and has a minute to reconnect!
|player|p1|
|
|t:|1769405423
|-end|p2a: Great Tusk|Protosynthesis|[silent]
|switch|p2a: Moltres|Moltres|100/100
|move|p1a: Corviknight|Roost|p1a: Corviknight
|-heal|p1a: Corviknight|100/100
|-singleturn|p1a: Corviknight|move: Roost
|
|-weather|SunnyDay|[upkeep]
|upkeep
|turn|6
|j|☆Memeboizz
|inactive|Memeboizz reconnected and has 145 seconds left.
|player|p1|Memeboizz|roxie|
|
|t:|1769405431
|switch|p1a: Samurott|Samurott-Hisui, M|100/100
|-damage|p1a: Samurott|88/100|[from] Stealth Rock
|move|p2a: Moltres|Flamethrower|p1a: Samurott
|-resisted|p1a: Samurott
|-damage|p1a: Samurott|68/100
|
|-weather|SunnyDay|[upkeep]
|upkeep
|turn|7
|inactive|TrashiPanda has 120 seconds left.
|
|t:|1769405443
|move|p2a: Moltres|U-turn|p1a: Samurott
|-supereffective|p1a: Samurott
|-damage|p1a: Samurott|30/100
|
|t:|1769405457
|switch|p2a: Raging Bolt|Raging Bolt|100/100|[from] U-turn
|-activate|p2a: Raging Bolt|ability: Protosynthesis
|-start|p2a: Raging Bolt|protosynthesisspa
|move|p1a: Samurott|Ceaseless Edge|p2a: Raging Bolt
|-damage|p2a: Raging Bolt|58/100
|-sidestart|p2: TrashiPanda|Spikes
|
|-weather|SunnyDay|[upkeep]
|upkeep
|turn|8
|
|t:|1769405466
|move|p1a: Samurott|Aqua Jet|p2a: Raging Bolt
|-resisted|p2a: Raging Bolt
|-damage|p2a: Raging Bolt|53/100
|move|p2a: Raging Bolt|Volt Switch|p1a: Samurott
|-supereffective|p1a: Samurott
|-damage|p1a: Samurott|0 fnt
|faint|p1a: Samurott
|
|t:|1769405478
|-end|p2a: Raging Bolt|Protosynthesis|[silent]
|switch|p2a: Moltres|Moltres|100/100|[from] Volt Switch
|
|-weather|none
|upkeep
|
|t:|1769405488
|switch|p1a: Clefable|Clefable, F|100/100
|turn|9
|
|t:|1769405492
|move|p2a: Moltres|U-turn|p1a: Clefable
|-resisted|p1a: Clefable
|-damage|p1a: Clefable|92/100
|
|t:|1769405498
|switch|p2a: Great Tusk|Great Tusk|84/100|[from] U-turn
|move|p1a: Clefable|Moonblast|p2a: Great Tusk
|-supereffective|p2a: Great Tusk
|-damage|p2a: Great Tusk|0 fnt
|faint|p2a: Great Tusk
|-end|p2a: Great Tusk|Protosynthesis|[silent]
|
|upkeep
|
|t:|1769405506
|switch|p2a: Torkoal|Torkoal, M|67/100
|-damage|p2a: Torkoal|54/100|[from] Spikes
|-weather|SunnyDay|[from] ability: Drought|[of] p2a: Torkoal
|turn|10
|
|t:|1769405513
|switch|p2a: Moltres|Moltres|100/100
|-terastallize|p1a: Clefable|Fire
|move|p1a: Clefable|Moonblast|p2a: Moltres
|-resisted|p2a: Moltres
|-damage|p2a: Moltres|87/100
|
|-weather|SunnyDay|[upkeep]
|upkeep
|turn|11
|
|t:|1769405523
|move|p2a: Moltres|Scorching Sands|p1a: Clefable
|-supereffective|p1a: Clefable
|-damage|p1a: Clefable|66/100
|move|p1a: Clefable|Moonblast|p2a: Moltres
|-resisted|p2a: Moltres
|-crit|p2a: Moltres
|-damage|p2a: Moltres|66/100
|-unboost|p2a: Moltres|spa|1
|
|-weather|SunnyDay|[upkeep]
|upkeep
|turn|12
|
|t:|1769405533
|switch|p1a: Ogerpon|Ogerpon, F|100/100
|-damage|p1a: Ogerpon|88/100|[from] Stealth Rock
|move|p2a: Moltres|Scorching Sands|p1a: Ogerpon
|-resisted|p1a: Ogerpon
|-damage|p1a: Ogerpon|81/100
|-status|p1a: Ogerpon|brn
|
|-weather|SunnyDay|[upkeep]
|-damage|p1a: Ogerpon|75/100 brn|[from] brn
|upkeep
|turn|13
|
|t:|1769405538
|move|p1a: Ogerpon|Knock Off|p2a: Moltres
|-damage|p2a: Moltres|45/100
|-enditem|p2a: Moltres|Heavy-Duty Boots|[from] move: Knock Off|[of] p1a: Ogerpon
|move|p2a: Moltres|U-turn|p1a: Ogerpon
|-supereffective|p1a: Ogerpon
|-damage|p1a: Ogerpon|33/100 brn
|
|t:|1769405568
|switch|p2a: Lilligant|Lilligant-Hisui, F|100/100|[from] U-turn
|-damage|p2a: Lilligant|88/100|[from] Spikes
|
|-weather|SunnyDay|[upkeep]
|-damage|p1a: Ogerpon|27/100 brn|[from] brn
|upkeep
|turn|14
|inactive|TrashiPanda has 120 seconds left.
|
|t:|1769405594
|switch|p1a: Corviknight|Corviknight, F|100/100
|-damage|p1a: Corviknight|88/100|[from] Stealth Rock
|-ability|p1a: Corviknight|Pressure
|move|p2a: Lilligant|Solar Blade||[still]
|-prepare|p2a: Lilligant|Solar Blade
|-anim|p2a: Lilligant|Solar Blade|p1a: Corviknight
|-resisted|p1a: Corviknight
|-damage|p1a: Corviknight|75/100
|-damage|p2a: Lilligant|72/100|[from] item: Rocky Helmet|[of] p1a: Corviknight
|-damage|p2a: Lilligant|62/100|[from] item: Life Orb
|
|-weather|SunnyDay|[upkeep]
|upkeep
|turn|15
|
|t:|1769405602
|-terastallize|p2a: Lilligant|Fire
|move|p2a: Lilligant|Tera Blast|p1a: Corviknight|[anim] Tera Blast Fire
|-supereffective|p1a: Corviknight
|-damage|p1a: Corviknight|0 fnt
|faint|p1a: Corviknight
|-damage|p2a: Lilligant|52/100|[from] item: Life Orb
|
|-weather|SunnyDay|[upkeep]
|upkeep
|
|t:|1769405616
|switch|p1a: Dragonite|Dragonite, F|73/100 brn
|turn|16
|
|t:|1769405620
|move|p1a: Dragonite|Extreme Speed|p2a: Lilligant
|-damage|p2a: Lilligant|27/100
|move|p2a: Lilligant|Triple Axel|p1a: Dragonite
|-supereffective|p1a: Dragonite
|-crit|p1a: Dragonite
|-damage|p1a: Dragonite|13/100 brn
|-supereffective|p1a: Dragonite
|-damage|p1a: Dragonite|0 fnt
|faint|p1a: Dragonite
|-hitcount|p1: Dragonite|2
|-damage|p2a: Lilligant|17/100|[from] item: Life Orb
|
|-weather|SunnyDay|[upkeep]
|upkeep
|
|t:|1769405629
|switch|p1a: Ogerpon|Ogerpon, F|27/100 brn
|-damage|p1a: Ogerpon|15/100 brn|[from] Stealth Rock
|turn|17
|
|t:|1769405634
|move|p2a: Lilligant|Close Combat|p1a: Ogerpon
|-damage|p1a: Ogerpon|0 fnt
|-unboost|p2a: Lilligant|def|1
|-unboost|p2a: Lilligant|spd|1
|faint|p1a: Ogerpon
|-damage|p2a: Lilligant|7/100|[from] item: Life Orb
|
|-weather|none
|upkeep
|
|t:|1769405638
|switch|p1a: Clefable|Clefable, F, tera:Fire|66/100
|turn|18
|
|t:|1769405647
|move|p2a: Lilligant|Close Combat|p1a: Clefable
|-damage|p1a: Clefable|0 fnt
|-unboost|p2a: Lilligant|def|1
|-unboost|p2a: Lilligant|spd|1
|faint|p1a: Clefable
|-damage|p2a: Lilligant|0 fnt|[from] item: Life Orb
|faint|p2a: Lilligant
|
|upkeep
|
|t:|1769405652
|switch|p2a: Moltres|Moltres|45/100
|switch|p1a: Heatran|Heatran, F|100/100
|-damage|p1a: Heatran|88/100|[from] Stealth Rock
|turn|19
|
|t:|1769405660
|move|p2a: Moltres|Scorching Sands|p1a: Heatran
|-supereffective|p1a: Heatran
|-damage|p1a: Heatran|30/100
|move|p1a: Heatran|Fire Blast|p2a: Moltres
|-resisted|p2a: Moltres
|-damage|p2a: Moltres|25/100
|
|-heal|p1a: Heatran|36/100|[from] item: Leftovers
|upkeep
|turn|20
|-message|Memeboizz forfeited.
|
|win|TrashiPanda
|raw|Memeboizz's rating: 1240 &rarr; <strong>1209</strong><br />(-31 for losing)
|raw|TrashiPanda's rating: 1153 &rarr; <strong>1184</strong><br />(+31 for winning)
|l|☆Memeboizz
|player|p1|
