|j|☆avisdj
|j|☆esqimo589
|t:|1769292896
|gametype|singles
|player|p1|avisdj|richboy-gen4|1126
|player|p2|esqimo589|101|1201
|gen|9
|tier|[Gen 9] OU
|rated|
|rule|HP Percentage Mod: HP is shown in percentages
|rule|Endless Battle Clause: Forcing endless battles is banned
|rule|Species Clause: Limit one of each Pokémon
|rule|OHKO Clause: OHKO moves are banned
|rule|Evasion Items Clause: Evasion items are banned
|rule|Evasion Moves Clause: Evasion moves are banned
|rule|Evasion Abilities Clause: Evasion abilities are banned
|rule|Sleep Moves Clause: Sleep-inducing moves are banned
|clearpoke
|poke|p1|Corviknight, M|
|poke|p1|Arcanine, F|
|poke|p1|Tornadus, M|
|poke|p1|Electivire, M|
|poke|p1|Latias, F|
|poke|p1|Quaquaval, M|
|poke|p2|Slowking-Galar, F|
|poke|p2|Gliscor, M|
|poke|p2|Darkrai|
|poke|p2|Garganacl, M|
|poke|p2|Sinistcha-Masterpiece|
|poke|p2|Slither Wing|
|teampreview
|
|t:|1769292907
|teamsize|p1|6
|teamsize|p2|6
|start
|switch|p1a: Quaquaval|Quaquaval, M|100/100
|switch|p2a: Garganacl|Garganacl, M|100/100
|turn|1
|
|t:|1769292919
|switch|p2a: Sinistcha|Sinistcha-Masterpiece|100/100
|move|p1a: Quaquaval|Swords Dance|p1a: Quaquaval
|-boost|p1a: Quaquaval|atk|2
|
|upkeep
|turn|2
|
|t:|1769292930
|switch|p1a: Tornadus|Tornadus, M|100/100
|move|p2a: Sinistcha|Strength Sap|p1a: Tornadus
|-unboost|p1a: Tornadus|atk|1
|
|upkeep
|turn|3
|inactive|Battle timer is ON: inactive players will automatically lose when time's up. (requested by avisdj)
|
|t:|1769292946
|switch|p2a: Garganacl|Garganacl, M|100/100
|move|p1a: Tornadus|Nasty Plot|p1a: Tornadus
|-boost|p1a: Tornadus|spa|2
|
|upkeep
|turn|4
|
|t:|1769292955
|move|p1a: Tornadus|Air Slash|p2a: Garganacl
|-resisted|p2a: Garganacl
|-damage|p2a: Garganacl|76/100
|move|p2a: Garganacl|Salt Cure|p1a: Tornadus
|-supereffective|p1a: Tornadus
|-damage|p1a: Tornadus|63/100
|-start|p1a: Tornadus|Salt Cure
|
|-heal|p2a: Garganacl|82/100|[from] item: Leftovers
|-damage|p1a: Tornadus|51/100|[from] Salt Cure
|upkeep
|turn|5
|
|t:|1769292967
|switch|p2a: Slowking|Slowking-Galar, F|100/100
|move|p1a: Tornadus|Tailwind|p1a: Tornadus
|-sidestart|p1: avisdj|move: Tailwind
|
|-damage|p1a: Tornadus|39/100|[from] Salt Cure
|upkeep
|turn|6
|
|t:|1769292978
|switch|p1a: Latias|Latias, F|100/100
|move|p2a: Slowking|Sludge Bomb|p1a: Latias
|-damage|p1a: Latias|74/100
|
|-heal|p1a: Latias|80/100|[from] item: Leftovers
|upkeep
|turn|7
|
|t:|1769292991
|move|p1a: Latias|Wish|p1a: Latias
|move|p2a: Slowking|Thunder Wave|p1a: Latias
|-status|p1a: Latias|par
|
|-heal|p1a: Latias|86/100 par|[from] item: Leftovers
|upkeep
|turn|8
|
|t:|1769292998
|move|p1a: Latias|Calm Mind|p1a: Latias
|-boost|p1a: Latias|spa|1
|-boost|p1a: Latias|spd|1
|-prepare|p2a: Slowking|Chilly Reception|[premajor]
|move|p2a: Slowking|Chilly Reception|p2a: Slowking
|-weather|Snowscape
|
|t:|1769293001
|switch|p2a: Slither Wing|Slither Wing|100/100|[from] Chilly Reception
|
|-weather|Snowscape|[upkeep]
|-heal|p1a: Latias|100/100 par|[from] move: Wish|[wisher] Latias
|-sideend|p1: avisdj|move: Tailwind
|upkeep
|turn|9
|
|t:|1769293012
|move|p2a: Slither Wing|U-turn|p1a: Latias
|-supereffective|p1a: Latias
|-damage|p1a: Latias|53/100 par
|
|t:|1769293018
|-end|p2a: Slither Wing|Protosynthesis|[silent]
|switch|p2a: Darkrai|Darkrai|100/100|[from] U-turn
|move|p1a: Latias|Calm Mind|p1a: Latias
|-boost|p1a: Latias|spa|1
|-boost|p1a: Latias|spd|1
|
|-weather|Snowscape|[upkeep]
|-heal|p1a: Latias|59/100 par|[from] item: Leftovers
|upkeep
|turn|10
|
|t:|1769293030
|-terastallize|p2a: Darkrai|Poison
|-terastallize|p1a: Latias|Steel
|move|p2a: Darkrai|Knock Off|p1a: Latias
|-damage|p1a: Latias|34/100 par
|-enditem|p1a: Latias|Leftovers|[from] move: Knock Off|[of] p2a: Darkrai
|cant|p1a: Latias|par
|
|-weather|Snowscape|[upkeep]
|upkeep
|turn|11
|inactive|esqimo589 has 120 seconds left.
|
|t:|1769293069
|switch|p2a: Slowking|Slowking-Galar, F|100/100
|move|p1a: Latias|Draco Meteor|p2a: Slowking
|-damage|p2a: Slowking|40/100
|-unboost|p1a: Latias|spa|2
|
|-weather|Snowscape|[upkeep]
|upkeep
|turn|12
|inactive|esqimo589 has 120 seconds left.
|
|t:|1769293082
|cant|p1a: Latias|par
|-prepare|p2a: Slowking|Chilly Reception|[premajor]
|move|p2a: Slowking|Chilly Reception|p2a: Slowking
|inactive|esqimo589 has 120 seconds left.
|
|t:|1769293088
|switch|p2a: Garganacl|Garganacl, M|82/100|[from] Chilly Reception
|
|-weather|none
|-heal|p2a: Garganacl|89/100|[from] item: Leftovers
|upkeep
|turn|13
|
|t:|1769293094
|cant|p1a: Latias|par
|move|p2a: Garganacl|Salt Cure|p1a: Latias
|-resisted|p1a: Latias
|-damage|p1a: Latias|29/100 par
|-start|p1a: Latias|Salt Cure
|
|-heal|p2a: Garganacl|95/100|[from] item: Leftovers
|-damage|p1a: Latias|4/100 par|[from] Salt Cure
|upkeep
|turn|14
|
|t:|1769293103
|move|p1a: Latias|Tera Blast|p2a: Garganacl|[anim] Tera Blast Steel
|-supereffective|p2a: Garganacl
|-damage|p2a: Garganacl|56/100
|move|p2a: Garganacl|Stealth Rock|p1a: Latias
|-sidestart|p1: avisdj|move: Stealth Rock
|
|-heal|p2a: Garganacl|62/100|[from] item: Leftovers
|-damage|p1a: Latias|0 fnt|[from] Salt Cure
|faint|p1a: Latias
|upkeep
|
|t:|1769293115
|switch|p1a: Quaquaval|Quaquaval, M|100/100
|turn|15
|
|t:|1769293122
|switch|p2a: Sinistcha|Sinistcha-Masterpiece|100/100
|move|p1a: Quaquaval|Close Combat|p2a: Sinistcha
|-immune|p2a: Sinistcha
|
|upkeep
|turn|16
|
|t:|1769293129
|switch|p1a: Tornadus|Tornadus, M|39/100
|-damage|p1a: Tornadus|14/100|[from] Stealth Rock
|move|p2a: Sinistcha|Matcha Gotcha|p1a: Tornadus
|-resisted|p1a: Tornadus
|-damage|p1a: Tornadus|0 fnt
|faint|p1a: Tornadus
|
|upkeep
|
|t:|1769293143
|switch|p1a: Arcanine|Arcanine, F|100/100
|-damage|p1a: Arcanine|76/100|[from] Stealth Rock
|turn|17
|
|t:|1769293150
|switch|p2a: Gliscor|Gliscor, M|100/100
|move|p1a: Arcanine|Flare Blitz|p2a: Gliscor
|-damage|p2a: Gliscor|56/100
|-damage|p1a: Arcanine|59/100|[from] Recoil
|-damage|p1a: Arcanine|49/100|[from] item: Life Orb
|
|-status|p2a: Gliscor|tox|[from] item: Toxic Orb
|upkeep
|turn|18
|
|t:|1769293160
|move|p2a: Gliscor|Protect|p2a: Gliscor
|-singleturn|p2a: Gliscor|Protect
|move|p1a: Arcanine|Extreme Speed|p2a: Gliscor
|-activate|p2a: Gliscor|move: Protect
|
|-heal|p2a: Gliscor|68/100 tox|[from] ability: Poison Heal
|upkeep
|turn|19
|
|t:|1769293171
|move|p1a: Arcanine|Flare Blitz|p2a: Gliscor
|-damage|p2a: Gliscor|23/100 tox
|-damage|p1a: Arcanine|33/100|[from] Recoil
|-damage|p1a: Arcanine|23/100|[from] item: Life Orb
|move|p2a: Gliscor|Spikes|p1a: Arcanine
|-sidestart|p1: avisdj|Spikes
|
|-heal|p2a: Gliscor|35/100 tox|[from] ability: Poison Heal
|upkeep
|turn|20
|
|t:|1769293182
|move|p2a: Gliscor|Protect|p2a: Gliscor
|-singleturn|p2a: Gliscor|Protect
|move|p1a: Arcanine|Morning Sun|p1a: Arcanine
|-heal|p1a: Arcanine|73/100
|
|-heal|p2a: Gliscor|48/100 tox|[from] ability: Poison Heal
|upkeep
|turn|21
|
|t:|1769293192
|switch|p2a: Garganacl|Garganacl, M|62/100
|move|p1a: Arcanine|Flare Blitz|p2a: Garganacl
|-resisted|p2a: Garganacl
|-damage|p2a: Garganacl|38/100
|-damage|p1a: Arcanine|63/100|[from] Recoil
|-damage|p1a: Arcanine|53/100|[from] item: Life Orb
|
|-heal|p2a: Garganacl|44/100|[from] item: Leftovers
|upkeep
|turn|22
|
|t:|1769293203
|move|p1a: Arcanine|Wild Charge|p2a: Garganacl
|-damage|p2a: Garganacl|21/100
|-damage|p1a: Arcanine|45/100|[from] Recoil
|-damage|p1a: Arcanine|35/100|[from] item: Life Orb
|move|p2a: Garganacl|Recover|p2a: Garganacl
|-heal|p2a: Garganacl|71/100
|
|-heal|p2a: Garganacl|77/100|[from] item: Leftovers
|upkeep
|turn|23
|
|t:|1769293214
|move|p1a: Arcanine|Morning Sun|p1a: Arcanine
|-heal|p1a: Arcanine|85/100
|move|p2a: Garganacl|Salt Cure|p1a: Arcanine
|-supereffective|p1a: Arcanine
|-damage|p1a: Arcanine|46/100
|-start|p1a: Arcanine|Salt Cure
|
|-heal|p2a: Garganacl|83/100|[from] item: Leftovers
|-damage|p1a: Arcanine|34/100|[from] Salt Cure
|upkeep
|turn|24
|-message|avisdj forfeited.
|
|win|esqimo589
|raw|avisdj's rating: 1126 &rarr; <strong>1106</strong><br />(-20 for losing)
|raw|esqimo589's rating: 1201 &rarr; <strong>1221</strong><br />(+20 for winning)
|l|☆avisdj
|player|p1|
|l|☆esqimo589
|player|p2|
