|j|☆Nolan_pp1
|j|☆jose.torres.1
|t:|1769420588
|gametype|singles
|player|p1|Nolan_pp1|bruno|1141
|player|p2|jose.torres.1|102|1082
|gen|9
|tier|[Gen 9] OU
|rated|
|rule|HP Percentage Mod: HP is shown in percentages
|rule|Endless Battle Clause: Forcing endless battles is banned
|rule|Species Clause: Limit one of each Pokémon
|rule|OHKO Clause: OHKO moves are banned
|rule|Evasion Items Clause: Evasion items are banned
|rule|Evasion Moves Clause: Evasion moves are banned
|rule|Evasion Abilities Clause: Evasion abilities are banned
|rule|Sleep Moves Clause: Sleep-inducing moves are banned
|clearpoke
|poke|p1|Clodsire, M|
|poke|p1|Hoopa-Unbound|
|poke|p1|Corviknight, F|
|poke|p1|Darkrai|
|poke|p1|Ogerpon-Wellspring, F|
|poke|p1|Garganacl, M|
|poke|p2|Zoroark-Hisui, M|
|poke|p2|Malamar, F|
|poke|p2|Hydrapple, M|
|poke|p2|Raikou|
|poke|p2|Muk, M|
|poke|p2|Gyarados, F|
|teampreview
|
|t:|1769420604
|teamsize|p1|6
|teamsize|p2|6
|start
|switch|p1a: Clodsire|Clodsire, M, shiny|100/100
|switch|p2a: Gyarados|Gyarados, F|100/100
|turn|1
|inactive|Battle timer is ON: inactive players will automatically lose when time's up. (requested by jose.torres.1)
|
|t:|1769420611
|-terastallize|p1a: Clodsire|Steel
|move|p2a: Gyarados|Dragon Dance|p2a: Gyarados
|-boost|p2a: Gyarados|atk|1
|-boost|p2a: Gyarados|spe|1
|move|p1a: Clodsire|Toxic|p2a: Gyarados
|-status|p2a: Gyarados|tox
|
|-damage|p2a: Gyarados|94/100 tox|[from] psn
|upkeep
|turn|2
|
|t:|1769420623
|move|p2a: Gyarados|Temper Flare|p1a: Clodsire
|-supereffective|p1a: Clodsire
|-damage|p1a: Clodsire|41/100
|-damage|p2a: Gyarados|78/100 tox|[from] item: Rocky Helmet|[of] p1a: Clodsire
|move|p1a: Clodsire|Stealth Rock|p2a: Gyarados
|-sidestart|p2: jose.torres.1|move: Stealth Rock
|
|-damage|p2a: Gyarados|66/100 tox|[from] psn
|upkeep
|turn|3
|
|t:|1769420634
|move|p2a: Gyarados|Aqua Tail|p1a: Clodsire
|-damage|p1a: Clodsire|0 fnt
|-damage|p2a: Gyarados|49/100 tox|[from] item: Rocky Helmet|[of] p1a: Clodsire
|faint|p1a: Clodsire
|-ability|p2a: Gyarados|Moxie|boost
|-boost|p2a: Gyarados|atk|1
|
|-damage|p2a: Gyarados|31/100 tox|[from] psn
|upkeep
|
|t:|1769420652
|switch|p1a: Corviknight|Corviknight, F, shiny|100/100
|-ability|p1a: Corviknight|Pressure
|turn|4
|
|t:|1769420658
|move|p2a: Gyarados|Temper Flare|p1a: Corviknight
|-supereffective|p1a: Corviknight
|-damage|p1a: Corviknight|39/100
|move|p1a: Corviknight|U-turn|p2a: Gyarados
|-resisted|p2a: Gyarados
|-damage|p2a: Gyarados|22/100 tox
|-enditem|p2a: Gyarados|Red Card|[of] p1a: Corviknight
|drag|p1a: Ogerpon|Ogerpon-Wellspring, F|100/100
|
|-damage|p2a: Gyarados|0 fnt|[from] psn
|faint|p2a: Gyarados
|upkeep
|
|t:|1769420672
|switch|p2a: Hydrapple|Hydrapple, M|100/100
|-damage|p2a: Hydrapple|88/100|[from] Stealth Rock
|turn|5
|
|t:|1769420681
|move|p1a: Ogerpon|Knock Off|p2a: Hydrapple
|-damage|p2a: Hydrapple|68/100
|-enditem|p2a: Hydrapple|Leftovers|[from] move: Knock Off|[of] p1a: Ogerpon
|move|p2a: Hydrapple|Fickle Beam|p1a: Ogerpon|[anim] Fickle Beam All Out
|-activate|p2a: Hydrapple|move: Fickle Beam
|-damage|p1a: Ogerpon|26/100
|
|upkeep
|turn|6
|
|t:|1769420693
|move|p1a: Ogerpon|U-turn|p2a: Hydrapple
|-supereffective|p2a: Hydrapple
|-damage|p2a: Hydrapple|37/100
|
|t:|1769420696
|switch|p1a: Corviknight|Corviknight, F, shiny|39/100|[from] U-turn
|-ability|p1a: Corviknight|Pressure
|move|p2a: Hydrapple|Giga Drain|p1a: Corviknight
|-resisted|p1a: Corviknight
|-damage|p1a: Corviknight|32/100
|-heal|p2a: Hydrapple|41/100|[from] drain|[of] p1a: Corviknight
|
|-heal|p1a: Corviknight|38/100|[from] item: Leftovers
|upkeep
|turn|7
|
|t:|1769420724
|switch|p2a: Malamar|Malamar, F|100/100
|-damage|p2a: Malamar|88/100|[from] Stealth Rock
|move|p1a: Corviknight|Brave Bird|p2a: Malamar
|-damage|p2a: Malamar|54/100
|-damage|p1a: Corviknight|28/100|[from] Recoil
|
|-heal|p1a: Corviknight|34/100|[from] item: Leftovers
|upkeep
|turn|8
|
|t:|1769420734
|move|p2a: Malamar|Superpower|p1a: Corviknight
|-damage|p1a: Corviknight|12/100
|-boost|p2a: Malamar|atk|1
|-boost|p2a: Malamar|def|1
|move|p1a: Corviknight|Roost|p1a: Corviknight
|-heal|p1a: Corviknight|62/100
|-singleturn|p1a: Corviknight|move: Roost
|
|-heal|p1a: Corviknight|68/100|[from] item: Leftovers
|upkeep
|turn|9
|
|t:|1769420755
|move|p2a: Malamar|Superpower|p1a: Corviknight
|-damage|p1a: Corviknight|38/100
|-boost|p2a: Malamar|atk|1
|-boost|p2a: Malamar|def|1
|move|p1a: Corviknight|Roost|p1a: Corviknight
|-heal|p1a: Corviknight|88/100
|-singleturn|p1a: Corviknight|move: Roost
|
|-heal|p1a: Corviknight|94/100|[from] item: Leftovers
|upkeep
|turn|10
|
|t:|1769420768
|move|p2a: Malamar|Superpower|p1a: Corviknight
|-damage|p1a: Corviknight|53/100
|-boost|p2a: Malamar|atk|1
|-boost|p2a: Malamar|def|1
|move|p1a: Corviknight|Brave Bird|p2a: Malamar
|-damage|p2a: Malamar|40/100
|-damage|p1a: Corviknight|48/100|[from] Recoil
|
|-heal|p1a: Corviknight|54/100|[from] item: Leftovers
|upkeep
|turn|11
|
|t:|1769420787
|move|p2a: Malamar|Superpower|p1a: Corviknight
|-damage|p1a: Corviknight|0 fnt
|-boost|p2a: Malamar|atk|1
|-boost|p2a: Malamar|def|1
|faint|p1a: Corviknight
|
|upkeep
|
|t:|1769420793
|switch|p1a: Darkrai|Darkrai, shiny|100/100
|turn|12
|
|t:|1769420804
|move|p1a: Darkrai|Focus Blast|p2a: Malamar
|-damage|p2a: Malamar|0 fnt
|faint|p2a: Malamar
|
|upkeep
|inactive|jose.torres.1 has 120 seconds left.
|
|t:|1769420848
|switch|p2a: Raikou|Raikou|100/100
|-damage|p2a: Raikou|88/100|[from] Stealth Rock
|-ability|p2a: Raikou|Pressure
|turn|13
|
|t:|1769420860
|switch|p1a: Garganacl|Garganacl, M|100/100
|move|p2a: Raikou|Volt Switch|p1a: Garganacl
|-damage|p1a: Garganacl|77/100
|inactive|jose.torres.1 has 90 seconds left.
|
|t:|1769420887
|switch|p2a: Hydrapple|Hydrapple, M|74/100|[from] Volt Switch
|-damage|p2a: Hydrapple|61/100|[from] Stealth Rock
|
|-heal|p1a: Garganacl|83/100|[from] item: Leftovers
|upkeep
|turn|14
|
|t:|1769420898
|move|p2a: Hydrapple|Giga Drain|p1a: Garganacl
|-supereffective|p1a: Garganacl
|-damage|p1a: Garganacl|33/100
|-heal|p2a: Hydrapple|85/100|[from] drain|[of] p1a: Garganacl
|move|p1a: Garganacl|Salt Cure|p2a: Hydrapple
|-damage|p2a: Hydrapple|77/100
|-start|p2a: Hydrapple|Salt Cure
|
|-heal|p1a: Garganacl|39/100|[from] item: Leftovers
|-damage|p2a: Hydrapple|65/100|[from] Salt Cure
|upkeep
|turn|15
|inactive|jose.torres.1 has 90 seconds left.
|
|t:|1769420927
|switch|p1a: Darkrai|Darkrai, shiny|100/100
|move|p2a: Hydrapple|Giga Drain|p1a: Darkrai
|-damage|p1a: Darkrai|62/100
|-heal|p2a: Hydrapple|78/100|[from] drain|[of] p1a: Darkrai
|
|-damage|p2a: Hydrapple|65/100|[from] Salt Cure
|upkeep
|turn|16
|inactive|jose.torres.1 has 90 seconds left.
|
|t:|1769420936
|switch|p2a: Raikou|Raikou|88/100
|-damage|p2a: Raikou|75/100|[from] Stealth Rock
|-ability|p2a: Raikou|Pressure
|move|p1a: Darkrai|Ice Beam|p2a: Raikou
|-damage|p2a: Raikou|61/100
|-status|p2a: Raikou|frz
|
|upkeep
|turn|17
|inactive|jose.torres.1 has 90 seconds left.
|
|t:|1769420970
|move|p1a: Darkrai|Ice Beam|p2a: Raikou
|-crit|p2a: Raikou
|-damage|p2a: Raikou|40/100 frz
|cant|p2a: Raikou|frz
|
|upkeep
|turn|18
|
|t:|1769420982
|switch|p1a: Ogerpon|Ogerpon-Wellspring, F|26/100
|cant|p2a: Raikou|frz
|
|upkeep
|turn|19
|inactive|jose.torres.1 has 60 seconds left.
|
|t:|1769421034
|switch|p2a: Hydrapple|Hydrapple, M|98/100
|-damage|p2a: Hydrapple|86/100|[from] Stealth Rock
|move|p1a: Ogerpon|Knock Off|p2a: Hydrapple
|-damage|p2a: Hydrapple|73/100
|
|upkeep
|turn|20
|
|t:|1769421045
|move|p1a: Ogerpon|U-turn|p2a: Hydrapple
|-supereffective|p2a: Hydrapple
|-damage|p2a: Hydrapple|40/100
|
|t:|1769421051
|switch|p1a: Darkrai|Darkrai, shiny|62/100|[from] U-turn
|move|p2a: Hydrapple|Fickle Beam|p1a: Darkrai
|-damage|p1a: Darkrai|23/100
|
|upkeep
|turn|21
|
|t:|1769421071
|move|p1a: Darkrai|Sludge Bomb|p2a: Hydrapple
|-supereffective|p2a: Hydrapple
|-damage|p2a: Hydrapple|0 fnt
|faint|p2a: Hydrapple
|
|upkeep
|
|t:|1769421074
|switch|p2a: Raikou|Raikou|40/100 frz
|-damage|p2a: Raikou|27/100 frz|[from] Stealth Rock
|-ability|p2a: Raikou|Pressure
|turn|22
|
|t:|1769421080
|move|p1a: Darkrai|Sludge Bomb|p2a: Raikou
|-damage|p2a: Raikou|12/100 frz
|cant|p2a: Raikou|frz
|
|upkeep
|turn|23
|
|t:|1769421085
|move|p1a: Darkrai|Sludge Bomb|p2a: Raikou
|-damage|p2a: Raikou|0 fnt
|faint|p2a: Raikou
|
|upkeep
|
|t:|1769421091
|switch|p2a: Muk|Muk, M|100/100
|-damage|p2a: Muk|88/100|[from] Stealth Rock
|turn|24
|
|t:|1769421107
|move|p1a: Darkrai|Sludge Bomb|p2a: Muk
|-resisted|p2a: Muk
|-damage|p2a: Muk|74/100
|move|p2a: Muk|Gunk Shot|p1a: Darkrai
|-damage|p1a: Darkrai|0 fnt
|faint|p1a: Darkrai
|
|-heal|p2a: Muk|80/100|[from] item: Black Sludge
|upkeep
|
|t:|1769421121
|switch|p1a: Hoopa|Hoopa-Unbound|100/100
|turn|25
|inactive|jose.torres.1 has 60 seconds left.
|
|t:|1769421144
|move|p1a: Hoopa|Psychic Noise|p2a: Muk
|-supereffective|p2a: Muk
|-damage|p2a: Muk|12/100
|-start|p2a: Muk|move: Heal Block
|move|p2a: Muk|Pain Split|p1a: Hoopa
|-sethp|p1a: Hoopa|57/100|[from] move: Pain Split|[silent]
|-sethp|p2a: Muk|50/100|[from] move: Pain Split
|
|upkeep
|turn|26
|inactive|jose.torres.1 has 60 seconds left.
|
|t:|1769421162
|move|p2a: Muk|Shadow Sneak|p1a: Hoopa
|-damage|p1a: Hoopa|39/100
|move|p1a: Hoopa|Psychic Noise|p2a: Muk
|-supereffective|p2a: Muk
|-damage|p2a: Muk|0 fnt
|faint|p2a: Muk
|
|upkeep
|
|t:|1769421166
|switch|p2a: Zoroark|Zoroark-Hisui, M|100/100
|-damage|p2a: Zoroark|88/100|[from] Stealth Rock
|turn|27
|inactive|Nolan_pp1 has 120 seconds left.
|
|t:|1769421207
|-terastallize|p2a: Zoroark|Normal
|move|p2a: Zoroark|Hyper Voice|p1a: Hoopa
|-damage|p1a: Hoopa|0 fnt
|faint|p1a: Hoopa
|
|upkeep
|
|t:|1769421213
|switch|p1a: Ogerpon|Ogerpon-Wellspring, F|26/100
|turn|28
|
|t:|1769421221
|move|p1a: Ogerpon|Horn Leech|p2a: Zoroark
|-damage|p2a: Zoroark|3/100
|-heal|p1a: Ogerpon|61/100|[from] drain|[of] p2a: Zoroark
|move|p2a: Zoroark|Hyper Voice|p1a: Ogerpon
|-damage|p1a: Ogerpon|0 fnt
|faint|p1a: Ogerpon
|
|upkeep
|
|t:|1769421229
|switch|p1a: Garganacl|Garganacl, M|39/100
|turn|29
|inactive|jose.torres.1 has 90 seconds left.
|
|t:|1769421239
|move|p2a: Zoroark|Hyper Voice|p1a: Garganacl
|-resisted|p1a: Garganacl
|-damage|p1a: Garganacl|0 fnt
|faint|p1a: Garganacl
|
|win|jose.torres.1
|raw|Nolan_pp1's rating: 1141 &rarr; <strong>1114</strong><br />(-27 for losing)
|raw|jose.torres.1's rating: 1108 &rarr; <strong>1135</strong><br />(+27 for winning)
|l|☆Nolan_pp1
|player|p1|
|l|☆jose.torres.1
|player|p2|
