|j|☆OP Sand
|j|☆Hgfhhfghfff
|t:|1769323085
|gametype|singles
|player|p1|OP Sand|giovanni-masters|1588
|player|p2|Hgfhhfghfff|lucas|1605
|gen|9
|tier|[Gen 9] OU
|rated|
|rule|HP Percentage Mod: HP is shown in percentages
|rule|Endless Battle Clause: Forcing endless battles is banned
|rule|Species Clause: Limit one of each Pokémon
|rule|OHKO Clause: OHKO moves are banned
|rule|Evasion Items Clause: Evasion items are banned
|rule|Evasion Moves Clause: Evasion moves are banned
|rule|Evasion Abilities Clause: Evasion abilities are banned
|rule|Sleep Moves Clause: Sleep-inducing moves are banned
|clearpoke
|poke|p1|Excadrill, F|
|poke|p1|Tyranitar, F|
|poke|p1|Kyurem|
|poke|p1|Hawlucha, M|
|poke|p1|Pawmot, F|
|poke|p1|Flamigo, F|
|poke|p2|Scream Tail|
|poke|p2|Iron Hands|
|poke|p2|Talonflame, F|
|poke|p2|Latios, M|
|poke|p2|Ursaluna, M|
|poke|p2|Grimmsnarl, M|
|teampreview
|inactive|Battle timer is ON: inactive players will automatically lose when time's up. (requested by OP Sand)
|
|t:|1769323093
|teamsize|p1|6
|teamsize|p2|6
|start
|switch|p1a: Frieza|Kyurem, shiny|100/100
|switch|p2a: Grimmsnarl|Grimmsnarl, M|100/100
|-ability|p1a: Frieza|Pressure
|turn|1
|
|t:|1769323103
|switch|p1a: Itachi|Hawlucha, M, shiny|100/100
|-ability|p1a: Itachi|Mold Breaker
|move|p2a: Grimmsnarl|Spirit Break|p1a: Itachi
|-supereffective|p1a: Itachi
|-damage|p1a: Itachi|0 fnt
|faint|p1a: Itachi
|
|upkeep
|
|t:|1769323107
|switch|p1a: OP|Excadrill, F|100/100
|turn|2
|
|t:|1769323111
|move|p2a: Grimmsnarl|Parting Shot|p1a: OP
|-unboost|p1a: OP|atk|1
|-unboost|p1a: OP|spa|1
|
|t:|1769323113
|switch|p2a: Talonflame|Talonflame, F|100/100|[from] Parting Shot
|move|p1a: OP|Iron Head|p2a: Talonflame
|-resisted|p2a: Talonflame
|-damage|p2a: Talonflame|70/100
|
|upkeep
|turn|3
|
|t:|1769323119
|switch|p1a: Shukaku|Tyranitar, F, shiny|100/100
|-weather|Sandstorm|[from] ability: Sand Stream|[of] p1a: Shukaku
|move|p2a: Talonflame|U-turn|p1a: Shukaku
|-supereffective|p1a: Shukaku
|-damage|p1a: Shukaku|84/100
|
|t:|1769323122
|switch|p2a: Grimmsnarl|Grimmsnarl, M|100/100|[from] U-turn
|
|-weather|Sandstorm|[upkeep]
|-damage|p2a: Grimmsnarl|94/100|[from] Sandstorm
|upkeep
|turn|4
|
|t:|1769323125
|move|p2a: Grimmsnarl|Spirit Break|p1a: Shukaku
|-supereffective|p1a: Shukaku
|-crit|p1a: Shukaku
|-damage|p1a: Shukaku|0 fnt
|faint|p1a: Shukaku
|
|-weather|Sandstorm|[upkeep]
|-damage|p2a: Grimmsnarl|88/100|[from] Sandstorm
|upkeep
|
|t:|1769323134
|switch|p1a: OP|Excadrill, F|100/100
|turn|5
|
|t:|1769323138
|-terastallize|p1a: OP|Fire
|move|p1a: OP|Iron Head|p2a: Grimmsnarl
|-supereffective|p2a: Grimmsnarl
|-damage|p2a: Grimmsnarl|0 fnt
|faint|p2a: Grimmsnarl
|
|-weather|Sandstorm|[upkeep]
|upkeep
|
|t:|1769323151
|switch|p2a: Talonflame|Talonflame, F|70/100
|turn|6
|
|t:|1769323164
|move|p1a: OP|Iron Head|p2a: Talonflame
|-resisted|p2a: Talonflame
|-damage|p2a: Talonflame|24/100
|cant|p2a: Talonflame|flinch
|
|-weather|Sandstorm|[upkeep]
|-damage|p2a: Talonflame|18/100|[from] Sandstorm
|upkeep
|turn|7
|
|t:|1769323169
|move|p1a: OP|Iron Head|p2a: Talonflame
|-resisted|p2a: Talonflame
|-damage|p2a: Talonflame|0 fnt
|faint|p2a: Talonflame
|
|-weather|Sandstorm|[upkeep]
|upkeep
|
|t:|1769323176
|switch|p2a: Iron Hands|Iron Hands|100/100
|turn|8
|
|t:|1769323183
|switch|p1a: Yuji|Flamigo, F|100/100
|-terastallize|p2a: Iron Hands|Grass
|move|p2a: Iron Hands|Drain Punch|p1a: Yuji
|-resisted|p1a: Yuji
|-damage|p1a: Yuji|75/100
|
|-weather|Sandstorm|[upkeep]
|-damage|p1a: Yuji|69/100|[from] Sandstorm
|-damage|p2a: Iron Hands|94/100|[from] Sandstorm
|-heal|p2a: Iron Hands|100/100|[from] item: Leftovers
|upkeep
|turn|9
|
|t:|1769323190
|-end|p2a: Iron Hands|Quark Drive|[silent]
|switch|p2a: Latios|Latios, M|100/100
|move|p1a: Yuji|Brave Bird|p2a: Latios
|-damage|p2a: Latios|15/100
|-damage|p1a: Yuji|41/100|[from] Recoil
|
|-weather|Sandstorm|[upkeep]
|-damage|p2a: Latios|9/100|[from] Sandstorm
|-damage|p1a: Yuji|35/100|[from] Sandstorm
|upkeep
|turn|10
|
|t:|1769323201
|move|p2a: Latios|Luster Purge|p1a: Yuji
|-supereffective|p1a: Yuji
|-crit|p1a: Yuji
|-damage|p1a: Yuji|0 fnt
|faint|p1a: Yuji
|
|-weather|none
|upkeep
|
|t:|1769323216
|switch|p1a: Porunga|Pawmot, F|100/100
|turn|11
|
|t:|1769323219
|switch|p2a: Scream Tail|Scream Tail|100/100
|move|p1a: Porunga|Mach Punch|p2a: Scream Tail
|-resisted|p2a: Scream Tail
|-damage|p2a: Scream Tail|98/100
|
|-heal|p2a: Scream Tail|100/100|[from] item: Leftovers
|upkeep
|turn|12
|
|t:|1769323227
|move|p1a: Porunga|Revival Blessing|p1a: Porunga
|-enditem|p1a: Porunga|Leppa Berry|[eat]
|-activate|p1a: Porunga|item: Leppa Berry|Revival Blessing|[consumed]
|
|t:|1769323230
|-heal|p1: Shukaku|50/100|[from] move: Revival Blessing
|move|p2a: Scream Tail|Trick Room|p2a: Scream Tail
|-fieldstart|move: Trick Room|[of] p2a: Scream Tail
|
|upkeep
|turn|13
|
|t:|1769323236
|-end|p2a: Scream Tail|Protosynthesis|[silent]
|switch|p2a: Iron Hands|Iron Hands, tera:Grass|100/100
|switch|p1a: Shukaku|Tyranitar, F, shiny|50/100
|-weather|Sandstorm|[from] ability: Sand Stream|[of] p1a: Shukaku
|
|-weather|Sandstorm|[upkeep]
|-damage|p2a: Iron Hands|94/100|[from] Sandstorm
|-heal|p2a: Iron Hands|100/100|[from] item: Leftovers
|upkeep
|turn|14
|
|t:|1769323258
|switch|p1a: Porunga|Pawmot, F|100/100
|move|p2a: Iron Hands|Swords Dance|p2a: Iron Hands
|-boost|p2a: Iron Hands|atk|2
|
|-weather|Sandstorm|[upkeep]
|-damage|p2a: Iron Hands|94/100|[from] Sandstorm
|-damage|p1a: Porunga|95/100|[from] Sandstorm
|-heal|p2a: Iron Hands|100/100|[from] item: Leftovers
|upkeep
|turn|15
|
|t:|1769323266
|switch|p1a: Frieza|Kyurem, shiny|100/100
|-ability|p1a: Frieza|Pressure
|move|p2a: Iron Hands|Drain Punch|p1a: Frieza
|-supereffective|p1a: Frieza
|-damage|p1a: Frieza|0 fnt
|faint|p1a: Frieza
|
|-weather|Sandstorm|[upkeep]
|-damage|p2a: Iron Hands|94/100|[from] Sandstorm
|-heal|p2a: Iron Hands|100/100|[from] item: Leftovers
|upkeep
|inactive|OP Sand has 120 seconds left.
|
|t:|1769323292
|switch|p1a: Shukaku|Tyranitar, F, shiny|50/100
|turn|16
|
|t:|1769323294
|move|p2a: Iron Hands|Drain Punch|p1a: Shukaku
|-supereffective|p1a: Shukaku
|-damage|p1a: Shukaku|0 fnt
|faint|p1a: Shukaku
|
|-weather|Sandstorm|[upkeep]
|-damage|p2a: Iron Hands|94/100|[from] Sandstorm
|-heal|p2a: Iron Hands|100/100|[from] item: Leftovers
|-fieldend|move: Trick Room
|upkeep
|
|t:|1769323297
|switch|p1a: OP|Excadrill, F, tera:Fire|100/100
|turn|17
|
|t:|1769323300
|move|p1a: OP|Tera Blast|p2a: Iron Hands|[anim] Tera Blast Fire
|-supereffective|p2a: Iron Hands
|-damage|p2a: Iron Hands|34/100
|move|p2a: Iron Hands|Drain Punch|p1a: OP
|-damage|p1a: OP|0 fnt
|-heal|p2a: Iron Hands|70/100|[from] drain|[of] p1a: OP
|faint|p1a: OP
|
|-weather|Sandstorm|[upkeep]
|-damage|p2a: Iron Hands|64/100|[from] Sandstorm
|-heal|p2a: Iron Hands|70/100|[from] item: Leftovers
|upkeep
|
|t:|1769323303
|switch|p1a: Porunga|Pawmot, F|95/100
|turn|18
|
|t:|1769323307
|move|p1a: Porunga|Revival Blessing|p1a: Porunga
|
|t:|1769323317
|-heal|p1: OP|50/100|[from] move: Revival Blessing
|move|p2a: Iron Hands|Drain Punch|p1a: Porunga
|-damage|p1a: Porunga|4/100
|-heal|p2a: Iron Hands|98/100|[from] drain|[of] p1a: Porunga
|
|-weather|Sandstorm|[upkeep]
|-damage|p1a: Porunga|0 fnt|[from] Sandstorm
|-damage|p2a: Iron Hands|92/100|[from] Sandstorm
|faint|p1a: Porunga
|-heal|p2a: Iron Hands|98/100|[from] item: Leftovers
|upkeep
|
|t:|1769323318
|switch|p1a: OP|Excadrill, F|50/100
|turn|19
|
|t:|1769323324
|move|p1a: OP|Iron Head|p2a: Iron Hands
|-damage|p2a: Iron Hands|67/100
|move|p2a: Iron Hands|Drain Punch|p1a: OP
|-supereffective|p1a: OP
|-damage|p1a: OP|0 fnt
|-heal|p2a: Iron Hands|84/100|[from] drain|[of] p1a: OP
|faint|p1a: OP
|
|win|Hgfhhfghfff
|raw|OP Sand's rating: 1588 &rarr; <strong>1569</strong><br />(-19 for losing)
|raw|Hgfhhfghfff's rating: 1605 &rarr; <strong>1624</strong><br />(+19 for winning)
|l|☆OP Sand
|player|p1|
|l|☆Hgfhhfghfff
|player|p2|
