|j|☆pink sheep man
|j|☆Bossun267
|t:|1769356873
|gametype|singles
|player|p1|pink sheep man|li|1145
|player|p2|Bossun267|boarder|1145
|gen|9
|tier|[Gen 9] OU
|rated|
|rule|HP Percentage Mod: HP is shown in percentages
|rule|Endless Battle Clause: Forcing endless battles is banned
|rule|Species Clause: Limit one of each Pokémon
|rule|OHKO Clause: OHKO moves are banned
|rule|Evasion Items Clause: Evasion items are banned
|rule|Evasion Moves Clause: Evasion moves are banned
|rule|Evasion Abilities Clause: Evasion abilities are banned
|rule|Sleep Moves Clause: Sleep-inducing moves are banned
|clearpoke
|poke|p1|Kricketune, M|
|poke|p1|Rillaboom, M|
|poke|p1|Hatterene, F|
|poke|p1|Garganacl, F|
|poke|p1|Iron Treads|
|poke|p1|Toxapex, F|
|poke|p2|Ceruledge, M|
|poke|p2|Ogerpon-Wellspring, F|
|poke|p2|Rotom-Wash|
|poke|p2|Dragonite, M|
|poke|p2|Gholdengo|
|poke|p2|Great Tusk|
|teampreview
|inactive|Battle timer is ON: inactive players will automatically lose when time's up. (requested by Bossun267)
|
|t:|1769356882
|teamsize|p1|6
|teamsize|p2|6
|start
|switch|p1a: Kricketune|Kricketune, M|100/100
|switch|p2a: Ogerpon|Ogerpon-Wellspring, F|100/100
|turn|1
|
|t:|1769356890
|move|p2a: Ogerpon|Swords Dance|p2a: Ogerpon
|-boost|p2a: Ogerpon|atk|2
|move|p1a: Kricketune|Pounce|p2a: Ogerpon
|-supereffective|p2a: Ogerpon
|-damage|p2a: Ogerpon|42/100
|-unboost|p2a: Ogerpon|spe|1
|
|upkeep
|turn|2
|
|t:|1769356907
|switch|p2a: Ceruledge|Ceruledge, M, shiny|100/100
|move|p1a: Kricketune|Sticky Web|p2a: Ceruledge
|-sidestart|p2: Bossun267|move: Sticky Web
|
|upkeep
|turn|3
|
|t:|1769356917
|switch|p1a: Garganacl|Garganacl, F|100/100
|move|p2a: Ceruledge|Swords Dance|p2a: Ceruledge
|-boost|p2a: Ceruledge|atk|2
|
|upkeep
|turn|4
|
|t:|1769356922
|move|p2a: Ceruledge|Swords Dance|p2a: Ceruledge
|-boost|p2a: Ceruledge|atk|2
|move|p1a: Garganacl|Stone Edge|p2a: Ceruledge
|-supereffective|p2a: Ceruledge
|-damage|p2a: Ceruledge|7/100
|-ability|p2a: Ceruledge|Weak Armor|boost
|-unboost|p2a: Ceruledge|def|1
|-boost|p2a: Ceruledge|spe|2
|
|upkeep
|turn|5
|
|t:|1769356931
|move|p1a: Garganacl|Protect|p1a: Garganacl
|-singleturn|p1a: Garganacl|Protect
|move|p2a: Ceruledge|Bitter Blade|p1a: Garganacl
|-activate|p1a: Garganacl|move: Protect
|
|upkeep
|turn|6
|
|t:|1769356947
|move|p2a: Ceruledge|Bitter Blade|p1a: Garganacl
|-resisted|p1a: Garganacl
|-damage|p1a: Garganacl|62/100
|-heal|p2a: Ceruledge|33/100|[from] drain|[of] p1a: Garganacl
|move|p1a: Garganacl|Salt Cure|p2a: Ceruledge
|-supereffective|p2a: Ceruledge
|-crit|p2a: Ceruledge
|-damage|p2a: Ceruledge|0 fnt
|faint|p2a: Ceruledge
|
|-heal|p1a: Garganacl|69/100|[from] item: Leftovers
|upkeep
|
|t:|1769356959
|switch|p2a: Ogerpon|Ogerpon-Wellspring, F|42/100
|-activate|p2a: Ogerpon|move: Sticky Web
|-unboost|p2a: Ogerpon|spe|1
|turn|7
|
|t:|1769356965
|move|p2a: Ogerpon|Ivy Cudgel|p1a: Garganacl|[anim] Ivy Cudgel Water
|-supereffective|p1a: Garganacl
|-damage|p1a: Garganacl|14/100
|move|p1a: Garganacl|Salt Cure|p2a: Ogerpon
|-damage|p2a: Ogerpon|23/100
|-start|p2a: Ogerpon|Salt Cure
|
|-heal|p1a: Garganacl|20/100|[from] item: Leftovers
|-damage|p2a: Ogerpon|0 fnt|[from] Salt Cure
|faint|p2a: Ogerpon
|upkeep
|
|t:|1769356975
|switch|p2a: Rotom|Rotom-Wash|100/100
|turn|8
|
|t:|1769356983
|move|p1a: Garganacl|Protect|p1a: Garganacl
|-singleturn|p1a: Garganacl|Protect
|move|p2a: Rotom|Hydro Pump|p1a: Garganacl
|-activate|p1a: Garganacl|move: Protect
|
|-heal|p1a: Garganacl|26/100|[from] item: Leftovers
|upkeep
|turn|9
|
|t:|1769356991
|switch|p1a: Hatterene|Hatterene, F|100/100
|move|p2a: Rotom|Hydro Pump|p1a: Hatterene
|-damage|p1a: Hatterene|56/100
|
|upkeep
|turn|10
|
|t:|1769356998
|move|p2a: Rotom|Volt Switch|p1a: Hatterene
|-damage|p1a: Hatterene|31/100
|
|t:|1769357004
|switch|p2a: Gholdengo|Gholdengo|100/100|[from] Volt Switch
|-activate|p2a: Gholdengo|move: Sticky Web
|-unboost|p2a: Gholdengo|spe|1
|move|p1a: Hatterene|Psychic|p2a: Gholdengo
|-resisted|p2a: Gholdengo
|-damage|p2a: Gholdengo|58/100
|
|-heal|p2a: Gholdengo|64/100|[from] item: Leftovers
|upkeep
|turn|11
|
|t:|1769357013
|move|p2a: Gholdengo|Make It Rain|p1a: Hatterene
|-supereffective|p1a: Hatterene
|-damage|p1a: Hatterene|0 fnt
|-unboost|p2a: Gholdengo|spa|1
|faint|p1a: Hatterene
|
|-heal|p2a: Gholdengo|70/100|[from] item: Leftovers
|upkeep
|
|t:|1769357019
|switch|p1a: Iron Treads|Iron Treads|100/100
|turn|12
|
|t:|1769357024
|switch|p2a: Rotom|Rotom-Wash|100/100
|move|p1a: Iron Treads|Knock Off|p2a: Rotom
|-damage|p2a: Rotom|79/100
|-enditem|p2a: Rotom|Leftovers|[from] move: Knock Off|[of] p1a: Iron Treads
|
|upkeep
|turn|13
|
|t:|1769357034
|-end|p1a: Iron Treads|Quark Drive|[silent]
|switch|p1a: Garganacl|Garganacl, F|26/100
|move|p2a: Rotom|Hydro Pump|p1a: Garganacl|[miss]
|-miss|p2a: Rotom|p1a: Garganacl
|
|-heal|p1a: Garganacl|32/100|[from] item: Leftovers
|upkeep
|turn|14
|
|t:|1769357041
|move|p2a: Rotom|Hydro Pump|p1a: Garganacl
|-supereffective|p1a: Garganacl
|-damage|p1a: Garganacl|0 fnt
|faint|p1a: Garganacl
|
|upkeep
|
|t:|1769357046
|switch|p1a: Kricketune|Kricketune, M|100/100
|turn|15
|
|t:|1769357050
|move|p1a: Kricketune|Pounce|p2a: Rotom
|-damage|p2a: Rotom|61/100
|-unboost|p2a: Rotom|spe|1
|move|p2a: Rotom|Will-O-Wisp|p1a: Kricketune
|-status|p1a: Kricketune|brn
|
|-damage|p1a: Kricketune|94/100 brn|[from] brn
|upkeep
|turn|16
|
|t:|1769357061
|move|p1a: Kricketune|Pounce|p2a: Rotom
|-crit|p2a: Rotom
|-damage|p2a: Rotom|48/100
|-unboost|p2a: Rotom|spe|1
|move|p2a: Rotom|Volt Switch|p1a: Kricketune
|-damage|p1a: Kricketune|51/100 brn
|
|t:|1769357070
|switch|p2a: Dragonite|Dragonite, M|100/100|[from] Volt Switch
|
|-damage|p1a: Kricketune|45/100 brn|[from] brn
|upkeep
|turn|17
|
|t:|1769357075
|move|p2a: Dragonite|Dragon Dance|p2a: Dragonite
|-boost|p2a: Dragonite|atk|1
|-boost|p2a: Dragonite|spe|1
|move|p1a: Kricketune|Endeavor|p2a: Dragonite
|-damage|p2a: Dragonite|50/100
|
|-damage|p1a: Kricketune|39/100 brn|[from] brn
|upkeep
|turn|18
|
|t:|1769357082
|move|p2a: Dragonite|Extreme Speed|p1a: Kricketune
|-damage|p1a: Kricketune|0 fnt
|faint|p1a: Kricketune
|
|upkeep
|
|t:|1769357092
|switch|p1a: Rillaboom|Rillaboom, M|100/100
|-fieldstart|move: Grassy Terrain|[from] ability: Grassy Surge|[of] p1a: Rillaboom
|-enditem|p1a: Rillaboom|Grassy Seed
|-boost|p1a: Rillaboom|def|1|[from] item: Grassy Seed
|turn|19
|
|t:|1769357102
|move|p2a: Dragonite|Extreme Speed|p1a: Rillaboom
|-damage|p1a: Rillaboom|69/100
|move|p1a: Rillaboom|Acrobatics|p2a: Dragonite
|-damage|p2a: Dragonite|10/100
|
|-heal|p1a: Rillaboom|75/100|[from] Grassy Terrain
|upkeep
|turn|20
|
|t:|1769357110
|move|p2a: Dragonite|Extreme Speed|p1a: Rillaboom
|-damage|p1a: Rillaboom|42/100
|move|p1a: Rillaboom|Acrobatics|p2a: Dragonite
|-damage|p2a: Dragonite|0 fnt
|faint|p2a: Dragonite
|
|-heal|p1a: Rillaboom|49/100|[from] Grassy Terrain
|upkeep
|
|t:|1769357135
|switch|p2a: Great Tusk|Great Tusk, shiny|100/100
|-activate|p2a: Great Tusk|move: Sticky Web
|-unboost|p2a: Great Tusk|spe|1
|-enditem|p2a: Great Tusk|Booster Energy
|-activate|p2a: Great Tusk|ability: Protosynthesis|[fromitem]
|-start|p2a: Great Tusk|protosynthesisatk
|turn|21
|
|t:|1769357148
|move|p1a: Rillaboom|Wood Hammer|p2a: Great Tusk
|-supereffective|p2a: Great Tusk
|-damage|p2a: Great Tusk|0 fnt
|faint|p2a: Great Tusk
|-end|p2a: Great Tusk|Protosynthesis|[silent]
|-damage|p1a: Rillaboom|13/100|[from] Recoil
|
|-heal|p1a: Rillaboom|19/100|[from] Grassy Terrain
|upkeep
|
|t:|1769357155
|switch|p2a: Rotom|Rotom-Wash|48/100
|turn|22
|
|t:|1769357160
|move|p1a: Rillaboom|Wood Hammer|p2a: Rotom
|-supereffective|p2a: Rotom
|-damage|p2a: Rotom|0 fnt
|faint|p2a: Rotom
|-damage|p1a: Rillaboom|5/100|[from] Recoil
|
|-heal|p1a: Rillaboom|11/100|[from] Grassy Terrain
|upkeep
|
|t:|1769357167
|switch|p2a: Gholdengo|Gholdengo|70/100
|-activate|p2a: Gholdengo|move: Sticky Web
|-unboost|p2a: Gholdengo|spe|1
|turn|23
|
|t:|1769357173
|move|p1a: Rillaboom|Knock Off|p2a: Gholdengo
|-supereffective|p2a: Gholdengo
|-damage|p2a: Gholdengo|0 fnt
|-enditem|p2a: Gholdengo|Leftovers|[from] move: Knock Off|[of] p1a: Rillaboom
|faint|p2a: Gholdengo
|
|win|pink sheep man
|raw|pink sheep man's rating: 1145 &rarr; <strong>1170</strong><br />(+25 for winning)
|raw|Bossun267's rating: 1145 &rarr; <strong>1120</strong><br />(-25 for losing)
|l|☆Bossun267
|player|p2|
|l|☆pink sheep man
|player|p1|
