|j|☆rblt ryo
|j|☆CambridgeFoulPlay
|t:|1769373654
|gametype|singles
|player|p1|rblt ryo|dawn|1757
|player|p2|CambridgeFoulPlay|266|1783
|gen|9
|tier|[Gen 9] OU
|rated|
|rule|HP Percentage Mod: HP is shown in percentages
|rule|Endless Battle Clause: Forcing endless battles is banned
|rule|Species Clause: Limit one of each Pokémon
|rule|OHKO Clause: OHKO moves are banned
|rule|Evasion Items Clause: Evasion items are banned
|rule|Evasion Moves Clause: Evasion moves are banned
|rule|Evasion Abilities Clause: Evasion abilities are banned
|rule|Sleep Moves Clause: Sleep-inducing moves are banned
|clearpoke
|poke|p1|Metagross|
|poke|p1|Keldeo-Resolute|
|poke|p1|Ting-Lu|
|poke|p1|Pecharunt|
|poke|p1|Dragapult, M|
|poke|p1|Zapdos|
|poke|p2|Hydrapple, M|
|poke|p2|Tyranitar, F|
|poke|p2|Moltres|
|poke|p2|Zamazenta-*|
|poke|p2|Slowking-Galar, F|
|poke|p2|Excadrill, F|
|teampreview
|c|☆CambridgeFoulPlay|hf
|inactive|Battle timer is ON: inactive players will automatically lose when time's up. (requested by CambridgeFoulPlay)
|c|☆rblt ryo|Whhyyyy
|
|t:|1769373682
|teamsize|p1|6
|teamsize|p2|6
|start
|switch|p1a: Zapdos|Zapdos|100/100
|switch|p2a: Tyranitar|Tyranitar, F|100/100
|-weather|Sandstorm|[from] ability: Sand Stream|[of] p2a: Tyranitar
|turn|1
|
|t:|1769373694
|move|p1a: Zapdos|Volt Switch|p2a: Tyranitar
|-damage|p2a: Tyranitar|86/100
|
|t:|1769373697
|switch|p1a: Ting-Lu|Ting-Lu|100/100|[from] Volt Switch
|-ability|p1a: Ting-Lu|Vessel of Ruin
|move|p2a: Tyranitar|Stealth Rock|p1a: Ting-Lu
|-sidestart|p1: rblt ryo|move: Stealth Rock
|
|-weather|Sandstorm|[upkeep]
|upkeep
|turn|2
|
|t:|1769373701
|switch|p2a: Excadrill|Excadrill, F|100/100
|-item|p2a: Excadrill|Air Balloon
|move|p1a: Ting-Lu|Stealth Rock|p2a: Excadrill
|-sidestart|p2: CambridgeFoulPlay|move: Stealth Rock
|
|-weather|Sandstorm|[upkeep]
|upkeep
|turn|3
|
|t:|1769373705
|move|p2a: Excadrill|Rapid Spin|p1a: Ting-Lu
|-damage|p1a: Ting-Lu|90/100
|-boost|p2a: Excadrill|spe|1
|-sideend|p2: CambridgeFoulPlay|Stealth Rock|[from] move: Rapid Spin|[of] p2a: Excadrill
|move|p1a: Ting-Lu|Ruination|p2a: Excadrill
|-damage|p2a: Excadrill|51/100
|-enditem|p2a: Excadrill|Air Balloon
|
|-weather|Sandstorm|[upkeep]
|-heal|p1a: Ting-Lu|96/100|[from] item: Leftovers
|upkeep
|turn|4
|
|t:|1769373708
|switch|p2a: Zamazenta|Zamazenta|100/100
|-ability|p2a: Zamazenta|Dauntless Shield|boost
|-boost|p2a: Zamazenta|def|1
|move|p1a: Ting-Lu|Stealth Rock|p2a: Zamazenta
|-sidestart|p2: CambridgeFoulPlay|move: Stealth Rock
|
|-weather|Sandstorm|[upkeep]
|-damage|p2a: Zamazenta|94/100|[from] Sandstorm
|-heal|p2a: Zamazenta|100/100|[from] item: Leftovers
|-heal|p1a: Ting-Lu|100/100|[from] item: Leftovers
|upkeep
|turn|5
|
|t:|1769373717
|move|p2a: Zamazenta|Body Press|p1a: Ting-Lu
|-supereffective|p1a: Ting-Lu
|-damage|p1a: Ting-Lu|38/100
|move|p1a: Ting-Lu|Ruination|p2a: Zamazenta
|-damage|p2a: Zamazenta|51/100
|
|-weather|Sandstorm|[upkeep]
|-damage|p2a: Zamazenta|44/100|[from] Sandstorm
|-heal|p2a: Zamazenta|51/100|[from] item: Leftovers
|-heal|p1a: Ting-Lu|44/100|[from] item: Leftovers
|upkeep
|turn|6
|
|t:|1769373722
|switch|p1a: Pecharunt|Pecharunt|100/100
|move|p2a: Zamazenta|Body Press|p1a: Pecharunt
|-immune|p1a: Pecharunt
|
|-weather|Sandstorm|[upkeep]
|-damage|p2a: Zamazenta|44/100|[from] Sandstorm
|-damage|p1a: Pecharunt|94/100|[from] Sandstorm
|-heal|p2a: Zamazenta|51/100|[from] item: Leftovers
|upkeep
|turn|7
|
|t:|1769373725
|switch|p2a: Excadrill|Excadrill, F|51/100
|-damage|p2a: Excadrill|48/100|[from] Stealth Rock
|move|p1a: Pecharunt|Malignant Chain|p2a: Excadrill
|-immune|p2a: Excadrill
|
|-weather|Sandstorm|[upkeep]
|-damage|p1a: Pecharunt|88/100|[from] Sandstorm
|upkeep
|turn|8
|
|t:|1769373728
|move|p2a: Excadrill|Earthquake|p1a: Pecharunt
|-supereffective|p1a: Pecharunt
|-damage|p1a: Pecharunt|37/100
|move|p1a: Pecharunt|Foul Play|p2a: Excadrill
|-damage|p2a: Excadrill|0 fnt
|faint|p2a: Excadrill
|
|-weather|none
|upkeep
|
|t:|1769373731
|switch|p2a: Hydrapple|Hydrapple, M|100/100
|turn|9
|
|t:|1769373734
|move|p1a: Pecharunt|Parting Shot|p2a: Hydrapple
|-unboost|p2a: Hydrapple|atk|1
|-unboost|p2a: Hydrapple|spa|1
|
|t:|1769373738
|switch|p1a: Zapdos|Zapdos|100/100|[from] Parting Shot
|move|p2a: Hydrapple|Fickle Beam|p1a: Zapdos|[anim] Fickle Beam All Out
|-activate|p2a: Hydrapple|move: Fickle Beam
|-damage|p1a: Zapdos|50/100
|
|upkeep
|turn|10
|
|t:|1769373745
|switch|p2a: Tyranitar|Tyranitar, F|86/100
|-damage|p2a: Tyranitar|74/100|[from] Stealth Rock
|-weather|Sandstorm|[from] ability: Sand Stream|[of] p2a: Tyranitar
|move|p1a: Zapdos|Volt Switch|p2a: Tyranitar
|-damage|p2a: Tyranitar|59/100
|
|t:|1769373754
|switch|p1a: Metagross|Metagross, shiny|100/100|[from] Volt Switch
|-damage|p1a: Metagross|94/100|[from] Stealth Rock
|
|-weather|Sandstorm|[upkeep]
|upkeep
|turn|11
|
|t:|1769373757
|switch|p2a: Moltres|Moltres|100/100
|move|p1a: Metagross|Knock Off|p2a: Moltres
|-damage|p2a: Moltres|76/100
|-enditem|p2a: Moltres|Heavy-Duty Boots|[from] move: Knock Off|[of] p1a: Metagross
|
|-weather|Sandstorm|[upkeep]
|-damage|p2a: Moltres|70/100|[from] Sandstorm
|upkeep
|turn|12
|
|t:|1769373770
|switch|p1a: Dragapult|Dragapult, M|100/100
|-damage|p1a: Dragapult|88/100|[from] Stealth Rock
|move|p2a: Moltres|Flamethrower|p1a: Dragapult
|-resisted|p1a: Dragapult
|-damage|p1a: Dragapult|62/100
|
|-weather|Sandstorm|[upkeep]
|-damage|p1a: Dragapult|56/100|[from] Sandstorm
|-damage|p2a: Moltres|64/100|[from] Sandstorm
|upkeep
|turn|13
|
|t:|1769373780
|switch|p2a: Tyranitar|Tyranitar, F|59/100
|-damage|p2a: Tyranitar|46/100|[from] Stealth Rock
|move|p1a: Dragapult|Draco Meteor|p2a: Tyranitar
|-damage|p2a: Tyranitar|22/100
|-unboost|p1a: Dragapult|spa|2
|
|-weather|Sandstorm|[upkeep]
|-damage|p1a: Dragapult|50/100|[from] Sandstorm
|upkeep
|turn|14
|
|t:|1769373796
|switch|p1a: Ting-Lu|Ting-Lu|44/100
|-damage|p1a: Ting-Lu|38/100|[from] Stealth Rock
|-ability|p1a: Ting-Lu|Vessel of Ruin
|move|p2a: Tyranitar|Knock Off|p1a: Ting-Lu
|-resisted|p1a: Ting-Lu
|-damage|p1a: Ting-Lu|26/100
|-enditem|p1a: Ting-Lu|Leftovers|[from] move: Knock Off|[of] p2a: Tyranitar
|
|-weather|Sandstorm|[upkeep]
|upkeep
|turn|15
|
|t:|1769373804
|move|p2a: Tyranitar|Ice Beam|p1a: Ting-Lu
|-supereffective|p1a: Ting-Lu
|-damage|p1a: Ting-Lu|10/100
|move|p1a: Ting-Lu|Ruination|p2a: Tyranitar|[miss]
|-miss|p1a: Ting-Lu|p2a: Tyranitar
|
|-weather|Sandstorm|[upkeep]
|upkeep
|turn|16
|
|t:|1769373807
|move|p2a: Tyranitar|Ice Beam|p1a: Ting-Lu
|-supereffective|p1a: Ting-Lu
|-damage|p1a: Ting-Lu|0 fnt
|faint|p1a: Ting-Lu
|
|-weather|Sandstorm|[upkeep]
|upkeep
|
|t:|1769373828
|switch|p1a: Dragapult|Dragapult, M|50/100
|-damage|p1a: Dragapult|37/100|[from] Stealth Rock
|turn|17
|
|t:|1769373831
|move|p1a: Dragapult|U-turn|p2a: Tyranitar
|-supereffective|p2a: Tyranitar
|-crit|p2a: Tyranitar
|-damage|p2a: Tyranitar|0 fnt
|faint|p2a: Tyranitar
|
|t:|1769373836
|switch|p1a: Zapdos|Zapdos|50/100|[from] U-turn
|
|-weather|none
|upkeep
|
|t:|1769373839
|switch|p2a: Slowking|Slowking-Galar, F|100/100
|-damage|p2a: Slowking|88/100|[from] Stealth Rock
|turn|18
|
|t:|1769373844
|move|p1a: Zapdos|Volt Switch|p2a: Slowking
|-damage|p2a: Slowking|70/100
|
|t:|1769373849
|switch|p1a: Metagross|Metagross, shiny|94/100|[from] Volt Switch
|-damage|p1a: Metagross|88/100|[from] Stealth Rock
|move|p2a: Slowking|Sludge Bomb|p1a: Metagross
|-immune|p1a: Metagross
|
|upkeep
|turn|19
|
|t:|1769373857
|switch|p2a: Hydrapple|Hydrapple, M|100/100
|move|p1a: Metagross|Zen Headbutt|p2a: Hydrapple
|-damage|p2a: Hydrapple|72/100
|
|upkeep
|turn|20
|
|t:|1769373867
|switch|p2a: Zamazenta|Zamazenta|51/100
|-damage|p2a: Zamazenta|44/100|[from] Stealth Rock
|move|p1a: Metagross|Knock Off|p2a: Zamazenta
|-resisted|p2a: Zamazenta
|-damage|p2a: Zamazenta|31/100
|-enditem|p2a: Zamazenta|Leftovers|[from] move: Knock Off|[of] p1a: Metagross
|
|upkeep
|turn|21
|
|t:|1769373890
|switch|p1a: Pecharunt|Pecharunt|37/100
|move|p2a: Zamazenta|Crunch|p1a: Pecharunt
|-supereffective|p1a: Pecharunt
|-damage|p1a: Pecharunt|17/100
|
|upkeep
|turn|22
|
|t:|1769373896
|-terastallize|p1a: Pecharunt|Dark
|move|p2a: Zamazenta|Crunch|p1a: Pecharunt
|-resisted|p1a: Pecharunt
|-damage|p1a: Pecharunt|12/100
|move|p1a: Pecharunt|Recover|p1a: Pecharunt
|-heal|p1a: Pecharunt|62/100
|
|upkeep
|turn|23
|
|t:|1769373900
|switch|p1a: Dragapult|Dragapult, M|37/100
|-damage|p1a: Dragapult|25/100|[from] Stealth Rock
|move|p2a: Zamazenta|Iron Defense|p2a: Zamazenta
|-boost|p2a: Zamazenta|def|2
|
|upkeep
|turn|24
|
|t:|1769373905
|move|p1a: Dragapult|Shadow Ball|p2a: Zamazenta
|-damage|p2a: Zamazenta|0 fnt
|faint|p2a: Zamazenta
|
|upkeep
|j| loen_64
|
|t:|1769373907
|switch|p2a: Hydrapple|Hydrapple, M|100/100
|turn|25
|
|t:|1769373926
|switch|p1a: Pecharunt|Pecharunt, tera:Dark|62/100
|move|p2a: Hydrapple|Fickle Beam|p1a: Pecharunt|[anim] Fickle Beam All Out
|-activate|p2a: Hydrapple|move: Fickle Beam
|-damage|p1a: Pecharunt|0 fnt
|faint|p1a: Pecharunt
|
|upkeep
|
|t:|1769373933
|switch|p1a: Zapdos|Zapdos|50/100
|turn|26
|
|t:|1769373935
|switch|p2a: Slowking|Slowking-Galar, F|100/100
|-damage|p2a: Slowking|88/100|[from] Stealth Rock
|move|p1a: Zapdos|Hurricane|p2a: Slowking|[miss]
|-miss|p1a: Zapdos|p2a: Slowking
|
|upkeep
|turn|27
|
|t:|1769373940
|move|p1a: Zapdos|Volt Switch|p2a: Slowking
|-damage|p2a: Slowking|69/100
|
|t:|1769373943
|switch|p1a: Metagross|Metagross, shiny|88/100|[from] Volt Switch
|-damage|p1a: Metagross|82/100|[from] Stealth Rock
|move|p2a: Slowking|Sludge Bomb|p1a: Metagross
|-immune|p1a: Metagross
|
|upkeep
|turn|28
|
|t:|1769373953
|switch|p2a: Hydrapple|Hydrapple, M|100/100
|move|p1a: Metagross|Knock Off|p2a: Hydrapple
|-damage|p2a: Hydrapple|77/100
|-enditem|p2a: Hydrapple|Heavy-Duty Boots|[from] move: Knock Off|[of] p1a: Metagross
|
|upkeep
|turn|29
|
|t:|1769373962
|move|p1a: Metagross|Zen Headbutt|p2a: Hydrapple
|-damage|p2a: Hydrapple|46/100
|move|p2a: Hydrapple|Fickle Beam|p1a: Metagross|[anim] Fickle Beam All Out
|-activate|p2a: Hydrapple|move: Fickle Beam
|-resisted|p1a: Metagross
|-damage|p1a: Metagross|57/100
|
|upkeep
|turn|30
|
|t:|1769373967
|switch|p2a: Moltres|Moltres|64/100
|-damage|p2a: Moltres|14/100|[from] Stealth Rock
|move|p1a: Metagross|Zen Headbutt|p2a: Moltres
|-damage|p2a: Moltres|0 fnt
|faint|p2a: Moltres
|
|upkeep
|
|t:|1769373970
|switch|p2a: Hydrapple|Hydrapple, M|79/100
|-damage|p2a: Hydrapple|67/100|[from] Stealth Rock
|turn|31
|
|t:|1769373974
|move|p1a: Metagross|Zen Headbutt|p2a: Hydrapple
|-damage|p2a: Hydrapple|36/100
|cant|p2a: Hydrapple|flinch
|
|upkeep
|turn|32
|
|t:|1769373979
|switch|p2a: Slowking|Slowking-Galar, F|100/100
|-damage|p2a: Slowking|88/100|[from] Stealth Rock
|move|p1a: Metagross|Zen Headbutt|p2a: Slowking
|-damage|p2a: Slowking|54/100
|
|upkeep
|turn|33
|
|t:|1769373987
|switch|p1a: Zapdos|Zapdos|50/100
|switch|p2a: Hydrapple|Hydrapple, M|69/100
|-damage|p2a: Hydrapple|57/100|[from] Stealth Rock
|
|upkeep
|turn|34
|
|t:|1769373996
|switch|p2a: Slowking|Slowking-Galar, F|87/100
|-damage|p2a: Slowking|75/100|[from] Stealth Rock
|move|p1a: Zapdos|Hurricane|p2a: Slowking
|-damage|p2a: Slowking|45/100
|
|upkeep
|turn|35
|
|t:|1769374005
|move|p1a: Zapdos|Volt Switch|p2a: Slowking
|-damage|p2a: Slowking|27/100
|
|t:|1769374008
|switch|p1a: Metagross|Metagross, shiny|57/100|[from] Volt Switch
|-damage|p1a: Metagross|51/100|[from] Stealth Rock
|move|p2a: Slowking|Sludge Bomb|p1a: Metagross
|-immune|p1a: Metagross
|
|upkeep
|turn|36
|
|t:|1769374013
|switch|p2a: Hydrapple|Hydrapple, M|90/100
|-damage|p2a: Hydrapple|78/100|[from] Stealth Rock
|move|p1a: Metagross|Zen Headbutt|p2a: Hydrapple
|-damage|p2a: Hydrapple|50/100
|
|upkeep
|turn|37
|
|t:|1769374016
|switch|p2a: Slowking|Slowking-Galar, F|60/100
|-damage|p2a: Slowking|48/100|[from] Stealth Rock
|move|p1a: Metagross|Zen Headbutt|p2a: Slowking
|-damage|p2a: Slowking|10/100
|
|upkeep
|turn|38
|
|t:|1769374022
|switch|p2a: Hydrapple|Hydrapple, M|84/100
|-damage|p2a: Hydrapple|71/100|[from] Stealth Rock
|move|p1a: Metagross|Zen Headbutt|p2a: Hydrapple|[miss]
|-miss|p1a: Metagross|p2a: Hydrapple
|
|upkeep
|turn|39
|
|t:|1769374026
|move|p1a: Metagross|Zen Headbutt|p2a: Hydrapple
|-damage|p2a: Hydrapple|41/100
|move|p2a: Hydrapple|Earth Power|p1a: Metagross
|-supereffective|p1a: Metagross
|-damage|p1a: Metagross|17/100
|
|upkeep
|turn|40
|
|t:|1769374032
|switch|p2a: Slowking|Slowking-Galar, F|44/100
|-damage|p2a: Slowking|31/100|[from] Stealth Rock
|move|p1a: Metagross|Zen Headbutt|p2a: Slowking
|-damage|p2a: Slowking|0 fnt
|faint|p2a: Slowking
|
|upkeep
|
|t:|1769374034
|switch|p2a: Hydrapple|Hydrapple, M|75/100
|-damage|p2a: Hydrapple|62/100|[from] Stealth Rock
|turn|41
|
|t:|1769374036
|move|p1a: Metagross|Zen Headbutt|p2a: Hydrapple
|-damage|p2a: Hydrapple|34/100
|cant|p2a: Hydrapple|flinch
|
|upkeep
|turn|42
|
|t:|1769374043
|move|p1a: Metagross|Zen Headbutt|p2a: Hydrapple
|-damage|p2a: Hydrapple|3/100
|move|p2a: Hydrapple|Giga Drain|p1a: Metagross
|-resisted|p1a: Metagross
|-damage|p1a: Metagross|7/100
|-heal|p2a: Hydrapple|8/100|[from] drain|[of] p1a: Metagross
|
|upkeep
|turn|43
|
|t:|1769374050
|-terastallize|p2a: Hydrapple|Poison
|move|p1a: Metagross|Knock Off|p2a: Hydrapple
|-damage|p2a: Hydrapple|0 fnt
|faint|p2a: Hydrapple
|
|win|rblt ryo
|raw|rblt ryo's rating: 1757 &rarr; <strong>1778</strong><br />(+21 for winning)
|raw|CambridgeFoulPlay's rating: 1783 &rarr; <strong>1762</strong><br />(-21 for losing)
|c|☆CambridgeFoulPlay|gg
