|j|☆bear work
|j|☆azizlabagar
|t:|1769357506
|gametype|singles
|player|p1|bear work|interviewers|1112
|player|p2|azizlabagar|2|1107
|gen|9
|tier|[Gen 9] OU
|rated|
|rule|HP Percentage Mod: HP is shown in percentages
|rule|Endless Battle Clause: Forcing endless battles is banned
|rule|Species Clause: Limit one of each Pokémon
|rule|OHKO Clause: OHKO moves are banned
|rule|Evasion Items Clause: Evasion items are banned
|rule|Evasion Moves Clause: Evasion moves are banned
|rule|Evasion Abilities Clause: Evasion abilities are banned
|rule|Sleep Moves Clause: Sleep-inducing moves are banned
|clearpoke
|poke|p1|Serperior, F|
|poke|p1|Corviknight, F|
|poke|p1|Gholdengo|
|poke|p1|Samurott-Hisui, F|
|poke|p1|Moltres|
|poke|p1|Iron Treads|
|poke|p2|Skeledirge, F|
|poke|p2|Garganacl, M|
|poke|p2|Kingambit, M|
|poke|p2|Dragapult, M|
|poke|p2|Ceruledge, F|
|poke|p2|Rillaboom, F|
|teampreview
|
|t:|1769357526
|teamsize|p1|6
|teamsize|p2|6
|start
|switch|p1a: Samurott|Samurott-Hisui, F|100/100
|switch|p2a: Skeledirge|Skeledirge, F|100/100
|turn|1
|
|t:|1769357535
|switch|p2a: Rillaboom|Rillaboom, F|100/100
|-fieldstart|move: Grassy Terrain|[from] ability: Grassy Surge|[of] p2a: Rillaboom
|move|p1a: Samurott|Ceaseless Edge|p2a: Rillaboom
|-damage|p2a: Rillaboom|60/100
|-sidestart|p2: azizlabagar|Spikes
|
|-heal|p2a: Rillaboom|66/100|[from] Grassy Terrain
|upkeep
|turn|2
|
|t:|1769357548
|switch|p1a: Moltres|Moltres|100/100
|move|p2a: Rillaboom|Wood Hammer|p1a: Moltres
|-resisted|p1a: Moltres
|-damage|p1a: Moltres|74/100
|-damage|p2a: Rillaboom|57/100|[from] Recoil
|
|-heal|p2a: Rillaboom|63/100|[from] Grassy Terrain
|upkeep
|turn|3
|
|t:|1769357562
|switch|p2a: Garganacl|Garganacl, M|100/100
|-damage|p2a: Garganacl|88/100|[from] Spikes
|move|p1a: Moltres|U-turn|p2a: Garganacl
|-damage|p2a: Garganacl|80/100
|
|t:|1769357565
|switch|p1a: Serperior|Serperior, F|100/100|[from] U-turn
|
|-heal|p2a: Garganacl|86/100|[from] Grassy Terrain
|-heal|p2a: Garganacl|92/100|[from] item: Leftovers
|upkeep
|turn|4
|
|t:|1769357578
|switch|p2a: Skeledirge|Skeledirge, F|100/100
|move|p1a: Serperior|Substitute|p1a: Serperior
|-start|p1a: Serperior|Substitute
|-damage|p1a: Serperior|76/100
|
|-heal|p1a: Serperior|82/100|[from] Grassy Terrain
|-heal|p1a: Serperior|88/100|[from] item: Leftovers
|upkeep
|turn|5
|
|t:|1769357586
|move|p1a: Serperior|Glare|p2a: Skeledirge
|-status|p2a: Skeledirge|par
|move|p2a: Skeledirge|Torch Song|p1a: Serperior
|-supereffective|p1a: Serperior
|-damage|p1a: Serperior|24/100
|-boost|p2a: Skeledirge|spa|1
|
|-heal|p1a: Serperior|30/100|[from] Grassy Terrain
|-heal|p1a: Serperior|37/100|[from] item: Leftovers
|-fieldend|move: Grassy Terrain
|upkeep
|turn|6
|
|t:|1769357596
|switch|p1a: Samurott|Samurott-Hisui, F|100/100
|move|p2a: Skeledirge|Torch Song|p1a: Samurott
|-resisted|p1a: Samurott
|-damage|p1a: Samurott|85/100
|-boost|p2a: Skeledirge|spa|1
|
|upkeep
|turn|7
|
|t:|1769357618
|switch|p2a: Dragapult|Dragapult, M|100/100
|-damage|p2a: Dragapult|88/100|[from] Spikes
|move|p1a: Samurott|Ceaseless Edge|p2a: Dragapult
|-supereffective|p2a: Dragapult
|-damage|p2a: Dragapult|0 fnt
|-sidestart|p2: azizlabagar|Spikes
|faint|p2a: Dragapult
|
|upkeep
|
|t:|1769357627
|switch|p2a: Rillaboom|Rillaboom, F|63/100
|-damage|p2a: Rillaboom|47/100|[from] Spikes
|-fieldstart|move: Grassy Terrain|[from] ability: Grassy Surge|[of] p2a: Rillaboom
|turn|8
|
|t:|1769357633
|switch|p1a: Moltres|Moltres|74/100
|move|p2a: Rillaboom|Wood Hammer|p1a: Moltres
|-resisted|p1a: Moltres
|-damage|p1a: Moltres|45/100
|-damage|p2a: Rillaboom|37/100|[from] Recoil
|
|-heal|p2a: Rillaboom|43/100|[from] Grassy Terrain
|upkeep
|turn|9
|
|t:|1769357643
|switch|p2a: Garganacl|Garganacl, M|92/100
|-damage|p2a: Garganacl|75/100|[from] Spikes
|move|p1a: Moltres|Roost|p1a: Moltres
|-heal|p1a: Moltres|95/100
|-singleturn|p1a: Moltres|move: Roost
|
|-heal|p1a: Moltres|100/100|[from] Grassy Terrain
|-heal|p2a: Garganacl|82/100|[from] Grassy Terrain
|-heal|p2a: Garganacl|88/100|[from] item: Leftovers
|upkeep
|turn|10
|
|t:|1769357665
|switch|p1a: Serperior|Serperior, F|37/100
|switch|p2a: Rillaboom|Rillaboom, F|43/100
|-damage|p2a: Rillaboom|27/100|[from] Spikes
|
|-heal|p1a: Serperior|43/100|[from] Grassy Terrain
|-heal|p1a: Serperior|49/100|[from] item: Leftovers
|-heal|p2a: Rillaboom|33/100|[from] Grassy Terrain
|upkeep
|turn|11
|
|t:|1769357677
|move|p1a: Serperior|Leaf Storm|p2a: Rillaboom
|-resisted|p2a: Rillaboom
|-damage|p2a: Rillaboom|0 fnt
|-boost|p1a: Serperior|spa|2
|faint|p2a: Rillaboom
|
|-heal|p1a: Serperior|55/100|[from] Grassy Terrain
|-heal|p1a: Serperior|61/100|[from] item: Leftovers
|upkeep
|
|t:|1769357687
|switch|p2a: Kingambit|Kingambit, M|100/100
|-activate|p2a: Kingambit|ability: Supreme Overlord
|-start|p2a: Kingambit|fallen2|[silent]
|-item|p2a: Kingambit|Air Balloon
|turn|12
|
|t:|1769357694
|-terastallize|p1a: Serperior|Fire
|move|p2a: Kingambit|Sucker Punch|p1a: Serperior
|-damage|p1a: Serperior|7/100
|move|p1a: Serperior|Tera Blast|p2a: Kingambit|[anim] Tera Blast Fire
|-supereffective|p2a: Kingambit
|-damage|p2a: Kingambit|0 fnt
|-enditem|p2a: Kingambit|Air Balloon
|faint|p2a: Kingambit
|-end|p2a: Kingambit|fallen2|[silent]
|
|-heal|p1a: Serperior|13/100|[from] Grassy Terrain
|-heal|p1a: Serperior|19/100|[from] item: Leftovers
|-fieldend|move: Grassy Terrain
|upkeep
|
|t:|1769357706
|switch|p2a: Ceruledge|Ceruledge, F|100/100
|-damage|p2a: Ceruledge|84/100|[from] Spikes
|turn|13
|
|t:|1769357714
|move|p2a: Ceruledge|Shadow Sneak|p1a: Serperior
|-damage|p1a: Serperior|0 fnt
|faint|p1a: Serperior
|
|upkeep
|
|t:|1769357719
|switch|p1a: Samurott|Samurott-Hisui, F|85/100
|turn|14
|
|t:|1769357736
|-terastallize|p2a: Ceruledge|Ghost
|move|p1a: Samurott|Razor Shell|p2a: Ceruledge
|-damage|p2a: Ceruledge|28/100
|-unboost|p2a: Ceruledge|def|1
|-ability|p2a: Ceruledge|Weak Armor|boost
|-unboost|p2a: Ceruledge|def|1
|-boost|p2a: Ceruledge|spe|2
|move|p2a: Ceruledge|Poltergeist|p1a: Samurott
|-activate|p1a: Samurott|move: Poltergeist|Assault Vest
|-resisted|p1a: Samurott
|-damage|p1a: Samurott|34/100
|
|upkeep
|turn|15
|
|t:|1769357758
|switch|p1a: Corviknight|Corviknight, F|100/100
|move|p2a: Ceruledge|Shadow Sneak|p1a: Corviknight
|-damage|p1a: Corviknight|82/100
|
|-heal|p1a: Corviknight|88/100|[from] item: Leftovers
|upkeep
|turn|16
|
|t:|1769357769
|switch|p1a: Moltres|Moltres|100/100
|move|p2a: Ceruledge|Bitter Blade|p1a: Moltres
|-resisted|p1a: Moltres
|-damage|p1a: Moltres|83/100
|-heal|p2a: Ceruledge|39/100|[from] drain|[of] p1a: Moltres
|-status|p2a: Ceruledge|brn|[from] ability: Flame Body|[of] p1a: Moltres
|
|-damage|p2a: Ceruledge|33/100 brn|[from] brn
|upkeep
|turn|17
|
|t:|1769357790
|switch|p2a: Garganacl|Garganacl, M|88/100
|-damage|p2a: Garganacl|71/100|[from] Spikes
|move|p1a: Moltres|Flamethrower|p2a: Garganacl
|-resisted|p2a: Garganacl
|-damage|p2a: Garganacl|56/100
|
|-heal|p2a: Garganacl|62/100|[from] item: Leftovers
|upkeep
|turn|18
|
|t:|1769357810
|move|p1a: Moltres|Flamethrower|p2a: Garganacl
|-resisted|p2a: Garganacl
|-damage|p2a: Garganacl|46/100
|move|p2a: Garganacl|Salt Cure|p1a: Moltres
|-supereffective|p1a: Moltres
|-damage|p1a: Moltres|38/100
|-start|p1a: Moltres|Salt Cure
|
|-heal|p2a: Garganacl|52/100|[from] item: Leftovers
|-damage|p1a: Moltres|25/100|[from] Salt Cure
|upkeep
|turn|19
|
|t:|1769357820
|move|p1a: Moltres|Roost|p1a: Moltres
|-heal|p1a: Moltres|75/100
|-singleturn|p1a: Moltres|move: Roost
|move|p2a: Garganacl|Recover|p2a: Garganacl
|-heal|p2a: Garganacl|100/100
|
|-damage|p1a: Moltres|63/100|[from] Salt Cure
|upkeep
|turn|20
|
|t:|1769357831
|move|p1a: Moltres|Flamethrower|p2a: Garganacl
|-resisted|p2a: Garganacl
|-damage|p2a: Garganacl|85/100
|move|p2a: Garganacl|Salt Cure|p1a: Moltres
|-supereffective|p1a: Moltres
|-damage|p1a: Moltres|15/100
|
|-heal|p2a: Garganacl|91/100|[from] item: Leftovers
|-damage|p1a: Moltres|2/100|[from] Salt Cure
|upkeep
|turn|21
|
|t:|1769357847
|switch|p2a: Ceruledge|Ceruledge, F, tera:Ghost|33/100 brn
|-damage|p2a: Ceruledge|16/100 brn|[from] Spikes
|move|p1a: Moltres|Flamethrower|p2a: Ceruledge
|-damage|p2a: Ceruledge|0 fnt
|faint|p2a: Ceruledge
|
|-damage|p1a: Moltres|0 fnt|[from] Salt Cure
|faint|p1a: Moltres
|upkeep
|
|t:|1769357863
|switch|p2a: Skeledirge|Skeledirge, F|100/100 par
|switch|p1a: Samurott|Samurott-Hisui, F|34/100
|turn|22
|
|t:|1769357877
|move|p1a: Samurott|Razor Shell|p2a: Skeledirge
|-supereffective|p2a: Skeledirge
|-damage|p2a: Skeledirge|30/100 par
|cant|p2a: Skeledirge|par
|
|upkeep
|turn|23
|
|t:|1769357912
|move|p1a: Samurott|Ceaseless Edge|p2a: Skeledirge
|-supereffective|p2a: Skeledirge
|-damage|p2a: Skeledirge|0 fnt
|-sidestart|p2: azizlabagar|Spikes
|faint|p2a: Skeledirge
|
|upkeep
|
|t:|1769357921
|switch|p2a: Garganacl|Garganacl, M|91/100
|-damage|p2a: Garganacl|67/100|[from] Spikes
|turn|24
|
|t:|1769357931
|move|p1a: Samurott|Razor Shell|p2a: Garganacl
|-supereffective|p2a: Garganacl
|-damage|p2a: Garganacl|18/100
|move|p2a: Garganacl|Earthquake|p1a: Samurott
|-crit|p1a: Samurott
|-damage|p1a: Samurott|0 fnt
|faint|p1a: Samurott
|
|-heal|p2a: Garganacl|25/100|[from] item: Leftovers
|upkeep
|
|t:|1769357936
|switch|p1a: Gholdengo|Gholdengo|100/100
|-item|p1a: Gholdengo|Air Balloon
|turn|25
|
|t:|1769357944
|move|p1a: Gholdengo|Make It Rain|p2a: Garganacl
|-supereffective|p2a: Garganacl
|-damage|p2a: Garganacl|0 fnt
|-unboost|p1a: Gholdengo|spa|1
|faint|p2a: Garganacl
|
|win|bear work
|raw|bear work's rating: 1112 &rarr; <strong>1137</strong><br />(+25 for winning)
|raw|azizlabagar's rating: 1107 &rarr; <strong>1082</strong><br />(-25 for losing)
