|j|☆Trainer #39
|j|☆Ctannn
|t:|1769335699
|gametype|singles
|player|p1|Trainer #39|bugsy|1788
|player|p2|Ctannn|266|1798
|gen|9
|tier|[Gen 9] OU
|rated|
|rule|HP Percentage Mod: HP is shown in percentages
|rule|Endless Battle Clause: Forcing endless battles is banned
|rule|Species Clause: Limit one of each Pokémon
|rule|OHKO Clause: OHKO moves are banned
|rule|Evasion Items Clause: Evasion items are banned
|rule|Evasion Moves Clause: Evasion moves are banned
|rule|Evasion Abilities Clause: Evasion abilities are banned
|rule|Sleep Moves Clause: Sleep-inducing moves are banned
|clearpoke
|poke|p1|Blissey, F|
|poke|p1|Corviknight, M|
|poke|p1|Dondozo, M|
|poke|p1|Gliscor, M|
|poke|p1|Clefable, M|
|poke|p1|Slowking-Galar, M|
|poke|p2|Rillaboom, F|
|poke|p2|Garganacl, F|
|poke|p2|Cinderace, M|
|poke|p2|Raging Bolt|
|poke|p2|Slowking-Galar, M|
|poke|p2|Landorus-Therian, M|
|teampreview
|inactive|Battle timer is ON: inactive players will automatically lose when time's up. (requested by Ctannn)
|j| Samurajen
|j| 12723 Dong
|l| 12723 Dong
|
|t:|1769335707
|teamsize|p1|6
|teamsize|p2|6
|start
|switch|p1a: Free Palestine|Gliscor, M|100/100
|switch|p2a: Slowking|Slowking-Galar, M|100/100
|turn|1
|
|t:|1769335711
|move|p1a: Free Palestine|Protect|p1a: Free Palestine
|-singleturn|p1a: Free Palestine|Protect
|move|p2a: Slowking|Ice Beam|p1a: Free Palestine
|-activate|p1a: Free Palestine|move: Protect
|
|-status|p1a: Free Palestine|tox|[from] item: Toxic Orb
|upkeep
|turn|2
|
|t:|1769335713
|switch|p1a: Save Sudan|Slowking-Galar, M|100/100
|move|p2a: Slowking|Ice Beam|p1a: Save Sudan
|-damage|p1a: Save Sudan|83/100
|
|upkeep
|turn|3
|
|t:|1769335717
|switch|p2a: Landorus|Landorus-Therian, M|100/100
|-ability|p2a: Landorus|Intimidate|boost
|-unboost|p1a: Save Sudan|atk|1
|move|p1a: Save Sudan|Thunder Wave|p2a: Landorus
|-immune|p2a: Landorus
|
|upkeep
|turn|4
|
|t:|1769335724
|switch|p1a: Trump is low IQ|Corviknight, M|100/100
|-ability|p1a: Trump is low IQ|Pressure
|switch|p2a: Slowking|Slowking-Galar, M|100/100
|
|upkeep
|turn|5
|j| Fifo drummer
|inactive|Trainer #39 has 120 seconds left.
|
|t:|1769335777
|switch|p1a: Save Sudan|Slowking-Galar, M|100/100
|move|p2a: Slowking|Future Sight|p1a: Save Sudan
|-start|p2a: Slowking|move: Future Sight
|
|upkeep
|turn|6
|
|t:|1769335793
|switch|p2a: Landorus|Landorus-Therian, M|100/100
|-ability|p2a: Landorus|Intimidate|boost
|-unboost|p1a: Save Sudan|atk|1
|move|p1a: Save Sudan|Thunder Wave|p2a: Landorus
|-immune|p2a: Landorus
|
|upkeep
|turn|7
|
|t:|1769335808
|switch|p1a: Trump is low IQ|Corviknight, M|100/100
|-ability|p1a: Trump is low IQ|Pressure
|switch|p2a: Garganacl|Garganacl, F|100/100
|
|-end|p1a: Trump is low IQ|move: Future Sight
|-resisted|p1a: Trump is low IQ
|-damage|p1a: Trump is low IQ|77/100
|upkeep
|turn|8
|inactive|Trainer #39 has 90 seconds left.
|j| antologyy
|
|t:|1769335867
|switch|p1a: Save Sudan|Slowking-Galar, M|100/100
|move|p2a: Garganacl|Salt Cure|p1a: Save Sudan
|-damage|p1a: Save Sudan|83/100
|-start|p1a: Save Sudan|Salt Cure
|
|-damage|p1a: Save Sudan|71/100|[from] Salt Cure
|upkeep
|turn|9
|
|t:|1769335872
|switch|p1a: Free Palestine|Gliscor, M|100/100 tox
|move|p2a: Garganacl|Protect||[still]
|-fail|p2a: Garganacl
|
|upkeep
|turn|10
|j| Choura
|
|t:|1769335891
|switch|p2a: Slowking|Slowking-Galar, M|100/100
|move|p1a: Free Palestine|Substitute|p1a: Free Palestine
|-start|p1a: Free Palestine|Substitute
|-damage|p1a: Free Palestine|76/100 tox
|
|-heal|p1a: Free Palestine|88/100 tox|[from] ability: Poison Heal
|upkeep
|turn|11
|
|t:|1769335903
|move|p1a: Free Palestine|Earthquake|p2a: Slowking
|-supereffective|p2a: Slowking
|-damage|p2a: Slowking|53/100
|move|p2a: Slowking|Future Sight|p1a: Free Palestine
|-start|p2a: Slowking|move: Future Sight
|
|-heal|p1a: Free Palestine|100/100 tox|[from] ability: Poison Heal
|upkeep
|turn|12
|
|t:|1769335920
|move|p1a: Free Palestine|Earthquake|p2a: Slowking
|-supereffective|p2a: Slowking
|-crit|p2a: Slowking
|-damage|p2a: Slowking|0 fnt
|faint|p2a: Slowking
|
|upkeep
|l| antologyy
|
|t:|1769335931
|switch|p2a: Garganacl|Garganacl, F|100/100
|turn|13
|j| antologyy
|l| antologyy
|inactive|Trainer #39 has 90 seconds left.
|
|t:|1769335947
|move|p1a: Free Palestine|Earthquake|p2a: Garganacl
|-supereffective|p2a: Garganacl
|-damage|p2a: Garganacl|63/100
|move|p2a: Garganacl|Curse|p2a: Garganacl
|-unboost|p2a: Garganacl|spe|1
|-boost|p2a: Garganacl|atk|1
|-boost|p2a: Garganacl|def|1
|
|-end|p1a: Free Palestine|move: Future Sight
|-end|p1a: Free Palestine|Substitute
|-heal|p2a: Garganacl|69/100|[from] item: Leftovers
|upkeep
|turn|14
|
|t:|1769335957
|move|p1a: Free Palestine|Substitute|p1a: Free Palestine
|-start|p1a: Free Palestine|Substitute
|-damage|p1a: Free Palestine|76/100 tox
|move|p2a: Garganacl|Salt Cure|p1a: Free Palestine
|-crit|p1a: Free Palestine
|-activate|p1a: Free Palestine|move: Substitute|[damage]
|
|-heal|p2a: Garganacl|75/100|[from] item: Leftovers
|-heal|p1a: Free Palestine|88/100 tox|[from] ability: Poison Heal
|upkeep
|turn|15
|
|t:|1769335961
|move|p1a: Free Palestine|Earthquake|p2a: Garganacl
|-supereffective|p2a: Garganacl
|-damage|p2a: Garganacl|50/100
|move|p2a: Garganacl|Curse|p2a: Garganacl
|-unboost|p2a: Garganacl|spe|1
|-boost|p2a: Garganacl|atk|1
|-boost|p2a: Garganacl|def|1
|
|-heal|p2a: Garganacl|56/100|[from] item: Leftovers
|-heal|p1a: Free Palestine|100/100 tox|[from] ability: Poison Heal
|upkeep
|turn|16
|
|t:|1769335965
|switch|p1a: Save Sudan|Slowking-Galar, M|100/100
|move|p2a: Garganacl|Curse|p2a: Garganacl
|-unboost|p2a: Garganacl|spe|1
|-boost|p2a: Garganacl|atk|1
|-boost|p2a: Garganacl|def|1
|
|-heal|p2a: Garganacl|62/100|[from] item: Leftovers
|upkeep
|turn|17
|
|t:|1769335968
|move|p2a: Garganacl|Protect|p2a: Garganacl
|-singleturn|p2a: Garganacl|Protect
|move|p1a: Save Sudan|Trick|p2a: Garganacl
|-activate|p2a: Garganacl|move: Protect
|
|-heal|p2a: Garganacl|68/100|[from] item: Leftovers
|upkeep
|turn|18
|l| Fifo drummer
|
|t:|1769335972
|move|p1a: Save Sudan|Trick|p2a: Garganacl
|-activate|p1a: Save Sudan|move: Trick|[of] p2a: Garganacl
|-item|p2a: Garganacl|Choice Scarf|[from] move: Trick
|-item|p1a: Save Sudan|Leftovers|[from] move: Trick
|move|p2a: Garganacl|Salt Cure|p1a: Save Sudan
|-damage|p1a: Save Sudan|61/100
|-start|p1a: Save Sudan|Salt Cure
|
|-heal|p1a: Save Sudan|67/100|[from] item: Leftovers
|-damage|p1a: Save Sudan|54/100|[from] Salt Cure
|upkeep
|turn|19
|
|t:|1769335977
|switch|p1a: Free Palestine|Gliscor, M|100/100 tox
|move|p2a: Garganacl|Salt Cure|p1a: Free Palestine
|-damage|p1a: Free Palestine|79/100 tox
|-start|p1a: Free Palestine|Salt Cure
|
|-heal|p1a: Free Palestine|92/100 tox|[from] ability: Poison Heal
|-damage|p1a: Free Palestine|79/100 tox|[from] Salt Cure
|upkeep
|turn|20
|
|t:|1769335986
|move|p1a: Free Palestine|Protect|p1a: Free Palestine
|-singleturn|p1a: Free Palestine|Protect
|move|p2a: Garganacl|Salt Cure|p1a: Free Palestine
|-activate|p1a: Free Palestine|move: Protect
|
|-heal|p1a: Free Palestine|92/100 tox|[from] ability: Poison Heal
|-damage|p1a: Free Palestine|79/100 tox|[from] Salt Cure
|upkeep
|turn|21
|
|t:|1769335991
|switch|p1a: Charli xcx|Clefable, M|100/100
|move|p2a: Garganacl|Salt Cure|p1a: Charli xcx
|-damage|p1a: Charli xcx|85/100
|-start|p1a: Charli xcx|Salt Cure
|
|-damage|p1a: Charli xcx|73/100|[from] Salt Cure
|upkeep
|turn|22
|j| loen_64
|-message|Ctannn forfeited.
|
|win|Trainer #39
|raw|Trainer #39's rating: 1788 &rarr; <strong>1809</strong><br />(+21 for winning)
|raw|Ctannn's rating: 1798 &rarr; <strong>1777</strong><br />(-21 for losing)
|l|☆Ctannn
|player|p2|
|l|☆Trainer #39
|player|p1|
|l| Choura
