|j|☆minimest
|j|☆mytsoo
|t:|1769380007
|gametype|singles
|player|p1|minimest|2|1364
|player|p2|mytsoo|steven|1293
|gen|9
|tier|[Gen 9] OU
|rated|
|rule|HP Percentage Mod: HP is shown in percentages
|rule|Endless Battle Clause: Forcing endless battles is banned
|rule|Species Clause: Limit one of each Pokémon
|rule|OHKO Clause: OHKO moves are banned
|rule|Evasion Items Clause: Evasion items are banned
|rule|Evasion Moves Clause: Evasion moves are banned
|rule|Evasion Abilities Clause: Evasion abilities are banned
|rule|Sleep Moves Clause: Sleep-inducing moves are banned
|clearpoke
|poke|p1|Luxray, M|
|poke|p1|Walking Wake|
|poke|p1|Okidogi, M|
|poke|p1|Infernape, F|
|poke|p1|Dusknoir, M|
|poke|p1|Great Tusk|
|poke|p2|Gliscor, F|
|poke|p2|Clefable, F|
|poke|p2|Skeledirge, M|
|poke|p2|Garganacl, M|
|poke|p2|Great Tusk|
|poke|p2|Kingambit, F|
|teampreview
|inactive|Battle timer is ON: inactive players will automatically lose when time's up. (requested by minimest)
|
|t:|1769380020
|teamsize|p1|6
|teamsize|p2|6
|start
|switch|p1a: Dusknoir|Dusknoir, M|100/100
|switch|p2a: Gliscor|Gliscor, F, shiny|100/100
|-item|p2a: Gliscor|Toxic Orb|[from] ability: Frisk|[of] p1a: Dusknoir
|turn|1
|
|t:|1769380027
|move|p2a: Gliscor|Protect|p2a: Gliscor
|-singleturn|p2a: Gliscor|Protect
|move|p1a: Dusknoir|Will-O-Wisp|p2a: Gliscor
|-activate|p2a: Gliscor|move: Protect
|
|-status|p2a: Gliscor|tox|[from] item: Toxic Orb
|upkeep
|turn|2
|
|t:|1769380035
|move|p2a: Gliscor|Toxic|p1a: Dusknoir
|-status|p1a: Dusknoir|tox
|move|p1a: Dusknoir|Poltergeist|p2a: Gliscor
|-activate|p2a: Gliscor|move: Poltergeist|Toxic Orb
|-damage|p2a: Gliscor|76/100 tox
|
|-heal|p2a: Gliscor|89/100 tox|[from] ability: Poison Heal
|-damage|p1a: Dusknoir|94/100 tox|[from] psn
|upkeep
|turn|3
|
|t:|1769380043
|switch|p1a: Walking Wake|Walking Wake|100/100
|move|p2a: Gliscor|Knock Off|p1a: Walking Wake
|-damage|p1a: Walking Wake|76/100
|-enditem|p1a: Walking Wake|Life Orb|[from] move: Knock Off|[of] p2a: Gliscor
|
|-heal|p2a: Gliscor|100/100 tox|[from] ability: Poison Heal
|upkeep
|turn|4
|
|t:|1769380053
|switch|p2a: Clefable|Clefable, F|100/100
|move|p1a: Walking Wake|Sunny Day|p1a: Walking Wake
|-weather|SunnyDay
|-activate|p1a: Walking Wake|ability: Protosynthesis
|-start|p1a: Walking Wake|protosynthesisspa
|
|-weather|SunnyDay|[upkeep]
|upkeep
|turn|5
|
|t:|1769380064
|-end|p1a: Walking Wake|Protosynthesis|[silent]
|switch|p1a: Okidogi|Okidogi, M|100/100
|move|p2a: Clefable|Thunder Wave|p1a: Okidogi
|-status|p1a: Okidogi|par
|
|-weather|SunnyDay|[upkeep]
|upkeep
|turn|6
|-message|minimest forfeited.
|
|win|mytsoo
|raw|minimest's rating: 1364 &rarr; <strong>1340</strong><br />(-24 for losing)
|raw|mytsoo's rating: 1293 &rarr; <strong>1323</strong><br />(+30 for winning)
|l|☆minimest
|player|p1|
|l|☆mytsoo
|player|p2|
