|j|☆KenjiShiguma
|j|☆burmyhunter9903
|t:|1769366975
|gametype|singles
|player|p1|KenjiShiguma|pokemonbreeder-gen4|1108
|player|p2|burmyhunter9903|cynthia-gen4|1136
|gen|9
|tier|[Gen 9] OU
|rated|
|rule|HP Percentage Mod: HP is shown in percentages
|rule|Endless Battle Clause: Forcing endless battles is banned
|rule|Species Clause: Limit one of each Pokémon
|rule|OHKO Clause: OHKO moves are banned
|rule|Evasion Items Clause: Evasion items are banned
|rule|Evasion Moves Clause: Evasion moves are banned
|rule|Evasion Abilities Clause: Evasion abilities are banned
|rule|Sleep Moves Clause: Sleep-inducing moves are banned
|clearpoke
|poke|p1|Bisharp, F|
|poke|p1|Muk-Alola, F|
|poke|p1|Gastrodon, F|
|poke|p1|Rotom-Mow|
|poke|p1|Weezing, F|
|poke|p1|Gallade, M|
|poke|p2|Grimmsnarl, M|
|poke|p2|Salamence, M|
|poke|p2|Carbink|
|poke|p2|Magmortar, F|
|poke|p2|Greninja-*, M|
|poke|p2|Excadrill, M|
|teampreview
|inactive|Battle timer is ON: inactive players will automatically lose when time's up. (requested by burmyhunter9903)
|
|t:|1769366988
|teamsize|p1|6
|teamsize|p2|6
|start
|switch|p1a: Muk|Muk-Alola, F|100/100
|switch|p2a: Carbink|Carbink|100/100
|turn|1
|c|☆burmyhunter9903|glhf
|
|t:|1769366994
|move|p1a: Muk|Poison Fang|p2a: Carbink
|-damage|p2a: Carbink|80/100
|move|p2a: Carbink|Stealth Rock|p1a: Muk
|-sidestart|p1: KenjiShiguma|move: Stealth Rock
|
|upkeep
|turn|2
|
|t:|1769367000
|move|p2a: Carbink|Reflect|p2a: Carbink
|-sidestart|p2: burmyhunter9903|Reflect
|move|p1a: Muk|Poison Fang|p2a: Carbink
|-damage|p2a: Carbink|71/100
|-status|p2a: Carbink|tox
|
|-damage|p2a: Carbink|65/100 tox|[from] psn
|upkeep
|turn|3
|
|t:|1769367011
|switch|p1a: Gastrodon|Gastrodon, F|100/100
|-damage|p1a: Gastrodon|94/100|[from] Stealth Rock
|move|p2a: Carbink|Light Screen|p2a: Carbink
|-sidestart|p2: burmyhunter9903|move: Light Screen
|
|-heal|p1a: Gastrodon|100/100|[from] item: Leftovers
|-damage|p2a: Carbink|53/100 tox|[from] psn
|upkeep
|turn|4
|
|t:|1769367022
|switch|p2a: Magmortar|Magmortar, F|100/100
|move|p1a: Gastrodon|Spikes|p2a: Magmortar
|-sidestart|p2: burmyhunter9903|Spikes
|
|upkeep
|turn|5
|
|t:|1769367028
|move|p2a: Magmortar|Solar Beam||[still]
|-prepare|p2a: Magmortar|Solar Beam
|-enditem|p2a: Magmortar|Power Herb
|-anim|p2a: Magmortar|Solar Beam|p1a: Gastrodon
|-supereffective|p1a: Gastrodon
|-damage|p1a: Gastrodon|0 fnt
|faint|p1a: Gastrodon
|
|upkeep
|
|t:|1769367046
|switch|p1a: Bisharp|Bisharp, F|100/100
|-damage|p1a: Bisharp|94/100|[from] Stealth Rock
|turn|6
|
|t:|1769367050
|move|p2a: Magmortar|Flamethrower|p1a: Bisharp
|-supereffective|p1a: Bisharp
|-damage|p1a: Bisharp|0 fnt
|faint|p1a: Bisharp
|
|upkeep
|
|t:|1769367062
|switch|p1a: Weezing|Weezing, F|100/100
|-damage|p1a: Weezing|88/100|[from] Stealth Rock
|turn|7
|
|t:|1769367066
|move|p2a: Magmortar|Psychic|p1a: Weezing
|-supereffective|p1a: Weezing
|-damage|p1a: Weezing|0 fnt
|faint|p1a: Weezing
|
|upkeep
|
|t:|1769367073
|switch|p1a: Muk|Muk-Alola, F|100/100
|-damage|p1a: Muk|88/100|[from] Stealth Rock
|turn|8
|
|t:|1769367078
|move|p2a: Magmortar|Flamethrower|p1a: Muk
|-damage|p1a: Muk|53/100
|-status|p1a: Muk|brn
|-enditem|p1a: Muk|Red Card|[of] p2a: Magmortar
|drag|p2a: Greninja|Greninja, M|100/100
|-damage|p2a: Greninja|88/100|[from] Spikes
|move|p1a: Muk|Poison Fang|p2a: Greninja
|-damage|p2a: Greninja|78/100
|-status|p2a: Greninja|tox
|
|-damage|p2a: Greninja|72/100 tox|[from] psn
|-damage|p1a: Muk|47/100 brn|[from] brn
|upkeep
|turn|9
|
|t:|1769367096
|move|p2a: Greninja|Surf|p1a: Muk
|-damage|p1a: Muk|2/100 brn
|-damage|p2a: Greninja|62/100 tox|[from] item: Life Orb
|move|p1a: Muk|Recycle|p1a: Muk
|-item|p1a: Muk|Red Card|[from] move: Recycle
|
|-damage|p2a: Greninja|50/100 tox|[from] psn
|-damage|p1a: Muk|0 fnt|[from] brn
|faint|p1a: Muk
|-sideend|p2: burmyhunter9903|Reflect
|upkeep
|
|t:|1769367109
|switch|p1a: Gallade|Gallade, M|100/100
|-damage|p1a: Gallade|94/100|[from] Stealth Rock
|turn|10
|
|t:|1769367117
|-terastallize|p2a: Greninja|Poison
|move|p2a: Greninja|Surf|p1a: Gallade
|-damage|p1a: Gallade|35/100
|-damage|p2a: Greninja|40/100 tox|[from] item: Life Orb
|move|p1a: Gallade|Sacred Sword|p2a: Greninja
|-resisted|p2a: Greninja
|-damage|p2a: Greninja|0 fnt
|faint|p2a: Greninja
|
|-sideend|p2: burmyhunter9903|move: Light Screen
|upkeep
|
|t:|1769367123
|switch|p2a: Salamence|Salamence, M|100/100
|-ability|p2a: Salamence|Intimidate|boost
|-unboost|p1a: Gallade|atk|1
|turn|11
|
|t:|1769367135
|move|p1a: Gallade|Encore||[still]
|-fail|p1a: Gallade
|move|p2a: Salamence|Roar|p1a: Gallade
|-enditem|p2a: Salamence|Throat Spray
|-boost|p2a: Salamence|spa|1|[from] item: Throat Spray
|-enditem|p1a: Gallade|Mirror Herb
|-boost|p1a: Gallade|spa|1|[from] item: Mirror Herb
|drag|p1a: Rotom|Rotom-Mow|100/100
|-damage|p1a: Rotom|88/100|[from] Stealth Rock
|
|upkeep
|turn|12
|
|t:|1769367147
|move|p2a: Salamence|Dragon Pulse|p1a: Rotom
|-damage|p1a: Rotom|10/100
|move|p1a: Rotom|Volt Switch|p2a: Salamence
|-damage|p2a: Salamence|37/100
|
|t:|1769367153
|switch|p1a: Gallade|Gallade, M|35/100|[from] Volt Switch
|-damage|p1a: Gallade|29/100|[from] Stealth Rock
|
|upkeep
|turn|13
|
|t:|1769367159
|move|p2a: Salamence|Air Slash|p1a: Gallade
|-supereffective|p1a: Gallade
|-damage|p1a: Gallade|0 fnt
|faint|p1a: Gallade
|
|upkeep
|
|t:|1769367167
|switch|p1a: Rotom|Rotom-Mow|10/100
|-damage|p1a: Rotom|0 fnt|[from] Stealth Rock
|faint|p1a: Rotom
|
|win|burmyhunter9903
|raw|KenjiShiguma's rating: 1108 &rarr; <strong>1085</strong><br />(-23 for losing)
|raw|burmyhunter9903's rating: 1136 &rarr; <strong>1159</strong><br />(+23 for winning)
|c|☆burmyhunter9903|gg
|l|☆KenjiShiguma
|player|p1|
|l|☆burmyhunter9903
|player|p2|
