|j|☆wugui2026
|j|‽Roboute
|t:|1769404859
|gametype|singles
|player|p1|wugui2026|266|1551
|player|p2|Roboute|170|1465
|gen|9
|tier|[Gen 9] OU
|rated|
|rule|HP Percentage Mod: HP is shown in percentages
|rule|Endless Battle Clause: Forcing endless battles is banned
|rule|Species Clause: Limit one of each Pokémon
|rule|OHKO Clause: OHKO moves are banned
|rule|Evasion Items Clause: Evasion items are banned
|rule|Evasion Moves Clause: Evasion moves are banned
|rule|Evasion Abilities Clause: Evasion abilities are banned
|rule|Sleep Moves Clause: Sleep-inducing moves are banned
|clearpoke
|poke|p1|Serperior, M|
|poke|p1|Samurott-Hisui, F|
|poke|p1|Iron Treads|
|poke|p1|Gholdengo|
|poke|p1|Moltres|
|poke|p1|Dragonite, M|
|poke|p2|Hatterene, F|
|poke|p2|Ursaluna, M|
|poke|p2|Porygon2|
|poke|p2|Cresselia, F|
|poke|p2|Iron Hands|
|poke|p2|Volcanion|
|teampreview
|inactive|Battle timer is ON: inactive players will automatically lose when time's up. (requested by Roboute)
|inactive|wugui2026 also wants the timer to be on.
|
|t:|1769404867
|teamsize|p1|6
|teamsize|p2|6
|start
|switch|p1a: Samurott|Samurott-Hisui, F|100/100
|switch|p2a: Cresselia|Cresselia, F, shiny|100/100
|turn|1
|
|t:|1769404877
|move|p1a: Samurott|Ceaseless Edge|p2a: Cresselia
|-supereffective|p2a: Cresselia
|-damage|p2a: Cresselia|47/100
|-sidestart|p2: Roboute|Spikes
|move|p2a: Cresselia|Trick Room|p2a: Cresselia
|-fieldstart|move: Trick Room|[of] p2a: Cresselia
|
|upkeep
|turn|2
|
|t:|1769404881
|move|p2a: Cresselia|Lunar Dance|p2a: Cresselia
|faint|p2a: Cresselia
|move|p1a: Samurott|Ceaseless Edge|p2: Cresselia|[notarget]
|-fail|p1a: Samurott
|
|upkeep
|
|t:|1769404887
|switch|p2a: Iron Hands|Iron Hands|100/100
|-damage|p2a: Iron Hands|88/100|[from] Spikes
|-enditem|p2a: Iron Hands|Booster Energy
|-activate|p2a: Iron Hands|ability: Quark Drive|[fromitem]
|-start|p2a: Iron Hands|quarkdriveatk
|turn|3
|
|t:|1769404902
|switch|p1a: Iron Treads|Iron Treads|100/100
|-item|p1a: Iron Treads|Air Balloon
|move|p2a: Iron Hands|Swords Dance|p2a: Iron Hands
|-boost|p2a: Iron Hands|atk|2
|
|upkeep
|turn|4
|
|t:|1769404915
|move|p2a: Iron Hands|Wild Charge|p1a: Iron Treads
|-immune|p1a: Iron Treads
|move|p1a: Iron Treads|Earthquake|p2a: Iron Hands
|-supereffective|p2a: Iron Hands
|-damage|p2a: Iron Hands|34/100
|
|upkeep
|turn|5
|
|t:|1769404924
|move|p2a: Iron Hands|Wild Charge|p1a: Iron Treads
|-immune|p1a: Iron Treads
|move|p1a: Iron Treads|Earthquake|p2a: Iron Hands
|-supereffective|p2a: Iron Hands
|-damage|p2a: Iron Hands|0 fnt
|faint|p2a: Iron Hands
|-end|p2a: Iron Hands|Quark Drive|[silent]
|
|-fieldend|move: Trick Room
|upkeep
|c|☆wugui2026|。z
|
|t:|1769404944
|switch|p2a: Hatterene|Hatterene, F, shiny|100/100
|-damage|p2a: Hatterene|88/100|[from] Spikes
|turn|6
|
|t:|1769404953
|move|p1a: Iron Treads|Earthquake|p2a: Hatterene
|-damage|p2a: Hatterene|32/100
|move|p2a: Hatterene|Trick Room|p2a: Hatterene
|-fieldstart|move: Trick Room|[of] p2a: Hatterene
|
|upkeep
|turn|7
|
|t:|1769404962
|move|p2a: Hatterene|Psychic Noise|p1a: Iron Treads
|-resisted|p1a: Iron Treads
|-damage|p1a: Iron Treads|72/100
|-start|p1a: Iron Treads|move: Heal Block
|-enditem|p1a: Iron Treads|Air Balloon
|move|p1a: Iron Treads|Earthquake|p2a: Hatterene
|-damage|p2a: Hatterene|0 fnt
|faint|p2a: Hatterene
|
|upkeep
|
|t:|1769404965
|switch|p2a: Ursaluna|Ursaluna, M|100/100
|-damage|p2a: Ursaluna|88/100|[from] Spikes
|turn|8
|
|t:|1769404974
|move|p2a: Ursaluna|Headlong Rush|p1a: Iron Treads
|-supereffective|p1a: Iron Treads
|-crit|p1a: Iron Treads
|-damage|p1a: Iron Treads|0 fnt
|-unboost|p2a: Ursaluna|def|1
|-unboost|p2a: Ursaluna|spd|1
|faint|p1a: Iron Treads
|-end|p1a: Iron Treads|Quark Drive|[silent]
|
|-status|p2a: Ursaluna|brn|[from] item: Flame Orb
|upkeep
|
|t:|1769404983
|switch|p1a: Moltres|Moltres|100/100
|turn|9
|
|t:|1769404987
|move|p2a: Ursaluna|Facade|p1a: Moltres
|-damage|p1a: Moltres|2/100
|move|p1a: Moltres|Hurricane|p2a: Ursaluna
|-damage|p2a: Ursaluna|17/100 brn
|
|-damage|p2a: Ursaluna|11/100 brn|[from] brn
|upkeep
|turn|10
|
|t:|1769404999
|move|p2a: Ursaluna|Fire Punch|p1a: Moltres
|-resisted|p1a: Moltres
|-damage|p1a: Moltres|0 fnt
|faint|p1a: Moltres
|
|-damage|p2a: Ursaluna|5/100 brn|[from] brn
|-fieldend|move: Trick Room
|upkeep
|
|t:|1769405005
|switch|p1a: Samurott|Samurott-Hisui, F|100/100
|turn|11
|
|t:|1769405015
|move|p1a: Samurott|Ceaseless Edge|p2a: Ursaluna
|-damage|p2a: Ursaluna|0 fnt
|-sidestart|p2: Roboute|Spikes
|faint|p2a: Ursaluna
|
|upkeep
|
|t:|1769405028
|switch|p2a: Volcanion|Volcanion|100/100
|-damage|p2a: Volcanion|84/100|[from] Spikes
|turn|12
|
|t:|1769405038
|move|p1a: Samurott|Ceaseless Edge|p2a: Volcanion
|-damage|p2a: Volcanion|43/100
|-sidestart|p2: Roboute|Spikes
|move|p2a: Volcanion|Steam Eruption|p1a: Samurott
|-resisted|p1a: Samurott
|-damage|p1a: Samurott|41/100
|
|upkeep
|turn|13
|
|t:|1769405047
|move|p1a: Samurott|Ceaseless Edge|p2a: Volcanion
|-damage|p2a: Volcanion|3/100
|move|p2a: Volcanion|Steam Eruption|p1a: Samurott
|-resisted|p1a: Samurott
|-damage|p1a: Samurott|0 fnt
|faint|p1a: Samurott
|
|upkeep
|
|t:|1769405053
|switch|p1a: Serperior|Serperior, M|100/100
|turn|14
|
|t:|1769405056
|move|p1a: Serperior|Leaf Storm|p2a: Volcanion
|-damage|p2a: Volcanion|0 fnt
|-boost|p1a: Serperior|spa|2
|faint|p2a: Volcanion
|
|upkeep
|
|t:|1769405058
|switch|p2a: Porygon2|Porygon2|100/100
|-damage|p2a: Porygon2|76/100|[from] Spikes
|-ability|p2a: Porygon2|Download|boost
|-boost|p2a: Porygon2|spa|1
|turn|15
|
|t:|1769405064
|move|p1a: Serperior|Leaf Storm|p2a: Porygon2
|-damage|p2a: Porygon2|25/100
|-boost|p1a: Serperior|spa|2
|move|p2a: Porygon2|Trick Room|p2a: Porygon2
|-fieldstart|move: Trick Room|[of] p2a: Porygon2
|
|upkeep
|turn|16
|inactive|wugui2026 has 120 seconds left.
|
|t:|1769405105
|move|p2a: Porygon2|Ice Beam|p1a: Serperior
|-supereffective|p1a: Serperior
|-damage|p1a: Serperior|0 fnt
|faint|p1a: Serperior
|
|upkeep
|
|t:|1769405110
|switch|p1a: Gholdengo|Gholdengo|100/100
|-item|p1a: Gholdengo|Air Balloon
|turn|17
|
|t:|1769405117
|move|p2a: Porygon2|Ice Beam|p1a: Gholdengo
|-resisted|p1a: Gholdengo
|-damage|p1a: Gholdengo|78/100
|-enditem|p1a: Gholdengo|Air Balloon
|move|p1a: Gholdengo|Make It Rain|p2a: Porygon2
|-damage|p2a: Porygon2|0 fnt
|-unboost|p1a: Gholdengo|spa|1
|faint|p2a: Porygon2
|
|win|wugui2026
|raw|wugui2026's rating: 1551 &rarr; <strong>1566</strong><br />(+15 for winning)
|raw|Roboute's rating: 1465 &rarr; <strong>1450</strong><br />(-15 for losing)
|l|‽Roboute
|player|p2|
|l|☆wugui2026
|player|p1|
