|j|☆nimjaisugly
|j|☆5darkelves
|t:|1769443547
|gametype|singles
|player|p1|nimjaisugly|clavell-s|1578
|player|p2|5darkelves|170|1544
|gen|9
|tier|[Gen 9] OU
|rated|
|rule|HP Percentage Mod: HP is shown in percentages
|rule|Endless Battle Clause: Forcing endless battles is banned
|rule|Species Clause: Limit one of each Pokémon
|rule|OHKO Clause: OHKO moves are banned
|rule|Evasion Items Clause: Evasion items are banned
|rule|Evasion Moves Clause: Evasion moves are banned
|rule|Evasion Abilities Clause: Evasion abilities are banned
|rule|Sleep Moves Clause: Sleep-inducing moves are banned
|clearpoke
|poke|p1|Scyther, M|
|poke|p1|Kleavor, F|
|poke|p1|Scizor, M|
|poke|p1|Alomomola, M|
|poke|p1|Ursaluna, F|
|poke|p1|Dragapult, M|
|poke|p2|Persian-Alola, F|
|poke|p2|Ogerpon-Wellspring, F|
|poke|p2|Dragapult, M|
|poke|p2|Iron Crown|
|poke|p2|Cinderace, M|
|poke|p2|Gliscor, M|
|teampreview
|inactive|Battle timer is ON: inactive players will automatically lose when time's up. (requested by nimjaisugly)
|
|t:|1769443564
|teamsize|p1|6
|teamsize|p2|6
|start
|switch|p1a: Scyther|Scyther, M|100/100
|switch|p2a: Dragapult|Dragapult, M|100/100
|turn|1
|
|t:|1769443569
|switch|p1a: Alomomola|Alomomola, M|100/100
|move|p2a: Dragapult|Will-O-Wisp|p1a: Alomomola
|-status|p1a: Alomomola|brn
|
|-damage|p1a: Alomomola|94/100 brn|[from] brn
|upkeep
|turn|2
|
|t:|1769443575
|move|p2a: Dragapult|Hex|p1a: Alomomola
|-damage|p1a: Alomomola|66/100 brn
|move|p1a: Alomomola|Mirror Coat|p2a: Dragapult
|-damage|p2a: Dragapult|15/100
|
|-damage|p1a: Alomomola|60/100 brn|[from] brn
|upkeep
|turn|3
|
|t:|1769443581
|move|p2a: Dragapult|Dragon Darts|p1a: Alomomola
|-damage|p1a: Alomomola|47/100 brn
|-anim|p2a: Dragapult|Dragon Darts|p1a: Alomomola
|-damage|p1a: Alomomola|33/100 brn
|move|p1a: Alomomola|Flip Turn|p2a: Dragapult
|-resisted|p2a: Dragapult
|-damage|p2a: Dragapult|10/100
|
|t:|1769443587
|switch|p1a: Scizor|Scizor, M|100/100|[from] Flip Turn
|
|upkeep
|turn|4
|
|t:|1769443593
|switch|p2a: Persian|Persian-Alola, F|100/100
|move|p1a: Scizor|Bullet Punch|p2a: Persian
|-damage|p2a: Persian|80/100
|-damage|p1a: Scizor|84/100|[from] item: Rocky Helmet|[of] p2a: Persian
|
|upkeep
|turn|5
|
|t:|1769443599
|switch|p2a: Gliscor|Gliscor, M|100/100
|move|p1a: Scizor|U-turn|p2a: Gliscor
|-resisted|p2a: Gliscor
|-damage|p2a: Gliscor|84/100
|
|t:|1769443612
|switch|p1a: Ursaluna|Ursaluna, F|100/100|[from] U-turn
|
|-status|p2a: Gliscor|tox|[from] item: Toxic Orb
|-status|p1a: Ursaluna|brn|[from] item: Flame Orb
|upkeep
|turn|6
|
|t:|1769443625
|move|p2a: Gliscor|Spikes|p1a: Ursaluna
|-sidestart|p1: nimjaisugly|Spikes
|move|p1a: Ursaluna|Swords Dance|p1a: Ursaluna
|-boost|p1a: Ursaluna|atk|2
|
|-heal|p2a: Gliscor|97/100 tox|[from] ability: Poison Heal
|-damage|p1a: Ursaluna|94/100 brn|[from] brn
|upkeep
|turn|7
|
|t:|1769443633
|switch|p2a: Dragapult|Dragapult, M|10/100
|move|p1a: Ursaluna|Facade|p2a: Dragapult
|-immune|p2a: Dragapult
|
|-damage|p1a: Ursaluna|88/100 brn|[from] brn
|upkeep
|turn|8
|
|t:|1769443639
|move|p2a: Dragapult|Dragon Darts|p1a: Ursaluna
|-damage|p1a: Ursaluna|74/100 brn
|-anim|p2a: Dragapult|Dragon Darts|p1a: Ursaluna
|-damage|p1a: Ursaluna|58/100 brn
|move|p1a: Ursaluna|Fire Punch|p2a: Dragapult
|-resisted|p2a: Dragapult
|-damage|p2a: Dragapult|0 fnt
|faint|p2a: Dragapult
|
|-damage|p1a: Ursaluna|52/100 brn|[from] brn
|upkeep
|
|t:|1769443649
|switch|p2a: Ogerpon|Ogerpon-Wellspring, F|100/100
|turn|9
|
|t:|1769443656
|-terastallize|p2a: Ogerpon|Water
|detailschange|p2a: Ogerpon|Ogerpon-Wellspring-Tera, F, tera:Water
|-ability|p2a: Ogerpon|Embody Aspect (Wellspring)|boost
|-boost|p2a: Ogerpon|spd|1
|-terastallize|p1a: Ursaluna|Normal
|move|p2a: Ogerpon|Ivy Cudgel|p1a: Ursaluna|[anim] Ivy Cudgel Water
|-damage|p1a: Ursaluna|0 fnt
|faint|p1a: Ursaluna
|
|upkeep
|
|t:|1769443668
|switch|p1a: Dragapult|Dragapult, M|100/100
|-damage|p1a: Dragapult|88/100|[from] Spikes
|turn|10
|
|t:|1769443688
|switch|p2a: Gliscor|Gliscor, M|97/100 tox
|move|p1a: Dragapult|Draco Meteor|p2a: Gliscor
|-damage|p2a: Gliscor|28/100 tox
|-unboost|p1a: Dragapult|spa|2
|
|-heal|p2a: Gliscor|40/100 tox|[from] ability: Poison Heal
|upkeep
|turn|11
|
|t:|1769443701
|switch|p1a: Scyther|Scyther, M|100/100
|move|p2a: Gliscor|Spikes|p1a: Scyther
|-sidestart|p1: nimjaisugly|Spikes
|
|-heal|p2a: Gliscor|53/100 tox|[from] ability: Poison Heal
|upkeep
|turn|12
|
|t:|1769443710
|move|p1a: Scyther|Dual Wingbeat|p2a: Gliscor
|-damage|p2a: Gliscor|22/100 tox
|-damage|p2a: Gliscor|0 fnt
|faint|p2a: Gliscor
|-hitcount|p2: Gliscor|2
|
|upkeep
|
|t:|1769443716
|switch|p2a: Cinderace|Cinderace, M|100/100
|turn|13
|
|t:|1769443723
|move|p2a: Cinderace|Pyro Ball|p1a: Scyther|[miss]
|-miss|p2a: Cinderace|p1a: Scyther
|move|p1a: Scyther|Dual Wingbeat|p2a: Cinderace
|-damage|p2a: Cinderace|47/100
|-damage|p2a: Cinderace|0 fnt
|faint|p2a: Cinderace
|-hitcount|p2: Cinderace|2
|
|upkeep
|
|t:|1769443730
|switch|p2a: Ogerpon|Ogerpon-Wellspring-Tera, F, tera:Water|100/100
|-ability|p2a: Ogerpon|Embody Aspect (Wellspring)|boost
|-boost|p2a: Ogerpon|spd|1
|turn|14
|
|t:|1769443734
|move|p2a: Ogerpon|Ivy Cudgel|p1a: Scyther|[anim] Ivy Cudgel Water
|-damage|p1a: Scyther|0 fnt
|faint|p1a: Scyther
|
|upkeep
|
|t:|1769443745
|switch|p1a: Dragapult|Dragapult, M|88/100
|-damage|p1a: Dragapult|72/100|[from] Spikes
|turn|15
|
|t:|1769443749
|move|p1a: Dragapult|Draco Meteor|p2a: Ogerpon
|-damage|p2a: Ogerpon|40/100
|-unboost|p1a: Dragapult|spa|2
|move|p2a: Ogerpon|Knock Off|p1a: Dragapult
|-supereffective|p1a: Dragapult
|-damage|p1a: Dragapult|0 fnt
|-enditem|p1a: Dragapult|Choice Specs|[from] move: Knock Off|[of] p2a: Ogerpon
|faint|p1a: Dragapult
|
|upkeep
|
|t:|1769443754
|switch|p1a: Scizor|Scizor, M|84/100
|turn|16
|
|t:|1769443758
|move|p2a: Ogerpon|Ivy Cudgel|p1a: Scizor|[anim] Ivy Cudgel Water
|-damage|p1a: Scizor|2/100
|move|p1a: Scizor|U-turn|p2a: Ogerpon
|-damage|p2a: Ogerpon|0 fnt
|faint|p2a: Ogerpon
|detailschange|p2: Ogerpon|Ogerpon-Wellspring, F|[silent]
|
|t:|1769443765
|switch|p1a: Alomomola|Alomomola, M|66/100 brn|[from] U-turn
|-damage|p1a: Alomomola|49/100 brn|[from] Spikes
|
|-damage|p1a: Alomomola|43/100 brn|[from] brn
|upkeep
|
|t:|1769443768
|switch|p2a: Iron Crown|Iron Crown|100/100
|turn|17
|
|t:|1769443773
|move|p2a: Iron Crown|Future Sight|p1a: Alomomola
|-start|p2a: Iron Crown|move: Future Sight
|move|p1a: Alomomola|Flip Turn|p2a: Iron Crown
|-damage|p2a: Iron Crown|91/100
|
|t:|1769443777
|switch|p1a: Kleavor|Kleavor, F|100/100|[from] Flip Turn
|
|upkeep
|turn|18
|
|t:|1769443781
|move|p2a: Iron Crown|Tachyon Cutter|p1a: Kleavor
|-supereffective|p1a: Kleavor
|-damage|p1a: Kleavor|17/100
|-supereffective|p1a: Kleavor
|-damage|p1a: Kleavor|0 fnt
|faint|p1a: Kleavor
|-hitcount|p1: Kleavor|2
|
|upkeep
|
|t:|1769443787
|switch|p1a: Alomomola|Alomomola, M|76/100 brn
|-damage|p1a: Alomomola|60/100 brn|[from] Spikes
|turn|19
|
|t:|1769443792
|move|p2a: Iron Crown|Volt Switch|p1a: Alomomola
|-supereffective|p1a: Alomomola
|-damage|p1a: Alomomola|33/100 brn
|
|t:|1769443795
|-end|p2a: Iron Crown|Quark Drive|[silent]
|switch|p2a: Persian|Persian-Alola, F|80/100|[from] Volt Switch
|move|p1a: Alomomola|Mirror Coat|p2a: Persian
|-immune|p2a: Persian
|
|-end|p1a: Alomomola|move: Future Sight
|-damage|p1a: Alomomola|2/100 brn
|-damage|p1a: Alomomola|0 fnt|[from] brn
|faint|p1a: Alomomola
|upkeep
|-message|nimjaisugly forfeited.
|
|win|5darkelves
|raw|nimjaisugly's rating: 1578 &rarr; <strong>1556</strong><br />(-22 for losing)
|raw|5darkelves's rating: 1544 &rarr; <strong>1566</strong><br />(+22 for winning)
|l|☆nimjaisugly
|player|p1|
|l|☆5darkelves
|player|p2|
