|j|☆noigbenga
|j|☆abeeb
|t:|1769342667
|gametype|singles
|player|p1|noigbenga|miku-ground|1180
|player|p2|abeeb|101|1152
|gen|9
|tier|[Gen 9] OU
|rated|
|rule|HP Percentage Mod: HP is shown in percentages
|rule|Endless Battle Clause: Forcing endless battles is banned
|rule|Species Clause: Limit one of each Pokémon
|rule|OHKO Clause: OHKO moves are banned
|rule|Evasion Items Clause: Evasion items are banned
|rule|Evasion Moves Clause: Evasion moves are banned
|rule|Evasion Abilities Clause: Evasion abilities are banned
|rule|Sleep Moves Clause: Sleep-inducing moves are banned
|clearpoke
|poke|p1|Zamazenta-*|
|poke|p1|Kyurem|
|poke|p1|Darkrai|
|poke|p1|Ogerpon-Wellspring, F|
|poke|p1|Conkeldurr, M|
|poke|p1|Morpeko, M|
|poke|p2|Tyranitar, M|
|poke|p2|Landorus-Therian, M|
|poke|p2|Raging Bolt|
|poke|p2|Walking Wake|
|poke|p2|Mamoswine, M|
|poke|p2|Excadrill, F|
|teampreview
|inactive|Battle timer is ON: inactive players will automatically lose when time's up. (requested by noigbenga)
|
|t:|1769342676
|teamsize|p1|6
|teamsize|p2|6
|start
|switch|p1a: Conkeldurr|Conkeldurr, M, shiny|100/100
|switch|p2a: Landorus|Landorus-Therian, M|100/100
|-ability|p2a: Landorus|Intimidate|boost
|-unboost|p1a: Conkeldurr|atk|1
|turn|1
|
|t:|1769342703
|move|p2a: Landorus|Stealth Rock|p1a: Conkeldurr
|-sidestart|p1: noigbenga|move: Stealth Rock
|move|p1a: Conkeldurr|Defog|p2a: Landorus
|-unboost|p2a: Landorus|evasion|1
|-sideend|p1: noigbenga|Stealth Rock|[from] move: Defog|[of] p1a: Conkeldurr
|
|-status|p1a: Conkeldurr|brn|[from] item: Flame Orb
|upkeep
|turn|2
|
|t:|1769342719
|move|p2a: Landorus|Earthquake|p1a: Conkeldurr
|-damage|p1a: Conkeldurr|56/100 brn
|move|p1a: Conkeldurr|Knock Off|p2a: Landorus
|-damage|p2a: Landorus|69/100
|-enditem|p2a: Landorus|Leftovers|[from] move: Knock Off|[of] p1a: Conkeldurr
|
|-damage|p1a: Conkeldurr|50/100 brn|[from] brn
|upkeep
|turn|3
|
|t:|1769342729
|switch|p1a: Ogerpon|Ogerpon-Wellspring, F|100/100
|move|p2a: Landorus|Stealth Rock|p1a: Ogerpon
|-sidestart|p1: noigbenga|move: Stealth Rock
|
|upkeep
|turn|4
|
|t:|1769342742
|switch|p2a: Tyranitar|Tyranitar, M|100/100
|-weather|Sandstorm|[from] ability: Sand Stream|[of] p2a: Tyranitar
|move|p1a: Ogerpon|Ivy Cudgel|p2a: Tyranitar|[anim] Ivy Cudgel Water
|-supereffective|p2a: Tyranitar
|-damage|p2a: Tyranitar|5/100
|
|-weather|Sandstorm|[upkeep]
|-damage|p1a: Ogerpon|95/100|[from] Sandstorm
|upkeep
|turn|5
|
|t:|1769342763
|move|p1a: Ogerpon|Ivy Cudgel|p2a: Tyranitar|[anim] Ivy Cudgel Water
|-supereffective|p2a: Tyranitar
|-damage|p2a: Tyranitar|0 fnt
|faint|p2a: Tyranitar
|
|-weather|Sandstorm|[upkeep]
|-damage|p1a: Ogerpon|89/100|[from] Sandstorm
|upkeep
|
|t:|1769342770
|switch|p2a: Raging Bolt|Raging Bolt|100/100
|-enditem|p2a: Raging Bolt|Booster Energy
|-activate|p2a: Raging Bolt|ability: Protosynthesis|[fromitem]
|-start|p2a: Raging Bolt|protosynthesisspa
|turn|6
|
|t:|1769342788
|move|p1a: Ogerpon|Knock Off|p2a: Raging Bolt
|-damage|p2a: Raging Bolt|80/100
|move|p2a: Raging Bolt|Volt Switch|p1a: Ogerpon
|-damage|p1a: Ogerpon|22/100
|
|t:|1769342793
|-end|p2a: Raging Bolt|Protosynthesis|[silent]
|switch|p2a: Walking Wake|Walking Wake|100/100|[from] Volt Switch
|-enditem|p2a: Walking Wake|Booster Energy
|-activate|p2a: Walking Wake|ability: Protosynthesis|[fromitem]
|-start|p2a: Walking Wake|protosynthesisspe
|
|-weather|Sandstorm|[upkeep]
|-damage|p2a: Walking Wake|94/100|[from] Sandstorm
|-damage|p1a: Ogerpon|16/100|[from] Sandstorm
|upkeep
|turn|7
|
|t:|1769342804
|switch|p1a: Kyurem|Kyurem, shiny|100/100
|-damage|p1a: Kyurem|75/100|[from] Stealth Rock
|-ability|p1a: Kyurem|Pressure
|move|p2a: Walking Wake|Aqua Jet|p1a: Kyurem
|-resisted|p1a: Kyurem
|-damage|p1a: Kyurem|67/100
|
|-weather|Sandstorm|[upkeep]
|-damage|p1a: Kyurem|61/100|[from] Sandstorm
|-damage|p2a: Walking Wake|88/100|[from] Sandstorm
|upkeep
|turn|8
|
|t:|1769342814
|move|p1a: Kyurem|Freeze-Dry|p2a: Walking Wake
|-supereffective|p2a: Walking Wake
|-damage|p2a: Walking Wake|0 fnt
|faint|p2a: Walking Wake
|-end|p2a: Walking Wake|Protosynthesis|[silent]
|
|-weather|none
|upkeep
|
|t:|1769342822
|switch|p2a: Excadrill|Excadrill, F|100/100
|turn|9
|
|t:|1769342830
|switch|p1a: Zamazenta|Zamazenta, shiny|100/100
|-damage|p1a: Zamazenta|94/100|[from] Stealth Rock
|-ability|p1a: Zamazenta|Dauntless Shield|boost
|-boost|p1a: Zamazenta|def|1
|move|p2a: Excadrill|Substitute|p2a: Excadrill
|-start|p2a: Excadrill|Substitute
|-damage|p2a: Excadrill|76/100
|
|-heal|p2a: Excadrill|82/100|[from] item: Leftovers
|upkeep
|turn|10
|
|t:|1769342842
|move|p1a: Zamazenta|Focus Blast|p2a: Excadrill|[miss]
|-miss|p1a: Zamazenta|p2a: Excadrill
|move|p2a: Excadrill|Earthquake|p1a: Zamazenta
|-damage|p1a: Zamazenta|61/100
|
|-heal|p2a: Excadrill|88/100|[from] item: Leftovers
|upkeep
|turn|11
|
|t:|1769342852
|move|p1a: Zamazenta|Focus Blast|p2a: Excadrill|[miss]
|-miss|p1a: Zamazenta|p2a: Excadrill
|move|p2a: Excadrill|Earthquake|p1a: Zamazenta
|-damage|p1a: Zamazenta|28/100
|
|-heal|p2a: Excadrill|94/100|[from] item: Leftovers
|upkeep
|turn|12
|
|t:|1769342861
|move|p1a: Zamazenta|Focus Blast|p2a: Excadrill
|-supereffective|p2a: Excadrill
|-end|p2a: Excadrill|Substitute
|move|p2a: Excadrill|Earthquake|p1a: Zamazenta
|-damage|p1a: Zamazenta|0 fnt
|faint|p1a: Zamazenta
|
|-heal|p2a: Excadrill|99/100|[from] item: Leftovers
|upkeep
|
|t:|1769342867
|switch|p1a: Conkeldurr|Conkeldurr, M, shiny|50/100 brn
|-damage|p1a: Conkeldurr|44/100 brn|[from] Stealth Rock
|turn|13
|
|t:|1769342873
|move|p2a: Excadrill|Substitute|p2a: Excadrill
|-start|p2a: Excadrill|Substitute
|-damage|p2a: Excadrill|75/100
|move|p1a: Conkeldurr|Drain Punch|p2a: Excadrill
|-supereffective|p2a: Excadrill
|-end|p2a: Excadrill|Substitute
|-heal|p1a: Conkeldurr|56/100 brn|[from] drain|[of] p2a: Excadrill
|
|-heal|p2a: Excadrill|81/100|[from] item: Leftovers
|-damage|p1a: Conkeldurr|50/100 brn|[from] brn
|upkeep
|turn|14
|
|t:|1769342883
|move|p2a: Excadrill|Earthquake|p1a: Conkeldurr
|-damage|p1a: Conkeldurr|8/100 brn
|move|p1a: Conkeldurr|Defog|p2a: Excadrill
|-unboost|p2a: Excadrill|evasion|1
|-sideend|p1: noigbenga|Stealth Rock|[from] move: Defog|[of] p1a: Conkeldurr
|
|-heal|p2a: Excadrill|87/100|[from] item: Leftovers
|-damage|p1a: Conkeldurr|2/100 brn|[from] brn
|upkeep
|turn|15
|
|t:|1769342895
|switch|p1a: Ogerpon|Ogerpon-Wellspring, F|16/100
|move|p2a: Excadrill|Earthquake|p1a: Ogerpon
|-resisted|p1a: Ogerpon
|-damage|p1a: Ogerpon|0 fnt
|faint|p1a: Ogerpon
|
|-heal|p2a: Excadrill|93/100|[from] item: Leftovers
|upkeep
|
|t:|1769342900
|switch|p1a: Morpeko|Morpeko, M, shiny|100/100
|turn|16
|
|t:|1769342906
|move|p1a: Morpeko|Parting Shot|p2a: Excadrill
|-unboost|p2a: Excadrill|atk|1
|-unboost|p2a: Excadrill|spa|1
|
|t:|1769342913
|switch|p1a: Darkrai|Darkrai, shiny|100/100|[from] Parting Shot
|move|p2a: Excadrill|Earthquake|p1a: Darkrai
|-damage|p1a: Darkrai|50/100
|
|-heal|p2a: Excadrill|99/100|[from] item: Leftovers
|upkeep
|turn|17
|
|t:|1769342922
|switch|p2a: Landorus|Landorus-Therian, M|69/100
|-ability|p2a: Landorus|Intimidate|boost
|-unboost|p1a: Darkrai|atk|1
|move|p1a: Darkrai|Dark Pulse|p2a: Landorus
|-damage|p2a: Landorus|13/100
|
|upkeep
|turn|18
|
|t:|1769342929
|move|p1a: Darkrai|Dark Pulse|p2a: Landorus
|-damage|p2a: Landorus|0 fnt
|faint|p2a: Landorus
|
|upkeep
|
|t:|1769342936
|switch|p2a: Raging Bolt|Raging Bolt|80/100
|turn|19
|
|t:|1769342942
|move|p2a: Raging Bolt|Thunderclap||[still]
|-fail|p2a: Raging Bolt
|move|p1a: Darkrai|Nasty Plot|p1a: Darkrai
|-boost|p1a: Darkrai|spa|2
|
|upkeep
|turn|20
|
|t:|1769342948
|move|p2a: Raging Bolt|Thunderclap||[still]
|-fail|p2a: Raging Bolt
|move|p1a: Darkrai|Nasty Plot|p1a: Darkrai
|-boost|p1a: Darkrai|spa|2
|
|upkeep
|turn|21
|
|t:|1769342958
|move|p1a: Darkrai|Dark Pulse|p2a: Raging Bolt
|-damage|p2a: Raging Bolt|0 fnt
|faint|p2a: Raging Bolt
|-end|p2a: Raging Bolt|Protosynthesis|[silent]
|
|upkeep
|
|t:|1769342963
|switch|p2a: Excadrill|Excadrill, F|99/100
|turn|22
|
|t:|1769342968
|move|p1a: Darkrai|Dark Pulse|p2a: Excadrill
|-damage|p2a: Excadrill|0 fnt
|faint|p2a: Excadrill
|
|upkeep
|
|t:|1769342972
|switch|p2a: Mamoswine|Mamoswine, M|100/100
|turn|23
|
|t:|1769342983
|-terastallize|p1a: Darkrai|Steel
|move|p2a: Mamoswine|Ice Shard|p1a: Darkrai
|-resisted|p1a: Darkrai
|-damage|p1a: Darkrai|29/100
|move|p1a: Darkrai|Dark Pulse|p2a: Mamoswine
|-damage|p2a: Mamoswine|0 fnt
|faint|p2a: Mamoswine
|
|win|noigbenga
|raw|noigbenga's rating: 1180 &rarr; <strong>1203</strong><br />(+23 for winning)
|raw|abeeb's rating: 1152 &rarr; <strong>1129</strong><br />(-23 for losing)
|l|☆abeeb
|player|p2|
|l|☆noigbenga
|player|p1|
