|j|☆keylumw
|j|☆koolkidpar
|t:|1769360822
|gametype|singles
|player|p1|keylumw|blue|
|player|p2|koolkidpar|ingo|
|gen|9
|tier|[Gen 9] OU
|rule|HP Percentage Mod: HP is shown in percentages
|rule|Endless Battle Clause: Forcing endless battles is banned
|rule|Species Clause: Limit one of each Pokémon
|rule|OHKO Clause: OHKO moves are banned
|rule|Evasion Items Clause: Evasion items are banned
|rule|Evasion Moves Clause: Evasion moves are banned
|rule|Evasion Abilities Clause: Evasion abilities are banned
|rule|Sleep Moves Clause: Sleep-inducing moves are banned
|clearpoke
|poke|p1|Gholdengo|
|poke|p1|Pecharunt|
|poke|p1|Zamazenta-*|
|poke|p1|Iron Treads|
|poke|p1|Dragonite, F|
|poke|p1|Samurott-Hisui, M|
|poke|p2|Gholdengo|
|poke|p2|Gliscor, M|
|poke|p2|Walking Wake|
|poke|p2|Hatterene, F|
|poke|p2|Kommo-o, M|
|poke|p2|Corviknight, F|
|teampreview
|c|☆keylumw|Glhf
|c|☆koolkidpar|glhf
|
|t:|1769360851
|teamsize|p1|6
|teamsize|p2|6
|start
|switch|p1a: Samurott|Samurott-Hisui, M|100/100
|switch|p2a: Gliscor|Gliscor, M|100/100
|turn|1
|
|t:|1769360856
|move|p2a: Gliscor|Spikes|p1a: Samurott
|-sidestart|p1: keylumw|Spikes
|move|p1a: Samurott|Knock Off|p2a: Gliscor
|-damage|p2a: Gliscor|72/100
|-enditem|p2a: Gliscor|Toxic Orb|[from] move: Knock Off|[of] p1a: Samurott
|
|upkeep
|turn|2
|
|t:|1769360859
|move|p2a: Gliscor|Spikes|p1a: Samurott
|-sidestart|p1: keylumw|Spikes
|move|p1a: Samurott|Ceaseless Edge|p2a: Gliscor
|-damage|p2a: Gliscor|45/100
|-sidestart|p2: koolkidpar|Spikes
|
|upkeep
|turn|3
|
|t:|1769360861
|move|p2a: Gliscor|Toxic|p1a: Samurott
|-status|p1a: Samurott|tox
|move|p1a: Samurott|Ceaseless Edge|p2a: Gliscor
|-damage|p2a: Gliscor|16/100
|-sidestart|p2: koolkidpar|Spikes
|
|-damage|p1a: Samurott|95/100 tox|[from] psn
|upkeep
|turn|4
|
|t:|1769360865
|move|p2a: Gliscor|Spikes|p1a: Samurott
|-sidestart|p1: keylumw|Spikes
|move|p1a: Samurott|Ceaseless Edge|p2a: Gliscor|[miss]
|-miss|p1a: Samurott|p2a: Gliscor
|
|-damage|p1a: Samurott|83/100 tox|[from] psn
|upkeep
|turn|5
|
|t:|1769360870
|move|p2a: Gliscor|Protect|p2a: Gliscor
|-singleturn|p2a: Gliscor|Protect
|move|p1a: Samurott|Ceaseless Edge|p2a: Gliscor
|-activate|p2a: Gliscor|move: Protect
|
|-damage|p1a: Samurott|65/100 tox|[from] psn
|upkeep
|turn|6
|
|t:|1769360874
|move|p2a: Gliscor|Earthquake|p1a: Samurott
|-damage|p1a: Samurott|30/100 tox
|move|p1a: Samurott|Ceaseless Edge|p2a: Gliscor
|-damage|p2a: Gliscor|0 fnt
|-sidestart|p2: koolkidpar|Spikes
|faint|p2a: Gliscor
|
|-damage|p1a: Samurott|6/100 tox|[from] psn
|upkeep
|
|t:|1769360882
|switch|p2a: Corviknight|Corviknight, F|100/100
|-ability|p2a: Corviknight|Pressure
|turn|7
|
|t:|1769360886
|move|p1a: Samurott|Knock Off|p2a: Corviknight
|-damage|p2a: Corviknight|73/100
|-damage|p1a: Samurott|0 fnt|[from] item: Rocky Helmet|[of] p2a: Corviknight
|faint|p1a: Samurott
|move|p2a: Corviknight|Defog|p1: Samurott|[notarget]
|-fail|p2a: Corviknight
|
|upkeep
|
|t:|1769360896
|switch|p1a: Gholdengo|Gholdengo|100/100
|-damage|p1a: Gholdengo|76/100|[from] Spikes
|turn|8
|
|t:|1769360901
|move|p1a: Gholdengo|Recover|p1a: Gholdengo
|-heal|p1a: Gholdengo|100/100
|move|p2a: Corviknight|Defog|p1a: Gholdengo
|-immune|p1a: Gholdengo|[from] ability: Good as Gold
|
|upkeep
|turn|9
|
|t:|1769360920
|move|p1a: Gholdengo|Nasty Plot|p1a: Gholdengo
|-boost|p1a: Gholdengo|spa|2
|move|p2a: Corviknight|U-turn|p1a: Gholdengo
|-resisted|p1a: Gholdengo
|-damage|p1a: Gholdengo|97/100
|
|t:|1769360933
|switch|p2a: Kommo-o|Kommo-o, M|100/100|[from] U-turn
|-damage|p2a: Kommo-o|76/100|[from] Spikes
|
|upkeep
|turn|10
|
|t:|1769360938
|move|p2a: Kommo-o|Clangorous Soul|p2a: Kommo-o
|-boost|p2a: Kommo-o|atk|1
|-boost|p2a: Kommo-o|def|1
|-boost|p2a: Kommo-o|spa|1
|-boost|p2a: Kommo-o|spd|1
|-boost|p2a: Kommo-o|spe|1
|-damage|p2a: Kommo-o|43/100
|-enditem|p2a: Kommo-o|Throat Spray
|-boost|p2a: Kommo-o|spa|1|[from] item: Throat Spray
|move|p1a: Gholdengo|Make It Rain|p2a: Kommo-o
|-damage|p2a: Kommo-o|0 fnt
|-unboost|p1a: Gholdengo|spa|1
|faint|p2a: Kommo-o
|
|upkeep
|
|t:|1769360954
|switch|p2a: Walking Wake|Walking Wake|100/100
|turn|11
|
|t:|1769360959
|move|p2a: Walking Wake|Knock Off|p1a: Gholdengo
|-supereffective|p1a: Gholdengo
|-damage|p1a: Gholdengo|60/100
|-enditem|p1a: Gholdengo|Metal Coat|[from] move: Knock Off|[of] p2a: Walking Wake
|move|p1a: Gholdengo|Shadow Ball|p2a: Walking Wake
|-crit|p2a: Walking Wake
|-damage|p2a: Walking Wake|0 fnt
|faint|p2a: Walking Wake
|-end|p2a: Walking Wake|Protosynthesis|[silent]
|
|upkeep
|
|t:|1769360979
|switch|p2a: Gholdengo|Gholdengo|100/100
|-damage|p2a: Gholdengo|76/100|[from] Spikes
|turn|12
|
|t:|1769360996
|-terastallize|p1a: Gholdengo|Steel
|move|p2a: Gholdengo|Shadow Ball|p1a: Gholdengo
|-damage|p1a: Gholdengo|14/100
|move|p1a: Gholdengo|Recover|p1a: Gholdengo
|-heal|p1a: Gholdengo|64/100
|
|upkeep
|turn|13
|
|t:|1769361000
|move|p2a: Gholdengo|Focus Blast|p1a: Gholdengo
|-supereffective|p1a: Gholdengo
|-damage|p1a: Gholdengo|0 fnt
|faint|p1a: Gholdengo
|
|upkeep
|
|t:|1769361009
|switch|p1a: Iron Treads|Iron Treads|100/100
|turn|14
|
|t:|1769361017
|move|p1a: Iron Treads|Earthquake|p2a: Gholdengo
|-supereffective|p2a: Gholdengo
|-damage|p2a: Gholdengo|0 fnt
|faint|p2a: Gholdengo
|
|upkeep
|
|t:|1769361022
|switch|p2a: Corviknight|Corviknight, F|73/100
|-ability|p2a: Corviknight|Pressure
|turn|15
|
|t:|1769361028
|move|p1a: Iron Treads|Rapid Spin|p2a: Corviknight
|-resisted|p2a: Corviknight
|-damage|p2a: Corviknight|69/100
|-boost|p1a: Iron Treads|spe|1
|-damage|p1a: Iron Treads|84/100|[from] item: Rocky Helmet|[of] p2a: Corviknight
|-sideend|p1: keylumw|Spikes|[from] move: Rapid Spin|[of] p1a: Iron Treads
|move|p2a: Corviknight|Defog|p1a: Iron Treads
|-unboost|p1a: Iron Treads|evasion|1
|-sideend|p2: koolkidpar|Spikes|[from] move: Defog|[of] p2a: Corviknight
|
|upkeep
|turn|16
|
|t:|1769361035
|-end|p1a: Iron Treads|Quark Drive|[silent]
|switch|p1a: Zamazenta|Zamazenta|100/100
|-ability|p1a: Zamazenta|Dauntless Shield|boost
|-boost|p1a: Zamazenta|def|1
|move|p2a: Corviknight|Brave Bird|p1a: Zamazenta
|-supereffective|p1a: Zamazenta
|-damage|p1a: Zamazenta|64/100
|-damage|p2a: Corviknight|58/100|[from] Recoil
|
|-heal|p1a: Zamazenta|70/100|[from] item: Leftovers
|upkeep
|turn|17
|
|t:|1769361042
|move|p1a: Zamazenta|Iron Defense|p1a: Zamazenta
|-boost|p1a: Zamazenta|def|2
|move|p2a: Corviknight|Brave Bird|p1a: Zamazenta
|-supereffective|p1a: Zamazenta
|-damage|p1a: Zamazenta|48/100
|-damage|p2a: Corviknight|52/100|[from] Recoil
|
|-heal|p1a: Zamazenta|54/100|[from] item: Leftovers
|upkeep
|turn|18
|
|t:|1769361049
|move|p1a: Zamazenta|Iron Defense|p1a: Zamazenta
|-boost|p1a: Zamazenta|def|2
|move|p2a: Corviknight|Brave Bird|p1a: Zamazenta
|-supereffective|p1a: Zamazenta
|-damage|p1a: Zamazenta|38/100
|-damage|p2a: Corviknight|47/100|[from] Recoil
|
|-heal|p1a: Zamazenta|44/100|[from] item: Leftovers
|upkeep
|turn|19
|
|t:|1769361055
|move|p1a: Zamazenta|Body Press|p2a: Corviknight
|-damage|p2a: Corviknight|0 fnt
|-damage|p1a: Zamazenta|28/100|[from] item: Rocky Helmet|[of] p2a: Corviknight
|faint|p2a: Corviknight
|
|-heal|p1a: Zamazenta|34/100|[from] item: Leftovers
|upkeep
|
|t:|1769361057
|switch|p2a: Hatterene|Hatterene, F|100/100
|turn|20
|
|t:|1769361063
|-terastallize|p2a: Hatterene|Psychic
|move|p1a: Zamazenta|Heavy Slam|p2a: Hatterene
|-damage|p2a: Hatterene|76/100
|move|p2a: Hatterene|Calm Mind|p2a: Hatterene
|-boost|p2a: Hatterene|spa|1
|-boost|p2a: Hatterene|spd|1
|
|-heal|p1a: Zamazenta|40/100|[from] item: Leftovers
|-heal|p2a: Hatterene|82/100|[from] item: Leftovers
|upkeep
|turn|21
|
|t:|1769361072
|move|p1a: Zamazenta|Body Press|p2a: Hatterene
|-resisted|p2a: Hatterene
|-damage|p2a: Hatterene|24/100
|move|p2a: Hatterene|Draining Kiss|p1a: Zamazenta
|-supereffective|p1a: Zamazenta
|-damage|p1a: Zamazenta|0 fnt
|-heal|p2a: Hatterene|58/100|[from] drain|[of] p1a: Zamazenta
|faint|p1a: Zamazenta
|
|-heal|p2a: Hatterene|64/100|[from] item: Leftovers
|upkeep
|
|t:|1769361081
|switch|p1a: Iron Treads|Iron Treads|84/100
|turn|22
|
|t:|1769361084
|move|p1a: Iron Treads|Knock Off|p2a: Hatterene
|-supereffective|p2a: Hatterene
|-damage|p2a: Hatterene|21/100
|-enditem|p2a: Hatterene|Leftovers|[from] move: Knock Off|[of] p1a: Iron Treads
|move|p2a: Hatterene|Mystical Fire|p1a: Iron Treads
|-supereffective|p1a: Iron Treads
|-damage|p1a: Iron Treads|15/100
|-unboost|p1a: Iron Treads|spa|1
|
|upkeep
|turn|23
|c|☆keylumw|GG
|
|t:|1769361090
|move|p1a: Iron Treads|Knock Off|p2a: Hatterene
|-supereffective|p2a: Hatterene
|-damage|p2a: Hatterene|0 fnt
|faint|p2a: Hatterene
|
|win|keylumw
