|j|☆SDK04
|j|☆CaptainADYT
|inactive|Battle timer is ON: inactive players will automatically lose when time's up.
|t:|1769410396
|gametype|singles
|player|p1|SDK04|miku-ground|
|player|p2|CaptainADYT|266|
|gen|9
|tier|[Gen 9] OU
|rated|Tournament battle
|rule|HP Percentage Mod: HP is shown in percentages
|rule|Endless Battle Clause: Forcing endless battles is banned
|rule|Species Clause: Limit one of each Pokémon
|rule|OHKO Clause: OHKO moves are banned
|rule|Evasion Items Clause: Evasion items are banned
|rule|Evasion Moves Clause: Evasion moves are banned
|rule|Evasion Abilities Clause: Evasion abilities are banned
|rule|Sleep Moves Clause: Sleep-inducing moves are banned
|clearpoke
|poke|p1|Araquanid, F|
|poke|p1|Darkrai|
|poke|p1|Great Tusk|
|poke|p1|Gholdengo|
|poke|p1|Glimmora, M|
|poke|p1|Gliscor, F|
|poke|p2|Pincurchin, F|
|poke|p2|Iron Moth|
|poke|p2|Iron Valiant|
|poke|p2|Iron Leaves|
|poke|p2|Iron Treads|
|poke|p2|Salamence, F|
|teampreview
|inactive|CaptainADYT also wants the timer to be on.
|
|t:|1769410405
|teamsize|p1|6
|teamsize|p2|6
|start
|switch|p1a: Araquanid|Araquanid, F, shiny|100/100
|switch|p2a: Pincurchin|Pincurchin, F|100/100
|-fieldstart|move: Electric Terrain|[from] ability: Electric Surge|[of] p2a: Pincurchin
|turn|1
|
|t:|1769410411
|move|p1a: Araquanid|Sticky Web|p2a: Pincurchin
|-sidestart|p2: CaptainADYT|move: Sticky Web
|move|p2a: Pincurchin|Thunder Wave|p1a: Araquanid
|-status|p1a: Araquanid|par
|
|upkeep
|turn|2
|
|t:|1769410422
|switch|p1a: Gliscor|Gliscor, F, shiny|100/100
|move|p2a: Pincurchin|Toxic Spikes|p1a: Gliscor
|-sidestart|p1: SDK04|move: Toxic Spikes
|
|-status|p1a: Gliscor|tox|[from] item: Toxic Orb
|upkeep
|turn|3
|
|t:|1769410442
|switch|p2a: Iron Treads|Iron Treads|100/100
|-activate|p2a: Iron Treads|move: Sticky Web
|-unboost|p2a: Iron Treads|spe|1
|-activate|p2a: Iron Treads|ability: Quark Drive
|-start|p2a: Iron Treads|quarkdriveatk
|move|p1a: Gliscor|Swords Dance|p1a: Gliscor
|-boost|p1a: Gliscor|atk|2
|
|upkeep
|turn|4
|inactive|CaptainADYT has 120 seconds left.
|
|t:|1769410471
|switch|p1a: Araquanid|Araquanid, F, shiny|100/100 par
|-terastallize|p2a: Iron Treads|Ground
|move|p2a: Iron Treads|Heavy Slam|p1a: Araquanid
|-resisted|p1a: Araquanid
|-damage|p1a: Araquanid|85/100 par
|
|upkeep
|turn|5
|inactive|CaptainADYT has 120 seconds left.
|
|t:|1769410477
|-end|p2a: Iron Treads|Quark Drive|[silent]
|switch|p2a: Pincurchin|Pincurchin, F|100/100
|-activate|p2a: Pincurchin|move: Sticky Web
|-unboost|p2a: Pincurchin|spe|1
|move|p1a: Araquanid|Surf|p2a: Pincurchin
|-damage|p2a: Pincurchin|62/100
|
|-heal|p2a: Pincurchin|68/100|[from] item: Leftovers
|-fieldend|move: Electric Terrain
|upkeep
|turn|6
|
|t:|1769410484
|switch|p1a: Gliscor|Gliscor, F, shiny|100/100 tox
|move|p2a: Pincurchin|Thunder Wave|p1a: Gliscor
|-immune|p1a: Gliscor
|
|-heal|p2a: Pincurchin|74/100|[from] item: Leftovers
|upkeep
|turn|7
|
|t:|1769410488
|move|p1a: Gliscor|Swords Dance|p1a: Gliscor
|-boost|p1a: Gliscor|atk|2
|move|p2a: Pincurchin|Spikes|p1a: Gliscor
|-sidestart|p1: SDK04|Spikes
|
|-heal|p2a: Pincurchin|80/100|[from] item: Leftovers
|upkeep
|turn|8
|-message|CaptainADYT forfeited.
|
|win|SDK04
|n|☆SDK04|sdk04
|n|☆CaptainADYT|captainadyt
|l|☆CaptainADYT
|player|p2|
