|j|☆Antimaverick1080
|j|☆Zettaaa
|t:|1769349763
|gametype|singles
|player|p1|Antimaverick1080|eusine|1237
|player|p2|Zettaaa|brawly|1268
|gen|9
|tier|[Gen 9] OU
|rated|
|rule|HP Percentage Mod: HP is shown in percentages
|rule|Endless Battle Clause: Forcing endless battles is banned
|rule|Species Clause: Limit one of each Pokémon
|rule|OHKO Clause: OHKO moves are banned
|rule|Evasion Items Clause: Evasion items are banned
|rule|Evasion Moves Clause: Evasion moves are banned
|rule|Evasion Abilities Clause: Evasion abilities are banned
|rule|Sleep Moves Clause: Sleep-inducing moves are banned
|clearpoke
|poke|p1|Ninetales-Alola, M|
|poke|p1|Jolteon, M|
|poke|p1|Ceruledge, M|
|poke|p1|Glastrier|
|poke|p1|Tornadus-Therian, M|
|poke|p1|Sandslash-Alola, M|
|poke|p2|Weavile, F|
|poke|p2|Zoroark-Hisui, F|
|poke|p2|Orthworm, M|
|poke|p2|Slither Wing|
|poke|p2|Fezandipiti, M|
|poke|p2|Lycanroc-Dusk, M|
|teampreview
|c|☆Antimaverick1080|glhf
|
|t:|1769349778
|teamsize|p1|6
|teamsize|p2|6
|start
|switch|p1a: Foxtar|Ninetales-Alola, M|100/100
|switch|p2a: Lycanroc|Lycanroc-Dusk, M|100/100
|-weather|Snowscape|[from] ability: Snow Warning|[of] p1a: Foxtar
|turn|1
|
|t:|1769349795
|move|p2a: Lycanroc|Flamethrower|p1a: Foxtar
|-supereffective|p1a: Foxtar
|-damage|p1a: Foxtar|6/100
|move|p1a: Foxtar|Aurora Veil|p1a: Foxtar
|-sidestart|p1: Antimaverick1080|move: Aurora Veil
|
|-weather|Snowscape|[upkeep]
|upkeep
|turn|2
|
|t:|1769349804
|switch|p1a: Saber|Ceruledge, M, shiny|100/100
|move|p2a: Lycanroc|Flamethrower|p1a: Saber
|-start|p1a: Saber|ability: Flash Fire
|
|-weather|Snowscape|[upkeep]
|upkeep
|turn|3
|
|t:|1769349815
|switch|p2a: Lycanroc|Lycanroc-Dusk, M|100/100
|move|p1a: Saber|Bulk Up|p1a: Saber
|-boost|p1a: Saber|atk|1
|-boost|p1a: Saber|def|1
|
|-weather|Snowscape|[upkeep]
|upkeep
|turn|4
|
|t:|1769349829
|move|p2a: Lycanroc|Stone Edge|p1a: Saber
|-supereffective|p1a: Saber
|-damage|p1a: Saber|49/100
|move|p1a: Saber|Bulk Up|p1a: Saber
|-boost|p1a: Saber|atk|1
|-boost|p1a: Saber|def|1
|
|-weather|Snowscape|[upkeep]
|upkeep
|turn|5
|
|t:|1769349849
|switch|p2a: Orthworm|Orthworm, M|100/100
|move|p1a: Saber|Bitter Blade|p2a: Orthworm
|-supereffective|p2a: Orthworm
|-crit|p2a: Orthworm
|-damage|p2a: Orthworm|0 fnt
|-heal|p1a: Saber|97/100|[from] drain|[of] p2a: Orthworm
|-damage|p1a: Saber|81/100|[from] item: Rocky Helmet|[of] p2a: Orthworm
|faint|p2a: Orthworm
|
|-weather|none
|upkeep
|
|t:|1769349860
|switch|p2a: Fezandipiti|Fezandipiti, M|100/100
|turn|6
|
|t:|1769349878
|-terastallize|p2a: Fezandipiti|Normal
|move|p2a: Fezandipiti|Shadow Ball|p1a: Saber
|-supereffective|p1a: Saber
|-damage|p1a: Saber|36/100
|move|p1a: Saber|Bitter Blade|p2a: Fezandipiti
|-damage|p2a: Fezandipiti|0 fnt
|-heal|p1a: Saber|71/100|[from] drain|[of] p2a: Fezandipiti
|replace|p2a: Zoroark|Zoroark-Hisui, F
|-end|p2a: Zoroark|Illusion
|faint|p2a: Zoroark
|
|upkeep
|
|t:|1769349896
|switch|p2a: Weavile|Weavile, F|100/100
|-ability|p2a: Weavile|Pressure
|turn|7
|
|t:|1769349903
|move|p2a: Weavile|Knock Off|p1a: Saber
|-supereffective|p1a: Saber
|-damage|p1a: Saber|45/100
|-enditem|p1a: Saber|Covert Cloak|[from] move: Knock Off|[of] p2a: Weavile
|move|p1a: Saber|Bitter Blade|p2a: Weavile
|-supereffective|p2a: Weavile
|-damage|p2a: Weavile|0 fnt
|-heal|p1a: Saber|85/100|[from] drain|[of] p2a: Weavile
|faint|p2a: Weavile
|
|upkeep
|
|t:|1769349912
|switch|p2a: Lycanroc|Lycanroc-Dusk, M|100/100
|turn|8
|
|t:|1769349926
|move|p1a: Saber|Shadow Sneak|p2a: Lycanroc
|-damage|p2a: Lycanroc|40/100
|move|p2a: Lycanroc|Stone Edge|p1a: Saber|[miss]
|-miss|p2a: Lycanroc|p1a: Saber
|
|-sideend|p1: Antimaverick1080|move: Aurora Veil
|upkeep
|turn|9
|
|t:|1769349932
|move|p1a: Saber|Shadow Sneak|p2a: Lycanroc
|-damage|p2a: Lycanroc|0 fnt
|faint|p2a: Lycanroc
|
|upkeep
|-message|Zettaaa forfeited.
|
|win|Antimaverick1080
|raw|Antimaverick1080's rating: 1237 &rarr; <strong>1264</strong><br />(+27 for winning)
|raw|Zettaaa's rating: 1268 &rarr; <strong>1241</strong><br />(-27 for losing)
|l|☆Zettaaa
|player|p2|
