|j|☆pokemonboy1
|j|☆sutetchi
|t:|1769447179
|gametype|singles
|player|p1|pokemonboy1|1|1106
|player|p2|sutetchi|red|1113
|gen|9
|tier|[Gen 9] OU
|rated|
|rule|HP Percentage Mod: HP is shown in percentages
|rule|Endless Battle Clause: Forcing endless battles is banned
|rule|Species Clause: Limit one of each Pokémon
|rule|OHKO Clause: OHKO moves are banned
|rule|Evasion Items Clause: Evasion items are banned
|rule|Evasion Moves Clause: Evasion moves are banned
|rule|Evasion Abilities Clause: Evasion abilities are banned
|rule|Sleep Moves Clause: Sleep-inducing moves are banned
|clearpoke
|poke|p1|Sandy Shocks|
|poke|p1|Electivire, F|
|poke|p1|Morpeko, M|
|poke|p1|Toxtricity-Low-Key, F|
|poke|p1|Galvantula, M|
|poke|p1|Rotom-Heat|
|poke|p2|Dondozo, M|
|poke|p2|Ceruledge, M|
|poke|p2|Corviknight, F|
|poke|p2|Eiscue, M|
|poke|p2|Gliscor, F|
|poke|p2|Toxapex, M|
|teampreview
|inactive|Battle timer is ON: inactive players will automatically lose when time's up. (requested by pokemonboy1)
|
|t:|1769447193
|teamsize|p1|6
|teamsize|p2|6
|start
|switch|p1a: Galvantula|Galvantula, M|100/100
|switch|p2a: Toxapex|Toxapex, M|100/100
|turn|1
|
|t:|1769447205
|move|p1a: Galvantula|Thunder|p2a: Toxapex|[miss]
|-miss|p1a: Galvantula|p2a: Toxapex
|move|p2a: Toxapex|Toxic|p1a: Galvantula
|-status|p1a: Galvantula|tox
|
|-damage|p1a: Galvantula|94/100 tox|[from] psn
|upkeep
|turn|2
|
|t:|1769447216
|move|p1a: Galvantula|Sticky Web|p2a: Toxapex
|-sidestart|p2: sutetchi|move: Sticky Web
|move|p2a: Toxapex|Poison Jab|p1a: Galvantula
|-damage|p1a: Galvantula|65/100 tox
|
|-heal|p1a: Galvantula|71/100 tox|[from] item: Leftovers
|-damage|p1a: Galvantula|59/100 tox|[from] psn
|upkeep
|turn|3
|
|t:|1769447233
|switch|p2a: Gliscor|Gliscor, F|100/100
|move|p1a: Galvantula|Thunder|p2a: Gliscor
|-immune|p2a: Gliscor
|
|-heal|p1a: Galvantula|65/100 tox|[from] item: Leftovers
|-damage|p1a: Galvantula|47/100 tox|[from] psn
|-status|p2a: Gliscor|tox|[from] item: Toxic Orb
|upkeep
|turn|4
|
|t:|1769447243
|move|p1a: Galvantula|Bug Buzz|p2a: Gliscor
|-resisted|p2a: Gliscor
|-damage|p2a: Gliscor|84/100 tox
|move|p2a: Gliscor|Earthquake|p1a: Galvantula
|-damage|p1a: Galvantula|0 fnt
|faint|p1a: Galvantula
|
|-heal|p2a: Gliscor|97/100 tox|[from] ability: Poison Heal
|upkeep
|
|t:|1769447246
|switch|p1a: Electivire|Electivire, F|100/100
|turn|5
|
|t:|1769447254
|move|p1a: Electivire|Ice Punch|p2a: Gliscor
|-supereffective|p2a: Gliscor
|-damage|p2a: Gliscor|0 fnt
|faint|p2a: Gliscor
|-damage|p1a: Electivire|91/100|[from] item: Life Orb
|
|upkeep
|
|t:|1769447264
|switch|p2a: Toxapex|Toxapex, M|100/100
|-activate|p2a: Toxapex|move: Sticky Web
|-unboost|p2a: Toxapex|spe|1
|turn|6
|
|t:|1769447271
|move|p1a: Electivire|Supercell Slam|p2a: Toxapex
|-supereffective|p2a: Toxapex
|-damage|p2a: Toxapex|0 fnt
|faint|p2a: Toxapex
|-damage|p1a: Electivire|81/100|[from] item: Life Orb
|
|upkeep
|
|t:|1769447285
|switch|p2a: Corviknight|Corviknight, F|100/100
|-ability|p2a: Corviknight|Pressure
|turn|7
|
|t:|1769447291
|-terastallize|p2a: Corviknight|Fighting
|move|p1a: Electivire|Supercell Slam|p2a: Corviknight
|-damage|p2a: Corviknight|56/100
|-damage|p1a: Electivire|71/100|[from] item: Life Orb
|move|p2a: Corviknight|Body Press|p1a: Electivire
|-damage|p1a: Electivire|10/100
|
|-heal|p2a: Corviknight|62/100|[from] item: Leftovers
|upkeep
|turn|8
|
|t:|1769447303
|move|p1a: Electivire|Supercell Slam|p2a: Corviknight
|-damage|p2a: Corviknight|21/100
|-damage|p1a: Electivire|0 fnt|[from] item: Life Orb
|faint|p1a: Electivire
|move|p2a: Corviknight|Roost|p2a: Corviknight
|-heal|p2a: Corviknight|71/100
|
|-heal|p2a: Corviknight|77/100|[from] item: Leftovers
|upkeep
|
|t:|1769447314
|switch|p1a: Toxtricity|Toxtricity-Low-Key, F|100/100
|turn|9
|
|t:|1769447323
|move|p1a: Toxtricity|Overdrive|p2a: Corviknight
|-damage|p2a: Corviknight|20/100
|-enditem|p1a: Toxtricity|Throat Spray
|-boost|p1a: Toxtricity|spa|1|[from] item: Throat Spray
|move|p2a: Corviknight|Iron Defense|p2a: Corviknight
|-boost|p2a: Corviknight|def|2
|
|-heal|p2a: Corviknight|27/100|[from] item: Leftovers
|upkeep
|turn|10
|
|t:|1769447342
|switch|p2a: Ceruledge|Ceruledge, M|100/100
|-activate|p2a: Ceruledge|move: Sticky Web
|-unboost|p2a: Ceruledge|spe|1
|move|p1a: Toxtricity|Overdrive|p2a: Ceruledge
|-damage|p2a: Ceruledge|49/100
|
|upkeep
|turn|11
|
|t:|1769447353
|move|p1a: Toxtricity|Overdrive|p2a: Ceruledge
|-damage|p2a: Ceruledge|0 fnt
|faint|p2a: Ceruledge
|
|upkeep
|-message|sutetchi forfeited.
|
|win|pokemonboy1
|raw|pokemonboy1's rating: 1106 &rarr; <strong>1132</strong><br />(+26 for winning)
|raw|sutetchi's rating: 1113 &rarr; <strong>1087</strong><br />(-26 for losing)
|l|☆sutetchi
|player|p2|
|l|☆pokemonboy1
|player|p1|
