|j|☆xerxes43
|j|☆Bakkalhau
|t:|1769378532
|gametype|singles
|player|p1|xerxes43|brendan-contest|1000
|player|p2|Bakkalhau|roxie|1042
|gen|9
|tier|[Gen 9] OU
|rated|
|rule|HP Percentage Mod: HP is shown in percentages
|rule|Endless Battle Clause: Forcing endless battles is banned
|rule|Species Clause: Limit one of each Pokémon
|rule|OHKO Clause: OHKO moves are banned
|rule|Evasion Items Clause: Evasion items are banned
|rule|Evasion Moves Clause: Evasion moves are banned
|rule|Evasion Abilities Clause: Evasion abilities are banned
|rule|Sleep Moves Clause: Sleep-inducing moves are banned
|clearpoke
|poke|p1|Clawitzer, F|
|poke|p1|Lapras, M|
|poke|p1|Pelipper, M|
|poke|p1|Masquerain, M|
|poke|p1|Gliscor, F|
|poke|p1|Raging Bolt|
|poke|p2|Scrafty, M|
|poke|p2|Weavile, M|
|poke|p2|Gliscor, M|
|poke|p2|Corviknight, M|
|poke|p2|Clodsire, F|
|poke|p2|Tinkaton, F|
|teampreview
|
|t:|1769378539
|teamsize|p1|6
|teamsize|p2|6
|start
|switch|p1a: Masquerain|Masquerain, M|100/100
|switch|p2a: Cheshire|Weavile, M|100/100
|-ability|p2a: Cheshire|Pressure
|-ability|p1a: Masquerain|Intimidate|boost
|-unboost|p2a: Cheshire|atk|1
|turn|1
|
|t:|1769378546
|switch|p1a: Pelipper|Pelipper, M|100/100
|-weather|RainDance|[from] ability: Drizzle|[of] p1a: Pelipper
|move|p2a: Cheshire|Ice Shard|p1a: Pelipper
|-damage|p1a: Pelipper|75/100
|
|-weather|RainDance|[upkeep]
|upkeep
|turn|2
|
|t:|1769378562
|switch|p2a: Kirby|Tinkaton, F|100/100
|-ability|p2a: Kirby|Mold Breaker
|switch|p1a: Masquerain|Masquerain, M|100/100
|-ability|p1a: Masquerain|Intimidate|boost
|-unboost|p2a: Kirby|atk|1
|
|-weather|RainDance|[upkeep]
|upkeep
|turn|3
|
|t:|1769378580
|switch|p1a: Clawitzer|Clawitzer, F|100/100
|move|p2a: Kirby|Gigaton Hammer|p1a: Clawitzer
|-resisted|p1a: Clawitzer
|-damage|p1a: Clawitzer|83/100
|
|-weather|RainDance|[upkeep]
|upkeep
|turn|4
|
|t:|1769378602
|switch|p2a: Meta knight|Corviknight, M|100/100
|move|p1a: Clawitzer|Water Pulse|p2a: Meta knight
|-damage|p2a: Meta knight|34/100
|-start|p2a: Meta knight|confusion
|
|-weather|RainDance|[upkeep]
|upkeep
|turn|5
|
|t:|1769378611
|move|p1a: Clawitzer|Water Pulse|p2a: Meta knight
|-damage|p2a: Meta knight|0 fnt
|faint|p2a: Meta knight
|
|-weather|none
|upkeep
|
|t:|1769378619
|switch|p2a: Oruam|Scrafty, M|100/100
|-ability|p2a: Oruam|Intimidate|boost
|-unboost|p1a: Clawitzer|atk|1
|turn|6
|
|t:|1769378626
|switch|p1a: Masquerain|Masquerain, M|100/100
|-ability|p1a: Masquerain|Intimidate|boost
|-unboost|p2a: Oruam|atk|1
|move|p2a: Oruam|Drain Punch|p1a: Masquerain
|-resisted|p1a: Masquerain
|-crit|p1a: Masquerain
|-damage|p1a: Masquerain|89/100
|
|upkeep
|turn|7
|
|t:|1769378643
|switch|p2a: Kirby|Tinkaton, F|100/100
|-ability|p2a: Kirby|Mold Breaker
|move|p1a: Masquerain|Tailwind|p1a: Masquerain
|-sidestart|p1: xerxes43|move: Tailwind
|
|upkeep
|turn|8
|
|t:|1769378651
|switch|p1a: Pelipper|Pelipper, M|75/100
|-weather|RainDance|[from] ability: Drizzle|[of] p1a: Pelipper
|move|p2a: Kirby|Gigaton Hammer|p1a: Pelipper
|-resisted|p1a: Pelipper
|-damage|p1a: Pelipper|46/100
|
|-weather|RainDance|[upkeep]
|upkeep
|turn|9
|
|t:|1769378666
|move|p1a: Pelipper|Soak|p2a: Kirby
|-start|p2a: Kirby|typechange|Water
|move|p2a: Kirby|Knock Off|p1a: Pelipper
|-damage|p1a: Pelipper|23/100
|-enditem|p1a: Pelipper|Heavy-Duty Boots|[from] move: Knock Off|[of] p2a: Kirby
|
|-weather|RainDance|[upkeep]
|upkeep
|turn|10
|
|t:|1769378673
|switch|p1a: Masquerain|Masquerain, M|89/100
|-ability|p1a: Masquerain|Intimidate|boost
|-unboost|p2a: Kirby|atk|1
|move|p2a: Kirby|Knock Off|p1a: Masquerain
|-damage|p1a: Masquerain|72/100
|-enditem|p1a: Masquerain|Heavy-Duty Boots|[from] move: Knock Off|[of] p2a: Kirby
|
|-weather|RainDance|[upkeep]
|-sideend|p1: xerxes43|move: Tailwind
|upkeep
|turn|11
|
|t:|1769378682
|switch|p1a: Raging Bolt|Raging Bolt|100/100
|-enditem|p1a: Raging Bolt|Booster Energy
|-activate|p1a: Raging Bolt|ability: Protosynthesis|[fromitem]
|-start|p1a: Raging Bolt|protosynthesisspa
|move|p2a: Kirby|Gigaton Hammer|p1a: Raging Bolt
|-resisted|p1a: Raging Bolt
|-damage|p1a: Raging Bolt|92/100
|
|-weather|RainDance|[upkeep]
|upkeep
|turn|12
|
|t:|1769378697
|-terastallize|p1a: Raging Bolt|Grass
|move|p2a: Kirby|Knock Off|p1a: Raging Bolt
|-damage|p1a: Raging Bolt|83/100
|move|p1a: Raging Bolt|Tera Blast|p2a: Kirby|[anim] Tera Blast Grass
|-supereffective|p2a: Kirby
|-damage|p2a: Kirby|0 fnt
|faint|p2a: Kirby
|
|-weather|none
|upkeep
|
|t:|1769378709
|switch|p2a: Cheshire|Weavile, M|100/100
|-ability|p2a: Cheshire|Pressure
|turn|13
|
|t:|1769378717
|-end|p1a: Raging Bolt|Protosynthesis|[silent]
|switch|p1a: Masquerain|Masquerain, M|72/100
|-ability|p1a: Masquerain|Intimidate|boost
|-unboost|p2a: Cheshire|atk|1
|move|p2a: Cheshire|Ice Shard|p1a: Masquerain
|-supereffective|p1a: Masquerain
|-damage|p1a: Masquerain|19/100
|
|upkeep
|turn|14
|
|t:|1769378725
|switch|p1a: Pelipper|Pelipper, M|23/100
|-weather|RainDance|[from] ability: Drizzle|[of] p1a: Pelipper
|move|p2a: Cheshire|Ice Shard|p1a: Pelipper
|-damage|p1a: Pelipper|0 fnt
|faint|p1a: Pelipper
|
|-weather|RainDance|[upkeep]
|upkeep
|
|t:|1769378732
|switch|p1a: Clawitzer|Clawitzer, F|83/100
|turn|15
|
|t:|1769378737
|switch|p2a: Joker|Gliscor, M|100/100
|move|p1a: Clawitzer|Water Pulse|p2a: Joker
|-supereffective|p2a: Joker
|-damage|p2a: Joker|0 fnt
|faint|p2a: Joker
|
|-weather|RainDance|[upkeep]
|upkeep
|
|t:|1769378744
|switch|p2a: Oruam|Scrafty, M|100/100
|-ability|p2a: Oruam|Intimidate|boost
|-unboost|p1a: Clawitzer|atk|1
|turn|16
|
|t:|1769378748
|move|p1a: Clawitzer|Water Pulse|p2a: Oruam
|-damage|p2a: Oruam|60/100
|move|p2a: Oruam|Drain Punch|p1a: Clawitzer
|-damage|p1a: Clawitzer|53/100
|-heal|p2a: Oruam|73/100|[from] drain|[of] p1a: Clawitzer
|
|-weather|RainDance|[upkeep]
|-heal|p2a: Oruam|79/100|[from] item: Leftovers
|upkeep
|turn|17
|
|t:|1769378758
|switch|p1a: Masquerain|Masquerain, M|19/100
|-ability|p1a: Masquerain|Intimidate|boost
|-unboost|p2a: Oruam|atk|1
|move|p2a: Oruam|Bulk Up|p2a: Oruam
|-boost|p2a: Oruam|atk|1
|-boost|p2a: Oruam|def|1
|
|-weather|RainDance|[upkeep]
|-heal|p2a: Oruam|85/100|[from] item: Leftovers
|upkeep
|turn|18
|
|t:|1769378772
|switch|p1a: Gliscor|Gliscor, F|100/100
|-terastallize|p2a: Oruam|Steel
|move|p2a: Oruam|Knock Off|p1a: Gliscor
|-damage|p1a: Gliscor|75/100
|-enditem|p1a: Gliscor|Toxic Orb|[from] move: Knock Off|[of] p2a: Oruam
|
|-weather|none
|-heal|p2a: Oruam|91/100|[from] item: Leftovers
|upkeep
|turn|19
|
|t:|1769378789
|move|p1a: Gliscor|Protect|p1a: Gliscor
|-singleturn|p1a: Gliscor|Protect
|move|p2a: Oruam|Dragon Tail|p1a: Gliscor
|-activate|p1a: Gliscor|move: Protect
|
|-heal|p2a: Oruam|97/100|[from] item: Leftovers
|upkeep
|turn|20
|
|t:|1769378795
|move|p1a: Gliscor|Earthquake|p2a: Oruam
|-supereffective|p2a: Oruam
|-damage|p2a: Oruam|55/100
|move|p2a: Oruam|Dragon Tail|p1a: Gliscor
|-damage|p1a: Gliscor|63/100
|drag|p1a: Clawitzer|Clawitzer, F|53/100
|
|-heal|p2a: Oruam|61/100|[from] item: Leftovers
|upkeep
|turn|21
|
|t:|1769378803
|switch|p1a: Masquerain|Masquerain, M|19/100
|-ability|p1a: Masquerain|Intimidate|boost
|-unboost|p2a: Oruam|atk|1
|move|p2a: Oruam|Drain Punch|p1a: Masquerain
|-resisted|p1a: Masquerain
|-damage|p1a: Masquerain|14/100
|-heal|p2a: Oruam|63/100|[from] drain|[of] p1a: Masquerain
|
|-heal|p2a: Oruam|69/100|[from] item: Leftovers
|upkeep
|turn|22
|
|t:|1769378815
|switch|p1a: Gliscor|Gliscor, F|63/100
|move|p2a: Oruam|Knock Off|p1a: Gliscor
|-damage|p1a: Gliscor|51/100
|
|-heal|p2a: Oruam|75/100|[from] item: Leftovers
|upkeep
|turn|23
|
|t:|1769378821
|move|p1a: Gliscor|Earthquake|p2a: Oruam
|-supereffective|p2a: Oruam
|-damage|p2a: Oruam|33/100
|move|p2a: Oruam|Dragon Tail|p1a: Gliscor
|-damage|p1a: Gliscor|44/100
|drag|p1a: Masquerain|Masquerain, M|14/100
|-ability|p1a: Masquerain|Intimidate|boost
|-unboost|p2a: Oruam|atk|1
|
|-heal|p2a: Oruam|39/100|[from] item: Leftovers
|upkeep
|turn|24
|
|t:|1769378835
|move|p1a: Masquerain|Rain Dance|p1a: Masquerain
|-weather|RainDance
|move|p2a: Oruam|Bulk Up|p2a: Oruam
|-boost|p2a: Oruam|atk|1
|-boost|p2a: Oruam|def|1
|
|-weather|RainDance|[upkeep]
|-heal|p2a: Oruam|45/100|[from] item: Leftovers
|upkeep
|turn|25
|
|t:|1769378842
|move|p1a: Masquerain|Tailwind|p1a: Masquerain
|-sidestart|p1: xerxes43|move: Tailwind
|move|p2a: Oruam|Knock Off|p1a: Masquerain
|-damage|p1a: Masquerain|0 fnt
|faint|p1a: Masquerain
|
|-weather|RainDance|[upkeep]
|-heal|p2a: Oruam|51/100|[from] item: Leftovers
|upkeep
|
|t:|1769378854
|switch|p1a: Raging Bolt|Raging Bolt, tera:Grass|83/100
|turn|26
|
|t:|1769378860
|move|p1a: Raging Bolt|Thunder|p2a: Oruam
|-damage|p2a: Oruam|12/100
|-status|p2a: Oruam|par
|move|p2a: Oruam|Drain Punch|p1a: Raging Bolt
|-damage|p1a: Raging Bolt|67/100
|-heal|p2a: Oruam|22/100 par|[from] drain|[of] p1a: Raging Bolt
|
|-weather|RainDance|[upkeep]
|-heal|p2a: Oruam|28/100 par|[from] item: Leftovers
|upkeep
|turn|27
|l|☆xerxes43
|player|p1|
|j|☆xerxes43
|player|p1|xerxes43|brendan-contest|
|
|t:|1769378948
|switch|p2a: Cheshire|Weavile, M|100/100
|-ability|p2a: Cheshire|Pressure
|move|p1a: Raging Bolt|Tera Blast|p2a: Cheshire|[anim] Tera Blast Grass
|-damage|p2a: Cheshire|37/100
|
|-weather|RainDance|[upkeep]
|upkeep
|turn|28
|
|t:|1769378958
|move|p1a: Raging Bolt|Thunderclap|p2a: Cheshire
|-damage|p2a: Cheshire|0 fnt
|faint|p2a: Cheshire
|
|-weather|none
|-sideend|p1: xerxes43|move: Tailwind
|upkeep
|
|t:|1769378963
|switch|p2a: Oruam|Scrafty, M, tera:Steel|28/100 par
|-ability|p2a: Oruam|Intimidate|boost
|-unboost|p1a: Raging Bolt|atk|1
|turn|29
|
|t:|1769378968
|move|p1a: Raging Bolt|Volt Switch|p2a: Oruam
|-damage|p2a: Oruam|3/100 par
|
|t:|1769378971
|-end|p1a: Raging Bolt|Protosynthesis|[silent]
|switch|p1a: Gliscor|Gliscor, F|44/100|[from] Volt Switch
|move|p2a: Oruam|Drain Punch|p1a: Gliscor
|-resisted|p1a: Gliscor
|-damage|p1a: Gliscor|35/100
|-heal|p2a: Oruam|8/100 par|[from] drain|[of] p1a: Gliscor
|
|-heal|p2a: Oruam|14/100 par|[from] item: Leftovers
|upkeep
|turn|30
|
|t:|1769378981
|switch|p2a: Ximbinha|Clodsire, F|100/100
|move|p1a: Gliscor|Earthquake|p2a: Ximbinha
|-supereffective|p2a: Ximbinha
|-damage|p2a: Ximbinha|22/100
|
|-heal|p2a: Ximbinha|28/100|[from] item: Leftovers
|upkeep
|turn|31
|
|t:|1769378988
|move|p1a: Gliscor|Acrobatics|p2a: Ximbinha
|-damage|p2a: Ximbinha|0 fnt
|faint|p2a: Ximbinha
|
|upkeep
|
|t:|1769378995
|switch|p2a: Oruam|Scrafty, M, tera:Steel|14/100 par
|-ability|p2a: Oruam|Intimidate|boost
|-unboost|p1a: Gliscor|atk|1
|turn|32
|
|t:|1769379000
|move|p1a: Gliscor|Acrobatics|p2a: Oruam
|-resisted|p2a: Oruam
|-damage|p2a: Oruam|4/100 par
|move|p2a: Oruam|Knock Off|p1a: Gliscor
|-damage|p1a: Gliscor|17/100
|
|-heal|p2a: Oruam|10/100 par|[from] item: Leftovers
|upkeep
|turn|33
|
|t:|1769379007
|move|p1a: Gliscor|Earthquake|p2a: Oruam
|-supereffective|p2a: Oruam
|-damage|p2a: Oruam|0 fnt
|faint|p2a: Oruam
|
|win|xerxes43
|raw|xerxes43's rating: 1000 &rarr; <strong>1045</strong><br />(+45 for winning)
|raw|Bakkalhau's rating: 1042 &rarr; <strong>1024</strong><br />(-18 for losing)
|l|☆Bakkalhau
|player|p2|
