|j|☆InahaFrost
|j|☆tacolover313
|t:|1769385613
|gametype|singles
|player|p1|InahaFrost|n|1284
|player|p2|tacolover313|striker|1302
|gen|9
|tier|[Gen 9] OU
|rated|
|rule|HP Percentage Mod: HP is shown in percentages
|rule|Endless Battle Clause: Forcing endless battles is banned
|rule|Species Clause: Limit one of each Pokémon
|rule|OHKO Clause: OHKO moves are banned
|rule|Evasion Items Clause: Evasion items are banned
|rule|Evasion Moves Clause: Evasion moves are banned
|rule|Evasion Abilities Clause: Evasion abilities are banned
|rule|Sleep Moves Clause: Sleep-inducing moves are banned
|clearpoke
|poke|p1|Tyranitar, F|
|poke|p1|Minior-Indigo|
|poke|p1|Diancie|
|poke|p1|Ogerpon-Cornerstone, F|
|poke|p1|Iron Boulder|
|poke|p1|Kleavor, M|
|poke|p2|Zapdos|
|poke|p2|Garchomp, M|
|poke|p2|Primarina, F|
|poke|p2|Iron Treads|
|poke|p2|Rillaboom, M|
|poke|p2|Chandelure, M|
|teampreview
|
|t:|1769385622
|teamsize|p1|6
|teamsize|p2|6
|start
|switch|p1a: Kleavor|Kleavor, M, shiny|100/100
|switch|p2a: Garchomp|Garchomp, M, shiny|100/100
|turn|1
|
|t:|1769385630
|move|p1a: Kleavor|Fury Cutter|p2a: Garchomp
|-damage|p2a: Garchomp|67/100
|-damage|p1a: Kleavor|88/100|[from] ability: Rough Skin|[of] p2a: Garchomp
|-damage|p1a: Kleavor|72/100|[from] item: Rocky Helmet|[of] p2a: Garchomp
|move|p2a: Garchomp|Scale Shot|p1a: Kleavor
|-damage|p1a: Kleavor|55/100
|-damage|p1a: Kleavor|37/100
|-hitcount|p1a: Kleavor|2
|-unboost|p2a: Garchomp|def|1
|-boost|p2a: Garchomp|spe|1
|
|upkeep
|turn|2
|
|t:|1769385642
|move|p2a: Garchomp|Earthquake|p1a: Kleavor
|-damage|p1a: Kleavor|0 fnt
|faint|p1a: Kleavor
|
|upkeep
|
|t:|1769385648
|switch|p1a: Minior|Minior-Indigo, shiny|100/100
|-formechange|p1a: Minior|Minior-Meteor||[from] ability: Shields Down
|turn|3
|
|t:|1769385655
|-terastallize|p2a: Garchomp|Steel
|move|p2a: Garchomp|Iron Head|p1a: Minior
|-supereffective|p1a: Minior
|-damage|p1a: Minior|4/100
|move|p1a: Minior|Shell Smash|p1a: Minior
|-unboost|p1a: Minior|def|1
|-unboost|p1a: Minior|spd|1
|-boost|p1a: Minior|atk|2
|-boost|p1a: Minior|spa|2
|-boost|p1a: Minior|spe|2
|-enditem|p1a: Minior|White Herb
|-clearnegativeboost|p1a: Minior|[silent]
|
|-formechange|p1a: Minior|Minior-Indigo||[from] ability: Shields Down
|upkeep
|turn|4
|
|t:|1769385666
|-terastallize|p1a: Minior|Stellar
|move|p1a: Minior|Tera Blast|p2a: Garchomp|[anim] Tera Blast Stellar
|-supereffective|p2a: Garchomp
|-crit|p2a: Garchomp
|-damage|p2a: Garchomp|0 fnt
|-unboost|p1a: Minior|atk|1
|-unboost|p1a: Minior|spa|1
|faint|p2a: Garchomp
|
|upkeep
|
|t:|1769385675
|switch|p2a: Rillaboom|Rillaboom, M|100/100
|-fieldstart|move: Grassy Terrain|[from] ability: Grassy Surge|[of] p2a: Rillaboom
|turn|5
|
|t:|1769385684
|move|p2a: Rillaboom|Fake Out|p1a: Minior
|-resisted|p1a: Minior
|-damage|p1a: Minior|0 fnt
|faint|p1a: Minior
|
|upkeep
|
|t:|1769385691
|switch|p1a: Ogerpon|Ogerpon-Cornerstone, F|100/100
|turn|6
|
|t:|1769385698
|move|p1a: Ogerpon|Encore|p2a: Rillaboom
|-start|p2a: Rillaboom|Encore
|move|p2a: Rillaboom|Fake Out||[still]
|-hint|Fake Out only works on your first turn out.
|-fail|p2a: Rillaboom
|
|upkeep
|turn|7
|
|t:|1769385705
|switch|p2a: Zapdos|Zapdos|100/100
|move|p1a: Ogerpon|Swords Dance|p1a: Ogerpon
|-boost|p1a: Ogerpon|atk|2
|
|upkeep
|turn|8
|
|t:|1769385715
|move|p1a: Ogerpon|Ivy Cudgel|p2a: Zapdos|[anim] Ivy Cudgel Rock
|-supereffective|p2a: Zapdos
|-damage|p2a: Zapdos|0 fnt
|faint|p2a: Zapdos
|
|upkeep
|
|t:|1769385720
|switch|p2a: Iron Treads|Iron Treads|100/100
|turn|9
|
|t:|1769385727
|move|p1a: Ogerpon|Swords Dance|p1a: Ogerpon
|-boost|p1a: Ogerpon|atk|2
|move|p2a: Iron Treads|Rapid Spin|p1a: Ogerpon
|-resisted|p1a: Ogerpon
|-damage|p1a: Ogerpon|91/100
|-boost|p2a: Iron Treads|spe|1
|
|-heal|p1a: Ogerpon|97/100|[from] Grassy Terrain
|-fieldend|move: Grassy Terrain
|upkeep
|turn|10
|
|t:|1769385734
|move|p2a: Iron Treads|Earthquake|p1a: Ogerpon
|-damage|p1a: Ogerpon|36/100
|move|p1a: Ogerpon|Horn Leech|p2a: Iron Treads
|-damage|p2a: Iron Treads|0 fnt
|-heal|p1a: Ogerpon|94/100|[from] drain|[of] p2a: Iron Treads
|faint|p2a: Iron Treads
|-end|p2a: Iron Treads|Quark Drive|[silent]
|
|upkeep
|
|t:|1769385745
|switch|p2a: Rillaboom|Rillaboom, M|100/100
|-fieldstart|move: Grassy Terrain|[from] ability: Grassy Surge|[of] p2a: Rillaboom
|turn|11
|
|t:|1769385756
|move|p2a: Rillaboom|Grassy Glide|p1a: Ogerpon
|-crit|p1a: Ogerpon
|-damage|p1a: Ogerpon|15/100
|move|p1a: Ogerpon|Ivy Cudgel|p2a: Rillaboom|[anim] Ivy Cudgel Rock
|-damage|p2a: Rillaboom|0 fnt
|faint|p2a: Rillaboom
|
|-heal|p1a: Ogerpon|21/100|[from] Grassy Terrain
|upkeep
|
|t:|1769385764
|switch|p2a: Chandelure|Chandelure, M, shiny|100/100
|turn|12
|
|t:|1769385773
|move|p2a: Chandelure|Shadow Ball|p1a: Ogerpon
|-damage|p1a: Ogerpon|0 fnt
|faint|p1a: Ogerpon
|
|upkeep
|
|t:|1769385783
|switch|p1a: Tyranitar|Tyranitar, F|100/100
|-weather|Sandstorm|[from] ability: Sand Stream|[of] p1a: Tyranitar
|turn|13
|
|t:|1769385787
|switch|p2a: Primarina|Primarina, F|100/100
|move|p1a: Tyranitar|Dragon Dance|p1a: Tyranitar
|-boost|p1a: Tyranitar|atk|1
|-boost|p1a: Tyranitar|spe|1
|
|-weather|Sandstorm|[upkeep]
|-damage|p2a: Primarina|94/100|[from] Sandstorm
|-heal|p2a: Primarina|100/100|[from] Grassy Terrain
|upkeep
|turn|14
|
|t:|1769385796
|move|p1a: Tyranitar|Knock Off|p2a: Primarina
|-resisted|p2a: Primarina
|-damage|p2a: Primarina|66/100
|-enditem|p2a: Primarina|Leftovers|[from] move: Knock Off|[of] p1a: Tyranitar
|move|p2a: Primarina|Draining Kiss|p1a: Tyranitar
|-supereffective|p1a: Tyranitar
|-damage|p1a: Tyranitar|67/100
|-heal|p2a: Primarina|90/100|[from] drain|[of] p1a: Tyranitar
|
|-weather|Sandstorm|[upkeep]
|-damage|p2a: Primarina|84/100|[from] Sandstorm
|-heal|p1a: Tyranitar|73/100|[from] Grassy Terrain
|-heal|p2a: Primarina|90/100|[from] Grassy Terrain
|upkeep
|turn|15
|
|t:|1769385808
|move|p1a: Tyranitar|Dragon Dance|p1a: Tyranitar
|-boost|p1a: Tyranitar|atk|1
|-boost|p1a: Tyranitar|spe|1
|move|p2a: Primarina|Draining Kiss|p1a: Tyranitar
|-supereffective|p1a: Tyranitar
|-damage|p1a: Tyranitar|37/100
|-heal|p2a: Primarina|100/100|[from] drain|[of] p1a: Tyranitar
|
|-weather|Sandstorm|[upkeep]
|-damage|p2a: Primarina|94/100|[from] Sandstorm
|-heal|p1a: Tyranitar|44/100|[from] Grassy Terrain
|-heal|p2a: Primarina|100/100|[from] Grassy Terrain
|-fieldend|move: Grassy Terrain
|upkeep
|turn|16
|
|t:|1769385818
|move|p1a: Tyranitar|Earthquake|p2a: Primarina
|-damage|p2a: Primarina|32/100
|move|p2a: Primarina|Draining Kiss|p1a: Tyranitar
|-supereffective|p1a: Tyranitar
|-damage|p1a: Tyranitar|13/100
|-heal|p2a: Primarina|53/100|[from] drain|[of] p1a: Tyranitar
|
|-weather|Sandstorm|[upkeep]
|-damage|p2a: Primarina|47/100|[from] Sandstorm
|upkeep
|turn|17
|
|t:|1769385830
|move|p1a: Tyranitar|Earthquake|p2a: Primarina
|-damage|p2a: Primarina|0 fnt
|faint|p2a: Primarina
|
|-weather|Sandstorm|[upkeep]
|upkeep
|
|t:|1769385835
|switch|p2a: Chandelure|Chandelure, M, shiny|100/100
|turn|18
|
|t:|1769385839
|move|p1a: Tyranitar|Knock Off|p2a: Chandelure
|-supereffective|p2a: Chandelure
|-damage|p2a: Chandelure|0 fnt
|-enditem|p2a: Chandelure|Choice Scarf|[from] move: Knock Off|[of] p1a: Tyranitar
|faint|p2a: Chandelure
|
|win|InahaFrost
|raw|InahaFrost's rating: 1284 &rarr; <strong>1310</strong><br />(+26 for winning)
|raw|tacolover313's rating: 1302 &rarr; <strong>1281</strong><br />(-21 for losing)
|l|☆tacolover313
|player|p2|
|l|☆InahaFrost
|player|p1|
