|j|☆OP Sand
|j|☆scorpion257
|t:|1769318501
|gametype|singles
|player|p1|OP Sand|giovanni-masters|1586
|player|p2|scorpion257|benga|1567
|gen|9
|tier|[Gen 9] OU
|rated|
|rule|HP Percentage Mod: HP is shown in percentages
|rule|Endless Battle Clause: Forcing endless battles is banned
|rule|Species Clause: Limit one of each Pokémon
|rule|OHKO Clause: OHKO moves are banned
|rule|Evasion Items Clause: Evasion items are banned
|rule|Evasion Moves Clause: Evasion moves are banned
|rule|Evasion Abilities Clause: Evasion abilities are banned
|rule|Sleep Moves Clause: Sleep-inducing moves are banned
|clearpoke
|poke|p1|Excadrill, F|
|poke|p1|Tyranitar, F|
|poke|p1|Kyurem|
|poke|p1|Hawlucha, M|
|poke|p1|Pawmot, M|
|poke|p1|Leavanny, F|
|poke|p2|Dondozo, M|
|poke|p2|Blissey, F|
|poke|p2|Corviknight, M|
|poke|p2|Weezing-Galar, F|
|poke|p2|Gliscor, M|
|poke|p2|Toxapex, F|
|teampreview
|inactive|Battle timer is ON: inactive players will automatically lose when time's up. (requested by scorpion257)
|inactive|OP Sand also wants the timer to be on.
|inactive|OP Sand has 120 seconds left.
|j| sixlegoat
|
|t:|1769318548
|teamsize|p1|6
|teamsize|p2|6
|start
|switch|p1a: Frieza|Kyurem, shiny|100/100
|switch|p2a: Gliscor|Gliscor, M|100/100
|-ability|p1a: Frieza|Pressure
|turn|1
|
|t:|1769318557
|move|p2a: Gliscor|Protect|p2a: Gliscor
|-singleturn|p2a: Gliscor|Protect
|move|p1a: Frieza|Freeze-Dry|p2a: Gliscor
|-activate|p2a: Gliscor|move: Protect
|
|-status|p2a: Gliscor|tox|[from] item: Toxic Orb
|upkeep
|turn|2
|
|t:|1769318564
|switch|p1a: Itachi|Hawlucha, M, shiny|100/100
|-ability|p1a: Itachi|Mold Breaker
|switch|p2a: Blissey|Blissey, F|100/100
|
|upkeep
|turn|3
|
|t:|1769318568
|switch|p2a: Weezing|Weezing-Galar, F|100/100
|-ability|p2a: Weezing|Neutralizing Gas
|move|p1a: Itachi|Close Combat|p2a: Weezing
|-resisted|p2a: Weezing
|-damage|p2a: Weezing|93/100
|-unboost|p1a: Itachi|def|1
|-unboost|p1a: Itachi|spd|1
|
|upkeep
|turn|4
|
|t:|1769318575
|switch|p1a: The sandstorm|Tyranitar, F, shiny|100/100
|move|p2a: Weezing|Will-O-Wisp|p1a: The sandstorm|[miss]
|-miss|p2a: Weezing|p1a: The sandstorm
|
|upkeep
|turn|5
|
|t:|1769318579
|move|p2a: Weezing|Will-O-Wisp|p1a: The sandstorm|[miss]
|-miss|p2a: Weezing|p1a: The sandstorm
|move|p1a: The sandstorm|Thunder Wave|p2a: Weezing
|-status|p2a: Weezing|par
|
|upkeep
|turn|6
|
|t:|1769318585
|move|p1a: The sandstorm|Stealth Rock|p2a: Weezing
|-sidestart|p2: scorpion257|move: Stealth Rock
|move|p2a: Weezing|Will-O-Wisp|p1a: The sandstorm|[miss]
|-miss|p2a: Weezing|p1a: The sandstorm
|
|upkeep
|turn|7
|c|☆OP Sand|Lol
|
|t:|1769318599
|move|p2a: Weezing|Defog|p1a: The sandstorm
|-unboost|p1a: The sandstorm|evasion|1
|-sideend|p2: scorpion257|Stealth Rock|[from] move: Defog|[of] p2a: Weezing
|move|p1a: The sandstorm|Roar|p2a: Weezing
|-end|p2a: Weezing|ability: Neutralizing Gas
|-weather|Sandstorm|[from] ability: Sand Stream|[of] p1a: The sandstorm
|drag|p2a: Blissey|Blissey, F|100/100
|
|-weather|Sandstorm|[upkeep]
|-damage|p2a: Blissey|94/100|[from] Sandstorm
|-heal|p2a: Blissey|100/100|[from] item: Leftovers
|upkeep
|turn|8
|c|☆scorpion257|Can I fucking hit my move
|
|t:|1769318607
|switch|p2a: Gliscor|Gliscor, M|100/100 tox
|move|p1a: The sandstorm|Stealth Rock|p2a: Gliscor
|-sidestart|p2: scorpion257|move: Stealth Rock
|
|-weather|Sandstorm|[upkeep]
|upkeep
|turn|9
|
|t:|1769318611
|move|p2a: Gliscor|Knock Off|p1a: The sandstorm
|-resisted|p1a: The sandstorm
|-damage|p1a: The sandstorm|93/100
|-enditem|p1a: The sandstorm|Smooth Rock|[from] move: Knock Off|[of] p2a: Gliscor
|move|p1a: The sandstorm|Ice Beam|p2a: Gliscor
|-supereffective|p2a: Gliscor
|-damage|p2a: Gliscor|13/100 tox
|
|-weather|Sandstorm|[upkeep]
|-heal|p2a: Gliscor|25/100 tox|[from] ability: Poison Heal
|upkeep
|turn|10
|
|t:|1769318618
|move|p2a: Gliscor|Protect|p2a: Gliscor
|-singleturn|p2a: Gliscor|Protect
|move|p1a: The sandstorm|Roar|p2a: Gliscor
|drag|p2a: Toxapex|Toxapex, F|100/100
|-damage|p2a: Toxapex|88/100|[from] Stealth Rock
|
|-weather|Sandstorm|[upkeep]
|-damage|p2a: Toxapex|82/100|[from] Sandstorm
|-heal|p2a: Toxapex|88/100|[from] item: Leftovers
|upkeep
|turn|11
|
|t:|1769318621
|switch|p1a: OP|Excadrill, F|100/100
|move|p2a: Toxapex|Toxic|p1a: OP
|-immune|p1a: OP
|
|-weather|Sandstorm|[upkeep]
|-damage|p2a: Toxapex|82/100|[from] Sandstorm
|-heal|p2a: Toxapex|88/100|[from] item: Leftovers
|upkeep
|turn|12
|
|t:|1769318629
|switch|p1a: Leavanny|Leavanny, F|100/100
|switch|p2a: Corviknight|Corviknight, M|100/100
|-damage|p2a: Corviknight|88/100|[from] Stealth Rock
|-ability|p2a: Corviknight|Pressure
|
|-weather|Sandstorm|[upkeep]
|-heal|p2a: Corviknight|94/100|[from] item: Leftovers
|upkeep
|turn|13
|l| sixlegoat
|
|t:|1769318634
|move|p1a: Leavanny|Knock Off|p2a: Corviknight
|-damage|p2a: Corviknight|77/100
|-enditem|p2a: Corviknight|Leftovers|[from] move: Knock Off|[of] p1a: Leavanny
|move|p2a: Corviknight|Defog|p1a: Leavanny
|-unboost|p1a: Leavanny|evasion|1
|-sideend|p2: scorpion257|Stealth Rock|[from] move: Defog|[of] p2a: Corviknight
|
|-weather|Sandstorm|[upkeep]
|upkeep
|turn|14
|
|t:|1769318643
|switch|p1a: OP|Excadrill, F|100/100
|switch|p2a: Weezing|Weezing-Galar, F|93/100 par
|-ability|p2a: Weezing|Neutralizing Gas
|
|-weather|none
|upkeep
|turn|15
|
|t:|1769318649
|-end|p2a: Weezing|ability: Neutralizing Gas
|switch|p2a: Corviknight|Corviknight, M|77/100
|-ability|p2a: Corviknight|Pressure
|-terastallize|p1a: OP|Fire
|move|p1a: OP|Tera Blast|p2a: Corviknight|[anim] Tera Blast Fire
|-supereffective|p2a: Corviknight
|-damage|p2a: Corviknight|0 fnt
|faint|p2a: Corviknight
|
|upkeep
|
|t:|1769318658
|switch|p2a: Dondozo|Dondozo, M|100/100
|turn|16
|
|t:|1769318663
|switch|p1a: Frieza|Kyurem, shiny|100/100
|-ability|p1a: Frieza|Pressure
|move|p2a: Dondozo|Body Press|p1a: Frieza
|-supereffective|p1a: Frieza
|-crit|p1a: Frieza
|-damage|p1a: Frieza|21/100
|
|upkeep
|turn|17
|
|t:|1769318667
|switch|p1a: The sandstorm|Tyranitar, F, shiny|93/100
|-weather|Sandstorm|[from] ability: Sand Stream|[of] p1a: The sandstorm
|switch|p2a: Blissey|Blissey, F|100/100
|
|-weather|Sandstorm|[upkeep]
|-damage|p2a: Blissey|94/100|[from] Sandstorm
|-heal|p2a: Blissey|100/100|[from] item: Leftovers
|upkeep
|turn|18
|
|t:|1769318671
|switch|p1a: Frieza|Kyurem, shiny|21/100
|-ability|p1a: Frieza|Pressure
|switch|p2a: Toxapex|Toxapex, F|100/100
|
|-weather|Sandstorm|[upkeep]
|-damage|p1a: Frieza|15/100|[from] Sandstorm
|-damage|p2a: Toxapex|94/100|[from] Sandstorm
|-heal|p2a: Toxapex|100/100|[from] item: Leftovers
|upkeep
|turn|19
|
|t:|1769318678
|switch|p2a: Blissey|Blissey, F|100/100
|move|p1a: Frieza|Freeze-Dry|p2a: Blissey
|-damage|p2a: Blissey|88/100
|
|-weather|Sandstorm|[upkeep]
|-damage|p1a: Frieza|8/100|[from] Sandstorm
|-damage|p2a: Blissey|82/100|[from] Sandstorm
|-heal|p2a: Blissey|88/100|[from] item: Leftovers
|upkeep
|turn|20
|
|t:|1769318681
|move|p1a: Frieza|Endeavor|p2a: Blissey
|-damage|p2a: Blissey|5/100
|move|p2a: Blissey|Stealth Rock|p1a: Frieza
|-sidestart|p1: OP Sand|move: Stealth Rock
|
|-weather|Sandstorm|[upkeep]
|-damage|p1a: Frieza|2/100|[from] Sandstorm
|-damage|p2a: Blissey|0 fnt|[from] Sandstorm
|faint|p2a: Blissey
|upkeep
|
|t:|1769318686
|switch|p2a: Gliscor|Gliscor, M|25/100 tox
|turn|21
|
|t:|1769318690
|switch|p1a: Itachi|Hawlucha, M, shiny|100/100
|-damage|p1a: Itachi|88/100|[from] Stealth Rock
|-ability|p1a: Itachi|Mold Breaker
|move|p2a: Gliscor|Protect||[still]
|-fail|p2a: Gliscor
|
|-weather|none
|-heal|p2a: Gliscor|38/100 tox|[from] ability: Poison Heal
|upkeep
|turn|22
|c|☆scorpion257|I'm playing against some absolute cheese rn
|
|t:|1769318706
|move|p2a: Gliscor|Protect|p2a: Gliscor
|-singleturn|p2a: Gliscor|Protect
|move|p1a: Itachi|Defog|p2a: Gliscor
|-activate|p2a: Gliscor|move: Protect
|
|-heal|p2a: Gliscor|50/100 tox|[from] ability: Poison Heal
|upkeep
|turn|23
|
|t:|1769318713
|move|p1a: Itachi|Brave Bird|p2a: Gliscor
|-damage|p2a: Gliscor|12/100 tox
|-damage|p1a: Itachi|73/100|[from] Recoil
|move|p2a: Gliscor|Spikes|p1a: Itachi
|-sidestart|p1: OP Sand|Spikes
|
|-heal|p2a: Gliscor|25/100 tox|[from] ability: Poison Heal
|upkeep
|turn|24
|
|t:|1769318718
|move|p2a: Gliscor|Protect|p2a: Gliscor
|-singleturn|p2a: Gliscor|Protect
|move|p1a: Itachi|Defog|p2a: Gliscor
|-activate|p2a: Gliscor|move: Protect
|
|-heal|p2a: Gliscor|37/100 tox|[from] ability: Poison Heal
|upkeep
|turn|25
|
|t:|1769318725
|switch|p2a: Weezing|Weezing-Galar, F|93/100 par
|-ability|p2a: Weezing|Neutralizing Gas
|move|p1a: Itachi|Brave Bird|p2a: Weezing
|-damage|p2a: Weezing|60/100 par
|-damage|p1a: Itachi|61/100|[from] Recoil
|
|upkeep
|turn|26
|
|t:|1769318730
|move|p1a: Itachi|Defog|p2a: Weezing
|-unboost|p2a: Weezing|evasion|1
|-sideend|p1: OP Sand|Spikes|[from] move: Defog|[of] p1a: Itachi
|-sideend|p1: OP Sand|Stealth Rock|[from] move: Defog|[of] p1a: Itachi
|move|p2a: Weezing|Will-O-Wisp|p1a: Itachi
|-status|p1a: Itachi|brn
|
|-damage|p1a: Itachi|55/100 brn|[from] brn
|upkeep
|turn|27
|
|t:|1769318739
|switch|p1a: The sandstorm|Tyranitar, F, shiny|93/100
|-end|p2a: Weezing|ability: Neutralizing Gas
|-weather|Sandstorm|[from] ability: Sand Stream|[of] p1a: The sandstorm
|switch|p2a: Toxapex|Toxapex, F|100/100
|
|-weather|Sandstorm|[upkeep]
|-damage|p2a: Toxapex|94/100|[from] Sandstorm
|-heal|p2a: Toxapex|100/100|[from] item: Leftovers
|upkeep
|turn|28
|
|t:|1769318748
|switch|p2a: Weezing|Weezing-Galar, F|60/100 par
|-ability|p2a: Weezing|Neutralizing Gas
|move|p1a: The sandstorm|Thunder Wave|p2a: Weezing|[miss]
|-miss|p1a: The sandstorm|p2a: Weezing
|
|-weather|Sandstorm|[upkeep]
|-damage|p2a: Weezing|54/100 par|[from] Sandstorm
|upkeep
|turn|29
|
|t:|1769318754
|move|p1a: The sandstorm|Stealth Rock|p2a: Weezing
|-sidestart|p2: scorpion257|move: Stealth Rock
|move|p2a: Weezing|Toxic Spikes|p1a: The sandstorm
|-sidestart|p1: OP Sand|move: Toxic Spikes
|
|-weather|Sandstorm|[upkeep]
|-damage|p2a: Weezing|48/100 par|[from] Sandstorm
|upkeep
|turn|30
|
|t:|1769318767
|switch|p1a: Itachi|Hawlucha, M, shiny|55/100 brn
|-end|p2a: Weezing|ability: Neutralizing Gas
|-ability|p1a: Itachi|Mold Breaker
|switch|p2a: Toxapex|Toxapex, F|100/100
|-damage|p2a: Toxapex|88/100|[from] Stealth Rock
|
|-weather|Sandstorm|[upkeep]
|-damage|p1a: Itachi|49/100 brn|[from] Sandstorm
|-damage|p2a: Toxapex|82/100|[from] Sandstorm
|-heal|p2a: Toxapex|88/100|[from] item: Leftovers
|-damage|p1a: Itachi|43/100 brn|[from] brn
|upkeep
|turn|31
|
|t:|1769318775
|switch|p1a: OP|Excadrill, F, tera:Fire|100/100
|-status|p1a: OP|psn
|move|p2a: Toxapex|Poison Jab|p1a: OP
|-damage|p1a: OP|78/100 psn
|
|-weather|none
|-heal|p2a: Toxapex|94/100|[from] item: Leftovers
|-damage|p1a: OP|66/100 psn|[from] psn
|upkeep
|turn|32
|
|t:|1769318786
|switch|p1a: Itachi|Hawlucha, M, shiny|43/100 brn
|-ability|p1a: Itachi|Mold Breaker
|switch|p2a: Dondozo|Dondozo, M|100/100
|-damage|p2a: Dondozo|88/100|[from] Stealth Rock
|
|-heal|p2a: Dondozo|94/100|[from] item: Leftovers
|-damage|p1a: Itachi|37/100 brn|[from] brn
|upkeep
|turn|33
|
|t:|1769318793
|switch|p2a: Gliscor|Gliscor, M|37/100 tox
|-damage|p2a: Gliscor|25/100 tox|[from] Stealth Rock
|move|p1a: Itachi|Defog|p2a: Gliscor
|-unboost|p2a: Gliscor|evasion|1
|-sideend|p2: scorpion257|Stealth Rock|[from] move: Defog|[of] p1a: Itachi
|-sideend|p1: OP Sand|Toxic Spikes|[from] move: Defog|[of] p1a: Itachi
|
|-heal|p2a: Gliscor|37/100 tox|[from] ability: Poison Heal
|-damage|p1a: Itachi|31/100 brn|[from] brn
|upkeep
|turn|34
|
|t:|1769318800
|switch|p1a: Frieza|Kyurem, shiny|2/100
|-ability|p1a: Frieza|Pressure
|move|p2a: Gliscor|Spikes|p1a: Frieza
|-sidestart|p1: OP Sand|Spikes
|
|-heal|p2a: Gliscor|50/100 tox|[from] ability: Poison Heal
|upkeep
|turn|35
|
|t:|1769318807
|switch|p2a: Toxapex|Toxapex, F|100/100
|move|p1a: Frieza|Freeze-Dry|p2a: Toxapex
|-supereffective|p2a: Toxapex
|-damage|p2a: Toxapex|44/100
|
|-heal|p2a: Toxapex|50/100|[from] item: Leftovers
|upkeep
|turn|36
|
|t:|1769318816
|-terastallize|p2a: Toxapex|Steel
|move|p1a: Frieza|Freeze-Dry|p2a: Toxapex
|-resisted|p2a: Toxapex
|-damage|p2a: Toxapex|37/100
|move|p2a: Toxapex|Poison Jab|p1a: Frieza
|-damage|p1a: Frieza|0 fnt
|faint|p1a: Frieza
|
|-heal|p2a: Toxapex|43/100|[from] item: Leftovers
|upkeep
|
|t:|1769318822
|switch|p1a: Porunga|Pawmot, M|100/100
|-damage|p1a: Porunga|88/100|[from] Spikes
|turn|37
|c|☆scorpion257|Yeah dumb cheese ba
|c|☆OP Sand|Cheese is healthy
|inactive|scorpion257 has 120 seconds left.
|c|☆OP Sand|its protien
|c|☆OP Sand|its fat
|c|☆scorpion257|Sybau
|-message|scorpion257 forfeited.
|
|win|OP Sand
|raw|OP Sand's rating: 1586 &rarr; <strong>1605</strong><br />(+19 for winning)
|raw|scorpion257's rating: 1567 &rarr; <strong>1548</strong><br />(-19 for losing)
|l|☆scorpion257
|player|p2|
|l|☆OP Sand
|player|p1|
