|j|☆InfernoEichel
|j|☆Shea6045
|t:|1769430780
|gametype|singles
|player|p1|InfernoEichel|2|1475
|player|p2|Shea6045|cynthia-gen4|1491
|gen|9
|tier|[Gen 9] OU
|rated|
|rule|HP Percentage Mod: HP is shown in percentages
|rule|Endless Battle Clause: Forcing endless battles is banned
|rule|Species Clause: Limit one of each Pokémon
|rule|OHKO Clause: OHKO moves are banned
|rule|Evasion Items Clause: Evasion items are banned
|rule|Evasion Moves Clause: Evasion moves are banned
|rule|Evasion Abilities Clause: Evasion abilities are banned
|rule|Sleep Moves Clause: Sleep-inducing moves are banned
|clearpoke
|poke|p1|Porygon-Z|
|poke|p1|Clodsire, F|
|poke|p1|Corviknight, M|
|poke|p1|Garganacl, M|
|poke|p1|Dragapult, F|
|poke|p1|Darkrai|
|poke|p2|Zapdos-Galar|
|poke|p2|Blissey, F|
|poke|p2|Darkrai|
|poke|p2|Gliscor, F|
|poke|p2|Skarmory, F|
|poke|p2|Pecharunt|
|teampreview
|inactive|Battle timer is ON: inactive players will automatically lose when time's up. (requested by Shea6045)
|
|t:|1769430804
|teamsize|p1|6
|teamsize|p2|6
|start
|switch|p1a: Dragapult|Dragapult, F, shiny|100/100
|switch|p2a: Zapdos|Zapdos-Galar|100/100
|turn|1
|
|t:|1769430810
|switch|p2a: Blissey|Blissey, F|100/100
|move|p1a: Dragapult|U-turn|p2a: Blissey
|-crit|p2a: Blissey
|-damage|p2a: Blissey|42/100
|
|t:|1769430817
|switch|p1a: Corviknight|Corviknight, M|100/100|[from] U-turn
|-ability|p1a: Corviknight|Pressure
|
|upkeep
|turn|2
|
|t:|1769430821
|move|p1a: Corviknight|U-turn|p2a: Blissey
|-damage|p2a: Blissey|27/100
|
|t:|1769430830
|switch|p1a: Clodsire|Clodsire, F|100/100|[from] U-turn
|move|p2a: Blissey|Soft-Boiled|p2a: Blissey
|-heal|p2a: Blissey|77/100
|
|upkeep
|turn|3
|
|t:|1769430841
|switch|p1a: Porygon-Z|Porygon-Z|100/100
|-ability|p1a: Porygon-Z|Download|boost
|-boost|p1a: Porygon-Z|atk|1
|move|p2a: Blissey|Stealth Rock|p1a: Porygon-Z
|-sidestart|p1: InfernoEichel|move: Stealth Rock
|
|upkeep
|turn|4
|
|t:|1769430848
|move|p1a: Porygon-Z|Trick|p2a: Blissey
|-activate|p1a: Porygon-Z|move: Trick|[of] p2a: Blissey
|-item|p2a: Blissey|Choice Specs|[from] move: Trick
|-item|p1a: Porygon-Z|Heavy-Duty Boots|[from] move: Trick
|move|p2a: Blissey|Thunder Wave|p1a: Porygon-Z
|-status|p1a: Porygon-Z|par
|
|upkeep
|turn|5
|
|t:|1769430856
|switch|p1a: Garganacl|Garganacl, M|100/100
|-damage|p1a: Garganacl|88/100|[from] Stealth Rock
|switch|p2a: Darkrai|Darkrai|100/100
|
|-heal|p1a: Garganacl|94/100|[from] item: Leftovers
|upkeep
|turn|6
|
|t:|1769430861
|switch|p2a: Gliscor|Gliscor, F|100/100
|move|p1a: Garganacl|Salt Cure|p2a: Gliscor
|-damage|p2a: Gliscor|90/100
|-start|p2a: Gliscor|Salt Cure
|
|-heal|p1a: Garganacl|100/100|[from] item: Leftovers
|-damage|p2a: Gliscor|77/100|[from] Salt Cure
|-status|p2a: Gliscor|tox|[from] item: Toxic Orb
|upkeep
|turn|7
|
|t:|1769430872
|move|p2a: Gliscor|Knock Off|p1a: Garganacl
|-damage|p1a: Garganacl|87/100
|-enditem|p1a: Garganacl|Leftovers|[from] move: Knock Off|[of] p2a: Gliscor
|move|p1a: Garganacl|Iron Defense|p1a: Garganacl
|-boost|p1a: Garganacl|def|2
|
|-heal|p2a: Gliscor|90/100 tox|[from] ability: Poison Heal
|-damage|p2a: Gliscor|77/100 tox|[from] Salt Cure
|upkeep
|turn|8
|
|t:|1769430885
|switch|p2a: Skarmory|Skarmory, F|100/100
|move|p1a: Garganacl|Iron Defense|p1a: Garganacl
|-boost|p1a: Garganacl|def|2
|
|upkeep
|turn|9
|
|t:|1769430889
|move|p1a: Garganacl|Body Press|p2a: Skarmory
|-damage|p2a: Skarmory|54/100
|-damage|p1a: Garganacl|71/100|[from] item: Rocky Helmet|[of] p2a: Skarmory
|move|p2a: Skarmory|Whirlwind|p1a: Garganacl
|drag|p1a: Dragapult|Dragapult, F, shiny|100/100
|-damage|p1a: Dragapult|88/100|[from] Stealth Rock
|
|upkeep
|turn|10
|
|t:|1769430897
|switch|p1a: Porygon-Z|Porygon-Z|100/100 par
|-ability|p1a: Porygon-Z|Download|boost
|-boost|p1a: Porygon-Z|spa|1
|move|p2a: Skarmory|Roost|p2a: Skarmory
|-heal|p2a: Skarmory|100/100
|-singleturn|p2a: Skarmory|move: Roost
|
|upkeep
|turn|11
|
|t:|1769430918
|move|p2a: Skarmory|Spikes|p1a: Porygon-Z
|-sidestart|p1: InfernoEichel|Spikes
|move|p1a: Porygon-Z|Ice Beam|p2a: Skarmory
|-damage|p2a: Skarmory|36/100
|
|upkeep
|turn|12
|
|t:|1769430923
|move|p2a: Skarmory|Roost|p2a: Skarmory
|-heal|p2a: Skarmory|86/100
|-singleturn|p2a: Skarmory|move: Roost
|move|p1a: Porygon-Z|Ice Beam|p2a: Skarmory
|-resisted|p2a: Skarmory
|-damage|p2a: Skarmory|50/100
|
|upkeep
|turn|13
|
|t:|1769430930
|move|p2a: Skarmory|Roost|p2a: Skarmory
|-heal|p2a: Skarmory|100/100
|-singleturn|p2a: Skarmory|move: Roost
|move|p1a: Porygon-Z|Shadow Ball|p2a: Skarmory
|-damage|p2a: Skarmory|39/100
|
|upkeep
|turn|14
|
|t:|1769430939
|switch|p2a: Darkrai|Darkrai|100/100
|switch|p1a: Garganacl|Garganacl, M|71/100
|-damage|p1a: Garganacl|58/100|[from] Stealth Rock
|-damage|p1a: Garganacl|46/100|[from] Spikes
|
|upkeep
|turn|15
|
|t:|1769430943
|move|p2a: Darkrai|Dark Pulse|p1a: Garganacl
|-damage|p1a: Garganacl|15/100
|move|p1a: Garganacl|Recover|p1a: Garganacl
|-heal|p1a: Garganacl|65/100
|
|upkeep
|turn|16
|
|t:|1769430948
|move|p2a: Darkrai|Dark Pulse|p1a: Garganacl
|-damage|p1a: Garganacl|37/100
|move|p1a: Garganacl|Recover|p1a: Garganacl
|-heal|p1a: Garganacl|87/100
|
|upkeep
|turn|17
|
|t:|1769430955
|switch|p2a: Zapdos|Zapdos-Galar|100/100
|move|p1a: Garganacl|Salt Cure|p2a: Zapdos
|-damage|p2a: Zapdos|83/100
|-start|p2a: Zapdos|Salt Cure
|
|-damage|p2a: Zapdos|70/100|[from] Salt Cure
|upkeep
|turn|18
|
|t:|1769430962
|switch|p1a: Corviknight|Corviknight, M|100/100
|-damage|p1a: Corviknight|88/100|[from] Stealth Rock
|-ability|p1a: Corviknight|Pressure
|move|p2a: Zapdos|U-turn|p1a: Corviknight
|-resisted|p1a: Corviknight
|-damage|p1a: Corviknight|83/100
|-damage|p2a: Zapdos|54/100|[from] item: Rocky Helmet|[of] p1a: Corviknight
|
|t:|1769430967
|switch|p2a: Darkrai|Darkrai|100/100|[from] U-turn
|
|upkeep
|turn|19
|
|t:|1769430969
|move|p2a: Darkrai|Dark Pulse|p1a: Corviknight
|-damage|p1a: Corviknight|39/100
|move|p1a: Corviknight|U-turn|p2a: Darkrai
|-supereffective|p2a: Darkrai
|-damage|p2a: Darkrai|65/100
|
|t:|1769430977
|switch|p1a: Garganacl|Garganacl, M|87/100|[from] U-turn
|-damage|p1a: Garganacl|75/100|[from] Stealth Rock
|-damage|p1a: Garganacl|62/100|[from] Spikes
|
|upkeep
|turn|20
|
|t:|1769430983
|move|p2a: Darkrai|Dark Pulse|p1a: Garganacl
|-damage|p1a: Garganacl|35/100
|move|p1a: Garganacl|Recover|p1a: Garganacl
|-heal|p1a: Garganacl|85/100
|
|upkeep
|turn|21
|
|t:|1769430994
|switch|p2a: Zapdos|Zapdos-Galar|54/100
|move|p1a: Garganacl|Salt Cure|p2a: Zapdos
|-damage|p2a: Zapdos|39/100
|-start|p2a: Zapdos|Salt Cure
|
|-damage|p2a: Zapdos|26/100|[from] Salt Cure
|upkeep
|turn|22
|
|t:|1769431003
|switch|p1a: Dragapult|Dragapult, F, shiny|88/100
|-damage|p1a: Dragapult|76/100|[from] Stealth Rock
|-damage|p1a: Dragapult|64/100|[from] Spikes
|move|p2a: Zapdos|Close Combat|p1a: Dragapult
|-immune|p1a: Dragapult
|
|-damage|p2a: Zapdos|14/100|[from] Salt Cure
|upkeep
|turn|23
|
|t:|1769431010
|switch|p2a: Skarmory|Skarmory, F|39/100
|move|p1a: Dragapult|U-turn|p2a: Skarmory
|-resisted|p2a: Skarmory
|-damage|p2a: Skarmory|34/100
|-damage|p1a: Dragapult|47/100|[from] item: Rocky Helmet|[of] p2a: Skarmory
|
|t:|1769431014
|switch|p1a: Corviknight|Corviknight, M|39/100|[from] U-turn
|-damage|p1a: Corviknight|27/100|[from] Stealth Rock
|-ability|p1a: Corviknight|Pressure
|
|upkeep
|turn|24
|
|t:|1769431019
|move|p2a: Skarmory|Roost|p2a: Skarmory
|-heal|p2a: Skarmory|84/100
|-singleturn|p2a: Skarmory|move: Roost
|move|p1a: Corviknight|Defog|p2a: Skarmory
|-unboost|p2a: Skarmory|evasion|1
|-sideend|p1: InfernoEichel|Spikes|[from] move: Defog|[of] p1a: Corviknight
|-sideend|p1: InfernoEichel|Stealth Rock|[from] move: Defog|[of] p1a: Corviknight
|
|upkeep
|turn|25
|
|t:|1769431028
|move|p2a: Skarmory|Spikes|p1a: Corviknight
|-sidestart|p1: InfernoEichel|Spikes
|move|p1a: Corviknight|Roost|p1a: Corviknight
|-heal|p1a: Corviknight|77/100
|-singleturn|p1a: Corviknight|move: Roost
|
|upkeep
|turn|26
|
|t:|1769431033
|move|p2a: Skarmory|Spikes|p1a: Corviknight
|-sidestart|p1: InfernoEichel|Spikes
|move|p1a: Corviknight|U-turn|p2a: Skarmory
|-resisted|p2a: Skarmory
|-damage|p2a: Skarmory|82/100
|-damage|p1a: Corviknight|60/100|[from] item: Rocky Helmet|[of] p2a: Skarmory
|
|t:|1769431039
|switch|p1a: Garganacl|Garganacl, M|85/100|[from] U-turn
|-damage|p1a: Garganacl|68/100|[from] Spikes
|
|upkeep
|turn|27
|
|t:|1769431042
|move|p2a: Skarmory|Body Press|p1a: Garganacl
|-supereffective|p1a: Garganacl
|-damage|p1a: Garganacl|29/100
|move|p1a: Garganacl|Salt Cure|p2a: Skarmory
|-crit|p2a: Skarmory
|-damage|p2a: Skarmory|69/100
|-start|p2a: Skarmory|Salt Cure
|
|-damage|p2a: Skarmory|44/100|[from] Salt Cure
|upkeep
|turn|28
|
|t:|1769431048
|move|p2a: Skarmory|Spikes|p1a: Garganacl
|-sidestart|p1: InfernoEichel|Spikes
|move|p1a: Garganacl|Recover|p1a: Garganacl
|-heal|p1a: Garganacl|79/100
|
|-damage|p2a: Skarmory|19/100|[from] Salt Cure
|upkeep
|turn|29
|
|t:|1769431055
|switch|p1a: Corviknight|Corviknight, M|60/100
|-ability|p1a: Corviknight|Pressure
|-terastallize|p2a: Skarmory|Dragon
|move|p2a: Skarmory|Roost|p2a: Skarmory
|-heal|p2a: Skarmory|69/100
|
|-damage|p2a: Skarmory|57/100|[from] Salt Cure
|upkeep
|turn|30
|
|t:|1769431060
|move|p2a: Skarmory|Roost|p2a: Skarmory
|-heal|p2a: Skarmory|100/100
|move|p1a: Corviknight|Defog|p2a: Skarmory
|-unboost|p2a: Skarmory|evasion|1
|-sideend|p1: InfernoEichel|Spikes|[from] move: Defog|[of] p1a: Corviknight
|
|-damage|p2a: Skarmory|88/100|[from] Salt Cure
|upkeep
|turn|31
|
|t:|1769431063
|move|p2a: Skarmory|Spikes|p1a: Corviknight
|-sidestart|p1: InfernoEichel|Spikes
|move|p1a: Corviknight|U-turn|p2a: Skarmory
|-crit|p2a: Skarmory
|-damage|p2a: Skarmory|76/100
|-damage|p1a: Corviknight|44/100|[from] item: Rocky Helmet|[of] p2a: Skarmory
|
|t:|1769431065
|switch|p1a: Dragapult|Dragapult, F, shiny|47/100|[from] U-turn
|-damage|p1a: Dragapult|35/100|[from] Spikes
|
|-damage|p2a: Skarmory|63/100|[from] Salt Cure
|upkeep
|turn|32
|
|t:|1769431072
|switch|p2a: Gliscor|Gliscor, F|77/100 tox
|move|p1a: Dragapult|Dragon Darts|p2a: Gliscor
|-damage|p2a: Gliscor|49/100 tox
|-anim|p1a: Dragapult|Dragon Darts|p2a: Gliscor
|-damage|p2a: Gliscor|19/100 tox
|
|-heal|p2a: Gliscor|32/100 tox|[from] ability: Poison Heal
|upkeep
|turn|33
|
|t:|1769431075
|move|p2a: Gliscor|Protect|p2a: Gliscor
|-singleturn|p2a: Gliscor|Protect
|move|p1a: Dragapult|Dragon Darts|p2a: Gliscor
|-activate|p2a: Gliscor|move: Protect
|
|-heal|p2a: Gliscor|44/100 tox|[from] ability: Poison Heal
|upkeep
|turn|34
|
|t:|1769431081
|switch|p2a: Pecharunt|Pecharunt|100/100
|-item|p2a: Pecharunt|Air Balloon
|move|p1a: Dragapult|Dragon Darts|p2a: Pecharunt
|-damage|p2a: Pecharunt|77/100
|-enditem|p2a: Pecharunt|Air Balloon
|-anim|p1a: Dragapult|Dragon Darts|p2a: Pecharunt
|-damage|p2a: Pecharunt|55/100
|
|upkeep
|turn|35
|
|t:|1769431087
|-terastallize|p1a: Dragapult|Dragon
|move|p1a: Dragapult|Dragon Darts|p2a: Pecharunt
|-damage|p2a: Pecharunt|25/100
|-anim|p1a: Dragapult|Dragon Darts|p2a: Pecharunt
|-damage|p2a: Pecharunt|0 fnt
|faint|p2a: Pecharunt
|
|upkeep
|-message|Shea6045 forfeited.
|
|win|InfernoEichel
|raw|InfernoEichel's rating: 1475 &rarr; <strong>1496</strong><br />(+21 for winning)
|raw|Shea6045's rating: 1491 &rarr; <strong>1470</strong><br />(-21 for losing)
|l|☆Shea6045
|player|p2|
|l|☆InfernoEichel
|player|p1|
