|j|☆jibreel69
|j|☆CeIIardoor
|t:|1769432801
|gametype|singles
|player|p1|jibreel69|depotagent|1586
|player|p2|CeIIardoor|olivia|1667
|gen|9
|tier|[Gen 9] OU
|rated|
|rule|HP Percentage Mod: HP is shown in percentages
|rule|Endless Battle Clause: Forcing endless battles is banned
|rule|Species Clause: Limit one of each Pokémon
|rule|OHKO Clause: OHKO moves are banned
|rule|Evasion Items Clause: Evasion items are banned
|rule|Evasion Moves Clause: Evasion moves are banned
|rule|Evasion Abilities Clause: Evasion abilities are banned
|rule|Sleep Moves Clause: Sleep-inducing moves are banned
|clearpoke
|poke|p1|Ogerpon-Wellspring, F|
|poke|p1|Kyurem|
|poke|p1|Zapdos|
|poke|p1|Great Tusk|
|poke|p1|Kingambit, F|
|poke|p1|Slowking-Galar, M|
|poke|p2|Zapdos-Galar|
|poke|p2|Blissey, F|
|poke|p2|Darkrai|
|poke|p2|Gliscor, M|
|poke|p2|Skarmory, M|
|poke|p2|Pecharunt|
|teampreview
|inactive|Battle timer is ON: inactive players will automatically lose when time's up. (requested by CeIIardoor)
|
|t:|1769432831
|teamsize|p1|6
|teamsize|p2|6
|start
|switch|p1a: Zapdos|Zapdos|100/100
|switch|p2a: Darkrai|Darkrai|100/100
|turn|1
|
|t:|1769432842
|move|p2a: Darkrai|Ice Beam|p1a: Zapdos
|-supereffective|p1a: Zapdos
|-damage|p1a: Zapdos|41/100
|move|p1a: Zapdos|Discharge|p2a: Darkrai
|-damage|p2a: Darkrai|51/100
|
|upkeep
|turn|2
|
|t:|1769432851
|switch|p1a: Slowking|Slowking-Galar, M|100/100
|move|p2a: Darkrai|Dark Pulse|p1a: Slowking
|-supereffective|p1a: Slowking
|-damage|p1a: Slowking|50/100
|
|upkeep
|turn|3
|
|t:|1769432859
|move|p2a: Darkrai|Will-O-Wisp|p1a: Slowking
|-status|p1a: Slowking|brn
|-prepare|p1a: Slowking|Chilly Reception|[premajor]
|move|p1a: Slowking|Chilly Reception|p1a: Slowking
|-weather|Snowscape
|
|t:|1769432871
|switch|p1a: Kyurem|Kyurem|100/100|[from] Chilly Reception
|-ability|p1a: Kyurem|Pressure
|
|-weather|Snowscape|[upkeep]
|upkeep
|turn|4
|
|t:|1769432878
|switch|p2a: Blissey|Blissey, F|100/100
|move|p1a: Kyurem|Blizzard|p2a: Blissey
|-damage|p2a: Blissey|73/100
|
|-weather|Snowscape|[upkeep]
|upkeep
|turn|5
|
|t:|1769432884
|switch|p1a: Ogerpon|Ogerpon-Wellspring, F|100/100
|move|p2a: Blissey|Stealth Rock|p1a: Ogerpon
|-sidestart|p1: jibreel69|move: Stealth Rock
|
|-weather|Snowscape|[upkeep]
|upkeep
|turn|6
|
|t:|1769432906
|switch|p2a: Skarmory|Skarmory, M|100/100
|move|p1a: Ogerpon|Ivy Cudgel|p2a: Skarmory|[anim] Ivy Cudgel Water
|-damage|p2a: Skarmory|63/100
|
|-weather|Snowscape|[upkeep]
|upkeep
|turn|7
|
|t:|1769432913
|move|p1a: Ogerpon|Swords Dance|p1a: Ogerpon
|-boost|p1a: Ogerpon|atk|2
|move|p2a: Skarmory|Roost|p2a: Skarmory
|-heal|p2a: Skarmory|100/100
|-singleturn|p2a: Skarmory|move: Roost
|
|-weather|none
|upkeep
|turn|8
|
|t:|1769432919
|switch|p1a: Zapdos|Zapdos|41/100
|move|p2a: Skarmory|Whirlwind|p1a: Zapdos
|drag|p1a: Great Tusk|Great Tusk|100/100
|
|upkeep
|turn|9
|
|t:|1769432925
|switch|p2a: Pecharunt|Pecharunt|100/100
|-item|p2a: Pecharunt|Air Balloon
|move|p1a: Great Tusk|Knock Off|p2a: Pecharunt
|-supereffective|p2a: Pecharunt
|-damage|p2a: Pecharunt|60/100
|-enditem|p2a: Pecharunt|Air Balloon
|
|upkeep
|turn|10
|
|t:|1769432933
|move|p2a: Pecharunt|Parting Shot|p1a: Great Tusk
|-unboost|p1a: Great Tusk|atk|1
|-unboost|p1a: Great Tusk|spa|1
|
|t:|1769432937
|switch|p2a: Zapdos|Zapdos-Galar|100/100|[from] Parting Shot
|move|p1a: Great Tusk|Stealth Rock|p2a: Zapdos
|-sidestart|p2: CeIIardoor|move: Stealth Rock
|
|upkeep
|turn|11
|
|t:|1769432944
|-end|p1a: Great Tusk|Protosynthesis|[silent]
|switch|p1a: Zapdos|Zapdos|41/100
|move|p2a: Zapdos|Brave Bird|p1a: Zapdos
|-resisted|p1a: Zapdos
|-damage|p1a: Zapdos|5/100
|-damage|p2a: Zapdos|86/100|[from] Recoil
|
|upkeep
|turn|12
|
|t:|1769432952
|move|p2a: Zapdos|Brave Bird|p1a: Zapdos
|-resisted|p1a: Zapdos
|-damage|p1a: Zapdos|0 fnt
|faint|p1a: Zapdos
|-damage|p2a: Zapdos|85/100|[from] Recoil
|
|upkeep
|
|t:|1769432968
|switch|p1a: Slowking|Slowking-Galar, M|83/100 brn
|turn|13
|
|t:|1769432975
|move|p2a: Zapdos|Brave Bird|p1a: Slowking
|-damage|p1a: Slowking|0 fnt
|faint|p1a: Slowking
|-damage|p2a: Zapdos|51/100|[from] Recoil
|
|upkeep
|
|t:|1769432980
|switch|p1a: Kingambit|Kingambit, F|100/100
|-damage|p1a: Kingambit|94/100|[from] Stealth Rock
|-activate|p1a: Kingambit|ability: Supreme Overlord
|-start|p1a: Kingambit|fallen2|[silent]
|turn|14
|
|t:|1769432989
|switch|p2a: Skarmory|Skarmory, M|100/100
|-damage|p2a: Skarmory|88/100|[from] Stealth Rock
|-end|p1a: Kingambit|fallen2|[silent]
|switch|p1a: Kyurem|Kyurem|100/100
|-damage|p1a: Kyurem|76/100|[from] Stealth Rock
|-ability|p1a: Kyurem|Pressure
|
|upkeep
|turn|15
|
|t:|1769433000
|switch|p2a: Blissey|Blissey, F|73/100
|-terastallize|p1a: Kyurem|Ice
|move|p1a: Kyurem|Blizzard|p2a: Blissey
|-damage|p2a: Blissey|41/100
|
|upkeep
|turn|16
|
|t:|1769433007
|switch|p1a: Ogerpon|Ogerpon-Wellspring, F|100/100
|-damage|p1a: Ogerpon|88/100|[from] Stealth Rock
|move|p2a: Blissey|Soft-Boiled|p2a: Blissey
|-heal|p2a: Blissey|91/100
|
|upkeep
|turn|17
|
|t:|1769433014
|move|p1a: Ogerpon|Swords Dance|p1a: Ogerpon
|-boost|p1a: Ogerpon|atk|2
|move|p2a: Blissey|Thunder Wave|p1a: Ogerpon|[miss]
|-miss|p2a: Blissey|p1a: Ogerpon
|
|upkeep
|turn|18
|
|t:|1769433044
|-terastallize|p2a: Blissey|Water
|move|p1a: Ogerpon|Ivy Cudgel|p2a: Blissey|[anim] Ivy Cudgel Water
|-resisted|p2a: Blissey
|-damage|p2a: Blissey|33/100
|move|p2a: Blissey|Thunder Wave|p1a: Ogerpon|[miss]
|-miss|p2a: Blissey|p1a: Ogerpon
|
|upkeep
|turn|19
|c|☆jibreel69|oh mb
|
|t:|1769433057
|move|p1a: Ogerpon|Ivy Cudgel|p2a: Blissey|[anim] Ivy Cudgel Water
|-resisted|p2a: Blissey
|-damage|p2a: Blissey|0 fnt
|faint|p2a: Blissey
|
|upkeep
|
|t:|1769433060
|switch|p2a: Darkrai|Darkrai|51/100
|turn|20
|
|t:|1769433065
|move|p2a: Darkrai|Dark Pulse|p1a: Ogerpon
|-damage|p1a: Ogerpon|40/100
|move|p1a: Ogerpon|Ivy Cudgel|p2a: Darkrai|[anim] Ivy Cudgel Water
|-crit|p2a: Darkrai
|-damage|p2a: Darkrai|0 fnt
|faint|p2a: Darkrai
|
|upkeep
|
|t:|1769433070
|switch|p2a: Skarmory|Skarmory, M|88/100
|-damage|p2a: Skarmory|76/100|[from] Stealth Rock
|turn|21
|
|t:|1769433090
|move|p1a: Ogerpon|Ivy Cudgel|p2a: Skarmory|[anim] Ivy Cudgel Water
|-damage|p2a: Skarmory|6/100
|move|p2a: Skarmory|Body Press|p1a: Ogerpon
|-damage|p1a: Ogerpon|0 fnt
|faint|p1a: Ogerpon
|
|upkeep
|inactive|jibreel69 has 120 seconds left.
|
|t:|1769433105
|switch|p1a: Great Tusk|Great Tusk|100/100
|turn|22
|
|t:|1769433113
|move|p1a: Great Tusk|Knock Off|p2a: Skarmory
|-damage|p2a: Skarmory|0 fnt
|-damage|p1a: Great Tusk|84/100|[from] item: Rocky Helmet|[of] p2a: Skarmory
|-enditem|p2a: Skarmory|Rocky Helmet|[from] move: Knock Off|[of] p1a: Great Tusk
|faint|p2a: Skarmory
|
|upkeep
|
|t:|1769433120
|switch|p2a: Gliscor|Gliscor, M|100/100
|-damage|p2a: Gliscor|88/100|[from] Stealth Rock
|turn|23
|
|t:|1769433125
|move|p2a: Gliscor|Protect|p2a: Gliscor
|-singleturn|p2a: Gliscor|Protect
|move|p1a: Great Tusk|Knock Off|p2a: Gliscor
|-activate|p2a: Gliscor|move: Protect
|
|-status|p2a: Gliscor|tox|[from] item: Toxic Orb
|upkeep
|turn|24
|
|t:|1769433129
|move|p1a: Great Tusk|Rapid Spin|p2a: Gliscor
|-damage|p2a: Gliscor|74/100 tox
|-boost|p1a: Great Tusk|spe|1
|-sideend|p1: jibreel69|Stealth Rock|[from] move: Rapid Spin|[of] p1a: Great Tusk
|move|p2a: Gliscor|Facade|p1a: Great Tusk
|-damage|p1a: Great Tusk|61/100
|
|-heal|p2a: Gliscor|86/100 tox|[from] ability: Poison Heal
|upkeep
|turn|25
|
|t:|1769433149
|-end|p1a: Great Tusk|Protosynthesis|[silent]
|switch|p1a: Kyurem|Kyurem, tera:Ice|76/100
|-ability|p1a: Kyurem|Pressure
|move|p2a: Gliscor|Knock Off|p1a: Kyurem
|-damage|p1a: Kyurem|57/100
|-enditem|p1a: Kyurem|Choice Specs|[from] move: Knock Off|[of] p2a: Gliscor
|
|-heal|p2a: Gliscor|99/100 tox|[from] ability: Poison Heal
|upkeep
|turn|26
|
|t:|1769433156
|switch|p2a: Pecharunt|Pecharunt|60/100
|-damage|p2a: Pecharunt|48/100|[from] Stealth Rock
|move|p1a: Kyurem|Freeze-Dry|p2a: Pecharunt
|-damage|p2a: Pecharunt|0 fnt
|faint|p2a: Pecharunt
|
|upkeep
|
|t:|1769433158
|switch|p2a: Zapdos|Zapdos-Galar|51/100
|-damage|p2a: Zapdos|39/100|[from] Stealth Rock
|turn|27
|-message|CeIIardoor forfeited.
|
|win|jibreel69
|raw|jibreel69's rating: 1586 &rarr; <strong>1611</strong><br />(+25 for winning)
|raw|CeIIardoor's rating: 1667 &rarr; <strong>1642</strong><br />(-25 for losing)
|l|☆CeIIardoor
|player|p2|
