|j|☆jallen25
|j|☆randomman1407
|t:|1769405300
|gametype|singles
|player|p1|jallen25|volkner|1094
|player|p2|randomman1407|hiker-gen4|1139
|gen|9
|tier|[Gen 9] OU
|rated|
|rule|HP Percentage Mod: HP is shown in percentages
|rule|Endless Battle Clause: Forcing endless battles is banned
|rule|Species Clause: Limit one of each Pokémon
|rule|OHKO Clause: OHKO moves are banned
|rule|Evasion Items Clause: Evasion items are banned
|rule|Evasion Moves Clause: Evasion moves are banned
|rule|Evasion Abilities Clause: Evasion abilities are banned
|rule|Sleep Moves Clause: Sleep-inducing moves are banned
|clearpoke
|poke|p1|Ogerpon, F|
|poke|p1|Magnezone|
|poke|p1|Glimmora, F|
|poke|p1|Arcanine-Hisui, M|
|poke|p1|Electrode-Hisui|
|poke|p1|Hydrapple, M|
|poke|p2|Slowking-Galar, F|
|poke|p2|Kyurem|
|poke|p2|Great Tusk|
|poke|p2|Dragapult, F|
|poke|p2|Heatran, F|
|poke|p2|Alomomola, F|
|teampreview
|inactive|Battle timer is ON: inactive players will automatically lose when time's up. (requested by jallen25)
|inactive|randomman1407 also wants the timer to be on.
|
|t:|1769405318
|teamsize|p1|6
|teamsize|p2|6
|start
|switch|p1a: Ogerpon|Ogerpon, F|100/100
|switch|p2a: Great Tusk|Great Tusk|100/100
|turn|1
|
|t:|1769405344
|-end|p2a: Great Tusk|Protosynthesis|[silent]
|switch|p2a: Dragapult|Dragapult, F|100/100
|move|p1a: Ogerpon|Bullet Seed|p2a: Dragapult
|-resisted|p2a: Dragapult
|-damage|p2a: Dragapult|92/100
|-resisted|p2a: Dragapult
|-damage|p2a: Dragapult|83/100
|-resisted|p2a: Dragapult
|-damage|p2a: Dragapult|75/100
|-resisted|p2a: Dragapult
|-damage|p2a: Dragapult|66/100
|-hitcount|p2a: Dragapult|4
|
|upkeep
|turn|2
|
|t:|1769405354
|-terastallize|p1a: Ogerpon|Grass
|detailschange|p1a: Ogerpon|Ogerpon-Teal-Tera, F, tera:Grass
|-ability|p1a: Ogerpon|Embody Aspect (Teal)|boost
|-boost|p1a: Ogerpon|spe|1
|move|p1a: Ogerpon|Knock Off|p2a: Dragapult
|-supereffective|p2a: Dragapult
|-crit|p2a: Dragapult
|-damage|p2a: Dragapult|0 fnt
|-enditem|p2a: Dragapult|Choice Band|[from] move: Knock Off|[of] p1a: Ogerpon
|faint|p2a: Dragapult
|
|upkeep
|
|t:|1769405362
|switch|p2a: Great Tusk|Great Tusk|100/100
|turn|3
|
|t:|1769405367
|-terastallize|p2a: Great Tusk|Steel
|move|p1a: Ogerpon|Spiky Shield|p1a: Ogerpon
|-singleturn|p1a: Ogerpon|move: Protect
|move|p2a: Great Tusk|Ice Spinner|p1a: Ogerpon
|-activate|p1a: Ogerpon|move: Protect
|-damage|p2a: Great Tusk|88/100|[from] Spiky Shield|[of] p1a: Ogerpon
|
|upkeep
|turn|4
|
|t:|1769405376
|move|p1a: Ogerpon|Knock Off|p2a: Great Tusk
|-damage|p2a: Great Tusk|66/100
|-enditem|p2a: Great Tusk|Heavy-Duty Boots|[from] move: Knock Off|[of] p1a: Ogerpon
|move|p2a: Great Tusk|Ice Spinner|p1a: Ogerpon
|-supereffective|p1a: Ogerpon
|-damage|p1a: Ogerpon|21/100
|
|upkeep
|turn|5
|
|t:|1769405384
|switch|p1a: Glimmora|Glimmora, F|100/100
|-item|p1a: Glimmora|Air Balloon
|move|p2a: Great Tusk|Ice Spinner|p1a: Glimmora
|-damage|p1a: Glimmora|68/100
|-activate|p1a: Glimmora|ability: Toxic Debris
|-sidestart|p2: randomman1407|move: Toxic Spikes
|-enditem|p1a: Glimmora|Air Balloon
|
|upkeep
|turn|6
|
|t:|1769405397
|move|p2a: Great Tusk|Headlong Rush|p1a: Glimmora
|-supereffective|p1a: Glimmora
|-damage|p1a: Glimmora|0 fnt
|-unboost|p2a: Great Tusk|def|1
|-unboost|p2a: Great Tusk|spd|1
|-activate|p1a: Glimmora|ability: Toxic Debris
|-sidestart|p2: randomman1407|move: Toxic Spikes
|faint|p1a: Glimmora
|
|upkeep
|
|t:|1769405405
|switch|p1a: Arcanine|Arcanine-Hisui, M|100/100
|-ability|p1a: Arcanine|Intimidate|boost
|-unboost|p2a: Great Tusk|atk|1
|turn|7
|
|t:|1769405414
|-end|p2a: Great Tusk|Protosynthesis|[silent]
|switch|p2a: Alomomola|Alomomola, F|100/100
|move|p1a: Arcanine|Flame Charge|p2a: Alomomola
|-resisted|p2a: Alomomola
|-damage|p2a: Alomomola|93/100
|-boost|p1a: Arcanine|spe|1
|
|upkeep
|turn|8
|
|t:|1769405426
|move|p1a: Arcanine|Wild Charge|p2a: Alomomola
|-supereffective|p2a: Alomomola
|-damage|p2a: Alomomola|58/100
|-damage|p1a: Arcanine|88/100|[from] Recoil
|move|p2a: Alomomola|Flip Turn|p1a: Arcanine
|-supereffective|p1a: Arcanine
|-damage|p1a: Arcanine|7/100
|
|t:|1769405432
|switch|p2a: Great Tusk|Great Tusk, tera:Steel|66/100|[from] Flip Turn
|
|upkeep
|turn|9
|
|t:|1769405437
|move|p1a: Arcanine|Flame Charge|p2a: Great Tusk
|-supereffective|p2a: Great Tusk
|-damage|p2a: Great Tusk|28/100
|-boost|p1a: Arcanine|spe|1
|move|p2a: Great Tusk|Rapid Spin|p1a: Arcanine
|-resisted|p1a: Arcanine
|-damage|p1a: Arcanine|0 fnt
|-boost|p2a: Great Tusk|spe|1
|-sideend|p2: randomman1407|Toxic Spikes|[from] move: Rapid Spin|[of] p2a: Great Tusk
|faint|p1a: Arcanine
|
|upkeep
|
|t:|1769405447
|switch|p1a: Ogerpon|Ogerpon-Teal-Tera, F, tera:Grass|21/100
|-ability|p1a: Ogerpon|Embody Aspect (Teal)|boost
|-boost|p1a: Ogerpon|spe|1
|turn|10
|
|t:|1769405455
|move|p1a: Ogerpon|Bullet Seed|p2a: Great Tusk
|-resisted|p2a: Great Tusk
|-damage|p2a: Great Tusk|22/100
|-resisted|p2a: Great Tusk
|-damage|p2a: Great Tusk|16/100
|-resisted|p2a: Great Tusk
|-damage|p2a: Great Tusk|9/100
|-resisted|p2a: Great Tusk
|-damage|p2a: Great Tusk|3/100
|-resisted|p2a: Great Tusk
|-damage|p2a: Great Tusk|0 fnt
|faint|p2a: Great Tusk
|-end|p2a: Great Tusk|Protosynthesis|[silent]
|-hitcount|p2: Great Tusk|5
|
|upkeep
|
|t:|1769405460
|switch|p2a: Slowking|Slowking-Galar, F|100/100
|turn|11
|
|t:|1769405467
|move|p1a: Ogerpon|Knock Off|p2a: Slowking
|-supereffective|p2a: Slowking
|-damage|p2a: Slowking|38/100
|-enditem|p2a: Slowking|Heavy-Duty Boots|[from] move: Knock Off|[of] p1a: Ogerpon
|-prepare|p2a: Slowking|Chilly Reception|[premajor]
|move|p2a: Slowking|Chilly Reception|p2a: Slowking
|-weather|Snowscape
|
|t:|1769405474
|switch|p2a: Kyurem|Kyurem|100/100|[from] Chilly Reception
|-ability|p2a: Kyurem|Pressure
|
|-weather|Snowscape|[upkeep]
|upkeep
|turn|12
|
|t:|1769405481
|move|p1a: Ogerpon|Spiky Shield|p1a: Ogerpon
|-singleturn|p1a: Ogerpon|move: Protect
|move|p2a: Kyurem|Blizzard|p1a: Ogerpon
|-activate|p1a: Ogerpon|move: Protect
|
|-weather|Snowscape|[upkeep]
|upkeep
|turn|13
|
|t:|1769405491
|move|p1a: Ogerpon|Knock Off|p2a: Kyurem
|-damage|p2a: Kyurem|79/100
|-enditem|p2a: Kyurem|Choice Specs|[from] move: Knock Off|[of] p1a: Ogerpon
|move|p2a: Kyurem|Blizzard|p1a: Ogerpon
|-supereffective|p1a: Ogerpon
|-damage|p1a: Ogerpon|0 fnt
|faint|p1a: Ogerpon
|detailschange|p1: Ogerpon|Ogerpon, F|[silent]
|
|-weather|Snowscape|[upkeep]
|upkeep
|
|t:|1769405500
|switch|p1a: Magnezone|Magnezone|100/100
|turn|14
|
|t:|1769405504
|move|p2a: Kyurem|Earth Power|p1a: Magnezone
|-supereffective|p1a: Magnezone
|-damage|p1a: Magnezone|0 fnt
|faint|p1a: Magnezone
|
|-weather|Snowscape|[upkeep]
|upkeep
|
|t:|1769405510
|switch|p1a: Electrode|Electrode-Hisui|100/100
|turn|15
|
|t:|1769405514
|move|p1a: Electrode|Thunder Wave|p2a: Kyurem
|-status|p2a: Kyurem|par
|move|p2a: Kyurem|Blizzard|p1a: Electrode
|-supereffective|p1a: Electrode
|-enditem|p1a: Electrode|Focus Sash
|-damage|p1a: Electrode|1/100
|
|-weather|none
|upkeep
|turn|16
|
|t:|1769405535
|move|p1a: Electrode|Thunderbolt|p2a: Kyurem
|-resisted|p2a: Kyurem
|-damage|p2a: Kyurem|62/100 par
|move|p2a: Kyurem|Freeze-Dry|p1a: Electrode
|-supereffective|p1a: Electrode
|-damage|p1a: Electrode|0 fnt
|faint|p1a: Electrode
|
|upkeep
|
|t:|1769405542
|switch|p1a: Hydrapple|Hydrapple, M|100/100
|turn|17
|
|t:|1769405545
|move|p2a: Kyurem|Freeze-Dry|p1a: Hydrapple
|-supereffective|p1a: Hydrapple
|-damage|p1a: Hydrapple|0 fnt
|faint|p1a: Hydrapple
|
|win|randomman1407
|raw|jallen25's rating: 1094 &rarr; <strong>1073</strong><br />(-21 for losing)
|raw|randomman1407's rating: 1139 &rarr; <strong>1161</strong><br />(+22 for winning)
|l|☆jallen25
|player|p1|
|l|☆randomman1407
|player|p2|
