|j|☆tagasubongafam
|j|☆TheLivinPixel
|t:|1769321319
|gametype|singles
|player|p1|tagasubongafam|2|1118
|player|p2|TheLivinPixel|fantina|1075
|gen|9
|tier|[Gen 9] OU
|rated|
|rule|HP Percentage Mod: HP is shown in percentages
|rule|Endless Battle Clause: Forcing endless battles is banned
|rule|Species Clause: Limit one of each Pokémon
|rule|OHKO Clause: OHKO moves are banned
|rule|Evasion Items Clause: Evasion items are banned
|rule|Evasion Moves Clause: Evasion moves are banned
|rule|Evasion Abilities Clause: Evasion abilities are banned
|rule|Sleep Moves Clause: Sleep-inducing moves are banned
|clearpoke
|poke|p1|Iron Valiant|
|poke|p1|Great Tusk|
|poke|p1|Dragonite, M|
|poke|p1|Deoxys-Speed|
|poke|p1|Glimmora, F|
|poke|p1|Kingambit, F|
|poke|p2|Weezing-Galar, F|
|poke|p2|Darkrai|
|poke|p2|Dragonite, M|
|poke|p2|Garganacl, M|
|poke|p2|Smeargle, F|
|poke|p2|Heatran, M|
|teampreview
|inactive|Battle timer is ON: inactive players will automatically lose when time's up. (requested by tagasubongafam)
|
|t:|1769321337
|teamsize|p1|6
|teamsize|p2|6
|start
|switch|p1a: Deoxys|Deoxys-Speed|100/100
|switch|p2a: Turtle|Smeargle, F|100/100
|-ability|p1a: Deoxys|Pressure
|turn|1
|
|t:|1769321346
|move|p1a: Deoxys|Psycho Boost|p2a: Turtle
|-damage|p2a: Turtle|3/100
|-unboost|p1a: Deoxys|spa|2
|move|p2a: Turtle|Nuzzle|p1a: Deoxys
|-damage|p1a: Deoxys|98/100
|-status|p1a: Deoxys|par
|
|upkeep
|turn|2
|
|t:|1769321359
|move|p2a: Turtle|Stone Axe|p1a: Deoxys
|-damage|p1a: Deoxys|92/100 par
|-sidestart|p1: tagasubongafam|move: Stealth Rock
|move|p1a: Deoxys|Taunt|p2a: Turtle
|-start|p2a: Turtle|move: Taunt
|
|upkeep
|turn|3
|
|t:|1769321367
|move|p2a: Turtle|Ceaseless Edge|p1a: Deoxys
|-supereffective|p1a: Deoxys
|-damage|p1a: Deoxys|79/100 par
|-sidestart|p1: tagasubongafam|Spikes
|move|p1a: Deoxys|Light Screen|p1a: Deoxys
|-sidestart|p1: tagasubongafam|move: Light Screen
|
|upkeep
|turn|4
|
|t:|1769321387
|switch|p2a: Edgelord|Darkrai, shiny|100/100
|move|p1a: Deoxys|Reflect|p1a: Deoxys
|-sidestart|p1: tagasubongafam|Reflect
|
|upkeep
|turn|5
|
|t:|1769321400
|move|p2a: Edgelord|Nasty Plot|p2a: Edgelord
|-boost|p2a: Edgelord|spa|2
|move|p1a: Deoxys|Taunt|p2a: Edgelord
|-start|p2a: Edgelord|move: Taunt
|
|upkeep
|turn|6
|
|t:|1769321410
|move|p2a: Edgelord|Dark Pulse|p1a: Deoxys
|-supereffective|p1a: Deoxys
|-damage|p1a: Deoxys|0 fnt
|faint|p1a: Deoxys
|
|upkeep
|
|t:|1769321418
|switch|p1a: Glimmora|Glimmora, F|100/100
|-damage|p1a: Glimmora|88/100|[from] Stealth Rock
|-damage|p1a: Glimmora|76/100|[from] Spikes
|turn|7
|c|☆TheLivinPixel|!dt glimmora
|c|☆TheLivinPixel|/raw <div class="message"><ul class="utilichart"><li class="result"><span class="col numcol">OU</span> <span class="col iconcol"><psicon pokemon="glimmora"/></span> <span class="col pokemonnamecol" style="white-space:nowrap"><a href="https://dex.pokemonshowdown.com/pokemon/glimmora" target="_blank">Glimmora</a></span> <span class="col typecol"><img src="https://play.pokemonshowdown.com/sprites/types/Rock.png" alt="Rock" height="14" width="32"><img src="https://play.pokemonshowdown.com/sprites/types/Poison.png" alt="Poison" height="14" width="32"></span> <span style="float:left;min-height:26px"><span class="col abilitycol">Toxic Debris</span><span class="col abilitycol"><em>Corrosion</em></span></span><span style="float:left;min-height:26px"><span class="col statcol"><em>HP</em><br />83</span> <span class="col statcol"><em>Atk</em><br />55</span> <span class="col statcol"><em>Def</em><br />90</span> <span class="col statcol"><em>SpA</em><br />130</span> <span class="col statcol"><em>SpD</em><br />81</span> <span class="col statcol"><em>Spe</em><br />86</span> <span class="col bstcol"><em>BST<br />525</em></span> </span></li><li style="clear:both"></li></ul></div>
|c|☆TheLivinPixel|/raw <font size="1"><font color="#686868">Dex#:</font> 970&nbsp;|&ThickSpace;<font color="#686868">Gen:</font> 9&nbsp;|&ThickSpace;<font color="#686868">Height:</font> 1.5 m&nbsp;|&ThickSpace;<font color="#686868">Weight:</font> 45 kg <em>(60 BP)</em>&nbsp;|&ThickSpace;<font color="#686868">Dex Colour:</font> Blue&nbsp;|&ThickSpace;<font color="#686868">Egg Group(s):</font> Mineral&nbsp;|&ThickSpace;<font color="#686868">Pre-Evolution:</font> Glimmet&nbsp;|&ThickSpace;<font color="#686868">Does Not Evolve</font></font>

|
|t:|1769321440
|move|p2a: Edgelord|Psyshock|p1a: Glimmora
|-supereffective|p1a: Glimmora
|-damage|p1a: Glimmora|11/100
|move|p1a: Glimmora|Mortal Spin|p2a: Edgelord
|-damage|p2a: Edgelord|93/100
|-status|p2a: Edgelord|psn
|-sideend|p1: tagasubongafam|Spikes|[from] move: Mortal Spin|[of] p1a: Glimmora
|-sideend|p1: tagasubongafam|Stealth Rock|[from] move: Mortal Spin|[of] p1a: Glimmora
|
|-damage|p2a: Edgelord|81/100 psn|[from] psn
|upkeep
|turn|8
|
|t:|1769321448
|move|p2a: Edgelord|Psyshock|p1a: Glimmora
|-supereffective|p1a: Glimmora
|-damage|p1a: Glimmora|0 fnt
|faint|p1a: Glimmora
|
|-damage|p2a: Edgelord|68/100 psn|[from] psn
|-end|p2a: Edgelord|move: Taunt
|upkeep
|
|t:|1769321458
|switch|p1a: Iron Valiant|Iron Valiant|100/100
|-enditem|p1a: Iron Valiant|Booster Energy
|-activate|p1a: Iron Valiant|ability: Quark Drive|[fromitem]
|-start|p1a: Iron Valiant|quarkdrivespe
|turn|9
|c|☆TheLivinPixel|!dt iron valiant
|c|☆TheLivinPixel|/raw <div class="message"><ul class="utilichart"><li class="result"><span class="col numcol">OU</span> <span class="col iconcol"><psicon pokemon="ironvaliant"/></span> <span class="col pokemonnamecol" style="white-space:nowrap"><a href="https://dex.pokemonshowdown.com/pokemon/ironvaliant" target="_blank">Iron Valiant</a></span> <span class="col typecol"><img src="https://play.pokemonshowdown.com/sprites/types/Fairy.png" alt="Fairy" height="14" width="32"><img src="https://play.pokemonshowdown.com/sprites/types/Fighting.png" alt="Fighting" height="14" width="32"></span> <span style="float:left;min-height:26px"><span class="col abilitycol">Quark Drive</span><span class="col abilitycol"></span></span><span style="float:left;min-height:26px"><span class="col statcol"><em>HP</em><br />74</span> <span class="col statcol"><em>Atk</em><br />130</span> <span class="col statcol"><em>Def</em><br />90</span> <span class="col statcol"><em>SpA</em><br />120</span> <span class="col statcol"><em>SpD</em><br />60</span> <span class="col statcol"><em>Spe</em><br />116</span> <span class="col bstcol"><em>BST<br />590</em></span> </span></li><li style="clear:both"></li></ul></div>
|c|☆TheLivinPixel|/raw <font size="1"><font color="#686868">Dex#:</font> 1006&nbsp;|&ThickSpace;<font color="#686868">Gen:</font> 9&nbsp;|&ThickSpace;<font color="#686868">Height:</font> 1.4 m&nbsp;|&ThickSpace;<font color="#686868">Weight:</font> 35 kg <em>(60 BP)</em>&nbsp;|&ThickSpace;<font color="#686868">Dex Colour:</font> White&nbsp;|&ThickSpace;<font color="#686868">Egg Group(s):</font> Undiscovered&nbsp;|&ThickSpace;<font color="#686868">Does Not Evolve</font></font>

|
|t:|1769321483
|move|p1a: Iron Valiant|Moonblast|p2a: Edgelord
|-supereffective|p2a: Edgelord
|-damage|p2a: Edgelord|0 fnt
|faint|p2a: Edgelord
|
|upkeep
|inactive|TheLivinPixel has 120 seconds left.
|
|t:|1769321495
|switch|p2a: Huff n Puff|Weezing-Galar, F|100/100
|turn|10
|inactive|TheLivinPixel has 120 seconds left.
|
|t:|1769321510
|move|p1a: Iron Valiant|Taunt|p2a: Huff n Puff
|-start|p2a: Huff n Puff|move: Taunt
|cant|p2a: Huff n Puff|move: Taunt|Will-O-Wisp
|
|-sideend|p1: tagasubongafam|move: Light Screen
|upkeep
|turn|11
|
|t:|1769321518
|move|p1a: Iron Valiant|Moonblast|p2a: Huff n Puff
|-resisted|p2a: Huff n Puff
|-crit|p2a: Huff n Puff
|-damage|p2a: Huff n Puff|58/100
|move|p2a: Huff n Puff|Sludge Bomb|p1a: Iron Valiant
|-supereffective|p1a: Iron Valiant
|-damage|p1a: Iron Valiant|0 fnt
|faint|p1a: Iron Valiant
|-end|p1a: Iron Valiant|Quark Drive|[silent]
|
|-heal|p2a: Huff n Puff|64/100|[from] item: Black Sludge
|-sideend|p1: tagasubongafam|Reflect
|upkeep
|inactive|tagasubongafam has 120 seconds left.
|
|t:|1769321555
|switch|p1a: Dragonite|Dragonite, M|100/100
|turn|12
|
|t:|1769321558
|move|p1a: Dragonite|Earthquake|p2a: Huff n Puff
|-immune|p2a: Huff n Puff|[from] ability: Levitate
|move|p2a: Huff n Puff|Strange Steam|p1a: Dragonite
|-supereffective|p1a: Dragonite
|-damage|p1a: Dragonite|72/100
|
|-heal|p1a: Dragonite|78/100|[from] item: Leftovers
|-heal|p2a: Huff n Puff|70/100|[from] item: Black Sludge
|-end|p2a: Huff n Puff|move: Taunt
|upkeep
|turn|13
|
|t:|1769321578
|move|p1a: Dragonite|Substitute|p1a: Dragonite
|-start|p1a: Dragonite|Substitute
|-damage|p1a: Dragonite|53/100
|move|p2a: Huff n Puff|Will-O-Wisp||[still]
|-fail|p2a: Huff n Puff
|
|-heal|p1a: Dragonite|59/100|[from] item: Leftovers
|-heal|p2a: Huff n Puff|76/100|[from] item: Black Sludge
|upkeep
|turn|14
|
|t:|1769321594
|move|p1a: Dragonite|Dragon Dance|p1a: Dragonite
|-boost|p1a: Dragonite|atk|1
|-boost|p1a: Dragonite|spe|1
|move|p2a: Huff n Puff|Strange Steam|p1a: Dragonite
|-supereffective|p1a: Dragonite
|-end|p1a: Dragonite|Substitute
|
|-heal|p1a: Dragonite|66/100|[from] item: Leftovers
|-heal|p2a: Huff n Puff|82/100|[from] item: Black Sludge
|upkeep
|turn|15
|
|t:|1769321602
|-terastallize|p1a: Dragonite|Flying
|move|p1a: Dragonite|Tera Blast|p2a: Huff n Puff|[anim] Tera Blast Flying
|-damage|p2a: Huff n Puff|31/100
|move|p2a: Huff n Puff|Strange Steam|p1a: Dragonite
|-damage|p1a: Dragonite|35/100
|
|-heal|p1a: Dragonite|42/100|[from] item: Leftovers
|-heal|p2a: Huff n Puff|37/100|[from] item: Black Sludge
|upkeep
|turn|16
|
|t:|1769321608
|move|p1a: Dragonite|Tera Blast|p2a: Huff n Puff|[anim] Tera Blast Flying
|-damage|p2a: Huff n Puff|0 fnt
|faint|p2a: Huff n Puff
|
|-heal|p1a: Dragonite|48/100|[from] item: Leftovers
|upkeep
|
|t:|1769321627
|switch|p2a: Turtle|Smeargle, F|3/100
|turn|17
|
|t:|1769321643
|move|p1a: Dragonite|Earthquake|p2a: Turtle
|-damage|p2a: Turtle|0 fnt
|faint|p2a: Turtle
|
|-heal|p1a: Dragonite|54/100|[from] item: Leftovers
|upkeep
|
|t:|1769321653
|switch|p2a: Cookie|Heatran, M, shiny|100/100
|-item|p2a: Cookie|Air Balloon
|turn|18
|
|t:|1769321662
|move|p1a: Dragonite|Substitute|p1a: Dragonite
|-start|p1a: Dragonite|Substitute
|-damage|p1a: Dragonite|29/100
|move|p2a: Cookie|Power Gem|p1a: Dragonite
|-supereffective|p1a: Dragonite
|-end|p1a: Dragonite|Substitute
|
|-heal|p1a: Dragonite|35/100|[from] item: Leftovers
|upkeep
|turn|19
|
|t:|1769321671
|move|p1a: Dragonite|Tera Blast|p2a: Cookie|[anim] Tera Blast Flying
|-resisted|p2a: Cookie
|-damage|p2a: Cookie|55/100
|-enditem|p2a: Cookie|Air Balloon
|move|p2a: Cookie|Power Gem|p1a: Dragonite
|-supereffective|p1a: Dragonite
|-damage|p1a: Dragonite|0 fnt
|faint|p1a: Dragonite
|
|upkeep
|
|t:|1769321685
|switch|p1a: Kingambit|Kingambit, F|100/100
|-activate|p1a: Kingambit|ability: Supreme Overlord
|-start|p1a: Kingambit|fallen4|[silent]
|turn|20
|
|t:|1769321701
|-terastallize|p2a: Cookie|Ground
|move|p2a: Cookie|Earth Power|p1a: Kingambit
|-supereffective|p1a: Kingambit
|-damage|p1a: Kingambit|0 fnt
|faint|p1a: Kingambit
|-end|p1a: Kingambit|fallen4|[silent]
|
|upkeep
|
|t:|1769321706
|switch|p1a: Great Tusk|Great Tusk|100/100
|-enditem|p1a: Great Tusk|Booster Energy
|-activate|p1a: Great Tusk|ability: Protosynthesis|[fromitem]
|-start|p1a: Great Tusk|protosynthesisspe
|turn|21
|
|t:|1769321720
|move|p1a: Great Tusk|Bulk Up|p1a: Great Tusk
|-boost|p1a: Great Tusk|atk|1
|-boost|p1a: Great Tusk|def|1
|move|p2a: Cookie|Will-O-Wisp|p1a: Great Tusk
|-status|p1a: Great Tusk|brn
|
|-damage|p1a: Great Tusk|94/100 brn|[from] brn
|upkeep
|turn|22
|
|t:|1769321734
|move|p1a: Great Tusk|Bulk Up|p1a: Great Tusk
|-boost|p1a: Great Tusk|atk|1
|-boost|p1a: Great Tusk|def|1
|move|p2a: Cookie|Earth Power|p1a: Great Tusk
|-damage|p1a: Great Tusk|27/100 brn
|
|-damage|p1a: Great Tusk|21/100 brn|[from] brn
|upkeep
|turn|23
|
|t:|1769321746
|move|p1a: Great Tusk|Headlong Rush|p2a: Cookie
|-damage|p2a: Cookie|5/100
|-unboost|p1a: Great Tusk|def|1
|-unboost|p1a: Great Tusk|spd|1
|move|p2a: Cookie|Earth Power|p1a: Great Tusk
|-damage|p1a: Great Tusk|0 fnt
|faint|p1a: Great Tusk
|-end|p1a: Great Tusk|Protosynthesis|[silent]
|
|win|TheLivinPixel
|raw|tagasubongafam's rating: 1118 &rarr; <strong>1090</strong><br />(-28 for losing)
|raw|TheLivinPixel's rating: 1075 &rarr; <strong>1107</strong><br />(+32 for winning)
|l|☆TheLivinPixel
|player|p2|
