|j|☆1-Elfe-Libre
|j|☆RedBlueGree
|t:|1769429506
|gametype|singles
|player|p1|1-Elfe-Libre|janitor|1273
|player|p2|RedBlueGree|skier|1335
|gen|9
|tier|[Gen 9] OU
|rated|
|rule|HP Percentage Mod: HP is shown in percentages
|rule|Endless Battle Clause: Forcing endless battles is banned
|rule|Species Clause: Limit one of each Pokémon
|rule|OHKO Clause: OHKO moves are banned
|rule|Evasion Items Clause: Evasion items are banned
|rule|Evasion Moves Clause: Evasion moves are banned
|rule|Evasion Abilities Clause: Evasion abilities are banned
|rule|Sleep Moves Clause: Sleep-inducing moves are banned
|clearpoke
|poke|p1|Kingambit, F|
|poke|p1|Raging Bolt|
|poke|p1|Ogerpon-Wellspring, F|
|poke|p1|Landorus-Therian, M|
|poke|p1|Iron Valiant|
|poke|p1|Iron Moth|
|poke|p2|Kingambit, M|
|poke|p2|Glimmora, F|
|poke|p2|Gholdengo|
|poke|p2|Maushold|
|poke|p2|Lokix, F|
|poke|p2|Dondozo, M|
|teampreview
|inactive|Battle timer is ON: inactive players will automatically lose when time's up. (requested by 1-Elfe-Libre)
|inactive|RedBlueGree also wants the timer to be on.
|inactive|1-Elfe-Libre has 120 seconds left.
|
|t:|1769429556
|teamsize|p1|6
|teamsize|p2|6
|start
|switch|p1a: Ogerpon|Ogerpon-Wellspring, F|100/100
|switch|p2a: Glimmora|Glimmora, F|100/100
|turn|1
|
|t:|1769429568
|move|p1a: Ogerpon|Ivy Cudgel|p2a: Glimmora|[anim] Ivy Cudgel Water
|-supereffective|p2a: Glimmora
|-enditem|p2a: Glimmora|Focus Sash
|-damage|p2a: Glimmora|1/100
|-activate|p2a: Glimmora|ability: Toxic Debris
|-sidestart|p1: 1-Elfe-Libre|move: Toxic Spikes
|move|p2a: Glimmora|Stealth Rock|p1a: Ogerpon
|-sidestart|p1: 1-Elfe-Libre|move: Stealth Rock
|
|upkeep
|turn|2
|
|t:|1769429582
|move|p1a: Ogerpon|Horn Leech|p2a: Glimmora
|-damage|p2a: Glimmora|0 fnt
|-activate|p2a: Glimmora|ability: Toxic Debris
|-sidestart|p1: 1-Elfe-Libre|move: Toxic Spikes
|faint|p2a: Glimmora
|
|upkeep
|
|t:|1769429587
|switch|p2a: Maushold|Maushold|100/100
|turn|3
|
|t:|1769429599
|move|p2a: Maushold|Population Bomb|p1a: Ogerpon
|-damage|p1a: Ogerpon|87/100
|-damage|p1a: Ogerpon|73/100
|-damage|p1a: Ogerpon|60/100
|-damage|p1a: Ogerpon|47/100
|-damage|p1a: Ogerpon|34/100
|-damage|p1a: Ogerpon|20/100
|-damage|p1a: Ogerpon|8/100
|-damage|p1a: Ogerpon|0 fnt
|faint|p1a: Ogerpon
|-hitcount|p1: Ogerpon|8
|
|upkeep
|
|t:|1769429603
|switch|p1a: Iron Moth|Iron Moth|100/100
|-sideend|p1: 1-Elfe-Libre|move: Toxic Spikes|[of] p1a: Iron Moth
|-damage|p1a: Iron Moth|76/100|[from] Stealth Rock
|-enditem|p1a: Iron Moth|Booster Energy
|-activate|p1a: Iron Moth|ability: Quark Drive|[fromitem]
|-start|p1a: Iron Moth|quarkdrivespe
|turn|4
|
|t:|1769429623
|move|p1a: Iron Moth|Fiery Dance|p2a: Maushold
|-damage|p2a: Maushold|39/100
|move|p2a: Maushold|Population Bomb|p1a: Iron Moth
|-damage|p1a: Iron Moth|59/100
|-damage|p1a: Iron Moth|42/100
|-damage|p1a: Iron Moth|24/100
|-damage|p1a: Iron Moth|6/100
|-damage|p1a: Iron Moth|0 fnt
|faint|p1a: Iron Moth
|-end|p1a: Iron Moth|Quark Drive|[silent]
|-hitcount|p1: Iron Moth|5
|
|upkeep
|inactive|1-Elfe-Libre has 120 seconds left.
|
|t:|1769429649
|switch|p1a: Kingambit|Kingambit, F|100/100
|-damage|p1a: Kingambit|94/100|[from] Stealth Rock
|-activate|p1a: Kingambit|ability: Supreme Overlord
|-start|p1a: Kingambit|fallen2|[silent]
|turn|5
|inactive|1-Elfe-Libre has 120 seconds left.
|
|t:|1769429656
|switch|p2a: Dondozo|Dondozo, M|100/100
|move|p1a: Kingambit|Iron Head|p2a: Dondozo
|-resisted|p2a: Dondozo
|-damage|p2a: Dondozo|87/100
|
|-heal|p2a: Dondozo|94/100|[from] item: Leftovers
|upkeep
|turn|6
|inactive|1-Elfe-Libre has 120 seconds left.
|
|t:|1769429666
|-end|p1a: Kingambit|fallen2|[silent]
|switch|p1a: Landorus|Landorus-Therian, M|100/100
|-damage|p1a: Landorus|88/100|[from] Stealth Rock
|-ability|p1a: Landorus|Intimidate|boost
|-unboost|p2a: Dondozo|atk|1
|move|p2a: Dondozo|Body Press|p1a: Landorus
|-resisted|p1a: Landorus
|-damage|p1a: Landorus|78/100
|-damage|p2a: Dondozo|77/100|[from] item: Rocky Helmet|[of] p1a: Landorus
|
|-heal|p2a: Dondozo|83/100|[from] item: Leftovers
|upkeep
|turn|7
|
|t:|1769429673
|switch|p2a: Kingambit|Kingambit, M|100/100
|-activate|p2a: Kingambit|ability: Supreme Overlord
|-start|p2a: Kingambit|fallen1|[silent]
|move|p1a: Landorus|Taunt|p2a: Kingambit
|-start|p2a: Kingambit|move: Taunt
|
|upkeep
|turn|8
|
|t:|1769429678
|-end|p2a: Kingambit|fallen1|[silent]
|switch|p2a: Lokix|Lokix, F|100/100
|move|p1a: Landorus|Stealth Rock|p2a: Lokix
|-sidestart|p2: RedBlueGree|move: Stealth Rock
|
|upkeep
|turn|9
|
|t:|1769429688
|move|p2a: Lokix|Knock Off|p1a: Landorus
|-damage|p1a: Landorus|27/100
|-damage|p2a: Lokix|84/100|[from] item: Rocky Helmet|[of] p1a: Landorus
|-enditem|p1a: Landorus|Rocky Helmet|[from] move: Knock Off|[of] p2a: Lokix
|move|p1a: Landorus|U-turn|p2a: Lokix
|-supereffective|p2a: Lokix
|-damage|p2a: Lokix|20/100
|
|t:|1769429700
|switch|p1a: Iron Valiant|Iron Valiant|100/100|[from] U-turn
|-damage|p1a: Iron Valiant|94/100|[from] Stealth Rock
|-enditem|p1a: Iron Valiant|Booster Energy
|-activate|p1a: Iron Valiant|ability: Quark Drive|[fromitem]
|-start|p1a: Iron Valiant|quarkdrivespe
|
|upkeep
|turn|10
|
|t:|1769429710
|switch|p2a: Gholdengo|Gholdengo|100/100
|-damage|p2a: Gholdengo|94/100|[from] Stealth Rock
|move|p1a: Iron Valiant|Knock Off|p2a: Gholdengo
|-supereffective|p2a: Gholdengo
|-damage|p2a: Gholdengo|31/100
|-enditem|p2a: Gholdengo|Choice Scarf|[from] move: Knock Off|[of] p1a: Iron Valiant
|
|upkeep
|turn|11
|
|t:|1769429731
|move|p1a: Iron Valiant|Knock Off|p2a: Gholdengo
|-supereffective|p2a: Gholdengo
|-damage|p2a: Gholdengo|0 fnt
|faint|p2a: Gholdengo
|
|upkeep
|
|t:|1769429739
|switch|p2a: Lokix|Lokix, F|20/100
|-damage|p2a: Lokix|0 fnt|[from] Stealth Rock
|faint|p2a: Lokix
|
|t:|1769429741
|switch|p2a: Dondozo|Dondozo, M|83/100
|-damage|p2a: Dondozo|71/100|[from] Stealth Rock
|turn|12
|
|t:|1769429748
|move|p1a: Iron Valiant|Knock Off|p2a: Dondozo
|-damage|p2a: Dondozo|57/100
|-enditem|p2a: Dondozo|Leftovers|[from] move: Knock Off|[of] p1a: Iron Valiant
|move|p2a: Dondozo|Liquidation|p1a: Iron Valiant
|-damage|p1a: Iron Valiant|62/100
|
|upkeep
|turn|13
|
|t:|1769429756
|move|p1a: Iron Valiant|Thunderbolt|p2a: Dondozo
|-supereffective|p2a: Dondozo
|-damage|p2a: Dondozo|10/100
|move|p2a: Dondozo|Liquidation|p1a: Iron Valiant
|-damage|p1a: Iron Valiant|27/100
|
|upkeep
|turn|14
|
|t:|1769429765
|move|p1a: Iron Valiant|Thunderbolt|p2a: Dondozo
|-supereffective|p2a: Dondozo
|-damage|p2a: Dondozo|0 fnt
|faint|p2a: Dondozo
|
|upkeep
|
|t:|1769429770
|switch|p2a: Maushold|Maushold|39/100
|-damage|p2a: Maushold|26/100|[from] Stealth Rock
|turn|15
|
|t:|1769429788
|move|p1a: Iron Valiant|Moonblast|p2a: Maushold
|-damage|p2a: Maushold|0 fnt
|faint|p2a: Maushold
|
|upkeep
|-message|RedBlueGree forfeited.
|
|win|1-Elfe-Libre
|raw|1-Elfe-Libre's rating: 1273 &rarr; <strong>1302</strong><br />(+29 for winning)
|raw|RedBlueGree's rating: 1335 &rarr; <strong>1311</strong><br />(-24 for losing)
|l|☆RedBlueGree
|player|p2|
