|j|☆brixcyara
|j|☆WickedVictory
|t:|1769423034
|gametype|singles
|player|p1|brixcyara|iris-gen5bw2|1180
|player|p2|WickedVictory|giovanni|1137
|gen|9
|tier|[Gen 9] OU
|rated|
|rule|HP Percentage Mod: HP is shown in percentages
|rule|Endless Battle Clause: Forcing endless battles is banned
|rule|Species Clause: Limit one of each Pokémon
|rule|OHKO Clause: OHKO moves are banned
|rule|Evasion Items Clause: Evasion items are banned
|rule|Evasion Moves Clause: Evasion moves are banned
|rule|Evasion Abilities Clause: Evasion abilities are banned
|rule|Sleep Moves Clause: Sleep-inducing moves are banned
|clearpoke
|poke|p1|Dragapult, M|
|poke|p1|Glimmora, F|
|poke|p1|Great Tusk|
|poke|p1|Galvantula, F|
|poke|p1|Incineroar, M|
|poke|p1|Dondozo, M|
|poke|p2|Garganacl, F|
|poke|p2|Sudowoodo, L1, F|
|poke|p2|Alomomola, F|
|poke|p2|Rillaboom, M|
|poke|p2|Gliscor, M|
|poke|p2|Kingambit, M|
|teampreview
|
|t:|1769423057
|teamsize|p1|6
|teamsize|p2|6
|start
|switch|p1a: Shigglebuzz|Galvantula, F, shiny|100/100
|switch|p2a: Gliscor|Gliscor, M|100/100
|turn|1
|inactive|Battle timer is ON: inactive players will automatically lose when time's up. (requested by brixcyara)
|
|t:|1769423068
|move|p1a: Shigglebuzz|Sticky Web|p2a: Gliscor
|-sidestart|p2: WickedVictory|move: Sticky Web
|move|p2a: Gliscor|Earthquake|p1a: Shigglebuzz
|-damage|p1a: Shigglebuzz|42/100
|
|-status|p2a: Gliscor|tox|[from] item: Toxic Orb
|upkeep
|turn|2
|
|t:|1769423087
|switch|p1a: Grendel|Dondozo, M|100/100
|move|p2a: Gliscor|Earthquake|p1a: Grendel
|-damage|p1a: Grendel|83/100
|
|-heal|p1a: Grendel|89/100|[from] item: Leftovers
|upkeep
|turn|3
|
|t:|1769423096
|move|p2a: Gliscor|U-turn|p1a: Grendel
|-damage|p1a: Grendel|81/100
|
|t:|1769423104
|switch|p2a: Rillaboom|Rillaboom, M|100/100|[from] U-turn
|-activate|p2a: Rillaboom|move: Sticky Web
|-unboost|p2a: Rillaboom|spe|1
|move|p1a: Grendel|Curse|p1a: Grendel
|-unboost|p1a: Grendel|spe|1
|-boost|p1a: Grendel|atk|1
|-boost|p1a: Grendel|def|1
|
|-heal|p1a: Grendel|87/100|[from] item: Leftovers
|upkeep
|turn|4
|
|t:|1769423119
|-terastallize|p1a: Grendel|Fighting
|move|p2a: Rillaboom|Leech Seed|p1a: Grendel
|-start|p1a: Grendel|move: Leech Seed
|move|p1a: Grendel|Curse|p1a: Grendel
|-unboost|p1a: Grendel|spe|1
|-boost|p1a: Grendel|atk|1
|-boost|p1a: Grendel|def|1
|
|-heal|p1a: Grendel|93/100|[from] item: Leftovers
|-damage|p1a: Grendel|81/100|[from] Leech Seed|[of] p2a: Rillaboom
|upkeep
|turn|5
|
|t:|1769423132
|move|p2a: Rillaboom|U-turn|p1a: Grendel
|-resisted|p1a: Grendel
|-damage|p1a: Grendel|78/100
|
|t:|1769423135
|switch|p2a: Sudowoodo|Sudowoodo, L1, F|100/100|[from] U-turn
|-activate|p2a: Sudowoodo|move: Sticky Web
|-unboost|p2a: Sudowoodo|spe|1
|move|p1a: Grendel|Body Press|p2a: Sudowoodo
|-supereffective|p2a: Sudowoodo
|-ability|p2a: Sudowoodo|Sturdy
|-damage|p2a: Sudowoodo|9/100
|
|-heal|p1a: Grendel|85/100|[from] item: Leftovers
|-damage|p1a: Grendel|72/100|[from] Leech Seed|[of] p2a: Sudowoodo
|-heal|p2a: Sudowoodo|100/100|[silent]
|upkeep
|turn|6
|
|t:|1769423150
|switch|p1a: Stinkapult|Dragapult, M|100/100
|move|p2a: Sudowoodo|Endeavor|p1a: Stinkapult
|-immune|p1a: Stinkapult
|
|upkeep
|turn|7
|
|t:|1769423157
|switch|p2a: Kingambit|Kingambit, M|100/100
|-activate|p2a: Kingambit|move: Sticky Web
|-unboost|p2a: Kingambit|spe|1
|-ability|p2a: Kingambit|Defiant|boost
|-boost|p2a: Kingambit|atk|2
|move|p1a: Stinkapult|Dragon Darts|p2a: Kingambit
|-resisted|p2a: Kingambit
|-damage|p2a: Kingambit|89/100
|-anim|p1a: Stinkapult|Dragon Darts|p2a: Kingambit
|-resisted|p2a: Kingambit
|-damage|p2a: Kingambit|77/100
|
|upkeep
|turn|8
|
|t:|1769423176
|switch|p1a: There is a rock|Glimmora, F|100/100
|move|p2a: Kingambit|Kowtow Cleave|p1a: There is a rock
|-damage|p1a: There is a rock|33/100
|-activate|p1a: There is a rock|ability: Toxic Debris
|-sidestart|p2: WickedVictory|move: Toxic Spikes
|
|upkeep
|turn|9
|
|t:|1769423199
|move|p1a: There is a rock|Stealth Rock|p2a: Kingambit
|-sidestart|p2: WickedVictory|move: Stealth Rock
|move|p2a: Kingambit|Low Kick|p1a: There is a rock
|-damage|p1a: There is a rock|1/100
|-activate|p1a: There is a rock|ability: Toxic Debris
|-sidestart|p2: WickedVictory|move: Toxic Spikes
|
|upkeep
|turn|10
|
|t:|1769423208
|move|p2a: Kingambit|Sucker Punch|p1a: There is a rock
|-damage|p1a: There is a rock|0 fnt
|faint|p1a: There is a rock
|
|upkeep
|
|t:|1769423214
|switch|p1a: Grineer|Great Tusk|100/100
|turn|11
|
|t:|1769423237
|switch|p2a: Rillaboom|Rillaboom, M|100/100
|-activate|p2a: Rillaboom|move: Sticky Web
|-unboost|p2a: Rillaboom|spe|1
|-status|p2a: Rillaboom|tox
|-damage|p2a: Rillaboom|88/100 tox|[from] Stealth Rock
|move|p1a: Grineer|Close Combat|p2a: Rillaboom
|-damage|p2a: Rillaboom|28/100 tox
|-unboost|p1a: Grineer|def|1
|-unboost|p1a: Grineer|spd|1
|
|-damage|p2a: Rillaboom|22/100 tox|[from] psn
|upkeep
|turn|12
|
|t:|1769423253
|move|p2a: Rillaboom|Fake Out|p1a: Grineer
|-damage|p1a: Grineer|91/100
|cant|p1a: Grineer|flinch
|
|-damage|p2a: Rillaboom|10/100 tox|[from] psn
|upkeep
|turn|13
|
|t:|1769423263
|move|p1a: Grineer|Ice Spinner|p2a: Rillaboom
|-supereffective|p2a: Rillaboom
|-damage|p2a: Rillaboom|0 fnt
|faint|p2a: Rillaboom
|
|upkeep
|-message|WickedVictory forfeited.
|
|win|brixcyara
|raw|brixcyara's rating: 1180 &rarr; <strong>1202</strong><br />(+22 for winning)
|raw|WickedVictory's rating: 1137 &rarr; <strong>1115</strong><br />(-22 for losing)
|l|☆WickedVictory
|player|p2|
|l|☆brixcyara
|player|p1|
