|j|☆The Moz
|j|☆breizh-pao
|t:|1769331762
|gametype|singles
|player|p1|The Moz|brock|1299
|player|p2|breizh-pao|hiker-gen4|1370
|gen|9
|tier|[Gen 9] OU
|rated|
|rule|HP Percentage Mod: HP is shown in percentages
|rule|Endless Battle Clause: Forcing endless battles is banned
|rule|Species Clause: Limit one of each Pokémon
|rule|OHKO Clause: OHKO moves are banned
|rule|Evasion Items Clause: Evasion items are banned
|rule|Evasion Moves Clause: Evasion moves are banned
|rule|Evasion Abilities Clause: Evasion abilities are banned
|rule|Sleep Moves Clause: Sleep-inducing moves are banned
|clearpoke
|poke|p1|Raging Bolt|
|poke|p1|Feraligatr, M|
|poke|p1|Serperior, M|
|poke|p1|Blaziken, M|
|poke|p1|Glimmora, F|
|poke|p1|Zamazenta-*|
|poke|p2|Ribombee, M|
|poke|p2|Cinderace, F|
|poke|p2|Serperior, F|
|poke|p2|Dragapult, F|
|poke|p2|Bisharp, F|
|poke|p2|Latios, M|
|teampreview
|
|t:|1769331781
|teamsize|p1|6
|teamsize|p2|6
|start
|switch|p1a: Glimmora|Glimmora, F|100/100
|switch|p2a: Ribombee|Ribombee, M|100/100
|turn|1
|l|☆The Moz
|player|p1|
|inactive|Battle timer is ON: inactive players will automatically lose when time's up. (requested by breizh-pao)
|inactive|The Moz has 30 seconds to reconnect!
|j|☆The Moz
|inactive|The Moz reconnected and has 120 seconds left.
|player|p1|The Moz|brock|
|
|t:|1769331864
|move|p2a: Ribombee|Sticky Web|p1a: Glimmora
|-sidestart|p1: The Moz|move: Sticky Web
|move|p1a: Glimmora|Stealth Rock|p2a: Ribombee
|-sidestart|p2: breizh-pao|move: Stealth Rock
|
|upkeep
|turn|2
|
|t:|1769331870
|switch|p2a: Bisharp|Bisharp, F|100/100
|-damage|p2a: Bisharp|94/100|[from] Stealth Rock
|move|p1a: Glimmora|Mortal Spin|p2a: Bisharp
|-immune|p2a: Bisharp
|
|upkeep
|turn|3
|
|t:|1769331877
|move|p1a: Glimmora|Earth Power|p2a: Bisharp
|-supereffective|p2a: Bisharp
|-damage|p2a: Bisharp|34/100
|-unboost|p2a: Bisharp|spd|1
|-ability|p2a: Bisharp|Defiant|boost
|-boost|p2a: Bisharp|atk|2
|move|p2a: Bisharp|Iron Head|p1a: Glimmora
|-supereffective|p1a: Glimmora
|-enditem|p1a: Glimmora|Focus Sash
|-damage|p1a: Glimmora|1/100
|-activate|p1a: Glimmora|ability: Toxic Debris
|-sidestart|p2: breizh-pao|move: Toxic Spikes
|
|upkeep
|turn|4
|
|t:|1769331892
|move|p2a: Bisharp|Sucker Punch|p1a: Glimmora
|-damage|p1a: Glimmora|0 fnt
|-activate|p1a: Glimmora|ability: Toxic Debris
|-sidestart|p2: breizh-pao|move: Toxic Spikes
|faint|p1a: Glimmora
|
|upkeep
|
|t:|1769331907
|switch|p1a: Blaziken|Blaziken, M, shiny|100/100
|-activate|p1a: Blaziken|move: Sticky Web
|-unboost|p1a: Blaziken|spe|1
|turn|5
|
|t:|1769331916
|move|p2a: Bisharp|Low Kick|p1a: Blaziken
|-damage|p1a: Blaziken|13/100
|move|p1a: Blaziken|Temper Flare|p2a: Bisharp
|-supereffective|p2a: Bisharp
|-damage|p2a: Bisharp|0 fnt
|faint|p2a: Bisharp
|
|-ability|p1a: Blaziken|Speed Boost|boost
|-boost|p1a: Blaziken|spe|1
|upkeep
|
|t:|1769331920
|switch|p2a: Cinderace|Cinderace, F|100/100
|turn|6
|
|t:|1769331928
|move|p1a: Blaziken|Protect|p1a: Blaziken
|-singleturn|p1a: Blaziken|Protect
|move|p2a: Cinderace|Court Change|p2a: Cinderace
|-swapsideconditions
|-activate|p2a: Cinderace|move: Court Change
|
|-ability|p1a: Blaziken|Speed Boost|boost
|-boost|p1a: Blaziken|spe|1
|upkeep
|turn|7
|
|t:|1769331943
|move|p1a: Blaziken|Close Combat|p2a: Cinderace
|-damage|p2a: Cinderace|18/100
|-unboost|p1a: Blaziken|def|1
|-unboost|p1a: Blaziken|spd|1
|move|p2a: Cinderace|Pyro Ball|p1a: Blaziken
|-resisted|p1a: Blaziken
|-damage|p1a: Blaziken|0 fnt
|faint|p1a: Blaziken
|
|upkeep
|
|t:|1769331970
|switch|p1a: Zamazenta|Zamazenta|100/100
|-ability|p1a: Zamazenta|Dauntless Shield|boost
|-boost|p1a: Zamazenta|def|1
|turn|8
|inactive|The Moz has 120 seconds left.
|
|t:|1769331997
|move|p1a: Zamazenta|Crunch|p2a: Cinderace
|-damage|p2a: Cinderace|0 fnt
|faint|p2a: Cinderace
|
|upkeep
|
|t:|1769332019
|switch|p2a: Latios|Latios, M|100/100
|turn|9
|inactive|The Moz has 120 seconds left.
|
|t:|1769332025
|-terastallize|p1a: Zamazenta|Steel
|move|p2a: Latios|Luster Purge|p1a: Zamazenta
|-resisted|p1a: Zamazenta
|-damage|p1a: Zamazenta|76/100
|-unboost|p1a: Zamazenta|spd|1
|move|p1a: Zamazenta|Crunch|p2a: Latios
|-supereffective|p2a: Latios
|-damage|p2a: Latios|29/100
|
|upkeep
|turn|10
|
|t:|1769332033
|move|p2a: Latios|Luster Purge|p1a: Zamazenta
|-resisted|p1a: Zamazenta
|-damage|p1a: Zamazenta|39/100
|-unboost|p1a: Zamazenta|spd|1
|move|p1a: Zamazenta|Crunch|p2a: Latios
|-supereffective|p2a: Latios
|-damage|p2a: Latios|0 fnt
|faint|p2a: Latios
|
|upkeep
|
|t:|1769332037
|switch|p2a: Serperior|Serperior, F|100/100
|-activate|p2a: Serperior|move: Sticky Web
|-boost|p2a: Serperior|spe|1
|turn|11
|
|t:|1769332049
|move|p2a: Serperior|Leaf Storm|p1a: Zamazenta
|-resisted|p1a: Zamazenta
|-damage|p1a: Zamazenta|0 fnt
|-boost|p2a: Serperior|spa|2
|faint|p1a: Zamazenta
|
|upkeep
|
|t:|1769332056
|switch|p1a: Raging Bolt|Raging Bolt|100/100
|-damage|p1a: Raging Bolt|88/100|[from] Stealth Rock
|-status|p1a: Raging Bolt|tox
|-enditem|p1a: Raging Bolt|Booster Energy
|-activate|p1a: Raging Bolt|ability: Protosynthesis|[fromitem]
|-start|p1a: Raging Bolt|protosynthesisspa
|turn|12
|
|t:|1769332065
|move|p1a: Raging Bolt|Thunderclap|p2a: Serperior
|-resisted|p2a: Serperior
|-damage|p2a: Serperior|67/100
|move|p2a: Serperior|Dragon Pulse|p1a: Raging Bolt
|-supereffective|p1a: Raging Bolt
|-damage|p1a: Raging Bolt|8/100 tox
|
|-heal|p2a: Serperior|73/100|[from] item: Leftovers
|-damage|p1a: Raging Bolt|2/100 tox|[from] psn
|upkeep
|turn|13
|-message|The Moz forfeited.
|
|win|breizh-pao
|raw|The Moz's rating: 1299 &rarr; <strong>1279</strong><br />(-20 for losing)
|raw|breizh-pao's rating: 1370 &rarr; <strong>1386</strong><br />(+16 for winning)
|l|☆The Moz
|player|p1|
|l|☆breizh-pao
|player|p2|
