|j|☆rgegs
|j|☆suiziyu
|t:|1769402996
|gametype|singles
|player|p1|rgegs|265|1000
|player|p2|suiziyu|266|1000
|gen|9
|tier|[Gen 9] OU
|rated|
|rule|HP Percentage Mod: HP is shown in percentages
|rule|Endless Battle Clause: Forcing endless battles is banned
|rule|Species Clause: Limit one of each Pokémon
|rule|OHKO Clause: OHKO moves are banned
|rule|Evasion Items Clause: Evasion items are banned
|rule|Evasion Moves Clause: Evasion moves are banned
|rule|Evasion Abilities Clause: Evasion abilities are banned
|rule|Sleep Moves Clause: Sleep-inducing moves are banned
|clearpoke
|poke|p1|Delphox, M|
|poke|p1|Primarina, F|
|poke|p1|Meowscarada, F|
|poke|p1|Quaquaval, F|
|poke|p1|Serperior, M|
|poke|p1|Venusaur, F|
|poke|p2|Maushold-Four|
|poke|p2|Tyranitar, M|
|poke|p2|Scizor, M|
|poke|p2|Excadrill, M|
|poke|p2|Ursaluna, M|
|poke|p2|Ting-Lu|
|teampreview
|
|t:|1769403002
|teamsize|p1|6
|teamsize|p2|6
|start
|switch|p1a: Venusaur|Venusaur, F|100/100
|switch|p2a: Ting-Lu|Ting-Lu|100/100
|-ability|p2a: Ting-Lu|Vessel of Ruin
|turn|1
|inactive|Battle timer is ON: inactive players will automatically lose when time's up. (requested by rgegs)
|
|t:|1769403024
|move|p1a: Venusaur|Leech Seed|p2a: Ting-Lu
|-start|p2a: Ting-Lu|move: Leech Seed
|move|p2a: Ting-Lu|Stealth Rock|p1a: Venusaur
|-sidestart|p1: rgegs|move: Stealth Rock
|
|-damage|p2a: Ting-Lu|88/100|[from] Leech Seed|[of] p1a: Venusaur
|upkeep
|turn|2
|
|t:|1769403033
|move|p1a: Venusaur|Substitute|p1a: Venusaur
|-start|p1a: Venusaur|Substitute
|-damage|p1a: Venusaur|75/100
|move|p2a: Ting-Lu|Substitute|p2a: Ting-Lu
|-start|p2a: Ting-Lu|Substitute
|-damage|p2a: Ting-Lu|63/100
|
|-heal|p1a: Venusaur|82/100|[from] item: Leftovers
|-damage|p2a: Ting-Lu|51/100|[from] Leech Seed|[of] p1a: Venusaur
|-heal|p1a: Venusaur|99/100|[silent]
|upkeep
|turn|3
|
|t:|1769403045
|move|p1a: Venusaur|Protect|p1a: Venusaur
|-singleturn|p1a: Venusaur|Protect
|move|p2a: Ting-Lu|Ruination|p1a: Venusaur
|-activate|p1a: Venusaur|move: Protect
|
|-heal|p1a: Venusaur|100/100|[from] item: Leftovers
|-damage|p2a: Ting-Lu|38/100|[from] Leech Seed|[of] p1a: Venusaur
|upkeep
|turn|4
|
|t:|1769403055
|move|p1a: Venusaur|Sludge Bomb|p2a: Ting-Lu
|-resisted|p2a: Ting-Lu
|-activate|p2a: Ting-Lu|move: Substitute|[damage]
|move|p2a: Ting-Lu|Ruination|p1a: Venusaur
|-end|p1a: Venusaur|Substitute
|
|-damage|p2a: Ting-Lu|26/100|[from] Leech Seed|[of] p1a: Venusaur
|upkeep
|turn|5
|
|t:|1769403066
|move|p1a: Venusaur|Substitute|p1a: Venusaur
|-start|p1a: Venusaur|Substitute
|-damage|p1a: Venusaur|75/100
|move|p2a: Ting-Lu|Memento||[still]
|-fail|p2a: Ting-Lu
|
|-heal|p1a: Venusaur|82/100|[from] item: Leftovers
|-damage|p2a: Ting-Lu|13/100|[from] Leech Seed|[of] p1a: Venusaur
|-heal|p1a: Venusaur|99/100|[silent]
|upkeep
|turn|6
|
|t:|1769403083
|move|p1a: Venusaur|Protect|p1a: Venusaur
|-singleturn|p1a: Venusaur|Protect
|move|p2a: Ting-Lu|Ruination|p1a: Venusaur
|-activate|p1a: Venusaur|move: Protect
|
|-heal|p1a: Venusaur|100/100|[from] item: Leftovers
|-damage|p2a: Ting-Lu|1/100|[from] Leech Seed|[of] p1a: Venusaur
|upkeep
|turn|7
|
|t:|1769403093
|move|p1a: Venusaur|Sludge Bomb|p2a: Ting-Lu
|-resisted|p2a: Ting-Lu
|-crit|p2a: Ting-Lu
|-activate|p2a: Ting-Lu|move: Substitute|[damage]
|move|p2a: Ting-Lu|Ruination|p1a: Venusaur
|-end|p1a: Venusaur|Substitute
|
|-damage|p2a: Ting-Lu|0 fnt|[from] Leech Seed|[of] p1a: Venusaur
|faint|p2a: Ting-Lu
|upkeep
|
|t:|1769403105
|switch|p2a: Maushold|Maushold-Four, shiny|100/100
|turn|8
|
|t:|1769403112
|move|p2a: Maushold|Tidy Up|p2a: Maushold
|-sideend|p1: rgegs|Stealth Rock
|-activate|p2a: Maushold|move: Tidy Up
|-boost|p2a: Maushold|atk|1
|-boost|p2a: Maushold|spe|1
|move|p1a: Venusaur|Leech Seed|p2a: Maushold
|-start|p2a: Maushold|move: Leech Seed
|
|-damage|p2a: Maushold|88/100|[from] Leech Seed|[of] p1a: Venusaur
|upkeep
|turn|9
|
|t:|1769403121
|move|p2a: Maushold|Tidy Up|p2a: Maushold
|-boost|p2a: Maushold|atk|1
|-boost|p2a: Maushold|spe|1
|move|p1a: Venusaur|Substitute|p1a: Venusaur
|-start|p1a: Venusaur|Substitute
|-damage|p1a: Venusaur|75/100
|
|-heal|p1a: Venusaur|82/100|[from] item: Leftovers
|-damage|p2a: Maushold|76/100|[from] Leech Seed|[of] p1a: Venusaur
|-heal|p1a: Venusaur|91/100|[silent]
|upkeep
|turn|10
|
|t:|1769403132
|move|p1a: Venusaur|Protect|p1a: Venusaur
|-singleturn|p1a: Venusaur|Protect
|move|p2a: Maushold|Tidy Up|p2a: Maushold
|-end|p1a: Venusaur|Substitute
|-activate|p2a: Maushold|move: Tidy Up
|-boost|p2a: Maushold|atk|1
|-boost|p2a: Maushold|spe|1
|
|-heal|p1a: Venusaur|97/100|[from] item: Leftovers
|-damage|p2a: Maushold|63/100|[from] Leech Seed|[of] p1a: Venusaur
|-heal|p1a: Venusaur|100/100|[silent]
|upkeep
|turn|11
|
|t:|1769403144
|move|p2a: Maushold|Population Bomb|p1a: Venusaur
|-damage|p1a: Venusaur|72/100
|-damage|p1a: Venusaur|47/100
|-damage|p1a: Venusaur|19/100
|-damage|p1a: Venusaur|0 fnt
|faint|p1a: Venusaur
|-hitcount|p1: Venusaur|4
|
|upkeep
|
|t:|1769403157
|switch|p1a: Serperior|Serperior, M|100/100
|turn|12
|
|t:|1769403169
|move|p2a: Maushold|Population Bomb|p1a: Serperior
|-damage|p1a: Serperior|64/100
|-damage|p1a: Serperior|33/100
|-damage|p1a: Serperior|0 fnt
|faint|p1a: Serperior
|-hitcount|p1: Serperior|3
|
|upkeep
|
|t:|1769403177
|switch|p1a: Meowscarada|Meowscarada, F|100/100
|turn|13
|
|t:|1769403180
|move|p1a: Meowscarada|Sucker Punch|p2a: Maushold
|-start|p1a: Meowscarada|typechange|Dark|[from] ability: Protean
|-damage|p2a: Maushold|0 fnt
|faint|p2a: Maushold
|
|upkeep
|
|t:|1769403189
|switch|p2a: Scizor|Scizor, M, shiny|100/100
|turn|14
|
|t:|1769403198
|switch|p1a: Delphox|Delphox, M|100/100
|move|p2a: Scizor|Swords Dance|p2a: Scizor
|-boost|p2a: Scizor|atk|2
|
|upkeep
|turn|15
|
|t:|1769403216
|switch|p2a: Tyranitar|Tyranitar, M, shiny|100/100
|-weather|Sandstorm|[from] ability: Sand Stream|[of] p2a: Tyranitar
|-terastallize|p1a: Delphox|Grass
|move|p1a: Delphox|Burning Jealousy|p2a: Tyranitar
|-resisted|p2a: Tyranitar
|-damage|p2a: Tyranitar|94/100
|
|-weather|Sandstorm|[upkeep]
|-damage|p1a: Delphox|94/100|[from] Sandstorm
|upkeep
|turn|16
|
|t:|1769403235
|-terastallize|p2a: Tyranitar|Electric
|move|p1a: Delphox|Solar Beam||[still]
|-prepare|p1a: Delphox|Solar Beam
|-enditem|p1a: Delphox|Power Herb
|-anim|p1a: Delphox|Solar Beam|p2a: Tyranitar
|-damage|p2a: Tyranitar|78/100
|-item|p1a: Delphox|Assault Vest|[from] ability: Magician|[of] p2a: Tyranitar
|move|p2a: Tyranitar|Flamethrower|p1a: Delphox
|-supereffective|p1a: Delphox
|-damage|p1a: Delphox|48/100
|
|-weather|Sandstorm|[upkeep]
|-damage|p1a: Delphox|41/100|[from] Sandstorm
|-damage|p2a: Tyranitar|72/100|[from] Sandstorm
|upkeep
|turn|17
|
|t:|1769403251
|switch|p1a: Meowscarada|Meowscarada, F|100/100
|move|p2a: Tyranitar|Flamethrower|p1a: Meowscarada
|-supereffective|p1a: Meowscarada
|-damage|p1a: Meowscarada|19/100
|-status|p1a: Meowscarada|brn
|
|-weather|Sandstorm|[upkeep]
|-damage|p1a: Meowscarada|13/100 brn|[from] Sandstorm
|-damage|p2a: Tyranitar|66/100|[from] Sandstorm
|-damage|p1a: Meowscarada|7/100 brn|[from] brn
|upkeep
|turn|18
|
|t:|1769403264
|move|p1a: Meowscarada|Flower Trick|p2a: Tyranitar
|-start|p1a: Meowscarada|typechange|Grass|[from] ability: Protean
|-crit|p2a: Tyranitar
|-damage|p2a: Tyranitar|45/100
|move|p2a: Tyranitar|Flamethrower|p1a: Meowscarada
|-supereffective|p1a: Meowscarada
|-damage|p1a: Meowscarada|0 fnt
|faint|p1a: Meowscarada
|
|-weather|Sandstorm|[upkeep]
|-damage|p2a: Tyranitar|38/100|[from] Sandstorm
|upkeep
|c|☆rgegs|ur fucking burn
|c|☆rgegs|omg
|
|t:|1769403280
|switch|p1a: Quaquaval|Quaquaval, F|100/100
|turn|19
|
|t:|1769403285
|move|p1a: Quaquaval|Aqua Jet|p2a: Tyranitar
|-damage|p2a: Tyranitar|23/100
|move|p2a: Tyranitar|Thunderbolt|p1a: Quaquaval
|-supereffective|p1a: Quaquaval
|-damage|p1a: Quaquaval|0 fnt
|faint|p1a: Quaquaval
|
|-weather|none
|upkeep
|
|t:|1769403292
|switch|p1a: Delphox|Delphox, M, tera:Grass|41/100
|turn|20
|
|t:|1769403299
|move|p1a: Delphox|Flamethrower|p2a: Tyranitar
|-damage|p2a: Tyranitar|0 fnt
|faint|p2a: Tyranitar
|
|upkeep
|
|t:|1769403304
|switch|p2a: Scizor|Scizor, M, shiny|100/100
|turn|21
|
|t:|1769403311
|move|p2a: Scizor|Bullet Punch|p1a: Delphox
|-damage|p1a: Delphox|0 fnt
|faint|p1a: Delphox
|-damage|p2a: Scizor|91/100|[from] item: Life Orb
|
|upkeep
|
|t:|1769403315
|switch|p1a: Primarina|Primarina, F|100/100
|turn|22
|
|t:|1769403323
|move|p2a: Scizor|Bullet Punch|p1a: Primarina
|-damage|p1a: Primarina|54/100
|-damage|p2a: Scizor|81/100|[from] item: Life Orb
|move|p1a: Primarina|Hyper Voice|p2a: Scizor
|-damage|p2a: Scizor|0 fnt
|faint|p2a: Scizor
|-damage|p1a: Primarina|44/100|[from] item: Life Orb
|
|upkeep
|
|t:|1769403334
|switch|p2a: Ursaluna|Ursaluna, M, shiny|100/100
|turn|23
|
|t:|1769403341
|move|p1a: Primarina|Hyper Voice|p2a: Ursaluna
|-supereffective|p2a: Ursaluna
|-damage|p2a: Ursaluna|0 fnt
|faint|p2a: Ursaluna
|-damage|p1a: Primarina|34/100|[from] item: Life Orb
|
|upkeep
|
|t:|1769403347
|switch|p2a: Excadrill|Excadrill, M, shiny|100/100
|turn|24
|
|t:|1769403353
|move|p2a: Excadrill|Protect|p2a: Excadrill
|-singleturn|p2a: Excadrill|Protect
|move|p1a: Primarina|Hyper Voice|p2a: Excadrill
|-activate|p2a: Excadrill|move: Protect
|
|upkeep
|turn|25
|
|t:|1769403362
|move|p2a: Excadrill|Rock Slide|p1a: Primarina
|-damage|p1a: Primarina|6/100
|move|p1a: Primarina|Hyper Voice|p2a: Excadrill
|-supereffective|p2a: Excadrill
|-damage|p2a: Excadrill|0 fnt
|faint|p2a: Excadrill
|-damage|p1a: Primarina|0 fnt|[from] item: Life Orb
|faint|p1a: Primarina
|
|win|rgegs
