|j|☆YeetedOne
|j|☆baakrisht
|t:|1769415542
|gametype|singles
|player|p1|YeetedOne|266|1250
|player|p2|baakrisht|102|1222
|gen|9
|tier|[Gen 9] OU
|rated|
|rule|HP Percentage Mod: HP is shown in percentages
|rule|Endless Battle Clause: Forcing endless battles is banned
|rule|Species Clause: Limit one of each Pokémon
|rule|OHKO Clause: OHKO moves are banned
|rule|Evasion Items Clause: Evasion items are banned
|rule|Evasion Moves Clause: Evasion moves are banned
|rule|Evasion Abilities Clause: Evasion abilities are banned
|rule|Sleep Moves Clause: Sleep-inducing moves are banned
|clearpoke
|poke|p1|Gholdengo|
|poke|p1|Rillaboom, F|
|poke|p1|Moltres|
|poke|p1|Ting-Lu|
|poke|p1|Iron Treads|
|poke|p1|Slowking-Galar, M|
|poke|p2|Blissey, F|
|poke|p2|Espeon, F|
|poke|p2|Goodra, F|
|poke|p2|Weezing-Galar, F|
|poke|p2|Orthworm, F|
|poke|p2|Suicune|
|teampreview
|inactive|Battle timer is ON: inactive players will automatically lose when time's up. (requested by YeetedOne)
|inactive|YeetedOne has 120 seconds left.
|
|t:|1769415579
|teamsize|p1|6
|teamsize|p2|6
|start
|switch|p1a: Iron Treads|Iron Treads|100/100
|switch|p2a: Orthworm|Orthworm, F|100/100
|-item|p1a: Iron Treads|Air Balloon
|turn|1
|
|t:|1769415585
|move|p1a: Iron Treads|Stealth Rock|p2a: Orthworm
|-sidestart|p2: baakrisht|move: Stealth Rock
|move|p2a: Orthworm|Body Press|p1a: Iron Treads
|-supereffective|p1a: Iron Treads
|-damage|p1a: Iron Treads|50/100
|-enditem|p1a: Iron Treads|Air Balloon
|
|upkeep
|turn|2
|
|t:|1769415595
|move|p1a: Iron Treads|Knock Off|p2a: Orthworm
|-damage|p2a: Orthworm|87/100
|-enditem|p2a: Orthworm|Leftovers|[from] move: Knock Off|[of] p1a: Iron Treads
|move|p2a: Orthworm|Stealth Rock|p1a: Iron Treads
|-sidestart|p1: YeetedOne|move: Stealth Rock
|
|upkeep
|turn|3
|
|t:|1769415611
|-end|p1a: Iron Treads|Quark Drive|[silent]
|switch|p1a: Gholdengo|Gholdengo|100/100
|-damage|p1a: Gholdengo|94/100|[from] Stealth Rock
|move|p2a: Orthworm|Body Press|p1a: Gholdengo
|-immune|p1a: Gholdengo
|
|upkeep
|turn|4
|inactive|YeetedOne has 120 seconds left.
|inactive|baakrisht has 120 seconds left.
|
|t:|1769415659
|switch|p2a: Weezing|Weezing-Galar, F|100/100
|-damage|p2a: Weezing|88/100|[from] Stealth Rock
|move|p1a: Gholdengo|Trick|p2a: Weezing
|-activate|p1a: Gholdengo|move: Trick|[of] p2a: Weezing
|-item|p2a: Weezing|Choice Scarf|[from] move: Trick
|-item|p1a: Gholdengo|Rocky Helmet|[from] move: Trick
|
|upkeep
|turn|5
|inactive|baakrisht has 120 seconds left.
|
|t:|1769415670
|move|p1a: Gholdengo|Make It Rain|p2a: Weezing
|-supereffective|p2a: Weezing
|-damage|p2a: Weezing|0 fnt
|-unboost|p1a: Gholdengo|spa|1
|faint|p2a: Weezing
|
|upkeep
|
|t:|1769415675
|switch|p2a: Espeon|Espeon, F|100/100
|-damage|p2a: Espeon|88/100|[from] Stealth Rock
|turn|6
|
|t:|1769415680
|-terastallize|p2a: Espeon|Normal
|move|p2a: Espeon|Shadow Ball|p1a: Gholdengo
|-supereffective|p1a: Gholdengo
|-damage|p1a: Gholdengo|44/100
|move|p1a: Gholdengo|Shadow Ball|p2a: Espeon
|-immune|p2a: Espeon
|
|upkeep
|turn|7
|
|t:|1769415691
|switch|p1a: Ting-Lu|Ting-Lu, shiny|100/100
|-damage|p1a: Ting-Lu|94/100|[from] Stealth Rock
|-ability|p1a: Ting-Lu|Vessel of Ruin
|move|p2a: Espeon|Shadow Ball|p1a: Ting-Lu
|-resisted|p1a: Ting-Lu
|-damage|p1a: Ting-Lu|89/100
|
|-heal|p1a: Ting-Lu|96/100|[from] item: Leftovers
|upkeep
|turn|8
|
|t:|1769415700
|switch|p2a: Orthworm|Orthworm, F|87/100
|-damage|p2a: Orthworm|81/100|[from] Stealth Rock
|move|p1a: Ting-Lu|Spikes|p2a: Orthworm
|-sidestart|p2: baakrisht|Spikes
|
|-heal|p1a: Ting-Lu|100/100|[from] item: Leftovers
|upkeep
|turn|9
|
|t:|1769415705
|move|p2a: Orthworm|Body Press|p1a: Ting-Lu
|-supereffective|p1a: Ting-Lu
|-damage|p1a: Ting-Lu|65/100
|move|p1a: Ting-Lu|Spikes|p2a: Orthworm
|-sidestart|p2: baakrisht|Spikes
|
|-heal|p1a: Ting-Lu|71/100|[from] item: Leftovers
|upkeep
|turn|10
|
|t:|1769415726
|switch|p2a: Espeon|Espeon, F, tera:Normal|88/100
|-damage|p2a: Espeon|76/100|[from] Stealth Rock
|-damage|p2a: Espeon|59/100|[from] Spikes
|-terastallize|p1a: Ting-Lu|Poison
|move|p1a: Ting-Lu|Spikes|p2a: Espeon
|move|p2a: Espeon|Spikes|p1a: Ting-Lu|[from] ability: Magic Bounce
|-sidestart|p1: YeetedOne|Spikes
|
|-heal|p1a: Ting-Lu|77/100|[from] item: Leftovers
|upkeep
|turn|11
|
|t:|1769415743
|switch|p1a: Rillaboom|Rillaboom, F|100/100
|-damage|p1a: Rillaboom|88/100|[from] Stealth Rock
|-damage|p1a: Rillaboom|76/100|[from] Spikes
|-fieldstart|move: Grassy Terrain|[from] ability: Grassy Surge|[of] p1a: Rillaboom
|move|p2a: Espeon|Psychic|p1a: Rillaboom
|-damage|p1a: Rillaboom|46/100
|
|-heal|p2a: Espeon|65/100|[from] Grassy Terrain
|-heal|p1a: Rillaboom|52/100|[from] Grassy Terrain
|upkeep
|turn|12
|
|t:|1769415762
|move|p1a: Rillaboom|Grassy Glide|p2a: Espeon
|-damage|p2a: Espeon|8/100
|move|p2a: Espeon|Psychic|p1a: Rillaboom
|-damage|p1a: Rillaboom|21/100
|
|-heal|p2a: Espeon|14/100|[from] Grassy Terrain
|-heal|p1a: Rillaboom|27/100|[from] Grassy Terrain
|upkeep
|turn|13
|
|t:|1769415768
|move|p1a: Rillaboom|Grassy Glide|p2a: Espeon
|-damage|p2a: Espeon|0 fnt
|faint|p2a: Espeon
|
|-heal|p1a: Rillaboom|33/100|[from] Grassy Terrain
|upkeep
|
|t:|1769415772
|switch|p2a: Orthworm|Orthworm, F|81/100
|-damage|p2a: Orthworm|75/100|[from] Stealth Rock
|-damage|p2a: Orthworm|59/100|[from] Spikes
|turn|14
|
|t:|1769415788
|move|p1a: Rillaboom|U-turn|p2a: Orthworm
|-resisted|p2a: Orthworm
|-damage|p2a: Orthworm|52/100
|
|t:|1769415791
|switch|p1a: Moltres|Moltres|100/100|[from] U-turn
|move|p2a: Orthworm|Earthquake|p1a: Moltres
|-immune|p1a: Moltres
|
|-heal|p2a: Orthworm|58/100|[from] Grassy Terrain
|upkeep
|turn|15
|
|t:|1769415797
|switch|p2a: Blissey|Blissey, F|100/100
|-damage|p2a: Blissey|88/100|[from] Stealth Rock
|-damage|p2a: Blissey|71/100|[from] Spikes
|move|p1a: Moltres|Roar|p2a: Blissey
|drag|p2a: Goodra|Goodra, F|100/100
|-damage|p2a: Goodra|88/100|[from] Stealth Rock
|-damage|p2a: Goodra|71/100|[from] Spikes
|
|-heal|p2a: Goodra|78/100|[from] Grassy Terrain
|-fieldend|move: Grassy Terrain
|upkeep
|turn|16
|
|t:|1769415809
|move|p2a: Goodra|Rain Dance|p2a: Goodra
|-weather|RainDance
|move|p1a: Moltres|U-turn|p2a: Goodra
|-damage|p2a: Goodra|60/100
|
|t:|1769415820
|switch|p1a: Slowking|Slowking-Galar, M|100/100|[from] U-turn
|-damage|p1a: Slowking|88/100|[from] Stealth Rock
|-damage|p1a: Slowking|76/100|[from] Spikes
|
|-weather|RainDance|[upkeep]
|-heal|p1a: Slowking|82/100|[from] item: Leftovers
|upkeep
|turn|17
|
|t:|1769415824
|move|p2a: Goodra|Thunder|p1a: Slowking
|-damage|p1a: Slowking|61/100
|move|p1a: Slowking|Calm Mind|p1a: Slowking
|-boost|p1a: Slowking|spa|1
|-boost|p1a: Slowking|spd|1
|
|-weather|RainDance|[upkeep]
|-heal|p1a: Slowking|68/100|[from] item: Leftovers
|upkeep
|turn|18
|
|t:|1769415832
|move|p2a: Goodra|Thunder|p1a: Slowking
|-damage|p1a: Slowking|54/100
|move|p1a: Slowking|Calm Mind|p1a: Slowking
|-boost|p1a: Slowking|spa|1
|-boost|p1a: Slowking|spd|1
|
|-weather|RainDance|[upkeep]
|-heal|p1a: Slowking|60/100|[from] item: Leftovers
|upkeep
|turn|19
|
|t:|1769415837
|move|p2a: Goodra|Thunder|p1a: Slowking
|-crit|p1a: Slowking
|-damage|p1a: Slowking|27/100
|-status|p1a: Slowking|par
|move|p1a: Slowking|Psyshock|p2a: Goodra
|-damage|p2a: Goodra|0 fnt
|faint|p2a: Goodra
|
|-weather|RainDance|[upkeep]
|-heal|p1a: Slowking|33/100 par|[from] item: Leftovers
|upkeep
|
|t:|1769415842
|switch|p2a: Blissey|Blissey, F|71/100
|-damage|p2a: Blissey|59/100|[from] Stealth Rock
|-damage|p2a: Blissey|42/100|[from] Spikes
|turn|20
|
|t:|1769415847
|move|p2a: Blissey|Soft-Boiled|p2a: Blissey
|-heal|p2a: Blissey|92/100
|move|p1a: Slowking|Slack Off|p1a: Slowking
|-heal|p1a: Slowking|83/100 par
|
|-weather|RainDance|[upkeep]
|-heal|p2a: Blissey|98/100|[from] item: Leftovers
|-heal|p1a: Slowking|89/100 par|[from] item: Leftovers
|upkeep
|turn|21
|
|t:|1769415849
|move|p2a: Blissey|Seismic Toss|p1a: Slowking
|-damage|p1a: Slowking|63/100 par
|cant|p1a: Slowking|par
|
|-weather|RainDance|[upkeep]
|-heal|p2a: Blissey|100/100|[from] item: Leftovers
|-heal|p1a: Slowking|70/100 par|[from] item: Leftovers
|upkeep
|turn|22
|
|t:|1769415853
|move|p2a: Blissey|Seismic Toss|p1a: Slowking
|-damage|p1a: Slowking|44/100 par
|move|p1a: Slowking|Psyshock|p2a: Blissey
|-damage|p2a: Blissey|0 fnt
|faint|p2a: Blissey
|
|-weather|RainDance|[upkeep]
|-heal|p1a: Slowking|50/100 par|[from] item: Leftovers
|upkeep
|-message|baakrisht forfeited.
|
|win|YeetedOne
|raw|YeetedOne's rating: 1250 &rarr; <strong>1273</strong><br />(+23 for winning)
|raw|baakrisht's rating: 1222 &rarr; <strong>1199</strong><br />(-23 for losing)
|l|☆baakrisht
|player|p2|
|l|☆YeetedOne
|player|p1|
