|j|☆bensan v
|j|☆JoseWolf22
|t:|1769435571
|gametype|singles
|player|p1|bensan v|170|
|player|p2|JoseWolf22|ghetsis|
|gen|9
|tier|[Gen 9] OU
|rule|HP Percentage Mod: HP is shown in percentages
|rule|Endless Battle Clause: Forcing endless battles is banned
|rule|Species Clause: Limit one of each Pokémon
|rule|OHKO Clause: OHKO moves are banned
|rule|Evasion Items Clause: Evasion items are banned
|rule|Evasion Moves Clause: Evasion moves are banned
|rule|Evasion Abilities Clause: Evasion abilities are banned
|rule|Sleep Moves Clause: Sleep-inducing moves are banned
|clearpoke
|poke|p1|Mimikyu, F|
|poke|p1|Ogerpon-Wellspring, F|
|poke|p1|Kingambit, F|
|poke|p1|Raging Bolt|
|poke|p1|Galvantula, M|
|poke|p1|Iron Valiant|
|poke|p2|Zamazenta-*|
|poke|p2|Ogerpon-Wellspring, F|
|poke|p2|Slowking-Galar, M|
|poke|p2|Great Tusk|
|poke|p2|Kingambit, M|
|poke|p2|Moltres|
|teampreview
|
|t:|1769435583
|teamsize|p1|6
|teamsize|p2|6
|start
|switch|p1a: Galvantula|Galvantula, M|100/100
|switch|p2a: Slowking|Slowking-Galar, M|100/100
|turn|1
|
|t:|1769435590
|move|p1a: Galvantula|Sticky Web|p2a: Slowking
|-sidestart|p2: JoseWolf22|move: Sticky Web
|move|p2a: Slowking|Flamethrower|p1a: Galvantula
|-supereffective|p1a: Galvantula
|-damage|p1a: Galvantula|0 fnt
|faint|p1a: Galvantula
|
|upkeep
|
|t:|1769435601
|switch|p1a: Mimikyu|Mimikyu, F|100/100
|turn|2
|
|t:|1769435605
|move|p1a: Mimikyu|Swords Dance|p1a: Mimikyu
|-boost|p1a: Mimikyu|atk|2
|move|p2a: Slowking|Sludge Bomb|p1a: Mimikyu
|-activate|p1a: Mimikyu|ability: Disguise
|-damage|p1a: Mimikyu|100/100
|detailschange|p1a: Mimikyu|Mimikyu-Busted, F
|-damage|p1a: Mimikyu|88/100|[from] pokemon: Mimikyu-Busted
|
|upkeep
|turn|3
|
|t:|1769435624
|switch|p2a: Moltres|Moltres|100/100
|move|p1a: Mimikyu|Shadow Sneak|p2a: Moltres
|-damage|p2a: Moltres|78/100
|
|upkeep
|turn|4
|
|t:|1769435635
|move|p1a: Mimikyu|Play Rough|p2a: Moltres
|-resisted|p2a: Moltres
|-damage|p2a: Moltres|55/100
|move|p2a: Moltres|Will-O-Wisp|p1a: Mimikyu
|-status|p1a: Mimikyu|brn
|
|-damage|p1a: Mimikyu|82/100 brn|[from] brn
|upkeep
|turn|5
|
|t:|1769435651
|switch|p1a: Ogerpon|Ogerpon-Wellspring, F|100/100
|move|p2a: Moltres|Roost|p2a: Moltres
|-heal|p2a: Moltres|100/100
|-singleturn|p2a: Moltres|move: Roost
|
|upkeep
|turn|6
|
|t:|1769435659
|move|p1a: Ogerpon|Swords Dance|p1a: Ogerpon
|-boost|p1a: Ogerpon|atk|2
|move|p2a: Moltres|Will-O-Wisp|p1a: Ogerpon
|-status|p1a: Ogerpon|brn
|
|-damage|p1a: Ogerpon|95/100 brn|[from] brn
|upkeep
|turn|7
|
|t:|1769435676
|-terastallize|p1a: Ogerpon|Water
|detailschange|p1a: Ogerpon|Ogerpon-Wellspring-Tera, F, tera:Water
|-ability|p1a: Ogerpon|Embody Aspect (Wellspring)|boost
|-boost|p1a: Ogerpon|spd|1
|move|p1a: Ogerpon|Ivy Cudgel|p2a: Moltres|[anim] Ivy Cudgel Water
|-supereffective|p2a: Moltres
|-damage|p2a: Moltres|0 fnt
|faint|p2a: Moltres
|
|-damage|p1a: Ogerpon|89/100 brn|[from] brn
|upkeep
|
|t:|1769435688
|switch|p2a: Ogerpon|Ogerpon-Wellspring, F|100/100
|-activate|p2a: Ogerpon|move: Sticky Web
|-unboost|p2a: Ogerpon|spe|1
|turn|8
|
|t:|1769435693
|move|p1a: Ogerpon|Horn Leech|p2a: Ogerpon
|-damage|p2a: Ogerpon|44/100
|-heal|p1a: Ogerpon|100/100 brn|[from] drain|[of] p2a: Ogerpon
|move|p2a: Ogerpon|U-turn|p1a: Ogerpon
|-crit|p1a: Ogerpon
|-damage|p1a: Ogerpon|46/100 brn
|
|t:|1769435707
|switch|p2a: Zamazenta|Zamazenta|100/100|[from] U-turn
|-ability|p2a: Zamazenta|Dauntless Shield|boost
|-boost|p2a: Zamazenta|def|1
|
|-damage|p1a: Ogerpon|40/100 brn|[from] brn
|upkeep
|turn|9
|
|t:|1769435716
|move|p2a: Zamazenta|Close Combat|p1a: Ogerpon
|-damage|p1a: Ogerpon|0 fnt
|-unboost|p2a: Zamazenta|def|1
|-unboost|p2a: Zamazenta|spd|1
|faint|p1a: Ogerpon
|detailschange|p1: Ogerpon|Ogerpon-Wellspring, F|[silent]
|
|upkeep
|
|t:|1769435722
|switch|p1a: Iron Valiant|Iron Valiant|100/100
|-enditem|p1a: Iron Valiant|Booster Energy
|-activate|p1a: Iron Valiant|ability: Quark Drive|[fromitem]
|-start|p1a: Iron Valiant|quarkdrivespe
|turn|10
|
|t:|1769435733
|switch|p2a: Slowking|Slowking-Galar, M|100/100
|-activate|p2a: Slowking|move: Sticky Web
|-unboost|p2a: Slowking|spe|1
|move|p1a: Iron Valiant|Spirit Break|p2a: Slowking
|-resisted|p2a: Slowking
|-damage|p2a: Slowking|81/100
|-unboost|p2a: Slowking|spa|1
|
|upkeep
|turn|11
|
|t:|1769435743
|move|p1a: Iron Valiant|Psycho Cut|p2a: Slowking
|-damage|p2a: Slowking|57/100
|move|p2a: Slowking|Sludge Bomb|p1a: Iron Valiant
|-supereffective|p1a: Iron Valiant
|-damage|p1a: Iron Valiant|2/100
|
|upkeep
|turn|12
|
|t:|1769435753
|move|p1a: Iron Valiant|Leaf Blade|p2a: Slowking
|-resisted|p2a: Slowking
|-damage|p2a: Slowking|40/100
|move|p2a: Slowking|Flamethrower|p1a: Iron Valiant
|-damage|p1a: Iron Valiant|0 fnt
|faint|p1a: Iron Valiant
|-end|p1a: Iron Valiant|Quark Drive|[silent]
|
|upkeep
|
|t:|1769435759
|switch|p1a: Raging Bolt|Raging Bolt|100/100
|-enditem|p1a: Raging Bolt|Booster Energy
|-activate|p1a: Raging Bolt|ability: Protosynthesis|[fromitem]
|-start|p1a: Raging Bolt|protosynthesisspa
|turn|13
|
|t:|1769435790
|switch|p2a: Ogerpon|Ogerpon-Wellspring, F|44/100
|-activate|p2a: Ogerpon|move: Sticky Web
|-unboost|p2a: Ogerpon|spe|1
|move|p1a: Raging Bolt|Dragon Pulse|p2a: Ogerpon
|-damage|p2a: Ogerpon|0 fnt
|faint|p2a: Ogerpon
|
|upkeep
|
|t:|1769435806
|switch|p2a: Slowking|Slowking-Galar, M|73/100
|-activate|p2a: Slowking|move: Sticky Web
|-unboost|p2a: Slowking|spe|1
|turn|14
|
|t:|1769435816
|move|p1a: Raging Bolt|Thunderclap|p2a: Slowking
|-damage|p2a: Slowking|43/100
|move|p2a: Slowking|Ice Beam|p1a: Raging Bolt
|-supereffective|p1a: Raging Bolt
|-damage|p1a: Raging Bolt|53/100
|
|upkeep
|turn|15
|
|t:|1769435825
|move|p1a: Raging Bolt|Ancient Power|p2a: Slowking
|-damage|p2a: Slowking|28/100
|move|p2a: Slowking|Ice Beam|p1a: Raging Bolt
|-supereffective|p1a: Raging Bolt
|-damage|p1a: Raging Bolt|4/100
|
|upkeep
|turn|16
|
|t:|1769435832
|move|p1a: Raging Bolt|Thunderclap|p2a: Slowking
|-damage|p2a: Slowking|0 fnt
|faint|p2a: Slowking
|
|upkeep
|
|t:|1769435842
|switch|p2a: Kingambit|Kingambit, M|100/100
|-activate|p2a: Kingambit|move: Sticky Web
|-unboost|p2a: Kingambit|spe|1
|-activate|p2a: Kingambit|ability: Supreme Overlord
|-start|p2a: Kingambit|fallen3|[silent]
|turn|17
|
|t:|1769435851
|move|p1a: Raging Bolt|Thunderclap|p2a: Kingambit
|-damage|p2a: Kingambit|46/100
|move|p2a: Kingambit|Kowtow Cleave|p1a: Raging Bolt
|-damage|p1a: Raging Bolt|0 fnt
|faint|p1a: Raging Bolt
|-end|p1a: Raging Bolt|Protosynthesis|[silent]
|
|-heal|p2a: Kingambit|52/100|[from] item: Leftovers
|upkeep
|
|t:|1769435857
|switch|p1a: Kingambit|Kingambit, F|100/100
|-activate|p1a: Kingambit|ability: Supreme Overlord
|-start|p1a: Kingambit|fallen4|[silent]
|turn|18
|
|t:|1769435864
|-end|p2a: Kingambit|fallen3|[silent]
|switch|p2a: Great Tusk|Great Tusk|100/100
|-activate|p2a: Great Tusk|move: Sticky Web
|-unboost|p2a: Great Tusk|spe|1
|move|p1a: Kingambit|Swords Dance|p1a: Kingambit
|-boost|p1a: Kingambit|atk|2
|
|upkeep
|turn|19
|
|t:|1769435879
|move|p2a: Great Tusk|Headlong Rush|p1a: Kingambit
|-supereffective|p1a: Kingambit
|-damage|p1a: Kingambit|16/100
|-unboost|p2a: Great Tusk|def|1
|-unboost|p2a: Great Tusk|spd|1
|move|p1a: Kingambit|Iron Head|p2a: Great Tusk
|-damage|p2a: Great Tusk|0 fnt
|-damage|p1a: Kingambit|0 fnt|[from] item: Rocky Helmet|[of] p2a: Great Tusk
|faint|p2a: Great Tusk
|-end|p2a: Great Tusk|Protosynthesis|[silent]
|faint|p1a: Kingambit
|-end|p1a: Kingambit|fallen4|[silent]
|
|upkeep
|
|t:|1769435891
|switch|p2a: Zamazenta|Zamazenta|100/100
|switch|p1a: Mimikyu|Mimikyu-Busted, F|82/100 brn
|turn|20
|
|t:|1769435897
|-terastallize|p2a: Zamazenta|Steel
|move|p2a: Zamazenta|Heavy Slam|p1a: Mimikyu
|-supereffective|p1a: Mimikyu
|-damage|p1a: Mimikyu|0 fnt
|faint|p1a: Mimikyu
|
|win|JoseWolf22
|c|☆bensan v|Gag
|c|☆bensan v|GG
|c|☆JoseWolf22|Gg
