|j|☆Hybbridd
|j|☆two time frank
|t:|1769378236
|gametype|singles
|player|p1|Hybbridd|lucas-gen4pt|1716
|player|p2|two time frank|ghetsis-gen5bw|1675
|gen|9
|tier|[Gen 9] OU
|rated|
|rule|HP Percentage Mod: HP is shown in percentages
|rule|Endless Battle Clause: Forcing endless battles is banned
|rule|Species Clause: Limit one of each Pokémon
|rule|OHKO Clause: OHKO moves are banned
|rule|Evasion Items Clause: Evasion items are banned
|rule|Evasion Moves Clause: Evasion moves are banned
|rule|Evasion Abilities Clause: Evasion abilities are banned
|rule|Sleep Moves Clause: Sleep-inducing moves are banned
|clearpoke
|poke|p1|Landorus-Therian, M|
|poke|p1|Samurott-Hisui, F|
|poke|p1|Pecharunt|
|poke|p1|Scizor, F|
|poke|p1|Latios, M|
|poke|p1|Zamazenta-*|
|poke|p2|Tinkaton, F|
|poke|p2|Ogerpon, F|
|poke|p2|Great Tusk|
|poke|p2|Pecharunt|
|poke|p2|Alomomola, M|
|poke|p2|Hydreigon, M|
|teampreview
|j| dendar
|
|t:|1769378275
|teamsize|p1|6
|teamsize|p2|6
|start
|switch|p1a: Scizor|Scizor, F|100/100
|switch|p2a: Hybrid|Hydreigon, M, shiny|100/100
|turn|1
|inactive|Battle timer is ON: inactive players will automatically lose when time's up. (requested by two time frank)
|
|t:|1769378304
|switch|p2a: Anonymous|Ogerpon, F|100/100
|switch|p1a: Samurott|Samurott-Hisui, F|100/100
|
|upkeep
|turn|2
|
|t:|1769378317
|switch|p1a: Pecharunt|Pecharunt|100/100
|move|p2a: Anonymous|U-turn|p1a: Pecharunt
|-resisted|p1a: Pecharunt
|-damage|p1a: Pecharunt|95/100
|
|t:|1769378322
|switch|p2a: Hybrid|Hydreigon, M, shiny|100/100|[from] U-turn
|
|upkeep
|turn|3
|
|t:|1769378338
|switch|p1a: Samurott|Samurott-Hisui, F|100/100
|move|p2a: Hybrid|Draco Meteor|p1a: Samurott|[miss]
|-miss|p2a: Hybrid|p1a: Samurott
|
|upkeep
|turn|4
|j| Ctannn
|
|t:|1769378352
|switch|p2a: Smile.exe|Tinkaton, F, shiny|100/100
|-item|p2a: Smile.exe|Air Balloon
|move|p1a: Samurott|Ceaseless Edge|p2a: Smile.exe
|-resisted|p2a: Smile.exe
|-damage|p2a: Smile.exe|70/100
|-enditem|p2a: Smile.exe|Air Balloon
|-sidestart|p2: two time frank|Spikes
|-enditem|p1a: Samurott|Assault Vest|[silent]|[from] ability: Pickpocket|[of] p1a: Samurott
|-item|p2a: Smile.exe|Assault Vest|[from] ability: Pickpocket|[of] p1a: Samurott
|
|upkeep
|turn|5
|
|t:|1769378370
|switch|p2a: Behemoth|Great Tusk, shiny|100/100
|move|p1a: Samurott|Ceaseless Edge|p2a: Behemoth
|-resisted|p2a: Behemoth
|-crit|p2a: Behemoth
|-damage|p2a: Behemoth|73/100
|-sidestart|p2: two time frank|Spikes
|
|upkeep
|turn|6
|
|t:|1769378378
|move|p2a: Behemoth|Close Combat|p1a: Samurott
|-supereffective|p1a: Samurott
|-damage|p1a: Samurott|0 fnt
|-unboost|p2a: Behemoth|def|1
|-unboost|p2a: Behemoth|spd|1
|faint|p1a: Samurott
|
|upkeep
|
|t:|1769378401
|switch|p1a: Landorus|Landorus-Therian, M|100/100
|-ability|p1a: Landorus|Intimidate|boost
|-unboost|p2a: Behemoth|atk|1
|turn|7
|
|t:|1769378407
|move|p1a: Landorus|U-turn|p2a: Behemoth
|-resisted|p2a: Behemoth
|-damage|p2a: Behemoth|62/100
|
|t:|1769378410
|switch|p1a: Pecharunt|Pecharunt|95/100|[from] U-turn
|move|p2a: Behemoth|Rapid Spin|p1a: Pecharunt
|-immune|p1a: Pecharunt
|
|upkeep
|turn|8
|
|t:|1769378430
|-end|p2a: Behemoth|Protosynthesis|[silent]
|switch|p2a: Pisces|Alomomola, M, shiny|100/100
|-damage|p2a: Pisces|84/100|[from] Spikes
|move|p1a: Pecharunt|Parting Shot|p2a: Pisces
|-unboost|p2a: Pisces|atk|1
|-unboost|p2a: Pisces|spa|1
|
|t:|1769378434
|switch|p1a: Scizor|Scizor, F|100/100|[from] Parting Shot
|
|upkeep
|turn|9
|
|t:|1769378440
|move|p1a: Scizor|Swords Dance|p1a: Scizor
|-boost|p1a: Scizor|atk|2
|move|p2a: Pisces|Flip Turn|p1a: Scizor
|-damage|p1a: Scizor|88/100
|
|t:|1769378457
|switch|p2a: Smile.exe|Tinkaton, F, shiny|70/100|[from] Flip Turn
|-damage|p2a: Smile.exe|54/100|[from] Spikes
|
|upkeep
|turn|10
|
|t:|1769378468
|move|p1a: Scizor|Bullet Punch|p2a: Smile.exe
|-damage|p2a: Smile.exe|0 fnt
|faint|p2a: Smile.exe
|
|upkeep
|inactive|two time frank has 120 seconds left.
|
|t:|1769378487
|switch|p2a: Overseer|Pecharunt|100/100
|-damage|p2a: Overseer|84/100|[from] Spikes
|turn|11
|inactive|two time frank has 120 seconds left.
|
|t:|1769378500
|move|p1a: Scizor|Swords Dance|p1a: Scizor
|-boost|p1a: Scizor|atk|2
|move|p2a: Overseer|Parting Shot|p1a: Scizor
|-unboost|p1a: Scizor|atk|1
|-unboost|p1a: Scizor|spa|1
|inactive|two time frank has 120 seconds left.
|
|t:|1769378505
|switch|p2a: Hybrid|Hydreigon, M, shiny|100/100|[from] Parting Shot
|
|upkeep
|turn|12
|
|t:|1769378512
|-terastallize|p2a: Hybrid|Steel
|move|p1a: Scizor|Bullet Punch|p2a: Hybrid
|-resisted|p2a: Hybrid
|-damage|p2a: Hybrid|54/100
|move|p2a: Hybrid|Dark Pulse|p1a: Scizor
|-damage|p1a: Scizor|0 fnt
|faint|p1a: Scizor
|
|upkeep
|
|t:|1769378529
|switch|p1a: Zamazenta|Zamazenta|100/100
|-ability|p1a: Zamazenta|Dauntless Shield|boost
|-boost|p1a: Zamazenta|def|1
|turn|13
|
|t:|1769378538
|switch|p2a: Overseer|Pecharunt|84/100
|-damage|p2a: Overseer|67/100|[from] Spikes
|move|p1a: Zamazenta|Roar|p2a: Overseer
|drag|p2a: Pisces|Alomomola, M, shiny|100/100
|-damage|p2a: Pisces|84/100|[from] Spikes
|
|upkeep
|turn|14
|
|t:|1769378551
|move|p2a: Pisces|Play Rough|p1a: Zamazenta|[miss]
|-miss|p2a: Pisces|p1a: Zamazenta
|move|p1a: Zamazenta|Roar|p2a: Pisces
|drag|p2a: Overseer|Pecharunt|67/100
|-damage|p2a: Overseer|51/100|[from] Spikes
|
|upkeep
|turn|15
|
|t:|1769378560
|switch|p1a: Pecharunt|Pecharunt|95/100
|move|p2a: Overseer|Recover|p2a: Overseer
|-heal|p2a: Overseer|100/100
|
|upkeep
|turn|16
|
|t:|1769378567
|move|p1a: Pecharunt|Shadow Ball|p2a: Overseer
|-supereffective|p2a: Overseer
|-damage|p2a: Overseer|54/100
|move|p2a: Overseer|Parting Shot|p1a: Pecharunt
|-unboost|p1a: Pecharunt|atk|1
|-unboost|p1a: Pecharunt|spa|1
|
|t:|1769378574
|switch|p2a: Hybrid|Hydreigon, M, shiny, tera:Steel|54/100|[from] Parting Shot
|
|upkeep
|turn|17
|
|t:|1769378595
|switch|p1a: Landorus|Landorus-Therian, M|100/100
|-ability|p1a: Landorus|Intimidate|boost
|-unboost|p2a: Hybrid|atk|1
|move|p2a: Hybrid|Draco Meteor|p1a: Landorus
|-damage|p1a: Landorus|0 fnt
|-unboost|p2a: Hybrid|spa|2
|faint|p1a: Landorus
|
|upkeep
|
|t:|1769378597
|switch|p1a: Latios|Latios, M|100/100
|turn|18
|inactive|two time frank has 120 seconds left.
|
|t:|1769378639
|switch|p2a: Pisces|Alomomola, M, shiny|100/100
|-damage|p2a: Pisces|84/100|[from] Spikes
|-terastallize|p1a: Latios|Steel
|move|p1a: Latios|Calm Mind|p1a: Latios
|-boost|p1a: Latios|spa|1
|-boost|p1a: Latios|spd|1
|
|upkeep
|turn|19
|
|t:|1769378652
|move|p1a: Latios|Calm Mind|p1a: Latios
|-boost|p1a: Latios|spa|1
|-boost|p1a: Latios|spd|1
|move|p2a: Pisces|Mirror Coat||[still]
|-fail|p2a: Pisces
|
|upkeep
|turn|20
|
|t:|1769378656
|move|p1a: Latios|Calm Mind|p1a: Latios
|-boost|p1a: Latios|spa|1
|-boost|p1a: Latios|spd|1
|move|p2a: Pisces|Flip Turn|p1a: Latios
|-damage|p1a: Latios|77/100
|
|t:|1769378659
|switch|p2a: Anonymous|Ogerpon, F|100/100|[from] Flip Turn
|-damage|p2a: Anonymous|84/100|[from] Spikes
|
|upkeep
|turn|21
|
|t:|1769378674
|move|p2a: Anonymous|U-turn|p1a: Latios
|-resisted|p1a: Latios
|-damage|p1a: Latios|54/100
|inactive|two time frank has 120 seconds left.
|
|t:|1769378691
|switch|p2a: Pisces|Alomomola, M, shiny|100/100|[from] U-turn
|-damage|p2a: Pisces|84/100|[from] Spikes
|move|p1a: Latios|Recover|p1a: Latios
|-heal|p1a: Latios|100/100
|
|upkeep
|turn|22
|inactive|two time frank has 120 seconds left.
|
|t:|1769378701
|move|p1a: Latios|Calm Mind|p1a: Latios
|-boost|p1a: Latios|spa|1
|-boost|p1a: Latios|spd|1
|move|p2a: Pisces|Flip Turn|p1a: Latios
|-damage|p1a: Latios|77/100
|
|t:|1769378705
|switch|p2a: Anonymous|Ogerpon, F|84/100|[from] Flip Turn
|-damage|p2a: Anonymous|67/100|[from] Spikes
|
|upkeep
|turn|23
|
|t:|1769378710
|move|p2a: Anonymous|Knock Off|p1a: Latios
|-damage|p1a: Latios|12/100
|-enditem|p1a: Latios|Soul Dew|[from] move: Knock Off|[of] p2a: Anonymous
|move|p1a: Latios|Recover|p1a: Latios
|-heal|p1a: Latios|62/100
|
|upkeep
|turn|24
|j| xujinhuan
|inactive|two time frank has 120 seconds left.
|
|t:|1769378739
|switch|p2a: Behemoth|Great Tusk, shiny|62/100
|move|p1a: Latios|Recover|p1a: Latios
|-heal|p1a: Latios|100/100
|
|upkeep
|turn|25
|
|t:|1769378746
|move|p1a: Latios|Psychic Noise|p2a: Behemoth
|-supereffective|p2a: Behemoth
|-damage|p2a: Behemoth|0 fnt
|faint|p2a: Behemoth
|-end|p2a: Behemoth|Protosynthesis|[silent]
|
|upkeep
|
|t:|1769378749
|switch|p2a: Pisces|Alomomola, M, shiny|100/100
|-damage|p2a: Pisces|84/100|[from] Spikes
|turn|26
|
|t:|1769378755
|move|p1a: Latios|Draco Meteor|p2a: Pisces|[miss]
|-miss|p1a: Latios|p2a: Pisces
|move|p2a: Pisces|Mirror Coat||[still]
|-fail|p2a: Pisces
|
|upkeep
|turn|27
|
|t:|1769378762
|move|p1a: Latios|Draco Meteor|p2a: Pisces|[miss]
|-miss|p1a: Latios|p2a: Pisces
|move|p2a: Pisces|Mirror Coat||[still]
|-fail|p2a: Pisces
|
|upkeep
|turn|28
|
|t:|1769378774
|move|p1a: Latios|Draco Meteor|p2a: Pisces
|-damage|p2a: Pisces|0 fnt
|-unboost|p1a: Latios|spa|2
|faint|p2a: Pisces
|
|upkeep
|-message|two time frank forfeited.
|
|win|Hybbridd
|raw|Hybbridd's rating: 1716 &rarr; <strong>1734</strong><br />(+18 for winning)
|raw|two time frank's rating: 1675 &rarr; <strong>1657</strong><br />(-18 for losing)
|c|☆Hybbridd|gg
|l| Ctannn
|l|☆two time frank
|player|p2|
|l|☆Hybbridd
|player|p1|
