|j|☆turquoiselink
|j|☆Yaoshi
|t:|1769389455
|gametype|singles
|player|p1|turquoiselink|2|1545
|player|p2|Yaoshi|silver-masters|1584
|gen|9
|tier|[Gen 9] OU
|rated|
|rule|HP Percentage Mod: HP is shown in percentages
|rule|Endless Battle Clause: Forcing endless battles is banned
|rule|Species Clause: Limit one of each Pokémon
|rule|OHKO Clause: OHKO moves are banned
|rule|Evasion Items Clause: Evasion items are banned
|rule|Evasion Moves Clause: Evasion moves are banned
|rule|Evasion Abilities Clause: Evasion abilities are banned
|rule|Sleep Moves Clause: Sleep-inducing moves are banned
|clearpoke
|poke|p1|Cyclizar, F|
|poke|p1|Alomomola, F|
|poke|p1|Corviknight, F|
|poke|p1|Raging Bolt|
|poke|p1|Ting-Lu|
|poke|p1|Pecharunt|
|poke|p2|Cinderace, F|
|poke|p2|Darkrai|
|poke|p2|Dragonite, F|
|poke|p2|Snorlax, M|
|poke|p2|Primarina, F|
|poke|p2|Skarmory, M|
|teampreview
|inactive|Battle timer is ON: inactive players will automatically lose when time's up. (requested by Yaoshi)
|
|t:|1769389484
|teamsize|p1|6
|teamsize|p2|6
|start
|switch|p1a: Cyclizar|Cyclizar, F|100/100
|switch|p2a: Babe Ruth|Darkrai, shiny|100/100
|turn|1
|
|t:|1769389493
|switch|p1a: Alomomola|Alomomola, F|100/100
|move|p2a: Babe Ruth|Focus Blast|p1a: Alomomola|[miss]
|-miss|p2a: Babe Ruth|p1a: Alomomola
|
|upkeep
|turn|2
|
|t:|1769389501
|move|p2a: Babe Ruth|Will-O-Wisp|p1a: Alomomola
|-status|p1a: Alomomola|brn
|move|p1a: Alomomola|Flip Turn|p2a: Babe Ruth
|-damage|p2a: Babe Ruth|90/100
|
|t:|1769389516
|switch|p1a: Raging Bolt|Raging Bolt|100/100|[from] Flip Turn
|
|-heal|p2a: Babe Ruth|96/100|[from] item: Leftovers
|upkeep
|turn|3
|
|t:|1769389520
|switch|p2a: Homerun|Snorlax, M, shiny|100/100
|move|p1a: Raging Bolt|Volt Switch|p2a: Homerun
|-damage|p2a: Homerun|72/100
|
|t:|1769389543
|-end|p1a: Raging Bolt|Protosynthesis|[silent]
|switch|p1a: Pecharunt|Pecharunt|100/100|[from] Volt Switch
|
|upkeep
|turn|4
|
|t:|1769389546
|switch|p2a: Oz Smith|Skarmory, M, shiny|100/100
|move|p1a: Pecharunt|Malignant Chain|p2a: Oz Smith
|-immune|p2a: Oz Smith
|
|upkeep
|turn|5
|
|t:|1769389550
|switch|p2a: Babe Ruth|Darkrai, shiny|96/100
|move|p1a: Pecharunt|Nasty Plot|p1a: Pecharunt
|-boost|p1a: Pecharunt|spa|2
|
|-heal|p2a: Babe Ruth|100/100|[from] item: Leftovers
|upkeep
|turn|6
|
|t:|1769389555
|switch|p1a: Alomomola|Alomomola, F|100/100 brn
|move|p2a: Babe Ruth|Dark Pulse|p1a: Alomomola
|-damage|p1a: Alomomola|79/100 brn
|
|-damage|p1a: Alomomola|73/100 brn|[from] brn
|upkeep
|turn|7
|
|t:|1769389560
|move|p2a: Babe Ruth|Dark Pulse|p1a: Alomomola
|-damage|p1a: Alomomola|52/100 brn
|move|p1a: Alomomola|Flip Turn|p2a: Babe Ruth
|-damage|p2a: Babe Ruth|90/100
|
|t:|1769389571
|switch|p1a: Raging Bolt|Raging Bolt|100/100|[from] Flip Turn
|
|-heal|p2a: Babe Ruth|96/100|[from] item: Leftovers
|upkeep
|turn|8
|
|t:|1769389578
|move|p2a: Babe Ruth|Dark Pulse|p1a: Raging Bolt
|-damage|p1a: Raging Bolt|59/100
|move|p1a: Raging Bolt|Thunderbolt|p2a: Babe Ruth
|-damage|p2a: Babe Ruth|10/100
|
|-heal|p2a: Babe Ruth|16/100|[from] item: Leftovers
|upkeep
|turn|9
|
|t:|1769389585
|switch|p2a: Homerun|Snorlax, M, shiny|72/100
|move|p1a: Raging Bolt|Thunderbolt|p2a: Homerun
|-damage|p2a: Homerun|39/100
|-enditem|p2a: Homerun|Figy Berry|[eat]
|-heal|p2a: Homerun|72/100|[from] item: Figy Berry
|
|upkeep
|turn|10
|
|t:|1769389593
|move|p1a: Raging Bolt|Thunderbolt|p2a: Homerun
|-damage|p2a: Homerun|36/100
|-status|p2a: Homerun|par
|move|p2a: Homerun|Earthquake|p1a: Raging Bolt
|-supereffective|p1a: Raging Bolt
|-damage|p1a: Raging Bolt|5/100
|
|upkeep
|turn|11
|
|t:|1769389599
|move|p1a: Raging Bolt|Thunderbolt|p2a: Homerun
|-damage|p2a: Homerun|3/100 par
|cant|p2a: Homerun|par
|
|upkeep
|turn|12
|
|t:|1769389604
|move|p1a: Raging Bolt|Thunderbolt|p2a: Homerun
|-damage|p2a: Homerun|0 fnt
|faint|p2a: Homerun
|
|upkeep
|
|t:|1769389607
|switch|p2a: Ohtani|Dragonite, F|100/100
|turn|13
|
|t:|1769389623
|-end|p1a: Raging Bolt|Protosynthesis|[silent]
|switch|p1a: Pecharunt|Pecharunt|100/100
|move|p2a: Ohtani|Extreme Speed|p1a: Pecharunt
|-immune|p1a: Pecharunt
|
|upkeep
|turn|14
|
|t:|1769389631
|switch|p2a: Oz Smith|Skarmory, M, shiny|100/100
|move|p1a: Pecharunt|Nasty Plot|p1a: Pecharunt
|-boost|p1a: Pecharunt|spa|2
|
|upkeep
|turn|15
|
|t:|1769389638
|move|p1a: Pecharunt|Shadow Ball|p2a: Oz Smith
|-damage|p2a: Oz Smith|9/100
|move|p2a: Oz Smith|Whirlwind|p1a: Pecharunt
|drag|p1a: Cyclizar|Cyclizar, F|100/100
|
|upkeep
|turn|16
|j| LegitLadderingInc
|
|t:|1769389663
|move|p1a: Cyclizar|Knock Off|p2a: Oz Smith
|-damage|p2a: Oz Smith|0 fnt
|-damage|p1a: Cyclizar|84/100|[from] item: Rocky Helmet|[of] p2a: Oz Smith
|-enditem|p2a: Oz Smith|Rocky Helmet|[from] move: Knock Off|[of] p1a: Cyclizar
|faint|p2a: Oz Smith
|-damage|p1a: Cyclizar|74/100|[from] item: Life Orb
|
|upkeep
|
|t:|1769389669
|switch|p2a: Babe Ruth|Darkrai, shiny|16/100
|turn|17
|
|t:|1769389676
|switch|p1a: Alomomola|Alomomola, F|86/100 brn
|move|p2a: Babe Ruth|Focus Blast|p1a: Alomomola
|-damage|p1a: Alomomola|62/100 brn
|
|-heal|p2a: Babe Ruth|22/100|[from] item: Leftovers
|-damage|p1a: Alomomola|56/100 brn|[from] brn
|upkeep
|turn|18
|
|t:|1769389683
|switch|p2a: Ayami Sato|Primarina, F, shiny|100/100
|move|p1a: Alomomola|Flip Turn|p2a: Ayami Sato
|-resisted|p2a: Ayami Sato
|-damage|p2a: Ayami Sato|97/100
|
|t:|1769389693
|switch|p1a: Raging Bolt|Raging Bolt|5/100|[from] Flip Turn
|
|-heal|p2a: Ayami Sato|100/100|[from] item: Leftovers
|upkeep
|turn|19
|inactive|Yaoshi has 120 seconds left.
|
|t:|1769389737
|switch|p2a: One Hit Wonder|Cinderace, F|100/100
|move|p1a: Raging Bolt|Volt Switch|p2a: One Hit Wonder
|-damage|p2a: One Hit Wonder|25/100
|
|t:|1769389744
|-end|p1a: Raging Bolt|Protosynthesis|[silent]
|switch|p1a: Alomomola|Alomomola, F|90/100 brn|[from] Volt Switch
|
|-damage|p1a: Alomomola|83/100 brn|[from] brn
|upkeep
|turn|20
|inactive|Yaoshi has 120 seconds left.
|inactive|Yaoshi has 90 seconds left.
|
|t:|1769389779
|switch|p2a: Babe Ruth|Darkrai, shiny|22/100
|move|p1a: Alomomola|Flip Turn|p2a: Babe Ruth
|-damage|p2a: Babe Ruth|11/100
|
|t:|1769389794
|switch|p1a: Ting-Lu|Ting-Lu|100/100|[from] Flip Turn
|-ability|p1a: Ting-Lu|Vessel of Ruin
|
|-heal|p2a: Babe Ruth|18/100|[from] item: Leftovers
|upkeep
|turn|21
|
|t:|1769389804
|move|p2a: Babe Ruth|Will-O-Wisp|p1a: Ting-Lu
|-status|p1a: Ting-Lu|brn
|move|p1a: Ting-Lu|Earthquake|p2a: Babe Ruth
|-damage|p2a: Babe Ruth|0 fnt
|faint|p2a: Babe Ruth
|
|-damage|p1a: Ting-Lu|94/100 brn|[from] brn
|upkeep
|
|t:|1769389807
|switch|p2a: Ayami Sato|Primarina, F, shiny|100/100
|turn|22
|
|t:|1769389818
|move|p2a: Ayami Sato|Calm Mind|p2a: Ayami Sato
|-boost|p2a: Ayami Sato|spa|1
|-boost|p2a: Ayami Sato|spd|1
|move|p1a: Ting-Lu|Ruination|p2a: Ayami Sato
|-damage|p2a: Ayami Sato|50/100
|
|-heal|p2a: Ayami Sato|57/100|[from] item: Leftovers
|-heal|p1a: Ting-Lu|100/100 brn|[from] item: Leftovers
|-damage|p1a: Ting-Lu|94/100 brn|[from] brn
|upkeep
|turn|23
|inactive|Yaoshi has 120 seconds left.
|inactive|Yaoshi has 90 seconds left.
|inactive|Yaoshi has 60 seconds left.
|
|t:|1769389896
|move|p2a: Ayami Sato|Calm Mind|p2a: Ayami Sato
|-boost|p2a: Ayami Sato|spa|1
|-boost|p2a: Ayami Sato|spd|1
|move|p1a: Ting-Lu|Whirlwind|p2a: Ayami Sato
|drag|p2a: Ohtani|Dragonite, F|100/100
|
|-heal|p1a: Ting-Lu|100/100 brn|[from] item: Leftovers
|-damage|p1a: Ting-Lu|94/100 brn|[from] brn
|upkeep
|turn|24
|
|t:|1769389902
|move|p2a: Ohtani|Ice Spinner|p1a: Ting-Lu
|-supereffective|p1a: Ting-Lu
|-damage|p1a: Ting-Lu|43/100 brn
|move|p1a: Ting-Lu|Ruination|p2a: Ohtani
|-damage|p2a: Ohtani|50/100
|
|-heal|p1a: Ting-Lu|50/100 brn|[from] item: Leftovers
|-damage|p1a: Ting-Lu|43/100 brn|[from] brn
|upkeep
|turn|25
|
|t:|1769389910
|switch|p2a: Ayami Sato|Primarina, F, shiny|57/100
|move|p1a: Ting-Lu|Ruination|p2a: Ayami Sato
|-damage|p2a: Ayami Sato|29/100
|
|-heal|p2a: Ayami Sato|35/100|[from] item: Leftovers
|-heal|p1a: Ting-Lu|50/100 brn|[from] item: Leftovers
|-damage|p1a: Ting-Lu|43/100 brn|[from] brn
|upkeep
|turn|26
|
|t:|1769389924
|switch|p1a: Alomomola|Alomomola, F|100/100 brn
|move|p2a: Ayami Sato|Draining Kiss|p1a: Alomomola
|-crit|p1a: Alomomola
|-damage|p1a: Alomomola|83/100 brn
|-heal|p2a: Ayami Sato|52/100|[from] drain|[of] p1a: Alomomola
|
|-heal|p2a: Ayami Sato|58/100|[from] item: Leftovers
|-damage|p1a: Alomomola|77/100 brn|[from] brn
|upkeep
|turn|27
|inactive|Yaoshi has 60 seconds left.
|
|t:|1769389955
|move|p2a: Ayami Sato|Calm Mind|p2a: Ayami Sato
|-boost|p2a: Ayami Sato|spa|1
|-boost|p2a: Ayami Sato|spd|1
|move|p1a: Alomomola|Flip Turn|p2a: Ayami Sato
|-resisted|p2a: Ayami Sato
|-damage|p2a: Ayami Sato|55/100
|
|t:|1769389962
|switch|p1a: Cyclizar|Cyclizar, F|100/100|[from] Flip Turn
|
|-heal|p2a: Ayami Sato|61/100|[from] item: Leftovers
|upkeep
|turn|28
|
|t:|1769389968
|move|p1a: Cyclizar|Double-Edge|p2a: Ayami Sato
|-damage|p2a: Ayami Sato|11/100
|-damage|p1a: Cyclizar|79/100|[from] Recoil
|-damage|p1a: Cyclizar|69/100|[from] item: Life Orb
|move|p2a: Ayami Sato|Draining Kiss|p1a: Cyclizar
|-supereffective|p1a: Cyclizar
|-crit|p1a: Cyclizar
|-damage|p1a: Cyclizar|0 fnt
|-heal|p2a: Ayami Sato|50/100|[from] drain|[of] p1a: Cyclizar
|faint|p1a: Cyclizar
|
|-heal|p2a: Ayami Sato|57/100|[from] item: Leftovers
|upkeep
|
|t:|1769389988
|switch|p1a: Corviknight|Corviknight, F|100/100
|-ability|p1a: Corviknight|Pressure
|turn|29
|
|t:|1769389991
|move|p2a: Ayami Sato|Psychic Noise|p1a: Corviknight
|-damage|p1a: Corviknight|57/100
|-start|p1a: Corviknight|move: Heal Block
|move|p1a: Corviknight|Brave Bird|p2a: Ayami Sato
|-damage|p2a: Ayami Sato|27/100
|-damage|p1a: Corviknight|48/100|[from] Recoil
|
|-heal|p2a: Ayami Sato|33/100|[from] item: Leftovers
|upkeep
|turn|30
|
|t:|1769389996
|move|p2a: Ayami Sato|Psychic Noise|p1a: Corviknight
|-damage|p1a: Corviknight|4/100
|move|p1a: Corviknight|Brave Bird|p2a: Ayami Sato
|-damage|p2a: Ayami Sato|4/100
|-damage|p1a: Corviknight|0 fnt|[from] Recoil
|faint|p1a: Corviknight
|
|-heal|p2a: Ayami Sato|10/100|[from] item: Leftovers
|upkeep
|
|t:|1769390007
|switch|p1a: Raging Bolt|Raging Bolt|5/100
|turn|31
|
|t:|1769390014
|move|p1a: Raging Bolt|Volt Switch|p2a: Ayami Sato
|-supereffective|p2a: Ayami Sato
|-damage|p2a: Ayami Sato|0 fnt
|faint|p2a: Ayami Sato
|
|t:|1769390039
|-end|p1a: Raging Bolt|Protosynthesis|[silent]
|switch|p1a: Pecharunt|Pecharunt|100/100|[from] Volt Switch
|
|upkeep
|inactive|Yaoshi has 90 seconds left.
|
|t:|1769390074
|switch|p2a: One Hit Wonder|Cinderace, F|25/100
|turn|32
|
|t:|1769390077
|switch|p1a: Alomomola|Alomomola, F|100/100 brn
|move|p2a: One Hit Wonder|Zen Headbutt|p1a: Alomomola
|-start|p2a: One Hit Wonder|typechange|Psychic|[from] ability: Libero
|-damage|p1a: Alomomola|75/100 brn
|
|-damage|p1a: Alomomola|69/100 brn|[from] brn
|upkeep
|turn|33
|
|t:|1769390086
|move|p2a: One Hit Wonder|Zen Headbutt|p1a: Alomomola
|-damage|p1a: Alomomola|43/100 brn
|cant|p1a: Alomomola|flinch
|
|-damage|p1a: Alomomola|36/100 brn|[from] brn
|upkeep
|turn|34
|
|t:|1769390092
|move|p2a: One Hit Wonder|Zen Headbutt|p1a: Alomomola|[miss]
|-miss|p2a: One Hit Wonder|p1a: Alomomola
|move|p1a: Alomomola|Flip Turn|p2a: One Hit Wonder
|-damage|p2a: One Hit Wonder|13/100
|
|t:|1769390098
|switch|p1a: Ting-Lu|Ting-Lu|43/100 brn|[from] Flip Turn
|-ability|p1a: Ting-Lu|Vessel of Ruin
|
|-heal|p1a: Ting-Lu|50/100 brn|[from] item: Leftovers
|-damage|p1a: Ting-Lu|43/100 brn|[from] brn
|upkeep
|turn|35
|inactive|Yaoshi has 120 seconds left.
|
|t:|1769390130
|switch|p2a: Ohtani|Dragonite, F|50/100
|move|p1a: Ting-Lu|Stealth Rock|p2a: Ohtani
|-sidestart|p2: Yaoshi|move: Stealth Rock
|
|-heal|p1a: Ting-Lu|50/100 brn|[from] item: Leftovers
|-damage|p1a: Ting-Lu|43/100 brn|[from] brn
|upkeep
|turn|36
|inactive|turquoiselink has 120 seconds left.
|
|t:|1769390162
|switch|p1a: Raging Bolt|Raging Bolt|5/100
|move|p2a: Ohtani|Outrage|p1a: Raging Bolt
|-supereffective|p1a: Raging Bolt
|-damage|p1a: Raging Bolt|0 fnt
|faint|p1a: Raging Bolt
|-end|p1a: Raging Bolt|Protosynthesis|[silent]
|
|upkeep
|l| LegitLadderingInc
|inactive|turquoiselink has 120 seconds left.
|
|t:|1769390173
|switch|p1a: Pecharunt|Pecharunt|100/100
|turn|37
|
|t:|1769390176
|move|p1a: Pecharunt|Malignant Chain|p2a: Ohtani
|-damage|p2a: Ohtani|12/100
|move|p2a: Ohtani|Outrage|p1a: Pecharunt|[from] lockedmove
|-damage|p1a: Pecharunt|22/100
|
|upkeep
|turn|38
|
|t:|1769390183
|move|p1a: Pecharunt|Malignant Chain|p2a: Ohtani
|-damage|p2a: Ohtani|0 fnt
|faint|p2a: Ohtani
|
|upkeep
|
|t:|1769390185
|switch|p2a: One Hit Wonder|Cinderace, F|13/100
|turn|39
|
|t:|1769390196
|move|p2a: One Hit Wonder|Pyro Ball|p1a: Pecharunt
|-damage|p1a: Pecharunt|0 fnt
|faint|p1a: Pecharunt
|
|upkeep
|
|t:|1769390208
|switch|p1a: Alomomola|Alomomola, F|70/100 brn
|turn|40
|
|t:|1769390233
|move|p2a: One Hit Wonder|Zen Headbutt|p1a: Alomomola
|-start|p2a: One Hit Wonder|typechange|Psychic|[from] ability: Libero
|-damage|p1a: Alomomola|43/100 brn
|move|p1a: Alomomola|Scald|p2a: One Hit Wonder
|-damage|p2a: One Hit Wonder|0 fnt
|faint|p2a: One Hit Wonder
|
|win|turquoiselink
|raw|turquoiselink's rating: 1545 &rarr; <strong>1567</strong><br />(+22 for winning)
|raw|Yaoshi's rating: 1584 &rarr; <strong>1562</strong><br />(-22 for losing)
|l|☆Yaoshi
|player|p2|
|l|☆turquoiselink
|player|p1|
