|j|☆Napple09
|j|☆veneno3
|t:|1769317046
|gametype|singles
|player|p1|Napple09|pokemonbreeder-gen6|1643
|player|p2|veneno3|galacticgrunt|1654
|gen|9
|tier|[Gen 9] OU
|rated|
|rule|HP Percentage Mod: HP is shown in percentages
|rule|Endless Battle Clause: Forcing endless battles is banned
|rule|Species Clause: Limit one of each Pokémon
|rule|OHKO Clause: OHKO moves are banned
|rule|Evasion Items Clause: Evasion items are banned
|rule|Evasion Moves Clause: Evasion moves are banned
|rule|Evasion Abilities Clause: Evasion abilities are banned
|rule|Sleep Moves Clause: Sleep-inducing moves are banned
|clearpoke
|poke|p1|Hydrapple, F|
|poke|p1|Great Tusk|
|poke|p1|Lokix, F|
|poke|p1|Cinderace, M|
|poke|p1|Alomomola, M|
|poke|p1|Slowking-Galar, M|
|poke|p2|Great Tusk|
|poke|p2|Diancie|
|poke|p2|Raging Bolt|
|poke|p2|Pecharunt|
|poke|p2|Cinderace, F|
|poke|p2|Dragonite, F|
|teampreview
|
|t:|1769317051
|teamsize|p1|6
|teamsize|p2|6
|start
|switch|p1a: 【 Eepy 】|Slowking-Galar, M|100/100
|switch|p2a: Diancie|Diancie|100/100
|turn|1
|
|t:|1769317059
|move|p2a: Diancie|Stealth Rock|p1a: 【 Eepy 】
|-sidestart|p1: Napple09|move: Stealth Rock
|move|p1a: 【 Eepy 】|Sludge Bomb|p2a: Diancie
|-crit|p2a: Diancie
|-damage|p2a: Diancie|60/100
|-status|p2a: Diancie|psn
|
|-damage|p2a: Diancie|48/100 psn|[from] psn
|upkeep
|turn|2
|
|t:|1769317065
|move|p2a: Diancie|Earth Power|p1a: 【 Eepy 】
|-supereffective|p1a: 【 Eepy 】
|-damage|p1a: 【 Eepy 】|53/100
|move|p1a: 【 Eepy 】|Sludge Bomb|p2a: Diancie
|-damage|p2a: Diancie|22/100 psn
|
|-heal|p1a: 【 Eepy 】|59/100|[from] item: Black Sludge
|-damage|p2a: Diancie|9/100 psn|[from] psn
|upkeep
|turn|3
|-enditem|p2a: Diancie|Custap Berry|[eat]
|-activate|p2a: Diancie|item: Custap Berry|[consumed]
|
|t:|1769317074
|switch|p1a: 【 Momo 】|Alomomola, M|100/100
|-damage|p1a: 【 Momo 】|88/100|[from] Stealth Rock
|move|p2a: Diancie|Endeavor|p1a: 【 Momo 】
|-damage|p1a: 【 Momo 】|6/100
|
|-damage|p2a: Diancie|0 fnt|[from] psn
|faint|p2a: Diancie
|upkeep
|
|t:|1769317087
|switch|p2a: Pecharunt|Pecharunt|100/100
|-item|p2a: Pecharunt|Air Balloon
|turn|4
|
|t:|1769317093
|switch|p1a: 【 Eepy 】|Slowking-Galar, M|93/100
|-damage|p1a: 【 Eepy 】|80/100|[from] Stealth Rock
|move|p2a: Pecharunt|Nasty Plot|p2a: Pecharunt
|-boost|p2a: Pecharunt|spa|2
|
|-heal|p1a: 【 Eepy 】|86/100|[from] item: Black Sludge
|upkeep
|turn|5
|
|t:|1769317101
|-terastallize|p1a: 【 Eepy 】|Dark
|move|p2a: Pecharunt|Nasty Plot|p2a: Pecharunt
|-boost|p2a: Pecharunt|spa|2
|move|p1a: 【 Eepy 】|Future Sight|p2a: Pecharunt
|-start|p1a: 【 Eepy 】|move: Future Sight
|
|-damage|p1a: 【 Eepy 】|74/100|[from] item: Black Sludge
|upkeep
|turn|6
|
|t:|1769317114
|switch|p1a: 【 Momo 】|Alomomola, M|39/100
|-damage|p1a: 【 Momo 】|27/100|[from] Stealth Rock
|move|p2a: Pecharunt|Malignant Chain|p1a: 【 Momo 】
|-damage|p1a: 【 Momo 】|0 fnt
|faint|p1a: 【 Momo 】
|
|upkeep
|
|t:|1769317125
|switch|p1a: 【 Cindy 】|Cinderace, M|100/100
|turn|7
|
|t:|1769317136
|move|p1a: 【 Cindy 】|U-turn|p2a: Pecharunt
|-resisted|p2a: Pecharunt
|-damage|p2a: Pecharunt|97/100
|-enditem|p2a: Pecharunt|Air Balloon
|
|t:|1769317143
|switch|p1a: 【 Eepy 】|Slowking-Galar, M, tera:Dark|100/100|[from] U-turn
|-damage|p1a: 【 Eepy 】|88/100|[from] Stealth Rock
|move|p2a: Pecharunt|Malignant Chain|p1a: 【 Eepy 】
|-damage|p1a: 【 Eepy 】|0 fnt
|faint|p1a: 【 Eepy 】
|
|-end|p2a: Pecharunt|move: Future Sight
|-supereffective|p2a: Pecharunt
|-damage|p2a: Pecharunt|0 fnt
|faint|p2a: Pecharunt
|upkeep
|
|t:|1769317170
|switch|p2a: Cinderace|Cinderace, F|100/100
|switch|p1a: 【 Cindy 】|Cinderace, M|100/100
|turn|8
|
|t:|1769317174
|move|p1a: 【 Cindy 】|Pyro Ball|p2a: Cinderace
|-resisted|p2a: Cinderace
|-damage|p2a: Cinderace|63/100
|move|p2a: Cinderace|Pyro Ball|p1a: 【 Cindy 】
|-resisted|p1a: 【 Cindy 】
|-damage|p1a: 【 Cindy 】|66/100
|
|upkeep
|turn|9
|
|t:|1769317181
|move|p2a: Cinderace|High Jump Kick|p1a: 【 Cindy 】
|-start|p2a: Cinderace|typechange|Fighting|[from] ability: Libero
|-damage|p1a: 【 Cindy 】|0 fnt
|faint|p1a: 【 Cindy 】
|
|upkeep
|-message|Napple09 forfeited.
|
|win|veneno3
|raw|Napple09's rating: 1643 &rarr; <strong>1624</strong><br />(-19 for losing)
|raw|veneno3's rating: 1654 &rarr; <strong>1673</strong><br />(+19 for winning)
|l|☆Napple09
|player|p1|
