|j|☆mr satalit
|j|☆CosmicMD
|t:|1769299585
|gametype|singles
|player|p1|mr satalit|pokemonranger-gen4|1450
|player|p2|CosmicMD|colress|1467
|gen|9
|tier|[Gen 9] OU
|rated|
|rule|HP Percentage Mod: HP is shown in percentages
|rule|Endless Battle Clause: Forcing endless battles is banned
|rule|Species Clause: Limit one of each Pokémon
|rule|OHKO Clause: OHKO moves are banned
|rule|Evasion Items Clause: Evasion items are banned
|rule|Evasion Moves Clause: Evasion moves are banned
|rule|Evasion Abilities Clause: Evasion abilities are banned
|rule|Sleep Moves Clause: Sleep-inducing moves are banned
|clearpoke
|poke|p1|Ogerpon-Wellspring, F|
|poke|p1|Kingambit, F|
|poke|p1|Landorus-Therian, M|
|poke|p1|Glimmora, M|
|poke|p1|Dragapult, M|
|poke|p1|Iron Valiant|
|poke|p2|Moltres|
|poke|p2|Great Tusk|
|poke|p2|Meowscarada, F|
|poke|p2|Hatterene, F|
|poke|p2|Ting-Lu|
|poke|p2|Hydrapple, M|
|teampreview
|inactive|Battle timer is ON: inactive players will automatically lose when time's up. (requested by mr satalit)
|c|☆CosmicMD|glhf
|
|t:|1769299594
|teamsize|p1|6
|teamsize|p2|6
|start
|switch|p1a: Glimmora|Glimmora, M|100/100
|switch|p2a: Meowscarada|Meowscarada, F|100/100
|turn|1
|
|t:|1769299600
|switch|p2a: Ting-Lu|Ting-Lu|100/100
|-ability|p2a: Ting-Lu|Vessel of Ruin
|move|p1a: Glimmora|Meteor Beam||[still]
|-prepare|p1a: Glimmora|Meteor Beam
|-boost|p1a: Glimmora|spa|1
|-enditem|p1a: Glimmora|Power Herb
|-anim|p1a: Glimmora|Meteor Beam|p2a: Ting-Lu
|-resisted|p2a: Ting-Lu
|-damage|p2a: Ting-Lu|79/100
|
|-heal|p2a: Ting-Lu|85/100|[from] item: Leftovers
|upkeep
|turn|2
|
|t:|1769299605
|move|p1a: Glimmora|Spikes|p2a: Ting-Lu
|-sidestart|p2: CosmicMD|Spikes
|move|p2a: Ting-Lu|Earthquake|p1a: Glimmora
|-supereffective|p1a: Glimmora
|-damage|p1a: Glimmora|0 fnt
|-activate|p1a: Glimmora|ability: Toxic Debris
|-sidestart|p2: CosmicMD|move: Toxic Spikes
|faint|p1a: Glimmora
|
|-heal|p2a: Ting-Lu|91/100|[from] item: Leftovers
|upkeep
|
|t:|1769299616
|switch|p1a: not freeze dry!|Ogerpon-Wellspring, F|100/100
|turn|3
|
|t:|1769299623
|switch|p2a: Hydrapple|Hydrapple, M|100/100
|-damage|p2a: Hydrapple|88/100|[from] Spikes
|-status|p2a: Hydrapple|psn
|move|p1a: not freeze dry!|Play Rough|p2a: Hydrapple
|-supereffective|p2a: Hydrapple
|-damage|p2a: Hydrapple|36/100 psn
|
|-damage|p2a: Hydrapple|24/100 psn|[from] psn
|upkeep
|turn|4
|
|t:|1769299634
|switch|p2a: Moltres|Moltres|100/100
|move|p1a: not freeze dry!|Play Rough|p2a: Moltres
|-resisted|p2a: Moltres
|-damage|p2a: Moltres|89/100
|
|upkeep
|turn|5
|
|t:|1769299658
|switch|p2a: Meowscarada|Meowscarada, F|100/100
|-damage|p2a: Meowscarada|88/100|[from] Spikes
|-status|p2a: Meowscarada|psn
|-terastallize|p1a: not freeze dry!|Water
|detailschange|p1a: not freeze dry!|Ogerpon-Wellspring-Tera, F, tera:Water
|-ability|p1a: not freeze dry!|Embody Aspect (Wellspring)|boost
|-boost|p1a: not freeze dry!|spd|1
|move|p1a: not freeze dry!|Ivy Cudgel|p2a: Meowscarada|[anim] Ivy Cudgel Water
|-resisted|p2a: Meowscarada
|-crit|p2a: Meowscarada
|-damage|p2a: Meowscarada|0 fnt
|faint|p2a: Meowscarada
|
|upkeep
|
|t:|1769299666
|switch|p2a: Hydrapple|Hydrapple, M|57/100 psn
|-damage|p2a: Hydrapple|45/100 psn|[from] Spikes
|turn|6
|c|☆mr satalit|Wow...
|
|t:|1769299676
|-terastallize|p2a: Hydrapple|Poison
|move|p1a: not freeze dry!|Play Rough|p2a: Hydrapple
|-resisted|p2a: Hydrapple
|-damage|p2a: Hydrapple|31/100 psn
|-unboost|p2a: Hydrapple|atk|1
|move|p2a: Hydrapple|Leaf Storm|p1a: not freeze dry!
|-supereffective|p1a: not freeze dry!
|-damage|p1a: not freeze dry!|0 fnt
|-unboost|p2a: Hydrapple|spa|2
|faint|p1a: not freeze dry!
|detailschange|p1: not freeze dry!|Ogerpon-Wellspring, F|[silent]
|
|-damage|p2a: Hydrapple|19/100 psn|[from] psn
|upkeep
|
|t:|1769299683
|switch|p1a: incin old husband|Landorus-Therian, M|100/100
|-ability|p1a: incin old husband|Intimidate|boost
|-unboost|p2a: Hydrapple|atk|1
|turn|7
|c|☆CosmicMD|ya, i wasnt expecting that
|
|t:|1769299691
|switch|p2a: Great Tusk|Great Tusk|100/100
|move|p1a: incin old husband|Stealth Rock|p2a: Great Tusk
|-sidestart|p2: CosmicMD|move: Stealth Rock
|
|upkeep
|turn|8
|
|t:|1769299696
|switch|p1a: Dragapult|Dragapult, M, shiny|100/100
|move|p2a: Great Tusk|Headlong Rush|p1a: Dragapult
|-damage|p1a: Dragapult|5/100
|-unboost|p2a: Great Tusk|def|1
|-unboost|p2a: Great Tusk|spd|1
|
|upkeep
|turn|9
|
|t:|1769299705
|-end|p2a: Great Tusk|Protosynthesis|[silent]
|switch|p2a: Ting-Lu|Ting-Lu|91/100
|-damage|p2a: Ting-Lu|79/100|[from] Spikes
|-status|p2a: Ting-Lu|psn
|-damage|p2a: Ting-Lu|72/100 psn|[from] Stealth Rock
|-ability|p2a: Ting-Lu|Vessel of Ruin
|move|p1a: Dragapult|Shadow Ball|p2a: Ting-Lu
|-resisted|p2a: Ting-Lu
|-damage|p2a: Ting-Lu|61/100 psn
|
|-heal|p2a: Ting-Lu|67/100 psn|[from] item: Leftovers
|-damage|p2a: Ting-Lu|55/100 psn|[from] psn
|upkeep
|turn|10
|
|t:|1769299717
|switch|p1a: incin old husband|Landorus-Therian, M|100/100
|-ability|p1a: incin old husband|Intimidate|boost
|-unboost|p2a: Ting-Lu|atk|1
|move|p2a: Ting-Lu|Earthquake|p1a: incin old husband
|-immune|p1a: incin old husband
|
|-heal|p2a: Ting-Lu|61/100 psn|[from] item: Leftovers
|-damage|p2a: Ting-Lu|48/100 psn|[from] psn
|upkeep
|turn|11
|
|t:|1769299726
|move|p1a: incin old husband|Earthquake|p2a: Ting-Lu
|-damage|p2a: Ting-Lu|21/100 psn
|move|p2a: Ting-Lu|Ruination|p1a: incin old husband
|-damage|p1a: incin old husband|51/100
|
|-heal|p2a: Ting-Lu|27/100 psn|[from] item: Leftovers
|-damage|p2a: Ting-Lu|15/100 psn|[from] psn
|upkeep
|turn|12
|
|t:|1769299733
|switch|p2a: Moltres|Moltres|89/100
|move|p1a: incin old husband|U-turn|p2a: Moltres
|-resisted|p2a: Moltres
|-damage|p2a: Moltres|85/100
|
|t:|1769299755
|switch|p1a: Iron Valiant|Iron Valiant|100/100|[from] U-turn
|-enditem|p1a: Iron Valiant|Booster Energy
|-activate|p1a: Iron Valiant|ability: Quark Drive|[fromitem]
|-start|p1a: Iron Valiant|quarkdrivespe
|
|upkeep
|turn|13
|
|t:|1769299766
|switch|p2a: Ting-Lu|Ting-Lu|15/100 psn
|-damage|p2a: Ting-Lu|2/100 psn|[from] Spikes
|-damage|p2a: Ting-Lu|0 fnt|[from] Stealth Rock
|faint|p2a: Ting-Lu
|move|p1a: Iron Valiant|Swords Dance|p1a: Iron Valiant
|-boost|p1a: Iron Valiant|atk|2
|
|upkeep
|
|t:|1769299777
|switch|p2a: Hatterene|Hatterene, F|100/100
|-damage|p2a: Hatterene|88/100|[from] Spikes
|-status|p2a: Hatterene|psn
|-damage|p2a: Hatterene|76/100 psn|[from] Stealth Rock
|turn|14
|
|t:|1769299784
|move|p1a: Iron Valiant|Spirit Break|p2a: Hatterene
|-damage|p2a: Hatterene|0 fnt
|faint|p2a: Hatterene
|
|upkeep
|
|t:|1769299793
|switch|p2a: Hydrapple|Hydrapple, M, tera:Poison|52/100 psn
|-damage|p2a: Hydrapple|40/100 psn|[from] Spikes
|-sideend|p2: CosmicMD|move: Toxic Spikes|[of] p2a: Hydrapple
|-damage|p2a: Hydrapple|27/100 psn|[from] Stealth Rock
|turn|15
|
|t:|1769299797
|switch|p2a: Great Tusk|Great Tusk|100/100
|move|p1a: Iron Valiant|Knock Off|p2a: Great Tusk
|-resisted|p2a: Great Tusk
|-damage|p2a: Great Tusk|81/100
|-enditem|p2a: Great Tusk|Heavy-Duty Boots|[from] move: Knock Off|[of] p1a: Iron Valiant
|
|upkeep
|turn|16
|
|t:|1769299804
|move|p1a: Iron Valiant|Spirit Break|p2a: Great Tusk
|-supereffective|p2a: Great Tusk
|-damage|p2a: Great Tusk|0 fnt
|faint|p2a: Great Tusk
|-end|p2a: Great Tusk|Protosynthesis|[silent]
|
|upkeep
|
|t:|1769299807
|switch|p2a: Hydrapple|Hydrapple, M, tera:Poison|61/100 psn
|-damage|p2a: Hydrapple|48/100 psn|[from] Spikes
|-damage|p2a: Hydrapple|36/100 psn|[from] Stealth Rock
|turn|17
|
|t:|1769299812
|move|p1a: Iron Valiant|Knock Off|p2a: Hydrapple
|-damage|p2a: Hydrapple|0 fnt
|-enditem|p2a: Hydrapple|Assault Vest|[from] move: Knock Off|[of] p1a: Iron Valiant
|faint|p2a: Hydrapple
|
|upkeep
|
|t:|1769299814
|switch|p2a: Moltres|Moltres|85/100
|turn|18
|
|t:|1769299817
|move|p1a: Iron Valiant|Knock Off|p2a: Moltres
|-damage|p2a: Moltres|39/100
|-enditem|p2a: Moltres|Heavy-Duty Boots|[from] move: Knock Off|[of] p1a: Iron Valiant
|move|p2a: Moltres|Flamethrower|p1a: Iron Valiant
|-damage|p1a: Iron Valiant|29/100
|
|upkeep
|turn|19
|c|☆CosmicMD|ggwp
|
|t:|1769299825
|move|p1a: Iron Valiant|Knock Off|p2a: Moltres
|-damage|p2a: Moltres|10/100
|move|p2a: Moltres|Flamethrower|p1a: Iron Valiant
|-damage|p1a: Iron Valiant|0 fnt
|faint|p1a: Iron Valiant
|-end|p1a: Iron Valiant|Quark Drive|[silent]
|
|upkeep
|
|t:|1769299828
|switch|p1a: Dragapult|Dragapult, M, shiny|5/100
|turn|20
|
|t:|1769299831
|move|p1a: Dragapult|Shadow Ball|p2a: Moltres
|-damage|p2a: Moltres|0 fnt
|faint|p2a: Moltres
|
|win|mr satalit
|raw|mr satalit's rating: 1450 &rarr; <strong>1471</strong><br />(+21 for winning)
|raw|CosmicMD's rating: 1467 &rarr; <strong>1446</strong><br />(-21 for losing)
|l|☆CosmicMD
|player|p2|
|c|☆mr satalit|Gg
