|j|☆turborotom2000
|j|☆honuacjs
|t:|1769347693
|gametype|singles
|player|p1|turborotom2000|colress|1145
|player|p2|honuacjs|skierf|1174
|gen|9
|tier|[Gen 9] OU
|rated|
|rule|HP Percentage Mod: HP is shown in percentages
|rule|Endless Battle Clause: Forcing endless battles is banned
|rule|Species Clause: Limit one of each Pokémon
|rule|OHKO Clause: OHKO moves are banned
|rule|Evasion Items Clause: Evasion items are banned
|rule|Evasion Moves Clause: Evasion moves are banned
|rule|Evasion Abilities Clause: Evasion abilities are banned
|rule|Sleep Moves Clause: Sleep-inducing moves are banned
|clearpoke
|poke|p1|Cresselia, F|
|poke|p1|Gastrodon-East, M|
|poke|p1|Rotom-Wash|
|poke|p1|Ribombee, F|
|poke|p1|Chandelure, M|
|poke|p1|Seviper, M|
|poke|p2|Leafeon, M|
|poke|p2|Torkoal, F|
|poke|p2|Great Tusk|
|poke|p2|Slowking-Galar, M|
|poke|p2|Jolteon, M|
|poke|p2|Primarina, M|
|teampreview
|
|t:|1769347702
|teamsize|p1|6
|teamsize|p2|6
|start
|switch|p1a: Rotom|Rotom-Wash|100/100
|switch|p2a: Torkoal|Torkoal, F|100/100
|-weather|SunnyDay|[from] ability: Drought|[of] p2a: Torkoal
|turn|1
|
|t:|1769347720
|switch|p2a: Leafeon|Leafeon, M, shiny|100/100
|move|p1a: Rotom|Hydro Pump|p2a: Leafeon
|-resisted|p2a: Leafeon
|-damage|p2a: Leafeon|79/100
|
|-weather|SunnyDay|[upkeep]
|upkeep
|turn|2
|
|t:|1769347734
|switch|p1a: Chandelure|Chandelure, M|100/100
|-item|p1a: Chandelure|Air Balloon
|move|p2a: Leafeon|Solar Blade||[still]
|-prepare|p2a: Leafeon|Solar Blade
|-anim|p2a: Leafeon|Solar Blade|p1a: Chandelure
|-resisted|p1a: Chandelure
|-damage|p1a: Chandelure|42/100
|-enditem|p1a: Chandelure|Air Balloon
|-damage|p2a: Leafeon|70/100|[from] item: Life Orb
|
|-weather|SunnyDay|[upkeep]
|upkeep
|turn|3
|
|t:|1769347746
|move|p2a: Leafeon|Solar Blade||[still]
|-prepare|p2a: Leafeon|Solar Blade
|-anim|p2a: Leafeon|Solar Blade|p1a: Chandelure
|-resisted|p1a: Chandelure
|-damage|p1a: Chandelure|0 fnt
|faint|p1a: Chandelure
|-damage|p2a: Leafeon|60/100|[from] item: Life Orb
|
|-weather|SunnyDay|[upkeep]
|upkeep
|
|t:|1769347748
|switch|p1a: Cresselia|Cresselia, F|100/100
|turn|4
|
|t:|1769347756
|move|p2a: Leafeon|Knock Off|p1a: Cresselia
|-supereffective|p1a: Cresselia
|-damage|p1a: Cresselia|39/100
|-enditem|p1a: Cresselia|Leftovers|[from] move: Knock Off|[of] p2a: Leafeon
|-damage|p2a: Leafeon|50/100|[from] item: Life Orb
|move|p1a: Cresselia|Calm Mind|p1a: Cresselia
|-boost|p1a: Cresselia|spa|1
|-boost|p1a: Cresselia|spd|1
|
|-weather|SunnyDay|[upkeep]
|upkeep
|turn|5
|
|t:|1769347764
|-terastallize|p1a: Cresselia|Fairy
|move|p2a: Leafeon|Solar Blade||[still]
|-prepare|p2a: Leafeon|Solar Blade
|-anim|p2a: Leafeon|Solar Blade|p1a: Cresselia
|-damage|p1a: Cresselia|0 fnt
|faint|p1a: Cresselia
|-damage|p2a: Leafeon|40/100|[from] item: Life Orb
|
|-weather|SunnyDay|[upkeep]
|upkeep
|
|t:|1769347773
|switch|p1a: Seviper|Seviper, M, shiny|100/100
|turn|6
|
|t:|1769347779
|move|p2a: Leafeon|Solar Blade||[still]
|-prepare|p2a: Leafeon|Solar Blade
|-anim|p2a: Leafeon|Solar Blade|p1a: Seviper
|-resisted|p1a: Seviper
|-damage|p1a: Seviper|38/100
|-damage|p2a: Leafeon|30/100|[from] item: Life Orb
|move|p1a: Seviper|Gunk Shot|p2a: Leafeon
|-supereffective|p2a: Leafeon
|-damage|p2a: Leafeon|0 fnt
|faint|p2a: Leafeon
|
|-weather|SunnyDay|[upkeep]
|-heal|p1a: Seviper|44/100|[from] item: Leftovers
|upkeep
|
|t:|1769347792
|switch|p2a: Jolteon|Jolteon, M|100/100
|turn|7
|
|t:|1769347802
|move|p2a: Jolteon|Thunderbolt|p1a: Seviper
|-damage|p1a: Seviper|5/100
|move|p1a: Seviper|Gunk Shot|p2a: Jolteon
|-damage|p2a: Jolteon|23/100
|
|-weather|SunnyDay|[upkeep]
|-heal|p1a: Seviper|11/100|[from] item: Leftovers
|upkeep
|turn|8
|
|t:|1769347820
|switch|p1a: Rotom|Rotom-Wash|100/100
|move|p2a: Jolteon|Volt Switch|p1a: Rotom
|-damage|p1a: Rotom|58/100
|
|t:|1769347840
|switch|p2a: Primarina|Primarina, M|100/100|[from] Volt Switch
|
|-weather|none
|-heal|p1a: Rotom|64/100|[from] item: Leftovers
|upkeep
|turn|9
|
|t:|1769347848
|move|p1a: Rotom|Discharge|p2a: Primarina
|-supereffective|p2a: Primarina
|-damage|p2a: Primarina|57/100
|move|p2a: Primarina|Moonblast|p1a: Rotom
|-damage|p1a: Rotom|0 fnt
|faint|p1a: Rotom
|
|upkeep
|
|t:|1769347858
|switch|p1a: Seviper|Seviper, M, shiny|11/100
|turn|10
|
|t:|1769347871
|move|p2a: Primarina|Surf|p1a: Seviper
|-damage|p1a: Seviper|0 fnt
|faint|p1a: Seviper
|
|upkeep
|
|t:|1769347877
|switch|p1a: Ribombee|Ribombee, F|100/100
|turn|11
|
|t:|1769347883
|move|p1a: Ribombee|Stun Spore|p2a: Primarina
|-status|p2a: Primarina|par
|cant|p2a: Primarina|par
|
|upkeep
|turn|12
|
|t:|1769347891
|move|p1a: Ribombee|Moonblast|p2a: Primarina
|-damage|p2a: Primarina|29/100 par
|move|p2a: Primarina|Surf|p1a: Ribombee
|-enditem|p1a: Ribombee|Focus Sash
|-damage|p1a: Ribombee|1/100
|
|upkeep
|turn|13
|
|t:|1769347898
|move|p1a: Ribombee|Moonblast|p2a: Primarina
|-damage|p2a: Primarina|6/100 par
|-unboost|p2a: Primarina|spa|1
|move|p2a: Primarina|Surf|p1a: Ribombee
|-damage|p1a: Ribombee|0 fnt
|faint|p1a: Ribombee
|
|upkeep
|
|t:|1769347901
|switch|p1a: Gastrodon|Gastrodon-East, M|100/100
|turn|14
|
|t:|1769347907
|move|p1a: Gastrodon|Earthquake|p2a: Primarina
|-damage|p2a: Primarina|0 fnt
|faint|p2a: Primarina
|
|upkeep
|-message|turborotom2000 forfeited.
|
|win|honuacjs
|raw|turborotom2000's rating: 1145 &rarr; <strong>1122</strong><br />(-23 for losing)
|raw|honuacjs's rating: 1174 &rarr; <strong>1197</strong><br />(+23 for winning)
|l|☆turborotom2000
|player|p1|
|l|☆honuacjs
|player|p2|
