|j|☆wakan
|j|☆Dlaoshi D
|t:|1769391482
|gametype|singles
|player|p1|wakan|170|1118
|player|p2|Dlaoshi D|acetrainer-gen4|1083
|gen|9
|tier|[Gen 9] OU
|rated|
|rule|HP Percentage Mod: HP is shown in percentages
|rule|Endless Battle Clause: Forcing endless battles is banned
|rule|Species Clause: Limit one of each Pokémon
|rule|OHKO Clause: OHKO moves are banned
|rule|Evasion Items Clause: Evasion items are banned
|rule|Evasion Moves Clause: Evasion moves are banned
|rule|Evasion Abilities Clause: Evasion abilities are banned
|rule|Sleep Moves Clause: Sleep-inducing moves are banned
|clearpoke
|poke|p1|Quaquaval, F|
|poke|p1|Meowscarada, F|
|poke|p1|Hatterene, F|
|poke|p1|Salamence, M|
|poke|p1|Bronzong|
|poke|p1|Iron Hands|
|poke|p2|Rillaboom, F|
|poke|p2|Heatran, M|
|poke|p2|Iron Valiant|
|poke|p2|Kleavor, M|
|poke|p2|Toxapex, F|
|poke|p2|Goodra-Hisui, F|
|teampreview
|inactive|Battle timer is ON: inactive players will automatically lose when time's up. (requested by Dlaoshi D)
|
|t:|1769391491
|teamsize|p1|6
|teamsize|p2|6
|start
|switch|p1a: Quaquaval|Quaquaval, F|100/100
|switch|p2a: Rillaboom|Rillaboom, F|100/100
|-fieldstart|move: Grassy Terrain|[from] ability: Grassy Surge|[of] p2a: Rillaboom
|turn|1
|
|t:|1769391500
|switch|p1a: Bronzong|Bronzong|100/100
|move|p2a: Rillaboom|Grassy Glide|p1a: Bronzong
|-resisted|p1a: Bronzong
|-damage|p1a: Bronzong|83/100
|
|-heal|p1a: Bronzong|90/100|[from] item: Leftovers
|upkeep
|turn|2
|
|t:|1769391511
|move|p2a: Rillaboom|Knock Off|p1a: Bronzong
|-supereffective|p1a: Bronzong
|-damage|p1a: Bronzong|34/100
|-enditem|p1a: Bronzong|Leftovers|[from] move: Knock Off|[of] p2a: Rillaboom
|move|p1a: Bronzong|Stealth Rock|p2a: Rillaboom
|-sidestart|p2: Dlaoshi D|move: Stealth Rock
|
|upkeep
|turn|3
|
|t:|1769391519
|move|p2a: Rillaboom|U-turn|p1a: Bronzong
|-damage|p1a: Bronzong|13/100
|
|t:|1769391522
|switch|p2a: Kleavor|Kleavor, M|100/100|[from] U-turn
|-damage|p2a: Kleavor|76/100|[from] Stealth Rock
|move|p1a: Bronzong|Zen Headbutt|p2a: Kleavor
|-damage|p2a: Kleavor|45/100
|
|-heal|p2a: Kleavor|51/100|[from] Grassy Terrain
|upkeep
|turn|4
|
|t:|1769391538
|move|p2a: Kleavor|Defog|p1a: Bronzong
|-unboost|p1a: Bronzong|evasion|1
|-sideend|p2: Dlaoshi D|Stealth Rock|[from] move: Defog|[of] p2a: Kleavor
|-fieldend|move: Grassy Terrain
|move|p1a: Bronzong|Gyro Ball|p2a: Kleavor
|-supereffective|p2a: Kleavor
|-damage|p2a: Kleavor|0 fnt
|faint|p2a: Kleavor
|
|upkeep
|
|t:|1769391556
|switch|p2a: Iron Valiant|Iron Valiant|100/100
|-enditem|p2a: Iron Valiant|Booster Energy
|-activate|p2a: Iron Valiant|ability: Quark Drive|[fromitem]
|-start|p2a: Iron Valiant|quarkdrivespe
|turn|5
|
|t:|1769391564
|move|p2a: Iron Valiant|Shadow Ball|p1a: Bronzong
|-supereffective|p1a: Bronzong
|-damage|p1a: Bronzong|0 fnt
|faint|p1a: Bronzong
|
|upkeep
|
|t:|1769391567
|switch|p1a: Meowscarada|Meowscarada, F|100/100
|turn|6
|
|t:|1769391585
|-terastallize|p2a: Iron Valiant|Steel
|move|p2a: Iron Valiant|Moonblast|p1a: Meowscarada
|-supereffective|p1a: Meowscarada
|-crit|p1a: Meowscarada
|-damage|p1a: Meowscarada|0 fnt
|faint|p1a: Meowscarada
|
|upkeep
|
|t:|1769391596
|switch|p1a: Iron Hands|Iron Hands|100/100
|-enditem|p1a: Iron Hands|Booster Energy
|-activate|p1a: Iron Hands|ability: Quark Drive|[fromitem]
|-start|p1a: Iron Hands|quarkdriveatk
|turn|7
|
|t:|1769391605
|-end|p2a: Iron Valiant|Quark Drive|[silent]
|switch|p2a: Toxapex|Toxapex, F|100/100
|move|p1a: Iron Hands|Body Press|p2a: Toxapex
|-resisted|p2a: Toxapex
|-damage|p2a: Toxapex|85/100
|-damage|p1a: Iron Hands|84/100|[from] item: Rocky Helmet|[of] p2a: Toxapex
|
|upkeep
|turn|8
|
|t:|1769391618
|move|p2a: Toxapex|Baneful Bunker|p2a: Toxapex
|-singleturn|p2a: Toxapex|move: Protect
|move|p1a: Iron Hands|Thunder Punch|p2a: Toxapex
|-activate|p2a: Toxapex|move: Protect
|-status|p1a: Iron Hands|psn
|
|-damage|p1a: Iron Hands|71/100 psn|[from] psn
|upkeep
|turn|9
|
|t:|1769391641
|switch|p2a: Goodra|Goodra-Hisui, F|100/100
|move|p1a: Iron Hands|Thunder Punch|p2a: Goodra
|-resisted|p2a: Goodra
|-damage|p2a: Goodra|76/100
|-ability|p2a: Goodra|Gooey
|-unboost|p1a: Iron Hands|spe|1
|
|-damage|p1a: Iron Hands|59/100 psn|[from] psn
|upkeep
|turn|10
|
|t:|1769391653
|move|p2a: Goodra|Protect|p2a: Goodra
|-singleturn|p2a: Goodra|Protect
|move|p1a: Iron Hands|Iron Defense|p1a: Iron Hands
|-boost|p1a: Iron Hands|def|2
|
|-damage|p1a: Iron Hands|46/100 psn|[from] psn
|upkeep
|turn|11
|
|t:|1769391667
|switch|p2a: Toxapex|Toxapex, F|100/100
|move|p1a: Iron Hands|Body Press|p2a: Toxapex
|-resisted|p2a: Toxapex
|-damage|p2a: Toxapex|73/100
|-damage|p1a: Iron Hands|30/100 psn|[from] item: Rocky Helmet|[of] p2a: Toxapex
|
|-damage|p1a: Iron Hands|17/100 psn|[from] psn
|upkeep
|turn|12
|
|t:|1769391678
|move|p2a: Toxapex|Haze|p2a: Toxapex
|-clearallboost
|move|p1a: Iron Hands|Iron Defense|p1a: Iron Hands
|-boost|p1a: Iron Hands|def|2
|
|-damage|p1a: Iron Hands|5/100 psn|[from] psn
|upkeep
|turn|13
|
|t:|1769391686
|move|p2a: Toxapex|Baneful Bunker|p2a: Toxapex
|-singleturn|p2a: Toxapex|move: Protect
|move|p1a: Iron Hands|Thunder Punch|p2a: Toxapex
|-activate|p2a: Toxapex|move: Protect
|
|-damage|p1a: Iron Hands|0 fnt|[from] psn
|faint|p1a: Iron Hands
|-end|p1a: Iron Hands|Quark Drive|[silent]
|upkeep
|
|t:|1769391690
|switch|p1a: Salamence|Salamence, M|100/100
|-ability|p1a: Salamence|Intimidate|boost
|-unboost|p2a: Toxapex|atk|1
|turn|14
|
|t:|1769391705
|move|p2a: Toxapex|Baneful Bunker||[still]
|-fail|p2a: Toxapex
|move|p1a: Salamence|Dragon Dance|p1a: Salamence
|-boost|p1a: Salamence|atk|1
|-boost|p1a: Salamence|spe|1
|
|upkeep
|turn|15
|
|t:|1769391719
|move|p1a: Salamence|Earthquake|p2a: Toxapex
|-supereffective|p2a: Toxapex
|-damage|p2a: Toxapex|7/100
|move|p2a: Toxapex|Haze|p2a: Toxapex
|-clearallboost
|
|upkeep
|turn|16
|
|t:|1769391727
|move|p2a: Toxapex|Baneful Bunker|p2a: Toxapex
|-singleturn|p2a: Toxapex|move: Protect
|move|p1a: Salamence|Dragon Dance|p1a: Salamence
|-boost|p1a: Salamence|atk|1
|-boost|p1a: Salamence|spe|1
|
|upkeep
|turn|17
|
|t:|1769391742
|switch|p2a: Rillaboom|Rillaboom, F|100/100
|-fieldstart|move: Grassy Terrain|[from] ability: Grassy Surge|[of] p2a: Rillaboom
|move|p1a: Salamence|Earthquake|p2a: Rillaboom
|-resisted|p2a: Rillaboom
|-damage|p2a: Rillaboom|87/100
|
|-heal|p2a: Rillaboom|93/100|[from] Grassy Terrain
|-heal|p2a: Rillaboom|99/100|[from] item: Leftovers
|upkeep
|turn|18
|
|t:|1769391755
|move|p2a: Rillaboom|Fake Out|p1a: Salamence
|-damage|p1a: Salamence|85/100
|cant|p1a: Salamence|flinch
|
|-heal|p2a: Rillaboom|100/100|[from] Grassy Terrain
|upkeep
|turn|19
|
|t:|1769391763
|move|p1a: Salamence|Dual Wingbeat|p2a: Rillaboom
|-supereffective|p2a: Rillaboom
|-damage|p2a: Rillaboom|35/100
|-supereffective|p2a: Rillaboom
|-damage|p2a: Rillaboom|0 fnt
|faint|p2a: Rillaboom
|-hitcount|p2: Rillaboom|2
|
|upkeep
|
|t:|1769391772
|switch|p2a: Heatran|Heatran, M|100/100
|-enditem|p2a: Heatran|Grassy Seed
|-boost|p2a: Heatran|def|1|[from] item: Grassy Seed
|turn|20
|
|t:|1769391786
|move|p1a: Salamence|Earthquake|p2a: Heatran
|-supereffective|p2a: Heatran
|-crit|p2a: Heatran
|-damage|p2a: Heatran|0 fnt
|faint|p2a: Heatran
|
|upkeep
|
|t:|1769391800
|switch|p2a: Iron Valiant|Iron Valiant, tera:Steel|100/100
|turn|21
|
|t:|1769391806
|move|p1a: Salamence|Earthquake|p2a: Iron Valiant
|-supereffective|p2a: Iron Valiant
|-damage|p2a: Iron Valiant|35/100
|move|p2a: Iron Valiant|Moonblast|p1a: Salamence
|-supereffective|p1a: Salamence
|-crit|p1a: Salamence
|-damage|p1a: Salamence|0 fnt
|faint|p1a: Salamence
|
|-heal|p2a: Iron Valiant|42/100|[from] Grassy Terrain
|-fieldend|move: Grassy Terrain
|upkeep
|
|t:|1769391814
|switch|p1a: Quaquaval|Quaquaval, F|100/100
|turn|22
|
|t:|1769391822
|move|p2a: Iron Valiant|Moonblast|p1a: Quaquaval
|-supereffective|p1a: Quaquaval
|-damage|p1a: Quaquaval|0 fnt
|faint|p1a: Quaquaval
|
|upkeep
|
|t:|1769391826
|switch|p1a: Hatterene|Hatterene, F|100/100
|turn|23
|
|t:|1769391831
|move|p2a: Iron Valiant|Shadow Ball|p1a: Hatterene
|-supereffective|p1a: Hatterene
|-damage|p1a: Hatterene|54/100
|move|p1a: Hatterene|Mystical Fire|p2a: Iron Valiant
|-supereffective|p2a: Iron Valiant
|-damage|p2a: Iron Valiant|0 fnt
|faint|p2a: Iron Valiant
|-end|p2a: Iron Valiant|Quark Drive|[silent]
|
|-heal|p1a: Hatterene|60/100|[from] item: Leftovers
|upkeep
|
|t:|1769391844
|switch|p2a: Toxapex|Toxapex, F|40/100
|turn|24
|
|t:|1769391849
|switch|p2a: Goodra|Goodra-Hisui, F|76/100
|move|p1a: Hatterene|Calm Mind|p1a: Hatterene
|-boost|p1a: Hatterene|spa|1
|-boost|p1a: Hatterene|spd|1
|
|-heal|p1a: Hatterene|66/100|[from] item: Leftovers
|upkeep
|turn|25
|
|t:|1769391858
|move|p2a: Goodra|Sludge Bomb|p1a: Hatterene
|-supereffective|p1a: Hatterene
|-damage|p1a: Hatterene|39/100
|-status|p1a: Hatterene|psn
|move|p1a: Hatterene|Mystical Fire|p2a: Goodra
|-damage|p2a: Goodra|57/100
|-unboost|p2a: Goodra|spa|1
|
|-heal|p1a: Hatterene|45/100 psn|[from] item: Leftovers
|-damage|p1a: Hatterene|33/100 psn|[from] psn
|upkeep
|turn|26
|
|t:|1769391871
|switch|p2a: Toxapex|Toxapex, F|73/100
|move|p1a: Hatterene|Calm Mind|p1a: Hatterene
|-boost|p1a: Hatterene|spa|1
|-boost|p1a: Hatterene|spd|1
|
|-heal|p1a: Hatterene|39/100 psn|[from] item: Leftovers
|-damage|p1a: Hatterene|26/100 psn|[from] psn
|upkeep
|turn|27
|
|t:|1769391881
|switch|p2a: Goodra|Goodra-Hisui, F|57/100
|move|p1a: Hatterene|Shadow Ball|p2a: Goodra
|-crit|p2a: Goodra
|-damage|p2a: Goodra|16/100
|
|-heal|p1a: Hatterene|33/100 psn|[from] item: Leftovers
|-damage|p1a: Hatterene|20/100 psn|[from] psn
|upkeep
|turn|28
|-message|wakan forfeited.
|
|win|Dlaoshi D
|raw|wakan's rating: 1118 &rarr; <strong>1090</strong><br />(-28 for losing)
|raw|Dlaoshi D's rating: 1083 &rarr; <strong>1113</strong><br />(+30 for winning)
|l|☆wakan
|player|p1|
