|j|☆suaiaj
|j|☆agent00beef
|t:|1769382531
|gametype|singles
|player|p1|suaiaj|wallace|1563
|player|p2|agent00beef|hilda|1549
|gen|9
|tier|[Gen 9] OU
|rated|
|rule|HP Percentage Mod: HP is shown in percentages
|rule|Endless Battle Clause: Forcing endless battles is banned
|rule|Species Clause: Limit one of each Pokémon
|rule|OHKO Clause: OHKO moves are banned
|rule|Evasion Items Clause: Evasion items are banned
|rule|Evasion Moves Clause: Evasion moves are banned
|rule|Evasion Abilities Clause: Evasion abilities are banned
|rule|Sleep Moves Clause: Sleep-inducing moves are banned
|clearpoke
|poke|p1|Tyranitar, F|
|poke|p1|Gholdengo|
|poke|p1|Sandy Shocks|
|poke|p1|Kyurem|
|poke|p1|Landorus-Therian, M|
|poke|p1|Hatterene, F|
|poke|p2|Iron Valiant|
|poke|p2|Araquanid, F|
|poke|p2|Raging Bolt|
|poke|p2|Gholdengo|
|poke|p2|Kingambit, F|
|poke|p2|Iron Moth|
|teampreview
|
|t:|1769382546
|teamsize|p1|6
|teamsize|p2|6
|start
|switch|p1a: Tyranitar|Tyranitar, F|100/100
|switch|p2a: Araquanid|Araquanid, F|100/100
|-weather|Sandstorm|[from] ability: Sand Stream|[of] p1a: Tyranitar
|turn|1
|inactive|Battle timer is ON: inactive players will automatically lose when time's up. (requested by agent00beef)
|
|t:|1769382553
|move|p1a: Tyranitar|Stone Edge|p2a: Araquanid
|-supereffective|p2a: Araquanid
|-damage|p2a: Araquanid|0 fnt
|faint|p2a: Araquanid
|
|-weather|Sandstorm|[upkeep]
|upkeep
|
|t:|1769382565
|switch|p2a: Gholdengo|Gholdengo|100/100
|-item|p2a: Gholdengo|Air Balloon
|turn|2
|
|t:|1769382577
|switch|p1a: Sandy Shocks|Sandy Shocks|100/100
|-enditem|p1a: Sandy Shocks|Booster Energy
|-activate|p1a: Sandy Shocks|ability: Protosynthesis|[fromitem]
|-start|p1a: Sandy Shocks|protosynthesisspe
|move|p2a: Gholdengo|Nasty Plot|p2a: Gholdengo
|-boost|p2a: Gholdengo|spa|2
|
|-weather|Sandstorm|[upkeep]
|upkeep
|turn|3
|
|t:|1769382601
|move|p1a: Sandy Shocks|Discharge|p2a: Gholdengo
|-damage|p2a: Gholdengo|55/100
|-enditem|p2a: Gholdengo|Air Balloon
|move|p2a: Gholdengo|Shadow Ball|p1a: Sandy Shocks
|-damage|p1a: Sandy Shocks|0 fnt
|faint|p1a: Sandy Shocks
|-end|p1a: Sandy Shocks|Protosynthesis|[silent]
|
|-weather|Sandstorm|[upkeep]
|upkeep
|
|t:|1769382609
|switch|p1a: Landorus|Landorus-Therian, M|100/100
|-ability|p1a: Landorus|Intimidate|boost
|-unboost|p2a: Gholdengo|atk|1
|turn|4
|
|t:|1769382633
|-terastallize|p2a: Gholdengo|Flying
|move|p1a: Landorus|Earthquake|p2a: Gholdengo
|-immune|p2a: Gholdengo
|move|p2a: Gholdengo|Make It Rain|p1a: Landorus
|-damage|p1a: Landorus|0 fnt
|-unboost|p2a: Gholdengo|spa|1
|faint|p1a: Landorus
|
|-weather|Sandstorm|[upkeep]
|-damage|p2a: Gholdengo|49/100|[from] Sandstorm
|upkeep
|
|t:|1769382641
|switch|p1a: Kyurem|Kyurem, shiny|100/100
|-ability|p1a: Kyurem|Pressure
|turn|5
|
|t:|1769382653
|move|p1a: Kyurem|Draco Meteor|p2a: Gholdengo
|-damage|p2a: Gholdengo|0 fnt
|-unboost|p1a: Kyurem|spa|2
|faint|p2a: Gholdengo
|
|-weather|none
|upkeep
|
|t:|1769382659
|switch|p2a: Iron Valiant|Iron Valiant|100/100
|-enditem|p2a: Iron Valiant|Booster Energy
|-activate|p2a: Iron Valiant|ability: Quark Drive|[fromitem]
|-start|p2a: Iron Valiant|quarkdrivespa
|turn|6
|
|t:|1769382663
|switch|p1a: Gholdengo|Gholdengo|100/100
|-item|p1a: Gholdengo|Air Balloon
|move|p2a: Iron Valiant|Calm Mind|p2a: Iron Valiant
|-boost|p2a: Iron Valiant|spa|1
|-boost|p2a: Iron Valiant|spd|1
|
|upkeep
|turn|7
|
|t:|1769382668
|move|p2a: Iron Valiant|Shadow Ball|p1a: Gholdengo
|-supereffective|p1a: Gholdengo
|-damage|p1a: Gholdengo|0 fnt
|-enditem|p1a: Gholdengo|Air Balloon
|faint|p1a: Gholdengo
|
|upkeep
|
|t:|1769382677
|switch|p1a: Hatterene|Hatterene, F|100/100
|turn|8
|
|t:|1769382687
|move|p2a: Iron Valiant|Shadow Ball|p1a: Hatterene
|-supereffective|p1a: Hatterene
|-damage|p1a: Hatterene|26/100
|move|p1a: Hatterene|Nuzzle|p2a: Iron Valiant
|-damage|p2a: Iron Valiant|96/100
|-status|p2a: Iron Valiant|par
|
|upkeep
|turn|9
|
|t:|1769382691
|move|p2a: Iron Valiant|Shadow Ball|p1a: Hatterene
|-supereffective|p1a: Hatterene
|-damage|p1a: Hatterene|0 fnt
|faint|p1a: Hatterene
|
|upkeep
|
|t:|1769382694
|switch|p1a: Kyurem|Kyurem, shiny|100/100
|-ability|p1a: Kyurem|Pressure
|turn|10
|
|t:|1769382697
|move|p2a: Iron Valiant|Vacuum Wave|p1a: Kyurem
|-supereffective|p1a: Kyurem
|-damage|p1a: Kyurem|13/100
|move|p1a: Kyurem|Ice Beam|p2a: Iron Valiant
|-damage|p2a: Iron Valiant|14/100 par
|
|upkeep
|turn|11
|
|t:|1769382703
|move|p2a: Iron Valiant|Vacuum Wave|p1a: Kyurem
|-supereffective|p1a: Kyurem
|-damage|p1a: Kyurem|0 fnt
|faint|p1a: Kyurem
|
|upkeep
|
|t:|1769382705
|switch|p1a: Tyranitar|Tyranitar, F|100/100
|-weather|Sandstorm|[from] ability: Sand Stream|[of] p1a: Tyranitar
|turn|12
|
|t:|1769382715
|move|p2a: Iron Valiant|Vacuum Wave|p1a: Tyranitar
|-supereffective|p1a: Tyranitar
|-damage|p1a: Tyranitar|1/100
|move|p1a: Tyranitar|Low Kick|p2a: Iron Valiant
|-resisted|p2a: Iron Valiant
|-damage|p2a: Iron Valiant|0 fnt
|faint|p2a: Iron Valiant
|-end|p2a: Iron Valiant|Quark Drive|[silent]
|
|-weather|Sandstorm|[upkeep]
|upkeep
|c|☆agent00beef|wow hes tanky
|
|t:|1769382726
|switch|p2a: Iron Moth|Iron Moth|100/100
|-enditem|p2a: Iron Moth|Booster Energy
|-activate|p2a: Iron Moth|ability: Quark Drive|[fromitem]
|-start|p2a: Iron Moth|quarkdrivespa
|turn|13
|
|t:|1769382740
|move|p2a: Iron Moth|Fiery Dance|p1a: Tyranitar
|-resisted|p1a: Tyranitar
|-damage|p1a: Tyranitar|0 fnt
|-boost|p2a: Iron Moth|spa|1
|faint|p1a: Tyranitar
|
|win|agent00beef
|raw|suaiaj's rating: 1563 &rarr; <strong>1542</strong><br />(-21 for losing)
|raw|agent00beef's rating: 1549 &rarr; <strong>1570</strong><br />(+21 for winning)
