|j|☆Kingambots
|j|☆Igoodnamename
|t:|1769377790
|gametype|singles
|player|p1|Kingambots|wattson|1598
|player|p2|Igoodnamename|266|1625
|gen|9
|tier|[Gen 9] OU
|rated|
|rule|HP Percentage Mod: HP is shown in percentages
|rule|Endless Battle Clause: Forcing endless battles is banned
|rule|Species Clause: Limit one of each Pokémon
|rule|OHKO Clause: OHKO moves are banned
|rule|Evasion Items Clause: Evasion items are banned
|rule|Evasion Moves Clause: Evasion moves are banned
|rule|Evasion Abilities Clause: Evasion abilities are banned
|rule|Sleep Moves Clause: Sleep-inducing moves are banned
|clearpoke
|poke|p1|Pecharunt|
|poke|p1|Cinderace, F|
|poke|p1|Darkrai|
|poke|p1|Landorus-Therian, M|
|poke|p1|Zamazenta-*|
|poke|p1|Samurott-Hisui, M|
|poke|p2|Walking Wake|
|poke|p2|Sinistcha|
|poke|p2|Tinkaton, F|
|poke|p2|Weavile, F|
|poke|p2|Ting-Lu|
|poke|p2|Moltres|
|teampreview
|inactive|Battle timer is ON: inactive players will automatically lose when time's up. (requested by Kingambots)
|
|t:|1769377805
|teamsize|p1|6
|teamsize|p2|6
|start
|switch|p1a: Darkrai|Darkrai|100/100
|switch|p2a: Tinkaton|Tinkaton, F|100/100
|-ability|p2a: Tinkaton|Mold Breaker
|-item|p2a: Tinkaton|Air Balloon
|turn|1
|
|t:|1769377814
|move|p1a: Darkrai|Trick|p2a: Tinkaton
|-activate|p1a: Darkrai|move: Trick|[of] p2a: Tinkaton
|-item|p2a: Tinkaton|Choice Specs|[from] move: Trick
|-item|p1a: Darkrai|Air Balloon
|-item|p1a: Darkrai|Air Balloon|[from] move: Trick
|move|p2a: Tinkaton|Stealth Rock|p1a: Darkrai
|-sidestart|p1: Kingambots|move: Stealth Rock
|
|upkeep
|turn|2
|
|t:|1769377828
|switch|p1a: Cinderace|Cinderace, F|100/100
|switch|p2a: Ting-Lu|Ting-Lu|100/100
|-ability|p2a: Ting-Lu|Vessel of Ruin
|
|upkeep
|turn|3
|
|t:|1769377831
|move|p1a: Cinderace|Will-O-Wisp|p2a: Ting-Lu
|-status|p2a: Ting-Lu|brn
|move|p2a: Ting-Lu|Ruination|p1a: Cinderace
|-damage|p1a: Cinderace|51/100
|
|-damage|p2a: Ting-Lu|94/100 brn|[from] brn
|upkeep
|turn|4
|
|t:|1769377834
|move|p1a: Cinderace|Court Change|p1a: Cinderace
|-swapsideconditions
|-activate|p1a: Cinderace|move: Court Change
|move|p2a: Ting-Lu|Earthquake|p1a: Cinderace
|-supereffective|p1a: Cinderace
|-damage|p1a: Cinderace|8/100
|
|-heal|p2a: Ting-Lu|100/100 brn|[from] item: Leftovers
|-damage|p2a: Ting-Lu|94/100 brn|[from] brn
|upkeep
|turn|5
|
|t:|1769377837
|move|p1a: Cinderace|Pyro Ball|p2a: Ting-Lu
|-damage|p2a: Ting-Lu|56/100 brn
|move|p2a: Ting-Lu|Spikes|p1a: Cinderace
|-sidestart|p1: Kingambots|Spikes
|
|-heal|p2a: Ting-Lu|62/100 brn|[from] item: Leftovers
|-damage|p2a: Ting-Lu|56/100 brn|[from] brn
|upkeep
|turn|6
|
|t:|1769377841
|move|p1a: Cinderace|U-turn|p2a: Ting-Lu
|-supereffective|p2a: Ting-Lu
|-damage|p2a: Ting-Lu|35/100 brn
|
|t:|1769377847
|switch|p1a: Samurott|Samurott-Hisui, M|100/100|[from] U-turn
|-damage|p1a: Samurott|88/100|[from] Spikes
|move|p2a: Ting-Lu|Earthquake|p1a: Samurott
|-damage|p1a: Samurott|69/100
|
|-heal|p2a: Ting-Lu|41/100 brn|[from] item: Leftovers
|-damage|p2a: Ting-Lu|35/100 brn|[from] brn
|upkeep
|turn|7
|
|t:|1769377851
|switch|p2a: Tinkaton|Tinkaton, F|100/100
|-damage|p2a: Tinkaton|94/100|[from] Stealth Rock
|-ability|p2a: Tinkaton|Mold Breaker
|move|p1a: Samurott|Ceaseless Edge|p2a: Tinkaton
|-resisted|p2a: Tinkaton
|-damage|p2a: Tinkaton|70/100
|-sidestart|p2: Igoodnamename|Spikes
|
|upkeep
|turn|8
|
|t:|1769377858
|move|p2a: Tinkaton|Thunder Wave|p1a: Samurott
|-status|p1a: Samurott|par
|move|p1a: Samurott|Razor Shell|p2a: Tinkaton
|-damage|p2a: Tinkaton|16/100
|-unboost|p2a: Tinkaton|def|1
|
|upkeep
|turn|9
|
|t:|1769377863
|switch|p2a: Walking Wake|Walking Wake|100/100
|cant|p1a: Samurott|par
|
|upkeep
|turn|10
|
|t:|1769377872
|move|p2a: Walking Wake|Knock Off|p1a: Samurott
|-resisted|p1a: Samurott
|-damage|p1a: Samurott|59/100 par
|-enditem|p1a: Samurott|Assault Vest|[from] move: Knock Off|[of] p2a: Walking Wake
|cant|p1a: Samurott|par
|
|upkeep
|turn|11
|
|t:|1769377877
|move|p2a: Walking Wake|Draco Meteor|p1a: Samurott
|-damage|p1a: Samurott|0 fnt
|-unboost|p2a: Walking Wake|spa|2
|faint|p1a: Samurott
|
|upkeep
|
|t:|1769377887
|switch|p1a: Darkrai|Darkrai|100/100
|-item|p1a: Darkrai|Air Balloon
|turn|12
|
|t:|1769377892
|move|p1a: Darkrai|Dark Pulse|p2a: Walking Wake
|-damage|p2a: Walking Wake|52/100
|move|p2a: Walking Wake|Flip Turn|p1a: Darkrai
|-damage|p1a: Darkrai|78/100
|-enditem|p1a: Darkrai|Air Balloon
|
|t:|1769377909
|-end|p2a: Walking Wake|Protosynthesis|[silent]
|switch|p2a: Moltres|Moltres|100/100|[from] Flip Turn
|
|upkeep
|turn|13
|
|t:|1769377913
|move|p1a: Darkrai|Trick|p2a: Moltres
|-activate|p1a: Darkrai|move: Trick|[of] p2a: Moltres
|-enditem|p2a: Moltres|Heavy-Duty Boots|[silent]|[from] move: Trick
|-item|p1a: Darkrai|Heavy-Duty Boots|[from] move: Trick
|move|p2a: Moltres|Flamethrower|p1a: Darkrai
|-damage|p1a: Darkrai|29/100
|
|upkeep
|turn|14
|
|t:|1769377920
|move|p1a: Darkrai|Dark Pulse|p2a: Moltres
|-damage|p2a: Moltres|54/100
|cant|p2a: Moltres|flinch
|
|upkeep
|turn|15
|
|t:|1769377924
|move|p1a: Darkrai|Dark Pulse|p2a: Moltres
|-damage|p2a: Moltres|8/100
|cant|p2a: Moltres|flinch
|
|upkeep
|turn|16
|
|t:|1769377928
|move|p1a: Darkrai|Dark Pulse|p2a: Moltres
|-damage|p2a: Moltres|0 fnt
|faint|p2a: Moltres
|
|upkeep
|
|t:|1769377937
|switch|p2a: Weavile|Weavile, F|100/100
|-ability|p2a: Weavile|Pressure
|turn|17
|
|t:|1769377945
|switch|p1a: Zamazenta|Zamazenta|100/100
|-ability|p1a: Zamazenta|Dauntless Shield|boost
|-boost|p1a: Zamazenta|def|1
|move|p2a: Weavile|Knock Off|p1a: Zamazenta
|-resisted|p1a: Zamazenta
|-damage|p1a: Zamazenta|85/100
|-enditem|p1a: Zamazenta|Heavy-Duty Boots|[from] move: Knock Off|[of] p2a: Weavile
|
|upkeep
|turn|18
|
|t:|1769377952
|switch|p2a: Sinistcha|Sinistcha|100/100
|move|p1a: Zamazenta|Crunch|p2a: Sinistcha
|-supereffective|p2a: Sinistcha
|-damage|p2a: Sinistcha|63/100
|
|upkeep
|turn|19
|
|t:|1769377958
|switch|p1a: Darkrai|Darkrai|29/100
|move|p2a: Sinistcha|Strength Sap|p1a: Darkrai
|-unboost|p1a: Darkrai|atk|1
|-heal|p2a: Sinistcha|100/100
|
|upkeep
|turn|20
|
|t:|1769377966
|switch|p2a: Weavile|Weavile, F|100/100
|-ability|p2a: Weavile|Pressure
|move|p1a: Darkrai|Dark Pulse|p2a: Weavile
|-resisted|p2a: Weavile
|-damage|p2a: Weavile|73/100
|
|upkeep
|turn|21
|
|t:|1769377974
|switch|p1a: Zamazenta|Zamazenta|85/100
|-damage|p1a: Zamazenta|72/100|[from] Spikes
|move|p2a: Weavile|Triple Axel|p1a: Zamazenta
|-damage|p1a: Zamazenta|62/100
|-damage|p1a: Zamazenta|45/100
|-damage|p1a: Zamazenta|17/100
|-hitcount|p1a: Zamazenta|3
|
|upkeep
|turn|22
|
|t:|1769377983
|switch|p2a: Sinistcha|Sinistcha|100/100
|move|p1a: Zamazenta|Heavy Slam|p2a: Sinistcha
|-damage|p2a: Sinistcha|76/100
|
|upkeep
|turn|23
|
|t:|1769377988
|move|p1a: Zamazenta|Crunch|p2a: Sinistcha
|-supereffective|p2a: Sinistcha
|-damage|p2a: Sinistcha|37/100
|move|p2a: Sinistcha|Matcha Gotcha|p1a: Zamazenta
|-damage|p1a: Zamazenta|0 fnt
|-heal|p2a: Sinistcha|45/100|[from] drain|[of] p1a: Zamazenta
|faint|p1a: Zamazenta
|
|upkeep
|
|t:|1769377991
|switch|p1a: Darkrai|Darkrai|29/100
|turn|24
|
|t:|1769377996
|switch|p2a: Tinkaton|Tinkaton, F|16/100
|-damage|p2a: Tinkaton|10/100|[from] Stealth Rock
|-damage|p2a: Tinkaton|0 fnt|[from] Spikes
|faint|p2a: Tinkaton
|move|p1a: Darkrai|Sludge Bomb|p2: Tinkaton|[notarget]
|-fail|p1a: Darkrai
|
|upkeep
|
|t:|1769377999
|switch|p2a: Weavile|Weavile, F|73/100
|-ability|p2a: Weavile|Pressure
|turn|25
|
|t:|1769378007
|switch|p1a: Pecharunt|Pecharunt|100/100
|move|p2a: Weavile|Swords Dance|p2a: Weavile
|-boost|p2a: Weavile|atk|2
|
|upkeep
|turn|26
|
|t:|1769378012
|move|p2a: Weavile|Knock Off|p1a: Pecharunt
|-supereffective|p1a: Pecharunt
|-damage|p1a: Pecharunt|14/100
|-enditem|p1a: Pecharunt|Heavy-Duty Boots|[from] move: Knock Off|[of] p2a: Weavile
|move|p1a: Pecharunt|Malignant Chain|p2a: Weavile
|-damage|p2a: Weavile|29/100
|-status|p2a: Weavile|tox
|-start|p2a: Weavile|confusion|[from] ability: Poison Puppeteer|[of] p1a: Pecharunt
|
|-damage|p2a: Weavile|23/100 tox|[from] psn
|upkeep
|turn|27
|
|t:|1769378019
|-activate|p2a: Weavile|confusion
|-damage|p2a: Weavile|0 fnt|[from] confusion
|faint|p2a: Weavile
|move|p1a: Pecharunt|Recover|p1a: Pecharunt
|-heal|p1a: Pecharunt|64/100
|
|upkeep
|
|t:|1769378025
|switch|p2a: Walking Wake|Walking Wake|52/100
|turn|28
|
|t:|1769378032
|move|p2a: Walking Wake|Draco Meteor|p1a: Pecharunt
|-damage|p1a: Pecharunt|0 fnt
|-unboost|p2a: Walking Wake|spa|2
|faint|p1a: Pecharunt
|
|upkeep
|
|t:|1769378040
|switch|p1a: Darkrai|Darkrai|29/100
|turn|29
|
|t:|1769378048
|-terastallize|p2a: Walking Wake|Fairy
|move|p1a: Darkrai|Dark Pulse|p2a: Walking Wake
|-resisted|p2a: Walking Wake
|-damage|p2a: Walking Wake|28/100
|cant|p2a: Walking Wake|flinch
|
|upkeep
|turn|30
|
|t:|1769378056
|move|p1a: Darkrai|Sludge Bomb|p2a: Walking Wake
|-supereffective|p2a: Walking Wake
|-damage|p2a: Walking Wake|0 fnt
|faint|p2a: Walking Wake
|-end|p2a: Walking Wake|Protosynthesis|[silent]
|
|upkeep
|
|t:|1769378058
|switch|p2a: Ting-Lu|Ting-Lu|35/100 brn
|-damage|p2a: Ting-Lu|29/100 brn|[from] Stealth Rock
|-damage|p2a: Ting-Lu|16/100 brn|[from] Spikes
|-ability|p2a: Ting-Lu|Vessel of Ruin
|turn|31
|
|t:|1769378062
|move|p1a: Darkrai|Ice Beam|p2a: Ting-Lu
|-supereffective|p2a: Ting-Lu
|-damage|p2a: Ting-Lu|0 fnt
|faint|p2a: Ting-Lu
|
|upkeep
|
|t:|1769378063
|switch|p2a: Sinistcha|Sinistcha|45/100
|turn|32
|
|t:|1769378066
|move|p1a: Darkrai|Dark Pulse|p2a: Sinistcha
|-supereffective|p2a: Sinistcha
|-damage|p2a: Sinistcha|0 fnt
|faint|p2a: Sinistcha
|
|win|Kingambots
|raw|Kingambots's rating: 1598 &rarr; <strong>1620</strong><br />(+22 for winning)
|raw|Igoodnamename's rating: 1625 &rarr; <strong>1603</strong><br />(-22 for losing)
|c|☆Igoodnamename|ggs
|l|☆Kingambots
|player|p1|
|l|☆Igoodnamename
|player|p2|
