|j|☆only_one_shot_33
|j|☆Goblin Demolisher
|t:|1769383100
|gametype|singles
|player|p1|only_one_shot_33|barry|1473
|player|p2|Goblin Demolisher|cheryl|1539
|gen|9
|tier|[Gen 9] OU
|rated|
|rule|HP Percentage Mod: HP is shown in percentages
|rule|Endless Battle Clause: Forcing endless battles is banned
|rule|Species Clause: Limit one of each Pokémon
|rule|OHKO Clause: OHKO moves are banned
|rule|Evasion Items Clause: Evasion items are banned
|rule|Evasion Moves Clause: Evasion moves are banned
|rule|Evasion Abilities Clause: Evasion abilities are banned
|rule|Sleep Moves Clause: Sleep-inducing moves are banned
|clearpoke
|poke|p1|Alomomola, F|
|poke|p1|Weezing-Galar, F|
|poke|p1|Armarouge, F|
|poke|p1|Tyranitar, F|
|poke|p1|Rillaboom, F|
|poke|p1|Regidrago|
|poke|p2|Mienshao, F|
|poke|p2|Alomomola, M|
|poke|p2|Kyurem|
|poke|p2|Great Tusk|
|poke|p2|Tornadus-Therian, M|
|poke|p2|Iron Crown|
|teampreview
|inactive|Battle timer is ON: inactive players will automatically lose when time's up. (requested by only_one_shot_33)
|
|t:|1769383120
|teamsize|p1|6
|teamsize|p2|6
|start
|switch|p1a: Tyranitar|Tyranitar, F|100/100
|switch|p2a: Mienshao|Mienshao, F|100/100
|-weather|Sandstorm|[from] ability: Sand Stream|[of] p1a: Tyranitar
|turn|1
|
|t:|1769383131
|switch|p1a: Alomomola|Alomomola, F|100/100
|move|p2a: Mienshao|High Jump Kick|p1a: Alomomola
|-damage|p1a: Alomomola|36/100
|
|-weather|Sandstorm|[upkeep]
|-damage|p2a: Mienshao|95/100|[from] Sandstorm
|-damage|p1a: Alomomola|30/100|[from] Sandstorm
|upkeep
|turn|2
|
|t:|1769383145
|switch|p2a: Kyurem|Kyurem|100/100
|-ability|p2a: Kyurem|Pressure
|switch|p1a: Tyranitar|Tyranitar, F|100/100
|
|-weather|Sandstorm|[upkeep]
|-damage|p2a: Kyurem|94/100|[from] Sandstorm
|upkeep
|turn|3
|
|t:|1769383156
|switch|p2a: Alomomola|Alomomola, M|100/100
|move|p1a: Tyranitar|Stealth Rock|p2a: Alomomola
|-sidestart|p2: Goblin Demolisher|move: Stealth Rock
|
|-weather|Sandstorm|[upkeep]
|-damage|p2a: Alomomola|94/100|[from] Sandstorm
|upkeep
|turn|4
|
|t:|1769383163
|switch|p1a: Alomomola|Alomomola, F|63/100
|move|p2a: Alomomola|Flip Turn|p1a: Alomomola
|-resisted|p1a: Alomomola
|-damage|p1a: Alomomola|58/100
|
|t:|1769383165
|switch|p2a: Great Tusk|Great Tusk|100/100|[from] Flip Turn
|
|-weather|Sandstorm|[upkeep]
|-damage|p1a: Alomomola|52/100|[from] Sandstorm
|upkeep
|turn|5
|
|t:|1769383172
|move|p2a: Great Tusk|Rapid Spin|p1a: Alomomola
|-damage|p1a: Alomomola|44/100
|-boost|p2a: Great Tusk|spe|1
|-sideend|p2: Goblin Demolisher|Stealth Rock|[from] move: Rapid Spin|[of] p2a: Great Tusk
|move|p1a: Alomomola|Flip Turn|p2a: Great Tusk
|-supereffective|p2a: Great Tusk
|-damage|p2a: Great Tusk|78/100
|
|t:|1769383174
|switch|p1a: Rillaboom|Rillaboom, F|100/100|[from] Flip Turn
|-fieldstart|move: Grassy Terrain|[from] ability: Grassy Surge|[of] p1a: Rillaboom
|
|-weather|none
|-heal|p2a: Great Tusk|85/100|[from] Grassy Terrain
|upkeep
|turn|6
|
|t:|1769383181
|-end|p2a: Great Tusk|Protosynthesis|[silent]
|switch|p2a: Tornadus|Tornadus-Therian, M|100/100
|switch|p1a: Alomomola|Alomomola, F|77/100
|
|-heal|p1a: Alomomola|83/100|[from] Grassy Terrain
|upkeep
|turn|7
|
|t:|1769383186
|move|p2a: Tornadus|Knock Off|p1a: Alomomola
|-damage|p1a: Alomomola|70/100
|-enditem|p1a: Alomomola|Heavy-Duty Boots|[from] move: Knock Off|[of] p2a: Tornadus
|move|p1a: Alomomola|Flip Turn|p2a: Tornadus
|-damage|p2a: Tornadus|83/100
|
|t:|1769383196
|switch|p1a: Armarouge|Armarouge, F|100/100|[from] Flip Turn
|
|upkeep
|turn|8
|
|t:|1769383203
|switch|p1a: Alomomola|Alomomola, F|100/100
|move|p2a: Tornadus|U-turn|p1a: Alomomola
|-crit|p1a: Alomomola
|-damage|p1a: Alomomola|87/100
|
|t:|1769383211
|switch|p2a: Kyurem|Kyurem|94/100|[from] U-turn
|-ability|p2a: Kyurem|Pressure
|
|-heal|p2a: Kyurem|100/100|[from] Grassy Terrain
|-heal|p1a: Alomomola|93/100|[from] Grassy Terrain
|upkeep
|turn|9
|
|t:|1769383214
|switch|p1a: Tyranitar|Tyranitar, F|100/100
|-weather|Sandstorm|[from] ability: Sand Stream|[of] p1a: Tyranitar
|move|p2a: Kyurem|Freeze-Dry|p1a: Tyranitar
|-damage|p1a: Tyranitar|80/100
|
|-weather|Sandstorm|[upkeep]
|-damage|p2a: Kyurem|94/100|[from] Sandstorm
|-heal|p2a: Kyurem|100/100|[from] Grassy Terrain
|-heal|p1a: Tyranitar|86/100|[from] Grassy Terrain
|-heal|p1a: Tyranitar|92/100|[from] item: Leftovers
|-fieldend|move: Grassy Terrain
|upkeep
|turn|10
|
|t:|1769383225
|switch|p2a: Great Tusk|Great Tusk|85/100
|move|p1a: Tyranitar|Ice Beam|p2a: Great Tusk
|-supereffective|p2a: Great Tusk
|-damage|p2a: Great Tusk|38/100
|
|-weather|Sandstorm|[upkeep]
|-heal|p1a: Tyranitar|98/100|[from] item: Leftovers
|upkeep
|turn|11
|
|t:|1769383234
|switch|p1a: Alomomola|Alomomola, F|100/100
|move|p2a: Great Tusk|Stealth Rock|p1a: Alomomola
|-sidestart|p1: only_one_shot_33|move: Stealth Rock
|
|-weather|Sandstorm|[upkeep]
|-damage|p1a: Alomomola|94/100|[from] Sandstorm
|upkeep
|turn|12
|
|t:|1769383242
|-end|p2a: Great Tusk|Protosynthesis|[silent]
|switch|p2a: Iron Crown|Iron Crown|100/100
|move|p1a: Alomomola|Flip Turn|p2a: Iron Crown
|-damage|p2a: Iron Crown|85/100
|
|t:|1769383257
|switch|p1a: Tyranitar|Tyranitar, F|98/100|[from] Flip Turn
|-damage|p1a: Tyranitar|86/100|[from] Stealth Rock
|
|-weather|Sandstorm|[upkeep]
|-heal|p1a: Tyranitar|92/100|[from] item: Leftovers
|upkeep
|turn|13
|
|t:|1769383260
|move|p2a: Iron Crown|Focus Blast|p1a: Tyranitar|[miss]
|-miss|p2a: Iron Crown|p1a: Tyranitar
|move|p1a: Tyranitar|Knock Off|p2a: Iron Crown
|-supereffective|p2a: Iron Crown
|-damage|p2a: Iron Crown|0 fnt
|-enditem|p2a: Iron Crown|Choice Scarf|[from] move: Knock Off|[of] p1a: Tyranitar
|faint|p2a: Iron Crown
|-end|p2a: Iron Crown|Quark Drive|[silent]
|
|-weather|none
|-heal|p1a: Tyranitar|98/100|[from] item: Leftovers
|upkeep
|
|t:|1769383266
|switch|p2a: Mienshao|Mienshao, F|100/100
|turn|14
|
|t:|1769383272
|switch|p1a: Weezing|Weezing-Galar, F|100/100
|-ability|p1a: Weezing|Neutralizing Gas
|move|p2a: Mienshao|High Jump Kick|p1a: Weezing
|-resisted|p1a: Weezing
|-damage|p1a: Weezing|85/100
|
|upkeep
|turn|15
|
|t:|1769383282
|switch|p2a: Kyurem|Kyurem|100/100
|move|p1a: Weezing|Defog|p2a: Kyurem
|-unboost|p2a: Kyurem|evasion|1
|-sideend|p1: only_one_shot_33|Stealth Rock|[from] move: Defog|[of] p1a: Weezing
|
|upkeep
|turn|16
|
|t:|1769383294
|-end|p1a: Weezing|ability: Neutralizing Gas
|-ability|p2a: Kyurem|Pressure
|switch|p1a: Tyranitar|Tyranitar, F|98/100
|-weather|Sandstorm|[from] ability: Sand Stream|[of] p1a: Tyranitar
|-terastallize|p2a: Kyurem|Ground
|move|p2a: Kyurem|Earth Power|p1a: Tyranitar
|-supereffective|p1a: Tyranitar
|-damage|p1a: Tyranitar|35/100
|
|-weather|Sandstorm|[upkeep]
|-heal|p1a: Tyranitar|42/100|[from] item: Leftovers
|upkeep
|turn|17
|
|t:|1769383306
|switch|p1a: Rillaboom|Rillaboom, F|100/100
|-fieldstart|move: Grassy Terrain|[from] ability: Grassy Surge|[of] p1a: Rillaboom
|move|p2a: Kyurem|Earth Power|p1a: Rillaboom
|-resisted|p1a: Rillaboom
|-damage|p1a: Rillaboom|53/100
|
|-weather|Sandstorm|[upkeep]
|-damage|p1a: Rillaboom|47/100|[from] Sandstorm
|-heal|p1a: Rillaboom|53/100|[from] Grassy Terrain
|upkeep
|turn|18
|
|t:|1769383326
|switch|p2a: Tornadus|Tornadus-Therian, M|100/100
|move|p1a: Rillaboom|Grassy Glide|p2a: Tornadus
|-resisted|p2a: Tornadus
|-damage|p2a: Tornadus|71/100
|
|-weather|Sandstorm|[upkeep]
|-damage|p2a: Tornadus|65/100|[from] Sandstorm
|-damage|p1a: Rillaboom|47/100|[from] Sandstorm
|-heal|p1a: Rillaboom|53/100|[from] Grassy Terrain
|upkeep
|turn|19
|
|t:|1769383333
|switch|p1a: Armarouge|Armarouge, F|100/100
|move|p2a: Tornadus|U-turn|p1a: Armarouge
|-damage|p1a: Armarouge|87/100
|-ability|p1a: Armarouge|Weak Armor|boost
|-unboost|p1a: Armarouge|def|1
|-boost|p1a: Armarouge|spe|2
|
|t:|1769383341
|switch|p2a: Alomomola|Alomomola, M|100/100|[from] U-turn
|
|-weather|Sandstorm|[upkeep]
|-damage|p1a: Armarouge|81/100|[from] Sandstorm
|-damage|p2a: Alomomola|94/100|[from] Sandstorm
|-heal|p1a: Armarouge|87/100|[from] Grassy Terrain
|-heal|p1a: Armarouge|93/100|[from] item: Leftovers
|-heal|p2a: Alomomola|100/100|[from] Grassy Terrain
|upkeep
|turn|20
|
|t:|1769383349
|move|p1a: Armarouge|Calm Mind|p1a: Armarouge
|-boost|p1a: Armarouge|spa|1
|-boost|p1a: Armarouge|spd|1
|move|p2a: Alomomola|Mirror Coat||[still]
|-fail|p2a: Alomomola
|
|-weather|none
|-heal|p1a: Armarouge|99/100|[from] Grassy Terrain
|-heal|p1a: Armarouge|100/100|[from] item: Leftovers
|upkeep
|turn|21
|
|t:|1769383358
|-terastallize|p1a: Armarouge|Grass
|move|p1a: Armarouge|Calm Mind|p1a: Armarouge
|-boost|p1a: Armarouge|spa|1
|-boost|p1a: Armarouge|spd|1
|move|p2a: Alomomola|Flip Turn|p1a: Armarouge
|-resisted|p1a: Armarouge
|-damage|p1a: Armarouge|89/100
|-ability|p1a: Armarouge|Weak Armor|boost
|-unboost|p1a: Armarouge|def|1
|-boost|p1a: Armarouge|spe|2
|
|t:|1769383374
|switch|p2a: Mienshao|Mienshao, F|100/100|[from] Flip Turn
|
|-heal|p1a: Armarouge|95/100|[from] Grassy Terrain
|-heal|p1a: Armarouge|100/100|[from] item: Leftovers
|-fieldend|move: Grassy Terrain
|upkeep
|turn|22
|
|t:|1769383382
|move|p1a: Armarouge|Stored Power|p2a: Mienshao
|-supereffective|p2a: Mienshao
|-damage|p2a: Mienshao|0 fnt
|faint|p2a: Mienshao
|
|upkeep
|
|t:|1769383386
|switch|p2a: Alomomola|Alomomola, M|100/100
|turn|23
|
|t:|1769383388
|move|p1a: Armarouge|Substitute|p1a: Armarouge
|-start|p1a: Armarouge|Substitute
|-damage|p1a: Armarouge|76/100
|move|p2a: Alomomola|Mirror Coat||[still]
|-fail|p2a: Alomomola
|
|-heal|p1a: Armarouge|82/100|[from] item: Leftovers
|upkeep
|turn|24
|-message|Goblin Demolisher forfeited.
|
|win|only_one_shot_33
|raw|only_one_shot_33's rating: 1473 &rarr; <strong>1497</strong><br />(+24 for winning)
|raw|Goblin Demolisher's rating: 1539 &rarr; <strong>1515</strong><br />(-24 for losing)
|l|☆Goblin Demolisher
|player|p2|
