|j|☆ashyboyalola
|j|☆alexxledain
|t:|1769422719
|gametype|singles
|player|p1|ashyboyalola|265|1164
|player|p2|alexxledain|ninjaboy|1213
|gen|9
|tier|[Gen 9] OU
|rated|
|rule|HP Percentage Mod: HP is shown in percentages
|rule|Endless Battle Clause: Forcing endless battles is banned
|rule|Species Clause: Limit one of each Pokémon
|rule|OHKO Clause: OHKO moves are banned
|rule|Evasion Items Clause: Evasion items are banned
|rule|Evasion Moves Clause: Evasion moves are banned
|rule|Evasion Abilities Clause: Evasion abilities are banned
|rule|Sleep Moves Clause: Sleep-inducing moves are banned
|clearpoke
|poke|p1|Dragapult, F|
|poke|p1|Dragonite, M|
|poke|p1|Mew|
|poke|p1|Rotom-Wash|
|poke|p1|Tentacruel, M|
|poke|p1|Arcanine-Hisui, M|
|poke|p2|Gallade, M|
|poke|p2|Iron Treads|
|poke|p2|Moltres|
|poke|p2|Slowking-Galar, M|
|poke|p2|Raging Bolt|
|poke|p2|Meowscarada, F|
|teampreview
|
|t:|1769422730
|teamsize|p1|6
|teamsize|p2|6
|start
|switch|p1a: washing machine|Rotom-Wash|100/100
|switch|p2a: Meowscarada|Meowscarada, F|100/100
|turn|1
|
|t:|1769422740
|-terastallize|p1a: washing machine|Bug
|move|p2a: Meowscarada|Flower Trick|p1a: washing machine
|-start|p2a: Meowscarada|typechange|Grass|[from] ability: Protean
|-resisted|p1a: washing machine
|-crit|p1a: washing machine
|-damage|p1a: washing machine|74/100
|move|p1a: washing machine|Thunderbolt|p2a: Meowscarada
|-resisted|p2a: Meowscarada
|-damage|p2a: Meowscarada|71/100
|-status|p2a: Meowscarada|par
|
|upkeep
|turn|2
|
|t:|1769422763
|switch|p2a: Moltres|Moltres|100/100
|move|p1a: washing machine|Volt Switch|p2a: Moltres
|-supereffective|p2a: Moltres
|-damage|p2a: Moltres|38/100
|
|t:|1769422770
|switch|p1a: Tentakind|Tentacruel, M|100/100|[from] Volt Switch
|
|upkeep
|turn|3
|
|t:|1769422781
|switch|p2a: Gallade|Gallade, M, shiny|100/100
|move|p1a: Tentakind|Surf|p2a: Gallade
|-damage|p2a: Gallade|64/100
|
|upkeep
|turn|4
|
|t:|1769422795
|switch|p1a: gremlin|Mew|100/100
|move|p2a: Gallade|Psycho Cut|p1a: gremlin
|-resisted|p1a: gremlin
|-damage|p1a: gremlin|61/100
|
|-heal|p1a: gremlin|67/100|[from] item: Leftovers
|upkeep
|turn|5
|
|t:|1769422809
|switch|p2a: Iron Treads|Iron Treads|100/100
|-enditem|p2a: Iron Treads|Booster Energy
|-activate|p2a: Iron Treads|ability: Quark Drive|[fromitem]
|-start|p2a: Iron Treads|quarkdrivespe
|move|p1a: gremlin|Dark Pulse|p2a: Iron Treads
|-damage|p2a: Iron Treads|68/100
|
|-heal|p1a: gremlin|74/100|[from] item: Leftovers
|upkeep
|turn|6
|
|t:|1769422825
|switch|p1a: thick dragoon|Dragonite, M|100/100
|move|p2a: Iron Treads|Knock Off|p1a: thick dragoon
|-damage|p1a: thick dragoon|84/100
|-enditem|p1a: thick dragoon|Mirror Herb|[from] move: Knock Off|[of] p2a: Iron Treads
|
|upkeep
|turn|7
|
|t:|1769422840
|-end|p2a: Iron Treads|Quark Drive|[silent]
|switch|p2a: Moltres|Moltres|38/100
|move|p1a: thick dragoon|Earthquake|p2a: Moltres
|-immune|p2a: Moltres
|
|upkeep
|turn|8
|
|t:|1769422852
|switch|p1a: Tentakind|Tentacruel, M|100/100
|move|p2a: Moltres|Roost|p2a: Moltres
|-heal|p2a: Moltres|88/100
|-singleturn|p2a: Moltres|move: Roost
|
|upkeep
|turn|9
|
|t:|1769422864
|switch|p2a: Slowking|Slowking-Galar, M|100/100
|move|p1a: Tentakind|Knock Off|p2a: Slowking
|-supereffective|p2a: Slowking
|-damage|p2a: Slowking|69/100
|-enditem|p2a: Slowking|Leftovers|[from] move: Knock Off|[of] p1a: Tentakind
|
|upkeep
|turn|10
|
|t:|1769422875
|switch|p1a: gremlin|Mew|74/100
|move|p2a: Slowking|Future Sight|p1a: gremlin
|-start|p2a: Slowking|move: Future Sight
|
|-heal|p1a: gremlin|80/100|[from] item: Leftovers
|upkeep
|turn|11
|
|t:|1769422886
|-terastallize|p2a: Slowking|Dark
|move|p1a: gremlin|Nasty Plot|p1a: gremlin
|-boost|p1a: gremlin|spa|2
|move|p2a: Slowking|Slack Off|p2a: Slowking
|-heal|p2a: Slowking|100/100
|
|-heal|p1a: gremlin|86/100|[from] item: Leftovers
|upkeep
|turn|12
|
|t:|1769422899
|move|p1a: gremlin|Flamethrower|p2a: Slowking
|-damage|p2a: Slowking|71/100
|move|p2a: Slowking|Sludge Bomb|p1a: gremlin
|-damage|p1a: gremlin|53/100
|
|-end|p1a: gremlin|move: Future Sight
|-resisted|p1a: gremlin
|-damage|p1a: gremlin|32/100
|-heal|p1a: gremlin|38/100|[from] item: Leftovers
|upkeep
|turn|13
|
|t:|1769422921
|switch|p1a: My Pet Boy|Arcanine-Hisui, M|100/100
|move|p2a: Slowking|Sludge Bomb|p1a: My Pet Boy
|-resisted|p1a: My Pet Boy
|-damage|p1a: My Pet Boy|79/100
|
|upkeep
|turn|14
|
|t:|1769422938
|switch|p2a: Moltres|Moltres|88/100
|move|p1a: My Pet Boy|Close Combat|p2a: Moltres
|-resisted|p2a: Moltres
|-damage|p2a: Moltres|73/100
|-unboost|p1a: My Pet Boy|def|1
|-unboost|p1a: My Pet Boy|spd|1
|
|upkeep
|turn|15
|
|t:|1769422949
|switch|p1a: Tentakind|Tentacruel, M|100/100
|switch|p2a: Gallade|Gallade, M, shiny|64/100
|
|upkeep
|turn|16
|
|t:|1769422971
|move|p2a: Gallade|Psycho Cut|p1a: Tentakind
|-supereffective|p1a: Tentakind
|-damage|p1a: Tentakind|0 fnt
|faint|p1a: Tentakind
|
|upkeep
|
|t:|1769422985
|switch|p1a: creepy dragoon|Dragapult, F|100/100
|turn|17
|
|t:|1769422992
|switch|p2a: Moltres|Moltres|73/100
|move|p1a: creepy dragoon|Dragon Darts|p2a: Moltres
|-damage|p2a: Moltres|52/100
|-anim|p1a: creepy dragoon|Dragon Darts|p2a: Moltres
|-damage|p2a: Moltres|31/100
|-damage|p1a: creepy dragoon|91/100|[from] item: Life Orb
|
|upkeep
|turn|18
|
|t:|1769423003
|switch|p2a: Iron Treads|Iron Treads|68/100
|move|p1a: creepy dragoon|Dragon Darts|p2a: Iron Treads
|-resisted|p2a: Iron Treads
|-damage|p2a: Iron Treads|53/100
|-anim|p1a: creepy dragoon|Dragon Darts|p2a: Iron Treads
|-resisted|p2a: Iron Treads
|-damage|p2a: Iron Treads|37/100
|-damage|p1a: creepy dragoon|81/100|[from] item: Life Orb
|
|upkeep
|turn|19
|
|t:|1769423023
|move|p1a: creepy dragoon|Phantom Force||[still]
|-prepare|p1a: creepy dragoon|Phantom Force
|move|p2a: Iron Treads|Knock Off|p1a: creepy dragoon|[miss]
|-miss|p2a: Iron Treads|p1a: creepy dragoon
|
|upkeep
|turn|20
|
|t:|1769423029
|-end|p2a: Iron Treads|Quark Drive|[silent]
|switch|p2a: Slowking|Slowking-Galar, M, tera:Dark|100/100
|move|p1a: creepy dragoon|Phantom Force|p2a: Slowking|[from] lockedmove
|-resisted|p2a: Slowking
|-damage|p2a: Slowking|72/100
|-damage|p1a: creepy dragoon|71/100|[from] item: Life Orb
|
|upkeep
|turn|21
|
|t:|1769423039
|move|p1a: creepy dragoon|Dragon Darts|p2a: Slowking
|-damage|p2a: Slowking|39/100
|-anim|p1a: creepy dragoon|Dragon Darts|p2a: Slowking
|-damage|p2a: Slowking|8/100
|-damage|p1a: creepy dragoon|62/100|[from] item: Life Orb
|move|p2a: Slowking|Future Sight|p1a: creepy dragoon
|-start|p2a: Slowking|move: Future Sight
|
|upkeep
|turn|22
|
|t:|1769423048
|switch|p2a: Iron Treads|Iron Treads|37/100
|move|p1a: creepy dragoon|Dragon Darts|p2a: Iron Treads
|-resisted|p2a: Iron Treads
|-damage|p2a: Iron Treads|23/100
|-anim|p1a: creepy dragoon|Dragon Darts|p2a: Iron Treads
|-resisted|p2a: Iron Treads
|-damage|p2a: Iron Treads|9/100
|-damage|p1a: creepy dragoon|52/100|[from] item: Life Orb
|
|upkeep
|turn|23
|
|t:|1769423060
|switch|p1a: gremlin|Mew|38/100
|move|p2a: Iron Treads|Knock Off|p1a: gremlin
|-supereffective|p1a: gremlin
|-damage|p1a: gremlin|0 fnt
|-enditem|p1a: gremlin|Leftovers|[from] move: Knock Off|[of] p2a: Iron Treads
|faint|p1a: gremlin
|
|-hint|Future Sight did not hit because the target is fainted.
|upkeep
|
|t:|1769423077
|switch|p1a: thick dragoon|Dragonite, M|84/100
|turn|24
|
|t:|1769423092
|-end|p2a: Iron Treads|Quark Drive|[silent]
|switch|p2a: Moltres|Moltres|31/100
|move|p1a: thick dragoon|Extreme Speed|p2a: Moltres
|-damage|p2a: Moltres|10/100
|
|upkeep
|turn|25
|
|t:|1769423102
|move|p1a: thick dragoon|Extreme Speed|p2a: Moltres
|-damage|p2a: Moltres|0 fnt
|faint|p2a: Moltres
|
|upkeep
|
|t:|1769423114
|switch|p2a: Meowscarada|Meowscarada, F|71/100 par
|turn|26
|
|t:|1769423123
|move|p2a: Meowscarada|Triple Axel|p1a: thick dragoon|[miss]
|-start|p2a: Meowscarada|typechange|Ice|[from] ability: Protean
|-miss|p2a: Meowscarada|p1a: thick dragoon
|move|p1a: thick dragoon|Ice Spinner|p2a: Meowscarada
|-resisted|p2a: Meowscarada
|-damage|p2a: Meowscarada|45/100 par
|
|upkeep
|turn|27
|
|t:|1769423135
|switch|p1a: washing machine|Rotom-Wash, tera:Bug|74/100
|move|p2a: Meowscarada|Triple Axel|p1a: washing machine
|-damage|p1a: washing machine|64/100
|-damage|p1a: washing machine|44/100
|-damage|p1a: washing machine|13/100
|-hitcount|p1a: washing machine|3
|
|upkeep
|turn|28
|
|t:|1769423146
|cant|p2a: Meowscarada|par
|move|p1a: washing machine|Thunderbolt|p2a: Meowscarada
|-damage|p2a: Meowscarada|0 fnt
|faint|p2a: Meowscarada
|
|upkeep
|
|t:|1769423155
|switch|p2a: Raging Bolt|Raging Bolt|100/100
|-enditem|p2a: Raging Bolt|Booster Energy
|-activate|p2a: Raging Bolt|ability: Protosynthesis|[fromitem]
|-start|p2a: Raging Bolt|protosynthesisspa
|turn|29
|
|t:|1769423169
|move|p1a: washing machine|Thunderbolt|p2a: Raging Bolt
|-resisted|p2a: Raging Bolt
|-damage|p2a: Raging Bolt|92/100
|move|p2a: Raging Bolt|Calm Mind|p2a: Raging Bolt
|-boost|p2a: Raging Bolt|spa|1
|-boost|p2a: Raging Bolt|spd|1
|
|upkeep
|turn|30
|
|t:|1769423180
|move|p2a: Raging Bolt|Thunderclap|p1a: washing machine
|-crit|p1a: washing machine
|-damage|p1a: washing machine|0 fnt
|faint|p1a: washing machine
|
|upkeep
|
|t:|1769423191
|switch|p1a: creepy dragoon|Dragapult, F|52/100
|turn|31
|
|t:|1769423195
|move|p2a: Raging Bolt|Thunderclap|p1a: creepy dragoon
|-resisted|p1a: creepy dragoon
|-damage|p1a: creepy dragoon|0 fnt
|faint|p1a: creepy dragoon
|
|upkeep
|
|t:|1769423200
|switch|p1a: My Pet Boy|Arcanine-Hisui, M|79/100
|turn|32
|
|t:|1769423207
|move|p1a: My Pet Boy|Flare Blitz|p2a: Raging Bolt
|-resisted|p2a: Raging Bolt
|-damage|p2a: Raging Bolt|66/100
|move|p2a: Raging Bolt|Thunderbolt|p1a: My Pet Boy
|-damage|p1a: My Pet Boy|0 fnt
|faint|p1a: My Pet Boy
|
|upkeep
|
|t:|1769423214
|switch|p1a: thick dragoon|Dragonite, M|84/100
|turn|33
|
|t:|1769423220
|move|p2a: Raging Bolt|Thunderclap|p1a: thick dragoon
|-damage|p1a: thick dragoon|0 fnt
|faint|p1a: thick dragoon
|
|win|alexxledain
|raw|ashyboyalola's rating: 1164 &rarr; <strong>1143</strong><br />(-21 for losing)
|raw|alexxledain's rating: 1213 &rarr; <strong>1234</strong><br />(+21 for winning)
|l|☆ashyboyalola
|player|p1|
|l|☆alexxledain
|player|p2|
