|j|☆spunder_policy
|j|☆Mca player 11
|t:|1769337243
|gametype|singles
|player|p1|spunder_policy|169|1661
|player|p2|Mca player 11|lucas|1651
|gen|9
|tier|[Gen 9] OU
|rated|
|rule|HP Percentage Mod: HP is shown in percentages
|rule|Endless Battle Clause: Forcing endless battles is banned
|rule|Species Clause: Limit one of each Pokémon
|rule|OHKO Clause: OHKO moves are banned
|rule|Evasion Items Clause: Evasion items are banned
|rule|Evasion Moves Clause: Evasion moves are banned
|rule|Evasion Abilities Clause: Evasion abilities are banned
|rule|Sleep Moves Clause: Sleep-inducing moves are banned
|clearpoke
|poke|p1|Zoroark-Hisui, M|
|poke|p1|Mesprit|
|poke|p1|Alomomola, F|
|poke|p1|Goodra-Hisui, F|
|poke|p1|Thundurus, M|
|poke|p1|Blaziken, M|
|poke|p2|Walking Wake|
|poke|p2|Ninetales, M|
|poke|p2|Lilligant-Hisui, F|
|poke|p2|Cresselia, F|
|poke|p2|Iron Moth|
|poke|p2|Great Tusk|
|teampreview
|inactive|Battle timer is ON: inactive players will automatically lose when time's up. (requested by spunder_policy)
|
|t:|1769337253
|teamsize|p1|6
|teamsize|p2|6
|start
|switch|p1a: Mesprit|Mesprit|100/100
|switch|p2a: Ninetales|Ninetales, M, shiny|100/100
|-weather|SunnyDay|[from] ability: Drought|[of] p2a: Ninetales
|turn|1
|
|t:|1769337257
|switch|p2a: Cresselia|Cresselia, F|100/100
|move|p1a: Mesprit|Stealth Rock|p2a: Cresselia
|-sidestart|p2: Mca player 11|move: Stealth Rock
|
|-weather|SunnyDay|[upkeep]
|upkeep
|turn|2
|
|t:|1769337269
|switch|p2a: Walking Wake|Walking Wake|100/100
|-damage|p2a: Walking Wake|88/100|[from] Stealth Rock
|-activate|p2a: Walking Wake|ability: Protosynthesis
|-start|p2a: Walking Wake|protosynthesisspa
|switch|p1a: Thundurus|Thundurus, M|100/100
|
|-weather|SunnyDay|[upkeep]
|upkeep
|turn|3
|
|t:|1769337282
|switch|p1a: Alomomola|Alomomola, F|100/100
|move|p2a: Walking Wake|Hydro Steam|p1a: Alomomola
|-resisted|p1a: Alomomola
|-damage|p1a: Alomomola|56/100
|
|-weather|SunnyDay|[upkeep]
|upkeep
|turn|4
|
|t:|1769337287
|-terastallize|p2a: Walking Wake|Water
|move|p1a: Alomomola|Protect|p1a: Alomomola
|-singleturn|p1a: Alomomola|Protect
|move|p2a: Walking Wake|Hydro Steam|p1a: Alomomola
|-activate|p1a: Alomomola|move: Protect
|
|-weather|SunnyDay|[upkeep]
|upkeep
|turn|5
|
|t:|1769337298
|switch|p1a: Goodra|Goodra-Hisui, F|100/100
|move|p2a: Walking Wake|Hydro Steam|p1a: Goodra
|-resisted|p1a: Goodra
|-damage|p1a: Goodra|42/100
|
|-weather|SunnyDay|[upkeep]
|upkeep
|turn|6
|
|t:|1769337302
|switch|p1a: Alomomola|Alomomola, F|89/100
|move|p2a: Walking Wake|Hydro Steam|p1a: Alomomola
|-resisted|p1a: Alomomola
|-damage|p1a: Alomomola|21/100
|
|-weather|SunnyDay|[upkeep]
|upkeep
|turn|7
|
|t:|1769337305
|move|p1a: Alomomola|Protect|p1a: Alomomola
|-singleturn|p1a: Alomomola|Protect
|move|p2a: Walking Wake|Hydro Steam|p1a: Alomomola
|-activate|p1a: Alomomola|move: Protect
|
|-weather|SunnyDay|[upkeep]
|upkeep
|turn|8
|
|t:|1769337307
|switch|p1a: Goodra|Goodra-Hisui, F|42/100
|move|p2a: Walking Wake|Hydro Steam|p1a: Goodra
|-resisted|p1a: Goodra
|-damage|p1a: Goodra|0 fnt
|faint|p1a: Goodra
|
|-weather|none
|-end|p2a: Walking Wake|Protosynthesis
|upkeep
|
|t:|1769337309
|switch|p1a: Thundurus|Thundurus, M|100/100
|turn|9
|
|t:|1769337313
|move|p1a: Thundurus|Volt Switch|p2a: Walking Wake
|-supereffective|p2a: Walking Wake
|-damage|p2a: Walking Wake|24/100
|
|t:|1769337316
|switch|p1a: Alomomola|Alomomola, F|54/100|[from] Volt Switch
|move|p2a: Walking Wake|Hydro Steam|p1a: Alomomola
|-resisted|p1a: Alomomola
|-damage|p1a: Alomomola|20/100
|
|upkeep
|turn|10
|
|t:|1769337319
|move|p1a: Alomomola|Protect|p1a: Alomomola
|-singleturn|p1a: Alomomola|Protect
|move|p2a: Walking Wake|Hydro Steam|p1a: Alomomola
|-activate|p1a: Alomomola|move: Protect
|
|upkeep
|turn|11
|
|t:|1769337346
|switch|p1a: Mesprit|Mesprit|100/100
|move|p2a: Walking Wake|Hydro Steam|p1a: Mesprit
|-damage|p1a: Mesprit|21/100
|
|upkeep
|turn|12
|
|t:|1769337355
|move|p2a: Walking Wake|Hydro Steam|p1a: Mesprit
|-damage|p1a: Mesprit|0 fnt
|faint|p1a: Mesprit
|
|upkeep
|
|t:|1769337366
|switch|p1a: Thundurus|Thundurus, M|100/100
|turn|13
|
|t:|1769337370
|-end|p2a: Walking Wake|Protosynthesis|[silent]
|switch|p2a: Great Tusk|Great Tusk|100/100
|-damage|p2a: Great Tusk|97/100|[from] Stealth Rock
|move|p1a: Thundurus|Hex|p2a: Great Tusk
|-damage|p2a: Great Tusk|60/100
|
|upkeep
|turn|14
|
|t:|1769337375
|move|p1a: Thundurus|Tera Blast|p2a: Great Tusk
|-damage|p2a: Great Tusk|9/100
|move|p2a: Great Tusk|Headlong Rush|p1a: Thundurus
|-damage|p1a: Thundurus|2/100
|-unboost|p2a: Great Tusk|def|1
|-unboost|p2a: Great Tusk|spd|1
|replace|p1a: Zoroark|Zoroark-Hisui, M
|-end|p1a: Zoroark|Illusion
|
|upkeep
|turn|15
|
|t:|1769337383
|-end|p2a: Great Tusk|Protosynthesis|[silent]
|switch|p2a: Ninetales|Ninetales, M, shiny|100/100
|-damage|p2a: Ninetales|76/100|[from] Stealth Rock
|-weather|SunnyDay|[from] ability: Drought|[of] p2a: Ninetales
|move|p1a: Zoroark|Hex|p2a: Ninetales
|-damage|p2a: Ninetales|43/100
|
|-weather|SunnyDay|[upkeep]
|upkeep
|turn|16
|
|t:|1769337385
|switch|p2a: Great Tusk|Great Tusk|9/100
|-damage|p2a: Great Tusk|6/100|[from] Stealth Rock
|-activate|p2a: Great Tusk|ability: Protosynthesis
|-start|p2a: Great Tusk|protosynthesisspe
|move|p1a: Zoroark|Tera Blast|p2a: Great Tusk
|-damage|p2a: Great Tusk|0 fnt
|faint|p2a: Great Tusk
|-end|p2a: Great Tusk|Protosynthesis|[silent]
|
|-weather|SunnyDay|[upkeep]
|upkeep
|
|t:|1769337389
|switch|p2a: Iron Moth|Iron Moth|100/100
|-damage|p2a: Iron Moth|76/100|[from] Stealth Rock
|-enditem|p2a: Iron Moth|Booster Energy
|-activate|p2a: Iron Moth|ability: Quark Drive|[fromitem]
|-start|p2a: Iron Moth|quarkdrivespe
|turn|17
|
|t:|1769337415
|switch|p1a: Thundurus|Thundurus, M|100/100
|move|p2a: Iron Moth|Fiery Dance|p1a: Thundurus
|-damage|p1a: Thundurus|31/100
|-boost|p2a: Iron Moth|spa|1
|
|-weather|SunnyDay|[upkeep]
|upkeep
|turn|18
|
|t:|1769337420
|move|p1a: Thundurus|Thunder Wave|p2a: Iron Moth
|-status|p2a: Iron Moth|par
|move|p2a: Iron Moth|Fiery Dance|p1a: Thundurus
|-damage|p1a: Thundurus|0 fnt
|-boost|p2a: Iron Moth|spa|1
|faint|p1a: Thundurus
|
|-weather|SunnyDay|[upkeep]
|upkeep
|
|t:|1769337422
|switch|p1a: Blaziken|Blaziken, M|100/100
|turn|19
|
|t:|1769337425
|move|p1a: Blaziken|Protect|p1a: Blaziken
|-singleturn|p1a: Blaziken|Protect
|move|p2a: Iron Moth|Sludge Wave|p1a: Blaziken
|-activate|p1a: Blaziken|move: Protect
|
|-weather|SunnyDay|[upkeep]
|-ability|p1a: Blaziken|Speed Boost|boost
|-boost|p1a: Blaziken|spe|1
|upkeep
|turn|20
|
|t:|1769337427
|move|p1a: Blaziken|Earthquake|p2a: Iron Moth
|-supereffective|p2a: Iron Moth
|-damage|p2a: Iron Moth|0 fnt
|faint|p2a: Iron Moth
|-end|p2a: Iron Moth|Quark Drive|[silent]
|
|-weather|SunnyDay|[upkeep]
|-ability|p1a: Blaziken|Speed Boost|boost
|-boost|p1a: Blaziken|spe|1
|upkeep
|
|t:|1769337435
|switch|p2a: Lilligant|Lilligant-Hisui, F|100/100
|-damage|p2a: Lilligant|94/100|[from] Stealth Rock
|turn|21
|
|t:|1769337439
|move|p1a: Blaziken|Protect|p1a: Blaziken
|-singleturn|p1a: Blaziken|Protect
|move|p2a: Lilligant|Close Combat|p1a: Blaziken
|-activate|p1a: Blaziken|move: Protect
|
|-weather|SunnyDay|[upkeep]
|-ability|p1a: Blaziken|Speed Boost|boost
|-boost|p1a: Blaziken|spe|1
|upkeep
|turn|22
|
|t:|1769337442
|move|p2a: Lilligant|Close Combat|p1a: Blaziken
|-damage|p1a: Blaziken|0 fnt
|-unboost|p2a: Lilligant|def|1
|-unboost|p2a: Lilligant|spd|1
|faint|p1a: Blaziken
|-damage|p2a: Lilligant|84/100|[from] item: Life Orb
|
|-weather|none
|upkeep
|
|t:|1769337446
|switch|p1a: Alomomola|Alomomola, F|53/100
|turn|23
|
|t:|1769337449
|switch|p2a: Ninetales|Ninetales, M, shiny|43/100
|-damage|p2a: Ninetales|18/100|[from] Stealth Rock
|-weather|SunnyDay|[from] ability: Drought|[of] p2a: Ninetales
|move|p1a: Alomomola|Wish|p1a: Alomomola
|
|-weather|SunnyDay|[upkeep]
|upkeep
|turn|24
|
|t:|1769337452
|switch|p1a: Alomomola|Alomomola, F|2/100
|move|p2a: Ninetales|Healing Wish|p2a: Ninetales
|faint|p2a: Ninetales
|
|-weather|SunnyDay|[upkeep]
|-heal|p1a: Alomomola|100/100|[from] move: Wish|[wisher] Alomomola
|upkeep
|
|t:|1769337454
|switch|p2a: Lilligant|Lilligant-Hisui, F|84/100
|-heal|p2a: Lilligant|100/100|[from] move: Healing Wish
|-damage|p2a: Lilligant|94/100|[from] Stealth Rock
|turn|25
|
|t:|1769337460
|move|p2a: Lilligant|Solar Blade||[still]
|-prepare|p2a: Lilligant|Solar Blade
|-anim|p2a: Lilligant|Solar Blade|p1a: Alomomola
|-damage|p1a: Alomomola|0 fnt
|replace|p1a: Zoroark|Zoroark-Hisui, M
|-end|p1a: Zoroark|Illusion
|faint|p1a: Zoroark
|-damage|p2a: Lilligant|84/100|[from] item: Life Orb
|
|-weather|SunnyDay|[upkeep]
|upkeep
|-message|spunder_policy forfeited.
|
|win|Mca player 11
|raw|spunder_policy's rating: 1684 &rarr; <strong>1662</strong><br />(-22 for losing)
|raw|Mca player 11's rating: 1651 &rarr; <strong>1673</strong><br />(+22 for winning)
|l|☆spunder_policy
|player|p1|
|l|☆Mca player 11
|player|p2|
