|j|☆mystery rain ninja
|j|☆Team10thPlanet
|t:|1769442298
|gametype|singles
|player|p1|mystery rain ninja|janine|1600
|player|p2|Team10thPlanet|alder|1619
|gen|9
|tier|[Gen 9] OU
|rated|
|rule|HP Percentage Mod: HP is shown in percentages
|rule|Endless Battle Clause: Forcing endless battles is banned
|rule|Species Clause: Limit one of each Pokémon
|rule|OHKO Clause: OHKO moves are banned
|rule|Evasion Items Clause: Evasion items are banned
|rule|Evasion Moves Clause: Evasion moves are banned
|rule|Evasion Abilities Clause: Evasion abilities are banned
|rule|Sleep Moves Clause: Sleep-inducing moves are banned
|clearpoke
|poke|p1|Pelipper, F|
|poke|p1|Raging Bolt|
|poke|p1|Overqwil, M|
|poke|p1|Barraskewda, M|
|poke|p1|Iron Treads|
|poke|p1|Kingambit, M|
|poke|p2|Dragonite, F|
|poke|p2|Zamazenta-*|
|poke|p2|Araquanid, M|
|poke|p2|Iron Treads|
|poke|p2|Zapdos|
|poke|p2|Thundurus, M|
|teampreview
|inactive|Battle timer is ON: inactive players will automatically lose when time's up. (requested by mystery rain ninja)
|
|t:|1769442314
|teamsize|p1|6
|teamsize|p2|6
|start
|switch|p1a: Pelipper|Pelipper, F|100/100
|switch|p2a: PlsNoHatt&Ace|Araquanid, M, shiny|100/100
|-weather|RainDance|[from] ability: Drizzle|[of] p1a: Pelipper
|turn|1
|
|t:|1769442321
|move|p1a: Pelipper|Hurricane|p2a: PlsNoHatt&Ace
|-supereffective|p2a: PlsNoHatt&Ace
|-crit|p2a: PlsNoHatt&Ace
|-damage|p2a: PlsNoHatt&Ace|12/100
|-start|p2a: PlsNoHatt&Ace|confusion
|-activate|p2a: PlsNoHatt&Ace|confusion
|-damage|p2a: PlsNoHatt&Ace|7/100|[from] confusion
|
|-weather|RainDance|[upkeep]
|upkeep
|turn|2
|-enditem|p2a: PlsNoHatt&Ace|Custap Berry|[eat]
|-activate|p2a: PlsNoHatt&Ace|item: Custap Berry|[consumed]
|
|t:|1769442335
|-activate|p2a: PlsNoHatt&Ace|confusion
|-damage|p2a: PlsNoHatt&Ace|1/100|[from] confusion
|move|p1a: Pelipper|Hurricane|p2a: PlsNoHatt&Ace
|-supereffective|p2a: PlsNoHatt&Ace
|-damage|p2a: PlsNoHatt&Ace|0 fnt
|faint|p2a: PlsNoHatt&Ace
|
|-weather|RainDance|[upkeep]
|upkeep
|j| firecharmander004
|c|☆mystery rain ninja|lol sorry
|
|t:|1769442354
|switch|p2a: Dragonite|Dragonite, F|100/100
|turn|3
|
|t:|1769442359
|move|p2a: Dragonite|Outrage|p1a: Pelipper
|-damage|p1a: Pelipper|22/100
|move|p1a: Pelipper|U-turn|p2a: Dragonite
|-resisted|p2a: Dragonite
|-damage|p2a: Dragonite|98/100
|
|t:|1769442364
|switch|p1a: Iron Treads|Iron Treads|100/100|[from] U-turn
|-enditem|p1a: Iron Treads|Booster Energy
|-activate|p1a: Iron Treads|ability: Quark Drive|[fromitem]
|-start|p1a: Iron Treads|quarkdrivespe
|
|-weather|RainDance|[upkeep]
|upkeep
|turn|4
|
|t:|1769442372
|move|p1a: Iron Treads|Stealth Rock|p2a: Dragonite
|-sidestart|p2: Team10thPlanet|move: Stealth Rock
|move|p2a: Dragonite|Outrage|p1a: Iron Treads|[from] lockedmove
|-resisted|p1a: Iron Treads
|-damage|p1a: Iron Treads|49/100
|-start|p2a: Dragonite|confusion|[fatigue]
|
|-weather|RainDance|[upkeep]
|upkeep
|turn|5
|
|t:|1769442382
|-terastallize|p2a: Dragonite|Normal
|move|p1a: Iron Treads|Steel Beam|p2a: Dragonite
|-damage|p2a: Dragonite|50/100
|-damage|p1a: Iron Treads|0 fnt|[from] steelbeam
|faint|p1a: Iron Treads
|-end|p1a: Iron Treads|Quark Drive|[silent]
|-activate|p2a: Dragonite|confusion
|move|p2a: Dragonite|Outrage|p1: Iron Treads|[notarget]
|-fail|p2a: Dragonite
|
|-weather|RainDance|[upkeep]
|upkeep
|
|t:|1769442391
|switch|p1a: Barraskewda|Barraskewda, M|100/100
|turn|6
|
|t:|1769442396
|move|p1a: Barraskewda|Flip Turn|p2a: Dragonite
|-damage|p2a: Dragonite|0 fnt
|faint|p2a: Dragonite
|
|t:|1769442398
|switch|p1a: Overqwil|Overqwil, M|100/100|[from] Flip Turn
|
|-weather|RainDance|[upkeep]
|upkeep
|
|t:|1769442409
|switch|p2a: Iron Treads|Iron Treads|100/100
|-damage|p2a: Iron Treads|97/100|[from] Stealth Rock
|-enditem|p2a: Iron Treads|Booster Energy
|-activate|p2a: Iron Treads|ability: Quark Drive|[fromitem]
|-start|p2a: Iron Treads|quarkdrivespe
|turn|7
|
|t:|1769442415
|move|p1a: Overqwil|Liquidation|p2a: Iron Treads
|-supereffective|p2a: Iron Treads
|-crit|p2a: Iron Treads
|-damage|p2a: Iron Treads|0 fnt
|faint|p2a: Iron Treads
|-end|p2a: Iron Treads|Quark Drive|[silent]
|-damage|p1a: Overqwil|91/100|[from] item: Life Orb
|
|-weather|RainDance|[upkeep]
|upkeep
|
|t:|1769442424
|switch|p2a: Thundurus|Thundurus, M|100/100
|turn|8
|
|t:|1769442436
|move|p2a: Thundurus|Thunder Wave|p1a: Overqwil
|-hint|Since gen 7, Dark is immune to Prankster moves.
|-immune|p1a: Overqwil
|move|p1a: Overqwil|Gunk Shot|p2a: Thundurus|[miss]
|-miss|p1a: Overqwil|p2a: Thundurus
|
|-weather|none
|upkeep
|turn|9
|
|t:|1769442448
|switch|p1a: Pelipper|Pelipper, F|22/100
|-weather|RainDance|[from] ability: Drizzle|[of] p1a: Pelipper
|move|p2a: Thundurus|Thunderbolt|p1a: Pelipper
|-supereffective|p1a: Pelipper
|-damage|p1a: Pelipper|0 fnt
|faint|p1a: Pelipper
|
|-weather|RainDance|[upkeep]
|upkeep
|
|t:|1769442450
|switch|p1a: Overqwil|Overqwil, M|91/100
|turn|10
|
|t:|1769442462
|move|p1a: Overqwil|Gunk Shot|p2a: Thundurus|[miss]
|-miss|p1a: Overqwil|p2a: Thundurus
|move|p2a: Thundurus|Thunderbolt|p1a: Overqwil
|-damage|p1a: Overqwil|14/100
|
|-weather|RainDance|[upkeep]
|upkeep
|turn|11
|
|t:|1769442475
|switch|p2a: Zapdos|Zapdos|100/100
|move|p1a: Overqwil|Gunk Shot|p2a: Zapdos
|-damage|p2a: Zapdos|41/100
|-status|p2a: Zapdos|psn
|-damage|p1a: Overqwil|4/100|[from] item: Life Orb
|
|-weather|RainDance|[upkeep]
|-damage|p2a: Zapdos|29/100 psn|[from] psn
|upkeep
|turn|12
|
|t:|1769442486
|move|p1a: Overqwil|Crunch|p2a: Zapdos
|-damage|p2a: Zapdos|0 fnt
|-status|p1a: Overqwil|par|[from] ability: Static|[of] p2a: Zapdos
|faint|p2a: Zapdos
|-damage|p1a: Overqwil|0 fnt|[from] item: Life Orb
|faint|p1a: Overqwil
|
|-weather|RainDance|[upkeep]
|upkeep
|
|t:|1769442500
|switch|p1a: Barraskewda|Barraskewda, M|100/100
|switch|p2a: Zamazenta|Zamazenta|100/100
|-damage|p2a: Zamazenta|94/100|[from] Stealth Rock
|-ability|p2a: Zamazenta|Dauntless Shield|boost
|-boost|p2a: Zamazenta|def|1
|turn|13
|
|t:|1769442510
|move|p1a: Barraskewda|Flip Turn|p2a: Zamazenta
|-damage|p2a: Zamazenta|51/100
|
|t:|1769442512
|switch|p1a: Raging Bolt|Raging Bolt|100/100|[from] Flip Turn
|-enditem|p1a: Raging Bolt|Booster Energy
|-activate|p1a: Raging Bolt|ability: Protosynthesis|[fromitem]
|-start|p1a: Raging Bolt|protosynthesisspa
|move|p2a: Zamazenta|Close Combat|p1a: Raging Bolt
|-damage|p1a: Raging Bolt|47/100
|-unboost|p2a: Zamazenta|def|1
|-unboost|p2a: Zamazenta|spd|1
|
|-weather|RainDance|[upkeep]
|upkeep
|turn|14
|
|t:|1769442524
|move|p2a: Zamazenta|Close Combat|p1a: Raging Bolt
|-damage|p1a: Raging Bolt|0 fnt
|-unboost|p2a: Zamazenta|def|1
|-unboost|p2a: Zamazenta|spd|1
|faint|p1a: Raging Bolt
|-end|p1a: Raging Bolt|Protosynthesis|[silent]
|
|-weather|RainDance|[upkeep]
|upkeep
|
|t:|1769442526
|switch|p1a: Barraskewda|Barraskewda, M|100/100
|turn|15
|
|t:|1769442538
|move|p1a: Barraskewda|Liquidation|p2a: Zamazenta
|-damage|p2a: Zamazenta|0 fnt
|faint|p2a: Zamazenta
|
|-weather|RainDance|[upkeep]
|upkeep
|
|t:|1769442543
|switch|p2a: Thundurus|Thundurus, M|100/100
|turn|16
|
|t:|1769442550
|move|p2a: Thundurus|Thunder Wave|p1a: Barraskewda
|-status|p1a: Barraskewda|par
|move|p1a: Barraskewda|Liquidation|p2a: Thundurus
|-crit|p2a: Thundurus
|-damage|p2a: Thundurus|0 fnt
|faint|p2a: Thundurus
|
|win|mystery rain ninja
|raw|mystery rain ninja's rating: 1600 &rarr; <strong>1621</strong><br />(+21 for winning)
|raw|Team10thPlanet's rating: 1619 &rarr; <strong>1598</strong><br />(-21 for losing)
|l|☆mystery rain ninja
|player|p1|
|l|☆Team10thPlanet
|player|p2|
