|j|☆Eddy_Khil
|j|☆dazhigg
|t:|1769337908
|gametype|singles
|player|p1|Eddy_Khil|caitlin-masters|1414
|player|p2|dazhigg|schoolkid-gen4|1436
|gen|9
|tier|[Gen 9] OU
|rated|
|rule|HP Percentage Mod: HP is shown in percentages
|rule|Endless Battle Clause: Forcing endless battles is banned
|rule|Species Clause: Limit one of each Pokémon
|rule|OHKO Clause: OHKO moves are banned
|rule|Evasion Items Clause: Evasion items are banned
|rule|Evasion Moves Clause: Evasion moves are banned
|rule|Evasion Abilities Clause: Evasion abilities are banned
|rule|Sleep Moves Clause: Sleep-inducing moves are banned
|clearpoke
|poke|p1|Alomomola, F|
|poke|p1|Slowking-Galar, M|
|poke|p1|Cinderace, F|
|poke|p1|Kyurem|
|poke|p1|Kingambit, M|
|poke|p1|Enamorus, F|
|poke|p2|Walking Wake|
|poke|p2|Ninetales, M|
|poke|p2|Whimsicott, F|
|poke|p2|Great Tusk|
|poke|p2|Iron Moth|
|poke|p2|Dragonite, M|
|teampreview
|
|t:|1769337923
|teamsize|p1|6
|teamsize|p2|6
|start
|switch|p1a: Big Brain Boi|Slowking-Galar, M|100/100
|switch|p2a: Dragonite|Dragonite, M|100/100
|turn|1
|
|t:|1769337939
|-terastallize|p2a: Dragonite|Normal
|move|p2a: Dragonite|Dragon Dance|p2a: Dragonite
|-boost|p2a: Dragonite|atk|1
|-boost|p2a: Dragonite|spe|1
|move|p1a: Big Brain Boi|Psychic Noise|p2a: Dragonite
|-damage|p2a: Dragonite|86/100
|-start|p2a: Dragonite|move: Heal Block
|
|upkeep
|turn|2
|
|t:|1769337953
|switch|p1a: Goober Koiheimmer|Alomomola, F|100/100
|move|p2a: Dragonite|Dragon Dance|p2a: Dragonite
|-boost|p2a: Dragonite|atk|1
|-boost|p2a: Dragonite|spe|1
|
|-end|p2a: Dragonite|move: Heal Block
|upkeep
|turn|3
|
|t:|1769337963
|move|p2a: Dragonite|Extreme Speed|p1a: Goober Koiheimmer
|-damage|p1a: Goober Koiheimmer|48/100
|-damage|p2a: Dragonite|69/100|[from] item: Rocky Helmet|[of] p1a: Goober Koiheimmer
|move|p1a: Goober Koiheimmer|Scald|p2a: Dragonite
|-damage|p2a: Dragonite|56/100
|
|upkeep
|turn|4
|
|t:|1769337993
|-terastallize|p1a: Goober Koiheimmer|Steel
|move|p2a: Dragonite|Extreme Speed|p1a: Goober Koiheimmer
|-resisted|p1a: Goober Koiheimmer
|-damage|p1a: Goober Koiheimmer|24/100
|-damage|p2a: Dragonite|40/100|[from] item: Rocky Helmet|[of] p1a: Goober Koiheimmer
|move|p1a: Goober Koiheimmer|Scald|p2a: Dragonite
|-damage|p2a: Dragonite|26/100
|
|upkeep
|turn|5
|
|t:|1769338007
|switch|p1a: Kim|Enamorus, F|100/100
|move|p2a: Dragonite|Earthquake|p1a: Kim
|-immune|p1a: Kim
|
|upkeep
|turn|6
|
|t:|1769338017
|switch|p1a: Goober Koiheimmer|Alomomola, F, tera:Steel|58/100
|move|p2a: Dragonite|Ice Spinner|p1a: Goober Koiheimmer
|-resisted|p1a: Goober Koiheimmer
|-damage|p1a: Goober Koiheimmer|42/100
|-damage|p2a: Dragonite|10/100|[from] item: Rocky Helmet|[of] p1a: Goober Koiheimmer
|
|upkeep
|turn|7
|
|t:|1769338034
|switch|p1a: Kim|Enamorus, F|100/100
|move|p2a: Dragonite|Earthquake|p1a: Kim
|-immune|p1a: Kim
|
|upkeep
|turn|8
|
|t:|1769338042
|move|p2a: Dragonite|Earthquake|p1a: Kim
|-immune|p1a: Kim
|move|p1a: Kim|Moonblast|p2a: Dragonite
|-damage|p2a: Dragonite|0 fnt
|faint|p2a: Dragonite
|
|upkeep
|
|t:|1769338050
|switch|p2a: Ninetales|Ninetales, M|100/100
|-weather|SunnyDay|[from] ability: Drought|[of] p2a: Ninetales
|turn|9
|
|t:|1769338058
|switch|p1a: Big Brain Boi|Slowking-Galar, M|100/100
|move|p2a: Ninetales|Overheat|p1a: Big Brain Boi
|-damage|p1a: Big Brain Boi|70/100
|-unboost|p2a: Ninetales|spa|2
|
|-weather|SunnyDay|[upkeep]
|-heal|p1a: Big Brain Boi|76/100|[from] item: Leftovers
|upkeep
|turn|10
|
|t:|1769338073
|move|p2a: Ninetales|Will-O-Wisp|p1a: Big Brain Boi
|-status|p1a: Big Brain Boi|brn
|-prepare|p1a: Big Brain Boi|Chilly Reception|[premajor]
|move|p1a: Big Brain Boi|Chilly Reception|p1a: Big Brain Boi
|-weather|Snowscape
|
|t:|1769338082
|switch|p1a: Ice Man|Kyurem|100/100|[from] Chilly Reception
|-ability|p1a: Ice Man|Pressure
|
|-weather|Snowscape|[upkeep]
|upkeep
|turn|11
|
|t:|1769338093
|switch|p2a: Iron Moth|Iron Moth|100/100
|-enditem|p2a: Iron Moth|Booster Energy
|-activate|p2a: Iron Moth|ability: Quark Drive|[fromitem]
|-start|p2a: Iron Moth|quarkdrivespe
|move|p1a: Ice Man|Earth Power|p2a: Iron Moth
|-supereffective|p2a: Iron Moth
|-damage|p2a: Iron Moth|0 fnt
|faint|p2a: Iron Moth
|-end|p2a: Iron Moth|Quark Drive|[silent]
|
|-weather|Snowscape|[upkeep]
|upkeep
|
|t:|1769338152
|switch|p2a: Ninetales|Ninetales, M|100/100
|-weather|SunnyDay|[from] ability: Drought|[of] p2a: Ninetales
|turn|12
|
|t:|1769338161
|switch|p2a: Whimsicott|Whimsicott, F|100/100
|move|p1a: Ice Man|Earth Power|p2a: Whimsicott
|-resisted|p2a: Whimsicott
|-damage|p2a: Whimsicott|78/100
|-unboost|p2a: Whimsicott|spd|1
|
|-weather|SunnyDay|[upkeep]
|upkeep
|turn|13
|
|t:|1769338171
|switch|p1a: Big Brain Boi|Slowking-Galar, M|100/100 brn
|move|p2a: Whimsicott|Growth|p2a: Whimsicott
|-boost|p2a: Whimsicott|atk|2
|-boost|p2a: Whimsicott|spa|2
|
|-weather|SunnyDay|[upkeep]
|-damage|p1a: Big Brain Boi|94/100 brn|[from] brn
|upkeep
|turn|14
|
|t:|1769338181
|move|p2a: Whimsicott|Shadow Ball|p1a: Big Brain Boi
|-supereffective|p1a: Big Brain Boi
|-damage|p1a: Big Brain Boi|31/100 brn
|-damage|p2a: Whimsicott|68/100|[from] item: Life Orb
|move|p1a: Big Brain Boi|Sludge Bomb|p2a: Whimsicott
|-supereffective|p2a: Whimsicott
|-damage|p2a: Whimsicott|0 fnt
|faint|p2a: Whimsicott
|
|-weather|SunnyDay|[upkeep]
|-heal|p1a: Big Brain Boi|37/100 brn|[from] item: Leftovers
|-damage|p1a: Big Brain Boi|31/100 brn|[from] brn
|upkeep
|
|t:|1769338199
|switch|p2a: Great Tusk|Great Tusk|100/100
|-activate|p2a: Great Tusk|ability: Protosynthesis
|-start|p2a: Great Tusk|protosynthesisspe
|turn|15
|
|t:|1769338219
|switch|p1a: Goober Koiheimmer|Alomomola, F, tera:Steel|76/100
|move|p2a: Great Tusk|Bulk Up|p2a: Great Tusk
|-boost|p2a: Great Tusk|atk|1
|-boost|p2a: Great Tusk|def|1
|
|-weather|SunnyDay|[upkeep]
|upkeep
|turn|16
|
|t:|1769338239
|move|p2a: Great Tusk|Headlong Rush|p1a: Goober Koiheimmer
|-supereffective|p1a: Goober Koiheimmer
|-damage|p1a: Goober Koiheimmer|0 fnt
|-unboost|p2a: Great Tusk|def|1
|-unboost|p2a: Great Tusk|spd|1
|-damage|p2a: Great Tusk|84/100|[from] item: Rocky Helmet|[of] p1a: Goober Koiheimmer
|faint|p1a: Goober Koiheimmer
|
|-weather|SunnyDay|[upkeep]
|-heal|p2a: Great Tusk|90/100|[from] item: Leftovers
|upkeep
|
|t:|1769338254
|switch|p1a: Kim|Enamorus, F|100/100
|turn|17
|
|t:|1769338261
|move|p1a: Kim|Moonblast|p2a: Great Tusk
|-supereffective|p2a: Great Tusk
|-damage|p2a: Great Tusk|0 fnt
|faint|p2a: Great Tusk
|-end|p2a: Great Tusk|Protosynthesis|[silent]
|
|-weather|SunnyDay|[upkeep]
|upkeep
|
|t:|1769338290
|switch|p2a: Walking Wake|Walking Wake|100/100
|-activate|p2a: Walking Wake|ability: Protosynthesis
|-start|p2a: Walking Wake|protosynthesisspe
|turn|18
|
|t:|1769338305
|switch|p1a: Kingambit|Kingambit, M|100/100
|-activate|p1a: Kingambit|ability: Supreme Overlord
|-start|p1a: Kingambit|fallen1|[silent]
|move|p2a: Walking Wake|Dragon Pulse|p1a: Kingambit
|-resisted|p1a: Kingambit
|-damage|p1a: Kingambit|72/100
|
|-weather|SunnyDay|[upkeep]
|-heal|p1a: Kingambit|78/100|[from] item: Leftovers
|upkeep
|turn|19
|
|t:|1769338318
|-end|p2a: Walking Wake|Protosynthesis|[silent]
|switch|p2a: Ninetales|Ninetales, M|100/100
|move|p1a: Kingambit|Low Kick|p2a: Ninetales
|-damage|p2a: Ninetales|81/100
|
|-weather|none
|-heal|p1a: Kingambit|85/100|[from] item: Leftovers
|upkeep
|turn|20
|
|t:|1769338328
|-end|p1a: Kingambit|fallen1|[silent]
|switch|p1a: Big Brain Boi|Slowking-Galar, M|64/100 brn
|move|p2a: Ninetales|Will-O-Wisp|p1a: Big Brain Boi
|-fail|p1a: Big Brain Boi|brn
|
|-heal|p1a: Big Brain Boi|70/100 brn|[from] item: Leftovers
|-damage|p1a: Big Brain Boi|64/100 brn|[from] brn
|upkeep
|turn|21
|
|t:|1769338337
|switch|p2a: Walking Wake|Walking Wake|100/100
|-prepare|p1a: Big Brain Boi|Chilly Reception|[premajor]
|move|p1a: Big Brain Boi|Chilly Reception|p1a: Big Brain Boi
|-weather|Snowscape
|
|t:|1769338343
|switch|p1a: Ice Man|Kyurem|100/100|[from] Chilly Reception
|-ability|p1a: Ice Man|Pressure
|
|-weather|Snowscape|[upkeep]
|upkeep
|turn|22
|
|t:|1769338359
|move|p1a: Ice Man|Freeze-Dry|p2a: Walking Wake
|-supereffective|p2a: Walking Wake
|-damage|p2a: Walking Wake|0 fnt
|faint|p2a: Walking Wake
|-end|p2a: Walking Wake|Protosynthesis|[silent]
|
|-weather|Snowscape|[upkeep]
|upkeep
|
|t:|1769338365
|switch|p2a: Ninetales|Ninetales, M|81/100
|-weather|SunnyDay|[from] ability: Drought|[of] p2a: Ninetales
|turn|23
|
|t:|1769338377
|switch|p1a: Big Brain Boi|Slowking-Galar, M|97/100 brn
|move|p2a: Ninetales|Overheat|p1a: Big Brain Boi
|-damage|p1a: Big Brain Boi|66/100 brn
|-unboost|p2a: Ninetales|spa|2
|
|-weather|SunnyDay|[upkeep]
|-heal|p1a: Big Brain Boi|72/100 brn|[from] item: Leftovers
|-damage|p1a: Big Brain Boi|66/100 brn|[from] brn
|upkeep
|turn|24
|
|t:|1769338389
|move|p2a: Ninetales|Encore||[still]
|-fail|p2a: Ninetales
|move|p1a: Big Brain Boi|Psychic Noise|p2a: Ninetales
|-crit|p2a: Ninetales
|-damage|p2a: Ninetales|42/100
|-start|p2a: Ninetales|move: Heal Block
|
|-weather|SunnyDay|[upkeep]
|-heal|p1a: Big Brain Boi|72/100 brn|[from] item: Leftovers
|-damage|p1a: Big Brain Boi|66/100 brn|[from] brn
|upkeep
|turn|25
|
|t:|1769338402
|move|p2a: Ninetales|Overheat|p1a: Big Brain Boi
|-damage|p1a: Big Brain Boi|49/100 brn
|-unboost|p2a: Ninetales|spa|2
|move|p1a: Big Brain Boi|Psychic Noise|p2a: Ninetales
|-damage|p2a: Ninetales|14/100
|
|-weather|SunnyDay|[upkeep]
|-heal|p1a: Big Brain Boi|55/100 brn|[from] item: Leftovers
|-damage|p1a: Big Brain Boi|49/100 brn|[from] brn
|-end|p2a: Ninetales|move: Heal Block
|upkeep
|turn|26
|c|☆Eddy_Khil|GG
|
|t:|1769338417
|move|p2a: Ninetales|Overheat|p1a: Big Brain Boi
|-damage|p1a: Big Brain Boi|37/100 brn
|-unboost|p2a: Ninetales|spa|2
|move|p1a: Big Brain Boi|Psychic Noise|p2a: Ninetales
|-damage|p2a: Ninetales|0 fnt
|faint|p2a: Ninetales
|
|win|Eddy_Khil
|raw|Eddy_Khil's rating: 1414 &rarr; <strong>1435</strong><br />(+21 for winning)
|raw|dazhigg's rating: 1436 &rarr; <strong>1415</strong><br />(-21 for losing)
