|j|☆ledvinka
|j|☆haitianprinc3
|t:|1769292907
|gametype|singles
|player|p1|ledvinka|102|1274
|player|p2|haitianprinc3|marshal|1327
|gen|9
|tier|[Gen 9] OU
|rated|
|rule|HP Percentage Mod: HP is shown in percentages
|rule|Endless Battle Clause: Forcing endless battles is banned
|rule|Species Clause: Limit one of each Pokémon
|rule|OHKO Clause: OHKO moves are banned
|rule|Evasion Items Clause: Evasion items are banned
|rule|Evasion Moves Clause: Evasion moves are banned
|rule|Evasion Abilities Clause: Evasion abilities are banned
|rule|Sleep Moves Clause: Sleep-inducing moves are banned
|clearpoke
|poke|p1|Fezandipiti, M|
|poke|p1|Ceruledge, F|
|poke|p1|Dondozo, F|
|poke|p1|Hoopa-Unbound|
|poke|p1|Excadrill, F|
|poke|p1|Tornadus-Therian, M|
|poke|p2|Politoed, F|
|poke|p2|Landorus-Therian, M|
|poke|p2|Goodra, F|
|poke|p2|Floatzel, F|
|poke|p2|Azumarill, F|
|poke|p2|Barraskewda, F|
|teampreview
|inactive|Battle timer is ON: inactive players will automatically lose when time's up. (requested by ledvinka)
|
|t:|1769292919
|teamsize|p1|6
|teamsize|p2|6
|start
|switch|p1a: Fezandipiti|Fezandipiti, M|100/100
|switch|p2a: Politoed|Politoed, F|100/100
|-weather|RainDance|[from] ability: Drizzle|[of] p2a: Politoed
|turn|1
|
|t:|1769292945
|move|p1a: Fezandipiti|Beat Up|p2a: Politoed
|-damage|p2a: Politoed|97/100
|-status|p2a: Politoed|tox|[from] ability: Toxic Chain|[of] p1a: Fezandipiti
|-damage|p2a: Politoed|94/100 tox
|-damage|p2a: Politoed|90/100 tox
|-damage|p2a: Politoed|85/100 tox
|-damage|p2a: Politoed|81/100 tox
|-damage|p2a: Politoed|78/100 tox
|-hitcount|p2a: Politoed|6
|move|p2a: Politoed|Surf|p1a: Fezandipiti
|-damage|p1a: Fezandipiti|63/100
|
|-weather|RainDance|[upkeep]
|-damage|p2a: Politoed|72/100 tox|[from] psn
|upkeep
|turn|2
|inactive|ledvinka has 120 seconds left.
|
|t:|1769292961
|move|p1a: Fezandipiti|Moonblast|p2a: Politoed
|-damage|p2a: Politoed|50/100 tox
|move|p2a: Politoed|Earth Power|p1a: Fezandipiti
|-supereffective|p1a: Fezandipiti
|-damage|p1a: Fezandipiti|34/100
|
|-weather|RainDance|[upkeep]
|-damage|p2a: Politoed|38/100 tox|[from] psn
|upkeep
|turn|3
|inactive|haitianprinc3 has 120 seconds left.
|
|t:|1769293003
|move|p1a: Fezandipiti|Roost|p1a: Fezandipiti
|-heal|p1a: Fezandipiti|84/100
|-singleturn|p1a: Fezandipiti|move: Roost
|move|p2a: Politoed|Earth Power|p1a: Fezandipiti
|-supereffective|p1a: Fezandipiti
|-damage|p1a: Fezandipiti|51/100
|
|-weather|RainDance|[upkeep]
|-damage|p2a: Politoed|20/100 tox|[from] psn
|upkeep
|turn|4
|
|t:|1769293013
|move|p1a: Fezandipiti|Roost|p1a: Fezandipiti
|-heal|p1a: Fezandipiti|100/100
|-singleturn|p1a: Fezandipiti|move: Roost
|move|p2a: Politoed|Surf|p1a: Fezandipiti
|-damage|p1a: Fezandipiti|63/100
|
|-weather|RainDance|[upkeep]
|-damage|p2a: Politoed|0 fnt|[from] psn
|faint|p2a: Politoed
|upkeep
|
|t:|1769293023
|switch|p2a: Floatzel|Floatzel, F|100/100
|turn|5
|
|t:|1769293039
|switch|p1a: Dondozo|Dondozo, F|100/100
|move|p2a: Floatzel|Flip Turn|p1a: Dondozo
|-resisted|p1a: Dondozo
|-damage|p1a: Dondozo|85/100
|
|t:|1769293048
|switch|p2a: Azumarill|Azumarill, F|100/100|[from] Flip Turn
|
|-weather|RainDance|[upkeep]
|-heal|p1a: Dondozo|92/100|[from] item: Leftovers
|upkeep
|turn|6
|
|t:|1769293061
|move|p2a: Azumarill|Knock Off|p1a: Dondozo
|-damage|p1a: Dondozo|73/100
|-enditem|p1a: Dondozo|Leftovers|[from] move: Knock Off|[of] p2a: Azumarill
|move|p1a: Dondozo|Curse|p1a: Dondozo
|-unboost|p1a: Dondozo|spe|1
|-boost|p1a: Dondozo|atk|1
|-boost|p1a: Dondozo|def|1
|
|-weather|RainDance|[upkeep]
|upkeep
|turn|7
|
|t:|1769293069
|switch|p2a: Goodra|Goodra, F|100/100
|move|p1a: Dondozo|Curse|p1a: Dondozo
|-unboost|p1a: Dondozo|spe|1
|-boost|p1a: Dondozo|atk|1
|-boost|p1a: Dondozo|def|1
|
|-weather|RainDance|[upkeep]
|upkeep
|turn|8
|
|t:|1769293080
|move|p2a: Goodra|Draco Meteor|p1a: Dondozo|[miss]
|-miss|p2a: Goodra|p1a: Dondozo
|move|p1a: Dondozo|Waterfall|p2a: Goodra
|-resisted|p2a: Goodra
|-crit|p2a: Goodra
|-damage|p2a: Goodra|5/100
|
|-weather|none
|upkeep
|turn|9
|inactive|haitianprinc3 has 120 seconds left.
|
|t:|1769293089
|move|p2a: Goodra|Draco Meteor|p1a: Dondozo
|-damage|p1a: Dondozo|0 fnt
|-unboost|p2a: Goodra|spa|2
|faint|p1a: Dondozo
|
|upkeep
|
|t:|1769293097
|switch|p1a: Fezandipiti|Fezandipiti, M|63/100
|turn|10
|
|t:|1769293106
|move|p2a: Goodra|Draco Meteor|p1a: Fezandipiti
|-immune|p1a: Fezandipiti
|move|p1a: Fezandipiti|U-turn|p2a: Goodra
|-damage|p2a: Goodra|0 fnt
|faint|p2a: Goodra
|
|t:|1769293113
|switch|p1a: Ceruledge|Ceruledge, F|100/100|[from] U-turn
|
|upkeep
|
|t:|1769293122
|switch|p2a: Azumarill|Azumarill, F|100/100
|turn|11
|
|t:|1769293132
|switch|p1a: Tornadus|Tornadus-Therian, M|100/100
|move|p2a: Azumarill|Knock Off|p1a: Tornadus
|-damage|p1a: Tornadus|47/100
|-enditem|p1a: Tornadus|Assault Vest|[from] move: Knock Off|[of] p2a: Azumarill
|
|upkeep
|turn|12
|
|t:|1769293142
|move|p1a: Tornadus|Knock Off|p2a: Azumarill
|-resisted|p2a: Azumarill
|-damage|p2a: Azumarill|91/100
|-enditem|p2a: Azumarill|Assault Vest|[from] move: Knock Off|[of] p1a: Tornadus
|move|p2a: Azumarill|Liquidation|p1a: Tornadus
|-damage|p1a: Tornadus|0 fnt
|faint|p1a: Tornadus
|
|upkeep
|
|t:|1769293156
|switch|p1a: Fezandipiti|Fezandipiti, M|63/100
|turn|13
|
|t:|1769293164
|-terastallize|p2a: Azumarill|Water
|move|p1a: Fezandipiti|Beat Up|p2a: Azumarill
|-damage|p2a: Azumarill|88/100
|-damage|p2a: Azumarill|84/100
|-damage|p2a: Azumarill|80/100
|-status|p2a: Azumarill|tox|[from] ability: Toxic Chain|[of] p1a: Fezandipiti
|-damage|p2a: Azumarill|77/100 tox
|-hitcount|p2a: Azumarill|4
|move|p2a: Azumarill|Liquidation|p1a: Fezandipiti
|-damage|p1a: Fezandipiti|0 fnt
|faint|p1a: Fezandipiti
|
|-damage|p2a: Azumarill|71/100 tox|[from] psn
|upkeep
|
|t:|1769293185
|switch|p1a: Ceruledge|Ceruledge, F|100/100
|turn|14
|inactive|haitianprinc3 has 120 seconds left.
|inactive|haitianprinc3 has 90 seconds left.
|
|t:|1769293249
|-terastallize|p1a: Ceruledge|Fighting
|move|p1a: Ceruledge|Swords Dance|p1a: Ceruledge
|-boost|p1a: Ceruledge|atk|2
|move|p2a: Azumarill|Liquidation|p1a: Ceruledge
|-damage|p1a: Ceruledge|1/100
|-ability|p1a: Ceruledge|Weak Armor|boost
|-unboost|p1a: Ceruledge|def|1
|-boost|p1a: Ceruledge|spe|2
|
|-damage|p2a: Azumarill|58/100 tox|[from] psn
|upkeep
|turn|15
|
|t:|1769293261
|move|p2a: Azumarill|Aqua Jet|p1a: Ceruledge
|-damage|p1a: Ceruledge|0 fnt
|faint|p1a: Ceruledge
|
|-damage|p2a: Azumarill|40/100 tox|[from] psn
|upkeep
|
|t:|1769293265
|switch|p1a: Hoopa|Hoopa-Unbound|100/100
|turn|16
|
|t:|1769293271
|move|p1a: Hoopa|Dark Pulse|p2a: Azumarill
|-crit|p2a: Azumarill
|-damage|p2a: Azumarill|0 fnt
|faint|p2a: Azumarill
|
|upkeep
|
|t:|1769293279
|switch|p2a: Landorus|Landorus-Therian, M|100/100
|-ability|p2a: Landorus|Intimidate|boost
|-unboost|p1a: Hoopa|atk|1
|turn|17
|
|t:|1769293287
|switch|p1a: Excadrill|Excadrill, F|100/100
|-ability|p1a: Excadrill|Mold Breaker
|move|p2a: Landorus|U-turn|p1a: Excadrill
|-resisted|p1a: Excadrill
|-damage|p1a: Excadrill|84/100
|
|t:|1769293295
|switch|p2a: Floatzel|Floatzel, F|100/100|[from] U-turn
|
|-heal|p1a: Excadrill|90/100|[from] item: Leftovers
|upkeep
|turn|18
|inactive|haitianprinc3 has 120 seconds left.
|
|t:|1769293302
|move|p2a: Floatzel|Flip Turn|p1a: Excadrill
|-supereffective|p1a: Excadrill
|-damage|p1a: Excadrill|0 fnt
|faint|p1a: Excadrill
|
|t:|1769293307
|switch|p2a: Landorus|Landorus-Therian, M|100/100|[from] Flip Turn
|
|upkeep
|
|t:|1769293311
|switch|p1a: Hoopa|Hoopa-Unbound|100/100
|turn|19
|
|t:|1769293316
|move|p2a: Landorus|U-turn|p1a: Hoopa
|-supereffective|p1a: Hoopa
|-damage|p1a: Hoopa|0 fnt
|faint|p1a: Hoopa
|
|win|haitianprinc3
|raw|ledvinka's rating: 1274 &rarr; <strong>1253</strong><br />(-21 for losing)
|raw|haitianprinc3's rating: 1327 &rarr; <strong>1344</strong><br />(+17 for winning)
|l|☆ledvinka
|player|p1|
|c|☆haitianprinc3|gg
|l|☆haitianprinc3
|player|p2|
