|j|☆iconicwrecker
|j|☆Linkinthesink
|t:|1769380780
|gametype|singles
|player|p1|iconicwrecker|ghetsis|1364
|player|p2|Linkinthesink|101|1403
|gen|9
|tier|[Gen 9] OU
|rated|
|rule|HP Percentage Mod: HP is shown in percentages
|rule|Endless Battle Clause: Forcing endless battles is banned
|rule|Species Clause: Limit one of each Pokémon
|rule|OHKO Clause: OHKO moves are banned
|rule|Evasion Items Clause: Evasion items are banned
|rule|Evasion Moves Clause: Evasion moves are banned
|rule|Evasion Abilities Clause: Evasion abilities are banned
|rule|Sleep Moves Clause: Sleep-inducing moves are banned
|clearpoke
|poke|p1|Garchomp, M|
|poke|p1|Maushold|
|poke|p1|Skeledirge, M|
|poke|p1|Kommo-o, M|
|poke|p1|Kingambit, M|
|poke|p1|Inteleon, M|
|poke|p2|Kingambit, F|
|poke|p2|Cinderace, F|
|poke|p2|Landorus-Therian, M|
|poke|p2|Iron Valiant|
|poke|p2|Kyurem|
|poke|p2|Slowking-Galar, F|
|teampreview
|inactive|Battle timer is ON: inactive players will automatically lose when time's up. (requested by iconicwrecker)
|
|t:|1769380788
|teamsize|p1|6
|teamsize|p2|6
|start
|switch|p1a: Kommo-o|Kommo-o, M|100/100
|switch|p2a: Slowking|Slowking-Galar, F|100/100
|turn|1
|
|t:|1769380796
|move|p1a: Kommo-o|Clangorous Soul|p1a: Kommo-o
|-boost|p1a: Kommo-o|atk|1
|-boost|p1a: Kommo-o|def|1
|-boost|p1a: Kommo-o|spa|1
|-boost|p1a: Kommo-o|spd|1
|-boost|p1a: Kommo-o|spe|1
|-damage|p1a: Kommo-o|68/100
|-enditem|p1a: Kommo-o|Throat Spray
|-boost|p1a: Kommo-o|spa|1|[from] item: Throat Spray
|move|p2a: Slowking|Future Sight|p1a: Kommo-o
|-start|p2a: Slowking|move: Future Sight
|
|upkeep
|turn|2
|
|t:|1769380811
|switch|p2a: Landorus|Landorus-Therian, M|100/100
|-ability|p2a: Landorus|Intimidate|boost
|-unboost|p1a: Kommo-o|atk|1
|move|p1a: Kommo-o|Clanging Scales|p2a: Landorus
|-damage|p2a: Landorus|0 fnt
|faint|p2a: Landorus
|-unboost|p1a: Kommo-o|def|1
|
|upkeep
|
|t:|1769380819
|switch|p2a: Slowking|Slowking-Galar, F|100/100
|turn|3
|
|t:|1769380823
|move|p1a: Kommo-o|Clanging Scales|p2a: Slowking
|-damage|p2a: Slowking|39/100
|-unboost|p1a: Kommo-o|def|1
|-prepare|p2a: Slowking|Chilly Reception|[premajor]
|move|p2a: Slowking|Chilly Reception|p2a: Slowking
|-weather|Snowscape
|
|t:|1769380827
|switch|p2a: Cinderace|Cinderace, F|100/100|[from] Chilly Reception
|
|-weather|Snowscape|[upkeep]
|-end|p1a: Kommo-o|move: Future Sight
|-supereffective|p1a: Kommo-o
|-crit|p1a: Kommo-o
|-damage|p1a: Kommo-o|0 fnt
|faint|p1a: Kommo-o
|upkeep
|
|t:|1769380850
|switch|p1a: Inteleon|Inteleon, M|100/100
|turn|4
|
|t:|1769380860
|switch|p2a: Slowking|Slowking-Galar, F|73/100
|move|p1a: Inteleon|Snipe Shot|p2a: Slowking
|-crit|p2a: Slowking
|-damage|p2a: Slowking|20/100
|
|-weather|Snowscape|[upkeep]
|upkeep
|turn|5
|
|t:|1769380867
|switch|p2a: Cinderace|Cinderace, F|100/100
|move|p1a: Inteleon|Snipe Shot|p2a: Cinderace
|-supereffective|p2a: Cinderace
|-crit|p2a: Cinderace
|-damage|p2a: Cinderace|0 fnt
|faint|p2a: Cinderace
|
|-weather|Snowscape|[upkeep]
|upkeep
|
|t:|1769380869
|switch|p2a: Kyurem|Kyurem, shiny|100/100
|-ability|p2a: Kyurem|Pressure
|turn|6
|
|t:|1769380885
|switch|p1a: Skeledirge|Skeledirge, M|100/100
|-item|p1a: Skeledirge|Air Balloon
|move|p2a: Kyurem|Draco Meteor|p1a: Skeledirge
|-damage|p1a: Skeledirge|22/100
|-unboost|p2a: Kyurem|spa|2
|-enditem|p1a: Skeledirge|Air Balloon
|
|-weather|Snowscape|[upkeep]
|upkeep
|turn|7
|
|t:|1769380905
|move|p2a: Kyurem|Draco Meteor|p1a: Skeledirge
|-damage|p1a: Skeledirge|0 fnt
|-unboost|p2a: Kyurem|spa|2
|faint|p1a: Skeledirge
|
|-weather|none
|upkeep
|
|t:|1769380922
|switch|p1a: Garchomp|Garchomp, M|100/100
|turn|8
|
|t:|1769380928
|-terastallize|p1a: Garchomp|Steel
|move|p1a: Garchomp|Swords Dance|p1a: Garchomp
|-boost|p1a: Garchomp|atk|2
|move|p2a: Kyurem|Draco Meteor|p1a: Garchomp
|-resisted|p1a: Garchomp
|-damage|p1a: Garchomp|81/100
|-unboost|p2a: Kyurem|spa|2
|
|upkeep
|turn|9
|
|t:|1769380942
|switch|p2a: Iron Valiant|Iron Valiant|100/100
|-enditem|p2a: Iron Valiant|Booster Energy
|-activate|p2a: Iron Valiant|ability: Quark Drive|[fromitem]
|-start|p2a: Iron Valiant|quarkdrivespe
|move|p1a: Garchomp|Iron Head|p2a: Iron Valiant
|-supereffective|p2a: Iron Valiant
|-damage|p2a: Iron Valiant|0 fnt
|faint|p2a: Iron Valiant
|-end|p2a: Iron Valiant|Quark Drive|[silent]
|
|upkeep
|-message|Linkinthesink forfeited.
|
|win|iconicwrecker
|raw|iconicwrecker's rating: 1364 &rarr; <strong>1386</strong><br />(+22 for winning)
|raw|Linkinthesink's rating: 1403 &rarr; <strong>1381</strong><br />(-22 for losing)
|l|☆Linkinthesink
|player|p2|
|l|☆iconicwrecker
|player|p1|
