|j|☆Pablofromportluis
|j|☆SacredScythee
|t:|1769314213
|gametype|singles
|player|p1|Pablofromportluis|blackbelt-gen4dp|1353
|player|p2|SacredScythee|265|1329
|gen|9
|tier|[Gen 9] OU
|rated|
|rule|HP Percentage Mod: HP is shown in percentages
|rule|Endless Battle Clause: Forcing endless battles is banned
|rule|Species Clause: Limit one of each Pokémon
|rule|OHKO Clause: OHKO moves are banned
|rule|Evasion Items Clause: Evasion items are banned
|rule|Evasion Moves Clause: Evasion moves are banned
|rule|Evasion Abilities Clause: Evasion abilities are banned
|rule|Sleep Moves Clause: Sleep-inducing moves are banned
|clearpoke
|poke|p1|Rillaboom, M|
|poke|p1|Raging Bolt|
|poke|p1|Moltres|
|poke|p1|Dragapult, F|
|poke|p1|Zamazenta-*|
|poke|p1|Iron Treads|
|poke|p2|Garchomp, F|
|poke|p2|Chandelure, M|
|poke|p2|Meowscarada, F|
|poke|p2|Corviknight, M|
|poke|p2|Heatran, F|
|poke|p2|Iron Valiant|
|teampreview
|
|t:|1769314239
|teamsize|p1|6
|teamsize|p2|6
|start
|switch|p1a: Rillaboom|Rillaboom, M|100/100
|switch|p2a: Heatran|Heatran, F|100/100
|-fieldstart|move: Grassy Terrain|[from] ability: Grassy Surge|[of] p1a: Rillaboom
|turn|1
|
|t:|1769314252
|switch|p1a: Moltres|Moltres|100/100
|move|p2a: Heatran|Stealth Rock|p1a: Moltres
|-sidestart|p1: Pablofromportluis|move: Stealth Rock
|
|upkeep
|turn|2
|
|t:|1769314267
|move|p2a: Heatran|Earth Power|p1a: Moltres
|-immune|p1a: Moltres
|move|p1a: Moltres|Roar|p2a: Heatran
|drag|p2a: Chandelure|Chandelure, M|100/100
|
|upkeep
|turn|3
|
|t:|1769314301
|move|p2a: Chandelure|Shadow Ball|p1a: Moltres
|-damage|p1a: Moltres|57/100
|move|p1a: Moltres|U-turn|p2a: Chandelure
|-resisted|p2a: Chandelure
|-damage|p2a: Chandelure|96/100
|
|t:|1769314319
|switch|p1a: Iron Treads|Iron Treads|100/100|[from] U-turn
|-damage|p1a: Iron Treads|97/100|[from] Stealth Rock
|
|-heal|p2a: Chandelure|100/100|[from] Grassy Terrain
|-heal|p1a: Iron Treads|100/100|[from] Grassy Terrain
|upkeep
|turn|4
|
|t:|1769314354
|switch|p2a: Corviknight|Corviknight, M|100/100
|-ability|p2a: Corviknight|Pressure
|move|p1a: Iron Treads|High Horsepower|p2a: Corviknight
|-immune|p2a: Corviknight
|
|upkeep
|turn|5
|
|t:|1769314377
|move|p1a: Iron Treads|Stealth Rock|p2a: Corviknight
|-sidestart|p2: SacredScythee|move: Stealth Rock
|move|p2a: Corviknight|U-turn|p1a: Iron Treads
|-resisted|p1a: Iron Treads
|-damage|p1a: Iron Treads|94/100
|
|t:|1769314388
|switch|p2a: Heatran|Heatran, F|100/100|[from] U-turn
|-damage|p2a: Heatran|88/100|[from] Stealth Rock
|
|-heal|p1a: Iron Treads|99/100|[from] Grassy Terrain
|-heal|p1a: Iron Treads|100/100|[from] item: Leftovers
|-heal|p2a: Heatran|94/100|[from] Grassy Terrain
|-heal|p2a: Heatran|100/100|[from] item: Leftovers
|upkeep
|turn|6
|
|t:|1769314436
|-end|p1a: Iron Treads|Quark Drive|[silent]
|switch|p1a: Moltres|Moltres|57/100
|move|p2a: Heatran|Magma Storm|p1a: Moltres|[miss]
|-miss|p2a: Heatran|p1a: Moltres
|
|upkeep
|turn|7
|
|t:|1769314474
|switch|p2a: Corviknight|Corviknight, M|100/100
|-damage|p2a: Corviknight|88/100|[from] Stealth Rock
|-ability|p2a: Corviknight|Pressure
|move|p1a: Moltres|Roost|p1a: Moltres
|-heal|p1a: Moltres|100/100
|-singleturn|p1a: Moltres|move: Roost
|
|upkeep
|turn|8
|
|t:|1769314486
|move|p1a: Moltres|Flamethrower|p2a: Corviknight
|-supereffective|p2a: Corviknight
|-damage|p2a: Corviknight|20/100
|move|p2a: Corviknight|Defog|p1a: Moltres
|-unboost|p1a: Moltres|evasion|1
|-sideend|p1: Pablofromportluis|Stealth Rock|[from] move: Defog|[of] p2a: Corviknight
|-sideend|p2: SacredScythee|Stealth Rock|[from] move: Defog|[of] p2a: Corviknight
|-fieldend|move: Grassy Terrain
|
|upkeep
|turn|9
|
|t:|1769314497
|switch|p2a: Chandelure|Chandelure, M|100/100
|move|p1a: Moltres|U-turn|p2a: Chandelure
|-resisted|p2a: Chandelure
|-damage|p2a: Chandelure|96/100
|
|t:|1769314543
|switch|p1a: Raging Bolt|Raging Bolt|100/100|[from] U-turn
|-enditem|p1a: Raging Bolt|Booster Energy
|-activate|p1a: Raging Bolt|ability: Protosynthesis|[fromitem]
|-start|p1a: Raging Bolt|protosynthesisspa
|
|upkeep
|turn|10
|
|t:|1769314579
|move|p2a: Chandelure|Will-O-Wisp|p1a: Raging Bolt
|-status|p1a: Raging Bolt|brn
|move|p1a: Raging Bolt|Dragon Pulse|p2a: Chandelure
|-damage|p2a: Chandelure|0 fnt
|faint|p2a: Chandelure
|
|-damage|p1a: Raging Bolt|94/100 brn|[from] brn
|upkeep
|
|t:|1769314601
|switch|p2a: Garchomp|Garchomp, F|100/100
|turn|11
|
|t:|1769314635
|-end|p1a: Raging Bolt|Protosynthesis|[silent]
|switch|p1a: Rillaboom|Rillaboom, M|100/100
|-fieldstart|move: Grassy Terrain|[from] ability: Grassy Surge|[of] p1a: Rillaboom
|move|p2a: Garchomp|Outrage|p1a: Rillaboom
|-damage|p1a: Rillaboom|31/100
|
|-heal|p1a: Rillaboom|37/100|[from] Grassy Terrain
|upkeep
|turn|12
|
|t:|1769314646
|switch|p1a: Iron Treads|Iron Treads|100/100
|move|p2a: Garchomp|Outrage|p1a: Iron Treads|[from] lockedmove
|-resisted|p1a: Iron Treads
|-crit|p1a: Iron Treads
|-damage|p1a: Iron Treads|62/100
|
|-heal|p1a: Iron Treads|69/100|[from] Grassy Terrain
|-heal|p1a: Iron Treads|75/100|[from] item: Leftovers
|upkeep
|turn|13
|
|t:|1769314656
|move|p2a: Garchomp|Outrage|p1a: Iron Treads|[from] lockedmove
|-resisted|p1a: Iron Treads
|-damage|p1a: Iron Treads|48/100
|-start|p2a: Garchomp|confusion|[fatigue]
|move|p1a: Iron Treads|Stealth Rock|p2a: Garchomp
|-sidestart|p2: SacredScythee|move: Stealth Rock
|
|-heal|p1a: Iron Treads|54/100|[from] Grassy Terrain
|-heal|p1a: Iron Treads|60/100|[from] item: Leftovers
|upkeep
|turn|14
|
|t:|1769314687
|switch|p2a: Iron Valiant|Iron Valiant|100/100
|-damage|p2a: Iron Valiant|94/100|[from] Stealth Rock
|-enditem|p2a: Iron Valiant|Booster Energy
|-activate|p2a: Iron Valiant|ability: Quark Drive|[fromitem]
|-start|p2a: Iron Valiant|quarkdrivespe
|move|p1a: Iron Treads|High Horsepower|p2a: Iron Valiant
|-damage|p2a: Iron Valiant|39/100
|
|-heal|p2a: Iron Valiant|45/100|[from] Grassy Terrain
|-heal|p1a: Iron Treads|67/100|[from] Grassy Terrain
|-heal|p1a: Iron Treads|73/100|[from] item: Leftovers
|upkeep
|turn|15
|
|t:|1769314707
|-end|p1a: Iron Treads|Quark Drive|[silent]
|switch|p1a: Moltres|Moltres|100/100
|move|p2a: Iron Valiant|Moonblast|p1a: Moltres
|-resisted|p1a: Moltres
|-damage|p1a: Moltres|78/100
|-unboost|p1a: Moltres|spa|1
|
|-heal|p2a: Iron Valiant|52/100|[from] Grassy Terrain
|upkeep
|turn|16
|
|t:|1769314721
|-terastallize|p2a: Iron Valiant|Ghost
|move|p2a: Iron Valiant|Shadow Ball|p1a: Moltres
|-damage|p1a: Moltres|39/100
|move|p1a: Moltres|Flamethrower|p2a: Iron Valiant
|-damage|p2a: Iron Valiant|5/100
|-status|p2a: Iron Valiant|brn
|
|-heal|p2a: Iron Valiant|11/100 brn|[from] Grassy Terrain
|-damage|p2a: Iron Valiant|5/100 brn|[from] brn
|upkeep
|turn|17
|
|t:|1769314756
|switch|p1a: Raging Bolt|Raging Bolt|94/100 brn
|move|p2a: Iron Valiant|Shadow Ball|p1a: Raging Bolt
|-damage|p1a: Raging Bolt|59/100 brn
|-unboost|p1a: Raging Bolt|spd|1
|
|-heal|p2a: Iron Valiant|11/100 brn|[from] Grassy Terrain
|-heal|p1a: Raging Bolt|65/100 brn|[from] Grassy Terrain
|-damage|p2a: Iron Valiant|5/100 brn|[from] brn
|-damage|p1a: Raging Bolt|59/100 brn|[from] brn
|upkeep
|turn|18
|
|t:|1769314770
|move|p1a: Raging Bolt|Thunderclap||[still]
|-fail|p1a: Raging Bolt
|move|p2a: Iron Valiant|Encore|p1a: Raging Bolt
|-start|p1a: Raging Bolt|Encore
|
|-heal|p2a: Iron Valiant|11/100 brn|[from] Grassy Terrain
|-heal|p1a: Raging Bolt|65/100 brn|[from] Grassy Terrain
|-damage|p2a: Iron Valiant|5/100 brn|[from] brn
|-damage|p1a: Raging Bolt|59/100 brn|[from] brn
|-fieldend|move: Grassy Terrain
|upkeep
|turn|19
|
|t:|1769314784
|-end|p2a: Iron Valiant|Quark Drive|[silent]
|switch|p2a: Corviknight|Corviknight, M|20/100
|-damage|p2a: Corviknight|8/100|[from] Stealth Rock
|-ability|p2a: Corviknight|Pressure
|move|p1a: Raging Bolt|Thunderclap||[still]
|-fail|p1a: Raging Bolt
|
|-damage|p1a: Raging Bolt|53/100 brn|[from] brn
|upkeep
|turn|20
|
|t:|1769314797
|-end|p1a: Raging Bolt|Protosynthesis|[silent]
|switch|p1a: Moltres|Moltres|39/100
|move|p2a: Corviknight|Roost|p2a: Corviknight
|-heal|p2a: Corviknight|58/100
|-singleturn|p2a: Corviknight|move: Roost
|
|upkeep
|turn|21
|
|t:|1769314814
|move|p1a: Moltres|Flamethrower|p2a: Corviknight
|-supereffective|p2a: Corviknight
|-damage|p2a: Corviknight|0 fnt
|faint|p2a: Corviknight
|
|upkeep
|
|t:|1769314827
|switch|p2a: Heatran|Heatran, F|100/100
|-damage|p2a: Heatran|88/100|[from] Stealth Rock
|turn|22
|
|t:|1769314849
|switch|p1a: Raging Bolt|Raging Bolt|53/100 brn
|move|p2a: Heatran|Stealth Rock|p1a: Raging Bolt
|-sidestart|p1: Pablofromportluis|move: Stealth Rock
|
|-heal|p2a: Heatran|94/100|[from] item: Leftovers
|-damage|p1a: Raging Bolt|47/100 brn|[from] brn
|upkeep
|turn|23
|
|t:|1769314867
|move|p1a: Raging Bolt|Thunderbolt|p2a: Heatran
|-damage|p2a: Heatran|60/100
|move|p2a: Heatran|Earth Power|p1a: Raging Bolt
|-supereffective|p1a: Raging Bolt
|-damage|p1a: Raging Bolt|0 fnt
|faint|p1a: Raging Bolt
|-end|p1a: Raging Bolt|Protosynthesis|[silent]
|
|-heal|p2a: Heatran|66/100|[from] item: Leftovers
|upkeep
|
|t:|1769314871
|switch|p1a: Zamazenta|Zamazenta|100/100
|-damage|p1a: Zamazenta|94/100|[from] Stealth Rock
|-ability|p1a: Zamazenta|Dauntless Shield|boost
|-boost|p1a: Zamazenta|def|1
|turn|24
|
|t:|1769314893
|-terastallize|p1a: Zamazenta|Fire
|move|p1a: Zamazenta|Iron Defense|p1a: Zamazenta
|-boost|p1a: Zamazenta|def|2
|move|p2a: Heatran|Magma Storm|p1a: Zamazenta|[miss]
|-miss|p2a: Heatran|p1a: Zamazenta
|
|-heal|p1a: Zamazenta|100/100|[from] item: Leftovers
|-heal|p2a: Heatran|72/100|[from] item: Leftovers
|upkeep
|turn|25
|
|t:|1769314905
|move|p1a: Zamazenta|Body Press|p2a: Heatran
|-supereffective|p2a: Heatran
|-damage|p2a: Heatran|0 fnt
|faint|p2a: Heatran
|
|upkeep
|
|t:|1769314920
|switch|p2a: Garchomp|Garchomp, F|100/100
|-damage|p2a: Garchomp|94/100|[from] Stealth Rock
|turn|26
|
|t:|1769314933
|move|p2a: Garchomp|Stone Edge|p1a: Zamazenta
|-supereffective|p1a: Zamazenta
|-damage|p1a: Zamazenta|79/100
|move|p1a: Zamazenta|Body Press|p2a: Garchomp
|-damage|p2a: Garchomp|17/100
|-damage|p1a: Zamazenta|67/100|[from] ability: Rough Skin|[of] p2a: Garchomp
|
|-heal|p1a: Zamazenta|73/100|[from] item: Leftovers
|upkeep
|turn|27
|
|t:|1769314943
|move|p2a: Garchomp|Stone Edge|p1a: Zamazenta
|-supereffective|p1a: Zamazenta
|-damage|p1a: Zamazenta|54/100
|move|p1a: Zamazenta|Body Press|p2a: Garchomp
|-damage|p2a: Garchomp|0 fnt
|-damage|p1a: Zamazenta|42/100|[from] ability: Rough Skin|[of] p2a: Garchomp
|faint|p2a: Garchomp
|
|-heal|p1a: Zamazenta|48/100|[from] item: Leftovers
|upkeep
|
|t:|1769314957
|switch|p2a: Meowscarada|Meowscarada, F|100/100
|-damage|p2a: Meowscarada|88/100|[from] Stealth Rock
|turn|28
|
|t:|1769314979
|move|p1a: Zamazenta|Body Press|p2a: Meowscarada
|-supereffective|p2a: Meowscarada
|-damage|p2a: Meowscarada|0 fnt
|faint|p2a: Meowscarada
|
|-heal|p1a: Zamazenta|54/100|[from] item: Leftovers
|upkeep
|inactive|Battle timer is ON: inactive players will automatically lose when time's up. (requested by Pablofromportluis)
|
|t:|1769314987
|switch|p2a: Iron Valiant|Iron Valiant, tera:Ghost|5/100 brn
|-damage|p2a: Iron Valiant|0 fnt|[from] Stealth Rock
|faint|p2a: Iron Valiant
|-end|p2a: Iron Valiant|Quark Drive|[silent]
|
|win|Pablofromportluis
|raw|Pablofromportluis's rating: 1353 &rarr; <strong>1372</strong><br />(+19 for winning)
|raw|SacredScythee's rating: 1329 &rarr; <strong>1310</strong><br />(-19 for losing)
|l|☆Pablofromportluis
|player|p1|
|l|☆SacredScythee
|player|p2|
