|j|☆plshelpme37
|j|☆ElectivireGoat
|t:|1769317456
|gametype|singles
|player|p1|plshelpme37|harlequin|1307
|player|p2|ElectivireGoat|bruno|1355
|gen|9
|tier|[Gen 9] OU
|rated|
|rule|HP Percentage Mod: HP is shown in percentages
|rule|Endless Battle Clause: Forcing endless battles is banned
|rule|Species Clause: Limit one of each Pokémon
|rule|OHKO Clause: OHKO moves are banned
|rule|Evasion Items Clause: Evasion items are banned
|rule|Evasion Moves Clause: Evasion moves are banned
|rule|Evasion Abilities Clause: Evasion abilities are banned
|rule|Sleep Moves Clause: Sleep-inducing moves are banned
|clearpoke
|poke|p1|Iron Boulder|
|poke|p1|Talonflame, F|
|poke|p1|Dragapult, F|
|poke|p1|Porygon2|
|poke|p1|Ursaluna, F|
|poke|p1|Meowscarada, M|
|poke|p2|Araquanid, F|
|poke|p2|Electivire, M|
|poke|p2|Gholdengo|
|poke|p2|Kingambit, M|
|poke|p2|Serperior, M|
|poke|p2|Great Tusk|
|teampreview
|
|t:|1769317469
|teamsize|p1|6
|teamsize|p2|6
|start
|switch|p1a: Meowscarada|Meowscarada, M|100/100
|switch|p2a: Araquanid|Araquanid, F|100/100
|turn|1
|inactive|Battle timer is ON: inactive players will automatically lose when time's up. (requested by plshelpme37)
|
|t:|1769317476
|move|p1a: Meowscarada|U-turn|p2a: Araquanid
|-start|p1a: Meowscarada|typechange|Bug|[from] ability: Protean
|-damage|p2a: Araquanid|61/100
|
|t:|1769317482
|switch|p1a: Dragapult|Dragapult, F|100/100|[from] U-turn
|move|p2a: Araquanid|Lunge|p1a: Dragapult
|-resisted|p1a: Dragapult
|-damage|p1a: Dragapult|79/100
|-unboost|p1a: Dragapult|atk|1
|
|-heal|p1a: Dragapult|85/100|[from] item: Leftovers
|upkeep
|turn|2
|
|t:|1769317492
|move|p1a: Dragapult|Thunder Wave|p2a: Araquanid
|-status|p2a: Araquanid|par
|move|p2a: Araquanid|Sticky Web|p1a: Dragapult
|-sidestart|p1: plshelpme37|move: Sticky Web
|
|-heal|p1a: Dragapult|91/100|[from] item: Leftovers
|upkeep
|turn|3
|
|t:|1769317498
|move|p1a: Dragapult|Hex|p2a: Araquanid
|-damage|p2a: Araquanid|18/100 par
|move|p2a: Araquanid|Liquidation|p1a: Dragapult
|-resisted|p1a: Dragapult
|-damage|p1a: Dragapult|49/100
|
|-heal|p1a: Dragapult|55/100|[from] item: Leftovers
|upkeep
|turn|4
|
|t:|1769317508
|move|p1a: Dragapult|U-turn|p2a: Araquanid
|-damage|p2a: Araquanid|5/100 par
|
|t:|1769317513
|switch|p1a: Talonflame|Talonflame, F|100/100|[from] U-turn
|move|p2a: Araquanid|Mirror Coat||[still]
|-fail|p2a: Araquanid
|
|upkeep
|turn|5
|
|t:|1769317523
|move|p1a: Talonflame|U-turn|p2a: Araquanid
|-damage|p2a: Araquanid|0 fnt
|faint|p2a: Araquanid
|
|t:|1769317526
|switch|p1a: Dragapult|Dragapult, F|55/100|[from] U-turn
|-activate|p1a: Dragapult|move: Sticky Web
|-unboost|p1a: Dragapult|spe|1
|
|-heal|p1a: Dragapult|61/100|[from] item: Leftovers
|upkeep
|
|t:|1769317534
|switch|p2a: Kingambit|Kingambit, M|100/100
|-activate|p2a: Kingambit|ability: Supreme Overlord
|-start|p2a: Kingambit|fallen1|[silent]
|turn|6
|
|t:|1769317540
|switch|p1a: Talonflame|Talonflame, F|100/100
|move|p2a: Kingambit|Kowtow Cleave|p1a: Talonflame
|-damage|p1a: Talonflame|40/100
|-status|p2a: Kingambit|brn|[from] ability: Flame Body|[of] p1a: Talonflame
|
|-damage|p2a: Kingambit|94/100 brn|[from] brn
|upkeep
|turn|7
|
|t:|1769317550
|move|p2a: Kingambit|Sucker Punch||[still]
|-fail|p2a: Kingambit
|move|p1a: Talonflame|Defog|p2a: Kingambit
|-unboost|p2a: Kingambit|evasion|1
|-sideend|p1: plshelpme37|Sticky Web|[from] move: Defog|[of] p1a: Talonflame
|
|-damage|p2a: Kingambit|88/100 brn|[from] brn
|upkeep
|turn|8
|
|t:|1769317555
|move|p1a: Talonflame|Taunt|p2a: Kingambit
|-start|p2a: Kingambit|move: Taunt
|move|p2a: Kingambit|Kowtow Cleave|p1a: Talonflame
|-damage|p1a: Talonflame|13/100
|
|-damage|p2a: Kingambit|82/100 brn|[from] brn
|upkeep
|turn|9
|
|t:|1769317569
|switch|p1a: Ursaluna|Ursaluna, F|100/100
|move|p2a: Kingambit|Kowtow Cleave|p1a: Ursaluna
|-damage|p1a: Ursaluna|86/100
|
|-damage|p2a: Kingambit|76/100 brn|[from] brn
|-status|p1a: Ursaluna|brn|[from] item: Flame Orb
|upkeep
|turn|10
|
|t:|1769317576
|move|p1a: Ursaluna|Earthquake|p2a: Kingambit
|-supereffective|p2a: Kingambit
|-damage|p2a: Kingambit|0 fnt
|faint|p2a: Kingambit
|-end|p2a: Kingambit|fallen1|[silent]
|
|-damage|p1a: Ursaluna|80/100 brn|[from] brn
|upkeep
|
|t:|1769317589
|switch|p2a: Alex Voltanovski|Electivire, M|100/100
|turn|11
|
|t:|1769317595
|switch|p2a: Booster Ghold|Gholdengo|100/100
|-item|p2a: Booster Ghold|Air Balloon
|switch|p1a: Talonflame|Talonflame, F|13/100
|
|upkeep
|turn|12
|
|t:|1769317611
|-terastallize|p2a: Booster Ghold|Fairy
|move|p1a: Talonflame|U-turn|p2a: Booster Ghold
|-resisted|p2a: Booster Ghold
|-damage|p2a: Booster Ghold|95/100
|-enditem|p2a: Booster Ghold|Air Balloon
|
|t:|1769317619
|switch|p1a: Ursaluna|Ursaluna, F|80/100 brn|[from] U-turn
|move|p2a: Booster Ghold|Hex|p1a: Ursaluna
|-immune|p1a: Ursaluna
|
|-damage|p1a: Ursaluna|74/100 brn|[from] brn
|upkeep
|turn|13
|
|t:|1769317627
|move|p2a: Booster Ghold|Focus Blast|p1a: Ursaluna|[miss]
|-miss|p2a: Booster Ghold|p1a: Ursaluna
|move|p1a: Ursaluna|Facade|p2a: Booster Ghold
|-crit|p2a: Booster Ghold
|-damage|p2a: Booster Ghold|0 fnt
|faint|p2a: Booster Ghold
|
|-damage|p1a: Ursaluna|68/100 brn|[from] brn
|upkeep
|-message|ElectivireGoat forfeited.
|
|win|plshelpme37
|raw|plshelpme37's rating: 1307 &rarr; <strong>1330</strong><br />(+23 for winning)
|raw|ElectivireGoat's rating: 1355 &rarr; <strong>1332</strong><br />(-23 for losing)
|l|☆ElectivireGoat
|player|p2|
|l|☆plshelpme37
|player|p1|
