|j|☆dragonite2763
|j|☆Gabitchka
|t:|1769412965
|gametype|singles
|player|p1|dragonite2763|dawn|1156
|player|p2|Gabitchka|2|1135
|gen|9
|tier|[Gen 9] OU
|rated|
|rule|HP Percentage Mod: HP is shown in percentages
|rule|Endless Battle Clause: Forcing endless battles is banned
|rule|Species Clause: Limit one of each Pokémon
|rule|OHKO Clause: OHKO moves are banned
|rule|Evasion Items Clause: Evasion items are banned
|rule|Evasion Moves Clause: Evasion moves are banned
|rule|Evasion Abilities Clause: Evasion abilities are banned
|rule|Sleep Moves Clause: Sleep-inducing moves are banned
|clearpoke
|poke|p1|Cinderace, M|
|poke|p1|Slowbro-Galar, M|
|poke|p1|Azumarill, M|
|poke|p1|Kingambit, M|
|poke|p1|Raging Bolt|
|poke|p1|Great Tusk|
|poke|p2|Hatterene, F|
|poke|p2|Jirachi|
|poke|p2|Staraptor, F|
|poke|p2|Probopass, M|
|poke|p2|Rillaboom, M|
|poke|p2|Greninja-*, F|
|teampreview
|
|t:|1769412983
|teamsize|p1|6
|teamsize|p2|6
|start
|switch|p1a: Vapour|Azumarill, M|100/100
|switch|p2a: Probopass|Probopass, M|100/100
|-item|p2a: Probopass|Air Balloon
|turn|1
|
|t:|1769412991
|move|p1a: Vapour|Belly Drum|p1a: Vapour
|-damage|p1a: Vapour|50/100
|-setboost|p1a: Vapour|atk|6|[from] move: Belly Drum
|-enditem|p1a: Vapour|Sitrus Berry|[eat]
|-heal|p1a: Vapour|75/100|[from] item: Sitrus Berry
|move|p2a: Probopass|Stealth Rock|p1a: Vapour
|-sidestart|p1: dragonite2763|move: Stealth Rock
|
|upkeep
|turn|2
|
|t:|1769413001
|-terastallize|p1a: Vapour|Water
|move|p1a: Vapour|Aqua Jet|p2a: Probopass
|-supereffective|p2a: Probopass
|-ability|p2a: Probopass|Sturdy
|-damage|p2a: Probopass|1/100
|-enditem|p2a: Probopass|Air Balloon
|move|p2a: Probopass|Thunder Wave|p1a: Vapour
|-status|p1a: Vapour|par
|
|upkeep
|turn|3
|
|t:|1769413022
|move|p1a: Vapour|Aqua Jet|p2a: Probopass
|-supereffective|p2a: Probopass
|-damage|p2a: Probopass|0 fnt
|faint|p2a: Probopass
|
|upkeep
|
|t:|1769413028
|switch|p2a: Rillaboom|Rillaboom, M|100/100
|-fieldstart|move: Grassy Terrain|[from] ability: Grassy Surge|[of] p2a: Rillaboom
|turn|4
|
|t:|1769413037
|move|p2a: Rillaboom|Grassy Glide|p1a: Vapour
|-supereffective|p1a: Vapour
|-damage|p1a: Vapour|0 fnt
|faint|p1a: Vapour
|
|upkeep
|
|t:|1769413043
|switch|p1a: Nesquick|Cinderace, M|100/100
|-damage|p1a: Nesquick|76/100|[from] Stealth Rock
|turn|5
|
|t:|1769413047
|switch|p2a: Greninja|Greninja, F|100/100
|move|p1a: Nesquick|Pyro Ball|p2a: Greninja
|-resisted|p2a: Greninja
|-damage|p2a: Greninja|45/100
|
|-heal|p2a: Greninja|51/100|[from] Grassy Terrain
|-heal|p1a: Nesquick|82/100|[from] Grassy Terrain
|upkeep
|turn|6
|
|t:|1769413052
|move|p2a: Greninja|Surf|p1a: Nesquick
|-start|p2a: Greninja|typechange|Water|[from] ability: Protean
|-supereffective|p1a: Nesquick
|-damage|p1a: Nesquick|0 fnt
|faint|p1a: Nesquick
|-damage|p2a: Greninja|42/100|[from] item: Life Orb
|
|-heal|p2a: Greninja|48/100|[from] Grassy Terrain
|upkeep
|
|t:|1769413059
|switch|p1a: Jurassic|Great Tusk|100/100
|turn|7
|
|t:|1769413068
|move|p2a: Greninja|Surf|p1a: Jurassic
|-supereffective|p1a: Jurassic
|-damage|p1a: Jurassic|0 fnt
|faint|p1a: Jurassic
|-end|p1a: Jurassic|Protosynthesis|[silent]
|-damage|p2a: Greninja|38/100|[from] item: Life Orb
|
|-heal|p2a: Greninja|44/100|[from] Grassy Terrain
|upkeep
|
|t:|1769413078
|switch|p1a: Cloud Nine|Raging Bolt|100/100
|-damage|p1a: Cloud Nine|88/100|[from] Stealth Rock
|-enditem|p1a: Cloud Nine|Booster Energy
|-activate|p1a: Cloud Nine|ability: Protosynthesis|[fromitem]
|-start|p1a: Cloud Nine|protosynthesisspa
|turn|8
|
|t:|1769413087
|move|p2a: Greninja|Ice Beam|p1a: Cloud Nine
|-supereffective|p1a: Cloud Nine
|-damage|p1a: Cloud Nine|18/100
|-status|p1a: Cloud Nine|frz
|-damage|p2a: Greninja|34/100|[from] item: Life Orb
|cant|p1a: Cloud Nine|frz
|
|-heal|p2a: Greninja|40/100|[from] Grassy Terrain
|-heal|p1a: Cloud Nine|25/100 frz|[from] Grassy Terrain
|-fieldend|move: Grassy Terrain
|upkeep
|turn|9
|
|t:|1769413094
|cant|p1a: Cloud Nine|frz
|move|p2a: Greninja|Ice Beam|p1a: Cloud Nine
|-supereffective|p1a: Cloud Nine
|-crit|p1a: Cloud Nine
|-damage|p1a: Cloud Nine|0 fnt
|faint|p1a: Cloud Nine
|-end|p1a: Cloud Nine|Protosynthesis|[silent]
|-damage|p2a: Greninja|30/100|[from] item: Life Orb
|
|upkeep
|
|t:|1769413096
|switch|p1a: Checkmate|Kingambit, M|100/100
|-damage|p1a: Checkmate|94/100|[from] Stealth Rock
|-activate|p1a: Checkmate|ability: Supreme Overlord
|-start|p1a: Checkmate|fallen4|[silent]
|turn|10
|
|t:|1769413105
|move|p1a: Checkmate|Sucker Punch|p2a: Greninja
|-damage|p2a: Greninja|0 fnt
|faint|p2a: Greninja
|
|-heal|p1a: Checkmate|100/100|[from] item: Leftovers
|upkeep
|
|t:|1769413114
|switch|p2a: Rillaboom|Rillaboom, M|100/100
|-fieldstart|move: Grassy Terrain|[from] ability: Grassy Surge|[of] p2a: Rillaboom
|turn|11
|
|t:|1769413117
|move|p2a: Rillaboom|Drain Punch|p1a: Checkmate
|-supereffective|p1a: Checkmate
|-crit|p1a: Checkmate
|-damage|p1a: Checkmate|0 fnt
|faint|p1a: Checkmate
|-end|p1a: Checkmate|fallen4|[silent]
|
|upkeep
|
|t:|1769413120
|switch|p1a: Headache|Slowbro-Galar, M|100/100
|-damage|p1a: Headache|88/100|[from] Stealth Rock
|turn|12
|
|t:|1769413129
|switch|p2a: Staraptor|Staraptor, F|100/100
|move|p1a: Headache|Ice Beam|p2a: Staraptor
|-supereffective|p2a: Staraptor
|-damage|p2a: Staraptor|30/100
|
|-heal|p1a: Headache|94/100|[from] Grassy Terrain
|upkeep
|turn|13
|
|t:|1769413136
|move|p2a: Staraptor|Brave Bird|p1a: Headache
|-damage|p1a: Headache|25/100
|-damage|p2a: Staraptor|1/100|[from] Recoil
|move|p1a: Headache|Ice Beam|p2a: Staraptor
|-supereffective|p2a: Staraptor
|-damage|p2a: Staraptor|0 fnt
|faint|p2a: Staraptor
|
|-heal|p1a: Headache|31/100|[from] Grassy Terrain
|upkeep
|
|t:|1769413149
|switch|p2a: Jirachi|Jirachi|100/100
|turn|14
|
|t:|1769413157
|move|p2a: Jirachi|Zen Headbutt|p1a: Headache
|-damage|p1a: Headache|2/100
|cant|p1a: Headache|flinch
|
|-heal|p1a: Headache|8/100|[from] Grassy Terrain
|upkeep
|turn|15
|
|t:|1769413173
|move|p2a: Jirachi|Zen Headbutt|p1a: Headache
|-damage|p1a: Headache|0 fnt
|faint|p1a: Headache
|
|win|Gabitchka
|raw|dragonite2763's rating: 1156 &rarr; <strong>1129</strong><br />(-27 for losing)
|raw|Gabitchka's rating: 1135 &rarr; <strong>1162</strong><br />(+27 for winning)
|l|☆dragonite2763
|player|p1|
|l|☆Gabitchka
|player|p2|
