|j|☆Qazxcdewsf
|j|☆WaveHunts
|t:|1769325662
|gametype|singles
|player|p1|Qazxcdewsf|1|1635
|player|p2|WaveHunts|gentleman-gen4|1559
|gen|9
|tier|[Gen 9] OU
|rated|
|rule|HP Percentage Mod: HP is shown in percentages
|rule|Endless Battle Clause: Forcing endless battles is banned
|rule|Species Clause: Limit one of each Pokémon
|rule|OHKO Clause: OHKO moves are banned
|rule|Evasion Items Clause: Evasion items are banned
|rule|Evasion Moves Clause: Evasion moves are banned
|rule|Evasion Abilities Clause: Evasion abilities are banned
|rule|Sleep Moves Clause: Sleep-inducing moves are banned
|clearpoke
|poke|p1|Great Tusk|
|poke|p1|Excadrill, M|
|poke|p1|Tyranitar, F|
|poke|p1|Samurott-Hisui, M|
|poke|p1|Rillaboom, M|
|poke|p1|Slowking-Galar, F|
|poke|p2|Enamorus, F|
|poke|p2|Great Tusk|
|poke|p2|Zapdos|
|poke|p2|Samurott-Hisui, M|
|poke|p2|Heatran, F|
|poke|p2|Rillaboom, F|
|teampreview
|inactive|Battle timer is ON: inactive players will automatically lose when time's up. (requested by WaveHunts)
|inactive|WaveHunts has 120 seconds left.
|
|t:|1769325706
|teamsize|p1|6
|teamsize|p2|6
|start
|switch|p1a: Rillaboom|Rillaboom, M|100/100
|switch|p2a: Enamorus|Enamorus, F|100/100
|-fieldstart|move: Grassy Terrain|[from] ability: Grassy Surge|[of] p1a: Rillaboom
|turn|1
|
|t:|1769325716
|switch|p1a: Slowking|Slowking-Galar, F|100/100
|-terastallize|p2a: Enamorus|Fairy
|move|p2a: Enamorus|Moonblast|p1a: Slowking
|-resisted|p1a: Slowking
|-damage|p1a: Slowking|60/100
|-unboost|p1a: Slowking|spa|1
|
|-heal|p1a: Slowking|66/100|[from] Grassy Terrain
|upkeep
|turn|2
|j| Cubavision
|
|t:|1769325728
|switch|p2a: Heatran|Heatran, F, shiny|100/100
|-prepare|p1a: Slowking|Chilly Reception|[premajor]
|move|p1a: Slowking|Chilly Reception|p1a: Slowking
|-weather|Snowscape
|
|t:|1769325750
|switch|p1a: Samurott|Samurott-Hisui, M|100/100|[from] Chilly Reception
|
|-weather|Snowscape|[upkeep]
|upkeep
|turn|3
|
|t:|1769325771
|switch|p2a: Zapdos|Zapdos|100/100
|move|p1a: Samurott|Razor Shell|p2a: Zapdos
|-damage|p2a: Zapdos|56/100
|-status|p1a: Samurott|par|[from] ability: Static|[of] p2a: Zapdos
|
|-weather|Snowscape|[upkeep]
|upkeep
|turn|4
|
|t:|1769325791
|switch|p1a: Tyranitar|Tyranitar, F|100/100
|-weather|Sandstorm|[from] ability: Sand Stream|[of] p1a: Tyranitar
|move|p2a: Zapdos|Roost|p2a: Zapdos
|-heal|p2a: Zapdos|100/100
|-singleturn|p2a: Zapdos|move: Roost
|
|-weather|Sandstorm|[upkeep]
|-damage|p2a: Zapdos|94/100|[from] Sandstorm
|-heal|p2a: Zapdos|100/100|[from] Grassy Terrain
|upkeep
|turn|5
|
|t:|1769325803
|move|p2a: Zapdos|U-turn|p1a: Tyranitar
|-supereffective|p1a: Tyranitar
|-damage|p1a: Tyranitar|81/100
|inactive|WaveHunts has 120 seconds left.
|
|t:|1769325830
|switch|p2a: Rillaboom|Rillaboom, F|100/100|[from] U-turn
|move|p1a: Tyranitar|Ice Beam|p2a: Rillaboom
|-supereffective|p2a: Rillaboom
|-damage|p2a: Rillaboom|58/100
|
|-weather|Sandstorm|[upkeep]
|-damage|p2a: Rillaboom|52/100|[from] Sandstorm
|-heal|p2a: Rillaboom|58/100|[from] Grassy Terrain
|-heal|p1a: Tyranitar|87/100|[from] Grassy Terrain
|-fieldend|move: Grassy Terrain
|upkeep
|turn|6
|
|t:|1769325842
|switch|p1a: Slowking|Slowking-Galar, F|99/100
|move|p2a: Rillaboom|U-turn|p1a: Slowking
|-damage|p1a: Slowking|79/100
|
|t:|1769325851
|switch|p2a: Heatran|Heatran, F, shiny|100/100|[from] U-turn
|
|-weather|Sandstorm|[upkeep]
|-damage|p1a: Slowking|73/100|[from] Sandstorm
|upkeep
|turn|7
|
|t:|1769325857
|switch|p1a: Samurott|Samurott-Hisui, M|100/100 par
|move|p2a: Heatran|Stealth Rock|p1a: Samurott
|-sidestart|p1: Qazxcdewsf|move: Stealth Rock
|
|-weather|Sandstorm|[upkeep]
|-damage|p1a: Samurott|94/100 par|[from] Sandstorm
|upkeep
|turn|8
|
|t:|1769325866
|switch|p2a: Zapdos|Zapdos|100/100
|move|p1a: Samurott|Ceaseless Edge|p2a: Zapdos
|-damage|p2a: Zapdos|61/100
|-sidestart|p2: WaveHunts|Spikes
|
|-weather|none
|upkeep
|turn|9
|
|t:|1769325874
|switch|p1a: Excadrill|Excadrill, M|100/100
|-damage|p1a: Excadrill|97/100|[from] Stealth Rock
|move|p2a: Zapdos|Discharge|p1a: Excadrill
|-immune|p1a: Excadrill
|
|-heal|p1a: Excadrill|100/100|[from] item: Leftovers
|upkeep
|turn|10
|
|t:|1769325887
|switch|p1a: Tyranitar|Tyranitar, F|87/100
|-damage|p1a: Tyranitar|74/100|[from] Stealth Rock
|-weather|Sandstorm|[from] ability: Sand Stream|[of] p1a: Tyranitar
|switch|p2a: Great Tusk|Great Tusk, shiny|100/100
|
|-weather|Sandstorm|[upkeep]
|upkeep
|turn|11
|
|t:|1769325899
|move|p2a: Great Tusk|Rapid Spin|p1a: Tyranitar
|-resisted|p1a: Tyranitar
|-damage|p1a: Tyranitar|68/100
|-boost|p2a: Great Tusk|spe|1
|-sideend|p2: WaveHunts|Spikes|[from] move: Rapid Spin|[of] p2a: Great Tusk
|move|p1a: Tyranitar|Ice Beam|p2a: Great Tusk
|-supereffective|p2a: Great Tusk
|-crit|p2a: Great Tusk
|-damage|p2a: Great Tusk|0 fnt
|faint|p2a: Great Tusk
|-end|p2a: Great Tusk|Protosynthesis|[silent]
|
|-weather|Sandstorm|[upkeep]
|upkeep
|l| Cubavision
|
|t:|1769325912
|switch|p2a: Rillaboom|Rillaboom, F|58/100
|-fieldstart|move: Grassy Terrain|[from] ability: Grassy Surge|[of] p2a: Rillaboom
|turn|12
|
|t:|1769325928
|switch|p1a: Slowking|Slowking-Galar, F|100/100
|-damage|p1a: Slowking|88/100|[from] Stealth Rock
|move|p2a: Rillaboom|Wood Hammer|p1a: Slowking
|-resisted|p1a: Slowking
|-damage|p1a: Slowking|56/100
|-damage|p2a: Rillaboom|46/100|[from] Recoil
|
|-weather|Sandstorm|[upkeep]
|-damage|p2a: Rillaboom|40/100|[from] Sandstorm
|-damage|p1a: Slowking|50/100|[from] Sandstorm
|-heal|p2a: Rillaboom|46/100|[from] Grassy Terrain
|-heal|p1a: Slowking|56/100|[from] Grassy Terrain
|upkeep
|turn|13
|
|t:|1769325942
|move|p2a: Rillaboom|Knock Off|p1a: Slowking
|-supereffective|p1a: Slowking
|-crit|p1a: Slowking
|-enditem|p1a: Slowking|Colbur Berry|[eat]
|-enditem|p1a: Slowking|Colbur Berry|[weaken]
|-damage|p1a: Slowking|16/100
|-prepare|p1a: Slowking|Chilly Reception|[premajor]
|move|p1a: Slowking|Chilly Reception|p1a: Slowking
|-weather|Snowscape
|
|t:|1769325952
|switch|p1a: Rillaboom|Rillaboom, M|100/100|[from] Chilly Reception
|-damage|p1a: Rillaboom|88/100|[from] Stealth Rock
|
|-weather|Snowscape|[upkeep]
|-heal|p2a: Rillaboom|52/100|[from] Grassy Terrain
|-heal|p1a: Rillaboom|94/100|[from] Grassy Terrain
|upkeep
|turn|14
|
|t:|1769325968
|switch|p2a: Zapdos|Zapdos|61/100
|move|p1a: Rillaboom|Knock Off|p2a: Zapdos
|-damage|p2a: Zapdos|20/100
|-enditem|p2a: Zapdos|Heavy-Duty Boots|[from] move: Knock Off|[of] p1a: Rillaboom
|
|-weather|Snowscape|[upkeep]
|-heal|p1a: Rillaboom|100/100|[from] Grassy Terrain
|upkeep
|turn|15
|
|t:|1769325977
|switch|p1a: Excadrill|Excadrill, M|100/100
|-damage|p1a: Excadrill|97/100|[from] Stealth Rock
|move|p2a: Zapdos|Roost|p2a: Zapdos
|-heal|p2a: Zapdos|70/100
|-singleturn|p2a: Zapdos|move: Roost
|
|-weather|Snowscape|[upkeep]
|-heal|p1a: Excadrill|100/100|[from] Grassy Terrain
|-heal|p2a: Zapdos|76/100|[from] Grassy Terrain
|upkeep
|turn|16
|
|t:|1769325987
|move|p1a: Excadrill|Stealth Rock|p2a: Zapdos
|-sidestart|p2: WaveHunts|move: Stealth Rock
|move|p2a: Zapdos|Hurricane|p1a: Excadrill|[miss]
|-miss|p2a: Zapdos|p1a: Excadrill
|
|-weather|Snowscape|[upkeep]
|-fieldend|move: Grassy Terrain
|upkeep
|turn|17
|
|t:|1769325998
|switch|p2a: Rillaboom|Rillaboom, F|52/100
|-damage|p2a: Rillaboom|40/100|[from] Stealth Rock
|-fieldstart|move: Grassy Terrain|[from] ability: Grassy Surge|[of] p2a: Rillaboom
|move|p1a: Excadrill|Rapid Spin|p2a: Rillaboom
|-damage|p2a: Rillaboom|18/100
|-boost|p1a: Excadrill|spe|1
|-sideend|p1: Qazxcdewsf|Stealth Rock|[from] move: Rapid Spin|[of] p1a: Excadrill
|
|-weather|none
|-heal|p2a: Rillaboom|25/100|[from] Grassy Terrain
|upkeep
|turn|18
|inactive|WaveHunts has 120 seconds left.
|j| AmberArm
|-message|WaveHunts forfeited.
|
|win|Qazxcdewsf
|raw|Qazxcdewsf's rating: 1635 &rarr; <strong>1651</strong><br />(+16 for winning)
|raw|WaveHunts's rating: 1559 &rarr; <strong>1543</strong><br />(-16 for losing)
|l|☆WaveHunts
|player|p2|
|l| AmberArm
|l|☆Qazxcdewsf
|player|p1|
