|j|☆poopseydoopsey
|j|☆nushinator
|t:|1769393170
|gametype|singles
|player|p1|poopseydoopsey|hiker-gen6|1825
|player|p2|nushinator|bugcatcher-gen4dp|1788
|gen|9
|tier|[Gen 9] OU
|rated|
|rule|HP Percentage Mod: HP is shown in percentages
|rule|Endless Battle Clause: Forcing endless battles is banned
|rule|Species Clause: Limit one of each Pokémon
|rule|OHKO Clause: OHKO moves are banned
|rule|Evasion Items Clause: Evasion items are banned
|rule|Evasion Moves Clause: Evasion moves are banned
|rule|Evasion Abilities Clause: Evasion abilities are banned
|rule|Sleep Moves Clause: Sleep-inducing moves are banned
|clearpoke
|poke|p1|Dragapult, M|
|poke|p1|Samurott-Hisui, F|
|poke|p1|Dragonite, F|
|poke|p1|Great Tusk|
|poke|p1|Rillaboom, F|
|poke|p1|Heatran, M|
|poke|p2|Ting-Lu|
|poke|p2|Scizor, F|
|poke|p2|Tornadus-Therian, M|
|poke|p2|Raging Bolt|
|poke|p2|Alomomola, M|
|poke|p2|Hatterene, F|
|teampreview
|inactive|Battle timer is ON: inactive players will automatically lose when time's up. (requested by nushinator)
|inactive|poopseydoopsey also wants the timer to be on.
|inactive|poopseydoopsey has 120 seconds left.
|
|t:|1769393223
|teamsize|p1|6
|teamsize|p2|6
|start
|switch|p1a: IDF war machine|Heatran, M|100/100
|switch|p2a: Scizor|Scizor, F|100/100
|turn|1
|
|t:|1769393231
|switch|p2a: Ting-Lu|Ting-Lu|100/100
|-ability|p2a: Ting-Lu|Vessel of Ruin
|move|p1a: IDF war machine|Magma Storm|p2a: Ting-Lu|[miss]
|-miss|p1a: IDF war machine|p2a: Ting-Lu
|
|upkeep
|turn|2
|
|t:|1769393237
|move|p1a: IDF war machine|Will-O-Wisp|p2a: Ting-Lu
|-status|p2a: Ting-Lu|brn
|move|p2a: Ting-Lu|Stealth Rock|p1a: IDF war machine
|-sidestart|p1: poopseydoopsey|move: Stealth Rock
|
|-damage|p2a: Ting-Lu|94/100 brn|[from] brn
|upkeep
|turn|3
|
|t:|1769393242
|switch|p1a: truecel rage|Rillaboom, F|100/100
|-damage|p1a: truecel rage|88/100|[from] Stealth Rock
|-fieldstart|move: Grassy Terrain|[from] ability: Grassy Surge|[of] p1a: truecel rage
|move|p2a: Ting-Lu|Ruination|p1a: truecel rage
|-damage|p1a: truecel rage|44/100
|
|-heal|p1a: truecel rage|51/100|[from] Grassy Terrain
|-heal|p2a: Ting-Lu|100/100 brn|[from] Grassy Terrain
|-damage|p2a: Ting-Lu|94/100 brn|[from] brn
|upkeep
|turn|4
|
|t:|1769393247
|switch|p2a: Scizor|Scizor, F|100/100
|move|p1a: truecel rage|U-turn|p2a: Scizor
|-resisted|p2a: Scizor
|-damage|p2a: Scizor|80/100
|
|t:|1769393249
|switch|p1a: IDF war machine|Heatran, M|100/100|[from] U-turn
|-damage|p1a: IDF war machine|88/100|[from] Stealth Rock
|
|-heal|p1a: IDF war machine|94/100|[from] Grassy Terrain
|-heal|p1a: IDF war machine|100/100|[from] item: Leftovers
|-heal|p2a: Scizor|86/100|[from] Grassy Terrain
|upkeep
|turn|5
|
|t:|1769393254
|switch|p2a: Raging Bolt|Raging Bolt|100/100
|-enditem|p2a: Raging Bolt|Booster Energy
|-activate|p2a: Raging Bolt|ability: Protosynthesis|[fromitem]
|-start|p2a: Raging Bolt|protosynthesisspa
|move|p1a: IDF war machine|Stealth Rock|p2a: Raging Bolt
|-sidestart|p2: nushinator|move: Stealth Rock
|
|upkeep
|turn|6
|
|t:|1769393257
|move|p1a: IDF war machine|Earth Power|p2a: Raging Bolt
|-supereffective|p2a: Raging Bolt
|-damage|p2a: Raging Bolt|41/100
|move|p2a: Raging Bolt|Calm Mind|p2a: Raging Bolt
|-boost|p2a: Raging Bolt|spa|1
|-boost|p2a: Raging Bolt|spd|1
|
|-heal|p2a: Raging Bolt|47/100|[from] Grassy Terrain
|upkeep
|turn|7
|
|t:|1769393261
|move|p1a: IDF war machine|Earth Power|p2a: Raging Bolt
|-supereffective|p2a: Raging Bolt
|-damage|p2a: Raging Bolt|9/100
|move|p2a: Raging Bolt|Thunderbolt|p1a: IDF war machine
|-damage|p1a: IDF war machine|0 fnt
|faint|p1a: IDF war machine
|
|-heal|p2a: Raging Bolt|16/100|[from] Grassy Terrain
|-fieldend|move: Grassy Terrain
|upkeep
|
|t:|1769393268
|switch|p1a: goy destroyer|Great Tusk|100/100
|-damage|p1a: goy destroyer|97/100|[from] Stealth Rock
|-enditem|p1a: goy destroyer|Booster Energy
|-activate|p1a: goy destroyer|ability: Protosynthesis|[fromitem]
|-start|p1a: goy destroyer|protosynthesisatk
|turn|8
|
|t:|1769393272
|-end|p2a: Raging Bolt|Protosynthesis|[silent]
|switch|p2a: Hatterene|Hatterene, F|100/100
|-damage|p2a: Hatterene|88/100|[from] Stealth Rock
|move|p1a: goy destroyer|Rapid Spin|p2a: Hatterene
|-damage|p2a: Hatterene|71/100
|-boost|p1a: goy destroyer|spe|1
|-damage|p1a: goy destroyer|81/100|[from] item: Rocky Helmet|[of] p2a: Hatterene
|-sideend|p1: poopseydoopsey|Stealth Rock|[from] move: Rapid Spin|[of] p1a: goy destroyer
|
|upkeep
|turn|9
|
|t:|1769393283
|-end|p1a: goy destroyer|Protosynthesis|[silent]
|switch|p1a: truecel rage|Rillaboom, F|51/100
|-fieldstart|move: Grassy Terrain|[from] ability: Grassy Surge|[of] p1a: truecel rage
|move|p2a: Hatterene|Draining Kiss|p1a: truecel rage
|-damage|p1a: truecel rage|19/100
|-heal|p2a: Hatterene|96/100|[from] drain|[of] p1a: truecel rage
|
|-heal|p1a: truecel rage|25/100|[from] Grassy Terrain
|-heal|p2a: Hatterene|100/100|[from] Grassy Terrain
|upkeep
|turn|10
|
|t:|1769393290
|switch|p2a: Scizor|Scizor, F|86/100
|move|p1a: truecel rage|U-turn|p2a: Scizor
|-resisted|p2a: Scizor
|-damage|p2a: Scizor|67/100
|
|t:|1769393296
|switch|p1a: foid annihilator|Dragapult, M|100/100|[from] U-turn
|
|-heal|p2a: Scizor|73/100|[from] Grassy Terrain
|upkeep
|turn|11
|
|t:|1769393308
|switch|p1a: goy destroyer|Great Tusk|81/100
|move|p2a: Scizor|Knock Off|p1a: goy destroyer
|-resisted|p1a: goy destroyer
|-damage|p1a: goy destroyer|72/100
|
|-heal|p1a: goy destroyer|78/100|[from] Grassy Terrain
|-heal|p2a: Scizor|79/100|[from] Grassy Terrain
|upkeep
|turn|12
|
|t:|1769393323
|move|p1a: goy destroyer|Headlong Rush|p2a: Scizor
|-damage|p2a: Scizor|19/100
|-unboost|p1a: goy destroyer|def|1
|-unboost|p1a: goy destroyer|spd|1
|move|p2a: Scizor|Defog|p1a: goy destroyer
|-unboost|p1a: goy destroyer|evasion|1
|-sideend|p2: nushinator|Stealth Rock|[from] move: Defog|[of] p2a: Scizor
|-fieldend|move: Grassy Terrain
|
|upkeep
|turn|13
|
|t:|1769393329
|switch|p2a: Alomomola|Alomomola, M|100/100
|move|p1a: goy destroyer|Ice Spinner|p2a: Alomomola
|-resisted|p2a: Alomomola
|-damage|p2a: Alomomola|93/100
|
|upkeep
|turn|14
|
|t:|1769393337
|-end|p1a: goy destroyer|Protosynthesis|[silent]
|switch|p1a: truecel rage|Rillaboom, F|25/100
|-fieldstart|move: Grassy Terrain|[from] ability: Grassy Surge|[of] p1a: truecel rage
|move|p2a: Alomomola|Flip Turn|p1a: truecel rage
|-resisted|p1a: truecel rage
|-damage|p1a: truecel rage|15/100
|
|t:|1769393340
|switch|p2a: Scizor|Scizor, F|19/100|[from] Flip Turn
|
|-heal|p1a: truecel rage|21/100|[from] Grassy Terrain
|-heal|p2a: Scizor|26/100|[from] Grassy Terrain
|upkeep
|turn|15
|
|t:|1769393345
|switch|p1a: goy destroyer|Great Tusk|78/100
|move|p2a: Scizor|Bullet Punch|p1a: goy destroyer
|-damage|p1a: goy destroyer|55/100
|
|-heal|p1a: goy destroyer|61/100|[from] Grassy Terrain
|-heal|p2a: Scizor|32/100|[from] Grassy Terrain
|upkeep
|turn|16
|
|t:|1769393359
|-end|p1a: goy destroyer|Protosynthesis|[silent]
|switch|p1a: chudtopia|Samurott-Hisui, F|100/100
|switch|p2a: Alomomola|Alomomola, M|100/100
|
|upkeep
|turn|17
|
|t:|1769393363
|move|p1a: chudtopia|Ceaseless Edge|p2a: Alomomola
|-damage|p2a: Alomomola|75/100
|-sidestart|p2: nushinator|Spikes
|move|p2a: Alomomola|Wish|p2a: Alomomola
|
|-heal|p2a: Alomomola|81/100|[from] Grassy Terrain
|upkeep
|turn|18
|
|t:|1769393367
|move|p1a: chudtopia|Knock Off|p2a: Alomomola
|-damage|p2a: Alomomola|56/100
|-enditem|p2a: Alomomola|Heavy-Duty Boots|[from] move: Knock Off|[of] p1a: chudtopia
|move|p2a: Alomomola|Flip Turn|p1a: chudtopia
|-resisted|p1a: chudtopia
|-damage|p1a: chudtopia|91/100
|
|t:|1769393370
|switch|p2a: Scizor|Scizor, F|32/100|[from] Flip Turn
|
|-heal|p2a: Scizor|100/100|[from] move: Wish|[wisher] Alomomola
|-heal|p1a: chudtopia|97/100|[from] Grassy Terrain
|-fieldend|move: Grassy Terrain
|upkeep
|turn|19
|
|t:|1769393378
|move|p1a: chudtopia|Knock Off|p2a: Scizor
|-damage|p2a: Scizor|54/100
|-enditem|p2a: Scizor|Heavy-Duty Boots|[from] move: Knock Off|[of] p1a: chudtopia
|move|p2a: Scizor|U-turn|p1a: chudtopia
|-supereffective|p1a: chudtopia
|-damage|p1a: chudtopia|8/100
|
|t:|1769393382
|switch|p2a: Tornadus|Tornadus-Therian, M|100/100|[from] U-turn
|
|upkeep
|turn|20
|
|t:|1769393396
|move|p1a: chudtopia|Sucker Punch|p2a: Tornadus
|-damage|p2a: Tornadus|56/100
|move|p2a: Tornadus|Bleakwind Storm|p1a: chudtopia
|-damage|p1a: chudtopia|0 fnt
|faint|p1a: chudtopia
|-damage|p2a: Tornadus|46/100|[from] item: Life Orb
|
|upkeep
|
|t:|1769393403
|switch|p1a: foid annihilator|Dragapult, M|100/100
|turn|21
|
|t:|1769393413
|switch|p2a: Ting-Lu|Ting-Lu|94/100 brn
|-damage|p2a: Ting-Lu|82/100 brn|[from] Spikes
|-ability|p2a: Ting-Lu|Vessel of Ruin
|move|p1a: foid annihilator|Dragon Darts|p2a: Ting-Lu
|-damage|p2a: Ting-Lu|67/100 brn
|-anim|p1a: foid annihilator|Dragon Darts|p2a: Ting-Lu
|-damage|p2a: Ting-Lu|53/100 brn
|-damage|p1a: foid annihilator|91/100|[from] item: Life Orb
|
|-heal|p2a: Ting-Lu|60/100 brn|[from] item: Leftovers
|-damage|p2a: Ting-Lu|53/100 brn|[from] brn
|upkeep
|turn|22
|
|t:|1769393420
|move|p1a: foid annihilator|Dragon Darts|p2a: Ting-Lu
|-damage|p2a: Ting-Lu|40/100 brn
|-anim|p1a: foid annihilator|Dragon Darts|p2a: Ting-Lu
|-damage|p2a: Ting-Lu|25/100 brn
|-damage|p1a: foid annihilator|81/100|[from] item: Life Orb
|move|p2a: Ting-Lu|Ruination|p1a: foid annihilator
|-damage|p1a: foid annihilator|41/100
|
|-heal|p2a: Ting-Lu|31/100 brn|[from] item: Leftovers
|-damage|p2a: Ting-Lu|25/100 brn|[from] brn
|upkeep
|turn|23
|
|t:|1769393424
|move|p1a: foid annihilator|Dragon Darts|p2a: Ting-Lu
|-damage|p2a: Ting-Lu|9/100 brn
|-anim|p1a: foid annihilator|Dragon Darts|p2a: Ting-Lu
|-damage|p2a: Ting-Lu|0 fnt
|faint|p2a: Ting-Lu
|-damage|p1a: foid annihilator|31/100|[from] item: Life Orb
|
|upkeep
|
|t:|1769393431
|switch|p2a: Scizor|Scizor, F|54/100
|-damage|p2a: Scizor|42/100|[from] Spikes
|turn|24
|
|t:|1769393433
|switch|p1a: goy destroyer|Great Tusk|61/100
|move|p2a: Scizor|Bullet Punch|p1a: goy destroyer
|-damage|p1a: goy destroyer|40/100
|
|upkeep
|turn|25
|
|t:|1769393436
|switch|p2a: Alomomola|Alomomola, M|90/100
|-damage|p2a: Alomomola|77/100|[from] Spikes
|move|p1a: goy destroyer|Headlong Rush|p2a: Alomomola
|-damage|p2a: Alomomola|47/100
|-unboost|p1a: goy destroyer|def|1
|-unboost|p1a: goy destroyer|spd|1
|
|upkeep
|turn|26
|
|t:|1769393449
|move|p1a: goy destroyer|Headlong Rush|p2a: Alomomola
|-damage|p2a: Alomomola|15/100
|-unboost|p1a: goy destroyer|def|1
|-unboost|p1a: goy destroyer|spd|1
|move|p2a: Alomomola|Flip Turn|p1a: goy destroyer
|-supereffective|p1a: goy destroyer
|-damage|p1a: goy destroyer|0 fnt
|faint|p1a: goy destroyer
|-end|p1a: goy destroyer|Protosynthesis|[silent]
|
|t:|1769393451
|switch|p2a: Scizor|Scizor, F|42/100|[from] Flip Turn
|-damage|p2a: Scizor|30/100|[from] Spikes
|
|upkeep
|
|t:|1769393458
|switch|p1a: benjamin netanyahu|Dragonite, F|100/100
|turn|27
|
|t:|1769393463
|switch|p1a: foid annihilator|Dragapult, M|31/100
|switch|p2a: Hatterene|Hatterene, F|100/100
|-damage|p2a: Hatterene|88/100|[from] Spikes
|
|upkeep
|turn|28
|
|t:|1769393470
|switch|p2a: Raging Bolt|Raging Bolt|16/100
|-damage|p2a: Raging Bolt|3/100|[from] Spikes
|move|p1a: foid annihilator|Shadow Ball|p2a: Raging Bolt
|-damage|p2a: Raging Bolt|0 fnt
|faint|p2a: Raging Bolt
|-end|p2a: Raging Bolt|Protosynthesis|[silent]
|-damage|p1a: foid annihilator|21/100|[from] item: Life Orb
|
|upkeep
|
|t:|1769393473
|switch|p2a: Scizor|Scizor, F|30/100
|-damage|p2a: Scizor|17/100|[from] Spikes
|turn|29
|
|t:|1769393483
|move|p2a: Scizor|Bullet Punch|p1a: foid annihilator
|-damage|p1a: foid annihilator|0 fnt
|faint|p1a: foid annihilator
|
|upkeep
|
|t:|1769393484
|switch|p1a: benjamin netanyahu|Dragonite, F|100/100
|turn|30
|
|t:|1769393491
|switch|p2a: Hatterene|Hatterene, F|88/100
|-damage|p2a: Hatterene|76/100|[from] Spikes
|move|p1a: benjamin netanyahu|Scale Shot|p2a: Hatterene
|-immune|p2a: Hatterene
|
|upkeep
|turn|31
|j| XChaosblazer
|
|t:|1769393496
|move|p1a: benjamin netanyahu|Dragon Dance|p1a: benjamin netanyahu
|-boost|p1a: benjamin netanyahu|atk|1
|-boost|p1a: benjamin netanyahu|spe|1
|move|p2a: Hatterene|Draining Kiss|p1a: benjamin netanyahu
|-supereffective|p1a: benjamin netanyahu
|-damage|p1a: benjamin netanyahu|78/100
|-heal|p2a: Hatterene|93/100|[from] drain|[of] p1a: benjamin netanyahu
|
|upkeep
|turn|32
|
|t:|1769393500
|move|p1a: benjamin netanyahu|Dragon Dance|p1a: benjamin netanyahu
|-boost|p1a: benjamin netanyahu|atk|1
|-boost|p1a: benjamin netanyahu|spe|1
|move|p2a: Hatterene|Nuzzle|p1a: benjamin netanyahu
|-damage|p1a: benjamin netanyahu|73/100
|-status|p1a: benjamin netanyahu|par
|
|upkeep
|turn|33
|
|t:|1769393508
|switch|p2a: Tornadus|Tornadus-Therian, M|79/100
|move|p1a: benjamin netanyahu|Fire Punch|p2a: Tornadus
|-damage|p2a: Tornadus|5/100
|
|upkeep
|turn|34
|
|t:|1769393512
|move|p2a: Tornadus|Bleakwind Storm|p1a: benjamin netanyahu|[miss]
|-miss|p2a: Tornadus|p1a: benjamin netanyahu
|move|p1a: benjamin netanyahu|Scale Shot|p2a: Tornadus
|-damage|p2a: Tornadus|0 fnt
|faint|p2a: Tornadus
|-hitcount|p2: Tornadus|1
|-unboost|p1a: benjamin netanyahu|def|1
|-boost|p1a: benjamin netanyahu|spe|1
|
|upkeep
|
|t:|1769393514
|switch|p2a: Hatterene|Hatterene, F|93/100
|-damage|p2a: Hatterene|81/100|[from] Spikes
|turn|35
|
|t:|1769393528
|move|p1a: benjamin netanyahu|Fire Punch|p2a: Hatterene
|-damage|p2a: Hatterene|32/100
|-damage|p1a: benjamin netanyahu|57/100 par|[from] item: Rocky Helmet|[of] p2a: Hatterene
|move|p2a: Hatterene|Draining Kiss|p1a: benjamin netanyahu
|-supereffective|p1a: benjamin netanyahu
|-damage|p1a: benjamin netanyahu|6/100 par
|-heal|p2a: Hatterene|71/100|[from] drain|[of] p1a: benjamin netanyahu
|
|upkeep
|turn|36
|j| Reggiemaster24
|
|t:|1769393534
|move|p1a: benjamin netanyahu|Fire Punch|p2a: Hatterene
|-damage|p2a: Hatterene|30/100
|-damage|p1a: benjamin netanyahu|0 fnt|[from] item: Rocky Helmet|[of] p2a: Hatterene
|faint|p1a: benjamin netanyahu
|move|p2a: Hatterene|Draining Kiss|p1: benjamin netanyahu|[notarget]
|-fail|p2a: Hatterene
|
|upkeep
|
|t:|1769393536
|switch|p1a: truecel rage|Rillaboom, F|21/100
|-fieldstart|move: Grassy Terrain|[from] ability: Grassy Surge|[of] p1a: truecel rage
|turn|37
|
|t:|1769393540
|-terastallize|p2a: Hatterene|Grass
|move|p1a: truecel rage|Grassy Glide|p2a: Hatterene
|-resisted|p2a: Hatterene
|-damage|p2a: Hatterene|6/100
|-damage|p1a: truecel rage|5/100|[from] item: Rocky Helmet|[of] p2a: Hatterene
|move|p2a: Hatterene|Draining Kiss|p1a: truecel rage
|-damage|p1a: truecel rage|0 fnt
|-heal|p2a: Hatterene|10/100|[from] drain|[of] p1a: truecel rage
|faint|p1a: truecel rage
|
|win|nushinator
|raw|poopseydoopsey's rating: 1825 &rarr; <strong>1803</strong><br />(-22 for losing)
|raw|nushinator's rating: 1788 &rarr; <strong>1810</strong><br />(+22 for winning)
|l|☆nushinator
|player|p2|
|l| Reggiemaster24
|l|☆poopseydoopsey
|player|p1|
