|j|☆CrazyPiggy14
|j|☆Ryuujionyt
|t:|1769327233
|gametype|singles
|player|p1|CrazyPiggy14|ghetsis-gen5bw|1242
|player|p2|Ryuujionyt|265|1305
|gen|9
|tier|[Gen 9] OU
|rated|
|rule|HP Percentage Mod: HP is shown in percentages
|rule|Endless Battle Clause: Forcing endless battles is banned
|rule|Species Clause: Limit one of each Pokémon
|rule|OHKO Clause: OHKO moves are banned
|rule|Evasion Items Clause: Evasion items are banned
|rule|Evasion Moves Clause: Evasion moves are banned
|rule|Evasion Abilities Clause: Evasion abilities are banned
|rule|Sleep Moves Clause: Sleep-inducing moves are banned
|clearpoke
|poke|p1|Dragapult, M|
|poke|p1|Dragonite, M|
|poke|p1|Alomomola, M|
|poke|p1|Gliscor, F|
|poke|p1|Hoopa-Unbound|
|poke|p1|Corviknight, F|
|poke|p2|Kingambit, F|
|poke|p2|Iron Valiant|
|poke|p2|Iron Moth|
|poke|p2|Ogerpon-Wellspring, F|
|poke|p2|Zamazenta-*|
|poke|p2|Pincurchin, F|
|teampreview
|inactive|Battle timer is ON: inactive players will automatically lose when time's up. (requested by Ryuujionyt)
|inactive|CrazyPiggy14 also wants the timer to be on.
|
|t:|1769327243
|teamsize|p1|6
|teamsize|p2|6
|start
|switch|p1a: Gliscor|Gliscor, F|100/100
|switch|p2a: Pincurchin|Pincurchin, F, shiny|100/100
|-fieldstart|move: Electric Terrain|[from] ability: Electric Surge|[of] p2a: Pincurchin
|turn|1
|
|t:|1769327252
|move|p1a: Gliscor|Stealth Rock|p2a: Pincurchin
|-sidestart|p2: Ryuujionyt|move: Stealth Rock
|move|p2a: Pincurchin|Toxic Spikes|p1a: Gliscor
|-sidestart|p1: CrazyPiggy14|move: Toxic Spikes
|
|-status|p1a: Gliscor|tox|[from] item: Toxic Orb
|upkeep
|turn|2
|
|t:|1769327257
|move|p1a: Gliscor|Toxic|p2a: Pincurchin
|-status|p2a: Pincurchin|tox
|move|p2a: Pincurchin|Toxic Spikes|p1a: Gliscor
|-sidestart|p1: CrazyPiggy14|move: Toxic Spikes
|
|-damage|p2a: Pincurchin|94/100 tox|[from] psn
|upkeep
|turn|3
|
|t:|1769327263
|move|p1a: Gliscor|Knock Off|p2a: Pincurchin
|-damage|p2a: Pincurchin|75/100 tox
|-enditem|p2a: Pincurchin|Terrain Extender|[from] move: Knock Off|[of] p1a: Gliscor
|move|p2a: Pincurchin|Scald|p1a: Gliscor
|-supereffective|p1a: Gliscor
|-damage|p1a: Gliscor|70/100 tox
|
|-heal|p1a: Gliscor|82/100 tox|[from] ability: Poison Heal
|-damage|p2a: Pincurchin|63/100 tox|[from] psn
|upkeep
|turn|4
|
|t:|1769327273
|switch|p2a: Ogerpon|Ogerpon-Wellspring, F|100/100
|-damage|p2a: Ogerpon|88/100|[from] Stealth Rock
|move|p1a: Gliscor|Protect||[still]
|-fail|p1a: Gliscor
|
|-heal|p1a: Gliscor|95/100 tox|[from] ability: Poison Heal
|upkeep
|turn|5
|
|t:|1769327279
|move|p2a: Ogerpon|Ivy Cudgel|p1a: Gliscor|[anim] Ivy Cudgel Water
|-supereffective|p1a: Gliscor
|-crit|p1a: Gliscor
|-damage|p1a: Gliscor|0 fnt
|faint|p1a: Gliscor
|
|upkeep
|
|t:|1769327283
|switch|p1a: Corviknight|Corviknight, F|100/100
|-ability|p1a: Corviknight|Pressure
|turn|6
|
|t:|1769327290
|switch|p2a: Kingambit|Kingambit, F, shiny|100/100
|-damage|p2a: Kingambit|94/100|[from] Stealth Rock
|move|p1a: Corviknight|Brave Bird|p2a: Kingambit
|-resisted|p2a: Kingambit
|-damage|p2a: Kingambit|79/100
|-damage|p1a: Corviknight|96/100|[from] Recoil
|
|upkeep
|turn|7
|inactive|CrazyPiggy14 has 120 seconds left.
|
|t:|1769327348
|-end|p2a: Kingambit|fallenundefined|[silent]
|switch|p2a: Iron Moth|Iron Moth, shiny|100/100
|-damage|p2a: Iron Moth|76/100|[from] Stealth Rock
|-activate|p2a: Iron Moth|ability: Quark Drive
|-start|p2a: Iron Moth|quarkdrivespa
|move|p1a: Corviknight|U-turn|p2a: Iron Moth
|-resisted|p2a: Iron Moth
|-damage|p2a: Iron Moth|70/100
|
|t:|1769327353
|switch|p1a: Hoopa|Hoopa-Unbound|100/100|[from] U-turn
|-status|p1a: Hoopa|tox
|
|-damage|p1a: Hoopa|95/100 tox|[from] psn
|upkeep
|turn|8
|
|t:|1769327357
|move|p2a: Iron Moth|Dazzling Gleam|p1a: Hoopa
|-supereffective|p1a: Hoopa
|-crit|p1a: Hoopa
|-damage|p1a: Hoopa|22/100 tox
|move|p1a: Hoopa|Psychic|p2a: Iron Moth
|-supereffective|p2a: Iron Moth
|-damage|p2a: Iron Moth|0 fnt
|faint|p2a: Iron Moth
|-end|p2a: Iron Moth|Quark Drive|[silent]
|
|-damage|p1a: Hoopa|10/100 tox|[from] psn
|-fieldend|move: Electric Terrain
|upkeep
|
|t:|1769327367
|switch|p2a: Kingambit|Kingambit, F, shiny|79/100
|-damage|p2a: Kingambit|73/100|[from] Stealth Rock
|-activate|p2a: Kingambit|ability: Supreme Overlord
|-start|p2a: Kingambit|fallen1|[silent]
|turn|9
|inactive|CrazyPiggy14 has 120 seconds left.
|
|t:|1769327378
|move|p2a: Kingambit|Sucker Punch|p1a: Hoopa
|-damage|p1a: Hoopa|0 fnt
|faint|p1a: Hoopa
|
|upkeep
|
|t:|1769327384
|switch|p1a: Dragapult|Dragapult, M|100/100
|turn|10
|inactive|CrazyPiggy14 has 120 seconds left.
|
|t:|1769327393
|move|p2a: Kingambit|Sucker Punch||[still]
|-fail|p2a: Kingambit
|move|p1a: Dragapult|Will-O-Wisp|p2a: Kingambit
|-status|p2a: Kingambit|brn
|
|-damage|p2a: Kingambit|67/100 brn|[from] brn
|upkeep
|turn|11
|
|t:|1769327400
|move|p2a: Kingambit|Sucker Punch|p1a: Dragapult
|-supereffective|p1a: Dragapult
|-damage|p1a: Dragapult|24/100
|move|p1a: Dragapult|U-turn|p2a: Kingambit
|-damage|p2a: Kingambit|51/100 brn
|
|t:|1769327407
|switch|p1a: Alomomola|Alomomola, M|100/100|[from] U-turn
|
|-damage|p2a: Kingambit|45/100 brn|[from] brn
|upkeep
|turn|12
|
|t:|1769327420
|move|p2a: Kingambit|Kowtow Cleave|p1a: Alomomola
|-damage|p1a: Alomomola|82/100
|move|p1a: Alomomola|Wish|p1a: Alomomola
|
|-damage|p2a: Kingambit|39/100 brn|[from] brn
|upkeep
|turn|13
|
|t:|1769327424
|move|p2a: Kingambit|Kowtow Cleave|p1a: Alomomola
|-damage|p1a: Alomomola|65/100
|move|p1a: Alomomola|Flip Turn|p2a: Kingambit
|-damage|p2a: Kingambit|23/100 brn
|
|t:|1769327427
|switch|p1a: Dragapult|Dragapult, M|24/100|[from] Flip Turn
|
|-heal|p1a: Dragapult|100/100|[from] move: Wish|[wisher] Alomomola
|-damage|p2a: Kingambit|17/100 brn|[from] brn
|upkeep
|turn|14
|
|t:|1769327434
|switch|p1a: Corviknight|Corviknight, F|96/100
|-ability|p1a: Corviknight|Pressure
|-terastallize|p2a: Kingambit|Dark
|move|p2a: Kingambit|Sucker Punch||[still]
|-fail|p2a: Kingambit
|
|-damage|p2a: Kingambit|11/100 brn|[from] brn
|upkeep
|turn|15
|
|t:|1769327444
|move|p2a: Kingambit|Kowtow Cleave|p1a: Corviknight
|-damage|p1a: Corviknight|70/100
|-damage|p2a: Kingambit|0 fnt|[from] item: Rocky Helmet|[of] p1a: Corviknight
|faint|p2a: Kingambit
|-end|p2a: Kingambit|fallen1|[silent]
|move|p1a: Corviknight|Roost|p1a: Corviknight
|-heal|p1a: Corviknight|100/100
|-singleturn|p1a: Corviknight|move: Roost
|
|upkeep
|
|t:|1769327450
|switch|p2a: Pincurchin|Pincurchin, F, shiny|63/100 tox
|-damage|p2a: Pincurchin|51/100 tox|[from] Stealth Rock
|-fieldstart|move: Electric Terrain|[from] ability: Electric Surge|[of] p2a: Pincurchin
|turn|16
|
|t:|1769327473
|move|p1a: Corviknight|Defog|p2a: Pincurchin
|-unboost|p2a: Pincurchin|evasion|1
|-sideend|p2: Ryuujionyt|Stealth Rock|[from] move: Defog|[of] p1a: Corviknight
|-sideend|p1: CrazyPiggy14|Toxic Spikes|[from] move: Defog|[of] p1a: Corviknight
|-fieldend|move: Electric Terrain
|move|p2a: Pincurchin|Thunder Wave|p1a: Corviknight
|-status|p1a: Corviknight|par
|
|-damage|p2a: Pincurchin|45/100 tox|[from] psn
|upkeep
|turn|17
|
|t:|1769327483
|move|p1a: Corviknight|U-turn|p2a: Pincurchin
|-damage|p2a: Pincurchin|33/100 tox
|
|t:|1769327486
|switch|p1a: Dragapult|Dragapult, M|100/100|[from] U-turn
|move|p2a: Pincurchin|Toxic Spikes|p1a: Dragapult
|-sidestart|p1: CrazyPiggy14|move: Toxic Spikes
|
|-damage|p2a: Pincurchin|21/100 tox|[from] psn
|upkeep
|turn|18
|
|t:|1769327495
|switch|p2a: Iron Valiant|Iron Valiant, shiny|100/100
|move|p1a: Dragapult|Dragon Darts|p2a: Iron Valiant
|-immune|p2a: Iron Valiant
|
|upkeep
|turn|19
|
|t:|1769327499
|move|p1a: Dragapult|Will-O-Wisp|p2a: Iron Valiant
|-status|p2a: Iron Valiant|brn
|move|p2a: Iron Valiant|Moonblast|p1a: Dragapult
|-supereffective|p1a: Dragapult
|-damage|p1a: Dragapult|0 fnt
|faint|p1a: Dragapult
|-damage|p2a: Iron Valiant|91/100 brn|[from] item: Life Orb
|
|-damage|p2a: Iron Valiant|85/100 brn|[from] brn
|upkeep
|
|t:|1769327508
|switch|p1a: Corviknight|Corviknight, F|100/100 par
|-ability|p1a: Corviknight|Pressure
|turn|20
|
|t:|1769327520
|move|p2a: Iron Valiant|Thunderbolt|p1a: Corviknight
|-supereffective|p1a: Corviknight
|-damage|p1a: Corviknight|22/100 par
|-damage|p2a: Iron Valiant|75/100 brn|[from] item: Life Orb
|move|p1a: Corviknight|Brave Bird|p2a: Iron Valiant
|-supereffective|p2a: Iron Valiant
|-damage|p2a: Iron Valiant|0 fnt
|faint|p2a: Iron Valiant
|-end|p2a: Iron Valiant|Quark Drive|[silent]
|-damage|p1a: Corviknight|5/100 par|[from] Recoil
|
|upkeep
|
|t:|1769327529
|switch|p2a: Ogerpon|Ogerpon-Wellspring, F|88/100
|turn|21
|
|t:|1769327548
|move|p2a: Ogerpon|Trailblaze|p1a: Corviknight
|-resisted|p1a: Corviknight
|-damage|p1a: Corviknight|0 fnt
|-boost|p2a: Ogerpon|spe|1
|-damage|p2a: Ogerpon|72/100|[from] item: Rocky Helmet|[of] p1a: Corviknight
|faint|p1a: Corviknight
|
|upkeep
|
|t:|1769327556
|switch|p1a: Dragonite|Dragonite, M|100/100
|turn|22
|
|t:|1769327561
|-terastallize|p1a: Dragonite|Flying
|move|p2a: Ogerpon|Play Rough|p1a: Dragonite
|-damage|p1a: Dragonite|81/100
|move|p1a: Dragonite|Dragon Dance|p1a: Dragonite
|-boost|p1a: Dragonite|atk|1
|-boost|p1a: Dragonite|spe|1
|
|upkeep
|turn|23
|
|t:|1769327574
|move|p2a: Ogerpon|Ivy Cudgel|p1a: Dragonite|[anim] Ivy Cudgel Water
|-damage|p1a: Dragonite|11/100
|move|p1a: Dragonite|Tera Blast|p2a: Ogerpon|[anim] Tera Blast Flying
|-supereffective|p2a: Ogerpon
|-damage|p2a: Ogerpon|0 fnt
|faint|p2a: Ogerpon
|
|upkeep
|
|t:|1769327580
|switch|p2a: Pincurchin|Pincurchin, F, shiny|21/100 tox
|-fieldstart|move: Electric Terrain|[from] ability: Electric Surge|[of] p2a: Pincurchin
|turn|24
|
|t:|1769327585
|move|p1a: Dragonite|Earthquake|p2a: Pincurchin
|-supereffective|p2a: Pincurchin
|-damage|p2a: Pincurchin|0 fnt
|faint|p2a: Pincurchin
|
|upkeep
|
|t:|1769327587
|switch|p2a: Zamazenta|Zamazenta, shiny|100/100
|-ability|p2a: Zamazenta|Dauntless Shield|boost
|-boost|p2a: Zamazenta|def|1
|turn|25
|
|t:|1769327591
|move|p1a: Dragonite|Tera Blast|p2a: Zamazenta|[anim] Tera Blast Flying
|-supereffective|p2a: Zamazenta
|-damage|p2a: Zamazenta|0 fnt
|faint|p2a: Zamazenta
|
|win|CrazyPiggy14
|raw|CrazyPiggy14's rating: 1242 &rarr; <strong>1271</strong><br />(+29 for winning)
|raw|Ryuujionyt's rating: 1305 &rarr; <strong>1281</strong><br />(-24 for losing)
|l|☆Ryuujionyt
|player|p2|
|l|☆CrazyPiggy14
|player|p1|
