|badge|p2|bronze|gen9uu|100-8
|uhtml|medal-msg|<div class="broadcast-blue">Curious what those medals under the avatar are? PS now has Ladder Seasons! For more information, check out the <a href="https://www.smogon.com/forums/threads/3740067/">thread on Smogon.</a></div>
|j|☆praveenkumart236
|j|☆damorush
|t:|1769415742
|gametype|singles
|player|p1|praveenkumart236|265|1666
|player|p2|damorush|169|1662
|gen|9
|tier|[Gen 9] OU
|rated|
|rule|HP Percentage Mod: HP is shown in percentages
|rule|Endless Battle Clause: Forcing endless battles is banned
|rule|Species Clause: Limit one of each Pokémon
|rule|OHKO Clause: OHKO moves are banned
|rule|Evasion Items Clause: Evasion items are banned
|rule|Evasion Moves Clause: Evasion moves are banned
|rule|Evasion Abilities Clause: Evasion abilities are banned
|rule|Sleep Moves Clause: Sleep-inducing moves are banned
|clearpoke
|poke|p1|Farigiraf, M|
|poke|p1|Kingambit, F|
|poke|p1|Raging Bolt|
|poke|p1|Pecharunt|
|poke|p1|Great Tusk|
|poke|p1|Grimmsnarl, M|
|poke|p2|Iron Crown|
|poke|p2|Samurott-Hisui, M|
|poke|p2|Zapdos|
|poke|p2|Dragapult, F|
|poke|p2|Great Tusk|
|poke|p2|Iron Boulder|
|teampreview
|inactive|Battle timer is ON: inactive players will automatically lose when time's up. (requested by praveenkumart236)
|
|t:|1769415748
|teamsize|p1|6
|teamsize|p2|6
|start
|switch|p1a: Grimmsnarl|Grimmsnarl, M|100/100
|switch|p2a: Mindreader|Iron Crown|100/100
|turn|1
|
|t:|1769415754
|move|p1a: Grimmsnarl|Light Screen|p1a: Grimmsnarl
|-sidestart|p1: praveenkumart236|move: Light Screen
|move|p2a: Mindreader|Tachyon Cutter|p1a: Grimmsnarl
|-supereffective|p1a: Grimmsnarl
|-damage|p1a: Grimmsnarl|74/100
|-supereffective|p1a: Grimmsnarl
|-damage|p1a: Grimmsnarl|46/100
|-hitcount|p1a: Grimmsnarl|2
|
|upkeep
|turn|2
|
|t:|1769415763
|move|p1a: Grimmsnarl|Parting Shot|p2a: Mindreader
|-unboost|p2a: Mindreader|atk|1
|-unboost|p2a: Mindreader|spa|1
|
|t:|1769415767
|switch|p1a: Raging Bolt|Raging Bolt|100/100|[from] Parting Shot
|-enditem|p1a: Raging Bolt|Booster Energy
|-activate|p1a: Raging Bolt|ability: Protosynthesis|[fromitem]
|-start|p1a: Raging Bolt|protosynthesisspa
|move|p2a: Mindreader|Tachyon Cutter|p1a: Raging Bolt
|-resisted|p1a: Raging Bolt
|-damage|p1a: Raging Bolt|96/100
|-resisted|p1a: Raging Bolt
|-damage|p1a: Raging Bolt|91/100
|-hitcount|p1a: Raging Bolt|2
|
|upkeep
|turn|3
|
|t:|1769415782
|-end|p2a: Mindreader|Quark Drive|[silent]
|switch|p2a: Pump It|Great Tusk|100/100
|move|p1a: Raging Bolt|Calm Mind|p1a: Raging Bolt
|-boost|p1a: Raging Bolt|spa|1
|-boost|p1a: Raging Bolt|spd|1
|
|upkeep
|turn|4
|
|t:|1769415789
|-terastallize|p1a: Raging Bolt|Bug
|move|p2a: Pump It|Headlong Rush|p1a: Raging Bolt
|-resisted|p1a: Raging Bolt
|-damage|p1a: Raging Bolt|65/100
|-unboost|p2a: Pump It|def|1
|-unboost|p2a: Pump It|spd|1
|move|p1a: Raging Bolt|Dragon Pulse|p2a: Pump It
|-damage|p2a: Pump It|0 fnt
|faint|p2a: Pump It
|-end|p2a: Pump It|Protosynthesis|[silent]
|
|upkeep
|
|t:|1769415794
|switch|p2a: Revery|Iron Boulder|100/100
|-enditem|p2a: Revery|Booster Energy
|-activate|p2a: Revery|ability: Quark Drive|[fromitem]
|-start|p2a: Revery|quarkdrivespe
|turn|5
|
|t:|1769415804
|move|p1a: Raging Bolt|Thunderclap|p2a: Revery
|-damage|p2a: Revery|19/100
|move|p2a: Revery|Mighty Cleave|p1a: Raging Bolt
|-supereffective|p1a: Raging Bolt
|-damage|p1a: Raging Bolt|0 fnt
|faint|p1a: Raging Bolt
|-end|p1a: Raging Bolt|Protosynthesis|[silent]
|
|upkeep
|
|t:|1769415818
|switch|p1a: Grimmsnarl|Grimmsnarl, M|46/100
|turn|6
|
|t:|1769415828
|move|p1a: Grimmsnarl|Reflect|p1a: Grimmsnarl
|-sidestart|p1: praveenkumart236|Reflect
|move|p2a: Revery|Swords Dance|p2a: Revery
|-boost|p2a: Revery|atk|2
|
|upkeep
|turn|7
|
|t:|1769415831
|move|p1a: Grimmsnarl|Parting Shot|p2a: Revery
|-unboost|p2a: Revery|atk|1
|-unboost|p2a: Revery|spa|1
|
|t:|1769415835
|switch|p1a: Great Tusk|Great Tusk|100/100|[from] Parting Shot
|-enditem|p1a: Great Tusk|Booster Energy
|-activate|p1a: Great Tusk|ability: Protosynthesis|[fromitem]
|-start|p1a: Great Tusk|protosynthesisspe
|move|p2a: Revery|Mighty Cleave|p1a: Great Tusk
|-resisted|p1a: Great Tusk
|-damage|p1a: Great Tusk|95/100
|
|upkeep
|turn|8
|
|t:|1769415858
|move|p2a: Revery|Zen Headbutt|p1a: Great Tusk
|-supereffective|p1a: Great Tusk
|-damage|p1a: Great Tusk|61/100
|move|p1a: Great Tusk|Ice Spinner|p2a: Revery
|-damage|p2a: Revery|0 fnt
|faint|p2a: Revery
|-end|p2a: Revery|Quark Drive|[silent]
|
|-sideend|p1: praveenkumart236|move: Light Screen
|upkeep
|
|t:|1769415865
|switch|p2a: Hurikan|Zapdos|100/100
|turn|9
|
|t:|1769415882
|move|p1a: Great Tusk|Ice Spinner|p2a: Hurikan
|-supereffective|p2a: Hurikan
|-damage|p2a: Hurikan|67/100
|move|p2a: Hurikan|Hurricane|p1a: Great Tusk
|-supereffective|p1a: Great Tusk
|-damage|p1a: Great Tusk|0 fnt
|faint|p1a: Great Tusk
|-end|p1a: Great Tusk|Protosynthesis|[silent]
|
|upkeep
|
|t:|1769415889
|switch|p1a: Grimmsnarl|Grimmsnarl, M|46/100
|turn|10
|
|t:|1769415898
|move|p1a: Grimmsnarl|Light Screen|p1a: Grimmsnarl
|-sidestart|p1: praveenkumart236|move: Light Screen
|move|p2a: Hurikan|Roost|p2a: Hurikan
|-heal|p2a: Hurikan|100/100
|-singleturn|p2a: Hurikan|move: Roost
|
|upkeep
|turn|11
|
|t:|1769415904
|move|p1a: Grimmsnarl|Parting Shot|p2a: Hurikan
|-unboost|p2a: Hurikan|atk|1
|-unboost|p2a: Hurikan|spa|1
|
|t:|1769415908
|switch|p1a: Farigiraf|Farigiraf, M|100/100|[from] Parting Shot
|move|p2a: Hurikan|U-turn|p1a: Farigiraf
|-supereffective|p1a: Farigiraf
|-damage|p1a: Farigiraf|91/100
|inactive|damorush has 120 seconds left.
|
|t:|1769415941
|switch|p2a: Everytime We Touch|Samurott-Hisui, M|100/100|[from] U-turn
|
|-heal|p1a: Farigiraf|98/100|[from] item: Leftovers
|upkeep
|turn|12
|
|t:|1769415950
|move|p2a: Everytime We Touch|Ceaseless Edge|p1a: Farigiraf
|-supereffective|p1a: Farigiraf
|-damage|p1a: Farigiraf|53/100
|-sidestart|p1: praveenkumart236|Spikes
|move|p1a: Farigiraf|Nasty Plot|p1a: Farigiraf
|-boost|p1a: Farigiraf|spa|2
|
|-heal|p1a: Farigiraf|60/100|[from] item: Leftovers
|upkeep
|turn|13
|
|t:|1769415957
|move|p2a: Everytime We Touch|Ceaseless Edge|p1a: Farigiraf
|-supereffective|p1a: Farigiraf
|-damage|p1a: Farigiraf|17/100
|-sidestart|p1: praveenkumart236|Spikes
|move|p1a: Farigiraf|Trick Room|p1a: Farigiraf
|-fieldstart|move: Trick Room|[of] p1a: Farigiraf
|
|-heal|p1a: Farigiraf|23/100|[from] item: Leftovers
|-sideend|p1: praveenkumart236|Reflect
|upkeep
|turn|14
|
|t:|1769415964
|move|p1a: Farigiraf|Tera Blast|p2a: Everytime We Touch
|-damage|p2a: Everytime We Touch|0 fnt
|faint|p2a: Everytime We Touch
|
|-heal|p1a: Farigiraf|29/100|[from] item: Leftovers
|upkeep
|
|t:|1769415965
|switch|p2a: Mindreader|Iron Crown|100/100
|turn|15
|
|t:|1769415972
|move|p1a: Farigiraf|Shadow Ball|p2a: Mindreader
|-supereffective|p2a: Mindreader
|-damage|p2a: Mindreader|0 fnt
|faint|p2a: Mindreader
|-end|p2a: Mindreader|Quark Drive|[silent]
|
|-heal|p1a: Farigiraf|36/100|[from] item: Leftovers
|upkeep
|
|t:|1769415997
|switch|p2a: Hurikan|Zapdos|100/100
|turn|16
|
|t:|1769416000
|move|p1a: Farigiraf|Tera Blast|p2a: Hurikan
|-damage|p2a: Hurikan|23/100
|move|p2a: Hurikan|Discharge|p1a: Farigiraf
|-damage|p1a: Farigiraf|18/100
|
|-heal|p1a: Farigiraf|25/100|[from] item: Leftovers
|upkeep
|turn|17
|
|t:|1769416012
|move|p1a: Farigiraf|Tera Blast|p2a: Hurikan
|-damage|p2a: Hurikan|0 fnt
|faint|p2a: Hurikan
|
|-heal|p1a: Farigiraf|31/100|[from] item: Leftovers
|-sideend|p1: praveenkumart236|move: Light Screen
|-fieldend|move: Trick Room
|upkeep
|j| pirouo
|
|t:|1769416035
|switch|p2a: Parasite|Dragapult, F|100/100
|turn|18
|
|t:|1769416040
|move|p2a: Parasite|U-turn|p1a: Farigiraf
|-supereffective|p1a: Farigiraf
|-damage|p1a: Farigiraf|0 fnt
|faint|p1a: Farigiraf
|
|upkeep
|-message|damorush forfeited.
|
|win|praveenkumart236
|raw|praveenkumart236's rating: 1666 &rarr; <strong>1686</strong><br />(+20 for winning)
|raw|damorush's rating: 1662 &rarr; <strong>1642</strong><br />(-20 for losing)
|l|☆damorush
|player|p2|
|l|☆praveenkumart236
|player|p1|
