|j|☆Frozen Limevolt
|j|☆LIWU.5216
|t:|1769318681
|gametype|singles
|player|p1|Frozen Limevolt|skierf|1345
|player|p2|LIWU.5216|miku-water|1368
|gen|9
|tier|[Gen 9] OU
|rated|
|rule|HP Percentage Mod: HP is shown in percentages
|rule|Endless Battle Clause: Forcing endless battles is banned
|rule|Species Clause: Limit one of each Pokémon
|rule|OHKO Clause: OHKO moves are banned
|rule|Evasion Items Clause: Evasion items are banned
|rule|Evasion Moves Clause: Evasion moves are banned
|rule|Evasion Abilities Clause: Evasion abilities are banned
|rule|Sleep Moves Clause: Sleep-inducing moves are banned
|clearpoke
|poke|p1|Tinkaton, F|
|poke|p1|Great Tusk|
|poke|p1|Garganacl, M|
|poke|p1|Keldeo-Resolute|
|poke|p1|Zapdos|
|poke|p1|Dragapult, M|
|poke|p2|Pelipper, F|
|poke|p2|Barraskewda, F|
|poke|p2|Zapdos|
|poke|p2|Corviknight, M|
|poke|p2|Clodsire, M|
|poke|p2|Incineroar, M|
|teampreview
|
|t:|1769318698
|teamsize|p1|6
|teamsize|p2|6
|start
|switch|p1a: Tinkaton|Tinkaton, F|100/100
|switch|p2a: Zapdos|Zapdos, shiny|100/100
|-ability|p1a: Tinkaton|Mold Breaker
|-item|p1a: Tinkaton|Air Balloon
|turn|1
|
|t:|1769318711
|move|p2a: Zapdos|Hurricane|p1a: Tinkaton
|-resisted|p1a: Tinkaton
|-damage|p1a: Tinkaton|75/100
|-enditem|p1a: Tinkaton|Air Balloon
|move|p1a: Tinkaton|Stealth Rock|p2a: Zapdos
|-sidestart|p2: LIWU.5216|move: Stealth Rock
|
|upkeep
|turn|2
|
|t:|1769318722
|move|p2a: Zapdos|Volt Switch|p1a: Tinkaton
|-damage|p1a: Tinkaton|45/100
|
|t:|1769318726
|switch|p2a: Corviknight|Corviknight, M, shiny|100/100|[from] Volt Switch
|-damage|p2a: Corviknight|88/100|[from] Stealth Rock
|-ability|p2a: Corviknight|Pressure
|move|p1a: Tinkaton|Encore||[still]
|-fail|p1a: Tinkaton
|
|upkeep
|turn|3
|
|t:|1769318729
|move|p1a: Tinkaton|Thunder Wave|p2a: Corviknight
|-status|p2a: Corviknight|par
|move|p2a: Corviknight|Defog|p1a: Tinkaton
|-unboost|p1a: Tinkaton|evasion|1
|-sideend|p2: LIWU.5216|Stealth Rock|[from] move: Defog|[of] p2a: Corviknight
|
|upkeep
|turn|4
|
|t:|1769318736
|move|p1a: Tinkaton|Stealth Rock|p2a: Corviknight
|-sidestart|p2: LIWU.5216|move: Stealth Rock
|move|p2a: Corviknight|Body Press|p1a: Tinkaton
|-damage|p1a: Tinkaton|15/100
|
|upkeep
|turn|5
|
|t:|1769318743
|switch|p1a: Dragapult|Dragapult, M|100/100
|move|p2a: Corviknight|Defog|p1a: Dragapult
|-unboost|p1a: Dragapult|evasion|1
|-sideend|p2: LIWU.5216|Stealth Rock|[from] move: Defog|[of] p2a: Corviknight
|
|upkeep
|turn|6
|
|t:|1769318749
|switch|p2a: Incineroar|Incineroar, M, shiny|100/100
|-ability|p2a: Incineroar|Intimidate|boost
|-unboost|p1a: Dragapult|atk|1
|move|p1a: Dragapult|Hex|p2a: Incineroar
|-resisted|p2a: Incineroar
|-damage|p2a: Incineroar|89/100
|
|upkeep
|turn|7
|
|t:|1769318754
|move|p1a: Dragapult|U-turn|p2a: Incineroar
|-damage|p2a: Incineroar|80/100
|
|t:|1769318759
|switch|p1a: Great Tusk|Great Tusk|100/100|[from] U-turn
|move|p2a: Incineroar|Knock Off|p1a: Great Tusk
|-resisted|p1a: Great Tusk
|-damage|p1a: Great Tusk|87/100
|-enditem|p1a: Great Tusk|Heavy-Duty Boots|[from] move: Knock Off|[of] p2a: Incineroar
|
|upkeep
|turn|8
|
|t:|1769318772
|switch|p2a: Pelipper|Pelipper, F|100/100
|-weather|RainDance|[from] ability: Drizzle|[of] p2a: Pelipper
|move|p1a: Great Tusk|Close Combat|p2a: Pelipper
|-resisted|p2a: Pelipper
|-damage|p2a: Pelipper|78/100
|-unboost|p1a: Great Tusk|def|1
|-unboost|p1a: Great Tusk|spd|1
|
|-weather|RainDance|[upkeep]
|upkeep
|turn|9
|
|t:|1769318789
|-end|p1a: Great Tusk|Protosynthesis|[silent]
|switch|p1a: Zapdos|Zapdos|100/100
|move|p2a: Pelipper|Hurricane|p1a: Zapdos
|-resisted|p1a: Zapdos
|-damage|p1a: Zapdos|83/100
|
|-weather|RainDance|[upkeep]
|upkeep
|turn|10
|
|t:|1769318796
|switch|p2a: Clodsire|Clodsire, M|100/100
|move|p1a: Zapdos|Thunder Wave|p2a: Clodsire
|-immune|p2a: Clodsire
|
|-weather|RainDance|[upkeep]
|upkeep
|turn|11
|
|t:|1769318806
|switch|p1a: Tinkaton|Tinkaton, F|15/100
|-ability|p1a: Tinkaton|Mold Breaker
|move|p2a: Clodsire|Toxic|p1a: Tinkaton
|-immune|p1a: Tinkaton
|
|-weather|RainDance|[upkeep]
|upkeep
|turn|12
|
|t:|1769318819
|switch|p2a: Corviknight|Corviknight, M, shiny|88/100 par
|-ability|p2a: Corviknight|Pressure
|move|p1a: Tinkaton|Stealth Rock|p2a: Corviknight
|-sidestart|p2: LIWU.5216|move: Stealth Rock
|
|-weather|RainDance|[upkeep]
|upkeep
|turn|13
|
|t:|1769318825
|move|p1a: Tinkaton|Gigaton Hammer|p2a: Corviknight
|-resisted|p2a: Corviknight
|-damage|p2a: Corviknight|75/100 par
|move|p2a: Corviknight|Defog|p1a: Tinkaton
|-unboost|p1a: Tinkaton|evasion|1
|-sideend|p2: LIWU.5216|Stealth Rock|[from] move: Defog|[of] p2a: Corviknight
|
|-weather|RainDance|[upkeep]
|upkeep
|turn|14
|
|t:|1769318830
|move|p1a: Tinkaton|Encore|p2a: Corviknight
|-start|p2a: Corviknight|Encore
|move|p2a: Corviknight|Defog|p1a: Tinkaton
|-unboost|p1a: Tinkaton|evasion|1
|
|-weather|RainDance|[upkeep]
|upkeep
|turn|15
|
|t:|1769318840
|move|p1a: Tinkaton|Stealth Rock|p2a: Corviknight
|-sidestart|p2: LIWU.5216|move: Stealth Rock
|move|p2a: Corviknight|Defog|p1a: Tinkaton
|-unboost|p1a: Tinkaton|evasion|1
|-sideend|p2: LIWU.5216|Stealth Rock|[from] move: Defog|[of] p2a: Corviknight
|
|-weather|none
|upkeep
|turn|16
|
|t:|1769318845
|move|p1a: Tinkaton|Stealth Rock|p2a: Corviknight
|-sidestart|p2: LIWU.5216|move: Stealth Rock
|move|p2a: Corviknight|Defog|p1a: Tinkaton
|-unboost|p1a: Tinkaton|evasion|1
|-sideend|p2: LIWU.5216|Stealth Rock|[from] move: Defog|[of] p2a: Corviknight
|
|-end|p2a: Corviknight|Encore
|upkeep
|turn|17
|
|t:|1769318863
|switch|p2a: Barraskewda|Barraskewda, F|100/100
|move|p1a: Tinkaton|Stealth Rock|p2a: Barraskewda
|-sidestart|p2: LIWU.5216|move: Stealth Rock
|
|upkeep
|turn|18
|
|t:|1769318871
|move|p2a: Barraskewda|Flip Turn|p1a: Tinkaton
|-damage|p1a: Tinkaton|0 fnt
|faint|p1a: Tinkaton
|
|t:|1769318877
|switch|p2a: Corviknight|Corviknight, M, shiny|75/100 par|[from] Flip Turn
|-damage|p2a: Corviknight|63/100 par|[from] Stealth Rock
|-ability|p2a: Corviknight|Pressure
|
|upkeep
|
|t:|1769318887
|switch|p1a: Keldeo|Keldeo-Resolute|100/100
|turn|19
|
|t:|1769318891
|move|p1a: Keldeo|Surf|p2a: Corviknight
|-damage|p2a: Corviknight|0 fnt
|faint|p2a: Corviknight
|
|upkeep
|
|t:|1769318904
|switch|p2a: Clodsire|Clodsire, M|100/100
|-damage|p2a: Clodsire|94/100|[from] Stealth Rock
|turn|20
|
|t:|1769318921
|switch|p1a: Garganacl|Garganacl, M|100/100
|move|p2a: Clodsire|Stealth Rock|p1a: Garganacl
|-sidestart|p1: Frozen Limevolt|move: Stealth Rock
|
|-heal|p2a: Clodsire|100/100|[from] item: Leftovers
|upkeep
|turn|21
|
|t:|1769318936
|-terastallize|p1a: Garganacl|Water
|move|p1a: Garganacl|Salt Cure|p2a: Clodsire
|-resisted|p2a: Clodsire
|-damage|p2a: Clodsire|93/100
|-start|p2a: Clodsire|Salt Cure
|move|p2a: Clodsire|Earthquake|p1a: Garganacl
|-damage|p1a: Garganacl|80/100
|
|-heal|p1a: Garganacl|87/100|[from] item: Leftovers
|-heal|p2a: Clodsire|99/100|[from] item: Leftovers
|-damage|p2a: Clodsire|86/100|[from] Salt Cure
|upkeep
|turn|22
|
|t:|1769318948
|switch|p2a: Zapdos|Zapdos, shiny|100/100
|move|p1a: Garganacl|Salt Cure|p2a: Zapdos
|-supereffective|p2a: Zapdos
|-damage|p2a: Zapdos|68/100
|-start|p2a: Zapdos|Salt Cure
|
|-heal|p1a: Garganacl|93/100|[from] item: Leftovers
|-damage|p2a: Zapdos|56/100|[from] Salt Cure
|upkeep
|turn|23
|
|t:|1769318961
|switch|p2a: Pelipper|Pelipper, F|78/100
|-damage|p2a: Pelipper|53/100|[from] Stealth Rock
|-weather|RainDance|[from] ability: Drizzle|[of] p2a: Pelipper
|move|p1a: Garganacl|Recover|p1a: Garganacl
|-heal|p1a: Garganacl|100/100
|
|-weather|RainDance|[upkeep]
|upkeep
|turn|24
|
|t:|1769318967
|move|p2a: Pelipper|Roost|p2a: Pelipper
|-heal|p2a: Pelipper|100/100
|-singleturn|p2a: Pelipper|move: Roost
|move|p1a: Garganacl|Salt Cure|p2a: Pelipper
|-damage|p2a: Pelipper|89/100
|-start|p2a: Pelipper|Salt Cure
|
|-weather|RainDance|[upkeep]
|-damage|p2a: Pelipper|64/100|[from] Salt Cure
|upkeep
|turn|25
|
|t:|1769318971
|move|p2a: Pelipper|U-turn|p1a: Garganacl
|-damage|p1a: Garganacl|94/100
|
|t:|1769318974
|switch|p2a: Zapdos|Zapdos, shiny|56/100|[from] U-turn
|move|p1a: Garganacl|Salt Cure|p2a: Zapdos
|-supereffective|p2a: Zapdos
|-damage|p2a: Zapdos|22/100
|-start|p2a: Zapdos|Salt Cure
|
|-weather|RainDance|[upkeep]
|-heal|p1a: Garganacl|100/100|[from] item: Leftovers
|-damage|p2a: Zapdos|10/100|[from] Salt Cure
|upkeep
|turn|26
|
|t:|1769318981
|move|p2a: Zapdos|Volt Switch|p1a: Garganacl
|-supereffective|p1a: Garganacl
|-damage|p1a: Garganacl|49/100
|
|t:|1769318990
|switch|p2a: Pelipper|Pelipper, F|64/100|[from] Volt Switch
|-damage|p2a: Pelipper|40/100|[from] Stealth Rock
|move|p1a: Garganacl|Salt Cure|p2a: Pelipper
|-supereffective|p2a: Pelipper
|-damage|p2a: Pelipper|17/100
|-start|p2a: Pelipper|Salt Cure
|
|-weather|RainDance|[upkeep]
|-heal|p1a: Garganacl|56/100|[from] item: Leftovers
|-damage|p2a: Pelipper|0 fnt|[from] Salt Cure
|faint|p2a: Pelipper
|upkeep
|
|t:|1769318999
|switch|p2a: Zapdos|Zapdos, shiny|10/100
|turn|27
|
|t:|1769319013
|move|p2a: Zapdos|Thunder|p1a: Garganacl
|-supereffective|p1a: Garganacl
|-damage|p1a: Garganacl|0 fnt
|faint|p1a: Garganacl
|
|-weather|RainDance|[upkeep]
|upkeep
|
|t:|1769319022
|switch|p1a: Dragapult|Dragapult, M|100/100
|turn|28
|
|t:|1769319029
|switch|p2a: Incineroar|Incineroar, M, shiny|80/100
|-ability|p2a: Incineroar|Intimidate|boost
|-unboost|p1a: Dragapult|atk|1
|move|p1a: Dragapult|Dragon Darts|p2a: Incineroar
|-damage|p2a: Incineroar|70/100
|-anim|p1a: Dragapult|Dragon Darts|p2a: Incineroar
|-damage|p2a: Incineroar|60/100
|
|-weather|RainDance|[upkeep]
|upkeep
|turn|29
|
|t:|1769319043
|move|p1a: Dragapult|U-turn|p2a: Incineroar
|-damage|p2a: Incineroar|51/100
|
|t:|1769319045
|switch|p1a: Great Tusk|Great Tusk|87/100|[from] U-turn
|-damage|p1a: Great Tusk|84/100|[from] Stealth Rock
|move|p2a: Incineroar|Parting Shot|p1a: Great Tusk
|-unboost|p1a: Great Tusk|atk|1
|-unboost|p1a: Great Tusk|spa|1
|
|t:|1769319056
|switch|p2a: Zapdos|Zapdos, shiny|10/100|[from] Parting Shot
|
|-weather|RainDance|[upkeep]
|upkeep
|turn|30
|
|t:|1769319061
|move|p2a: Zapdos|Weather Ball|p1a: Great Tusk
|-supereffective|p1a: Great Tusk
|-damage|p1a: Great Tusk|0 fnt
|faint|p1a: Great Tusk
|-end|p1a: Great Tusk|Protosynthesis|[silent]
|
|-weather|none
|upkeep
|
|t:|1769319068
|switch|p1a: Dragapult|Dragapult, M|100/100
|turn|31
|
|t:|1769319072
|switch|p2a: Incineroar|Incineroar, M, shiny|51/100
|-ability|p2a: Incineroar|Intimidate|boost
|-unboost|p1a: Dragapult|atk|1
|move|p1a: Dragapult|Dragon Darts|p2a: Incineroar
|-damage|p2a: Incineroar|40/100
|-anim|p1a: Dragapult|Dragon Darts|p2a: Incineroar
|-damage|p2a: Incineroar|30/100
|
|upkeep
|turn|32
|
|t:|1769319084
|switch|p1a: Keldeo|Keldeo-Resolute|100/100
|-damage|p1a: Keldeo|94/100|[from] Stealth Rock
|move|p2a: Incineroar|Drain Punch|p1a: Keldeo
|-damage|p1a: Keldeo|71/100
|-heal|p2a: Incineroar|40/100|[from] drain|[of] p1a: Keldeo
|
|upkeep
|turn|33
|
|t:|1769319095
|switch|p2a: Clodsire|Clodsire, M|86/100
|-damage|p2a: Clodsire|80/100|[from] Stealth Rock
|move|p1a: Keldeo|Secret Sword|p2a: Clodsire
|-resisted|p2a: Clodsire
|-damage|p2a: Clodsire|42/100
|
|-heal|p2a: Clodsire|49/100|[from] item: Leftovers
|upkeep
|turn|34
|
|t:|1769319105
|move|p1a: Keldeo|Secret Sword|p2a: Clodsire
|-resisted|p2a: Clodsire
|-damage|p2a: Clodsire|12/100
|move|p2a: Clodsire|Recover|p2a: Clodsire
|-heal|p2a: Clodsire|62/100
|
|-heal|p2a: Clodsire|68/100|[from] item: Leftovers
|upkeep
|turn|35
|
|t:|1769319111
|move|p1a: Keldeo|Secret Sword|p2a: Clodsire
|-resisted|p2a: Clodsire
|-damage|p2a: Clodsire|33/100
|move|p2a: Clodsire|Recover|p2a: Clodsire
|-heal|p2a: Clodsire|83/100
|
|-heal|p2a: Clodsire|89/100|[from] item: Leftovers
|upkeep
|turn|36
|
|t:|1769319118
|switch|p1a: Zapdos|Zapdos|83/100
|move|p2a: Clodsire|Toxic|p1a: Zapdos
|-status|p1a: Zapdos|tox
|
|-heal|p2a: Clodsire|95/100|[from] item: Leftovers
|-damage|p1a: Zapdos|77/100 tox|[from] psn
|upkeep
|turn|37
|
|t:|1769319126
|move|p1a: Zapdos|Hurricane|p2a: Clodsire
|-damage|p2a: Clodsire|72/100
|-start|p2a: Clodsire|confusion
|-activate|p2a: Clodsire|confusion
|move|p2a: Clodsire|Recover|p2a: Clodsire
|-heal|p2a: Clodsire|100/100
|
|-damage|p1a: Zapdos|65/100 tox|[from] psn
|upkeep
|turn|38
|
|t:|1769319131
|switch|p1a: Keldeo|Keldeo-Resolute|71/100
|-damage|p1a: Keldeo|65/100|[from] Stealth Rock
|-activate|p2a: Clodsire|confusion
|-damage|p2a: Clodsire|93/100|[from] confusion
|
|-heal|p2a: Clodsire|99/100|[from] item: Leftovers
|upkeep
|turn|39
|
|t:|1769319138
|move|p1a: Keldeo|Icy Wind|p2a: Clodsire
|-supereffective|p2a: Clodsire
|-damage|p2a: Clodsire|69/100
|-unboost|p2a: Clodsire|spe|1
|-activate|p2a: Clodsire|confusion
|move|p2a: Clodsire|Toxic|p1a: Keldeo
|-status|p1a: Keldeo|tox
|
|-heal|p2a: Clodsire|75/100|[from] item: Leftovers
|-damage|p1a: Keldeo|59/100 tox|[from] psn
|upkeep
|turn|40
|
|t:|1769319156
|switch|p2a: Zapdos|Zapdos, shiny|10/100
|move|p1a: Keldeo|Icy Wind|p2a: Zapdos
|-supereffective|p2a: Zapdos
|-damage|p2a: Zapdos|0 fnt
|faint|p2a: Zapdos
|
|-damage|p1a: Keldeo|46/100 tox|[from] psn
|upkeep
|
|t:|1769319160
|switch|p2a: Clodsire|Clodsire, M|75/100
|-damage|p2a: Clodsire|69/100|[from] Stealth Rock
|turn|41
|
|t:|1769319173
|switch|p1a: Zapdos|Zapdos|65/100 tox
|move|p2a: Clodsire|Recover|p2a: Clodsire
|-heal|p2a: Clodsire|100/100
|
|-damage|p1a: Zapdos|59/100 tox|[from] psn
|upkeep
|turn|42
|
|t:|1769319181
|move|p1a: Zapdos|Roost|p1a: Zapdos
|-heal|p1a: Zapdos|100/100 tox
|-singleturn|p1a: Zapdos|move: Roost
|move|p2a: Clodsire|Earthquake|p1a: Zapdos
|-supereffective|p1a: Zapdos
|-damage|p1a: Zapdos|61/100 tox
|
|-damage|p1a: Zapdos|49/100 tox|[from] psn
|upkeep
|turn|43
|
|t:|1769319191
|move|p1a: Zapdos|Hurricane|p2a: Clodsire
|-damage|p2a: Clodsire|74/100
|move|p2a: Clodsire|Earthquake|p1a: Zapdos
|-immune|p1a: Zapdos
|
|-heal|p2a: Clodsire|81/100|[from] item: Leftovers
|-damage|p1a: Zapdos|31/100 tox|[from] psn
|upkeep
|turn|44
|
|t:|1769319198
|move|p1a: Zapdos|Hurricane|p2a: Clodsire|[miss]
|-miss|p1a: Zapdos|p2a: Clodsire
|move|p2a: Clodsire|Earthquake|p1a: Zapdos
|-immune|p1a: Zapdos
|
|-heal|p2a: Clodsire|87/100|[from] item: Leftovers
|-damage|p1a: Zapdos|7/100 tox|[from] psn
|upkeep
|turn|45
|
|t:|1769319203
|move|p1a: Zapdos|Hurricane|p2a: Clodsire|[miss]
|-miss|p1a: Zapdos|p2a: Clodsire
|move|p2a: Clodsire|Earthquake|p1a: Zapdos
|-immune|p1a: Zapdos
|
|-heal|p2a: Clodsire|93/100|[from] item: Leftovers
|-damage|p1a: Zapdos|0 fnt|[from] psn
|faint|p1a: Zapdos
|upkeep
|
|t:|1769319208
|switch|p1a: Dragapult|Dragapult, M|100/100
|turn|46
|
|t:|1769319221
|move|p1a: Dragapult|Dragon Darts|p2a: Clodsire
|-damage|p2a: Clodsire|70/100
|-anim|p1a: Dragapult|Dragon Darts|p2a: Clodsire
|-damage|p2a: Clodsire|46/100
|move|p2a: Clodsire|Recover|p2a: Clodsire
|-heal|p2a: Clodsire|96/100
|
|-heal|p2a: Clodsire|100/100|[from] item: Leftovers
|upkeep
|turn|47
|
|t:|1769319232
|switch|p1a: Keldeo|Keldeo-Resolute|46/100 tox
|-damage|p1a: Keldeo|40/100 tox|[from] Stealth Rock
|move|p2a: Clodsire|Toxic|p1a: Keldeo
|-fail|p1a: Keldeo|tox
|
|-damage|p1a: Keldeo|34/100 tox|[from] psn
|upkeep
|turn|48
|
|t:|1769319240
|move|p1a: Keldeo|Secret Sword|p2a: Clodsire
|-resisted|p2a: Clodsire
|-damage|p2a: Clodsire|66/100
|move|p2a: Clodsire|Earthquake|p1a: Keldeo
|-crit|p1a: Keldeo
|-damage|p1a: Keldeo|0 fnt
|faint|p1a: Keldeo
|
|-heal|p2a: Clodsire|72/100|[from] item: Leftovers
|upkeep
|
|t:|1769319243
|switch|p1a: Dragapult|Dragapult, M|100/100
|turn|49
|
|t:|1769319248
|move|p1a: Dragapult|Dragon Darts|p2a: Clodsire
|-damage|p2a: Clodsire|47/100
|-anim|p1a: Dragapult|Dragon Darts|p2a: Clodsire
|-damage|p2a: Clodsire|21/100
|move|p2a: Clodsire|Toxic|p1a: Dragapult
|-status|p1a: Dragapult|tox
|
|-heal|p2a: Clodsire|28/100|[from] item: Leftovers
|-damage|p1a: Dragapult|95/100 tox|[from] psn
|upkeep
|turn|50
|
|t:|1769319262
|switch|p2a: Incineroar|Incineroar, M, shiny|40/100
|-ability|p2a: Incineroar|Intimidate|boost
|-unboost|p1a: Dragapult|atk|1
|move|p1a: Dragapult|Dragon Darts|p2a: Incineroar
|-crit|p2a: Incineroar
|-damage|p2a: Incineroar|19/100
|-anim|p1a: Dragapult|Dragon Darts|p2a: Incineroar
|-damage|p2a: Incineroar|9/100
|
|-damage|p1a: Dragapult|83/100 tox|[from] psn
|upkeep
|turn|51
|
|t:|1769319274
|switch|p2a: Clodsire|Clodsire, M|28/100
|-damage|p2a: Clodsire|21/100|[from] Stealth Rock
|move|p1a: Dragapult|Dragon Darts|p2a: Clodsire
|-crit|p2a: Clodsire
|-damage|p2a: Clodsire|0 fnt
|faint|p2a: Clodsire
|
|-damage|p1a: Dragapult|65/100 tox|[from] psn
|upkeep
|
|t:|1769319277
|switch|p2a: Incineroar|Incineroar, M, shiny|9/100
|-ability|p2a: Incineroar|Intimidate|boost
|-unboost|p1a: Dragapult|atk|1
|turn|52
|
|t:|1769319282
|move|p1a: Dragapult|Hex|p2a: Incineroar
|-resisted|p2a: Incineroar
|-damage|p2a: Incineroar|0 fnt
|faint|p2a: Incineroar
|
|-damage|p1a: Dragapult|41/100 tox|[from] psn
|upkeep
|
|t:|1769319285
|switch|p2a: Barraskewda|Barraskewda, F|100/100
|-damage|p2a: Barraskewda|88/100|[from] Stealth Rock
|turn|53
|
|t:|1769319302
|-terastallize|p2a: Barraskewda|Water
|move|p2a: Barraskewda|Aqua Jet|p1a: Dragapult
|-resisted|p1a: Dragapult
|-damage|p1a: Dragapult|9/100 tox
|move|p1a: Dragapult|Hex|p2a: Barraskewda
|-damage|p2a: Barraskewda|32/100
|
|-damage|p1a: Dragapult|0 fnt|[from] psn
|faint|p1a: Dragapult
|
|win|LIWU.5216
|raw|Frozen Limevolt's rating: 1345 &rarr; <strong>1326</strong><br />(-19 for losing)
|raw|LIWU.5216's rating: 1368 &rarr; <strong>1387</strong><br />(+19 for winning)
|l|☆Frozen Limevolt
|player|p1|
|l|☆LIWU.5216
|player|p2|
