|j|☆swoaj
|j|☆ant20fcb
|t:|1769425734
|gametype|singles
|player|p1|swoaj|cynthia|1432
|player|p2|ant20fcb|alder|1492
|gen|9
|tier|[Gen 9] OU
|rated|
|rule|HP Percentage Mod: HP is shown in percentages
|rule|Endless Battle Clause: Forcing endless battles is banned
|rule|Species Clause: Limit one of each Pokémon
|rule|OHKO Clause: OHKO moves are banned
|rule|Evasion Items Clause: Evasion items are banned
|rule|Evasion Moves Clause: Evasion moves are banned
|rule|Evasion Abilities Clause: Evasion abilities are banned
|rule|Sleep Moves Clause: Sleep-inducing moves are banned
|clearpoke
|poke|p1|Ninetales-Alola, M|
|poke|p1|Dragonite, M|
|poke|p1|Gholdengo|
|poke|p1|Eiscue, M|
|poke|p1|Slowking-Galar, F|
|poke|p1|Deoxys-Speed|
|poke|p2|Regidrago|
|poke|p2|Araquanid, F|
|poke|p2|Zoroark-Hisui, M|
|poke|p2|Great Tusk|
|poke|p2|Kingambit, F|
|poke|p2|Gholdengo|
|teampreview
|
|t:|1769425780
|teamsize|p1|6
|teamsize|p2|6
|start
|switch|p1a: Eiscue|Eiscue, M|100/100
|switch|p2a: Araquanid|Araquanid, F|100/100
|turn|1
|
|t:|1769425857
|move|p1a: Eiscue|Belly Drum|p1a: Eiscue
|-damage|p1a: Eiscue|51/100
|-setboost|p1a: Eiscue|atk|6|[from] move: Belly Drum
|move|p2a: Araquanid|Sticky Web|p1a: Eiscue
|-sidestart|p1: swoaj|move: Sticky Web
|
|upkeep
|turn|2
|
|t:|1769425877
|move|p2a: Araquanid|Endure|p2a: Araquanid
|-singleturn|p2a: Araquanid|move: Endure
|move|p1a: Eiscue|Ice Spinner|p2a: Araquanid
|-resisted|p2a: Araquanid
|-damage|p2a: Araquanid|27/100
|
|upkeep
|turn|3
|
|t:|1769425894
|move|p1a: Eiscue|Ice Spinner|p2a: Araquanid
|-resisted|p2a: Araquanid
|-damage|p2a: Araquanid|0 fnt
|faint|p2a: Araquanid
|
|upkeep
|
|t:|1769425900
|switch|p2a: Gholdengo|Gholdengo|100/100
|turn|4
|
|t:|1769425905
|move|p2a: Gholdengo|Make It Rain|p1a: Eiscue
|-supereffective|p1a: Eiscue
|-damage|p1a: Eiscue|0 fnt
|-unboost|p2a: Gholdengo|spa|1
|faint|p1a: Eiscue
|
|upkeep
|
|t:|1769425916
|switch|p1a: Gholdengo|Gholdengo|100/100
|-activate|p1a: Gholdengo|move: Sticky Web
|-unboost|p1a: Gholdengo|spe|1
|turn|5
|
|t:|1769425933
|switch|p2a: Kingambit|Kingambit, F|100/100
|-activate|p2a: Kingambit|ability: Supreme Overlord
|-start|p2a: Kingambit|fallen1|[silent]
|move|p1a: Gholdengo|Shadow Ball|p2a: Kingambit
|-resisted|p2a: Kingambit
|-damage|p2a: Kingambit|72/100
|
|-heal|p2a: Kingambit|78/100|[from] item: Leftovers
|upkeep
|turn|6
|
|t:|1769425943
|switch|p1a: Slowking|Slowking-Galar, F|100/100
|-activate|p1a: Slowking|move: Sticky Web
|-unboost|p1a: Slowking|spe|1
|move|p2a: Kingambit|Sucker Punch||[still]
|-fail|p2a: Kingambit
|
|-heal|p2a: Kingambit|84/100|[from] item: Leftovers
|upkeep
|turn|7
|
|t:|1769425950
|move|p2a: Kingambit|Kowtow Cleave|p1a: Slowking
|-supereffective|p1a: Slowking
|-damage|p1a: Slowking|0 fnt
|faint|p1a: Slowking
|
|-heal|p2a: Kingambit|91/100|[from] item: Leftovers
|upkeep
|
|t:|1769425955
|switch|p1a: 宇宙第一快|Deoxys-Speed|100/100
|-activate|p1a: 宇宙第一快|move: Sticky Web
|-unboost|p1a: 宇宙第一快|spe|1
|-ability|p1a: 宇宙第一快|Pressure
|turn|8
|
|t:|1769425976
|move|p2a: Kingambit|Sucker Punch||[still]
|-fail|p2a: Kingambit
|move|p1a: 宇宙第一快|Stealth Rock|p2a: Kingambit
|-sidestart|p2: ant20fcb|move: Stealth Rock
|
|-heal|p2a: Kingambit|97/100|[from] item: Leftovers
|upkeep
|turn|9
|
|t:|1769425979
|move|p1a: 宇宙第一快|Superpower|p2a: Kingambit
|-supereffective|p2a: Kingambit
|-damage|p2a: Kingambit|0 fnt
|-unboost|p1a: 宇宙第一快|atk|1
|-unboost|p1a: 宇宙第一快|def|1
|faint|p2a: Kingambit
|-end|p2a: Kingambit|fallen1|[silent]
|-damage|p1a: 宇宙第一快|91/100|[from] item: Life Orb
|
|upkeep
|
|t:|1769425984
|switch|p2a: Gholdengo|Gholdengo|100/100
|-damage|p2a: Gholdengo|94/100|[from] Stealth Rock
|turn|10
|
|t:|1769425993
|move|p2a: Gholdengo|Shadow Ball|p1a: 宇宙第一快
|-supereffective|p1a: 宇宙第一快
|-damage|p1a: 宇宙第一快|0 fnt
|faint|p1a: 宇宙第一快
|
|upkeep
|
|t:|1769425996
|switch|p1a: Ninetales|Ninetales-Alola, M|100/100
|-activate|p1a: Ninetales|move: Sticky Web
|-unboost|p1a: Ninetales|spe|1
|-weather|Snowscape|[from] ability: Snow Warning|[of] p1a: Ninetales
|turn|11
|
|t:|1769426006
|switch|p2a: Great Tusk|Great Tusk|100/100
|-damage|p2a: Great Tusk|98/100|[from] Stealth Rock
|-enditem|p2a: Great Tusk|Booster Energy
|-activate|p2a: Great Tusk|ability: Protosynthesis|[fromitem]
|-start|p2a: Great Tusk|protosynthesisatk
|move|p1a: Ninetales|Aurora Veil|p1a: Ninetales
|-sidestart|p1: swoaj|move: Aurora Veil
|
|-weather|Snowscape|[upkeep]
|upkeep
|turn|12
|
|t:|1769426011
|move|p2a: Great Tusk|Rapid Spin|p1a: Ninetales
|-damage|p1a: Ninetales|89/100
|-boost|p2a: Great Tusk|spe|1
|-sideend|p2: ant20fcb|Stealth Rock|[from] move: Rapid Spin|[of] p2a: Great Tusk
|move|p1a: Ninetales|Blizzard|p2a: Great Tusk
|-supereffective|p2a: Great Tusk
|-damage|p2a: Great Tusk|0 fnt
|faint|p2a: Great Tusk
|-end|p2a: Great Tusk|Protosynthesis|[silent]
|
|-weather|Snowscape|[upkeep]
|upkeep
|
|t:|1769426015
|switch|p2a: Regidrago|Regidrago|100/100
|turn|13
|
|t:|1769426022
|move|p2a: Regidrago|Nasty Plot|p2a: Regidrago
|-boost|p2a: Regidrago|spa|2
|move|p1a: Ninetales|Blizzard|p2a: Regidrago
|-crit|p2a: Regidrago
|-enditem|p2a: Regidrago|Focus Sash
|-damage|p2a: Regidrago|1/100
|replace|p2a: Zoroark|Zoroark-Hisui, M
|-end|p2a: Zoroark|Illusion
|
|-weather|Snowscape|[upkeep]
|upkeep
|turn|14
|
|t:|1769426034
|move|p2a: Zoroark|Sludge Bomb|p1a: Ninetales
|-supereffective|p1a: Ninetales
|-damage|p1a: Ninetales|12/100
|move|p1a: Ninetales|Blizzard|p2a: Zoroark
|-damage|p2a: Zoroark|0 fnt
|faint|p2a: Zoroark
|
|-weather|Snowscape|[upkeep]
|upkeep
|
|t:|1769426039
|switch|p2a: Gholdengo|Gholdengo|94/100
|turn|15
|
|t:|1769426054
|move|p2a: Gholdengo|Trick|p1a: Ninetales
|-activate|p2a: Gholdengo|move: Trick|[of] p1a: Ninetales
|-item|p1a: Ninetales|Choice Scarf|[from] move: Trick
|-item|p2a: Gholdengo|Light Clay|[from] move: Trick
|move|p1a: Ninetales|Blizzard|p2a: Gholdengo
|-resisted|p2a: Gholdengo
|-damage|p2a: Gholdengo|72/100
|-status|p2a: Gholdengo|frz
|
|-weather|none
|upkeep
|turn|16
|
|t:|1769426062
|switch|p1a: Gholdengo|Gholdengo|100/100
|-activate|p1a: Gholdengo|move: Sticky Web
|-unboost|p1a: Gholdengo|spe|1
|cant|p2a: Gholdengo|frz
|
|upkeep
|turn|17
|
|t:|1769426067
|cant|p2a: Gholdengo|frz
|move|p1a: Gholdengo|Shadow Ball|p2a: Gholdengo
|-supereffective|p2a: Gholdengo
|-damage|p2a: Gholdengo|0 fnt
|faint|p2a: Gholdengo
|
|upkeep
|
|t:|1769426070
|switch|p2a: Regidrago|Regidrago|100/100
|turn|18
|
|t:|1769426075
|move|p2a: Regidrago|Dragon Energy|p1a: Gholdengo
|-resisted|p1a: Gholdengo
|-damage|p1a: Gholdengo|55/100
|move|p1a: Gholdengo|Shadow Ball|p2a: Regidrago
|-damage|p2a: Regidrago|53/100
|
|-sideend|p1: swoaj|move: Aurora Veil
|upkeep
|turn|19
|-message|ant20fcb forfeited.
|
|win|swoaj
|raw|swoaj's rating: 1432 &rarr; <strong>1455</strong><br />(+23 for winning)
|raw|ant20fcb's rating: 1492 &rarr; <strong>1469</strong><br />(-23 for losing)
|l|☆ant20fcb
|player|p2|
