|j|☆TauTauTM
|j|☆Laila_Rain
|t:|1769425222
|gametype|singles
|player|p1|TauTauTM|psychic-gen4|1095
|player|p2|Laila_Rain|pokemonrangerf|1069
|gen|9
|tier|[Gen 9] OU
|rated|
|rule|HP Percentage Mod: HP is shown in percentages
|rule|Endless Battle Clause: Forcing endless battles is banned
|rule|Species Clause: Limit one of each Pokémon
|rule|OHKO Clause: OHKO moves are banned
|rule|Evasion Items Clause: Evasion items are banned
|rule|Evasion Moves Clause: Evasion moves are banned
|rule|Evasion Abilities Clause: Evasion abilities are banned
|rule|Sleep Moves Clause: Sleep-inducing moves are banned
|clearpoke
|poke|p1|Rillaboom, M|
|poke|p1|Moltres|
|poke|p1|Primarina, F|
|poke|p1|Corviknight, M|
|poke|p1|Kingambit, F|
|poke|p1|Great Tusk|
|poke|p2|Weezing-Galar, F|
|poke|p2|Gligar, M|
|poke|p2|Cresselia, F|
|poke|p2|Ogerpon-Cornerstone, F|
|poke|p2|Torkoal, M|
|poke|p2|Empoleon, F|
|teampreview
|
|t:|1769425230
|teamsize|p1|6
|teamsize|p2|6
|start
|switch|p1a: Rillaboom|Rillaboom, M|100/100
|switch|p2a: Freakkkk|Gligar, M|100/100
|-fieldstart|move: Grassy Terrain|[from] ability: Grassy Surge|[of] p1a: Rillaboom
|turn|1
|
|t:|1769425238
|move|p1a: Rillaboom|Knock Off|p2a: Freakkkk
|-damage|p2a: Freakkkk|75/100
|-enditem|p2a: Freakkkk|Eviolite|[from] move: Knock Off|[of] p1a: Rillaboom
|move|p2a: Freakkkk|Substitute|p2a: Freakkkk
|-start|p2a: Freakkkk|Substitute
|-damage|p2a: Freakkkk|50/100
|
|upkeep
|turn|2
|
|t:|1769425246
|switch|p1a: Primarina|Primarina, F|100/100
|move|p2a: Freakkkk|Stealth Rock|p1a: Primarina
|-sidestart|p1: TauTauTM|move: Stealth Rock
|
|upkeep
|turn|3
|
|t:|1769425254
|move|p2a: Freakkkk|Spikes|p1a: Primarina
|-sidestart|p1: TauTauTM|Spikes
|move|p1a: Primarina|Substitute|p1a: Primarina
|-start|p1a: Primarina|Substitute
|-damage|p1a: Primarina|75/100
|
|-heal|p1a: Primarina|82/100|[from] Grassy Terrain
|-heal|p1a: Primarina|88/100|[from] item: Leftovers
|upkeep
|turn|4
|
|t:|1769425266
|move|p2a: Freakkkk|Spikes|p1a: Primarina
|-sidestart|p1: TauTauTM|Spikes
|move|p1a: Primarina|Psychic Noise|p2a: Freakkkk
|-supereffective|p2a: Freakkkk
|-damage|p2a: Freakkkk|0 fnt
|faint|p2a: Freakkkk
|
|-heal|p1a: Primarina|94/100|[from] Grassy Terrain
|-heal|p1a: Primarina|99/100|[from] item: Leftovers
|upkeep
|inactive|Battle timer is ON: inactive players will automatically lose when time's up. (requested by TauTauTM)
|inactive|Laila_Rain has 120 seconds left.
|
|t:|1769425319
|switch|p2a: Rubiks cube|Cresselia, F|100/100
|turn|5
|
|t:|1769425327
|move|p2a: Rubiks cube|Thunderbolt|p1a: Primarina
|-supereffective|p1a: Primarina
|-end|p1a: Primarina|Substitute
|move|p1a: Primarina|Calm Mind|p1a: Primarina
|-boost|p1a: Primarina|spa|1
|-boost|p1a: Primarina|spd|1
|
|-heal|p1a: Primarina|100/100|[from] Grassy Terrain
|-fieldend|move: Grassy Terrain
|upkeep
|turn|6
|
|t:|1769425336
|move|p2a: Rubiks cube|Thunderbolt|p1a: Primarina
|-supereffective|p1a: Primarina
|-damage|p1a: Primarina|81/100
|move|p1a: Primarina|Substitute|p1a: Primarina
|-start|p1a: Primarina|Substitute
|-damage|p1a: Primarina|56/100
|
|-heal|p1a: Primarina|62/100|[from] item: Leftovers
|upkeep
|turn|7
|
|t:|1769425356
|move|p1a: Primarina|Calm Mind|p1a: Primarina
|-boost|p1a: Primarina|spa|1
|-boost|p1a: Primarina|spd|1
|move|p2a: Rubiks cube|Trick Room|p2a: Rubiks cube
|-fieldstart|move: Trick Room|[of] p2a: Rubiks cube
|
|-heal|p1a: Primarina|68/100|[from] item: Leftovers
|upkeep
|turn|8
|
|t:|1769425373
|move|p1a: Primarina|Calm Mind|p1a: Primarina
|-boost|p1a: Primarina|spa|1
|-boost|p1a: Primarina|spd|1
|move|p2a: Rubiks cube|Thunderbolt|p1a: Primarina
|-supereffective|p1a: Primarina
|-activate|p1a: Primarina|move: Substitute|[damage]
|
|-heal|p1a: Primarina|74/100|[from] item: Leftovers
|upkeep
|turn|9
|
|t:|1769425385
|move|p1a: Primarina|Calm Mind|p1a: Primarina
|-boost|p1a: Primarina|spa|1
|-boost|p1a: Primarina|spd|1
|move|p2a: Rubiks cube|Thunderbolt|p1a: Primarina
|-supereffective|p1a: Primarina
|-activate|p1a: Primarina|move: Substitute|[damage]
|
|-heal|p1a: Primarina|80/100|[from] item: Leftovers
|upkeep
|turn|10
|
|t:|1769425397
|move|p1a: Primarina|Calm Mind|p1a: Primarina
|-boost|p1a: Primarina|spa|1
|-boost|p1a: Primarina|spd|1
|move|p2a: Rubiks cube|Moonblast|p1a: Primarina
|-activate|p1a: Primarina|move: Substitute|[damage]
|
|-heal|p1a: Primarina|86/100|[from] item: Leftovers
|upkeep
|turn|11
|-message|Laila_Rain forfeited.
|
|win|TauTauTM
|raw|TauTauTM's rating: 1095 &rarr; <strong>1119</strong><br />(+24 for winning)
|raw|Laila_Rain's rating: 1069 &rarr; <strong>1050</strong><br />(-19 for losing)
|l|☆Laila_Rain
|player|p2|
|l|☆TauTauTM
|player|p1|
