|j|☆Kirito028K
|j|☆maravive23
|t:|1769380909
|gametype|singles
|player|p1|Kirito028K|169|1113
|player|p2|maravive23|266|1099
|gen|9
|tier|[Gen 9] OU
|rated|
|rule|HP Percentage Mod: HP is shown in percentages
|rule|Endless Battle Clause: Forcing endless battles is banned
|rule|Species Clause: Limit one of each Pokémon
|rule|OHKO Clause: OHKO moves are banned
|rule|Evasion Items Clause: Evasion items are banned
|rule|Evasion Moves Clause: Evasion moves are banned
|rule|Evasion Abilities Clause: Evasion abilities are banned
|rule|Sleep Moves Clause: Sleep-inducing moves are banned
|clearpoke
|poke|p1|Probopass, F|
|poke|p1|Hariyama, M|
|poke|p1|Torkoal, F|
|poke|p1|Altaria, F|
|poke|p1|Milotic, M|
|poke|p1|Vigoroth, M|
|poke|p2|Wartortle, F|
|poke|p2|Tyranitar, M|
|poke|p2|Raichu-Alola, M|
|poke|p2|Blaziken, F|
|poke|p2|Dudunsparce-*, F|
|poke|p2|Pelipper, M|
|teampreview
|inactive|Battle timer is ON: inactive players will automatically lose when time's up. (requested by Kirito028K)
|
|t:|1769380926
|teamsize|p1|6
|teamsize|p2|6
|start
|switch|p1a: Flannery|Torkoal, F|100/100
|switch|p2a: Wartortle|Wartortle, F, shiny|100/100
|-weather|SunnyDay|[from] ability: Drought|[of] p1a: Flannery
|turn|1
|
|t:|1769380934
|move|p2a: Wartortle|Fake Out|p1a: Flannery
|-damage|p1a: Flannery|93/100
|-damage|p2a: Wartortle|84/100|[from] item: Rocky Helmet|[of] p1a: Flannery
|cant|p1a: Flannery|flinch
|
|-weather|SunnyDay|[upkeep]
|upkeep
|turn|2
|
|t:|1769380946
|switch|p2a: Pelipper|Pelipper, M|100/100
|-weather|RainDance|[from] ability: Drizzle|[of] p2a: Pelipper
|move|p1a: Flannery|Solar Beam||[still]
|-prepare|p1a: Flannery|Solar Beam
|
|-weather|RainDance|[upkeep]
|upkeep
|turn|3
|
|t:|1769380956
|move|p2a: Pelipper|Knock Off|p1a: Flannery
|-damage|p1a: Flannery|82/100
|-damage|p2a: Pelipper|84/100|[from] item: Rocky Helmet|[of] p1a: Flannery
|-enditem|p1a: Flannery|Rocky Helmet|[from] move: Knock Off|[of] p2a: Pelipper
|move|p1a: Flannery|Solar Beam|p2a: Pelipper|[from] lockedmove
|-damage|p2a: Pelipper|61/100
|
|-weather|RainDance|[upkeep]
|upkeep
|turn|4
|
|t:|1769380969
|move|p2a: Pelipper|Roost|p2a: Pelipper
|-heal|p2a: Pelipper|100/100
|-singleturn|p2a: Pelipper|move: Roost
|move|p1a: Flannery|Stealth Rock|p2a: Pelipper
|-sidestart|p2: maravive23|move: Stealth Rock
|
|-weather|RainDance|[upkeep]
|upkeep
|turn|5
|
|t:|1769380979
|switch|p1a: Roxanne|Probopass, F|100/100
|move|p2a: Pelipper|Hydro Pump|p1a: Roxanne
|-supereffective|p1a: Roxanne
|-damage|p1a: Roxanne|18/100
|-enditem|p1a: Roxanne|Sitrus Berry|[eat]
|-heal|p1a: Roxanne|43/100|[from] item: Sitrus Berry
|
|-weather|RainDance|[upkeep]
|upkeep
|turn|6
|
|t:|1769380989
|move|p2a: Pelipper|Hydro Pump|p1a: Roxanne
|-supereffective|p1a: Roxanne
|-damage|p1a: Roxanne|0 fnt
|faint|p1a: Roxanne
|
|-weather|RainDance|[upkeep]
|upkeep
|
|t:|1769380997
|switch|p1a: Norman|Vigoroth, M, shiny|100/100
|turn|7
|
|t:|1769381003
|move|p1a: Norman|Ice Punch|p2a: Pelipper
|-damage|p2a: Pelipper|85/100
|move|p2a: Pelipper|Hurricane|p1a: Norman
|-damage|p1a: Norman|61/100
|-start|p1a: Norman|confusion
|
|-weather|RainDance|[upkeep]
|upkeep
|turn|8
|-message|Kirito028K forfeited.
|
|win|maravive23
|raw|Kirito028K's rating: 1113 &rarr; <strong>1087</strong><br />(-26 for losing)
|raw|maravive23's rating: 1099 &rarr; <strong>1125</strong><br />(+26 for winning)
|l|☆Kirito028K
|player|p1|
|l|☆maravive23
|player|p2|
