|j|☆CasualTrainerName
|j|☆Futa_Goon_Cave
|t:|1769321896
|gametype|singles
|player|p1|CasualTrainerName|1|1218
|player|p2|Futa_Goon_Cave|giovanni|1167
|gen|9
|tier|[Gen 9] OU
|rated|
|rule|HP Percentage Mod: HP is shown in percentages
|rule|Endless Battle Clause: Forcing endless battles is banned
|rule|Species Clause: Limit one of each Pokémon
|rule|OHKO Clause: OHKO moves are banned
|rule|Evasion Items Clause: Evasion items are banned
|rule|Evasion Moves Clause: Evasion moves are banned
|rule|Evasion Abilities Clause: Evasion abilities are banned
|rule|Sleep Moves Clause: Sleep-inducing moves are banned
|clearpoke
|poke|p1|Clefable, M|
|poke|p1|Suicune|
|poke|p1|Iron Crown|
|poke|p1|Gliscor, F|
|poke|p1|Quaquaval, F|
|poke|p1|Hoopa|
|poke|p2|Hydrapple, M|
|poke|p2|Slowking, F|
|poke|p2|Great Tusk|
|poke|p2|Moltres|
|poke|p2|Zamazenta-*|
|poke|p2|Kingambit, F|
|teampreview
|inactive|Battle timer is ON: inactive players will automatically lose when time's up. (requested by CasualTrainerName)
|
|t:|1769321913
|teamsize|p1|6
|teamsize|p2|6
|start
|switch|p1a: Suicune|Suicune|100/100
|switch|p2a: Hydrapple|Hydrapple, M|100/100
|-ability|p1a: Suicune|Pressure
|turn|1
|
|t:|1769321930
|switch|p2a: Slowking|Slowking, F|100/100
|move|p1a: Suicune|Whirlpool|p2a: Slowking
|-resisted|p2a: Slowking
|-damage|p2a: Slowking|97/100
|-activate|p2a: Slowking|move: Whirlpool|[of] p1a: Suicune
|
|-damage|p2a: Slowking|85/100|[from] move: Whirlpool|[partiallytrapped]
|upkeep
|turn|2
|
|t:|1769321946
|move|p1a: Suicune|Substitute|p1a: Suicune
|-start|p1a: Suicune|Substitute
|-damage|p1a: Suicune|76/100
|move|p2a: Slowking|Thunder Wave||[still]
|-fail|p2a: Slowking
|
|-heal|p1a: Suicune|82/100|[from] item: Leftovers
|-damage|p2a: Slowking|73/100|[from] move: Whirlpool|[partiallytrapped]
|upkeep
|turn|3
|inactive|CasualTrainerName has 120 seconds left.
|
|t:|1769321979
|move|p1a: Suicune|Extreme Speed|p2a: Slowking
|-damage|p2a: Slowking|56/100
|move|p2a: Slowking|Future Sight|p1a: Suicune
|-start|p2a: Slowking|move: Future Sight
|
|-heal|p1a: Suicune|88/100|[from] item: Leftovers
|-damage|p2a: Slowking|44/100|[from] move: Whirlpool|[partiallytrapped]
|upkeep
|turn|4
|
|t:|1769321989
|move|p1a: Suicune|Extreme Speed|p2a: Slowking
|-damage|p2a: Slowking|29/100
|-prepare|p2a: Slowking|Chilly Reception|[premajor]
|move|p2a: Slowking|Chilly Reception|p2a: Slowking
|-weather|Snowscape
|inactive|Futa_Goon_Cave has 120 seconds left.
|
|t:|1769322015
|switch|p2a: Hydrapple|Hydrapple, M|100/100|[from] Chilly Reception
|
|-weather|Snowscape|[upkeep]
|-heal|p1a: Suicune|94/100|[from] item: Leftovers
|upkeep
|turn|5
|inactive|Futa_Goon_Cave has 120 seconds left.
|
|t:|1769322022
|move|p1a: Suicune|Whirlpool|p2a: Hydrapple
|-resisted|p2a: Hydrapple
|-damage|p2a: Hydrapple|98/100
|-activate|p2a: Hydrapple|move: Whirlpool|[of] p1a: Suicune
|move|p2a: Hydrapple|Fickle Beam|p1a: Suicune
|-end|p1a: Suicune|Substitute
|-damage|p2a: Hydrapple|88/100|[from] item: Life Orb
|
|-weather|Snowscape|[upkeep]
|-end|p1a: Suicune|move: Future Sight
|-damage|p1a: Suicune|61/100
|-heal|p1a: Suicune|67/100|[from] item: Leftovers
|-damage|p2a: Hydrapple|75/100|[from] move: Whirlpool|[partiallytrapped]
|upkeep
|turn|6
|inactive|Futa_Goon_Cave has 120 seconds left.
|
|t:|1769322037
|move|p1a: Suicune|Protect|p1a: Suicune
|-singleturn|p1a: Suicune|Protect
|move|p2a: Hydrapple|Leaf Storm|p1a: Suicune
|-activate|p1a: Suicune|move: Protect
|
|-weather|Snowscape|[upkeep]
|-heal|p1a: Suicune|73/100|[from] item: Leftovers
|-damage|p2a: Hydrapple|63/100|[from] move: Whirlpool|[partiallytrapped]
|upkeep
|turn|7
|inactive|Futa_Goon_Cave has 120 seconds left.
|
|t:|1769322048
|-terastallize|p1a: Suicune|Grass
|move|p1a: Suicune|Substitute|p1a: Suicune
|-start|p1a: Suicune|Substitute
|-damage|p1a: Suicune|48/100
|move|p2a: Hydrapple|Leaf Storm|p1a: Suicune
|-resisted|p1a: Suicune
|-end|p1a: Suicune|Substitute
|-unboost|p2a: Hydrapple|spa|2
|-damage|p2a: Hydrapple|53/100|[from] item: Life Orb
|
|-weather|Snowscape|[upkeep]
|-heal|p1a: Suicune|54/100|[from] item: Leftovers
|-damage|p2a: Hydrapple|41/100|[from] move: Whirlpool|[partiallytrapped]
|upkeep
|turn|8
|inactive|Futa_Goon_Cave has 120 seconds left.
|
|t:|1769322065
|move|p1a: Suicune|Protect|p1a: Suicune
|-singleturn|p1a: Suicune|Protect
|move|p2a: Hydrapple|Fickle Beam|p1a: Suicune
|-activate|p1a: Suicune|move: Protect
|
|-weather|none
|-heal|p1a: Suicune|60/100|[from] item: Leftovers
|-damage|p2a: Hydrapple|28/100|[from] move: Whirlpool|[partiallytrapped]
|upkeep
|turn|9
|inactive|Futa_Goon_Cave has 120 seconds left.
|
|t:|1769322075
|move|p1a: Suicune|Substitute|p1a: Suicune
|-start|p1a: Suicune|Substitute
|-damage|p1a: Suicune|35/100
|move|p2a: Hydrapple|Fickle Beam|p1a: Suicune
|-activate|p1a: Suicune|move: Substitute|[damage]
|-damage|p2a: Hydrapple|19/100|[from] item: Life Orb
|
|-heal|p1a: Suicune|41/100|[from] item: Leftovers
|-damage|p2a: Hydrapple|6/100|[from] move: Whirlpool|[partiallytrapped]
|upkeep
|turn|10
|inactive|Futa_Goon_Cave has 120 seconds left.
|
|t:|1769322093
|move|p1a: Suicune|Extreme Speed|p2a: Hydrapple
|-damage|p2a: Hydrapple|0 fnt
|faint|p2a: Hydrapple
|
|-heal|p1a: Suicune|47/100|[from] item: Leftovers
|upkeep
|inactive|Futa_Goon_Cave has 90 seconds left.
|
|t:|1769322134
|switch|p2a: Moltres|Moltres|100/100
|turn|11
|
|t:|1769322138
|move|p1a: Suicune|Whirlpool|p2a: Moltres|[miss]
|-miss|p1a: Suicune|p2a: Moltres
|move|p2a: Moltres|Roar|p1a: Suicune
|drag|p1a: Hoopa|Hoopa|100/100
|
|upkeep
|turn|12
|
|t:|1769322148
|move|p2a: Moltres|U-turn|p1a: Hoopa
|-damage|p1a: Hoopa|73/100
|
|t:|1769322153
|switch|p2a: Kingambit|Kingambit, F|100/100|[from] U-turn
|-activate|p2a: Kingambit|ability: Supreme Overlord
|-start|p2a: Kingambit|fallen1|[silent]
|move|p1a: Hoopa|Shadow Ball|p2a: Kingambit
|-resisted|p2a: Kingambit
|-damage|p2a: Kingambit|77/100
|
|-heal|p2a: Kingambit|83/100|[from] item: Leftovers
|upkeep
|turn|13
|
|t:|1769322166
|move|p2a: Kingambit|Sucker Punch||[still]
|-fail|p2a: Kingambit
|move|p1a: Hoopa|Destiny Bond|p1a: Hoopa
|-singlemove|p1a: Hoopa|Destiny Bond
|
|-heal|p2a: Kingambit|89/100|[from] item: Leftovers
|upkeep
|turn|14
|
|t:|1769322175
|move|p1a: Hoopa|Knock Off|p2a: Kingambit
|-resisted|p2a: Kingambit
|-damage|p2a: Kingambit|78/100
|-enditem|p2a: Kingambit|Leftovers|[from] move: Knock Off|[of] p1a: Hoopa
|move|p2a: Kingambit|Swords Dance|p2a: Kingambit
|-boost|p2a: Kingambit|atk|2
|
|upkeep
|turn|15
|
|t:|1769322184
|move|p1a: Hoopa|Destiny Bond|p1a: Hoopa
|-singlemove|p1a: Hoopa|Destiny Bond
|move|p2a: Kingambit|Swords Dance|p2a: Kingambit
|-boost|p2a: Kingambit|atk|2
|
|upkeep
|turn|16
|
|t:|1769322210
|move|p1a: Hoopa|Shadow Ball|p2a: Kingambit
|-resisted|p2a: Kingambit
|-damage|p2a: Kingambit|54/100
|-unboost|p2a: Kingambit|spd|1
|move|p2a: Kingambit|Iron Head|p1a: Hoopa
|-damage|p1a: Hoopa|0 fnt
|faint|p1a: Hoopa
|
|upkeep
|
|t:|1769322224
|switch|p1a: Quaquaval|Quaquaval, F|100/100
|turn|17
|
|t:|1769322244
|-terastallize|p2a: Kingambit|Ghost
|move|p1a: Quaquaval|Aqua Step|p2a: Kingambit
|-damage|p2a: Kingambit|22/100
|-boost|p1a: Quaquaval|spe|1
|move|p2a: Kingambit|Kowtow Cleave|p1a: Quaquaval
|-resisted|p1a: Quaquaval
|-damage|p1a: Quaquaval|7/100
|
|upkeep
|turn|18
|
|t:|1769322256
|switch|p1a: Clefable|Clefable, M|100/100
|move|p2a: Kingambit|Sucker Punch||[still]
|-fail|p2a: Kingambit
|
|upkeep
|turn|19
|
|t:|1769322263
|move|p1a: Clefable|Encore|p2a: Kingambit
|-start|p2a: Kingambit|Encore
|move|p2a: Kingambit|Sucker Punch||[still]
|-fail|p2a: Kingambit
|
|upkeep
|turn|20
|
|t:|1769322269
|-end|p2a: Kingambit|fallen1|[silent]
|switch|p2a: Moltres|Moltres|100/100
|move|p1a: Clefable|Moonblast|p2a: Moltres
|-resisted|p2a: Moltres
|-damage|p2a: Moltres|85/100
|-unboost|p2a: Moltres|spa|1
|
|upkeep
|turn|21
|
|t:|1769322279
|move|p2a: Moltres|U-turn|p1a: Clefable
|-resisted|p1a: Clefable
|-damage|p1a: Clefable|92/100
|
|t:|1769322286
|switch|p2a: Kingambit|Kingambit, F, tera:Ghost|22/100|[from] U-turn
|-activate|p2a: Kingambit|ability: Supreme Overlord
|-start|p2a: Kingambit|fallen1|[silent]
|move|p1a: Clefable|Stealth Rock|p2a: Kingambit
|-sidestart|p2: Futa_Goon_Cave|move: Stealth Rock
|
|upkeep
|turn|22
|
|t:|1769322297
|switch|p1a: Suicune|Suicune, tera:Grass|47/100
|-ability|p1a: Suicune|Pressure
|move|p2a: Kingambit|Iron Head|p1a: Suicune
|-damage|p1a: Suicune|11/100
|
|-heal|p1a: Suicune|17/100|[from] item: Leftovers
|upkeep
|turn|23
|inactive|Futa_Goon_Cave has 120 seconds left.
|
|t:|1769322308
|move|p1a: Suicune|Whirlpool|p2a: Kingambit
|-damage|p2a: Kingambit|12/100
|-activate|p2a: Kingambit|move: Whirlpool|[of] p1a: Suicune
|move|p2a: Kingambit|Iron Head|p1a: Suicune
|-damage|p1a: Suicune|0 fnt
|faint|p1a: Suicune
|
|-end|p2a: Kingambit|Whirlpool|[partiallytrapped]|[silent]
|upkeep
|
|t:|1769322311
|switch|p1a: Gliscor|Gliscor, F|100/100
|turn|24
|
|t:|1769322320
|-end|p2a: Kingambit|fallen1|[silent]
|switch|p2a: Moltres|Moltres|85/100
|move|p1a: Gliscor|Knock Off|p2a: Moltres
|-damage|p2a: Moltres|70/100
|-enditem|p2a: Moltres|Heavy-Duty Boots|[from] move: Knock Off|[of] p1a: Gliscor
|
|-status|p1a: Gliscor|tox|[from] item: Toxic Orb
|upkeep
|turn|25
|
|t:|1769322332
|move|p1a: Gliscor|Protect|p1a: Gliscor
|-singleturn|p1a: Gliscor|Protect
|move|p2a: Moltres|Roost|p2a: Moltres
|-heal|p2a: Moltres|100/100
|-singleturn|p2a: Moltres|move: Roost
|
|upkeep
|turn|26
|
|t:|1769322341
|move|p1a: Gliscor|Spikes|p2a: Moltres
|-sidestart|p2: Futa_Goon_Cave|Spikes
|move|p2a: Moltres|Flamethrower|p1a: Gliscor
|-damage|p1a: Gliscor|50/100 tox
|
|-heal|p1a: Gliscor|63/100 tox|[from] ability: Poison Heal
|upkeep
|turn|27
|
|t:|1769322355
|switch|p2a: Great Tusk|Great Tusk|100/100
|move|p1a: Gliscor|Protect||[still]
|-fail|p1a: Gliscor
|
|-heal|p1a: Gliscor|75/100 tox|[from] ability: Poison Heal
|upkeep
|turn|28
|
|t:|1769322365
|move|p2a: Great Tusk|Rapid Spin|p1a: Gliscor
|-damage|p1a: Gliscor|65/100 tox
|-boost|p2a: Great Tusk|spe|1
|-sideend|p2: Futa_Goon_Cave|Spikes|[from] move: Rapid Spin|[of] p2a: Great Tusk
|-sideend|p2: Futa_Goon_Cave|Stealth Rock|[from] move: Rapid Spin|[of] p2a: Great Tusk
|move|p1a: Gliscor|Knock Off|p2a: Great Tusk
|-resisted|p2a: Great Tusk
|-damage|p2a: Great Tusk|94/100
|-enditem|p2a: Great Tusk|Heavy-Duty Boots|[from] move: Knock Off|[of] p1a: Gliscor
|
|-heal|p1a: Gliscor|78/100 tox|[from] ability: Poison Heal
|upkeep
|turn|29
|
|t:|1769322383
|move|p2a: Great Tusk|Ice Spinner|p1a: Gliscor
|-supereffective|p1a: Gliscor
|-damage|p1a: Gliscor|17/100 tox
|move|p1a: Gliscor|Earthquake|p2a: Great Tusk
|-damage|p2a: Great Tusk|71/100
|
|-heal|p1a: Gliscor|29/100 tox|[from] ability: Poison Heal
|upkeep
|turn|30
|
|t:|1769322393
|move|p1a: Gliscor|Protect|p1a: Gliscor
|-singleturn|p1a: Gliscor|Protect
|move|p2a: Great Tusk|Ice Spinner|p1a: Gliscor
|-activate|p1a: Gliscor|move: Protect
|
|-heal|p1a: Gliscor|42/100 tox|[from] ability: Poison Heal
|upkeep
|turn|31
|
|t:|1769322402
|move|p2a: Great Tusk|Ice Spinner|p1a: Gliscor
|-supereffective|p1a: Gliscor
|-damage|p1a: Gliscor|0 fnt
|faint|p1a: Gliscor
|
|upkeep
|
|t:|1769322407
|switch|p1a: Iron Crown|Iron Crown|100/100
|-enditem|p1a: Iron Crown|Booster Energy
|-activate|p1a: Iron Crown|ability: Quark Drive|[fromitem]
|-start|p1a: Iron Crown|quarkdrivespe
|turn|32
|
|t:|1769322432
|move|p1a: Iron Crown|Calm Mind|p1a: Iron Crown
|-boost|p1a: Iron Crown|spa|1
|-boost|p1a: Iron Crown|spd|1
|move|p2a: Great Tusk|Headlong Rush|p1a: Iron Crown
|-supereffective|p1a: Iron Crown
|-damage|p1a: Iron Crown|0 fnt
|-unboost|p2a: Great Tusk|def|1
|-unboost|p2a: Great Tusk|spd|1
|faint|p1a: Iron Crown
|-end|p1a: Iron Crown|Quark Drive|[silent]
|
|upkeep
|-message|CasualTrainerName forfeited.
|
|win|Futa_Goon_Cave
|raw|CasualTrainerName's rating: 1218 &rarr; <strong>1193</strong><br />(-25 for losing)
|raw|Futa_Goon_Cave's rating: 1216 &rarr; <strong>1241</strong><br />(+25 for winning)
|l|☆CasualTrainerName
|player|p1|
|l|☆Futa_Goon_Cave
|player|p2|
