|j|☆turroargento
|j|☆AdamSplash23
|t:|1769375660
|gametype|singles
|player|p1|turroargento|roughneck-gen4|1138
|player|p2|AdamSplash23|crasherwake|1189
|gen|9
|tier|[Gen 9] OU
|rated|
|rule|HP Percentage Mod: HP is shown in percentages
|rule|Endless Battle Clause: Forcing endless battles is banned
|rule|Species Clause: Limit one of each Pokémon
|rule|OHKO Clause: OHKO moves are banned
|rule|Evasion Items Clause: Evasion items are banned
|rule|Evasion Moves Clause: Evasion moves are banned
|rule|Evasion Abilities Clause: Evasion abilities are banned
|rule|Sleep Moves Clause: Sleep-inducing moves are banned
|clearpoke
|poke|p1|Ambipom, F|
|poke|p1|Dragapult, F|
|poke|p1|Rotom-Heat|
|poke|p1|Dragonite, F|
|poke|p1|Gengar, M|
|poke|p1|Smeargle, F|
|poke|p2|Floatzel, M|
|poke|p2|Pelipper, M|
|poke|p2|Gyarados, F|
|poke|p2|Espeon, M|
|poke|p2|Hitmontop, M|
|poke|p2|Magcargo, F|
|teampreview
|inactive|Battle timer is ON: inactive players will automatically lose when time's up. (requested by AdamSplash23)
|
|t:|1769375672
|teamsize|p1|6
|teamsize|p2|6
|start
|switch|p1a: Ambipom|Ambipom, F|100/100
|switch|p2a: Magcargo|Magcargo, F|100/100
|turn|1
|
|t:|1769375688
|move|p1a: Ambipom|Fake Out|p2a: Magcargo
|-resisted|p2a: Magcargo
|-damage|p2a: Magcargo|91/100
|cant|p2a: Magcargo|flinch
|
|-heal|p2a: Magcargo|97/100|[from] item: Leftovers
|upkeep
|turn|2
|
|t:|1769375693
|move|p1a: Ambipom|Knock Off|p2a: Magcargo
|-damage|p2a: Magcargo|79/100
|-status|p1a: Ambipom|brn|[from] ability: Flame Body|[of] p2a: Magcargo
|-enditem|p2a: Magcargo|Leftovers|[from] move: Knock Off|[of] p1a: Ambipom
|move|p2a: Magcargo|Stealth Rock|p1a: Ambipom
|-sidestart|p1: turroargento|move: Stealth Rock
|
|-damage|p1a: Ambipom|94/100 brn|[from] brn
|upkeep
|turn|3
|
|t:|1769375707
|switch|p1a: Gengar|Gengar, M|100/100
|-damage|p1a: Gengar|88/100|[from] Stealth Rock
|move|p2a: Magcargo|Lava Plume|p1a: Gengar
|-damage|p1a: Gengar|50/100
|
|upkeep
|turn|4
|
|t:|1769375734
|switch|p2a: Espeon|Espeon, M, shiny|100/100
|move|p1a: Gengar|Shadow Ball|p2a: Espeon
|-supereffective|p2a: Espeon
|-damage|p2a: Espeon|0 fnt
|faint|p2a: Espeon
|
|upkeep
|inactive|AdamSplash23 has 120 seconds left.
|
|t:|1769375744
|switch|p2a: Pelipper|Pelipper, M|100/100
|-weather|RainDance|[from] ability: Drizzle|[of] p2a: Pelipper
|turn|5
|
|t:|1769375752
|move|p1a: Gengar|Shadow Ball|p2a: Pelipper
|-damage|p2a: Pelipper|40/100
|move|p2a: Pelipper|Weather Ball|p1a: Gengar
|-damage|p1a: Gengar|0 fnt
|faint|p1a: Gengar
|
|-weather|RainDance|[upkeep]
|upkeep
|
|t:|1769375758
|switch|p1a: Rotom|Rotom-Heat|100/100
|turn|6
|
|t:|1769375761
|move|p1a: Rotom|Volt Switch|p2a: Pelipper
|-supereffective|p2a: Pelipper
|-damage|p2a: Pelipper|0 fnt
|faint|p2a: Pelipper
|
|t:|1769375767
|switch|p1a: Dragapult|Dragapult, F|100/100|[from] Volt Switch
|-damage|p1a: Dragapult|88/100|[from] Stealth Rock
|
|-weather|RainDance|[upkeep]
|upkeep
|
|t:|1769375787
|switch|p2a: Gyarados|Gyarados, F|100/100
|-ability|p2a: Gyarados|Intimidate|boost
|-fail|p1a: Dragapult|unboost|[from] ability: Clear Body|[of] p1a: Dragapult
|turn|7
|
|t:|1769375792
|-terastallize|p1a: Dragapult|Dragon
|move|p1a: Dragapult|Dragon Darts|p2a: Gyarados
|-damage|p2a: Gyarados|33/100
|-anim|p1a: Dragapult|Dragon Darts|p2a: Gyarados
|-damage|p2a: Gyarados|0 fnt
|faint|p2a: Gyarados
|
|-weather|RainDance|[upkeep]
|upkeep
|
|t:|1769375797
|switch|p2a: Floatzel|Floatzel, M|100/100
|turn|8
|
|t:|1769375805
|switch|p1a: Smeargle|Smeargle, F|100/100
|move|p2a: Floatzel|Ice Spinner|p1a: Smeargle
|-damage|p1a: Smeargle|22/100
|
|-weather|RainDance|[upkeep]
|upkeep
|turn|9
|
|t:|1769375811
|move|p1a: Smeargle|Fake Out|p2a: Floatzel
|-damage|p2a: Floatzel|78/100
|cant|p2a: Floatzel|flinch
|
|-weather|RainDance|[upkeep]
|upkeep
|turn|10
|
|t:|1769375818
|move|p1a: Smeargle|Burning Bulwark|p1a: Smeargle
|-singleturn|p1a: Smeargle|move: Protect
|move|p2a: Floatzel|Wave Crash|p1a: Smeargle
|-activate|p1a: Smeargle|move: Protect
|-status|p2a: Floatzel|brn
|
|-weather|RainDance|[upkeep]
|-damage|p2a: Floatzel|72/100 brn|[from] brn
|upkeep
|turn|11
|
|t:|1769375821
|move|p2a: Floatzel|Wave Crash|p1a: Smeargle
|-damage|p1a: Smeargle|0 fnt
|faint|p1a: Smeargle
|-damage|p2a: Floatzel|66/100 brn|[from] Recoil
|
|-weather|RainDance|[upkeep]
|-damage|p2a: Floatzel|60/100 brn|[from] brn
|upkeep
|
|t:|1769375824
|switch|p1a: Ambipom|Ambipom, F|94/100 brn
|-damage|p1a: Ambipom|82/100 brn|[from] Stealth Rock
|turn|12
|
|t:|1769375832
|switch|p2a: Hitmontop|Hitmontop, M, shiny|100/100
|-ability|p2a: Hitmontop|Intimidate|boost
|-unboost|p1a: Ambipom|atk|1
|move|p1a: Ambipom|Fake Out|p2a: Hitmontop
|-damage|p2a: Hitmontop|92/100
|
|-weather|none
|-damage|p1a: Ambipom|76/100 brn|[from] brn
|upkeep
|turn|13
|
|t:|1769375839
|move|p2a: Hitmontop|Fake Out|p1a: Ambipom
|-damage|p1a: Ambipom|60/100 brn
|cant|p1a: Ambipom|flinch
|
|-damage|p1a: Ambipom|53/100 brn|[from] brn
|upkeep
|turn|14
|
|t:|1769375844
|move|p1a: Ambipom|Knock Off|p2a: Hitmontop
|-resisted|p2a: Hitmontop
|-damage|p2a: Hitmontop|89/100
|-enditem|p2a: Hitmontop|Assault Vest|[from] move: Knock Off|[of] p1a: Ambipom
|move|p2a: Hitmontop|Rapid Spin|p1a: Ambipom
|-damage|p1a: Ambipom|36/100 brn
|-boost|p2a: Hitmontop|spe|1
|
|-damage|p1a: Ambipom|30/100 brn|[from] brn
|upkeep
|turn|15
|
|t:|1769375853
|switch|p1a: Rotom|Rotom-Heat|100/100
|move|p2a: Hitmontop|Rapid Spin|p1a: Rotom
|-damage|p1a: Rotom|87/100
|-boost|p2a: Hitmontop|spe|1
|
|upkeep
|turn|16
|
|t:|1769375859
|move|p2a: Hitmontop|High Jump Kick|p1a: Rotom|[miss]
|-miss|p2a: Hitmontop|p1a: Rotom
|-damage|p2a: Hitmontop|39/100|[from] highjumpkick
|move|p1a: Rotom|Thunderbolt|p2a: Hitmontop
|-damage|p2a: Hitmontop|0 fnt
|faint|p2a: Hitmontop
|
|upkeep
|
|t:|1769375868
|switch|p2a: Magcargo|Magcargo, F|79/100
|turn|17
|
|t:|1769375871
|move|p1a: Rotom|Thunderbolt|p2a: Magcargo
|-damage|p2a: Magcargo|31/100
|move|p2a: Magcargo|Power Gem|p1a: Rotom
|-supereffective|p1a: Rotom
|-damage|p1a: Rotom|12/100
|
|upkeep
|turn|18
|
|t:|1769375877
|move|p1a: Rotom|Volt Switch|p2a: Magcargo
|-damage|p2a: Magcargo|0 fnt
|faint|p2a: Magcargo
|
|t:|1769375880
|switch|p1a: Dragapult|Dragapult, F, tera:Dragon|88/100|[from] Volt Switch
|-damage|p1a: Dragapult|76/100|[from] Stealth Rock
|
|upkeep
|
|t:|1769375883
|switch|p2a: Floatzel|Floatzel, M|60/100 brn
|turn|19
|
|t:|1769375885
|move|p1a: Dragapult|Dragon Darts|p2a: Floatzel
|-damage|p2a: Floatzel|0 fnt
|faint|p2a: Floatzel
|
|win|turroargento
|raw|turroargento's rating: 1138 &rarr; <strong>1167</strong><br />(+29 for winning)
|raw|AdamSplash23's rating: 1189 &rarr; <strong>1160</strong><br />(-29 for losing)
|c|☆turroargento|Gg
|l|☆turroargento
|player|p1|
