|j|☆Libraries
|j|☆Pablofromportluis
|t:|1769317299
|gametype|singles
|player|p1|Libraries|skierf|1359
|player|p2|Pablofromportluis|blackbelt-gen4dp|1394
|gen|9
|tier|[Gen 9] OU
|rated|
|rule|HP Percentage Mod: HP is shown in percentages
|rule|Endless Battle Clause: Forcing endless battles is banned
|rule|Species Clause: Limit one of each Pokémon
|rule|OHKO Clause: OHKO moves are banned
|rule|Evasion Items Clause: Evasion items are banned
|rule|Evasion Moves Clause: Evasion moves are banned
|rule|Evasion Abilities Clause: Evasion abilities are banned
|rule|Sleep Moves Clause: Sleep-inducing moves are banned
|clearpoke
|poke|p1|Hydrapple, M|
|poke|p1|Gliscor, M|
|poke|p1|Slowking-Galar, M|
|poke|p1|Cinderace, M|
|poke|p1|Kingambit, M|
|poke|p1|Iron Valiant|
|poke|p2|Rillaboom, F|
|poke|p2|Raging Bolt|
|poke|p2|Moltres|
|poke|p2|Dragapult, F|
|poke|p2|Zamazenta-*|
|poke|p2|Iron Treads|
|teampreview
|
|t:|1769317320
|teamsize|p1|6
|teamsize|p2|6
|start
|switch|p1a: Gliscor|Gliscor, M, shiny|100/100
|switch|p2a: Dragapult|Dragapult, F|100/100
|turn|1
|
|t:|1769317332
|move|p1a: Gliscor|Protect|p1a: Gliscor
|-singleturn|p1a: Gliscor|Protect
|move|p2a: Dragapult|Will-O-Wisp|p1a: Gliscor
|-activate|p1a: Gliscor|move: Protect
|
|-status|p1a: Gliscor|tox|[from] item: Toxic Orb
|upkeep
|turn|2
|
|t:|1769317348
|move|p2a: Dragapult|Hex|p1a: Gliscor
|-damage|p1a: Gliscor|23/100 tox
|move|p1a: Gliscor|Earthquake|p2a: Dragapult
|-damage|p2a: Dragapult|46/100
|
|-heal|p1a: Gliscor|36/100 tox|[from] ability: Poison Heal
|upkeep
|turn|3
|
|t:|1769317354
|move|p1a: Gliscor|Protect|p1a: Gliscor
|-singleturn|p1a: Gliscor|Protect
|move|p2a: Dragapult|Hex|p1a: Gliscor
|-activate|p1a: Gliscor|move: Protect
|
|-heal|p1a: Gliscor|48/100 tox|[from] ability: Poison Heal
|upkeep
|turn|4
|
|t:|1769317365
|switch|p1a: Kingambit|Kingambit, M, shiny|100/100
|-item|p1a: Kingambit|Air Balloon
|move|p2a: Dragapult|Hex|p1a: Kingambit
|-resisted|p1a: Kingambit
|-damage|p1a: Kingambit|85/100
|-enditem|p1a: Kingambit|Air Balloon
|
|upkeep
|turn|5
|
|t:|1769317408
|-end|p1a: Kingambit|fallenundefined|[silent]
|switch|p1a: Gliscor|Gliscor, M, shiny|48/100 tox
|move|p2a: Dragapult|Will-O-Wisp||[still]
|-fail|p2a: Dragapult
|
|-heal|p1a: Gliscor|60/100 tox|[from] ability: Poison Heal
|upkeep
|turn|6
|
|t:|1769317417
|switch|p2a: Rillaboom|Rillaboom, F|100/100
|-fieldstart|move: Grassy Terrain|[from] ability: Grassy Surge|[of] p2a: Rillaboom
|move|p1a: Gliscor|Protect||[still]
|-fail|p1a: Gliscor
|
|-heal|p1a: Gliscor|73/100 tox|[from] ability: Poison Heal
|upkeep
|turn|7
|
|t:|1769317428
|switch|p1a: Kingambit|Kingambit, M, shiny|85/100
|switch|p2a: Iron Treads|Iron Treads|100/100
|
|-heal|p1a: Kingambit|91/100|[from] Grassy Terrain
|upkeep
|turn|8
|
|t:|1769317438
|-end|p1a: Kingambit|fallenundefined|[silent]
|switch|p1a: Cinderace|Cinderace, M, shiny|100/100
|move|p2a: Iron Treads|Stealth Rock|p1a: Cinderace
|-sidestart|p1: Libraries|move: Stealth Rock
|
|upkeep
|turn|9
|
|t:|1769317448
|-end|p2a: Iron Treads|Quark Drive|[silent]
|switch|p2a: Raging Bolt|Raging Bolt|100/100
|-enditem|p2a: Raging Bolt|Booster Energy
|-activate|p2a: Raging Bolt|ability: Protosynthesis|[fromitem]
|-start|p2a: Raging Bolt|protosynthesisspa
|move|p1a: Cinderace|Pyro Ball|p2a: Raging Bolt
|-resisted|p2a: Raging Bolt
|-damage|p2a: Raging Bolt|74/100
|
|-heal|p2a: Raging Bolt|80/100|[from] Grassy Terrain
|upkeep
|turn|10
|
|t:|1769317456
|move|p1a: Cinderace|U-turn|p2a: Raging Bolt
|-start|p1a: Cinderace|typechange|Bug|[from] ability: Libero
|-damage|p2a: Raging Bolt|47/100
|
|t:|1769317464
|switch|p1a: Gliscor|Gliscor, M, shiny|73/100 tox|[from] U-turn
|-damage|p1a: Gliscor|60/100 tox|[from] Stealth Rock
|move|p2a: Raging Bolt|Calm Mind|p2a: Raging Bolt
|-boost|p2a: Raging Bolt|spa|1
|-boost|p2a: Raging Bolt|spd|1
|
|-heal|p2a: Raging Bolt|53/100|[from] Grassy Terrain
|-heal|p1a: Gliscor|73/100 tox|[from] ability: Poison Heal
|upkeep
|turn|11
|
|t:|1769317472
|move|p1a: Gliscor|Protect|p1a: Gliscor
|-singleturn|p1a: Gliscor|Protect
|move|p2a: Raging Bolt|Dragon Pulse|p1a: Gliscor
|-activate|p1a: Gliscor|move: Protect
|
|-heal|p2a: Raging Bolt|59/100|[from] Grassy Terrain
|-heal|p1a: Gliscor|85/100 tox|[from] ability: Poison Heal
|upkeep
|turn|12
|
|t:|1769317479
|-terastallize|p1a: Gliscor|Fairy
|move|p1a: Gliscor|Tera Blast|p2a: Raging Bolt|[anim] Tera Blast Fairy
|-supereffective|p2a: Raging Bolt
|-damage|p2a: Raging Bolt|0 fnt
|faint|p2a: Raging Bolt
|-end|p2a: Raging Bolt|Protosynthesis|[silent]
|
|-heal|p1a: Gliscor|91/100 tox|[from] Grassy Terrain
|-heal|p1a: Gliscor|100/100 tox|[from] ability: Poison Heal
|upkeep
|-message|Pablofromportluis forfeited.
|
|win|Libraries
|raw|Libraries's rating: 1359 &rarr; <strong>1381</strong><br />(+22 for winning)
|raw|Pablofromportluis's rating: 1394 &rarr; <strong>1372</strong><br />(-22 for losing)
|l|☆Pablofromportluis
|player|p2|
|l|☆Libraries
|player|p1|
