|j|☆chafemillr
|j|☆kreepurebrawler
|t:|1769389912
|gametype|singles
|player|p1|chafemillr|266|1198
|player|p2|kreepurebrawler|101|1250
|gen|9
|tier|[Gen 9] OU
|rated|
|rule|HP Percentage Mod: HP is shown in percentages
|rule|Endless Battle Clause: Forcing endless battles is banned
|rule|Species Clause: Limit one of each Pokémon
|rule|OHKO Clause: OHKO moves are banned
|rule|Evasion Items Clause: Evasion items are banned
|rule|Evasion Moves Clause: Evasion moves are banned
|rule|Evasion Abilities Clause: Evasion abilities are banned
|rule|Sleep Moves Clause: Sleep-inducing moves are banned
|clearpoke
|poke|p1|Weezing-Galar, M|
|poke|p1|Bronzong|
|poke|p1|Flygon, F|
|poke|p1|Hydreigon, F|
|poke|p1|Rotom-Heat|
|poke|p1|Chimecho, M|
|poke|p2|Kingambit, M|
|poke|p2|Great Tusk|
|poke|p2|Rillaboom, M|
|poke|p2|Gholdengo|
|poke|p2|Zapdos|
|poke|p2|Ceruledge, M|
|teampreview
|inactive|Battle timer is ON: inactive players will automatically lose when time's up. (requested by chafemillr)
|
|t:|1769389927
|teamsize|p1|6
|teamsize|p2|6
|start
|switch|p1a: Flygon|Flygon, F|100/100
|switch|p2a: Great Tusk|Great Tusk|100/100
|turn|1
|
|t:|1769389938
|move|p1a: Flygon|U-turn|p2a: Great Tusk
|-resisted|p2a: Great Tusk
|-damage|p2a: Great Tusk|93/100
|
|t:|1769389942
|switch|p1a: Weezing|Weezing-Galar, M|100/100|[from] U-turn
|move|p2a: Great Tusk|Stealth Rock|p1a: Weezing
|-sidestart|p1: chafemillr|move: Stealth Rock
|
|upkeep
|turn|2
|
|t:|1769389955
|move|p2a: Great Tusk|Headlong Rush|p1a: Weezing
|-immune|p1a: Weezing|[from] ability: Levitate
|move|p1a: Weezing|Defog|p2a: Great Tusk
|-unboost|p2a: Great Tusk|evasion|1
|-sideend|p1: chafemillr|Stealth Rock|[from] move: Defog|[of] p1a: Weezing
|
|upkeep
|turn|3
|
|t:|1769389982
|-end|p2a: Great Tusk|Protosynthesis|[silent]
|switch|p2a: Gholdengo|Gholdengo|100/100
|move|p1a: Weezing|Strange Steam|p2a: Gholdengo
|-resisted|p2a: Gholdengo
|-damage|p2a: Gholdengo|90/100
|-start|p2a: Gholdengo|confusion
|
|upkeep
|turn|4
|inactive|kreepurebrawler has 120 seconds left.
|
|t:|1769390003
|switch|p1a: Hydreigon|Hydreigon, F|100/100
|-activate|p2a: Gholdengo|confusion
|move|p2a: Gholdengo|Make It Rain|p1a: Hydreigon
|-damage|p1a: Hydreigon|49/100
|-unboost|p2a: Gholdengo|spa|1
|
|upkeep
|turn|5
|inactive|kreepurebrawler has 120 seconds left.
|
|t:|1769390026
|move|p1a: Hydreigon|Dark Pulse|p2a: Gholdengo
|-supereffective|p2a: Gholdengo
|-damage|p2a: Gholdengo|29/100
|-end|p2a: Gholdengo|confusion
|move|p2a: Gholdengo|Dazzling Gleam|p1a: Hydreigon
|-supereffective|p1a: Hydreigon
|-damage|p1a: Hydreigon|0 fnt
|faint|p1a: Hydreigon
|
|upkeep
|
|t:|1769390056
|switch|p1a: Bronzong|Bronzong|100/100
|turn|6
|
|t:|1769390063
|switch|p2a: Ceruledge|Ceruledge, M|100/100
|move|p1a: Bronzong|Stealth Rock|p2a: Ceruledge
|-sidestart|p2: kreepurebrawler|move: Stealth Rock
|
|upkeep
|turn|7
|inactive|kreepurebrawler has 120 seconds left.
|
|t:|1769390082
|switch|p1a: Flygon|Flygon, F|100/100
|move|p2a: Ceruledge|Swords Dance|p2a: Ceruledge
|-boost|p2a: Ceruledge|atk|2
|
|upkeep
|turn|8
|inactive|kreepurebrawler has 120 seconds left.
|
|t:|1769390098
|move|p1a: Flygon|Earthquake|p2a: Ceruledge
|-supereffective|p2a: Ceruledge
|-enditem|p2a: Ceruledge|Focus Sash
|-damage|p2a: Ceruledge|1/100
|-ability|p2a: Ceruledge|Weak Armor|boost
|-unboost|p2a: Ceruledge|def|1
|-boost|p2a: Ceruledge|spe|2
|move|p2a: Ceruledge|Swords Dance|p2a: Ceruledge
|-boost|p2a: Ceruledge|atk|2
|
|upkeep
|turn|9
|inactive|kreepurebrawler has 120 seconds left.
|
|t:|1769390110
|move|p2a: Ceruledge|Bitter Blade|p1a: Flygon
|-resisted|p1a: Flygon
|-damage|p1a: Flygon|12/100
|-heal|p2a: Ceruledge|47/100|[from] drain|[of] p1a: Flygon
|move|p1a: Flygon|Earthquake|p2a: Ceruledge
|-supereffective|p2a: Ceruledge
|-damage|p2a: Ceruledge|0 fnt
|faint|p2a: Ceruledge
|
|upkeep
|inactive|kreepurebrawler has 120 seconds left.
|
|t:|1769390123
|switch|p2a: Kingambit|Kingambit, M|100/100
|-damage|p2a: Kingambit|94/100|[from] Stealth Rock
|-activate|p2a: Kingambit|ability: Supreme Overlord
|-start|p2a: Kingambit|fallen1|[silent]
|turn|10
|
|t:|1769390131
|switch|p1a: Weezing|Weezing-Galar, M|100/100
|move|p2a: Kingambit|Sucker Punch||[still]
|-fail|p2a: Kingambit
|
|upkeep
|turn|11
|
|t:|1769390142
|move|p1a: Weezing|Will-O-Wisp|p2a: Kingambit
|-status|p2a: Kingambit|brn
|move|p2a: Kingambit|Iron Head|p1a: Weezing
|-supereffective|p1a: Weezing
|-damage|p1a: Weezing|54/100
|
|-heal|p1a: Weezing|60/100|[from] item: Black Sludge
|-damage|p2a: Kingambit|88/100 brn|[from] brn
|upkeep
|turn|12
|inactive|kreepurebrawler has 120 seconds left.
|
|t:|1769390162
|move|p1a: Weezing|Strange Steam|p2a: Kingambit
|-damage|p2a: Kingambit|62/100 brn
|move|p2a: Kingambit|Iron Head|p1a: Weezing
|-supereffective|p1a: Weezing
|-damage|p1a: Weezing|19/100
|
|-heal|p1a: Weezing|25/100|[from] item: Black Sludge
|-damage|p2a: Kingambit|56/100 brn|[from] brn
|upkeep
|turn|13
|inactive|kreepurebrawler has 120 seconds left.
|
|t:|1769390185
|switch|p1a: Rotom|Rotom-Heat|100/100
|-end|p2a: Kingambit|fallen1|[silent]
|switch|p2a: Gholdengo|Gholdengo|29/100
|-damage|p2a: Gholdengo|23/100|[from] Stealth Rock
|
|upkeep
|turn|14
|
|t:|1769390197
|move|p1a: Rotom|Volt Switch|p2a: Gholdengo
|-damage|p2a: Gholdengo|0 fnt
|faint|p2a: Gholdengo
|
|t:|1769390201
|switch|p1a: Flygon|Flygon, F|12/100|[from] Volt Switch
|
|upkeep
|
|t:|1769390208
|switch|p2a: Rillaboom|Rillaboom, M|100/100
|-damage|p2a: Rillaboom|88/100|[from] Stealth Rock
|-fieldstart|move: Grassy Terrain|[from] ability: Grassy Surge|[of] p2a: Rillaboom
|turn|15
|inactive|kreepurebrawler has 120 seconds left.
|
|t:|1769390216
|switch|p1a: Bronzong|Bronzong|100/100
|move|p2a: Rillaboom|Grassy Glide|p1a: Bronzong
|-resisted|p1a: Bronzong
|-damage|p1a: Bronzong|76/100
|
|-heal|p2a: Rillaboom|94/100|[from] Grassy Terrain
|-heal|p1a: Bronzong|83/100|[from] item: Leftovers
|upkeep
|turn|16
|inactive|kreepurebrawler has 120 seconds left.
|
|t:|1769390234
|switch|p2a: Kingambit|Kingambit, M|56/100 brn
|-damage|p2a: Kingambit|50/100 brn|[from] Stealth Rock
|-activate|p2a: Kingambit|ability: Supreme Overlord
|-start|p2a: Kingambit|fallen2|[silent]
|move|p1a: Bronzong|Protect||[still]
|-fail|p1a: Bronzong
|
|-heal|p2a: Kingambit|56/100 brn|[from] Grassy Terrain
|-heal|p1a: Bronzong|89/100|[from] item: Leftovers
|-damage|p2a: Kingambit|50/100 brn|[from] brn
|upkeep
|turn|17
|inactive|kreepurebrawler has 120 seconds left.
|
|t:|1769390249
|move|p1a: Bronzong|Protect|p1a: Bronzong
|-singleturn|p1a: Bronzong|Protect
|move|p2a: Kingambit|Swords Dance|p2a: Kingambit
|-boost|p2a: Kingambit|atk|2
|
|-heal|p2a: Kingambit|56/100 brn|[from] Grassy Terrain
|-heal|p1a: Bronzong|95/100|[from] item: Leftovers
|-damage|p2a: Kingambit|50/100 brn|[from] brn
|upkeep
|turn|18
|inactive|kreepurebrawler has 120 seconds left.
|
|t:|1769390259
|-terastallize|p1a: Bronzong|Fighting
|move|p2a: Kingambit|Night Slash|p1a: Bronzong
|-resisted|p1a: Bronzong
|-damage|p1a: Bronzong|76/100
|move|p1a: Bronzong|Body Press|p2a: Kingambit
|-supereffective|p2a: Kingambit
|-damage|p2a: Kingambit|0 fnt
|faint|p2a: Kingambit
|-end|p2a: Kingambit|fallen2|[silent]
|
|-heal|p1a: Bronzong|82/100|[from] item: Leftovers
|upkeep
|
|t:|1769390270
|switch|p2a: Zapdos|Zapdos|100/100
|turn|19
|
|t:|1769390279
|move|p1a: Bronzong|Protect|p1a: Bronzong
|-singleturn|p1a: Bronzong|Protect
|move|p2a: Zapdos|Hurricane|p1a: Bronzong
|-activate|p1a: Bronzong|move: Protect
|
|-heal|p1a: Bronzong|88/100|[from] item: Leftovers
|-fieldend|move: Grassy Terrain
|upkeep
|turn|20
|
|t:|1769390288
|switch|p1a: Chimecho|Chimecho, M|100/100
|move|p2a: Zapdos|Hurricane|p1a: Chimecho
|-crit|p1a: Chimecho
|-damage|p1a: Chimecho|29/100
|-start|p1a: Chimecho|confusion
|
|upkeep
|turn|21
|
|t:|1769390305
|-activate|p1a: Chimecho|confusion
|move|p1a: Chimecho|Protect|p1a: Chimecho
|-singleturn|p1a: Chimecho|Protect
|move|p2a: Zapdos|Thunderbolt|p1a: Chimecho
|-activate|p1a: Chimecho|move: Protect
|
|upkeep
|turn|22
|
|t:|1769390314
|switch|p1a: Rotom|Rotom-Heat|100/100
|move|p2a: Zapdos|Thunderbolt|p1a: Rotom
|-resisted|p1a: Rotom
|-damage|p1a: Rotom|68/100
|
|upkeep
|turn|23
|
|t:|1769390327
|switch|p2a: Great Tusk|Great Tusk|93/100
|move|p1a: Rotom|Overheat|p2a: Great Tusk
|-damage|p2a: Great Tusk|0 fnt
|-unboost|p1a: Rotom|spa|2
|faint|p2a: Great Tusk
|-end|p2a: Great Tusk|Protosynthesis|[silent]
|
|upkeep
|
|t:|1769390343
|switch|p2a: Zapdos|Zapdos|100/100
|turn|24
|
|t:|1769390360
|switch|p1a: Bronzong|Bronzong, tera:Fighting|88/100
|move|p2a: Zapdos|Hurricane|p1a: Bronzong
|-supereffective|p1a: Bronzong
|-damage|p1a: Bronzong|0 fnt
|faint|p1a: Bronzong
|
|upkeep
|c|☆chafemillr|lol
|c|☆chafemillr|i forgot i was terraed
|
|t:|1769390376
|switch|p1a: Rotom|Rotom-Heat|68/100
|turn|25
|
|t:|1769390381
|move|p1a: Rotom|Overheat|p2a: Zapdos
|-damage|p2a: Zapdos|13/100
|-unboost|p1a: Rotom|spa|2
|move|p2a: Zapdos|Hurricane|p1a: Rotom
|-resisted|p1a: Rotom
|-damage|p1a: Rotom|30/100
|
|upkeep
|turn|26
|
|t:|1769390391
|move|p1a: Rotom|Overheat|p2a: Zapdos
|-damage|p2a: Zapdos|0 fnt
|-unboost|p1a: Rotom|spa|2
|faint|p2a: Zapdos
|
|upkeep
|
|t:|1769390396
|switch|p2a: Rillaboom|Rillaboom, M|94/100
|-damage|p2a: Rillaboom|82/100|[from] Stealth Rock
|-fieldstart|move: Grassy Terrain|[from] ability: Grassy Surge|[of] p2a: Rillaboom
|turn|27
|
|t:|1769390411
|-terastallize|p2a: Rillaboom|Grass
|move|p2a: Rillaboom|Grassy Glide|p1a: Rotom
|-resisted|p1a: Rotom
|-damage|p1a: Rotom|0 fnt
|faint|p1a: Rotom
|
|-heal|p2a: Rillaboom|88/100|[from] Grassy Terrain
|upkeep
|
|t:|1769390419
|switch|p1a: Chimecho|Chimecho, M|29/100
|turn|28
|
|t:|1769390423
|move|p1a: Chimecho|Protect|p1a: Chimecho
|-singleturn|p1a: Chimecho|Protect
|move|p2a: Rillaboom|Grassy Glide|p1a: Chimecho
|-activate|p1a: Chimecho|move: Protect
|
|-heal|p2a: Rillaboom|94/100|[from] Grassy Terrain
|upkeep
|turn|29
|
|t:|1769390433
|move|p2a: Rillaboom|Grassy Glide|p1a: Chimecho
|-damage|p1a: Chimecho|0 fnt
|-damage|p2a: Rillaboom|78/100|[from] item: Rocky Helmet|[of] p1a: Chimecho
|faint|p1a: Chimecho
|
|-heal|p2a: Rillaboom|84/100|[from] Grassy Terrain
|upkeep
|
|t:|1769390444
|switch|p1a: Weezing|Weezing-Galar, M|25/100
|turn|30
|
|t:|1769390457
|move|p2a: Rillaboom|Grassy Glide|p1a: Weezing
|-resisted|p1a: Weezing
|-damage|p1a: Weezing|0 fnt
|faint|p1a: Weezing
|
|-heal|p2a: Rillaboom|90/100|[from] Grassy Terrain
|upkeep
|
|t:|1769390462
|switch|p1a: Flygon|Flygon, F|12/100
|turn|31
|c|☆chafemillr|gg
|c|☆kreepurebrawler|gg
|
|t:|1769390467
|move|p2a: Rillaboom|Grassy Glide|p1a: Flygon
|-damage|p1a: Flygon|0 fnt
|faint|p1a: Flygon
|
|win|kreepurebrawler
|raw|chafemillr's rating: 1198 &rarr; <strong>1177</strong><br />(-21 for losing)
|raw|kreepurebrawler's rating: 1250 &rarr; <strong>1271</strong><br />(+21 for winning)
|l|☆chafemillr
|player|p1|
|l|☆kreepurebrawler
|player|p2|
