|j|☆guineapigs103
|j|☆flibityjibity
|t:|1769297222
|gametype|singles
|player|p1|guineapigs103|alder|1095
|player|p2|flibityjibity|sabrina|1087
|gen|9
|tier|[Gen 9] OU
|rated|
|rule|HP Percentage Mod: HP is shown in percentages
|rule|Endless Battle Clause: Forcing endless battles is banned
|rule|Species Clause: Limit one of each Pokémon
|rule|OHKO Clause: OHKO moves are banned
|rule|Evasion Items Clause: Evasion items are banned
|rule|Evasion Moves Clause: Evasion moves are banned
|rule|Evasion Abilities Clause: Evasion abilities are banned
|rule|Sleep Moves Clause: Sleep-inducing moves are banned
|clearpoke
|poke|p1|Malamar, F|
|poke|p1|Quaquaval, M|
|poke|p1|Jolteon, M|
|poke|p1|Decidueye-Hisui, M|
|poke|p1|Samurott-Hisui, F|
|poke|p1|Charizard, F|
|poke|p2|Garchomp, F|
|poke|p2|Deoxys-Speed|
|poke|p2|Gholdengo|
|poke|p2|Kingambit, F|
|poke|p2|Ogerpon-Wellspring, F|
|poke|p2|Iron Valiant|
|teampreview
|
|t:|1769297230
|teamsize|p1|6
|teamsize|p2|6
|start
|switch|p1a: guineapig|Samurott-Hisui, F|100/100
|switch|p2a: Deoxys|Deoxys-Speed|100/100
|-ability|p2a: Deoxys|Pressure
|turn|1
|inactive|Battle timer is ON: inactive players will automatically lose when time's up. (requested by guineapigs103)
|
|t:|1769297243
|move|p2a: Deoxys|Taunt|p1a: guineapig
|-start|p1a: guineapig|move: Taunt
|move|p1a: guineapig|Ceaseless Edge|p2a: Deoxys
|-supereffective|p2a: Deoxys
|-damage|p2a: Deoxys|0 fnt
|-sidestart|p2: flibityjibity|Spikes
|faint|p2a: Deoxys
|
|upkeep
|j| Bigpurrmakeitpurr
|
|t:|1769297252
|switch|p2a: nuclear warhead|Ogerpon-Wellspring, F|100/100
|-damage|p2a: nuclear warhead|88/100|[from] Spikes
|turn|2
|
|t:|1769297258
|move|p2a: nuclear warhead|Knock Off|p1a: guineapig
|-resisted|p1a: guineapig
|-damage|p1a: guineapig|75/100
|-enditem|p1a: guineapig|Focus Sash|[from] move: Knock Off|[of] p2a: nuclear warhead
|move|p1a: guineapig|Knock Off|p2a: nuclear warhead
|-damage|p2a: nuclear warhead|49/100
|
|upkeep
|turn|3
|
|t:|1769297270
|move|p2a: nuclear warhead|Power Whip|p1a: guineapig|[miss]
|-miss|p2a: nuclear warhead|p1a: guineapig
|move|p1a: guineapig|Ceaseless Edge|p2a: nuclear warhead
|-damage|p2a: nuclear warhead|0 fnt
|-sidestart|p2: flibityjibity|Spikes
|faint|p2a: nuclear warhead
|
|-end|p1a: guineapig|move: Taunt
|upkeep
|
|t:|1769297278
|switch|p2a: da big c(laus)|Garchomp, F|100/100
|-damage|p2a: da big c(laus)|84/100|[from] Spikes
|turn|4
|
|t:|1769297285
|move|p2a: da big c(laus)|Scale Shot|p1a: guineapig
|-damage|p1a: guineapig|58/100
|-damage|p1a: guineapig|40/100
|-damage|p1a: guineapig|24/100
|-damage|p1a: guineapig|6/100
|-damage|p1a: guineapig|0 fnt
|faint|p1a: guineapig
|-hitcount|p1: guineapig|5
|-unboost|p2a: da big c(laus)|def|1
|-boost|p2a: da big c(laus)|spe|1
|
|upkeep
|
|t:|1769297295
|switch|p1a: electric dog|Jolteon, M|100/100
|turn|5
|
|t:|1769297303
|-terastallize|p1a: electric dog|Ice
|move|p2a: da big c(laus)|Scale Shot|p1a: electric dog
|-damage|p1a: electric dog|77/100
|-damage|p1a: electric dog|50/100
|-damage|p1a: electric dog|24/100
|-damage|p1a: electric dog|1/100
|-damage|p1a: electric dog|0 fnt
|faint|p1a: electric dog
|-hitcount|p1: electric dog|5
|-unboost|p2a: da big c(laus)|def|1
|-boost|p2a: da big c(laus)|spe|1
|
|upkeep
|
|t:|1769297311
|switch|p1a: salsa birb|Quaquaval, M|100/100
|turn|6
|
|t:|1769297330
|move|p2a: da big c(laus)|Scale Shot|p1a: salsa birb
|-damage|p1a: salsa birb|85/100
|-damage|p1a: salsa birb|72/100
|-damage|p1a: salsa birb|57/100
|-damage|p1a: salsa birb|42/100
|-damage|p1a: salsa birb|26/100
|-hitcount|p1a: salsa birb|5
|-unboost|p2a: da big c(laus)|def|1
|-boost|p2a: da big c(laus)|spe|1
|move|p1a: salsa birb|Ice Spinner|p2a: da big c(laus)
|-supereffective|p2a: da big c(laus)
|-damage|p2a: da big c(laus)|0 fnt
|-damage|p1a: salsa birb|13/100|[from] ability: Rough Skin|[of] p2a: da big c(laus)
|faint|p2a: da big c(laus)
|-ability|p1a: salsa birb|Moxie|boost
|-boost|p1a: salsa birb|atk|1
|
|upkeep
|
|t:|1769297337
|switch|p2a: dumbass|Kingambit, F|100/100
|-activate|p2a: dumbass|ability: Supreme Overlord
|-start|p2a: dumbass|fallen3|[silent]
|-item|p2a: dumbass|Air Balloon
|turn|7
|
|t:|1769297351
|switch|p1a: hoi i'm tem|Decidueye-Hisui, M|100/100
|move|p2a: dumbass|Sucker Punch||[still]
|-fail|p2a: dumbass
|
|upkeep
|turn|8
|
|t:|1769297363
|-end|p2a: dumbass|fallen3|[silent]
|switch|p2a: fortnite|Gholdengo|100/100
|-damage|p2a: fortnite|84/100|[from] Spikes
|move|p1a: hoi i'm tem|Triple Arrows|p2a: fortnite
|-supereffective|p2a: fortnite
|-damage|p2a: fortnite|0 fnt
|faint|p2a: fortnite
|
|upkeep
|
|t:|1769297371
|switch|p2a: Pete|Iron Valiant|100/100
|-damage|p2a: Pete|84/100|[from] Spikes
|-enditem|p2a: Pete|Booster Energy
|-activate|p2a: Pete|ability: Quark Drive|[fromitem]
|-start|p2a: Pete|quarkdrivespe
|turn|9
|
|t:|1769297385
|switch|p1a: i'mhere|Charizard, F|100/100
|move|p2a: Pete|Moonblast|p1a: i'mhere
|-resisted|p1a: i'mhere
|-damage|p1a: i'mhere|70/100
|-unboost|p1a: i'mhere|spa|1
|
|upkeep
|turn|10
|
|t:|1769297396
|move|p2a: Pete|Moonblast|p1a: i'mhere
|-resisted|p1a: i'mhere
|-damage|p1a: i'mhere|38/100
|move|p1a: i'mhere|Dragon Dance|p1a: i'mhere
|-boost|p1a: i'mhere|atk|1
|-boost|p1a: i'mhere|spe|1
|
|upkeep
|turn|11
|
|t:|1769297406
|-terastallize|p2a: Pete|Ghost
|move|p2a: Pete|Shadow Ball|p1a: i'mhere
|-damage|p1a: i'mhere|0 fnt
|faint|p1a: i'mhere
|
|upkeep
|
|t:|1769297415
|switch|p1a: icesceam|Malamar, F|100/100
|turn|12
|
|t:|1769297423
|move|p2a: Pete|Moonblast|p1a: icesceam
|-supereffective|p1a: icesceam
|-damage|p1a: icesceam|0 fnt
|faint|p1a: icesceam
|
|upkeep
|
|t:|1769297432
|switch|p1a: salsa birb|Quaquaval, M|13/100
|turn|13
|
|t:|1769297439
|move|p2a: Pete|Shadow Ball|p1a: salsa birb
|-damage|p1a: salsa birb|0 fnt
|faint|p1a: salsa birb
|
|upkeep
|
|t:|1769297443
|switch|p1a: hoi i'm tem|Decidueye-Hisui, M|100/100
|turn|14
|
|t:|1769297447
|move|p2a: Pete|Shadow Ball|p1a: hoi i'm tem
|-damage|p1a: hoi i'm tem|57/100
|move|p1a: hoi i'm tem|Triple Arrows|p2a: Pete
|-damage|p2a: Pete|0 fnt
|faint|p2a: Pete
|-end|p2a: Pete|Quark Drive|[silent]
|
|upkeep
|
|t:|1769297452
|switch|p2a: dumbass|Kingambit, F|100/100
|-activate|p2a: dumbass|ability: Supreme Overlord
|-start|p2a: dumbass|fallen5|[silent]
|-item|p2a: dumbass|Air Balloon
|turn|15
|
|t:|1769297457
|move|p2a: dumbass|Sucker Punch|p1a: hoi i'm tem
|-resisted|p1a: hoi i'm tem
|-damage|p1a: hoi i'm tem|17/100
|move|p1a: hoi i'm tem|Triple Arrows|p2a: dumbass
|-supereffective|p2a: dumbass
|-damage|p2a: dumbass|0 fnt
|-enditem|p2a: dumbass|Air Balloon
|faint|p2a: dumbass
|-end|p2a: dumbass|fallen5|[silent]
|
|win|guineapigs103
|raw|guineapigs103's rating: 1095 &rarr; <strong>1120</strong><br />(+25 for winning)
|raw|flibityjibity's rating: 1087 &rarr; <strong>1064</strong><br />(-23 for losing)
|c|☆guineapigs103|gg
|c|☆flibityjibity|gg
|l|☆flibityjibity
|player|p2|
