|j|☆skibidi but swole
|j|☆tymmx
|t:|1769432641
|gametype|singles
|player|p1|skibidi but swole|swimmer-gen4|1186
|player|p2|tymmx|hilda|1192
|gen|9
|tier|[Gen 9] OU
|rated|
|rule|HP Percentage Mod: HP is shown in percentages
|rule|Endless Battle Clause: Forcing endless battles is banned
|rule|Species Clause: Limit one of each Pokémon
|rule|OHKO Clause: OHKO moves are banned
|rule|Evasion Items Clause: Evasion items are banned
|rule|Evasion Moves Clause: Evasion moves are banned
|rule|Evasion Abilities Clause: Evasion abilities are banned
|rule|Sleep Moves Clause: Sleep-inducing moves are banned
|clearpoke
|poke|p1|Cinderace, F|
|poke|p1|Enamorus, F|
|poke|p1|Dragapult, F|
|poke|p1|Swampert, M|
|poke|p1|Gholdengo|
|poke|p1|Vikavolt, M|
|poke|p2|Heatran, F|
|poke|p2|Corviknight, M|
|poke|p2|Mimikyu, M|
|poke|p2|Landorus-Therian, M|
|poke|p2|Walking Wake|
|poke|p2|Meowscarada, M|
|teampreview
|
|t:|1769432670
|teamsize|p1|6
|teamsize|p2|6
|start
|switch|p1a: Bug|Vikavolt, M|100/100
|switch|p2a: Landorus|Landorus-Therian, M|100/100
|-ability|p2a: Landorus|Intimidate|boost
|-unboost|p1a: Bug|atk|1
|turn|1
|
|t:|1769432678
|move|p2a: Landorus|Stone Edge|p1a: Bug
|-supereffective|p1a: Bug
|-damage|p1a: Bug|18/100
|move|p1a: Bug|Sticky Web|p2a: Landorus
|-sidestart|p2: tymmx|move: Sticky Web
|
|upkeep
|turn|2
|
|t:|1769432686
|move|p2a: Landorus|Stone Edge|p1a: Bug
|-supereffective|p1a: Bug
|-damage|p1a: Bug|0 fnt
|faint|p1a: Bug
|
|upkeep
|
|t:|1769432691
|switch|p1a: Fish|Swampert, M|100/100
|turn|3
|
|t:|1769432720
|switch|p2a: Corviknight|Corviknight, M|100/100
|-ability|p2a: Corviknight|Unnerve
|move|p1a: Fish|Knock Off|p2a: Corviknight
|-damage|p2a: Corviknight|82/100
|-damage|p1a: Fish|84/100|[from] item: Rocky Helmet|[of] p2a: Corviknight
|-enditem|p2a: Corviknight|Rocky Helmet|[from] move: Knock Off|[of] p1a: Fish
|
|upkeep
|turn|4
|
|t:|1769432730
|switch|p1a: Pencil|Gholdengo|100/100
|move|p2a: Corviknight|U-turn|p1a: Pencil
|-resisted|p1a: Pencil
|-damage|p1a: Pencil|98/100
|-damage|p2a: Corviknight|65/100|[from] item: Rocky Helmet|[of] p1a: Pencil
|
|t:|1769432741
|switch|p2a: Heatran|Heatran, F|100/100|[from] U-turn
|-activate|p2a: Heatran|move: Sticky Web
|-unboost|p2a: Heatran|spe|1
|
|upkeep
|turn|5
|
|t:|1769432759
|switch|p1a: Fish|Swampert, M|84/100
|move|p2a: Heatran|Will-O-Wisp|p1a: Fish
|-status|p1a: Fish|brn
|
|-damage|p1a: Fish|78/100 brn|[from] brn
|upkeep
|turn|6
|
|t:|1769432778
|switch|p2a: Corviknight|Corviknight, M|65/100
|-ability|p2a: Corviknight|Unnerve
|move|p1a: Fish|Flip Turn|p2a: Corviknight
|-damage|p2a: Corviknight|57/100
|
|t:|1769432788
|switch|p1a: Pencil|Gholdengo|98/100|[from] Flip Turn
|
|upkeep
|turn|7
|
|t:|1769432799
|move|p1a: Pencil|Thunder Wave|p2a: Corviknight
|-status|p2a: Corviknight|par
|move|p2a: Corviknight|Roost|p2a: Corviknight
|-heal|p2a: Corviknight|100/100 par
|-singleturn|p2a: Corviknight|move: Roost
|
|upkeep
|turn|8
|
|t:|1769432806
|switch|p2a: Heatran|Heatran, F|100/100
|-activate|p2a: Heatran|move: Sticky Web
|-unboost|p2a: Heatran|spe|1
|move|p1a: Pencil|Thunder Wave|p2a: Heatran
|-status|p2a: Heatran|par
|
|upkeep
|turn|9
|
|t:|1769432819
|switch|p1a: Fish|Swampert, M|78/100 brn
|move|p2a: Heatran|Magma Storm|p1a: Fish
|-resisted|p1a: Fish
|-damage|p1a: Fish|65/100 brn
|-activate|p1a: Fish|move: Magma Storm|[of] p2a: Heatran
|
|-damage|p1a: Fish|59/100 brn|[from] brn
|-damage|p1a: Fish|47/100 brn|[from] move: Magma Storm|[partiallytrapped]
|upkeep
|turn|10
|
|t:|1769432843
|switch|p2a: Meowscarada|Meowscarada, M|100/100
|-activate|p2a: Meowscarada|move: Sticky Web
|-unboost|p2a: Meowscarada|spe|1
|move|p1a: Fish|Earthquake|p2a: Meowscarada
|-resisted|p2a: Meowscarada
|-damage|p2a: Meowscarada|82/100
|
|-damage|p1a: Fish|40/100 brn|[from] brn
|-end|p1a: Fish|Magma Storm|[partiallytrapped]|[silent]
|upkeep
|turn|11
|
|t:|1769432861
|move|p2a: Meowscarada|Flower Trick|p1a: Fish
|-start|p2a: Meowscarada|typechange|Grass|[from] ability: Protean
|-supereffective|p1a: Fish
|-crit|p1a: Fish
|-damage|p1a: Fish|0 fnt
|faint|p1a: Fish
|
|upkeep
|
|t:|1769432866
|switch|p1a: Rabbit|Cinderace, F|100/100
|turn|12
|
|t:|1769432872
|switch|p2a: Heatran|Heatran, F|100/100 par
|-activate|p2a: Heatran|move: Sticky Web
|-unboost|p2a: Heatran|spe|1
|move|p1a: Rabbit|U-turn|p2a: Heatran
|-resisted|p2a: Heatran
|-damage|p2a: Heatran|96/100 par
|
|t:|1769432881
|switch|p1a: Grandma|Enamorus, F|100/100|[from] U-turn
|
|-heal|p2a: Heatran|100/100 par|[from] item: Leftovers
|upkeep
|turn|13
|
|t:|1769432897
|move|p1a: Grandma|Earth Power|p2a: Heatran
|-supereffective|p2a: Heatran
|-damage|p2a: Heatran|0 fnt
|faint|p2a: Heatran
|
|upkeep
|
|t:|1769432911
|switch|p2a: Meowscarada|Meowscarada, M|82/100
|-activate|p2a: Meowscarada|move: Sticky Web
|-unboost|p2a: Meowscarada|spe|1
|turn|14
|
|t:|1769432918
|switch|p1a: Pencil|Gholdengo|98/100
|move|p2a: Meowscarada|Triple Axel|p1a: Pencil
|-start|p2a: Meowscarada|typechange|Ice|[from] ability: Protean
|-resisted|p1a: Pencil
|-damage|p1a: Pencil|93/100
|-damage|p2a: Meowscarada|66/100|[from] item: Rocky Helmet|[of] p1a: Pencil
|-hitcount|p1a: Pencil|1
|
|upkeep
|turn|15
|
|t:|1769432952
|switch|p2a: Landorus|Landorus-Therian, M|100/100
|-ability|p2a: Landorus|Intimidate|boost
|-unboost|p1a: Pencil|atk|1
|switch|p1a: Rabbit|Cinderace, F|100/100
|
|upkeep
|turn|16
|
|t:|1769432963
|move|p2a: Landorus|Stone Edge|p1a: Rabbit
|-supereffective|p1a: Rabbit
|-damage|p1a: Rabbit|0 fnt
|faint|p1a: Rabbit
|
|upkeep
|-message|skibidi but swole forfeited.
|
|win|tymmx
|raw|skibidi but swole's rating: 1186 &rarr; <strong>1161</strong><br />(-25 for losing)
|raw|tymmx's rating: 1192 &rarr; <strong>1217</strong><br />(+25 for winning)
|l|☆skibidi but swole
|player|p1|
|l|☆tymmx
|player|p2|
