|j|☆GreninjaMyFav
|j|☆no_dupes
|t:|1769407042
|gametype|singles
|player|p1|GreninjaMyFav|skyla|1528
|player|p2|no_dupes|brock-gen2|1542
|gen|9
|tier|[Gen 9] OU
|rated|
|rule|HP Percentage Mod: HP is shown in percentages
|rule|Endless Battle Clause: Forcing endless battles is banned
|rule|Species Clause: Limit one of each Pokémon
|rule|OHKO Clause: OHKO moves are banned
|rule|Evasion Items Clause: Evasion items are banned
|rule|Evasion Moves Clause: Evasion moves are banned
|rule|Evasion Abilities Clause: Evasion abilities are banned
|rule|Sleep Moves Clause: Sleep-inducing moves are banned
|clearpoke
|poke|p1|Rillaboom, M|
|poke|p1|Gholdengo|
|poke|p1|Greninja-*, M|
|poke|p1|Heatran, F|
|poke|p1|Great Tusk|
|poke|p1|Ogerpon, F|
|poke|p2|Great Tusk|
|poke|p2|Hatterene, F|
|poke|p2|Charizard, M|
|poke|p2|Goodra-Hisui, F|
|poke|p2|Walking Wake|
|poke|p2|Ninetales, F|
|teampreview
|
|t:|1769407050
|teamsize|p1|6
|teamsize|p2|6
|start
|switch|p1a: Greninja|Greninja, M|100/100
|switch|p2a: Goodra|Goodra-Hisui, F|100/100
|turn|1
|
|t:|1769407055
|move|p1a: Greninja|Spikes|p2a: Goodra
|-start|p1a: Greninja|typechange|Ground|[from] ability: Protean
|-sidestart|p2: no_dupes|Spikes
|move|p2a: Goodra|Knock Off|p1a: Greninja
|-damage|p1a: Greninja|68/100
|-enditem|p1a: Greninja|Choice Specs|[from] move: Knock Off|[of] p2a: Goodra
|
|upkeep
|turn|2
|
|t:|1769407062
|move|p1a: Greninja|Spikes|p2a: Goodra
|-sidestart|p2: no_dupes|Spikes
|move|p2a: Goodra|Flash Cannon|p1a: Greninja
|-damage|p1a: Greninja|4/100
|
|upkeep
|turn|3
|
|t:|1769407068
|move|p1a: Greninja|Spikes|p2a: Goodra
|-sidestart|p2: no_dupes|Spikes
|move|p2a: Goodra|Flash Cannon|p1a: Greninja
|-damage|p1a: Greninja|0 fnt
|faint|p1a: Greninja
|
|upkeep
|
|t:|1769407074
|switch|p1a: Great Tusk|Great Tusk|100/100
|turn|4
|
|t:|1769407080
|-end|p1a: Great Tusk|Protosynthesis|[silent]
|switch|p1a: Heatran|Heatran, F|100/100
|switch|p2a: Emperor|Charizard, M, shiny|100/100
|
|upkeep
|turn|5
|
|t:|1769407082
|move|p2a: Emperor|Scorching Sands|p1a: Heatran
|-supereffective|p1a: Heatran
|-damage|p1a: Heatran|12/100
|move|p1a: Heatran|Stealth Rock|p2a: Emperor
|-sidestart|p2: no_dupes|move: Stealth Rock
|
|-heal|p1a: Heatran|19/100|[from] item: Leftovers
|upkeep
|turn|6
|
|t:|1769407091
|switch|p1a: Gholdengo|Gholdengo|100/100
|-item|p1a: Gholdengo|Air Balloon
|move|p2a: Emperor|Scorching Sands|p1a: Gholdengo
|-immune|p1a: Gholdengo
|
|upkeep
|turn|7
|
|t:|1769407097
|switch|p2a: Goodra|Goodra-Hisui, F|100/100
|-damage|p2a: Goodra|76/100|[from] Spikes
|-damage|p2a: Goodra|70/100|[from] Stealth Rock
|move|p1a: Gholdengo|Thunder Wave|p2a: Goodra
|-status|p2a: Goodra|par
|
|upkeep
|turn|8
|
|t:|1769407099
|switch|p1a: Great Tusk|Great Tusk|100/100
|cant|p2a: Goodra|par
|
|upkeep
|turn|9
|
|t:|1769407104
|switch|p2a: Great Tusk|Great Tusk|100/100
|-damage|p2a: Great Tusk|76/100|[from] Spikes
|-damage|p2a: Great Tusk|73/100|[from] Stealth Rock
|move|p1a: Great Tusk|Headlong Rush|p2a: Great Tusk
|-damage|p2a: Great Tusk|41/100
|-unboost|p1a: Great Tusk|def|1
|-unboost|p1a: Great Tusk|spd|1
|
|-heal|p2a: Great Tusk|48/100|[from] item: Leftovers
|upkeep
|turn|10
|
|t:|1769407106
|-end|p1a: Great Tusk|Protosynthesis|[silent]
|switch|p1a: Gholdengo|Gholdengo|100/100
|-item|p1a: Gholdengo|Air Balloon
|move|p2a: Great Tusk|Ice Spinner|p1a: Gholdengo
|-resisted|p1a: Gholdengo
|-damage|p1a: Gholdengo|92/100
|-enditem|p1a: Gholdengo|Air Balloon
|
|-heal|p2a: Great Tusk|54/100|[from] item: Leftovers
|upkeep
|turn|11
|
|t:|1769407112
|-terastallize|p2a: Great Tusk|Water
|move|p1a: Gholdengo|Make It Rain|p2a: Great Tusk
|-resisted|p2a: Great Tusk
|-damage|p2a: Great Tusk|17/100
|-unboost|p1a: Gholdengo|spa|1
|move|p2a: Great Tusk|Headlong Rush|p1a: Gholdengo
|-supereffective|p1a: Gholdengo
|-damage|p1a: Gholdengo|15/100
|-unboost|p2a: Great Tusk|def|1
|-unboost|p2a: Great Tusk|spd|1
|
|-heal|p2a: Great Tusk|24/100|[from] item: Leftovers
|upkeep
|turn|12
|
|t:|1769407118
|move|p1a: Gholdengo|Hex|p2a: Great Tusk
|-damage|p2a: Great Tusk|0 fnt
|faint|p2a: Great Tusk
|-end|p2a: Great Tusk|Protosynthesis|[silent]
|
|upkeep
|
|t:|1769407120
|switch|p2a: Ninetales|Ninetales, F|100/100
|-damage|p2a: Ninetales|76/100|[from] Spikes
|-damage|p2a: Ninetales|51/100|[from] Stealth Rock
|-weather|SunnyDay|[from] ability: Drought|[of] p2a: Ninetales
|turn|13
|
|t:|1769407126
|move|p2a: Ninetales|Scorching Sands|p1a: Gholdengo
|-supereffective|p1a: Gholdengo
|-damage|p1a: Gholdengo|0 fnt
|faint|p1a: Gholdengo
|
|-weather|SunnyDay|[upkeep]
|upkeep
|
|t:|1769407131
|switch|p1a: Ogerpon|Ogerpon, F|100/100
|turn|14
|
|t:|1769407142
|switch|p2a: Hatterene|Hatterene, F|100/100
|-damage|p2a: Hatterene|76/100|[from] Spikes
|-damage|p2a: Hatterene|63/100|[from] Stealth Rock
|-terastallize|p1a: Ogerpon|Grass
|detailschange|p1a: Ogerpon|Ogerpon-Teal-Tera, F, tera:Grass
|-ability|p1a: Ogerpon|Embody Aspect (Teal)|boost
|-boost|p1a: Ogerpon|spe|1
|move|p1a: Ogerpon|Substitute|p1a: Ogerpon
|-start|p1a: Ogerpon|Substitute
|-damage|p1a: Ogerpon|76/100
|
|-weather|SunnyDay|[upkeep]
|-heal|p1a: Ogerpon|82/100|[from] item: Leftovers
|upkeep
|turn|15
|
|t:|1769407144
|move|p1a: Ogerpon|Swords Dance|p1a: Ogerpon
|-boost|p1a: Ogerpon|atk|2
|move|p2a: Hatterene|Psychic Noise|p1a: Ogerpon
|-damage|p1a: Ogerpon|45/100
|-start|p1a: Ogerpon|move: Heal Block
|
|-weather|SunnyDay|[upkeep]
|upkeep
|turn|16
|
|t:|1769407151
|move|p1a: Ogerpon|Ivy Cudgel|p2a: Hatterene
|-damage|p2a: Hatterene|0 fnt
|faint|p2a: Hatterene
|
|-weather|SunnyDay|[upkeep]
|-end|p1a: Ogerpon|move: Heal Block
|upkeep
|
|t:|1769407155
|switch|p2a: Emperor|Charizard, M, shiny|100/100
|-damage|p2a: Emperor|51/100|[from] Stealth Rock
|turn|17
|
|t:|1769407157
|move|p1a: Ogerpon|Knock Off|p2a: Emperor
|-damage|p2a: Emperor|0 fnt
|-enditem|p2a: Emperor|Choice Specs|[from] move: Knock Off|[of] p1a: Ogerpon
|faint|p2a: Emperor
|
|-weather|SunnyDay|[upkeep]
|-heal|p1a: Ogerpon|51/100|[from] item: Leftovers
|upkeep
|
|t:|1769407159
|switch|p2a: Goodra|Goodra-Hisui, F|70/100 par
|-damage|p2a: Goodra|45/100 par|[from] Spikes
|-damage|p2a: Goodra|39/100 par|[from] Stealth Rock
|turn|18
|
|t:|1769407163
|move|p1a: Ogerpon|Knock Off|p2a: Goodra
|-damage|p2a: Goodra|0 fnt
|-enditem|p2a: Goodra|Assault Vest|[from] move: Knock Off|[of] p1a: Ogerpon
|faint|p2a: Goodra
|
|-weather|SunnyDay|[upkeep]
|-heal|p1a: Ogerpon|57/100|[from] item: Leftovers
|upkeep
|
|t:|1769407165
|switch|p2a: Walking Wake|Walking Wake|100/100
|-damage|p2a: Walking Wake|76/100|[from] Spikes
|-damage|p2a: Walking Wake|63/100|[from] Stealth Rock
|-activate|p2a: Walking Wake|ability: Protosynthesis
|-start|p2a: Walking Wake|protosynthesisspe
|turn|19
|
|t:|1769407167
|move|p1a: Ogerpon|Ivy Cudgel|p2a: Walking Wake
|-damage|p2a: Walking Wake|0 fnt
|faint|p2a: Walking Wake
|-end|p2a: Walking Wake|Protosynthesis|[silent]
|
|-weather|SunnyDay|[upkeep]
|-heal|p1a: Ogerpon|63/100|[from] item: Leftovers
|upkeep
|
|t:|1769407170
|switch|p2a: Ninetales|Ninetales, F|51/100
|-damage|p2a: Ninetales|26/100|[from] Spikes
|-damage|p2a: Ninetales|2/100|[from] Stealth Rock
|turn|20
|
|t:|1769407172
|move|p1a: Ogerpon|Knock Off|p2a: Ninetales
|-damage|p2a: Ninetales|0 fnt
|-enditem|p2a: Ninetales|Heat Rock|[from] move: Knock Off|[of] p1a: Ogerpon
|faint|p2a: Ninetales
|
|win|GreninjaMyFav
|raw|GreninjaMyFav's rating: 1528 &rarr; <strong>1549</strong><br />(+21 for winning)
|raw|no_dupes's rating: 1542 &rarr; <strong>1521</strong><br />(-21 for losing)
|l|☆GreninjaMyFav
|player|p1|
