|j|☆Ronaldo_fan09122
|j|☆sikaleite
|t:|1769442665
|gametype|singles
|player|p1|Ronaldo_fan09122|102|1133
|player|p2|sikaleite|266|1095
|gen|9
|tier|[Gen 9] OU
|rated|
|rule|HP Percentage Mod: HP is shown in percentages
|rule|Endless Battle Clause: Forcing endless battles is banned
|rule|Species Clause: Limit one of each Pokémon
|rule|OHKO Clause: OHKO moves are banned
|rule|Evasion Items Clause: Evasion items are banned
|rule|Evasion Moves Clause: Evasion moves are banned
|rule|Evasion Abilities Clause: Evasion abilities are banned
|rule|Sleep Moves Clause: Sleep-inducing moves are banned
|clearpoke
|poke|p1|Ninetales-Alola, M|
|poke|p1|Ceruledge, F|
|poke|p1|Iron Treads|
|poke|p1|Raging Bolt|
|poke|p1|Quaquaval, M|
|poke|p1|Falinks|
|poke|p2|Meowscarada, F|
|poke|p2|Ceruledge, F|
|poke|p2|Kyurem|
|poke|p2|Great Tusk|
|poke|p2|Landorus-Therian, M|
|poke|p2|Hatterene, F|
|teampreview
|
|t:|1769442688
|teamsize|p1|6
|teamsize|p2|6
|start
|switch|p1a: Ninetales|Ninetales-Alola, M|100/100
|switch|p2a: Ceruledge|Ceruledge, F|100/100
|-weather|Snowscape|[from] ability: Snow Warning|[of] p1a: Ninetales
|turn|1
|
|t:|1769442698
|-terastallize|p2a: Ceruledge|Fire
|move|p2a: Ceruledge|Bitter Blade|p1a: Ninetales
|-supereffective|p1a: Ninetales
|-damage|p1a: Ninetales|18/100
|move|p1a: Ninetales|Aurora Veil|p1a: Ninetales
|-sidestart|p1: Ronaldo_fan09122|move: Aurora Veil
|
|-weather|Snowscape|[upkeep]
|upkeep
|turn|2
|
|t:|1769442721
|move|p2a: Ceruledge|Bitter Blade|p1a: Ninetales
|-supereffective|p1a: Ninetales
|-damage|p1a: Ninetales|0 fnt
|faint|p1a: Ninetales
|
|-weather|Snowscape|[upkeep]
|upkeep
|
|t:|1769442725
|switch|p1a: Falinks|Falinks|100/100
|turn|3
|
|t:|1769442745
|switch|p2a: Landorus|Landorus-Therian, M|100/100
|-ability|p2a: Landorus|Intimidate|boost
|-unboost|p1a: Falinks|atk|1
|-ability|p1a: Falinks|Defiant|boost
|-boost|p1a: Falinks|atk|2
|-terastallize|p1a: Falinks|Fighting
|move|p1a: Falinks|No Retreat|p1a: Falinks
|-boost|p1a: Falinks|atk|1
|-boost|p1a: Falinks|def|1
|-boost|p1a: Falinks|spa|1
|-boost|p1a: Falinks|spd|1
|-boost|p1a: Falinks|spe|1
|-start|p1a: Falinks|move: No Retreat
|
|-weather|Snowscape|[upkeep]
|upkeep
|turn|4
|
|t:|1769442764
|switch|p2a: Hatterene|Hatterene, F|100/100
|move|p1a: Falinks|Rock Slide|p2a: Hatterene
|-damage|p2a: Hatterene|54/100
|
|-weather|Snowscape|[upkeep]
|-heal|p2a: Hatterene|60/100|[from] item: Leftovers
|upkeep
|turn|5
|
|t:|1769442775
|move|p1a: Falinks|Knock Off|p2a: Hatterene
|-damage|p2a: Hatterene|2/100
|-enditem|p2a: Hatterene|Leftovers|[from] move: Knock Off|[of] p1a: Falinks
|move|p2a: Hatterene|Nuzzle|p1a: Falinks
|-damage|p1a: Falinks|99/100
|-status|p1a: Falinks|par
|
|-weather|none
|-heal|p1a: Falinks|100/100 par|[from] item: Leftovers
|upkeep
|turn|6
|
|t:|1769442788
|move|p1a: Falinks|Rock Slide|p2a: Hatterene
|-damage|p2a: Hatterene|0 fnt
|faint|p2a: Hatterene
|
|upkeep
|
|t:|1769442803
|switch|p2a: Landorus|Landorus-Therian, M|100/100
|-ability|p2a: Landorus|Intimidate|boost
|-unboost|p1a: Falinks|atk|1
|-ability|p1a: Falinks|Defiant|boost
|-boost|p1a: Falinks|atk|2
|turn|7
|
|t:|1769442812
|move|p2a: Landorus|Earthquake|p1a: Falinks
|-damage|p1a: Falinks|75/100 par
|move|p1a: Falinks|Rock Slide|p2a: Landorus|[miss]
|-miss|p1a: Falinks|p2a: Landorus
|
|-heal|p1a: Falinks|81/100 par|[from] item: Leftovers
|upkeep
|turn|8
|
|t:|1769442824
|move|p2a: Landorus|Earthquake|p1a: Falinks
|-damage|p1a: Falinks|59/100 par
|move|p1a: Falinks|Rock Slide|p2a: Landorus|[miss]
|-miss|p1a: Falinks|p2a: Landorus
|
|-heal|p1a: Falinks|65/100 par|[from] item: Leftovers
|-sideend|p1: Ronaldo_fan09122|move: Aurora Veil
|upkeep
|turn|9
|
|t:|1769442835
|move|p2a: Landorus|Earthquake|p1a: Falinks
|-damage|p1a: Falinks|18/100 par
|move|p1a: Falinks|Knock Off|p2a: Landorus
|-damage|p2a: Landorus|17/100
|-damage|p1a: Falinks|2/100 par|[from] item: Rocky Helmet|[of] p2a: Landorus
|-enditem|p2a: Landorus|Rocky Helmet|[from] move: Knock Off|[of] p1a: Falinks
|
|-heal|p1a: Falinks|8/100 par|[from] item: Leftovers
|upkeep
|turn|10
|
|t:|1769442846
|move|p2a: Landorus|Earthquake|p1a: Falinks
|-damage|p1a: Falinks|0 fnt
|faint|p1a: Falinks
|
|upkeep
|
|t:|1769442858
|switch|p1a: Quaquaval|Quaquaval, M|100/100
|turn|11
|
|t:|1769442868
|move|p2a: Landorus|U-turn|p1a: Quaquaval
|-resisted|p1a: Quaquaval
|-damage|p1a: Quaquaval|82/100
|
|t:|1769442872
|switch|p2a: Kyurem|Kyurem|100/100|[from] U-turn
|-ability|p2a: Kyurem|Pressure
|move|p1a: Quaquaval|Swords Dance|p1a: Quaquaval
|-boost|p1a: Quaquaval|atk|2
|
|upkeep
|turn|12
|
|t:|1769442884
|move|p2a: Kyurem|Freeze-Dry|p1a: Quaquaval
|-supereffective|p1a: Quaquaval
|-damage|p1a: Quaquaval|0 fnt
|faint|p1a: Quaquaval
|-damage|p2a: Kyurem|91/100|[from] item: Life Orb
|
|upkeep
|
|t:|1769442890
|switch|p1a: Ceruledge|Ceruledge, F|100/100
|turn|13
|
|t:|1769442895
|switch|p2a: Ceruledge|Ceruledge, F, tera:Fire|100/100
|move|p1a: Ceruledge|Swords Dance|p1a: Ceruledge
|-boost|p1a: Ceruledge|atk|2
|
|upkeep
|turn|14
|
|t:|1769442905
|move|p1a: Ceruledge|Shadow Sneak|p2a: Ceruledge
|-damage|p2a: Ceruledge|42/100
|move|p2a: Ceruledge|Poltergeist|p1a: Ceruledge
|-activate|p1a: Ceruledge|move: Poltergeist|Focus Sash
|-supereffective|p1a: Ceruledge
|-enditem|p1a: Ceruledge|Focus Sash
|-damage|p1a: Ceruledge|1/100
|-ability|p1a: Ceruledge|Weak Armor|boost
|-unboost|p1a: Ceruledge|def|1
|-boost|p1a: Ceruledge|spe|2
|
|upkeep
|turn|15
|
|t:|1769442918
|move|p1a: Ceruledge|Shadow Sneak|p2a: Ceruledge
|-damage|p2a: Ceruledge|0 fnt
|faint|p2a: Ceruledge
|
|upkeep
|
|t:|1769442926
|switch|p2a: Great Tusk|Great Tusk|100/100
|-enditem|p2a: Great Tusk|Booster Energy
|-activate|p2a: Great Tusk|ability: Protosynthesis|[fromitem]
|-start|p2a: Great Tusk|protosynthesisatk
|turn|16
|
|t:|1769442949
|move|p1a: Ceruledge|Bitter Blade|p2a: Great Tusk
|-damage|p2a: Great Tusk|29/100
|-heal|p1a: Ceruledge|47/100|[from] drain|[of] p2a: Great Tusk
|move|p2a: Great Tusk|Earthquake|p1a: Ceruledge
|-supereffective|p1a: Ceruledge
|-damage|p1a: Ceruledge|0 fnt
|faint|p1a: Ceruledge
|
|upkeep
|
|t:|1769442953
|switch|p1a: Iron Treads|Iron Treads|100/100
|turn|17
|
|t:|1769442964
|move|p2a: Great Tusk|Earthquake|p1a: Iron Treads
|-supereffective|p1a: Iron Treads
|-damage|p1a: Iron Treads|16/100
|move|p1a: Iron Treads|Rapid Spin|p2a: Great Tusk
|-damage|p2a: Great Tusk|19/100
|-boost|p1a: Iron Treads|spe|1
|
|upkeep
|turn|18
|
|t:|1769442983
|-end|p2a: Great Tusk|Protosynthesis|[silent]
|switch|p2a: Landorus|Landorus-Therian, M|17/100
|-ability|p2a: Landorus|Intimidate|boost
|-unboost|p1a: Iron Treads|atk|1
|move|p1a: Iron Treads|Earthquake|p2a: Landorus
|-immune|p2a: Landorus
|
|upkeep
|turn|19
|
|t:|1769442993
|move|p1a: Iron Treads|Ice Spinner|p2a: Landorus
|-supereffective|p2a: Landorus
|-damage|p2a: Landorus|0 fnt
|faint|p2a: Landorus
|
|upkeep
|
|t:|1769443001
|switch|p2a: Kyurem|Kyurem|91/100
|-ability|p2a: Kyurem|Pressure
|turn|20
|
|t:|1769443013
|move|p1a: Iron Treads|Earthquake|p2a: Kyurem
|-damage|p2a: Kyurem|67/100
|move|p2a: Kyurem|Earth Power|p1a: Iron Treads
|-supereffective|p1a: Iron Treads
|-damage|p1a: Iron Treads|0 fnt
|faint|p1a: Iron Treads
|-end|p1a: Iron Treads|Quark Drive|[silent]
|-damage|p2a: Kyurem|57/100|[from] item: Life Orb
|
|upkeep
|
|t:|1769443016
|switch|p1a: Raging Bolt|Raging Bolt|100/100
|-enditem|p1a: Raging Bolt|Booster Energy
|-activate|p1a: Raging Bolt|ability: Protosynthesis|[fromitem]
|-start|p1a: Raging Bolt|protosynthesisspa
|turn|21
|
|t:|1769443029
|move|p2a: Kyurem|Earth Power|p1a: Raging Bolt
|-supereffective|p1a: Raging Bolt
|-damage|p1a: Raging Bolt|31/100
|-damage|p2a: Kyurem|47/100|[from] item: Life Orb
|move|p1a: Raging Bolt|Dragon Pulse|p2a: Kyurem
|-supereffective|p2a: Kyurem
|-crit|p2a: Kyurem
|-damage|p2a: Kyurem|0 fnt
|faint|p2a: Kyurem
|
|upkeep
|
|t:|1769443042
|switch|p2a: Meowscarada|Meowscarada, F|100/100
|turn|22
|
|t:|1769443052
|move|p1a: Raging Bolt|Thunderclap|p2a: Meowscarada
|-resisted|p2a: Meowscarada
|-damage|p2a: Meowscarada|57/100
|move|p2a: Meowscarada|Flower Trick|p1a: Raging Bolt
|-start|p2a: Meowscarada|typechange|Grass|[from] ability: Protean
|-resisted|p1a: Raging Bolt
|-crit|p1a: Raging Bolt
|-damage|p1a: Raging Bolt|9/100
|
|upkeep
|turn|23
|-message|Ronaldo_fan09122 forfeited.
|
|win|sikaleite
|raw|Ronaldo_fan09122's rating: 1133 &rarr; <strong>1105</strong><br />(-28 for losing)
|raw|sikaleite's rating: 1095 &rarr; <strong>1124</strong><br />(+29 for winning)
|l|☆Ronaldo_fan09122
|player|p1|
|j|☆Ronaldo_fan09122
|player|p1|Ronaldo_fan09122|102|
|l|☆sikaleite
|player|p2|
