|j|☆GothPunchingBag
|j|☆Lady Monica333
|t:|1769431816
|gametype|singles
|player|p1|GothPunchingBag|shauntal|1281
|player|p2|Lady Monica333|dragontamer-gen9|1264
|gen|9
|tier|[Gen 9] OU
|rated|
|rule|HP Percentage Mod: HP is shown in percentages
|rule|Endless Battle Clause: Forcing endless battles is banned
|rule|Species Clause: Limit one of each Pokémon
|rule|OHKO Clause: OHKO moves are banned
|rule|Evasion Items Clause: Evasion items are banned
|rule|Evasion Moves Clause: Evasion moves are banned
|rule|Evasion Abilities Clause: Evasion abilities are banned
|rule|Sleep Moves Clause: Sleep-inducing moves are banned
|clearpoke
|poke|p1|Iron Valiant|
|poke|p1|Fezandipiti, M|
|poke|p1|Tinkaton, F|
|poke|p1|Meowscarada, M|
|poke|p1|Greninja-*, F|
|poke|p1|Kingambit, F|
|poke|p2|Hatterene, F|
|poke|p2|Ursaluna, M|
|poke|p2|Porygon2|
|poke|p2|Cresselia, F|
|poke|p2|Iron Hands|
|poke|p2|Volcanion|
|teampreview
|
|t:|1769431821
|teamsize|p1|6
|teamsize|p2|6
|start
|switch|p1a: austism|Tinkaton, F|100/100
|switch|p2a: TARS|Porygon2|100/100
|-item|p1a: austism|Air Balloon
|-ability|p2a: TARS|Download|boost
|-boost|p2a: TARS|atk|1
|turn|1
|
|t:|1769431828
|move|p1a: austism|Stealth Rock|p2a: TARS
|-sidestart|p2: Lady Monica333|move: Stealth Rock
|move|p2a: TARS|Trick Room|p2a: TARS
|-fieldstart|move: Trick Room|[of] p2a: TARS
|
|upkeep
|turn|2
|
|t:|1769431833
|move|p2a: TARS|Ice Beam|p1a: austism
|-resisted|p1a: austism
|-damage|p1a: austism|89/100
|-status|p1a: austism|frz
|-enditem|p1a: austism|Air Balloon
|cant|p1a: austism|frz
|
|upkeep
|turn|3
|
|t:|1769431841
|-terastallize|p2a: TARS|Ground
|move|p2a: TARS|Tera Blast|p1a: austism|[anim] Tera Blast Ground
|-supereffective|p1a: austism
|-damage|p1a: austism|15/100 frz
|cant|p1a: austism|frz
|
|upkeep
|turn|4
|
|t:|1769431849
|move|p2a: TARS|Tera Blast|p1a: austism|[anim] Tera Blast Ground
|-supereffective|p1a: austism
|-damage|p1a: austism|0 fnt
|faint|p1a: austism
|
|upkeep
|
|t:|1769431858
|switch|p1a: overcompensation|Kingambit, F|100/100
|-activate|p1a: overcompensation|ability: Supreme Overlord
|-start|p1a: overcompensation|fallen1|[silent]
|turn|5
|
|t:|1769431866
|-terastallize|p1a: overcompensation|Dark
|move|p2a: TARS|Tera Blast|p1a: overcompensation|[anim] Tera Blast Ground
|-damage|p1a: overcompensation|65/100
|move|p1a: overcompensation|Kowtow Cleave|p2a: TARS
|-damage|p2a: TARS|38/100
|
|-fieldend|move: Trick Room
|upkeep
|turn|6
|
|t:|1769431877
|move|p1a: overcompensation|Kowtow Cleave|p2a: TARS
|-damage|p2a: TARS|0 fnt
|faint|p2a: TARS
|
|upkeep
|
|t:|1769431884
|switch|p2a: Brand|Hatterene, F, shiny|100/100
|-damage|p2a: Brand|88/100|[from] Stealth Rock
|turn|7
|
|t:|1769431891
|move|p1a: overcompensation|Iron Head|p2a: Brand
|-supereffective|p2a: Brand
|-damage|p2a: Brand|0 fnt
|faint|p2a: Brand
|
|upkeep
|
|t:|1769431895
|switch|p2a: Mann|Ursaluna, M|100/100
|-damage|p2a: Mann|94/100|[from] Stealth Rock
|turn|8
|
|t:|1769431901
|move|p2a: Mann|Protect|p2a: Mann
|-singleturn|p2a: Mann|Protect
|move|p1a: overcompensation|Swords Dance|p1a: overcompensation
|-boost|p1a: overcompensation|atk|2
|
|-status|p2a: Mann|brn|[from] item: Flame Orb
|upkeep
|turn|9
|
|t:|1769431907
|move|p2a: Mann|Facade|p1a: overcompensation
|-damage|p1a: overcompensation|0 fnt
|faint|p1a: overcompensation
|-end|p1a: overcompensation|fallen1|[silent]
|
|-damage|p2a: Mann|88/100 brn|[from] brn
|upkeep
|
|t:|1769431912
|switch|p1a: CRAWLING IN|Greninja, F|100/100
|turn|10
|
|t:|1769431918
|move|p1a: CRAWLING IN|Surf|p2a: Mann
|-start|p1a: CRAWLING IN|typechange|Water|[from] ability: Protean
|-supereffective|p2a: Mann
|-damage|p2a: Mann|0 fnt
|faint|p2a: Mann
|
|upkeep
|
|t:|1769431922
|switch|p2a: Miller|Cresselia, F, shiny|100/100
|-damage|p2a: Miller|88/100|[from] Stealth Rock
|turn|11
|
|t:|1769431932
|move|p1a: CRAWLING IN|Surf|p2a: Miller
|-damage|p2a: Miller|53/100
|move|p2a: Miller|Trick Room|p2a: Miller
|-fieldstart|move: Trick Room|[of] p2a: Miller
|
|upkeep
|turn|12
|
|t:|1769431943
|switch|p2a: Saturn|Volcanion|100/100
|-damage|p2a: Saturn|76/100|[from] Stealth Rock
|move|p1a: CRAWLING IN|Surf|p2a: Saturn
|-heal|p2a: Saturn|100/100|[from] ability: Water Absorb|[of] p1a: CRAWLING IN
|
|upkeep
|turn|13
|
|t:|1769431954
|switch|p1a: wings|Fezandipiti, M|100/100
|move|p2a: Saturn|Sludge Bomb|p1a: wings
|-crit|p1a: wings
|-damage|p1a: wings|47/100
|
|upkeep
|turn|14
|
|t:|1769431976
|move|p2a: Saturn|Sludge Bomb|p1a: wings
|-damage|p1a: wings|12/100
|move|p1a: wings|Beat Up|p2a: Saturn
|-damage|p2a: Saturn|97/100
|-damage|p2a: Saturn|94/100
|-damage|p2a: Saturn|91/100
|-status|p2a: Saturn|tox|[from] ability: Toxic Chain|[of] p1a: wings
|-crit|p2a: Saturn
|-damage|p2a: Saturn|86/100 tox
|-hitcount|p2a: Saturn|4
|
|-damage|p2a: Saturn|80/100 tox|[from] psn
|upkeep
|turn|15
|
|t:|1769431986
|move|p2a: Saturn|Sludge Bomb|p1a: wings
|-damage|p1a: wings|0 fnt
|faint|p1a: wings
|
|-damage|p2a: Saturn|67/100 tox|[from] psn
|-fieldend|move: Trick Room
|upkeep
|
|t:|1769431990
|switch|p1a: bedside companion|Meowscarada, M|100/100
|turn|16
|
|t:|1769431993
|switch|p2a: CASE|Iron Hands|100/100
|-damage|p2a: CASE|94/100|[from] Stealth Rock
|-enditem|p2a: CASE|Booster Energy
|-activate|p2a: CASE|ability: Quark Drive|[fromitem]
|-start|p2a: CASE|quarkdriveatk
|move|p1a: bedside companion|Knock Off|p2a: CASE
|-start|p1a: bedside companion|typechange|Dark|[from] ability: Protean
|-resisted|p2a: CASE
|-damage|p2a: CASE|86/100
|
|upkeep
|turn|17
|
|t:|1769432002
|move|p1a: bedside companion|Play Rough|p2a: CASE
|-supereffective|p2a: CASE
|-damage|p2a: CASE|52/100
|move|p2a: CASE|Drain Punch|p1a: bedside companion
|-supereffective|p1a: bedside companion
|-damage|p1a: bedside companion|0 fnt
|-heal|p2a: CASE|81/100|[from] drain|[of] p1a: bedside companion
|faint|p1a: bedside companion
|
|upkeep
|
|t:|1769432006
|switch|p1a: gender envy|Iron Valiant|100/100
|-enditem|p1a: gender envy|Booster Energy
|-activate|p1a: gender envy|ability: Quark Drive|[fromitem]
|-start|p1a: gender envy|quarkdrivespe
|turn|18
|
|t:|1769432012
|move|p1a: gender envy|Moonblast|p2a: CASE
|-supereffective|p2a: CASE
|-crit|p2a: CASE
|-damage|p2a: CASE|0 fnt
|faint|p2a: CASE
|-end|p2a: CASE|Quark Drive|[silent]
|
|upkeep
|
|t:|1769432015
|switch|p2a: Miller|Cresselia, F, shiny|53/100
|-damage|p2a: Miller|41/100|[from] Stealth Rock
|turn|19
|
|t:|1769432018
|move|p1a: gender envy|Moonblast|p2a: Miller
|-damage|p2a: Miller|12/100
|move|p2a: Miller|Trick Room|p2a: Miller
|-fieldstart|move: Trick Room|[of] p2a: Miller
|
|upkeep
|turn|20
|
|t:|1769432027
|move|p2a: Miller|Lunar Dance|p2a: Miller
|faint|p2a: Miller
|move|p1a: gender envy|Moonblast|p2: Miller|[notarget]
|-fail|p1a: gender envy
|
|upkeep
|
|t:|1769432029
|switch|p2a: Saturn|Volcanion|67/100 tox
|-heal|p2a: Saturn|100/100|[from] move: Lunar Dance
|-damage|p2a: Saturn|76/100|[from] Stealth Rock
|turn|21
|
|t:|1769432046
|move|p2a: Saturn|Sludge Bomb|p1a: gender envy
|-supereffective|p1a: gender envy
|-crit|p1a: gender envy
|-damage|p1a: gender envy|0 fnt
|faint|p1a: gender envy
|-end|p1a: gender envy|Quark Drive|[silent]
|
|upkeep
|
|t:|1769432049
|switch|p1a: CRAWLING IN|Greninja, F|100/100
|turn|22
|
|t:|1769432053
|move|p2a: Saturn|Sludge Bomb|p1a: CRAWLING IN
|-damage|p1a: CRAWLING IN|17/100
|-status|p1a: CRAWLING IN|psn
|move|p1a: CRAWLING IN|Gunk Shot|p2a: Saturn
|-start|p1a: CRAWLING IN|typechange|Poison|[from] ability: Protean
|-damage|p2a: Saturn|43/100
|
|-damage|p1a: CRAWLING IN|5/100 psn|[from] psn
|upkeep
|turn|23
|
|t:|1769432064
|move|p2a: Saturn|Sludge Bomb|p1a: CRAWLING IN
|-resisted|p1a: CRAWLING IN
|-damage|p1a: CRAWLING IN|0 fnt
|faint|p1a: CRAWLING IN
|
|win|Lady Monica333
|raw|GothPunchingBag's rating: 1281 &rarr; <strong>1255</strong><br />(-26 for losing)
|raw|Lady Monica333's rating: 1264 &rarr; <strong>1290</strong><br />(+26 for winning)
|l|☆GothPunchingBag
|player|p1|
