|j|☆terrorstriker258
|j|☆borill
|t:|1769320720
|gametype|singles
|player|p1|terrorstriker258|102|1153
|player|p2|borill|170|1149
|gen|9
|tier|[Gen 9] OU
|rated|
|rule|HP Percentage Mod: HP is shown in percentages
|rule|Endless Battle Clause: Forcing endless battles is banned
|rule|Species Clause: Limit one of each Pokémon
|rule|OHKO Clause: OHKO moves are banned
|rule|Evasion Items Clause: Evasion items are banned
|rule|Evasion Moves Clause: Evasion moves are banned
|rule|Evasion Abilities Clause: Evasion abilities are banned
|rule|Sleep Moves Clause: Sleep-inducing moves are banned
|clearpoke
|poke|p1|Garchomp, F|
|poke|p1|Dragapult, M|
|poke|p1|Gholdengo|
|poke|p1|Corviknight, F|
|poke|p1|Iron Moth|
|poke|p1|Raging Bolt|
|poke|p2|Moltres|
|poke|p2|Zapdos|
|poke|p2|Articuno|
|poke|p2|Entei|
|poke|p2|Suicune|
|poke|p2|Raikou|
|teampreview
|inactive|Battle timer is ON: inactive players will automatically lose when time's up. (requested by terrorstriker258)
|
|t:|1769320729
|teamsize|p1|6
|teamsize|p2|6
|start
|switch|p1a: Garchomp|Garchomp, F|100/100
|switch|p2a: Hot Birb|Moltres|100/100
|turn|1
|
|t:|1769320743
|switch|p1a: Dragapult|Dragapult, M|100/100
|move|p2a: Hot Birb|U-turn|p1a: Dragapult
|-resisted|p1a: Dragapult
|-damage|p1a: Dragapult|90/100
|
|t:|1769320748
|switch|p2a: Cold Birb|Articuno|100/100|[from] U-turn
|-ability|p2a: Cold Birb|Pressure
|
|upkeep
|turn|2
|
|t:|1769320756
|switch|p1a: Iron Moth|Iron Moth|100/100
|-enditem|p1a: Iron Moth|Booster Energy
|-activate|p1a: Iron Moth|ability: Quark Drive|[fromitem]
|-start|p1a: Iron Moth|quarkdrivespa
|move|p2a: Cold Birb|Freeze-Dry|p1a: Iron Moth
|-resisted|p1a: Iron Moth
|-damage|p1a: Iron Moth|88/100
|
|upkeep
|turn|3
|
|t:|1769320767
|move|p1a: Iron Moth|Fiery Dance|p2a: Cold Birb
|-supereffective|p2a: Cold Birb
|-damage|p2a: Cold Birb|38/100
|-enditem|p2a: Cold Birb|Sitrus Berry|[eat]
|-heal|p2a: Cold Birb|63/100|[from] item: Sitrus Berry
|move|p2a: Cold Birb|U-turn|p1a: Iron Moth
|-resisted|p1a: Iron Moth
|-damage|p1a: Iron Moth|83/100
|
|t:|1769320778
|switch|p2a: Wet Dog|Suicune|100/100|[from] U-turn
|-ability|p2a: Wet Dog|Pressure
|
|upkeep
|turn|4
|inactive|terrorstriker258 has 120 seconds left.
|c|☆borill|How's your day going?
|
|t:|1769320824
|move|p1a: Iron Moth|Energy Ball|p2a: Wet Dog
|-supereffective|p2a: Wet Dog
|-damage|p2a: Wet Dog|38/100
|move|p2a: Wet Dog|Calm Mind|p2a: Wet Dog
|-boost|p2a: Wet Dog|spa|1
|-boost|p2a: Wet Dog|spd|1
|
|-heal|p2a: Wet Dog|44/100|[from] item: Leftovers
|upkeep
|turn|5
|
|t:|1769320837
|-end|p1a: Iron Moth|Quark Drive|[silent]
|switch|p1a: Dragapult|Dragapult, M|90/100
|move|p2a: Wet Dog|Protect||[still]
|-fail|p2a: Wet Dog
|
|-heal|p2a: Wet Dog|50/100|[from] item: Leftovers
|upkeep
|turn|6
|c|☆terrorstriker258|not bad not terrible
|c|☆terrorstriker258|you ??
|
|t:|1769320851
|move|p1a: Dragapult|Thunderbolt|p2a: Wet Dog
|-supereffective|p2a: Wet Dog
|-damage|p2a: Wet Dog|23/100
|move|p2a: Wet Dog|Calm Mind|p2a: Wet Dog
|-boost|p2a: Wet Dog|spa|1
|-boost|p2a: Wet Dog|spd|1
|
|-heal|p2a: Wet Dog|29/100|[from] item: Leftovers
|upkeep
|turn|7
|c|☆borill|comme ci comme ca
|
|t:|1769320860
|move|p2a: Wet Dog|Protect|p2a: Wet Dog
|-singleturn|p2a: Wet Dog|Protect
|move|p1a: Dragapult|Thunderbolt|p2a: Wet Dog
|-activate|p2a: Wet Dog|move: Protect
|
|-heal|p2a: Wet Dog|35/100|[from] item: Leftovers
|upkeep
|turn|8
|
|t:|1769320872
|move|p1a: Dragapult|Thunderbolt|p2a: Wet Dog
|-supereffective|p2a: Wet Dog
|-crit|p2a: Wet Dog
|-damage|p2a: Wet Dog|0 fnt
|faint|p2a: Wet Dog
|
|upkeep
|
|t:|1769320880
|switch|p2a: Spizy Birb|Zapdos|100/100
|turn|9
|
|t:|1769320888
|move|p1a: Dragapult|Dragon Pulse|p2a: Spizy Birb
|-damage|p2a: Spizy Birb|57/100
|move|p2a: Spizy Birb|Volt Switch|p1a: Dragapult
|-resisted|p1a: Dragapult
|-damage|p1a: Dragapult|65/100
|
|t:|1769320894
|switch|p2a: Hot Dog|Entei|100/100|[from] Volt Switch
|
|upkeep
|turn|10
|
|t:|1769320906
|move|p1a: Dragapult|Dragon Pulse|p2a: Hot Dog
|-damage|p2a: Hot Dog|52/100
|move|p2a: Hot Dog|Stone Edge|p1a: Dragapult
|-damage|p1a: Dragapult|13/100
|
|upkeep
|turn|11
|
|t:|1769320914
|move|p2a: Hot Dog|Extreme Speed|p1a: Dragapult
|-immune|p1a: Dragapult
|move|p1a: Dragapult|Dragon Pulse|p2a: Hot Dog
|-damage|p2a: Hot Dog|4/100
|
|upkeep
|turn|12
|
|t:|1769320924
|switch|p2a: Cold Birb|Articuno|63/100
|-ability|p2a: Cold Birb|Pressure
|move|p1a: Dragapult|Dragon Pulse|p2a: Cold Birb
|-damage|p2a: Cold Birb|41/100
|
|upkeep
|turn|13
|c|☆terrorstriker258|wee
|
|t:|1769320933
|move|p1a: Dragapult|Flamethrower|p2a: Cold Birb
|-supereffective|p2a: Cold Birb
|-damage|p2a: Cold Birb|8/100
|move|p2a: Cold Birb|Roost|p2a: Cold Birb
|-heal|p2a: Cold Birb|58/100
|-singleturn|p2a: Cold Birb|move: Roost
|
|upkeep
|turn|14
|
|t:|1769320945
|move|p1a: Dragapult|Thunderbolt|p2a: Cold Birb
|-supereffective|p2a: Cold Birb
|-damage|p2a: Cold Birb|27/100
|move|p2a: Cold Birb|Freeze-Dry|p1a: Dragapult
|-supereffective|p1a: Dragapult
|-damage|p1a: Dragapult|0 fnt
|faint|p1a: Dragapult
|
|upkeep
|
|t:|1769320954
|switch|p1a: Iron Moth|Iron Moth|83/100
|turn|15
|
|t:|1769320965
|switch|p2a: Hot Birb|Moltres|100/100
|move|p1a: Iron Moth|Fiery Dance|p2a: Hot Birb
|-resisted|p2a: Hot Birb
|-damage|p2a: Hot Birb|78/100
|-boost|p1a: Iron Moth|spa|1
|
|-heal|p2a: Hot Birb|84/100|[from] item: Leftovers
|upkeep
|turn|16
|
|t:|1769320975
|move|p1a: Iron Moth|Fiery Dance|p2a: Hot Birb
|-resisted|p2a: Hot Birb
|-damage|p2a: Hot Birb|51/100
|move|p2a: Hot Birb|Roar|p1a: Iron Moth
|-end|p1a: Iron Moth|Quark Drive|[silent]
|drag|p1a: Raging Bolt|Raging Bolt|100/100
|-enditem|p1a: Raging Bolt|Booster Energy
|-activate|p1a: Raging Bolt|ability: Protosynthesis|[fromitem]
|-start|p1a: Raging Bolt|protosynthesisspa
|
|-heal|p2a: Hot Birb|57/100|[from] item: Leftovers
|upkeep
|turn|17
|
|t:|1769320989
|move|p1a: Raging Bolt|Thunderclap||[still]
|-fail|p1a: Raging Bolt
|move|p2a: Hot Birb|Roost|p2a: Hot Birb
|-heal|p2a: Hot Birb|100/100
|-singleturn|p2a: Hot Birb|move: Roost
|
|upkeep
|turn|18
|
|t:|1769320996
|move|p2a: Hot Birb|U-turn|p1a: Raging Bolt
|-damage|p1a: Raging Bolt|88/100
|
|t:|1769321000
|switch|p2a: Spizy Dog|Raikou|100/100|[from] U-turn
|-ability|p2a: Spizy Dog|Pressure
|move|p1a: Raging Bolt|Thunderbolt|p2a: Spizy Dog
|-resisted|p2a: Spizy Dog
|-damage|p2a: Spizy Dog|62/100
|
|upkeep
|turn|19
|
|t:|1769321011
|-terastallize|p1a: Raging Bolt|Fairy
|move|p2a: Spizy Dog|Calm Mind|p2a: Spizy Dog
|-boost|p2a: Spizy Dog|spa|1
|-boost|p2a: Spizy Dog|spd|1
|move|p1a: Raging Bolt|Tera Blast|p2a: Spizy Dog|[anim] Tera Blast Fairy
|-damage|p2a: Spizy Dog|16/100
|
|upkeep
|turn|20
|
|t:|1769321024
|move|p2a: Spizy Dog|Thunderbolt|p1a: Raging Bolt
|-damage|p1a: Raging Bolt|32/100
|move|p1a: Raging Bolt|Tera Blast|p2a: Spizy Dog|[anim] Tera Blast Fairy
|-damage|p2a: Spizy Dog|0 fnt
|faint|p2a: Spizy Dog
|
|upkeep
|
|t:|1769321033
|switch|p2a: Hot Birb|Moltres|100/100
|turn|21
|
|t:|1769321038
|move|p1a: Raging Bolt|Thunderclap|p2a: Hot Birb
|-supereffective|p2a: Hot Birb
|-damage|p2a: Hot Birb|0 fnt
|faint|p2a: Hot Birb
|
|upkeep
|
|t:|1769321042
|switch|p2a: Spizy Birb|Zapdos|57/100
|turn|22
|
|t:|1769321049
|move|p1a: Raging Bolt|Thunderclap|p2a: Spizy Birb
|-damage|p2a: Spizy Birb|0 fnt
|faint|p2a: Spizy Birb
|
|upkeep
|
|t:|1769321053
|switch|p2a: Cold Birb|Articuno|27/100
|-ability|p2a: Cold Birb|Pressure
|turn|23
|
|t:|1769321058
|move|p1a: Raging Bolt|Thunderclap||[still]
|-fail|p1a: Raging Bolt
|move|p2a: Cold Birb|Roost|p2a: Cold Birb
|-heal|p2a: Cold Birb|78/100
|-singleturn|p2a: Cold Birb|move: Roost
|
|upkeep
|turn|24
|
|t:|1769321065
|move|p1a: Raging Bolt|Thunderclap|p2a: Cold Birb
|-supereffective|p2a: Cold Birb
|-damage|p2a: Cold Birb|18/100
|move|p2a: Cold Birb|Freeze-Dry|p1a: Raging Bolt
|-damage|p1a: Raging Bolt|12/100
|
|upkeep
|turn|25
|
|t:|1769321071
|move|p2a: Cold Birb|Roost|p2a: Cold Birb
|-heal|p2a: Cold Birb|68/100
|-singleturn|p2a: Cold Birb|move: Roost
|move|p1a: Raging Bolt|Thunderbolt|p2a: Cold Birb
|-damage|p2a: Cold Birb|30/100
|
|upkeep
|turn|26
|
|t:|1769321081
|move|p2a: Cold Birb|Roost|p2a: Cold Birb
|-heal|p2a: Cold Birb|80/100
|-singleturn|p2a: Cold Birb|move: Roost
|move|p1a: Raging Bolt|Thunderbolt|p2a: Cold Birb
|-damage|p2a: Cold Birb|44/100
|
|upkeep
|turn|27
|
|t:|1769321088
|move|p2a: Cold Birb|Roost|p2a: Cold Birb
|-heal|p2a: Cold Birb|94/100
|-singleturn|p2a: Cold Birb|move: Roost
|move|p1a: Raging Bolt|Tera Blast|p2a: Cold Birb|[anim] Tera Blast Fairy
|-damage|p2a: Cold Birb|59/100
|
|upkeep
|turn|28
|
|t:|1769321096
|move|p2a: Cold Birb|Freeze-Dry|p1a: Raging Bolt
|-damage|p1a: Raging Bolt|0 fnt
|faint|p1a: Raging Bolt
|-end|p1a: Raging Bolt|Protosynthesis|[silent]
|
|upkeep
|
|t:|1769321100
|switch|p1a: Iron Moth|Iron Moth|83/100
|turn|29
|
|t:|1769321109
|-terastallize|p2a: Cold Birb|Dragon
|move|p1a: Iron Moth|Fiery Dance|p2a: Cold Birb
|-resisted|p2a: Cold Birb
|-damage|p2a: Cold Birb|47/100
|move|p2a: Cold Birb|Freeze-Dry|p1a: Iron Moth
|-resisted|p1a: Iron Moth
|-damage|p1a: Iron Moth|71/100
|
|upkeep
|turn|30
|
|t:|1769321124
|-end|p1a: Iron Moth|Quark Drive|[silent]
|switch|p1a: Gholdengo|Gholdengo|100/100
|move|p2a: Cold Birb|Freeze-Dry|p1a: Gholdengo
|-resisted|p1a: Gholdengo
|-damage|p1a: Gholdengo|87/100
|
|-heal|p1a: Gholdengo|93/100|[from] item: Leftovers
|upkeep
|turn|31
|
|t:|1769321131
|move|p1a: Gholdengo|Make It Rain|p2a: Cold Birb
|-damage|p2a: Cold Birb|10/100
|-unboost|p1a: Gholdengo|spa|1
|move|p2a: Cold Birb|U-turn|p1a: Gholdengo
|-resisted|p1a: Gholdengo
|-damage|p1a: Gholdengo|89/100
|
|t:|1769321138
|switch|p2a: Hot Dog|Entei|4/100|[from] U-turn
|
|-heal|p1a: Gholdengo|95/100|[from] item: Leftovers
|upkeep
|turn|32
|
|t:|1769321144
|switch|p1a: Corviknight|Corviknight, F|100/100
|move|p2a: Hot Dog|Sacred Fire|p1a: Corviknight
|-supereffective|p1a: Corviknight
|-damage|p1a: Corviknight|42/100
|-status|p1a: Corviknight|brn
|
|-damage|p1a: Corviknight|36/100 brn|[from] brn
|upkeep
|turn|33
|
|t:|1769321162
|move|p2a: Hot Dog|Extreme Speed|p1a: Corviknight
|-resisted|p1a: Corviknight
|-damage|p1a: Corviknight|27/100 brn
|-damage|p2a: Hot Dog|0 fnt|[from] item: Rocky Helmet|[of] p1a: Corviknight
|faint|p2a: Hot Dog
|move|p1a: Corviknight|Brave Bird|p2: Hot Dog|[notarget]
|-fail|p1a: Corviknight
|
|-damage|p1a: Corviknight|21/100 brn|[from] brn
|upkeep
|
|t:|1769321170
|switch|p2a: Cold Birb|Articuno, tera:Dragon|10/100
|-ability|p2a: Cold Birb|Pressure
|turn|34
|
|t:|1769321177
|move|p2a: Cold Birb|Freeze-Dry|p1a: Corviknight
|-damage|p1a: Corviknight|0 fnt
|faint|p1a: Corviknight
|
|upkeep
|
|t:|1769321184
|switch|p1a: Iron Moth|Iron Moth|71/100
|turn|35
|
|t:|1769321189
|move|p1a: Iron Moth|Fiery Dance|p2a: Cold Birb
|-resisted|p2a: Cold Birb
|-damage|p2a: Cold Birb|0 fnt
|-boost|p1a: Iron Moth|spa|1
|faint|p2a: Cold Birb
|
|win|terrorstriker258
|raw|terrorstriker258's rating: 1153 &rarr; <strong>1178</strong><br />(+25 for winning)
|raw|borill's rating: 1149 &rarr; <strong>1124</strong><br />(-25 for losing)
|l|☆borill
|player|p2|
|l|☆terrorstriker258
|player|p1|
