|j|☆dallintrix
|j|☆Socrarchaludon
|t:|1769429295
|gametype|singles
|player|p1|dallintrix|steven|1141
|player|p2|Socrarchaludon|ninjaboy|1191
|gen|9
|tier|[Gen 9] OU
|rated|
|rule|HP Percentage Mod: HP is shown in percentages
|rule|Endless Battle Clause: Forcing endless battles is banned
|rule|Species Clause: Limit one of each Pokémon
|rule|OHKO Clause: OHKO moves are banned
|rule|Evasion Items Clause: Evasion items are banned
|rule|Evasion Moves Clause: Evasion moves are banned
|rule|Evasion Abilities Clause: Evasion abilities are banned
|rule|Sleep Moves Clause: Sleep-inducing moves are banned
|clearpoke
|poke|p1|Luxray, F|
|poke|p1|Kingambit, M|
|poke|p1|Ceruledge, M|
|poke|p1|Salamence, F|
|poke|p1|Empoleon, F|
|poke|p1|Florges, F|
|poke|p2|Iron Valiant|
|poke|p2|Great Tusk|
|poke|p2|Dragonite, F|
|poke|p2|Deoxys-Speed|
|poke|p2|Glimmora, F|
|poke|p2|Kingambit, M|
|teampreview
|inactive|Battle timer is ON: inactive players will automatically lose when time's up. (requested by Socrarchaludon)
|
|t:|1769429302
|teamsize|p1|6
|teamsize|p2|6
|start
|switch|p1a: Empoleon|Empoleon, F|100/100
|switch|p2a: Glimmora|Glimmora, F|100/100
|turn|1
|
|t:|1769429315
|switch|p2a: Kingambit|Kingambit, M|100/100
|move|p1a: Empoleon|Surf|p2a: Kingambit
|-damage|p2a: Kingambit|46/100
|
|upkeep
|turn|2
|
|t:|1769429323
|move|p2a: Kingambit|Low Kick|p1a: Empoleon
|-supereffective|p1a: Empoleon
|-damage|p1a: Empoleon|34/100
|move|p1a: Empoleon|Surf|p2a: Kingambit
|-damage|p2a: Kingambit|0 fnt
|faint|p2a: Kingambit
|-end|p2a: Kingambit|fallenundefined|[silent]
|
|upkeep
|
|t:|1769429332
|switch|p2a: Dragonite|Dragonite, F|100/100
|turn|3
|
|t:|1769429338
|move|p2a: Dragonite|Dragon Dance|p2a: Dragonite
|-boost|p2a: Dragonite|atk|1
|-boost|p2a: Dragonite|spe|1
|move|p1a: Empoleon|Ice Beam|p2a: Dragonite
|-supereffective|p2a: Dragonite
|-damage|p2a: Dragonite|33/100
|-status|p2a: Dragonite|frz
|
|-heal|p2a: Dragonite|39/100 frz|[from] item: Leftovers
|upkeep
|turn|4
|
|t:|1769429347
|cant|p2a: Dragonite|frz
|move|p1a: Empoleon|Ice Beam|p2a: Dragonite
|-supereffective|p2a: Dragonite
|-damage|p2a: Dragonite|0 fnt
|faint|p2a: Dragonite
|
|upkeep
|
|t:|1769429355
|switch|p2a: Glimmora|Glimmora, F|100/100
|turn|5
|
|t:|1769429358
|move|p2a: Glimmora|Earth Power|p1a: Empoleon
|-supereffective|p1a: Empoleon
|-damage|p1a: Empoleon|0 fnt
|faint|p1a: Empoleon
|
|upkeep
|inactive|dallintrix has 120 seconds left.
|
|t:|1769429391
|switch|p1a: Ceruledge|Ceruledge, M|100/100
|turn|6
|
|t:|1769429396
|move|p2a: Glimmora|Mortal Spin|p1a: Ceruledge
|-resisted|p1a: Ceruledge
|-damage|p1a: Ceruledge|96/100
|-status|p1a: Ceruledge|psn
|-ability|p1a: Ceruledge|Weak Armor|boost
|-unboost|p1a: Ceruledge|def|1
|-boost|p1a: Ceruledge|spe|2
|move|p1a: Ceruledge|Bulk Up|p1a: Ceruledge
|-boost|p1a: Ceruledge|atk|1
|-boost|p1a: Ceruledge|def|1
|
|-damage|p1a: Ceruledge|84/100 psn|[from] psn
|upkeep
|turn|7
|
|t:|1769429413
|move|p1a: Ceruledge|Poltergeist|p2a: Glimmora
|-activate|p2a: Glimmora|move: Poltergeist|Power Herb
|-damage|p2a: Glimmora|0 fnt
|-activate|p2a: Glimmora|ability: Toxic Debris
|-sidestart|p1: dallintrix|move: Toxic Spikes
|faint|p2a: Glimmora
|
|-damage|p1a: Ceruledge|72/100 psn|[from] psn
|upkeep
|
|t:|1769429418
|switch|p2a: Great Tusk|Great Tusk|100/100
|-enditem|p2a: Great Tusk|Booster Energy
|-activate|p2a: Great Tusk|ability: Protosynthesis|[fromitem]
|-start|p2a: Great Tusk|protosynthesisspe
|turn|8
|
|t:|1769429426
|-terastallize|p2a: Great Tusk|Poison
|move|p1a: Ceruledge|Poltergeist||[still]
|-fail|p1a: Ceruledge
|move|p2a: Great Tusk|Bulk Up|p2a: Great Tusk
|-boost|p2a: Great Tusk|atk|1
|-boost|p2a: Great Tusk|def|1
|
|-damage|p1a: Ceruledge|59/100 psn|[from] psn
|upkeep
|turn|9
|
|t:|1769429432
|move|p1a: Ceruledge|Bitter Blade|p2a: Great Tusk
|-damage|p2a: Great Tusk|72/100
|-heal|p1a: Ceruledge|81/100 psn|[from] drain|[of] p2a: Great Tusk
|move|p2a: Great Tusk|Bulk Up|p2a: Great Tusk
|-boost|p2a: Great Tusk|atk|1
|-boost|p2a: Great Tusk|def|1
|
|-damage|p1a: Ceruledge|68/100 psn|[from] psn
|upkeep
|turn|10
|
|t:|1769429447
|move|p1a: Ceruledge|Close Combat|p2a: Great Tusk
|-resisted|p2a: Great Tusk
|-damage|p2a: Great Tusk|62/100
|-unboost|p1a: Ceruledge|def|1
|-unboost|p1a: Ceruledge|spd|1
|move|p2a: Great Tusk|Headlong Rush|p1a: Ceruledge
|-supereffective|p1a: Ceruledge
|-damage|p1a: Ceruledge|0 fnt
|-unboost|p2a: Great Tusk|def|1
|-unboost|p2a: Great Tusk|spd|1
|faint|p1a: Ceruledge
|
|upkeep
|
|t:|1769429467
|switch|p1a: Florges|Florges, F|100/100
|-status|p1a: Florges|psn
|turn|11
|
|t:|1769429478
|-terastallize|p1a: Florges|Ground
|move|p2a: Great Tusk|Headlong Rush|p1a: Florges
|-damage|p1a: Florges|0 fnt
|-unboost|p2a: Great Tusk|def|1
|-unboost|p2a: Great Tusk|spd|1
|faint|p1a: Florges
|
|upkeep
|
|t:|1769429486
|switch|p1a: Salamence|Salamence, F|100/100
|turn|12
|
|t:|1769429490
|move|p2a: Great Tusk|Head Smash|p1a: Salamence|[miss]
|-miss|p2a: Great Tusk|p1a: Salamence
|move|p1a: Salamence|Dual Wingbeat|p2a: Great Tusk|[miss]
|-miss|p1a: Salamence|p2a: Great Tusk
|
|upkeep
|turn|13
|
|t:|1769429500
|move|p2a: Great Tusk|Head Smash|p1a: Salamence
|-supereffective|p1a: Salamence
|-damage|p1a: Salamence|0 fnt
|faint|p1a: Salamence
|-damage|p2a: Great Tusk|24/100|[from] Recoil
|
|upkeep
|
|t:|1769429506
|switch|p1a: Luxray|Luxray, F, shiny|100/100
|-status|p1a: Luxray|psn
|-ability|p1a: Luxray|Intimidate|boost
|-unboost|p2a: Great Tusk|atk|1
|turn|14
|
|t:|1769429513
|move|p2a: Great Tusk|Headlong Rush|p1a: Luxray
|-supereffective|p1a: Luxray
|-damage|p1a: Luxray|0 fnt
|-unboost|p2a: Great Tusk|def|1
|-unboost|p2a: Great Tusk|spd|1
|faint|p1a: Luxray
|
|upkeep
|
|t:|1769429517
|switch|p1a: Kingambit|Kingambit, M|100/100
|-activate|p1a: Kingambit|ability: Supreme Overlord
|-start|p1a: Kingambit|fallen5|[silent]
|turn|15
|
|t:|1769429523
|move|p1a: Kingambit|Sucker Punch||[still]
|-fail|p1a: Kingambit
|move|p2a: Great Tusk|Taunt|p1a: Kingambit
|-start|p1a: Kingambit|move: Taunt
|
|upkeep
|turn|16
|
|t:|1769429528
|-end|p2a: Great Tusk|Protosynthesis|[silent]
|switch|p2a: Iron Valiant|Iron Valiant|100/100
|-enditem|p2a: Iron Valiant|Booster Energy
|-activate|p2a: Iron Valiant|ability: Quark Drive|[fromitem]
|-start|p2a: Iron Valiant|quarkdrivespe
|move|p1a: Kingambit|Sucker Punch||[still]
|-fail|p1a: Kingambit
|
|upkeep
|turn|17
|
|t:|1769429535
|move|p2a: Iron Valiant|Encore|p1a: Kingambit
|-start|p1a: Kingambit|Encore
|move|p1a: Kingambit|Sucker Punch||[still]
|-fail|p1a: Kingambit
|
|upkeep
|turn|18
|
|t:|1769429540
|-end|p2a: Iron Valiant|Quark Drive|[silent]
|switch|p2a: Deoxys|Deoxys-Speed|100/100
|-ability|p2a: Deoxys|Pressure
|move|p1a: Kingambit|Sucker Punch||[still]
|-fail|p1a: Kingambit
|
|-end|p1a: Kingambit|move: Taunt
|upkeep
|turn|19
|
|t:|1769429544
|move|p1a: Kingambit|Sucker Punch||[still]
|-fail|p1a: Kingambit
|move|p2a: Deoxys|Taunt|p1a: Kingambit
|-start|p1a: Kingambit|move: Taunt
|
|-end|p1a: Kingambit|Encore
|upkeep
|turn|20
|
|t:|1769429546
|move|p2a: Deoxys|Reflect|p2a: Deoxys
|-sidestart|p2: Socrarchaludon|Reflect
|move|p1a: Kingambit|Iron Head|p2a: Deoxys
|-damage|p2a: Deoxys|41/100
|-damage|p1a: Kingambit|91/100|[from] item: Life Orb
|
|upkeep
|turn|21
|
|t:|1769429554
|move|p2a: Deoxys|Light Screen|p2a: Deoxys
|-sidestart|p2: Socrarchaludon|move: Light Screen
|move|p1a: Kingambit|Iron Head|p2a: Deoxys
|-damage|p2a: Deoxys|0 fnt
|faint|p2a: Deoxys
|-damage|p1a: Kingambit|81/100|[from] item: Life Orb
|
|upkeep
|
|t:|1769429557
|switch|p2a: Great Tusk|Great Tusk, tera:Poison|24/100
|turn|22
|
|t:|1769429561
|move|p2a: Great Tusk|Headlong Rush|p1a: Kingambit
|-supereffective|p1a: Kingambit
|-crit|p1a: Kingambit
|-damage|p1a: Kingambit|0 fnt
|-unboost|p2a: Great Tusk|def|1
|-unboost|p2a: Great Tusk|spd|1
|faint|p1a: Kingambit
|-end|p1a: Kingambit|fallen5|[silent]
|
|win|Socrarchaludon
|raw|dallintrix's rating: 1141 &rarr; <strong>1120</strong><br />(-21 for losing)
|raw|Socrarchaludon's rating: 1191 &rarr; <strong>1212</strong><br />(+21 for winning)
|l|☆dallintrix
|player|p1|
|l|☆Socrarchaludon
|player|p2|
