|j|☆hou…♡ooooo~♡
|j|☆jtrainer22
|t:|1769414658
|gametype|singles
|player|p1|hou…♡ooooo~♡|266|1419
|player|p2|jtrainer22|hugh|1389
|gen|9
|tier|[Gen 9] OU
|rated|
|rule|HP Percentage Mod: HP is shown in percentages
|rule|Endless Battle Clause: Forcing endless battles is banned
|rule|Species Clause: Limit one of each Pokémon
|rule|OHKO Clause: OHKO moves are banned
|rule|Evasion Items Clause: Evasion items are banned
|rule|Evasion Moves Clause: Evasion moves are banned
|rule|Evasion Abilities Clause: Evasion abilities are banned
|rule|Sleep Moves Clause: Sleep-inducing moves are banned
|clearpoke
|poke|p1|Wo-Chien|
|poke|p1|Mamoswine, F|
|poke|p1|Okidogi, M|
|poke|p1|Cinderace, M|
|poke|p1|Magnezone|
|poke|p1|Salamence, M|
|poke|p2|Primarina, M|
|poke|p2|Great Tusk|
|poke|p2|Kingambit, M|
|poke|p2|Slowking-Galar, M|
|poke|p2|Ogerpon, F|
|poke|p2|Enamorus, F|
|teampreview
|c|☆jtrainer22|glhf
|inactive|Battle timer is ON: inactive players will automatically lose when time's up. (requested by hou…♡ooooo~♡)
|j| Jakub9817
|l| Jakub9817
|
|t:|1769414678
|teamsize|p1|6
|teamsize|p2|6
|start
|switch|p1a: Mamoswine|Mamoswine, F|100/100
|switch|p2a: Celestine|Primarina, M, shiny|100/100
|turn|1
|inactive|jtrainer22 has 120 seconds left.
|j| nitroLazer120
|
|t:|1769414729
|move|p1a: Mamoswine|Earthquake|p2a: Celestine
|-damage|p2a: Celestine|19/100
|move|p2a: Celestine|Psychic Noise|p1a: Mamoswine
|-supereffective|p1a: Mamoswine
|-enditem|p1a: Mamoswine|Focus Sash
|-damage|p1a: Mamoswine|1/100
|-start|p1a: Mamoswine|move: Heal Block
|
|-heal|p2a: Celestine|25/100|[from] item: Leftovers
|upkeep
|turn|2
|l| nitroLazer120
|
|t:|1769414744
|switch|p2a: Behemoth|Great Tusk, shiny|100/100
|move|p1a: Mamoswine|Icicle Crash|p2a: Behemoth
|-supereffective|p2a: Behemoth
|-damage|p2a: Behemoth|33/100
|
|-end|p1a: Mamoswine|move: Heal Block
|upkeep
|turn|3
|
|t:|1769414761
|move|p1a: Mamoswine|Ice Shard|p2a: Behemoth
|-supereffective|p2a: Behemoth
|-damage|p2a: Behemoth|0 fnt
|faint|p2a: Behemoth
|-end|p2a: Behemoth|Protosynthesis|[silent]
|
|upkeep
|
|t:|1769414765
|switch|p2a: Anonymous|Ogerpon, F|100/100
|turn|4
|
|t:|1769414771
|move|p1a: Mamoswine|Ice Shard|p2a: Anonymous
|-supereffective|p2a: Anonymous
|-damage|p2a: Anonymous|36/100
|move|p2a: Anonymous|U-turn|p1a: Mamoswine
|-damage|p1a: Mamoswine|0 fnt
|faint|p1a: Mamoswine
|inactive|jtrainer22 has 120 seconds left.
|
|t:|1769414779
|switch|p2a: Celestine|Primarina, M, shiny|25/100|[from] U-turn
|
|-heal|p2a: Celestine|31/100|[from] item: Leftovers
|upkeep
|
|t:|1769414788
|switch|p1a: Magnezone|Magnezone|100/100
|turn|5
|
|t:|1769414795
|move|p2a: Celestine|Psychic Noise|p1a: Magnezone
|-damage|p1a: Magnezone|65/100
|-start|p1a: Magnezone|move: Heal Block
|move|p1a: Magnezone|Volt Switch|p2a: Celestine
|-supereffective|p2a: Celestine
|-damage|p2a: Celestine|0 fnt
|faint|p2a: Celestine
|
|t:|1769414808
|switch|p1a: Cinderace|Cinderace, M|100/100|[from] Volt Switch
|
|upkeep
|inactive|jtrainer22 has 120 seconds left.
|
|t:|1769414835
|switch|p2a: Mantra|Slowking-Galar, M, shiny|100/100
|turn|6
|
|t:|1769414844
|move|p1a: Cinderace|U-turn|p2a: Mantra
|-damage|p2a: Mantra|83/100
|
|t:|1769414847
|switch|p1a: Magnezone|Magnezone|65/100|[from] U-turn
|move|p2a: Mantra|Sludge Bomb|p1a: Magnezone
|-immune|p1a: Magnezone
|
|upkeep
|turn|7
|
|t:|1769414862
|move|p1a: Magnezone|Volt Switch|p2a: Mantra
|-damage|p2a: Mantra|64/100
|
|t:|1769414866
|switch|p1a: Cinderace|Cinderace, M|100/100|[from] Volt Switch
|move|p2a: Mantra|Flamethrower|p1a: Cinderace
|-resisted|p1a: Cinderace
|-damage|p1a: Cinderace|84/100
|
|upkeep
|turn|8
|
|t:|1769414878
|move|p1a: Cinderace|U-turn|p2a: Mantra
|-damage|p2a: Mantra|46/100
|
|t:|1769414881
|switch|p1a: Magnezone|Magnezone|65/100|[from] U-turn
|move|p2a: Mantra|Sludge Bomb|p1a: Magnezone
|-immune|p1a: Magnezone
|
|upkeep
|turn|9
|
|t:|1769414891
|switch|p2a: Overgod|Kingambit, M, shiny|100/100
|-activate|p2a: Overgod|ability: Supreme Overlord
|-start|p2a: Overgod|fallen2|[silent]
|move|p1a: Magnezone|Thunderbolt|p2a: Overgod
|-damage|p2a: Overgod|50/100
|
|-heal|p2a: Overgod|56/100|[from] item: Leftovers
|upkeep
|turn|10
|
|t:|1769414910
|move|p1a: Magnezone|Thunderbolt|p2a: Overgod
|-damage|p2a: Overgod|6/100
|move|p2a: Overgod|Kowtow Cleave|p1a: Magnezone
|-damage|p1a: Magnezone|0 fnt
|faint|p1a: Magnezone
|
|-heal|p2a: Overgod|12/100|[from] item: Leftovers
|upkeep
|
|t:|1769414918
|switch|p1a: Okidogi|Okidogi, M|100/100
|turn|11
|
|t:|1769414931
|move|p1a: Okidogi|Knock Off|p2a: Overgod
|-resisted|p2a: Overgod
|-damage|p2a: Overgod|1/100
|-enditem|p2a: Overgod|Leftovers|[from] move: Knock Off|[of] p1a: Okidogi
|move|p2a: Overgod|Iron Head|p1a: Okidogi
|-damage|p1a: Okidogi|63/100
|
|-heal|p1a: Okidogi|69/100|[from] item: Leftovers
|upkeep
|turn|12
|
|t:|1769414943
|move|p2a: Overgod|Sucker Punch||[still]
|-fail|p2a: Overgod
|move|p1a: Okidogi|Bulk Up|p1a: Okidogi
|-boost|p1a: Okidogi|atk|1
|-boost|p1a: Okidogi|def|1
|
|-heal|p1a: Okidogi|75/100|[from] item: Leftovers
|upkeep
|turn|13
|
|t:|1769414949
|move|p1a: Okidogi|Knock Off|p2a: Overgod
|-resisted|p2a: Overgod
|-damage|p2a: Overgod|0 fnt
|faint|p2a: Overgod
|-end|p2a: Overgod|fallen2|[silent]
|
|-heal|p1a: Okidogi|81/100|[from] item: Leftovers
|upkeep
|
|t:|1769414953
|switch|p2a: Gin|Enamorus, F, shiny|100/100
|turn|14
|
|t:|1769414974
|-terastallize|p2a: Gin|Ground
|move|p2a: Gin|Earth Power|p1a: Okidogi
|-supereffective|p1a: Okidogi
|-crit|p1a: Okidogi
|-damage|p1a: Okidogi|0 fnt
|faint|p1a: Okidogi
|
|upkeep
|inactive|hou…♡ooooo~♡ has 120 seconds left.
|
|t:|1769414989
|switch|p1a: Salamence|Salamence, M|100/100
|-ability|p1a: Salamence|Intimidate|boost
|-boost|p2a: Gin|atk|1
|turn|15
|
|t:|1769414997
|switch|p2a: Anonymous|Ogerpon, F|36/100
|move|p1a: Salamence|Air Slash|p2a: Anonymous
|-supereffective|p2a: Anonymous
|-damage|p2a: Anonymous|0 fnt
|faint|p2a: Anonymous
|
|upkeep
|
|t:|1769415001
|switch|p2a: Gin|Enamorus, F, shiny, tera:Ground|100/100
|turn|16
|
|t:|1769415019
|move|p2a: Gin|Moonblast|p1a: Salamence
|-supereffective|p1a: Salamence
|-damage|p1a: Salamence|0 fnt
|faint|p1a: Salamence
|
|upkeep
|
|t:|1769415024
|switch|p1a: Cinderace|Cinderace, M|84/100
|turn|17
|
|t:|1769415028
|switch|p2a: Mantra|Slowking-Galar, M, shiny|79/100
|move|p1a: Cinderace|Pyro Ball|p2a: Mantra
|-damage|p2a: Mantra|38/100
|
|upkeep
|turn|18
|
|t:|1769415039
|move|p1a: Cinderace|Pyro Ball|p2a: Mantra
|-damage|p2a: Mantra|0 fnt
|faint|p2a: Mantra
|
|upkeep
|
|t:|1769415041
|switch|p2a: Gin|Enamorus, F, shiny, tera:Ground|100/100
|turn|19
|c|☆jtrainer22|cooked gg
|
|t:|1769415068
|move|p2a: Gin|Earth Power|p1a: Cinderace
|-supereffective|p1a: Cinderace
|-damage|p1a: Cinderace|0 fnt
|faint|p1a: Cinderace
|
|upkeep
|
|t:|1769415072
|switch|p1a: Wo-Chien|Wo-Chien|100/100
|-ability|p1a: Wo-Chien|Tablets of Ruin
|turn|20
|
|t:|1769415076
|move|p2a: Gin|Earth Power|p1a: Wo-Chien
|-resisted|p1a: Wo-Chien
|-damage|p1a: Wo-Chien|84/100
|move|p1a: Wo-Chien|Giga Drain|p2a: Gin
|-supereffective|p2a: Gin
|-damage|p2a: Gin|26/100
|-heal|p1a: Wo-Chien|100/100|[from] drain|[of] p2a: Gin
|
|upkeep
|turn|21
|
|t:|1769415082
|move|p2a: Gin|Earth Power|p1a: Wo-Chien
|-resisted|p1a: Wo-Chien
|-damage|p1a: Wo-Chien|84/100
|move|p1a: Wo-Chien|Giga Drain|p2a: Gin
|-supereffective|p2a: Gin
|-damage|p2a: Gin|0 fnt
|-heal|p1a: Wo-Chien|94/100|[from] drain|[of] p2a: Gin
|faint|p2a: Gin
|
|win|hou…♡ooooo~♡
|raw|hou…♡ooooo~♡'s rating: 1419 &rarr; <strong>1437</strong><br />(+18 for winning)
|raw|jtrainer22's rating: 1389 &rarr; <strong>1371</strong><br />(-18 for losing)
|l|☆jtrainer22
|player|p2|
|l|☆hou…♡ooooo~♡
|player|p1|
