|j|☆Darkmaniman+Minus
|j|☆saibayman
|t:|1769381291
|gametype|singles
|player|p1|Darkmaniman+Minus|102|1514
|player|p2|saibayman|265|1488
|gen|9
|tier|[Gen 9] OU
|rated|
|rule|HP Percentage Mod: HP is shown in percentages
|rule|Endless Battle Clause: Forcing endless battles is banned
|rule|Species Clause: Limit one of each Pokémon
|rule|OHKO Clause: OHKO moves are banned
|rule|Evasion Items Clause: Evasion items are banned
|rule|Evasion Moves Clause: Evasion moves are banned
|rule|Evasion Abilities Clause: Evasion abilities are banned
|rule|Sleep Moves Clause: Sleep-inducing moves are banned
|clearpoke
|poke|p1|Rillaboom, M|
|poke|p1|Drifblim, F|
|poke|p1|Gholdengo|
|poke|p1|Great Tusk|
|poke|p1|Kingambit, F|
|poke|p1|Moltres|
|poke|p2|Tyranitar, M|
|poke|p2|Great Tusk|
|poke|p2|Slowking-Galar, F|
|poke|p2|Gholdengo|
|poke|p2|Meowscarada, M|
|poke|p2|Moltres|
|teampreview
|inactive|Battle timer is ON: inactive players will automatically lose when time's up. (requested by saibayman)
|
|t:|1769381313
|teamsize|p1|6
|teamsize|p2|6
|start
|switch|p1a: Rillaboom|Rillaboom, M|100/100
|switch|p2a: Slowking|Slowking-Galar, F|100/100
|-fieldstart|move: Grassy Terrain|[from] ability: Grassy Surge|[of] p1a: Rillaboom
|turn|1
|inactive|saibayman has 120 seconds left.
|
|t:|1769381347
|switch|p2a: Moltres|Moltres|100/100
|move|p1a: Rillaboom|Knock Off|p2a: Moltres
|-damage|p2a: Moltres|63/100
|-status|p1a: Rillaboom|brn|[from] ability: Flame Body|[of] p2a: Moltres
|-enditem|p2a: Moltres|Heavy-Duty Boots|[from] move: Knock Off|[of] p1a: Rillaboom
|
|-damage|p1a: Rillaboom|94/100 brn|[from] brn
|upkeep
|turn|2
|
|t:|1769381364
|switch|p1a: Moltres|Moltres|100/100
|move|p2a: Moltres|Roost|p2a: Moltres
|-heal|p2a: Moltres|100/100
|-singleturn|p2a: Moltres|move: Roost
|
|upkeep
|turn|3
|
|t:|1769381371
|move|p1a: Moltres|U-turn|p2a: Moltres
|-resisted|p2a: Moltres
|-damage|p2a: Moltres|97/100
|
|t:|1769381377
|switch|p1a: Great Tusk|Great Tusk|100/100|[from] U-turn
|move|p2a: Moltres|Air Slash|p1a: Great Tusk
|-supereffective|p1a: Great Tusk
|-damage|p1a: Great Tusk|17/100
|
|-heal|p1a: Great Tusk|23/100|[from] Grassy Terrain
|upkeep
|turn|4
|
|t:|1769381390
|switch|p2a: Tyranitar|Tyranitar, M|100/100
|-weather|Sandstorm|[from] ability: Sand Stream|[of] p2a: Tyranitar
|move|p1a: Great Tusk|Stealth Rock|p2a: Tyranitar
|-sidestart|p2: saibayman|move: Stealth Rock
|
|-weather|Sandstorm|[upkeep]
|-heal|p1a: Great Tusk|30/100|[from] Grassy Terrain
|upkeep
|turn|5
|
|t:|1769381399
|switch|p2a: Great Tusk|Great Tusk|100/100
|-damage|p2a: Great Tusk|97/100|[from] Stealth Rock
|move|p1a: Great Tusk|Headlong Rush|p2a: Great Tusk
|-damage|p2a: Great Tusk|73/100
|-unboost|p1a: Great Tusk|def|1
|-unboost|p1a: Great Tusk|spd|1
|
|-weather|Sandstorm|[upkeep]
|-heal|p1a: Great Tusk|36/100|[from] Grassy Terrain
|-heal|p2a: Great Tusk|79/100|[from] Grassy Terrain
|-heal|p2a: Great Tusk|86/100|[from] item: Leftovers
|upkeep
|turn|6
|
|t:|1769381411
|-end|p1a: Great Tusk|Protosynthesis|[silent]
|switch|p1a: Moltres|Moltres|100/100
|move|p2a: Great Tusk|Rapid Spin|p1a: Moltres
|-damage|p1a: Moltres|90/100
|-boost|p2a: Great Tusk|spe|1
|-status|p2a: Great Tusk|brn|[from] ability: Flame Body|[of] p1a: Moltres
|-sideend|p2: saibayman|Stealth Rock|[from] move: Rapid Spin|[of] p2a: Great Tusk
|
|-weather|Sandstorm|[upkeep]
|-damage|p1a: Moltres|84/100|[from] Sandstorm
|-heal|p2a: Great Tusk|92/100 brn|[from] Grassy Terrain
|-heal|p2a: Great Tusk|98/100 brn|[from] item: Leftovers
|-damage|p2a: Great Tusk|92/100 brn|[from] brn
|upkeep
|turn|7
|
|t:|1769381426
|-end|p2a: Great Tusk|Protosynthesis|[silent]
|switch|p2a: Tyranitar|Tyranitar, M|100/100
|move|p1a: Moltres|U-turn|p2a: Tyranitar
|-supereffective|p2a: Tyranitar
|-damage|p2a: Tyranitar|83/100
|-damage|p1a: Moltres|67/100|[from] item: Rocky Helmet|[of] p2a: Tyranitar
|
|t:|1769381433
|switch|p1a: Great Tusk|Great Tusk|36/100|[from] U-turn
|
|-weather|Sandstorm|[upkeep]
|-heal|p1a: Great Tusk|42/100|[from] Grassy Terrain
|-heal|p2a: Tyranitar|89/100|[from] Grassy Terrain
|upkeep
|turn|8
|
|t:|1769381440
|move|p1a: Great Tusk|Stealth Rock|p2a: Tyranitar
|-sidestart|p2: saibayman|move: Stealth Rock
|move|p2a: Tyranitar|Stealth Rock|p1a: Great Tusk
|-sidestart|p1: Darkmaniman+Minus|move: Stealth Rock
|
|-weather|none
|-heal|p1a: Great Tusk|48/100|[from] Grassy Terrain
|-heal|p2a: Tyranitar|95/100|[from] Grassy Terrain
|-fieldend|move: Grassy Terrain
|upkeep
|turn|9
|
|t:|1769381449
|switch|p2a: Meowscarada|Meowscarada, M|100/100
|-damage|p2a: Meowscarada|88/100|[from] Stealth Rock
|move|p1a: Great Tusk|Rapid Spin|p2a: Meowscarada
|-damage|p2a: Meowscarada|66/100
|-boost|p1a: Great Tusk|spe|1
|-sideend|p1: Darkmaniman+Minus|Stealth Rock|[from] move: Rapid Spin|[of] p1a: Great Tusk
|
|upkeep
|turn|10
|
|t:|1769381458
|move|p1a: Great Tusk|Ice Spinner|p2a: Meowscarada
|-supereffective|p2a: Meowscarada
|-damage|p2a: Meowscarada|0 fnt
|faint|p2a: Meowscarada
|
|upkeep
|
|t:|1769381463
|switch|p2a: Moltres|Moltres|97/100
|-damage|p2a: Moltres|47/100|[from] Stealth Rock
|turn|11
|
|t:|1769381474
|-end|p1a: Great Tusk|Protosynthesis|[silent]
|switch|p1a: Moltres|Moltres|67/100
|move|p2a: Moltres|Roost|p2a: Moltres
|-heal|p2a: Moltres|98/100
|-singleturn|p2a: Moltres|move: Roost
|
|upkeep
|turn|12
|
|t:|1769381481
|move|p1a: Moltres|Roost|p1a: Moltres
|-heal|p1a: Moltres|100/100
|-singleturn|p1a: Moltres|move: Roost
|move|p2a: Moltres|Air Slash|p1a: Moltres
|-damage|p1a: Moltres|71/100
|
|upkeep
|turn|13
|
|t:|1769381488
|move|p1a: Moltres|U-turn|p2a: Moltres
|-resisted|p2a: Moltres
|-damage|p2a: Moltres|94/100
|
|t:|1769381496
|switch|p1a: Rillaboom|Rillaboom, M|94/100 brn|[from] U-turn
|-fieldstart|move: Grassy Terrain|[from] ability: Grassy Surge|[of] p1a: Rillaboom
|move|p2a: Moltres|Air Slash|p1a: Rillaboom
|-supereffective|p1a: Rillaboom
|-damage|p1a: Rillaboom|34/100 brn
|
|-heal|p1a: Rillaboom|40/100 brn|[from] Grassy Terrain
|-damage|p1a: Rillaboom|34/100 brn|[from] brn
|upkeep
|turn|14
|
|t:|1769381507
|move|p2a: Moltres|Air Slash|p1a: Rillaboom
|-supereffective|p1a: Rillaboom
|-damage|p1a: Rillaboom|0 fnt
|faint|p1a: Rillaboom
|
|upkeep
|
|t:|1769381511
|switch|p1a: Drifblim|Drifblim, F|100/100
|-enditem|p1a: Drifblim|Grassy Seed
|-boost|p1a: Drifblim|def|1|[from] item: Grassy Seed
|turn|15
|
|t:|1769381516
|move|p1a: Drifblim|Calm Mind|p1a: Drifblim
|-boost|p1a: Drifblim|spa|1
|-boost|p1a: Drifblim|spd|1
|move|p2a: Moltres|Will-O-Wisp|p1a: Drifblim
|-status|p1a: Drifblim|brn
|
|-damage|p1a: Drifblim|94/100 brn|[from] brn
|upkeep
|turn|16
|
|t:|1769381529
|move|p1a: Drifblim|Calm Mind|p1a: Drifblim
|-boost|p1a: Drifblim|spa|1
|-boost|p1a: Drifblim|spd|1
|move|p2a: Moltres|Overheat|p1a: Drifblim
|-damage|p1a: Drifblim|64/100 brn
|-unboost|p2a: Moltres|spa|2
|
|-damage|p1a: Drifblim|58/100 brn|[from] brn
|upkeep
|turn|17
|
|t:|1769381539
|switch|p2a: Tyranitar|Tyranitar, M|95/100
|-damage|p2a: Tyranitar|83/100|[from] Stealth Rock
|-weather|Sandstorm|[from] ability: Sand Stream|[of] p2a: Tyranitar
|move|p1a: Drifblim|Calm Mind|p1a: Drifblim
|-boost|p1a: Drifblim|spa|1
|-boost|p1a: Drifblim|spd|1
|
|-weather|Sandstorm|[upkeep]
|-damage|p1a: Drifblim|52/100 brn|[from] Sandstorm
|-heal|p2a: Tyranitar|89/100|[from] Grassy Terrain
|-damage|p1a: Drifblim|46/100 brn|[from] brn
|upkeep
|turn|18
|
|t:|1769381551
|move|p1a: Drifblim|Strength Sap|p2a: Tyranitar
|-unboost|p2a: Tyranitar|atk|1
|-heal|p1a: Drifblim|100/100 brn
|move|p2a: Tyranitar|Roar|p1a: Drifblim
|drag|p1a: Kingambit|Kingambit, F|100/100
|-activate|p1a: Kingambit|ability: Supreme Overlord
|-start|p1a: Kingambit|fallen1|[silent]
|
|-weather|Sandstorm|[upkeep]
|-heal|p2a: Tyranitar|95/100|[from] Grassy Terrain
|upkeep
|turn|19
|
|t:|1769381563
|-end|p1a: Kingambit|fallen1|[silent]
|switch|p1a: Drifblim|Drifblim, F|100/100 brn
|move|p2a: Tyranitar|Stealth Rock|p1a: Drifblim
|-sidestart|p1: Darkmaniman+Minus|move: Stealth Rock
|
|-weather|Sandstorm|[upkeep]
|-damage|p1a: Drifblim|94/100 brn|[from] Sandstorm
|-heal|p2a: Tyranitar|100/100|[from] Grassy Terrain
|-damage|p1a: Drifblim|88/100 brn|[from] brn
|upkeep
|turn|20
|
|t:|1769381573
|move|p1a: Drifblim|Will-O-Wisp|p2a: Tyranitar
|-status|p2a: Tyranitar|brn
|move|p2a: Tyranitar|Roar|p1a: Drifblim
|drag|p1a: Great Tusk|Great Tusk|48/100
|-damage|p1a: Great Tusk|45/100|[from] Stealth Rock
|
|-weather|Sandstorm|[upkeep]
|-heal|p1a: Great Tusk|51/100|[from] Grassy Terrain
|-damage|p2a: Tyranitar|94/100 brn|[from] brn
|-fieldend|move: Grassy Terrain
|upkeep
|turn|21
|
|t:|1769381585
|switch|p2a: Gholdengo|Gholdengo|100/100
|-damage|p2a: Gholdengo|94/100|[from] Stealth Rock
|move|p1a: Great Tusk|Rapid Spin|p2a: Gholdengo
|-immune|p2a: Gholdengo
|
|-weather|none
|upkeep
|turn|22
|
|t:|1769381595
|move|p2a: Gholdengo|Dazzling Gleam|p1a: Great Tusk
|-supereffective|p1a: Great Tusk
|-damage|p1a: Great Tusk|0 fnt
|faint|p1a: Great Tusk
|-end|p1a: Great Tusk|Protosynthesis|[silent]
|
|upkeep
|
|t:|1769381600
|switch|p1a: Gholdengo|Gholdengo|100/100
|-damage|p1a: Gholdengo|94/100|[from] Stealth Rock
|-item|p1a: Gholdengo|Air Balloon
|turn|23
|
|t:|1769381612
|switch|p2a: Tyranitar|Tyranitar, M|94/100 brn
|-damage|p2a: Tyranitar|82/100 brn|[from] Stealth Rock
|-weather|Sandstorm|[from] ability: Sand Stream|[of] p2a: Tyranitar
|move|p1a: Gholdengo|Nasty Plot|p1a: Gholdengo
|-boost|p1a: Gholdengo|spa|2
|
|-weather|Sandstorm|[upkeep]
|-damage|p2a: Tyranitar|76/100 brn|[from] brn
|upkeep
|turn|24
|
|t:|1769381625
|move|p1a: Gholdengo|Make It Rain|p2a: Tyranitar
|-supereffective|p2a: Tyranitar
|-damage|p2a: Tyranitar|0 fnt
|-unboost|p1a: Gholdengo|spa|1
|faint|p2a: Tyranitar
|
|-weather|Sandstorm|[upkeep]
|upkeep
|
|t:|1769381633
|switch|p2a: Moltres|Moltres|94/100
|-damage|p2a: Moltres|45/100|[from] Stealth Rock
|turn|25
|
|t:|1769381638
|move|p1a: Gholdengo|Shadow Ball|p2a: Moltres
|-damage|p2a: Moltres|9/100
|move|p2a: Moltres|Overheat|p1a: Gholdengo|[miss]
|-miss|p2a: Moltres|p1a: Gholdengo
|
|-weather|Sandstorm|[upkeep]
|-damage|p2a: Moltres|3/100|[from] Sandstorm
|upkeep
|turn|26
|-message|saibayman forfeited.
|
|win|Darkmaniman+Minus
|raw|Darkmaniman+Minus's rating: 1514 &rarr; <strong>1533</strong><br />(+19 for winning)
|raw|saibayman's rating: 1488 &rarr; <strong>1469</strong><br />(-19 for losing)
|l|☆saibayman
|player|p2|
|l|☆Darkmaniman+Minus
|player|p1|
