|j|☆wassou_21
|j|☆ikun ngm
|t:|1769432473
|gametype|singles
|player|p1|wassou_21|101|1312
|player|p2|ikun ngm|swimmer-gen4|1371
|gen|9
|tier|[Gen 9] OU
|rated|
|rule|HP Percentage Mod: HP is shown in percentages
|rule|Endless Battle Clause: Forcing endless battles is banned
|rule|Species Clause: Limit one of each Pokémon
|rule|OHKO Clause: OHKO moves are banned
|rule|Evasion Items Clause: Evasion items are banned
|rule|Evasion Moves Clause: Evasion moves are banned
|rule|Evasion Abilities Clause: Evasion abilities are banned
|rule|Sleep Moves Clause: Sleep-inducing moves are banned
|clearpoke
|poke|p1|Araquanid, F|
|poke|p1|Cinderace, M|
|poke|p1|Serperior, M|
|poke|p1|Bisharp, F|
|poke|p1|Dragapult, M|
|poke|p1|Comfey, F|
|poke|p2|Staraptor, F|
|poke|p2|Gholdengo|
|poke|p2|Zapdos-Galar|
|poke|p2|Articuno-Galar|
|poke|p2|Moltres-Galar|
|poke|p2|Ribombee, M|
|teampreview
|
|t:|1769432501
|teamsize|p1|6
|teamsize|p2|6
|start
|switch|p1a: Araquanid|Araquanid, F|100/100
|switch|p2a: Articuno|Articuno-Galar|100/100
|turn|1
|
|t:|1769432509
|move|p2a: Articuno|Calm Mind|p2a: Articuno
|-boost|p2a: Articuno|spa|1
|-boost|p2a: Articuno|spd|1
|move|p1a: Araquanid|Surf|p2a: Articuno
|-damage|p2a: Articuno|45/100
|
|upkeep
|turn|2
|
|t:|1769432515
|move|p2a: Articuno|Calm Mind|p2a: Articuno
|-boost|p2a: Articuno|spa|1
|-boost|p2a: Articuno|spd|1
|move|p1a: Araquanid|Surf|p2a: Articuno
|-damage|p2a: Articuno|7/100
|
|upkeep
|turn|3
|
|t:|1769432521
|move|p2a: Articuno|Stored Power|p1a: Araquanid
|-damage|p1a: Araquanid|18/100
|move|p1a: Araquanid|Surf|p2a: Articuno
|-damage|p2a: Articuno|0 fnt
|faint|p2a: Articuno
|
|upkeep
|
|t:|1769432534
|switch|p2a: Gholdengo|Gholdengo|100/100
|turn|4
|
|t:|1769432536
|move|p2a: Gholdengo|Shadow Ball|p1a: Araquanid
|-damage|p1a: Araquanid|0 fnt
|faint|p1a: Araquanid
|
|upkeep
|
|t:|1769432540
|switch|p1a: Cinderace|Cinderace, M|100/100
|turn|5
|
|t:|1769432543
|switch|p2a: Ribombee|Ribombee, M|100/100
|move|p1a: Cinderace|Pyro Ball|p2a: Ribombee
|-supereffective|p2a: Ribombee
|-enditem|p2a: Ribombee|Focus Sash
|-damage|p2a: Ribombee|1/100
|
|upkeep
|turn|6
|
|t:|1769432551
|move|p1a: Cinderace|Sucker Punch||[still]
|-fail|p1a: Cinderace
|move|p2a: Ribombee|Stun Spore|p1a: Cinderace
|-status|p1a: Cinderace|par
|
|upkeep
|turn|7
|
|t:|1769432560
|move|p2a: Ribombee|Stun Spore|p1a: Cinderace|[miss]
|-miss|p2a: Ribombee|p1a: Cinderace
|move|p1a: Cinderace|Will-O-Wisp|p2a: Ribombee
|-status|p2a: Ribombee|brn
|
|-damage|p2a: Ribombee|0 fnt|[from] brn
|faint|p2a: Ribombee
|upkeep
|
|t:|1769432580
|switch|p2a: Staraptor|Staraptor, F|100/100
|turn|8
|
|t:|1769432583
|move|p2a: Staraptor|Brave Bird|p1a: Cinderace
|-damage|p1a: Cinderace|0 fnt
|faint|p1a: Cinderace
|-damage|p2a: Staraptor|69/100|[from] Recoil
|
|upkeep
|
|t:|1769432588
|switch|p1a: Bisharp|Bisharp, F|100/100
|turn|9
|
|t:|1769432591
|switch|p2a: Zapdos|Zapdos-Galar|100/100
|move|p1a: Bisharp|Sucker Punch||[still]
|-fail|p1a: Bisharp
|
|upkeep
|turn|10
|
|t:|1769432597
|switch|p1a: Comfey|Comfey, F|100/100
|move|p2a: Zapdos|Knock Off|p1a: Comfey
|-resisted|p1a: Comfey
|-damage|p1a: Comfey|71/100
|-enditem|p1a: Comfey|Leftovers|[from] move: Knock Off|[of] p2a: Zapdos
|
|upkeep
|turn|11
|
|t:|1769432605
|switch|p2a: Gholdengo|Gholdengo|100/100
|move|p1a: Comfey|Draining Kiss|p2a: Gholdengo
|-resisted|p2a: Gholdengo
|-crit|p2a: Gholdengo
|-damage|p2a: Gholdengo|88/100
|-heal|p1a: Comfey|84/100|[from] drain|[of] p2a: Gholdengo
|-enditem|p2a: Gholdengo|Red Card|[of] p1a: Comfey
|drag|p1a: Dragapult|Dragapult, M|100/100
|
|upkeep
|turn|12
|
|t:|1769432611
|switch|p2a: Staraptor|Staraptor, F|69/100
|move|p1a: Dragapult|Flamethrower|p2a: Staraptor
|-damage|p2a: Staraptor|12/100
|-status|p2a: Staraptor|brn
|-damage|p1a: Dragapult|91/100|[from] item: Life Orb
|
|-damage|p2a: Staraptor|6/100 brn|[from] brn
|upkeep
|turn|13
|
|t:|1769432618
|move|p1a: Dragapult|Flamethrower|p2a: Staraptor
|-damage|p2a: Staraptor|0 fnt
|faint|p2a: Staraptor
|-damage|p1a: Dragapult|81/100|[from] item: Life Orb
|
|upkeep
|
|t:|1769432620
|switch|p2a: Moltres|Moltres-Galar|100/100
|turn|14
|
|t:|1769432624
|move|p1a: Dragapult|Thunderbolt|p2a: Moltres
|-supereffective|p2a: Moltres
|-damage|p2a: Moltres|40/100
|-ability|p2a: Moltres|Berserk|boost
|-boost|p2a: Moltres|spa|1
|-damage|p1a: Dragapult|71/100|[from] item: Life Orb
|-enditem|p2a: Moltres|Sitrus Berry|[eat]
|-heal|p2a: Moltres|65/100|[from] item: Sitrus Berry
|move|p2a: Moltres|Agility|p2a: Moltres
|-boost|p2a: Moltres|spe|2
|
|upkeep
|turn|15
|
|t:|1769432632
|move|p2a: Moltres|Fiery Wrath|p1a: Dragapult
|-supereffective|p1a: Dragapult
|-damage|p1a: Dragapult|0 fnt
|faint|p1a: Dragapult
|
|upkeep
|
|t:|1769432635
|switch|p1a: Bisharp|Bisharp, F|100/100
|turn|16
|
|t:|1769432639
|move|p1a: Bisharp|Sucker Punch|p2a: Moltres
|-resisted|p2a: Moltres
|-damage|p2a: Moltres|47/100
|-ability|p2a: Moltres|Berserk|boost
|-boost|p2a: Moltres|spa|1
|move|p2a: Moltres|Hurricane|p1a: Bisharp|[miss]
|-miss|p2a: Moltres|p1a: Bisharp
|
|upkeep
|turn|17
|
|t:|1769432646
|move|p1a: Bisharp|Sucker Punch|p2a: Moltres
|-resisted|p2a: Moltres
|-damage|p2a: Moltres|28/100
|move|p2a: Moltres|Hurricane|p1a: Bisharp|[miss]
|-miss|p2a: Moltres|p1a: Bisharp
|
|upkeep
|turn|18
|
|t:|1769432651
|move|p2a: Moltres|Hurricane|p1a: Bisharp|[miss]
|-miss|p2a: Moltres|p1a: Bisharp
|move|p1a: Bisharp|Throat Chop|p2a: Moltres
|-resisted|p2a: Moltres
|-damage|p2a: Moltres|7/100
|-start|p2a: Moltres|Throat Chop|[silent]
|
|upkeep
|turn|19
|c|☆ikun ngm|？
|c|☆ikun ngm|wdf
|c|☆wassou_21|Lol
|
|t:|1769432687
|move|p1a: Bisharp|Sucker Punch|p2a: Moltres
|-resisted|p2a: Moltres
|-damage|p2a: Moltres|0 fnt
|faint|p2a: Moltres
|
|upkeep
|
|t:|1769432689
|switch|p2a: Zapdos|Zapdos-Galar|100/100
|turn|20
|
|t:|1769432693
|move|p1a: Bisharp|Sucker Punch|p2a: Zapdos
|-resisted|p2a: Zapdos
|-damage|p2a: Zapdos|78/100
|move|p2a: Zapdos|Brave Bird|p1a: Bisharp
|-resisted|p1a: Bisharp
|-damage|p1a: Bisharp|64/100
|-damage|p2a: Zapdos|67/100|[from] Recoil
|
|upkeep
|turn|21
|
|t:|1769432698
|switch|p2a: Gholdengo|Gholdengo|88/100
|move|p1a: Bisharp|Throat Chop|p2a: Gholdengo
|-supereffective|p2a: Gholdengo
|-damage|p2a: Gholdengo|4/100
|-start|p2a: Gholdengo|Throat Chop|[silent]
|
|upkeep
|turn|22
|
|t:|1769432704
|move|p1a: Bisharp|Sucker Punch||[still]
|-fail|p1a: Bisharp
|move|p2a: Gholdengo|Recover|p2a: Gholdengo
|-heal|p2a: Gholdengo|54/100
|
|-end|p2a: Gholdengo|Throat Chop|[silent]
|upkeep
|turn|23
|
|t:|1769432709
|switch|p2a: Zapdos|Zapdos-Galar|67/100
|move|p1a: Bisharp|Throat Chop|p2a: Zapdos
|-resisted|p2a: Zapdos
|-damage|p2a: Zapdos|42/100
|-start|p2a: Zapdos|Throat Chop|[silent]
|
|upkeep
|turn|24
|
|t:|1769432715
|move|p1a: Bisharp|Sucker Punch|p2a: Zapdos
|-resisted|p2a: Zapdos
|-damage|p2a: Zapdos|19/100
|move|p2a: Zapdos|Thunderous Kick|p1a: Bisharp
|-supereffective|p1a: Bisharp
|-damage|p1a: Bisharp|0 fnt
|faint|p1a: Bisharp
|
|-end|p2a: Zapdos|Throat Chop|[silent]
|upkeep
|
|t:|1769432717
|switch|p1a: Comfey|Comfey, F|84/100
|turn|25
|
|t:|1769432721
|switch|p2a: Gholdengo|Gholdengo|54/100
|move|p1a: Comfey|Draining Kiss|p2a: Gholdengo
|-resisted|p2a: Gholdengo
|-damage|p2a: Gholdengo|45/100
|-heal|p1a: Comfey|92/100|[from] drain|[of] p2a: Gholdengo
|
|upkeep
|turn|26
|
|t:|1769432726
|-terastallize|p1a: Comfey|Water
|move|p1a: Comfey|Leech Seed|p2a: Gholdengo
|-immune|p2a: Gholdengo|[from] ability: Good as Gold
|move|p2a: Gholdengo|Recover|p2a: Gholdengo
|-heal|p2a: Gholdengo|95/100
|
|upkeep
|turn|27
|
|t:|1769432731
|move|p1a: Comfey|Substitute|p1a: Comfey
|-start|p1a: Comfey|Substitute
|-damage|p1a: Comfey|67/100
|move|p2a: Gholdengo|Nasty Plot|p2a: Gholdengo
|-boost|p2a: Gholdengo|spa|2
|
|upkeep
|turn|28
|
|t:|1769432736
|move|p1a: Comfey|Calm Mind|p1a: Comfey
|-boost|p1a: Comfey|spa|1
|-boost|p1a: Comfey|spd|1
|move|p2a: Gholdengo|Shadow Ball|p1a: Comfey
|-end|p1a: Comfey|Substitute
|
|upkeep
|turn|29
|
|t:|1769432739
|move|p1a: Comfey|Calm Mind|p1a: Comfey
|-boost|p1a: Comfey|spa|1
|-boost|p1a: Comfey|spd|1
|move|p2a: Gholdengo|Shadow Ball|p1a: Comfey
|-damage|p1a: Comfey|33/100
|
|upkeep
|turn|30
|
|t:|1769432746
|move|p1a: Comfey|Draining Kiss|p2a: Gholdengo
|-resisted|p2a: Gholdengo
|-damage|p2a: Gholdengo|79/100
|-heal|p1a: Comfey|48/100|[from] drain|[of] p2a: Gholdengo
|move|p2a: Gholdengo|Shadow Ball|p1a: Comfey
|-damage|p1a: Comfey|10/100
|
|upkeep
|turn|31
|
|t:|1769432750
|move|p1a: Comfey|Calm Mind|p1a: Comfey
|-boost|p1a: Comfey|spa|1
|-boost|p1a: Comfey|spd|1
|move|p2a: Gholdengo|Shadow Ball|p1a: Comfey
|-damage|p1a: Comfey|0 fnt
|faint|p1a: Comfey
|
|upkeep
|
|t:|1769432751
|switch|p1a: Serperior|Serperior, M|100/100
|turn|32
|
|t:|1769432753
|move|p1a: Serperior|Leaf Storm|p2a: Gholdengo
|-resisted|p2a: Gholdengo
|-damage|p2a: Gholdengo|61/100
|-boost|p1a: Serperior|spa|2
|move|p2a: Gholdengo|Shadow Ball|p1a: Serperior
|-damage|p1a: Serperior|22/100
|
|-heal|p1a: Serperior|28/100|[from] item: Leftovers
|upkeep
|turn|33
|
|t:|1769432756
|move|p1a: Serperior|Leaf Storm|p2a: Gholdengo
|-resisted|p2a: Gholdengo
|-damage|p2a: Gholdengo|20/100
|-boost|p1a: Serperior|spa|2
|move|p2a: Gholdengo|Shadow Ball|p1a: Serperior
|-damage|p1a: Serperior|0 fnt
|faint|p1a: Serperior
|
|win|ikun ngm
|raw|wassou_21's rating: 1312 &rarr; <strong>1295</strong><br />(-17 for losing)
|raw|ikun ngm's rating: 1371 &rarr; <strong>1388</strong><br />(+17 for winning)
|l|☆wassou_21
|player|p1|
|l|☆ikun ngm
|player|p2|
