|j|☆Tusktosterone
|j|☆zenit011
|t:|1769326832
|gametype|singles
|player|p1|Tusktosterone|bruno|1142
|player|p2|zenit011|n|1174
|gen|9
|tier|[Gen 9] OU
|rated|
|rule|HP Percentage Mod: HP is shown in percentages
|rule|Endless Battle Clause: Forcing endless battles is banned
|rule|Species Clause: Limit one of each Pokémon
|rule|OHKO Clause: OHKO moves are banned
|rule|Evasion Items Clause: Evasion items are banned
|rule|Evasion Moves Clause: Evasion moves are banned
|rule|Evasion Abilities Clause: Evasion abilities are banned
|rule|Sleep Moves Clause: Sleep-inducing moves are banned
|clearpoke
|poke|p1|Iron Valiant|
|poke|p1|Cinderace, F|
|poke|p1|Gholdengo|
|poke|p1|Glimmora, M|
|poke|p1|Weavile, F|
|poke|p1|Thundurus-Therian, M|
|poke|p2|Breloom, M|
|poke|p2|Alomomola, F|
|poke|p2|Corviknight, M|
|poke|p2|Dragapult, M|
|poke|p2|Landorus-Therian, M|
|poke|p2|Moltres|
|teampreview
|inactive|Battle timer is ON: inactive players will automatically lose when time's up. (requested by zenit011)
|
|t:|1769326852
|teamsize|p1|6
|teamsize|p2|6
|start
|switch|p1a: Glimmora|Glimmora, M|100/100
|switch|p2a: Landorus|Landorus-Therian, M|100/100
|-ability|p2a: Landorus|Intimidate|boost
|-unboost|p1a: Glimmora|atk|1
|turn|1
|
|t:|1769326861
|move|p2a: Landorus|Stealth Rock|p1a: Glimmora
|-sidestart|p1: Tusktosterone|move: Stealth Rock
|move|p1a: Glimmora|Power Gem|p2a: Landorus
|-damage|p2a: Landorus|52/100
|
|-heal|p2a: Landorus|58/100|[from] item: Leftovers
|upkeep
|turn|2
|
|t:|1769326869
|move|p2a: Landorus|Bulk Up|p2a: Landorus
|-boost|p2a: Landorus|atk|1
|-boost|p2a: Landorus|def|1
|move|p1a: Glimmora|Power Gem|p2a: Landorus
|-damage|p2a: Landorus|16/100
|
|-heal|p2a: Landorus|22/100|[from] item: Leftovers
|upkeep
|turn|3
|
|t:|1769326879
|move|p2a: Landorus|Earthquake|p1a: Glimmora
|-supereffective|p1a: Glimmora
|-enditem|p1a: Glimmora|Focus Sash
|-damage|p1a: Glimmora|1/100
|-activate|p1a: Glimmora|ability: Toxic Debris
|-sidestart|p2: zenit011|move: Toxic Spikes
|move|p1a: Glimmora|Power Gem|p2a: Landorus
|-damage|p2a: Landorus|0 fnt
|faint|p2a: Landorus
|
|upkeep
|
|t:|1769326893
|switch|p2a: Corviknight|Corviknight, M|100/100
|-ability|p2a: Corviknight|Pressure
|turn|4
|
|t:|1769326902
|move|p1a: Glimmora|Mortal Spin|p2a: Corviknight
|-immune|p2a: Corviknight
|move|p2a: Corviknight|Body Press|p1a: Glimmora
|-damage|p1a: Glimmora|0 fnt
|-activate|p1a: Glimmora|ability: Toxic Debris
|-sidestart|p2: zenit011|move: Toxic Spikes
|faint|p1a: Glimmora
|
|upkeep
|
|t:|1769326931
|switch|p1a: Cinderace|Cinderace, F|100/100
|turn|5
|
|t:|1769326944
|-terastallize|p2a: Corviknight|Dragon
|move|p1a: Cinderace|Pyro Ball|p2a: Corviknight
|-resisted|p2a: Corviknight
|-damage|p2a: Corviknight|84/100
|move|p2a: Corviknight|Defog|p1a: Cinderace
|-unboost|p1a: Cinderace|evasion|1
|-sideend|p1: Tusktosterone|Stealth Rock|[from] move: Defog|[of] p2a: Corviknight
|-sideend|p2: zenit011|Toxic Spikes|[from] move: Defog|[of] p2a: Corviknight
|
|upkeep
|turn|6
|
|t:|1769326969
|switch|p1a: Iron Valiant|Iron Valiant|100/100
|-enditem|p1a: Iron Valiant|Booster Energy
|-activate|p1a: Iron Valiant|ability: Quark Drive|[fromitem]
|-start|p1a: Iron Valiant|quarkdrivespe
|move|p2a: Corviknight|Body Press|p1a: Iron Valiant
|-resisted|p1a: Iron Valiant
|-damage|p1a: Iron Valiant|83/100
|
|upkeep
|turn|7
|inactive|Tusktosterone has 120 seconds left.
|
|t:|1769327002
|switch|p2a: Alomomola|Alomomola, F|100/100
|move|p1a: Iron Valiant|Moonblast|p2a: Alomomola
|-damage|p2a: Alomomola|79/100
|-unboost|p2a: Alomomola|spa|1
|
|upkeep
|turn|8
|
|t:|1769327012
|move|p1a: Iron Valiant|Thunderbolt|p2a: Alomomola
|-supereffective|p2a: Alomomola
|-damage|p2a: Alomomola|47/100
|move|p2a: Alomomola|Flip Turn|p1a: Iron Valiant
|-damage|p1a: Iron Valiant|61/100
|
|t:|1769327027
|switch|p2a: Dragapult|Dragapult, M|100/100|[from] Flip Turn
|
|upkeep
|turn|9
|
|t:|1769327033
|switch|p2a: Alomomola|Alomomola, F|80/100
|move|p1a: Iron Valiant|Moonblast|p2a: Alomomola
|-damage|p2a: Alomomola|56/100
|-unboost|p2a: Alomomola|spa|1
|
|upkeep
|turn|10
|
|t:|1769327043
|move|p1a: Iron Valiant|Thunderbolt|p2a: Alomomola
|-supereffective|p2a: Alomomola
|-damage|p2a: Alomomola|26/100
|move|p2a: Alomomola|Mirror Coat|p1a: Iron Valiant
|-damage|p1a: Iron Valiant|0 fnt
|faint|p1a: Iron Valiant
|-end|p1a: Iron Valiant|Quark Drive|[silent]
|
|upkeep
|inactive|Tusktosterone has 120 seconds left.
|
|t:|1769327059
|switch|p1a: Thundurus|Thundurus-Therian, M|100/100
|turn|11
|
|t:|1769327081
|switch|p2a: Moltres|Moltres|100/100
|move|p1a: Thundurus|Thunderbolt|p2a: Moltres
|-supereffective|p2a: Moltres
|-damage|p2a: Moltres|0 fnt
|faint|p2a: Moltres
|
|upkeep
|
|t:|1769327089
|switch|p2a: Dragapult|Dragapult, M|100/100
|turn|12
|
|t:|1769327103
|switch|p1a: Weavile|Weavile, F|100/100
|-ability|p1a: Weavile|Pressure
|move|p2a: Dragapult|Flamethrower|p1a: Weavile
|-supereffective|p1a: Weavile
|-damage|p1a: Weavile|14/100
|-damage|p2a: Dragapult|91/100|[from] item: Life Orb
|
|upkeep
|turn|13
|
|t:|1769327114
|move|p1a: Weavile|Ice Shard|p2a: Dragapult
|-supereffective|p2a: Dragapult
|-damage|p2a: Dragapult|34/100
|move|p2a: Dragapult|Flamethrower|p1a: Weavile
|-supereffective|p1a: Weavile
|-damage|p1a: Weavile|0 fnt
|faint|p1a: Weavile
|-damage|p2a: Dragapult|24/100|[from] item: Life Orb
|
|upkeep
|inactive|Tusktosterone has 120 seconds left.
|
|t:|1769327149
|switch|p1a: Gholdengo|Gholdengo|100/100
|-item|p1a: Gholdengo|Air Balloon
|turn|14
|
|t:|1769327158
|move|p2a: Dragapult|Hex|p1a: Gholdengo
|-supereffective|p1a: Gholdengo
|-damage|p1a: Gholdengo|11/100
|-enditem|p1a: Gholdengo|Air Balloon
|-damage|p2a: Dragapult|15/100|[from] item: Life Orb
|move|p1a: Gholdengo|Shadow Ball|p2a: Dragapult
|-supereffective|p2a: Dragapult
|-damage|p2a: Dragapult|0 fnt
|faint|p2a: Dragapult
|
|upkeep
|
|t:|1769327173
|switch|p2a: Alomomola|Alomomola, F|59/100
|turn|15
|
|t:|1769327180
|move|p1a: Gholdengo|Recover|p1a: Gholdengo
|-heal|p1a: Gholdengo|61/100
|move|p2a: Alomomola|Flip Turn|p1a: Gholdengo
|-damage|p1a: Gholdengo|43/100
|
|t:|1769327189
|switch|p2a: SetasPaTodos|Breloom, M, shiny|100/100|[from] Flip Turn
|
|upkeep
|turn|16
|
|t:|1769327198
|switch|p1a: Cinderace|Cinderace, F|100/100
|move|p2a: SetasPaTodos|Rock Tomb|p1a: Cinderace
|-supereffective|p1a: Cinderace
|-damage|p1a: Cinderace|0 fnt
|faint|p1a: Cinderace
|
|upkeep
|
|t:|1769327208
|switch|p1a: Thundurus|Thundurus-Therian, M|100/100
|turn|17
|
|t:|1769327218
|move|p2a: SetasPaTodos|Mach Punch|p1a: Thundurus
|-resisted|p1a: Thundurus
|-damage|p1a: Thundurus|74/100
|move|p1a: Thundurus|Focus Blast|p2a: SetasPaTodos|[miss]
|-miss|p1a: Thundurus|p2a: SetasPaTodos
|
|upkeep
|turn|18
|
|t:|1769327225
|move|p2a: SetasPaTodos|Mach Punch|p1a: Thundurus
|-resisted|p1a: Thundurus
|-damage|p1a: Thundurus|49/100
|move|p1a: Thundurus|Focus Blast|p2a: SetasPaTodos|[miss]
|-miss|p1a: Thundurus|p2a: SetasPaTodos
|
|upkeep
|turn|19
|
|t:|1769327232
|move|p1a: Thundurus|Focus Blast|p2a: SetasPaTodos
|-damage|p2a: SetasPaTodos|16/100
|-unboost|p2a: SetasPaTodos|spd|1
|move|p2a: SetasPaTodos|Rock Tomb|p1a: Thundurus
|-supereffective|p1a: Thundurus
|-damage|p1a: Thundurus|0 fnt
|faint|p1a: Thundurus
|
|upkeep
|
|t:|1769327240
|switch|p1a: Gholdengo|Gholdengo|43/100
|turn|20
|
|t:|1769327245
|move|p1a: Gholdengo|Recover|p1a: Gholdengo
|-heal|p1a: Gholdengo|94/100
|move|p2a: SetasPaTodos|Rock Tomb|p1a: Gholdengo|[miss]
|-miss|p2a: SetasPaTodos|p1a: Gholdengo
|
|upkeep
|turn|21
|
|t:|1769327253
|move|p1a: Gholdengo|Make It Rain|p2a: SetasPaTodos
|-damage|p2a: SetasPaTodos|0 fnt
|-unboost|p1a: Gholdengo|spa|1
|faint|p2a: SetasPaTodos
|
|upkeep
|
|t:|1769327260
|switch|p2a: Alomomola|Alomomola, F|93/100
|turn|22
|
|t:|1769327267
|move|p1a: Gholdengo|Nasty Plot|p1a: Gholdengo
|-boost|p1a: Gholdengo|spa|2
|move|p2a: Alomomola|Scald|p1a: Gholdengo
|-damage|p1a: Gholdengo|78/100
|-status|p1a: Gholdengo|brn
|
|-damage|p1a: Gholdengo|72/100 brn|[from] brn
|upkeep
|turn|23
|
|t:|1769327279
|move|p1a: Gholdengo|Shadow Ball|p2a: Alomomola
|-damage|p2a: Alomomola|61/100
|move|p2a: Alomomola|Mirror Coat|p1a: Gholdengo
|-damage|p1a: Gholdengo|0 fnt
|faint|p1a: Gholdengo
|
|win|zenit011
|raw|Tusktosterone's rating: 1142 &rarr; <strong>1119</strong><br />(-23 for losing)
|raw|zenit011's rating: 1174 &rarr; <strong>1197</strong><br />(+23 for winning)
|l|☆zenit011
|player|p2|
|l|☆Tusktosterone
|player|p1|
