|j|☆rex2121
|j|☆JD2Sleepy
|t:|1769324449
|gametype|singles
|player|p1|rex2121|benga|1538
|player|p2|JD2Sleepy|blackbelt-gen4dp|1590
|gen|9
|tier|[Gen 9] OU
|rated|
|rule|HP Percentage Mod: HP is shown in percentages
|rule|Endless Battle Clause: Forcing endless battles is banned
|rule|Species Clause: Limit one of each Pokémon
|rule|OHKO Clause: OHKO moves are banned
|rule|Evasion Items Clause: Evasion items are banned
|rule|Evasion Moves Clause: Evasion moves are banned
|rule|Evasion Abilities Clause: Evasion abilities are banned
|rule|Sleep Moves Clause: Sleep-inducing moves are banned
|clearpoke
|poke|p1|Tinkaton, F|
|poke|p1|Ogerpon, F|
|poke|p1|Great Tusk|
|poke|p1|Pecharunt|
|poke|p1|Alomomola, M|
|poke|p1|Hydreigon, M|
|poke|p2|Glimmora, M|
|poke|p2|Kyurem|
|poke|p2|Sableye, F|
|poke|p2|Zamazenta-*|
|poke|p2|Ditto|
|poke|p2|Kingambit, F|
|teampreview
|
|t:|1769324456
|teamsize|p1|6
|teamsize|p2|6
|start
|switch|p1a: Hybrid|Hydreigon, M, shiny|100/100
|switch|p2a: Gët Busy|Zamazenta|100/100
|-ability|p2a: Gët Busy|Dauntless Shield|boost
|-boost|p2a: Gët Busy|def|1
|turn|1
|inactive|Battle timer is ON: inactive players will automatically lose when time's up. (requested by rex2121)
|
|t:|1769324464
|switch|p1a: Overseer|Pecharunt|100/100
|move|p2a: Gët Busy|Crunch|p1a: Overseer
|-supereffective|p1a: Overseer
|-damage|p1a: Overseer|58/100
|-damage|p2a: Gët Busy|84/100|[from] item: Rocky Helmet|[of] p1a: Overseer
|
|upkeep
|turn|2
|
|t:|1769324472
|switch|p2a: VwV|Glimmora, M|100/100
|move|p1a: Overseer|Recover|p1a: Overseer
|-heal|p1a: Overseer|100/100
|
|upkeep
|turn|3
|
|t:|1769324479
|switch|p1a: Pisces|Alomomola, M, shiny|100/100
|move|p2a: VwV|Stealth Rock|p1a: Pisces
|-sidestart|p1: rex2121|move: Stealth Rock
|
|upkeep
|turn|4
|
|t:|1769324491
|switch|p2a: Don'tLetItBeYou|Ditto, shiny|100/100
|-transform|p2a: Don'tLetItBeYou|p1a: Pisces|[from] ability: Imposter
|switch|p1a: Smile.exe|Tinkaton, F, shiny|100/100
|-damage|p1a: Smile.exe|94/100|[from] Stealth Rock
|-item|p1a: Smile.exe|Air Balloon
|
|upkeep
|turn|5
|
|t:|1769324503
|move|p1a: Smile.exe|Stealth Rock|p2a: Don'tLetItBeYou
|-sidestart|p2: JD2Sleepy|move: Stealth Rock
|move|p2a: Don'tLetItBeYou|Flip Turn|p1a: Smile.exe
|-damage|p1a: Smile.exe|74/100
|-enditem|p1a: Smile.exe|Air Balloon
|-enditem|p2a: Don'tLetItBeYou|Choice Scarf|[silent]|[from] ability: Pickpocket|[of] p2a: Don'tLetItBeYou
|-item|p1a: Smile.exe|Choice Scarf|[from] ability: Pickpocket|[of] p2a: Don'tLetItBeYou
|
|t:|1769324507
|switch|p2a: Gët Busy|Zamazenta|84/100|[from] Flip Turn
|-damage|p2a: Gët Busy|78/100|[from] Stealth Rock
|
|upkeep
|turn|6
|
|t:|1769324515
|move|p1a: Smile.exe|Gigaton Hammer|p2a: Gët Busy
|-damage|p2a: Gët Busy|23/100
|move|p2a: Gët Busy|Close Combat|p1a: Smile.exe
|-damage|p1a: Smile.exe|0 fnt
|-unboost|p2a: Gët Busy|def|1
|-unboost|p2a: Gët Busy|spd|1
|faint|p1a: Smile.exe
|
|upkeep
|
|t:|1769324524
|switch|p1a: Behemoth|Great Tusk, shiny|100/100
|turn|7
|
|t:|1769324541
|move|p2a: Gët Busy|Close Combat|p1a: Behemoth
|-damage|p1a: Behemoth|31/100
|-unboost|p2a: Gët Busy|def|1
|-unboost|p2a: Gët Busy|spd|1
|move|p1a: Behemoth|Headlong Rush|p2a: Gët Busy
|-damage|p2a: Gët Busy|0 fnt
|-unboost|p1a: Behemoth|def|1
|-unboost|p1a: Behemoth|spd|1
|faint|p2a: Gët Busy
|
|upkeep
|
|t:|1769324554
|switch|p2a: Don'tLetItBeYou|Ditto, shiny|100/100
|-damage|p2a: Don'tLetItBeYou|88/100|[from] Stealth Rock
|-transform|p2a: Don'tLetItBeYou|p1a: Behemoth|[from] ability: Imposter
|turn|8
|
|t:|1769324572
|-end|p1a: Behemoth|Protosynthesis|[silent]
|switch|p1a: Overseer|Pecharunt|100/100
|-damage|p1a: Overseer|88/100|[from] Stealth Rock
|move|p2a: Don'tLetItBeYou|Headlong Rush|p1a: Overseer
|-supereffective|p1a: Overseer
|-damage|p1a: Overseer|25/100
|-unboost|p2a: Don'tLetItBeYou|def|1
|-unboost|p2a: Don'tLetItBeYou|spd|1
|-damage|p2a: Don'tLetItBeYou|71/100|[from] item: Rocky Helmet|[of] p1a: Overseer
|
|upkeep
|turn|9
|
|t:|1769324582
|switch|p1a: Hybrid|Hydreigon, M, shiny|100/100
|-damage|p1a: Hybrid|88/100|[from] Stealth Rock
|move|p2a: Don'tLetItBeYou|Headlong Rush|p1a: Hybrid
|-immune|p1a: Hybrid|[from] ability: Levitate
|
|upkeep
|turn|10
|
|t:|1769324591
|-end|p2a: Don'tLetItBeYou|Protosynthesis|[silent]
|switch|p2a: VwV|Glimmora, M|100/100
|-damage|p2a: VwV|88/100|[from] Stealth Rock
|move|p1a: Hybrid|Earth Power|p2a: VwV
|-supereffective|p2a: VwV
|-damage|p2a: VwV|0 fnt
|faint|p2a: VwV
|
|upkeep
|
|t:|1769324600
|switch|p2a: Jet Black|Kyurem|100/100
|-damage|p2a: Jet Black|76/100|[from] Stealth Rock
|-ability|p2a: Jet Black|Pressure
|turn|11
|
|t:|1769324607
|switch|p1a: Pisces|Alomomola, M, shiny|100/100
|-damage|p1a: Pisces|88/100|[from] Stealth Rock
|move|p2a: Jet Black|Dragon Dance|p2a: Jet Black
|-boost|p2a: Jet Black|atk|1
|-boost|p2a: Jet Black|spe|1
|
|upkeep
|turn|12
|
|t:|1769324617
|move|p2a: Jet Black|Dragon Dance|p2a: Jet Black
|-boost|p2a: Jet Black|atk|1
|-boost|p2a: Jet Black|spe|1
|move|p1a: Pisces|Flip Turn|p2a: Jet Black
|-resisted|p2a: Jet Black
|-damage|p2a: Jet Black|68/100
|
|t:|1769324623
|switch|p1a: Hybrid|Hydreigon, M, shiny|88/100|[from] Flip Turn
|-damage|p1a: Hybrid|76/100|[from] Stealth Rock
|
|upkeep
|turn|13
|
|t:|1769324632
|-terastallize|p1a: Hybrid|Steel
|move|p2a: Jet Black|Icicle Spear|p1a: Hybrid
|-resisted|p1a: Hybrid
|-damage|p1a: Hybrid|58/100
|-resisted|p1a: Hybrid
|-damage|p1a: Hybrid|43/100
|-resisted|p1a: Hybrid
|-damage|p1a: Hybrid|25/100
|-resisted|p1a: Hybrid
|-damage|p1a: Hybrid|9/100
|-resisted|p1a: Hybrid
|-damage|p1a: Hybrid|0 fnt
|faint|p1a: Hybrid
|-hitcount|p1: Hybrid|5
|
|upkeep
|-message|rex2121 forfeited.
|
|win|JD2Sleepy
|raw|rex2121's rating: 1538 &rarr; <strong>1521</strong><br />(-17 for losing)
|raw|JD2Sleepy's rating: 1590 &rarr; <strong>1607</strong><br />(+17 for winning)
|l|☆rex2121
|player|p1|
