|j|☆rekka auto
|j|☆Chigusa_24zono
|t:|1769336312
|gametype|singles
|player|p1|rekka auto|drayden|1542
|player|p2|Chigusa_24zono|lass|1623
|gen|9
|tier|[Gen 9] OU
|rated|
|rule|HP Percentage Mod: HP is shown in percentages
|rule|Endless Battle Clause: Forcing endless battles is banned
|rule|Species Clause: Limit one of each Pokémon
|rule|OHKO Clause: OHKO moves are banned
|rule|Evasion Items Clause: Evasion items are banned
|rule|Evasion Moves Clause: Evasion moves are banned
|rule|Evasion Abilities Clause: Evasion abilities are banned
|rule|Sleep Moves Clause: Sleep-inducing moves are banned
|clearpoke
|poke|p1|Rotom-Wash|
|poke|p1|Scizor, M|
|poke|p1|Great Tusk|
|poke|p1|Gholdengo|
|poke|p1|Slowking-Galar, M|
|poke|p1|Ting-Lu|
|poke|p2|Iron Jugulis|
|poke|p2|Sandy Shocks|
|poke|p2|Manaphy|
|poke|p2|Latios, M|
|poke|p2|Scizor, F|
|poke|p2|Ogerpon, F|
|teampreview
|inactive|Battle timer is ON: inactive players will automatically lose when time's up. (requested by rekka auto)
|
|t:|1769336334
|teamsize|p1|6
|teamsize|p2|6
|start
|switch|p1a: Scizor|Scizor, M|100/100
|switch|p2a: Sandy Shocks|Sandy Shocks, shiny|100/100
|-enditem|p2a: Sandy Shocks|Booster Energy
|-activate|p2a: Sandy Shocks|ability: Protosynthesis|[fromitem]
|-start|p2a: Sandy Shocks|protosynthesisspe
|turn|1
|
|t:|1769336339
|move|p2a: Sandy Shocks|Stealth Rock|p1a: Scizor
|-sidestart|p1: rekka auto|move: Stealth Rock
|move|p1a: Scizor|U-turn|p2a: Sandy Shocks
|-damage|p2a: Sandy Shocks|35/100
|
|t:|1769336341
|switch|p1a: Ting-Lu|Ting-Lu|100/100|[from] U-turn
|-damage|p1a: Ting-Lu|94/100|[from] Stealth Rock
|-ability|p1a: Ting-Lu|Vessel of Ruin
|
|-heal|p1a: Ting-Lu|100/100|[from] item: Leftovers
|upkeep
|turn|2
|
|t:|1769336345
|move|p2a: Sandy Shocks|Spikes|p1a: Ting-Lu
|-sidestart|p1: rekka auto|Spikes
|move|p1a: Ting-Lu|Stealth Rock|p2a: Sandy Shocks
|-sidestart|p2: Chigusa_24zono|move: Stealth Rock
|
|upkeep
|turn|3
|
|t:|1769336347
|move|p2a: Sandy Shocks|Spikes|p1a: Ting-Lu
|-sidestart|p1: rekka auto|Spikes
|move|p1a: Ting-Lu|Spikes|p2a: Sandy Shocks
|-sidestart|p2: Chigusa_24zono|Spikes
|
|upkeep
|turn|4
|
|t:|1769336349
|move|p2a: Sandy Shocks|Spikes|p1a: Ting-Lu
|-sidestart|p1: rekka auto|Spikes
|move|p1a: Ting-Lu|Spikes|p2a: Sandy Shocks
|-sidestart|p2: Chigusa_24zono|Spikes
|
|upkeep
|turn|5
|
|t:|1769336353
|move|p2a: Sandy Shocks|Earth Power|p1a: Ting-Lu
|-damage|p1a: Ting-Lu|81/100
|-unboost|p1a: Ting-Lu|spd|1
|move|p1a: Ting-Lu|Spikes|p2a: Sandy Shocks
|-sidestart|p2: Chigusa_24zono|Spikes
|
|-heal|p1a: Ting-Lu|87/100|[from] item: Leftovers
|upkeep
|turn|6
|
|t:|1769336359
|switch|p1a: Rotom|Rotom-Wash|100/100
|-damage|p1a: Rotom|88/100|[from] Stealth Rock
|move|p2a: Sandy Shocks|Earth Power|p1a: Rotom
|-immune|p1a: Rotom|[from] ability: Levitate
|
|upkeep
|turn|7
|
|t:|1769336364
|switch|p1a: Ting-Lu|Ting-Lu|87/100
|-damage|p1a: Ting-Lu|81/100|[from] Stealth Rock
|-damage|p1a: Ting-Lu|56/100|[from] Spikes
|-ability|p1a: Ting-Lu|Vessel of Ruin
|move|p2a: Sandy Shocks|Discharge|p1a: Ting-Lu
|-immune|p1a: Ting-Lu
|
|-heal|p1a: Ting-Lu|63/100|[from] item: Leftovers
|upkeep
|turn|8
|
|t:|1769336367
|move|p2a: Sandy Shocks|Earth Power|p1a: Ting-Lu
|-damage|p1a: Ting-Lu|44/100
|move|p1a: Ting-Lu|Whirlwind|p2a: Sandy Shocks
|-end|p2a: Sandy Shocks|Protosynthesis|[silent]
|drag|p2a: Ogerpon|Ogerpon, F|100/100
|-damage|p2a: Ogerpon|88/100|[from] Stealth Rock
|-damage|p2a: Ogerpon|63/100|[from] Spikes
|
|-heal|p1a: Ting-Lu|50/100|[from] item: Leftovers
|upkeep
|turn|9
|
|t:|1769336376
|move|p2a: Ogerpon|Ivy Cudgel|p1a: Ting-Lu
|-supereffective|p1a: Ting-Lu
|-damage|p1a: Ting-Lu|0 fnt
|faint|p1a: Ting-Lu
|-damage|p2a: Ogerpon|53/100|[from] item: Life Orb
|
|upkeep
|
|t:|1769336380
|switch|p1a: Great Tusk|Great Tusk|100/100
|turn|10
|
|t:|1769336390
|-terastallize|p2a: Ogerpon|Grass
|detailschange|p2a: Ogerpon|Ogerpon-Teal-Tera, F, tera:Grass
|-ability|p2a: Ogerpon|Embody Aspect (Teal)|boost
|-boost|p2a: Ogerpon|spe|1
|-terastallize|p1a: Great Tusk|Steel
|move|p2a: Ogerpon|Ivy Cudgel|p1a: Great Tusk
|-resisted|p1a: Great Tusk
|-damage|p1a: Great Tusk|69/100
|-damage|p2a: Ogerpon|43/100|[from] item: Life Orb
|move|p1a: Great Tusk|Rapid Spin|p2a: Ogerpon
|-damage|p2a: Ogerpon|21/100
|-boost|p1a: Great Tusk|spe|1
|-sideend|p1: rekka auto|Spikes|[from] move: Rapid Spin|[of] p1a: Great Tusk
|-sideend|p1: rekka auto|Stealth Rock|[from] move: Rapid Spin|[of] p1a: Great Tusk
|
|upkeep
|turn|11
|
|t:|1769336401
|move|p2a: Ogerpon|Ivy Cudgel|p1a: Great Tusk
|-resisted|p1a: Great Tusk
|-damage|p1a: Great Tusk|37/100
|-damage|p2a: Ogerpon|11/100|[from] item: Life Orb
|move|p1a: Great Tusk|Ice Spinner|p2a: Ogerpon
|-supereffective|p2a: Ogerpon
|-damage|p2a: Ogerpon|0 fnt
|faint|p2a: Ogerpon
|detailschange|p2: Ogerpon|Ogerpon, F|[silent]
|
|upkeep
|
|t:|1769336404
|switch|p2a: Latios|Latios, M, shiny|100/100
|-damage|p2a: Latios|88/100|[from] Stealth Rock
|turn|12
|
|t:|1769336410
|-end|p1a: Great Tusk|Protosynthesis|[silent]
|switch|p1a: Gholdengo|Gholdengo|100/100
|move|p2a: Latios|Agility|p2a: Latios
|-boost|p2a: Latios|spe|2
|
|upkeep
|turn|13
|
|t:|1769336416
|move|p2a: Latios|Calm Mind|p2a: Latios
|-boost|p2a: Latios|spa|1
|-boost|p2a: Latios|spd|1
|move|p1a: Gholdengo|Shadow Ball|p2a: Latios
|-supereffective|p2a: Latios
|-damage|p2a: Latios|35/100
|-enditem|p2a: Latios|Weakness Policy
|-boost|p2a: Latios|atk|2|[from] item: Weakness Policy
|-boost|p2a: Latios|spa|2|[from] item: Weakness Policy
|
|upkeep
|turn|14
|
|t:|1769336420
|move|p2a: Latios|Stored Power|p1a: Gholdengo
|-resisted|p1a: Gholdengo
|-damage|p1a: Gholdengo|0 fnt
|faint|p1a: Gholdengo
|
|upkeep
|
|t:|1769336423
|switch|p1a: Scizor|Scizor, M|100/100
|turn|15
|
|t:|1769336428
|move|p1a: Scizor|Bullet Punch|p2a: Latios
|-damage|p2a: Latios|0 fnt
|faint|p2a: Latios
|
|upkeep
|
|t:|1769336440
|switch|p2a: Manaphy|Manaphy, shiny|100/100
|-damage|p2a: Manaphy|88/100|[from] Stealth Rock
|-damage|p2a: Manaphy|63/100|[from] Spikes
|turn|16
|
|t:|1769336448
|switch|p1a: Slowking|Slowking-Galar, M|100/100
|move|p2a: Manaphy|Tail Glow|p2a: Manaphy
|-boost|p2a: Manaphy|spa|3
|
|upkeep
|turn|17
|
|t:|1769336453
|move|p2a: Manaphy|Surf|p1a: Slowking
|-damage|p1a: Slowking|40/100
|move|p1a: Slowking|Sludge Bomb|p2a: Manaphy
|-damage|p2a: Manaphy|29/100
|-enditem|p2a: Manaphy|Sitrus Berry|[eat]
|-heal|p2a: Manaphy|54/100|[from] item: Sitrus Berry
|
|upkeep
|turn|18
|
|t:|1769336458
|switch|p1a: Rotom|Rotom-Wash|88/100
|move|p2a: Manaphy|Surf|p1a: Rotom
|-resisted|p1a: Rotom
|-damage|p1a: Rotom|40/100
|
|upkeep
|turn|19
|
|t:|1769336471
|move|p2a: Manaphy|Surf|p1a: Rotom
|-resisted|p1a: Rotom
|-damage|p1a: Rotom|0 fnt
|faint|p1a: Rotom
|
|upkeep
|
|t:|1769336474
|switch|p1a: Slowking|Slowking-Galar, M|73/100
|turn|20
|
|t:|1769336476
|move|p2a: Manaphy|Surf|p1a: Slowking
|-damage|p1a: Slowking|21/100
|move|p1a: Slowking|Sludge Bomb|p2a: Manaphy
|-damage|p2a: Manaphy|20/100
|
|upkeep
|turn|21
|-message|rekka auto forfeited.
|
|win|Chigusa_24zono
|raw|rekka auto's rating: 1542 &rarr; <strong>1527</strong><br />(-15 for losing)
|raw|Chigusa_24zono's rating: 1623 &rarr; <strong>1638</strong><br />(+15 for winning)
|l|☆rekka auto
|player|p1|
|l|☆Chigusa_24zono
|player|p2|
