|j|☆Realms4xX
|j|☆bumpered
|t:|1769411022
|gametype|singles
|player|p1|Realms4xX|n|1092
|player|p2|bumpered|roxie|1108
|gen|9
|tier|[Gen 9] OU
|rated|
|rule|HP Percentage Mod: HP is shown in percentages
|rule|Endless Battle Clause: Forcing endless battles is banned
|rule|Species Clause: Limit one of each Pokémon
|rule|OHKO Clause: OHKO moves are banned
|rule|Evasion Items Clause: Evasion items are banned
|rule|Evasion Moves Clause: Evasion moves are banned
|rule|Evasion Abilities Clause: Evasion abilities are banned
|rule|Sleep Moves Clause: Sleep-inducing moves are banned
|clearpoke
|poke|p1|Hydrapple, M|
|poke|p1|Tyranitar, F|
|poke|p1|Moltres|
|poke|p1|Zamazenta-*|
|poke|p1|Slowking-Galar, M|
|poke|p1|Excadrill, F|
|poke|p2|Ninetales, F|
|poke|p2|Slither Wing|
|poke|p2|Leavanny, F|
|poke|p2|Walking Wake|
|poke|p2|Skeledirge, F|
|poke|p2|Great Tusk|
|teampreview
|inactive|Battle timer is ON: inactive players will automatically lose when time's up. (requested by bumpered)
|inactive|Realms4xX has 120 seconds left.
|
|t:|1769411065
|teamsize|p1|6
|teamsize|p2|6
|start
|switch|p1a: Moltres|Moltres|100/100
|switch|p2a: Leavanny|Leavanny, F|100/100
|turn|1
|
|t:|1769411077
|move|p2a: Leavanny|Sticky Web|p1a: Moltres
|-sidestart|p1: Realms4xX|move: Sticky Web
|move|p1a: Moltres|Flamethrower|p2a: Leavanny
|-supereffective|p2a: Leavanny
|-damage|p2a: Leavanny|0 fnt
|faint|p2a: Leavanny
|
|upkeep
|
|t:|1769411082
|switch|p2a: Ninetales|Ninetales, F|100/100
|-weather|SunnyDay|[from] ability: Drought|[of] p2a: Ninetales
|turn|2
|inactive|Realms4xX has 120 seconds left.
|
|t:|1769411118
|switch|p1a: Tyranitar|Tyranitar, F|100/100
|-activate|p1a: Tyranitar|move: Sticky Web
|-unboost|p1a: Tyranitar|spe|1
|-weather|Sandstorm|[from] ability: Sand Stream|[of] p1a: Tyranitar
|move|p2a: Ninetales|Will-O-Wisp|p1a: Tyranitar
|-status|p1a: Tyranitar|brn
|
|-weather|Sandstorm|[upkeep]
|-damage|p2a: Ninetales|94/100|[from] Sandstorm
|-damage|p1a: Tyranitar|94/100 brn|[from] brn
|upkeep
|turn|3
|inactive|Realms4xX has 120 seconds left.
|
|t:|1769411138
|switch|p2a: Great Tusk|Great Tusk|100/100
|move|p1a: Tyranitar|Stealth Rock|p2a: Great Tusk
|-sidestart|p2: bumpered|move: Stealth Rock
|
|-weather|Sandstorm|[upkeep]
|-damage|p1a: Tyranitar|88/100 brn|[from] brn
|upkeep
|turn|4
|inactive|Realms4xX has 90 seconds left.
|
|t:|1769411170
|switch|p1a: Moltres|Moltres|100/100
|move|p2a: Great Tusk|Knock Off|p1a: Moltres
|-damage|p1a: Moltres|77/100
|-enditem|p1a: Moltres|Heavy-Duty Boots|[from] move: Knock Off|[of] p2a: Great Tusk
|
|-weather|Sandstorm|[upkeep]
|-damage|p1a: Moltres|71/100|[from] Sandstorm
|upkeep
|turn|5
|inactive|Realms4xX has 90 seconds left.
|
|t:|1769411183
|-end|p2a: Great Tusk|Protosynthesis|[silent]
|switch|p2a: Ninetales|Ninetales, F|94/100
|-damage|p2a: Ninetales|70/100|[from] Stealth Rock
|-weather|SunnyDay|[from] ability: Drought|[of] p2a: Ninetales
|move|p1a: Moltres|Flamethrower|p2a: Ninetales
|-resisted|p2a: Ninetales
|-damage|p2a: Ninetales|41/100
|
|-weather|SunnyDay|[upkeep]
|upkeep
|turn|6
|inactive|Realms4xX has 90 seconds left.
|
|t:|1769411207
|switch|p2a: Great Tusk|Great Tusk|100/100
|-damage|p2a: Great Tusk|98/100|[from] Stealth Rock
|-activate|p2a: Great Tusk|ability: Protosynthesis
|-start|p2a: Great Tusk|protosynthesisatk
|switch|p1a: Tyranitar|Tyranitar, F|88/100 brn
|-activate|p1a: Tyranitar|move: Sticky Web
|-unboost|p1a: Tyranitar|spe|1
|-weather|Sandstorm|[from] ability: Sand Stream|[of] p1a: Tyranitar
|-end|p2a: Great Tusk|Protosynthesis
|
|-weather|Sandstorm|[upkeep]
|-damage|p1a: Tyranitar|82/100 brn|[from] brn
|upkeep
|turn|7
|inactive|bumpered has 120 seconds left.
|inactive|Realms4xX has 60 seconds left.
|inactive|Realms4xX has 30 seconds left.
|
|t:|1769411269
|switch|p1a: Zamazenta|Zamazenta|100/100
|-activate|p1a: Zamazenta|move: Sticky Web
|-unboost|p1a: Zamazenta|spe|1
|-ability|p1a: Zamazenta|Dauntless Shield|boost
|-boost|p1a: Zamazenta|def|1
|move|p2a: Great Tusk|Stealth Rock|p1a: Zamazenta
|-sidestart|p1: Realms4xX|move: Stealth Rock
|
|-weather|Sandstorm|[upkeep]
|-damage|p1a: Zamazenta|94/100|[from] Sandstorm
|-heal|p1a: Zamazenta|100/100|[from] item: Leftovers
|upkeep
|turn|8
|inactive|Realms4xX has 30 seconds left.
|inactive|bumpered has 120 seconds left.
|
|t:|1769411287
|move|p2a: Great Tusk|Rapid Spin|p1a: Zamazenta
|-damage|p1a: Zamazenta|91/100
|-boost|p2a: Great Tusk|spe|1
|-sideend|p2: bumpered|Stealth Rock|[from] move: Rapid Spin|[of] p2a: Great Tusk
|move|p1a: Zamazenta|Body Press|p2a: Great Tusk
|-damage|p2a: Great Tusk|58/100
|-damage|p1a: Zamazenta|74/100|[from] item: Rocky Helmet|[of] p2a: Great Tusk
|
|-weather|Sandstorm|[upkeep]
|-damage|p1a: Zamazenta|68/100|[from] Sandstorm
|-heal|p1a: Zamazenta|74/100|[from] item: Leftovers
|upkeep
|turn|9
|inactive|Realms4xX has 30 seconds left.
|inactive|bumpered has 120 seconds left.
|inactive|Realms4xX has 20 seconds left.
|
|t:|1769411306
|move|p2a: Great Tusk|Knock Off|p1a: Zamazenta
|-resisted|p1a: Zamazenta
|-damage|p1a: Zamazenta|65/100
|-enditem|p1a: Zamazenta|Leftovers|[from] move: Knock Off|[of] p2a: Great Tusk
|move|p1a: Zamazenta|Iron Defense|p1a: Zamazenta
|-boost|p1a: Zamazenta|def|2
|
|-weather|Sandstorm|[upkeep]
|-damage|p1a: Zamazenta|59/100|[from] Sandstorm
|upkeep
|turn|10
|inactive|Realms4xX has 30 seconds left this turn.
|inactive|bumpered has 120 seconds left.
|
|t:|1769411315
|-end|p2a: Great Tusk|Protosynthesis|[silent]
|switch|p2a: Skeledirge|Skeledirge, F|100/100
|move|p1a: Zamazenta|Body Press|p2a: Skeledirge
|-immune|p2a: Skeledirge
|
|-weather|Sandstorm|[upkeep]
|-damage|p1a: Zamazenta|53/100|[from] Sandstorm
|-damage|p2a: Skeledirge|94/100|[from] Sandstorm
|upkeep
|turn|11
|inactive|Realms4xX has 30 seconds left.
|inactive|bumpered has 120 seconds left.
|inactive|Realms4xX has 20 seconds left.
|
|t:|1769411333
|move|p2a: Skeledirge|Will-O-Wisp|p1a: Zamazenta
|-status|p1a: Zamazenta|brn
|move|p1a: Zamazenta|Roar|p2a: Skeledirge
|drag|p2a: Walking Wake|Walking Wake|100/100
|
|-weather|Sandstorm|[upkeep]
|-damage|p2a: Walking Wake|94/100|[from] Sandstorm
|-damage|p1a: Zamazenta|47/100 brn|[from] Sandstorm
|-damage|p1a: Zamazenta|40/100 brn|[from] brn
|upkeep
|turn|12
|inactive|Realms4xX has 30 seconds left this turn.
|inactive|Realms4xX has 20 seconds left.
|inactive|bumpered has 120 seconds left.
|inactive|Realms4xX has 15 seconds left.
|
|t:|1769411351
|-end|p2a: Walking Wake|Protosynthesis|[silent]
|switch|p2a: Ninetales|Ninetales, F|41/100
|-weather|SunnyDay|[from] ability: Drought|[of] p2a: Ninetales
|switch|p1a: Hydrapple|Hydrapple, M|100/100
|
|-weather|SunnyDay|[upkeep]
|upkeep
|turn|13
|inactive|Realms4xX has 25 seconds left this turn.
|inactive|Realms4xX has 20 seconds left.
|inactive|bumpered has 120 seconds left.
|inactive|Realms4xX has 15 seconds left.
|inactive|Realms4xX has 10 seconds left.
|
|t:|1769411367
|switch|p2a: Slither Wing|Slither Wing|100/100
|-activate|p2a: Slither Wing|ability: Protosynthesis
|-start|p2a: Slither Wing|protosynthesisatk
|move|p1a: Hydrapple|Earth Power|p2a: Slither Wing
|-resisted|p2a: Slither Wing
|-damage|p2a: Slither Wing|91/100
|
|-weather|SunnyDay|[upkeep]
|upkeep
|turn|14
|inactive|Realms4xX has 20 seconds left this turn.
|inactive|Realms4xX has 15 seconds left.
|inactive|bumpered has 120 seconds left.
|inactive|Realms4xX has 10 seconds left.
|
|t:|1769411380
|switch|p1a: Tyranitar|Tyranitar, F|82/100 brn
|-activate|p1a: Tyranitar|move: Sticky Web
|-unboost|p1a: Tyranitar|spe|1
|-damage|p1a: Tyranitar|69/100 brn|[from] Stealth Rock
|-weather|Sandstorm|[from] ability: Sand Stream|[of] p1a: Tyranitar
|-end|p2a: Slither Wing|Protosynthesis
|move|p2a: Slither Wing|First Impression|p1a: Tyranitar
|-supereffective|p1a: Tyranitar
|-damage|p1a: Tyranitar|0 fnt
|faint|p1a: Tyranitar
|
|-weather|Sandstorm|[upkeep]
|-damage|p2a: Slither Wing|85/100|[from] Sandstorm
|upkeep
|inactive|Realms4xX has 15 seconds left this turn.
|inactive|Realms4xX has 10 seconds left.
|inactive|Realms4xX has 5 seconds left.
|-message|Realms4xX lost due to inactivity.
|
|win|bumpered
|raw|Realms4xX's rating: 1092 &rarr; <strong>1069</strong><br />(-23 for losing)
|raw|bumpered's rating: 1108 &rarr; <strong>1132</strong><br />(+24 for winning)
|l|☆bumpered
|player|p2|
