|j|☆Randamore
|j|☆vanzman74
|t:|1769447216
|gametype|singles
|player|p1|Randamore|acetrainer-gen2|1184
|player|p2|vanzman74|2|1190
|gen|9
|tier|[Gen 9] OU
|rated|
|rule|HP Percentage Mod: HP is shown in percentages
|rule|Endless Battle Clause: Forcing endless battles is banned
|rule|Species Clause: Limit one of each Pokémon
|rule|OHKO Clause: OHKO moves are banned
|rule|Evasion Items Clause: Evasion items are banned
|rule|Evasion Moves Clause: Evasion moves are banned
|rule|Evasion Abilities Clause: Evasion abilities are banned
|rule|Sleep Moves Clause: Sleep-inducing moves are banned
|clearpoke
|poke|p1|Houndoom, M|
|poke|p1|Flygon, M|
|poke|p1|Scizor, F|
|poke|p1|Umbreon, M|
|poke|p1|Hydrapple, F|
|poke|p1|Lanturn, F|
|poke|p2|Pecharunt|
|poke|p2|Ceruledge, M|
|poke|p2|Hatterene, F|
|poke|p2|Hoopa-Unbound|
|poke|p2|Primarina, M|
|poke|p2|Weavile, F|
|teampreview
|inactive|Battle timer is ON: inactive players will automatically lose when time's up. (requested by vanzman74)
|
|t:|1769447243
|teamsize|p1|6
|teamsize|p2|6
|start
|switch|p1a: Scizor|Scizor, F|100/100
|switch|p2a: Pecharunt|Pecharunt|100/100
|turn|1
|inactiveoff|Battle timer is now OFF.
|inactive|Battle timer is ON: inactive players will automatically lose when time's up. (requested by vanzman74)
|
|t:|1769447314
|move|p2a: Pecharunt|Parting Shot|p1a: Scizor
|-unboost|p1a: Scizor|atk|1
|-unboost|p1a: Scizor|spa|1
|inactive|vanzman74 has 120 seconds left.
|
|t:|1769447356
|switch|p2a: Hatterene|Hatterene, F|100/100|[from] Parting Shot
|move|p1a: Scizor|Knock Off|p2a: Hatterene
|-damage|p2a: Hatterene|62/100
|-enditem|p2a: Hatterene|Heavy-Duty Boots|[from] move: Knock Off|[of] p1a: Scizor
|-damage|p1a: Scizor|91/100|[from] item: Life Orb
|
|upkeep
|turn|2
|l|☆vanzman74
|inactive|vanzman74 disconnected and has a minute to reconnect!
|player|p2|
|j|☆vanzman74
|inactive|vanzman74 reconnected and has 110 seconds left.
|player|p2|vanzman74|2|
|
|t:|1769447387
|-terastallize|p1a: Scizor|Fighting
|move|p1a: Scizor|Bullet Punch|p2a: Hatterene
|-supereffective|p2a: Hatterene
|-damage|p2a: Hatterene|0 fnt
|faint|p2a: Hatterene
|-damage|p1a: Scizor|81/100|[from] item: Life Orb
|
|upkeep
|
|t:|1769447394
|switch|p2a: Pecharunt|Pecharunt|100/100
|turn|3
|
|t:|1769447412
|switch|p1a: Flygon|Flygon, M|100/100
|move|p2a: Pecharunt|Malignant Chain|p1a: Flygon
|-resisted|p1a: Flygon
|-damage|p1a: Flygon|91/100
|-status|p1a: Flygon|tox
|-start|p1a: Flygon|confusion|[from] ability: Poison Puppeteer|[of] p2a: Pecharunt
|
|-damage|p1a: Flygon|85/100 tox|[from] psn
|upkeep
|turn|4
|
|t:|1769447420
|-activate|p1a: Flygon|confusion
|move|p1a: Flygon|Earthquake|p2a: Pecharunt
|-supereffective|p2a: Pecharunt
|-damage|p2a: Pecharunt|45/100
|move|p2a: Pecharunt|Parting Shot|p1a: Flygon
|-unboost|p1a: Flygon|atk|1
|-unboost|p1a: Flygon|spa|1
|
|t:|1769447426
|switch|p2a: Weavile|Weavile, F|100/100|[from] Parting Shot
|
|-damage|p1a: Flygon|73/100 tox|[from] psn
|upkeep
|turn|5
|inactive|vanzman74 has 120 seconds left.
|
|t:|1769447433
|switch|p1a: Scizor|Scizor, F, tera:Fighting|81/100
|move|p2a: Weavile|Swords Dance|p2a: Weavile
|-boost|p2a: Weavile|atk|2
|
|upkeep
|turn|6
|
|t:|1769447438
|move|p1a: Scizor|Bullet Punch|p2a: Weavile
|-supereffective|p2a: Weavile
|-enditem|p2a: Weavile|Focus Sash
|-damage|p2a: Weavile|1/100
|-enditem|p1a: Scizor|Life Orb|[silent]|[from] ability: Pickpocket|[of] p1a: Scizor
|-item|p2a: Weavile|Life Orb|[from] ability: Pickpocket|[of] p1a: Scizor
|move|p2a: Weavile|Triple Axel|p1a: Scizor
|-damage|p1a: Scizor|57/100
|-damage|p1a: Scizor|9/100
|-damage|p1a: Scizor|0 fnt
|faint|p1a: Scizor
|-hitcount|p1: Scizor|3
|-damage|p2a: Weavile|0 fnt|[from] item: Life Orb
|faint|p2a: Weavile
|
|upkeep
|inactive|vanzman74 has 120 seconds left.
|
|t:|1769447450
|switch|p2a: Pecharunt|Pecharunt|45/100
|switch|p1a: Flygon|Flygon, M|73/100 tox
|turn|7
|
|t:|1769447458
|move|p1a: Flygon|Earthquake|p2a: Pecharunt
|-supereffective|p2a: Pecharunt
|-damage|p2a: Pecharunt|0 fnt
|faint|p2a: Pecharunt
|
|-damage|p1a: Flygon|67/100 tox|[from] psn
|upkeep
|
|t:|1769447464
|switch|p2a: Primarina|Primarina, M|100/100
|turn|8
|
|t:|1769447474
|switch|p1a: Lanturn|Lanturn, F|100/100
|move|p2a: Primarina|Moonblast|p1a: Lanturn
|-damage|p1a: Lanturn|66/100
|
|upkeep
|turn|9
|
|t:|1769447482
|move|p1a: Lanturn|Thunderbolt|p2a: Primarina
|-supereffective|p2a: Primarina
|-damage|p2a: Primarina|46/100
|move|p2a: Primarina|Moonblast|p1a: Lanturn
|-damage|p1a: Lanturn|33/100
|
|upkeep
|turn|10
|
|t:|1769447490
|move|p1a: Lanturn|Thunderbolt|p2a: Primarina
|-supereffective|p2a: Primarina
|-damage|p2a: Primarina|0 fnt
|faint|p2a: Primarina
|
|upkeep
|
|t:|1769447493
|switch|p2a: Ceruledge|Ceruledge, M|100/100
|turn|11
|
|t:|1769447502
|move|p2a: Ceruledge|Poltergeist|p1a: Lanturn
|-activate|p1a: Lanturn|move: Poltergeist|Assault Vest
|-damage|p1a: Lanturn|0 fnt
|faint|p1a: Lanturn
|
|upkeep
|
|t:|1769447506
|switch|p1a: Umbreon|Umbreon, M|100/100
|turn|12
|
|t:|1769447514
|switch|p2a: Hoopa|Hoopa-Unbound|100/100
|move|p1a: Umbreon|Foul Play|p2a: Hoopa
|-damage|p2a: Hoopa|9/100
|
|upkeep
|turn|13
|
|t:|1769447524
|move|p2a: Hoopa|Drain Punch|p1a: Umbreon
|-supereffective|p1a: Umbreon
|-damage|p1a: Umbreon|47/100
|-heal|p2a: Hoopa|38/100|[from] drain|[of] p1a: Umbreon
|move|p1a: Umbreon|Foul Play|p2a: Hoopa
|-damage|p2a: Hoopa|0 fnt
|faint|p2a: Hoopa
|
|-heal|p1a: Umbreon|53/100|[from] item: Leftovers
|upkeep
|
|t:|1769447530
|switch|p2a: Ceruledge|Ceruledge, M|100/100
|turn|14
|c|☆Randamore|gg
|
|t:|1769447537
|move|p1a: Umbreon|Protect|p1a: Umbreon
|-singleturn|p1a: Umbreon|Protect
|move|p2a: Ceruledge|Bitter Blade|p1a: Umbreon
|-activate|p1a: Umbreon|move: Protect
|
|-heal|p1a: Umbreon|59/100|[from] item: Leftovers
|upkeep
|turn|15
|
|t:|1769447542
|move|p2a: Ceruledge|Bitter Blade|p1a: Umbreon
|-damage|p1a: Umbreon|7/100
|move|p1a: Umbreon|Foul Play|p2a: Ceruledge
|-supereffective|p2a: Ceruledge
|-damage|p2a: Ceruledge|0 fnt
|faint|p2a: Ceruledge
|
|win|Randamore
|raw|Randamore's rating: 1184 &rarr; <strong>1209</strong><br />(+25 for winning)
|raw|vanzman74's rating: 1190 &rarr; <strong>1165</strong><br />(-25 for losing)
|l|☆vanzman74
|player|p2|
|l|☆Randamore
|player|p1|
