|j|☆KayNewbie
|j|☆Lancelot_4KOA
|t:|1769326653
|gametype|singles
|player|p1|KayNewbie|hoopster|1132
|player|p2|Lancelot_4KOA|266|1065
|gen|9
|tier|[Gen 9] OU
|rated|
|rule|HP Percentage Mod: HP is shown in percentages
|rule|Endless Battle Clause: Forcing endless battles is banned
|rule|Species Clause: Limit one of each Pokémon
|rule|OHKO Clause: OHKO moves are banned
|rule|Evasion Items Clause: Evasion items are banned
|rule|Evasion Moves Clause: Evasion moves are banned
|rule|Evasion Abilities Clause: Evasion abilities are banned
|rule|Sleep Moves Clause: Sleep-inducing moves are banned
|clearpoke
|poke|p1|Ludicolo, M|
|poke|p1|Politoed, F|
|poke|p1|Skarmory, F|
|poke|p1|Mamoswine, M|
|poke|p1|Slowking-Galar, F|
|poke|p1|Ceruledge, F|
|poke|p2|Diancie|
|poke|p2|Dragonite, M|
|poke|p2|Raging Bolt|
|poke|p2|Corviknight, M|
|poke|p2|Zamazenta-*|
|poke|p2|Great Tusk|
|teampreview
|
|t:|1769326658
|teamsize|p1|6
|teamsize|p2|6
|start
|switch|p1a: Politoed|Politoed, F|100/100
|switch|p2a: Diancie|Diancie, shiny|100/100
|-weather|RainDance|[from] ability: Drizzle|[of] p1a: Politoed
|turn|1
|
|t:|1769326668
|move|p2a: Diancie|Substitute|p2a: Diancie
|-start|p2a: Diancie|Substitute
|-damage|p2a: Diancie|75/100
|move|p1a: Politoed|Weather Ball|p2a: Diancie
|-supereffective|p2a: Diancie
|-end|p2a: Diancie|Substitute
|
|-weather|RainDance|[upkeep]
|-heal|p2a: Diancie|82/100|[from] item: Leftovers
|upkeep
|turn|2
|
|t:|1769326678
|move|p2a: Diancie|Stealth Rock|p1a: Politoed
|-sidestart|p1: KayNewbie|move: Stealth Rock
|move|p1a: Politoed|Weather Ball|p2a: Diancie
|-supereffective|p2a: Diancie
|-damage|p2a: Diancie|0 fnt
|faint|p2a: Diancie
|
|-weather|RainDance|[upkeep]
|upkeep
|
|t:|1769326687
|switch|p2a: Raging Bolt|Raging Bolt|100/100
|-enditem|p2a: Raging Bolt|Booster Energy
|-activate|p2a: Raging Bolt|ability: Protosynthesis|[fromitem]
|-start|p2a: Raging Bolt|protosynthesisspa
|turn|3
|inactive|Battle timer is ON: inactive players will automatically lose when time's up. (requested by KayNewbie)
|
|t:|1769326697
|move|p1a: Politoed|Weather Ball|p2a: Raging Bolt
|-resisted|p2a: Raging Bolt
|-damage|p2a: Raging Bolt|57/100
|move|p2a: Raging Bolt|Thunderbolt|p1a: Politoed
|-supereffective|p1a: Politoed
|-damage|p1a: Politoed|0 fnt
|faint|p1a: Politoed
|
|-weather|RainDance|[upkeep]
|upkeep
|
|t:|1769326700
|switch|p1a: Ludicolo|Ludicolo, M|100/100
|-damage|p1a: Ludicolo|88/100|[from] Stealth Rock
|turn|4
|
|t:|1769326708
|-terastallize|p1a: Ludicolo|Ground
|move|p1a: Ludicolo|Weather Ball|p2a: Raging Bolt
|-resisted|p2a: Raging Bolt
|-damage|p2a: Raging Bolt|15/100
|move|p2a: Raging Bolt|Thunderbolt|p1a: Ludicolo
|-immune|p1a: Ludicolo
|
|-weather|RainDance|[upkeep]
|upkeep
|turn|5
|-message|Lancelot_4KOA forfeited.
|
|win|KayNewbie
|raw|KayNewbie's rating: 1132 &rarr; <strong>1152</strong><br />(+20 for winning)
|raw|Lancelot_4KOA's rating: 1065 &rarr; <strong>1049</strong><br />(-16 for losing)
|l|☆Lancelot_4KOA
|player|p2|
|l|☆KayNewbie
|player|p1|
