|j|☆Zipperlyx
|j|☆Pem779567 phone
|t:|1769403703
|gametype|singles
|player|p1|Zipperlyx|102|1254
|player|p2|Pem779567 phone|1|1212
|gen|9
|tier|[Gen 9] OU
|rated|
|rule|HP Percentage Mod: HP is shown in percentages
|rule|Endless Battle Clause: Forcing endless battles is banned
|rule|Species Clause: Limit one of each Pokémon
|rule|OHKO Clause: OHKO moves are banned
|rule|Evasion Items Clause: Evasion items are banned
|rule|Evasion Moves Clause: Evasion moves are banned
|rule|Evasion Abilities Clause: Evasion abilities are banned
|rule|Sleep Moves Clause: Sleep-inducing moves are banned
|clearpoke
|poke|p1|Raging Bolt|
|poke|p1|Ting-Lu|
|poke|p1|Dragonite, F|
|poke|p1|Ogerpon-Wellspring, F|
|poke|p1|Iron Treads|
|poke|p1|Kingambit, F|
|poke|p2|Samurott-Hisui, F|
|poke|p2|Slowking-Galar, M|
|poke|p2|Entei|
|poke|p2|Rillaboom, F|
|poke|p2|Salamence, M|
|poke|p2|Ninetales-Alola, M|
|teampreview
|inactive|Battle timer is ON: inactive players will automatically lose when time's up. (requested by Pem779567 phone)
|inactive|Zipperlyx also wants the timer to be on.
|
|t:|1769403728
|teamsize|p1|6
|teamsize|p2|6
|start
|switch|p1a: Ting-Lu|Ting-Lu|100/100
|switch|p2a: Rillaboom|Rillaboom, F|100/100
|-fieldstart|move: Grassy Terrain|[from] ability: Grassy Surge|[of] p2a: Rillaboom
|-ability|p1a: Ting-Lu|Vessel of Ruin
|turn|1
|
|t:|1769403738
|move|p2a: Rillaboom|Drum Beating|p1a: Ting-Lu
|-supereffective|p1a: Ting-Lu
|-damage|p1a: Ting-Lu|44/100
|-unboost|p1a: Ting-Lu|spe|1
|-enditem|p1a: Ting-Lu|Red Card|[of] p2a: Rillaboom
|drag|p2a: Salamence|Salamence, M|100/100
|-enditem|p2a: Salamence|Grassy Seed
|-boost|p2a: Salamence|def|1|[from] item: Grassy Seed
|move|p1a: Ting-Lu|Stealth Rock|p2a: Salamence
|-sidestart|p2: Pem779567 phone|move: Stealth Rock
|
|-heal|p1a: Ting-Lu|50/100|[from] Grassy Terrain
|upkeep
|turn|2
|
|t:|1769403750
|switch|p2a: Rillaboom|Rillaboom, F|100/100
|-damage|p2a: Rillaboom|88/100|[from] Stealth Rock
|move|p1a: Ting-Lu|Whirlwind|p2a: Rillaboom
|drag|p2a: Samurott|Samurott-Hisui, F|100/100
|-damage|p2a: Samurott|88/100|[from] Stealth Rock
|
|-heal|p2a: Samurott|94/100|[from] Grassy Terrain
|-heal|p1a: Ting-Lu|56/100|[from] Grassy Terrain
|upkeep
|turn|3
|
|t:|1769403761
|switch|p1a: Ogerpon|Ogerpon-Wellspring, F|100/100
|move|p2a: Samurott|Aqua Cutter|p1a: Ogerpon
|-immune|p1a: Ogerpon|[from] ability: Water Absorb
|
|-heal|p2a: Samurott|100/100|[from] Grassy Terrain
|upkeep
|turn|4
|
|t:|1769403771
|switch|p2a: Ninetales|Ninetales-Alola, M|100/100
|-damage|p2a: Ninetales|76/100|[from] Stealth Rock
|-weather|Snowscape|[from] ability: Snow Warning|[of] p2a: Ninetales
|move|p1a: Ogerpon|Knock Off|p2a: Ninetales
|-resisted|p2a: Ninetales
|-damage|p2a: Ninetales|57/100
|-enditem|p2a: Ninetales|Light Clay|[from] move: Knock Off|[of] p1a: Ogerpon
|
|-weather|Snowscape|[upkeep]
|-heal|p2a: Ninetales|63/100|[from] Grassy Terrain
|upkeep
|turn|5
|
|t:|1769403778
|move|p1a: Ogerpon|Ivy Cudgel|p2a: Ninetales|[anim] Ivy Cudgel Water
|-damage|p2a: Ninetales|3/100
|move|p2a: Ninetales|Aurora Veil|p2a: Ninetales
|-sidestart|p2: Pem779567 phone|move: Aurora Veil
|
|-weather|Snowscape|[upkeep]
|-heal|p2a: Ninetales|9/100|[from] Grassy Terrain
|-fieldend|move: Grassy Terrain
|upkeep
|turn|6
|
|t:|1769403782
|move|p1a: Ogerpon|U-turn|p2a: Ninetales
|-resisted|p2a: Ninetales
|-damage|p2a: Ninetales|2/100
|
|t:|1769403789
|switch|p1a: Iron Treads|Iron Treads|100/100|[from] U-turn
|-item|p1a: Iron Treads|Air Balloon
|move|p2a: Ninetales|Freeze-Dry|p1a: Iron Treads
|-damage|p1a: Iron Treads|61/100
|-enditem|p1a: Iron Treads|Air Balloon
|
|-weather|Snowscape|[upkeep]
|upkeep
|turn|7
|
|t:|1769403795
|move|p2a: Ninetales|Freeze-Dry|p1a: Iron Treads
|-damage|p1a: Iron Treads|20/100
|move|p1a: Iron Treads|Rapid Spin|p2a: Ninetales
|-damage|p2a: Ninetales|0 fnt
|-boost|p1a: Iron Treads|spe|1
|faint|p2a: Ninetales
|
|-weather|Snowscape|[upkeep]
|upkeep
|
|t:|1769403801
|switch|p2a: Rillaboom|Rillaboom, F|88/100
|-damage|p2a: Rillaboom|76/100|[from] Stealth Rock
|-fieldstart|move: Grassy Terrain|[from] ability: Grassy Surge|[of] p2a: Rillaboom
|turn|8
|
|t:|1769403805
|move|p2a: Rillaboom|Grassy Glide|p1a: Iron Treads
|-damage|p1a: Iron Treads|0 fnt
|faint|p1a: Iron Treads
|-end|p1a: Iron Treads|Quark Drive|[silent]
|
|-weather|none
|-heal|p2a: Rillaboom|82/100|[from] Grassy Terrain
|upkeep
|
|t:|1769403811
|switch|p1a: Dragonite|Dragonite, F|100/100
|turn|9
|
|t:|1769403815
|move|p2a: Rillaboom|Drum Beating|p1a: Dragonite
|-resisted|p1a: Dragonite
|-damage|p1a: Dragonite|92/100
|-unboost|p1a: Dragonite|spe|1
|move|p1a: Dragonite|Dragon Dance|p1a: Dragonite
|-boost|p1a: Dragonite|atk|1
|-boost|p1a: Dragonite|spe|1
|
|-heal|p2a: Rillaboom|88/100|[from] Grassy Terrain
|-sideend|p2: Pem779567 phone|move: Aurora Veil
|upkeep
|turn|10
|
|t:|1769403826
|move|p2a: Rillaboom|Knock Off|p1a: Dragonite
|-damage|p1a: Dragonite|57/100
|-enditem|p1a: Dragonite|Loaded Dice|[from] move: Knock Off|[of] p2a: Rillaboom
|move|p1a: Dragonite|Dragon Dance|p1a: Dragonite
|-boost|p1a: Dragonite|atk|1
|-boost|p1a: Dragonite|spe|1
|
|-heal|p2a: Rillaboom|94/100|[from] Grassy Terrain
|upkeep
|turn|11
|
|t:|1769403833
|move|p1a: Dragonite|Fire Punch|p2a: Rillaboom
|-supereffective|p2a: Rillaboom
|-damage|p2a: Rillaboom|0 fnt
|faint|p2a: Rillaboom
|
|upkeep
|
|t:|1769403837
|switch|p2a: Samurott|Samurott-Hisui, F|100/100
|-damage|p2a: Samurott|88/100|[from] Stealth Rock
|turn|12
|
|t:|1769403842
|move|p2a: Samurott|Ceaseless Edge|p1a: Dragonite
|-damage|p1a: Dragonite|5/100
|-sidestart|p1: Zipperlyx|Spikes
|move|p1a: Dragonite|Scale Shot|p2a: Samurott
|-damage|p2a: Samurott|53/100
|-damage|p2a: Samurott|15/100
|-damage|p2a: Samurott|0 fnt
|faint|p2a: Samurott
|-hitcount|p2: Samurott|3
|-unboost|p1a: Dragonite|def|1
|-boost|p1a: Dragonite|spe|1
|
|-fieldend|move: Grassy Terrain
|upkeep
|
|t:|1769403850
|switch|p2a: Entei|Entei|100/100
|-damage|p2a: Entei|76/100|[from] Stealth Rock
|turn|13
|
|t:|1769403854
|move|p2a: Entei|Extreme Speed|p1a: Dragonite
|-damage|p1a: Dragonite|0 fnt
|faint|p1a: Dragonite
|
|upkeep
|
|t:|1769403865
|switch|p1a: Ogerpon|Ogerpon-Wellspring, F|100/100
|-damage|p1a: Ogerpon|88/100|[from] Spikes
|turn|14
|
|t:|1769403871
|switch|p2a: Slowking|Slowking-Galar, M, shiny|100/100
|-damage|p2a: Slowking|88/100|[from] Stealth Rock
|move|p1a: Ogerpon|Knock Off|p2a: Slowking
|-supereffective|p2a: Slowking
|-damage|p2a: Slowking|14/100
|-enditem|p2a: Slowking|Leftovers|[from] move: Knock Off|[of] p1a: Ogerpon
|
|upkeep
|turn|15
|
|t:|1769403878
|move|p1a: Ogerpon|Knock Off|p2a: Slowking
|-supereffective|p2a: Slowking
|-damage|p2a: Slowking|0 fnt
|faint|p2a: Slowking
|
|upkeep
|
|t:|1769403884
|switch|p2a: Salamence|Salamence, M|100/100
|-damage|p2a: Salamence|76/100|[from] Stealth Rock
|turn|16
|
|t:|1769403889
|move|p1a: Ogerpon|U-turn|p2a: Salamence
|-resisted|p2a: Salamence
|-damage|p2a: Salamence|55/100
|
|t:|1769403891
|switch|p1a: Kingambit|Kingambit, F|100/100|[from] U-turn
|-damage|p1a: Kingambit|88/100|[from] Spikes
|-activate|p1a: Kingambit|ability: Supreme Overlord
|-start|p1a: Kingambit|fallen2|[silent]
|move|p2a: Salamence|Dragon Dance|p2a: Salamence
|-boost|p2a: Salamence|atk|1
|-boost|p2a: Salamence|spe|1
|
|-heal|p1a: Kingambit|94/100|[from] item: Leftovers
|upkeep
|turn|17
|
|t:|1769403897
|-terastallize|p2a: Salamence|Steel
|move|p1a: Kingambit|Sucker Punch|p2a: Salamence
|-damage|p2a: Salamence|0 fnt
|faint|p2a: Salamence
|
|-heal|p1a: Kingambit|99/100|[from] item: Leftovers
|upkeep
|
|t:|1769403902
|switch|p2a: Entei|Entei|76/100
|-damage|p2a: Entei|51/100|[from] Stealth Rock
|turn|18
|
|t:|1769403904
|move|p1a: Kingambit|Sucker Punch|p2a: Entei
|-damage|p2a: Entei|1/100
|move|p2a: Entei|Sacred Fire|p1a: Kingambit
|-supereffective|p1a: Kingambit
|-damage|p1a: Kingambit|0 fnt
|faint|p1a: Kingambit
|-end|p1a: Kingambit|fallen2|[silent]
|
|upkeep
|
|t:|1769403907
|switch|p1a: Raging Bolt|Raging Bolt|100/100
|-damage|p1a: Raging Bolt|88/100|[from] Spikes
|-enditem|p1a: Raging Bolt|Booster Energy
|-activate|p1a: Raging Bolt|ability: Protosynthesis|[fromitem]
|-start|p1a: Raging Bolt|protosynthesisspa
|turn|19
|
|t:|1769403909
|move|p1a: Raging Bolt|Thunderclap|p2a: Entei
|-damage|p2a: Entei|0 fnt
|faint|p2a: Entei
|
|win|Zipperlyx
|raw|Zipperlyx's rating: 1254 &rarr; <strong>1276</strong><br />(+22 for winning)
|raw|Pem779567 phone's rating: 1212 &rarr; <strong>1190</strong><br />(-22 for losing)
|l|☆Pem779567 phone
|player|p2|
|l|☆Zipperlyx
|player|p1|
