|j|☆Rod3
|j|☆uberdu
|t:|1769355495
|gametype|singles
|player|p1|Rod3|169|1382
|player|p2|uberdu|169|1349
|gen|9
|tier|[Gen 9] OU
|rated|
|rule|HP Percentage Mod: HP is shown in percentages
|rule|Endless Battle Clause: Forcing endless battles is banned
|rule|Species Clause: Limit one of each Pokémon
|rule|OHKO Clause: OHKO moves are banned
|rule|Evasion Items Clause: Evasion items are banned
|rule|Evasion Moves Clause: Evasion moves are banned
|rule|Evasion Abilities Clause: Evasion abilities are banned
|rule|Sleep Moves Clause: Sleep-inducing moves are banned
|clearpoke
|poke|p1|Primarina, M|
|poke|p1|Great Tusk|
|poke|p1|Kingambit, F|
|poke|p1|Slowking-Galar, M|
|poke|p1|Ogerpon, F|
|poke|p1|Enamorus, F|
|poke|p2|Zamazenta-*|
|poke|p2|Muk-Alola, F|
|poke|p2|Corviknight, M|
|poke|p2|Hatterene, F|
|poke|p2|Volcanion|
|poke|p2|Shaymin|
|teampreview
|inactive|Battle timer is ON: inactive players will automatically lose when time's up. (requested by Rod3)
|
|t:|1769355510
|teamsize|p1|6
|teamsize|p2|6
|start
|switch|p1a: Primarina|Primarina, M|100/100
|switch|p2a: Volcanion|Volcanion|100/100
|turn|1
|
|t:|1769355517
|switch|p1a: Slowking|Slowking-Galar, M|100/100
|move|p2a: Volcanion|Substitute|p2a: Volcanion
|-start|p2a: Volcanion|Substitute
|-damage|p2a: Volcanion|76/100
|
|-heal|p2a: Volcanion|82/100|[from] item: Leftovers
|upkeep
|turn|2
|
|t:|1769355520
|move|p2a: Volcanion|Earth Power|p1a: Slowking
|-supereffective|p1a: Slowking
|-damage|p1a: Slowking|64/100
|move|p1a: Slowking|Sludge Bomb|p2a: Volcanion
|-end|p2a: Volcanion|Substitute
|
|-heal|p2a: Volcanion|88/100|[from] item: Leftovers
|upkeep
|turn|3
|
|t:|1769355531
|switch|p2a: Corviknight|Corviknight, M|100/100
|-ability|p2a: Corviknight|Pressure
|move|p1a: Slowking|Psychic Noise|p2a: Corviknight
|-resisted|p2a: Corviknight
|-damage|p2a: Corviknight|87/100
|-start|p2a: Corviknight|move: Heal Block
|
|upkeep
|turn|4
|
|t:|1769355536
|move|p2a: Corviknight|U-turn|p1a: Slowking
|-damage|p1a: Slowking|53/100
|
|t:|1769355539
|switch|p2a: Muk|Muk-Alola, F|100/100|[from] U-turn
|move|p1a: Slowking|Flamethrower|p2a: Muk
|-damage|p2a: Muk|87/100
|
|-heal|p2a: Muk|93/100|[from] item: Leftovers
|upkeep
|turn|5
|
|t:|1769355545
|switch|p1a: Kingambit|Kingambit, F|100/100
|move|p2a: Muk|Knock Off|p1a: Kingambit
|-resisted|p1a: Kingambit
|-damage|p1a: Kingambit|88/100
|-enditem|p1a: Kingambit|Leftovers|[from] move: Knock Off|[of] p2a: Muk
|
|-heal|p2a: Muk|99/100|[from] item: Leftovers
|upkeep
|turn|6
|
|t:|1769355560
|switch|p2a: Zamazenta|Zamazenta|100/100
|-ability|p2a: Zamazenta|Dauntless Shield|boost
|-boost|p2a: Zamazenta|def|1
|-end|p1a: Kingambit|fallenundefined|[silent]
|switch|p1a: Great Tusk|Great Tusk|100/100
|
|upkeep
|turn|7
|
|t:|1769355566
|move|p2a: Zamazenta|Iron Defense|p2a: Zamazenta
|-boost|p2a: Zamazenta|def|2
|move|p1a: Great Tusk|Stealth Rock|p2a: Zamazenta
|-sidestart|p2: uberdu|move: Stealth Rock
|
|upkeep
|turn|8
|
|t:|1769355573
|-end|p1a: Great Tusk|Protosynthesis|[silent]
|switch|p1a: Primarina|Primarina, M|100/100
|move|p2a: Zamazenta|Iron Defense|p2a: Zamazenta
|-boost|p2a: Zamazenta|def|2
|
|upkeep
|turn|9
|
|t:|1769355577
|-terastallize|p2a: Zamazenta|Steel
|move|p2a: Zamazenta|Body Press|p1a: Primarina
|-resisted|p1a: Primarina
|-damage|p1a: Primarina|16/100
|move|p1a: Primarina|Substitute|p1a: Primarina
|-fail|p1a: Primarina|move: Substitute|[weak]
|
|-heal|p1a: Primarina|22/100|[from] item: Leftovers
|upkeep
|turn|10
|
|t:|1769355600
|switch|p1a: Slowking|Slowking-Galar, M|87/100
|move|p2a: Zamazenta|Body Press|p1a: Slowking
|-resisted|p1a: Slowking
|-damage|p1a: Slowking|68/100
|
|upkeep
|turn|11
|
|t:|1769355611
|move|p2a: Zamazenta|Crunch|p1a: Slowking
|-supereffective|p1a: Slowking
|-damage|p1a: Slowking|36/100
|move|p1a: Slowking|Flamethrower|p2a: Zamazenta
|-supereffective|p2a: Zamazenta
|-crit|p2a: Zamazenta
|-damage|p2a: Zamazenta|44/100
|
|-heal|p2a: Zamazenta|50/100|[from] item: Leftovers
|upkeep
|turn|12
|
|t:|1769355632
|switch|p1a: Great Tusk|Great Tusk|100/100
|move|p2a: Zamazenta|Crunch|p1a: Great Tusk
|-resisted|p1a: Great Tusk
|-damage|p1a: Great Tusk|92/100
|-unboost|p1a: Great Tusk|def|1
|-damage|p2a: Zamazenta|33/100|[from] item: Rocky Helmet|[of] p1a: Great Tusk
|
|-heal|p2a: Zamazenta|39/100|[from] item: Leftovers
|upkeep
|turn|13
|
|t:|1769355639
|-end|p1a: Great Tusk|Protosynthesis|[silent]
|switch|p1a: Slowking|Slowking-Galar, M|69/100
|move|p2a: Zamazenta|Body Press|p1a: Slowking
|-resisted|p1a: Slowking
|-damage|p1a: Slowking|50/100
|
|-heal|p2a: Zamazenta|45/100|[from] item: Leftovers
|upkeep
|turn|14
|
|t:|1769355645
|move|p2a: Zamazenta|Crunch|p1a: Slowking
|-supereffective|p1a: Slowking
|-damage|p1a: Slowking|16/100
|-unboost|p1a: Slowking|def|1
|move|p1a: Slowking|Flamethrower|p2a: Zamazenta
|-supereffective|p2a: Zamazenta
|-damage|p2a: Zamazenta|8/100
|
|-heal|p2a: Zamazenta|14/100|[from] item: Leftovers
|upkeep
|turn|15
|
|t:|1769355656
|switch|p1a: Enamorus|Enamorus, F|100/100
|move|p2a: Zamazenta|Body Press|p1a: Enamorus
|-resisted|p1a: Enamorus
|-crit|p1a: Enamorus
|-damage|p1a: Enamorus|41/100
|
|-heal|p2a: Zamazenta|20/100|[from] item: Leftovers
|upkeep
|turn|16
|
|t:|1769355663
|move|p1a: Enamorus|Mystical Fire|p2a: Zamazenta
|-supereffective|p2a: Zamazenta
|-damage|p2a: Zamazenta|0 fnt
|faint|p2a: Zamazenta
|
|upkeep
|
|t:|1769355673
|switch|p2a: Volcanion|Volcanion|88/100
|-damage|p2a: Volcanion|63/100|[from] Stealth Rock
|turn|17
|
|t:|1769355679
|switch|p1a: Slowking|Slowking-Galar, M|49/100
|move|p2a: Volcanion|Substitute|p2a: Volcanion
|-start|p2a: Volcanion|Substitute
|-damage|p2a: Volcanion|38/100
|
|-heal|p2a: Volcanion|44/100|[from] item: Leftovers
|upkeep
|turn|18
|
|t:|1769355682
|move|p2a: Volcanion|Earth Power|p1a: Slowking
|-supereffective|p1a: Slowking
|-damage|p1a: Slowking|12/100
|-unboost|p1a: Slowking|spd|1
|move|p1a: Slowking|Sludge Bomb|p2a: Volcanion
|-end|p2a: Volcanion|Substitute
|
|-heal|p2a: Volcanion|50/100|[from] item: Leftovers
|upkeep
|turn|19
|
|t:|1769355696
|switch|p1a: Great Tusk|Great Tusk|92/100
|move|p2a: Volcanion|Flamethrower|p1a: Great Tusk
|-damage|p1a: Great Tusk|10/100
|
|-heal|p2a: Volcanion|56/100|[from] item: Leftovers
|upkeep
|turn|20
|
|t:|1769355702
|switch|p2a: Corviknight|Corviknight, M|87/100
|-damage|p2a: Corviknight|75/100|[from] Stealth Rock
|-ability|p2a: Corviknight|Pressure
|move|p1a: Great Tusk|Headlong Rush|p2a: Corviknight
|-immune|p2a: Corviknight
|
|upkeep
|turn|21
|
|t:|1769355711
|-end|p1a: Great Tusk|Protosynthesis|[silent]
|switch|p1a: Primarina|Primarina, M|22/100
|move|p2a: Corviknight|Defog|p1a: Primarina
|-unboost|p1a: Primarina|evasion|1
|-sideend|p2: uberdu|Stealth Rock|[from] move: Defog|[of] p2a: Corviknight
|
|-heal|p1a: Primarina|28/100|[from] item: Leftovers
|upkeep
|turn|22
|
|t:|1769355717
|switch|p2a: Hatterene|Hatterene, F|100/100
|move|p1a: Primarina|Moonblast|p2a: Hatterene
|-damage|p2a: Hatterene|60/100
|-unboost|p2a: Hatterene|spa|1
|
|-heal|p1a: Primarina|34/100|[from] item: Leftovers
|upkeep
|turn|23
|
|t:|1769355726
|move|p1a: Primarina|Moonblast|p2a: Hatterene
|-damage|p2a: Hatterene|20/100
|move|p2a: Hatterene|Psyshock|p1a: Primarina
|-damage|p1a: Primarina|0 fnt
|faint|p1a: Primarina
|
|upkeep
|
|t:|1769355744
|switch|p1a: Enamorus|Enamorus, F|41/100
|turn|24
|
|t:|1769355751
|switch|p2a: Muk|Muk-Alola, F|99/100
|move|p1a: Enamorus|Earth Power|p2a: Muk
|-supereffective|p2a: Muk
|-damage|p2a: Muk|59/100
|
|-heal|p2a: Muk|65/100|[from] item: Leftovers
|upkeep
|turn|25
|
|t:|1769355762
|switch|p1a: Kingambit|Kingambit, F|88/100
|-activate|p1a: Kingambit|ability: Supreme Overlord
|-start|p1a: Kingambit|fallen1|[silent]
|move|p2a: Muk|Poison Jab|p1a: Kingambit
|-immune|p1a: Kingambit
|
|-heal|p2a: Muk|71/100|[from] item: Leftovers
|upkeep
|turn|26
|
|t:|1769355768
|switch|p2a: Hatterene|Hatterene, F|20/100
|move|p1a: Kingambit|Iron Head|p2a: Hatterene
|-supereffective|p2a: Hatterene
|-damage|p2a: Hatterene|0 fnt
|faint|p2a: Hatterene
|
|upkeep
|
|t:|1769355772
|switch|p2a: Volcanion|Volcanion|56/100
|turn|27
|
|t:|1769355778
|move|p2a: Volcanion|Flamethrower|p1a: Kingambit
|-supereffective|p1a: Kingambit
|-crit|p1a: Kingambit
|-damage|p1a: Kingambit|0 fnt
|faint|p1a: Kingambit
|-end|p1a: Kingambit|fallen1|[silent]
|
|-heal|p2a: Volcanion|62/100|[from] item: Leftovers
|upkeep
|
|t:|1769355789
|switch|p1a: Great Tusk|Great Tusk|10/100
|turn|28
|
|t:|1769355798
|switch|p2a: Shaymin|Shaymin, shiny|100/100
|move|p1a: Great Tusk|Stealth Rock|p2a: Shaymin
|-sidestart|p2: uberdu|move: Stealth Rock
|
|upkeep
|turn|29
|
|t:|1769355802
|-end|p1a: Great Tusk|Protosynthesis|[silent]
|switch|p1a: Slowking|Slowking-Galar, M|45/100
|move|p2a: Shaymin|Earth Power|p1a: Slowking
|-supereffective|p1a: Slowking
|-damage|p1a: Slowking|18/100
|
|upkeep
|turn|30
|
|t:|1769355808
|switch|p1a: Enamorus|Enamorus, F|41/100
|move|p2a: Shaymin|Earth Power|p1a: Enamorus
|-immune|p1a: Enamorus
|
|upkeep
|turn|31
|
|t:|1769355815
|switch|p2a: Muk|Muk-Alola, F|71/100
|-damage|p2a: Muk|59/100|[from] Stealth Rock
|move|p1a: Enamorus|Mystical Fire|p2a: Muk
|-damage|p2a: Muk|42/100
|-unboost|p2a: Muk|spa|1
|
|-heal|p2a: Muk|48/100|[from] item: Leftovers
|upkeep
|turn|32
|inactive|Rod3 has 120 seconds left.
|
|t:|1769355860
|move|p1a: Enamorus|Mystical Fire|p2a: Muk
|-damage|p2a: Muk|32/100
|-unboost|p2a: Muk|spa|1
|move|p2a: Muk|Poison Jab|p1a: Enamorus
|-supereffective|p1a: Enamorus
|-damage|p1a: Enamorus|0 fnt
|faint|p1a: Enamorus
|
|-heal|p2a: Muk|38/100|[from] item: Leftovers
|upkeep
|
|t:|1769355866
|switch|p1a: Ogerpon|Ogerpon, F|100/100
|turn|33
|
|t:|1769355874
|move|p1a: Ogerpon|U-turn|p2a: Muk
|-damage|p2a: Muk|5/100
|
|t:|1769355877
|switch|p1a: Great Tusk|Great Tusk|10/100|[from] U-turn
|move|p2a: Muk|Poison Jab|p1a: Great Tusk
|-resisted|p1a: Great Tusk
|-damage|p1a: Great Tusk|0 fnt
|-damage|p2a: Muk|0 fnt|[from] item: Rocky Helmet|[of] p1a: Great Tusk
|faint|p1a: Great Tusk
|-end|p1a: Great Tusk|Protosynthesis|[silent]
|faint|p2a: Muk
|
|upkeep
|
|t:|1769355884
|switch|p1a: Slowking|Slowking-Galar, M|51/100
|switch|p2a: Corviknight|Corviknight, M|75/100
|-damage|p2a: Corviknight|63/100|[from] Stealth Rock
|-ability|p2a: Corviknight|Pressure
|turn|34
|
|t:|1769355890
|move|p2a: Corviknight|Defog|p1a: Slowking
|-unboost|p1a: Slowking|evasion|1
|-sideend|p2: uberdu|Stealth Rock|[from] move: Defog|[of] p2a: Corviknight
|move|p1a: Slowking|Flamethrower|p2a: Corviknight
|-supereffective|p2a: Corviknight
|-damage|p2a: Corviknight|22/100
|
|upkeep
|turn|35
|
|t:|1769355895
|move|p2a: Corviknight|Roost|p2a: Corviknight
|-heal|p2a: Corviknight|72/100
|-singleturn|p2a: Corviknight|move: Roost
|move|p1a: Slowking|Psychic Noise|p2a: Corviknight
|-resisted|p2a: Corviknight
|-damage|p2a: Corviknight|58/100
|-start|p2a: Corviknight|move: Heal Block
|
|upkeep
|turn|36
|
|t:|1769355901
|switch|p2a: Volcanion|Volcanion|62/100
|move|p1a: Slowking|Sludge Bomb|p2a: Volcanion
|-damage|p2a: Volcanion|29/100
|
|-heal|p2a: Volcanion|35/100|[from] item: Leftovers
|upkeep
|turn|37
|
|t:|1769355924
|switch|p2a: Shaymin|Shaymin, shiny|100/100
|switch|p1a: Ogerpon|Ogerpon, F|100/100
|
|upkeep
|turn|38
|
|t:|1769355928
|switch|p2a: Corviknight|Corviknight, M|58/100
|-ability|p2a: Corviknight|Pressure
|move|p1a: Ogerpon|U-turn|p2a: Corviknight
|-resisted|p2a: Corviknight
|-damage|p2a: Corviknight|53/100
|-damage|p1a: Ogerpon|84/100|[from] item: Rocky Helmet|[of] p2a: Corviknight
|
|t:|1769355931
|switch|p1a: Slowking|Slowking-Galar, M|84/100|[from] U-turn
|
|upkeep
|turn|39
|
|t:|1769355936
|move|p2a: Corviknight|Roost|p2a: Corviknight
|-heal|p2a: Corviknight|100/100
|-singleturn|p2a: Corviknight|move: Roost
|move|p1a: Slowking|Psychic Noise|p2a: Corviknight
|-resisted|p2a: Corviknight
|-damage|p2a: Corviknight|87/100
|-start|p2a: Corviknight|move: Heal Block
|
|upkeep
|turn|40
|
|t:|1769355953
|move|p2a: Corviknight|U-turn|p1a: Slowking
|-damage|p1a: Slowking|74/100
|
|t:|1769355955
|switch|p2a: Volcanion|Volcanion|35/100|[from] U-turn
|move|p1a: Slowking|Flamethrower|p2a: Volcanion
|-resisted|p2a: Volcanion
|-damage|p2a: Volcanion|29/100
|
|-heal|p2a: Volcanion|35/100|[from] item: Leftovers
|upkeep
|turn|41
|
|t:|1769355966
|move|p2a: Volcanion|Earth Power|p1a: Slowking
|-supereffective|p1a: Slowking
|-damage|p1a: Slowking|37/100
|move|p1a: Slowking|Psychic Noise|p2a: Volcanion
|-damage|p2a: Volcanion|7/100
|-start|p2a: Volcanion|move: Heal Block
|
|upkeep
|turn|42
|
|t:|1769355983
|switch|p1a: Ogerpon|Ogerpon, F|84/100
|move|p2a: Volcanion|Flamethrower|p1a: Ogerpon
|-supereffective|p1a: Ogerpon
|-damage|p1a: Ogerpon|0 fnt
|faint|p1a: Ogerpon
|
|-end|p2a: Volcanion|move: Heal Block
|upkeep
|
|t:|1769355985
|switch|p1a: Slowking|Slowking-Galar, M|71/100
|turn|43
|
|t:|1769355995
|switch|p2a: Shaymin|Shaymin, shiny|100/100
|move|p1a: Slowking|Sludge Bomb|p2a: Shaymin
|-supereffective|p2a: Shaymin
|-damage|p2a: Shaymin|30/100
|
|upkeep
|turn|44
|
|t:|1769356001
|move|p2a: Shaymin|Healing Wish|p2a: Shaymin
|faint|p2a: Shaymin
|move|p1a: Slowking|Sludge Bomb|p2: Shaymin|[notarget]
|-fail|p1a: Slowking
|
|upkeep
|
|t:|1769356007
|switch|p2a: Volcanion|Volcanion|7/100
|-heal|p2a: Volcanion|100/100|[from] move: Healing Wish
|turn|45
|
|t:|1769356010
|move|p2a: Volcanion|Earth Power|p1a: Slowking
|-supereffective|p1a: Slowking
|-damage|p1a: Slowking|37/100
|move|p1a: Slowking|Psychic Noise|p2a: Volcanion
|-damage|p2a: Volcanion|70/100
|-start|p2a: Volcanion|move: Heal Block
|
|upkeep
|turn|46
|inactive|Rod3 has 120 seconds left.
|
|t:|1769356042
|move|p2a: Volcanion|Earth Power|p1a: Slowking
|-supereffective|p1a: Slowking
|-damage|p1a: Slowking|1/100
|move|p1a: Slowking|Psychic Noise|p2a: Volcanion
|-damage|p2a: Volcanion|40/100
|
|-end|p2a: Volcanion|move: Heal Block
|upkeep
|turn|47
|
|t:|1769356046
|-terastallize|p1a: Slowking|Ice
|move|p2a: Volcanion|Earth Power|p1a: Slowking
|-damage|p1a: Slowking|0 fnt
|faint|p1a: Slowking
|
|win|uberdu
|raw|Rod3's rating: 1382 &rarr; <strong>1360</strong><br />(-22 for losing)
|raw|uberdu's rating: 1349 &rarr; <strong>1371</strong><br />(+22 for winning)
|l|☆Rod3
|player|p1|
|l|☆uberdu
|player|p2|
