|j|☆LunaBlast
|j|☆CrossGuz
|t:|1769365635
|gametype|singles
|player|p1|LunaBlast|dawn|1521
|player|p2|CrossGuz|1|1553
|gen|9
|tier|[Gen 9] OU
|rated|
|rule|HP Percentage Mod: HP is shown in percentages
|rule|Endless Battle Clause: Forcing endless battles is banned
|rule|Species Clause: Limit one of each Pokémon
|rule|OHKO Clause: OHKO moves are banned
|rule|Evasion Items Clause: Evasion items are banned
|rule|Evasion Moves Clause: Evasion moves are banned
|rule|Evasion Abilities Clause: Evasion abilities are banned
|rule|Sleep Moves Clause: Sleep-inducing moves are banned
|clearpoke
|poke|p1|Ribombee, F|
|poke|p1|Gholdengo|
|poke|p1|Glimmora, M|
|poke|p1|Enamorus, F|
|poke|p1|Iron Moth|
|poke|p1|Kingambit, F|
|poke|p2|Darkrai|
|poke|p2|Ogerpon-Wellspring, F|
|poke|p2|Moltres|
|poke|p2|Great Tusk|
|poke|p2|Alomomola, F|
|poke|p2|Scizor, F|
|teampreview
|inactive|Battle timer is ON: inactive players will automatically lose when time's up. (requested by LunaBlast)
|
|t:|1769365657
|teamsize|p1|6
|teamsize|p2|6
|start
|switch|p1a: Ribombee|Ribombee, F, shiny|100/100
|switch|p2a: fugly|Ogerpon-Wellspring, F|100/100
|turn|1
|
|t:|1769365664
|-terastallize|p2a: fugly|Water
|detailschange|p2a: fugly|Ogerpon-Wellspring-Tera, F, tera:Water
|-ability|p2a: fugly|Embody Aspect (Wellspring)|boost
|-boost|p2a: fugly|spd|1
|move|p1a: Ribombee|Sticky Web|p2a: fugly
|-sidestart|p2: CrossGuz|move: Sticky Web
|move|p2a: fugly|Swords Dance|p2a: fugly
|-boost|p2a: fugly|atk|2
|
|upkeep
|turn|2
|
|t:|1769365672
|move|p1a: Ribombee|Skill Swap||[still]
|-fail|p1a: Ribombee
|move|p2a: fugly|Ivy Cudgel|p1a: Ribombee|[anim] Ivy Cudgel Water
|-enditem|p1a: Ribombee|Focus Sash
|-damage|p1a: Ribombee|1/100
|
|upkeep
|turn|3
|
|t:|1769365679
|move|p1a: Ribombee|Stun Spore|p2a: fugly
|-status|p2a: fugly|par
|move|p2a: fugly|Ivy Cudgel|p1a: Ribombee|[anim] Ivy Cudgel Water
|-damage|p1a: Ribombee|0 fnt
|faint|p1a: Ribombee
|
|upkeep
|
|t:|1769365690
|switch|p1a: Kingambit|Kingambit, F|100/100
|-activate|p1a: Kingambit|ability: Supreme Overlord
|-start|p1a: Kingambit|fallen1|[silent]
|turn|4
|
|t:|1769365696
|move|p2a: fugly|Ivy Cudgel|p1a: Kingambit|[anim] Ivy Cudgel Water
|-crit|p1a: Kingambit
|-damage|p1a: Kingambit|0 fnt
|faint|p1a: Kingambit
|-end|p1a: Kingambit|fallen1|[silent]
|
|upkeep
|
|t:|1769365703
|switch|p1a: Glimmora|Glimmora, M, shiny|100/100
|turn|5
|
|t:|1769365707
|move|p1a: Glimmora|Meteor Beam||[still]
|-prepare|p1a: Glimmora|Meteor Beam
|-boost|p1a: Glimmora|spa|1
|-enditem|p1a: Glimmora|Power Herb
|-anim|p1a: Glimmora|Meteor Beam|p2a: fugly
|-damage|p2a: fugly|23/100 par
|move|p2a: fugly|Ivy Cudgel|p1a: Glimmora|[anim] Ivy Cudgel Water
|-supereffective|p1a: Glimmora
|-damage|p1a: Glimmora|0 fnt
|-activate|p1a: Glimmora|ability: Toxic Debris
|-sidestart|p2: CrossGuz|move: Toxic Spikes
|faint|p1a: Glimmora
|
|upkeep
|
|t:|1769365725
|switch|p1a: Enamorus|Enamorus, F|100/100
|turn|6
|
|t:|1769365730
|switch|p2a: Moltres|Moltres, shiny|100/100
|move|p1a: Enamorus|Moonblast|p2a: Moltres
|-resisted|p2a: Moltres
|-damage|p2a: Moltres|60/100
|-unboost|p2a: Moltres|spa|1
|
|upkeep
|turn|7
|
|t:|1769365757
|-terastallize|p1a: Enamorus|Fairy
|move|p1a: Enamorus|Moonblast|p2a: Moltres
|-resisted|p2a: Moltres
|-damage|p2a: Moltres|7/100
|move|p2a: Moltres|Roost|p2a: Moltres
|-heal|p2a: Moltres|57/100
|-singleturn|p2a: Moltres|move: Roost
|
|upkeep
|turn|8
|
|t:|1769365768
|move|p1a: Enamorus|Moonblast|p2a: Moltres
|-resisted|p2a: Moltres
|-damage|p2a: Moltres|9/100
|move|p2a: Moltres|U-turn|p1a: Enamorus
|-resisted|p1a: Enamorus
|-damage|p1a: Enamorus|88/100
|
|t:|1769365773
|switch|p2a: scizon|Scizor, F, shiny|100/100|[from] U-turn
|-activate|p2a: scizon|move: Sticky Web
|-unboost|p2a: scizon|spe|1
|
|upkeep
|turn|9
|
|t:|1769365782
|switch|p1a: Iron Moth|Iron Moth|100/100
|-enditem|p1a: Iron Moth|Booster Energy
|-activate|p1a: Iron Moth|ability: Quark Drive|[fromitem]
|-start|p1a: Iron Moth|quarkdrivespa
|move|p2a: scizon|Bullet Punch|p1a: Iron Moth
|-resisted|p1a: Iron Moth
|-damage|p1a: Iron Moth|54/100
|
|upkeep
|turn|10
|
|t:|1769365794
|switch|p2a: Alomomola|Alomomola, F, shiny|100/100
|-activate|p2a: Alomomola|move: Sticky Web
|-unboost|p2a: Alomomola|spe|1
|-status|p2a: Alomomola|psn
|move|p1a: Iron Moth|Sludge Wave|p2a: Alomomola
|-damage|p2a: Alomomola|63/100 psn
|
|-damage|p2a: Alomomola|51/100 psn|[from] psn
|upkeep
|turn|11
|
|t:|1769365803
|move|p1a: Iron Moth|Sludge Wave|p2a: Alomomola
|-damage|p2a: Alomomola|15/100 psn
|move|p2a: Alomomola|Flip Turn|p1a: Iron Moth
|-supereffective|p1a: Iron Moth
|-damage|p1a: Iron Moth|2/100
|
|t:|1769365810
|switch|p2a: scizon|Scizor, F, shiny|100/100|[from] Flip Turn
|-activate|p2a: scizon|move: Sticky Web
|-unboost|p2a: scizon|spe|1
|
|upkeep
|turn|12
|
|t:|1769365815
|move|p2a: scizon|Bullet Punch|p1a: Iron Moth
|-resisted|p1a: Iron Moth
|-damage|p1a: Iron Moth|0 fnt
|faint|p1a: Iron Moth
|-end|p1a: Iron Moth|Quark Drive|[silent]
|
|upkeep
|
|t:|1769365816
|switch|p1a: Gholdengo|Gholdengo|100/100
|-item|p1a: Gholdengo|Air Balloon
|turn|13
|
|t:|1769365823
|switch|p2a: Alomomola|Alomomola, F, shiny|49/100 psn
|-activate|p2a: Alomomola|move: Sticky Web
|-unboost|p2a: Alomomola|spe|1
|move|p1a: Gholdengo|Nasty Plot|p1a: Gholdengo
|-boost|p1a: Gholdengo|spa|2
|
|-damage|p2a: Alomomola|36/100 psn|[from] psn
|upkeep
|turn|14
|
|t:|1769365832
|move|p1a: Gholdengo|Shadow Ball|p2a: Alomomola
|-damage|p2a: Alomomola|0 fnt
|faint|p2a: Alomomola
|
|upkeep
|
|t:|1769365859
|switch|p2a: Great Tusk|Great Tusk|100/100
|turn|15
|
|t:|1769365869
|move|p2a: Great Tusk|Ice Spinner|p1a: Gholdengo
|-resisted|p1a: Gholdengo
|-damage|p1a: Gholdengo|91/100
|-enditem|p1a: Gholdengo|Air Balloon
|move|p1a: Gholdengo|Make It Rain|p2a: Great Tusk
|-damage|p2a: Great Tusk|0 fnt
|-unboost|p1a: Gholdengo|spa|1
|faint|p2a: Great Tusk
|-end|p2a: Great Tusk|Protosynthesis|[silent]
|
|upkeep
|inactive|CrossGuz has 120 seconds left.
|
|t:|1769365889
|switch|p2a: balling|Darkrai, shiny|100/100
|-activate|p2a: balling|move: Sticky Web
|-unboost|p2a: balling|spe|1
|-status|p2a: balling|psn
|turn|16
|inactive|CrossGuz has 120 seconds left.
|
|t:|1769365895
|switch|p2a: fugly|Ogerpon-Wellspring-Tera, F, tera:Water|23/100 par
|-activate|p2a: fugly|move: Sticky Web
|-unboost|p2a: fugly|spe|1
|-ability|p2a: fugly|Embody Aspect (Wellspring)|boost
|-boost|p2a: fugly|spd|1
|switch|p1a: Enamorus|Enamorus, F, tera:Fairy|88/100
|
|upkeep
|turn|17
|inactive|CrossGuz has 120 seconds left.
|
|t:|1769365905
|move|p1a: Enamorus|Moonblast|p2a: fugly
|-damage|p2a: fugly|0 fnt
|faint|p2a: fugly
|detailschange|p2: fugly|Ogerpon-Wellspring, F|[silent]
|
|upkeep
|
|t:|1769365909
|switch|p2a: scizon|Scizor, F, shiny|100/100
|-activate|p2a: scizon|move: Sticky Web
|-unboost|p2a: scizon|spe|1
|turn|18
|
|t:|1769365919
|switch|p1a: Gholdengo|Gholdengo|91/100
|move|p2a: scizon|Bullet Punch|p1a: Gholdengo
|-resisted|p1a: Gholdengo
|-damage|p1a: Gholdengo|74/100
|
|upkeep
|turn|19
|
|t:|1769365937
|move|p2a: scizon|Bullet Punch|p1a: Gholdengo
|-resisted|p1a: Gholdengo
|-damage|p1a: Gholdengo|56/100
|move|p1a: Gholdengo|Shadow Ball|p2a: scizon
|-damage|p2a: scizon|55/100
|
|upkeep
|turn|20
|
|t:|1769365944
|move|p2a: scizon|Bullet Punch|p1a: Gholdengo
|-resisted|p1a: Gholdengo
|-damage|p1a: Gholdengo|38/100
|move|p1a: Gholdengo|Shadow Ball|p2a: scizon
|-damage|p2a: scizon|6/100
|
|upkeep
|turn|21
|
|t:|1769365953
|switch|p2a: Moltres|Moltres, shiny|9/100
|move|p1a: Gholdengo|Shadow Ball|p2a: Moltres
|-damage|p2a: Moltres|0 fnt
|faint|p2a: Moltres
|
|upkeep
|
|t:|1769365959
|switch|p2a: balling|Darkrai, shiny|100/100 psn
|-activate|p2a: balling|move: Sticky Web
|-unboost|p2a: balling|spe|1
|turn|22
|
|t:|1769365966
|switch|p1a: Enamorus|Enamorus, F, tera:Fairy|88/100
|move|p2a: balling|Dark Pulse|p1a: Enamorus
|-resisted|p1a: Enamorus
|-damage|p1a: Enamorus|46/100
|
|-damage|p2a: balling|88/100 psn|[from] psn
|upkeep
|turn|23
|
|t:|1769365974
|move|p1a: Enamorus|Moonblast|p2a: balling
|-supereffective|p2a: balling
|-damage|p2a: balling|0 fnt
|faint|p2a: balling
|
|upkeep
|
|t:|1769365979
|switch|p2a: scizon|Scizor, F, shiny|6/100
|-activate|p2a: scizon|move: Sticky Web
|-unboost|p2a: scizon|spe|1
|turn|24
|c|☆LunaBlast|gg
|
|t:|1769365985
|move|p2a: scizon|Bullet Punch|p1a: Enamorus
|-supereffective|p1a: Enamorus
|-damage|p1a: Enamorus|0 fnt
|faint|p1a: Enamorus
|
|upkeep
|
|t:|1769365986
|switch|p1a: Gholdengo|Gholdengo|38/100
|turn|25
|
|t:|1769365991
|move|p2a: scizon|Bullet Punch|p1a: Gholdengo
|-resisted|p1a: Gholdengo
|-damage|p1a: Gholdengo|19/100
|move|p1a: Gholdengo|Shadow Ball|p2a: scizon
|-damage|p2a: scizon|0 fnt
|faint|p2a: scizon
|
|win|LunaBlast
|raw|LunaBlast's rating: 1521 &rarr; <strong>1543</strong><br />(+22 for winning)
|raw|CrossGuz's rating: 1553 &rarr; <strong>1531</strong><br />(-22 for losing)
|l|☆CrossGuz
|player|p2|
