|j|‽maitreyathe
|j|☆ghighas
|t:|1769322445
|gametype|singles
|player|p1|maitreyathe|skyla-masters2|1384
|player|p2|ghighas|ghetsis|1426
|gen|9
|tier|[Gen 9] OU
|rated|
|rule|HP Percentage Mod: HP is shown in percentages
|rule|Endless Battle Clause: Forcing endless battles is banned
|rule|Species Clause: Limit one of each Pokémon
|rule|OHKO Clause: OHKO moves are banned
|rule|Evasion Items Clause: Evasion items are banned
|rule|Evasion Moves Clause: Evasion moves are banned
|rule|Evasion Abilities Clause: Evasion abilities are banned
|rule|Sleep Moves Clause: Sleep-inducing moves are banned
|clearpoke
|poke|p1|Darkrai|
|poke|p1|Great Tusk|
|poke|p1|Gholdengo|
|poke|p1|Kingambit, M|
|poke|p1|Glimmora, M|
|poke|p1|Dragonite, M|
|poke|p2|Barraskewda, F|
|poke|p2|Pelipper, M|
|poke|p2|Dondozo, M|
|poke|p2|Ogerpon-Wellspring, F|
|poke|p2|Goodra-Hisui, M|
|poke|p2|Great Tusk|
|teampreview
|inactive|Battle timer is ON: inactive players will automatically lose when time's up. (requested by maitreyathe)
|
|t:|1769322457
|teamsize|p1|6
|teamsize|p2|6
|start
|switch|p1a: Glimmora|Glimmora, M, shiny|100/100
|switch|p2a: Pelipper|Pelipper, M|100/100
|-weather|RainDance|[from] ability: Drizzle|[of] p2a: Pelipper
|turn|1
|inactive|ghighas has 120 seconds left.
|inactive|ghighas has 90 seconds left.
|
|t:|1769322526
|switch|p2a: Goodra|Goodra-Hisui, M|100/100
|move|p1a: Glimmora|Meteor Beam||[still]
|-prepare|p1a: Glimmora|Meteor Beam
|-boost|p1a: Glimmora|spa|1
|-enditem|p1a: Glimmora|Power Herb
|-anim|p1a: Glimmora|Meteor Beam|p2a: Goodra
|-resisted|p2a: Goodra
|-damage|p2a: Goodra|75/100
|
|-weather|RainDance|[upkeep]
|upkeep
|turn|2
|
|t:|1769322532
|move|p1a: Glimmora|Stealth Rock|p2a: Goodra
|-sidestart|p2: ghighas|move: Stealth Rock
|move|p2a: Goodra|Flash Cannon|p1a: Glimmora
|-supereffective|p1a: Glimmora
|-damage|p1a: Glimmora|28/100
|
|-weather|RainDance|[upkeep]
|upkeep
|turn|3
|inactive|ghighas has 90 seconds left.
|
|t:|1769322552
|move|p1a: Glimmora|Dazzling Gleam|p2a: Goodra
|-damage|p2a: Goodra|54/100
|move|p2a: Goodra|Flash Cannon|p1a: Glimmora
|-supereffective|p1a: Glimmora
|-damage|p1a: Glimmora|0 fnt
|faint|p1a: Glimmora
|
|-weather|RainDance|[upkeep]
|upkeep
|
|t:|1769322563
|switch|p1a: Great Tusk|Great Tusk, shiny|100/100
|-enditem|p1a: Great Tusk|Booster Energy
|-activate|p1a: Great Tusk|ability: Protosynthesis|[fromitem]
|-start|p1a: Great Tusk|protosynthesisspe
|turn|4
|
|t:|1769322577
|switch|p2a: Dondozo|Dondozo, M|100/100
|-damage|p2a: Dondozo|88/100|[from] Stealth Rock
|move|p1a: Great Tusk|Bulk Up|p1a: Great Tusk
|-boost|p1a: Great Tusk|atk|1
|-boost|p1a: Great Tusk|def|1
|
|-weather|RainDance|[upkeep]
|-heal|p2a: Dondozo|94/100|[from] item: Leftovers
|upkeep
|turn|5
|
|t:|1769322585
|-end|p1a: Great Tusk|Protosynthesis|[silent]
|switch|p1a: Darkrai|Darkrai, shiny|100/100
|move|p2a: Dondozo|Wave Crash|p1a: Darkrai
|-damage|p1a: Darkrai|23/100
|-damage|p2a: Dondozo|80/100|[from] Recoil
|
|-weather|RainDance|[upkeep]
|-heal|p2a: Dondozo|86/100|[from] item: Leftovers
|upkeep
|turn|6
|
|t:|1769322591
|-terastallize|p2a: Dondozo|Fighting
|move|p1a: Darkrai|Knock Off|p2a: Dondozo
|-resisted|p2a: Dondozo
|-damage|p2a: Dondozo|75/100
|-enditem|p2a: Dondozo|Leftovers|[from] move: Knock Off|[of] p1a: Darkrai
|move|p2a: Dondozo|Body Press|p1a: Darkrai
|-supereffective|p1a: Darkrai
|-damage|p1a: Darkrai|0 fnt
|faint|p1a: Darkrai
|
|-weather|RainDance|[upkeep]
|upkeep
|
|t:|1769322596
|switch|p1a: Gholdengo|Gholdengo, shiny|100/100
|-item|p1a: Gholdengo|Air Balloon
|turn|7
|
|t:|1769322600
|switch|p2a: Great Tusk|Great Tusk|100/100
|move|p1a: Gholdengo|Nasty Plot|p1a: Gholdengo
|-boost|p1a: Gholdengo|spa|2
|
|-weather|RainDance|[upkeep]
|upkeep
|turn|8
|
|t:|1769322612
|move|p1a: Gholdengo|Dazzling Gleam|p2a: Great Tusk
|-supereffective|p2a: Great Tusk
|-damage|p2a: Great Tusk|0 fnt
|faint|p2a: Great Tusk
|-end|p2a: Great Tusk|Protosynthesis|[silent]
|
|-weather|none
|upkeep
|
|t:|1769322616
|switch|p2a: Pelipper|Pelipper, M|100/100
|-damage|p2a: Pelipper|76/100|[from] Stealth Rock
|-weather|RainDance|[from] ability: Drizzle|[of] p2a: Pelipper
|turn|9
|
|t:|1769322619
|move|p1a: Gholdengo|Shadow Ball|p2a: Pelipper
|-damage|p2a: Pelipper|0 fnt
|faint|p2a: Pelipper
|
|-weather|RainDance|[upkeep]
|upkeep
|
|t:|1769322621
|switch|p2a: Barraskewda|Barraskewda, F, shiny|100/100
|-damage|p2a: Barraskewda|88/100|[from] Stealth Rock
|turn|10
|
|t:|1769322627
|switch|p1a: Great Tusk|Great Tusk, shiny|100/100
|move|p2a: Barraskewda|Liquidation|p1a: Great Tusk
|-supereffective|p1a: Great Tusk
|-crit|p1a: Great Tusk
|-damage|p1a: Great Tusk|0 fnt
|faint|p1a: Great Tusk
|-end|p1a: Great Tusk|Protosynthesis|[silent]
|
|-weather|RainDance|[upkeep]
|upkeep
|
|t:|1769322631
|switch|p1a: Dragonite|Dragonite, M, shiny|100/100
|turn|11
|
|t:|1769322634
|switch|p2a: Dondozo|Dondozo, M, tera:Fighting|75/100
|-damage|p2a: Dondozo|69/100|[from] Stealth Rock
|move|p1a: Dragonite|Dragon Dance|p1a: Dragonite
|-boost|p1a: Dragonite|atk|1
|-boost|p1a: Dragonite|spe|1
|
|-weather|RainDance|[upkeep]
|upkeep
|turn|12
|
|t:|1769322640
|move|p1a: Dragonite|Earthquake|p2a: Dondozo
|-damage|p2a: Dondozo|49/100
|move|p2a: Dondozo|Wave Crash|p1a: Dragonite
|-resisted|p1a: Dragonite
|-damage|p1a: Dragonite|87/100
|-damage|p2a: Dondozo|45/100|[from] Recoil
|
|-weather|RainDance|[upkeep]
|upkeep
|turn|13
|
|t:|1769322644
|move|p1a: Dragonite|Earthquake|p2a: Dondozo
|-damage|p2a: Dondozo|27/100
|move|p2a: Dondozo|Wave Crash|p1a: Dragonite
|-resisted|p1a: Dragonite
|-damage|p1a: Dragonite|59/100
|-damage|p2a: Dondozo|21/100|[from] Recoil
|
|-weather|RainDance|[upkeep]
|upkeep
|turn|14
|
|t:|1769322647
|move|p1a: Dragonite|Earthquake|p2a: Dondozo
|-damage|p2a: Dondozo|2/100
|move|p2a: Dondozo|Rest|p2a: Dondozo
|-status|p2a: Dondozo|slp|[from] move: Rest
|-heal|p2a: Dondozo|100/100 slp|[silent]
|
|-weather|RainDance|[upkeep]
|upkeep
|turn|15
|
|t:|1769322652
|switch|p1a: Gholdengo|Gholdengo, shiny|100/100
|-item|p1a: Gholdengo|Air Balloon
|switch|p2a: Ogerpon|Ogerpon-Wellspring, F|100/100
|-damage|p2a: Ogerpon|88/100|[from] Stealth Rock
|
|-weather|RainDance|[upkeep]
|upkeep
|turn|16
|
|t:|1769322657
|switch|p1a: Dragonite|Dragonite, M, shiny|59/100
|move|p2a: Ogerpon|Ivy Cudgel|p1a: Dragonite|[anim] Ivy Cudgel Water
|-resisted|p1a: Dragonite
|-damage|p1a: Dragonite|18/100
|
|-weather|none
|upkeep
|turn|17
|
|t:|1769322661
|move|p2a: Ogerpon|Knock Off|p1a: Dragonite
|-damage|p1a: Dragonite|0 fnt
|-enditem|p1a: Dragonite|Heavy-Duty Boots|[from] move: Knock Off|[of] p2a: Ogerpon
|faint|p1a: Dragonite
|
|upkeep
|
|t:|1769322666
|switch|p1a: Kingambit|Kingambit, M|100/100
|-activate|p1a: Kingambit|ability: Supreme Overlord
|-start|p1a: Kingambit|fallen4|[silent]
|turn|18
|
|t:|1769322669
|switch|p2a: Goodra|Goodra-Hisui, M|54/100
|move|p1a: Kingambit|Swords Dance|p1a: Kingambit
|-boost|p1a: Kingambit|atk|2
|
|upkeep
|turn|19
|
|t:|1769322675
|move|p1a: Kingambit|Kowtow Cleave|p2a: Goodra
|-damage|p2a: Goodra|0 fnt
|faint|p2a: Goodra
|
|upkeep
|
|t:|1769322678
|switch|p2a: Dondozo|Dondozo, M, tera:Fighting|100/100 slp
|-damage|p2a: Dondozo|94/100 slp|[from] Stealth Rock
|turn|20
|
|t:|1769322687
|-terastallize|p1a: Kingambit|Flying
|move|p1a: Kingambit|Iron Head|p2a: Dondozo
|-damage|p2a: Dondozo|65/100 slp
|cant|p2a: Dondozo|slp
|
|upkeep
|turn|21
|
|t:|1769322694
|move|p1a: Kingambit|Iron Head|p2a: Dondozo
|-damage|p2a: Dondozo|35/100 slp
|cant|p2a: Dondozo|slp
|
|upkeep
|turn|22
|
|t:|1769322700
|move|p1a: Kingambit|Iron Head|p2a: Dondozo
|-damage|p2a: Dondozo|1/100 slp
|-curestatus|p2a: Dondozo|slp|[msg]
|move|p2a: Dondozo|Rest|p2a: Dondozo
|-status|p2a: Dondozo|slp|[from] move: Rest
|-heal|p2a: Dondozo|100/100 slp|[silent]
|
|upkeep
|turn|23
|
|t:|1769322703
|move|p1a: Kingambit|Iron Head|p2a: Dondozo
|-damage|p2a: Dondozo|70/100 slp
|cant|p2a: Dondozo|slp
|
|upkeep
|turn|24
|
|t:|1769322706
|move|p1a: Kingambit|Iron Head|p2a: Dondozo
|-damage|p2a: Dondozo|38/100 slp
|cant|p2a: Dondozo|slp
|
|upkeep
|turn|25
|
|t:|1769322709
|move|p1a: Kingambit|Iron Head|p2a: Dondozo
|-damage|p2a: Dondozo|8/100 slp
|-curestatus|p2a: Dondozo|slp|[msg]
|move|p2a: Dondozo|Curse|p2a: Dondozo
|-unboost|p2a: Dondozo|spe|1
|-boost|p2a: Dondozo|atk|1
|-boost|p2a: Dondozo|def|1
|
|upkeep
|turn|26
|
|t:|1769322712
|move|p1a: Kingambit|Iron Head|p2a: Dondozo
|-damage|p2a: Dondozo|0 fnt
|faint|p2a: Dondozo
|
|upkeep
|
|t:|1769322724
|switch|p2a: Barraskewda|Barraskewda, F, shiny|88/100
|-damage|p2a: Barraskewda|75/100|[from] Stealth Rock
|turn|27
|
|t:|1769322727
|move|p1a: Kingambit|Sucker Punch|p2a: Barraskewda
|-damage|p2a: Barraskewda|0 fnt
|faint|p2a: Barraskewda
|
|upkeep
|-message|ghighas forfeited.
|
|win|maitreyathe
|raw|maitreyathe's rating: 1384 &rarr; <strong>1407</strong><br />(+23 for winning)
|raw|ghighas's rating: 1443 &rarr; <strong>1420</strong><br />(-23 for losing)
|l|☆ghighas
|player|p2|
