|j|☆Gyo99
|j|☆DiceyRice
|t:|1769372576
|gametype|singles
|player|p1|Gyo99|rocketgrunt|1580
|player|p2|DiceyRice|miku-ghost|1569
|gen|9
|tier|[Gen 9] OU
|rated|
|rule|HP Percentage Mod: HP is shown in percentages
|rule|Endless Battle Clause: Forcing endless battles is banned
|rule|Species Clause: Limit one of each Pokémon
|rule|OHKO Clause: OHKO moves are banned
|rule|Evasion Items Clause: Evasion items are banned
|rule|Evasion Moves Clause: Evasion moves are banned
|rule|Evasion Abilities Clause: Evasion abilities are banned
|rule|Sleep Moves Clause: Sleep-inducing moves are banned
|clearpoke
|poke|p1|Garchomp, M|
|poke|p1|Corviknight, M|
|poke|p1|Clefable, F|
|poke|p1|Swampert, M|
|poke|p1|Cinderace, F|
|poke|p1|Darkrai|
|poke|p2|Hoopa-Unbound|
|poke|p2|Amoonguss, F|
|poke|p2|Alomomola, F|
|poke|p2|Tornadus-Therian, M|
|poke|p2|Great Tusk|
|poke|p2|Gholdengo|
|teampreview
|
|t:|1769372600
|teamsize|p1|6
|teamsize|p2|6
|start
|switch|p1a: Cinderace|Cinderace, F, shiny|100/100
|switch|p2a: Tornadus|Tornadus-Therian, M|100/100
|turn|1
|
|t:|1769372631
|move|p2a: Tornadus|Knock Off|p1a: Cinderace
|-damage|p1a: Cinderace|73/100
|-enditem|p1a: Cinderace|Choice Band|[from] move: Knock Off|[of] p2a: Tornadus
|move|p1a: Cinderace|U-turn|p2a: Tornadus
|-start|p1a: Cinderace|typechange|Bug|[from] ability: Libero
|-resisted|p2a: Tornadus
|-damage|p2a: Tornadus|81/100
|
|t:|1769372640
|switch|p1a: Darkrai|Darkrai, shiny|100/100|[from] U-turn
|
|upkeep
|turn|2
|
|t:|1769372648
|move|p1a: Darkrai|Dark Pulse|p2a: Tornadus
|-damage|p2a: Tornadus|9/100
|cant|p2a: Tornadus|flinch
|
|upkeep
|turn|3
|
|t:|1769372654
|switch|p2a: Alomomola|Alomomola, F|100/100
|move|p1a: Darkrai|Dark Pulse|p2a: Alomomola
|-damage|p2a: Alomomola|64/100
|
|upkeep
|turn|4
|
|t:|1769372660
|move|p1a: Darkrai|Dark Pulse|p2a: Alomomola
|-damage|p2a: Alomomola|28/100
|move|p2a: Alomomola|Flip Turn|p1a: Darkrai
|-damage|p1a: Darkrai|78/100
|
|t:|1769372664
|switch|p2a: Hoopa|Hoopa-Unbound|100/100|[from] Flip Turn
|
|upkeep
|turn|5
|
|t:|1769372671
|switch|p1a: Swampert|Swampert, M|100/100
|move|p2a: Hoopa|Knock Off|p1a: Swampert
|-damage|p1a: Swampert|54/100
|-enditem|p1a: Swampert|Leftovers|[from] move: Knock Off|[of] p2a: Hoopa
|
|upkeep
|turn|6
|
|t:|1769372679
|switch|p2a: Tornadus|Tornadus-Therian, M|42/100
|move|p1a: Swampert|Stealth Rock|p2a: Tornadus
|-sidestart|p2: DiceyRice|move: Stealth Rock
|
|upkeep
|turn|7
|
|t:|1769372684
|move|p2a: Tornadus|U-turn|p1a: Swampert
|-damage|p1a: Swampert|42/100
|
|t:|1769372688
|switch|p2a: Amoonguss|Amoonguss, F|100/100|[from] U-turn
|move|p1a: Swampert|Flip Turn|p2a: Amoonguss
|-resisted|p2a: Amoonguss
|-damage|p2a: Amoonguss|92/100
|
|t:|1769372695
|switch|p1a: Darkrai|Darkrai, shiny|78/100|[from] Flip Turn
|
|upkeep
|turn|8
|
|t:|1769372704
|move|p1a: Darkrai|Trick|p2a: Amoonguss
|-activate|p1a: Darkrai|move: Trick|[of] p2a: Amoonguss
|-item|p2a: Amoonguss|Choice Specs|[from] move: Trick
|-item|p1a: Darkrai|Heavy-Duty Boots|[from] move: Trick
|move|p2a: Amoonguss|Toxic|p1a: Darkrai
|-status|p1a: Darkrai|tox
|
|-damage|p1a: Darkrai|72/100 tox|[from] psn
|upkeep
|turn|9
|
|t:|1769372713
|switch|p2a: Alomomola|Alomomola, F|61/100
|-damage|p2a: Alomomola|49/100|[from] Stealth Rock
|move|p1a: Darkrai|Ice Beam|p2a: Alomomola
|-resisted|p2a: Alomomola
|-damage|p2a: Alomomola|40/100
|
|-damage|p1a: Darkrai|60/100 tox|[from] psn
|upkeep
|turn|10
|
|t:|1769372722
|move|p1a: Darkrai|Dark Pulse|p2a: Alomomola
|-damage|p2a: Alomomola|16/100
|move|p2a: Alomomola|Flip Turn|p1a: Darkrai
|-damage|p1a: Darkrai|36/100 tox
|
|t:|1769372738
|switch|p2a: Tornadus|Tornadus-Therian, M|75/100|[from] Flip Turn
|
|-damage|p1a: Darkrai|18/100 tox|[from] psn
|upkeep
|turn|11
|
|t:|1769372745
|move|p1a: Darkrai|Ice Beam|p2a: Tornadus
|-supereffective|p2a: Tornadus
|-damage|p2a: Tornadus|11/100
|move|p2a: Tornadus|Knock Off|p1a: Darkrai
|-resisted|p1a: Darkrai
|-damage|p1a: Darkrai|4/100 tox
|-enditem|p1a: Darkrai|Heavy-Duty Boots|[from] move: Knock Off|[of] p2a: Tornadus
|
|-damage|p1a: Darkrai|0 fnt|[from] psn
|faint|p1a: Darkrai
|upkeep
|
|t:|1769372755
|switch|p1a: Garchomp|Garchomp, M, shiny|100/100
|turn|12
|
|t:|1769372784
|switch|p2a: Great Tusk|Great Tusk|100/100
|move|p1a: Garchomp|Swords Dance|p1a: Garchomp
|-boost|p1a: Garchomp|atk|2
|
|upkeep
|turn|13
|
|t:|1769372792
|-terastallize|p1a: Garchomp|Fairy
|move|p1a: Garchomp|Scale Shot|p2a: Great Tusk
|-damage|p2a: Great Tusk|80/100
|-damage|p2a: Great Tusk|61/100
|-damage|p2a: Great Tusk|40/100
|-crit|p2a: Great Tusk
|-damage|p2a: Great Tusk|10/100
|-damage|p2a: Great Tusk|0 fnt
|faint|p2a: Great Tusk
|-end|p2a: Great Tusk|Protosynthesis|[silent]
|-hitcount|p2: Great Tusk|5
|-unboost|p1a: Garchomp|def|1
|-boost|p1a: Garchomp|spe|1
|
|upkeep
|
|t:|1769372800
|switch|p2a: Gholdengo|Gholdengo|100/100
|-damage|p2a: Gholdengo|94/100|[from] Stealth Rock
|-item|p2a: Gholdengo|Air Balloon
|turn|14
|
|t:|1769372810
|move|p1a: Garchomp|Fire Fang|p2a: Gholdengo
|-supereffective|p2a: Gholdengo
|-damage|p2a: Gholdengo|33/100
|-enditem|p2a: Gholdengo|Air Balloon
|move|p2a: Gholdengo|Make It Rain|p1a: Garchomp
|-supereffective|p1a: Garchomp
|-damage|p1a: Garchomp|0 fnt
|-unboost|p2a: Gholdengo|spa|1
|faint|p1a: Garchomp
|
|upkeep
|
|t:|1769372822
|switch|p1a: Cinderace|Cinderace, F, shiny|73/100
|turn|15
|
|t:|1769372826
|move|p1a: Cinderace|High Jump Kick|p2a: Gholdengo
|-start|p1a: Cinderace|typechange|Fighting|[from] ability: Libero
|-immune|p2a: Gholdengo
|-damage|p1a: Cinderace|23/100|[from] highjumpkick
|move|p2a: Gholdengo|Thunder Wave|p1a: Cinderace
|-status|p1a: Cinderace|par
|
|upkeep
|turn|16
|-message|Gyo99 forfeited.
|
|win|DiceyRice
|raw|Gyo99's rating: 1580 &rarr; <strong>1559</strong><br />(-21 for losing)
|raw|DiceyRice's rating: 1569 &rarr; <strong>1590</strong><br />(+21 for winning)
|l|☆Gyo99
|player|p1|
