|j|☆kamenriderzayu
|j|☆Tek-ton
|t:|1769444948
|gametype|singles
|player|p1|kamenriderzayu|psychic|1237
|player|p2|Tek-ton|n|1296
|gen|9
|tier|[Gen 9] OU
|rated|
|rule|HP Percentage Mod: HP is shown in percentages
|rule|Endless Battle Clause: Forcing endless battles is banned
|rule|Species Clause: Limit one of each Pokémon
|rule|OHKO Clause: OHKO moves are banned
|rule|Evasion Items Clause: Evasion items are banned
|rule|Evasion Moves Clause: Evasion moves are banned
|rule|Evasion Abilities Clause: Evasion abilities are banned
|rule|Sleep Moves Clause: Sleep-inducing moves are banned
|clearpoke
|poke|p1|Ceruledge, F|
|poke|p1|Torkoal, F|
|poke|p1|Walking Wake|
|poke|p1|Great Tusk|
|poke|p1|Raging Bolt|
|poke|p1|Hatterene, F|
|poke|p2|Great Tusk|
|poke|p2|Heatran, M|
|poke|p2|Weavile, F|
|poke|p2|Primarina, M|
|poke|p2|Ogerpon, F|
|poke|p2|Pecharunt|
|teampreview
|inactive|Battle timer is ON: inactive players will automatically lose when time's up. (requested by kamenriderzayu)
|
|t:|1769444960
|teamsize|p1|6
|teamsize|p2|6
|start
|switch|p1a: Torkoal|Torkoal, F|100/100
|switch|p2a: Primarina|Primarina, M|100/100
|-weather|SunnyDay|[from] ability: Drought|[of] p1a: Torkoal
|turn|1
|
|t:|1769444969
|move|p2a: Primarina|Whirlpool|p1a: Torkoal
|-supereffective|p1a: Torkoal
|-damage|p1a: Torkoal|77/100
|-activate|p1a: Torkoal|move: Whirlpool|[of] p2a: Primarina
|move|p1a: Torkoal|Stealth Rock|p2a: Primarina
|-sidestart|p2: Tek-ton|move: Stealth Rock
|
|-weather|SunnyDay|[upkeep]
|-damage|p1a: Torkoal|65/100|[from] move: Whirlpool|[partiallytrapped]
|upkeep
|turn|2
|
|t:|1769444980
|move|p2a: Primarina|Psychic Noise|p1a: Torkoal
|-supereffective|p1a: Torkoal
|-damage|p1a: Torkoal|7/100
|-start|p1a: Torkoal|move: Heal Block
|move|p1a: Torkoal|Will-O-Wisp|p2a: Primarina
|-status|p2a: Primarina|brn
|
|-weather|SunnyDay|[upkeep]
|-damage|p2a: Primarina|94/100 brn|[from] brn
|-damage|p1a: Torkoal|0 fnt|[from] move: Whirlpool|[partiallytrapped]
|faint|p1a: Torkoal
|upkeep
|
|t:|1769444995
|switch|p1a: Ceruledge|Ceruledge, F|100/100
|turn|3
|
|t:|1769445003
|move|p1a: Ceruledge|Solar Blade||[still]
|-prepare|p1a: Ceruledge|Solar Blade
|-anim|p1a: Ceruledge|Solar Blade|p2a: Primarina
|-supereffective|p2a: Primarina
|-damage|p2a: Primarina|0 fnt
|faint|p2a: Primarina
|
|-weather|SunnyDay|[upkeep]
|upkeep
|
|t:|1769445011
|switch|p2a: Pecharunt|Pecharunt|100/100
|-damage|p2a: Pecharunt|88/100|[from] Stealth Rock
|turn|4
|
|t:|1769445024
|switch|p1a: Hatterene|Hatterene, F|100/100
|move|p2a: Pecharunt|Parting Shot|p1a: Hatterene
|move|p1a: Hatterene|Parting Shot|p2a: Pecharunt|[from] ability: Magic Bounce
|-unboost|p2a: Pecharunt|atk|1
|-unboost|p2a: Pecharunt|spa|1
|
|t:|1769445027
|switch|p1a: Ceruledge|Ceruledge, F|100/100|[from] Parting Shot
|
|-weather|SunnyDay|[upkeep]
|upkeep
|turn|5
|
|t:|1769445039
|move|p1a: Ceruledge|Swords Dance|p1a: Ceruledge
|-boost|p1a: Ceruledge|atk|2
|move|p2a: Pecharunt|Parting Shot|p1a: Ceruledge
|-unboost|p1a: Ceruledge|atk|1
|-unboost|p1a: Ceruledge|spa|1
|
|t:|1769445052
|switch|p2a: Heatran|Heatran, M|100/100|[from] Parting Shot
|-damage|p2a: Heatran|88/100|[from] Stealth Rock
|-item|p2a: Heatran|Air Balloon
|
|-weather|SunnyDay|[upkeep]
|upkeep
|turn|6
|
|t:|1769445057
|move|p1a: Ceruledge|Poltergeist|p2a: Heatran
|-activate|p2a: Heatran|move: Poltergeist|Air Balloon
|-damage|p2a: Heatran|9/100
|-enditem|p2a: Heatran|Air Balloon
|move|p2a: Heatran|Stealth Rock|p1a: Ceruledge
|-sidestart|p1: kamenriderzayu|move: Stealth Rock
|
|-weather|SunnyDay|[upkeep]
|upkeep
|turn|7
|
|t:|1769445069
|move|p1a: Ceruledge|Solar Blade||[still]
|-prepare|p1a: Ceruledge|Solar Blade
|-anim|p1a: Ceruledge|Solar Blade|p2a: Heatran
|-resisted|p2a: Heatran
|-damage|p2a: Heatran|0 fnt
|faint|p2a: Heatran
|
|-weather|SunnyDay|[upkeep]
|upkeep
|
|t:|1769445075
|switch|p2a: Pecharunt|Pecharunt|88/100
|-damage|p2a: Pecharunt|76/100|[from] Stealth Rock
|turn|8
|
|t:|1769445079
|move|p1a: Ceruledge|Poltergeist|p2a: Pecharunt
|-activate|p2a: Pecharunt|move: Poltergeist|Rocky Helmet
|-supereffective|p2a: Pecharunt
|-damage|p2a: Pecharunt|0 fnt
|faint|p2a: Pecharunt
|
|-weather|none
|upkeep
|
|t:|1769445086
|switch|p2a: Ogerpon|Ogerpon, F|100/100
|-damage|p2a: Ogerpon|88/100|[from] Stealth Rock
|turn|9
|
|t:|1769445094
|move|p2a: Ogerpon|Knock Off|p1a: Ceruledge
|-supereffective|p1a: Ceruledge
|-enditem|p1a: Ceruledge|Focus Sash
|-damage|p1a: Ceruledge|1/100
|-ability|p1a: Ceruledge|Weak Armor|boost
|-unboost|p1a: Ceruledge|def|1
|-boost|p1a: Ceruledge|spe|2
|move|p1a: Ceruledge|Bitter Blade|p2a: Ogerpon
|-supereffective|p2a: Ogerpon
|-damage|p2a: Ogerpon|0 fnt
|-heal|p1a: Ceruledge|46/100|[from] drain|[of] p2a: Ogerpon
|faint|p2a: Ogerpon
|
|upkeep
|
|t:|1769445097
|switch|p2a: Weavile|Weavile, F|100/100
|-damage|p2a: Weavile|76/100|[from] Stealth Rock
|-ability|p2a: Weavile|Pressure
|turn|10
|-message|Tek-ton forfeited.
|
|win|kamenriderzayu
|raw|kamenriderzayu's rating: 1237 &rarr; <strong>1266</strong><br />(+29 for winning)
|raw|Tek-ton's rating: 1296 &rarr; <strong>1267</strong><br />(-29 for losing)
|l|☆Tek-ton
|player|p2|
