|j|☆Flex Plays Only
|j|☆potayo
|t:|1769387468
|gametype|singles
|player|p1|Flex Plays Only|iono-masters2|1683
|player|p2|potayo|clerk|1637
|gen|9
|tier|[Gen 9] OU
|rated|
|rule|HP Percentage Mod: HP is shown in percentages
|rule|Endless Battle Clause: Forcing endless battles is banned
|rule|Species Clause: Limit one of each Pokémon
|rule|OHKO Clause: OHKO moves are banned
|rule|Evasion Items Clause: Evasion items are banned
|rule|Evasion Moves Clause: Evasion moves are banned
|rule|Evasion Abilities Clause: Evasion abilities are banned
|rule|Sleep Moves Clause: Sleep-inducing moves are banned
|clearpoke
|poke|p1|Alomomola, M|
|poke|p1|Clefable, M|
|poke|p1|Gliscor, M|
|poke|p1|Darkrai|
|poke|p1|Pecharunt|
|poke|p1|Zamazenta-*|
|poke|p2|Excadrill, M|
|poke|p2|Tyranitar, M|
|poke|p2|Hatterene, F|
|poke|p2|Landorus-Therian, M|
|poke|p2|Ursaluna, M|
|poke|p2|Amoonguss, M|
|teampreview
|inactive|Battle timer is ON: inactive players will automatically lose when time's up. (requested by Flex Plays Only)
|
|t:|1769387504
|teamsize|p1|6
|teamsize|p2|6
|start
|switch|p1a: Alomomola|Alomomola, M|100/100
|switch|p2a: Landorus|Landorus-Therian, M|100/100
|-ability|p2a: Landorus|Intimidate|boost
|-unboost|p1a: Alomomola|atk|1
|turn|1
|
|t:|1769387521
|move|p2a: Landorus|Gravity|p2a: Landorus
|-fieldstart|move: Gravity
|move|p1a: Alomomola|Scald|p2a: Landorus
|-supereffective|p2a: Landorus
|-damage|p2a: Landorus|72/100
|
|-heal|p2a: Landorus|78/100|[from] item: Leftovers
|upkeep
|turn|2
|
|t:|1769387533
|switch|p2a: Ursaluna|Ursaluna, M|100/100
|move|p1a: Alomomola|Scald|p2a: Ursaluna
|-supereffective|p2a: Ursaluna
|-damage|p2a: Ursaluna|75/100
|-status|p2a: Ursaluna|brn
|
|-damage|p2a: Ursaluna|69/100 brn|[from] brn
|upkeep
|turn|3
|inactive|Flex Plays Only has 120 seconds left.
|
|t:|1769387566
|move|p1a: Alomomola|Flip Turn|p2a: Ursaluna
|-supereffective|p2a: Ursaluna
|-damage|p2a: Ursaluna|55/100 brn
|
|t:|1769387571
|switch|p1a: Zamazenta|Zamazenta|100/100|[from] Flip Turn
|-ability|p1a: Zamazenta|Dauntless Shield|boost
|-boost|p1a: Zamazenta|def|1
|move|p2a: Ursaluna|Headlong Rush|p1a: Zamazenta
|-damage|p1a: Zamazenta|0 fnt
|-unboost|p2a: Ursaluna|def|1
|-unboost|p2a: Ursaluna|spd|1
|faint|p1a: Zamazenta
|
|-damage|p2a: Ursaluna|49/100 brn|[from] brn
|upkeep
|
|t:|1769387580
|switch|p1a: Gliscor|Gliscor, M|100/100
|turn|4
|
|t:|1769387586
|move|p1a: Gliscor|Protect|p1a: Gliscor
|-singleturn|p1a: Gliscor|Protect
|move|p2a: Ursaluna|Headlong Rush|p1a: Gliscor
|-activate|p1a: Gliscor|move: Protect
|
|-damage|p2a: Ursaluna|43/100 brn|[from] brn
|-status|p1a: Gliscor|tox|[from] item: Toxic Orb
|upkeep
|turn|5
|
|t:|1769387608
|move|p1a: Gliscor|Earthquake|p2a: Ursaluna
|-damage|p2a: Ursaluna|6/100 brn
|move|p2a: Ursaluna|Headlong Rush|p1a: Gliscor
|-damage|p1a: Gliscor|0 fnt
|-unboost|p2a: Ursaluna|def|1
|-unboost|p2a: Ursaluna|spd|1
|faint|p1a: Gliscor
|
|-damage|p2a: Ursaluna|0 fnt|[from] brn
|faint|p2a: Ursaluna
|-fieldend|move: Gravity
|upkeep
|inactive|potayo has 120 seconds left.
|
|t:|1769387643
|switch|p1a: Alomomola|Alomomola, M|100/100
|switch|p2a: Tyranitar|Tyranitar, M|100/100
|-weather|Sandstorm|[from] ability: Sand Stream|[of] p2a: Tyranitar
|turn|6
|
|t:|1769387647
|move|p1a: Alomomola|Scald|p2a: Tyranitar
|-supereffective|p2a: Tyranitar
|-damage|p2a: Tyranitar|90/100
|move|p2a: Tyranitar|Knock Off|p1a: Alomomola
|-damage|p1a: Alomomola|72/100
|-enditem|p1a: Alomomola|Assault Vest|[from] move: Knock Off|[of] p2a: Tyranitar
|
|-weather|Sandstorm|[upkeep]
|-damage|p1a: Alomomola|66/100|[from] Sandstorm
|upkeep
|turn|7
|
|t:|1769387653
|move|p1a: Alomomola|Scald|p2a: Tyranitar
|-supereffective|p2a: Tyranitar
|-damage|p2a: Tyranitar|78/100
|move|p2a: Tyranitar|Stealth Rock|p1a: Alomomola
|-sidestart|p1: Flex Plays Only|move: Stealth Rock
|
|-weather|Sandstorm|[upkeep]
|-damage|p1a: Alomomola|60/100|[from] Sandstorm
|upkeep
|turn|8
|
|t:|1769387663
|switch|p2a: Amoonguss|Amoonguss, M|100/100
|move|p1a: Alomomola|Scald|p2a: Amoonguss
|-resisted|p2a: Amoonguss
|-damage|p2a: Amoonguss|94/100
|-status|p2a: Amoonguss|brn
|
|-weather|Sandstorm|[upkeep]
|-damage|p1a: Alomomola|54/100|[from] Sandstorm
|-damage|p2a: Amoonguss|88/100 brn|[from] Sandstorm
|-damage|p2a: Amoonguss|82/100 brn|[from] brn
|upkeep
|turn|9
|
|t:|1769387675
|switch|p1a: Clefable|Clefable, M|100/100
|move|p2a: Amoonguss|Stun Spore|p1a: Clefable
|-status|p1a: Clefable|par
|
|-weather|Sandstorm|[upkeep]
|-damage|p2a: Amoonguss|76/100 brn|[from] Sandstorm
|-damage|p2a: Amoonguss|69/100 brn|[from] brn
|upkeep
|turn|10
|
|t:|1769387700
|switch|p2a: Tyranitar|Tyranitar, M|78/100
|move|p1a: Clefable|Knock Off|p2a: Tyranitar
|-resisted|p2a: Tyranitar
|-damage|p2a: Tyranitar|72/100
|-enditem|p2a: Tyranitar|Smooth Rock|[from] move: Knock Off|[of] p1a: Clefable
|
|-weather|Sandstorm|[upkeep]
|upkeep
|turn|11
|inactive|potayo has 120 seconds left.
|
|t:|1769387715
|switch|p2a: Hatterene|Hatterene, F|100/100
|move|p1a: Clefable|Stealth Rock|p2a: Hatterene
|move|p2a: Hatterene|Stealth Rock||[from] ability: Magic Bounce|[still]
|-fail|p2a: Hatterene
|
|-weather|Sandstorm|[upkeep]
|-damage|p2a: Hatterene|95/100|[from] Sandstorm
|-heal|p2a: Hatterene|100/100|[from] item: Leftovers
|upkeep
|turn|12
|inactive|potayo has 120 seconds left.
|
|t:|1769387733
|move|p2a: Hatterene|Psychic Noise|p1a: Clefable
|-damage|p1a: Clefable|71/100 par
|-start|p1a: Clefable|move: Heal Block
|move|p1a: Clefable|Knock Off|p2a: Hatterene
|-damage|p2a: Hatterene|88/100
|-enditem|p2a: Hatterene|Leftovers|[from] move: Knock Off|[of] p1a: Clefable
|
|-weather|Sandstorm|[upkeep]
|-damage|p2a: Hatterene|82/100|[from] Sandstorm
|upkeep
|turn|13
|inactive|potayo has 120 seconds left.
|
|t:|1769387749
|move|p2a: Hatterene|Gravity|p2a: Hatterene
|-fieldstart|move: Gravity
|move|p1a: Clefable|Moonblast|p2a: Hatterene
|-damage|p2a: Hatterene|48/100
|
|-weather|none
|-end|p1a: Clefable|move: Heal Block
|upkeep
|turn|14
|
|t:|1769387755
|move|p2a: Hatterene|Psychic Noise|p1a: Clefable
|-damage|p1a: Clefable|41/100 par
|-start|p1a: Clefable|move: Heal Block
|move|p1a: Clefable|Knock Off|p2a: Hatterene
|-damage|p2a: Hatterene|39/100
|
|upkeep
|turn|15
|
|t:|1769387764
|move|p2a: Hatterene|Psychic Noise|p1a: Clefable
|-damage|p1a: Clefable|10/100 par
|move|p1a: Clefable|Moonblast|p2a: Hatterene
|-damage|p2a: Hatterene|4/100
|
|-end|p1a: Clefable|move: Heal Block
|upkeep
|turn|16
|
|t:|1769387773
|switch|p1a: Alomomola|Alomomola, M|87/100
|-damage|p1a: Alomomola|75/100|[from] Stealth Rock
|move|p2a: Hatterene|Draining Kiss|p1a: Alomomola
|-crit|p1a: Alomomola
|-damage|p1a: Alomomola|47/100
|-heal|p2a: Hatterene|37/100|[from] drain|[of] p1a: Alomomola
|
|upkeep
|turn|17
|
|t:|1769387782
|move|p2a: Hatterene|Draining Kiss|p1a: Alomomola
|-damage|p1a: Alomomola|30/100
|-heal|p2a: Hatterene|57/100|[from] drain|[of] p1a: Alomomola
|move|p1a: Alomomola|Mirror Coat|p2a: Hatterene
|-damage|p2a: Hatterene|4/100
|
|-fieldend|move: Gravity
|upkeep
|turn|18
|
|t:|1769387793
|switch|p2a: Amoonguss|Amoonguss, M|100/100 brn
|move|p1a: Alomomola|Scald|p2a: Amoonguss
|-resisted|p2a: Amoonguss
|-damage|p2a: Amoonguss|94/100 brn
|
|-damage|p2a: Amoonguss|87/100 brn|[from] brn
|upkeep
|turn|19
|
|t:|1769387812
|switch|p1a: Clefable|Clefable, M|10/100 par
|move|p2a: Amoonguss|Sludge Bomb|p1a: Clefable
|-supereffective|p1a: Clefable
|-damage|p1a: Clefable|0 fnt
|faint|p1a: Clefable
|
|-damage|p2a: Amoonguss|81/100 brn|[from] brn
|upkeep
|
|t:|1769387816
|switch|p1a: Darkrai|Darkrai|100/100
|turn|20
|
|t:|1769387820
|switch|p2a: Tyranitar|Tyranitar, M|72/100
|-weather|Sandstorm|[from] ability: Sand Stream|[of] p2a: Tyranitar
|move|p1a: Darkrai|Nasty Plot|p1a: Darkrai
|-boost|p1a: Darkrai|spa|2
|
|-weather|Sandstorm|[upkeep]
|-damage|p1a: Darkrai|94/100|[from] Sandstorm
|upkeep
|turn|21
|
|t:|1769387826
|switch|p2a: Hatterene|Hatterene, F|4/100
|move|p1a: Darkrai|Ice Beam|p2a: Hatterene
|-damage|p2a: Hatterene|0 fnt
|faint|p2a: Hatterene
|
|-weather|Sandstorm|[upkeep]
|-damage|p1a: Darkrai|88/100|[from] Sandstorm
|upkeep
|
|t:|1769387849
|switch|p2a: Excadrill|Excadrill, M|100/100
|turn|22
|
|t:|1769387857
|switch|p1a: Alomomola|Alomomola, M|64/100
|-damage|p1a: Alomomola|51/100|[from] Stealth Rock
|move|p2a: Excadrill|Earthquake|p1a: Alomomola
|-damage|p1a: Alomomola|0 fnt
|faint|p1a: Alomomola
|
|-weather|Sandstorm|[upkeep]
|upkeep
|
|t:|1769387859
|switch|p1a: Pecharunt|Pecharunt|100/100
|turn|23
|
|t:|1769387876
|-terastallize|p1a: Pecharunt|Ghost
|move|p2a: Excadrill|Earthquake|p1a: Pecharunt
|-damage|p1a: Pecharunt|59/100
|move|p1a: Pecharunt|Shadow Ball|p2a: Excadrill
|-damage|p2a: Excadrill|54/100
|
|-weather|Sandstorm|[upkeep]
|-damage|p1a: Pecharunt|53/100|[from] Sandstorm
|upkeep
|turn|24
|j| unrated tilt
|
|t:|1769387884
|-terastallize|p2a: Excadrill|Ground
|move|p2a: Excadrill|Earthquake|p1a: Pecharunt
|-damage|p1a: Pecharunt|0 fnt
|faint|p1a: Pecharunt
|
|-weather|none
|upkeep
|-message|Flex Plays Only forfeited.
|
|win|potayo
|raw|Flex Plays Only's rating: 1683 &rarr; <strong>1660</strong><br />(-23 for losing)
|raw|potayo's rating: 1637 &rarr; <strong>1660</strong><br />(+23 for winning)
|l|☆Flex Plays Only
|player|p1|
|l|☆potayo
|player|p2|
