|j|☆maxmoefoe pokemon
|j|☆CambridgeFoulPlay
|t:|1769357992
|gametype|singles
|player|p1|maxmoefoe pokemon|266|1620
|player|p2|CambridgeFoulPlay|266|1848
|gen|9
|tier|[Gen 9] OU
|rated|
|rule|HP Percentage Mod: HP is shown in percentages
|rule|Endless Battle Clause: Forcing endless battles is banned
|rule|Species Clause: Limit one of each Pokémon
|rule|OHKO Clause: OHKO moves are banned
|rule|Evasion Items Clause: Evasion items are banned
|rule|Evasion Moves Clause: Evasion moves are banned
|rule|Evasion Abilities Clause: Evasion abilities are banned
|rule|Sleep Moves Clause: Sleep-inducing moves are banned
|clearpoke
|poke|p1|Enamorus, F|
|poke|p1|Iron Moth|
|poke|p1|Landorus-Therian, M|
|poke|p1|Kingambit, F|
|poke|p1|Ogerpon-Wellspring, F|
|poke|p1|Deoxys-Speed|
|poke|p2|Hydrapple, M|
|poke|p2|Tyranitar, F|
|poke|p2|Moltres|
|poke|p2|Zamazenta-*|
|poke|p2|Slowking-Galar, F|
|poke|p2|Excadrill, F|
|teampreview
|c|☆CambridgeFoulPlay|hf
|inactive|Battle timer is ON: inactive players will automatically lose when time's up. (requested by CambridgeFoulPlay)
|c|☆maxmoefoe pokemon|gl
|
|t:|1769358006
|teamsize|p1|6
|teamsize|p2|6
|start
|switch|p1a: Deoxys|Deoxys-Speed|100/100
|switch|p2a: Slowking|Slowking-Galar, F|100/100
|-ability|p1a: Deoxys|Pressure
|turn|1
|
|t:|1769358008
|move|p1a: Deoxys|Knock Off|p2a: Slowking
|-supereffective|p2a: Slowking
|-damage|p2a: Slowking|47/100
|-enditem|p2a: Slowking|Assault Vest|[from] move: Knock Off|[of] p1a: Deoxys
|-damage|p1a: Deoxys|91/100|[from] item: Life Orb
|move|p2a: Slowking|Flamethrower|p1a: Deoxys
|-damage|p1a: Deoxys|47/100
|
|upkeep
|turn|2
|
|t:|1769358016
|switch|p2a: Tyranitar|Tyranitar, F|100/100
|-weather|Sandstorm|[from] ability: Sand Stream|[of] p2a: Tyranitar
|move|p1a: Deoxys|Psycho Boost|p2a: Tyranitar
|-immune|p2a: Tyranitar
|
|-weather|Sandstorm|[upkeep]
|-damage|p1a: Deoxys|41/100|[from] Sandstorm
|upkeep
|turn|3
|
|t:|1769358019
|switch|p2a: Slowking|Slowking-Galar, F|80/100
|move|p1a: Deoxys|Superpower|p2a: Slowking
|-resisted|p2a: Slowking
|-damage|p2a: Slowking|72/100
|-unboost|p1a: Deoxys|atk|1
|-unboost|p1a: Deoxys|def|1
|-damage|p1a: Deoxys|31/100|[from] item: Life Orb
|
|-weather|Sandstorm|[upkeep]
|-damage|p1a: Deoxys|25/100|[from] Sandstorm
|-damage|p2a: Slowking|66/100|[from] Sandstorm
|upkeep
|turn|4
|
|t:|1769358031
|switch|p1a: Kingambit|Kingambit, F|100/100
|switch|p2a: Tyranitar|Tyranitar, F|100/100
|
|-weather|Sandstorm|[upkeep]
|upkeep
|turn|5
|
|t:|1769358036
|switch|p2a: Zamazenta|Zamazenta|100/100
|-ability|p2a: Zamazenta|Dauntless Shield|boost
|-boost|p2a: Zamazenta|def|1
|move|p1a: Kingambit|Iron Head|p2a: Zamazenta
|-damage|p2a: Zamazenta|79/100
|
|-weather|Sandstorm|[upkeep]
|-damage|p2a: Zamazenta|73/100|[from] Sandstorm
|-heal|p2a: Zamazenta|79/100|[from] item: Leftovers
|upkeep
|turn|6
|
|t:|1769358040
|-end|p1a: Kingambit|fallenundefined|[silent]
|switch|p1a: Landorus|Landorus-Therian, M|100/100
|-ability|p1a: Landorus|Intimidate|boost
|-unboost|p2a: Zamazenta|atk|1
|move|p2a: Zamazenta|Body Press|p1a: Landorus
|-resisted|p1a: Landorus
|-damage|p1a: Landorus|73/100
|-damage|p2a: Zamazenta|62/100|[from] item: Rocky Helmet|[of] p1a: Landorus
|
|-weather|Sandstorm|[upkeep]
|-damage|p2a: Zamazenta|56/100|[from] Sandstorm
|-heal|p2a: Zamazenta|62/100|[from] item: Leftovers
|upkeep
|turn|7
|
|t:|1769358046
|switch|p2a: Excadrill|Excadrill, F|100/100
|-item|p2a: Excadrill|Air Balloon
|move|p1a: Landorus|Stealth Rock|p2a: Excadrill
|-sidestart|p2: CambridgeFoulPlay|move: Stealth Rock
|
|-weather|Sandstorm|[upkeep]
|upkeep
|turn|8
|
|t:|1769358049
|move|p2a: Excadrill|Rapid Spin|p1a: Landorus
|-damage|p1a: Landorus|55/100
|-boost|p2a: Excadrill|spe|1
|-damage|p2a: Excadrill|84/100|[from] item: Rocky Helmet|[of] p1a: Landorus
|-sideend|p2: CambridgeFoulPlay|Stealth Rock|[from] move: Rapid Spin|[of] p2a: Excadrill
|move|p1a: Landorus|U-turn|p2a: Excadrill
|-resisted|p2a: Excadrill
|-damage|p2a: Excadrill|71/100
|-enditem|p2a: Excadrill|Air Balloon
|
|t:|1769358052
|switch|p1a: Ogerpon|Ogerpon-Wellspring, F|100/100|[from] U-turn
|
|-weather|Sandstorm|[upkeep]
|-damage|p1a: Ogerpon|95/100|[from] Sandstorm
|upkeep
|turn|9
|
|t:|1769358057
|switch|p2a: Hydrapple|Hydrapple, M|100/100
|move|p1a: Ogerpon|Spikes|p2a: Hydrapple
|-sidestart|p2: CambridgeFoulPlay|Spikes
|
|-weather|none
|upkeep
|turn|10
|
|t:|1769358062
|switch|p2a: Slowking|Slowking-Galar, F|99/100
|-damage|p2a: Slowking|87/100|[from] Spikes
|move|p1a: Ogerpon|Knock Off|p2a: Slowking
|-supereffective|p2a: Slowking
|-damage|p2a: Slowking|47/100
|
|upkeep
|turn|11
|
|t:|1769358069
|switch|p2a: Hydrapple|Hydrapple, M|100/100
|move|p1a: Ogerpon|Spikes|p2a: Hydrapple
|-sidestart|p2: CambridgeFoulPlay|Spikes
|
|upkeep
|turn|12
|
|t:|1769358072
|move|p1a: Ogerpon|Knock Off|p2a: Hydrapple
|-damage|p2a: Hydrapple|77/100
|-enditem|p2a: Hydrapple|Heavy-Duty Boots|[from] move: Knock Off|[of] p1a: Ogerpon
|move|p2a: Hydrapple|Nasty Plot|p2a: Hydrapple
|-boost|p2a: Hydrapple|spa|2
|
|upkeep
|turn|13
|
|t:|1769358080
|switch|p1a: Enamorus|Enamorus, F|100/100
|move|p2a: Hydrapple|Giga Drain|p1a: Enamorus
|-resisted|p1a: Enamorus
|-damage|p1a: Enamorus|57/100
|-heal|p2a: Hydrapple|93/100|[from] drain|[of] p1a: Enamorus
|
|-heal|p1a: Enamorus|63/100|[from] item: Leftovers
|upkeep
|turn|14
|
|t:|1769358084
|switch|p2a: Moltres|Moltres|100/100
|move|p1a: Enamorus|Substitute|p1a: Enamorus
|-start|p1a: Enamorus|Substitute
|-damage|p1a: Enamorus|38/100
|
|-heal|p1a: Enamorus|45/100|[from] item: Leftovers
|upkeep
|turn|15
|
|t:|1769358090
|switch|p1a: Iron Moth|Iron Moth|100/100
|-enditem|p1a: Iron Moth|Booster Energy
|-activate|p1a: Iron Moth|ability: Quark Drive|[fromitem]
|-start|p1a: Iron Moth|quarkdrivespe
|move|p2a: Moltres|Flamethrower|p1a: Iron Moth
|-resisted|p1a: Iron Moth
|-crit|p1a: Iron Moth
|-damage|p1a: Iron Moth|70/100
|
|upkeep
|turn|16
|
|t:|1769358092
|switch|p2a: Tyranitar|Tyranitar, F|100/100
|-damage|p2a: Tyranitar|84/100|[from] Spikes
|-weather|Sandstorm|[from] ability: Sand Stream|[of] p2a: Tyranitar
|move|p1a: Iron Moth|Sludge Wave|p2a: Tyranitar
|-resisted|p2a: Tyranitar
|-damage|p2a: Tyranitar|73/100
|-status|p2a: Tyranitar|psn
|
|-weather|Sandstorm|[upkeep]
|-damage|p1a: Iron Moth|64/100|[from] Sandstorm
|-damage|p2a: Tyranitar|61/100 psn|[from] psn
|upkeep
|turn|17
|
|t:|1769358100
|-end|p1a: Iron Moth|Quark Drive|[silent]
|switch|p1a: Landorus|Landorus-Therian, M|55/100
|-ability|p1a: Landorus|Intimidate|boost
|-unboost|p2a: Tyranitar|atk|1
|move|p2a: Tyranitar|Stealth Rock|p1a: Landorus
|-sidestart|p1: maxmoefoe pokemon|move: Stealth Rock
|
|-weather|Sandstorm|[upkeep]
|-damage|p2a: Tyranitar|49/100 psn|[from] psn
|upkeep
|turn|18
|
|t:|1769358102
|switch|p2a: Moltres|Moltres|100/100
|move|p1a: Landorus|Earth Power|p2a: Moltres
|-immune|p2a: Moltres
|
|-weather|Sandstorm|[upkeep]
|-damage|p2a: Moltres|94/100|[from] Sandstorm
|upkeep
|turn|19
|
|t:|1769358105
|move|p1a: Landorus|Stealth Rock|p2a: Moltres
|-sidestart|p2: CambridgeFoulPlay|move: Stealth Rock
|move|p2a: Moltres|Flamethrower|p1a: Landorus
|-damage|p1a: Landorus|14/100
|-status|p1a: Landorus|brn
|
|-weather|Sandstorm|[upkeep]
|-damage|p2a: Moltres|88/100|[from] Sandstorm
|-damage|p1a: Landorus|8/100 brn|[from] brn
|upkeep
|turn|20
|
|t:|1769358109
|move|p1a: Landorus|Taunt|p2a: Moltres
|-start|p2a: Moltres|move: Taunt
|cant|p2a: Moltres|move: Taunt|Roost
|
|-weather|Sandstorm|[upkeep]
|-damage|p2a: Moltres|82/100|[from] Sandstorm
|-damage|p1a: Landorus|2/100 brn|[from] brn
|upkeep
|turn|21
|
|t:|1769358113
|move|p1a: Landorus|Earth Power|p2a: Moltres
|-immune|p2a: Moltres
|move|p2a: Moltres|Flamethrower|p1a: Landorus
|-damage|p1a: Landorus|0 fnt
|faint|p1a: Landorus
|
|-weather|Sandstorm|[upkeep]
|-damage|p2a: Moltres|76/100|[from] Sandstorm
|upkeep
|
|t:|1769358117
|switch|p1a: Ogerpon|Ogerpon-Wellspring, F|95/100
|-damage|p1a: Ogerpon|82/100|[from] Stealth Rock
|turn|22
|
|t:|1769358123
|move|p1a: Ogerpon|Spikes|p2a: Moltres
|-sidestart|p2: CambridgeFoulPlay|Spikes
|move|p2a: Moltres|U-turn|p1a: Ogerpon
|-supereffective|p1a: Ogerpon
|-damage|p1a: Ogerpon|44/100
|
|t:|1769358126
|switch|p2a: Excadrill|Excadrill, F|71/100|[from] U-turn
|-damage|p2a: Excadrill|46/100|[from] Spikes
|-damage|p2a: Excadrill|43/100|[from] Stealth Rock
|
|-weather|Sandstorm|[upkeep]
|-damage|p1a: Ogerpon|38/100|[from] Sandstorm
|upkeep
|turn|23
|
|t:|1769358131
|move|p2a: Excadrill|Rapid Spin|p1a: Ogerpon
|-damage|p1a: Ogerpon|13/100
|-boost|p2a: Excadrill|spe|1
|-sideend|p2: CambridgeFoulPlay|Spikes|[from] move: Rapid Spin|[of] p2a: Excadrill
|-sideend|p2: CambridgeFoulPlay|Stealth Rock|[from] move: Rapid Spin|[of] p2a: Excadrill
|move|p1a: Ogerpon|Ivy Cudgel|p2a: Excadrill|[anim] Ivy Cudgel Water
|-supereffective|p2a: Excadrill
|-crit|p2a: Excadrill
|-damage|p2a: Excadrill|0 fnt
|faint|p2a: Excadrill
|
|-weather|none
|upkeep
|
|t:|1769358132
|switch|p2a: Zamazenta|Zamazenta|62/100
|turn|24
|
|t:|1769358135
|move|p2a: Zamazenta|Body Press|p1a: Ogerpon
|-damage|p1a: Ogerpon|0 fnt
|faint|p1a: Ogerpon
|
|-heal|p2a: Zamazenta|68/100|[from] item: Leftovers
|upkeep
|
|t:|1769358137
|switch|p1a: Deoxys|Deoxys-Speed|25/100
|-damage|p1a: Deoxys|13/100|[from] Stealth Rock
|-ability|p1a: Deoxys|Pressure
|turn|25
|
|t:|1769358139
|switch|p2a: Tyranitar|Tyranitar, F|49/100 psn
|-weather|Sandstorm|[from] ability: Sand Stream|[of] p2a: Tyranitar
|move|p1a: Deoxys|Superpower|p2a: Tyranitar
|-supereffective|p2a: Tyranitar
|-damage|p2a: Tyranitar|0 fnt
|-unboost|p1a: Deoxys|atk|1
|-unboost|p1a: Deoxys|def|1
|faint|p2a: Tyranitar
|-damage|p1a: Deoxys|3/100|[from] item: Life Orb
|
|-weather|Sandstorm|[upkeep]
|-damage|p1a: Deoxys|0 fnt|[from] Sandstorm
|faint|p1a: Deoxys
|upkeep
|
|t:|1769358146
|switch|p1a: Iron Moth|Iron Moth|64/100
|switch|p2a: Zamazenta|Zamazenta|68/100
|-damage|p1a: Iron Moth|39/100|[from] Stealth Rock
|turn|26
|
|t:|1769358149
|move|p2a: Zamazenta|Body Press|p1a: Iron Moth
|-resisted|p1a: Iron Moth
|-damage|p1a: Iron Moth|11/100
|move|p1a: Iron Moth|Sludge Wave|p2a: Zamazenta
|-crit|p2a: Zamazenta
|-damage|p2a: Zamazenta|3/100
|
|-weather|Sandstorm|[upkeep]
|-damage|p2a: Zamazenta|0 fnt|[from] Sandstorm
|-damage|p1a: Iron Moth|5/100|[from] Sandstorm
|faint|p2a: Zamazenta
|upkeep
|
|t:|1769358152
|switch|p2a: Moltres|Moltres|76/100
|turn|27
|
|t:|1769358160
|move|p1a: Iron Moth|Sludge Wave|p2a: Moltres
|-damage|p2a: Moltres|29/100
|move|p2a: Moltres|Roost|p2a: Moltres
|-heal|p2a: Moltres|80/100
|-singleturn|p2a: Moltres|move: Roost
|
|-weather|Sandstorm|[upkeep]
|-damage|p1a: Iron Moth|0 fnt|[from] Sandstorm
|-damage|p2a: Moltres|74/100|[from] Sandstorm
|faint|p1a: Iron Moth
|-end|p1a: Iron Moth|Quark Drive|[silent]
|upkeep
|
|t:|1769358171
|switch|p1a: Enamorus|Enamorus, F|45/100
|-damage|p1a: Enamorus|20/100|[from] Stealth Rock
|turn|28
|
|t:|1769358174
|move|p1a: Enamorus|Play Rough|p2a: Moltres
|-resisted|p2a: Moltres
|-damage|p2a: Moltres|60/100
|-status|p1a: Enamorus|brn|[from] ability: Flame Body|[of] p2a: Moltres
|move|p2a: Moltres|Roost|p2a: Moltres
|-heal|p2a: Moltres|100/100
|-singleturn|p2a: Moltres|move: Roost
|
|-weather|Sandstorm|[upkeep]
|-damage|p1a: Enamorus|14/100 brn|[from] Sandstorm
|-damage|p2a: Moltres|94/100|[from] Sandstorm
|-heal|p1a: Enamorus|20/100 brn|[from] item: Leftovers
|-damage|p1a: Enamorus|14/100 brn|[from] brn
|upkeep
|turn|29
|j| WhatColorIsThis?
|
|t:|1769358178
|move|p1a: Enamorus|Play Rough|p2a: Moltres
|-resisted|p2a: Moltres
|-damage|p2a: Moltres|87/100
|move|p2a: Moltres|Flamethrower|p1a: Enamorus
|-damage|p1a: Enamorus|0 fnt
|faint|p1a: Enamorus
|
|-weather|Sandstorm|[upkeep]
|-damage|p2a: Moltres|81/100|[from] Sandstorm
|upkeep
|
|t:|1769358180
|switch|p1a: Kingambit|Kingambit, F|100/100
|-damage|p1a: Kingambit|94/100|[from] Stealth Rock
|-activate|p1a: Kingambit|ability: Supreme Overlord
|-start|p1a: Kingambit|fallen5|[silent]
|turn|30
|
|t:|1769358186
|-terastallize|p1a: Kingambit|Poison
|move|p2a: Moltres|Flamethrower|p1a: Kingambit
|-damage|p1a: Kingambit|49/100
|-status|p1a: Kingambit|brn
|move|p1a: Kingambit|Swords Dance|p1a: Kingambit
|-boost|p1a: Kingambit|atk|2
|
|-weather|Sandstorm|[upkeep]
|-damage|p2a: Moltres|75/100|[from] Sandstorm
|-damage|p1a: Kingambit|43/100 brn|[from] Sandstorm
|-damage|p1a: Kingambit|37/100 brn|[from] brn
|upkeep
|turn|31
|
|t:|1769358192
|-terastallize|p2a: Moltres|Fairy
|move|p2a: Moltres|Flamethrower|p1a: Kingambit
|-damage|p1a: Kingambit|0 fnt
|faint|p1a: Kingambit
|-end|p1a: Kingambit|fallen5|[silent]
|
|win|CambridgeFoulPlay
|raw|maxmoefoe pokemon's rating: 1620 &rarr; <strong>1612</strong><br />(-8 for losing)
|raw|CambridgeFoulPlay's rating: 1848 &rarr; <strong>1856</strong><br />(+8 for winning)
|c|☆CambridgeFoulPlay|gg
