|j|☆AliB_16
|j|☆natte pannenkoek
|t:|1769429681
|gametype|singles
|player|p1|AliB_16|266|1395
|player|p2|natte pannenkoek|hugh|1435
|gen|9
|tier|[Gen 9] OU
|rated|
|rule|HP Percentage Mod: HP is shown in percentages
|rule|Endless Battle Clause: Forcing endless battles is banned
|rule|Species Clause: Limit one of each Pokémon
|rule|OHKO Clause: OHKO moves are banned
|rule|Evasion Items Clause: Evasion items are banned
|rule|Evasion Moves Clause: Evasion moves are banned
|rule|Evasion Abilities Clause: Evasion abilities are banned
|rule|Sleep Moves Clause: Sleep-inducing moves are banned
|clearpoke
|poke|p1|Kingambit, M|
|poke|p1|Great Tusk|
|poke|p1|Rillaboom, F|
|poke|p1|Enamorus, F|
|poke|p1|Garganacl, M|
|poke|p1|Slowking-Galar, F|
|poke|p2|Alomomola, M|
|poke|p2|Ogerpon, F|
|poke|p2|Tinkaton, F|
|poke|p2|Great Tusk|
|poke|p2|Pecharunt|
|poke|p2|Hydreigon, M|
|teampreview
|l|☆AliB_16
|player|p1|
|j| nitroLazer120
|j|☆AliB_16
|player|p1|AliB_16|266|
|inactive|Battle timer is ON: inactive players will automatically lose when time's up. (requested by natte pannenkoek)
|
|t:|1769429710
|teamsize|p1|6
|teamsize|p2|6
|start
|switch|p1a: Rillaboom|Rillaboom, F|100/100
|switch|p2a: Ogerpon|Ogerpon, F|100/100
|-fieldstart|move: Grassy Terrain|[from] ability: Grassy Surge|[of] p1a: Rillaboom
|turn|1
|
|t:|1769429719
|move|p2a: Ogerpon|U-turn|p1a: Rillaboom
|-supereffective|p1a: Rillaboom
|-damage|p1a: Rillaboom|25/100
|
|t:|1769429722
|switch|p2a: Pecharunt|Pecharunt|100/100|[from] U-turn
|move|p1a: Rillaboom|U-turn|p2a: Pecharunt
|-resisted|p2a: Pecharunt
|-damage|p2a: Pecharunt|96/100
|-damage|p1a: Rillaboom|8/100|[from] item: Rocky Helmet|[of] p2a: Pecharunt
|
|t:|1769429726
|switch|p1a: Great Tusk|Great Tusk|100/100|[from] U-turn
|
|-heal|p2a: Pecharunt|100/100|[from] Grassy Terrain
|upkeep
|turn|2
|
|t:|1769429740
|move|p1a: Great Tusk|Knock Off|p2a: Pecharunt
|-supereffective|p2a: Pecharunt
|-damage|p2a: Pecharunt|69/100
|-damage|p1a: Great Tusk|84/100|[from] item: Rocky Helmet|[of] p2a: Pecharunt
|-enditem|p2a: Pecharunt|Rocky Helmet|[from] move: Knock Off|[of] p1a: Great Tusk
|move|p2a: Pecharunt|Parting Shot|p1a: Great Tusk
|-unboost|p1a: Great Tusk|atk|1
|-unboost|p1a: Great Tusk|spa|1
|
|t:|1769429749
|switch|p2a: Ogerpon|Ogerpon, F|100/100|[from] Parting Shot
|
|-heal|p1a: Great Tusk|90/100|[from] Grassy Terrain
|upkeep
|turn|3
|
|t:|1769429755
|-end|p1a: Great Tusk|Protosynthesis|[silent]
|switch|p1a: Slowking|Slowking-Galar, F|100/100
|move|p2a: Ogerpon|Ivy Cudgel|p1a: Slowking
|-resisted|p1a: Slowking
|-damage|p1a: Slowking|50/100
|
|-heal|p1a: Slowking|56/100|[from] Grassy Terrain
|upkeep
|turn|4
|l|☆AliB_16
|inactive|AliB_16 disconnected and has a minute to reconnect!
|player|p1|
|
|t:|1769429769
|-terastallize|p2a: Ogerpon|Grass
|detailschange|p2a: Ogerpon|Ogerpon-Teal-Tera, F, tera:Grass
|-ability|p2a: Ogerpon|Embody Aspect (Teal)|boost
|-boost|p2a: Ogerpon|spe|1
|move|p2a: Ogerpon|Ivy Cudgel|p1a: Slowking
|-resisted|p1a: Slowking
|-damage|p1a: Slowking|0 fnt
|faint|p1a: Slowking
|
|upkeep
|inactive|AliB_16 has 30 seconds to reconnect!
|inactive|AliB_16 has 20 seconds to reconnect!
|j|☆AliB_16
|inactive|AliB_16 reconnected and has 110 seconds left.
|player|p1|AliB_16|266|
|
|t:|1769429828
|switch|p1a: Kingambit|Kingambit, M|100/100
|-activate|p1a: Kingambit|ability: Supreme Overlord
|-start|p1a: Kingambit|fallen1|[silent]
|turn|5
|
|t:|1769429833
|switch|p2a: Great Tusk|Great Tusk, shiny|100/100
|move|p1a: Kingambit|Kowtow Cleave|p2a: Great Tusk
|-resisted|p2a: Great Tusk
|-damage|p2a: Great Tusk|79/100
|
|-heal|p2a: Great Tusk|85/100|[from] Grassy Terrain
|-fieldend|move: Grassy Terrain
|upkeep
|turn|6
|
|t:|1769429844
|move|p2a: Great Tusk|Close Combat|p1a: Kingambit
|-supereffective|p1a: Kingambit
|-damage|p1a: Kingambit|0 fnt
|-unboost|p2a: Great Tusk|def|1
|-unboost|p2a: Great Tusk|spd|1
|faint|p1a: Kingambit
|-end|p1a: Kingambit|fallen1|[silent]
|
|upkeep
|-message|AliB_16 forfeited.
|
|win|natte pannenkoek
|raw|AliB_16's rating: 1395 &rarr; <strong>1377</strong><br />(-18 for losing)
|raw|natte pannenkoek's rating: 1435 &rarr; <strong>1453</strong><br />(+18 for winning)
|l|☆AliB_16
|player|p1|
|l|☆natte pannenkoek
|player|p2|
|j|☆AliB_16
|player|p1|AliB_16|266|
