|j|☆Cotounet
|j|☆Einarorn1
|t:|1769350374
|gametype|singles
|player|p1|Cotounet|pokekid|1633
|player|p2|Einarorn1|1|1580
|gen|9
|tier|[Gen 9] OU
|rated|
|rule|HP Percentage Mod: HP is shown in percentages
|rule|Endless Battle Clause: Forcing endless battles is banned
|rule|Species Clause: Limit one of each Pokémon
|rule|OHKO Clause: OHKO moves are banned
|rule|Evasion Items Clause: Evasion items are banned
|rule|Evasion Moves Clause: Evasion moves are banned
|rule|Evasion Abilities Clause: Evasion abilities are banned
|rule|Sleep Moves Clause: Sleep-inducing moves are banned
|clearpoke
|poke|p1|Iron Crown|
|poke|p1|Samurott-Hisui, M|
|poke|p1|Zapdos|
|poke|p1|Dragapult, M|
|poke|p1|Great Tusk|
|poke|p1|Iron Boulder|
|poke|p2|Garchomp, F|
|poke|p2|Iron Valiant|
|poke|p2|Tyranitar, M|
|poke|p2|Rotom-Wash|
|poke|p2|Pecharunt|
|poke|p2|Corviknight, M|
|teampreview
|inactive|Battle timer is ON: inactive players will automatically lose when time's up. (requested by Einarorn1)
|
|t:|1769350399
|teamsize|p1|6
|teamsize|p2|6
|start
|switch|p1a: Everytime We Touch|Samurott-Hisui, M|100/100
|switch|p2a: Rotom|Rotom-Wash|100/100
|turn|1
|
|t:|1769350410
|move|p2a: Rotom|Volt Switch|p1a: Everytime We Touch
|-supereffective|p1a: Everytime We Touch
|-damage|p1a: Everytime We Touch|8/100
|
|t:|1769350413
|switch|p2a: Garchomp|Garchomp, F|100/100|[from] Volt Switch
|move|p1a: Everytime We Touch|Flip Turn|p2a: Garchomp
|-damage|p2a: Garchomp|82/100
|-damage|p1a: Everytime We Touch|0 fnt|[from] ability: Rough Skin|[of] p2a: Garchomp
|faint|p1a: Everytime We Touch
|
|upkeep
|
|t:|1769350421
|switch|p1a: Parasite|Dragapult, M|100/100
|turn|2
|
|t:|1769350433
|switch|p2a: Corviknight|Corviknight, M|100/100
|-ability|p2a: Corviknight|Pressure
|move|p1a: Parasite|Dragon Darts|p2a: Corviknight
|-resisted|p2a: Corviknight
|-damage|p2a: Corviknight|89/100
|-anim|p1a: Parasite|Dragon Darts|p2a: Corviknight
|-resisted|p2a: Corviknight
|-damage|p2a: Corviknight|78/100
|
|upkeep
|turn|3
|
|t:|1769350438
|switch|p1a: Hurikan|Zapdos|100/100
|move|p2a: Corviknight|U-turn|p1a: Hurikan
|-resisted|p1a: Hurikan
|-damage|p1a: Hurikan|96/100
|
|t:|1769350441
|switch|p2a: Tyranitar|Tyranitar, M|100/100|[from] U-turn
|-weather|Sandstorm|[from] ability: Sand Stream|[of] p2a: Tyranitar
|
|-weather|Sandstorm|[upkeep]
|-damage|p1a: Hurikan|90/100|[from] Sandstorm
|upkeep
|turn|4
|
|t:|1769350458
|switch|p1a: Pump It|Great Tusk|100/100
|move|p2a: Tyranitar|Ice Beam|p1a: Pump It
|-supereffective|p1a: Pump It
|-damage|p1a: Pump It|21/100
|
|-weather|Sandstorm|[upkeep]
|upkeep
|turn|5
|
|t:|1769350467
|switch|p2a: Corviknight|Corviknight, M|78/100
|-ability|p2a: Corviknight|Pressure
|move|p1a: Pump It|Headlong Rush|p2a: Corviknight
|-immune|p2a: Corviknight
|
|-weather|Sandstorm|[upkeep]
|upkeep
|turn|6
|
|t:|1769350473
|move|p1a: Pump It|Stealth Rock|p2a: Corviknight
|-sidestart|p2: Einarorn1|move: Stealth Rock
|move|p2a: Corviknight|Brave Bird|p1a: Pump It
|-supereffective|p1a: Pump It
|-damage|p1a: Pump It|0 fnt
|faint|p1a: Pump It
|-end|p1a: Pump It|Protosynthesis|[silent]
|-damage|p2a: Corviknight|72/100|[from] Recoil
|
|-weather|Sandstorm|[upkeep]
|upkeep
|
|t:|1769350482
|switch|p1a: Mindreader|Iron Crown|100/100
|turn|7
|
|t:|1769350489
|move|p1a: Mindreader|Volt Switch|p2a: Corviknight
|-supereffective|p2a: Corviknight
|-damage|p2a: Corviknight|5/100
|
|t:|1769350493
|-end|p1a: Mindreader|Quark Drive|[silent]
|switch|p1a: Hurikan|Zapdos|90/100|[from] Volt Switch
|move|p2a: Corviknight|U-turn|p1a: Hurikan
|-resisted|p1a: Hurikan
|-damage|p1a: Hurikan|85/100
|-status|p2a: Corviknight|par|[from] ability: Static|[of] p1a: Hurikan
|
|t:|1769350497
|switch|p2a: Garchomp|Garchomp, F|82/100|[from] U-turn
|-damage|p2a: Garchomp|76/100|[from] Stealth Rock
|
|-weather|none
|upkeep
|turn|8
|
|t:|1769350503
|move|p2a: Garchomp|Stealth Rock|p1a: Hurikan
|-sidestart|p1: Cotounet|move: Stealth Rock
|move|p1a: Hurikan|Hurricane|p2a: Garchomp|[miss]
|-miss|p1a: Hurikan|p2a: Garchomp
|
|upkeep
|turn|9
|
|t:|1769350506
|move|p2a: Garchomp|Spikes|p1a: Hurikan
|-sidestart|p1: Cotounet|Spikes
|move|p1a: Hurikan|Hurricane|p2a: Garchomp
|-damage|p2a: Garchomp|36/100
|
|upkeep
|turn|10
|
|t:|1769350512
|move|p2a: Garchomp|Spikes|p1a: Hurikan
|-sidestart|p1: Cotounet|Spikes
|move|p1a: Hurikan|Hurricane|p2a: Garchomp
|-damage|p2a: Garchomp|0 fnt
|faint|p2a: Garchomp
|
|upkeep
|
|t:|1769350518
|switch|p2a: Tyranitar|Tyranitar, M|100/100
|-damage|p2a: Tyranitar|88/100|[from] Stealth Rock
|-weather|Sandstorm|[from] ability: Sand Stream|[of] p2a: Tyranitar
|turn|11
|
|t:|1769350525
|move|p1a: Hurikan|U-turn|p2a: Tyranitar
|-supereffective|p2a: Tyranitar
|-damage|p2a: Tyranitar|67/100
|
|t:|1769350528
|switch|p1a: Mindreader|Iron Crown|100/100|[from] U-turn
|-damage|p1a: Mindreader|94/100|[from] Stealth Rock
|-damage|p1a: Mindreader|78/100|[from] Spikes
|move|p2a: Tyranitar|Knock Off|p1a: Mindreader
|-supereffective|p1a: Mindreader
|-damage|p1a: Mindreader|0 fnt
|-enditem|p1a: Mindreader|Choice Specs|[from] move: Knock Off|[of] p2a: Tyranitar
|faint|p1a: Mindreader
|-end|p1a: Mindreader|Quark Drive|[silent]
|
|-weather|Sandstorm|[upkeep]
|upkeep
|
|t:|1769350539
|switch|p1a: Revery|Iron Boulder|100/100
|-damage|p1a: Revery|88/100|[from] Stealth Rock
|-damage|p1a: Revery|72/100|[from] Spikes
|-enditem|p1a: Revery|Booster Energy
|-activate|p1a: Revery|ability: Quark Drive|[fromitem]
|-start|p1a: Revery|quarkdrivespe
|turn|12
|
|t:|1769350555
|-terastallize|p1a: Revery|Fighting
|move|p1a: Revery|Swords Dance|p1a: Revery
|-boost|p1a: Revery|atk|2
|move|p2a: Tyranitar|Knock Off|p1a: Revery
|-resisted|p1a: Revery
|-damage|p1a: Revery|47/100
|
|-weather|Sandstorm|[upkeep]
|-damage|p1a: Revery|41/100|[from] Sandstorm
|upkeep
|turn|13
|
|t:|1769350566
|switch|p2a: Corviknight|Corviknight, M|5/100 par
|-damage|p2a: Corviknight|0 fnt|[from] Stealth Rock
|faint|p2a: Corviknight
|move|p1a: Revery|Close Combat|p2: Corviknight|[notarget]
|-fail|p1a: Revery
|
|-weather|Sandstorm|[upkeep]
|-damage|p1a: Revery|35/100|[from] Sandstorm
|upkeep
|
|t:|1769350575
|switch|p2a: Pecharunt|Pecharunt|100/100
|turn|14
|
|t:|1769350584
|move|p1a: Revery|Close Combat|p2a: Pecharunt
|-immune|p2a: Pecharunt
|move|p2a: Pecharunt|Malignant Chain|p1a: Revery
|-damage|p1a: Revery|0 fnt
|faint|p1a: Revery
|-end|p1a: Revery|Quark Drive|[silent]
|
|-weather|Sandstorm|[upkeep]
|-damage|p2a: Pecharunt|95/100|[from] Sandstorm
|upkeep
|
|t:|1769350589
|switch|p1a: Parasite|Dragapult, M|100/100
|-damage|p1a: Parasite|88/100|[from] Stealth Rock
|-damage|p1a: Parasite|72/100|[from] Spikes
|turn|15
|
|t:|1769350596
|move|p1a: Parasite|Dragon Darts|p2a: Pecharunt
|-damage|p2a: Pecharunt|68/100
|-anim|p1a: Parasite|Dragon Darts|p2a: Pecharunt
|-damage|p2a: Pecharunt|40/100
|move|p2a: Pecharunt|Shadow Ball|p1a: Parasite
|-supereffective|p1a: Parasite
|-damage|p1a: Parasite|0 fnt
|faint|p1a: Parasite
|
|-weather|none
|upkeep
|
|t:|1769350601
|switch|p1a: Hurikan|Zapdos|85/100
|turn|16
|-message|Cotounet forfeited.
|
|win|Einarorn1
|raw|Cotounet's rating: 1633 &rarr; <strong>1610</strong><br />(-23 for losing)
|raw|Einarorn1's rating: 1580 &rarr; <strong>1603</strong><br />(+23 for winning)
|l|☆Cotounet
|player|p1|
|c|☆Einarorn1|gg
|l|☆Einarorn1
|player|p2|
