|j|☆Cam1610
|j|☆brickforbrains
|t:|1769442690
|gametype|singles
|player|p1|Cam1610|hiker-gen4|1465
|player|p2|brickforbrains|clerk|1526
|gen|9
|tier|[Gen 9] OU
|rated|
|rule|HP Percentage Mod: HP is shown in percentages
|rule|Endless Battle Clause: Forcing endless battles is banned
|rule|Species Clause: Limit one of each Pokémon
|rule|OHKO Clause: OHKO moves are banned
|rule|Evasion Items Clause: Evasion items are banned
|rule|Evasion Moves Clause: Evasion moves are banned
|rule|Evasion Abilities Clause: Evasion abilities are banned
|rule|Sleep Moves Clause: Sleep-inducing moves are banned
|clearpoke
|poke|p1|Ninetales-Alola, F|
|poke|p1|Porygon-Z|
|poke|p1|Great Tusk|
|poke|p1|Zapdos|
|poke|p1|Ogerpon-Wellspring, F|
|poke|p1|Heatran, M|
|poke|p2|Landorus-Therian, M|
|poke|p2|Revavroom, M|
|poke|p2|Kyurem|
|poke|p2|Hatterene, F|
|poke|p2|Iron Valiant|
|poke|p2|Dragonite, M|
|teampreview
|inactive|Battle timer is ON: inactive players will automatically lose when time's up. (requested by brickforbrains)
|inactive|Cam1610 also wants the timer to be on.
|
|t:|1769442713
|teamsize|p1|6
|teamsize|p2|6
|start
|switch|p1a: Ninetales|Ninetales-Alola, F|100/100
|switch|p2a: Landorus|Landorus-Therian, M|100/100
|-weather|Snowscape|[from] ability: Snow Warning|[of] p1a: Ninetales
|-ability|p2a: Landorus|Intimidate|boost
|-unboost|p1a: Ninetales|atk|1
|turn|1
|
|t:|1769442716
|move|p1a: Ninetales|Aurora Veil|p1a: Ninetales
|-sidestart|p1: Cam1610|move: Aurora Veil
|move|p2a: Landorus|Stealth Rock|p1a: Ninetales
|-sidestart|p1: Cam1610|move: Stealth Rock
|
|-weather|Snowscape|[upkeep]
|upkeep
|turn|2
|
|t:|1769442721
|move|p1a: Ninetales|Blizzard|p2a: Landorus
|-supereffective|p2a: Landorus
|-damage|p2a: Landorus|0 fnt
|faint|p2a: Landorus
|
|-weather|Snowscape|[upkeep]
|upkeep
|
|t:|1769442732
|switch|p2a: Hatterene|Hatterene, F|100/100
|turn|3
|
|t:|1769442736
|move|p1a: Ninetales|Blizzard|p2a: Hatterene
|-damage|p2a: Hatterene|74/100
|move|p2a: Hatterene|Mystical Fire|p1a: Ninetales
|-supereffective|p1a: Ninetales
|-damage|p1a: Ninetales|65/100
|-unboost|p1a: Ninetales|spa|1
|
|-weather|Snowscape|[upkeep]
|upkeep
|turn|4
|
|t:|1769442740
|move|p1a: Ninetales|Moonblast|p2a: Hatterene
|-damage|p2a: Hatterene|59/100
|move|p2a: Hatterene|Draining Kiss|p1a: Ninetales
|-damage|p1a: Ninetales|48/100
|-heal|p2a: Hatterene|71/100|[from] drain|[of] p1a: Ninetales
|
|-weather|Snowscape|[upkeep]
|upkeep
|turn|5
|
|t:|1769442745
|move|p1a: Ninetales|Moonblast|p2a: Hatterene
|-damage|p2a: Hatterene|58/100
|move|p2a: Hatterene|Nuzzle|p1a: Ninetales
|-damage|p1a: Ninetales|46/100
|-status|p1a: Ninetales|par
|
|-weather|none
|upkeep
|turn|6
|
|t:|1769442748
|cant|p1a: Ninetales|par
|move|p2a: Hatterene|Mystical Fire|p1a: Ninetales
|-supereffective|p1a: Ninetales
|-damage|p1a: Ninetales|15/100 par
|-unboost|p1a: Ninetales|spa|1
|
|upkeep
|turn|7
|
|t:|1769442751
|move|p1a: Ninetales|Moonblast|p2a: Hatterene
|-damage|p2a: Hatterene|46/100
|move|p2a: Hatterene|Mystical Fire|p1a: Ninetales
|-supereffective|p1a: Ninetales
|-damage|p1a: Ninetales|0 fnt
|faint|p1a: Ninetales
|
|upkeep
|
|t:|1769442757
|switch|p1a: Great Tusk|Great Tusk|100/100
|-damage|p1a: Great Tusk|98/100|[from] Stealth Rock
|turn|8
|
|t:|1769442762
|move|p1a: Great Tusk|Rapid Spin|p2a: Hatterene
|-damage|p2a: Hatterene|26/100
|-boost|p1a: Great Tusk|spe|1
|-sideend|p1: Cam1610|Stealth Rock|[from] move: Rapid Spin|[of] p1a: Great Tusk
|move|p2a: Hatterene|Draining Kiss|p1a: Great Tusk
|-supereffective|p1a: Great Tusk
|-damage|p1a: Great Tusk|57/100
|-heal|p2a: Hatterene|61/100|[from] drain|[of] p1a: Great Tusk
|-damage|p2a: Hatterene|45/100|[from] item: Rocky Helmet|[of] p1a: Great Tusk
|
|-sideend|p1: Cam1610|move: Aurora Veil
|upkeep
|turn|9
|
|t:|1769442766
|move|p1a: Great Tusk|Earthquake|p2a: Hatterene
|-damage|p2a: Hatterene|0 fnt
|faint|p2a: Hatterene
|
|upkeep
|
|t:|1769442777
|switch|p2a: Dragonite|Dragonite, M|100/100
|turn|10
|
|t:|1769442799
|move|p1a: Great Tusk|Knock Off|p2a: Dragonite
|-damage|p2a: Dragonite|82/100
|-enditem|p2a: Dragonite|Loaded Dice|[from] move: Knock Off|[of] p1a: Great Tusk
|move|p2a: Dragonite|Scale Shot|p1a: Great Tusk
|-damage|p1a: Great Tusk|47/100
|-damage|p1a: Great Tusk|38/100
|-hitcount|p1a: Great Tusk|2
|-unboost|p2a: Dragonite|def|1
|-boost|p2a: Dragonite|spe|1
|
|upkeep
|turn|11
|
|t:|1769442806
|move|p1a: Great Tusk|Rapid Spin|p2a: Dragonite
|-damage|p2a: Dragonite|55/100
|-boost|p1a: Great Tusk|spe|1
|move|p2a: Dragonite|Scale Shot|p1a: Great Tusk
|-damage|p1a: Great Tusk|28/100
|-crit|p1a: Great Tusk
|-damage|p1a: Great Tusk|14/100
|-damage|p1a: Great Tusk|4/100
|-damage|p1a: Great Tusk|0 fnt
|faint|p1a: Great Tusk
|-end|p1a: Great Tusk|Protosynthesis|[silent]
|-hitcount|p1: Great Tusk|4
|-unboost|p2a: Dragonite|def|1
|-boost|p2a: Dragonite|spe|1
|
|upkeep
|
|t:|1769442814
|switch|p1a: Zapdos|Zapdos|100/100
|turn|12
|
|t:|1769442817
|move|p2a: Dragonite|Scale Shot|p1a: Zapdos
|-damage|p1a: Zapdos|87/100
|-damage|p1a: Zapdos|73/100
|-damage|p1a: Zapdos|58/100
|-hitcount|p1a: Zapdos|3
|-unboost|p2a: Dragonite|def|1
|-boost|p2a: Dragonite|spe|1
|move|p1a: Zapdos|Hurricane|p2a: Dragonite
|-damage|p2a: Dragonite|0 fnt
|faint|p2a: Dragonite
|
|-heal|p1a: Zapdos|64/100|[from] item: Leftovers
|upkeep
|inactive|brickforbrains has 120 seconds left.
|
|t:|1769442851
|switch|p2a: Revavroom|Revavroom, M|100/100
|-item|p2a: Revavroom|Air Balloon
|turn|13
|
|t:|1769442860
|move|p2a: Revavroom|Shift Gear|p2a: Revavroom
|-boost|p2a: Revavroom|spe|2
|-boost|p2a: Revavroom|atk|1
|move|p1a: Zapdos|Heat Wave|p2a: Revavroom
|-supereffective|p2a: Revavroom
|-damage|p2a: Revavroom|15/100
|-enditem|p2a: Revavroom|Air Balloon
|
|-heal|p1a: Zapdos|70/100|[from] item: Leftovers
|upkeep
|turn|14
|
|t:|1769442863
|move|p2a: Revavroom|Gunk Shot|p1a: Zapdos
|-damage|p1a: Zapdos|0 fnt
|faint|p1a: Zapdos
|
|upkeep
|
|t:|1769442866
|switch|p1a: Heatran|Heatran, M|100/100
|turn|15
|
|t:|1769442869
|move|p1a: Heatran|Protect|p1a: Heatran
|-singleturn|p1a: Heatran|Protect
|move|p2a: Revavroom|High Horsepower|p1a: Heatran
|-activate|p1a: Heatran|move: Protect
|
|upkeep
|turn|16
|
|t:|1769442879
|move|p2a: Revavroom|Iron Head|p1a: Heatran
|-resisted|p1a: Heatran
|-damage|p1a: Heatran|87/100
|cant|p1a: Heatran|flinch
|
|-heal|p1a: Heatran|93/100|[from] item: Leftovers
|upkeep
|turn|17
|
|t:|1769442883
|move|p2a: Revavroom|High Horsepower|p1a: Heatran
|-supereffective|p1a: Heatran
|-damage|p1a: Heatran|0 fnt
|faint|p1a: Heatran
|
|upkeep
|
|t:|1769442885
|switch|p1a: Ogerpon|Ogerpon-Wellspring, F|100/100
|turn|18
|
|t:|1769442889
|move|p2a: Revavroom|Gunk Shot|p1a: Ogerpon
|-supereffective|p1a: Ogerpon
|-damage|p1a: Ogerpon|0 fnt
|faint|p1a: Ogerpon
|
|upkeep
|
|t:|1769442892
|switch|p1a: Porygon-Z|Porygon-Z|100/100
|turn|19
|
|t:|1769442896
|-terastallize|p1a: Porygon-Z|Fairy
|move|p2a: Revavroom|Gunk Shot|p1a: Porygon-Z
|-supereffective|p1a: Porygon-Z
|-damage|p1a: Porygon-Z|0 fnt
|faint|p1a: Porygon-Z
|
|win|brickforbrains
|raw|Cam1610's rating: 1465 &rarr; <strong>1448</strong><br />(-17 for losing)
|raw|brickforbrains's rating: 1526 &rarr; <strong>1543</strong><br />(+17 for winning)
|l|☆Cam1610
|player|p1|
|l|☆brickforbrains
|player|p2|
