|j|☆breizh-pao
|j|☆Fhantazy
|t:|1769361646
|gametype|singles
|player|p1|breizh-pao|hiker-gen4|1416
|player|p2|Fhantazy|1|1388
|gen|9
|tier|[Gen 9] OU
|rated|
|rule|HP Percentage Mod: HP is shown in percentages
|rule|Endless Battle Clause: Forcing endless battles is banned
|rule|Species Clause: Limit one of each Pokémon
|rule|OHKO Clause: OHKO moves are banned
|rule|Evasion Items Clause: Evasion items are banned
|rule|Evasion Moves Clause: Evasion moves are banned
|rule|Evasion Abilities Clause: Evasion abilities are banned
|rule|Sleep Moves Clause: Sleep-inducing moves are banned
|clearpoke
|poke|p1|Ribombee, M|
|poke|p1|Cinderace, M|
|poke|p1|Serperior, M|
|poke|p1|Dragapult, M|
|poke|p1|Bisharp, M|
|poke|p1|Latios, M|
|poke|p2|Clefable, F|
|poke|p2|Ting-Lu|
|poke|p2|Cinderace, M|
|poke|p2|Alomomola, F|
|poke|p2|Dragonite, F|
|poke|p2|Gholdengo|
|teampreview
|
|t:|1769361685
|teamsize|p1|6
|teamsize|p2|6
|start
|switch|p1a: Ribombee|Ribombee, M|100/100
|switch|p2a: Cinderace|Cinderace, M|100/100
|turn|1
|
|t:|1769361688
|move|p1a: Ribombee|Sticky Web|p2a: Cinderace
|-sidestart|p2: Fhantazy|move: Sticky Web
|move|p2a: Cinderace|Pyro Ball|p1a: Ribombee|[miss]
|-miss|p2a: Cinderace|p1a: Ribombee
|
|upkeep
|turn|2
|
|t:|1769361692
|move|p1a: Ribombee|Stun Spore|p2a: Cinderace
|-status|p2a: Cinderace|par
|move|p2a: Cinderace|Pyro Ball|p1a: Ribombee
|-supereffective|p1a: Ribombee
|-enditem|p1a: Ribombee|Focus Sash
|-damage|p1a: Ribombee|1/100
|
|upkeep
|turn|3
|
|t:|1769361698
|cant|p2a: Cinderace|par
|move|p1a: Ribombee|Psychic Noise|p2a: Cinderace
|-damage|p2a: Cinderace|68/100 par
|-start|p2a: Cinderace|move: Heal Block
|
|upkeep
|turn|4
|
|t:|1769361702
|move|p2a: Cinderace|Sucker Punch|p1a: Ribombee
|-start|p2a: Cinderace|typechange|Dark|[from] ability: Libero
|-resisted|p1a: Ribombee
|-damage|p1a: Ribombee|0 fnt
|faint|p1a: Ribombee
|
|-end|p2a: Cinderace|move: Heal Block
|upkeep
|
|t:|1769361715
|switch|p1a: Cinderace|Cinderace, M|100/100
|turn|5
|
|t:|1769361726
|move|p1a: Cinderace|Pyro Ball|p2a: Cinderace
|-damage|p2a: Cinderace|0 fnt
|faint|p2a: Cinderace
|
|upkeep
|
|t:|1769361738
|switch|p2a: Clefable|Clefable, F|100/100
|-activate|p2a: Clefable|move: Sticky Web
|-unboost|p2a: Clefable|spe|1
|turn|6
|
|t:|1769361746
|move|p1a: Cinderace|Pyro Ball|p2a: Clefable
|-damage|p2a: Clefable|47/100
|move|p2a: Clefable|Knock Off|p1a: Cinderace
|-damage|p1a: Cinderace|80/100
|-enditem|p1a: Cinderace|Heavy-Duty Boots|[from] move: Knock Off|[of] p2a: Clefable
|
|-heal|p2a: Clefable|53/100|[from] item: Leftovers
|upkeep
|turn|7
|
|t:|1769361756
|switch|p2a: Alomomola|Alomomola, F|100/100
|move|p1a: Cinderace|Court Change|p1a: Cinderace
|-swapsideconditions
|-activate|p1a: Cinderace|move: Court Change
|
|upkeep
|turn|8
|
|t:|1769361761
|move|p1a: Cinderace|U-turn|p2a: Alomomola
|-damage|p2a: Alomomola|91/100
|
|t:|1769361764
|switch|p1a: Dragapult|Dragapult, M|100/100|[from] U-turn
|-activate|p1a: Dragapult|move: Sticky Web
|-fail|p1a: Dragapult|unboost|[from] ability: Clear Body|[of] p1a: Dragapult
|move|p2a: Alomomola|Wish|p2a: Alomomola
|
|upkeep
|turn|9
|
|t:|1769361766
|move|p1a: Dragapult|Thunderbolt|p2a: Alomomola
|-supereffective|p2a: Alomomola
|-damage|p2a: Alomomola|8/100
|-damage|p1a: Dragapult|91/100|[from] item: Life Orb
|move|p2a: Alomomola|Flip Turn|p1a: Dragapult
|-resisted|p1a: Dragapult
|-damage|p1a: Dragapult|80/100
|
|t:|1769361769
|switch|p2a: Ting-Lu|Ting-Lu|100/100|[from] Flip Turn
|-ability|p2a: Ting-Lu|Vessel of Ruin
|
|upkeep
|turn|10
|
|t:|1769361773
|move|p1a: Dragapult|Hydro Pump|p2a: Ting-Lu
|-supereffective|p2a: Ting-Lu
|-damage|p2a: Ting-Lu|60/100
|-damage|p1a: Dragapult|71/100|[from] item: Life Orb
|move|p2a: Ting-Lu|Spikes|p1a: Dragapult
|-sidestart|p1: breizh-pao|Spikes
|
|-heal|p2a: Ting-Lu|66/100|[from] item: Leftovers
|upkeep
|turn|11
|
|t:|1769361788
|switch|p2a: Clefable|Clefable, F|53/100
|move|p1a: Dragapult|Hydro Pump|p2a: Clefable
|-damage|p2a: Clefable|27/100
|-damage|p1a: Dragapult|61/100|[from] item: Life Orb
|
|-heal|p2a: Clefable|33/100|[from] item: Leftovers
|upkeep
|turn|12
|
|t:|1769361796
|switch|p1a: Bisharp|Bisharp, M|100/100
|-activate|p1a: Bisharp|move: Sticky Web
|-unboost|p1a: Bisharp|spe|1
|-ability|p1a: Bisharp|Defiant|boost
|-boost|p1a: Bisharp|atk|2
|-damage|p1a: Bisharp|88/100|[from] Spikes
|switch|p2a: Ting-Lu|Ting-Lu|66/100
|-ability|p2a: Ting-Lu|Vessel of Ruin
|
|-heal|p2a: Ting-Lu|72/100|[from] item: Leftovers
|upkeep
|turn|13
|
|t:|1769361807
|move|p1a: Bisharp|Low Kick|p2a: Ting-Lu
|-supereffective|p2a: Ting-Lu
|-damage|p2a: Ting-Lu|0 fnt
|faint|p2a: Ting-Lu
|
|upkeep
|
|t:|1769361817
|switch|p2a: Gholdengo|Gholdengo|100/100
|-item|p2a: Gholdengo|Air Balloon
|turn|14
|
|t:|1769361820
|-terastallize|p2a: Gholdengo|Fighting
|move|p1a: Bisharp|Sucker Punch|p2a: Gholdengo
|-resisted|p2a: Gholdengo
|-damage|p2a: Gholdengo|68/100
|-enditem|p2a: Gholdengo|Air Balloon
|move|p2a: Gholdengo|Tera Blast|p1a: Bisharp|[anim] Tera Blast Fighting
|-supereffective|p1a: Bisharp
|-damage|p1a: Bisharp|0 fnt
|faint|p1a: Bisharp
|
|upkeep
|
|t:|1769361824
|switch|p1a: Latios|Latios, M|100/100
|turn|15
|
|t:|1769361831
|switch|p2a: Alomomola|Alomomola, F|41/100
|move|p1a: Latios|Luster Purge|p2a: Alomomola
|-damage|p2a: Alomomola|0 fnt
|faint|p2a: Alomomola
|
|upkeep
|
|t:|1769361833
|switch|p2a: Clefable|Clefable, F|33/100
|turn|16
|
|t:|1769361835
|move|p1a: Latios|Luster Purge|p2a: Clefable
|-damage|p2a: Clefable|0 fnt
|faint|p2a: Clefable
|
|upkeep
|
|t:|1769361838
|switch|p2a: Dragonite|Dragonite, F|100/100
|turn|17
|
|t:|1769361839
|move|p1a: Latios|Luster Purge|p2a: Dragonite
|-damage|p2a: Dragonite|77/100
|move|p2a: Dragonite|Dragon Tail|p1a: Latios
|-supereffective|p1a: Latios
|-crit|p1a: Latios
|-damage|p1a: Latios|0 fnt
|faint|p1a: Latios
|
|upkeep
|
|t:|1769361843
|switch|p1a: Dragapult|Dragapult, M|61/100
|-activate|p1a: Dragapult|move: Sticky Web
|-fail|p1a: Dragapult|unboost|[from] ability: Clear Body|[of] p1a: Dragapult
|-damage|p1a: Dragapult|48/100|[from] Spikes
|turn|18
|
|t:|1769361853
|switch|p2a: Gholdengo|Gholdengo, tera:Fighting|68/100
|move|p1a: Dragapult|Dragon Darts|p2a: Gholdengo
|-crit|p2a: Gholdengo
|-damage|p2a: Gholdengo|36/100
|-anim|p1a: Dragapult|Dragon Darts|p2a: Gholdengo
|-damage|p2a: Gholdengo|15/100
|-damage|p1a: Dragapult|39/100|[from] item: Life Orb
|
|upkeep
|turn|19
|
|t:|1769361858
|move|p1a: Dragapult|Dragon Darts|p2a: Gholdengo
|-damage|p2a: Gholdengo|0 fnt
|faint|p2a: Gholdengo
|-damage|p1a: Dragapult|29/100|[from] item: Life Orb
|
|upkeep
|
|t:|1769361859
|switch|p2a: Dragonite|Dragonite, F|77/100
|turn|20
|
|t:|1769361862
|move|p1a: Dragapult|Dragon Darts|p2a: Dragonite
|-supereffective|p2a: Dragonite
|-damage|p2a: Dragonite|30/100
|-anim|p1a: Dragapult|Dragon Darts|p2a: Dragonite
|-supereffective|p2a: Dragonite
|-damage|p2a: Dragonite|0 fnt
|faint|p2a: Dragonite
|-damage|p1a: Dragapult|19/100|[from] item: Life Orb
|
|win|breizh-pao
|raw|breizh-pao's rating: 1416 &rarr; <strong>1434</strong><br />(+18 for winning)
|raw|Fhantazy's rating: 1388 &rarr; <strong>1370</strong><br />(-18 for losing)
|l|☆Fhantazy
|player|p2|
|c|☆breizh-pao|Gg
|l|☆breizh-pao
|player|p1|
