|j|☆rogyan18
|j|☆Mkbs
|t:|1769435968
|gametype|singles
|player|p1|rogyan18|flint|1308
|player|p2|Mkbs|266|1322
|gen|9
|tier|[Gen 9] OU
|rated|
|rule|HP Percentage Mod: HP is shown in percentages
|rule|Endless Battle Clause: Forcing endless battles is banned
|rule|Species Clause: Limit one of each Pokémon
|rule|OHKO Clause: OHKO moves are banned
|rule|Evasion Items Clause: Evasion items are banned
|rule|Evasion Moves Clause: Evasion moves are banned
|rule|Evasion Abilities Clause: Evasion abilities are banned
|rule|Sleep Moves Clause: Sleep-inducing moves are banned
|clearpoke
|poke|p1|Infernape, M|
|poke|p1|Rotom-Heat|
|poke|p1|Heatran, F|
|poke|p1|Drifblim, F|
|poke|p1|Volcanion|
|poke|p1|Cinderace, M|
|poke|p2|Ting-Lu|
|poke|p2|Raging Bolt|
|poke|p2|Ninetales, F|
|poke|p2|Weezing-Galar, M|
|poke|p2|Slowking-Galar, F|
|poke|p2|Meowscarada, F|
|teampreview
|inactive|Battle timer is ON: inactive players will automatically lose when time's up. (requested by rogyan18)
|
|t:|1769435985
|teamsize|p1|6
|teamsize|p2|6
|start
|switch|p1a: Kakaroto|Infernape, M|100/100
|switch|p2a: Ting-Lu|Ting-Lu|100/100
|-ability|p2a: Ting-Lu|Vessel of Ruin
|turn|1
|
|t:|1769435995
|switch|p1a: Rotom|Rotom-Heat|100/100
|move|p2a: Ting-Lu|Stealth Rock|p1a: Rotom
|-sidestart|p1: rogyan18|move: Stealth Rock
|
|upkeep
|turn|2
|
|t:|1769436001
|move|p1a: Rotom|Trick|p2a: Ting-Lu
|-activate|p1a: Rotom|move: Trick|[of] p2a: Ting-Lu
|-item|p2a: Ting-Lu|Choice Scarf|[from] move: Trick
|-item|p1a: Rotom|Leftovers|[from] move: Trick
|move|p2a: Ting-Lu|Whirlwind|p1a: Rotom
|drag|p1a: Kakaroto|Infernape, M|100/100
|-damage|p1a: Kakaroto|88/100|[from] Stealth Rock
|
|upkeep
|turn|3
|
|t:|1769436012
|move|p1a: Kakaroto|Close Combat|p2a: Ting-Lu
|-supereffective|p2a: Ting-Lu
|-damage|p2a: Ting-Lu|21/100
|-unboost|p1a: Kakaroto|def|1
|-unboost|p1a: Kakaroto|spd|1
|-damage|p1a: Kakaroto|78/100|[from] item: Life Orb
|move|p2a: Ting-Lu|Whirlwind|p1a: Kakaroto
|drag|p1a: Drifblim|Drifblim, F|100/100
|
|upkeep
|turn|4
|
|t:|1769436026
|switch|p2a: Weezing|Weezing-Galar, M|100/100
|-ability|p2a: Weezing|Neutralizing Gas
|move|p1a: Drifblim|Defog|p2a: Weezing
|-unboost|p2a: Weezing|evasion|1
|-sideend|p1: rogyan18|Stealth Rock|[from] move: Defog|[of] p1a: Drifblim
|
|upkeep
|turn|5
|
|t:|1769436037
|move|p1a: Drifblim|Will-O-Wisp|p2a: Weezing
|-status|p2a: Weezing|brn
|move|p2a: Weezing|Strange Steam|p1a: Drifblim
|-damage|p1a: Drifblim|65/100
|
|-damage|p2a: Weezing|95/100 brn|[from] brn
|upkeep
|turn|6
|
|t:|1769436048
|move|p1a: Drifblim|Hex|p2a: Weezing
|-damage|p2a: Weezing|35/100 brn
|move|p2a: Weezing|Strange Steam|p1a: Drifblim
|-damage|p1a: Drifblim|31/100
|-start|p1a: Drifblim|confusion
|
|-heal|p2a: Weezing|41/100 brn|[from] item: Leftovers
|-damage|p2a: Weezing|35/100 brn|[from] brn
|upkeep
|turn|7
|
|t:|1769436066
|-activate|p1a: Drifblim|confusion
|move|p1a: Drifblim|Strength Sap|p2a: Weezing
|-unboost|p2a: Weezing|atk|1
|-heal|p1a: Drifblim|75/100
|move|p2a: Weezing|Pain Split|p1a: Drifblim
|-sethp|p1a: Drifblim|51/100|[from] move: Pain Split|[silent]
|-sethp|p2a: Weezing|67/100 brn|[from] move: Pain Split
|
|-heal|p2a: Weezing|73/100 brn|[from] item: Leftovers
|-damage|p2a: Weezing|67/100 brn|[from] brn
|upkeep
|turn|8
|
|t:|1769436080
|switch|p1a: Heatran|Heatran, F|100/100
|-item|p1a: Heatran|Air Balloon
|move|p2a: Weezing|Strange Steam|p1a: Heatran
|-resisted|p1a: Heatran
|-damage|p1a: Heatran|95/100
|-enditem|p1a: Heatran|Air Balloon
|
|-heal|p2a: Weezing|73/100 brn|[from] item: Leftovers
|-damage|p2a: Weezing|67/100 brn|[from] brn
|upkeep
|turn|9
|
|t:|1769436099
|-end|p2a: Weezing|ability: Neutralizing Gas
|switch|p2a: Slowking|Slowking-Galar, F|100/100
|move|p1a: Heatran|Flame Charge|p2a: Slowking
|-damage|p2a: Slowking|87/100
|-boost|p1a: Heatran|spe|1
|
|upkeep
|turn|10
|inactive|rogyan18 has 120 seconds left.
|inactive|rogyan18 has 90 seconds left.
|
|t:|1769436173
|move|p1a: Heatran|Earth Power|p2a: Slowking
|-supereffective|p2a: Slowking
|-damage|p2a: Slowking|45/100
|-prepare|p2a: Slowking|Chilly Reception|[premajor]
|move|p2a: Slowking|Chilly Reception|p2a: Slowking
|-weather|Snowscape
|
|t:|1769436186
|switch|p2a: Raging Bolt|Raging Bolt|100/100|[from] Chilly Reception
|
|-weather|Snowscape|[upkeep]
|upkeep
|turn|11
|inactive|rogyan18 has 90 seconds left.
|
|t:|1769436207
|move|p1a: Heatran|Earth Power|p2a: Raging Bolt
|-supereffective|p2a: Raging Bolt
|-damage|p2a: Raging Bolt|33/100
|move|p2a: Raging Bolt|Volt Switch|p1a: Heatran
|-damage|p1a: Heatran|60/100
|
|t:|1769436219
|-end|p2a: Raging Bolt|Protosynthesis|[silent]
|switch|p2a: Ting-Lu|Ting-Lu|21/100|[from] Volt Switch
|-ability|p2a: Ting-Lu|Vessel of Ruin
|
|-weather|Snowscape|[upkeep]
|upkeep
|turn|12
|
|t:|1769436226
|move|p1a: Heatran|Lava Plume|p2a: Ting-Lu
|-damage|p2a: Ting-Lu|1/100
|move|p2a: Ting-Lu|Stealth Rock|p1a: Heatran
|-sidestart|p1: rogyan18|move: Stealth Rock
|
|-weather|Snowscape|[upkeep]
|upkeep
|turn|13
|inactive|rogyan18 has 90 seconds left.
|
|t:|1769436233
|switch|p2a: Ninetales|Ninetales, F|100/100
|-weather|SunnyDay|[from] ability: Drought|[of] p2a: Ninetales
|move|p1a: Heatran|Flame Charge|p2a: Ninetales
|-resisted|p2a: Ninetales
|-crit|p2a: Ninetales
|-damage|p2a: Ninetales|82/100
|-boost|p1a: Heatran|spe|1
|
|-weather|SunnyDay|[upkeep]
|upkeep
|turn|14
|
|t:|1769436244
|move|p1a: Heatran|Earth Power|p2a: Ninetales
|-supereffective|p2a: Ninetales
|-damage|p2a: Ninetales|10/100
|move|p2a: Ninetales|Encore|p1a: Heatran
|-start|p1a: Heatran|Encore
|
|-weather|SunnyDay|[upkeep]
|upkeep
|turn|15
|
|t:|1769436257
|switch|p2a: Meowscarada|Meowscarada, F|100/100
|move|p1a: Heatran|Earth Power|p2a: Meowscarada
|-resisted|p2a: Meowscarada
|-damage|p2a: Meowscarada|74/100
|
|-weather|SunnyDay|[upkeep]
|upkeep
|turn|16
|
|t:|1769436274
|switch|p1a: Pessi|Cinderace, M|100/100
|move|p2a: Meowscarada|Knock Off|p1a: Pessi
|-start|p2a: Meowscarada|typechange|Dark|[from] ability: Protean
|-damage|p1a: Pessi|32/100
|-enditem|p1a: Pessi|Heavy-Duty Boots|[from] move: Knock Off|[of] p2a: Meowscarada
|
|-weather|SunnyDay|[upkeep]
|upkeep
|turn|17
|
|t:|1769436284
|move|p1a: Pessi|Sucker Punch|p2a: Meowscarada
|-start|p1a: Pessi|typechange|Dark|[from] ability: Libero
|-resisted|p2a: Meowscarada
|-damage|p2a: Meowscarada|49/100
|move|p2a: Meowscarada|Knock Off|p1a: Pessi
|-resisted|p1a: Pessi
|-damage|p1a: Pessi|9/100
|
|-weather|SunnyDay|[upkeep]
|upkeep
|turn|18
|
|t:|1769436292
|move|p2a: Meowscarada|U-turn|p1a: Pessi
|-supereffective|p1a: Pessi
|-damage|p1a: Pessi|0 fnt
|faint|p1a: Pessi
|
|t:|1769436305
|switch|p2a: Raging Bolt|Raging Bolt|33/100|[from] U-turn
|-activate|p2a: Raging Bolt|ability: Protosynthesis
|-start|p2a: Raging Bolt|protosynthesisspa
|
|-weather|SunnyDay|[upkeep]
|upkeep
|
|t:|1769436316
|switch|p1a: Drifblim|Drifblim, F|51/100
|turn|19
|
|t:|1769436323
|move|p1a: Drifblim|Defog|p2a: Raging Bolt
|-unboost|p2a: Raging Bolt|evasion|1
|-sideend|p1: rogyan18|Stealth Rock|[from] move: Defog|[of] p1a: Drifblim
|move|p2a: Raging Bolt|Volt Switch|p1a: Drifblim
|-supereffective|p1a: Drifblim
|-damage|p1a: Drifblim|0 fnt
|faint|p1a: Drifblim
|
|t:|1769436332
|-end|p2a: Raging Bolt|Protosynthesis|[silent]
|switch|p2a: Slowking|Slowking-Galar, F|79/100|[from] Volt Switch
|
|-weather|SunnyDay|[upkeep]
|upkeep
|
|t:|1769436338
|switch|p1a: Volcanion|Volcanion|100/100
|turn|20
|
|t:|1769436344
|move|p1a: Volcanion|Earth Power|p2a: Slowking
|-supereffective|p2a: Slowking
|-damage|p2a: Slowking|37/100
|-unboost|p2a: Slowking|spd|1
|move|p2a: Slowking|Sludge Bomb|p1a: Volcanion
|-damage|p1a: Volcanion|75/100
|
|-weather|none
|upkeep
|turn|21
|
|t:|1769436360
|move|p1a: Volcanion|Steam Eruption|p2a: Slowking
|-damage|p2a: Slowking|0 fnt
|faint|p2a: Slowking
|
|upkeep
|
|t:|1769436366
|switch|p2a: Ninetales|Ninetales, F|10/100
|-weather|SunnyDay|[from] ability: Drought|[of] p2a: Ninetales
|turn|22
|
|t:|1769436375
|move|p2a: Ninetales|Healing Wish|p2a: Ninetales
|faint|p2a: Ninetales
|move|p1a: Volcanion|Flamethrower|p2: Ninetales|[notarget]
|-fail|p1a: Volcanion
|
|-weather|SunnyDay|[upkeep]
|upkeep
|
|t:|1769436390
|switch|p2a: Raging Bolt|Raging Bolt|33/100
|-heal|p2a: Raging Bolt|100/100|[from] move: Healing Wish
|-activate|p2a: Raging Bolt|ability: Protosynthesis
|-start|p2a: Raging Bolt|protosynthesisspa
|turn|23
|
|t:|1769436399
|-terastallize|p1a: Volcanion|Ground
|move|p2a: Raging Bolt|Thunderclap|p1a: Volcanion
|-immune|p1a: Volcanion
|move|p1a: Volcanion|Earth Power|p2a: Raging Bolt
|-supereffective|p2a: Raging Bolt
|-damage|p2a: Raging Bolt|0 fnt
|faint|p2a: Raging Bolt
|-end|p2a: Raging Bolt|Protosynthesis|[silent]
|
|-weather|SunnyDay|[upkeep]
|upkeep
|
|t:|1769436408
|switch|p2a: Meowscarada|Meowscarada, F|49/100
|turn|24
|
|t:|1769436414
|move|p2a: Meowscarada|Triple Axel|p1a: Volcanion
|-start|p2a: Meowscarada|typechange|Ice|[from] ability: Protean
|-supereffective|p1a: Volcanion
|-damage|p1a: Volcanion|58/100
|-supereffective|p1a: Volcanion
|-damage|p1a: Volcanion|29/100
|-supereffective|p1a: Volcanion
|-damage|p1a: Volcanion|0 fnt
|faint|p1a: Volcanion
|-hitcount|p1: Volcanion|3
|
|-weather|SunnyDay|[upkeep]
|upkeep
|
|t:|1769436422
|switch|p1a: Rotom|Rotom-Heat|100/100
|turn|25
|
|t:|1769436433
|move|p2a: Meowscarada|U-turn|p1a: Rotom
|-resisted|p1a: Rotom
|-crit|p1a: Rotom
|-damage|p1a: Rotom|78/100
|
|t:|1769436439
|switch|p2a: Weezing|Weezing-Galar, M|67/100 brn|[from] U-turn
|-ability|p2a: Weezing|Neutralizing Gas
|move|p1a: Rotom|Overheat|p2a: Weezing
|-damage|p2a: Weezing|0 fnt
|-unboost|p1a: Rotom|spa|2
|faint|p2a: Weezing
|-end|p2a: Weezing|ability: Neutralizing Gas
|
|-weather|SunnyDay|[upkeep]
|-heal|p1a: Rotom|84/100|[from] item: Leftovers
|upkeep
|
|t:|1769436450
|switch|p2a: Meowscarada|Meowscarada, F|49/100
|turn|26
|
|t:|1769436460
|switch|p1a: Heatran|Heatran, F|60/100
|move|p2a: Meowscarada|Knock Off|p1a: Heatran
|-start|p2a: Meowscarada|typechange|Dark|[from] ability: Protean
|-damage|p1a: Heatran|37/100
|
|-weather|SunnyDay|[upkeep]
|upkeep
|turn|27
|
|t:|1769436469
|move|p2a: Meowscarada|U-turn|p1a: Heatran
|-resisted|p1a: Heatran
|-damage|p1a: Heatran|32/100
|
|t:|1769436472
|switch|p2a: Ting-Lu|Ting-Lu|1/100|[from] U-turn
|-ability|p2a: Ting-Lu|Vessel of Ruin
|move|p1a: Heatran|Lava Plume|p2a: Ting-Lu
|-damage|p2a: Ting-Lu|0 fnt
|faint|p2a: Ting-Lu
|
|-weather|SunnyDay|[upkeep]
|upkeep
|-message|Mkbs forfeited.
|
|win|rogyan18
|raw|rogyan18's rating: 1308 &rarr; <strong>1329</strong><br />(+21 for winning)
|raw|Mkbs's rating: 1322 &rarr; <strong>1301</strong><br />(-21 for losing)
|l|☆Mkbs
|player|p2|
|c|☆rogyan18|gg
|l|☆rogyan18
|player|p1|
