|j|☆Thatguyhere_15
|j|☆Rypassed You
|t:|1769310426
|gametype|singles
|player|p1|Thatguyhere_15|steven|1235
|player|p2|Rypassed You|drayton|1239
|gen|9
|tier|[Gen 9] OU
|rated|
|rule|HP Percentage Mod: HP is shown in percentages
|rule|Endless Battle Clause: Forcing endless battles is banned
|rule|Species Clause: Limit one of each Pokémon
|rule|OHKO Clause: OHKO moves are banned
|rule|Evasion Items Clause: Evasion items are banned
|rule|Evasion Moves Clause: Evasion moves are banned
|rule|Evasion Abilities Clause: Evasion abilities are banned
|rule|Sleep Moves Clause: Sleep-inducing moves are banned
|clearpoke
|poke|p1|Copperajah, F|
|poke|p1|Metagross|
|poke|p1|Magnezone|
|poke|p1|Corviknight, M|
|poke|p1|Lucario, F|
|poke|p1|Kingambit, M|
|poke|p2|Ogerpon-Wellspring, F|
|poke|p2|Kingambit, F|
|poke|p2|Landorus-Therian, M|
|poke|p2|Glimmora, F|
|poke|p2|Dragapult, F|
|poke|p2|Iron Valiant|
|teampreview
|inactive|Battle timer is ON: inactive players will automatically lose when time's up. (requested by Rypassed You)
|inactive|Thatguyhere_15 also wants the timer to be on.
|
|t:|1769310437
|teamsize|p1|6
|teamsize|p2|6
|start
|switch|p1a: Copperajah|Copperajah, F|100/100
|switch|p2a: HAZARDS|Glimmora, F|100/100
|turn|1
|
|t:|1769310446
|move|p2a: HAZARDS|Meteor Beam||[still]
|-prepare|p2a: HAZARDS|Meteor Beam
|-boost|p2a: HAZARDS|spa|1
|-enditem|p2a: HAZARDS|Power Herb
|-anim|p2a: HAZARDS|Meteor Beam|p1a: Copperajah
|-resisted|p1a: Copperajah
|-damage|p1a: Copperajah|45/100
|move|p1a: Copperajah|Zen Headbutt|p2a: HAZARDS
|-supereffective|p2a: HAZARDS
|-damage|p2a: HAZARDS|0 fnt
|-activate|p2a: HAZARDS|ability: Toxic Debris
|-sidestart|p1: Thatguyhere_15|move: Toxic Spikes
|faint|p2a: HAZARDS
|
|upkeep
|
|t:|1769310461
|switch|p2a: Norris|Landorus-Therian, M|100/100
|-ability|p2a: Norris|Intimidate|boost
|-unboost|p1a: Copperajah|atk|1
|turn|2
|
|t:|1769310470
|move|p2a: Norris|Stealth Rock|p1a: Copperajah
|-sidestart|p1: Thatguyhere_15|move: Stealth Rock
|move|p1a: Copperajah|Rock Slide|p2a: Norris
|-damage|p2a: Norris|67/100
|
|upkeep
|turn|3
|
|t:|1769310476
|move|p2a: Norris|Earthquake|p1a: Copperajah
|-supereffective|p1a: Copperajah
|-damage|p1a: Copperajah|0 fnt
|faint|p1a: Copperajah
|
|upkeep
|
|t:|1769310482
|switch|p1a: Lucario|Lucario, F|100/100
|-damage|p1a: Lucario|98/100|[from] Stealth Rock
|turn|4
|
|t:|1769310487
|move|p2a: Norris|Earthquake|p1a: Lucario
|-supereffective|p1a: Lucario
|-damage|p1a: Lucario|0 fnt
|faint|p1a: Lucario
|
|upkeep
|
|t:|1769310498
|switch|p1a: Magnezone|Magnezone|100/100
|-damage|p1a: Magnezone|94/100|[from] Stealth Rock
|turn|5
|
|t:|1769310503
|move|p2a: Norris|Taunt|p1a: Magnezone
|-start|p1a: Magnezone|move: Taunt
|move|p1a: Magnezone|Flash Cannon|p2a: Norris
|-damage|p2a: Norris|15/100
|
|upkeep
|turn|6
|
|t:|1769310516
|move|p2a: Norris|U-turn|p1a: Magnezone
|-resisted|p1a: Magnezone
|-damage|p1a: Magnezone|84/100
|
|t:|1769310519
|switch|p2a: darts go brrr|Dragapult, F, shiny|100/100|[from] U-turn
|move|p1a: Magnezone|Flash Cannon|p2a: darts go brrr
|-damage|p2a: darts go brrr|41/100
|
|upkeep
|turn|7
|
|t:|1769310526
|move|p2a: darts go brrr|Flamethrower|p1a: Magnezone
|-supereffective|p1a: Magnezone
|-damage|p1a: Magnezone|7/100
|-status|p1a: Magnezone|brn
|move|p1a: Magnezone|Zap Cannon|p2a: darts go brrr
|-resisted|p2a: darts go brrr
|-damage|p2a: darts go brrr|0 fnt
|faint|p2a: darts go brrr
|
|-damage|p1a: Magnezone|0 fnt|[from] brn
|faint|p1a: Magnezone
|upkeep
|
|t:|1769310544
|switch|p2a: Norris|Landorus-Therian, M|15/100
|switch|p1a: Corviknight|Corviknight, M|100/100
|-ability|p2a: Norris|Intimidate|boost
|-ability|p1a: Corviknight|Mirror Armor
|-unboost|p2a: Norris|atk|1
|-damage|p1a: Corviknight|88/100|[from] Stealth Rock
|turn|8
|
|t:|1769310557
|switch|p2a: My Mind is Calm|Iron Valiant|100/100
|-enditem|p2a: My Mind is Calm|Booster Energy
|-activate|p2a: My Mind is Calm|ability: Quark Drive|[fromitem]
|-start|p2a: My Mind is Calm|quarkdrivespe
|move|p1a: Corviknight|Bulk Up|p1a: Corviknight
|-boost|p1a: Corviknight|atk|1
|-boost|p1a: Corviknight|def|1
|
|-heal|p1a: Corviknight|94/100|[from] item: Leftovers
|upkeep
|turn|9
|
|t:|1769310567
|move|p2a: My Mind is Calm|Encore|p1a: Corviknight
|-start|p1a: Corviknight|Encore
|move|p1a: Corviknight|Bulk Up|p1a: Corviknight
|-boost|p1a: Corviknight|atk|1
|-boost|p1a: Corviknight|def|1
|
|-heal|p1a: Corviknight|100/100|[from] item: Leftovers
|upkeep
|turn|10
|
|t:|1769310576
|move|p2a: My Mind is Calm|Swords Dance|p2a: My Mind is Calm
|-boost|p2a: My Mind is Calm|atk|2
|move|p1a: Corviknight|Bulk Up|p1a: Corviknight
|-boost|p1a: Corviknight|atk|1
|-boost|p1a: Corviknight|def|1
|
|upkeep
|turn|11
|
|t:|1769310583
|move|p2a: My Mind is Calm|Swords Dance|p2a: My Mind is Calm
|-boost|p2a: My Mind is Calm|atk|2
|move|p1a: Corviknight|Bulk Up|p1a: Corviknight
|-boost|p1a: Corviknight|atk|1
|-boost|p1a: Corviknight|def|1
|
|-end|p1a: Corviknight|Encore
|upkeep
|turn|12
|
|t:|1769310592
|move|p2a: My Mind is Calm|Encore|p1a: Corviknight
|-start|p1a: Corviknight|Encore
|move|p1a: Corviknight|Bulk Up|p1a: Corviknight
|-boost|p1a: Corviknight|atk|1
|-boost|p1a: Corviknight|def|1
|
|upkeep
|turn|13
|
|t:|1769310598
|move|p2a: My Mind is Calm|Swords Dance|p2a: My Mind is Calm
|-boost|p2a: My Mind is Calm|atk|2
|move|p1a: Corviknight|Bulk Up|p1a: Corviknight
|-boost|p1a: Corviknight|atk|1
|-boost|p1a: Corviknight|def|1
|
|upkeep
|turn|14
|
|t:|1769310605
|move|p2a: My Mind is Calm|Knock Off|p1a: Corviknight
|-damage|p1a: Corviknight|71/100
|-enditem|p1a: Corviknight|Leftovers|[from] move: Knock Off|[of] p2a: My Mind is Calm
|move|p1a: Corviknight|Bulk Up|p1a: Corviknight
|-boost|p1a: Corviknight|atk|0
|-boost|p1a: Corviknight|def|0
|
|-end|p1a: Corviknight|Encore
|upkeep
|turn|15
|
|t:|1769310617
|switch|p1a: Metagross|Metagross|100/100
|-damage|p1a: Metagross|94/100|[from] Stealth Rock
|move|p2a: My Mind is Calm|Encore||[still]
|-fail|p2a: My Mind is Calm
|
|-heal|p1a: Metagross|100/100|[from] item: Leftovers
|upkeep
|turn|16
|
|t:|1769310626
|-terastallize|p2a: My Mind is Calm|Steel
|move|p2a: My Mind is Calm|Knock Off|p1a: Metagross
|-supereffective|p1a: Metagross
|-damage|p1a: Metagross|0 fnt
|-enditem|p1a: Metagross|Leftovers|[from] move: Knock Off|[of] p2a: My Mind is Calm
|faint|p1a: Metagross
|
|upkeep
|
|t:|1769310634
|switch|p1a: Corviknight|Corviknight, M|71/100
|-damage|p1a: Corviknight|59/100|[from] Stealth Rock
|turn|17
|
|t:|1769310640
|move|p2a: My Mind is Calm|Knock Off|p1a: Corviknight
|-damage|p1a: Corviknight|0 fnt
|faint|p1a: Corviknight
|
|upkeep
|
|t:|1769310644
|switch|p1a: Kingambit|Kingambit, M, shiny|100/100
|-damage|p1a: Kingambit|94/100|[from] Stealth Rock
|-activate|p1a: Kingambit|ability: Supreme Overlord
|-start|p1a: Kingambit|fallen5|[silent]
|turn|18
|
|t:|1769310652
|-terastallize|p1a: Kingambit|Flying
|move|p2a: My Mind is Calm|Encore||[still]
|-fail|p2a: My Mind is Calm
|move|p1a: Kingambit|Swords Dance|p1a: Kingambit
|-boost|p1a: Kingambit|atk|2
|
|-heal|p1a: Kingambit|100/100|[from] item: Leftovers
|upkeep
|turn|19
|
|t:|1769310662
|move|p1a: Kingambit|Sucker Punch||[still]
|-fail|p1a: Kingambit
|move|p2a: My Mind is Calm|Encore|p1a: Kingambit
|-start|p1a: Kingambit|Encore
|
|upkeep
|turn|20
|-message|Thatguyhere_15 forfeited.
|
|win|Rypassed You
|raw|Thatguyhere_15's rating: 1235 &rarr; <strong>1210</strong><br />(-25 for losing)
|raw|Rypassed You's rating: 1239 &rarr; <strong>1264</strong><br />(+25 for winning)
|l|☆Thatguyhere_15
|player|p1|
|l|☆Rypassed You
|player|p2|
