|j|☆guninthe
|j|☆N031
|t:|1769414817
|gametype|singles
|player|p1|guninthe|169|1097
|player|p2|N031|nate|1062
|gen|9
|tier|[Gen 9] OU
|rated|
|rule|HP Percentage Mod: HP is shown in percentages
|rule|Endless Battle Clause: Forcing endless battles is banned
|rule|Species Clause: Limit one of each Pokémon
|rule|OHKO Clause: OHKO moves are banned
|rule|Evasion Items Clause: Evasion items are banned
|rule|Evasion Moves Clause: Evasion moves are banned
|rule|Evasion Abilities Clause: Evasion abilities are banned
|rule|Sleep Moves Clause: Sleep-inducing moves are banned
|clearpoke
|poke|p1|Milotic, F|
|poke|p1|Zapdos-Galar|
|poke|p1|Pecharunt|
|poke|p1|Ting-Lu|
|poke|p1|Great Tusk|
|poke|p1|Dragapult, F|
|poke|p2|Pelipper, F|
|poke|p2|Lurantis, M|
|poke|p2|Ogerpon-Wellspring, F|
|poke|p2|Braviary-Hisui, M|
|poke|p2|Dragonite, F|
|poke|p2|Kilowattrel, F|
|teampreview
|inactive|Battle timer is ON: inactive players will automatically lose when time's up. (requested by N031)
|
|t:|1769414824
|teamsize|p1|6
|teamsize|p2|6
|start
|switch|p1a: Zapdos|Zapdos-Galar|100/100
|switch|p2a: Dragonite|Dragonite, F, shiny|100/100
|turn|1
|
|t:|1769414832
|move|p1a: Zapdos|Knock Off|p2a: Dragonite
|-damage|p2a: Dragonite|47/100
|-enditem|p2a: Dragonite|Heavy-Duty Boots|[from] move: Knock Off|[of] p1a: Zapdos
|move|p2a: Dragonite|Dragon Dance|p2a: Dragonite
|-boost|p2a: Dragonite|atk|1
|-boost|p2a: Dragonite|spe|1
|
|upkeep
|turn|2
|inactive|guninthe has 120 seconds left.
|
|t:|1769414876
|switch|p1a: Pecharunt|Pecharunt|100/100
|move|p2a: Dragonite|Extreme Speed|p1a: Pecharunt
|-immune|p1a: Pecharunt
|
|upkeep
|turn|3
|
|t:|1769414883
|move|p2a: Dragonite|Scale Shot|p1a: Pecharunt
|-damage|p1a: Pecharunt|90/100
|-damage|p1a: Pecharunt|79/100
|-hitcount|p1a: Pecharunt|2
|-unboost|p2a: Dragonite|def|1
|-boost|p2a: Dragonite|spe|1
|move|p1a: Pecharunt|Malignant Chain|p2a: Dragonite
|-damage|p2a: Dragonite|16/100
|-status|p2a: Dragonite|tox
|-start|p2a: Dragonite|confusion|[from] ability: Poison Puppeteer|[of] p1a: Pecharunt
|
|-damage|p2a: Dragonite|9/100 tox|[from] psn
|upkeep
|turn|4
|inactive|guninthe has 120 seconds left.
|inactive|guninthe has 90 seconds left.
|
|t:|1769414933
|-activate|p2a: Dragonite|confusion
|-damage|p2a: Dragonite|0 fnt|[from] confusion
|faint|p2a: Dragonite
|move|p1a: Pecharunt|Malignant Chain|p2: Dragonite|[notarget]
|-fail|p1a: Pecharunt
|
|upkeep
|
|t:|1769414939
|switch|p2a: Braviary|Braviary-Hisui, M|100/100
|turn|5
|
|t:|1769414948
|switch|p1a: Ting-Lu|Ting-Lu|100/100
|-ability|p1a: Ting-Lu|Vessel of Ruin
|move|p2a: Braviary|Esper Wing|p1a: Ting-Lu
|-immune|p1a: Ting-Lu
|
|upkeep
|turn|6
|inactive|guninthe has 90 seconds left.
|
|t:|1769414975
|move|p2a: Braviary|Dazzling Gleam|p1a: Ting-Lu
|-supereffective|p1a: Ting-Lu
|-damage|p1a: Ting-Lu|74/100
|move|p1a: Ting-Lu|Stealth Rock|p2a: Braviary
|-sidestart|p2: N031|move: Stealth Rock
|
|-heal|p1a: Ting-Lu|80/100|[from] item: Leftovers
|upkeep
|turn|7
|inactive|guninthe has 60 seconds left.
|
|t:|1769415011
|switch|p2a: Lurantis|Lurantis, M, shiny|100/100
|-damage|p2a: Lurantis|88/100|[from] Stealth Rock
|move|p1a: Ting-Lu|Spikes|p2a: Lurantis
|-sidestart|p2: N031|Spikes
|
|-heal|p2a: Lurantis|94/100|[from] item: Leftovers
|-heal|p1a: Ting-Lu|86/100|[from] item: Leftovers
|upkeep
|turn|8
|inactive|guninthe has 60 seconds left.
|
|t:|1769415019
|switch|p1a: Pecharunt|Pecharunt|79/100
|move|p2a: Lurantis|Superpower|p1a: Pecharunt
|-immune|p1a: Pecharunt
|
|-heal|p2a: Lurantis|99/100|[from] item: Leftovers
|upkeep
|turn|9
|inactive|guninthe has 60 seconds left.
|inactive|guninthe has 30 seconds left.
|inactive|guninthe has 20 seconds left.
|
|t:|1769415070
|move|p1a: Pecharunt|Malignant Chain|p2a: Lurantis
|-supereffective|p2a: Lurantis
|-damage|p2a: Lurantis|37/100
|-status|p2a: Lurantis|tox
|-start|p2a: Lurantis|confusion|[from] ability: Poison Puppeteer|[of] p1a: Pecharunt
|-activate|p2a: Lurantis|confusion
|move|p2a: Lurantis|Knock Off|p1a: Pecharunt
|-supereffective|p1a: Pecharunt
|-damage|p1a: Pecharunt|50/100
|-enditem|p1a: Pecharunt|Heavy-Duty Boots|[from] move: Knock Off|[of] p2a: Lurantis
|
|-heal|p2a: Lurantis|44/100 tox|[from] item: Leftovers
|-damage|p2a: Lurantis|37/100 tox|[from] psn
|upkeep
|turn|10
|inactive|guninthe has 30 seconds left this turn.
|
|t:|1769415086
|move|p1a: Pecharunt|Recover|p1a: Pecharunt
|-heal|p1a: Pecharunt|100/100
|-activate|p2a: Lurantis|confusion
|move|p2a: Lurantis|Synthesis|p2a: Lurantis
|-heal|p2a: Lurantis|87/100 tox
|
|-heal|p2a: Lurantis|94/100 tox|[from] item: Leftovers
|-damage|p2a: Lurantis|81/100 tox|[from] psn
|upkeep
|turn|11
|inactive|guninthe has 30 seconds left.
|inactive|guninthe has 20 seconds left.
|inactive|guninthe has 15 seconds left.
|inactive|guninthe has 10 seconds left.
|inactive|guninthe has 5 seconds left.
|-message|guninthe lost due to inactivity.
|
|win|N031
|raw|guninthe's rating: 1097 &rarr; <strong>1070</strong><br />(-27 for losing)
|raw|N031's rating: 1062 &rarr; <strong>1096</strong><br />(+34 for winning)
|l|☆N031
|player|p2|
|l|☆guninthe
|player|p1|
