|j|☆Shell7
|j|☆Shidoka14
|t:|1769337518
|gametype|singles
|player|p1|Shell7|2|1303
|player|p2|Shidoka14|palmer|1258
|gen|9
|tier|[Gen 9] OU
|rated|
|rule|HP Percentage Mod: HP is shown in percentages
|rule|Endless Battle Clause: Forcing endless battles is banned
|rule|Species Clause: Limit one of each Pokémon
|rule|OHKO Clause: OHKO moves are banned
|rule|Evasion Items Clause: Evasion items are banned
|rule|Evasion Moves Clause: Evasion moves are banned
|rule|Evasion Abilities Clause: Evasion abilities are banned
|rule|Sleep Moves Clause: Sleep-inducing moves are banned
|clearpoke
|poke|p1|Pecharunt|
|poke|p1|Alomomola, M|
|poke|p1|Great Tusk|
|poke|p1|Gholdengo|
|poke|p1|Ogerpon-Wellspring, F|
|poke|p1|Iron Moth|
|poke|p2|Cinderace, F|
|poke|p2|Gengar, F|
|poke|p2|Kingambit, F|
|poke|p2|Clodsire, M|
|poke|p2|Corviknight, M|
|poke|p2|Latias, F|
|teampreview
|
|t:|1769337529
|teamsize|p1|6
|teamsize|p2|6
|start
|switch|p1a: Alomomola|Alomomola, M, shiny|100/100
|switch|p2a: Paul McCartney|Gengar, F, shiny|100/100
|turn|1
|
|t:|1769337541
|move|p2a: Paul McCartney|Sludge Wave|p1a: Alomomola
|-crit|p1a: Alomomola
|-damage|p1a: Alomomola|62/100
|move|p1a: Alomomola|Mirror Coat|p2a: Paul McCartney
|-enditem|p2a: Paul McCartney|Focus Sash
|-damage|p2a: Paul McCartney|1/100
|
|upkeep
|turn|2
|
|t:|1769337553
|switch|p2a: Gooby|Clodsire, M, shiny|100/100
|move|p1a: Alomomola|Flip Turn|p2a: Gooby
|-immune|p2a: Gooby|[from] ability: Water Absorb
|
|upkeep
|turn|3
|
|t:|1769337562
|switch|p1a: Pecharunt|Pecharunt|100/100
|move|p2a: Gooby|Toxic|p1a: Pecharunt
|-immune|p1a: Pecharunt
|
|upkeep
|turn|4
|
|t:|1769337569
|move|p1a: Pecharunt|Parting Shot|p2a: Gooby
|-unboost|p2a: Gooby|atk|1
|-unboost|p2a: Gooby|spa|1
|
|t:|1769337571
|switch|p1a: Great Tusk|Great Tusk, shiny|100/100|[from] Parting Shot
|-enditem|p1a: Great Tusk|Booster Energy
|-activate|p1a: Great Tusk|ability: Protosynthesis|[fromitem]
|-start|p1a: Great Tusk|protosynthesisatk
|move|p2a: Gooby|Earthquake|p1a: Great Tusk
|-damage|p1a: Great Tusk|88/100
|
|upkeep
|turn|5
|
|t:|1769337582
|switch|p2a: Metal Bird|Corviknight, M, shiny|100/100
|-ability|p2a: Metal Bird|Pressure
|move|p1a: Great Tusk|Rapid Spin|p2a: Metal Bird
|-resisted|p2a: Metal Bird
|-damage|p2a: Metal Bird|93/100
|-boost|p1a: Great Tusk|spe|1
|-damage|p1a: Great Tusk|72/100|[from] item: Rocky Helmet|[of] p2a: Metal Bird
|
|upkeep
|turn|6
|
|t:|1769337593
|move|p1a: Great Tusk|Close Combat|p2a: Metal Bird
|-damage|p2a: Metal Bird|43/100
|-unboost|p1a: Great Tusk|def|1
|-unboost|p1a: Great Tusk|spd|1
|-damage|p1a: Great Tusk|55/100|[from] item: Rocky Helmet|[of] p2a: Metal Bird
|move|p2a: Metal Bird|Iron Defense|p2a: Metal Bird
|-boost|p2a: Metal Bird|def|2
|
|upkeep
|turn|7
|
|t:|1769337603
|-end|p1a: Great Tusk|Protosynthesis|[silent]
|switch|p1a: Gholdengo|Gholdengo, shiny|100/100
|move|p2a: Metal Bird|Roost|p2a: Metal Bird
|-heal|p2a: Metal Bird|93/100
|-singleturn|p2a: Metal Bird|move: Roost
|
|upkeep
|turn|8
|
|t:|1769337616
|move|p1a: Gholdengo|Shadow Ball|p2a: Metal Bird
|-damage|p2a: Metal Bird|49/100
|move|p2a: Metal Bird|U-turn|p1a: Gholdengo
|-resisted|p1a: Gholdengo
|-damage|p1a: Gholdengo|97/100
|
|t:|1769337628
|switch|p2a: Griezman|Cinderace, F, shiny|100/100|[from] U-turn
|
|upkeep
|turn|9
|
|t:|1769337633
|switch|p1a: Pecharunt|Pecharunt|100/100
|move|p2a: Griezman|Pyro Ball|p1a: Pecharunt
|-damage|p1a: Pecharunt|64/100
|
|upkeep
|turn|10
|
|t:|1769337643
|move|p2a: Griezman|U-turn|p1a: Pecharunt
|-start|p2a: Griezman|typechange|Bug|[from] ability: Libero
|-resisted|p1a: Pecharunt
|-damage|p1a: Pecharunt|59/100
|
|t:|1769337655
|switch|p2a: Gooby|Clodsire, M, shiny|100/100|[from] U-turn
|move|p1a: Pecharunt|Parting Shot|p2a: Gooby
|-unboost|p2a: Gooby|atk|1
|-unboost|p2a: Gooby|spa|1
|
|t:|1769337661
|switch|p1a: Gholdengo|Gholdengo, shiny|97/100|[from] Parting Shot
|
|upkeep
|turn|11
|
|t:|1769337676
|move|p1a: Gholdengo|Trick|p2a: Gooby
|-activate|p1a: Gholdengo|move: Trick|[of] p2a: Gooby
|-item|p2a: Gooby|Choice Scarf|[from] move: Trick
|-item|p1a: Gholdengo|Leftovers|[from] move: Trick
|move|p2a: Gooby|Earthquake|p1a: Gholdengo
|-supereffective|p1a: Gholdengo
|-damage|p1a: Gholdengo|58/100
|
|-heal|p1a: Gholdengo|64/100|[from] item: Leftovers
|upkeep
|turn|12
|
|t:|1769337685
|switch|p1a: Alomomola|Alomomola, M, shiny|95/100
|move|p2a: Gooby|Earthquake|p1a: Alomomola
|-damage|p1a: Alomomola|83/100
|
|upkeep
|turn|13
|
|t:|1769337698
|switch|p1a: Ogerpon|Ogerpon-Wellspring, F|100/100
|switch|p2a: Metal Bird|Corviknight, M, shiny|49/100
|-ability|p2a: Metal Bird|Pressure
|
|upkeep
|turn|14
|
|t:|1769337706
|move|p1a: Ogerpon|Swords Dance|p1a: Ogerpon
|-boost|p1a: Ogerpon|atk|2
|move|p2a: Metal Bird|Brave Bird|p1a: Ogerpon
|-supereffective|p1a: Ogerpon
|-damage|p1a: Ogerpon|6/100
|-damage|p2a: Metal Bird|26/100|[from] Recoil
|
|upkeep
|turn|15
|
|t:|1769337726
|move|p1a: Ogerpon|Ivy Cudgel|p2a: Metal Bird|[anim] Ivy Cudgel Water
|-damage|p2a: Metal Bird|0 fnt
|faint|p2a: Metal Bird
|
|upkeep
|
|t:|1769337734
|switch|p2a: Griezman|Cinderace, F, shiny|100/100
|turn|16
|
|t:|1769337739
|move|p2a: Griezman|Pyro Ball|p1a: Ogerpon|[miss]
|-miss|p2a: Griezman|p1a: Ogerpon
|move|p1a: Ogerpon|Ivy Cudgel|p2a: Griezman|[anim] Ivy Cudgel Water
|-supereffective|p2a: Griezman
|-damage|p2a: Griezman|0 fnt
|faint|p2a: Griezman
|
|upkeep
|
|t:|1769337752
|switch|p2a: Paul McCartney|Gengar, F, shiny|1/100
|turn|17
|
|t:|1769337759
|move|p1a: Ogerpon|Horn Leech|p2a: Paul McCartney
|-resisted|p2a: Paul McCartney
|-damage|p2a: Paul McCartney|0 fnt
|-heal|p1a: Ogerpon|6/100|[from] drain|[of] p2a: Paul McCartney
|faint|p2a: Paul McCartney
|
|upkeep
|
|t:|1769337774
|switch|p2a: Undyne|Kingambit, F, shiny|100/100
|-activate|p2a: Undyne|ability: Supreme Overlord
|-start|p2a: Undyne|fallen3|[silent]
|turn|18
|
|t:|1769337778
|move|p2a: Undyne|Sucker Punch|p1a: Ogerpon
|-damage|p1a: Ogerpon|0 fnt
|faint|p1a: Ogerpon
|
|upkeep
|
|t:|1769337790
|switch|p1a: Great Tusk|Great Tusk, shiny|55/100
|turn|19
|
|t:|1769337799
|-end|p2a: Undyne|fallen3|[silent]
|switch|p2a: Katerine|Latias, F, shiny|100/100
|move|p1a: Great Tusk|Ice Spinner|p2a: Katerine
|-supereffective|p2a: Katerine
|-damage|p2a: Katerine|48/100
|
|-heal|p2a: Katerine|54/100|[from] item: Leftovers
|upkeep
|turn|20
|
|t:|1769337810
|move|p2a: Katerine|Ice Beam|p1a: Great Tusk
|-supereffective|p1a: Great Tusk
|-damage|p1a: Great Tusk|0 fnt
|faint|p1a: Great Tusk
|-end|p1a: Great Tusk|Protosynthesis|[silent]
|
|-heal|p2a: Katerine|60/100|[from] item: Leftovers
|upkeep
|
|t:|1769337816
|switch|p1a: Gholdengo|Gholdengo, shiny|64/100
|turn|21
|
|t:|1769337831
|switch|p2a: Gooby|Clodsire, M, shiny|100/100
|move|p1a: Gholdengo|Shadow Ball|p2a: Gooby
|-damage|p2a: Gooby|76/100
|
|-heal|p1a: Gholdengo|70/100|[from] item: Leftovers
|upkeep
|turn|22
|
|t:|1769337844
|switch|p1a: Alomomola|Alomomola, M, shiny|100/100
|move|p2a: Gooby|Stealth Rock|p1a: Alomomola
|-sidestart|p1: Shell7|move: Stealth Rock
|
|upkeep
|turn|23
|
|t:|1769337855
|switch|p2a: Undyne|Kingambit, F, shiny|100/100
|-activate|p2a: Undyne|ability: Supreme Overlord
|-start|p2a: Undyne|fallen3|[silent]
|move|p1a: Alomomola|Body Slam|p2a: Undyne
|-resisted|p2a: Undyne
|-crit|p2a: Undyne
|-damage|p2a: Undyne|91/100
|
|upkeep
|turn|24
|
|t:|1769337867
|move|p2a: Undyne|Swords Dance|p2a: Undyne
|-boost|p2a: Undyne|atk|2
|move|p1a: Alomomola|Scald|p2a: Undyne
|-damage|p2a: Undyne|78/100
|
|upkeep
|turn|25
|
|t:|1769337875
|move|p2a: Undyne|Swords Dance|p2a: Undyne
|-boost|p2a: Undyne|atk|2
|move|p1a: Alomomola|Scald|p2a: Undyne
|-damage|p2a: Undyne|65/100
|
|upkeep
|turn|26
|
|t:|1769337883
|move|p2a: Undyne|Kowtow Cleave|p1a: Alomomola
|-damage|p1a: Alomomola|0 fnt
|faint|p1a: Alomomola
|
|upkeep
|
|t:|1769337889
|switch|p1a: Gholdengo|Gholdengo, shiny|70/100
|-damage|p1a: Gholdengo|64/100|[from] Stealth Rock
|turn|27
|
|t:|1769337897
|-terastallize|p1a: Gholdengo|Fighting
|move|p1a: Gholdengo|Focus Blast|p2a: Undyne
|-supereffective|p2a: Undyne
|-damage|p2a: Undyne|0 fnt
|faint|p2a: Undyne
|-end|p2a: Undyne|fallen3|[silent]
|
|-heal|p1a: Gholdengo|70/100|[from] item: Leftovers
|upkeep
|
|t:|1769337910
|switch|p2a: Gooby|Clodsire, M, shiny|76/100
|turn|28
|
|t:|1769337917
|move|p1a: Gholdengo|Trick|p2a: Gooby
|-activate|p1a: Gholdengo|move: Trick|[of] p2a: Gooby
|-item|p2a: Gooby|Leftovers|[from] move: Trick
|-item|p1a: Gholdengo|Choice Scarf|[from] move: Trick
|move|p2a: Gooby|Toxic|p1a: Gholdengo
|-immune|p1a: Gholdengo|[from] ability: Good as Gold
|
|-heal|p2a: Gooby|82/100|[from] item: Leftovers
|upkeep
|turn|29
|
|t:|1769337929
|switch|p1a: Pecharunt|Pecharunt|59/100
|move|p2a: Gooby|Recover|p2a: Gooby
|-heal|p2a: Gooby|100/100
|
|upkeep
|turn|30
|
|t:|1769337938
|move|p1a: Pecharunt|Recover|p1a: Pecharunt
|-heal|p1a: Pecharunt|100/100
|move|p2a: Gooby|Earthquake|p1a: Pecharunt
|-supereffective|p1a: Pecharunt
|-damage|p1a: Pecharunt|70/100
|
|upkeep
|turn|31
|
|t:|1769337946
|move|p1a: Pecharunt|Shadow Ball|p2a: Gooby
|-damage|p2a: Gooby|85/100
|move|p2a: Gooby|Earthquake|p1a: Pecharunt
|-supereffective|p1a: Pecharunt
|-damage|p1a: Pecharunt|36/100
|
|-heal|p2a: Gooby|91/100|[from] item: Leftovers
|upkeep
|turn|32
|
|t:|1769337957
|switch|p2a: Katerine|Latias, F, shiny|60/100
|move|p1a: Pecharunt|Shadow Ball|p2a: Katerine
|-supereffective|p2a: Katerine
|-damage|p2a: Katerine|22/100
|
|-heal|p2a: Katerine|28/100|[from] item: Leftovers
|upkeep
|turn|33
|
|t:|1769337967
|-terastallize|p2a: Katerine|Fairy
|move|p2a: Katerine|Recover|p2a: Katerine
|-heal|p2a: Katerine|78/100
|move|p1a: Pecharunt|Shadow Ball|p2a: Katerine
|-damage|p2a: Katerine|58/100
|
|-heal|p2a: Katerine|64/100|[from] item: Leftovers
|upkeep
|turn|34
|
|t:|1769337979
|move|p2a: Katerine|Calm Mind|p2a: Katerine
|-boost|p2a: Katerine|spa|1
|-boost|p2a: Katerine|spd|1
|move|p1a: Pecharunt|Malignant Chain|p2a: Katerine
|-supereffective|p2a: Katerine
|-damage|p2a: Katerine|31/100
|
|-heal|p2a: Katerine|37/100|[from] item: Leftovers
|upkeep
|turn|35
|
|t:|1769337992
|move|p2a: Katerine|Recover|p2a: Katerine
|-heal|p2a: Katerine|87/100
|move|p1a: Pecharunt|Malignant Chain|p2a: Katerine
|-supereffective|p2a: Katerine
|-damage|p2a: Katerine|58/100
|-status|p2a: Katerine|tox
|-start|p2a: Katerine|confusion|[from] ability: Poison Puppeteer|[of] p1a: Pecharunt
|
|-heal|p2a: Katerine|65/100 tox|[from] item: Leftovers
|-damage|p2a: Katerine|58/100 tox|[from] psn
|upkeep
|turn|36
|
|t:|1769338005
|-activate|p2a: Katerine|confusion
|-damage|p2a: Katerine|51/100 tox|[from] confusion
|move|p1a: Pecharunt|Parting Shot|p2a: Katerine
|-unboost|p2a: Katerine|atk|1
|-unboost|p2a: Katerine|spa|1
|
|t:|1769338013
|switch|p1a: Iron Moth|Iron Moth, shiny|100/100|[from] Parting Shot
|-damage|p1a: Iron Moth|76/100|[from] Stealth Rock
|-enditem|p1a: Iron Moth|Booster Energy
|-activate|p1a: Iron Moth|ability: Quark Drive|[fromitem]
|-start|p1a: Iron Moth|quarkdrivespe
|
|-heal|p2a: Katerine|57/100 tox|[from] item: Leftovers
|-damage|p2a: Katerine|45/100 tox|[from] psn
|upkeep
|turn|37
|
|t:|1769338023
|move|p1a: Iron Moth|Sludge Wave|p2a: Katerine
|-supereffective|p2a: Katerine
|-damage|p2a: Katerine|0 fnt
|faint|p2a: Katerine
|
|upkeep
|
|t:|1769338029
|switch|p2a: Gooby|Clodsire, M, shiny|91/100
|turn|38
|
|t:|1769338032
|move|p1a: Iron Moth|Fiery Dance|p2a: Gooby
|-damage|p2a: Gooby|69/100
|-boost|p1a: Iron Moth|spa|1
|move|p2a: Gooby|Earthquake|p1a: Iron Moth
|-supereffective|p1a: Iron Moth
|-damage|p1a: Iron Moth|0 fnt
|faint|p1a: Iron Moth
|-end|p1a: Iron Moth|Quark Drive|[silent]
|
|-heal|p2a: Gooby|75/100|[from] item: Leftovers
|upkeep
|
|t:|1769338039
|switch|p1a: Pecharunt|Pecharunt|36/100
|turn|39
|
|t:|1769338047
|move|p1a: Pecharunt|Recover|p1a: Pecharunt
|-heal|p1a: Pecharunt|86/100
|move|p2a: Gooby|Earthquake|p1a: Pecharunt
|-supereffective|p1a: Pecharunt
|-damage|p1a: Pecharunt|55/100
|
|-heal|p2a: Gooby|81/100|[from] item: Leftovers
|upkeep
|turn|40
|
|t:|1769338059
|move|p1a: Pecharunt|Recover|p1a: Pecharunt
|-heal|p1a: Pecharunt|100/100
|move|p2a: Gooby|Earthquake|p1a: Pecharunt
|-supereffective|p1a: Pecharunt
|-damage|p1a: Pecharunt|68/100
|
|-heal|p2a: Gooby|87/100|[from] item: Leftovers
|upkeep
|turn|41
|
|t:|1769338068
|move|p1a: Pecharunt|Shadow Ball|p2a: Gooby
|-damage|p2a: Gooby|72/100
|move|p2a: Gooby|Earthquake|p1a: Pecharunt
|-supereffective|p1a: Pecharunt
|-damage|p1a: Pecharunt|33/100
|
|-heal|p2a: Gooby|78/100|[from] item: Leftovers
|upkeep
|turn|42
|
|t:|1769338078
|move|p1a: Pecharunt|Recover|p1a: Pecharunt
|-heal|p1a: Pecharunt|83/100
|move|p2a: Gooby|Earthquake|p1a: Pecharunt
|-supereffective|p1a: Pecharunt
|-damage|p1a: Pecharunt|52/100
|
|-heal|p2a: Gooby|84/100|[from] item: Leftovers
|upkeep
|turn|43
|
|t:|1769338088
|move|p1a: Pecharunt|Recover|p1a: Pecharunt
|-heal|p1a: Pecharunt|100/100
|move|p2a: Gooby|Earthquake|p1a: Pecharunt
|-supereffective|p1a: Pecharunt
|-damage|p1a: Pecharunt|68/100
|
|-heal|p2a: Gooby|90/100|[from] item: Leftovers
|upkeep
|turn|44
|
|t:|1769338097
|move|p1a: Pecharunt|Shadow Ball|p2a: Gooby
|-damage|p2a: Gooby|76/100
|move|p2a: Gooby|Earthquake|p1a: Pecharunt
|-supereffective|p1a: Pecharunt
|-damage|p1a: Pecharunt|35/100
|
|-heal|p2a: Gooby|82/100|[from] item: Leftovers
|upkeep
|turn|45
|
|t:|1769338109
|move|p1a: Pecharunt|Recover|p1a: Pecharunt
|-heal|p1a: Pecharunt|85/100
|move|p2a: Gooby|Earthquake|p1a: Pecharunt
|-supereffective|p1a: Pecharunt
|-damage|p1a: Pecharunt|55/100
|
|-heal|p2a: Gooby|88/100|[from] item: Leftovers
|upkeep
|turn|46
|
|t:|1769338118
|move|p1a: Pecharunt|Shadow Ball|p2a: Gooby
|-damage|p2a: Gooby|73/100
|move|p2a: Gooby|Earthquake|p1a: Pecharunt
|-supereffective|p1a: Pecharunt
|-damage|p1a: Pecharunt|21/100
|
|-heal|p2a: Gooby|79/100|[from] item: Leftovers
|upkeep
|turn|47
|
|t:|1769338127
|move|p1a: Pecharunt|Recover|p1a: Pecharunt
|-heal|p1a: Pecharunt|71/100
|move|p2a: Gooby|Earthquake|p1a: Pecharunt
|-supereffective|p1a: Pecharunt
|-damage|p1a: Pecharunt|36/100
|
|-heal|p2a: Gooby|85/100|[from] item: Leftovers
|upkeep
|turn|48
|
|t:|1769338137
|move|p1a: Pecharunt|Recover|p1a: Pecharunt
|-heal|p1a: Pecharunt|86/100
|move|p2a: Gooby|Earthquake|p1a: Pecharunt
|-supereffective|p1a: Pecharunt
|-damage|p1a: Pecharunt|55/100
|
|-heal|p2a: Gooby|91/100|[from] item: Leftovers
|upkeep
|turn|49
|c|☆Shidoka14|How MANY RECOVER DO YOU HAVE ?????
|c|☆Shell7|8
|c|☆Shell7|To just pp stall you here 🤣🤣
|c|☆Shidoka14|You used more than 8 thats impossible
|c|☆Shidoka14|I know you fucking bum get lost
|-message|Shidoka14 forfeited.
|
|win|Shell7
