|j|☆thehailgod
|j|☆zonix14
|t:|1769412330
|gametype|singles
|player|p1|thehailgod|plasmagruntf|1388
|player|p2|zonix14|266|1288
|gen|9
|tier|[Gen 9] OU
|rated|
|rule|HP Percentage Mod: HP is shown in percentages
|rule|Endless Battle Clause: Forcing endless battles is banned
|rule|Species Clause: Limit one of each Pokémon
|rule|OHKO Clause: OHKO moves are banned
|rule|Evasion Items Clause: Evasion items are banned
|rule|Evasion Moves Clause: Evasion moves are banned
|rule|Evasion Abilities Clause: Evasion abilities are banned
|rule|Sleep Moves Clause: Sleep-inducing moves are banned
|clearpoke
|poke|p1|Tyranitar, F|
|poke|p1|Gholdengo|
|poke|p1|Zamazenta-*|
|poke|p1|Rillaboom, F|
|poke|p1|Garchomp, M|
|poke|p1|Zapdos|
|poke|p2|Empoleon, F|
|poke|p2|Masquerain, F|
|poke|p2|Cinderace, F|
|poke|p2|Carbink|
|poke|p2|Serperior, F|
|poke|p2|Indeedee-F, F|
|teampreview
|inactive|Battle timer is ON: inactive players will automatically lose when time's up. (requested by zonix14)
|
|t:|1769412337
|teamsize|p1|6
|teamsize|p2|6
|start
|switch|p1a: Garchomp|Garchomp, M|100/100
|switch|p2a: Masquerain|Masquerain, F|100/100
|-ability|p2a: Masquerain|Intimidate|boost
|-unboost|p1a: Garchomp|atk|1
|turn|1
|
|t:|1769412342
|move|p2a: Masquerain|Sticky Web|p1a: Garchomp
|-sidestart|p1: thehailgod|move: Sticky Web
|move|p1a: Garchomp|Stealth Rock|p2a: Masquerain
|-sidestart|p2: zonix14|move: Stealth Rock
|
|upkeep
|turn|2
|
|t:|1769412347
|move|p2a: Masquerain|Ice Beam|p1a: Garchomp
|-supereffective|p1a: Garchomp
|-damage|p1a: Garchomp|0 fnt
|faint|p1a: Garchomp
|
|upkeep
|
|t:|1769412357
|switch|p1a: Tyranitar|Tyranitar, F|100/100
|-weather|Sandstorm|[from] ability: Sand Stream|[of] p1a: Tyranitar
|turn|3
|
|t:|1769412361
|switch|p1a: Zapdos|Zapdos|100/100
|move|p2a: Masquerain|Bug Buzz|p1a: Zapdos
|-resisted|p1a: Zapdos
|-damage|p1a: Zapdos|79/100
|
|-weather|Sandstorm|[upkeep]
|-damage|p1a: Zapdos|73/100|[from] Sandstorm
|-damage|p2a: Masquerain|94/100|[from] Sandstorm
|upkeep
|turn|4
|
|t:|1769412365
|move|p1a: Zapdos|Hurricane|p2a: Masquerain
|-supereffective|p2a: Masquerain
|-damage|p2a: Masquerain|0 fnt
|faint|p2a: Masquerain
|
|-weather|Sandstorm|[upkeep]
|-damage|p1a: Zapdos|66/100|[from] Sandstorm
|upkeep
|
|t:|1769412374
|switch|p2a: Cinderace|Cinderace, F|100/100
|-damage|p2a: Cinderace|76/100|[from] Stealth Rock
|turn|5
|
|t:|1769412385
|switch|p1a: Tyranitar|Tyranitar, F|100/100
|move|p2a: Cinderace|Court Change|p2a: Cinderace
|-swapsideconditions
|-activate|p2a: Cinderace|move: Court Change
|
|-weather|Sandstorm|[upkeep]
|-damage|p2a: Cinderace|70/100|[from] Sandstorm
|upkeep
|turn|6
|
|t:|1769412390
|move|p2a: Cinderace|High Jump Kick|p1a: Tyranitar|[miss]
|-miss|p2a: Cinderace|p1a: Tyranitar
|-damage|p2a: Cinderace|20/100|[from] highjumpkick
|move|p1a: Tyranitar|Stone Edge|p2a: Cinderace|[miss]
|-miss|p1a: Tyranitar|p2a: Cinderace
|
|-weather|Sandstorm|[upkeep]
|-damage|p2a: Cinderace|14/100|[from] Sandstorm
|upkeep
|turn|7
|
|t:|1769412397
|switch|p1a: Zapdos|Zapdos|66/100
|move|p2a: Cinderace|Pyro Ball|p1a: Zapdos
|-damage|p1a: Zapdos|0 fnt
|faint|p1a: Zapdos
|
|-weather|none
|upkeep
|
|t:|1769412403
|switch|p1a: Zamazenta|Zamazenta|100/100
|-ability|p1a: Zamazenta|Dauntless Shield|boost
|-boost|p1a: Zamazenta|def|1
|turn|8
|
|t:|1769412406
|move|p1a: Zamazenta|Crunch|p2a: Cinderace
|-damage|p2a: Cinderace|0 fnt
|faint|p2a: Cinderace
|
|upkeep
|
|t:|1769412422
|switch|p2a: Carbink|Carbink|100/100
|turn|9
|c|☆thehailgod|Why court change?
|
|t:|1769412429
|move|p1a: Zamazenta|Heavy Slam|p2a: Carbink
|-supereffective|p2a: Carbink
|-ability|p2a: Carbink|Sturdy
|-damage|p2a: Carbink|1/100
|move|p2a: Carbink|Trick Room|p2a: Carbink
|-fieldstart|move: Trick Room|[of] p2a: Carbink
|
|upkeep
|turn|10
|
|t:|1769412437
|move|p2a: Carbink|Misty Explosion|p1a: Zamazenta
|-supereffective|p1a: Zamazenta
|-damage|p1a: Zamazenta|65/100
|faint|p2a: Carbink
|move|p1a: Zamazenta|Heavy Slam|p2: Carbink|[notarget]
|-fail|p1a: Zamazenta
|
|upkeep
|
|t:|1769412440
|switch|p2a: Empoleon|Empoleon, F|100/100
|-activate|p2a: Empoleon|move: Sticky Web
|-unboost|p2a: Empoleon|spe|1
|-ability|p2a: Empoleon|Competitive|boost
|-boost|p2a: Empoleon|spa|2
|turn|11
|c|☆thehailgod|I see
|
|t:|1769412450
|move|p2a: Empoleon|Surf|p1a: Zamazenta
|-damage|p1a: Zamazenta|0 fnt
|faint|p1a: Zamazenta
|
|upkeep
|
|t:|1769412463
|switch|p1a: Rillaboom|Rillaboom, F|100/100
|-fieldstart|move: Grassy Terrain|[from] ability: Grassy Surge|[of] p1a: Rillaboom
|turn|12
|
|t:|1769412470
|-terastallize|p2a: Empoleon|Electric
|move|p2a: Empoleon|Ice Beam|p1a: Rillaboom
|-supereffective|p1a: Rillaboom
|-crit|p1a: Rillaboom
|-damage|p1a: Rillaboom|0 fnt
|faint|p1a: Rillaboom
|
|upkeep
|
|t:|1769412481
|switch|p1a: Tyranitar|Tyranitar, F|100/100
|-weather|Sandstorm|[from] ability: Sand Stream|[of] p1a: Tyranitar
|turn|13
|
|t:|1769412488
|-terastallize|p1a: Tyranitar|Fighting
|move|p2a: Empoleon|Surf|p1a: Tyranitar
|-damage|p1a: Tyranitar|2/100
|move|p1a: Tyranitar|Knock Off|p2a: Empoleon
|-crit|p2a: Empoleon
|-damage|p2a: Empoleon|21/100
|-enditem|p2a: Empoleon|Mystic Water|[from] move: Knock Off|[of] p1a: Tyranitar
|
|-weather|Sandstorm|[upkeep]
|-damage|p2a: Empoleon|14/100|[from] Sandstorm
|-damage|p1a: Tyranitar|0 fnt|[from] Sandstorm
|faint|p1a: Tyranitar
|-heal|p2a: Empoleon|21/100|[from] Grassy Terrain
|-fieldend|move: Trick Room
|upkeep
|
|t:|1769412498
|switch|p1a: Gholdengo|Gholdengo|100/100
|-damage|p1a: Gholdengo|94/100|[from] Stealth Rock
|-item|p1a: Gholdengo|Air Balloon
|turn|14
|
|t:|1769412504
|switch|p2a: Serperior|Serperior, F|100/100
|-activate|p2a: Serperior|move: Sticky Web
|-boost|p2a: Serperior|spe|1
|move|p1a: Gholdengo|Hex|p2a: Serperior
|-damage|p2a: Serperior|67/100
|
|-weather|Sandstorm|[upkeep]
|-damage|p2a: Serperior|61/100|[from] Sandstorm
|-heal|p2a: Serperior|67/100|[from] Grassy Terrain
|upkeep
|turn|15
|
|t:|1769412506
|move|p2a: Serperior|Leaf Storm|p1a: Gholdengo
|-resisted|p1a: Gholdengo
|-damage|p1a: Gholdengo|65/100
|-boost|p2a: Serperior|spa|2
|-enditem|p1a: Gholdengo|Air Balloon
|move|p1a: Gholdengo|Thunder Wave|p2a: Serperior
|-status|p2a: Serperior|par
|
|-weather|Sandstorm|[upkeep]
|-damage|p2a: Serperior|61/100 par|[from] Sandstorm
|-heal|p2a: Serperior|67/100 par|[from] Grassy Terrain
|-heal|p1a: Gholdengo|71/100|[from] Grassy Terrain
|upkeep
|turn|16
|
|t:|1769412514
|move|p2a: Serperior|Leaf Storm|p1a: Gholdengo
|-resisted|p1a: Gholdengo
|-damage|p1a: Gholdengo|7/100
|-boost|p2a: Serperior|spa|2
|move|p1a: Gholdengo|Hex|p2a: Serperior
|-damage|p2a: Serperior|0 fnt
|faint|p2a: Serperior
|
|-weather|Sandstorm|[upkeep]
|-heal|p1a: Gholdengo|13/100|[from] Grassy Terrain
|-fieldend|move: Grassy Terrain
|upkeep
|
|t:|1769412517
|switch|p2a: Indeedee|Indeedee-F, F|100/100
|-activate|p2a: Indeedee|move: Sticky Web
|-unboost|p2a: Indeedee|spe|1
|-fieldstart|move: Psychic Terrain|[from] ability: Psychic Surge|[of] p2a: Indeedee
|turn|17
|
|t:|1769412526
|move|p1a: Gholdengo|Recover|p1a: Gholdengo
|-heal|p1a: Gholdengo|63/100
|move|p2a: Indeedee|Trick Room|p2a: Indeedee
|-fieldstart|move: Trick Room|[of] p2a: Indeedee
|
|-weather|none
|upkeep
|turn|18
|
|t:|1769412535
|move|p2a: Indeedee|Healing Wish|p2a: Indeedee
|faint|p2a: Indeedee
|move|p1a: Gholdengo|Thunder Wave|p2: Indeedee|[notarget]
|-fail|p1a: Gholdengo
|
|upkeep
|
|t:|1769412537
|switch|p2a: Empoleon|Empoleon, F, tera:Electric|21/100
|-heal|p2a: Empoleon|100/100|[from] move: Healing Wish
|-activate|p2a: Empoleon|move: Sticky Web
|-unboost|p2a: Empoleon|spe|1
|-ability|p2a: Empoleon|Competitive|boost
|-boost|p2a: Empoleon|spa|2
|turn|19
|
|t:|1769412545
|move|p2a: Empoleon|Surf|p1a: Gholdengo
|-damage|p1a: Gholdengo|0 fnt
|faint|p1a: Gholdengo
|
|win|zonix14
|raw|thehailgod's rating: 1388 &rarr; <strong>1362</strong><br />(-26 for losing)
|raw|zonix14's rating: 1288 &rarr; <strong>1320</strong><br />(+32 for winning)
|c|☆zonix14|Gg
|c|☆thehailgod|Gg
|l|☆thehailgod
|player|p1|
|j|☆thehailgod
|player|p1|thehailgod|plasmagruntf|
|l|☆thehailgod
|player|p1|
|l|☆zonix14
|player|p2|
