|j|☆czar625
|j|☆cqmp
|t:|1769364705
|gametype|singles
|player|p1|czar625|candice|1359
|player|p2|cqmp|169|1370
|gen|9
|tier|[Gen 9] OU
|rated|
|rule|HP Percentage Mod: HP is shown in percentages
|rule|Endless Battle Clause: Forcing endless battles is banned
|rule|Species Clause: Limit one of each Pokémon
|rule|OHKO Clause: OHKO moves are banned
|rule|Evasion Items Clause: Evasion items are banned
|rule|Evasion Moves Clause: Evasion moves are banned
|rule|Evasion Abilities Clause: Evasion abilities are banned
|rule|Sleep Moves Clause: Sleep-inducing moves are banned
|clearpoke
|poke|p1|Charizard, M|
|poke|p1|Torkoal, F|
|poke|p1|Leafeon, M|
|poke|p1|Sandy Shocks|
|poke|p1|Gengar, M|
|poke|p1|Avalugg, F|
|poke|p2|Hydrapple, M|
|poke|p2|Gliscor, M|
|poke|p2|Slowking-Galar, M|
|poke|p2|Cinderace, M|
|poke|p2|Iron Valiant|
|poke|p2|Alomomola, F|
|teampreview
|inactive|Battle timer is ON: inactive players will automatically lose when time's up. (requested by cqmp)
|
|t:|1769364710
|teamsize|p1|6
|teamsize|p2|6
|start
|switch|p1a: Avalugg|Avalugg, F|100/100
|switch|p2a: Slowking|Slowking-Galar, M, shiny|100/100
|turn|1
|
|t:|1769364716
|move|p2a: Slowking|Whirlpool|p1a: Avalugg
|-crit|p1a: Avalugg
|-damage|p1a: Avalugg|78/100
|-activate|p1a: Avalugg|move: Whirlpool|[of] p2a: Slowking
|move|p1a: Avalugg|Icicle Spear|p2a: Slowking
|-damage|p2a: Slowking|93/100
|-damage|p2a: Slowking|84/100
|-damage|p2a: Slowking|77/100
|-hitcount|p2a: Slowking|3
|
|-damage|p1a: Avalugg|66/100|[from] move: Whirlpool|[partiallytrapped]
|upkeep
|turn|2
|
|t:|1769364725
|move|p2a: Slowking|Flamethrower|p1a: Avalugg
|-supereffective|p1a: Avalugg
|-damage|p1a: Avalugg|0 fnt
|faint|p1a: Avalugg
|
|upkeep
|
|t:|1769364731
|switch|p1a: Leafeon|Leafeon, M|100/100
|turn|3
|
|t:|1769364743
|move|p1a: Leafeon|Knock Off|p2a: Slowking
|-supereffective|p2a: Slowking
|-damage|p2a: Slowking|7/100
|-enditem|p2a: Slowking|Assault Vest|[from] move: Knock Off|[of] p1a: Leafeon
|move|p2a: Slowking|Sludge Bomb|p1a: Leafeon
|-supereffective|p1a: Leafeon
|-damage|p1a: Leafeon|0 fnt
|faint|p1a: Leafeon
|
|upkeep
|
|t:|1769364751
|switch|p1a: Torkoal|Torkoal, F|100/100
|-weather|SunnyDay|[from] ability: Drought|[of] p1a: Torkoal
|turn|4
|inactive|cqmp has 120 seconds left.
|
|t:|1769364785
|switch|p2a: Alomomola|Alomomola, F|100/100
|move|p1a: Torkoal|Stealth Rock|p2a: Alomomola
|-sidestart|p2: cqmp|move: Stealth Rock
|
|-weather|SunnyDay|[upkeep]
|upkeep
|turn|5
|
|t:|1769364790
|switch|p1a: Sandy Shocks|Sandy Shocks|100/100
|-activate|p1a: Sandy Shocks|ability: Protosynthesis
|-start|p1a: Sandy Shocks|protosynthesisspe
|move|p2a: Alomomola|Flip Turn|p1a: Sandy Shocks
|-supereffective|p1a: Sandy Shocks
|-damage|p1a: Sandy Shocks|83/100
|
|t:|1769364803
|switch|p2a: Gliscor|Gliscor, M, shiny|100/100|[from] Flip Turn
|-damage|p2a: Gliscor|88/100|[from] Stealth Rock
|
|-weather|SunnyDay|[upkeep]
|-status|p2a: Gliscor|tox|[from] item: Toxic Orb
|upkeep
|turn|6
|
|t:|1769364809
|-terastallize|p1a: Sandy Shocks|Flying
|move|p2a: Gliscor|Protect|p2a: Gliscor
|-singleturn|p2a: Gliscor|Protect
|move|p1a: Sandy Shocks|Tera Blast|p2a: Gliscor|[anim] Tera Blast Flying
|-activate|p2a: Gliscor|move: Protect
|
|-weather|SunnyDay|[upkeep]
|-heal|p2a: Gliscor|100/100 tox|[from] ability: Poison Heal
|upkeep
|turn|7
|
|t:|1769364823
|switch|p2a: Slowking|Slowking-Galar, M, shiny|41/100
|-damage|p2a: Slowking|28/100|[from] Stealth Rock
|move|p1a: Sandy Shocks|Tera Blast|p2a: Slowking|[anim] Tera Blast Flying
|-damage|p2a: Slowking|0 fnt
|faint|p2a: Slowking
|
|-weather|SunnyDay|[upkeep]
|upkeep
|
|t:|1769364827
|switch|p2a: Cinderace|Cinderace, M, shiny|100/100
|turn|8
|
|t:|1769364831
|move|p1a: Sandy Shocks|Tera Blast|p2a: Cinderace|[anim] Tera Blast Flying
|-damage|p2a: Cinderace|21/100
|move|p2a: Cinderace|Pyro Ball|p1a: Sandy Shocks
|-damage|p1a: Sandy Shocks|0 fnt
|faint|p1a: Sandy Shocks
|-end|p1a: Sandy Shocks|Protosynthesis|[silent]
|
|-weather|SunnyDay|[upkeep]
|upkeep
|
|t:|1769364834
|switch|p1a: Charizard|Charizard, M|100/100
|turn|9
|
|t:|1769364842
|move|p1a: Charizard|Flamethrower|p2a: Cinderace
|-resisted|p2a: Cinderace
|-damage|p2a: Cinderace|0 fnt
|faint|p2a: Cinderace
|
|-weather|SunnyDay|[upkeep]
|-damage|p1a: Charizard|88/100|[from] ability: Solar Power|[of] p1a: Charizard
|upkeep
|
|t:|1769364847
|switch|p2a: Hydrapple|Hydrapple, M, shiny|100/100
|-damage|p2a: Hydrapple|88/100|[from] Stealth Rock
|turn|10
|
|t:|1769364854
|-terastallize|p2a: Hydrapple|Dragon
|move|p1a: Charizard|Flamethrower|p2a: Hydrapple
|-resisted|p2a: Hydrapple
|-damage|p2a: Hydrapple|40/100
|move|p2a: Hydrapple|Draco Meteor|p1a: Charizard
|-damage|p1a: Charizard|0 fnt
|-unboost|p2a: Hydrapple|spa|2
|faint|p1a: Charizard
|-damage|p2a: Hydrapple|30/100|[from] item: Life Orb
|
|-weather|SunnyDay|[upkeep]
|upkeep
|
|t:|1769364858
|switch|p1a: Gengar|Gengar, M|100/100
|turn|11
|
|t:|1769364862
|switch|p2a: Alomomola|Alomomola, F|100/100
|move|p1a: Gengar|Substitute|p1a: Gengar
|-start|p1a: Gengar|Substitute
|-damage|p1a: Gengar|76/100
|
|-weather|none
|-heal|p1a: Gengar|82/100|[from] item: Black Sludge
|upkeep
|turn|12
|
|t:|1769364866
|move|p1a: Gengar|Shadow Ball|p2a: Alomomola
|-damage|p2a: Alomomola|49/100
|move|p2a: Alomomola|Flip Turn|p1a: Gengar
|-end|p1a: Gengar|Substitute
|
|t:|1769364869
|switch|p2a: Iron Valiant|Iron Valiant, shiny|100/100|[from] Flip Turn
|-damage|p2a: Iron Valiant|94/100|[from] Stealth Rock
|-enditem|p2a: Iron Valiant|Booster Energy
|-activate|p2a: Iron Valiant|ability: Quark Drive|[fromitem]
|-start|p2a: Iron Valiant|quarkdrivespe
|
|-heal|p1a: Gengar|88/100|[from] item: Black Sludge
|upkeep
|turn|13
|
|t:|1769364874
|move|p2a: Iron Valiant|Knock Off|p1a: Gengar
|-supereffective|p1a: Gengar
|-damage|p1a: Gengar|0 fnt
|-enditem|p1a: Gengar|Black Sludge|[from] move: Knock Off|[of] p2a: Iron Valiant
|faint|p1a: Gengar
|
|upkeep
|-message|czar625 forfeited.
|
|win|cqmp
|raw|czar625's rating: 1359 &rarr; <strong>1340</strong><br />(-19 for losing)
|raw|cqmp's rating: 1370 &rarr; <strong>1389</strong><br />(+19 for winning)
|l|☆czar625
|player|p1|
|l|☆cqmp
|player|p2|
