|j|☆Rookie22
|j|☆LunaBlast
|t:|1769343083
|gametype|singles
|player|p1|Rookie22|iris-gen5bw2|1702
|player|p2|LunaBlast|2|1593
|gen|9
|tier|[Gen 9] OU
|rated|
|rule|HP Percentage Mod: HP is shown in percentages
|rule|Endless Battle Clause: Forcing endless battles is banned
|rule|Species Clause: Limit one of each Pokémon
|rule|OHKO Clause: OHKO moves are banned
|rule|Evasion Items Clause: Evasion items are banned
|rule|Evasion Moves Clause: Evasion moves are banned
|rule|Evasion Abilities Clause: Evasion abilities are banned
|rule|Sleep Moves Clause: Sleep-inducing moves are banned
|clearpoke
|poke|p1|Dragonite, M|
|poke|p1|Keldeo|
|poke|p1|Meowscarada, M|
|poke|p1|Iron Crown|
|poke|p1|Raging Bolt|
|poke|p1|Great Tusk|
|poke|p2|Ribombee, F|
|poke|p2|Gholdengo|
|poke|p2|Glimmora, M|
|poke|p2|Enamorus, F|
|poke|p2|Iron Moth|
|poke|p2|Iron Hands|
|teampreview
|inactive|Battle timer is ON: inactive players will automatically lose when time's up. (requested by LunaBlast)
|inactive|Rookie22 also wants the timer to be on.
|
|t:|1769343091
|teamsize|p1|6
|teamsize|p2|6
|start
|switch|p1a: Bene Gesserit|Iron Crown|100/100
|switch|p2a: Ribombee|Ribombee, F, shiny|100/100
|turn|1
|
|t:|1769343096
|move|p2a: Ribombee|Sticky Web|p1a: Bene Gesserit
|-sidestart|p1: Rookie22|move: Sticky Web
|move|p1a: Bene Gesserit|Tachyon Cutter|p2a: Ribombee
|-supereffective|p2a: Ribombee
|-damage|p2a: Ribombee|10/100
|-supereffective|p2a: Ribombee
|-damage|p2a: Ribombee|0 fnt
|faint|p2a: Ribombee
|-hitcount|p2: Ribombee|2
|
|upkeep
|
|t:|1769343099
|switch|p2a: Iron Moth|Iron Moth|100/100
|-enditem|p2a: Iron Moth|Booster Energy
|-activate|p2a: Iron Moth|ability: Quark Drive|[fromitem]
|-start|p2a: Iron Moth|quarkdrivespa
|turn|2
|
|t:|1769343108
|move|p2a: Iron Moth|Fiery Dance|p1a: Bene Gesserit
|-supereffective|p1a: Bene Gesserit
|-damage|p1a: Bene Gesserit|29/100
|move|p1a: Bene Gesserit|Psyshock|p2a: Iron Moth
|-supereffective|p2a: Iron Moth
|-damage|p2a: Iron Moth|0 fnt
|faint|p2a: Iron Moth
|-end|p2a: Iron Moth|Quark Drive|[silent]
|
|upkeep
|
|t:|1769343123
|switch|p2a: Gholdengo|Gholdengo|100/100
|-item|p2a: Gholdengo|Air Balloon
|turn|3
|
|t:|1769343135
|-end|p1a: Bene Gesserit|Quark Drive|[silent]
|switch|p1a: Meowscarada|Meowscarada, M|100/100
|move|p2a: Gholdengo|Shadow Ball|p1a: Meowscarada
|-resisted|p1a: Meowscarada
|-damage|p1a: Meowscarada|73/100
|
|upkeep
|turn|4
|
|t:|1769343139
|switch|p2a: Iron Hands|Iron Hands, shiny|100/100
|-enditem|p2a: Iron Hands|Booster Energy
|-activate|p2a: Iron Hands|ability: Quark Drive|[fromitem]
|-start|p2a: Iron Hands|quarkdriveatk
|move|p1a: Meowscarada|Knock Off|p2a: Iron Hands
|-start|p1a: Meowscarada|typechange|Dark|[from] ability: Protean
|-resisted|p2a: Iron Hands
|-damage|p2a: Iron Hands|91/100
|
|upkeep
|turn|5
|
|t:|1769343148
|switch|p1a: Great Tusk|Great Tusk|100/100
|-activate|p1a: Great Tusk|move: Sticky Web
|-unboost|p1a: Great Tusk|spe|1
|move|p2a: Iron Hands|Swords Dance|p2a: Iron Hands
|-boost|p2a: Iron Hands|atk|2
|
|upkeep
|turn|6
|
|t:|1769343161
|move|p1a: Great Tusk|Stealth Rock|p2a: Iron Hands
|-sidestart|p2: LunaBlast|move: Stealth Rock
|move|p2a: Iron Hands|Drain Punch|p1a: Great Tusk
|-damage|p1a: Great Tusk|28/100
|-heal|p2a: Iron Hands|100/100|[from] drain|[of] p1a: Great Tusk
|
|-heal|p1a: Great Tusk|34/100|[from] item: Leftovers
|upkeep
|turn|7
|
|t:|1769343170
|move|p1a: Great Tusk|Rapid Spin|p2a: Iron Hands
|-damage|p2a: Iron Hands|88/100
|-boost|p1a: Great Tusk|spe|1
|-sideend|p1: Rookie22|Sticky Web|[from] move: Rapid Spin|[of] p1a: Great Tusk
|move|p2a: Iron Hands|Drain Punch|p1a: Great Tusk
|-damage|p1a: Great Tusk|0 fnt
|-heal|p2a: Iron Hands|100/100|[from] drain|[of] p1a: Great Tusk
|faint|p1a: Great Tusk
|-end|p1a: Great Tusk|Protosynthesis|[silent]
|
|upkeep
|
|t:|1769343194
|switch|p1a: Bene Gesserit|Iron Crown|29/100
|turn|8
|
|t:|1769343197
|move|p1a: Bene Gesserit|Psyshock|p2a: Iron Hands
|-supereffective|p2a: Iron Hands
|-damage|p2a: Iron Hands|54/100
|move|p2a: Iron Hands|Drain Punch|p1a: Bene Gesserit
|-damage|p1a: Bene Gesserit|0 fnt
|-heal|p2a: Iron Hands|64/100|[from] drain|[of] p1a: Bene Gesserit
|faint|p1a: Bene Gesserit
|-end|p1a: Bene Gesserit|Quark Drive|[silent]
|
|upkeep
|
|t:|1769343210
|switch|p1a: Raging Bolt|Raging Bolt|100/100
|turn|9
|
|t:|1769343215
|-terastallize|p1a: Raging Bolt|Fairy
|move|p1a: Raging Bolt|Calm Mind|p1a: Raging Bolt
|-boost|p1a: Raging Bolt|spa|1
|-boost|p1a: Raging Bolt|spd|1
|move|p2a: Iron Hands|Drain Punch|p1a: Raging Bolt
|-resisted|p1a: Raging Bolt
|-damage|p1a: Raging Bolt|51/100
|-heal|p2a: Iron Hands|86/100|[from] drain|[of] p1a: Raging Bolt
|
|-heal|p1a: Raging Bolt|57/100|[from] item: Leftovers
|upkeep
|turn|10
|
|t:|1769343224
|move|p1a: Raging Bolt|Dragon Pulse|p2a: Iron Hands
|-damage|p2a: Iron Hands|12/100
|move|p2a: Iron Hands|Supercell Slam|p1a: Raging Bolt
|-damage|p1a: Raging Bolt|0 fnt
|faint|p1a: Raging Bolt
|-end|p1a: Raging Bolt|Protosynthesis|[silent]
|
|upkeep
|
|t:|1769343244
|switch|p1a: Meowscarada|Meowscarada, M|73/100
|turn|11
|
|t:|1769343250
|move|p1a: Meowscarada|Flower Trick|p2a: Iron Hands
|-start|p1a: Meowscarada|typechange|Grass|[from] ability: Protean
|-crit|p2a: Iron Hands
|-damage|p2a: Iron Hands|0 fnt
|faint|p2a: Iron Hands
|-end|p2a: Iron Hands|Quark Drive|[silent]
|
|upkeep
|
|t:|1769343253
|switch|p2a: Glimmora|Glimmora, M, shiny|100/100
|-damage|p2a: Glimmora|88/100|[from] Stealth Rock
|turn|12
|
|t:|1769343260
|switch|p1a: Lisan Al Gaib|Keldeo|100/100
|move|p2a: Glimmora|Mortal Spin|p1a: Lisan Al Gaib
|-damage|p1a: Lisan Al Gaib|93/100
|-status|p1a: Lisan Al Gaib|psn
|-sideend|p2: LunaBlast|Stealth Rock|[from] move: Mortal Spin|[of] p2a: Glimmora
|
|-damage|p1a: Lisan Al Gaib|81/100 psn|[from] psn
|upkeep
|turn|13
|
|t:|1769343273
|move|p1a: Lisan Al Gaib|Surf|p2a: Glimmora
|-supereffective|p2a: Glimmora
|-damage|p2a: Glimmora|0 fnt
|faint|p2a: Glimmora
|
|-damage|p1a: Lisan Al Gaib|68/100 psn|[from] psn
|upkeep
|
|t:|1769343275
|switch|p2a: Enamorus|Enamorus, F|100/100
|turn|14
|
|t:|1769343285
|switch|p1a: I'm the original.|Dragonite, M|100/100
|move|p2a: Enamorus|Moonblast|p1a: I'm the original.
|-supereffective|p1a: I'm the original.
|-damage|p1a: I'm the original.|25/100
|
|upkeep
|turn|15
|
|t:|1769343290
|move|p2a: Enamorus|Moonblast|p1a: I'm the original.
|-supereffective|p1a: I'm the original.
|-damage|p1a: I'm the original.|0 fnt
|faint|p1a: I'm the original.
|
|upkeep
|
|t:|1769343293
|switch|p1a: Meowscarada|Meowscarada, M|73/100
|turn|16
|
|t:|1769343304
|switch|p2a: Gholdengo|Gholdengo|100/100
|-item|p2a: Gholdengo|Air Balloon
|move|p1a: Meowscarada|Triple Axel|p2a: Gholdengo
|-start|p1a: Meowscarada|typechange|Ice|[from] ability: Protean
|-resisted|p2a: Gholdengo
|-damage|p2a: Gholdengo|97/100
|-enditem|p2a: Gholdengo|Air Balloon
|-hitcount|p2a: Gholdengo|1
|
|upkeep
|turn|17
|
|t:|1769343312
|switch|p1a: Lisan Al Gaib|Keldeo|68/100 psn
|move|p2a: Gholdengo|Shadow Ball|p1a: Lisan Al Gaib
|-damage|p1a: Lisan Al Gaib|31/100 psn
|
|-damage|p1a: Lisan Al Gaib|19/100 psn|[from] psn
|upkeep
|turn|18
|
|t:|1769343318
|switch|p2a: Enamorus|Enamorus, F|100/100
|move|p1a: Lisan Al Gaib|Surf|p2a: Enamorus
|-damage|p2a: Enamorus|0 fnt
|faint|p2a: Enamorus
|
|-damage|p1a: Lisan Al Gaib|7/100 psn|[from] psn
|upkeep
|
|t:|1769343323
|switch|p2a: Gholdengo|Gholdengo|97/100
|turn|19
|
|t:|1769343325
|move|p1a: Lisan Al Gaib|Surf|p2a: Gholdengo
|-damage|p2a: Gholdengo|19/100
|move|p2a: Gholdengo|Shadow Ball|p1a: Lisan Al Gaib
|-damage|p1a: Lisan Al Gaib|0 fnt
|faint|p1a: Lisan Al Gaib
|
|upkeep
|
|t:|1769343330
|switch|p1a: Meowscarada|Meowscarada, M|73/100
|turn|20
|inactive|Rookie22 has 120 seconds left.
|c|☆LunaBlast|gg
|inactive|Rookie22 has 90 seconds left.
|c|☆Rookie22|idk your tera
|c|☆LunaBlast|i lose anyway tho?
|c|☆Rookie22|depends
|inactive|Rookie22 has 60 seconds left.
|c|☆Rookie22|if it's fairy idk
|c|☆LunaBlast|ur scarf?
|
|t:|1769343449
|-terastallize|p2a: Gholdengo|Fairy
|move|p1a: Meowscarada|Flower Trick|p2a: Gholdengo
|-start|p1a: Meowscarada|typechange|Grass|[from] ability: Protean
|-crit|p2a: Gholdengo
|-damage|p2a: Gholdengo|0 fnt
|faint|p2a: Gholdengo
|
|win|Rookie22
|raw|Rookie22's rating: 1702 &rarr; <strong>1716</strong><br />(+14 for winning)
|raw|LunaBlast's rating: 1593 &rarr; <strong>1579</strong><br />(-14 for losing)
|c|☆Rookie22|no
|c|☆LunaBlast|gg
|c|☆Rookie22|gg
|l|☆LunaBlast
|player|p2|
|l|☆Rookie22
|player|p1|
