|j|☆seymourbandz
|j|☆niccommoc
|t:|1769426964
|gametype|singles
|player|p1|seymourbandz|janitor|1475
|player|p2|niccommoc|cyclist|1512
|gen|9
|tier|[Gen 9] OU
|rated|
|rule|HP Percentage Mod: HP is shown in percentages
|rule|Endless Battle Clause: Forcing endless battles is banned
|rule|Species Clause: Limit one of each Pokémon
|rule|OHKO Clause: OHKO moves are banned
|rule|Evasion Items Clause: Evasion items are banned
|rule|Evasion Moves Clause: Evasion moves are banned
|rule|Evasion Abilities Clause: Evasion abilities are banned
|rule|Sleep Moves Clause: Sleep-inducing moves are banned
|clearpoke
|poke|p1|Torkoal, F|
|poke|p1|Iron Moth|
|poke|p1|Venusaur, M|
|poke|p1|Walking Wake|
|poke|p1|Hatterene, F|
|poke|p1|Landorus-Therian, M|
|poke|p2|Pecharunt|
|poke|p2|Mabosstiff, F|
|poke|p2|Volcanion|
|poke|p2|Iron Valiant|
|poke|p2|Landorus-Therian, M|
|poke|p2|Deoxys-Speed|
|teampreview
|inactive|Battle timer is ON: inactive players will automatically lose when time's up. (requested by niccommoc)
|c|☆niccommoc|hello
|
|t:|1769426988
|teamsize|p1|6
|teamsize|p2|6
|start
|switch|p1a: Torkoal|Torkoal, F|100/100
|switch|p2a: Deoxys|Deoxys-Speed|100/100
|-ability|p2a: Deoxys|Pressure
|-weather|SunnyDay|[from] ability: Drought|[of] p1a: Torkoal
|turn|1
|
|t:|1769426998
|switch|p1a: Hatterene|Hatterene, F|100/100
|move|p2a: Deoxys|Knock Off|p1a: Hatterene
|-damage|p1a: Hatterene|79/100
|-enditem|p1a: Hatterene|Eject Button|[from] move: Knock Off|[of] p2a: Deoxys
|
|-weather|SunnyDay|[upkeep]
|upkeep
|turn|2
|
|t:|1769427005
|switch|p2a: Pecharunt|Pecharunt|100/100
|move|p1a: Hatterene|Nuzzle|p2a: Pecharunt
|-damage|p2a: Pecharunt|97/100
|-status|p2a: Pecharunt|par
|
|-weather|SunnyDay|[upkeep]
|upkeep
|turn|3
|
|t:|1769427011
|switch|p1a: Iron Moth|Iron Moth|100/100
|-enditem|p1a: Iron Moth|Booster Energy
|-activate|p1a: Iron Moth|ability: Quark Drive|[fromitem]
|-start|p1a: Iron Moth|quarkdrivespa
|move|p2a: Pecharunt|Shadow Ball|p1a: Iron Moth
|-damage|p1a: Iron Moth|70/100
|-unboost|p1a: Iron Moth|spd|1
|
|-weather|SunnyDay|[upkeep]
|upkeep
|turn|4
|
|t:|1769427027
|switch|p2a: Volcanion|Volcanion|100/100
|move|p1a: Iron Moth|Fiery Dance|p2a: Volcanion
|-resisted|p2a: Volcanion
|-damage|p2a: Volcanion|79/100
|
|-weather|SunnyDay|[upkeep]
|-heal|p2a: Volcanion|85/100|[from] item: Leftovers
|upkeep
|turn|5
|
|t:|1769427036
|move|p1a: Iron Moth|Energy Ball|p2a: Volcanion
|-damage|p2a: Volcanion|38/100
|-unboost|p2a: Volcanion|spd|1
|move|p2a: Volcanion|Steam Eruption|p1a: Iron Moth
|-supereffective|p1a: Iron Moth
|-damage|p1a: Iron Moth|0 fnt
|faint|p1a: Iron Moth
|-end|p1a: Iron Moth|Quark Drive|[silent]
|
|-weather|SunnyDay|[upkeep]
|-heal|p2a: Volcanion|44/100|[from] item: Leftovers
|upkeep
|
|t:|1769427039
|switch|p1a: Walking Wake|Walking Wake|100/100
|-activate|p1a: Walking Wake|ability: Protosynthesis
|-start|p1a: Walking Wake|protosynthesisspe
|turn|6
|
|t:|1769427046
|move|p1a: Walking Wake|Dragon Pulse|p2a: Volcanion
|-damage|p2a: Volcanion|0 fnt
|faint|p2a: Volcanion
|
|-weather|SunnyDay|[upkeep]
|upkeep
|
|t:|1769427049
|switch|p2a: Iron Valiant|Iron Valiant|100/100
|-enditem|p2a: Iron Valiant|Booster Energy
|-activate|p2a: Iron Valiant|ability: Quark Drive|[fromitem]
|-start|p2a: Iron Valiant|quarkdrivespe
|turn|7
|
|t:|1769427057
|-end|p1a: Walking Wake|Protosynthesis|[silent]
|switch|p1a: Venusaur|Venusaur, M|100/100
|move|p2a: Iron Valiant|Moonblast|p1a: Venusaur
|-resisted|p1a: Venusaur
|-damage|p1a: Venusaur|78/100
|
|-weather|SunnyDay|[upkeep]
|upkeep
|turn|8
|
|t:|1769427068
|-end|p2a: Iron Valiant|Quark Drive|[silent]
|switch|p2a: Mabosstiff|Mabosstiff, F, shiny|100/100
|-ability|p2a: Mabosstiff|Intimidate|boost
|-unboost|p1a: Venusaur|atk|1
|move|p1a: Venusaur|Weather Ball|p2a: Mabosstiff
|-damage|p2a: Mabosstiff|29/100
|-damage|p1a: Venusaur|68/100|[from] item: Life Orb
|
|-weather|none
|upkeep
|turn|9
|
|t:|1769427074
|switch|p1a: Torkoal|Torkoal, F|100/100
|-weather|SunnyDay|[from] ability: Drought|[of] p1a: Torkoal
|move|p2a: Mabosstiff|Jaw Lock|p1a: Torkoal
|-damage|p1a: Torkoal|78/100
|-activate|p2a: Mabosstiff|trapped
|-activate|p1a: Torkoal|trapped
|
|-weather|SunnyDay|[upkeep]
|upkeep
|turn|10
|
|t:|1769427081
|move|p2a: Mabosstiff|Rest|p2a: Mabosstiff
|-status|p2a: Mabosstiff|slp|[from] move: Rest
|-heal|p2a: Mabosstiff|100/100 slp|[silent]
|move|p1a: Torkoal|Body Press|p2a: Mabosstiff
|-supereffective|p2a: Mabosstiff
|-damage|p2a: Mabosstiff|28/100 slp
|-enditem|p2a: Mabosstiff|Kee Berry|[eat]
|-boost|p2a: Mabosstiff|def|1|[from] item: Kee Berry
|
|-weather|SunnyDay|[upkeep]
|upkeep
|turn|11
|
|t:|1769427088
|cant|p2a: Mabosstiff|slp
|move|p1a: Torkoal|Body Press|p2a: Mabosstiff
|-supereffective|p2a: Mabosstiff
|-damage|p2a: Mabosstiff|0 fnt
|faint|p2a: Mabosstiff
|
|-weather|SunnyDay|[upkeep]
|upkeep
|
|t:|1769427093
|switch|p2a: Landorus|Landorus-Therian, M|100/100
|-ability|p2a: Landorus|Intimidate|boost
|-unboost|p1a: Torkoal|atk|1
|turn|12
|
|t:|1769427097
|switch|p1a: Hatterene|Hatterene, F|79/100
|move|p2a: Landorus|Stealth Rock|p1a: Hatterene
|move|p1a: Hatterene|Stealth Rock|p2a: Landorus|[from] ability: Magic Bounce
|-sidestart|p2: niccommoc|move: Stealth Rock
|
|-weather|SunnyDay|[upkeep]
|upkeep
|turn|13
|
|t:|1769427100
|move|p2a: Landorus|Earthquake|p1a: Hatterene
|-damage|p1a: Hatterene|38/100
|move|p1a: Hatterene|Healing Wish|p1a: Hatterene
|faint|p1a: Hatterene
|
|-weather|SunnyDay|[upkeep]
|upkeep
|
|t:|1769427103
|switch|p1a: Walking Wake|Walking Wake|100/100
|-activate|p1a: Walking Wake|ability: Protosynthesis
|-start|p1a: Walking Wake|protosynthesisspe
|turn|14
|
|t:|1769427107
|-terastallize|p2a: Landorus|Water
|move|p1a: Walking Wake|Hydro Steam|p2a: Landorus
|-resisted|p2a: Landorus
|-damage|p2a: Landorus|52/100
|move|p2a: Landorus|U-turn|p1a: Walking Wake
|-damage|p1a: Walking Wake|75/100
|
|t:|1769427118
|switch|p2a: Pecharunt|Pecharunt|97/100 par|[from] U-turn
|
|-weather|SunnyDay|[upkeep]
|upkeep
|turn|15
|
|t:|1769427130
|-end|p1a: Walking Wake|Protosynthesis|[silent]
|switch|p1a: Landorus|Landorus-Therian, M|100/100
|-ability|p1a: Landorus|Intimidate|boost
|-unboost|p2a: Pecharunt|atk|1
|cant|p2a: Pecharunt|par
|
|-weather|SunnyDay|[upkeep]
|upkeep
|turn|16
|
|t:|1769427137
|switch|p2a: Landorus|Landorus-Therian, M, tera:Water|52/100
|-damage|p2a: Landorus|39/100|[from] Stealth Rock
|-ability|p2a: Landorus|Intimidate|boost
|-unboost|p1a: Landorus|atk|1
|move|p1a: Landorus|Earthquake|p2a: Landorus
|-damage|p2a: Landorus|5/100
|
|-weather|none
|upkeep
|turn|17
|
|t:|1769427142
|move|p1a: Landorus|U-turn|p2a: Landorus
|-damage|p2a: Landorus|0 fnt
|-damage|p1a: Landorus|84/100|[from] item: Rocky Helmet|[of] p2a: Landorus
|faint|p2a: Landorus
|
|t:|1769427145
|switch|p1a: Torkoal|Torkoal, F|78/100|[from] U-turn
|-heal|p1a: Torkoal|100/100|[from] move: Healing Wish
|-weather|SunnyDay|[from] ability: Drought|[of] p1a: Torkoal
|
|-weather|SunnyDay|[upkeep]
|upkeep
|-message|niccommoc forfeited.
|
|win|seymourbandz
|raw|seymourbandz's rating: 1475 &rarr; <strong>1497</strong><br />(+22 for winning)
|raw|niccommoc's rating: 1512 &rarr; <strong>1490</strong><br />(-22 for losing)
|l|☆niccommoc
|player|p2|
|l|☆seymourbandz
|player|p1|
