|j|☆bill1234765
|j|☆Air Glider
|t:|1769326852
|gametype|singles
|player|p1|bill1234765|cynthia-gen4|1521
|player|p2|Air Glider|170|1505
|gen|9
|tier|[Gen 9] OU
|rated|
|rule|HP Percentage Mod: HP is shown in percentages
|rule|Endless Battle Clause: Forcing endless battles is banned
|rule|Species Clause: Limit one of each Pokémon
|rule|OHKO Clause: OHKO moves are banned
|rule|Evasion Items Clause: Evasion items are banned
|rule|Evasion Moves Clause: Evasion moves are banned
|rule|Evasion Abilities Clause: Evasion abilities are banned
|rule|Sleep Moves Clause: Sleep-inducing moves are banned
|clearpoke
|poke|p1|Cinderace, F|
|poke|p1|Volcanion|
|poke|p1|Torkoal, M|
|poke|p1|Mandibuzz, F|
|poke|p1|Great Tusk|
|poke|p1|Fezandipiti, M|
|poke|p2|Pelipper, F|
|poke|p2|Iron Treads|
|poke|p2|Samurott-Hisui, F|
|poke|p2|Basculegion, M|
|poke|p2|Toxicroak, F|
|poke|p2|Azumarill, M|
|teampreview
|
|t:|1769326863
|teamsize|p1|6
|teamsize|p2|6
|start
|switch|p1a: Torkoal|Torkoal, M, shiny|100/100
|switch|p2a: Pelipper|Pelipper, F|100/100
|-weather|RainDance|[from] ability: Drizzle|[of] p2a: Pelipper
|-weather|SunnyDay|[from] ability: Drought|[of] p1a: Torkoal
|turn|1
|
|t:|1769326866
|switch|p2a: Iron Treads|Iron Treads|100/100
|-enditem|p2a: Iron Treads|Booster Energy
|-activate|p2a: Iron Treads|ability: Quark Drive|[fromitem]
|-start|p2a: Iron Treads|quarkdriveatk
|move|p1a: Torkoal|Stealth Rock|p2a: Iron Treads
|-sidestart|p2: Air Glider|move: Stealth Rock
|
|-weather|SunnyDay|[upkeep]
|upkeep
|turn|2
|
|t:|1769326875
|switch|p1a: Omari P Bird|Mandibuzz, F, shiny|100/100
|move|p2a: Iron Treads|Rapid Spin|p1a: Omari P Bird
|-damage|p1a: Omari P Bird|87/100
|-boost|p2a: Iron Treads|spe|1
|-damage|p2a: Iron Treads|84/100|[from] item: Rocky Helmet|[of] p1a: Omari P Bird
|-sideend|p2: Air Glider|Stealth Rock|[from] move: Rapid Spin|[of] p2a: Iron Treads
|
|-weather|SunnyDay|[upkeep]
|upkeep
|turn|3
|
|t:|1769326885
|switch|p1a: Cinderace|Cinderace, F|100/100
|move|p2a: Iron Treads|Stealth Rock|p1a: Cinderace
|-sidestart|p1: bill1234765|move: Stealth Rock
|
|-weather|SunnyDay|[upkeep]
|upkeep
|turn|4
|
|t:|1769326890
|switch|p1a: Omari P Bird|Mandibuzz, F, shiny|87/100
|-damage|p1a: Omari P Bird|63/100|[from] Stealth Rock
|move|p2a: Iron Treads|Earthquake|p1a: Omari P Bird
|-immune|p1a: Omari P Bird
|
|-weather|SunnyDay|[upkeep]
|upkeep
|turn|5
|
|t:|1769326896
|-end|p2a: Iron Treads|Quark Drive|[silent]
|switch|p2a: Pelipper|Pelipper, F|100/100
|-weather|RainDance|[from] ability: Drizzle|[of] p2a: Pelipper
|move|p1a: Omari P Bird|Roost|p1a: Omari P Bird
|-heal|p1a: Omari P Bird|100/100
|-singleturn|p1a: Omari P Bird|move: Roost
|
|-weather|RainDance|[upkeep]
|upkeep
|turn|6
|
|t:|1769326900
|move|p1a: Omari P Bird|Defog|p2a: Pelipper
|-unboost|p2a: Pelipper|evasion|1
|-sideend|p1: bill1234765|Stealth Rock|[from] move: Defog|[of] p1a: Omari P Bird
|move|p2a: Pelipper|U-turn|p1a: Omari P Bird
|-damage|p1a: Omari P Bird|95/100
|-damage|p2a: Pelipper|84/100|[from] item: Rocky Helmet|[of] p1a: Omari P Bird
|
|t:|1769326912
|switch|p2a: Azumarill|Azumarill, M|100/100|[from] U-turn
|
|-weather|RainDance|[upkeep]
|upkeep
|turn|7
|
|t:|1769326922
|switch|p1a: Torkoal|Torkoal, M, shiny|100/100
|-weather|SunnyDay|[from] ability: Drought|[of] p1a: Torkoal
|move|p2a: Azumarill|Belly Drum|p2a: Azumarill
|-damage|p2a: Azumarill|50/100
|-setboost|p2a: Azumarill|atk|6|[from] move: Belly Drum
|-enditem|p2a: Azumarill|Sitrus Berry|[eat]
|-heal|p2a: Azumarill|75/100|[from] item: Sitrus Berry
|
|-weather|SunnyDay|[upkeep]
|upkeep
|turn|8
|
|t:|1769326933
|switch|p1a: Volcanion|Volcanion|100/100
|move|p2a: Azumarill|Knock Off|p1a: Volcanion
|-damage|p1a: Volcanion|0 fnt
|-enditem|p1a: Volcanion|Choice Specs|[from] move: Knock Off|[of] p2a: Azumarill
|faint|p1a: Volcanion
|
|-weather|SunnyDay|[upkeep]
|upkeep
|
|t:|1769326939
|switch|p1a: Omari P Bird|Mandibuzz, F, shiny|95/100
|turn|9
|
|t:|1769326941
|move|p1a: Omari P Bird|Foul Play|p2a: Azumarill
|-resisted|p2a: Azumarill
|-damage|p2a: Azumarill|0 fnt
|faint|p2a: Azumarill
|
|-weather|SunnyDay|[upkeep]
|upkeep
|
|t:|1769326946
|switch|p2a: Pelipper|Pelipper, F|84/100
|-weather|RainDance|[from] ability: Drizzle|[of] p2a: Pelipper
|turn|10
|
|t:|1769326954
|move|p1a: Omari P Bird|Foul Play|p2a: Pelipper
|-damage|p2a: Pelipper|66/100
|move|p2a: Pelipper|Surf|p1a: Omari P Bird
|-damage|p1a: Omari P Bird|42/100
|
|-weather|RainDance|[upkeep]
|upkeep
|turn|11
|
|t:|1769326959
|move|p1a: Omari P Bird|Roost|p1a: Omari P Bird
|-heal|p1a: Omari P Bird|92/100
|-singleturn|p1a: Omari P Bird|move: Roost
|move|p2a: Pelipper|Roost|p2a: Pelipper
|-heal|p2a: Pelipper|100/100
|-singleturn|p2a: Pelipper|move: Roost
|
|-weather|RainDance|[upkeep]
|upkeep
|turn|12
|
|t:|1769326964
|-terastallize|p2a: Pelipper|Water
|move|p1a: Omari P Bird|Toxic|p2a: Pelipper
|-status|p2a: Pelipper|tox
|move|p2a: Pelipper|Surf|p1a: Omari P Bird
|-damage|p1a: Omari P Bird|18/100
|
|-weather|RainDance|[upkeep]
|-damage|p2a: Pelipper|94/100 tox|[from] psn
|upkeep
|turn|13
|
|t:|1769326972
|switch|p1a: Torkoal|Torkoal, M, shiny|100/100
|-weather|SunnyDay|[from] ability: Drought|[of] p1a: Torkoal
|move|p2a: Pelipper|Surf|p1a: Torkoal
|-supereffective|p1a: Torkoal
|-damage|p1a: Torkoal|22/100
|
|-weather|SunnyDay|[upkeep]
|-damage|p2a: Pelipper|82/100 tox|[from] psn
|upkeep
|turn|14
|
|t:|1769326980
|switch|p1a: Chihiro|Fezandipiti, M|100/100
|move|p2a: Pelipper|Surf|p1a: Chihiro
|-damage|p1a: Chihiro|80/100
|
|-weather|SunnyDay|[upkeep]
|-heal|p1a: Chihiro|86/100|[from] item: Leftovers
|-damage|p2a: Pelipper|64/100 tox|[from] psn
|upkeep
|turn|15
|
|t:|1769326987
|switch|p1a: Haku|Great Tusk, shiny|100/100
|-activate|p1a: Haku|ability: Protosynthesis
|-start|p1a: Haku|protosynthesisatk
|switch|p2a: Iron Treads|Iron Treads|84/100
|
|-weather|SunnyDay|[upkeep]
|upkeep
|turn|16
|
|t:|1769327026
|-end|p2a: Iron Treads|Quark Drive|[silent]
|switch|p2a: Pelipper|Pelipper, F, tera:Water|64/100 tox
|-weather|RainDance|[from] ability: Drizzle|[of] p2a: Pelipper
|-end|p1a: Haku|Protosynthesis
|move|p1a: Haku|Close Combat|p2a: Pelipper
|-damage|p2a: Pelipper|0 fnt
|-unboost|p1a: Haku|def|1
|-unboost|p1a: Haku|spd|1
|faint|p2a: Pelipper
|
|-weather|RainDance|[upkeep]
|upkeep
|
|t:|1769327035
|switch|p2a: Basculegion|Basculegion, M|100/100
|turn|17
|
|t:|1769327055
|-end|p1a: Haku|Protosynthesis|[silent]
|switch|p1a: Torkoal|Torkoal, M, shiny|22/100
|-weather|SunnyDay|[from] ability: Drought|[of] p1a: Torkoal
|move|p2a: Basculegion|Wave Crash|p1a: Torkoal
|-supereffective|p1a: Torkoal
|-damage|p1a: Torkoal|0 fnt
|faint|p1a: Torkoal
|-damage|p2a: Basculegion|94/100|[from] Recoil
|
|-weather|SunnyDay|[upkeep]
|upkeep
|
|t:|1769327062
|switch|p1a: Haku|Great Tusk, shiny|100/100
|-activate|p1a: Haku|ability: Protosynthesis
|-start|p1a: Haku|protosynthesisatk
|turn|18
|
|t:|1769327068
|move|p1a: Haku|Headlong Rush|p2a: Basculegion
|-damage|p2a: Basculegion|0 fnt
|-unboost|p1a: Haku|def|1
|-unboost|p1a: Haku|spd|1
|faint|p2a: Basculegion
|
|-weather|SunnyDay|[upkeep]
|upkeep
|
|t:|1769327071
|switch|p2a: Toxicroak|Toxicroak, F|100/100
|turn|19
|
|t:|1769327075
|switch|p2a: Iron Treads|Iron Treads|84/100
|move|p1a: Haku|Headlong Rush|p2a: Iron Treads
|-supereffective|p2a: Iron Treads
|-damage|p2a: Iron Treads|0 fnt
|-unboost|p1a: Haku|def|1
|-unboost|p1a: Haku|spd|1
|faint|p2a: Iron Treads
|-end|p2a: Iron Treads|Quark Drive|[silent]
|
|-weather|SunnyDay|[upkeep]
|upkeep
|
|t:|1769327076
|switch|p2a: Samurott|Samurott-Hisui, F|100/100
|turn|20
|
|t:|1769327081
|-end|p1a: Haku|Protosynthesis|[silent]
|switch|p1a: Omari P Bird|Mandibuzz, F, shiny|18/100
|move|p2a: Samurott|Aqua Jet|p1a: Omari P Bird
|-damage|p1a: Omari P Bird|10/100
|-damage|p2a: Samurott|84/100|[from] item: Rocky Helmet|[of] p1a: Omari P Bird
|
|-weather|SunnyDay|[upkeep]
|upkeep
|turn|21
|
|t:|1769327087
|switch|p2a: Toxicroak|Toxicroak, F|100/100
|move|p1a: Omari P Bird|Foul Play|p2a: Toxicroak
|-resisted|p2a: Toxicroak
|-damage|p2a: Toxicroak|84/100
|-damage|p1a: Omari P Bird|0 fnt|[from] item: Rocky Helmet|[of] p2a: Toxicroak
|faint|p1a: Omari P Bird
|
|-weather|SunnyDay|[upkeep]
|-damage|p2a: Toxicroak|71/100|[from] ability: Dry Skin|[of] p2a: Toxicroak
|upkeep
|
|t:|1769327090
|switch|p1a: Haku|Great Tusk, shiny|100/100
|-activate|p1a: Haku|ability: Protosynthesis
|-start|p1a: Haku|protosynthesisatk
|turn|22
|
|t:|1769327095
|move|p1a: Haku|Headlong Rush|p2a: Toxicroak
|-supereffective|p2a: Toxicroak
|-damage|p2a: Toxicroak|0 fnt
|-unboost|p1a: Haku|def|1
|-unboost|p1a: Haku|spd|1
|-damage|p1a: Haku|84/100|[from] item: Rocky Helmet|[of] p2a: Toxicroak
|faint|p2a: Toxicroak
|
|-weather|SunnyDay|[upkeep]
|upkeep
|-message|Air Glider forfeited.
|
|win|bill1234765
|raw|bill1234765's rating: 1521 &rarr; <strong>1540</strong><br />(+19 for winning)
|raw|Air Glider's rating: 1505 &rarr; <strong>1486</strong><br />(-19 for losing)
|l|☆bill1234765
|player|p1|
|l|☆Air Glider
|player|p2|
