|j|☆HuskyGrowlithe
|j|☆angel sbfbddj
|t:|1769303679
|gametype|singles
|player|p1|HuskyGrowlithe|crasherwake|1000
|player|p2|angel sbfbddj|lucas|1000
|gen|9
|tier|[Gen 9] OU
|rated|
|rule|HP Percentage Mod: HP is shown in percentages
|rule|Endless Battle Clause: Forcing endless battles is banned
|rule|Species Clause: Limit one of each Pokémon
|rule|OHKO Clause: OHKO moves are banned
|rule|Evasion Items Clause: Evasion items are banned
|rule|Evasion Moves Clause: Evasion moves are banned
|rule|Evasion Abilities Clause: Evasion abilities are banned
|rule|Sleep Moves Clause: Sleep-inducing moves are banned
|clearpoke
|poke|p1|Kingambit, M|
|poke|p1|Slowking-Galar, F|
|poke|p1|Great Tusk|
|poke|p1|Primarina, M|
|poke|p1|Ogerpon, F|
|poke|p1|Enamorus, F|
|poke|p2|Pelipper, F|
|poke|p2|Barraskewda, F|
|poke|p2|Ogerpon-Wellspring, F|
|poke|p2|Zapdos|
|poke|p2|Great Tusk|
|poke|p2|Gholdengo|
|teampreview
|inactive|Battle timer is ON: inactive players will automatically lose when time's up. (requested by HuskyGrowlithe)
|
|t:|1769303687
|teamsize|p1|6
|teamsize|p2|6
|start
|switch|p1a: Great Tusk|Great Tusk, shiny|100/100
|switch|p2a: Pelipper|Pelipper, F|100/100
|-weather|RainDance|[from] ability: Drizzle|[of] p2a: Pelipper
|-enditem|p1a: Great Tusk|Booster Energy
|-activate|p1a: Great Tusk|ability: Protosynthesis|[fromitem]
|-start|p1a: Great Tusk|protosynthesisspe
|turn|1
|
|t:|1769303704
|move|p1a: Great Tusk|Bulk Up|p1a: Great Tusk
|-boost|p1a: Great Tusk|atk|1
|-boost|p1a: Great Tusk|def|1
|move|p2a: Pelipper|U-turn|p1a: Great Tusk
|-resisted|p1a: Great Tusk
|-damage|p1a: Great Tusk|99/100
|inactive|angel sbfbddj has 120 seconds left.
|
|t:|1769303730
|switch|p2a: Ogerpon|Ogerpon-Wellspring, F|100/100|[from] U-turn
|
|-weather|RainDance|[upkeep]
|upkeep
|turn|2
|inactive|angel sbfbddj has 120 seconds left.
|
|t:|1769303741
|-terastallize|p1a: Great Tusk|Ice
|move|p1a: Great Tusk|Headlong Rush|p2a: Ogerpon
|-resisted|p2a: Ogerpon
|-damage|p2a: Ogerpon|46/100
|-unboost|p1a: Great Tusk|def|1
|-unboost|p1a: Great Tusk|spd|1
|move|p2a: Ogerpon|Ivy Cudgel|p1a: Great Tusk|[anim] Ivy Cudgel Water
|-damage|p1a: Great Tusk|46/100
|
|-weather|RainDance|[upkeep]
|upkeep
|turn|3
|inactive|angel sbfbddj has 120 seconds left.
|
|t:|1769303757
|move|p1a: Great Tusk|Headlong Rush|p2a: Ogerpon
|-resisted|p2a: Ogerpon
|-damage|p2a: Ogerpon|0 fnt
|-unboost|p1a: Great Tusk|def|1
|-unboost|p1a: Great Tusk|spd|1
|faint|p2a: Ogerpon
|
|-weather|RainDance|[upkeep]
|upkeep
|
|t:|1769303767
|switch|p2a: Barraskewda|Barraskewda, F|100/100
|turn|4
|
|t:|1769303775
|move|p2a: Barraskewda|Liquidation|p1a: Great Tusk
|-damage|p1a: Great Tusk|0 fnt
|faint|p1a: Great Tusk
|-end|p1a: Great Tusk|Protosynthesis|[silent]
|
|-weather|RainDance|[upkeep]
|upkeep
|
|t:|1769303778
|switch|p1a: Ogerpon|Ogerpon, F|100/100
|turn|5
|
|t:|1769303785
|switch|p2a: Zapdos|Zapdos|100/100
|move|p1a: Ogerpon|Ivy Cudgel|p2a: Zapdos
|-resisted|p2a: Zapdos
|-damage|p2a: Zapdos|76/100
|-damage|p1a: Ogerpon|91/100|[from] item: Life Orb
|
|-weather|RainDance|[upkeep]
|upkeep
|turn|6
|
|t:|1769303796
|switch|p1a: Kingambit|Kingambit, M, shiny|100/100
|move|p2a: Zapdos|Hurricane|p1a: Kingambit
|-resisted|p1a: Kingambit
|-damage|p1a: Kingambit|73/100
|
|-weather|RainDance|[upkeep]
|upkeep
|turn|7
|
|t:|1769303805
|move|p2a: Zapdos|Volt Switch|p1a: Kingambit
|-damage|p1a: Kingambit|40/100
|
|t:|1769303809
|switch|p2a: Gholdengo|Gholdengo|100/100|[from] Volt Switch
|move|p1a: Kingambit|Kowtow Cleave|p2a: Gholdengo
|-supereffective|p2a: Gholdengo
|-damage|p2a: Gholdengo|0 fnt
|faint|p2a: Gholdengo
|
|-weather|RainDance|[upkeep]
|upkeep
|
|t:|1769303821
|switch|p2a: Great Tusk|Great Tusk|100/100
|turn|8
|
|t:|1769303826
|move|p2a: Great Tusk|Earthquake|p1a: Kingambit
|-supereffective|p1a: Kingambit
|-damage|p1a: Kingambit|0 fnt
|faint|p1a: Kingambit
|
|-weather|none
|upkeep
|
|t:|1769303828
|switch|p1a: Ogerpon|Ogerpon, F|91/100
|turn|9
|
|t:|1769303836
|move|p1a: Ogerpon|Ivy Cudgel|p2a: Great Tusk
|-supereffective|p2a: Great Tusk
|-damage|p2a: Great Tusk|38/100
|-damage|p1a: Ogerpon|81/100|[from] item: Life Orb
|move|p2a: Great Tusk|Knock Off|p1a: Ogerpon
|-damage|p1a: Ogerpon|46/100
|-enditem|p1a: Ogerpon|Life Orb|[from] move: Knock Off|[of] p2a: Great Tusk
|
|-heal|p2a: Great Tusk|44/100|[from] item: Leftovers
|upkeep
|turn|10
|
|t:|1769303854
|move|p1a: Ogerpon|Ivy Cudgel|p2a: Great Tusk
|-supereffective|p2a: Great Tusk
|-damage|p2a: Great Tusk|0 fnt
|faint|p2a: Great Tusk
|-end|p2a: Great Tusk|Protosynthesis|[silent]
|
|upkeep
|
|t:|1769303861
|switch|p2a: Pelipper|Pelipper, F|100/100
|-weather|RainDance|[from] ability: Drizzle|[of] p2a: Pelipper
|turn|11
|
|t:|1769303871
|move|p1a: Ogerpon|Knock Off|p2a: Pelipper
|-damage|p2a: Pelipper|77/100
|-enditem|p2a: Pelipper|Damp Rock|[from] move: Knock Off|[of] p1a: Ogerpon
|move|p2a: Pelipper|Hurricane|p1a: Ogerpon
|-supereffective|p1a: Ogerpon
|-damage|p1a: Ogerpon|0 fnt
|faint|p1a: Ogerpon
|
|-weather|RainDance|[upkeep]
|upkeep
|
|t:|1769303880
|switch|p1a: Slowking|Slowking-Galar, F|100/100
|turn|12
|
|t:|1769303891
|move|p2a: Pelipper|U-turn|p1a: Slowking
|-damage|p1a: Slowking|91/100
|
|t:|1769303895
|switch|p2a: Zapdos|Zapdos|76/100|[from] U-turn
|move|p1a: Slowking|Sludge Bomb|p2a: Zapdos
|-damage|p2a: Zapdos|40/100
|
|-weather|RainDance|[upkeep]
|upkeep
|turn|13
|
|t:|1769303906
|move|p2a: Zapdos|Thunder|p1a: Slowking
|-damage|p1a: Slowking|64/100
|-prepare|p1a: Slowking|Chilly Reception|[premajor]
|move|p1a: Slowking|Chilly Reception|p1a: Slowking
|-weather|Snowscape
|
|t:|1769303913
|switch|p1a: Enamorus|Enamorus, F|100/100|[from] Chilly Reception
|
|-weather|Snowscape|[upkeep]
|upkeep
|turn|14
|
|t:|1769303921
|move|p1a: Enamorus|Moonblast|p2a: Zapdos
|-damage|p2a: Zapdos|0 fnt
|faint|p2a: Zapdos
|
|-weather|Snowscape|[upkeep]
|upkeep
|
|t:|1769303928
|switch|p2a: Pelipper|Pelipper, F|77/100
|-weather|RainDance|[from] ability: Drizzle|[of] p2a: Pelipper
|turn|15
|
|t:|1769303934
|move|p1a: Enamorus|Moonblast|p2a: Pelipper
|-damage|p2a: Pelipper|8/100
|-unboost|p2a: Pelipper|spa|1
|move|p2a: Pelipper|Hydro Pump|p1a: Enamorus
|-damage|p1a: Enamorus|48/100
|
|-weather|RainDance|[upkeep]
|upkeep
|turn|16
|
|t:|1769303944
|move|p1a: Enamorus|Moonblast|p2a: Pelipper
|-damage|p2a: Pelipper|0 fnt
|faint|p2a: Pelipper
|
|-weather|RainDance|[upkeep]
|upkeep
|
|t:|1769303952
|switch|p2a: Barraskewda|Barraskewda, F|100/100
|turn|17
|
|t:|1769303960
|move|p2a: Barraskewda|Liquidation|p1a: Enamorus
|-damage|p1a: Enamorus|0 fnt
|faint|p1a: Enamorus
|
|-weather|RainDance|[upkeep]
|upkeep
|
|t:|1769303963
|switch|p1a: Primarina|Primarina, M, shiny|100/100
|turn|18
|
|t:|1769303971
|move|p2a: Barraskewda|Liquidation|p1a: Primarina
|-resisted|p1a: Primarina
|-damage|p1a: Primarina|43/100
|move|p1a: Primarina|Substitute|p1a: Primarina
|-start|p1a: Primarina|Substitute
|-damage|p1a: Primarina|18/100
|
|-weather|RainDance|[upkeep]
|-heal|p1a: Primarina|24/100|[from] item: Leftovers
|upkeep
|turn|19
|
|t:|1769303982
|move|p2a: Barraskewda|Liquidation|p1a: Primarina
|-resisted|p1a: Primarina
|-end|p1a: Primarina|Substitute
|move|p1a: Primarina|Draining Kiss|p2a: Barraskewda
|-damage|p2a: Barraskewda|35/100
|-heal|p1a: Primarina|60/100|[from] drain|[of] p2a: Barraskewda
|
|-weather|none
|-heal|p1a: Primarina|66/100|[from] item: Leftovers
|upkeep
|turn|20
|
|t:|1769303993
|move|p2a: Barraskewda|Liquidation|p1a: Primarina
|-resisted|p1a: Primarina
|-damage|p1a: Primarina|27/100
|move|p1a: Primarina|Draining Kiss|p2a: Barraskewda
|-crit|p2a: Barraskewda
|-damage|p2a: Barraskewda|0 fnt
|-heal|p1a: Primarina|46/100|[from] drain|[of] p2a: Barraskewda
|faint|p2a: Barraskewda
|
|win|HuskyGrowlithe
|raw|HuskyGrowlithe's rating: 1000 &rarr; <strong>1040</strong><br />(+40 for winning)
|raw|angel sbfbddj's rating: 1000 &rarr; <strong>1000</strong><br />(+0 for losing)
