|j|☆pepenigeria
|j|☆bluemotions
|t:|1769387444
|gametype|singles
|player|p1|pepenigeria|1|1221
|player|p2|bluemotions|blue|1197
|gen|9
|tier|[Gen 9] OU
|rated|
|rule|HP Percentage Mod: HP is shown in percentages
|rule|Endless Battle Clause: Forcing endless battles is banned
|rule|Species Clause: Limit one of each Pokémon
|rule|OHKO Clause: OHKO moves are banned
|rule|Evasion Items Clause: Evasion items are banned
|rule|Evasion Moves Clause: Evasion moves are banned
|rule|Evasion Abilities Clause: Evasion abilities are banned
|rule|Sleep Moves Clause: Sleep-inducing moves are banned
|clearpoke
|poke|p1|Skarmory, M|
|poke|p1|Blissey, F|
|poke|p1|Great Tusk|
|poke|p1|Iron Valiant|
|poke|p1|Dragapult, M|
|poke|p1|Scizor, M|
|poke|p2|Mimikyu, M|
|poke|p2|Walking Wake|
|poke|p2|Latias, F|
|poke|p2|Hydreigon, F|
|poke|p2|Flareon, F|
|poke|p2|Snorlax, M|
|teampreview
|c|☆bluemotions|gl hf
|inactive|Battle timer is ON: inactive players will automatically lose when time's up. (requested by pepenigeria)
|
|t:|1769387467
|teamsize|p1|6
|teamsize|p2|6
|start
|switch|p1a: Great Tusk|Great Tusk|100/100
|switch|p2a: Latias|Latias, F|100/100
|turn|1
|
|t:|1769387479
|-terastallize|p1a: Great Tusk|Steel
|move|p1a: Great Tusk|Ice Spinner|p2a: Latias
|-supereffective|p2a: Latias
|-damage|p2a: Latias|56/100
|-enditem|p2a: Latias|Weakness Policy
|-boost|p2a: Latias|atk|2|[from] item: Weakness Policy
|-boost|p2a: Latias|spa|2|[from] item: Weakness Policy
|move|p2a: Latias|Calm Mind|p2a: Latias
|-boost|p2a: Latias|spa|1
|-boost|p2a: Latias|spd|1
|
|upkeep
|turn|2
|
|t:|1769387500
|-terastallize|p2a: Latias|Poison
|move|p1a: Great Tusk|Ice Spinner|p2a: Latias
|-damage|p2a: Latias|34/100
|move|p2a: Latias|Agility|p2a: Latias
|-boost|p2a: Latias|spe|2
|
|upkeep
|turn|3
|
|t:|1769387510
|move|p2a: Latias|Aura Sphere|p1a: Great Tusk
|-supereffective|p1a: Great Tusk
|-damage|p1a: Great Tusk|0 fnt
|faint|p1a: Great Tusk
|-end|p1a: Great Tusk|Protosynthesis|[silent]
|
|upkeep
|
|t:|1769387515
|switch|p1a: Scizor|Scizor, M|100/100
|turn|4
|
|t:|1769387534
|move|p1a: Scizor|Bullet Punch|p2a: Latias
|-damage|p2a: Latias|0 fnt
|faint|p2a: Latias
|
|upkeep
|
|t:|1769387540
|switch|p2a: Flareon|Flareon, F|100/100
|turn|5
|
|t:|1769387550
|switch|p1a: Blissey|Blissey, F, shiny|100/100
|move|p2a: Flareon|Flare Blitz|p1a: Blissey
|-damage|p1a: Blissey|0 fnt
|faint|p1a: Blissey
|-damage|p2a: Flareon|13/100|[from] Recoil
|
|upkeep
|
|t:|1769387557
|switch|p1a: Scizor|Scizor, M|100/100
|turn|6
|
|t:|1769387566
|switch|p2a: Walking Wake|Walking Wake|100/100
|move|p1a: Scizor|Bullet Punch|p2a: Walking Wake
|-resisted|p2a: Walking Wake
|-damage|p2a: Walking Wake|74/100
|
|upkeep
|turn|7
|
|t:|1769387582
|switch|p1a: Dragapult|Dragapult, M|100/100
|move|p2a: Walking Wake|Flamethrower|p1a: Dragapult
|-resisted|p1a: Dragapult
|-crit|p1a: Dragapult
|-damage|p1a: Dragapult|48/100
|
|upkeep
|turn|8
|
|t:|1769387594
|-end|p2a: Walking Wake|Protosynthesis|[silent]
|switch|p2a: Snorlax|Snorlax, M|100/100
|move|p1a: Dragapult|Draco Meteor|p2a: Snorlax
|-damage|p2a: Snorlax|50/100
|-unboost|p1a: Dragapult|spa|2
|-enditem|p2a: Snorlax|Sitrus Berry|[eat]
|-heal|p2a: Snorlax|75/100|[from] item: Sitrus Berry
|
|upkeep
|turn|9
|
|t:|1769387610
|switch|p1a: Skarmory|Skarmory, M, shiny|100/100
|switch|p2a: Flareon|Flareon, F|13/100
|
|upkeep
|turn|10
|
|t:|1769387623
|move|p2a: Flareon|Flare Blitz|p1a: Skarmory
|-supereffective|p1a: Skarmory
|-damage|p1a: Skarmory|23/100
|-damage|p2a: Flareon|0 fnt|[from] item: Rocky Helmet|[of] p1a: Skarmory
|faint|p2a: Flareon
|move|p1a: Skarmory|Spikes|p2: Flareon
|-sidestart|p2: bluemotions|Spikes
|
|upkeep
|inactive|bluemotions has 120 seconds left.
|
|t:|1769387644
|switch|p2a: Walking Wake|Walking Wake|74/100
|-damage|p2a: Walking Wake|61/100|[from] Spikes
|turn|11
|
|t:|1769387652
|move|p2a: Walking Wake|Hydro Steam|p1a: Skarmory
|-damage|p1a: Skarmory|0 fnt
|faint|p1a: Skarmory
|
|upkeep
|
|t:|1769387662
|switch|p1a: Iron Valiant|Iron Valiant|100/100
|-enditem|p1a: Iron Valiant|Booster Energy
|-activate|p1a: Iron Valiant|ability: Quark Drive|[fromitem]
|-start|p1a: Iron Valiant|quarkdrivespe
|turn|12
|
|t:|1769387670
|-end|p2a: Walking Wake|Protosynthesis|[silent]
|switch|p2a: Snorlax|Snorlax, M|75/100
|-damage|p2a: Snorlax|63/100|[from] Spikes
|move|p1a: Iron Valiant|Calm Mind|p1a: Iron Valiant
|-boost|p1a: Iron Valiant|spa|1
|-boost|p1a: Iron Valiant|spd|1
|
|upkeep
|turn|13
|
|t:|1769387684
|move|p1a: Iron Valiant|Psyshock|p2a: Snorlax
|-damage|p2a: Snorlax|38/100
|move|p2a: Snorlax|Body Slam|p1a: Iron Valiant
|-damage|p1a: Iron Valiant|60/100
|
|upkeep
|turn|14
|
|t:|1769387691
|move|p1a: Iron Valiant|Moonblast|p2a: Snorlax
|-damage|p2a: Snorlax|0 fnt
|faint|p2a: Snorlax
|
|upkeep
|
|t:|1769387705
|switch|p2a: Mimikyu|Mimikyu, M|100/100
|-damage|p2a: Mimikyu|88/100|[from] Spikes
|turn|15
|
|t:|1769387711
|move|p1a: Iron Valiant|Shadow Ball|p2a: Mimikyu
|-activate|p2a: Mimikyu|ability: Disguise
|-damage|p2a: Mimikyu|88/100
|-unboost|p2a: Mimikyu|spd|1
|detailschange|p2a: Mimikyu|Mimikyu-Busted, M
|-damage|p2a: Mimikyu|76/100|[from] pokemon: Mimikyu-Busted
|move|p2a: Mimikyu|Play Rough|p1a: Iron Valiant
|-supereffective|p1a: Iron Valiant
|-damage|p1a: Iron Valiant|0 fnt
|faint|p1a: Iron Valiant
|-end|p1a: Iron Valiant|Quark Drive|[silent]
|-damage|p2a: Mimikyu|66/100|[from] item: Life Orb
|
|upkeep
|
|t:|1769387734
|switch|p1a: Dragapult|Dragapult, M|48/100
|turn|16
|
|t:|1769387739
|move|p2a: Mimikyu|Shadow Sneak|p1a: Dragapult
|-supereffective|p1a: Dragapult
|-damage|p1a: Dragapult|0 fnt
|faint|p1a: Dragapult
|-damage|p2a: Mimikyu|56/100|[from] item: Life Orb
|
|upkeep
|c|☆pepenigeria|noooooooooooooooooooo
|
|t:|1769387745
|switch|p1a: Scizor|Scizor, M|100/100
|turn|17
|
|t:|1769387751
|move|p2a: Mimikyu|Shadow Sneak|p1a: Scizor
|-damage|p1a: Scizor|77/100
|-damage|p2a: Mimikyu|46/100|[from] item: Life Orb
|move|p1a: Scizor|Knock Off|p2a: Mimikyu
|-damage|p2a: Mimikyu|0 fnt
|-enditem|p2a: Mimikyu|Life Orb|[from] move: Knock Off|[of] p1a: Scizor
|faint|p2a: Mimikyu
|
|upkeep
|
|t:|1769387759
|switch|p2a: Walking Wake|Walking Wake|61/100
|-damage|p2a: Walking Wake|49/100|[from] Spikes
|turn|18
|
|t:|1769387764
|move|p2a: Walking Wake|Flamethrower|p1a: Scizor
|-supereffective|p1a: Scizor
|-damage|p1a: Scizor|0 fnt
|faint|p1a: Scizor
|
|win|bluemotions
|raw|pepenigeria's rating: 1221 &rarr; <strong>1194</strong><br />(-27 for losing)
|raw|bluemotions's rating: 1197 &rarr; <strong>1224</strong><br />(+27 for winning)
|c|☆bluemotions|gg
|c|☆pepenigeria|wp
|l|☆pepenigeria
|player|p1|
|l|☆bluemotions
|player|p2|
