|j|☆Runredrun
|j|☆Chupapinamo
|t:|1769426009
|gametype|singles
|player|p1|Runredrun|scientist-gen4|1065
|player|p2|Chupapinamo|cynthia-masters4|1059
|gen|9
|tier|[Gen 9] OU
|rated|
|rule|HP Percentage Mod: HP is shown in percentages
|rule|Endless Battle Clause: Forcing endless battles is banned
|rule|Species Clause: Limit one of each Pokémon
|rule|OHKO Clause: OHKO moves are banned
|rule|Evasion Items Clause: Evasion items are banned
|rule|Evasion Moves Clause: Evasion moves are banned
|rule|Evasion Abilities Clause: Evasion abilities are banned
|rule|Sleep Moves Clause: Sleep-inducing moves are banned
|clearpoke
|poke|p1|Garganacl, M|
|poke|p1|Illumise, F|
|poke|p1|Serperior, F|
|poke|p1|Komala, M|
|poke|p1|Jolteon, M|
|poke|p1|Pelipper, M|
|poke|p2|Primarina, M|
|poke|p2|Iron Treads|
|poke|p2|Lokix, M|
|poke|p2|Kingdra, F|
|poke|p2|Pelipper, M|
|poke|p2|Toxicroak, M|
|teampreview
|inactive|Battle timer is ON: inactive players will automatically lose when time's up. (requested by Chupapinamo)
|
|t:|1769426014
|teamsize|p1|6
|teamsize|p2|6
|start
|switch|p1a: Mary Jane|Illumise, F, shiny|100/100
|switch|p2a: Pelipper|Pelipper, M|100/100
|-weather|RainDance|[from] ability: Drizzle|[of] p2a: Pelipper
|turn|1
|
|t:|1769426034
|move|p1a: Mary Jane|Thunder Wave|p2a: Pelipper
|-status|p2a: Pelipper|par
|move|p2a: Pelipper|U-turn|p1a: Mary Jane
|-damage|p1a: Mary Jane|90/100
|
|t:|1769426043
|switch|p2a: Kingdra|Kingdra, F|100/100|[from] U-turn
|
|-weather|RainDance|[upkeep]
|-damage|p1a: Mary Jane|78/100|[from] item: Sticky Barb
|upkeep
|turn|2
|
|t:|1769426050
|move|p1a: Mary Jane|Trick|p2a: Kingdra
|-activate|p1a: Mary Jane|move: Trick|[of] p2a: Kingdra
|-item|p2a: Kingdra|Sticky Barb|[from] move: Trick
|-item|p1a: Mary Jane|Choice Specs|[from] move: Trick
|move|p2a: Kingdra|Hurricane|p1a: Mary Jane
|-supereffective|p1a: Mary Jane
|-damage|p1a: Mary Jane|22/100
|
|-weather|RainDance|[upkeep]
|-damage|p2a: Kingdra|88/100|[from] item: Sticky Barb
|upkeep
|turn|3
|
|t:|1769426069
|move|p1a: Mary Jane|Thunder Wave|p2a: Kingdra
|-status|p2a: Kingdra|par
|move|p2a: Kingdra|Weather Ball|p1a: Mary Jane
|-crit|p1a: Mary Jane
|-damage|p1a: Mary Jane|0 fnt
|faint|p1a: Mary Jane
|
|-weather|RainDance|[upkeep]
|-damage|p2a: Kingdra|76/100 par|[from] item: Sticky Barb
|upkeep
|
|t:|1769426082
|switch|p1a: A SNAKE|Serperior, F, shiny|100/100
|turn|4
|
|t:|1769426085
|move|p1a: A SNAKE|Leaf Storm|p2a: Kingdra
|-damage|p2a: Kingdra|27/100 par
|-boost|p1a: A SNAKE|spa|2
|move|p2a: Kingdra|Hurricane|p1a: A SNAKE
|-supereffective|p1a: A SNAKE
|-damage|p1a: A SNAKE|34/100
|
|-weather|RainDance|[upkeep]
|-damage|p2a: Kingdra|15/100 par|[from] item: Sticky Barb
|upkeep
|turn|5
|
|t:|1769426094
|move|p1a: A SNAKE|Leaf Storm|p2a: Kingdra
|-damage|p2a: Kingdra|0 fnt
|-boost|p1a: A SNAKE|spa|2
|faint|p2a: Kingdra
|
|-weather|RainDance|[upkeep]
|upkeep
|
|t:|1769426101
|switch|p2a: Lokix|Lokix, M|100/100
|turn|6
|
|t:|1769426104
|switch|p1a: DURRRRRRRRRRRRRRR|Garganacl, M, shiny|100/100
|move|p2a: Lokix|First Impression|p1a: DURRRRRRRRRRRRRRR
|-damage|p1a: DURRRRRRRRRRRRRRR|67/100
|
|-weather|RainDance|[upkeep]
|-heal|p1a: DURRRRRRRRRRRRRRR|73/100|[from] item: Leftovers
|upkeep
|turn|7
|
|t:|1769426120
|switch|p2a: Primarina|Primarina, M|100/100
|move|p1a: DURRRRRRRRRRRRRRR|Salt Cure|p2a: Primarina
|-damage|p2a: Primarina|84/100
|-start|p2a: Primarina|Salt Cure
|
|-weather|RainDance|[upkeep]
|-heal|p2a: Primarina|90/100|[from] item: Leftovers
|-heal|p1a: DURRRRRRRRRRRRRRR|79/100|[from] item: Leftovers
|-damage|p2a: Primarina|65/100|[from] Salt Cure
|upkeep
|turn|8
|
|t:|1769426136
|switch|p1a: A SNAKE|Serperior, F, shiny|34/100
|move|p2a: Primarina|Moonblast|p1a: A SNAKE
|-damage|p1a: A SNAKE|0 fnt
|faint|p1a: A SNAKE
|
|-weather|none
|-heal|p2a: Primarina|71/100|[from] item: Leftovers
|-damage|p2a: Primarina|46/100|[from] Salt Cure
|upkeep
|
|t:|1769426149
|switch|p1a: Panda-Fup|Komala, M, shiny|100/100
|-ability|p1a: Panda-Fup|Comatose
|turn|9
|
|t:|1769426154
|switch|p2a: Pelipper|Pelipper, M|100/100 par
|-weather|RainDance|[from] ability: Drizzle|[of] p2a: Pelipper
|move|p1a: Panda-Fup|Knock Off|p2a: Pelipper
|-damage|p2a: Pelipper|72/100 par
|-enditem|p2a: Pelipper|Damp Rock|[from] move: Knock Off|[of] p1a: Panda-Fup
|
|-weather|RainDance|[upkeep]
|upkeep
|turn|10
|
|t:|1769426165
|move|p1a: Panda-Fup|Body Slam|p2a: Pelipper
|-damage|p2a: Pelipper|31/100 par
|move|p2a: Pelipper|Ice Beam|p1a: Panda-Fup
|-damage|p1a: Panda-Fup|85/100
|
|-weather|RainDance|[upkeep]
|upkeep
|turn|11
|
|t:|1769426177
|move|p1a: Panda-Fup|Body Slam|p2a: Pelipper
|-damage|p2a: Pelipper|0 fnt
|faint|p2a: Pelipper
|
|-weather|RainDance|[upkeep]
|upkeep
|
|t:|1769426182
|switch|p2a: Primarina|Primarina, M|46/100
|turn|12
|
|t:|1769426189
|move|p1a: Panda-Fup|Knock Off|p2a: Primarina
|-resisted|p2a: Primarina
|-damage|p2a: Primarina|28/100
|-enditem|p2a: Primarina|Leftovers|[from] move: Knock Off|[of] p1a: Panda-Fup
|move|p2a: Primarina|Moonblast|p1a: Panda-Fup
|-damage|p1a: Panda-Fup|34/100
|
|-weather|RainDance|[upkeep]
|upkeep
|turn|13
|
|t:|1769426196
|move|p1a: Panda-Fup|Body Slam|p2a: Primarina
|-damage|p2a: Primarina|0 fnt
|faint|p2a: Primarina
|
|-weather|RainDance|[upkeep]
|upkeep
|inactive|Chupapinamo has 120 seconds left.
|
|t:|1769426235
|switch|p2a: Lokix|Lokix, M|100/100
|turn|14
|
|t:|1769426258
|switch|p1a: DURRRRRRRRRRRRRRR|Garganacl, M, shiny|79/100
|move|p2a: Lokix|Knock Off|p1a: DURRRRRRRRRRRRRRR
|-damage|p1a: DURRRRRRRRRRRRRRR|40/100
|-enditem|p1a: DURRRRRRRRRRRRRRR|Leftovers|[from] move: Knock Off|[of] p2a: Lokix
|
|-weather|RainDance|[upkeep]
|upkeep
|turn|15
|
|t:|1769426270
|switch|p2a: Iron Treads|Iron Treads|100/100
|move|p1a: DURRRRRRRRRRRRRRR|Salt Cure|p2a: Iron Treads
|-resisted|p2a: Iron Treads
|-damage|p2a: Iron Treads|97/100
|-start|p2a: Iron Treads|Salt Cure
|
|-weather|RainDance|[upkeep]
|-damage|p2a: Iron Treads|72/100|[from] Salt Cure
|upkeep
|turn|16
|
|t:|1769426278
|switch|p1a: Mine mine mine|Pelipper, M, shiny|100/100
|move|p2a: Iron Treads|Iron Head|p1a: Mine mine mine
|-resisted|p1a: Mine mine mine
|-damage|p1a: Mine mine mine|82/100
|
|-weather|none
|-damage|p2a: Iron Treads|48/100|[from] Salt Cure
|upkeep
|turn|17
|
|t:|1769426287
|-end|p2a: Iron Treads|Quark Drive|[silent]
|switch|p2a: Toxicroak|Toxicroak, M|100/100
|move|p1a: Mine mine mine|Knock Off|p2a: Toxicroak
|-resisted|p2a: Toxicroak
|-damage|p2a: Toxicroak|95/100
|-enditem|p2a: Toxicroak|Black Sludge|[from] move: Knock Off|[of] p1a: Mine mine mine
|
|upkeep
|turn|18
|
|t:|1769426297
|switch|p1a: Panda-Fup|Komala, M, shiny|34/100
|-ability|p1a: Panda-Fup|Comatose
|move|p2a: Toxicroak|Substitute|p2a: Toxicroak
|-start|p2a: Toxicroak|Substitute
|-damage|p2a: Toxicroak|70/100
|
|upkeep
|turn|19
|
|t:|1769426315
|move|p2a: Toxicroak|Swords Dance|p2a: Toxicroak
|-boost|p2a: Toxicroak|atk|2
|move|p1a: Panda-Fup|Body Slam|p2a: Toxicroak
|-end|p2a: Toxicroak|Substitute
|
|upkeep
|turn|20
|
|t:|1769426331
|move|p2a: Toxicroak|Drain Punch|p1a: Panda-Fup
|-supereffective|p1a: Panda-Fup
|-damage|p1a: Panda-Fup|0 fnt
|-heal|p2a: Toxicroak|85/100|[from] drain|[of] p1a: Panda-Fup
|faint|p1a: Panda-Fup
|
|upkeep
|
|t:|1769426337
|switch|p1a: Mine mine mine|Pelipper, M, shiny|82/100
|-weather|RainDance|[from] ability: Drizzle|[of] p1a: Mine mine mine
|turn|21
|
|t:|1769426360
|-terastallize|p2a: Toxicroak|Ghost
|move|p2a: Toxicroak|Knock Off|p1a: Mine mine mine
|-damage|p1a: Mine mine mine|35/100
|-enditem|p1a: Mine mine mine|Wise Glasses|[from] move: Knock Off|[of] p2a: Toxicroak
|move|p1a: Mine mine mine|Hurricane|p2a: Toxicroak
|-damage|p2a: Toxicroak|25/100
|
|-weather|RainDance|[upkeep]
|-heal|p2a: Toxicroak|38/100|[from] ability: Dry Skin
|upkeep
|turn|22
|
|t:|1769426377
|move|p2a: Toxicroak|Drain Punch|p1a: Mine mine mine
|-resisted|p1a: Mine mine mine
|-damage|p1a: Mine mine mine|3/100
|-heal|p2a: Toxicroak|50/100|[from] drain|[of] p1a: Mine mine mine
|move|p1a: Mine mine mine|Weather Ball|p2a: Toxicroak
|-heal|p2a: Toxicroak|75/100|[from] ability: Dry Skin|[of] p1a: Mine mine mine
|
|-weather|RainDance|[upkeep]
|-heal|p2a: Toxicroak|87/100|[from] ability: Dry Skin
|upkeep
|turn|23
|inactive|Chupapinamo has 120 seconds left.
|
|t:|1769426400
|move|p2a: Toxicroak|Knock Off|p1a: Mine mine mine
|-damage|p1a: Mine mine mine|0 fnt
|faint|p1a: Mine mine mine
|
|-weather|RainDance|[upkeep]
|-heal|p2a: Toxicroak|99/100|[from] ability: Dry Skin
|upkeep
|inactive|Runredrun has 120 seconds left.
|
|t:|1769426422
|switch|p1a: DURRRRRRRRRRRRRRR|Garganacl, M, shiny|40/100
|turn|24
|
|t:|1769426428
|-terastallize|p1a: DURRRRRRRRRRRRRRR|Ghost
|move|p2a: Toxicroak|Drain Punch|p1a: DURRRRRRRRRRRRRRR
|-immune|p1a: DURRRRRRRRRRRRRRR
|move|p1a: DURRRRRRRRRRRRRRR|Tera Blast|p2a: Toxicroak|[anim] Tera Blast Ghost
|-supereffective|p2a: Toxicroak
|-damage|p2a: Toxicroak|54/100
|
|-weather|RainDance|[upkeep]
|-heal|p2a: Toxicroak|66/100|[from] ability: Dry Skin
|upkeep
|turn|25
|
|t:|1769426438
|move|p2a: Toxicroak|Knock Off|p1a: DURRRRRRRRRRRRRRR
|-supereffective|p1a: DURRRRRRRRRRRRRRR
|-damage|p1a: DURRRRRRRRRRRRRRR|9/100
|move|p1a: DURRRRRRRRRRRRRRR|Salt Cure|p2a: Toxicroak
|-damage|p2a: Toxicroak|54/100
|-start|p2a: Toxicroak|Salt Cure
|
|-weather|none
|-damage|p2a: Toxicroak|42/100|[from] Salt Cure
|upkeep
|turn|26
|
|t:|1769426446
|move|p2a: Toxicroak|Knock Off|p1a: DURRRRRRRRRRRRRRR
|-supereffective|p1a: DURRRRRRRRRRRRRRR
|-damage|p1a: DURRRRRRRRRRRRRRR|0 fnt
|faint|p1a: DURRRRRRRRRRRRRRR
|
|-damage|p2a: Toxicroak|29/100|[from] Salt Cure
|upkeep
|
|t:|1769426451
|switch|p1a: Kitty|Jolteon, M, shiny|100/100
|turn|27
|
|t:|1769426458
|move|p1a: Kitty|Hyper Voice|p2a: Toxicroak
|-immune|p2a: Toxicroak
|move|p2a: Toxicroak|Knock Off|p1a: Kitty
|-damage|p1a: Kitty|19/100
|-enditem|p1a: Kitty|Throat Spray|[from] move: Knock Off|[of] p2a: Toxicroak
|
|-damage|p2a: Toxicroak|17/100|[from] Salt Cure
|upkeep
|turn|28
|
|t:|1769426467
|move|p1a: Kitty|Volt Switch|p2a: Toxicroak
|-damage|p2a: Toxicroak|0 fnt
|faint|p2a: Toxicroak
|
|upkeep
|
|t:|1769426470
|switch|p2a: Lokix|Lokix, M|100/100
|turn|29
|
|t:|1769426474
|move|p2a: Lokix|First Impression|p1a: Kitty
|-damage|p1a: Kitty|0 fnt
|faint|p1a: Kitty
|
|win|Chupapinamo
|raw|Runredrun's rating: 1065 &rarr; <strong>1045</strong><br />(-20 for losing)
|raw|Chupapinamo's rating: 1059 &rarr; <strong>1091</strong><br />(+32 for winning)
|l|☆Runredrun
|player|p1|
|l|☆Chupapinamo
|player|p2|
