|j|☆LetsgoBrandonJ
|j|☆Playing Foul
|t:|1769385571
|gametype|singles
|player|p1|LetsgoBrandonJ|1|1738
|player|p2|Playing Foul|ethan-gen2|1690
|gen|9
|tier|[Gen 9] OU
|rated|
|rule|HP Percentage Mod: HP is shown in percentages
|rule|Endless Battle Clause: Forcing endless battles is banned
|rule|Species Clause: Limit one of each Pokémon
|rule|OHKO Clause: OHKO moves are banned
|rule|Evasion Items Clause: Evasion items are banned
|rule|Evasion Moves Clause: Evasion moves are banned
|rule|Evasion Abilities Clause: Evasion abilities are banned
|rule|Sleep Moves Clause: Sleep-inducing moves are banned
|clearpoke
|poke|p1|Araquanid, M|
|poke|p1|Gholdengo|
|poke|p1|Iron Moth|
|poke|p1|Iron Valiant|
|poke|p1|Raging Bolt|
|poke|p1|Kingambit, M|
|poke|p2|Iron Valiant|
|poke|p2|Gliscor, F|
|poke|p2|Slowking-Galar, F|
|poke|p2|Great Tusk|
|poke|p2|Dragapult, F|
|poke|p2|Skarmory, F|
|teampreview
|inactive|Battle timer is ON: inactive players will automatically lose when time's up. (requested by LetsgoBrandonJ)
|
|t:|1769385586
|teamsize|p1|6
|teamsize|p2|6
|start
|switch|p1a: Araquanid|Araquanid, M, shiny|100/100
|switch|p2a: Gliscor|Gliscor, F|100/100
|turn|1
|c|☆Playing Foul|hf
|inactive|Playing Foul also wants the timer to be on.
|
|t:|1769385611
|move|p2a: Gliscor|U-turn|p1a: Araquanid
|-damage|p1a: Araquanid|87/100
|
|t:|1769385624
|switch|p2a: Dragapult|Dragapult, F|100/100|[from] U-turn
|move|p1a: Araquanid|Sticky Web|p2a: Dragapult
|-sidestart|p2: Playing Foul|move: Sticky Web
|
|upkeep
|turn|2
|
|t:|1769385639
|move|p2a: Dragapult|Hex|p1a: Araquanid
|-damage|p1a: Araquanid|69/100
|move|p1a: Araquanid|Lunge|p2a: Dragapult
|-resisted|p2a: Dragapult
|-damage|p2a: Dragapult|84/100
|-unboost|p2a: Dragapult|atk|1
|
|upkeep
|turn|3
|
|t:|1769385653
|move|p2a: Dragapult|U-turn|p1a: Araquanid
|-crit|p1a: Araquanid
|-damage|p1a: Araquanid|43/100
|
|t:|1769385667
|switch|p2a: Slowking|Slowking-Galar, F|100/100|[from] U-turn
|move|p1a: Araquanid|Lunge|p2a: Slowking
|-damage|p2a: Slowking|78/100
|-unboost|p2a: Slowking|atk|1
|
|upkeep
|turn|4
|
|t:|1769385680
|switch|p2a: Dragapult|Dragapult, F|84/100
|move|p1a: Araquanid|Endeavor|p2a: Dragapult
|-immune|p2a: Dragapult
|
|upkeep
|turn|5
|
|t:|1769385693
|move|p2a: Dragapult|Hex|p1a: Araquanid
|-damage|p1a: Araquanid|24/100
|move|p1a: Araquanid|Lunge|p2a: Dragapult
|-resisted|p2a: Dragapult
|-damage|p2a: Dragapult|68/100
|-unboost|p2a: Dragapult|atk|1
|
|upkeep
|turn|6
|
|t:|1769385709
|switch|p1a: Kingambit|Kingambit, M, shiny|100/100
|-item|p1a: Kingambit|Air Balloon
|move|p2a: Dragapult|Hex|p1a: Kingambit
|-resisted|p1a: Kingambit
|-damage|p1a: Kingambit|85/100
|-enditem|p1a: Kingambit|Air Balloon
|
|upkeep
|turn|7
|
|t:|1769385724
|move|p2a: Dragapult|Will-O-Wisp|p1a: Kingambit
|-status|p1a: Kingambit|brn
|move|p1a: Kingambit|Kowtow Cleave|p2a: Dragapult
|-supereffective|p2a: Dragapult
|-damage|p2a: Dragapult|0 fnt
|faint|p2a: Dragapult
|
|-damage|p1a: Kingambit|79/100 brn|[from] brn
|upkeep
|inactive|Playing Foul has 120 seconds left.
|
|t:|1769385738
|switch|p2a: Great Tusk|Great Tusk|100/100
|turn|8
|inactive|Playing Foul has 120 seconds left.
|
|t:|1769385752
|-end|p1a: Kingambit|fallenundefined|[silent]
|switch|p1a: Gholdengo|Gholdengo|100/100
|-item|p1a: Gholdengo|Air Balloon
|move|p2a: Great Tusk|Stealth Rock|p1a: Gholdengo
|-sidestart|p1: LetsgoBrandonJ|move: Stealth Rock
|
|upkeep
|turn|9
|inactive|Playing Foul has 120 seconds left.
|
|t:|1769385766
|move|p2a: Great Tusk|Ice Spinner|p1a: Gholdengo
|-resisted|p1a: Gholdengo
|-damage|p1a: Gholdengo|85/100
|-enditem|p1a: Gholdengo|Air Balloon
|move|p1a: Gholdengo|Make It Rain|p2a: Great Tusk
|-damage|p2a: Great Tusk|1/100
|-unboost|p1a: Gholdengo|spa|1
|
|upkeep
|turn|10
|inactive|Playing Foul has 120 seconds left.
|
|t:|1769385780
|move|p2a: Great Tusk|Headlong Rush|p1a: Gholdengo
|-supereffective|p1a: Gholdengo
|-damage|p1a: Gholdengo|0 fnt
|-unboost|p2a: Great Tusk|def|1
|-unboost|p2a: Great Tusk|spd|1
|faint|p1a: Gholdengo
|
|upkeep
|
|t:|1769385787
|switch|p1a: Iron Valiant|Iron Valiant|100/100
|-damage|p1a: Iron Valiant|94/100|[from] Stealth Rock
|-enditem|p1a: Iron Valiant|Booster Energy
|-activate|p1a: Iron Valiant|ability: Quark Drive|[fromitem]
|-start|p1a: Iron Valiant|quarkdrivespa
|turn|11
|inactive|Playing Foul has 120 seconds left.
|
|t:|1769385802
|move|p1a: Iron Valiant|Moonblast|p2a: Great Tusk
|-supereffective|p2a: Great Tusk
|-damage|p2a: Great Tusk|0 fnt
|faint|p2a: Great Tusk
|-end|p2a: Great Tusk|Protosynthesis|[silent]
|
|upkeep
|inactive|Playing Foul has 120 seconds left.
|
|t:|1769385816
|switch|p2a: Gliscor|Gliscor, F|100/100
|turn|12
|inactive|Playing Foul has 120 seconds left.
|
|t:|1769385830
|move|p1a: Iron Valiant|Moonblast|p2a: Gliscor
|-crit|p2a: Gliscor
|-damage|p2a: Gliscor|9/100
|move|p2a: Gliscor|Earthquake|p1a: Iron Valiant
|-damage|p1a: Iron Valiant|53/100
|
|-status|p2a: Gliscor|tox|[from] item: Toxic Orb
|upkeep
|turn|13
|inactive|Playing Foul has 120 seconds left.
|
|t:|1769385844
|move|p2a: Gliscor|Protect|p2a: Gliscor
|-singleturn|p2a: Gliscor|Protect
|move|p1a: Iron Valiant|Shadow Ball|p2a: Gliscor
|-activate|p2a: Gliscor|move: Protect
|
|-heal|p2a: Gliscor|22/100 tox|[from] ability: Poison Heal
|upkeep
|turn|14
|inactive|Playing Foul has 120 seconds left.
|
|t:|1769385859
|move|p1a: Iron Valiant|Shadow Ball|p2a: Gliscor
|-damage|p2a: Gliscor|0 fnt
|faint|p2a: Gliscor
|
|upkeep
|
|t:|1769385872
|switch|p2a: Slowking|Slowking-Galar, F|100/100
|turn|15
|
|t:|1769385886
|-terastallize|p1a: Iron Valiant|Ghost
|-terastallize|p2a: Slowking|Water
|move|p1a: Iron Valiant|Shadow Ball|p2a: Slowking
|-damage|p2a: Slowking|69/100
|move|p2a: Slowking|Future Sight|p1a: Iron Valiant
|-start|p2a: Slowking|move: Future Sight
|
|upkeep
|turn|16
|
|t:|1769385899
|move|p1a: Iron Valiant|Calm Mind|p1a: Iron Valiant
|-boost|p1a: Iron Valiant|spa|1
|-boost|p1a: Iron Valiant|spd|1
|-prepare|p2a: Slowking|Chilly Reception|[premajor]
|move|p2a: Slowking|Chilly Reception|p2a: Slowking
|-weather|Snowscape
|
|t:|1769385913
|switch|p2a: Skarmory|Skarmory, F|100/100|[from] Chilly Reception
|
|-weather|Snowscape|[upkeep]
|upkeep
|turn|17
|
|t:|1769385926
|switch|p2a: Slowking|Slowking-Galar, F, tera:Water|100/100
|move|p1a: Iron Valiant|Shadow Ball|p2a: Slowking
|-damage|p2a: Slowking|48/100
|
|-weather|Snowscape|[upkeep]
|-end|p1a: Iron Valiant|move: Future Sight
|-damage|p1a: Iron Valiant|3/100
|upkeep
|turn|18
|
|t:|1769385939
|switch|p2a: Iron Valiant|Iron Valiant|100/100
|-activate|p2a: Iron Valiant|move: Sticky Web
|-unboost|p2a: Iron Valiant|spe|1
|move|p1a: Iron Valiant|Shadow Ball|p2a: Iron Valiant
|-damage|p2a: Iron Valiant|0 fnt
|faint|p2a: Iron Valiant
|-end|p2a: Iron Valiant|Quark Drive|[silent]
|
|-weather|Snowscape|[upkeep]
|upkeep
|
|t:|1769385952
|switch|p2a: Slowking|Slowking-Galar, F, tera:Water|81/100
|turn|19
|
|t:|1769385965
|move|p1a: Iron Valiant|Shadow Ball|p2a: Slowking
|-damage|p2a: Slowking|27/100
|-prepare|p2a: Slowking|Chilly Reception|[premajor]
|move|p2a: Slowking|Chilly Reception|p2a: Slowking
|
|t:|1769385978
|switch|p2a: Skarmory|Skarmory, F|100/100|[from] Chilly Reception
|
|-weather|Snowscape|[upkeep]
|upkeep
|turn|20
|
|t:|1769385991
|move|p1a: Iron Valiant|Shadow Ball|p2a: Skarmory
|-ability|p2a: Skarmory|Sturdy
|-damage|p2a: Skarmory|1/100
|-unboost|p2a: Skarmory|spd|1
|move|p2a: Skarmory|Whirlwind|p1a: Iron Valiant
|-end|p1a: Iron Valiant|Quark Drive|[silent]
|drag|p1a: Iron Moth|Iron Moth|100/100
|-damage|p1a: Iron Moth|76/100|[from] Stealth Rock
|-enditem|p1a: Iron Moth|Booster Energy
|-activate|p1a: Iron Moth|ability: Quark Drive|[fromitem]
|-start|p1a: Iron Moth|quarkdrivespa
|
|-weather|none
|upkeep
|turn|21
|
|t:|1769386004
|move|p1a: Iron Moth|Fiery Dance|p2a: Skarmory
|-supereffective|p2a: Skarmory
|-damage|p2a: Skarmory|0 fnt
|-boost|p1a: Iron Moth|spa|1
|faint|p2a: Skarmory
|
|upkeep
|inactive|Playing Foul has 90 seconds left.
|
|t:|1769386017
|switch|p2a: Slowking|Slowking-Galar, F, tera:Water|61/100
|turn|22
|inactive|Playing Foul has 90 seconds left.
|
|t:|1769386029
|move|p1a: Iron Moth|Energy Ball|p2a: Slowking
|-supereffective|p2a: Slowking
|-damage|p2a: Slowking|0 fnt
|faint|p2a: Slowking
|
|win|LetsgoBrandonJ
|raw|LetsgoBrandonJ's rating: 1738 &rarr; <strong>1755</strong><br />(+17 for winning)
|raw|Playing Foul's rating: 1690 &rarr; <strong>1673</strong><br />(-17 for losing)
|c|☆Playing Foul|gg
