|j|☆jazzbucket
|j|☆NismanFiscal
|t:|1769308057
|gametype|singles
|player|p1|jazzbucket|sabrina|1399
|player|p2|NismanFiscal|cynthia-gen7|1439
|gen|9
|tier|[Gen 9] OU
|rated|
|rule|HP Percentage Mod: HP is shown in percentages
|rule|Endless Battle Clause: Forcing endless battles is banned
|rule|Species Clause: Limit one of each Pokémon
|rule|OHKO Clause: OHKO moves are banned
|rule|Evasion Items Clause: Evasion items are banned
|rule|Evasion Moves Clause: Evasion moves are banned
|rule|Evasion Abilities Clause: Evasion abilities are banned
|rule|Sleep Moves Clause: Sleep-inducing moves are banned
|clearpoke
|poke|p1|Clefable, F|
|poke|p1|Great Tusk|
|poke|p1|Dragapult, F|
|poke|p1|Slowking-Galar, M|
|poke|p1|Corviknight, F|
|poke|p1|Samurott-Hisui, M|
|poke|p2|Carbink, L1|
|poke|p2|Braviary-Hisui, M|
|poke|p2|Ursaluna, M|
|poke|p2|Kingambit, F|
|poke|p2|Iron Hands|
|poke|p2|Hatterene, F|
|teampreview
|inactive|Battle timer is ON: inactive players will automatically lose when time's up. (requested by jazzbucket)
|
|t:|1769308086
|teamsize|p1|6
|teamsize|p2|6
|start
|switch|p1a: Samurott|Samurott-Hisui, M|100/100
|switch|p2a: Carbink|Carbink, L1|100/100
|turn|1
|
|t:|1769308092
|move|p1a: Samurott|Aqua Cutter|p2a: Carbink
|-supereffective|p2a: Carbink
|-ability|p2a: Carbink|Sturdy
|-damage|p2a: Carbink|9/100
|move|p2a: Carbink|Trick Room|p2a: Carbink
|-fieldstart|move: Trick Room|[of] p2a: Carbink
|
|-damage|p2a: Carbink|0 fnt|[from] item: Black Sludge
|faint|p2a: Carbink
|upkeep
|
|t:|1769308115
|switch|p2a: Ursaluna|Ursaluna, M|100/100
|turn|2
|
|t:|1769308120
|switch|p1a: Corviknight|Corviknight, F|100/100
|-ability|p1a: Corviknight|Pressure
|move|p2a: Ursaluna|Swords Dance|p2a: Ursaluna
|-boost|p2a: Ursaluna|atk|2
|
|-status|p2a: Ursaluna|brn|[from] item: Flame Orb
|upkeep
|turn|3
|
|t:|1769308141
|move|p2a: Ursaluna|Facade|p1a: Corviknight
|-resisted|p1a: Corviknight
|-damage|p1a: Corviknight|27/100
|-damage|p2a: Ursaluna|84/100 brn|[from] item: Rocky Helmet|[of] p1a: Corviknight
|move|p1a: Corviknight|Iron Defense|p1a: Corviknight
|-boost|p1a: Corviknight|def|2
|
|-damage|p2a: Ursaluna|78/100 brn|[from] brn
|upkeep
|turn|4
|
|t:|1769308149
|move|p2a: Ursaluna|Crunch|p1a: Corviknight
|-damage|p1a: Corviknight|0 fnt
|-damage|p2a: Ursaluna|61/100 brn|[from] item: Rocky Helmet|[of] p1a: Corviknight
|faint|p1a: Corviknight
|
|-damage|p2a: Ursaluna|55/100 brn|[from] brn
|upkeep
|
|t:|1769308163
|switch|p1a: Clefable|Clefable, F|100/100
|turn|5
|
|t:|1769308177
|switch|p1a: Samurott|Samurott-Hisui, M|100/100
|move|p2a: Ursaluna|Facade|p1a: Samurott
|-damage|p1a: Samurott|0 fnt
|faint|p1a: Samurott
|
|-damage|p2a: Ursaluna|49/100 brn|[from] brn
|-fieldend|move: Trick Room
|upkeep
|
|t:|1769308198
|switch|p1a: Great Tusk|Great Tusk|100/100
|turn|6
|
|t:|1769308205
|move|p1a: Great Tusk|Close Combat|p2a: Ursaluna
|-supereffective|p2a: Ursaluna
|-damage|p2a: Ursaluna|0 fnt
|-unboost|p1a: Great Tusk|def|1
|-unboost|p1a: Great Tusk|spd|1
|faint|p2a: Ursaluna
|
|upkeep
|
|t:|1769308231
|switch|p2a: Iron Hands|Iron Hands|100/100
|-enditem|p2a: Iron Hands|Booster Energy
|-activate|p2a: Iron Hands|ability: Quark Drive|[fromitem]
|-start|p2a: Iron Hands|quarkdriveatk
|turn|7
|
|t:|1769308238
|-end|p1a: Great Tusk|Protosynthesis|[silent]
|switch|p1a: Clefable|Clefable, F|100/100
|-terastallize|p2a: Iron Hands|Flying
|move|p2a: Iron Hands|Swords Dance|p2a: Iron Hands
|-boost|p2a: Iron Hands|atk|2
|
|upkeep
|turn|8
|
|t:|1769308245
|move|p1a: Clefable|Moonblast|p2a: Iron Hands
|-damage|p2a: Iron Hands|77/100
|move|p2a: Iron Hands|Thunder Punch|p1a: Clefable
|-damage|p1a: Clefable|11/100
|
|-heal|p1a: Clefable|18/100|[from] item: Leftovers
|upkeep
|turn|9
|
|t:|1769308252
|move|p1a: Clefable|Moonblast|p2a: Iron Hands
|-damage|p2a: Iron Hands|54/100
|move|p2a: Iron Hands|Drain Punch|p1a: Clefable
|-resisted|p1a: Clefable
|-damage|p1a: Clefable|0 fnt
|-heal|p2a: Iron Hands|61/100|[from] drain|[of] p1a: Clefable
|faint|p1a: Clefable
|
|upkeep
|
|t:|1769308263
|switch|p1a: Dragapult|Dragapult, F|100/100
|turn|10
|
|t:|1769308281
|move|p1a: Dragapult|Thunderbolt|p2a: Iron Hands
|-supereffective|p2a: Iron Hands
|-damage|p2a: Iron Hands|0 fnt
|faint|p2a: Iron Hands
|-end|p2a: Iron Hands|Quark Drive|[silent]
|
|upkeep
|
|t:|1769308289
|switch|p2a: Kingambit|Kingambit, F|100/100
|-activate|p2a: Kingambit|ability: Supreme Overlord
|-start|p2a: Kingambit|fallen3|[silent]
|turn|11
|
|t:|1769308306
|move|p1a: Dragapult|Thunderbolt|p2a: Kingambit
|-crit|p2a: Kingambit
|-damage|p2a: Kingambit|42/100
|move|p2a: Kingambit|Swords Dance|p2a: Kingambit
|-boost|p2a: Kingambit|atk|2
|
|upkeep
|turn|12
|
|t:|1769308313
|switch|p1a: Slowking|Slowking-Galar, M|100/100
|move|p2a: Kingambit|Sucker Punch||[still]
|-fail|p2a: Kingambit
|
|upkeep
|turn|13
|
|t:|1769308320
|move|p1a: Slowking|Flamethrower|p2a: Kingambit
|-supereffective|p2a: Kingambit
|-damage|p2a: Kingambit|0 fnt
|faint|p2a: Kingambit
|-end|p2a: Kingambit|fallen3|[silent]
|
|upkeep
|
|t:|1769308326
|switch|p2a: Hatterene|Hatterene, F|100/100
|turn|14
|
|t:|1769308336
|move|p1a: Slowking|Sludge Bomb|p2a: Hatterene
|-supereffective|p2a: Hatterene
|-damage|p2a: Hatterene|11/100
|move|p2a: Hatterene|Psychic Noise|p1a: Slowking
|-damage|p1a: Slowking|78/100
|-start|p1a: Slowking|move: Heal Block
|
|upkeep
|turn|15
|
|t:|1769308364
|switch|p2a: Braviary|Braviary-Hisui, M, shiny|100/100
|move|p1a: Slowking|Ice Beam|p2a: Braviary
|-supereffective|p2a: Braviary
|-damage|p2a: Braviary|40/100
|-status|p2a: Braviary|frz
|
|-end|p1a: Slowking|move: Heal Block
|upkeep
|turn|16
|
|t:|1769308373
|cant|p2a: Braviary|frz
|move|p1a: Slowking|Ice Beam|p2a: Braviary
|-supereffective|p2a: Braviary
|-damage|p2a: Braviary|0 fnt
|faint|p2a: Braviary
|
|upkeep
|-message|NismanFiscal forfeited.
|
|win|jazzbucket
|raw|jazzbucket's rating: 1399 &rarr; <strong>1421</strong><br />(+22 for winning)
|raw|NismanFiscal's rating: 1439 &rarr; <strong>1417</strong><br />(-22 for losing)
|l|☆NismanFiscal
|player|p2|
|l|☆jazzbucket
|player|p1|
