|j|☆Devrai
|j|☆capt.once
|t:|1769441768
|gametype|singles
|player|p1|Devrai|zinnia|1394
|player|p2|capt.once|clerkf|1417
|gen|9
|tier|[Gen 9] OU
|rated|
|rule|HP Percentage Mod: HP is shown in percentages
|rule|Endless Battle Clause: Forcing endless battles is banned
|rule|Species Clause: Limit one of each Pokémon
|rule|OHKO Clause: OHKO moves are banned
|rule|Evasion Items Clause: Evasion items are banned
|rule|Evasion Moves Clause: Evasion moves are banned
|rule|Evasion Abilities Clause: Evasion abilities are banned
|rule|Sleep Moves Clause: Sleep-inducing moves are banned
|clearpoke
|poke|p1|Araquanid, M|
|poke|p1|Iron Treads|
|poke|p1|Skeledirge, M|
|poke|p1|Serperior, F|
|poke|p1|Gardevoir, F|
|poke|p1|Raichu, F|
|poke|p2|Samurott-Hisui, F|
|poke|p2|Salamence, M|
|poke|p2|Abomasnow, M|
|poke|p2|Glimmora, F|
|poke|p2|Iron Valiant|
|poke|p2|Iron Hands|
|teampreview
|inactive|Battle timer is ON: inactive players will automatically lose when time's up. (requested by capt.once)
|
|t:|1769441781
|teamsize|p1|6
|teamsize|p2|6
|start
|switch|p1a: Bubble Buddy|Araquanid, M, shiny|100/100
|switch|p2a: Salamence|Salamence, M|100/100
|turn|1
|
|t:|1769441789
|move|p2a: Salamence|Dual Wingbeat|p1a: Bubble Buddy
|-supereffective|p1a: Bubble Buddy
|-damage|p1a: Bubble Buddy|70/100
|-supereffective|p1a: Bubble Buddy
|-damage|p1a: Bubble Buddy|36/100
|-hitcount|p1a: Bubble Buddy|2
|move|p1a: Bubble Buddy|Sticky Web|p2a: Salamence
|-sidestart|p2: capt.once|move: Sticky Web
|
|-heal|p1a: Bubble Buddy|42/100|[from] item: Leftovers
|upkeep
|turn|2
|
|t:|1769441799
|move|p2a: Salamence|Dual Wingbeat|p1a: Bubble Buddy
|-supereffective|p1a: Bubble Buddy
|-damage|p1a: Bubble Buddy|10/100
|-supereffective|p1a: Bubble Buddy
|-damage|p1a: Bubble Buddy|0 fnt
|faint|p1a: Bubble Buddy
|-ability|p2a: Salamence|Moxie|boost
|-boost|p2a: Salamence|atk|1
|-hitcount|p1: Bubble Buddy|2
|
|upkeep
|
|t:|1769441804
|switch|p1a: King Gator|Skeledirge, M, shiny|100/100
|turn|3
|
|t:|1769441822
|switch|p2a: Glimmora|Glimmora, F|100/100
|-activate|p2a: Glimmora|move: Sticky Web
|-unboost|p2a: Glimmora|spe|1
|move|p1a: King Gator|Will-O-Wisp|p2a: Glimmora
|-status|p2a: Glimmora|brn
|
|-damage|p2a: Glimmora|94/100 brn|[from] brn
|upkeep
|turn|4
|
|t:|1769441834
|switch|p1a: Treadmill|Iron Treads, shiny|100/100
|move|p2a: Glimmora|Power Gem|p1a: Treadmill
|-resisted|p1a: Treadmill
|-damage|p1a: Treadmill|88/100
|
|-heal|p2a: Glimmora|100/100 brn|[from] item: Black Sludge
|-damage|p2a: Glimmora|94/100 brn|[from] brn
|upkeep
|turn|5
|
|t:|1769441856
|switch|p2a: Salamence|Salamence, M|100/100
|move|p1a: Treadmill|Rapid Spin|p2a: Salamence
|-damage|p2a: Salamence|81/100
|-boost|p1a: Treadmill|spe|1
|
|upkeep
|turn|6
|
|t:|1769441867
|move|p1a: Treadmill|Stealth Rock|p2a: Salamence
|-sidestart|p2: capt.once|move: Stealth Rock
|move|p2a: Salamence|Temper Flare|p1a: Treadmill
|-supereffective|p1a: Treadmill
|-damage|p1a: Treadmill|43/100
|
|upkeep
|turn|7
|
|t:|1769441874
|-end|p1a: Treadmill|Quark Drive|[silent]
|switch|p1a: King Gator|Skeledirge, M, shiny|100/100
|move|p2a: Salamence|Temper Flare|p1a: King Gator
|-resisted|p1a: King Gator
|-damage|p1a: King Gator|90/100
|
|-heal|p1a: King Gator|96/100|[from] item: Leftovers
|upkeep
|turn|8
|
|t:|1769441883
|switch|p2a: Glimmora|Glimmora, F|94/100 brn
|-activate|p2a: Glimmora|move: Sticky Web
|-unboost|p2a: Glimmora|spe|1
|-damage|p2a: Glimmora|82/100 brn|[from] Stealth Rock
|move|p1a: King Gator|Will-O-Wisp|p2a: Glimmora|[miss]
|-miss|p1a: King Gator|p2a: Glimmora
|
|-heal|p2a: Glimmora|88/100 brn|[from] item: Black Sludge
|-heal|p1a: King Gator|100/100|[from] item: Leftovers
|-damage|p2a: Glimmora|82/100 brn|[from] brn
|upkeep
|turn|9
|
|t:|1769441896
|switch|p1a: Treadmill|Iron Treads, shiny|43/100
|move|p2a: Glimmora|Earth Power|p1a: Treadmill
|-supereffective|p1a: Treadmill
|-damage|p1a: Treadmill|0 fnt
|faint|p1a: Treadmill
|-end|p1a: Treadmill|Quark Drive|[silent]
|
|-heal|p2a: Glimmora|88/100 brn|[from] item: Black Sludge
|-damage|p2a: Glimmora|82/100 brn|[from] brn
|upkeep
|
|t:|1769441901
|switch|p1a: Astra|Gardevoir, F, shiny|100/100
|-ability|p1a: Astra|Toxic Debris|Trace|[from] ability: Trace|[of] p2a: Glimmora
|turn|10
|
|t:|1769441930
|switch|p2a: Abomasnow|Abomasnow, M|100/100
|-activate|p2a: Abomasnow|move: Sticky Web
|-unboost|p2a: Abomasnow|spe|1
|-damage|p2a: Abomasnow|76/100|[from] Stealth Rock
|-weather|Snowscape|[from] ability: Snow Warning|[of] p2a: Abomasnow
|move|p1a: Astra|Psyshock|p2a: Abomasnow
|-damage|p2a: Abomasnow|47/100
|
|-weather|Snowscape|[upkeep]
|upkeep
|turn|11
|
|t:|1769441942
|move|p1a: Astra|Calm Mind|p1a: Astra
|-boost|p1a: Astra|spa|1
|-boost|p1a: Astra|spd|1
|move|p2a: Abomasnow|Aurora Veil|p2a: Abomasnow
|-sidestart|p2: capt.once|move: Aurora Veil
|
|-weather|Snowscape|[upkeep]
|upkeep
|turn|12
|
|t:|1769441950
|move|p1a: Astra|Mystical Fire|p2a: Abomasnow
|-supereffective|p2a: Abomasnow
|-damage|p2a: Abomasnow|0 fnt
|faint|p2a: Abomasnow
|
|-weather|Snowscape|[upkeep]
|upkeep
|
|t:|1769441963
|switch|p2a: Samurott|Samurott-Hisui, F|100/100
|-activate|p2a: Samurott|move: Sticky Web
|-unboost|p2a: Samurott|spe|1
|-damage|p2a: Samurott|88/100|[from] Stealth Rock
|turn|13
|
|t:|1769441977
|-terastallize|p2a: Samurott|Water
|move|p2a: Samurott|Aqua Cutter|p1a: Astra
|-crit|p1a: Astra
|-damage|p1a: Astra|0 fnt
|-activate|p1a: Astra|ability: Toxic Debris
|-sidestart|p2: capt.once|move: Toxic Spikes
|faint|p1a: Astra
|
|-weather|Snowscape|[upkeep]
|upkeep
|
|t:|1769441994
|switch|p1a: Nagini|Serperior, F, shiny|100/100
|turn|14
|
|t:|1769442004
|switch|p2a: Salamence|Salamence, M|81/100
|-damage|p2a: Salamence|57/100|[from] Stealth Rock
|move|p1a: Nagini|Leaf Storm|p2a: Salamence
|-resisted|p2a: Salamence
|-damage|p2a: Salamence|49/100
|-boost|p1a: Nagini|spa|2
|
|-weather|none
|upkeep
|turn|15
|
|t:|1769442016
|switch|p1a: King Gator|Skeledirge, M, shiny|100/100
|move|p2a: Salamence|Dual Wingbeat|p1a: King Gator
|-damage|p1a: King Gator|84/100
|-damage|p1a: King Gator|65/100
|-hitcount|p1a: King Gator|2
|
|-heal|p1a: King Gator|71/100|[from] item: Leftovers
|upkeep
|turn|16
|
|t:|1769442028
|move|p2a: Salamence|Outrage|p1a: King Gator
|-damage|p1a: King Gator|17/100
|move|p1a: King Gator|Torch Song|p2a: Salamence
|-resisted|p2a: Salamence
|-damage|p2a: Salamence|40/100
|-boost|p1a: King Gator|spa|1
|
|-heal|p1a: King Gator|24/100|[from] item: Leftovers
|upkeep
|turn|17
|
|t:|1769442039
|switch|p1a: Ampere|Raichu, F|100/100
|move|p2a: Salamence|Outrage|p1a: Ampere|[from] lockedmove
|-crit|p1a: Ampere
|-damage|p1a: Ampere|0 fnt
|faint|p1a: Ampere
|-ability|p2a: Salamence|Moxie|boost
|-boost|p2a: Salamence|atk|1
|-start|p2a: Salamence|confusion|[fatigue]
|-enditem|p2a: Salamence|Lum Berry|[eat]
|-end|p2a: Salamence|confusion
|
|upkeep
|
|t:|1769442042
|switch|p1a: Nagini|Serperior, F, shiny|100/100
|turn|18
|
|t:|1769442055
|move|p1a: Nagini|Substitute|p1a: Nagini
|-start|p1a: Nagini|Substitute
|-damage|p1a: Nagini|75/100
|move|p2a: Salamence|Outrage|p1a: Nagini
|-end|p1a: Nagini|Substitute
|
|-heal|p1a: Nagini|82/100|[from] item: Leftovers
|-sideend|p2: capt.once|move: Aurora Veil
|upkeep
|turn|19
|
|t:|1769442065
|-terastallize|p1a: Nagini|Stellar
|move|p1a: Nagini|Tera Blast|p2a: Salamence|[anim] Tera Blast Stellar
|-damage|p2a: Salamence|4/100
|-boost|p1a: Nagini|atk|1
|-boost|p1a: Nagini|spa|1
|move|p2a: Salamence|Outrage|p1a: Nagini|[from] lockedmove
|-damage|p1a: Nagini|0 fnt
|faint|p1a: Nagini
|-ability|p2a: Salamence|Moxie|boost
|-boost|p2a: Salamence|atk|1
|-start|p2a: Salamence|confusion|[fatigue]
|
|upkeep
|-message|Devrai forfeited.
|
|win|capt.once
|raw|Devrai's rating: 1394 &rarr; <strong>1375</strong><br />(-19 for losing)
|raw|capt.once's rating: 1417 &rarr; <strong>1436</strong><br />(+19 for winning)
|l|☆Devrai
|player|p1|
|l|☆capt.once
|player|p2|
