|j|☆mrpopo3627
|j|☆my_fwends
|t:|1769302232
|gametype|singles
|player|p1|mrpopo3627|volkner|1035
|player|p2|my_fwends|266|1079
|gen|9
|tier|[Gen 9] OU
|rated|
|rule|HP Percentage Mod: HP is shown in percentages
|rule|Endless Battle Clause: Forcing endless battles is banned
|rule|Species Clause: Limit one of each Pokémon
|rule|OHKO Clause: OHKO moves are banned
|rule|Evasion Items Clause: Evasion items are banned
|rule|Evasion Moves Clause: Evasion moves are banned
|rule|Evasion Abilities Clause: Evasion abilities are banned
|rule|Sleep Moves Clause: Sleep-inducing moves are banned
|clearpoke
|poke|p1|Armarouge, M|
|poke|p1|Gastrodon, M|
|poke|p1|Cresselia, F|
|poke|p1|Dragapult, M|
|poke|p1|Goodra-Hisui, M|
|poke|p1|Gallade, M|
|poke|p2|Brambleghast, M|
|poke|p2|Goodra-Hisui, M|
|poke|p2|Blastoise, M|
|poke|p2|Garganacl, F|
|poke|p2|Braviary-Hisui, M|
|poke|p2|Infernape, M|
|teampreview
|inactive|Battle timer is ON: inactive players will automatically lose when time's up. (requested by my_fwends)
|
|t:|1769302243
|teamsize|p1|6
|teamsize|p2|6
|start
|switch|p1a: Gastrodon|Gastrodon, M, shiny|100/100
|switch|p2a: Garganacl|Garganacl, F|100/100
|turn|1
|inactive|my_fwends has 120 seconds left.
|
|t:|1769302277
|move|p1a: Gastrodon|Stealth Rock|p2a: Garganacl
|-sidestart|p2: my_fwends|move: Stealth Rock
|move|p2a: Garganacl|Salt Cure|p1a: Gastrodon
|-resisted|p1a: Gastrodon
|-damage|p1a: Gastrodon|94/100
|-start|p1a: Gastrodon|Salt Cure
|
|-heal|p1a: Gastrodon|99/100|[from] item: Leftovers
|-damage|p1a: Gastrodon|75/100|[from] Salt Cure
|upkeep
|turn|2
|inactive|my_fwends has 120 seconds left.
|
|t:|1769302288
|switch|p2a: Brambleghast|Brambleghast, M|100/100
|move|p1a: Gastrodon|Spikes|p2a: Brambleghast
|-sidestart|p2: my_fwends|Spikes
|
|-heal|p1a: Gastrodon|81/100|[from] item: Leftovers
|-damage|p1a: Gastrodon|57/100|[from] Salt Cure
|upkeep
|turn|3
|
|t:|1769302297
|switch|p1a: Goodra|Goodra-Hisui, M, shiny|100/100
|move|p2a: Brambleghast|Seed Bomb|p1a: Goodra
|-ability|p1a: Goodra|Sap Sipper|boost
|-boost|p1a: Goodra|atk|1
|
|upkeep
|turn|4
|
|t:|1769302304
|move|p2a: Brambleghast|Rapid Spin|p1a: Goodra
|-resisted|p1a: Goodra
|-damage|p1a: Goodra|93/100
|-boost|p2a: Brambleghast|spe|1
|-sideend|p2: my_fwends|Spikes|[from] move: Rapid Spin|[of] p2a: Brambleghast
|-sideend|p2: my_fwends|Stealth Rock|[from] move: Rapid Spin|[of] p2a: Brambleghast
|move|p1a: Goodra|Dragon Tail|p2a: Brambleghast
|-damage|p2a: Brambleghast|24/100
|drag|p2a: Garganacl|Garganacl, F|100/100
|
|upkeep
|turn|5
|
|t:|1769302314
|move|p2a: Garganacl|Salt Cure|p1a: Goodra
|-resisted|p1a: Goodra
|-damage|p1a: Goodra|87/100
|-start|p1a: Goodra|Salt Cure
|move|p1a: Goodra|Dragon Tail|p2a: Garganacl
|-damage|p2a: Garganacl|79/100
|drag|p2a: Brambleghast|Brambleghast, M|24/100
|
|-damage|p1a: Goodra|62/100|[from] Salt Cure
|upkeep
|turn|6
|
|t:|1769302324
|move|p2a: Brambleghast|Strength Sap|p1a: Goodra
|-ability|p1a: Goodra|Sap Sipper|boost
|-boost|p1a: Goodra|atk|1
|move|p1a: Goodra|Dragon Tail|p2a: Brambleghast|[miss]
|-miss|p1a: Goodra|p2a: Brambleghast
|
|-damage|p1a: Goodra|37/100|[from] Salt Cure
|upkeep
|turn|7
|
|t:|1769302338
|switch|p2a: Blastoise|Blastoise, M|100/100
|move|p1a: Goodra|Knock Off|p2a: Blastoise
|-damage|p2a: Blastoise|31/100
|-enditem|p2a: Blastoise|White Herb|[from] move: Knock Off|[of] p1a: Goodra
|
|-damage|p1a: Goodra|12/100|[from] Salt Cure
|upkeep
|turn|8
|
|t:|1769302349
|switch|p1a: Gastrodon|Gastrodon, M, shiny|57/100
|move|p2a: Blastoise|Ice Beam|p1a: Gastrodon
|-damage|p1a: Gastrodon|31/100
|
|-heal|p1a: Gastrodon|37/100|[from] item: Leftovers
|upkeep
|turn|9
|
|t:|1769302365
|switch|p2a: Braviary|Braviary-Hisui, M, shiny|100/100
|move|p1a: Gastrodon|Earth Power|p2a: Braviary
|-immune|p2a: Braviary
|
|-heal|p1a: Gastrodon|43/100|[from] item: Leftovers
|upkeep
|turn|10
|
|t:|1769302373
|move|p2a: Braviary|Esper Wing|p1a: Gastrodon
|-damage|p1a: Gastrodon|13/100
|-boost|p2a: Braviary|spe|1
|move|p1a: Gastrodon|Stealth Rock|p2a: Braviary
|-sidestart|p2: my_fwends|move: Stealth Rock
|
|-heal|p1a: Gastrodon|19/100|[from] item: Leftovers
|upkeep
|turn|11
|
|t:|1769302389
|move|p2a: Braviary|Esper Wing|p1a: Gastrodon
|-damage|p1a: Gastrodon|0 fnt
|-boost|p2a: Braviary|spe|1
|faint|p1a: Gastrodon
|
|upkeep
|
|t:|1769302408
|switch|p1a: Cresselia|Cresselia, F, shiny|100/100
|turn|12
|
|t:|1769302427
|move|p2a: Braviary|Heat Wave|p1a: Cresselia
|-damage|p1a: Cresselia|84/100
|move|p1a: Cresselia|Calm Mind|p1a: Cresselia
|-boost|p1a: Cresselia|spa|1
|-boost|p1a: Cresselia|spd|1
|
|-heal|p1a: Cresselia|91/100|[from] item: Leftovers
|upkeep
|turn|13
|
|t:|1769302437
|move|p2a: Braviary|U-turn|p1a: Cresselia
|-supereffective|p1a: Cresselia
|-damage|p1a: Cresselia|72/100
|
|t:|1769302441
|switch|p2a: Goodra|Goodra-Hisui, M|100/100|[from] U-turn
|-damage|p2a: Goodra|94/100|[from] Stealth Rock
|move|p1a: Cresselia|Calm Mind|p1a: Cresselia
|-boost|p1a: Cresselia|spa|1
|-boost|p1a: Cresselia|spd|1
|
|-heal|p1a: Cresselia|78/100|[from] item: Leftovers
|upkeep
|turn|14
|inactive|mrpopo3627 has 120 seconds left.
|
|t:|1769302471
|move|p1a: Cresselia|Moonblast|p2a: Goodra
|-damage|p2a: Goodra|60/100
|-unboost|p2a: Goodra|spa|1
|move|p2a: Goodra|Sludge Bomb|p1a: Cresselia
|-damage|p1a: Cresselia|70/100
|
|-heal|p1a: Cresselia|76/100|[from] item: Leftovers
|upkeep
|turn|15
|
|t:|1769302482
|move|p1a: Cresselia|Moonblast|p2a: Goodra
|-damage|p2a: Goodra|29/100
|move|p2a: Goodra|Sludge Bomb|p1a: Cresselia
|-damage|p1a: Cresselia|68/100
|
|-heal|p1a: Cresselia|74/100|[from] item: Leftovers
|upkeep
|turn|16
|
|t:|1769302489
|move|p1a: Cresselia|Moonblast|p2a: Goodra
|-damage|p2a: Goodra|0 fnt
|faint|p2a: Goodra
|
|-heal|p1a: Cresselia|80/100|[from] item: Leftovers
|upkeep
|
|t:|1769302497
|switch|p2a: Brambleghast|Brambleghast, M|24/100
|turn|17
|
|t:|1769302503
|move|p2a: Brambleghast|Poltergeist|p1a: Cresselia
|-activate|p1a: Cresselia|move: Poltergeist|Leftovers
|-supereffective|p1a: Cresselia
|-damage|p1a: Cresselia|6/100
|move|p1a: Cresselia|Moonblast|p2a: Brambleghast
|-damage|p2a: Brambleghast|0 fnt
|faint|p2a: Brambleghast
|
|-heal|p1a: Cresselia|12/100|[from] item: Leftovers
|upkeep
|
|t:|1769302514
|switch|p2a: Infernape|Infernape, M|100/100
|-damage|p2a: Infernape|88/100|[from] Stealth Rock
|turn|18
|
|t:|1769302521
|switch|p1a: Armarouge|Armarouge, M, shiny|100/100
|move|p2a: Infernape|Fake Out|p1a: Armarouge
|-damage|p1a: Armarouge|90/100
|
|-heal|p1a: Armarouge|97/100|[from] item: Leftovers
|upkeep
|turn|19
|
|t:|1769302530
|switch|p2a: Garganacl|Garganacl, F|79/100
|-damage|p2a: Garganacl|66/100|[from] Stealth Rock
|move|p1a: Armarouge|Scorching Sands|p2a: Garganacl
|-supereffective|p2a: Garganacl
|-damage|p2a: Garganacl|23/100
|
|-heal|p1a: Armarouge|100/100|[from] item: Leftovers
|-heal|p2a: Garganacl|29/100|[from] item: Leftovers
|upkeep
|turn|20
|inactive|my_fwends has 120 seconds left.
|
|t:|1769302563
|move|p1a: Armarouge|Scorching Sands|p2a: Garganacl
|-supereffective|p2a: Garganacl
|-damage|p2a: Garganacl|0 fnt
|faint|p2a: Garganacl
|
|upkeep
|inactive|my_fwends has 120 seconds left.
|
|t:|1769302572
|switch|p2a: Braviary|Braviary-Hisui, M, shiny|100/100
|-damage|p2a: Braviary|76/100|[from] Stealth Rock
|turn|21
|inactive|my_fwends has 120 seconds left.
|
|t:|1769302596
|move|p1a: Armarouge|Calm Mind|p1a: Armarouge
|-boost|p1a: Armarouge|spa|1
|-boost|p1a: Armarouge|spd|1
|move|p2a: Braviary|Roost|p2a: Braviary
|-heal|p2a: Braviary|100/100
|-singleturn|p2a: Braviary|move: Roost
|
|upkeep
|turn|22
|
|t:|1769302602
|move|p1a: Armarouge|Calm Mind|p1a: Armarouge
|-boost|p1a: Armarouge|spa|1
|-boost|p1a: Armarouge|spd|1
|move|p2a: Braviary|Esper Wing|p1a: Armarouge
|-resisted|p1a: Armarouge
|-damage|p1a: Armarouge|86/100
|-boost|p2a: Braviary|spe|1
|
|-heal|p1a: Armarouge|93/100|[from] item: Leftovers
|upkeep
|turn|23
|inactive|my_fwends has 120 seconds left.
|
|t:|1769302612
|move|p2a: Braviary|U-turn|p1a: Armarouge
|-damage|p1a: Armarouge|80/100
|
|t:|1769302616
|switch|p2a: Infernape|Infernape, M|88/100|[from] U-turn
|-damage|p2a: Infernape|76/100|[from] Stealth Rock
|move|p1a: Armarouge|Calm Mind|p1a: Armarouge
|-boost|p1a: Armarouge|spa|1
|-boost|p1a: Armarouge|spd|1
|
|-heal|p1a: Armarouge|87/100|[from] item: Leftovers
|upkeep
|turn|24
|
|t:|1769302625
|move|p2a: Infernape|Fake Out|p1a: Armarouge
|-damage|p1a: Armarouge|76/100
|cant|p1a: Armarouge|flinch
|
|-heal|p1a: Armarouge|82/100|[from] item: Leftovers
|upkeep
|turn|25
|
|t:|1769302631
|move|p2a: Infernape|Mach Punch|p1a: Armarouge
|-resisted|p1a: Armarouge
|-damage|p1a: Armarouge|73/100
|move|p1a: Armarouge|Scorching Sands|p2a: Infernape
|-supereffective|p2a: Infernape
|-damage|p2a: Infernape|0 fnt
|faint|p2a: Infernape
|
|-heal|p1a: Armarouge|79/100|[from] item: Leftovers
|upkeep
|
|t:|1769302640
|switch|p2a: Blastoise|Blastoise, M|31/100
|-damage|p2a: Blastoise|18/100|[from] Stealth Rock
|turn|26
|
|t:|1769302656
|move|p2a: Blastoise|Surf|p1a: Armarouge
|-supereffective|p1a: Armarouge
|-damage|p1a: Armarouge|37/100
|move|p1a: Armarouge|Energy Ball|p2a: Blastoise
|-supereffective|p2a: Blastoise
|-damage|p2a: Blastoise|0 fnt
|faint|p2a: Blastoise
|
|-heal|p1a: Armarouge|43/100|[from] item: Leftovers
|upkeep
|
|t:|1769302670
|switch|p2a: Braviary|Braviary-Hisui, M, shiny|100/100
|-damage|p2a: Braviary|76/100|[from] Stealth Rock
|turn|27
|
|t:|1769302675
|move|p1a: Armarouge|Flamethrower|p2a: Braviary
|-damage|p2a: Braviary|0 fnt
|faint|p2a: Braviary
|
|win|mrpopo3627
|raw|mrpopo3627's rating: 1035 &rarr; <strong>1074</strong><br />(+39 for winning)
|raw|my_fwends's rating: 1079 &rarr; <strong>1054</strong><br />(-25 for losing)
|l|☆my_fwends
|player|p2|
