|j|☆igoontoskyla
|j|☆Olive 40
|t:|1769446891
|gametype|singles
|player|p1|igoontoskyla|skyla-masters|1129
|player|p2|Olive 40|rosa|1089
|gen|9
|tier|[Gen 9] OU
|rated|
|rule|HP Percentage Mod: HP is shown in percentages
|rule|Endless Battle Clause: Forcing endless battles is banned
|rule|Species Clause: Limit one of each Pokémon
|rule|OHKO Clause: OHKO moves are banned
|rule|Evasion Items Clause: Evasion items are banned
|rule|Evasion Moves Clause: Evasion moves are banned
|rule|Evasion Abilities Clause: Evasion abilities are banned
|rule|Sleep Moves Clause: Sleep-inducing moves are banned
|clearpoke
|poke|p1|Hatterene, F|
|poke|p1|Rillaboom, F|
|poke|p1|Serperior, M|
|poke|p1|Ceruledge, M|
|poke|p1|Great Tusk|
|poke|p1|Ogerpon-Wellspring, F|
|poke|p2|Rotom-Mow|
|poke|p2|Salazzle, F|
|poke|p2|Necrozma|
|poke|p2|Slowbro, M|
|poke|p2|Haunter, M|
|poke|p2|Great Tusk|
|teampreview
|inactive|Battle timer is ON: inactive players will automatically lose when time's up. (requested by Olive 40)
|inactive|igoontoskyla also wants the timer to be on.
|
|t:|1769446900
|teamsize|p1|6
|teamsize|p2|6
|start
|switch|p1a: Rillaboom|Rillaboom, F|100/100
|switch|p2a: Rotom|Rotom-Mow|100/100
|-fieldstart|move: Grassy Terrain|[from] ability: Grassy Surge|[of] p1a: Rillaboom
|turn|1
|
|t:|1769446909
|move|p2a: Rotom|Will-O-Wisp|p1a: Rillaboom
|-status|p1a: Rillaboom|brn
|move|p1a: Rillaboom|U-turn|p2a: Rotom
|-supereffective|p2a: Rotom
|-damage|p2a: Rotom|67/100
|-enditem|p2a: Rotom|Red Card|[of] p1a: Rillaboom
|drag|p1a: Ceruledge|Ceruledge, M|100/100
|-enditem|p1a: Ceruledge|Grassy Seed
|-boost|p1a: Ceruledge|def|1|[from] item: Grassy Seed
|
|upkeep
|turn|2
|
|t:|1769446923
|move|p2a: Rotom|Volt Switch|p1a: Ceruledge
|-damage|p1a: Ceruledge|75/100
|
|t:|1769446930
|switch|p2a: Salazzle|Salazzle, F|100/100|[from] Volt Switch
|-item|p2a: Salazzle|Air Balloon
|move|p1a: Ceruledge|Bulk Up|p1a: Ceruledge
|-boost|p1a: Ceruledge|atk|1
|-boost|p1a: Ceruledge|def|1
|
|-heal|p1a: Ceruledge|81/100|[from] Grassy Terrain
|upkeep
|turn|3
|
|t:|1769446941
|move|p2a: Salazzle|Toxic|p1a: Ceruledge
|-status|p1a: Ceruledge|tox
|move|p1a: Ceruledge|Bitter Blade|p2a: Salazzle
|-resisted|p2a: Salazzle
|-damage|p2a: Salazzle|50/100
|-heal|p1a: Ceruledge|100/100 tox|[from] drain|[of] p2a: Salazzle
|-enditem|p2a: Salazzle|Air Balloon
|
|-heal|p2a: Salazzle|56/100|[from] Grassy Terrain
|-damage|p1a: Ceruledge|94/100 tox|[from] psn
|upkeep
|turn|4
|
|t:|1769446958
|switch|p2a: Slowbro|Slowbro, M, shiny|100/100
|move|p1a: Ceruledge|Bulk Up|p1a: Ceruledge
|-boost|p1a: Ceruledge|atk|1
|-boost|p1a: Ceruledge|def|1
|
|-heal|p1a: Ceruledge|100/100 tox|[from] Grassy Terrain
|-damage|p1a: Ceruledge|88/100 tox|[from] psn
|upkeep
|turn|5
|
|t:|1769446972
|move|p1a: Ceruledge|Shadow Sneak|p2a: Slowbro
|-supereffective|p2a: Slowbro
|-damage|p2a: Slowbro|47/100
|-damage|p1a: Ceruledge|71/100 tox|[from] item: Rocky Helmet|[of] p2a: Slowbro
|move|p2a: Slowbro|Scald|p1a: Ceruledge
|-supereffective|p1a: Ceruledge
|-damage|p1a: Ceruledge|19/100 tox
|
|-heal|p1a: Ceruledge|25/100 tox|[from] Grassy Terrain
|-heal|p2a: Slowbro|53/100|[from] Grassy Terrain
|-damage|p1a: Ceruledge|6/100 tox|[from] psn
|upkeep
|turn|6
|
|t:|1769446993
|move|p1a: Ceruledge|Bitter Blade|p2a: Slowbro
|-resisted|p2a: Slowbro
|-damage|p2a: Slowbro|21/100
|-heal|p1a: Ceruledge|25/100 tox|[from] drain|[of] p2a: Slowbro
|-damage|p1a: Ceruledge|8/100 tox|[from] item: Rocky Helmet|[of] p2a: Slowbro
|move|p2a: Slowbro|Scald|p1a: Ceruledge
|-supereffective|p1a: Ceruledge
|-crit|p1a: Ceruledge
|-damage|p1a: Ceruledge|0 fnt
|faint|p1a: Ceruledge
|
|-heal|p2a: Slowbro|27/100|[from] Grassy Terrain
|upkeep
|
|t:|1769447006
|switch|p1a: Serperior|Serperior, M|100/100
|turn|7
|
|t:|1769447013
|switch|p2a: Salazzle|Salazzle, F|56/100
|move|p1a: Serperior|Leaf Storm|p2a: Salazzle
|-resisted|p2a: Salazzle
|-damage|p2a: Salazzle|29/100
|-boost|p1a: Serperior|spa|2
|
|-heal|p2a: Salazzle|35/100|[from] Grassy Terrain
|upkeep
|turn|8
|
|t:|1769447027
|switch|p1a: Rillaboom|Rillaboom, F|100/100 brn
|move|p2a: Salazzle|Overheat|p1a: Rillaboom
|-supereffective|p1a: Rillaboom
|-damage|p1a: Rillaboom|0 fnt
|-unboost|p2a: Salazzle|spa|2
|faint|p1a: Rillaboom
|
|-heal|p2a: Salazzle|41/100|[from] Grassy Terrain
|-fieldend|move: Grassy Terrain
|upkeep
|
|t:|1769447043
|switch|p1a: Hatterene|Hatterene, F|100/100
|turn|9
|
|t:|1769447054
|switch|p2a: Necrozma|Necrozma, shiny|100/100
|move|p1a: Hatterene|Calm Mind|p1a: Hatterene
|-boost|p1a: Hatterene|spa|1
|-boost|p1a: Hatterene|spd|1
|
|upkeep
|turn|10
|
|t:|1769447069
|move|p2a: Necrozma|Meteor Beam||[still]
|-prepare|p2a: Necrozma|Meteor Beam
|-boost|p2a: Necrozma|spa|1
|-enditem|p2a: Necrozma|Power Herb
|-anim|p2a: Necrozma|Meteor Beam|p1a: Hatterene|[miss]
|-miss|p2a: Necrozma|p1a: Hatterene
|move|p1a: Hatterene|Calm Mind|p1a: Hatterene
|-boost|p1a: Hatterene|spa|1
|-boost|p1a: Hatterene|spd|1
|
|upkeep
|turn|11
|
|t:|1769447079
|move|p2a: Necrozma|Flash Cannon|p1a: Hatterene
|-supereffective|p1a: Hatterene
|-damage|p1a: Hatterene|54/100
|move|p1a: Hatterene|Agility|p1a: Hatterene
|-boost|p1a: Hatterene|spe|2
|
|upkeep
|turn|12
|
|t:|1769447087
|-terastallize|p1a: Hatterene|Water
|move|p1a: Hatterene|Calm Mind|p1a: Hatterene
|-boost|p1a: Hatterene|spa|1
|-boost|p1a: Hatterene|spd|1
|move|p2a: Necrozma|Flash Cannon|p1a: Hatterene
|-resisted|p1a: Hatterene
|-damage|p1a: Hatterene|45/100
|
|upkeep
|turn|13
|
|t:|1769447096
|move|p1a: Hatterene|Draining Kiss|p2a: Necrozma
|-crit|p2a: Necrozma
|-damage|p2a: Necrozma|15/100
|-heal|p1a: Hatterene|100/100|[from] drain|[of] p2a: Necrozma
|move|p2a: Necrozma|Charge Beam|p1a: Hatterene
|-supereffective|p1a: Hatterene
|-damage|p1a: Hatterene|77/100
|-boost|p2a: Necrozma|spa|1
|
|upkeep
|turn|14
|
|t:|1769447105
|move|p1a: Hatterene|Agility|p1a: Hatterene
|-boost|p1a: Hatterene|spe|2
|move|p2a: Necrozma|Charge Beam|p1a: Hatterene
|-supereffective|p1a: Hatterene
|-damage|p1a: Hatterene|44/100
|-boost|p2a: Necrozma|spa|1
|
|upkeep
|turn|15
|
|t:|1769447113
|move|p1a: Hatterene|Draining Kiss|p2a: Necrozma
|-damage|p2a: Necrozma|0 fnt
|-heal|p1a: Hatterene|58/100|[from] drain|[of] p2a: Necrozma
|faint|p2a: Necrozma
|
|upkeep
|
|t:|1769447119
|switch|p2a: Rotom|Rotom-Mow|67/100
|turn|16
|
|t:|1769447125
|move|p1a: Hatterene|Draining Kiss|p2a: Rotom
|-damage|p2a: Rotom|0 fnt
|-heal|p1a: Hatterene|95/100|[from] drain|[of] p2a: Rotom
|faint|p2a: Rotom
|
|upkeep
|
|t:|1769447134
|switch|p2a: Salazzle|Salazzle, F|41/100
|turn|17
|
|t:|1769447137
|move|p2a: Salazzle|Toxic|p1a: Hatterene
|move|p1a: Hatterene|Toxic|p2a: Salazzle|[from] ability: Magic Bounce
|-immune|p2a: Salazzle
|move|p1a: Hatterene|Psychic Noise|p2a: Salazzle
|-supereffective|p2a: Salazzle
|-damage|p2a: Salazzle|0 fnt
|faint|p2a: Salazzle
|
|upkeep
|
|t:|1769447150
|switch|p2a: Haunter|Haunter, M, shiny|100/100
|turn|18
|
|t:|1769447155
|move|p1a: Hatterene|Psychic Noise|p2a: Haunter
|-supereffective|p2a: Haunter
|-damage|p2a: Haunter|0 fnt
|faint|p2a: Haunter
|
|upkeep
|
|t:|1769447161
|switch|p2a: Slowbro|Slowbro, M, shiny|60/100
|turn|19
|
|t:|1769447169
|-terastallize|p2a: Slowbro|Fire
|move|p1a: Hatterene|Draining Kiss|p2a: Slowbro
|-resisted|p2a: Slowbro
|-damage|p2a: Slowbro|32/100
|-heal|p1a: Hatterene|100/100|[from] drain|[of] p2a: Slowbro
|-damage|p1a: Hatterene|84/100|[from] item: Rocky Helmet|[of] p2a: Slowbro
|move|p2a: Slowbro|Psyshock|p1a: Hatterene
|-damage|p1a: Hatterene|50/100
|
|upkeep
|turn|20
|
|t:|1769447180
|move|p1a: Hatterene|Psychic Noise|p2a: Slowbro
|-damage|p2a: Slowbro|0 fnt
|faint|p2a: Slowbro
|
|upkeep
|
|t:|1769447185
|switch|p2a: Great Tusk|Great Tusk|100/100
|turn|21
|
|t:|1769447193
|move|p1a: Hatterene|Draining Kiss|p2a: Great Tusk
|-supereffective|p2a: Great Tusk
|-damage|p2a: Great Tusk|0 fnt
|-heal|p1a: Hatterene|100/100|[from] drain|[of] p2a: Great Tusk
|faint|p2a: Great Tusk
|-end|p2a: Great Tusk|Protosynthesis|[silent]
|
|win|igoontoskyla
|raw|igoontoskyla's rating: 1129 &rarr; <strong>1151</strong><br />(+22 for winning)
|raw|Olive 40's rating: 1089 &rarr; <strong>1068</strong><br />(-21 for losing)
|l|☆igoontoskyla
|player|p1|
|l|☆Olive 40
|player|p2|
