|j|☆1337muffin1337
|j|☆Drakeero
|t:|1769422225
|gametype|singles
|player|p1|1337muffin1337|misty|1189
|player|p2|Drakeero|2|1212
|gen|9
|tier|[Gen 9] OU
|rated|
|rule|HP Percentage Mod: HP is shown in percentages
|rule|Endless Battle Clause: Forcing endless battles is banned
|rule|Species Clause: Limit one of each Pokémon
|rule|OHKO Clause: OHKO moves are banned
|rule|Evasion Items Clause: Evasion items are banned
|rule|Evasion Moves Clause: Evasion moves are banned
|rule|Evasion Abilities Clause: Evasion abilities are banned
|rule|Sleep Moves Clause: Sleep-inducing moves are banned
|clearpoke
|poke|p1|Volcanion|
|poke|p1|Lapras, F|
|poke|p1|Azelf|
|poke|p1|Darkrai|
|poke|p1|Iron Treads|
|poke|p1|Conkeldurr, M|
|poke|p2|Deoxys-Speed|
|poke|p2|Slowking-Galar, F|
|poke|p2|Talonflame, M|
|poke|p2|Dondozo, M|
|poke|p2|Scream Tail|
|poke|p2|Conkeldurr, F|
|teampreview
|
|t:|1769422249
|teamsize|p1|6
|teamsize|p2|6
|start
|switch|p1a: Azelf|Azelf, shiny|100/100
|switch|p2a: Conkeldurr|Conkeldurr, F|100/100
|turn|1
|inactive|Battle timer is ON: inactive players will automatically lose when time's up. (requested by 1337muffin1337)
|
|t:|1769422256
|move|p1a: Azelf|Nasty Plot|p1a: Azelf
|-boost|p1a: Azelf|spa|2
|move|p2a: Conkeldurr|Knock Off|p1a: Azelf
|-supereffective|p1a: Azelf
|-damage|p1a: Azelf|0 fnt
|-enditem|p1a: Azelf|Expert Belt|[from] move: Knock Off|[of] p2a: Conkeldurr
|faint|p1a: Azelf
|
|-status|p2a: Conkeldurr|brn|[from] item: Flame Orb
|upkeep
|
|t:|1769422266
|switch|p1a: Lapras|Lapras, F, shiny|100/100
|turn|2
|
|t:|1769422270
|move|p1a: Lapras|Alluring Voice|p2a: Conkeldurr
|-supereffective|p2a: Conkeldurr
|-damage|p2a: Conkeldurr|48/100 brn
|move|p2a: Conkeldurr|Close Combat|p1a: Lapras
|-supereffective|p1a: Lapras
|-damage|p1a: Lapras|0 fnt
|-unboost|p2a: Conkeldurr|def|1
|-unboost|p2a: Conkeldurr|spd|1
|faint|p1a: Lapras
|
|-damage|p2a: Conkeldurr|42/100 brn|[from] brn
|upkeep
|
|t:|1769422279
|switch|p1a: Iron Treads|Iron Treads|100/100
|-enditem|p1a: Iron Treads|Booster Energy
|-activate|p1a: Iron Treads|ability: Quark Drive|[fromitem]
|-start|p1a: Iron Treads|quarkdrivespe
|turn|3
|
|t:|1769422289
|switch|p2a: Dondozo|Dondozo, M|100/100
|move|p1a: Iron Treads|Supercell Slam|p2a: Dondozo|[miss]
|-miss|p1a: Iron Treads|p2a: Dondozo
|-damage|p1a: Iron Treads|51/100|[from] supercellslam
|
|upkeep
|turn|4
|
|t:|1769422300
|-terastallize|p2a: Dondozo|Grass
|move|p1a: Iron Treads|Supercell Slam|p2a: Dondozo
|-resisted|p2a: Dondozo
|-damage|p2a: Dondozo|93/100
|move|p2a: Dondozo|Wave Crash|p1a: Iron Treads
|-supereffective|p1a: Iron Treads
|-damage|p1a: Iron Treads|0 fnt
|faint|p1a: Iron Treads
|-end|p1a: Iron Treads|Quark Drive|[silent]
|-damage|p2a: Dondozo|81/100|[from] Recoil
|
|-heal|p2a: Dondozo|87/100|[from] item: Leftovers
|upkeep
|
|t:|1769422311
|switch|p1a: Volcanion|Volcanion|100/100
|turn|5
|
|t:|1769422328
|switch|p2a: Slowking|Slowking-Galar, F|100/100
|move|p1a: Volcanion|Flamethrower|p2a: Slowking
|-damage|p2a: Slowking|72/100
|
|-heal|p2a: Slowking|78/100|[from] item: Leftovers
|upkeep
|turn|6
|
|t:|1769422336
|move|p1a: Volcanion|Scorching Sands|p2a: Slowking
|-supereffective|p2a: Slowking
|-damage|p2a: Slowking|44/100
|-status|p2a: Slowking|brn
|move|p2a: Slowking|Toxic|p1a: Volcanion
|-status|p1a: Volcanion|tox
|
|-heal|p2a: Slowking|50/100 brn|[from] item: Leftovers
|-damage|p1a: Volcanion|94/100 tox|[from] psn
|-damage|p2a: Slowking|44/100 brn|[from] brn
|upkeep
|turn|7
|
|t:|1769422346
|move|p1a: Volcanion|Scorching Sands|p2a: Slowking
|-supereffective|p2a: Slowking
|-crit|p2a: Slowking
|-damage|p2a: Slowking|0 fnt
|faint|p2a: Slowking
|
|-damage|p1a: Volcanion|82/100 tox|[from] psn
|upkeep
|
|t:|1769422353
|switch|p2a: Scream Tail|Scream Tail|100/100
|turn|8
|
|t:|1769422360
|move|p2a: Scream Tail|Wish|p2a: Scream Tail
|move|p1a: Volcanion|Steam Eruption|p2a: Scream Tail
|-damage|p2a: Scream Tail|61/100
|
|-damage|p1a: Volcanion|64/100 tox|[from] psn
|upkeep
|turn|9
|
|t:|1769422367
|move|p2a: Scream Tail|Psychic Noise|p1a: Volcanion
|-damage|p1a: Volcanion|46/100 tox
|-start|p1a: Volcanion|move: Heal Block
|move|p1a: Volcanion|Steam Eruption|p2a: Scream Tail
|-damage|p2a: Scream Tail|18/100
|
|-heal|p2a: Scream Tail|68/100|[from] move: Wish|[wisher] Scream Tail
|-damage|p1a: Volcanion|22/100 tox|[from] psn
|upkeep
|turn|10
|
|t:|1769422378
|move|p2a: Scream Tail|Wish|p2a: Scream Tail
|move|p1a: Volcanion|Steam Eruption|p2a: Scream Tail
|-damage|p2a: Scream Tail|30/100
|-status|p2a: Scream Tail|brn
|
|-damage|p1a: Volcanion|0 fnt|[from] psn
|faint|p1a: Volcanion
|-damage|p2a: Scream Tail|24/100 brn|[from] brn
|upkeep
|
|t:|1769422387
|switch|p1a: Darkrai|Darkrai|100/100
|turn|11
|
|t:|1769422401
|-end|p2a: Scream Tail|Protosynthesis|[silent]
|switch|p2a: Deoxys|Deoxys-Speed|100/100
|-ability|p2a: Deoxys|Pressure
|move|p1a: Darkrai|Dark Pulse|p2a: Deoxys
|-supereffective|p2a: Deoxys
|-damage|p2a: Deoxys|0 fnt
|faint|p2a: Deoxys
|
|upkeep
|
|t:|1769422409
|switch|p2a: Conkeldurr|Conkeldurr, F|42/100 brn
|turn|12
|
|t:|1769422412
|move|p2a: Conkeldurr|Mach Punch|p1a: Darkrai
|-supereffective|p1a: Darkrai
|-damage|p1a: Darkrai|7/100
|move|p1a: Darkrai|Psychic|p2a: Conkeldurr
|-supereffective|p2a: Conkeldurr
|-damage|p2a: Conkeldurr|0 fnt
|faint|p2a: Conkeldurr
|
|upkeep
|
|t:|1769422418
|switch|p2a: Talonflame|Talonflame, M|100/100
|turn|13
|
|t:|1769422424
|move|p2a: Talonflame|Brave Bird|p1a: Darkrai
|-damage|p1a: Darkrai|0 fnt
|faint|p1a: Darkrai
|-damage|p2a: Talonflame|98/100|[from] Recoil
|
|upkeep
|
|t:|1769422429
|switch|p1a: Conkeldurr|Conkeldurr, M|100/100
|turn|14
|
|t:|1769422433
|move|p2a: Talonflame|Brave Bird|p1a: Conkeldurr
|-supereffective|p1a: Conkeldurr
|-damage|p1a: Conkeldurr|28/100
|-damage|p2a: Talonflame|65/100|[from] Recoil
|move|p1a: Conkeldurr|Ice Punch|p2a: Talonflame
|-damage|p2a: Talonflame|14/100
|
|upkeep
|turn|15
|
|t:|1769422441
|move|p1a: Conkeldurr|Mach Punch|p2a: Talonflame
|-resisted|p2a: Talonflame
|-damage|p2a: Talonflame|0 fnt
|faint|p2a: Talonflame
|
|upkeep
|
|t:|1769422446
|switch|p2a: Scream Tail|Scream Tail|24/100 brn
|turn|16
|
|t:|1769422450
|move|p1a: Conkeldurr|Mach Punch|p2a: Scream Tail
|-resisted|p2a: Scream Tail
|-damage|p2a: Scream Tail|20/100 brn
|move|p2a: Scream Tail|Psychic Noise|p1a: Conkeldurr
|-supereffective|p1a: Conkeldurr
|-damage|p1a: Conkeldurr|0 fnt
|faint|p1a: Conkeldurr
|
|win|Drakeero
|raw|1337muffin1337's rating: 1189 &rarr; <strong>1166</strong><br />(-23 for losing)
|raw|Drakeero's rating: 1212 &rarr; <strong>1235</strong><br />(+23 for winning)
|l|☆1337muffin1337
|player|p1|
|l|☆Drakeero
|player|p2|
