|j|☆geenareeno
|j|☆VG-SuperCell
|t:|1769422981
|gametype|singles
|player|p1|geenareeno|cynthia|1285
|player|p2|VG-SuperCell|coin|1281
|gen|9
|tier|[Gen 9] OU
|rated|
|rule|HP Percentage Mod: HP is shown in percentages
|rule|Endless Battle Clause: Forcing endless battles is banned
|rule|Species Clause: Limit one of each Pokémon
|rule|OHKO Clause: OHKO moves are banned
|rule|Evasion Items Clause: Evasion items are banned
|rule|Evasion Moves Clause: Evasion moves are banned
|rule|Evasion Abilities Clause: Evasion abilities are banned
|rule|Sleep Moves Clause: Sleep-inducing moves are banned
|clearpoke
|poke|p1|Zapdos|
|poke|p1|Slowking-Galar, F|
|poke|p1|Gliscor, M|
|poke|p1|Gholdengo|
|poke|p1|Moltres|
|poke|p1|Ting-Lu|
|poke|p2|Bastiodon, F|
|poke|p2|Raging Bolt|
|poke|p2|Armarouge, F|
|poke|p2|Espeon, F|
|poke|p2|Mamoswine, M|
|poke|p2|Ceruledge, M|
|teampreview
|inactive|Battle timer is ON: inactive players will automatically lose when time's up. (requested by geenareeno)
|
|t:|1769423007
|teamsize|p1|6
|teamsize|p2|6
|start
|switch|p1a: Gliscor|Gliscor, M|100/100
|switch|p2a: Mamoswine|Mamoswine, M|100/100
|turn|1
|
|t:|1769423015
|move|p2a: Mamoswine|Ice Shard|p1a: Gliscor
|-supereffective|p1a: Gliscor
|-damage|p1a: Gliscor|36/100
|move|p1a: Gliscor|Earthquake|p2a: Mamoswine
|-damage|p2a: Mamoswine|64/100
|
|-status|p1a: Gliscor|tox|[from] item: Toxic Orb
|upkeep
|turn|2
|
|t:|1769423025
|-terastallize|p1a: Gliscor|Water
|move|p2a: Mamoswine|Rock Blast|p1a: Gliscor
|-damage|p1a: Gliscor|29/100 tox
|-damage|p1a: Gliscor|23/100 tox
|-damage|p1a: Gliscor|16/100 tox
|-damage|p1a: Gliscor|9/100 tox
|-crit|p1a: Gliscor
|-damage|p1a: Gliscor|0 fnt
|faint|p1a: Gliscor
|-hitcount|p1: Gliscor|5
|
|upkeep
|
|t:|1769423037
|switch|p1a: Ting-Lu|Ting-Lu|100/100
|-ability|p1a: Ting-Lu|Vessel of Ruin
|turn|3
|
|t:|1769423042
|switch|p2a: Espeon|Espeon, F|100/100
|move|p1a: Ting-Lu|Earthquake|p2a: Espeon
|-damage|p2a: Espeon|35/100
|
|-heal|p2a: Espeon|42/100|[from] item: Leftovers
|upkeep
|turn|4
|
|t:|1769423051
|switch|p2a: Armarouge|Armarouge, F, shiny|100/100
|move|p1a: Ting-Lu|Earthquake|p2a: Armarouge
|-supereffective|p2a: Armarouge
|-damage|p2a: Armarouge|37/100
|-ability|p2a: Armarouge|Weak Armor|boost
|-unboost|p2a: Armarouge|def|1
|-boost|p2a: Armarouge|spe|2
|-enditem|p2a: Armarouge|Weakness Policy
|-boost|p2a: Armarouge|atk|2|[from] item: Weakness Policy
|-boost|p2a: Armarouge|spa|2|[from] item: Weakness Policy
|
|upkeep
|turn|5
|
|t:|1769423061
|move|p2a: Armarouge|Energy Ball|p1a: Ting-Lu
|-supereffective|p1a: Ting-Lu
|-damage|p1a: Ting-Lu|48/100
|move|p1a: Ting-Lu|Earthquake|p2a: Armarouge
|-supereffective|p2a: Armarouge
|-damage|p2a: Armarouge|0 fnt
|faint|p2a: Armarouge
|
|-heal|p1a: Ting-Lu|54/100|[from] item: Leftovers
|upkeep
|
|t:|1769423068
|switch|p2a: Mamoswine|Mamoswine, M|64/100
|turn|6
|
|t:|1769423072
|move|p2a: Mamoswine|Icicle Spear|p1a: Ting-Lu
|-supereffective|p1a: Ting-Lu
|-damage|p1a: Ting-Lu|39/100
|-supereffective|p1a: Ting-Lu
|-damage|p1a: Ting-Lu|25/100
|-supereffective|p1a: Ting-Lu
|-damage|p1a: Ting-Lu|9/100
|-supereffective|p1a: Ting-Lu
|-crit|p1a: Ting-Lu
|-damage|p1a: Ting-Lu|0 fnt
|faint|p1a: Ting-Lu
|-hitcount|p1: Ting-Lu|4
|
|upkeep
|
|t:|1769423093
|switch|p1a: Moltres|Moltres|100/100
|turn|7
|
|t:|1769423097
|move|p2a: Mamoswine|Rock Blast|p1a: Moltres
|-supereffective|p1a: Moltres
|-damage|p1a: Moltres|71/100
|-supereffective|p1a: Moltres
|-damage|p1a: Moltres|39/100
|-supereffective|p1a: Moltres
|-damage|p1a: Moltres|7/100
|-supereffective|p1a: Moltres
|-damage|p1a: Moltres|0 fnt
|faint|p1a: Moltres
|-hitcount|p1: Moltres|4
|
|upkeep
|
|t:|1769423106
|switch|p1a: Gholdengo|Gholdengo|100/100
|-item|p1a: Gholdengo|Air Balloon
|turn|8
|
|t:|1769423114
|switch|p2a: Ceruledge|Ceruledge, M, shiny|100/100
|move|p1a: Gholdengo|Shadow Ball|p2a: Ceruledge
|-supereffective|p2a: Ceruledge
|-damage|p2a: Ceruledge|0 fnt
|faint|p2a: Ceruledge
|
|upkeep
|
|t:|1769423118
|switch|p2a: Raging Bolt|Raging Bolt|100/100
|turn|9
|
|t:|1769423123
|move|p1a: Gholdengo|Nasty Plot|p1a: Gholdengo
|-boost|p1a: Gholdengo|spa|2
|move|p2a: Raging Bolt|Ancient Power|p1a: Gholdengo
|-resisted|p1a: Gholdengo
|-crit|p1a: Gholdengo
|-damage|p1a: Gholdengo|78/100
|-enditem|p1a: Gholdengo|Air Balloon
|
|upkeep
|turn|10
|
|t:|1769423130
|move|p2a: Raging Bolt|Thunderclap|p1a: Gholdengo
|-damage|p1a: Gholdengo|30/100
|move|p1a: Gholdengo|Shadow Ball|p2a: Raging Bolt
|-damage|p2a: Raging Bolt|53/100
|-unboost|p2a: Raging Bolt|spd|1
|
|upkeep
|turn|11
|
|t:|1769423141
|move|p1a: Gholdengo|Shadow Ball|p2a: Raging Bolt
|-damage|p2a: Raging Bolt|0 fnt
|faint|p2a: Raging Bolt
|-end|p2a: Raging Bolt|Protosynthesis|[silent]
|
|upkeep
|
|t:|1769423145
|switch|p2a: Espeon|Espeon, F|42/100
|turn|12
|
|t:|1769423149
|move|p2a: Espeon|Psychic|p1a: Gholdengo
|-resisted|p1a: Gholdengo
|-damage|p1a: Gholdengo|4/100
|move|p1a: Gholdengo|Shadow Ball|p2a: Espeon
|-supereffective|p2a: Espeon
|-damage|p2a: Espeon|0 fnt
|faint|p2a: Espeon
|
|upkeep
|
|t:|1769423151
|switch|p2a: Mamoswine|Mamoswine, M|64/100
|turn|13
|
|t:|1769423157
|move|p2a: Mamoswine|Ice Shard|p1a: Gholdengo
|-resisted|p1a: Gholdengo
|-damage|p1a: Gholdengo|0 fnt
|faint|p1a: Gholdengo
|
|upkeep
|
|t:|1769423162
|switch|p1a: Zapdos|Zapdos, shiny|100/100
|turn|14
|
|t:|1769423166
|move|p2a: Mamoswine|Rock Blast|p1a: Zapdos
|-supereffective|p1a: Zapdos
|-damage|p1a: Zapdos|88/100
|-supereffective|p1a: Zapdos
|-damage|p1a: Zapdos|77/100
|-supereffective|p1a: Zapdos
|-damage|p1a: Zapdos|64/100
|-supereffective|p1a: Zapdos
|-damage|p1a: Zapdos|51/100
|-hitcount|p1a: Zapdos|4
|move|p1a: Zapdos|Heat Wave|p2a: Mamoswine
|-supereffective|p2a: Mamoswine
|-damage|p2a: Mamoswine|0 fnt
|faint|p2a: Mamoswine
|
|upkeep
|
|t:|1769423175
|switch|p2a: Bastiodon|Bastiodon, F|100/100
|turn|15
|
|t:|1769423180
|move|p1a: Zapdos|Heat Wave|p2a: Bastiodon
|-damage|p2a: Bastiodon|80/100
|move|p2a: Bastiodon|Metal Burst|p1a: Zapdos
|-damage|p1a: Zapdos|26/100
|
|upkeep
|turn|16
|
|t:|1769423186
|move|p1a: Zapdos|Roost|p1a: Zapdos
|-heal|p1a: Zapdos|76/100
|-singleturn|p1a: Zapdos|move: Roost
|move|p2a: Bastiodon|Body Press|p1a: Zapdos
|-damage|p1a: Zapdos|50/100
|
|upkeep
|turn|17
|
|t:|1769423192
|move|p1a: Zapdos|Roost|p1a: Zapdos
|-heal|p1a: Zapdos|99/100
|-singleturn|p1a: Zapdos|move: Roost
|move|p2a: Bastiodon|Iron Defense|p2a: Bastiodon
|-boost|p2a: Bastiodon|def|2
|
|upkeep
|turn|18
|
|t:|1769423215
|-terastallize|p2a: Bastiodon|Rock
|move|p1a: Zapdos|Heat Wave|p2a: Bastiodon
|-resisted|p2a: Bastiodon
|-damage|p2a: Bastiodon|70/100
|move|p2a: Bastiodon|Iron Defense|p2a: Bastiodon
|-boost|p2a: Bastiodon|def|2
|
|upkeep
|turn|19
|
|t:|1769423222
|switch|p1a: Slowking|Slowking-Galar, F|100/100
|move|p2a: Bastiodon|Body Press|p1a: Slowking
|-resisted|p1a: Slowking
|-damage|p1a: Slowking|71/100
|
|upkeep
|turn|20
|
|t:|1769423228
|move|p2a: Bastiodon|Foul Play|p1a: Slowking
|-supereffective|p1a: Slowking
|-damage|p1a: Slowking|44/100
|move|p1a: Slowking|Toxic|p2a: Bastiodon
|-status|p2a: Bastiodon|tox
|
|-damage|p2a: Bastiodon|63/100 tox|[from] psn
|upkeep
|turn|21
|
|t:|1769423239
|move|p2a: Bastiodon|Body Press|p1a: Slowking
|-resisted|p1a: Slowking
|-damage|p1a: Slowking|15/100
|move|p1a: Slowking|Future Sight|p2a: Bastiodon
|-start|p1a: Slowking|move: Future Sight
|
|-damage|p2a: Bastiodon|51/100 tox|[from] psn
|upkeep
|turn|22
|
|t:|1769423245
|switch|p1a: Zapdos|Zapdos, shiny|99/100
|move|p2a: Bastiodon|Foul Play|p1a: Zapdos
|-damage|p1a: Zapdos|90/100
|
|-damage|p2a: Bastiodon|33/100 tox|[from] psn
|upkeep
|turn|23
|
|t:|1769423254
|move|p1a: Zapdos|Hurricane|p2a: Bastiodon
|-resisted|p2a: Bastiodon
|-damage|p2a: Bastiodon|16/100 tox
|move|p2a: Bastiodon|Body Press|p1a: Zapdos
|-resisted|p1a: Zapdos
|-crit|p1a: Zapdos
|-damage|p1a: Zapdos|35/100
|
|-end|p2a: Bastiodon|move: Future Sight
|-crit|p2a: Bastiodon
|-damage|p2a: Bastiodon|0 fnt
|faint|p2a: Bastiodon
|
|win|geenareeno
|raw|geenareeno's rating: 1285 &rarr; <strong>1310</strong><br />(+25 for winning)
|raw|VG-SuperCell's rating: 1281 &rarr; <strong>1256</strong><br />(-25 for losing)
|l|☆VG-SuperCell
|player|p2|
|l|☆geenareeno
|player|p1|
