|j|☆ADAMALL
|j|☆rukirukiiii
|t:|1769308295
|gametype|singles
|player|p1|ADAMALL|flannery|1108
|player|p2|rukirukiiii|dawn-gen4pt|1102
|gen|9
|tier|[Gen 9] OU
|rated|
|rule|HP Percentage Mod: HP is shown in percentages
|rule|Endless Battle Clause: Forcing endless battles is banned
|rule|Species Clause: Limit one of each Pokémon
|rule|OHKO Clause: OHKO moves are banned
|rule|Evasion Items Clause: Evasion items are banned
|rule|Evasion Moves Clause: Evasion moves are banned
|rule|Evasion Abilities Clause: Evasion abilities are banned
|rule|Sleep Moves Clause: Sleep-inducing moves are banned
|clearpoke
|poke|p1|Scyther, F|
|poke|p1|Golem, F|
|poke|p1|Meowscarada, F|
|poke|p1|Barraskewda, F|
|poke|p1|Grimmsnarl, M|
|poke|p1|Tauros-Paldea-Aqua, M|
|poke|p2|Torkoal, F|
|poke|p2|Ceruledge, F|
|poke|p2|Great Tusk|
|poke|p2|Lilligant-Hisui, F|
|poke|p2|Walking Wake|
|poke|p2|Hatterene, F|
|teampreview
|
|t:|1769308303
|teamsize|p1|6
|teamsize|p2|6
|start
|switch|p1a: boum|Golem, F|100/100
|switch|p2a: Torkoal|Torkoal, F|100/100
|-weather|SunnyDay|[from] ability: Drought|[of] p2a: Torkoal
|turn|1
|
|t:|1769308312
|switch|p2a: Hatterene|Hatterene, F|100/100
|move|p1a: boum|Stealth Rock|p2a: Hatterene
|move|p2a: Hatterene|Stealth Rock|p1a: boum|[from] ability: Magic Bounce
|-sidestart|p1: ADAMALL|move: Stealth Rock
|
|-weather|SunnyDay|[upkeep]
|upkeep
|turn|2
|
|t:|1769308319
|move|p2a: Hatterene|Nuzzle|p1a: boum
|-immune|p1a: boum
|move|p1a: boum|Earthquake|p2a: Hatterene
|-damage|p2a: Hatterene|41/100
|-enditem|p2a: Hatterene|Eject Button
|
|t:|1769308326
|switch|p2a: Walking Wake|Walking Wake|100/100
|-activate|p2a: Walking Wake|ability: Protosynthesis
|-start|p2a: Walking Wake|protosynthesisspa
|
|-weather|SunnyDay|[upkeep]
|upkeep
|turn|3
|
|t:|1769308336
|move|p2a: Walking Wake|Draco Meteor|p1a: boum
|-ability|p1a: boum|Sturdy
|-damage|p1a: boum|1/100
|-unboost|p2a: Walking Wake|spa|2
|move|p1a: boum|Stealth Rock|p2a: Walking Wake
|-sidestart|p2: rukirukiiii|move: Stealth Rock
|
|-weather|SunnyDay|[upkeep]
|upkeep
|turn|4
|-enditem|p1a: boum|Custap Berry|[eat]
|-activate|p1a: boum|item: Custap Berry|[consumed]
|
|t:|1769308350
|-end|p2a: Walking Wake|Protosynthesis|[silent]
|switch|p2a: Great Tusk|Great Tusk|100/100
|-damage|p2a: Great Tusk|98/100|[from] Stealth Rock
|-activate|p2a: Great Tusk|ability: Protosynthesis
|-start|p2a: Great Tusk|protosynthesisspe
|-terastallize|p1a: boum|Normal
|move|p1a: boum|Explosion|p2a: Great Tusk
|-damage|p2a: Great Tusk|18/100
|faint|p1a: boum
|
|-weather|SunnyDay|[upkeep]
|-heal|p2a: Great Tusk|24/100|[from] item: Leftovers
|upkeep
|
|t:|1769308363
|switch|p1a: Tauros|Tauros-Paldea-Aqua, M|100/100
|-damage|p1a: Tauros|94/100|[from] Stealth Rock
|-ability|p1a: Tauros|Intimidate|boost
|-unboost|p2a: Great Tusk|atk|1
|turn|5
|
|t:|1769308369
|move|p2a: Great Tusk|Rapid Spin|p1a: Tauros
|-damage|p1a: Tauros|84/100
|-boost|p2a: Great Tusk|spe|1
|-sideend|p2: rukirukiiii|Stealth Rock|[from] move: Rapid Spin|[of] p2a: Great Tusk
|move|p1a: Tauros|Bulk Up|p1a: Tauros
|-boost|p1a: Tauros|atk|1
|-boost|p1a: Tauros|def|1
|
|-weather|SunnyDay|[upkeep]
|-heal|p2a: Great Tusk|30/100|[from] item: Leftovers
|-heal|p1a: Tauros|90/100|[from] item: Leftovers
|upkeep
|turn|6
|
|t:|1769308379
|move|p2a: Great Tusk|Earthquake|p1a: Tauros
|-damage|p1a: Tauros|67/100
|move|p1a: Tauros|Bulk Up|p1a: Tauros
|-boost|p1a: Tauros|atk|1
|-boost|p1a: Tauros|def|1
|
|-weather|SunnyDay|[upkeep]
|-heal|p2a: Great Tusk|36/100|[from] item: Leftovers
|-heal|p1a: Tauros|73/100|[from] item: Leftovers
|upkeep
|turn|7
|
|t:|1769308387
|move|p2a: Great Tusk|Earthquake|p1a: Tauros
|-damage|p1a: Tauros|56/100
|move|p1a: Tauros|Bulk Up|p1a: Tauros
|-boost|p1a: Tauros|atk|1
|-boost|p1a: Tauros|def|1
|
|-weather|SunnyDay|[upkeep]
|-heal|p2a: Great Tusk|43/100|[from] item: Leftovers
|-heal|p1a: Tauros|62/100|[from] item: Leftovers
|upkeep
|turn|8
|
|t:|1769308427
|move|p2a: Great Tusk|Knock Off|p1a: Tauros
|-resisted|p1a: Tauros
|-damage|p1a: Tauros|58/100
|-enditem|p1a: Tauros|Leftovers|[from] move: Knock Off|[of] p2a: Great Tusk
|move|p1a: Tauros|Bulk Up|p1a: Tauros
|-boost|p1a: Tauros|atk|1
|-boost|p1a: Tauros|def|1
|
|-weather|none
|-end|p2a: Great Tusk|Protosynthesis
|-heal|p2a: Great Tusk|49/100|[from] item: Leftovers
|upkeep
|turn|9
|
|t:|1769308436
|move|p1a: Tauros|Aqua Jet|p2a: Great Tusk
|-supereffective|p2a: Great Tusk
|-damage|p2a: Great Tusk|0 fnt
|faint|p2a: Great Tusk
|-end|p2a: Great Tusk|Protosynthesis|[silent]
|
|upkeep
|
|t:|1769308443
|switch|p2a: Torkoal|Torkoal, F|100/100
|-weather|SunnyDay|[from] ability: Drought|[of] p2a: Torkoal
|turn|10
|
|t:|1769308448
|switch|p2a: Hatterene|Hatterene, F|41/100
|move|p1a: Tauros|Bulk Up|p1a: Tauros
|-boost|p1a: Tauros|atk|1
|-boost|p1a: Tauros|def|1
|
|-weather|SunnyDay|[upkeep]
|upkeep
|turn|11
|
|t:|1769308454
|move|p1a: Tauros|Earthquake|p2a: Hatterene
|-damage|p2a: Hatterene|0 fnt
|faint|p2a: Hatterene
|
|-weather|SunnyDay|[upkeep]
|upkeep
|
|t:|1769308459
|switch|p2a: Walking Wake|Walking Wake|100/100
|-activate|p2a: Walking Wake|ability: Protosynthesis
|-start|p2a: Walking Wake|protosynthesisspa
|turn|12
|
|t:|1769308465
|move|p2a: Walking Wake|Dragon Pulse|p1a: Tauros
|-damage|p1a: Tauros|0 fnt
|faint|p1a: Tauros
|
|-weather|SunnyDay|[upkeep]
|upkeep
|
|t:|1769308478
|switch|p1a: FreakyLarry|Grimmsnarl, M|100/100
|-damage|p1a: FreakyLarry|88/100|[from] Stealth Rock
|turn|13
|
|t:|1769308536
|move|p1a: FreakyLarry|Thunder Wave|p2a: Walking Wake
|-status|p2a: Walking Wake|par
|move|p2a: Walking Wake|Dragon Pulse|p1a: FreakyLarry
|-immune|p1a: FreakyLarry
|
|-weather|SunnyDay|[upkeep]
|-heal|p1a: FreakyLarry|94/100|[from] item: Leftovers
|upkeep
|turn|14
|
|t:|1769308549
|move|p1a: FreakyLarry|Light Screen|p1a: FreakyLarry
|-sidestart|p1: ADAMALL|move: Light Screen
|cant|p2a: Walking Wake|par
|
|-weather|SunnyDay|[upkeep]
|-heal|p1a: FreakyLarry|99/100|[from] item: Leftovers
|upkeep
|turn|15
|-message|rukirukiiii forfeited.
|
|win|ADAMALL
|raw|ADAMALL's rating: 1108 &rarr; <strong>1133</strong><br />(+25 for winning)
|raw|rukirukiiii's rating: 1102 &rarr; <strong>1077</strong><br />(-25 for losing)
|l|☆rukirukiiii
|player|p2|
|l|☆ADAMALL
|player|p1|
