|j|☆Linnotoooo
|j|☆toipers_1
|t:|1769303188
|gametype|singles
|player|p1|Linnotoooo|dancer|1122
|player|p2|toipers_1|steven|1095
|gen|9
|tier|[Gen 9] OU
|rated|
|rule|HP Percentage Mod: HP is shown in percentages
|rule|Endless Battle Clause: Forcing endless battles is banned
|rule|Species Clause: Limit one of each Pokémon
|rule|OHKO Clause: OHKO moves are banned
|rule|Evasion Items Clause: Evasion items are banned
|rule|Evasion Moves Clause: Evasion moves are banned
|rule|Evasion Abilities Clause: Evasion abilities are banned
|rule|Sleep Moves Clause: Sleep-inducing moves are banned
|clearpoke
|poke|p1|Deoxys-Speed|
|poke|p1|Raging Bolt|
|poke|p1|Dragapult, F|
|poke|p1|Feraligatr, M|
|poke|p1|Blaziken, M|
|poke|p1|Serperior, F|
|poke|p2|Lycanroc-Dusk, M|
|poke|p2|Ceruledge, M|
|poke|p2|Kingambit, M|
|poke|p2|Toxtricity-Low-Key, F|
|poke|p2|Mudsdale, F|
|poke|p2|Clawitzer, F|
|teampreview
|
|t:|1769303202
|teamsize|p1|6
|teamsize|p2|6
|start
|switch|p1a: Deoxys|Deoxys-Speed|100/100
|switch|p2a: Lycanroc|Lycanroc-Dusk, M, shiny|100/100
|-ability|p1a: Deoxys|Pressure
|turn|1
|
|t:|1769303212
|move|p1a: Deoxys|Taunt|p2a: Lycanroc
|-start|p2a: Lycanroc|move: Taunt
|move|p2a: Lycanroc|Rock Tomb|p1a: Deoxys
|-damage|p1a: Deoxys|51/100
|-unboost|p1a: Deoxys|spe|1
|
|upkeep
|turn|2
|
|t:|1769303226
|move|p1a: Deoxys|Stealth Rock|p2a: Lycanroc
|-sidestart|p2: toipers_1|move: Stealth Rock
|move|p2a: Lycanroc|Play Rough|p1a: Deoxys
|-damage|p1a: Deoxys|0 fnt
|faint|p1a: Deoxys
|
|upkeep
|
|t:|1769303243
|switch|p1a: Feraligatr|Feraligatr, M|100/100
|turn|3
|
|t:|1769303253
|switch|p1a: Serperior|Serperior, F|100/100
|move|p2a: Lycanroc|Rock Tomb|p1a: Serperior
|-damage|p1a: Serperior|60/100
|-boost|p1a: Serperior|spe|1
|
|-heal|p1a: Serperior|66/100|[from] item: Leftovers
|-end|p2a: Lycanroc|move: Taunt
|upkeep
|turn|4
|
|t:|1769303272
|-terastallize|p2a: Lycanroc|Flying
|move|p1a: Serperior|Leaf Storm|p2a: Lycanroc
|-resisted|p2a: Lycanroc
|-damage|p2a: Lycanroc|59/100
|-boost|p1a: Serperior|spa|2
|move|p2a: Lycanroc|Rock Tomb|p1a: Serperior
|-damage|p1a: Serperior|24/100
|-boost|p1a: Serperior|spe|1
|
|-heal|p1a: Serperior|30/100|[from] item: Leftovers
|upkeep
|turn|5
|
|t:|1769303292
|-terastallize|p1a: Serperior|Fire
|move|p1a: Serperior|Tera Blast|p2a: Lycanroc|[anim] Tera Blast Fire
|-damage|p2a: Lycanroc|0 fnt
|faint|p2a: Lycanroc
|
|-heal|p1a: Serperior|36/100|[from] item: Leftovers
|upkeep
|
|t:|1769303309
|switch|p2a: Mudsdale|Mudsdale, F|100/100
|-damage|p2a: Mudsdale|94/100|[from] Stealth Rock
|turn|6
|
|t:|1769303319
|move|p1a: Serperior|Leaf Storm|p2a: Mudsdale
|-supereffective|p2a: Mudsdale
|-damage|p2a: Mudsdale|0 fnt
|-boost|p1a: Serperior|spa|2
|faint|p2a: Mudsdale
|
|-heal|p1a: Serperior|42/100|[from] item: Leftovers
|upkeep
|
|t:|1769303326
|switch|p2a: Clawitzer|Clawitzer, F|100/100
|-damage|p2a: Clawitzer|88/100|[from] Stealth Rock
|turn|7
|
|t:|1769303332
|move|p2a: Clawitzer|Aqua Jet|p1a: Serperior
|-supereffective|p1a: Serperior
|-damage|p1a: Serperior|19/100
|move|p1a: Serperior|Leaf Storm|p2a: Clawitzer
|-supereffective|p2a: Clawitzer
|-damage|p2a: Clawitzer|0 fnt
|-boost|p1a: Serperior|spa|2
|faint|p2a: Clawitzer
|
|-heal|p1a: Serperior|25/100|[from] item: Leftovers
|upkeep
|
|t:|1769303337
|switch|p2a: Ceruledge|Ceruledge, M, shiny|100/100
|-damage|p2a: Ceruledge|76/100|[from] Stealth Rock
|turn|8
|
|t:|1769303342
|move|p1a: Serperior|Leaf Storm|p2a: Ceruledge|[miss]
|-miss|p1a: Serperior|p2a: Ceruledge
|move|p2a: Ceruledge|Flame Charge|p1a: Serperior
|-resisted|p1a: Serperior
|-damage|p1a: Serperior|9/100
|-boost|p2a: Ceruledge|spe|1
|
|-heal|p1a: Serperior|15/100|[from] item: Leftovers
|upkeep
|turn|9
|
|t:|1769303350
|move|p1a: Serperior|Leaf Storm|p2a: Ceruledge
|-resisted|p2a: Ceruledge
|-damage|p2a: Ceruledge|0 fnt
|faint|p2a: Ceruledge
|
|-heal|p1a: Serperior|21/100|[from] item: Leftovers
|upkeep
|
|t:|1769303353
|switch|p2a: Kingambit|Kingambit, M|100/100
|-damage|p2a: Kingambit|94/100|[from] Stealth Rock
|-activate|p2a: Kingambit|ability: Supreme Overlord
|-start|p2a: Kingambit|fallen4|[silent]
|turn|10
|
|t:|1769303370
|move|p2a: Kingambit|Sucker Punch|p1a: Serperior
|-damage|p1a: Serperior|0 fnt
|faint|p1a: Serperior
|
|upkeep
|
|t:|1769303376
|switch|p1a: Blaziken|Blaziken, M|100/100
|turn|11
|
|t:|1769303390
|-end|p2a: Kingambit|fallen4|[silent]
|switch|p2a: Toxtricity|Toxtricity-Low-Key, F|100/100
|-damage|p2a: Toxtricity|88/100|[from] Stealth Rock
|-item|p2a: Toxtricity|Air Balloon
|move|p1a: Blaziken|Close Combat|p2a: Toxtricity
|-resisted|p2a: Toxtricity
|-damage|p2a: Toxtricity|27/100
|-unboost|p1a: Blaziken|def|1
|-unboost|p1a: Blaziken|spd|1
|-enditem|p2a: Toxtricity|Air Balloon
|
|-ability|p1a: Blaziken|Speed Boost|boost
|-boost|p1a: Blaziken|spe|1
|upkeep
|turn|12
|
|t:|1769303406
|move|p1a: Blaziken|Temper Flare|p2a: Toxtricity
|-damage|p2a: Toxtricity|0 fnt
|faint|p2a: Toxtricity
|
|-ability|p1a: Blaziken|Speed Boost|boost
|-boost|p1a: Blaziken|spe|1
|upkeep
|
|t:|1769303411
|switch|p2a: Kingambit|Kingambit, M|94/100
|-damage|p2a: Kingambit|88/100|[from] Stealth Rock
|-activate|p2a: Kingambit|ability: Supreme Overlord
|-start|p2a: Kingambit|fallen5|[silent]
|turn|13
|c|☆toipers_1|gg
|-message|toipers_1 forfeited.
|
|win|Linnotoooo
|raw|Linnotoooo's rating: 1122 &rarr; <strong>1145</strong><br />(+23 for winning)
|raw|toipers_1's rating: 1095 &rarr; <strong>1073</strong><br />(-22 for losing)
|l|☆toipers_1
|player|p2|
