|j|☆veneno3
|j|☆issysito
|t:|1769397237
|gametype|singles
|player|p1|veneno3|galacticgrunt|1674
|player|p2|issysito|hooligans|1694
|gen|9
|tier|[Gen 9] OU
|rated|
|rule|HP Percentage Mod: HP is shown in percentages
|rule|Endless Battle Clause: Forcing endless battles is banned
|rule|Species Clause: Limit one of each Pokémon
|rule|OHKO Clause: OHKO moves are banned
|rule|Evasion Items Clause: Evasion items are banned
|rule|Evasion Moves Clause: Evasion moves are banned
|rule|Evasion Abilities Clause: Evasion abilities are banned
|rule|Sleep Moves Clause: Sleep-inducing moves are banned
|clearpoke
|poke|p1|Great Tusk|
|poke|p1|Diancie|
|poke|p1|Raging Bolt|
|poke|p1|Pecharunt|
|poke|p1|Cinderace, M|
|poke|p1|Dragonite, F|
|poke|p2|Volcanion|
|poke|p2|Landorus-Therian, M|
|poke|p2|Meowscarada, F|
|poke|p2|Kingambit, F|
|poke|p2|Great Tusk|
|poke|p2|Slowking-Galar, M|
|teampreview
|j| dsekop
|
|t:|1769397283
|teamsize|p1|6
|teamsize|p2|6
|start
|switch|p1a: Diancie|Diancie|100/100
|switch|p2a: Cat|Meowscarada, F|100/100
|turn|1
|
|t:|1769397291
|move|p2a: Cat|Flower Trick|p1a: Diancie
|-start|p2a: Cat|typechange|Grass|[from] ability: Protean
|-supereffective|p1a: Diancie
|-crit|p1a: Diancie
|-damage|p1a: Diancie|0 fnt
|faint|p1a: Diancie
|
|upkeep
|
|t:|1769397297
|switch|p1a: Pecharunt|Pecharunt|100/100
|-item|p1a: Pecharunt|Air Balloon
|turn|2
|
|t:|1769397301
|switch|p2a: Samurai|Kingambit, F|100/100
|move|p1a: Pecharunt|Nasty Plot|p1a: Pecharunt
|-boost|p1a: Pecharunt|spa|2
|
|upkeep
|turn|3
|
|t:|1769397310
|switch|p1a: Great Tusk|Great Tusk|100/100
|-enditem|p1a: Great Tusk|Booster Energy
|-activate|p1a: Great Tusk|ability: Protosynthesis|[fromitem]
|-start|p1a: Great Tusk|protosynthesisspe
|-end|p2a: Samurai|fallenundefined|[silent]
|switch|p2a: Thing|Slowking-Galar, M|100/100
|
|upkeep
|turn|4
|
|t:|1769397318
|move|p1a: Great Tusk|Ice Spinner|p2a: Thing
|-damage|p2a: Thing|77/100
|move|p2a: Thing|Future Sight|p1a: Great Tusk
|-start|p2a: Thing|move: Future Sight
|
|upkeep
|turn|5
|inactive|Battle timer is ON: inactive players will automatically lose when time's up. (requested by issysito)
|
|t:|1769397322
|switch|p2a: Tiger|Landorus-Therian, M|100/100
|-ability|p2a: Tiger|Intimidate|boost
|-unboost|p1a: Great Tusk|atk|1
|move|p1a: Great Tusk|Ice Spinner|p2a: Tiger
|-supereffective|p2a: Tiger
|-damage|p2a: Tiger|34/100
|-damage|p1a: Great Tusk|84/100|[from] item: Rocky Helmet|[of] p2a: Tiger
|
|upkeep
|turn|6
|
|t:|1769397330
|move|p1a: Great Tusk|Ice Spinner|p2a: Tiger
|-supereffective|p2a: Tiger
|-damage|p2a: Tiger|0 fnt
|-damage|p1a: Great Tusk|67/100|[from] item: Rocky Helmet|[of] p2a: Tiger
|faint|p2a: Tiger
|
|-end|p1a: Great Tusk|move: Future Sight
|-supereffective|p1a: Great Tusk
|-damage|p1a: Great Tusk|0 fnt
|faint|p1a: Great Tusk
|-end|p1a: Great Tusk|Protosynthesis|[silent]
|upkeep
|
|t:|1769397343
|switch|p2a: Cat|Meowscarada, F|100/100
|switch|p1a: Raging Bolt|Raging Bolt|100/100
|-enditem|p1a: Raging Bolt|Booster Energy
|-activate|p1a: Raging Bolt|ability: Protosynthesis|[fromitem]
|-start|p1a: Raging Bolt|protosynthesisspa
|turn|7
|
|t:|1769397354
|move|p1a: Raging Bolt|Thunderclap|p2a: Cat
|-resisted|p2a: Cat
|-damage|p2a: Cat|57/100
|move|p2a: Cat|Triple Axel|p1a: Raging Bolt
|-start|p2a: Cat|typechange|Ice|[from] ability: Protean
|-supereffective|p1a: Raging Bolt
|-damage|p1a: Raging Bolt|74/100
|-supereffective|p1a: Raging Bolt
|-damage|p1a: Raging Bolt|27/100
|-supereffective|p1a: Raging Bolt
|-damage|p1a: Raging Bolt|0 fnt
|faint|p1a: Raging Bolt
|-end|p1a: Raging Bolt|Protosynthesis|[silent]
|-hitcount|p1: Raging Bolt|3
|
|upkeep
|
|t:|1769397358
|switch|p1a: Cinderace|Cinderace, M|100/100
|turn|8
|
|t:|1769397361
|switch|p2a: Volcano|Volcanion|100/100
|move|p1a: Cinderace|Trailblaze|p2a: Volcano
|-start|p1a: Cinderace|typechange|Grass|[from] ability: Libero
|-damage|p2a: Volcano|82/100
|-boost|p1a: Cinderace|spe|1
|
|upkeep
|turn|9
|
|t:|1769397369
|move|p1a: Cinderace|High Jump Kick|p2a: Volcano
|-damage|p2a: Volcano|50/100
|move|p2a: Volcano|Overheat|p1a: Cinderace
|-supereffective|p1a: Cinderace
|-enditem|p1a: Cinderace|Focus Sash
|-damage|p1a: Cinderace|1/100
|-unboost|p2a: Volcano|spa|2
|
|upkeep
|turn|10
|
|t:|1769397379
|switch|p1a: Dragonite|Dragonite, F|100/100
|move|p2a: Volcano|Earth Power|p1a: Dragonite
|-immune|p1a: Dragonite
|
|upkeep
|turn|11
|
|t:|1769397383
|move|p1a: Dragonite|Encore|p2a: Volcano
|-start|p2a: Volcano|Encore
|move|p2a: Volcano|Earth Power|p1a: Dragonite
|-immune|p1a: Dragonite
|
|upkeep
|turn|12
|
|t:|1769397387
|switch|p2a: Elephant|Great Tusk|100/100
|move|p1a: Dragonite|Dragon Dance|p1a: Dragonite
|-boost|p1a: Dragonite|atk|1
|-boost|p1a: Dragonite|spe|1
|
|upkeep
|turn|13
|
|t:|1769397395
|-terastallize|p1a: Dragonite|Fire
|move|p1a: Dragonite|Scale Shot|p2a: Elephant
|-damage|p2a: Elephant|85/100
|-damage|p2a: Elephant|69/100
|-damage|p2a: Elephant|52/100
|-damage|p2a: Elephant|38/100
|-damage|p2a: Elephant|21/100
|-hitcount|p2a: Elephant|5
|-unboost|p1a: Dragonite|def|1
|-boost|p1a: Dragonite|spe|1
|move|p2a: Elephant|Bulk Up|p2a: Elephant
|-boost|p2a: Elephant|atk|1
|-boost|p2a: Elephant|def|1
|
|-heal|p2a: Elephant|27/100|[from] item: Leftovers
|upkeep
|turn|14
|
|t:|1769397425
|move|p1a: Dragonite|Fire Punch|p2a: Elephant
|-damage|p2a: Elephant|0 fnt
|faint|p2a: Elephant
|-end|p2a: Elephant|Protosynthesis|[silent]
|
|upkeep
|
|t:|1769397443
|switch|p2a: Volcano|Volcanion|50/100
|turn|15
|
|t:|1769397450
|move|p1a: Dragonite|Scale Shot|p2a: Volcano
|-damage|p2a: Volcano|32/100
|-crit|p2a: Volcano
|-damage|p2a: Volcano|4/100
|-damage|p2a: Volcano|0 fnt
|faint|p2a: Volcano
|-hitcount|p2: Volcano|3
|-unboost|p1a: Dragonite|def|1
|-boost|p1a: Dragonite|spe|1
|
|upkeep
|
|t:|1769397462
|switch|p2a: Thing|Slowking-Galar, M|100/100
|turn|16
|
|t:|1769397483
|switch|p1a: Cinderace|Cinderace, M|1/100
|move|p2a: Thing|Sludge Bomb|p1a: Cinderace
|-damage|p1a: Cinderace|0 fnt
|faint|p1a: Cinderace
|
|upkeep
|
|t:|1769397485
|switch|p1a: Pecharunt|Pecharunt|100/100
|-item|p1a: Pecharunt|Air Balloon
|turn|17
|
|t:|1769397492
|move|p1a: Pecharunt|Nasty Plot|p1a: Pecharunt
|-boost|p1a: Pecharunt|spa|2
|move|p2a: Thing|Future Sight|p1a: Pecharunt
|-start|p2a: Thing|move: Future Sight
|
|upkeep
|turn|18
|
|t:|1769397499
|switch|p2a: Samurai|Kingambit, F|100/100
|-activate|p2a: Samurai|ability: Supreme Overlord
|-start|p2a: Samurai|fallen3|[silent]
|move|p1a: Pecharunt|Shadow Ball|p2a: Samurai
|-resisted|p2a: Samurai
|-damage|p2a: Samurai|61/100
|
|upkeep
|turn|19
|
|t:|1769397508
|move|p1a: Pecharunt|Shadow Ball|p2a: Samurai
|-resisted|p2a: Samurai
|-damage|p2a: Samurai|25/100
|move|p2a: Samurai|Swords Dance|p2a: Samurai
|-boost|p2a: Samurai|atk|2
|
|-end|p1a: Pecharunt|move: Future Sight
|-supereffective|p1a: Pecharunt
|-damage|p1a: Pecharunt|2/100
|-enditem|p1a: Pecharunt|Air Balloon
|upkeep
|turn|20
|
|t:|1769397513
|move|p2a: Samurai|Sucker Punch|p1a: Pecharunt
|-supereffective|p1a: Pecharunt
|-damage|p1a: Pecharunt|0 fnt
|faint|p1a: Pecharunt
|
|upkeep
|
|t:|1769397516
|switch|p1a: Dragonite|Dragonite, F, tera:Fire|100/100
|turn|21
|
|t:|1769397519
|-terastallize|p2a: Samurai|Dark
|move|p2a: Samurai|Sucker Punch||[still]
|-fail|p2a: Samurai
|move|p1a: Dragonite|Encore|p2a: Samurai
|-start|p2a: Samurai|Encore
|
|upkeep
|turn|22
|
|t:|1769397522
|move|p2a: Samurai|Sucker Punch||[still]
|-fail|p2a: Samurai
|move|p1a: Dragonite|Dragon Dance|p1a: Dragonite
|-boost|p1a: Dragonite|atk|1
|-boost|p1a: Dragonite|spe|1
|
|upkeep
|turn|23
|
|t:|1769397526
|-end|p2a: Samurai|fallen3|[silent]
|switch|p2a: Thing|Slowking-Galar, M|100/100
|move|p1a: Dragonite|Dragon Dance|p1a: Dragonite
|-boost|p1a: Dragonite|atk|1
|-boost|p1a: Dragonite|spe|1
|
|upkeep
|turn|24
|
|t:|1769397528
|move|p1a: Dragonite|Scale Shot|p2a: Thing
|-damage|p2a: Thing|71/100
|-damage|p2a: Thing|42/100
|-damage|p2a: Thing|14/100
|-damage|p2a: Thing|0 fnt
|faint|p2a: Thing
|-hitcount|p2: Thing|4
|-unboost|p1a: Dragonite|def|1
|-boost|p1a: Dragonite|spe|1
|
|upkeep
|-message|issysito forfeited.
|
|win|veneno3
|raw|veneno3's rating: 1674 &rarr; <strong>1695</strong><br />(+21 for winning)
|raw|issysito's rating: 1694 &rarr; <strong>1673</strong><br />(-21 for losing)
|l|☆issysito
|player|p2|
|l| dsekop
