|j|☆jose.torres.1
|j|☆yokolove0214
|t:|1769419745
|gametype|singles
|player|p1|jose.torres.1|102|1127
|player|p2|yokolove0214|preschoolerf|1163
|gen|9
|tier|[Gen 9] OU
|rated|
|rule|HP Percentage Mod: HP is shown in percentages
|rule|Endless Battle Clause: Forcing endless battles is banned
|rule|Species Clause: Limit one of each Pokémon
|rule|OHKO Clause: OHKO moves are banned
|rule|Evasion Items Clause: Evasion items are banned
|rule|Evasion Moves Clause: Evasion moves are banned
|rule|Evasion Abilities Clause: Evasion abilities are banned
|rule|Sleep Moves Clause: Sleep-inducing moves are banned
|clearpoke
|poke|p1|Zoroark-Hisui, M|
|poke|p1|Malamar, F|
|poke|p1|Hydrapple, M|
|poke|p1|Raikou|
|poke|p1|Ambipom, F|
|poke|p1|Veluza, F|
|poke|p2|Slowking-Galar, M|
|poke|p2|Moltres|
|poke|p2|Ditto|
|poke|p2|Samurott-Hisui, M|
|poke|p2|Hatterene, F|
|poke|p2|Iron Treads|
|teampreview
|inactive|Battle timer is ON: inactive players will automatically lose when time's up. (requested by jose.torres.1)
|
|t:|1769419765
|teamsize|p1|6
|teamsize|p2|6
|start
|switch|p1a: Ambipom|Ambipom, F|100/100
|switch|p2a: Iron Treads|Iron Treads|100/100
|turn|1
|
|t:|1769419777
|move|p1a: Ambipom|Bitter Malice|p2a: Iron Treads
|-damage|p2a: Iron Treads|50/100
|-unboost|p2a: Iron Treads|atk|1
|move|p2a: Iron Treads|Knock Off|p1a: Ambipom
|-supereffective|p1a: Ambipom
|-damage|p1a: Ambipom|10/100
|replace|p1a: Zoroark|Zoroark-Hisui, M
|-end|p1a: Zoroark|Illusion
|-enditem|p1a: Zoroark|Choice Specs|[from] move: Knock Off|[of] p2a: Iron Treads
|
|upkeep
|turn|2
|
|t:|1769419791
|-end|p2a: Iron Treads|Quark Drive|[silent]
|switch|p2a: Slowking|Slowking-Galar, M|100/100
|move|p1a: Zoroark|Hyper Voice|p2a: Slowking
|-damage|p2a: Slowking|72/100
|
|-heal|p2a: Slowking|78/100|[from] item: Black Sludge
|upkeep
|turn|3
|
|t:|1769419813
|switch|p1a: Malamar|Malamar, F|100/100
|move|p2a: Slowking|Future Sight|p1a: Malamar
|-start|p2a: Slowking|move: Future Sight
|
|-heal|p2a: Slowking|84/100|[from] item: Black Sludge
|upkeep
|turn|4
|
|t:|1769419838
|switch|p2a: Moltres|Moltres|100/100
|move|p1a: Malamar|Knock Off|p2a: Moltres
|-damage|p2a: Moltres|71/100
|-enditem|p2a: Moltres|Heavy-Duty Boots|[from] move: Knock Off|[of] p1a: Malamar
|
|upkeep
|turn|5
|
|t:|1769419853
|switch|p1a: Raikou|Raikou|100/100
|-ability|p1a: Raikou|Pressure
|move|p2a: Moltres|U-turn|p1a: Raikou
|-damage|p1a: Raikou|83/100
|
|t:|1769419859
|switch|p2a: Iron Treads|Iron Treads|50/100|[from] U-turn
|
|-end|p1a: Raikou|move: Future Sight
|-damage|p1a: Raikou|62/100
|upkeep
|turn|6
|inactive|jose.torres.1 has 120 seconds left.
|
|t:|1769419888
|move|p2a: Iron Treads|Earthquake|p1a: Raikou
|-supereffective|p1a: Raikou
|-damage|p1a: Raikou|0 fnt
|faint|p1a: Raikou
|
|upkeep
|inactive|jose.torres.1 has 120 seconds left.
|
|t:|1769419896
|switch|p1a: Hydrapple|Hydrapple, M|100/100
|turn|7
|
|t:|1769419904
|-end|p2a: Iron Treads|Quark Drive|[silent]
|switch|p2a: Slowking|Slowking-Galar, M|100/100
|move|p1a: Hydrapple|Fickle Beam|p2a: Slowking
|-damage|p2a: Slowking|80/100
|
|-heal|p2a: Slowking|86/100|[from] item: Black Sludge
|upkeep
|turn|8
|inactive|jose.torres.1 has 120 seconds left.
|
|t:|1769419930
|switch|p1a: Malamar|Malamar, F|100/100
|move|p2a: Slowking|Future Sight|p1a: Malamar
|-start|p2a: Slowking|move: Future Sight
|
|-heal|p2a: Slowking|92/100|[from] item: Black Sludge
|upkeep
|turn|9
|inactive|jose.torres.1 has 120 seconds left.
|
|t:|1769419943
|switch|p1a: Veluza|Veluza, F|100/100
|switch|p2a: Samurott|Samurott-Hisui, M|100/100
|
|upkeep
|turn|10
|inactive|jose.torres.1 has 120 seconds left.
|
|t:|1769419961
|move|p2a: Samurott|Ceaseless Edge|p1a: Veluza
|-supereffective|p1a: Veluza
|-damage|p1a: Veluza|0 fnt
|-sidestart|p1: jose.torres.1|Spikes
|faint|p1a: Veluza
|
|-hint|Future Sight did not hit because the target is fainted.
|upkeep
|
|t:|1769419967
|switch|p1a: Malamar|Malamar, F|100/100
|-damage|p1a: Malamar|88/100|[from] Spikes
|turn|11
|
|t:|1769419975
|-terastallize|p2a: Samurott|Water
|move|p2a: Samurott|Ceaseless Edge|p1a: Malamar
|-damage|p1a: Malamar|45/100
|-sidestart|p1: jose.torres.1|Spikes
|move|p1a: Malamar|Superpower|p2a: Samurott
|-crit|p2a: Samurott
|-damage|p2a: Samurott|33/100
|-boost|p1a: Malamar|atk|1
|-boost|p1a: Malamar|def|1
|
|upkeep
|turn|12
|inactive|jose.torres.1 has 120 seconds left.
|
|t:|1769419995
|switch|p2a: Iron Treads|Iron Treads|50/100
|move|p1a: Malamar|Rest|p1a: Malamar
|-status|p1a: Malamar|slp|[from] move: Rest
|-heal|p1a: Malamar|100/100 slp|[silent]
|-enditem|p1a: Malamar|Chesto Berry|[eat]
|-curestatus|p1a: Malamar|slp|[msg]
|
|upkeep
|turn|13
|
|t:|1769420006
|move|p2a: Iron Treads|Earthquake|p1a: Malamar
|-damage|p1a: Malamar|68/100
|move|p1a: Malamar|Superpower|p2a: Iron Treads
|-supereffective|p2a: Iron Treads
|-damage|p2a: Iron Treads|0 fnt
|-boost|p1a: Malamar|atk|1
|-boost|p1a: Malamar|def|1
|faint|p2a: Iron Treads
|-end|p2a: Iron Treads|Quark Drive|[silent]
|
|upkeep
|
|t:|1769420016
|switch|p2a: Ditto|Ditto|100/100
|-transform|p2a: Ditto|p1a: Malamar|[from] ability: Imposter
|turn|14
|
|t:|1769420041
|move|p2a: Ditto|Knock Off|p1a: Malamar
|-damage|p1a: Malamar|38/100
|move|p1a: Malamar|Superpower|p2a: Ditto
|-damage|p2a: Ditto|53/100
|-boost|p1a: Malamar|atk|1
|-boost|p1a: Malamar|def|1
|
|upkeep
|turn|15
|inactive|jose.torres.1 has 120 seconds left.
|
|t:|1769420056
|switch|p2a: Moltres|Moltres|71/100
|move|p1a: Malamar|Rest|p1a: Malamar
|-status|p1a: Malamar|slp|[from] move: Rest
|-heal|p1a: Malamar|100/100 slp|[silent]
|
|upkeep
|turn|16
|
|t:|1769420065
|move|p2a: Moltres|U-turn|p1a: Malamar
|-supereffective|p1a: Malamar
|-damage|p1a: Malamar|76/100 slp
|
|t:|1769420068
|switch|p2a: Hatterene|Hatterene, F|100/100|[from] U-turn
|cant|p1a: Malamar|slp
|
|upkeep
|turn|17
|
|t:|1769420082
|cant|p1a: Malamar|slp
|move|p2a: Hatterene|Draining Kiss|p1a: Malamar
|-supereffective|p1a: Malamar
|-damage|p1a: Malamar|0 fnt
|faint|p1a: Malamar
|
|upkeep
|
|t:|1769420090
|switch|p1a: Ambipom|Ambipom, F|100/100
|-damage|p1a: Ambipom|84/100|[from] Spikes
|turn|18
|
|t:|1769420098
|switch|p2a: Moltres|Moltres|71/100
|move|p1a: Ambipom|Fake Out|p2a: Moltres
|-damage|p2a: Moltres|54/100
|
|upkeep
|turn|19
|
|t:|1769420126
|switch|p1a: Hydrapple|Hydrapple, M|10/100
|-damage|p1a: Hydrapple|0 fnt|[from] Spikes
|faint|p1a: Hydrapple
|move|p2a: Moltres|Roost|p2a: Moltres
|-heal|p2a: Moltres|100/100
|-singleturn|p2a: Moltres|move: Roost
|
|upkeep
|
|t:|1769420129
|switch|p1a: Hydrapple|Hydrapple, M|100/100
|-damage|p1a: Hydrapple|84/100|[from] Spikes
|turn|20
|
|t:|1769420145
|switch|p2a: Slowking|Slowking-Galar, M|100/100
|move|p1a: Hydrapple|Fickle Beam|p2a: Slowking|[anim] Fickle Beam All Out
|-activate|p1a: Hydrapple|move: Fickle Beam
|-damage|p2a: Slowking|62/100
|
|-heal|p1a: Hydrapple|90/100|[from] item: Leftovers
|-heal|p2a: Slowking|68/100|[from] item: Black Sludge
|upkeep
|turn|21
|
|t:|1769420154
|move|p1a: Hydrapple|Fickle Beam|p2a: Slowking
|-damage|p2a: Slowking|49/100
|move|p2a: Slowking|Thunder Wave|p1a: Hydrapple
|-status|p1a: Hydrapple|par
|
|-heal|p2a: Slowking|55/100|[from] item: Black Sludge
|-heal|p1a: Hydrapple|96/100 par|[from] item: Leftovers
|upkeep
|turn|22
|-message|jose.torres.1 forfeited.
|
|win|yokolove0214
|raw|jose.torres.1's rating: 1127 &rarr; <strong>1105</strong><br />(-22 for losing)
|raw|yokolove0214's rating: 1163 &rarr; <strong>1185</strong><br />(+22 for winning)
|l|☆jose.torres.1
|player|p1|
|l|☆yokolove0214
|player|p2|
