|j|☆Nardgo
|j|☆Igoodnamename
|t:|1769404906
|gametype|singles
|player|p1|Nardgo|winona|1476
|player|p2|Igoodnamename|266|1562
|gen|9
|tier|[Gen 9] OU
|rated|
|rule|HP Percentage Mod: HP is shown in percentages
|rule|Endless Battle Clause: Forcing endless battles is banned
|rule|Species Clause: Limit one of each Pokémon
|rule|OHKO Clause: OHKO moves are banned
|rule|Evasion Items Clause: Evasion items are banned
|rule|Evasion Moves Clause: Evasion moves are banned
|rule|Evasion Abilities Clause: Evasion abilities are banned
|rule|Sleep Moves Clause: Sleep-inducing moves are banned
|clearpoke
|poke|p1|Kyurem|
|poke|p1|Deoxys-Defense|
|poke|p1|Dondozo, M|
|poke|p1|Corviknight, F|
|poke|p1|Slowking-Galar, F|
|poke|p1|Alomomola, F|
|poke|p2|Garchomp, F|
|poke|p2|Tinkaton, F|
|poke|p2|Weavile, M|
|poke|p2|Zamazenta-*|
|poke|p2|Latios, M|
|poke|p2|Walking Wake|
|teampreview
|inactive|Battle timer is ON: inactive players will automatically lose when time's up. (requested by Nardgo)
|
|t:|1769404919
|teamsize|p1|6
|teamsize|p2|6
|start
|switch|p1a: Deoxys|Deoxys-Defense|100/100
|switch|p2a: Weavile|Weavile, M|100/100
|-ability|p2a: Weavile|Pressure
|-ability|p1a: Deoxys|Pressure
|turn|1
|
|t:|1769404924
|move|p1a: Deoxys|Protect|p1a: Deoxys
|-singleturn|p1a: Deoxys|Protect
|move|p2a: Weavile|Knock Off|p1a: Deoxys
|-activate|p1a: Deoxys|move: Protect
|
|upkeep
|turn|2
|
|t:|1769404931
|switch|p1a: Alomomola|Alomomola, F|100/100
|move|p2a: Weavile|Knock Off|p1a: Alomomola
|-damage|p1a: Alomomola|73/100
|-enditem|p1a: Alomomola|Heavy-Duty Boots|[from] move: Knock Off|[of] p2a: Weavile
|
|upkeep
|turn|3
|
|t:|1769404939
|switch|p2a: Walking Wake|Walking Wake|100/100
|move|p1a: Alomomola|Flip Turn|p2a: Walking Wake
|-resisted|p2a: Walking Wake
|-damage|p2a: Walking Wake|96/100
|
|t:|1769404943
|switch|p1a: Deoxys|Deoxys-Defense|100/100|[from] Flip Turn
|-ability|p1a: Deoxys|Pressure
|
|upkeep
|turn|4
|
|t:|1769404949
|-end|p2a: Walking Wake|Protosynthesis|[silent]
|switch|p2a: Tinkaton|Tinkaton, F|100/100
|-ability|p2a: Tinkaton|Mold Breaker
|-item|p2a: Tinkaton|Air Balloon
|move|p1a: Deoxys|Spikes|p2a: Tinkaton
|-sidestart|p2: Igoodnamename|Spikes
|
|upkeep
|turn|5
|
|t:|1769404953
|switch|p1a: Alomomola|Alomomola, F|100/100
|move|p2a: Tinkaton|Stealth Rock|p1a: Alomomola
|-sidestart|p1: Nardgo|move: Stealth Rock
|
|upkeep
|turn|6
|
|t:|1769404956
|move|p2a: Tinkaton|Thunder Wave|p1a: Alomomola
|-status|p1a: Alomomola|par
|cant|p1a: Alomomola|par
|
|upkeep
|turn|7
|
|t:|1769404961
|switch|p2a: Garchomp|Garchomp, F|100/100
|-damage|p2a: Garchomp|88/100|[from] Spikes
|move|p1a: Alomomola|Scald|p2a: Garchomp
|-damage|p2a: Garchomp|76/100
|
|upkeep
|turn|8
|
|t:|1769404967
|move|p2a: Garchomp|Spikes|p1a: Alomomola
|-sidestart|p1: Nardgo|Spikes
|cant|p1a: Alomomola|par
|
|upkeep
|turn|9
|
|t:|1769404972
|move|p2a: Garchomp|Spikes|p1a: Alomomola
|-sidestart|p1: Nardgo|Spikes
|move|p1a: Alomomola|Scald|p2a: Garchomp
|-damage|p2a: Garchomp|63/100
|-status|p2a: Garchomp|brn
|
|-damage|p2a: Garchomp|56/100 brn|[from] brn
|upkeep
|turn|10
|
|t:|1769404975
|move|p2a: Garchomp|Spikes|p1a: Alomomola
|-sidestart|p1: Nardgo|Spikes
|move|p1a: Alomomola|Flip Turn|p2a: Garchomp
|-damage|p2a: Garchomp|46/100 brn
|-damage|p1a: Alomomola|88/100 par|[from] ability: Rough Skin|[of] p2a: Garchomp
|-damage|p1a: Alomomola|71/100 par|[from] item: Rocky Helmet|[of] p2a: Garchomp
|
|t:|1769404977
|switch|p1a: Corviknight|Corviknight, F|100/100|[from] Flip Turn
|-damage|p1a: Corviknight|88/100|[from] Stealth Rock
|-ability|p1a: Corviknight|Pressure
|
|-damage|p2a: Garchomp|40/100 brn|[from] brn
|upkeep
|turn|11
|
|t:|1769404984
|switch|p2a: Tinkaton|Tinkaton, F|100/100
|-ability|p2a: Tinkaton|Mold Breaker
|-item|p2a: Tinkaton|Air Balloon
|move|p1a: Corviknight|Defog|p2a: Tinkaton
|-unboost|p2a: Tinkaton|evasion|1
|-sideend|p2: Igoodnamename|Spikes|[from] move: Defog|[of] p1a: Corviknight
|-sideend|p1: Nardgo|Spikes|[from] move: Defog|[of] p1a: Corviknight
|-sideend|p1: Nardgo|Stealth Rock|[from] move: Defog|[of] p1a: Corviknight
|
|upkeep
|turn|12
|
|t:|1769404991
|switch|p1a: Alomomola|Alomomola, F|100/100 par
|move|p2a: Tinkaton|Stealth Rock|p1a: Alomomola
|-sidestart|p1: Nardgo|move: Stealth Rock
|
|upkeep
|turn|13
|
|t:|1769404999
|switch|p2a: Latios|Latios, M|100/100
|move|p1a: Alomomola|Wish|p1a: Alomomola
|
|upkeep
|turn|14
|
|t:|1769405005
|switch|p1a: Deoxys|Deoxys-Defense|100/100
|-damage|p1a: Deoxys|88/100|[from] Stealth Rock
|-ability|p1a: Deoxys|Pressure
|move|p2a: Latios|Calm Mind|p2a: Latios
|-boost|p2a: Latios|spa|1
|-boost|p2a: Latios|spd|1
|
|-heal|p1a: Deoxys|100/100|[from] move: Wish|[wisher] Alomomola
|upkeep
|turn|15
|
|t:|1769405009
|move|p2a: Latios|Calm Mind|p2a: Latios
|-boost|p2a: Latios|spa|1
|-boost|p2a: Latios|spd|1
|move|p1a: Deoxys|Knock Off|p2a: Latios
|-supereffective|p2a: Latios
|-damage|p2a: Latios|52/100
|-enditem|p2a: Latios|Soul Dew|[from] move: Knock Off|[of] p1a: Deoxys
|
|upkeep
|turn|16
|
|t:|1769405018
|switch|p1a: Slowking|Slowking-Galar, F|100/100
|move|p2a: Latios|Recover|p2a: Latios
|-heal|p2a: Latios|100/100
|
|upkeep
|turn|17
|
|t:|1769405027
|move|p2a: Latios|Psychic Noise|p1a: Slowking
|-crit|p1a: Slowking
|-damage|p1a: Slowking|36/100
|-start|p1a: Slowking|move: Heal Block
|move|p1a: Slowking|Thunder Wave|p2a: Latios
|-status|p2a: Latios|par
|
|upkeep
|turn|18
|
|t:|1769405034
|switch|p1a: Deoxys|Deoxys-Defense|100/100
|-damage|p1a: Deoxys|88/100|[from] Stealth Rock
|-ability|p1a: Deoxys|Pressure
|move|p2a: Latios|Draco Meteor|p1a: Deoxys
|-damage|p1a: Deoxys|6/100
|-unboost|p2a: Latios|spa|2
|
|-heal|p1a: Deoxys|12/100|[from] item: Leftovers
|upkeep
|turn|19
|
|t:|1769405046
|switch|p2a: Weavile|Weavile, M|100/100
|-ability|p2a: Weavile|Pressure
|move|p1a: Deoxys|Recover|p1a: Deoxys
|-heal|p1a: Deoxys|62/100
|
|-heal|p1a: Deoxys|68/100|[from] item: Leftovers
|upkeep
|turn|20
|j| ThatBrownBoy
|
|t:|1769405050
|move|p1a: Deoxys|Protect|p1a: Deoxys
|-singleturn|p1a: Deoxys|Protect
|move|p2a: Weavile|Swords Dance|p2a: Weavile
|-boost|p2a: Weavile|atk|2
|
|-heal|p1a: Deoxys|74/100|[from] item: Leftovers
|upkeep
|turn|21
|
|t:|1769405054
|switch|p1a: Dondozo|Dondozo, M|100/100
|-damage|p1a: Dondozo|88/100|[from] Stealth Rock
|move|p2a: Weavile|Knock Off|p1a: Dondozo
|-damage|p1a: Dondozo|66/100
|-enditem|p1a: Dondozo|Leftovers|[from] move: Knock Off|[of] p2a: Weavile
|
|upkeep
|turn|22
|
|t:|1769405064
|switch|p2a: Tinkaton|Tinkaton, F|100/100
|-ability|p2a: Tinkaton|Mold Breaker
|-item|p2a: Tinkaton|Air Balloon
|move|p1a: Dondozo|Body Press|p2a: Tinkaton
|-damage|p2a: Tinkaton|71/100
|-enditem|p2a: Tinkaton|Air Balloon
|
|upkeep
|turn|23
|
|t:|1769405071
|switch|p2a: Walking Wake|Walking Wake|96/100
|switch|p1a: Alomomola|Alomomola, F|100/100 par
|-damage|p1a: Alomomola|88/100 par|[from] Stealth Rock
|
|upkeep
|turn|24
|
|t:|1769405076
|switch|p1a: Slowking|Slowking-Galar, F|69/100
|move|p2a: Walking Wake|Draco Meteor|p1a: Slowking
|-damage|p1a: Slowking|28/100
|-unboost|p2a: Walking Wake|spa|2
|
|upkeep
|turn|25
|
|t:|1769405081
|move|p2a: Walking Wake|Knock Off|p1a: Slowking
|-supereffective|p1a: Slowking
|-damage|p1a: Slowking|0 fnt
|-enditem|p1a: Slowking|Heavy-Duty Boots|[from] move: Knock Off|[of] p2a: Walking Wake
|faint|p1a: Slowking
|
|upkeep
|
|t:|1769405084
|switch|p1a: Corviknight|Corviknight, F|88/100
|-damage|p1a: Corviknight|76/100|[from] Stealth Rock
|-ability|p1a: Corviknight|Pressure
|turn|26
|
|t:|1769405088
|move|p2a: Walking Wake|Surf|p1a: Corviknight
|-damage|p1a: Corviknight|55/100
|move|p1a: Corviknight|Defog|p2a: Walking Wake
|-unboost|p2a: Walking Wake|evasion|1
|-sideend|p1: Nardgo|Stealth Rock|[from] move: Defog|[of] p1a: Corviknight
|
|upkeep
|turn|27
|
|t:|1769405091
|move|p2a: Walking Wake|Flip Turn|p1a: Corviknight
|-damage|p1a: Corviknight|47/100
|-damage|p2a: Walking Wake|80/100|[from] item: Rocky Helmet|[of] p1a: Corviknight
|
|t:|1769405094
|-end|p2a: Walking Wake|Protosynthesis|[silent]
|switch|p2a: Garchomp|Garchomp, F|40/100 brn|[from] Flip Turn
|move|p1a: Corviknight|U-turn|p2a: Garchomp
|-damage|p2a: Garchomp|31/100 brn
|-damage|p1a: Corviknight|35/100|[from] ability: Rough Skin|[of] p2a: Garchomp
|-damage|p1a: Corviknight|18/100|[from] item: Rocky Helmet|[of] p2a: Garchomp
|
|t:|1769405098
|switch|p1a: Kyurem|Kyurem|100/100|[from] U-turn
|-ability|p1a: Kyurem|Pressure
|
|-damage|p2a: Garchomp|25/100 brn|[from] brn
|upkeep
|turn|28
|
|t:|1769405109
|switch|p2a: Zamazenta|Zamazenta|100/100
|-ability|p2a: Zamazenta|Dauntless Shield|boost
|-boost|p2a: Zamazenta|def|1
|move|p1a: Kyurem|Freeze-Dry|p2a: Zamazenta
|-damage|p2a: Zamazenta|76/100
|
|upkeep
|turn|29
|
|t:|1769405115
|switch|p1a: Dondozo|Dondozo, M|66/100
|move|p2a: Zamazenta|Close Combat|p1a: Dondozo
|-damage|p1a: Dondozo|41/100
|-unboost|p2a: Zamazenta|def|1
|-unboost|p2a: Zamazenta|spd|1
|
|upkeep
|turn|30
|
|t:|1769405121
|switch|p2a: Tinkaton|Tinkaton, F|71/100
|-ability|p2a: Tinkaton|Mold Breaker
|switch|p1a: Alomomola|Alomomola, F|100/100 par
|
|upkeep
|turn|31
|
|t:|1769405126
|move|p2a: Tinkaton|Stealth Rock|p1a: Alomomola
|-sidestart|p1: Nardgo|move: Stealth Rock
|cant|p1a: Alomomola|par
|
|upkeep
|turn|32
|
|t:|1769405132
|switch|p2a: Weavile|Weavile, M|100/100
|-ability|p2a: Weavile|Pressure
|move|p1a: Alomomola|Wish|p1a: Alomomola
|
|upkeep
|turn|33
|
|t:|1769405140
|move|p2a: Weavile|Knock Off|p1a: Alomomola
|-damage|p1a: Alomomola|85/100 par
|move|p1a: Alomomola|Flip Turn|p2a: Weavile
|-damage|p2a: Weavile|75/100
|
|t:|1769405146
|switch|p1a: Corviknight|Corviknight, F|18/100|[from] Flip Turn
|-damage|p1a: Corviknight|6/100|[from] Stealth Rock
|-ability|p1a: Corviknight|Pressure
|
|-heal|p1a: Corviknight|73/100|[from] move: Wish|[wisher] Alomomola
|upkeep
|turn|34
|
|t:|1769405153
|switch|p2a: Tinkaton|Tinkaton, F|71/100
|-ability|p2a: Tinkaton|Mold Breaker
|move|p1a: Corviknight|U-turn|p2a: Tinkaton
|-resisted|p2a: Tinkaton
|-damage|p2a: Tinkaton|67/100
|
|t:|1769405155
|switch|p1a: Alomomola|Alomomola, F|100/100 par|[from] U-turn
|-damage|p1a: Alomomola|88/100 par|[from] Stealth Rock
|
|upkeep
|turn|35
|
|t:|1769405160
|switch|p2a: Latios|Latios, M|100/100 par
|move|p1a: Alomomola|Wish|p1a: Alomomola
|
|upkeep
|turn|36
|
|t:|1769405166
|switch|p1a: Deoxys|Deoxys-Defense|74/100
|-damage|p1a: Deoxys|62/100|[from] Stealth Rock
|-ability|p1a: Deoxys|Pressure
|move|p2a: Latios|Calm Mind|p2a: Latios
|-boost|p2a: Latios|spa|1
|-boost|p2a: Latios|spd|1
|
|-heal|p1a: Deoxys|100/100|[from] move: Wish|[wisher] Alomomola
|upkeep
|turn|37
|
|t:|1769405172
|move|p1a: Deoxys|Knock Off|p2a: Latios
|-supereffective|p2a: Latios
|-damage|p2a: Latios|68/100 par
|move|p2a: Latios|Calm Mind|p2a: Latios
|-boost|p2a: Latios|spa|1
|-boost|p2a: Latios|spd|1
|
|upkeep
|turn|38
|
|t:|1769405174
|move|p1a: Deoxys|Knock Off|p2a: Latios
|-supereffective|p2a: Latios
|-damage|p2a: Latios|38/100 par
|move|p2a: Latios|Recover|p2a: Latios
|-heal|p2a: Latios|88/100 par
|
|upkeep
|turn|39
|
|t:|1769405178
|move|p1a: Deoxys|Knock Off|p2a: Latios
|-supereffective|p2a: Latios
|-damage|p2a: Latios|56/100 par
|move|p2a: Latios|Psychic Noise|p1a: Deoxys
|-resisted|p1a: Deoxys
|-damage|p1a: Deoxys|79/100
|-start|p1a: Deoxys|move: Heal Block
|
|upkeep
|turn|40
|
|t:|1769405184
|move|p1a: Deoxys|Knock Off|p2a: Latios
|-supereffective|p2a: Latios
|-damage|p2a: Latios|28/100 par
|cant|p2a: Latios|par
|
|-end|p1a: Deoxys|move: Heal Block
|upkeep
|turn|41
|
|t:|1769405191
|-terastallize|p2a: Latios|Steel
|move|p1a: Deoxys|Knock Off|p2a: Latios
|-damage|p2a: Latios|13/100 par
|move|p2a: Latios|Recover|p2a: Latios
|-heal|p2a: Latios|63/100 par
|
|-heal|p1a: Deoxys|85/100|[from] item: Leftovers
|upkeep
|turn|42
|
|t:|1769405209
|switch|p1a: Kyurem|Kyurem|100/100
|-damage|p1a: Kyurem|75/100|[from] Stealth Rock
|-ability|p1a: Kyurem|Pressure
|move|p2a: Latios|Draco Meteor|p1a: Kyurem
|-supereffective|p1a: Kyurem
|-damage|p1a: Kyurem|0 fnt
|-unboost|p2a: Latios|spa|2
|faint|p1a: Kyurem
|
|upkeep
|-message|Nardgo forfeited.
|
|win|Igoodnamename
|raw|Nardgo's rating: 1476 &rarr; <strong>1461</strong><br />(-15 for losing)
|raw|Igoodnamename's rating: 1562 &rarr; <strong>1577</strong><br />(+15 for winning)
|l|☆Nardgo
|player|p1|
|l|☆Igoodnamename
|player|p2|
