|j|☆timmytohns
|j|☆thebambi1234
|t:|1769422009
|gametype|singles
|player|p1|timmytohns|101|1411
|player|p2|thebambi1234|102|1415
|gen|9
|tier|[Gen 9] OU
|rated|
|rule|HP Percentage Mod: HP is shown in percentages
|rule|Endless Battle Clause: Forcing endless battles is banned
|rule|Species Clause: Limit one of each Pokémon
|rule|OHKO Clause: OHKO moves are banned
|rule|Evasion Items Clause: Evasion items are banned
|rule|Evasion Moves Clause: Evasion moves are banned
|rule|Evasion Abilities Clause: Evasion abilities are banned
|rule|Sleep Moves Clause: Sleep-inducing moves are banned
|clearpoke
|poke|p1|Ogerpon-Wellspring, F|
|poke|p1|Dragonite, F|
|poke|p1|Glimmora, F|
|poke|p1|Gholdengo|
|poke|p1|Samurott-Hisui, F|
|poke|p1|Zamazenta-*|
|poke|p2|Kommo-o, F|
|poke|p2|Ribombee, M|
|poke|p2|Dragapult, F|
|poke|p2|Gliscor, F|
|poke|p2|Cinderace, F|
|poke|p2|Ogerpon-Wellspring, F|
|teampreview
|inactive|Battle timer is ON: inactive players will automatically lose when time's up. (requested by thebambi1234)
|
|t:|1769422012
|teamsize|p1|6
|teamsize|p2|6
|start
|switch|p1a: Glimmora|Glimmora, F|100/100
|switch|p2a: Ribombee|Ribombee, M|100/100
|turn|1
|
|t:|1769422019
|move|p2a: Ribombee|Stun Spore|p1a: Glimmora
|-status|p1a: Glimmora|par
|move|p1a: Glimmora|Stealth Rock|p2a: Ribombee
|-sidestart|p2: thebambi1234|move: Stealth Rock
|
|upkeep
|turn|2
|
|t:|1769422025
|switch|p2a: Gliscor|Gliscor, F, shiny|100/100
|-damage|p2a: Gliscor|88/100|[from] Stealth Rock
|move|p1a: Glimmora|Mortal Spin|p2a: Gliscor
|-resisted|p2a: Gliscor
|-damage|p2a: Gliscor|85/100
|-status|p2a: Gliscor|psn
|
|-heal|p2a: Gliscor|97/100 psn|[from] ability: Poison Heal
|upkeep
|turn|3
|
|t:|1769422034
|move|p2a: Gliscor|Swords Dance|p2a: Gliscor
|-boost|p2a: Gliscor|atk|2
|move|p1a: Glimmora|Power Gem|p2a: Gliscor
|-damage|p2a: Gliscor|31/100 psn
|
|-heal|p2a: Gliscor|43/100 psn|[from] ability: Poison Heal
|upkeep
|turn|4
|
|t:|1769422038
|move|p2a: Gliscor|Protect|p2a: Gliscor
|-singleturn|p2a: Gliscor|Protect
|move|p1a: Glimmora|Power Gem|p2a: Gliscor
|-activate|p2a: Gliscor|move: Protect
|
|-heal|p2a: Gliscor|56/100 psn|[from] ability: Poison Heal
|upkeep
|turn|5
|
|t:|1769422057
|move|p2a: Gliscor|Earthquake|p1a: Glimmora
|-supereffective|p1a: Glimmora
|-enditem|p1a: Glimmora|Focus Sash
|-damage|p1a: Glimmora|1/100 par
|-activate|p1a: Glimmora|ability: Toxic Debris
|-sidestart|p2: thebambi1234|move: Toxic Spikes
|move|p1a: Glimmora|Power Gem|p2a: Gliscor
|-damage|p2a: Gliscor|0 fnt
|faint|p2a: Gliscor
|
|upkeep
|
|t:|1769422060
|switch|p2a: Cinderace|Cinderace, F|100/100
|turn|6
|
|t:|1769422093
|move|p2a: Cinderace|Court Change|p2a: Cinderace
|-start|p2a: Cinderace|typechange|Normal|[from] ability: Libero
|-swapsideconditions
|-activate|p2a: Cinderace|move: Court Change
|move|p1a: Glimmora|Stealth Rock|p2a: Cinderace
|-sidestart|p2: thebambi1234|move: Stealth Rock
|
|upkeep
|turn|7
|
|t:|1769422101
|move|p2a: Cinderace|Pyro Ball|p1a: Glimmora
|-resisted|p1a: Glimmora
|-damage|p1a: Glimmora|0 fnt
|-activate|p1a: Glimmora|ability: Toxic Debris
|-sidestart|p2: thebambi1234|move: Toxic Spikes
|faint|p1a: Glimmora
|
|upkeep
|inactive|timmytohns has 120 seconds left.
|
|t:|1769422130
|switch|p1a: Zamazenta|Zamazenta|100/100
|-damage|p1a: Zamazenta|94/100|[from] Stealth Rock
|-status|p1a: Zamazenta|psn
|-ability|p1a: Zamazenta|Dauntless Shield|boost
|-boost|p1a: Zamazenta|def|1
|turn|8
|
|t:|1769422140
|move|p1a: Zamazenta|Body Press|p2a: Cinderace
|-supereffective|p2a: Cinderace
|-damage|p2a: Cinderace|0 fnt
|faint|p2a: Cinderace
|
|-heal|p1a: Zamazenta|100/100 psn|[from] item: Leftovers
|-damage|p1a: Zamazenta|88/100 psn|[from] psn
|upkeep
|
|t:|1769422145
|switch|p2a: Ribombee|Ribombee, M|100/100
|-damage|p2a: Ribombee|76/100|[from] Stealth Rock
|-status|p2a: Ribombee|psn
|turn|9
|
|t:|1769422152
|switch|p1a: Gholdengo|Gholdengo|100/100
|-damage|p1a: Gholdengo|94/100|[from] Stealth Rock
|-item|p1a: Gholdengo|Air Balloon
|move|p2a: Ribombee|Moonblast|p1a: Gholdengo
|-resisted|p1a: Gholdengo
|-damage|p1a: Gholdengo|73/100
|-enditem|p1a: Gholdengo|Air Balloon
|
|-damage|p2a: Ribombee|63/100 psn|[from] psn
|upkeep
|turn|10
|
|t:|1769422166
|move|p2a: Ribombee|Sticky Web|p1a: Gholdengo
|-sidestart|p1: timmytohns|move: Sticky Web
|move|p1a: Gholdengo|Shadow Ball|p2a: Ribombee
|-damage|p2a: Ribombee|0 fnt
|faint|p2a: Ribombee
|
|upkeep
|
|t:|1769422170
|switch|p2a: Kommo-o|Kommo-o, F|100/100
|-damage|p2a: Kommo-o|94/100|[from] Stealth Rock
|-status|p2a: Kommo-o|psn
|turn|11
|
|t:|1769422181
|move|p2a: Kommo-o|Clangorous Soul|p2a: Kommo-o
|-boost|p2a: Kommo-o|atk|1
|-boost|p2a: Kommo-o|def|1
|-boost|p2a: Kommo-o|spa|1
|-boost|p2a: Kommo-o|spd|1
|-boost|p2a: Kommo-o|spe|1
|-damage|p2a: Kommo-o|61/100 psn
|-enditem|p2a: Kommo-o|Throat Spray
|-boost|p2a: Kommo-o|spa|1|[from] item: Throat Spray
|move|p1a: Gholdengo|Make It Rain|p2a: Kommo-o
|-damage|p2a: Kommo-o|13/100 psn
|-unboost|p1a: Gholdengo|spa|1
|
|-damage|p2a: Kommo-o|0 fnt|[from] psn
|faint|p2a: Kommo-o
|upkeep
|-message|thebambi1234 forfeited.
|
|win|timmytohns
|raw|timmytohns's rating: 1411 &rarr; <strong>1431</strong><br />(+20 for winning)
|raw|thebambi1234's rating: 1415 &rarr; <strong>1395</strong><br />(-20 for losing)
|l|☆thebambi1234
|player|p2|
|c|☆timmytohns|gg
|l|☆timmytohns
|player|p1|
