|j|☆Mr.dinguery
|j|☆HollowMcrowav
|t:|1769411044
|gametype|singles
|player|p1|Mr.dinguery|backersf|1320
|player|p2|HollowMcrowav|miku-ghost|1316
|gen|9
|tier|[Gen 9] OU
|rated|
|rule|HP Percentage Mod: HP is shown in percentages
|rule|Endless Battle Clause: Forcing endless battles is banned
|rule|Species Clause: Limit one of each Pokémon
|rule|OHKO Clause: OHKO moves are banned
|rule|Evasion Items Clause: Evasion items are banned
|rule|Evasion Moves Clause: Evasion moves are banned
|rule|Evasion Abilities Clause: Evasion abilities are banned
|rule|Sleep Moves Clause: Sleep-inducing moves are banned
|clearpoke
|poke|p1|Dragapult, F|
|poke|p1|Garganacl, F|
|poke|p1|Weavile, F|
|poke|p1|Iron Valiant|
|poke|p1|Excadrill, F|
|poke|p1|Meloetta|
|poke|p2|Tyranitar, M|
|poke|p2|Excadrill, M|
|poke|p2|Iron Valiant|
|poke|p2|Ogerpon, F|
|poke|p2|Zapdos|
|poke|p2|Toxapex, F|
|teampreview
|inactive|Battle timer is ON: inactive players will automatically lose when time's up. (requested by Mr.dinguery)
|
|t:|1769411078
|teamsize|p1|6
|teamsize|p2|6
|start
|switch|p1a: Excadrill|Excadrill, F|100/100
|switch|p2a: Tyranitar|Tyranitar, M, shiny|100/100
|-ability|p1a: Excadrill|Mold Breaker
|-weather|Sandstorm|[from] ability: Sand Stream|[of] p2a: Tyranitar
|turn|1
|
|t:|1769411090
|switch|p2a: Toxapex|Toxapex, F|100/100
|move|p1a: Excadrill|Stealth Rock|p2a: Toxapex
|-sidestart|p2: HollowMcrowav|move: Stealth Rock
|
|-weather|Sandstorm|[upkeep]
|-damage|p2a: Toxapex|95/100|[from] Sandstorm
|upkeep
|turn|2
|
|t:|1769411099
|switch|p1a: Meloetta|Meloetta, shiny|100/100
|move|p2a: Toxapex|Toxic|p1a: Meloetta
|-status|p1a: Meloetta|tox
|
|-weather|Sandstorm|[upkeep]
|-damage|p1a: Meloetta|94/100 tox|[from] Sandstorm
|-damage|p2a: Toxapex|89/100|[from] Sandstorm
|-damage|p1a: Meloetta|88/100 tox|[from] psn
|upkeep
|turn|3
|c|☆HollowMcrowav|damn
|
|t:|1769411119
|move|p1a: Meloetta|Relic Song|p2a: Toxapex
|-damage|p2a: Toxapex|52/100
|-status|p2a: Toxapex|slp|[from] move: Relic Song
|-enditem|p2a: Toxapex|Eject Button
|-formechange|p1a: Meloetta|Meloetta-Pirouette|[msg]
|-damage|p1a: Meloetta|78/100 tox|[from] item: Life Orb
|inactive|HollowMcrowav has 120 seconds left.
|
|t:|1769411166
|switch|p2a: Iron Valiant|Iron Valiant|100/100
|-damage|p2a: Iron Valiant|94/100|[from] Stealth Rock
|
|-weather|Sandstorm|[upkeep]
|-damage|p1a: Meloetta|72/100 tox|[from] Sandstorm
|-damage|p2a: Iron Valiant|88/100|[from] Sandstorm
|-damage|p1a: Meloetta|60/100 tox|[from] psn
|upkeep
|turn|4
|
|t:|1769411177
|move|p1a: Meloetta|Knock Off|p2a: Iron Valiant
|-resisted|p2a: Iron Valiant
|-damage|p2a: Iron Valiant|77/100
|-enditem|p2a: Iron Valiant|Choice Specs|[from] move: Knock Off|[of] p1a: Meloetta
|-damage|p1a: Meloetta|50/100 tox|[from] item: Life Orb
|move|p2a: Iron Valiant|Moonblast|p1a: Meloetta
|-supereffective|p1a: Meloetta
|-damage|p1a: Meloetta|0 fnt
|faint|p1a: Meloetta
|
|-weather|Sandstorm|[upkeep]
|-damage|p2a: Iron Valiant|71/100|[from] Sandstorm
|upkeep
|
|t:|1769411188
|switch|p1a: Weavile|Weavile, F|100/100
|-ability|p1a: Weavile|Pressure
|turn|5
|
|t:|1769411195
|move|p2a: Iron Valiant|Vacuum Wave|p1a: Weavile
|-supereffective|p1a: Weavile
|-damage|p1a: Weavile|0 fnt
|faint|p1a: Weavile
|
|-weather|Sandstorm|[upkeep]
|-damage|p2a: Iron Valiant|65/100|[from] Sandstorm
|upkeep
|
|t:|1769411200
|switch|p1a: Excadrill|Excadrill, F|100/100
|-ability|p1a: Excadrill|Mold Breaker
|turn|6
|c|☆HollowMcrowav|thanks for removing specs
|inactive|HollowMcrowav has 120 seconds left.
|
|t:|1769411221
|-end|p2a: Iron Valiant|Quark Drive|[silent]
|switch|p2a: Zapdos|Zapdos|100/100
|move|p1a: Excadrill|Iron Head|p2a: Zapdos
|-resisted|p2a: Zapdos
|-damage|p2a: Zapdos|76/100
|
|-weather|Sandstorm|[upkeep]
|-damage|p2a: Zapdos|70/100|[from] Sandstorm
|upkeep
|turn|7
|c|☆Mr.dinguery|I forgot vacuum
|c|☆HollowMcrowav|i do too sometimes haha
|
|t:|1769411247
|move|p2a: Zapdos|Heat Wave|p1a: Excadrill
|-supereffective|p1a: Excadrill
|-damage|p1a: Excadrill|22/100
|move|p1a: Excadrill|Swords Dance|p1a: Excadrill
|-boost|p1a: Excadrill|atk|2
|
|-weather|Sandstorm|[upkeep]
|-damage|p2a: Zapdos|63/100|[from] Sandstorm
|upkeep
|turn|8
|c|☆HollowMcrowav|even when i have it
|
|t:|1769411269
|switch|p2a: Toxapex|Toxapex, F|86/100 slp
|-damage|p2a: Toxapex|73/100 slp|[from] Stealth Rock
|move|p1a: Excadrill|Iron Head|p2a: Toxapex
|-resisted|p2a: Toxapex
|-damage|p2a: Toxapex|43/100 slp
|
|-weather|none
|upkeep
|turn|9
|c|☆Mr.dinguery|Lol
|
|t:|1769411284
|switch|p1a: Garganacl|Garganacl, F|100/100
|cant|p2a: Toxapex|slp
|
|upkeep
|turn|10
|inactive|HollowMcrowav has 90 seconds left.
|
|t:|1769411303
|switch|p2a: Ogerpon|Ogerpon, F|100/100
|-damage|p2a: Ogerpon|88/100|[from] Stealth Rock
|move|p1a: Garganacl|Salt Cure|p2a: Ogerpon
|-damage|p2a: Ogerpon|70/100
|-start|p2a: Ogerpon|Salt Cure
|
|-damage|p2a: Ogerpon|58/100|[from] Salt Cure
|upkeep
|turn|11
|
|t:|1769411312
|switch|p1a: Excadrill|Excadrill, F|22/100
|-ability|p1a: Excadrill|Mold Breaker
|move|p2a: Ogerpon|Knock Off|p1a: Excadrill
|-damage|p1a: Excadrill|0 fnt
|-enditem|p1a: Excadrill|Focus Sash|[from] move: Knock Off|[of] p2a: Ogerpon
|faint|p1a: Excadrill
|
|-damage|p2a: Ogerpon|46/100|[from] Salt Cure
|upkeep
|
|t:|1769411321
|switch|p1a: Dragapult|Dragapult, F|100/100
|turn|12
|
|t:|1769411328
|switch|p1a: Iron Valiant|Iron Valiant|100/100
|-enditem|p1a: Iron Valiant|Booster Energy
|-activate|p1a: Iron Valiant|ability: Quark Drive|[fromitem]
|-start|p1a: Iron Valiant|quarkdrivespe
|-terastallize|p2a: Ogerpon|Grass
|detailschange|p2a: Ogerpon|Ogerpon-Teal-Tera, F, tera:Grass
|-ability|p2a: Ogerpon|Embody Aspect (Teal)|boost
|-boost|p2a: Ogerpon|spe|1
|move|p2a: Ogerpon|Knock Off|p1a: Iron Valiant
|-resisted|p1a: Iron Valiant
|-damage|p1a: Iron Valiant|91/100
|
|-damage|p2a: Ogerpon|33/100|[from] Salt Cure
|upkeep
|turn|13
|
|t:|1769411347
|switch|p2a: Toxapex|Toxapex, F|77/100 slp
|-damage|p2a: Toxapex|65/100 slp|[from] Stealth Rock
|move|p1a: Iron Valiant|Spirit Break|p2a: Toxapex
|-resisted|p2a: Toxapex
|-damage|p2a: Toxapex|52/100 slp
|-unboost|p2a: Toxapex|spa|1
|
|upkeep
|turn|14
|c|☆HollowMcrowav|that was a good play
|
|t:|1769411367
|move|p1a: Iron Valiant|Swords Dance|p1a: Iron Valiant
|-boost|p1a: Iron Valiant|atk|2
|-curestatus|p2a: Toxapex|slp|[msg]
|move|p2a: Toxapex|Toxic Spikes|p1a: Iron Valiant
|-sidestart|p1: Mr.dinguery|move: Toxic Spikes
|
|upkeep
|turn|15
|
|t:|1769411380
|move|p1a: Iron Valiant|Knock Off|p2a: Toxapex
|-damage|p2a: Toxapex|20/100
|move|p2a: Toxapex|Toxic|p1a: Iron Valiant
|-status|p1a: Iron Valiant|tox
|
|-damage|p1a: Iron Valiant|85/100 tox|[from] psn
|upkeep
|turn|16
|
|t:|1769411387
|move|p1a: Iron Valiant|Knock Off|p2a: Toxapex
|-damage|p2a: Toxapex|0 fnt
|faint|p2a: Toxapex
|
|-damage|p1a: Iron Valiant|72/100 tox|[from] psn
|upkeep
|inactive|HollowMcrowav has 90 seconds left.
|
|t:|1769411431
|switch|p2a: Tyranitar|Tyranitar, M, shiny|100/100
|-damage|p2a: Tyranitar|88/100|[from] Stealth Rock
|-weather|Sandstorm|[from] ability: Sand Stream|[of] p2a: Tyranitar
|turn|17
|
|t:|1769411448
|move|p1a: Iron Valiant|Close Combat|p2a: Tyranitar
|-supereffective|p2a: Tyranitar
|-damage|p2a: Tyranitar|0 fnt
|-unboost|p1a: Iron Valiant|def|1
|-unboost|p1a: Iron Valiant|spd|1
|faint|p2a: Tyranitar
|
|-weather|Sandstorm|[upkeep]
|-damage|p1a: Iron Valiant|66/100 tox|[from] Sandstorm
|-damage|p1a: Iron Valiant|48/100 tox|[from] psn
|upkeep
|inactive|HollowMcrowav has 60 seconds left.
|
|t:|1769411463
|switch|p2a: Excadrill|Excadrill, M, shiny|100/100
|-damage|p2a: Excadrill|97/100|[from] Stealth Rock
|turn|18
|inactive|HollowMcrowav has 60 seconds left.
|
|t:|1769411476
|move|p2a: Excadrill|Earthquake|p1a: Iron Valiant
|-damage|p1a: Iron Valiant|0 fnt
|faint|p1a: Iron Valiant
|-end|p1a: Iron Valiant|Quark Drive|[silent]
|
|-weather|Sandstorm|[upkeep]
|-heal|p2a: Excadrill|100/100|[from] item: Leftovers
|upkeep
|
|t:|1769411479
|switch|p1a: Garganacl|Garganacl, F|100/100
|turn|19
|c|☆HollowMcrowav|plan executed
|
|t:|1769411489
|-terastallize|p1a: Garganacl|Grass
|move|p2a: Excadrill|Earthquake|p1a: Garganacl
|-resisted|p1a: Garganacl
|-crit|p1a: Garganacl
|-damage|p1a: Garganacl|79/100
|move|p1a: Garganacl|Substitute|p1a: Garganacl
|-start|p1a: Garganacl|Substitute
|-damage|p1a: Garganacl|54/100
|
|-weather|Sandstorm|[upkeep]
|-damage|p1a: Garganacl|48/100|[from] Sandstorm
|-heal|p1a: Garganacl|54/100|[from] item: Leftovers
|upkeep
|turn|20
|
|t:|1769411505
|move|p2a: Excadrill|Iron Head|p1a: Garganacl
|-activate|p1a: Garganacl|move: Substitute|[damage]
|move|p1a: Garganacl|Salt Cure|p2a: Excadrill
|-resisted|p2a: Excadrill
|-damage|p2a: Excadrill|96/100
|-start|p2a: Excadrill|Salt Cure
|
|-weather|Sandstorm|[upkeep]
|-damage|p1a: Garganacl|48/100|[from] Sandstorm
|-heal|p2a: Excadrill|100/100|[from] item: Leftovers
|-heal|p1a: Garganacl|54/100|[from] item: Leftovers
|-damage|p2a: Excadrill|76/100|[from] Salt Cure
|upkeep
|turn|21
|inactive|HollowMcrowav has 60 seconds left.
|
|t:|1769411523
|switch|p2a: Zapdos|Zapdos|63/100
|move|p1a: Garganacl|Recover|p1a: Garganacl
|-heal|p1a: Garganacl|100/100
|
|-weather|Sandstorm|[upkeep]
|-damage|p2a: Zapdos|57/100|[from] Sandstorm
|-damage|p1a: Garganacl|94/100|[from] Sandstorm
|-heal|p1a: Garganacl|100/100|[from] item: Leftovers
|upkeep
|turn|22
|c|☆Mr.dinguery|I dont know if i can win
|inactive|HollowMcrowav has 60 seconds left.
|
|t:|1769411542
|move|p2a: Zapdos|Heat Wave|p1a: Garganacl
|-supereffective|p1a: Garganacl
|-end|p1a: Garganacl|Substitute
|move|p1a: Garganacl|Salt Cure|p2a: Zapdos
|-supereffective|p2a: Zapdos
|-damage|p2a: Zapdos|22/100
|-start|p2a: Zapdos|Salt Cure
|
|-weather|Sandstorm|[upkeep]
|-damage|p2a: Zapdos|15/100|[from] Sandstorm
|-damage|p1a: Garganacl|94/100|[from] Sandstorm
|-heal|p1a: Garganacl|100/100|[from] item: Leftovers
|-damage|p2a: Zapdos|3/100|[from] Salt Cure
|upkeep
|turn|23
|inactive|HollowMcrowav has 60 seconds left.
|
|t:|1769411558
|switch|p1a: Dragapult|Dragapult, F|100/100
|-status|p1a: Dragapult|psn
|move|p2a: Zapdos|Hurricane|p1a: Dragapult|[miss]
|-miss|p2a: Zapdos|p1a: Dragapult
|
|-weather|Sandstorm|[upkeep]
|-damage|p1a: Dragapult|95/100 psn|[from] Sandstorm
|-damage|p2a: Zapdos|0 fnt|[from] Sandstorm
|faint|p2a: Zapdos
|-damage|p1a: Dragapult|82/100 psn|[from] psn
|upkeep
|c|☆HollowMcrowav|defo can
|c|☆HollowMcrowav|tbh i missed hurricane so idki
|inactive|HollowMcrowav has 30 seconds left.
|
|t:|1769411588
|switch|p2a: Ogerpon|Ogerpon-Teal-Tera, F, tera:Grass|33/100
|-damage|p2a: Ogerpon|21/100|[from] Stealth Rock
|-ability|p2a: Ogerpon|Embody Aspect (Teal)|boost
|-boost|p2a: Ogerpon|spe|1
|turn|24
|c|☆Mr.dinguery|70%=22,3% in poke
|
|t:|1769411605
|move|p2a: Ogerpon|Knock Off|p1a: Dragapult
|-supereffective|p1a: Dragapult
|-damage|p1a: Dragapult|0 fnt
|-enditem|p1a: Dragapult|Draco Plate|[from] move: Knock Off|[of] p2a: Ogerpon
|faint|p1a: Dragapult
|
|-weather|none
|upkeep
|
|t:|1769411608
|switch|p1a: Garganacl|Garganacl, F, tera:Grass|100/100
|turn|25
|c|☆HollowMcrowav|haha i just knew
|
|t:|1769411615
|move|p2a: Ogerpon|Knock Off|p1a: Garganacl
|-damage|p1a: Garganacl|75/100
|-enditem|p1a: Garganacl|Leftovers|[from] move: Knock Off|[of] p2a: Ogerpon
|move|p1a: Garganacl|Substitute|p1a: Garganacl
|-start|p1a: Garganacl|Substitute
|-damage|p1a: Garganacl|50/100
|
|upkeep
|turn|26
|
|t:|1769411622
|move|p2a: Ogerpon|Knock Off|p1a: Garganacl
|-activate|p1a: Garganacl|move: Substitute|[damage]
|move|p1a: Garganacl|Salt Cure|p2a: Ogerpon
|-damage|p2a: Ogerpon|3/100
|-start|p2a: Ogerpon|Salt Cure
|
|-damage|p2a: Ogerpon|0 fnt|[from] Salt Cure
|faint|p2a: Ogerpon
|detailschange|p2: Ogerpon|Ogerpon, F|[silent]
|upkeep
|c|☆Mr.dinguery|Gg
|
|t:|1769411632
|switch|p2a: Excadrill|Excadrill, M, shiny|76/100
|-damage|p2a: Excadrill|73/100|[from] Stealth Rock
|turn|27
|c|☆Mr.dinguery|I lose
|c|☆HollowMcrowav|gg
|
|t:|1769411642
|move|p2a: Excadrill|Iron Head|p1a: Garganacl
|-end|p1a: Garganacl|Substitute
|move|p1a: Garganacl|Recover|p1a: Garganacl
|-heal|p1a: Garganacl|99/100
|
|-heal|p2a: Excadrill|79/100|[from] item: Leftovers
|upkeep
|turn|28
|inactive|HollowMcrowav has 60 seconds left.
|
|t:|1769411651
|move|p2a: Excadrill|Iron Head|p1a: Garganacl
|-damage|p1a: Garganacl|76/100
|move|p1a: Garganacl|Substitute|p1a: Garganacl
|-start|p1a: Garganacl|Substitute
|-damage|p1a: Garganacl|51/100
|
|-heal|p2a: Excadrill|85/100|[from] item: Leftovers
|upkeep
|turn|29
|c|☆HollowMcrowav|nah i can't stall you out
|inactive|HollowMcrowav has 60 seconds left.
|
|t:|1769411676
|move|p2a: Excadrill|Iron Head|p1a: Garganacl
|-activate|p1a: Garganacl|move: Substitute|[damage]
|move|p1a: Garganacl|Curse|p1a: Garganacl
|-unboost|p1a: Garganacl|spe|1
|-boost|p1a: Garganacl|atk|1
|-boost|p1a: Garganacl|def|1
|
|-heal|p2a: Excadrill|91/100|[from] item: Leftovers
|upkeep
|turn|30
|inactive|HollowMcrowav has 30 seconds left.
|
|t:|1769411711
|move|p2a: Excadrill|Iron Head|p1a: Garganacl
|-end|p1a: Garganacl|Substitute
|move|p1a: Garganacl|Recover|p1a: Garganacl
|-heal|p1a: Garganacl|100/100
|
|-heal|p2a: Excadrill|97/100|[from] item: Leftovers
|upkeep
|turn|31
|
|t:|1769411723
|move|p2a: Excadrill|Rock Slide|p1a: Garganacl
|-damage|p1a: Garganacl|91/100
|move|p1a: Garganacl|Salt Cure|p2a: Excadrill
|-resisted|p2a: Excadrill
|-damage|p2a: Excadrill|89/100
|-start|p2a: Excadrill|Salt Cure
|
|-heal|p2a: Excadrill|95/100|[from] item: Leftovers
|-damage|p2a: Excadrill|70/100|[from] Salt Cure
|upkeep
|turn|32
|
|t:|1769411738
|switch|p2a: Iron Valiant|Iron Valiant|65/100
|-damage|p2a: Iron Valiant|58/100|[from] Stealth Rock
|move|p1a: Garganacl|Substitute|p1a: Garganacl
|-start|p1a: Garganacl|Substitute
|-damage|p1a: Garganacl|66/100
|
|upkeep
|turn|33
|
|t:|1769411749
|move|p2a: Iron Valiant|Moonblast|p1a: Garganacl
|-end|p1a: Garganacl|Substitute
|move|p1a: Garganacl|Salt Cure|p2a: Iron Valiant
|-resisted|p2a: Iron Valiant
|-damage|p2a: Iron Valiant|44/100
|-start|p2a: Iron Valiant|Salt Cure
|
|-damage|p2a: Iron Valiant|32/100|[from] Salt Cure
|upkeep
|turn|34
|c|☆Mr.dinguery|Im scared
|
|t:|1769411758
|move|p2a: Iron Valiant|Moonblast|p1a: Garganacl
|-damage|p1a: Garganacl|26/100
|move|p1a: Garganacl|Recover|p1a: Garganacl
|-heal|p1a: Garganacl|76/100
|
|-damage|p2a: Iron Valiant|20/100|[from] Salt Cure
|upkeep
|turn|35
|c|☆HollowMcrowav|im even more scared
|
|t:|1769411766
|move|p2a: Iron Valiant|Moonblast|p1a: Garganacl
|-damage|p1a: Garganacl|33/100
|move|p1a: Garganacl|Recover|p1a: Garganacl
|-heal|p1a: Garganacl|83/100
|
|-damage|p2a: Iron Valiant|7/100|[from] Salt Cure
|upkeep
|turn|36
|c|☆HollowMcrowav|i can't stall this
|
|t:|1769411777
|move|p2a: Iron Valiant|Moonblast|p1a: Garganacl
|-damage|p1a: Garganacl|39/100
|move|p1a: Garganacl|Recover|p1a: Garganacl
|-heal|p1a: Garganacl|89/100
|
|-damage|p2a: Iron Valiant|0 fnt|[from] Salt Cure
|faint|p2a: Iron Valiant
|-end|p2a: Iron Valiant|Quark Drive|[silent]
|upkeep
|c|☆Mr.dinguery|1 crit
|
|t:|1769411786
|switch|p2a: Excadrill|Excadrill, M, shiny|70/100
|-damage|p2a: Excadrill|67/100|[from] Stealth Rock
|turn|37
|c|☆HollowMcrowav|ggs
|
|t:|1769411791
|move|p2a: Excadrill|Iron Head|p1a: Garganacl
|-damage|p1a: Garganacl|72/100
|move|p1a: Garganacl|Salt Cure|p2a: Excadrill
|-resisted|p2a: Excadrill
|-damage|p2a: Excadrill|60/100
|-start|p2a: Excadrill|Salt Cure
|
|-heal|p2a: Excadrill|66/100|[from] item: Leftovers
|-damage|p2a: Excadrill|41/100|[from] Salt Cure
|upkeep
|turn|38
|
|t:|1769411805
|move|p2a: Excadrill|Iron Head|p1a: Garganacl
|-damage|p1a: Garganacl|56/100
|move|p1a: Garganacl|Salt Cure|p2a: Excadrill
|-resisted|p2a: Excadrill
|-damage|p2a: Excadrill|33/100
|
|-heal|p2a: Excadrill|39/100|[from] item: Leftovers
|-damage|p2a: Excadrill|14/100|[from] Salt Cure
|upkeep
|turn|39
|c|☆Mr.dinguery|Gg u r a cool guy
|c|☆HollowMcrowav|yeah u too
|c|☆HollowMcrowav|pleased to meet ya
|
|t:|1769411824
|move|p2a: Excadrill|Rock Slide|p1a: Garganacl
|-damage|p1a: Garganacl|46/100
|cant|p1a: Garganacl|flinch
|
|-heal|p2a: Excadrill|20/100|[from] item: Leftovers
|-damage|p2a: Excadrill|0 fnt|[from] Salt Cure
|faint|p2a: Excadrill
|
|win|Mr.dinguery
|raw|Mr.dinguery's rating: 1320 &rarr; <strong>1340</strong><br />(+20 for winning)
|raw|HollowMcrowav's rating: 1316 &rarr; <strong>1296</strong><br />(-20 for losing)
|c|☆Mr.dinguery|Me too
|l|☆Mr.dinguery
|player|p1|
