|inactive|Battle timer is ON: inactive players will automatically lose when time's up.
|t:|1769368091
|gametype|singles
|player|p1|Fusien|#splxviityrants2|
|player|p2|Xrn|#splxviiclassiest|
|gen|9
|tier|[Gen 9] OU
|rule|HP Percentage Mod: HP is shown in percentages
|rule|Endless Battle Clause: Forcing endless battles is banned
|rule|Species Clause: Limit one of each Pokémon
|rule|OHKO Clause: OHKO moves are banned
|rule|Evasion Items Clause: Evasion items are banned
|rule|Evasion Moves Clause: Evasion moves are banned
|rule|Evasion Abilities Clause: Evasion abilities are banned
|rule|Sleep Moves Clause: Sleep-inducing moves are banned
|clearpoke
|poke|p1|Dragonite, F|
|poke|p1|Hatterene, F|
|poke|p1|Iron Treads|
|poke|p1|Garganacl, F|
|poke|p1|Zamazenta-*|
|poke|p1|Kyurem|
|poke|p2|Kingambit, F|
|poke|p2|Zamazenta-*|
|poke|p2|Glimmora, F|
|poke|p2|Gholdengo|
|poke|p2|Kyurem|
|poke|p2|Landorus-Therian, M|
|teampreview
|c|☆Fusien|hf
|raw|<div class="broadcast-red"><strong>Moderated chat was set to ☆!</strong><br />Only users of rank ☆ and higher can talk.</div>
|c|☆Xrn|u2
|inactive|Fusien has 270 seconds left.
|inactive|Xrn has 270 seconds left.
|inactive|Fusien has 240 seconds left.
|inactive|Xrn has 240 seconds left.
|inactive|Xrn has 210 seconds left.
|inactive|Fusien has 210 seconds left.
|inactive|Xrn has 180 seconds left.
|inactive|Xrn has 150 seconds left.
|
|t:|1769368246
|teamsize|p1|6
|teamsize|p2|6
|start
|switch|p1a: Hatterene|Hatterene, F|100/100
|switch|p2a: Glimmora|Glimmora, F, shiny|100/100
|turn|1
|inactive|Xrn has 210 seconds left.
|inactive|Fusien has 270 seconds left.
|inactive|Xrn has 180 seconds left.
|
|t:|1769368287
|switch|p1a: Iron Treads|Iron Treads|100/100
|move|p2a: Glimmora|Earth Power|p1a: Iron Treads
|-supereffective|p1a: Iron Treads
|-damage|p1a: Iron Treads|24/100
|
|-heal|p1a: Iron Treads|31/100|[from] item: Leftovers
|upkeep
|turn|2
|inactive|Fusien has 270 seconds left.
|inactive|Xrn has 180 seconds left.
|
|t:|1769368309
|switch|p2a: Kyurem|Kyurem, shiny|100/100
|-ability|p2a: Kyurem|Pressure
|-end|p1a: Iron Treads|Quark Drive|[silent]
|switch|p1a: Hatterene|Hatterene, F|100/100
|
|upkeep
|turn|3
|inactive|Xrn has 180 seconds left.
|rated|Smogon Premier League
|
|t:|1769368334
|switch|p2a: Landorus|Landorus-Therian, M, shiny|100/100
|-ability|p2a: Landorus|Intimidate|boost
|-unboost|p1a: Hatterene|atk|1
|move|p1a: Hatterene|Psychic Noise|p2a: Landorus
|-damage|p2a: Landorus|65/100
|-start|p2a: Landorus|move: Heal Block
|
|upkeep
|turn|4
|inactive|Xrn has 180 seconds left.
|inactive|Fusien has 240 seconds left.
|
|t:|1769368363
|move|p2a: Landorus|U-turn|p1a: Hatterene
|-damage|p1a: Hatterene|85/100
|-damage|p2a: Landorus|48/100|[from] item: Rocky Helmet|[of] p1a: Hatterene
|
|t:|1769368365
|switch|p2a: Gholdengo|Gholdengo|100/100|[from] U-turn
|-item|p2a: Gholdengo|Air Balloon
|move|p1a: Hatterene|Psychic Noise|p2a: Gholdengo
|-resisted|p2a: Gholdengo
|-damage|p2a: Gholdengo|83/100
|-start|p2a: Gholdengo|move: Heal Block
|-enditem|p2a: Gholdengo|Air Balloon
|
|upkeep
|turn|5
|inactive|Fusien has 240 seconds left.
|inactive|Xrn has 150 seconds left.
|inactive|Fusien has 210 seconds left.
|inactive|Fusien has 180 seconds left.
|inactive|Fusien has 150 seconds left.
|inactive|Fusien has 120 seconds left.
|
|t:|1769368512
|switch|p1a: Garganacl|Garganacl, F|100/100
|move|p2a: Gholdengo|Focus Blast|p1a: Garganacl|[miss]
|-miss|p2a: Gholdengo|p1a: Garganacl
|
|-end|p2a: Gholdengo|move: Heal Block
|upkeep
|turn|6
|inactive|Xrn has 120 seconds left.
|
|t:|1769368535
|switch|p2a: Landorus|Landorus-Therian, M, shiny|48/100
|-ability|p2a: Landorus|Intimidate|boost
|-unboost|p1a: Garganacl|atk|1
|move|p1a: Garganacl|Stealth Rock|p2a: Landorus
|-sidestart|p2: Xrn|move: Stealth Rock
|
|upkeep
|turn|7
|inactive|Xrn has 120 seconds left.
|
|t:|1769368565
|switch|p1a: Kyurem|Kyurem|100/100
|-ability|p1a: Kyurem|Pressure
|move|p2a: Landorus|Stealth Rock|p1a: Kyurem
|-sidestart|p1: Fusien|move: Stealth Rock
|
|upkeep
|turn|8
|
|t:|1769368580
|move|p1a: Kyurem|Draco Meteor|p2a: Landorus
|-damage|p2a: Landorus|0 fnt
|-unboost|p1a: Kyurem|spa|2
|faint|p2a: Landorus
|
|upkeep
|inactive|Xrn has 90 seconds left.
|
|t:|1769368617
|switch|p2a: Zamazenta|Zamazenta, shiny|100/100
|-damage|p2a: Zamazenta|94/100|[from] Stealth Rock
|-ability|p2a: Zamazenta|Dauntless Shield|boost
|-boost|p2a: Zamazenta|def|1
|turn|9
|inactive|Xrn has 60 seconds left.
|
|t:|1769368637
|switch|p1a: Hatterene|Hatterene, F|85/100
|-damage|p1a: Hatterene|73/100|[from] Stealth Rock
|move|p2a: Zamazenta|Heavy Slam|p1a: Hatterene
|-supereffective|p1a: Hatterene
|-damage|p1a: Hatterene|22/100
|-damage|p2a: Zamazenta|78/100|[from] item: Rocky Helmet|[of] p1a: Hatterene
|
|-heal|p2a: Zamazenta|84/100|[from] item: Leftovers
|upkeep
|turn|10
|inactive|Xrn has 60 seconds left.
|inactive|Fusien has 90 seconds left.
|
|t:|1769368661
|move|p2a: Zamazenta|Heavy Slam|p1a: Hatterene
|-supereffective|p1a: Hatterene
|-damage|p1a: Hatterene|0 fnt
|-damage|p2a: Zamazenta|67/100|[from] item: Rocky Helmet|[of] p1a: Hatterene
|faint|p1a: Hatterene
|
|-heal|p2a: Zamazenta|74/100|[from] item: Leftovers
|upkeep
|inactive|Fusien has 90 seconds left.
|
|t:|1769368684
|switch|p1a: Zamazenta|Zamazenta|100/100
|-ability|p1a: Zamazenta|Dauntless Shield|boost
|-boost|p1a: Zamazenta|def|1
|turn|11
|
|t:|1769368693
|move|p2a: Zamazenta|Iron Defense|p2a: Zamazenta
|-boost|p2a: Zamazenta|def|2
|move|p1a: Zamazenta|Roar|p2a: Zamazenta
|drag|p2a: Kingambit|Kingambit, F|100/100
|-damage|p2a: Kingambit|94/100|[from] Stealth Rock
|-activate|p2a: Kingambit|ability: Supreme Overlord
|-start|p2a: Kingambit|fallen1|[silent]
|
|-heal|p2a: Kingambit|100/100|[from] item: Leftovers
|upkeep
|turn|12
|inactive|Fusien has 90 seconds left.
|inactive|Xrn has 60 seconds left.
|
|t:|1769368719
|-end|p2a: Kingambit|fallen1|[silent]
|switch|p2a: Glimmora|Glimmora, F, shiny|100/100
|-damage|p2a: Glimmora|88/100|[from] Stealth Rock
|move|p1a: Zamazenta|Close Combat|p2a: Glimmora
|-damage|p2a: Glimmora|19/100
|-unboost|p1a: Zamazenta|def|1
|-unboost|p1a: Zamazenta|spd|1
|-activate|p2a: Glimmora|ability: Toxic Debris
|-sidestart|p1: Fusien|move: Toxic Spikes
|
|upkeep
|turn|13
|inactive|Xrn has 30 seconds left.
|
|t:|1769368754
|switch|p1a: Iron Treads|Iron Treads|31/100
|-damage|p1a: Iron Treads|28/100|[from] Stealth Rock
|move|p2a: Glimmora|Dazzling Gleam|p1a: Iron Treads
|-resisted|p1a: Iron Treads
|-damage|p1a: Iron Treads|10/100
|
|-heal|p1a: Iron Treads|16/100|[from] item: Leftovers
|upkeep
|turn|14
|inactive|Xrn has 30 seconds left.
|inactive|Fusien has 60 seconds left.
|
|t:|1769368802
|-end|p1a: Iron Treads|Quark Drive|[silent]
|switch|p1a: Garganacl|Garganacl, F|100/100
|-damage|p1a: Garganacl|88/100|[from] Stealth Rock
|move|p2a: Glimmora|Dazzling Gleam|p1a: Garganacl
|-damage|p1a: Garganacl|71/100
|
|-heal|p1a: Garganacl|77/100|[from] item: Leftovers
|upkeep
|turn|15
|inactive|Xrn has 30 seconds left.
|inactive|Xrn has 20 seconds left.
|inactive|Fusien has 30 seconds left.
|
|t:|1769368830
|move|p2a: Glimmora|Dazzling Gleam|p1a: Garganacl
|-damage|p1a: Garganacl|60/100
|move|p1a: Garganacl|Recover|p1a: Garganacl
|-heal|p1a: Garganacl|100/100
|
|upkeep
|turn|16
|inactive|Xrn has 30 seconds left this turn.
|
|t:|1769368840
|move|p2a: Glimmora|Dazzling Gleam|p1a: Garganacl
|-damage|p1a: Garganacl|83/100
|move|p1a: Garganacl|Salt Cure|p2a: Glimmora
|-damage|p2a: Glimmora|1/100
|-start|p2a: Glimmora|Salt Cure
|-activate|p2a: Glimmora|ability: Toxic Debris
|-sidestart|p1: Fusien|move: Toxic Spikes
|
|-heal|p1a: Garganacl|89/100|[from] item: Leftovers
|-damage|p2a: Glimmora|0 fnt|[from] Salt Cure
|faint|p2a: Glimmora
|upkeep
|inactive|Xrn has 30 seconds left this turn.
|
|t:|1769368842
|switch|p2a: Kingambit|Kingambit, F|100/100
|-damage|p2a: Kingambit|94/100|[from] Stealth Rock
|-activate|p2a: Kingambit|ability: Supreme Overlord
|-start|p2a: Kingambit|fallen2|[silent]
|turn|17
|inactive|Xrn has 30 seconds left.
|inactive|Fusien has 30 seconds left.
|inactive|Fusien has 20 seconds left.
|
|t:|1769368873
|-terastallize|p1a: Garganacl|Water
|move|p2a: Kingambit|Swords Dance|p2a: Kingambit
|-boost|p2a: Kingambit|atk|2
|move|p1a: Garganacl|Salt Cure|p2a: Kingambit
|-resisted|p2a: Kingambit
|-damage|p2a: Kingambit|89/100
|-start|p2a: Kingambit|Salt Cure
|
|-heal|p2a: Kingambit|95/100|[from] item: Leftovers
|-heal|p1a: Garganacl|95/100|[from] item: Leftovers
|-damage|p2a: Kingambit|70/100|[from] Salt Cure
|upkeep
|turn|18
|inactive|Fusien has 30 seconds left this turn.
|inactive|Fusien has 20 seconds left.
|inactive|Xrn has 30 seconds left.
|inactive|Fusien has 15 seconds left.
|
|t:|1769368891
|-terastallize|p2a: Kingambit|Ghost
|move|p2a: Kingambit|Kowtow Cleave|p1a: Garganacl
|-damage|p1a: Garganacl|16/100
|move|p1a: Garganacl|Recover|p1a: Garganacl
|-heal|p1a: Garganacl|66/100
|
|-heal|p2a: Kingambit|77/100|[from] item: Leftovers
|-heal|p1a: Garganacl|72/100|[from] item: Leftovers
|-damage|p2a: Kingambit|64/100|[from] Salt Cure
|upkeep
|turn|19
|inactive|Fusien has 25 seconds left this turn.
|inactive|Fusien has 20 seconds left.
|inactive|Xrn has 30 seconds left.
|
|t:|1769368901
|switch|p1a: Iron Treads|Iron Treads|16/100
|-damage|p1a: Iron Treads|13/100|[from] Stealth Rock
|move|p2a: Kingambit|Kowtow Cleave|p1a: Iron Treads
|-damage|p1a: Iron Treads|0 fnt
|faint|p1a: Iron Treads
|-end|p1a: Iron Treads|Quark Drive|[silent]
|
|-heal|p2a: Kingambit|70/100|[from] item: Leftovers
|-damage|p2a: Kingambit|58/100|[from] Salt Cure
|upkeep
|inactive|Fusien has 25 seconds left this turn.
|inactive|Fusien has 20 seconds left.
|
|t:|1769368909
|switch|p1a: Zamazenta|Zamazenta|100/100
|turn|20
|inactive|Fusien has 30 seconds left this turn.
|inactive|Xrn has 30 seconds left.
|
|t:|1769368929
|move|p1a: Zamazenta|Crunch|p2a: Kingambit
|-supereffective|p2a: Kingambit
|-damage|p2a: Kingambit|18/100
|-unboost|p2a: Kingambit|def|1
|move|p2a: Kingambit|Iron Head|p1a: Zamazenta
|-damage|p1a: Zamazenta|1/100
|
|-heal|p2a: Kingambit|24/100|[from] item: Leftovers
|-damage|p2a: Kingambit|12/100|[from] Salt Cure
|upkeep
|turn|21
|inactive|Fusien has 30 seconds left.
|inactive|Xrn has 30 seconds left.
|
|t:|1769368948
|move|p2a: Kingambit|Sucker Punch||[still]
|-fail|p2a: Kingambit
|move|p1a: Zamazenta|Roar|p2a: Kingambit
|-end|p2a: Kingambit|fallen2|[silent]
|drag|p2a: Zamazenta|Zamazenta, shiny|74/100
|-damage|p2a: Zamazenta|67/100|[from] Stealth Rock
|
|-heal|p2a: Zamazenta|74/100|[from] item: Leftovers
|upkeep
|turn|22
|inactive|Xrn has 30 seconds left.
|
|t:|1769368959
|switch|p2a: Gholdengo|Gholdengo|83/100
|-damage|p2a: Gholdengo|77/100|[from] Stealth Rock
|move|p1a: Zamazenta|Close Combat|p2a: Gholdengo
|-immune|p2a: Gholdengo
|
|upkeep
|turn|23
|inactive|Xrn has 30 seconds left.
|inactive|Fusien has 30 seconds left.
|
|t:|1769368975
|switch|p1a: Garganacl|Garganacl, F, tera:Water|72/100
|-damage|p1a: Garganacl|60/100|[from] Stealth Rock
|move|p2a: Gholdengo|Recover|p2a: Gholdengo
|-heal|p2a: Gholdengo|100/100
|
|-heal|p1a: Garganacl|66/100|[from] item: Leftovers
|upkeep
|turn|24
|inactive|Xrn has 30 seconds left.
|inactive|Fusien has 30 seconds left.
|inactive|Xrn has 20 seconds left.
|
|t:|1769368993
|switch|p2a: Kingambit|Kingambit, F, tera:Ghost|12/100
|-damage|p2a: Kingambit|0 fnt|[from] Stealth Rock
|faint|p2a: Kingambit
|-end|p2a: Kingambit|fallenundefined|[silent]
|move|p1a: Garganacl|Recover|p1a: Garganacl
|-heal|p1a: Garganacl|100/100
|
|upkeep
|inactive|Xrn has 25 seconds left this turn.
|
|t:|1769368995
|switch|p2a: Zamazenta|Zamazenta, shiny|74/100
|-damage|p2a: Zamazenta|67/100|[from] Stealth Rock
|turn|25
|
|t:|1769368999
|switch|p1a: Zamazenta|Zamazenta|1/100
|move|p2a: Zamazenta|Iron Defense|p2a: Zamazenta
|-boost|p2a: Zamazenta|def|2
|
|-heal|p2a: Zamazenta|74/100|[from] item: Leftovers
|upkeep
|turn|26
|
|t:|1769369006
|move|p2a: Zamazenta|Crunch|p1a: Zamazenta
|-resisted|p1a: Zamazenta
|-damage|p1a: Zamazenta|0 fnt
|faint|p1a: Zamazenta
|
|-heal|p2a: Zamazenta|80/100|[from] item: Leftovers
|upkeep
|
|t:|1769369009
|switch|p1a: Kyurem|Kyurem|100/100
|-damage|p1a: Kyurem|76/100|[from] Stealth Rock
|-status|p1a: Kyurem|tox
|-ability|p1a: Kyurem|Pressure
|turn|27
|inactive|Xrn has 30 seconds left.
|inactive|Xrn has 20 seconds left.
|inactive|Xrn has 15 seconds left.
|
|t:|1769369050
|switch|p2a: Gholdengo|Gholdengo|100/100
|-damage|p2a: Gholdengo|94/100|[from] Stealth Rock
|move|p1a: Kyurem|Draco Meteor|p2a: Gholdengo|[miss]
|-miss|p1a: Kyurem|p2a: Gholdengo
|
|-damage|p1a: Kyurem|70/100 tox|[from] psn
|upkeep
|turn|28
|inactive|Xrn has 25 seconds left this turn.
|inactive|Xrn has 20 seconds left.
|
|t:|1769369068
|switch|p1a: Garganacl|Garganacl, F, tera:Water|100/100
|-damage|p1a: Garganacl|88/100|[from] Stealth Rock
|switch|p2a: Zamazenta|Zamazenta, shiny|80/100
|-damage|p2a: Zamazenta|74/100|[from] Stealth Rock
|
|-heal|p2a: Zamazenta|80/100|[from] item: Leftovers
|-heal|p1a: Garganacl|94/100|[from] item: Leftovers
|upkeep
|turn|29
|inactive|Xrn has 30 seconds left this turn.
|
|t:|1769369071
|move|p2a: Zamazenta|Iron Defense|p2a: Zamazenta
|-boost|p2a: Zamazenta|def|2
|move|p1a: Garganacl|Salt Cure|p2a: Zamazenta
|-resisted|p2a: Zamazenta
|-damage|p2a: Zamazenta|77/100
|-start|p2a: Zamazenta|Salt Cure
|
|-heal|p2a: Zamazenta|83/100|[from] item: Leftovers
|-heal|p1a: Garganacl|100/100|[from] item: Leftovers
|-damage|p2a: Zamazenta|71/100|[from] Salt Cure
|upkeep
|turn|30
|inactive|Xrn has 30 seconds left.
|
|t:|1769369083
|switch|p1a: Dragonite|Dragonite, F|100/100
|-damage|p1a: Dragonite|76/100|[from] Stealth Rock
|move|p2a: Zamazenta|Body Press|p1a: Dragonite
|-resisted|p1a: Dragonite
|-damage|p1a: Dragonite|46/100
|
|-heal|p2a: Zamazenta|77/100|[from] item: Leftovers
|-damage|p2a: Zamazenta|64/100|[from] Salt Cure
|upkeep
|turn|31
|inactive|Xrn has 30 seconds left.
|
|t:|1769369101
|move|p2a: Zamazenta|Body Press|p1a: Dragonite
|-resisted|p1a: Dragonite
|-damage|p1a: Dragonite|18/100
|move|p1a: Dragonite|Roost|p1a: Dragonite
|-heal|p1a: Dragonite|69/100
|-singleturn|p1a: Dragonite|move: Roost
|
|-heal|p2a: Zamazenta|70/100|[from] item: Leftovers
|-damage|p2a: Zamazenta|58/100|[from] Salt Cure
|upkeep
|turn|32
|inactive|Fusien has 90 seconds left.
|
|t:|1769369109
|switch|p2a: Kyurem|Kyurem, shiny|100/100
|-damage|p2a: Kyurem|76/100|[from] Stealth Rock
|-ability|p2a: Kyurem|Pressure
|move|p1a: Dragonite|Roost|p1a: Dragonite
|-heal|p1a: Dragonite|100/100
|-singleturn|p1a: Dragonite|move: Roost
|
|upkeep
|turn|33
|
|t:|1769369120
|switch|p1a: Kyurem|Kyurem|70/100 tox
|-damage|p1a: Kyurem|45/100 tox|[from] Stealth Rock
|-ability|p1a: Kyurem|Pressure
|move|p2a: Kyurem|Scale Shot|p1a: Kyurem
|-supereffective|p1a: Kyurem
|-damage|p1a: Kyurem|18/100 tox
|-supereffective|p1a: Kyurem
|-damage|p1a: Kyurem|0 fnt
|faint|p1a: Kyurem
|-hitcount|p1: Kyurem|2
|-unboost|p2a: Kyurem|def|1
|-boost|p2a: Kyurem|spe|1
|
|upkeep
|
|t:|1769369123
|switch|p1a: Garganacl|Garganacl, F, tera:Water|100/100
|-damage|p1a: Garganacl|88/100|[from] Stealth Rock
|turn|34
|inactive|Xrn has 30 seconds left.
|inactive|Xrn has 20 seconds left.
|inactive|Xrn has 15 seconds left.
|
|t:|1769369159
|switch|p2a: Gholdengo|Gholdengo|94/100
|-damage|p2a: Gholdengo|88/100|[from] Stealth Rock
|move|p1a: Garganacl|Salt Cure|p2a: Gholdengo
|-resisted|p2a: Gholdengo
|-damage|p2a: Gholdengo|83/100
|-start|p2a: Gholdengo|Salt Cure
|
|-heal|p1a: Garganacl|94/100|[from] item: Leftovers
|-damage|p2a: Gholdengo|58/100|[from] Salt Cure
|upkeep
|turn|35
|inactive|Xrn has 25 seconds left this turn.
|inactive|Xrn has 20 seconds left.
|
|t:|1769369167
|move|p2a: Gholdengo|Focus Blast|p1a: Garganacl|[miss]
|-miss|p2a: Gholdengo|p1a: Garganacl
|move|p1a: Garganacl|Salt Cure|p2a: Gholdengo
|-resisted|p2a: Gholdengo
|-damage|p2a: Gholdengo|53/100
|
|-heal|p1a: Garganacl|100/100|[from] item: Leftovers
|-damage|p2a: Gholdengo|28/100|[from] Salt Cure
|upkeep
|turn|36
|inactive|Xrn has 30 seconds left this turn.
|inactive|Fusien has 120 seconds left.
|
|t:|1769369174
|move|p2a: Gholdengo|Recover|p2a: Gholdengo
|-heal|p2a: Gholdengo|78/100
|move|p1a: Garganacl|Salt Cure|p2a: Gholdengo
|-resisted|p2a: Gholdengo
|-damage|p2a: Gholdengo|73/100
|
|-damage|p2a: Gholdengo|49/100|[from] Salt Cure
|upkeep
|turn|37
|
|t:|1769369178
|move|p1a: Garganacl|Protect|p1a: Garganacl
|-singleturn|p1a: Garganacl|Protect
|move|p2a: Gholdengo|Focus Blast|p1a: Garganacl
|-activate|p1a: Garganacl|move: Protect
|
|-damage|p2a: Gholdengo|24/100|[from] Salt Cure
|upkeep
|turn|38
|
|t:|1769369184
|move|p2a: Gholdengo|Recover|p2a: Gholdengo
|-heal|p2a: Gholdengo|74/100
|move|p1a: Garganacl|Stealth Rock||[still]
|-fail|p1a: Garganacl
|
|-damage|p2a: Gholdengo|49/100|[from] Salt Cure
|upkeep
|turn|39
|
|t:|1769369198
|move|p2a: Gholdengo|Thunder Wave|p1a: Garganacl
|-immune|p1a: Garganacl|[from] ability: Purifying Salt
|move|p1a: Garganacl|Salt Cure|p2a: Gholdengo
|-resisted|p2a: Gholdengo
|-damage|p2a: Gholdengo|44/100
|
|-damage|p2a: Gholdengo|19/100|[from] Salt Cure
|upkeep
|turn|40
|
|t:|1769369202
|move|p2a: Gholdengo|Recover|p2a: Gholdengo
|-heal|p2a: Gholdengo|69/100
|move|p1a: Garganacl|Salt Cure|p2a: Gholdengo
|-resisted|p2a: Gholdengo
|-damage|p2a: Gholdengo|64/100
|
|-damage|p2a: Gholdengo|39/100|[from] Salt Cure
|upkeep
|turn|41
|inactive|Fusien has 150 seconds left.
|
|t:|1769369211
|move|p2a: Gholdengo|Focus Blast|p1a: Garganacl
|-damage|p1a: Garganacl|77/100
|move|p1a: Garganacl|Salt Cure|p2a: Gholdengo
|-resisted|p2a: Gholdengo
|-damage|p2a: Gholdengo|34/100
|
|-heal|p1a: Garganacl|83/100|[from] item: Leftovers
|-damage|p2a: Gholdengo|10/100|[from] Salt Cure
|upkeep
|turn|42
|
|t:|1769369219
|move|p2a: Gholdengo|Recover|p2a: Gholdengo
|-heal|p2a: Gholdengo|60/100
|move|p1a: Garganacl|Recover|p1a: Garganacl
|-heal|p1a: Garganacl|100/100
|
|-damage|p2a: Gholdengo|35/100|[from] Salt Cure
|upkeep
|turn|43
|
|t:|1769369224
|move|p2a: Gholdengo|Recover|p2a: Gholdengo
|-heal|p2a: Gholdengo|85/100
|move|p1a: Garganacl|Salt Cure|p2a: Gholdengo
|-resisted|p2a: Gholdengo
|-damage|p2a: Gholdengo|80/100
|
|-damage|p2a: Gholdengo|55/100|[from] Salt Cure
|upkeep
|turn|44
|
|t:|1769369229
|move|p1a: Garganacl|Protect|p1a: Garganacl
|-singleturn|p1a: Garganacl|Protect
|move|p2a: Gholdengo|Thunder Wave|p1a: Garganacl
|-activate|p1a: Garganacl|move: Protect
|
|-damage|p2a: Gholdengo|30/100|[from] Salt Cure
|upkeep
|turn|45
|
|t:|1769369232
|move|p2a: Gholdengo|Focus Blast|p1a: Garganacl
|-damage|p1a: Garganacl|79/100
|move|p1a: Garganacl|Salt Cure|p2a: Gholdengo
|-resisted|p2a: Gholdengo
|-damage|p2a: Gholdengo|25/100
|
|-heal|p1a: Garganacl|85/100|[from] item: Leftovers
|-damage|p2a: Gholdengo|0 fnt|[from] Salt Cure
|faint|p2a: Gholdengo
|upkeep
|
|t:|1769369236
|switch|p2a: Zamazenta|Zamazenta, shiny|58/100
|-damage|p2a: Zamazenta|52/100|[from] Stealth Rock
|turn|46
|
|t:|1769369243
|move|p2a: Zamazenta|Iron Defense|p2a: Zamazenta
|-boost|p2a: Zamazenta|def|2
|move|p1a: Garganacl|Salt Cure|p2a: Zamazenta
|-resisted|p2a: Zamazenta
|-damage|p2a: Zamazenta|49/100
|-start|p2a: Zamazenta|Salt Cure
|
|-heal|p2a: Zamazenta|55/100|[from] item: Leftovers
|-heal|p1a: Garganacl|91/100|[from] item: Leftovers
|-damage|p2a: Zamazenta|43/100|[from] Salt Cure
|upkeep
|turn|47
|inactive|Fusien has 180 seconds left.
|inactive|Fusien has 150 seconds left.
|inactive|Xrn has 120 seconds left.
|
|t:|1769369327
|switch|p1a: Dragonite|Dragonite, F|100/100
|-damage|p1a: Dragonite|76/100|[from] Stealth Rock
|move|p2a: Zamazenta|Iron Defense|p2a: Zamazenta
|-boost|p2a: Zamazenta|def|2
|
|-heal|p2a: Zamazenta|49/100|[from] item: Leftovers
|-damage|p2a: Zamazenta|36/100|[from] Salt Cure
|upkeep
|turn|48
|inactive|Fusien has 120 seconds left.
|inactive|Fusien has 90 seconds left.
|
|t:|1769369386
|move|p2a: Zamazenta|Body Press|p1a: Dragonite
|-resisted|p1a: Dragonite
|-damage|p1a: Dragonite|31/100
|move|p1a: Dragonite|Roost|p1a: Dragonite
|-heal|p1a: Dragonite|81/100
|-singleturn|p1a: Dragonite|move: Roost
|
|-heal|p2a: Zamazenta|42/100|[from] item: Leftovers
|-damage|p2a: Zamazenta|30/100|[from] Salt Cure
|upkeep
|turn|49
|inactive|Fusien has 90 seconds left.
|
|t:|1769369418
|move|p2a: Zamazenta|Body Press|p1a: Dragonite
|-resisted|p1a: Dragonite
|-damage|p1a: Dragonite|36/100
|move|p1a: Dragonite|Roost|p1a: Dragonite
|-heal|p1a: Dragonite|86/100
|-singleturn|p1a: Dragonite|move: Roost
|
|-heal|p2a: Zamazenta|36/100|[from] item: Leftovers
|-damage|p2a: Zamazenta|23/100|[from] Salt Cure
|upkeep
|turn|50
|inactive|Fusien has 60 seconds left.
|
|t:|1769369454
|move|p2a: Zamazenta|Body Press|p1a: Dragonite
|-resisted|p1a: Dragonite
|-damage|p1a: Dragonite|44/100
|move|p1a: Dragonite|Roost|p1a: Dragonite
|-heal|p1a: Dragonite|94/100
|-singleturn|p1a: Dragonite|move: Roost
|
|-heal|p2a: Zamazenta|29/100|[from] item: Leftovers
|-damage|p2a: Zamazenta|17/100|[from] Salt Cure
|upkeep
|turn|51
|inactive|Fusien has 30 seconds left.
|inactive|Xrn has 90 seconds left.
|inactive|Fusien has 20 seconds left.
|
|t:|1769369485
|move|p2a: Zamazenta|Body Press|p1a: Dragonite
|-resisted|p1a: Dragonite
|-damage|p1a: Dragonite|50/100
|move|p1a: Dragonite|Earthquake|p2a: Zamazenta
|-damage|p2a: Zamazenta|7/100
|
|-heal|p2a: Zamazenta|14/100|[from] item: Leftovers
|-damage|p2a: Zamazenta|1/100|[from] Salt Cure
|upkeep
|turn|52
|inactive|Fusien has 30 seconds left this turn.
|inactive|Xrn has 90 seconds left.
|
|t:|1769369499
|move|p2a: Zamazenta|Body Press|p1a: Dragonite
|-resisted|p1a: Dragonite
|-damage|p1a: Dragonite|1/100
|move|p1a: Dragonite|Dragon Dance|p1a: Dragonite
|-boost|p1a: Dragonite|atk|1
|-boost|p1a: Dragonite|spe|1
|
|-heal|p2a: Zamazenta|7/100|[from] item: Leftovers
|-damage|p2a: Zamazenta|0 fnt|[from] Salt Cure
|faint|p2a: Zamazenta
|upkeep
|
|t:|1769369504
|switch|p2a: Kyurem|Kyurem, shiny|76/100
|-damage|p2a: Kyurem|51/100|[from] Stealth Rock
|-ability|p2a: Kyurem|Pressure
|turn|53
|
|t:|1769369507
|move|p1a: Dragonite|Earthquake|p2a: Kyurem
|-damage|p2a: Kyurem|1/100
|move|p2a: Kyurem|Dragon Dance|p2a: Kyurem
|-boost|p2a: Kyurem|atk|1
|-boost|p2a: Kyurem|spe|1
|
|upkeep
|turn|54
|
|t:|1769369511
|move|p2a: Kyurem|Icicle Spear|p1a: Dragonite
|-supereffective|p1a: Dragonite
|-damage|p1a: Dragonite|0 fnt
|faint|p1a: Dragonite
|-hitcount|p1: Dragonite|1
|
|upkeep
|
|t:|1769369513
|switch|p1a: Garganacl|Garganacl, F, tera:Water|91/100
|-damage|p1a: Garganacl|79/100|[from] Stealth Rock
|turn|55
|
|t:|1769369515
|move|p2a: Kyurem|Scale Shot|p1a: Garganacl
|-damage|p1a: Garganacl|66/100
|-damage|p1a: Garganacl|51/100
|-damage|p1a: Garganacl|37/100
|-damage|p1a: Garganacl|25/100
|-hitcount|p1a: Garganacl|4
|-unboost|p2a: Kyurem|def|1
|-boost|p2a: Kyurem|spe|1
|move|p1a: Garganacl|Salt Cure|p2a: Kyurem
|-supereffective|p2a: Kyurem
|-damage|p2a: Kyurem|0 fnt
|faint|p2a: Kyurem
|
|win|Fusien
|c|☆Fusien|gg
|c|☆Xrn|gg
