|badge|p2|bronze|gen9doublesou|100-8
|uhtml|medal-msg|<div class="broadcast-blue">Curious what those medals under the avatar are? PS now has Ladder Seasons! For more information, check out the <a href="https://www.smogon.com/forums/threads/3740067/">thread on Smogon.</a></div>
|j|☆y556
|j|☆Zerotti
|t:|1769378204
|gametype|singles
|player|p1|y556|dancer|1502
|player|p2|Zerotti|#dwcopiv|1486
|gen|9
|tier|[Gen 9] OU
|rated|
|rule|HP Percentage Mod: HP is shown in percentages
|rule|Endless Battle Clause: Forcing endless battles is banned
|rule|Species Clause: Limit one of each Pokémon
|rule|OHKO Clause: OHKO moves are banned
|rule|Evasion Items Clause: Evasion items are banned
|rule|Evasion Moves Clause: Evasion moves are banned
|rule|Evasion Abilities Clause: Evasion abilities are banned
|rule|Sleep Moves Clause: Sleep-inducing moves are banned
|clearpoke
|poke|p1|Ting-Lu|
|poke|p1|Alomomola, F|
|poke|p1|Dragapult, M|
|poke|p1|Great Tusk|
|poke|p1|Goodra-Hisui, M|
|poke|p1|Ogerpon-Wellspring, F|
|poke|p2|Maushold|
|poke|p2|Armarouge, M|
|poke|p2|Indeedee, M|
|poke|p2|Hatterene, F|
|poke|p2|Iron Crown|
|poke|p2|Polteageist-Antique|
|teampreview
|inactive|Battle timer is ON: inactive players will automatically lose when time's up. (requested by Zerotti)
|
|t:|1769378216
|teamsize|p1|6
|teamsize|p2|6
|start
|switch|p1a: Dragapult|Dragapult, M|100/100
|switch|p2a: Indeedee|Indeedee, M|100/100
|-fieldstart|move: Psychic Terrain|[from] ability: Psychic Surge|[of] p2a: Indeedee
|turn|1
|
|t:|1769378224
|switch|p2a: Hatterene|Hatterene, F|100/100
|move|p1a: Dragapult|U-turn|p2a: Hatterene
|-damage|p2a: Hatterene|84/100
|-enditem|p2a: Hatterene|Eject Button
|inactive|Zerotti has 120 seconds left.
|
|t:|1769378277
|switch|p2a: Iron Crown|Iron Crown|100/100
|-enditem|p2a: Iron Crown|Booster Energy
|-activate|p2a: Iron Crown|ability: Quark Drive|[fromitem]
|-start|p2a: Iron Crown|quarkdrivespe
|
|upkeep
|turn|2
|
|t:|1769378285
|move|p2a: Iron Crown|Calm Mind|p2a: Iron Crown
|-boost|p2a: Iron Crown|spa|1
|-boost|p2a: Iron Crown|spd|1
|move|p1a: Dragapult|U-turn|p2a: Iron Crown
|-damage|p2a: Iron Crown|84/100
|
|t:|1769378291
|switch|p1a: Ting-Lu|Ting-Lu|100/100|[from] U-turn
|-ability|p1a: Ting-Lu|Vessel of Ruin
|
|upkeep
|turn|3
|
|t:|1769378297
|move|p2a: Iron Crown|Focus Blast|p1a: Ting-Lu
|-supereffective|p1a: Ting-Lu
|-damage|p1a: Ting-Lu|37/100
|-unboost|p1a: Ting-Lu|spd|1
|move|p1a: Ting-Lu|Earthquake|p2a: Iron Crown
|-supereffective|p2a: Iron Crown
|-damage|p2a: Iron Crown|6/100
|
|-heal|p1a: Ting-Lu|43/100|[from] item: Leftovers
|upkeep
|turn|4
|
|t:|1769378307
|move|p2a: Iron Crown|Tachyon Cutter|p1a: Ting-Lu
|-damage|p1a: Ting-Lu|11/100
|-damage|p1a: Ting-Lu|0 fnt
|faint|p1a: Ting-Lu
|-hitcount|p1: Ting-Lu|2
|
|upkeep
|
|t:|1769378316
|switch|p1a: Goodra|Goodra-Hisui, M|100/100
|turn|5
|
|t:|1769378320
|move|p2a: Iron Crown|Focus Blast|p1a: Goodra
|-supereffective|p1a: Goodra
|-damage|p1a: Goodra|53/100
|move|p1a: Goodra|Thunderbolt|p2a: Iron Crown
|-damage|p2a: Iron Crown|0 fnt
|faint|p2a: Iron Crown
|-end|p2a: Iron Crown|Quark Drive|[silent]
|
|upkeep
|
|t:|1769378331
|switch|p2a: Polteageist|Polteageist-Antique|100/100
|turn|6
|
|t:|1769378335
|move|p2a: Polteageist|Shell Smash|p2a: Polteageist
|-unboost|p2a: Polteageist|def|1
|-unboost|p2a: Polteageist|spd|1
|-boost|p2a: Polteageist|atk|2
|-boost|p2a: Polteageist|spa|2
|-boost|p2a: Polteageist|spe|2
|move|p1a: Goodra|Flash Cannon|p2a: Polteageist
|-damage|p2a: Polteageist|24/100
|
|upkeep
|turn|7
|
|t:|1769378350
|move|p2a: Polteageist|Shadow Ball|p1a: Goodra
|-damage|p1a: Goodra|10/100
|move|p1a: Goodra|Dragon Tail|p2a: Polteageist
|-damage|p2a: Polteageist|0 fnt
|faint|p2a: Polteageist
|
|upkeep
|
|t:|1769378357
|switch|p2a: Armarouge|Armarouge, M|100/100
|turn|8
|
|t:|1769378366
|switch|p1a: Ogerpon|Ogerpon-Wellspring, F|100/100
|move|p2a: Armarouge|Expanding Force|p1a: Ogerpon
|-damage|p1a: Ogerpon|0 fnt
|faint|p1a: Ogerpon
|
|-fieldend|move: Psychic Terrain
|upkeep
|
|t:|1769378375
|switch|p1a: Alomomola|Alomomola, F|100/100
|turn|9
|
|t:|1769378378
|switch|p2a: Indeedee|Indeedee, M|100/100
|-fieldstart|move: Psychic Terrain|[from] ability: Psychic Surge|[of] p2a: Indeedee
|move|p1a: Alomomola|Wish|p1a: Alomomola
|
|upkeep
|turn|10
|
|t:|1769378385
|move|p2a: Indeedee|Encore|p1a: Alomomola
|-start|p1a: Alomomola|Encore
|move|p1a: Alomomola|Wish||[still]
|-fail|p1a: Alomomola
|
|upkeep
|turn|11
|
|t:|1769378393
|switch|p2a: Armarouge|Armarouge, M|100/100
|move|p1a: Alomomola|Wish|p1a: Alomomola
|
|upkeep
|turn|12
|
|t:|1769378406
|-terastallize|p2a: Armarouge|Psychic
|move|p2a: Armarouge|Expanding Force|p1a: Alomomola
|-damage|p1a: Alomomola|0 fnt
|faint|p1a: Alomomola
|
|upkeep
|
|t:|1769378413
|switch|p1a: Dragapult|Dragapult, M|100/100
|turn|13
|
|t:|1769378421
|switch|p2a: Hatterene|Hatterene, F|84/100
|move|p1a: Dragapult|Shadow Ball|p2a: Hatterene
|-supereffective|p2a: Hatterene
|-damage|p2a: Hatterene|0 fnt
|faint|p2a: Hatterene
|
|upkeep
|
|t:|1769378430
|switch|p2a: Indeedee|Indeedee, M|100/100
|turn|14
|
|t:|1769378442
|switch|p1a: Goodra|Goodra-Hisui, M|10/100
|move|p2a: Indeedee|Expanding Force|p1a: Goodra
|-resisted|p1a: Goodra
|-damage|p1a: Goodra|0 fnt
|faint|p1a: Goodra
|
|upkeep
|
|t:|1769378450
|switch|p1a: Dragapult|Dragapult, M|100/100
|turn|15
|
|t:|1769378456
|switch|p2a: Maushold|Maushold|100/100
|-terastallize|p1a: Dragapult|Dragon
|move|p1a: Dragapult|Draco Meteor|p2a: Maushold
|-damage|p2a: Maushold|0 fnt
|-unboost|p1a: Dragapult|spa|2
|faint|p2a: Maushold
|
|upkeep
|
|t:|1769378463
|switch|p2a: Armarouge|Armarouge, M, tera:Psychic|100/100
|turn|16
|
|t:|1769378469
|switch|p1a: Great Tusk|Great Tusk|100/100
|move|p2a: Armarouge|Expanding Force|p1a: Great Tusk
|-supereffective|p1a: Great Tusk
|-damage|p1a: Great Tusk|0 fnt
|faint|p1a: Great Tusk
|-end|p1a: Great Tusk|Protosynthesis|[silent]
|
|-fieldend|move: Psychic Terrain
|upkeep
|
|t:|1769378478
|switch|p1a: Dragapult|Dragapult, M, tera:Dragon|100/100
|turn|17
|
|t:|1769378484
|switch|p2a: Indeedee|Indeedee, M|100/100
|-fieldstart|move: Psychic Terrain|[from] ability: Psychic Surge|[of] p2a: Indeedee
|move|p1a: Dragapult|Draco Meteor|p2a: Indeedee|[miss]
|-miss|p1a: Dragapult|p2a: Indeedee
|
|upkeep
|turn|18
|
|t:|1769378492
|move|p1a: Dragapult|Draco Meteor|p2a: Indeedee
|-damage|p2a: Indeedee|0 fnt
|-unboost|p1a: Dragapult|spa|2
|faint|p2a: Indeedee
|
|upkeep
|
|t:|1769378494
|switch|p2a: Armarouge|Armarouge, M, tera:Psychic|100/100
|turn|19
|
|t:|1769378501
|move|p1a: Dragapult|Draco Meteor|p2a: Armarouge
|-damage|p2a: Armarouge|24/100
|-unboost|p1a: Dragapult|spa|2
|move|p2a: Armarouge|Expanding Force|p1a: Dragapult
|-damage|p1a: Dragapult|0 fnt
|faint|p1a: Dragapult
|
|win|Zerotti
|raw|y556's rating: 1502 &rarr; <strong>1481</strong><br />(-21 for losing)
|raw|Zerotti's rating: 1486 &rarr; <strong>1507</strong><br />(+21 for winning)
|l|☆y556
|player|p1|
