|j|☆Haitianprinc3
|j|☆kuzwa
|t:|1769442159
|gametype|singles
|player|p1|Haitianprinc3|marshal|1345
|player|p2|kuzwa|clerk|1354
|gen|9
|tier|[Gen 9] OU
|rated|
|rule|HP Percentage Mod: HP is shown in percentages
|rule|Endless Battle Clause: Forcing endless battles is banned
|rule|Species Clause: Limit one of each Pokémon
|rule|OHKO Clause: OHKO moves are banned
|rule|Evasion Items Clause: Evasion items are banned
|rule|Evasion Moves Clause: Evasion moves are banned
|rule|Evasion Abilities Clause: Evasion abilities are banned
|rule|Sleep Moves Clause: Sleep-inducing moves are banned
|clearpoke
|poke|p1|Politoed, F|
|poke|p1|Landorus-Therian, M|
|poke|p1|Drednaw, M|
|poke|p1|Kingdra, M|
|poke|p1|Azumarill, F|
|poke|p1|Zapdos|
|poke|p2|Dragapult, M|
|poke|p2|Slowking-Galar, M|
|poke|p2|Grafaiai, M|
|poke|p2|Alomomola, M|
|poke|p2|Weezing-Galar, M|
|poke|p2|Blissey, F|
|teampreview
|inactive|Battle timer is ON: inactive players will automatically lose when time's up. (requested by kuzwa)
|
|t:|1769442172
|teamsize|p1|6
|teamsize|p2|6
|start
|switch|p1a: Politoed|Politoed, F, shiny|100/100
|switch|p2a: Joga|Grafaiai, M|100/100
|-weather|RainDance|[from] ability: Drizzle|[of] p1a: Politoed
|turn|1
|
|t:|1769442183
|move|p2a: Joga|Toxic|p1a: Politoed
|-status|p1a: Politoed|tox
|move|p1a: Politoed|Surf|p2a: Joga
|-damage|p2a: Joga|38/100
|
|-weather|RainDance|[upkeep]
|-damage|p1a: Politoed|94/100 tox|[from] psn
|upkeep
|turn|2
|
|t:|1769442192
|move|p2a: Joga|Parting Shot|p1a: Politoed
|-unboost|p1a: Politoed|atk|1
|-unboost|p1a: Politoed|spa|1
|
|t:|1769442196
|switch|p2a: Unworthy of Name|Alomomola, M|100/100|[from] Parting Shot
|move|p1a: Politoed|Surf|p2a: Unworthy of Name
|-resisted|p2a: Unworthy of Name
|-damage|p2a: Unworthy of Name|77/100
|
|-weather|RainDance|[upkeep]
|-damage|p1a: Politoed|82/100 tox|[from] psn
|upkeep
|turn|3
|
|t:|1769442200
|switch|p1a: Zapdos|Zapdos|100/100
|move|p2a: Unworthy of Name|Wish|p2a: Unworthy of Name
|
|-weather|RainDance|[upkeep]
|upkeep
|turn|4
|
|t:|1769442206
|move|p2a: Unworthy of Name|Protect|p2a: Unworthy of Name
|-singleturn|p2a: Unworthy of Name|Protect
|move|p1a: Zapdos|Thunder|p2a: Unworthy of Name
|-activate|p2a: Unworthy of Name|move: Protect
|
|-weather|RainDance|[upkeep]
|-heal|p2a: Unworthy of Name|100/100|[from] move: Wish|[wisher] Unworthy of Name
|upkeep
|turn|5
|
|t:|1769442209
|-terastallize|p2a: Unworthy of Name|Dragon
|move|p1a: Zapdos|Thunder|p2a: Unworthy of Name
|-resisted|p2a: Unworthy of Name
|-damage|p2a: Unworthy of Name|67/100
|-status|p2a: Unworthy of Name|par
|move|p2a: Unworthy of Name|Mirror Coat|p1a: Zapdos
|-damage|p1a: Zapdos|7/100
|
|-weather|RainDance|[upkeep]
|upkeep
|turn|6
|
|t:|1769442216
|move|p1a: Zapdos|Roost|p1a: Zapdos
|-heal|p1a: Zapdos|57/100
|-singleturn|p1a: Zapdos|move: Roost
|cant|p2a: Unworthy of Name|par
|
|-weather|RainDance|[upkeep]
|upkeep
|turn|7
|
|t:|1769442231
|move|p1a: Zapdos|Roost|p1a: Zapdos
|-heal|p1a: Zapdos|100/100
|-singleturn|p1a: Zapdos|move: Roost
|move|p2a: Unworthy of Name|Flip Turn|p1a: Zapdos
|-damage|p1a: Zapdos|75/100
|
|t:|1769442233
|switch|p2a: Joga|Grafaiai, M|38/100|[from] Flip Turn
|
|-weather|RainDance|[upkeep]
|upkeep
|turn|8
|
|t:|1769442242
|move|p2a: Joga|Encore|p1a: Zapdos
|-start|p1a: Zapdos|Encore
|move|p1a: Zapdos|Roost|p1a: Zapdos
|-heal|p1a: Zapdos|100/100
|-singleturn|p1a: Zapdos|move: Roost
|
|-weather|none
|upkeep
|turn|9
|
|t:|1769442249
|switch|p1a: Politoed|Politoed, F, shiny|82/100 tox
|-weather|RainDance|[from] ability: Drizzle|[of] p1a: Politoed
|move|p2a: Joga|Knock Off|p1a: Politoed
|-damage|p1a: Politoed|59/100 tox
|-enditem|p1a: Politoed|Damp Rock|[from] move: Knock Off|[of] p2a: Joga
|
|-weather|RainDance|[upkeep]
|-damage|p1a: Politoed|53/100 tox|[from] psn
|upkeep
|turn|10
|
|t:|1769442255
|move|p2a: Joga|Parting Shot|p1a: Politoed
|-unboost|p1a: Politoed|atk|1
|-unboost|p1a: Politoed|spa|1
|
|t:|1769442257
|switch|p2a: White Ball|Blissey, F|100/100|[from] Parting Shot
|move|p1a: Politoed|Surf|p2a: White Ball
|-crit|p2a: White Ball
|-damage|p2a: White Ball|67/100
|
|-weather|RainDance|[upkeep]
|-heal|p2a: White Ball|73/100|[from] item: Leftovers
|-damage|p1a: Politoed|41/100 tox|[from] psn
|upkeep
|turn|11
|
|t:|1769442274
|switch|p1a: Azumarill|Azumarill, F|100/100
|move|p2a: White Ball|Heal Bell|p2a: White Ball
|-activate|p2a: White Ball|move: Heal Bell
|-curestatus|p2: Unworthy of Name|par|[msg]
|
|-weather|RainDance|[upkeep]
|-heal|p2a: White Ball|80/100|[from] item: Leftovers
|upkeep
|turn|12
|
|t:|1769442281
|switch|p2a: Moltisanti|Weezing-Galar, M|100/100
|-ability|p2a: Moltisanti|Neutralizing Gas
|move|p1a: Azumarill|Liquidation|p2a: Moltisanti
|-damage|p2a: Moltisanti|73/100
|
|-weather|RainDance|[upkeep]
|upkeep
|turn|13
|
|t:|1769442295
|switch|p1a: Landorus|Landorus-Therian, M|100/100
|move|p2a: Moltisanti|Toxic|p1a: Landorus
|-status|p1a: Landorus|tox
|
|-weather|RainDance|[upkeep]
|-damage|p1a: Landorus|94/100 tox|[from] psn
|upkeep
|turn|14
|
|t:|1769442302
|-end|p2a: Moltisanti|ability: Neutralizing Gas
|-ability|p1a: Landorus|Intimidate|boost
|-unboost|p2a: Moltisanti|atk|1
|switch|p2a: Unworthy of Name|Alomomola, M, tera:Dragon|99/100
|move|p1a: Landorus|Earthquake|p2a: Unworthy of Name
|-damage|p2a: Unworthy of Name|52/100
|
|-weather|RainDance|[upkeep]
|-damage|p1a: Landorus|82/100 tox|[from] psn
|upkeep
|turn|15
|
|t:|1769442311
|move|p1a: Landorus|Earthquake|p2a: Unworthy of Name
|-damage|p2a: Unworthy of Name|11/100
|move|p2a: Unworthy of Name|Wish|p2a: Unworthy of Name
|
|-weather|RainDance|[upkeep]
|-damage|p1a: Landorus|63/100 tox|[from] psn
|upkeep
|turn|16
|
|t:|1769442322
|switch|p1a: Zapdos|Zapdos|100/100
|move|p2a: Unworthy of Name|Protect||[still]
|-fail|p2a: Unworthy of Name
|
|-weather|none
|-heal|p2a: Unworthy of Name|61/100|[from] move: Wish|[wisher] Unworthy of Name
|upkeep
|turn|17
|
|t:|1769442331
|move|p1a: Zapdos|Thunder|p2a: Unworthy of Name
|-resisted|p2a: Unworthy of Name
|-damage|p2a: Unworthy of Name|27/100
|move|p2a: Unworthy of Name|Wish|p2a: Unworthy of Name
|
|upkeep
|turn|18
|
|t:|1769442337
|switch|p1a: Politoed|Politoed, F, shiny|41/100 tox
|-weather|RainDance|[from] ability: Drizzle|[of] p1a: Politoed
|move|p2a: Unworthy of Name|Protect||[still]
|-fail|p2a: Unworthy of Name
|
|-weather|RainDance|[upkeep]
|-heal|p2a: Unworthy of Name|77/100|[from] move: Wish|[wisher] Unworthy of Name
|-damage|p1a: Politoed|35/100 tox|[from] psn
|upkeep
|turn|19
|
|t:|1769442341
|move|p1a: Politoed|Encore|p2a: Unworthy of Name
|-start|p2a: Unworthy of Name|Encore
|move|p2a: Unworthy of Name|Protect||[still]
|-fail|p2a: Unworthy of Name
|
|-weather|RainDance|[upkeep]
|-damage|p1a: Politoed|23/100 tox|[from] psn
|upkeep
|turn|20
|
|t:|1769442346
|switch|p1a: Drednaw|Drednaw, M|100/100
|move|p2a: Unworthy of Name|Protect||[still]
|-fail|p2a: Unworthy of Name
|
|-weather|RainDance|[upkeep]
|upkeep
|turn|21
|
|t:|1769442352
|switch|p2a: Joga|Grafaiai, M|38/100
|move|p1a: Drednaw|Shell Smash|p1a: Drednaw
|-unboost|p1a: Drednaw|def|1
|-unboost|p1a: Drednaw|spd|1
|-boost|p1a: Drednaw|atk|2
|-boost|p1a: Drednaw|spa|2
|-boost|p1a: Drednaw|spe|2
|-enditem|p1a: Drednaw|White Herb
|-clearnegativeboost|p1a: Drednaw|[silent]
|
|-weather|RainDance|[upkeep]
|upkeep
|turn|22
|
|t:|1769442370
|move|p2a: Joga|Encore|p1a: Drednaw
|-start|p1a: Drednaw|Encore
|move|p1a: Drednaw|Shell Smash|p1a: Drednaw
|-unboost|p1a: Drednaw|def|1
|-unboost|p1a: Drednaw|spd|1
|-boost|p1a: Drednaw|atk|2
|-boost|p1a: Drednaw|spa|2
|-boost|p1a: Drednaw|spe|2
|
|-weather|none
|upkeep
|turn|23
|
|t:|1769442377
|move|p1a: Drednaw|Shell Smash|p1a: Drednaw
|-unboost|p1a: Drednaw|def|1
|-unboost|p1a: Drednaw|spd|1
|-boost|p1a: Drednaw|atk|2
|-boost|p1a: Drednaw|spa|2
|-boost|p1a: Drednaw|spe|2
|move|p2a: Joga|Knock Off|p1a: Drednaw
|-damage|p1a: Drednaw|65/100
|
|upkeep
|turn|24
|
|t:|1769442387
|move|p2a: Joga|Toxic|p1a: Drednaw
|-status|p1a: Drednaw|tox
|move|p1a: Drednaw|Shell Smash|p1a: Drednaw
|-unboost|p1a: Drednaw|def|1
|-unboost|p1a: Drednaw|spd|1
|-boost|p1a: Drednaw|atk|0
|-boost|p1a: Drednaw|spa|0
|-boost|p1a: Drednaw|spe|0
|
|-damage|p1a: Drednaw|58/100 tox|[from] psn
|-end|p1a: Drednaw|Encore
|upkeep
|turn|25
|
|t:|1769442391
|move|p2a: Joga|Encore|p1a: Drednaw
|-start|p1a: Drednaw|Encore
|move|p1a: Drednaw|Shell Smash|p1a: Drednaw
|-unboost|p1a: Drednaw|def|1
|-unboost|p1a: Drednaw|spd|1
|-boost|p1a: Drednaw|atk|0
|-boost|p1a: Drednaw|spa|0
|-boost|p1a: Drednaw|spe|0
|
|-damage|p1a: Drednaw|46/100 tox|[from] psn
|upkeep
|turn|26
|
|t:|1769442398
|move|p1a: Drednaw|Shell Smash|p1a: Drednaw
|-unboost|p1a: Drednaw|def|1
|-unboost|p1a: Drednaw|spd|1
|-boost|p1a: Drednaw|atk|0
|-boost|p1a: Drednaw|spa|0
|-boost|p1a: Drednaw|spe|0
|move|p2a: Joga|Knock Off|p1a: Drednaw
|-damage|p1a: Drednaw|0 fnt
|faint|p1a: Drednaw
|
|upkeep
|
|t:|1769442403
|switch|p1a: Politoed|Politoed, F, shiny|23/100 tox
|-weather|RainDance|[from] ability: Drizzle|[of] p1a: Politoed
|turn|27
|
|t:|1769442420
|switch|p1a: Landorus|Landorus-Therian, M|63/100 tox
|-ability|p1a: Landorus|Intimidate|boost
|-unboost|p2a: Joga|atk|1
|move|p2a: Joga|Knock Off|p1a: Landorus
|-damage|p1a: Landorus|47/100 tox
|-enditem|p1a: Landorus|Choice Band|[from] move: Knock Off|[of] p2a: Joga
|
|-weather|RainDance|[upkeep]
|-damage|p1a: Landorus|41/100 tox|[from] psn
|upkeep
|turn|28
|
|t:|1769442428
|move|p2a: Joga|Parting Shot|p1a: Landorus
|-unboost|p1a: Landorus|atk|1
|-unboost|p1a: Landorus|spa|1
|
|t:|1769442431
|switch|p2a: Unworthy of Name|Alomomola, M, tera:Dragon|100/100|[from] Parting Shot
|move|p1a: Landorus|U-turn|p2a: Unworthy of Name
|-damage|p2a: Unworthy of Name|91/100
|-damage|p1a: Landorus|24/100 tox|[from] item: Rocky Helmet|[of] p2a: Unworthy of Name
|
|t:|1769442445
|switch|p1a: Azumarill|Azumarill, F|100/100|[from] U-turn
|
|-weather|RainDance|[upkeep]
|upkeep
|turn|29
|
|t:|1769442451
|switch|p2a: Moltisanti|Weezing-Galar, M|73/100
|-ability|p2a: Moltisanti|Neutralizing Gas
|move|p1a: Azumarill|Play Rough|p2a: Moltisanti
|-resisted|p2a: Moltisanti
|-damage|p2a: Moltisanti|64/100
|
|-weather|RainDance|[upkeep]
|upkeep
|turn|30
|
|t:|1769442461
|-end|p2a: Moltisanti|ability: Neutralizing Gas
|switch|p2a: Unworthy of Name|Alomomola, M, tera:Dragon|100/100
|switch|p1a: Zapdos|Zapdos|100/100
|
|-weather|RainDance|[upkeep]
|upkeep
|turn|31
|
|t:|1769442467
|move|p2a: Unworthy of Name|Protect|p2a: Unworthy of Name
|-singleturn|p2a: Unworthy of Name|Protect
|move|p1a: Zapdos|Thunder|p2a: Unworthy of Name
|-activate|p2a: Unworthy of Name|move: Protect
|
|-weather|none
|upkeep
|turn|32
|
|t:|1769442471
|switch|p2a: White Ball|Blissey, F|80/100
|move|p1a: Zapdos|Thunder|p2a: White Ball
|-damage|p2a: White Ball|58/100
|
|-heal|p2a: White Ball|64/100|[from] item: Leftovers
|upkeep
|turn|33
|
|t:|1769442490
|move|p1a: Zapdos|Thunder|p2a: White Ball
|-damage|p2a: White Ball|42/100
|move|p2a: White Ball|Stealth Rock|p1a: Zapdos
|-sidestart|p1: Haitianprinc3|move: Stealth Rock
|
|-heal|p2a: White Ball|48/100|[from] item: Leftovers
|upkeep
|turn|34
|
|t:|1769442499
|move|p1a: Zapdos|Thunder|p2a: White Ball
|-damage|p2a: White Ball|25/100
|move|p2a: White Ball|Soft-Boiled|p2a: White Ball
|-heal|p2a: White Ball|75/100
|
|-heal|p2a: White Ball|82/100|[from] item: Leftovers
|upkeep
|turn|35
|
|t:|1769442507
|switch|p1a: Landorus|Landorus-Therian, M|24/100 tox
|-damage|p1a: Landorus|12/100 tox|[from] Stealth Rock
|-ability|p1a: Landorus|Intimidate|boost
|-unboost|p2a: White Ball|atk|1
|switch|p2a: Unworthy of Name|Alomomola, M, tera:Dragon|100/100
|
|-damage|p1a: Landorus|5/100 tox|[from] psn
|upkeep
|turn|36
|
|t:|1769442514
|-terastallize|p1a: Landorus|Ice
|move|p2a: Unworthy of Name|Protect|p2a: Unworthy of Name
|-singleturn|p2a: Unworthy of Name|Protect
|move|p1a: Landorus|Tera Blast|p2a: Unworthy of Name|[anim] Tera Blast Ice
|-activate|p2a: Unworthy of Name|move: Protect
|
|-damage|p1a: Landorus|0 fnt|[from] psn
|faint|p1a: Landorus
|upkeep
|-message|Haitianprinc3 forfeited.
|
|win|kuzwa
|raw|Haitianprinc3's rating: 1345 &rarr; <strong>1326</strong><br />(-19 for losing)
|raw|kuzwa's rating: 1354 &rarr; <strong>1373</strong><br />(+19 for winning)
|l|☆Haitianprinc3
|player|p1|
|c|☆kuzwa|Gg
|l|☆kuzwa
|player|p2|
