|j|☆Yaoshi
|j|☆Qplazm10
|t:|1769427643
|gametype|singles
|player|p1|Yaoshi|silver-masters|1534
|player|p2|Qplazm10|ltsurge|1526
|gen|9
|tier|[Gen 9] OU
|rated|
|rule|HP Percentage Mod: HP is shown in percentages
|rule|Endless Battle Clause: Forcing endless battles is banned
|rule|Species Clause: Limit one of each Pokémon
|rule|OHKO Clause: OHKO moves are banned
|rule|Evasion Items Clause: Evasion items are banned
|rule|Evasion Moves Clause: Evasion moves are banned
|rule|Evasion Abilities Clause: Evasion abilities are banned
|rule|Sleep Moves Clause: Sleep-inducing moves are banned
|clearpoke
|poke|p1|Cinderace, M|
|poke|p1|Dragonite, M|
|poke|p1|Iron Valiant|
|poke|p1|Snorlax, M|
|poke|p1|Primarina, F|
|poke|p1|Skarmory, F|
|poke|p2|Hawlucha, M|
|poke|p2|Raging Bolt|
|poke|p2|Iron Leaves|
|poke|p2|Iron Treads|
|poke|p2|Iron Valiant|
|poke|p2|Pincurchin, F|
|teampreview
|inactive|Battle timer is ON: inactive players will automatically lose when time's up. (requested by Qplazm10)
|inactive|Yaoshi also wants the timer to be on.
|
|t:|1769427651
|teamsize|p1|6
|teamsize|p2|6
|start
|switch|p1a: One Hit Wonder|Cinderace, M|100/100
|switch|p2a: The Urchinator|Pincurchin, F|100/100
|-fieldstart|move: Electric Terrain|[from] ability: Electric Surge|[of] p2a: The Urchinator
|turn|1
|
|t:|1769427662
|switch|p2a: Great Neck|Raging Bolt|100/100
|move|p1a: One Hit Wonder|Pyro Ball|p2a: Great Neck|[miss]
|-miss|p1a: One Hit Wonder|p2a: Great Neck
|
|upkeep
|turn|2
|
|t:|1769427669
|switch|p1a: Homerun|Snorlax, M, shiny|100/100
|move|p2a: Great Neck|Rising Voltage|p1a: Homerun
|-hint|Rising Voltage's BP doubled on grounded target.
|-damage|p1a: Homerun|51/100
|
|upkeep
|turn|3
|
|t:|1769427677
|move|p2a: Great Neck|Rising Voltage|p1a: Homerun
|-hint|Rising Voltage's BP doubled on grounded target.
|-damage|p1a: Homerun|4/100
|-enditem|p1a: Homerun|Figy Berry|[eat]
|-heal|p1a: Homerun|37/100|[from] item: Figy Berry
|move|p1a: Homerun|Earthquake|p2a: Great Neck
|-supereffective|p2a: Great Neck
|-damage|p2a: Great Neck|60/100
|
|-heal|p2a: Great Neck|66/100|[from] item: Leftovers
|upkeep
|turn|4
|
|t:|1769427686
|move|p2a: Great Neck|Rising Voltage|p1a: Homerun
|-hint|Rising Voltage's BP doubled on grounded target.
|-damage|p1a: Homerun|0 fnt
|faint|p1a: Homerun
|
|-heal|p2a: Great Neck|72/100|[from] item: Leftovers
|upkeep
|
|t:|1769427694
|switch|p1a: Babe Ruth|Iron Valiant, shiny|100/100
|-activate|p1a: Babe Ruth|ability: Quark Drive
|-start|p1a: Babe Ruth|quarkdrivespe
|turn|5
|
|t:|1769427698
|-end|p2a: Great Neck|Protosynthesis|[silent]
|switch|p2a: Tronphan|Iron Treads|100/100
|-activate|p2a: Tronphan|ability: Quark Drive
|-start|p2a: Tronphan|quarkdrivespe
|move|p1a: Babe Ruth|Destiny Bond|p1a: Babe Ruth
|-singlemove|p1a: Babe Ruth|Destiny Bond
|
|upkeep
|turn|6
|l|☆Qplazm10
|inactive|Qplazm10 disconnected and has a minute to reconnect!
|player|p2|
|j|☆Qplazm10
|inactive|Qplazm10 reconnected and has 130 seconds left.
|player|p2|Qplazm10|ltsurge|
|
|t:|1769427724
|-end|p1a: Babe Ruth|Quark Drive|[silent]
|switch|p1a: Skarmory|Skarmory, F|100/100
|move|p2a: Tronphan|Stealth Rock|p1a: Skarmory
|-sidestart|p1: Yaoshi|move: Stealth Rock
|
|upkeep
|turn|7
|
|t:|1769427734
|-end|p2a: Tronphan|Quark Drive|[silent]
|switch|p2a: Great Neck|Raging Bolt|72/100
|move|p1a: Skarmory|Body Press|p2a: Great Neck
|-damage|p2a: Great Neck|47/100
|
|-heal|p2a: Great Neck|53/100|[from] item: Leftovers
|upkeep
|turn|8
|
|t:|1769427743
|switch|p1a: Ayami Sato|Primarina, F, shiny|100/100
|-damage|p1a: Ayami Sato|88/100|[from] Stealth Rock
|move|p2a: Great Neck|Rising Voltage|p1a: Ayami Sato
|-hint|Rising Voltage's BP doubled on grounded target.
|-supereffective|p1a: Ayami Sato
|-damage|p1a: Ayami Sato|0 fnt
|faint|p1a: Ayami Sato
|
|-heal|p2a: Great Neck|59/100|[from] item: Leftovers
|-fieldend|move: Electric Terrain
|upkeep
|
|t:|1769427745
|switch|p1a: One Hit Wonder|Cinderace, M|100/100
|turn|9
|
|t:|1769427750
|move|p1a: One Hit Wonder|Court Change|p1a: One Hit Wonder
|-start|p1a: One Hit Wonder|typechange|Normal|[from] ability: Libero
|-swapsideconditions
|-activate|p1a: One Hit Wonder|move: Court Change
|move|p2a: Great Neck|Draco Meteor|p1a: One Hit Wonder
|-damage|p1a: One Hit Wonder|1/100
|-unboost|p2a: Great Neck|spa|2
|
|-heal|p2a: Great Neck|65/100|[from] item: Leftovers
|upkeep
|turn|10
|
|t:|1769427758
|switch|p1a: Babe Ruth|Iron Valiant, shiny|100/100
|-enditem|p1a: Babe Ruth|Booster Energy
|-activate|p1a: Babe Ruth|ability: Quark Drive|[fromitem]
|-start|p1a: Babe Ruth|quarkdrivespe
|move|p2a: Great Neck|Thunderclap||[still]
|-fail|p2a: Great Neck
|
|-heal|p2a: Great Neck|71/100|[from] item: Leftovers
|upkeep
|turn|11
|
|t:|1769427766
|-end|p2a: Great Neck|Protosynthesis|[silent]
|switch|p2a: The Urchinator|Pincurchin, F|100/100
|-damage|p2a: The Urchinator|88/100|[from] Stealth Rock
|-fieldstart|move: Electric Terrain|[from] ability: Electric Surge|[of] p2a: The Urchinator
|move|p1a: Babe Ruth|Moonblast|p2a: The Urchinator
|-crit|p2a: The Urchinator
|-damage|p2a: The Urchinator|20/100
|
|upkeep
|turn|12
|
|t:|1769427771
|switch|p2a: Tronphan|Iron Treads|100/100
|-damage|p2a: Tronphan|97/100|[from] Stealth Rock
|-activate|p2a: Tronphan|ability: Quark Drive
|-start|p2a: Tronphan|quarkdrivespe
|move|p1a: Babe Ruth|Moonblast|p2a: Tronphan
|-resisted|p2a: Tronphan
|-damage|p2a: Tronphan|62/100
|
|upkeep
|turn|13
|
|t:|1769427776
|move|p1a: Babe Ruth|Destiny Bond|p1a: Babe Ruth
|-singlemove|p1a: Babe Ruth|Destiny Bond
|move|p2a: Tronphan|Stealth Rock|p1a: Babe Ruth
|-sidestart|p1: Yaoshi|move: Stealth Rock
|
|upkeep
|turn|14
|
|t:|1769427780
|move|p1a: Babe Ruth|Encore|p2a: Tronphan
|-start|p2a: Tronphan|Encore
|move|p2a: Tronphan|Stealth Rock||[still]
|-fail|p2a: Tronphan
|
|upkeep
|turn|15
|
|t:|1769427790
|-end|p2a: Tronphan|Quark Drive|[silent]
|switch|p2a: Virizitron|Iron Leaves|100/100
|-damage|p2a: Virizitron|88/100|[from] Stealth Rock
|-activate|p2a: Virizitron|ability: Quark Drive
|-start|p2a: Virizitron|quarkdrivespe
|move|p1a: Babe Ruth|Moonblast|p2a: Virizitron
|-damage|p2a: Virizitron|42/100
|-unboost|p2a: Virizitron|spa|1
|
|upkeep
|turn|16
|
|t:|1769427801
|-end|p2a: Virizitron|Quark Drive|[silent]
|switch|p2a: Tronphan|Iron Treads|62/100
|-damage|p2a: Tronphan|58/100|[from] Stealth Rock
|-activate|p2a: Tronphan|ability: Quark Drive
|-start|p2a: Tronphan|quarkdrivespe
|move|p1a: Babe Ruth|Moonblast|p2a: Tronphan
|-resisted|p2a: Tronphan
|-damage|p2a: Tronphan|25/100
|
|upkeep
|turn|17
|
|t:|1769427805
|move|p1a: Babe Ruth|Moonblast|p2a: Tronphan
|-resisted|p2a: Tronphan
|-damage|p2a: Tronphan|0 fnt
|faint|p2a: Tronphan
|-end|p2a: Tronphan|Quark Drive|[silent]
|
|upkeep
|
|t:|1769427810
|switch|p2a: Nacho Libre|Hawlucha, M, shiny|100/100
|-damage|p2a: Nacho Libre|88/100|[from] Stealth Rock
|-enditem|p2a: Nacho Libre|Electric Seed
|-boost|p2a: Nacho Libre|def|1|[from] item: Electric Seed
|turn|18
|
|t:|1769427815
|-end|p1a: Babe Ruth|Quark Drive|[silent]
|switch|p1a: Skarmory|Skarmory, F|100/100
|-damage|p1a: Skarmory|88/100|[from] Stealth Rock
|move|p2a: Nacho Libre|Acrobatics|p1a: Skarmory
|-resisted|p1a: Skarmory
|-damage|p1a: Skarmory|73/100
|-damage|p2a: Nacho Libre|71/100|[from] item: Rocky Helmet|[of] p1a: Skarmory
|
|-fieldend|move: Electric Terrain
|upkeep
|turn|19
|
|t:|1769427821
|move|p2a: Nacho Libre|Swords Dance|p2a: Nacho Libre
|-boost|p2a: Nacho Libre|atk|2
|move|p1a: Skarmory|Body Press|p2a: Nacho Libre
|-resisted|p2a: Nacho Libre
|-damage|p2a: Nacho Libre|58/100
|
|upkeep
|turn|20
|
|t:|1769427830
|move|p2a: Nacho Libre|Swords Dance|p2a: Nacho Libre
|-boost|p2a: Nacho Libre|atk|2
|move|p1a: Skarmory|Brave Bird|p2a: Nacho Libre
|-supereffective|p2a: Nacho Libre
|-damage|p2a: Nacho Libre|4/100
|-damage|p1a: Skarmory|55/100|[from] Recoil
|
|upkeep
|turn|21
|
|t:|1769427835
|move|p2a: Nacho Libre|Drain Punch|p1a: Skarmory
|-damage|p1a: Skarmory|0 fnt
|-heal|p2a: Nacho Libre|31/100|[from] drain|[of] p1a: Skarmory
|-damage|p2a: Nacho Libre|15/100|[from] item: Rocky Helmet|[of] p1a: Skarmory
|faint|p1a: Skarmory
|
|upkeep
|
|t:|1769427842
|switch|p1a: One Hit Wonder|Cinderace, M|1/100
|turn|22
|
|t:|1769427848
|move|p1a: One Hit Wonder|Sucker Punch|p2a: Nacho Libre
|-start|p1a: One Hit Wonder|typechange|Dark|[from] ability: Libero
|-resisted|p2a: Nacho Libre
|-damage|p2a: Nacho Libre|0 fnt
|faint|p2a: Nacho Libre
|
|upkeep
|
|t:|1769427851
|switch|p2a: The Urchinator|Pincurchin, F|20/100
|-damage|p2a: The Urchinator|7/100|[from] Stealth Rock
|-fieldstart|move: Electric Terrain|[from] ability: Electric Surge|[of] p2a: The Urchinator
|turn|23
|
|t:|1769427855
|move|p1a: One Hit Wonder|Pyro Ball|p2a: The Urchinator
|-damage|p2a: The Urchinator|0 fnt
|faint|p2a: The Urchinator
|
|upkeep
|
|t:|1769427859
|switch|p2a: Gardevlade|Iron Valiant|100/100
|-damage|p2a: Gardevlade|94/100|[from] Stealth Rock
|-activate|p2a: Gardevlade|ability: Quark Drive
|-start|p2a: Gardevlade|quarkdrivespe
|turn|24
|
|t:|1769427863
|move|p2a: Gardevlade|Vacuum Wave|p1a: One Hit Wonder
|-supereffective|p1a: One Hit Wonder
|-damage|p1a: One Hit Wonder|0 fnt
|faint|p1a: One Hit Wonder
|
|upkeep
|
|t:|1769427867
|switch|p1a: Babe Ruth|Iron Valiant, shiny|100/100
|-damage|p1a: Babe Ruth|94/100|[from] Stealth Rock
|-activate|p1a: Babe Ruth|ability: Quark Drive
|-start|p1a: Babe Ruth|quarkdrivespe
|turn|25
|
|t:|1769427873
|-end|p2a: Gardevlade|Quark Drive|[silent]
|switch|p2a: Virizitron|Iron Leaves|42/100
|-damage|p2a: Virizitron|29/100|[from] Stealth Rock
|-activate|p2a: Virizitron|ability: Quark Drive
|-start|p2a: Virizitron|quarkdrivespe
|-terastallize|p1a: Babe Ruth|Ghost
|move|p1a: Babe Ruth|Moonblast|p2a: Virizitron
|-damage|p2a: Virizitron|0 fnt
|faint|p2a: Virizitron
|-end|p2a: Virizitron|Quark Drive|[silent]
|
|upkeep
|
|t:|1769427892
|switch|p2a: Gardevlade|Iron Valiant|94/100
|-damage|p2a: Gardevlade|88/100|[from] Stealth Rock
|-activate|p2a: Gardevlade|ability: Quark Drive
|-start|p2a: Gardevlade|quarkdrivespe
|turn|26
|
|t:|1769427900
|-end|p1a: Babe Ruth|Quark Drive|[silent]
|switch|p1a: Ohtani|Dragonite, M|100/100
|-damage|p1a: Ohtani|76/100|[from] Stealth Rock
|-terastallize|p2a: Gardevlade|Electric
|move|p2a: Gardevlade|Moonblast|p1a: Ohtani
|-supereffective|p1a: Ohtani
|-damage|p1a: Ohtani|0 fnt
|faint|p1a: Ohtani
|
|upkeep
|
|t:|1769427907
|switch|p1a: Babe Ruth|Iron Valiant, shiny, tera:Ghost|94/100
|-damage|p1a: Babe Ruth|82/100|[from] Stealth Rock
|-activate|p1a: Babe Ruth|ability: Quark Drive
|-start|p1a: Babe Ruth|quarkdrivespe
|turn|27
|
|t:|1769427912
|move|p2a: Gardevlade|Moonblast|p1a: Babe Ruth
|-damage|p1a: Babe Ruth|0 fnt
|faint|p1a: Babe Ruth
|-end|p1a: Babe Ruth|Quark Drive|[silent]
|
|win|Qplazm10
|raw|Yaoshi's rating: 1534 &rarr; <strong>1514</strong><br />(-20 for losing)
|raw|Qplazm10's rating: 1526 &rarr; <strong>1546</strong><br />(+20 for winning)
|l|☆Yaoshi
|player|p1|
|l|☆Qplazm10
|player|p2|
