|j|☆zbackbar
|j|☆LFC Hatewatcher
|t:|1769442252
|gametype|singles
|player|p1|zbackbar|hiker-gen4|1460
|player|p2|LFC Hatewatcher|grimsley|1465
|gen|9
|tier|[Gen 9] OU
|rated|
|rule|HP Percentage Mod: HP is shown in percentages
|rule|Endless Battle Clause: Forcing endless battles is banned
|rule|Species Clause: Limit one of each Pokémon
|rule|OHKO Clause: OHKO moves are banned
|rule|Evasion Items Clause: Evasion items are banned
|rule|Evasion Moves Clause: Evasion moves are banned
|rule|Evasion Abilities Clause: Evasion abilities are banned
|rule|Sleep Moves Clause: Sleep-inducing moves are banned
|clearpoke
|poke|p1|Cobalion|
|poke|p1|Samurott-Hisui, M|
|poke|p1|Gholdengo|
|poke|p1|Iron Moth|
|poke|p1|Dragonite, M|
|poke|p1|Meowscarada, F|
|poke|p2|Deoxys-Speed|
|poke|p2|Glimmora, F|
|poke|p2|Darkrai|
|poke|p2|Hatterene, F|
|poke|p2|Moltres-Galar|
|poke|p2|Iron Boulder|
|teampreview
|inactive|Battle timer is ON: inactive players will automatically lose when time's up. (requested by zbackbar)
|
|t:|1769442265
|teamsize|p1|6
|teamsize|p2|6
|start
|switch|p1a: Cobalion|Cobalion, shiny|100/100
|switch|p2a: Deoxys|Deoxys-Speed, shiny|100/100
|-ability|p2a: Deoxys|Pressure
|turn|1
|
|t:|1769442285
|switch|p2a: Hatterene|Hatterene, F|100/100
|move|p1a: Cobalion|Stealth Rock|p2a: Hatterene
|move|p2a: Hatterene|Stealth Rock|p1a: Cobalion|[from] ability: Magic Bounce
|-sidestart|p1: zbackbar|move: Stealth Rock
|
|upkeep
|turn|2
|
|t:|1769442292
|move|p1a: Cobalion|Steel Beam|p2a: Hatterene
|-supereffective|p2a: Hatterene
|-damage|p2a: Hatterene|0 fnt
|-damage|p1a: Cobalion|50/100|[from] steelbeam
|faint|p2a: Hatterene
|
|upkeep
|
|t:|1769442300
|switch|p2a: Deoxys|Deoxys-Speed, shiny|100/100
|-ability|p2a: Deoxys|Pressure
|turn|3
|
|t:|1769442309
|switch|p1a: Gholdengo|Gholdengo|100/100
|-damage|p1a: Gholdengo|94/100|[from] Stealth Rock
|move|p2a: Deoxys|Taunt|p1a: Gholdengo
|-immune|p1a: Gholdengo|[from] ability: Good as Gold
|
|upkeep
|turn|4
|
|t:|1769442318
|move|p2a: Deoxys|Light Screen|p2a: Deoxys
|-sidestart|p2: LFC Hatewatcher|move: Light Screen
|move|p1a: Gholdengo|Shadow Ball|p2a: Deoxys
|-supereffective|p2a: Deoxys
|-damage|p2a: Deoxys|44/100
|-unboost|p2a: Deoxys|spd|1
|
|upkeep
|turn|5
|
|t:|1769442326
|switch|p2a: Darkrai|Darkrai|100/100
|move|p1a: Gholdengo|Shadow Ball|p2a: Darkrai
|-resisted|p2a: Darkrai
|-damage|p2a: Darkrai|87/100
|
|-heal|p2a: Darkrai|93/100|[from] item: Leftovers
|upkeep
|turn|6
|
|t:|1769442338
|switch|p1a: Cobalion|Cobalion, shiny|50/100
|-damage|p1a: Cobalion|47/100|[from] Stealth Rock
|move|p2a: Darkrai|Nasty Plot|p2a: Darkrai
|-boost|p2a: Darkrai|spa|2
|
|-heal|p2a: Darkrai|99/100|[from] item: Leftovers
|upkeep
|turn|7
|
|t:|1769442350
|move|p2a: Darkrai|Focus Blast|p1a: Cobalion
|-supereffective|p1a: Cobalion
|-damage|p1a: Cobalion|0 fnt
|faint|p1a: Cobalion
|
|-heal|p2a: Darkrai|100/100|[from] item: Leftovers
|upkeep
|
|t:|1769442360
|switch|p1a: Meowscarada|Meowscarada, F|100/100
|-damage|p1a: Meowscarada|88/100|[from] Stealth Rock
|turn|8
|
|t:|1769442367
|move|p1a: Meowscarada|U-turn|p2a: Darkrai
|-start|p1a: Meowscarada|typechange|Bug|[from] ability: Protean
|-supereffective|p2a: Darkrai
|-damage|p2a: Darkrai|15/100
|
|t:|1769442379
|switch|p1a: Gholdengo|Gholdengo|94/100|[from] U-turn
|-damage|p1a: Gholdengo|88/100|[from] Stealth Rock
|move|p2a: Darkrai|Sludge Bomb|p1a: Gholdengo
|-immune|p1a: Gholdengo
|
|-heal|p2a: Darkrai|21/100|[from] item: Leftovers
|upkeep
|turn|9
|
|t:|1769442390
|move|p1a: Gholdengo|Make It Rain|p2a: Darkrai
|-damage|p2a: Darkrai|0 fnt
|-unboost|p1a: Gholdengo|spa|1
|faint|p2a: Darkrai
|
|upkeep
|
|t:|1769442397
|switch|p2a: Moltres|Moltres-Galar|100/100
|turn|10
|
|t:|1769442409
|switch|p1a: Samurott|Samurott-Hisui, M|100/100
|-damage|p1a: Samurott|88/100|[from] Stealth Rock
|move|p2a: Moltres|Agility|p2a: Moltres
|-boost|p2a: Moltres|spe|2
|
|upkeep
|turn|11
|
|t:|1769442421
|move|p2a: Moltres|Agility|p2a: Moltres
|-boost|p2a: Moltres|spe|2
|move|p1a: Samurott|Razor Shell|p2a: Moltres
|-damage|p2a: Moltres|47/100
|-ability|p2a: Moltres|Berserk|boost
|-boost|p2a: Moltres|spa|1
|-enditem|p2a: Moltres|Sitrus Berry|[eat]
|-heal|p2a: Moltres|72/100|[from] item: Sitrus Berry
|
|-sideend|p2: LFC Hatewatcher|move: Light Screen
|upkeep
|turn|12
|
|t:|1769442432
|move|p2a: Moltres|Nasty Plot|p2a: Moltres
|-boost|p2a: Moltres|spa|2
|move|p1a: Samurott|Razor Shell|p2a: Moltres
|-damage|p2a: Moltres|21/100
|-unboost|p2a: Moltres|def|1
|-ability|p2a: Moltres|Berserk|boost
|-boost|p2a: Moltres|spa|1
|
|upkeep
|turn|13
|
|t:|1769442443
|move|p1a: Samurott|Sucker Punch|p2a: Moltres
|-resisted|p2a: Moltres
|-damage|p2a: Moltres|0 fnt
|faint|p2a: Moltres
|
|upkeep
|
|t:|1769442447
|switch|p2a: Glimmora|Glimmora, F, shiny|100/100
|turn|14
|
|t:|1769442459
|move|p2a: Glimmora|Meteor Beam||[still]
|-prepare|p2a: Glimmora|Meteor Beam
|-boost|p2a: Glimmora|spa|1
|-enditem|p2a: Glimmora|Power Herb
|-anim|p2a: Glimmora|Meteor Beam|p1a: Samurott
|-damage|p1a: Samurott|0 fnt
|faint|p1a: Samurott
|
|upkeep
|
|t:|1769442483
|switch|p1a: Gholdengo|Gholdengo|88/100
|-damage|p1a: Gholdengo|82/100|[from] Stealth Rock
|turn|15
|
|t:|1769442491
|move|p1a: Gholdengo|Make It Rain|p2a: Glimmora
|-supereffective|p2a: Glimmora
|-damage|p2a: Glimmora|0 fnt
|-unboost|p1a: Gholdengo|spa|1
|faint|p2a: Glimmora
|
|upkeep
|
|t:|1769442495
|switch|p2a: Deoxys|Deoxys-Speed, shiny|44/100
|-ability|p2a: Deoxys|Pressure
|turn|16
|
|t:|1769442504
|move|p2a: Deoxys|Reflect|p2a: Deoxys
|-sidestart|p2: LFC Hatewatcher|Reflect
|move|p1a: Gholdengo|Make It Rain|p2a: Deoxys
|-damage|p2a: Deoxys|0 fnt
|-unboost|p1a: Gholdengo|spa|1
|faint|p2a: Deoxys
|
|upkeep
|
|t:|1769442508
|switch|p2a: Big Nasty|Iron Boulder|100/100
|-enditem|p2a: Big Nasty|Booster Energy
|-activate|p2a: Big Nasty|ability: Quark Drive|[fromitem]
|-start|p2a: Big Nasty|quarkdrivespe
|turn|17
|
|t:|1769442531
|-terastallize|p2a: Big Nasty|Fighting
|move|p2a: Big Nasty|Swords Dance|p2a: Big Nasty
|-boost|p2a: Big Nasty|atk|2
|move|p1a: Gholdengo|Make It Rain|p2a: Big Nasty
|-damage|p2a: Big Nasty|69/100
|-unboost|p1a: Gholdengo|spa|1
|
|upkeep
|turn|18
|
|t:|1769442542
|move|p2a: Big Nasty|Swords Dance|p2a: Big Nasty
|-boost|p2a: Big Nasty|atk|2
|move|p1a: Gholdengo|Make It Rain|p2a: Big Nasty
|-damage|p2a: Big Nasty|43/100
|-unboost|p1a: Gholdengo|spa|1
|
|upkeep
|turn|19
|
|t:|1769442551
|move|p2a: Big Nasty|Mighty Cleave|p1a: Gholdengo
|-resisted|p1a: Gholdengo
|-damage|p1a: Gholdengo|4/100
|move|p1a: Gholdengo|Make It Rain|p2a: Big Nasty
|-damage|p2a: Big Nasty|19/100
|-unboost|p1a: Gholdengo|spa|1
|
|upkeep
|turn|20
|
|t:|1769442555
|move|p2a: Big Nasty|Mighty Cleave|p1a: Gholdengo
|-resisted|p1a: Gholdengo
|-damage|p1a: Gholdengo|0 fnt
|faint|p1a: Gholdengo
|
|upkeep
|
|t:|1769442560
|switch|p1a: Iron Moth|Iron Moth, shiny|100/100
|-damage|p1a: Iron Moth|76/100|[from] Stealth Rock
|-enditem|p1a: Iron Moth|Booster Energy
|-activate|p1a: Iron Moth|ability: Quark Drive|[fromitem]
|-start|p1a: Iron Moth|quarkdrivespe
|turn|21
|
|t:|1769442564
|move|p2a: Big Nasty|Mighty Cleave|p1a: Iron Moth
|-supereffective|p1a: Iron Moth
|-damage|p1a: Iron Moth|0 fnt
|faint|p1a: Iron Moth
|-end|p1a: Iron Moth|Quark Drive|[silent]
|
|upkeep
|
|t:|1769442567
|switch|p1a: Meowscarada|Meowscarada, F|88/100
|-damage|p1a: Meowscarada|76/100|[from] Stealth Rock
|turn|22
|
|t:|1769442571
|move|p2a: Big Nasty|Mighty Cleave|p1a: Meowscarada
|-damage|p1a: Meowscarada|0 fnt
|faint|p1a: Meowscarada
|
|upkeep
|
|t:|1769442573
|switch|p1a: Dragonite|Dragonite, M, shiny|100/100
|turn|23
|
|t:|1769442581
|-terastallize|p1a: Dragonite|Normal
|move|p1a: Dragonite|Extreme Speed|p2a: Big Nasty
|-damage|p2a: Big Nasty|0 fnt
|faint|p2a: Big Nasty
|-end|p2a: Big Nasty|Quark Drive|[silent]
|
|win|zbackbar
|raw|zbackbar's rating: 1460 &rarr; <strong>1480</strong><br />(+20 for winning)
|raw|LFC Hatewatcher's rating: 1465 &rarr; <strong>1445</strong><br />(-20 for losing)
|l|☆LFC Hatewatcher
|player|p2|
|l|☆zbackbar
|player|p1|
