|j|☆incinaboom yaoi
|j|☆wenchaojiayang
|t:|1769348095
|gametype|singles
|player|p1|incinaboom yaoi|burglar|1316
|player|p2|wenchaojiayang|169|1293
|gen|9
|tier|[Gen 9] OU
|rated|
|rule|HP Percentage Mod: HP is shown in percentages
|rule|Endless Battle Clause: Forcing endless battles is banned
|rule|Species Clause: Limit one of each Pokémon
|rule|OHKO Clause: OHKO moves are banned
|rule|Evasion Items Clause: Evasion items are banned
|rule|Evasion Moves Clause: Evasion moves are banned
|rule|Evasion Abilities Clause: Evasion abilities are banned
|rule|Sleep Moves Clause: Sleep-inducing moves are banned
|clearpoke
|poke|p1|Cinderace, M|
|poke|p1|Great Tusk|
|poke|p1|Pecharunt|
|poke|p1|Primarina, M|
|poke|p1|Darkrai|
|poke|p1|Dragonite, M|
|poke|p2|Clefable, M|
|poke|p2|Okidogi, M|
|poke|p2|Mew|
|poke|p2|Corviknight, F|
|poke|p2|Heatran, F|
|poke|p2|Indeedee-F, F|
|teampreview
|inactive|Battle timer is ON: inactive players will automatically lose when time's up. (requested by incinaboom yaoi)
|
|t:|1769348109
|teamsize|p1|6
|teamsize|p2|6
|start
|switch|p1a: Cinderace|Cinderace, M|100/100
|switch|p2a: Indeedee|Indeedee-F, F|100/100
|-fieldstart|move: Psychic Terrain|[from] ability: Psychic Surge|[of] p2a: Indeedee
|turn|1
|
|t:|1769348121
|move|p1a: Cinderace|U-turn|p2a: Indeedee
|-start|p1a: Cinderace|typechange|Bug|[from] ability: Libero
|-supereffective|p2a: Indeedee
|-damage|p2a: Indeedee|27/100
|
|t:|1769348129
|switch|p1a: Darkrai|Darkrai|100/100|[from] U-turn
|move|p2a: Indeedee|Trick|p1a: Darkrai
|-activate|p2a: Indeedee|move: Trick|[of] p1a: Darkrai
|-item|p1a: Darkrai|Choice Scarf|[from] move: Trick
|-item|p2a: Indeedee|Choice Scarf|[from] move: Trick
|
|upkeep
|turn|2
|
|t:|1769348140
|switch|p2a: Heatran|Heatran, F|100/100
|move|p1a: Darkrai|Sludge Bomb|p2a: Heatran
|-immune|p2a: Heatran
|
|upkeep
|turn|3
|
|t:|1769348147
|switch|p1a: Primarina|Primarina, M|100/100
|move|p2a: Heatran|Lava Plume|p1a: Primarina
|-resisted|p1a: Primarina
|-damage|p1a: Primarina|89/100
|
|upkeep
|turn|4
|
|t:|1769348155
|switch|p2a: Clefable|Clefable, M|100/100
|move|p1a: Primarina|Psychic Noise|p2a: Clefable
|-damage|p2a: Clefable|58/100
|-start|p2a: Clefable|move: Heal Block
|
|upkeep
|turn|5
|
|t:|1769348165
|move|p1a: Primarina|Moonblast|p2a: Clefable
|-damage|p2a: Clefable|10/100
|move|p2a: Clefable|Calm Mind|p2a: Clefable
|-boost|p2a: Clefable|spa|1
|-boost|p2a: Clefable|spd|1
|
|-end|p2a: Clefable|move: Heal Block
|-fieldend|move: Psychic Terrain
|upkeep
|turn|6
|
|t:|1769348177
|move|p1a: Primarina|Psychic Noise|p2a: Clefable
|-damage|p2a: Clefable|0 fnt
|faint|p2a: Clefable
|
|upkeep
|
|t:|1769348183
|switch|p2a: Indeedee|Indeedee-F, F|27/100
|-fieldstart|move: Psychic Terrain|[from] ability: Psychic Surge|[of] p2a: Indeedee
|turn|7
|
|t:|1769348193
|switch|p1a: Darkrai|Darkrai|100/100
|-terastallize|p2a: Indeedee|Fighting
|move|p2a: Indeedee|Tera Blast|p1a: Darkrai|[anim] Tera Blast Fighting
|-supereffective|p1a: Darkrai
|-damage|p1a: Darkrai|30/100
|
|upkeep
|turn|8
|
|t:|1769348203
|switch|p1a: Primarina|Primarina, M|89/100
|switch|p2a: Heatran|Heatran, F|100/100
|
|upkeep
|turn|9
|
|t:|1769348210
|switch|p2a: Mew|Mew|100/100
|move|p1a: Primarina|Psychic Noise|p2a: Mew
|-damage|p2a: Mew|59/100
|-start|p2a: Mew|move: Heal Block
|
|upkeep
|turn|10
|
|t:|1769348219
|move|p2a: Mew|Nasty Plot|p2a: Mew
|-boost|p2a: Mew|spa|2
|move|p1a: Primarina|Moonblast|p2a: Mew
|-damage|p2a: Mew|10/100
|
|-end|p2a: Mew|move: Heal Block
|upkeep
|turn|11
|
|t:|1769348227
|move|p2a: Mew|Stored Power|p1a: Primarina
|-damage|p1a: Primarina|43/100
|move|p1a: Primarina|Flip Turn|p2a: Mew
|-damage|p2a: Mew|0 fnt
|faint|p2a: Mew
|
|t:|1769348234
|switch|p1a: Darkrai|Darkrai|30/100|[from] Flip Turn
|
|-fieldend|move: Psychic Terrain
|upkeep
|
|t:|1769348240
|switch|p2a: Okidogi|Okidogi, M|100/100
|turn|12
|
|t:|1769348246
|switch|p1a: Great Tusk|Great Tusk|100/100
|move|p2a: Okidogi|Bulk Up|p2a: Okidogi
|-boost|p2a: Okidogi|atk|1
|-boost|p2a: Okidogi|def|1
|
|upkeep
|turn|13
|
|t:|1769348260
|move|p1a: Great Tusk|Headlong Rush|p2a: Okidogi
|-supereffective|p2a: Okidogi
|-crit|p2a: Okidogi
|-damage|p2a: Okidogi|0 fnt
|-unboost|p1a: Great Tusk|def|1
|-unboost|p1a: Great Tusk|spd|1
|faint|p2a: Okidogi
|
|upkeep
|c|☆incinaboom yaoi|m
|c|☆incinaboom yaoi|b
|inactive|wenchaojiayang has 120 seconds left.
|
|t:|1769348301
|switch|p2a: Corviknight|Corviknight, F|100/100
|-ability|p2a: Corviknight|Pressure
|turn|14
|inactive|incinaboom yaoi has 120 seconds left.
|
|t:|1769348334
|-end|p1a: Great Tusk|Protosynthesis|[silent]
|switch|p1a: Pecharunt|Pecharunt|100/100
|move|p2a: Corviknight|Bulk Up|p2a: Corviknight
|-boost|p2a: Corviknight|atk|1
|-boost|p2a: Corviknight|def|1
|
|upkeep
|turn|15
|
|t:|1769348351
|move|p1a: Pecharunt|Foul Play|p2a: Corviknight
|-damage|p2a: Corviknight|85/100
|move|p2a: Corviknight|Agility|p2a: Corviknight
|-boost|p2a: Corviknight|spe|2
|
|-heal|p2a: Corviknight|91/100|[from] item: Leftovers
|upkeep
|turn|16
|
|t:|1769348360
|move|p2a: Corviknight|Agility|p2a: Corviknight
|-boost|p2a: Corviknight|spe|2
|move|p1a: Pecharunt|Parting Shot|p2a: Corviknight
|-unboost|p2a: Corviknight|atk|1
|-unboost|p2a: Corviknight|spa|1
|
|t:|1769348365
|switch|p1a: Cinderace|Cinderace, M|100/100|[from] Parting Shot
|
|-heal|p2a: Corviknight|97/100|[from] item: Leftovers
|upkeep
|turn|17
|inactive|wenchaojiayang has 120 seconds left.
|
|t:|1769348394
|move|p2a: Corviknight|Bulk Up|p2a: Corviknight
|-boost|p2a: Corviknight|atk|1
|-boost|p2a: Corviknight|def|1
|move|p1a: Cinderace|Will-O-Wisp|p2a: Corviknight|[miss]
|-miss|p1a: Cinderace|p2a: Corviknight
|
|-heal|p2a: Corviknight|100/100|[from] item: Leftovers
|upkeep
|turn|18
|
|t:|1769348402
|move|p2a: Corviknight|Power Trip|p1a: Cinderace
|-damage|p1a: Cinderace|30/100
|move|p1a: Cinderace|Will-O-Wisp|p2a: Corviknight
|-status|p2a: Corviknight|brn
|
|-damage|p2a: Corviknight|94/100 brn|[from] brn
|upkeep
|turn|19
|
|t:|1769348413
|move|p2a: Corviknight|Power Trip|p1a: Cinderace
|-damage|p1a: Cinderace|0 fnt
|faint|p1a: Cinderace
|
|-heal|p2a: Corviknight|100/100 brn|[from] item: Leftovers
|-damage|p2a: Corviknight|94/100 brn|[from] brn
|upkeep
|
|t:|1769348417
|switch|p1a: Darkrai|Darkrai|30/100
|turn|20
|
|t:|1769348425
|move|p1a: Darkrai|Dark Pulse|p2a: Corviknight
|-damage|p2a: Corviknight|63/100 brn
|cant|p2a: Corviknight|flinch
|
|-heal|p2a: Corviknight|70/100 brn|[from] item: Leftovers
|-damage|p2a: Corviknight|63/100 brn|[from] brn
|upkeep
|turn|21
|inactive|wenchaojiayang has 120 seconds left.
|
|t:|1769348432
|move|p1a: Darkrai|Dark Pulse|p2a: Corviknight
|-damage|p2a: Corviknight|35/100 brn
|move|p2a: Corviknight|Roost|p2a: Corviknight
|-heal|p2a: Corviknight|85/100 brn
|-singleturn|p2a: Corviknight|move: Roost
|
|-heal|p2a: Corviknight|92/100 brn|[from] item: Leftovers
|-damage|p2a: Corviknight|85/100 brn|[from] brn
|upkeep
|turn|22
|inactive|wenchaojiayang has 120 seconds left.
|
|t:|1769348454
|move|p1a: Darkrai|Dark Pulse|p2a: Corviknight
|-damage|p2a: Corviknight|53/100 brn
|cant|p2a: Corviknight|flinch
|
|-heal|p2a: Corviknight|59/100 brn|[from] item: Leftovers
|-damage|p2a: Corviknight|53/100 brn|[from] brn
|upkeep
|turn|23
|
|t:|1769348461
|move|p1a: Darkrai|Dark Pulse|p2a: Corviknight
|-damage|p2a: Corviknight|22/100 brn
|move|p2a: Corviknight|Roost|p2a: Corviknight
|-heal|p2a: Corviknight|72/100 brn
|-singleturn|p2a: Corviknight|move: Roost
|
|-heal|p2a: Corviknight|78/100 brn|[from] item: Leftovers
|-damage|p2a: Corviknight|72/100 brn|[from] brn
|upkeep
|turn|24
|inactive|wenchaojiayang has 120 seconds left.
|
|t:|1769348470
|move|p1a: Darkrai|Dark Pulse|p2a: Corviknight
|-damage|p2a: Corviknight|40/100 brn
|move|p2a: Corviknight|Power Trip|p1a: Darkrai
|-resisted|p1a: Darkrai
|-damage|p1a: Darkrai|14/100
|
|-heal|p2a: Corviknight|46/100 brn|[from] item: Leftovers
|-damage|p2a: Corviknight|40/100 brn|[from] brn
|upkeep
|turn|25
|inactive|wenchaojiayang has 120 seconds left.
|
|t:|1769348486
|move|p1a: Darkrai|Dark Pulse|p2a: Corviknight
|-damage|p2a: Corviknight|9/100 brn
|move|p2a: Corviknight|Roost|p2a: Corviknight
|-heal|p2a: Corviknight|59/100 brn
|-singleturn|p2a: Corviknight|move: Roost
|
|-heal|p2a: Corviknight|66/100 brn|[from] item: Leftovers
|-damage|p2a: Corviknight|59/100 brn|[from] brn
|upkeep
|turn|26
|inactive|wenchaojiayang has 120 seconds left.
|
|t:|1769348502
|move|p1a: Darkrai|Dark Pulse|p2a: Corviknight
|-damage|p2a: Corviknight|30/100 brn
|move|p2a: Corviknight|Roost|p2a: Corviknight
|-heal|p2a: Corviknight|80/100 brn
|-singleturn|p2a: Corviknight|move: Roost
|
|-heal|p2a: Corviknight|86/100 brn|[from] item: Leftovers
|-damage|p2a: Corviknight|80/100 brn|[from] brn
|upkeep
|turn|27
|
|t:|1769348513
|move|p1a: Darkrai|Dark Pulse|p2a: Corviknight
|-damage|p2a: Corviknight|53/100 brn
|move|p2a: Corviknight|Power Trip|p1a: Darkrai
|-resisted|p1a: Darkrai
|-damage|p1a: Darkrai|0 fnt
|faint|p1a: Darkrai
|
|-heal|p2a: Corviknight|59/100 brn|[from] item: Leftovers
|-damage|p2a: Corviknight|53/100 brn|[from] brn
|upkeep
|
|t:|1769348520
|switch|p1a: Dragonite|Dragonite, M|100/100
|turn|28
|inactive|wenchaojiayang has 120 seconds left.
|
|t:|1769348525
|move|p2a: Corviknight|Bulk Up|p2a: Corviknight
|-boost|p2a: Corviknight|atk|1
|-boost|p2a: Corviknight|def|1
|move|p1a: Dragonite|Dragon Dance|p1a: Dragonite
|-boost|p1a: Dragonite|atk|1
|-boost|p1a: Dragonite|spe|1
|
|-heal|p2a: Corviknight|59/100 brn|[from] item: Leftovers
|-damage|p2a: Corviknight|53/100 brn|[from] brn
|upkeep
|turn|29
|inactive|wenchaojiayang has 120 seconds left.
|
|t:|1769348538
|move|p2a: Corviknight|Bulk Up|p2a: Corviknight
|-boost|p2a: Corviknight|atk|1
|-boost|p2a: Corviknight|def|1
|move|p1a: Dragonite|Dragon Dance|p1a: Dragonite
|-boost|p1a: Dragonite|atk|1
|-boost|p1a: Dragonite|spe|1
|
|-heal|p2a: Corviknight|59/100 brn|[from] item: Leftovers
|-damage|p2a: Corviknight|53/100 brn|[from] brn
|upkeep
|turn|30
|
|t:|1769348548
|switch|p1a: Great Tusk|Great Tusk|100/100
|move|p2a: Corviknight|Roost|p2a: Corviknight
|-heal|p2a: Corviknight|100/100 brn
|-singleturn|p2a: Corviknight|move: Roost
|
|-damage|p2a: Corviknight|94/100 brn|[from] brn
|upkeep
|turn|31
|inactive|wenchaojiayang has 120 seconds left.
|
|t:|1769348572
|move|p2a: Corviknight|Bulk Up|p2a: Corviknight
|-boost|p2a: Corviknight|atk|1
|-boost|p2a: Corviknight|def|1
|move|p1a: Great Tusk|Stealth Rock|p2a: Corviknight
|-sidestart|p2: wenchaojiayang|move: Stealth Rock
|
|-heal|p2a: Corviknight|100/100 brn|[from] item: Leftovers
|-damage|p2a: Corviknight|94/100 brn|[from] brn
|upkeep
|turn|32
|inactive|wenchaojiayang has 120 seconds left.
|
|t:|1769348587
|move|p2a: Corviknight|Bulk Up|p2a: Corviknight
|-boost|p2a: Corviknight|atk|1
|-boost|p2a: Corviknight|def|1
|move|p1a: Great Tusk|Ice Spinner|p2a: Corviknight
|-crit|p2a: Corviknight
|-damage|p2a: Corviknight|66/100 brn
|
|-heal|p2a: Corviknight|73/100 brn|[from] item: Leftovers
|-damage|p2a: Corviknight|66/100 brn|[from] brn
|upkeep
|turn|33
|inactive|wenchaojiayang has 120 seconds left.
|
|t:|1769348606
|move|p2a: Corviknight|Bulk Up|p2a: Corviknight
|-boost|p2a: Corviknight|atk|1
|-boost|p2a: Corviknight|def|0
|move|p1a: Great Tusk|Headlong Rush|p2a: Corviknight
|-immune|p2a: Corviknight
|
|-heal|p2a: Corviknight|73/100 brn|[from] item: Leftovers
|-damage|p2a: Corviknight|66/100 brn|[from] brn
|upkeep
|turn|34
|
|t:|1769348635
|move|p2a: Corviknight|Bulk Up|p2a: Corviknight
|-boost|p2a: Corviknight|atk|0
|-boost|p2a: Corviknight|def|0
|move|p1a: Great Tusk|Ice Spinner|p2a: Corviknight
|-damage|p2a: Corviknight|62/100 brn
|
|-heal|p2a: Corviknight|68/100 brn|[from] item: Leftovers
|-damage|p2a: Corviknight|62/100 brn|[from] brn
|upkeep
|turn|35
|inactive|wenchaojiayang has 90 seconds left.
|
|t:|1769348663
|move|p2a: Corviknight|Bulk Up|p2a: Corviknight
|-boost|p2a: Corviknight|atk|0
|-boost|p2a: Corviknight|def|0
|move|p1a: Great Tusk|Ice Spinner|p2a: Corviknight
|-damage|p2a: Corviknight|57/100 brn
|
|-heal|p2a: Corviknight|63/100 brn|[from] item: Leftovers
|-damage|p2a: Corviknight|57/100 brn|[from] brn
|upkeep
|turn|36
|
|t:|1769348679
|-end|p1a: Great Tusk|Protosynthesis|[silent]
|switch|p1a: Primarina|Primarina, M|43/100
|move|p2a: Corviknight|Roost|p2a: Corviknight
|-heal|p2a: Corviknight|100/100 brn
|-singleturn|p2a: Corviknight|move: Roost
|
|-damage|p2a: Corviknight|94/100 brn|[from] brn
|upkeep
|turn|37
|
|t:|1769348695
|switch|p1a: Great Tusk|Great Tusk|100/100
|move|p2a: Corviknight|Power Trip|p1a: Great Tusk
|-resisted|p1a: Great Tusk
|-damage|p1a: Great Tusk|55/100
|-damage|p2a: Corviknight|78/100 brn|[from] item: Rocky Helmet|[of] p1a: Great Tusk
|
|-heal|p2a: Corviknight|84/100 brn|[from] item: Leftovers
|-damage|p2a: Corviknight|78/100 brn|[from] brn
|upkeep
|turn|38
|inactive|wenchaojiayang has 60 seconds left.
|
|t:|1769348715
|move|p2a: Corviknight|Agility|p2a: Corviknight
|-boost|p2a: Corviknight|spe|2
|move|p1a: Great Tusk|Ice Spinner|p2a: Corviknight
|-damage|p2a: Corviknight|73/100 brn
|
|-heal|p2a: Corviknight|79/100 brn|[from] item: Leftovers
|-damage|p2a: Corviknight|73/100 brn|[from] brn
|upkeep
|turn|39
|-message|incinaboom yaoi forfeited.
|
|win|wenchaojiayang
|raw|incinaboom yaoi's rating: 1316 &rarr; <strong>1295</strong><br />(-21 for losing)
|raw|wenchaojiayang's rating: 1293 &rarr; <strong>1320</strong><br />(+27 for winning)
|l|☆incinaboom yaoi
|player|p1|
|l|☆wenchaojiayang
|player|p2|
