|j|☆Arcsouth
|j|☆Echoes4
|t:|1769308516
|gametype|singles
|player|p1|Arcsouth|gentleman-gen4dp|
|player|p2|Echoes4|brock|
|gen|9
|tier|[Gen 9] OU
|rule|HP Percentage Mod: HP is shown in percentages
|rule|Endless Battle Clause: Forcing endless battles is banned
|rule|Species Clause: Limit one of each Pokémon
|rule|OHKO Clause: OHKO moves are banned
|rule|Evasion Items Clause: Evasion items are banned
|rule|Evasion Moves Clause: Evasion moves are banned
|rule|Evasion Abilities Clause: Evasion abilities are banned
|rule|Sleep Moves Clause: Sleep-inducing moves are banned
|clearpoke
|poke|p1|Ninetales-Alola, M|
|poke|p1|Sandslash-Alola, M|
|poke|p1|Toxapex, M|
|poke|p1|Greninja-*, F|
|poke|p1|Ceruledge, F|
|poke|p1|Jolteon, F|
|poke|p2|Meowscarada, F|
|poke|p2|Primarina, F|
|poke|p2|Zapdos-Galar|
|poke|p2|Mew|
|poke|p2|Slowbro, F|
|poke|p2|Sylveon, F|
|teampreview
|
|t:|1769308530
|teamsize|p1|6
|teamsize|p2|6
|start
|switch|p1a: Ninetales|Ninetales-Alola, M|100/100
|switch|p2a: Meowscarada|Meowscarada, F|100/100
|-weather|Snowscape|[from] ability: Snow Warning|[of] p1a: Ninetales
|turn|1
|
|t:|1769308544
|move|p2a: Meowscarada|Taunt|p1a: Ninetales
|-start|p1a: Ninetales|move: Taunt
|cant|p1a: Ninetales|move: Taunt|Encore
|
|-weather|Snowscape|[upkeep]
|upkeep
|turn|2
|
|t:|1769308573
|move|p2a: Meowscarada|Spikes|p1a: Ninetales
|-sidestart|p1: Arcsouth|Spikes
|move|p1a: Ninetales|Freeze-Dry|p2a: Meowscarada
|-supereffective|p2a: Meowscarada
|-damage|p2a: Meowscarada|38/100
|-status|p2a: Meowscarada|frz
|
|-weather|Snowscape|[upkeep]
|upkeep
|turn|3
|
|t:|1769308582
|cant|p2a: Meowscarada|frz
|move|p1a: Ninetales|Freeze-Dry|p2a: Meowscarada
|-supereffective|p2a: Meowscarada
|-damage|p2a: Meowscarada|0 fnt
|faint|p2a: Meowscarada
|
|-weather|Snowscape|[upkeep]
|-end|p1a: Ninetales|move: Taunt
|upkeep
|
|t:|1769308598
|switch|p2a: Mew|Mew|100/100
|turn|4
|
|t:|1769308610
|move|p1a: Ninetales|Aurora Veil|p1a: Ninetales
|-sidestart|p1: Arcsouth|move: Aurora Veil
|move|p2a: Mew|Will-O-Wisp|p1a: Ninetales
|-status|p1a: Ninetales|brn
|
|-weather|Snowscape|[upkeep]
|-damage|p1a: Ninetales|94/100 brn|[from] brn
|upkeep
|turn|5
|
|t:|1769308632
|switch|p1a: Ceruledge|Ceruledge, F|100/100
|move|p2a: Mew|Roar|p1a: Ceruledge
|drag|p1a: Toxapex|Toxapex, M|100/100
|-damage|p1a: Toxapex|88/100|[from] Spikes
|
|-weather|none
|-heal|p1a: Toxapex|94/100|[from] item: Black Sludge
|upkeep
|turn|6
|
|t:|1769308647
|switch|p2a: Slowbro|Slowbro, F|100/100
|move|p1a: Toxapex|Toxic|p2a: Slowbro
|-status|p2a: Slowbro|tox
|
|-heal|p1a: Toxapex|100/100|[from] item: Black Sludge
|-damage|p2a: Slowbro|94/100 tox|[from] psn
|upkeep
|turn|7
|
|t:|1769308657
|switch|p1a: Greninja|Greninja, F|100/100
|-damage|p1a: Greninja|88/100|[from] Spikes
|move|p2a: Slowbro|Thunder Wave|p1a: Greninja
|-status|p1a: Greninja|par
|
|-damage|p2a: Slowbro|82/100 tox|[from] psn
|upkeep
|turn|8
|
|t:|1769308669
|move|p1a: Greninja|U-turn|p2a: Slowbro
|-start|p1a: Greninja|typechange|Bug|[from] ability: Protean
|-supereffective|p2a: Slowbro
|-damage|p2a: Slowbro|56/100 tox
|-damage|p1a: Greninja|72/100 par|[from] item: Rocky Helmet|[of] p2a: Slowbro
|
|t:|1769308682
|switch|p1a: Jolteon|Jolteon, F|100/100|[from] U-turn
|-damage|p1a: Jolteon|88/100|[from] Spikes
|move|p2a: Slowbro|Scald|p1a: Jolteon
|-damage|p1a: Jolteon|71/100
|
|-damage|p2a: Slowbro|38/100 tox|[from] psn
|upkeep
|turn|9
|
|t:|1769308692
|move|p1a: Jolteon|Volt Switch|p2a: Slowbro
|-supereffective|p2a: Slowbro
|-damage|p2a: Slowbro|0 fnt
|faint|p2a: Slowbro
|
|t:|1769308697
|switch|p1a: Ninetales|Ninetales-Alola, M|94/100 brn|[from] Volt Switch
|-damage|p1a: Ninetales|82/100 brn|[from] Spikes
|-weather|Snowscape|[from] ability: Snow Warning|[of] p1a: Ninetales
|
|-weather|Snowscape|[upkeep]
|-damage|p1a: Ninetales|76/100 brn|[from] brn
|upkeep
|
|t:|1769308712
|switch|p2a: Mew|Mew|100/100
|turn|10
|
|t:|1769308738
|move|p1a: Ninetales|Aurora Veil||[still]
|-fail|p1a: Ninetales
|move|p2a: Mew|Roar|p1a: Ninetales
|drag|p1a: Sandslash|Sandslash-Alola, M|100/100
|-damage|p1a: Sandslash|88/100|[from] Spikes
|
|-weather|Snowscape|[upkeep]
|upkeep
|turn|11
|
|t:|1769308753
|move|p1a: Sandslash|Rapid Spin|p2a: Mew
|-damage|p2a: Mew|88/100
|-boost|p1a: Sandslash|spe|1
|-damage|p1a: Sandslash|72/100|[from] item: Rocky Helmet|[of] p2a: Mew
|-sideend|p1: Arcsouth|Spikes|[from] move: Rapid Spin|[of] p1a: Sandslash
|-damage|p1a: Sandslash|62/100|[from] item: Life Orb
|move|p2a: Mew|Will-O-Wisp|p1a: Sandslash
|-status|p1a: Sandslash|brn
|
|-weather|Snowscape|[upkeep]
|-damage|p1a: Sandslash|55/100 brn|[from] brn
|-sideend|p1: Arcsouth|move: Aurora Veil
|upkeep
|turn|12
|
|t:|1769308768
|switch|p1a: Ninetales|Ninetales-Alola, M|76/100 brn
|move|p2a: Mew|Knock Off|p1a: Ninetales
|-resisted|p1a: Ninetales
|-damage|p1a: Ninetales|66/100 brn
|-enditem|p1a: Ninetales|Light Clay|[from] move: Knock Off|[of] p2a: Mew
|
|-weather|Snowscape|[upkeep]
|-damage|p1a: Ninetales|60/100 brn|[from] brn
|upkeep
|turn|13
|
|t:|1769308778
|move|p1a: Ninetales|Aurora Veil|p1a: Ninetales
|-sidestart|p1: Arcsouth|move: Aurora Veil
|move|p2a: Mew|Roar|p1a: Ninetales
|drag|p1a: Sandslash|Sandslash-Alola, M|55/100 brn
|
|-weather|none
|-damage|p1a: Sandslash|49/100 brn|[from] brn
|upkeep
|turn|14
|
|t:|1769308793
|switch|p1a: Ceruledge|Ceruledge, F|100/100
|switch|p2a: Primarina|Primarina, F|100/100
|
|upkeep
|turn|15
|
|t:|1769308802
|switch|p1a: Toxapex|Toxapex, M|100/100
|move|p2a: Primarina|Surf|p1a: Toxapex
|-resisted|p1a: Toxapex
|-damage|p1a: Toxapex|90/100
|
|-heal|p1a: Toxapex|96/100|[from] item: Black Sludge
|upkeep
|turn|16
|
|t:|1769308819
|move|p2a: Primarina|Surf|p1a: Toxapex
|-resisted|p1a: Toxapex
|-damage|p1a: Toxapex|86/100
|move|p1a: Toxapex|Toxic|p2a: Primarina
|-status|p2a: Primarina|tox
|
|-heal|p1a: Toxapex|93/100|[from] item: Black Sludge
|-damage|p2a: Primarina|94/100 tox|[from] psn
|upkeep
|turn|17
|
|t:|1769308858
|move|p2a: Primarina|Surf|p1a: Toxapex
|-resisted|p1a: Toxapex
|-damage|p1a: Toxapex|82/100
|move|p1a: Toxapex|Recover|p1a: Toxapex
|-heal|p1a: Toxapex|100/100
|
|-heal|p2a: Primarina|100/100 tox|[from] item: Leftovers
|-damage|p2a: Primarina|88/100 tox|[from] psn
|-sideend|p1: Arcsouth|move: Aurora Veil
|upkeep
|turn|18
|
|t:|1769308869
|move|p2a: Primarina|Surf|p1a: Toxapex
|-resisted|p1a: Toxapex
|-damage|p1a: Toxapex|79/100
|move|p1a: Toxapex|Liquidation|p2a: Primarina
|-resisted|p2a: Primarina
|-damage|p2a: Primarina|77/100 tox
|
|-heal|p2a: Primarina|83/100 tox|[from] item: Leftovers
|-heal|p1a: Toxapex|85/100|[from] item: Black Sludge
|-damage|p2a: Primarina|65/100 tox|[from] psn
|upkeep
|turn|19
|
|t:|1769308884
|switch|p2a: Mew|Mew|88/100
|move|p1a: Toxapex|Liquidation|p2a: Mew
|-damage|p2a: Mew|78/100
|-damage|p1a: Toxapex|69/100|[from] item: Rocky Helmet|[of] p2a: Mew
|
|-heal|p1a: Toxapex|75/100|[from] item: Black Sludge
|upkeep
|turn|20
|
|t:|1769308893
|switch|p1a: Greninja|Greninja, F|72/100 par
|move|p2a: Mew|Will-O-Wisp||[still]
|-fail|p2a: Mew
|
|upkeep
|turn|21
|
|t:|1769308903
|move|p2a: Mew|Knock Off|p1a: Greninja
|-resisted|p1a: Greninja
|-damage|p1a: Greninja|55/100 par
|-enditem|p1a: Greninja|Choice Specs|[from] move: Knock Off|[of] p2a: Mew
|cant|p1a: Greninja|par
|
|upkeep
|turn|22
|
|t:|1769308913
|move|p1a: Greninja|U-turn|p2a: Mew
|-start|p1a: Greninja|typechange|Bug|[from] ability: Protean
|-supereffective|p2a: Mew
|-damage|p2a: Mew|53/100
|-damage|p1a: Greninja|38/100 par|[from] item: Rocky Helmet|[of] p2a: Mew
|
|t:|1769308920
|switch|p1a: Ninetales|Ninetales-Alola, M|60/100 brn|[from] U-turn
|-weather|Snowscape|[from] ability: Snow Warning|[of] p1a: Ninetales
|move|p2a: Mew|Roar|p1a: Ninetales
|drag|p1a: Ceruledge|Ceruledge, F|100/100
|
|-weather|Snowscape|[upkeep]
|upkeep
|turn|23
|
|t:|1769308936
|move|p1a: Ceruledge|Shadow Sneak|p2a: Mew
|-supereffective|p2a: Mew
|-damage|p2a: Mew|31/100
|-damage|p1a: Ceruledge|84/100|[from] item: Rocky Helmet|[of] p2a: Mew
|move|p2a: Mew|Knock Off|p1a: Ceruledge
|-supereffective|p1a: Ceruledge
|-damage|p1a: Ceruledge|20/100
|-enditem|p1a: Ceruledge|Heavy-Duty Boots|[from] move: Knock Off|[of] p2a: Mew
|
|-weather|Snowscape|[upkeep]
|upkeep
|turn|24
|
|t:|1769308947
|switch|p1a: Toxapex|Toxapex, M|100/100
|move|p2a: Mew|Knock Off|p1a: Toxapex
|-damage|p1a: Toxapex|86/100
|-enditem|p1a: Toxapex|Black Sludge|[from] move: Knock Off|[of] p2a: Mew
|
|-weather|Snowscape|[upkeep]
|upkeep
|turn|25
|
|t:|1769308957
|move|p2a: Mew|Knock Off|p1a: Toxapex
|-damage|p1a: Toxapex|78/100
|move|p1a: Toxapex|Toxic|p2a: Mew
|-status|p2a: Mew|tox
|-activate|p2a: Mew|ability: Synchronize
|-immune|p1a: Toxapex
|
|-weather|Snowscape|[upkeep]
|-damage|p2a: Mew|25/100 tox|[from] psn
|upkeep
|turn|26
|
|t:|1769308970
|move|p2a: Mew|Knock Off|p1a: Toxapex
|-damage|p1a: Toxapex|69/100
|move|p1a: Toxapex|Liquidation|p2a: Mew
|-damage|p2a: Mew|13/100 tox
|-damage|p1a: Toxapex|52/100|[from] item: Rocky Helmet|[of] p2a: Mew
|
|-weather|none
|-damage|p2a: Mew|0 fnt|[from] psn
|faint|p2a: Mew
|upkeep
|
|t:|1769308980
|switch|p2a: Zapdos|Zapdos-Galar|100/100
|turn|27
|
|t:|1769308984
|switch|p1a: Ninetales|Ninetales-Alola, M|60/100 brn
|-weather|Snowscape|[from] ability: Snow Warning|[of] p1a: Ninetales
|move|p2a: Zapdos|Stomping Tantrum|p1a: Ninetales
|-damage|p1a: Ninetales|38/100 brn
|
|-weather|Snowscape|[upkeep]
|-damage|p1a: Ninetales|32/100 brn|[from] brn
|upkeep
|turn|28
|
|t:|1769308998
|move|p2a: Zapdos|Stomping Tantrum|p1a: Ninetales
|-damage|p1a: Ninetales|12/100 brn
|move|p1a: Ninetales|Moonblast|p2a: Zapdos
|-supereffective|p2a: Zapdos
|-damage|p2a: Zapdos|31/100
|
|-weather|Snowscape|[upkeep]
|-damage|p1a: Ninetales|6/100 brn|[from] brn
|upkeep
|turn|29
|
|t:|1769309008
|-terastallize|p2a: Zapdos|Fairy
|move|p2a: Zapdos|Stomping Tantrum|p1a: Ninetales
|-damage|p1a: Ninetales|0 fnt
|faint|p1a: Ninetales
|
|-weather|Snowscape|[upkeep]
|upkeep
|
|t:|1769309038
|switch|p1a: Toxapex|Toxapex, M|85/100
|turn|30
|
|t:|1769309042
|move|p2a: Zapdos|Stomping Tantrum|p1a: Toxapex
|-supereffective|p1a: Toxapex
|-damage|p1a: Toxapex|56/100
|move|p1a: Toxapex|Toxic|p2a: Zapdos
|-status|p2a: Zapdos|tox
|
|-weather|Snowscape|[upkeep]
|-damage|p2a: Zapdos|25/100 tox|[from] psn
|upkeep
|turn|31
|
|t:|1769309049
|switch|p1a: Sandslash|Sandslash-Alola, M|49/100 brn
|move|p2a: Zapdos|Stomping Tantrum|p1a: Sandslash
|-supereffective|p1a: Sandslash
|-damage|p1a: Sandslash|18/100 brn
|
|-weather|none
|-damage|p2a: Zapdos|13/100 tox|[from] psn
|-damage|p1a: Sandslash|11/100 brn|[from] brn
|upkeep
|turn|32
|
|t:|1769309063
|move|p2a: Zapdos|Stomping Tantrum|p1a: Sandslash
|-supereffective|p1a: Sandslash
|-crit|p1a: Sandslash
|-damage|p1a: Sandslash|0 fnt
|faint|p1a: Sandslash
|
|-damage|p2a: Zapdos|0 fnt|[from] psn
|faint|p2a: Zapdos
|upkeep
|
|t:|1769309071
|switch|p2a: Primarina|Primarina, F|65/100 tox
|switch|p1a: Toxapex|Toxapex, M|89/100
|turn|33
|
|t:|1769309080
|move|p2a: Primarina|Calm Mind|p2a: Primarina
|-boost|p2a: Primarina|spa|1
|-boost|p2a: Primarina|spd|1
|move|p1a: Toxapex|Recover|p1a: Toxapex
|-heal|p1a: Toxapex|100/100
|
|-heal|p2a: Primarina|71/100 tox|[from] item: Leftovers
|-damage|p2a: Primarina|65/100 tox|[from] psn
|upkeep
|turn|34
|
|t:|1769309090
|move|p2a: Primarina|Surf|p1a: Toxapex
|-resisted|p1a: Toxapex
|-crit|p1a: Toxapex
|-damage|p1a: Toxapex|56/100
|move|p1a: Toxapex|Haze|p1a: Toxapex
|-clearallboost
|
|-heal|p2a: Primarina|71/100 tox|[from] item: Leftovers
|-damage|p2a: Primarina|59/100 tox|[from] psn
|upkeep
|turn|35
|
|t:|1769309098
|switch|p1a: Jolteon|Jolteon, F|71/100
|move|p2a: Primarina|Surf|p1a: Jolteon
|-damage|p1a: Jolteon|0 fnt
|faint|p1a: Jolteon
|
|-heal|p2a: Primarina|65/100 tox|[from] item: Leftovers
|-damage|p2a: Primarina|47/100 tox|[from] psn
|upkeep
|
|t:|1769309124
|switch|p1a: Ceruledge|Ceruledge, F|20/100
|turn|36
|
|t:|1769309127
|switch|p1a: Toxapex|Toxapex, M|89/100
|move|p2a: Primarina|Surf|p1a: Toxapex
|-resisted|p1a: Toxapex
|-damage|p1a: Toxapex|69/100
|
|-heal|p2a: Primarina|53/100 tox|[from] item: Leftovers
|-damage|p2a: Primarina|29/100 tox|[from] psn
|upkeep
|turn|37
|
|t:|1769309135
|move|p2a: Primarina|Surf|p1a: Toxapex
|-resisted|p1a: Toxapex
|-damage|p1a: Toxapex|38/100
|move|p1a: Toxapex|Haze|p1a: Toxapex
|-clearallboost
|
|-heal|p2a: Primarina|35/100 tox|[from] item: Leftovers
|-damage|p2a: Primarina|5/100 tox|[from] psn
|upkeep
|turn|38
|
|t:|1769309143
|move|p2a: Primarina|Surf|p1a: Toxapex
|-resisted|p1a: Toxapex
|-damage|p1a: Toxapex|9/100
|move|p1a: Toxapex|Recover|p1a: Toxapex
|-heal|p1a: Toxapex|59/100
|
|-heal|p2a: Primarina|11/100 tox|[from] item: Leftovers
|-damage|p2a: Primarina|0 fnt|[from] psn
|faint|p2a: Primarina
|upkeep
|
|t:|1769309151
|switch|p2a: Sylveon|Sylveon, F|100/100
|turn|39
|
|t:|1769309163
|move|p2a: Sylveon|Psychic|p1a: Toxapex
|-supereffective|p1a: Toxapex
|-damage|p1a: Toxapex|19/100
|move|p1a: Toxapex|Recover|p1a: Toxapex
|-heal|p1a: Toxapex|69/100
|
|upkeep
|turn|40
|
|t:|1769309170
|move|p2a: Sylveon|Psychic|p1a: Toxapex
|-supereffective|p1a: Toxapex
|-damage|p1a: Toxapex|29/100
|move|p1a: Toxapex|Toxic|p2a: Sylveon
|-status|p2a: Sylveon|tox
|
|-damage|p2a: Sylveon|94/100 tox|[from] psn
|upkeep
|turn|41
|
|t:|1769309177
|switch|p1a: Greninja|Greninja, F|38/100 par
|move|p2a: Sylveon|Psychic|p1a: Greninja
|-immune|p1a: Greninja
|
|-heal|p2a: Sylveon|100/100 tox|[from] item: Leftovers
|-damage|p2a: Sylveon|88/100 tox|[from] psn
|upkeep
|turn|42
|
|t:|1769309186
|switch|p1a: Toxapex|Toxapex, M|62/100
|move|p2a: Sylveon|Wish|p2a: Sylveon
|
|-heal|p2a: Sylveon|94/100 tox|[from] item: Leftovers
|-damage|p2a: Sylveon|76/100 tox|[from] psn
|upkeep
|turn|43
|
|t:|1769309192
|switch|p1a: Greninja|Greninja, F|38/100 par
|move|p2a: Sylveon|Psychic|p1a: Greninja
|-immune|p1a: Greninja
|
|-heal|p2a: Sylveon|100/100 tox|[from] move: Wish|[wisher] Sylveon
|-damage|p2a: Sylveon|76/100 tox|[from] psn
|upkeep
|turn|44
|
|t:|1769309201
|move|p1a: Greninja|Hydro Pump|p2a: Sylveon
|-start|p1a: Greninja|typechange|Water|[from] ability: Protean
|-damage|p2a: Sylveon|49/100 tox
|move|p2a: Sylveon|Psychic|p1a: Greninja
|-damage|p1a: Greninja|2/100 par
|
|-heal|p2a: Sylveon|56/100 tox|[from] item: Leftovers
|-damage|p2a: Sylveon|25/100 tox|[from] psn
|upkeep
|turn|45
|
|t:|1769309214
|switch|p1a: Toxapex|Toxapex, M|96/100
|move|p2a: Sylveon|Hyper Voice|p1a: Toxapex
|-damage|p1a: Toxapex|78/100
|
|-heal|p2a: Sylveon|31/100 tox|[from] item: Leftovers
|-damage|p2a: Sylveon|0 fnt|[from] psn
|faint|p2a: Sylveon
|
|win|Arcsouth
|l|☆Echoes4
|player|p2|
|l|☆Arcsouth
|player|p1|
|j|☆Arcsouth
|player|p1|Arcsouth|gentleman-gen4dp|
