|j|☆Rblack_freeeza
|j|☆Tyujhgbnm
|t:|1769428960
|gametype|singles
|player|p1|Rblack_freeeza|wallace|1225
|player|p2|Tyujhgbnm|169|1240
|gen|9
|tier|[Gen 9] OU
|rated|
|rule|HP Percentage Mod: HP is shown in percentages
|rule|Endless Battle Clause: Forcing endless battles is banned
|rule|Species Clause: Limit one of each Pokémon
|rule|OHKO Clause: OHKO moves are banned
|rule|Evasion Items Clause: Evasion items are banned
|rule|Evasion Moves Clause: Evasion moves are banned
|rule|Evasion Abilities Clause: Evasion abilities are banned
|rule|Sleep Moves Clause: Sleep-inducing moves are banned
|clearpoke
|poke|p1|Alomomola, M|
|poke|p1|Deoxys-Defense|
|poke|p1|Rampardos, M|
|poke|p1|Kingambit, M|
|poke|p1|Glastrier|
|poke|p1|Hatterene, F|
|poke|p2|Ogerpon-Wellspring, F|
|poke|p2|Ceruledge, F|
|poke|p2|Thundurus-Therian, M|
|poke|p2|Corviknight, F|
|poke|p2|Clefable, M|
|poke|p2|Slowking-Galar, F|
|teampreview
|inactive|Battle timer is ON: inactive players will automatically lose when time's up. (requested by Rblack_freeeza)
|
|t:|1769428976
|teamsize|p1|6
|teamsize|p2|6
|start
|switch|p1a: Deoxys|Deoxys-Defense|100/100
|switch|p2a: Ogerpon|Ogerpon-Wellspring, F|100/100
|-ability|p1a: Deoxys|Pressure
|turn|1
|
|t:|1769428984
|move|p2a: Ogerpon|Knock Off|p1a: Deoxys
|-supereffective|p1a: Deoxys
|-damage|p1a: Deoxys|56/100
|-enditem|p1a: Deoxys|Leftovers|[from] move: Knock Off|[of] p2a: Ogerpon
|move|p1a: Deoxys|Trick Room|p1a: Deoxys
|-fieldstart|move: Trick Room|[of] p1a: Deoxys
|
|upkeep
|turn|2
|
|t:|1769428992
|move|p2a: Ogerpon|U-turn|p1a: Deoxys
|-supereffective|p1a: Deoxys
|-crit|p1a: Deoxys
|-damage|p1a: Deoxys|4/100
|
|t:|1769429002
|switch|p2a: Ceruledge|Ceruledge, F|100/100|[from] U-turn
|move|p1a: Deoxys|Teleport|p1a: Deoxys
|
|t:|1769429016
|switch|p1a: Rampardos|Rampardos, M|100/100|[from] Teleport
|
|upkeep
|turn|3
|
|t:|1769429029
|move|p1a: Rampardos|Rock Slide|p2a: Ceruledge
|-supereffective|p2a: Ceruledge
|-damage|p2a: Ceruledge|0 fnt
|faint|p2a: Ceruledge
|
|upkeep
|
|t:|1769429048
|switch|p2a: Clefable|Clefable, M|100/100
|turn|4
|
|t:|1769429053
|move|p1a: Rampardos|Rock Slide|p2a: Clefable
|-damage|p2a: Clefable|33/100
|move|p2a: Clefable|Chilling Water|p1a: Rampardos
|-supereffective|p1a: Rampardos
|-damage|p1a: Rampardos|66/100
|-unboost|p1a: Rampardos|atk|1
|
|-heal|p2a: Clefable|39/100|[from] item: Leftovers
|upkeep
|turn|5
|
|t:|1769429082
|-terastallize|p2a: Clefable|Steel
|move|p1a: Rampardos|Rock Slide|p2a: Clefable
|-resisted|p2a: Clefable
|-damage|p2a: Clefable|18/100
|move|p2a: Clefable|Chilling Water|p1a: Rampardos
|-supereffective|p1a: Rampardos
|-damage|p1a: Rampardos|32/100
|-unboost|p1a: Rampardos|atk|1
|
|-heal|p2a: Clefable|24/100|[from] item: Leftovers
|-fieldend|move: Trick Room
|upkeep
|turn|6
|
|t:|1769429093
|switch|p1a: Hatterene|Hatterene, F|100/100
|move|p2a: Clefable|Moonlight|p2a: Clefable
|-heal|p2a: Clefable|74/100
|
|-heal|p2a: Clefable|80/100|[from] item: Leftovers
|upkeep
|turn|7
|
|t:|1769429105
|move|p2a: Clefable|Moonblast|p1a: Hatterene
|-damage|p1a: Hatterene|68/100
|-unboost|p1a: Hatterene|spa|1
|move|p1a: Hatterene|Trick Room|p1a: Hatterene
|-fieldstart|move: Trick Room|[of] p1a: Hatterene
|
|-heal|p2a: Clefable|86/100|[from] item: Leftovers
|upkeep
|turn|8
|
|t:|1769429116
|switch|p1a: Rampardos|Rampardos, M|32/100
|move|p2a: Clefable|Moonblast|p1a: Rampardos
|-damage|p1a: Rampardos|0 fnt
|faint|p1a: Rampardos
|
|-heal|p2a: Clefable|92/100|[from] item: Leftovers
|upkeep
|
|t:|1769429125
|switch|p1a: Glastrier|Glastrier|100/100
|turn|9
|
|t:|1769429129
|move|p1a: Glastrier|High Horsepower|p2a: Clefable
|-supereffective|p2a: Clefable
|-damage|p2a: Clefable|10/100
|-damage|p1a: Glastrier|91/100|[from] item: Life Orb
|move|p2a: Clefable|Moonblast|p1a: Glastrier
|-damage|p1a: Glastrier|67/100
|
|-heal|p2a: Clefable|16/100|[from] item: Leftovers
|upkeep
|turn|10
|
|t:|1769429144
|switch|p2a: Corviknight|Corviknight, F|100/100
|move|p1a: Glastrier|Icicle Crash|p2a: Corviknight
|-damage|p2a: Corviknight|57/100
|-damage|p1a: Glastrier|57/100|[from] item: Life Orb
|
|upkeep
|turn|11
|
|t:|1769429154
|move|p1a: Glastrier|Close Combat|p2a: Corviknight
|-damage|p2a: Corviknight|17/100
|-unboost|p1a: Glastrier|def|1
|-unboost|p1a: Glastrier|spd|1
|-damage|p1a: Glastrier|40/100|[from] item: Rocky Helmet|[of] p2a: Corviknight
|-damage|p1a: Glastrier|30/100|[from] item: Life Orb
|move|p2a: Corviknight|Body Press|p1a: Glastrier
|-supereffective|p1a: Glastrier
|-damage|p1a: Glastrier|0 fnt
|faint|p1a: Glastrier
|
|-fieldend|move: Trick Room
|upkeep
|
|t:|1769429170
|switch|p1a: Hatterene|Hatterene, F|68/100
|turn|12
|
|t:|1769429176
|move|p2a: Corviknight|Roost|p2a: Corviknight
|-heal|p2a: Corviknight|67/100
|-singleturn|p2a: Corviknight|move: Roost
|move|p1a: Hatterene|Trick Room|p1a: Hatterene
|-fieldstart|move: Trick Room|[of] p1a: Hatterene
|
|upkeep
|turn|13
|
|t:|1769429186
|move|p1a: Hatterene|Healing Wish|p1a: Hatterene
|faint|p1a: Hatterene
|move|p2a: Corviknight|U-turn|p1: Hatterene|[notarget]
|-fail|p2a: Corviknight
|
|upkeep
|
|t:|1769429191
|switch|p1a: Deoxys|Deoxys-Defense|4/100
|-heal|p1a: Deoxys|100/100|[from] move: Healing Wish
|-ability|p1a: Deoxys|Pressure
|turn|14
|
|t:|1769429199
|move|p2a: Corviknight|U-turn|p1a: Deoxys
|-supereffective|p1a: Deoxys
|-damage|p1a: Deoxys|83/100
|
|t:|1769429207
|switch|p2a: Slowking|Slowking-Galar, F|100/100|[from] U-turn
|move|p1a: Deoxys|Teleport|p1a: Deoxys
|
|t:|1769429212
|switch|p1a: Kingambit|Kingambit, M|100/100|[from] Teleport
|-activate|p1a: Kingambit|ability: Supreme Overlord
|-start|p1a: Kingambit|fallen3|[silent]
|
|upkeep
|turn|15
|
|t:|1769429230
|-terastallize|p1a: Kingambit|Dark
|-prepare|p2a: Slowking|Chilly Reception|[premajor]
|move|p2a: Slowking|Chilly Reception|p2a: Slowking
|-weather|Snowscape
|
|t:|1769429237
|switch|p2a: Corviknight|Corviknight, F|67/100|[from] Chilly Reception
|move|p1a: Kingambit|Kowtow Cleave|p2a: Corviknight
|-damage|p2a: Corviknight|8/100
|-damage|p1a: Kingambit|84/100|[from] item: Rocky Helmet|[of] p2a: Corviknight
|
|-weather|Snowscape|[upkeep]
|upkeep
|turn|16
|
|t:|1769429248
|move|p1a: Kingambit|Kowtow Cleave|p2a: Corviknight
|-damage|p2a: Corviknight|0 fnt
|-damage|p1a: Kingambit|67/100|[from] item: Rocky Helmet|[of] p2a: Corviknight
|faint|p2a: Corviknight
|
|-weather|Snowscape|[upkeep]
|-fieldend|move: Trick Room
|upkeep
|inactive|Tyujhgbnm has 120 seconds left.
|
|t:|1769429274
|switch|p2a: Thundurus|Thundurus-Therian, M|100/100
|turn|17
|
|t:|1769429280
|-end|p1a: Kingambit|fallen3|[silent]
|switch|p1a: Alomomola|Alomomola, M|100/100
|move|p2a: Thundurus|Volt Switch|p1a: Alomomola
|-supereffective|p1a: Alomomola
|-damage|p1a: Alomomola|0 fnt
|faint|p1a: Alomomola
|
|t:|1769429286
|switch|p2a: Clefable|Clefable, M, tera:Steel|16/100|[from] Volt Switch
|
|-weather|Snowscape|[upkeep]
|-heal|p2a: Clefable|22/100|[from] item: Leftovers
|upkeep
|
|t:|1769429296
|switch|p1a: Deoxys|Deoxys-Defense|83/100
|-ability|p1a: Deoxys|Pressure
|turn|18
|
|t:|1769429302
|move|p2a: Clefable|Moonlight|p2a: Clefable
|-heal|p2a: Clefable|47/100
|move|p1a: Deoxys|Trick Room|p1a: Deoxys
|-fieldstart|move: Trick Room|[of] p1a: Deoxys
|
|-weather|Snowscape|[upkeep]
|-heal|p2a: Clefable|53/100|[from] item: Leftovers
|upkeep
|turn|19
|
|t:|1769429310
|move|p2a: Clefable|Chilling Water|p1a: Deoxys
|-damage|p1a: Deoxys|75/100
|-unboost|p1a: Deoxys|atk|1
|move|p1a: Deoxys|Night Shade|p2a: Clefable
|-damage|p2a: Clefable|28/100
|
|-weather|none
|-heal|p2a: Clefable|34/100|[from] item: Leftovers
|upkeep
|turn|20
|
|t:|1769429320
|move|p2a: Clefable|Moonlight|p2a: Clefable
|-heal|p2a: Clefable|84/100
|move|p1a: Deoxys|Teleport|p1a: Deoxys
|
|t:|1769429324
|switch|p1a: Kingambit|Kingambit, M, tera:Dark|67/100|[from] Teleport
|-activate|p1a: Kingambit|ability: Supreme Overlord
|-start|p1a: Kingambit|fallen4|[silent]
|
|-heal|p2a: Clefable|90/100|[from] item: Leftovers
|upkeep
|turn|21
|
|t:|1769429339
|switch|p2a: Slowking|Slowking-Galar, F|100/100
|move|p1a: Kingambit|Low Kick|p2a: Slowking
|-resisted|p2a: Slowking
|-damage|p2a: Slowking|89/100
|
|-heal|p2a: Slowking|95/100|[from] item: Leftovers
|upkeep
|turn|22
|
|t:|1769429347
|move|p2a: Slowking|Sludge Wave|p1a: Kingambit
|-damage|p1a: Kingambit|34/100
|-status|p1a: Kingambit|psn
|move|p1a: Kingambit|Kowtow Cleave|p2a: Slowking
|-supereffective|p2a: Slowking
|-damage|p2a: Slowking|0 fnt
|faint|p2a: Slowking
|
|-damage|p1a: Kingambit|22/100 psn|[from] psn
|-fieldend|move: Trick Room
|upkeep
|inactive|Tyujhgbnm has 120 seconds left.
|
|t:|1769429378
|switch|p2a: Clefable|Clefable, M, tera:Steel|90/100
|turn|23
|
|t:|1769429382
|-end|p1a: Kingambit|fallen4|[silent]
|switch|p1a: Deoxys|Deoxys-Defense|75/100
|-ability|p1a: Deoxys|Pressure
|move|p2a: Clefable|Moonblast|p1a: Deoxys
|-damage|p1a: Deoxys|51/100
|-unboost|p1a: Deoxys|spa|1
|
|-heal|p2a: Clefable|96/100|[from] item: Leftovers
|upkeep
|turn|24
|
|t:|1769429393
|move|p1a: Deoxys|Night Shade|p2a: Clefable
|-damage|p2a: Clefable|71/100
|move|p2a: Clefable|Moonblast|p1a: Deoxys
|-damage|p1a: Deoxys|30/100
|
|-heal|p2a: Clefable|77/100|[from] item: Leftovers
|upkeep
|turn|25
|
|t:|1769429403
|move|p2a: Clefable|Moonblast|p1a: Deoxys
|-damage|p1a: Deoxys|8/100
|-unboost|p1a: Deoxys|spa|1
|move|p1a: Deoxys|Trick Room|p1a: Deoxys
|-fieldstart|move: Trick Room|[of] p1a: Deoxys
|
|-heal|p2a: Clefable|83/100|[from] item: Leftovers
|upkeep
|turn|26
|
|t:|1769429411
|move|p2a: Clefable|Moonblast|p1a: Deoxys
|-damage|p1a: Deoxys|0 fnt
|faint|p1a: Deoxys
|
|-heal|p2a: Clefable|89/100|[from] item: Leftovers
|upkeep
|
|t:|1769429417
|switch|p1a: Kingambit|Kingambit, M, tera:Dark|22/100 psn
|-activate|p1a: Kingambit|ability: Supreme Overlord
|-start|p1a: Kingambit|fallen5|[silent]
|turn|27
|
|t:|1769429422
|move|p1a: Kingambit|Low Kick|p2a: Clefable
|-supereffective|p2a: Clefable
|-damage|p2a: Clefable|40/100
|move|p2a: Clefable|Chilling Water|p1a: Kingambit
|-damage|p1a: Kingambit|10/100 psn
|-unboost|p1a: Kingambit|atk|1
|
|-heal|p2a: Clefable|46/100|[from] item: Leftovers
|-damage|p1a: Kingambit|0 fnt|[from] psn
|faint|p1a: Kingambit
|-end|p1a: Kingambit|fallen5|[silent]
|
|win|Tyujhgbnm
|raw|Rblack_freeeza's rating: 1225 &rarr; <strong>1201</strong><br />(-24 for losing)
|raw|Tyujhgbnm's rating: 1240 &rarr; <strong>1264</strong><br />(+24 for winning)
|l|☆Rblack_freeeza
|player|p1|
|l|☆Tyujhgbnm
|player|p2|
