|j|☆Malygonos
|j|☆BigCheesePlate
|t:|1769447104
|gametype|singles
|player|p1|Malygonos|flannery|1429
|player|p2|BigCheesePlate|169|1438
|gen|9
|tier|[Gen 9] OU
|rated|
|rule|HP Percentage Mod: HP is shown in percentages
|rule|Endless Battle Clause: Forcing endless battles is banned
|rule|Species Clause: Limit one of each Pokémon
|rule|OHKO Clause: OHKO moves are banned
|rule|Evasion Items Clause: Evasion items are banned
|rule|Evasion Moves Clause: Evasion moves are banned
|rule|Evasion Abilities Clause: Evasion abilities are banned
|rule|Sleep Moves Clause: Sleep-inducing moves are banned
|clearpoke
|poke|p1|Raging Bolt|
|poke|p1|Darkrai|
|poke|p1|Ogerpon-Wellspring, F|
|poke|p1|Iron Treads|
|poke|p1|Moltres|
|poke|p1|Clefable, M|
|poke|p2|Dragapult, F|
|poke|p2|Alomomola, F|
|poke|p2|Ting-Lu|
|poke|p2|Kyurem|
|poke|p2|Weezing-Galar, F|
|poke|p2|Corviknight, F|
|teampreview
|inactive|Battle timer is ON: inactive players will automatically lose when time's up. (requested by Malygonos)
|
|t:|1769447122
|teamsize|p1|6
|teamsize|p2|6
|start
|switch|p1a: Clefable|Clefable, M|100/100
|switch|p2a: Moody Blues|Dragapult, F|100/100
|turn|1
|
|t:|1769447130
|move|p2a: Moody Blues|U-turn|p1a: Clefable
|-resisted|p1a: Clefable
|-damage|p1a: Clefable|82/100
|
|t:|1769447133
|switch|p2a: Corviknight|Corviknight, F|100/100|[from] U-turn
|-ability|p2a: Corviknight|Pressure
|move|p1a: Clefable|Stealth Rock|p2a: Corviknight
|-sidestart|p2: BigCheesePlate|move: Stealth Rock
|
|-heal|p1a: Clefable|88/100|[from] item: Leftovers
|upkeep
|turn|2
|
|t:|1769447136
|move|p1a: Clefable|Thunder Wave|p2a: Corviknight
|-status|p2a: Corviknight|par
|cant|p2a: Corviknight|par
|
|-heal|p1a: Clefable|94/100|[from] item: Leftovers
|upkeep
|turn|3
|
|t:|1769447142
|switch|p1a: Iron Treads|Iron Treads|100/100
|cant|p2a: Corviknight|par
|
|upkeep
|turn|4
|
|t:|1769447146
|move|p1a: Iron Treads|Knock Off|p2a: Corviknight
|-damage|p2a: Corviknight|75/100 par
|-enditem|p2a: Corviknight|Leftovers|[from] move: Knock Off|[of] p1a: Iron Treads
|cant|p2a: Corviknight|par
|
|upkeep
|turn|5
|c|☆Malygonos|damn
|
|t:|1769447157
|-end|p1a: Iron Treads|Quark Drive|[silent]
|switch|p1a: Moltres|Moltres|100/100
|move|p2a: Corviknight|Defog|p1a: Moltres
|-unboost|p1a: Moltres|evasion|1
|-sideend|p2: BigCheesePlate|Stealth Rock|[from] move: Defog|[of] p2a: Corviknight
|
|upkeep
|turn|6
|
|t:|1769447165
|switch|p2a: Fogbound Lake|Alomomola, F|100/100
|move|p1a: Moltres|U-turn|p2a: Fogbound Lake
|-damage|p2a: Fogbound Lake|93/100
|-damage|p1a: Moltres|84/100|[from] item: Rocky Helmet|[of] p2a: Fogbound Lake
|
|t:|1769447168
|switch|p1a: Clefable|Clefable, M|94/100|[from] U-turn
|
|-heal|p1a: Clefable|99/100|[from] item: Leftovers
|upkeep
|turn|7
|
|t:|1769447172
|switch|p2a: Corviknight|Corviknight, F|75/100 par
|-ability|p2a: Corviknight|Pressure
|move|p1a: Clefable|Stealth Rock|p2a: Corviknight
|-sidestart|p2: BigCheesePlate|move: Stealth Rock
|
|-heal|p1a: Clefable|100/100|[from] item: Leftovers
|upkeep
|turn|8
|
|t:|1769447177
|switch|p1a: Raging Bolt|Raging Bolt|100/100
|move|p2a: Corviknight|Defog|p1a: Raging Bolt
|-unboost|p1a: Raging Bolt|evasion|1
|-sideend|p2: BigCheesePlate|Stealth Rock|[from] move: Defog|[of] p2a: Corviknight
|
|upkeep
|turn|9
|
|t:|1769447184
|switch|p2a: Ting-Lu|Ting-Lu|100/100
|-ability|p2a: Ting-Lu|Vessel of Ruin
|move|p1a: Raging Bolt|Draco Meteor|p2a: Ting-Lu
|-damage|p2a: Ting-Lu|53/100
|-unboost|p1a: Raging Bolt|spa|2
|
|-heal|p2a: Ting-Lu|59/100|[from] item: Leftovers
|upkeep
|turn|10
|
|t:|1769447191
|-end|p1a: Raging Bolt|Protosynthesis|[silent]
|switch|p1a: Moltres|Moltres|84/100
|move|p2a: Ting-Lu|Earthquake|p1a: Moltres
|-immune|p1a: Moltres
|
|-heal|p2a: Ting-Lu|65/100|[from] item: Leftovers
|upkeep
|turn|11
|
|t:|1769447195
|move|p1a: Moltres|U-turn|p2a: Ting-Lu
|-supereffective|p2a: Ting-Lu
|-damage|p2a: Ting-Lu|50/100
|
|t:|1769447198
|switch|p1a: Clefable|Clefable, M|100/100|[from] U-turn
|move|p2a: Ting-Lu|Stealth Rock|p1a: Clefable
|-sidestart|p1: Malygonos|move: Stealth Rock
|
|-heal|p2a: Ting-Lu|57/100|[from] item: Leftovers
|upkeep
|turn|12
|
|t:|1769447207
|switch|p2a: Corviknight|Corviknight, F|75/100 par
|-ability|p2a: Corviknight|Pressure
|move|p1a: Clefable|Stealth Rock|p2a: Corviknight
|-sidestart|p2: BigCheesePlate|move: Stealth Rock
|
|upkeep
|turn|13
|
|t:|1769447211
|switch|p1a: Moltres|Moltres|84/100
|cant|p2a: Corviknight|par
|
|upkeep
|turn|14
|
|t:|1769447215
|switch|p2a: Fogbound Lake|Alomomola, F|100/100
|-damage|p2a: Fogbound Lake|88/100|[from] Stealth Rock
|move|p1a: Moltres|Flamethrower|p2a: Fogbound Lake
|-resisted|p2a: Fogbound Lake
|-damage|p2a: Fogbound Lake|65/100
|
|upkeep
|turn|15
|
|t:|1769447221
|move|p1a: Moltres|U-turn|p2a: Fogbound Lake
|-damage|p2a: Fogbound Lake|57/100
|-damage|p1a: Moltres|68/100|[from] item: Rocky Helmet|[of] p2a: Fogbound Lake
|
|t:|1769447227
|switch|p1a: Clefable|Clefable, M|100/100|[from] U-turn
|move|p2a: Fogbound Lake|Flip Turn|p1a: Clefable
|-damage|p1a: Clefable|83/100
|
|t:|1769447233
|switch|p2a: Weezing|Weezing-Galar, F|100/100|[from] Flip Turn
|-ability|p2a: Weezing|Neutralizing Gas
|-damage|p2a: Weezing|88/100|[from] Stealth Rock
|
|-heal|p2a: Weezing|94/100|[from] item: Leftovers
|-heal|p1a: Clefable|90/100|[from] item: Leftovers
|upkeep
|turn|16
|
|t:|1769447241
|move|p2a: Weezing|Protect|p2a: Weezing
|-singleturn|p2a: Weezing|Protect
|move|p1a: Clefable|Thunder Wave|p2a: Weezing
|-activate|p2a: Weezing|move: Protect
|
|-heal|p2a: Weezing|99/100|[from] item: Leftovers
|-heal|p1a: Clefable|96/100|[from] item: Leftovers
|upkeep
|turn|17
|
|t:|1769447245
|-end|p2a: Weezing|ability: Neutralizing Gas
|switch|p2a: Ting-Lu|Ting-Lu|57/100
|-damage|p2a: Ting-Lu|50/100|[from] Stealth Rock
|-ability|p2a: Ting-Lu|Vessel of Ruin
|move|p1a: Clefable|Thunder Wave|p2a: Ting-Lu
|-immune|p2a: Ting-Lu
|
|-heal|p1a: Clefable|100/100|[from] item: Leftovers
|-heal|p2a: Ting-Lu|57/100|[from] item: Leftovers
|upkeep
|turn|18
|
|t:|1769447255
|switch|p1a: Moltres|Moltres|68/100
|move|p2a: Ting-Lu|Ruination|p1a: Moltres
|-damage|p1a: Moltres|34/100
|
|-heal|p2a: Ting-Lu|63/100|[from] item: Leftovers
|upkeep
|turn|19
|
|t:|1769447260
|move|p1a: Moltres|Flamethrower|p2a: Ting-Lu
|-damage|p2a: Ting-Lu|48/100
|move|p2a: Ting-Lu|Ruination|p1a: Moltres
|-damage|p1a: Moltres|17/100
|
|-heal|p2a: Ting-Lu|54/100|[from] item: Leftovers
|upkeep
|turn|20
|
|t:|1769447263
|move|p1a: Moltres|Roost|p1a: Moltres
|-heal|p1a: Moltres|68/100
|-singleturn|p1a: Moltres|move: Roost
|move|p2a: Ting-Lu|Ruination|p1a: Moltres
|-damage|p1a: Moltres|34/100
|
|-heal|p2a: Ting-Lu|60/100|[from] item: Leftovers
|upkeep
|turn|21
|
|t:|1769447270
|move|p1a: Moltres|Flamethrower|p2a: Ting-Lu
|-damage|p2a: Ting-Lu|46/100
|move|p2a: Ting-Lu|Ruination|p1a: Moltres
|-damage|p1a: Moltres|17/100
|
|-heal|p2a: Ting-Lu|52/100|[from] item: Leftovers
|upkeep
|turn|22
|
|t:|1769447275
|move|p1a: Moltres|Flamethrower|p2a: Ting-Lu
|-damage|p2a: Ting-Lu|36/100
|move|p2a: Ting-Lu|Ruination|p1a: Moltres
|-damage|p1a: Moltres|9/100
|
|-heal|p2a: Ting-Lu|42/100|[from] item: Leftovers
|upkeep
|turn|23
|
|t:|1769447278
|move|p1a: Moltres|Flamethrower|p2a: Ting-Lu
|-damage|p2a: Ting-Lu|27/100
|move|p2a: Ting-Lu|Ruination|p1a: Moltres
|-damage|p1a: Moltres|5/100
|
|-heal|p2a: Ting-Lu|33/100|[from] item: Leftovers
|upkeep
|turn|24
|
|t:|1769447285
|move|p1a: Moltres|Roost|p1a: Moltres
|-heal|p1a: Moltres|55/100
|-singleturn|p1a: Moltres|move: Roost
|move|p2a: Ting-Lu|Rest|p2a: Ting-Lu
|-status|p2a: Ting-Lu|slp|[from] move: Rest
|-heal|p2a: Ting-Lu|100/100 slp|[silent]
|
|upkeep
|turn|25
|
|t:|1769447289
|move|p1a: Moltres|Roost|p1a: Moltres
|-heal|p1a: Moltres|100/100
|-singleturn|p1a: Moltres|move: Roost
|cant|p2a: Ting-Lu|slp
|
|upkeep
|turn|26
|
|t:|1769447291
|cant|p2a: Ting-Lu|slp
|move|p1a: Moltres|Roar|p2a: Ting-Lu
|drag|p2a: Tiffany BlueStones|Kyurem, shiny|100/100
|-damage|p2a: Tiffany BlueStones|76/100|[from] Stealth Rock
|-ability|p2a: Tiffany BlueStones|Pressure
|
|-heal|p2a: Tiffany BlueStones|82/100|[from] item: Leftovers
|upkeep
|turn|27
|
|t:|1769447298
|switch|p2a: Ting-Lu|Ting-Lu|100/100 slp
|-damage|p2a: Ting-Lu|94/100 slp|[from] Stealth Rock
|-ability|p2a: Ting-Lu|Vessel of Ruin
|switch|p1a: Clefable|Clefable, M|100/100
|
|-heal|p2a: Ting-Lu|100/100 slp|[from] item: Leftovers
|upkeep
|turn|28
|
|t:|1769447305
|switch|p1a: Iron Treads|Iron Treads|100/100
|-damage|p1a: Iron Treads|97/100|[from] Stealth Rock
|-curestatus|p2a: Ting-Lu|slp|[msg]
|move|p2a: Ting-Lu|Ruination|p1a: Iron Treads
|-damage|p1a: Iron Treads|49/100
|
|-heal|p1a: Iron Treads|55/100|[from] item: Leftovers
|upkeep
|turn|29
|
|t:|1769447308
|move|p1a: Iron Treads|Knock Off|p2a: Ting-Lu
|-resisted|p2a: Ting-Lu
|-damage|p2a: Ting-Lu|92/100
|-enditem|p2a: Ting-Lu|Leftovers|[from] move: Knock Off|[of] p1a: Iron Treads
|move|p2a: Ting-Lu|Earthquake|p1a: Iron Treads
|-supereffective|p1a: Iron Treads
|-damage|p1a: Iron Treads|0 fnt
|faint|p1a: Iron Treads
|-end|p1a: Iron Treads|Quark Drive|[silent]
|
|upkeep
|
|t:|1769447332
|switch|p1a: Ogerpon|Ogerpon-Wellspring, F|100/100
|-damage|p1a: Ogerpon|88/100|[from] Stealth Rock
|turn|30
|
|t:|1769447334
|switch|p2a: Fogbound Lake|Alomomola, F|91/100
|-damage|p2a: Fogbound Lake|78/100|[from] Stealth Rock
|move|p1a: Ogerpon|Spikes|p2a: Fogbound Lake
|-sidestart|p2: BigCheesePlate|Spikes
|
|upkeep
|turn|31
|
|t:|1769447337
|move|p1a: Ogerpon|Knock Off|p2a: Fogbound Lake
|-damage|p2a: Fogbound Lake|57/100
|-damage|p1a: Ogerpon|72/100|[from] item: Rocky Helmet|[of] p2a: Fogbound Lake
|-enditem|p2a: Fogbound Lake|Rocky Helmet|[from] move: Knock Off|[of] p1a: Ogerpon
|move|p2a: Fogbound Lake|Tickle|p1a: Ogerpon
|-unboost|p1a: Ogerpon|atk|1
|-unboost|p1a: Ogerpon|def|1
|
|upkeep
|turn|32
|
|t:|1769447347
|move|p1a: Ogerpon|U-turn|p2a: Fogbound Lake
|-damage|p2a: Fogbound Lake|46/100
|
|t:|1769447352
|switch|p1a: Moltres|Moltres|100/100|[from] U-turn
|move|p2a: Fogbound Lake|Wish|p2a: Fogbound Lake
|
|upkeep
|turn|33
|
|t:|1769447356
|move|p2a: Fogbound Lake|Flip Turn|p1a: Moltres
|-supereffective|p1a: Moltres
|-crit|p1a: Moltres
|-damage|p1a: Moltres|67/100
|
|t:|1769447365
|switch|p2a: Ting-Lu|Ting-Lu|92/100|[from] Flip Turn
|-damage|p2a: Ting-Lu|86/100|[from] Stealth Rock
|-damage|p2a: Ting-Lu|73/100|[from] Spikes
|-ability|p2a: Ting-Lu|Vessel of Ruin
|move|p1a: Moltres|Roar|p2a: Ting-Lu
|drag|p2a: Corviknight|Corviknight, F|75/100 par
|-damage|p2a: Corviknight|63/100 par|[from] Stealth Rock
|-ability|p2a: Corviknight|Pressure
|
|-heal|p2a: Corviknight|100/100 par|[from] move: Wish|[wisher] Fogbound Lake
|upkeep
|turn|34
|
|t:|1769447378
|move|p1a: Moltres|Flamethrower|p2a: Corviknight
|-supereffective|p2a: Corviknight
|-damage|p2a: Corviknight|45/100 par
|move|p2a: Corviknight|Defog|p1a: Moltres
|-unboost|p1a: Moltres|evasion|1
|-sideend|p1: Malygonos|Stealth Rock|[from] move: Defog|[of] p2a: Corviknight
|-sideend|p2: BigCheesePlate|Spikes|[from] move: Defog|[of] p2a: Corviknight
|-sideend|p2: BigCheesePlate|Stealth Rock|[from] move: Defog|[of] p2a: Corviknight
|
|upkeep
|turn|35
|
|t:|1769447385
|switch|p2a: Ting-Lu|Ting-Lu|73/100
|-ability|p2a: Ting-Lu|Vessel of Ruin
|move|p1a: Moltres|U-turn|p2a: Ting-Lu
|-supereffective|p2a: Ting-Lu
|-damage|p2a: Ting-Lu|58/100
|
|t:|1769447388
|switch|p1a: Ogerpon|Ogerpon-Wellspring, F|72/100|[from] U-turn
|
|upkeep
|turn|36
|
|t:|1769447392
|switch|p2a: Fogbound Lake|Alomomola, F|80/100
|move|p1a: Ogerpon|Ivy Cudgel|p2a: Fogbound Lake|[anim] Ivy Cudgel Water
|-resisted|p2a: Fogbound Lake
|-damage|p2a: Fogbound Lake|63/100
|
|upkeep
|turn|37
|
|t:|1769447398
|move|p1a: Ogerpon|Spikes|p2a: Fogbound Lake
|-sidestart|p2: BigCheesePlate|Spikes
|move|p2a: Fogbound Lake|Wish|p2a: Fogbound Lake
|
|upkeep
|turn|38
|
|t:|1769447403
|switch|p2a: Corviknight|Corviknight, F|45/100 par
|-ability|p2a: Corviknight|Pressure
|move|p1a: Ogerpon|Spikes|p2a: Corviknight
|-sidestart|p2: BigCheesePlate|Spikes
|
|-heal|p2a: Corviknight|100/100 par|[from] move: Wish|[wisher] Fogbound Lake
|upkeep
|turn|39
|
|t:|1769447410
|move|p1a: Ogerpon|U-turn|p2a: Corviknight
|-resisted|p2a: Corviknight
|-damage|p2a: Corviknight|95/100 par
|
|t:|1769447412
|switch|p1a: Moltres|Moltres|67/100|[from] U-turn
|cant|p2a: Corviknight|par
|
|upkeep
|turn|40
|
|t:|1769447418
|switch|p2a: Fogbound Lake|Alomomola, F|97/100
|-damage|p2a: Fogbound Lake|80/100|[from] Spikes
|move|p1a: Moltres|Flamethrower|p2a: Fogbound Lake
|-resisted|p2a: Fogbound Lake
|-damage|p2a: Fogbound Lake|60/100
|
|upkeep
|turn|41
|
|t:|1769447422
|move|p1a: Moltres|U-turn|p2a: Fogbound Lake
|-damage|p2a: Fogbound Lake|52/100
|
|t:|1769447424
|switch|p1a: Ogerpon|Ogerpon-Wellspring, F|72/100|[from] U-turn
|move|p2a: Fogbound Lake|Wish|p2a: Fogbound Lake
|
|upkeep
|turn|42
|
|t:|1769447431
|switch|p2a: Corviknight|Corviknight, F|95/100 par
|-ability|p2a: Corviknight|Pressure
|move|p1a: Ogerpon|Spikes|p2a: Corviknight
|-sidestart|p2: BigCheesePlate|Spikes
|
|-heal|p2a: Corviknight|100/100 par|[from] move: Wish|[wisher] Fogbound Lake
|upkeep
|turn|43
|
|t:|1769447433
|move|p1a: Ogerpon|U-turn|p2a: Corviknight
|-resisted|p2a: Corviknight
|-damage|p2a: Corviknight|95/100 par
|
|t:|1769447439
|switch|p1a: Moltres|Moltres|67/100|[from] U-turn
|move|p2a: Corviknight|Defog|p1a: Moltres
|-unboost|p1a: Moltres|evasion|1
|-sideend|p2: BigCheesePlate|Spikes|[from] move: Defog|[of] p2a: Corviknight
|
|upkeep
|turn|44
|
|t:|1769447445
|switch|p2a: Ting-Lu|Ting-Lu|58/100
|-ability|p2a: Ting-Lu|Vessel of Ruin
|move|p1a: Moltres|U-turn|p2a: Ting-Lu
|-supereffective|p2a: Ting-Lu
|-damage|p2a: Ting-Lu|41/100
|
|t:|1769447450
|switch|p1a: Ogerpon|Ogerpon-Wellspring, F|72/100|[from] U-turn
|
|upkeep
|turn|45
|
|t:|1769447455
|switch|p2a: Weezing|Weezing-Galar, F|99/100
|-ability|p2a: Weezing|Neutralizing Gas
|move|p1a: Ogerpon|U-turn|p2a: Weezing
|-resisted|p2a: Weezing
|-damage|p2a: Weezing|95/100
|
|t:|1769447460
|switch|p1a: Raging Bolt|Raging Bolt|100/100|[from] U-turn
|
|-heal|p2a: Weezing|100/100|[from] item: Leftovers
|upkeep
|turn|46
|
|t:|1769447469
|move|p1a: Raging Bolt|Thunderbolt|p2a: Weezing
|-damage|p2a: Weezing|0 fnt
|faint|p2a: Weezing
|-end|p2a: Weezing|ability: Neutralizing Gas
|
|upkeep
|
|t:|1769447472
|switch|p2a: Ting-Lu|Ting-Lu|41/100
|-ability|p2a: Ting-Lu|Vessel of Ruin
|turn|47
|
|t:|1769447484
|-end|p1a: Raging Bolt|Protosynthesis|[silent]
|switch|p1a: Ogerpon|Ogerpon-Wellspring, F|72/100
|move|p2a: Ting-Lu|Stealth Rock|p1a: Ogerpon
|-sidestart|p1: Malygonos|move: Stealth Rock
|
|upkeep
|turn|48
|
|t:|1769447490
|switch|p2a: Fogbound Lake|Alomomola, F|86/100
|move|p1a: Ogerpon|Ivy Cudgel|p2a: Fogbound Lake|[anim] Ivy Cudgel Water
|-resisted|p2a: Fogbound Lake
|-damage|p2a: Fogbound Lake|69/100
|
|upkeep
|turn|49
|
|t:|1769447494
|move|p1a: Ogerpon|Spikes|p2a: Fogbound Lake
|-sidestart|p2: BigCheesePlate|Spikes
|move|p2a: Fogbound Lake|Wish|p2a: Fogbound Lake
|
|upkeep
|turn|50
|
|t:|1769447499
|switch|p2a: Ting-Lu|Ting-Lu|41/100
|-damage|p2a: Ting-Lu|29/100|[from] Spikes
|-ability|p2a: Ting-Lu|Vessel of Ruin
|move|p1a: Ogerpon|U-turn|p2a: Ting-Lu
|-supereffective|p2a: Ting-Lu
|-damage|p2a: Ting-Lu|0 fnt
|faint|p2a: Ting-Lu
|
|t:|1769447507
|switch|p1a: Clefable|Clefable, M|100/100|[from] U-turn
|
|upkeep
|
|t:|1769447516
|switch|p2a: Tiffany BlueStones|Kyurem, shiny|82/100
|-damage|p2a: Tiffany BlueStones|70/100|[from] Spikes
|-ability|p2a: Tiffany BlueStones|Pressure
|turn|51
|-message|BigCheesePlate forfeited.
|
|win|Malygonos
|raw|Malygonos's rating: 1429 &rarr; <strong>1450</strong><br />(+21 for winning)
|raw|BigCheesePlate's rating: 1438 &rarr; <strong>1417</strong><br />(-21 for losing)
|l|☆BigCheesePlate
|player|p2|
