|j|☆Bigblaze04
|j|☆ayush6984
|t:|1769362423
|gametype|singles
|player|p1|Bigblaze04|marlon|1223
|player|p2|ayush6984|169|1199
|gen|9
|tier|[Gen 9] OU
|rated|
|rule|HP Percentage Mod: HP is shown in percentages
|rule|Endless Battle Clause: Forcing endless battles is banned
|rule|Species Clause: Limit one of each Pokémon
|rule|OHKO Clause: OHKO moves are banned
|rule|Evasion Items Clause: Evasion items are banned
|rule|Evasion Moves Clause: Evasion moves are banned
|rule|Evasion Abilities Clause: Evasion abilities are banned
|rule|Sleep Moves Clause: Sleep-inducing moves are banned
|clearpoke
|poke|p1|Garganacl, F|
|poke|p1|Darkrai|
|poke|p1|Great Tusk|
|poke|p1|Hatterene, F|
|poke|p1|Tornadus-Therian, M|
|poke|p1|Dragonite, M|
|poke|p2|Gholdengo|
|poke|p2|Ogerpon, F|
|poke|p2|Rillaboom, F|
|poke|p2|Samurott-Hisui, M|
|poke|p2|Glimmora, F|
|poke|p2|Raging Bolt|
|teampreview
|
|t:|1769362454
|teamsize|p1|6
|teamsize|p2|6
|start
|switch|p1a: Darkrai|Darkrai|100/100
|switch|p2a: Samurott|Samurott-Hisui, M|100/100
|turn|1
|inactive|Battle timer is ON: inactive players will automatically lose when time's up. (requested by ayush6984)
|
|t:|1769362461
|move|p1a: Darkrai|Focus Blast|p2a: Samurott
|-supereffective|p2a: Samurott
|-damage|p2a: Samurott|0 fnt
|faint|p2a: Samurott
|
|upkeep
|
|t:|1769362469
|switch|p2a: Rillaboom|Rillaboom, F|100/100
|-fieldstart|move: Grassy Terrain|[from] ability: Grassy Surge|[of] p2a: Rillaboom
|turn|2
|
|t:|1769362475
|switch|p1a: Tornadus|Tornadus-Therian, M, shiny|100/100
|move|p2a: Rillaboom|Swords Dance|p2a: Rillaboom
|-boost|p2a: Rillaboom|atk|2
|
|upkeep
|turn|3
|
|t:|1769362479
|-terastallize|p2a: Rillaboom|Electric
|move|p1a: Tornadus|Bleakwind Storm|p2a: Rillaboom|[miss]
|-miss|p1a: Tornadus|p2a: Rillaboom
|move|p2a: Rillaboom|Tera Blast|p1a: Tornadus|[anim] Tera Blast Electric
|-supereffective|p1a: Tornadus
|-damage|p1a: Tornadus|0 fnt
|faint|p1a: Tornadus
|-damage|p2a: Rillaboom|91/100|[from] item: Life Orb
|
|-heal|p2a: Rillaboom|97/100|[from] Grassy Terrain
|upkeep
|
|t:|1769362496
|switch|p1a: Great Tusk|Great Tusk|100/100
|-enditem|p1a: Great Tusk|Booster Energy
|-activate|p1a: Great Tusk|ability: Protosynthesis|[fromitem]
|-start|p1a: Great Tusk|protosynthesisatk
|turn|4
|
|t:|1769362503
|-terastallize|p1a: Great Tusk|Ice
|move|p2a: Rillaboom|Grassy Glide|p1a: Great Tusk
|-damage|p1a: Great Tusk|22/100
|-damage|p2a: Rillaboom|87/100|[from] item: Life Orb
|move|p1a: Great Tusk|Headlong Rush|p2a: Rillaboom
|-supereffective|p2a: Rillaboom
|-damage|p2a: Rillaboom|0 fnt
|-unboost|p1a: Great Tusk|def|1
|-unboost|p1a: Great Tusk|spd|1
|faint|p2a: Rillaboom
|
|-heal|p1a: Great Tusk|29/100|[from] Grassy Terrain
|upkeep
|
|t:|1769362511
|switch|p2a: Ogerpon|Ogerpon, F|100/100
|turn|5
|
|t:|1769362516
|move|p2a: Ogerpon|Ivy Cudgel|p1a: Great Tusk
|-damage|p1a: Great Tusk|0 fnt
|faint|p1a: Great Tusk
|-end|p1a: Great Tusk|Protosynthesis|[silent]
|
|upkeep
|
|t:|1769362521
|switch|p1a: Darkrai|Darkrai|100/100
|turn|6
|
|t:|1769362527
|move|p1a: Darkrai|Dark Pulse|p2a: Ogerpon
|-damage|p2a: Ogerpon|30/100
|cant|p2a: Ogerpon|flinch
|
|-heal|p2a: Ogerpon|36/100|[from] Grassy Terrain
|-fieldend|move: Grassy Terrain
|upkeep
|turn|7
|c|☆ayush6984|Oh come onnm
|c|☆ayush6984|This bs man
|c|☆ayush6984|That would have on shoted
|
|t:|1769362549
|switch|p2a: Glimmora|Glimmora, F|100/100
|move|p1a: Darkrai|Dark Pulse|p2a: Glimmora
|-damage|p2a: Glimmora|47/100
|-enditem|p2a: Glimmora|Red Card|[of] p1a: Darkrai
|drag|p1a: Hatterene|Hatterene, F|100/100
|
|upkeep
|turn|8
|
|t:|1769362556
|move|p2a: Glimmora|Stealth Rock|p1a: Hatterene
|move|p1a: Hatterene|Stealth Rock|p2a: Glimmora|[from] ability: Magic Bounce
|-sidestart|p2: ayush6984|move: Stealth Rock
|move|p1a: Hatterene|Future Sight|p2a: Glimmora
|-start|p1a: Hatterene|move: Future Sight
|
|upkeep
|turn|9
|c|☆ayush6984|Ahh fuck i forgot
|
|t:|1769362566
|move|p2a: Glimmora|Mortal Spin|p1a: Hatterene
|-supereffective|p1a: Hatterene
|-damage|p1a: Hatterene|90/100
|-status|p1a: Hatterene|psn
|-damage|p2a: Glimmora|30/100|[from] item: Rocky Helmet|[of] p1a: Hatterene
|-sideend|p2: ayush6984|Stealth Rock|[from] move: Mortal Spin|[of] p2a: Glimmora
|move|p1a: Hatterene|Nuzzle|p2a: Glimmora
|-damage|p2a: Glimmora|26/100
|-status|p2a: Glimmora|par
|-activate|p2a: Glimmora|ability: Toxic Debris
|-sidestart|p1: Bigblaze04|move: Toxic Spikes
|
|-damage|p1a: Hatterene|78/100 psn|[from] psn
|upkeep
|turn|10
|
|t:|1769362571
|cant|p2a: Glimmora|par
|move|p1a: Hatterene|Dazzling Gleam|p2a: Glimmora
|-resisted|p2a: Glimmora
|-damage|p2a: Glimmora|11/100 par
|
|-end|p2a: Glimmora|move: Future Sight
|-supereffective|p2a: Glimmora
|-damage|p2a: Glimmora|0 fnt
|faint|p2a: Glimmora
|-damage|p1a: Hatterene|66/100 psn|[from] psn
|upkeep
|
|t:|1769362576
|switch|p2a: Gholdengo|Gholdengo|100/100
|turn|11
|
|t:|1769362597
|move|p2a: Gholdengo|Nasty Plot|p2a: Gholdengo
|-boost|p2a: Gholdengo|spa|2
|move|p1a: Hatterene|Future Sight|p2a: Gholdengo
|-start|p1a: Hatterene|move: Future Sight
|
|-damage|p1a: Hatterene|53/100 psn|[from] psn
|upkeep
|turn|12
|
|t:|1769362605
|move|p2a: Gholdengo|Shadow Ball|p1a: Hatterene
|-supereffective|p1a: Hatterene
|-damage|p1a: Hatterene|0 fnt
|faint|p1a: Hatterene
|
|upkeep
|
|t:|1769362608
|switch|p1a: Darkrai|Darkrai|100/100
|-status|p1a: Darkrai|psn
|turn|13
|
|t:|1769362620
|switch|p2a: Ogerpon|Ogerpon, F|36/100
|move|p1a: Darkrai|Dark Pulse|p2a: Ogerpon
|-damage|p2a: Ogerpon|0 fnt
|faint|p2a: Ogerpon
|
|-hint|Future Sight did not hit because the target is fainted.
|-damage|p1a: Darkrai|88/100 psn|[from] psn
|upkeep
|
|t:|1769362628
|switch|p2a: Raging Bolt|Raging Bolt|100/100
|-enditem|p2a: Raging Bolt|Booster Energy
|-activate|p2a: Raging Bolt|ability: Protosynthesis|[fromitem]
|-start|p2a: Raging Bolt|protosynthesisspa
|turn|14
|c|☆Bigblaze04|It’s going to be close
|
|t:|1769362633
|move|p1a: Darkrai|Dark Pulse|p2a: Raging Bolt
|-damage|p2a: Raging Bolt|45/100
|move|p2a: Raging Bolt|Calm Mind|p2a: Raging Bolt
|-boost|p2a: Raging Bolt|spa|1
|-boost|p2a: Raging Bolt|spd|1
|
|-damage|p1a: Darkrai|76/100 psn|[from] psn
|upkeep
|turn|15
|
|t:|1769362639
|move|p2a: Raging Bolt|Thunderclap|p1a: Darkrai
|-damage|p1a: Darkrai|0 fnt
|faint|p1a: Darkrai
|
|upkeep
|
|t:|1769362645
|switch|p1a: Dragonite|Dragonite, M|100/100
|turn|16
|c|☆ayush6984|Bro man
|c|☆ayush6984|That was 130 bp ivy cudglel
|c|☆ayush6984|Wtih band
|c|☆ayush6984|The flinch broo...
|
|t:|1769362671
|move|p2a: Raging Bolt|Dragon Pulse|p1a: Dragonite
|-supereffective|p1a: Dragonite
|-damage|p1a: Dragonite|0 fnt
|faint|p1a: Dragonite
|
|upkeep
|c|☆Bigblaze04|Thru milti is crazy
|
|t:|1769362691
|switch|p1a: Garganacl|Garganacl, F|100/100
|turn|17
|
|t:|1769362699
|move|p2a: Raging Bolt|Thunderbolt|p1a: Garganacl
|-damage|p1a: Garganacl|31/100
|move|p1a: Garganacl|Salt Cure|p2a: Raging Bolt
|-damage|p2a: Raging Bolt|34/100
|-start|p2a: Raging Bolt|Salt Cure
|
|-heal|p1a: Garganacl|37/100|[from] item: Leftovers
|-damage|p2a: Raging Bolt|21/100|[from] Salt Cure
|upkeep
|turn|18
|
|t:|1769362705
|move|p1a: Garganacl|Protect|p1a: Garganacl
|-singleturn|p1a: Garganacl|Protect
|move|p2a: Raging Bolt|Calm Mind|p2a: Raging Bolt
|-boost|p2a: Raging Bolt|spa|1
|-boost|p2a: Raging Bolt|spd|1
|
|-heal|p1a: Garganacl|43/100|[from] item: Leftovers
|-damage|p2a: Raging Bolt|9/100|[from] Salt Cure
|upkeep
|turn|19
|
|t:|1769362711
|move|p1a: Garganacl|Protect|p1a: Garganacl
|-singleturn|p1a: Garganacl|Protect
|move|p2a: Raging Bolt|Thunderbolt|p1a: Garganacl
|-activate|p1a: Garganacl|move: Protect
|
|-heal|p1a: Garganacl|49/100|[from] item: Leftovers
|-damage|p2a: Raging Bolt|0 fnt|[from] Salt Cure
|faint|p2a: Raging Bolt
|-end|p2a: Raging Bolt|Protosynthesis|[silent]
|upkeep
|c|☆ayush6984|Ohhh
|c|☆ayush6984|Fuck yea
|c|☆ayush6984|Yess msn
|
|t:|1769362722
|switch|p2a: Gholdengo|Gholdengo|100/100
|turn|20
|
|t:|1769362730
|move|p2a: Gholdengo|Nasty Plot|p2a: Gholdengo
|-boost|p2a: Gholdengo|spa|2
|move|p1a: Garganacl|Salt Cure|p2a: Gholdengo
|-resisted|p2a: Gholdengo
|-damage|p2a: Gholdengo|95/100
|-start|p2a: Gholdengo|Salt Cure
|
|-heal|p1a: Garganacl|55/100|[from] item: Leftovers
|-damage|p2a: Gholdengo|71/100|[from] Salt Cure
|upkeep
|turn|21
|
|t:|1769362743
|move|p2a: Gholdengo|Shadow Ball|p1a: Garganacl
|-damage|p1a: Garganacl|33/100
|-unboost|p1a: Garganacl|spd|1
|move|p1a: Garganacl|Recover|p1a: Garganacl
|-heal|p1a: Garganacl|83/100
|
|-heal|p1a: Garganacl|89/100|[from] item: Leftovers
|-damage|p2a: Gholdengo|46/100|[from] Salt Cure
|upkeep
|turn|22
|n|!ayush6984|ayush6984
|-message|ayush6984 forfeited.
|
|win|Bigblaze04
