|j|☆Papermario<3
|j|☆z13l
|t:|1769364324
|gametype|singles
|player|p1|Papermario<3|169|1120
|player|p2|z13l|dancer|1071
|gen|9
|tier|[Gen 9] OU
|rated|
|rule|HP Percentage Mod: HP is shown in percentages
|rule|Endless Battle Clause: Forcing endless battles is banned
|rule|Species Clause: Limit one of each Pokémon
|rule|OHKO Clause: OHKO moves are banned
|rule|Evasion Items Clause: Evasion items are banned
|rule|Evasion Moves Clause: Evasion moves are banned
|rule|Evasion Abilities Clause: Evasion abilities are banned
|rule|Sleep Moves Clause: Sleep-inducing moves are banned
|clearpoke
|poke|p1|Swampert, F|
|poke|p1|Toxicroak, F|
|poke|p1|Scrafty, F|
|poke|p1|Arcanine, M|
|poke|p1|Dugtrio-Alola, F|
|poke|p1|Empoleon, M|
|poke|p2|Indeedee, M|
|poke|p2|Ninetales-Alola, F|
|poke|p2|Kyurem|
|poke|p2|Torkoal, F|
|poke|p2|Walking Wake|
|poke|p2|Ceruledge, M|
|teampreview
|inactive|Battle timer is ON: inactive players will automatically lose when time's up. (requested by Papermario<3)
|
|t:|1769364329
|teamsize|p1|6
|teamsize|p2|6
|start
|switch|p1a: Dugtrio|Dugtrio-Alola, F|100/100
|switch|p2a: hehe|Ninetales-Alola, F|100/100
|-weather|Snowscape|[from] ability: Snow Warning|[of] p2a: hehe
|turn|1
|
|t:|1769364353
|move|p1a: Dugtrio|Iron Head|p2a: hehe
|-supereffective|p2a: hehe
|-damage|p2a: hehe|0 fnt
|faint|p2a: hehe
|
|-weather|Snowscape|[upkeep]
|upkeep
|
|t:|1769364366
|switch|p2a: turtwing|Torkoal, F|100/100
|-weather|SunnyDay|[from] ability: Drought|[of] p2a: turtwing
|turn|2
|
|t:|1769364380
|move|p1a: Dugtrio|Stealth Rock|p2a: turtwing
|-sidestart|p2: z13l|move: Stealth Rock
|move|p2a: turtwing|Stealth Rock|p1a: Dugtrio
|-sidestart|p1: Papermario<3|move: Stealth Rock
|
|-weather|SunnyDay|[upkeep]
|upkeep
|turn|3
|
|t:|1769364385
|move|p1a: Dugtrio|Earthquake|p2a: turtwing
|-supereffective|p2a: turtwing
|-damage|p2a: turtwing|46/100
|move|p2a: turtwing|Lava Plume|p1a: Dugtrio
|-supereffective|p1a: Dugtrio
|-enditem|p1a: Dugtrio|Focus Sash
|-damage|p1a: Dugtrio|1/100
|
|-weather|SunnyDay|[upkeep]
|upkeep
|turn|4
|
|t:|1769364396
|move|p1a: Dugtrio|Earthquake|p2a: turtwing
|-supereffective|p2a: turtwing
|-damage|p2a: turtwing|0 fnt
|faint|p2a: turtwing
|
|-weather|SunnyDay|[upkeep]
|upkeep
|
|t:|1769364404
|switch|p2a: owntempo|Ceruledge, M|100/100
|-damage|p2a: owntempo|76/100|[from] Stealth Rock
|turn|5
|
|t:|1769364419
|move|p2a: owntempo|Endure|p2a: owntempo
|-singleturn|p2a: owntempo|move: Endure
|move|p1a: Dugtrio|Earthquake|p2a: owntempo
|-supereffective|p2a: owntempo
|-activate|p2a: owntempo|move: Endure
|-damage|p2a: owntempo|1/100
|-ability|p2a: owntempo|Weak Armor|boost
|-unboost|p2a: owntempo|def|1
|-boost|p2a: owntempo|spe|2
|-enditem|p2a: owntempo|Weakness Policy
|-boost|p2a: owntempo|atk|2|[from] item: Weakness Policy
|-boost|p2a: owntempo|spa|2|[from] item: Weakness Policy
|
|-weather|SunnyDay|[upkeep]
|upkeep
|turn|6
|
|t:|1769364426
|move|p2a: owntempo|Bitter Blade|p1a: Dugtrio
|-supereffective|p1a: Dugtrio
|-damage|p1a: Dugtrio|0 fnt
|-heal|p2a: owntempo|1/100|[from] drain|[of] p1a: Dugtrio
|-ability|p1a: Dugtrio|Tangling Hair
|-unboost|p2a: owntempo|spe|1
|faint|p1a: Dugtrio
|
|-weather|SunnyDay|[upkeep]
|upkeep
|
|t:|1769364436
|switch|p1a: Arcanine|Arcanine, M|100/100
|-damage|p1a: Arcanine|76/100|[from] Stealth Rock
|turn|7
|
|t:|1769364442
|move|p1a: Arcanine|Bulldoze|p2a: owntempo
|-supereffective|p2a: owntempo
|-damage|p2a: owntempo|0 fnt
|faint|p2a: owntempo
|
|-weather|SunnyDay|[upkeep]
|upkeep
|
|t:|1769364450
|switch|p2a: raidboss|Walking Wake|100/100
|-damage|p2a: raidboss|88/100|[from] Stealth Rock
|-activate|p2a: raidboss|ability: Protosynthesis
|-start|p2a: raidboss|protosynthesisspe
|turn|8
|
|t:|1769364468
|move|p2a: raidboss|Hydro Steam|p1a: Arcanine
|-supereffective|p1a: Arcanine
|-damage|p1a: Arcanine|0 fnt
|faint|p1a: Arcanine
|-damage|p2a: raidboss|78/100|[from] item: Life Orb
|
|-weather|SunnyDay|[upkeep]
|upkeep
|
|t:|1769364474
|switch|p1a: Toxicroak|Toxicroak, F|100/100
|-damage|p1a: Toxicroak|94/100|[from] Stealth Rock
|turn|9
|
|t:|1769364488
|move|p2a: raidboss|Flamethrower|p1a: Toxicroak
|-damage|p1a: Toxicroak|0 fnt
|faint|p1a: Toxicroak
|-damage|p2a: raidboss|68/100|[from] item: Life Orb
|
|-weather|none
|-end|p2a: raidboss|Protosynthesis
|upkeep
|
|t:|1769364512
|switch|p1a: Empoleon|Empoleon, M|100/100
|-damage|p1a: Empoleon|94/100|[from] Stealth Rock
|turn|10
|
|t:|1769364517
|move|p2a: raidboss|Flamethrower|p1a: Empoleon
|-damage|p1a: Empoleon|75/100
|-damage|p2a: raidboss|58/100|[from] item: Life Orb
|move|p1a: Empoleon|Knock Off|p2a: raidboss
|-damage|p2a: raidboss|34/100
|-enditem|p2a: raidboss|Life Orb|[from] move: Knock Off|[of] p1a: Empoleon
|
|upkeep
|turn|11
|
|t:|1769364525
|move|p2a: raidboss|Hydro Steam|p1a: Empoleon
|-resisted|p1a: Empoleon
|-damage|p1a: Empoleon|65/100
|move|p1a: Empoleon|Icy Wind|p2a: raidboss
|-damage|p2a: raidboss|17/100
|-unboost|p2a: raidboss|spe|1
|
|upkeep
|turn|12
|
|t:|1769364532
|move|p2a: raidboss|Flamethrower|p1a: Empoleon
|-damage|p1a: Empoleon|50/100
|move|p1a: Empoleon|Icy Wind|p2a: raidboss
|-damage|p2a: raidboss|0 fnt
|faint|p2a: raidboss
|-end|p2a: raidboss|Protosynthesis|[silent]
|
|upkeep
|
|t:|1769364542
|switch|p2a: babyshark|Kyurem|100/100
|-damage|p2a: babyshark|76/100|[from] Stealth Rock
|-ability|p2a: babyshark|Pressure
|turn|13
|
|t:|1769364561
|-terastallize|p2a: babyshark|Electric
|move|p2a: babyshark|Dragon Dance|p2a: babyshark
|-boost|p2a: babyshark|atk|1
|-boost|p2a: babyshark|spe|1
|move|p1a: Empoleon|Knock Off|p2a: babyshark
|-damage|p2a: babyshark|54/100
|-enditem|p2a: babyshark|Loaded Dice|[from] move: Knock Off|[of] p1a: Empoleon
|
|upkeep
|turn|14
|
|t:|1769364572
|move|p2a: babyshark|Tera Blast|p1a: Empoleon|[anim] Tera Blast Electric
|-supereffective|p1a: Empoleon
|-damage|p1a: Empoleon|0 fnt
|faint|p1a: Empoleon
|
|upkeep
|
|t:|1769364577
|switch|p1a: Scrafty|Scrafty, F|100/100
|-damage|p1a: Scrafty|94/100|[from] Stealth Rock
|-ability|p1a: Scrafty|Intimidate|boost
|-unboost|p2a: babyshark|atk|1
|turn|15
|
|t:|1769364583
|move|p2a: babyshark|Tera Blast|p1a: Scrafty|[anim] Tera Blast Electric
|-damage|p1a: Scrafty|60/100
|move|p1a: Scrafty|Drain Punch|p2a: babyshark
|-damage|p2a: babyshark|29/100
|-heal|p1a: Scrafty|75/100|[from] drain|[of] p2a: babyshark
|
|-heal|p1a: Scrafty|81/100|[from] item: Leftovers
|upkeep
|turn|16
|
|t:|1769364593
|move|p2a: babyshark|Dragon Dance|p2a: babyshark
|-boost|p2a: babyshark|atk|1
|-boost|p2a: babyshark|spe|1
|move|p1a: Scrafty|Drain Punch|p2a: babyshark
|-damage|p2a: babyshark|5/100
|-heal|p1a: Scrafty|96/100|[from] drain|[of] p2a: babyshark
|
|-heal|p1a: Scrafty|100/100|[from] item: Leftovers
|upkeep
|turn|17
|
|t:|1769364609
|move|p2a: babyshark|Tera Blast|p1a: Scrafty|[anim] Tera Blast Electric
|-damage|p1a: Scrafty|51/100
|move|p1a: Scrafty|Drain Punch|p2a: babyshark
|-damage|p2a: babyshark|0 fnt
|-heal|p1a: Scrafty|54/100|[from] drain|[of] p2a: babyshark
|faint|p2a: babyshark
|
|-heal|p1a: Scrafty|60/100|[from] item: Leftovers
|upkeep
|
|t:|1769364616
|switch|p2a: purplewins|Indeedee, M|100/100
|-damage|p2a: purplewins|88/100|[from] Stealth Rock
|-fieldstart|move: Psychic Terrain|[from] ability: Psychic Surge|[of] p2a: purplewins
|turn|18
|inactive|Papermario<3 has 120 seconds left.
|
|t:|1769364653
|move|p2a: purplewins|Dazzling Gleam|p1a: Scrafty
|-supereffective|p1a: Scrafty
|-damage|p1a: Scrafty|0 fnt
|faint|p1a: Scrafty
|
|upkeep
|
|t:|1769364655
|switch|p1a: Swampert|Swampert, F|100/100
|-damage|p1a: Swampert|94/100|[from] Stealth Rock
|turn|19
|inactive|z13l has 120 seconds left.
|
|t:|1769364688
|-terastallize|p1a: Swampert|Steel
|move|p2a: purplewins|Expanding Force|p1a: Swampert
|-resisted|p1a: Swampert
|-damage|p1a: Swampert|68/100
|move|p1a: Swampert|Earth Power|p2a: purplewins
|-damage|p2a: purplewins|50/100
|
|-heal|p1a: Swampert|75/100|[from] item: Leftovers
|upkeep
|turn|20
|inactive|z13l has 120 seconds left.
|
|t:|1769364707
|move|p2a: purplewins|Healing Wish||[still]
|-fail|p2a: purplewins
|move|p1a: Swampert|Knock Off|p2a: purplewins
|-supereffective|p2a: purplewins
|-damage|p2a: purplewins|3/100
|-enditem|p2a: purplewins|Terrain Extender|[from] move: Knock Off|[of] p1a: Swampert
|
|-heal|p1a: Swampert|81/100|[from] item: Leftovers
|upkeep
|turn|21
|inactive|z13l has 120 seconds left.
|
|t:|1769364730
|move|p2a: purplewins|Encore|p1a: Swampert
|-start|p1a: Swampert|Encore
|move|p1a: Swampert|Knock Off|p2a: purplewins
|-supereffective|p2a: purplewins
|-damage|p2a: purplewins|0 fnt
|faint|p2a: purplewins
|
|win|Papermario<3
|raw|Papermario&lt;3's rating: 1120 &rarr; <strong>1141</strong><br />(+21 for winning)
|raw|z13l's rating: 1071 &rarr; <strong>1053</strong><br />(-18 for losing)
|l|☆z13l
|player|p2|
|l|☆Papermario<3
|player|p1|
