|j|☆LYHtyt
|j|☆Olive 40
|t:|1769393360
|gametype|singles
|player|p1|LYHtyt|hilbert|1064
|player|p2|Olive 40|rosa|1091
|gen|9
|tier|[Gen 9] OU
|rated|
|rule|HP Percentage Mod: HP is shown in percentages
|rule|Endless Battle Clause: Forcing endless battles is banned
|rule|Species Clause: Limit one of each Pokémon
|rule|OHKO Clause: OHKO moves are banned
|rule|Evasion Items Clause: Evasion items are banned
|rule|Evasion Moves Clause: Evasion moves are banned
|rule|Evasion Abilities Clause: Evasion abilities are banned
|rule|Sleep Moves Clause: Sleep-inducing moves are banned
|clearpoke
|poke|p1|Samurott-Hisui, M|
|poke|p1|Dragonite, F|
|poke|p1|Iron Valiant|
|poke|p1|Scizor, M|
|poke|p1|Garchomp, M|
|poke|p1|Tyranitar, M|
|poke|p2|Rotom-Mow|
|poke|p2|Salazzle, F|
|poke|p2|Necrozma|
|poke|p2|Slowbro, M|
|poke|p2|Haunter, M|
|poke|p2|Great Tusk|
|teampreview
|inactive|Battle timer is ON: inactive players will automatically lose when time's up. (requested by Olive 40)
|
|t:|1769393367
|teamsize|p1|6
|teamsize|p2|6
|start
|switch|p1a: Samurott|Samurott-Hisui, M|100/100
|switch|p2a: Rotom|Rotom-Mow|100/100
|turn|1
|
|t:|1769393380
|move|p1a: Samurott|Air Slash|p2a: Rotom
|-damage|p2a: Rotom|69/100
|-enditem|p2a: Rotom|Red Card|[of] p1a: Samurott
|drag|p1a: Dragonite|Dragonite, F|100/100
|move|p2a: Rotom|Leaf Storm|p1a: Dragonite
|-resisted|p1a: Dragonite
|-damage|p1a: Dragonite|95/100
|-unboost|p2a: Rotom|spa|2
|
|upkeep
|turn|2
|
|t:|1769393394
|move|p2a: Rotom|Will-O-Wisp|p1a: Dragonite
|-status|p1a: Dragonite|brn
|move|p1a: Dragonite|Dragon Claw|p2a: Rotom
|-damage|p2a: Rotom|25/100
|
|-damage|p1a: Dragonite|88/100 brn|[from] brn
|upkeep
|turn|3
|
|t:|1769393404
|move|p2a: Rotom|Volt Switch|p1a: Dragonite
|-damage|p1a: Dragonite|73/100 brn
|
|t:|1769393408
|switch|p2a: Slowbro|Slowbro, M, shiny|100/100|[from] Volt Switch
|move|p1a: Dragonite|Dragon Claw|p2a: Slowbro
|-crit|p2a: Slowbro
|-damage|p2a: Slowbro|62/100
|-damage|p1a: Dragonite|56/100 brn|[from] item: Rocky Helmet|[of] p2a: Slowbro
|
|-damage|p1a: Dragonite|50/100 brn|[from] brn
|upkeep
|turn|4
|
|t:|1769393420
|move|p1a: Dragonite|Dragon Claw|p2a: Slowbro
|-damage|p2a: Slowbro|33/100
|-damage|p1a: Dragonite|33/100 brn|[from] item: Rocky Helmet|[of] p2a: Slowbro
|move|p2a: Slowbro|Ice Beam|p1a: Dragonite
|-supereffective|p1a: Dragonite
|-damage|p1a: Dragonite|0 fnt
|faint|p1a: Dragonite
|
|upkeep
|
|t:|1769393430
|switch|p1a: Scizor|Scizor, M|100/100
|turn|5
|
|t:|1769393436
|move|p1a: Scizor|Bullet Punch|p2a: Slowbro
|-resisted|p2a: Slowbro
|-crit|p2a: Slowbro
|-damage|p2a: Slowbro|0 fnt
|-damage|p1a: Scizor|84/100|[from] item: Rocky Helmet|[of] p2a: Slowbro
|faint|p2a: Slowbro
|
|upkeep
|
|t:|1769393446
|switch|p2a: Salazzle|Salazzle, F|100/100
|-item|p2a: Salazzle|Air Balloon
|turn|6
|
|t:|1769393451
|switch|p1a: Samurott|Samurott-Hisui, M|100/100
|move|p2a: Salazzle|Flamethrower|p1a: Samurott
|-resisted|p1a: Samurott
|-damage|p1a: Samurott|68/100
|
|upkeep
|turn|7
|
|t:|1769393462
|move|p1a: Samurott|Razor Shell|p2a: Salazzle
|-supereffective|p2a: Salazzle
|-damage|p2a: Salazzle|0 fnt
|-enditem|p2a: Salazzle|Air Balloon
|faint|p2a: Salazzle
|
|upkeep
|
|t:|1769393468
|switch|p2a: Necrozma|Necrozma, shiny|100/100
|turn|8
|
|t:|1769393479
|switch|p1a: Scizor|Scizor, M|84/100
|move|p2a: Necrozma|Meteor Beam||[still]
|-prepare|p2a: Necrozma|Meteor Beam
|-boost|p2a: Necrozma|spa|1
|-enditem|p2a: Necrozma|Power Herb
|-anim|p2a: Necrozma|Meteor Beam|p1a: Scizor|[miss]
|-miss|p2a: Necrozma|p1a: Scizor
|
|upkeep
|turn|9
|
|t:|1769393490
|move|p1a: Scizor|Bullet Punch|p2a: Necrozma
|-damage|p2a: Necrozma|56/100
|move|p2a: Necrozma|Charge Beam|p1a: Scizor
|-damage|p1a: Scizor|48/100
|
|upkeep
|turn|10
|
|t:|1769393499
|move|p1a: Scizor|Bullet Punch|p2a: Necrozma
|-damage|p2a: Necrozma|15/100
|move|p2a: Necrozma|Charge Beam|p1a: Scizor
|-damage|p1a: Scizor|13/100
|-boost|p2a: Necrozma|spa|1
|
|upkeep
|turn|11
|
|t:|1769393507
|move|p1a: Scizor|Bullet Punch|p2a: Necrozma
|-damage|p2a: Necrozma|0 fnt
|faint|p2a: Necrozma
|
|upkeep
|
|t:|1769393517
|switch|p2a: Rotom|Rotom-Mow|25/100
|turn|12
|
|t:|1769393522
|move|p1a: Scizor|Bullet Punch|p2a: Rotom
|-resisted|p2a: Rotom
|-damage|p2a: Rotom|0 fnt
|faint|p2a: Rotom
|
|upkeep
|
|t:|1769393527
|switch|p2a: Great Tusk|Great Tusk|100/100
|turn|13
|
|t:|1769393534
|move|p1a: Scizor|Bullet Punch|p2a: Great Tusk
|-damage|p2a: Great Tusk|61/100
|move|p2a: Great Tusk|Rapid Spin|p1a: Scizor
|-resisted|p1a: Scizor
|-damage|p1a: Scizor|5/100
|-boost|p2a: Great Tusk|spe|1
|
|upkeep
|turn|14
|
|t:|1769393541
|move|p1a: Scizor|Bullet Punch|p2a: Great Tusk
|-damage|p2a: Great Tusk|24/100
|move|p2a: Great Tusk|Rapid Spin|p1a: Scizor
|-resisted|p1a: Scizor
|-damage|p1a: Scizor|0 fnt
|-boost|p2a: Great Tusk|spe|1
|faint|p1a: Scizor
|
|upkeep
|
|t:|1769393547
|switch|p1a: Iron Valiant|Iron Valiant|100/100
|-enditem|p1a: Iron Valiant|Booster Energy
|-activate|p1a: Iron Valiant|ability: Quark Drive|[fromitem]
|-start|p1a: Iron Valiant|quarkdrivespe
|turn|15
|
|t:|1769393559
|move|p2a: Great Tusk|Headlong Rush|p1a: Iron Valiant
|-damage|p1a: Iron Valiant|16/100
|-unboost|p2a: Great Tusk|def|1
|-unboost|p2a: Great Tusk|spd|1
|move|p1a: Iron Valiant|Aura Sphere|p2a: Great Tusk
|-damage|p2a: Great Tusk|0 fnt
|faint|p2a: Great Tusk
|-end|p2a: Great Tusk|Protosynthesis|[silent]
|
|upkeep
|
|t:|1769393569
|switch|p2a: Haunter|Haunter, M, shiny|100/100
|turn|16
|
|t:|1769393573
|move|p1a: Iron Valiant|Moonblast|p2a: Haunter
|-resisted|p2a: Haunter
|-damage|p2a: Haunter|65/100
|-unboost|p2a: Haunter|spa|1
|move|p2a: Haunter|Dazzling Gleam|p1a: Iron Valiant
|-supereffective|p1a: Iron Valiant
|-damage|p1a: Iron Valiant|0 fnt
|faint|p1a: Iron Valiant
|-end|p1a: Iron Valiant|Quark Drive|[silent]
|
|upkeep
|
|t:|1769393578
|switch|p1a: Samurott|Samurott-Hisui, M|68/100
|turn|17
|
|t:|1769393586
|move|p1a: Samurott|Ceaseless Edge|p2a: Haunter
|-supereffective|p2a: Haunter
|-damage|p2a: Haunter|0 fnt
|-sidestart|p2: Olive 40|Spikes
|faint|p2a: Haunter
|
|win|LYHtyt
|raw|LYHtyt's rating: 1064 &rarr; <strong>1097</strong><br />(+33 for winning)
|raw|Olive 40's rating: 1091 &rarr; <strong>1066</strong><br />(-25 for losing)
|l|☆Olive 40
|player|p2|
