|j|☆Team BBIO 38
|j|☆CBe4A
|t:|1769362301
|gametype|singles
|player|p1|Team BBIO 38|rocketgrunt|1364
|player|p2|CBe4A|n|1345
|gen|9
|tier|[Gen 9] OU
|rated|
|rule|HP Percentage Mod: HP is shown in percentages
|rule|Endless Battle Clause: Forcing endless battles is banned
|rule|Species Clause: Limit one of each Pokémon
|rule|OHKO Clause: OHKO moves are banned
|rule|Evasion Items Clause: Evasion items are banned
|rule|Evasion Moves Clause: Evasion moves are banned
|rule|Evasion Abilities Clause: Evasion abilities are banned
|rule|Sleep Moves Clause: Sleep-inducing moves are banned
|clearpoke
|poke|p1|Dusclops, M|
|poke|p1|Blissey, F|
|poke|p1|Flamigo, M|
|poke|p1|Latias, F|
|poke|p1|Darkrai|
|poke|p1|Dragonite, M|
|poke|p2|Hoopa-Unbound|
|poke|p2|Gliscor, F|
|poke|p2|Kyurem|
|poke|p2|Thundurus-Therian, M|
|poke|p2|Iron Treads|
|poke|p2|Kingambit, F|
|teampreview
|inactive|Battle timer is ON: inactive players will automatically lose when time's up. (requested by Team BBIO 38)
|inactive|CBe4A also wants the timer to be on.
|
|t:|1769362316
|teamsize|p1|6
|teamsize|p2|6
|start
|switch|p1a: Flamigo|Flamigo, M|100/100
|switch|p2a: Hoopa|Hoopa-Unbound|100/100
|turn|1
|
|t:|1769362333
|move|p1a: Flamigo|U-turn|p2a: Hoopa
|-supereffective|p2a: Hoopa
|-damage|p2a: Hoopa|3/100
|
|t:|1769362339
|switch|p1a: Darkrai|Darkrai|100/100|[from] U-turn
|move|p2a: Hoopa|Psychic Noise|p1a: Darkrai
|-immune|p1a: Darkrai
|
|upkeep
|turn|2
|
|t:|1769362345
|move|p1a: Darkrai|Ice Beam|p2a: Hoopa
|-crit|p2a: Hoopa
|-damage|p2a: Hoopa|0 fnt
|faint|p2a: Hoopa
|
|upkeep
|
|t:|1769362356
|switch|p2a: Kyurem|Kyurem, shiny|100/100
|-ability|p2a: Kyurem|Pressure
|turn|3
|
|t:|1769362369
|switch|p1a: Blissey|Blissey, F|100/100
|move|p2a: Kyurem|Draco Meteor|p1a: Blissey
|-damage|p1a: Blissey|64/100
|-unboost|p2a: Kyurem|spa|2
|
|-heal|p1a: Blissey|70/100|[from] item: Leftovers
|upkeep
|turn|4
|
|t:|1769362377
|switch|p2a: Iron Treads|Iron Treads|100/100
|switch|p1a: Darkrai|Darkrai|100/100
|
|upkeep
|turn|5
|
|t:|1769362388
|move|p1a: Darkrai|Dark Pulse|p2a: Iron Treads
|-damage|p2a: Iron Treads|3/100
|move|p2a: Iron Treads|Stealth Rock|p1a: Darkrai
|-sidestart|p1: Team BBIO 38|move: Stealth Rock
|
|-heal|p2a: Iron Treads|9/100|[from] item: Leftovers
|upkeep
|turn|6
|
|t:|1769362409
|move|p1a: Darkrai|Dark Pulse|p2a: Iron Treads
|-damage|p2a: Iron Treads|0 fnt
|faint|p2a: Iron Treads
|-end|p2a: Iron Treads|Quark Drive|[silent]
|
|upkeep
|
|t:|1769362422
|switch|p2a: Kyurem|Kyurem, shiny|100/100
|-ability|p2a: Kyurem|Pressure
|turn|7
|
|t:|1769362430
|move|p1a: Darkrai|Dark Pulse|p2a: Kyurem
|-damage|p2a: Kyurem|42/100
|move|p2a: Kyurem|Draco Meteor|p1a: Darkrai
|-damage|p1a: Darkrai|0 fnt
|-unboost|p2a: Kyurem|spa|2
|faint|p1a: Darkrai
|
|upkeep
|
|t:|1769362444
|switch|p1a: Dragonite|Dragonite, M|100/100
|turn|8
|
|t:|1769362448
|move|p2a: Kyurem|Draco Meteor|p1a: Dragonite|[miss]
|-miss|p2a: Kyurem|p1a: Dragonite
|move|p1a: Dragonite|Dragon Dance|p1a: Dragonite
|-boost|p1a: Dragonite|atk|1
|-boost|p1a: Dragonite|spe|1
|
|upkeep
|turn|9
|
|t:|1769362458
|move|p1a: Dragonite|Earthquake|p2a: Kyurem
|-damage|p2a: Kyurem|0 fnt
|faint|p2a: Kyurem
|
|upkeep
|
|t:|1769362460
|switch|p2a: Thundurus|Thundurus-Therian, M|100/100
|turn|10
|
|t:|1769362465
|switch|p2a: Gliscor|Gliscor, F|100/100
|move|p1a: Dragonite|Ice Spinner|p2a: Gliscor
|-supereffective|p2a: Gliscor
|-damage|p2a: Gliscor|0 fnt
|faint|p2a: Gliscor
|
|upkeep
|
|t:|1769362471
|switch|p2a: Thundurus|Thundurus-Therian, M|100/100
|turn|11
|
|t:|1769362480
|-terastallize|p2a: Thundurus|Fairy
|move|p1a: Dragonite|Ice Spinner|p2a: Thundurus
|-damage|p2a: Thundurus|32/100
|move|p2a: Thundurus|Tera Blast|p1a: Dragonite|[anim] Tera Blast Fairy
|-supereffective|p1a: Dragonite
|-damage|p1a: Dragonite|52/100
|
|upkeep
|turn|12
|
|t:|1769362486
|move|p1a: Dragonite|Ice Spinner|p2a: Thundurus
|-damage|p2a: Thundurus|0 fnt
|faint|p2a: Thundurus
|
|upkeep
|inactive|CBe4A has 120 seconds left.
|
|t:|1769362545
|switch|p2a: Kingambit|Kingambit, F|100/100
|-activate|p2a: Kingambit|ability: Supreme Overlord
|-start|p2a: Kingambit|fallen5|[silent]
|turn|13
|
|t:|1769362550
|move|p1a: Dragonite|Earthquake|p2a: Kingambit
|-supereffective|p2a: Kingambit
|-damage|p2a: Kingambit|15/100
|move|p2a: Kingambit|Kowtow Cleave|p1a: Dragonite
|-damage|p1a: Dragonite|0 fnt
|faint|p1a: Dragonite
|
|-heal|p2a: Kingambit|21/100|[from] item: Leftovers
|upkeep
|
|t:|1769362559
|switch|p1a: Dusclops|Dusclops, M|100/100
|-damage|p1a: Dusclops|88/100|[from] Stealth Rock
|-item|p2a: Kingambit|Leftovers|[from] ability: Frisk|[of] p1a: Dusclops
|turn|14
|
|t:|1769362564
|move|p2a: Kingambit|Kowtow Cleave|p1a: Dusclops
|-supereffective|p1a: Dusclops
|-crit|p1a: Dusclops
|-damage|p1a: Dusclops|0 fnt
|faint|p1a: Dusclops
|
|-heal|p2a: Kingambit|27/100|[from] item: Leftovers
|upkeep
|
|t:|1769362571
|switch|p1a: Flamigo|Flamigo, M|100/100
|-damage|p1a: Flamigo|88/100|[from] Stealth Rock
|turn|15
|
|t:|1769362576
|move|p2a: Kingambit|Sucker Punch|p1a: Flamigo
|-resisted|p1a: Flamigo
|-damage|p1a: Flamigo|46/100
|move|p1a: Flamigo|Close Combat|p2a: Kingambit
|-supereffective|p2a: Kingambit
|-damage|p2a: Kingambit|0 fnt
|-unboost|p1a: Flamigo|def|1
|-unboost|p1a: Flamigo|spd|1
|faint|p2a: Kingambit
|-end|p2a: Kingambit|fallen5|[silent]
|
|win|Team BBIO 38
|raw|Team BBIO 38's rating: 1364 &rarr; <strong>1383</strong><br />(+19 for winning)
|raw|CBe4A's rating: 1345 &rarr; <strong>1326</strong><br />(-19 for losing)
|l|☆CBe4A
|player|p2|
|l|☆Team BBIO 38
|player|p1|
