|j|☆quagsirian_68
|j|☆vishalv996
|t:|1769323338
|gametype|singles
|player|p1|quagsirian_68|alder|1063
|player|p2|vishalv996|1|1089
|gen|9
|tier|[Gen 9] OU
|rated|
|rule|HP Percentage Mod: HP is shown in percentages
|rule|Endless Battle Clause: Forcing endless battles is banned
|rule|Species Clause: Limit one of each Pokémon
|rule|OHKO Clause: OHKO moves are banned
|rule|Evasion Items Clause: Evasion items are banned
|rule|Evasion Moves Clause: Evasion moves are banned
|rule|Evasion Abilities Clause: Evasion abilities are banned
|rule|Sleep Moves Clause: Sleep-inducing moves are banned
|clearpoke
|poke|p1|Regidrago|
|poke|p1|Granbull, F|
|poke|p1|Polteageist|
|poke|p1|Empoleon, M|
|poke|p1|Lycanroc-Dusk, M|
|poke|p1|Breloom, F|
|poke|p2|Serperior, F|
|poke|p2|Ceruledge, F|
|poke|p2|Kingambit, M|
|poke|p2|Iron Treads|
|poke|p2|Eelektross, M|
|poke|p2|Darkrai|
|teampreview
|
|t:|1769323351
|teamsize|p1|6
|teamsize|p2|6
|start
|switch|p1a: Dragonball|Regidrago|100/100
|switch|p2a: Iron Treads|Iron Treads|100/100
|-enditem|p2a: Iron Treads|Booster Energy
|-activate|p2a: Iron Treads|ability: Quark Drive|[fromitem]
|-start|p2a: Iron Treads|quarkdriveatk
|turn|1
|
|t:|1769323363
|move|p1a: Dragonball|Earth Power|p2a: Iron Treads
|-supereffective|p2a: Iron Treads
|-damage|p2a: Iron Treads|32/100
|move|p2a: Iron Treads|Ice Spinner|p1a: Dragonball
|-supereffective|p1a: Dragonball
|-damage|p1a: Dragonball|27/100
|
|upkeep
|turn|2
|
|t:|1769323383
|-end|p2a: Iron Treads|Quark Drive|[silent]
|switch|p2a: Eelektross|Eelektross, M|100/100
|move|p1a: Dragonball|Earth Power|p2a: Eelektross
|-immune|p2a: Eelektross|[from] ability: Levitate
|
|upkeep
|turn|3
|
|t:|1769323394
|switch|p1a: 1up|Breloom, F, shiny|100/100
|move|p2a: Eelektross|Flash Cannon|p1a: 1up
|-damage|p1a: 1up|66/100
|
|-status|p1a: 1up|tox|[from] item: Toxic Orb
|upkeep
|turn|4
|
|t:|1769323407
|move|p1a: 1up|Facade|p2a: Eelektross
|-damage|p2a: Eelektross|40/100
|move|p2a: Eelektross|Flamethrower|p1a: 1up
|-supereffective|p1a: 1up
|-damage|p1a: 1up|0 fnt
|faint|p1a: 1up
|
|upkeep
|
|t:|1769323431
|switch|p1a: Napoleon|Empoleon, M|100/100
|turn|5
|
|t:|1769323444
|move|p1a: Napoleon|Ice Beam|p2a: Eelektross
|-damage|p2a: Eelektross|9/100
|move|p2a: Eelektross|Thunderbolt|p1a: Napoleon
|-supereffective|p1a: Napoleon
|-damage|p1a: Napoleon|9/100
|
|upkeep
|turn|6
|-message|quagsirian_68 forfeited.
|
|win|vishalv996
|raw|quagsirian_68's rating: 1063 &rarr; <strong>1045</strong><br />(-18 for losing)
|raw|vishalv996's rating: 1089 &rarr; <strong>1114</strong><br />(+25 for winning)
|l|☆quagsirian_68
|player|p1|
|l|☆vishalv996
|player|p2|
