|j|☆1alphq
|j|☆ghighas
|t:|1769317971
|gametype|singles
|player|p1|1alphq|zinnia|1300
|player|p2|ghighas|ghetsis|1304
|gen|9
|tier|[Gen 9] OU
|rated|
|rule|HP Percentage Mod: HP is shown in percentages
|rule|Endless Battle Clause: Forcing endless battles is banned
|rule|Species Clause: Limit one of each Pokémon
|rule|OHKO Clause: OHKO moves are banned
|rule|Evasion Items Clause: Evasion items are banned
|rule|Evasion Moves Clause: Evasion moves are banned
|rule|Evasion Abilities Clause: Evasion abilities are banned
|rule|Sleep Moves Clause: Sleep-inducing moves are banned
|clearpoke
|poke|p1|Iron Moth|
|poke|p1|Samurott-Hisui, F|
|poke|p1|Glimmora, F|
|poke|p1|Ogerpon, F|
|poke|p1|Hatterene, F|
|poke|p1|Dragapult, F|
|poke|p2|Barraskewda, F|
|poke|p2|Pelipper, F|
|poke|p2|Dondozo, F|
|poke|p2|Ogerpon-Wellspring, F|
|poke|p2|Goodra-Hisui, M|
|poke|p2|Great Tusk|
|teampreview
|inactive|Battle timer is ON: inactive players will automatically lose when time's up. (requested by 1alphq)
|
|t:|1769317991
|teamsize|p1|6
|teamsize|p2|6
|start
|switch|p1a: Glimmora|Glimmora, F|100/100
|switch|p2a: Pelipper|Pelipper, F|100/100
|-item|p1a: Glimmora|Air Balloon
|-weather|RainDance|[from] ability: Drizzle|[of] p2a: Pelipper
|turn|1
|
|t:|1769318018
|switch|p2a: Goodra|Goodra-Hisui, M|100/100
|move|p1a: Glimmora|Stealth Rock|p2a: Goodra
|-sidestart|p2: ghighas|move: Stealth Rock
|
|-weather|RainDance|[upkeep]
|upkeep
|turn|2
|inactive|1alphq has 120 seconds left.
|inactive|ghighas has 120 seconds left.
|inactive|ghighas has 90 seconds left.
|
|t:|1769318083
|move|p1a: Glimmora|Toxic Spikes|p2a: Goodra
|-sidestart|p2: ghighas|move: Toxic Spikes
|move|p2a: Goodra|Flash Cannon|p1a: Glimmora
|-supereffective|p1a: Glimmora
|-damage|p1a: Glimmora|24/100
|-enditem|p1a: Glimmora|Air Balloon
|
|-weather|RainDance|[upkeep]
|upkeep
|turn|3
|inactive|1alphq has 120 seconds left.
|
|t:|1769318093
|move|p1a: Glimmora|Toxic Spikes|p2a: Goodra
|-sidestart|p2: ghighas|move: Toxic Spikes
|move|p2a: Goodra|Flash Cannon|p1a: Glimmora
|-supereffective|p1a: Glimmora
|-damage|p1a: Glimmora|0 fnt
|faint|p1a: Glimmora
|
|-weather|RainDance|[upkeep]
|upkeep
|inactive|1alphq has 120 seconds left.
|
|t:|1769318106
|switch|p1a: Samurott|Samurott-Hisui, F|100/100
|turn|4
|inactive|ghighas has 90 seconds left.
|
|t:|1769318129
|switch|p2a: Dondozo|Dondozo, F|100/100
|-damage|p2a: Dondozo|88/100|[from] Stealth Rock
|-status|p2a: Dondozo|tox
|move|p1a: Samurott|Ceaseless Edge|p2a: Dondozo
|-damage|p2a: Dondozo|66/100 tox
|-sidestart|p2: ghighas|Spikes
|
|-weather|RainDance|[upkeep]
|-heal|p2a: Dondozo|73/100 tox|[from] item: Leftovers
|-damage|p2a: Dondozo|66/100 tox|[from] psn
|upkeep
|turn|5
|
|t:|1769318144
|move|p1a: Samurott|Ceaseless Edge|p2a: Dondozo|[miss]
|-miss|p1a: Samurott|p2a: Dondozo
|move|p2a: Dondozo|Wave Crash|p1a: Samurott
|-resisted|p1a: Samurott
|-damage|p1a: Samurott|64/100
|-damage|p2a: Dondozo|59/100 tox|[from] Recoil
|
|-weather|RainDance|[upkeep]
|-heal|p2a: Dondozo|65/100 tox|[from] item: Leftovers
|-damage|p2a: Dondozo|52/100 tox|[from] psn
|upkeep
|turn|6
|
|t:|1769318150
|move|p1a: Samurott|Ceaseless Edge|p2a: Dondozo
|-damage|p2a: Dondozo|30/100 tox
|-sidestart|p2: ghighas|Spikes
|move|p2a: Dondozo|Body Press|p1a: Samurott
|-supereffective|p1a: Samurott
|-damage|p1a: Samurott|0 fnt
|faint|p1a: Samurott
|
|-weather|RainDance|[upkeep]
|-heal|p2a: Dondozo|36/100 tox|[from] item: Leftovers
|-damage|p2a: Dondozo|18/100 tox|[from] psn
|upkeep
|
|t:|1769318158
|switch|p1a: Ogerpon|Ogerpon, F|100/100
|turn|7
|
|t:|1769318163
|move|p1a: Ogerpon|Ivy Cudgel|p2a: Dondozo
|-supereffective|p2a: Dondozo
|-damage|p2a: Dondozo|0 fnt
|faint|p2a: Dondozo
|
|-weather|RainDance|[upkeep]
|upkeep
|
|t:|1769318166
|switch|p2a: Pelipper|Pelipper, F|100/100
|-damage|p2a: Pelipper|76/100|[from] Stealth Rock
|turn|8
|
|t:|1769318172
|-terastallize|p1a: Ogerpon|Grass
|detailschange|p1a: Ogerpon|Ogerpon-Teal-Tera, F, tera:Grass
|-ability|p1a: Ogerpon|Embody Aspect (Teal)|boost
|-boost|p1a: Ogerpon|spe|1
|move|p1a: Ogerpon|Ivy Cudgel|p2a: Pelipper
|-damage|p2a: Pelipper|0 fnt
|faint|p2a: Pelipper
|
|-weather|none
|upkeep
|
|t:|1769318179
|switch|p2a: Goodra|Goodra-Hisui, M|100/100
|turn|9
|
|t:|1769318191
|switch|p1a: Dragapult|Dragapult, F|100/100
|-terastallize|p2a: Goodra|Ghost
|move|p2a: Goodra|Curse|p1a: Dragapult
|-start|p1a: Dragapult|Curse|[of] p2a: Goodra
|-damage|p2a: Goodra|50/100
|
|-damage|p1a: Dragapult|76/100|[from] Curse
|upkeep
|turn|10
|
|t:|1769318199
|move|p1a: Dragapult|Will-O-Wisp|p2a: Goodra
|-status|p2a: Goodra|brn
|move|p2a: Goodra|Dragon Tail|p1a: Dragapult|[miss]
|-miss|p2a: Goodra|p1a: Dragapult
|
|-damage|p2a: Goodra|44/100 brn|[from] brn
|-damage|p1a: Dragapult|51/100|[from] Curse
|upkeep
|turn|11
|
|t:|1769318204
|move|p1a: Dragapult|Hex|p2a: Goodra
|-supereffective|p2a: Goodra
|-damage|p2a: Goodra|0 fnt
|faint|p2a: Goodra
|
|-damage|p1a: Dragapult|26/100|[from] Curse
|upkeep
|
|t:|1769318206
|switch|p2a: Barraskewda|Barraskewda, F, shiny|100/100
|-damage|p2a: Barraskewda|88/100|[from] Stealth Rock
|-status|p2a: Barraskewda|tox
|-damage|p2a: Barraskewda|71/100 tox|[from] Spikes
|turn|12
|-message|ghighas forfeited.
|
|win|1alphq
|raw|1alphq's rating: 1300 &rarr; <strong>1324</strong><br />(+24 for winning)
|raw|ghighas's rating: 1281 &rarr; <strong>1257</strong><br />(-24 for losing)
|l|☆ghighas
|player|p2|
|l|☆1alphq
|player|p1|
