|j|☆DerDonPorrello
|j|☆RaphaDo33
|t:|1769371721
|gametype|singles
|player|p1|DerDonPorrello|hiker-gen4|1170
|player|p2|RaphaDo33|pryce|1214
|gen|9
|tier|[Gen 9] OU
|rated|
|rule|HP Percentage Mod: HP is shown in percentages
|rule|Endless Battle Clause: Forcing endless battles is banned
|rule|Species Clause: Limit one of each Pokémon
|rule|OHKO Clause: OHKO moves are banned
|rule|Evasion Items Clause: Evasion items are banned
|rule|Evasion Moves Clause: Evasion moves are banned
|rule|Evasion Abilities Clause: Evasion abilities are banned
|rule|Sleep Moves Clause: Sleep-inducing moves are banned
|clearpoke
|poke|p1|Kyurem|
|poke|p1|Toxtricity, M|
|poke|p1|Drifblim, M|
|poke|p1|Cobalion|
|poke|p1|Raikou|
|poke|p1|Scyther, M|
|poke|p2|Iron Valiant|
|poke|p2|Gliscor, F|
|poke|p2|Garganacl, M|
|poke|p2|Dragonite, F|
|poke|p2|Iron Moth|
|poke|p2|Dondozo, F|
|teampreview
|
|t:|1769371738
|teamsize|p1|6
|teamsize|p2|6
|start
|switch|p1a: Cobalion|Cobalion|100/100
|switch|p2a: Minecraft|Garganacl, M|100/100
|turn|1
|
|t:|1769371745
|move|p1a: Cobalion|Stealth Rock|p2a: Minecraft
|-sidestart|p2: RaphaDo33|move: Stealth Rock
|move|p2a: Minecraft|Salt Cure|p1a: Cobalion
|-resisted|p1a: Cobalion
|-damage|p1a: Cobalion|98/100
|-start|p1a: Cobalion|Salt Cure
|
|-damage|p1a: Cobalion|73/100|[from] Salt Cure
|upkeep
|turn|2
|
|t:|1769371754
|move|p1a: Cobalion|Volt Switch|p2a: Minecraft
|-damage|p2a: Minecraft|89/100
|
|t:|1769371763
|switch|p1a: Toxtricity|Toxtricity, M|100/100|[from] Volt Switch
|move|p2a: Minecraft|Salt Cure|p1a: Toxtricity
|-damage|p1a: Toxtricity|80/100
|-start|p1a: Toxtricity|Salt Cure
|
|-heal|p2a: Minecraft|95/100|[from] item: Leftovers
|-damage|p1a: Toxtricity|68/100|[from] Salt Cure
|upkeep
|turn|3
|
|t:|1769371780
|move|p1a: Toxtricity|Overdrive|p2a: Minecraft
|-damage|p2a: Minecraft|37/100
|move|p2a: Minecraft|Earthquake|p1a: Toxtricity
|-supereffective|p1a: Toxtricity
|-damage|p1a: Toxtricity|0 fnt
|faint|p1a: Toxtricity
|
|-heal|p2a: Minecraft|43/100|[from] item: Leftovers
|upkeep
|
|t:|1769371789
|switch|p1a: Cobalion|Cobalion|73/100
|turn|4
|
|t:|1769371794
|move|p2a: Minecraft|Protect|p2a: Minecraft
|-singleturn|p2a: Minecraft|Protect
|move|p1a: Cobalion|Body Press|p2a: Minecraft
|-activate|p2a: Minecraft|move: Protect
|
|-heal|p2a: Minecraft|49/100|[from] item: Leftovers
|upkeep
|turn|5
|
|t:|1769371800
|switch|p2a: Fake Sun|Iron Moth|100/100
|-damage|p2a: Fake Sun|76/100|[from] Stealth Rock
|-enditem|p2a: Fake Sun|Booster Energy
|-activate|p2a: Fake Sun|ability: Quark Drive|[fromitem]
|-start|p2a: Fake Sun|quarkdrivespa
|move|p1a: Cobalion|Body Press|p2a: Fake Sun
|-resisted|p2a: Fake Sun
|-damage|p2a: Fake Sun|41/100
|
|upkeep
|turn|6
|
|t:|1769371813
|switch|p1a: Drifblim|Drifblim, M|100/100
|move|p2a: Fake Sun|Fiery Dance|p1a: Drifblim
|-damage|p1a: Drifblim|46/100
|
|upkeep
|turn|7
|
|t:|1769371821
|move|p2a: Fake Sun|Fiery Dance|p1a: Drifblim
|-damage|p1a: Drifblim|0 fnt
|-boost|p2a: Fake Sun|spa|1
|faint|p1a: Drifblim
|
|upkeep
|
|t:|1769371835
|switch|p1a: Raikou|Raikou|100/100
|-ability|p1a: Raikou|Pressure
|turn|8
|
|t:|1769371840
|move|p1a: Raikou|Scald|p2a: Fake Sun
|-supereffective|p2a: Fake Sun
|-damage|p2a: Fake Sun|0 fnt
|faint|p2a: Fake Sun
|-end|p2a: Fake Sun|Quark Drive|[silent]
|
|upkeep
|
|t:|1769371858
|switch|p2a: Galladevoir|Iron Valiant|100/100
|-damage|p2a: Galladevoir|94/100|[from] Stealth Rock
|turn|9
|
|t:|1769371871
|move|p2a: Galladevoir|Moonblast|p1a: Raikou
|-damage|p1a: Raikou|52/100
|move|p1a: Raikou|Volt Switch|p2a: Galladevoir
|-damage|p2a: Galladevoir|38/100
|
|t:|1769371880
|switch|p1a: Scyther|Scyther, M|100/100|[from] Volt Switch
|
|upkeep
|turn|10
|
|t:|1769371894
|move|p2a: Galladevoir|Moonblast|p1a: Scyther
|-damage|p1a: Scyther|52/100
|move|p1a: Scyther|Trailblaze|p2a: Galladevoir
|-damage|p2a: Galladevoir|9/100
|-boost|p1a: Scyther|spe|1
|
|upkeep
|turn|11
|
|t:|1769371903
|move|p1a: Scyther|Trailblaze|p2a: Galladevoir
|-damage|p2a: Galladevoir|0 fnt
|-boost|p1a: Scyther|spe|1
|faint|p2a: Galladevoir
|-end|p2a: Galladevoir|Quark Drive|[silent]
|
|upkeep
|
|t:|1769371908
|switch|p2a: Andromeda VII|Dragonite, F|100/100
|turn|12
|
|t:|1769371915
|move|p1a: Scyther|Dual Wingbeat|p2a: Andromeda VII
|-damage|p2a: Andromeda VII|84/100
|-damage|p2a: Andromeda VII|52/100
|-hitcount|p2a: Andromeda VII|2
|move|p2a: Andromeda VII|Dragon Dance|p2a: Andromeda VII
|-boost|p2a: Andromeda VII|atk|1
|-boost|p2a: Andromeda VII|spe|1
|
|upkeep
|turn|13
|
|t:|1769371923
|move|p1a: Scyther|Dual Wingbeat|p2a: Andromeda VII
|-damage|p2a: Andromeda VII|22/100
|-damage|p2a: Andromeda VII|0 fnt
|faint|p2a: Andromeda VII
|-hitcount|p2: Andromeda VII|2
|
|upkeep
|
|t:|1769371927
|switch|p2a: Acnologia|Gliscor, F|100/100
|-damage|p2a: Acnologia|88/100|[from] Stealth Rock
|turn|14
|
|t:|1769371944
|move|p2a: Acnologia|Protect|p2a: Acnologia
|-singleturn|p2a: Acnologia|Protect
|move|p1a: Scyther|Dual Wingbeat|p2a: Acnologia
|-activate|p2a: Acnologia|move: Protect
|
|-status|p2a: Acnologia|tox|[from] item: Toxic Orb
|upkeep
|turn|15
|
|t:|1769371951
|move|p1a: Scyther|Dual Wingbeat|p2a: Acnologia|[miss]
|-miss|p1a: Scyther|p2a: Acnologia
|move|p2a: Acnologia|Facade|p1a: Scyther
|-damage|p1a: Scyther|13/100
|
|-heal|p2a: Acnologia|100/100 tox|[from] ability: Poison Heal
|upkeep
|turn|16
|
|t:|1769371959
|move|p1a: Scyther|Dual Wingbeat|p2a: Acnologia
|-damage|p2a: Acnologia|79/100 tox
|-damage|p2a: Acnologia|58/100 tox
|-hitcount|p2a: Acnologia|2
|move|p2a: Acnologia|Facade|p1a: Scyther
|-damage|p1a: Scyther|0 fnt
|faint|p1a: Scyther
|
|-heal|p2a: Acnologia|70/100 tox|[from] ability: Poison Heal
|upkeep
|
|t:|1769371978
|switch|p1a: Kyurem|Kyurem|100/100
|-ability|p1a: Kyurem|Pressure
|turn|17
|
|t:|1769371989
|move|p2a: Acnologia|Protect|p2a: Acnologia
|-singleturn|p2a: Acnologia|Protect
|move|p1a: Kyurem|Icicle Spear|p2a: Acnologia
|-activate|p2a: Acnologia|move: Protect
|
|-heal|p2a: Acnologia|83/100 tox|[from] ability: Poison Heal
|upkeep
|turn|18
|
|t:|1769371996
|switch|p1a: Raikou|Raikou|52/100
|-ability|p1a: Raikou|Pressure
|switch|p2a: Windshield|Dondozo, F|100/100
|-damage|p2a: Windshield|88/100|[from] Stealth Rock
|
|-heal|p1a: Raikou|58/100|[from] item: Leftovers
|-heal|p2a: Windshield|94/100|[from] item: Leftovers
|upkeep
|turn|19
|
|t:|1769372011
|move|p1a: Raikou|Scald|p2a: Windshield
|-resisted|p2a: Windshield
|-damage|p2a: Windshield|86/100
|-status|p2a: Windshield|brn
|move|p2a: Windshield|Waterfall|p1a: Raikou
|-damage|p1a: Raikou|39/100
|
|-heal|p1a: Raikou|45/100|[from] item: Leftovers
|-heal|p2a: Windshield|93/100 brn|[from] item: Leftovers
|-damage|p2a: Windshield|86/100 brn|[from] brn
|upkeep
|turn|20
|
|t:|1769372028
|switch|p2a: Acnologia|Gliscor, F|83/100 tox
|-damage|p2a: Acnologia|70/100 tox|[from] Stealth Rock
|move|p1a: Raikou|Scald|p2a: Acnologia
|-supereffective|p2a: Acnologia
|-damage|p2a: Acnologia|0 fnt
|faint|p2a: Acnologia
|
|-heal|p1a: Raikou|52/100|[from] item: Leftovers
|upkeep
|-message|RaphaDo33 forfeited.
|
|win|DerDonPorrello
|raw|DerDonPorrello's rating: 1170 &rarr; <strong>1198</strong><br />(+28 for winning)
|raw|RaphaDo33's rating: 1214 &rarr; <strong>1186</strong><br />(-28 for losing)
|l|☆RaphaDo33
|player|p2|
|l|☆DerDonPorrello
|player|p1|
