|j|☆Experiment7777448
|j|‽liamsdad
|t:|1769396832
|gametype|singles
|player|p1|Experiment7777448|dawn-gen4pt|1522
|player|p2|liamsdad|bruno|1598
|gen|9
|tier|[Gen 9] OU
|rated|
|rule|HP Percentage Mod: HP is shown in percentages
|rule|Endless Battle Clause: Forcing endless battles is banned
|rule|Species Clause: Limit one of each Pokémon
|rule|OHKO Clause: OHKO moves are banned
|rule|Evasion Items Clause: Evasion items are banned
|rule|Evasion Moves Clause: Evasion moves are banned
|rule|Evasion Abilities Clause: Evasion abilities are banned
|rule|Sleep Moves Clause: Sleep-inducing moves are banned
|clearpoke
|poke|p1|Okidogi, M|
|poke|p1|Porygon-Z|
|poke|p1|Scizor, M|
|poke|p1|Darkrai|
|poke|p1|Dragapult, M|
|poke|p1|Kyurem|
|poke|p2|Pincurchin, F|
|poke|p2|Iron Valiant|
|poke|p2|Iron Treads|
|poke|p2|Cresselia, F|
|poke|p2|Iron Hands|
|poke|p2|Zamazenta-*|
|teampreview
|inactive|Battle timer is ON: inactive players will automatically lose when time's up. (requested by Experiment7777448)
|
|t:|1769396857
|teamsize|p1|6
|teamsize|p2|6
|start
|switch|p1a: Darkrai|Darkrai|100/100
|switch|p2a: Pincurchin|Pincurchin, F|100/100
|-fieldstart|move: Electric Terrain|[from] ability: Electric Surge|[of] p2a: Pincurchin
|turn|1
|
|t:|1769396862
|switch|p2a: Iron Treads|Iron Treads|100/100
|-activate|p2a: Iron Treads|ability: Quark Drive
|-start|p2a: Iron Treads|quarkdriveatk
|move|p1a: Darkrai|Nasty Plot|p1a: Darkrai
|-boost|p1a: Darkrai|spa|2
|
|upkeep
|turn|2
|
|t:|1769396869
|move|p1a: Darkrai|Dark Pulse|p2a: Iron Treads
|-damage|p2a: Iron Treads|6/100
|-damage|p1a: Darkrai|91/100|[from] item: Life Orb
|cant|p2a: Iron Treads|flinch
|
|upkeep
|turn|3
|
|t:|1769396876
|move|p1a: Darkrai|Psyshock|p2a: Iron Treads
|-resisted|p2a: Iron Treads
|-damage|p2a: Iron Treads|0 fnt
|faint|p2a: Iron Treads
|-end|p2a: Iron Treads|Quark Drive|[silent]
|-damage|p1a: Darkrai|81/100|[from] item: Life Orb
|
|upkeep
|
|t:|1769396883
|switch|p2a: Iron Valiant|Iron Valiant|100/100
|-activate|p2a: Iron Valiant|ability: Quark Drive
|-start|p2a: Iron Valiant|quarkdrivespe
|turn|4
|
|t:|1769396897
|switch|p1a: Scizor|Scizor, M|100/100
|move|p2a: Iron Valiant|Close Combat|p1a: Scizor
|-crit|p1a: Scizor
|-damage|p1a: Scizor|0 fnt
|-unboost|p2a: Iron Valiant|def|1
|-unboost|p2a: Iron Valiant|spd|1
|faint|p1a: Scizor
|-damage|p2a: Iron Valiant|91/100|[from] item: Life Orb
|
|upkeep
|
|t:|1769396920
|switch|p1a: Porygon-Z|Porygon-Z|100/100
|turn|5
|
|t:|1769396924
|move|p2a: Iron Valiant|Knock Off|p1a: Porygon-Z
|-damage|p1a: Porygon-Z|42/100
|-enditem|p1a: Porygon-Z|Focus Sash|[from] move: Knock Off|[of] p2a: Iron Valiant
|-damage|p2a: Iron Valiant|81/100|[from] item: Life Orb
|move|p1a: Porygon-Z|Tri Attack|p2a: Iron Valiant
|-damage|p2a: Iron Valiant|0 fnt
|faint|p2a: Iron Valiant
|-end|p2a: Iron Valiant|Quark Drive|[silent]
|
|upkeep
|
|t:|1769396931
|switch|p2a: Cresselia|Cresselia, F|100/100
|-enditem|p2a: Cresselia|Electric Seed
|-boost|p2a: Cresselia|def|1|[from] item: Electric Seed
|turn|6
|
|t:|1769396936
|move|p1a: Porygon-Z|Tri Attack|p2a: Cresselia
|-damage|p2a: Cresselia|60/100
|-status|p2a: Cresselia|brn
|move|p2a: Cresselia|Calm Mind|p2a: Cresselia
|-boost|p2a: Cresselia|spa|1
|-boost|p2a: Cresselia|spd|1
|
|-damage|p2a: Cresselia|54/100 brn|[from] brn
|upkeep
|turn|7
|
|t:|1769396942
|move|p1a: Porygon-Z|Nasty Plot|p1a: Porygon-Z
|-boost|p1a: Porygon-Z|spa|2
|move|p2a: Cresselia|Moonlight|p2a: Cresselia
|-heal|p2a: Cresselia|100/100 brn
|
|-damage|p2a: Cresselia|94/100 brn|[from] brn
|upkeep
|turn|8
|
|t:|1769396951
|move|p1a: Porygon-Z|Tri Attack|p2a: Cresselia
|-damage|p2a: Cresselia|46/100 brn
|move|p2a: Cresselia|Stored Power|p1a: Porygon-Z
|-damage|p1a: Porygon-Z|0 fnt
|faint|p1a: Porygon-Z
|
|-damage|p2a: Cresselia|40/100 brn|[from] brn
|-fieldend|move: Electric Terrain
|upkeep
|
|t:|1769396974
|switch|p1a: Kyurem|Kyurem|100/100
|-ability|p1a: Kyurem|Pressure
|turn|9
|
|t:|1769396981
|move|p1a: Kyurem|Draco Meteor|p2a: Cresselia
|-damage|p2a: Cresselia|0 fnt
|-unboost|p1a: Kyurem|spa|2
|faint|p2a: Cresselia
|
|upkeep
|
|t:|1769396985
|switch|p2a: Pincurchin|Pincurchin, F|100/100
|-fieldstart|move: Electric Terrain|[from] ability: Electric Surge|[of] p2a: Pincurchin
|turn|10
|
|t:|1769396991
|switch|p1a: Dragapult|Dragapult, M|100/100
|move|p2a: Pincurchin|Spikes|p1a: Dragapult
|-sidestart|p1: Experiment7777448|Spikes
|
|upkeep
|turn|11
|
|t:|1769396994
|move|p1a: Dragapult|Dragon Dance|p1a: Dragapult
|-boost|p1a: Dragapult|atk|1
|-boost|p1a: Dragapult|spe|1
|move|p2a: Pincurchin|Spikes|p1a: Dragapult
|-sidestart|p1: Experiment7777448|Spikes
|
|upkeep
|turn|12
|
|t:|1769397005
|move|p1a: Dragapult|Dragon Dance|p1a: Dragapult
|-boost|p1a: Dragapult|atk|1
|-boost|p1a: Dragapult|spe|1
|move|p2a: Pincurchin|Memento|p1a: Dragapult
|-fail|p1a: Dragapult|unboost|[from] ability: Clear Body|[of] p1a: Dragapult
|faint|p2a: Pincurchin
|
|upkeep
|
|t:|1769397017
|switch|p2a: Iron Hands|Iron Hands|100/100
|-activate|p2a: Iron Hands|ability: Quark Drive
|-start|p2a: Iron Hands|quarkdriveatk
|turn|13
|
|t:|1769397023
|-terastallize|p2a: Iron Hands|Normal
|move|p1a: Dragapult|Dragon Darts|p2a: Iron Hands
|-damage|p2a: Iron Hands|69/100
|-anim|p1a: Dragapult|Dragon Darts|p2a: Iron Hands
|-damage|p2a: Iron Hands|37/100
|move|p2a: Iron Hands|Ice Punch|p1a: Dragapult
|-supereffective|p1a: Dragapult
|-damage|p1a: Dragapult|0 fnt
|faint|p1a: Dragapult
|
|upkeep
|
|t:|1769397046
|switch|p1a: Darkrai|Darkrai|81/100
|-damage|p1a: Darkrai|64/100|[from] Spikes
|turn|14
|
|t:|1769397052
|move|p1a: Darkrai|Dark Pulse|p2a: Iron Hands
|-damage|p2a: Iron Hands|0 fnt
|faint|p2a: Iron Hands
|-end|p2a: Iron Hands|Quark Drive|[silent]
|-damage|p1a: Darkrai|54/100|[from] item: Life Orb
|
|upkeep
|
|t:|1769397055
|switch|p2a: Zamazenta|Zamazenta|100/100
|-ability|p2a: Zamazenta|Dauntless Shield|boost
|-boost|p2a: Zamazenta|def|1
|turn|15
|
|t:|1769397061
|move|p2a: Zamazenta|Close Combat|p1a: Darkrai
|-supereffective|p1a: Darkrai
|-damage|p1a: Darkrai|0 fnt
|-unboost|p2a: Zamazenta|def|1
|-unboost|p2a: Zamazenta|spd|1
|faint|p1a: Darkrai
|
|upkeep
|
|t:|1769397065
|switch|p1a: Okidogi|Okidogi, M|100/100
|-damage|p1a: Okidogi|84/100|[from] Spikes
|turn|16
|
|t:|1769397069
|move|p2a: Zamazenta|Close Combat|p1a: Okidogi
|-resisted|p1a: Okidogi
|-damage|p1a: Okidogi|57/100
|-unboost|p2a: Zamazenta|def|1
|-unboost|p2a: Zamazenta|spd|1
|move|p1a: Okidogi|Close Combat|p2a: Zamazenta
|-damage|p2a: Zamazenta|0 fnt
|-unboost|p1a: Okidogi|def|1
|-unboost|p1a: Okidogi|spd|1
|faint|p2a: Zamazenta
|
|win|Experiment7777448
|raw|Experiment7777448's rating: 1522 &rarr; <strong>1546</strong><br />(+24 for winning)
|raw|liamsdad's rating: 1598 &rarr; <strong>1574</strong><br />(-24 for losing)
|l|‽liamsdad
|player|p2|
