|j|☆scarlet chains
|j|☆Yappyy
|t:|1769347104
|gametype|singles
|player|p1|scarlet chains|170|1423
|player|p2|Yappyy|170|1410
|gen|9
|tier|[Gen 9] OU
|rated|
|rule|HP Percentage Mod: HP is shown in percentages
|rule|Endless Battle Clause: Forcing endless battles is banned
|rule|Species Clause: Limit one of each Pokémon
|rule|OHKO Clause: OHKO moves are banned
|rule|Evasion Items Clause: Evasion items are banned
|rule|Evasion Moves Clause: Evasion moves are banned
|rule|Evasion Abilities Clause: Evasion abilities are banned
|rule|Sleep Moves Clause: Sleep-inducing moves are banned
|clearpoke
|poke|p1|Rillaboom, F|
|poke|p1|Salamence, F|
|poke|p1|Glimmora, F|
|poke|p1|Alomomola, M|
|poke|p1|Iron Crown|
|poke|p1|Lycanroc-Dusk, M|
|poke|p2|Dragapult, M|
|poke|p2|Alomomola, F|
|poke|p2|Ogerpon-Wellspring, F|
|poke|p2|Kingambit, F|
|poke|p2|Great Tusk|
|poke|p2|Gholdengo|
|teampreview
|inactive|Battle timer is ON: inactive players will automatically lose when time's up. (requested by Yappyy)
|
|t:|1769347120
|teamsize|p1|6
|teamsize|p2|6
|start
|switch|p1a: Rillaboom|Rillaboom, F|100/100
|switch|p2a: Great Tusk|Great Tusk|100/100
|-fieldstart|move: Grassy Terrain|[from] ability: Grassy Surge|[of] p1a: Rillaboom
|turn|1
|
|t:|1769347132
|-end|p2a: Great Tusk|Protosynthesis|[silent]
|switch|p2a: Kingambit|Kingambit, F|100/100
|-terastallize|p1a: Rillaboom|Grass
|move|p1a: Rillaboom|Wood Hammer|p2a: Kingambit
|-resisted|p2a: Kingambit
|-damage|p2a: Kingambit|39/100
|-damage|p1a: Rillaboom|77/100|[from] Recoil
|
|-heal|p1a: Rillaboom|83/100|[from] Grassy Terrain
|-heal|p2a: Kingambit|46/100|[from] Grassy Terrain
|-heal|p2a: Kingambit|52/100|[from] item: Leftovers
|upkeep
|turn|2
|
|t:|1769347152
|-end|p2a: Kingambit|fallenundefined|[silent]
|switch|p2a: Dragapult|Dragapult, M|100/100
|move|p1a: Rillaboom|Wood Hammer|p2a: Dragapult
|-resisted|p2a: Dragapult
|-damage|p2a: Dragapult|9/100
|-damage|p1a: Rillaboom|49/100|[from] Recoil
|
|-heal|p2a: Dragapult|16/100|[from] Grassy Terrain
|-heal|p1a: Rillaboom|56/100|[from] Grassy Terrain
|upkeep
|turn|3
|
|t:|1769347159
|switch|p1a: Alomomola|Alomomola, M|100/100
|move|p2a: Dragapult|Will-O-Wisp|p1a: Alomomola
|-status|p1a: Alomomola|brn
|
|-heal|p2a: Dragapult|22/100|[from] Grassy Terrain
|-damage|p1a: Alomomola|94/100 brn|[from] brn
|upkeep
|turn|4
|
|t:|1769347164
|move|p2a: Dragapult|U-turn|p1a: Alomomola
|-damage|p1a: Alomomola|81/100 brn
|
|t:|1769347166
|switch|p2a: Vera|Ogerpon-Wellspring, F|100/100|[from] U-turn
|move|p1a: Alomomola|Flip Turn|p2a: Vera
|-immune|p2a: Vera|[from] ability: Water Absorb
|
|-heal|p1a: Alomomola|87/100 brn|[from] Grassy Terrain
|-damage|p1a: Alomomola|81/100 brn|[from] brn
|upkeep
|turn|5
|
|t:|1769347176
|switch|p1a: Salamence|Salamence, F|100/100
|move|p2a: Vera|Swords Dance|p2a: Vera
|-boost|p2a: Vera|atk|2
|
|-fieldend|move: Grassy Terrain
|upkeep
|turn|6
|
|t:|1769347182
|move|p2a: Vera|Play Rough|p1a: Salamence
|-supereffective|p1a: Salamence
|-damage|p1a: Salamence|0 fnt
|faint|p1a: Salamence
|
|upkeep
|
|t:|1769347185
|switch|p1a: Lycanroc|Lycanroc-Dusk, M|100/100
|turn|7
|
|t:|1769347192
|move|p2a: Vera|Horn Leech|p1a: Lycanroc
|-supereffective|p1a: Lycanroc
|-enditem|p1a: Lycanroc|Focus Sash
|-damage|p1a: Lycanroc|1/100
|move|p1a: Lycanroc|Swords Dance|p1a: Lycanroc
|-boost|p1a: Lycanroc|atk|2
|
|upkeep
|turn|8
|
|t:|1769347202
|switch|p2a: Aloe|Alomomola, F|100/100
|move|p1a: Lycanroc|Close Combat|p2a: Aloe
|-crit|p2a: Aloe
|-damage|p2a: Aloe|18/100
|-unboost|p1a: Lycanroc|def|1
|-unboost|p1a: Lycanroc|spd|1
|
|upkeep
|turn|9
|
|t:|1769347208
|move|p2a: Aloe|Protect|p2a: Aloe
|-singleturn|p2a: Aloe|Protect
|move|p1a: Lycanroc|Stone Edge|p2a: Aloe
|-activate|p2a: Aloe|move: Protect
|
|upkeep
|turn|10
|
|t:|1769347212
|switch|p2a: Great Tusk|Great Tusk|100/100
|move|p1a: Lycanroc|Stone Edge|p2a: Great Tusk
|-resisted|p2a: Great Tusk
|-crit|p2a: Great Tusk
|-damage|p2a: Great Tusk|75/100
|
|upkeep
|turn|11
|
|t:|1769347217
|move|p1a: Lycanroc|Close Combat|p2a: Great Tusk
|-damage|p2a: Great Tusk|7/100
|-unboost|p1a: Lycanroc|def|1
|-unboost|p1a: Lycanroc|spd|1
|move|p2a: Great Tusk|Rapid Spin|p1a: Lycanroc
|-resisted|p1a: Lycanroc
|-damage|p1a: Lycanroc|0 fnt
|-boost|p2a: Great Tusk|spe|1
|faint|p1a: Lycanroc
|
|upkeep
|
|t:|1769347230
|switch|p1a: Rillaboom|Rillaboom, F, tera:Grass|56/100
|-fieldstart|move: Grassy Terrain|[from] ability: Grassy Surge|[of] p1a: Rillaboom
|turn|12
|
|t:|1769347234
|move|p1a: Rillaboom|Grassy Glide|p2a: Great Tusk
|-supereffective|p2a: Great Tusk
|-damage|p2a: Great Tusk|0 fnt
|faint|p2a: Great Tusk
|-end|p2a: Great Tusk|Protosynthesis|[silent]
|
|-heal|p1a: Rillaboom|62/100|[from] Grassy Terrain
|upkeep
|
|t:|1769347240
|switch|p2a: Gholdengo|Gholdengo|100/100
|-item|p2a: Gholdengo|Air Balloon
|turn|13
|
|t:|1769347250
|switch|p1a: Alomomola|Alomomola, M|100/100 brn
|move|p2a: Gholdengo|Shadow Ball|p1a: Alomomola
|-damage|p1a: Alomomola|78/100 brn
|
|-heal|p1a: Alomomola|85/100 brn|[from] Grassy Terrain
|-damage|p1a: Alomomola|78/100 brn|[from] brn
|upkeep
|turn|14
|
|t:|1769347268
|switch|p2a: Aloe|Alomomola, F|51/100
|switch|p1a: Rillaboom|Rillaboom, F, tera:Grass|62/100
|
|-heal|p1a: Rillaboom|68/100|[from] Grassy Terrain
|-heal|p2a: Aloe|58/100|[from] Grassy Terrain
|upkeep
|turn|15
|
|t:|1769347271
|move|p2a: Aloe|Protect|p2a: Aloe
|-singleturn|p2a: Aloe|Protect
|move|p1a: Rillaboom|Wood Hammer|p2a: Aloe
|-activate|p2a: Aloe|move: Protect
|
|-heal|p1a: Rillaboom|74/100|[from] Grassy Terrain
|-heal|p2a: Aloe|64/100|[from] Grassy Terrain
|upkeep
|turn|16
|
|t:|1769347279
|move|p1a: Rillaboom|Wood Hammer|p2a: Aloe
|-supereffective|p2a: Aloe
|-damage|p2a: Aloe|0 fnt
|faint|p2a: Aloe
|-damage|p1a: Rillaboom|42/100|[from] Recoil
|
|-heal|p1a: Rillaboom|48/100|[from] Grassy Terrain
|-fieldend|move: Grassy Terrain
|upkeep
|
|t:|1769347292
|switch|p2a: Kingambit|Kingambit, F|52/100
|-activate|p2a: Kingambit|ability: Supreme Overlord
|-start|p2a: Kingambit|fallen2|[silent]
|turn|17
|
|t:|1769347300
|move|p1a: Rillaboom|Wood Hammer|p2a: Kingambit
|-resisted|p2a: Kingambit
|-damage|p2a: Kingambit|2/100
|-damage|p1a: Rillaboom|28/100|[from] Recoil
|move|p2a: Kingambit|Swords Dance|p2a: Kingambit
|-boost|p2a: Kingambit|atk|2
|
|-heal|p2a: Kingambit|8/100|[from] item: Leftovers
|upkeep
|turn|18
|
|t:|1769347306
|switch|p1a: Alomomola|Alomomola, M|100/100 brn
|move|p2a: Kingambit|Sucker Punch||[still]
|-fail|p2a: Kingambit
|
|-heal|p2a: Kingambit|14/100|[from] item: Leftovers
|-damage|p1a: Alomomola|94/100 brn|[from] brn
|upkeep
|turn|19
|
|t:|1769347312
|move|p2a: Kingambit|Kowtow Cleave|p1a: Alomomola
|-damage|p1a: Alomomola|0 fnt
|faint|p1a: Alomomola
|
|-heal|p2a: Kingambit|20/100|[from] item: Leftovers
|upkeep
|
|t:|1769347317
|switch|p1a: Rillaboom|Rillaboom, F, tera:Grass|28/100
|-fieldstart|move: Grassy Terrain|[from] ability: Grassy Surge|[of] p1a: Rillaboom
|turn|20
|
|t:|1769347320
|move|p1a: Rillaboom|Grassy Glide|p2a: Kingambit
|-resisted|p2a: Kingambit
|-damage|p2a: Kingambit|0 fnt
|faint|p2a: Kingambit
|-end|p2a: Kingambit|fallen2|[silent]
|
|-heal|p1a: Rillaboom|34/100|[from] Grassy Terrain
|upkeep
|
|t:|1769347323
|switch|p2a: Gholdengo|Gholdengo|100/100
|-item|p2a: Gholdengo|Air Balloon
|turn|21
|
|t:|1769347347
|switch|p1a: Glimmora|Glimmora, F|100/100
|move|p2a: Gholdengo|Shadow Ball|p1a: Glimmora
|-damage|p1a: Glimmora|40/100
|
|-heal|p1a: Glimmora|46/100|[from] Grassy Terrain
|upkeep
|turn|22
|
|t:|1769347351
|move|p1a: Glimmora|Meteor Beam||[still]
|-prepare|p1a: Glimmora|Meteor Beam
|-boost|p1a: Glimmora|spa|1
|-enditem|p1a: Glimmora|Power Herb
|-anim|p1a: Glimmora|Meteor Beam|p2a: Gholdengo
|-resisted|p2a: Gholdengo
|-damage|p2a: Gholdengo|49/100
|-enditem|p2a: Gholdengo|Air Balloon
|move|p2a: Gholdengo|Shadow Ball|p1a: Glimmora
|-damage|p1a: Glimmora|0 fnt
|faint|p1a: Glimmora
|
|-heal|p2a: Gholdengo|55/100|[from] Grassy Terrain
|upkeep
|inactive|scarlet chains has 120 seconds left.
|
|t:|1769347391
|switch|p1a: Rillaboom|Rillaboom, F, tera:Grass|34/100
|turn|23
|
|t:|1769347399
|move|p1a: Rillaboom|Wood Hammer|p2a: Gholdengo
|-resisted|p2a: Gholdengo
|-damage|p2a: Gholdengo|0 fnt
|faint|p2a: Gholdengo
|-damage|p1a: Rillaboom|14/100|[from] Recoil
|
|-heal|p1a: Rillaboom|20/100|[from] Grassy Terrain
|upkeep
|
|t:|1769347405
|switch|p2a: Dragapult|Dragapult, M|22/100
|turn|24
|
|t:|1769347409
|move|p2a: Dragapult|Thunder Wave|p1a: Rillaboom
|-status|p1a: Rillaboom|par
|cant|p1a: Rillaboom|par
|
|-heal|p2a: Dragapult|28/100|[from] Grassy Terrain
|-heal|p1a: Rillaboom|27/100 par|[from] Grassy Terrain
|-fieldend|move: Grassy Terrain
|upkeep
|turn|25
|
|t:|1769347412
|move|p2a: Dragapult|Hex|p1a: Rillaboom
|-damage|p1a: Rillaboom|0 fnt
|faint|p1a: Rillaboom
|
|upkeep
|
|t:|1769347414
|switch|p1a: Iron Crown|Iron Crown|100/100
|-enditem|p1a: Iron Crown|Booster Energy
|-activate|p1a: Iron Crown|ability: Quark Drive|[fromitem]
|-start|p1a: Iron Crown|quarkdrivespe
|turn|26
|
|t:|1769347424
|move|p1a: Iron Crown|Calm Mind|p1a: Iron Crown
|-boost|p1a: Iron Crown|spa|1
|-boost|p1a: Iron Crown|spd|1
|move|p2a: Dragapult|Thunder Wave|p1a: Iron Crown
|-status|p1a: Iron Crown|par
|
|upkeep
|turn|27
|
|t:|1769347432
|move|p2a: Dragapult|Hex|p1a: Iron Crown
|-supereffective|p1a: Iron Crown
|-damage|p1a: Iron Crown|36/100 par
|move|p1a: Iron Crown|Stored Power|p2a: Dragapult
|-damage|p2a: Dragapult|0 fnt
|faint|p2a: Dragapult
|
|upkeep
|
|t:|1769347436
|switch|p2a: Vera|Ogerpon-Wellspring, F|100/100
|turn|28
|
|t:|1769347439
|-terastallize|p2a: Vera|Water
|detailschange|p2a: Vera|Ogerpon-Wellspring-Tera, F, tera:Water
|-ability|p2a: Vera|Embody Aspect (Wellspring)|boost
|-boost|p2a: Vera|spd|1
|move|p2a: Vera|Ivy Cudgel|p1a: Iron Crown|[anim] Ivy Cudgel Water
|-damage|p1a: Iron Crown|0 fnt
|faint|p1a: Iron Crown
|-end|p1a: Iron Crown|Quark Drive|[silent]
|
|win|Yappyy
|raw|scarlet chains's rating: 1423 &rarr; <strong>1402</strong><br />(-21 for losing)
|raw|Yappyy's rating: 1410 &rarr; <strong>1431</strong><br />(+21 for winning)
|l|☆scarlet chains
|player|p1|
|l|☆Yappyy
|player|p2|
