|j|☆duolaunch
|j|☆besudo
|t:|1769298664
|gametype|singles
|player|p1|duolaunch|lucas|1668
|player|p2|besudo|dancer|1683
|gen|9
|tier|[Gen 9] OU
|rated|
|rule|HP Percentage Mod: HP is shown in percentages
|rule|Endless Battle Clause: Forcing endless battles is banned
|rule|Species Clause: Limit one of each Pokémon
|rule|OHKO Clause: OHKO moves are banned
|rule|Evasion Items Clause: Evasion items are banned
|rule|Evasion Moves Clause: Evasion moves are banned
|rule|Evasion Abilities Clause: Evasion abilities are banned
|rule|Sleep Moves Clause: Sleep-inducing moves are banned
|clearpoke
|poke|p1|Reuniclus, F|
|poke|p1|Kyurem|
|poke|p1|Kingambit, M|
|poke|p1|Zamazenta-*|
|poke|p1|Samurott-Hisui, M|
|poke|p1|Glimmora, M|
|poke|p2|Regidrago|
|poke|p2|Hatterene, F|
|poke|p2|Corviknight, F|
|poke|p2|Okidogi, M|
|poke|p2|Ting-Lu|
|poke|p2|Ceruledge, F|
|teampreview
|inactive|Battle timer is ON: inactive players will automatically lose when time's up. (requested by duolaunch)
|c|☆duolaunch|cool team
|
|t:|1769298684
|teamsize|p1|6
|teamsize|p2|6
|start
|switch|p1a: Reuniclus|Reuniclus, F|100/100
|switch|p2a: Okidogi|Okidogi, M|100/100
|turn|1
|
|t:|1769298689
|switch|p2a: Ting-Lu|Ting-Lu, shiny|100/100
|-ability|p2a: Ting-Lu|Vessel of Ruin
|move|p1a: Reuniclus|Psychic Noise|p2a: Ting-Lu
|-immune|p2a: Ting-Lu
|
|upkeep
|turn|2
|
|t:|1769298693
|switch|p1a: Samurott|Samurott-Hisui, M|100/100
|move|p2a: Ting-Lu|Stealth Rock|p1a: Samurott
|-sidestart|p1: duolaunch|move: Stealth Rock
|
|upkeep
|turn|3
|
|t:|1769298698
|switch|p2a: Okidogi|Okidogi, M|100/100
|move|p1a: Samurott|Encore||[still]
|-fail|p1a: Samurott
|
|upkeep
|turn|4
|
|t:|1769298704
|switch|p1a: Glimmora|Glimmora, M|100/100
|-damage|p1a: Glimmora|88/100|[from] Stealth Rock
|move|p2a: Okidogi|Drain Punch|p1a: Glimmora
|-damage|p1a: Glimmora|52/100
|-activate|p1a: Glimmora|ability: Toxic Debris
|-sidestart|p2: besudo|move: Toxic Spikes
|
|upkeep
|turn|5
|
|t:|1769298718
|switch|p2a: Corviknight|Corviknight, F, shiny|100/100
|-ability|p2a: Corviknight|Pressure
|move|p1a: Glimmora|Meteor Beam||[still]
|-prepare|p1a: Glimmora|Meteor Beam
|-boost|p1a: Glimmora|spa|1
|-enditem|p1a: Glimmora|Power Herb
|-anim|p1a: Glimmora|Meteor Beam|p2a: Corviknight
|-damage|p2a: Corviknight|13/100
|
|-heal|p2a: Corviknight|19/100|[from] item: Leftovers
|upkeep
|turn|6
|
|t:|1769298729
|switch|p2a: Ting-Lu|Ting-Lu, shiny|100/100
|-status|p2a: Ting-Lu|psn
|-ability|p2a: Ting-Lu|Vessel of Ruin
|move|p1a: Glimmora|Meteor Beam||[still]
|-prepare|p1a: Glimmora|Meteor Beam
|-boost|p1a: Glimmora|spa|1
|
|-damage|p2a: Ting-Lu|88/100 psn|[from] psn
|upkeep
|turn|7
|
|t:|1769298732
|move|p1a: Glimmora|Meteor Beam|p2a: Ting-Lu|[from] lockedmove
|-resisted|p2a: Ting-Lu
|-damage|p2a: Ting-Lu|60/100 psn
|move|p2a: Ting-Lu|Earthquake|p1a: Glimmora
|-supereffective|p1a: Glimmora
|-damage|p1a: Glimmora|0 fnt
|-activate|p1a: Glimmora|ability: Toxic Debris
|-sidestart|p2: besudo|move: Toxic Spikes
|faint|p1a: Glimmora
|
|-heal|p2a: Ting-Lu|67/100 psn|[from] item: Leftovers
|-damage|p2a: Ting-Lu|54/100 psn|[from] psn
|upkeep
|
|t:|1769298735
|switch|p1a: Samurott|Samurott-Hisui, M|100/100
|turn|8
|
|t:|1769298738
|switch|p2a: Okidogi|Okidogi, M|100/100
|-sideend|p2: besudo|move: Toxic Spikes|[of] p2a: Okidogi
|move|p1a: Samurott|Ceaseless Edge|p2a: Okidogi
|-resisted|p2a: Okidogi
|-damage|p2a: Okidogi|87/100
|-sidestart|p2: besudo|Spikes
|
|-heal|p2a: Okidogi|93/100|[from] item: Leftovers
|upkeep
|turn|9
|
|t:|1769298747
|move|p1a: Samurott|Knock Off|p2a: Okidogi
|-resisted|p2a: Okidogi
|-damage|p2a: Okidogi|79/100
|-enditem|p2a: Okidogi|Leftovers|[from] move: Knock Off|[of] p1a: Samurott
|move|p2a: Okidogi|Drain Punch|p1a: Samurott
|-supereffective|p1a: Samurott
|-damage|p1a: Samurott|20/100
|-heal|p2a: Okidogi|100/100|[from] drain|[of] p1a: Samurott
|
|upkeep
|turn|10
|
|t:|1769298749
|move|p1a: Samurott|Encore|p2a: Okidogi
|-start|p2a: Okidogi|Encore
|move|p2a: Okidogi|Drain Punch|p1a: Samurott
|-supereffective|p1a: Samurott
|-damage|p1a: Samurott|0 fnt
|faint|p1a: Samurott
|
|upkeep
|
|t:|1769298751
|switch|p1a: Reuniclus|Reuniclus, F|100/100
|turn|11
|
|t:|1769298756
|switch|p2a: Corviknight|Corviknight, F, shiny|19/100
|-ability|p2a: Corviknight|Pressure
|move|p1a: Reuniclus|Knock Off|p2a: Corviknight
|-damage|p2a: Corviknight|7/100
|-enditem|p2a: Corviknight|Leftovers|[from] move: Knock Off|[of] p1a: Reuniclus
|
|upkeep
|turn|12
|
|t:|1769298758
|move|p2a: Corviknight|Defog|p1a: Reuniclus
|-unboost|p1a: Reuniclus|evasion|1
|-sideend|p1: duolaunch|Stealth Rock|[from] move: Defog|[of] p2a: Corviknight
|-sideend|p2: besudo|Spikes|[from] move: Defog|[of] p2a: Corviknight
|move|p1a: Reuniclus|Psychic Noise|p2a: Corviknight
|-resisted|p2a: Corviknight
|-damage|p2a: Corviknight|0 fnt
|faint|p2a: Corviknight
|
|upkeep
|
|t:|1769298763
|switch|p2a: Ceruledge|Ceruledge, F|100/100
|turn|13
|
|t:|1769298768
|move|p2a: Ceruledge|Poltergeist|p1a: Reuniclus
|-activate|p1a: Reuniclus|move: Poltergeist|Life Orb
|-supereffective|p1a: Reuniclus
|-damage|p1a: Reuniclus|0 fnt
|faint|p1a: Reuniclus
|-damage|p2a: Ceruledge|91/100|[from] item: Life Orb
|
|upkeep
|
|t:|1769298773
|switch|p1a: Kyurem|Kyurem|100/100
|-ability|p1a: Kyurem|Pressure
|turn|14
|
|t:|1769298779
|switch|p2a: Hatterene|Hatterene, F, shiny|100/100
|move|p1a: Kyurem|Dragon Dance|p1a: Kyurem
|-boost|p1a: Kyurem|atk|1
|-boost|p1a: Kyurem|spe|1
|
|upkeep
|turn|15
|
|t:|1769298784
|-terastallize|p1a: Kyurem|Fire
|move|p1a: Kyurem|Icicle Spear|p2a: Hatterene
|-damage|p2a: Hatterene|82/100
|-damage|p2a: Hatterene|63/100
|-damage|p2a: Hatterene|45/100
|-damage|p2a: Hatterene|26/100
|-damage|p2a: Hatterene|8/100
|-hitcount|p2a: Hatterene|5
|move|p2a: Hatterene|Dazzling Gleam|p1a: Kyurem
|-resisted|p1a: Kyurem
|-damage|p1a: Kyurem|84/100
|
|upkeep
|turn|16
|-enditem|p2a: Hatterene|Custap Berry|[eat]
|-activate|p2a: Hatterene|item: Custap Berry|[consumed]
|
|t:|1769298789
|move|p2a: Hatterene|Healing Wish|p2a: Hatterene
|faint|p2a: Hatterene
|move|p1a: Kyurem|Icicle Spear|p2: Hatterene|[notarget]
|-fail|p1a: Kyurem
|
|upkeep
|
|t:|1769298797
|switch|p2a: Okidogi|Okidogi, M|100/100
|turn|17
|
|t:|1769298803
|move|p1a: Kyurem|Icicle Spear|p2a: Okidogi
|-damage|p2a: Okidogi|89/100
|-damage|p2a: Okidogi|77/100
|-damage|p2a: Okidogi|64/100
|-damage|p2a: Okidogi|51/100
|-hitcount|p2a: Okidogi|4
|move|p2a: Okidogi|Counter|p1a: Kyurem
|-damage|p1a: Kyurem|59/100
|
|upkeep
|turn|18
|
|t:|1769298820
|move|p1a: Kyurem|Dragon Dance|p1a: Kyurem
|-boost|p1a: Kyurem|atk|1
|-boost|p1a: Kyurem|spe|1
|move|p2a: Okidogi|Drain Punch|p1a: Kyurem
|-damage|p1a: Kyurem|31/100
|-heal|p2a: Okidogi|66/100|[from] drain|[of] p1a: Kyurem
|
|upkeep
|turn|19
|
|t:|1769298829
|-terastallize|p2a: Okidogi|Water
|move|p1a: Kyurem|Icicle Spear|p2a: Okidogi
|-resisted|p2a: Okidogi
|-damage|p2a: Okidogi|58/100
|-resisted|p2a: Okidogi
|-damage|p2a: Okidogi|51/100
|-resisted|p2a: Okidogi
|-damage|p2a: Okidogi|43/100
|-resisted|p2a: Okidogi
|-damage|p2a: Okidogi|35/100
|-resisted|p2a: Okidogi
|-damage|p2a: Okidogi|26/100
|-hitcount|p2a: Okidogi|5
|move|p2a: Okidogi|Poison Jab|p1a: Kyurem
|-damage|p1a: Kyurem|0 fnt
|faint|p1a: Kyurem
|
|upkeep
|
|t:|1769298835
|switch|p1a: Zamazenta|Zamazenta|100/100
|-ability|p1a: Zamazenta|Dauntless Shield|boost
|-boost|p1a: Zamazenta|def|1
|turn|20
|
|t:|1769298846
|move|p1a: Zamazenta|Iron Defense|p1a: Zamazenta
|-boost|p1a: Zamazenta|def|2
|move|p2a: Okidogi|Poison Jab|p1a: Zamazenta
|-damage|p1a: Zamazenta|91/100
|
|-heal|p1a: Zamazenta|97/100|[from] item: Leftovers
|upkeep
|turn|21
|
|t:|1769298856
|move|p1a: Zamazenta|Body Press|p2a: Okidogi
|-damage|p2a: Okidogi|0 fnt
|faint|p2a: Okidogi
|
|-heal|p1a: Zamazenta|100/100|[from] item: Leftovers
|upkeep
|
|t:|1769298857
|switch|p2a: Regidrago|Regidrago|100/100
|turn|22
|
|t:|1769298860
|move|p2a: Regidrago|Dragon Energy|p1a: Zamazenta
|-damage|p1a: Zamazenta|19/100
|move|p1a: Zamazenta|Body Press|p2a: Regidrago
|-damage|p2a: Regidrago|15/100
|
|-heal|p1a: Zamazenta|25/100|[from] item: Leftovers
|upkeep
|turn|23
|
|t:|1769298864
|switch|p1a: Kingambit|Kingambit, M|100/100
|-activate|p1a: Kingambit|ability: Supreme Overlord
|-start|p1a: Kingambit|fallen4|[silent]
|move|p2a: Regidrago|Dragon Energy|p1a: Kingambit
|-resisted|p1a: Kingambit
|-damage|p1a: Kingambit|92/100
|
|upkeep
|turn|24
|
|t:|1769298868
|switch|p2a: Ting-Lu|Ting-Lu, shiny|54/100 psn
|-heal|p2a: Ting-Lu|100/100|[from] move: Healing Wish
|-ability|p2a: Ting-Lu|Vessel of Ruin
|move|p1a: Kingambit|Kowtow Cleave|p2a: Ting-Lu
|-resisted|p2a: Ting-Lu
|-damage|p2a: Ting-Lu|77/100
|
|-heal|p2a: Ting-Lu|84/100|[from] item: Leftovers
|upkeep
|turn|25
|
|t:|1769298874
|move|p1a: Kingambit|Swords Dance|p1a: Kingambit
|-boost|p1a: Kingambit|atk|2
|move|p2a: Ting-Lu|Earthquake|p1a: Kingambit
|-supereffective|p1a: Kingambit
|-damage|p1a: Kingambit|28/100
|
|-heal|p2a: Ting-Lu|90/100|[from] item: Leftovers
|upkeep
|turn|26
|
|t:|1769298879
|move|p1a: Kingambit|Iron Head|p2a: Ting-Lu
|-damage|p2a: Ting-Lu|19/100
|move|p2a: Ting-Lu|Earthquake|p1a: Kingambit
|-supereffective|p1a: Kingambit
|-damage|p1a: Kingambit|0 fnt
|faint|p1a: Kingambit
|-end|p1a: Kingambit|fallen4|[silent]
|
|-heal|p2a: Ting-Lu|25/100|[from] item: Leftovers
|upkeep
|
|t:|1769298882
|switch|p1a: Zamazenta|Zamazenta|25/100
|turn|27
|
|t:|1769298884
|move|p1a: Zamazenta|Iron Defense|p1a: Zamazenta
|-boost|p1a: Zamazenta|def|2
|move|p2a: Ting-Lu|Earthquake|p1a: Zamazenta
|-damage|p1a: Zamazenta|11/100
|
|-heal|p1a: Zamazenta|18/100|[from] item: Leftovers
|-heal|p2a: Ting-Lu|31/100|[from] item: Leftovers
|upkeep
|turn|28
|
|t:|1769298887
|move|p1a: Zamazenta|Body Press|p2a: Ting-Lu
|-supereffective|p2a: Ting-Lu
|-damage|p2a: Ting-Lu|0 fnt
|faint|p2a: Ting-Lu
|
|-heal|p1a: Zamazenta|24/100|[from] item: Leftovers
|upkeep
|
|t:|1769298888
|switch|p2a: Regidrago|Regidrago|15/100
|turn|29
|
|t:|1769298890
|move|p2a: Regidrago|Dragon Pulse|p1a: Zamazenta
|-damage|p1a: Zamazenta|0 fnt
|faint|p1a: Zamazenta
|
|win|besudo
|raw|duolaunch's rating: 1668 &rarr; <strong>1649</strong><br />(-19 for losing)
|raw|besudo's rating: 1683 &rarr; <strong>1702</strong><br />(+19 for winning)
|l|☆duolaunch
|player|p1|
|l|☆besudo
|player|p2|
