|j|☆ballswangler
|j|☆Pyrax69
|t:|1769409794
|gametype|singles
|player|p1|ballswangler|2|1559
|player|p2|Pyrax69|102|1560
|gen|9
|tier|[Gen 9] OU
|rated|
|rule|HP Percentage Mod: HP is shown in percentages
|rule|Endless Battle Clause: Forcing endless battles is banned
|rule|Species Clause: Limit one of each Pokémon
|rule|OHKO Clause: OHKO moves are banned
|rule|Evasion Items Clause: Evasion items are banned
|rule|Evasion Moves Clause: Evasion moves are banned
|rule|Evasion Abilities Clause: Evasion abilities are banned
|rule|Sleep Moves Clause: Sleep-inducing moves are banned
|clearpoke
|poke|p1|Ursaluna, F|
|poke|p1|Pecharunt|
|poke|p1|Rillaboom, M|
|poke|p1|Heatran, F|
|poke|p1|Samurott-Hisui, F|
|poke|p1|Hatterene, F|
|poke|p2|Raging Bolt|
|poke|p2|Great Tusk|
|poke|p2|Darkrai|
|poke|p2|Iron Crown|
|poke|p2|Volcanion|
|poke|p2|Iron Valiant|
|teampreview
|
|t:|1769409803
|teamsize|p1|6
|teamsize|p2|6
|start
|switch|p1a: Pecharunt|Pecharunt|100/100
|switch|p2a: Great Tusk|Great Tusk|100/100
|turn|1
|
|t:|1769409809
|switch|p1a: Rillaboom|Rillaboom, M|100/100
|-fieldstart|move: Grassy Terrain|[from] ability: Grassy Surge|[of] p1a: Rillaboom
|move|p2a: Great Tusk|Stealth Rock|p1a: Rillaboom
|-sidestart|p1: ballswangler|move: Stealth Rock
|
|upkeep
|turn|2
|inactive|Battle timer is ON: inactive players will automatically lose when time's up. (requested by Pyrax69)
|
|t:|1769409816
|switch|p1a: Hatterene|Hatterene, F|100/100
|-damage|p1a: Hatterene|88/100|[from] Stealth Rock
|-enditem|p1a: Hatterene|Grassy Seed
|-boost|p1a: Hatterene|def|1|[from] item: Grassy Seed
|move|p2a: Great Tusk|Ice Spinner|p1a: Hatterene
|-damage|p1a: Hatterene|72/100
|-fieldend|move: Grassy Terrain
|
|upkeep
|turn|3
|
|t:|1769409826
|move|p2a: Great Tusk|Headlong Rush|p1a: Hatterene
|-damage|p1a: Hatterene|39/100
|-unboost|p2a: Great Tusk|def|1
|-unboost|p2a: Great Tusk|spd|1
|move|p1a: Hatterene|Mystical Fire|p2a: Great Tusk
|-damage|p2a: Great Tusk|48/100
|-unboost|p2a: Great Tusk|spa|1
|
|upkeep
|turn|4
|
|t:|1769409836
|-end|p2a: Great Tusk|Protosynthesis|[silent]
|switch|p2a: Darkrai|Darkrai|100/100
|move|p1a: Hatterene|Mystical Fire|p2a: Darkrai
|-damage|p2a: Darkrai|72/100
|-unboost|p2a: Darkrai|spa|1
|
|upkeep
|turn|5
|
|t:|1769409844
|switch|p1a: Heatran|Heatran, F|100/100
|-damage|p1a: Heatran|88/100|[from] Stealth Rock
|move|p2a: Darkrai|Sludge Bomb|p1a: Heatran
|-immune|p1a: Heatran
|
|-heal|p1a: Heatran|94/100|[from] item: Leftovers
|upkeep
|turn|6
|
|t:|1769409854
|switch|p2a: Great Tusk|Great Tusk|48/100
|move|p1a: Heatran|Stealth Rock|p2a: Great Tusk
|-sidestart|p2: Pyrax69|move: Stealth Rock
|
|-heal|p1a: Heatran|100/100|[from] item: Leftovers
|upkeep
|turn|7
|
|t:|1769409862
|switch|p1a: Pecharunt|Pecharunt|100/100
|move|p2a: Great Tusk|Rapid Spin|p1a: Pecharunt
|-immune|p1a: Pecharunt
|
|upkeep
|turn|8
|
|t:|1769409870
|move|p2a: Great Tusk|Headlong Rush|p1a: Pecharunt
|-supereffective|p1a: Pecharunt
|-damage|p1a: Pecharunt|31/100
|-unboost|p2a: Great Tusk|def|1
|-unboost|p2a: Great Tusk|spd|1
|move|p1a: Pecharunt|Shadow Ball|p2a: Great Tusk
|-damage|p2a: Great Tusk|0 fnt
|faint|p2a: Great Tusk
|-end|p2a: Great Tusk|Protosynthesis|[silent]
|
|upkeep
|
|t:|1769409880
|switch|p2a: Darkrai|Darkrai|72/100
|turn|9
|
|t:|1769409887
|switch|p1a: Hatterene|Hatterene, F|39/100
|-damage|p1a: Hatterene|27/100|[from] Stealth Rock
|move|p2a: Darkrai|Dark Pulse|p1a: Hatterene
|-damage|p1a: Hatterene|0 fnt
|faint|p1a: Hatterene
|
|upkeep
|
|t:|1769409890
|switch|p1a: Rillaboom|Rillaboom, M|100/100
|-fieldstart|move: Grassy Terrain|[from] ability: Grassy Surge|[of] p1a: Rillaboom
|turn|10
|
|t:|1769409901
|move|p2a: Darkrai|Sludge Bomb|p1a: Rillaboom
|-supereffective|p1a: Rillaboom
|-damage|p1a: Rillaboom|23/100
|move|p1a: Rillaboom|U-turn|p2a: Darkrai
|-supereffective|p2a: Darkrai
|-damage|p2a: Darkrai|0 fnt
|faint|p2a: Darkrai
|
|t:|1769409904
|switch|p1a: Ursaluna|Ursaluna, F|100/100|[from] U-turn
|-damage|p1a: Ursaluna|94/100|[from] Stealth Rock
|
|-heal|p1a: Ursaluna|100/100|[from] Grassy Terrain
|-status|p1a: Ursaluna|brn|[from] item: Flame Orb
|upkeep
|
|t:|1769409915
|switch|p2a: Volcanion|Volcanion|100/100
|-damage|p2a: Volcanion|76/100|[from] Stealth Rock
|turn|11
|
|t:|1769409926
|-terastallize|p1a: Ursaluna|Fairy
|move|p2a: Volcanion|Steam Eruption|p1a: Ursaluna|[miss]
|-miss|p2a: Volcanion|p1a: Ursaluna
|move|p1a: Ursaluna|Headlong Rush|p2a: Volcanion
|-supereffective|p2a: Volcanion
|-damage|p2a: Volcanion|0 fnt
|-unboost|p1a: Ursaluna|def|1
|-unboost|p1a: Ursaluna|spd|1
|faint|p2a: Volcanion
|
|-damage|p1a: Ursaluna|94/100 brn|[from] brn
|upkeep
|
|t:|1769409939
|switch|p2a: Iron Crown|Iron Crown|100/100
|-damage|p2a: Iron Crown|94/100|[from] Stealth Rock
|-enditem|p2a: Iron Crown|Booster Energy
|-activate|p2a: Iron Crown|ability: Quark Drive|[fromitem]
|-start|p2a: Iron Crown|quarkdrivespe
|turn|12
|
|t:|1769409946
|switch|p1a: Heatran|Heatran, F|100/100
|-damage|p1a: Heatran|88/100|[from] Stealth Rock
|move|p2a: Iron Crown|Tachyon Cutter|p1a: Heatran
|-resisted|p1a: Heatran
|-damage|p1a: Heatran|84/100
|-resisted|p1a: Heatran
|-crit|p1a: Heatran
|-damage|p1a: Heatran|79/100
|-hitcount|p1a: Heatran|2
|
|-heal|p2a: Iron Crown|100/100|[from] Grassy Terrain
|-heal|p1a: Heatran|85/100|[from] Grassy Terrain
|-heal|p1a: Heatran|92/100|[from] item: Leftovers
|upkeep
|turn|13
|
|t:|1769409959
|move|p2a: Iron Crown|Calm Mind|p2a: Iron Crown
|-boost|p2a: Iron Crown|spa|1
|-boost|p2a: Iron Crown|spd|1
|move|p1a: Heatran|Magma Storm|p2a: Iron Crown
|-supereffective|p2a: Iron Crown
|-damage|p2a: Iron Crown|45/100
|-activate|p2a: Iron Crown|move: Magma Storm|[of] p1a: Heatran
|
|-heal|p2a: Iron Crown|52/100|[from] Grassy Terrain
|-heal|p1a: Heatran|98/100|[from] Grassy Terrain
|-heal|p1a: Heatran|100/100|[from] item: Leftovers
|-damage|p2a: Iron Crown|39/100|[from] move: Magma Storm|[partiallytrapped]
|upkeep
|turn|14
|
|t:|1769409971
|move|p2a: Iron Crown|Focus Blast|p1a: Heatran
|-supereffective|p1a: Heatran
|-damage|p1a: Heatran|32/100
|-unboost|p1a: Heatran|spd|1
|move|p1a: Heatran|Magma Storm|p2a: Iron Crown
|-supereffective|p2a: Iron Crown
|-damage|p2a: Iron Crown|0 fnt
|faint|p2a: Iron Crown
|-end|p2a: Iron Crown|Quark Drive|[silent]
|
|-heal|p1a: Heatran|38/100|[from] Grassy Terrain
|-heal|p1a: Heatran|44/100|[from] item: Leftovers
|-fieldend|move: Grassy Terrain
|upkeep
|
|t:|1769409984
|switch|p2a: Raging Bolt|Raging Bolt|100/100
|-damage|p2a: Raging Bolt|88/100|[from] Stealth Rock
|-enditem|p2a: Raging Bolt|Booster Energy
|-activate|p2a: Raging Bolt|ability: Protosynthesis|[fromitem]
|-start|p2a: Raging Bolt|protosynthesisspa
|turn|15
|
|t:|1769409993
|switch|p1a: Pecharunt|Pecharunt|31/100
|move|p2a: Raging Bolt|Thunderbolt|p1a: Pecharunt
|-damage|p1a: Pecharunt|0 fnt
|faint|p1a: Pecharunt
|
|upkeep
|
|t:|1769410000
|switch|p1a: Ursaluna|Ursaluna, F, tera:Fairy|94/100 brn
|-damage|p1a: Ursaluna|82/100 brn|[from] Stealth Rock
|turn|16
|
|t:|1769410005
|-terastallize|p2a: Raging Bolt|Fairy
|move|p2a: Raging Bolt|Thunderbolt|p1a: Ursaluna
|-damage|p1a: Ursaluna|8/100 brn
|move|p1a: Ursaluna|Facade|p2a: Raging Bolt
|-damage|p2a: Raging Bolt|0 fnt
|faint|p2a: Raging Bolt
|-end|p2a: Raging Bolt|Protosynthesis|[silent]
|
|-damage|p1a: Ursaluna|2/100 brn|[from] brn
|upkeep
|-message|Pyrax69 forfeited.
|
|win|ballswangler
|raw|ballswangler's rating: 1559 &rarr; <strong>1579</strong><br />(+20 for winning)
|raw|Pyrax69's rating: 1560 &rarr; <strong>1540</strong><br />(-20 for losing)
|l|☆Pyrax69
|player|p2|
|l|☆ballswangler
|player|p1|
