|j|☆MfxxkingReal
|j|☆aplyw
|t:|1769318412
|gametype|singles
|player|p1|MfxxkingReal|101|1445
|player|p2|aplyw|steven|1466
|gen|9
|tier|[Gen 9] OU
|rated|
|rule|HP Percentage Mod: HP is shown in percentages
|rule|Endless Battle Clause: Forcing endless battles is banned
|rule|Species Clause: Limit one of each Pokémon
|rule|OHKO Clause: OHKO moves are banned
|rule|Evasion Items Clause: Evasion items are banned
|rule|Evasion Moves Clause: Evasion moves are banned
|rule|Evasion Abilities Clause: Evasion abilities are banned
|rule|Sleep Moves Clause: Sleep-inducing moves are banned
|clearpoke
|poke|p1|Kingambit, F|
|poke|p1|Ogerpon-Wellspring, F|
|poke|p1|Slowking-Galar, M|
|poke|p1|Great Tusk|
|poke|p1|Dragapult, M|
|poke|p1|Cinderace, F|
|poke|p2|Ogerpon-Wellspring, F|
|poke|p2|Scizor, M|
|poke|p2|Pelipper, F|
|poke|p2|Kingdra, F|
|poke|p2|Glimmora, M|
|poke|p2|Wo-Chien|
|teampreview
|inactive|Battle timer is ON: inactive players will automatically lose when time's up. (requested by MfxxkingReal)
|
|t:|1769318434
|teamsize|p1|6
|teamsize|p2|6
|start
|switch|p1a: Dragapult|Dragapult, M|100/100
|switch|p2a: Scizor|Scizor, M|100/100
|turn|1
|
|t:|1769318443
|switch|p1a: Great Tusk|Great Tusk|100/100
|move|p2a: Scizor|Knock Off|p1a: Great Tusk
|-resisted|p1a: Great Tusk
|-damage|p1a: Great Tusk|82/100
|-enditem|p1a: Great Tusk|Leftovers|[from] move: Knock Off|[of] p2a: Scizor
|
|upkeep
|turn|2
|
|t:|1769318452
|switch|p2a: Glimmora|Glimmora, M, shiny|100/100
|-item|p2a: Glimmora|Air Balloon
|move|p1a: Great Tusk|Knock Off|p2a: Glimmora
|-damage|p2a: Glimmora|67/100
|-activate|p2a: Glimmora|ability: Toxic Debris
|-sidestart|p1: MfxxkingReal|move: Toxic Spikes
|-enditem|p2a: Glimmora|Air Balloon
|
|upkeep
|turn|3
|
|t:|1769318467
|switch|p2a: Pelipper|Pelipper, F, shiny|100/100
|-weather|RainDance|[from] ability: Drizzle|[of] p2a: Pelipper
|move|p1a: Great Tusk|Rapid Spin|p2a: Pelipper
|-damage|p2a: Pelipper|81/100
|-boost|p1a: Great Tusk|spe|1
|-sideend|p1: MfxxkingReal|Toxic Spikes|[from] move: Rapid Spin|[of] p1a: Great Tusk
|
|-weather|RainDance|[upkeep]
|upkeep
|turn|4
|
|t:|1769318483
|move|p1a: Great Tusk|Knock Off|p2a: Pelipper
|-damage|p2a: Pelipper|43/100
|-enditem|p2a: Pelipper|Damp Rock|[from] move: Knock Off|[of] p1a: Great Tusk
|move|p2a: Pelipper|Weather Ball|p1a: Great Tusk
|-supereffective|p1a: Great Tusk
|-damage|p1a: Great Tusk|0 fnt
|faint|p1a: Great Tusk
|-end|p1a: Great Tusk|Protosynthesis|[silent]
|
|-weather|RainDance|[upkeep]
|upkeep
|
|t:|1769318490
|switch|p1a: Dragapult|Dragapult, M|100/100
|turn|5
|
|t:|1769318510
|switch|p2a: Wo-Chien|Wo-Chien|100/100
|-ability|p2a: Wo-Chien|Tablets of Ruin
|move|p1a: Dragapult|Shadow Ball|p2a: Wo-Chien
|-resisted|p2a: Wo-Chien
|-damage|p2a: Wo-Chien|84/100
|
|-weather|RainDance|[upkeep]
|-heal|p2a: Wo-Chien|90/100|[from] item: Leftovers
|upkeep
|turn|6
|inactive|aplyw has 120 seconds left.
|
|t:|1769318556
|switch|p1a: Slowking|Slowking-Galar, M|100/100
|move|p2a: Wo-Chien|Knock Off|p1a: Slowking
|-supereffective|p1a: Slowking
|-damage|p1a: Slowking|45/100
|-enditem|p1a: Slowking|Heavy-Duty Boots|[from] move: Knock Off|[of] p2a: Wo-Chien
|
|-weather|RainDance|[upkeep]
|-heal|p2a: Wo-Chien|96/100|[from] item: Leftovers
|upkeep
|turn|7
|
|t:|1769318569
|move|p2a: Wo-Chien|Substitute|p2a: Wo-Chien
|-start|p2a: Wo-Chien|Substitute
|-damage|p2a: Wo-Chien|71/100
|move|p1a: Slowking|Future Sight|p2a: Wo-Chien
|-start|p1a: Slowking|move: Future Sight
|
|-weather|RainDance|[upkeep]
|-heal|p2a: Wo-Chien|77/100|[from] item: Leftovers
|upkeep
|turn|8
|
|t:|1769318576
|move|p2a: Wo-Chien|Knock Off|p1a: Slowking
|-supereffective|p1a: Slowking
|-damage|p1a: Slowking|10/100
|-prepare|p1a: Slowking|Chilly Reception|[premajor]
|move|p1a: Slowking|Chilly Reception|p1a: Slowking
|-weather|Snowscape
|
|t:|1769318581
|switch|p1a: Ogerpon|Ogerpon-Wellspring, F|100/100|[from] Chilly Reception
|
|-weather|Snowscape|[upkeep]
|-heal|p2a: Wo-Chien|83/100|[from] item: Leftovers
|upkeep
|turn|9
|
|t:|1769318611
|move|p1a: Ogerpon|U-turn|p2a: Wo-Chien
|-supereffective|p2a: Wo-Chien
|-end|p2a: Wo-Chien|Substitute
|
|t:|1769318614
|switch|p1a: Cinderace|Cinderace, F|100/100|[from] U-turn
|move|p2a: Wo-Chien|Knock Off|p1a: Cinderace
|-damage|p1a: Cinderace|62/100
|-enditem|p1a: Cinderace|Heavy-Duty Boots|[from] move: Knock Off|[of] p2a: Wo-Chien
|
|-weather|Snowscape|[upkeep]
|-end|p2a: Wo-Chien|move: Future Sight
|-immune|p2a: Wo-Chien
|-heal|p2a: Wo-Chien|90/100|[from] item: Leftovers
|upkeep
|turn|10
|l|☆aplyw
|inactive|aplyw disconnected and has a minute to reconnect!
|player|p2|
|inactive|aplyw has 30 seconds to reconnect!
|inactive|aplyw has 20 seconds to reconnect!
|inactive|aplyw has 15 seconds to reconnect!
|inactive|aplyw has 10 seconds to reconnect!
|inactive|aplyw has 5 seconds to reconnect!
|-message|aplyw lost due to inactivity.
|
|win|MfxxkingReal
|raw|MfxxkingReal's rating: 1445 &rarr; <strong>1466</strong><br />(+21 for winning)
|raw|aplyw's rating: 1466 &rarr; <strong>1445</strong><br />(-21 for losing)
|l|☆MfxxkingReal
|player|p1|
