|j|☆Hamia_100
|j|☆hazinho
|t:|1769337783
|gametype|singles
|player|p1|Hamia_100|ghetsis|1316
|player|p2|hazinho|102|1406
|gen|9
|tier|[Gen 9] OU
|rated|
|rule|HP Percentage Mod: HP is shown in percentages
|rule|Endless Battle Clause: Forcing endless battles is banned
|rule|Species Clause: Limit one of each Pokémon
|rule|OHKO Clause: OHKO moves are banned
|rule|Evasion Items Clause: Evasion items are banned
|rule|Evasion Moves Clause: Evasion moves are banned
|rule|Evasion Abilities Clause: Evasion abilities are banned
|rule|Sleep Moves Clause: Sleep-inducing moves are banned
|clearpoke
|poke|p1|Iron Moth|
|poke|p1|Kingambit, M|
|poke|p1|Dragonite, F|
|poke|p1|Ogerpon-Cornerstone, F|
|poke|p1|Iron Valiant|
|poke|p1|Raging Bolt|
|poke|p2|Deoxys-Speed|
|poke|p2|Kingambit, M|
|poke|p2|Sylveon, M|
|poke|p2|Ogerpon-Wellspring, F|
|poke|p2|Weezing-Galar, M|
|poke|p2|Landorus-Therian, M|
|teampreview
|inactive|Battle timer is ON: inactive players will automatically lose when time's up. (requested by Hamia_100)
|
|t:|1769337800
|teamsize|p1|6
|teamsize|p2|6
|start
|switch|p1a: Ogerpon|Ogerpon-Cornerstone, F|100/100
|switch|p2a: Raillo|Landorus-Therian, M|100/100
|-ability|p2a: Raillo|Intimidate|boost
|-unboost|p1a: Ogerpon|atk|1
|turn|1
|
|t:|1769337811
|move|p2a: Raillo|U-turn|p1a: Ogerpon
|-supereffective|p1a: Ogerpon
|-damage|p1a: Ogerpon|29/100
|
|t:|1769337819
|switch|p2a: Szczesny|Weezing-Galar, M|100/100|[from] U-turn
|-ability|p2a: Szczesny|Neutralizing Gas
|move|p1a: Ogerpon|Swords Dance|p1a: Ogerpon
|-boost|p1a: Ogerpon|atk|2
|
|upkeep
|turn|2
|
|t:|1769337830
|move|p1a: Ogerpon|Ivy Cudgel|p2a: Szczesny|[anim] Ivy Cudgel Rock
|-damage|p2a: Szczesny|38/100
|move|p2a: Szczesny|Will-O-Wisp|p1a: Ogerpon
|-status|p1a: Ogerpon|brn
|
|-damage|p1a: Ogerpon|23/100 brn|[from] brn
|upkeep
|turn|3
|
|t:|1769337843
|move|p1a: Ogerpon|Ivy Cudgel|p2a: Szczesny|[anim] Ivy Cudgel Rock
|-damage|p2a: Szczesny|8/100
|move|p2a: Szczesny|Flamethrower|p1a: Ogerpon
|-damage|p1a: Ogerpon|2/100 brn
|
|-damage|p1a: Ogerpon|0 fnt|[from] brn
|faint|p1a: Ogerpon
|upkeep
|
|t:|1769337849
|switch|p1a: Iron Moth|Iron Moth|100/100
|turn|4
|
|t:|1769337863
|move|p1a: Iron Moth|Fiery Dance|p2a: Szczesny
|-damage|p2a: Szczesny|0 fnt
|faint|p2a: Szczesny
|-end|p2a: Szczesny|ability: Neutralizing Gas
|-enditem|p1a: Iron Moth|Booster Energy
|-activate|p1a: Iron Moth|ability: Quark Drive|[fromitem]
|-start|p1a: Iron Moth|quarkdrivespe
|
|upkeep
|
|t:|1769337867
|switch|p2a: Arambarri|Ogerpon-Wellspring, F|100/100
|turn|5
|
|t:|1769337878
|-terastallize|p2a: Arambarri|Water
|detailschange|p2a: Arambarri|Ogerpon-Wellspring-Tera, F, tera:Water
|-ability|p2a: Arambarri|Embody Aspect (Wellspring)|boost
|-boost|p2a: Arambarri|spd|1
|move|p1a: Iron Moth|Sludge Wave|p2a: Arambarri
|-damage|p2a: Arambarri|65/100
|move|p2a: Arambarri|Ivy Cudgel|p1a: Iron Moth|[anim] Ivy Cudgel Water
|-supereffective|p1a: Iron Moth
|-damage|p1a: Iron Moth|0 fnt
|faint|p1a: Iron Moth
|-end|p1a: Iron Moth|Quark Drive|[silent]
|
|upkeep
|
|t:|1769337886
|switch|p1a: Raging Bolt|Raging Bolt|100/100
|-enditem|p1a: Raging Bolt|Booster Energy
|-activate|p1a: Raging Bolt|ability: Protosynthesis|[fromitem]
|-start|p1a: Raging Bolt|protosynthesisspa
|turn|6
|
|t:|1769337891
|switch|p2a: Raillo|Landorus-Therian, M|100/100
|-ability|p2a: Raillo|Intimidate|boost
|-unboost|p1a: Raging Bolt|atk|1
|move|p1a: Raging Bolt|Dragon Pulse|p2a: Raillo
|-damage|p2a: Raillo|11/100
|
|upkeep
|turn|7
|
|t:|1769337904
|-terastallize|p1a: Raging Bolt|Flying
|move|p2a: Raillo|Earthquake|p1a: Raging Bolt
|-immune|p1a: Raging Bolt
|move|p1a: Raging Bolt|Calm Mind|p1a: Raging Bolt
|-boost|p1a: Raging Bolt|spa|1
|-boost|p1a: Raging Bolt|spd|1
|
|upkeep
|turn|8
|
|t:|1769337910
|switch|p2a: Ruibal|Sylveon, M|100/100
|move|p1a: Raging Bolt|Dragon Pulse|p2a: Ruibal
|-immune|p2a: Ruibal
|
|upkeep
|turn|9
|
|t:|1769337939
|move|p1a: Raging Bolt|Calm Mind|p1a: Raging Bolt
|-boost|p1a: Raging Bolt|spa|1
|-boost|p1a: Raging Bolt|spd|1
|move|p2a: Ruibal|Hyper Voice|p1a: Raging Bolt
|-damage|p1a: Raging Bolt|80/100
|
|upkeep
|turn|10
|inactive|Hamia_100 has 120 seconds left.
|
|t:|1769337957
|move|p1a: Raging Bolt|Thunderbolt|p2a: Ruibal
|-damage|p2a: Ruibal|2/100
|move|p2a: Ruibal|Calm Mind|p2a: Ruibal
|-boost|p2a: Ruibal|spa|1
|-boost|p2a: Ruibal|spd|1
|
|-heal|p2a: Ruibal|8/100|[from] item: Leftovers
|upkeep
|turn|11
|
|t:|1769337974
|move|p1a: Raging Bolt|Thunderbolt|p2a: Ruibal
|-damage|p2a: Ruibal|0 fnt
|faint|p2a: Ruibal
|
|upkeep
|
|t:|1769337977
|switch|p2a: Fran García|Deoxys-Speed, shiny|100/100
|-ability|p2a: Fran García|Pressure
|turn|12
|
|t:|1769337996
|move|p1a: Raging Bolt|Thunderclap|p2a: Fran García
|-damage|p2a: Fran García|0 fnt
|faint|p2a: Fran García
|
|upkeep
|
|t:|1769338001
|switch|p2a: Kubo|Kingambit, M|100/100
|-activate|p2a: Kubo|ability: Supreme Overlord
|-start|p2a: Kubo|fallen3|[silent]
|turn|13
|
|t:|1769338008
|move|p1a: Raging Bolt|Thunderclap|p2a: Kubo
|-damage|p2a: Kubo|1/100
|move|p2a: Kubo|Kowtow Cleave|p1a: Raging Bolt
|-damage|p1a: Raging Bolt|19/100
|
|upkeep
|turn|14
|
|t:|1769338013
|move|p1a: Raging Bolt|Thunderclap|p2a: Kubo
|-damage|p2a: Kubo|0 fnt
|faint|p2a: Kubo
|-end|p2a: Kubo|fallen3|[silent]
|
|upkeep
|
|t:|1769338016
|switch|p2a: Raillo|Landorus-Therian, M|11/100
|-ability|p2a: Raillo|Intimidate|boost
|-unboost|p1a: Raging Bolt|atk|1
|turn|15
|inactive|hazinho has 120 seconds left.
|
|t:|1769338067
|move|p2a: Raillo|Tera Blast|p1a: Raging Bolt
|-damage|p1a: Raging Bolt|10/100
|move|p1a: Raging Bolt|Dragon Pulse|p2a: Raillo
|-damage|p2a: Raillo|0 fnt
|faint|p2a: Raillo
|
|upkeep
|-message|hazinho forfeited.
|
|win|Hamia_100
|raw|Hamia_100's rating: 1316 &rarr; <strong>1341</strong><br />(+25 for winning)
|raw|hazinho's rating: 1406 &rarr; <strong>1381</strong><br />(-25 for losing)
|l|☆hazinho
|player|p2|
|l|☆Hamia_100
|player|p1|
