|j|☆figviugi
|j|☆Nolan_pp1
|t:|1769434274
|gametype|singles
|player|p1|figviugi|101|1000
|player|p2|Nolan_pp1|bruno|1014
|gen|9
|tier|[Gen 9] OU
|rated|
|rule|HP Percentage Mod: HP is shown in percentages
|rule|Endless Battle Clause: Forcing endless battles is banned
|rule|Species Clause: Limit one of each Pokémon
|rule|OHKO Clause: OHKO moves are banned
|rule|Evasion Items Clause: Evasion items are banned
|rule|Evasion Moves Clause: Evasion moves are banned
|rule|Evasion Abilities Clause: Evasion abilities are banned
|rule|Sleep Moves Clause: Sleep-inducing moves are banned
|clearpoke
|poke|p1|Iron Treads|
|poke|p1|Ogerpon-Wellspring, F|
|poke|p1|Ceruledge, F|
|poke|p1|Grimmsnarl, M|
|poke|p1|Deoxys-Speed|
|poke|p1|Raging Bolt|
|poke|p2|Clodsire, F|
|poke|p2|Hoopa-Unbound|
|poke|p2|Corviknight, F|
|poke|p2|Darkrai|
|poke|p2|Ogerpon-Wellspring, F|
|poke|p2|Garganacl, M|
|teampreview
|inactive|Battle timer is ON: inactive players will automatically lose when time's up. (requested by Nolan_pp1)
|
|t:|1769434292
|teamsize|p1|6
|teamsize|p2|6
|start
|switch|p1a: Iron Treads|Iron Treads, shiny|100/100
|switch|p2a: Clodsire|Clodsire, F, shiny|100/100
|-enditem|p1a: Iron Treads|Booster Energy
|-activate|p1a: Iron Treads|ability: Quark Drive|[fromitem]
|-start|p1a: Iron Treads|quarkdrivespe
|turn|1
|
|t:|1769434314
|move|p1a: Iron Treads|Earth Power|p2a: Clodsire
|-supereffective|p2a: Clodsire
|-damage|p2a: Clodsire|65/100
|move|p2a: Clodsire|Earthquake|p1a: Iron Treads
|-supereffective|p1a: Iron Treads
|-damage|p1a: Iron Treads|51/100
|
|upkeep
|turn|2
|
|t:|1769434324
|move|p1a: Iron Treads|Stealth Rock|p2a: Clodsire
|-sidestart|p2: Nolan_pp1|move: Stealth Rock
|move|p2a: Clodsire|Earthquake|p1a: Iron Treads
|-supereffective|p1a: Iron Treads
|-damage|p1a: Iron Treads|0 fnt
|faint|p1a: Iron Treads
|-end|p1a: Iron Treads|Quark Drive|[silent]
|
|upkeep
|
|t:|1769434337
|switch|p1a: Ogerpon|Ogerpon-Wellspring, F|100/100
|turn|3
|
|t:|1769434343
|-terastallize|p2a: Clodsire|Steel
|move|p1a: Ogerpon|Swords Dance|p1a: Ogerpon
|-boost|p1a: Ogerpon|atk|2
|move|p2a: Clodsire|Toxic|p1a: Ogerpon
|-status|p1a: Ogerpon|tox
|
|-damage|p1a: Ogerpon|95/100 tox|[from] psn
|upkeep
|turn|4
|inactive|figviugi has 120 seconds left.
|
|t:|1769434383
|move|p1a: Ogerpon|Swords Dance|p1a: Ogerpon
|-boost|p1a: Ogerpon|atk|2
|move|p2a: Clodsire|Recover|p2a: Clodsire
|-heal|p2a: Clodsire|100/100
|
|-damage|p1a: Ogerpon|83/100 tox|[from] psn
|upkeep
|turn|5
|
|t:|1769434390
|move|p1a: Ogerpon|Trailblaze|p2a: Clodsire
|-resisted|p2a: Clodsire
|-damage|p2a: Clodsire|82/100
|-boost|p1a: Ogerpon|spe|1
|-damage|p1a: Ogerpon|66/100 tox|[from] item: Rocky Helmet|[of] p2a: Clodsire
|move|p2a: Clodsire|Earthquake|p1a: Ogerpon
|-resisted|p1a: Ogerpon
|-damage|p1a: Ogerpon|47/100 tox
|
|-damage|p1a: Ogerpon|29/100 tox|[from] psn
|upkeep
|turn|6
|
|t:|1769434407
|move|p1a: Ogerpon|Play Rough|p2a: Clodsire
|-resisted|p2a: Clodsire
|-damage|p2a: Clodsire|59/100
|-unboost|p2a: Clodsire|atk|1
|-damage|p1a: Ogerpon|12/100 tox|[from] item: Rocky Helmet|[of] p2a: Clodsire
|move|p2a: Clodsire|Stealth Rock|p1a: Ogerpon
|-sidestart|p1: figviugi|move: Stealth Rock
|
|-damage|p1a: Ogerpon|0 fnt|[from] psn
|faint|p1a: Ogerpon
|upkeep
|
|t:|1769434415
|switch|p1a: Deoxys|Deoxys-Speed, shiny|100/100
|-damage|p1a: Deoxys|88/100|[from] Stealth Rock
|-ability|p1a: Deoxys|Pressure
|turn|7
|
|t:|1769434424
|move|p1a: Deoxys|Substitute|p1a: Deoxys
|-start|p1a: Deoxys|Substitute
|-damage|p1a: Deoxys|63/100
|move|p2a: Clodsire|Toxic||[still]
|-fail|p2a: Clodsire
|
|-heal|p1a: Deoxys|69/100|[from] item: Leftovers
|upkeep
|turn|8
|inactive|figviugi has 120 seconds left.
|
|t:|1769434439
|move|p1a: Deoxys|Nasty Plot|p1a: Deoxys
|-boost|p1a: Deoxys|spa|2
|move|p2a: Clodsire|Stealth Rock||[still]
|-fail|p2a: Clodsire
|
|-heal|p1a: Deoxys|76/100|[from] item: Leftovers
|upkeep
|turn|9
|
|t:|1769434444
|move|p1a: Deoxys|Focus Blast|p2a: Clodsire
|-supereffective|p2a: Clodsire
|-damage|p2a: Clodsire|19/100
|move|p2a: Clodsire|Earthquake|p1a: Deoxys
|-end|p1a: Deoxys|Substitute
|
|-heal|p1a: Deoxys|82/100|[from] item: Leftovers
|upkeep
|turn|10
|
|t:|1769434453
|move|p1a: Deoxys|Substitute|p1a: Deoxys
|-start|p1a: Deoxys|Substitute
|-damage|p1a: Deoxys|57/100
|move|p2a: Clodsire|Toxic||[still]
|-fail|p2a: Clodsire
|
|-heal|p1a: Deoxys|63/100|[from] item: Leftovers
|upkeep
|turn|11
|
|t:|1769434464
|move|p1a: Deoxys|Focus Blast|p2a: Clodsire|[miss]
|-miss|p1a: Deoxys|p2a: Clodsire
|move|p2a: Clodsire|Earthquake|p1a: Deoxys
|-end|p1a: Deoxys|Substitute
|
|-heal|p1a: Deoxys|69/100|[from] item: Leftovers
|upkeep
|turn|12
|
|t:|1769434471
|move|p1a: Deoxys|Focus Blast|p2a: Clodsire
|-supereffective|p2a: Clodsire
|-crit|p2a: Clodsire
|-damage|p2a: Clodsire|0 fnt
|faint|p2a: Clodsire
|
|-heal|p1a: Deoxys|76/100|[from] item: Leftovers
|upkeep
|
|t:|1769434478
|switch|p2a: Hoopa|Hoopa-Unbound|100/100
|-damage|p2a: Hoopa|88/100|[from] Stealth Rock
|turn|13
|
|t:|1769434496
|move|p1a: Deoxys|Substitute|p1a: Deoxys
|-start|p1a: Deoxys|Substitute
|-damage|p1a: Deoxys|51/100
|move|p2a: Hoopa|Knock Off|p1a: Deoxys
|-supereffective|p1a: Deoxys
|-end|p1a: Deoxys|Substitute
|
|-heal|p1a: Deoxys|57/100|[from] item: Leftovers
|upkeep
|turn|14
|
|t:|1769434504
|move|p1a: Deoxys|Focus Blast|p2a: Hoopa|[miss]
|-miss|p1a: Deoxys|p2a: Hoopa
|move|p2a: Hoopa|Knock Off|p1a: Deoxys
|-supereffective|p1a: Deoxys
|-damage|p1a: Deoxys|0 fnt
|-enditem|p1a: Deoxys|Leftovers|[from] move: Knock Off|[of] p2a: Hoopa
|faint|p1a: Deoxys
|
|upkeep
|
|t:|1769434514
|switch|p1a: Grimmsnarl|Grimmsnarl, M, shiny|100/100
|-damage|p1a: Grimmsnarl|88/100|[from] Stealth Rock
|turn|15
|
|t:|1769434523
|move|p1a: Grimmsnarl|Reflect|p1a: Grimmsnarl
|-sidestart|p1: figviugi|Reflect
|move|p2a: Hoopa|Drain Punch|p1a: Grimmsnarl
|-damage|p1a: Grimmsnarl|67/100
|-heal|p2a: Hoopa|98/100|[from] drain|[of] p1a: Grimmsnarl
|
|upkeep
|turn|16
|
|t:|1769434536
|move|p1a: Grimmsnarl|Light Screen|p1a: Grimmsnarl
|-sidestart|p1: figviugi|move: Light Screen
|move|p2a: Hoopa|Knock Off|p1a: Grimmsnarl
|-resisted|p1a: Grimmsnarl
|-damage|p1a: Grimmsnarl|56/100
|-enditem|p1a: Grimmsnarl|Light Clay|[from] move: Knock Off|[of] p2a: Hoopa
|
|upkeep
|turn|17
|
|t:|1769434548
|move|p2a: Hoopa|Thunderbolt|p1a: Grimmsnarl
|-damage|p1a: Grimmsnarl|33/100
|-status|p1a: Grimmsnarl|par
|move|p1a: Grimmsnarl|Low Kick|p2a: Hoopa
|-damage|p2a: Hoopa|33/100
|
|upkeep
|turn|18
|
|t:|1769434557
|move|p1a: Grimmsnarl|Taunt|p2a: Hoopa
|-hint|Since gen 7, Dark is immune to Prankster moves.
|-immune|p2a: Hoopa
|move|p2a: Hoopa|Drain Punch|p1a: Grimmsnarl
|-damage|p1a: Grimmsnarl|12/100 par
|-heal|p2a: Hoopa|42/100|[from] drain|[of] p1a: Grimmsnarl
|
|upkeep
|turn|19
|
|t:|1769434568
|switch|p2a: Corviknight|Corviknight, F, shiny|100/100
|-damage|p2a: Corviknight|88/100|[from] Stealth Rock
|-ability|p2a: Corviknight|Pressure
|move|p1a: Grimmsnarl|Low Kick|p2a: Corviknight
|-damage|p2a: Corviknight|71/100
|
|-heal|p2a: Corviknight|77/100|[from] item: Leftovers
|upkeep
|turn|20
|
|t:|1769434580
|move|p1a: Grimmsnarl|Taunt|p2a: Corviknight
|-start|p2a: Corviknight|move: Taunt
|move|p2a: Corviknight|U-turn|p1a: Grimmsnarl
|-damage|p1a: Grimmsnarl|2/100 par
|
|t:|1769434588
|switch|p2a: Ogerpon|Ogerpon-Wellspring, F|100/100|[from] U-turn
|-damage|p2a: Ogerpon|88/100|[from] Stealth Rock
|
|upkeep
|turn|21
|
|t:|1769434595
|move|p2a: Ogerpon|U-turn|p1a: Grimmsnarl
|-damage|p1a: Grimmsnarl|0 fnt
|faint|p1a: Grimmsnarl
|
|t:|1769434602
|switch|p2a: Corviknight|Corviknight, F, shiny|77/100|[from] U-turn
|-damage|p2a: Corviknight|65/100|[from] Stealth Rock
|-ability|p2a: Corviknight|Pressure
|
|-heal|p2a: Corviknight|71/100|[from] item: Leftovers
|upkeep
|
|t:|1769434609
|switch|p1a: Raging Bolt|Raging Bolt|100/100
|-damage|p1a: Raging Bolt|88/100|[from] Stealth Rock
|-enditem|p1a: Raging Bolt|Booster Energy
|-activate|p1a: Raging Bolt|ability: Protosynthesis|[fromitem]
|-start|p1a: Raging Bolt|protosynthesisspa
|turn|22
|
|t:|1769434617
|move|p1a: Raging Bolt|Calm Mind|p1a: Raging Bolt
|-boost|p1a: Raging Bolt|spa|1
|-boost|p1a: Raging Bolt|spd|1
|move|p2a: Corviknight|U-turn|p1a: Raging Bolt
|-damage|p1a: Raging Bolt|82/100
|
|t:|1769434626
|switch|p2a: Garganacl|Garganacl, M|100/100|[from] U-turn
|-damage|p2a: Garganacl|88/100|[from] Stealth Rock
|
|-heal|p2a: Garganacl|94/100|[from] item: Leftovers
|-sideend|p1: figviugi|Reflect
|upkeep
|turn|23
|
|t:|1769434632
|move|p1a: Raging Bolt|Thunderbolt|p2a: Garganacl
|-damage|p2a: Garganacl|3/100
|move|p2a: Garganacl|Salt Cure|p1a: Raging Bolt
|-damage|p1a: Raging Bolt|70/100
|-start|p1a: Raging Bolt|Salt Cure
|
|-heal|p2a: Garganacl|9/100|[from] item: Leftovers
|-damage|p1a: Raging Bolt|57/100|[from] Salt Cure
|-sideend|p1: figviugi|move: Light Screen
|upkeep
|turn|24
|
|t:|1769434643
|move|p1a: Raging Bolt|Thunderbolt|p2a: Garganacl
|-crit|p2a: Garganacl
|-damage|p2a: Garganacl|0 fnt
|faint|p2a: Garganacl
|
|-damage|p1a: Raging Bolt|45/100|[from] Salt Cure
|upkeep
|
|t:|1769434651
|switch|p2a: Darkrai|Darkrai, shiny|100/100
|-damage|p2a: Darkrai|88/100|[from] Stealth Rock
|turn|25
|
|t:|1769434656
|move|p1a: Raging Bolt|Thunderclap|p2a: Darkrai
|-damage|p2a: Darkrai|0 fnt
|faint|p2a: Darkrai
|
|-damage|p1a: Raging Bolt|32/100|[from] Salt Cure
|upkeep
|
|t:|1769434662
|switch|p2a: Hoopa|Hoopa-Unbound|42/100
|-damage|p2a: Hoopa|30/100|[from] Stealth Rock
|turn|26
|
|t:|1769434668
|move|p1a: Raging Bolt|Thunderclap|p2a: Hoopa
|-damage|p2a: Hoopa|0 fnt
|faint|p2a: Hoopa
|
|-damage|p1a: Raging Bolt|20/100|[from] Salt Cure
|upkeep
|
|t:|1769434677
|switch|p2a: Ogerpon|Ogerpon-Wellspring, F|88/100
|-damage|p2a: Ogerpon|76/100|[from] Stealth Rock
|turn|27
|
|t:|1769434689
|move|p1a: Raging Bolt|Thunderclap|p2a: Ogerpon
|-damage|p2a: Ogerpon|0 fnt
|faint|p2a: Ogerpon
|
|-damage|p1a: Raging Bolt|8/100|[from] Salt Cure
|upkeep
|-message|Nolan_pp1 forfeited.
|
|win|figviugi
|raw|figviugi's rating: 1000 &rarr; <strong>1042</strong><br />(+42 for winning)
|raw|Nolan_pp1's rating: 1014 &rarr; <strong>1001</strong><br />(-13 for losing)
|l|☆Nolan_pp1
|player|p2|
