|j|☆barracuda705
|j|☆kimodo_lux
|t:|1769381102
|gametype|singles
|player|p1|barracuda705|cynthia|1254
|player|p2|kimodo_lux|depotagent|1230
|gen|9
|tier|[Gen 9] OU
|rated|
|rule|HP Percentage Mod: HP is shown in percentages
|rule|Endless Battle Clause: Forcing endless battles is banned
|rule|Species Clause: Limit one of each Pokémon
|rule|OHKO Clause: OHKO moves are banned
|rule|Evasion Items Clause: Evasion items are banned
|rule|Evasion Moves Clause: Evasion moves are banned
|rule|Evasion Abilities Clause: Evasion abilities are banned
|rule|Sleep Moves Clause: Sleep-inducing moves are banned
|clearpoke
|poke|p1|Flygon, M|
|poke|p1|Galvantula, F|
|poke|p1|Blaziken, M|
|poke|p1|Slowking, M|
|poke|p1|Excadrill, M|
|poke|p1|Iron Treads|
|poke|p2|Torkoal, M|
|poke|p2|Hatterene, F|
|poke|p2|Raging Bolt|
|poke|p2|Slither Wing|
|poke|p2|Venusaur, M|
|poke|p2|Walking Wake|
|teampreview
|
|t:|1769381149
|teamsize|p1|6
|teamsize|p2|6
|start
|switch|p1a: Iron Treads|Iron Treads|100/100
|switch|p2a: Torkoal|Torkoal, M|100/100
|-weather|SunnyDay|[from] ability: Drought|[of] p2a: Torkoal
|turn|1
|inactive|Battle timer is ON: inactive players will automatically lose when time's up. (requested by barracuda705)
|
|t:|1769381169
|switch|p2a: Walking Wake|Walking Wake|100/100
|-activate|p2a: Walking Wake|ability: Protosynthesis
|-start|p2a: Walking Wake|protosynthesisspe
|move|p1a: Iron Treads|Knock Off|p2a: Walking Wake
|-damage|p2a: Walking Wake|72/100
|-enditem|p2a: Walking Wake|Wise Glasses|[from] move: Knock Off|[of] p1a: Iron Treads
|
|-weather|SunnyDay|[upkeep]
|upkeep
|turn|2
|inactive|barracuda705 has 120 seconds left.
|
|t:|1769381204
|-end|p1a: Iron Treads|Quark Drive|[silent]
|switch|p1a: Slowking|Slowking, M|100/100
|move|p2a: Walking Wake|Hydro Steam|p1a: Slowking
|-resisted|p1a: Slowking
|-damage|p1a: Slowking|77/100
|
|-weather|SunnyDay|[upkeep]
|upkeep
|turn|3
|inactive|barracuda705 has 120 seconds left.
|
|t:|1769381215
|move|p2a: Walking Wake|Flip Turn|p1a: Slowking
|-resisted|p1a: Slowking
|-damage|p1a: Slowking|73/100
|
|t:|1769381218
|-end|p2a: Walking Wake|Protosynthesis|[silent]
|switch|p2a: Raging Bolt|Raging Bolt|100/100|[from] Flip Turn
|-activate|p2a: Raging Bolt|ability: Protosynthesis
|-start|p2a: Raging Bolt|protosynthesisspa
|move|p1a: Slowking|Fire Blast|p2a: Raging Bolt
|-resisted|p2a: Raging Bolt
|-damage|p2a: Raging Bolt|74/100
|-status|p2a: Raging Bolt|brn
|-damage|p1a: Slowking|63/100|[from] item: Life Orb
|
|-weather|SunnyDay|[upkeep]
|-damage|p2a: Raging Bolt|68/100 brn|[from] brn
|upkeep
|turn|4
|
|t:|1769381230
|switch|p1a: Iron Treads|Iron Treads|100/100
|move|p2a: Raging Bolt|Dragon Pulse|p1a: Iron Treads
|-resisted|p1a: Iron Treads
|-damage|p1a: Iron Treads|59/100
|-damage|p2a: Raging Bolt|58/100 brn|[from] item: Life Orb
|
|-weather|SunnyDay|[upkeep]
|-heal|p1a: Iron Treads|65/100|[from] item: Leftovers
|-damage|p2a: Raging Bolt|51/100 brn|[from] brn
|upkeep
|turn|5
|
|t:|1769381243
|-end|p2a: Raging Bolt|Protosynthesis|[silent]
|switch|p2a: Hatterene|Hatterene, F|100/100
|-item|p2a: Hatterene|Air Balloon
|move|p1a: Iron Treads|Iron Defense|p1a: Iron Treads
|-boost|p1a: Iron Treads|def|2
|
|-weather|SunnyDay|[upkeep]
|-heal|p1a: Iron Treads|71/100|[from] item: Leftovers
|upkeep
|turn|6
|
|t:|1769381258
|switch|p2a: Walking Wake|Walking Wake|72/100
|-activate|p2a: Walking Wake|ability: Protosynthesis
|-start|p2a: Walking Wake|protosynthesisspe
|move|p1a: Iron Treads|Iron Defense|p1a: Iron Treads
|-boost|p1a: Iron Treads|def|2
|
|-weather|SunnyDay|[upkeep]
|-heal|p1a: Iron Treads|77/100|[from] item: Leftovers
|upkeep
|turn|7
|
|t:|1769381275
|-terastallize|p1a: Iron Treads|Fighting
|move|p2a: Walking Wake|Hydro Steam|p1a: Iron Treads
|-damage|p1a: Iron Treads|25/100
|move|p1a: Iron Treads|Rapid Spin|p2a: Walking Wake
|-damage|p2a: Walking Wake|58/100
|-boost|p1a: Iron Treads|spe|1
|
|-weather|SunnyDay|[upkeep]
|-heal|p1a: Iron Treads|31/100|[from] item: Leftovers
|upkeep
|turn|8
|c|☆barracuda705|misclick nooo
|
|t:|1769381287
|move|p2a: Walking Wake|Hydro Steam|p1a: Iron Treads
|-damage|p1a: Iron Treads|0 fnt
|faint|p1a: Iron Treads
|-end|p1a: Iron Treads|Quark Drive|[silent]
|
|-weather|none
|-end|p2a: Walking Wake|Protosynthesis
|upkeep
|
|t:|1769381291
|switch|p1a: Galvantula|Galvantula, F|100/100
|turn|9
|
|t:|1769381296
|-end|p2a: Walking Wake|Protosynthesis|[silent]
|switch|p2a: Torkoal|Torkoal, M|100/100
|-weather|SunnyDay|[from] ability: Drought|[of] p2a: Torkoal
|move|p1a: Galvantula|Sticky Web|p2a: Torkoal
|-sidestart|p2: kimodo_lux|move: Sticky Web
|
|-weather|SunnyDay|[upkeep]
|upkeep
|turn|10
|
|t:|1769381306
|move|p1a: Galvantula|Thunder Wave|p2a: Torkoal
|-status|p2a: Torkoal|par
|move|p2a: Torkoal|Overheat|p1a: Galvantula
|-supereffective|p1a: Galvantula
|-damage|p1a: Galvantula|0 fnt
|-unboost|p2a: Torkoal|spa|2
|faint|p1a: Galvantula
|
|-weather|SunnyDay|[upkeep]
|upkeep
|
|t:|1769381317
|switch|p1a: Blaziken|Blaziken, M|100/100
|turn|11
|
|t:|1769381325
|switch|p2a: Walking Wake|Walking Wake|58/100
|-activate|p2a: Walking Wake|move: Sticky Web
|-unboost|p2a: Walking Wake|spe|1
|-activate|p2a: Walking Wake|ability: Protosynthesis
|-start|p2a: Walking Wake|protosynthesisspa
|move|p1a: Blaziken|Swords Dance|p1a: Blaziken
|-boost|p1a: Blaziken|atk|2
|
|-weather|SunnyDay|[upkeep]
|-ability|p1a: Blaziken|Speed Boost|boost
|-boost|p1a: Blaziken|spe|1
|upkeep
|turn|12
|
|t:|1769381336
|move|p1a: Blaziken|Close Combat|p2a: Walking Wake
|-damage|p2a: Walking Wake|0 fnt
|-unboost|p1a: Blaziken|def|1
|-unboost|p1a: Blaziken|spd|1
|faint|p2a: Walking Wake
|-end|p2a: Walking Wake|Protosynthesis|[silent]
|-damage|p1a: Blaziken|91/100|[from] item: Life Orb
|
|-weather|SunnyDay|[upkeep]
|-ability|p1a: Blaziken|Speed Boost|boost
|-boost|p1a: Blaziken|spe|1
|upkeep
|
|t:|1769381349
|switch|p2a: Raging Bolt|Raging Bolt|51/100 brn
|-activate|p2a: Raging Bolt|move: Sticky Web
|-unboost|p2a: Raging Bolt|spe|1
|-activate|p2a: Raging Bolt|ability: Protosynthesis
|-start|p2a: Raging Bolt|protosynthesisspa
|turn|13
|
|t:|1769381356
|switch|p1a: Excadrill|Excadrill, M|100/100
|move|p2a: Raging Bolt|Thunderclap||[still]
|-fail|p2a: Raging Bolt
|
|-weather|SunnyDay|[upkeep]
|-damage|p2a: Raging Bolt|45/100 brn|[from] brn
|upkeep
|turn|14
|
|t:|1769381365
|move|p1a: Excadrill|Rapid Spin|p2a: Raging Bolt
|-damage|p2a: Raging Bolt|27/100 brn
|-boost|p1a: Excadrill|spe|1
|move|p2a: Raging Bolt|Solar Beam||[still]
|-prepare|p2a: Raging Bolt|Solar Beam
|-anim|p2a: Raging Bolt|Solar Beam|p1a: Excadrill
|-damage|p1a: Excadrill|0 fnt
|faint|p1a: Excadrill
|-damage|p2a: Raging Bolt|17/100 brn|[from] item: Life Orb
|
|-weather|SunnyDay|[upkeep]
|-damage|p2a: Raging Bolt|10/100 brn|[from] brn
|upkeep
|
|t:|1769381382
|switch|p1a: Flygon|Flygon, M, shiny|100/100
|turn|15
|
|t:|1769381394
|-end|p2a: Raging Bolt|Protosynthesis|[silent]
|switch|p2a: Hatterene|Hatterene, F|100/100
|-item|p2a: Hatterene|Air Balloon
|move|p1a: Flygon|Fire Blast|p2a: Hatterene
|-damage|p2a: Hatterene|33/100
|-enditem|p2a: Hatterene|Air Balloon
|
|-weather|SunnyDay|[upkeep]
|upkeep
|turn|16
|
|t:|1769381402
|move|p1a: Flygon|Fire Blast|p2a: Hatterene
|-damage|p2a: Hatterene|0 fnt
|faint|p2a: Hatterene
|
|-weather|none
|upkeep
|
|t:|1769381406
|switch|p2a: Torkoal|Torkoal, M|100/100 par
|-activate|p2a: Torkoal|move: Sticky Web
|-unboost|p2a: Torkoal|spe|1
|-weather|SunnyDay|[from] ability: Drought|[of] p2a: Torkoal
|turn|17
|
|t:|1769381420
|switch|p1a: Slowking|Slowking, M|63/100
|move|p2a: Torkoal|Stealth Rock|p1a: Slowking
|-sidestart|p1: barracuda705|move: Stealth Rock
|
|-weather|SunnyDay|[upkeep]
|upkeep
|turn|18
|
|t:|1769381429
|move|p1a: Slowking|Psyshock|p2a: Torkoal
|-damage|p2a: Torkoal|63/100 par
|-damage|p1a: Slowking|53/100|[from] item: Life Orb
|move|p2a: Torkoal|Overheat|p1a: Slowking
|-resisted|p1a: Slowking
|-damage|p1a: Slowking|22/100
|-unboost|p2a: Torkoal|spa|2
|
|-weather|SunnyDay|[upkeep]
|upkeep
|turn|19
|
|t:|1769381436
|switch|p1a: Flygon|Flygon, M, shiny|100/100
|-damage|p1a: Flygon|95/100|[from] Stealth Rock
|move|p2a: Torkoal|Overheat|p1a: Flygon
|-resisted|p1a: Flygon
|-damage|p1a: Flygon|68/100
|-unboost|p2a: Torkoal|spa|2
|
|-weather|SunnyDay|[upkeep]
|upkeep
|turn|20
|
|t:|1769381452
|switch|p2a: Venusaur|Venusaur, M|100/100
|-activate|p2a: Venusaur|move: Sticky Web
|-unboost|p2a: Venusaur|spe|1
|move|p1a: Flygon|Fire Blast|p2a: Venusaur
|-supereffective|p2a: Venusaur
|-damage|p2a: Venusaur|0 fnt
|faint|p2a: Venusaur
|
|-weather|SunnyDay|[upkeep]
|upkeep
|c|☆barracuda705|nobody expects the sun boosted choice specs fire blast flygon
|
|t:|1769381462
|switch|p2a: Slither Wing|Slither Wing|100/100
|-activate|p2a: Slither Wing|move: Sticky Web
|-unboost|p2a: Slither Wing|spe|1
|-activate|p2a: Slither Wing|ability: Protosynthesis
|-start|p2a: Slither Wing|protosynthesisatk
|turn|21
|
|t:|1769381467
|move|p2a: Slither Wing|First Impression|p1a: Flygon
|-damage|p1a: Flygon|0 fnt
|faint|p1a: Flygon
|
|-weather|SunnyDay|[upkeep]
|upkeep
|
|t:|1769381472
|switch|p1a: Blaziken|Blaziken, M|91/100
|-damage|p1a: Blaziken|78/100|[from] Stealth Rock
|turn|22
|
|t:|1769381480
|move|p1a: Blaziken|Blaze Kick|p2a: Slither Wing
|-supereffective|p2a: Slither Wing
|-damage|p2a: Slither Wing|0 fnt
|faint|p2a: Slither Wing
|-end|p2a: Slither Wing|Protosynthesis|[silent]
|-damage|p1a: Blaziken|68/100|[from] item: Life Orb
|
|-weather|SunnyDay|[upkeep]
|-ability|p1a: Blaziken|Speed Boost|boost
|-boost|p1a: Blaziken|spe|1
|upkeep
|
|t:|1769381486
|switch|p2a: Raging Bolt|Raging Bolt|10/100 brn
|-activate|p2a: Raging Bolt|move: Sticky Web
|-unboost|p2a: Raging Bolt|spe|1
|-activate|p2a: Raging Bolt|ability: Protosynthesis
|-start|p2a: Raging Bolt|protosynthesisspa
|turn|23
|
|t:|1769381494
|move|p1a: Blaziken|U-turn|p2a: Raging Bolt
|-damage|p2a: Raging Bolt|0 fnt
|faint|p2a: Raging Bolt
|-end|p2a: Raging Bolt|Protosynthesis|[silent]
|-damage|p1a: Blaziken|58/100|[from] item: Life Orb
|
|t:|1769381497
|switch|p1a: Slowking|Slowking, M|22/100|[from] U-turn
|-damage|p1a: Slowking|10/100|[from] Stealth Rock
|
|-weather|SunnyDay|[upkeep]
|upkeep
|
|t:|1769381500
|switch|p2a: Torkoal|Torkoal, M|63/100 par
|-activate|p2a: Torkoal|move: Sticky Web
|-unboost|p2a: Torkoal|spe|1
|turn|24
|
|t:|1769381507
|move|p1a: Slowking|Scald|p2a: Torkoal
|-supereffective|p2a: Torkoal
|-damage|p2a: Torkoal|14/100 par
|-damage|p1a: Slowking|0 fnt|[from] item: Life Orb
|faint|p1a: Slowking
|cant|p2a: Torkoal|par
|
|-weather|none
|upkeep
|
|t:|1769381512
|switch|p1a: Blaziken|Blaziken, M|58/100
|-damage|p1a: Blaziken|46/100|[from] Stealth Rock
|turn|25
|-message|kimodo_lux forfeited.
|
|win|barracuda705
|raw|barracuda705's rating: 1254 &rarr; <strong>1277</strong><br />(+23 for winning)
|raw|kimodo_lux's rating: 1230 &rarr; <strong>1207</strong><br />(-23 for losing)
|l|☆kimodo_lux
|player|p2|
|c|☆barracuda705|gg
|l|☆barracuda705
|player|p1|
