|j|☆mamielover
|j|☆hadow_victini
|t:|1769336312
|gametype|singles
|player|p1|mamielover|266|1398
|player|p2|hadow_victini|red|1424
|gen|9
|tier|[Gen 9] OU
|rated|
|rule|HP Percentage Mod: HP is shown in percentages
|rule|Endless Battle Clause: Forcing endless battles is banned
|rule|Species Clause: Limit one of each Pokémon
|rule|OHKO Clause: OHKO moves are banned
|rule|Evasion Items Clause: Evasion items are banned
|rule|Evasion Moves Clause: Evasion moves are banned
|rule|Evasion Abilities Clause: Evasion abilities are banned
|rule|Sleep Moves Clause: Sleep-inducing moves are banned
|clearpoke
|poke|p1|Hydrapple, M|
|poke|p1|Gliscor, M|
|poke|p1|Slowking-Galar, M|
|poke|p1|Cinderace, M|
|poke|p1|Kingambit, M|
|poke|p1|Iron Valiant|
|poke|p2|Volcanion|
|poke|p2|Kilowattrel, F|
|poke|p2|Zoroark-Hisui, M|
|poke|p2|Iron Moth|
|poke|p2|Kyurem|
|poke|p2|Great Tusk|
|teampreview
|inactive|Battle timer is ON: inactive players will automatically lose when time's up. (requested by hadow_victini)
|
|t:|1769336326
|teamsize|p1|6
|teamsize|p2|6
|start
|switch|p1a: Cinderace|Cinderace, M, shiny|100/100
|switch|p2a: Volcanion|Volcanion|100/100
|turn|1
|
|t:|1769336329
|move|p1a: Cinderace|U-turn|p2a: Volcanion
|-start|p1a: Cinderace|typechange|Bug|[from] ability: Libero
|-resisted|p2a: Volcanion
|-damage|p2a: Volcanion|88/100
|
|t:|1769336334
|switch|p1a: Slowking|Slowking-Galar, M, shiny|100/100|[from] U-turn
|move|p2a: Volcanion|Steam Eruption|p1a: Slowking
|-damage|p1a: Slowking|64/100
|
|upkeep
|turn|2
|
|t:|1769336343
|move|p2a: Volcanion|Earth Power|p1a: Slowking
|-supereffective|p1a: Slowking
|-damage|p1a: Slowking|30/100
|-unboost|p1a: Slowking|spd|1
|move|p1a: Slowking|Sludge Bomb|p2a: Volcanion
|-damage|p2a: Volcanion|66/100
|
|upkeep
|turn|3
|
|t:|1769336351
|switch|p1a: Hydrapple|Hydrapple, M, shiny|100/100
|move|p2a: Volcanion|Steam Eruption|p1a: Hydrapple
|-resisted|p1a: Hydrapple
|-damage|p1a: Hydrapple|84/100
|-status|p1a: Hydrapple|brn
|
|-damage|p1a: Hydrapple|78/100 brn|[from] brn
|upkeep
|turn|4
|
|t:|1769336355
|switch|p1a: Slowking|Slowking-Galar, M, shiny|63/100
|move|p2a: Volcanion|Sludge Wave|p1a: Slowking
|-resisted|p1a: Slowking
|-damage|p1a: Slowking|54/100
|
|upkeep
|turn|5
|
|t:|1769336360
|switch|p1a: Hydrapple|Hydrapple, M, shiny|100/100 brn
|move|p2a: Volcanion|Earth Power|p1a: Hydrapple
|-resisted|p1a: Hydrapple
|-damage|p1a: Hydrapple|83/100 brn
|
|-damage|p1a: Hydrapple|77/100 brn|[from] brn
|upkeep
|turn|6
|
|t:|1769336368
|switch|p1a: Slowking|Slowking-Galar, M, shiny|88/100
|move|p2a: Volcanion|Earth Power|p1a: Slowking
|-supereffective|p1a: Slowking
|-damage|p1a: Slowking|51/100
|
|upkeep
|turn|7
|
|t:|1769336372
|switch|p1a: Hydrapple|Hydrapple, M, shiny|100/100 brn
|move|p2a: Volcanion|Steam Eruption|p1a: Hydrapple
|-resisted|p1a: Hydrapple
|-damage|p1a: Hydrapple|85/100 brn
|
|-damage|p1a: Hydrapple|79/100 brn|[from] brn
|upkeep
|turn|8
|
|t:|1769336379
|move|p2a: Volcanion|Flamethrower|p1a: Hydrapple
|-damage|p1a: Hydrapple|29/100 brn
|move|p1a: Hydrapple|Draco Meteor|p2a: Volcanion
|-damage|p2a: Volcanion|4/100
|-unboost|p1a: Hydrapple|spa|2
|-damage|p1a: Hydrapple|19/100 brn|[from] item: Life Orb
|
|-damage|p1a: Hydrapple|13/100 brn|[from] brn
|upkeep
|turn|9
|
|t:|1769336385
|move|p2a: Volcanion|Flamethrower|p1a: Hydrapple
|-damage|p1a: Hydrapple|0 fnt
|faint|p1a: Hydrapple
|
|upkeep
|
|t:|1769336389
|switch|p1a: Cinderace|Cinderace, M, shiny|100/100
|turn|10
|
|t:|1769336392
|move|p1a: Cinderace|Pyro Ball|p2a: Volcanion
|-resisted|p2a: Volcanion
|-damage|p2a: Volcanion|0 fnt
|faint|p2a: Volcanion
|
|upkeep
|
|t:|1769336398
|switch|p2a: Great Tusk|Great Tusk|100/100
|turn|11
|
|t:|1769336409
|move|p1a: Cinderace|Pyro Ball|p2a: Great Tusk
|-damage|p2a: Great Tusk|62/100
|move|p2a: Great Tusk|Stealth Rock|p1a: Cinderace
|-sidestart|p1: mamielover|move: Stealth Rock
|
|upkeep
|turn|12
|
|t:|1769336413
|move|p1a: Cinderace|Pyro Ball|p2a: Great Tusk|[miss]
|-miss|p1a: Cinderace|p2a: Great Tusk
|move|p2a: Great Tusk|Rapid Spin|p1a: Cinderace
|-damage|p1a: Cinderace|74/100
|-boost|p2a: Great Tusk|spe|1
|
|upkeep
|turn|13
|
|t:|1769336417
|move|p2a: Great Tusk|Earthquake|p1a: Cinderace
|-supereffective|p1a: Cinderace
|-damage|p1a: Cinderace|0 fnt
|faint|p1a: Cinderace
|
|upkeep
|
|t:|1769336420
|switch|p1a: Iron Valiant|Iron Valiant, shiny|100/100
|-damage|p1a: Iron Valiant|94/100|[from] Stealth Rock
|-enditem|p1a: Iron Valiant|Booster Energy
|-activate|p1a: Iron Valiant|ability: Quark Drive|[fromitem]
|-start|p1a: Iron Valiant|quarkdrivespe
|turn|14
|
|t:|1769336424
|-terastallize|p2a: Great Tusk|Poison
|move|p1a: Iron Valiant|Moonblast|p2a: Great Tusk
|-resisted|p2a: Great Tusk
|-damage|p2a: Great Tusk|26/100
|move|p2a: Great Tusk|Earthquake|p1a: Iron Valiant
|-damage|p1a: Iron Valiant|21/100
|
|upkeep
|turn|15
|
|t:|1769336433
|-end|p2a: Great Tusk|Protosynthesis|[silent]
|switch|p2a: Iron Moth|Iron Moth|100/100
|-enditem|p2a: Iron Moth|Booster Energy
|-activate|p2a: Iron Moth|ability: Quark Drive|[fromitem]
|-start|p2a: Iron Moth|quarkdrivespe
|move|p1a: Iron Valiant|Moonblast|p2a: Iron Moth
|-resisted|p2a: Iron Moth
|-damage|p2a: Iron Moth|90/100
|
|upkeep
|turn|16
|
|t:|1769336442
|move|p1a: Iron Valiant|Destiny Bond|p1a: Iron Valiant
|-singlemove|p1a: Iron Valiant|Destiny Bond
|move|p2a: Iron Moth|Fiery Dance|p1a: Iron Valiant
|-damage|p1a: Iron Valiant|0 fnt
|faint|p1a: Iron Valiant
|-activate|p1a: Iron Valiant|move: Destiny Bond
|-end|p1a: Iron Valiant|Quark Drive|[silent]
|faint|p2a: Iron Moth
|-end|p2a: Iron Moth|Quark Drive|[silent]
|
|upkeep
|
|t:|1769336447
|switch|p1a: Slowking|Slowking-Galar, M, shiny|85/100
|switch|p2a: Kyurem|Kyurem|100/100
|-damage|p1a: Slowking|72/100|[from] Stealth Rock
|turn|17
|
|t:|1769336451
|move|p2a: Kyurem|Shadow Ball|p1a: Slowking
|-supereffective|p1a: Slowking
|-damage|p1a: Slowking|30/100
|move|p1a: Slowking|Sludge Bomb|p2a: Kyurem
|-resisted|p2a: Kyurem
|-damage|p2a: Kyurem|67/100
|replace|p2a: Zoroark|Zoroark-Hisui, M
|-end|p2a: Zoroark|Illusion
|
|upkeep
|turn|18
|
|t:|1769336475
|switch|p1a: Kingambit|Kingambit, M, shiny|100/100
|-damage|p1a: Kingambit|94/100|[from] Stealth Rock
|-activate|p1a: Kingambit|ability: Supreme Overlord
|-start|p1a: Kingambit|fallen3|[silent]
|-item|p1a: Kingambit|Air Balloon
|move|p2a: Zoroark|Shadow Ball|p1a: Kingambit
|-resisted|p1a: Kingambit
|-damage|p1a: Kingambit|71/100
|-enditem|p1a: Kingambit|Air Balloon
|
|upkeep
|turn|19
|
|t:|1769336485
|switch|p2a: Kilowattrel|Kilowattrel, F|100/100
|move|p1a: Kingambit|Sucker Punch||[still]
|-fail|p1a: Kingambit
|
|upkeep
|turn|20
|
|t:|1769336488
|-end|p1a: Kingambit|fallen3|[silent]
|switch|p1a: Slowking|Slowking-Galar, M, shiny|63/100
|-damage|p1a: Slowking|50/100|[from] Stealth Rock
|move|p2a: Kilowattrel|Thunder Wave|p1a: Slowking
|-status|p1a: Slowking|par
|
|upkeep
|turn|21
|
|t:|1769336492
|move|p2a: Kilowattrel|Air Slash|p1a: Slowking
|-damage|p1a: Slowking|31/100 par
|move|p1a: Slowking|Whirlpool|p2a: Kilowattrel
|-damage|p2a: Kilowattrel|85/100
|-activate|p2a: Kilowattrel|move: Whirlpool|[of] p1a: Slowking
|
|-damage|p2a: Kilowattrel|72/100|[from] move: Whirlpool|[partiallytrapped]
|upkeep
|turn|22
|
|t:|1769336499
|move|p2a: Kilowattrel|Air Slash|p1a: Slowking
|-damage|p1a: Slowking|14/100 par
|cant|p1a: Slowking|par
|
|-damage|p2a: Kilowattrel|60/100|[from] move: Whirlpool|[partiallytrapped]
|upkeep
|turn|23
|
|t:|1769336504
|move|p2a: Kilowattrel|Volt Switch|p1a: Slowking
|-damage|p1a: Slowking|0 fnt
|faint|p1a: Slowking
|
|t:|1769336507
|switch|p2a: Kyurem|Kyurem|100/100|[from] Volt Switch
|-ability|p2a: Kyurem|Pressure
|
|upkeep
|
|t:|1769336512
|switch|p1a: Kingambit|Kingambit, M, shiny|71/100
|-damage|p1a: Kingambit|65/100|[from] Stealth Rock
|-activate|p1a: Kingambit|ability: Supreme Overlord
|-start|p1a: Kingambit|fallen4|[silent]
|turn|24
|
|t:|1769336515
|move|p2a: Kyurem|Icicle Spear|p1a: Kingambit
|-resisted|p1a: Kingambit
|-damage|p1a: Kingambit|59/100
|-resisted|p1a: Kingambit
|-damage|p1a: Kingambit|54/100
|-resisted|p1a: Kingambit
|-damage|p1a: Kingambit|48/100
|-resisted|p1a: Kingambit
|-damage|p1a: Kingambit|42/100
|-resisted|p1a: Kingambit
|-damage|p1a: Kingambit|36/100
|-hitcount|p1a: Kingambit|5
|move|p1a: Kingambit|Iron Head|p2a: Kyurem
|-supereffective|p2a: Kyurem
|-damage|p2a: Kyurem|0 fnt
|faint|p2a: Kyurem
|
|upkeep
|
|t:|1769336527
|switch|p2a: Great Tusk|Great Tusk, tera:Poison|26/100
|turn|25
|
|t:|1769336533
|move|p1a: Kingambit|Sucker Punch|p2a: Great Tusk
|-damage|p2a: Great Tusk|0 fnt
|faint|p2a: Great Tusk
|-end|p2a: Great Tusk|Protosynthesis|[silent]
|
|upkeep
|
|t:|1769336537
|switch|p2a: Kilowattrel|Kilowattrel, F|60/100
|turn|26
|
|t:|1769336542
|move|p2a: Kilowattrel|Thunder Wave|p1a: Kingambit
|-status|p1a: Kingambit|par
|move|p1a: Kingambit|Iron Head|p2a: Kilowattrel
|-resisted|p2a: Kilowattrel
|-damage|p2a: Kilowattrel|8/100
|
|upkeep
|turn|27
|
|t:|1769336552
|move|p2a: Kilowattrel|Volt Switch|p1a: Kingambit
|-damage|p1a: Kingambit|0 fnt
|faint|p1a: Kingambit
|-end|p1a: Kingambit|fallen4|[silent]
|
|t:|1769336554
|switch|p2a: Kilowattrel|Kilowattrel, F|67/100|[from] Volt Switch
|
|upkeep
|
|t:|1769336558
|switch|p1a: Gliscor|Gliscor, M, shiny|100/100
|-damage|p1a: Gliscor|88/100|[from] Stealth Rock
|turn|28
|
|t:|1769336562
|move|p1a: Gliscor|Protect|p1a: Gliscor
|-singleturn|p1a: Gliscor|Protect
|move|p2a: Kilowattrel|Shadow Ball|p1a: Gliscor
|-activate|p1a: Gliscor|move: Protect
|
|-status|p1a: Gliscor|tox|[from] item: Toxic Orb
|upkeep
|turn|29
|
|t:|1769336569
|move|p2a: Kilowattrel|Shadow Ball|p1a: Gliscor
|-damage|p1a: Gliscor|28/100 tox
|move|p1a: Gliscor|Earthquake|p2a: Kilowattrel
|-damage|p2a: Kilowattrel|0 fnt
|replace|p2a: Zoroark|Zoroark-Hisui, M
|-end|p2a: Zoroark|Illusion
|faint|p2a: Zoroark
|
|-heal|p1a: Gliscor|41/100 tox|[from] ability: Poison Heal
|upkeep
|
|t:|1769336574
|switch|p2a: Kilowattrel|Kilowattrel, F|8/100
|turn|30
|
|t:|1769336576
|move|p1a: Gliscor|Protect|p1a: Gliscor
|-singleturn|p1a: Gliscor|Protect
|move|p2a: Kilowattrel|Air Slash|p1a: Gliscor
|-activate|p1a: Gliscor|move: Protect
|
|-heal|p1a: Gliscor|53/100 tox|[from] ability: Poison Heal
|upkeep
|turn|31
|
|t:|1769336582
|move|p1a: Gliscor|Protect|p1a: Gliscor
|-singleturn|p1a: Gliscor|Protect
|move|p2a: Kilowattrel|Air Slash|p1a: Gliscor
|-activate|p1a: Gliscor|move: Protect
|
|-heal|p1a: Gliscor|65/100 tox|[from] ability: Poison Heal
|upkeep
|turn|32
|
|t:|1769336590
|-terastallize|p1a: Gliscor|Fairy
|move|p2a: Kilowattrel|Air Slash|p1a: Gliscor
|-damage|p1a: Gliscor|15/100 tox
|cant|p1a: Gliscor|flinch
|
|-heal|p1a: Gliscor|27/100 tox|[from] ability: Poison Heal
|upkeep
|turn|33
|
|t:|1769336597
|move|p1a: Gliscor|Protect|p1a: Gliscor
|-singleturn|p1a: Gliscor|Protect
|move|p2a: Kilowattrel|Volt Switch|p1a: Gliscor
|-activate|p1a: Gliscor|move: Protect
|
|-heal|p1a: Gliscor|39/100 tox|[from] ability: Poison Heal
|upkeep
|turn|34
|
|t:|1769336599
|move|p1a: Gliscor|Protect|p1a: Gliscor
|-singleturn|p1a: Gliscor|Protect
|move|p2a: Kilowattrel|Volt Switch|p1a: Gliscor
|-activate|p1a: Gliscor|move: Protect
|
|-heal|p1a: Gliscor|52/100 tox|[from] ability: Poison Heal
|upkeep
|turn|35
|
|t:|1769336607
|move|p2a: Kilowattrel|Air Slash|p1a: Gliscor
|-damage|p1a: Gliscor|0 fnt
|faint|p1a: Gliscor
|
|win|hadow_victini
|raw|mamielover's rating: 1398 &rarr; <strong>1379</strong><br />(-19 for losing)
|raw|hadow_victini's rating: 1424 &rarr; <strong>1443</strong><br />(+19 for winning)
|l|☆mamielover
|player|p1|
|c|☆hadow_victini|gg
|l|☆hadow_victini
|player|p2|
