|j|☆Laviii
|j|☆floatzeltheking
|t:|1769442728
|gametype|singles
|player|p1|Laviii|bellelba|1058
|player|p2|floatzeltheking|brycen|1027
|gen|9
|tier|[Gen 9] OU
|rated|
|rule|HP Percentage Mod: HP is shown in percentages
|rule|Endless Battle Clause: Forcing endless battles is banned
|rule|Species Clause: Limit one of each Pokémon
|rule|OHKO Clause: OHKO moves are banned
|rule|Evasion Items Clause: Evasion items are banned
|rule|Evasion Moves Clause: Evasion moves are banned
|rule|Evasion Abilities Clause: Evasion abilities are banned
|rule|Sleep Moves Clause: Sleep-inducing moves are banned
|clearpoke
|poke|p1|Iron Crown|
|poke|p1|Samurott-Hisui, M|
|poke|p1|Zapdos|
|poke|p1|Dragapult, F|
|poke|p1|Great Tusk|
|poke|p1|Iron Boulder|
|poke|p2|Floatzel, M|
|poke|p2|Krookodile, M|
|poke|p2|Venomoth, F|
|poke|p2|Pelipper, F|
|poke|p2|Eelektross, F|
|poke|p2|Espeon, F|
|teampreview
|inactive|Battle timer is ON: inactive players will automatically lose when time's up. (requested by Laviii)
|
|t:|1769442745
|teamsize|p1|6
|teamsize|p2|6
|start
|switch|p1a: Hurikan|Zapdos|100/100
|switch|p2a: Cat|Espeon, F|100/100
|turn|1
|
|t:|1769442754
|move|p2a: Cat|Calm Mind|p2a: Cat
|-boost|p2a: Cat|spa|1
|-boost|p2a: Cat|spd|1
|move|p1a: Hurikan|U-turn|p2a: Cat
|-supereffective|p2a: Cat
|-damage|p2a: Cat|54/100
|
|t:|1769442756
|switch|p1a: Pump It|Great Tusk|100/100|[from] U-turn
|
|upkeep
|turn|2
|
|t:|1769442768
|move|p2a: Cat|Psychic|p1a: Pump It
|-supereffective|p1a: Pump It
|-crit|p1a: Pump It
|-damage|p1a: Pump It|0 fnt
|faint|p1a: Pump It
|-end|p1a: Pump It|Protosynthesis|[silent]
|-damage|p2a: Cat|44/100|[from] item: Life Orb
|
|upkeep
|
|t:|1769442775
|switch|p1a: Everytime We Touch|Samurott-Hisui, M|100/100
|turn|3
|
|t:|1769442778
|move|p1a: Everytime We Touch|Ceaseless Edge|p2a: Cat
|-supereffective|p2a: Cat
|-damage|p2a: Cat|0 fnt
|-sidestart|p2: floatzeltheking|Spikes
|faint|p2a: Cat
|
|upkeep
|
|t:|1769442787
|switch|p2a: Eelizabeth|Eelektross, F|100/100
|turn|4
|
|t:|1769442795
|move|p1a: Everytime We Touch|Ceaseless Edge|p2a: Eelizabeth
|-crit|p2a: Eelizabeth
|-damage|p2a: Eelizabeth|26/100
|-sidestart|p2: floatzeltheking|Spikes
|move|p2a: Eelizabeth|Drain Punch|p1a: Everytime We Touch
|-supereffective|p1a: Everytime We Touch
|-damage|p1a: Everytime We Touch|13/100
|-heal|p2a: Eelizabeth|64/100|[from] drain|[of] p1a: Everytime We Touch
|-damage|p2a: Eelizabeth|54/100|[from] item: Life Orb
|
|upkeep
|turn|5
|
|t:|1769442805
|move|p1a: Everytime We Touch|Ceaseless Edge|p2a: Eelizabeth
|-damage|p2a: Eelizabeth|9/100
|-sidestart|p2: floatzeltheking|Spikes
|move|p2a: Eelizabeth|Drain Punch|p1a: Everytime We Touch
|-supereffective|p1a: Everytime We Touch
|-damage|p1a: Everytime We Touch|0 fnt
|-heal|p2a: Eelizabeth|14/100|[from] drain|[of] p1a: Everytime We Touch
|faint|p1a: Everytime We Touch
|-damage|p2a: Eelizabeth|4/100|[from] item: Life Orb
|
|upkeep
|
|t:|1769442811
|switch|p1a: Hurikan|Zapdos|100/100
|turn|6
|
|t:|1769442816
|move|p1a: Hurikan|Discharge|p2a: Eelizabeth
|-resisted|p2a: Eelizabeth
|-damage|p2a: Eelizabeth|0 fnt
|faint|p2a: Eelizabeth
|
|upkeep
|
|t:|1769442825
|switch|p2a: Pelican|Pelipper, F|100/100
|-weather|RainDance|[from] ability: Drizzle|[of] p2a: Pelican
|turn|7
|
|t:|1769442834
|move|p2a: Pelican|Hurricane|p1a: Hurikan
|-resisted|p1a: Hurikan
|-damage|p1a: Hurikan|79/100
|move|p1a: Hurikan|Discharge|p2a: Pelican
|-supereffective|p2a: Pelican
|-damage|p2a: Pelican|0 fnt
|faint|p2a: Pelican
|
|-weather|RainDance|[upkeep]
|upkeep
|
|t:|1769442840
|switch|p2a: Goatzel|Floatzel, M|100/100
|-damage|p2a: Goatzel|76/100|[from] Spikes
|turn|8
|
|t:|1769442845
|move|p2a: Goatzel|Ice Spinner|p1a: Hurikan
|-supereffective|p1a: Hurikan
|-damage|p1a: Hurikan|24/100
|move|p1a: Hurikan|Discharge|p2a: Goatzel
|-supereffective|p2a: Goatzel
|-damage|p2a: Goatzel|0 fnt
|faint|p2a: Goatzel
|
|-weather|RainDance|[upkeep]
|upkeep
|-message|floatzeltheking forfeited.
|
|win|Laviii
|raw|Laviii's rating: 1058 &rarr; <strong>1087</strong><br />(+29 for winning)
|raw|floatzeltheking's rating: 1027 &rarr; <strong>1014</strong><br />(-13 for losing)
