|j|☆SquilliamTG
|j|☆ohlookarock3
|t:|1769405875
|gametype|singles
|player|p1|SquilliamTG|silver|1591
|player|p2|ohlookarock3|geeta|1554
|gen|9
|tier|[Gen 9] OU
|rated|
|rule|HP Percentage Mod: HP is shown in percentages
|rule|Endless Battle Clause: Forcing endless battles is banned
|rule|Species Clause: Limit one of each Pokémon
|rule|OHKO Clause: OHKO moves are banned
|rule|Evasion Items Clause: Evasion items are banned
|rule|Evasion Moves Clause: Evasion moves are banned
|rule|Evasion Abilities Clause: Evasion abilities are banned
|rule|Sleep Moves Clause: Sleep-inducing moves are banned
|clearpoke
|poke|p1|Great Tusk|
|poke|p1|Magnezone|
|poke|p1|Slowking-Galar, M|
|poke|p1|Dragonite, F|
|poke|p1|Alomomola, F|
|poke|p1|Zamazenta-*|
|poke|p2|Hatterene, F|
|poke|p2|Iron Treads|
|poke|p2|Ceruledge, F|
|poke|p2|Ting-Lu|
|poke|p2|Dragonite, F|
|poke|p2|Kyurem|
|teampreview
|inactive|Battle timer is ON: inactive players will automatically lose when time's up. (requested by ohlookarock3)
|inactive|SquilliamTG also wants the timer to be on.
|j| zommbie
|
|t:|1769405886
|teamsize|p1|6
|teamsize|p2|6
|start
|switch|p1a: Zamazenta|Zamazenta|100/100
|switch|p2a: Ting-Lu|Ting-Lu|100/100
|-ability|p1a: Zamazenta|Dauntless Shield|boost
|-boost|p1a: Zamazenta|def|1
|-ability|p2a: Ting-Lu|Vessel of Ruin
|turn|1
|
|t:|1769405894
|move|p1a: Zamazenta|Close Combat|p2a: Ting-Lu
|-supereffective|p2a: Ting-Lu
|-damage|p2a: Ting-Lu|17/100
|-unboost|p1a: Zamazenta|def|1
|-unboost|p1a: Zamazenta|spd|1
|move|p2a: Ting-Lu|Whirlwind|p1a: Zamazenta
|drag|p1a: Alomomola|Alomomola, F|100/100
|
|-heal|p2a: Ting-Lu|23/100|[from] item: Leftovers
|upkeep
|turn|2
|
|t:|1769405904
|move|p1a: Alomomola|Flip Turn|p2a: Ting-Lu
|-supereffective|p2a: Ting-Lu
|-damage|p2a: Ting-Lu|7/100
|
|t:|1769405907
|switch|p1a: Great Tusk|Great Tusk|100/100|[from] Flip Turn
|move|p2a: Ting-Lu|Stealth Rock|p1a: Great Tusk
|-sidestart|p1: SquilliamTG|move: Stealth Rock
|
|-heal|p2a: Ting-Lu|13/100|[from] item: Leftovers
|upkeep
|turn|3
|
|t:|1769405919
|switch|p2a: Ceruledge|Ceruledge, F|100/100
|move|p1a: Great Tusk|Headlong Rush|p2a: Ceruledge
|-supereffective|p2a: Ceruledge
|-enditem|p2a: Ceruledge|Focus Sash
|-damage|p2a: Ceruledge|1/100
|-unboost|p1a: Great Tusk|def|1
|-unboost|p1a: Great Tusk|spd|1
|-ability|p2a: Ceruledge|Weak Armor|boost
|-unboost|p2a: Ceruledge|def|1
|-boost|p2a: Ceruledge|spe|2
|
|upkeep
|turn|4
|
|t:|1769405930
|-end|p1a: Great Tusk|Protosynthesis|[silent]
|switch|p1a: Alomomola|Alomomola, F|100/100
|move|p2a: Ceruledge|Close Combat|p1a: Alomomola
|-damage|p1a: Alomomola|78/100
|-unboost|p2a: Ceruledge|def|1
|-unboost|p2a: Ceruledge|spd|1
|
|upkeep
|turn|5
|
|t:|1769405937
|move|p2a: Ceruledge|Close Combat|p1a: Alomomola
|-damage|p1a: Alomomola|57/100
|-unboost|p2a: Ceruledge|def|1
|-unboost|p2a: Ceruledge|spd|1
|move|p1a: Alomomola|Flip Turn|p2a: Ceruledge
|-supereffective|p2a: Ceruledge
|-damage|p2a: Ceruledge|0 fnt
|faint|p2a: Ceruledge
|
|t:|1769405961
|switch|p1a: Zamazenta|Zamazenta|100/100|[from] Flip Turn
|-damage|p1a: Zamazenta|94/100|[from] Stealth Rock
|
|upkeep
|
|t:|1769405966
|switch|p2a: Hatterene|Hatterene, F|100/100
|turn|6
|
|t:|1769405969
|switch|p1a: Slowking|Slowking-Galar, M|100/100
|move|p2a: Hatterene|Draining Kiss|p1a: Slowking
|-resisted|p1a: Slowking
|-damage|p1a: Slowking|93/100
|
|upkeep
|turn|7
|
|t:|1769405976
|move|p2a: Hatterene|Nuzzle|p1a: Slowking
|-damage|p1a: Slowking|89/100
|-status|p1a: Slowking|par
|-prepare|p1a: Slowking|Chilly Reception|[premajor]
|cant|p1a: Slowking|par
|
|upkeep
|turn|8
|
|t:|1769405983
|move|p2a: Hatterene|Psyshock|p1a: Slowking
|-damage|p1a: Slowking|43/100 par
|-prepare|p1a: Slowking|Chilly Reception|[premajor]
|cant|p1a: Slowking|par
|
|upkeep
|turn|9
|
|t:|1769405988
|switch|p1a: Magnezone|Magnezone|100/100
|-damage|p1a: Magnezone|94/100|[from] Stealth Rock
|move|p2a: Hatterene|Psyshock|p1a: Magnezone
|-resisted|p1a: Magnezone
|-damage|p1a: Magnezone|71/100
|
|upkeep
|turn|10
|
|t:|1769405995
|switch|p2a: Ting-Lu|Ting-Lu|13/100
|-ability|p2a: Ting-Lu|Vessel of Ruin
|move|p1a: Magnezone|Flash Cannon|p2a: Ting-Lu
|-damage|p2a: Ting-Lu|0 fnt
|faint|p2a: Ting-Lu
|
|upkeep
|
|t:|1769405998
|switch|p2a: Iron Treads|Iron Treads|100/100
|turn|11
|
|t:|1769406004
|switch|p1a: Alomomola|Alomomola, F|90/100
|move|p2a: Iron Treads|Earthquake|p1a: Alomomola
|-damage|p1a: Alomomola|66/100
|
|upkeep
|turn|12
|
|t:|1769406009
|move|p2a: Iron Treads|Knock Off|p1a: Alomomola
|-damage|p1a: Alomomola|48/100
|-enditem|p1a: Alomomola|Heavy-Duty Boots|[from] move: Knock Off|[of] p2a: Iron Treads
|move|p1a: Alomomola|Flip Turn|p2a: Iron Treads
|-supereffective|p2a: Iron Treads
|-damage|p2a: Iron Treads|69/100
|
|t:|1769406016
|switch|p1a: Great Tusk|Great Tusk|100/100|[from] Flip Turn
|
|-heal|p2a: Iron Treads|75/100|[from] item: Leftovers
|upkeep
|turn|13
|
|t:|1769406021
|-end|p2a: Iron Treads|Quark Drive|[silent]
|switch|p2a: Hatterene|Hatterene, F|100/100
|move|p1a: Great Tusk|Rapid Spin|p2a: Hatterene
|-damage|p2a: Hatterene|84/100
|-boost|p1a: Great Tusk|spe|1
|-sideend|p1: SquilliamTG|Stealth Rock|[from] move: Rapid Spin|[of] p1a: Great Tusk
|
|upkeep
|turn|14
|
|t:|1769406040
|-end|p1a: Great Tusk|Protosynthesis|[silent]
|switch|p1a: Slowking|Slowking-Galar, M|77/100 par
|move|p2a: Hatterene|Draining Kiss|p1a: Slowking
|-resisted|p1a: Slowking
|-damage|p1a: Slowking|69/100 par
|-heal|p2a: Hatterene|92/100|[from] drain|[of] p1a: Slowking
|
|upkeep
|turn|15
|
|t:|1769406047
|move|p2a: Hatterene|Psyshock|p1a: Slowking
|-damage|p1a: Slowking|25/100 par
|-prepare|p1a: Slowking|Chilly Reception|[premajor]
|cant|p1a: Slowking|par
|
|upkeep
|turn|16
|
|t:|1769406053
|switch|p2a: Iron Treads|Iron Treads|75/100
|-prepare|p1a: Slowking|Chilly Reception|[premajor]
|cant|p1a: Slowking|par
|
|-heal|p2a: Iron Treads|81/100|[from] item: Leftovers
|upkeep
|turn|17
|
|t:|1769406060
|switch|p1a: Zamazenta|Zamazenta|94/100
|move|p2a: Iron Treads|Earthquake|p1a: Zamazenta
|-damage|p1a: Zamazenta|48/100
|
|-heal|p2a: Iron Treads|87/100|[from] item: Leftovers
|upkeep
|turn|18
|
|t:|1769406072
|switch|p1a: Magnezone|Magnezone|71/100
|-end|p2a: Iron Treads|Quark Drive|[silent]
|switch|p2a: Hatterene|Hatterene, F|92/100
|
|upkeep
|turn|19
|
|t:|1769406077
|switch|p2a: Iron Treads|Iron Treads|87/100
|move|p1a: Magnezone|Flash Cannon|p2a: Iron Treads
|-resisted|p2a: Iron Treads
|-damage|p2a: Iron Treads|43/100
|
|-heal|p2a: Iron Treads|49/100|[from] item: Leftovers
|upkeep
|turn|20
|
|t:|1769406085
|switch|p1a: Alomomola|Alomomola, F|82/100
|move|p2a: Iron Treads|Earthquake|p1a: Alomomola
|-damage|p1a: Alomomola|54/100
|
|-heal|p2a: Iron Treads|55/100|[from] item: Leftovers
|upkeep
|turn|21
|
|t:|1769406091
|-end|p2a: Iron Treads|Quark Drive|[silent]
|switch|p2a: Kyurem|Kyurem|100/100
|-ability|p2a: Kyurem|Pressure
|move|p1a: Alomomola|Flip Turn|p2a: Kyurem
|-resisted|p2a: Kyurem
|-damage|p2a: Kyurem|93/100
|
|t:|1769406098
|switch|p1a: Zamazenta|Zamazenta|48/100|[from] Flip Turn
|
|upkeep
|turn|22
|
|t:|1769406107
|switch|p2a: Hatterene|Hatterene, F|92/100
|move|p1a: Zamazenta|Close Combat|p2a: Hatterene
|-resisted|p2a: Hatterene
|-crit|p2a: Hatterene
|-damage|p2a: Hatterene|58/100
|-unboost|p1a: Zamazenta|def|1
|-unboost|p1a: Zamazenta|spd|1
|
|upkeep
|turn|23
|
|t:|1769406120
|switch|p1a: Magnezone|Magnezone|71/100
|move|p2a: Hatterene|Draining Kiss|p1a: Magnezone
|-resisted|p1a: Magnezone
|-damage|p1a: Magnezone|54/100
|-heal|p2a: Hatterene|69/100|[from] drain|[of] p1a: Magnezone
|
|upkeep
|turn|24
|
|t:|1769406127
|switch|p2a: Iron Treads|Iron Treads|55/100
|move|p1a: Magnezone|Flash Cannon|p2a: Iron Treads
|-resisted|p2a: Iron Treads
|-damage|p2a: Iron Treads|7/100
|
|-heal|p2a: Iron Treads|14/100|[from] item: Leftovers
|upkeep
|turn|25
|
|t:|1769406134
|switch|p1a: Alomomola|Alomomola, F|88/100
|move|p2a: Iron Treads|Earthquake|p1a: Alomomola
|-damage|p1a: Alomomola|62/100
|
|-heal|p2a: Iron Treads|20/100|[from] item: Leftovers
|upkeep
|turn|26
|
|t:|1769406140
|move|p2a: Iron Treads|Earthquake|p1a: Alomomola
|-damage|p1a: Alomomola|37/100
|move|p1a: Alomomola|Flip Turn|p2a: Iron Treads
|-supereffective|p2a: Iron Treads
|-damage|p2a: Iron Treads|0 fnt
|faint|p2a: Iron Treads
|-end|p2a: Iron Treads|Quark Drive|[silent]
|
|t:|1769406153
|switch|p1a: Slowking|Slowking-Galar, M|58/100 par|[from] Flip Turn
|
|upkeep
|
|t:|1769406156
|switch|p2a: Kyurem|Kyurem|93/100
|-ability|p2a: Kyurem|Pressure
|turn|27
|
|t:|1769406163
|move|p2a: Kyurem|Ice Beam|p1a: Slowking
|-damage|p1a: Slowking|15/100 par
|move|p1a: Slowking|Sludge Bomb|p2a: Kyurem
|-damage|p2a: Kyurem|60/100
|
|upkeep
|turn|28
|
|t:|1769406172
|move|p2a: Kyurem|Ice Beam|p1a: Slowking
|-damage|p1a: Slowking|0 fnt
|faint|p1a: Slowking
|
|upkeep
|
|t:|1769406185
|switch|p1a: Magnezone|Magnezone|54/100
|turn|29
|
|t:|1769406189
|move|p2a: Kyurem|Ice Beam|p1a: Magnezone
|-resisted|p1a: Magnezone
|-damage|p1a: Magnezone|7/100
|move|p1a: Magnezone|Flash Cannon|p2a: Kyurem
|-supereffective|p2a: Kyurem
|-damage|p2a: Kyurem|0 fnt
|faint|p2a: Kyurem
|
|upkeep
|
|t:|1769406192
|switch|p2a: Dragonite|Dragonite, F|100/100
|turn|30
|
|t:|1769406198
|move|p2a: Dragonite|Earthquake|p1a: Magnezone
|-supereffective|p1a: Magnezone
|-damage|p1a: Magnezone|0 fnt
|faint|p1a: Magnezone
|
|upkeep
|
|t:|1769406205
|switch|p1a: Great Tusk|Great Tusk|100/100
|turn|31
|
|t:|1769406207
|-terastallize|p2a: Dragonite|Fairy
|move|p1a: Great Tusk|Ice Spinner|p2a: Dragonite
|-damage|p2a: Dragonite|88/100
|move|p2a: Dragonite|Dragon Dance|p2a: Dragonite
|-boost|p2a: Dragonite|atk|1
|-boost|p2a: Dragonite|spe|1
|
|-heal|p2a: Dragonite|94/100|[from] item: Leftovers
|upkeep
|turn|32
|
|t:|1769406219
|-end|p1a: Great Tusk|Protosynthesis|[silent]
|switch|p1a: Dragonite|Dragonite, F|100/100
|move|p2a: Dragonite|Dragon Dance|p2a: Dragonite
|-boost|p2a: Dragonite|atk|1
|-boost|p2a: Dragonite|spe|1
|
|-heal|p2a: Dragonite|99/100|[from] item: Leftovers
|upkeep
|turn|33
|
|t:|1769406230
|-terastallize|p1a: Dragonite|Normal
|move|p2a: Dragonite|Tera Blast|p1a: Dragonite|[anim] Tera Blast Fairy
|-damage|p1a: Dragonite|57/100
|move|p1a: Dragonite|Encore|p2a: Dragonite
|-start|p2a: Dragonite|Encore
|
|-heal|p2a: Dragonite|100/100|[from] item: Leftovers
|upkeep
|turn|34
|
|t:|1769406238
|move|p1a: Dragonite|Extreme Speed|p2a: Dragonite
|-damage|p2a: Dragonite|80/100
|move|p2a: Dragonite|Tera Blast|p1a: Dragonite|[anim] Tera Blast Fairy
|-damage|p1a: Dragonite|0 fnt
|faint|p1a: Dragonite
|
|-heal|p2a: Dragonite|86/100|[from] item: Leftovers
|upkeep
|
|t:|1769406246
|switch|p1a: Alomomola|Alomomola, F|70/100
|turn|35
|
|t:|1769406248
|move|p2a: Dragonite|Tera Blast|p1a: Alomomola|[anim] Tera Blast Fairy
|-damage|p1a: Alomomola|28/100
|move|p1a: Alomomola|Scald|p2a: Dragonite
|-damage|p2a: Dragonite|75/100
|
|-heal|p2a: Dragonite|81/100|[from] item: Leftovers
|upkeep
|turn|36
|-message|SquilliamTG forfeited.
|
|win|ohlookarock3
|raw|SquilliamTG's rating: 1591 &rarr; <strong>1569</strong><br />(-22 for losing)
|raw|ohlookarock3's rating: 1554 &rarr; <strong>1576</strong><br />(+22 for winning)
|l|☆SquilliamTG
|player|p1|
|l|☆ohlookarock3
|player|p2|
|l| zommbie
