|j|☆Magguss
|j|☆pokemayakumo
|t:|1769343713
|gametype|singles
|player|p1|Magguss|red-gen1|1789
|player|p2|pokemayakumo|caitlin|1718
|gen|9
|tier|[Gen 9] OU
|rated|
|rule|HP Percentage Mod: HP is shown in percentages
|rule|Endless Battle Clause: Forcing endless battles is banned
|rule|Species Clause: Limit one of each Pokémon
|rule|OHKO Clause: OHKO moves are banned
|rule|Evasion Items Clause: Evasion items are banned
|rule|Evasion Moves Clause: Evasion moves are banned
|rule|Evasion Abilities Clause: Evasion abilities are banned
|rule|Sleep Moves Clause: Sleep-inducing moves are banned
|clearpoke
|poke|p1|Zamazenta-*|
|poke|p1|Ursaluna, M|
|poke|p1|Sinistcha|
|poke|p1|Raging Bolt|
|poke|p1|Cinderace, M|
|poke|p1|Azumarill, F|
|poke|p2|Ditto|
|poke|p2|Kingambit, M|
|poke|p2|Ninetales-Alola, F|
|poke|p2|Rillaboom, F|
|poke|p2|Manaphy|
|poke|p2|Corviknight, F|
|teampreview
|inactive|Battle timer is ON: inactive players will automatically lose when time's up. (requested by Magguss)
|
|t:|1769343724
|teamsize|p1|6
|teamsize|p2|6
|start
|switch|p1a: Cinderace|Cinderace, M|100/100
|switch|p2a: Manaphy|Manaphy|100/100
|turn|1
|
|t:|1769343729
|move|p1a: Cinderace|High Jump Kick|p2a: Manaphy
|-start|p1a: Cinderace|typechange|Fighting|[from] ability: Libero
|-damage|p2a: Manaphy|43/100
|move|p2a: Manaphy|Tail Glow|p2a: Manaphy
|-boost|p2a: Manaphy|spa|3
|
|-heal|p2a: Manaphy|49/100|[from] item: Leftovers
|upkeep
|turn|2
|
|t:|1769343736
|move|p1a: Cinderace|High Jump Kick|p2a: Manaphy
|-damage|p2a: Manaphy|0 fnt
|faint|p2a: Manaphy
|
|upkeep
|
|t:|1769343741
|switch|p2a: Rillaboom|Rillaboom, F|100/100
|-fieldstart|move: Grassy Terrain|[from] ability: Grassy Surge|[of] p2a: Rillaboom
|turn|3
|
|t:|1769343743
|move|p1a: Cinderace|Pyro Ball|p2a: Rillaboom
|-supereffective|p2a: Rillaboom
|-damage|p2a: Rillaboom|10/100
|move|p2a: Rillaboom|Swords Dance|p2a: Rillaboom
|-boost|p2a: Rillaboom|atk|2
|
|-heal|p2a: Rillaboom|16/100|[from] Grassy Terrain
|upkeep
|turn|4
|
|t:|1769343746
|move|p1a: Cinderace|Sucker Punch|p2a: Rillaboom
|-damage|p2a: Rillaboom|0 fnt
|faint|p2a: Rillaboom
|
|upkeep
|
|t:|1769343749
|switch|p2a: Ditto|Ditto|100/100
|-transform|p2a: Ditto|p1a: Cinderace|[from] ability: Imposter
|turn|5
|
|t:|1769343751
|move|p1a: Cinderace|High Jump Kick|p2a: Ditto
|-damage|p2a: Ditto|15/100
|move|p2a: Ditto|High Jump Kick|p1a: Cinderace
|-damage|p1a: Cinderace|4/100
|
|-heal|p2a: Ditto|21/100|[from] Grassy Terrain
|-heal|p1a: Cinderace|10/100|[from] Grassy Terrain
|upkeep
|turn|6
|
|t:|1769343754
|move|p1a: Cinderace|Sucker Punch|p2a: Ditto
|-resisted|p2a: Ditto
|-damage|p2a: Ditto|5/100
|move|p2a: Ditto|Pyro Ball|p1a: Cinderace
|-start|p2a: Ditto|typechange|Fire|[from] ability: Libero
|-damage|p1a: Cinderace|0 fnt
|faint|p1a: Cinderace
|
|-heal|p2a: Ditto|11/100|[from] Grassy Terrain
|upkeep
|
|t:|1769343759
|switch|p1a: Azumarill|Azumarill, F, shiny|100/100
|turn|7
|
|t:|1769343762
|move|p1a: Azumarill|Aqua Jet|p2a: Ditto
|-supereffective|p2a: Ditto
|-damage|p2a: Ditto|0 fnt
|faint|p2a: Ditto
|
|-fieldend|move: Grassy Terrain
|upkeep
|j| Kingmilong
|
|t:|1769343767
|switch|p2a: Ninetales|Ninetales-Alola, F|100/100
|-weather|Snowscape|[from] ability: Snow Warning|[of] p2a: Ninetales
|turn|8
|
|t:|1769343770
|move|p2a: Ninetales|Aurora Veil|p2a: Ninetales
|-sidestart|p2: pokemayakumo|move: Aurora Veil
|move|p1a: Azumarill|Play Rough|p2a: Ninetales
|-damage|p2a: Ninetales|76/100
|
|-weather|Snowscape|[upkeep]
|upkeep
|turn|9
|
|t:|1769343775
|move|p2a: Ninetales|Freeze-Dry|p1a: Azumarill
|-supereffective|p1a: Azumarill
|-damage|p1a: Azumarill|58/100
|move|p1a: Azumarill|Play Rough|p2a: Ninetales
|-damage|p2a: Ninetales|55/100
|
|-weather|Snowscape|[upkeep]
|upkeep
|turn|10
|
|t:|1769343781
|move|p2a: Ninetales|Freeze-Dry|p1a: Azumarill
|-supereffective|p1a: Azumarill
|-damage|p1a: Azumarill|17/100
|move|p1a: Azumarill|Play Rough|p2a: Ninetales
|-damage|p2a: Ninetales|32/100
|
|-weather|Snowscape|[upkeep]
|upkeep
|turn|11
|
|t:|1769343787
|move|p1a: Azumarill|Aqua Jet|p2a: Ninetales
|-damage|p2a: Ninetales|21/100
|move|p2a: Ninetales|Freeze-Dry|p1a: Azumarill
|-supereffective|p1a: Azumarill
|-damage|p1a: Azumarill|0 fnt
|faint|p1a: Azumarill
|
|-weather|Snowscape|[upkeep]
|upkeep
|j| Sviqma
|
|t:|1769343793
|switch|p1a: Sinistcha|Sinistcha|100/100
|turn|12
|
|t:|1769343797
|move|p2a: Ninetales|Freeze-Dry|p1a: Sinistcha
|-supereffective|p1a: Sinistcha
|-damage|p1a: Sinistcha|56/100
|move|p1a: Sinistcha|Matcha Gotcha|p2a: Ninetales
|-damage|p2a: Ninetales|6/100
|-heal|p1a: Sinistcha|64/100|[from] drain|[of] p2a: Ninetales
|
|-weather|none
|-heal|p1a: Sinistcha|70/100|[from] item: Leftovers
|upkeep
|turn|13
|
|t:|1769343804
|move|p2a: Ninetales|Freeze-Dry|p1a: Sinistcha
|-supereffective|p1a: Sinistcha
|-damage|p1a: Sinistcha|25/100
|move|p1a: Sinistcha|Matcha Gotcha|p2a: Ninetales
|-damage|p2a: Ninetales|0 fnt
|-heal|p1a: Sinistcha|27/100|[from] drain|[of] p2a: Ninetales
|faint|p2a: Ninetales
|
|-heal|p1a: Sinistcha|33/100|[from] item: Leftovers
|upkeep
|
|t:|1769343806
|switch|p2a: Kingambit|Kingambit, M, shiny|100/100
|-activate|p2a: Kingambit|ability: Supreme Overlord
|-start|p2a: Kingambit|fallen4|[silent]
|turn|14
|
|t:|1769343808
|move|p1a: Sinistcha|Strength Sap|p2a: Kingambit
|-unboost|p2a: Kingambit|atk|1
|-heal|p1a: Sinistcha|100/100
|move|p2a: Kingambit|Swords Dance|p2a: Kingambit
|-boost|p2a: Kingambit|atk|2
|
|upkeep
|turn|15
|l| Kingmilong
|
|t:|1769343811
|switch|p1a: Zamazenta|Zamazenta, shiny|100/100
|-ability|p1a: Zamazenta|Dauntless Shield|boost
|-boost|p1a: Zamazenta|def|1
|move|p2a: Kingambit|Swords Dance|p2a: Kingambit
|-boost|p2a: Kingambit|atk|2
|
|-sideend|p2: pokemayakumo|move: Aurora Veil
|upkeep
|turn|16
|
|t:|1769343817
|-terastallize|p2a: Kingambit|Ghost
|move|p1a: Zamazenta|Iron Defense|p1a: Zamazenta
|-boost|p1a: Zamazenta|def|2
|move|p2a: Kingambit|Brick Break|p1a: Zamazenta
|-damage|p1a: Zamazenta|69/100
|
|-heal|p1a: Zamazenta|75/100|[from] item: Leftovers
|upkeep
|turn|17
|
|t:|1769343820
|move|p2a: Kingambit|Swords Dance|p2a: Kingambit
|-boost|p2a: Kingambit|atk|2
|move|p1a: Zamazenta|Roar|p2a: Kingambit
|-end|p2a: Kingambit|fallen4|[silent]
|drag|p2a: Corviknight|Corviknight, F|100/100
|-ability|p2a: Corviknight|Pressure
|
|-heal|p1a: Zamazenta|82/100|[from] item: Leftovers
|upkeep
|turn|18
|
|t:|1769343824
|move|p1a: Zamazenta|Iron Defense|p1a: Zamazenta
|-boost|p1a: Zamazenta|def|2
|move|p2a: Corviknight|Iron Defense|p2a: Corviknight
|-boost|p2a: Corviknight|def|2
|
|-heal|p1a: Zamazenta|88/100|[from] item: Leftovers
|upkeep
|turn|19
|
|t:|1769343827
|move|p1a: Zamazenta|Iron Defense|p1a: Zamazenta
|-boost|p1a: Zamazenta|def|1
|move|p2a: Corviknight|Iron Defense|p2a: Corviknight
|-boost|p2a: Corviknight|def|2
|
|-heal|p1a: Zamazenta|94/100|[from] item: Leftovers
|upkeep
|turn|20
|
|t:|1769343829
|move|p2a: Corviknight|Body Press|p1a: Zamazenta
|-damage|p1a: Zamazenta|84/100
|move|p1a: Zamazenta|Roar|p2a: Corviknight
|drag|p2a: Kingambit|Kingambit, M, shiny, tera:Ghost|100/100
|-activate|p2a: Kingambit|ability: Supreme Overlord
|-start|p2a: Kingambit|fallen4|[silent]
|
|-heal|p1a: Zamazenta|90/100|[from] item: Leftovers
|upkeep
|turn|21
|
|t:|1769343832
|move|p1a: Zamazenta|Crunch|p2a: Kingambit
|-supereffective|p2a: Kingambit
|-damage|p2a: Kingambit|62/100
|move|p2a: Kingambit|Swords Dance|p2a: Kingambit
|-boost|p2a: Kingambit|atk|2
|
|-heal|p1a: Zamazenta|96/100|[from] item: Leftovers
|-heal|p2a: Kingambit|69/100|[from] item: Leftovers
|upkeep
|turn|22
|
|t:|1769343835
|move|p1a: Zamazenta|Crunch|p2a: Kingambit
|-supereffective|p2a: Kingambit
|-damage|p2a: Kingambit|35/100
|move|p2a: Kingambit|Brick Break|p1a: Zamazenta
|-damage|p1a: Zamazenta|80/100
|
|-heal|p1a: Zamazenta|87/100|[from] item: Leftovers
|-heal|p2a: Kingambit|41/100|[from] item: Leftovers
|upkeep
|turn|23
|
|t:|1769343838
|move|p1a: Zamazenta|Crunch|p2a: Kingambit
|-supereffective|p2a: Kingambit
|-damage|p2a: Kingambit|3/100
|move|p2a: Kingambit|Brick Break|p1a: Zamazenta
|-damage|p1a: Zamazenta|72/100
|
|-heal|p1a: Zamazenta|78/100|[from] item: Leftovers
|-heal|p2a: Kingambit|9/100|[from] item: Leftovers
|upkeep
|turn|24
|-message|pokemayakumo forfeited.
|
|win|Magguss
|raw|Magguss's rating: 1789 &rarr; <strong>1805</strong><br />(+16 for winning)
|raw|pokemayakumo's rating: 1718 &rarr; <strong>1702</strong><br />(-16 for losing)
|l|☆pokemayakumo
|player|p2|
|l|☆Magguss
|player|p1|
