|j|☆leaboteabo
|j|☆Wifegonefishplenty
|t:|1769426944
|gametype|singles
|player|p1|leaboteabo|266|1136
|player|p2|Wifegonefishplenty|fisherman|1099
|gen|9
|tier|[Gen 9] OU
|rated|
|rule|HP Percentage Mod: HP is shown in percentages
|rule|Endless Battle Clause: Forcing endless battles is banned
|rule|Species Clause: Limit one of each Pokémon
|rule|OHKO Clause: OHKO moves are banned
|rule|Evasion Items Clause: Evasion items are banned
|rule|Evasion Moves Clause: Evasion moves are banned
|rule|Evasion Abilities Clause: Evasion abilities are banned
|rule|Sleep Moves Clause: Sleep-inducing moves are banned
|clearpoke
|poke|p1|Zamazenta-*|
|poke|p1|Serperior, F|
|poke|p1|Gastrodon, F|
|poke|p1|Leavanny, M|
|poke|p1|Hatterene, F|
|poke|p1|Glastrier|
|poke|p2|Yanmega, F|
|poke|p2|Kommo-o, F|
|poke|p2|Gengar, F|
|poke|p2|Basculin-Blue-Striped, M|
|poke|p2|Thundurus, M|
|poke|p2|Conkeldurr, F|
|teampreview
|inactive|Battle timer is ON: inactive players will automatically lose when time's up. (requested by Wifegonefishplenty)
|
|t:|1769426951
|teamsize|p1|6
|teamsize|p2|6
|start
|switch|p1a: Leavanny|Leavanny, M|100/100
|switch|p2a: Honoured fish|Basculin-Blue-Striped, M|100/100
|turn|1
|
|t:|1769426962
|move|p1a: Leavanny|Sticky Web|p2a: Honoured fish
|-sidestart|p2: Wifegonefishplenty|move: Sticky Web
|move|p2a: Honoured fish|Head Smash|p1a: Leavanny
|-supereffective|p1a: Leavanny
|-damage|p1a: Leavanny|0 fnt
|faint|p1a: Leavanny
|-damage|p2a: Honoured fish|91/100|[from] item: Life Orb
|
|upkeep
|
|t:|1769426970
|switch|p1a: Serperior|Serperior, F|100/100
|turn|2
|
|t:|1769426973
|move|p1a: Serperior|Leaf Storm|p2a: Honoured fish
|-supereffective|p2a: Honoured fish
|-damage|p2a: Honoured fish|0 fnt
|-boost|p1a: Serperior|spa|2
|faint|p2a: Honoured fish
|
|upkeep
|
|t:|1769426977
|switch|p2a: Thing|Gengar, F|100/100
|-item|p2a: Thing|Air Balloon
|turn|3
|
|t:|1769426983
|switch|p1a: Gastrodon|Gastrodon, F|100/100
|move|p2a: Thing|Sludge Wave|p1a: Gastrodon
|-resisted|p1a: Gastrodon
|-damage|p1a: Gastrodon|81/100
|
|upkeep
|turn|4
|
|t:|1769426990
|move|p2a: Thing|Nasty Plot|p2a: Thing
|-boost|p2a: Thing|spa|2
|move|p1a: Gastrodon|Hydro Pump|p2a: Thing|[miss]
|-miss|p1a: Gastrodon|p2a: Thing
|
|upkeep
|turn|5
|
|t:|1769426996
|move|p2a: Thing|Shadow Ball|p1a: Gastrodon
|-crit|p1a: Gastrodon
|-damage|p1a: Gastrodon|0 fnt
|faint|p1a: Gastrodon
|
|upkeep
|
|t:|1769427002
|switch|p1a: Zamazenta|Zamazenta|100/100
|-ability|p1a: Zamazenta|Dauntless Shield|boost
|-boost|p1a: Zamazenta|def|1
|turn|6
|
|t:|1769427007
|move|p1a: Zamazenta|Crunch|p2a: Thing
|-supereffective|p2a: Thing
|-damage|p2a: Thing|9/100
|-enditem|p2a: Thing|Air Balloon
|move|p2a: Thing|Sludge Wave|p1a: Zamazenta
|-damage|p1a: Zamazenta|29/100
|
|-heal|p1a: Zamazenta|36/100|[from] item: Leftovers
|upkeep
|turn|7
|
|t:|1769427016
|move|p1a: Zamazenta|Crunch|p2a: Thing
|-supereffective|p2a: Thing
|-damage|p2a: Thing|0 fnt
|faint|p2a: Thing
|
|-heal|p1a: Zamazenta|42/100|[from] item: Leftovers
|upkeep
|
|t:|1769427020
|switch|p2a: Jet engine|Yanmega, F|100/100
|turn|8
|
|t:|1769427026
|switch|p1a: Glastrier|Glastrier|100/100
|move|p2a: Jet engine|Protect||[still]
|-fail|p2a: Jet engine
|
|-ability|p2a: Jet engine|Speed Boost|boost
|-boost|p2a: Jet engine|spe|1
|upkeep
|turn|9
|
|t:|1769427036
|move|p2a: Jet engine|Protect|p2a: Jet engine
|-singleturn|p2a: Jet engine|Protect
|move|p1a: Glastrier|Icicle Crash|p2a: Jet engine
|-activate|p2a: Jet engine|move: Protect
|
|-ability|p2a: Jet engine|Speed Boost|boost
|-boost|p2a: Jet engine|spe|1
|upkeep
|turn|10
|
|t:|1769427045
|move|p2a: Jet engine|Air Slash|p1a: Glastrier
|-damage|p1a: Glastrier|74/100
|-damage|p2a: Jet engine|91/100|[from] item: Life Orb
|move|p1a: Glastrier|Icicle Crash|p2a: Jet engine
|-supereffective|p2a: Jet engine
|-damage|p2a: Jet engine|0 fnt
|faint|p2a: Jet engine
|-ability|p1a: Glastrier|Chilling Neigh|boost
|-boost|p1a: Glastrier|atk|1
|
|upkeep
|
|t:|1769427049
|switch|p2a: Conkeldurr|Conkeldurr, F|100/100
|-activate|p2a: Conkeldurr|move: Sticky Web
|-unboost|p2a: Conkeldurr|spe|1
|turn|11
|
|t:|1769427060
|-terastallize|p1a: Glastrier|Ground
|move|p2a: Conkeldurr|Earthquake|p1a: Glastrier
|-damage|p1a: Glastrier|44/100
|move|p1a: Glastrier|Icicle Crash|p2a: Conkeldurr
|-damage|p2a: Conkeldurr|27/100
|
|-status|p2a: Conkeldurr|brn|[from] item: Flame Orb
|upkeep
|turn|12
|
|t:|1769427071
|switch|p1a: Serperior|Serperior, F|100/100
|move|p2a: Conkeldurr|Drain Punch|p1a: Serperior
|-damage|p1a: Serperior|19/100
|-heal|p2a: Conkeldurr|55/100 brn|[from] drain|[of] p1a: Serperior
|
|-damage|p2a: Conkeldurr|49/100 brn|[from] brn
|upkeep
|turn|13
|
|t:|1769427084
|move|p1a: Serperior|Leaf Storm|p2a: Conkeldurr
|-damage|p2a: Conkeldurr|0 fnt
|-boost|p1a: Serperior|spa|2
|faint|p2a: Conkeldurr
|
|upkeep
|
|t:|1769427088
|switch|p2a: Big man upstairs|Thundurus, M|100/100
|turn|14
|
|t:|1769427092
|move|p2a: Big man upstairs|Thunder Wave|p1a: Serperior
|-status|p1a: Serperior|par
|move|p1a: Serperior|Leaf Storm|p2a: Big man upstairs
|-resisted|p2a: Big man upstairs
|-damage|p2a: Big man upstairs|40/100
|-boost|p1a: Serperior|spa|2
|
|upkeep
|turn|15
|
|t:|1769427100
|move|p2a: Big man upstairs|Thunder|p1a: Serperior
|-resisted|p1a: Serperior
|-damage|p1a: Serperior|0 fnt
|faint|p1a: Serperior
|
|upkeep
|
|t:|1769427111
|switch|p1a: Glastrier|Glastrier, tera:Ground|44/100
|turn|16
|
|t:|1769427116
|move|p2a: Big man upstairs|Grass Knot|p1a: Glastrier
|-supereffective|p1a: Glastrier
|-damage|p1a: Glastrier|0 fnt
|faint|p1a: Glastrier
|
|upkeep
|
|t:|1769427121
|switch|p1a: Zamazenta|Zamazenta|42/100
|turn|17
|
|t:|1769427125
|move|p2a: Big man upstairs|Thunder Wave|p1a: Zamazenta
|-status|p1a: Zamazenta|par
|move|p1a: Zamazenta|Crunch|p2a: Big man upstairs
|-damage|p2a: Big man upstairs|8/100
|
|-heal|p1a: Zamazenta|48/100 par|[from] item: Leftovers
|upkeep
|turn|18
|
|t:|1769427134
|move|p2a: Big man upstairs|Thunder|p1a: Zamazenta|[miss]
|-miss|p2a: Big man upstairs|p1a: Zamazenta
|move|p1a: Zamazenta|Crunch|p2a: Big man upstairs
|-damage|p2a: Big man upstairs|0 fnt
|faint|p2a: Big man upstairs
|
|-heal|p1a: Zamazenta|54/100 par|[from] item: Leftovers
|upkeep
|
|t:|1769427137
|switch|p2a: Best dragon|Kommo-o, F|100/100
|-activate|p2a: Best dragon|move: Sticky Web
|-unboost|p2a: Best dragon|spe|1
|turn|19
|
|t:|1769427148
|-terastallize|p2a: Best dragon|Fairy
|move|p2a: Best dragon|Clangorous Soul|p2a: Best dragon
|-boost|p2a: Best dragon|atk|1
|-boost|p2a: Best dragon|def|1
|-boost|p2a: Best dragon|spa|1
|-boost|p2a: Best dragon|spd|1
|-boost|p2a: Best dragon|spe|1
|-damage|p2a: Best dragon|68/100
|move|p1a: Zamazenta|Body Press|p2a: Best dragon
|-resisted|p2a: Best dragon
|-damage|p2a: Best dragon|56/100
|
|-heal|p2a: Best dragon|62/100|[from] item: Leftovers
|-heal|p1a: Zamazenta|60/100 par|[from] item: Leftovers
|upkeep
|turn|20
|
|t:|1769427162
|move|p2a: Best dragon|Boomburst|p1a: Zamazenta
|-damage|p1a: Zamazenta|16/100 par
|move|p1a: Zamazenta|Crunch|p2a: Best dragon
|-resisted|p2a: Best dragon
|-damage|p2a: Best dragon|55/100
|
|-heal|p2a: Best dragon|61/100|[from] item: Leftovers
|-heal|p1a: Zamazenta|23/100 par|[from] item: Leftovers
|upkeep
|turn|21
|
|t:|1769427170
|move|p2a: Best dragon|Drain Punch|p1a: Zamazenta
|-damage|p1a: Zamazenta|0 fnt
|-heal|p2a: Best dragon|76/100|[from] drain|[of] p1a: Zamazenta
|faint|p1a: Zamazenta
|
|-heal|p2a: Best dragon|82/100|[from] item: Leftovers
|upkeep
|
|t:|1769427178
|switch|p1a: Hatterene|Hatterene, F|100/100
|turn|22
|
|t:|1769427184
|move|p2a: Best dragon|Clangorous Soul|p2a: Best dragon
|-boost|p2a: Best dragon|atk|1
|-boost|p2a: Best dragon|def|1
|-boost|p2a: Best dragon|spa|1
|-boost|p2a: Best dragon|spd|1
|-boost|p2a: Best dragon|spe|1
|-damage|p2a: Best dragon|49/100
|move|p1a: Hatterene|Psychic Noise|p2a: Best dragon
|-damage|p2a: Best dragon|28/100
|-start|p2a: Best dragon|move: Heal Block
|
|upkeep
|turn|23
|
|t:|1769427195
|move|p2a: Best dragon|Boomburst|p1a: Hatterene
|-damage|p1a: Hatterene|40/100
|move|p1a: Hatterene|Psychic Noise|p2a: Best dragon
|-damage|p2a: Best dragon|6/100
|
|-end|p2a: Best dragon|move: Heal Block
|upkeep
|turn|24
|
|t:|1769427204
|move|p2a: Best dragon|Boomburst|p1a: Hatterene
|-damage|p1a: Hatterene|0 fnt
|faint|p1a: Hatterene
|
|win|Wifegonefishplenty
|raw|leaboteabo's rating: 1136 &rarr; <strong>1108</strong><br />(-28 for losing)
|raw|Wifegonefishplenty's rating: 1099 &rarr; <strong>1127</strong><br />(+28 for winning)
|l|☆leaboteabo
|player|p1|
|l|☆Wifegonefishplenty
|player|p2|
