|j|☆Grouselha
|j|☆pokex265
|t:|1769368757
|gametype|singles
|player|p1|Grouselha|266|1363
|player|p2|pokex265|dahlia|1338
|gen|9
|tier|[Gen 9] OU
|rated|
|rule|HP Percentage Mod: HP is shown in percentages
|rule|Endless Battle Clause: Forcing endless battles is banned
|rule|Species Clause: Limit one of each Pokémon
|rule|OHKO Clause: OHKO moves are banned
|rule|Evasion Items Clause: Evasion items are banned
|rule|Evasion Moves Clause: Evasion moves are banned
|rule|Evasion Abilities Clause: Evasion abilities are banned
|rule|Sleep Moves Clause: Sleep-inducing moves are banned
|clearpoke
|poke|p1|Tyranitar, M|
|poke|p1|Excadrill, M|
|poke|p1|Skarmory, M|
|poke|p1|Dragapult, M|
|poke|p1|Ogerpon-Wellspring, F|
|poke|p1|Primarina, M|
|poke|p2|Torkoal, M|
|poke|p2|Walking Wake|
|poke|p2|Great Tusk|
|poke|p2|Enamorus, F|
|poke|p2|Zarude|
|poke|p2|Slowking-Galar, M|
|teampreview
|inactive|Battle timer is ON: inactive players will automatically lose when time's up. (requested by pokex265)
|
|t:|1769368784
|teamsize|p1|6
|teamsize|p2|6
|start
|switch|p1a: Rex|Tyranitar, M, shiny|100/100
|switch|p2a: Cesar|Zarude|100/100
|-weather|Sandstorm|[from] ability: Sand Stream|[of] p1a: Rex
|turn|1
|
|t:|1769368795
|switch|p1a: Raptor|Skarmory, M, shiny|100/100
|move|p2a: Cesar|Close Combat|p1a: Raptor
|-damage|p1a: Raptor|58/100
|-unboost|p2a: Cesar|def|1
|-unboost|p2a: Cesar|spd|1
|-damage|p2a: Cesar|84/100|[from] item: Rocky Helmet|[of] p1a: Raptor
|
|-weather|Sandstorm|[upkeep]
|-damage|p2a: Cesar|78/100|[from] Sandstorm
|upkeep
|turn|2
|
|t:|1769368807
|switch|p2a: Kupa|Torkoal, M|100/100
|-weather|SunnyDay|[from] ability: Drought|[of] p2a: Kupa
|move|p1a: Raptor|Roost|p1a: Raptor
|-heal|p1a: Raptor|100/100
|-singleturn|p1a: Raptor|move: Roost
|
|-weather|SunnyDay|[upkeep]
|upkeep
|turn|3
|
|t:|1769368819
|switch|p1a: Rex|Tyranitar, M, shiny|100/100
|-weather|Sandstorm|[from] ability: Sand Stream|[of] p1a: Rex
|move|p2a: Kupa|Stealth Rock|p1a: Rex
|-sidestart|p1: Grouselha|move: Stealth Rock
|
|-weather|Sandstorm|[upkeep]
|-damage|p2a: Kupa|94/100|[from] Sandstorm
|upkeep
|turn|4
|
|t:|1769368827
|switch|p2a: Bonecrusher|Great Tusk|100/100
|move|p1a: Rex|Stealth Rock|p2a: Bonecrusher
|-sidestart|p2: pokex265|move: Stealth Rock
|
|-weather|Sandstorm|[upkeep]
|upkeep
|turn|5
|
|t:|1769368837
|switch|p1a: Raptor|Skarmory, M, shiny|100/100
|-damage|p1a: Raptor|88/100|[from] Stealth Rock
|move|p2a: Bonecrusher|Rapid Spin|p1a: Raptor
|-resisted|p1a: Raptor
|-damage|p1a: Raptor|82/100
|-boost|p2a: Bonecrusher|spe|1
|-damage|p2a: Bonecrusher|84/100|[from] item: Rocky Helmet|[of] p1a: Raptor
|-sideend|p2: pokex265|Stealth Rock|[from] move: Rapid Spin|[of] p2a: Bonecrusher
|
|-weather|Sandstorm|[upkeep]
|upkeep
|turn|6
|
|t:|1769368848
|-end|p2a: Bonecrusher|Protosynthesis|[silent]
|switch|p2a: Kupa|Torkoal, M|94/100
|-weather|SunnyDay|[from] ability: Drought|[of] p2a: Kupa
|move|p1a: Raptor|Iron Defense|p1a: Raptor
|-boost|p1a: Raptor|def|2
|
|-weather|SunnyDay|[upkeep]
|upkeep
|turn|7
|inactive|Grouselha has 120 seconds left.
|
|t:|1769368880
|switch|p1a: Leviathan|Dragapult, M, shiny|100/100
|-damage|p1a: Leviathan|88/100|[from] Stealth Rock
|move|p2a: Kupa|Lava Plume|p1a: Leviathan
|-resisted|p1a: Leviathan
|-damage|p1a: Leviathan|63/100
|
|-weather|SunnyDay|[upkeep]
|upkeep
|turn|8
|inactive|Grouselha has 120 seconds left.
|
|t:|1769368895
|switch|p2a: Cesar|Zarude|78/100
|move|p1a: Leviathan|U-turn|p2a: Cesar
|-supereffective|p2a: Cesar
|-damage|p2a: Cesar|10/100
|inactive|Grouselha has 120 seconds left.
|
|t:|1769368914
|switch|p1a: Raptor|Skarmory, M, shiny|82/100|[from] U-turn
|-damage|p1a: Raptor|70/100|[from] Stealth Rock
|
|-weather|SunnyDay|[upkeep]
|upkeep
|turn|9
|
|t:|1769368921
|switch|p2a: Kupa|Torkoal, M|94/100
|move|p1a: Raptor|Spikes|p2a: Kupa
|-sidestart|p2: pokex265|Spikes
|
|-weather|SunnyDay|[upkeep]
|upkeep
|turn|10
|inactive|Grouselha has 120 seconds left.
|
|t:|1769368929
|switch|p1a: Rex|Tyranitar, M, shiny|100/100
|-damage|p1a: Rex|88/100|[from] Stealth Rock
|-weather|Sandstorm|[from] ability: Sand Stream|[of] p1a: Rex
|move|p2a: Kupa|Lava Plume|p1a: Rex
|-resisted|p1a: Rex
|-damage|p1a: Rex|79/100
|-status|p1a: Rex|brn
|
|-weather|Sandstorm|[upkeep]
|-damage|p2a: Kupa|88/100|[from] Sandstorm
|-damage|p1a: Rex|72/100 brn|[from] brn
|upkeep
|turn|11
|inactive|Grouselha has 120 seconds left.
|
|t:|1769368944
|move|p1a: Rex|Stealth Rock|p2a: Kupa
|-sidestart|p2: pokex265|move: Stealth Rock
|move|p2a: Kupa|Rapid Spin|p1a: Rex
|-resisted|p1a: Rex
|-damage|p1a: Rex|68/100 brn
|-boost|p2a: Kupa|spe|1
|-sideend|p2: pokex265|Spikes|[from] move: Rapid Spin|[of] p2a: Kupa
|-sideend|p2: pokex265|Stealth Rock|[from] move: Rapid Spin|[of] p2a: Kupa
|
|-weather|Sandstorm|[upkeep]
|-damage|p2a: Kupa|82/100|[from] Sandstorm
|-damage|p1a: Rex|62/100 brn|[from] brn
|upkeep
|turn|12
|
|t:|1769368950
|switch|p2a: Cesar|Zarude|10/100
|move|p1a: Rex|Knock Off|p2a: Cesar
|-resisted|p2a: Cesar
|-damage|p2a: Cesar|0 fnt
|-enditem|p2a: Cesar|Choice Band|[from] move: Knock Off|[of] p1a: Rex
|faint|p2a: Cesar
|
|-weather|Sandstorm|[upkeep]
|-damage|p1a: Rex|56/100 brn|[from] brn
|upkeep
|
|t:|1769368954
|switch|p2a: Bonecrusher|Great Tusk|84/100
|turn|13
|
|t:|1769368968
|switch|p1a: Raptor|Skarmory, M, shiny|70/100
|-damage|p1a: Raptor|58/100|[from] Stealth Rock
|move|p2a: Bonecrusher|Headlong Rush|p1a: Raptor
|-immune|p1a: Raptor
|
|-weather|Sandstorm|[upkeep]
|upkeep
|turn|14
|
|t:|1769368977
|-end|p2a: Bonecrusher|Protosynthesis|[silent]
|switch|p2a: Su1cune|Walking Wake|100/100
|move|p1a: Raptor|Roost|p1a: Raptor
|-heal|p1a: Raptor|100/100
|-singleturn|p1a: Raptor|move: Roost
|
|-weather|Sandstorm|[upkeep]
|-damage|p2a: Su1cune|94/100|[from] Sandstorm
|upkeep
|turn|15
|
|t:|1769368992
|switch|p1a: Celestine|Primarina, M, shiny|100/100
|-damage|p1a: Celestine|88/100|[from] Stealth Rock
|move|p2a: Su1cune|Flip Turn|p1a: Celestine
|-resisted|p1a: Celestine
|-damage|p1a: Celestine|79/100
|
|t:|1769368996
|-end|p2a: Su1cune|Protosynthesis|[silent]
|switch|p2a: Slow-bro|Slowking-Galar, M|100/100|[from] Flip Turn
|
|-weather|Sandstorm|[upkeep]
|-damage|p1a: Celestine|73/100|[from] Sandstorm
|-damage|p2a: Slow-bro|94/100|[from] Sandstorm
|-heal|p2a: Slow-bro|100/100|[from] item: Leftovers
|upkeep
|turn|16
|
|t:|1769369021
|switch|p1a: Raptor|Skarmory, M, shiny|100/100
|-damage|p1a: Raptor|88/100|[from] Stealth Rock
|switch|p2a: Kupa|Torkoal, M|82/100
|-weather|SunnyDay|[from] ability: Drought|[of] p2a: Kupa
|
|-weather|SunnyDay|[upkeep]
|upkeep
|turn|17
|
|t:|1769369031
|switch|p1a: Rex|Tyranitar, M, shiny|56/100 brn
|-damage|p1a: Rex|43/100 brn|[from] Stealth Rock
|-weather|Sandstorm|[from] ability: Sand Stream|[of] p1a: Rex
|switch|p2a: Su1cune|Walking Wake|94/100
|
|-weather|Sandstorm|[upkeep]
|-damage|p2a: Su1cune|88/100|[from] Sandstorm
|-damage|p1a: Rex|37/100 brn|[from] brn
|upkeep
|turn|18
|
|t:|1769369044
|switch|p1a: Alice|Ogerpon-Wellspring, F|100/100
|-damage|p1a: Alice|88/100|[from] Stealth Rock
|move|p2a: Su1cune|Draco Meteor|p1a: Alice|[miss]
|-miss|p2a: Su1cune|p1a: Alice
|
|-weather|Sandstorm|[upkeep]
|-damage|p2a: Su1cune|82/100|[from] Sandstorm
|-damage|p1a: Alice|82/100|[from] Sandstorm
|upkeep
|turn|19
|
|t:|1769369055
|move|p2a: Su1cune|Draco Meteor|p1a: Alice
|-damage|p1a: Alice|2/100
|-unboost|p2a: Su1cune|spa|2
|move|p1a: Alice|U-turn|p2a: Su1cune
|-damage|p2a: Su1cune|50/100
|
|t:|1769369062
|switch|p1a: Celestine|Primarina, M, shiny|73/100|[from] U-turn
|-damage|p1a: Celestine|61/100|[from] Stealth Rock
|
|-weather|Sandstorm|[upkeep]
|-damage|p2a: Su1cune|44/100|[from] Sandstorm
|-damage|p1a: Celestine|54/100|[from] Sandstorm
|upkeep
|turn|20
|
|t:|1769369073
|-end|p2a: Su1cune|Protosynthesis|[silent]
|switch|p2a: Slow-bro|Slowking-Galar, M|100/100
|move|p1a: Celestine|Flip Turn|p2a: Slow-bro
|-damage|p2a: Slow-bro|85/100
|
|t:|1769369080
|switch|p1a: Impaler|Excadrill, M, shiny|100/100|[from] Flip Turn
|-damage|p1a: Impaler|97/100|[from] Stealth Rock
|
|-weather|Sandstorm|[upkeep]
|-damage|p2a: Slow-bro|79/100|[from] Sandstorm
|-heal|p1a: Impaler|100/100|[from] item: Leftovers
|-heal|p2a: Slow-bro|85/100|[from] item: Leftovers
|upkeep
|turn|21
|
|t:|1769369085
|switch|p2a: Kupa|Torkoal, M|82/100
|-weather|SunnyDay|[from] ability: Drought|[of] p2a: Kupa
|move|p1a: Impaler|Rapid Spin|p2a: Kupa
|-damage|p2a: Kupa|72/100
|-boost|p1a: Impaler|spe|1
|-sideend|p1: Grouselha|Stealth Rock|[from] move: Rapid Spin|[of] p1a: Impaler
|
|-weather|SunnyDay|[upkeep]
|upkeep
|turn|22
|
|t:|1769369100
|switch|p1a: Rex|Tyranitar, M, shiny|37/100 brn
|-weather|Sandstorm|[from] ability: Sand Stream|[of] p1a: Rex
|switch|p2a: Aphrodite|Enamorus, F|100/100
|
|-weather|Sandstorm|[upkeep]
|-damage|p2a: Aphrodite|94/100|[from] Sandstorm
|-damage|p1a: Rex|31/100 brn|[from] brn
|upkeep
|turn|23
|
|t:|1769369116
|switch|p2a: Kupa|Torkoal, M|72/100
|-weather|SunnyDay|[from] ability: Drought|[of] p2a: Kupa
|move|p1a: Rex|Ice Punch|p2a: Kupa
|-resisted|p2a: Kupa
|-damage|p2a: Kupa|68/100
|
|-weather|SunnyDay|[upkeep]
|-damage|p1a: Rex|25/100 brn|[from] brn
|upkeep
|turn|24
|
|t:|1769369128
|switch|p1a: Leviathan|Dragapult, M, shiny|63/100
|move|p2a: Kupa|Stealth Rock|p1a: Leviathan
|-sidestart|p1: Grouselha|move: Stealth Rock
|
|-weather|SunnyDay|[upkeep]
|upkeep
|turn|25
|
|t:|1769369144
|switch|p2a: Slow-bro|Slowking-Galar, M|100/100
|move|p1a: Leviathan|Shadow Ball|p2a: Slow-bro
|-supereffective|p2a: Slow-bro
|-damage|p2a: Slow-bro|42/100
|
|-weather|SunnyDay|[upkeep]
|-heal|p2a: Slow-bro|48/100|[from] item: Leftovers
|upkeep
|turn|26
|
|t:|1769369155
|-terastallize|p2a: Slow-bro|Dark
|move|p1a: Leviathan|Shadow Ball|p2a: Slow-bro
|-resisted|p2a: Slow-bro
|-damage|p2a: Slow-bro|31/100
|move|p2a: Slow-bro|Thunder Wave|p1a: Leviathan
|-status|p1a: Leviathan|par
|
|-weather|SunnyDay|[upkeep]
|-heal|p2a: Slow-bro|38/100|[from] item: Leftovers
|upkeep
|turn|27
|
|t:|1769369167
|switch|p1a: Rex|Tyranitar, M, shiny|25/100 brn
|-damage|p1a: Rex|13/100 brn|[from] Stealth Rock
|-weather|Sandstorm|[from] ability: Sand Stream|[of] p1a: Rex
|switch|p2a: Bonecrusher|Great Tusk|84/100
|
|-weather|Sandstorm|[upkeep]
|-damage|p1a: Rex|6/100 brn|[from] brn
|upkeep
|turn|28
|
|t:|1769369185
|switch|p1a: Raptor|Skarmory, M, shiny|88/100
|-damage|p1a: Raptor|76/100|[from] Stealth Rock
|move|p2a: Bonecrusher|Headlong Rush|p1a: Raptor
|-immune|p1a: Raptor
|
|-weather|Sandstorm|[upkeep]
|upkeep
|turn|29
|
|t:|1769369195
|-end|p2a: Bonecrusher|Protosynthesis|[silent]
|switch|p2a: Kupa|Torkoal, M|68/100
|-weather|SunnyDay|[from] ability: Drought|[of] p2a: Kupa
|move|p1a: Raptor|Iron Defense|p1a: Raptor
|-boost|p1a: Raptor|def|2
|
|-weather|SunnyDay|[upkeep]
|upkeep
|turn|30
|
|t:|1769369207
|-terastallize|p1a: Raptor|Dragon
|move|p1a: Raptor|Body Press|p2a: Kupa
|-damage|p2a: Kupa|28/100
|move|p2a: Kupa|Lava Plume|p1a: Raptor
|-resisted|p1a: Raptor
|-damage|p1a: Raptor|42/100
|
|-weather|SunnyDay|[upkeep]
|upkeep
|turn|31
|
|t:|1769369216
|switch|p2a: Aphrodite|Enamorus, F|94/100
|move|p1a: Raptor|Body Press|p2a: Aphrodite
|-resisted|p2a: Aphrodite
|-damage|p2a: Aphrodite|68/100
|
|-weather|SunnyDay|[upkeep]
|upkeep
|turn|32
|
|t:|1769369228
|switch|p1a: Rex|Tyranitar, M, shiny|6/100 brn
|-damage|p1a: Rex|0 fnt|[from] Stealth Rock
|faint|p1a: Rex
|move|p2a: Aphrodite|Moonblast|p1: Rex|[notarget]
|-fail|p2a: Aphrodite
|
|-weather|SunnyDay|[upkeep]
|upkeep
|c|☆pokex265|Yes
|
|t:|1769369244
|switch|p1a: Impaler|Excadrill, M, shiny|100/100
|-damage|p1a: Impaler|97/100|[from] Stealth Rock
|turn|33
|
|t:|1769369249
|switch|p2a: Su1cune|Walking Wake|44/100
|-activate|p2a: Su1cune|ability: Protosynthesis
|-start|p2a: Su1cune|protosynthesisspa
|move|p1a: Impaler|Rapid Spin|p2a: Su1cune
|-damage|p2a: Su1cune|25/100
|-boost|p1a: Impaler|spe|1
|-sideend|p1: Grouselha|Stealth Rock|[from] move: Rapid Spin|[of] p1a: Impaler
|
|-weather|SunnyDay|[upkeep]
|-heal|p1a: Impaler|100/100|[from] item: Leftovers
|upkeep
|turn|34
|
|t:|1769369262
|move|p2a: Su1cune|Hydro Steam|p1a: Impaler
|-supereffective|p1a: Impaler
|-damage|p1a: Impaler|0 fnt
|faint|p1a: Impaler
|
|-weather|SunnyDay|[upkeep]
|upkeep
|
|t:|1769369270
|switch|p1a: Alice|Ogerpon-Wellspring, F|2/100
|turn|35
|
|t:|1769369283
|-end|p2a: Su1cune|Protosynthesis|[silent]
|switch|p2a: Bonecrusher|Great Tusk|84/100
|-activate|p2a: Bonecrusher|ability: Protosynthesis
|-start|p2a: Bonecrusher|protosynthesisatk
|move|p1a: Alice|Power Whip|p2a: Bonecrusher
|-supereffective|p2a: Bonecrusher
|-damage|p2a: Bonecrusher|0 fnt
|faint|p2a: Bonecrusher
|-end|p2a: Bonecrusher|Protosynthesis|[silent]
|
|-weather|SunnyDay|[upkeep]
|upkeep
|
|t:|1769369287
|switch|p2a: Su1cune|Walking Wake|25/100
|-activate|p2a: Su1cune|ability: Protosynthesis
|-start|p2a: Su1cune|protosynthesisspa
|turn|36
|
|t:|1769369301
|switch|p1a: Celestine|Primarina, M, shiny|54/100
|move|p2a: Su1cune|Flamethrower|p1a: Celestine
|-resisted|p1a: Celestine
|-damage|p1a: Celestine|37/100
|
|-weather|none
|-end|p2a: Su1cune|Protosynthesis
|upkeep
|turn|37
|
|t:|1769369315
|-end|p2a: Su1cune|Protosynthesis|[silent]
|switch|p2a: Kupa|Torkoal, M|28/100
|-weather|SunnyDay|[from] ability: Drought|[of] p2a: Kupa
|move|p1a: Celestine|Moonblast|p2a: Kupa
|-resisted|p2a: Kupa
|-damage|p2a: Kupa|0 fnt
|faint|p2a: Kupa
|
|-weather|SunnyDay|[upkeep]
|upkeep
|
|t:|1769369332
|switch|p2a: Aphrodite|Enamorus, F|68/100
|turn|38
|
|t:|1769369339
|move|p2a: Aphrodite|Moonblast|p1a: Celestine
|-crit|p1a: Celestine
|-damage|p1a: Celestine|0 fnt
|faint|p1a: Celestine
|
|-weather|SunnyDay|[upkeep]
|upkeep
|
|t:|1769369348
|switch|p1a: Alice|Ogerpon-Wellspring, F|2/100
|turn|39
|
|t:|1769369353
|switch|p2a: Slow-bro|Slowking-Galar, M, tera:Dark|71/100
|move|p1a: Alice|Ivy Cudgel|p2a: Slow-bro|[anim] Ivy Cudgel Water
|-damage|p2a: Slow-bro|41/100
|
|-weather|SunnyDay|[upkeep]
|-heal|p2a: Slow-bro|47/100|[from] item: Leftovers
|upkeep
|turn|40
|
|t:|1769369362
|move|p1a: Alice|U-turn|p2a: Slow-bro
|-supereffective|p2a: Slow-bro
|-damage|p2a: Slow-bro|0 fnt
|faint|p2a: Slow-bro
|
|t:|1769369385
|switch|p1a: Leviathan|Dragapult, M, shiny|63/100 par|[from] U-turn
|
|-weather|SunnyDay|[upkeep]
|upkeep
|
|t:|1769369389
|switch|p2a: Aphrodite|Enamorus, F|68/100
|turn|41
|
|t:|1769369394
|move|p2a: Aphrodite|Moonblast|p1a: Leviathan
|-supereffective|p1a: Leviathan
|-damage|p1a: Leviathan|0 fnt
|faint|p1a: Leviathan
|
|-weather|SunnyDay|[upkeep]
|upkeep
|
|t:|1769369399
|switch|p1a: Alice|Ogerpon-Wellspring, F|2/100
|turn|42
|
|t:|1769369408
|move|p1a: Alice|Ivy Cudgel|p2a: Aphrodite|[anim] Ivy Cudgel Water
|-damage|p2a: Aphrodite|18/100
|move|p2a: Aphrodite|Moonblast|p1a: Alice
|-damage|p1a: Alice|0 fnt
|faint|p1a: Alice
|
|-weather|SunnyDay|[upkeep]
|upkeep
|c|☆pokex265|Gg
|
|t:|1769369413
|switch|p1a: Raptor|Skarmory, M, shiny, tera:Dragon|42/100
|turn|43
|
|t:|1769369418
|move|p2a: Aphrodite|Moonblast|p1a: Raptor
|-supereffective|p1a: Raptor
|-damage|p1a: Raptor|0 fnt
|faint|p1a: Raptor
|
|win|pokex265
|raw|Grouselha's rating: 1363 &rarr; <strong>1342</strong><br />(-21 for losing)
|raw|pokex265's rating: 1338 &rarr; <strong>1359</strong><br />(+21 for winning)
|c|☆Grouselha|good game
|l|☆Grouselha
|player|p1|
|c|☆pokex265|Gg
