|j|☆AvetheAce
|j|☆Sou_training
|t:|1769413600
|gametype|singles
|player|p1|AvetheAce|red|1101
|player|p2|Sou_training|ghetsis-gen5bw|1149
|gen|9
|tier|[Gen 9] OU
|rated|
|rule|HP Percentage Mod: HP is shown in percentages
|rule|Endless Battle Clause: Forcing endless battles is banned
|rule|Species Clause: Limit one of each Pokémon
|rule|OHKO Clause: OHKO moves are banned
|rule|Evasion Items Clause: Evasion items are banned
|rule|Evasion Moves Clause: Evasion moves are banned
|rule|Evasion Abilities Clause: Evasion abilities are banned
|rule|Sleep Moves Clause: Sleep-inducing moves are banned
|clearpoke
|poke|p1|Darkrai|
|poke|p1|Gengar, M|
|poke|p1|Suicune|
|poke|p1|Raikou|
|poke|p1|Mew|
|poke|p1|Salamence, M|
|poke|p2|Dondozo, F|
|poke|p2|Blissey, F|
|poke|p2|Corviknight, F|
|poke|p2|Weezing-Galar, F|
|poke|p2|Gliscor, F|
|poke|p2|Toxapex, M|
|teampreview
|inactive|Battle timer is ON: inactive players will automatically lose when time's up. (requested by AvetheAce)
|
|t:|1769413613
|teamsize|p1|6
|teamsize|p2|6
|start
|switch|p1a: Raikou|Raikou|100/100
|switch|p2a: Gliscor|Gliscor, F|100/100
|turn|1
|
|t:|1769413630
|switch|p1a: Suicune|Suicune|100/100
|move|p2a: Gliscor|Protect||[still]
|-fail|p2a: Gliscor
|
|-status|p2a: Gliscor|tox|[from] item: Toxic Orb
|upkeep
|turn|2
|
|t:|1769413640
|switch|p2a: Blissey|Blissey, F|100/100
|move|p1a: Suicune|Ice Beam|p2a: Blissey
|-damage|p2a: Blissey|90/100
|-damage|p1a: Suicune|91/100|[from] item: Life Orb
|
|-heal|p2a: Blissey|97/100|[from] item: Leftovers
|upkeep
|turn|3
|
|t:|1769413652
|move|p1a: Suicune|Calm Mind|p1a: Suicune
|-boost|p1a: Suicune|spa|1
|-boost|p1a: Suicune|spd|1
|move|p2a: Blissey|Stealth Rock|p1a: Suicune
|-sidestart|p1: AvetheAce|move: Stealth Rock
|
|-heal|p2a: Blissey|100/100|[from] item: Leftovers
|upkeep
|turn|4
|
|t:|1769413676
|move|p1a: Suicune|Calm Mind|p1a: Suicune
|-boost|p1a: Suicune|spa|1
|-boost|p1a: Suicune|spd|1
|move|p2a: Blissey|Calm Mind|p2a: Blissey
|-boost|p2a: Blissey|spa|1
|-boost|p2a: Blissey|spd|1
|
|upkeep
|turn|5
|
|t:|1769413687
|move|p1a: Suicune|Surf|p2a: Blissey
|-damage|p2a: Blissey|80/100
|-damage|p1a: Suicune|81/100|[from] item: Life Orb
|move|p2a: Blissey|Calm Mind|p2a: Blissey
|-boost|p2a: Blissey|spa|1
|-boost|p2a: Blissey|spd|1
|
|-heal|p2a: Blissey|86/100|[from] item: Leftovers
|upkeep
|turn|6
|
|t:|1769413697
|move|p1a: Suicune|Ice Beam|p2a: Blissey
|-damage|p2a: Blissey|77/100
|-status|p2a: Blissey|frz
|-damage|p1a: Suicune|71/100|[from] item: Life Orb
|cant|p2a: Blissey|frz
|
|-heal|p2a: Blissey|83/100 frz|[from] item: Leftovers
|upkeep
|turn|7
|
|t:|1769413708
|move|p1a: Suicune|Calm Mind|p1a: Suicune
|-boost|p1a: Suicune|spa|1
|-boost|p1a: Suicune|spd|1
|cant|p2a: Blissey|frz
|
|-heal|p2a: Blissey|89/100 frz|[from] item: Leftovers
|upkeep
|turn|8
|
|t:|1769413716
|move|p1a: Suicune|Calm Mind|p1a: Suicune
|-boost|p1a: Suicune|spa|1
|-boost|p1a: Suicune|spd|1
|cant|p2a: Blissey|frz
|
|-heal|p2a: Blissey|95/100 frz|[from] item: Leftovers
|upkeep
|turn|9
|
|t:|1769413724
|move|p1a: Suicune|Calm Mind|p1a: Suicune
|-boost|p1a: Suicune|spa|1
|-boost|p1a: Suicune|spd|1
|cant|p2a: Blissey|frz
|
|-heal|p2a: Blissey|100/100 frz|[from] item: Leftovers
|upkeep
|turn|10
|
|t:|1769413732
|move|p1a: Suicune|Calm Mind|p1a: Suicune
|-boost|p1a: Suicune|spa|1
|-boost|p1a: Suicune|spd|1
|cant|p2a: Blissey|frz
|
|upkeep
|turn|11
|
|t:|1769413739
|move|p1a: Suicune|Surf|p2a: Blissey
|-damage|p2a: Blissey|70/100 frz
|-damage|p1a: Suicune|61/100|[from] item: Life Orb
|cant|p2a: Blissey|frz
|
|-heal|p2a: Blissey|76/100 frz|[from] item: Leftovers
|upkeep
|turn|12
|
|t:|1769413748
|move|p1a: Suicune|Hyper Beam|p2a: Blissey
|-damage|p2a: Blissey|44/100 frz
|-mustrecharge|p1a: Suicune
|-damage|p1a: Suicune|51/100|[from] item: Life Orb
|cant|p2a: Blissey|frz
|
|-heal|p2a: Blissey|50/100 frz|[from] item: Leftovers
|upkeep
|turn|13
|
|t:|1769413757
|cant|p1a: Suicune|recharge
|-curestatus|p2a: Blissey|frz|[msg]
|move|p2a: Blissey|Soft-Boiled|p2a: Blissey
|-heal|p2a: Blissey|99/100
|
|-heal|p2a: Blissey|100/100|[from] item: Leftovers
|upkeep
|turn|14
|
|t:|1769413767
|move|p1a: Suicune|Ice Beam|p2a: Blissey
|-damage|p2a: Blissey|81/100
|-damage|p1a: Suicune|41/100|[from] item: Life Orb
|move|p2a: Blissey|Calm Mind|p2a: Blissey
|-boost|p2a: Blissey|spa|1
|-boost|p2a: Blissey|spd|1
|
|-heal|p2a: Blissey|87/100|[from] item: Leftovers
|upkeep
|turn|15
|
|t:|1769413777
|move|p1a: Suicune|Ice Beam|p2a: Blissey
|-crit|p2a: Blissey
|-damage|p2a: Blissey|31/100
|-damage|p1a: Suicune|31/100|[from] item: Life Orb
|move|p2a: Blissey|Calm Mind|p2a: Blissey
|-boost|p2a: Blissey|spa|1
|-boost|p2a: Blissey|spd|1
|
|-heal|p2a: Blissey|38/100|[from] item: Leftovers
|upkeep
|turn|16
|
|t:|1769413787
|move|p1a: Suicune|Ice Beam|p2a: Blissey
|-crit|p2a: Blissey
|-damage|p2a: Blissey|0 fnt
|faint|p2a: Blissey
|-damage|p1a: Suicune|21/100|[from] item: Life Orb
|
|upkeep
|
|t:|1769413808
|switch|p2a: Toxapex|Toxapex, M|100/100
|turn|17
|
|t:|1769413816
|move|p1a: Suicune|Ice Beam|p2a: Toxapex
|-resisted|p2a: Toxapex
|-damage|p2a: Toxapex|60/100
|-damage|p1a: Suicune|11/100|[from] item: Life Orb
|move|p2a: Toxapex|Haze|p2a: Toxapex
|-clearallboost
|
|-heal|p2a: Toxapex|67/100|[from] item: Leftovers
|upkeep
|turn|18
|
|t:|1769413826
|move|p1a: Suicune|Hyper Beam|p2a: Toxapex
|-damage|p2a: Toxapex|35/100
|-mustrecharge|p1a: Suicune
|-damage|p1a: Suicune|1/100|[from] item: Life Orb
|move|p2a: Toxapex|Toxic Spikes|p1a: Suicune
|-sidestart|p1: AvetheAce|move: Toxic Spikes
|
|-heal|p2a: Toxapex|41/100|[from] item: Leftovers
|upkeep
|turn|19
|
|t:|1769413835
|cant|p1a: Suicune|recharge
|move|p2a: Toxapex|Recover|p2a: Toxapex
|-heal|p2a: Toxapex|91/100
|
|-heal|p2a: Toxapex|98/100|[from] item: Leftovers
|upkeep
|turn|20
|
|t:|1769413846
|move|p1a: Suicune|Hyper Beam|p2a: Toxapex
|-damage|p2a: Toxapex|62/100
|-mustrecharge|p1a: Suicune
|-damage|p1a: Suicune|0 fnt|[from] item: Life Orb
|faint|p1a: Suicune
|move|p2a: Toxapex|Recover|p2a: Toxapex
|-heal|p2a: Toxapex|100/100
|
|upkeep
|
|t:|1769413855
|switch|p1a: Mew|Mew|100/100
|-damage|p1a: Mew|88/100|[from] Stealth Rock
|-status|p1a: Mew|psn
|turn|21
|
|t:|1769413866
|switch|p2a: Corviknight|Corviknight, F|100/100
|-ability|p2a: Corviknight|Pressure
|move|p1a: Mew|Psychic|p2a: Corviknight
|-resisted|p2a: Corviknight
|-damage|p2a: Corviknight|78/100
|
|-heal|p1a: Mew|94/100 psn|[from] item: Leftovers
|-heal|p2a: Corviknight|84/100|[from] item: Leftovers
|-damage|p1a: Mew|82/100 psn|[from] psn
|upkeep
|turn|22
|
|t:|1769413880
|move|p1a: Mew|Fire Blast|p2a: Corviknight
|-supereffective|p2a: Corviknight
|-damage|p2a: Corviknight|18/100
|move|p2a: Corviknight|Iron Defense|p2a: Corviknight
|-boost|p2a: Corviknight|def|2
|
|-heal|p1a: Mew|88/100 psn|[from] item: Leftovers
|-heal|p2a: Corviknight|24/100|[from] item: Leftovers
|-damage|p1a: Mew|76/100 psn|[from] psn
|upkeep
|turn|23
|
|t:|1769413894
|switch|p2a: Dondozo|Dondozo, F|100/100
|move|p1a: Mew|Fire Blast|p2a: Dondozo
|-resisted|p2a: Dondozo
|-damage|p2a: Dondozo|84/100
|
|-heal|p1a: Mew|82/100 psn|[from] item: Leftovers
|-heal|p2a: Dondozo|90/100|[from] item: Leftovers
|-damage|p1a: Mew|70/100 psn|[from] psn
|upkeep
|turn|24
|
|t:|1769413905
|move|p1a: Mew|Giga Drain|p2a: Dondozo
|-supereffective|p2a: Dondozo
|-damage|p2a: Dondozo|40/100
|-heal|p1a: Mew|100/100 psn|[from] drain|[of] p2a: Dondozo
|move|p2a: Dondozo|Avalanche|p1a: Mew
|-damage|p1a: Mew|79/100 psn
|
|-heal|p1a: Mew|85/100 psn|[from] item: Leftovers
|-heal|p2a: Dondozo|46/100|[from] item: Leftovers
|-damage|p1a: Mew|73/100 psn|[from] psn
|upkeep
|turn|25
|
|t:|1769413917
|move|p1a: Mew|Giga Drain|p2a: Dondozo
|-supereffective|p2a: Dondozo
|-damage|p2a: Dondozo|0 fnt
|-heal|p1a: Mew|100/100 psn|[from] drain|[of] p2a: Dondozo
|faint|p2a: Dondozo
|
|-damage|p1a: Mew|88/100 psn|[from] psn
|upkeep
|-message|Sou_training forfeited.
|
|win|AvetheAce
|raw|AvetheAce's rating: 1101 &rarr; <strong>1129</strong><br />(+28 for winning)
|raw|Sou_training's rating: 1149 &rarr; <strong>1121</strong><br />(-28 for losing)
|l|☆Sou_training
|player|p2|
|l|☆AvetheAce
|player|p1|
