|j|☆aislinn4eva247
|j|☆Birdbrostm
|t:|1769344530
|gametype|singles
|player|p1|aislinn4eva247|scientist-gen4dp|1318
|player|p2|Birdbrostm|265|1290
|gen|9
|tier|[Gen 9] OU
|rated|
|rule|HP Percentage Mod: HP is shown in percentages
|rule|Endless Battle Clause: Forcing endless battles is banned
|rule|Species Clause: Limit one of each Pokémon
|rule|OHKO Clause: OHKO moves are banned
|rule|Evasion Items Clause: Evasion items are banned
|rule|Evasion Moves Clause: Evasion moves are banned
|rule|Evasion Abilities Clause: Evasion abilities are banned
|rule|Sleep Moves Clause: Sleep-inducing moves are banned
|clearpoke
|poke|p1|Ogerpon, F|
|poke|p1|Ribombee, M|
|poke|p1|Cinderace, F|
|poke|p1|Empoleon, F|
|poke|p1|Kingambit, F|
|poke|p1|Dragapult, M|
|poke|p2|Lycanroc-Dusk, M|
|poke|p2|Magneton|
|poke|p2|Meloetta|
|poke|p2|Cinderace, M|
|poke|p2|Persian, F|
|poke|p2|Haxorus, M|
|teampreview
|
|t:|1769344538
|teamsize|p1|6
|teamsize|p2|6
|start
|switch|p1a: Ribombee|Ribombee, M|100/100
|switch|p2a: Lycanroc|Lycanroc-Dusk, M|100/100
|turn|1
|
|t:|1769344542
|move|p2a: Lycanroc|Accelerock|p1a: Ribombee
|-supereffective|p1a: Ribombee
|-damage|p1a: Ribombee|1/100
|move|p1a: Ribombee|Stun Spore|p2a: Lycanroc
|-status|p2a: Lycanroc|par
|
|upkeep
|turn|2
|
|t:|1769344555
|switch|p1a: Ogerpon|Ogerpon, F|100/100
|cant|p2a: Lycanroc|par
|
|upkeep
|turn|3
|
|t:|1769344559
|move|p1a: Ogerpon|Ivy Cudgel|p2a: Lycanroc
|-supereffective|p2a: Lycanroc
|-crit|p2a: Lycanroc
|-enditem|p2a: Lycanroc|Focus Sash
|-damage|p2a: Lycanroc|1/100 par
|cant|p2a: Lycanroc|par
|
|upkeep
|turn|4
|
|t:|1769344566
|move|p1a: Ogerpon|U-turn|p2a: Lycanroc
|-damage|p2a: Lycanroc|0 fnt
|faint|p2a: Lycanroc
|
|t:|1769344570
|switch|p1a: Ribombee|Ribombee, M|1/100|[from] U-turn
|
|upkeep
|
|t:|1769344577
|switch|p2a: Persian|Persian, F|100/100
|turn|5
|
|t:|1769344581
|switch|p1a: Dragapult|Dragapult, M|100/100
|move|p2a: Persian|Fake Out|p1a: Dragapult
|-immune|p1a: Dragapult
|
|upkeep
|turn|6
|
|t:|1769344587
|move|p1a: Dragapult|Will-O-Wisp|p2a: Persian
|-status|p2a: Persian|brn
|move|p2a: Persian|Knock Off|p1a: Dragapult
|-supereffective|p1a: Dragapult
|-damage|p1a: Dragapult|72/100
|-enditem|p1a: Dragapult|Heavy-Duty Boots|[from] move: Knock Off|[of] p2a: Persian
|
|-damage|p2a: Persian|94/100 brn|[from] brn
|upkeep
|turn|7
|
|t:|1769344594
|switch|p2a: Cinderace|Cinderace, M|100/100
|move|p1a: Dragapult|Dragon Darts|p2a: Cinderace
|-damage|p2a: Cinderace|70/100
|-anim|p1a: Dragapult|Dragon Darts|p2a: Cinderace
|-damage|p2a: Cinderace|38/100
|
|upkeep
|turn|8
|
|t:|1769344597
|move|p2a: Cinderace|Sucker Punch|p1a: Dragapult
|-start|p2a: Cinderace|typechange|Dark|[from] ability: Libero
|-supereffective|p1a: Dragapult
|-damage|p1a: Dragapult|0 fnt
|faint|p1a: Dragapult
|
|upkeep
|
|t:|1769344602
|switch|p1a: Ribombee|Ribombee, M|1/100
|turn|9
|
|t:|1769344609
|move|p2a: Cinderace|Sucker Punch|p1a: Ribombee
|-resisted|p1a: Ribombee
|-damage|p1a: Ribombee|0 fnt
|faint|p1a: Ribombee
|
|upkeep
|
|t:|1769344615
|switch|p1a: Cinderace|Cinderace, F|100/100
|turn|10
|
|t:|1769344619
|switch|p2a: Persian|Persian, F|94/100 brn
|move|p1a: Cinderace|U-turn|p2a: Persian
|-damage|p2a: Persian|57/100 brn
|
|t:|1769344624
|switch|p1a: Empoleon|Empoleon, F|100/100|[from] U-turn
|
|-damage|p2a: Persian|50/100 brn|[from] brn
|upkeep
|turn|11
|
|t:|1769344630
|move|p2a: Persian|Knock Off|p1a: Empoleon
|-damage|p1a: Empoleon|89/100
|-enditem|p1a: Empoleon|Assault Vest|[from] move: Knock Off|[of] p2a: Persian
|move|p1a: Empoleon|Surf|p2a: Persian
|-damage|p2a: Persian|0 fnt
|faint|p2a: Persian
|
|upkeep
|
|t:|1769344637
|switch|p2a: Magneton|Magneton|100/100
|turn|12
|
|t:|1769344650
|move|p2a: Magneton|Volt Switch|p1a: Empoleon
|-supereffective|p1a: Empoleon
|-damage|p1a: Empoleon|27/100
|
|t:|1769344656
|switch|p2a: Meloetta|Meloetta|100/100|[from] Volt Switch
|move|p1a: Empoleon|Flip Turn|p2a: Meloetta
|-damage|p2a: Meloetta|89/100
|
|t:|1769344663
|switch|p1a: Kingambit|Kingambit, F|100/100|[from] Flip Turn
|
|upkeep
|turn|13
|
|t:|1769344672
|switch|p2a: Magneton|Magneton|100/100
|move|p1a: Kingambit|Kowtow Cleave|p2a: Magneton
|-damage|p2a: Magneton|38/100
|
|upkeep
|turn|14
|
|t:|1769344680
|move|p2a: Magneton|Confuse Ray|p1a: Kingambit
|-start|p1a: Kingambit|confusion
|-activate|p1a: Kingambit|confusion
|move|p1a: Kingambit|Kowtow Cleave|p2a: Magneton
|-damage|p2a: Magneton|0 fnt
|faint|p2a: Magneton
|
|upkeep
|
|t:|1769344686
|switch|p2a: Cinderace|Cinderace, M|38/100
|turn|15
|
|t:|1769344691
|switch|p1a: Empoleon|Empoleon, F|27/100
|move|p2a: Cinderace|Low Kick|p1a: Empoleon
|-start|p2a: Cinderace|typechange|Fighting|[from] ability: Libero
|-supereffective|p1a: Empoleon
|-damage|p1a: Empoleon|0 fnt
|faint|p1a: Empoleon
|
|upkeep
|
|t:|1769344697
|switch|p1a: Cinderace|Cinderace, F|100/100
|turn|16
|
|t:|1769344700
|switch|p2a: Meloetta|Meloetta|89/100
|move|p1a: Cinderace|Pyro Ball|p2a: Meloetta
|-damage|p2a: Meloetta|56/100
|
|upkeep
|turn|17
|
|t:|1769344708
|move|p1a: Cinderace|U-turn|p2a: Meloetta
|-supereffective|p2a: Meloetta
|-damage|p2a: Meloetta|29/100
|
|t:|1769344711
|switch|p1a: Ogerpon|Ogerpon, F|100/100|[from] U-turn
|move|p2a: Meloetta|Psychic|p1a: Ogerpon
|-damage|p1a: Ogerpon|58/100
|-unboost|p1a: Ogerpon|spd|1
|-ability|p1a: Ogerpon|Defiant|boost
|-boost|p1a: Ogerpon|atk|2
|
|-heal|p1a: Ogerpon|64/100|[from] item: Leftovers
|upkeep
|turn|18
|
|t:|1769344722
|move|p1a: Ogerpon|Ivy Cudgel|p2a: Meloetta
|-crit|p2a: Meloetta
|-damage|p2a: Meloetta|0 fnt
|faint|p2a: Meloetta
|
|-heal|p1a: Ogerpon|70/100|[from] item: Leftovers
|upkeep
|
|t:|1769344724
|switch|p2a: Cinderace|Cinderace, M|38/100
|turn|19
|
|t:|1769344738
|move|p2a: Cinderace|U-turn|p1a: Ogerpon
|-start|p2a: Cinderace|typechange|Bug|[from] ability: Libero
|-supereffective|p1a: Ogerpon
|-damage|p1a: Ogerpon|0 fnt
|faint|p1a: Ogerpon
|
|t:|1769344742
|switch|p2a: Haxorus|Haxorus, M, shiny|100/100|[from] U-turn
|-ability|p2a: Haxorus|Mold Breaker
|
|upkeep
|
|t:|1769344746
|switch|p1a: Kingambit|Kingambit, F|100/100
|turn|20
|
|t:|1769344749
|-terastallize|p2a: Haxorus|Fairy
|move|p2a: Haxorus|Dragon Dance|p2a: Haxorus
|-boost|p2a: Haxorus|atk|1
|-boost|p2a: Haxorus|spe|1
|move|p1a: Kingambit|Kowtow Cleave|p2a: Haxorus
|-resisted|p2a: Haxorus
|-damage|p2a: Haxorus|57/100
|
|upkeep
|turn|21
|
|t:|1769344753
|switch|p1a: Cinderace|Cinderace, F|100/100
|move|p2a: Haxorus|Tera Blast|p1a: Cinderace|[anim] Tera Blast Fairy
|-resisted|p1a: Cinderace
|-damage|p1a: Cinderace|56/100
|
|upkeep
|turn|22
|
|t:|1769344757
|move|p2a: Haxorus|Dragon Claw|p1a: Cinderace
|-damage|p1a: Cinderace|0 fnt
|faint|p1a: Cinderace
|
|upkeep
|
|t:|1769344760
|switch|p1a: Kingambit|Kingambit, F|100/100
|turn|23
|
|t:|1769344767
|move|p2a: Haxorus|Tera Blast|p1a: Kingambit|[anim] Tera Blast Fairy
|-damage|p1a: Kingambit|50/100
|move|p1a: Kingambit|Iron Head|p2a: Haxorus
|-supereffective|p2a: Haxorus
|-damage|p2a: Haxorus|0 fnt
|faint|p2a: Haxorus
|
|upkeep
|
|t:|1769344771
|switch|p2a: Cinderace|Cinderace, M|38/100
|turn|24
|
|t:|1769344774
|-terastallize|p1a: Kingambit|Dark
|move|p2a: Cinderace|Sucker Punch|p1a: Kingambit
|-start|p2a: Cinderace|typechange|Dark|[from] ability: Libero
|-resisted|p1a: Kingambit
|-damage|p1a: Kingambit|38/100
|move|p1a: Kingambit|Iron Head|p2a: Cinderace
|-damage|p2a: Cinderace|0 fnt
|faint|p2a: Cinderace
|
|win|aislinn4eva247
|raw|aislinn4eva247's rating: 1318 &rarr; <strong>1336</strong><br />(+18 for winning)
|raw|Birdbrostm's rating: 1290 &rarr; <strong>1267</strong><br />(-23 for losing)
|l|☆Birdbrostm
|player|p2|
|l|☆aislinn4eva247
|player|p1|
