|badge|p1|bronze|gen9ou|100-8
|uhtml|medal-msg|<div class="broadcast-blue">Curious what those medals under the avatar are? PS now has Ladder Seasons! For more information, check out the <a href="https://www.smogon.com/forums/threads/3740067/">thread on Smogon.</a></div>
|badge|p2|bronze|gen9ou|100-8
|uhtml|medal-msg|<div class="broadcast-blue">Curious what those medals under the avatar are? PS now has Ladder Seasons! For more information, check out the <a href="https://www.smogon.com/forums/threads/3740067/">thread on Smogon.</a></div>
|j|☆noob1877 test
|j|☆Acastillo631
|t:|1769357491
|gametype|singles
|player|p1|noob1877 test|1|1869
|player|p2|Acastillo631|silver|1888
|gen|9
|tier|[Gen 9] OU
|rated|
|rule|HP Percentage Mod: HP is shown in percentages
|rule|Endless Battle Clause: Forcing endless battles is banned
|rule|Species Clause: Limit one of each Pokémon
|rule|OHKO Clause: OHKO moves are banned
|rule|Evasion Items Clause: Evasion items are banned
|rule|Evasion Moves Clause: Evasion moves are banned
|rule|Evasion Abilities Clause: Evasion abilities are banned
|rule|Sleep Moves Clause: Sleep-inducing moves are banned
|clearpoke
|poke|p1|Tinkaton, F|
|poke|p1|Samurott-Hisui, F|
|poke|p1|Pecharunt|
|poke|p1|Hatterene, F|
|poke|p1|Darkrai|
|poke|p1|Iron Hands|
|poke|p2|Iron Valiant|
|poke|p2|Sinistcha|
|poke|p2|Tyranitar, F|
|poke|p2|Keldeo-Resolute|
|poke|p2|Iron Treads|
|poke|p2|Klefki, M|
|teampreview
|j|+cz
|
|t:|1769357515
|teamsize|p1|6
|teamsize|p2|6
|start
|switch|p1a: Tinkaton|Tinkaton, F|100/100
|switch|p2a: Redips|Klefki, M|100/100
|-ability|p1a: Tinkaton|Mold Breaker
|-item|p1a: Tinkaton|Air Balloon
|turn|1
|
|t:|1769357532
|move|p1a: Tinkaton|Stealth Rock|p2a: Redips
|-sidestart|p2: Acastillo631|move: Stealth Rock
|move|p2a: Redips|Dazzling Gleam|p1a: Tinkaton
|-resisted|p1a: Tinkaton
|-damage|p1a: Tinkaton|91/100
|-enditem|p1a: Tinkaton|Air Balloon
|
|upkeep
|turn|2
|
|t:|1769357537
|switch|p1a: Hatterene|Hatterene, F|100/100
|-item|p1a: Hatterene|Air Balloon
|move|p2a: Redips|Spikes|p1a: Hatterene
|move|p1a: Hatterene|Spikes|p2a: Redips|[from] ability: Magic Bounce
|-sidestart|p2: Acastillo631|Spikes
|
|upkeep
|turn|3
|
|t:|1769357547
|move|p2a: Redips|Dazzling Gleam|p1a: Hatterene
|-damage|p1a: Hatterene|76/100
|-enditem|p1a: Hatterene|Air Balloon
|move|p1a: Hatterene|Psychic Noise|p2a: Redips
|-resisted|p2a: Redips
|-damage|p2a: Redips|81/100
|-start|p2a: Redips|move: Heal Block
|
|upkeep
|turn|4
|
|t:|1769357567
|move|p2a: Redips|Dazzling Gleam|p1a: Hatterene
|-damage|p1a: Hatterene|52/100
|move|p1a: Hatterene|Nuzzle|p2a: Redips
|-damage|p2a: Redips|78/100
|-status|p2a: Redips|par
|-damage|p1a: Hatterene|35/100|[from] item: Rocky Helmet|[of] p2a: Redips
|
|-end|p2a: Redips|move: Heal Block
|upkeep
|turn|5
|
|t:|1769357580
|cant|p2a: Redips|par
|move|p1a: Hatterene|Pain Split|p2a: Redips
|-sethp|p2a: Redips|56/100 par|[from] move: Pain Split|[silent]
|-sethp|p1a: Hatterene|56/100|[from] move: Pain Split
|
|upkeep
|turn|6
|
|t:|1769357584
|move|p1a: Hatterene|Psychic Noise|p2a: Redips
|-resisted|p2a: Redips
|-damage|p2a: Redips|37/100 par
|-start|p2a: Redips|move: Heal Block
|move|p2a: Redips|Dazzling Gleam|p1a: Hatterene
|-damage|p1a: Hatterene|32/100
|
|upkeep
|turn|7
|
|t:|1769357597
|move|p1a: Hatterene|Psychic Noise|p2a: Redips
|-resisted|p2a: Redips
|-damage|p2a: Redips|15/100 par
|cant|p2a: Redips|par
|
|-end|p2a: Redips|move: Heal Block
|upkeep
|turn|8
|
|t:|1769357604
|move|p1a: Hatterene|Psychic Noise|p2a: Redips
|-resisted|p2a: Redips
|-damage|p2a: Redips|0 fnt
|faint|p2a: Redips
|
|upkeep
|
|t:|1769357606
|switch|p2a: Armored Armadillo|Iron Treads|100/100
|-damage|p2a: Armored Armadillo|97/100|[from] Stealth Rock
|-item|p2a: Armored Armadillo|Air Balloon
|turn|9
|j| furkanbolukbasi
|
|t:|1769357610
|switch|p1a: Pecharunt|Pecharunt|100/100
|-item|p1a: Pecharunt|Air Balloon
|move|p2a: Armored Armadillo|Knock Off|p1a: Pecharunt
|-supereffective|p1a: Pecharunt
|-damage|p1a: Pecharunt|55/100
|-enditem|p1a: Pecharunt|Air Balloon
|
|upkeep
|turn|10
|
|t:|1769357622
|-terastallize|p1a: Pecharunt|Ghost
|move|p2a: Armored Armadillo|Earthquake|p1a: Pecharunt
|-damage|p1a: Pecharunt|21/100
|move|p1a: Pecharunt|Recover|p1a: Pecharunt
|-heal|p1a: Pecharunt|71/100
|
|upkeep
|turn|11
|
|t:|1769357635
|-end|p2a: Armored Armadillo|Quark Drive|[silent]
|switch|p2a: Eregion|Tyranitar, F|100/100
|-damage|p2a: Eregion|88/100|[from] Stealth Rock
|-damage|p2a: Eregion|76/100|[from] Spikes
|-weather|Sandstorm|[from] ability: Sand Stream|[of] p2a: Eregion
|move|p1a: Pecharunt|Recover|p1a: Pecharunt
|-heal|p1a: Pecharunt|100/100
|
|-weather|Sandstorm|[upkeep]
|-damage|p1a: Pecharunt|95/100|[from] Sandstorm
|-heal|p2a: Eregion|82/100|[from] item: Leftovers
|upkeep
|turn|12
|
|t:|1769357648
|switch|p1a: Hatterene|Hatterene, F|32/100
|move|p2a: Eregion|Stealth Rock|p1a: Hatterene
|move|p1a: Hatterene|Stealth Rock||[from] ability: Magic Bounce|[still]
|-fail|p1a: Hatterene
|
|-weather|Sandstorm|[upkeep]
|-damage|p1a: Hatterene|26/100|[from] Sandstorm
|-heal|p2a: Eregion|88/100|[from] item: Leftovers
|upkeep
|turn|13
|
|t:|1769357651
|move|p2a: Eregion|Knock Off|p1a: Hatterene
|-damage|p1a: Hatterene|0 fnt
|faint|p1a: Hatterene
|
|-weather|Sandstorm|[upkeep]
|-heal|p2a: Eregion|94/100|[from] item: Leftovers
|upkeep
|
|t:|1769357656
|switch|p1a: Iron Hands|Iron Hands|100/100
|-item|p1a: Iron Hands|Air Balloon
|turn|14
|
|t:|1769357662
|switch|p2a: Wire Sponge|Sinistcha|100/100
|move|p1a: Iron Hands|Swords Dance|p1a: Iron Hands
|-boost|p1a: Iron Hands|atk|2
|
|-weather|Sandstorm|[upkeep]
|-damage|p2a: Wire Sponge|94/100|[from] Sandstorm
|-damage|p1a: Iron Hands|94/100|[from] Sandstorm
|upkeep
|turn|15
|
|t:|1769357669
|-terastallize|p2a: Wire Sponge|Poison
|move|p2a: Wire Sponge|Nasty Plot|p2a: Wire Sponge
|-boost|p2a: Wire Sponge|spa|2
|move|p1a: Iron Hands|Swords Dance|p1a: Iron Hands
|-boost|p1a: Iron Hands|atk|2
|
|-weather|none
|upkeep
|turn|16
|
|t:|1769357681
|move|p2a: Wire Sponge|Matcha Gotcha|p1a: Iron Hands
|-damage|p1a: Iron Hands|37/100
|-heal|p2a: Wire Sponge|100/100|[from] drain|[of] p1a: Iron Hands
|-enditem|p1a: Iron Hands|Air Balloon
|move|p1a: Iron Hands|Swords Dance|p1a: Iron Hands
|-boost|p1a: Iron Hands|atk|2
|
|upkeep
|turn|17
|
|t:|1769357689
|move|p2a: Wire Sponge|Shadow Ball|p1a: Iron Hands
|-damage|p1a: Iron Hands|0 fnt
|faint|p1a: Iron Hands
|-end|p1a: Iron Hands|Quark Drive|[silent]
|
|upkeep
|
|t:|1769357694
|switch|p1a: Tinkaton|Tinkaton, F|91/100
|-ability|p1a: Tinkaton|Mold Breaker
|turn|18
|
|t:|1769357714
|move|p1a: Tinkaton|Encore|p2a: Wire Sponge
|-start|p2a: Wire Sponge|Encore
|move|p2a: Wire Sponge|Shadow Ball|p1a: Tinkaton
|-damage|p1a: Tinkaton|39/100
|
|upkeep
|turn|19
|
|t:|1769357722
|move|p1a: Tinkaton|Gigaton Hammer|p2a: Wire Sponge
|-damage|p2a: Wire Sponge|69/100
|move|p2a: Wire Sponge|Shadow Ball|p1a: Tinkaton
|-damage|p1a: Tinkaton|0 fnt
|faint|p1a: Tinkaton
|
|upkeep
|
|t:|1769357749
|switch|p1a: Darkrai|Darkrai|100/100
|-item|p1a: Darkrai|Air Balloon
|turn|20
|
|t:|1769357764
|switch|p2a: Eregion|Tyranitar, F|94/100
|-damage|p2a: Eregion|82/100|[from] Stealth Rock
|-damage|p2a: Eregion|70/100|[from] Spikes
|-weather|Sandstorm|[from] ability: Sand Stream|[of] p2a: Eregion
|move|p1a: Darkrai|Dark Pulse|p2a: Eregion
|-resisted|p2a: Eregion
|-damage|p2a: Eregion|61/100
|
|-weather|Sandstorm|[upkeep]
|-damage|p1a: Darkrai|94/100|[from] Sandstorm
|-heal|p2a: Eregion|67/100|[from] item: Leftovers
|upkeep
|turn|21
|
|t:|1769357773
|switch|p1a: Samurott|Samurott-Hisui, F|100/100
|-item|p1a: Samurott|Air Balloon
|move|p2a: Eregion|Stealth Rock|p1a: Samurott
|-sidestart|p1: noob1877 test|move: Stealth Rock
|
|-weather|Sandstorm|[upkeep]
|-damage|p1a: Samurott|94/100|[from] Sandstorm
|-heal|p2a: Eregion|73/100|[from] item: Leftovers
|upkeep
|turn|22
|
|t:|1769357780
|switch|p2a: Spiral Pegasus|Keldeo-Resolute|100/100
|move|p1a: Samurott|Razor Shell|p2a: Spiral Pegasus
|-resisted|p2a: Spiral Pegasus
|-damage|p2a: Spiral Pegasus|70/100
|-unboost|p2a: Spiral Pegasus|def|1
|
|-weather|Sandstorm|[upkeep]
|-damage|p2a: Spiral Pegasus|64/100|[from] Sandstorm
|-damage|p1a: Samurott|88/100|[from] Sandstorm
|upkeep
|turn|23
|j| Samurajen
|l| furkanbolukbasi
|
|t:|1769357806
|move|p1a: Samurott|Sucker Punch|p2a: Spiral Pegasus
|-resisted|p2a: Spiral Pegasus
|-damage|p2a: Spiral Pegasus|35/100
|-ability|p2a: Spiral Pegasus|Justified|boost
|-boost|p2a: Spiral Pegasus|atk|1
|move|p2a: Spiral Pegasus|Secret Sword|p1a: Samurott
|-supereffective|p1a: Samurott
|-damage|p1a: Samurott|0 fnt
|-enditem|p1a: Samurott|Air Balloon
|faint|p1a: Samurott
|
|-weather|Sandstorm|[upkeep]
|-damage|p2a: Spiral Pegasus|28/100|[from] Sandstorm
|upkeep
|
|t:|1769357807
|switch|p1a: Darkrai|Darkrai|94/100
|-damage|p1a: Darkrai|82/100|[from] Stealth Rock
|-item|p1a: Darkrai|Air Balloon
|turn|24
|
|t:|1769357842
|switch|p2a: Eregion|Tyranitar, F|73/100
|-damage|p2a: Eregion|61/100|[from] Stealth Rock
|-damage|p2a: Eregion|48/100|[from] Spikes
|move|p1a: Darkrai|Sludge Bomb|p2a: Eregion
|-resisted|p2a: Eregion
|-damage|p2a: Eregion|42/100
|
|-weather|none
|-heal|p2a: Eregion|48/100|[from] item: Leftovers
|upkeep
|turn|25
|
|t:|1769357858
|move|p1a: Darkrai|Ice Beam|p2a: Eregion
|-damage|p2a: Eregion|28/100
|move|p2a: Eregion|Knock Off|p1a: Darkrai
|-resisted|p1a: Darkrai
|-damage|p1a: Darkrai|55/100
|-enditem|p1a: Darkrai|Air Balloon
|
|-heal|p2a: Eregion|35/100|[from] item: Leftovers
|upkeep
|turn|26
|
|t:|1769357865
|move|p1a: Darkrai|Ice Beam|p2a: Eregion
|-damage|p2a: Eregion|15/100
|-status|p2a: Eregion|frz
|cant|p2a: Eregion|frz
|
|-heal|p2a: Eregion|21/100 frz|[from] item: Leftovers
|upkeep
|turn|27
|
|t:|1769357869
|move|p1a: Darkrai|Ice Beam|p2a: Eregion
|-damage|p2a: Eregion|1/100 frz
|cant|p2a: Eregion|frz
|
|-heal|p2a: Eregion|7/100 frz|[from] item: Leftovers
|upkeep
|turn|28
|
|t:|1769357873
|move|p1a: Darkrai|Dark Pulse|p2a: Eregion
|-resisted|p2a: Eregion
|-damage|p2a: Eregion|0 fnt
|faint|p2a: Eregion
|
|upkeep
|
|t:|1769357881
|switch|p2a: Sage Harpuia|Iron Valiant|100/100
|-damage|p2a: Sage Harpuia|94/100|[from] Stealth Rock
|-damage|p2a: Sage Harpuia|82/100|[from] Spikes
|-enditem|p2a: Sage Harpuia|Booster Energy
|-activate|p2a: Sage Harpuia|ability: Quark Drive|[fromitem]
|-start|p2a: Sage Harpuia|quarkdrivespe
|turn|29
|
|t:|1769357888
|move|p2a: Sage Harpuia|Moonblast|p1a: Darkrai
|-supereffective|p1a: Darkrai
|-damage|p1a: Darkrai|0 fnt
|faint|p1a: Darkrai
|
|upkeep
|
|t:|1769357889
|switch|p1a: Pecharunt|Pecharunt, tera:Ghost|95/100
|-damage|p1a: Pecharunt|82/100|[from] Stealth Rock
|turn|30
|c|☆Acastillo631|Wtf is this troll team
|
|t:|1769357898
|move|p2a: Sage Harpuia|Destiny Bond|p2a: Sage Harpuia
|-singlemove|p2a: Sage Harpuia|Destiny Bond
|move|p1a: Pecharunt|Malignant Chain|p2a: Sage Harpuia
|-supereffective|p2a: Sage Harpuia
|-damage|p2a: Sage Harpuia|0 fnt
|faint|p2a: Sage Harpuia
|-activate|p2a: Sage Harpuia|move: Destiny Bond
|-end|p2a: Sage Harpuia|Quark Drive|[silent]
|faint|p1a: Pecharunt
|
|win|Acastillo631
|raw|noob1877 test's rating: 1869 &rarr; <strong>1850</strong><br />(-19 for losing)
|raw|Acastillo631's rating: 1888 &rarr; <strong>1907</strong><br />(+19 for winning)
|l|☆noob1877 test
|player|p1|
|l|☆Acastillo631
|player|p2|
|l|+cz
