|j|☆Hhoottddoogg
|j|☆jayglazz
|t:|1769361552
|gametype|singles
|player|p1|Hhoottddoogg|102|1081
|player|p2|jayglazz|lucas|1076
|gen|9
|tier|[Gen 9] OU
|rated|
|rule|HP Percentage Mod: HP is shown in percentages
|rule|Endless Battle Clause: Forcing endless battles is banned
|rule|Species Clause: Limit one of each Pokémon
|rule|OHKO Clause: OHKO moves are banned
|rule|Evasion Items Clause: Evasion items are banned
|rule|Evasion Moves Clause: Evasion moves are banned
|rule|Evasion Abilities Clause: Evasion abilities are banned
|rule|Sleep Moves Clause: Sleep-inducing moves are banned
|clearpoke
|poke|p1|Serperior, F|
|poke|p1|Kingambit, M|
|poke|p1|Vikavolt, M|
|poke|p1|Empoleon, M|
|poke|p1|Slowbro-Galar, F|
|poke|p1|Moltres-Galar|
|poke|p2|Zapdos|
|poke|p2|Suicune|
|poke|p2|Donphan, M|
|poke|p2|Scizor, F|
|poke|p2|Dragonite, F|
|poke|p2|Serperior, M|
|teampreview
|
|t:|1769361566
|teamsize|p1|6
|teamsize|p2|6
|start
|switch|p1a: Vikavolt|Vikavolt, M|100/100
|switch|p2a: Tanju|Donphan, M|100/100
|turn|1
|
|t:|1769361574
|move|p2a: Tanju|Earthquake|p1a: Vikavolt
|-immune|p1a: Vikavolt|[from] ability: Levitate
|move|p1a: Vikavolt|Energy Ball|p2a: Tanju
|-supereffective|p2a: Tanju
|-ability|p2a: Tanju|Sturdy
|-damage|p2a: Tanju|1/100
|
|-heal|p2a: Tanju|7/100|[from] item: Leftovers
|upkeep
|turn|2
|
|t:|1769361583
|move|p2a: Tanju|Stealth Rock|p1a: Vikavolt
|-sidestart|p1: Hhoottddoogg|move: Stealth Rock
|move|p1a: Vikavolt|Bug Buzz|p2a: Tanju
|-damage|p2a: Tanju|0 fnt
|faint|p2a: Tanju
|
|upkeep
|
|t:|1769361594
|switch|p2a: Wolks|Zapdos|100/100
|turn|3
|
|t:|1769361599
|move|p2a: Wolks|Heat Wave|p1a: Vikavolt
|-supereffective|p1a: Vikavolt
|-damage|p1a: Vikavolt|27/100
|move|p1a: Vikavolt|Discharge|p2a: Wolks
|-damage|p2a: Wolks|41/100
|
|upkeep
|turn|4
|
|t:|1769361605
|move|p2a: Wolks|Discharge|p1a: Vikavolt
|-resisted|p1a: Vikavolt
|-damage|p1a: Vikavolt|2/100
|move|p1a: Vikavolt|Discharge|p2a: Wolks
|-damage|p2a: Wolks|0 fnt
|faint|p2a: Wolks
|
|upkeep
|
|t:|1769361613
|switch|p2a: Beltrix|Scizor, F|100/100
|turn|5
|
|t:|1769361627
|move|p2a: Beltrix|Knock Off|p1a: Vikavolt
|-damage|p1a: Vikavolt|0 fnt
|-enditem|p1a: Vikavolt|Safety Goggles|[from] move: Knock Off|[of] p2a: Beltrix
|faint|p1a: Vikavolt
|
|upkeep
|
|t:|1769361648
|switch|p1a: Moltres|Moltres-Galar|100/100
|-damage|p1a: Moltres|76/100|[from] Stealth Rock
|turn|6
|
|t:|1769361696
|move|p1a: Moltres|Air Slash|p2a: Beltrix
|-damage|p2a: Beltrix|51/100
|move|p2a: Beltrix|X-Scissor|p1a: Moltres
|-damage|p1a: Moltres|27/100
|-ability|p1a: Moltres|Berserk|boost
|-boost|p1a: Moltres|spa|1
|
|upkeep
|turn|7
|
|t:|1769361704
|move|p1a: Moltres|Rest|p1a: Moltres
|-status|p1a: Moltres|slp|[from] move: Rest
|-heal|p1a: Moltres|100/100 slp|[silent]
|-enditem|p1a: Moltres|Chesto Berry|[eat]
|-curestatus|p1a: Moltres|slp|[msg]
|move|p2a: Beltrix|X-Scissor|p1a: Moltres
|-damage|p1a: Moltres|51/100
|
|upkeep
|turn|8
|
|t:|1769361714
|move|p1a: Moltres|Air Slash|p2a: Beltrix
|-damage|p2a: Beltrix|0 fnt
|faint|p2a: Beltrix
|
|upkeep
|
|t:|1769361719
|switch|p2a: Matum|Suicune|100/100
|-ability|p2a: Matum|Pressure
|turn|9
|
|t:|1769361725
|move|p1a: Moltres|Agility|p1a: Moltres
|-boost|p1a: Moltres|spe|2
|move|p2a: Matum|Calm Mind|p2a: Matum
|-boost|p2a: Matum|spa|1
|-boost|p2a: Matum|spd|1
|
|upkeep
|turn|10
|
|t:|1769361736
|move|p1a: Moltres|Fiery Wrath|p2a: Matum
|-damage|p2a: Matum|71/100
|move|p2a: Matum|Calm Mind|p2a: Matum
|-boost|p2a: Matum|spa|1
|-boost|p2a: Matum|spd|1
|
|-heal|p2a: Matum|77/100|[from] item: Leftovers
|upkeep
|turn|11
|
|t:|1769361746
|move|p1a: Moltres|Fiery Wrath|p2a: Matum
|-damage|p2a: Matum|55/100
|move|p2a: Matum|Calm Mind|p2a: Matum
|-boost|p2a: Matum|spa|1
|-boost|p2a: Matum|spd|1
|
|-heal|p2a: Matum|62/100|[from] item: Leftovers
|upkeep
|turn|12
|
|t:|1769361759
|move|p1a: Moltres|Fiery Wrath|p2a: Matum
|-damage|p2a: Matum|44/100
|move|p2a: Matum|Calm Mind|p2a: Matum
|-boost|p2a: Matum|spa|1
|-boost|p2a: Matum|spd|1
|
|-heal|p2a: Matum|50/100|[from] item: Leftovers
|upkeep
|turn|13
|
|t:|1769361774
|move|p1a: Moltres|Fiery Wrath|p2a: Matum
|-damage|p2a: Matum|36/100
|move|p2a: Matum|Scald|p1a: Moltres
|-damage|p1a: Moltres|0 fnt
|faint|p1a: Moltres
|
|-heal|p2a: Matum|42/100|[from] item: Leftovers
|upkeep
|
|t:|1769361779
|switch|p1a: Slowbro|Slowbro-Galar, F|100/100
|-damage|p1a: Slowbro|88/100|[from] Stealth Rock
|turn|14
|-activate|p1a: Slowbro|ability: Quick Draw
|
|t:|1769361785
|move|p1a: Slowbro|Shell Side Arm|p2a: Matum|[anim] Shell Side Arm Physical
|-damage|p2a: Matum|23/100
|-hint|Physical Shell Side Arm
|move|p2a: Matum|Scald|p1a: Slowbro
|-damage|p1a: Slowbro|0 fnt
|faint|p1a: Slowbro
|
|-heal|p2a: Matum|29/100|[from] item: Leftovers
|upkeep
|
|t:|1769361793
|switch|p1a: Serperior|Serperior, F|100/100
|-damage|p1a: Serperior|88/100|[from] Stealth Rock
|turn|15
|
|t:|1769361798
|move|p1a: Serperior|Leaf Storm|p2a: Matum
|-supereffective|p2a: Matum
|-damage|p2a: Matum|9/100
|-boost|p1a: Serperior|spa|2
|move|p2a: Matum|Rest|p2a: Matum
|-status|p2a: Matum|slp|[from] move: Rest
|-heal|p2a: Matum|100/100 slp|[silent]
|
|upkeep
|turn|16
|
|t:|1769361806
|move|p1a: Serperior|Leaf Storm|p2a: Matum
|-supereffective|p2a: Matum
|-damage|p2a: Matum|57/100 slp
|-boost|p1a: Serperior|spa|2
|cant|p2a: Matum|slp
|move|p2a: Matum|Sleep Talk|p2a: Matum
|move|p2a: Matum|Scald|p1a: Serperior|[from] move: Sleep Talk
|-resisted|p1a: Serperior
|-damage|p1a: Serperior|39/100
|-status|p1a: Serperior|brn
|
|-heal|p2a: Matum|63/100 slp|[from] item: Leftovers
|-damage|p1a: Serperior|33/100 brn|[from] brn
|upkeep
|turn|17
|
|t:|1769361821
|move|p1a: Serperior|Leaf Storm|p2a: Matum
|-supereffective|p2a: Matum
|-damage|p2a: Matum|1/100 slp
|-boost|p1a: Serperior|spa|2
|cant|p2a: Matum|slp
|move|p2a: Matum|Sleep Talk|p2a: Matum
|move|p2a: Matum|Calm Mind|p2a: Matum|[from] move: Sleep Talk
|-boost|p2a: Matum|spa|1
|-boost|p2a: Matum|spd|1
|
|-heal|p2a: Matum|8/100 slp|[from] item: Leftovers
|-damage|p1a: Serperior|27/100 brn|[from] brn
|upkeep
|turn|18
|
|t:|1769361833
|switch|p2a: Serafim|Serperior, M|100/100
|move|p1a: Serperior|Leaf Storm|p2a: Serafim
|-resisted|p2a: Serafim
|-damage|p2a: Serafim|12/100
|
|-heal|p2a: Serafim|18/100|[from] item: Leftovers
|-damage|p1a: Serperior|20/100 brn|[from] brn
|upkeep
|turn|19
|
|t:|1769361841
|move|p1a: Serperior|Leaf Storm|p2a: Serafim
|-resisted|p2a: Serafim
|-damage|p2a: Serafim|0 fnt
|faint|p2a: Serafim
|
|-damage|p1a: Serperior|14/100 brn|[from] brn
|upkeep
|
|t:|1769361847
|switch|p2a: Matum|Suicune|8/100 slp
|-ability|p2a: Matum|Pressure
|turn|20
|
|t:|1769361884
|switch|p2a: Pudim|Dragonite, F|100/100
|move|p1a: Serperior|Dragon Pulse|p2a: Pudim
|-supereffective|p2a: Pudim
|-crit|p2a: Pudim
|-damage|p2a: Pudim|0 fnt
|faint|p2a: Pudim
|
|-damage|p1a: Serperior|8/100 brn|[from] brn
|upkeep
|
|t:|1769361892
|switch|p2a: Matum|Suicune|8/100 slp
|-ability|p2a: Matum|Pressure
|turn|21
|inactive|Battle timer is ON: inactive players will automatically lose when time's up. (requested by Hhoottddoogg)
|
|t:|1769361896
|move|p1a: Serperior|Tera Blast|p2a: Matum
|-damage|p2a: Matum|0 fnt
|faint|p2a: Matum
|
|win|Hhoottddoogg
|raw|Hhoottddoogg's rating: 1081 &rarr; <strong>1108</strong><br />(+27 for winning)
|raw|jayglazz's rating: 1076 &rarr; <strong>1055</strong><br />(-21 for losing)
|l|☆jayglazz
|player|p2|
|l|☆Hhoottddoogg
|player|p1|
