|j|☆ASRAyeetASRA
|j|☆Johveon
|t:|1769339084
|gametype|singles
|player|p1|ASRAyeetASRA|169|1175
|player|p2|Johveon|norman|1213
|gen|9
|tier|[Gen 9] OU
|rated|
|rule|HP Percentage Mod: HP is shown in percentages
|rule|Endless Battle Clause: Forcing endless battles is banned
|rule|Species Clause: Limit one of each Pokémon
|rule|OHKO Clause: OHKO moves are banned
|rule|Evasion Items Clause: Evasion items are banned
|rule|Evasion Moves Clause: Evasion moves are banned
|rule|Evasion Abilities Clause: Evasion abilities are banned
|rule|Sleep Moves Clause: Sleep-inducing moves are banned
|clearpoke
|poke|p1|Raging Bolt|
|poke|p1|Gholdengo|
|poke|p1|Glimmora, F|
|poke|p1|Ting-Lu|
|poke|p1|Ogerpon-Wellspring, F|
|poke|p1|Clefable, M|
|poke|p2|Rillaboom, M|
|poke|p2|Great Tusk|
|poke|p2|Gyarados, M|
|poke|p2|Iron Moth|
|poke|p2|Azelf|
|poke|p2|Zamazenta-*|
|teampreview
|inactive|Battle timer is ON: inactive players will automatically lose when time's up. (requested by ASRAyeetASRA)
|
|t:|1769339094
|teamsize|p1|6
|teamsize|p2|6
|start
|switch|p1a: Glimmora|Glimmora, F, shiny|100/100
|switch|p2a: Azelf|Azelf|100/100
|turn|1
|
|t:|1769339111
|switch|p1a: Gholdengo|Gholdengo, shiny|100/100
|-item|p1a: Gholdengo|Air Balloon
|move|p2a: Azelf|Taunt|p1a: Gholdengo
|-immune|p1a: Gholdengo|[from] ability: Good as Gold
|
|upkeep
|turn|2
|
|t:|1769339121
|move|p2a: Azelf|Stealth Rock|p1a: Gholdengo
|-sidestart|p1: ASRAyeetASRA|move: Stealth Rock
|move|p1a: Gholdengo|Shadow Ball|p2a: Azelf
|-supereffective|p2a: Azelf
|-enditem|p2a: Azelf|Focus Sash
|-damage|p2a: Azelf|1/100
|
|upkeep
|turn|3
|
|t:|1769339127
|move|p2a: Azelf|Taunt|p1a: Gholdengo
|-immune|p1a: Gholdengo|[from] ability: Good as Gold
|move|p1a: Gholdengo|Shadow Ball|p2a: Azelf
|-supereffective|p2a: Azelf
|-damage|p2a: Azelf|0 fnt
|faint|p2a: Azelf
|
|upkeep
|
|t:|1769339130
|switch|p2a: Iron Moth|Iron Moth|100/100
|-enditem|p2a: Iron Moth|Booster Energy
|-activate|p2a: Iron Moth|ability: Quark Drive|[fromitem]
|-start|p2a: Iron Moth|quarkdrivespe
|turn|4
|
|t:|1769339141
|switch|p1a: Ting-Lu|Ting-Lu, shiny|100/100
|-damage|p1a: Ting-Lu|94/100|[from] Stealth Rock
|-ability|p1a: Ting-Lu|Vessel of Ruin
|move|p2a: Iron Moth|Fiery Dance|p1a: Ting-Lu
|-damage|p1a: Ting-Lu|78/100
|
|-heal|p1a: Ting-Lu|84/100|[from] item: Leftovers
|upkeep
|turn|5
|
|t:|1769339150
|move|p2a: Iron Moth|Fiery Dance|p1a: Ting-Lu
|-damage|p1a: Ting-Lu|67/100
|move|p1a: Ting-Lu|Whirlwind|p2a: Iron Moth
|-end|p2a: Iron Moth|Quark Drive|[silent]
|drag|p2a: Zamazenta|Zamazenta|100/100
|-ability|p2a: Zamazenta|Dauntless Shield|boost
|-boost|p2a: Zamazenta|def|1
|
|-heal|p1a: Ting-Lu|73/100|[from] item: Leftovers
|upkeep
|turn|6
|
|t:|1769339156
|move|p2a: Zamazenta|Iron Defense|p2a: Zamazenta
|-boost|p2a: Zamazenta|def|2
|move|p1a: Ting-Lu|Whirlwind|p2a: Zamazenta
|drag|p2a: Gyarados|Gyarados, M|100/100
|-ability|p2a: Gyarados|Intimidate|boost
|-unboost|p1a: Ting-Lu|atk|1
|
|-heal|p1a: Ting-Lu|79/100|[from] item: Leftovers
|upkeep
|turn|7
|
|t:|1769339164
|switch|p1a: Ogerpon|Ogerpon-Wellspring, F|100/100
|-damage|p1a: Ogerpon|88/100|[from] Stealth Rock
|move|p2a: Gyarados|Dragon Dance|p2a: Gyarados
|-boost|p2a: Gyarados|atk|1
|-boost|p2a: Gyarados|spe|1
|
|upkeep
|turn|8
|
|t:|1769339177
|move|p2a: Gyarados|Dragon Dance|p2a: Gyarados
|-boost|p2a: Gyarados|atk|1
|-boost|p2a: Gyarados|spe|1
|move|p1a: Ogerpon|Power Whip|p2a: Gyarados
|-damage|p2a: Gyarados|11/100
|
|upkeep
|turn|9
|
|t:|1769339182
|-terastallize|p2a: Gyarados|Flying
|move|p2a: Gyarados|Tera Blast|p1a: Ogerpon|[anim] Tera Blast Flying
|-supereffective|p1a: Ogerpon
|-damage|p1a: Ogerpon|0 fnt
|faint|p1a: Ogerpon
|-damage|p2a: Gyarados|1/100|[from] item: Life Orb
|
|upkeep
|
|t:|1769339188
|switch|p1a: Clefable|Clefable, M, shiny|100/100
|-damage|p1a: Clefable|88/100|[from] Stealth Rock
|turn|10
|
|t:|1769339196
|move|p2a: Gyarados|Waterfall|p1a: Clefable
|-damage|p1a: Clefable|47/100
|-damage|p2a: Gyarados|0 fnt|[from] item: Life Orb
|faint|p2a: Gyarados
|move|p1a: Clefable|Moonblast|p2: Gyarados|[notarget]
|-fail|p1a: Clefable
|
|-heal|p1a: Clefable|54/100|[from] item: Leftovers
|upkeep
|
|t:|1769339215
|switch|p2a: Zamazenta|Zamazenta|100/100
|turn|11
|
|t:|1769339220
|move|p1a: Clefable|Protect|p1a: Clefable
|-singleturn|p1a: Clefable|Protect
|move|p2a: Zamazenta|Iron Defense|p2a: Zamazenta
|-boost|p2a: Zamazenta|def|2
|
|-heal|p1a: Clefable|60/100|[from] item: Leftovers
|upkeep
|turn|12
|
|t:|1769339227
|move|p2a: Zamazenta|Body Press|p1a: Clefable
|-resisted|p1a: Clefable
|-damage|p1a: Clefable|44/100
|move|p1a: Clefable|Wish|p1a: Clefable
|
|-heal|p1a: Clefable|50/100|[from] item: Leftovers
|upkeep
|turn|13
|
|t:|1769339233
|move|p2a: Zamazenta|Iron Defense|p2a: Zamazenta
|-boost|p2a: Zamazenta|def|2
|move|p1a: Clefable|Moonblast|p2a: Zamazenta
|-supereffective|p2a: Zamazenta
|-damage|p2a: Zamazenta|45/100
|-unboost|p2a: Zamazenta|spa|1
|
|-heal|p1a: Clefable|99/100|[from] move: Wish|[wisher] Clefable
|-heal|p2a: Zamazenta|51/100|[from] item: Leftovers
|-heal|p1a: Clefable|100/100|[from] item: Leftovers
|upkeep
|turn|14
|
|t:|1769339238
|move|p2a: Zamazenta|Body Press|p1a: Clefable
|-resisted|p1a: Clefable
|-damage|p1a: Clefable|86/100
|move|p1a: Clefable|Moonblast|p2a: Zamazenta
|-supereffective|p2a: Zamazenta
|-damage|p2a: Zamazenta|0 fnt
|faint|p2a: Zamazenta
|
|-heal|p1a: Clefable|92/100|[from] item: Leftovers
|upkeep
|-message|Johveon forfeited.
|
|win|ASRAyeetASRA
|raw|ASRAyeetASRA's rating: 1175 &rarr; <strong>1204</strong><br />(+29 for winning)
|raw|Johveon's rating: 1235 &rarr; <strong>1206</strong><br />(-29 for losing)
|l|☆Johveon
|player|p2|
|l|☆ASRAyeetASRA
|player|p1|
