|j|‽BentoBo
|j|☆Freksaintg
|t:|1769368393
|gametype|singles
|player|p1|BentoBo|burglar|1078
|player|p2|Freksaintg|benga|1112
|gen|9
|tier|[Gen 9] OU
|rated|
|rule|HP Percentage Mod: HP is shown in percentages
|rule|Endless Battle Clause: Forcing endless battles is banned
|rule|Species Clause: Limit one of each Pokémon
|rule|OHKO Clause: OHKO moves are banned
|rule|Evasion Items Clause: Evasion items are banned
|rule|Evasion Moves Clause: Evasion moves are banned
|rule|Evasion Abilities Clause: Evasion abilities are banned
|rule|Sleep Moves Clause: Sleep-inducing moves are banned
|clearpoke
|poke|p1|Raichu, M|
|poke|p1|Charizard, F|
|poke|p1|Landorus-Therian, M|
|poke|p2|Ceruledge, F|
|poke|p2|Heatran, M|
|poke|p2|Latios, M|
|poke|p2|Hawlucha, F|
|poke|p2|Toxapex, M|
|poke|p2|Incineroar, M|
|teampreview
|inactive|Battle timer is ON: inactive players will automatically lose when time's up. (requested by BentoBo)
|
|t:|1769368406
|teamsize|p1|3
|teamsize|p2|6
|start
|switch|p1a: Landorus|Landorus-Therian, M|100/100
|switch|p2a: The Goat 🥹|Toxapex, M|100/100
|-ability|p1a: Landorus|Intimidate|boost
|-unboost|p2a: The Goat 🥹|atk|1
|turn|1
|
|t:|1769368411
|move|p1a: Landorus|Stealth Rock|p2a: The Goat 🥹
|-sidestart|p2: Freksaintg|move: Stealth Rock
|move|p2a: The Goat 🥹|Surf|p1a: Landorus
|-supereffective|p1a: Landorus
|-damage|p1a: Landorus|57/100
|
|upkeep
|turn|2
|
|t:|1769368416
|move|p1a: Landorus|Earthquake|p2a: The Goat 🥹
|-supereffective|p2a: The Goat 🥹
|-crit|p2a: The Goat 🥹
|-damage|p2a: The Goat 🥹|0 fnt
|faint|p2a: The Goat 🥹
|
|upkeep
|
|t:|1769368421
|switch|p2a: Latios|Latios, M|100/100
|-damage|p2a: Latios|88/100|[from] Stealth Rock
|turn|3
|
|t:|1769368423
|move|p2a: Latios|Draco Meteor|p1a: Landorus
|-crit|p1a: Landorus
|-damage|p1a: Landorus|0 fnt
|-unboost|p2a: Latios|spa|2
|faint|p1a: Landorus
|
|upkeep
|
|t:|1769368428
|switch|p1a: Raichu|Raichu, M|100/100
|-item|p1a: Raichu|Air Balloon
|turn|4
|
|t:|1769368432
|move|p2a: Latios|Draco Meteor|p1a: Raichu
|-damage|p1a: Raichu|33/100
|-unboost|p2a: Latios|spa|2
|-enditem|p1a: Raichu|Air Balloon
|move|p1a: Raichu|Light Screen|p1a: Raichu
|-sidestart|p1: BentoBo|move: Light Screen
|
|upkeep
|turn|5
|
|t:|1769368435
|move|p2a: Latios|Draco Meteor|p1a: Raichu
|-damage|p1a: Raichu|11/100
|-unboost|p2a: Latios|spa|2
|move|p1a: Raichu|Nuzzle|p2a: Latios
|-resisted|p2a: Latios
|-damage|p2a: Latios|84/100
|-status|p2a: Latios|par
|
|upkeep
|turn|6
|
|t:|1769368439
|move|p1a: Raichu|Wish|p1a: Raichu
|cant|p2a: Latios|par
|
|upkeep
|turn|7
|
|t:|1769368450
|move|p1a: Raichu|Reflect|p1a: Raichu
|-sidestart|p1: BentoBo|Reflect
|move|p2a: Latios|Draco Meteor|p1a: Raichu
|-damage|p1a: Raichu|0 fnt
|faint|p1a: Raichu
|
|upkeep
|
|t:|1769368452
|switch|p1a: Charizard|Charizard, F|100/100
|turn|8
|
|t:|1769368457
|move|p1a: Charizard|Belly Drum|p1a: Charizard
|-damage|p1a: Charizard|50/100
|-setboost|p1a: Charizard|atk|6|[from] move: Belly Drum
|move|p2a: Latios|Draco Meteor|p1a: Charizard
|-damage|p1a: Charizard|36/100
|
|-sideend|p1: BentoBo|move: Light Screen
|upkeep
|turn|9
|
|t:|1769368474
|move|p1a: Charizard|Thunder Punch|p2a: Latios
|-resisted|p2a: Latios
|-damage|p2a: Latios|27/100 par
|move|p2a: Latios|Draco Meteor|p1a: Charizard
|-damage|p1a: Charizard|9/100
|-enditem|p1a: Charizard|Salac Berry|[eat]
|-boost|p1a: Charizard|spe|1|[from] item: Salac Berry
|
|upkeep
|turn|10
|
|t:|1769368481
|switch|p2a: IdkWhyHesHere|Incineroar, M|100/100
|-ability|p2a: IdkWhyHesHere|Intimidate|boost
|-unboost|p1a: Charizard|atk|1
|move|p1a: Charizard|Fire Punch|p2a: IdkWhyHesHere
|-resisted|p2a: IdkWhyHesHere
|-damage|p2a: IdkWhyHesHere|23/100
|
|upkeep
|turn|11
|
|t:|1769368485
|move|p1a: Charizard|Acrobatics|p2a: IdkWhyHesHere
|-damage|p2a: IdkWhyHesHere|0 fnt
|faint|p2a: IdkWhyHesHere
|
|-sideend|p1: BentoBo|Reflect
|upkeep
|
|t:|1769368493
|switch|p2a: Onceinabluemoon2|Hawlucha, F|100/100
|-damage|p2a: Onceinabluemoon2|88/100|[from] Stealth Rock
|turn|12
|
|t:|1769368495
|move|p1a: Charizard|Acrobatics|p2a: Onceinabluemoon2
|-supereffective|p2a: Onceinabluemoon2
|-damage|p2a: Onceinabluemoon2|0 fnt
|faint|p2a: Onceinabluemoon2
|
|upkeep
|
|t:|1769368499
|switch|p2a: No fairys|Heatran, M|100/100
|-damage|p2a: No fairys|88/100|[from] Stealth Rock
|turn|13
|
|t:|1769368506
|move|p1a: Charizard|Acrobatics|p2a: No fairys
|-resisted|p2a: No fairys
|-damage|p2a: No fairys|18/100
|move|p2a: No fairys|Magma Storm|p1a: Charizard|[miss]
|-miss|p2a: No fairys|p1a: Charizard
|
|-heal|p2a: No fairys|24/100|[from] item: Leftovers
|upkeep
|turn|14
|
|t:|1769368514
|move|p1a: Charizard|Acrobatics|p2a: No fairys
|-resisted|p2a: No fairys
|-damage|p2a: No fairys|0 fnt
|faint|p2a: No fairys
|
|upkeep
|
|t:|1769368517
|switch|p2a: Onceinabluemoon|Ceruledge, F|100/100
|-damage|p2a: Onceinabluemoon|76/100|[from] Stealth Rock
|turn|15
|
|t:|1769368523
|move|p1a: Charizard|Acrobatics|p2a: Onceinabluemoon
|-damage|p2a: Onceinabluemoon|0 fnt
|faint|p2a: Onceinabluemoon
|
|upkeep
|
|t:|1769368525
|switch|p2a: Latios|Latios, M|27/100 par
|-damage|p2a: Latios|15/100 par|[from] Stealth Rock
|turn|16
|
|t:|1769368528
|move|p1a: Charizard|Acrobatics|p2a: Latios
|-damage|p2a: Latios|0 fnt
|faint|p2a: Latios
|
|win|BentoBo
|raw|BentoBo's rating: 1078 &rarr; <strong>1109</strong><br />(+31 for winning)
|raw|Freksaintg's rating: 1112 &rarr; <strong>1085</strong><br />(-27 for losing)
|l|☆Freksaintg
|player|p2|
|l|‽BentoBo
|player|p1|
