|j|☆opthebestkkj
|j|☆yokodai
|t:|1769429116
|gametype|singles
|player|p1|opthebestkkj|schoolkidf|1479
|player|p2|yokodai|2|1557
|gen|9
|tier|[Gen 9] OU
|rated|
|rule|HP Percentage Mod: HP is shown in percentages
|rule|Endless Battle Clause: Forcing endless battles is banned
|rule|Species Clause: Limit one of each Pokémon
|rule|OHKO Clause: OHKO moves are banned
|rule|Evasion Items Clause: Evasion items are banned
|rule|Evasion Moves Clause: Evasion moves are banned
|rule|Evasion Abilities Clause: Evasion abilities are banned
|rule|Sleep Moves Clause: Sleep-inducing moves are banned
|clearpoke
|poke|p1|Suicune|
|poke|p1|Great Tusk|
|poke|p1|Heatran, M|
|poke|p1|Rillaboom, F|
|poke|p1|Kyurem|
|poke|p1|Meowscarada, F|
|poke|p2|Mamoswine, M|
|poke|p2|Gholdengo|
|poke|p2|Slowking, M|
|poke|p2|Corviknight, F|
|poke|p2|Dragonite, F|
|poke|p2|Clodsire, F|
|teampreview
|inactive|Battle timer is ON: inactive players will automatically lose when time's up. (requested by opthebestkkj)
|
|t:|1769429145
|teamsize|p1|6
|teamsize|p2|6
|start
|switch|p1a: Great Tusk|Great Tusk|100/100
|switch|p2a: Mamoswine|Mamoswine, M|100/100
|turn|1
|
|t:|1769429155
|switch|p2a: Corviknight|Corviknight, F|100/100
|-ability|p2a: Corviknight|Pressure
|-end|p1a: Great Tusk|Protosynthesis|[silent]
|switch|p1a: Heatran-Hisui|Heatran, M, shiny|100/100
|
|upkeep
|turn|2
|
|t:|1769429169
|switch|p2a: Slowking|Slowking, M|100/100
|move|p1a: Heatran-Hisui|Magma Storm|p2a: Slowking
|-resisted|p2a: Slowking
|-damage|p2a: Slowking|90/100
|-activate|p2a: Slowking|move: Magma Storm|[of] p1a: Heatran-Hisui
|
|-damage|p2a: Slowking|77/100|[from] move: Magma Storm|[partiallytrapped]
|upkeep
|turn|3
|
|t:|1769429176
|move|p1a: Heatran-Hisui|Taunt|p2a: Slowking
|-start|p2a: Slowking|move: Taunt
|move|p2a: Slowking|Whirlpool|p1a: Heatran-Hisui|[miss]
|-miss|p2a: Slowking|p1a: Heatran-Hisui
|
|-damage|p2a: Slowking|65/100|[from] move: Magma Storm|[partiallytrapped]
|upkeep
|turn|4
|
|t:|1769429187
|move|p1a: Heatran-Hisui|Protect|p1a: Heatran-Hisui
|-singleturn|p1a: Heatran-Hisui|Protect
|move|p2a: Slowking|Whirlpool|p1a: Heatran-Hisui
|-activate|p1a: Heatran-Hisui|move: Protect
|
|-damage|p2a: Slowking|52/100|[from] move: Magma Storm|[partiallytrapped]
|upkeep
|turn|5
|
|t:|1769429194
|move|p1a: Heatran-Hisui|Earth Power|p2a: Slowking
|-damage|p2a: Slowking|39/100
|move|p2a: Slowking|Whirlpool|p1a: Heatran-Hisui|[miss]
|-miss|p2a: Slowking|p1a: Heatran-Hisui
|
|-damage|p2a: Slowking|27/100|[from] move: Magma Storm|[partiallytrapped]
|-end|p2a: Slowking|move: Taunt
|upkeep
|turn|6
|
|t:|1769429203
|move|p1a: Heatran-Hisui|Taunt|p2a: Slowking
|-start|p2a: Slowking|move: Taunt
|move|p2a: Slowking|Future Sight|p1a: Heatran-Hisui
|-start|p2a: Slowking|move: Future Sight
|
|-end|p2a: Slowking|Magma Storm|[partiallytrapped]
|upkeep
|turn|7
|
|t:|1769429211
|switch|p2a: Clodsire|Clodsire, F|100/100
|move|p1a: Heatran-Hisui|Magma Storm|p2a: Clodsire|[miss]
|-miss|p1a: Heatran-Hisui|p2a: Clodsire
|
|upkeep
|turn|8
|
|t:|1769429225
|switch|p1a: Meowscarada|Meowscarada, F|100/100
|move|p2a: Clodsire|Spikes|p1a: Meowscarada
|-sidestart|p1: opthebestkkj|Spikes
|
|-end|p1a: Meowscarada|move: Future Sight
|-immune|p1a: Meowscarada
|upkeep
|turn|9
|
|t:|1769429236
|switch|p2a: Dragonite|Dragonite, F|100/100
|move|p1a: Meowscarada|Knock Off|p2a: Dragonite
|-start|p1a: Meowscarada|typechange|Dark|[from] ability: Protean
|-damage|p2a: Dragonite|83/100
|-enditem|p2a: Dragonite|Heavy-Duty Boots|[from] move: Knock Off|[of] p1a: Meowscarada
|
|upkeep
|turn|10
|
|t:|1769429246
|switch|p1a: Great Tusk|Great Tusk|100/100
|move|p2a: Dragonite|Thunder Wave|p1a: Great Tusk
|-immune|p1a: Great Tusk
|
|upkeep
|turn|11
|
|t:|1769429254
|switch|p2a: Corviknight|Corviknight, F|100/100
|-ability|p2a: Corviknight|Pressure
|move|p1a: Great Tusk|Knock Off|p2a: Corviknight
|-damage|p2a: Corviknight|82/100
|-damage|p1a: Great Tusk|84/100|[from] item: Rocky Helmet|[of] p2a: Corviknight
|-enditem|p2a: Corviknight|Rocky Helmet|[from] move: Knock Off|[of] p1a: Great Tusk
|
|upkeep
|turn|12
|
|t:|1769429259
|move|p1a: Great Tusk|Stealth Rock|p2a: Corviknight
|-sidestart|p2: yokodai|move: Stealth Rock
|move|p2a: Corviknight|U-turn|p1a: Great Tusk
|-resisted|p1a: Great Tusk
|-damage|p1a: Great Tusk|80/100
|
|t:|1769429280
|switch|p2a: Mamoswine|Mamoswine, M|100/100|[from] U-turn
|-damage|p2a: Mamoswine|88/100|[from] Stealth Rock
|
|upkeep
|turn|13
|
|t:|1769429291
|move|p2a: Mamoswine|Icicle Spear|p1a: Great Tusk
|-supereffective|p1a: Great Tusk
|-damage|p1a: Great Tusk|59/100
|-supereffective|p1a: Great Tusk
|-damage|p1a: Great Tusk|36/100
|-hitcount|p1a: Great Tusk|2
|move|p1a: Great Tusk|Rapid Spin|p2a: Mamoswine
|-crit|p2a: Mamoswine
|-damage|p2a: Mamoswine|60/100
|-boost|p1a: Great Tusk|spe|1
|-sideend|p1: opthebestkkj|Spikes|[from] move: Rapid Spin|[of] p1a: Great Tusk
|
|upkeep
|turn|14
|
|t:|1769429313
|-end|p1a: Great Tusk|Protosynthesis|[silent]
|switch|p1a: ★|Suicune, shiny|100/100
|-ability|p1a: ★|Pressure
|move|p2a: Mamoswine|Icicle Spear|p1a: ★
|-resisted|p1a: ★
|-damage|p1a: ★|95/100
|-resisted|p1a: ★
|-damage|p1a: ★|88/100
|-hitcount|p1a: ★|2
|
|-heal|p1a: ★|94/100|[from] item: Leftovers
|upkeep
|turn|15
|-message|yokodai forfeited.
|
|win|opthebestkkj
|raw|opthebestkkj's rating: 1479 &rarr; <strong>1503</strong><br />(+24 for winning)
|raw|yokodai's rating: 1557 &rarr; <strong>1533</strong><br />(-24 for losing)
|l|☆yokodai
|player|p2|
|l|☆opthebestkkj
|player|p1|
