|j|☆VG-SuperCell
|j|☆AAD520
|t:|1769423266
|gametype|singles
|player|p1|VG-SuperCell|coin|1256
|player|p2|AAD520|101|1287
|gen|9
|tier|[Gen 9] OU
|rated|
|rule|HP Percentage Mod: HP is shown in percentages
|rule|Endless Battle Clause: Forcing endless battles is banned
|rule|Species Clause: Limit one of each Pokémon
|rule|OHKO Clause: OHKO moves are banned
|rule|Evasion Items Clause: Evasion items are banned
|rule|Evasion Moves Clause: Evasion moves are banned
|rule|Evasion Abilities Clause: Evasion abilities are banned
|rule|Sleep Moves Clause: Sleep-inducing moves are banned
|clearpoke
|poke|p1|Bastiodon, M|
|poke|p1|Raging Bolt|
|poke|p1|Armarouge, M|
|poke|p1|Espeon, F|
|poke|p1|Mamoswine, F|
|poke|p1|Ceruledge, M|
|poke|p2|Diancie|
|poke|p2|Eelektross, F|
|poke|p2|Kleavor, F|
|poke|p2|Samurott-Hisui, M|
|poke|p2|Mudsdale, M|
|poke|p2|Milotic, M|
|teampreview
|
|t:|1769423276
|teamsize|p1|6
|teamsize|p2|6
|start
|switch|p1a: Raging Bolt|Raging Bolt|100/100
|switch|p2a: Kleavor|Kleavor, F|100/100
|turn|1
|
|t:|1769423288
|move|p1a: Raging Bolt|Thunderclap|p2a: Kleavor
|-damage|p2a: Kleavor|34/100
|move|p2a: Kleavor|Stone Axe|p1a: Raging Bolt|[miss]
|-miss|p2a: Kleavor|p1a: Raging Bolt
|
|upkeep
|turn|2
|
|t:|1769423297
|switch|p2a: Diancie|Diancie|100/100
|move|p1a: Raging Bolt|Ancient Power|p2a: Diancie
|-damage|p2a: Diancie|85/100
|
|-heal|p2a: Diancie|92/100|[from] item: Leftovers
|upkeep
|turn|3
|
|t:|1769423305
|-end|p1a: Raging Bolt|Protosynthesis|[silent]
|switch|p1a: Armarouge|Armarouge, M, shiny|100/100
|move|p2a: Diancie|Diamond Storm|p1a: Armarouge|[miss]
|-miss|p2a: Diancie|p1a: Armarouge
|
|-heal|p2a: Diancie|98/100|[from] item: Leftovers
|upkeep
|turn|4
|
|t:|1769423314
|move|p1a: Armarouge|Endure|p1a: Armarouge
|-singleturn|p1a: Armarouge|move: Endure
|move|p2a: Diancie|Diamond Storm|p1a: Armarouge
|-supereffective|p1a: Armarouge
|-damage|p1a: Armarouge|33/100
|-ability|p1a: Armarouge|Weak Armor|boost
|-unboost|p1a: Armarouge|def|1
|-boost|p1a: Armarouge|spe|2
|-enditem|p1a: Armarouge|Weakness Policy
|-boost|p1a: Armarouge|atk|2|[from] item: Weakness Policy
|-boost|p1a: Armarouge|spa|2|[from] item: Weakness Policy
|
|-heal|p2a: Diancie|100/100|[from] item: Leftovers
|upkeep
|turn|5
|
|t:|1769423325
|-terastallize|p2a: Diancie|Poison
|move|p1a: Armarouge|Energy Ball|p2a: Diancie
|-resisted|p2a: Diancie
|-damage|p2a: Diancie|81/100
|move|p2a: Diancie|Diamond Storm|p1a: Armarouge
|-supereffective|p1a: Armarouge
|-damage|p1a: Armarouge|0 fnt
|faint|p1a: Armarouge
|
|-heal|p2a: Diancie|88/100|[from] item: Leftovers
|upkeep
|
|t:|1769423332
|switch|p1a: Mamoswine|Mamoswine, F|100/100
|turn|6
|
|t:|1769423337
|switch|p2a: Eelektross|Eelektross, F|100/100
|move|p1a: Mamoswine|Earthquake|p2a: Eelektross
|-immune|p2a: Eelektross|[from] ability: Levitate
|
|upkeep
|turn|7
|
|t:|1769423345
|move|p1a: Mamoswine|Icicle Spear|p2a: Eelektross
|-damage|p2a: Eelektross|88/100
|-damage|p2a: Eelektross|76/100
|-damage|p2a: Eelektross|64/100
|-damage|p2a: Eelektross|51/100
|-damage|p2a: Eelektross|38/100
|-hitcount|p2a: Eelektross|5
|move|p2a: Eelektross|Giga Drain|p1a: Mamoswine
|-supereffective|p1a: Mamoswine
|-damage|p1a: Mamoswine|33/100
|-heal|p2a: Eelektross|72/100|[from] drain|[of] p1a: Mamoswine
|
|-heal|p2a: Eelektross|79/100|[from] item: Leftovers
|upkeep
|turn|8
|
|t:|1769423355
|-terastallize|p1a: Mamoswine|Ice
|move|p1a: Mamoswine|Icicle Spear|p2a: Eelektross
|-damage|p2a: Eelektross|62/100
|-damage|p2a: Eelektross|47/100
|-damage|p2a: Eelektross|31/100
|-damage|p2a: Eelektross|16/100
|-damage|p2a: Eelektross|0 fnt
|faint|p2a: Eelektross
|-hitcount|p2: Eelektross|5
|
|upkeep
|
|t:|1769423377
|switch|p2a: Samurott|Samurott-Hisui, M|100/100
|turn|9
|
|t:|1769423391
|switch|p1a: Raging Bolt|Raging Bolt|100/100
|move|p2a: Samurott|Ceaseless Edge|p1a: Raging Bolt
|-damage|p1a: Raging Bolt|39/100
|-sidestart|p1: VG-SuperCell|Spikes
|
|upkeep
|turn|10
|
|t:|1769423400
|switch|p2a: Mudsdale|Mudsdale, M|100/100
|move|p1a: Raging Bolt|Draco Meteor|p2a: Mudsdale
|-damage|p2a: Mudsdale|23/100
|-unboost|p1a: Raging Bolt|spa|2
|-ability|p2a: Mudsdale|Stamina|boost
|-boost|p2a: Mudsdale|def|1
|
|upkeep
|turn|11
|
|t:|1769423410
|switch|p2a: Diancie|Diancie, tera:Poison|88/100
|move|p1a: Raging Bolt|Dragon Pulse|p2a: Diancie
|-damage|p2a: Diancie|73/100
|
|-heal|p2a: Diancie|79/100|[from] item: Leftovers
|upkeep
|turn|12
|
|t:|1769423420
|-end|p1a: Raging Bolt|Protosynthesis|[silent]
|switch|p1a: Espeon|Espeon, F|100/100
|-damage|p1a: Espeon|88/100|[from] Spikes
|move|p2a: Diancie|Diamond Storm|p1a: Espeon
|-damage|p1a: Espeon|30/100
|-boost|p2a: Diancie|def|2
|
|-heal|p1a: Espeon|36/100|[from] item: Leftovers
|-heal|p2a: Diancie|85/100|[from] item: Leftovers
|upkeep
|turn|13
|
|t:|1769423442
|switch|p2a: Mudsdale|Mudsdale, M|23/100
|move|p1a: Espeon|Psychic|p2a: Mudsdale
|-damage|p2a: Mudsdale|0 fnt
|faint|p2a: Mudsdale
|
|-heal|p1a: Espeon|42/100|[from] item: Leftovers
|upkeep
|
|t:|1769423449
|switch|p2a: Kleavor|Kleavor, F|34/100
|turn|14
|
|t:|1769423453
|move|p2a: Kleavor|U-turn|p1a: Espeon
|-supereffective|p1a: Espeon
|-damage|p1a: Espeon|0 fnt
|faint|p1a: Espeon
|
|t:|1769423465
|switch|p2a: Samurott|Samurott-Hisui, M|100/100|[from] U-turn
|
|upkeep
|
|t:|1769423467
|switch|p1a: Ceruledge|Ceruledge, M, shiny|100/100
|-damage|p1a: Ceruledge|88/100|[from] Spikes
|turn|15
|
|t:|1769423484
|switch|p2a: Milotic|Milotic, M|100/100
|move|p1a: Ceruledge|Endure||[still]
|-fail|p1a: Ceruledge
|
|upkeep
|turn|16
|
|t:|1769423490
|move|p1a: Ceruledge|Poison Jab|p2a: Milotic
|-damage|p2a: Milotic|72/100
|move|p2a: Milotic|Whirlpool|p1a: Ceruledge|[miss]
|-miss|p2a: Milotic|p1a: Ceruledge
|
|-heal|p2a: Milotic|79/100|[from] item: Leftovers
|upkeep
|turn|17
|
|t:|1769423497
|move|p1a: Ceruledge|Poison Jab|p2a: Milotic
|-damage|p2a: Milotic|49/100
|-status|p2a: Milotic|psn
|move|p2a: Milotic|Scald|p1a: Ceruledge
|-supereffective|p1a: Ceruledge
|-damage|p1a: Ceruledge|28/100
|-enditem|p1a: Ceruledge|Weakness Policy
|-boost|p1a: Ceruledge|atk|2|[from] item: Weakness Policy
|-boost|p1a: Ceruledge|spa|2|[from] item: Weakness Policy
|
|-heal|p2a: Milotic|55/100 psn|[from] item: Leftovers
|-damage|p2a: Milotic|43/100 psn|[from] psn
|upkeep
|turn|18
|
|t:|1769423508
|move|p1a: Ceruledge|Poison Jab|p2a: Milotic
|-damage|p2a: Milotic|7/100 psn
|move|p2a: Milotic|Rest|p2a: Milotic
|-status|p2a: Milotic|slp|[from] move: Rest
|-heal|p2a: Milotic|100/100 slp|[silent]
|
|upkeep
|turn|19
|
|t:|1769423511
|move|p1a: Ceruledge|Bitter Blade|p2a: Milotic
|-resisted|p2a: Milotic
|-damage|p2a: Milotic|71/100 slp
|-heal|p1a: Ceruledge|48/100|[from] drain|[of] p2a: Milotic
|cant|p2a: Milotic|slp
|move|p2a: Milotic|Sleep Talk|p2a: Milotic
|move|p2a: Milotic|Whirlpool|p1a: Ceruledge|[from] move: Sleep Talk|[miss]
|-miss|p2a: Milotic|p1a: Ceruledge
|
|-heal|p2a: Milotic|77/100 slp|[from] item: Leftovers
|upkeep
|turn|20
|
|t:|1769423515
|move|p1a: Ceruledge|Bitter Blade|p2a: Milotic
|-resisted|p2a: Milotic
|-damage|p2a: Milotic|49/100 slp
|-heal|p1a: Ceruledge|66/100|[from] drain|[of] p2a: Milotic
|cant|p2a: Milotic|slp
|move|p2a: Milotic|Sleep Talk|p2a: Milotic
|move|p2a: Milotic|Scald|p1a: Ceruledge|[from] move: Sleep Talk
|-supereffective|p1a: Ceruledge
|-damage|p1a: Ceruledge|0 fnt
|faint|p1a: Ceruledge
|
|-heal|p2a: Milotic|55/100 slp|[from] item: Leftovers
|upkeep
|
|t:|1769423524
|switch|p1a: Mamoswine|Mamoswine, F, tera:Ice|33/100
|-damage|p1a: Mamoswine|20/100|[from] Spikes
|turn|21
|
|t:|1769423529
|move|p1a: Mamoswine|Earthquake|p2a: Milotic
|-damage|p2a: Milotic|19/100 slp
|-curestatus|p2a: Milotic|slp|[msg]
|move|p2a: Milotic|Scald|p1a: Mamoswine
|-damage|p1a: Mamoswine|0 fnt
|faint|p1a: Mamoswine
|
|-heal|p2a: Milotic|25/100|[from] item: Leftovers
|upkeep
|
|t:|1769423535
|switch|p1a: Raging Bolt|Raging Bolt|39/100
|-damage|p1a: Raging Bolt|27/100|[from] Spikes
|turn|22
|-message|VG-SuperCell forfeited.
|
|win|AAD520
|raw|VG-SuperCell's rating: 1256 &rarr; <strong>1233</strong><br />(-23 for losing)
|raw|AAD520's rating: 1287 &rarr; <strong>1310</strong><br />(+23 for winning)
|l|☆VG-SuperCell
|player|p1|
|l|☆AAD520
|player|p2|
