|j|☆john torkoal
|j|☆zigachad
|t:|1769362249
|gametype|singles
|player|p1|john torkoal|rosa|1274
|player|p2|zigachad|unknown|1233
|gen|9
|tier|[Gen 9] OU
|rated|
|rule|HP Percentage Mod: HP is shown in percentages
|rule|Endless Battle Clause: Forcing endless battles is banned
|rule|Species Clause: Limit one of each Pokémon
|rule|OHKO Clause: OHKO moves are banned
|rule|Evasion Items Clause: Evasion items are banned
|rule|Evasion Moves Clause: Evasion moves are banned
|rule|Evasion Abilities Clause: Evasion abilities are banned
|rule|Sleep Moves Clause: Sleep-inducing moves are banned
|clearpoke
|poke|p1|Rotom-Heat|
|poke|p1|Deoxys-Speed|
|poke|p1|Samurott-Hisui, M|
|poke|p1|Great Tusk|
|poke|p1|Gholdengo|
|poke|p1|Iron Valiant|
|poke|p2|Iron Crown|
|poke|p2|Zapdos|
|poke|p2|Blaziken, M|
|poke|p2|Greninja-*, M|
|poke|p2|Ogerpon, F|
|poke|p2|Great Tusk|
|teampreview
|inactive|Battle timer is ON: inactive players will automatically lose when time's up. (requested by zigachad)
|inactive|john torkoal also wants the timer to be on.
|
|t:|1769362276
|teamsize|p1|6
|teamsize|p2|6
|start
|switch|p1a: Deoxys|Deoxys-Speed|100/100
|switch|p2a: Greninja|Greninja, M|100/100
|-ability|p1a: Deoxys|Pressure
|turn|1
|j| AdmiradorDeMessi
|
|t:|1769362293
|move|p1a: Deoxys|Stealth Rock|p2a: Greninja
|-sidestart|p2: zigachad|move: Stealth Rock
|move|p2a: Greninja|Dark Pulse|p1a: Deoxys
|-supereffective|p1a: Deoxys
|-crit|p1a: Deoxys
|-enditem|p1a: Deoxys|Focus Sash
|-damage|p1a: Deoxys|1/100
|
|upkeep
|turn|2
|
|t:|1769362301
|move|p1a: Deoxys|Knock Off|p2a: Greninja
|-resisted|p2a: Greninja
|-damage|p2a: Greninja|84/100
|-enditem|p2a: Greninja|Expert Belt|[from] move: Knock Off|[of] p1a: Deoxys
|move|p2a: Greninja|Dark Pulse|p1a: Deoxys
|-supereffective|p1a: Deoxys
|-damage|p1a: Deoxys|0 fnt
|faint|p1a: Deoxys
|-ability|p2a: Greninja|Battle Bond|boost
|-boost|p2a: Greninja|atk|1
|-boost|p2a: Greninja|spa|1
|-boost|p2a: Greninja|spe|1
|-activate|p2a: Greninja|ability: Battle Bond
|
|upkeep
|
|t:|1769362312
|switch|p1a: Samurott|Samurott-Hisui, M|100/100
|turn|3
|
|t:|1769362317
|-terastallize|p2a: Greninja|Poison
|move|p2a: Greninja|Sludge Wave|p1a: Samurott
|-damage|p1a: Samurott|52/100
|move|p1a: Samurott|Ceaseless Edge|p2a: Greninja
|-damage|p2a: Greninja|11/100
|-sidestart|p2: zigachad|Spikes
|
|upkeep
|turn|4
|
|t:|1769362326
|move|p1a: Samurott|Sucker Punch|p2a: Greninja
|-damage|p2a: Greninja|0 fnt
|faint|p2a: Greninja
|
|upkeep
|
|t:|1769362331
|switch|p2a: Blaziken|Blaziken, M|100/100
|-damage|p2a: Blaziken|88/100|[from] Stealth Rock
|-damage|p2a: Blaziken|76/100|[from] Spikes
|turn|5
|
|t:|1769362341
|switch|p1a: Great Tusk|Great Tusk|100/100
|move|p2a: Blaziken|Protect||[still]
|-fail|p2a: Blaziken
|
|-ability|p2a: Blaziken|Speed Boost|boost
|-boost|p2a: Blaziken|spe|1
|upkeep
|turn|6
|
|t:|1769362349
|move|p2a: Blaziken|Close Combat|p1a: Great Tusk
|-damage|p1a: Great Tusk|40/100
|-unboost|p2a: Blaziken|def|1
|-unboost|p2a: Blaziken|spd|1
|-damage|p2a: Blaziken|66/100|[from] item: Life Orb
|move|p1a: Great Tusk|Ice Spinner|p2a: Blaziken
|-resisted|p2a: Blaziken
|-crit|p2a: Blaziken
|-damage|p2a: Blaziken|20/100
|
|-ability|p2a: Blaziken|Speed Boost|boost
|-boost|p2a: Blaziken|spe|1
|upkeep
|turn|7
|
|t:|1769362362
|move|p2a: Blaziken|Close Combat|p1a: Great Tusk
|-damage|p1a: Great Tusk|0 fnt
|-unboost|p2a: Blaziken|def|1
|-unboost|p2a: Blaziken|spd|1
|faint|p1a: Great Tusk
|-end|p1a: Great Tusk|Protosynthesis|[silent]
|-damage|p2a: Blaziken|10/100|[from] item: Life Orb
|
|-ability|p2a: Blaziken|Speed Boost|boost
|-boost|p2a: Blaziken|spe|1
|upkeep
|
|t:|1769362363
|switch|p1a: Rotom|Rotom-Heat|100/100
|turn|8
|
|t:|1769362374
|move|p2a: Blaziken|Close Combat|p1a: Rotom
|-crit|p1a: Rotom
|-damage|p1a: Rotom|0 fnt
|-unboost|p2a: Blaziken|def|1
|-unboost|p2a: Blaziken|spd|1
|faint|p1a: Rotom
|-damage|p2a: Blaziken|0 fnt|[from] item: Life Orb
|faint|p2a: Blaziken
|
|upkeep
|
|t:|1769362387
|switch|p1a: Samurott|Samurott-Hisui, M|52/100
|switch|p2a: Great Tusk|Great Tusk|100/100
|-damage|p2a: Great Tusk|97/100|[from] Stealth Rock
|-damage|p2a: Great Tusk|85/100|[from] Spikes
|turn|9
|inactive|john torkoal has 120 seconds left.
|inactive|john torkoal has 90 seconds left.
|
|t:|1769362449
|switch|p1a: Gholdengo|Gholdengo|100/100
|-item|p1a: Gholdengo|Air Balloon
|move|p2a: Great Tusk|Rapid Spin|p1a: Gholdengo
|-immune|p1a: Gholdengo
|
|-heal|p2a: Great Tusk|91/100|[from] item: Leftovers
|upkeep
|turn|10
|inactive|john torkoal has 90 seconds left.
|inactive|zigachad has 120 seconds left.
|
|t:|1769362496
|-end|p2a: Great Tusk|Protosynthesis|[silent]
|switch|p2a: Iron Crown|Iron Crown|100/100
|-damage|p2a: Iron Crown|94/100|[from] Stealth Rock
|-damage|p2a: Iron Crown|82/100|[from] Spikes
|-enditem|p2a: Iron Crown|Booster Energy
|-activate|p2a: Iron Crown|ability: Quark Drive|[fromitem]
|-start|p2a: Iron Crown|quarkdrivespa
|move|p1a: Gholdengo|Make It Rain|p2a: Iron Crown
|-resisted|p2a: Iron Crown
|-damage|p2a: Iron Crown|50/100
|-unboost|p1a: Gholdengo|spa|1
|
|upkeep
|turn|11
|inactive|zigachad has 90 seconds left.
|
|t:|1769362536
|switch|p1a: Samurott|Samurott-Hisui, M|52/100
|move|p2a: Iron Crown|Psychic|p1a: Samurott
|-immune|p1a: Samurott
|
|upkeep
|turn|12
|inactive|zigachad has 90 seconds left.
|
|t:|1769362543
|move|p1a: Samurott|Sucker Punch|p2a: Iron Crown
|-supereffective|p2a: Iron Crown
|-damage|p2a: Iron Crown|0 fnt
|faint|p2a: Iron Crown
|-end|p2a: Iron Crown|Quark Drive|[silent]
|
|upkeep
|inactive|zigachad has 90 seconds left.
|
|t:|1769362549
|switch|p2a: Zapdos|Zapdos|100/100
|turn|13
|inactive|john torkoal has 90 seconds left.
|
|t:|1769362556
|move|p2a: Zapdos|Thunderbolt|p1a: Samurott
|-supereffective|p1a: Samurott
|-damage|p1a: Samurott|0 fnt
|faint|p1a: Samurott
|
|upkeep
|
|t:|1769362558
|switch|p1a: Gholdengo|Gholdengo|100/100
|-item|p1a: Gholdengo|Air Balloon
|turn|14
|
|t:|1769362565
|move|p2a: Zapdos|Thunderbolt|p1a: Gholdengo
|-damage|p1a: Gholdengo|37/100
|-enditem|p1a: Gholdengo|Air Balloon
|move|p1a: Gholdengo|Nasty Plot|p1a: Gholdengo
|-boost|p1a: Gholdengo|spa|2
|
|upkeep
|turn|15
|
|t:|1769362574
|move|p2a: Zapdos|Thunderbolt|p1a: Gholdengo
|-damage|p1a: Gholdengo|0 fnt
|faint|p1a: Gholdengo
|
|upkeep
|
|t:|1769362575
|switch|p1a: Iron Valiant|Iron Valiant|100/100
|-enditem|p1a: Iron Valiant|Booster Energy
|-activate|p1a: Iron Valiant|ability: Quark Drive|[fromitem]
|-start|p1a: Iron Valiant|quarkdrivespe
|turn|16
|inactive|zigachad has 120 seconds left.
|c|☆john torkoal|ggs
|
|t:|1769362586
|move|p1a: Iron Valiant|Calm Mind|p1a: Iron Valiant
|-boost|p1a: Iron Valiant|spa|1
|-boost|p1a: Iron Valiant|spd|1
|move|p2a: Zapdos|Thunder Wave|p1a: Iron Valiant
|-status|p1a: Iron Valiant|par
|
|upkeep
|turn|17
|
|t:|1769362593
|move|p2a: Zapdos|Hurricane|p1a: Iron Valiant|[miss]
|-miss|p2a: Zapdos|p1a: Iron Valiant
|move|p1a: Iron Valiant|Moonblast|p2a: Zapdos
|-damage|p2a: Zapdos|18/100
|-unboost|p2a: Zapdos|spa|1
|
|upkeep
|turn|18
|inactive|john torkoal has 120 seconds left.
|
|t:|1769362601
|move|p2a: Zapdos|Hurricane|p1a: Iron Valiant|[miss]
|-miss|p2a: Zapdos|p1a: Iron Valiant
|move|p1a: Iron Valiant|Moonblast|p2a: Zapdos
|-damage|p2a: Zapdos|0 fnt
|faint|p2a: Zapdos
|
|upkeep
|
|t:|1769362616
|switch|p2a: Ogerpon|Ogerpon, F|100/100
|-damage|p2a: Ogerpon|88/100|[from] Stealth Rock
|-damage|p2a: Ogerpon|76/100|[from] Spikes
|turn|19
|inactive|john torkoal has 120 seconds left.
|
|t:|1769362632
|move|p2a: Ogerpon|U-turn|p1a: Iron Valiant
|-resisted|p1a: Iron Valiant
|-damage|p1a: Iron Valiant|90/100 par
|-damage|p2a: Ogerpon|66/100|[from] item: Life Orb
|
|t:|1769362638
|switch|p2a: Great Tusk|Great Tusk|91/100|[from] U-turn
|-damage|p2a: Great Tusk|88/100|[from] Stealth Rock
|-damage|p2a: Great Tusk|76/100|[from] Spikes
|move|p1a: Iron Valiant|Moonblast|p2a: Great Tusk
|-supereffective|p2a: Great Tusk
|-damage|p2a: Great Tusk|0 fnt
|faint|p2a: Great Tusk
|-end|p2a: Great Tusk|Protosynthesis|[silent]
|
|upkeep
|
|t:|1769362648
|switch|p2a: Ogerpon|Ogerpon, F|66/100
|-damage|p2a: Ogerpon|54/100|[from] Stealth Rock
|-damage|p2a: Ogerpon|41/100|[from] Spikes
|turn|20
|
|t:|1769362659
|move|p2a: Ogerpon|Ivy Cudgel|p1a: Iron Valiant
|-damage|p1a: Iron Valiant|2/100 par
|-damage|p2a: Ogerpon|31/100|[from] item: Life Orb
|move|p1a: Iron Valiant|Moonblast|p2a: Ogerpon
|-damage|p2a: Ogerpon|0 fnt
|faint|p2a: Ogerpon
|
|win|john torkoal
|raw|john torkoal's rating: 1253 &rarr; <strong>1277</strong><br />(+24 for winning)
|raw|zigachad's rating: 1233 &rarr; <strong>1209</strong><br />(-24 for losing)
