|j|☆Leriskato
|j|☆Sergay_Is_Straight
|t:|1769337673
|gametype|singles
|player|p1|Leriskato|hoopster|1248
|player|p2|Sergay_Is_Straight|170|1288
|gen|9
|tier|[Gen 9] OU
|rated|
|rule|HP Percentage Mod: HP is shown in percentages
|rule|Endless Battle Clause: Forcing endless battles is banned
|rule|Species Clause: Limit one of each Pokémon
|rule|OHKO Clause: OHKO moves are banned
|rule|Evasion Items Clause: Evasion items are banned
|rule|Evasion Moves Clause: Evasion moves are banned
|rule|Evasion Abilities Clause: Evasion abilities are banned
|rule|Sleep Moves Clause: Sleep-inducing moves are banned
|clearpoke
|poke|p1|Minior|
|poke|p1|Gholdengo|
|poke|p1|Maushold|
|poke|p1|Ninetales-Alola, F|
|poke|p1|Kyurem|
|poke|p1|Glimmora, F|
|poke|p2|Glastrier|
|poke|p2|Grimmsnarl, M|
|poke|p2|Corviknight, M|
|poke|p2|Raging Bolt|
|poke|p2|Maushold|
|poke|p2|Ceruledge, F|
|teampreview
|
|t:|1769337697
|teamsize|p1|6
|teamsize|p2|6
|start
|switch|p1a: Ninetales|Ninetales-Alola, F|100/100
|switch|p2a: Grimmothy|Grimmsnarl, M|100/100
|-weather|Snowscape|[from] ability: Snow Warning|[of] p1a: Ninetales
|turn|1
|
|t:|1769337709
|move|p2a: Grimmothy|Light Screen|p2a: Grimmothy
|-sidestart|p2: Sergay_Is_Straight|move: Light Screen
|move|p1a: Ninetales|Aurora Veil|p1a: Ninetales
|-sidestart|p1: Leriskato|move: Aurora Veil
|
|-weather|Snowscape|[upkeep]
|upkeep
|turn|2
|
|t:|1769337720
|switch|p1a: Minior|Minior|100/100
|-formechange|p1a: Minior|Minior-Meteor||[from] ability: Shields Down
|move|p2a: Grimmothy|Reflect|p2a: Grimmothy
|-sidestart|p2: Sergay_Is_Straight|Reflect
|
|-weather|Snowscape|[upkeep]
|upkeep
|turn|3
|
|t:|1769337724
|move|p2a: Grimmothy|Parting Shot|p1a: Minior
|-unboost|p1a: Minior|atk|1
|-unboost|p1a: Minior|spa|1
|-enditem|p1a: Minior|White Herb
|-clearnegativeboost|p1a: Minior|[silent]
|
|t:|1769337739
|switch|p2a: Taxi shii|Corviknight, M|100/100|[from] Parting Shot
|-ability|p2a: Taxi shii|Pressure
|move|p1a: Minior|Shell Smash|p1a: Minior
|-unboost|p1a: Minior|def|1
|-unboost|p1a: Minior|spd|1
|-boost|p1a: Minior|atk|2
|-boost|p1a: Minior|spa|2
|-boost|p1a: Minior|spe|2
|
|-weather|Snowscape|[upkeep]
|upkeep
|turn|4
|
|t:|1769337752
|move|p1a: Minior|Rock Slide|p2a: Taxi shii
|-damage|p2a: Taxi shii|80/100
|move|p2a: Taxi shii|Bulk Up|p2a: Taxi shii
|-boost|p2a: Taxi shii|atk|1
|-boost|p2a: Taxi shii|def|1
|
|-weather|Snowscape|[upkeep]
|upkeep
|turn|5
|
|t:|1769337756
|move|p1a: Minior|Rock Slide|p2a: Taxi shii
|-damage|p2a: Taxi shii|65/100
|move|p2a: Taxi shii|Bulk Up|p2a: Taxi shii
|-boost|p2a: Taxi shii|atk|1
|-boost|p2a: Taxi shii|def|1
|
|-weather|none
|upkeep
|turn|6
|
|t:|1769337791
|move|p1a: Minior|Rock Slide|p2a: Taxi shii
|-damage|p2a: Taxi shii|55/100
|move|p2a: Taxi shii|Agility|p2a: Taxi shii
|-boost|p2a: Taxi shii|spe|2
|
|upkeep
|turn|7
|
|t:|1769337797
|move|p1a: Minior|Rock Slide|p2a: Taxi shii|[miss]
|-miss|p1a: Minior|p2a: Taxi shii
|move|p2a: Taxi shii|Roost|p2a: Taxi shii
|-heal|p2a: Taxi shii|100/100
|-singleturn|p2a: Taxi shii|move: Roost
|
|upkeep
|turn|8
|
|t:|1769337799
|move|p1a: Minior|Rock Slide|p2a: Taxi shii
|-damage|p2a: Taxi shii|89/100
|move|p2a: Taxi shii|Bulk Up|p2a: Taxi shii
|-boost|p2a: Taxi shii|atk|1
|-boost|p2a: Taxi shii|def|1
|
|-sideend|p2: Sergay_Is_Straight|move: Light Screen
|-sideend|p1: Leriskato|move: Aurora Veil
|upkeep
|turn|9
|
|t:|1769337814
|move|p1a: Minior|Shell Smash|p1a: Minior
|-unboost|p1a: Minior|def|1
|-unboost|p1a: Minior|spd|1
|-boost|p1a: Minior|atk|2
|-boost|p1a: Minior|spa|2
|-boost|p1a: Minior|spe|2
|move|p2a: Taxi shii|Bulk Up|p2a: Taxi shii
|-boost|p2a: Taxi shii|atk|1
|-boost|p2a: Taxi shii|def|1
|
|-sideend|p2: Sergay_Is_Straight|Reflect
|upkeep
|turn|10
|
|t:|1769337826
|move|p1a: Minior|Rock Slide|p2a: Taxi shii
|-damage|p2a: Taxi shii|68/100
|move|p2a: Taxi shii|Bulk Up|p2a: Taxi shii
|-boost|p2a: Taxi shii|atk|1
|-boost|p2a: Taxi shii|def|1
|
|upkeep
|turn|11
|
|t:|1769337838
|move|p1a: Minior|Rock Slide|p2a: Taxi shii
|-crit|p2a: Taxi shii
|-damage|p2a: Taxi shii|0 fnt
|faint|p2a: Taxi shii
|
|upkeep
|-message|Sergay_Is_Straight forfeited.
|
|win|Leriskato
|raw|Leriskato's rating: 1248 &rarr; <strong>1276</strong><br />(+28 for winning)
|raw|Sergay_Is_Straight's rating: 1288 &rarr; <strong>1260</strong><br />(-28 for losing)
|l|☆Sergay_Is_Straight
|player|p2|
|l|☆Leriskato
|player|p1|
