|j|‽spongebob musical
|j|☆SladeRG
|t:|1769368196
|gametype|singles
|player|p1|spongebob musical|twins-gen4dp|1395
|player|p2|SladeRG|1|1398
|gen|9
|tier|[Gen 9] OU
|rated|
|rule|HP Percentage Mod: HP is shown in percentages
|rule|Endless Battle Clause: Forcing endless battles is banned
|rule|Species Clause: Limit one of each Pokémon
|rule|OHKO Clause: OHKO moves are banned
|rule|Evasion Items Clause: Evasion items are banned
|rule|Evasion Moves Clause: Evasion moves are banned
|rule|Evasion Abilities Clause: Evasion abilities are banned
|rule|Sleep Moves Clause: Sleep-inducing moves are banned
|clearpoke
|poke|p1|Zapdos|
|poke|p1|Kingambit, F|
|poke|p1|Alomomola, F|
|poke|p1|Great Tusk|
|poke|p1|Slowking-Galar, F|
|poke|p1|Dragapult, M|
|poke|p2|Torkoal, M|
|poke|p2|Lilligant-Hisui, F|
|poke|p2|Walking Wake|
|poke|p2|Typhlosion-Hisui, M|
|poke|p2|Raging Bolt|
|poke|p2|Corviknight, M|
|teampreview
|inactive|Battle timer is ON: inactive players will automatically lose when time's up. (requested by spongebob musical)
|
|t:|1769368226
|teamsize|p1|6
|teamsize|p2|6
|start
|switch|p1a: Slowking|Slowking-Galar, F|100/100
|switch|p2a: Torkoal|Torkoal, M|100/100
|-weather|SunnyDay|[from] ability: Drought|[of] p2a: Torkoal
|turn|1
|
|t:|1769368238
|move|p2a: Torkoal|Will-O-Wisp|p1a: Slowking|[miss]
|-miss|p2a: Torkoal|p1a: Slowking
|-prepare|p1a: Slowking|Chilly Reception|[premajor]
|move|p1a: Slowking|Chilly Reception|p1a: Slowking
|-weather|Snowscape
|inactive|spongebob musical has 120 seconds left.
|
|t:|1769368263
|switch|p1a: Zapdos|Zapdos|100/100|[from] Chilly Reception
|
|-weather|Snowscape|[upkeep]
|upkeep
|turn|2
|
|t:|1769368272
|switch|p2a: Raging Bolt|Raging Bolt|100/100
|move|p1a: Zapdos|Hurricane|p2a: Raging Bolt|[miss]
|-miss|p1a: Zapdos|p2a: Raging Bolt
|
|-weather|Snowscape|[upkeep]
|upkeep
|turn|3
|
|t:|1769368284
|switch|p1a: Slowking|Slowking-Galar, F|100/100
|move|p2a: Raging Bolt|Weather Ball|p1a: Slowking
|-damage|p1a: Slowking|71/100
|
|-weather|Snowscape|[upkeep]
|upkeep
|turn|4
|inactive|spongebob musical has 120 seconds left.
|
|t:|1769368301
|move|p2a: Raging Bolt|Thunderbolt|p1a: Slowking
|-damage|p1a: Slowking|33/100
|move|p1a: Slowking|Future Sight|p2a: Raging Bolt
|-start|p1a: Slowking|move: Future Sight
|
|-weather|Snowscape|[upkeep]
|upkeep
|turn|5
|inactive|spongebob musical has 120 seconds left.
|inactive|SladeRG has 120 seconds left.
|inactive|SladeRG has 90 seconds left.
|
|t:|1769368368
|switch|p1a: Alomomola|Alomomola, F|100/100
|move|p2a: Raging Bolt|Weather Ball|p1a: Alomomola
|-resisted|p1a: Alomomola
|-damage|p1a: Alomomola|90/100
|
|-weather|none
|upkeep
|turn|6
|
|t:|1769368380
|move|p2a: Raging Bolt|Thunderbolt|p1a: Alomomola
|-supereffective|p1a: Alomomola
|-damage|p1a: Alomomola|34/100
|move|p1a: Alomomola|Mirror Coat|p2a: Raging Bolt
|-damage|p2a: Raging Bolt|0 fnt
|faint|p2a: Raging Bolt
|-end|p2a: Raging Bolt|Protosynthesis|[silent]
|
|-hint|Future Sight did not hit because the target is fainted.
|upkeep
|inactive|SladeRG has 90 seconds left.
|
|t:|1769368402
|switch|p2a: Torkoal|Torkoal, M|100/100
|-weather|SunnyDay|[from] ability: Drought|[of] p2a: Torkoal
|turn|7
|
|t:|1769368406
|move|p1a: Alomomola|Flip Turn|p2a: Torkoal
|-supereffective|p2a: Torkoal
|-damage|p2a: Torkoal|92/100
|
|t:|1769368410
|switch|p1a: Slowking|Slowking-Galar, F|67/100|[from] Flip Turn
|move|p2a: Torkoal|Stealth Rock|p1a: Slowking
|-sidestart|p1: spongebob musical|move: Stealth Rock
|
|-weather|SunnyDay|[upkeep]
|upkeep
|turn|8
|
|t:|1769368417
|switch|p2a: Typhlosion|Typhlosion-Hisui, M|100/100
|-prepare|p1a: Slowking|Chilly Reception|[premajor]
|move|p1a: Slowking|Chilly Reception|p1a: Slowking
|-weather|Snowscape
|inactive|spongebob musical has 120 seconds left.
|j| sdfregergerg
|l| sdfregergerg
|
|t:|1769368459
|switch|p1a: Kingambit|Kingambit, F|100/100|[from] Chilly Reception
|-damage|p1a: Kingambit|94/100|[from] Stealth Rock
|
|-weather|Snowscape|[upkeep]
|-heal|p1a: Kingambit|100/100|[from] item: Leftovers
|upkeep
|turn|9
|
|t:|1769368471
|-end|p1a: Kingambit|fallenundefined|[silent]
|switch|p1a: Slowking|Slowking-Galar, F|99/100
|-terastallize|p2a: Typhlosion|Fire
|move|p2a: Typhlosion|Eruption|p1a: Slowking
|-damage|p1a: Slowking|26/100
|
|-weather|Snowscape|[upkeep]
|upkeep
|turn|10
|
|t:|1769368483
|switch|p1a: Alomomola|Alomomola, F|67/100
|-damage|p1a: Alomomola|55/100|[from] Stealth Rock
|move|p2a: Typhlosion|Eruption|p1a: Alomomola
|-resisted|p1a: Alomomola
|-damage|p1a: Alomomola|26/100
|
|-weather|Snowscape|[upkeep]
|upkeep
|turn|11
|inactive|spongebob musical has 90 seconds left.
|
|t:|1769368526
|move|p2a: Typhlosion|Eruption|p1a: Alomomola
|-resisted|p1a: Alomomola
|-damage|p1a: Alomomola|0 fnt
|faint|p1a: Alomomola
|
|-weather|Snowscape|[upkeep]
|upkeep
|
|t:|1769368529
|switch|p1a: Dragapult|Dragapult, M|100/100
|turn|12
|inactive|spongebob musical has 90 seconds left.
|inactive|SladeRG has 120 seconds left.
|
|t:|1769368544
|switch|p2a: Corviknight|Corviknight, M|100/100
|-ability|p2a: Corviknight|Pressure
|move|p1a: Dragapult|Dragon Darts|p2a: Corviknight
|-resisted|p2a: Corviknight
|-damage|p2a: Corviknight|94/100
|-anim|p1a: Dragapult|Dragon Darts|p2a: Corviknight
|-resisted|p2a: Corviknight
|-damage|p2a: Corviknight|88/100
|
|-weather|none
|upkeep
|turn|13
|inactive|SladeRG has 120 seconds left.
|inactive|spongebob musical has 90 seconds left.
|
|t:|1769368557
|move|p1a: Dragapult|Will-O-Wisp|p2a: Corviknight
|-status|p2a: Corviknight|brn
|move|p2a: Corviknight|U-turn|p1a: Dragapult
|-resisted|p1a: Dragapult
|-damage|p1a: Dragapult|96/100
|inactive|SladeRG has 90 seconds left.
|
|t:|1769368595
|switch|p2a: Typhlosion|Typhlosion-Hisui, M, tera:Fire|100/100|[from] U-turn
|
|upkeep
|turn|14
|
|t:|1769368609
|switch|p1a: Kingambit|Kingambit, F|100/100
|-damage|p1a: Kingambit|94/100|[from] Stealth Rock
|-activate|p1a: Kingambit|ability: Supreme Overlord
|-start|p1a: Kingambit|fallen1|[silent]
|move|p2a: Typhlosion|Shadow Ball|p1a: Kingambit
|-resisted|p1a: Kingambit
|-damage|p1a: Kingambit|75/100
|
|-heal|p1a: Kingambit|81/100|[from] item: Leftovers
|upkeep
|turn|15
|
|t:|1769368620
|switch|p2a: Torkoal|Torkoal, M|92/100
|-weather|SunnyDay|[from] ability: Drought|[of] p2a: Torkoal
|move|p1a: Kingambit|Low Kick|p2a: Torkoal
|-damage|p2a: Torkoal|71/100
|
|-weather|SunnyDay|[upkeep]
|-heal|p1a: Kingambit|87/100|[from] item: Leftovers
|upkeep
|turn|16
|
|t:|1769368623
|-end|p1a: Kingambit|fallen1|[silent]
|switch|p1a: Slowking|Slowking-Galar, F|60/100
|move|p2a: Torkoal|Will-O-Wisp|p1a: Slowking
|-status|p1a: Slowking|brn
|
|-weather|SunnyDay|[upkeep]
|-damage|p1a: Slowking|54/100 brn|[from] brn
|upkeep
|turn|17
|
|t:|1769368630
|move|p2a: Torkoal|Lava Plume|p1a: Slowking
|-damage|p1a: Slowking|24/100 brn
|-prepare|p1a: Slowking|Chilly Reception|[premajor]
|move|p1a: Slowking|Chilly Reception|p1a: Slowking
|-weather|Snowscape
|
|t:|1769368639
|switch|p1a: Great Tusk|Great Tusk|100/100|[from] Chilly Reception
|-damage|p1a: Great Tusk|98/100|[from] Stealth Rock
|
|-weather|Snowscape|[upkeep]
|upkeep
|turn|18
|inactive|spongebob musical has 120 seconds left.
|
|t:|1769368649
|move|p1a: Great Tusk|Rapid Spin|p2a: Torkoal
|-damage|p2a: Torkoal|63/100
|-boost|p1a: Great Tusk|spe|1
|-sideend|p1: spongebob musical|Stealth Rock|[from] move: Rapid Spin|[of] p1a: Great Tusk
|move|p2a: Torkoal|Will-O-Wisp|p1a: Great Tusk
|-status|p1a: Great Tusk|brn
|
|-weather|Snowscape|[upkeep]
|-damage|p1a: Great Tusk|91/100 brn|[from] brn
|upkeep
|turn|19
|
|t:|1769368658
|switch|p2a: Corviknight|Corviknight, M|88/100 brn
|-ability|p2a: Corviknight|Pressure
|move|p1a: Great Tusk|Stealth Rock|p2a: Corviknight
|-sidestart|p2: SladeRG|move: Stealth Rock
|
|-weather|Snowscape|[upkeep]
|-damage|p1a: Great Tusk|85/100 brn|[from] brn
|-damage|p2a: Corviknight|82/100 brn|[from] brn
|upkeep
|turn|20
|
|t:|1769368663
|-end|p1a: Great Tusk|Protosynthesis|[silent]
|switch|p1a: Zapdos|Zapdos|100/100
|move|p2a: Corviknight|Defog|p1a: Zapdos
|-unboost|p1a: Zapdos|evasion|1
|-sideend|p2: SladeRG|Stealth Rock|[from] move: Defog|[of] p2a: Corviknight
|
|-weather|Snowscape|[upkeep]
|-damage|p2a: Corviknight|76/100 brn|[from] brn
|upkeep
|turn|21
|
|t:|1769368679
|switch|p2a: Torkoal|Torkoal, M|63/100
|-weather|SunnyDay|[from] ability: Drought|[of] p2a: Torkoal
|move|p1a: Zapdos|Volt Switch|p2a: Torkoal
|-damage|p2a: Torkoal|20/100
|
|t:|1769368686
|switch|p1a: Slowking|Slowking-Galar, F|58/100 brn|[from] Volt Switch
|
|-weather|SunnyDay|[upkeep]
|-damage|p1a: Slowking|52/100 brn|[from] brn
|upkeep
|turn|22
|
|t:|1769368696
|move|p2a: Torkoal|Stealth Rock|p1a: Slowking
|-sidestart|p1: spongebob musical|move: Stealth Rock
|-prepare|p1a: Slowking|Chilly Reception|[premajor]
|move|p1a: Slowking|Chilly Reception|p1a: Slowking
|-weather|Snowscape
|
|t:|1769368709
|switch|p1a: Zapdos|Zapdos|100/100|[from] Chilly Reception
|
|-weather|Snowscape|[upkeep]
|upkeep
|turn|23
|
|t:|1769368714
|switch|p2a: Corviknight|Corviknight, M|76/100 brn
|-ability|p2a: Corviknight|Pressure
|move|p1a: Zapdos|Volt Switch|p2a: Corviknight
|-supereffective|p2a: Corviknight
|-damage|p2a: Corviknight|11/100 brn
|inactive|spongebob musical has 120 seconds left.
|
|t:|1769368745
|switch|p1a: Great Tusk|Great Tusk|85/100 brn|[from] Volt Switch
|-damage|p1a: Great Tusk|82/100 brn|[from] Stealth Rock
|
|-weather|Snowscape|[upkeep]
|-damage|p1a: Great Tusk|76/100 brn|[from] brn
|-damage|p2a: Corviknight|5/100 brn|[from] brn
|upkeep
|turn|24
|
|t:|1769368753
|move|p1a: Great Tusk|Stealth Rock|p2a: Corviknight
|-sidestart|p2: SladeRG|move: Stealth Rock
|move|p2a: Corviknight|Roost|p2a: Corviknight
|-heal|p2a: Corviknight|55/100 brn
|-singleturn|p2a: Corviknight|move: Roost
|
|-weather|Snowscape|[upkeep]
|-damage|p1a: Great Tusk|70/100 brn|[from] brn
|-damage|p2a: Corviknight|49/100 brn|[from] brn
|upkeep
|turn|25
|
|t:|1769368762
|-end|p1a: Great Tusk|Protosynthesis|[silent]
|switch|p1a: Zapdos|Zapdos|100/100
|move|p2a: Corviknight|Roost|p2a: Corviknight
|-heal|p2a: Corviknight|99/100 brn
|-singleturn|p2a: Corviknight|move: Roost
|
|-weather|Snowscape|[upkeep]
|-damage|p2a: Corviknight|93/100 brn|[from] brn
|upkeep
|turn|26
|
|t:|1769368770
|move|p1a: Zapdos|Volt Switch|p2a: Corviknight
|-supereffective|p2a: Corviknight
|-damage|p2a: Corviknight|19/100 brn
|
|t:|1769368775
|switch|p1a: Dragapult|Dragapult, M|96/100|[from] Volt Switch
|move|p2a: Corviknight|Defog|p1a: Dragapult
|-unboost|p1a: Dragapult|evasion|1
|-sideend|p1: spongebob musical|Stealth Rock|[from] move: Defog|[of] p2a: Corviknight
|-sideend|p2: SladeRG|Stealth Rock|[from] move: Defog|[of] p2a: Corviknight
|
|-weather|none
|-damage|p2a: Corviknight|13/100 brn|[from] brn
|upkeep
|turn|27
|
|t:|1769368789
|switch|p1a: Zapdos|Zapdos|100/100
|switch|p2a: Torkoal|Torkoal, M|20/100
|-weather|SunnyDay|[from] ability: Drought|[of] p2a: Torkoal
|
|-weather|SunnyDay|[upkeep]
|upkeep
|turn|28
|
|t:|1769368796
|switch|p1a: Slowking|Slowking-Galar, F|85/100 brn
|move|p2a: Torkoal|Stealth Rock|p1a: Slowking
|-sidestart|p1: spongebob musical|move: Stealth Rock
|
|-weather|SunnyDay|[upkeep]
|-damage|p1a: Slowking|79/100 brn|[from] brn
|upkeep
|turn|29
|
|t:|1769368799
|move|p2a: Torkoal|Lava Plume|p1a: Slowking
|-damage|p1a: Slowking|51/100 brn
|-prepare|p1a: Slowking|Chilly Reception|[premajor]
|move|p1a: Slowking|Chilly Reception|p1a: Slowking
|-weather|Snowscape
|
|t:|1769368813
|switch|p1a: Zapdos|Zapdos|100/100|[from] Chilly Reception
|
|-weather|Snowscape|[upkeep]
|upkeep
|turn|30
|
|t:|1769368816
|switch|p2a: Corviknight|Corviknight, M|13/100 brn
|-ability|p2a: Corviknight|Pressure
|move|p1a: Zapdos|Volt Switch|p2a: Corviknight
|-supereffective|p2a: Corviknight
|-damage|p2a: Corviknight|0 fnt
|faint|p2a: Corviknight
|
|t:|1769368831
|switch|p1a: Slowking|Slowking-Galar, F|85/100 brn|[from] Volt Switch
|
|-weather|Snowscape|[upkeep]
|-damage|p1a: Slowking|78/100 brn|[from] brn
|upkeep
|inactive|SladeRG has 120 seconds left.
|
|t:|1769368868
|switch|p2a: Walking Wake|Walking Wake|100/100
|turn|31
|
|t:|1769368875
|move|p2a: Walking Wake|Draco Meteor|p1a: Slowking
|-damage|p1a: Slowking|1/100 brn
|-unboost|p2a: Walking Wake|spa|2
|move|p1a: Slowking|Thunder Wave|p2a: Walking Wake
|-status|p2a: Walking Wake|par
|
|-weather|Snowscape|[upkeep]
|-damage|p1a: Slowking|0 fnt|[from] brn
|faint|p1a: Slowking
|upkeep
|
|t:|1769368887
|switch|p1a: Dragapult|Dragapult, M|96/100
|turn|32
|
|t:|1769368908
|move|p1a: Dragapult|Dragon Darts|p2a: Walking Wake
|-supereffective|p2a: Walking Wake
|-damage|p2a: Walking Wake|53/100 par
|-anim|p1a: Dragapult|Dragon Darts|p2a: Walking Wake
|-supereffective|p2a: Walking Wake
|-damage|p2a: Walking Wake|10/100 par
|move|p2a: Walking Wake|Draco Meteor|p1a: Dragapult
|-supereffective|p1a: Dragapult
|-damage|p1a: Dragapult|0 fnt
|-unboost|p2a: Walking Wake|spa|2
|faint|p1a: Dragapult
|
|-weather|Snowscape|[upkeep]
|upkeep
|
|t:|1769368922
|switch|p1a: Zapdos|Zapdos|100/100
|turn|33
|
|t:|1769368926
|move|p1a: Zapdos|Volt Switch|p2a: Walking Wake
|-damage|p2a: Walking Wake|0 fnt
|faint|p2a: Walking Wake
|-end|p2a: Walking Wake|Protosynthesis|[silent]
|
|t:|1769368932
|switch|p1a: Great Tusk|Great Tusk|70/100 brn|[from] Volt Switch
|-damage|p1a: Great Tusk|67/100 brn|[from] Stealth Rock
|
|-weather|none
|-damage|p1a: Great Tusk|60/100 brn|[from] brn
|upkeep
|
|t:|1769368943
|switch|p2a: Torkoal|Torkoal, M|20/100
|-weather|SunnyDay|[from] ability: Drought|[of] p2a: Torkoal
|-activate|p1a: Great Tusk|ability: Protosynthesis
|-start|p1a: Great Tusk|protosynthesisspe
|turn|34
|
|t:|1769368954
|move|p1a: Great Tusk|Stealth Rock|p2a: Torkoal
|-sidestart|p2: SladeRG|move: Stealth Rock
|move|p2a: Torkoal|Lava Plume|p1a: Great Tusk
|-damage|p1a: Great Tusk|15/100 brn
|
|-weather|SunnyDay|[upkeep]
|-damage|p1a: Great Tusk|9/100 brn|[from] brn
|upkeep
|turn|35
|
|t:|1769368960
|move|p1a: Great Tusk|Headlong Rush|p2a: Torkoal
|-supereffective|p2a: Torkoal
|-damage|p2a: Torkoal|0 fnt
|-unboost|p1a: Great Tusk|def|1
|-unboost|p1a: Great Tusk|spd|1
|faint|p2a: Torkoal
|
|-weather|SunnyDay|[upkeep]
|-damage|p1a: Great Tusk|3/100 brn|[from] brn
|upkeep
|
|t:|1769368966
|switch|p2a: Typhlosion|Typhlosion-Hisui, M, tera:Fire|100/100
|-damage|p2a: Typhlosion|76/100|[from] Stealth Rock
|turn|36
|
|t:|1769368974
|move|p2a: Typhlosion|Eruption|p1a: Great Tusk
|-damage|p1a: Great Tusk|0 fnt
|faint|p1a: Great Tusk
|-end|p1a: Great Tusk|Protosynthesis|[silent]
|
|-weather|SunnyDay|[upkeep]
|upkeep
|
|t:|1769368979
|switch|p1a: Zapdos|Zapdos|100/100
|turn|37
|
|t:|1769369003
|-terastallize|p1a: Zapdos|Fire
|move|p2a: Typhlosion|Eruption|p1a: Zapdos
|-resisted|p1a: Zapdos
|-damage|p1a: Zapdos|31/100
|move|p1a: Zapdos|Heat Wave|p2a: Typhlosion
|-resisted|p2a: Typhlosion
|-damage|p2a: Typhlosion|30/100
|
|-weather|SunnyDay|[upkeep]
|upkeep
|turn|38
|
|t:|1769369014
|move|p2a: Typhlosion|Eruption|p1a: Zapdos
|-resisted|p1a: Zapdos
|-damage|p1a: Zapdos|0 fnt
|faint|p1a: Zapdos
|
|-weather|SunnyDay|[upkeep]
|upkeep
|
|t:|1769369017
|switch|p1a: Kingambit|Kingambit, F|87/100
|-damage|p1a: Kingambit|81/100|[from] Stealth Rock
|-activate|p1a: Kingambit|ability: Supreme Overlord
|-start|p1a: Kingambit|fallen5|[silent]
|turn|39
|
|t:|1769369036
|move|p2a: Typhlosion|Eruption|p1a: Kingambit
|-supereffective|p1a: Kingambit
|-damage|p1a: Kingambit|0 fnt
|faint|p1a: Kingambit
|-end|p1a: Kingambit|fallen5|[silent]
|
|win|SladeRG
|raw|spongebob musical's rating: 1395 &rarr; <strong>1375</strong><br />(-20 for losing)
|raw|SladeRG's rating: 1398 &rarr; <strong>1418</strong><br />(+20 for winning)
|l|‽spongebob musical
|player|p1|
|l|☆SladeRG
|player|p2|
