|j|☆Arlowizardo
|j|☆Ractive
|t:|1769301394
|gametype|singles
|player|p1|Arlowizardo|mars|
|player|p2|Ractive|volkner|
|gen|9
|tier|[Gen 9] OU
|rule|HP Percentage Mod: HP is shown in percentages
|rule|Endless Battle Clause: Forcing endless battles is banned
|rule|Species Clause: Limit one of each Pokémon
|rule|OHKO Clause: OHKO moves are banned
|rule|Evasion Items Clause: Evasion items are banned
|rule|Evasion Moves Clause: Evasion moves are banned
|rule|Evasion Abilities Clause: Evasion abilities are banned
|rule|Sleep Moves Clause: Sleep-inducing moves are banned
|clearpoke
|poke|p1|Kyurem|
|poke|p1|Araquanid, F|
|poke|p1|Goodra-Hisui, F|
|poke|p1|Slowking-Galar, F|
|poke|p1|Flamigo, F|
|poke|p1|Chandelure, F|
|poke|p2|Kingambit, M|
|poke|p2|Mimikyu, F|
|poke|p2|Rotom-Wash|
|poke|p2|Blissey, F|
|poke|p2|Arcanine, F|
|poke|p2|Mudsdale, F|
|teampreview
|c|☆Arlowizardo|https://www.youtube.com/watch?v=NqXq3_2SI1w&t=37s
|j| Raven75285
|j| NitroVort
|j| xxjoyoshixx
|c| xxjoyoshixx|LETS GO JUSTIN
|
|t:|1769301469
|teamsize|p1|6
|teamsize|p2|6
|start
|switch|p1a: Radiant Dawn|Kyurem|100/100
|switch|p2a: Mudsdale|Mudsdale, F|100/100
|-ability|p1a: Radiant Dawn|Pressure
|turn|1
|
|t:|1769301518
|move|p2a: Mudsdale|Protect|p2a: Mudsdale
|-singleturn|p2a: Mudsdale|Protect
|move|p1a: Radiant Dawn|Freeze-Dry|p2a: Mudsdale
|-activate|p2a: Mudsdale|move: Protect
|
|upkeep
|turn|2
|
|t:|1769301528
|switch|p1a: Witzi Witzi|Araquanid, F, shiny|100/100
|-terastallize|p2a: Mudsdale|Ice
|move|p2a: Mudsdale|Stealth Rock|p1a: Witzi Witzi
|-sidestart|p1: Arlowizardo|move: Stealth Rock
|
|upkeep
|turn|3
|
|t:|1769301566
|switch|p2a: Rotom|Rotom-Wash|100/100
|move|p1a: Witzi Witzi|Sticky Web|p2a: Rotom
|-sidestart|p2: Ractive|move: Sticky Web
|
|upkeep
|turn|4
|
|t:|1769301596
|switch|p1a: Radiant Dawn|Kyurem|100/100
|-damage|p1a: Radiant Dawn|75/100|[from] Stealth Rock
|-ability|p1a: Radiant Dawn|Pressure
|move|p2a: Rotom|Light Screen|p2a: Rotom
|-sidestart|p2: Ractive|move: Light Screen
|
|upkeep
|turn|5
|
|t:|1769301627
|switch|p2a: Dinny|Arcanine, F|100/100
|-activate|p2a: Dinny|move: Sticky Web
|-unboost|p2a: Dinny|spe|1
|-ability|p2a: Dinny|Intimidate|boost
|-unboost|p1a: Radiant Dawn|atk|1
|move|p1a: Radiant Dawn|Draco Meteor|p2a: Dinny
|-damage|p2a: Dinny|39/100
|-unboost|p1a: Radiant Dawn|spa|2
|
|upkeep
|turn|6
|
|t:|1769301653
|switch|p1a: Witzi Witzi|Araquanid, F, shiny|100/100
|-damage|p1a: Witzi Witzi|75/100|[from] Stealth Rock
|move|p2a: Dinny|Flamethrower|p1a: Witzi Witzi
|-damage|p1a: Witzi Witzi|40/100
|
|-heal|p1a: Witzi Witzi|46/100|[from] item: Leftovers
|upkeep
|turn|7
|
|t:|1769301673
|move|p2a: Dinny|Flamethrower|p1a: Witzi Witzi
|-damage|p1a: Witzi Witzi|11/100
|move|p1a: Witzi Witzi|Liquidation|p2a: Dinny
|-supereffective|p2a: Dinny
|-damage|p2a: Dinny|0 fnt
|faint|p2a: Dinny
|
|-heal|p1a: Witzi Witzi|17/100|[from] item: Leftovers
|upkeep
|
|t:|1769301682
|switch|p2a: Mimikyu|Mimikyu, F, shiny|100/100
|-activate|p2a: Mimikyu|move: Sticky Web
|-unboost|p2a: Mimikyu|spe|1
|turn|8
|
|t:|1769301716
|move|p2a: Mimikyu|Shadow Sneak|p1a: Witzi Witzi
|-damage|p1a: Witzi Witzi|3/100
|move|p1a: Witzi Witzi|Lunge|p2a: Mimikyu
|-activate|p2a: Mimikyu|ability: Disguise
|-damage|p2a: Mimikyu|100/100
|-unboost|p2a: Mimikyu|atk|1
|detailschange|p2a: Mimikyu|Mimikyu-Busted, F, shiny
|-damage|p2a: Mimikyu|88/100|[from] pokemon: Mimikyu-Busted
|
|-heal|p1a: Witzi Witzi|10/100|[from] item: Leftovers
|-sideend|p2: Ractive|move: Light Screen
|upkeep
|turn|9
|
|t:|1769301737
|switch|p2a: Blissey|Blissey, F|100/100
|-activate|p2a: Blissey|move: Sticky Web
|-unboost|p2a: Blissey|spe|1
|move|p1a: Witzi Witzi|Lunge|p2a: Blissey
|-damage|p2a: Blissey|70/100
|-unboost|p2a: Blissey|atk|1
|
|-heal|p1a: Witzi Witzi|16/100|[from] item: Leftovers
|-heal|p2a: Blissey|76/100|[from] item: Leftovers
|upkeep
|turn|10
|
|t:|1769301753
|move|p1a: Witzi Witzi|Liquidation|p2a: Blissey
|-damage|p2a: Blissey|40/100
|move|p2a: Blissey|Body Slam|p1a: Witzi Witzi
|-damage|p1a: Witzi Witzi|11/100
|
|-heal|p1a: Witzi Witzi|18/100|[from] item: Leftovers
|-heal|p2a: Blissey|46/100|[from] item: Leftovers
|upkeep
|turn|11
|
|t:|1769301773
|switch|p2a: Rotom|Rotom-Wash|100/100
|move|p1a: Witzi Witzi|Liquidation|p2a: Rotom
|-resisted|p2a: Rotom
|-damage|p2a: Rotom|88/100
|
|-heal|p1a: Witzi Witzi|24/100|[from] item: Leftovers
|upkeep
|turn|12
|
|t:|1769301791
|switch|p1a: Panzer|Goodra-Hisui, F|100/100
|-damage|p1a: Panzer|94/100|[from] Stealth Rock
|move|p2a: Rotom|Volt Switch|p1a: Panzer
|-resisted|p1a: Panzer
|-damage|p1a: Panzer|84/100
|
|t:|1769301854
|switch|p2a: Mudsdale|Mudsdale, F, tera:Ice|100/100|[from] Volt Switch
|-activate|p2a: Mudsdale|move: Sticky Web
|-unboost|p2a: Mudsdale|spe|1
|
|upkeep
|turn|13
|
|t:|1769301873
|switch|p1a: Radiant Dawn|Kyurem|75/100
|-damage|p1a: Radiant Dawn|50/100|[from] Stealth Rock
|-ability|p1a: Radiant Dawn|Pressure
|move|p2a: Mudsdale|Low Kick|p1a: Radiant Dawn
|-supereffective|p1a: Radiant Dawn
|-damage|p1a: Radiant Dawn|0 fnt
|faint|p1a: Radiant Dawn
|
|upkeep
|
|t:|1769301885
|switch|p1a: Shauntal|Chandelure, F, shiny|100/100
|-damage|p1a: Shauntal|76/100|[from] Stealth Rock
|turn|14
|
|t:|1769301930
|move|p2a: Mudsdale|Protect|p2a: Mudsdale
|-singleturn|p2a: Mudsdale|Protect
|move|p1a: Shauntal|Flamethrower|p2a: Mudsdale
|-activate|p2a: Mudsdale|move: Protect
|
|upkeep
|turn|15
|
|t:|1769301945
|switch|p2a: Rotom|Rotom-Wash|88/100
|move|p1a: Shauntal|Flamethrower|p2a: Rotom
|-resisted|p2a: Rotom
|-damage|p2a: Rotom|62/100
|
|upkeep
|turn|16
|
|t:|1769301968
|switch|p1a: Panzer|Goodra-Hisui, F|84/100
|-damage|p1a: Panzer|78/100|[from] Stealth Rock
|move|p2a: Rotom|Shadow Ball|p1a: Panzer
|-damage|p1a: Panzer|62/100
|-unboost|p1a: Panzer|spd|1
|
|upkeep
|turn|17
|
|t:|1769301995
|switch|p2a: Mudsdale|Mudsdale, F, tera:Ice|100/100
|-activate|p2a: Mudsdale|move: Sticky Web
|-unboost|p2a: Mudsdale|spe|1
|move|p1a: Panzer|Draco Meteor|p2a: Mudsdale
|-damage|p2a: Mudsdale|35/100
|-unboost|p1a: Panzer|spa|2
|-ability|p2a: Mudsdale|Stamina|boost
|-boost|p2a: Mudsdale|def|1
|-enditem|p2a: Mudsdale|Sitrus Berry|[eat]
|-heal|p2a: Mudsdale|60/100|[from] item: Sitrus Berry
|
|upkeep
|turn|18
|
|t:|1769302026
|switch|p1a: Witzi Witzi|Araquanid, F, shiny|24/100
|-damage|p1a: Witzi Witzi|0 fnt|[from] Stealth Rock
|faint|p1a: Witzi Witzi
|move|p2a: Mudsdale|Low Kick|p1: Witzi Witzi|[notarget]
|-fail|p2a: Mudsdale
|
|upkeep
|
|t:|1769302038
|switch|p1a: Panzer|Goodra-Hisui, F|62/100
|-damage|p1a: Panzer|56/100|[from] Stealth Rock
|turn|19
|
|t:|1769302060
|move|p2a: Mudsdale|Protect|p2a: Mudsdale
|-singleturn|p2a: Mudsdale|Protect
|move|p1a: Panzer|Flash Cannon|p2a: Mudsdale
|-activate|p2a: Mudsdale|move: Protect
|
|upkeep
|turn|20
|
|t:|1769302088
|switch|p2a: Blissey|Blissey, F|46/100
|-activate|p2a: Blissey|move: Sticky Web
|-unboost|p2a: Blissey|spe|1
|move|p1a: Panzer|Flash Cannon|p2a: Blissey
|-damage|p2a: Blissey|32/100
|
|-heal|p2a: Blissey|38/100|[from] item: Leftovers
|upkeep
|turn|21
|
|t:|1769302102
|move|p1a: Panzer|Body Press|p2a: Blissey
|-supereffective|p2a: Blissey
|-damage|p2a: Blissey|0 fnt
|faint|p2a: Blissey
|
|upkeep
|
|t:|1769302117
|switch|p2a: Rotom|Rotom-Wash|62/100
|turn|22
|
|t:|1769302125
|move|p2a: Rotom|Light Screen|p2a: Rotom
|-sidestart|p2: Ractive|move: Light Screen
|move|p1a: Panzer|Draco Meteor|p2a: Rotom
|-damage|p2a: Rotom|25/100
|-unboost|p1a: Panzer|spa|2
|
|upkeep
|turn|23
|
|t:|1769302143
|switch|p2a: Kingambit|Kingambit, M|100/100
|-activate|p2a: Kingambit|move: Sticky Web
|-unboost|p2a: Kingambit|spe|1
|-activate|p2a: Kingambit|ability: Supreme Overlord
|-start|p2a: Kingambit|fallen2|[silent]
|move|p1a: Panzer|Body Press|p2a: Kingambit
|-supereffective|p2a: Kingambit
|-damage|p2a: Kingambit|48/100
|-damage|p1a: Panzer|39/100|[from] item: Rocky Helmet|[of] p2a: Kingambit
|
|upkeep
|turn|24
|
|t:|1769302176
|-terastallize|p1a: Panzer|Fighting
|move|p2a: Kingambit|Protect|p2a: Kingambit
|-singleturn|p2a: Kingambit|Protect
|move|p1a: Panzer|Body Press|p2a: Kingambit
|-activate|p2a: Kingambit|move: Protect
|
|upkeep
|turn|25
|
|t:|1769302186
|-end|p2a: Kingambit|fallen2|[silent]
|switch|p2a: Mudsdale|Mudsdale, F, tera:Ice|60/100
|-activate|p2a: Mudsdale|move: Sticky Web
|-unboost|p2a: Mudsdale|spe|1
|move|p1a: Panzer|Body Press|p2a: Mudsdale
|-supereffective|p2a: Mudsdale
|-damage|p2a: Mudsdale|12/100
|-ability|p2a: Mudsdale|Stamina|boost
|-boost|p2a: Mudsdale|def|1
|
|upkeep
|turn|26
|
|t:|1769302198
|move|p1a: Panzer|Body Press|p2a: Mudsdale
|-supereffective|p2a: Mudsdale
|-damage|p2a: Mudsdale|0 fnt
|faint|p2a: Mudsdale
|
|-sideend|p2: Ractive|move: Light Screen
|upkeep
|
|t:|1769302202
|switch|p2a: Rotom|Rotom-Wash|25/100
|turn|27
|
|t:|1769302206
|move|p2a: Rotom|Shadow Ball|p1a: Panzer
|-damage|p1a: Panzer|24/100
|move|p1a: Panzer|Body Press|p2a: Rotom
|-damage|p2a: Rotom|0 fnt
|faint|p2a: Rotom
|
|upkeep
|
|t:|1769302213
|switch|p2a: Mimikyu|Mimikyu-Busted, F, shiny|88/100
|-activate|p2a: Mimikyu|move: Sticky Web
|-unboost|p2a: Mimikyu|spe|1
|turn|28
|
|t:|1769302219
|move|p1a: Panzer|Flash Cannon|p2a: Mimikyu
|-supereffective|p2a: Mimikyu
|-damage|p2a: Mimikyu|54/100
|-unboost|p2a: Mimikyu|spd|1
|move|p2a: Mimikyu|Play Rough|p1a: Panzer
|-supereffective|p1a: Panzer
|-damage|p1a: Panzer|0 fnt
|faint|p1a: Panzer
|
|upkeep
|
|t:|1769302232
|switch|p1a: Purple haze|Slowking-Galar, F|100/100
|-damage|p1a: Purple haze|88/100|[from] Stealth Rock
|turn|29
|
|t:|1769302240
|switch|p2a: Kingambit|Kingambit, M|48/100
|-activate|p2a: Kingambit|move: Sticky Web
|-unboost|p2a: Kingambit|spe|1
|-activate|p2a: Kingambit|ability: Supreme Overlord
|-start|p2a: Kingambit|fallen4|[silent]
|move|p1a: Purple haze|Sludge Bomb|p2a: Kingambit
|-immune|p2a: Kingambit
|
|-heal|p1a: Purple haze|94/100|[from] item: Black Sludge
|upkeep
|turn|30
|
|t:|1769302255
|-prepare|p1a: Purple haze|Chilly Reception|[premajor]
|move|p1a: Purple haze|Chilly Reception|p1a: Purple haze
|-weather|Snowscape
|
|t:|1769302261
|switch|p1a: Shauntal|Chandelure, F, shiny|76/100|[from] Chilly Reception
|-damage|p1a: Shauntal|51/100|[from] Stealth Rock
|move|p2a: Kingambit|Shadow Claw|p1a: Shauntal
|-supereffective|p1a: Shauntal
|-damage|p1a: Shauntal|0 fnt
|faint|p1a: Shauntal
|
|-weather|Snowscape|[upkeep]
|upkeep
|
|t:|1769302263
|switch|p1a: Paca judia|Flamigo, F|100/100
|turn|31
|
|t:|1769302276
|move|p1a: Paca judia|Close Combat|p2a: Kingambit
|-supereffective|p2a: Kingambit
|-damage|p2a: Kingambit|0 fnt
|-unboost|p1a: Paca judia|def|1
|-unboost|p1a: Paca judia|spd|1
|-damage|p1a: Paca judia|84/100|[from] item: Rocky Helmet|[of] p2a: Kingambit
|faint|p2a: Kingambit
|-end|p2a: Kingambit|fallen4|[silent]
|
|-weather|Snowscape|[upkeep]
|upkeep
|
|t:|1769302279
|switch|p2a: Mimikyu|Mimikyu-Busted, F, shiny|54/100
|-activate|p2a: Mimikyu|move: Sticky Web
|-unboost|p2a: Mimikyu|spe|1
|turn|32
|
|t:|1769302288
|move|p1a: Paca judia|Brave Bird|p2a: Mimikyu
|-damage|p2a: Mimikyu|0 fnt
|faint|p2a: Mimikyu
|-damage|p1a: Paca judia|70/100|[from] Recoil
|
|win|Arlowizardo
