|j|☆Loveles
|j|☆epixblas
|t:|1769421504
|gametype|singles
|player|p1|Loveles|266|1155
|player|p2|epixblas|backers|1210
|gen|9
|tier|[Gen 9] OU
|rated|
|rule|HP Percentage Mod: HP is shown in percentages
|rule|Endless Battle Clause: Forcing endless battles is banned
|rule|Species Clause: Limit one of each Pokémon
|rule|OHKO Clause: OHKO moves are banned
|rule|Evasion Items Clause: Evasion items are banned
|rule|Evasion Moves Clause: Evasion moves are banned
|rule|Evasion Abilities Clause: Evasion abilities are banned
|rule|Sleep Moves Clause: Sleep-inducing moves are banned
|clearpoke
|poke|p1|Pecharunt|
|poke|p1|Landorus-Therian, M|
|poke|p1|Kingambit, F|
|poke|p1|Volcanion|
|poke|p1|Deoxys-Speed|
|poke|p1|Iron Valiant|
|poke|p2|Zamazenta-*|
|poke|p2|Ogerpon-Wellspring, F|
|poke|p2|Slowking-Galar, M|
|poke|p2|Great Tusk|
|poke|p2|Kingambit, M|
|poke|p2|Zapdos|
|teampreview
|inactive|Battle timer is ON: inactive players will automatically lose when time's up. (requested by Loveles)
|
|t:|1769421522
|teamsize|p1|6
|teamsize|p2|6
|start
|switch|p1a: Landorus|Landorus-Therian, M, shiny|100/100
|switch|p2a: Ogerpon|Ogerpon-Wellspring, F|100/100
|-ability|p1a: Landorus|Intimidate|boost
|-unboost|p2a: Ogerpon|atk|1
|turn|1
|
|t:|1769421545
|switch|p1a: Volcanion|Volcanion|100/100
|move|p2a: Ogerpon|Ivy Cudgel|p1a: Volcanion|[anim] Ivy Cudgel Water
|-immune|p1a: Volcanion|[from] ability: Water Absorb
|
|upkeep
|turn|2
|
|t:|1769421557
|switch|p2a: Zapdos|Zapdos|100/100
|move|p1a: Volcanion|Will-O-Wisp|p2a: Zapdos
|-status|p2a: Zapdos|brn
|
|-damage|p2a: Zapdos|94/100 brn|[from] brn
|upkeep
|turn|3
|
|t:|1769421571
|switch|p1a: Landorus|Landorus-Therian, M, shiny|100/100
|-ability|p1a: Landorus|Intimidate|boost
|-unboost|p2a: Zapdos|atk|1
|move|p2a: Zapdos|Hurricane|p1a: Landorus
|-damage|p1a: Landorus|41/100
|
|-damage|p2a: Zapdos|88/100 brn|[from] brn
|upkeep
|turn|4
|
|t:|1769421589
|move|p1a: Landorus|Stealth Rock|p2a: Zapdos
|-sidestart|p2: epixblas|move: Stealth Rock
|move|p2a: Zapdos|Hurricane|p1a: Landorus
|-damage|p1a: Landorus|0 fnt
|faint|p1a: Landorus
|
|-damage|p2a: Zapdos|82/100 brn|[from] brn
|upkeep
|inactive|Loveles has 120 seconds left.
|
|t:|1769421616
|switch|p1a: Deoxys|Deoxys-Speed, shiny|100/100
|-ability|p1a: Deoxys|Pressure
|turn|5
|
|t:|1769421625
|move|p1a: Deoxys|Psycho Boost|p2a: Zapdos|[miss]
|-miss|p1a: Deoxys|p2a: Zapdos
|move|p2a: Zapdos|Thunder Wave|p1a: Deoxys
|-status|p1a: Deoxys|par
|
|-damage|p2a: Zapdos|76/100 brn|[from] brn
|upkeep
|turn|6
|inactive|Loveles has 120 seconds left.
|
|t:|1769421633
|move|p1a: Deoxys|Psycho Boost|p2a: Zapdos
|-damage|p2a: Zapdos|27/100 brn
|-unboost|p1a: Deoxys|spa|2
|-enditem|p1a: Deoxys|Eject Pack
|inactive|Loveles has 120 seconds left.
|
|t:|1769421648
|switch|p1a: Kingambit|Kingambit, F, shiny|100/100
|-activate|p1a: Kingambit|ability: Supreme Overlord
|-start|p1a: Kingambit|fallen1|[silent]
|move|p2a: Zapdos|Volt Switch|p1a: Kingambit
|-damage|p1a: Kingambit|70/100
|
|t:|1769421677
|switch|p2a: Great Tusk|Great Tusk, shiny|100/100|[from] Volt Switch
|
|-heal|p1a: Kingambit|76/100|[from] item: Leftovers
|upkeep
|turn|7
|inactive|Loveles has 120 seconds left.
|
|t:|1769421685
|-end|p1a: Kingambit|fallen1|[silent]
|switch|p1a: Iron Valiant|Iron Valiant, shiny|100/100
|-enditem|p1a: Iron Valiant|Booster Energy
|-activate|p1a: Iron Valiant|ability: Quark Drive|[fromitem]
|-start|p1a: Iron Valiant|quarkdrivespe
|move|p2a: Great Tusk|Headlong Rush|p1a: Iron Valiant
|-damage|p1a: Iron Valiant|12/100
|-unboost|p2a: Great Tusk|def|1
|-unboost|p2a: Great Tusk|spd|1
|
|upkeep
|turn|8
|
|t:|1769421702
|-terastallize|p2a: Great Tusk|Fire
|move|p1a: Iron Valiant|Moonblast|p2a: Great Tusk
|-resisted|p2a: Great Tusk
|-damage|p2a: Great Tusk|58/100
|move|p2a: Great Tusk|Rapid Spin|p1a: Iron Valiant
|-damage|p1a: Iron Valiant|0 fnt
|-boost|p2a: Great Tusk|spe|1
|-sideend|p2: epixblas|Stealth Rock|[from] move: Rapid Spin|[of] p2a: Great Tusk
|faint|p1a: Iron Valiant
|-end|p1a: Iron Valiant|Quark Drive|[silent]
|
|upkeep
|inactive|Loveles has 120 seconds left.
|
|t:|1769421723
|switch|p1a: Deoxys|Deoxys-Speed, shiny|100/100 par
|-ability|p1a: Deoxys|Pressure
|turn|9
|
|t:|1769421735
|move|p2a: Great Tusk|Headlong Rush|p1a: Deoxys
|-damage|p1a: Deoxys|0 fnt
|-unboost|p2a: Great Tusk|def|1
|-unboost|p2a: Great Tusk|spd|1
|faint|p1a: Deoxys
|
|upkeep
|
|t:|1769421744
|switch|p1a: Pecharunt|Pecharunt|100/100
|turn|10
|inactive|Loveles has 120 seconds left.
|
|t:|1769421754
|-terastallize|p1a: Pecharunt|Fairy
|move|p2a: Great Tusk|Headlong Rush|p1a: Pecharunt
|-damage|p1a: Pecharunt|60/100
|-unboost|p2a: Great Tusk|def|1
|-unboost|p2a: Great Tusk|spd|1
|move|p1a: Pecharunt|Malignant Chain|p2a: Great Tusk
|-damage|p2a: Great Tusk|0 fnt
|faint|p2a: Great Tusk
|-end|p2a: Great Tusk|Protosynthesis|[silent]
|
|upkeep
|inactive|epixblas has 120 seconds left.
|
|t:|1769421789
|switch|p2a: Slowking|Slowking-Galar, M|100/100
|turn|11
|inactive|epixblas has 120 seconds left.
|
|t:|1769421800
|move|p1a: Pecharunt|Shadow Ball|p2a: Slowking
|-supereffective|p2a: Slowking
|-damage|p2a: Slowking|72/100
|move|p2a: Slowking|Sludge Bomb|p1a: Pecharunt
|-supereffective|p1a: Pecharunt
|-damage|p1a: Pecharunt|0 fnt
|faint|p1a: Pecharunt
|
|upkeep
|
|t:|1769421814
|switch|p1a: Kingambit|Kingambit, F, shiny|76/100
|-activate|p1a: Kingambit|ability: Supreme Overlord
|-start|p1a: Kingambit|fallen4|[silent]
|turn|12
|
|t:|1769421820
|move|p1a: Kingambit|Swords Dance|p1a: Kingambit
|-boost|p1a: Kingambit|atk|2
|move|p2a: Slowking|Flamethrower|p1a: Kingambit
|-supereffective|p1a: Kingambit
|-damage|p1a: Kingambit|19/100
|-status|p1a: Kingambit|brn
|
|-heal|p1a: Kingambit|25/100 brn|[from] item: Leftovers
|-damage|p1a: Kingambit|19/100 brn|[from] brn
|upkeep
|turn|13
|
|t:|1769421832
|move|p1a: Kingambit|Sucker Punch|p2a: Slowking
|-supereffective|p2a: Slowking
|-damage|p2a: Slowking|0 fnt
|faint|p2a: Slowking
|
|-heal|p1a: Kingambit|25/100 brn|[from] item: Leftovers
|-damage|p1a: Kingambit|19/100 brn|[from] brn
|upkeep
|
|t:|1769421835
|switch|p2a: Zamazenta|Zamazenta|100/100
|-ability|p2a: Zamazenta|Dauntless Shield|boost
|-boost|p2a: Zamazenta|def|1
|turn|14
|
|t:|1769421859
|move|p1a: Kingambit|Sucker Punch|p2a: Zamazenta
|-resisted|p2a: Zamazenta
|-damage|p2a: Zamazenta|83/100
|move|p2a: Zamazenta|Close Combat|p1a: Kingambit
|-supereffective|p1a: Kingambit
|-damage|p1a: Kingambit|0 fnt
|-unboost|p2a: Zamazenta|def|1
|-unboost|p2a: Zamazenta|spd|1
|faint|p1a: Kingambit
|-end|p1a: Kingambit|fallen4|[silent]
|
|upkeep
|
|t:|1769421867
|switch|p1a: Volcanion|Volcanion|100/100
|turn|15
|
|t:|1769421879
|move|p2a: Zamazenta|Stone Edge|p1a: Volcanion
|-supereffective|p1a: Volcanion
|-damage|p1a: Volcanion|29/100
|move|p1a: Volcanion|Steam Eruption|p2a: Zamazenta
|-damage|p2a: Zamazenta|9/100
|
|-heal|p1a: Volcanion|35/100|[from] item: Leftovers
|upkeep
|turn|16
|
|t:|1769421887
|move|p2a: Zamazenta|Close Combat|p1a: Volcanion
|-damage|p1a: Volcanion|0 fnt
|-unboost|p2a: Zamazenta|def|1
|-unboost|p2a: Zamazenta|spd|1
|faint|p1a: Volcanion
|
|win|epixblas
|raw|Loveles's rating: 1155 &rarr; <strong>1134</strong><br />(-21 for losing)
|raw|epixblas's rating: 1210 &rarr; <strong>1231</strong><br />(+21 for winning)
|c|☆epixblas|gg
|l|☆Loveles
|player|p1|
