|inactive|Battle timer is ON: inactive players will automatically lose when time's up.
|t:|1769356798
|gametype|singles
|player|p1|SammyCe123|#sammyce123|
|player|p2|xyldaz|archer|
|gen|9
|tier|[Gen 9] OU
|rule|HP Percentage Mod: HP is shown in percentages
|rule|Endless Battle Clause: Forcing endless battles is banned
|rule|Species Clause: Limit one of each Pokémon
|rule|OHKO Clause: OHKO moves are banned
|rule|Evasion Items Clause: Evasion items are banned
|rule|Evasion Moves Clause: Evasion moves are banned
|rule|Evasion Abilities Clause: Evasion abilities are banned
|rule|Sleep Moves Clause: Sleep-inducing moves are banned
|clearpoke
|poke|p1|Landorus-Therian, M|
|poke|p1|Kyurem|
|poke|p1|Hatterene, F|
|poke|p1|Zamazenta-*|
|poke|p1|Ceruledge, F|
|poke|p1|Kingambit, F|
|poke|p2|Weavile, M|
|poke|p2|Landorus-Therian, M|
|poke|p2|Corviknight, M|
|poke|p2|Garganacl, F|
|poke|p2|Iron Valiant|
|poke|p2|Toxapex, F|
|teampreview
|c|☆xyldaz|gl
|c|☆SammyCe123|u2
|inactive|SammyCe123 has 270 seconds left.
|inactive|SammyCe123 has 240 seconds left.
|
|t:|1769356870
|teamsize|p1|6
|teamsize|p2|6
|start
|switch|p1a: Landorus|Landorus-Therian, M|100/100
|switch|p2a: Iron Valiant|Iron Valiant|100/100
|-ability|p1a: Landorus|Intimidate|boost
|-unboost|p2a: Iron Valiant|atk|1
|turn|1
|
|t:|1769356899
|move|p2a: Iron Valiant|Moonblast|p1a: Landorus
|-damage|p1a: Landorus|26/100
|move|p1a: Landorus|Earth Power|p2a: Iron Valiant
|-damage|p2a: Iron Valiant|47/100
|
|upkeep
|turn|2
|inactive|xyldaz has 270 seconds left.
|inactive|SammyCe123 has 270 seconds left.
|
|t:|1769356949
|move|p2a: Iron Valiant|Moonblast|p1a: Landorus
|-damage|p1a: Landorus|0 fnt
|faint|p1a: Landorus
|
|upkeep
|
|t:|1769356958
|switch|p1a: Ceruledge|Ceruledge, F|100/100
|turn|3
|
|t:|1769356962
|-end|p2a: Iron Valiant|Quark Drive|[silent]
|switch|p2a: Landorus|Landorus-Therian, M|100/100
|-ability|p2a: Landorus|Intimidate|boost
|-unboost|p1a: Ceruledge|atk|1
|move|p1a: Ceruledge|Swords Dance|p1a: Ceruledge
|-boost|p1a: Ceruledge|atk|2
|
|upkeep
|turn|4
|
|t:|1769356990
|-terastallize|p1a: Ceruledge|Ghost
|move|p2a: Landorus|Earth Power|p1a: Ceruledge
|-damage|p1a: Ceruledge|60/100
|move|p1a: Ceruledge|Swords Dance|p1a: Ceruledge
|-boost|p1a: Ceruledge|atk|2
|
|upkeep
|turn|5
|inactive|xyldaz has 270 seconds left.
|
|t:|1769357038
|switch|p2a: Corviknight|Corviknight, M|100/100
|-ability|p2a: Corviknight|Pressure
|move|p1a: Ceruledge|Bitter Blade|p2a: Corviknight
|-supereffective|p2a: Corviknight
|-damage|p2a: Corviknight|0 fnt
|-heal|p1a: Ceruledge|100/100|[from] drain|[of] p2a: Corviknight
|faint|p2a: Corviknight
|-damage|p1a: Ceruledge|91/100|[from] item: Life Orb
|
|upkeep
|
|t:|1769357039
|switch|p2a: Weavile|Weavile, M|100/100
|-ability|p2a: Weavile|Pressure
|turn|6
|inactive|SammyCe123 has 240 seconds left.
|inactive|SammyCe123 has 210 seconds left.
|inactive|SammyCe123 has 180 seconds left.
|
|t:|1769357140
|switch|p1a: Zamazenta|Zamazenta|100/100
|-ability|p1a: Zamazenta|Dauntless Shield|boost
|-boost|p1a: Zamazenta|def|1
|move|p2a: Weavile|Knock Off|p1a: Zamazenta
|-resisted|p1a: Zamazenta
|-damage|p1a: Zamazenta|88/100
|-enditem|p1a: Zamazenta|Leftovers|[from] move: Knock Off|[of] p2a: Weavile
|
|upkeep
|turn|7
|inactive|xyldaz has 270 seconds left.
|
|t:|1769357158
|switch|p2a: Landorus|Landorus-Therian, M|100/100
|-ability|p2a: Landorus|Intimidate|boost
|-unboost|p1a: Zamazenta|atk|1
|move|p1a: Zamazenta|Iron Defense|p1a: Zamazenta
|-boost|p1a: Zamazenta|def|2
|
|upkeep
|turn|8
|inactive|SammyCe123 has 180 seconds left.
|inactive|xyldaz has 270 seconds left.
|
|t:|1769357191
|move|p1a: Zamazenta|Iron Defense|p1a: Zamazenta
|-boost|p1a: Zamazenta|def|2
|move|p2a: Landorus|U-turn|p1a: Zamazenta
|-resisted|p1a: Zamazenta
|-damage|p1a: Zamazenta|86/100
|
|t:|1769357195
|switch|p2a: Toxapex|Toxapex, F|100/100|[from] U-turn
|
|upkeep
|turn|9
|
|t:|1769357199
|switch|p2a: Landorus|Landorus-Therian, M|100/100
|-ability|p2a: Landorus|Intimidate|boost
|-unboost|p1a: Zamazenta|atk|1
|move|p1a: Zamazenta|Body Press|p2a: Landorus
|-resisted|p2a: Landorus
|-damage|p2a: Landorus|41/100
|-damage|p1a: Zamazenta|70/100|[from] item: Rocky Helmet|[of] p2a: Landorus
|
|upkeep
|turn|10
|
|t:|1769357203
|switch|p2a: Toxapex|Toxapex, F|100/100
|move|p1a: Zamazenta|Body Press|p2a: Toxapex
|-resisted|p2a: Toxapex
|-damage|p2a: Toxapex|63/100
|
|upkeep
|turn|11
|
|t:|1769357205
|move|p1a: Zamazenta|Body Press|p2a: Toxapex
|-resisted|p2a: Toxapex
|-damage|p2a: Toxapex|26/100
|move|p2a: Toxapex|Haze|p2a: Toxapex
|-clearallboost
|
|upkeep
|turn|12
|inactive|SammyCe123 has 180 seconds left.
|
|t:|1769357227
|switch|p1a: Ceruledge|Ceruledge, F, tera:Ghost|91/100
|move|p2a: Toxapex|Recover|p2a: Toxapex
|-heal|p2a: Toxapex|76/100
|
|upkeep
|turn|13
|
|t:|1769357234
|move|p1a: Ceruledge|Poltergeist|p2a: Toxapex
|-activate|p2a: Toxapex|move: Poltergeist|Heavy-Duty Boots
|-damage|p2a: Toxapex|5/100
|-damage|p1a: Ceruledge|81/100|[from] item: Life Orb
|move|p2a: Toxapex|Toxic|p1a: Ceruledge
|-status|p1a: Ceruledge|tox
|
|-damage|p1a: Ceruledge|74/100 tox|[from] psn
|upkeep
|turn|14
|
|t:|1769357246
|switch|p2a: Garganacl|Garganacl, F|100/100
|move|p1a: Ceruledge|Swords Dance|p1a: Ceruledge
|-boost|p1a: Ceruledge|atk|2
|
|-damage|p1a: Ceruledge|62/100 tox|[from] psn
|upkeep
|turn|15
|
|t:|1769357261
|switch|p2a: Landorus|Landorus-Therian, M|41/100
|-ability|p2a: Landorus|Intimidate|boost
|-unboost|p1a: Ceruledge|atk|1
|move|p1a: Ceruledge|Swords Dance|p1a: Ceruledge
|-boost|p1a: Ceruledge|atk|2
|
|-damage|p1a: Ceruledge|43/100 tox|[from] psn
|upkeep
|turn|16
|
|t:|1769357268
|move|p1a: Ceruledge|Shadow Sneak|p2a: Landorus
|-damage|p2a: Landorus|0 fnt
|-damage|p1a: Ceruledge|27/100 tox|[from] item: Rocky Helmet|[of] p2a: Landorus
|faint|p2a: Landorus
|-damage|p1a: Ceruledge|17/100 tox|[from] item: Life Orb
|
|-damage|p1a: Ceruledge|0 fnt|[from] psn
|faint|p1a: Ceruledge
|upkeep
|inactive|SammyCe123 has 180 seconds left.
|
|t:|1769357288
|switch|p2a: Iron Valiant|Iron Valiant|47/100
|switch|p1a: Hatterene|Hatterene, F|100/100
|turn|17
|inactive|SammyCe123 has 180 seconds left.
|
|t:|1769357307
|-end|p2a: Iron Valiant|Quark Drive|[silent]
|switch|p2a: Garganacl|Garganacl, F|100/100
|move|p1a: Hatterene|Psychic Noise|p2a: Garganacl
|-damage|p2a: Garganacl|70/100
|-start|p2a: Garganacl|move: Heal Block
|
|upkeep
|turn|18
|
|t:|1769357311
|move|p1a: Hatterene|Psychic Noise|p2a: Garganacl
|-damage|p2a: Garganacl|41/100
|move|p2a: Garganacl|Salt Cure|p1a: Hatterene
|-damage|p1a: Hatterene|86/100
|-start|p1a: Hatterene|Salt Cure
|
|-damage|p1a: Hatterene|74/100|[from] Salt Cure
|-end|p2a: Garganacl|move: Heal Block
|upkeep
|turn|19
|
|t:|1769357319
|switch|p2a: Weavile|Weavile, M|100/100
|-ability|p2a: Weavile|Pressure
|move|p1a: Hatterene|Draining Kiss|p2a: Weavile
|-supereffective|p2a: Weavile
|-damage|p2a: Weavile|23/100
|-heal|p1a: Hatterene|100/100|[from] drain|[of] p2a: Weavile
|
|-damage|p1a: Hatterene|88/100|[from] Salt Cure
|upkeep
|turn|20
|inactive|SammyCe123 has 180 seconds left.
|
|t:|1769357355
|move|p2a: Weavile|Triple Axel|p1a: Hatterene
|-damage|p1a: Hatterene|77/100
|-damage|p1a: Hatterene|54/100
|-damage|p1a: Hatterene|18/100
|-hitcount|p1a: Hatterene|3
|move|p1a: Hatterene|Draining Kiss|p2a: Weavile
|-supereffective|p2a: Weavile
|-damage|p2a: Weavile|0 fnt
|-heal|p1a: Hatterene|33/100|[from] drain|[of] p2a: Weavile
|faint|p2a: Weavile
|
|-damage|p1a: Hatterene|21/100|[from] Salt Cure
|upkeep
|
|t:|1769357365
|switch|p2a: Iron Valiant|Iron Valiant|47/100
|turn|21
|inactive|SammyCe123 has 180 seconds left.
|inactive|SammyCe123 has 150 seconds left.
|inactive|SammyCe123 has 120 seconds left.
|
|t:|1769357460
|switch|p1a: Zamazenta|Zamazenta|70/100
|move|p2a: Iron Valiant|Moonblast|p1a: Zamazenta
|-supereffective|p1a: Zamazenta
|-damage|p1a: Zamazenta|0 fnt
|faint|p1a: Zamazenta
|
|upkeep
|
|t:|1769357461
|switch|p1a: Kyurem|Kyurem|100/100
|-ability|p1a: Kyurem|Pressure
|turn|22
|
|t:|1769357469
|move|p2a: Iron Valiant|Moonblast|p1a: Kyurem
|-supereffective|p1a: Kyurem
|-damage|p1a: Kyurem|8/100
|move|p1a: Kyurem|Freeze-Dry|p2a: Iron Valiant
|-damage|p2a: Iron Valiant|0 fnt
|faint|p2a: Iron Valiant
|-end|p2a: Iron Valiant|Quark Drive|[silent]
|
|upkeep
|
|t:|1769357478
|switch|p2a: Garganacl|Garganacl, F|41/100
|turn|23
|inactive|SammyCe123 has 120 seconds left.
|
|t:|1769357491
|-terastallize|p2a: Garganacl|Water
|move|p1a: Kyurem|Earth Power|p2a: Garganacl
|-damage|p2a: Garganacl|18/100
|move|p2a: Garganacl|Recover|p2a: Garganacl
|-heal|p2a: Garganacl|68/100
|
|-heal|p2a: Garganacl|74/100|[from] item: Leftovers
|upkeep
|turn|24
|
|t:|1769357496
|move|p1a: Kyurem|Freeze-Dry|p2a: Garganacl
|-supereffective|p2a: Garganacl
|-damage|p2a: Garganacl|18/100
|move|p2a: Garganacl|Recover|p2a: Garganacl
|-heal|p2a: Garganacl|68/100
|
|-heal|p2a: Garganacl|74/100|[from] item: Leftovers
|upkeep
|turn|25
|
|t:|1769357501
|move|p1a: Kyurem|Freeze-Dry|p2a: Garganacl
|-supereffective|p2a: Garganacl
|-damage|p2a: Garganacl|21/100
|move|p2a: Garganacl|Recover|p2a: Garganacl
|-heal|p2a: Garganacl|71/100
|
|-heal|p2a: Garganacl|77/100|[from] item: Leftovers
|upkeep
|turn|26
|
|t:|1769357506
|move|p1a: Kyurem|Freeze-Dry|p2a: Garganacl
|-supereffective|p2a: Garganacl
|-crit|p2a: Garganacl
|-damage|p2a: Garganacl|0 fnt
|faint|p2a: Garganacl
|
|upkeep
|
|t:|1769357509
|switch|p2a: Toxapex|Toxapex, F|39/100
|turn|27
|
|t:|1769357511
|move|p1a: Kyurem|Freeze-Dry|p2a: Toxapex
|-supereffective|p2a: Toxapex
|-damage|p2a: Toxapex|0 fnt
|faint|p2a: Toxapex
|
|win|SammyCe123
|c|☆xyldaz|gg
|c|☆SammyCe123|gg
|player|p1|
|player|p2|
|player|p2|xyldaz|archer|
