|j|☆pokemon hot guy 97
|j|☆R2ECM
|t:|1769326449
|gametype|singles
|player|p1|pokemon hot guy 97|cynthia-gen4|1067
|player|p2|R2ECM|rocketgrunt|1088
|gen|9
|tier|[Gen 9] OU
|rated|
|rule|HP Percentage Mod: HP is shown in percentages
|rule|Endless Battle Clause: Forcing endless battles is banned
|rule|Species Clause: Limit one of each Pokémon
|rule|OHKO Clause: OHKO moves are banned
|rule|Evasion Items Clause: Evasion items are banned
|rule|Evasion Moves Clause: Evasion moves are banned
|rule|Evasion Abilities Clause: Evasion abilities are banned
|rule|Sleep Moves Clause: Sleep-inducing moves are banned
|clearpoke
|poke|p1|Zapdos|
|poke|p1|Garganacl, M|
|poke|p1|Gliscor, M|
|poke|p1|Rotom-Frost|
|poke|p1|Ogerpon-Wellspring, F|
|poke|p1|Iron Valiant|
|poke|p2|Ceruledge, F|
|poke|p2|Corviknight, F|
|poke|p2|Darkrai|
|poke|p2|Milotic, M|
|poke|p2|Breloom, F|
|poke|p2|Dragonite, M|
|teampreview
|
|t:|1769326465
|teamsize|p1|6
|teamsize|p2|6
|start
|switch|p1a: Gliscor|Gliscor, M, shiny|100/100
|switch|p2a: Chala|Corviknight, F|100/100
|-ability|p2a: Chala|Pressure
|turn|1
|
|t:|1769326481
|move|p1a: Gliscor|Toxic|p2a: Chala
|-immune|p2a: Chala
|move|p2a: Chala|U-turn|p1a: Gliscor
|-resisted|p1a: Gliscor
|-damage|p1a: Gliscor|95/100
|
|t:|1769326486
|switch|p2a: Geometrics|Darkrai|100/100|[from] U-turn
|
|-status|p1a: Gliscor|tox|[from] item: Toxic Orb
|upkeep
|turn|2
|
|t:|1769326496
|move|p2a: Geometrics|Ice Beam|p1a: Gliscor
|-supereffective|p1a: Gliscor
|-damage|p1a: Gliscor|0 fnt
|faint|p1a: Gliscor
|
|upkeep
|
|t:|1769326510
|switch|p1a: Iron Valiant|Iron Valiant|100/100
|-enditem|p1a: Iron Valiant|Booster Energy
|-activate|p1a: Iron Valiant|ability: Quark Drive|[fromitem]
|-start|p1a: Iron Valiant|quarkdrivespe
|turn|3
|
|t:|1769326532
|move|p1a: Iron Valiant|Drain Punch|p2a: Geometrics
|-supereffective|p2a: Geometrics
|-damage|p2a: Geometrics|0 fnt
|faint|p2a: Geometrics
|
|upkeep
|inactive|Battle timer is ON: inactive players will automatically lose when time's up. (requested by pokemon hot guy 97)
|
|t:|1769326560
|switch|p2a: Beaulo|Ceruledge, F, shiny|100/100
|turn|4
|
|t:|1769326570
|move|p1a: Iron Valiant|Psycho Cut|p2a: Beaulo
|-damage|p2a: Beaulo|65/100
|-ability|p2a: Beaulo|Weak Armor|boost
|-unboost|p2a: Beaulo|def|1
|-boost|p2a: Beaulo|spe|2
|move|p2a: Beaulo|Swords Dance|p2a: Beaulo
|-boost|p2a: Beaulo|atk|2
|
|upkeep
|turn|5
|
|t:|1769326587
|move|p2a: Beaulo|Bitter Blade|p1a: Iron Valiant
|-damage|p1a: Iron Valiant|0 fnt
|-heal|p2a: Beaulo|100/100|[from] drain|[of] p1a: Iron Valiant
|faint|p1a: Iron Valiant
|-end|p1a: Iron Valiant|Quark Drive|[silent]
|
|upkeep
|
|t:|1769326593
|switch|p1a: Ogerpon|Ogerpon-Wellspring, F|100/100
|turn|6
|
|t:|1769326603
|switch|p2a: Achieved|Breloom, F|100/100
|-terastallize|p1a: Ogerpon|Water
|detailschange|p1a: Ogerpon|Ogerpon-Wellspring-Tera, F, tera:Water
|-ability|p1a: Ogerpon|Embody Aspect (Wellspring)|boost
|-boost|p1a: Ogerpon|spd|1
|move|p1a: Ogerpon|Ivy Cudgel|p2a: Achieved|[anim] Ivy Cudgel Water
|-resisted|p2a: Achieved
|-damage|p2a: Achieved|59/100
|
|-status|p2a: Achieved|tox|[from] item: Toxic Orb
|upkeep
|turn|7
|
|t:|1769326615
|move|p2a: Achieved|Protect|p2a: Achieved
|-singleturn|p2a: Achieved|Protect
|move|p1a: Ogerpon|Leech Seed|p2a: Achieved
|-activate|p2a: Achieved|move: Protect
|
|-heal|p2a: Achieved|72/100 tox|[from] ability: Poison Heal
|upkeep
|turn|8
|
|t:|1769326623
|move|p1a: Ogerpon|U-turn|p2a: Achieved
|-damage|p2a: Achieved|44/100 tox
|
|t:|1769326626
|switch|p1a: Zapdos|Zapdos|100/100|[from] U-turn
|move|p2a: Achieved|Seed Bomb|p1a: Zapdos
|-resisted|p1a: Zapdos
|-damage|p1a: Zapdos|79/100
|
|-heal|p1a: Zapdos|86/100|[from] item: Leftovers
|-heal|p2a: Achieved|56/100 tox|[from] ability: Poison Heal
|upkeep
|turn|9
|
|t:|1769326640
|move|p2a: Achieved|Protect|p2a: Achieved
|-singleturn|p2a: Achieved|Protect
|move|p1a: Zapdos|Hurricane|p2a: Achieved
|-activate|p2a: Achieved|move: Protect
|
|-heal|p1a: Zapdos|92/100|[from] item: Leftovers
|-heal|p2a: Achieved|69/100 tox|[from] ability: Poison Heal
|upkeep
|turn|10
|
|t:|1769326659
|move|p1a: Zapdos|Agility|p1a: Zapdos
|-boost|p1a: Zapdos|spe|2
|move|p2a: Achieved|Facade|p1a: Zapdos
|-damage|p1a: Zapdos|43/100
|
|-heal|p1a: Zapdos|49/100|[from] item: Leftovers
|-heal|p2a: Achieved|81/100 tox|[from] ability: Poison Heal
|upkeep
|turn|11
|
|t:|1769326668
|move|p2a: Achieved|Protect|p2a: Achieved
|-singleturn|p2a: Achieved|Protect
|move|p1a: Zapdos|Hurricane|p2a: Achieved
|-activate|p2a: Achieved|move: Protect
|
|-heal|p1a: Zapdos|55/100|[from] item: Leftovers
|-heal|p2a: Achieved|94/100 tox|[from] ability: Poison Heal
|upkeep
|turn|12
|
|t:|1769326676
|move|p1a: Zapdos|Roost|p1a: Zapdos
|-heal|p1a: Zapdos|100/100
|-singleturn|p1a: Zapdos|move: Roost
|move|p2a: Achieved|Facade|p1a: Zapdos
|-damage|p1a: Zapdos|53/100
|
|-heal|p1a: Zapdos|59/100|[from] item: Leftovers
|-heal|p2a: Achieved|100/100 tox|[from] ability: Poison Heal
|upkeep
|turn|13
|
|t:|1769326699
|move|p1a: Zapdos|Roost|p1a: Zapdos
|-heal|p1a: Zapdos|100/100
|-singleturn|p1a: Zapdos|move: Roost
|move|p2a: Achieved|Bulk Up|p2a: Achieved
|-boost|p2a: Achieved|atk|1
|-boost|p2a: Achieved|def|1
|
|upkeep
|turn|14
|
|t:|1769326715
|move|p1a: Zapdos|Agility|p1a: Zapdos
|-boost|p1a: Zapdos|spe|2
|move|p2a: Achieved|Facade|p1a: Zapdos
|-damage|p1a: Zapdos|25/100
|
|-heal|p1a: Zapdos|31/100|[from] item: Leftovers
|upkeep
|turn|15
|
|t:|1769326724
|move|p1a: Zapdos|Roost|p1a: Zapdos
|-heal|p1a: Zapdos|81/100
|-singleturn|p1a: Zapdos|move: Roost
|move|p2a: Achieved|Facade|p1a: Zapdos
|-damage|p1a: Zapdos|9/100
|
|-heal|p1a: Zapdos|16/100|[from] item: Leftovers
|upkeep
|turn|16
|
|t:|1769326736
|move|p2a: Achieved|Protect|p2a: Achieved
|-singleturn|p2a: Achieved|Protect
|move|p1a: Zapdos|Hurricane|p2a: Achieved
|-activate|p2a: Achieved|move: Protect
|
|-heal|p1a: Zapdos|22/100|[from] item: Leftovers
|upkeep
|turn|17
|
|t:|1769326748
|switch|p1a: Rotom|Rotom-Frost|100/100
|move|p2a: Achieved|Facade|p1a: Rotom
|-damage|p1a: Rotom|19/100
|
|upkeep
|turn|18
|
|t:|1769326757
|move|p2a: Achieved|Protect|p2a: Achieved
|-singleturn|p2a: Achieved|Protect
|move|p1a: Rotom|Will-O-Wisp|p2a: Achieved
|-activate|p2a: Achieved|move: Protect
|
|upkeep
|turn|19
|
|t:|1769326763
|move|p1a: Rotom|Will-O-Wisp||[still]
|-fail|p1a: Rotom
|move|p2a: Achieved|Facade|p1a: Rotom
|-damage|p1a: Rotom|0 fnt
|faint|p1a: Rotom
|
|upkeep
|
|t:|1769326770
|switch|p1a: Ogerpon|Ogerpon-Wellspring-Tera, F, tera:Water|100/100
|-ability|p1a: Ogerpon|Embody Aspect (Wellspring)|boost
|-boost|p1a: Ogerpon|spd|1
|turn|20
|
|t:|1769326775
|move|p1a: Ogerpon|U-turn|p2a: Achieved
|-damage|p2a: Achieved|84/100 tox
|
|t:|1769326779
|switch|p1a: Garganacl|Garganacl, M|100/100|[from] U-turn
|move|p2a: Achieved|Seed Bomb|p1a: Garganacl
|-supereffective|p1a: Garganacl
|-damage|p1a: Garganacl|14/100
|
|-heal|p2a: Achieved|96/100 tox|[from] ability: Poison Heal
|upkeep
|turn|21
|
|t:|1769326787
|move|p2a: Achieved|Seed Bomb|p1a: Garganacl
|-supereffective|p1a: Garganacl
|-damage|p1a: Garganacl|0 fnt
|faint|p1a: Garganacl
|
|-heal|p2a: Achieved|100/100 tox|[from] ability: Poison Heal
|upkeep
|
|t:|1769326795
|switch|p1a: Ogerpon|Ogerpon-Wellspring-Tera, F, tera:Water|100/100
|-ability|p1a: Ogerpon|Embody Aspect (Wellspring)|boost
|-boost|p1a: Ogerpon|spd|1
|turn|22
|
|t:|1769326800
|move|p2a: Achieved|Protect|p2a: Achieved
|-singleturn|p2a: Achieved|Protect
|move|p1a: Ogerpon|Facade|p2a: Achieved
|-activate|p2a: Achieved|move: Protect
|
|upkeep
|turn|23
|
|t:|1769326807
|move|p1a: Ogerpon|Leech Seed|p2a: Achieved
|-immune|p2a: Achieved
|move|p2a: Achieved|Facade|p1a: Ogerpon
|-damage|p1a: Ogerpon|12/100
|
|upkeep
|turn|24
|-message|pokemon hot guy 97 forfeited.
|
|win|R2ECM
|raw|pokemon hot guy 97's rating: 1067 &rarr; <strong>1048</strong><br />(-19 for losing)
|raw|R2ECM's rating: 1088 &rarr; <strong>1113</strong><br />(+25 for winning)
|l|☆pokemon hot guy 97
|player|p1|
|l|☆R2ECM
|player|p2|
