|j|☆THEREAL0G
|j|☆ikun ngm
|t:|1769444009
|gametype|singles
|player|p1|THEREAL0G|266|1388
|player|p2|ikun ngm|swimmer-gen4|1342
|gen|9
|tier|[Gen 9] OU
|rated|
|rule|HP Percentage Mod: HP is shown in percentages
|rule|Endless Battle Clause: Forcing endless battles is banned
|rule|Species Clause: Limit one of each Pokémon
|rule|OHKO Clause: OHKO moves are banned
|rule|Evasion Items Clause: Evasion items are banned
|rule|Evasion Moves Clause: Evasion moves are banned
|rule|Evasion Abilities Clause: Evasion abilities are banned
|rule|Sleep Moves Clause: Sleep-inducing moves are banned
|clearpoke
|poke|p1|Dragonite, M|
|poke|p1|Samurott-Hisui, M|
|poke|p1|Clefable, M|
|poke|p1|Gliscor, F|
|poke|p1|Gholdengo|
|poke|p1|Zamazenta-*|
|poke|p2|Alomomola, M|
|poke|p2|Thundurus-Therian, M|
|poke|p2|Blaziken, M|
|poke|p2|Slowking-Galar, M|
|poke|p2|Dragonite, M|
|poke|p2|Kricketune, F|
|teampreview
|inactive|Battle timer is ON: inactive players will automatically lose when time's up. (requested by THEREAL0G)
|
|t:|1769444022
|teamsize|p1|6
|teamsize|p2|6
|start
|switch|p1a: Samurott|Samurott-Hisui, M|100/100
|switch|p2a: 音箱蟀侠！|Kricketune, F|100/100
|turn|1
|
|t:|1769444038
|switch|p1a: Gliscor|Gliscor, F|100/100
|move|p2a: 音箱蟀侠！|Trailblaze|p1a: Gliscor
|-crit|p1a: Gliscor
|-damage|p1a: Gliscor|77/100
|-boost|p2a: 音箱蟀侠！|spe|1
|
|-status|p1a: Gliscor|tox|[from] item: Toxic Orb
|upkeep
|turn|2
|
|t:|1769444048
|move|p2a: 音箱蟀侠！|Sticky Web|p1a: Gliscor
|-sidestart|p1: THEREAL0G|move: Sticky Web
|move|p1a: Gliscor|Swords Dance|p1a: Gliscor
|-boost|p1a: Gliscor|atk|2
|
|-heal|p1a: Gliscor|90/100 tox|[from] ability: Poison Heal
|upkeep
|turn|3
|inactive|THEREAL0G has 120 seconds left.
|
|t:|1769444102
|-terastallize|p1a: Gliscor|Normal
|move|p2a: 音箱蟀侠！|Taunt|p1a: Gliscor
|-start|p1a: Gliscor|move: Taunt
|move|p1a: Gliscor|Facade|p2a: 音箱蟀侠！
|-enditem|p2a: 音箱蟀侠！|Focus Sash
|-damage|p2a: 音箱蟀侠！|1/100
|
|-heal|p1a: Gliscor|100/100 tox|[from] ability: Poison Heal
|upkeep
|turn|4
|
|t:|1769444124
|move|p2a: 音箱蟀侠！|Pounce|p1a: Gliscor
|-damage|p1a: Gliscor|76/100 tox
|-unboost|p1a: Gliscor|spe|1
|move|p1a: Gliscor|Knock Off|p2a: 音箱蟀侠！
|-crit|p2a: 音箱蟀侠！
|-damage|p2a: 音箱蟀侠！|0 fnt
|faint|p2a: 音箱蟀侠！
|
|-heal|p1a: Gliscor|88/100 tox|[from] ability: Poison Heal
|upkeep
|
|t:|1769444131
|switch|p2a: 叮咚鸡！|Blaziken, M|100/100
|turn|5
|
|t:|1769444147
|move|p2a: 叮咚鸡！|Close Combat|p1a: Gliscor
|-supereffective|p1a: Gliscor
|-damage|p1a: Gliscor|0 fnt
|-unboost|p2a: 叮咚鸡！|def|1
|-unboost|p2a: 叮咚鸡！|spd|1
|faint|p1a: Gliscor
|
|-ability|p2a: 叮咚鸡！|Speed Boost|boost
|-boost|p2a: 叮咚鸡！|spe|1
|upkeep
|inactive|THEREAL0G has 90 seconds left.
|
|t:|1769444164
|switch|p1a: Dragonite|Dragonite, M|100/100
|turn|6
|inactive|THEREAL0G has 90 seconds left.
|
|t:|1769444184
|switch|p2a: 曼波！|Alomomola, M|100/100
|move|p1a: Dragonite|Dragon Dance|p1a: Dragonite
|-boost|p1a: Dragonite|atk|1
|-boost|p1a: Dragonite|spe|1
|
|upkeep
|turn|7
|
|t:|1769444192
|move|p1a: Dragonite|Dragon Dance|p1a: Dragonite
|-boost|p1a: Dragonite|atk|1
|-boost|p1a: Dragonite|spe|1
|move|p2a: 曼波！|Alluring Voice|p1a: Dragonite
|-supereffective|p1a: Dragonite
|-damage|p1a: Dragonite|92/100
|-start|p1a: Dragonite|confusion
|
|upkeep
|turn|8
|
|t:|1769444203
|-activate|p1a: Dragonite|confusion
|-damage|p1a: Dragonite|58/100|[from] confusion
|move|p2a: 曼波！|Alluring Voice|p1a: Dragonite
|-supereffective|p1a: Dragonite
|-damage|p1a: Dragonite|39/100
|
|upkeep
|turn|9
|
|t:|1769444208
|-end|p1a: Dragonite|confusion
|move|p1a: Dragonite|Roost|p1a: Dragonite
|-heal|p1a: Dragonite|89/100
|-singleturn|p1a: Dragonite|move: Roost
|move|p2a: 曼波！|Alluring Voice|p1a: Dragonite
|-supereffective|p1a: Dragonite
|-damage|p1a: Dragonite|71/100
|
|upkeep
|turn|10
|
|t:|1769444218
|move|p1a: Dragonite|Earthquake|p2a: 曼波！
|-damage|p2a: 曼波！|51/100
|move|p2a: 曼波！|Alluring Voice|p1a: Dragonite
|-supereffective|p1a: Dragonite
|-damage|p1a: Dragonite|51/100
|
|upkeep
|turn|11
|
|t:|1769444228
|move|p1a: Dragonite|Roost|p1a: Dragonite
|-heal|p1a: Dragonite|100/100
|-singleturn|p1a: Dragonite|move: Roost
|move|p2a: 曼波！|Wish|p2a: 曼波！
|
|upkeep
|turn|12
|
|t:|1769444236
|move|p1a: Dragonite|Earthquake|p2a: 曼波！
|-damage|p2a: 曼波！|5/100
|move|p2a: 曼波！|Alluring Voice|p1a: Dragonite
|-supereffective|p1a: Dragonite
|-damage|p1a: Dragonite|91/100
|
|-heal|p2a: 曼波！|55/100|[from] move: Wish|[wisher] 曼波！
|upkeep
|turn|13
|inactive|THEREAL0G has 120 seconds left.
|
|t:|1769444245
|move|p1a: Dragonite|Dragon Dance|p1a: Dragonite
|-boost|p1a: Dragonite|atk|1
|-boost|p1a: Dragonite|spe|1
|move|p2a: 曼波！|Alluring Voice|p1a: Dragonite
|-supereffective|p1a: Dragonite
|-damage|p1a: Dragonite|73/100
|-start|p1a: Dragonite|confusion
|
|upkeep
|turn|14
|
|t:|1769444252
|-activate|p1a: Dragonite|confusion
|-damage|p1a: Dragonite|35/100|[from] confusion
|move|p2a: 曼波！|Flip Turn|p1a: Dragonite
|-resisted|p1a: Dragonite
|-crit|p1a: Dragonite
|-damage|p1a: Dragonite|21/100
|
|t:|1769444256
|switch|p2a: 奶龙！|Dragonite, M|100/100|[from] Flip Turn
|
|upkeep
|turn|15
|
|t:|1769444266
|-terastallize|p2a: 奶龙！|Flying
|-end|p1a: Dragonite|confusion
|move|p1a: Dragonite|Extreme Speed|p2a: 奶龙！
|-damage|p2a: 奶龙！|56/100
|move|p2a: 奶龙！|Tera Blast|p1a: Dragonite|[anim] Tera Blast Flying
|-damage|p1a: Dragonite|0 fnt
|faint|p1a: Dragonite
|
|upkeep
|inactive|THEREAL0G has 120 seconds left.
|
|t:|1769444286
|switch|p1a: Samurott|Samurott-Hisui, M|100/100
|-activate|p1a: Samurott|move: Sticky Web
|-unboost|p1a: Samurott|spe|1
|turn|16
|
|t:|1769444291
|switch|p2a: 曼波！|Alomomola, M|89/100
|move|p1a: Samurott|Ceaseless Edge|p2a: 曼波！
|-damage|p2a: 曼波！|59/100
|-damage|p1a: Samurott|84/100|[from] item: Rocky Helmet|[of] p2a: 曼波！
|-sidestart|p2: ikun ngm|Spikes
|
|upkeep
|turn|17
|
|t:|1769444299
|move|p1a: Samurott|Ceaseless Edge|p2a: 曼波！
|-damage|p2a: 曼波！|30/100
|-damage|p1a: Samurott|68/100|[from] item: Rocky Helmet|[of] p2a: 曼波！
|-sidestart|p2: ikun ngm|Spikes
|move|p2a: 曼波！|Wish|p2a: 曼波！
|
|upkeep
|turn|18
|
|t:|1769444310
|switch|p1a: Clefable|Clefable, M|100/100
|-activate|p1a: Clefable|move: Sticky Web
|-unboost|p1a: Clefable|spe|1
|move|p2a: 曼波！|Flip Turn|p1a: Clefable
|-damage|p1a: Clefable|88/100
|-damage|p2a: 曼波！|14/100|[from] item: Rocky Helmet|[of] p1a: Clefable
|
|t:|1769444315
|switch|p2a: 奶龙！|Dragonite, M, tera:Flying|56/100|[from] Flip Turn
|
|-heal|p2a: 奶龙！|100/100|[from] move: Wish|[wisher] 曼波！
|upkeep
|turn|19
|
|t:|1769444329
|move|p2a: 奶龙！|Tera Blast|p1a: Clefable|[anim] Tera Blast Flying
|-damage|p1a: Clefable|47/100
|move|p1a: Clefable|Stealth Rock|p2a: 奶龙！
|-sidestart|p2: ikun ngm|move: Stealth Rock
|
|upkeep
|turn|20
|
|t:|1769444336
|move|p2a: 奶龙！|Encore|p1a: Clefable
|-start|p1a: Clefable|Encore
|move|p1a: Clefable|Stealth Rock||[still]
|-fail|p1a: Clefable
|
|upkeep
|turn|21
|
|t:|1769444345
|switch|p1a: Samurott|Samurott-Hisui, M|68/100
|-activate|p1a: Samurott|move: Sticky Web
|-unboost|p1a: Samurott|spe|1
|move|p2a: 奶龙！|Dragon Dance|p2a: 奶龙！
|-boost|p2a: 奶龙！|atk|1
|-boost|p2a: 奶龙！|spe|1
|
|upkeep
|turn|22
|
|t:|1769444354
|move|p2a: 奶龙！|Tera Blast|p1a: Samurott|[anim] Tera Blast Flying
|-damage|p1a: Samurott|0 fnt
|faint|p1a: Samurott
|
|upkeep
|
|t:|1769444377
|switch|p1a: Gholdengo|Gholdengo|100/100
|-activate|p1a: Gholdengo|move: Sticky Web
|-unboost|p1a: Gholdengo|spe|1
|turn|23
|
|t:|1769444382
|move|p2a: 奶龙！|Earthquake|p1a: Gholdengo
|-supereffective|p1a: Gholdengo
|-damage|p1a: Gholdengo|0 fnt
|faint|p1a: Gholdengo
|
|upkeep
|
|t:|1769444385
|switch|p1a: Zamazenta|Zamazenta|100/100
|-activate|p1a: Zamazenta|move: Sticky Web
|-unboost|p1a: Zamazenta|spe|1
|-ability|p1a: Zamazenta|Dauntless Shield|boost
|-boost|p1a: Zamazenta|def|1
|turn|24
|
|t:|1769444390
|move|p2a: 奶龙！|Tera Blast|p1a: Zamazenta|[anim] Tera Blast Flying
|-supereffective|p1a: Zamazenta
|-damage|p1a: Zamazenta|0 fnt
|faint|p1a: Zamazenta
|
|upkeep
|
|t:|1769444394
|switch|p1a: Clefable|Clefable, M|47/100
|-activate|p1a: Clefable|move: Sticky Web
|-unboost|p1a: Clefable|spe|1
|turn|25
|
|t:|1769444397
|move|p2a: 奶龙！|Tera Blast|p1a: Clefable|[anim] Tera Blast Flying
|-damage|p1a: Clefable|0 fnt
|faint|p1a: Clefable
|
|win|ikun ngm
|raw|THEREAL0G's rating: 1388 &rarr; <strong>1365</strong><br />(-23 for losing)
|raw|ikun ngm's rating: 1342 &rarr; <strong>1365</strong><br />(+23 for winning)
|l|☆THEREAL0G
|player|p1|
|l|☆ikun ngm
|player|p2|
