|j|☆frmojifrmoji
|j|☆Alerjake
|t:|1769313705
|gametype|singles
|player|p1|frmojifrmoji|klara|1533
|player|p2|Alerjake|1|1511
|gen|9
|tier|[Gen 9] OU
|rated|
|rule|HP Percentage Mod: HP is shown in percentages
|rule|Endless Battle Clause: Forcing endless battles is banned
|rule|Species Clause: Limit one of each Pokémon
|rule|OHKO Clause: OHKO moves are banned
|rule|Evasion Items Clause: Evasion items are banned
|rule|Evasion Moves Clause: Evasion moves are banned
|rule|Evasion Abilities Clause: Evasion abilities are banned
|rule|Sleep Moves Clause: Sleep-inducing moves are banned
|clearpoke
|poke|p1|Thundurus-Therian, M|
|poke|p1|Meowscarada, M|
|poke|p1|Hatterene, F|
|poke|p1|Great Tusk|
|poke|p1|Toxapex, F|
|poke|p1|Slither Wing|
|poke|p2|Ceruledge, F|
|poke|p2|Ninetales-Alola, F|
|poke|p2|Raging Bolt|
|poke|p2|Iron Crown|
|poke|p2|Hydreigon, M|
|poke|p2|Iron Treads|
|teampreview
|inactive|Battle timer is ON: inactive players will automatically lose when time's up. (requested by Alerjake)
|j| FGClown
|
|t:|1769313731
|teamsize|p1|6
|teamsize|p2|6
|start
|switch|p1a: Toxapex|Toxapex, F|100/100
|switch|p2a: Ninetales|Ninetales-Alola, F|100/100
|-weather|Snowscape|[from] ability: Snow Warning|[of] p2a: Ninetales
|turn|1
|
|t:|1769313737
|move|p2a: Ninetales|Aurora Veil|p2a: Ninetales
|-sidestart|p2: Alerjake|move: Aurora Veil
|move|p1a: Toxapex|Infestation|p2a: Ninetales
|-resisted|p2a: Ninetales
|-damage|p2a: Ninetales|99/100
|-activate|p2a: Ninetales|move: Infestation|[of] p1a: Toxapex
|
|-weather|Snowscape|[upkeep]
|-damage|p2a: Ninetales|87/100|[from] move: Infestation|[partiallytrapped]
|upkeep
|turn|2
|
|t:|1769313741
|move|p2a: Ninetales|Encore|p1a: Toxapex
|-start|p1a: Toxapex|Encore
|move|p1a: Toxapex|Infestation|p2a: Ninetales
|-resisted|p2a: Ninetales
|-damage|p2a: Ninetales|86/100
|
|-weather|Snowscape|[upkeep]
|-damage|p2a: Ninetales|74/100|[from] move: Infestation|[partiallytrapped]
|upkeep
|turn|3
|
|t:|1769313743
|move|p2a: Ninetales|Freeze-Dry|p1a: Toxapex
|-supereffective|p1a: Toxapex
|-damage|p1a: Toxapex|77/100
|move|p1a: Toxapex|Infestation|p2a: Ninetales
|-resisted|p2a: Ninetales
|-damage|p2a: Ninetales|73/100
|
|-weather|Snowscape|[upkeep]
|-damage|p2a: Ninetales|60/100|[from] move: Infestation|[partiallytrapped]
|upkeep
|turn|4
|
|t:|1769313746
|move|p2a: Ninetales|Freeze-Dry|p1a: Toxapex
|-supereffective|p1a: Toxapex
|-damage|p1a: Toxapex|51/100
|move|p1a: Toxapex|Infestation|p2a: Ninetales
|-resisted|p2a: Ninetales
|-damage|p2a: Ninetales|59/100
|
|-weather|Snowscape|[upkeep]
|-damage|p2a: Ninetales|47/100|[from] move: Infestation|[partiallytrapped]
|-end|p1a: Toxapex|Encore
|upkeep
|turn|5
|
|t:|1769313751
|move|p2a: Ninetales|Encore|p1a: Toxapex
|-start|p1a: Toxapex|Encore
|move|p1a: Toxapex|Infestation|p2a: Ninetales
|-resisted|p2a: Ninetales
|-damage|p2a: Ninetales|46/100
|
|-weather|none
|-end|p2a: Ninetales|Infestation|[partiallytrapped]
|upkeep
|turn|6
|
|t:|1769313760
|switch|p2a: Raging Bolt|Raging Bolt|100/100
|-enditem|p2a: Raging Bolt|Booster Energy
|-activate|p2a: Raging Bolt|ability: Protosynthesis|[fromitem]
|-start|p2a: Raging Bolt|protosynthesisspa
|switch|p1a: Slither Wing|Slither Wing|100/100
|
|upkeep
|turn|7
|
|t:|1769313768
|move|p1a: Slither Wing|Earthquake|p2a: Raging Bolt
|-supereffective|p2a: Raging Bolt
|-damage|p2a: Raging Bolt|66/100
|move|p2a: Raging Bolt|Thunderbolt|p1a: Slither Wing
|-damage|p1a: Slither Wing|54/100
|
|upkeep
|turn|8
|
|t:|1769313780
|move|p2a: Raging Bolt|Thunderclap|p1a: Slither Wing
|-crit|p1a: Slither Wing
|-damage|p1a: Slither Wing|0 fnt
|faint|p1a: Slither Wing
|-end|p1a: Slither Wing|Protosynthesis|[silent]
|
|-sideend|p2: Alerjake|move: Aurora Veil
|upkeep
|c|☆frmojifrmoji|so lucky lol
|
|t:|1769313793
|switch|p1a: Great Tusk|Great Tusk|100/100
|turn|9
|
|t:|1769313798
|-end|p2a: Raging Bolt|Protosynthesis|[silent]
|switch|p2a: Hydreigon|Hydreigon, M|100/100
|move|p1a: Great Tusk|Stealth Rock|p2a: Hydreigon
|-sidestart|p2: Alerjake|move: Stealth Rock
|
|upkeep
|turn|10
|
|t:|1769313804
|move|p2a: Hydreigon|Dragon Pulse|p1a: Great Tusk
|-damage|p1a: Great Tusk|42/100
|move|p1a: Great Tusk|Ice Spinner|p2a: Hydreigon
|-supereffective|p2a: Hydreigon
|-damage|p2a: Hydreigon|42/100
|
|-heal|p2a: Hydreigon|48/100|[from] item: Leftovers
|upkeep
|turn|11
|
|t:|1769313818
|-end|p1a: Great Tusk|Protosynthesis|[silent]
|switch|p1a: Toxapex|Toxapex, F|84/100
|move|p2a: Hydreigon|Flash Cannon|p1a: Toxapex
|-resisted|p1a: Toxapex
|-damage|p1a: Toxapex|76/100
|
|-heal|p2a: Hydreigon|54/100|[from] item: Leftovers
|upkeep
|turn|12
|
|t:|1769313826
|-terastallize|p2a: Hydreigon|Steel
|move|p2a: Hydreigon|Substitute|p2a: Hydreigon
|-start|p2a: Hydreigon|Substitute
|-damage|p2a: Hydreigon|29/100
|move|p1a: Toxapex|Ice Beam|p2a: Hydreigon
|-resisted|p2a: Hydreigon
|-activate|p2a: Hydreigon|move: Substitute|[damage]
|
|-heal|p2a: Hydreigon|36/100|[from] item: Leftovers
|upkeep
|turn|13
|
|t:|1769313832
|move|p2a: Hydreigon|Nasty Plot|p2a: Hydreigon
|-boost|p2a: Hydreigon|spa|2
|move|p1a: Toxapex|Surf|p2a: Hydreigon
|-end|p2a: Hydreigon|Substitute
|
|-heal|p2a: Hydreigon|42/100|[from] item: Leftovers
|upkeep
|turn|14
|
|t:|1769313842
|move|p2a: Hydreigon|Dragon Pulse|p1a: Toxapex
|-damage|p1a: Toxapex|27/100
|move|p1a: Toxapex|Surf|p2a: Hydreigon
|-damage|p2a: Hydreigon|11/100
|
|-heal|p2a: Hydreigon|17/100|[from] item: Leftovers
|upkeep
|turn|15
|
|t:|1769313849
|-terastallize|p1a: Toxapex|Fairy
|move|p2a: Hydreigon|Dragon Pulse|p1a: Toxapex
|-immune|p1a: Toxapex
|move|p1a: Toxapex|Surf|p2a: Hydreigon
|-damage|p2a: Hydreigon|0 fnt
|faint|p2a: Hydreigon
|
|upkeep
|
|t:|1769313852
|switch|p2a: Ninetales|Ninetales-Alola, F|46/100
|-damage|p2a: Ninetales|21/100|[from] Stealth Rock
|-weather|Snowscape|[from] ability: Snow Warning|[of] p2a: Ninetales
|turn|16
|
|t:|1769313856
|move|p2a: Ninetales|Aurora Veil|p2a: Ninetales
|-sidestart|p2: Alerjake|move: Aurora Veil
|move|p1a: Toxapex|Sludge Bomb|p2a: Ninetales
|-supereffective|p2a: Ninetales
|-damage|p2a: Ninetales|0 fnt
|faint|p2a: Ninetales
|
|-weather|Snowscape|[upkeep]
|upkeep
|
|t:|1769313863
|switch|p2a: Iron Crown|Iron Crown|100/100
|-damage|p2a: Iron Crown|94/100|[from] Stealth Rock
|-enditem|p2a: Iron Crown|Booster Energy
|-activate|p2a: Iron Crown|ability: Quark Drive|[fromitem]
|-start|p2a: Iron Crown|quarkdrivespe
|turn|17
|
|t:|1769313869
|switch|p1a: Great Tusk|Great Tusk|42/100
|move|p2a: Iron Crown|Tachyon Cutter|p1a: Great Tusk
|-damage|p1a: Great Tusk|13/100
|-damage|p1a: Great Tusk|0 fnt
|faint|p1a: Great Tusk
|-end|p1a: Great Tusk|Protosynthesis|[silent]
|-hitcount|p1: Great Tusk|2
|
|-weather|Snowscape|[upkeep]
|upkeep
|
|t:|1769313882
|switch|p1a: Meowscarada|Meowscarada, M|100/100
|turn|18
|
|t:|1769313888
|move|p1a: Meowscarada|U-turn|p2a: Iron Crown
|-start|p1a: Meowscarada|typechange|Bug|[from] ability: Protean
|-damage|p2a: Iron Crown|79/100
|
|t:|1769313903
|switch|p1a: Hatterene|Hatterene, F|100/100|[from] U-turn
|move|p2a: Iron Crown|Psyshock|p1a: Hatterene
|-resisted|p1a: Hatterene
|-damage|p1a: Hatterene|84/100
|
|-weather|Snowscape|[upkeep]
|-heal|p1a: Hatterene|90/100|[from] item: Leftovers
|upkeep
|turn|19
|
|t:|1769313920
|switch|p1a: Thundurus|Thundurus-Therian, M|100/100
|move|p2a: Iron Crown|Calm Mind|p2a: Iron Crown
|-boost|p2a: Iron Crown|spa|1
|-boost|p2a: Iron Crown|spd|1
|
|-weather|Snowscape|[upkeep]
|upkeep
|turn|20
|
|t:|1769313939
|move|p2a: Iron Crown|Psyshock|p1a: Thundurus
|-damage|p1a: Thundurus|16/100
|move|p1a: Thundurus|U-turn|p2a: Iron Crown
|-damage|p2a: Iron Crown|71/100
|
|t:|1769313950
|switch|p1a: Meowscarada|Meowscarada, M|100/100|[from] U-turn
|
|-weather|none
|upkeep
|turn|21
|
|t:|1769313959
|move|p1a: Meowscarada|Knock Off|p2a: Iron Crown
|-start|p1a: Meowscarada|typechange|Dark|[from] ability: Protean
|-supereffective|p2a: Iron Crown
|-damage|p2a: Iron Crown|43/100
|move|p2a: Iron Crown|Tachyon Cutter|p1a: Meowscarada
|-damage|p1a: Meowscarada|46/100
|-damage|p1a: Meowscarada|0 fnt
|faint|p1a: Meowscarada
|-hitcount|p1: Meowscarada|2
|
|upkeep
|-message|frmojifrmoji forfeited.
|
|win|Alerjake
|raw|frmojifrmoji's rating: 1533 &rarr; <strong>1512</strong><br />(-21 for losing)
|raw|Alerjake's rating: 1511 &rarr; <strong>1532</strong><br />(+21 for winning)
