|j|☆RONSOL
|j|☆ikun ngm
|t:|1769341591
|gametype|singles
|player|p1|RONSOL|266|1291
|player|p2|ikun ngm|swimmer-gen4|1253
|gen|9
|tier|[Gen 9] OU
|rated|
|rule|HP Percentage Mod: HP is shown in percentages
|rule|Endless Battle Clause: Forcing endless battles is banned
|rule|Species Clause: Limit one of each Pokémon
|rule|OHKO Clause: OHKO moves are banned
|rule|Evasion Items Clause: Evasion items are banned
|rule|Evasion Moves Clause: Evasion moves are banned
|rule|Evasion Abilities Clause: Evasion abilities are banned
|rule|Sleep Moves Clause: Sleep-inducing moves are banned
|clearpoke
|poke|p1|Iron Hands|
|poke|p1|Glimmora, M|
|poke|p1|Landorus-Therian, M|
|poke|p1|Dragapult, F|
|poke|p1|Primarina, M|
|poke|p1|Kingambit, F|
|poke|p2|Staraptor, M|
|poke|p2|Araquanid, M|
|poke|p2|Gholdengo|
|poke|p2|Zapdos-Galar|
|poke|p2|Articuno-Galar|
|poke|p2|Gliscor, F|
|teampreview
|
|t:|1769341603
|teamsize|p1|6
|teamsize|p2|6
|start
|switch|p1a: Primarina|Primarina, M|100/100
|switch|p2a: Araquanid|Araquanid, M|100/100
|turn|1
|
|t:|1769341612
|move|p1a: Primarina|Moonblast|p2a: Araquanid
|-damage|p2a: Araquanid|62/100
|move|p2a: Araquanid|Sticky Web|p1a: Primarina
|-sidestart|p1: RONSOL|move: Sticky Web
|
|upkeep
|turn|2
|
|t:|1769341622
|move|p1a: Primarina|Moonblast|p2a: Araquanid
|-damage|p2a: Araquanid|24/100
|-unboost|p2a: Araquanid|spa|1
|move|p2a: Araquanid|Endeavor|p1a: Primarina
|-damage|p1a: Primarina|23/100
|
|upkeep
|turn|3
|
|t:|1769341635
|switch|p2a: Gholdengo|Gholdengo|100/100
|move|p1a: Primarina|Moonblast|p2a: Gholdengo
|-resisted|p2a: Gholdengo
|-damage|p2a: Gholdengo|83/100
|-enditem|p2a: Gholdengo|Red Card|[of] p1a: Primarina
|drag|p1a: Dragapult|Dragapult, F|100/100
|-activate|p1a: Dragapult|move: Sticky Web
|-fail|p1a: Dragapult|unboost|[from] ability: Clear Body|[of] p1a: Dragapult
|
|upkeep
|turn|4
|
|t:|1769341653
|switch|p2a: Staraptor|Staraptor, M|100/100
|-terastallize|p1a: Dragapult|Ghost
|move|p1a: Dragapult|Tera Blast|p2a: Staraptor|[anim] Tera Blast Ghost
|-immune|p2a: Staraptor
|
|upkeep
|turn|5
|
|t:|1769341666
|switch|p1a: Glimmora|Glimmora, M|100/100
|-activate|p1a: Glimmora|move: Sticky Web
|-unboost|p1a: Glimmora|spe|1
|move|p2a: Staraptor|Brave Bird|p1a: Glimmora
|-resisted|p1a: Glimmora
|-damage|p1a: Glimmora|37/100
|-activate|p1a: Glimmora|ability: Toxic Debris
|-sidestart|p2: ikun ngm|move: Toxic Spikes
|-damage|p2a: Staraptor|80/100|[from] Recoil
|
|upkeep
|turn|6
|
|t:|1769341678
|move|p2a: Staraptor|Brave Bird|p1a: Glimmora
|-resisted|p1a: Glimmora
|-damage|p1a: Glimmora|0 fnt
|-activate|p1a: Glimmora|ability: Toxic Debris
|-sidestart|p2: ikun ngm|move: Toxic Spikes
|faint|p1a: Glimmora
|-damage|p2a: Staraptor|68/100|[from] Recoil
|
|upkeep
|
|t:|1769341685
|switch|p1a: Landorus|Landorus-Therian, M|100/100
|-ability|p1a: Landorus|Intimidate|boost
|-unboost|p2a: Staraptor|atk|1
|turn|7
|
|t:|1769341693
|move|p2a: Staraptor|Brave Bird|p1a: Landorus
|-damage|p1a: Landorus|29/100
|-damage|p2a: Staraptor|52/100|[from] item: Rocky Helmet|[of] p1a: Landorus
|-damage|p2a: Staraptor|23/100|[from] Recoil
|move|p1a: Landorus|U-turn|p2a: Staraptor
|-resisted|p2a: Staraptor
|-damage|p2a: Staraptor|10/100
|
|t:|1769341701
|switch|p1a: Dragapult|Dragapult, F, tera:Ghost|100/100|[from] U-turn
|-activate|p1a: Dragapult|move: Sticky Web
|-fail|p1a: Dragapult|unboost|[from] ability: Clear Body|[of] p1a: Dragapult
|
|upkeep
|turn|8
|
|t:|1769341709
|move|p1a: Dragapult|Dragon Darts|p2a: Staraptor
|-damage|p2a: Staraptor|0 fnt
|faint|p2a: Staraptor
|
|upkeep
|
|t:|1769341728
|switch|p2a: Zapdos|Zapdos-Galar|100/100
|turn|9
|
|t:|1769341732
|move|p1a: Dragapult|Dragon Darts|p2a: Zapdos
|-damage|p2a: Zapdos|57/100
|-anim|p1a: Dragapult|Dragon Darts|p2a: Zapdos
|-damage|p2a: Zapdos|13/100
|move|p2a: Zapdos|Knock Off|p1a: Dragapult
|-supereffective|p1a: Dragapult
|-crit|p1a: Dragapult
|-damage|p1a: Dragapult|0 fnt
|-enditem|p1a: Dragapult|Choice Band|[from] move: Knock Off|[of] p2a: Zapdos
|faint|p1a: Dragapult
|
|upkeep
|
|t:|1769341750
|switch|p1a: Kingambit|Kingambit, F|100/100
|-activate|p1a: Kingambit|move: Sticky Web
|-unboost|p1a: Kingambit|spe|1
|-activate|p1a: Kingambit|ability: Supreme Overlord
|-start|p1a: Kingambit|fallen2|[silent]
|turn|10
|
|t:|1769341755
|switch|p2a: Araquanid|Araquanid, M|24/100
|-status|p2a: Araquanid|tox
|move|p1a: Kingambit|Sucker Punch||[still]
|-fail|p1a: Kingambit
|
|-damage|p2a: Araquanid|18/100 tox|[from] psn
|upkeep
|turn|11
|-enditem|p2a: Araquanid|Custap Berry|[eat]
|-activate|p2a: Araquanid|item: Custap Berry|[consumed]
|
|t:|1769341766
|-end|p1a: Kingambit|fallen2|[silent]
|switch|p1a: Primarina|Primarina, M|23/100
|-activate|p1a: Primarina|move: Sticky Web
|-unboost|p1a: Primarina|spe|1
|move|p2a: Araquanid|Endeavor|p1a: Primarina
|-damage|p1a: Primarina|17/100
|
|-damage|p2a: Araquanid|6/100 tox|[from] psn
|upkeep
|turn|12
|
|t:|1769341778
|move|p1a: Primarina|Aqua Jet|p2a: Araquanid
|-resisted|p2a: Araquanid
|-damage|p2a: Araquanid|1/100 tox
|move|p2a: Araquanid|Liquidation|p1a: Primarina
|-resisted|p1a: Primarina
|-damage|p1a: Primarina|0 fnt
|faint|p1a: Primarina
|
|-damage|p2a: Araquanid|0 fnt|[from] psn
|faint|p2a: Araquanid
|upkeep
|
|t:|1769341790
|switch|p1a: Landorus|Landorus-Therian, M|29/100
|switch|p2a: Zapdos|Zapdos-Galar|13/100
|-ability|p1a: Landorus|Intimidate|boost
|-unboost|p2a: Zapdos|atk|1
|-ability|p2a: Zapdos|Defiant|boost
|-boost|p2a: Zapdos|atk|2
|turn|13
|
|t:|1769341802
|move|p2a: Zapdos|Brave Bird|p1a: Landorus
|-damage|p1a: Landorus|0 fnt
|-damage|p2a: Zapdos|0 fnt|[from] item: Rocky Helmet|[of] p1a: Landorus
|faint|p1a: Landorus
|faint|p2a: Zapdos
|
|upkeep
|
|t:|1769341810
|switch|p2a: Gliscor|Gliscor, F|100/100
|switch|p1a: Iron Hands|Iron Hands|100/100
|-activate|p1a: Iron Hands|move: Sticky Web
|-unboost|p1a: Iron Hands|spe|1
|-enditem|p1a: Iron Hands|Booster Energy
|-activate|p1a: Iron Hands|ability: Quark Drive|[fromitem]
|-start|p1a: Iron Hands|quarkdriveatk
|turn|14
|
|t:|1769341823
|move|p2a: Gliscor|Earthquake|p1a: Iron Hands
|-supereffective|p1a: Iron Hands
|-damage|p1a: Iron Hands|33/100
|move|p1a: Iron Hands|Ice Punch|p2a: Gliscor
|-supereffective|p2a: Gliscor
|-crit|p2a: Gliscor
|-damage|p2a: Gliscor|0 fnt
|faint|p2a: Gliscor
|
|upkeep
|
|t:|1769341830
|switch|p2a: Gholdengo|Gholdengo|83/100
|turn|15
|
|t:|1769341835
|move|p2a: Gholdengo|Shadow Ball|p1a: Iron Hands
|-damage|p1a: Iron Hands|5/100
|-unboost|p1a: Iron Hands|spd|1
|move|p1a: Iron Hands|Earthquake|p2a: Gholdengo
|-supereffective|p2a: Gholdengo
|-damage|p2a: Gholdengo|0 fnt
|faint|p2a: Gholdengo
|
|upkeep
|
|t:|1769341840
|switch|p2a: Articuno|Articuno-Galar|100/100
|turn|16
|
|t:|1769341845
|move|p2a: Articuno|Stored Power|p1a: Iron Hands
|-supereffective|p1a: Iron Hands
|-damage|p1a: Iron Hands|0 fnt
|faint|p1a: Iron Hands
|-end|p1a: Iron Hands|Quark Drive|[silent]
|
|upkeep
|
|t:|1769341850
|switch|p1a: Kingambit|Kingambit, F|100/100
|-activate|p1a: Kingambit|move: Sticky Web
|-unboost|p1a: Kingambit|spe|1
|-activate|p1a: Kingambit|ability: Supreme Overlord
|-start|p1a: Kingambit|fallen5|[silent]
|turn|17
|
|t:|1769341856
|-terastallize|p2a: Articuno|Fighting
|move|p1a: Kingambit|Sucker Punch|p2a: Articuno
|-resisted|p2a: Articuno
|-damage|p2a: Articuno|72/100
|move|p2a: Articuno|Tera Blast|p1a: Kingambit|[anim] Tera Blast Fighting
|-supereffective|p1a: Kingambit
|-crit|p1a: Kingambit
|-damage|p1a: Kingambit|0 fnt
|faint|p1a: Kingambit
|-end|p1a: Kingambit|fallen5|[silent]
|
|win|ikun ngm
|raw|RONSOL's rating: 1291 &rarr; <strong>1263</strong><br />(-28 for losing)
|raw|ikun ngm's rating: 1253 &rarr; <strong>1281</strong><br />(+28 for winning)
|l|☆RONSOL
|player|p1|
|l|☆ikun ngm
|player|p2|
