|j|☆dfcgvbh
|j|☆abr1bus
|t:|1769424510
|gametype|singles
|player|p1|dfcgvbh|170|1327
|player|p2|abr1bus|volkner|1366
|gen|9
|tier|[Gen 9] OU
|rated|
|rule|HP Percentage Mod: HP is shown in percentages
|rule|Endless Battle Clause: Forcing endless battles is banned
|rule|Species Clause: Limit one of each Pokémon
|rule|OHKO Clause: OHKO moves are banned
|rule|Evasion Items Clause: Evasion items are banned
|rule|Evasion Moves Clause: Evasion moves are banned
|rule|Evasion Abilities Clause: Evasion abilities are banned
|rule|Sleep Moves Clause: Sleep-inducing moves are banned
|clearpoke
|poke|p1|Magnezone|
|poke|p1|Zarude|
|poke|p1|Gliscor, F|
|poke|p1|Arcanine-Hisui, F|
|poke|p1|Azumarill, M|
|poke|p1|Gengar, F|
|poke|p2|Iron Crown|
|poke|p2|Samurott-Hisui, M|
|poke|p2|Zapdos|
|poke|p2|Dragapult, M|
|poke|p2|Great Tusk|
|poke|p2|Iron Boulder|
|teampreview
|inactive|Battle timer is ON: inactive players will automatically lose when time's up. (requested by abr1bus)
|
|t:|1769424517
|teamsize|p1|6
|teamsize|p2|6
|start
|switch|p1a: Zarude|Zarude|100/100
|switch|p2a: Helio|Great Tusk|100/100
|turn|1
|
|t:|1769424521
|-end|p2a: Helio|Protosynthesis|[silent]
|switch|p2a: Swift|Zapdos|100/100
|move|p1a: Zarude|Petal Blizzard|p2a: Swift
|-resisted|p2a: Swift
|-damage|p2a: Swift|85/100
|
|upkeep
|turn|2
|
|t:|1769424549
|move|p1a: Zarude|Swords Dance|p1a: Zarude
|-boost|p1a: Zarude|atk|2
|move|p2a: Swift|U-turn|p1a: Zarude
|-supereffective|p1a: Zarude
|-damage|p1a: Zarude|47/100
|
|t:|1769424556
|switch|p2a: Nakata|Dragapult, M|100/100|[from] U-turn
|
|upkeep
|turn|3
|
|t:|1769424568
|move|p2a: Nakata|Dragon Darts|p1a: Zarude
|-damage|p1a: Zarude|13/100
|-anim|p2a: Nakata|Dragon Darts|p1a: Zarude
|-damage|p1a: Zarude|0 fnt
|faint|p1a: Zarude
|
|upkeep
|
|t:|1769424575
|switch|p1a: Azumarill|Azumarill, M|100/100
|turn|4
|
|t:|1769424577
|switch|p2a: Swift|Zapdos|85/100
|move|p1a: Azumarill|Belly Drum|p1a: Azumarill
|-damage|p1a: Azumarill|50/100
|-setboost|p1a: Azumarill|atk|6|[from] move: Belly Drum
|-enditem|p1a: Azumarill|Sitrus Berry|[eat]
|-heal|p1a: Azumarill|75/100|[from] item: Sitrus Berry
|
|upkeep
|turn|5
|
|t:|1769424580
|move|p1a: Azumarill|Aqua Jet|p2a: Swift
|-damage|p2a: Swift|6/100
|-status|p1a: Azumarill|par|[from] ability: Static|[of] p2a: Swift
|move|p2a: Swift|Discharge|p1a: Azumarill
|-supereffective|p1a: Azumarill
|-damage|p1a: Azumarill|13/100 par
|
|upkeep
|turn|6
|
|t:|1769424589
|move|p1a: Azumarill|Aqua Jet|p2a: Swift
|-damage|p2a: Swift|0 fnt
|faint|p2a: Swift
|
|upkeep
|
|t:|1769424597
|switch|p2a: Droll|Samurott-Hisui, M, shiny|100/100
|turn|7
|
|t:|1769424600
|cant|p1a: Azumarill|par
|move|p2a: Droll|Ceaseless Edge|p1a: Azumarill
|-resisted|p1a: Azumarill
|-damage|p1a: Azumarill|0 fnt
|-sidestart|p1: dfcgvbh|Spikes
|faint|p1a: Azumarill
|
|upkeep
|
|t:|1769424619
|switch|p1a: Magnezone|Magnezone|100/100
|-damage|p1a: Magnezone|88/100|[from] Spikes
|turn|8
|
|t:|1769424624
|switch|p2a: Helio|Great Tusk|100/100
|move|p1a: Magnezone|Thunderbolt|p2a: Helio
|-immune|p2a: Helio
|
|upkeep
|turn|9
|
|t:|1769424629
|-terastallize|p1a: Magnezone|Water
|move|p2a: Helio|Stealth Rock|p1a: Magnezone
|-sidestart|p1: dfcgvbh|move: Stealth Rock
|move|p1a: Magnezone|Tera Blast|p2a: Helio|[anim] Tera Blast Water
|-supereffective|p2a: Helio
|-enditem|p2a: Helio|Focus Sash
|-damage|p2a: Helio|1/100
|
|upkeep
|turn|10
|
|t:|1769424634
|move|p2a: Helio|Headlong Rush|p1a: Magnezone
|-damage|p1a: Magnezone|35/100
|-unboost|p2a: Helio|def|1
|-unboost|p2a: Helio|spd|1
|move|p1a: Magnezone|Flash Cannon|p2a: Helio
|-damage|p2a: Helio|0 fnt
|faint|p2a: Helio
|-end|p2a: Helio|Protosynthesis|[silent]
|
|upkeep
|
|t:|1769424637
|switch|p2a: Droll|Samurott-Hisui, M, shiny|100/100
|turn|11
|
|t:|1769424640
|move|p2a: Droll|Ceaseless Edge|p1a: Magnezone
|-damage|p1a: Magnezone|0 fnt
|-sidestart|p1: dfcgvbh|Spikes
|faint|p1a: Magnezone
|
|upkeep
|
|t:|1769424645
|switch|p1a: Gliscor|Gliscor, F|100/100
|-damage|p1a: Gliscor|88/100|[from] Stealth Rock
|turn|12
|
|t:|1769424650
|move|p2a: Droll|Ceaseless Edge|p1a: Gliscor
|-damage|p1a: Gliscor|43/100
|-sidestart|p1: dfcgvbh|Spikes
|move|p1a: Gliscor|Stealth Rock|p2a: Droll
|-sidestart|p2: abr1bus|move: Stealth Rock
|
|-status|p1a: Gliscor|tox|[from] item: Toxic Orb
|upkeep
|turn|13
|
|t:|1769424662
|move|p1a: Gliscor|Protect|p1a: Gliscor
|-singleturn|p1a: Gliscor|Protect
|move|p2a: Droll|Ceaseless Edge|p1a: Gliscor
|-activate|p1a: Gliscor|move: Protect
|
|-heal|p1a: Gliscor|55/100 tox|[from] ability: Poison Heal
|upkeep
|turn|14
|
|t:|1769424664
|move|p2a: Droll|Ceaseless Edge|p1a: Gliscor
|-damage|p1a: Gliscor|10/100 tox
|move|p1a: Gliscor|Earthquake|p2a: Droll
|-damage|p2a: Droll|46/100
|
|-heal|p1a: Gliscor|22/100 tox|[from] ability: Poison Heal
|upkeep
|turn|15
|
|t:|1769424667
|move|p2a: Droll|Ceaseless Edge|p1a: Gliscor
|-damage|p1a: Gliscor|0 fnt
|faint|p1a: Gliscor
|
|upkeep
|
|t:|1769424671
|switch|p1a: Arcanine|Arcanine-Hisui, F|100/100
|-damage|p1a: Arcanine|76/100|[from] Spikes
|-damage|p1a: Arcanine|51/100|[from] Stealth Rock
|-ability|p1a: Arcanine|Intimidate|boost
|-unboost|p2a: Droll|atk|1
|turn|16
|
|t:|1769424678
|switch|p2a: Nakata|Dragapult, M|100/100
|-damage|p2a: Nakata|88/100|[from] Stealth Rock
|move|p1a: Arcanine|Rock Slide|p2a: Nakata
|-damage|p2a: Nakata|43/100
|
|-heal|p1a: Arcanine|57/100|[from] item: Leftovers
|upkeep
|turn|17
|
|t:|1769424683
|move|p2a: Nakata|Dragon Darts|p1a: Arcanine
|-damage|p1a: Arcanine|9/100
|-anim|p2a: Nakata|Dragon Darts|p1a: Arcanine
|-damage|p1a: Arcanine|0 fnt
|faint|p1a: Arcanine
|
|upkeep
|
|t:|1769424685
|switch|p1a: Gengar|Gengar, F|100/100
|-damage|p1a: Gengar|76/100|[from] Spikes
|-damage|p1a: Gengar|63/100|[from] Stealth Rock
|turn|18
|
|t:|1769424688
|move|p1a: Gengar|Shadow Ball|p2a: Nakata
|-supereffective|p2a: Nakata
|-damage|p2a: Nakata|0 fnt
|faint|p2a: Nakata
|
|upkeep
|
|t:|1769424699
|switch|p2a: Almeida|Iron Crown|100/100
|-damage|p2a: Almeida|94/100|[from] Stealth Rock
|turn|19
|
|t:|1769424702
|-terastallize|p2a: Almeida|Steel
|move|p1a: Gengar|Shadow Ball|p2a: Almeida
|-damage|p2a: Almeida|51/100
|move|p2a: Almeida|Psyshock|p1a: Gengar
|-supereffective|p1a: Gengar
|-damage|p1a: Gengar|0 fnt
|faint|p1a: Gengar
|
|win|abr1bus
|raw|dfcgvbh's rating: 1306 &rarr; <strong>1289</strong><br />(-17 for losing)
|raw|abr1bus's rating: 1366 &rarr; <strong>1383</strong><br />(+17 for winning)
|l|☆dfcgvbh
|player|p1|
|l|☆abr1bus
|player|p2|
