|j|☆Crystraco
|j|☆Einarorn1
|t:|1769351261
|gametype|singles
|player|p1|Crystraco|265|1632
|player|p2|Einarorn1|1|1638
|gen|9
|tier|[Gen 9] OU
|rated|
|rule|HP Percentage Mod: HP is shown in percentages
|rule|Endless Battle Clause: Forcing endless battles is banned
|rule|Species Clause: Limit one of each Pokémon
|rule|OHKO Clause: OHKO moves are banned
|rule|Evasion Items Clause: Evasion items are banned
|rule|Evasion Moves Clause: Evasion moves are banned
|rule|Evasion Abilities Clause: Evasion abilities are banned
|rule|Sleep Moves Clause: Sleep-inducing moves are banned
|clearpoke
|poke|p1|Garganacl, M|
|poke|p1|Okidogi, M|
|poke|p1|Enamorus, F|
|poke|p1|Ogerpon-Wellspring, F|
|poke|p1|Weezing-Galar, F|
|poke|p1|Scizor, F|
|poke|p2|Garchomp, M|
|poke|p2|Iron Valiant|
|poke|p2|Tyranitar, F|
|poke|p2|Rotom-Wash|
|poke|p2|Pecharunt|
|poke|p2|Corviknight, M|
|teampreview
|inactive|Battle timer is ON: inactive players will automatically lose when time's up. (requested by Einarorn1)
|
|t:|1769351277
|teamsize|p1|6
|teamsize|p2|6
|start
|switch|p1a: Enamorus|Enamorus, F|100/100
|switch|p2a: Rotom|Rotom-Wash|100/100
|turn|1
|
|t:|1769351285
|switch|p1a: Garganacl|Garganacl, M|100/100
|move|p2a: Rotom|Thunderbolt|p1a: Garganacl
|-damage|p1a: Garganacl|76/100
|
|-heal|p1a: Garganacl|82/100|[from] item: Leftovers
|upkeep
|turn|2
|
|t:|1769351293
|switch|p2a: Garchomp|Garchomp, M|100/100
|move|p1a: Garganacl|Salt Cure|p2a: Garchomp
|-resisted|p2a: Garchomp
|-damage|p2a: Garchomp|96/100
|-start|p2a: Garchomp|Salt Cure
|
|-heal|p1a: Garganacl|88/100|[from] item: Leftovers
|-damage|p2a: Garchomp|84/100|[from] Salt Cure
|upkeep
|turn|3
|
|t:|1769351304
|move|p2a: Garchomp|Stealth Rock|p1a: Garganacl
|-sidestart|p1: Crystraco|move: Stealth Rock
|move|p1a: Garganacl|Curse|p1a: Garganacl
|-unboost|p1a: Garganacl|spe|1
|-boost|p1a: Garganacl|atk|1
|-boost|p1a: Garganacl|def|1
|
|-heal|p1a: Garganacl|95/100|[from] item: Leftovers
|-damage|p2a: Garchomp|71/100|[from] Salt Cure
|upkeep
|turn|4
|
|t:|1769351313
|move|p1a: Garganacl|Recover|p1a: Garganacl
|-heal|p1a: Garganacl|100/100
|move|p2a: Garchomp|Dragon Tail|p1a: Garganacl
|-damage|p1a: Garganacl|88/100
|drag|p1a: Ogerpon|Ogerpon-Wellspring, F|100/100
|-damage|p1a: Ogerpon|88/100|[from] Stealth Rock
|
|-damage|p2a: Garchomp|59/100|[from] Salt Cure
|upkeep
|turn|5
|
|t:|1769351320
|switch|p2a: Corviknight|Corviknight, M|100/100
|-ability|p2a: Corviknight|Pressure
|move|p1a: Ogerpon|Ivy Cudgel|p2a: Corviknight|[anim] Ivy Cudgel Water
|-damage|p2a: Corviknight|66/100
|
|upkeep
|turn|6
|
|t:|1769351333
|move|p1a: Ogerpon|Ivy Cudgel|p2a: Corviknight|[anim] Ivy Cudgel Water
|-damage|p2a: Corviknight|28/100
|move|p2a: Corviknight|U-turn|p1a: Ogerpon
|-supereffective|p1a: Ogerpon
|-damage|p1a: Ogerpon|53/100
|
|t:|1769351340
|switch|p2a: Rotom|Rotom-Wash|100/100|[from] U-turn
|
|upkeep
|turn|7
|
|t:|1769351347
|switch|p1a: Garganacl|Garganacl, M|88/100
|-damage|p1a: Garganacl|76/100|[from] Stealth Rock
|move|p2a: Rotom|Volt Switch|p1a: Garganacl
|-damage|p1a: Garganacl|54/100
|
|t:|1769351356
|switch|p2a: Garchomp|Garchomp, M|59/100|[from] Volt Switch
|
|-heal|p1a: Garganacl|61/100|[from] item: Leftovers
|upkeep
|turn|8
|
|t:|1769351371
|-terastallize|p1a: Garganacl|Water
|move|p2a: Garchomp|Earthquake|p1a: Garganacl
|-damage|p1a: Garganacl|31/100
|move|p1a: Garganacl|Recover|p1a: Garganacl
|-heal|p1a: Garganacl|81/100
|
|-heal|p1a: Garganacl|88/100|[from] item: Leftovers
|upkeep
|turn|9
|
|t:|1769351375
|move|p1a: Garganacl|Salt Cure|p2a: Garchomp
|-resisted|p2a: Garchomp
|-damage|p2a: Garchomp|55/100
|-start|p2a: Garchomp|Salt Cure
|move|p2a: Garchomp|Dragon Tail|p1a: Garganacl
|-damage|p1a: Garganacl|71/100
|drag|p1a: Enamorus|Enamorus, F|100/100
|-damage|p1a: Enamorus|76/100|[from] Stealth Rock
|
|-damage|p2a: Garchomp|42/100|[from] Salt Cure
|upkeep
|turn|10
|
|t:|1769351380
|switch|p2a: Tyranitar|Tyranitar, F|100/100
|-weather|Sandstorm|[from] ability: Sand Stream|[of] p2a: Tyranitar
|move|p1a: Enamorus|Mystical Fire|p2a: Tyranitar
|-resisted|p2a: Tyranitar
|-damage|p2a: Tyranitar|95/100
|-unboost|p2a: Tyranitar|spa|1
|
|-weather|Sandstorm|[upkeep]
|-damage|p1a: Enamorus|69/100|[from] Sandstorm
|upkeep
|turn|11
|
|t:|1769351387
|switch|p1a: Okidogi|Okidogi, M|100/100
|-damage|p1a: Okidogi|94/100|[from] Stealth Rock
|move|p2a: Tyranitar|Knock Off|p1a: Okidogi
|-resisted|p1a: Okidogi
|-damage|p1a: Okidogi|75/100
|-enditem|p1a: Okidogi|Leftovers|[from] move: Knock Off|[of] p2a: Tyranitar
|
|-weather|Sandstorm|[upkeep]
|-damage|p1a: Okidogi|69/100|[from] Sandstorm
|upkeep
|turn|12
|
|t:|1769351408
|switch|p2a: Pecharunt|Pecharunt|100/100
|move|p1a: Okidogi|Bulk Up|p1a: Okidogi
|-boost|p1a: Okidogi|atk|1
|-boost|p1a: Okidogi|def|1
|
|-weather|Sandstorm|[upkeep]
|-damage|p2a: Pecharunt|95/100|[from] Sandstorm
|-damage|p1a: Okidogi|63/100|[from] Sandstorm
|upkeep
|turn|13
|
|t:|1769351418
|move|p2a: Pecharunt|Shadow Ball|p1a: Okidogi
|-damage|p1a: Okidogi|28/100
|move|p1a: Okidogi|Knock Off|p2a: Pecharunt
|-supereffective|p2a: Pecharunt
|-damage|p2a: Pecharunt|16/100
|-enditem|p2a: Pecharunt|Heavy-Duty Boots|[from] move: Knock Off|[of] p1a: Okidogi
|
|-weather|Sandstorm|[upkeep]
|-damage|p2a: Pecharunt|10/100|[from] Sandstorm
|-damage|p1a: Okidogi|22/100|[from] Sandstorm
|upkeep
|turn|14
|
|t:|1769351424
|move|p2a: Pecharunt|Shadow Ball|p1a: Okidogi
|-damage|p1a: Okidogi|0 fnt
|faint|p1a: Okidogi
|
|-weather|none
|upkeep
|
|t:|1769351426
|switch|p1a: Ogerpon|Ogerpon-Wellspring, F|53/100
|-damage|p1a: Ogerpon|41/100|[from] Stealth Rock
|turn|15
|
|t:|1769351442
|switch|p2a: Garchomp|Garchomp, M|42/100
|move|p1a: Ogerpon|Horn Leech|p2a: Garchomp
|-damage|p2a: Garchomp|16/100
|-heal|p1a: Ogerpon|59/100|[from] drain|[of] p2a: Garchomp
|-damage|p1a: Ogerpon|46/100|[from] ability: Rough Skin|[of] p2a: Garchomp
|-damage|p1a: Ogerpon|30/100|[from] item: Rocky Helmet|[of] p2a: Garchomp
|
|upkeep
|turn|16
|
|t:|1769351452
|move|p1a: Ogerpon|Ivy Cudgel|p2a: Garchomp|[anim] Ivy Cudgel Water
|-damage|p2a: Garchomp|0 fnt
|faint|p2a: Garchomp
|
|upkeep
|
|t:|1769351454
|switch|p2a: Rotom|Rotom-Wash|100/100
|turn|17
|
|t:|1769351462
|switch|p1a: Weezing|Weezing-Galar, F|100/100
|-ability|p1a: Weezing|Neutralizing Gas
|move|p2a: Rotom|Volt Switch|p1a: Weezing
|-damage|p1a: Weezing|56/100
|
|t:|1769351468
|switch|p2a: Pecharunt|Pecharunt|10/100|[from] Volt Switch
|
|upkeep
|turn|18
|
|t:|1769351473
|move|p2a: Pecharunt|Malignant Chain|p1a: Weezing
|-damage|p1a: Weezing|4/100
|move|p1a: Weezing|Defog|p2a: Pecharunt
|-unboost|p2a: Pecharunt|evasion|1
|-sideend|p1: Crystraco|Stealth Rock|[from] move: Defog|[of] p1a: Weezing
|
|upkeep
|turn|19
|
|t:|1769351480
|move|p2a: Pecharunt|Shadow Ball|p1a: Weezing
|-damage|p1a: Weezing|0 fnt
|faint|p1a: Weezing
|-end|p1a: Weezing|ability: Neutralizing Gas
|
|upkeep
|
|t:|1769351485
|switch|p1a: Enamorus|Enamorus, F|69/100
|turn|20
|
|t:|1769351491
|move|p1a: Enamorus|Moonblast|p2a: Pecharunt
|-resisted|p2a: Pecharunt
|-damage|p2a: Pecharunt|0 fnt
|faint|p2a: Pecharunt
|
|upkeep
|
|t:|1769351494
|switch|p2a: Rotom|Rotom-Wash|100/100
|turn|21
|
|t:|1769351504
|switch|p1a: Scizor|Scizor, F|100/100
|move|p2a: Rotom|Thunderbolt|p1a: Scizor
|-damage|p1a: Scizor|53/100
|-status|p1a: Scizor|par
|
|upkeep
|turn|22
|
|t:|1769351509
|move|p2a: Rotom|Thunderbolt|p1a: Scizor
|-crit|p1a: Scizor
|-damage|p1a: Scizor|0 fnt
|faint|p1a: Scizor
|
|upkeep
|
|t:|1769351516
|switch|p1a: Garganacl|Garganacl, M, tera:Water|71/100
|turn|23
|
|t:|1769351521
|move|p2a: Rotom|Thunderbolt|p1a: Garganacl
|-supereffective|p1a: Garganacl
|-damage|p1a: Garganacl|22/100
|move|p1a: Garganacl|Salt Cure|p2a: Rotom
|-damage|p2a: Rotom|81/100
|-start|p2a: Rotom|Salt Cure
|
|-heal|p1a: Garganacl|28/100|[from] item: Leftovers
|-damage|p2a: Rotom|57/100|[from] Salt Cure
|upkeep
|turn|24
|
|t:|1769351525
|move|p2a: Rotom|Thunderbolt|p1a: Garganacl
|-supereffective|p1a: Garganacl
|-damage|p1a: Garganacl|0 fnt
|faint|p1a: Garganacl
|
|-damage|p2a: Rotom|32/100|[from] Salt Cure
|upkeep
|
|t:|1769351527
|switch|p1a: Enamorus|Enamorus, F|69/100
|turn|25
|
|t:|1769351531
|switch|p2a: Corviknight|Corviknight, M|28/100
|-ability|p2a: Corviknight|Pressure
|move|p1a: Enamorus|Moonblast|p2a: Corviknight
|-resisted|p2a: Corviknight
|-damage|p2a: Corviknight|6/100
|
|upkeep
|turn|26
|
|t:|1769351534
|move|p1a: Enamorus|Moonblast|p2a: Corviknight
|-resisted|p2a: Corviknight
|-damage|p2a: Corviknight|0 fnt
|faint|p2a: Corviknight
|
|upkeep
|
|t:|1769351536
|switch|p2a: Tyranitar|Tyranitar, F|95/100
|-weather|Sandstorm|[from] ability: Sand Stream|[of] p2a: Tyranitar
|turn|27
|
|t:|1769351546
|move|p1a: Enamorus|Moonblast|p2a: Tyranitar
|-supereffective|p2a: Tyranitar
|-damage|p2a: Tyranitar|48/100
|move|p2a: Tyranitar|Ice Beam|p1a: Enamorus
|-supereffective|p1a: Enamorus
|-damage|p1a: Enamorus|0 fnt
|faint|p1a: Enamorus
|
|-weather|Sandstorm|[upkeep]
|upkeep
|
|t:|1769351551
|switch|p1a: Ogerpon|Ogerpon-Wellspring, F|30/100
|turn|28
|
|t:|1769351558
|-terastallize|p2a: Tyranitar|Flying
|move|p1a: Ogerpon|Trailblaze|p2a: Tyranitar
|-resisted|p2a: Tyranitar
|-damage|p2a: Tyranitar|36/100
|-boost|p1a: Ogerpon|spe|1
|move|p2a: Tyranitar|Knock Off|p1a: Ogerpon
|-damage|p1a: Ogerpon|0 fnt
|faint|p1a: Ogerpon
|
|win|Einarorn1
|raw|Crystraco's rating: 1632 &rarr; <strong>1612</strong><br />(-20 for losing)
|raw|Einarorn1's rating: 1638 &rarr; <strong>1658</strong><br />(+20 for winning)
|l|☆Crystraco
|player|p1|
|c|☆Einarorn1|gg
|l|☆Einarorn1
|player|p2|
