|j|☆Brozac2
|j|☆Iznamakin
|t:|1769404919
|gametype|singles
|player|p1|Brozac2|pokemonbreederf-gen4|1611
|player|p2|Iznamakin|chase|1783
|gen|9
|tier|[Gen 9] OU
|rated|
|rule|HP Percentage Mod: HP is shown in percentages
|rule|Endless Battle Clause: Forcing endless battles is banned
|rule|Species Clause: Limit one of each Pokémon
|rule|OHKO Clause: OHKO moves are banned
|rule|Evasion Items Clause: Evasion items are banned
|rule|Evasion Moves Clause: Evasion moves are banned
|rule|Evasion Abilities Clause: Evasion abilities are banned
|rule|Sleep Moves Clause: Sleep-inducing moves are banned
|clearpoke
|poke|p1|Darkrai|
|poke|p1|Iron Hands|
|poke|p1|Kyurem|
|poke|p1|Gholdengo|
|poke|p1|Alomomola, F|
|poke|p1|Hatterene, F|
|poke|p2|Darkrai|
|poke|p2|Deoxys-Speed|
|poke|p2|Raging Bolt|
|poke|p2|Kingambit, M|
|poke|p2|Iron Valiant|
|poke|p2|Great Tusk|
|teampreview
|inactive|Battle timer is ON: inactive players will automatically lose when time's up. (requested by Brozac2)
|
|t:|1769404936
|teamsize|p1|6
|teamsize|p2|6
|start
|switch|p1a: Darkrai|Darkrai|100/100
|switch|p2a: IMU|Darkrai|100/100
|turn|1
|
|t:|1769404942
|move|p1a: Darkrai|Focus Blast|p2a: IMU
|-supereffective|p2a: IMU
|-enditem|p2a: IMU|Focus Sash
|-damage|p2a: IMU|1/100
|move|p2a: IMU|Sludge Bomb|p1a: Darkrai
|-damage|p1a: Darkrai|57/100
|-status|p1a: Darkrai|psn
|
|-damage|p1a: Darkrai|44/100 psn|[from] psn
|upkeep
|turn|2
|
|t:|1769404951
|move|p1a: Darkrai|Dark Pulse|p2a: IMU
|-resisted|p2a: IMU
|-damage|p2a: IMU|0 fnt
|faint|p2a: IMU
|
|-damage|p1a: Darkrai|32/100 psn|[from] psn
|upkeep
|
|t:|1769404957
|switch|p2a: Speedy Gonzales|Deoxys-Speed, shiny|100/100
|-ability|p2a: Speedy Gonzales|Pressure
|turn|3
|
|t:|1769404971
|switch|p1a: Gholdengo|Gholdengo|100/100
|-item|p1a: Gholdengo|Air Balloon
|move|p2a: Speedy Gonzales|Superpower|p1a: Gholdengo
|-immune|p1a: Gholdengo
|
|upkeep
|turn|4
|
|t:|1769404977
|move|p2a: Speedy Gonzales|Psycho Boost|p1a: Gholdengo
|-resisted|p1a: Gholdengo
|-damage|p1a: Gholdengo|61/100
|-unboost|p2a: Speedy Gonzales|spa|2
|-enditem|p1a: Gholdengo|Air Balloon
|-damage|p2a: Speedy Gonzales|91/100|[from] item: Life Orb
|move|p1a: Gholdengo|Thunder Wave|p2a: Speedy Gonzales|[miss]
|-miss|p1a: Gholdengo|p2a: Speedy Gonzales
|
|upkeep
|turn|5
|
|t:|1769404986
|move|p2a: Speedy Gonzales|Stealth Rock|p1a: Gholdengo
|-sidestart|p1: Brozac2|move: Stealth Rock
|move|p1a: Gholdengo|Recover|p1a: Gholdengo
|-heal|p1a: Gholdengo|100/100
|
|upkeep
|turn|6
|
|t:|1769404992
|switch|p2a: BROTD|Great Tusk, shiny|100/100
|-enditem|p2a: BROTD|Booster Energy
|-activate|p2a: BROTD|ability: Protosynthesis|[fromitem]
|-start|p2a: BROTD|protosynthesisspe
|move|p1a: Gholdengo|Hex|p2a: BROTD
|-damage|p2a: BROTD|57/100
|
|upkeep
|turn|7
|
|t:|1769405000
|switch|p1a: Alomomola|Alomomola, F|100/100
|-damage|p1a: Alomomola|88/100|[from] Stealth Rock
|move|p2a: BROTD|Headlong Rush|p1a: Alomomola
|-damage|p1a: Alomomola|59/100
|-unboost|p2a: BROTD|def|1
|-unboost|p2a: BROTD|spd|1
|-damage|p2a: BROTD|40/100|[from] item: Rocky Helmet|[of] p1a: Alomomola
|
|upkeep
|turn|8
|
|t:|1769405008
|move|p2a: BROTD|Bulk Up|p2a: BROTD
|-boost|p2a: BROTD|atk|1
|-boost|p2a: BROTD|def|1
|move|p1a: Alomomola|Wish|p1a: Alomomola
|
|upkeep
|turn|9
|
|t:|1769405013
|move|p2a: BROTD|Headlong Rush|p1a: Alomomola
|-crit|p1a: Alomomola
|-damage|p1a: Alomomola|0 fnt
|-unboost|p2a: BROTD|def|1
|-unboost|p2a: BROTD|spd|1
|-damage|p2a: BROTD|24/100|[from] item: Rocky Helmet|[of] p1a: Alomomola
|faint|p1a: Alomomola
|
|upkeep
|j| Daniel Gaming 234
|
|t:|1769405035
|switch|p1a: Hatterene|Hatterene, F|100/100
|-damage|p1a: Hatterene|88/100|[from] Stealth Rock
|turn|10
|
|t:|1769405039
|move|p2a: BROTD|Headlong Rush|p1a: Hatterene
|-damage|p1a: Hatterene|2/100
|-unboost|p2a: BROTD|def|1
|-unboost|p2a: BROTD|spd|1
|move|p1a: Hatterene|Draining Kiss|p2a: BROTD
|-supereffective|p2a: BROTD
|-damage|p2a: BROTD|0 fnt
|-heal|p1a: Hatterene|26/100|[from] drain|[of] p2a: BROTD
|faint|p2a: BROTD
|-end|p2a: BROTD|Protosynthesis|[silent]
|
|upkeep
|
|t:|1769405056
|switch|p2a: Speedy Gonzales|Deoxys-Speed, shiny|91/100
|-ability|p2a: Speedy Gonzales|Pressure
|turn|11
|
|t:|1769405061
|switch|p1a: Darkrai|Darkrai|32/100 psn
|move|p2a: Speedy Gonzales|Psycho Boost|p1a: Darkrai
|-immune|p1a: Darkrai
|
|-damage|p1a: Darkrai|19/100 psn|[from] psn
|upkeep
|turn|12
|
|t:|1769405066
|move|p2a: Speedy Gonzales|Superpower|p1a: Darkrai
|-supereffective|p1a: Darkrai
|-damage|p1a: Darkrai|0 fnt
|-unboost|p2a: Speedy Gonzales|atk|1
|-unboost|p2a: Speedy Gonzales|def|1
|faint|p1a: Darkrai
|-damage|p2a: Speedy Gonzales|81/100|[from] item: Life Orb
|
|upkeep
|
|t:|1769405070
|switch|p1a: Gholdengo|Gholdengo|100/100
|-damage|p1a: Gholdengo|94/100|[from] Stealth Rock
|turn|13
|
|t:|1769405077
|switch|p2a: Hito no mi Model⚡️|Raging Bolt|100/100
|-enditem|p2a: Hito no mi Model⚡️|Booster Energy
|-activate|p2a: Hito no mi Model⚡️|ability: Protosynthesis|[fromitem]
|-start|p2a: Hito no mi Model⚡️|protosynthesisspa
|move|p1a: Gholdengo|Thunder Wave|p2a: Hito no mi Model⚡️
|-immune|p2a: Hito no mi Model⚡️
|
|upkeep
|turn|14
|
|t:|1769405081
|switch|p1a: Hatterene|Hatterene, F|26/100
|-damage|p1a: Hatterene|14/100|[from] Stealth Rock
|move|p2a: Hito no mi Model⚡️|Calm Mind|p2a: Hito no mi Model⚡️
|-boost|p2a: Hito no mi Model⚡️|spa|1
|-boost|p2a: Hito no mi Model⚡️|spd|1
|
|upkeep
|turn|15
|
|t:|1769405084
|move|p2a: Hito no mi Model⚡️|Thunderbolt|p1a: Hatterene
|-damage|p1a: Hatterene|0 fnt
|faint|p1a: Hatterene
|
|upkeep
|
|t:|1769405088
|switch|p1a: Iron Hands|Iron Hands|100/100
|-damage|p1a: Iron Hands|94/100|[from] Stealth Rock
|turn|16
|
|t:|1769405092
|move|p2a: Hito no mi Model⚡️|Dragon Pulse|p1a: Iron Hands
|-damage|p1a: Iron Hands|36/100
|move|p1a: Iron Hands|Earthquake|p2a: Hito no mi Model⚡️
|-supereffective|p2a: Hito no mi Model⚡️
|-damage|p2a: Hito no mi Model⚡️|24/100
|
|upkeep
|turn|17
|
|t:|1769405096
|move|p2a: Hito no mi Model⚡️|Dragon Pulse|p1a: Iron Hands
|-damage|p1a: Iron Hands|0 fnt
|faint|p1a: Iron Hands
|-end|p1a: Iron Hands|Quark Drive|[silent]
|
|upkeep
|
|t:|1769405099
|switch|p1a: Kyurem|Kyurem|100/100
|-damage|p1a: Kyurem|76/100|[from] Stealth Rock
|-ability|p1a: Kyurem|Pressure
|turn|18
|
|t:|1769405101
|move|p2a: Hito no mi Model⚡️|Thunderclap|p1a: Kyurem
|-resisted|p1a: Kyurem
|-damage|p1a: Kyurem|35/100
|move|p1a: Kyurem|Scale Shot|p2a: Hito no mi Model⚡️
|-supereffective|p2a: Hito no mi Model⚡️
|-damage|p2a: Hito no mi Model⚡️|0 fnt
|faint|p2a: Hito no mi Model⚡️
|-end|p2a: Hito no mi Model⚡️|Protosynthesis|[silent]
|-hitcount|p2: Hito no mi Model⚡️|1
|-unboost|p1a: Kyurem|def|1
|-boost|p1a: Kyurem|spe|1
|
|upkeep
|
|t:|1769405104
|switch|p2a: Speedy Gonzales|Deoxys-Speed, shiny|81/100
|-ability|p2a: Speedy Gonzales|Pressure
|turn|19
|l| Daniel Gaming 234
|
|t:|1769405110
|move|p2a: Speedy Gonzales|Psycho Boost|p1a: Kyurem
|-damage|p1a: Kyurem|0 fnt
|-unboost|p2a: Speedy Gonzales|spa|2
|faint|p1a: Kyurem
|-damage|p2a: Speedy Gonzales|71/100|[from] item: Life Orb
|
|upkeep
|
|t:|1769405112
|switch|p1a: Gholdengo|Gholdengo|94/100
|-damage|p1a: Gholdengo|88/100|[from] Stealth Rock
|turn|20
|
|t:|1769405114
|switch|p2a: Mihawk|Kingambit, M|100/100
|-activate|p2a: Mihawk|ability: Supreme Overlord
|-start|p2a: Mihawk|fallen3|[silent]
|move|p1a: Gholdengo|Hex|p2a: Mihawk
|-resisted|p2a: Mihawk
|-damage|p2a: Mihawk|82/100
|
|upkeep
|turn|21
|
|t:|1769405118
|-terastallize|p1a: Gholdengo|Fairy
|move|p1a: Gholdengo|Thunder Wave|p2a: Mihawk
|-status|p2a: Mihawk|par
|move|p2a: Mihawk|Kowtow Cleave|p1a: Gholdengo
|-resisted|p1a: Gholdengo
|-damage|p1a: Gholdengo|59/100
|
|upkeep
|turn|22
|
|t:|1769405125
|move|p1a: Gholdengo|Hex|p2a: Mihawk
|-resisted|p2a: Mihawk
|-damage|p2a: Mihawk|45/100 par
|move|p2a: Mihawk|Iron Head|p1a: Gholdengo
|-supereffective|p1a: Gholdengo
|-damage|p1a: Gholdengo|0 fnt
|faint|p1a: Gholdengo
|
|win|Iznamakin
|raw|Brozac2's rating: 1611 &rarr; <strong>1600</strong><br />(-11 for losing)
|raw|Iznamakin's rating: 1783 &rarr; <strong>1794</strong><br />(+11 for winning)
|l|☆Brozac2
|player|p1|
|l|☆Iznamakin
|player|p2|
