|j|☆suprya
|j|☆1colour
|t:|1769378168
|gametype|singles
|player|p1|suprya|wattson|1656
|player|p2|1colour|parasollady|1630
|gen|9
|tier|[Gen 9] OU
|rated|
|rule|HP Percentage Mod: HP is shown in percentages
|rule|Endless Battle Clause: Forcing endless battles is banned
|rule|Species Clause: Limit one of each Pokémon
|rule|OHKO Clause: OHKO moves are banned
|rule|Evasion Items Clause: Evasion items are banned
|rule|Evasion Moves Clause: Evasion moves are banned
|rule|Evasion Abilities Clause: Evasion abilities are banned
|rule|Sleep Moves Clause: Sleep-inducing moves are banned
|clearpoke
|poke|p1|Hoopa-Unbound|
|poke|p1|Great Tusk|
|poke|p1|Moltres|
|poke|p1|Pecharunt|
|poke|p1|Samurott-Hisui, F|
|poke|p1|Iron Valiant|
|poke|p2|Tornadus-Therian, M|
|poke|p2|Gholdengo|
|poke|p2|Deoxys-Defense|
|poke|p2|Enamorus, F|
|poke|p2|Zamazenta-*|
|poke|p2|Cinderace, F|
|teampreview
|inactive|Battle timer is ON: inactive players will automatically lose when time's up. (requested by suprya)
|c|☆1colour|watch ur mouth
|
|t:|1769378189
|teamsize|p1|6
|teamsize|p2|6
|start
|switch|p1a: Hoopa|Hoopa-Unbound|100/100
|switch|p2a: Tornadus|Tornadus-Therian, M|100/100
|turn|1
|
|t:|1769378193
|switch|p1a: Moltres|Moltres|100/100
|move|p2a: Tornadus|Knock Off|p1a: Moltres
|-damage|p1a: Moltres|86/100
|-enditem|p1a: Moltres|Heavy-Duty Boots|[from] move: Knock Off|[of] p2a: Tornadus
|
|upkeep
|turn|2
|
|t:|1769378198
|move|p2a: Tornadus|Bleakwind Storm|p1a: Moltres
|-damage|p1a: Moltres|46/100
|move|p1a: Moltres|U-turn|p2a: Tornadus
|-resisted|p2a: Tornadus
|-damage|p2a: Tornadus|93/100
|
|t:|1769378203
|switch|p1a: Samurott|Samurott-Hisui, F|100/100|[from] U-turn
|
|upkeep
|turn|3
|
|t:|1769378207
|move|p2a: Tornadus|Bleakwind Storm|p1a: Samurott
|-damage|p1a: Samurott|75/100
|-unboost|p1a: Samurott|spe|1
|move|p1a: Samurott|Ceaseless Edge|p2a: Tornadus
|-damage|p2a: Tornadus|48/100
|-sidestart|p2: 1colour|Spikes
|
|upkeep
|turn|4
|
|t:|1769378216
|switch|p2a: Enamorus|Enamorus, F|100/100
|switch|p1a: Moltres|Moltres|46/100
|
|upkeep
|turn|5
|
|t:|1769378223
|switch|p2a: Deoxys|Deoxys-Defense|100/100
|-ability|p2a: Deoxys|Pressure
|move|p1a: Moltres|Roost|p1a: Moltres
|-heal|p1a: Moltres|96/100
|-singleturn|p1a: Moltres|move: Roost
|
|upkeep
|turn|6
|
|t:|1769378226
|move|p1a: Moltres|Roar|p2a: Deoxys
|drag|p2a: Zamazenta|Zamazenta, shiny|100/100
|-damage|p2a: Zamazenta|88/100|[from] Spikes
|-ability|p2a: Zamazenta|Dauntless Shield|boost
|-boost|p2a: Zamazenta|def|1
|
|-heal|p2a: Zamazenta|94/100|[from] item: Leftovers
|upkeep
|turn|7
|c|☆1colour|u
|
|t:|1769378233
|switch|p2a: Tornadus|Tornadus-Therian, M|82/100
|switch|p1a: Pecharunt|Pecharunt|100/100
|
|upkeep
|turn|8
|
|t:|1769378239
|move|p2a: Tornadus|Knock Off|p1a: Pecharunt
|-supereffective|p1a: Pecharunt
|-damage|p1a: Pecharunt|80/100
|-enditem|p1a: Pecharunt|Heavy-Duty Boots|[from] move: Knock Off|[of] p2a: Tornadus
|move|p1a: Pecharunt|Malignant Chain|p2a: Tornadus
|-damage|p2a: Tornadus|49/100
|
|upkeep
|turn|9
|
|t:|1769378254
|switch|p2a: Deoxys|Deoxys-Defense|100/100
|-ability|p2a: Deoxys|Pressure
|move|p1a: Pecharunt|Malignant Chain|p2a: Deoxys
|-damage|p2a: Deoxys|83/100
|
|upkeep
|turn|10
|
|t:|1769378262
|move|p1a: Pecharunt|Malignant Chain|p2a: Deoxys
|-damage|p2a: Deoxys|64/100
|move|p2a: Deoxys|Spikes|p1a: Pecharunt
|-sidestart|p1: suprya|Spikes
|
|upkeep
|turn|11
|
|t:|1769378267
|move|p1a: Pecharunt|Malignant Chain|p2a: Deoxys
|-damage|p2a: Deoxys|45/100
|move|p2a: Deoxys|Spikes|p1a: Pecharunt
|-sidestart|p1: suprya|Spikes
|
|upkeep
|turn|12
|
|t:|1769378276
|move|p1a: Pecharunt|Malignant Chain|p2a: Deoxys
|-damage|p2a: Deoxys|27/100
|-status|p2a: Deoxys|tox
|-start|p2a: Deoxys|confusion|[from] ability: Poison Puppeteer|[of] p1a: Pecharunt
|-activate|p2a: Deoxys|confusion
|move|p2a: Deoxys|Recover|p2a: Deoxys
|-heal|p2a: Deoxys|77/100 tox
|
|-damage|p2a: Deoxys|71/100 tox|[from] psn
|upkeep
|turn|13
|
|t:|1769378288
|move|p1a: Pecharunt|Shadow Ball|p2a: Deoxys
|-supereffective|p2a: Deoxys
|-damage|p2a: Deoxys|43/100 tox
|-activate|p2a: Deoxys|confusion
|-damage|p2a: Deoxys|39/100 tox|[from] confusion
|
|-damage|p2a: Deoxys|28/100 tox|[from] psn
|upkeep
|turn|14
|
|t:|1769378295
|move|p1a: Pecharunt|Parting Shot|p2a: Deoxys
|-unboost|p2a: Deoxys|atk|1
|-unboost|p2a: Deoxys|spa|1
|
|t:|1769378297
|switch|p1a: Great Tusk|Great Tusk|100/100|[from] Parting Shot
|-activate|p2a: Deoxys|confusion
|-damage|p2a: Deoxys|25/100 tox|[from] confusion
|
|-damage|p2a: Deoxys|7/100 tox|[from] psn
|upkeep
|turn|15
|c|☆1colour|outplayed
|
|t:|1769378312
|switch|p2a: Gholdengo|Gholdengo|100/100
|-damage|p2a: Gholdengo|88/100|[from] Spikes
|move|p1a: Great Tusk|Ice Spinner|p2a: Gholdengo
|-resisted|p2a: Gholdengo
|-damage|p2a: Gholdengo|78/100
|
|upkeep
|turn|16
|
|t:|1769378328
|move|p1a: Great Tusk|Headlong Rush|p2a: Gholdengo
|-supereffective|p2a: Gholdengo
|-damage|p2a: Gholdengo|0 fnt
|-unboost|p1a: Great Tusk|def|1
|-unboost|p1a: Great Tusk|spd|1
|faint|p2a: Gholdengo
|
|upkeep
|
|t:|1769378331
|switch|p2a: Tornadus|Tornadus-Therian, M|82/100
|turn|17
|inactive|suprya has 120 seconds left.
|
|t:|1769378368
|-end|p1a: Great Tusk|Protosynthesis|[silent]
|switch|p1a: Moltres|Moltres|96/100
|move|p2a: Tornadus|Bleakwind Storm|p1a: Moltres
|-damage|p1a: Moltres|59/100
|-unboost|p1a: Moltres|spe|1
|
|upkeep
|turn|18
|inactive|suprya has 120 seconds left.
|
|t:|1769378375
|move|p2a: Tornadus|Bleakwind Storm|p1a: Moltres
|-damage|p1a: Moltres|20/100
|-unboost|p1a: Moltres|spe|1
|move|p1a: Moltres|Roost|p1a: Moltres
|-heal|p1a: Moltres|70/100
|-singleturn|p1a: Moltres|move: Roost
|
|upkeep
|turn|19
|j| Ctannn
|
|t:|1769378380
|move|p2a: Tornadus|Bleakwind Storm|p1a: Moltres|[miss]
|-miss|p2a: Tornadus|p1a: Moltres
|move|p1a: Moltres|Roost|p1a: Moltres
|-heal|p1a: Moltres|100/100
|-singleturn|p1a: Moltres|move: Roost
|
|upkeep
|turn|20
|
|t:|1769378384
|move|p2a: Tornadus|Bleakwind Storm|p1a: Moltres
|-damage|p1a: Moltres|63/100
|-unboost|p1a: Moltres|spe|1
|move|p1a: Moltres|Flamethrower|p2a: Tornadus
|-damage|p2a: Tornadus|43/100
|
|upkeep
|turn|21
|
|t:|1769378390
|move|p2a: Tornadus|Taunt|p1a: Moltres
|-start|p1a: Moltres|move: Taunt
|cant|p1a: Moltres|move: Taunt|Roost
|
|upkeep
|turn|22
|
|t:|1769378394
|switch|p2a: Deoxys|Deoxys-Defense|7/100 tox
|-ability|p2a: Deoxys|Pressure
|move|p1a: Moltres|Flamethrower|p2a: Deoxys
|-damage|p2a: Deoxys|0 fnt
|faint|p2a: Deoxys
|
|upkeep
|
|t:|1769378397
|switch|p2a: Tornadus|Tornadus-Therian, M|76/100
|turn|23
|
|t:|1769378406
|switch|p1a: Samurott|Samurott-Hisui, F|75/100
|-damage|p1a: Samurott|59/100|[from] Spikes
|move|p2a: Tornadus|Bleakwind Storm|p1a: Samurott
|-damage|p1a: Samurott|35/100
|-unboost|p1a: Samurott|spe|1
|
|upkeep
|turn|24
|
|t:|1769378410
|move|p2a: Tornadus|Bleakwind Storm|p1a: Samurott
|-damage|p1a: Samurott|10/100
|move|p1a: Samurott|Ceaseless Edge|p2a: Tornadus|[miss]
|-miss|p1a: Samurott|p2a: Tornadus
|
|upkeep
|turn|25
|
|t:|1769378416
|move|p1a: Samurott|Sucker Punch|p2a: Tornadus
|-damage|p2a: Tornadus|43/100
|move|p2a: Tornadus|Knock Off|p1a: Samurott
|-resisted|p1a: Samurott
|-damage|p1a: Samurott|0 fnt
|-enditem|p1a: Samurott|Assault Vest|[from] move: Knock Off|[of] p2a: Tornadus
|faint|p1a: Samurott
|
|upkeep
|
|t:|1769378420
|switch|p1a: Iron Valiant|Iron Valiant|100/100
|-damage|p1a: Iron Valiant|84/100|[from] Spikes
|-enditem|p1a: Iron Valiant|Booster Energy
|-activate|p1a: Iron Valiant|ability: Quark Drive|[fromitem]
|-start|p1a: Iron Valiant|quarkdrivespe
|turn|26
|
|t:|1769378437
|switch|p2a: Zamazenta|Zamazenta, shiny|94/100
|-damage|p2a: Zamazenta|82/100|[from] Spikes
|-terastallize|p1a: Iron Valiant|Electric
|move|p1a: Iron Valiant|Calm Mind|p1a: Iron Valiant
|-boost|p1a: Iron Valiant|spa|1
|-boost|p1a: Iron Valiant|spd|1
|
|-heal|p2a: Zamazenta|88/100|[from] item: Leftovers
|upkeep
|turn|27
|
|t:|1769378451
|-terastallize|p2a: Zamazenta|Poison
|move|p1a: Iron Valiant|Thunderbolt|p2a: Zamazenta
|-damage|p2a: Zamazenta|29/100
|move|p2a: Zamazenta|Body Press|p1a: Iron Valiant
|-damage|p1a: Iron Valiant|45/100
|
|-heal|p2a: Zamazenta|35/100|[from] item: Leftovers
|upkeep
|turn|28
|
|t:|1769378459
|move|p1a: Iron Valiant|Thunderbolt|p2a: Zamazenta
|-damage|p2a: Zamazenta|0 fnt
|faint|p2a: Zamazenta
|
|upkeep
|
|t:|1769378461
|switch|p2a: Cinderace|Cinderace, F|100/100
|-damage|p2a: Cinderace|88/100|[from] Spikes
|turn|29
|
|t:|1769378470
|move|p1a: Iron Valiant|Thunderbolt|p2a: Cinderace
|-damage|p2a: Cinderace|1/100
|move|p2a: Cinderace|U-turn|p1a: Iron Valiant
|-start|p2a: Cinderace|typechange|Bug|[from] ability: Libero
|-damage|p1a: Iron Valiant|0 fnt
|faint|p1a: Iron Valiant
|-end|p1a: Iron Valiant|Quark Drive|[silent]
|
|t:|1769378475
|switch|p2a: Tornadus|Tornadus-Therian, M|76/100|[from] U-turn
|
|upkeep
|
|t:|1769378483
|switch|p1a: Pecharunt|Pecharunt|80/100
|-damage|p1a: Pecharunt|64/100|[from] Spikes
|turn|30
|
|t:|1769378489
|move|p2a: Tornadus|Taunt|p1a: Pecharunt
|-start|p1a: Pecharunt|move: Taunt
|cant|p1a: Pecharunt|move: Taunt|Parting Shot
|
|upkeep
|turn|31
|
|t:|1769378491
|move|p2a: Tornadus|Bleakwind Storm|p1a: Pecharunt
|-damage|p1a: Pecharunt|28/100
|move|p1a: Pecharunt|Shadow Ball|p2a: Tornadus
|-damage|p2a: Tornadus|51/100
|
|upkeep
|turn|32
|
|t:|1769378497
|move|p2a: Tornadus|Bleakwind Storm|p1a: Pecharunt
|-damage|p1a: Pecharunt|0 fnt
|faint|p1a: Pecharunt
|
|upkeep
|
|t:|1769378501
|switch|p1a: Moltres|Moltres|63/100
|turn|33
|
|t:|1769378505
|move|p2a: Tornadus|Bleakwind Storm|p1a: Moltres
|-damage|p1a: Moltres|26/100
|move|p1a: Moltres|Roost|p1a: Moltres
|-heal|p1a: Moltres|76/100
|-singleturn|p1a: Moltres|move: Roost
|
|upkeep
|turn|34
|
|t:|1769378509
|move|p2a: Tornadus|Taunt|p1a: Moltres
|-start|p1a: Moltres|move: Taunt
|move|p1a: Moltres|Flamethrower|p2a: Tornadus
|-damage|p2a: Tornadus|9/100
|
|upkeep
|turn|35
|
|t:|1769378513
|switch|p2a: Cinderace|Cinderace, F|1/100
|-damage|p2a: Cinderace|0 fnt|[from] Spikes
|faint|p2a: Cinderace
|move|p1a: Moltres|Flamethrower|p2: Cinderace|[notarget]
|-fail|p1a: Moltres
|
|upkeep
|
|t:|1769378517
|switch|p2a: Tornadus|Tornadus-Therian, M|42/100
|turn|36
|
|t:|1769378524
|move|p2a: Tornadus|Bleakwind Storm|p1a: Moltres
|-damage|p1a: Moltres|37/100
|move|p1a: Moltres|Flamethrower|p2a: Tornadus
|-damage|p2a: Tornadus|4/100
|
|-end|p1a: Moltres|move: Taunt
|upkeep
|turn|37
|
|t:|1769378544
|switch|p1a: Hoopa|Hoopa-Unbound|100/100
|-damage|p1a: Hoopa|84/100|[from] Spikes
|move|p2a: Tornadus|Bleakwind Storm|p1a: Hoopa|[miss]
|-miss|p2a: Tornadus|p1a: Hoopa
|
|upkeep
|turn|38
|
|t:|1769378555
|move|p2a: Tornadus|Knock Off|p1a: Hoopa
|-damage|p1a: Hoopa|45/100
|-enditem|p1a: Hoopa|Big Nugget|[from] move: Knock Off|[of] p2a: Tornadus
|move|p1a: Hoopa|Psychic Noise|p2a: Tornadus
|-damage|p2a: Tornadus|0 fnt
|faint|p2a: Tornadus
|-item|p1a: Hoopa|Heavy-Duty Boots|[from] ability: Magician|[of] p2: Tornadus
|
|upkeep
|
|t:|1769378564
|switch|p2a: Enamorus|Enamorus, F|100/100
|turn|39
|
|t:|1769378569
|move|p2a: Enamorus|Moonblast|p1a: Hoopa
|-supereffective|p1a: Hoopa
|-damage|p1a: Hoopa|0 fnt
|faint|p1a: Hoopa
|
|upkeep
|
|t:|1769378571
|switch|p1a: Moltres|Moltres|37/100
|turn|40
|
|t:|1769378575
|move|p2a: Enamorus|Moonblast|p1a: Moltres
|-resisted|p1a: Moltres
|-damage|p1a: Moltres|11/100
|-unboost|p1a: Moltres|spa|1
|move|p1a: Moltres|Roost|p1a: Moltres
|-heal|p1a: Moltres|61/100
|-singleturn|p1a: Moltres|move: Roost
|
|upkeep
|turn|41
|
|t:|1769378579
|move|p2a: Enamorus|Moonblast|p1a: Moltres
|-resisted|p1a: Moltres
|-damage|p1a: Moltres|37/100
|move|p1a: Moltres|Roost|p1a: Moltres
|-heal|p1a: Moltres|87/100
|-singleturn|p1a: Moltres|move: Roost
|
|upkeep
|turn|42
|
|t:|1769378584
|move|p2a: Enamorus|Moonblast|p1a: Moltres
|-resisted|p1a: Moltres
|-damage|p1a: Moltres|60/100
|move|p1a: Moltres|Flamethrower|p2a: Enamorus
|-damage|p2a: Enamorus|64/100
|-status|p2a: Enamorus|brn
|
|-damage|p2a: Enamorus|58/100 brn|[from] brn
|upkeep
|turn|43
|
|t:|1769378589
|move|p2a: Enamorus|Moonblast|p1a: Moltres
|-resisted|p1a: Moltres
|-damage|p1a: Moltres|35/100
|-unboost|p1a: Moltres|spa|1
|move|p1a: Moltres|Roost|p1a: Moltres
|-heal|p1a: Moltres|85/100
|-singleturn|p1a: Moltres|move: Roost
|
|-damage|p2a: Enamorus|51/100 brn|[from] brn
|upkeep
|turn|44
|
|t:|1769378594
|move|p2a: Enamorus|Moonblast|p1a: Moltres
|-resisted|p1a: Moltres
|-damage|p1a: Moltres|61/100
|move|p1a: Moltres|Flamethrower|p2a: Enamorus
|-damage|p2a: Enamorus|23/100 brn
|
|-damage|p2a: Enamorus|17/100 brn|[from] brn
|upkeep
|turn|45
|
|t:|1769378600
|move|p2a: Enamorus|Moonblast|p1a: Moltres
|-resisted|p1a: Moltres
|-damage|p1a: Moltres|37/100
|move|p1a: Moltres|Flamethrower|p2a: Enamorus
|-crit|p2a: Enamorus
|-damage|p2a: Enamorus|0 fnt
|faint|p2a: Enamorus
|
|win|suprya
|raw|suprya's rating: 1656 &rarr; <strong>1675</strong><br />(+19 for winning)
|raw|1colour's rating: 1630 &rarr; <strong>1611</strong><br />(-19 for losing)
|l|☆1colour
|player|p2|
|l|☆suprya
|player|p1|
|l| Ctannn
