|j|☆GyoK3RES
|j|☆Johabe
|t:|1769442882
|gametype|singles
|player|p1|GyoK3RES|dawn-gen4pt|1147
|player|p2|Johabe|101|1208
|gen|9
|tier|[Gen 9] OU
|rated|
|rule|HP Percentage Mod: HP is shown in percentages
|rule|Endless Battle Clause: Forcing endless battles is banned
|rule|Species Clause: Limit one of each Pokémon
|rule|OHKO Clause: OHKO moves are banned
|rule|Evasion Items Clause: Evasion items are banned
|rule|Evasion Moves Clause: Evasion moves are banned
|rule|Evasion Abilities Clause: Evasion abilities are banned
|rule|Sleep Moves Clause: Sleep-inducing moves are banned
|clearpoke
|poke|p1|Corviknight, F|
|poke|p1|Leafeon, M|
|poke|p1|Garchomp, M|
|poke|p1|Torkoal, M|
|poke|p1|Greninja-*, M|
|poke|p1|Gliscor, M|
|poke|p2|Rotom-Wash|
|poke|p2|Great Tusk|
|poke|p2|Chansey, F|
|poke|p2|Landorus-Therian, M|
|poke|p2|Garganacl, M|
|poke|p2|Toxapex, F|
|teampreview
|
|t:|1769442887
|teamsize|p1|6
|teamsize|p2|6
|start
|switch|p1a: Torkoal|Torkoal, M|100/100
|switch|p2a: Gaara|Landorus-Therian, M, shiny|100/100
|-ability|p2a: Gaara|Intimidate|boost
|-unboost|p1a: Torkoal|atk|1
|-weather|SunnyDay|[from] ability: Drought|[of] p1a: Torkoal
|turn|1
|
|t:|1769442900
|move|p2a: Gaara|Earthquake|p1a: Torkoal
|-supereffective|p1a: Torkoal
|-damage|p1a: Torkoal|10/100
|move|p1a: Torkoal|Overheat|p2a: Gaara
|-damage|p2a: Gaara|0 fnt
|-unboost|p1a: Torkoal|spa|2
|faint|p2a: Gaara
|
|-weather|SunnyDay|[upkeep]
|upkeep
|
|t:|1769442912
|switch|p2a: Great Tusk|Great Tusk|100/100
|-activate|p2a: Great Tusk|ability: Protosynthesis
|-start|p2a: Great Tusk|protosynthesisatk
|turn|2
|
|t:|1769442921
|switch|p1a: Leafeon|Leafeon, M|100/100
|move|p2a: Great Tusk|Ice Spinner|p1a: Leafeon
|-supereffective|p1a: Leafeon
|-damage|p1a: Leafeon|0 fnt
|faint|p1a: Leafeon
|
|-weather|SunnyDay|[upkeep]
|upkeep
|
|t:|1769442933
|switch|p1a: Greninja|Greninja, M|100/100
|turn|3
|
|t:|1769442939
|-end|p2a: Great Tusk|Protosynthesis|[silent]
|switch|p2a: Badegg|Chansey, F, shiny|100/100
|-terastallize|p1a: Greninja|Water
|move|p1a: Greninja|Hydro Pump|p2a: Badegg
|-damage|p2a: Badegg|88/100
|-damage|p1a: Greninja|91/100|[from] item: Life Orb
|
|-weather|SunnyDay|[upkeep]
|upkeep
|turn|4
|
|t:|1769442955
|switch|p1a: Gliscor|Gliscor, M|100/100
|switch|p2a: Great Tusk|Great Tusk|100/100
|-activate|p2a: Great Tusk|ability: Protosynthesis
|-start|p2a: Great Tusk|protosynthesisatk
|
|-weather|SunnyDay|[upkeep]
|-status|p1a: Gliscor|tox|[from] item: Toxic Orb
|upkeep
|turn|5
|
|t:|1769442965
|move|p2a: Great Tusk|Ice Spinner|p1a: Gliscor
|-supereffective|p1a: Gliscor
|-damage|p1a: Gliscor|0 fnt
|faint|p1a: Gliscor
|
|-weather|SunnyDay|[upkeep]
|upkeep
|
|t:|1769442979
|switch|p1a: Greninja|Greninja, M, tera:Water|91/100
|turn|6
|
|t:|1769442989
|switch|p1a: Garchomp|Garchomp, M|100/100
|-end|p2a: Great Tusk|Protosynthesis|[silent]
|switch|p2a: Badegg|Chansey, F, shiny|88/100
|
|-weather|SunnyDay|[upkeep]
|upkeep
|turn|7
|
|t:|1769443000
|switch|p2a: Rotom|Rotom-Wash|100/100
|move|p1a: Garchomp|Scale Shot|p2a: Rotom
|-damage|p2a: Rotom|81/100
|-damage|p2a: Rotom|61/100
|-damage|p2a: Rotom|42/100
|-damage|p2a: Rotom|25/100
|-damage|p2a: Rotom|7/100
|-hitcount|p2a: Rotom|5
|-unboost|p1a: Garchomp|def|1
|-boost|p1a: Garchomp|spe|1
|
|-weather|SunnyDay|[upkeep]
|upkeep
|turn|8
|
|t:|1769443015
|switch|p2a: Raven|Toxapex, F, shiny|100/100
|move|p1a: Garchomp|Swords Dance|p1a: Garchomp
|-boost|p1a: Garchomp|atk|2
|
|-weather|none
|upkeep
|turn|9
|
|t:|1769443026
|-terastallize|p2a: Raven|Flying
|move|p1a: Garchomp|Earthquake|p2a: Raven
|-immune|p2a: Raven
|move|p2a: Raven|Toxic|p1a: Garchomp
|-status|p1a: Garchomp|tox
|
|-damage|p2a: Raven|88/100|[from] item: Black Sludge
|-damage|p1a: Garchomp|94/100 tox|[from] psn
|upkeep
|turn|10
|
|t:|1769443043
|move|p1a: Garchomp|Scale Shot|p2a: Raven
|-damage|p2a: Raven|72/100
|-damage|p2a: Raven|56/100
|-damage|p2a: Raven|40/100
|-damage|p2a: Raven|23/100
|-hitcount|p2a: Raven|4
|-unboost|p1a: Garchomp|def|1
|-boost|p1a: Garchomp|spe|1
|move|p2a: Raven|Infestation|p1a: Garchomp
|-damage|p1a: Garchomp|91/100 tox
|-activate|p1a: Garchomp|move: Infestation|[of] p2a: Raven
|-damage|p2a: Raven|10/100|[from] ability: Rough Skin|[of] p1a: Garchomp
|
|-damage|p2a: Raven|0 fnt|[from] item: Black Sludge
|faint|p2a: Raven
|-damage|p1a: Garchomp|79/100 tox|[from] psn
|-end|p1a: Garchomp|Infestation|[partiallytrapped]|[silent]
|upkeep
|
|t:|1769443060
|switch|p2a: Creative Mode|Garganacl, M, shiny|100/100
|turn|11
|
|t:|1769443065
|move|p2a: Creative Mode|Protect|p2a: Creative Mode
|-singleturn|p2a: Creative Mode|Protect
|move|p1a: Garchomp|Earthquake|p2a: Creative Mode
|-activate|p2a: Creative Mode|move: Protect
|
|-damage|p1a: Garchomp|60/100 tox|[from] psn
|upkeep
|turn|12
|
|t:|1769443076
|move|p1a: Garchomp|Earthquake|p2a: Creative Mode
|-supereffective|p2a: Creative Mode
|-damage|p2a: Creative Mode|0 fnt
|faint|p2a: Creative Mode
|
|-damage|p1a: Garchomp|36/100 tox|[from] psn
|upkeep
|
|t:|1769443080
|switch|p2a: Rotom|Rotom-Wash|7/100
|turn|13
|
|t:|1769443094
|move|p1a: Garchomp|Scale Shot|p2a: Rotom
|-damage|p2a: Rotom|0 fnt
|faint|p2a: Rotom
|-hitcount|p2: Rotom|1
|-unboost|p1a: Garchomp|def|1
|-boost|p1a: Garchomp|spe|1
|
|-damage|p1a: Garchomp|5/100 tox|[from] psn
|upkeep
|
|t:|1769443100
|switch|p2a: Badegg|Chansey, F, shiny|88/100
|turn|14
|
|t:|1769443104
|move|p1a: Garchomp|Scale Shot|p2a: Badegg
|-damage|p2a: Badegg|70/100
|-damage|p2a: Badegg|53/100
|-damage|p2a: Badegg|36/100
|-damage|p2a: Badegg|18/100
|-damage|p2a: Badegg|2/100
|-hitcount|p2a: Badegg|5
|-unboost|p1a: Garchomp|def|1
|-boost|p1a: Garchomp|spe|1
|move|p2a: Badegg|Soft-Boiled|p2a: Badegg
|-heal|p2a: Badegg|52/100
|
|-damage|p1a: Garchomp|0 fnt|[from] psn
|faint|p1a: Garchomp
|upkeep
|
|t:|1769443128
|switch|p1a: Torkoal|Torkoal, M|10/100
|-weather|SunnyDay|[from] ability: Drought|[of] p1a: Torkoal
|turn|15
|
|t:|1769443135
|move|p2a: Badegg|Soft-Boiled|p2a: Badegg
|-heal|p2a: Badegg|100/100
|move|p1a: Torkoal|Body Press|p2a: Badegg
|-supereffective|p2a: Badegg
|-damage|p2a: Badegg|65/100
|
|-weather|SunnyDay|[upkeep]
|upkeep
|turn|16
|
|t:|1769443143
|move|p2a: Badegg|Seismic Toss|p1a: Torkoal
|-damage|p1a: Torkoal|0 fnt
|faint|p1a: Torkoal
|
|-weather|SunnyDay|[upkeep]
|upkeep
|
|t:|1769443150
|switch|p1a: Corviknight|Corviknight, F|100/100
|-ability|p1a: Corviknight|Pressure
|turn|17
|
|t:|1769443155
|move|p1a: Corviknight|Body Press|p2a: Badegg
|-supereffective|p2a: Badegg
|-damage|p2a: Badegg|35/100
|move|p2a: Badegg|Thunder Wave|p1a: Corviknight
|-status|p1a: Corviknight|par
|
|-weather|SunnyDay|[upkeep]
|upkeep
|turn|18
|
|t:|1769443162
|move|p2a: Badegg|Soft-Boiled|p2a: Badegg
|-heal|p2a: Badegg|85/100
|move|p1a: Corviknight|Body Press|p2a: Badegg
|-supereffective|p2a: Badegg
|-damage|p2a: Badegg|56/100
|
|-weather|SunnyDay|[upkeep]
|upkeep
|turn|19
|
|t:|1769443170
|move|p2a: Badegg|Seismic Toss|p1a: Corviknight
|-damage|p1a: Corviknight|71/100 par
|move|p1a: Corviknight|Body Press|p2a: Badegg
|-supereffective|p2a: Badegg
|-damage|p2a: Badegg|25/100
|
|-weather|SunnyDay|[upkeep]
|-heal|p1a: Corviknight|77/100 par|[from] item: Leftovers
|upkeep
|turn|20
|
|t:|1769443178
|move|p2a: Badegg|Soft-Boiled|p2a: Badegg
|-heal|p2a: Badegg|75/100
|move|p1a: Corviknight|Body Press|p2a: Badegg
|-supereffective|p2a: Badegg
|-damage|p2a: Badegg|42/100
|
|-weather|SunnyDay|[upkeep]
|-heal|p1a: Corviknight|83/100 par|[from] item: Leftovers
|upkeep
|turn|21
|
|t:|1769443188
|move|p2a: Badegg|Soft-Boiled|p2a: Badegg
|-heal|p2a: Badegg|92/100
|move|p1a: Corviknight|Body Press|p2a: Badegg
|-supereffective|p2a: Badegg
|-damage|p2a: Badegg|63/100
|
|-weather|SunnyDay|[upkeep]
|-heal|p1a: Corviknight|90/100 par|[from] item: Leftovers
|upkeep
|turn|22
|
|t:|1769443220
|move|p2a: Badegg|Seismic Toss|p1a: Corviknight
|-damage|p1a: Corviknight|60/100 par
|move|p1a: Corviknight|Body Press|p2a: Badegg
|-supereffective|p2a: Badegg
|-damage|p2a: Badegg|33/100
|
|-weather|none
|-heal|p1a: Corviknight|66/100 par|[from] item: Leftovers
|upkeep
|turn|23
|
|t:|1769443229
|move|p2a: Badegg|Soft-Boiled|p2a: Badegg
|-heal|p2a: Badegg|83/100
|move|p1a: Corviknight|Body Press|p2a: Badegg
|-supereffective|p2a: Badegg
|-damage|p2a: Badegg|51/100
|
|-heal|p1a: Corviknight|72/100 par|[from] item: Leftovers
|upkeep
|turn|24
|
|t:|1769443240
|move|p2a: Badegg|Seismic Toss|p1a: Corviknight
|-damage|p1a: Corviknight|43/100 par
|cant|p1a: Corviknight|par
|
|-heal|p1a: Corviknight|49/100 par|[from] item: Leftovers
|upkeep
|turn|25
|
|t:|1769443247
|move|p2a: Badegg|Soft-Boiled|p2a: Badegg
|-heal|p2a: Badegg|100/100
|move|p1a: Corviknight|Roost|p1a: Corviknight
|-heal|p1a: Corviknight|99/100 par
|-singleturn|p1a: Corviknight|move: Roost
|
|-heal|p1a: Corviknight|100/100 par|[from] item: Leftovers
|upkeep
|turn|26
|
|t:|1769443256
|move|p2a: Badegg|Seismic Toss|p1a: Corviknight
|-damage|p1a: Corviknight|71/100 par
|move|p1a: Corviknight|Body Press|p2a: Badegg
|-supereffective|p2a: Badegg
|-damage|p2a: Badegg|71/100
|
|-heal|p1a: Corviknight|77/100 par|[from] item: Leftovers
|upkeep
|turn|27
|
|t:|1769443263
|move|p2a: Badegg|Seismic Toss|p1a: Corviknight
|-damage|p1a: Corviknight|48/100 par
|move|p1a: Corviknight|Body Press|p2a: Badegg
|-supereffective|p2a: Badegg
|-damage|p2a: Badegg|41/100
|
|-heal|p1a: Corviknight|54/100 par|[from] item: Leftovers
|upkeep
|turn|28
|
|t:|1769443274
|switch|p2a: Great Tusk|Great Tusk|100/100
|move|p1a: Corviknight|Roost|p1a: Corviknight
|-heal|p1a: Corviknight|100/100 par
|-singleturn|p1a: Corviknight|move: Roost
|
|upkeep
|turn|29
|
|t:|1769443287
|move|p2a: Great Tusk|Ice Spinner|p1a: Corviknight
|-damage|p1a: Corviknight|66/100 par
|move|p1a: Corviknight|Body Press|p2a: Great Tusk
|-damage|p2a: Great Tusk|82/100
|
|-heal|p1a: Corviknight|72/100 par|[from] item: Leftovers
|upkeep
|turn|30
|
|t:|1769443295
|move|p1a: Corviknight|Protect|p1a: Corviknight
|-singleturn|p1a: Corviknight|Protect
|move|p2a: Great Tusk|Ice Spinner|p1a: Corviknight
|-activate|p1a: Corviknight|move: Protect
|
|-heal|p1a: Corviknight|78/100 par|[from] item: Leftovers
|upkeep
|turn|31
|
|t:|1769443302
|move|p2a: Great Tusk|Ice Spinner|p1a: Corviknight
|-damage|p1a: Corviknight|45/100 par
|move|p1a: Corviknight|Body Press|p2a: Great Tusk
|-damage|p2a: Great Tusk|64/100
|
|-heal|p1a: Corviknight|52/100 par|[from] item: Leftovers
|upkeep
|turn|32
|
|t:|1769443310
|move|p2a: Great Tusk|Ice Spinner|p1a: Corviknight
|-damage|p1a: Corviknight|18/100 par
|move|p1a: Corviknight|Roost|p1a: Corviknight
|-heal|p1a: Corviknight|68/100 par
|-singleturn|p1a: Corviknight|move: Roost
|
|-heal|p1a: Corviknight|74/100 par|[from] item: Leftovers
|upkeep
|turn|33
|
|t:|1769443318
|switch|p1a: Greninja|Greninja, M, tera:Water|91/100
|move|p2a: Great Tusk|Ice Spinner|p1a: Greninja
|-resisted|p1a: Greninja
|-damage|p1a: Greninja|58/100
|
|upkeep
|turn|34
|
|t:|1769443335
|-end|p2a: Great Tusk|Protosynthesis|[silent]
|switch|p2a: Badegg|Chansey, F, shiny|41/100
|move|p1a: Greninja|Hydro Pump|p2a: Badegg|[miss]
|-miss|p1a: Greninja|p2a: Badegg
|
|upkeep
|turn|35
|
|t:|1769443342
|switch|p2a: Great Tusk|Great Tusk|64/100
|move|p1a: Greninja|Hydro Pump|p2a: Great Tusk
|-supereffective|p2a: Great Tusk
|-damage|p2a: Great Tusk|0 fnt
|faint|p2a: Great Tusk
|-end|p2a: Great Tusk|Protosynthesis|[silent]
|-ability|p1a: Greninja|Battle Bond|boost
|-boost|p1a: Greninja|atk|1
|-boost|p1a: Greninja|spa|1
|-boost|p1a: Greninja|spe|1
|-activate|p1a: Greninja|ability: Battle Bond
|-damage|p1a: Greninja|48/100|[from] item: Life Orb
|
|upkeep
|
|t:|1769443345
|switch|p2a: Badegg|Chansey, F, shiny|41/100
|turn|36
|
|t:|1769443357
|move|p1a: Greninja|Hydro Pump|p2a: Badegg
|-damage|p2a: Badegg|0 fnt
|faint|p2a: Badegg
|-damage|p1a: Greninja|38/100|[from] item: Life Orb
|
|win|GyoK3RES
|raw|GyoK3RES's rating: 1147 &rarr; <strong>1176</strong><br />(+29 for winning)
|raw|Johabe's rating: 1208 &rarr; <strong>1179</strong><br />(-29 for losing)
|c|☆GyoK3RES|eyyy ggs
|l|☆Johabe
|player|p2|
|c|☆GyoK3RES|stall is annoying af
