|j|☆6hoolalala9
|j|‽senator Kanto
|t:|1769424948
|gametype|singles
|player|p1|6hoolalala9|n|1212
|player|p2|senator Kanto|scientist-gen4|1170
|gen|9
|tier|[Gen 9] OU
|rated|
|rule|HP Percentage Mod: HP is shown in percentages
|rule|Endless Battle Clause: Forcing endless battles is banned
|rule|Species Clause: Limit one of each Pokémon
|rule|OHKO Clause: OHKO moves are banned
|rule|Evasion Items Clause: Evasion items are banned
|rule|Evasion Moves Clause: Evasion moves are banned
|rule|Evasion Abilities Clause: Evasion abilities are banned
|rule|Sleep Moves Clause: Sleep-inducing moves are banned
|clearpoke
|poke|p1|Iron Moth|
|poke|p1|Kingambit, F|
|poke|p1|Dragonite, M|
|poke|p1|Ogerpon-Cornerstone, F|
|poke|p1|Iron Valiant|
|poke|p1|Raging Bolt|
|poke|p2|Decidueye, M|
|poke|p2|Muk-Alola, M|
|poke|p2|Toxapex, F|
|poke|p2|Vikavolt, F|
|poke|p2|Toucannon, F|
|poke|p2|Bruxish, F|
|teampreview
|inactive|Battle timer is ON: inactive players will automatically lose when time's up. (requested by senator Kanto)
|
|t:|1769424958
|teamsize|p1|6
|teamsize|p2|6
|start
|switch|p1a: Iron Valiant|Iron Valiant|100/100
|switch|p2a: Toucannon|Toucannon, F|100/100
|-enditem|p1a: Iron Valiant|Booster Energy
|-activate|p1a: Iron Valiant|ability: Quark Drive|[fromitem]
|-start|p1a: Iron Valiant|quarkdrivespe
|turn|1
|
|t:|1769424967
|-singleturn|p2a: Toucannon|move: Beak Blast
|move|p1a: Iron Valiant|Knock Off|p2a: Toucannon
|-damage|p2a: Toucannon|62/100
|-status|p1a: Iron Valiant|brn
|-enditem|p2a: Toucannon|Muscle Band|[from] move: Knock Off|[of] p1a: Iron Valiant
|move|p2a: Toucannon|Beak Blast|p1a: Iron Valiant
|-supereffective|p1a: Iron Valiant
|-damage|p1a: Iron Valiant|0 fnt
|faint|p1a: Iron Valiant
|-end|p1a: Iron Valiant|Quark Drive|[silent]
|
|upkeep
|
|t:|1769424977
|switch|p1a: Raging Bolt|Raging Bolt|100/100
|-enditem|p1a: Raging Bolt|Booster Energy
|-activate|p1a: Raging Bolt|ability: Protosynthesis|[fromitem]
|-start|p1a: Raging Bolt|protosynthesisspa
|turn|2
|
|t:|1769424993
|switch|p2a: Vikavolt|Vikavolt, F, shiny|100/100
|move|p1a: Raging Bolt|Thunderclap||[still]
|-fail|p1a: Raging Bolt
|
|upkeep
|turn|3
|
|t:|1769425005
|move|p1a: Raging Bolt|Thunderbolt|p2a: Vikavolt
|-resisted|p2a: Vikavolt
|-damage|p2a: Vikavolt|51/100
|-enditem|p2a: Vikavolt|Red Card|[of] p1a: Raging Bolt
|-end|p1a: Raging Bolt|Protosynthesis|[silent]
|drag|p1a: Ogerpon|Ogerpon-Cornerstone, F|100/100
|move|p2a: Vikavolt|Sticky Web|p1a: Ogerpon
|-sidestart|p1: 6hoolalala9|move: Sticky Web
|
|upkeep
|turn|4
|
|t:|1769425019
|move|p1a: Ogerpon|Ivy Cudgel|p2a: Vikavolt|[anim] Ivy Cudgel Rock
|-supereffective|p2a: Vikavolt
|-crit|p2a: Vikavolt
|-damage|p2a: Vikavolt|0 fnt
|faint|p2a: Vikavolt
|
|upkeep
|
|t:|1769425035
|switch|p2a: Muk|Muk-Alola, M|100/100
|-item|p2a: Muk|Air Balloon
|turn|5
|
|t:|1769425049
|-terastallize|p1a: Ogerpon|Rock
|detailschange|p1a: Ogerpon|Ogerpon-Cornerstone-Tera, F, tera:Rock
|-ability|p1a: Ogerpon|Embody Aspect (Cornerstone)|boost
|-boost|p1a: Ogerpon|def|1
|move|p1a: Ogerpon|Ivy Cudgel|p2a: Muk|[anim] Ivy Cudgel Rock
|-damage|p2a: Muk|18/100
|-enditem|p2a: Muk|Air Balloon
|move|p2a: Muk|Ice Punch|p1a: Ogerpon
|-damage|p1a: Ogerpon|80/100
|
|upkeep
|turn|6
|
|t:|1769425067
|switch|p2a: Bruxish|Bruxish, F|100/100
|move|p1a: Ogerpon|Ivy Cudgel|p2a: Bruxish|[anim] Ivy Cudgel Rock
|-damage|p2a: Bruxish|10/100
|
|upkeep
|turn|7
|
|t:|1769425074
|move|p1a: Ogerpon|Ivy Cudgel|p2a: Bruxish|[anim] Ivy Cudgel Rock
|-damage|p2a: Bruxish|0 fnt
|faint|p2a: Bruxish
|
|upkeep
|
|t:|1769425079
|switch|p2a: Toxapex|Toxapex, F|100/100
|turn|8
|
|t:|1769425083
|move|p2a: Toxapex|Baneful Bunker|p2a: Toxapex
|-singleturn|p2a: Toxapex|move: Protect
|move|p1a: Ogerpon|Knock Off|p2a: Toxapex
|-activate|p2a: Toxapex|move: Protect
|-status|p1a: Ogerpon|psn
|
|-damage|p1a: Ogerpon|67/100 psn|[from] psn
|upkeep
|turn|9
|
|t:|1769425094
|switch|p2a: Muk|Muk-Alola, M|18/100
|move|p1a: Ogerpon|Knock Off|p2a: Muk
|-resisted|p2a: Muk
|-damage|p2a: Muk|4/100
|
|-damage|p1a: Ogerpon|55/100 psn|[from] psn
|upkeep
|turn|10
|
|t:|1769425103
|move|p1a: Ogerpon|Knock Off|p2a: Muk
|-resisted|p2a: Muk
|-damage|p2a: Muk|0 fnt
|faint|p2a: Muk
|
|-damage|p1a: Ogerpon|43/100 psn|[from] psn
|upkeep
|
|t:|1769425112
|switch|p2a: Toxapex|Toxapex, F|100/100
|turn|11
|
|t:|1769425116
|move|p1a: Ogerpon|Knock Off|p2a: Toxapex
|-damage|p2a: Toxapex|65/100
|-enditem|p2a: Toxapex|Leftovers|[from] move: Knock Off|[of] p1a: Ogerpon
|move|p2a: Toxapex|Surf|p1a: Ogerpon
|-supereffective|p1a: Ogerpon
|-crit|p1a: Ogerpon
|-damage|p1a: Ogerpon|0 fnt
|faint|p1a: Ogerpon
|detailschange|p1: Ogerpon|Ogerpon-Cornerstone, F|[silent]
|
|upkeep
|
|t:|1769425128
|switch|p1a: Raging Bolt|Raging Bolt|100/100
|-activate|p1a: Raging Bolt|move: Sticky Web
|-unboost|p1a: Raging Bolt|spe|1
|turn|12
|
|t:|1769425133
|move|p1a: Raging Bolt|Thunderclap||[still]
|-fail|p1a: Raging Bolt
|move|p2a: Toxapex|Toxic|p1a: Raging Bolt
|-status|p1a: Raging Bolt|tox
|
|-damage|p1a: Raging Bolt|94/100 tox|[from] psn
|upkeep
|turn|13
|
|t:|1769425141
|move|p2a: Toxapex|Baneful Bunker|p2a: Toxapex
|-singleturn|p2a: Toxapex|move: Protect
|move|p1a: Raging Bolt|Thunderbolt|p2a: Toxapex
|-activate|p2a: Toxapex|move: Protect
|
|-damage|p1a: Raging Bolt|82/100 tox|[from] psn
|upkeep
|turn|14
|
|t:|1769425149
|switch|p2a: Decidueye|Decidueye, M, shiny|100/100
|move|p1a: Raging Bolt|Thunderbolt|p2a: Decidueye
|-resisted|p2a: Decidueye
|-damage|p2a: Decidueye|68/100
|
|-damage|p1a: Raging Bolt|64/100 tox|[from] psn
|upkeep
|turn|15
|
|t:|1769425164
|-end|p1a: Raging Bolt|Protosynthesis|[silent]
|switch|p1a: Iron Moth|Iron Moth|100/100
|-activate|p1a: Iron Moth|move: Sticky Web
|-unboost|p1a: Iron Moth|spe|1
|-enditem|p1a: Iron Moth|Booster Energy
|-activate|p1a: Iron Moth|ability: Quark Drive|[fromitem]
|-start|p1a: Iron Moth|quarkdrivespa
|move|p2a: Decidueye|Spirit Shackle|p1a: Iron Moth
|-damage|p1a: Iron Moth|50/100
|-activate|p1a: Iron Moth|trapped
|
|upkeep
|turn|16
|
|t:|1769425174
|move|p1a: Iron Moth|Fiery Dance|p2a: Decidueye
|-supereffective|p2a: Decidueye
|-damage|p2a: Decidueye|0 fnt
|-boost|p1a: Iron Moth|spa|1
|faint|p2a: Decidueye
|
|upkeep
|
|t:|1769425180
|switch|p2a: Toxapex|Toxapex, F|65/100
|turn|17
|
|t:|1769425201
|move|p1a: Iron Moth|Fiery Dance|p2a: Toxapex
|-resisted|p2a: Toxapex
|-damage|p2a: Toxapex|33/100
|move|p2a: Toxapex|Surf|p1a: Iron Moth
|-supereffective|p1a: Iron Moth
|-crit|p1a: Iron Moth
|-damage|p1a: Iron Moth|0 fnt
|faint|p1a: Iron Moth
|-end|p1a: Iron Moth|Quark Drive|[silent]
|
|upkeep
|
|t:|1769425209
|switch|p1a: Raging Bolt|Raging Bolt|64/100 tox
|-activate|p1a: Raging Bolt|move: Sticky Web
|-unboost|p1a: Raging Bolt|spe|1
|turn|18
|
|t:|1769425215
|move|p2a: Toxapex|Baneful Bunker|p2a: Toxapex
|-singleturn|p2a: Toxapex|move: Protect
|move|p1a: Raging Bolt|Thunderclap||[still]
|-fail|p1a: Raging Bolt
|
|-damage|p1a: Raging Bolt|58/100 tox|[from] psn
|upkeep
|turn|19
|
|t:|1769425233
|move|p1a: Raging Bolt|Thunderbolt|p2a: Toxapex
|-supereffective|p2a: Toxapex
|-damage|p2a: Toxapex|0 fnt
|faint|p2a: Toxapex
|
|-damage|p1a: Raging Bolt|45/100 tox|[from] psn
|upkeep
|
|t:|1769425240
|switch|p2a: Toucannon|Toucannon, F|62/100
|turn|20
|inactive|6hoolalala9 has 120 seconds left.
|
|t:|1769425277
|move|p1a: Raging Bolt|Thunderclap||[still]
|-fail|p1a: Raging Bolt
|move|p2a: Toucannon|Swords Dance|p2a: Toucannon
|-boost|p2a: Toucannon|atk|2
|
|-damage|p1a: Raging Bolt|27/100 tox|[from] psn
|upkeep
|turn|21
|inactive|6hoolalala9 has 120 seconds left.
|
|t:|1769425287
|move|p1a: Raging Bolt|Thunderbolt|p2a: Toucannon
|-supereffective|p2a: Toucannon
|-damage|p2a: Toucannon|0 fnt
|faint|p2a: Toucannon
|
|win|6hoolalala9
|raw|6hoolalala9's rating: 1212 &rarr; <strong>1234</strong><br />(+22 for winning)
|raw|senator Kanto's rating: 1170 &rarr; <strong>1148</strong><br />(-22 for losing)
|l|‽senator Kanto
|player|p2|
|l|☆6hoolalala9
|player|p1|
