|j|☆pigsiayers
|j|☆necrosys
|t:|1769424295
|gametype|singles
|player|p1|pigsiayers|veteran-gen4|1155
|player|p2|necrosys|101|1137
|gen|9
|tier|[Gen 9] OU
|rated|
|rule|HP Percentage Mod: HP is shown in percentages
|rule|Endless Battle Clause: Forcing endless battles is banned
|rule|Species Clause: Limit one of each Pokémon
|rule|OHKO Clause: OHKO moves are banned
|rule|Evasion Items Clause: Evasion items are banned
|rule|Evasion Moves Clause: Evasion moves are banned
|rule|Evasion Abilities Clause: Evasion abilities are banned
|rule|Sleep Moves Clause: Sleep-inducing moves are banned
|clearpoke
|poke|p1|Feraligatr, F|
|poke|p1|Muk-Alola, M|
|poke|p1|Grafaiai, F|
|poke|p1|Galvantula, F|
|poke|p1|Infernape, F|
|poke|p1|Landorus-Therian, M|
|poke|p2|Dondozo, M|
|poke|p2|Kingambit, M|
|poke|p2|Weezing-Galar, F|
|poke|p2|Oricorio-Pom-Pom, M|
|poke|p2|Zamazenta-*|
|poke|p2|Raging Bolt|
|teampreview
|inactive|Battle timer is ON: inactive players will automatically lose when time's up. (requested by necrosys)
|
|t:|1769424304
|teamsize|p1|6
|teamsize|p2|6
|start
|switch|p1a: Galvantula|Galvantula, F|100/100
|switch|p2a: Oricorio|Oricorio-Pom-Pom, M|100/100
|turn|1
|
|t:|1769424308
|move|p1a: Galvantula|Sticky Web|p2a: Oricorio
|-sidestart|p2: necrosys|move: Sticky Web
|move|p2a: Oricorio|Quiver Dance|p2a: Oricorio
|-boost|p2a: Oricorio|spa|1
|-boost|p2a: Oricorio|spd|1
|-boost|p2a: Oricorio|spe|1
|
|upkeep
|turn|2
|
|t:|1769424314
|move|p1a: Galvantula|Volt Switch|p2a: Oricorio
|-damage|p2a: Oricorio|79/100
|
|t:|1769424317
|switch|p1a: Grafaiai|Grafaiai, F|100/100|[from] Volt Switch
|move|p2a: Oricorio|Quiver Dance|p2a: Oricorio
|-boost|p2a: Oricorio|spa|1
|-boost|p2a: Oricorio|spd|1
|-boost|p2a: Oricorio|spe|1
|
|upkeep
|turn|3
|
|t:|1769424325
|move|p1a: Grafaiai|Encore|p2a: Oricorio
|-start|p2a: Oricorio|Encore
|move|p2a: Oricorio|Quiver Dance|p2a: Oricorio
|-boost|p2a: Oricorio|spa|1
|-boost|p2a: Oricorio|spd|1
|-boost|p2a: Oricorio|spe|1
|
|upkeep
|turn|4
|
|t:|1769424335
|move|p1a: Grafaiai|Copycat|p1a: Grafaiai
|move|p1a: Grafaiai|Quiver Dance|p1a: Grafaiai|[from] move: Copycat
|-boost|p1a: Grafaiai|spa|1
|-boost|p1a: Grafaiai|spd|1
|-boost|p1a: Grafaiai|spe|1
|-activate|p2a: Oricorio|ability: Dancer
|move|p2a: Oricorio|Quiver Dance|p2a: Oricorio|[from] ability: Dancer
|-boost|p2a: Oricorio|spa|1
|-boost|p2a: Oricorio|spd|1
|-boost|p2a: Oricorio|spe|1
|move|p2a: Oricorio|Quiver Dance|p2a: Oricorio
|-boost|p2a: Oricorio|spa|1
|-boost|p2a: Oricorio|spd|1
|-boost|p2a: Oricorio|spe|1
|
|upkeep
|turn|5
|
|t:|1769424348
|move|p1a: Grafaiai|Copycat|p1a: Grafaiai
|move|p1a: Grafaiai|Quiver Dance|p1a: Grafaiai|[from] move: Copycat
|-boost|p1a: Grafaiai|spa|1
|-boost|p1a: Grafaiai|spd|1
|-boost|p1a: Grafaiai|spe|1
|-activate|p2a: Oricorio|ability: Dancer
|move|p2a: Oricorio|Quiver Dance|p2a: Oricorio|[from] ability: Dancer
|-boost|p2a: Oricorio|spa|1
|-boost|p2a: Oricorio|spd|1
|-boost|p2a: Oricorio|spe|1
|move|p2a: Oricorio|Quiver Dance|p2a: Oricorio
|-boost|p2a: Oricorio|spa|0
|-boost|p2a: Oricorio|spd|0
|-boost|p2a: Oricorio|spe|0
|
|-end|p2a: Oricorio|Encore
|upkeep
|turn|6
|
|t:|1769424363
|move|p1a: Grafaiai|Encore|p2a: Oricorio
|-start|p2a: Oricorio|Encore
|move|p2a: Oricorio|Quiver Dance|p2a: Oricorio
|-boost|p2a: Oricorio|spa|0
|-boost|p2a: Oricorio|spd|0
|-boost|p2a: Oricorio|spe|0
|
|upkeep
|turn|7
|
|t:|1769424373
|switch|p2a: Dondozo|Dondozo, M|100/100
|-activate|p2a: Dondozo|move: Sticky Web
|-unboost|p2a: Dondozo|spe|1
|move|p1a: Grafaiai|Copycat|p1a: Grafaiai
|move|p1a: Grafaiai|Quiver Dance|p1a: Grafaiai|[from] move: Copycat
|-boost|p1a: Grafaiai|spa|1
|-boost|p1a: Grafaiai|spd|1
|-boost|p1a: Grafaiai|spe|1
|
|upkeep
|turn|8
|
|t:|1769424384
|move|p1a: Grafaiai|Gunk Shot|p2a: Dondozo
|-damage|p2a: Dondozo|79/100
|-status|p2a: Dondozo|psn
|move|p2a: Dondozo|Liquidation|p1a: Grafaiai
|-damage|p1a: Grafaiai|45/100
|
|-heal|p2a: Dondozo|85/100 psn|[from] item: Leftovers
|-damage|p2a: Dondozo|73/100 psn|[from] psn
|upkeep
|turn|9
|
|t:|1769424394
|move|p1a: Grafaiai|Parting Shot|p2a: Dondozo
|-unboost|p2a: Dondozo|atk|1
|-unboost|p2a: Dondozo|spa|1
|
|t:|1769424402
|switch|p1a: Galvantula|Galvantula, F|100/100|[from] Parting Shot
|move|p2a: Dondozo|Liquidation|p1a: Galvantula
|-damage|p1a: Galvantula|66/100
|-unboost|p1a: Galvantula|def|1
|
|-heal|p2a: Dondozo|79/100 psn|[from] item: Leftovers
|-damage|p2a: Dondozo|66/100 psn|[from] psn
|upkeep
|turn|10
|
|t:|1769424414
|switch|p2a: Kingambit|Kingambit, M|100/100
|-activate|p2a: Kingambit|move: Sticky Web
|-unboost|p2a: Kingambit|spe|1
|-ability|p2a: Kingambit|Defiant|boost
|-boost|p2a: Kingambit|atk|2
|move|p1a: Galvantula|Volt Switch|p2a: Kingambit
|-damage|p2a: Kingambit|80/100
|
|t:|1769424422
|switch|p1a: Infernape|Infernape, F|100/100|[from] Volt Switch
|
|upkeep
|turn|11
|
|t:|1769424427
|switch|p2a: Dondozo|Dondozo, M|66/100 psn
|-activate|p2a: Dondozo|move: Sticky Web
|-unboost|p2a: Dondozo|spe|1
|move|p1a: Infernape|Aura Sphere|p2a: Dondozo
|-damage|p2a: Dondozo|30/100 psn
|
|-heal|p2a: Dondozo|36/100 psn|[from] item: Leftovers
|-damage|p2a: Dondozo|24/100 psn|[from] psn
|upkeep
|turn|12
|
|t:|1769424439
|switch|p2a: Oricorio|Oricorio-Pom-Pom, M|79/100
|move|p1a: Infernape|Grass Knot|p2a: Oricorio
|-resisted|p2a: Oricorio
|-damage|p2a: Oricorio|76/100
|
|upkeep
|turn|13
|
|t:|1769424448
|move|p1a: Infernape|Fire Blast|p2a: Oricorio
|-damage|p2a: Oricorio|28/100
|move|p2a: Oricorio|Quiver Dance|p2a: Oricorio
|-boost|p2a: Oricorio|spa|1
|-boost|p2a: Oricorio|spd|1
|-boost|p2a: Oricorio|spe|1
|
|upkeep
|turn|14
|
|t:|1769424456
|move|p1a: Infernape|Fire Blast|p2a: Oricorio
|-damage|p2a: Oricorio|0 fnt
|faint|p2a: Oricorio
|
|upkeep
|
|t:|1769424463
|switch|p2a: Raging Bolt|Raging Bolt|100/100
|-activate|p2a: Raging Bolt|move: Sticky Web
|-unboost|p2a: Raging Bolt|spe|1
|-enditem|p2a: Raging Bolt|Booster Energy
|-activate|p2a: Raging Bolt|ability: Protosynthesis|[fromitem]
|-start|p2a: Raging Bolt|protosynthesisspa
|turn|15
|
|t:|1769424483
|move|p1a: Infernape|Aura Sphere|p2a: Raging Bolt
|-damage|p2a: Raging Bolt|71/100
|move|p2a: Raging Bolt|Volt Switch|p1a: Infernape
|-damage|p1a: Infernape|20/100
|
|t:|1769424498
|-end|p2a: Raging Bolt|Protosynthesis|[silent]
|switch|p2a: Zamazenta|Zamazenta|100/100|[from] Volt Switch
|-activate|p2a: Zamazenta|move: Sticky Web
|-unboost|p2a: Zamazenta|spe|1
|-ability|p2a: Zamazenta|Dauntless Shield|boost
|-boost|p2a: Zamazenta|def|1
|
|upkeep
|turn|16
|
|t:|1769424512
|move|p1a: Infernape|Grass Knot|p2a: Zamazenta
|-damage|p2a: Zamazenta|87/100
|move|p2a: Zamazenta|Play Rough|p1a: Infernape
|-damage|p1a: Infernape|0 fnt
|faint|p1a: Infernape
|
|upkeep
|
|t:|1769424518
|switch|p1a: Landorus|Landorus-Therian, M|100/100
|-ability|p1a: Landorus|Intimidate|boost
|-unboost|p2a: Zamazenta|atk|1
|turn|17
|
|t:|1769424522
|switch|p2a: Dondozo|Dondozo, M|24/100 psn
|-activate|p2a: Dondozo|move: Sticky Web
|-unboost|p2a: Dondozo|spe|1
|move|p1a: Landorus|Stealth Rock|p2a: Dondozo
|-sidestart|p2: necrosys|move: Stealth Rock
|
|-heal|p2a: Dondozo|30/100 psn|[from] item: Leftovers
|-damage|p2a: Dondozo|17/100 psn|[from] psn
|upkeep
|turn|18
|
|t:|1769424534
|move|p1a: Landorus|Earthquake|p2a: Dondozo
|-damage|p2a: Dondozo|0 fnt
|faint|p2a: Dondozo
|
|upkeep
|
|t:|1769424539
|switch|p2a: Weezing|Weezing-Galar, F|100/100
|-damage|p2a: Weezing|88/100|[from] Stealth Rock
|turn|19
|
|t:|1769424543
|move|p1a: Landorus|Taunt|p2a: Weezing
|-start|p2a: Weezing|move: Taunt
|cant|p2a: Weezing|move: Taunt|Defog
|
|-heal|p2a: Weezing|94/100|[from] item: Black Sludge
|upkeep
|turn|20
|
|t:|1769424550
|move|p1a: Landorus|Earthquake|p2a: Weezing
|-immune|p2a: Weezing|[from] ability: Levitate
|move|p2a: Weezing|Clear Smog|p1a: Landorus
|-resisted|p1a: Landorus
|-damage|p1a: Landorus|90/100
|-clearboost|p1a: Landorus
|
|-heal|p2a: Weezing|99/100|[from] item: Black Sludge
|upkeep
|turn|21
|
|t:|1769424567
|switch|p2a: Kingambit|Kingambit, M|80/100
|-activate|p2a: Kingambit|move: Sticky Web
|-unboost|p2a: Kingambit|spe|1
|-ability|p2a: Kingambit|Defiant|boost
|-boost|p2a: Kingambit|atk|2
|-damage|p2a: Kingambit|74/100|[from] Stealth Rock
|move|p1a: Landorus|U-turn|p2a: Kingambit
|-damage|p2a: Kingambit|58/100
|
|t:|1769424580
|switch|p1a: Muk|Muk-Alola, M|100/100|[from] U-turn
|
|upkeep
|turn|22
|
|t:|1769424587
|move|p1a: Muk|Drain Punch|p2a: Kingambit
|-supereffective|p2a: Kingambit
|-damage|p2a: Kingambit|0 fnt
|faint|p2a: Kingambit
|
|upkeep
|
|t:|1769424592
|switch|p2a: Weezing|Weezing-Galar, F|99/100
|-damage|p2a: Weezing|88/100|[from] Stealth Rock
|turn|23
|
|t:|1769424597
|move|p2a: Weezing|Defog|p1a: Muk
|-unboost|p1a: Muk|evasion|1
|-sideend|p2: necrosys|Stealth Rock|[from] move: Defog|[of] p2a: Weezing
|-sideend|p2: necrosys|Sticky Web|[from] move: Defog|[of] p2a: Weezing
|move|p1a: Muk|Poison Jab|p2a: Weezing
|-damage|p2a: Weezing|57/100
|
|-heal|p2a: Weezing|63/100|[from] item: Black Sludge
|upkeep
|turn|24
|
|t:|1769424606
|move|p2a: Weezing|Pain Split|p1a: Muk
|-sethp|p1a: Muk|76/100|[from] move: Pain Split|[silent]
|-sethp|p2a: Weezing|94/100|[from] move: Pain Split
|move|p1a: Muk|Knock Off|p2a: Weezing
|-resisted|p2a: Weezing
|-damage|p2a: Weezing|76/100
|-enditem|p2a: Weezing|Black Sludge|[from] move: Knock Off|[of] p1a: Muk
|
|upkeep
|turn|25
|
|t:|1769424620
|move|p2a: Weezing|Flamethrower|p1a: Muk
|-damage|p1a: Muk|64/100
|move|p1a: Muk|Drain Punch|p2a: Weezing
|-resisted|p2a: Weezing
|-damage|p2a: Weezing|71/100
|-heal|p1a: Muk|66/100|[from] drain|[of] p2a: Weezing
|
|upkeep
|turn|26
|
|t:|1769424628
|switch|p1a: Feraligatr|Feraligatr, F|100/100
|move|p2a: Weezing|Flamethrower|p1a: Feraligatr
|-resisted|p1a: Feraligatr
|-damage|p1a: Feraligatr|88/100
|
|upkeep
|turn|27
|
|t:|1769424635
|move|p1a: Feraligatr|Dragon Dance|p1a: Feraligatr
|-boost|p1a: Feraligatr|atk|1
|-boost|p1a: Feraligatr|spe|1
|move|p2a: Weezing|Pain Split|p1a: Feraligatr
|-sethp|p1a: Feraligatr|82/100|[from] move: Pain Split|[silent]
|-sethp|p2a: Weezing|77/100|[from] move: Pain Split
|
|upkeep
|turn|28
|
|t:|1769424644
|move|p1a: Feraligatr|Crunch|p2a: Weezing
|-resisted|p2a: Weezing
|-damage|p2a: Weezing|51/100
|move|p2a: Weezing|Clear Smog|p1a: Feraligatr
|-damage|p1a: Feraligatr|59/100
|-clearboost|p1a: Feraligatr
|
|upkeep
|turn|29
|l|☆pigsiayers
|inactive|pigsiayers disconnected and has a minute to reconnect!
|player|p1|
|inactive|pigsiayers has 30 seconds to reconnect!
|inactive|pigsiayers has 20 seconds to reconnect!
|inactive|pigsiayers has 15 seconds to reconnect!
|inactive|pigsiayers has 10 seconds to reconnect!
|inactive|pigsiayers has 5 seconds to reconnect!
|-message|pigsiayers lost due to inactivity.
|
|win|necrosys
|raw|pigsiayers's rating: 1155 &rarr; <strong>1129</strong><br />(-26 for losing)
|raw|necrosys's rating: 1137 &rarr; <strong>1163</strong><br />(+26 for winning)
|l|☆necrosys
|player|p2|
