|j|☆JD2Sleepy
|j|☆bvbjonas98
|t:|1769327162
|gametype|singles
|player|p1|JD2Sleepy|blackbelt-gen4dp|1504
|player|p2|bvbjonas98|wattson|1570
|gen|9
|tier|[Gen 9] OU
|rated|
|rule|HP Percentage Mod: HP is shown in percentages
|rule|Endless Battle Clause: Forcing endless battles is banned
|rule|Species Clause: Limit one of each Pokémon
|rule|OHKO Clause: OHKO moves are banned
|rule|Evasion Items Clause: Evasion items are banned
|rule|Evasion Moves Clause: Evasion moves are banned
|rule|Evasion Abilities Clause: Evasion abilities are banned
|rule|Sleep Moves Clause: Sleep-inducing moves are banned
|clearpoke
|poke|p1|Glimmora, M|
|poke|p1|Kyurem|
|poke|p1|Sableye, M|
|poke|p1|Blaziken, F|
|poke|p1|Ditto|
|poke|p1|Kingambit, F|
|poke|p2|Ceruledge, F|
|poke|p2|Clefable, F|
|poke|p2|Corviknight, F|
|poke|p2|Rotom-Wash|
|poke|p2|Clodsire, F|
|poke|p2|Weavile, F|
|teampreview
|
|t:|1769327189
|teamsize|p1|6
|teamsize|p2|6
|start
|switch|p1a: VwV|Glimmora, M|100/100
|switch|p2a: Clodsire|Clodsire, F|100/100
|turn|1
|
|t:|1769327199
|move|p1a: VwV|Stealth Rock|p2a: Clodsire
|-sidestart|p2: bvbjonas98|move: Stealth Rock
|move|p2a: Clodsire|Earthquake|p1a: VwV
|-supereffective|p1a: VwV
|-crit|p1a: VwV
|-enditem|p1a: VwV|Focus Sash
|-damage|p1a: VwV|1/100
|-activate|p1a: VwV|ability: Toxic Debris
|-sidestart|p2: bvbjonas98|move: Toxic Spikes
|
|upkeep
|turn|2
|
|t:|1769327208
|move|p1a: VwV|Mud Shot|p2a: Clodsire
|-supereffective|p2a: Clodsire
|-damage|p2a: Clodsire|81/100
|-unboost|p2a: Clodsire|spe|1
|move|p2a: Clodsire|Stealth Rock|p1a: VwV
|-sidestart|p1: JD2Sleepy|move: Stealth Rock
|
|-heal|p2a: Clodsire|87/100|[from] item: Black Sludge
|upkeep
|turn|3
|
|t:|1769327217
|switch|p2a: Corviknight|Corviknight, F|100/100
|-damage|p2a: Corviknight|88/100|[from] Stealth Rock
|move|p1a: VwV|Mortal Spin|p2a: Corviknight
|-immune|p2a: Corviknight
|
|upkeep
|turn|4
|
|t:|1769327224
|move|p1a: VwV|Power Gem|p2a: Corviknight
|-damage|p2a: Corviknight|51/100
|move|p2a: Corviknight|U-turn|p1a: VwV
|-resisted|p1a: VwV
|-damage|p1a: VwV|0 fnt
|-activate|p1a: VwV|ability: Toxic Debris
|-sidestart|p2: bvbjonas98|move: Toxic Spikes
|faint|p1a: VwV
|
|t:|1769327234
|switch|p2a: Clodsire|Clodsire, F|87/100|[from] U-turn
|-damage|p2a: Clodsire|81/100|[from] Stealth Rock
|-sideend|p2: bvbjonas98|move: Toxic Spikes|[of] p2a: Clodsire
|
|-heal|p2a: Clodsire|87/100|[from] item: Black Sludge
|upkeep
|
|t:|1769327236
|switch|p1a: Jet Black|Kyurem|100/100
|-damage|p1a: Jet Black|76/100|[from] Stealth Rock
|-ability|p1a: Jet Black|Pressure
|turn|5
|
|t:|1769327249
|move|p1a: Jet Black|Substitute|p1a: Jet Black
|-start|p1a: Jet Black|Substitute
|-damage|p1a: Jet Black|51/100
|move|p2a: Clodsire|Toxic||[still]
|-fail|p2a: Clodsire
|
|-heal|p2a: Clodsire|93/100|[from] item: Black Sludge
|upkeep
|turn|6
|
|t:|1769327258
|switch|p2a: Weavile|Weavile, F|100/100
|-ability|p2a: Weavile|Pressure
|move|p1a: Jet Black|Dragon Dance|p1a: Jet Black
|-boost|p1a: Jet Black|atk|1
|-boost|p1a: Jet Black|spe|1
|
|upkeep
|turn|7
|
|t:|1769327269
|move|p1a: Jet Black|Icicle Spear|p2a: Weavile
|-resisted|p2a: Weavile
|-damage|p2a: Weavile|80/100
|-resisted|p2a: Weavile
|-damage|p2a: Weavile|61/100
|-resisted|p2a: Weavile
|-damage|p2a: Weavile|44/100
|-resisted|p2a: Weavile
|-damage|p2a: Weavile|26/100
|-hitcount|p2a: Weavile|4
|move|p2a: Weavile|Knock Off|p1a: Jet Black
|-end|p1a: Jet Black|Substitute
|
|upkeep
|turn|8
|
|t:|1769327282
|move|p1a: Jet Black|Icicle Spear|p2a: Weavile
|-resisted|p2a: Weavile
|-damage|p2a: Weavile|7/100
|-resisted|p2a: Weavile
|-damage|p2a: Weavile|0 fnt
|faint|p2a: Weavile
|-hitcount|p2: Weavile|2
|
|upkeep
|
|t:|1769327289
|switch|p2a: Clefable|Clefable, F|100/100
|turn|9
|
|t:|1769327293
|move|p1a: Jet Black|Icicle Spear|p2a: Clefable
|-damage|p2a: Clefable|90/100
|-damage|p2a: Clefable|80/100
|-damage|p2a: Clefable|69/100
|-damage|p2a: Clefable|58/100
|-hitcount|p2a: Clefable|4
|move|p2a: Clefable|Moonblast|p1a: Jet Black
|-supereffective|p1a: Jet Black
|-damage|p1a: Jet Black|0 fnt
|faint|p1a: Jet Black
|
|upkeep
|
|t:|1769327302
|switch|p1a: Blaziken|Blaziken, F|100/100
|-damage|p1a: Blaziken|88/100|[from] Stealth Rock
|turn|10
|
|t:|1769327308
|move|p1a: Blaziken|Flare Blitz|p2a: Clefable
|-damage|p2a: Clefable|10/100
|-damage|p1a: Blaziken|68/100|[from] Recoil
|move|p2a: Clefable|Moonlight|p2a: Clefable
|-heal|p2a: Clefable|60/100
|
|-heal|p1a: Blaziken|74/100|[from] item: Leftovers
|-ability|p1a: Blaziken|Speed Boost|boost
|-boost|p1a: Blaziken|spe|1
|upkeep
|turn|11
|
|t:|1769327319
|move|p1a: Blaziken|Flare Blitz|p2a: Clefable
|-damage|p2a: Clefable|15/100
|-damage|p1a: Blaziken|54/100|[from] Recoil
|move|p2a: Clefable|Moonlight|p2a: Clefable
|-heal|p2a: Clefable|65/100
|
|-heal|p1a: Blaziken|60/100|[from] item: Leftovers
|-ability|p1a: Blaziken|Speed Boost|boost
|-boost|p1a: Blaziken|spe|1
|upkeep
|turn|12
|
|t:|1769327329
|move|p1a: Blaziken|Flare Blitz|p2a: Clefable
|-damage|p2a: Clefable|20/100
|-status|p2a: Clefable|brn
|-damage|p1a: Blaziken|41/100|[from] Recoil
|move|p2a: Clefable|Moonlight|p2a: Clefable
|-heal|p2a: Clefable|70/100 brn
|
|-heal|p1a: Blaziken|47/100|[from] item: Leftovers
|-damage|p2a: Clefable|64/100 brn|[from] brn
|-ability|p1a: Blaziken|Speed Boost|boost
|-boost|p1a: Blaziken|spe|1
|upkeep
|turn|13
|
|t:|1769327342
|move|p1a: Blaziken|Flare Blitz|p2a: Clefable
|-crit|p2a: Clefable
|-damage|p2a: Clefable|0 fnt
|faint|p2a: Clefable
|-damage|p1a: Blaziken|20/100|[from] Recoil
|
|-heal|p1a: Blaziken|26/100|[from] item: Leftovers
|-ability|p1a: Blaziken|Speed Boost|boost
|-boost|p1a: Blaziken|spe|1
|upkeep
|
|t:|1769327359
|switch|p2a: Clodsire|Clodsire, F|93/100
|-damage|p2a: Clodsire|87/100|[from] Stealth Rock
|turn|14
|
|t:|1769327363
|move|p1a: Blaziken|Flare Blitz|p2a: Clodsire
|-damage|p2a: Clodsire|23/100
|-damage|p1a: Blaziken|0 fnt|[from] Recoil
|faint|p1a: Blaziken
|move|p2a: Clodsire|Earthquake|p1: Blaziken|[notarget]
|-fail|p2a: Clodsire
|
|-heal|p2a: Clodsire|29/100|[from] item: Black Sludge
|upkeep
|
|t:|1769327367
|switch|p1a: 平和|Kingambit, F|100/100
|-damage|p1a: 平和|94/100|[from] Stealth Rock
|-activate|p1a: 平和|ability: Supreme Overlord
|-start|p1a: 平和|fallen3|[silent]
|turn|15
|
|t:|1769327377
|switch|p2a: Corviknight|Corviknight, F|51/100
|-damage|p2a: Corviknight|39/100|[from] Stealth Rock
|move|p1a: 平和|Kowtow Cleave|p2a: Corviknight
|-damage|p2a: Corviknight|0 fnt
|-damage|p1a: 平和|78/100|[from] item: Rocky Helmet|[of] p2a: Corviknight
|faint|p2a: Corviknight
|
|upkeep
|
|t:|1769327388
|switch|p2a: Rotom|Rotom-Wash|100/100
|-damage|p2a: Rotom|88/100|[from] Stealth Rock
|turn|16
|
|t:|1769327393
|-end|p1a: 平和|fallen3|[silent]
|switch|p1a: Don'tLetItBeYou|Ditto, shiny|100/100
|-damage|p1a: Don'tLetItBeYou|88/100|[from] Stealth Rock
|-transform|p1a: Don'tLetItBeYou|p2a: Rotom|[from] ability: Imposter
|move|p2a: Rotom|Trick|p1a: Don'tLetItBeYou
|-activate|p2a: Rotom|move: Trick|[of] p1a: Don'tLetItBeYou
|-item|p1a: Don'tLetItBeYou|Choice Scarf|[from] move: Trick
|-item|p2a: Rotom|Choice Scarf|[from] move: Trick
|
|upkeep
|turn|17
|
|t:|1769327404
|move|p2a: Rotom|Volt Switch|p1a: Don'tLetItBeYou
|-damage|p1a: Don'tLetItBeYou|55/100
|
|t:|1769327408
|switch|p2a: Clodsire|Clodsire, F|29/100|[from] Volt Switch
|-damage|p2a: Clodsire|23/100|[from] Stealth Rock
|move|p1a: Don'tLetItBeYou|Volt Switch|p2a: Clodsire
|-immune|p2a: Clodsire
|
|-heal|p2a: Clodsire|29/100|[from] item: Black Sludge
|upkeep
|turn|18
|
|t:|1769327419
|switch|p1a: 平和|Kingambit, F|78/100
|-damage|p1a: 平和|72/100|[from] Stealth Rock
|-activate|p1a: 平和|ability: Supreme Overlord
|-start|p1a: 平和|fallen3|[silent]
|move|p2a: Clodsire|Earthquake|p1a: 平和
|-supereffective|p1a: 平和
|-damage|p1a: 平和|33/100
|
|-heal|p2a: Clodsire|35/100|[from] item: Black Sludge
|upkeep
|turn|19
|
|t:|1769327429
|move|p1a: 平和|Kowtow Cleave|p2a: Clodsire
|-damage|p2a: Clodsire|0 fnt
|faint|p2a: Clodsire
|
|upkeep
|
|t:|1769327434
|switch|p2a: Rotom|Rotom-Wash|88/100
|-damage|p2a: Rotom|76/100|[from] Stealth Rock
|turn|20
|
|t:|1769327453
|-terastallize|p1a: 平和|Dark
|move|p1a: 平和|Sucker Punch|p2a: Rotom
|-damage|p2a: Rotom|0 fnt
|faint|p2a: Rotom
|
|upkeep
|
|t:|1769327459
|switch|p2a: Ceruledge|Ceruledge, F, shiny|100/100
|-damage|p2a: Ceruledge|76/100|[from] Stealth Rock
|turn|21
|
|t:|1769327464
|-terastallize|p2a: Ceruledge|Bug
|move|p2a: Ceruledge|Bitter Blade|p1a: 平和
|-damage|p1a: 平和|4/100
|-heal|p2a: Ceruledge|92/100|[from] drain|[of] p1a: 平和
|move|p1a: 平和|Kowtow Cleave|p2a: Ceruledge
|-damage|p2a: Ceruledge|0 fnt
|faint|p2a: Ceruledge
|
|win|JD2Sleepy
|raw|JD2Sleepy's rating: 1504 &rarr; <strong>1528</strong><br />(+24 for winning)
|raw|bvbjonas98's rating: 1570 &rarr; <strong>1546</strong><br />(-24 for losing)
|l|☆bvbjonas98
|player|p2|
