|j|☆Folthanos
|j|☆Fumikoto
|t:|1769428610
|gametype|singles
|player|p1|Folthanos|102|1102
|player|p2|Fumikoto|benga|1052
|gen|9
|tier|[Gen 9] OU
|rated|
|rule|HP Percentage Mod: HP is shown in percentages
|rule|Endless Battle Clause: Forcing endless battles is banned
|rule|Species Clause: Limit one of each Pokémon
|rule|OHKO Clause: OHKO moves are banned
|rule|Evasion Items Clause: Evasion items are banned
|rule|Evasion Moves Clause: Evasion moves are banned
|rule|Evasion Abilities Clause: Evasion abilities are banned
|rule|Sleep Moves Clause: Sleep-inducing moves are banned
|clearpoke
|poke|p1|Garganacl, M|
|poke|p1|Hippowdon, M|
|poke|p1|Hydrapple, M|
|poke|p1|Samurott-Hisui, M|
|poke|p1|Excadrill, M|
|poke|p1|Glimmora, F|
|poke|p2|Serperior, F|
|poke|p2|Samurott, M|
|poke|p2|Emboar, M|
|poke|p2|Excadrill, F|
|poke|p2|Hydreigon, M|
|poke|p2|Tornadus, M|
|teampreview
|inactive|Battle timer is ON: inactive players will automatically lose when time's up. (requested by Fumikoto)
|
|t:|1769428631
|teamsize|p1|6
|teamsize|p2|6
|start
|switch|p1a: Samurott|Samurott-Hisui, M, shiny|100/100
|switch|p2a: Samurott|Samurott, M|100/100
|turn|1
|
|t:|1769428646
|move|p1a: Samurott|Ceaseless Edge|p2a: Samurott
|-damage|p2a: Samurott|52/100
|-sidestart|p2: Fumikoto|Spikes
|move|p2a: Samurott|Grass Knot|p1a: Samurott
|-supereffective|p1a: Samurott
|-damage|p1a: Samurott|0 fnt
|faint|p1a: Samurott
|
|upkeep
|
|t:|1769428663
|switch|p1a: Hydrapple|Hydrapple, M, shiny|100/100
|turn|2
|
|t:|1769428669
|switch|p2a: Emboar|Emboar, M|100/100
|-damage|p2a: Emboar|88/100|[from] Spikes
|move|p1a: Hydrapple|Giga Drain|p2a: Emboar
|-resisted|p2a: Emboar
|-damage|p2a: Emboar|65/100
|
|-heal|p2a: Emboar|72/100|[from] item: Leftovers
|upkeep
|turn|3
|
|t:|1769428679
|switch|p1a: Hippowdon|Hippowdon, M, shiny|100/100
|-weather|Sandstorm|[from] ability: Sand Stream|[of] p1a: Hippowdon
|move|p2a: Emboar|Endeavor|p1a: Hippowdon
|-damage|p1a: Hippowdon|69/100
|
|-weather|Sandstorm|[upkeep]
|-damage|p2a: Emboar|65/100|[from] Sandstorm
|-heal|p2a: Emboar|72/100|[from] item: Leftovers
|upkeep
|turn|4
|
|t:|1769428691
|move|p2a: Emboar|Scald|p1a: Hippowdon
|-supereffective|p1a: Hippowdon
|-damage|p1a: Hippowdon|17/100
|move|p1a: Hippowdon|Stealth Rock|p2a: Emboar
|-sidestart|p2: Fumikoto|move: Stealth Rock
|
|-weather|Sandstorm|[upkeep]
|-damage|p2a: Emboar|65/100|[from] Sandstorm
|-heal|p2a: Emboar|72/100|[from] item: Leftovers
|upkeep
|turn|5
|
|t:|1769428708
|switch|p1a: Garganacl|Garganacl, M, shiny|100/100
|move|p2a: Emboar|Scald|p1a: Garganacl
|-supereffective|p1a: Garganacl
|-damage|p1a: Garganacl|75/100
|
|-weather|Sandstorm|[upkeep]
|-damage|p2a: Emboar|65/100|[from] Sandstorm
|-heal|p2a: Emboar|72/100|[from] item: Leftovers
|-heal|p1a: Garganacl|81/100|[from] item: Leftovers
|upkeep
|turn|6
|
|t:|1769428719
|move|p1a: Garganacl|Salt Cure|p2a: Emboar
|-damage|p2a: Emboar|57/100
|-start|p2a: Emboar|Salt Cure
|move|p2a: Emboar|Roar|p1a: Garganacl
|drag|p1a: Glimmora|Glimmora, F|100/100
|-item|p1a: Glimmora|Air Balloon
|
|-weather|Sandstorm|[upkeep]
|-damage|p2a: Emboar|51/100|[from] Sandstorm
|-heal|p2a: Emboar|57/100|[from] item: Leftovers
|-damage|p2a: Emboar|45/100|[from] Salt Cure
|upkeep
|turn|7
|inactive|Folthanos has 120 seconds left.
|
|t:|1769428752
|switch|p1a: Garganacl|Garganacl, M, shiny|81/100
|move|p2a: Emboar|Scald|p1a: Garganacl
|-supereffective|p1a: Garganacl
|-damage|p1a: Garganacl|55/100
|
|-weather|Sandstorm|[upkeep]
|-damage|p2a: Emboar|38/100|[from] Sandstorm
|-heal|p2a: Emboar|45/100|[from] item: Leftovers
|-heal|p1a: Garganacl|61/100|[from] item: Leftovers
|-damage|p2a: Emboar|32/100|[from] Salt Cure
|upkeep
|turn|8
|inactive|Folthanos has 120 seconds left.
|
|t:|1769428768
|move|p2a: Emboar|Endeavor|p1a: Garganacl
|-damage|p1a: Garganacl|32/100
|move|p1a: Garganacl|Recover|p1a: Garganacl
|-heal|p1a: Garganacl|82/100
|
|-weather|Sandstorm|[upkeep]
|-damage|p2a: Emboar|26/100|[from] Sandstorm
|-heal|p2a: Emboar|32/100|[from] item: Leftovers
|-heal|p1a: Garganacl|88/100|[from] item: Leftovers
|-damage|p2a: Emboar|20/100|[from] Salt Cure
|upkeep
|turn|9
|inactive|Folthanos has 120 seconds left.
|
|t:|1769428781
|move|p2a: Emboar|Endeavor|p1a: Garganacl
|-damage|p1a: Garganacl|20/100
|move|p1a: Garganacl|Recover|p1a: Garganacl
|-heal|p1a: Garganacl|70/100
|
|-weather|Sandstorm|[upkeep]
|-damage|p2a: Emboar|13/100|[from] Sandstorm
|-heal|p2a: Emboar|20/100|[from] item: Leftovers
|-heal|p1a: Garganacl|76/100|[from] item: Leftovers
|-damage|p2a: Emboar|7/100|[from] Salt Cure
|upkeep
|turn|10
|inactive|Folthanos has 120 seconds left.
|
|t:|1769428791
|move|p1a: Garganacl|Protect|p1a: Garganacl
|-singleturn|p1a: Garganacl|Protect
|move|p2a: Emboar|Endeavor|p1a: Garganacl
|-activate|p1a: Garganacl|move: Protect
|
|-weather|none
|-heal|p2a: Emboar|13/100|[from] item: Leftovers
|-heal|p1a: Garganacl|82/100|[from] item: Leftovers
|-damage|p2a: Emboar|1/100|[from] Salt Cure
|upkeep
|turn|11
|inactive|Folthanos has 120 seconds left.
|
|t:|1769428807
|switch|p1a: Hippowdon|Hippowdon, M, shiny|17/100
|-weather|Sandstorm|[from] ability: Sand Stream|[of] p1a: Hippowdon
|move|p2a: Emboar|Endeavor|p1a: Hippowdon
|-damage|p1a: Hippowdon|1/100
|
|-weather|Sandstorm|[upkeep]
|-damage|p2a: Emboar|0 fnt|[from] Sandstorm
|faint|p2a: Emboar
|upkeep
|
|t:|1769428818
|switch|p2a: Serperior|Serperior, F|100/100
|-damage|p2a: Serperior|88/100|[from] Spikes
|-damage|p2a: Serperior|76/100|[from] Stealth Rock
|turn|12
|inactive|Folthanos has 120 seconds left.
|
|t:|1769428830
|switch|p1a: Hydrapple|Hydrapple, M, shiny|100/100
|move|p2a: Serperior|Leaf Storm|p1a: Hydrapple
|-resisted|p1a: Hydrapple
|-damage|p1a: Hydrapple|87/100
|-boost|p2a: Serperior|spa|2
|-damage|p2a: Serperior|66/100|[from] item: Life Orb
|
|-weather|Sandstorm|[upkeep]
|-damage|p2a: Serperior|60/100|[from] Sandstorm
|-damage|p1a: Hydrapple|80/100|[from] Sandstorm
|upkeep
|turn|13
|inactive|Folthanos has 120 seconds left.
|
|t:|1769428842
|-terastallize|p2a: Serperior|Steel
|move|p2a: Serperior|Dragon Pulse|p1a: Hydrapple
|-supereffective|p1a: Hydrapple
|-damage|p1a: Hydrapple|0 fnt
|faint|p1a: Hydrapple
|-damage|p2a: Serperior|50/100|[from] item: Life Orb
|
|-weather|Sandstorm|[upkeep]
|upkeep
|
|t:|1769428859
|switch|p1a: Excadrill|Excadrill, M, shiny|100/100
|turn|14
|
|t:|1769428865
|switch|p2a: Hydreigon|Hydreigon, M|100/100
|-damage|p2a: Hydreigon|88/100|[from] Stealth Rock
|move|p1a: Excadrill|Rock Slide|p2a: Hydreigon
|-damage|p2a: Hydreigon|55/100
|
|-weather|Sandstorm|[upkeep]
|-damage|p2a: Hydreigon|48/100|[from] Sandstorm
|upkeep
|turn|15
|
|t:|1769428876
|move|p1a: Excadrill|Iron Head|p2a: Hydreigon
|-damage|p2a: Hydreigon|0 fnt
|faint|p2a: Hydreigon
|
|-weather|Sandstorm|[upkeep]
|upkeep
|
|t:|1769428890
|switch|p2a: Samurott|Samurott, M|52/100
|-damage|p2a: Samurott|40/100|[from] Spikes
|-damage|p2a: Samurott|27/100|[from] Stealth Rock
|turn|16
|inactive|Folthanos has 120 seconds left.
|
|t:|1769428906
|move|p1a: Excadrill|Earthquake|p2a: Samurott
|-damage|p2a: Samurott|0 fnt
|faint|p2a: Samurott
|
|-weather|Sandstorm|[upkeep]
|upkeep
|
|t:|1769428911
|switch|p2a: Serperior|Serperior, F, tera:Steel|50/100
|-damage|p2a: Serperior|38/100|[from] Spikes
|-damage|p2a: Serperior|32/100|[from] Stealth Rock
|turn|17
|inactive|Folthanos has 120 seconds left.
|
|t:|1769428922
|move|p1a: Excadrill|Earthquake|p2a: Serperior
|-supereffective|p2a: Serperior
|-damage|p2a: Serperior|0 fnt
|faint|p2a: Serperior
|
|-weather|Sandstorm|[upkeep]
|upkeep
|
|t:|1769428929
|switch|p2a: Tornadus|Tornadus, M|100/100
|-damage|p2a: Tornadus|75/100|[from] Stealth Rock
|turn|18
|
|t:|1769428937
|move|p1a: Excadrill|Rock Slide|p2a: Tornadus|[miss]
|-miss|p1a: Excadrill|p2a: Tornadus
|move|p2a: Tornadus|Heat Wave|p1a: Excadrill
|-supereffective|p1a: Excadrill
|-damage|p1a: Excadrill|0 fnt
|faint|p1a: Excadrill
|
|-weather|none
|upkeep
|inactive|Folthanos has 120 seconds left.
|
|t:|1769428948
|switch|p1a: Hippowdon|Hippowdon, M, shiny|1/100
|-weather|Sandstorm|[from] ability: Sand Stream|[of] p1a: Hippowdon
|turn|19
|
|t:|1769428954
|move|p2a: Tornadus|Grass Knot|p1a: Hippowdon
|-supereffective|p1a: Hippowdon
|-damage|p1a: Hippowdon|0 fnt
|faint|p1a: Hippowdon
|
|-weather|Sandstorm|[upkeep]
|-damage|p2a: Tornadus|69/100|[from] Sandstorm
|upkeep
|
|t:|1769428963
|switch|p1a: Garganacl|Garganacl, M, shiny|82/100
|turn|20
|
|t:|1769428968
|move|p2a: Tornadus|Grass Knot|p1a: Garganacl
|-supereffective|p1a: Garganacl
|-crit|p1a: Garganacl
|-damage|p1a: Garganacl|14/100
|move|p1a: Garganacl|Salt Cure|p2a: Tornadus
|-supereffective|p2a: Tornadus
|-damage|p2a: Tornadus|23/100
|-start|p2a: Tornadus|Salt Cure
|
|-weather|Sandstorm|[upkeep]
|-damage|p2a: Tornadus|17/100|[from] Sandstorm
|-heal|p1a: Garganacl|20/100|[from] item: Leftovers
|-damage|p2a: Tornadus|5/100|[from] Salt Cure
|upkeep
|turn|21
|
|t:|1769428978
|move|p1a: Garganacl|Protect|p1a: Garganacl
|-singleturn|p1a: Garganacl|Protect
|move|p2a: Tornadus|Grass Knot|p1a: Garganacl
|-activate|p1a: Garganacl|move: Protect
|
|-weather|Sandstorm|[upkeep]
|-damage|p2a: Tornadus|0 fnt|[from] Sandstorm
|faint|p2a: Tornadus
|-heal|p1a: Garganacl|27/100|[from] item: Leftovers
|upkeep
|
|t:|1769428987
|switch|p2a: Excadrill|Excadrill, F|100/100
|-damage|p2a: Excadrill|88/100|[from] Spikes
|-damage|p2a: Excadrill|85/100|[from] Stealth Rock
|-ability|p2a: Excadrill|Mold Breaker
|turn|22
|
|t:|1769429010
|switch|p1a: Glimmora|Glimmora, F|100/100
|-item|p1a: Glimmora|Air Balloon
|move|p2a: Excadrill|Earthquake|p1a: Glimmora
|-immune|p1a: Glimmora
|
|-weather|Sandstorm|[upkeep]
|upkeep
|turn|23
|
|t:|1769429025
|move|p2a: Excadrill|Earthquake|p1a: Glimmora
|-immune|p1a: Glimmora
|move|p1a: Glimmora|Rock Polish|p1a: Glimmora
|-boost|p1a: Glimmora|spe|2
|
|-weather|Sandstorm|[upkeep]
|upkeep
|turn|24
|-message|Fumikoto forfeited.
|
|win|Folthanos
|raw|Folthanos's rating: 1102 &rarr; <strong>1123</strong><br />(+21 for winning)
|raw|Fumikoto's rating: 1052 &rarr; <strong>1037</strong><br />(-15 for losing)
|l|☆Fumikoto
|player|p2|
|l|☆Folthanos
|player|p1|
