|j|☆Luisowbro
|j|☆mystery rain ninja
|t:|1769435073
|gametype|singles
|player|p1|Luisowbro|ingo|1623
|player|p2|mystery rain ninja|janine|1546
|gen|9
|tier|[Gen 9] OU
|rated|
|rule|HP Percentage Mod: HP is shown in percentages
|rule|Endless Battle Clause: Forcing endless battles is banned
|rule|Species Clause: Limit one of each Pokémon
|rule|OHKO Clause: OHKO moves are banned
|rule|Evasion Items Clause: Evasion items are banned
|rule|Evasion Moves Clause: Evasion moves are banned
|rule|Evasion Abilities Clause: Evasion abilities are banned
|rule|Sleep Moves Clause: Sleep-inducing moves are banned
|clearpoke
|poke|p1|Haxorus, M|
|poke|p1|Moltres-Galar|
|poke|p1|Mamoswine, M|
|poke|p1|Scizor, M|
|poke|p1|Volcanion|
|poke|p1|Ninetales-Alola, F|
|poke|p2|Pelipper, F|
|poke|p2|Raging Bolt|
|poke|p2|Overqwil, M|
|poke|p2|Barraskewda, F|
|poke|p2|Iron Treads|
|poke|p2|Kingambit, M|
|teampreview
|
|t:|1769435109
|teamsize|p1|6
|teamsize|p2|6
|start
|switch|p1a: Scizor|Scizor, M|100/100
|switch|p2a: Pelipper|Pelipper, F|100/100
|-weather|RainDance|[from] ability: Drizzle|[of] p2a: Pelipper
|turn|1
|inactive|Battle timer is ON: inactive players will automatically lose when time's up. (requested by Luisowbro)
|inactive|mystery rain ninja has 120 seconds left.
|
|t:|1769435155
|move|p1a: Scizor|U-turn|p2a: Pelipper
|-resisted|p2a: Pelipper
|-crit|p2a: Pelipper
|-damage|p2a: Pelipper|65/100
|
|t:|1769435169
|switch|p1a: Ninetales|Ninetales-Alola, F, shiny|100/100|[from] U-turn
|-weather|Snowscape|[from] ability: Snow Warning|[of] p1a: Ninetales
|move|p2a: Pelipper|Weather Ball|p1a: Ninetales
|-resisted|p1a: Ninetales
|-damage|p1a: Ninetales|89/100
|
|-weather|Snowscape|[upkeep]
|upkeep
|turn|2
|
|t:|1769435178
|switch|p2a: Iron Treads|Iron Treads|100/100
|-enditem|p2a: Iron Treads|Booster Energy
|-activate|p2a: Iron Treads|ability: Quark Drive|[fromitem]
|-start|p2a: Iron Treads|quarkdrivespe
|move|p1a: Ninetales|Aurora Veil|p1a: Ninetales
|-sidestart|p1: Luisowbro|move: Aurora Veil
|
|-weather|Snowscape|[upkeep]
|upkeep
|turn|3
|j| opthebestkkj
|inactive|Luisowbro has 120 seconds left.
|
|t:|1769435210
|switch|p1a: Scizor|Scizor, M|100/100
|move|p2a: Iron Treads|Stealth Rock|p1a: Scizor
|-sidestart|p1: Luisowbro|move: Stealth Rock
|
|-weather|Snowscape|[upkeep]
|upkeep
|turn|4
|
|t:|1769435219
|-end|p2a: Iron Treads|Quark Drive|[silent]
|switch|p2a: Pelipper|Pelipper, F|65/100
|-weather|RainDance|[from] ability: Drizzle|[of] p2a: Pelipper
|move|p1a: Scizor|Close Combat|p2a: Pelipper
|-resisted|p2a: Pelipper
|-damage|p2a: Pelipper|40/100
|-unboost|p1a: Scizor|def|1
|-unboost|p1a: Scizor|spd|1
|
|-weather|RainDance|[upkeep]
|upkeep
|turn|5
|inactive|Luisowbro has 120 seconds left.
|
|t:|1769435234
|switch|p1a: Volcanion|Volcanion|100/100
|-damage|p1a: Volcanion|76/100|[from] Stealth Rock
|move|p2a: Pelipper|Roost|p2a: Pelipper
|-heal|p2a: Pelipper|90/100
|-singleturn|p2a: Pelipper|move: Roost
|
|-weather|RainDance|[upkeep]
|upkeep
|turn|6
|inactive|Luisowbro has 120 seconds left.
|
|t:|1769435245
|switch|p2a: Raging Bolt|Raging Bolt|100/100
|-enditem|p2a: Raging Bolt|Booster Energy
|-activate|p2a: Raging Bolt|ability: Protosynthesis|[fromitem]
|-start|p2a: Raging Bolt|protosynthesisspa
|move|p1a: Volcanion|Earth Power|p2a: Raging Bolt
|-supereffective|p2a: Raging Bolt
|-damage|p2a: Raging Bolt|40/100
|-unboost|p2a: Raging Bolt|spd|1
|
|-weather|RainDance|[upkeep]
|upkeep
|turn|7
|
|t:|1769435255
|move|p2a: Raging Bolt|Thunderclap|p1a: Volcanion
|-supereffective|p1a: Volcanion
|-damage|p1a: Volcanion|38/100
|move|p1a: Volcanion|Earth Power|p2a: Raging Bolt
|-supereffective|p2a: Raging Bolt
|-damage|p2a: Raging Bolt|0 fnt
|faint|p2a: Raging Bolt
|-end|p2a: Raging Bolt|Protosynthesis|[silent]
|
|-weather|RainDance|[upkeep]
|upkeep
|
|t:|1769435258
|switch|p2a: Overqwil|Overqwil, M|100/100
|turn|8
|j| TES.Jackylove
|inactive|Luisowbro has 120 seconds left.
|
|t:|1769435281
|move|p2a: Overqwil|Gunk Shot|p1a: Volcanion
|-damage|p1a: Volcanion|7/100
|-damage|p2a: Overqwil|91/100|[from] item: Life Orb
|move|p1a: Volcanion|Earth Power|p2a: Overqwil
|-supereffective|p2a: Overqwil
|-damage|p2a: Overqwil|0 fnt
|faint|p2a: Overqwil
|
|-weather|RainDance|[upkeep]
|upkeep
|
|t:|1769435288
|switch|p2a: Iron Treads|Iron Treads|100/100
|turn|9
|
|t:|1769435292
|move|p2a: Iron Treads|Earth Power|p1a: Volcanion
|-supereffective|p1a: Volcanion
|-damage|p1a: Volcanion|0 fnt
|faint|p1a: Volcanion
|
|-weather|RainDance|[upkeep]
|-sideend|p1: Luisowbro|move: Aurora Veil
|upkeep
|
|t:|1769435300
|switch|p1a: Scizor|Scizor, M|100/100
|-damage|p1a: Scizor|88/100|[from] Stealth Rock
|turn|10
|
|t:|1769435307
|move|p2a: Iron Treads|Earth Power|p1a: Scizor
|-damage|p1a: Scizor|52/100
|-unboost|p1a: Scizor|spd|1
|move|p1a: Scizor|Defog|p2a: Iron Treads
|-unboost|p2a: Iron Treads|evasion|1
|-sideend|p1: Luisowbro|Stealth Rock|[from] move: Defog|[of] p1a: Scizor
|
|-weather|RainDance|[upkeep]
|upkeep
|turn|11
|
|t:|1769435320
|switch|p1a: Moltres|Moltres-Galar, shiny|100/100
|move|p2a: Iron Treads|Stealth Rock|p1a: Moltres
|-sidestart|p1: Luisowbro|move: Stealth Rock
|
|-weather|none
|upkeep
|turn|12
|
|t:|1769435329
|-end|p2a: Iron Treads|Quark Drive|[silent]
|switch|p2a: Pelipper|Pelipper, F|90/100
|-weather|RainDance|[from] ability: Drizzle|[of] p2a: Pelipper
|move|p1a: Moltres|Nasty Plot|p1a: Moltres
|-boost|p1a: Moltres|spa|2
|
|-weather|RainDance|[upkeep]
|upkeep
|turn|13
|inactive|Luisowbro has 120 seconds left.
|
|t:|1769435374
|switch|p2a: Kingambit|Kingambit, M|100/100
|-activate|p2a: Kingambit|ability: Supreme Overlord
|-start|p2a: Kingambit|fallen2|[silent]
|move|p1a: Moltres|Fiery Wrath|p2a: Kingambit
|-resisted|p2a: Kingambit
|-damage|p2a: Kingambit|60/100
|
|-weather|RainDance|[upkeep]
|-heal|p2a: Kingambit|66/100|[from] item: Leftovers
|upkeep
|turn|14
|
|t:|1769435400
|move|p1a: Moltres|Fiery Wrath|p2a: Kingambit
|-resisted|p2a: Kingambit
|-damage|p2a: Kingambit|28/100
|cant|p2a: Kingambit|flinch
|
|-weather|RainDance|[upkeep]
|-heal|p2a: Kingambit|34/100|[from] item: Leftovers
|upkeep
|turn|15
|l| TES.Jackylove
|
|t:|1769435408
|move|p1a: Moltres|Fiery Wrath|p2a: Kingambit
|-resisted|p2a: Kingambit
|-damage|p2a: Kingambit|0 fnt
|faint|p2a: Kingambit
|-end|p2a: Kingambit|fallen2|[silent]
|
|-weather|RainDance|[upkeep]
|upkeep
|
|t:|1769435410
|switch|p2a: Barraskewda|Barraskewda, F|100/100
|turn|16
|
|t:|1769435415
|-terastallize|p2a: Barraskewda|Water
|move|p2a: Barraskewda|Liquidation|p1a: Moltres
|-damage|p1a: Moltres|0 fnt
|faint|p1a: Moltres
|
|-weather|RainDance|[upkeep]
|upkeep
|
|t:|1769435427
|switch|p1a: Ninetales|Ninetales-Alola, F, shiny|89/100
|-damage|p1a: Ninetales|64/100|[from] Stealth Rock
|-weather|Snowscape|[from] ability: Snow Warning|[of] p1a: Ninetales
|turn|17
|
|t:|1769435434
|move|p2a: Barraskewda|Liquidation|p1a: Ninetales
|-damage|p1a: Ninetales|0 fnt
|faint|p1a: Ninetales
|
|-weather|Snowscape|[upkeep]
|upkeep
|inactive|Luisowbro has 90 seconds left.
|
|t:|1769435493
|switch|p1a: Haxorus|Haxorus, M, shiny|100/100
|-damage|p1a: Haxorus|88/100|[from] Stealth Rock
|-ability|p1a: Haxorus|Mold Breaker
|turn|18
|
|t:|1769435500
|switch|p2a: Pelipper|Pelipper, F|90/100
|-weather|RainDance|[from] ability: Drizzle|[of] p2a: Pelipper
|move|p1a: Haxorus|Scale Shot|p2a: Pelipper|[miss]
|-miss|p1a: Haxorus|p2a: Pelipper
|
|-weather|RainDance|[upkeep]
|upkeep
|turn|19
|inactive|Luisowbro has 60 seconds left.
|
|t:|1769435538
|move|p1a: Haxorus|Swords Dance|p1a: Haxorus
|-boost|p1a: Haxorus|atk|2
|move|p2a: Pelipper|U-turn|p1a: Haxorus
|-crit|p1a: Haxorus
|-damage|p1a: Haxorus|71/100
|
|t:|1769435542
|switch|p2a: Barraskewda|Barraskewda, F, tera:Water|100/100|[from] U-turn
|
|-weather|RainDance|[upkeep]
|upkeep
|turn|20
|
|t:|1769435548
|move|p2a: Barraskewda|Liquidation|p1a: Haxorus
|-resisted|p1a: Haxorus
|-damage|p1a: Haxorus|0 fnt
|faint|p1a: Haxorus
|
|-weather|RainDance|[upkeep]
|upkeep
|inactive|Luisowbro has 30 seconds left.
|
|t:|1769435583
|switch|p1a: Mamoswine|Mamoswine, M|100/100
|-damage|p1a: Mamoswine|88/100|[from] Stealth Rock
|turn|21
|inactive|Luisowbro has 30 seconds left.
|
|t:|1769435596
|-terastallize|p1a: Mamoswine|Ice
|move|p2a: Barraskewda|Liquidation|p1a: Mamoswine
|-crit|p1a: Mamoswine
|-damage|p1a: Mamoswine|0 fnt
|faint|p1a: Mamoswine
|
|-weather|RainDance|[upkeep]
|upkeep
|inactive|Luisowbro has 30 seconds left this turn.
|
|t:|1769435603
|switch|p1a: Scizor|Scizor, M|52/100
|-damage|p1a: Scizor|40/100|[from] Stealth Rock
|turn|22
|inactive|Luisowbro has 30 seconds left.
|
|t:|1769435612
|move|p2a: Barraskewda|Liquidation|p1a: Scizor
|-damage|p1a: Scizor|0 fnt
|faint|p1a: Scizor
|
|win|mystery rain ninja
|raw|Luisowbro's rating: 1623 &rarr; <strong>1599</strong><br />(-24 for losing)
|raw|mystery rain ninja's rating: 1546 &rarr; <strong>1570</strong><br />(+24 for winning)
|l|☆mystery rain ninja
|player|p2|
|l|☆Luisowbro
|player|p1|
|l| opthebestkkj
