|j|☆huaba116
|j|☆los chipirones
|t:|1769427510
|gametype|singles
|player|p1|huaba116|169|1229
|player|p2|los chipirones|170|1199
|gen|9
|tier|[Gen 9] OU
|rated|
|rule|HP Percentage Mod: HP is shown in percentages
|rule|Endless Battle Clause: Forcing endless battles is banned
|rule|Species Clause: Limit one of each Pokémon
|rule|OHKO Clause: OHKO moves are banned
|rule|Evasion Items Clause: Evasion items are banned
|rule|Evasion Moves Clause: Evasion moves are banned
|rule|Evasion Abilities Clause: Evasion abilities are banned
|rule|Sleep Moves Clause: Sleep-inducing moves are banned
|clearpoke
|poke|p1|Tyranitar, M|
|poke|p1|Landorus-Therian, M|
|poke|p1|Moltres|
|poke|p1|Kyurem|
|poke|p1|Iron Treads|
|poke|p1|Gholdengo|
|poke|p2|Suicune|
|poke|p2|Raikou|
|poke|p2|Entei|
|poke|p2|Zapdos|
|poke|p2|Articuno|
|poke|p2|Moltres|
|teampreview
|inactive|Battle timer is ON: inactive players will automatically lose when time's up. (requested by huaba116)
|
|t:|1769427526
|teamsize|p1|6
|teamsize|p2|6
|start
|switch|p1a: Tyranitar|Tyranitar, M|100/100
|switch|p2a: Suicune|Suicune|100/100
|-weather|Sandstorm|[from] ability: Sand Stream|[of] p1a: Tyranitar
|-ability|p2a: Suicune|Pressure
|turn|1
|
|t:|1769427543
|move|p1a: Tyranitar|Knock Off|p2a: Suicune
|-damage|p2a: Suicune|49/100
|-enditem|p2a: Suicune|Leftovers|[from] move: Knock Off|[of] p1a: Tyranitar
|move|p2a: Suicune|Scald|p1a: Tyranitar
|-supereffective|p1a: Tyranitar
|-crit|p1a: Tyranitar
|-damage|p1a: Tyranitar|51/100
|
|-weather|Sandstorm|[upkeep]
|-damage|p2a: Suicune|42/100|[from] Sandstorm
|upkeep
|turn|2
|
|t:|1769427554
|switch|p1a: Kyurem|Kyurem|100/100
|-ability|p1a: Kyurem|Pressure
|move|p2a: Suicune|Rest|p2a: Suicune
|-status|p2a: Suicune|slp|[from] move: Rest
|-heal|p2a: Suicune|100/100 slp|[silent]
|
|-weather|Sandstorm|[upkeep]
|-damage|p1a: Kyurem|94/100|[from] Sandstorm
|-damage|p2a: Suicune|94/100 slp|[from] Sandstorm
|upkeep
|turn|3
|
|t:|1769427563
|move|p1a: Kyurem|Freeze-Dry|p2a: Suicune
|-supereffective|p2a: Suicune
|-damage|p2a: Suicune|37/100 slp
|cant|p2a: Suicune|slp
|move|p2a: Suicune|Sleep Talk|p2a: Suicune
|move|p2a: Suicune|Calm Mind|p2a: Suicune|[from] move: Sleep Talk
|-boost|p2a: Suicune|spa|1
|-boost|p2a: Suicune|spd|1
|
|-weather|Sandstorm|[upkeep]
|-damage|p1a: Kyurem|88/100|[from] Sandstorm
|-damage|p2a: Suicune|31/100 slp|[from] Sandstorm
|upkeep
|turn|4
|
|t:|1769427573
|switch|p2a: Articuno|Articuno|100/100
|-ability|p2a: Articuno|Pressure
|move|p1a: Kyurem|Freeze-Dry|p2a: Articuno
|-damage|p2a: Articuno|79/100
|
|-weather|Sandstorm|[upkeep]
|-damage|p1a: Kyurem|82/100|[from] Sandstorm
|-damage|p2a: Articuno|73/100|[from] Sandstorm
|upkeep
|turn|5
|
|t:|1769427581
|move|p1a: Kyurem|Dragon Dance|p1a: Kyurem
|-boost|p1a: Kyurem|atk|1
|-boost|p1a: Kyurem|spe|1
|move|p2a: Articuno|Substitute|p2a: Articuno
|-start|p2a: Articuno|Substitute
|-damage|p2a: Articuno|48/100
|
|-weather|none
|upkeep
|turn|6
|
|t:|1769427586
|move|p1a: Kyurem|Icicle Spear|p2a: Articuno
|-crit|p2a: Articuno
|-end|p2a: Articuno|Substitute
|-damage|p2a: Articuno|27/100
|-damage|p2a: Articuno|6/100
|-hitcount|p2a: Articuno|3
|move|p2a: Articuno|Roost|p2a: Articuno
|-heal|p2a: Articuno|56/100
|-singleturn|p2a: Articuno|move: Roost
|
|upkeep
|turn|7
|
|t:|1769427598
|switch|p2a: Entei|Entei|100/100
|-ability|p2a: Entei|Pressure
|move|p1a: Kyurem|Dragon Dance|p1a: Kyurem
|-boost|p1a: Kyurem|atk|1
|-boost|p1a: Kyurem|spe|1
|
|upkeep
|turn|8
|
|t:|1769427604
|-terastallize|p1a: Kyurem|Ground
|move|p1a: Kyurem|Earth Power|p2a: Entei
|-supereffective|p2a: Entei
|-damage|p2a: Entei|15/100
|move|p2a: Entei|Flamethrower|p1a: Kyurem
|-damage|p1a: Kyurem|53/100
|
|-heal|p2a: Entei|21/100|[from] item: Leftovers
|upkeep
|turn|9
|
|t:|1769427611
|move|p1a: Kyurem|Icicle Spear|p2a: Entei
|-resisted|p2a: Entei
|-damage|p2a: Entei|12/100
|-resisted|p2a: Entei
|-damage|p2a: Entei|3/100
|-hitcount|p2a: Entei|2
|move|p2a: Entei|Flamethrower|p1a: Kyurem
|-damage|p1a: Kyurem|25/100
|
|-heal|p2a: Entei|10/100|[from] item: Leftovers
|upkeep
|turn|10
|
|t:|1769427618
|move|p1a: Kyurem|Icicle Spear|p2a: Entei
|-resisted|p2a: Entei
|-damage|p2a: Entei|0 fnt
|faint|p2a: Entei
|-hitcount|p2: Entei|1
|
|upkeep
|
|t:|1769427619
|switch|p2a: Moltres|Moltres|100/100
|-ability|p2a: Moltres|Pressure
|turn|11
|
|t:|1769427626
|move|p1a: Kyurem|Icicle Spear|p2a: Moltres
|-damage|p2a: Moltres|79/100
|-damage|p2a: Moltres|57/100
|-damage|p2a: Moltres|35/100
|-hitcount|p2a: Moltres|3
|move|p2a: Moltres|Flamethrower|p1a: Kyurem
|-damage|p1a: Kyurem|0 fnt
|faint|p1a: Kyurem
|
|upkeep
|
|t:|1769427639
|switch|p1a: Gholdengo|Gholdengo|100/100
|turn|12
|
|t:|1769427645
|move|p1a: Gholdengo|Shadow Ball|p2a: Moltres
|-damage|p2a: Moltres|0 fnt
|faint|p2a: Moltres
|
|upkeep
|
|t:|1769427647
|switch|p2a: Raikou|Raikou|100/100
|-ability|p2a: Raikou|Pressure
|turn|13
|
|t:|1769427651
|move|p1a: Gholdengo|Shadow Ball|p2a: Raikou
|-crit|p2a: Raikou
|-damage|p2a: Raikou|43/100
|move|p2a: Raikou|Substitute|p2a: Raikou
|-start|p2a: Raikou|Substitute
|-damage|p2a: Raikou|18/100
|
|-heal|p2a: Raikou|24/100|[from] item: Leftovers
|upkeep
|turn|14
|
|t:|1769427657
|move|p2a: Raikou|Protect|p2a: Raikou
|-singleturn|p2a: Raikou|Protect
|move|p1a: Gholdengo|Shadow Ball|p2a: Raikou
|-activate|p2a: Raikou|move: Protect
|
|-heal|p2a: Raikou|31/100|[from] item: Leftovers
|upkeep
|turn|15
|
|t:|1769427661
|move|p1a: Gholdengo|Shadow Ball|p2a: Raikou
|-end|p2a: Raikou|Substitute
|move|p2a: Raikou|Calm Mind|p2a: Raikou
|-boost|p2a: Raikou|spa|1
|-boost|p2a: Raikou|spd|1
|
|-heal|p2a: Raikou|37/100|[from] item: Leftovers
|upkeep
|turn|16
|
|t:|1769427668
|move|p1a: Gholdengo|Shadow Ball|p2a: Raikou
|-damage|p2a: Raikou|12/100
|move|p2a: Raikou|Thunderbolt|p1a: Gholdengo
|-damage|p1a: Gholdengo|36/100
|
|-heal|p2a: Raikou|19/100|[from] item: Leftovers
|upkeep
|turn|17
|
|t:|1769427673
|move|p2a: Raikou|Protect|p2a: Raikou
|-singleturn|p2a: Raikou|Protect
|move|p1a: Gholdengo|Shadow Ball|p2a: Raikou
|-activate|p2a: Raikou|move: Protect
|
|-heal|p2a: Raikou|25/100|[from] item: Leftovers
|upkeep
|turn|18
|
|t:|1769427675
|move|p1a: Gholdengo|Shadow Ball|p2a: Raikou
|-damage|p2a: Raikou|2/100
|move|p2a: Raikou|Thunderbolt|p1a: Gholdengo
|-damage|p1a: Gholdengo|0 fnt
|faint|p1a: Gholdengo
|
|-heal|p2a: Raikou|8/100|[from] item: Leftovers
|upkeep
|
|t:|1769427683
|switch|p1a: Iron Treads|Iron Treads|100/100
|turn|19
|
|t:|1769427687
|switch|p2a: Zapdos|Zapdos|100/100
|-ability|p2a: Zapdos|Pressure
|move|p1a: Iron Treads|Rapid Spin|p2a: Zapdos
|-damage|p2a: Zapdos|89/100
|-boost|p1a: Iron Treads|spe|1
|
|upkeep
|turn|20
|
|t:|1769427694
|move|p1a: Iron Treads|Ice Spinner|p2a: Zapdos
|-supereffective|p2a: Zapdos
|-damage|p2a: Zapdos|53/100
|move|p2a: Zapdos|U-turn|p1a: Iron Treads
|-resisted|p1a: Iron Treads
|-damage|p1a: Iron Treads|95/100
|
|t:|1769427697
|switch|p2a: Articuno|Articuno|56/100|[from] U-turn
|-ability|p2a: Articuno|Pressure
|
|-heal|p1a: Iron Treads|100/100|[from] item: Leftovers
|upkeep
|turn|21
|
|t:|1769427705
|move|p1a: Iron Treads|Knock Off|p2a: Articuno
|-damage|p2a: Articuno|28/100
|-enditem|p2a: Articuno|Heavy-Duty Boots|[from] move: Knock Off|[of] p1a: Iron Treads
|move|p2a: Articuno|Roost|p2a: Articuno
|-heal|p2a: Articuno|78/100
|-singleturn|p2a: Articuno|move: Roost
|
|upkeep
|turn|22
|
|t:|1769427716
|-end|p1a: Iron Treads|Quark Drive|[silent]
|switch|p1a: Tyranitar|Tyranitar, M|51/100
|-weather|Sandstorm|[from] ability: Sand Stream|[of] p1a: Tyranitar
|move|p2a: Articuno|Substitute|p2a: Articuno
|-start|p2a: Articuno|Substitute
|-damage|p2a: Articuno|53/100
|
|-weather|Sandstorm|[upkeep]
|-damage|p2a: Articuno|47/100|[from] Sandstorm
|upkeep
|turn|23
|
|t:|1769427726
|move|p2a: Articuno|Protect|p2a: Articuno
|-singleturn|p2a: Articuno|Protect
|move|p1a: Tyranitar|Stone Edge|p2a: Articuno
|-activate|p2a: Articuno|move: Protect
|
|-weather|Sandstorm|[upkeep]
|-damage|p2a: Articuno|41/100|[from] Sandstorm
|upkeep
|turn|24
|
|t:|1769427733
|move|p1a: Tyranitar|Stone Edge|p2a: Articuno
|-supereffective|p2a: Articuno
|-end|p2a: Articuno|Substitute
|move|p2a: Articuno|Roost|p2a: Articuno
|-heal|p2a: Articuno|91/100
|-singleturn|p2a: Articuno|move: Roost
|
|-weather|Sandstorm|[upkeep]
|-damage|p2a: Articuno|85/100|[from] Sandstorm
|upkeep
|turn|25
|
|t:|1769427738
|move|p2a: Articuno|Protect|p2a: Articuno
|-singleturn|p2a: Articuno|Protect
|move|p1a: Tyranitar|Stone Edge|p2a: Articuno
|-activate|p2a: Articuno|move: Protect
|
|-weather|Sandstorm|[upkeep]
|-damage|p2a: Articuno|78/100|[from] Sandstorm
|upkeep
|turn|26
|
|t:|1769427746
|switch|p2a: Suicune|Suicune|31/100 slp
|-ability|p2a: Suicune|Pressure
|move|p1a: Tyranitar|Stone Edge|p2a: Suicune
|-damage|p2a: Suicune|0 fnt
|faint|p2a: Suicune
|
|-weather|none
|upkeep
|
|t:|1769427753
|switch|p2a: Articuno|Articuno|78/100
|-ability|p2a: Articuno|Pressure
|turn|27
|
|t:|1769427759
|switch|p1a: Moltres|Moltres|100/100
|move|p2a: Articuno|Substitute|p2a: Articuno
|-start|p2a: Articuno|Substitute
|-damage|p2a: Articuno|53/100
|
|upkeep
|turn|28
|
|t:|1769427763
|move|p2a: Articuno|Protect|p2a: Articuno
|-singleturn|p2a: Articuno|Protect
|move|p1a: Moltres|Flamethrower|p2a: Articuno
|-activate|p2a: Articuno|move: Protect
|
|upkeep
|turn|29
|
|t:|1769427770
|move|p2a: Articuno|Roost|p2a: Articuno
|-heal|p2a: Articuno|100/100
|-singleturn|p2a: Articuno|move: Roost
|move|p1a: Moltres|Roar|p2a: Articuno
|drag|p2a: Zapdos|Zapdos|53/100
|-ability|p2a: Zapdos|Pressure
|
|upkeep
|turn|30
|
|t:|1769427775
|move|p2a: Zapdos|Thunderbolt|p1a: Moltres
|-supereffective|p1a: Moltres
|-damage|p1a: Moltres|25/100
|move|p1a: Moltres|Flamethrower|p2a: Zapdos
|-damage|p2a: Zapdos|19/100
|
|upkeep
|turn|31
|
|t:|1769427782
|switch|p1a: Tyranitar|Tyranitar, M|51/100
|-weather|Sandstorm|[from] ability: Sand Stream|[of] p1a: Tyranitar
|move|p2a: Zapdos|Roost|p2a: Zapdos
|-heal|p2a: Zapdos|69/100
|-singleturn|p2a: Zapdos|move: Roost
|
|-weather|Sandstorm|[upkeep]
|-damage|p2a: Zapdos|63/100|[from] Sandstorm
|upkeep
|turn|32
|
|t:|1769427790
|move|p2a: Zapdos|U-turn|p1a: Tyranitar
|-supereffective|p1a: Tyranitar
|-damage|p1a: Tyranitar|28/100
|
|t:|1769427793
|switch|p2a: Raikou|Raikou|8/100|[from] U-turn
|-ability|p2a: Raikou|Pressure
|move|p1a: Tyranitar|Knock Off|p2a: Raikou
|-damage|p2a: Raikou|0 fnt
|-enditem|p2a: Raikou|Leftovers|[from] move: Knock Off|[of] p1a: Tyranitar
|faint|p2a: Raikou
|
|-weather|Sandstorm|[upkeep]
|upkeep
|
|t:|1769427798
|switch|p2a: Articuno|Articuno|100/100
|-ability|p2a: Articuno|Pressure
|turn|33
|
|t:|1769427800
|move|p1a: Tyranitar|Knock Off|p2a: Articuno
|-damage|p2a: Articuno|46/100
|move|p2a: Articuno|Freeze-Dry|p1a: Tyranitar
|-damage|p1a: Tyranitar|13/100
|
|-weather|Sandstorm|[upkeep]
|-damage|p2a: Articuno|39/100|[from] Sandstorm
|upkeep
|turn|34
|
|t:|1769427806
|move|p1a: Tyranitar|Knock Off|p2a: Articuno
|-damage|p2a: Articuno|0 fnt
|faint|p2a: Articuno
|
|-weather|Sandstorm|[upkeep]
|upkeep
|
|t:|1769427808
|switch|p2a: Zapdos|Zapdos|63/100
|-ability|p2a: Zapdos|Pressure
|turn|35
|
|t:|1769427813
|move|p2a: Zapdos|Thunderbolt|p1a: Tyranitar
|-damage|p1a: Tyranitar|0 fnt
|faint|p1a: Tyranitar
|
|-weather|none
|upkeep
|
|t:|1769427817
|switch|p1a: Iron Treads|Iron Treads|100/100
|turn|36
|
|t:|1769427819
|move|p1a: Iron Treads|Rapid Spin|p2a: Zapdos
|-damage|p2a: Zapdos|52/100
|-boost|p1a: Iron Treads|spe|1
|move|p2a: Zapdos|Roost|p2a: Zapdos
|-heal|p2a: Zapdos|100/100
|-singleturn|p2a: Zapdos|move: Roost
|
|upkeep
|turn|37
|
|t:|1769427825
|move|p1a: Iron Treads|Ice Spinner|p2a: Zapdos
|-supereffective|p2a: Zapdos
|-damage|p2a: Zapdos|66/100
|move|p2a: Zapdos|U-turn|p1a: Iron Treads
|-resisted|p1a: Iron Treads
|-damage|p1a: Iron Treads|94/100
|
|-heal|p1a: Iron Treads|100/100|[from] item: Leftovers
|upkeep
|turn|38
|
|t:|1769427829
|move|p2a: Zapdos|Protect|p2a: Zapdos
|-singleturn|p2a: Zapdos|Protect
|move|p1a: Iron Treads|Knock Off|p2a: Zapdos
|-activate|p2a: Zapdos|move: Protect
|
|upkeep
|turn|39
|
|t:|1769427834
|move|p1a: Iron Treads|Knock Off|p2a: Zapdos
|-damage|p2a: Zapdos|45/100
|-enditem|p2a: Zapdos|Heavy-Duty Boots|[from] move: Knock Off|[of] p1a: Iron Treads
|move|p2a: Zapdos|Roost|p2a: Zapdos
|-heal|p2a: Zapdos|95/100
|-singleturn|p2a: Zapdos|move: Roost
|
|upkeep
|turn|40
|
|t:|1769427840
|move|p2a: Zapdos|Protect|p2a: Zapdos
|-singleturn|p2a: Zapdos|Protect
|move|p1a: Iron Treads|Ice Spinner|p2a: Zapdos
|-activate|p2a: Zapdos|move: Protect
|
|upkeep
|turn|41
|
|t:|1769427846
|-end|p1a: Iron Treads|Quark Drive|[silent]
|switch|p1a: Landorus|Landorus-Therian, M|100/100
|-ability|p1a: Landorus|Intimidate|boost
|-unboost|p2a: Zapdos|atk|1
|move|p2a: Zapdos|U-turn|p1a: Landorus
|-resisted|p1a: Landorus
|-damage|p1a: Landorus|96/100
|-damage|p2a: Zapdos|78/100|[from] item: Rocky Helmet|[of] p1a: Landorus
|
|upkeep
|turn|42
|
|t:|1769427853
|move|p2a: Zapdos|Protect|p2a: Zapdos
|-singleturn|p2a: Zapdos|Protect
|move|p1a: Landorus|Taunt|p2a: Zapdos
|-activate|p2a: Zapdos|move: Protect
|
|upkeep
|turn|43
|
|t:|1769427860
|move|p1a: Landorus|Taunt|p2a: Zapdos
|-start|p2a: Zapdos|move: Taunt
|move|p2a: Zapdos|Thunderbolt|p1a: Landorus
|-immune|p1a: Landorus
|
|upkeep
|turn|44
|
|t:|1769427867
|move|p1a: Landorus|U-turn|p2a: Zapdos
|-resisted|p2a: Zapdos
|-damage|p2a: Zapdos|71/100
|
|t:|1769427869
|switch|p1a: Iron Treads|Iron Treads|100/100|[from] U-turn
|move|p2a: Zapdos|Thunderbolt|p1a: Iron Treads
|-immune|p1a: Iron Treads
|
|upkeep
|turn|45
|
|t:|1769427879
|move|p1a: Iron Treads|Ice Spinner|p2a: Zapdos
|-supereffective|p2a: Zapdos
|-damage|p2a: Zapdos|35/100
|move|p2a: Zapdos|U-turn|p1a: Iron Treads
|-resisted|p1a: Iron Treads
|-damage|p1a: Iron Treads|96/100
|
|-heal|p1a: Iron Treads|100/100|[from] item: Leftovers
|-end|p2a: Zapdos|move: Taunt
|upkeep
|turn|46
|
|t:|1769427884
|move|p2a: Zapdos|Protect|p2a: Zapdos
|-singleturn|p2a: Zapdos|Protect
|move|p1a: Iron Treads|Ice Spinner|p2a: Zapdos
|-activate|p2a: Zapdos|move: Protect
|
|upkeep
|turn|47
|
|t:|1769427889
|move|p1a: Iron Treads|Ice Spinner|p2a: Zapdos
|-supereffective|p2a: Zapdos
|-damage|p2a: Zapdos|0 fnt
|faint|p2a: Zapdos
|
|win|huaba116
|raw|huaba116's rating: 1229 &rarr; <strong>1252</strong><br />(+23 for winning)
|raw|los chipirones's rating: 1199 &rarr; <strong>1176</strong><br />(-23 for losing)
|l|☆los chipirones
|player|p2|
|l|☆huaba116
|player|p1|
