|j|☆Silver backGX
|j|☆iiKingsy
|t:|1769318947
|gametype|singles
|player|p1|Silver backGX|1|1207
|player|p2|iiKingsy|102|1259
|gen|9
|tier|[Gen 9] OU
|rated|
|rule|HP Percentage Mod: HP is shown in percentages
|rule|Endless Battle Clause: Forcing endless battles is banned
|rule|Species Clause: Limit one of each Pokémon
|rule|OHKO Clause: OHKO moves are banned
|rule|Evasion Items Clause: Evasion items are banned
|rule|Evasion Moves Clause: Evasion moves are banned
|rule|Evasion Abilities Clause: Evasion abilities are banned
|rule|Sleep Moves Clause: Sleep-inducing moves are banned
|clearpoke
|poke|p1|Rillaboom, M|
|poke|p1|Corviknight, F|
|poke|p1|Heatran, M|
|poke|p1|Dragapult, M|
|poke|p1|Garchomp, M|
|poke|p1|Great Tusk|
|poke|p2|Weezing-Galar, M|
|poke|p2|Clodsire, M|
|poke|p2|Toxapex, M|
|poke|p2|Gastrodon-East, F|
|poke|p2|Muk-Alola, F|
|poke|p2|Drifblim, M|
|teampreview
|inactive|Battle timer is ON: inactive players will automatically lose when time's up. (requested by Silver backGX)
|
|t:|1769318962
|teamsize|p1|6
|teamsize|p2|6
|start
|switch|p1a: Garchomp|Garchomp, M|100/100
|switch|p2a: Weezing|Weezing-Galar, M, shiny|100/100
|turn|1
|
|t:|1769318969
|move|p1a: Garchomp|Stealth Rock|p2a: Weezing
|-sidestart|p2: iiKingsy|move: Stealth Rock
|move|p2a: Weezing|Will-O-Wisp|p1a: Garchomp
|-status|p1a: Garchomp|brn
|
|-damage|p1a: Garchomp|94/100 brn|[from] brn
|upkeep
|turn|2
|
|t:|1769318983
|switch|p1a: Heatran|Heatran, M|100/100
|move|p2a: Weezing|Stockpile|p2a: Weezing
|-start|p2a: Weezing|stockpile1
|-boost|p2a: Weezing|def|1
|-boost|p2a: Weezing|spd|1
|
|upkeep
|turn|3
|
|t:|1769318992
|switch|p2a: Clodsire|Clodsire, M, shiny|100/100
|-damage|p2a: Clodsire|94/100|[from] Stealth Rock
|move|p1a: Heatran|Magma Storm|p2a: Clodsire
|-damage|p2a: Clodsire|62/100
|-activate|p2a: Clodsire|move: Magma Storm|[of] p1a: Heatran
|
|-heal|p2a: Clodsire|68/100|[from] item: Black Sludge
|-damage|p2a: Clodsire|56/100|[from] move: Magma Storm|[partiallytrapped]
|upkeep
|turn|4
|
|t:|1769319004
|move|p1a: Heatran|Protect|p1a: Heatran
|-singleturn|p1a: Heatran|Protect
|move|p2a: Clodsire|Recover|p2a: Clodsire
|-heal|p2a: Clodsire|100/100
|
|-damage|p2a: Clodsire|88/100|[from] move: Magma Storm|[partiallytrapped]
|upkeep
|turn|5
|
|t:|1769319015
|switch|p1a: Corviknight|Corviknight, F|100/100
|move|p2a: Clodsire|Earthquake|p1a: Corviknight
|-immune|p1a: Corviknight
|
|-heal|p2a: Clodsire|94/100|[from] item: Black Sludge
|-end|p2a: Clodsire|Magma Storm|[partiallytrapped]|[silent]
|upkeep
|turn|6
|
|t:|1769319025
|switch|p2a: Drifblim|Drifblim, M, shiny|100/100
|-damage|p2a: Drifblim|76/100|[from] Stealth Rock
|move|p1a: Corviknight|Brave Bird|p2a: Drifblim
|-damage|p2a: Drifblim|21/100
|-damage|p1a: Corviknight|80/100|[from] Recoil
|
|-heal|p1a: Corviknight|87/100|[from] item: Leftovers
|-status|p2a: Drifblim|brn|[from] item: Flame Orb
|upkeep
|turn|7
|
|t:|1769319042
|switch|p1a: Heatran|Heatran, M|100/100
|move|p2a: Drifblim|Strength Sap|p1a: Heatran
|-unboost|p1a: Heatran|atk|1
|-heal|p2a: Drifblim|59/100 brn
|
|-damage|p2a: Drifblim|52/100 brn|[from] brn
|upkeep
|turn|8
|
|t:|1769319052
|move|p2a: Drifblim|Strength Sap|p1a: Heatran
|-unboost|p1a: Heatran|atk|1
|-heal|p2a: Drifblim|77/100 brn
|move|p1a: Heatran|Magma Storm|p2a: Drifblim
|-damage|p2a: Drifblim|24/100 brn
|-activate|p2a: Drifblim|move: Magma Storm|[of] p1a: Heatran
|
|-damage|p2a: Drifblim|18/100 brn|[from] brn
|-damage|p2a: Drifblim|6/100 brn|[from] move: Magma Storm|[partiallytrapped]
|upkeep
|turn|9
|
|t:|1769319065
|move|p1a: Heatran|Protect|p1a: Heatran
|-singleturn|p1a: Heatran|Protect
|move|p2a: Drifblim|Shadow Ball|p1a: Heatran
|-activate|p1a: Heatran|move: Protect
|
|-damage|p2a: Drifblim|0 fnt|[from] brn
|faint|p2a: Drifblim
|upkeep
|
|t:|1769319070
|switch|p2a: Muk|Muk-Alola, F, shiny|100/100
|-damage|p2a: Muk|88/100|[from] Stealth Rock
|turn|10
|
|t:|1769319082
|move|p1a: Heatran|Magma Storm|p2a: Muk
|-damage|p2a: Muk|54/100
|-activate|p2a: Muk|move: Magma Storm|[of] p1a: Heatran
|move|p2a: Muk|Knock Off|p1a: Heatran
|-damage|p1a: Heatran|61/100
|-enditem|p1a: Heatran|Leftovers|[from] move: Knock Off|[of] p2a: Muk
|
|-heal|p2a: Muk|60/100|[from] item: Leftovers
|-damage|p2a: Muk|48/100|[from] move: Magma Storm|[partiallytrapped]
|upkeep
|turn|11
|
|t:|1769319095
|move|p1a: Heatran|Protect|p1a: Heatran
|-singleturn|p1a: Heatran|Protect
|move|p2a: Muk|Stockpile|p2a: Muk
|-start|p2a: Muk|stockpile1
|-boost|p2a: Muk|def|1
|-boost|p2a: Muk|spd|1
|
|-heal|p2a: Muk|54/100|[from] item: Leftovers
|-damage|p2a: Muk|41/100|[from] move: Magma Storm|[partiallytrapped]
|upkeep
|turn|12
|
|t:|1769319105
|move|p1a: Heatran|Earth Power|p2a: Muk
|-supereffective|p2a: Muk
|-damage|p2a: Muk|15/100
|move|p2a: Muk|Drain Punch|p1a: Heatran
|-supereffective|p1a: Heatran
|-damage|p1a: Heatran|21/100
|-heal|p2a: Muk|34/100|[from] drain|[of] p1a: Heatran
|
|-heal|p2a: Muk|40/100|[from] item: Leftovers
|-damage|p2a: Muk|27/100|[from] move: Magma Storm|[partiallytrapped]
|upkeep
|turn|13
|
|t:|1769319116
|move|p1a: Heatran|Earth Power|p2a: Muk
|-supereffective|p2a: Muk
|-damage|p2a: Muk|1/100
|move|p2a: Muk|Drain Punch|p1a: Heatran
|-supereffective|p1a: Heatran
|-damage|p1a: Heatran|0 fnt
|-heal|p2a: Muk|10/100|[from] drain|[of] p1a: Heatran
|faint|p1a: Heatran
|
|-heal|p2a: Muk|16/100|[from] item: Leftovers
|-end|p2a: Muk|Magma Storm|[partiallytrapped]|[silent]
|upkeep
|
|t:|1769319130
|switch|p1a: Dragapult|Dragapult, M|100/100
|turn|14
|
|t:|1769319136
|move|p1a: Dragapult|Shadow Ball|p2a: Muk
|-resisted|p2a: Muk
|-crit|p2a: Muk
|-damage|p2a: Muk|0 fnt
|faint|p2a: Muk
|
|upkeep
|
|t:|1769319147
|switch|p2a: Gastrodon|Gastrodon-East, F, shiny|100/100
|-damage|p2a: Gastrodon|94/100|[from] Stealth Rock
|turn|15
|
|t:|1769319156
|switch|p1a: Rillaboom|Rillaboom, M|100/100
|-fieldstart|move: Grassy Terrain|[from] ability: Grassy Surge|[of] p1a: Rillaboom
|move|p2a: Gastrodon|Stockpile|p2a: Gastrodon
|-start|p2a: Gastrodon|stockpile1
|-boost|p2a: Gastrodon|def|1
|-boost|p2a: Gastrodon|spd|1
|
|-heal|p2a: Gastrodon|100/100|[from] Grassy Terrain
|upkeep
|turn|16
|
|t:|1769319170
|-terastallize|p2a: Gastrodon|Fire
|move|p1a: Rillaboom|Grassy Glide|p2a: Gastrodon
|-resisted|p2a: Gastrodon
|-damage|p2a: Gastrodon|82/100
|move|p2a: Gastrodon|Surf|p1a: Rillaboom
|-resisted|p1a: Rillaboom
|-damage|p1a: Rillaboom|75/100
|
|-heal|p1a: Rillaboom|81/100|[from] Grassy Terrain
|-heal|p2a: Gastrodon|88/100|[from] Grassy Terrain
|-heal|p2a: Gastrodon|94/100|[from] item: Leftovers
|upkeep
|turn|17
|
|t:|1769319198
|switch|p1a: Corviknight|Corviknight, F|87/100
|move|p2a: Gastrodon|Stockpile|p2a: Gastrodon
|-start|p2a: Gastrodon|stockpile2
|-boost|p2a: Gastrodon|def|1
|-boost|p2a: Gastrodon|spd|1
|
|-heal|p1a: Corviknight|93/100|[from] item: Leftovers
|-heal|p2a: Gastrodon|100/100|[from] Grassy Terrain
|upkeep
|turn|18
|
|t:|1769319212
|move|p1a: Corviknight|U-turn|p2a: Gastrodon
|-resisted|p2a: Gastrodon
|-damage|p2a: Gastrodon|96/100
|
|t:|1769319220
|switch|p1a: Great Tusk|Great Tusk|100/100|[from] U-turn
|-enditem|p1a: Great Tusk|Booster Energy
|-activate|p1a: Great Tusk|ability: Protosynthesis|[fromitem]
|-start|p1a: Great Tusk|protosynthesisatk
|move|p2a: Gastrodon|Stockpile|p2a: Gastrodon
|-start|p2a: Gastrodon|stockpile3
|-boost|p2a: Gastrodon|def|1
|-boost|p2a: Gastrodon|spd|1
|
|-heal|p2a: Gastrodon|100/100|[from] Grassy Terrain
|upkeep
|turn|19
|inactive|Silver backGX has 120 seconds left.
|
|t:|1769319236
|-terastallize|p1a: Great Tusk|Water
|move|p1a: Great Tusk|Earthquake|p2a: Gastrodon
|-supereffective|p2a: Gastrodon
|-damage|p2a: Gastrodon|70/100
|move|p2a: Gastrodon|Surf|p1a: Great Tusk
|-resisted|p1a: Great Tusk
|-damage|p1a: Great Tusk|70/100
|
|-heal|p1a: Great Tusk|76/100|[from] Grassy Terrain
|-heal|p2a: Gastrodon|77/100|[from] Grassy Terrain
|-heal|p2a: Gastrodon|83/100|[from] item: Leftovers
|-fieldend|move: Grassy Terrain
|upkeep
|turn|20
|inactive|Silver backGX has 120 seconds left.
|
|t:|1769319248
|move|p1a: Great Tusk|Earthquake|p2a: Gastrodon
|-supereffective|p2a: Gastrodon
|-damage|p2a: Gastrodon|26/100
|move|p2a: Gastrodon|Earthquake|p1a: Great Tusk
|-damage|p1a: Great Tusk|55/100
|
|-heal|p2a: Gastrodon|32/100|[from] item: Leftovers
|upkeep
|turn|21
|
|t:|1769319257
|switch|p2a: Weezing|Weezing-Galar, M, shiny|100/100
|-damage|p2a: Weezing|88/100|[from] Stealth Rock
|move|p1a: Great Tusk|Earthquake|p2a: Weezing
|-immune|p2a: Weezing|[from] ability: Levitate
|
|-heal|p2a: Weezing|94/100|[from] item: Leftovers
|upkeep
|turn|22
|inactive|Silver backGX has 120 seconds left.
|
|t:|1769319274
|-end|p1a: Great Tusk|Protosynthesis|[silent]
|switch|p1a: Corviknight|Corviknight, F|93/100
|move|p2a: Weezing|Will-O-Wisp|p1a: Corviknight
|-status|p1a: Corviknight|brn
|
|-heal|p1a: Corviknight|99/100 brn|[from] item: Leftovers
|-heal|p2a: Weezing|99/100|[from] item: Leftovers
|-damage|p1a: Corviknight|93/100 brn|[from] brn
|upkeep
|turn|23
|inactive|Silver backGX has 120 seconds left.
|
|t:|1769319285
|move|p1a: Corviknight|Brave Bird|p2a: Weezing
|-damage|p2a: Weezing|85/100
|-damage|p1a: Corviknight|89/100 brn|[from] Recoil
|move|p2a: Weezing|Stockpile|p2a: Weezing
|-start|p2a: Weezing|stockpile1
|-boost|p2a: Weezing|def|1
|-boost|p2a: Weezing|spd|1
|
|-heal|p1a: Corviknight|95/100 brn|[from] item: Leftovers
|-heal|p2a: Weezing|91/100|[from] item: Leftovers
|-damage|p1a: Corviknight|89/100 brn|[from] brn
|upkeep
|turn|24
|inactive|Silver backGX has 120 seconds left.
|
|t:|1769319297
|move|p1a: Corviknight|U-turn|p2a: Weezing
|-resisted|p2a: Weezing
|-damage|p2a: Weezing|90/100
|inactive|Silver backGX has 120 seconds left.
|
|t:|1769319318
|switch|p1a: Dragapult|Dragapult, M|100/100|[from] U-turn
|move|p2a: Weezing|Stockpile|p2a: Weezing
|-start|p2a: Weezing|stockpile2
|-boost|p2a: Weezing|def|1
|-boost|p2a: Weezing|spd|1
|
|-heal|p2a: Weezing|96/100|[from] item: Leftovers
|upkeep
|turn|25
|
|t:|1769319338
|move|p1a: Dragapult|Flamethrower|p2a: Weezing
|-damage|p2a: Weezing|71/100
|move|p2a: Weezing|Strange Steam|p1a: Dragapult
|-supereffective|p1a: Dragapult
|-damage|p1a: Dragapult|4/100
|
|-heal|p2a: Weezing|77/100|[from] item: Leftovers
|upkeep
|turn|26
|
|t:|1769319351
|move|p1a: Dragapult|Flamethrower|p2a: Weezing
|-damage|p2a: Weezing|49/100
|move|p2a: Weezing|Strange Steam|p1a: Dragapult
|-supereffective|p1a: Dragapult
|-damage|p1a: Dragapult|0 fnt
|faint|p1a: Dragapult
|
|-heal|p2a: Weezing|55/100|[from] item: Leftovers
|upkeep
|
|t:|1769319363
|switch|p1a: Rillaboom|Rillaboom, M|81/100
|-fieldstart|move: Grassy Terrain|[from] ability: Grassy Surge|[of] p1a: Rillaboom
|turn|27
|
|t:|1769319369
|move|p1a: Rillaboom|Wood Hammer|p2a: Weezing
|-resisted|p2a: Weezing
|-damage|p2a: Weezing|27/100
|-damage|p1a: Rillaboom|72/100|[from] Recoil
|move|p2a: Weezing|Sludge Wave|p1a: Rillaboom
|-supereffective|p1a: Rillaboom
|-damage|p1a: Rillaboom|0 fnt
|faint|p1a: Rillaboom
|
|-heal|p2a: Weezing|33/100|[from] item: Leftovers
|upkeep
|inactive|Silver backGX has 90 seconds left.
|
|t:|1769319392
|switch|p1a: Garchomp|Garchomp, M|94/100 brn
|turn|28
|
|t:|1769319398
|move|p1a: Garchomp|Fire Blast|p2a: Weezing
|-damage|p2a: Weezing|20/100
|move|p2a: Weezing|Strange Steam|p1a: Garchomp
|-supereffective|p1a: Garchomp
|-damage|p1a: Garchomp|17/100 brn
|
|-heal|p1a: Garchomp|23/100 brn|[from] Grassy Terrain
|-heal|p2a: Weezing|26/100|[from] item: Leftovers
|-damage|p1a: Garchomp|17/100 brn|[from] brn
|upkeep
|turn|29
|
|t:|1769319409
|move|p1a: Garchomp|Fire Blast|p2a: Weezing
|-damage|p2a: Weezing|13/100
|move|p2a: Weezing|Strange Steam|p1a: Garchomp
|-supereffective|p1a: Garchomp
|-damage|p1a: Garchomp|0 fnt
|faint|p1a: Garchomp
|
|-heal|p2a: Weezing|19/100|[from] item: Leftovers
|upkeep
|inactive|Silver backGX has 90 seconds left.
|
|t:|1769319420
|switch|p1a: Great Tusk|Great Tusk, tera:Water|55/100
|turn|30
|
|t:|1769319437
|move|p1a: Great Tusk|Knock Off|p2a: Weezing
|-resisted|p2a: Weezing
|-damage|p2a: Weezing|12/100
|-enditem|p2a: Weezing|Leftovers|[from] move: Knock Off|[of] p1a: Great Tusk
|move|p2a: Weezing|Will-O-Wisp|p1a: Great Tusk
|-status|p1a: Great Tusk|brn
|
|-heal|p1a: Great Tusk|61/100 brn|[from] Grassy Terrain
|-damage|p1a: Great Tusk|55/100 brn|[from] brn
|upkeep
|turn|31
|
|t:|1769319451
|move|p1a: Great Tusk|Knock Off|p2a: Weezing
|-resisted|p2a: Weezing
|-damage|p2a: Weezing|10/100
|move|p2a: Weezing|Strange Steam|p1a: Great Tusk
|-damage|p1a: Great Tusk|0 fnt
|faint|p1a: Great Tusk
|-end|p1a: Great Tusk|Protosynthesis|[silent]
|
|-fieldend|move: Grassy Terrain
|upkeep
|-message|Silver backGX forfeited.
|
|win|iiKingsy
|raw|Silver backGX's rating: 1207 &rarr; <strong>1186</strong><br />(-21 for losing)
|raw|iiKingsy's rating: 1259 &rarr; <strong>1280</strong><br />(+21 for winning)
|l|☆Silver backGX
|player|p1|
|l|☆iiKingsy
|player|p2|
