|j|☆Pumpkin Priest
|j|☆scarlet chains
|t:|1769351410
|gametype|singles
|player|p1|Pumpkin Priest|dana|1484
|player|p2|scarlet chains|170|1437
|gen|9
|tier|[Gen 9] OU
|rated|
|rule|HP Percentage Mod: HP is shown in percentages
|rule|Endless Battle Clause: Forcing endless battles is banned
|rule|Species Clause: Limit one of each Pokémon
|rule|OHKO Clause: OHKO moves are banned
|rule|Evasion Items Clause: Evasion items are banned
|rule|Evasion Moves Clause: Evasion moves are banned
|rule|Evasion Abilities Clause: Evasion abilities are banned
|rule|Sleep Moves Clause: Sleep-inducing moves are banned
|clearpoke
|poke|p1|Rillaboom, M|
|poke|p1|Mamoswine, M|
|poke|p1|Gholdengo|
|poke|p1|Kingambit, M|
|poke|p1|Great Tusk|
|poke|p1|Alomomola, M|
|poke|p2|Rillaboom, F|
|poke|p2|Salamence, F|
|poke|p2|Glimmora, F|
|poke|p2|Alomomola, M|
|poke|p2|Iron Crown|
|poke|p2|Lycanroc-Dusk, M|
|teampreview
|inactive|Battle timer is ON: inactive players will automatically lose when time's up. (requested by Pumpkin Priest)
|inactive|Pumpkin Priest has 120 seconds left.
|
|t:|1769351446
|teamsize|p1|6
|teamsize|p2|6
|start
|switch|p1a: Alomomola|Alomomola, M|100/100
|switch|p2a: Rillaboom|Rillaboom, F|100/100
|-fieldstart|move: Grassy Terrain|[from] ability: Grassy Surge|[of] p2a: Rillaboom
|turn|1
|
|t:|1769351454
|-terastallize|p2a: Rillaboom|Grass
|move|p1a: Alomomola|Protect|p1a: Alomomola
|-singleturn|p1a: Alomomola|Protect
|move|p2a: Rillaboom|Wood Hammer|p1a: Alomomola
|-activate|p1a: Alomomola|move: Protect
|
|upkeep
|turn|2
|inactive|Pumpkin Priest has 120 seconds left.
|
|t:|1769351495
|-terastallize|p1a: Alomomola|Dragon
|move|p2a: Rillaboom|Wood Hammer|p1a: Alomomola
|-resisted|p1a: Alomomola
|-damage|p1a: Alomomola|37/100
|-damage|p2a: Rillaboom|68/100|[from] Recoil
|move|p1a: Alomomola|Scald|p2a: Rillaboom
|-resisted|p2a: Rillaboom
|-damage|p2a: Rillaboom|58/100
|
|-heal|p2a: Rillaboom|64/100|[from] Grassy Terrain
|-heal|p1a: Alomomola|44/100|[from] Grassy Terrain
|upkeep
|turn|3
|
|t:|1769351520
|switch|p1a: Gholdengo|Gholdengo|100/100
|move|p2a: Rillaboom|Wood Hammer|p1a: Gholdengo
|-resisted|p1a: Gholdengo
|-damage|p1a: Gholdengo|1/100
|-damage|p2a: Rillaboom|34/100|[from] Recoil
|
|-heal|p1a: Gholdengo|7/100|[from] Grassy Terrain
|-heal|p2a: Rillaboom|40/100|[from] Grassy Terrain
|upkeep
|turn|4
|
|t:|1769351534
|switch|p2a: Alomomola|Alomomola, M|100/100
|move|p1a: Gholdengo|Shadow Ball|p2a: Alomomola
|-damage|p2a: Alomomola|78/100
|
|-heal|p1a: Gholdengo|13/100|[from] Grassy Terrain
|-heal|p2a: Alomomola|84/100|[from] Grassy Terrain
|upkeep
|turn|5
|inactive|Pumpkin Priest has 90 seconds left.
|
|t:|1769351551
|switch|p1a: Alomomola|Alomomola, M, tera:Dragon|77/100
|move|p2a: Alomomola|Flip Turn|p1a: Alomomola
|-resisted|p1a: Alomomola
|-damage|p1a: Alomomola|70/100
|
|t:|1769351562
|switch|p2a: Salamence|Salamence, F|100/100|[from] Flip Turn
|
|-heal|p1a: Alomomola|76/100|[from] Grassy Terrain
|-fieldend|move: Grassy Terrain
|upkeep
|turn|6
|inactive|Pumpkin Priest has 90 seconds left.
|
|t:|1769351580
|move|p2a: Salamence|Dragon Dance|p2a: Salamence
|-boost|p2a: Salamence|atk|1
|-boost|p2a: Salamence|spe|1
|move|p1a: Alomomola|Flip Turn|p2a: Salamence
|-resisted|p2a: Salamence
|-damage|p2a: Salamence|91/100
|inactive|Pumpkin Priest has 90 seconds left.
|
|t:|1769351589
|switch|p1a: Mamoswine|Mamoswine, M|100/100|[from] Flip Turn
|
|upkeep
|turn|7
|
|t:|1769351596
|move|p1a: Mamoswine|Ice Shard|p2a: Salamence
|-supereffective|p2a: Salamence
|-damage|p2a: Salamence|0 fnt
|faint|p2a: Salamence
|
|upkeep
|
|t:|1769351605
|switch|p2a: Lycanroc|Lycanroc-Dusk, M|100/100
|turn|8
|
|t:|1769351625
|switch|p1a: Gholdengo|Gholdengo|13/100
|move|p2a: Lycanroc|Close Combat|p1a: Gholdengo
|-immune|p1a: Gholdengo
|
|upkeep
|turn|9
|
|t:|1769351635
|switch|p1a: Great Tusk|Great Tusk|100/100
|-enditem|p1a: Great Tusk|Booster Energy
|-activate|p1a: Great Tusk|ability: Protosynthesis|[fromitem]
|-start|p1a: Great Tusk|protosynthesisatk
|move|p2a: Lycanroc|Stone Edge|p1a: Great Tusk|[miss]
|-miss|p2a: Lycanroc|p1a: Great Tusk
|
|upkeep
|turn|10
|inactive|Pumpkin Priest has 90 seconds left.
|
|t:|1769351659
|switch|p2a: Alomomola|Alomomola, M|100/100
|move|p1a: Great Tusk|Close Combat|p2a: Alomomola
|-damage|p2a: Alomomola|38/100
|-unboost|p1a: Great Tusk|def|1
|-unboost|p1a: Great Tusk|spd|1
|
|upkeep
|turn|11
|
|t:|1769351681
|move|p1a: Great Tusk|Close Combat|p2a: Alomomola
|-damage|p2a: Alomomola|0 fnt
|-unboost|p1a: Great Tusk|def|1
|-unboost|p1a: Great Tusk|spd|1
|faint|p2a: Alomomola
|
|upkeep
|
|t:|1769351685
|switch|p2a: Rillaboom|Rillaboom, F, tera:Grass|40/100
|-fieldstart|move: Grassy Terrain|[from] ability: Grassy Surge|[of] p2a: Rillaboom
|turn|12
|
|t:|1769351704
|-end|p1a: Great Tusk|Protosynthesis|[silent]
|switch|p1a: Kingambit|Kingambit, M, shiny|100/100
|move|p2a: Rillaboom|Wood Hammer|p1a: Kingambit
|-resisted|p1a: Kingambit
|-damage|p1a: Kingambit|35/100
|-damage|p2a: Rillaboom|15/100|[from] Recoil
|
|-heal|p2a: Rillaboom|21/100|[from] Grassy Terrain
|-heal|p1a: Kingambit|41/100|[from] Grassy Terrain
|-heal|p1a: Kingambit|47/100|[from] item: Leftovers
|upkeep
|turn|13
|inactive|Pumpkin Priest has 90 seconds left.
|
|t:|1769351721
|switch|p2a: Lycanroc|Lycanroc-Dusk, M|100/100
|move|p1a: Kingambit|Sucker Punch||[still]
|-fail|p1a: Kingambit
|
|-heal|p1a: Kingambit|53/100|[from] Grassy Terrain
|-heal|p1a: Kingambit|60/100|[from] item: Leftovers
|upkeep
|turn|14
|inactive|Pumpkin Priest has 90 seconds left.
|inactive|scarlet chains has 120 seconds left.
|
|t:|1769351778
|-end|p1a: Kingambit|fallenundefined|[silent]
|switch|p1a: Gholdengo|Gholdengo|13/100
|move|p2a: Lycanroc|Close Combat|p1a: Gholdengo
|-immune|p1a: Gholdengo
|
|-heal|p1a: Gholdengo|19/100|[from] Grassy Terrain
|upkeep
|turn|15
|
|t:|1769351788
|move|p1a: Gholdengo|Make It Rain|p2a: Lycanroc
|-supereffective|p2a: Lycanroc
|-enditem|p2a: Lycanroc|Focus Sash
|-damage|p2a: Lycanroc|1/100
|-unboost|p1a: Gholdengo|spa|1
|move|p2a: Lycanroc|Close Combat|p1a: Gholdengo
|-immune|p1a: Gholdengo
|
|-heal|p1a: Gholdengo|25/100|[from] Grassy Terrain
|-heal|p2a: Lycanroc|7/100|[from] Grassy Terrain
|upkeep
|turn|16
|
|t:|1769351800
|move|p1a: Gholdengo|Make It Rain|p2a: Lycanroc
|-supereffective|p2a: Lycanroc
|-damage|p2a: Lycanroc|0 fnt
|-unboost|p1a: Gholdengo|spa|1
|faint|p2a: Lycanroc
|
|-heal|p1a: Gholdengo|31/100|[from] Grassy Terrain
|-fieldend|move: Grassy Terrain
|upkeep
|
|t:|1769351805
|switch|p2a: Iron Crown|Iron Crown|100/100
|-enditem|p2a: Iron Crown|Booster Energy
|-activate|p2a: Iron Crown|ability: Quark Drive|[fromitem]
|-start|p2a: Iron Crown|quarkdrivespe
|turn|17
|
|t:|1769351813
|switch|p1a: Alomomola|Alomomola, M, tera:Dragon|100/100
|move|p2a: Iron Crown|Calm Mind|p2a: Iron Crown
|-boost|p2a: Iron Crown|spa|1
|-boost|p2a: Iron Crown|spd|1
|
|upkeep
|turn|18
|
|t:|1769351820
|move|p2a: Iron Crown|Calm Mind|p2a: Iron Crown
|-boost|p2a: Iron Crown|spa|1
|-boost|p2a: Iron Crown|spd|1
|move|p1a: Alomomola|Flip Turn|p2a: Iron Crown
|-damage|p2a: Iron Crown|83/100
|inactive|Pumpkin Priest has 60 seconds left.
|
|t:|1769351861
|switch|p1a: Rillaboom|Rillaboom, M|100/100|[from] Flip Turn
|-fieldstart|move: Grassy Terrain|[from] ability: Grassy Surge|[of] p1a: Rillaboom
|
|-heal|p2a: Iron Crown|89/100|[from] Grassy Terrain
|upkeep
|turn|19
|
|t:|1769351874
|move|p1a: Rillaboom|Grassy Glide|p2a: Iron Crown
|-resisted|p2a: Iron Crown
|-damage|p2a: Iron Crown|60/100
|move|p2a: Iron Crown|Stored Power|p1a: Rillaboom
|-damage|p1a: Rillaboom|0 fnt
|faint|p1a: Rillaboom
|
|-heal|p2a: Iron Crown|66/100|[from] Grassy Terrain
|upkeep
|
|t:|1769351881
|switch|p1a: Kingambit|Kingambit, M, shiny|60/100
|-activate|p1a: Kingambit|ability: Supreme Overlord
|-start|p1a: Kingambit|fallen1|[silent]
|turn|20
|inactive|Pumpkin Priest has 60 seconds left.
|
|t:|1769351903
|move|p1a: Kingambit|Sucker Punch||[still]
|-fail|p1a: Kingambit
|move|p2a: Iron Crown|Iron Defense|p2a: Iron Crown
|-boost|p2a: Iron Crown|def|2
|
|-heal|p2a: Iron Crown|72/100|[from] Grassy Terrain
|-heal|p1a: Kingambit|66/100|[from] Grassy Terrain
|-heal|p1a: Kingambit|72/100|[from] item: Leftovers
|upkeep
|turn|21
|
|t:|1769351915
|move|p2a: Iron Crown|Focus Blast|p1a: Kingambit
|-supereffective|p1a: Kingambit
|-damage|p1a: Kingambit|0 fnt
|faint|p1a: Kingambit
|-end|p1a: Kingambit|fallen1|[silent]
|
|-heal|p2a: Iron Crown|78/100|[from] Grassy Terrain
|upkeep
|-message|Pumpkin Priest forfeited.
|
|win|scarlet chains
|raw|Pumpkin Priest's rating: 1484 &rarr; <strong>1461</strong><br />(-23 for losing)
|raw|scarlet chains's rating: 1437 &rarr; <strong>1460</strong><br />(+23 for winning)
|l|☆Pumpkin Priest
|player|p1|
|l|☆scarlet chains
|player|p2|
