|j|☆Nakaouzi
|j|☆MicrowaveHeart
|t:|1769348680
|gametype|singles
|player|p1|Nakaouzi|169|1322
|player|p2|MicrowaveHeart|workerice|1296
|gen|9
|tier|[Gen 9] OU
|rated|
|rule|HP Percentage Mod: HP is shown in percentages
|rule|Endless Battle Clause: Forcing endless battles is banned
|rule|Species Clause: Limit one of each Pokémon
|rule|OHKO Clause: OHKO moves are banned
|rule|Evasion Items Clause: Evasion items are banned
|rule|Evasion Moves Clause: Evasion moves are banned
|rule|Evasion Abilities Clause: Evasion abilities are banned
|rule|Sleep Moves Clause: Sleep-inducing moves are banned
|clearpoke
|poke|p1|Samurott-Hisui, M|
|poke|p1|Gholdengo|
|poke|p1|Great Tusk|
|poke|p1|Kingambit, F|
|poke|p1|Iron Valiant|
|poke|p1|Dragapult, F|
|poke|p2|Ninetales-Alola, F|
|poke|p2|Mamoswine, F|
|poke|p2|Slowking-Galar, M|
|poke|p2|Great Tusk|
|poke|p2|Cloyster, M|
|poke|p2|Hydreigon, F|
|teampreview
|
|t:|1769348689
|teamsize|p1|6
|teamsize|p2|6
|start
|switch|p1a: Samurott|Samurott-Hisui, M|100/100
|switch|p2a: Ninetales|Ninetales-Alola, F|100/100
|-weather|Snowscape|[from] ability: Snow Warning|[of] p2a: Ninetales
|turn|1
|
|t:|1769348694
|move|p2a: Ninetales|Aurora Veil|p2a: Ninetales
|-sidestart|p2: MicrowaveHeart|move: Aurora Veil
|move|p1a: Samurott|Ceaseless Edge|p2a: Ninetales
|-resisted|p2a: Ninetales
|-damage|p2a: Ninetales|92/100
|-sidestart|p2: MicrowaveHeart|Spikes
|
|-weather|Snowscape|[upkeep]
|upkeep
|turn|2
|
|t:|1769348701
|move|p2a: Ninetales|Moonblast|p1a: Samurott
|-supereffective|p1a: Samurott
|-damage|p1a: Samurott|16/100
|move|p1a: Samurott|Ceaseless Edge|p2a: Ninetales
|-resisted|p2a: Ninetales
|-damage|p2a: Ninetales|85/100
|-sidestart|p2: MicrowaveHeart|Spikes
|
|-weather|Snowscape|[upkeep]
|upkeep
|turn|3
|
|t:|1769348708
|move|p1a: Samurott|Aqua Jet|p2a: Ninetales
|-damage|p2a: Ninetales|78/100
|move|p2a: Ninetales|Moonblast|p1a: Samurott
|-supereffective|p1a: Samurott
|-damage|p1a: Samurott|0 fnt
|faint|p1a: Samurott
|
|-weather|Snowscape|[upkeep]
|upkeep
|
|t:|1769348717
|switch|p1a: Gholdengo|Gholdengo|100/100
|turn|4
|
|t:|1769348726
|switch|p2a: Hydreigon|Hydreigon, F|100/100
|move|p1a: Gholdengo|Nasty Plot|p1a: Gholdengo
|-boost|p1a: Gholdengo|spa|2
|
|-weather|Snowscape|[upkeep]
|upkeep
|turn|5
|
|t:|1769348732
|switch|p1a: Kingambit|Kingambit, F|100/100
|-activate|p1a: Kingambit|ability: Supreme Overlord
|-start|p1a: Kingambit|fallen1|[silent]
|move|p2a: Hydreigon|Dark Pulse|p1a: Kingambit
|-resisted|p1a: Kingambit
|-damage|p1a: Kingambit|78/100
|
|-weather|none
|upkeep
|turn|6
|
|t:|1769348744
|switch|p2a: Great Tusk|Great Tusk|100/100
|-damage|p2a: Great Tusk|84/100|[from] Spikes
|-end|p1a: Kingambit|fallen1|[silent]
|switch|p1a: Gholdengo|Gholdengo|100/100
|
|upkeep
|turn|7
|
|t:|1769348754
|switch|p1a: Great Tusk|Great Tusk|100/100
|move|p2a: Great Tusk|Earthquake|p1a: Great Tusk
|-damage|p1a: Great Tusk|79/100
|
|-heal|p1a: Great Tusk|85/100|[from] item: Leftovers
|upkeep
|turn|8
|
|t:|1769348760
|-end|p1a: Great Tusk|Protosynthesis|[silent]
|switch|p1a: Gholdengo|Gholdengo|100/100
|move|p2a: Great Tusk|Rapid Spin|p1a: Gholdengo
|-immune|p1a: Gholdengo
|
|-sideend|p2: MicrowaveHeart|move: Aurora Veil
|upkeep
|turn|9
|
|t:|1769348769
|move|p1a: Gholdengo|Make It Rain|p2a: Great Tusk
|-damage|p2a: Great Tusk|15/100
|-unboost|p1a: Gholdengo|spa|1
|move|p2a: Great Tusk|Earthquake|p1a: Gholdengo
|-supereffective|p1a: Gholdengo
|-damage|p1a: Gholdengo|24/100
|
|-heal|p1a: Gholdengo|30/100|[from] item: Leftovers
|upkeep
|turn|10
|
|t:|1769348775
|move|p1a: Gholdengo|Recover|p1a: Gholdengo
|-heal|p1a: Gholdengo|80/100
|move|p2a: Great Tusk|Stealth Rock|p1a: Gholdengo
|-sidestart|p1: Nakaouzi|move: Stealth Rock
|
|-heal|p1a: Gholdengo|86/100|[from] item: Leftovers
|upkeep
|turn|11
|
|t:|1769348783
|move|p1a: Gholdengo|Shadow Ball|p2a: Great Tusk
|-damage|p2a: Great Tusk|0 fnt
|faint|p2a: Great Tusk
|-end|p2a: Great Tusk|Protosynthesis|[silent]
|
|-heal|p1a: Gholdengo|92/100|[from] item: Leftovers
|upkeep
|
|t:|1769348799
|switch|p2a: Hydreigon|Hydreigon, F|100/100
|turn|12
|
|t:|1769348806
|switch|p1a: Kingambit|Kingambit, F|78/100
|-damage|p1a: Kingambit|72/100|[from] Stealth Rock
|-activate|p1a: Kingambit|ability: Supreme Overlord
|-start|p1a: Kingambit|fallen1|[silent]
|move|p2a: Hydreigon|Flamethrower|p1a: Kingambit
|-supereffective|p1a: Kingambit
|-damage|p1a: Kingambit|0 fnt
|faint|p1a: Kingambit
|-end|p1a: Kingambit|fallen1|[silent]
|
|upkeep
|
|t:|1769348814
|switch|p1a: Great Tusk|Great Tusk|85/100
|-damage|p1a: Great Tusk|82/100|[from] Stealth Rock
|turn|13
|
|t:|1769348827
|move|p2a: Hydreigon|Flamethrower|p1a: Great Tusk
|-damage|p1a: Great Tusk|44/100
|move|p1a: Great Tusk|Knock Off|p2a: Hydreigon
|-resisted|p2a: Hydreigon
|-damage|p2a: Hydreigon|84/100
|-enditem|p2a: Hydreigon|Choice Scarf|[from] move: Knock Off|[of] p1a: Great Tusk
|
|-heal|p1a: Great Tusk|50/100|[from] item: Leftovers
|upkeep
|turn|14
|
|t:|1769348839
|move|p2a: Hydreigon|Draco Meteor|p1a: Great Tusk
|-damage|p1a: Great Tusk|0 fnt
|-unboost|p2a: Hydreigon|spa|2
|faint|p1a: Great Tusk
|-end|p1a: Great Tusk|Protosynthesis|[silent]
|
|upkeep
|
|t:|1769348849
|switch|p1a: Iron Valiant|Iron Valiant|100/100
|-damage|p1a: Iron Valiant|94/100|[from] Stealth Rock
|-enditem|p1a: Iron Valiant|Booster Energy
|-activate|p1a: Iron Valiant|ability: Quark Drive|[fromitem]
|-start|p1a: Iron Valiant|quarkdrivespe
|turn|15
|
|t:|1769348858
|switch|p2a: Slowking|Slowking-Galar, M|100/100
|move|p1a: Iron Valiant|Moonblast|p2a: Slowking
|-resisted|p2a: Slowking
|-damage|p2a: Slowking|87/100
|-unboost|p2a: Slowking|spa|1
|
|upkeep
|turn|16
|
|t:|1769348869
|-end|p1a: Iron Valiant|Quark Drive|[silent]
|switch|p1a: Gholdengo|Gholdengo|92/100
|-damage|p1a: Gholdengo|86/100|[from] Stealth Rock
|move|p2a: Slowking|Thunder Wave|p1a: Gholdengo
|-immune|p1a: Gholdengo|[from] ability: Good as Gold
|
|-heal|p1a: Gholdengo|92/100|[from] item: Leftovers
|upkeep
|turn|17
|
|t:|1769348876
|move|p1a: Gholdengo|Nasty Plot|p1a: Gholdengo
|-boost|p1a: Gholdengo|spa|2
|-prepare|p2a: Slowking|Chilly Reception|[premajor]
|move|p2a: Slowking|Chilly Reception|p2a: Slowking
|-weather|Snowscape
|
|t:|1769348892
|switch|p2a: Hydreigon|Hydreigon, F|84/100|[from] Chilly Reception
|
|-weather|Snowscape|[upkeep]
|-heal|p1a: Gholdengo|98/100|[from] item: Leftovers
|upkeep
|turn|18
|
|t:|1769348895
|-terastallize|p1a: Gholdengo|Flying
|move|p2a: Hydreigon|Dark Pulse|p1a: Gholdengo
|-damage|p1a: Gholdengo|56/100
|cant|p1a: Gholdengo|flinch
|
|-weather|Snowscape|[upkeep]
|-heal|p1a: Gholdengo|62/100|[from] item: Leftovers
|upkeep
|turn|19
|
|t:|1769348907
|move|p2a: Hydreigon|Draco Meteor|p1a: Gholdengo
|-damage|p1a: Gholdengo|0 fnt
|-unboost|p2a: Hydreigon|spa|2
|faint|p1a: Gholdengo
|
|-weather|Snowscape|[upkeep]
|upkeep
|
|t:|1769348917
|switch|p1a: Iron Valiant|Iron Valiant|94/100
|-damage|p1a: Iron Valiant|88/100|[from] Stealth Rock
|turn|20
|
|t:|1769348922
|switch|p2a: Slowking|Slowking-Galar, M|100/100
|move|p1a: Iron Valiant|Thunderbolt|p2a: Slowking
|-damage|p2a: Slowking|82/100
|-status|p2a: Slowking|par
|
|-weather|Snowscape|[upkeep]
|upkeep
|turn|21
|
|t:|1769348932
|move|p1a: Iron Valiant|Thunderbolt|p2a: Slowking
|-damage|p2a: Slowking|63/100 par
|move|p2a: Slowking|Thunder Wave|p1a: Iron Valiant
|-status|p1a: Iron Valiant|par
|
|-weather|none
|upkeep
|turn|22
|
|t:|1769348947
|cant|p1a: Iron Valiant|par
|-prepare|p2a: Slowking|Chilly Reception|[premajor]
|move|p2a: Slowking|Chilly Reception|p2a: Slowking
|-weather|Snowscape
|
|t:|1769348957
|switch|p2a: Ninetales|Ninetales-Alola, F|78/100|[from] Chilly Reception
|-damage|p2a: Ninetales|61/100|[from] Spikes
|
|-weather|Snowscape|[upkeep]
|upkeep
|turn|23
|
|t:|1769348962
|move|p2a: Ninetales|Aurora Veil|p2a: Ninetales
|-sidestart|p2: MicrowaveHeart|move: Aurora Veil
|move|p1a: Iron Valiant|Encore|p2a: Ninetales
|-start|p2a: Ninetales|Encore
|
|-weather|Snowscape|[upkeep]
|upkeep
|turn|24
|
|t:|1769348972
|switch|p2a: Slowking|Slowking-Galar, M|96/100 par
|move|p1a: Iron Valiant|Moonblast|p2a: Slowking
|-resisted|p2a: Slowking
|-damage|p2a: Slowking|89/100 par
|-unboost|p2a: Slowking|spa|1
|
|-weather|Snowscape|[upkeep]
|upkeep
|turn|25
|
|t:|1769348982
|cant|p1a: Iron Valiant|par
|cant|p2a: Slowking|par
|
|-weather|Snowscape|[upkeep]
|upkeep
|turn|26
|
|t:|1769348986
|cant|p1a: Iron Valiant|par
|-prepare|p2a: Slowking|Chilly Reception|[premajor]
|move|p2a: Slowking|Chilly Reception|p2a: Slowking
|
|t:|1769348993
|switch|p2a: Cloyster|Cloyster, M|100/100|[from] Chilly Reception
|-damage|p2a: Cloyster|84/100|[from] Spikes
|
|-weather|none
|upkeep
|turn|27
|
|t:|1769349006
|move|p2a: Cloyster|Shell Smash|p2a: Cloyster
|-unboost|p2a: Cloyster|def|1
|-unboost|p2a: Cloyster|spd|1
|-boost|p2a: Cloyster|atk|2
|-boost|p2a: Cloyster|spa|2
|-boost|p2a: Cloyster|spe|2
|-enditem|p2a: Cloyster|White Herb
|-clearnegativeboost|p2a: Cloyster|[silent]
|move|p1a: Iron Valiant|Encore|p2a: Cloyster
|-start|p2a: Cloyster|Encore
|
|upkeep
|turn|28
|
|t:|1769349011
|move|p2a: Cloyster|Shell Smash|p2a: Cloyster
|-unboost|p2a: Cloyster|def|1
|-unboost|p2a: Cloyster|spd|1
|-boost|p2a: Cloyster|atk|2
|-boost|p2a: Cloyster|spa|2
|-boost|p2a: Cloyster|spe|2
|move|p1a: Iron Valiant|Thunderbolt|p2a: Cloyster
|-supereffective|p2a: Cloyster
|-crit|p2a: Cloyster
|-damage|p2a: Cloyster|0 fnt
|faint|p2a: Cloyster
|
|upkeep
|
|t:|1769349018
|switch|p2a: Mamoswine|Mamoswine, F, shiny|100/100
|-damage|p2a: Mamoswine|84/100|[from] Spikes
|turn|29
|
|t:|1769349023
|-terastallize|p2a: Mamoswine|Grass
|move|p2a: Mamoswine|Trailblaze|p1a: Iron Valiant
|-damage|p1a: Iron Valiant|50/100 par
|-boost|p2a: Mamoswine|spe|1
|cant|p1a: Iron Valiant|par
|
|upkeep
|turn|30
|
|t:|1769349031
|move|p2a: Mamoswine|Earthquake|p1a: Iron Valiant
|-damage|p1a: Iron Valiant|0 fnt
|faint|p1a: Iron Valiant
|-end|p1a: Iron Valiant|Quark Drive|[silent]
|
|-sideend|p2: MicrowaveHeart|move: Aurora Veil
|upkeep
|
|t:|1769349034
|switch|p1a: Dragapult|Dragapult, F|100/100
|-damage|p1a: Dragapult|88/100|[from] Stealth Rock
|turn|31
|
|t:|1769349043
|move|p2a: Mamoswine|Icicle Crash|p1a: Dragapult
|-supereffective|p1a: Dragapult
|-damage|p1a: Dragapult|0 fnt
|faint|p1a: Dragapult
|
|win|MicrowaveHeart
|raw|Nakaouzi's rating: 1322 &rarr; <strong>1301</strong><br />(-21 for losing)
|raw|MicrowaveHeart's rating: 1296 &rarr; <strong>1323</strong><br />(+27 for winning)
|l|☆Nakaouzi
|player|p1|
|l|☆MicrowaveHeart
|player|p2|
