|j|☆sigmahjong
|j|☆jhxf
|t:|1769390567
|gametype|singles
|player|p1|sigmahjong|170|1240
|player|p2|jhxf|170|1215
|gen|9
|tier|[Gen 9] OU
|rated|
|rule|HP Percentage Mod: HP is shown in percentages
|rule|Endless Battle Clause: Forcing endless battles is banned
|rule|Species Clause: Limit one of each Pokémon
|rule|OHKO Clause: OHKO moves are banned
|rule|Evasion Items Clause: Evasion items are banned
|rule|Evasion Moves Clause: Evasion moves are banned
|rule|Evasion Abilities Clause: Evasion abilities are banned
|rule|Sleep Moves Clause: Sleep-inducing moves are banned
|clearpoke
|poke|p1|Glimmora, M|
|poke|p1|Gholdengo|
|poke|p1|Dragapult, F|
|poke|p1|Great Tusk|
|poke|p1|Toxapex, F|
|poke|p1|Gliscor, F|
|poke|p2|Blaziken, F|
|poke|p2|Iron Treads|
|poke|p2|Dondozo, M|
|poke|p2|Zapdos|
|poke|p2|Pecharunt|
|poke|p2|Serperior, M|
|teampreview
|
|t:|1769390581
|teamsize|p1|6
|teamsize|p2|6
|start
|switch|p1a: Glimmora|Glimmora, M|100/100
|switch|p2a: Serperior|Serperior, M|100/100
|turn|1
|
|t:|1769390592
|move|p2a: Serperior|Substitute|p2a: Serperior
|-start|p2a: Serperior|Substitute
|-damage|p2a: Serperior|75/100
|move|p1a: Glimmora|Stealth Rock|p2a: Serperior
|-sidestart|p2: jhxf|move: Stealth Rock
|
|-heal|p2a: Serperior|82/100|[from] item: Leftovers
|upkeep
|turn|2
|
|t:|1769390603
|switch|p1a: Dragapult|Dragapult, F|100/100
|move|p2a: Serperior|Leech Seed|p1a: Dragapult
|-start|p1a: Dragapult|move: Leech Seed
|
|-heal|p2a: Serperior|88/100|[from] item: Leftovers
|-damage|p1a: Dragapult|88/100|[from] Leech Seed|[of] p2a: Serperior
|-heal|p2a: Serperior|100/100|[silent]
|upkeep
|turn|3
|
|t:|1769390615
|move|p1a: Dragapult|Draco Meteor|p2a: Serperior
|-damage|p2a: Serperior|30/100
|-unboost|p1a: Dragapult|spa|2
|move|p2a: Serperior|Substitute|p2a: Serperior
|-fail|p2a: Serperior|move: Substitute
|
|-heal|p2a: Serperior|36/100|[from] item: Leftovers
|-damage|p1a: Dragapult|76/100|[from] Leech Seed|[of] p2a: Serperior
|-heal|p2a: Serperior|49/100|[silent]
|upkeep
|turn|4
|
|t:|1769390632
|move|p1a: Dragapult|U-turn|p2a: Serperior
|-supereffective|p2a: Serperior
|-damage|p2a: Serperior|12/100
|
|t:|1769390639
|switch|p1a: Toxapex|Toxapex, F|100/100|[from] U-turn
|move|p2a: Serperior|Leaf Storm|p1a: Toxapex|[miss]
|-miss|p2a: Serperior|p1a: Toxapex
|
|-heal|p2a: Serperior|19/100|[from] item: Leftovers
|upkeep
|turn|5
|
|t:|1769390651
|move|p2a: Serperior|Leech Seed|p1a: Toxapex
|-start|p1a: Toxapex|move: Leech Seed
|move|p1a: Toxapex|Toxic Spikes|p2a: Serperior
|-sidestart|p2: jhxf|move: Toxic Spikes
|
|-heal|p2a: Serperior|25/100|[from] item: Leftovers
|-damage|p1a: Toxapex|88/100|[from] Leech Seed|[of] p2a: Serperior
|-heal|p2a: Serperior|37/100|[silent]
|upkeep
|turn|6
|
|t:|1769390661
|switch|p1a: Dragapult|Dragapult, F|76/100
|move|p2a: Serperior|Leaf Storm|p1a: Dragapult
|-resisted|p1a: Dragapult
|-damage|p1a: Dragapult|44/100
|-boost|p2a: Serperior|spa|2
|
|-heal|p2a: Serperior|44/100|[from] item: Leftovers
|upkeep
|turn|7
|
|t:|1769390672
|switch|p2a: Iron Treads|Iron Treads|100/100
|-damage|p2a: Iron Treads|97/100|[from] Stealth Rock
|move|p1a: Dragapult|Draco Meteor|p2a: Iron Treads
|-resisted|p2a: Iron Treads
|-damage|p2a: Iron Treads|75/100
|-unboost|p1a: Dragapult|spa|2
|
|-heal|p2a: Iron Treads|82/100|[from] item: Leftovers
|upkeep
|turn|8
|
|t:|1769390684
|switch|p1a: Gholdengo|Gholdengo|100/100
|-item|p1a: Gholdengo|Air Balloon
|move|p2a: Iron Treads|Knock Off|p1a: Gholdengo
|-supereffective|p1a: Gholdengo
|-damage|p1a: Gholdengo|42/100
|-enditem|p1a: Gholdengo|Air Balloon
|
|-heal|p2a: Iron Treads|88/100|[from] item: Leftovers
|upkeep
|turn|9
|
|t:|1769390699
|-terastallize|p1a: Gholdengo|Fairy
|move|p1a: Gholdengo|Recover|p1a: Gholdengo
|-heal|p1a: Gholdengo|92/100
|move|p2a: Iron Treads|Knock Off|p1a: Gholdengo
|-resisted|p1a: Gholdengo
|-damage|p1a: Gholdengo|83/100
|
|-heal|p2a: Iron Treads|94/100|[from] item: Leftovers
|upkeep
|turn|10
|
|t:|1769390710
|move|p1a: Gholdengo|Nasty Plot|p1a: Gholdengo
|-boost|p1a: Gholdengo|spa|2
|move|p2a: Iron Treads|Rapid Spin|p1a: Gholdengo
|-damage|p1a: Gholdengo|69/100
|-boost|p2a: Iron Treads|spe|1
|-sideend|p2: jhxf|Toxic Spikes|[from] move: Rapid Spin|[of] p2a: Iron Treads
|-sideend|p2: jhxf|Stealth Rock|[from] move: Rapid Spin|[of] p2a: Iron Treads
|
|-heal|p2a: Iron Treads|100/100|[from] item: Leftovers
|upkeep
|turn|11
|
|t:|1769390720
|move|p2a: Iron Treads|Earthquake|p1a: Gholdengo
|-damage|p1a: Gholdengo|26/100
|move|p1a: Gholdengo|Recover|p1a: Gholdengo
|-heal|p1a: Gholdengo|76/100
|
|upkeep
|turn|12
|
|t:|1769390729
|move|p2a: Iron Treads|Earthquake|p1a: Gholdengo
|-crit|p1a: Gholdengo
|-damage|p1a: Gholdengo|15/100
|move|p1a: Gholdengo|Recover|p1a: Gholdengo
|-heal|p1a: Gholdengo|66/100
|
|upkeep
|turn|13
|
|t:|1769390736
|move|p2a: Iron Treads|Earthquake|p1a: Gholdengo
|-damage|p1a: Gholdengo|21/100
|move|p1a: Gholdengo|Recover|p1a: Gholdengo
|-heal|p1a: Gholdengo|72/100
|
|upkeep
|turn|14
|
|t:|1769390742
|move|p2a: Iron Treads|Earthquake|p1a: Gholdengo
|-damage|p1a: Gholdengo|31/100
|move|p1a: Gholdengo|Recover|p1a: Gholdengo
|-heal|p1a: Gholdengo|81/100
|
|upkeep
|turn|15
|
|t:|1769390748
|move|p2a: Iron Treads|Earthquake|p1a: Gholdengo
|-damage|p1a: Gholdengo|35/100
|move|p1a: Gholdengo|Recover|p1a: Gholdengo
|-heal|p1a: Gholdengo|85/100
|
|upkeep
|turn|16
|
|t:|1769390755
|move|p2a: Iron Treads|Earthquake|p1a: Gholdengo
|-damage|p1a: Gholdengo|42/100
|move|p1a: Gholdengo|Recover|p1a: Gholdengo
|-heal|p1a: Gholdengo|93/100
|
|upkeep
|turn|17
|
|t:|1769390778
|move|p2a: Iron Treads|Earthquake|p1a: Gholdengo
|-damage|p1a: Gholdengo|47/100
|move|p1a: Gholdengo|Hex|p2a: Iron Treads
|-damage|p2a: Iron Treads|49/100
|
|-heal|p2a: Iron Treads|55/100|[from] item: Leftovers
|upkeep
|turn|18
|
|t:|1769390786
|move|p2a: Iron Treads|Earthquake|p1a: Gholdengo
|-damage|p1a: Gholdengo|7/100
|move|p1a: Gholdengo|Recover|p1a: Gholdengo
|-heal|p1a: Gholdengo|57/100
|
|-heal|p2a: Iron Treads|61/100|[from] item: Leftovers
|upkeep
|turn|19
|
|t:|1769390797
|move|p2a: Iron Treads|Earthquake|p1a: Gholdengo
|-crit|p1a: Gholdengo
|-damage|p1a: Gholdengo|0 fnt
|faint|p1a: Gholdengo
|
|-heal|p2a: Iron Treads|68/100|[from] item: Leftovers
|upkeep
|
|t:|1769390805
|switch|p1a: Great Tusk|Great Tusk|100/100
|turn|20
|
|t:|1769390810
|-end|p2a: Iron Treads|Quark Drive|[silent]
|switch|p2a: Zapdos|Zapdos|100/100
|move|p1a: Great Tusk|Close Combat|p2a: Zapdos
|-resisted|p2a: Zapdos
|-damage|p2a: Zapdos|78/100
|-unboost|p1a: Great Tusk|def|1
|-unboost|p1a: Great Tusk|spd|1
|-damage|p1a: Great Tusk|84/100|[from] item: Rocky Helmet|[of] p2a: Zapdos
|
|upkeep
|turn|21
|
|t:|1769390820
|-end|p1a: Great Tusk|Protosynthesis|[silent]
|switch|p1a: Gliscor|Gliscor, F|100/100
|move|p2a: Zapdos|Hurricane|p1a: Gliscor
|-damage|p1a: Gliscor|63/100
|
|-status|p1a: Gliscor|tox|[from] item: Toxic Orb
|upkeep
|turn|22
|
|t:|1769390832
|move|p2a: Zapdos|Hurricane|p1a: Gliscor
|-damage|p1a: Gliscor|24/100 tox
|move|p1a: Gliscor|Knock Off|p2a: Zapdos
|-damage|p2a: Zapdos|64/100
|-damage|p1a: Gliscor|7/100 tox|[from] item: Rocky Helmet|[of] p2a: Zapdos
|-enditem|p2a: Zapdos|Rocky Helmet|[from] move: Knock Off|[of] p1a: Gliscor
|
|-heal|p1a: Gliscor|20/100 tox|[from] ability: Poison Heal
|upkeep
|turn|23
|
|t:|1769390843
|move|p1a: Gliscor|Protect|p1a: Gliscor
|-singleturn|p1a: Gliscor|Protect
|move|p2a: Zapdos|Hurricane|p1a: Gliscor
|-activate|p1a: Gliscor|move: Protect
|
|-heal|p1a: Gliscor|32/100 tox|[from] ability: Poison Heal
|upkeep
|turn|24
|
|t:|1769390855
|switch|p1a: Toxapex|Toxapex, F|100/100
|move|p2a: Zapdos|Hurricane|p1a: Toxapex
|-damage|p1a: Toxapex|71/100
|
|-heal|p1a: Toxapex|77/100|[from] item: Black Sludge
|upkeep
|turn|25
|
|t:|1769390864
|move|p2a: Zapdos|Volt Switch|p1a: Toxapex
|-supereffective|p1a: Toxapex
|-damage|p1a: Toxapex|38/100
|
|t:|1769390879
|switch|p2a: Pecharunt|Pecharunt|100/100|[from] Volt Switch
|move|p1a: Toxapex|Toxic Spikes|p2a: Pecharunt
|-sidestart|p2: jhxf|move: Toxic Spikes
|
|-heal|p1a: Toxapex|44/100|[from] item: Black Sludge
|upkeep
|turn|26
|
|t:|1769390893
|switch|p1a: Glimmora|Glimmora, M|100/100
|move|p2a: Pecharunt|Shadow Ball|p1a: Glimmora
|-damage|p1a: Glimmora|70/100
|
|upkeep
|turn|27
|
|t:|1769390902
|move|p1a: Glimmora|Earth Power|p2a: Pecharunt
|-supereffective|p2a: Pecharunt
|-damage|p2a: Pecharunt|38/100
|move|p2a: Pecharunt|Parting Shot|p1a: Glimmora
|-unboost|p1a: Glimmora|atk|1
|-unboost|p1a: Glimmora|spa|1
|
|t:|1769390920
|switch|p2a: Dondozo|Dondozo, M|100/100|[from] Parting Shot
|-status|p2a: Dondozo|psn
|
|-damage|p2a: Dondozo|88/100 psn|[from] psn
|upkeep
|turn|28
|
|t:|1769390929
|switch|p1a: Dragapult|Dragapult, F|44/100
|move|p2a: Dondozo|Curse|p2a: Dondozo
|-unboost|p2a: Dondozo|spe|1
|-boost|p2a: Dondozo|atk|1
|-boost|p2a: Dondozo|def|1
|
|-heal|p2a: Dondozo|94/100 psn|[from] item: Leftovers
|-damage|p2a: Dondozo|82/100 psn|[from] psn
|upkeep
|turn|29
|
|t:|1769390940
|move|p1a: Dragapult|Hex|p2a: Dondozo
|-damage|p2a: Dondozo|48/100 psn
|move|p2a: Dondozo|Rest|p2a: Dondozo
|-status|p2a: Dondozo|slp|[from] move: Rest
|-heal|p2a: Dondozo|100/100 slp|[silent]
|
|upkeep
|turn|30
|
|t:|1769390948
|move|p1a: Dragapult|Hex|p2a: Dondozo
|-damage|p2a: Dondozo|65/100 slp
|cant|p2a: Dondozo|slp
|move|p2a: Dondozo|Sleep Talk|p2a: Dondozo
|move|p2a: Dondozo|Waterfall|p1a: Dragapult|[from] move: Sleep Talk
|-resisted|p1a: Dragapult
|-damage|p1a: Dragapult|16/100
|
|-heal|p2a: Dondozo|72/100 slp|[from] item: Leftovers
|upkeep
|turn|31
|
|t:|1769390981
|move|p1a: Dragapult|U-turn|p2a: Dondozo
|-damage|p2a: Dondozo|65/100 slp
|
|t:|1769390986
|switch|p1a: Toxapex|Toxapex, F|77/100|[from] U-turn
|cant|p2a: Dondozo|slp
|move|p2a: Dondozo|Sleep Talk|p2a: Dondozo
|move|p2a: Dondozo|Curse|p2a: Dondozo|[from] move: Sleep Talk
|-unboost|p2a: Dondozo|spe|1
|-boost|p2a: Dondozo|atk|1
|-boost|p2a: Dondozo|def|1
|
|-heal|p1a: Toxapex|83/100|[from] item: Black Sludge
|-heal|p2a: Dondozo|71/100 slp|[from] item: Leftovers
|upkeep
|turn|32
|
|t:|1769391000
|move|p1a: Toxapex|Haze|p1a: Toxapex
|-clearallboost
|-curestatus|p2a: Dondozo|slp|[msg]
|move|p2a: Dondozo|Curse|p2a: Dondozo
|-unboost|p2a: Dondozo|spe|1
|-boost|p2a: Dondozo|atk|1
|-boost|p2a: Dondozo|def|1
|
|-heal|p1a: Toxapex|90/100|[from] item: Black Sludge
|-heal|p2a: Dondozo|77/100|[from] item: Leftovers
|upkeep
|turn|33
|
|t:|1769391012
|switch|p2a: Iron Treads|Iron Treads|68/100
|move|p1a: Toxapex|Haze|p1a: Toxapex
|-clearallboost
|
|-heal|p2a: Iron Treads|74/100|[from] item: Leftovers
|-heal|p1a: Toxapex|96/100|[from] item: Black Sludge
|upkeep
|turn|34
|
|t:|1769391028
|switch|p1a: Gliscor|Gliscor, F|32/100 tox
|move|p2a: Iron Treads|Rapid Spin|p1a: Gliscor
|-damage|p1a: Gliscor|23/100 tox
|-boost|p2a: Iron Treads|spe|1
|-sideend|p2: jhxf|Toxic Spikes|[from] move: Rapid Spin|[of] p2a: Iron Treads
|
|-heal|p2a: Iron Treads|80/100|[from] item: Leftovers
|-heal|p1a: Gliscor|35/100 tox|[from] ability: Poison Heal
|upkeep
|turn|35
|
|t:|1769391038
|-end|p2a: Iron Treads|Quark Drive|[silent]
|switch|p2a: Zapdos|Zapdos|64/100
|move|p1a: Gliscor|Protect||[still]
|-fail|p1a: Gliscor
|
|-heal|p1a: Gliscor|48/100 tox|[from] ability: Poison Heal
|upkeep
|turn|36
|
|t:|1769391053
|switch|p1a: Glimmora|Glimmora, M|70/100
|move|p2a: Zapdos|Hurricane|p1a: Glimmora|[miss]
|-miss|p2a: Zapdos|p1a: Glimmora
|
|upkeep
|turn|37
|
|t:|1769391062
|move|p1a: Glimmora|Meteor Beam||[still]
|-prepare|p1a: Glimmora|Meteor Beam
|-boost|p1a: Glimmora|spa|1
|-enditem|p1a: Glimmora|Power Herb
|-anim|p1a: Glimmora|Meteor Beam|p2a: Zapdos
|-supereffective|p2a: Zapdos
|-damage|p2a: Zapdos|0 fnt
|faint|p2a: Zapdos
|
|upkeep
|
|t:|1769391077
|switch|p2a: Blaziken|Blaziken, F|100/100
|turn|38
|
|t:|1769391084
|-terastallize|p2a: Blaziken|Flying
|move|p1a: Glimmora|Earth Power|p2a: Blaziken
|-immune|p2a: Blaziken
|move|p2a: Blaziken|Swords Dance|p2a: Blaziken
|-boost|p2a: Blaziken|atk|2
|
|-ability|p2a: Blaziken|Speed Boost|boost
|-boost|p2a: Blaziken|spe|1
|upkeep
|turn|39
|
|t:|1769391099
|switch|p1a: Toxapex|Toxapex, F|100/100
|move|p2a: Blaziken|Close Combat|p1a: Toxapex
|-resisted|p1a: Toxapex
|-damage|p1a: Toxapex|54/100
|-unboost|p2a: Blaziken|def|1
|-unboost|p2a: Blaziken|spd|1
|
|-heal|p1a: Toxapex|60/100|[from] item: Black Sludge
|-ability|p2a: Blaziken|Speed Boost|boost
|-boost|p2a: Blaziken|spe|1
|upkeep
|turn|40
|
|t:|1769391110
|move|p2a: Blaziken|Thunder Punch|p1a: Toxapex
|-supereffective|p1a: Toxapex
|-damage|p1a: Toxapex|0 fnt
|faint|p1a: Toxapex
|
|-ability|p2a: Blaziken|Speed Boost|boost
|-boost|p2a: Blaziken|spe|1
|upkeep
|
|t:|1769391119
|switch|p1a: Great Tusk|Great Tusk|84/100
|turn|41
|
|t:|1769391139
|move|p2a: Blaziken|Close Combat|p1a: Great Tusk
|-damage|p1a: Great Tusk|0 fnt
|-unboost|p2a: Blaziken|def|1
|-unboost|p2a: Blaziken|spd|1
|faint|p1a: Great Tusk
|-end|p1a: Great Tusk|Protosynthesis|[silent]
|
|-ability|p2a: Blaziken|Speed Boost|boost
|-boost|p2a: Blaziken|spe|1
|upkeep
|
|t:|1769391152
|switch|p1a: Gliscor|Gliscor, F|48/100 tox
|turn|42
|
|t:|1769391155
|move|p1a: Gliscor|Protect|p1a: Gliscor
|-singleturn|p1a: Gliscor|Protect
|move|p2a: Blaziken|Flare Blitz|p1a: Gliscor
|-activate|p1a: Gliscor|move: Protect
|
|-heal|p1a: Gliscor|60/100 tox|[from] ability: Poison Heal
|-ability|p2a: Blaziken|Speed Boost|boost
|-boost|p2a: Blaziken|spe|1
|upkeep
|turn|43
|
|t:|1769391167
|move|p2a: Blaziken|Flare Blitz|p1a: Gliscor
|-damage|p1a: Gliscor|0 fnt
|faint|p1a: Gliscor
|-damage|p2a: Blaziken|78/100|[from] Recoil
|
|-heal|p2a: Blaziken|84/100|[from] item: Leftovers
|-ability|p2a: Blaziken|Speed Boost|boost
|-boost|p2a: Blaziken|spe|1
|upkeep
|
|t:|1769391176
|switch|p1a: Dragapult|Dragapult, F|16/100
|turn|44
|
|t:|1769391180
|move|p2a: Blaziken|Thunder Punch|p1a: Dragapult
|-resisted|p1a: Dragapult
|-damage|p1a: Dragapult|0 fnt
|faint|p1a: Dragapult
|
|-heal|p2a: Blaziken|90/100|[from] item: Leftovers
|upkeep
|
|t:|1769391187
|switch|p1a: Glimmora|Glimmora, M|70/100
|turn|45
|
|t:|1769391190
|move|p2a: Blaziken|Close Combat|p1a: Glimmora
|-damage|p1a: Glimmora|0 fnt
|-unboost|p2a: Blaziken|def|1
|-unboost|p2a: Blaziken|spd|1
|-activate|p1a: Glimmora|ability: Toxic Debris
|-sidestart|p2: jhxf|move: Toxic Spikes
|faint|p1a: Glimmora
|
|win|jhxf
|raw|sigmahjong's rating: 1240 &rarr; <strong>1213</strong><br />(-27 for losing)
|raw|jhxf's rating: 1215 &rarr; <strong>1242</strong><br />(+27 for winning)
