|j|☆rogyan18
|j|☆masterinfini
|t:|1769356697
|gametype|singles
|player|p1|rogyan18|flint|1328
|player|p2|masterinfini|266|1384
|gen|9
|tier|[Gen 9] OU
|rated|
|rule|HP Percentage Mod: HP is shown in percentages
|rule|Endless Battle Clause: Forcing endless battles is banned
|rule|Species Clause: Limit one of each Pokémon
|rule|OHKO Clause: OHKO moves are banned
|rule|Evasion Items Clause: Evasion items are banned
|rule|Evasion Moves Clause: Evasion moves are banned
|rule|Evasion Abilities Clause: Evasion abilities are banned
|rule|Sleep Moves Clause: Sleep-inducing moves are banned
|clearpoke
|poke|p1|Infernape, F|
|poke|p1|Rotom-Heat|
|poke|p1|Heatran, M|
|poke|p1|Drifblim, M|
|poke|p1|Volcanion|
|poke|p1|Cinderace, F|
|poke|p2|Tyranitar, M|
|poke|p2|Gholdengo|
|poke|p2|Samurott-Hisui, F|
|poke|p2|Glimmora, M|
|poke|p2|Sinistcha|
|poke|p2|Great Tusk|
|teampreview
|inactive|Battle timer is ON: inactive players will automatically lose when time's up. (requested by masterinfini)
|inactive|rogyan18 also wants the timer to be on.
|
|t:|1769356713
|teamsize|p1|6
|teamsize|p2|6
|start
|switch|p1a: Pessi|Cinderace, F|100/100
|switch|p2a: Samurott|Samurott-Hisui, F|100/100
|turn|1
|
|t:|1769356720
|switch|p2a: Glimmora|Glimmora, M|100/100
|move|p1a: Pessi|High Jump Kick|p2a: Glimmora
|-start|p1a: Pessi|typechange|Fighting|[from] ability: Libero
|-damage|p2a: Glimmora|52/100
|-damage|p1a: Pessi|84/100|[from] item: Rocky Helmet|[of] p2a: Glimmora
|-activate|p2a: Glimmora|ability: Toxic Debris
|-sidestart|p1: rogyan18|move: Toxic Spikes
|
|upkeep
|turn|2
|
|t:|1769356732
|switch|p2a: Sinistcha|Sinistcha|100/100
|move|p1a: Pessi|High Jump Kick|p2a: Sinistcha
|-immune|p2a: Sinistcha
|-damage|p1a: Pessi|34/100|[from] highjumpkick
|
|upkeep
|turn|3
|
|t:|1769356739
|move|p1a: Pessi|Pyro Ball|p2a: Sinistcha
|-supereffective|p2a: Sinistcha
|-damage|p2a: Sinistcha|76/100
|move|p2a: Sinistcha|Matcha Gotcha|p1a: Pessi
|-damage|p1a: Pessi|0 fnt
|-heal|p2a: Sinistcha|90/100|[from] drain|[of] p1a: Pessi
|faint|p1a: Pessi
|
|-heal|p2a: Sinistcha|96/100|[from] item: Leftovers
|upkeep
|
|t:|1769356748
|switch|p1a: Rotom|Rotom-Heat|100/100
|turn|4
|
|t:|1769356752
|move|p1a: Rotom|Trick|p2a: Sinistcha
|-activate|p1a: Rotom|move: Trick|[of] p2a: Sinistcha
|-item|p2a: Sinistcha|Choice Scarf|[from] move: Trick
|-item|p1a: Rotom|Leftovers|[from] move: Trick
|move|p2a: Sinistcha|Calm Mind|p2a: Sinistcha
|-boost|p2a: Sinistcha|spa|1
|-boost|p2a: Sinistcha|spd|1
|
|upkeep
|turn|5
|
|t:|1769356761
|switch|p2a: Tyranitar|Tyranitar, M|100/100
|-weather|Sandstorm|[from] ability: Sand Stream|[of] p2a: Tyranitar
|move|p1a: Rotom|Thunder Wave|p2a: Tyranitar
|-status|p2a: Tyranitar|par
|
|-weather|Sandstorm|[upkeep]
|-damage|p1a: Rotom|95/100|[from] Sandstorm
|-heal|p1a: Rotom|100/100|[from] item: Leftovers
|upkeep
|turn|6
|
|t:|1769356769
|move|p1a: Rotom|Volt Switch|p2a: Tyranitar
|-damage|p2a: Tyranitar|80/100 par
|
|t:|1769356771
|switch|p1a: Drifblim|Drifblim, M|100/100|[from] Volt Switch
|move|p2a: Tyranitar|Stealth Rock|p1a: Drifblim
|-sidestart|p1: rogyan18|move: Stealth Rock
|
|-weather|Sandstorm|[upkeep]
|-damage|p1a: Drifblim|94/100|[from] Sandstorm
|-heal|p2a: Tyranitar|86/100 par|[from] item: Leftovers
|upkeep
|turn|7
|
|t:|1769356778
|move|p1a: Drifblim|Defog|p2a: Tyranitar
|-unboost|p2a: Tyranitar|evasion|1
|-sideend|p1: rogyan18|Toxic Spikes|[from] move: Defog|[of] p1a: Drifblim
|-sideend|p1: rogyan18|Stealth Rock|[from] move: Defog|[of] p1a: Drifblim
|move|p2a: Tyranitar|Knock Off|p1a: Drifblim
|-supereffective|p1a: Drifblim
|-damage|p1a: Drifblim|0 fnt
|-damage|p2a: Tyranitar|61/100 par|[from] ability: Aftermath|[of] p1a: Drifblim
|-enditem|p1a: Drifblim|Heavy-Duty Boots|[from] move: Knock Off|[of] p2a: Tyranitar
|faint|p1a: Drifblim
|
|-weather|Sandstorm|[upkeep]
|-heal|p2a: Tyranitar|67/100 par|[from] item: Leftovers
|upkeep
|
|t:|1769356782
|switch|p1a: Kakaroto|Infernape, F|100/100
|turn|8
|
|t:|1769356794
|switch|p2a: Sinistcha|Sinistcha|96/100
|move|p1a: Kakaroto|Close Combat|p2a: Sinistcha
|-immune|p2a: Sinistcha
|
|-weather|Sandstorm|[upkeep]
|-damage|p1a: Kakaroto|94/100|[from] Sandstorm
|-damage|p2a: Sinistcha|90/100|[from] Sandstorm
|upkeep
|turn|9
|
|t:|1769356801
|move|p1a: Kakaroto|Flare Blitz|p2a: Sinistcha
|-supereffective|p2a: Sinistcha
|-damage|p2a: Sinistcha|44/100
|-damage|p1a: Kakaroto|77/100|[from] Recoil
|-damage|p1a: Kakaroto|67/100|[from] item: Life Orb
|move|p2a: Sinistcha|Shadow Ball|p1a: Kakaroto
|-damage|p1a: Kakaroto|16/100
|
|-weather|none
|upkeep
|turn|10
|
|t:|1769356812
|switch|p2a: Great Tusk|Great Tusk|100/100
|move|p1a: Kakaroto|Flare Blitz|p2a: Great Tusk
|-damage|p2a: Great Tusk|45/100
|-damage|p1a: Kakaroto|0 fnt|[from] Recoil
|faint|p1a: Kakaroto
|
|-heal|p2a: Great Tusk|52/100|[from] item: Leftovers
|upkeep
|
|t:|1769356818
|switch|p1a: Rotom|Rotom-Heat|100/100
|turn|11
|
|t:|1769356830
|-end|p2a: Great Tusk|Protosynthesis|[silent]
|switch|p2a: Samurott|Samurott-Hisui, F|100/100
|move|p1a: Rotom|Volt Switch|p2a: Samurott
|-supereffective|p2a: Samurott
|-damage|p2a: Samurott|65/100
|
|t:|1769356837
|switch|p1a: Volcanion|Volcanion|100/100|[from] Volt Switch
|
|upkeep
|turn|12
|
|t:|1769356844
|-terastallize|p1a: Volcanion|Ground
|move|p2a: Samurott|Knock Off|p1a: Volcanion
|-damage|p1a: Volcanion|73/100
|-enditem|p1a: Volcanion|Assault Vest|[from] move: Knock Off|[of] p2a: Samurott
|move|p1a: Volcanion|Earth Power|p2a: Samurott
|-damage|p2a: Samurott|34/100
|
|upkeep
|turn|13
|
|t:|1769356867
|move|p2a: Samurott|Ceaseless Edge|p1a: Volcanion
|-damage|p1a: Volcanion|46/100
|-sidestart|p1: rogyan18|Spikes
|move|p1a: Volcanion|Earth Power|p2a: Samurott
|-damage|p2a: Samurott|5/100
|
|upkeep
|turn|14
|
|t:|1769356874
|move|p2a: Samurott|Ceaseless Edge|p1a: Volcanion
|-damage|p1a: Volcanion|18/100
|-sidestart|p1: rogyan18|Spikes
|move|p1a: Volcanion|Steam Eruption|p2a: Samurott
|-resisted|p2a: Samurott
|-damage|p2a: Samurott|0 fnt
|faint|p2a: Samurott
|
|upkeep
|
|t:|1769356888
|switch|p2a: Great Tusk|Great Tusk|52/100
|turn|15
|
|t:|1769356896
|move|p2a: Great Tusk|Rapid Spin|p1a: Volcanion
|-damage|p1a: Volcanion|7/100
|-boost|p2a: Great Tusk|spe|1
|move|p1a: Volcanion|Steam Eruption|p2a: Great Tusk
|-supereffective|p2a: Great Tusk
|-damage|p2a: Great Tusk|0 fnt
|faint|p2a: Great Tusk
|-end|p2a: Great Tusk|Protosynthesis|[silent]
|
|upkeep
|
|t:|1769356911
|switch|p2a: Tyranitar|Tyranitar, M|67/100 par
|-weather|Sandstorm|[from] ability: Sand Stream|[of] p2a: Tyranitar
|turn|16
|
|t:|1769356924
|move|p1a: Volcanion|Steam Eruption|p2a: Tyranitar
|-supereffective|p2a: Tyranitar
|-damage|p2a: Tyranitar|0 fnt
|faint|p2a: Tyranitar
|
|-weather|Sandstorm|[upkeep]
|upkeep
|
|t:|1769356930
|switch|p2a: Sinistcha|Sinistcha|44/100
|turn|17
|
|t:|1769356934
|move|p2a: Sinistcha|Matcha Gotcha|p1a: Volcanion
|-supereffective|p1a: Volcanion
|-damage|p1a: Volcanion|0 fnt
|-heal|p2a: Sinistcha|48/100|[from] drain|[of] p1a: Volcanion
|faint|p1a: Volcanion
|
|-weather|Sandstorm|[upkeep]
|-damage|p2a: Sinistcha|42/100|[from] Sandstorm
|upkeep
|
|t:|1769356942
|switch|p1a: Heatran|Heatran, M|100/100
|-item|p1a: Heatran|Air Balloon
|turn|18
|
|t:|1769356946
|move|p2a: Sinistcha|Matcha Gotcha|p1a: Heatran
|-resisted|p1a: Heatran
|-damage|p1a: Heatran|93/100
|-heal|p2a: Sinistcha|46/100|[from] drain|[of] p1a: Heatran
|-enditem|p1a: Heatran|Air Balloon
|move|p1a: Heatran|Flame Charge|p2a: Sinistcha
|-supereffective|p2a: Sinistcha
|-damage|p2a: Sinistcha|35/100
|-boost|p1a: Heatran|spe|1
|
|-weather|Sandstorm|[upkeep]
|-damage|p2a: Sinistcha|29/100|[from] Sandstorm
|upkeep
|turn|19
|
|t:|1769356957
|move|p1a: Heatran|Flame Charge|p2a: Sinistcha
|-supereffective|p2a: Sinistcha
|-damage|p2a: Sinistcha|20/100
|-boost|p1a: Heatran|spe|1
|move|p2a: Sinistcha|Matcha Gotcha|p1a: Heatran
|-resisted|p1a: Heatran
|-damage|p1a: Heatran|87/100
|-heal|p2a: Sinistcha|24/100|[from] drain|[of] p1a: Heatran
|
|-weather|Sandstorm|[upkeep]
|-damage|p2a: Sinistcha|18/100|[from] Sandstorm
|upkeep
|turn|20
|
|t:|1769356960
|move|p1a: Heatran|Lava Plume|p2a: Sinistcha
|-supereffective|p2a: Sinistcha
|-damage|p2a: Sinistcha|0 fnt
|faint|p2a: Sinistcha
|
|-weather|none
|upkeep
|
|t:|1769356966
|switch|p2a: Gholdengo|Gholdengo|100/100
|turn|21
|
|t:|1769356969
|-terastallize|p2a: Gholdengo|Fairy
|move|p1a: Heatran|Lava Plume|p2a: Gholdengo
|-damage|p2a: Gholdengo|57/100
|move|p2a: Gholdengo|Nasty Plot|p2a: Gholdengo
|-boost|p2a: Gholdengo|spa|2
|
|-heal|p2a: Gholdengo|63/100|[from] item: Leftovers
|upkeep
|turn|22
|
|t:|1769356974
|move|p1a: Heatran|Flash Cannon|p2a: Gholdengo
|-supereffective|p2a: Gholdengo
|-damage|p2a: Gholdengo|0 fnt
|faint|p2a: Gholdengo
|
|upkeep
|-message|masterinfini forfeited.
|
|win|rogyan18
|raw|rogyan18's rating: 1328 &rarr; <strong>1351</strong><br />(+23 for winning)
|raw|masterinfini's rating: 1384 &rarr; <strong>1361</strong><br />(-23 for losing)
|l|☆masterinfini
|player|p2|
|l|☆rogyan18
|player|p1|
|j|☆rogyan18
|player|p1|rogyan18|flint|
