|j|☆Arcsouth
|j|☆Echoes4
|t:|1769310352
|gametype|singles
|player|p1|Arcsouth|gentleman-gen4dp|
|player|p2|Echoes4|brock|
|gen|9
|tier|[Gen 9] OU
|rule|HP Percentage Mod: HP is shown in percentages
|rule|Endless Battle Clause: Forcing endless battles is banned
|rule|Species Clause: Limit one of each Pokémon
|rule|OHKO Clause: OHKO moves are banned
|rule|Evasion Items Clause: Evasion items are banned
|rule|Evasion Moves Clause: Evasion moves are banned
|rule|Evasion Abilities Clause: Evasion abilities are banned
|rule|Sleep Moves Clause: Sleep-inducing moves are banned
|clearpoke
|poke|p1|Ninetales-Alola, F|
|poke|p1|Toxapex, M|
|poke|p1|Greninja-*, M|
|poke|p1|Ceruledge, M|
|poke|p1|Jolteon, F|
|poke|p1|Cloyster, F|
|poke|p2|Meowscarada, F|
|poke|p2|Primarina, F|
|poke|p2|Zapdos-Galar|
|poke|p2|Slowbro, F|
|poke|p2|Sylveon, M|
|poke|p2|Delphox, M|
|teampreview
|
|t:|1769310361
|teamsize|p1|6
|teamsize|p2|6
|start
|switch|p1a: Ninetales|Ninetales-Alola, F|100/100
|switch|p2a: Meowscarada|Meowscarada, F|100/100
|-weather|Snowscape|[from] ability: Snow Warning|[of] p1a: Ninetales
|turn|1
|
|t:|1769310370
|-terastallize|p2a: Meowscarada|Steel
|move|p2a: Meowscarada|Tera Blast|p1a: Ninetales|[anim] Tera Blast Steel
|-supereffective|p1a: Ninetales
|-damage|p1a: Ninetales|0 fnt
|faint|p1a: Ninetales
|
|-weather|Snowscape|[upkeep]
|upkeep
|
|t:|1769310393
|switch|p1a: Ceruledge|Ceruledge, M|100/100
|turn|2
|
|t:|1769310398
|move|p2a: Meowscarada|Knock Off|p1a: Ceruledge
|-supereffective|p1a: Ceruledge
|-damage|p1a: Ceruledge|0 fnt
|-enditem|p1a: Ceruledge|Heavy-Duty Boots|[from] move: Knock Off|[of] p2a: Meowscarada
|faint|p1a: Ceruledge
|
|-weather|Snowscape|[upkeep]
|upkeep
|
|t:|1769310410
|switch|p1a: Greninja|Greninja, M|100/100
|turn|3
|
|t:|1769310415
|switch|p1a: Jolteon|Jolteon, F|100/100
|move|p2a: Meowscarada|Flower Trick|p1a: Jolteon
|-crit|p1a: Jolteon
|-damage|p1a: Jolteon|5/100
|
|-weather|Snowscape|[upkeep]
|upkeep
|turn|4
|
|t:|1769310438
|move|p1a: Jolteon|Volt Switch|p2a: Meowscarada
|-damage|p2a: Meowscarada|18/100
|
|t:|1769310451
|switch|p1a: Greninja|Greninja, M|100/100|[from] Volt Switch
|move|p2a: Meowscarada|U-turn|p1a: Greninja
|-supereffective|p1a: Greninja
|-damage|p1a: Greninja|23/100
|
|t:|1769310474
|switch|p2a: Sylveon|Sylveon, M|100/100|[from] U-turn
|
|-weather|Snowscape|[upkeep]
|upkeep
|turn|5
|
|t:|1769310479
|switch|p1a: Cloyster|Cloyster, F|100/100
|move|p2a: Sylveon|Hyper Voice|p1a: Cloyster
|-damage|p1a: Cloyster|0 fnt
|faint|p1a: Cloyster
|
|-weather|none
|upkeep
|
|t:|1769310489
|switch|p1a: Toxapex|Toxapex, M|100/100
|turn|6
|
|t:|1769310493
|move|p2a: Sylveon|Psychic|p1a: Toxapex
|-supereffective|p1a: Toxapex
|-damage|p1a: Toxapex|59/100
|move|p1a: Toxapex|Toxic|p2a: Sylveon
|-status|p2a: Sylveon|tox
|
|-heal|p1a: Toxapex|65/100|[from] item: Black Sludge
|-damage|p2a: Sylveon|94/100 tox|[from] psn
|upkeep
|turn|7
|
|t:|1769310504
|switch|p1a: Greninja|Greninja, M|23/100
|move|p2a: Sylveon|Psychic|p1a: Greninja
|-immune|p1a: Greninja
|
|-heal|p2a: Sylveon|100/100 tox|[from] item: Leftovers
|-damage|p2a: Sylveon|88/100 tox|[from] psn
|upkeep
|turn|8
|
|t:|1769310512
|switch|p1a: Toxapex|Toxapex, M|99/100
|move|p2a: Sylveon|Hyper Voice|p1a: Toxapex
|-resisted|p1a: Toxapex
|-damage|p1a: Toxapex|79/100
|
|-heal|p2a: Sylveon|94/100 tox|[from] item: Leftovers
|-heal|p1a: Toxapex|85/100|[from] item: Black Sludge
|-damage|p2a: Sylveon|76/100 tox|[from] psn
|upkeep
|turn|9
|
|t:|1769310521
|move|p2a: Sylveon|Hyper Voice|p1a: Toxapex
|-resisted|p1a: Toxapex
|-damage|p1a: Toxapex|67/100
|move|p1a: Toxapex|Liquidation|p2a: Sylveon
|-damage|p2a: Sylveon|52/100 tox
|-unboost|p2a: Sylveon|def|1
|
|-heal|p2a: Sylveon|58/100 tox|[from] item: Leftovers
|-heal|p1a: Toxapex|74/100|[from] item: Black Sludge
|-damage|p2a: Sylveon|34/100 tox|[from] psn
|upkeep
|turn|10
|
|t:|1769310531
|switch|p1a: Greninja|Greninja, M|23/100
|move|p2a: Sylveon|Hyper Voice|p1a: Greninja
|-supereffective|p1a: Greninja
|-damage|p1a: Greninja|0 fnt
|faint|p1a: Greninja
|
|-heal|p2a: Sylveon|40/100 tox|[from] item: Leftovers
|-damage|p2a: Sylveon|10/100 tox|[from] psn
|upkeep
|
|t:|1769310540
|switch|p1a: Toxapex|Toxapex, M|100/100
|turn|11
|
|t:|1769310546
|move|p2a: Sylveon|Wish|p2a: Sylveon
|move|p1a: Toxapex|Liquidation|p2a: Sylveon
|-damage|p2a: Sylveon|0 fnt
|faint|p2a: Sylveon
|
|upkeep
|
|t:|1769310553
|switch|p2a: Meowscarada|Meowscarada, F, tera:Steel|18/100
|turn|12
|
|t:|1769310556
|move|p2a: Meowscarada|Knock Off|p1a: Toxapex
|-damage|p1a: Toxapex|73/100
|-enditem|p1a: Toxapex|Black Sludge|[from] move: Knock Off|[of] p2a: Meowscarada
|move|p1a: Toxapex|Liquidation|p2a: Meowscarada
|-damage|p2a: Meowscarada|0 fnt
|faint|p2a: Meowscarada
|
|upkeep
|
|t:|1769310567
|switch|p2a: Slowbro|Slowbro, F|100/100
|turn|13
|
|t:|1769310581
|switch|p1a: Jolteon|Jolteon, F|5/100
|move|p2a: Slowbro|Psychic|p1a: Jolteon
|-damage|p1a: Jolteon|0 fnt
|faint|p1a: Jolteon
|
|upkeep
|
|t:|1769310585
|switch|p1a: Toxapex|Toxapex, M|100/100
|turn|14
|
|t:|1769310589
|move|p1a: Toxapex|Toxic|p2a: Slowbro
|-status|p2a: Slowbro|tox
|move|p2a: Slowbro|Thunder Wave|p1a: Toxapex
|-status|p1a: Toxapex|par
|
|-damage|p2a: Slowbro|94/100 tox|[from] psn
|upkeep
|turn|15
|
|t:|1769310600
|move|p2a: Slowbro|Psychic|p1a: Toxapex
|-supereffective|p1a: Toxapex
|-damage|p1a: Toxapex|51/100 par
|move|p1a: Toxapex|Liquidation|p2a: Slowbro
|-resisted|p2a: Slowbro
|-damage|p2a: Slowbro|89/100 tox
|-damage|p1a: Toxapex|35/100 par|[from] item: Rocky Helmet|[of] p2a: Slowbro
|
|-damage|p2a: Slowbro|77/100 tox|[from] psn
|upkeep
|turn|16
|
|t:|1769310609
|move|p2a: Slowbro|Psychic|p1a: Toxapex
|-supereffective|p1a: Toxapex
|-damage|p1a: Toxapex|0 fnt
|faint|p1a: Toxapex
|
|win|Echoes4
