|j|☆KenjiShiguma
|j|☆Quagmalafle
|t:|1769374735
|gametype|singles
|player|p1|KenjiShiguma|pokemonbreeder-gen4|1106
|player|p2|Quagmalafle|102|1108
|gen|9
|tier|[Gen 9] OU
|rated|
|rule|HP Percentage Mod: HP is shown in percentages
|rule|Endless Battle Clause: Forcing endless battles is banned
|rule|Species Clause: Limit one of each Pokémon
|rule|OHKO Clause: OHKO moves are banned
|rule|Evasion Items Clause: Evasion items are banned
|rule|Evasion Moves Clause: Evasion moves are banned
|rule|Evasion Abilities Clause: Evasion abilities are banned
|rule|Sleep Moves Clause: Sleep-inducing moves are banned
|clearpoke
|poke|p1|Bisharp, F|
|poke|p1|Muk-Alola, M|
|poke|p1|Gastrodon, F|
|poke|p1|Rotom-Mow|
|poke|p1|Weezing, M|
|poke|p1|Gallade, M|
|poke|p2|Darkrai|
|poke|p2|Dragonite, F|
|poke|p2|Hatterene, F|
|poke|p2|Kingambit, F|
|poke|p2|Ariados, F|
|poke|p2|Samurott-Hisui, M|
|teampreview
|inactive|Battle timer is ON: inactive players will automatically lose when time's up. (requested by Quagmalafle)
|
|t:|1769374740
|teamsize|p1|6
|teamsize|p2|6
|start
|switch|p1a: Gastrodon|Gastrodon, F|100/100
|switch|p2a: Samurott|Samurott-Hisui, M|100/100
|turn|1
|
|t:|1769374748
|move|p2a: Samurott|Grass Knot|p1a: Gastrodon
|-supereffective|p1a: Gastrodon
|-damage|p1a: Gastrodon|43/100
|-damage|p2a: Samurott|91/100|[from] item: Life Orb
|move|p1a: Gastrodon|Whirlpool|p2a: Samurott
|-resisted|p2a: Samurott
|-damage|p2a: Samurott|81/100
|-activate|p2a: Samurott|move: Whirlpool|[of] p1a: Gastrodon
|
|-heal|p1a: Gastrodon|49/100|[from] item: Leftovers
|-damage|p2a: Samurott|69/100|[from] move: Whirlpool|[partiallytrapped]
|upkeep
|turn|2
|
|t:|1769374764
|switch|p1a: Weezing|Weezing, M|100/100
|move|p2a: Samurott|Grass Knot|p1a: Weezing
|-resisted|p1a: Weezing
|-damage|p1a: Weezing|95/100
|-damage|p2a: Samurott|59/100|[from] item: Life Orb
|
|-heal|p1a: Weezing|100/100|[from] item: Black Sludge
|-end|p2a: Samurott|Whirlpool|[partiallytrapped]|[silent]
|upkeep
|turn|3
|
|t:|1769374774
|switch|p2a: Hatterene|Hatterene, F|100/100
|move|p1a: Weezing|Toxic|p2a: Hatterene
|move|p2a: Hatterene|Toxic|p1a: Weezing|[from] ability: Magic Bounce
|-immune|p1a: Weezing
|
|upkeep
|turn|4
|
|t:|1769374783
|move|p1a: Weezing|Clear Smog|p2a: Hatterene
|-supereffective|p2a: Hatterene
|-damage|p2a: Hatterene|68/100
|-clearboost|p2a: Hatterene
|move|p2a: Hatterene|Swords Dance|p2a: Hatterene
|-boost|p2a: Hatterene|atk|2
|
|upkeep
|turn|5
|
|t:|1769374791
|move|p1a: Weezing|Clear Smog|p2a: Hatterene
|-supereffective|p2a: Hatterene
|-damage|p2a: Hatterene|37/100
|-clearboost|p2a: Hatterene
|move|p2a: Hatterene|Psycho Cut|p1a: Weezing
|-supereffective|p1a: Weezing
|-damage|p1a: Weezing|59/100
|
|-heal|p1a: Weezing|65/100|[from] item: Black Sludge
|upkeep
|turn|6
|
|t:|1769374801
|move|p1a: Weezing|Clear Smog|p2a: Hatterene
|-supereffective|p2a: Hatterene
|-damage|p2a: Hatterene|6/100
|-clearboost|p2a: Hatterene
|move|p2a: Hatterene|Psycho Cut|p1a: Weezing
|-supereffective|p1a: Weezing
|-damage|p1a: Weezing|24/100
|
|-heal|p1a: Weezing|30/100|[from] item: Black Sludge
|upkeep
|turn|7
|
|t:|1769374811
|switch|p2a: Kingambit|Kingambit, F|100/100
|-ability|p2a: Kingambit|Pressure
|move|p1a: Weezing|Clear Smog|p2a: Kingambit
|-immune|p2a: Kingambit
|
|-heal|p1a: Weezing|36/100|[from] item: Black Sludge
|upkeep
|turn|8
|
|t:|1769374823
|switch|p1a: Bisharp|Bisharp, F|100/100
|move|p2a: Kingambit|Stealth Rock|p1a: Bisharp
|-sidestart|p1: KenjiShiguma|move: Stealth Rock
|
|upkeep
|turn|9
|
|t:|1769374842
|move|p1a: Bisharp|Brick Break|p2a: Kingambit
|-supereffective|p2a: Kingambit
|-damage|p2a: Kingambit|19/100
|-damage|p1a: Bisharp|84/100|[from] item: Rocky Helmet|[of] p2a: Kingambit
|move|p2a: Kingambit|Thunder Wave|p1a: Bisharp
|-status|p1a: Bisharp|par
|
|upkeep
|turn|10
|
|t:|1769374852
|move|p2a: Kingambit|Kowtow Cleave|p1a: Bisharp
|-resisted|p1a: Bisharp
|-damage|p1a: Bisharp|59/100 par
|-damage|p2a: Kingambit|3/100|[from] item: Rocky Helmet|[of] p1a: Bisharp
|move|p1a: Bisharp|Iron Head|p2a: Kingambit
|-resisted|p2a: Kingambit
|-crit|p2a: Kingambit
|-damage|p2a: Kingambit|0 fnt
|-damage|p1a: Bisharp|42/100 par|[from] item: Rocky Helmet|[of] p2a: Kingambit
|faint|p2a: Kingambit
|
|upkeep
|
|t:|1769374861
|switch|p2a: Ariados|Ariados, F|100/100
|turn|11
|
|t:|1769374866
|switch|p1a: Gastrodon|Gastrodon, F|49/100
|-damage|p1a: Gastrodon|43/100|[from] Stealth Rock
|move|p2a: Ariados|Swords Dance|p2a: Ariados
|-boost|p2a: Ariados|atk|2
|
|-heal|p1a: Gastrodon|49/100|[from] item: Leftovers
|upkeep
|turn|12
|
|t:|1769374878
|move|p2a: Ariados|Shadow Sneak|p1a: Gastrodon
|-crit|p1a: Gastrodon
|-damage|p1a: Gastrodon|0 fnt
|faint|p1a: Gastrodon
|
|upkeep
|
|t:|1769374885
|switch|p1a: Weezing|Weezing, M|36/100
|-damage|p1a: Weezing|24/100|[from] Stealth Rock
|turn|13
|
|t:|1769374889
|move|p2a: Ariados|Shadow Sneak|p1a: Weezing
|-crit|p1a: Weezing
|-damage|p1a: Weezing|0 fnt
|faint|p1a: Weezing
|
|upkeep
|
|t:|1769374898
|switch|p1a: Muk|Muk-Alola, M|100/100
|-damage|p1a: Muk|88/100|[from] Stealth Rock
|turn|14
|
|t:|1769374906
|move|p1a: Muk|Poison Fang|p2a: Ariados
|-resisted|p2a: Ariados
|-damage|p2a: Ariados|85/100
|move|p2a: Ariados|Megahorn|p1a: Muk
|-damage|p1a: Muk|0 fnt
|faint|p1a: Muk
|
|upkeep
|
|t:|1769374917
|switch|p1a: Rotom|Rotom-Mow|100/100
|-damage|p1a: Rotom|88/100|[from] Stealth Rock
|turn|15
|
|t:|1769374924
|move|p1a: Rotom|Volt Switch|p2a: Ariados
|-damage|p2a: Ariados|27/100
|
|t:|1769374929
|switch|p1a: Bisharp|Bisharp, F|42/100 par|[from] Volt Switch
|-damage|p1a: Bisharp|36/100 par|[from] Stealth Rock
|move|p2a: Ariados|Cross Poison|p1a: Bisharp
|-immune|p1a: Bisharp
|
|upkeep
|turn|16
|
|t:|1769374938
|move|p2a: Ariados|Shadow Sneak|p1a: Bisharp
|-resisted|p1a: Bisharp
|-damage|p1a: Bisharp|24/100 par
|-damage|p2a: Ariados|10/100|[from] item: Rocky Helmet|[of] p1a: Bisharp
|move|p1a: Bisharp|Sucker Punch||[still]
|-fail|p1a: Bisharp
|
|upkeep
|turn|17
|
|t:|1769374947
|move|p2a: Ariados|Megahorn|p1a: Bisharp
|-damage|p1a: Bisharp|0 fnt
|-damage|p2a: Ariados|0 fnt|[from] item: Rocky Helmet|[of] p1a: Bisharp
|faint|p1a: Bisharp
|faint|p2a: Ariados
|
|upkeep
|
|t:|1769374953
|switch|p1a: Rotom|Rotom-Mow|88/100
|switch|p2a: Samurott|Samurott-Hisui, M|59/100
|-damage|p1a: Rotom|76/100|[from] Stealth Rock
|turn|18
|
|t:|1769374959
|move|p1a: Rotom|Volt Switch|p2a: Samurott
|-supereffective|p2a: Samurott
|-damage|p2a: Samurott|0 fnt
|faint|p2a: Samurott
|
|t:|1769374963
|switch|p1a: Gallade|Gallade, M|100/100|[from] Volt Switch
|-damage|p1a: Gallade|94/100|[from] Stealth Rock
|
|upkeep
|
|t:|1769374967
|switch|p2a: Hatterene|Hatterene, F|6/100
|turn|19
|
|t:|1769374972
|move|p1a: Gallade|Psycho Cut|p2a: Hatterene
|-resisted|p2a: Hatterene
|-damage|p2a: Hatterene|0 fnt
|faint|p2a: Hatterene
|
|upkeep
|
|t:|1769374980
|switch|p2a: Dragonite|Dragonite, F|100/100
|turn|20
|
|t:|1769374984
|move|p2a: Dragonite|Hurricane|p1a: Gallade
|-supereffective|p1a: Gallade
|-damage|p1a: Gallade|0 fnt
|faint|p1a: Gallade
|-damage|p2a: Dragonite|91/100|[from] item: Life Orb
|
|upkeep
|
|t:|1769374990
|switch|p1a: Rotom|Rotom-Mow|76/100
|-damage|p1a: Rotom|63/100|[from] Stealth Rock
|turn|21
|
|t:|1769374997
|-terastallize|p1a: Rotom|Electric
|-terastallize|p2a: Dragonite|Dragon
|move|p1a: Rotom|Thunderbolt|p2a: Dragonite
|-resisted|p2a: Dragonite
|-damage|p2a: Dragonite|46/100
|move|p2a: Dragonite|Heat Wave|p1a: Rotom
|-damage|p1a: Rotom|13/100
|-damage|p2a: Dragonite|36/100|[from] item: Life Orb
|
|upkeep
|turn|22
|
|t:|1769375007
|move|p1a: Rotom|Thunderbolt|p2a: Dragonite
|-resisted|p2a: Dragonite
|-damage|p2a: Dragonite|0 fnt
|faint|p2a: Dragonite
|
|upkeep
|
|t:|1769375010
|switch|p2a: Darkrai|Darkrai|100/100
|turn|23
|
|t:|1769375014
|move|p2a: Darkrai|Knock Off|p1a: Rotom
|-damage|p1a: Rotom|0 fnt
|-enditem|p1a: Rotom|Choice Specs|[from] move: Knock Off|[of] p2a: Darkrai
|faint|p1a: Rotom
|
|win|Quagmalafle
|raw|KenjiShiguma's rating: 1106 &rarr; <strong>1081</strong><br />(-25 for losing)
|raw|Quagmalafle's rating: 1108 &rarr; <strong>1133</strong><br />(+25 for winning)
|l|☆KenjiShiguma
|player|p1|
