|j|☆pikl52
|j|☆waningg.
|t:|1769346904
|gametype|singles
|player|p1|pikl52|hilbert|1373
|player|p2|waningg.|colress|1333
|gen|9
|tier|[Gen 9] OU
|rated|
|rule|HP Percentage Mod: HP is shown in percentages
|rule|Endless Battle Clause: Forcing endless battles is banned
|rule|Species Clause: Limit one of each Pokémon
|rule|OHKO Clause: OHKO moves are banned
|rule|Evasion Items Clause: Evasion items are banned
|rule|Evasion Moves Clause: Evasion moves are banned
|rule|Evasion Abilities Clause: Evasion abilities are banned
|rule|Sleep Moves Clause: Sleep-inducing moves are banned
|clearpoke
|poke|p1|Arcanine-Hisui, F|
|poke|p1|Tyranitar, M|
|poke|p1|Slowking, M|
|poke|p1|Excadrill, M|
|poke|p1|Ogerpon-Cornerstone, F|
|poke|p1|Zapdos|
|poke|p2|Rillaboom, M|
|poke|p2|Serperior, M|
|poke|p2|Heatran, F|
|poke|p2|Gholdengo|
|poke|p2|Zamazenta-*|
|poke|p2|Great Tusk|
|teampreview
|inactive|Battle timer is ON: inactive players will automatically lose when time's up. (requested by pikl52)
|
|t:|1769346918
|teamsize|p1|6
|teamsize|p2|6
|start
|switch|p1a: Zapdos|Zapdos|100/100
|switch|p2a: Rillaboom|Rillaboom, M|100/100
|-fieldstart|move: Grassy Terrain|[from] ability: Grassy Surge|[of] p2a: Rillaboom
|turn|1
|
|t:|1769346929
|switch|p2a: Gholdengo|Gholdengo|100/100
|-enditem|p2a: Gholdengo|Grassy Seed
|-boost|p2a: Gholdengo|def|1|[from] item: Grassy Seed
|move|p1a: Zapdos|Hurricane|p2a: Gholdengo
|-resisted|p2a: Gholdengo
|-damage|p2a: Gholdengo|76/100
|
|-heal|p2a: Gholdengo|82/100|[from] Grassy Terrain
|upkeep
|turn|2
|
|t:|1769346939
|move|p1a: Zapdos|Volt Switch|p2a: Gholdengo
|-damage|p2a: Gholdengo|52/100
|
|t:|1769346948
|switch|p1a: Ogerpon|Ogerpon-Cornerstone, F|100/100|[from] Volt Switch
|move|p2a: Gholdengo|Nasty Plot|p2a: Gholdengo
|-boost|p2a: Gholdengo|spa|2
|
|-heal|p2a: Gholdengo|58/100|[from] Grassy Terrain
|upkeep
|turn|3
|
|t:|1769346962
|move|p1a: Ogerpon|Encore|p2a: Gholdengo
|-immune|p2a: Gholdengo|[from] ability: Good as Gold
|move|p2a: Gholdengo|Shadow Ball|p1a: Ogerpon
|-damage|p1a: Ogerpon|7/100
|
|-heal|p1a: Ogerpon|13/100|[from] Grassy Terrain
|-heal|p2a: Gholdengo|64/100|[from] Grassy Terrain
|upkeep
|turn|4
|
|t:|1769346968
|move|p1a: Ogerpon|Knock Off|p2a: Gholdengo
|-supereffective|p2a: Gholdengo
|-damage|p2a: Gholdengo|34/100
|move|p2a: Gholdengo|Recover|p2a: Gholdengo
|-heal|p2a: Gholdengo|84/100
|
|-heal|p1a: Ogerpon|19/100|[from] Grassy Terrain
|-heal|p2a: Gholdengo|90/100|[from] Grassy Terrain
|upkeep
|turn|5
|
|t:|1769346975
|move|p1a: Ogerpon|Knock Off|p2a: Gholdengo
|-supereffective|p2a: Gholdengo
|-damage|p2a: Gholdengo|58/100
|move|p2a: Gholdengo|Shadow Ball|p1a: Ogerpon
|-crit|p1a: Ogerpon
|-damage|p1a: Ogerpon|0 fnt
|faint|p1a: Ogerpon
|
|-heal|p2a: Gholdengo|64/100|[from] Grassy Terrain
|-fieldend|move: Grassy Terrain
|upkeep
|
|t:|1769346986
|switch|p1a: Arcanine|Arcanine-Hisui, F|100/100
|turn|6
|
|t:|1769347005
|switch|p2a: Great Tusk|Great Tusk|100/100
|-enditem|p2a: Great Tusk|Booster Energy
|-activate|p2a: Great Tusk|ability: Protosynthesis|[fromitem]
|-start|p2a: Great Tusk|protosynthesisspe
|move|p1a: Arcanine|Head Smash|p2a: Great Tusk
|-resisted|p2a: Great Tusk
|-damage|p2a: Great Tusk|89/100
|
|upkeep
|turn|7
|
|t:|1769347014
|switch|p1a: Zapdos|Zapdos|100/100
|move|p2a: Great Tusk|Headlong Rush|p1a: Zapdos
|-immune|p1a: Zapdos
|
|upkeep
|turn|8
|
|t:|1769347022
|move|p2a: Great Tusk|Head Smash|p1a: Zapdos
|-supereffective|p1a: Zapdos
|-damage|p1a: Zapdos|16/100
|-damage|p2a: Great Tusk|52/100|[from] Recoil
|move|p1a: Zapdos|Hurricane|p2a: Great Tusk
|-supereffective|p2a: Great Tusk
|-damage|p2a: Great Tusk|0 fnt
|faint|p2a: Great Tusk
|-end|p2a: Great Tusk|Protosynthesis|[silent]
|
|upkeep
|
|t:|1769347030
|switch|p2a: Rillaboom|Rillaboom, M|100/100
|-fieldstart|move: Grassy Terrain|[from] ability: Grassy Surge|[of] p2a: Rillaboom
|turn|9
|inactive|pikl52 has 120 seconds left.
|
|t:|1769347063
|move|p2a: Rillaboom|Grassy Glide|p1a: Zapdos
|-resisted|p1a: Zapdos
|-damage|p1a: Zapdos|0 fnt
|faint|p1a: Zapdos
|-damage|p2a: Rillaboom|91/100|[from] item: Life Orb
|
|-heal|p2a: Rillaboom|97/100|[from] Grassy Terrain
|upkeep
|inactive|pikl52 has 120 seconds left.
|
|t:|1769347077
|switch|p1a: Arcanine|Arcanine-Hisui, F|100/100
|turn|10
|inactive|pikl52 has 120 seconds left.
|
|t:|1769347087
|switch|p2a: Heatran|Heatran, F|100/100
|-item|p2a: Heatran|Air Balloon
|move|p1a: Arcanine|Flare Blitz|p2a: Heatran
|-start|p2a: Heatran|ability: Flash Fire
|
|upkeep
|turn|11
|
|t:|1769347094
|switch|p1a: Slowking|Slowking, M|100/100
|move|p2a: Heatran|Stealth Rock|p1a: Slowking
|-sidestart|p1: pikl52|move: Stealth Rock
|
|upkeep
|turn|12
|
|t:|1769347109
|-terastallize|p1a: Slowking|Water
|move|p2a: Heatran|Taunt|p1a: Slowking
|-immune|p1a: Slowking|[from] ability: Oblivious
|move|p1a: Slowking|Scald|p2a: Heatran
|-supereffective|p2a: Heatran
|-damage|p2a: Heatran|56/100
|-enditem|p2a: Heatran|Air Balloon
|
|-heal|p2a: Heatran|62/100|[from] Grassy Terrain
|upkeep
|turn|13
|
|t:|1769347124
|-end|p2a: Heatran|ability: Flash Fire|[silent]
|switch|p2a: Serperior|Serperior, M|100/100
|move|p1a: Slowking|Psychic Noise|p2a: Serperior
|-damage|p2a: Serperior|70/100
|-start|p2a: Serperior|move: Heal Block
|
|-fieldend|move: Grassy Terrain
|upkeep
|turn|14
|
|t:|1769347134
|move|p2a: Serperior|Leaf Storm|p1a: Slowking
|-supereffective|p1a: Slowking
|-damage|p1a: Slowking|42/100
|-boost|p2a: Serperior|spa|2
|move|p1a: Slowking|Flamethrower|p2a: Serperior
|-supereffective|p2a: Serperior
|-damage|p2a: Serperior|25/100
|
|-end|p2a: Serperior|move: Heal Block
|upkeep
|turn|15
|
|t:|1769347146
|switch|p1a: Tyranitar|Tyranitar, M|100/100
|-damage|p1a: Tyranitar|88/100|[from] Stealth Rock
|-weather|Sandstorm|[from] ability: Sand Stream|[of] p1a: Tyranitar
|move|p2a: Serperior|Leaf Storm|p1a: Tyranitar
|-supereffective|p1a: Tyranitar
|-damage|p1a: Tyranitar|0 fnt
|-boost|p2a: Serperior|spa|2
|faint|p1a: Tyranitar
|
|-weather|Sandstorm|[upkeep]
|-damage|p2a: Serperior|19/100|[from] Sandstorm
|upkeep
|
|t:|1769347159
|switch|p1a: Excadrill|Excadrill, M|100/100
|-damage|p1a: Excadrill|97/100|[from] Stealth Rock
|-item|p1a: Excadrill|Air Balloon
|turn|16
|
|t:|1769347164
|switch|p2a: Zamazenta|Zamazenta|100/100
|-ability|p2a: Zamazenta|Dauntless Shield|boost
|-boost|p2a: Zamazenta|def|1
|move|p1a: Excadrill|Earthquake|p2a: Zamazenta
|-damage|p2a: Zamazenta|66/100
|
|-weather|Sandstorm|[upkeep]
|-damage|p2a: Zamazenta|60/100|[from] Sandstorm
|upkeep
|turn|17
|
|t:|1769347175
|move|p1a: Excadrill|Iron Head|p2a: Zamazenta
|-damage|p2a: Zamazenta|32/100
|move|p2a: Zamazenta|Close Combat|p1a: Excadrill
|-supereffective|p1a: Excadrill
|-damage|p1a: Excadrill|0 fnt
|-unboost|p2a: Zamazenta|def|1
|-unboost|p2a: Zamazenta|spd|1
|-enditem|p1a: Excadrill|Air Balloon
|faint|p1a: Excadrill
|-damage|p2a: Zamazenta|22/100|[from] item: Life Orb
|
|-weather|Sandstorm|[upkeep]
|-damage|p2a: Zamazenta|16/100|[from] Sandstorm
|upkeep
|
|t:|1769347188
|switch|p1a: Arcanine|Arcanine-Hisui, F|100/100
|-damage|p1a: Arcanine|76/100|[from] Stealth Rock
|turn|18
|
|t:|1769347195
|move|p1a: Arcanine|Head Smash|p2a: Zamazenta|[miss]
|-miss|p1a: Arcanine|p2a: Zamazenta
|move|p2a: Zamazenta|Close Combat|p1a: Arcanine
|-supereffective|p1a: Arcanine
|-damage|p1a: Arcanine|0 fnt
|-unboost|p2a: Zamazenta|def|1
|-unboost|p2a: Zamazenta|spd|1
|faint|p1a: Arcanine
|-damage|p2a: Zamazenta|6/100|[from] item: Life Orb
|
|-weather|Sandstorm|[upkeep]
|-damage|p2a: Zamazenta|0 fnt|[from] Sandstorm
|faint|p2a: Zamazenta
|upkeep
|-message|pikl52 forfeited.
|
|win|waningg.
|raw|pikl52's rating: 1373 &rarr; <strong>1351</strong><br />(-22 for losing)
|raw|waningg.'s rating: 1333 &rarr; <strong>1355</strong><br />(+22 for winning)
|l|☆pikl52
|player|p1|
|l|☆waningg.
|player|p2|
