|j|☆kiooeee2st
|j|☆Firebird97631
|t:|1769414026
|gametype|singles
|player|p1|kiooeee2st|169|1027
|player|p2|Firebird97631|iris|1055
|gen|9
|tier|[Gen 9] OU
|rated|
|rule|HP Percentage Mod: HP is shown in percentages
|rule|Endless Battle Clause: Forcing endless battles is banned
|rule|Species Clause: Limit one of each Pokémon
|rule|OHKO Clause: OHKO moves are banned
|rule|Evasion Items Clause: Evasion items are banned
|rule|Evasion Moves Clause: Evasion moves are banned
|rule|Evasion Abilities Clause: Evasion abilities are banned
|rule|Sleep Moves Clause: Sleep-inducing moves are banned
|clearpoke
|poke|p1|Volcanion|
|poke|p1|Dragapult, F|
|poke|p1|Dragonite, F|
|poke|p1|Cinderace, F|
|poke|p1|Forretress, M|
|poke|p1|Corviknight, M|
|poke|p2|Scovillain, F|
|poke|p2|Torkoal, F|
|poke|p2|Armarouge, F|
|poke|p2|Indeedee-F, F|
|poke|p2|Walking Wake|
|poke|p2|Glimmora, M|
|teampreview
|
|t:|1769414041
|teamsize|p1|6
|teamsize|p2|6
|start
|switch|p1a: Dragonite|Dragonite, F|100/100
|switch|p2a: Glimmora|Glimmora, M, shiny|100/100
|turn|1
|
|t:|1769414054
|move|p1a: Dragonite|Earthquake|p2a: Glimmora
|-supereffective|p2a: Glimmora
|-damage|p2a: Glimmora|0 fnt
|-activate|p2a: Glimmora|ability: Toxic Debris
|-sidestart|p1: kiooeee2st|move: Toxic Spikes
|faint|p2a: Glimmora
|-damage|p1a: Dragonite|91/100|[from] item: Life Orb
|
|upkeep
|
|t:|1769414075
|switch|p2a: Walking Wake|Walking Wake|100/100
|turn|2
|
|t:|1769414093
|move|p2a: Walking Wake|Draco Meteor|p1a: Dragonite
|-supereffective|p1a: Dragonite
|-damage|p1a: Dragonite|0 fnt
|-unboost|p2a: Walking Wake|spa|2
|faint|p1a: Dragonite
|
|upkeep
|
|t:|1769414105
|switch|p1a: Volcanion|Volcanion|100/100
|-status|p1a: Volcanion|psn
|turn|3
|
|t:|1769414122
|-end|p2a: Walking Wake|Protosynthesis|[silent]
|switch|p2a: Indeedee|Indeedee-F, F, shiny|100/100
|-fieldstart|move: Psychic Terrain|[from] ability: Psychic Surge|[of] p2a: Indeedee
|-enditem|p2a: Indeedee|Psychic Seed
|-boost|p2a: Indeedee|spd|1|[from] item: Psychic Seed
|move|p1a: Volcanion|Body Slam|p2a: Indeedee
|-damage|p2a: Indeedee|72/100
|
|-damage|p1a: Volcanion|88/100 psn|[from] psn
|upkeep
|turn|4
|
|t:|1769414136
|switch|p1a: Forretress|Forretress, M|100/100
|move|p2a: Indeedee|Light Screen|p2a: Indeedee
|-sidestart|p2: Firebird97631|move: Light Screen
|
|upkeep
|turn|5
|
|t:|1769414146
|switch|p2a: Scovillain|Scovillain, F, shiny|100/100
|move|p1a: Forretress|Stealth Rock|p2a: Scovillain
|-sidestart|p2: Firebird97631|move: Stealth Rock
|
|upkeep
|turn|6
|
|t:|1769414161
|move|p2a: Scovillain|Overheat|p1a: Forretress
|-supereffective|p1a: Forretress
|-ability|p1a: Forretress|Sturdy
|-damage|p1a: Forretress|1/100
|-unboost|p2a: Scovillain|spa|2
|move|p1a: Forretress|Toxic Spikes|p2a: Scovillain
|-sidestart|p2: Firebird97631|move: Toxic Spikes
|
|-heal|p1a: Forretress|7/100|[from] item: Leftovers
|upkeep
|turn|7
|
|t:|1769414177
|move|p2a: Scovillain|Leech Seed|p1a: Forretress|[miss]
|-miss|p2a: Scovillain|p1a: Forretress
|move|p1a: Forretress|Explosion|p2a: Scovillain
|-damage|p2a: Scovillain|36/100
|faint|p1a: Forretress
|
|-heal|p2a: Scovillain|41/100|[from] item: Leftovers
|-fieldend|move: Psychic Terrain
|upkeep
|
|t:|1769414199
|switch|p1a: Cinderace|Cinderace, F|100/100
|-status|p1a: Cinderace|psn
|turn|8
|
|t:|1769414205
|move|p2a: Scovillain|Protect|p2a: Scovillain
|-singleturn|p2a: Scovillain|Protect
|move|p1a: Cinderace|Flame Charge|p2a: Scovillain
|-activate|p2a: Scovillain|move: Protect
|
|-heal|p2a: Scovillain|47/100|[from] item: Leftovers
|-damage|p1a: Cinderace|88/100 psn|[from] psn
|-sideend|p2: Firebird97631|move: Light Screen
|upkeep
|turn|9
|
|t:|1769414240
|move|p1a: Cinderace|Flame Charge|p2a: Scovillain
|-damage|p2a: Scovillain|16/100
|-boost|p1a: Cinderace|spe|1
|move|p2a: Scovillain|Leech Seed|p1a: Cinderace
|-start|p1a: Cinderace|move: Leech Seed
|
|-heal|p2a: Scovillain|22/100|[from] item: Leftovers
|-damage|p1a: Cinderace|76/100 psn|[from] Leech Seed|[of] p2a: Scovillain
|-heal|p2a: Scovillain|36/100|[silent]
|-damage|p1a: Cinderace|64/100 psn|[from] psn
|upkeep
|turn|10
|
|t:|1769414251
|move|p2a: Scovillain|Protect|p2a: Scovillain
|-singleturn|p2a: Scovillain|Protect
|move|p1a: Cinderace|Flame Charge|p2a: Scovillain
|-activate|p2a: Scovillain|move: Protect
|
|-heal|p2a: Scovillain|41/100|[from] item: Leftovers
|-damage|p1a: Cinderace|51/100 psn|[from] Leech Seed|[of] p2a: Scovillain
|-heal|p2a: Scovillain|55/100|[silent]
|-damage|p1a: Cinderace|39/100 psn|[from] psn
|upkeep
|turn|11
|
|t:|1769414266
|move|p1a: Cinderace|Flame Charge|p2a: Scovillain
|-damage|p2a: Scovillain|26/100
|-boost|p1a: Cinderace|spe|1
|move|p2a: Scovillain|Overheat|p1a: Cinderace
|-resisted|p1a: Cinderace
|-damage|p1a: Cinderace|14/100 psn
|-unboost|p2a: Scovillain|spa|2
|
|-heal|p2a: Scovillain|32/100|[from] item: Leftovers
|-damage|p1a: Cinderace|2/100 psn|[from] Leech Seed|[of] p2a: Scovillain
|-heal|p2a: Scovillain|46/100|[silent]
|-damage|p1a: Cinderace|0 fnt|[from] psn
|faint|p1a: Cinderace
|upkeep
|-message|kiooeee2st forfeited.
|
|win|Firebird97631
|raw|kiooeee2st's rating: 1027 &rarr; <strong>1014</strong><br />(-13 for losing)
|raw|Firebird97631's rating: 1055 &rarr; <strong>1084</strong><br />(+29 for winning)
|l|☆kiooeee2st
|player|p1|
