|j|☆shuca nacua
|j|☆NoobishTrainerJoe
|t:|1769370720
|gametype|singles
|player|p1|shuca nacua|boarder|1550
|player|p2|NoobishTrainerJoe|kurt|1645
|gen|9
|tier|[Gen 9] OU
|rated|
|rule|HP Percentage Mod: HP is shown in percentages
|rule|Endless Battle Clause: Forcing endless battles is banned
|rule|Species Clause: Limit one of each Pokémon
|rule|OHKO Clause: OHKO moves are banned
|rule|Evasion Items Clause: Evasion items are banned
|rule|Evasion Moves Clause: Evasion moves are banned
|rule|Evasion Abilities Clause: Evasion abilities are banned
|rule|Sleep Moves Clause: Sleep-inducing moves are banned
|clearpoke
|poke|p1|Chesnaught, F|
|poke|p1|Garganacl, F|
|poke|p1|Gholdengo|
|poke|p1|Weezing-Galar, M|
|poke|p1|Dragonite, F|
|poke|p1|Araquanid, M|
|poke|p2|Iron Valiant|
|poke|p2|Excadrill, M|
|poke|p2|Tyranitar, M|
|poke|p2|Tornadus-Therian, M|
|poke|p2|Ogerpon-Cornerstone, F|
|poke|p2|Toxapex, M|
|teampreview
|
|t:|1769370728
|teamsize|p1|6
|teamsize|p2|6
|start
|switch|p1a: Araquanid|Araquanid, M|100/100
|switch|p2a: Tyranitar|Tyranitar, M, shiny|100/100
|-weather|Sandstorm|[from] ability: Sand Stream|[of] p2a: Tyranitar
|turn|1
|
|t:|1769370733
|move|p2a: Tyranitar|Knock Off|p1a: Araquanid
|-damage|p1a: Araquanid|34/100
|-enditem|p1a: Araquanid|Choice Band|[from] move: Knock Off|[of] p2a: Tyranitar
|move|p1a: Araquanid|Liquidation|p2a: Tyranitar
|-supereffective|p2a: Tyranitar
|-damage|p2a: Tyranitar|0 fnt
|faint|p2a: Tyranitar
|
|-weather|Sandstorm|[upkeep]
|-damage|p1a: Araquanid|28/100|[from] Sandstorm
|upkeep
|inactive|Battle timer is ON: inactive players will automatically lose when time's up. (requested by shuca nacua)
|
|t:|1769370766
|switch|p2a: Ogerpon|Ogerpon-Cornerstone, F|100/100
|turn|2
|
|t:|1769370772
|switch|p1a: Chesnaught|Chesnaught, F|100/100
|move|p2a: Ogerpon|Knock Off|p1a: Chesnaught
|-resisted|p1a: Chesnaught
|-damage|p1a: Chesnaught|89/100
|-damage|p2a: Ogerpon|84/100|[from] item: Rocky Helmet|[of] p1a: Chesnaught
|-enditem|p1a: Chesnaught|Rocky Helmet|[from] move: Knock Off|[of] p2a: Ogerpon
|
|-weather|Sandstorm|[upkeep]
|-damage|p1a: Chesnaught|83/100|[from] Sandstorm
|upkeep
|turn|3
|
|t:|1769370779
|switch|p2a: Tornadus|Tornadus-Therian, M, shiny|100/100
|move|p1a: Chesnaught|Knock Off|p2a: Tornadus
|-damage|p2a: Tornadus|71/100
|-enditem|p2a: Tornadus|Choice Specs|[from] move: Knock Off|[of] p1a: Chesnaught
|
|-weather|Sandstorm|[upkeep]
|-damage|p2a: Tornadus|65/100|[from] Sandstorm
|-damage|p1a: Chesnaught|77/100|[from] Sandstorm
|upkeep
|turn|4
|
|t:|1769370788
|switch|p2a: Excadrill|Excadrill, M, shiny|100/100
|switch|p1a: Garganacl|Garganacl, F|100/100
|
|-weather|Sandstorm|[upkeep]
|upkeep
|turn|5
|c|☆shuca nacua|nice
|
|t:|1769370797
|switch|p1a: Chesnaught|Chesnaught, F|77/100
|move|p2a: Excadrill|Substitute|p2a: Excadrill
|-start|p2a: Excadrill|Substitute
|-damage|p2a: Excadrill|76/100
|
|-weather|Sandstorm|[upkeep]
|-damage|p1a: Chesnaught|71/100|[from] Sandstorm
|-heal|p2a: Excadrill|82/100|[from] item: Leftovers
|upkeep
|turn|6
|
|t:|1769370806
|move|p2a: Excadrill|Rock Slide|p1a: Chesnaught
|-resisted|p1a: Chesnaught
|-damage|p1a: Chesnaught|61/100
|move|p1a: Chesnaught|Body Press|p2a: Excadrill
|-supereffective|p2a: Excadrill
|-end|p2a: Excadrill|Substitute
|
|-weather|Sandstorm|[upkeep]
|-damage|p1a: Chesnaught|55/100|[from] Sandstorm
|-heal|p2a: Excadrill|88/100|[from] item: Leftovers
|upkeep
|turn|7
|
|t:|1769370814
|switch|p2a: Tornadus|Tornadus-Therian, M, shiny|98/100
|move|p1a: Chesnaught|Synthesis|p1a: Chesnaught
|-heal|p1a: Chesnaught|80/100
|
|-weather|Sandstorm|[upkeep]
|-damage|p2a: Tornadus|92/100|[from] Sandstorm
|-damage|p1a: Chesnaught|74/100|[from] Sandstorm
|upkeep
|turn|8
|
|t:|1769370833
|switch|p2a: Iron Valiant|Iron Valiant, shiny|100/100
|switch|p1a: Garganacl|Garganacl, F|100/100
|
|-weather|none
|upkeep
|turn|9
|
|t:|1769370845
|move|p1a: Garganacl|Protect|p1a: Garganacl
|-singleturn|p1a: Garganacl|Protect
|move|p2a: Iron Valiant|Moonblast|p1a: Garganacl
|-activate|p1a: Garganacl|move: Protect
|
|upkeep
|turn|10
|
|t:|1769370850
|move|p2a: Iron Valiant|Moonblast|p1a: Garganacl
|-crit|p1a: Garganacl
|-damage|p1a: Garganacl|36/100
|-unboost|p1a: Garganacl|spa|1
|move|p1a: Garganacl|Salt Cure|p2a: Iron Valiant
|-resisted|p2a: Iron Valiant
|-damage|p2a: Iron Valiant|92/100
|-start|p2a: Iron Valiant|Salt Cure
|
|-heal|p1a: Garganacl|42/100|[from] item: Leftovers
|-damage|p2a: Iron Valiant|80/100|[from] Salt Cure
|upkeep
|turn|11
|
|t:|1769370859
|-end|p2a: Iron Valiant|Quark Drive|[silent]
|switch|p2a: Excadrill|Excadrill, M, shiny|88/100
|move|p1a: Garganacl|Protect||[still]
|-fail|p1a: Garganacl
|
|-heal|p2a: Excadrill|94/100|[from] item: Leftovers
|-heal|p1a: Garganacl|48/100|[from] item: Leftovers
|upkeep
|turn|12
|
|t:|1769370861
|switch|p2a: Toxapex|Toxapex, M, shiny|100/100
|switch|p1a: Chesnaught|Chesnaught, F|74/100
|
|upkeep
|turn|13
|
|t:|1769370864
|switch|p1a: Weezing|Weezing-Galar, M|100/100
|-ability|p1a: Weezing|Neutralizing Gas
|move|p2a: Toxapex|Toxic Spikes|p1a: Weezing
|-sidestart|p1: shuca nacua|move: Toxic Spikes
|
|upkeep
|turn|14
|
|t:|1769370885
|switch|p2a: Excadrill|Excadrill, M, shiny|94/100
|move|p1a: Weezing|Will-O-Wisp|p2a: Excadrill
|-status|p2a: Excadrill|brn
|
|-heal|p2a: Excadrill|99/100 brn|[from] item: Leftovers
|-damage|p2a: Excadrill|94/100 brn|[from] brn
|upkeep
|turn|15
|
|t:|1769370896
|move|p2a: Excadrill|Earthquake|p1a: Weezing
|-supereffective|p1a: Weezing
|-damage|p1a: Weezing|46/100
|move|p1a: Weezing|Defog|p2a: Excadrill
|-unboost|p2a: Excadrill|evasion|1
|-sideend|p1: shuca nacua|Toxic Spikes|[from] move: Defog|[of] p1a: Weezing
|
|-heal|p2a: Excadrill|99/100 brn|[from] item: Leftovers
|-damage|p2a: Excadrill|94/100 brn|[from] brn
|upkeep
|turn|16
|
|t:|1769370901
|switch|p2a: Toxapex|Toxapex, M, shiny|100/100
|-end|p1a: Weezing|ability: Neutralizing Gas
|switch|p1a: Chesnaught|Chesnaught, F|74/100
|
|upkeep
|turn|17
|
|t:|1769370905
|switch|p1a: Garganacl|Garganacl, F|48/100
|move|p2a: Toxapex|Toxic Spikes|p1a: Garganacl
|-sidestart|p1: shuca nacua|move: Toxic Spikes
|
|-heal|p1a: Garganacl|54/100|[from] item: Leftovers
|upkeep
|turn|18
|
|t:|1769370908
|switch|p2a: Ogerpon|Ogerpon-Cornerstone, F|84/100
|move|p1a: Garganacl|Salt Cure|p2a: Ogerpon
|-damage|p2a: Ogerpon|66/100
|-start|p2a: Ogerpon|Salt Cure
|
|-heal|p1a: Garganacl|61/100|[from] item: Leftovers
|-damage|p2a: Ogerpon|54/100|[from] Salt Cure
|upkeep
|turn|19
|j| SpiderKing3261
|
|t:|1769370917
|move|p1a: Garganacl|Protect|p1a: Garganacl
|-singleturn|p1a: Garganacl|Protect
|move|p2a: Ogerpon|Power Whip|p1a: Garganacl
|-activate|p1a: Garganacl|move: Protect
|
|-heal|p1a: Garganacl|67/100|[from] item: Leftovers
|-damage|p2a: Ogerpon|41/100|[from] Salt Cure
|upkeep
|turn|20
|
|t:|1769370925
|switch|p2a: Excadrill|Excadrill, M, shiny|94/100 brn
|switch|p1a: Weezing|Weezing-Galar, M|46/100
|-ability|p1a: Weezing|Neutralizing Gas
|-sideend|p1: shuca nacua|move: Toxic Spikes|[of] p1a: Weezing
|
|-heal|p2a: Excadrill|99/100 brn|[from] item: Leftovers
|-damage|p2a: Excadrill|94/100 brn|[from] brn
|upkeep
|turn|21
|l| SpiderKing3261
|
|t:|1769370937
|switch|p2a: Toxapex|Toxapex, M, shiny|100/100
|-end|p1a: Weezing|ability: Neutralizing Gas
|switch|p1a: Chesnaught|Chesnaught, F|74/100
|
|upkeep
|turn|22
|
|t:|1769370945
|move|p1a: Chesnaught|Knock Off|p2a: Toxapex
|-damage|p2a: Toxapex|83/100
|-enditem|p2a: Toxapex|Eject Button|[from] move: Knock Off|[of] p1a: Chesnaught
|move|p2a: Toxapex|Toxic Spikes|p1a: Chesnaught
|-sidestart|p1: shuca nacua|move: Toxic Spikes
|
|upkeep
|turn|23
|
|t:|1769370950
|switch|p1a: Weezing|Weezing-Galar, M|46/100
|-ability|p1a: Weezing|Neutralizing Gas
|-sideend|p1: shuca nacua|move: Toxic Spikes|[of] p1a: Weezing
|move|p2a: Toxapex|Toxic|p1a: Weezing
|-immune|p1a: Weezing
|
|upkeep
|turn|24
|
|t:|1769370955
|move|p1a: Weezing|Will-O-Wisp|p2a: Toxapex
|-status|p2a: Toxapex|brn
|move|p2a: Toxapex|Toxic Spikes|p1a: Weezing
|-sidestart|p1: shuca nacua|move: Toxic Spikes
|
|-damage|p2a: Toxapex|77/100 brn|[from] brn
|upkeep
|turn|25
|
|t:|1769370962
|switch|p2a: Excadrill|Excadrill, M, shiny|94/100 brn
|move|p1a: Weezing|Defog|p2a: Excadrill
|-unboost|p2a: Excadrill|evasion|1
|-sideend|p1: shuca nacua|Toxic Spikes|[from] move: Defog|[of] p1a: Weezing
|
|-heal|p2a: Excadrill|99/100 brn|[from] item: Leftovers
|-damage|p2a: Excadrill|94/100 brn|[from] brn
|upkeep
|turn|26
|
|t:|1769370976
|switch|p2a: Toxapex|Toxapex, M, shiny|77/100 brn
|-end|p1a: Weezing|ability: Neutralizing Gas
|switch|p1a: Chesnaught|Chesnaught, F|74/100
|
|-damage|p2a: Toxapex|71/100 brn|[from] brn
|upkeep
|turn|27
|
|t:|1769370984
|switch|p1a: Gholdengo|Gholdengo|100/100
|move|p2a: Toxapex|Toxic Spikes|p1a: Gholdengo
|-sidestart|p1: shuca nacua|move: Toxic Spikes
|
|-damage|p2a: Toxapex|66/100 brn|[from] brn
|upkeep
|turn|28
|
|t:|1769370989
|switch|p2a: Tornadus|Tornadus-Therian, M, shiny|100/100
|move|p1a: Gholdengo|Hex|p2a: Tornadus
|-damage|p2a: Tornadus|63/100
|
|upkeep
|turn|29
|
|t:|1769371004
|move|p2a: Tornadus|Grass Knot|p1a: Gholdengo
|-resisted|p1a: Gholdengo
|-damage|p1a: Gholdengo|91/100
|move|p1a: Gholdengo|Thunder Wave|p2a: Tornadus
|-status|p2a: Tornadus|par
|
|-heal|p1a: Gholdengo|97/100|[from] item: Leftovers
|upkeep
|turn|30
|
|t:|1769371014
|switch|p2a: Iron Valiant|Iron Valiant, shiny|80/100
|move|p1a: Gholdengo|Hex|p2a: Iron Valiant
|-damage|p2a: Iron Valiant|33/100
|
|-heal|p1a: Gholdengo|100/100|[from] item: Leftovers
|upkeep
|turn|31
|
|t:|1769371025
|move|p2a: Iron Valiant|Shadow Ball|p1a: Gholdengo
|-supereffective|p1a: Gholdengo
|-damage|p1a: Gholdengo|25/100
|move|p1a: Gholdengo|Hex|p2a: Iron Valiant
|-damage|p2a: Iron Valiant|0 fnt
|faint|p2a: Iron Valiant
|-end|p2a: Iron Valiant|Quark Drive|[silent]
|
|-heal|p1a: Gholdengo|31/100|[from] item: Leftovers
|upkeep
|
|t:|1769371035
|switch|p2a: Excadrill|Excadrill, M, shiny|94/100 brn
|turn|32
|
|t:|1769371043
|switch|p1a: Weezing|Weezing-Galar, M|46/100
|-ability|p1a: Weezing|Neutralizing Gas
|-sideend|p1: shuca nacua|move: Toxic Spikes|[of] p1a: Weezing
|move|p2a: Excadrill|Earthquake|p1a: Weezing
|-supereffective|p1a: Weezing
|-damage|p1a: Weezing|0 fnt
|faint|p1a: Weezing
|-end|p1a: Weezing|ability: Neutralizing Gas
|
|-heal|p2a: Excadrill|99/100 brn|[from] item: Leftovers
|-damage|p2a: Excadrill|94/100 brn|[from] brn
|upkeep
|
|t:|1769371048
|switch|p1a: Dragonite|Dragonite, F|100/100
|turn|33
|
|t:|1769371056
|switch|p2a: Toxapex|Toxapex, M, shiny|99/100 brn
|move|p1a: Dragonite|Dragon Dance|p1a: Dragonite
|-boost|p1a: Dragonite|atk|1
|-boost|p1a: Dragonite|spe|1
|
|-damage|p2a: Toxapex|93/100 brn|[from] brn
|upkeep
|turn|34
|
|t:|1769371069
|move|p1a: Dragonite|Earthquake|p2a: Toxapex
|-supereffective|p2a: Toxapex
|-damage|p2a: Toxapex|16/100 brn
|move|p2a: Toxapex|Toxic|p1a: Dragonite
|-status|p1a: Dragonite|tox
|
|-damage|p1a: Dragonite|94/100 tox|[from] psn
|-damage|p2a: Toxapex|10/100 brn|[from] brn
|upkeep
|turn|35
|
|t:|1769371077
|switch|p2a: Tornadus|Tornadus-Therian, M, shiny|96/100 par
|move|p1a: Dragonite|Dragon Dance|p1a: Dragonite
|-boost|p1a: Dragonite|atk|1
|-boost|p1a: Dragonite|spe|1
|
|-damage|p1a: Dragonite|82/100 tox|[from] psn
|upkeep
|turn|36
|
|t:|1769371088
|move|p1a: Dragonite|Dragon Dance|p1a: Dragonite
|-boost|p1a: Dragonite|atk|1
|-boost|p1a: Dragonite|spe|1
|move|p2a: Tornadus|Bleakwind Storm|p1a: Dragonite
|-damage|p1a: Dragonite|33/100 tox
|
|-damage|p1a: Dragonite|14/100 tox|[from] psn
|upkeep
|turn|37
|
|t:|1769371123
|switch|p2a: Excadrill|Excadrill, M, shiny|94/100 brn
|move|p1a: Dragonite|Extreme Speed|p2a: Excadrill
|-resisted|p2a: Excadrill
|-crit|p2a: Excadrill
|-damage|p2a: Excadrill|13/100 brn
|
|-heal|p2a: Excadrill|19/100 brn|[from] item: Leftovers
|-damage|p1a: Dragonite|0 fnt|[from] psn
|faint|p1a: Dragonite
|-damage|p2a: Excadrill|13/100 brn|[from] brn
|upkeep
|
|t:|1769371132
|switch|p1a: Garganacl|Garganacl, F|67/100
|turn|38
|
|t:|1769371138
|move|p2a: Excadrill|Earthquake|p1a: Garganacl
|-supereffective|p1a: Garganacl
|-damage|p1a: Garganacl|27/100
|move|p1a: Garganacl|Stealth Rock|p2a: Excadrill
|-sidestart|p2: NoobishTrainerJoe|move: Stealth Rock
|
|-heal|p2a: Excadrill|19/100 brn|[from] item: Leftovers
|-heal|p1a: Garganacl|33/100|[from] item: Leftovers
|-damage|p2a: Excadrill|13/100 brn|[from] brn
|upkeep
|turn|39
|inactive|NoobishTrainerJoe has 120 seconds left.
|
|t:|1769371180
|switch|p2a: Ogerpon|Ogerpon-Cornerstone, F|41/100
|-damage|p2a: Ogerpon|29/100|[from] Stealth Rock
|move|p1a: Garganacl|Protect||[still]
|-fail|p1a: Garganacl
|
|-heal|p1a: Garganacl|39/100|[from] item: Leftovers
|upkeep
|turn|40
|
|t:|1769371189
|switch|p1a: Chesnaught|Chesnaught, F|74/100
|move|p2a: Ogerpon|Power Whip|p1a: Chesnaught
|-resisted|p1a: Chesnaught
|-damage|p1a: Chesnaught|52/100
|
|upkeep
|turn|41
|inactive|NoobishTrainerJoe has 120 seconds left.
|
|t:|1769371207
|switch|p2a: Tornadus|Tornadus-Therian, M, shiny|100/100 par
|-damage|p2a: Tornadus|76/100 par|[from] Stealth Rock
|move|p1a: Chesnaught|Synthesis|p1a: Chesnaught
|-heal|p1a: Chesnaught|100/100
|
|upkeep
|turn|42
|
|t:|1769371227
|switch|p1a: Araquanid|Araquanid, M|28/100
|cant|p2a: Tornadus|par
|
|upkeep
|turn|43
|
|t:|1769371232
|move|p2a: Tornadus|Bleakwind Storm|p1a: Araquanid|[miss]
|-miss|p2a: Tornadus|p1a: Araquanid
|move|p1a: Araquanid|Liquidation|p2a: Tornadus
|-damage|p2a: Tornadus|0 fnt
|faint|p2a: Tornadus
|
|upkeep
|
|t:|1769371239
|switch|p2a: Excadrill|Excadrill, M, shiny|13/100 brn
|-damage|p2a: Excadrill|10/100 brn|[from] Stealth Rock
|turn|44
|
|t:|1769371244
|move|p2a: Excadrill|Rapid Spin|p1a: Araquanid
|-crit|p1a: Araquanid
|-damage|p1a: Araquanid|13/100
|-boost|p2a: Excadrill|spe|1
|-sideend|p2: NoobishTrainerJoe|Stealth Rock|[from] move: Rapid Spin|[of] p2a: Excadrill
|move|p1a: Araquanid|Liquidation|p2a: Excadrill
|-supereffective|p2a: Excadrill
|-crit|p2a: Excadrill
|-damage|p2a: Excadrill|0 fnt
|faint|p2a: Excadrill
|
|upkeep
|
|t:|1769371254
|switch|p2a: Toxapex|Toxapex, M, shiny|44/100 brn
|turn|45
|
|t:|1769371258
|move|p1a: Araquanid|Liquidation|p2a: Toxapex
|-resisted|p2a: Toxapex
|-damage|p2a: Toxapex|20/100 brn
|move|p2a: Toxapex|Recover|p2a: Toxapex
|-heal|p2a: Toxapex|70/100 brn
|
|-damage|p2a: Toxapex|65/100 brn|[from] brn
|upkeep
|turn|46
|
|t:|1769371264
|move|p1a: Araquanid|Endeavor|p2a: Toxapex
|-damage|p2a: Toxapex|14/100 brn
|move|p2a: Toxapex|Toxic Spikes|p1a: Araquanid
|-sidestart|p1: shuca nacua|move: Toxic Spikes
|
|-damage|p2a: Toxapex|8/100 brn|[from] brn
|upkeep
|turn|47
|
|t:|1769371268
|move|p1a: Araquanid|Endeavor|p2a: Toxapex
|-immune|p2a: Toxapex
|move|p2a: Toxapex|Recover|p2a: Toxapex
|-heal|p2a: Toxapex|59/100 brn
|
|-damage|p2a: Toxapex|53/100 brn|[from] brn
|upkeep
|turn|48
|
|t:|1769371276
|switch|p2a: Ogerpon|Ogerpon-Cornerstone, F|29/100
|move|p1a: Araquanid|Endeavor|p2a: Ogerpon
|-damage|p2a: Ogerpon|14/100
|
|upkeep
|turn|49
|
|t:|1769371285
|move|p2a: Ogerpon|Ivy Cudgel|p1a: Araquanid|[anim] Ivy Cudgel Rock
|-supereffective|p1a: Araquanid
|-damage|p1a: Araquanid|0 fnt
|faint|p1a: Araquanid
|
|upkeep
|
|t:|1769371295
|switch|p1a: Chesnaught|Chesnaught, F|100/100
|-status|p1a: Chesnaught|psn
|turn|50
|
|t:|1769371302
|switch|p2a: Toxapex|Toxapex, M, shiny|86/100 brn
|switch|p1a: Gholdengo|Gholdengo|31/100
|
|-heal|p1a: Gholdengo|38/100|[from] item: Leftovers
|-damage|p2a: Toxapex|80/100 brn|[from] brn
|upkeep
|turn|51
|
|t:|1769371315
|switch|p2a: Ogerpon|Ogerpon-Cornerstone, F|14/100
|move|p1a: Gholdengo|Recover|p1a: Gholdengo
|-heal|p1a: Gholdengo|88/100
|
|-heal|p1a: Gholdengo|94/100|[from] item: Leftovers
|upkeep
|turn|52
|
|t:|1769371321
|move|p2a: Ogerpon|Knock Off|p1a: Gholdengo
|-supereffective|p1a: Gholdengo
|-damage|p1a: Gholdengo|36/100
|-enditem|p1a: Gholdengo|Leftovers|[from] move: Knock Off|[of] p2a: Ogerpon
|move|p1a: Gholdengo|Hex|p2a: Ogerpon
|-damage|p2a: Ogerpon|0 fnt
|faint|p2a: Ogerpon
|
|upkeep
|-message|NoobishTrainerJoe forfeited.
|
|win|shuca nacua
|raw|shuca nacua's rating: 1550 &rarr; <strong>1575</strong><br />(+25 for winning)
|raw|NoobishTrainerJoe's rating: 1645 &rarr; <strong>1620</strong><br />(-25 for losing)
|c|☆shuca nacua|gg wp
|l|☆shuca nacua
|player|p1|
