|j|☆UnusedPrism
|j|☆soxelcs
|t:|1769367856
|gametype|singles
|player|p1|UnusedPrism|nate|
|player|p2|soxelcs|blue|
|gen|9
|tier|[Gen 9] OU
|rule|HP Percentage Mod: HP is shown in percentages
|rule|Endless Battle Clause: Forcing endless battles is banned
|rule|Species Clause: Limit one of each Pokémon
|rule|OHKO Clause: OHKO moves are banned
|rule|Evasion Items Clause: Evasion items are banned
|rule|Evasion Moves Clause: Evasion moves are banned
|rule|Evasion Abilities Clause: Evasion abilities are banned
|rule|Sleep Moves Clause: Sleep-inducing moves are banned
|clearpoke
|poke|p1|Hydrapple, M|
|poke|p1|Tyranitar, F|
|poke|p1|Moltres|
|poke|p1|Zamazenta-*|
|poke|p1|Slowking-Galar, M|
|poke|p1|Excadrill, F|
|poke|p2|Araquanid, F|
|poke|p2|Great Tusk|
|poke|p2|Enamorus, F|
|poke|p2|Glimmora, F|
|poke|p2|Gholdengo|
|poke|p2|Dragonite, M|
|teampreview
|c|☆UnusedPrism|suerte
|inactive|Battle timer is ON: inactive players will automatically lose when time's up. (requested by soxelcs)
|
|t:|1769367882
|teamsize|p1|6
|teamsize|p2|6
|start
|switch|p1a: Zamazenta|Zamazenta|100/100
|switch|p2a: Araquanid|Araquanid, F, shiny|100/100
|-ability|p1a: Zamazenta|Dauntless Shield|boost
|-boost|p1a: Zamazenta|def|1
|turn|1
|
|t:|1769367891
|move|p2a: Araquanid|Sticky Web|p1a: Zamazenta
|-sidestart|p1: UnusedPrism|move: Sticky Web
|move|p1a: Zamazenta|Roar|p2a: Araquanid
|drag|p2a: Enamorus|Enamorus, F|100/100
|
|upkeep
|turn|2
|
|t:|1769367899
|switch|p1a: Moltres|Moltres|100/100
|move|p2a: Enamorus|Moonblast|p1a: Moltres
|-resisted|p1a: Moltres
|-damage|p1a: Moltres|63/100
|
|upkeep
|turn|3
|
|t:|1769367909
|switch|p2a: Glimmora|Glimmora, F, shiny|100/100
|move|p1a: Moltres|Roost|p1a: Moltres
|-heal|p1a: Moltres|100/100
|-singleturn|p1a: Moltres|move: Roost
|
|upkeep
|turn|4
|
|t:|1769367925
|switch|p1a: Excadrill|Excadrill, F|100/100
|-item|p1a: Excadrill|Air Balloon
|move|p2a: Glimmora|Stealth Rock|p1a: Excadrill
|-sidestart|p1: UnusedPrism|move: Stealth Rock
|
|upkeep
|turn|5
|
|t:|1769367935
|switch|p2a: Araquanid|Araquanid, F, shiny|100/100
|move|p1a: Excadrill|Iron Head|p2a: Araquanid
|-resisted|p2a: Araquanid
|-damage|p2a: Araquanid|80/100
|-enditem|p2a: Araquanid|Red Card|[of] p1a: Excadrill
|drag|p1a: Slowking|Slowking-Galar, M|100/100
|-activate|p1a: Slowking|move: Sticky Web
|-unboost|p1a: Slowking|spe|1
|-damage|p1a: Slowking|88/100|[from] Stealth Rock
|
|upkeep
|turn|6
|
|t:|1769367945
|switch|p1a: Hydrapple|Hydrapple, M|100/100
|move|p2a: Araquanid|Lunge|p1a: Hydrapple
|-supereffective|p1a: Hydrapple
|-damage|p1a: Hydrapple|75/100
|-unboost|p1a: Hydrapple|atk|1
|
|upkeep
|turn|7
|
|t:|1769367955
|move|p1a: Hydrapple|Fickle Beam|p2a: Araquanid
|-damage|p2a: Araquanid|58/100
|move|p2a: Araquanid|Lunge|p1a: Hydrapple
|-supereffective|p1a: Hydrapple
|-damage|p1a: Hydrapple|50/100
|-unboost|p1a: Hydrapple|atk|1
|
|upkeep
|turn|8
|
|t:|1769367963
|move|p1a: Hydrapple|Giga Drain|p2a: Araquanid
|-damage|p2a: Araquanid|36/100
|-heal|p1a: Hydrapple|59/100|[from] drain|[of] p2a: Araquanid
|move|p2a: Araquanid|Endeavor|p1a: Hydrapple
|-damage|p1a: Hydrapple|30/100
|
|upkeep
|turn|9
|
|t:|1769367978
|move|p1a: Hydrapple|Nasty Plot|p1a: Hydrapple
|-boost|p1a: Hydrapple|spa|2
|move|p2a: Araquanid|Endeavor|p1a: Hydrapple
|-immune|p1a: Hydrapple
|
|upkeep
|turn|10
|
|t:|1769367984
|move|p1a: Hydrapple|Giga Drain|p2a: Araquanid
|-damage|p2a: Araquanid|0 fnt
|-heal|p1a: Hydrapple|45/100|[from] drain|[of] p2a: Araquanid
|faint|p2a: Araquanid
|
|upkeep
|
|t:|1769367999
|switch|p2a: Enamorus|Enamorus, F|100/100
|turn|11
|
|t:|1769368018
|switch|p1a: Moltres|Moltres|100/100
|move|p2a: Enamorus|Moonblast|p1a: Moltres
|-resisted|p1a: Moltres
|-damage|p1a: Moltres|60/100
|-unboost|p1a: Moltres|spa|1
|
|upkeep
|turn|12
|
|t:|1769368028
|move|p2a: Enamorus|Moonblast|p1a: Moltres
|-resisted|p1a: Moltres
|-damage|p1a: Moltres|17/100
|move|p1a: Moltres|U-turn|p2a: Enamorus
|-resisted|p2a: Enamorus
|-damage|p2a: Enamorus|95/100
|
|t:|1769368040
|switch|p1a: Excadrill|Excadrill, F|100/100|[from] U-turn
|-damage|p1a: Excadrill|97/100|[from] Stealth Rock
|-item|p1a: Excadrill|Air Balloon
|
|upkeep
|turn|13
|
|t:|1769368047
|switch|p2a: Great Tusk|Great Tusk, shiny|100/100
|-enditem|p2a: Great Tusk|Booster Energy
|-activate|p2a: Great Tusk|ability: Protosynthesis|[fromitem]
|-start|p2a: Great Tusk|protosynthesisatk
|move|p1a: Excadrill|Rapid Spin|p2a: Great Tusk
|-damage|p2a: Great Tusk|87/100
|-boost|p1a: Excadrill|spe|1
|-sideend|p1: UnusedPrism|Stealth Rock|[from] move: Rapid Spin|[of] p1a: Excadrill
|-sideend|p1: UnusedPrism|Sticky Web|[from] move: Rapid Spin|[of] p1a: Excadrill
|
|upkeep
|turn|14
|inactive|UnusedPrism has 270 seconds left.
|
|t:|1769368080
|switch|p1a: Zamazenta|Zamazenta|100/100
|move|p2a: Great Tusk|Rapid Spin|p1a: Zamazenta
|-damage|p1a: Zamazenta|83/100
|-boost|p2a: Great Tusk|spe|1
|
|-heal|p1a: Zamazenta|89/100|[from] item: Leftovers
|upkeep
|turn|15
|
|t:|1769368092
|move|p2a: Great Tusk|Supercell Slam|p1a: Zamazenta
|-damage|p1a: Zamazenta|57/100
|move|p1a: Zamazenta|Iron Defense|p1a: Zamazenta
|-boost|p1a: Zamazenta|def|2
|
|-heal|p1a: Zamazenta|63/100|[from] item: Leftovers
|upkeep
|turn|16
|
|t:|1769368101
|-end|p2a: Great Tusk|Protosynthesis|[silent]
|switch|p2a: Glimmora|Glimmora, F, shiny|100/100
|move|p1a: Zamazenta|Body Press|p2a: Glimmora
|-damage|p2a: Glimmora|11/100
|-activate|p2a: Glimmora|ability: Toxic Debris
|-sidestart|p1: UnusedPrism|move: Toxic Spikes
|
|-heal|p1a: Zamazenta|69/100|[from] item: Leftovers
|upkeep
|turn|17
|
|t:|1769368110
|move|p1a: Zamazenta|Body Press|p2a: Glimmora
|-damage|p2a: Glimmora|0 fnt
|-activate|p2a: Glimmora|ability: Toxic Debris
|-sidestart|p1: UnusedPrism|move: Toxic Spikes
|faint|p2a: Glimmora
|
|-heal|p1a: Zamazenta|76/100|[from] item: Leftovers
|upkeep
|
|t:|1769368124
|switch|p2a: Gholdengo|Gholdengo, shiny|100/100
|-item|p2a: Gholdengo|Air Balloon
|turn|18
|
|t:|1769368133
|move|p1a: Zamazenta|Crunch|p2a: Gholdengo
|-supereffective|p2a: Gholdengo
|-damage|p2a: Gholdengo|50/100
|-enditem|p2a: Gholdengo|Air Balloon
|move|p2a: Gholdengo|Dazzling Gleam|p1a: Zamazenta
|-supereffective|p1a: Zamazenta
|-damage|p1a: Zamazenta|18/100
|
|-heal|p1a: Zamazenta|24/100|[from] item: Leftovers
|upkeep
|turn|19
|
|t:|1769368142
|move|p1a: Zamazenta|Crunch|p2a: Gholdengo
|-supereffective|p2a: Gholdengo
|-damage|p2a: Gholdengo|0 fnt
|faint|p2a: Gholdengo
|
|-heal|p1a: Zamazenta|31/100|[from] item: Leftovers
|upkeep
|
|t:|1769368150
|switch|p2a: Enamorus|Enamorus, F|95/100
|turn|20
|
|t:|1769368157
|move|p1a: Zamazenta|Crunch|p2a: Enamorus
|-resisted|p2a: Enamorus
|-damage|p2a: Enamorus|78/100
|move|p2a: Enamorus|Moonblast|p1a: Zamazenta
|-supereffective|p1a: Zamazenta
|-damage|p1a: Zamazenta|0 fnt
|faint|p1a: Zamazenta
|
|upkeep
|
|t:|1769368172
|switch|p1a: Excadrill|Excadrill, F|97/100
|-item|p1a: Excadrill|Air Balloon
|turn|21
|
|t:|1769368177
|move|p2a: Enamorus|Moonblast|p1a: Excadrill
|-resisted|p1a: Excadrill
|-damage|p1a: Excadrill|43/100
|-enditem|p1a: Excadrill|Air Balloon
|move|p1a: Excadrill|Rapid Spin|p2a: Enamorus
|-damage|p2a: Enamorus|50/100
|-boost|p1a: Excadrill|spe|1
|-sideend|p1: UnusedPrism|Toxic Spikes|[from] move: Rapid Spin|[of] p1a: Excadrill
|
|upkeep
|turn|22
|
|t:|1769368186
|switch|p2a: Great Tusk|Great Tusk, shiny|87/100
|move|p1a: Excadrill|Iron Head|p2a: Great Tusk
|-crit|p2a: Great Tusk
|-damage|p2a: Great Tusk|39/100
|
|upkeep
|turn|23
|
|t:|1769368195
|move|p1a: Excadrill|Earthquake|p2a: Great Tusk
|-damage|p2a: Great Tusk|3/100
|move|p2a: Great Tusk|Headlong Rush|p1a: Excadrill
|-supereffective|p1a: Excadrill
|-damage|p1a: Excadrill|0 fnt
|-unboost|p2a: Great Tusk|def|1
|-unboost|p2a: Great Tusk|spd|1
|faint|p1a: Excadrill
|
|upkeep
|
|t:|1769368213
|switch|p1a: Hydrapple|Hydrapple, M|79/100
|turn|24
|
|t:|1769368220
|move|p2a: Great Tusk|Ice Spinner|p1a: Hydrapple
|-supereffective|p1a: Hydrapple
|-damage|p1a: Hydrapple|14/100
|move|p1a: Hydrapple|Giga Drain|p2a: Great Tusk
|-supereffective|p2a: Great Tusk
|-damage|p2a: Great Tusk|0 fnt
|-heal|p1a: Hydrapple|15/100|[from] drain|[of] p2a: Great Tusk
|faint|p2a: Great Tusk
|-end|p2a: Great Tusk|Protosynthesis|[silent]
|
|upkeep
|
|t:|1769368230
|switch|p2a: Dragonite|Dragonite, M, shiny|100/100
|turn|25
|
|t:|1769368239
|-terastallize|p2a: Dragonite|Fairy
|move|p2a: Dragonite|Tera Blast|p1a: Hydrapple|[anim] Tera Blast Fairy
|-supereffective|p1a: Hydrapple
|-damage|p1a: Hydrapple|0 fnt
|faint|p1a: Hydrapple
|
|upkeep
|
|t:|1769368251
|switch|p1a: Slowking|Slowking-Galar, M|100/100
|turn|26
|
|t:|1769368264
|-terastallize|p1a: Slowking|Grass
|move|p2a: Dragonite|Dragon Dance|p2a: Dragonite
|-boost|p2a: Dragonite|atk|1
|-boost|p2a: Dragonite|spe|1
|move|p1a: Slowking|Sludge Bomb|p2a: Dragonite
|-supereffective|p2a: Dragonite
|-damage|p2a: Dragonite|69/100
|-status|p2a: Dragonite|psn
|
|-heal|p2a: Dragonite|75/100 psn|[from] item: Leftovers
|-damage|p2a: Dragonite|63/100 psn|[from] psn
|upkeep
|turn|27
|
|t:|1769368276
|move|p2a: Dragonite|Tera Blast|p1a: Slowking|[anim] Tera Blast Fairy
|-damage|p1a: Slowking|48/100
|move|p1a: Slowking|Sludge Bomb|p2a: Dragonite
|-supereffective|p2a: Dragonite
|-damage|p2a: Dragonite|4/100 psn
|
|-heal|p2a: Dragonite|10/100 psn|[from] item: Leftovers
|-damage|p2a: Dragonite|0 fnt|[from] psn
|faint|p2a: Dragonite
|upkeep
|
|t:|1769368283
|switch|p2a: Enamorus|Enamorus, F|50/100
|turn|28
|
|t:|1769368287
|move|p2a: Enamorus|Moonblast|p1a: Slowking
|-damage|p1a: Slowking|9/100
|-unboost|p1a: Slowking|spa|1
|move|p1a: Slowking|Sludge Bomb|p2a: Enamorus
|-supereffective|p2a: Enamorus
|-damage|p2a: Enamorus|0 fnt
|faint|p2a: Enamorus
|
|win|UnusedPrism
|l|☆soxelcs
|player|p2|
