|j|☆G0ldenRose
|j|☆Bigblaze04
|t:|1769296020
|gametype|singles
|player|p1|G0ldenRose|richboy|1171
|player|p2|Bigblaze04|marlon|1227
|gen|9
|tier|[Gen 9] OU
|rated|
|rule|HP Percentage Mod: HP is shown in percentages
|rule|Endless Battle Clause: Forcing endless battles is banned
|rule|Species Clause: Limit one of each Pokémon
|rule|OHKO Clause: OHKO moves are banned
|rule|Evasion Items Clause: Evasion items are banned
|rule|Evasion Moves Clause: Evasion moves are banned
|rule|Evasion Abilities Clause: Evasion abilities are banned
|rule|Sleep Moves Clause: Sleep-inducing moves are banned
|clearpoke
|poke|p1|Clodsire, F|
|poke|p1|Polteageist-Antique|
|poke|p1|Thundurus, M|
|poke|p1|Jirachi|
|poke|p1|Azumarill, M|
|poke|p1|Cyclizar, F|
|poke|p2|Kingambit, F|
|poke|p2|Deoxys-Speed|
|poke|p2|Raging Bolt|
|poke|p2|Tornadus-Therian, M|
|poke|p2|Dragapult, F|
|poke|p2|Great Tusk|
|teampreview
|inactive|Battle timer is ON: inactive players will automatically lose when time's up. (requested by G0ldenRose)
|
|t:|1769296032
|teamsize|p1|6
|teamsize|p2|6
|start
|switch|p1a: Azumarill|Azumarill, M, shiny|100/100
|switch|p2a: Deoxys|Deoxys-Speed|100/100
|-ability|p2a: Deoxys|Pressure
|turn|1
|
|t:|1769296040
|move|p2a: Deoxys|Taunt|p1a: Azumarill
|-start|p1a: Azumarill|move: Taunt
|cant|p1a: Azumarill|move: Taunt|Belly Drum
|
|upkeep
|turn|2
|
|t:|1769296046
|switch|p1a: Clodsire|Clodsire, F, shiny|100/100
|move|p2a: Deoxys|Reflect|p2a: Deoxys
|-sidestart|p2: Bigblaze04|Reflect
|
|upkeep
|turn|3
|
|t:|1769296054
|move|p2a: Deoxys|Taunt|p1a: Clodsire
|-start|p1a: Clodsire|move: Taunt
|cant|p1a: Clodsire|move: Taunt|Toxic
|
|upkeep
|turn|4
|
|t:|1769296061
|move|p2a: Deoxys|Light Screen|p2a: Deoxys
|-sidestart|p2: Bigblaze04|move: Light Screen
|move|p1a: Clodsire|Sludge Bomb|p2a: Deoxys
|-damage|p2a: Deoxys|91/100
|
|upkeep
|turn|5
|
|t:|1769296066
|move|p2a: Deoxys|Psycho Boost|p1a: Clodsire
|-supereffective|p1a: Clodsire
|-damage|p1a: Clodsire|44/100
|-unboost|p2a: Deoxys|spa|2
|move|p1a: Clodsire|Sludge Bomb|p2a: Deoxys
|-damage|p2a: Deoxys|80/100
|
|-heal|p1a: Clodsire|51/100|[from] item: Leftovers
|-end|p1a: Clodsire|move: Taunt
|upkeep
|turn|6
|
|t:|1769296082
|move|p2a: Deoxys|Taunt|p1a: Clodsire
|-start|p1a: Clodsire|move: Taunt
|cant|p1a: Clodsire|move: Taunt|Recover
|
|-heal|p1a: Clodsire|57/100|[from] item: Leftovers
|upkeep
|turn|7
|
|t:|1769296095
|move|p2a: Deoxys|Psycho Boost|p1a: Clodsire
|-supereffective|p1a: Clodsire
|-damage|p1a: Clodsire|29/100
|-unboost|p2a: Deoxys|spa|2
|move|p1a: Clodsire|Sludge Bomb|p2a: Deoxys
|-damage|p2a: Deoxys|69/100
|
|-heal|p1a: Clodsire|35/100|[from] item: Leftovers
|upkeep
|turn|8
|
|t:|1769296113
|switch|p2a: Great Tusk|Great Tusk|100/100
|switch|p1a: Azumarill|Azumarill, M, shiny|100/100
|
|upkeep
|turn|9
|
|t:|1769296126
|-terastallize|p2a: Great Tusk|Ground
|move|p2a: Great Tusk|Earthquake|p1a: Azumarill
|-damage|p1a: Azumarill|31/100
|-enditem|p1a: Azumarill|Sitrus Berry|[eat]
|-heal|p1a: Azumarill|56/100|[from] item: Sitrus Berry
|move|p1a: Azumarill|Belly Drum|p1a: Azumarill
|-damage|p1a: Azumarill|6/100
|-setboost|p1a: Azumarill|atk|6|[from] move: Belly Drum
|
|-sideend|p2: Bigblaze04|Reflect
|upkeep
|turn|10
|
|t:|1769296136
|move|p1a: Azumarill|Aqua Jet|p2a: Great Tusk
|-supereffective|p2a: Great Tusk
|-damage|p2a: Great Tusk|0 fnt
|-damage|p1a: Azumarill|0 fnt|[from] item: Rocky Helmet|[of] p2a: Great Tusk
|faint|p2a: Great Tusk
|-end|p2a: Great Tusk|Protosynthesis|[silent]
|faint|p1a: Azumarill
|
|upkeep
|
|t:|1769296160
|switch|p2a: Tornadus|Tornadus-Therian, M|100/100
|switch|p1a: Cyclizar|Cyclizar, F, shiny|100/100
|turn|11
|
|t:|1769296167
|move|p1a: Cyclizar|Shift Gear|p1a: Cyclizar
|-boost|p1a: Cyclizar|spe|2
|-boost|p1a: Cyclizar|atk|1
|move|p2a: Tornadus|Bleakwind Storm|p1a: Cyclizar|[miss]
|-miss|p2a: Tornadus|p1a: Cyclizar
|
|-sideend|p2: Bigblaze04|move: Light Screen
|upkeep
|turn|12
|
|t:|1769296179
|move|p1a: Cyclizar|Dragon Claw|p2a: Tornadus
|-damage|p2a: Tornadus|55/100
|move|p2a: Tornadus|Bleakwind Storm|p1a: Cyclizar
|-damage|p1a: Cyclizar|29/100
|
|upkeep
|turn|13
|
|t:|1769296186
|move|p1a: Cyclizar|Double-Edge|p2a: Tornadus
|-damage|p2a: Tornadus|0 fnt
|faint|p2a: Tornadus
|-damage|p1a: Cyclizar|10/100|[from] Recoil
|
|upkeep
|
|t:|1769296193
|switch|p2a: Raging Bolt|Raging Bolt|100/100
|-enditem|p2a: Raging Bolt|Booster Energy
|-activate|p2a: Raging Bolt|ability: Protosynthesis|[fromitem]
|-start|p2a: Raging Bolt|protosynthesisspa
|turn|14
|
|t:|1769296199
|move|p2a: Raging Bolt|Thunderclap||[still]
|-fail|p2a: Raging Bolt
|move|p1a: Cyclizar|Shift Gear|p1a: Cyclizar
|-boost|p1a: Cyclizar|spe|2
|-boost|p1a: Cyclizar|atk|1
|
|upkeep
|turn|15
|
|t:|1769296206
|move|p1a: Cyclizar|Shift Gear|p1a: Cyclizar
|-boost|p1a: Cyclizar|spe|2
|-boost|p1a: Cyclizar|atk|1
|move|p2a: Raging Bolt|Calm Mind|p2a: Raging Bolt
|-boost|p2a: Raging Bolt|spa|1
|-boost|p2a: Raging Bolt|spd|1
|
|upkeep
|turn|16
|
|t:|1769296212
|move|p2a: Raging Bolt|Thunderclap|p1a: Cyclizar
|-resisted|p1a: Cyclizar
|-damage|p1a: Cyclizar|0 fnt
|faint|p1a: Cyclizar
|
|upkeep
|
|t:|1769296220
|switch|p1a: Clodsire|Clodsire, F, shiny|35/100
|turn|17
|
|t:|1769296224
|move|p2a: Raging Bolt|Dragon Pulse|p1a: Clodsire
|-damage|p1a: Clodsire|0 fnt
|faint|p1a: Clodsire
|
|upkeep
|
|t:|1769296232
|switch|p1a: Jirachi|Jirachi, shiny|100/100
|turn|18
|
|t:|1769296237
|move|p1a: Jirachi|Iron Head|p2a: Raging Bolt
|-resisted|p2a: Raging Bolt
|-crit|p2a: Raging Bolt
|-damage|p2a: Raging Bolt|74/100
|cant|p2a: Raging Bolt|flinch
|
|upkeep
|turn|19
|
|t:|1769296243
|move|p1a: Jirachi|Iron Head|p2a: Raging Bolt
|-resisted|p2a: Raging Bolt
|-damage|p2a: Raging Bolt|58/100
|cant|p2a: Raging Bolt|flinch
|
|upkeep
|turn|20
|
|t:|1769296253
|-terastallize|p1a: Jirachi|Steel
|move|p1a: Jirachi|Iron Head|p2a: Raging Bolt
|-resisted|p2a: Raging Bolt
|-damage|p2a: Raging Bolt|35/100
|cant|p2a: Raging Bolt|flinch
|
|upkeep
|turn|21
|
|t:|1769296258
|move|p1a: Jirachi|Iron Head|p2a: Raging Bolt
|-resisted|p2a: Raging Bolt
|-crit|p2a: Raging Bolt
|-damage|p2a: Raging Bolt|3/100
|cant|p2a: Raging Bolt|flinch
|
|upkeep
|turn|22
|
|t:|1769296264
|move|p1a: Jirachi|Iron Head|p2a: Raging Bolt
|-resisted|p2a: Raging Bolt
|-damage|p2a: Raging Bolt|0 fnt
|faint|p2a: Raging Bolt
|-end|p2a: Raging Bolt|Protosynthesis|[silent]
|
|upkeep
|
|t:|1769296274
|switch|p2a: Dragapult|Dragapult, F|100/100
|turn|23
|
|t:|1769296277
|move|p1a: Jirachi|Iron Head|p2a: Dragapult
|-damage|p2a: Dragapult|32/100
|cant|p2a: Dragapult|flinch
|
|upkeep
|turn|24
|
|t:|1769296281
|move|p1a: Jirachi|Iron Head|p2a: Dragapult
|-damage|p2a: Dragapult|0 fnt
|faint|p2a: Dragapult
|
|upkeep
|
|t:|1769296288
|switch|p2a: Deoxys|Deoxys-Speed|69/100
|-ability|p2a: Deoxys|Pressure
|turn|25
|
|t:|1769296294
|move|p1a: Jirachi|Iron Head|p2a: Deoxys
|-damage|p2a: Deoxys|11/100
|cant|p2a: Deoxys|flinch
|
|upkeep
|turn|26
|
|t:|1769296298
|move|p1a: Jirachi|Iron Head|p2a: Deoxys
|-damage|p2a: Deoxys|0 fnt
|faint|p2a: Deoxys
|
|upkeep
|
|t:|1769296300
|switch|p2a: Kingambit|Kingambit, F|100/100
|-activate|p2a: Kingambit|ability: Supreme Overlord
|-start|p2a: Kingambit|fallen5|[silent]
|turn|27
|
|t:|1769296306
|switch|p1a: Thundurus|Thundurus, M|100/100
|move|p2a: Kingambit|Swords Dance|p2a: Kingambit
|-boost|p2a: Kingambit|atk|2
|
|upkeep
|turn|28
|
|t:|1769296312
|move|p1a: Thundurus|Thunder Wave|p2a: Kingambit
|-hint|Since gen 7, Dark is immune to Prankster moves.
|-immune|p2a: Kingambit
|move|p2a: Kingambit|Sucker Punch||[still]
|-fail|p2a: Kingambit
|
|upkeep
|turn|29
|
|t:|1769296320
|move|p1a: Thundurus|Substitute|p1a: Thundurus
|-start|p1a: Thundurus|Substitute
|-damage|p1a: Thundurus|76/100
|move|p2a: Kingambit|Swords Dance|p2a: Kingambit
|-boost|p2a: Kingambit|atk|2
|
|-heal|p1a: Thundurus|82/100|[from] item: Leftovers
|upkeep
|turn|30
|
|t:|1769296328
|move|p1a: Thundurus|Wildbolt Storm|p2a: Kingambit
|-damage|p2a: Kingambit|44/100
|move|p2a: Kingambit|Iron Head|p1a: Thundurus
|-resisted|p1a: Thundurus
|-end|p1a: Thundurus|Substitute
|
|-heal|p1a: Thundurus|88/100|[from] item: Leftovers
|upkeep
|turn|31
|
|t:|1769296336
|move|p1a: Thundurus|Substitute|p1a: Thundurus
|-start|p1a: Thundurus|Substitute
|-damage|p1a: Thundurus|63/100
|move|p2a: Kingambit|Iron Head|p1a: Thundurus
|-resisted|p1a: Thundurus
|-end|p1a: Thundurus|Substitute
|
|-heal|p1a: Thundurus|69/100|[from] item: Leftovers
|upkeep
|turn|32
|
|t:|1769296345
|move|p2a: Kingambit|Sucker Punch|p1a: Thundurus
|-damage|p1a: Thundurus|0 fnt
|faint|p1a: Thundurus
|
|upkeep
|
|t:|1769296360
|switch|p1a: Polteageist|Polteageist-Antique|100/100
|turn|33
|
|t:|1769296363
|move|p2a: Kingambit|Iron Head|p1a: Polteageist
|-enditem|p1a: Polteageist|Focus Sash
|-damage|p1a: Polteageist|1/100
|-ability|p1a: Polteageist|Weak Armor|boost
|-unboost|p1a: Polteageist|def|1
|-boost|p1a: Polteageist|spe|2
|cant|p1a: Polteageist|flinch
|
|upkeep
|turn|34
|
|t:|1769296374
|move|p1a: Polteageist|Nasty Plot|p1a: Polteageist
|-boost|p1a: Polteageist|spa|2
|move|p2a: Kingambit|Iron Head|p1a: Polteageist
|-damage|p1a: Polteageist|0 fnt
|faint|p1a: Polteageist
|
|upkeep
|
|t:|1769296380
|switch|p1a: Jirachi|Jirachi, shiny, tera:Steel|100/100
|turn|35
|c|☆Bigblaze04|gg
|
|t:|1769296383
|move|p2a: Kingambit|Sucker Punch|p1a: Jirachi
|-damage|p1a: Jirachi|0 fnt
|faint|p1a: Jirachi
|
|win|Bigblaze04
|raw|G0ldenRose's rating: 1171 &rarr; <strong>1150</strong><br />(-21 for losing)
|raw|Bigblaze04's rating: 1227 &rarr; <strong>1248</strong><br />(+21 for winning)
|l|☆G0ldenRose
|player|p1|
