|j|☆Elathin
|j|☆WickedVictory
|t:|1769427614
|gametype|singles
|player|p1|Elathin|266|1237
|player|p2|WickedVictory|giovanni|1225
|gen|9
|tier|[Gen 9] OU
|rated|
|rule|HP Percentage Mod: HP is shown in percentages
|rule|Endless Battle Clause: Forcing endless battles is banned
|rule|Species Clause: Limit one of each Pokémon
|rule|OHKO Clause: OHKO moves are banned
|rule|Evasion Items Clause: Evasion items are banned
|rule|Evasion Moves Clause: Evasion moves are banned
|rule|Evasion Abilities Clause: Evasion abilities are banned
|rule|Sleep Moves Clause: Sleep-inducing moves are banned
|clearpoke
|poke|p1|Gliscor, M|
|poke|p1|Clefable, F|
|poke|p1|Goodra-Hisui, M|
|poke|p1|Ogerpon-Wellspring, F|
|poke|p1|Dragapult, M|
|poke|p1|Cinderace, M|
|poke|p2|Garganacl, F|
|poke|p2|Sudowoodo, L1, M|
|poke|p2|Sylveon, M|
|poke|p2|Cinderace, F|
|poke|p2|Raging Bolt|
|poke|p2|Mandibuzz, F|
|teampreview
|
|t:|1769427619
|teamsize|p1|6
|teamsize|p2|6
|start
|switch|p1a: Skorgro|Gliscor, M|100/100
|switch|p2a: Sudowoodo|Sudowoodo, L1, M|100/100
|turn|1
|
|t:|1769427626
|move|p1a: Skorgro|Protect|p1a: Skorgro
|-singleturn|p1a: Skorgro|Protect
|move|p2a: Sudowoodo|Endeavor|p1a: Skorgro
|-activate|p1a: Skorgro|move: Protect
|
|-status|p1a: Skorgro|tox|[from] item: Toxic Orb
|upkeep
|turn|2
|
|t:|1769427634
|move|p1a: Skorgro|Knock Off|p2a: Sudowoodo
|-ability|p2a: Sudowoodo|Sturdy
|-damage|p2a: Sudowoodo|9/100
|-enditem|p2a: Sudowoodo|Shell Bell|[from] move: Knock Off|[of] p1a: Skorgro
|move|p2a: Sudowoodo|Endeavor|p1a: Skorgro
|-damage|p1a: Skorgro|1/100 tox
|
|-heal|p1a: Skorgro|13/100 tox|[from] ability: Poison Heal
|upkeep
|turn|3
|
|t:|1769427647
|switch|p2a: Mandibuzz|Mandibuzz, F|100/100
|move|p1a: Skorgro|Protect||[still]
|-fail|p1a: Skorgro
|
|-heal|p1a: Skorgro|26/100 tox|[from] ability: Poison Heal
|upkeep
|turn|4
|
|t:|1769427655
|move|p1a: Skorgro|Protect|p1a: Skorgro
|-singleturn|p1a: Skorgro|Protect
|move|p2a: Mandibuzz|Foul Play|p1a: Skorgro
|-activate|p1a: Skorgro|move: Protect
|
|-heal|p1a: Skorgro|38/100 tox|[from] ability: Poison Heal
|upkeep
|turn|5
|
|t:|1769427665
|switch|p1a: Viscogon|Goodra-Hisui, M|100/100
|move|p2a: Mandibuzz|Foul Play|p1a: Viscogon
|-damage|p1a: Viscogon|70/100
|
|upkeep
|turn|6
|
|t:|1769427670
|move|p2a: Mandibuzz|U-turn|p1a: Viscogon
|-resisted|p1a: Viscogon
|-damage|p1a: Viscogon|65/100
|
|t:|1769427688
|switch|p2a: Sylveon|Sylveon, M|100/100|[from] U-turn
|move|p1a: Viscogon|Ice Beam|p2a: Sylveon
|-damage|p2a: Sylveon|80/100
|
|-heal|p2a: Sylveon|86/100|[from] item: Leftovers
|upkeep
|turn|7
|
|t:|1769427696
|move|p1a: Viscogon|Flash Cannon|p2a: Sylveon
|-supereffective|p2a: Sylveon
|-damage|p2a: Sylveon|37/100
|-unboost|p2a: Sylveon|spd|1
|move|p2a: Sylveon|Wish|p2a: Sylveon
|
|-heal|p2a: Sylveon|43/100|[from] item: Leftovers
|upkeep
|turn|8
|
|t:|1769427703
|move|p2a: Sylveon|Protect|p2a: Sylveon
|-singleturn|p2a: Sylveon|Protect
|move|p1a: Viscogon|Flash Cannon|p2a: Sylveon
|-activate|p2a: Sylveon|move: Protect
|
|-heal|p2a: Sylveon|93/100|[from] move: Wish|[wisher] Sylveon
|-heal|p2a: Sylveon|99/100|[from] item: Leftovers
|upkeep
|turn|9
|
|t:|1769427711
|move|p1a: Viscogon|Flash Cannon|p2a: Sylveon
|-supereffective|p2a: Sylveon
|-damage|p2a: Sylveon|21/100
|move|p2a: Sylveon|Hyper Beam|p1a: Viscogon
|-damage|p1a: Viscogon|37/100
|-mustrecharge|p2a: Sylveon
|
|-heal|p2a: Sylveon|27/100|[from] item: Leftovers
|upkeep
|turn|10
|
|t:|1769427719
|cant|p2a: Sylveon|recharge
|move|p1a: Viscogon|Flash Cannon|p2a: Sylveon
|-supereffective|p2a: Sylveon
|-damage|p2a: Sylveon|0 fnt
|faint|p2a: Sylveon
|
|upkeep
|
|t:|1769427731
|switch|p2a: Cinderace|Cinderace, F|100/100
|turn|11
|
|t:|1769427740
|move|p2a: Cinderace|Pyro Ball|p1a: Viscogon
|-damage|p1a: Viscogon|0 fnt
|faint|p1a: Viscogon
|
|upkeep
|
|t:|1769427745
|switch|p1a: Ogerpon|Ogerpon-Wellspring, F|100/100
|turn|12
|
|t:|1769427751
|-terastallize|p1a: Ogerpon|Water
|detailschange|p1a: Ogerpon|Ogerpon-Wellspring-Tera, F, tera:Water
|-ability|p1a: Ogerpon|Embody Aspect (Wellspring)|boost
|-boost|p1a: Ogerpon|spd|1
|move|p2a: Cinderace|U-turn|p1a: Ogerpon
|-start|p2a: Cinderace|typechange|Bug|[from] ability: Libero
|-damage|p1a: Ogerpon|54/100
|
|t:|1769427762
|switch|p2a: Garganacl|Garganacl, F|100/100|[from] U-turn
|move|p1a: Ogerpon|Swords Dance|p1a: Ogerpon
|-boost|p1a: Ogerpon|atk|2
|
|upkeep
|turn|13
|
|t:|1769427771
|move|p2a: Garganacl|Protect|p2a: Garganacl
|-singleturn|p2a: Garganacl|Protect
|move|p1a: Ogerpon|Ivy Cudgel|p2a: Garganacl|[anim] Ivy Cudgel Water
|-activate|p2a: Garganacl|move: Protect
|
|upkeep
|turn|14
|
|t:|1769427777
|move|p1a: Ogerpon|Horn Leech|p2a: Garganacl
|-supereffective|p2a: Garganacl
|-damage|p2a: Garganacl|0 fnt
|-heal|p1a: Ogerpon|100/100|[from] drain|[of] p2a: Garganacl
|faint|p2a: Garganacl
|
|upkeep
|
|t:|1769427798
|switch|p2a: Raging Bolt|Raging Bolt|100/100
|turn|15
|
|t:|1769427800
|move|p1a: Ogerpon|Ivy Cudgel|p2a: Raging Bolt|[anim] Ivy Cudgel Water
|-resisted|p2a: Raging Bolt
|-damage|p2a: Raging Bolt|56/100
|move|p2a: Raging Bolt|Dragon Tail|p1a: Ogerpon
|-damage|p1a: Ogerpon|81/100
|drag|p1a: Liberlo|Cinderace, M|100/100
|
|upkeep
|turn|16
|
|t:|1769427810
|move|p1a: Liberlo|U-turn|p2a: Raging Bolt
|-start|p1a: Liberlo|typechange|Bug|[from] ability: Libero
|-damage|p2a: Raging Bolt|37/100
|
|t:|1769427815
|switch|p1a: Pixi|Clefable, F|100/100|[from] U-turn
|move|p2a: Raging Bolt|Volt Switch|p1a: Pixi
|-damage|p1a: Pixi|78/100
|-message|WickedVictory forfeited.
|
|win|Elathin
|raw|Elathin's rating: 1237 &rarr; <strong>1261</strong><br />(+24 for winning)
|raw|WickedVictory's rating: 1225 &rarr; <strong>1201</strong><br />(-24 for losing)
|l|☆WickedVictory
|player|p2|
|l|☆Elathin
|player|p1|
