|j|☆MegaBaxShots
|j|☆Baboon Jomes
|t:|1769367058
|gametype|singles
|player|p1|MegaBaxShots|265|1412
|player|p2|Baboon Jomes|cheren-masters|1477
|gen|9
|tier|[Gen 9] OU
|rated|
|rule|HP Percentage Mod: HP is shown in percentages
|rule|Endless Battle Clause: Forcing endless battles is banned
|rule|Species Clause: Limit one of each Pokémon
|rule|OHKO Clause: OHKO moves are banned
|rule|Evasion Items Clause: Evasion items are banned
|rule|Evasion Moves Clause: Evasion moves are banned
|rule|Evasion Abilities Clause: Evasion abilities are banned
|rule|Sleep Moves Clause: Sleep-inducing moves are banned
|clearpoke
|poke|p1|Torkoal, M|
|poke|p1|Walking Wake|
|poke|p1|Scizor, F|
|poke|p1|Great Tusk|
|poke|p1|Hatterene, F|
|poke|p1|Venusaur, M|
|poke|p2|Raging Bolt|
|poke|p2|Samurott-Hisui, M|
|poke|p2|Tornadus-Therian, M|
|poke|p2|Great Tusk|
|poke|p2|Iron Crown|
|poke|p2|Kingambit, M|
|teampreview
|inactive|Battle timer is ON: inactive players will automatically lose when time's up. (requested by Baboon Jomes)
|
|t:|1769367080
|teamsize|p1|6
|teamsize|p2|6
|start
|switch|p1a: Scizor|Scizor, F|100/100
|switch|p2a: Klepto|Tornadus-Therian, M|100/100
|turn|1
|
|t:|1769367098
|move|p2a: Klepto|Heat Wave|p1a: Scizor
|-supereffective|p1a: Scizor
|-damage|p1a: Scizor|0 fnt
|faint|p1a: Scizor
|
|upkeep
|
|t:|1769367102
|switch|p1a: Torkoal|Torkoal, M|100/100
|-weather|SunnyDay|[from] ability: Drought|[of] p1a: Torkoal
|turn|2
|
|t:|1769367107
|move|p2a: Klepto|Knock Off|p1a: Torkoal
|-damage|p1a: Torkoal|90/100
|-enditem|p1a: Torkoal|Heat Rock|[from] move: Knock Off|[of] p2a: Klepto
|move|p1a: Torkoal|Stealth Rock|p2a: Klepto
|-sidestart|p2: Baboon Jomes|move: Stealth Rock
|
|-weather|SunnyDay|[upkeep]
|upkeep
|turn|3
|
|t:|1769367116
|switch|p1a: Walking Wake|Walking Wake|100/100
|-activate|p1a: Walking Wake|ability: Protosynthesis
|-start|p1a: Walking Wake|protosynthesisspe
|move|p2a: Klepto|Bleakwind Storm|p1a: Walking Wake
|-damage|p1a: Walking Wake|57/100
|
|-weather|SunnyDay|[upkeep]
|upkeep
|turn|4
|
|t:|1769367143
|-terastallize|p1a: Walking Wake|Water
|move|p1a: Walking Wake|Hydro Steam|p2a: Klepto
|-damage|p2a: Klepto|23/100
|move|p2a: Klepto|Knock Off|p1a: Walking Wake
|-damage|p1a: Walking Wake|36/100
|-enditem|p1a: Walking Wake|Choice Specs|[from] move: Knock Off|[of] p2a: Klepto
|
|-weather|SunnyDay|[upkeep]
|upkeep
|turn|5
|inactive|Baboon Jomes has 120 seconds left.
|
|t:|1769367175
|move|p1a: Walking Wake|Hydro Steam|p2a: Klepto
|-damage|p2a: Klepto|0 fnt
|faint|p2a: Klepto
|
|-weather|SunnyDay|[upkeep]
|upkeep
|
|t:|1769367182
|switch|p2a: Slader|Samurott-Hisui, M|100/100
|-damage|p2a: Slader|88/100|[from] Stealth Rock
|turn|6
|
|t:|1769367187
|move|p1a: Walking Wake|Hydro Steam|p2a: Slader
|-resisted|p2a: Slader
|-damage|p2a: Slader|50/100
|move|p2a: Slader|Ceaseless Edge|p1a: Walking Wake
|-damage|p1a: Walking Wake|0 fnt
|-sidestart|p1: MegaBaxShots|Spikes
|faint|p1a: Walking Wake
|-end|p1a: Walking Wake|Protosynthesis|[silent]
|
|-weather|SunnyDay|[upkeep]
|upkeep
|
|t:|1769367195
|switch|p1a: Venusaur|Venusaur, M|100/100
|-damage|p1a: Venusaur|88/100|[from] Spikes
|turn|7
|inactive|Baboon Jomes has 120 seconds left.
|
|t:|1769367224
|switch|p2a: Nimbus|Raging Bolt|100/100
|-damage|p2a: Nimbus|88/100|[from] Stealth Rock
|-activate|p2a: Nimbus|ability: Protosynthesis
|-start|p2a: Nimbus|protosynthesisspa
|move|p1a: Venusaur|Solar Beam||[still]
|-prepare|p1a: Venusaur|Solar Beam
|-anim|p1a: Venusaur|Solar Beam|p2a: Nimbus
|-resisted|p2a: Nimbus
|-damage|p2a: Nimbus|52/100
|-damage|p1a: Venusaur|78/100|[from] item: Life Orb
|
|-weather|SunnyDay|[upkeep]
|upkeep
|turn|8
|
|t:|1769367240
|move|p1a: Venusaur|Sludge Bomb|p2a: Nimbus
|-damage|p2a: Nimbus|0 fnt
|faint|p2a: Nimbus
|-end|p2a: Nimbus|Protosynthesis|[silent]
|-damage|p1a: Venusaur|68/100|[from] item: Life Orb
|
|-weather|SunnyDay|[upkeep]
|upkeep
|inactive|Baboon Jomes has 90 seconds left.
|
|t:|1769367258
|switch|p2a: Helios|Iron Crown|100/100
|-damage|p2a: Helios|94/100|[from] Stealth Rock
|turn|9
|
|t:|1769367262
|-end|p2a: Helios|Quark Drive|[silent]
|switch|p2a: Slader|Samurott-Hisui, M|50/100
|-damage|p2a: Slader|38/100|[from] Stealth Rock
|move|p1a: Venusaur|Weather Ball|p2a: Slader
|-resisted|p2a: Slader
|-damage|p2a: Slader|8/100
|-damage|p1a: Venusaur|58/100|[from] item: Life Orb
|
|-weather|none
|upkeep
|turn|10
|
|t:|1769367273
|switch|p1a: Torkoal|Torkoal, M|90/100
|-damage|p1a: Torkoal|77/100|[from] Spikes
|-weather|SunnyDay|[from] ability: Drought|[of] p1a: Torkoal
|move|p2a: Slader|Ceaseless Edge|p1a: Torkoal
|-crit|p1a: Torkoal
|-damage|p1a: Torkoal|35/100
|-sidestart|p1: MegaBaxShots|Spikes
|
|-weather|SunnyDay|[upkeep]
|upkeep
|turn|11
|
|t:|1769367285
|move|p2a: Slader|Razor Shell|p1a: Torkoal
|-supereffective|p1a: Torkoal
|-damage|p1a: Torkoal|2/100
|move|p1a: Torkoal|Rapid Spin|p2a: Slader
|-damage|p2a: Slader|0 fnt
|-boost|p1a: Torkoal|spe|1
|-sideend|p1: MegaBaxShots|Spikes|[from] move: Rapid Spin|[of] p1a: Torkoal
|faint|p2a: Slader
|
|-weather|SunnyDay|[upkeep]
|upkeep
|
|t:|1769367290
|switch|p2a: Schnoz|Great Tusk|100/100
|-damage|p2a: Schnoz|98/100|[from] Stealth Rock
|-activate|p2a: Schnoz|ability: Protosynthesis
|-start|p2a: Schnoz|protosynthesisatk
|turn|12
|
|t:|1769367298
|switch|p1a: Hatterene|Hatterene, F|100/100
|move|p2a: Schnoz|Rapid Spin|p1a: Hatterene
|-damage|p1a: Hatterene|76/100
|-boost|p2a: Schnoz|spe|1
|-sideend|p2: Baboon Jomes|Stealth Rock|[from] move: Rapid Spin|[of] p2a: Schnoz
|
|-weather|SunnyDay|[upkeep]
|upkeep
|turn|13
|inactive|Baboon Jomes has 120 seconds left.
|
|t:|1769367313
|-end|p2a: Schnoz|Protosynthesis|[silent]
|switch|p2a: Omniman|Kingambit, M|100/100
|-activate|p2a: Omniman|ability: Supreme Overlord
|-start|p2a: Omniman|fallen3|[silent]
|move|p1a: Hatterene|Draining Kiss|p2a: Omniman
|-damage|p2a: Omniman|71/100
|-heal|p1a: Hatterene|100/100|[from] drain|[of] p2a: Omniman
|
|-weather|SunnyDay|[upkeep]
|upkeep
|turn|14
|inactive|Baboon Jomes has 120 seconds left.
|
|t:|1769367329
|move|p2a: Omniman|Iron Head|p1a: Hatterene
|-supereffective|p1a: Hatterene
|-damage|p1a: Hatterene|0 fnt
|faint|p1a: Hatterene
|
|-weather|none
|upkeep
|
|t:|1769367334
|switch|p1a: Torkoal|Torkoal, M|2/100
|-weather|SunnyDay|[from] ability: Drought|[of] p1a: Torkoal
|turn|15
|inactive|Baboon Jomes has 120 seconds left.
|
|t:|1769367343
|move|p2a: Omniman|Kowtow Cleave|p1a: Torkoal
|-damage|p1a: Torkoal|0 fnt
|faint|p1a: Torkoal
|
|-weather|SunnyDay|[upkeep]
|upkeep
|
|t:|1769367351
|switch|p1a: Venusaur|Venusaur, M|58/100
|turn|16
|
|t:|1769367362
|-terastallize|p2a: Omniman|Dark
|move|p1a: Venusaur|Weather Ball|p2a: Omniman
|-crit|p2a: Omniman
|-damage|p2a: Omniman|0 fnt
|faint|p2a: Omniman
|-end|p2a: Omniman|fallen3|[silent]
|-damage|p1a: Venusaur|48/100|[from] item: Life Orb
|
|-weather|SunnyDay|[upkeep]
|upkeep
|
|t:|1769367372
|switch|p2a: Helios|Iron Crown|94/100
|turn|17
|
|t:|1769367384
|move|p1a: Venusaur|Weather Ball|p2a: Helios
|-supereffective|p2a: Helios
|-damage|p2a: Helios|0 fnt
|faint|p2a: Helios
|-end|p2a: Helios|Quark Drive|[silent]
|-damage|p1a: Venusaur|38/100|[from] item: Life Orb
|
|-weather|SunnyDay|[upkeep]
|upkeep
|
|t:|1769367387
|switch|p2a: Schnoz|Great Tusk|98/100
|-activate|p2a: Schnoz|ability: Protosynthesis
|-start|p2a: Schnoz|protosynthesisatk
|turn|18
|
|t:|1769367397
|move|p1a: Venusaur|Solar Beam||[still]
|-prepare|p1a: Venusaur|Solar Beam
|-anim|p1a: Venusaur|Solar Beam|p2a: Schnoz
|-supereffective|p2a: Schnoz
|-damage|p2a: Schnoz|0 fnt
|faint|p2a: Schnoz
|-end|p2a: Schnoz|Protosynthesis|[silent]
|-damage|p1a: Venusaur|28/100|[from] item: Life Orb
|
|win|MegaBaxShots
|raw|MegaBaxShots's rating: 1412 &rarr; <strong>1436</strong><br />(+24 for winning)
|raw|Baboon Jomes's rating: 1477 &rarr; <strong>1453</strong><br />(-24 for losing)
|l|☆MegaBaxShots
|player|p1|
