|j|☆azaleajennings
|j|☆InfinityPokeRang3r
|t:|1769292327
|gametype|singles
|player|p1|azaleajennings|pokemonbreederf-gen4|1383
|player|p2|InfinityPokeRang3r|ingo|1344
|gen|9
|tier|[Gen 9] OU
|rated|
|rule|HP Percentage Mod: HP is shown in percentages
|rule|Endless Battle Clause: Forcing endless battles is banned
|rule|Species Clause: Limit one of each Pokémon
|rule|OHKO Clause: OHKO moves are banned
|rule|Evasion Items Clause: Evasion items are banned
|rule|Evasion Moves Clause: Evasion moves are banned
|rule|Evasion Abilities Clause: Evasion abilities are banned
|rule|Sleep Moves Clause: Sleep-inducing moves are banned
|clearpoke
|poke|p1|Tyranitar, F|
|poke|p1|Gholdengo|
|poke|p1|Zamazenta-*|
|poke|p1|Rillaboom, F|
|poke|p1|Garchomp, F|
|poke|p1|Zapdos|
|poke|p2|Dragapult, M|
|poke|p2|Araquanid, M|
|poke|p2|Iron Valiant|
|poke|p2|Rotom-Heat|
|poke|p2|Iron Treads|
|poke|p2|Skarmory, M|
|teampreview
|
|t:|1769292345
|teamsize|p1|6
|teamsize|p2|6
|start
|switch|p1a: Rillaboom|Rillaboom, F|100/100
|switch|p2a: Iron Valiant|Iron Valiant|100/100
|-fieldstart|move: Grassy Terrain|[from] ability: Grassy Surge|[of] p1a: Rillaboom
|-enditem|p2a: Iron Valiant|Booster Energy
|-activate|p2a: Iron Valiant|ability: Quark Drive|[fromitem]
|-start|p2a: Iron Valiant|quarkdrivespe
|turn|1
|
|t:|1769292357
|move|p2a: Iron Valiant|Close Combat|p1a: Rillaboom
|-damage|p1a: Rillaboom|48/100
|-unboost|p2a: Iron Valiant|def|1
|-unboost|p2a: Iron Valiant|spd|1
|move|p1a: Rillaboom|Wood Hammer|p2a: Iron Valiant
|-damage|p2a: Iron Valiant|0 fnt
|faint|p2a: Iron Valiant
|-end|p2a: Iron Valiant|Quark Drive|[silent]
|-damage|p1a: Rillaboom|20/100|[from] Recoil
|
|-heal|p1a: Rillaboom|26/100|[from] Grassy Terrain
|upkeep
|
|t:|1769292366
|switch|p2a: Araquanid|Araquanid, M, shiny|100/100
|turn|2
|
|t:|1769292373
|move|p1a: Rillaboom|Knock Off|p2a: Araquanid
|-damage|p2a: Araquanid|61/100
|-enditem|p2a: Araquanid|Quick Claw|[from] move: Knock Off|[of] p1a: Rillaboom
|move|p2a: Araquanid|Liquidation|p1a: Rillaboom
|-resisted|p1a: Rillaboom
|-damage|p1a: Rillaboom|0 fnt
|faint|p1a: Rillaboom
|
|-heal|p2a: Araquanid|67/100|[from] Grassy Terrain
|upkeep
|
|t:|1769292388
|switch|p1a: Tyranitar|Tyranitar, F|100/100
|-weather|Sandstorm|[from] ability: Sand Stream|[of] p1a: Tyranitar
|turn|3
|
|t:|1769292395
|switch|p2a: Iron Treads|Iron Treads|100/100
|move|p1a: Tyranitar|Stone Edge|p2a: Iron Treads
|-resisted|p2a: Iron Treads
|-crit|p2a: Iron Treads
|-damage|p2a: Iron Treads|84/100
|
|-weather|Sandstorm|[upkeep]
|-heal|p2a: Iron Treads|90/100|[from] Grassy Terrain
|upkeep
|turn|4
|
|t:|1769292404
|switch|p1a: Zapdos|Zapdos|100/100
|move|p2a: Iron Treads|Knock Off|p1a: Zapdos
|-damage|p1a: Zapdos|65/100
|-status|p2a: Iron Treads|par|[from] ability: Static|[of] p1a: Zapdos
|-enditem|p1a: Zapdos|Heavy-Duty Boots|[from] move: Knock Off|[of] p2a: Iron Treads
|
|-weather|Sandstorm|[upkeep]
|-damage|p1a: Zapdos|59/100|[from] Sandstorm
|-heal|p2a: Iron Treads|96/100 par|[from] Grassy Terrain
|upkeep
|turn|5
|
|t:|1769292415
|-end|p2a: Iron Treads|Quark Drive|[silent]
|switch|p2a: Araquanid|Araquanid, M, shiny|67/100
|move|p1a: Zapdos|Heat Wave|p2a: Araquanid
|-damage|p2a: Araquanid|56/100
|
|-weather|Sandstorm|[upkeep]
|-damage|p1a: Zapdos|52/100|[from] Sandstorm
|-damage|p2a: Araquanid|50/100|[from] Sandstorm
|-heal|p2a: Araquanid|56/100|[from] Grassy Terrain
|-fieldend|move: Grassy Terrain
|upkeep
|turn|6
|
|t:|1769292425
|move|p1a: Zapdos|Volt Switch|p2a: Araquanid
|-supereffective|p2a: Araquanid
|-damage|p2a: Araquanid|5/100
|
|t:|1769292428
|switch|p1a: Garchomp|Garchomp, F|100/100|[from] Volt Switch
|move|p2a: Araquanid|Sticky Web|p1a: Garchomp
|-sidestart|p1: azaleajennings|move: Sticky Web
|
|-weather|Sandstorm|[upkeep]
|-damage|p2a: Araquanid|0 fnt|[from] Sandstorm
|faint|p2a: Araquanid
|upkeep
|
|t:|1769292442
|switch|p2a: Dragapult|Dragapult, M|100/100
|turn|7
|
|t:|1769292447
|move|p2a: Dragapult|Dragon Darts|p1a: Garchomp
|-supereffective|p1a: Garchomp
|-damage|p1a: Garchomp|68/100
|-anim|p2a: Dragapult|Dragon Darts|p1a: Garchomp
|-supereffective|p1a: Garchomp
|-damage|p1a: Garchomp|36/100
|move|p1a: Garchomp|Stealth Rock|p2a: Dragapult
|-sidestart|p2: InfinityPokeRang3r|move: Stealth Rock
|
|-weather|none
|upkeep
|turn|8
|
|t:|1769292456
|switch|p1a: Zamazenta|Zamazenta|100/100
|-ability|p1a: Zamazenta|Dauntless Shield|boost
|-boost|p1a: Zamazenta|def|1
|move|p2a: Dragapult|Dragon Darts|p1a: Zamazenta
|-damage|p1a: Zamazenta|84/100
|-anim|p2a: Dragapult|Dragon Darts|p1a: Zamazenta
|-damage|p1a: Zamazenta|69/100
|
|upkeep
|turn|9
|
|t:|1769292464
|switch|p2a: Skarmory|Skarmory, M|100/100
|-damage|p2a: Skarmory|88/100|[from] Stealth Rock
|move|p1a: Zamazenta|Roar|p2a: Skarmory
|drag|p2a: Rotom|Rotom-Heat|100/100
|-damage|p2a: Rotom|76/100|[from] Stealth Rock
|
|upkeep
|turn|10
|
|t:|1769292473
|move|p1a: Zamazenta|Close Combat|p2a: Rotom
|-damage|p2a: Rotom|0 fnt
|-unboost|p1a: Zamazenta|def|1
|-unboost|p1a: Zamazenta|spd|1
|faint|p2a: Rotom
|
|upkeep
|
|t:|1769292482
|switch|p2a: Dragapult|Dragapult, M|100/100
|-damage|p2a: Dragapult|88/100|[from] Stealth Rock
|turn|11
|
|t:|1769292488
|move|p2a: Dragapult|Dragon Darts|p1a: Zamazenta
|-damage|p1a: Zamazenta|45/100
|-anim|p2a: Dragapult|Dragon Darts|p1a: Zamazenta
|-damage|p1a: Zamazenta|20/100
|move|p1a: Zamazenta|Crunch|p2a: Dragapult
|-supereffective|p2a: Dragapult
|-damage|p2a: Dragapult|21/100
|-unboost|p2a: Dragapult|def|1
|
|-heal|p2a: Dragapult|27/100|[from] item: Leftovers
|upkeep
|turn|12
|
|t:|1769292503
|switch|p1a: Gholdengo|Gholdengo|100/100
|-item|p1a: Gholdengo|Air Balloon
|move|p2a: Dragapult|Dragon Darts|p1a: Gholdengo
|-resisted|p1a: Gholdengo
|-damage|p1a: Gholdengo|93/100
|-enditem|p1a: Gholdengo|Air Balloon
|-anim|p2a: Dragapult|Dragon Darts|p1a: Gholdengo
|-resisted|p1a: Gholdengo
|-damage|p1a: Gholdengo|84/100
|
|-heal|p2a: Dragapult|33/100|[from] item: Leftovers
|upkeep
|turn|13
|
|t:|1769292515
|move|p2a: Dragapult|Phantom Force||[still]
|-prepare|p2a: Dragapult|Phantom Force
|move|p1a: Gholdengo|Make It Rain|p2a: Dragapult|[miss]
|-miss|p1a: Gholdengo|p2a: Dragapult
|
|-heal|p2a: Dragapult|39/100|[from] item: Leftovers
|upkeep
|turn|14
|
|t:|1769292520
|switch|p1a: Tyranitar|Tyranitar, F|100/100
|-weather|Sandstorm|[from] ability: Sand Stream|[of] p1a: Tyranitar
|move|p2a: Dragapult|Phantom Force|p1a: Tyranitar|[from] lockedmove
|-resisted|p1a: Tyranitar
|-damage|p1a: Tyranitar|82/100
|
|-weather|Sandstorm|[upkeep]
|-damage|p2a: Dragapult|33/100|[from] Sandstorm
|-heal|p2a: Dragapult|39/100|[from] item: Leftovers
|upkeep
|turn|15
|
|t:|1769292531
|switch|p2a: Iron Treads|Iron Treads|96/100 par
|-damage|p2a: Iron Treads|93/100 par|[from] Stealth Rock
|move|p1a: Tyranitar|Knock Off|p2a: Iron Treads
|-damage|p2a: Iron Treads|47/100 par
|-enditem|p2a: Iron Treads|Assault Vest|[from] move: Knock Off|[of] p1a: Tyranitar
|
|-weather|Sandstorm|[upkeep]
|upkeep
|turn|16
|
|t:|1769292543
|move|p1a: Tyranitar|Low Kick|p2a: Iron Treads
|-supereffective|p2a: Iron Treads
|-damage|p2a: Iron Treads|0 fnt
|faint|p2a: Iron Treads
|-end|p2a: Iron Treads|Quark Drive|[silent]
|
|-weather|Sandstorm|[upkeep]
|upkeep
|
|t:|1769292548
|switch|p2a: Skarmory|Skarmory, M|88/100
|-damage|p2a: Skarmory|75/100|[from] Stealth Rock
|turn|17
|
|t:|1769292551
|move|p1a: Tyranitar|Knock Off|p2a: Skarmory
|-damage|p2a: Skarmory|38/100
|-damage|p1a: Tyranitar|65/100|[from] item: Rocky Helmet|[of] p2a: Skarmory
|-enditem|p2a: Skarmory|Rocky Helmet|[from] move: Knock Off|[of] p1a: Tyranitar
|move|p2a: Skarmory|Body Press|p1a: Tyranitar
|-supereffective|p1a: Tyranitar
|-damage|p1a: Tyranitar|0 fnt
|faint|p1a: Tyranitar
|
|-weather|Sandstorm|[upkeep]
|upkeep
|
|t:|1769292558
|switch|p1a: Zapdos|Zapdos|52/100
|turn|18
|
|t:|1769292573
|move|p1a: Zapdos|Volt Switch|p2a: Skarmory
|-supereffective|p2a: Skarmory
|-damage|p2a: Skarmory|0 fnt
|faint|p2a: Skarmory
|
|t:|1769292592
|switch|p1a: Zamazenta|Zamazenta|20/100|[from] Volt Switch
|
|-weather|none
|upkeep
|
|t:|1769292597
|switch|p2a: Dragapult|Dragapult, M|39/100
|-damage|p2a: Dragapult|26/100|[from] Stealth Rock
|turn|19
|
|t:|1769292602
|move|p2a: Dragapult|Phantom Force||[still]
|-prepare|p2a: Dragapult|Phantom Force
|move|p1a: Zamazenta|Crunch|p2a: Dragapult|[miss]
|-miss|p1a: Zamazenta|p2a: Dragapult
|
|-heal|p2a: Dragapult|32/100|[from] item: Leftovers
|upkeep
|turn|20
|
|t:|1769292606
|move|p2a: Dragapult|Phantom Force|p1a: Zamazenta|[from] lockedmove
|-damage|p1a: Zamazenta|0 fnt
|faint|p1a: Zamazenta
|
|-heal|p2a: Dragapult|38/100|[from] item: Leftovers
|upkeep
|
|t:|1769292623
|switch|p1a: Gholdengo|Gholdengo|84/100
|-activate|p1a: Gholdengo|move: Sticky Web
|-unboost|p1a: Gholdengo|spe|1
|turn|21
|
|t:|1769292635
|switch|p1a: Garchomp|Garchomp, F|36/100
|-activate|p1a: Garchomp|move: Sticky Web
|-unboost|p1a: Garchomp|spe|1
|move|p2a: Dragapult|Substitute|p2a: Dragapult
|-start|p2a: Dragapult|Substitute
|-damage|p2a: Dragapult|13/100
|
|-heal|p2a: Dragapult|19/100|[from] item: Leftovers
|upkeep
|turn|22
|
|t:|1769292642
|move|p2a: Dragapult|Dragon Darts|p1a: Garchomp
|-supereffective|p1a: Garchomp
|-damage|p1a: Garchomp|4/100
|-anim|p2a: Dragapult|Dragon Darts|p1a: Garchomp
|-supereffective|p1a: Garchomp
|-damage|p1a: Garchomp|0 fnt
|faint|p1a: Garchomp
|
|-heal|p2a: Dragapult|25/100|[from] item: Leftovers
|upkeep
|
|t:|1769292645
|switch|p1a: Zapdos|Zapdos|52/100
|turn|23
|
|t:|1769292649
|move|p2a: Dragapult|Dragon Darts|p1a: Zapdos
|-damage|p1a: Zapdos|21/100
|-anim|p2a: Dragapult|Dragon Darts|p1a: Zapdos
|-damage|p1a: Zapdos|0 fnt
|faint|p1a: Zapdos
|
|-heal|p2a: Dragapult|31/100|[from] item: Leftovers
|upkeep
|
|t:|1769292651
|switch|p1a: Gholdengo|Gholdengo|84/100
|-activate|p1a: Gholdengo|move: Sticky Web
|-unboost|p1a: Gholdengo|spe|1
|turn|24
|
|t:|1769292655
|-terastallize|p1a: Gholdengo|Fairy
|move|p2a: Dragapult|Dragon Dance|p2a: Dragapult
|-boost|p2a: Dragapult|atk|1
|-boost|p2a: Dragapult|spe|1
|move|p1a: Gholdengo|Hex|p2a: Dragapult
|-supereffective|p2a: Dragapult
|-end|p2a: Dragapult|Substitute
|
|-heal|p2a: Dragapult|37/100|[from] item: Leftovers
|upkeep
|turn|25
|
|t:|1769292669
|-terastallize|p2a: Dragapult|Steel
|move|p2a: Dragapult|Phantom Force||[still]
|-prepare|p2a: Dragapult|Phantom Force
|move|p1a: Gholdengo|Hex|p2a: Dragapult|[miss]
|-miss|p1a: Gholdengo|p2a: Dragapult
|
|-heal|p2a: Dragapult|43/100|[from] item: Leftovers
|upkeep
|turn|26
|
|t:|1769292676
|move|p2a: Dragapult|Phantom Force|p1a: Gholdengo|[from] lockedmove
|-damage|p1a: Gholdengo|36/100
|move|p1a: Gholdengo|Thunder Wave|p2a: Dragapult
|-status|p2a: Dragapult|par
|
|-heal|p2a: Dragapult|49/100 par|[from] item: Leftovers
|upkeep
|turn|27
|
|t:|1769292692
|move|p2a: Dragapult|Phantom Force||[still]
|-prepare|p2a: Dragapult|Phantom Force
|move|p1a: Gholdengo|Hex|p2a: Dragapult|[miss]
|-miss|p1a: Gholdengo|p2a: Dragapult
|
|-heal|p2a: Dragapult|55/100 par|[from] item: Leftovers
|upkeep
|turn|28
|
|t:|1769292695
|move|p2a: Dragapult|Phantom Force|p1a: Gholdengo|[from] lockedmove
|-damage|p1a: Gholdengo|0 fnt
|faint|p1a: Gholdengo
|
|win|InfinityPokeRang3r
|raw|azaleajennings's rating: 1383 &rarr; <strong>1361</strong><br />(-22 for losing)
|raw|InfinityPokeRang3r's rating: 1344 &rarr; <strong>1366</strong><br />(+22 for winning)
|l|☆azaleajennings
|player|p1|
|l|☆InfinityPokeRang3r
|player|p2|
