|j|☆dragoncheer456
|j|☆lirip
|t:|1769305474
|gametype|singles
|player|p1|dragoncheer456|pokekid|1390
|player|p2|lirip|drayden|1411
|gen|9
|tier|[Gen 9] OU
|rated|
|rule|HP Percentage Mod: HP is shown in percentages
|rule|Endless Battle Clause: Forcing endless battles is banned
|rule|Species Clause: Limit one of each Pokémon
|rule|OHKO Clause: OHKO moves are banned
|rule|Evasion Items Clause: Evasion items are banned
|rule|Evasion Moves Clause: Evasion moves are banned
|rule|Evasion Abilities Clause: Evasion abilities are banned
|rule|Sleep Moves Clause: Sleep-inducing moves are banned
|clearpoke
|poke|p1|Torkoal, M|
|poke|p1|Ninetales, F|
|poke|p1|Walking Wake|
|poke|p1|Lilligant-Hisui, F|
|poke|p1|Great Tusk|
|poke|p1|Skeledirge, M|
|poke|p2|Walking Wake|
|poke|p2|Samurott-Hisui, F|
|poke|p2|Ceruledge, F|
|poke|p2|Ninetales, M|
|poke|p2|Great Tusk|
|poke|p2|Gholdengo|
|teampreview
|c|☆lirip|Glhf
|inactive|Battle timer is ON: inactive players will automatically lose when time's up. (requested by lirip)
|
|t:|1769305528
|teamsize|p1|6
|teamsize|p2|6
|start
|switch|p1a: Great Tusk|Great Tusk|100/100
|switch|p2a: Walking Wake|Walking Wake|100/100
|turn|1
|inactive|dragoncheer456 has 120 seconds left.
|
|t:|1769305586
|-terastallize|p1a: Great Tusk|Steel
|move|p2a: Walking Wake|Hydro Steam|p1a: Great Tusk
|-damage|p1a: Great Tusk|14/100
|move|p1a: Great Tusk|Rapid Spin|p2a: Walking Wake
|-damage|p2a: Walking Wake|81/100
|-boost|p1a: Great Tusk|spe|1
|
|upkeep
|turn|2
|inactive|dragoncheer456 has 90 seconds left.
|
|t:|1769305605
|-end|p2a: Walking Wake|Protosynthesis|[silent]
|switch|p2a: Glimmering Soul|Gholdengo|100/100
|-item|p2a: Glimmering Soul|Air Balloon
|move|p1a: Great Tusk|Headlong Rush|p2a: Glimmering Soul
|-immune|p2a: Glimmering Soul
|
|upkeep
|turn|3
|inactive|dragoncheer456 has 90 seconds left.
|
|t:|1769305616
|-end|p1a: Great Tusk|Protosynthesis|[silent]
|switch|p1a: Ninetales|Ninetales, F|100/100
|-weather|SunnyDay|[from] ability: Drought|[of] p1a: Ninetales
|move|p2a: Glimmering Soul|Shadow Ball|p1a: Ninetales
|-damage|p1a: Ninetales|69/100
|
|-weather|SunnyDay|[upkeep]
|upkeep
|turn|4
|inactive|dragoncheer456 has 90 seconds left.
|
|t:|1769305634
|switch|p2a: Ceruledge|Ceruledge, F|100/100
|move|p1a: Ninetales|Overheat|p2a: Ceruledge
|-start|p2a: Ceruledge|ability: Flash Fire
|
|-weather|SunnyDay|[upkeep]
|upkeep
|turn|5
|inactive|dragoncheer456 has 90 seconds left.
|
|t:|1769305647
|move|p1a: Ninetales|Foul Play|p2a: Ceruledge
|-supereffective|p2a: Ceruledge
|-damage|p2a: Ceruledge|26/100
|move|p2a: Ceruledge|Bitter Blade|p1a: Ninetales
|-resisted|p1a: Ninetales
|-damage|p1a: Ninetales|12/100
|-heal|p2a: Ceruledge|55/100|[from] drain|[of] p1a: Ninetales
|
|-weather|SunnyDay|[upkeep]
|upkeep
|turn|6
|inactive|dragoncheer456 has 90 seconds left.
|
|t:|1769305678
|switch|p1a: Lilligant|Lilligant-Hisui, F|100/100
|move|p2a: Ceruledge|Shadow Sneak|p1a: Lilligant
|-damage|p1a: Lilligant|73/100
|
|-weather|SunnyDay|[upkeep]
|upkeep
|turn|7
|inactive|dragoncheer456 has 60 seconds left.
|
|t:|1769305694
|switch|p1a: Walking Wake|Walking Wake|100/100
|-activate|p1a: Walking Wake|ability: Protosynthesis
|-start|p1a: Walking Wake|protosynthesisspa
|move|p2a: Ceruledge|Bitter Blade|p1a: Walking Wake
|-resisted|p1a: Walking Wake
|-damage|p1a: Walking Wake|76/100
|-heal|p2a: Ceruledge|67/100|[from] drain|[of] p1a: Walking Wake
|
|-weather|none
|-end|p1a: Walking Wake|Protosynthesis
|upkeep
|turn|8
|inactive|dragoncheer456 has 60 seconds left.
|
|t:|1769305723
|-terastallize|p2a: Ceruledge|Bug
|move|p1a: Walking Wake|Draco Meteor|p2a: Ceruledge
|-damage|p2a: Ceruledge|2/100
|-unboost|p1a: Walking Wake|spa|2
|move|p2a: Ceruledge|Poltergeist|p1a: Walking Wake
|-activate|p1a: Walking Wake|move: Poltergeist|Choice Specs
|-damage|p1a: Walking Wake|13/100
|
|upkeep
|turn|9
|
|t:|1769305736
|move|p2a: Ceruledge|Shadow Sneak|p1a: Walking Wake
|-damage|p1a: Walking Wake|0 fnt
|faint|p1a: Walking Wake
|-end|p1a: Walking Wake|Protosynthesis|[silent]
|
|upkeep
|inactive|dragoncheer456 has 30 seconds left.
|
|t:|1769305766
|switch|p1a: Ninetales|Ninetales, F|12/100
|-weather|SunnyDay|[from] ability: Drought|[of] p1a: Ninetales
|turn|10
|inactive|dragoncheer456 has 30 seconds left.
|
|t:|1769305776
|switch|p1a: Skeledirge|Skeledirge, M|100/100
|move|p2a: Ceruledge|Shadow Sneak|p1a: Skeledirge
|-supereffective|p1a: Skeledirge
|-damage|p1a: Skeledirge|66/100
|
|-weather|SunnyDay|[upkeep]
|upkeep
|turn|11
|inactive|dragoncheer456 has 30 seconds left.
|
|t:|1769305786
|move|p1a: Skeledirge|Shadow Ball|p2a: Ceruledge
|-damage|p2a: Ceruledge|0 fnt
|faint|p2a: Ceruledge
|
|-weather|SunnyDay|[upkeep]
|upkeep
|
|t:|1769305791
|switch|p2a: Samurott|Samurott-Hisui, F|100/100
|turn|12
|
|t:|1769305796
|switch|p1a: Torkoal|Torkoal, M|100/100
|move|p2a: Samurott|Ceaseless Edge|p1a: Torkoal
|-damage|p1a: Torkoal|61/100
|-sidestart|p1: dragoncheer456|Spikes
|
|-weather|SunnyDay|[upkeep]
|upkeep
|turn|13
|
|t:|1769305811
|move|p2a: Samurott|Ceaseless Edge|p1a: Torkoal
|-damage|p1a: Torkoal|21/100
|-sidestart|p1: dragoncheer456|Spikes
|move|p1a: Torkoal|Body Press|p2a: Samurott
|-supereffective|p2a: Samurott
|-damage|p2a: Samurott|29/100
|
|-weather|SunnyDay|[upkeep]
|upkeep
|turn|14
|
|t:|1769305820
|move|p2a: Samurott|Ceaseless Edge|p1a: Torkoal
|-crit|p1a: Torkoal
|-damage|p1a: Torkoal|0 fnt
|-sidestart|p1: dragoncheer456|Spikes
|faint|p1a: Torkoal
|
|-weather|none
|upkeep
|
|t:|1769305838
|switch|p1a: Ninetales|Ninetales, F|12/100
|-damage|p1a: Ninetales|0 fnt|[from] Spikes
|faint|p1a: Ninetales
|
|t:|1769305843
|switch|p1a: Lilligant|Lilligant-Hisui, F|73/100
|-damage|p1a: Lilligant|48/100|[from] Spikes
|turn|15
|
|t:|1769305850
|switch|p2a: Glimmering Soul|Gholdengo|100/100
|-item|p2a: Glimmering Soul|Air Balloon
|move|p1a: Lilligant|Close Combat|p2a: Glimmering Soul
|-immune|p2a: Glimmering Soul
|
|upkeep
|turn|16
|-message|dragoncheer456 forfeited.
|
|win|lirip
|raw|dragoncheer456's rating: 1390 &rarr; <strong>1371</strong><br />(-19 for losing)
|raw|lirip's rating: 1411 &rarr; <strong>1430</strong><br />(+19 for winning)
|l|☆dragoncheer456
|player|p1|
