|j|☆chutimatongbai
|j|☆dubstepwubfish
|t:|1769394161
|gametype|singles
|player|p1|chutimatongbai|265|1143
|player|p2|dubstepwubfish|ninjaboy|1197
|gen|9
|tier|[Gen 9] OU
|rated|
|rule|HP Percentage Mod: HP is shown in percentages
|rule|Endless Battle Clause: Forcing endless battles is banned
|rule|Species Clause: Limit one of each Pokémon
|rule|OHKO Clause: OHKO moves are banned
|rule|Evasion Items Clause: Evasion items are banned
|rule|Evasion Moves Clause: Evasion moves are banned
|rule|Evasion Abilities Clause: Evasion abilities are banned
|rule|Sleep Moves Clause: Sleep-inducing moves are banned
|clearpoke
|poke|p1|Golduck, F|
|poke|p1|Quagsire, M|
|poke|p1|Amoonguss, M|
|poke|p1|Great Tusk|
|poke|p1|Conkeldurr, F|
|poke|p1|Gholdengo|
|poke|p2|Alomomola, F|
|poke|p2|Garganacl, M|
|poke|p2|Pecharunt|
|poke|p2|Rillaboom, F|
|poke|p2|Hatterene, F|
|poke|p2|Great Tusk|
|teampreview
|
|t:|1769394173
|teamsize|p1|6
|teamsize|p2|6
|start
|switch|p1a: Amoonguss|Amoonguss, M|100/100
|switch|p2a: Great Tusk|Great Tusk|100/100
|turn|1
|
|t:|1769394196
|move|p2a: Great Tusk|Ice Spinner|p1a: Amoonguss
|-supereffective|p1a: Amoonguss
|-damage|p1a: Amoonguss|56/100
|-damage|p2a: Great Tusk|84/100|[from] item: Rocky Helmet|[of] p1a: Amoonguss
|move|p1a: Amoonguss|Giga Drain|p2a: Great Tusk
|-supereffective|p2a: Great Tusk
|-damage|p2a: Great Tusk|9/100
|-heal|p1a: Amoonguss|88/100|[from] drain|[of] p2a: Great Tusk
|
|upkeep
|turn|2
|
|t:|1769394209
|-end|p2a: Great Tusk|Protosynthesis|[silent]
|switch|p2a: Rillaboom|Rillaboom, F|100/100
|-fieldstart|move: Grassy Terrain|[from] ability: Grassy Surge|[of] p2a: Rillaboom
|move|p1a: Amoonguss|Giga Drain|p2a: Rillaboom
|-resisted|p2a: Rillaboom
|-damage|p2a: Rillaboom|82/100
|-heal|p1a: Amoonguss|95/100|[from] drain|[of] p2a: Rillaboom
|
|-heal|p2a: Rillaboom|88/100|[from] Grassy Terrain
|-heal|p1a: Amoonguss|100/100|[from] Grassy Terrain
|upkeep
|turn|3
|
|t:|1769394223
|move|p2a: Rillaboom|Knock Off|p1a: Amoonguss
|-damage|p1a: Amoonguss|54/100
|-damage|p2a: Rillaboom|72/100|[from] item: Rocky Helmet|[of] p1a: Amoonguss
|-enditem|p1a: Amoonguss|Rocky Helmet|[from] move: Knock Off|[of] p2a: Rillaboom
|move|p1a: Amoonguss|Clear Smog|p2a: Rillaboom
|-supereffective|p2a: Rillaboom
|-crit|p2a: Rillaboom
|-damage|p2a: Rillaboom|8/100
|-clearboost|p2a: Rillaboom
|
|-heal|p2a: Rillaboom|15/100|[from] Grassy Terrain
|-heal|p1a: Amoonguss|60/100|[from] Grassy Terrain
|upkeep
|turn|4
|
|t:|1769394237
|switch|p2a: Hatterene|Hatterene, F|100/100
|move|p1a: Amoonguss|Clear Smog|p2a: Hatterene
|-supereffective|p2a: Hatterene
|-damage|p2a: Hatterene|72/100
|-clearboost|p2a: Hatterene
|
|-heal|p2a: Hatterene|78/100|[from] Grassy Terrain
|-heal|p2a: Hatterene|84/100|[from] item: Leftovers
|-heal|p1a: Amoonguss|67/100|[from] Grassy Terrain
|upkeep
|turn|5
|
|t:|1769394262
|move|p2a: Hatterene|Psychic Noise|p1a: Amoonguss
|-supereffective|p1a: Amoonguss
|-crit|p1a: Amoonguss
|-damage|p1a: Amoonguss|0 fnt
|faint|p1a: Amoonguss
|
|-heal|p2a: Hatterene|89/100|[from] Grassy Terrain
|-heal|p2a: Hatterene|95/100|[from] item: Leftovers
|upkeep
|
|t:|1769394272
|switch|p1a: Gholdengo|Gholdengo|100/100
|turn|6
|
|t:|1769394275
|move|p1a: Gholdengo|Nasty Plot|p1a: Gholdengo
|-boost|p1a: Gholdengo|spa|2
|move|p2a: Hatterene|Mystical Fire|p1a: Gholdengo
|-supereffective|p1a: Gholdengo
|-damage|p1a: Gholdengo|59/100
|-unboost|p1a: Gholdengo|spa|1
|
|-heal|p1a: Gholdengo|65/100|[from] Grassy Terrain
|-heal|p1a: Gholdengo|71/100|[from] item: Leftovers
|-heal|p2a: Hatterene|100/100|[from] Grassy Terrain
|-fieldend|move: Grassy Terrain
|upkeep
|turn|7
|
|t:|1769394287
|switch|p2a: Alomomola|Alomomola, F|100/100
|move|p1a: Gholdengo|Make It Rain|p2a: Alomomola
|-resisted|p2a: Alomomola
|-damage|p2a: Alomomola|47/100
|-unboost|p1a: Gholdengo|spa|1
|
|-heal|p1a: Gholdengo|77/100|[from] item: Leftovers
|-heal|p2a: Alomomola|53/100|[from] item: Leftovers
|upkeep
|turn|8
|
|t:|1769394298
|switch|p1a: Quagsire|Quagsire, M|100/100
|move|p2a: Alomomola|Wish|p2a: Alomomola
|
|-heal|p2a: Alomomola|59/100|[from] item: Leftovers
|upkeep
|turn|9
|
|t:|1769394313
|switch|p2a: Rillaboom|Rillaboom, F|15/100
|-fieldstart|move: Grassy Terrain|[from] ability: Grassy Surge|[of] p2a: Rillaboom
|move|p1a: Quagsire|Toxic|p2a: Rillaboom
|-status|p2a: Rillaboom|tox
|
|-heal|p2a: Rillaboom|93/100 tox|[from] move: Wish|[wisher] Alomomola
|-heal|p2a: Rillaboom|99/100 tox|[from] Grassy Terrain
|-damage|p2a: Rillaboom|93/100 tox|[from] psn
|upkeep
|turn|10
|
|t:|1769394348
|switch|p1a: Conkeldurr|Conkeldurr, F|100/100
|move|p2a: Rillaboom|Grassy Glide|p1a: Conkeldurr
|-damage|p1a: Conkeldurr|47/100
|
|-heal|p2a: Rillaboom|99/100 tox|[from] Grassy Terrain
|-heal|p1a: Conkeldurr|53/100|[from] Grassy Terrain
|-damage|p2a: Rillaboom|87/100 tox|[from] psn
|-status|p1a: Conkeldurr|brn|[from] item: Flame Orb
|upkeep
|turn|11
|
|t:|1769394374
|switch|p1a: Gholdengo|Gholdengo|77/100
|-terastallize|p2a: Rillaboom|Grass
|move|p2a: Rillaboom|Grassy Glide|p1a: Gholdengo
|-resisted|p1a: Gholdengo
|-damage|p1a: Gholdengo|39/100
|
|-heal|p2a: Rillaboom|93/100 tox|[from] Grassy Terrain
|-heal|p1a: Gholdengo|45/100|[from] Grassy Terrain
|-heal|p1a: Gholdengo|51/100|[from] item: Leftovers
|-damage|p2a: Rillaboom|74/100 tox|[from] psn
|upkeep
|turn|12
|
|t:|1769394392
|switch|p2a: Alomomola|Alomomola, F|93/100
|move|p1a: Gholdengo|Make It Rain|p2a: Alomomola
|-resisted|p2a: Alomomola
|-damage|p2a: Alomomola|56/100
|-unboost|p1a: Gholdengo|spa|1
|
|-heal|p1a: Gholdengo|57/100|[from] Grassy Terrain
|-heal|p1a: Gholdengo|63/100|[from] item: Leftovers
|-heal|p2a: Alomomola|62/100|[from] Grassy Terrain
|-heal|p2a: Alomomola|69/100|[from] item: Leftovers
|upkeep
|turn|13
|
|t:|1769394424
|switch|p1a: Conkeldurr|Conkeldurr, F|53/100 brn
|move|p2a: Alomomola|Wish|p2a: Alomomola
|
|-heal|p1a: Conkeldurr|59/100 brn|[from] Grassy Terrain
|-heal|p2a: Alomomola|75/100|[from] Grassy Terrain
|-heal|p2a: Alomomola|81/100|[from] item: Leftovers
|-damage|p1a: Conkeldurr|53/100 brn|[from] brn
|-fieldend|move: Grassy Terrain
|upkeep
|turn|14
|
|t:|1769394434
|switch|p2a: Great Tusk|Great Tusk|9/100
|move|p1a: Conkeldurr|Drain Punch|p2a: Great Tusk
|-damage|p2a: Great Tusk|0 fnt
|-heal|p1a: Conkeldurr|57/100 brn|[from] drain|[of] p2a: Great Tusk
|faint|p2a: Great Tusk
|-end|p2a: Great Tusk|Protosynthesis|[silent]
|
|-damage|p1a: Conkeldurr|51/100 brn|[from] brn
|upkeep
|
|t:|1769394457
|switch|p2a: Garganacl|Garganacl, M|100/100
|turn|15
|
|t:|1769394460
|move|p1a: Conkeldurr|Drain Punch|p2a: Garganacl
|-supereffective|p2a: Garganacl
|-crit|p2a: Garganacl
|-damage|p2a: Garganacl|0 fnt
|-heal|p1a: Conkeldurr|99/100 brn|[from] drain|[of] p2a: Garganacl
|faint|p2a: Garganacl
|
|-damage|p1a: Conkeldurr|93/100 brn|[from] brn
|upkeep
|
|t:|1769394465
|switch|p2a: Alomomola|Alomomola, F|100/100
|turn|16
|
|t:|1769394474
|-terastallize|p1a: Conkeldurr|Fighting
|move|p1a: Conkeldurr|Drain Punch|p2a: Alomomola
|-damage|p2a: Alomomola|54/100
|-heal|p1a: Conkeldurr|100/100 brn|[from] drain|[of] p2a: Alomomola
|move|p2a: Alomomola|Light Screen|p2a: Alomomola
|-sidestart|p2: dubstepwubfish|move: Light Screen
|
|-heal|p2a: Alomomola|61/100|[from] item: Leftovers
|-damage|p1a: Conkeldurr|94/100 brn|[from] brn
|upkeep
|turn|17
|
|t:|1769394496
|move|p1a: Conkeldurr|Knock Off|p2a: Alomomola
|-damage|p2a: Alomomola|32/100
|-enditem|p2a: Alomomola|Leftovers|[from] move: Knock Off|[of] p1a: Conkeldurr
|move|p2a: Alomomola|Wish|p2a: Alomomola
|
|-damage|p1a: Conkeldurr|88/100 brn|[from] brn
|upkeep
|turn|18
|
|t:|1769394512
|move|p1a: Conkeldurr|Drain Punch|p2a: Alomomola
|-damage|p2a: Alomomola|0 fnt
|-heal|p1a: Conkeldurr|100/100 brn|[from] drain|[of] p2a: Alomomola
|faint|p2a: Alomomola
|
|-damage|p1a: Conkeldurr|94/100 brn|[from] brn
|upkeep
|
|t:|1769394538
|switch|p2a: Rillaboom|Rillaboom, F, tera:Grass|74/100 tox
|-fieldstart|move: Grassy Terrain|[from] ability: Grassy Surge|[of] p2a: Rillaboom
|turn|19
|
|t:|1769394547
|move|p2a: Rillaboom|Wood Hammer|p1a: Conkeldurr
|-damage|p1a: Conkeldurr|0 fnt
|faint|p1a: Conkeldurr
|-damage|p2a: Rillaboom|37/100 tox|[from] Recoil
|
|-heal|p2a: Rillaboom|43/100 tox|[from] Grassy Terrain
|-damage|p2a: Rillaboom|37/100 tox|[from] psn
|upkeep
|
|t:|1769394560
|switch|p1a: Golduck|Golduck, F|100/100
|-ability|p1a: Golduck|Cloud Nine
|turn|20
|
|t:|1769394575
|move|p1a: Golduck|Ice Beam|p2a: Rillaboom
|-supereffective|p2a: Rillaboom
|-damage|p2a: Rillaboom|5/100 tox
|move|p2a: Rillaboom|Wood Hammer|p1a: Golduck
|-supereffective|p1a: Golduck
|-damage|p1a: Golduck|0 fnt
|faint|p1a: Golduck
|-damage|p2a: Rillaboom|0 fnt|[from] Recoil
|faint|p2a: Rillaboom
|
|-sideend|p2: dubstepwubfish|move: Light Screen
|upkeep
|
|t:|1769394607
|switch|p1a: Gholdengo|Gholdengo|63/100
|switch|p2a: Pecharunt|Pecharunt|100/100
|turn|21
|
|t:|1769394614
|move|p1a: Gholdengo|Nasty Plot|p1a: Gholdengo
|-boost|p1a: Gholdengo|spa|2
|move|p2a: Pecharunt|Foul Play|p1a: Gholdengo
|-supereffective|p1a: Gholdengo
|-damage|p1a: Gholdengo|44/100
|
|-heal|p1a: Gholdengo|50/100|[from] Grassy Terrain
|-heal|p1a: Gholdengo|57/100|[from] item: Leftovers
|upkeep
|turn|22
|
|t:|1769394645
|move|p1a: Gholdengo|Shadow Ball|p2a: Pecharunt
|-supereffective|p2a: Pecharunt
|-damage|p2a: Pecharunt|0 fnt
|faint|p2a: Pecharunt
|
|-heal|p1a: Gholdengo|63/100|[from] Grassy Terrain
|-heal|p1a: Gholdengo|69/100|[from] item: Leftovers
|upkeep
|
|t:|1769394650
|switch|p2a: Hatterene|Hatterene, F|100/100
|turn|23
|
|t:|1769394662
|move|p1a: Gholdengo|Make It Rain|p2a: Hatterene
|-supereffective|p2a: Hatterene
|-damage|p2a: Hatterene|0 fnt
|-unboost|p1a: Gholdengo|spa|1
|faint|p2a: Hatterene
|
|win|chutimatongbai
|raw|chutimatongbai's rating: 1143 &rarr; <strong>1170</strong><br />(+27 for winning)
|raw|dubstepwubfish's rating: 1169 &rarr; <strong>1142</strong><br />(-27 for losing)
|l|☆dubstepwubfish
|player|p2|
|l|☆chutimatongbai
|player|p1|
