|j|☆Mr.Flax
|j|☆mcdungys
|t:|1769434159
|gametype|singles
|player|p1|Mr.Flax|266|1078
|player|p2|mcdungys|steven|1106
|gen|9
|tier|[Gen 9] OU
|rated|
|rule|HP Percentage Mod: HP is shown in percentages
|rule|Endless Battle Clause: Forcing endless battles is banned
|rule|Species Clause: Limit one of each Pokémon
|rule|OHKO Clause: OHKO moves are banned
|rule|Evasion Items Clause: Evasion items are banned
|rule|Evasion Moves Clause: Evasion moves are banned
|rule|Evasion Abilities Clause: Evasion abilities are banned
|rule|Sleep Moves Clause: Sleep-inducing moves are banned
|clearpoke
|poke|p1|Lucario, M|
|poke|p1|Kleavor, F|
|poke|p1|Meowscarada, F|
|poke|p1|Greninja-*, M|
|poke|p1|Cinderace, F|
|poke|p1|Ribombee, M|
|poke|p2|Pelipper, M|
|poke|p2|Toxapex, F|
|poke|p2|Lanturn, M|
|poke|p2|Barraskewda, M|
|poke|p2|Greninja-*, M|
|poke|p2|Quaquaval, M|
|teampreview
|
|t:|1769434179
|teamsize|p1|6
|teamsize|p2|6
|start
|switch|p1a: Kleavor|Kleavor, F|100/100
|switch|p2a: Pelipper|Pelipper, M|100/100
|-weather|RainDance|[from] ability: Drizzle|[of] p2a: Pelipper
|turn|1
|
|t:|1769434192
|move|p1a: Kleavor|Stone Axe|p2a: Pelipper
|-supereffective|p2a: Pelipper
|-damage|p2a: Pelipper|0 fnt
|-sidestart|p2: mcdungys|move: Stealth Rock
|faint|p2a: Pelipper
|
|-weather|RainDance|[upkeep]
|upkeep
|
|t:|1769434205
|switch|p2a: Quaquaval|Quaquaval, M|100/100
|turn|2
|
|t:|1769434215
|move|p2a: Quaquaval|Aqua Step|p1a: Kleavor
|-supereffective|p1a: Kleavor
|-damage|p1a: Kleavor|0 fnt
|-boost|p2a: Quaquaval|spe|1
|faint|p1a: Kleavor
|-ability|p2a: Quaquaval|Moxie|boost
|-boost|p2a: Quaquaval|atk|1
|
|-weather|RainDance|[upkeep]
|upkeep
|
|t:|1769434221
|switch|p1a: Meowscarada|Meowscarada, F|100/100
|turn|3
|
|t:|1769434237
|-terastallize|p1a: Meowscarada|Grass
|move|p2a: Quaquaval|Close Combat|p1a: Meowscarada
|-damage|p1a: Meowscarada|0 fnt
|-unboost|p2a: Quaquaval|def|1
|-unboost|p2a: Quaquaval|spd|1
|faint|p1a: Meowscarada
|-ability|p2a: Quaquaval|Moxie|boost
|-boost|p2a: Quaquaval|atk|1
|
|-weather|RainDance|[upkeep]
|upkeep
|
|t:|1769434245
|switch|p1a: Ribombee|Ribombee, M|100/100
|turn|4
|
|t:|1769434255
|move|p2a: Quaquaval|Aqua Step|p1a: Ribombee
|-enditem|p1a: Ribombee|Focus Sash
|-damage|p1a: Ribombee|1/100
|-boost|p2a: Quaquaval|spe|1
|move|p1a: Ribombee|Moonblast|p2a: Quaquaval
|-supereffective|p2a: Quaquaval
|-damage|p2a: Quaquaval|0 fnt
|faint|p2a: Quaquaval
|
|-weather|RainDance|[upkeep]
|upkeep
|
|t:|1769434267
|switch|p2a: Barraskewda|Barraskewda, M|100/100
|-damage|p2a: Barraskewda|88/100|[from] Stealth Rock
|turn|5
|
|t:|1769434273
|move|p2a: Barraskewda|Waterfall|p1a: Ribombee
|-damage|p1a: Ribombee|0 fnt
|faint|p1a: Ribombee
|
|-weather|RainDance|[upkeep]
|upkeep
|
|t:|1769434283
|switch|p1a: Lucario|Lucario, M|100/100
|turn|6
|
|t:|1769434290
|move|p2a: Barraskewda|Waterfall|p1a: Lucario
|-damage|p1a: Lucario|0 fnt
|faint|p1a: Lucario
|
|-weather|RainDance|[upkeep]
|upkeep
|
|t:|1769434294
|switch|p1a: Greninja|Greninja, M|100/100
|turn|7
|
|t:|1769434307
|switch|p2a: Toxapex|Toxapex, F|100/100
|-damage|p2a: Toxapex|88/100|[from] Stealth Rock
|move|p1a: Greninja|Dark Pulse|p2a: Toxapex
|-damage|p2a: Toxapex|55/100
|
|-weather|RainDance|[upkeep]
|upkeep
|turn|8
|l|☆Mr.Flax
|player|p1|
|j|☆Mr.Flax
|player|p1|Mr.Flax|266|
|
|t:|1769434342
|move|p1a: Greninja|Dark Pulse|p2a: Toxapex
|-damage|p2a: Toxapex|24/100
|move|p2a: Toxapex|Toxic|p1a: Greninja
|-status|p1a: Greninja|tox
|
|-weather|none
|-damage|p1a: Greninja|95/100 tox|[from] psn
|upkeep
|turn|9
|
|t:|1769434353
|switch|p2a: Lanturn|Lanturn, M|100/100
|-damage|p2a: Lanturn|88/100|[from] Stealth Rock
|move|p1a: Greninja|Dark Pulse|p2a: Lanturn
|-damage|p2a: Lanturn|62/100
|
|-heal|p1a: Greninja|100/100 tox|[from] item: Leftovers
|-heal|p2a: Lanturn|69/100|[from] item: Leftovers
|-damage|p1a: Greninja|89/100 tox|[from] psn
|upkeep
|turn|10
|
|t:|1769434362
|move|p1a: Greninja|Sludge Wave|p2a: Lanturn
|-damage|p2a: Lanturn|47/100
|move|p2a: Lanturn|Dazzling Gleam|p1a: Greninja
|-supereffective|p1a: Greninja
|-damage|p1a: Greninja|42/100 tox
|
|-heal|p1a: Greninja|48/100 tox|[from] item: Leftovers
|-heal|p2a: Lanturn|53/100|[from] item: Leftovers
|-damage|p1a: Greninja|30/100 tox|[from] psn
|upkeep
|turn|11
|
|t:|1769434382
|move|p1a: Greninja|Dark Pulse|p2a: Lanturn
|-damage|p2a: Lanturn|27/100
|move|p2a: Lanturn|Volt Switch|p1a: Greninja
|-supereffective|p1a: Greninja
|-damage|p1a: Greninja|0 fnt
|faint|p1a: Greninja
|
|t:|1769434390
|switch|p2a: Toxapex|Toxapex, F|57/100|[from] Volt Switch
|-damage|p2a: Toxapex|45/100|[from] Stealth Rock
|
|upkeep
|inactive|Battle timer is ON: inactive players will automatically lose when time's up. (requested by Mr.Flax)
|
|t:|1769434394
|switch|p1a: Cinderace|Cinderace, F|100/100
|turn|12
|
|t:|1769434410
|move|p2a: Toxapex|Baneful Bunker|p2a: Toxapex
|-singleturn|p2a: Toxapex|move: Protect
|move|p1a: Cinderace|Gunk Shot|p2a: Toxapex
|-start|p1a: Cinderace|typechange|Poison|[from] ability: Libero
|-activate|p2a: Toxapex|move: Protect
|
|upkeep
|turn|13
|
|t:|1769434422
|move|p1a: Cinderace|Gunk Shot|p2a: Toxapex
|-resisted|p2a: Toxapex
|-damage|p2a: Toxapex|22/100
|-damage|p1a: Cinderace|91/100|[from] item: Life Orb
|move|p2a: Toxapex|Recover|p2a: Toxapex
|-heal|p2a: Toxapex|72/100
|
|upkeep
|turn|14
|
|t:|1769434439
|move|p2a: Toxapex|Baneful Bunker|p2a: Toxapex
|-singleturn|p2a: Toxapex|move: Protect
|move|p1a: Cinderace|U-turn|p2a: Toxapex
|-activate|p2a: Toxapex|move: Protect
|
|upkeep
|turn|15
|
|t:|1769434452
|move|p1a: Cinderace|U-turn|p2a: Toxapex
|-resisted|p2a: Toxapex
|-damage|p2a: Toxapex|62/100
|-damage|p1a: Cinderace|74/100|[from] item: Rocky Helmet|[of] p2a: Toxapex
|-damage|p1a: Cinderace|64/100|[from] item: Life Orb
|move|p2a: Toxapex|Recover|p2a: Toxapex
|-heal|p2a: Toxapex|100/100
|
|upkeep
|turn|16
|
|t:|1769434462
|move|p1a: Cinderace|Pyro Ball|p2a: Toxapex
|-resisted|p2a: Toxapex
|-damage|p2a: Toxapex|84/100
|-damage|p1a: Cinderace|54/100|[from] item: Life Orb
|move|p2a: Toxapex|Haze|p2a: Toxapex
|-clearallboost
|
|upkeep
|turn|17
|
|t:|1769434469
|move|p1a: Cinderace|Gunk Shot|p2a: Toxapex
|-resisted|p2a: Toxapex
|-damage|p2a: Toxapex|60/100
|-damage|p1a: Cinderace|44/100|[from] item: Life Orb
|move|p2a: Toxapex|Toxic|p1a: Cinderace
|-immune|p1a: Cinderace
|
|upkeep
|turn|18
|-message|Mr.Flax forfeited.
|
|win|mcdungys
|raw|Mr.Flax's rating: 1078 &rarr; <strong>1058</strong><br />(-20 for losing)
|raw|mcdungys's rating: 1106 &rarr; <strong>1129</strong><br />(+23 for winning)
|l|☆Mr.Flax
|player|p1|
|l|☆mcdungys
|player|p2|
