|j|☆Egederboss
|j|‽hjsjhfja
|t:|1769419106
|gametype|singles
|player|p1|Egederboss|170|1230
|player|p2|hjsjhfja|lucas|1211
|gen|9
|tier|[Gen 9] OU
|rated|
|rule|HP Percentage Mod: HP is shown in percentages
|rule|Endless Battle Clause: Forcing endless battles is banned
|rule|Species Clause: Limit one of each Pokémon
|rule|OHKO Clause: OHKO moves are banned
|rule|Evasion Items Clause: Evasion items are banned
|rule|Evasion Moves Clause: Evasion moves are banned
|rule|Evasion Abilities Clause: Evasion abilities are banned
|rule|Sleep Moves Clause: Sleep-inducing moves are banned
|clearpoke
|poke|p1|Pelipper, F|
|poke|p1|Ludicolo, F|
|poke|p1|Zapdos|
|poke|p1|Kingambit, F|
|poke|p1|Beartic, F|
|poke|p1|Glimmora, M|
|poke|p2|Garchomp, M|
|poke|p2|Gyarados, M|
|poke|p2|Toxtricity, M|
|poke|p2|Tinkaton, F|
|poke|p2|Iron Valiant|
|poke|p2|Heatran, M|
|teampreview
|
|t:|1769419116
|teamsize|p1|6
|teamsize|p2|6
|start
|switch|p1a: Ludicolo|Ludicolo, F|100/100
|switch|p2a: Garchomp|Garchomp, M|100/100
|turn|1
|
|t:|1769419130
|switch|p2a: Toxtricity|Toxtricity, M|100/100
|-item|p2a: Toxtricity|Air Balloon
|move|p1a: Ludicolo|Ice Beam|p2a: Toxtricity
|-damage|p2a: Toxtricity|43/100
|-enditem|p2a: Toxtricity|Air Balloon
|-damage|p1a: Ludicolo|91/100|[from] item: Life Orb
|
|upkeep
|turn|2
|
|t:|1769419144
|switch|p1a: Pelipper|Pelipper, F|100/100
|-weather|RainDance|[from] ability: Drizzle|[of] p1a: Pelipper
|move|p2a: Toxtricity|Sludge Wave|p1a: Pelipper
|-damage|p1a: Pelipper|21/100
|
|-weather|RainDance|[upkeep]
|upkeep
|turn|3
|
|t:|1769419151
|move|p2a: Toxtricity|Thunderbolt|p1a: Pelipper
|-supereffective|p1a: Pelipper
|-damage|p1a: Pelipper|0 fnt
|faint|p1a: Pelipper
|
|-weather|RainDance|[upkeep]
|upkeep
|
|t:|1769419153
|switch|p1a: Ludicolo|Ludicolo, F|91/100
|turn|4
|
|t:|1769419158
|move|p1a: Ludicolo|Ice Beam|p2a: Toxtricity
|-damage|p2a: Toxtricity|0 fnt
|faint|p2a: Toxtricity
|-damage|p1a: Ludicolo|81/100|[from] item: Life Orb
|
|-weather|RainDance|[upkeep]
|upkeep
|
|t:|1769419178
|switch|p2a: Iron Valiant|Iron Valiant|100/100
|-enditem|p2a: Iron Valiant|Booster Energy
|-activate|p2a: Iron Valiant|ability: Quark Drive|[fromitem]
|-start|p2a: Iron Valiant|quarkdrivespe
|turn|5
|
|t:|1769419183
|move|p2a: Iron Valiant|Swords Dance|p2a: Iron Valiant
|-boost|p2a: Iron Valiant|atk|2
|move|p1a: Ludicolo|Hydro Pump|p2a: Iron Valiant|[miss]
|-miss|p1a: Ludicolo|p2a: Iron Valiant
|
|-weather|RainDance|[upkeep]
|upkeep
|turn|6
|
|t:|1769419193
|move|p2a: Iron Valiant|Spirit Break|p1a: Ludicolo
|-damage|p1a: Ludicolo|0 fnt
|faint|p1a: Ludicolo
|
|-weather|RainDance|[upkeep]
|upkeep
|
|t:|1769419198
|switch|p1a: Glimmora|Glimmora, M|100/100
|turn|7
|
|t:|1769419200
|move|p2a: Iron Valiant|Close Combat|p1a: Glimmora
|-enditem|p1a: Glimmora|Focus Sash
|-damage|p1a: Glimmora|1/100
|-unboost|p2a: Iron Valiant|def|1
|-unboost|p2a: Iron Valiant|spd|1
|-activate|p1a: Glimmora|ability: Toxic Debris
|-sidestart|p2: hjsjhfja|move: Toxic Spikes
|move|p1a: Glimmora|Sludge Bomb|p2a: Iron Valiant
|-supereffective|p2a: Iron Valiant
|-damage|p2a: Iron Valiant|0 fnt
|faint|p2a: Iron Valiant
|-end|p2a: Iron Valiant|Quark Drive|[silent]
|
|-weather|RainDance|[upkeep]
|upkeep
|
|t:|1769419213
|switch|p2a: Garchomp|Garchomp, M|100/100
|-status|p2a: Garchomp|psn
|turn|8
|
|t:|1769419220
|move|p2a: Garchomp|Dragon Claw|p1a: Glimmora
|-damage|p1a: Glimmora|0 fnt
|-activate|p1a: Glimmora|ability: Toxic Debris
|-sidestart|p2: hjsjhfja|move: Toxic Spikes
|faint|p1a: Glimmora
|
|-weather|RainDance|[upkeep]
|-damage|p2a: Garchomp|88/100 psn|[from] psn
|upkeep
|
|t:|1769419224
|switch|p1a: Beartic|Beartic, F|100/100
|turn|9
|
|t:|1769419234
|-terastallize|p2a: Garchomp|Steel
|move|p1a: Beartic|Swords Dance|p1a: Beartic
|-boost|p1a: Beartic|atk|2
|move|p2a: Garchomp|Swords Dance|p2a: Garchomp
|-boost|p2a: Garchomp|atk|2
|
|-weather|none
|-heal|p2a: Garchomp|94/100 psn|[from] item: Leftovers
|-damage|p2a: Garchomp|82/100 psn|[from] psn
|upkeep
|turn|10
|
|t:|1769419246
|move|p2a: Garchomp|Dragon Claw|p1a: Beartic
|-damage|p1a: Beartic|0 fnt
|faint|p1a: Beartic
|
|-heal|p2a: Garchomp|88/100 psn|[from] item: Leftovers
|-damage|p2a: Garchomp|76/100 psn|[from] psn
|upkeep
|
|t:|1769419250
|switch|p1a: Zapdos|Zapdos|100/100
|turn|11
|
|t:|1769419254
|move|p2a: Garchomp|Dragon Claw|p1a: Zapdos
|-damage|p1a: Zapdos|7/100
|move|p1a: Zapdos|Thunder|p2a: Garchomp
|-damage|p2a: Garchomp|0 fnt
|faint|p2a: Garchomp
|-damage|p1a: Zapdos|0 fnt|[from] item: Life Orb
|faint|p1a: Zapdos
|
|upkeep
|
|t:|1769419263
|switch|p2a: Heatran|Heatran, M|100/100
|switch|p1a: Kingambit|Kingambit, F|100/100
|-activate|p1a: Kingambit|ability: Supreme Overlord
|-start|p1a: Kingambit|fallen5|[silent]
|turn|12
|
|t:|1769419270
|-terastallize|p1a: Kingambit|Flying
|move|p2a: Heatran|Flamethrower|p1a: Kingambit
|-damage|p1a: Kingambit|58/100
|move|p1a: Kingambit|Brick Break|p2a: Heatran
|-supereffective|p2a: Heatran
|-damage|p2a: Heatran|12/100
|
|-heal|p2a: Heatran|18/100|[from] item: Leftovers
|-heal|p1a: Kingambit|64/100|[from] item: Leftovers
|upkeep
|turn|13
|
|t:|1769419283
|move|p1a: Kingambit|Sucker Punch|p2a: Heatran
|-damage|p2a: Heatran|0 fnt
|faint|p2a: Heatran
|
|-heal|p1a: Kingambit|70/100|[from] item: Leftovers
|upkeep
|
|t:|1769419289
|switch|p2a: Gyarados|Gyarados, M, shiny|100/100
|-ability|p2a: Gyarados|Intimidate|boost
|-unboost|p1a: Kingambit|atk|1
|turn|14
|
|t:|1769419293
|move|p2a: Gyarados|Dragon Dance|p2a: Gyarados
|-boost|p2a: Gyarados|atk|1
|-boost|p2a: Gyarados|spe|1
|move|p1a: Kingambit|Swords Dance|p1a: Kingambit
|-boost|p1a: Kingambit|atk|2
|
|-heal|p1a: Kingambit|76/100|[from] item: Leftovers
|upkeep
|turn|15
|
|t:|1769419302
|move|p1a: Kingambit|Sucker Punch|p2a: Gyarados
|-damage|p2a: Gyarados|0 fnt
|faint|p2a: Gyarados
|
|-heal|p1a: Kingambit|83/100|[from] item: Leftovers
|upkeep
|
|t:|1769419307
|switch|p2a: Tinkaton|Tinkaton, F|100/100
|-ability|p2a: Tinkaton|Mold Breaker
|turn|16
|
|t:|1769419315
|move|p2a: Tinkaton|Ice Hammer|p1a: Kingambit|[miss]
|-miss|p2a: Tinkaton|p1a: Kingambit
|move|p1a: Kingambit|Iron Head|p2a: Tinkaton
|-enditem|p2a: Tinkaton|Focus Sash
|-damage|p2a: Tinkaton|1/100
|
|-heal|p1a: Kingambit|89/100|[from] item: Leftovers
|upkeep
|turn|17
|
|t:|1769419323
|move|p1a: Kingambit|Sucker Punch|p2a: Tinkaton
|-resisted|p2a: Tinkaton
|-damage|p2a: Tinkaton|0 fnt
|faint|p2a: Tinkaton
|
|win|Egederboss
|raw|Egederboss's rating: 1230 &rarr; <strong>1254</strong><br />(+24 for winning)
|raw|hjsjhfja's rating: 1211 &rarr; <strong>1187</strong><br />(-24 for losing)
|l|‽hjsjhfja
|player|p2|
|l|☆Egederboss
|player|p1|
