|j|☆Trainer #39
|j|☆drainhit
|t:|1769423670
|gametype|singles
|player|p1|Trainer #39|bugsy|1674
|player|p2|drainhit|ghetsis-gen5bw|1795
|gen|9
|tier|[Gen 9] OU
|rated|
|rule|HP Percentage Mod: HP is shown in percentages
|rule|Endless Battle Clause: Forcing endless battles is banned
|rule|Species Clause: Limit one of each Pokémon
|rule|OHKO Clause: OHKO moves are banned
|rule|Evasion Items Clause: Evasion items are banned
|rule|Evasion Moves Clause: Evasion moves are banned
|rule|Evasion Abilities Clause: Evasion abilities are banned
|rule|Sleep Moves Clause: Sleep-inducing moves are banned
|clearpoke
|poke|p1|Blissey, F|
|poke|p1|Corviknight, M|
|poke|p1|Dondozo, M|
|poke|p1|Gliscor, M|
|poke|p1|Clefable, M|
|poke|p1|Slowking-Galar, M|
|poke|p2|Iron Moth|
|poke|p2|Raging Bolt|
|poke|p2|Great Tusk|
|poke|p2|Zamazenta-*|
|poke|p2|Iron Valiant|
|poke|p2|Ogerpon-Cornerstone, F|
|teampreview
|
|t:|1769423681
|teamsize|p1|6
|teamsize|p2|6
|start
|switch|p1a: Free Palestine|Gliscor, M|100/100
|switch|p2a: Ogerpon|Ogerpon-Cornerstone, F|100/100
|turn|1
|
|t:|1769423685
|move|p1a: Free Palestine|Protect|p1a: Free Palestine
|-singleturn|p1a: Free Palestine|Protect
|move|p2a: Ogerpon|Swords Dance|p2a: Ogerpon
|-boost|p2a: Ogerpon|atk|2
|
|-status|p1a: Free Palestine|tox|[from] item: Toxic Orb
|upkeep
|turn|2
|
|t:|1769423689
|move|p2a: Ogerpon|Ivy Cudgel|p1a: Free Palestine|[anim] Ivy Cudgel Rock
|-damage|p1a: Free Palestine|21/100 tox
|move|p1a: Free Palestine|Toxic|p2a: Ogerpon
|-status|p2a: Ogerpon|tox
|
|-damage|p2a: Ogerpon|95/100 tox|[from] psn
|-heal|p1a: Free Palestine|34/100 tox|[from] ability: Poison Heal
|upkeep
|turn|3
|inactive|Battle timer is ON: inactive players will automatically lose when time's up. (requested by Trainer #39)
|
|t:|1769423692
|move|p1a: Free Palestine|Protect|p1a: Free Palestine
|-singleturn|p1a: Free Palestine|Protect
|move|p2a: Ogerpon|Swords Dance|p2a: Ogerpon
|-boost|p2a: Ogerpon|atk|2
|
|-damage|p2a: Ogerpon|83/100 tox|[from] psn
|-heal|p1a: Free Palestine|46/100 tox|[from] ability: Poison Heal
|upkeep
|turn|4
|
|t:|1769423694
|switch|p1a: 808 and curses|Dondozo, M|100/100
|move|p2a: Ogerpon|Horn Leech|p1a: 808 and curses
|-supereffective|p1a: 808 and curses
|-crit|p1a: 808 and curses
|-damage|p1a: 808 and curses|39/100
|-heal|p2a: Ogerpon|100/100 tox|[from] drain|[of] p1a: 808 and curses
|
|-heal|p1a: 808 and curses|45/100|[from] item: Leftovers
|-damage|p2a: Ogerpon|83/100 tox|[from] psn
|upkeep
|turn|5
|
|t:|1769423697
|move|p2a: Ogerpon|Horn Leech|p1a: 808 and curses
|-supereffective|p1a: 808 and curses
|-damage|p1a: 808 and curses|4/100
|-heal|p2a: Ogerpon|100/100 tox|[from] drain|[of] p1a: 808 and curses
|move|p1a: 808 and curses|Rest|p1a: 808 and curses
|-status|p1a: 808 and curses|slp|[from] move: Rest
|-heal|p1a: 808 and curses|100/100 slp|[silent]
|
|-damage|p2a: Ogerpon|77/100 tox|[from] psn
|upkeep
|turn|6
|
|t:|1769423700
|move|p2a: Ogerpon|Ivy Cudgel|p1a: 808 and curses|[anim] Ivy Cudgel Rock
|-damage|p1a: 808 and curses|76/100 slp
|cant|p1a: 808 and curses|slp
|move|p1a: 808 and curses|Sleep Talk|p1a: 808 and curses
|move|p1a: 808 and curses|Waterfall|p2a: Ogerpon|[from] move: Sleep Talk
|-damage|p2a: Ogerpon|39/100 tox
|
|-heal|p1a: 808 and curses|83/100 slp|[from] item: Leftovers
|-damage|p2a: Ogerpon|9/100 tox|[from] psn
|upkeep
|turn|7
|
|t:|1769423703
|move|p2a: Ogerpon|Horn Leech|p1a: 808 and curses
|-supereffective|p1a: 808 and curses
|-damage|p1a: 808 and curses|42/100 slp
|-heal|p2a: Ogerpon|43/100 tox|[from] drain|[of] p1a: 808 and curses
|cant|p1a: 808 and curses|slp
|move|p1a: 808 and curses|Sleep Talk|p1a: 808 and curses
|move|p1a: 808 and curses|Waterfall|p2a: Ogerpon|[from] move: Sleep Talk
|-damage|p2a: Ogerpon|7/100 tox
|
|-heal|p1a: 808 and curses|48/100 slp|[from] item: Leftovers
|-damage|p2a: Ogerpon|0 fnt|[from] psn
|faint|p2a: Ogerpon
|upkeep
|
|t:|1769423707
|switch|p2a: Iron Valiant|Iron Valiant, shiny|100/100
|-enditem|p2a: Iron Valiant|Booster Energy
|-activate|p2a: Iron Valiant|ability: Quark Drive|[fromitem]
|-start|p2a: Iron Valiant|quarkdrivespe
|turn|8
|
|t:|1769423712
|switch|p1a: Charli xcx|Clefable, M|100/100
|move|p2a: Iron Valiant|Moonblast|p1a: Charli xcx
|-damage|p1a: Charli xcx|69/100
|-unboost|p1a: Charli xcx|spa|1
|
|upkeep
|turn|9
|
|t:|1769423718
|-terastallize|p2a: Iron Valiant|Steel
|move|p2a: Iron Valiant|Moonblast|p1a: Charli xcx
|-damage|p1a: Charli xcx|38/100
|move|p1a: Charli xcx|Wish|p1a: Charli xcx
|
|upkeep
|turn|10
|
|t:|1769423723
|move|p2a: Iron Valiant|Moonblast|p1a: Charli xcx
|-crit|p1a: Charli xcx
|-damage|p1a: Charli xcx|0 fnt
|faint|p1a: Charli xcx
|
|upkeep
|
|t:|1769423734
|switch|p1a: Free Palestine|Gliscor, M|46/100 tox
|turn|11
|
|t:|1769423735
|move|p1a: Free Palestine|Protect|p1a: Free Palestine
|-singleturn|p1a: Free Palestine|Protect
|move|p2a: Iron Valiant|Moonblast|p1a: Free Palestine
|-activate|p1a: Free Palestine|move: Protect
|
|-heal|p1a: Free Palestine|59/100 tox|[from] ability: Poison Heal
|upkeep
|turn|12
|
|t:|1769423738
|switch|p1a: Save Sudan|Slowking-Galar, M|100/100
|move|p2a: Iron Valiant|Moonblast|p1a: Save Sudan
|-resisted|p1a: Save Sudan
|-damage|p1a: Save Sudan|83/100
|-unboost|p1a: Save Sudan|spa|1
|
|upkeep
|turn|13
|
|t:|1769423740
|move|p2a: Iron Valiant|Shadow Ball|p1a: Save Sudan
|-supereffective|p1a: Save Sudan
|-damage|p1a: Save Sudan|43/100
|-unboost|p1a: Save Sudan|spd|1
|move|p1a: Save Sudan|Trick|p2a: Iron Valiant
|-activate|p1a: Save Sudan|move: Trick|[of] p2a: Iron Valiant
|-item|p2a: Iron Valiant|Choice Scarf|[from] move: Trick
|-enditem|p1a: Save Sudan|Choice Scarf|[silent]|[from] move: Trick
|
|upkeep
|turn|14
|
|t:|1769423744
|move|p2a: Iron Valiant|Moonblast|p1a: Save Sudan
|-resisted|p1a: Save Sudan
|-damage|p1a: Save Sudan|17/100
|move|p1a: Save Sudan|Thunder Wave|p2a: Iron Valiant
|-status|p2a: Iron Valiant|par
|
|upkeep
|turn|15
|j| scarfwake
|
|t:|1769423749
|switch|p1a: Trump is low IQ|Corviknight, M|100/100
|-ability|p1a: Trump is low IQ|Pressure
|cant|p2a: Iron Valiant|par
|
|upkeep
|turn|16
|
|t:|1769423751
|switch|p1a: Save Sudan|Slowking-Galar, M|50/100
|move|p2a: Iron Valiant|Moonblast|p1a: Save Sudan
|-resisted|p1a: Save Sudan
|-damage|p1a: Save Sudan|31/100
|
|upkeep
|turn|17
|
|t:|1769423759
|-end|p2a: Iron Valiant|Quark Drive|[silent]
|switch|p2a: Great Tusk|Great Tusk|100/100
|-enditem|p2a: Great Tusk|Booster Energy
|-activate|p2a: Great Tusk|ability: Protosynthesis|[fromitem]
|-start|p2a: Great Tusk|protosynthesisspe
|move|p1a: Save Sudan|Future Sight|p2a: Great Tusk
|-start|p1a: Save Sudan|move: Future Sight
|
|upkeep
|turn|18
|
|t:|1769423764
|switch|p1a: Trump is low IQ|Corviknight, M|100/100
|-ability|p1a: Trump is low IQ|Pressure
|move|p2a: Great Tusk|Ice Spinner|p1a: Trump is low IQ
|-damage|p1a: Trump is low IQ|86/100
|-damage|p2a: Great Tusk|84/100|[from] item: Rocky Helmet|[of] p1a: Trump is low IQ
|
|upkeep
|turn|19
|
|t:|1769423767
|-end|p2a: Great Tusk|Protosynthesis|[silent]
|switch|p2a: Iron Valiant|Iron Valiant, shiny, tera:Steel|100/100 par
|move|p1a: Trump is low IQ|U-turn|p2a: Iron Valiant
|-resisted|p2a: Iron Valiant
|-damage|p2a: Iron Valiant|90/100 par
|
|t:|1769423770
|switch|p1a: Free Palestine|Gliscor, M|59/100 tox|[from] U-turn
|
|-end|p2a: Iron Valiant|move: Future Sight
|-resisted|p2a: Iron Valiant
|-damage|p2a: Iron Valiant|53/100 par
|-heal|p1a: Free Palestine|71/100 tox|[from] ability: Poison Heal
|upkeep
|turn|20
|
|t:|1769423772
|cant|p2a: Iron Valiant|par
|move|p1a: Free Palestine|Substitute|p1a: Free Palestine
|-start|p1a: Free Palestine|Substitute
|-damage|p1a: Free Palestine|46/100 tox
|
|-heal|p1a: Free Palestine|59/100 tox|[from] ability: Poison Heal
|upkeep
|turn|21
|
|t:|1769423775
|move|p2a: Iron Valiant|Moonblast|p1a: Free Palestine
|-end|p1a: Free Palestine|Substitute
|move|p1a: Free Palestine|Earthquake|p2a: Iron Valiant
|-supereffective|p2a: Iron Valiant
|-damage|p2a: Iron Valiant|0 fnt
|faint|p2a: Iron Valiant
|-end|p2a: Iron Valiant|Quark Drive|[silent]
|
|-heal|p1a: Free Palestine|71/100 tox|[from] ability: Poison Heal
|upkeep
|
|t:|1769423778
|switch|p2a: Great Tusk|Great Tusk|84/100
|turn|22
|
|t:|1769423782
|switch|p1a: Trump is low IQ|Corviknight, M|86/100
|-ability|p1a: Trump is low IQ|Pressure
|move|p2a: Great Tusk|Ice Spinner|p1a: Trump is low IQ
|-damage|p1a: Trump is low IQ|72/100
|-damage|p2a: Great Tusk|67/100|[from] item: Rocky Helmet|[of] p1a: Trump is low IQ
|
|upkeep
|turn|23
|
|t:|1769423800
|move|p2a: Great Tusk|Bulk Up|p2a: Great Tusk
|-boost|p2a: Great Tusk|atk|1
|-boost|p2a: Great Tusk|def|1
|move|p1a: Trump is low IQ|Brave Bird|p2a: Great Tusk
|-supereffective|p2a: Great Tusk
|-damage|p2a: Great Tusk|36/100
|-damage|p1a: Trump is low IQ|60/100|[from] Recoil
|
|upkeep
|turn|24
|
|t:|1769423804
|move|p2a: Great Tusk|Ice Spinner|p1a: Trump is low IQ
|-damage|p1a: Trump is low IQ|40/100
|-damage|p2a: Great Tusk|19/100|[from] item: Rocky Helmet|[of] p1a: Trump is low IQ
|move|p1a: Trump is low IQ|U-turn|p2a: Great Tusk
|-resisted|p2a: Great Tusk
|-damage|p2a: Great Tusk|16/100
|
|t:|1769423807
|switch|p1a: 808 and curses|Dondozo, M|48/100 slp|[from] U-turn
|
|-heal|p1a: 808 and curses|54/100 slp|[from] item: Leftovers
|upkeep
|turn|25
|
|t:|1769423810
|move|p2a: Great Tusk|Headlong Rush|p1a: 808 and curses
|-damage|p1a: 808 and curses|31/100 slp
|-unboost|p2a: Great Tusk|def|1
|-unboost|p2a: Great Tusk|spd|1
|-curestatus|p1a: 808 and curses|slp|[msg]
|move|p1a: 808 and curses|Waterfall|p2a: Great Tusk
|-supereffective|p2a: Great Tusk
|-damage|p2a: Great Tusk|0 fnt
|faint|p2a: Great Tusk
|-end|p2a: Great Tusk|Protosynthesis|[silent]
|
|-heal|p1a: 808 and curses|38/100|[from] item: Leftovers
|upkeep
|
|t:|1769423815
|switch|p2a: Raging Bolt|Raging Bolt|100/100
|-enditem|p2a: Raging Bolt|Booster Energy
|-activate|p2a: Raging Bolt|ability: Protosynthesis|[fromitem]
|-start|p2a: Raging Bolt|protosynthesisspa
|turn|26
|
|t:|1769423820
|switch|p1a: Save Sudan|Slowking-Galar, M|64/100
|move|p2a: Raging Bolt|Calm Mind|p2a: Raging Bolt
|-boost|p2a: Raging Bolt|spa|1
|-boost|p2a: Raging Bolt|spd|1
|
|upkeep
|turn|27
|j| PCCWVictorMa
|
|t:|1769423842
|move|p2a: Raging Bolt|Calm Mind|p2a: Raging Bolt
|-boost|p2a: Raging Bolt|spa|1
|-boost|p2a: Raging Bolt|spd|1
|move|p1a: Save Sudan|Sludge Bomb|p2a: Raging Bolt
|-damage|p2a: Raging Bolt|85/100
|
|upkeep
|turn|28
|
|t:|1769423847
|move|p2a: Raging Bolt|Calm Mind|p2a: Raging Bolt
|-boost|p2a: Raging Bolt|spa|1
|-boost|p2a: Raging Bolt|spd|1
|move|p1a: Save Sudan|Sludge Bomb|p2a: Raging Bolt
|-damage|p2a: Raging Bolt|73/100
|
|upkeep
|turn|29
|
|t:|1769423849
|move|p2a: Raging Bolt|Thunderbolt|p1a: Save Sudan
|-damage|p1a: Save Sudan|0 fnt
|faint|p1a: Save Sudan
|
|upkeep
|
|t:|1769423854
|switch|p1a: Free Palestine|Gliscor, M|71/100 tox
|turn|30
|
|t:|1769423864
|move|p1a: Free Palestine|Protect|p1a: Free Palestine
|-singleturn|p1a: Free Palestine|Protect
|move|p2a: Raging Bolt|Dragon Pulse|p1a: Free Palestine
|-activate|p1a: Free Palestine|move: Protect
|
|-heal|p1a: Free Palestine|84/100 tox|[from] ability: Poison Heal
|upkeep
|turn|31
|
|t:|1769423865
|move|p1a: Free Palestine|Toxic|p2a: Raging Bolt|[miss]
|-miss|p1a: Free Palestine|p2a: Raging Bolt
|move|p2a: Raging Bolt|Dragon Pulse|p1a: Free Palestine
|-damage|p1a: Free Palestine|0 fnt
|faint|p1a: Free Palestine
|
|upkeep
|
|t:|1769423867
|switch|p1a: brat|Blissey, F|100/100
|turn|32
|
|t:|1769423873
|move|p2a: Raging Bolt|Thunderbolt|p1a: brat
|-damage|p1a: brat|40/100
|move|p1a: brat|Calm Mind|p1a: brat
|-boost|p1a: brat|spa|1
|-boost|p1a: brat|spd|1
|
|upkeep
|turn|33
|
|t:|1769423876
|move|p2a: Raging Bolt|Thunderbolt|p1a: brat
|-damage|p1a: brat|0 fnt
|faint|p1a: brat
|
|upkeep
|-message|Trainer #39 forfeited.
|
|win|drainhit
|raw|Trainer #39's rating: 1674 &rarr; <strong>1661</strong><br />(-13 for losing)
|raw|drainhit's rating: 1795 &rarr; <strong>1808</strong><br />(+13 for winning)
|l|☆Trainer #39
|player|p1|
|l|☆drainhit
|player|p2|
|l| scarfwake
|l| PCCWVictorMa
