|j|☆Wifegonefishplenty
|j|‽qiyange
|t:|1769428488
|gametype|singles
|player|p1|Wifegonefishplenty|fisherman|1154
|player|p2|qiyange|170|1164
|gen|9
|tier|[Gen 9] OU
|rated|
|rule|HP Percentage Mod: HP is shown in percentages
|rule|Endless Battle Clause: Forcing endless battles is banned
|rule|Species Clause: Limit one of each Pokémon
|rule|OHKO Clause: OHKO moves are banned
|rule|Evasion Items Clause: Evasion items are banned
|rule|Evasion Moves Clause: Evasion moves are banned
|rule|Evasion Abilities Clause: Evasion abilities are banned
|rule|Sleep Moves Clause: Sleep-inducing moves are banned
|clearpoke
|poke|p1|Yanmega, F|
|poke|p1|Kommo-o, F|
|poke|p1|Gengar, F|
|poke|p1|Basculin-Blue-Striped, F|
|poke|p1|Thundurus, M|
|poke|p1|Drednaw, F|
|poke|p2|Corviknight, M|
|poke|p2|Ting-Lu|
|poke|p2|Hatterene, F|
|poke|p2|Zamazenta-*|
|poke|p2|Latias, F|
|poke|p2|Heatran, F|
|teampreview
|inactive|Battle timer is ON: inactive players will automatically lose when time's up. (requested by Wifegonefishplenty)
|
|t:|1769428497
|teamsize|p1|6
|teamsize|p2|6
|start
|switch|p1a: My lawd|Drednaw, F|100/100
|switch|p2a: Zamazenta|Zamazenta|100/100
|-ability|p2a: Zamazenta|Dauntless Shield|boost
|-boost|p2a: Zamazenta|def|1
|turn|1
|
|t:|1769428513
|move|p2a: Zamazenta|Reflect|p2a: Zamazenta
|-sidestart|p2: qiyange|Reflect
|move|p1a: My lawd|Shell Smash|p1a: My lawd
|-unboost|p1a: My lawd|def|1
|-unboost|p1a: My lawd|spd|1
|-boost|p1a: My lawd|atk|2
|-boost|p1a: My lawd|spa|2
|-boost|p1a: My lawd|spe|2
|-enditem|p1a: My lawd|White Herb
|-clearnegativeboost|p1a: My lawd|[silent]
|
|upkeep
|turn|2
|
|t:|1769428526
|move|p1a: My lawd|Ice Fang|p2a: Zamazenta
|-damage|p2a: Zamazenta|83/100
|move|p2a: Zamazenta|Light Screen|p2a: Zamazenta
|-sidestart|p2: qiyange|move: Light Screen
|
|upkeep
|turn|3
|
|t:|1769428532
|move|p1a: My lawd|Ice Fang|p2a: Zamazenta
|-damage|p2a: Zamazenta|67/100
|move|p2a: Zamazenta|Roar|p1a: My lawd
|drag|p1a: Honoured fish|Basculin-Blue-Striped, F|100/100
|
|upkeep
|turn|4
|
|t:|1769428545
|switch|p2a: Corviknight|Corviknight, M|100/100
|-ability|p2a: Corviknight|Pressure
|move|p1a: Honoured fish|Psychic Fangs|p2a: Corviknight
|-sideend|p2: qiyange|Reflect
|-sideend|p2: qiyange|move: Light Screen
|-resisted|p2a: Corviknight
|-damage|p2a: Corviknight|87/100
|-damage|p1a: Honoured fish|91/100|[from] item: Life Orb
|
|-heal|p2a: Corviknight|94/100|[from] item: Leftovers
|upkeep
|turn|5
|
|t:|1769428555
|move|p1a: Honoured fish|Head Smash|p2a: Corviknight
|-damage|p2a: Corviknight|53/100
|-damage|p1a: Honoured fish|81/100|[from] item: Life Orb
|move|p2a: Corviknight|Agility|p2a: Corviknight
|-boost|p2a: Corviknight|spe|2
|
|-heal|p2a: Corviknight|60/100|[from] item: Leftovers
|upkeep
|turn|6
|
|t:|1769428572
|move|p2a: Corviknight|Bulk Up|p2a: Corviknight
|-boost|p2a: Corviknight|atk|1
|-boost|p2a: Corviknight|def|1
|move|p1a: Honoured fish|Rain Dance|p1a: Honoured fish
|-weather|RainDance
|
|-weather|RainDance|[upkeep]
|-heal|p2a: Corviknight|66/100|[from] item: Leftovers
|upkeep
|turn|7
|
|t:|1769428579
|move|p2a: Corviknight|Power Trip|p1a: Honoured fish
|-damage|p1a: Honoured fish|28/100
|move|p1a: Honoured fish|Wave Crash|p2a: Corviknight
|-damage|p2a: Corviknight|12/100
|-damage|p1a: Honoured fish|18/100|[from] item: Life Orb
|
|-weather|RainDance|[upkeep]
|-heal|p2a: Corviknight|19/100|[from] item: Leftovers
|upkeep
|turn|8
|
|t:|1769428588
|move|p2a: Corviknight|Power Trip|p1a: Honoured fish
|-damage|p1a: Honoured fish|0 fnt
|faint|p1a: Honoured fish
|
|-weather|RainDance|[upkeep]
|-heal|p2a: Corviknight|25/100|[from] item: Leftovers
|upkeep
|
|t:|1769428591
|switch|p1a: Big man upstairs|Thundurus, M|100/100
|turn|9
|
|t:|1769428600
|move|p2a: Corviknight|Roost|p2a: Corviknight
|-heal|p2a: Corviknight|75/100
|-singleturn|p2a: Corviknight|move: Roost
|move|p1a: Big man upstairs|Thunder|p2a: Corviknight
|-damage|p2a: Corviknight|22/100
|
|-weather|RainDance|[upkeep]
|-heal|p2a: Corviknight|28/100|[from] item: Leftovers
|upkeep
|turn|10
|
|t:|1769428609
|move|p1a: Big man upstairs|Thunder Wave|p2a: Corviknight
|-status|p2a: Corviknight|par
|move|p2a: Corviknight|Power Trip|p1a: Big man upstairs
|-damage|p1a: Big man upstairs|51/100
|
|-weather|none
|-heal|p2a: Corviknight|34/100 par|[from] item: Leftovers
|upkeep
|turn|11
|
|t:|1769428620
|switch|p2a: Ting-Lu|Ting-Lu|100/100
|-ability|p2a: Ting-Lu|Vessel of Ruin
|move|p1a: Big man upstairs|Nasty Plot|p1a: Big man upstairs
|-boost|p1a: Big man upstairs|spa|2
|
|upkeep
|turn|12
|
|t:|1769428631
|move|p1a: Big man upstairs|Grass Knot|p2a: Ting-Lu
|-supereffective|p2a: Ting-Lu
|-damage|p2a: Ting-Lu|37/100
|move|p2a: Ting-Lu|Stone Edge|p1a: Big man upstairs|[miss]
|-miss|p2a: Ting-Lu|p1a: Big man upstairs
|
|upkeep
|turn|13
|
|t:|1769428639
|move|p1a: Big man upstairs|Grass Knot|p2a: Ting-Lu
|-supereffective|p2a: Ting-Lu
|-damage|p2a: Ting-Lu|0 fnt
|faint|p2a: Ting-Lu
|
|upkeep
|
|t:|1769428646
|switch|p2a: Zamazenta|Zamazenta|67/100
|turn|14
|
|t:|1769428651
|move|p1a: Big man upstairs|Thunder Wave|p2a: Zamazenta
|-status|p2a: Zamazenta|par
|cant|p2a: Zamazenta|par
|
|upkeep
|turn|15
|
|t:|1769428656
|move|p1a: Big man upstairs|Thunder|p2a: Zamazenta|[miss]
|-miss|p1a: Big man upstairs|p2a: Zamazenta
|cant|p2a: Zamazenta|par
|
|upkeep
|turn|16
|
|t:|1769428661
|move|p1a: Big man upstairs|Thunder|p2a: Zamazenta
|-damage|p2a: Zamazenta|0 fnt
|faint|p2a: Zamazenta
|
|upkeep
|
|t:|1769428667
|switch|p2a: Heatran|Heatran, F|100/100
|turn|17
|
|t:|1769428671
|move|p2a: Heatran|Power Gem|p1a: Big man upstairs
|-supereffective|p1a: Big man upstairs
|-damage|p1a: Big man upstairs|0 fnt
|faint|p1a: Big man upstairs
|
|upkeep
|
|t:|1769428675
|switch|p1a: My lawd|Drednaw, F|100/100
|turn|18
|
|t:|1769428693
|switch|p2a: Latias|Latias, F|100/100
|move|p1a: My lawd|Rock Blast|p2a: Latias|[miss]
|-miss|p1a: My lawd|p2a: Latias
|
|upkeep
|turn|19
|
|t:|1769428702
|move|p2a: Latias|Calm Mind|p2a: Latias
|-boost|p2a: Latias|spa|1
|-boost|p2a: Latias|spd|1
|move|p1a: My lawd|Shell Smash|p1a: My lawd
|-unboost|p1a: My lawd|def|1
|-unboost|p1a: My lawd|spd|1
|-boost|p1a: My lawd|atk|2
|-boost|p1a: My lawd|spa|2
|-boost|p1a: My lawd|spe|2
|
|upkeep
|turn|20
|
|t:|1769428717
|-terastallize|p2a: Latias|Dragon
|move|p1a: My lawd|Crunch|p2a: Latias
|-damage|p2a: Latias|21/100
|-unboost|p2a: Latias|def|1
|move|p2a: Latias|Stored Power|p1a: My lawd
|-damage|p1a: My lawd|31/100
|
|upkeep
|turn|21
|
|t:|1769428738
|switch|p2a: Heatran|Heatran, F|100/100
|move|p1a: My lawd|Ice Fang|p2a: Heatran
|-resisted|p2a: Heatran
|-damage|p2a: Heatran|85/100
|
|upkeep
|turn|22
|c|☆Wifegonefishplenty|My lawd a snapping turla
|
|t:|1769428748
|move|p1a: My lawd|Crunch|p2a: Heatran
|-damage|p2a: Heatran|7/100
|-unboost|p2a: Heatran|def|1
|move|p2a: Heatran|Earth Power|p1a: My lawd
|-supereffective|p1a: My lawd
|-damage|p1a: My lawd|0 fnt
|faint|p1a: My lawd
|
|upkeep
|
|t:|1769428752
|switch|p1a: Jet engine|Yanmega, F|100/100
|turn|23
|
|t:|1769428762
|switch|p2a: Corviknight|Corviknight, M|34/100 par
|-ability|p2a: Corviknight|Pressure
|move|p1a: Jet engine|Air Slash|p2a: Corviknight
|-resisted|p2a: Corviknight
|-damage|p2a: Corviknight|8/100 par
|-damage|p1a: Jet engine|91/100|[from] item: Life Orb
|
|-heal|p2a: Corviknight|14/100 par|[from] item: Leftovers
|-ability|p1a: Jet engine|Speed Boost|boost
|-boost|p1a: Jet engine|spe|1
|upkeep
|turn|24
|
|t:|1769428772
|move|p1a: Jet engine|Air Slash|p2a: Corviknight
|-resisted|p2a: Corviknight
|-damage|p2a: Corviknight|0 fnt
|faint|p2a: Corviknight
|-damage|p1a: Jet engine|81/100|[from] item: Life Orb
|
|-ability|p1a: Jet engine|Speed Boost|boost
|-boost|p1a: Jet engine|spe|1
|upkeep
|
|t:|1769428780
|switch|p2a: Hatterene|Hatterene, F|100/100
|turn|25
|
|t:|1769428784
|move|p1a: Jet engine|Bug Buzz|p2a: Hatterene
|-damage|p2a: Hatterene|32/100
|-damage|p1a: Jet engine|71/100|[from] item: Life Orb
|move|p2a: Hatterene|Calm Mind|p2a: Hatterene
|-boost|p2a: Hatterene|spa|1
|-boost|p2a: Hatterene|spd|1
|
|-heal|p2a: Hatterene|38/100|[from] item: Leftovers
|-ability|p1a: Jet engine|Speed Boost|boost
|-boost|p1a: Jet engine|spe|1
|upkeep
|turn|26
|
|t:|1769428794
|move|p1a: Jet engine|Bug Buzz|p2a: Hatterene
|-damage|p2a: Hatterene|0 fnt
|faint|p2a: Hatterene
|-damage|p1a: Jet engine|61/100|[from] item: Life Orb
|
|-ability|p1a: Jet engine|Speed Boost|boost
|-boost|p1a: Jet engine|spe|1
|upkeep
|-message|qiyange forfeited.
|
|win|Wifegonefishplenty
|raw|Wifegonefishplenty's rating: 1154 &rarr; <strong>1180</strong><br />(+26 for winning)
|raw|qiyange's rating: 1164 &rarr; <strong>1138</strong><br />(-26 for losing)
|l|‽qiyange
|player|p2|
|l|☆Wifegonefishplenty
|player|p1|
