|j|☆Newplayereoreoreo
|j|☆bai9527
|t:|1769332249
|gametype|singles
|player|p1|Newplayereoreoreo|265|1075
|player|p2|bai9527|266|1079
|gen|9
|tier|[Gen 9] OU
|rated|
|rule|HP Percentage Mod: HP is shown in percentages
|rule|Endless Battle Clause: Forcing endless battles is banned
|rule|Species Clause: Limit one of each Pokémon
|rule|OHKO Clause: OHKO moves are banned
|rule|Evasion Items Clause: Evasion items are banned
|rule|Evasion Moves Clause: Evasion moves are banned
|rule|Evasion Abilities Clause: Evasion abilities are banned
|rule|Sleep Moves Clause: Sleep-inducing moves are banned
|clearpoke
|poke|p1|Rotom-Wash|
|poke|p1|Landorus-Therian, M|
|poke|p1|Gliscor, F|
|poke|p1|Iron Moth|
|poke|p1|Glimmora, F|
|poke|p1|Gholdengo|
|poke|p2|Greninja-*, F|
|poke|p2|Gholdengo|
|poke|p2|Slowking-Galar, F|
|poke|p2|Ribombee, F|
|poke|p2|Hitmontop, M|
|poke|p2|Okidogi, M|
|teampreview
|
|t:|1769332277
|teamsize|p1|6
|teamsize|p2|6
|start
|switch|p1a: Rotom|Rotom-Wash|100/100
|switch|p2a: Slowking|Slowking-Galar, F|100/100
|turn|1
|
|t:|1769332285
|move|p1a: Rotom|Substitute|p1a: Rotom
|-start|p1a: Rotom|Substitute
|-damage|p1a: Rotom|76/100
|move|p2a: Slowking|Future Sight|p1a: Rotom
|-start|p2a: Slowking|move: Future Sight
|
|upkeep
|turn|2
|
|t:|1769332289
|move|p1a: Rotom|Nasty Plot|p1a: Rotom
|-boost|p1a: Rotom|spa|2
|-prepare|p2a: Slowking|Chilly Reception|[premajor]
|move|p2a: Slowking|Chilly Reception|p2a: Slowking
|-weather|Snowscape
|
|t:|1769332299
|switch|p2a: Okidogi|Okidogi, M|100/100|[from] Chilly Reception
|
|-weather|Snowscape|[upkeep]
|upkeep
|turn|3
|
|t:|1769332306
|move|p1a: Rotom|Hydro Pump|p2a: Okidogi
|-damage|p2a: Okidogi|0 fnt
|faint|p2a: Okidogi
|-damage|p1a: Rotom|66/100|[from] item: Life Orb
|
|-weather|Snowscape|[upkeep]
|-end|p1a: Rotom|move: Future Sight
|-end|p1a: Rotom|Substitute
|upkeep
|
|t:|1769332316
|switch|p2a: Greninja|Greninja, F|100/100
|turn|4
|
|t:|1769332320
|move|p2a: Greninja|Dark Pulse|p1a: Rotom
|-start|p2a: Greninja|typechange|Dark|[from] ability: Protean
|-damage|p1a: Rotom|9/100
|-damage|p2a: Greninja|91/100|[from] item: Life Orb
|cant|p1a: Rotom|flinch
|
|-weather|Snowscape|[upkeep]
|upkeep
|turn|5
|
|t:|1769332333
|move|p2a: Greninja|Dark Pulse|p1a: Rotom
|-damage|p1a: Rotom|0 fnt
|faint|p1a: Rotom
|-damage|p2a: Greninja|81/100|[from] item: Life Orb
|
|-weather|Snowscape|[upkeep]
|upkeep
|
|t:|1769332355
|switch|p1a: Iron Moth|Iron Moth|100/100
|-enditem|p1a: Iron Moth|Booster Energy
|-activate|p1a: Iron Moth|ability: Quark Drive|[fromitem]
|-start|p1a: Iron Moth|quarkdrivespe
|turn|6
|
|t:|1769332361
|switch|p2a: Slowking|Slowking-Galar, F|100/100
|move|p1a: Iron Moth|Fiery Dance|p2a: Slowking
|-damage|p2a: Slowking|76/100
|-boost|p1a: Iron Moth|spa|1
|
|-weather|none
|-heal|p2a: Slowking|82/100|[from] item: Leftovers
|upkeep
|turn|7
|
|t:|1769332369
|move|p1a: Iron Moth|Fiery Dance|p2a: Slowking
|-damage|p2a: Slowking|47/100
|move|p2a: Slowking|Future Sight|p1a: Iron Moth
|-start|p2a: Slowking|move: Future Sight
|
|-heal|p2a: Slowking|53/100|[from] item: Leftovers
|upkeep
|turn|8
|
|t:|1769332380
|move|p1a: Iron Moth|Fiery Dance|p2a: Slowking
|-damage|p2a: Slowking|16/100
|-boost|p1a: Iron Moth|spa|1
|move|p2a: Slowking|Thunder Wave|p1a: Iron Moth
|-status|p1a: Iron Moth|par
|
|-heal|p2a: Slowking|22/100|[from] item: Leftovers
|upkeep
|turn|9
|
|t:|1769332391
|move|p1a: Iron Moth|Fiery Dance|p2a: Slowking
|-damage|p2a: Slowking|0 fnt
|-boost|p1a: Iron Moth|spa|1
|faint|p2a: Slowking
|
|-end|p1a: Iron Moth|move: Future Sight
|-supereffective|p1a: Iron Moth
|-damage|p1a: Iron Moth|10/100 par
|upkeep
|
|t:|1769332398
|switch|p2a: Hitmontop|Hitmontop, M|100/100
|turn|10
|
|t:|1769332401
|move|p2a: Hitmontop|Mach Punch|p1a: Iron Moth
|-resisted|p1a: Iron Moth
|-damage|p1a: Iron Moth|0 fnt
|faint|p1a: Iron Moth
|-end|p1a: Iron Moth|Quark Drive|[silent]
|
|upkeep
|
|t:|1769332410
|switch|p1a: Gholdengo|Gholdengo|100/100
|-item|p1a: Gholdengo|Air Balloon
|turn|11
|
|t:|1769332418
|switch|p2a: Greninja|Greninja, F|81/100
|move|p1a: Gholdengo|Substitute|p1a: Gholdengo
|-start|p1a: Gholdengo|Substitute
|-damage|p1a: Gholdengo|76/100
|
|upkeep
|turn|12
|
|t:|1769332435
|move|p2a: Greninja|Dark Pulse|p1a: Gholdengo
|-start|p2a: Greninja|typechange|Dark|[from] ability: Protean
|-supereffective|p1a: Gholdengo
|-end|p1a: Gholdengo|Substitute
|-enditem|p1a: Gholdengo|Air Balloon
|-damage|p2a: Greninja|71/100|[from] item: Life Orb
|move|p1a: Gholdengo|Nasty Plot|p1a: Gholdengo
|-boost|p1a: Gholdengo|spa|2
|
|upkeep
|turn|13
|
|t:|1769332445
|-terastallize|p1a: Gholdengo|Flying
|move|p2a: Greninja|Dark Pulse|p1a: Gholdengo
|-damage|p1a: Gholdengo|31/100
|-damage|p2a: Greninja|61/100|[from] item: Life Orb
|move|p1a: Gholdengo|Make It Rain|p2a: Greninja
|-damage|p2a: Greninja|0 fnt
|-unboost|p1a: Gholdengo|spa|1
|faint|p2a: Greninja
|
|upkeep
|
|t:|1769332459
|switch|p2a: Ribombee|Ribombee, F|100/100
|turn|14
|
|t:|1769332463
|move|p2a: Ribombee|Moonblast|p1a: Gholdengo
|-damage|p1a: Gholdengo|0 fnt
|faint|p1a: Gholdengo
|
|upkeep
|
|t:|1769332474
|switch|p1a: Glimmora|Glimmora, F|100/100
|turn|15
|
|t:|1769332488
|move|p2a: Ribombee|Quiver Dance|p2a: Ribombee
|-boost|p2a: Ribombee|spa|1
|-boost|p2a: Ribombee|spd|1
|-boost|p2a: Ribombee|spe|1
|move|p1a: Glimmora|Meteor Beam||[still]
|-prepare|p1a: Glimmora|Meteor Beam
|-boost|p1a: Glimmora|spa|1
|-enditem|p1a: Glimmora|Power Herb
|-anim|p1a: Glimmora|Meteor Beam|p2a: Ribombee
|-supereffective|p2a: Ribombee
|-enditem|p2a: Ribombee|Focus Sash
|-damage|p2a: Ribombee|1/100
|
|upkeep
|turn|16
|
|t:|1769332494
|move|p2a: Ribombee|Stored Power|p1a: Glimmora
|-supereffective|p1a: Glimmora
|-damage|p1a: Glimmora|17/100
|move|p1a: Glimmora|Sludge Wave|p2a: Ribombee
|-supereffective|p2a: Ribombee
|-damage|p2a: Ribombee|0 fnt
|faint|p2a: Ribombee
|
|upkeep
|
|t:|1769332505
|switch|p2a: Gholdengo|Gholdengo|100/100
|-item|p2a: Gholdengo|Air Balloon
|turn|17
|
|t:|1769332514
|move|p1a: Glimmora|Solar Beam||[still]
|-prepare|p1a: Glimmora|Solar Beam
|move|p2a: Gholdengo|Shadow Ball|p1a: Glimmora
|-damage|p1a: Glimmora|0 fnt
|faint|p1a: Glimmora
|
|upkeep
|
|t:|1769332521
|switch|p1a: Landorus|Landorus-Therian, M|100/100
|-ability|p1a: Landorus|Intimidate|boost
|-unboost|p2a: Gholdengo|atk|1
|turn|18
|
|t:|1769332530
|switch|p2a: Hitmontop|Hitmontop, M|100/100
|move|p1a: Landorus|U-turn|p2a: Hitmontop
|-resisted|p2a: Hitmontop
|-damage|p2a: Hitmontop|83/100
|
|t:|1769332534
|switch|p1a: Gliscor|Gliscor, F|100/100|[from] U-turn
|
|-heal|p2a: Hitmontop|89/100|[from] item: Leftovers
|-status|p1a: Gliscor|tox|[from] item: Toxic Orb
|upkeep
|turn|19
|
|t:|1769332548
|move|p1a: Gliscor|Earthquake|p2a: Hitmontop
|-damage|p2a: Hitmontop|50/100
|move|p2a: Hitmontop|Triple Axel|p1a: Gliscor
|-supereffective|p1a: Gliscor
|-damage|p1a: Gliscor|76/100 tox
|-supereffective|p1a: Gliscor
|-damage|p1a: Gliscor|24/100 tox
|-supereffective|p1a: Gliscor
|-damage|p1a: Gliscor|0 fnt
|faint|p1a: Gliscor
|-hitcount|p1: Gliscor|3
|
|-heal|p2a: Hitmontop|56/100|[from] item: Leftovers
|upkeep
|
|t:|1769332552
|switch|p1a: Landorus|Landorus-Therian, M|100/100
|-ability|p1a: Landorus|Intimidate|boost
|-unboost|p2a: Hitmontop|atk|1
|turn|20
|
|t:|1769332566
|switch|p2a: Gholdengo|Gholdengo|100/100
|-item|p2a: Gholdengo|Air Balloon
|move|p1a: Landorus|Earthquake|p2a: Gholdengo
|-immune|p2a: Gholdengo
|
|upkeep
|turn|21
|-message|Newplayereoreoreo forfeited.
|
|win|bai9527
|raw|Newplayereoreoreo's rating: 1075 &rarr; <strong>1054</strong><br />(-21 for losing)
|raw|bai9527's rating: 1079 &rarr; <strong>1107</strong><br />(+28 for winning)
|l|☆Newplayereoreoreo
|player|p1|
|l|☆bai9527
|player|p2|
