|j|☆Trimidi
|j|☆smexydevvi
|t:|1769336806
|gametype|singles
|player|p1|Trimidi|steven|1162
|player|p2|smexydevvi|janitor|1216
|gen|9
|tier|[Gen 9] OU
|rated|
|rule|HP Percentage Mod: HP is shown in percentages
|rule|Endless Battle Clause: Forcing endless battles is banned
|rule|Species Clause: Limit one of each Pokémon
|rule|OHKO Clause: OHKO moves are banned
|rule|Evasion Items Clause: Evasion items are banned
|rule|Evasion Moves Clause: Evasion moves are banned
|rule|Evasion Abilities Clause: Evasion abilities are banned
|rule|Sleep Moves Clause: Sleep-inducing moves are banned
|clearpoke
|poke|p1|Deoxys-Speed|
|poke|p1|Gliscor, F|
|poke|p1|Heatran, F|
|poke|p1|Rillaboom, F|
|poke|p1|Dragapult, M|
|poke|p1|Samurott-Hisui, M|
|poke|p2|Regidrago|
|poke|p2|Ceruledge, M|
|poke|p2|Torkoal, F|
|poke|p2|Great Tusk|
|poke|p2|Walking Wake|
|poke|p2|Charjabug, F|
|teampreview
|
|t:|1769336822
|teamsize|p1|6
|teamsize|p2|6
|start
|switch|p1a: Samurott|Samurott-Hisui, M|100/100
|switch|p2a: Radahn|Walking Wake|100/100
|turn|1
|
|t:|1769336833
|move|p1a: Samurott|Ceaseless Edge|p2a: Radahn
|-damage|p2a: Radahn|56/100
|-sidestart|p2: smexydevvi|Spikes
|move|p2a: Radahn|Dragon Tail|p1a: Samurott
|-damage|p1a: Samurott|81/100
|drag|p1a: Rillaboom|Rillaboom, F|100/100
|-fieldstart|move: Grassy Terrain|[from] ability: Grassy Surge|[of] p1a: Rillaboom
|
|-heal|p2a: Radahn|62/100|[from] Grassy Terrain
|upkeep
|turn|2
|
|t:|1769336848
|move|p1a: Rillaboom|Fake Out|p2a: Radahn
|-damage|p2a: Radahn|48/100
|cant|p2a: Radahn|flinch
|
|-heal|p2a: Radahn|54/100|[from] Grassy Terrain
|upkeep
|turn|3
|
|t:|1769336859
|move|p1a: Rillaboom|Grassy Glide|p2a: Radahn
|-damage|p2a: Radahn|11/100
|move|p2a: Radahn|Draco Meteor|p1a: Rillaboom|[miss]
|-miss|p2a: Radahn|p1a: Rillaboom
|
|-heal|p2a: Radahn|18/100|[from] Grassy Terrain
|upkeep
|turn|4
|
|t:|1769336871
|-end|p2a: Radahn|Protosynthesis|[silent]
|switch|p2a: b u g e|Charjabug, F|100/100
|-damage|p2a: b u g e|88/100|[from] Spikes
|move|p1a: Rillaboom|Grassy Glide|p2a: b u g e
|-resisted|p2a: b u g e
|-damage|p2a: b u g e|75/100
|
|-heal|p2a: b u g e|81/100|[from] Grassy Terrain
|upkeep
|turn|5
|
|t:|1769336881
|move|p1a: Rillaboom|U-turn|p2a: b u g e
|-damage|p2a: b u g e|67/100
|
|t:|1769336890
|switch|p1a: Gliscor|Gliscor, F|100/100|[from] U-turn
|move|p2a: b u g e|Sticky Web|p1a: Gliscor
|-sidestart|p1: Trimidi|move: Sticky Web
|
|-heal|p2a: b u g e|73/100|[from] Grassy Terrain
|-fieldend|move: Grassy Terrain
|-status|p1a: Gliscor|tox|[from] item: Toxic Orb
|upkeep
|turn|6
|
|t:|1769336905
|move|p1a: Gliscor|Earthquake|p2a: b u g e
|-damage|p2a: b u g e|51/100
|move|p2a: b u g e|Lunge|p1a: Gliscor
|-resisted|p1a: Gliscor
|-damage|p1a: Gliscor|92/100 tox
|-unboost|p1a: Gliscor|atk|1
|
|-heal|p1a: Gliscor|100/100 tox|[from] ability: Poison Heal
|upkeep
|turn|7
|
|t:|1769336914
|switch|p2a: Praise The Sun|Torkoal, F|100/100
|-weather|SunnyDay|[from] ability: Drought|[of] p2a: Praise The Sun
|move|p1a: Gliscor|Toxic|p2a: Praise The Sun
|-status|p2a: Praise The Sun|tox
|
|-weather|SunnyDay|[upkeep]
|-damage|p2a: Praise The Sun|94/100 tox|[from] psn
|upkeep
|turn|8
|
|t:|1769336924
|move|p1a: Gliscor|Earthquake|p2a: Praise The Sun
|-supereffective|p2a: Praise The Sun
|-damage|p2a: Praise The Sun|65/100 tox
|move|p2a: Praise The Sun|Rapid Spin|p1a: Gliscor
|-damage|p1a: Gliscor|93/100 tox
|-boost|p2a: Praise The Sun|spe|1
|-sideend|p2: smexydevvi|Spikes|[from] move: Rapid Spin|[of] p2a: Praise The Sun
|
|-weather|SunnyDay|[upkeep]
|-heal|p1a: Gliscor|100/100 tox|[from] ability: Poison Heal
|-damage|p2a: Praise The Sun|52/100 tox|[from] psn
|upkeep
|turn|9
|
|t:|1769336934
|move|p1a: Gliscor|Earthquake|p2a: Praise The Sun
|-supereffective|p2a: Praise The Sun
|-damage|p2a: Praise The Sun|17/100 tox
|move|p2a: Praise The Sun|Lava Plume|p1a: Gliscor
|-damage|p1a: Gliscor|68/100 tox
|
|-weather|SunnyDay|[upkeep]
|-heal|p1a: Gliscor|80/100 tox|[from] ability: Poison Heal
|-damage|p2a: Praise The Sun|0 fnt|[from] psn
|faint|p2a: Praise The Sun
|upkeep
|
|t:|1769336937
|switch|p2a: Radahn|Walking Wake|18/100
|-activate|p2a: Radahn|ability: Protosynthesis
|-start|p2a: Radahn|protosynthesisspa
|turn|10
|
|t:|1769336949
|move|p1a: Gliscor|Protect|p1a: Gliscor
|-singleturn|p1a: Gliscor|Protect
|move|p2a: Radahn|Scald|p1a: Gliscor
|-activate|p1a: Gliscor|move: Protect
|
|-weather|SunnyDay|[upkeep]
|-heal|p1a: Gliscor|93/100 tox|[from] ability: Poison Heal
|upkeep
|turn|11
|
|t:|1769336961
|switch|p1a: Rillaboom|Rillaboom, F|100/100
|-activate|p1a: Rillaboom|move: Sticky Web
|-unboost|p1a: Rillaboom|spe|1
|-fieldstart|move: Grassy Terrain|[from] ability: Grassy Surge|[of] p1a: Rillaboom
|move|p2a: Radahn|Draco Meteor|p1a: Rillaboom|[miss]
|-miss|p2a: Radahn|p1a: Rillaboom
|
|-weather|none
|-end|p2a: Radahn|Protosynthesis
|-heal|p2a: Radahn|24/100|[from] Grassy Terrain
|upkeep
|turn|12
|-message|smexydevvi forfeited.
|
|win|Trimidi
|raw|Trimidi's rating: 1162 &rarr; <strong>1191</strong><br />(+29 for winning)
|raw|smexydevvi's rating: 1216 &rarr; <strong>1187</strong><br />(-29 for losing)
|l|☆smexydevvi
|player|p2|
|l|☆Trimidi
|player|p1|
