|j|☆chedeqing
|j|☆my password broke
|t:|1769417858
|gametype|singles
|player|p1|chedeqing|2|1486
|player|p2|my password broke|170|1542
|gen|9
|tier|[Gen 9] OU
|rated|
|rule|HP Percentage Mod: HP is shown in percentages
|rule|Endless Battle Clause: Forcing endless battles is banned
|rule|Species Clause: Limit one of each Pokémon
|rule|OHKO Clause: OHKO moves are banned
|rule|Evasion Items Clause: Evasion items are banned
|rule|Evasion Moves Clause: Evasion moves are banned
|rule|Evasion Abilities Clause: Evasion abilities are banned
|rule|Sleep Moves Clause: Sleep-inducing moves are banned
|clearpoke
|poke|p1|Dragonite, F|
|poke|p1|Iron Moth|
|poke|p1|Piloswine, M|
|poke|p1|Wo-Chien|
|poke|p1|Keldeo|
|poke|p1|Corviknight, F|
|poke|p2|Iron Valiant|
|poke|p2|Excadrill, M|
|poke|p2|Tyranitar, M|
|poke|p2|Tornadus-Therian, M|
|poke|p2|Ogerpon-Cornerstone, F|
|poke|p2|Toxapex, M|
|teampreview
|inactive|Battle timer is ON: inactive players will automatically lose when time's up. (requested by my password broke)
|
|t:|1769417885
|teamsize|p1|6
|teamsize|p2|6
|start
|switch|p1a: Piloswine|Piloswine, M, shiny|100/100
|switch|p2a: Ogerpon|Ogerpon-Cornerstone, F|100/100
|turn|1
|inactive|my password broke has 120 seconds left.
|
|t:|1769417916
|move|p2a: Ogerpon|Power Whip|p1a: Piloswine
|-supereffective|p1a: Piloswine
|-damage|p1a: Piloswine|36/100
|move|p1a: Piloswine|Icicle Crash|p2a: Ogerpon
|-supereffective|p2a: Ogerpon
|-damage|p2a: Ogerpon|19/100
|
|upkeep
|turn|2
|
|t:|1769417925
|move|p2a: Ogerpon|Power Whip|p1a: Piloswine|[miss]
|-miss|p2a: Ogerpon|p1a: Piloswine
|move|p1a: Piloswine|Stealth Rock|p2a: Ogerpon
|-sidestart|p2: my password broke|move: Stealth Rock
|
|upkeep
|turn|3
|
|t:|1769417931
|move|p1a: Piloswine|Ice Shard|p2a: Ogerpon
|-supereffective|p2a: Ogerpon
|-damage|p2a: Ogerpon|0 fnt
|faint|p2a: Ogerpon
|
|upkeep
|
|t:|1769417954
|switch|p2a: Iron Valiant|Iron Valiant, shiny|100/100
|-damage|p2a: Iron Valiant|94/100|[from] Stealth Rock
|turn|4
|
|t:|1769417959
|switch|p1a: Corviknight|Corviknight, F, shiny|100/100
|-ability|p1a: Corviknight|Pressure
|move|p2a: Iron Valiant|Moonblast|p1a: Corviknight
|-resisted|p1a: Corviknight
|-damage|p1a: Corviknight|67/100
|
|upkeep
|turn|5
|
|t:|1769417972
|-end|p2a: Iron Valiant|Quark Drive|[silent]
|switch|p2a: Toxapex|Toxapex, M, shiny|100/100
|-damage|p2a: Toxapex|88/100|[from] Stealth Rock
|move|p1a: Corviknight|Roost|p1a: Corviknight
|-heal|p1a: Corviknight|100/100
|-singleturn|p1a: Corviknight|move: Roost
|
|upkeep
|turn|6
|
|t:|1769417981
|move|p1a: Corviknight|U-turn|p2a: Toxapex
|-resisted|p2a: Toxapex
|-damage|p2a: Toxapex|83/100
|-enditem|p2a: Toxapex|Eject Button
|
|t:|1769417988
|switch|p2a: Iron Valiant|Iron Valiant, shiny|94/100
|-damage|p2a: Iron Valiant|88/100|[from] Stealth Rock
|
|upkeep
|turn|7
|
|t:|1769417999
|switch|p1a: Piloswine|Piloswine, M, shiny|36/100
|move|p2a: Iron Valiant|Thunderbolt|p1a: Piloswine
|-immune|p1a: Piloswine
|
|upkeep
|turn|8
|
|t:|1769418018
|-end|p2a: Iron Valiant|Quark Drive|[silent]
|switch|p2a: Tyranitar|Tyranitar, M, shiny|100/100
|-damage|p2a: Tyranitar|88/100|[from] Stealth Rock
|-weather|Sandstorm|[from] ability: Sand Stream|[of] p2a: Tyranitar
|move|p1a: Piloswine|Icicle Crash|p2a: Tyranitar
|-damage|p2a: Tyranitar|61/100
|
|-weather|Sandstorm|[upkeep]
|upkeep
|turn|9
|inactive|chedeqing has 120 seconds left.
|
|t:|1769418058
|move|p2a: Tyranitar|Low Kick|p1a: Piloswine
|-supereffective|p1a: Piloswine
|-damage|p1a: Piloswine|7/100
|move|p1a: Piloswine|Earthquake|p2a: Tyranitar
|-supereffective|p2a: Tyranitar
|-crit|p2a: Tyranitar
|-damage|p2a: Tyranitar|0 fnt
|faint|p2a: Tyranitar
|
|-weather|Sandstorm|[upkeep]
|upkeep
|
|t:|1769418063
|switch|p2a: Excadrill|Excadrill, M, shiny|100/100
|-damage|p2a: Excadrill|97/100|[from] Stealth Rock
|turn|10
|
|t:|1769418072
|switch|p1a: Corviknight|Corviknight, F, shiny|100/100
|-ability|p1a: Corviknight|Pressure
|move|p2a: Excadrill|Rapid Spin|p1a: Corviknight
|-resisted|p1a: Corviknight
|-damage|p1a: Corviknight|94/100
|-boost|p2a: Excadrill|spe|1
|-damage|p2a: Excadrill|81/100|[from] item: Rocky Helmet|[of] p1a: Corviknight
|-sideend|p2: my password broke|Stealth Rock|[from] move: Rapid Spin|[of] p2a: Excadrill
|
|-weather|Sandstorm|[upkeep]
|-heal|p2a: Excadrill|87/100|[from] item: Leftovers
|upkeep
|turn|11
|inactive|my password broke has 120 seconds left.
|
|t:|1769418120
|switch|p2a: Iron Valiant|Iron Valiant, shiny|88/100
|move|p1a: Corviknight|U-turn|p2a: Iron Valiant
|-resisted|p2a: Iron Valiant
|-damage|p2a: Iron Valiant|83/100
|
|t:|1769418126
|switch|p1a: Wo-Chien|Wo-Chien, shiny|100/100|[from] U-turn
|-ability|p1a: Wo-Chien|Tablets of Ruin
|
|-weather|Sandstorm|[upkeep]
|-damage|p2a: Iron Valiant|77/100|[from] Sandstorm
|-damage|p1a: Wo-Chien|94/100|[from] Sandstorm
|-heal|p1a: Wo-Chien|100/100|[from] item: Leftovers
|upkeep
|turn|12
|
|t:|1769418135
|move|p1a: Wo-Chien|Protect|p1a: Wo-Chien
|-singleturn|p1a: Wo-Chien|Protect
|move|p2a: Iron Valiant|Moonblast|p1a: Wo-Chien
|-activate|p1a: Wo-Chien|move: Protect
|
|-weather|Sandstorm|[upkeep]
|-damage|p2a: Iron Valiant|71/100|[from] Sandstorm
|-damage|p1a: Wo-Chien|94/100|[from] Sandstorm
|-heal|p1a: Wo-Chien|100/100|[from] item: Leftovers
|upkeep
|turn|13
|inactive|my password broke has 120 seconds left.
|
|t:|1769418149
|switch|p1a: Corviknight|Corviknight, F, shiny|94/100
|-ability|p1a: Corviknight|Pressure
|move|p2a: Iron Valiant|Moonblast|p1a: Corviknight
|-resisted|p1a: Corviknight
|-crit|p1a: Corviknight
|-damage|p1a: Corviknight|41/100
|
|-weather|Sandstorm|[upkeep]
|-damage|p2a: Iron Valiant|65/100|[from] Sandstorm
|upkeep
|turn|14
|inactive|my password broke has 120 seconds left.
|
|t:|1769418173
|-end|p2a: Iron Valiant|Quark Drive|[silent]
|switch|p2a: Tornadus|Tornadus-Therian, M, shiny|100/100
|move|p1a: Corviknight|Roost|p1a: Corviknight
|-heal|p1a: Corviknight|91/100
|-singleturn|p1a: Corviknight|move: Roost
|
|-weather|Sandstorm|[upkeep]
|-damage|p2a: Tornadus|94/100|[from] Sandstorm
|upkeep
|turn|15
|
|t:|1769418186
|move|p2a: Tornadus|Heat Wave|p1a: Corviknight
|-supereffective|p1a: Corviknight
|-damage|p1a: Corviknight|10/100
|move|p1a: Corviknight|U-turn|p2a: Tornadus
|-resisted|p2a: Tornadus
|-damage|p2a: Tornadus|84/100
|inactive|chedeqing has 120 seconds left.
|
|t:|1769418203
|switch|p1a: Piloswine|Piloswine, M, shiny|7/100|[from] U-turn
|
|-weather|none
|upkeep
|turn|16
|inactive|my password broke has 120 seconds left.
|inactive|chedeqing has 120 seconds left.
|
|t:|1769418232
|switch|p2a: Excadrill|Excadrill, M, shiny|87/100
|move|p1a: Piloswine|Ice Shard|p2a: Excadrill
|-damage|p2a: Excadrill|68/100
|
|-heal|p2a: Excadrill|74/100|[from] item: Leftovers
|upkeep
|turn|17
|inactive|chedeqing has 120 seconds left.
|inactive|my password broke has 90 seconds left.
|
|t:|1769418259
|switch|p1a: Wo-Chien|Wo-Chien, shiny|100/100
|-ability|p1a: Wo-Chien|Tablets of Ruin
|move|p2a: Excadrill|Substitute|p2a: Excadrill
|-start|p2a: Excadrill|Substitute
|-damage|p2a: Excadrill|49/100
|
|-heal|p2a: Excadrill|55/100|[from] item: Leftovers
|upkeep
|turn|18
|inactive|my password broke has 90 seconds left.
|inactive|chedeqing has 120 seconds left.
|
|t:|1769418274
|move|p2a: Excadrill|Rock Slide|p1a: Wo-Chien
|-damage|p1a: Wo-Chien|82/100
|move|p1a: Wo-Chien|Foul Play|p2a: Excadrill
|-end|p2a: Excadrill|Substitute
|
|-heal|p2a: Excadrill|61/100|[from] item: Leftovers
|-heal|p1a: Wo-Chien|88/100|[from] item: Leftovers
|upkeep
|turn|19
|inactive|chedeqing has 120 seconds left.
|
|t:|1769418284
|switch|p2a: Tornadus|Tornadus-Therian, M, shiny|100/100
|move|p1a: Wo-Chien|Leech Seed|p2a: Tornadus
|-start|p2a: Tornadus|move: Leech Seed
|
|-heal|p1a: Wo-Chien|94/100|[from] item: Leftovers
|-damage|p2a: Tornadus|88/100|[from] Leech Seed|[of] p1a: Wo-Chien
|-heal|p1a: Wo-Chien|100/100|[silent]
|upkeep
|turn|20
|inactive|my password broke has 90 seconds left.
|inactive|chedeqing has 120 seconds left.
|
|t:|1769418298
|switch|p2a: Iron Valiant|Iron Valiant, shiny|65/100
|move|p1a: Wo-Chien|Protect||[still]
|-fail|p1a: Wo-Chien
|
|upkeep
|turn|21
|
|t:|1769418305
|move|p1a: Wo-Chien|Protect|p1a: Wo-Chien
|-singleturn|p1a: Wo-Chien|Protect
|move|p2a: Iron Valiant|Moonblast|p1a: Wo-Chien
|-activate|p1a: Wo-Chien|move: Protect
|
|upkeep
|turn|22
|
|t:|1769418318
|switch|p1a: Piloswine|Piloswine, M, shiny|7/100
|move|p2a: Iron Valiant|Moonblast|p1a: Piloswine
|-damage|p1a: Piloswine|0 fnt
|faint|p1a: Piloswine
|
|upkeep
|inactive|chedeqing has 120 seconds left.
|inactive|chedeqing has 90 seconds left.
|
|t:|1769418369
|switch|p1a: Iron Moth|Iron Moth|100/100
|-enditem|p1a: Iron Moth|Booster Energy
|-activate|p1a: Iron Moth|ability: Quark Drive|[fromitem]
|-start|p1a: Iron Moth|quarkdrivespe
|turn|23
|
|t:|1769418381
|-end|p1a: Iron Moth|Quark Drive|[silent]
|switch|p1a: Corviknight|Corviknight, F, shiny|10/100
|-ability|p1a: Corviknight|Pressure
|-end|p2a: Iron Valiant|Quark Drive|[silent]
|switch|p2a: Toxapex|Toxapex, M, shiny|100/100
|
|upkeep
|turn|24
|
|t:|1769418389
|switch|p2a: Tornadus|Tornadus-Therian, M, shiny|100/100
|move|p1a: Corviknight|Roost|p1a: Corviknight
|-heal|p1a: Corviknight|60/100
|-singleturn|p1a: Corviknight|move: Roost
|
|upkeep
|turn|25
|inactive|chedeqing has 90 seconds left.
|
|t:|1769418400
|switch|p1a: Iron Moth|Iron Moth|100/100
|-terastallize|p2a: Tornadus|Flying
|move|p2a: Tornadus|Bleakwind Storm|p1a: Iron Moth
|-damage|p1a: Iron Moth|8/100
|-unboost|p1a: Iron Moth|spe|1
|
|upkeep
|turn|26
|inactive|chedeqing has 90 seconds left.
|
|t:|1769418416
|move|p2a: Tornadus|Bleakwind Storm|p1a: Iron Moth
|-damage|p1a: Iron Moth|0 fnt
|faint|p1a: Iron Moth
|-end|p1a: Iron Moth|Quark Drive|[silent]
|
|upkeep
|inactive|chedeqing has 60 seconds left.
|
|t:|1769418460
|switch|p1a: Dragonite|Dragonite, F|100/100
|turn|27
|inactive|my password broke has 120 seconds left.
|
|t:|1769418468
|move|p2a: Tornadus|Bleakwind Storm|p1a: Dragonite
|-damage|p1a: Dragonite|50/100
|move|p1a: Dragonite|Dragon Dance|p1a: Dragonite
|-boost|p1a: Dragonite|atk|1
|-boost|p1a: Dragonite|spe|1
|
|upkeep
|turn|28
|
|t:|1769418476
|move|p1a: Dragonite|Ice Spinner|p2a: Tornadus
|-supereffective|p2a: Tornadus
|-damage|p2a: Tornadus|0 fnt
|faint|p2a: Tornadus
|
|upkeep
|
|t:|1769418487
|switch|p2a: Toxapex|Toxapex, M, shiny|100/100
|turn|29
|
|t:|1769418493
|move|p1a: Dragonite|Earthquake|p2a: Toxapex
|-supereffective|p2a: Toxapex
|-damage|p2a: Toxapex|23/100
|move|p2a: Toxapex|Haze|p2a: Toxapex
|-clearallboost
|
|upkeep
|turn|30
|inactive|chedeqing has 60 seconds left.
|
|t:|1769418510
|move|p1a: Dragonite|Earthquake|p2a: Toxapex
|-supereffective|p2a: Toxapex
|-damage|p2a: Toxapex|0 fnt
|faint|p2a: Toxapex
|
|upkeep
|
|t:|1769418513
|switch|p2a: Iron Valiant|Iron Valiant, shiny|65/100
|turn|31
|
|t:|1769418521
|-terastallize|p1a: Dragonite|Fire
|move|p2a: Iron Valiant|Moonblast|p1a: Dragonite
|-resisted|p1a: Dragonite
|-damage|p1a: Dragonite|12/100
|move|p1a: Dragonite|Dragon Dance|p1a: Dragonite
|-boost|p1a: Dragonite|atk|1
|-boost|p1a: Dragonite|spe|1
|
|upkeep
|turn|32
|
|t:|1769418530
|-end|p2a: Iron Valiant|Quark Drive|[silent]
|switch|p2a: Excadrill|Excadrill, M, shiny|61/100
|move|p1a: Dragonite|Fire Punch|p2a: Excadrill
|-supereffective|p2a: Excadrill
|-damage|p2a: Excadrill|0 fnt
|faint|p2a: Excadrill
|
|upkeep
|
|t:|1769418539
|switch|p2a: Iron Valiant|Iron Valiant, shiny|65/100
|turn|33
|
|t:|1769418544
|move|p2a: Iron Valiant|Vacuum Wave|p1a: Dragonite
|-damage|p1a: Dragonite|0 fnt
|faint|p1a: Dragonite
|
|upkeep
|
|t:|1769418549
|switch|p1a: Keldeo|Keldeo|100/100
|turn|34
|
|t:|1769418553
|move|p2a: Iron Valiant|Vacuum Wave|p1a: Keldeo
|-damage|p1a: Keldeo|69/100
|move|p1a: Keldeo|Surf|p2a: Iron Valiant
|-damage|p2a: Iron Valiant|0 fnt
|faint|p2a: Iron Valiant
|-end|p2a: Iron Valiant|Quark Drive|[silent]
|
|win|chedeqing
|raw|chedeqing's rating: 1486 &rarr; <strong>1509</strong><br />(+23 for winning)
|raw|my password broke's rating: 1542 &rarr; <strong>1519</strong><br />(-23 for losing)
|l|☆my password broke
|player|p2|
|l|☆chedeqing
|player|p1|
