|j|☆simple333
|j|‽liamsdad
|t:|1769396637
|gametype|singles
|player|p1|simple333|2|1570
|player|p2|liamsdad|bruno|1622
|gen|9
|tier|[Gen 9] OU
|rated|
|rule|HP Percentage Mod: HP is shown in percentages
|rule|Endless Battle Clause: Forcing endless battles is banned
|rule|Species Clause: Limit one of each Pokémon
|rule|OHKO Clause: OHKO moves are banned
|rule|Evasion Items Clause: Evasion items are banned
|rule|Evasion Moves Clause: Evasion moves are banned
|rule|Evasion Abilities Clause: Evasion abilities are banned
|rule|Sleep Moves Clause: Sleep-inducing moves are banned
|clearpoke
|poke|p1|Torkoal, F|
|poke|p1|Hatterene, F|
|poke|p1|Walking Wake|
|poke|p1|Lilligant-Hisui, F|
|poke|p1|Raging Bolt|
|poke|p1|Great Tusk|
|poke|p2|Pelipper, M|
|poke|p2|Ludicolo, F|
|poke|p2|Iron Treads|
|poke|p2|Landorus-Therian, M|
|poke|p2|Blastoise, M|
|poke|p2|Grafaiai, F|
|teampreview
|inactive|Battle timer is ON: inactive players will automatically lose when time's up. (requested by simple333)
|
|t:|1769396652
|teamsize|p1|6
|teamsize|p2|6
|start
|switch|p1a: Torkoal|Torkoal, F|100/100
|switch|p2a: Pelipper|Pelipper, M|100/100
|-weather|RainDance|[from] ability: Drizzle|[of] p2a: Pelipper
|-weather|SunnyDay|[from] ability: Drought|[of] p1a: Torkoal
|turn|1
|
|t:|1769396656
|move|p2a: Pelipper|U-turn|p1a: Torkoal
|-resisted|p1a: Torkoal
|-damage|p1a: Torkoal|98/100
|
|t:|1769396658
|switch|p2a: Iron Treads|Iron Treads|100/100|[from] U-turn
|move|p1a: Torkoal|Stealth Rock|p2a: Iron Treads
|-sidestart|p2: liamsdad|move: Stealth Rock
|
|-weather|SunnyDay|[upkeep]
|upkeep
|turn|2
|
|t:|1769396663
|move|p2a: Iron Treads|Rapid Spin|p1a: Torkoal
|-damage|p1a: Torkoal|90/100
|-boost|p2a: Iron Treads|spe|1
|-sideend|p2: liamsdad|Stealth Rock|[from] move: Rapid Spin|[of] p2a: Iron Treads
|move|p1a: Torkoal|Lava Plume|p2a: Iron Treads
|-supereffective|p2a: Iron Treads
|-damage|p2a: Iron Treads|58/100
|
|-weather|SunnyDay|[upkeep]
|upkeep
|turn|3
|
|t:|1769396668
|move|p2a: Iron Treads|Volt Switch|p1a: Torkoal
|-damage|p1a: Torkoal|75/100
|
|t:|1769396669
|-end|p2a: Iron Treads|Quark Drive|[silent]
|switch|p2a: Pelipper|Pelipper, M|100/100|[from] Volt Switch
|-weather|RainDance|[from] ability: Drizzle|[of] p2a: Pelipper
|move|p1a: Torkoal|Stealth Rock|p2a: Pelipper
|-sidestart|p2: liamsdad|move: Stealth Rock
|
|-weather|RainDance|[upkeep]
|upkeep
|turn|4
|
|t:|1769396672
|switch|p1a: Hatterene|Hatterene, F|100/100
|move|p2a: Pelipper|U-turn|p1a: Hatterene
|-damage|p1a: Hatterene|91/100
|-enditem|p1a: Hatterene|Eject Button
|
|t:|1769396674
|switch|p1a: Torkoal|Torkoal, F|75/100
|-weather|SunnyDay|[from] ability: Drought|[of] p1a: Torkoal
|
|-weather|SunnyDay|[upkeep]
|upkeep
|turn|5
|
|t:|1769396676
|move|p2a: Pelipper|U-turn|p1a: Torkoal
|-resisted|p1a: Torkoal
|-damage|p1a: Torkoal|72/100
|
|t:|1769396677
|switch|p2a: Iron Treads|Iron Treads|58/100|[from] U-turn
|-damage|p2a: Iron Treads|55/100|[from] Stealth Rock
|move|p1a: Torkoal|Lava Plume|p2a: Iron Treads
|-supereffective|p2a: Iron Treads
|-damage|p2a: Iron Treads|15/100
|-status|p2a: Iron Treads|brn
|
|-weather|SunnyDay|[upkeep]
|-damage|p2a: Iron Treads|9/100 brn|[from] brn
|upkeep
|turn|6
|
|t:|1769396683
|move|p2a: Iron Treads|Rapid Spin|p1a: Torkoal
|-damage|p1a: Torkoal|68/100
|-boost|p2a: Iron Treads|spe|1
|-sideend|p2: liamsdad|Stealth Rock|[from] move: Rapid Spin|[of] p2a: Iron Treads
|move|p1a: Torkoal|Stealth Rock|p2a: Iron Treads
|-sidestart|p2: liamsdad|move: Stealth Rock
|
|-weather|SunnyDay|[upkeep]
|-damage|p2a: Iron Treads|3/100 brn|[from] brn
|upkeep
|turn|7
|
|t:|1769396686
|move|p2a: Iron Treads|Rapid Spin|p1a: Torkoal
|-damage|p1a: Torkoal|64/100
|-boost|p2a: Iron Treads|spe|1
|-sideend|p2: liamsdad|Stealth Rock|[from] move: Rapid Spin|[of] p2a: Iron Treads
|move|p1a: Torkoal|Stealth Rock|p2a: Iron Treads
|-sidestart|p2: liamsdad|move: Stealth Rock
|
|-weather|SunnyDay|[upkeep]
|-damage|p2a: Iron Treads|0 fnt|[from] brn
|faint|p2a: Iron Treads
|-end|p2a: Iron Treads|Quark Drive|[silent]
|upkeep
|
|t:|1769396688
|switch|p2a: Pelipper|Pelipper, M|100/100
|-damage|p2a: Pelipper|76/100|[from] Stealth Rock
|-weather|RainDance|[from] ability: Drizzle|[of] p2a: Pelipper
|turn|8
|
|t:|1769396690
|switch|p1a: Hatterene|Hatterene, F|91/100
|move|p2a: Pelipper|U-turn|p1a: Hatterene
|-damage|p1a: Hatterene|83/100
|
|t:|1769396693
|switch|p2a: Blastoise|Blastoise, M|100/100|[from] U-turn
|-damage|p2a: Blastoise|88/100|[from] Stealth Rock
|
|-weather|RainDance|[upkeep]
|upkeep
|turn|9
|
|t:|1769396701
|move|p2a: Blastoise|Water Spout|p1a: Hatterene
|-damage|p1a: Hatterene|0 fnt
|faint|p1a: Hatterene
|
|-weather|RainDance|[upkeep]
|upkeep
|
|t:|1769396703
|switch|p1a: Torkoal|Torkoal, F|64/100
|-weather|SunnyDay|[from] ability: Drought|[of] p1a: Torkoal
|turn|10
|
|t:|1769396708
|switch|p1a: Walking Wake|Walking Wake|100/100
|-activate|p1a: Walking Wake|ability: Protosynthesis
|-start|p1a: Walking Wake|protosynthesisspe
|move|p2a: Blastoise|Roar|p1a: Walking Wake
|-end|p1a: Walking Wake|Protosynthesis|[silent]
|drag|p1a: Raging Bolt|Raging Bolt|100/100
|-activate|p1a: Raging Bolt|ability: Protosynthesis
|-start|p1a: Raging Bolt|protosynthesisspa
|
|-weather|SunnyDay|[upkeep]
|upkeep
|turn|11
|
|t:|1769396713
|switch|p2a: Landorus|Landorus-Therian, M|100/100
|-damage|p2a: Landorus|88/100|[from] Stealth Rock
|-ability|p2a: Landorus|Intimidate|boost
|-unboost|p1a: Raging Bolt|atk|1
|move|p1a: Raging Bolt|Thunderbolt|p2a: Landorus
|-immune|p2a: Landorus
|
|-weather|SunnyDay|[upkeep]
|upkeep
|turn|12
|
|t:|1769396719
|-end|p1a: Raging Bolt|Protosynthesis|[silent]
|switch|p1a: Lilligant|Lilligant-Hisui, F|100/100
|move|p2a: Landorus|Weather Ball|p1a: Lilligant
|-supereffective|p1a: Lilligant
|-damage|p1a: Lilligant|0 fnt
|faint|p1a: Lilligant
|
|-weather|SunnyDay|[upkeep]
|upkeep
|
|t:|1769396722
|switch|p1a: Walking Wake|Walking Wake|100/100
|-activate|p1a: Walking Wake|ability: Protosynthesis
|-start|p1a: Walking Wake|protosynthesisspe
|turn|13
|
|t:|1769396728
|switch|p2a: Grafaiai|Grafaiai, F|100/100
|-damage|p2a: Grafaiai|88/100|[from] Stealth Rock
|move|p1a: Walking Wake|Draco Meteor|p2a: Grafaiai
|-damage|p2a: Grafaiai|0 fnt
|-unboost|p1a: Walking Wake|spa|2
|faint|p2a: Grafaiai
|
|-weather|SunnyDay|[upkeep]
|upkeep
|
|t:|1769396731
|switch|p2a: Pelipper|Pelipper, M|76/100
|-damage|p2a: Pelipper|51/100|[from] Stealth Rock
|-weather|RainDance|[from] ability: Drizzle|[of] p2a: Pelipper
|-end|p1a: Walking Wake|Protosynthesis
|turn|14
|
|t:|1769396735
|switch|p2a: Blastoise|Blastoise, M|88/100
|-damage|p2a: Blastoise|76/100|[from] Stealth Rock
|move|p1a: Walking Wake|Draco Meteor|p2a: Blastoise
|-damage|p2a: Blastoise|25/100
|-unboost|p1a: Walking Wake|spa|2
|
|-weather|RainDance|[upkeep]
|upkeep
|turn|15
|
|t:|1769396740
|move|p1a: Walking Wake|Draco Meteor|p2a: Blastoise
|-damage|p2a: Blastoise|0 fnt
|-unboost|p1a: Walking Wake|spa|2
|faint|p2a: Blastoise
|
|-weather|RainDance|[upkeep]
|upkeep
|
|t:|1769396743
|switch|p2a: Ludicolo|Ludicolo, F|100/100
|-damage|p2a: Ludicolo|88/100|[from] Stealth Rock
|turn|16
|
|t:|1769396747
|-end|p1a: Walking Wake|Protosynthesis|[silent]
|switch|p1a: Torkoal|Torkoal, F|64/100
|-weather|SunnyDay|[from] ability: Drought|[of] p1a: Torkoal
|move|p2a: Ludicolo|Hydro Pump|p1a: Torkoal
|-supereffective|p1a: Torkoal
|-damage|p1a: Torkoal|0 fnt
|faint|p1a: Torkoal
|-damage|p2a: Ludicolo|78/100|[from] item: Life Orb
|
|-weather|SunnyDay|[upkeep]
|upkeep
|
|t:|1769396749
|switch|p1a: Walking Wake|Walking Wake|100/100
|-activate|p1a: Walking Wake|ability: Protosynthesis
|-start|p1a: Walking Wake|protosynthesisspe
|turn|17
|
|t:|1769396760
|switch|p2a: Pelipper|Pelipper, M|51/100
|-damage|p2a: Pelipper|26/100|[from] Stealth Rock
|-weather|RainDance|[from] ability: Drizzle|[of] p2a: Pelipper
|-end|p1a: Walking Wake|Protosynthesis
|move|p1a: Walking Wake|Draco Meteor|p2a: Pelipper
|-damage|p2a: Pelipper|0 fnt
|-unboost|p1a: Walking Wake|spa|2
|faint|p2a: Pelipper
|
|-weather|RainDance|[upkeep]
|upkeep
|
|t:|1769396761
|switch|p2a: Ludicolo|Ludicolo, F|78/100
|-damage|p2a: Ludicolo|66/100|[from] Stealth Rock
|turn|18
|
|t:|1769396765
|move|p2a: Ludicolo|Ice Beam|p1a: Walking Wake
|-damage|p1a: Walking Wake|61/100
|-damage|p2a: Ludicolo|56/100|[from] item: Life Orb
|move|p1a: Walking Wake|Draco Meteor|p2a: Ludicolo
|-damage|p2a: Ludicolo|1/100
|-unboost|p1a: Walking Wake|spa|2
|
|-weather|RainDance|[upkeep]
|upkeep
|turn|19
|
|t:|1769396769
|-end|p1a: Walking Wake|Protosynthesis|[silent]
|switch|p1a: Great Tusk|Great Tusk|100/100
|-enditem|p1a: Great Tusk|Booster Energy
|-activate|p1a: Great Tusk|ability: Protosynthesis|[fromitem]
|-start|p1a: Great Tusk|protosynthesisspe
|move|p2a: Ludicolo|Giga Drain|p1a: Great Tusk
|-supereffective|p1a: Great Tusk
|-damage|p1a: Great Tusk|0 fnt
|-heal|p2a: Ludicolo|73/100|[from] drain|[of] p1a: Great Tusk
|faint|p1a: Great Tusk
|-end|p1a: Great Tusk|Protosynthesis|[silent]
|-damage|p2a: Ludicolo|63/100|[from] item: Life Orb
|
|-weather|RainDance|[upkeep]
|upkeep
|
|t:|1769396771
|switch|p1a: Raging Bolt|Raging Bolt|100/100
|turn|20
|
|t:|1769396774
|move|p2a: Ludicolo|Ice Beam|p1a: Raging Bolt
|-supereffective|p1a: Raging Bolt
|-damage|p1a: Raging Bolt|47/100
|-damage|p2a: Ludicolo|53/100|[from] item: Life Orb
|move|p1a: Raging Bolt|Draco Meteor|p2a: Ludicolo|[miss]
|-miss|p1a: Raging Bolt|p2a: Ludicolo
|
|-weather|RainDance|[upkeep]
|upkeep
|turn|21
|
|t:|1769396779
|move|p1a: Raging Bolt|Thunderclap||[still]
|-fail|p1a: Raging Bolt
|move|p2a: Ludicolo|Encore|p1a: Raging Bolt
|-start|p1a: Raging Bolt|Encore
|
|-weather|RainDance|[upkeep]
|upkeep
|turn|22
|
|t:|1769396782
|switch|p2a: Landorus|Landorus-Therian, M|88/100
|-damage|p2a: Landorus|76/100|[from] Stealth Rock
|-ability|p2a: Landorus|Intimidate|boost
|-unboost|p1a: Raging Bolt|atk|1
|-end|p1a: Raging Bolt|Protosynthesis|[silent]
|switch|p1a: Walking Wake|Walking Wake|61/100
|
|-weather|RainDance|[upkeep]
|upkeep
|turn|23
|
|t:|1769396789
|move|p1a: Walking Wake|Draco Meteor|p2a: Landorus
|-damage|p2a: Landorus|0 fnt
|-unboost|p1a: Walking Wake|spa|2
|faint|p2a: Landorus
|
|-weather|RainDance|[upkeep]
|upkeep
|
|t:|1769396792
|switch|p2a: Ludicolo|Ludicolo, F|53/100
|-damage|p2a: Ludicolo|41/100|[from] Stealth Rock
|turn|24
|
|t:|1769396795
|move|p2a: Ludicolo|Giga Drain|p1a: Walking Wake
|-damage|p1a: Walking Wake|12/100
|-heal|p2a: Ludicolo|69/100|[from] drain|[of] p1a: Walking Wake
|-damage|p2a: Ludicolo|59/100|[from] item: Life Orb
|move|p1a: Walking Wake|Draco Meteor|p2a: Ludicolo
|-damage|p2a: Ludicolo|0 fnt
|-unboost|p1a: Walking Wake|spa|2
|faint|p2a: Ludicolo
|
|win|simple333
|raw|simple333's rating: 1555 &rarr; <strong>1579</strong><br />(+24 for winning)
|raw|liamsdad's rating: 1622 &rarr; <strong>1598</strong><br />(-24 for losing)
|l|☆simple333
|player|p1|
|l|‽liamsdad
|player|p2|
