|j|☆awerpc
|j|☆merczrevenge
|t:|1769369463
|gametype|singles
|player|p1|awerpc|2|1200
|player|p2|merczrevenge|cyrus|1270
|gen|9
|tier|[Gen 9] OU
|rated|
|rule|HP Percentage Mod: HP is shown in percentages
|rule|Endless Battle Clause: Forcing endless battles is banned
|rule|Species Clause: Limit one of each Pokémon
|rule|OHKO Clause: OHKO moves are banned
|rule|Evasion Items Clause: Evasion items are banned
|rule|Evasion Moves Clause: Evasion moves are banned
|rule|Evasion Abilities Clause: Evasion abilities are banned
|rule|Sleep Moves Clause: Sleep-inducing moves are banned
|clearpoke
|poke|p1|Cinderace, M|
|poke|p1|Mandibuzz, F|
|poke|p1|Excadrill, M|
|poke|p1|Primarina, F|
|poke|p1|Dragapult, F|
|poke|p1|Rillaboom, M|
|poke|p2|Moltres-Galar|
|poke|p2|Tatsugiri-Droopy, M|
|poke|p2|Azelf|
|poke|p2|Arcanine-Hisui, M|
|poke|p2|Conkeldurr, F|
|poke|p2|Comfey, F|
|teampreview
|inactive|Battle timer is ON: inactive players will automatically lose when time's up. (requested by merczrevenge)
|
|t:|1769369470
|teamsize|p1|6
|teamsize|p2|6
|start
|switch|p1a: Cinderace|Cinderace, M|100/100
|switch|p2a: Azelf|Azelf|100/100
|turn|1
|
|t:|1769369481
|move|p1a: Cinderace|U-turn|p2a: Azelf
|-start|p1a: Cinderace|typechange|Bug|[from] ability: Libero
|-supereffective|p2a: Azelf
|-enditem|p2a: Azelf|Focus Sash
|-damage|p2a: Azelf|1/100
|
|t:|1769369488
|switch|p1a: Mandibuzz|Mandibuzz, F, shiny|100/100|[from] U-turn
|move|p2a: Azelf|Knock Off|p1a: Mandibuzz
|-resisted|p1a: Mandibuzz
|-damage|p1a: Mandibuzz|92/100
|-damage|p2a: Azelf|0 fnt|[from] item: Rocky Helmet|[of] p1a: Mandibuzz
|faint|p2a: Azelf
|
|upkeep
|
|t:|1769369497
|switch|p2a: Arcanine|Arcanine-Hisui, M|100/100
|turn|2
|
|t:|1769369507
|move|p2a: Arcanine|Wild Charge|p1a: Mandibuzz
|-supereffective|p1a: Mandibuzz
|-damage|p1a: Mandibuzz|58/100
|-damage|p2a: Arcanine|84/100|[from] item: Rocky Helmet|[of] p1a: Mandibuzz
|move|p1a: Mandibuzz|Roost|p1a: Mandibuzz
|-heal|p1a: Mandibuzz|100/100
|-singleturn|p1a: Mandibuzz|move: Roost
|
|upkeep
|turn|3
|
|t:|1769369517
|switch|p2a: Moltres|Moltres-Galar, shiny|100/100
|move|p1a: Mandibuzz|Foul Play|p2a: Moltres
|-resisted|p2a: Moltres
|-damage|p2a: Moltres|87/100
|
|upkeep
|turn|4
|
|t:|1769369543
|move|p2a: Moltres|Agility|p2a: Moltres
|-boost|p2a: Moltres|spe|2
|move|p1a: Mandibuzz|U-turn|p2a: Moltres
|-damage|p2a: Moltres|73/100
|inactive|awerpc has 120 seconds left.
|
|t:|1769369555
|switch|p1a: Primarina|Primarina, F|100/100|[from] U-turn
|
|upkeep
|turn|5
|
|t:|1769369565
|-terastallize|p2a: Moltres|Steel
|move|p2a: Moltres|Hurricane|p1a: Primarina
|-damage|p1a: Primarina|76/100
|-start|p1a: Primarina|confusion
|-activate|p1a: Primarina|confusion
|move|p1a: Primarina|Moonblast|p2a: Moltres
|-resisted|p2a: Moltres
|-damage|p2a: Moltres|48/100
|-ability|p2a: Moltres|Berserk|boost
|-boost|p2a: Moltres|spa|1
|
|upkeep
|turn|6
|inactive|awerpc has 120 seconds left.
|inactive|awerpc has 90 seconds left.
|
|t:|1769369610
|move|p2a: Moltres|Rest|p2a: Moltres
|-status|p2a: Moltres|slp|[from] move: Rest
|-heal|p2a: Moltres|100/100 slp|[silent]
|-enditem|p2a: Moltres|Chesto Berry|[eat]
|-curestatus|p2a: Moltres|slp|[msg]
|-activate|p1a: Primarina|confusion
|move|p1a: Primarina|Flip Turn|p2a: Moltres
|-damage|p2a: Moltres|85/100
|inactive|awerpc has 90 seconds left.
|
|t:|1769369620
|switch|p1a: Cinderace|Cinderace, M|100/100|[from] Flip Turn
|
|upkeep
|turn|7
|
|t:|1769369626
|move|p2a: Moltres|Hurricane|p1a: Cinderace|[miss]
|-miss|p2a: Moltres|p1a: Cinderace
|move|p1a: Cinderace|High Jump Kick|p2a: Moltres
|-start|p1a: Cinderace|typechange|Fighting|[from] ability: Libero
|-supereffective|p2a: Moltres
|-damage|p2a: Moltres|0 fnt
|faint|p2a: Moltres
|
|upkeep
|
|t:|1769369633
|switch|p2a: Conkeldurr|Conkeldurr, F, shiny|100/100
|turn|8
|
|t:|1769369649
|move|p1a: Cinderace|U-turn|p2a: Conkeldurr
|-resisted|p2a: Conkeldurr
|-damage|p2a: Conkeldurr|91/100
|
|t:|1769369653
|switch|p1a: Primarina|Primarina, F|76/100|[from] U-turn
|move|p2a: Conkeldurr|Knock Off|p1a: Primarina
|-resisted|p1a: Primarina
|-damage|p1a: Primarina|53/100
|-enditem|p1a: Primarina|Assault Vest|[from] move: Knock Off|[of] p2a: Conkeldurr
|
|-status|p2a: Conkeldurr|brn|[from] item: Flame Orb
|upkeep
|turn|9
|
|t:|1769369668
|switch|p2a: Tatsugiri|Tatsugiri-Droopy, M|100/100
|move|p1a: Primarina|Moonblast|p2a: Tatsugiri
|-supereffective|p2a: Tatsugiri
|-damage|p2a: Tatsugiri|0 fnt
|faint|p2a: Tatsugiri
|
|upkeep
|
|t:|1769369674
|switch|p2a: Comfey|Comfey, F|100/100
|turn|10
|
|t:|1769369688
|switch|p1a: Excadrill|Excadrill, M|100/100
|-ability|p1a: Excadrill|Mold Breaker
|move|p2a: Comfey|Calm Mind|p2a: Comfey
|-boost|p2a: Comfey|spa|1
|-boost|p2a: Comfey|spd|1
|
|upkeep
|turn|11
|
|t:|1769369699
|move|p2a: Comfey|Tera Blast|p1a: Excadrill
|-resisted|p1a: Excadrill
|-damage|p1a: Excadrill|73/100
|-damage|p2a: Comfey|91/100|[from] item: Life Orb
|move|p1a: Excadrill|Rapid Spin|p2a: Comfey
|-damage|p2a: Comfey|62/100
|-boost|p1a: Excadrill|spe|1
|
|upkeep
|turn|12
|
|t:|1769369711
|move|p2a: Comfey|Draining Kiss|p1a: Excadrill
|-resisted|p1a: Excadrill
|-damage|p1a: Excadrill|48/100
|-heal|p2a: Comfey|90/100|[from] drain|[of] p1a: Excadrill
|-damage|p2a: Comfey|80/100|[from] item: Life Orb
|move|p1a: Excadrill|Iron Head|p2a: Comfey
|-supereffective|p2a: Comfey
|-damage|p2a: Comfey|0 fnt
|faint|p2a: Comfey
|
|upkeep
|
|t:|1769369715
|switch|p2a: Conkeldurr|Conkeldurr, F, shiny|91/100 brn
|turn|13
|
|t:|1769369728
|switch|p1a: Dragapult|Dragapult, F|100/100
|move|p2a: Conkeldurr|Mach Punch|p1a: Dragapult
|-immune|p1a: Dragapult
|
|-damage|p2a: Conkeldurr|85/100 brn|[from] brn
|upkeep
|turn|14
|-message|merczrevenge forfeited.
|
|win|awerpc
|raw|awerpc's rating: 1200 &rarr; <strong>1230</strong><br />(+30 for winning)
|raw|merczrevenge's rating: 1270 &rarr; <strong>1240</strong><br />(-30 for losing)
|l|☆merczrevenge
|player|p2|
|l|☆awerpc
|player|p1|
