|j|☆kiko5bolas
|j|☆pivaio02
|t:|1769309096
|gametype|singles
|player|p1|kiko5bolas|266|1000
|player|p2|pivaio02|170|1040
|gen|9
|tier|[Gen 9] OU
|rated|
|rule|HP Percentage Mod: HP is shown in percentages
|rule|Endless Battle Clause: Forcing endless battles is banned
|rule|Species Clause: Limit one of each Pokémon
|rule|OHKO Clause: OHKO moves are banned
|rule|Evasion Items Clause: Evasion items are banned
|rule|Evasion Moves Clause: Evasion moves are banned
|rule|Evasion Abilities Clause: Evasion abilities are banned
|rule|Sleep Moves Clause: Sleep-inducing moves are banned
|clearpoke
|poke|p1|Torkoal, F|
|poke|p1|Charizard, M|
|poke|p1|Raging Bolt|
|poke|p1|Ceruledge, M|
|poke|p1|Iron Valiant|
|poke|p1|Tyranitar, M|
|poke|p2|Glimmora, F|
|poke|p2|Greninja-*, M|
|poke|p2|Gholdengo|
|poke|p2|Garganacl, F|
|poke|p2|Deoxys-Speed|
|poke|p2|Incineroar, M|
|teampreview
|inactive|Battle timer is ON: inactive players will automatically lose when time's up. (requested by pivaio02)
|
|t:|1769309114
|teamsize|p1|6
|teamsize|p2|6
|start
|switch|p1a: Torkoal|Torkoal, F|100/100
|switch|p2a: Glimmora|Glimmora, F, shiny|100/100
|-item|p2a: Glimmora|Air Balloon
|-weather|SunnyDay|[from] ability: Drought|[of] p1a: Torkoal
|turn|1
|
|t:|1769309125
|move|p2a: Glimmora|Earth Power|p1a: Torkoal
|-supereffective|p1a: Torkoal
|-damage|p1a: Torkoal|28/100
|move|p1a: Torkoal|Stealth Rock|p2a: Glimmora
|-sidestart|p2: pivaio02|move: Stealth Rock
|
|-weather|SunnyDay|[upkeep]
|upkeep
|turn|2
|
|t:|1769309138
|switch|p1a: Charizard|Charizard, M|100/100
|move|p2a: Glimmora|Toxic Spikes|p1a: Charizard
|-sidestart|p1: kiko5bolas|move: Toxic Spikes
|
|-weather|SunnyDay|[upkeep]
|-damage|p1a: Charizard|88/100|[from] ability: Solar Power|[of] p1a: Charizard
|upkeep
|turn|3
|
|t:|1769309150
|move|p1a: Charizard|Solar Beam||[still]
|-prepare|p1a: Charizard|Solar Beam
|-anim|p1a: Charizard|Solar Beam|p2a: Glimmora
|-damage|p2a: Glimmora|36/100
|-enditem|p2a: Glimmora|Air Balloon
|move|p2a: Glimmora|Toxic|p1a: Charizard
|-status|p1a: Charizard|tox
|
|-weather|SunnyDay|[upkeep]
|-damage|p1a: Charizard|76/100 tox|[from] ability: Solar Power|[of] p1a: Charizard
|-damage|p1a: Charizard|70/100 tox|[from] psn
|upkeep
|turn|4
|
|t:|1769309156
|move|p2a: Glimmora|Protect|p2a: Glimmora
|-singleturn|p2a: Glimmora|Protect
|move|p1a: Charizard|Solar Beam||[still]
|-prepare|p1a: Charizard|Solar Beam
|-anim|p1a: Charizard|Solar Beam|p2a: Glimmora
|-activate|p2a: Glimmora|move: Protect
|
|-weather|SunnyDay|[upkeep]
|-damage|p1a: Charizard|57/100 tox|[from] ability: Solar Power|[of] p1a: Charizard
|-damage|p1a: Charizard|45/100 tox|[from] psn
|upkeep
|turn|5
|
|t:|1769309167
|move|p1a: Charizard|Solar Beam||[still]
|-prepare|p1a: Charizard|Solar Beam
|-anim|p1a: Charizard|Solar Beam|p2a: Glimmora
|-damage|p2a: Glimmora|0 fnt
|faint|p2a: Glimmora
|
|-weather|SunnyDay|[upkeep]
|-damage|p1a: Charizard|32/100 tox|[from] ability: Solar Power|[of] p1a: Charizard
|-damage|p1a: Charizard|14/100 tox|[from] psn
|upkeep
|
|t:|1769309171
|switch|p2a: Greninja|Greninja, M|100/100
|-damage|p2a: Greninja|88/100|[from] Stealth Rock
|turn|6
|
|t:|1769309174
|move|p2a: Greninja|Water Shuriken|p1a: Charizard
|-supereffective|p1a: Charizard
|-damage|p1a: Charizard|3/100 tox
|-supereffective|p1a: Charizard
|-crit|p1a: Charizard
|-damage|p1a: Charizard|0 fnt
|faint|p1a: Charizard
|-ability|p2a: Greninja|Battle Bond|boost
|-boost|p2a: Greninja|atk|1
|-boost|p2a: Greninja|spa|1
|-boost|p2a: Greninja|spe|1
|-activate|p2a: Greninja|ability: Battle Bond
|-hitcount|p1: Charizard|2
|-damage|p2a: Greninja|78/100|[from] item: Life Orb
|
|-weather|SunnyDay|[upkeep]
|upkeep
|
|t:|1769309181
|switch|p1a: Raging Bolt|Raging Bolt|100/100
|-status|p1a: Raging Bolt|psn
|-activate|p1a: Raging Bolt|ability: Protosynthesis
|-start|p1a: Raging Bolt|protosynthesisspa
|turn|7
|
|t:|1769309187
|move|p1a: Raging Bolt|Thunderclap|p2a: Greninja
|-supereffective|p2a: Greninja
|-damage|p2a: Greninja|0 fnt
|faint|p2a: Greninja
|
|-weather|SunnyDay|[upkeep]
|-damage|p1a: Raging Bolt|88/100 psn|[from] psn
|upkeep
|
|t:|1769309191
|switch|p2a: Garganacl|Garganacl, F, shiny|100/100
|-damage|p2a: Garganacl|88/100|[from] Stealth Rock
|turn|8
|
|t:|1769309210
|move|p1a: Raging Bolt|Thunderclap|p2a: Garganacl
|-damage|p2a: Garganacl|42/100
|move|p2a: Garganacl|Salt Cure|p1a: Raging Bolt
|-damage|p1a: Raging Bolt|75/100 psn
|-start|p1a: Raging Bolt|Salt Cure
|
|-weather|none
|-end|p1a: Raging Bolt|Protosynthesis
|-heal|p1a: Raging Bolt|81/100 psn|[from] item: Leftovers
|-damage|p1a: Raging Bolt|69/100 psn|[from] psn
|-damage|p1a: Raging Bolt|57/100 psn|[from] Salt Cure
|upkeep
|turn|9
|
|t:|1769309216
|move|p1a: Raging Bolt|Calm Mind|p1a: Raging Bolt
|-boost|p1a: Raging Bolt|spa|1
|-boost|p1a: Raging Bolt|spd|1
|move|p2a: Garganacl|Recover|p2a: Garganacl
|-heal|p2a: Garganacl|92/100
|
|-heal|p1a: Raging Bolt|63/100 psn|[from] item: Leftovers
|-damage|p1a: Raging Bolt|50/100 psn|[from] psn
|-damage|p1a: Raging Bolt|38/100 psn|[from] Salt Cure
|upkeep
|turn|10
|
|t:|1769309227
|move|p1a: Raging Bolt|Thunderclap||[still]
|-fail|p1a: Raging Bolt
|move|p2a: Garganacl|Recover|p2a: Garganacl
|-heal|p2a: Garganacl|100/100
|
|-heal|p1a: Raging Bolt|44/100 psn|[from] item: Leftovers
|-damage|p1a: Raging Bolt|32/100 psn|[from] psn
|-damage|p1a: Raging Bolt|20/100 psn|[from] Salt Cure
|upkeep
|turn|11
|
|t:|1769309234
|move|p1a: Raging Bolt|Thunderclap||[still]
|-fail|p1a: Raging Bolt
|move|p2a: Garganacl|Iron Defense|p2a: Garganacl
|-boost|p2a: Garganacl|def|2
|
|-heal|p1a: Raging Bolt|26/100 psn|[from] item: Leftovers
|-damage|p1a: Raging Bolt|14/100 psn|[from] psn
|-damage|p1a: Raging Bolt|1/100 psn|[from] Salt Cure
|upkeep
|turn|12
|
|t:|1769309237
|move|p1a: Raging Bolt|Dragon Pulse|p2a: Garganacl
|-damage|p2a: Garganacl|38/100
|move|p2a: Garganacl|Iron Defense|p2a: Garganacl
|-boost|p2a: Garganacl|def|2
|
|-heal|p1a: Raging Bolt|7/100 psn|[from] item: Leftovers
|-damage|p1a: Raging Bolt|0 fnt|[from] psn
|faint|p1a: Raging Bolt
|-end|p1a: Raging Bolt|Protosynthesis|[silent]
|upkeep
|
|t:|1769309241
|switch|p1a: Iron Valiant|Iron Valiant|100/100
|-status|p1a: Iron Valiant|psn
|-enditem|p1a: Iron Valiant|Booster Energy
|-activate|p1a: Iron Valiant|ability: Quark Drive|[fromitem]
|-start|p1a: Iron Valiant|quarkdrivespe
|turn|13
|
|t:|1769309248
|move|p1a: Iron Valiant|Close Combat|p2a: Garganacl
|-supereffective|p2a: Garganacl
|-damage|p2a: Garganacl|14/100
|-unboost|p1a: Iron Valiant|def|1
|-unboost|p1a: Iron Valiant|spd|1
|-damage|p1a: Iron Valiant|84/100 psn|[from] item: Rocky Helmet|[of] p2a: Garganacl
|move|p2a: Garganacl|Recover|p2a: Garganacl
|-heal|p2a: Garganacl|64/100
|
|-damage|p1a: Iron Valiant|71/100 psn|[from] psn
|upkeep
|turn|14
|
|t:|1769309254
|move|p1a: Iron Valiant|Moonblast|p2a: Garganacl
|-damage|p2a: Garganacl|26/100
|move|p2a: Garganacl|Body Press|p1a: Iron Valiant
|-resisted|p1a: Iron Valiant
|-damage|p1a: Iron Valiant|5/100 psn
|
|-damage|p1a: Iron Valiant|0 fnt|[from] psn
|faint|p1a: Iron Valiant
|-end|p1a: Iron Valiant|Quark Drive|[silent]
|upkeep
|
|t:|1769309258
|switch|p1a: Tyranitar|Tyranitar, M|100/100
|-status|p1a: Tyranitar|psn
|-weather|Sandstorm|[from] ability: Sand Stream|[of] p1a: Tyranitar
|turn|15
|
|t:|1769309264
|move|p1a: Tyranitar|Earthquake|p2a: Garganacl
|-supereffective|p2a: Garganacl
|-damage|p2a: Garganacl|8/100
|move|p2a: Garganacl|Body Press|p1a: Tyranitar
|-supereffective|p1a: Tyranitar
|-damage|p1a: Tyranitar|0 fnt
|faint|p1a: Tyranitar
|
|-weather|Sandstorm|[upkeep]
|upkeep
|
|t:|1769309271
|switch|p1a: Ceruledge|Ceruledge, M|100/100
|-item|p1a: Ceruledge|Air Balloon
|turn|16
|
|t:|1769309274
|move|p1a: Ceruledge|Bitter Blade|p2a: Garganacl
|-resisted|p2a: Garganacl
|-damage|p2a: Garganacl|3/100
|-damage|p1a: Ceruledge|84/100|[from] item: Rocky Helmet|[of] p2a: Garganacl
|move|p2a: Garganacl|Body Press|p1a: Ceruledge
|-immune|p1a: Ceruledge
|
|-weather|Sandstorm|[upkeep]
|-damage|p1a: Ceruledge|78/100|[from] Sandstorm
|upkeep
|turn|17
|
|t:|1769309278
|move|p1a: Ceruledge|Bitter Blade|p2a: Garganacl
|-resisted|p2a: Garganacl
|-damage|p2a: Garganacl|0 fnt
|-heal|p1a: Ceruledge|80/100|[from] drain|[of] p2a: Garganacl
|-damage|p1a: Ceruledge|63/100|[from] item: Rocky Helmet|[of] p2a: Garganacl
|faint|p2a: Garganacl
|
|-weather|Sandstorm|[upkeep]
|-damage|p1a: Ceruledge|57/100|[from] Sandstorm
|upkeep
|
|t:|1769309287
|switch|p2a: Deoxys|Deoxys-Speed|100/100
|-damage|p2a: Deoxys|88/100|[from] Stealth Rock
|-ability|p2a: Deoxys|Pressure
|turn|18
|
|t:|1769309297
|switch|p2a: Gholdengo|Gholdengo|100/100
|-damage|p2a: Gholdengo|94/100|[from] Stealth Rock
|-terastallize|p1a: Ceruledge|Stellar
|move|p1a: Ceruledge|Swords Dance|p1a: Ceruledge
|-boost|p1a: Ceruledge|atk|2
|
|-weather|Sandstorm|[upkeep]
|-damage|p1a: Ceruledge|51/100|[from] Sandstorm
|upkeep
|turn|19
|
|t:|1769309309
|move|p1a: Ceruledge|Bitter Blade|p2a: Gholdengo
|-supereffective|p2a: Gholdengo
|-damage|p2a: Gholdengo|0 fnt
|-heal|p1a: Ceruledge|100/100|[from] drain|[of] p2a: Gholdengo
|faint|p2a: Gholdengo
|
|-weather|none
|upkeep
|
|t:|1769309316
|switch|p2a: Incineroar|Incineroar, M|100/100
|-damage|p2a: Incineroar|76/100|[from] Stealth Rock
|-item|p2a: Incineroar|Air Balloon
|turn|20
|
|t:|1769309322
|move|p1a: Ceruledge|Close Combat|p2a: Incineroar
|-supereffective|p2a: Incineroar
|-damage|p2a: Incineroar|0 fnt
|-unboost|p1a: Ceruledge|def|1
|-unboost|p1a: Ceruledge|spd|1
|-enditem|p2a: Incineroar|Air Balloon
|faint|p2a: Incineroar
|
|upkeep
|
|t:|1769309325
|switch|p2a: Deoxys|Deoxys-Speed|88/100
|-damage|p2a: Deoxys|76/100|[from] Stealth Rock
|-ability|p2a: Deoxys|Pressure
|turn|21
|
|t:|1769309335
|-terastallize|p2a: Deoxys|Psychic
|move|p2a: Deoxys|Substitute|p2a: Deoxys
|-start|p2a: Deoxys|Substitute
|-damage|p2a: Deoxys|51/100
|move|p1a: Ceruledge|Bitter Blade|p2a: Deoxys
|-end|p2a: Deoxys|Substitute
|
|-heal|p2a: Deoxys|57/100|[from] item: Leftovers
|upkeep
|turn|22
|
|t:|1769309346
|move|p2a: Deoxys|Psycho Boost|p1a: Ceruledge|[miss]
|-miss|p2a: Deoxys|p1a: Ceruledge
|move|p1a: Ceruledge|Bitter Blade|p2a: Deoxys
|-damage|p2a: Deoxys|0 fnt
|faint|p2a: Deoxys
|
|win|kiko5bolas
|raw|kiko5bolas's rating: 1000 &rarr; <strong>1045</strong><br />(+45 for winning)
|raw|pivaio02's rating: 1040 &rarr; <strong>1022</strong><br />(-18 for losing)
|l|☆pivaio02
|player|p2|
