|j|☆flaresun3
|j|☆ElAllerano
|t:|1769362477
|gametype|singles
|player|p1|flaresun3|shadowtriad|1230
|player|p2|ElAllerano|cynthia-gen4|1197
|gen|9
|tier|[Gen 9] OU
|rated|
|rule|HP Percentage Mod: HP is shown in percentages
|rule|Endless Battle Clause: Forcing endless battles is banned
|rule|Species Clause: Limit one of each Pokémon
|rule|OHKO Clause: OHKO moves are banned
|rule|Evasion Items Clause: Evasion items are banned
|rule|Evasion Moves Clause: Evasion moves are banned
|rule|Evasion Abilities Clause: Evasion abilities are banned
|rule|Sleep Moves Clause: Sleep-inducing moves are banned
|clearpoke
|poke|p1|Indeedee, M|
|poke|p1|Lapras, M|
|poke|p1|Blaziken, M|
|poke|p1|Serperior, F|
|poke|p1|Gengar, M|
|poke|p1|Krookodile, F|
|poke|p2|Garchomp, M|
|poke|p2|Corviknight, M|
|poke|p2|Weavile, M|
|poke|p2|Toxapex, M|
|poke|p2|Iron Valiant|
|poke|p2|Rillaboom, M|
|teampreview
|inactive|Battle timer is ON: inactive players will automatically lose when time's up. (requested by flaresun3)
|inactive|ElAllerano also wants the timer to be on.
|
|t:|1769362491
|teamsize|p1|6
|teamsize|p2|6
|start
|switch|p1a: Blaziken|Blaziken, M|100/100
|switch|p2a: Weavile|Weavile, M|100/100
|-ability|p2a: Weavile|Pressure
|turn|1
|
|t:|1769362502
|switch|p2a: Toxapex|Toxapex, M, shiny|100/100
|move|p1a: Blaziken|Protect||[still]
|-fail|p1a: Blaziken
|
|-ability|p1a: Blaziken|Speed Boost|boost
|-boost|p1a: Blaziken|spe|1
|upkeep
|turn|2
|
|t:|1769362514
|move|p1a: Blaziken|Earthquake|p2a: Toxapex
|-supereffective|p2a: Toxapex
|-damage|p2a: Toxapex|48/100
|-damage|p1a: Blaziken|91/100|[from] item: Life Orb
|move|p2a: Toxapex|Toxic|p1a: Blaziken
|-status|p1a: Blaziken|tox
|
|-heal|p2a: Toxapex|54/100|[from] item: Leftovers
|-damage|p1a: Blaziken|85/100 tox|[from] psn
|-ability|p1a: Blaziken|Speed Boost|boost
|-boost|p1a: Blaziken|spe|1
|upkeep
|turn|3
|
|t:|1769362535
|switch|p1a: Gengar|Gengar, M|100/100
|-item|p1a: Gengar|Air Balloon
|switch|p2a: Corviknight|Corviknight, M, shiny|100/100
|-ability|p2a: Corviknight|Pressure
|
|upkeep
|turn|4
|
|t:|1769362555
|switch|p1a: Lapras|Lapras, M|100/100
|move|p2a: Corviknight|Iron Defense|p2a: Corviknight
|-boost|p2a: Corviknight|def|2
|
|upkeep
|turn|5
|
|t:|1769362562
|move|p2a: Corviknight|Body Press|p1a: Lapras
|-supereffective|p1a: Lapras
|-damage|p1a: Lapras|37/100
|move|p1a: Lapras|Thunder|p2a: Corviknight
|-supereffective|p2a: Corviknight
|-damage|p2a: Corviknight|55/100
|
|upkeep
|turn|6
|
|t:|1769362569
|switch|p1a: Gengar|Gengar, M|100/100
|-item|p1a: Gengar|Air Balloon
|move|p2a: Corviknight|Body Press|p1a: Gengar
|-immune|p1a: Gengar
|
|upkeep
|turn|7
|
|t:|1769362590
|move|p1a: Gengar|Shadow Ball|p2a: Corviknight
|-damage|p2a: Corviknight|28/100
|move|p2a: Corviknight|Roost|p2a: Corviknight
|-heal|p2a: Corviknight|78/100
|-singleturn|p2a: Corviknight|move: Roost
|
|upkeep
|turn|8
|inactive|ElAllerano has 120 seconds left.
|
|t:|1769362613
|switch|p1a: Blaziken|Blaziken, M|85/100 tox
|switch|p2a: Rillaboom|Rillaboom, M, shiny|100/100
|-fieldstart|move: Grassy Terrain|[from] ability: Grassy Surge|[of] p2a: Rillaboom
|
|-heal|p1a: Blaziken|91/100 tox|[from] Grassy Terrain
|-damage|p1a: Blaziken|85/100 tox|[from] psn
|upkeep
|turn|9
|inactive|ElAllerano has 120 seconds left.
|
|t:|1769362623
|move|p2a: Rillaboom|Fake Out|p1a: Blaziken
|-damage|p1a: Blaziken|64/100 tox
|cant|p1a: Blaziken|flinch
|
|-heal|p1a: Blaziken|70/100 tox|[from] Grassy Terrain
|-damage|p1a: Blaziken|58/100 tox|[from] psn
|-ability|p1a: Blaziken|Speed Boost|boost
|-boost|p1a: Blaziken|spe|1
|upkeep
|turn|10
|inactive|ElAllerano has 120 seconds left.
|
|t:|1769362634
|switch|p2a: Toxapex|Toxapex, M, shiny|88/100
|move|p1a: Blaziken|Flamethrower|p2a: Toxapex
|-resisted|p2a: Toxapex
|-damage|p2a: Toxapex|70/100
|-damage|p1a: Blaziken|48/100 tox|[from] item: Life Orb
|
|-heal|p1a: Blaziken|54/100 tox|[from] Grassy Terrain
|-heal|p2a: Toxapex|76/100|[from] Grassy Terrain
|-heal|p2a: Toxapex|83/100|[from] item: Leftovers
|-damage|p1a: Blaziken|36/100 tox|[from] psn
|-ability|p1a: Blaziken|Speed Boost|boost
|-boost|p1a: Blaziken|spe|1
|upkeep
|turn|11
|inactive|ElAllerano has 120 seconds left.
|
|t:|1769362648
|switch|p1a: Indeedee|Indeedee, M|100/100
|-fieldstart|move: Psychic Terrain|[from] ability: Psychic Surge|[of] p1a: Indeedee
|move|p2a: Toxapex|Infestation|p1a: Indeedee
|-supereffective|p1a: Indeedee
|-damage|p1a: Indeedee|92/100
|-activate|p1a: Indeedee|move: Infestation|[of] p2a: Toxapex
|
|-heal|p2a: Toxapex|89/100|[from] item: Leftovers
|-damage|p1a: Indeedee|80/100|[from] move: Infestation|[partiallytrapped]
|upkeep
|turn|12
|inactive|ElAllerano has 120 seconds left.
|
|t:|1769362661
|move|p1a: Indeedee|Expanding Force|p2a: Toxapex
|-supereffective|p2a: Toxapex
|-damage|p2a: Toxapex|0 fnt
|faint|p2a: Toxapex
|-damage|p1a: Indeedee|70/100|[from] item: Life Orb
|
|-end|p1a: Indeedee|Infestation|[partiallytrapped]|[silent]
|upkeep
|inactive|ElAllerano has 120 seconds left.
|
|t:|1769362671
|switch|p2a: Weavile|Weavile, M|100/100
|-ability|p2a: Weavile|Pressure
|turn|13
|
|t:|1769362680
|-terastallize|p1a: Indeedee|Fairy
|move|p2a: Weavile|Knock Off|p1a: Indeedee
|-resisted|p1a: Indeedee
|-damage|p1a: Indeedee|0 fnt
|-enditem|p1a: Indeedee|Life Orb|[from] move: Knock Off|[of] p2a: Weavile
|faint|p1a: Indeedee
|
|upkeep
|
|t:|1769362692
|switch|p1a: Krookodile|Krookodile, F|100/100
|turn|14
|
|t:|1769362696
|switch|p2a: Corviknight|Corviknight, M, shiny|78/100
|-ability|p2a: Corviknight|Pressure
|move|p1a: Krookodile|Close Combat|p2a: Corviknight
|-damage|p2a: Corviknight|47/100
|-unboost|p1a: Krookodile|def|1
|-unboost|p1a: Krookodile|spd|1
|-damage|p1a: Krookodile|84/100|[from] item: Rocky Helmet|[of] p2a: Corviknight
|
|upkeep
|turn|15
|
|t:|1769362712
|switch|p1a: Blaziken|Blaziken, M|36/100 tox
|move|p2a: Corviknight|Roost|p2a: Corviknight
|-heal|p2a: Corviknight|97/100
|-singleturn|p2a: Corviknight|move: Roost
|
|-damage|p1a: Blaziken|30/100 tox|[from] psn
|-fieldend|move: Psychic Terrain
|upkeep
|turn|16
|
|t:|1769362724
|move|p1a: Blaziken|Flamethrower|p2a: Corviknight
|-supereffective|p2a: Corviknight
|-damage|p2a: Corviknight|47/100
|-damage|p1a: Blaziken|20/100 tox|[from] item: Life Orb
|move|p2a: Corviknight|Body Press|p1a: Blaziken
|-damage|p1a: Blaziken|0 fnt
|faint|p1a: Blaziken
|
|upkeep
|
|t:|1769362733
|switch|p1a: Lapras|Lapras, M|37/100
|turn|17
|
|t:|1769362737
|move|p2a: Corviknight|Roost|p2a: Corviknight
|-heal|p2a: Corviknight|97/100
|-singleturn|p2a: Corviknight|move: Roost
|move|p1a: Lapras|Thunder|p2a: Corviknight|[miss]
|-miss|p1a: Lapras|p2a: Corviknight
|
|upkeep
|turn|18
|
|t:|1769362745
|switch|p1a: Serperior|Serperior, F|100/100
|move|p2a: Corviknight|Body Press|p1a: Serperior
|-crit|p1a: Serperior
|-damage|p1a: Serperior|64/100
|
|upkeep
|turn|19
|
|t:|1769362752
|move|p1a: Serperior|Leech Seed|p2a: Corviknight
|-start|p2a: Corviknight|move: Leech Seed
|move|p2a: Corviknight|Iron Defense|p2a: Corviknight
|-boost|p2a: Corviknight|def|2
|
|-damage|p2a: Corviknight|85/100|[from] Leech Seed|[of] p1a: Serperior
|-heal|p1a: Serperior|81/100|[silent]
|upkeep
|turn|20
|
|t:|1769362768
|switch|p1a: Gengar|Gengar, M|100/100
|-item|p1a: Gengar|Air Balloon
|move|p2a: Corviknight|Body Press|p1a: Gengar
|-immune|p1a: Gengar
|
|-damage|p2a: Corviknight|73/100|[from] Leech Seed|[of] p1a: Gengar
|upkeep
|turn|21
|
|t:|1769362780
|switch|p2a: Rillaboom|Rillaboom, M, shiny|100/100
|-fieldstart|move: Grassy Terrain|[from] ability: Grassy Surge|[of] p2a: Rillaboom
|move|p1a: Gengar|Icy Wind|p2a: Rillaboom
|-supereffective|p2a: Rillaboom
|-damage|p2a: Rillaboom|45/100
|-unboost|p2a: Rillaboom|spe|1
|
|-heal|p2a: Rillaboom|52/100|[from] Grassy Terrain
|upkeep
|turn|22
|
|t:|1769362802
|-terastallize|p2a: Rillaboom|Normal
|move|p1a: Gengar|Sludge Bomb|p2a: Rillaboom
|-damage|p2a: Rillaboom|0 fnt
|faint|p2a: Rillaboom
|
|upkeep
|
|t:|1769362810
|switch|p2a: Weavile|Weavile, M|100/100
|-ability|p2a: Weavile|Pressure
|turn|23
|
|t:|1769362816
|switch|p1a: Lapras|Lapras, M|37/100
|move|p2a: Weavile|Knock Off|p1a: Lapras
|-damage|p1a: Lapras|0 fnt
|-enditem|p1a: Lapras|Assault Vest|[from] move: Knock Off|[of] p2a: Weavile
|faint|p1a: Lapras
|
|upkeep
|
|t:|1769362823
|switch|p1a: Krookodile|Krookodile, F|84/100
|turn|24
|
|t:|1769362827
|switch|p2a: Corviknight|Corviknight, M, shiny|73/100
|-ability|p2a: Corviknight|Pressure
|move|p1a: Krookodile|Close Combat|p2a: Corviknight
|-damage|p2a: Corviknight|40/100
|-unboost|p1a: Krookodile|def|1
|-unboost|p1a: Krookodile|spd|1
|-damage|p1a: Krookodile|67/100|[from] item: Rocky Helmet|[of] p2a: Corviknight
|
|-heal|p1a: Krookodile|73/100|[from] Grassy Terrain
|upkeep
|turn|25
|
|t:|1769362840
|switch|p1a: Gengar|Gengar, M|100/100
|-item|p1a: Gengar|Air Balloon
|move|p2a: Corviknight|Roost|p2a: Corviknight
|-heal|p2a: Corviknight|90/100
|-singleturn|p2a: Corviknight|move: Roost
|
|-heal|p2a: Corviknight|96/100|[from] Grassy Terrain
|upkeep
|turn|26
|
|t:|1769362853
|move|p1a: Gengar|Icy Wind|p2a: Corviknight
|-damage|p2a: Corviknight|84/100
|-unboost|p2a: Corviknight|spe|1
|move|p2a: Corviknight|Iron Defense|p2a: Corviknight
|-boost|p2a: Corviknight|def|2
|
|upkeep
|turn|27
|
|t:|1769362861
|move|p1a: Gengar|Shadow Ball|p2a: Corviknight
|-damage|p2a: Corviknight|53/100
|move|p2a: Corviknight|Iron Defense|p2a: Corviknight
|-boost|p2a: Corviknight|def|2
|
|upkeep
|turn|28
|
|t:|1769362869
|move|p1a: Gengar|Shadow Ball|p2a: Corviknight
|-damage|p2a: Corviknight|24/100
|-unboost|p2a: Corviknight|spd|1
|move|p2a: Corviknight|Roost|p2a: Corviknight
|-heal|p2a: Corviknight|74/100
|-singleturn|p2a: Corviknight|move: Roost
|
|-heal|p2a: Corviknight|80/100|[from] Grassy Terrain
|-fieldend|move: Grassy Terrain
|upkeep
|turn|29
|
|t:|1769362885
|switch|p2a: Garchomp|Garchomp, M|100/100
|move|p1a: Gengar|Shadow Ball|p2a: Garchomp
|-damage|p2a: Garchomp|56/100
|
|upkeep
|turn|30
|
|t:|1769362893
|move|p1a: Gengar|Icy Wind|p2a: Garchomp
|-supereffective|p2a: Garchomp
|-damage|p2a: Garchomp|0 fnt
|faint|p2a: Garchomp
|
|upkeep
|
|t:|1769362899
|switch|p2a: Weavile|Weavile, M|100/100
|-ability|p2a: Weavile|Pressure
|turn|31
|
|t:|1769362904
|switch|p1a: Krookodile|Krookodile, F|73/100
|move|p2a: Weavile|Triple Axel|p1a: Krookodile
|-supereffective|p1a: Krookodile
|-damage|p1a: Krookodile|39/100
|-hitcount|p1a: Krookodile|1
|
|upkeep
|turn|32
|
|t:|1769362916
|switch|p2a: Corviknight|Corviknight, M, shiny|80/100
|-ability|p2a: Corviknight|Pressure
|move|p1a: Krookodile|Close Combat|p2a: Corviknight
|-damage|p2a: Corviknight|49/100
|-unboost|p1a: Krookodile|def|1
|-unboost|p1a: Krookodile|spd|1
|-damage|p1a: Krookodile|22/100|[from] item: Rocky Helmet|[of] p2a: Corviknight
|
|upkeep
|turn|33
|
|t:|1769362927
|switch|p1a: Serperior|Serperior, F|81/100
|switch|p2a: Weavile|Weavile, M|100/100
|-ability|p2a: Weavile|Pressure
|
|upkeep
|turn|34
|
|t:|1769362937
|move|p2a: Weavile|Poison Jab|p1a: Serperior
|-supereffective|p1a: Serperior
|-damage|p1a: Serperior|0 fnt
|faint|p1a: Serperior
|
|upkeep
|
|t:|1769362941
|switch|p1a: Krookodile|Krookodile, F|22/100
|turn|35
|
|t:|1769362947
|switch|p2a: Corviknight|Corviknight, M, shiny|49/100
|-ability|p2a: Corviknight|Pressure
|move|p1a: Krookodile|Knock Off|p2a: Corviknight
|-crit|p2a: Corviknight
|-damage|p2a: Corviknight|0 fnt
|-damage|p1a: Krookodile|6/100|[from] item: Rocky Helmet|[of] p2a: Corviknight
|-enditem|p2a: Corviknight|Rocky Helmet|[from] move: Knock Off|[of] p1a: Krookodile
|faint|p2a: Corviknight
|-ability|p1a: Krookodile|Moxie|boost
|-boost|p1a: Krookodile|atk|1
|
|upkeep
|
|t:|1769362963
|switch|p2a: Iron Valiant|Iron Valiant, shiny|100/100
|-enditem|p2a: Iron Valiant|Booster Energy
|-activate|p2a: Iron Valiant|ability: Quark Drive|[fromitem]
|-start|p2a: Iron Valiant|quarkdrivespe
|turn|36
|
|t:|1769362972
|switch|p1a: Gengar|Gengar, M|100/100
|-item|p1a: Gengar|Air Balloon
|move|p2a: Iron Valiant|Psychic|p1a: Gengar
|-supereffective|p1a: Gengar
|-damage|p1a: Gengar|6/100
|-enditem|p1a: Gengar|Air Balloon
|
|upkeep
|turn|37
|
|t:|1769362985
|move|p2a: Iron Valiant|Moonblast|p1a: Gengar
|-resisted|p1a: Gengar
|-damage|p1a: Gengar|0 fnt
|-start|p2a: Iron Valiant|Disable|Moonblast|[from] ability: Cursed Body|[of] p1a: Gengar
|faint|p1a: Gengar
|
|upkeep
|
|t:|1769362988
|switch|p1a: Krookodile|Krookodile, F|6/100
|turn|38
|
|t:|1769362995
|move|p2a: Iron Valiant|Aura Sphere|p1a: Krookodile
|-supereffective|p1a: Krookodile
|-damage|p1a: Krookodile|0 fnt
|faint|p1a: Krookodile
|
|win|ElAllerano
|raw|flaresun3's rating: 1230 &rarr; <strong>1203</strong><br />(-27 for losing)
|raw|ElAllerano's rating: 1197 &rarr; <strong>1224</strong><br />(+27 for winning)
|l|☆flaresun3
|player|p1|
|l|☆ElAllerano
|player|p2|
