|j|☆Echoes4
|j|☆Arcsouth
|t:|1769309519
|gametype|singles
|player|p1|Echoes4|brock|
|player|p2|Arcsouth|gentleman-gen4dp|
|gen|9
|tier|[Gen 9] OU
|rule|HP Percentage Mod: HP is shown in percentages
|rule|Endless Battle Clause: Forcing endless battles is banned
|rule|Species Clause: Limit one of each Pokémon
|rule|OHKO Clause: OHKO moves are banned
|rule|Evasion Items Clause: Evasion items are banned
|rule|Evasion Moves Clause: Evasion moves are banned
|rule|Evasion Abilities Clause: Evasion abilities are banned
|rule|Sleep Moves Clause: Sleep-inducing moves are banned
|clearpoke
|poke|p1|Meowscarada, M|
|poke|p1|Primarina, F|
|poke|p1|Zapdos-Galar|
|poke|p1|Mew|
|poke|p1|Slowbro, M|
|poke|p1|Sylveon, M|
|poke|p2|Ninetales-Alola, M|
|poke|p2|Toxapex, F|
|poke|p2|Greninja-*, F|
|poke|p2|Ceruledge, M|
|poke|p2|Jolteon, M|
|poke|p2|Cloyster, F|
|teampreview
|
|t:|1769309529
|teamsize|p1|6
|teamsize|p2|6
|start
|switch|p1a: Meowscarada|Meowscarada, M|100/100
|switch|p2a: Ninetales|Ninetales-Alola, M|100/100
|-weather|Snowscape|[from] ability: Snow Warning|[of] p2a: Ninetales
|turn|1
|
|t:|1769309548
|-terastallize|p1a: Meowscarada|Water
|move|p1a: Meowscarada|Knock Off|p2a: Ninetales
|-resisted|p2a: Ninetales
|-damage|p2a: Ninetales|81/100
|-enditem|p2a: Ninetales|Light Clay|[from] move: Knock Off|[of] p1a: Meowscarada
|move|p2a: Ninetales|Freeze-Dry|p1a: Meowscarada
|-supereffective|p1a: Meowscarada
|-damage|p1a: Meowscarada|40/100
|
|-weather|Snowscape|[upkeep]
|upkeep
|turn|2
|
|t:|1769309560
|move|p1a: Meowscarada|U-turn|p2a: Ninetales
|-resisted|p2a: Ninetales
|-damage|p2a: Ninetales|72/100
|
|t:|1769309571
|switch|p1a: Slowbro|Slowbro, M|100/100|[from] U-turn
|move|p2a: Ninetales|Freeze-Dry|p1a: Slowbro
|-supereffective|p1a: Slowbro
|-damage|p1a: Slowbro|60/100
|
|-weather|Snowscape|[upkeep]
|upkeep
|turn|3
|
|t:|1769309586
|switch|p2a: Greninja|Greninja, F|100/100
|move|p1a: Slowbro|Thunder Wave|p2a: Greninja
|-status|p2a: Greninja|par
|
|-weather|Snowscape|[upkeep]
|upkeep
|turn|4
|
|t:|1769309602
|switch|p1a: Mew|Mew|100/100
|move|p2a: Greninja|Dark Pulse|p1a: Mew
|-start|p2a: Greninja|typechange|Dark|[from] ability: Protean
|-supereffective|p1a: Mew
|-damage|p1a: Mew|16/100
|
|-weather|Snowscape|[upkeep]
|upkeep
|turn|5
|
|t:|1769309613
|switch|p2a: Toxapex|Toxapex, F|100/100
|move|p1a: Mew|Volt Switch|p2a: Toxapex
|-supereffective|p2a: Toxapex
|-damage|p2a: Toxapex|78/100
|
|t:|1769309650
|switch|p1a: Primarina|Primarina, F|100/100|[from] Volt Switch
|
|-weather|none
|-heal|p2a: Toxapex|84/100|[from] item: Black Sludge
|upkeep
|turn|6
|
|t:|1769309661
|move|p1a: Primarina|Calm Mind|p1a: Primarina
|-boost|p1a: Primarina|spa|1
|-boost|p1a: Primarina|spd|1
|move|p2a: Toxapex|Toxic|p1a: Primarina
|-status|p1a: Primarina|tox
|
|-heal|p2a: Toxapex|91/100|[from] item: Black Sludge
|-damage|p1a: Primarina|94/100 tox|[from] psn
|upkeep
|turn|7
|
|t:|1769309669
|move|p1a: Primarina|Shadow Ball|p2a: Toxapex
|-damage|p2a: Toxapex|56/100
|-unboost|p2a: Toxapex|spd|1
|move|p2a: Toxapex|Haze|p2a: Toxapex
|-clearallboost
|
|-heal|p1a: Primarina|100/100 tox|[from] item: Leftovers
|-heal|p2a: Toxapex|63/100|[from] item: Black Sludge
|-damage|p1a: Primarina|88/100 tox|[from] psn
|upkeep
|turn|8
|
|t:|1769309680
|switch|p1a: Slowbro|Slowbro, M|60/100
|switch|p2a: Ninetales|Ninetales-Alola, M|72/100
|-weather|Snowscape|[from] ability: Snow Warning|[of] p2a: Ninetales
|
|-weather|Snowscape|[upkeep]
|upkeep
|turn|9
|
|t:|1769309688
|move|p2a: Ninetales|Aurora Veil|p2a: Ninetales
|-sidestart|p2: Arcsouth|move: Aurora Veil
|move|p1a: Slowbro|Thunder Wave|p2a: Ninetales|[miss]
|-miss|p1a: Slowbro|p2a: Ninetales
|
|-weather|Snowscape|[upkeep]
|upkeep
|turn|10
|
|t:|1769309694
|switch|p2a: Jolteon|Jolteon, M|100/100
|move|p1a: Slowbro|Thunder Wave|p2a: Jolteon
|-immune|p2a: Jolteon|[from] ability: Volt Absorb
|
|-weather|Snowscape|[upkeep]
|upkeep
|turn|11
|
|t:|1769309707
|switch|p1a: Mew|Mew|16/100
|move|p2a: Jolteon|Volt Switch|p1a: Mew
|-damage|p1a: Mew|0 fnt
|faint|p1a: Mew
|
|t:|1769309713
|switch|p2a: Cloyster|Cloyster, F|100/100|[from] Volt Switch
|
|-weather|Snowscape|[upkeep]
|upkeep
|
|t:|1769309720
|switch|p1a: Slowbro|Slowbro, M|60/100
|turn|12
|
|t:|1769309724
|switch|p2a: Jolteon|Jolteon, M|100/100
|move|p1a: Slowbro|Thunder Wave|p2a: Jolteon
|-immune|p2a: Jolteon|[from] ability: Volt Absorb
|
|-weather|none
|upkeep
|turn|13
|
|t:|1769309732
|move|p2a: Jolteon|Volt Switch|p1a: Slowbro
|-supereffective|p1a: Slowbro
|-damage|p1a: Slowbro|0 fnt
|faint|p1a: Slowbro
|
|t:|1769309737
|switch|p2a: Ninetales|Ninetales-Alola, M|72/100|[from] Volt Switch
|-weather|Snowscape|[from] ability: Snow Warning|[of] p2a: Ninetales
|
|-weather|Snowscape|[upkeep]
|-sideend|p2: Arcsouth|move: Aurora Veil
|upkeep
|
|t:|1769309750
|switch|p1a: Zapdos|Zapdos-Galar|100/100
|turn|14
|
|t:|1769309755
|move|p2a: Ninetales|Moonblast|p1a: Zapdos
|-supereffective|p1a: Zapdos
|-damage|p1a: Zapdos|53/100
|move|p1a: Zapdos|U-turn|p2a: Ninetales
|-resisted|p2a: Ninetales
|-damage|p2a: Ninetales|62/100
|
|t:|1769309762
|switch|p1a: Meowscarada|Meowscarada, M, tera:Water|40/100|[from] U-turn
|
|-weather|Snowscape|[upkeep]
|upkeep
|turn|15
|
|t:|1769309768
|move|p1a: Meowscarada|Flower Trick|p2a: Ninetales
|-crit|p2a: Ninetales
|-damage|p2a: Ninetales|20/100
|move|p2a: Ninetales|Aurora Veil|p2a: Ninetales
|-sidestart|p2: Arcsouth|move: Aurora Veil
|
|-weather|Snowscape|[upkeep]
|upkeep
|turn|16
|
|t:|1769309781
|move|p1a: Meowscarada|U-turn|p2a: Ninetales
|-resisted|p2a: Ninetales
|-damage|p2a: Ninetales|16/100
|
|t:|1769309784
|switch|p1a: Sylveon|Sylveon, M|100/100|[from] U-turn
|move|p2a: Ninetales|Freeze-Dry|p1a: Sylveon
|-damage|p1a: Sylveon|88/100
|
|-weather|Snowscape|[upkeep]
|-heal|p1a: Sylveon|94/100|[from] item: Leftovers
|upkeep
|turn|17
|
|t:|1769309796
|switch|p2a: Toxapex|Toxapex, F|96/100
|move|p1a: Sylveon|Hyper Voice|p2a: Toxapex
|-resisted|p2a: Toxapex
|-damage|p2a: Toxapex|86/100
|
|-weather|none
|-heal|p1a: Sylveon|100/100|[from] item: Leftovers
|-heal|p2a: Toxapex|92/100|[from] item: Black Sludge
|upkeep
|turn|18
|
|t:|1769309804
|move|p1a: Sylveon|Psychic|p2a: Toxapex
|-supereffective|p2a: Toxapex
|-damage|p2a: Toxapex|70/100
|move|p2a: Toxapex|Toxic|p1a: Sylveon
|-status|p1a: Sylveon|tox
|
|-heal|p2a: Toxapex|76/100|[from] item: Black Sludge
|-damage|p1a: Sylveon|94/100 tox|[from] psn
|upkeep
|turn|19
|
|t:|1769309814
|switch|p2a: Cloyster|Cloyster, F|100/100
|move|p1a: Sylveon|Psychic|p2a: Cloyster
|-damage|p2a: Cloyster|67/100
|-unboost|p2a: Cloyster|spd|1
|-enditem|p2a: Cloyster|White Herb
|-clearnegativeboost|p2a: Cloyster|[silent]
|
|-heal|p1a: Sylveon|100/100 tox|[from] item: Leftovers
|-damage|p1a: Sylveon|88/100 tox|[from] psn
|-sideend|p2: Arcsouth|move: Aurora Veil
|upkeep
|turn|20
|
|t:|1769309830
|switch|p2a: Greninja|Greninja, F|100/100 par
|move|p1a: Sylveon|Hyper Voice|p2a: Greninja
|-supereffective|p2a: Greninja
|-damage|p2a: Greninja|0 fnt
|faint|p2a: Greninja
|
|-heal|p1a: Sylveon|94/100 tox|[from] item: Leftovers
|-damage|p1a: Sylveon|76/100 tox|[from] psn
|upkeep
|
|t:|1769309837
|switch|p2a: Ninetales|Ninetales-Alola, M|16/100
|-weather|Snowscape|[from] ability: Snow Warning|[of] p2a: Ninetales
|turn|21
|
|t:|1769309844
|switch|p2a: Toxapex|Toxapex, F|100/100
|move|p1a: Sylveon|Psychic|p2a: Toxapex
|-supereffective|p2a: Toxapex
|-damage|p2a: Toxapex|57/100
|
|-weather|Snowscape|[upkeep]
|-heal|p1a: Sylveon|82/100 tox|[from] item: Leftovers
|-heal|p2a: Toxapex|63/100|[from] item: Black Sludge
|-damage|p1a: Sylveon|58/100 tox|[from] psn
|upkeep
|turn|22
|
|t:|1769309854
|move|p1a: Sylveon|Psychic|p2a: Toxapex
|-supereffective|p2a: Toxapex
|-damage|p2a: Toxapex|21/100
|move|p2a: Toxapex|Recover|p2a: Toxapex
|-heal|p2a: Toxapex|71/100
|
|-weather|Snowscape|[upkeep]
|-heal|p1a: Sylveon|64/100 tox|[from] item: Leftovers
|-heal|p2a: Toxapex|77/100|[from] item: Black Sludge
|-damage|p1a: Sylveon|33/100 tox|[from] psn
|upkeep
|turn|23
|
|t:|1769309865
|move|p1a: Sylveon|Psychic|p2a: Toxapex
|-supereffective|p2a: Toxapex
|-damage|p2a: Toxapex|30/100
|-unboost|p2a: Toxapex|spd|1
|move|p2a: Toxapex|Recover|p2a: Toxapex
|-heal|p2a: Toxapex|80/100
|
|-weather|Snowscape|[upkeep]
|-heal|p1a: Sylveon|40/100 tox|[from] item: Leftovers
|-heal|p2a: Toxapex|86/100|[from] item: Black Sludge
|-damage|p1a: Sylveon|3/100 tox|[from] psn
|upkeep
|turn|24
|
|t:|1769309875
|switch|p2a: Ninetales|Ninetales-Alola, M|16/100
|move|p1a: Sylveon|Psychic|p2a: Ninetales
|-damage|p2a: Ninetales|0 fnt
|faint|p2a: Ninetales
|
|-weather|Snowscape|[upkeep]
|-heal|p1a: Sylveon|9/100 tox|[from] item: Leftovers
|-damage|p1a: Sylveon|0 fnt|[from] psn
|faint|p1a: Sylveon
|upkeep
|
|t:|1769309885
|switch|p2a: Cloyster|Cloyster, F|67/100
|switch|p1a: Meowscarada|Meowscarada, M, tera:Water|40/100
|turn|25
|
|t:|1769309892
|move|p1a: Meowscarada|Flower Trick|p2a: Cloyster
|-supereffective|p2a: Cloyster
|-crit|p2a: Cloyster
|-damage|p2a: Cloyster|14/100
|move|p2a: Cloyster|Shell Smash|p2a: Cloyster
|-unboost|p2a: Cloyster|def|1
|-unboost|p2a: Cloyster|spd|1
|-boost|p2a: Cloyster|atk|2
|-boost|p2a: Cloyster|spa|2
|-boost|p2a: Cloyster|spe|2
|
|-weather|none
|upkeep
|turn|26
|
|t:|1769309910
|move|p2a: Cloyster|Icicle Spear|p1a: Meowscarada
|-resisted|p1a: Meowscarada
|-crit|p1a: Meowscarada
|-damage|p1a: Meowscarada|15/100
|-resisted|p1a: Meowscarada
|-damage|p1a: Meowscarada|0 fnt
|faint|p1a: Meowscarada
|-hitcount|p1: Meowscarada|2
|
|upkeep
|
|t:|1769309918
|switch|p1a: Zapdos|Zapdos-Galar|53/100
|turn|27
|
|t:|1769309928
|move|p2a: Cloyster|Icicle Spear|p1a: Zapdos
|-supereffective|p1a: Zapdos
|-damage|p1a: Zapdos|5/100
|-supereffective|p1a: Zapdos
|-damage|p1a: Zapdos|0 fnt
|faint|p1a: Zapdos
|-hitcount|p1: Zapdos|2
|
|upkeep
|
|t:|1769309933
|switch|p1a: Primarina|Primarina, F|88/100 tox
|turn|28
|
|t:|1769309937
|move|p2a: Cloyster|Rock Blast|p1a: Primarina
|-damage|p1a: Primarina|71/100 tox
|-damage|p1a: Primarina|54/100 tox
|-damage|p1a: Primarina|36/100 tox
|-damage|p1a: Primarina|20/100 tox
|-damage|p1a: Primarina|3/100 tox
|-hitcount|p1a: Primarina|5
|move|p1a: Primarina|Shadow Ball|p2a: Cloyster
|-damage|p2a: Cloyster|0 fnt
|faint|p2a: Cloyster
|
|-heal|p1a: Primarina|9/100 tox|[from] item: Leftovers
|-damage|p1a: Primarina|3/100 tox|[from] psn
|upkeep
|
|t:|1769309942
|switch|p2a: Ceruledge|Ceruledge, M|100/100
|turn|29
|
|t:|1769309951
|move|p2a: Ceruledge|Shadow Sneak|p1a: Primarina
|-damage|p1a: Primarina|0 fnt
|faint|p1a: Primarina
|
|win|Arcsouth
