|j|☆cabrerajordan
|j|‽Josector
|t:|1769317367
|gametype|singles
|player|p1|cabrerajordan|ingo|1212
|player|p2|Josector|benga|1282
|gen|9
|tier|[Gen 9] OU
|rated|
|rule|HP Percentage Mod: HP is shown in percentages
|rule|Endless Battle Clause: Forcing endless battles is banned
|rule|Species Clause: Limit one of each Pokémon
|rule|OHKO Clause: OHKO moves are banned
|rule|Evasion Items Clause: Evasion items are banned
|rule|Evasion Moves Clause: Evasion moves are banned
|rule|Evasion Abilities Clause: Evasion abilities are banned
|rule|Sleep Moves Clause: Sleep-inducing moves are banned
|clearpoke
|poke|p1|Garchomp, M|
|poke|p1|Darkrai|
|poke|p1|Gholdengo|
|poke|p1|Meowscarada, M|
|poke|p1|Iron Valiant|
|poke|p1|Great Tusk|
|poke|p2|Lokix, F|
|poke|p2|Hydreigon, M|
|poke|p2|Gholdengo|
|poke|p2|Tinkaton, F|
|poke|p2|Great Tusk|
|poke|p2|Alomomola, M|
|teampreview
|
|t:|1769317402
|teamsize|p1|6
|teamsize|p2|6
|start
|switch|p1a: Garchomp|Garchomp, M|100/100
|switch|p2a: Alomomola|Alomomola, M|100/100
|turn|1
|
|t:|1769317425
|move|p1a: Garchomp|Swords Dance|p1a: Garchomp
|-boost|p1a: Garchomp|atk|2
|move|p2a: Alomomola|Flip Turn|p1a: Garchomp
|-damage|p1a: Garchomp|85/100
|-damage|p2a: Alomomola|88/100|[from] ability: Rough Skin|[of] p1a: Garchomp
|
|t:|1769317445
|switch|p2a: Tinkaton|Tinkaton, F|100/100|[from] Flip Turn
|-item|p2a: Tinkaton|Air Balloon
|
|upkeep
|turn|2
|
|t:|1769317486
|-terastallize|p1a: Garchomp|Steel
|move|p1a: Garchomp|Swords Dance|p1a: Garchomp
|-boost|p1a: Garchomp|atk|2
|move|p2a: Tinkaton|Encore|p1a: Garchomp
|-start|p1a: Garchomp|Encore
|
|upkeep
|turn|3
|
|t:|1769317502
|switch|p2a: Hydreigon|Hydreigon, M|100/100
|move|p1a: Garchomp|Swords Dance|p1a: Garchomp
|-boost|p1a: Garchomp|atk|2
|
|upkeep
|turn|4
|
|t:|1769317514
|move|p1a: Garchomp|Swords Dance|p1a: Garchomp
|-boost|p1a: Garchomp|atk|0
|move|p2a: Hydreigon|Earth Power|p1a: Garchomp
|-supereffective|p1a: Garchomp
|-damage|p1a: Garchomp|0 fnt
|faint|p1a: Garchomp
|
|upkeep
|
|t:|1769317523
|switch|p1a: Iron Valiant|Iron Valiant|100/100
|-enditem|p1a: Iron Valiant|Booster Energy
|-activate|p1a: Iron Valiant|ability: Quark Drive|[fromitem]
|-start|p1a: Iron Valiant|quarkdrivespe
|turn|5
|
|t:|1769317531
|switch|p2a: Alomomola|Alomomola, M|100/100
|move|p1a: Iron Valiant|Calm Mind|p1a: Iron Valiant
|-boost|p1a: Iron Valiant|spa|1
|-boost|p1a: Iron Valiant|spd|1
|
|upkeep
|turn|6
|
|t:|1769317550
|move|p1a: Iron Valiant|Calm Mind|p1a: Iron Valiant
|-boost|p1a: Iron Valiant|spa|1
|-boost|p1a: Iron Valiant|spd|1
|move|p2a: Alomomola|Play Rough|p1a: Iron Valiant
|-supereffective|p1a: Iron Valiant
|-damage|p1a: Iron Valiant|59/100
|
|upkeep
|turn|7
|
|t:|1769317557
|move|p1a: Iron Valiant|Thunderbolt|p2a: Alomomola
|-supereffective|p2a: Alomomola
|-damage|p2a: Alomomola|40/100
|move|p2a: Alomomola|Mirror Coat|p1a: Iron Valiant
|-damage|p1a: Iron Valiant|0 fnt
|faint|p1a: Iron Valiant
|-end|p1a: Iron Valiant|Quark Drive|[silent]
|
|upkeep
|l|☆cabrerajordan
|player|p1|
|inactive|Battle timer is ON: inactive players will automatically lose when time's up. (requested by Josector)
|inactive|cabrerajordan has 30 seconds to reconnect!
|inactive|cabrerajordan has 20 seconds to reconnect!
|inactive|cabrerajordan has 15 seconds to reconnect!
|inactive|cabrerajordan has 10 seconds to reconnect!
|inactive|cabrerajordan has 5 seconds to reconnect!
|-message|cabrerajordan lost due to inactivity.
|
|win|Josector
|raw|cabrerajordan's rating: 1212 &rarr; <strong>1192</strong><br />(-20 for losing)
|raw|Josector's rating: 1282 &rarr; <strong>1302</strong><br />(+20 for winning)
