|j|☆rblt ryo
|j|☆jyvon12811
|t:|1769293192
|gametype|singles
|player|p1|rblt ryo|dawn|1541
|player|p2|jyvon12811|2|1576
|gen|9
|tier|[Gen 9] OU
|rated|
|rule|HP Percentage Mod: HP is shown in percentages
|rule|Endless Battle Clause: Forcing endless battles is banned
|rule|Species Clause: Limit one of each Pokémon
|rule|OHKO Clause: OHKO moves are banned
|rule|Evasion Items Clause: Evasion items are banned
|rule|Evasion Moves Clause: Evasion moves are banned
|rule|Evasion Abilities Clause: Evasion abilities are banned
|rule|Sleep Moves Clause: Sleep-inducing moves are banned
|clearpoke
|poke|p1|Rhyperior, M|
|poke|p1|Articuno|
|poke|p1|Suicune|
|poke|p1|Heatran, M|
|poke|p1|Decidueye-Hisui, M|
|poke|p1|Latios, M|
|poke|p2|Tyranitar, M|
|poke|p2|Excadrill, M|
|poke|p2|Hydrapple, M|
|poke|p2|Pecharunt|
|poke|p2|Moltres|
|poke|p2|Alomomola, M|
|teampreview
|inactive|Battle timer is ON: inactive players will automatically lose when time's up. (requested by jyvon12811)
|inactive|rblt ryo has 120 seconds left.
|
|t:|1769293225
|teamsize|p1|6
|teamsize|p2|6
|start
|switch|p1a: Latios|Latios, M, shiny|100/100
|switch|p2a: Tyranitar|Tyranitar, M|100/100
|-weather|Sandstorm|[from] ability: Sand Stream|[of] p2a: Tyranitar
|turn|1
|
|t:|1769293240
|-terastallize|p1a: Latios|Fighting
|move|p1a: Latios|Aura Sphere|p2a: Tyranitar
|-supereffective|p2a: Tyranitar
|-damage|p2a: Tyranitar|29/100
|move|p2a: Tyranitar|Thunder Wave|p1a: Latios
|-status|p1a: Latios|par
|
|-weather|Sandstorm|[upkeep]
|-damage|p1a: Latios|95/100 par|[from] Sandstorm
|-heal|p2a: Tyranitar|35/100|[from] item: Leftovers
|upkeep
|turn|2
|
|t:|1769293250
|switch|p2a: Alomomola|Alomomola, M|100/100
|move|p1a: Latios|Aura Sphere|p2a: Alomomola
|-damage|p2a: Alomomola|77/100
|
|-weather|Sandstorm|[upkeep]
|-damage|p1a: Latios|89/100 par|[from] Sandstorm
|-damage|p2a: Alomomola|71/100|[from] Sandstorm
|upkeep
|turn|3
|inactive|rblt ryo has 120 seconds left.
|inactive|rblt ryo has 90 seconds left.
|inactive|rblt ryo has 60 seconds left.
|
|t:|1769293348
|switch|p1a: Suicune|Suicune, shiny|100/100
|-ability|p1a: Suicune|Pressure
|move|p2a: Alomomola|Flip Turn|p1a: Suicune
|-resisted|p1a: Suicune
|-damage|p1a: Suicune|96/100
|
|t:|1769293357
|switch|p2a: Hydrapple|Hydrapple, M|100/100|[from] Flip Turn
|
|-weather|Sandstorm|[upkeep]
|-damage|p1a: Suicune|90/100|[from] Sandstorm
|-damage|p2a: Hydrapple|94/100|[from] Sandstorm
|-heal|p1a: Suicune|96/100|[from] item: Leftovers
|upkeep
|turn|4
|inactive|rblt ryo has 60 seconds left.
|
|t:|1769293370
|switch|p2a: Moltres|Moltres|100/100
|move|p1a: Suicune|Ice Beam|p2a: Moltres
|-damage|p2a: Moltres|86/100
|
|-weather|Sandstorm|[upkeep]
|-damage|p1a: Suicune|90/100|[from] Sandstorm
|-damage|p2a: Moltres|80/100|[from] Sandstorm
|-heal|p1a: Suicune|96/100|[from] item: Leftovers
|upkeep
|turn|5
|
|t:|1769293379
|move|p1a: Suicune|Scald|p2a: Moltres
|-supereffective|p2a: Moltres
|-damage|p2a: Moltres|45/100
|move|p2a: Moltres|Roost|p2a: Moltres
|-heal|p2a: Moltres|95/100
|-singleturn|p2a: Moltres|move: Roost
|
|-weather|none
|-heal|p1a: Suicune|100/100|[from] item: Leftovers
|upkeep
|turn|6
|
|t:|1769293394
|move|p1a: Suicune|Scald|p2a: Moltres
|-supereffective|p2a: Moltres
|-damage|p2a: Moltres|55/100
|move|p2a: Moltres|Roar|p1a: Suicune
|drag|p1a: Decidueye|Decidueye-Hisui, M, shiny|100/100
|
|upkeep
|turn|7
|-message|jyvon12811 forfeited.
|
|win|rblt ryo
|raw|rblt ryo's rating: 1541 &rarr; <strong>1563</strong><br />(+22 for winning)
|raw|jyvon12811's rating: 1576 &rarr; <strong>1554</strong><br />(-22 for losing)
|l|☆jyvon12811
|player|p2|
