|j|☆nottrigate
|j|☆tpmxleo
|t:|1769299024
|gametype|singles
|player|p1|nottrigate|101|1106
|player|p2|tpmxleo|guitarist|1060
|gen|9
|tier|[Gen 9] OU
|rated|
|rule|HP Percentage Mod: HP is shown in percentages
|rule|Endless Battle Clause: Forcing endless battles is banned
|rule|Species Clause: Limit one of each Pokémon
|rule|OHKO Clause: OHKO moves are banned
|rule|Evasion Items Clause: Evasion items are banned
|rule|Evasion Moves Clause: Evasion moves are banned
|rule|Evasion Abilities Clause: Evasion abilities are banned
|rule|Sleep Moves Clause: Sleep-inducing moves are banned
|clearpoke
|poke|p1|Snorlax, F|
|poke|p1|Victreebel, F|
|poke|p1|Quagsire, F|
|poke|p1|Espeon, M|
|poke|p1|Vaporeon, F|
|poke|p1|Weezing-Galar, F|
|poke|p2|Dondozo, M|
|poke|p2|Enamorus, F|
|poke|p2|Ceruledge, M|
|poke|p2|Zapdos|
|poke|p2|Quaquaval, M|
|poke|p2|Moltres|
|teampreview
|inactive|Battle timer is ON: inactive players will automatically lose when time's up. (requested by tpmxleo)
|
|t:|1769299040
|teamsize|p1|6
|teamsize|p2|6
|start
|switch|p1a: Espeon|Espeon, M|100/100
|switch|p2a: Dondozo|Dondozo, M, shiny|100/100
|turn|1
|
|t:|1769299046
|move|p1a: Espeon|Psychic|p2a: Dondozo
|-damage|p2a: Dondozo|48/100
|move|p2a: Dondozo|Curse|p2a: Dondozo
|-unboost|p2a: Dondozo|spe|1
|-boost|p2a: Dondozo|atk|1
|-boost|p2a: Dondozo|def|1
|
|upkeep
|turn|2
|
|t:|1769299063
|move|p1a: Espeon|Psychic|p2a: Dondozo
|-damage|p2a: Dondozo|2/100
|move|p2a: Dondozo|Wave Crash|p1a: Espeon
|-damage|p1a: Espeon|0 fnt
|faint|p1a: Espeon
|-damage|p2a: Dondozo|0 fnt|[from] Recoil
|faint|p2a: Dondozo
|
|upkeep
|
|t:|1769299072
|switch|p1a: Victreebel|Victreebel, F|100/100
|switch|p2a: Zapdos|Zapdos, shiny|100/100
|turn|3
|
|t:|1769299077
|move|p2a: Zapdos|Thunder Wave|p1a: Victreebel
|-status|p1a: Victreebel|par
|move|p1a: Victreebel|Knock Off|p2a: Zapdos
|-damage|p2a: Zapdos|71/100
|-enditem|p2a: Zapdos|Heavy-Duty Boots|[from] move: Knock Off|[of] p1a: Victreebel
|
|upkeep
|turn|4
|
|t:|1769299085
|move|p2a: Zapdos|Heat Wave|p1a: Victreebel
|-supereffective|p1a: Victreebel
|-damage|p1a: Victreebel|21/100 par
|move|p1a: Victreebel|Knock Off|p2a: Zapdos
|-damage|p2a: Zapdos|51/100
|
|-heal|p1a: Victreebel|27/100 par|[from] item: Leftovers
|upkeep
|turn|5
|
|t:|1769299093
|move|p2a: Zapdos|Heat Wave|p1a: Victreebel
|-supereffective|p1a: Victreebel
|-damage|p1a: Victreebel|0 fnt
|faint|p1a: Victreebel
|
|upkeep
|
|t:|1769299095
|switch|p1a: Snorlax|Snorlax, F|100/100
|turn|6
|
|t:|1769299100
|move|p2a: Zapdos|Thunder Wave|p1a: Snorlax
|-status|p1a: Snorlax|par
|move|p1a: Snorlax|Curse|p1a: Snorlax
|-unboost|p1a: Snorlax|spe|1
|-boost|p1a: Snorlax|atk|1
|-boost|p1a: Snorlax|def|1
|
|upkeep
|turn|7
|
|t:|1769299108
|move|p2a: Zapdos|Volt Switch|p1a: Snorlax
|-damage|p1a: Snorlax|86/100 par
|
|t:|1769299111
|switch|p2a: Quaquaval|Quaquaval, M, shiny|100/100|[from] Volt Switch
|move|p1a: Snorlax|Curse|p1a: Snorlax
|-unboost|p1a: Snorlax|spe|1
|-boost|p1a: Snorlax|atk|1
|-boost|p1a: Snorlax|def|1
|
|-heal|p1a: Snorlax|92/100 par|[from] item: Leftovers
|upkeep
|turn|8
|
|t:|1769299127
|move|p2a: Quaquaval|Close Combat|p1a: Snorlax
|-supereffective|p1a: Snorlax
|-damage|p1a: Snorlax|19/100 par
|-unboost|p2a: Quaquaval|def|1
|-unboost|p2a: Quaquaval|spd|1
|-damage|p2a: Quaquaval|91/100|[from] item: Life Orb
|move|p1a: Snorlax|Body Slam|p2a: Quaquaval
|-damage|p2a: Quaquaval|0 fnt
|faint|p2a: Quaquaval
|
|-heal|p1a: Snorlax|25/100 par|[from] item: Leftovers
|upkeep
|
|t:|1769299154
|switch|p2a: Enamorus|Enamorus, F, shiny|100/100
|turn|9
|
|t:|1769299158
|move|p2a: Enamorus|Moonblast|p1a: Snorlax
|-damage|p1a: Snorlax|0 fnt
|faint|p1a: Snorlax
|
|upkeep
|
|t:|1769299163
|switch|p1a: Vaporeon|Vaporeon, F|100/100
|turn|10
|
|t:|1769299170
|switch|p2a: Zapdos|Zapdos, shiny|51/100
|move|p1a: Vaporeon|Calm Mind|p1a: Vaporeon
|-boost|p1a: Vaporeon|spa|1
|-boost|p1a: Vaporeon|spd|1
|
|upkeep
|turn|11
|
|t:|1769299177
|move|p2a: Zapdos|Thunder Wave|p1a: Vaporeon
|-status|p1a: Vaporeon|par
|move|p1a: Vaporeon|Calm Mind|p1a: Vaporeon
|-boost|p1a: Vaporeon|spa|1
|-boost|p1a: Vaporeon|spd|1
|
|upkeep
|turn|12
|
|t:|1769299182
|move|p2a: Zapdos|Thunderbolt|p1a: Vaporeon
|-supereffective|p1a: Vaporeon
|-damage|p1a: Vaporeon|68/100 par
|move|p1a: Vaporeon|Calm Mind|p1a: Vaporeon
|-boost|p1a: Vaporeon|spa|1
|-boost|p1a: Vaporeon|spd|1
|
|-heal|p1a: Vaporeon|74/100 par|[from] item: Leftovers
|upkeep
|turn|13
|
|t:|1769299185
|move|p2a: Zapdos|Thunderbolt|p1a: Vaporeon
|-supereffective|p1a: Vaporeon
|-damage|p1a: Vaporeon|49/100 par
|cant|p1a: Vaporeon|par
|
|-heal|p1a: Vaporeon|55/100 par|[from] item: Leftovers
|upkeep
|turn|14
|
|t:|1769299188
|move|p2a: Zapdos|Thunderbolt|p1a: Vaporeon
|-supereffective|p1a: Vaporeon
|-damage|p1a: Vaporeon|30/100 par
|move|p1a: Vaporeon|Wish|p1a: Vaporeon
|
|-heal|p1a: Vaporeon|36/100 par|[from] item: Leftovers
|upkeep
|turn|15
|
|t:|1769299191
|move|p2a: Zapdos|Thunderbolt|p1a: Vaporeon
|-supereffective|p1a: Vaporeon
|-damage|p1a: Vaporeon|10/100 par
|move|p1a: Vaporeon|Calm Mind|p1a: Vaporeon
|-boost|p1a: Vaporeon|spa|1
|-boost|p1a: Vaporeon|spd|1
|
|-heal|p1a: Vaporeon|60/100 par|[from] move: Wish|[wisher] Vaporeon
|-heal|p1a: Vaporeon|66/100 par|[from] item: Leftovers
|upkeep
|turn|16
|
|t:|1769299193
|move|p2a: Zapdos|Thunderbolt|p1a: Vaporeon
|-supereffective|p1a: Vaporeon
|-damage|p1a: Vaporeon|45/100 par
|move|p1a: Vaporeon|Wish|p1a: Vaporeon
|
|-heal|p1a: Vaporeon|52/100 par|[from] item: Leftovers
|upkeep
|turn|17
|
|t:|1769299195
|move|p2a: Zapdos|Thunderbolt|p1a: Vaporeon
|-supereffective|p1a: Vaporeon
|-damage|p1a: Vaporeon|31/100 par
|cant|p1a: Vaporeon|par
|
|-heal|p1a: Vaporeon|81/100 par|[from] move: Wish|[wisher] Vaporeon
|-heal|p1a: Vaporeon|87/100 par|[from] item: Leftovers
|upkeep
|turn|18
|
|t:|1769299197
|move|p2a: Zapdos|Thunderbolt|p1a: Vaporeon
|-supereffective|p1a: Vaporeon
|-damage|p1a: Vaporeon|65/100 par
|move|p1a: Vaporeon|Wish|p1a: Vaporeon
|
|-heal|p1a: Vaporeon|71/100 par|[from] item: Leftovers
|upkeep
|turn|19
|
|t:|1769299199
|move|p2a: Zapdos|Thunderbolt|p1a: Vaporeon
|-supereffective|p1a: Vaporeon
|-damage|p1a: Vaporeon|50/100 par
|move|p1a: Vaporeon|Calm Mind|p1a: Vaporeon
|-boost|p1a: Vaporeon|spa|1
|-boost|p1a: Vaporeon|spd|1
|
|-heal|p1a: Vaporeon|99/100 par|[from] move: Wish|[wisher] Vaporeon
|-heal|p1a: Vaporeon|100/100 par|[from] item: Leftovers
|upkeep
|turn|20
|
|t:|1769299201
|move|p2a: Zapdos|Thunderbolt|p1a: Vaporeon
|-supereffective|p1a: Vaporeon
|-damage|p1a: Vaporeon|83/100 par
|move|p1a: Vaporeon|Wish|p1a: Vaporeon
|
|-heal|p1a: Vaporeon|90/100 par|[from] item: Leftovers
|upkeep
|turn|21
|
|t:|1769299203
|move|p2a: Zapdos|Thunderbolt|p1a: Vaporeon
|-supereffective|p1a: Vaporeon
|-damage|p1a: Vaporeon|70/100 par
|move|p1a: Vaporeon|Calm Mind|p1a: Vaporeon
|-boost|p1a: Vaporeon|spa|1
|-boost|p1a: Vaporeon|spd|1
|
|-heal|p1a: Vaporeon|100/100 par|[from] move: Wish|[wisher] Vaporeon
|upkeep
|turn|22
|
|t:|1769299206
|move|p2a: Zapdos|Thunderbolt|p1a: Vaporeon
|-supereffective|p1a: Vaporeon
|-damage|p1a: Vaporeon|84/100 par
|cant|p1a: Vaporeon|par
|
|-heal|p1a: Vaporeon|90/100 par|[from] item: Leftovers
|upkeep
|turn|23
|
|t:|1769299208
|move|p2a: Zapdos|Thunderbolt|p1a: Vaporeon
|-supereffective|p1a: Vaporeon
|-damage|p1a: Vaporeon|73/100 par
|move|p1a: Vaporeon|Scald|p2a: Zapdos
|-damage|p2a: Zapdos|0 fnt
|faint|p2a: Zapdos
|
|-heal|p1a: Vaporeon|79/100 par|[from] item: Leftovers
|upkeep
|
|t:|1769299224
|switch|p2a: Enamorus|Enamorus, F, shiny|100/100
|turn|24
|
|t:|1769299229
|move|p2a: Enamorus|Moonblast|p1a: Vaporeon
|-damage|p1a: Vaporeon|68/100 par
|cant|p1a: Vaporeon|par
|
|-heal|p1a: Vaporeon|74/100 par|[from] item: Leftovers
|upkeep
|turn|25
|
|t:|1769299236
|move|p2a: Enamorus|Moonblast|p1a: Vaporeon
|-damage|p1a: Vaporeon|64/100 par
|move|p1a: Vaporeon|Wish|p1a: Vaporeon
|
|-heal|p1a: Vaporeon|70/100 par|[from] item: Leftovers
|upkeep
|turn|26
|
|t:|1769299242
|move|p2a: Enamorus|Moonblast|p1a: Vaporeon
|-damage|p1a: Vaporeon|60/100 par
|move|p1a: Vaporeon|Scald|p2a: Enamorus
|-crit|p2a: Enamorus
|-damage|p2a: Enamorus|0 fnt
|faint|p2a: Enamorus
|
|-heal|p1a: Vaporeon|100/100 par|[from] move: Wish|[wisher] Vaporeon
|upkeep
|
|t:|1769299246
|switch|p2a: Ceruledge|Ceruledge, M, shiny|100/100
|turn|27
|
|t:|1769299256
|move|p2a: Ceruledge|Poltergeist|p1a: Vaporeon
|-activate|p1a: Vaporeon|move: Poltergeist|Leftovers
|-damage|p1a: Vaporeon|39/100 par
|-damage|p2a: Ceruledge|91/100|[from] item: Life Orb
|move|p1a: Vaporeon|Scald|p2a: Ceruledge
|-supereffective|p2a: Ceruledge
|-damage|p2a: Ceruledge|0 fnt
|faint|p2a: Ceruledge
|
|-heal|p1a: Vaporeon|45/100 par|[from] item: Leftovers
|upkeep
|
|t:|1769299260
|switch|p2a: Moltres|Moltres, shiny|100/100
|turn|28
|
|t:|1769299270
|-terastallize|p2a: Moltres|Grass
|move|p2a: Moltres|Hurricane|p1a: Vaporeon
|-damage|p1a: Vaporeon|37/100 par
|move|p1a: Vaporeon|Scald|p2a: Moltres
|-resisted|p2a: Moltres
|-damage|p2a: Moltres|61/100
|-status|p2a: Moltres|brn
|
|-heal|p1a: Vaporeon|43/100 par|[from] item: Leftovers
|-damage|p2a: Moltres|55/100 brn|[from] brn
|upkeep
|turn|29
|
|t:|1769299282
|move|p2a: Moltres|Hurricane|p1a: Vaporeon
|-damage|p1a: Vaporeon|34/100 par
|move|p1a: Vaporeon|Alluring Voice|p2a: Moltres
|-damage|p2a: Moltres|2/100 brn
|
|-heal|p1a: Vaporeon|41/100 par|[from] item: Leftovers
|-damage|p2a: Moltres|0 fnt|[from] brn
|faint|p2a: Moltres
|
|win|nottrigate
|raw|nottrigate's rating: 1106 &rarr; <strong>1128</strong><br />(+22 for winning)
|raw|tpmxleo's rating: 1060 &rarr; <strong>1044</strong><br />(-16 for losing)
|l|☆tpmxleo
|player|p2|
|l|☆nottrigate
|player|p1|
