|j|☆rogyan18
|j|☆AdaptiveGoose
|t:|1769435730
|gametype|singles
|player|p1|rogyan18|flint|1327
|player|p2|AdaptiveGoose|roxie|1350
|gen|9
|tier|[Gen 9] OU
|rated|
|rule|HP Percentage Mod: HP is shown in percentages
|rule|Endless Battle Clause: Forcing endless battles is banned
|rule|Species Clause: Limit one of each Pokémon
|rule|OHKO Clause: OHKO moves are banned
|rule|Evasion Items Clause: Evasion items are banned
|rule|Evasion Moves Clause: Evasion moves are banned
|rule|Evasion Abilities Clause: Evasion abilities are banned
|rule|Sleep Moves Clause: Sleep-inducing moves are banned
|clearpoke
|poke|p1|Infernape, F|
|poke|p1|Rotom-Heat|
|poke|p1|Heatran, M|
|poke|p1|Drifblim, M|
|poke|p1|Volcanion|
|poke|p1|Cinderace, M|
|poke|p2|Hatterene, F|
|poke|p2|Ursaluna, M|
|poke|p2|Glastrier|
|poke|p2|Slowking-Galar, M|
|poke|p2|Porygon-Z|
|poke|p2|Kingambit, M|
|teampreview
|inactive|Battle timer is ON: inactive players will automatically lose when time's up. (requested by rogyan18)
|
|t:|1769435746
|teamsize|p1|6
|teamsize|p2|6
|start
|switch|p1a: Heatran|Heatran, M|100/100
|switch|p2a: Hatterene|Hatterene, F|100/100
|-item|p1a: Heatran|Air Balloon
|turn|1
|
|t:|1769435758
|move|p1a: Heatran|Flash Cannon|p2a: Hatterene
|-supereffective|p2a: Hatterene
|-damage|p2a: Hatterene|26/100
|move|p2a: Hatterene|Trick Room|p2a: Hatterene
|-fieldstart|move: Trick Room|[of] p2a: Hatterene
|
|-heal|p2a: Hatterene|32/100|[from] item: Leftovers
|upkeep
|turn|2
|
|t:|1769435775
|move|p2a: Hatterene|Psychic|p1a: Heatran
|-resisted|p1a: Heatran
|-damage|p1a: Heatran|83/100
|-enditem|p1a: Heatran|Air Balloon
|move|p1a: Heatran|Flash Cannon|p2a: Hatterene
|-supereffective|p2a: Hatterene
|-damage|p2a: Hatterene|0 fnt
|faint|p2a: Hatterene
|
|upkeep
|
|t:|1769435788
|switch|p2a: Ursaluna|Ursaluna, M|100/100
|turn|3
|
|t:|1769435808
|switch|p1a: Drifblim|Drifblim, M|100/100
|move|p2a: Ursaluna|Swords Dance|p2a: Ursaluna
|-boost|p2a: Ursaluna|atk|2
|
|-status|p2a: Ursaluna|brn|[from] item: Flame Orb
|upkeep
|turn|4
|
|t:|1769435829
|switch|p2a: Glastrier|Glastrier|100/100
|move|p1a: Drifblim|Defog|p2a: Glastrier
|-unboost|p2a: Glastrier|evasion|1
|
|upkeep
|turn|5
|
|t:|1769435835
|-terastallize|p1a: Drifblim|Fire
|move|p2a: Glastrier|Crunch|p1a: Drifblim
|-damage|p1a: Drifblim|53/100
|move|p1a: Drifblim|Will-O-Wisp|p2a: Glastrier
|-status|p2a: Glastrier|brn
|
|-damage|p2a: Glastrier|94/100 brn|[from] brn
|-fieldend|move: Trick Room
|upkeep
|turn|6
|
|t:|1769435841
|switch|p2a: Ursaluna|Ursaluna, M|100/100 brn
|move|p1a: Drifblim|Strength Sap|p2a: Ursaluna
|-unboost|p2a: Ursaluna|atk|1
|-heal|p1a: Drifblim|100/100
|
|-damage|p2a: Ursaluna|94/100 brn|[from] brn
|upkeep
|turn|7
|
|t:|1769435850
|switch|p1a: Volcanion|Volcanion|100/100
|move|p2a: Ursaluna|Facade|p1a: Volcanion
|-damage|p1a: Volcanion|29/100
|
|-damage|p2a: Ursaluna|88/100 brn|[from] brn
|upkeep
|turn|8
|
|t:|1769435856
|switch|p2a: Slowking|Slowking-Galar, M|100/100
|move|p1a: Volcanion|Steam Eruption|p2a: Slowking
|-damage|p2a: Slowking|64/100
|
|upkeep
|turn|9
|
|t:|1769435861
|move|p1a: Volcanion|Earth Power|p2a: Slowking
|-supereffective|p2a: Slowking
|-damage|p2a: Slowking|24/100
|move|p2a: Slowking|Trick Room|p2a: Slowking
|-fieldstart|move: Trick Room|[of] p2a: Slowking
|
|upkeep
|turn|10
|
|t:|1769435866
|move|p2a: Slowking|Sludge Bomb|p1a: Volcanion
|-damage|p1a: Volcanion|5/100
|-status|p1a: Volcanion|psn
|move|p1a: Volcanion|Steam Eruption|p2a: Slowking
|-damage|p2a: Slowking|0 fnt
|faint|p2a: Slowking
|
|-damage|p1a: Volcanion|0 fnt|[from] psn
|faint|p1a: Volcanion
|upkeep
|
|t:|1769435871
|switch|p2a: Ursaluna|Ursaluna, M|88/100 brn
|switch|p1a: Rotom|Rotom-Heat|100/100
|turn|11
|
|t:|1769435877
|move|p2a: Ursaluna|Facade|p1a: Rotom
|-crit|p1a: Rotom
|-damage|p1a: Rotom|0 fnt
|faint|p1a: Rotom
|
|-damage|p2a: Ursaluna|82/100 brn|[from] brn
|upkeep
|
|t:|1769435902
|switch|p1a: Heatran|Heatran, M|83/100
|turn|12
|
|t:|1769435916
|move|p2a: Ursaluna|Headlong Rush|p1a: Heatran
|-supereffective|p1a: Heatran
|-damage|p1a: Heatran|0 fnt
|-unboost|p2a: Ursaluna|def|1
|-unboost|p2a: Ursaluna|spd|1
|faint|p1a: Heatran
|
|-damage|p2a: Ursaluna|76/100 brn|[from] brn
|upkeep
|
|t:|1769435922
|switch|p1a: Kakaroto|Infernape, F|100/100
|turn|13
|
|t:|1769435927
|move|p2a: Ursaluna|Headlong Rush|p1a: Kakaroto
|-supereffective|p1a: Kakaroto
|-damage|p1a: Kakaroto|0 fnt
|-unboost|p2a: Ursaluna|def|1
|-unboost|p2a: Ursaluna|spd|1
|faint|p1a: Kakaroto
|
|-damage|p2a: Ursaluna|70/100 brn|[from] brn
|-fieldend|move: Trick Room
|upkeep
|
|t:|1769435929
|switch|p1a: Pessi|Cinderace, M|100/100
|turn|14
|
|t:|1769435942
|switch|p2a: Glastrier|Glastrier|94/100 brn
|move|p1a: Pessi|High Jump Kick|p2a: Glastrier
|-start|p1a: Pessi|typechange|Fighting|[from] ability: Libero
|-supereffective|p2a: Glastrier
|-damage|p2a: Glastrier|9/100 brn
|
|-damage|p2a: Glastrier|3/100 brn|[from] brn
|upkeep
|turn|15
|
|t:|1769435953
|move|p1a: Pessi|Pyro Ball|p2a: Glastrier
|-supereffective|p2a: Glastrier
|-damage|p2a: Glastrier|0 fnt
|faint|p2a: Glastrier
|
|upkeep
|
|t:|1769435957
|switch|p2a: Ursaluna|Ursaluna, M|70/100 brn
|turn|16
|
|t:|1769435962
|move|p1a: Pessi|High Jump Kick|p2a: Ursaluna|[miss]
|-miss|p1a: Pessi|p2a: Ursaluna
|-damage|p1a: Pessi|51/100|[from] highjumpkick
|move|p2a: Ursaluna|Facade|p1a: Pessi
|-damage|p1a: Pessi|0 fnt
|faint|p1a: Pessi
|
|-damage|p2a: Ursaluna|64/100 brn|[from] brn
|upkeep
|-message|rogyan18 forfeited.
|
|win|AdaptiveGoose
|raw|rogyan18's rating: 1327 &rarr; <strong>1308</strong><br />(-19 for losing)
|raw|AdaptiveGoose's rating: 1350 &rarr; <strong>1369</strong><br />(+19 for winning)
|l|☆rogyan18
|player|p1|
|c|☆AdaptiveGoose|gg
