|j|☆flapple1
|j|☆cospway
|t:|1769375298
|gametype|singles
|player|p1|flapple1|#bdplxmausholds|1575
|player|p2|cospway|iris-gen5bw2|1584
|gen|9
|tier|[Gen 9] OU
|rated|
|rule|HP Percentage Mod: HP is shown in percentages
|rule|Endless Battle Clause: Forcing endless battles is banned
|rule|Species Clause: Limit one of each Pokémon
|rule|OHKO Clause: OHKO moves are banned
|rule|Evasion Items Clause: Evasion items are banned
|rule|Evasion Moves Clause: Evasion moves are banned
|rule|Evasion Abilities Clause: Evasion abilities are banned
|rule|Sleep Moves Clause: Sleep-inducing moves are banned
|clearpoke
|poke|p1|Zamazenta-*|
|poke|p1|Kyurem|
|poke|p1|Iron Treads|
|poke|p1|Tornadus-Therian, M|
|poke|p1|Pecharunt|
|poke|p1|Ting-Lu|
|poke|p2|Cresselia, F|
|poke|p2|Mew|
|poke|p2|Kingambit, F|
|poke|p2|Gholdengo|
|poke|p2|Azumarill, F|
|poke|p2|Reuniclus, F|
|teampreview
|inactive|Battle timer is ON: inactive players will automatically lose when time's up. (requested by cospway)
|
|t:|1769375318
|teamsize|p1|6
|teamsize|p2|6
|start
|switch|p1a: Ting-Lu|Ting-Lu|100/100
|switch|p2a: Mew|Mew|100/100
|-ability|p1a: Ting-Lu|Vessel of Ruin
|turn|1
|
|t:|1769375324
|move|p2a: Mew|Taunt|p1a: Ting-Lu
|-start|p1a: Ting-Lu|move: Taunt
|cant|p1a: Ting-Lu|move: Taunt|Spikes
|
|upkeep
|turn|2
|
|t:|1769375328
|move|p2a: Mew|Stealth Rock|p1a: Ting-Lu
|-sidestart|p1: flapple1|move: Stealth Rock
|move|p1a: Ting-Lu|Ruination|p2a: Mew
|-damage|p2a: Mew|50/100
|
|upkeep
|turn|3
|
|t:|1769375335
|move|p2a: Mew|Knock Off|p1a: Ting-Lu
|-resisted|p1a: Ting-Lu
|-damage|p1a: Ting-Lu|95/100
|-enditem|p1a: Ting-Lu|Leftovers|[from] move: Knock Off|[of] p2a: Mew
|move|p1a: Ting-Lu|Earthquake|p2a: Mew
|-damage|p2a: Mew|24/100
|
|-end|p1a: Ting-Lu|move: Taunt
|upkeep
|turn|4
|
|t:|1769375343
|move|p2a: Mew|Taunt|p1a: Ting-Lu
|-start|p1a: Ting-Lu|move: Taunt
|cant|p1a: Ting-Lu|move: Taunt|Spikes
|
|upkeep
|turn|5
|
|t:|1769375348
|move|p1a: Ting-Lu|Ruination|p2a: Mew
|-damage|p2a: Mew|12/100
|move|p2a: Mew|Trick Room|p2a: Mew
|-fieldstart|move: Trick Room|[of] p2a: Mew
|
|upkeep
|turn|6
|j| js_redstar
|
|t:|1769375362
|switch|p2a: Azumarill|Azumarill, F|100/100
|move|p1a: Ting-Lu|Earthquake|p2a: Azumarill
|-damage|p2a: Azumarill|63/100
|
|-end|p1a: Ting-Lu|move: Taunt
|upkeep
|turn|7
|
|t:|1769375375
|move|p2a: Azumarill|Liquidation|p1a: Ting-Lu
|-supereffective|p1a: Ting-Lu
|-damage|p1a: Ting-Lu|12/100
|move|p1a: Ting-Lu|Earthquake|p2a: Azumarill
|-damage|p2a: Azumarill|28/100
|
|upkeep
|turn|8
|
|t:|1769375393
|switch|p1a: Zamazenta|Zamazenta|100/100
|-damage|p1a: Zamazenta|94/100|[from] Stealth Rock
|-ability|p1a: Zamazenta|Dauntless Shield|boost
|-boost|p1a: Zamazenta|def|1
|move|p2a: Azumarill|Liquidation|p1a: Zamazenta
|-damage|p1a: Zamazenta|53/100
|
|-heal|p1a: Zamazenta|59/100|[from] item: Leftovers
|upkeep
|turn|9
|
|t:|1769375408
|switch|p2a: Mew|Mew|12/100
|move|p1a: Zamazenta|Iron Defense|p1a: Zamazenta
|-boost|p1a: Zamazenta|def|2
|
|-heal|p1a: Zamazenta|65/100|[from] item: Leftovers
|-fieldend|move: Trick Room
|upkeep
|turn|10
|
|t:|1769375416
|move|p1a: Zamazenta|Crunch|p2a: Mew
|-supereffective|p2a: Mew
|-enditem|p2a: Mew|Colbur Berry|[eat]
|-enditem|p2a: Mew|Colbur Berry|[weaken]
|-damage|p2a: Mew|0 fnt
|faint|p2a: Mew
|
|-heal|p1a: Zamazenta|72/100|[from] item: Leftovers
|upkeep
|
|t:|1769375420
|switch|p2a: Cresselia|Cresselia, F|100/100
|turn|11
|
|t:|1769375430
|switch|p1a: Iron Treads|Iron Treads|100/100
|-damage|p1a: Iron Treads|97/100|[from] Stealth Rock
|move|p2a: Cresselia|Trick Room|p2a: Cresselia
|-fieldstart|move: Trick Room|[of] p2a: Cresselia
|
|-heal|p1a: Iron Treads|100/100|[from] item: Leftovers
|upkeep
|turn|12
|l| js_redstar
|
|t:|1769375440
|switch|p2a: Gholdengo|Gholdengo|100/100
|move|p1a: Iron Treads|Rapid Spin|p2a: Gholdengo
|-immune|p2a: Gholdengo
|
|upkeep
|turn|13
|
|t:|1769375447
|move|p2a: Gholdengo|Focus Blast|p1a: Iron Treads
|-supereffective|p1a: Iron Treads
|-damage|p1a: Iron Treads|0 fnt
|faint|p1a: Iron Treads
|-end|p1a: Iron Treads|Quark Drive|[silent]
|
|upkeep
|
|t:|1769375452
|switch|p1a: Pecharunt|Pecharunt|100/100
|-damage|p1a: Pecharunt|88/100|[from] Stealth Rock
|turn|14
|
|t:|1769375468
|switch|p2a: Kingambit|Kingambit, F|100/100
|-activate|p2a: Kingambit|ability: Supreme Overlord
|-start|p2a: Kingambit|fallen1|[silent]
|move|p1a: Pecharunt|Nasty Plot|p1a: Pecharunt
|-boost|p1a: Pecharunt|spa|2
|
|upkeep
|turn|15
|
|t:|1769375478
|switch|p1a: Ting-Lu|Ting-Lu|12/100
|-damage|p1a: Ting-Lu|6/100|[from] Stealth Rock
|-ability|p1a: Ting-Lu|Vessel of Ruin
|move|p2a: Kingambit|Kowtow Cleave|p1a: Ting-Lu
|-resisted|p1a: Ting-Lu
|-damage|p1a: Ting-Lu|0 fnt
|faint|p1a: Ting-Lu
|
|-fieldend|move: Trick Room
|upkeep
|
|t:|1769375481
|switch|p1a: Zamazenta|Zamazenta|72/100
|-damage|p1a: Zamazenta|65/100|[from] Stealth Rock
|turn|16
|
|t:|1769375507
|switch|p1a: Tornadus|Tornadus-Therian, M|100/100
|-end|p2a: Kingambit|fallen1|[silent]
|switch|p2a: Cresselia|Cresselia, F|100/100
|
|upkeep
|turn|17
|inactive|cospway has 120 seconds left.
|
|t:|1769375523
|move|p1a: Tornadus|Taunt|p2a: Cresselia
|-start|p2a: Cresselia|move: Taunt
|-enditem|p2a: Cresselia|Mental Herb
|-end|p2a: Cresselia|move: Taunt
|move|p2a: Cresselia|Trick Room|p2a: Cresselia
|-fieldstart|move: Trick Room|[of] p2a: Cresselia
|
|upkeep
|turn|18
|inactive|cospway has 120 seconds left.
|
|t:|1769375541
|switch|p2a: Gholdengo|Gholdengo|100/100
|move|p1a: Tornadus|Bleakwind Storm|p2a: Gholdengo
|-resisted|p2a: Gholdengo
|-damage|p2a: Gholdengo|83/100
|-unboost|p2a: Gholdengo|spe|1
|
|upkeep
|turn|19
|inactive|cospway has 120 seconds left.
|inactive|flapple1 has 120 seconds left.
|
|t:|1769375589
|switch|p1a: Pecharunt|Pecharunt|88/100
|-damage|p1a: Pecharunt|76/100|[from] Stealth Rock
|move|p2a: Gholdengo|Make It Rain|p1a: Pecharunt
|-damage|p1a: Pecharunt|0 fnt
|-unboost|p2a: Gholdengo|spa|1
|faint|p1a: Pecharunt
|
|upkeep
|
|t:|1769375604
|switch|p1a: Zamazenta|Zamazenta|65/100
|-damage|p1a: Zamazenta|59/100|[from] Stealth Rock
|turn|20
|
|t:|1769375612
|move|p2a: Gholdengo|Make It Rain|p1a: Zamazenta
|-damage|p1a: Zamazenta|0 fnt
|-unboost|p2a: Gholdengo|spa|1
|faint|p1a: Zamazenta
|
|upkeep
|
|t:|1769375617
|switch|p1a: Tornadus|Tornadus-Therian, M|100/100
|turn|21
|
|t:|1769375626
|switch|p2a: Cresselia|Cresselia, F|100/100
|move|p1a: Tornadus|Nasty Plot|p1a: Tornadus
|-boost|p1a: Tornadus|spa|2
|
|-fieldend|move: Trick Room
|upkeep
|turn|22
|
|t:|1769375634
|move|p1a: Tornadus|Taunt|p2a: Cresselia
|-start|p2a: Cresselia|move: Taunt
|cant|p2a: Cresselia|move: Taunt|Trick Room
|
|upkeep
|turn|23
|
|t:|1769375646
|move|p1a: Tornadus|Nasty Plot|p1a: Tornadus
|-boost|p1a: Tornadus|spa|2
|move|p2a: Cresselia|Ice Beam|p1a: Tornadus
|-supereffective|p1a: Tornadus
|-damage|p1a: Tornadus|67/100
|
|upkeep
|turn|24
|
|t:|1769375653
|move|p1a: Tornadus|Bleakwind Storm|p2a: Cresselia|[miss]
|-miss|p1a: Tornadus|p2a: Cresselia
|move|p2a: Cresselia|Ice Beam|p1a: Tornadus
|-supereffective|p1a: Tornadus
|-damage|p1a: Tornadus|35/100
|
|-end|p2a: Cresselia|move: Taunt
|upkeep
|turn|25
|
|t:|1769375663
|move|p1a: Tornadus|Taunt|p2a: Cresselia
|-start|p2a: Cresselia|move: Taunt
|move|p2a: Cresselia|Ice Beam|p1a: Tornadus
|-supereffective|p1a: Tornadus
|-damage|p1a: Tornadus|2/100
|
|upkeep
|turn|26
|
|t:|1769375669
|move|p1a: Tornadus|Bleakwind Storm|p2a: Cresselia|[miss]
|-miss|p1a: Tornadus|p2a: Cresselia
|move|p2a: Cresselia|Ice Beam|p1a: Tornadus
|-supereffective|p1a: Tornadus
|-damage|p1a: Tornadus|0 fnt
|faint|p1a: Tornadus
|
|upkeep
|-message|flapple1 forfeited.
|
|win|cospway
|raw|flapple1's rating: 1575 &rarr; <strong>1556</strong><br />(-19 for losing)
|raw|cospway's rating: 1584 &rarr; <strong>1603</strong><br />(+19 for winning)
|l|☆flapple1
|player|p1|
|l|☆cospway
|player|p2|
