|j|☆KayNewbie
|j|☆tamkav123
|t:|1769326902
|gametype|singles
|player|p1|KayNewbie|hoopster|1178
|player|p2|tamkav123|n|1216
|gen|9
|tier|[Gen 9] OU
|rated|
|rule|HP Percentage Mod: HP is shown in percentages
|rule|Endless Battle Clause: Forcing endless battles is banned
|rule|Species Clause: Limit one of each Pokémon
|rule|OHKO Clause: OHKO moves are banned
|rule|Evasion Items Clause: Evasion items are banned
|rule|Evasion Moves Clause: Evasion moves are banned
|rule|Evasion Abilities Clause: Evasion abilities are banned
|rule|Sleep Moves Clause: Sleep-inducing moves are banned
|clearpoke
|poke|p1|Ludicolo, M|
|poke|p1|Politoed, M|
|poke|p1|Skarmory, F|
|poke|p1|Mamoswine, F|
|poke|p1|Slowking-Galar, F|
|poke|p1|Ceruledge, M|
|poke|p2|Corviknight, M|
|poke|p2|Gliscor, M|
|poke|p2|Zamazenta-*|
|poke|p2|Dragonite, F|
|poke|p2|Primarina, F|
|poke|p2|Iron Valiant|
|teampreview
|inactive|Battle timer is ON: inactive players will automatically lose when time's up. (requested by tamkav123)
|
|t:|1769326926
|teamsize|p1|6
|teamsize|p2|6
|start
|switch|p1a: Politoed|Politoed, M|100/100
|switch|p2a: Corviknight|Corviknight, M, shiny|100/100
|-weather|RainDance|[from] ability: Drizzle|[of] p1a: Politoed
|turn|1
|inactive|tamkav123 has 120 seconds left.
|
|t:|1769326964
|move|p1a: Politoed|Weather Ball|p2a: Corviknight
|-damage|p2a: Corviknight|0 fnt
|faint|p2a: Corviknight
|
|-weather|RainDance|[upkeep]
|upkeep
|
|t:|1769326991
|switch|p2a: Dragonite|Dragonite, F|100/100
|turn|2
|
|t:|1769326997
|move|p2a: Dragonite|Dragon Dance|p2a: Dragonite
|-boost|p2a: Dragonite|atk|1
|-boost|p2a: Dragonite|spe|1
|move|p1a: Politoed|Weather Ball|p2a: Dragonite
|-resisted|p2a: Dragonite
|-damage|p2a: Dragonite|76/100
|
|-weather|RainDance|[upkeep]
|upkeep
|turn|3
|
|t:|1769327006
|move|p2a: Dragonite|Dragon Claw|p1a: Politoed
|-damage|p1a: Politoed|7/100
|move|p1a: Politoed|Weather Ball|p2a: Dragonite
|-resisted|p2a: Dragonite
|-damage|p2a: Dragonite|28/100
|
|-weather|RainDance|[upkeep]
|upkeep
|turn|4
|
|t:|1769327015
|switch|p1a: Mamoswine|Mamoswine, F|100/100
|move|p2a: Dragonite|Extreme Speed|p1a: Mamoswine
|-damage|p1a: Mamoswine|50/100
|-damage|p2a: Dragonite|11/100|[from] item: Rocky Helmet|[of] p1a: Mamoswine
|
|-weather|RainDance|[upkeep]
|upkeep
|turn|5
|
|t:|1769327024
|move|p2a: Dragonite|Extreme Speed|p1a: Mamoswine
|-damage|p1a: Mamoswine|0 fnt
|-damage|p2a: Dragonite|0 fnt|[from] item: Rocky Helmet|[of] p1a: Mamoswine
|faint|p1a: Mamoswine
|faint|p2a: Dragonite
|
|-weather|none
|upkeep
|inactive|tamkav123 has 90 seconds left.
|
|t:|1769327058
|switch|p2a: Primarina|Primarina, F|100/100
|switch|p1a: Politoed|Politoed, M|7/100
|-weather|RainDance|[from] ability: Drizzle|[of] p1a: Politoed
|turn|6
|inactive|tamkav123 has 90 seconds left.
|
|t:|1769327068
|move|p1a: Politoed|Weather Ball|p2a: Primarina
|-resisted|p2a: Primarina
|-damage|p2a: Primarina|74/100
|move|p2a: Primarina|Sparkling Aria|p1a: Politoed
|-resisted|p1a: Politoed
|-damage|p1a: Politoed|0 fnt
|faint|p1a: Politoed
|
|-weather|RainDance|[upkeep]
|upkeep
|
|t:|1769327071
|switch|p1a: Ludicolo|Ludicolo, M|100/100
|turn|7
|inactive|tamkav123 has 90 seconds left.
|
|t:|1769327100
|-terastallize|p2a: Primarina|Steel
|move|p1a: Ludicolo|Weather Ball|p2a: Primarina
|-damage|p2a: Primarina|21/100
|move|p2a: Primarina|Flip Turn|p1a: Ludicolo
|-resisted|p1a: Ludicolo
|-damage|p1a: Ludicolo|91/100
|inactive|tamkav123 has 60 seconds left.
|
|t:|1769327135
|switch|p2a: Zamazenta|Zamazenta|100/100|[from] Flip Turn
|-ability|p2a: Zamazenta|Dauntless Shield|boost
|-boost|p2a: Zamazenta|def|1
|
|-weather|RainDance|[upkeep]
|upkeep
|turn|8
|inactive|tamkav123 has 60 seconds left.
|
|t:|1769327152
|move|p2a: Zamazenta|Iron Defense|p2a: Zamazenta
|-boost|p2a: Zamazenta|def|2
|move|p1a: Ludicolo|Weather Ball|p2a: Zamazenta
|-damage|p2a: Zamazenta|31/100
|
|-weather|RainDance|[upkeep]
|-heal|p2a: Zamazenta|37/100|[from] item: Leftovers
|upkeep
|turn|9
|
|t:|1769327158
|move|p2a: Zamazenta|Body Press|p1a: Ludicolo
|-damage|p1a: Ludicolo|0 fnt
|faint|p1a: Ludicolo
|
|-weather|RainDance|[upkeep]
|-heal|p2a: Zamazenta|43/100|[from] item: Leftovers
|upkeep
|
|t:|1769327163
|switch|p1a: Skarmory|Skarmory, F|100/100
|turn|10
|
|t:|1769327169
|move|p2a: Zamazenta|Body Press|p1a: Skarmory
|-damage|p1a: Skarmory|40/100
|-ability|p1a: Skarmory|Weak Armor|boost
|-unboost|p1a: Skarmory|def|1
|-boost|p1a: Skarmory|spe|2
|move|p1a: Skarmory|Brave Bird|p2a: Zamazenta
|-supereffective|p2a: Zamazenta
|-damage|p2a: Zamazenta|12/100
|-damage|p1a: Skarmory|28/100|[from] Recoil
|
|-weather|none
|-heal|p2a: Zamazenta|18/100|[from] item: Leftovers
|upkeep
|turn|11
|inactive|tamkav123 has 60 seconds left.
|
|t:|1769327202
|move|p2a: Zamazenta|Body Press|p1a: Skarmory
|-crit|p1a: Skarmory
|-damage|p1a: Skarmory|0 fnt
|faint|p1a: Skarmory
|
|-heal|p2a: Zamazenta|25/100|[from] item: Leftovers
|upkeep
|
|t:|1769327213
|switch|p1a: Slowking|Slowking-Galar, F|100/100
|turn|12
|
|t:|1769327219
|move|p2a: Zamazenta|Crunch|p1a: Slowking
|-supereffective|p1a: Slowking
|-crit|p1a: Slowking
|-damage|p1a: Slowking|34/100
|-unboost|p1a: Slowking|def|1
|move|p1a: Slowking|Trick Room|p1a: Slowking
|-fieldstart|move: Trick Room|[of] p1a: Slowking
|
|-heal|p2a: Zamazenta|31/100|[from] item: Leftovers
|upkeep
|turn|13
|
|t:|1769327228
|move|p1a: Slowking|Expanding Force|p2a: Zamazenta
|-supereffective|p2a: Zamazenta
|-damage|p2a: Zamazenta|0 fnt
|faint|p2a: Zamazenta
|
|upkeep
|
|t:|1769327234
|switch|p2a: Primarina|Primarina, F, tera:Steel|21/100
|turn|14
|
|t:|1769327241
|move|p1a: Slowking|Expanding Force|p2a: Primarina
|-resisted|p2a: Primarina
|-damage|p2a: Primarina|9/100
|move|p2a: Primarina|Sparkling Aria|p1a: Slowking
|-damage|p1a: Slowking|0 fnt
|faint|p1a: Slowking
|
|upkeep
|
|t:|1769327244
|switch|p1a: Ceruledge|Ceruledge, M|100/100
|turn|15
|
|t:|1769327255
|move|p2a: Primarina|Sparkling Aria|p1a: Ceruledge
|-supereffective|p1a: Ceruledge
|-damage|p1a: Ceruledge|0 fnt
|faint|p1a: Ceruledge
|
|win|tamkav123
|raw|KayNewbie's rating: 1178 &rarr; <strong>1156</strong><br />(-22 for losing)
|raw|tamkav123's rating: 1216 &rarr; <strong>1238</strong><br />(+22 for winning)
|l|☆KayNewbie
|player|p1|
|l|☆tamkav123
|player|p2|
