|j|☆sancorv1
|j|☆aa359
|t:|1769381996
|gametype|singles
|player|p1|sancorv1|doctor|1458
|player|p2|aa359|unknown|1393
|gen|9
|tier|[Gen 9] OU
|rated|
|rule|HP Percentage Mod: HP is shown in percentages
|rule|Endless Battle Clause: Forcing endless battles is banned
|rule|Species Clause: Limit one of each Pokémon
|rule|OHKO Clause: OHKO moves are banned
|rule|Evasion Items Clause: Evasion items are banned
|rule|Evasion Moves Clause: Evasion moves are banned
|rule|Evasion Abilities Clause: Evasion abilities are banned
|rule|Sleep Moves Clause: Sleep-inducing moves are banned
|clearpoke
|poke|p1|Iron Crown|
|poke|p1|Zamazenta-*|
|poke|p1|Ting-Lu|
|poke|p1|Primarina, M|
|poke|p1|Corviknight, F|
|poke|p1|Walking Wake|
|poke|p2|Zapdos|
|poke|p2|Dragapult, F|
|poke|p2|Gliscor, F|
|poke|p2|Dudunsparce-*, F|
|poke|p2|Scizor, M|
|poke|p2|Slowking, M|
|teampreview
|
|t:|1769382009
|teamsize|p1|6
|teamsize|p2|6
|start
|switch|p1a: Primarina|Primarina, M, shiny|100/100
|switch|p2a: Dudunsparce|Dudunsparce, F|100/100
|turn|1
|
|t:|1769382025
|move|p1a: Primarina|Substitute|p1a: Primarina
|-start|p1a: Primarina|Substitute
|-damage|p1a: Primarina|76/100
|move|p2a: Dudunsparce|Glare||[still]
|-fail|p2a: Dudunsparce
|
|-heal|p1a: Primarina|82/100|[from] item: Leftovers
|upkeep
|turn|2
|
|t:|1769382030
|move|p1a: Primarina|Whirlpool|p2a: Dudunsparce
|-crit|p2a: Dudunsparce
|-damage|p2a: Dudunsparce|73/100
|-activate|p2a: Dudunsparce|move: Whirlpool|[of] p1a: Primarina
|move|p2a: Dudunsparce|Stealth Rock|p1a: Primarina
|-sidestart|p1: sancorv1|move: Stealth Rock
|
|-heal|p1a: Primarina|88/100|[from] item: Leftovers
|-heal|p2a: Dudunsparce|79/100|[from] item: Leftovers
|-damage|p2a: Dudunsparce|66/100|[from] move: Whirlpool|[partiallytrapped]
|upkeep
|turn|3
|
|t:|1769382032
|move|p1a: Primarina|Psychic Noise|p2a: Dudunsparce
|-damage|p2a: Dudunsparce|24/100
|-start|p2a: Dudunsparce|move: Heal Block
|move|p2a: Dudunsparce|Headbutt|p1a: Primarina
|-end|p1a: Primarina|Substitute
|
|-heal|p1a: Primarina|94/100|[from] item: Leftovers
|-damage|p2a: Dudunsparce|11/100|[from] move: Whirlpool|[partiallytrapped]
|upkeep
|turn|4
|
|t:|1769382035
|move|p1a: Primarina|Substitute|p1a: Primarina
|-start|p1a: Primarina|Substitute
|-damage|p1a: Primarina|69/100
|move|p2a: Dudunsparce|Headbutt|p1a: Primarina
|-end|p1a: Primarina|Substitute
|
|-heal|p1a: Primarina|75/100|[from] item: Leftovers
|-damage|p2a: Dudunsparce|0 fnt|[from] move: Whirlpool|[partiallytrapped]
|faint|p2a: Dudunsparce
|upkeep
|
|t:|1769382042
|switch|p2a: Slowking|Slowking, M|100/100
|turn|5
|
|t:|1769382046
|move|p1a: Primarina|Substitute|p1a: Primarina
|-start|p1a: Primarina|Substitute
|-damage|p1a: Primarina|50/100
|move|p2a: Slowking|Psychic Noise|p1a: Primarina
|-damage|p1a: Primarina|17/100
|-start|p1a: Primarina|move: Heal Block
|
|upkeep
|turn|6
|
|t:|1769382053
|move|p1a: Primarina|Moonblast|p2a: Slowking
|-damage|p2a: Slowking|74/100
|-unboost|p2a: Slowking|spa|1
|move|p2a: Slowking|Psychic Noise|p1a: Primarina
|-damage|p1a: Primarina|0 fnt
|faint|p1a: Primarina
|
|upkeep
|
|t:|1769382059
|switch|p1a: Iron Crown|Iron Crown|100/100
|-damage|p1a: Iron Crown|94/100|[from] Stealth Rock
|turn|7
|
|t:|1769382077
|move|p1a: Iron Crown|Tachyon Cutter|p2a: Slowking
|-resisted|p2a: Slowking
|-damage|p2a: Slowking|64/100
|-resisted|p2a: Slowking
|-damage|p2a: Slowking|56/100
|-hitcount|p2a: Slowking|2
|move|p2a: Slowking|Scald|p1a: Iron Crown
|-damage|p1a: Iron Crown|70/100
|
|upkeep
|turn|8
|
|t:|1769382089
|switch|p2a: Scizor|Scizor, M|100/100
|move|p1a: Iron Crown|Tachyon Cutter|p2a: Scizor
|-resisted|p2a: Scizor
|-damage|p2a: Scizor|80/100
|-resisted|p2a: Scizor
|-damage|p2a: Scizor|57/100
|-hitcount|p2a: Scizor|2
|
|-heal|p2a: Scizor|63/100|[from] item: Leftovers
|upkeep
|turn|9
|
|t:|1769382092
|-end|p1a: Iron Crown|Quark Drive|[silent]
|switch|p1a: Corviknight|Corviknight, F|100/100
|-damage|p1a: Corviknight|88/100|[from] Stealth Rock
|-ability|p1a: Corviknight|Pressure
|move|p2a: Scizor|Knock Off|p1a: Corviknight
|-damage|p1a: Corviknight|68/100
|-damage|p2a: Scizor|47/100|[from] item: Rocky Helmet|[of] p1a: Corviknight
|-enditem|p1a: Corviknight|Rocky Helmet|[from] move: Knock Off|[of] p2a: Scizor
|
|-heal|p2a: Scizor|53/100|[from] item: Leftovers
|upkeep
|turn|10
|
|t:|1769382098
|switch|p2a: Zapdos|Zapdos|100/100
|move|p1a: Corviknight|U-turn|p2a: Zapdos
|-resisted|p2a: Zapdos
|-damage|p2a: Zapdos|93/100
|-damage|p1a: Corviknight|51/100|[from] item: Rocky Helmet|[of] p2a: Zapdos
|
|t:|1769382110
|switch|p1a: Iron Crown|Iron Crown|70/100|[from] U-turn
|-damage|p1a: Iron Crown|63/100|[from] Stealth Rock
|
|upkeep
|turn|11
|
|t:|1769382114
|move|p2a: Zapdos|Heat Wave|p1a: Iron Crown
|-supereffective|p1a: Iron Crown
|-damage|p1a: Iron Crown|8/100
|move|p1a: Iron Crown|Volt Switch|p2a: Zapdos
|-damage|p2a: Zapdos|60/100
|
|t:|1769382121
|-end|p1a: Iron Crown|Quark Drive|[silent]
|switch|p1a: Walking Wake|Walking Wake|100/100|[from] Volt Switch
|
|upkeep
|turn|12
|
|t:|1769382124
|switch|p2a: Slowking|Slowking, M|89/100
|move|p1a: Walking Wake|Draco Meteor|p2a: Slowking
|-damage|p2a: Slowking|58/100
|-unboost|p1a: Walking Wake|spa|2
|
|upkeep
|turn|13
|
|t:|1769382127
|move|p1a: Walking Wake|Knock Off|p2a: Slowking
|-supereffective|p2a: Slowking
|-damage|p2a: Slowking|19/100
|-enditem|p2a: Slowking|Assault Vest|[from] move: Knock Off|[of] p1a: Walking Wake
|move|p2a: Slowking|Psychic Noise|p1a: Walking Wake
|-damage|p1a: Walking Wake|63/100
|-start|p1a: Walking Wake|move: Heal Block
|
|upkeep
|turn|14
|
|t:|1769382136
|move|p1a: Walking Wake|Draco Meteor|p2a: Slowking
|-damage|p2a: Slowking|0 fnt
|-unboost|p1a: Walking Wake|spa|2
|faint|p2a: Slowking
|
|-end|p1a: Walking Wake|move: Heal Block
|upkeep
|
|t:|1769382146
|switch|p2a: Scizor|Scizor, M|53/100
|turn|15
|
|t:|1769382154
|-end|p1a: Walking Wake|Protosynthesis|[silent]
|switch|p1a: Corviknight|Corviknight, F|51/100
|-damage|p1a: Corviknight|39/100|[from] Stealth Rock
|-ability|p1a: Corviknight|Pressure
|move|p2a: Scizor|Swords Dance|p2a: Scizor
|-boost|p2a: Scizor|atk|2
|
|-heal|p2a: Scizor|59/100|[from] item: Leftovers
|upkeep
|turn|16
|
|t:|1769382162
|move|p1a: Corviknight|Roost|p1a: Corviknight
|-heal|p1a: Corviknight|89/100
|-singleturn|p1a: Corviknight|move: Roost
|move|p2a: Scizor|Swords Dance|p2a: Scizor
|-boost|p2a: Scizor|atk|2
|
|-heal|p2a: Scizor|65/100|[from] item: Leftovers
|upkeep
|turn|17
|
|t:|1769382164
|move|p1a: Corviknight|Brave Bird|p2a: Scizor
|-damage|p2a: Scizor|26/100
|-damage|p1a: Corviknight|78/100|[from] Recoil
|move|p2a: Scizor|Swords Dance|p2a: Scizor
|-boost|p2a: Scizor|atk|2
|
|-heal|p2a: Scizor|32/100|[from] item: Leftovers
|upkeep
|turn|18
|
|t:|1769382168
|move|p2a: Scizor|Bullet Punch|p1a: Corviknight
|-resisted|p1a: Corviknight
|-damage|p1a: Corviknight|34/100
|move|p1a: Corviknight|Brave Bird|p2a: Scizor
|-crit|p2a: Scizor
|-damage|p2a: Scizor|0 fnt
|faint|p2a: Scizor
|-damage|p1a: Corviknight|25/100|[from] Recoil
|
|upkeep
|
|t:|1769382176
|switch|p2a: Zapdos|Zapdos|60/100
|turn|19
|
|t:|1769382180
|move|p2a: Zapdos|Heat Wave|p1a: Corviknight
|-supereffective|p1a: Corviknight
|-damage|p1a: Corviknight|0 fnt
|faint|p1a: Corviknight
|
|upkeep
|
|t:|1769382188
|switch|p1a: Walking Wake|Walking Wake|63/100
|turn|20
|
|t:|1769382193
|move|p1a: Walking Wake|Draco Meteor|p2a: Zapdos|[miss]
|-miss|p1a: Walking Wake|p2a: Zapdos
|move|p2a: Zapdos|Roost|p2a: Zapdos
|-heal|p2a: Zapdos|100/100
|-singleturn|p2a: Zapdos|move: Roost
|
|upkeep
|turn|21
|
|t:|1769382196
|move|p1a: Walking Wake|Draco Meteor|p2a: Zapdos
|-damage|p2a: Zapdos|36/100
|-unboost|p1a: Walking Wake|spa|2
|move|p2a: Zapdos|Thunderbolt|p1a: Walking Wake
|-damage|p1a: Walking Wake|16/100
|
|upkeep
|turn|22
|
|t:|1769382202
|move|p1a: Walking Wake|Draco Meteor|p2a: Zapdos
|-damage|p2a: Zapdos|4/100
|-unboost|p1a: Walking Wake|spa|2
|move|p2a: Zapdos|Roost|p2a: Zapdos
|-heal|p2a: Zapdos|54/100
|-singleturn|p2a: Zapdos|move: Roost
|
|upkeep
|turn|23
|
|t:|1769382212
|-end|p1a: Walking Wake|Protosynthesis|[silent]
|switch|p1a: Iron Crown|Iron Crown|8/100
|-damage|p1a: Iron Crown|2/100|[from] Stealth Rock
|switch|p2a: Gliscor|Gliscor, F|100/100
|
|-status|p2a: Gliscor|tox|[from] item: Toxic Orb
|upkeep
|turn|24
|
|t:|1769382241
|switch|p2a: Zapdos|Zapdos|54/100
|move|p1a: Iron Crown|Tachyon Cutter|p2a: Zapdos
|-resisted|p2a: Zapdos
|-crit|p2a: Zapdos
|-damage|p2a: Zapdos|28/100
|-resisted|p2a: Zapdos
|-damage|p2a: Zapdos|11/100
|-hitcount|p2a: Zapdos|2
|
|upkeep
|turn|25
|
|t:|1769382243
|move|p2a: Zapdos|Thunderbolt|p1a: Iron Crown
|-damage|p1a: Iron Crown|0 fnt
|faint|p1a: Iron Crown
|-end|p1a: Iron Crown|Quark Drive|[silent]
|
|upkeep
|
|t:|1769382249
|switch|p1a: Walking Wake|Walking Wake|16/100
|turn|26
|
|t:|1769382265
|move|p1a: Walking Wake|Surf|p2a: Zapdos
|-damage|p2a: Zapdos|0 fnt
|faint|p2a: Zapdos
|
|upkeep
|
|t:|1769382272
|switch|p2a: Dragapult|Dragapult, F|100/100
|turn|27
|
|t:|1769382274
|-end|p1a: Walking Wake|Protosynthesis|[silent]
|switch|p1a: Ting-Lu|Ting-Lu|100/100
|-damage|p1a: Ting-Lu|94/100|[from] Stealth Rock
|-ability|p1a: Ting-Lu|Vessel of Ruin
|move|p2a: Dragapult|U-turn|p1a: Ting-Lu
|-supereffective|p1a: Ting-Lu
|-damage|p1a: Ting-Lu|57/100
|
|t:|1769382277
|switch|p2a: Gliscor|Gliscor, F|100/100 tox|[from] U-turn
|
|-heal|p1a: Ting-Lu|63/100|[from] item: Leftovers
|upkeep
|turn|28
|
|t:|1769382281
|move|p2a: Gliscor|Swords Dance|p2a: Gliscor
|-boost|p2a: Gliscor|atk|2
|move|p1a: Ting-Lu|Stealth Rock|p2a: Gliscor
|-sidestart|p2: aa359|move: Stealth Rock
|
|-heal|p1a: Ting-Lu|69/100|[from] item: Leftovers
|upkeep
|turn|29
|
|t:|1769382283
|move|p2a: Gliscor|Agility|p2a: Gliscor
|-boost|p2a: Gliscor|spe|2
|move|p1a: Ting-Lu|Whirlwind|p2a: Gliscor
|drag|p2a: Dragapult|Dragapult, F|100/100
|-damage|p2a: Dragapult|88/100|[from] Stealth Rock
|
|-heal|p1a: Ting-Lu|76/100|[from] item: Leftovers
|upkeep
|turn|30
|
|t:|1769382285
|move|p2a: Dragapult|U-turn|p1a: Ting-Lu
|-supereffective|p1a: Ting-Lu
|-crit|p1a: Ting-Lu
|-damage|p1a: Ting-Lu|23/100
|
|t:|1769382287
|switch|p2a: Gliscor|Gliscor, F|100/100 tox|[from] U-turn
|-damage|p2a: Gliscor|88/100 tox|[from] Stealth Rock
|move|p1a: Ting-Lu|Ruination|p2a: Gliscor
|-damage|p2a: Gliscor|45/100 tox
|
|-heal|p1a: Ting-Lu|29/100|[from] item: Leftovers
|-heal|p2a: Gliscor|57/100 tox|[from] ability: Poison Heal
|upkeep
|turn|31
|
|t:|1769382289
|move|p2a: Gliscor|Earthquake|p1a: Ting-Lu
|-damage|p1a: Ting-Lu|8/100
|move|p1a: Ting-Lu|Whirlwind|p2a: Gliscor
|drag|p2a: Dragapult|Dragapult, F|88/100
|-damage|p2a: Dragapult|76/100|[from] Stealth Rock
|
|-heal|p1a: Ting-Lu|14/100|[from] item: Leftovers
|upkeep
|turn|32
|
|t:|1769382292
|move|p2a: Dragapult|U-turn|p1a: Ting-Lu
|-supereffective|p1a: Ting-Lu
|-damage|p1a: Ting-Lu|0 fnt
|faint|p1a: Ting-Lu
|
|t:|1769382294
|switch|p2a: Gliscor|Gliscor, F|57/100 tox|[from] U-turn
|-damage|p2a: Gliscor|45/100 tox|[from] Stealth Rock
|
|-heal|p2a: Gliscor|57/100 tox|[from] ability: Poison Heal
|upkeep
|
|t:|1769382299
|switch|p1a: Walking Wake|Walking Wake|16/100
|turn|33
|
|t:|1769382308
|move|p1a: Walking Wake|Surf|p2a: Gliscor
|-supereffective|p2a: Gliscor
|-damage|p2a: Gliscor|0 fnt
|faint|p2a: Gliscor
|
|upkeep
|
|t:|1769382310
|switch|p2a: Dragapult|Dragapult, F|76/100
|-damage|p2a: Dragapult|64/100|[from] Stealth Rock
|turn|34
|
|t:|1769382319
|move|p2a: Dragapult|Psychic Fangs|p1a: Walking Wake
|-damage|p1a: Walking Wake|0 fnt
|faint|p1a: Walking Wake
|-end|p1a: Walking Wake|Protosynthesis|[silent]
|
|upkeep
|
|t:|1769382321
|switch|p1a: Zamazenta|Zamazenta|100/100
|-damage|p1a: Zamazenta|94/100|[from] Stealth Rock
|-ability|p1a: Zamazenta|Dauntless Shield|boost
|-boost|p1a: Zamazenta|def|1
|turn|35
|
|t:|1769382326
|-terastallize|p1a: Zamazenta|Fire
|move|p2a: Dragapult|Psychic Fangs|p1a: Zamazenta
|-crit|p1a: Zamazenta
|-damage|p1a: Zamazenta|50/100
|move|p1a: Zamazenta|Crunch|p2a: Dragapult
|-supereffective|p2a: Dragapult
|-damage|p2a: Dragapult|5/100
|-unboost|p2a: Dragapult|def|1
|
|-heal|p1a: Zamazenta|56/100|[from] item: Leftovers
|upkeep
|turn|36
|
|t:|1769382330
|move|p2a: Dragapult|Psychic Fangs|p1a: Zamazenta
|-damage|p1a: Zamazenta|37/100
|move|p1a: Zamazenta|Crunch|p2a: Dragapult
|-supereffective|p2a: Dragapult
|-damage|p2a: Dragapult|0 fnt
|faint|p2a: Dragapult
|
|win|sancorv1
|raw|sancorv1's rating: 1458 &rarr; <strong>1474</strong><br />(+16 for winning)
|raw|aa359's rating: 1393 &rarr; <strong>1377</strong><br />(-16 for losing)
