|j|☆Lezdodiz
|j|☆0arcado0
|t:|1769363334
|gametype|singles
|player|p1|Lezdodiz|lucas|1066
|player|p2|0arcado0|psychic|1046
|gen|9
|tier|[Gen 9] OU
|rated|
|rule|HP Percentage Mod: HP is shown in percentages
|rule|Endless Battle Clause: Forcing endless battles is banned
|rule|Species Clause: Limit one of each Pokémon
|rule|OHKO Clause: OHKO moves are banned
|rule|Evasion Items Clause: Evasion items are banned
|rule|Evasion Moves Clause: Evasion moves are banned
|rule|Evasion Abilities Clause: Evasion abilities are banned
|rule|Sleep Moves Clause: Sleep-inducing moves are banned
|clearpoke
|poke|p1|Breloom, F|
|poke|p1|Hawlucha, F|
|poke|p1|Toxicroak, F|
|poke|p1|Lucario, M|
|poke|p1|Great Tusk|
|poke|p1|Scrafty, F|
|poke|p2|Flygon, M|
|poke|p2|Iron Moth|
|poke|p2|Dondozo, F|
|poke|p2|Hatterene, F|
|poke|p2|Glimmora, M|
|poke|p2|Rillaboom, M|
|teampreview
|
|t:|1769363354
|teamsize|p1|6
|teamsize|p2|6
|start
|switch|p1a: Breloom|Breloom, F|100/100
|switch|p2a: Mooth|Iron Moth|100/100
|-enditem|p2a: Mooth|Booster Energy
|-activate|p2a: Mooth|ability: Quark Drive|[fromitem]
|-start|p2a: Mooth|quarkdrivespa
|turn|1
|
|t:|1769363385
|switch|p1a: Great Tusk|Great Tusk|100/100
|-enditem|p1a: Great Tusk|Booster Energy
|-activate|p1a: Great Tusk|ability: Protosynthesis|[fromitem]
|-start|p1a: Great Tusk|protosynthesisatk
|move|p2a: Mooth|Fiery Dance|p1a: Great Tusk
|-damage|p1a: Great Tusk|32/100
|-boost|p2a: Mooth|spa|1
|
|upkeep
|turn|2
|
|t:|1769363397
|move|p2a: Mooth|Fiery Dance|p1a: Great Tusk
|-damage|p1a: Great Tusk|0 fnt
|-boost|p2a: Mooth|spa|1
|faint|p1a: Great Tusk
|-end|p1a: Great Tusk|Protosynthesis|[silent]
|
|upkeep
|
|t:|1769363407
|switch|p1a: Scrafty|Scrafty, F|100/100
|turn|3
|
|t:|1769363419
|move|p2a: Mooth|Fiery Dance|p1a: Scrafty
|-damage|p1a: Scrafty|0 fnt
|-boost|p2a: Mooth|spa|1
|faint|p1a: Scrafty
|
|upkeep
|
|t:|1769363425
|switch|p1a: Hawlucha|Hawlucha, F|100/100
|turn|4
|
|t:|1769363431
|move|p2a: Mooth|Fiery Dance|p1a: Hawlucha
|-damage|p1a: Hawlucha|0 fnt
|-boost|p2a: Mooth|spa|1
|faint|p1a: Hawlucha
|
|upkeep
|
|t:|1769363437
|switch|p1a: Toxicroak|Toxicroak, F|100/100
|turn|5
|
|t:|1769363441
|move|p1a: Toxicroak|Vacuum Wave|p2a: Mooth
|-resisted|p2a: Mooth
|-damage|p2a: Mooth|93/100
|move|p2a: Mooth|Fiery Dance|p1a: Toxicroak
|-damage|p1a: Toxicroak|0 fnt
|faint|p1a: Toxicroak
|
|upkeep
|
|t:|1769363447
|switch|p1a: Lucario|Lucario, M|100/100
|turn|6
|
|t:|1769363457
|move|p2a: Mooth|Fiery Dance|p1a: Lucario
|-supereffective|p1a: Lucario
|-damage|p1a: Lucario|0 fnt
|-boost|p2a: Mooth|spa|1
|faint|p1a: Lucario
|
|upkeep
|
|t:|1769363462
|switch|p1a: Breloom|Breloom, F|100/100
|turn|7
|
|t:|1769363467
|move|p2a: Mooth|Fiery Dance|p1a: Breloom
|-supereffective|p1a: Breloom
|-damage|p1a: Breloom|0 fnt
|-boost|p2a: Mooth|spa|1
|faint|p1a: Breloom
|
|win|0arcado0
|raw|Lezdodiz's rating: 1066 &rarr; <strong>1045</strong><br />(-21 for losing)
|raw|0arcado0's rating: 1046 &rarr; <strong>1081</strong><br />(+35 for winning)
|l|☆Lezdodiz
|player|p1|
|l|☆0arcado0
|player|p2|
|j|☆0arcado0
|player|p2|0arcado0|psychic|
