|j|☆rmpemeta
|j|☆BayHarborClauncher
|t:|1769392725
|gametype|singles
|player|p1|rmpemeta|169|1390
|player|p2|BayHarborClauncher|gambler|1360
|gen|9
|tier|[Gen 9] OU
|rated|
|rule|HP Percentage Mod: HP is shown in percentages
|rule|Endless Battle Clause: Forcing endless battles is banned
|rule|Species Clause: Limit one of each Pokémon
|rule|OHKO Clause: OHKO moves are banned
|rule|Evasion Items Clause: Evasion items are banned
|rule|Evasion Moves Clause: Evasion moves are banned
|rule|Evasion Abilities Clause: Evasion abilities are banned
|rule|Sleep Moves Clause: Sleep-inducing moves are banned
|clearpoke
|poke|p1|Iron Treads|
|poke|p1|Raging Bolt|
|poke|p1|Samurott-Hisui, F|
|poke|p1|Ogerpon-Wellspring, F|
|poke|p1|Landorus-Therian, M|
|poke|p1|Iron Valiant|
|poke|p2|Ribombee, F|
|poke|p2|Gholdengo|
|poke|p2|Pecharunt|
|poke|p2|Samurott-Hisui, M|
|poke|p2|Raging Bolt|
|poke|p2|Braviary, M|
|teampreview
|inactive|Battle timer is ON: inactive players will automatically lose when time's up. (requested by rmpemeta)
|inactive|rmpemeta has 120 seconds left.
|
|t:|1769392782
|teamsize|p1|6
|teamsize|p2|6
|start
|switch|p1a: Iron Treads|Iron Treads|100/100
|switch|p2a: Samurott|Samurott-Hisui, M|100/100
|-enditem|p1a: Iron Treads|Booster Energy
|-activate|p1a: Iron Treads|ability: Quark Drive|[fromitem]
|-start|p1a: Iron Treads|quarkdrivespe
|turn|1
|
|t:|1769392795
|move|p1a: Iron Treads|Stealth Rock|p2a: Samurott
|-sidestart|p2: BayHarborClauncher|move: Stealth Rock
|move|p2a: Samurott|Razor Shell|p1a: Iron Treads
|-supereffective|p1a: Iron Treads
|-crit|p1a: Iron Treads
|-damage|p1a: Iron Treads|0 fnt
|faint|p1a: Iron Treads
|-end|p1a: Iron Treads|Quark Drive|[silent]
|
|upkeep
|
|t:|1769392809
|switch|p1a: Ogerpon|Ogerpon-Wellspring, F|100/100
|turn|2
|
|t:|1769392819
|switch|p2a: Pecharunt|Pecharunt|100/100
|-damage|p2a: Pecharunt|88/100|[from] Stealth Rock
|-item|p2a: Pecharunt|Air Balloon
|move|p1a: Ogerpon|Swords Dance|p1a: Ogerpon
|-boost|p1a: Ogerpon|atk|2
|
|upkeep
|turn|3
|
|t:|1769392828
|-terastallize|p1a: Ogerpon|Water
|detailschange|p1a: Ogerpon|Ogerpon-Wellspring-Tera, F, tera:Water
|-ability|p1a: Ogerpon|Embody Aspect (Wellspring)|boost
|-boost|p1a: Ogerpon|spd|1
|move|p1a: Ogerpon|Ivy Cudgel|p2a: Pecharunt|[anim] Ivy Cudgel Water
|-damage|p2a: Pecharunt|0 fnt
|-enditem|p2a: Pecharunt|Air Balloon
|faint|p2a: Pecharunt
|
|upkeep
|
|t:|1769392843
|switch|p2a: Raging Bolt|Raging Bolt|100/100
|-damage|p2a: Raging Bolt|88/100|[from] Stealth Rock
|turn|4
|
|t:|1769392851
|move|p1a: Ogerpon|Play Rough|p2a: Raging Bolt
|-supereffective|p2a: Raging Bolt
|-damage|p2a: Raging Bolt|0 fnt
|faint|p2a: Raging Bolt
|-end|p2a: Raging Bolt|Protosynthesis|[silent]
|
|upkeep
|
|t:|1769392861
|switch|p2a: Samurott|Samurott-Hisui, M|100/100
|-damage|p2a: Samurott|88/100|[from] Stealth Rock
|turn|5
|
|t:|1769392878
|-terastallize|p2a: Samurott|Fighting
|move|p1a: Ogerpon|Trailblaze|p2a: Samurott
|-damage|p2a: Samurott|18/100
|-boost|p1a: Ogerpon|spe|1
|move|p2a: Samurott|Sacred Sword|p1a: Ogerpon
|-damage|p1a: Ogerpon|0 fnt
|faint|p1a: Ogerpon
|detailschange|p1: Ogerpon|Ogerpon-Wellspring, F|[silent]
|
|upkeep
|
|t:|1769392894
|switch|p1a: Samurott|Samurott-Hisui, F, shiny|100/100
|turn|6
|
|t:|1769392901
|move|p1a: Samurott|Ceaseless Edge|p2a: Samurott
|-resisted|p2a: Samurott
|-damage|p2a: Samurott|0 fnt
|-sidestart|p2: BayHarborClauncher|Spikes
|faint|p2a: Samurott
|
|upkeep
|
|t:|1769392905
|switch|p2a: Ribombee|Ribombee, F|100/100
|-damage|p2a: Ribombee|76/100|[from] Stealth Rock
|-damage|p2a: Ribombee|63/100|[from] Spikes
|turn|7
|
|t:|1769392928
|switch|p1a: Landorus|Landorus-Therian, M|100/100
|-ability|p1a: Landorus|Intimidate|boost
|-unboost|p2a: Ribombee|atk|1
|move|p2a: Ribombee|Sticky Web|p1a: Landorus
|-sidestart|p1: rmpemeta|move: Sticky Web
|
|upkeep
|turn|8
|
|t:|1769392938
|move|p2a: Ribombee|Stun Spore|p1a: Landorus
|-status|p1a: Landorus|par
|move|p1a: Landorus|Stone Edge|p2a: Ribombee
|-supereffective|p2a: Ribombee
|-crit|p2a: Ribombee
|-damage|p2a: Ribombee|0 fnt
|faint|p2a: Ribombee
|
|upkeep
|
|t:|1769392950
|switch|p2a: Braviary|Braviary, M|100/100
|turn|9
|
|t:|1769392962
|move|p2a: Braviary|Bulk Up|p2a: Braviary
|-boost|p2a: Braviary|atk|1
|-boost|p2a: Braviary|def|1
|move|p1a: Landorus|U-turn|p2a: Braviary
|-resisted|p2a: Braviary
|-damage|p2a: Braviary|88/100
|
|t:|1769392972
|switch|p1a: Raging Bolt|Raging Bolt|100/100|[from] U-turn
|-activate|p1a: Raging Bolt|move: Sticky Web
|-unboost|p1a: Raging Bolt|spe|1
|
|upkeep
|turn|10
|
|t:|1769392981
|move|p2a: Braviary|Close Combat|p1a: Raging Bolt
|-damage|p1a: Raging Bolt|48/100
|-unboost|p2a: Braviary|def|1
|-unboost|p2a: Braviary|spd|1
|move|p1a: Raging Bolt|Thunderbolt|p2a: Braviary
|-supereffective|p2a: Braviary
|-damage|p2a: Braviary|0 fnt
|faint|p2a: Braviary
|
|upkeep
|
|t:|1769392984
|switch|p2a: Gholdengo|Gholdengo|100/100
|-damage|p2a: Gholdengo|94/100|[from] Stealth Rock
|-damage|p2a: Gholdengo|82/100|[from] Spikes
|turn|11
|-message|BayHarborClauncher forfeited.
|
|win|rmpemeta
|raw|rmpemeta's rating: 1390 &rarr; <strong>1408</strong><br />(+18 for winning)
|raw|BayHarborClauncher's rating: 1360 &rarr; <strong>1342</strong><br />(-18 for losing)
|l|☆BayHarborClauncher
|player|p2|
|l|☆rmpemeta
|player|p1|
