|j|☆dr pneuma
|j|☆audb
|t:|1769322784
|gametype|singles
|player|p1|dr pneuma|gambler|1073
|player|p2|audb|lass-gen4dp|1013
|gen|9
|tier|[Gen 9] OU
|rated|
|rule|HP Percentage Mod: HP is shown in percentages
|rule|Endless Battle Clause: Forcing endless battles is banned
|rule|Species Clause: Limit one of each Pokémon
|rule|OHKO Clause: OHKO moves are banned
|rule|Evasion Items Clause: Evasion items are banned
|rule|Evasion Moves Clause: Evasion moves are banned
|rule|Evasion Abilities Clause: Evasion abilities are banned
|rule|Sleep Moves Clause: Sleep-inducing moves are banned
|clearpoke
|poke|p1|Meowscarada, F|
|poke|p1|Dragonite, F|
|poke|p1|Inteleon, M|
|poke|p1|Raichu-Alola, F|
|poke|p1|Blaziken, M|
|poke|p1|Diancie|
|poke|p2|Thundurus-Therian, M|
|poke|p2|Meowscarada, F|
|poke|p2|Hatterene, F|
|poke|p2|Great Tusk|
|poke|p2|Toxapex, F|
|poke|p2|Slither Wing|
|teampreview
|inactive|Battle timer is ON: inactive players will automatically lose when time's up. (requested by dr pneuma)
|
|t:|1769322825
|teamsize|p1|6
|teamsize|p2|6
|start
|switch|p1a: Diancie|Diancie|100/100
|switch|p2a: Great Tusk|Great Tusk|100/100
|turn|1
|
|t:|1769322843
|move|p2a: Great Tusk|Headlong Rush|p1a: Diancie
|-supereffective|p1a: Diancie
|-damage|p1a: Diancie|15/100
|-unboost|p2a: Great Tusk|def|1
|-unboost|p2a: Great Tusk|spd|1
|move|p1a: Diancie|Moonblast|p2a: Great Tusk
|-supereffective|p2a: Great Tusk
|-crit|p2a: Great Tusk
|-damage|p2a: Great Tusk|0 fnt
|faint|p2a: Great Tusk
|-end|p2a: Great Tusk|Protosynthesis|[silent]
|
|-heal|p1a: Diancie|21/100|[from] item: Leftovers
|upkeep
|inactive|audb has 120 seconds left.
|
|t:|1769322870
|switch|p2a: Thundurus|Thundurus-Therian, M|100/100
|turn|2
|
|t:|1769322880
|move|p2a: Thundurus|Volt Switch|p1a: Diancie
|-damage|p1a: Diancie|0 fnt
|faint|p1a: Diancie
|inactive|audb has 120 seconds left.
|
|t:|1769322897
|switch|p2a: Meowscarada|Meowscarada, F|100/100|[from] Volt Switch
|
|upkeep
|
|t:|1769322903
|switch|p1a: Blaziken|Blaziken, M|100/100
|turn|3
|
|t:|1769322911
|move|p2a: Meowscarada|U-turn|p1a: Blaziken
|-start|p2a: Meowscarada|typechange|Bug|[from] ability: Protean
|-resisted|p1a: Blaziken
|-damage|p1a: Blaziken|88/100
|inactive|audb has 120 seconds left.
|
|t:|1769322931
|switch|p2a: Toxapex|Toxapex, F|100/100|[from] U-turn
|move|p1a: Blaziken|Blaze Kick|p2a: Toxapex|[miss]
|-miss|p1a: Blaziken|p2a: Toxapex
|
|-ability|p1a: Blaziken|Speed Boost|boost
|-boost|p1a: Blaziken|spe|1
|upkeep
|turn|4
|inactive|audb has 120 seconds left.
|
|t:|1769322944
|move|p1a: Blaziken|Swords Dance|p1a: Blaziken
|-boost|p1a: Blaziken|atk|2
|move|p2a: Toxapex|Surf|p1a: Blaziken
|-supereffective|p1a: Blaziken
|-damage|p1a: Blaziken|8/100
|-enditem|p1a: Blaziken|Salac Berry|[eat]
|-boost|p1a: Blaziken|spe|1|[from] item: Salac Berry
|
|-ability|p1a: Blaziken|Speed Boost|boost
|-boost|p1a: Blaziken|spe|1
|upkeep
|turn|5
|inactive|audb has 120 seconds left.
|
|t:|1769322961
|move|p1a: Blaziken|Close Combat|p2a: Toxapex
|-resisted|p2a: Toxapex
|-damage|p2a: Toxapex|49/100
|-unboost|p1a: Blaziken|def|1
|-unboost|p1a: Blaziken|spd|1
|move|p2a: Toxapex|Surf|p1a: Blaziken
|-supereffective|p1a: Blaziken
|-damage|p1a: Blaziken|0 fnt
|faint|p1a: Blaziken
|
|upkeep
|
|t:|1769322972
|switch|p1a: Raichu|Raichu-Alola, F|100/100
|-item|p1a: Raichu|Air Balloon
|turn|6
|inactive|audb has 120 seconds left.
|
|t:|1769322986
|switch|p2a: Thundurus|Thundurus-Therian, M|100/100
|move|p1a: Raichu|Discharge|p2a: Thundurus
|-immune|p2a: Thundurus|[from] ability: Volt Absorb
|
|upkeep
|turn|7
|inactive|audb has 120 seconds left.
|
|t:|1769323008
|move|p1a: Raichu|Nasty Plot|p1a: Raichu
|-boost|p1a: Raichu|spa|2
|move|p2a: Thundurus|Knock Off|p1a: Raichu
|-supereffective|p1a: Raichu
|-damage|p1a: Raichu|0 fnt
|-enditem|p1a: Raichu|Air Balloon
|faint|p1a: Raichu
|
|upkeep
|
|t:|1769323018
|switch|p1a: Dragonite|Dragonite, F|100/100
|turn|8
|
|t:|1769323028
|move|p2a: Thundurus|Knock Off|p1a: Dragonite
|-damage|p1a: Dragonite|87/100
|move|p1a: Dragonite|Dragon Dance|p1a: Dragonite
|-boost|p1a: Dragonite|atk|1
|-boost|p1a: Dragonite|spe|1
|
|upkeep
|turn|9
|inactive|audb has 120 seconds left.
|inactive|audb has 90 seconds left.
|
|t:|1769323073
|switch|p2a: Toxapex|Toxapex, F|83/100
|move|p1a: Dragonite|Dragon Dance|p1a: Dragonite
|-boost|p1a: Dragonite|atk|1
|-boost|p1a: Dragonite|spe|1
|
|upkeep
|turn|10
|
|t:|1769323085
|move|p1a: Dragonite|Dragon Claw|p2a: Toxapex
|-damage|p2a: Toxapex|9/100
|move|p2a: Toxapex|Acid Spray|p1a: Dragonite
|-damage|p1a: Dragonite|75/100
|-unboost|p1a: Dragonite|spd|2
|
|upkeep
|turn|11
|
|t:|1769323094
|move|p1a: Dragonite|Dragon Claw|p2a: Toxapex
|-damage|p2a: Toxapex|0 fnt
|faint|p2a: Toxapex
|
|upkeep
|
|t:|1769323114
|switch|p2a: Hatterene|Hatterene, F|100/100
|turn|12
|
|t:|1769323121
|move|p1a: Dragonite|Fire Punch|p2a: Hatterene
|-damage|p2a: Hatterene|53/100
|move|p2a: Hatterene|Draining Kiss|p1a: Dragonite
|-supereffective|p1a: Dragonite
|-damage|p1a: Dragonite|0 fnt
|-heal|p2a: Hatterene|100/100|[from] drain|[of] p1a: Dragonite
|faint|p1a: Dragonite
|
|upkeep
|
|t:|1769323138
|switch|p1a: Inteleon|Inteleon, M|100/100
|turn|13
|inactive|audb has 90 seconds left.
|
|t:|1769323168
|move|p1a: Inteleon|Snipe Shot|p2a: Hatterene
|-damage|p2a: Hatterene|52/100
|move|p2a: Hatterene|Nuzzle|p1a: Inteleon
|-supereffective|p1a: Inteleon
|-damage|p1a: Inteleon|85/100
|-status|p1a: Inteleon|par
|
|-heal|p2a: Hatterene|58/100|[from] item: Leftovers
|upkeep
|turn|14
|
|t:|1769323179
|move|p1a: Inteleon|Snipe Shot|p2a: Hatterene
|-damage|p2a: Hatterene|7/100
|move|p2a: Hatterene|Draining Kiss|p1a: Inteleon
|-crit|p1a: Inteleon
|-damage|p1a: Inteleon|31/100 par
|-heal|p2a: Hatterene|43/100|[from] drain|[of] p1a: Inteleon
|
|-heal|p2a: Hatterene|49/100|[from] item: Leftovers
|upkeep
|turn|15
|
|t:|1769323197
|switch|p2a: Meowscarada|Meowscarada, F|100/100
|move|p1a: Inteleon|Snipe Shot|p2a: Meowscarada
|-resisted|p2a: Meowscarada
|-damage|p2a: Meowscarada|60/100
|
|upkeep
|turn|16
|inactive|audb has 60 seconds left.
|
|t:|1769323217
|move|p2a: Meowscarada|U-turn|p1a: Inteleon
|-start|p2a: Meowscarada|typechange|Bug|[from] ability: Protean
|-damage|p1a: Inteleon|0 fnt
|faint|p1a: Inteleon
|
|t:|1769323225
|switch|p2a: Slither Wing|Slither Wing|100/100|[from] U-turn
|
|upkeep
|
|t:|1769323229
|switch|p1a: Meowscarada|Meowscarada, F|100/100
|turn|17
|inactive|audb has 60 seconds left.
|
|t:|1769323243
|-terastallize|p2a: Slither Wing|Steel
|move|p2a: Slither Wing|First Impression|p1a: Meowscarada
|-supereffective|p1a: Meowscarada
|-damage|p1a: Meowscarada|0 fnt
|faint|p1a: Meowscarada
|
|win|audb
|raw|dr pneuma's rating: 1073 &rarr; <strong>1048</strong><br />(-25 for losing)
|raw|audb's rating: 1013 &rarr; <strong>1058</strong><br />(+45 for winning)
|l|☆dr pneuma
|player|p1|
