|j|☆monclubmerendfou
|j|☆LZAAAFK
|t:|1769365546
|gametype|singles
|player|p1|monclubmerendfou|169|1120
|player|p2|LZAAAFK|barry|1118
|gen|9
|tier|[Gen 9] OU
|rated|
|rule|HP Percentage Mod: HP is shown in percentages
|rule|Endless Battle Clause: Forcing endless battles is banned
|rule|Species Clause: Limit one of each Pokémon
|rule|OHKO Clause: OHKO moves are banned
|rule|Evasion Items Clause: Evasion items are banned
|rule|Evasion Moves Clause: Evasion moves are banned
|rule|Evasion Abilities Clause: Evasion abilities are banned
|rule|Sleep Moves Clause: Sleep-inducing moves are banned
|clearpoke
|poke|p1|Gliscor, M|
|poke|p1|Dragonite, M|
|poke|p1|Zamazenta-*|
|poke|p1|Iron Valiant|
|poke|p1|Alomomola, F|
|poke|p1|Darkrai|
|poke|p2|Spidops, F|
|poke|p2|Passimian, M|
|poke|p2|Kingambit, M|
|poke|p2|Garchomp, M|
|poke|p2|Incineroar, M|
|poke|p2|Rotom-Wash|
|teampreview
|
|t:|1769365559
|teamsize|p1|6
|teamsize|p2|6
|start
|switch|p1a: Gliscor|Gliscor, M|100/100
|switch|p2a: Rotom|Rotom-Wash|100/100
|turn|1
|
|t:|1769365570
|move|p1a: Gliscor|Stealth Rock|p2a: Rotom
|-sidestart|p2: LZAAAFK|move: Stealth Rock
|move|p2a: Rotom|Will-O-Wisp|p1a: Gliscor
|-status|p1a: Gliscor|brn
|
|-damage|p1a: Gliscor|94/100 brn|[from] brn
|upkeep
|turn|2
|
|t:|1769365582
|move|p1a: Gliscor|Toxic|p2a: Rotom
|-status|p2a: Rotom|tox
|move|p2a: Rotom|Hydro Pump|p1a: Gliscor|[miss]
|-miss|p2a: Rotom|p1a: Gliscor
|
|-damage|p2a: Rotom|94/100 tox|[from] psn
|-damage|p1a: Gliscor|88/100 brn|[from] brn
|upkeep
|turn|3
|
|t:|1769365592
|move|p1a: Gliscor|Knock Off|p2a: Rotom
|-damage|p2a: Rotom|79/100 tox
|-enditem|p2a: Rotom|Leftovers|[from] move: Knock Off|[of] p1a: Gliscor
|move|p2a: Rotom|Hydro Pump|p1a: Gliscor
|-supereffective|p1a: Gliscor
|-damage|p1a: Gliscor|0 fnt
|faint|p1a: Gliscor
|
|-damage|p2a: Rotom|67/100 tox|[from] psn
|upkeep
|
|t:|1769365609
|switch|p1a: Darkrai|Darkrai|100/100
|turn|4
|
|t:|1769365615
|move|p1a: Darkrai|Dark Pulse|p2a: Rotom
|-damage|p2a: Rotom|0 fnt
|faint|p2a: Rotom
|-damage|p1a: Darkrai|91/100|[from] item: Life Orb
|
|upkeep
|
|t:|1769365620
|switch|p2a: Passimian|Passimian, M|100/100
|-damage|p2a: Passimian|94/100|[from] Stealth Rock
|turn|5
|
|t:|1769365631
|switch|p1a: Iron Valiant|Iron Valiant|100/100
|-enditem|p1a: Iron Valiant|Booster Energy
|-activate|p1a: Iron Valiant|ability: Quark Drive|[fromitem]
|-start|p1a: Iron Valiant|quarkdrivespe
|move|p2a: Passimian|Drain Punch|p1a: Iron Valiant
|-resisted|p1a: Iron Valiant
|-damage|p1a: Iron Valiant|74/100
|-heal|p2a: Passimian|100/100|[from] drain|[of] p1a: Iron Valiant
|
|upkeep
|turn|6
|
|t:|1769365644
|-terastallize|p2a: Passimian|Steel
|move|p1a: Iron Valiant|Calm Mind|p1a: Iron Valiant
|-boost|p1a: Iron Valiant|spa|1
|-boost|p1a: Iron Valiant|spd|1
|move|p2a: Passimian|Acrobatics|p1a: Iron Valiant
|-supereffective|p1a: Iron Valiant
|-damage|p1a: Iron Valiant|20/100
|
|upkeep
|turn|7
|
|t:|1769365656
|move|p1a: Iron Valiant|Shadow Ball|p2a: Passimian
|-damage|p2a: Passimian|46/100
|move|p2a: Passimian|Acrobatics|p1a: Iron Valiant
|-supereffective|p1a: Iron Valiant
|-damage|p1a: Iron Valiant|0 fnt
|faint|p1a: Iron Valiant
|-end|p1a: Iron Valiant|Quark Drive|[silent]
|
|upkeep
|
|t:|1769365667
|switch|p1a: Zamazenta|Zamazenta|100/100
|-ability|p1a: Zamazenta|Dauntless Shield|boost
|-boost|p1a: Zamazenta|def|1
|turn|8
|
|t:|1769365678
|move|p1a: Zamazenta|Iron Defense|p1a: Zamazenta
|-boost|p1a: Zamazenta|def|2
|move|p2a: Passimian|Acrobatics|p1a: Zamazenta
|-supereffective|p1a: Zamazenta
|-damage|p1a: Zamazenta|87/100
|
|-heal|p1a: Zamazenta|93/100|[from] item: Leftovers
|upkeep
|turn|9
|
|t:|1769365689
|move|p1a: Zamazenta|Body Press|p2a: Passimian
|-supereffective|p2a: Passimian
|-damage|p2a: Passimian|0 fnt
|faint|p2a: Passimian
|
|-heal|p1a: Zamazenta|99/100|[from] item: Leftovers
|upkeep
|
|t:|1769365695
|switch|p2a: Spidops|Spidops, F|100/100
|-damage|p2a: Spidops|76/100|[from] Stealth Rock
|turn|10
|
|t:|1769365704
|move|p1a: Zamazenta|Body Press|p2a: Spidops
|-resisted|p2a: Spidops
|-damage|p2a: Spidops|27/100
|move|p2a: Spidops|Sticky Web|p1a: Zamazenta
|-sidestart|p1: monclubmerendfou|move: Sticky Web
|
|-heal|p1a: Zamazenta|100/100|[from] item: Leftovers
|upkeep
|turn|11
|inactive|Battle timer is ON: inactive players will automatically lose when time's up. (requested by LZAAAFK)
|
|t:|1769365743
|move|p2a: Spidops|Silk Trap|p2a: Spidops
|-singleturn|p2a: Spidops|Protect
|move|p1a: Zamazenta|Body Press|p2a: Spidops
|-activate|p2a: Spidops|move: Protect
|-unboost|p1a: Zamazenta|spe|1
|
|upkeep
|turn|12
|
|t:|1769365751
|move|p1a: Zamazenta|Body Press|p2a: Spidops
|-resisted|p2a: Spidops
|-damage|p2a: Spidops|0 fnt
|faint|p2a: Spidops
|
|upkeep
|
|t:|1769365760
|switch|p2a: Garchomp|Garchomp, M|100/100
|-damage|p2a: Garchomp|94/100|[from] Stealth Rock
|turn|13
|
|t:|1769365767
|move|p1a: Zamazenta|Iron Defense|p1a: Zamazenta
|-boost|p1a: Zamazenta|def|2
|move|p2a: Garchomp|Dragon Tail|p1a: Zamazenta
|-damage|p1a: Zamazenta|93/100
|drag|p1a: Darkrai|Darkrai|91/100
|-activate|p1a: Darkrai|move: Sticky Web
|-unboost|p1a: Darkrai|spe|1
|
|upkeep
|turn|14
|
|t:|1769365781
|move|p2a: Garchomp|Stealth Rock|p1a: Darkrai
|-sidestart|p1: monclubmerendfou|move: Stealth Rock
|move|p1a: Darkrai|Ice Beam|p2a: Garchomp
|-supereffective|p2a: Garchomp
|-damage|p2a: Garchomp|0 fnt
|faint|p2a: Garchomp
|-damage|p1a: Darkrai|81/100|[from] item: Life Orb
|
|upkeep
|
|t:|1769365789
|switch|p2a: Incineroar|Incineroar, M, shiny|100/100
|-damage|p2a: Incineroar|76/100|[from] Stealth Rock
|-ability|p2a: Incineroar|Intimidate|boost
|-unboost|p1a: Darkrai|atk|1
|turn|15
|
|t:|1769365801
|move|p1a: Darkrai|Focus Blast|p2a: Incineroar
|-supereffective|p2a: Incineroar
|-damage|p2a: Incineroar|0 fnt
|faint|p2a: Incineroar
|-damage|p1a: Darkrai|71/100|[from] item: Life Orb
|
|upkeep
|
|t:|1769365807
|switch|p2a: Kingambit|Kingambit, M|100/100
|-damage|p2a: Kingambit|94/100|[from] Stealth Rock
|-activate|p2a: Kingambit|ability: Supreme Overlord
|-start|p2a: Kingambit|fallen5|[silent]
|turn|16
|
|t:|1769365819
|move|p2a: Kingambit|Sucker Punch|p1a: Darkrai
|-resisted|p1a: Darkrai
|-damage|p1a: Darkrai|14/100
|-damage|p2a: Kingambit|84/100|[from] item: Life Orb
|move|p1a: Darkrai|Focus Blast|p2a: Kingambit
|-supereffective|p2a: Kingambit
|-damage|p2a: Kingambit|0 fnt
|faint|p2a: Kingambit
|-end|p2a: Kingambit|fallen5|[silent]
|-damage|p1a: Darkrai|4/100|[from] item: Life Orb
|
|win|monclubmerendfou
|raw|monclubmerendfou's rating: 1120 &rarr; <strong>1145</strong><br />(+25 for winning)
|raw|LZAAAFK's rating: 1118 &rarr; <strong>1093</strong><br />(-25 for losing)
|l|☆LZAAAFK
|player|p2|
