|j|☆SussyMeatballer
|j|☆pokex265
|t:|1769367406
|gametype|singles
|player|p1|SussyMeatballer|pokefan-gen4|1331
|player|p2|pokex265|dahlia|1400
|gen|9
|tier|[Gen 9] OU
|rated|
|rule|HP Percentage Mod: HP is shown in percentages
|rule|Endless Battle Clause: Forcing endless battles is banned
|rule|Species Clause: Limit one of each Pokémon
|rule|OHKO Clause: OHKO moves are banned
|rule|Evasion Items Clause: Evasion items are banned
|rule|Evasion Moves Clause: Evasion moves are banned
|rule|Evasion Abilities Clause: Evasion abilities are banned
|rule|Sleep Moves Clause: Sleep-inducing moves are banned
|clearpoke
|poke|p1|Dragonite, F|
|poke|p1|Clefable, F|
|poke|p1|Blastoise, M|
|poke|p1|Pikachu, F|
|poke|p1|Gengar, M|
|poke|p1|Arcanine, M|
|poke|p2|Torkoal, M|
|poke|p2|Walking Wake|
|poke|p2|Great Tusk|
|poke|p2|Enamorus, F|
|poke|p2|Zarude|
|poke|p2|Slowking-Galar, M|
|teampreview
|inactive|Battle timer is ON: inactive players will automatically lose when time's up. (requested by SussyMeatballer)
|inactive|pokex265 has 120 seconds left.
|
|t:|1769367449
|teamsize|p1|6
|teamsize|p2|6
|start
|switch|p1a: Star Baby|Clefable, F|100/100
|switch|p2a: Su1cune|Walking Wake|100/100
|turn|1
|
|t:|1769367456
|move|p2a: Su1cune|Flip Turn|p1a: Star Baby
|-crit|p1a: Star Baby
|-damage|p1a: Star Baby|72/100
|-damage|p2a: Su1cune|84/100|[from] item: Rocky Helmet|[of] p1a: Star Baby
|
|t:|1769367483
|-end|p2a: Su1cune|Protosynthesis|[silent]
|switch|p2a: Kupa|Torkoal, M|100/100|[from] Flip Turn
|-weather|SunnyDay|[from] ability: Drought|[of] p2a: Kupa
|move|p1a: Star Baby|Thunder Wave|p2a: Kupa
|-status|p2a: Kupa|par
|
|-weather|SunnyDay|[upkeep]
|upkeep
|turn|2
|
|t:|1769367494
|move|p1a: Star Baby|Stealth Rock|p2a: Kupa
|-sidestart|p2: pokex265|move: Stealth Rock
|move|p2a: Kupa|Stealth Rock|p1a: Star Baby
|-sidestart|p1: SussyMeatballer|move: Stealth Rock
|
|-weather|SunnyDay|[upkeep]
|upkeep
|turn|3
|
|t:|1769367502
|move|p1a: Star Baby|Knock Off|p2a: Kupa
|-damage|p2a: Kupa|90/100 par
|-enditem|p2a: Kupa|Heat Rock|[from] move: Knock Off|[of] p1a: Star Baby
|cant|p2a: Kupa|par
|
|-weather|SunnyDay|[upkeep]
|upkeep
|turn|4
|
|t:|1769367508
|move|p1a: Star Baby|Encore|p2a: Kupa
|-start|p2a: Kupa|Encore
|move|p2a: Kupa|Stealth Rock||[still]
|-fail|p2a: Kupa
|
|-weather|SunnyDay|[upkeep]
|upkeep
|turn|5
|
|t:|1769367518
|switch|p1a: Hero Arc|Arcanine, M|100/100
|-damage|p1a: Hero Arc|76/100|[from] Stealth Rock
|switch|p2a: Bonecrusher|Great Tusk|100/100
|-damage|p2a: Bonecrusher|98/100|[from] Stealth Rock
|-activate|p2a: Bonecrusher|ability: Protosynthesis
|-start|p2a: Bonecrusher|protosynthesisatk
|
|-weather|SunnyDay|[upkeep]
|upkeep
|turn|6
|
|t:|1769367529
|move|p1a: Hero Arc|Flare Blitz|p2a: Bonecrusher
|-damage|p2a: Bonecrusher|12/100
|-damage|p1a: Hero Arc|43/100|[from] Recoil
|-damage|p1a: Hero Arc|33/100|[from] item: Life Orb
|move|p2a: Bonecrusher|Rapid Spin|p1a: Hero Arc
|-damage|p1a: Hero Arc|4/100
|-boost|p2a: Bonecrusher|spe|1
|-sideend|p2: pokex265|Stealth Rock|[from] move: Rapid Spin|[of] p2a: Bonecrusher
|
|-weather|SunnyDay|[upkeep]
|upkeep
|turn|7
|
|t:|1769367540
|-end|p2a: Bonecrusher|Protosynthesis|[silent]
|switch|p2a: Kupa|Torkoal, M|90/100 par
|move|p1a: Hero Arc|Extreme Speed|p2a: Kupa
|-damage|p2a: Kupa|71/100 par
|-damage|p1a: Hero Arc|0 fnt|[from] item: Life Orb
|faint|p1a: Hero Arc
|
|-weather|SunnyDay|[upkeep]
|upkeep
|
|t:|1769367548
|switch|p1a: Turtle|Blastoise, M|100/100
|-damage|p1a: Turtle|88/100|[from] Stealth Rock
|turn|8
|
|t:|1769367552
|move|p1a: Turtle|Rapid Spin|p2a: Kupa
|-damage|p2a: Kupa|62/100 par
|-boost|p1a: Turtle|spe|1
|-sideend|p1: SussyMeatballer|Stealth Rock|[from] move: Rapid Spin|[of] p1a: Turtle
|cant|p2a: Kupa|par
|
|-weather|none
|upkeep
|turn|9
|
|t:|1769367559
|switch|p2a: Slow-bro|Slowking-Galar, M|100/100
|move|p1a: Turtle|Shell Smash|p1a: Turtle
|-unboost|p1a: Turtle|def|1
|-unboost|p1a: Turtle|spd|1
|-boost|p1a: Turtle|atk|2
|-boost|p1a: Turtle|spa|2
|-boost|p1a: Turtle|spe|2
|-enditem|p1a: Turtle|White Herb
|-clearnegativeboost|p1a: Turtle|[silent]
|
|upkeep
|turn|10
|
|t:|1769367568
|move|p1a: Turtle|Liquidation|p2a: Slow-bro
|-damage|p2a: Slow-bro|29/100
|move|p2a: Slow-bro|Thunder Wave|p1a: Turtle
|-status|p1a: Turtle|par
|
|-heal|p2a: Slow-bro|35/100|[from] item: Leftovers
|upkeep
|turn|11
|
|t:|1769367578
|switch|p2a: Kupa|Torkoal, M|62/100 par
|-weather|SunnyDay|[from] ability: Drought|[of] p2a: Kupa
|move|p1a: Turtle|Shell Smash|p1a: Turtle
|-unboost|p1a: Turtle|def|1
|-unboost|p1a: Turtle|spd|1
|-boost|p1a: Turtle|atk|2
|-boost|p1a: Turtle|spa|2
|-boost|p1a: Turtle|spe|2
|
|-weather|SunnyDay|[upkeep]
|upkeep
|turn|12
|
|t:|1769367584
|move|p1a: Turtle|Liquidation|p2a: Kupa
|-supereffective|p2a: Kupa
|-damage|p2a: Kupa|0 fnt
|faint|p2a: Kupa
|
|-weather|SunnyDay|[upkeep]
|upkeep
|
|t:|1769367587
|switch|p2a: Cesar|Zarude|100/100
|turn|13
|
|t:|1769367591
|move|p1a: Turtle|Ice Spinner|p2a: Cesar
|-supereffective|p2a: Cesar
|-damage|p2a: Cesar|0 fnt
|faint|p2a: Cesar
|
|-weather|SunnyDay|[upkeep]
|upkeep
|
|t:|1769367595
|switch|p2a: Su1cune|Walking Wake|84/100
|-activate|p2a: Su1cune|ability: Protosynthesis
|-start|p2a: Su1cune|protosynthesisspa
|turn|14
|
|t:|1769367600
|move|p2a: Su1cune|Draco Meteor|p1a: Turtle
|-damage|p1a: Turtle|0 fnt
|-unboost|p2a: Su1cune|spa|2
|faint|p1a: Turtle
|
|-weather|SunnyDay|[upkeep]
|upkeep
|
|t:|1769367608
|switch|p1a: Star Baby|Clefable, F|72/100
|turn|15
|
|t:|1769367613
|-end|p2a: Su1cune|Protosynthesis|[silent]
|switch|p2a: Slow-bro|Slowking-Galar, M|68/100
|move|p1a: Star Baby|Stealth Rock|p2a: Slow-bro
|-sidestart|p2: pokex265|move: Stealth Rock
|
|-weather|none
|-heal|p2a: Slow-bro|74/100|[from] item: Leftovers
|upkeep
|turn|16
|
|t:|1769367623
|move|p1a: Star Baby|Knock Off|p2a: Slow-bro
|-supereffective|p2a: Slow-bro
|-damage|p2a: Slow-bro|38/100
|-enditem|p2a: Slow-bro|Leftovers|[from] move: Knock Off|[of] p1a: Star Baby
|move|p2a: Slow-bro|Future Sight|p1a: Star Baby
|-start|p2a: Slow-bro|move: Future Sight
|
|upkeep
|turn|17
|
|t:|1769367629
|switch|p2a: Su1cune|Walking Wake|84/100
|-damage|p2a: Su1cune|72/100|[from] Stealth Rock
|move|p1a: Star Baby|Knock Off|p2a: Su1cune
|-damage|p2a: Su1cune|53/100
|-enditem|p2a: Su1cune|Choice Scarf|[from] move: Knock Off|[of] p1a: Star Baby
|
|upkeep
|turn|18
|
|t:|1769367637
|move|p2a: Su1cune|Flip Turn|p1a: Star Baby
|-damage|p1a: Star Baby|53/100
|-damage|p2a: Su1cune|36/100|[from] item: Rocky Helmet|[of] p1a: Star Baby
|
|t:|1769367641
|-end|p2a: Su1cune|Protosynthesis|[silent]
|switch|p2a: Slow-bro|Slowking-Galar, M|71/100|[from] Flip Turn
|-damage|p2a: Slow-bro|59/100|[from] Stealth Rock
|move|p1a: Star Baby|Thunder Wave|p2a: Slow-bro
|-status|p2a: Slow-bro|par
|
|-end|p1a: Star Baby|move: Future Sight
|-damage|p1a: Star Baby|22/100
|upkeep
|turn|19
|
|t:|1769367653
|move|p1a: Star Baby|Knock Off|p2a: Slow-bro
|-supereffective|p2a: Slow-bro
|-damage|p2a: Slow-bro|35/100 par
|move|p2a: Slow-bro|Thunder Wave|p1a: Star Baby
|-status|p1a: Star Baby|par
|
|upkeep
|turn|20
|
|t:|1769367659
|switch|p2a: Su1cune|Walking Wake|36/100
|-damage|p2a: Su1cune|24/100|[from] Stealth Rock
|cant|p1a: Star Baby|par
|
|upkeep
|turn|21
|
|t:|1769367666
|move|p2a: Su1cune|Hydro Steam|p1a: Star Baby
|-damage|p1a: Star Baby|0 fnt
|faint|p1a: Star Baby
|
|upkeep
|
|t:|1769367671
|switch|p1a: Wispy Woods|Gengar, M|100/100
|turn|22
|
|t:|1769367680
|move|p1a: Wispy Woods|Shadow Ball|p2a: Su1cune
|-damage|p2a: Su1cune|0 fnt
|faint|p2a: Su1cune
|-end|p2a: Su1cune|Protosynthesis|[silent]
|
|upkeep
|
|t:|1769367687
|switch|p2a: Aphrodite|Enamorus, F|100/100
|turn|23
|
|t:|1769367690
|-terastallize|p2a: Aphrodite|Stellar
|move|p1a: Wispy Woods|Shadow Ball|p2a: Aphrodite
|-damage|p2a: Aphrodite|9/100
|move|p2a: Aphrodite|Tera Blast|p1a: Wispy Woods|[anim] Tera Blast Stellar
|-damage|p1a: Wispy Woods|32/100
|-boost|p2a: Aphrodite|atk|1
|-boost|p2a: Aphrodite|spa|1
|-start|p2a: Aphrodite|Disable|Tera Blast|[from] ability: Cursed Body|[of] p1a: Wispy Woods
|
|upkeep
|turn|24
|-message|pokex265 forfeited.
|
|win|SussyMeatballer
|raw|SussyMeatballer's rating: 1331 &rarr; <strong>1355</strong><br />(+24 for winning)
|raw|pokex265's rating: 1400 &rarr; <strong>1376</strong><br />(-24 for losing)
|l|☆pokex265
|player|p2|
|l|☆SussyMeatballer
|player|p1|
