|j|☆sbl66666
|j|‽SpeedySebas
|t:|1769397815
|gametype|singles
|player|p1|sbl66666|2|1040
|player|p2|SpeedySebas|102|1095
|gen|9
|tier|[Gen 9] OU
|rated|
|rule|HP Percentage Mod: HP is shown in percentages
|rule|Endless Battle Clause: Forcing endless battles is banned
|rule|Species Clause: Limit one of each Pokémon
|rule|OHKO Clause: OHKO moves are banned
|rule|Evasion Items Clause: Evasion items are banned
|rule|Evasion Moves Clause: Evasion moves are banned
|rule|Evasion Abilities Clause: Evasion abilities are banned
|rule|Sleep Moves Clause: Sleep-inducing moves are banned
|clearpoke
|poke|p1|Landorus-Therian, M|
|poke|p1|Cinderace, M|
|poke|p1|Alomomola, M|
|poke|p1|Chesnaught, F|
|poke|p1|Slowking-Galar, F|
|poke|p1|Iron Valiant|
|poke|p2|Oinkologne, M|
|poke|p2|Slaking, F|
|poke|p2|Grimmsnarl, M|
|poke|p2|Pawmot, M|
|poke|p2|Skeledirge, F|
|poke|p2|Kingambit, F|
|teampreview
|j| tars0
|
|t:|1769397835
|teamsize|p1|6
|teamsize|p2|6
|start
|switch|p1a: Iron Valiant|Iron Valiant|100/100
|switch|p2a: Grimmsnarl|Grimmsnarl, M|100/100
|turn|1
|inactive|Battle timer is ON: inactive players will automatically lose when time's up. (requested by sbl66666)
|
|t:|1769397868
|move|p2a: Grimmsnarl|Light Screen|p2a: Grimmsnarl
|-sidestart|p2: SpeedySebas|move: Light Screen
|move|p1a: Iron Valiant|Swords Dance|p1a: Iron Valiant
|-boost|p1a: Iron Valiant|atk|2
|
|upkeep
|turn|2
|
|t:|1769397883
|move|p2a: Grimmsnarl|Reflect|p2a: Grimmsnarl
|-sidestart|p2: SpeedySebas|Reflect
|move|p1a: Iron Valiant|Close Combat|p2a: Grimmsnarl
|-damage|p2a: Grimmsnarl|49/100
|-unboost|p1a: Iron Valiant|def|1
|-unboost|p1a: Iron Valiant|spd|1
|
|upkeep
|turn|3
|
|t:|1769397890
|move|p2a: Grimmsnarl|Parting Shot|p1a: Iron Valiant
|-unboost|p1a: Iron Valiant|atk|1
|-unboost|p1a: Iron Valiant|spa|1
|
|t:|1769397894
|switch|p2a: Oinkologne|Oinkologne, M|100/100|[from] Parting Shot
|move|p1a: Iron Valiant|Swords Dance|p1a: Iron Valiant
|-boost|p1a: Iron Valiant|atk|2
|
|upkeep
|turn|4
|
|t:|1769397907
|move|p2a: Oinkologne|Endure|p2a: Oinkologne
|-singleturn|p2a: Oinkologne|move: Endure
|move|p1a: Iron Valiant|Close Combat|p2a: Oinkologne
|-supereffective|p2a: Oinkologne
|-activate|p2a: Oinkologne|move: Endure
|-damage|p2a: Oinkologne|1/100
|-unboost|p1a: Iron Valiant|def|1
|-unboost|p1a: Iron Valiant|spd|1
|-end|p1a: Iron Valiant|Quark Drive|[silent]
|-ability|p1a: Iron Valiant|Lingering Aroma|Quark Drive|[from] ability: Lingering Aroma|[of] p2a: Oinkologne
|-activate|p2a: Oinkologne|ability: Lingering Aroma|Quark Drive|[of] p1a: Iron Valiant
|-enditem|p2a: Oinkologne|Eject Button
|
|t:|1769397921
|switch|p2a: Slaking|Slaking, F|100/100
|
|upkeep
|turn|5
|
|t:|1769397934
|move|p1a: Iron Valiant|Close Combat|p2a: Slaking
|-supereffective|p2a: Slaking
|-damage|p2a: Slaking|0 fnt
|-unboost|p1a: Iron Valiant|def|1
|-unboost|p1a: Iron Valiant|spd|1
|faint|p2a: Slaking
|
|upkeep
|-message|SpeedySebas forfeited.
|
|win|sbl66666
|raw|sbl66666's rating: 1040 &rarr; <strong>1079</strong><br />(+39 for winning)
|raw|SpeedySebas's rating: 1095 &rarr; <strong>1067</strong><br />(-28 for losing)
|l|‽SpeedySebas
|player|p2|
|l| tars0
