|j|☆mewcrr
|j|☆Moltov91
|t:|1769422515
|gametype|singles
|player|p1|mewcrr|265|1123
|player|p2|Moltov91|102|1156
|gen|9
|tier|[Gen 9] OU
|rated|
|rule|HP Percentage Mod: HP is shown in percentages
|rule|Endless Battle Clause: Forcing endless battles is banned
|rule|Species Clause: Limit one of each Pokémon
|rule|OHKO Clause: OHKO moves are banned
|rule|Evasion Items Clause: Evasion items are banned
|rule|Evasion Moves Clause: Evasion moves are banned
|rule|Evasion Abilities Clause: Evasion abilities are banned
|rule|Sleep Moves Clause: Sleep-inducing moves are banned
|clearpoke
|poke|p1|Iron Moth|
|poke|p1|Darkrai|
|poke|p1|Tyranitar, F|
|poke|p1|Tornadus-Therian, M|
|poke|p1|Hydrapple, M|
|poke|p1|Toxapex, M|
|poke|p2|Weavile, F|
|poke|p2|Donphan, M|
|poke|p2|Garchomp, M|
|poke|p2|Heatran, F|
|poke|p2|Slowking, M|
|poke|p2|Jolteon, F|
|teampreview
|
|t:|1769422518
|teamsize|p1|6
|teamsize|p2|6
|start
|switch|p1a: Iron Moth|Iron Moth|100/100
|switch|p2a: Donphan|Donphan, M|100/100
|turn|1
|
|t:|1769422530
|move|p1a: Iron Moth|U-turn|p2a: Donphan
|-damage|p2a: Donphan|94/100
|
|t:|1769422533
|-end|p1a: Iron Moth|Quark Drive|[silent]
|switch|p1a: Darkrai|Darkrai|100/100|[from] U-turn
|move|p2a: Donphan|Stealth Rock|p1a: Darkrai
|-sidestart|p1: mewcrr|move: Stealth Rock
|
|upkeep
|turn|2
|
|t:|1769422547
|switch|p2a: Garchomp|Garchomp, M|100/100
|move|p1a: Darkrai|Ice Beam|p2a: Garchomp
|-supereffective|p2a: Garchomp
|-damage|p2a: Garchomp|0 fnt
|faint|p2a: Garchomp
|
|upkeep
|
|t:|1769422555
|switch|p2a: Weavile|Weavile, F|100/100
|turn|3
|
|t:|1769422561
|switch|p1a: Iron Moth|Iron Moth|100/100
|-damage|p1a: Iron Moth|76/100|[from] Stealth Rock
|move|p2a: Weavile|Low Kick|p1a: Iron Moth
|-resisted|p1a: Iron Moth
|-damage|p1a: Iron Moth|49/100
|
|upkeep
|turn|4
|
|t:|1769422571
|switch|p2a: Slowking|Slowking, M|100/100
|move|p1a: Iron Moth|Flamethrower|p2a: Slowking
|-resisted|p2a: Slowking
|-damage|p2a: Slowking|85/100
|
|upkeep
|turn|5
|
|t:|1769422578
|move|p1a: Iron Moth|Flamethrower|p2a: Slowking
|-resisted|p2a: Slowking
|-damage|p2a: Slowking|71/100
|-status|p2a: Slowking|brn
|move|p2a: Slowking|Scald|p1a: Iron Moth
|-supereffective|p1a: Iron Moth
|-damage|p1a: Iron Moth|0 fnt
|faint|p1a: Iron Moth
|-end|p1a: Iron Moth|Quark Drive|[silent]
|
|-damage|p2a: Slowking|65/100 brn|[from] brn
|upkeep
|
|t:|1769422587
|switch|p1a: Darkrai|Darkrai|100/100
|-damage|p1a: Darkrai|88/100|[from] Stealth Rock
|turn|6
|inactive|Battle timer is ON: inactive players will automatically lose when time's up. (requested by Moltov91)
|
|t:|1769422597
|switch|p2a: Donphan|Donphan, M|94/100
|move|p1a: Darkrai|Dark Pulse|p2a: Donphan
|-damage|p2a: Donphan|38/100
|
|upkeep
|turn|7
|
|t:|1769422603
|move|p1a: Darkrai|Dark Pulse|p2a: Donphan
|-damage|p2a: Donphan|0 fnt
|faint|p2a: Donphan
|
|upkeep
|
|t:|1769422608
|switch|p2a: Jolteon|Jolteon, F|100/100
|turn|8
|
|t:|1769422619
|move|p1a: Darkrai|Dark Pulse|p2a: Jolteon
|-damage|p2a: Jolteon|46/100
|cant|p2a: Jolteon|flinch
|
|upkeep
|turn|9
|
|t:|1769422625
|move|p1a: Darkrai|Dark Pulse|p2a: Jolteon
|-damage|p2a: Jolteon|0 fnt
|faint|p2a: Jolteon
|
|upkeep
|
|t:|1769422629
|switch|p2a: Weavile|Weavile, F|100/100
|turn|10
|
|t:|1769422636
|move|p1a: Darkrai|Dark Pulse|p2a: Weavile
|-resisted|p2a: Weavile
|-damage|p2a: Weavile|70/100
|move|p2a: Weavile|Low Kick|p1a: Darkrai
|-supereffective|p1a: Darkrai
|-damage|p1a: Darkrai|0 fnt
|faint|p1a: Darkrai
|
|upkeep
|
|t:|1769422643
|switch|p1a: Toxapex|Toxapex, M|100/100
|-damage|p1a: Toxapex|88/100|[from] Stealth Rock
|turn|11
|
|t:|1769422649
|switch|p2a: Heatran|Heatran, F|100/100
|move|p1a: Toxapex|Toxic|p2a: Heatran
|-immune|p2a: Heatran
|
|-heal|p1a: Toxapex|94/100|[from] item: Black Sludge
|upkeep
|turn|12
|
|t:|1769422656
|move|p2a: Heatran|Earth Power|p1a: Toxapex
|-supereffective|p1a: Toxapex
|-damage|p1a: Toxapex|39/100
|move|p1a: Toxapex|Toxic Spikes|p2a: Heatran
|-sidestart|p2: Moltov91|move: Toxic Spikes
|
|-heal|p1a: Toxapex|45/100|[from] item: Black Sludge
|upkeep
|turn|13
|
|t:|1769422665
|switch|p1a: Tornadus|Tornadus-Therian, M|100/100
|-damage|p1a: Tornadus|76/100|[from] Stealth Rock
|move|p2a: Heatran|Earth Power|p1a: Tornadus
|-immune|p1a: Tornadus
|
|upkeep
|turn|14
|
|t:|1769422672
|move|p1a: Tornadus|Knock Off|p2a: Heatran
|-damage|p2a: Heatran|83/100
|-enditem|p2a: Heatran|Heavy-Duty Boots|[from] move: Knock Off|[of] p1a: Tornadus
|move|p2a: Heatran|Magma Storm|p1a: Tornadus
|-damage|p1a: Tornadus|37/100
|-activate|p1a: Tornadus|move: Magma Storm|[of] p2a: Heatran
|
|-damage|p1a: Tornadus|25/100|[from] move: Magma Storm|[partiallytrapped]
|upkeep
|turn|15
|
|t:|1769422679
|move|p1a: Tornadus|U-turn|p2a: Heatran
|-resisted|p2a: Heatran
|-damage|p2a: Heatran|81/100
|
|t:|1769422686
|switch|p1a: Toxapex|Toxapex, M|78/100|[from] U-turn
|-damage|p1a: Toxapex|66/100|[from] Stealth Rock
|move|p2a: Heatran|Flash Cannon|p1a: Toxapex
|-resisted|p1a: Toxapex
|-damage|p1a: Toxapex|46/100
|
|-heal|p1a: Toxapex|52/100|[from] item: Black Sludge
|upkeep
|turn|16
|
|t:|1769422694
|move|p2a: Heatran|Earth Power|p1a: Toxapex
|-supereffective|p1a: Toxapex
|-damage|p1a: Toxapex|0 fnt
|faint|p1a: Toxapex
|
|upkeep
|-message|mewcrr forfeited.
|
|win|Moltov91
|raw|mewcrr's rating: 1123 &rarr; <strong>1100</strong><br />(-23 for losing)
|raw|Moltov91's rating: 1156 &rarr; <strong>1179</strong><br />(+23 for winning)
|l|☆mewcrr
|player|p1|
|l|☆Moltov91
|player|p2|
