|j|☆capt.once
|j|☆tudzo
|t:|1769430176
|gametype|singles
|player|p1|capt.once|clerkf|1276
|player|p2|tudzo|wattson|1225
|gen|9
|tier|[Gen 9] OU
|rated|
|rule|HP Percentage Mod: HP is shown in percentages
|rule|Endless Battle Clause: Forcing endless battles is banned
|rule|Species Clause: Limit one of each Pokémon
|rule|OHKO Clause: OHKO moves are banned
|rule|Evasion Items Clause: Evasion items are banned
|rule|Evasion Moves Clause: Evasion moves are banned
|rule|Evasion Abilities Clause: Evasion abilities are banned
|rule|Sleep Moves Clause: Sleep-inducing moves are banned
|clearpoke
|poke|p1|Samurott-Hisui, M|
|poke|p1|Salamence, F|
|poke|p1|Abomasnow, F|
|poke|p1|Glimmora, F|
|poke|p1|Iron Valiant|
|poke|p1|Iron Hands|
|poke|p2|Gholdengo|
|poke|p2|Tinkaton, F|
|poke|p2|Gliscor, M|
|poke|p2|Corviknight, F|
|poke|p2|Blissey, F|
|poke|p2|Amoonguss, F|
|teampreview
|inactive|Battle timer is ON: inactive players will automatically lose when time's up. (requested by capt.once)
|c|☆tudzo|feel the wrath of my johns.
|
|t:|1769430186
|teamsize|p1|6
|teamsize|p2|6
|start
|switch|p1a: Samurott|Samurott-Hisui, M|100/100
|switch|p2a: Johnscor|Gliscor, M|100/100
|turn|1
|
|t:|1769430196
|move|p2a: Johnscor|Protect|p2a: Johnscor
|-singleturn|p2a: Johnscor|Protect
|move|p1a: Samurott|Aqua Cutter|p2a: Johnscor
|-activate|p2a: Johnscor|move: Protect
|
|-status|p2a: Johnscor|tox|[from] item: Toxic Orb
|upkeep
|turn|2
|
|t:|1769430216
|move|p1a: Samurott|Aqua Cutter|p2a: Johnscor
|-supereffective|p2a: Johnscor
|-damage|p2a: Johnscor|36/100 tox
|move|p2a: Johnscor|Toxic|p1a: Samurott
|-status|p1a: Samurott|tox
|
|-damage|p1a: Samurott|94/100 tox|[from] psn
|-heal|p2a: Johnscor|48/100 tox|[from] ability: Poison Heal
|upkeep
|turn|3
|
|t:|1769430234
|switch|p1a: Abomasnow|Abomasnow, F|100/100
|-weather|Snowscape|[from] ability: Snow Warning|[of] p1a: Abomasnow
|move|p2a: Johnscor|Protect||[still]
|-fail|p2a: Johnscor
|
|-weather|Snowscape|[upkeep]
|-heal|p2a: Johnscor|61/100 tox|[from] ability: Poison Heal
|upkeep
|turn|4
|
|t:|1769430244
|move|p2a: Johnscor|Protect|p2a: Johnscor
|-singleturn|p2a: Johnscor|Protect
|move|p1a: Abomasnow|Blizzard|p2a: Johnscor
|-activate|p2a: Johnscor|move: Protect
|
|-weather|Snowscape|[upkeep]
|-heal|p2a: Johnscor|73/100 tox|[from] ability: Poison Heal
|upkeep
|turn|5
|
|t:|1769430254
|switch|p2a: Bill|Blissey, F|100/100
|move|p1a: Abomasnow|Aurora Veil|p1a: Abomasnow
|-sidestart|p1: capt.once|move: Aurora Veil
|
|-weather|Snowscape|[upkeep]
|upkeep
|turn|6
|
|t:|1769430264
|switch|p1a: Iron Hands|Iron Hands|100/100
|-enditem|p1a: Iron Hands|Booster Energy
|-activate|p1a: Iron Hands|ability: Quark Drive|[fromitem]
|-start|p1a: Iron Hands|quarkdriveatk
|move|p2a: Bill|Thunder Wave|p1a: Iron Hands
|-immune|p1a: Iron Hands
|
|-weather|Snowscape|[upkeep]
|upkeep
|turn|7
|inactive|tudzo has 120 seconds left.
|
|t:|1769430324
|switch|p2a: Joohnguss|Amoonguss, F|100/100
|move|p1a: Iron Hands|Wild Charge|p2a: Joohnguss
|-resisted|p2a: Joohnguss
|-damage|p2a: Joohnguss|77/100
|-damage|p1a: Iron Hands|95/100|[from] Recoil
|
|-weather|none
|upkeep
|turn|8
|inactive|tudzo has 90 seconds left.
|
|t:|1769430343
|move|p1a: Iron Hands|Ice Punch|p2a: Joohnguss
|-supereffective|p2a: Joohnguss
|-damage|p2a: Joohnguss|22/100
|move|p2a: Joohnguss|Clear Smog|p1a: Iron Hands
|-damage|p1a: Iron Hands|87/100
|-clearboost|p1a: Iron Hands
|
|upkeep
|turn|9
|inactive|tudzo has 90 seconds left.
|inactive|capt.once has 120 seconds left.
|
|t:|1769430362
|switch|p2a: Johnscor|Gliscor, M|73/100 tox
|move|p1a: Iron Hands|Ice Punch|p2a: Johnscor
|-supereffective|p2a: Johnscor
|-damage|p2a: Johnscor|0 fnt
|faint|p2a: Johnscor
|
|upkeep
|c|☆tudzo|dang. my johns are falling.
|inactive|tudzo has 60 seconds left.
|
|t:|1769430406
|switch|p2a: Joohnguss|Amoonguss, F|55/100
|turn|10
|
|t:|1769430418
|switch|p2a: John|Corviknight, F|100/100
|-ability|p2a: John|Pressure
|move|p1a: Iron Hands|Ice Punch|p2a: John
|-crit|p2a: John
|-damage|p2a: John|61/100
|-damage|p1a: Iron Hands|70/100|[from] item: Rocky Helmet|[of] p2a: John
|
|upkeep
|turn|11
|inactive|tudzo has 60 seconds left.
|
|t:|1769430438
|move|p2a: John|U-turn|p1a: Iron Hands
|-resisted|p1a: Iron Hands
|-damage|p1a: Iron Hands|68/100
|
|t:|1769430453
|switch|p2a: Johnkaton|Tinkaton, F, shiny|100/100|[from] U-turn
|-item|p2a: Johnkaton|Air Balloon
|move|p1a: Iron Hands|Wild Charge|p2a: Johnkaton
|-damage|p2a: Johnkaton|39/100
|-enditem|p2a: Johnkaton|Air Balloon
|-damage|p1a: Iron Hands|56/100|[from] Recoil
|
|upkeep
|turn|12
|
|t:|1769430463
|move|p2a: Johnkaton|Protect|p2a: Johnkaton
|-singleturn|p2a: Johnkaton|Protect
|move|p1a: Iron Hands|Earthquake|p2a: Johnkaton
|-activate|p2a: Johnkaton|move: Protect
|
|-sideend|p1: capt.once|move: Aurora Veil
|upkeep
|turn|13
|
|t:|1769430477
|move|p2a: Johnkaton|Gigaton Hammer|p1a: Iron Hands
|-resisted|p1a: Iron Hands
|-damage|p1a: Iron Hands|43/100
|move|p1a: Iron Hands|Wild Charge|p2a: Johnkaton
|-damage|p2a: Johnkaton|0 fnt
|faint|p2a: Johnkaton
|-damage|p1a: Iron Hands|35/100|[from] Recoil
|
|upkeep
|
|t:|1769430485
|switch|p2a: Joohnguss|Amoonguss, F|88/100
|turn|14
|
|t:|1769430490
|move|p1a: Iron Hands|Ice Punch|p2a: Joohnguss
|-supereffective|p2a: Joohnguss
|-damage|p2a: Joohnguss|35/100
|move|p2a: Joohnguss|Toxic|p1a: Iron Hands
|-status|p1a: Iron Hands|tox
|
|-damage|p1a: Iron Hands|29/100 tox|[from] psn
|upkeep
|turn|15
|inactive|tudzo has 60 seconds left.
|
|t:|1769430504
|switch|p2a: Bill|Blissey, F|100/100
|move|p1a: Iron Hands|Ice Punch|p2a: Bill
|-damage|p2a: Bill|65/100
|-status|p2a: Bill|frz
|
|-heal|p2a: Bill|71/100 frz|[from] item: Leftovers
|-damage|p1a: Iron Hands|17/100 tox|[from] psn
|upkeep
|turn|16
|inactive|tudzo has 60 seconds left.
|c|☆tudzo|this is not auspicious.
|
|t:|1769430521
|cant|p2a: Bill|frz
|move|p1a: Iron Hands|Wild Charge|p2a: Bill
|-damage|p2a: Bill|0 fnt
|faint|p2a: Bill
|-damage|p1a: Iron Hands|0 fnt|[from] Recoil
|faint|p1a: Iron Hands
|-end|p1a: Iron Hands|Quark Drive|[silent]
|
|upkeep
|
|t:|1769430542
|switch|p2a: Joohnguss|Amoonguss, F|68/100
|switch|p1a: Abomasnow|Abomasnow, F|100/100
|-weather|Snowscape|[from] ability: Snow Warning|[of] p1a: Abomasnow
|turn|17
|inactive|tudzo has 60 seconds left.
|
|t:|1769430552
|move|p1a: Abomasnow|Blizzard|p2a: Joohnguss
|-supereffective|p2a: Joohnguss
|-damage|p2a: Joohnguss|0 fnt
|faint|p2a: Joohnguss
|
|-weather|Snowscape|[upkeep]
|upkeep
|inactive|tudzo has 60 seconds left.
|
|t:|1769430561
|switch|p2a: Johndengo|Gholdengo|100/100
|turn|18
|
|t:|1769430572
|move|p2a: Johndengo|Make It Rain|p1a: Abomasnow
|-supereffective|p1a: Abomasnow
|-damage|p1a: Abomasnow|0 fnt
|-unboost|p2a: Johndengo|spa|1
|faint|p1a: Abomasnow
|
|-weather|Snowscape|[upkeep]
|upkeep
|
|t:|1769430581
|switch|p1a: Samurott|Samurott-Hisui, M|94/100 tox
|turn|19
|
|t:|1769430586
|switch|p2a: John|Corviknight, F|61/100
|-ability|p2a: John|Pressure
|move|p1a: Samurott|Ceaseless Edge|p2a: John
|-damage|p2a: John|30/100
|-damage|p1a: Samurott|78/100 tox|[from] item: Rocky Helmet|[of] p2a: John
|-sidestart|p2: tudzo|Spikes
|
|-weather|Snowscape|[upkeep]
|-damage|p1a: Samurott|72/100 tox|[from] psn
|upkeep
|turn|20
|
|t:|1769430602
|move|p1a: Samurott|Ceaseless Edge|p2a: John|[miss]
|-miss|p1a: Samurott|p2a: John
|move|p2a: John|Defog|p1a: Samurott
|-unboost|p1a: Samurott|evasion|1
|-sideend|p2: tudzo|Spikes|[from] move: Defog|[of] p2a: John
|
|-weather|Snowscape|[upkeep]
|-damage|p1a: Samurott|59/100 tox|[from] psn
|upkeep
|turn|21
|
|t:|1769430611
|move|p1a: Samurott|Ceaseless Edge|p2a: John
|-damage|p2a: John|0 fnt
|-damage|p1a: Samurott|43/100 tox|[from] item: Rocky Helmet|[of] p2a: John
|-sidestart|p2: tudzo|Spikes
|faint|p2a: John
|
|-weather|none
|-damage|p1a: Samurott|24/100 tox|[from] psn
|upkeep
|
|t:|1769430618
|switch|p2a: Johndengo|Gholdengo|100/100
|-damage|p2a: Johndengo|88/100|[from] Spikes
|turn|22
|
|t:|1769430623
|-terastallize|p2a: Johndengo|Fighting
|move|p1a: Samurott|Ceaseless Edge|p2a: Johndengo
|-resisted|p2a: Johndengo
|-damage|p2a: Johndengo|60/100
|-sidestart|p2: tudzo|Spikes
|move|p2a: Johndengo|Focus Blast|p1a: Samurott
|-supereffective|p1a: Samurott
|-damage|p1a: Samurott|0 fnt
|faint|p1a: Samurott
|
|upkeep
|
|t:|1769430635
|switch|p1a: Salamence|Salamence, F|100/100
|turn|23
|
|t:|1769430638
|move|p2a: Johndengo|Focus Blast|p1a: Salamence
|-resisted|p1a: Salamence
|-damage|p1a: Salamence|55/100
|move|p1a: Salamence|Dual Wingbeat|p2a: Johndengo|[miss]
|-miss|p1a: Salamence|p2a: Johndengo
|
|upkeep
|turn|24
|
|t:|1769430646
|move|p2a: Johndengo|Focus Blast|p1a: Salamence
|-resisted|p1a: Salamence
|-damage|p1a: Salamence|16/100
|move|p1a: Salamence|Dual Wingbeat|p2a: Johndengo|[miss]
|-miss|p1a: Salamence|p2a: Johndengo
|
|upkeep
|turn|25
|c|☆tudzo|the johns are getting lucy.
|c|☆tudzo|*lucky
|
|t:|1769430663
|move|p2a: Johndengo|Focus Blast|p1a: Salamence
|-resisted|p1a: Salamence
|-damage|p1a: Salamence|0 fnt
|faint|p1a: Salamence
|
|upkeep
|
|t:|1769430669
|switch|p1a: Iron Valiant|Iron Valiant|100/100
|-enditem|p1a: Iron Valiant|Booster Energy
|-activate|p1a: Iron Valiant|ability: Quark Drive|[fromitem]
|-start|p1a: Iron Valiant|quarkdrivespe
|turn|26
|
|t:|1769430675
|move|p1a: Iron Valiant|Moonblast|p2a: Johndengo
|-supereffective|p2a: Johndengo
|-damage|p2a: Johndengo|0 fnt
|faint|p2a: Johndengo
|
|win|capt.once
|raw|capt.once's rating: 1276 &rarr; <strong>1297</strong><br />(+21 for winning)
|raw|tudzo's rating: 1225 &rarr; <strong>1204</strong><br />(-21 for losing)
|c|☆tudzo|it seems our luck ran out.
|l|☆tudzo
|player|p2|
|l|☆capt.once
|player|p1|
