|j|☆Dantethedog
|j|☆Vansh Vishhh
|t:|1769356597
|gametype|singles
|player|p1|Dantethedog|brawly|1106
|player|p2|Vansh Vishhh|nate|1059
|gen|9
|tier|[Gen 9] OU
|rated|
|rule|HP Percentage Mod: HP is shown in percentages
|rule|Endless Battle Clause: Forcing endless battles is banned
|rule|Species Clause: Limit one of each Pokémon
|rule|OHKO Clause: OHKO moves are banned
|rule|Evasion Items Clause: Evasion items are banned
|rule|Evasion Moves Clause: Evasion moves are banned
|rule|Evasion Abilities Clause: Evasion abilities are banned
|rule|Sleep Moves Clause: Sleep-inducing moves are banned
|clearpoke
|poke|p1|Gliscor, M|
|poke|p1|Slowking, M|
|poke|p1|Quagsire, M|
|poke|p1|Scizor, F|
|poke|p1|Kommo-o, F|
|poke|p1|Beartic, M|
|poke|p2|Serperior, F|
|poke|p2|Blaziken, F|
|poke|p2|Glimmora, M|
|poke|p2|Kingambit, F|
|poke|p2|Landorus-Therian, M|
|poke|p2|Primarina, F|
|teampreview
|inactive|Battle timer is ON: inactive players will automatically lose when time's up. (requested by Vansh Vishhh)
|
|t:|1769356609
|teamsize|p1|6
|teamsize|p2|6
|start
|switch|p1a: autistic sloth|Slowking, M|100/100
|switch|p2a: Landorus|Landorus-Therian, M|100/100
|-ability|p2a: Landorus|Intimidate|boost
|-unboost|p1a: autistic sloth|atk|1
|turn|1
|
|t:|1769356617
|move|p2a: Landorus|Stealth Rock|p1a: autistic sloth
|-sidestart|p1: Dantethedog|move: Stealth Rock
|-prepare|p1a: autistic sloth|Chilly Reception|[premajor]
|move|p1a: autistic sloth|Chilly Reception|p1a: autistic sloth
|-weather|Snowscape
|
|t:|1769356622
|switch|p1a: bear|Beartic, M, shiny|100/100|[from] Chilly Reception
|-damage|p1a: bear|76/100|[from] Stealth Rock
|
|-weather|Snowscape|[upkeep]
|upkeep
|turn|2
|
|t:|1769356630
|move|p1a: bear|Icicle Spear|p2a: Landorus
|-supereffective|p2a: Landorus
|-damage|p2a: Landorus|40/100
|-supereffective|p2a: Landorus
|-damage|p2a: Landorus|0 fnt
|faint|p2a: Landorus
|-hitcount|p2: Landorus|2
|
|-weather|Snowscape|[upkeep]
|upkeep
|
|t:|1769356641
|switch|p2a: Blaziken|Blaziken, F|100/100
|turn|3
|
|t:|1769356646
|-terastallize|p1a: bear|Water
|move|p1a: bear|Aqua Jet|p2a: Blaziken
|-supereffective|p2a: Blaziken
|-damage|p2a: Blaziken|45/100
|move|p2a: Blaziken|Bulk Up|p2a: Blaziken
|-boost|p2a: Blaziken|atk|1
|-boost|p2a: Blaziken|def|1
|
|-weather|Snowscape|[upkeep]
|-ability|p2a: Blaziken|Speed Boost|boost
|-boost|p2a: Blaziken|spe|1
|upkeep
|turn|4
|
|t:|1769356660
|move|p1a: bear|Aqua Jet|p2a: Blaziken
|-supereffective|p2a: Blaziken
|-damage|p2a: Blaziken|9/100
|move|p2a: Blaziken|Shadow Claw|p1a: bear
|-damage|p1a: bear|40/100
|
|-weather|Snowscape|[upkeep]
|-ability|p2a: Blaziken|Speed Boost|boost
|-boost|p2a: Blaziken|spe|1
|upkeep
|turn|5
|
|t:|1769356669
|move|p1a: bear|Aqua Jet|p2a: Blaziken
|-supereffective|p2a: Blaziken
|-damage|p2a: Blaziken|0 fnt
|faint|p2a: Blaziken
|
|-weather|none
|upkeep
|
|t:|1769356675
|switch|p2a: Serperior|Serperior, F|100/100
|turn|6
|
|t:|1769356682
|move|p2a: Serperior|Leaf Storm|p1a: bear
|-supereffective|p1a: bear
|-damage|p1a: bear|0 fnt
|-boost|p2a: Serperior|spa|2
|faint|p1a: bear
|
|upkeep
|
|t:|1769356688
|switch|p1a: Scisor sister|Scizor, F, shiny|100/100
|-damage|p1a: Scisor sister|88/100|[from] Stealth Rock
|turn|7
|
|t:|1769356697
|move|p2a: Serperior|Body Slam|p1a: Scisor sister
|-resisted|p1a: Scisor sister
|-damage|p1a: Scisor sister|81/100
|move|p1a: Scisor sister|X-Scissor|p2a: Serperior
|-supereffective|p2a: Serperior
|-damage|p2a: Serperior|8/100
|
|upkeep
|turn|8
|
|t:|1769356705
|move|p1a: Scisor sister|Bullet Punch|p2a: Serperior
|-damage|p2a: Serperior|0 fnt
|faint|p2a: Serperior
|
|upkeep
|
|t:|1769356710
|switch|p2a: Glimmora|Glimmora, M|100/100
|turn|9
|
|t:|1769356717
|move|p2a: Glimmora|Spikes|p1a: Scisor sister
|-sidestart|p1: Dantethedog|Spikes
|move|p1a: Scisor sister|Close Combat|p2a: Glimmora
|-damage|p2a: Glimmora|58/100
|-unboost|p1a: Scisor sister|def|1
|-unboost|p1a: Scisor sister|spd|1
|-activate|p2a: Glimmora|ability: Toxic Debris
|-sidestart|p1: Dantethedog|move: Toxic Spikes
|
|upkeep
|turn|10
|
|t:|1769356730
|move|p1a: Scisor sister|Bullet Punch|p2a: Glimmora
|-supereffective|p2a: Glimmora
|-damage|p2a: Glimmora|0 fnt
|-activate|p2a: Glimmora|ability: Toxic Debris
|-sidestart|p1: Dantethedog|move: Toxic Spikes
|faint|p2a: Glimmora
|
|upkeep
|
|t:|1769356737
|switch|p2a: Primarina|Primarina, F|100/100
|turn|11
|
|t:|1769356751
|-terastallize|p2a: Primarina|Ice
|move|p1a: Scisor sister|Bullet Punch|p2a: Primarina
|-supereffective|p2a: Primarina
|-damage|p2a: Primarina|27/100
|move|p2a: Primarina|Hyper Voice|p1a: Scisor sister
|-damage|p1a: Scisor sister|16/100
|
|-heal|p2a: Primarina|33/100|[from] item: Leftovers
|upkeep
|turn|12
|
|t:|1769356762
|move|p1a: Scisor sister|Bullet Punch|p2a: Primarina
|-supereffective|p2a: Primarina
|-damage|p2a: Primarina|0 fnt
|faint|p2a: Primarina
|
|upkeep
|-message|Vansh Vishhh forfeited.
|
|win|Dantethedog
|raw|Dantethedog's rating: 1106 &rarr; <strong>1128</strong><br />(+22 for winning)
|raw|Vansh Vishhh's rating: 1059 &rarr; <strong>1043</strong><br />(-16 for losing)
|l|☆Vansh Vishhh
|player|p2|
|l|☆Dantethedog
|player|p1|
