|j|☆AdamSplash23
|j|☆scorpiomoe
|t:|1769443410
|gametype|singles
|player|p1|AdamSplash23|crasherwake|1079
|player|p2|scorpiomoe|2|1108
|gen|9
|tier|[Gen 9] OU
|rated|
|rule|HP Percentage Mod: HP is shown in percentages
|rule|Endless Battle Clause: Forcing endless battles is banned
|rule|Species Clause: Limit one of each Pokémon
|rule|OHKO Clause: OHKO moves are banned
|rule|Evasion Items Clause: Evasion items are banned
|rule|Evasion Moves Clause: Evasion moves are banned
|rule|Evasion Abilities Clause: Evasion abilities are banned
|rule|Sleep Moves Clause: Sleep-inducing moves are banned
|clearpoke
|poke|p1|Floatzel, F|
|poke|p1|Pelipper, F|
|poke|p1|Espeon, M|
|poke|p1|Staraptor, M|
|poke|p1|Tentacruel, F|
|poke|p1|Magcargo, F|
|poke|p2|Lumineon, F|
|poke|p2|Meowscarada, M|
|poke|p2|Pelipper, M|
|poke|p2|Gholdengo|
|poke|p2|Walking Wake|
|poke|p2|Wartortle, F|
|teampreview
|inactive|Battle timer is ON: inactive players will automatically lose when time's up. (requested by scorpiomoe)
|l|☆AdamSplash23
|inactive|AdamSplash23 disconnected and has a minute to reconnect!
|player|p1|
|j|☆AdamSplash23
|inactive|AdamSplash23 reconnected and has 140 seconds left.
|player|p1|AdamSplash23|crasherwake|
|inactive|scorpiomoe has 120 seconds left.
|
|t:|1769443443
|teamsize|p1|6
|teamsize|p2|6
|start
|switch|p1a: Espeon|Espeon, M, shiny|100/100
|switch|p2a: Meowscarada|Meowscarada, M, shiny|100/100
|turn|1
|
|t:|1769443450
|switch|p1a: Pelipper|Pelipper, F|100/100
|-weather|RainDance|[from] ability: Drizzle|[of] p1a: Pelipper
|move|p2a: Meowscarada|U-turn|p1a: Pelipper
|-start|p2a: Meowscarada|typechange|Bug|[from] ability: Protean
|-resisted|p1a: Pelipper
|-damage|p1a: Pelipper|84/100
|
|t:|1769443466
|switch|p2a: Gholdengo|Gholdengo, shiny|100/100|[from] U-turn
|
|-weather|RainDance|[upkeep]
|upkeep
|turn|2
|
|t:|1769443469
|move|p2a: Gholdengo|Thunder|p1a: Pelipper
|-supereffective|p1a: Pelipper
|-damage|p1a: Pelipper|0 fnt
|faint|p1a: Pelipper
|
|-weather|RainDance|[upkeep]
|upkeep
|
|t:|1769443475
|switch|p1a: Floatzel|Floatzel, F|100/100
|turn|3
|
|t:|1769443478
|move|p1a: Floatzel|Wave Crash|p2a: Gholdengo
|-damage|p2a: Gholdengo|0 fnt
|faint|p2a: Gholdengo
|-damage|p1a: Floatzel|67/100|[from] Recoil
|
|-weather|RainDance|[upkeep]
|upkeep
|
|t:|1769443485
|switch|p2a: Meowscarada|Meowscarada, M, shiny|100/100
|turn|4
|
|t:|1769443494
|switch|p2a: Lumineon|Lumineon, F, shiny|100/100
|move|p1a: Floatzel|Flip Turn|p2a: Lumineon
|-ability|p2a: Lumineon|Storm Drain|boost
|-boost|p2a: Lumineon|spa|1
|
|-weather|RainDance|[upkeep]
|upkeep
|turn|5
|
|t:|1769443504
|move|p1a: Floatzel|Brick Break|p2a: Lumineon
|-damage|p2a: Lumineon|69/100
|move|p2a: Lumineon|Whirlpool|p1a: Floatzel
|-resisted|p1a: Floatzel
|-damage|p1a: Floatzel|37/100
|-activate|p1a: Floatzel|move: Whirlpool|[of] p2a: Lumineon
|
|-weather|RainDance|[upkeep]
|-damage|p1a: Floatzel|24/100|[from] move: Whirlpool|[partiallytrapped]
|upkeep
|turn|6
|
|t:|1769443525
|move|p1a: Floatzel|Brick Break|p2a: Lumineon
|-damage|p2a: Lumineon|36/100
|move|p2a: Lumineon|Hydro Pump|p1a: Floatzel
|-resisted|p1a: Floatzel
|-damage|p1a: Floatzel|0 fnt
|faint|p1a: Floatzel
|
|-weather|RainDance|[upkeep]
|upkeep
|
|t:|1769443531
|switch|p1a: Espeon|Espeon, M, shiny|100/100
|turn|7
|
|t:|1769443537
|switch|p2a: Meowscarada|Meowscarada, M, shiny|100/100
|move|p1a: Espeon|Calm Mind|p1a: Espeon
|-boost|p1a: Espeon|spa|1
|-boost|p1a: Espeon|spd|1
|
|-weather|RainDance|[upkeep]
|upkeep
|turn|8
|
|t:|1769443546
|-terastallize|p1a: Espeon|Fairy
|move|p2a: Meowscarada|U-turn|p1a: Espeon
|-start|p2a: Meowscarada|typechange|Bug|[from] ability: Protean
|-resisted|p1a: Espeon
|-crit|p1a: Espeon
|-damage|p1a: Espeon|52/100
|
|t:|1769443556
|switch|p2a: Lumineon|Lumineon, F, shiny|36/100|[from] U-turn
|move|p1a: Espeon|Substitute|p1a: Espeon
|-start|p1a: Espeon|Substitute
|-damage|p1a: Espeon|27/100
|
|-weather|none
|upkeep
|turn|9
|
|t:|1769443564
|move|p1a: Espeon|Draining Kiss|p2a: Lumineon
|-damage|p2a: Lumineon|0 fnt
|-heal|p1a: Espeon|61/100|[from] drain|[of] p2a: Lumineon
|faint|p2a: Lumineon
|
|upkeep
|
|t:|1769443581
|switch|p2a: Meowscarada|Meowscarada, M, shiny|100/100
|turn|10
|
|t:|1769443588
|move|p2a: Meowscarada|U-turn|p1a: Espeon
|-start|p2a: Meowscarada|typechange|Bug|[from] ability: Protean
|-resisted|p1a: Espeon
|-end|p1a: Espeon|Substitute
|
|t:|1769443594
|switch|p2a: Wartortle|Wartortle, F, shiny|100/100|[from] U-turn
|move|p1a: Espeon|Draining Kiss|p2a: Wartortle
|-damage|p2a: Wartortle|61/100
|-heal|p1a: Espeon|96/100|[from] drain|[of] p2a: Wartortle
|
|upkeep
|turn|11
|
|t:|1769443606
|move|p2a: Wartortle|Fake Out|p1a: Espeon
|-damage|p1a: Espeon|78/100
|cant|p1a: Espeon|flinch
|
|upkeep
|turn|12
|
|t:|1769443614
|move|p1a: Espeon|Calm Mind|p1a: Espeon
|-boost|p1a: Espeon|spa|1
|-boost|p1a: Espeon|spd|1
|move|p2a: Wartortle|Haze|p2a: Wartortle
|-clearallboost
|
|upkeep
|turn|13
|
|t:|1769443622
|move|p1a: Espeon|Psychic|p2a: Wartortle
|-damage|p2a: Wartortle|20/100
|move|p2a: Wartortle|Flip Turn|p1a: Espeon
|-damage|p1a: Espeon|34/100
|
|t:|1769443628
|switch|p2a: Meowscarada|Meowscarada, M, shiny|100/100|[from] Flip Turn
|
|upkeep
|turn|14
|
|t:|1769443632
|move|p2a: Meowscarada|U-turn|p1a: Espeon
|-start|p2a: Meowscarada|typechange|Bug|[from] ability: Protean
|-resisted|p1a: Espeon
|-damage|p1a: Espeon|5/100
|-enditem|p1a: Espeon|Aguav Berry|[eat]
|-heal|p1a: Espeon|38/100|[from] item: Aguav Berry
|
|t:|1769443639
|switch|p2a: Wartortle|Wartortle, F, shiny|20/100|[from] U-turn
|move|p1a: Espeon|Draining Kiss|p2a: Wartortle
|-damage|p2a: Wartortle|0 fnt
|-heal|p1a: Espeon|55/100|[from] drain|[of] p2a: Wartortle
|faint|p2a: Wartortle
|
|upkeep
|
|t:|1769443644
|switch|p2a: Meowscarada|Meowscarada, M, shiny|100/100
|turn|15
|
|t:|1769443646
|-terastallize|p2a: Meowscarada|Grass
|move|p2a: Meowscarada|Flower Trick|p1a: Espeon
|-crit|p1a: Espeon
|-damage|p1a: Espeon|0 fnt
|faint|p1a: Espeon
|
|upkeep
|
|t:|1769443651
|switch|p1a: Magcargo|Magcargo, F|100/100
|turn|16
|
|t:|1769443658
|move|p2a: Meowscarada|Flower Trick|p1a: Magcargo
|-crit|p1a: Magcargo
|-damage|p1a: Magcargo|55/100
|move|p1a: Magcargo|Stealth Rock|p2a: Meowscarada
|-sidestart|p2: scorpiomoe|move: Stealth Rock
|
|-heal|p1a: Magcargo|61/100|[from] item: Leftovers
|upkeep
|turn|17
|
|t:|1769443666
|move|p2a: Meowscarada|Flower Trick|p1a: Magcargo
|-crit|p1a: Magcargo
|-damage|p1a: Magcargo|16/100
|move|p1a: Magcargo|Lava Plume|p2a: Meowscarada
|-supereffective|p2a: Meowscarada
|-crit|p2a: Meowscarada
|-enditem|p2a: Meowscarada|Focus Sash
|-damage|p2a: Meowscarada|1/100
|-status|p2a: Meowscarada|brn
|
|-heal|p1a: Magcargo|22/100|[from] item: Leftovers
|-damage|p2a: Meowscarada|0 fnt|[from] brn
|faint|p2a: Meowscarada
|upkeep
|
|t:|1769443676
|switch|p2a: Pelipper|Pelipper, M, shiny|100/100
|-damage|p2a: Pelipper|76/100|[from] Stealth Rock
|-weather|RainDance|[from] ability: Drizzle|[of] p2a: Pelipper
|turn|18
|
|t:|1769443682
|move|p2a: Pelipper|Weather Ball|p1a: Magcargo
|-supereffective|p1a: Magcargo
|-damage|p1a: Magcargo|0 fnt
|faint|p1a: Magcargo
|
|-weather|RainDance|[upkeep]
|upkeep
|
|t:|1769443685
|switch|p1a: Tentacruel|Tentacruel, F|100/100
|turn|19
|
|t:|1769443689
|move|p1a: Tentacruel|Sludge Bomb|p2a: Pelipper
|-damage|p2a: Pelipper|15/100
|move|p2a: Pelipper|Hurricane|p1a: Tentacruel
|-damage|p1a: Tentacruel|73/100
|
|-weather|RainDance|[upkeep]
|-heal|p1a: Tentacruel|79/100|[from] ability: Rain Dish
|upkeep
|turn|20
|
|t:|1769443699
|move|p1a: Tentacruel|Rapid Spin|p2a: Pelipper
|-damage|p2a: Pelipper|4/100
|-boost|p1a: Tentacruel|spe|1
|move|p2a: Pelipper|Hurricane|p1a: Tentacruel
|-damage|p1a: Tentacruel|47/100
|-start|p1a: Tentacruel|confusion
|
|-weather|RainDance|[upkeep]
|-heal|p1a: Tentacruel|53/100|[from] ability: Rain Dish
|upkeep
|turn|21
|
|t:|1769443708
|-activate|p1a: Tentacruel|confusion
|move|p1a: Tentacruel|Rapid Spin|p2a: Pelipper
|-damage|p2a: Pelipper|0 fnt
|-boost|p1a: Tentacruel|spe|1
|faint|p2a: Pelipper
|
|-weather|RainDance|[upkeep]
|-heal|p1a: Tentacruel|59/100|[from] ability: Rain Dish
|upkeep
|
|t:|1769443711
|switch|p2a: Walking Wake|Walking Wake|100/100
|-damage|p2a: Walking Wake|88/100|[from] Stealth Rock
|-enditem|p2a: Walking Wake|Booster Energy
|-activate|p2a: Walking Wake|ability: Protosynthesis|[fromitem]
|-start|p2a: Walking Wake|protosynthesisspe
|turn|22
|
|t:|1769443721
|-activate|p1a: Tentacruel|confusion
|-damage|p1a: Tentacruel|49/100|[from] confusion
|move|p2a: Walking Wake|Hydro Steam|p1a: Tentacruel
|-resisted|p1a: Tentacruel
|-damage|p1a: Tentacruel|28/100
|
|-weather|RainDance|[upkeep]
|-heal|p1a: Tentacruel|34/100|[from] ability: Rain Dish
|upkeep
|turn|23
|
|t:|1769443726
|-end|p1a: Tentacruel|confusion
|move|p1a: Tentacruel|Sludge Bomb|p2a: Walking Wake
|-damage|p2a: Walking Wake|50/100
|move|p2a: Walking Wake|Hydro Steam|p1a: Tentacruel
|-resisted|p1a: Tentacruel
|-damage|p1a: Tentacruel|12/100
|
|-weather|RainDance|[upkeep]
|-heal|p1a: Tentacruel|18/100|[from] ability: Rain Dish
|upkeep
|turn|24
|
|t:|1769443735
|move|p1a: Tentacruel|Sludge Bomb|p2a: Walking Wake
|-damage|p2a: Walking Wake|13/100
|-status|p2a: Walking Wake|psn
|move|p2a: Walking Wake|Hydro Steam|p1a: Tentacruel
|-resisted|p1a: Tentacruel
|-damage|p1a: Tentacruel|0 fnt
|faint|p1a: Tentacruel
|
|-weather|RainDance|[upkeep]
|-damage|p2a: Walking Wake|1/100 psn|[from] psn
|upkeep
|
|t:|1769443742
|switch|p1a: Staraptor|Staraptor, M|100/100
|turn|25
|
|t:|1769443745
|move|p2a: Walking Wake|Hydro Steam|p1a: Staraptor
|-damage|p1a: Staraptor|3/100
|move|p1a: Staraptor|U-turn|p2a: Walking Wake
|-damage|p2a: Walking Wake|0 fnt
|faint|p2a: Walking Wake
|-end|p2a: Walking Wake|Protosynthesis|[silent]
|
|win|AdamSplash23
|raw|AdamSplash23's rating: 1079 &rarr; <strong>1109</strong><br />(+30 for winning)
|raw|scorpiomoe's rating: 1108 &rarr; <strong>1081</strong><br />(-27 for losing)
|l|☆scorpiomoe
|player|p2|
