|badge|p1|bronze|gen9uu|100-8
|uhtml|medal-msg|<div class="broadcast-blue">Curious what those medals under the avatar are? PS now has Ladder Seasons! For more information, check out the <a href="https://www.smogon.com/forums/threads/3740067/">thread on Smogon.</a></div>
|j|☆damorush
|j|‽LT_Alt1
|t:|1769414758
|gametype|singles
|player|p1|damorush|169|1700
|player|p2|LT_Alt1|169|1625
|gen|9
|tier|[Gen 9] OU
|rated|
|rule|HP Percentage Mod: HP is shown in percentages
|rule|Endless Battle Clause: Forcing endless battles is banned
|rule|Species Clause: Limit one of each Pokémon
|rule|OHKO Clause: OHKO moves are banned
|rule|Evasion Items Clause: Evasion items are banned
|rule|Evasion Moves Clause: Evasion moves are banned
|rule|Evasion Abilities Clause: Evasion abilities are banned
|rule|Sleep Moves Clause: Sleep-inducing moves are banned
|clearpoke
|poke|p1|Iron Crown|
|poke|p1|Samurott-Hisui, M|
|poke|p1|Zapdos|
|poke|p1|Dragapult, F|
|poke|p1|Great Tusk|
|poke|p1|Iron Boulder|
|poke|p2|Darkrai|
|poke|p2|Slowking-Galar, M|
|poke|p2|Gholdengo|
|poke|p2|Iron Treads|
|poke|p2|Raging Bolt|
|poke|p2|Gliscor, M|
|teampreview
|
|t:|1769414781
|teamsize|p1|6
|teamsize|p2|6
|start
|switch|p1a: Everytime We Touch|Samurott-Hisui, M|100/100
|switch|p2a: Darkrai|Darkrai|100/100
|turn|1
|
|t:|1769414789
|move|p1a: Everytime We Touch|Ceaseless Edge|p2a: Darkrai|[miss]
|-miss|p1a: Everytime We Touch|p2a: Darkrai
|move|p2a: Darkrai|Focus Blast|p1a: Everytime We Touch
|-supereffective|p1a: Everytime We Touch
|-damage|p1a: Everytime We Touch|0 fnt
|faint|p1a: Everytime We Touch
|
|upkeep
|
|t:|1769414807
|switch|p1a: Parasite|Dragapult, F|100/100
|turn|2
|n|‽LT_Alt1|ltalt1
|n|‽LT_Alt1|ltalt1
|
|t:|1769414862
|move|p1a: Parasite|U-turn|p2a: Darkrai
|-supereffective|p2a: Darkrai
|-damage|p2a: Darkrai|16/100
|
|t:|1769414876
|switch|p1a: Hurikan|Zapdos|100/100|[from] U-turn
|move|p2a: Darkrai|Dark Pulse|p1a: Hurikan
|-damage|p1a: Hurikan|64/100
|
|-heal|p2a: Darkrai|22/100|[from] item: Leftovers
|upkeep
|turn|3
|
|t:|1769414882
|move|p2a: Darkrai|Ice Beam|p1a: Hurikan
|-supereffective|p1a: Hurikan
|-damage|p1a: Hurikan|10/100
|move|p1a: Hurikan|U-turn|p2a: Darkrai
|-supereffective|p2a: Darkrai
|-damage|p2a: Darkrai|0 fnt
|faint|p2a: Darkrai
|
|t:|1769414896
|switch|p1a: Mindreader|Iron Crown|100/100|[from] U-turn
|
|upkeep
|
|t:|1769414904
|switch|p2a: Gholdengo|Gholdengo|100/100
|turn|4
|
|t:|1769414920
|-end|p1a: Mindreader|Quark Drive|[silent]
|switch|p1a: Hurikan|Zapdos|10/100
|move|p2a: Gholdengo|Shadow Ball|p1a: Hurikan
|-damage|p1a: Hurikan|0 fnt
|faint|p1a: Hurikan
|
|upkeep
|
|t:|1769414923
|switch|p1a: Parasite|Dragapult, F|100/100
|turn|5
|
|t:|1769414929
|move|p2a: Gholdengo|Shadow Ball|p1a: Parasite
|-supereffective|p1a: Parasite
|-damage|p1a: Parasite|0 fnt
|faint|p1a: Parasite
|
|upkeep
|
|t:|1769414933
|switch|p1a: Pump It|Great Tusk|100/100
|turn|6
|
|t:|1769414937
|move|p2a: Gholdengo|Shadow Ball|p1a: Pump It
|-damage|p1a: Pump It|38/100
|move|p1a: Pump It|Headlong Rush|p2a: Gholdengo
|-supereffective|p2a: Gholdengo
|-damage|p2a: Gholdengo|0 fnt
|-unboost|p1a: Pump It|def|1
|-unboost|p1a: Pump It|spd|1
|faint|p2a: Gholdengo
|
|upkeep
|
|t:|1769414940
|switch|p2a: Iron Treads|Iron Treads|100/100
|turn|7
|
|t:|1769414973
|move|p2a: Iron Treads|Earthquake|p1a: Pump It
|-crit|p1a: Pump It
|-damage|p1a: Pump It|0 fnt
|faint|p1a: Pump It
|-end|p1a: Pump It|Protosynthesis|[silent]
|
|upkeep
|
|t:|1769414978
|switch|p1a: Mindreader|Iron Crown|100/100
|turn|8
|
|t:|1769414981
|move|p2a: Iron Treads|Earthquake|p1a: Mindreader
|-supereffective|p1a: Mindreader
|-damage|p1a: Mindreader|24/100
|move|p1a: Mindreader|Focus Blast|p2a: Iron Treads|[miss]
|-miss|p1a: Mindreader|p2a: Iron Treads
|
|upkeep
|turn|9
|
|t:|1769414986
|move|p2a: Iron Treads|Earthquake|p1a: Mindreader
|-supereffective|p1a: Mindreader
|-damage|p1a: Mindreader|0 fnt
|faint|p1a: Mindreader
|-end|p1a: Mindreader|Quark Drive|[silent]
|
|upkeep
|
|t:|1769414988
|switch|p1a: Revery|Iron Boulder|100/100
|-enditem|p1a: Revery|Booster Energy
|-activate|p1a: Revery|ability: Quark Drive|[fromitem]
|-start|p1a: Revery|quarkdrivespe
|turn|10
|j| Hybbridd
|
|t:|1769415001
|-terastallize|p1a: Revery|Fighting
|move|p1a: Revery|Swords Dance|p1a: Revery
|-boost|p1a: Revery|atk|2
|move|p2a: Iron Treads|Rock Tomb|p1a: Revery
|-resisted|p1a: Revery
|-damage|p1a: Revery|91/100
|-unboost|p1a: Revery|spe|1
|
|upkeep
|turn|11
|
|t:|1769415013
|move|p1a: Revery|Close Combat|p2a: Iron Treads
|-supereffective|p2a: Iron Treads
|-damage|p2a: Iron Treads|0 fnt
|-unboost|p1a: Revery|def|1
|-unboost|p1a: Revery|spd|1
|faint|p2a: Iron Treads
|-end|p2a: Iron Treads|Quark Drive|[silent]
|
|upkeep
|
|t:|1769415016
|switch|p2a: Slowking|Slowking-Galar, M|100/100
|turn|12
|
|t:|1769415021
|move|p1a: Revery|Mighty Cleave|p2a: Slowking
|-damage|p2a: Slowking|11/100
|move|p2a: Slowking|Thunder Wave|p1a: Revery
|-status|p1a: Revery|par
|
|-heal|p2a: Slowking|17/100|[from] item: Leftovers
|upkeep
|turn|13
|
|t:|1769415027
|move|p1a: Revery|Mighty Cleave|p2a: Slowking
|-damage|p2a: Slowking|0 fnt
|faint|p2a: Slowking
|
|upkeep
|
|t:|1769415033
|switch|p2a: Raging Bolt|Raging Bolt|100/100
|turn|14
|
|t:|1769415060
|move|p2a: Raging Bolt|Draco Meteor|p1a: Revery
|-damage|p1a: Revery|0 fnt
|-unboost|p2a: Raging Bolt|spa|2
|faint|p1a: Revery
|-end|p1a: Revery|Quark Drive|[silent]
|
|win|LT_Alt1
|raw|damorush's rating: 1671 &rarr; <strong>1648</strong><br />(-23 for losing)
|raw|LT_Alt1's rating: 1625 &rarr; <strong>1648</strong><br />(+23 for winning)
|l|☆damorush
|player|p1|
|l| Hybbridd
