|j|☆JD2Sleepy
|j|☆CodeNumber_Beta
|t:|1769327532
|gametype|singles
|player|p1|JD2Sleepy|blackbelt-gen4dp|1528
|player|p2|CodeNumber_Beta|1|1531
|gen|9
|tier|[Gen 9] OU
|rated|
|rule|HP Percentage Mod: HP is shown in percentages
|rule|Endless Battle Clause: Forcing endless battles is banned
|rule|Species Clause: Limit one of each Pokémon
|rule|OHKO Clause: OHKO moves are banned
|rule|Evasion Items Clause: Evasion items are banned
|rule|Evasion Moves Clause: Evasion moves are banned
|rule|Evasion Abilities Clause: Evasion abilities are banned
|rule|Sleep Moves Clause: Sleep-inducing moves are banned
|clearpoke
|poke|p1|Glimmora, M|
|poke|p1|Kyurem|
|poke|p1|Sableye, M|
|poke|p1|Blaziken, M|
|poke|p1|Ditto|
|poke|p1|Kingambit, F|
|poke|p2|Araquanid, F|
|poke|p2|Gholdengo|
|poke|p2|Great Tusk|
|poke|p2|Samurott-Hisui, M|
|poke|p2|Iron Moth|
|poke|p2|Corviknight, F|
|teampreview
|inactive|Battle timer is ON: inactive players will automatically lose when time's up. (requested by CodeNumber_Beta)
|
|t:|1769327566
|teamsize|p1|6
|teamsize|p2|6
|start
|switch|p1a: VwV|Glimmora, M|100/100
|switch|p2a: Great Tusk|Great Tusk|100/100
|turn|1
|
|t:|1769327569
|move|p2a: Great Tusk|Headlong Rush|p1a: VwV
|-supereffective|p1a: VwV
|-enditem|p1a: VwV|Focus Sash
|-damage|p1a: VwV|1/100
|-unboost|p2a: Great Tusk|def|1
|-unboost|p2a: Great Tusk|spd|1
|-activate|p1a: VwV|ability: Toxic Debris
|-sidestart|p2: CodeNumber_Beta|move: Toxic Spikes
|move|p1a: VwV|Mud Shot|p2a: Great Tusk
|-damage|p2a: Great Tusk|55/100
|-unboost|p2a: Great Tusk|spe|1
|
|upkeep
|turn|2
|
|t:|1769327589
|-end|p2a: Great Tusk|Protosynthesis|[silent]
|switch|p2a: Iron Moth|Iron Moth|100/100
|-sideend|p2: CodeNumber_Beta|move: Toxic Spikes|[of] p2a: Iron Moth
|move|p1a: VwV|Mud Shot|p2a: Iron Moth
|-supereffective|p2a: Iron Moth
|-crit|p2a: Iron Moth
|-damage|p2a: Iron Moth|0 fnt
|faint|p2a: Iron Moth
|-end|p2a: Iron Moth|Quark Drive|[silent]
|
|upkeep
|
|t:|1769327597
|switch|p2a: Great Tusk|Great Tusk|55/100
|turn|3
|
|t:|1769327601
|switch|p1a: Good As Bricks|Sableye, M, shiny|100/100
|move|p2a: Great Tusk|Rapid Spin|p1a: Good As Bricks
|-immune|p1a: Good As Bricks
|
|upkeep
|turn|4
|
|t:|1769327620
|-end|p2a: Great Tusk|Protosynthesis|[silent]
|switch|p2a: Gholdengo|Gholdengo|100/100
|-item|p2a: Gholdengo|Air Balloon
|switch|p1a: VwV|Glimmora, M|1/100
|
|upkeep
|turn|5
|
|t:|1769327626
|move|p1a: VwV|Stealth Rock|p2a: Gholdengo
|-sidestart|p2: CodeNumber_Beta|move: Stealth Rock
|move|p2a: Gholdengo|Shadow Ball|p1a: VwV
|-damage|p1a: VwV|0 fnt
|faint|p1a: VwV
|
|upkeep
|
|t:|1769327629
|switch|p1a: Blaziken|Blaziken, M|100/100
|turn|6
|
|t:|1769327634
|switch|p2a: Araquanid|Araquanid, F|100/100
|-damage|p2a: Araquanid|75/100|[from] Stealth Rock
|move|p1a: Blaziken|Swords Dance|p1a: Blaziken
|-boost|p1a: Blaziken|atk|2
|
|-ability|p1a: Blaziken|Speed Boost|boost
|-boost|p1a: Blaziken|spe|1
|upkeep
|turn|7
|
|t:|1769327642
|move|p1a: Blaziken|Flare Blitz|p2a: Araquanid
|-damage|p2a: Araquanid|6/100
|-damage|p1a: Blaziken|75/100|[from] Recoil
|-damage|p1a: Blaziken|65/100|[from] item: Life Orb
|move|p2a: Araquanid|Surf|p1a: Blaziken
|-supereffective|p1a: Blaziken
|-damage|p1a: Blaziken|0 fnt
|faint|p1a: Blaziken
|
|upkeep
|
|t:|1769327669
|switch|p1a: Good As Bricks|Sableye, M, shiny|100/100
|turn|8
|
|t:|1769327672
|switch|p2a: Gholdengo|Gholdengo|100/100
|-damage|p2a: Gholdengo|94/100|[from] Stealth Rock
|-item|p2a: Gholdengo|Air Balloon
|move|p1a: Good As Bricks|Encore|p2a: Gholdengo
|-immune|p2a: Gholdengo|[from] ability: Good as Gold
|
|upkeep
|turn|9
|
|t:|1769327683
|move|p2a: Gholdengo|Nasty Plot|p2a: Gholdengo
|-boost|p2a: Gholdengo|spa|2
|move|p1a: Good As Bricks|Knock Off|p2a: Gholdengo
|-supereffective|p2a: Gholdengo
|-damage|p2a: Gholdengo|46/100
|-enditem|p2a: Gholdengo|Air Balloon
|
|upkeep
|turn|10
|
|t:|1769327691
|move|p2a: Gholdengo|Recover|p2a: Gholdengo
|-heal|p2a: Gholdengo|96/100
|move|p1a: Good As Bricks|Knock Off|p2a: Gholdengo
|-supereffective|p2a: Gholdengo
|-damage|p2a: Gholdengo|62/100
|
|upkeep
|turn|11
|
|t:|1769327696
|switch|p1a: Don'tLetItBeYou|Ditto, shiny|100/100
|-transform|p1a: Don'tLetItBeYou|p2a: Gholdengo|[from] ability: Imposter
|move|p2a: Gholdengo|Shadow Ball|p1a: Don'tLetItBeYou
|-supereffective|p1a: Don'tLetItBeYou
|-damage|p1a: Don'tLetItBeYou|0 fnt
|faint|p1a: Don'tLetItBeYou
|
|upkeep
|
|t:|1769327699
|switch|p1a: 平和|Kingambit, F|100/100
|-activate|p1a: 平和|ability: Supreme Overlord
|-start|p1a: 平和|fallen3|[silent]
|turn|12
|
|t:|1769327708
|switch|p2a: Great Tusk|Great Tusk|55/100
|move|p1a: 平和|Kowtow Cleave|p2a: Great Tusk
|-resisted|p2a: Great Tusk
|-damage|p2a: Great Tusk|26/100
|
|upkeep
|turn|13
|
|t:|1769327718
|-end|p1a: 平和|fallen3|[silent]
|switch|p1a: Good As Bricks|Sableye, M, shiny|100/100
|move|p2a: Great Tusk|Headlong Rush|p1a: Good As Bricks
|-damage|p1a: Good As Bricks|35/100
|-unboost|p2a: Great Tusk|def|1
|-unboost|p2a: Great Tusk|spd|1
|-damage|p2a: Great Tusk|10/100|[from] item: Rocky Helmet|[of] p1a: Good As Bricks
|
|upkeep
|turn|14
|
|t:|1769327723
|move|p2a: Great Tusk|Headlong Rush|p1a: Good As Bricks
|-damage|p1a: Good As Bricks|0 fnt
|-unboost|p2a: Great Tusk|def|1
|-unboost|p2a: Great Tusk|spd|1
|-damage|p2a: Great Tusk|0 fnt|[from] item: Rocky Helmet|[of] p1a: Good As Bricks
|faint|p1a: Good As Bricks
|faint|p2a: Great Tusk
|-end|p2a: Great Tusk|Protosynthesis|[silent]
|
|upkeep
|
|t:|1769327731
|switch|p2a: Samurott|Samurott-Hisui, M|100/100
|switch|p1a: Jet Black|Kyurem|100/100
|-damage|p2a: Samurott|88/100|[from] Stealth Rock
|-ability|p1a: Jet Black|Pressure
|turn|15
|
|t:|1769327746
|-terastallize|p2a: Samurott|Fairy
|move|p2a: Samurott|Sacred Sword|p1a: Jet Black
|-supereffective|p1a: Jet Black
|-damage|p1a: Jet Black|21/100
|move|p1a: Jet Black|Dragon Dance|p1a: Jet Black
|-boost|p1a: Jet Black|atk|1
|-boost|p1a: Jet Black|spe|1
|
|upkeep
|turn|16
|
|t:|1769327754
|move|p1a: Jet Black|Icicle Spear|p2a: Samurott
|-damage|p2a: Samurott|59/100
|-damage|p2a: Samurott|33/100
|-damage|p2a: Samurott|8/100
|-damage|p2a: Samurott|0 fnt
|faint|p2a: Samurott
|-hitcount|p2: Samurott|4
|
|upkeep
|
|t:|1769327758
|switch|p2a: Corviknight|Corviknight, F|100/100
|-damage|p2a: Corviknight|88/100|[from] Stealth Rock
|-ability|p2a: Corviknight|Pressure
|turn|17
|
|t:|1769327762
|-terastallize|p1a: Jet Black|Electric
|move|p1a: Jet Black|Tera Blast|p2a: Corviknight|[anim] Tera Blast Electric
|-supereffective|p2a: Corviknight
|-damage|p2a: Corviknight|5/100
|move|p2a: Corviknight|Iron Defense|p2a: Corviknight
|-boost|p2a: Corviknight|def|2
|
|-heal|p2a: Corviknight|11/100|[from] item: Leftovers
|upkeep
|turn|18
|
|t:|1769327768
|move|p1a: Jet Black|Icicle Spear|p2a: Corviknight
|-damage|p2a: Corviknight|4/100
|-damage|p2a: Corviknight|0 fnt
|faint|p2a: Corviknight
|-hitcount|p2: Corviknight|2
|
|upkeep
|
|t:|1769327775
|switch|p2a: Gholdengo|Gholdengo|62/100
|-damage|p2a: Gholdengo|56/100|[from] Stealth Rock
|turn|19
|
|t:|1769327779
|move|p1a: Jet Black|Tera Blast|p2a: Gholdengo|[anim] Tera Blast Electric
|-damage|p2a: Gholdengo|0 fnt
|faint|p2a: Gholdengo
|
|upkeep
|-message|CodeNumber_Beta forfeited.
|
|win|JD2Sleepy
|raw|JD2Sleepy's rating: 1528 &rarr; <strong>1548</strong><br />(+20 for winning)
|raw|CodeNumber_Beta's rating: 1531 &rarr; <strong>1511</strong><br />(-20 for losing)
