|j|☆scorpiomoe
|j|☆Metal belico
|t:|1769381159
|gametype|singles
|player|p1|scorpiomoe|102|1148
|player|p2|Metal belico|volkner|1227
|gen|9
|tier|[Gen 9] OU
|rated|
|rule|HP Percentage Mod: HP is shown in percentages
|rule|Endless Battle Clause: Forcing endless battles is banned
|rule|Species Clause: Limit one of each Pokémon
|rule|OHKO Clause: OHKO moves are banned
|rule|Evasion Items Clause: Evasion items are banned
|rule|Evasion Moves Clause: Evasion moves are banned
|rule|Evasion Abilities Clause: Evasion abilities are banned
|rule|Sleep Moves Clause: Sleep-inducing moves are banned
|clearpoke
|poke|p1|Lumineon, M|
|poke|p1|Glimmora, M|
|poke|p1|Meowscarada, M|
|poke|p1|Pelipper, M|
|poke|p1|Gholdengo|
|poke|p1|Hydreigon, F|
|poke|p2|Jolteon, M|
|poke|p2|Ninetales, M|
|poke|p2|Blastoise, F|
|poke|p2|Dragonite, F|
|poke|p2|Venusaur, M|
|poke|p2|Golem, F|
|teampreview
|inactive|Battle timer is ON: inactive players will automatically lose when time's up. (requested by scorpiomoe)
|
|t:|1769381183
|teamsize|p1|6
|teamsize|p2|6
|start
|switch|p1a: Glimmora|Glimmora, M, shiny|100/100
|switch|p2a: Golem|Golem, F|100/100
|turn|1
|
|t:|1769381198
|-terastallize|p1a: Glimmora|Flying
|move|p1a: Glimmora|Mortal Spin|p2a: Golem
|-resisted|p2a: Golem
|-damage|p2a: Golem|99/100
|-status|p2a: Golem|psn
|move|p2a: Golem|Rock Polish|p2a: Golem
|-boost|p2a: Golem|spe|2
|
|-damage|p2a: Golem|87/100 psn|[from] psn
|upkeep
|turn|2
|
|t:|1769381209
|-terastallize|p2a: Golem|Normal
|move|p1a: Glimmora|Spiky Shield|p1a: Glimmora
|-singleturn|p1a: Glimmora|move: Protect
|move|p2a: Golem|Self-Destruct|p1a: Glimmora
|-activate|p1a: Glimmora|move: Protect
|faint|p2a: Golem
|
|upkeep
|
|t:|1769381214
|switch|p2a: Jolteon|Jolteon, M|100/100
|turn|3
|
|t:|1769381220
|switch|p1a: Hydreigon|Hydreigon, F|100/100
|move|p2a: Jolteon|Discharge|p1a: Hydreigon
|-resisted|p1a: Hydreigon
|-crit|p1a: Hydreigon
|-damage|p1a: Hydreigon|78/100
|
|-status|p2a: Jolteon|brn|[from] item: Flame Orb
|upkeep
|turn|4
|
|t:|1769381232
|switch|p2a: Ninetales|Ninetales, M|100/100
|-weather|SunnyDay|[from] ability: Drought|[of] p2a: Ninetales
|move|p1a: Hydreigon|Draco Meteor|p2a: Ninetales
|-damage|p2a: Ninetales|31/100
|-unboost|p1a: Hydreigon|spa|2
|
|-weather|SunnyDay|[upkeep]
|upkeep
|turn|5
|
|t:|1769381240
|switch|p1a: Pelipper|Pelipper, M, shiny|100/100
|-weather|RainDance|[from] ability: Drizzle|[of] p1a: Pelipper
|move|p2a: Ninetales|Fire Spin|p1a: Pelipper
|-resisted|p1a: Pelipper
|-damage|p1a: Pelipper|96/100
|-activate|p1a: Pelipper|move: Fire Spin|[of] p2a: Ninetales
|
|-weather|RainDance|[upkeep]
|-damage|p1a: Pelipper|84/100|[from] move: Fire Spin|[partiallytrapped]
|upkeep
|turn|6
|
|t:|1769381246
|move|p2a: Ninetales|Protect|p2a: Ninetales
|-singleturn|p2a: Ninetales|Protect
|move|p1a: Pelipper|U-turn|p2a: Ninetales
|-activate|p2a: Ninetales|move: Protect
|
|-weather|RainDance|[upkeep]
|-damage|p1a: Pelipper|71/100|[from] move: Fire Spin|[partiallytrapped]
|upkeep
|turn|7
|
|t:|1769381250
|move|p2a: Ninetales|Disable|p1a: Pelipper
|-start|p1a: Pelipper|Disable|U-turn
|cant|p1a: Pelipper|Disable|U-turn
|
|-weather|RainDance|[upkeep]
|-damage|p1a: Pelipper|59/100|[from] move: Fire Spin|[partiallytrapped]
|upkeep
|turn|8
|
|t:|1769381254
|move|p2a: Ninetales|Encore|p1a: Pelipper
|-start|p1a: Pelipper|Encore
|cant|p1a: Pelipper|Disable|U-turn
|
|-weather|RainDance|[upkeep]
|-damage|p1a: Pelipper|47/100|[from] move: Fire Spin|[partiallytrapped]
|upkeep
|turn|9
|
|t:|1769381257
|move|p2a: Ninetales|Fire Spin|p1a: Pelipper
|-resisted|p1a: Pelipper
|-damage|p1a: Pelipper|42/100
|-activate|p1a: Pelipper|move: Struggle
|move|p1a: Pelipper|Struggle|p2a: Ninetales
|-damage|p2a: Ninetales|24/100
|-damage|p1a: Pelipper|17/100|[from] recoil
|
|-weather|RainDance|[upkeep]
|-damage|p1a: Pelipper|5/100|[from] move: Fire Spin|[partiallytrapped]
|upkeep
|turn|10
|
|t:|1769381262
|move|p2a: Ninetales|Fire Spin|p1a: Pelipper
|-resisted|p1a: Pelipper
|-damage|p1a: Pelipper|1/100
|-activate|p1a: Pelipper|move: Struggle
|move|p1a: Pelipper|Struggle|p2a: Ninetales
|-damage|p2a: Ninetales|16/100
|-damage|p1a: Pelipper|0 fnt|[from] recoil
|faint|p1a: Pelipper
|
|-weather|RainDance|[upkeep]
|upkeep
|
|t:|1769381264
|switch|p1a: Lumineon|Lumineon, M, shiny|100/100
|turn|11
|
|t:|1769381269
|switch|p2a: Blastoise|Blastoise, F|100/100
|move|p1a: Lumineon|Hydro Pump|p2a: Blastoise
|-resisted|p2a: Blastoise
|-damage|p2a: Blastoise|68/100
|
|-weather|RainDance|[upkeep]
|upkeep
|turn|12
|
|t:|1769381277
|switch|p2a: Ninetales|Ninetales, M|16/100
|-weather|SunnyDay|[from] ability: Drought|[of] p2a: Ninetales
|move|p1a: Lumineon|Hydro Pump|p2a: Ninetales
|-supereffective|p2a: Ninetales
|-damage|p2a: Ninetales|0 fnt
|faint|p2a: Ninetales
|
|-weather|SunnyDay|[upkeep]
|upkeep
|
|t:|1769381280
|switch|p2a: Venusaur|Venusaur, M|100/100
|turn|13
|
|t:|1769381287
|switch|p1a: Gholdengo|Gholdengo|100/100
|move|p2a: Venusaur|Growth|p2a: Venusaur
|-boost|p2a: Venusaur|atk|2
|-boost|p2a: Venusaur|spa|2
|
|-weather|SunnyDay|[upkeep]
|upkeep
|turn|14
|
|t:|1769381306
|move|p2a: Venusaur|Weather Ball|p1a: Gholdengo
|-supereffective|p1a: Gholdengo
|-damage|p1a: Gholdengo|0 fnt
|faint|p1a: Gholdengo
|
|-weather|SunnyDay|[upkeep]
|upkeep
|
|t:|1769381319
|switch|p1a: Meowscarada|Meowscarada, M, shiny|100/100
|turn|15
|
|t:|1769381325
|move|p2a: Venusaur|Weather Ball|p1a: Meowscarada
|-supereffective|p1a: Meowscarada
|-enditem|p1a: Meowscarada|Focus Sash
|-damage|p1a: Meowscarada|1/100
|move|p1a: Meowscarada|Knock Off|p2a: Venusaur
|-start|p1a: Meowscarada|typechange|Dark|[from] ability: Protean
|-damage|p2a: Venusaur|36/100
|-enditem|p2a: Venusaur|Black Sludge|[from] move: Knock Off|[of] p1a: Meowscarada
|
|-weather|SunnyDay|[upkeep]
|upkeep
|turn|16
|
|t:|1769381334
|move|p1a: Meowscarada|Sucker Punch|p2a: Venusaur
|-damage|p2a: Venusaur|0 fnt
|faint|p2a: Venusaur
|
|-weather|SunnyDay|[upkeep]
|upkeep
|
|t:|1769381335
|switch|p2a: Dragonite|Dragonite, F|100/100
|turn|17
|
|t:|1769381342
|switch|p1a: Glimmora|Glimmora, M, shiny, tera:Flying|100/100
|move|p2a: Dragonite|Extreme Speed|p1a: Glimmora
|-damage|p1a: Glimmora|65/100
|-damage|p2a: Dragonite|84/100|[from] item: Rocky Helmet|[of] p1a: Glimmora
|-activate|p1a: Glimmora|ability: Toxic Debris
|-sidestart|p2: Metal belico|move: Toxic Spikes
|
|-weather|SunnyDay|[upkeep]
|upkeep
|turn|18
|
|t:|1769381352
|move|p2a: Dragonite|Extreme Speed|p1a: Glimmora
|-damage|p1a: Glimmora|30/100
|-damage|p2a: Dragonite|67/100|[from] item: Rocky Helmet|[of] p1a: Glimmora
|-activate|p1a: Glimmora|ability: Toxic Debris
|-sidestart|p2: Metal belico|move: Toxic Spikes
|move|p1a: Glimmora|Stealth Rock|p2a: Dragonite
|-sidestart|p2: Metal belico|move: Stealth Rock
|
|-weather|SunnyDay|[upkeep]
|upkeep
|turn|19
|
|t:|1769381357
|move|p1a: Glimmora|Spiky Shield|p1a: Glimmora
|-singleturn|p1a: Glimmora|move: Protect
|move|p2a: Dragonite|Extreme Speed|p1a: Glimmora
|-activate|p1a: Glimmora|move: Protect
|-damage|p2a: Dragonite|55/100|[from] Spiky Shield|[of] p1a: Glimmora
|
|-weather|none
|upkeep
|turn|20
|
|t:|1769381365
|move|p2a: Dragonite|Extreme Speed|p1a: Glimmora
|-damage|p1a: Glimmora|0 fnt
|-damage|p2a: Dragonite|38/100|[from] item: Rocky Helmet|[of] p1a: Glimmora
|faint|p1a: Glimmora
|
|upkeep
|
|t:|1769381370
|switch|p1a: Meowscarada|Meowscarada, M, shiny|1/100
|turn|21
|
|t:|1769381384
|move|p2a: Dragonite|Extreme Speed|p1a: Meowscarada
|-damage|p1a: Meowscarada|0 fnt
|faint|p1a: Meowscarada
|
|upkeep
|
|t:|1769381385
|switch|p1a: Lumineon|Lumineon, M, shiny|100/100
|turn|22
|
|t:|1769381388
|move|p2a: Dragonite|Extreme Speed|p1a: Lumineon
|-damage|p1a: Lumineon|29/100
|move|p1a: Lumineon|Alluring Voice|p2a: Dragonite
|-supereffective|p2a: Dragonite
|-damage|p2a: Dragonite|0 fnt
|faint|p2a: Dragonite
|
|upkeep
|
|t:|1769381390
|switch|p2a: Blastoise|Blastoise, F|68/100
|turn|23
|
|t:|1769381392
|move|p1a: Lumineon|Alluring Voice|p2a: Blastoise
|-damage|p2a: Blastoise|47/100
|move|p2a: Blastoise|Rapid Spin|p1a: Lumineon
|-damage|p1a: Lumineon|12/100
|-boost|p2a: Blastoise|spe|1
|-sideend|p2: Metal belico|Toxic Spikes|[from] move: Rapid Spin|[of] p2a: Blastoise
|-sideend|p2: Metal belico|Stealth Rock|[from] move: Rapid Spin|[of] p2a: Blastoise
|
|upkeep
|turn|24
|
|t:|1769381400
|move|p2a: Blastoise|Rapid Spin|p1a: Lumineon
|-damage|p1a: Lumineon|0 fnt
|-boost|p2a: Blastoise|spe|1
|faint|p1a: Lumineon
|
|upkeep
|
|t:|1769381427
|switch|p1a: Hydreigon|Hydreigon, F|78/100
|turn|25
|
|t:|1769381434
|move|p1a: Hydreigon|Dark Pulse|p2a: Blastoise
|-damage|p2a: Blastoise|20/100
|move|p2a: Blastoise|Mirror Coat|p1a: Hydreigon
|-immune|p1a: Hydreigon
|
|upkeep
|turn|26
|inactive|scorpiomoe has 120 seconds left.
|inactive|scorpiomoe has 90 seconds left.
|
|t:|1769381508
|move|p2a: Blastoise|Body Press|p1a: Hydreigon
|-supereffective|p1a: Hydreigon
|-damage|p1a: Hydreigon|35/100
|move|p1a: Hydreigon|Dark Pulse|p2a: Blastoise
|-damage|p2a: Blastoise|0 fnt
|faint|p2a: Blastoise
|
|upkeep
|
|t:|1769381518
|switch|p2a: Jolteon|Jolteon, M|100/100 brn
|turn|27
|
|t:|1769381527
|move|p2a: Jolteon|Tera Blast|p1a: Hydreigon
|-crit|p1a: Hydreigon
|-damage|p1a: Hydreigon|3/100
|move|p1a: Hydreigon|Draco Meteor|p2a: Jolteon
|-crit|p2a: Jolteon
|-damage|p2a: Jolteon|0 fnt
|-unboost|p1a: Hydreigon|spa|2
|faint|p2a: Jolteon
|
|win|scorpiomoe
|raw|scorpiomoe's rating: 1148 &rarr; <strong>1179</strong><br />(+31 for winning)
|raw|Metal belico's rating: 1227 &rarr; <strong>1196</strong><br />(-31 for losing)
|l|☆Metal belico
|player|p2|
|l|☆scorpiomoe
|player|p1|
