|j|☆Terttudjdje
|j|‽Salamcremsko
|t:|1769333479
|gametype|singles
|player|p1|Terttudjdje|266|1206
|player|p2|Salamcremsko|1|1255
|gen|9
|tier|[Gen 9] OU
|rated|
|rule|HP Percentage Mod: HP is shown in percentages
|rule|Endless Battle Clause: Forcing endless battles is banned
|rule|Species Clause: Limit one of each Pokémon
|rule|OHKO Clause: OHKO moves are banned
|rule|Evasion Items Clause: Evasion items are banned
|rule|Evasion Moves Clause: Evasion moves are banned
|rule|Evasion Abilities Clause: Evasion abilities are banned
|rule|Sleep Moves Clause: Sleep-inducing moves are banned
|clearpoke
|poke|p1|Toxapex, M|
|poke|p1|Gliscor, F|
|poke|p1|Slaking, F|
|poke|p1|Heatran, M|
|poke|p1|Great Tusk|
|poke|p1|Alomomola, M|
|poke|p2|Dragonite, F|
|poke|p2|Kingambit, M|
|poke|p2|Slowking-Galar, M|
|poke|p2|Zamazenta-*|
|poke|p2|Great Tusk|
|poke|p2|Iron Valiant|
|teampreview
|
|t:|1769333499
|teamsize|p1|6
|teamsize|p2|6
|start
|switch|p1a: Slaking|Slaking, F|100/100
|switch|p2a: Zamazenta|Zamazenta|100/100
|-ability|p2a: Zamazenta|Dauntless Shield|boost
|-boost|p2a: Zamazenta|def|1
|turn|1
|inactive|Battle timer is ON: inactive players will automatically lose when time's up. (requested by Terttudjdje)
|
|t:|1769333508
|switch|p1a: Toxapex|Toxapex, M|100/100
|move|p2a: Zamazenta|Substitute|p2a: Zamazenta
|-start|p2a: Zamazenta|Substitute
|-damage|p2a: Zamazenta|76/100
|
|-heal|p2a: Zamazenta|82/100|[from] item: Leftovers
|upkeep
|turn|2
|
|t:|1769333518
|move|p2a: Zamazenta|Iron Defense|p2a: Zamazenta
|-boost|p2a: Zamazenta|def|2
|move|p1a: Toxapex|Poison Jab|p2a: Zamazenta
|-activate|p2a: Zamazenta|move: Substitute|[damage]
|
|-heal|p2a: Zamazenta|88/100|[from] item: Leftovers
|upkeep
|turn|3
|
|t:|1769333526
|move|p2a: Zamazenta|Iron Defense|p2a: Zamazenta
|-boost|p2a: Zamazenta|def|2
|move|p1a: Toxapex|Haze|p1a: Toxapex
|-clearallboost
|
|-heal|p2a: Zamazenta|94/100|[from] item: Leftovers
|upkeep
|turn|4
|
|t:|1769333537
|move|p2a: Zamazenta|Iron Defense|p2a: Zamazenta
|-boost|p2a: Zamazenta|def|2
|move|p1a: Toxapex|Poison Jab|p2a: Zamazenta
|-activate|p2a: Zamazenta|move: Substitute|[damage]
|
|-heal|p2a: Zamazenta|99/100|[from] item: Leftovers
|upkeep
|turn|5
|
|t:|1769333545
|move|p2a: Zamazenta|Body Press|p1a: Toxapex
|-resisted|p1a: Toxapex
|-crit|p1a: Toxapex
|-damage|p1a: Toxapex|57/100
|move|p1a: Toxapex|Haze|p1a: Toxapex
|-clearallboost
|
|-heal|p2a: Zamazenta|100/100|[from] item: Leftovers
|-heal|p1a: Toxapex|63/100|[from] item: Leftovers
|upkeep
|turn|6
|
|t:|1769333558
|switch|p1a: Alomomola|Alomomola, M|100/100
|move|p2a: Zamazenta|Iron Defense|p2a: Zamazenta
|-boost|p2a: Zamazenta|def|2
|
|upkeep
|turn|7
|
|t:|1769333567
|move|p2a: Zamazenta|Iron Defense|p2a: Zamazenta
|-boost|p2a: Zamazenta|def|2
|move|p1a: Alomomola|Flip Turn|p2a: Zamazenta
|-activate|p2a: Zamazenta|move: Substitute|[damage]
|
|t:|1769333574
|switch|p1a: Toxapex|Toxapex, M|96/100|[from] Flip Turn
|
|-heal|p1a: Toxapex|100/100|[from] item: Leftovers
|upkeep
|turn|8
|
|t:|1769333580
|move|p2a: Zamazenta|Body Press|p1a: Toxapex
|-resisted|p1a: Toxapex
|-damage|p1a: Toxapex|58/100
|move|p1a: Toxapex|Haze|p1a: Toxapex
|-clearallboost
|
|-heal|p1a: Toxapex|64/100|[from] item: Leftovers
|upkeep
|turn|9
|
|t:|1769333590
|move|p2a: Zamazenta|Iron Defense|p2a: Zamazenta
|-boost|p2a: Zamazenta|def|2
|move|p1a: Toxapex|Poison Jab|p2a: Zamazenta
|-activate|p2a: Zamazenta|move: Substitute|[damage]
|
|-heal|p1a: Toxapex|71/100|[from] item: Leftovers
|upkeep
|turn|10
|
|t:|1769333599
|move|p2a: Zamazenta|Body Press|p1a: Toxapex
|-resisted|p1a: Toxapex
|-damage|p1a: Toxapex|42/100
|move|p1a: Toxapex|Haze|p1a: Toxapex
|-clearallboost
|
|-heal|p1a: Toxapex|48/100|[from] item: Leftovers
|upkeep
|turn|11
|
|t:|1769333609
|switch|p1a: Alomomola|Alomomola, M|100/100
|move|p2a: Zamazenta|Iron Defense|p2a: Zamazenta
|-boost|p2a: Zamazenta|def|2
|
|upkeep
|turn|12
|
|t:|1769333616
|move|p2a: Zamazenta|Iron Defense|p2a: Zamazenta
|-boost|p2a: Zamazenta|def|2
|move|p1a: Alomomola|Flip Turn|p2a: Zamazenta
|-end|p2a: Zamazenta|Substitute
|
|t:|1769333622
|switch|p1a: Toxapex|Toxapex, M|81/100|[from] Flip Turn
|
|-heal|p1a: Toxapex|88/100|[from] item: Leftovers
|upkeep
|turn|13
|
|t:|1769333630
|move|p2a: Zamazenta|Body Press|p1a: Toxapex
|-resisted|p1a: Toxapex
|-damage|p1a: Toxapex|40/100
|move|p1a: Toxapex|Haze|p1a: Toxapex
|-clearallboost
|
|-heal|p1a: Toxapex|46/100|[from] item: Leftovers
|upkeep
|turn|14
|
|t:|1769333640
|move|p2a: Zamazenta|Substitute|p2a: Zamazenta
|-start|p2a: Zamazenta|Substitute
|-damage|p2a: Zamazenta|76/100
|move|p1a: Toxapex|Toxic||[still]
|-fail|p1a: Toxapex
|
|-heal|p2a: Zamazenta|82/100|[from] item: Leftovers
|-heal|p1a: Toxapex|52/100|[from] item: Leftovers
|upkeep
|turn|15
|
|t:|1769333651
|move|p2a: Zamazenta|Iron Defense|p2a: Zamazenta
|-boost|p2a: Zamazenta|def|2
|move|p1a: Toxapex|Haze|p1a: Toxapex
|-clearallboost
|
|-heal|p2a: Zamazenta|88/100|[from] item: Leftovers
|-heal|p1a: Toxapex|59/100|[from] item: Leftovers
|upkeep
|turn|16
|
|t:|1769333660
|move|p2a: Zamazenta|Body Press|p1a: Toxapex
|-resisted|p1a: Toxapex
|-damage|p1a: Toxapex|43/100
|move|p1a: Toxapex|Haze|p1a: Toxapex
|-clearallboost
|
|-heal|p2a: Zamazenta|94/100|[from] item: Leftovers
|-heal|p1a: Toxapex|49/100|[from] item: Leftovers
|upkeep
|turn|17
|
|t:|1769333670
|switch|p1a: Alomomola|Alomomola, M|100/100
|move|p2a: Zamazenta|Body Press|p1a: Alomomola
|-damage|p1a: Alomomola|81/100
|-damage|p2a: Zamazenta|77/100|[from] item: Rocky Helmet|[of] p1a: Alomomola
|
|-heal|p2a: Zamazenta|83/100|[from] item: Leftovers
|upkeep
|turn|18
|
|t:|1769333681
|move|p2a: Zamazenta|Iron Defense|p2a: Zamazenta
|-boost|p2a: Zamazenta|def|2
|move|p1a: Alomomola|Flip Turn|p2a: Zamazenta
|-activate|p2a: Zamazenta|move: Substitute|[damage]
|
|t:|1769333687
|switch|p1a: Toxapex|Toxapex, M|82/100|[from] Flip Turn
|
|-heal|p2a: Zamazenta|89/100|[from] item: Leftovers
|-heal|p1a: Toxapex|89/100|[from] item: Leftovers
|upkeep
|turn|19
|
|t:|1769333694
|move|p2a: Zamazenta|Body Press|p1a: Toxapex
|-resisted|p1a: Toxapex
|-damage|p1a: Toxapex|58/100
|move|p1a: Toxapex|Haze|p1a: Toxapex
|-clearallboost
|
|-heal|p2a: Zamazenta|96/100|[from] item: Leftovers
|-heal|p1a: Toxapex|64/100|[from] item: Leftovers
|upkeep
|turn|20
|
|t:|1769333712
|move|p2a: Zamazenta|Iron Defense|p2a: Zamazenta
|-boost|p2a: Zamazenta|def|2
|move|p1a: Toxapex|Recover|p1a: Toxapex
|-heal|p1a: Toxapex|100/100
|
|-heal|p2a: Zamazenta|100/100|[from] item: Leftovers
|upkeep
|turn|21
|
|t:|1769333724
|move|p2a: Zamazenta|Body Press|p1a: Toxapex
|-resisted|p1a: Toxapex
|-damage|p1a: Toxapex|72/100
|move|p1a: Toxapex|Haze|p1a: Toxapex
|-clearallboost
|
|-heal|p1a: Toxapex|78/100|[from] item: Leftovers
|upkeep
|turn|22
|
|t:|1769333734
|move|p2a: Zamazenta|Iron Defense|p2a: Zamazenta
|-boost|p2a: Zamazenta|def|2
|move|p1a: Toxapex|Haze|p1a: Toxapex
|-clearallboost
|
|-heal|p1a: Toxapex|84/100|[from] item: Leftovers
|upkeep
|turn|23
|
|t:|1769333743
|move|p2a: Zamazenta|Iron Defense|p2a: Zamazenta
|-boost|p2a: Zamazenta|def|2
|move|p1a: Toxapex|Haze|p1a: Toxapex
|-clearallboost
|
|-heal|p1a: Toxapex|91/100|[from] item: Leftovers
|upkeep
|turn|24
|
|t:|1769333754
|switch|p2a: Iron Valiant|Iron Valiant|100/100
|-enditem|p2a: Iron Valiant|Booster Energy
|-activate|p2a: Iron Valiant|ability: Quark Drive|[fromitem]
|-start|p2a: Iron Valiant|quarkdrivespe
|move|p1a: Toxapex|Haze|p1a: Toxapex
|-clearallboost
|
|-heal|p1a: Toxapex|97/100|[from] item: Leftovers
|upkeep
|turn|25
|
|t:|1769333766
|move|p2a: Iron Valiant|Calm Mind|p2a: Iron Valiant
|-boost|p2a: Iron Valiant|spa|1
|-boost|p2a: Iron Valiant|spd|1
|move|p1a: Toxapex|Toxic|p2a: Iron Valiant
|-status|p2a: Iron Valiant|tox
|
|-heal|p1a: Toxapex|100/100|[from] item: Leftovers
|-damage|p2a: Iron Valiant|94/100 tox|[from] psn
|upkeep
|turn|26
|
|t:|1769333776
|move|p2a: Iron Valiant|Thunderbolt|p1a: Toxapex
|-supereffective|p1a: Toxapex
|-damage|p1a: Toxapex|49/100
|-status|p1a: Toxapex|par
|cant|p1a: Toxapex|par
|
|-heal|p1a: Toxapex|55/100 par|[from] item: Leftovers
|-damage|p2a: Iron Valiant|82/100 tox|[from] psn
|upkeep
|turn|27
|
|t:|1769333786
|switch|p1a: Gliscor|Gliscor, F|100/100
|move|p2a: Iron Valiant|Moonblast|p1a: Gliscor
|-damage|p1a: Gliscor|38/100
|
|-damage|p2a: Iron Valiant|63/100 tox|[from] psn
|-status|p1a: Gliscor|tox|[from] item: Toxic Orb
|upkeep
|turn|28
|
|t:|1769333797
|move|p1a: Gliscor|Protect|p1a: Gliscor
|-singleturn|p1a: Gliscor|Protect
|move|p2a: Iron Valiant|Calm Mind|p2a: Iron Valiant
|-boost|p2a: Iron Valiant|spa|1
|-boost|p2a: Iron Valiant|spd|1
|
|-damage|p2a: Iron Valiant|38/100 tox|[from] psn
|-heal|p1a: Gliscor|50/100 tox|[from] ability: Poison Heal
|upkeep
|turn|29
|
|t:|1769333811
|switch|p1a: Heatran|Heatran, M|100/100
|move|p2a: Iron Valiant|Aura Sphere|p1a: Heatran
|-supereffective|p1a: Heatran
|-damage|p1a: Heatran|0 fnt
|faint|p1a: Heatran
|
|-damage|p2a: Iron Valiant|7/100 tox|[from] psn
|upkeep
|
|t:|1769333821
|switch|p1a: Gliscor|Gliscor, F|50/100 tox
|turn|30
|
|t:|1769333827
|move|p1a: Gliscor|Protect|p1a: Gliscor
|-singleturn|p1a: Gliscor|Protect
|move|p2a: Iron Valiant|Moonblast|p1a: Gliscor
|-activate|p1a: Gliscor|move: Protect
|
|-damage|p2a: Iron Valiant|0 fnt|[from] psn
|faint|p2a: Iron Valiant
|-end|p2a: Iron Valiant|Quark Drive|[silent]
|-heal|p1a: Gliscor|63/100 tox|[from] ability: Poison Heal
|upkeep
|
|t:|1769333837
|switch|p2a: Great Tusk|Great Tusk, shiny|100/100
|turn|31
|
|t:|1769333845
|switch|p1a: Alomomola|Alomomola, M|100/100
|move|p2a: Great Tusk|Earthquake|p1a: Alomomola
|-damage|p1a: Alomomola|77/100
|
|upkeep
|turn|32
|
|t:|1769333854
|-terastallize|p2a: Great Tusk|Steel
|move|p2a: Great Tusk|Stealth Rock|p1a: Alomomola
|-sidestart|p1: Terttudjdje|move: Stealth Rock
|move|p1a: Alomomola|Wish|p1a: Alomomola
|
|upkeep
|turn|33
|
|t:|1769333863
|move|p2a: Great Tusk|Ice Spinner|p1a: Alomomola
|-resisted|p1a: Alomomola
|-damage|p1a: Alomomola|71/100
|-damage|p2a: Great Tusk|84/100|[from] item: Rocky Helmet|[of] p1a: Alomomola
|move|p1a: Alomomola|Flip Turn|p2a: Great Tusk
|-damage|p2a: Great Tusk|75/100
|
|t:|1769333884
|switch|p1a: Great Tusk|Great Tusk|100/100|[from] Flip Turn
|
|-heal|p2a: Great Tusk|81/100|[from] item: Leftovers
|upkeep
|turn|34
|
|t:|1769333902
|-end|p2a: Great Tusk|Protosynthesis|[silent]
|switch|p2a: Dragonite|Dragonite, F, shiny|100/100
|move|p1a: Great Tusk|Rapid Spin|p2a: Dragonite
|-damage|p2a: Dragonite|92/100
|-boost|p1a: Great Tusk|spe|1
|-sideend|p1: Terttudjdje|Stealth Rock|[from] move: Rapid Spin|[of] p1a: Great Tusk
|
|upkeep
|turn|35
|
|t:|1769333911
|move|p1a: Great Tusk|Ice Spinner|p2a: Dragonite
|-supereffective|p2a: Dragonite
|-damage|p2a: Dragonite|0 fnt
|faint|p2a: Dragonite
|
|upkeep
|
|t:|1769333924
|switch|p2a: Slowking|Slowking-Galar, M|100/100
|turn|36
|
|t:|1769333931
|move|p1a: Great Tusk|Headlong Rush|p2a: Slowking
|-supereffective|p2a: Slowking
|-damage|p2a: Slowking|0 fnt
|-unboost|p1a: Great Tusk|def|1
|-unboost|p1a: Great Tusk|spd|1
|faint|p2a: Slowking
|
|upkeep
|
|t:|1769333947
|switch|p2a: Great Tusk|Great Tusk, shiny, tera:Steel|81/100
|turn|37
|
|t:|1769333963
|-end|p1a: Great Tusk|Protosynthesis|[silent]
|switch|p1a: Gliscor|Gliscor, F|63/100 tox
|-end|p2a: Great Tusk|Protosynthesis|[silent]
|switch|p2a: Zamazenta|Zamazenta|100/100
|
|-heal|p1a: Gliscor|75/100 tox|[from] ability: Poison Heal
|upkeep
|turn|38
|
|t:|1769333972
|move|p2a: Zamazenta|Substitute|p2a: Zamazenta
|-start|p2a: Zamazenta|Substitute
|-damage|p2a: Zamazenta|76/100
|move|p1a: Gliscor|Knock Off|p2a: Zamazenta
|-resisted|p2a: Zamazenta
|-activate|p2a: Zamazenta|move: Substitute|[damage]
|
|-heal|p2a: Zamazenta|82/100|[from] item: Leftovers
|-heal|p1a: Gliscor|88/100 tox|[from] ability: Poison Heal
|upkeep
|turn|39
|
|t:|1769333982
|move|p2a: Zamazenta|Iron Defense|p2a: Zamazenta
|-boost|p2a: Zamazenta|def|2
|move|p1a: Gliscor|Spikes|p2a: Zamazenta
|-sidestart|p2: Salamcremsko|Spikes
|
|-heal|p2a: Zamazenta|88/100|[from] item: Leftovers
|-heal|p1a: Gliscor|99/100 tox|[from] ability: Poison Heal
|upkeep
|turn|40
|
|t:|1769333992
|switch|p1a: Toxapex|Toxapex, M|88/100 par
|move|p2a: Zamazenta|Iron Defense|p2a: Zamazenta
|-boost|p2a: Zamazenta|def|2
|
|-heal|p2a: Zamazenta|94/100|[from] item: Leftovers
|-heal|p1a: Toxapex|94/100 par|[from] item: Leftovers
|upkeep
|turn|41
|
|t:|1769334001
|move|p2a: Zamazenta|Body Press|p1a: Toxapex
|-resisted|p1a: Toxapex
|-damage|p1a: Toxapex|52/100 par
|move|p1a: Toxapex|Haze|p1a: Toxapex
|-clearallboost
|
|-heal|p2a: Zamazenta|99/100|[from] item: Leftovers
|-heal|p1a: Toxapex|58/100 par|[from] item: Leftovers
|upkeep
|turn|42
|
|t:|1769334019
|switch|p1a: Alomomola|Alomomola, M|100/100
|move|p2a: Zamazenta|Iron Defense|p2a: Zamazenta
|-boost|p2a: Zamazenta|def|2
|
|-heal|p2a: Zamazenta|100/100|[from] item: Leftovers
|upkeep
|turn|43
|
|t:|1769334033
|move|p2a: Zamazenta|Iron Defense|p2a: Zamazenta
|-boost|p2a: Zamazenta|def|2
|move|p1a: Alomomola|Flip Turn|p2a: Zamazenta
|-activate|p2a: Zamazenta|move: Substitute|[damage]
|
|t:|1769334039
|switch|p1a: Toxapex|Toxapex, M|91/100 par|[from] Flip Turn
|
|-heal|p1a: Toxapex|98/100 par|[from] item: Leftovers
|upkeep
|turn|44
|
|t:|1769334045
|move|p2a: Zamazenta|Body Press|p1a: Toxapex
|-resisted|p1a: Toxapex
|-damage|p1a: Toxapex|51/100 par
|move|p1a: Toxapex|Haze|p1a: Toxapex
|-clearallboost
|
|-heal|p1a: Toxapex|57/100 par|[from] item: Leftovers
|upkeep
|turn|45
|
|t:|1769334059
|switch|p1a: Alomomola|Alomomola, M|100/100
|move|p2a: Zamazenta|Body Press|p1a: Alomomola
|-damage|p1a: Alomomola|81/100
|-damage|p2a: Zamazenta|84/100|[from] item: Rocky Helmet|[of] p1a: Alomomola
|
|-heal|p2a: Zamazenta|90/100|[from] item: Leftovers
|upkeep
|turn|46
|
|t:|1769334069
|move|p2a: Zamazenta|Body Press|p1a: Alomomola
|-damage|p1a: Alomomola|59/100
|-damage|p2a: Zamazenta|74/100|[from] item: Rocky Helmet|[of] p1a: Alomomola
|move|p1a: Alomomola|Flip Turn|p2a: Zamazenta
|-activate|p2a: Zamazenta|move: Substitute|[damage]
|
|t:|1769334077
|switch|p1a: Toxapex|Toxapex, M|91/100 par|[from] Flip Turn
|
|-heal|p2a: Zamazenta|80/100|[from] item: Leftovers
|-heal|p1a: Toxapex|97/100 par|[from] item: Leftovers
|upkeep
|turn|47
|
|t:|1769334085
|switch|p2a: Great Tusk|Great Tusk, shiny, tera:Steel|81/100
|-damage|p2a: Great Tusk|69/100|[from] Spikes
|switch|p1a: Alomomola|Alomomola, M|92/100
|
|-heal|p2a: Great Tusk|75/100|[from] item: Leftovers
|upkeep
|turn|48
|
|t:|1769334095
|move|p2a: Great Tusk|Rapid Spin|p1a: Alomomola
|-damage|p1a: Alomomola|84/100
|-boost|p2a: Great Tusk|spe|1
|-damage|p2a: Great Tusk|58/100|[from] item: Rocky Helmet|[of] p1a: Alomomola
|-sideend|p2: Salamcremsko|Spikes|[from] move: Rapid Spin|[of] p2a: Great Tusk
|move|p1a: Alomomola|Flip Turn|p2a: Great Tusk
|-damage|p2a: Great Tusk|49/100
|
|t:|1769334103
|switch|p1a: Slaking|Slaking, F|100/100|[from] Flip Turn
|
|-heal|p2a: Great Tusk|55/100|[from] item: Leftovers
|upkeep
|turn|49
|
|t:|1769334116
|move|p2a: Great Tusk|Stealth Rock|p1a: Slaking
|-sidestart|p1: Terttudjdje|move: Stealth Rock
|move|p1a: Slaking|Earthquake|p2a: Great Tusk
|-supereffective|p2a: Great Tusk
|-damage|p2a: Great Tusk|0 fnt
|faint|p2a: Great Tusk
|-end|p2a: Great Tusk|Protosynthesis|[silent]
|
|upkeep
|
|t:|1769334123
|switch|p2a: Kingambit|Kingambit, M|100/100
|-activate|p2a: Kingambit|ability: Supreme Overlord
|-start|p2a: Kingambit|fallen4|[silent]
|turn|50
|
|t:|1769334130
|switch|p1a: Great Tusk|Great Tusk|100/100
|move|p2a: Kingambit|Swords Dance|p2a: Kingambit
|-boost|p2a: Kingambit|atk|2
|
|upkeep
|turn|51
|
|t:|1769334155
|move|p2a: Kingambit|Sucker Punch|p1a: Great Tusk
|-resisted|p1a: Great Tusk
|-damage|p1a: Great Tusk|63/100
|move|p1a: Great Tusk|Close Combat|p2a: Kingambit
|-supereffective|p2a: Kingambit
|-damage|p2a: Kingambit|0 fnt
|-unboost|p1a: Great Tusk|def|1
|-unboost|p1a: Great Tusk|spd|1
|faint|p2a: Kingambit
|-end|p2a: Kingambit|fallen4|[silent]
|
|upkeep
|-message|Salamcremsko forfeited.
|
|win|Terttudjdje
|raw|Terttudjdje's rating: 1206 &rarr; <strong>1235</strong><br />(+29 for winning)
|raw|Salamcremsko's rating: 1255 &rarr; <strong>1226</strong><br />(-29 for losing)
|l|‽Salamcremsko
|player|p2|
|l|☆Terttudjdje
|player|p1|
