|j|☆mash13
|j|☆Red the pikamon
|t:|1769404489
|gametype|singles
|player|p1|mash13|pokemaniac|1139
|player|p2|Red the pikamon|firebreather|1107
|gen|9
|tier|[Gen 9] OU
|rated|
|rule|HP Percentage Mod: HP is shown in percentages
|rule|Endless Battle Clause: Forcing endless battles is banned
|rule|Species Clause: Limit one of each Pokémon
|rule|OHKO Clause: OHKO moves are banned
|rule|Evasion Items Clause: Evasion items are banned
|rule|Evasion Moves Clause: Evasion moves are banned
|rule|Evasion Abilities Clause: Evasion abilities are banned
|rule|Sleep Moves Clause: Sleep-inducing moves are banned
|clearpoke
|poke|p1|Hoopa-Unbound|
|poke|p1|Slowking-Galar, F|
|poke|p1|Alomomola, F|
|poke|p1|Zamazenta-*|
|poke|p1|Great Tusk|
|poke|p1|Kingambit, F|
|poke|p2|Pikachu, F|
|poke|p2|Charizard, M|
|poke|p2|Venusaur, F|
|poke|p2|Blastoise, M|
|poke|p2|Snorlax, F|
|poke|p2|Dragonite, M|
|teampreview
|inactive|Battle timer is ON: inactive players will automatically lose when time's up. (requested by mash13)
|
|t:|1769404499
|teamsize|p1|6
|teamsize|p2|6
|start
|switch|p1a: Slowking|Slowking-Galar, F|100/100
|switch|p2a: Pikachu|Pikachu, F|100/100
|turn|1
|
|t:|1769404506
|move|p2a: Pikachu|Substitute|p2a: Pikachu
|-start|p2a: Pikachu|Substitute
|-damage|p2a: Pikachu|76/100
|move|p1a: Slowking|Future Sight|p2a: Pikachu
|-start|p1a: Slowking|move: Future Sight
|
|upkeep
|turn|2
|
|t:|1769404512
|move|p2a: Pikachu|Knock Off|p1a: Slowking
|-supereffective|p1a: Slowking
|-damage|p1a: Slowking|24/100
|-enditem|p1a: Slowking|Heavy-Duty Boots|[from] move: Knock Off|[of] p2a: Pikachu
|-prepare|p1a: Slowking|Chilly Reception|[premajor]
|move|p1a: Slowking|Chilly Reception|p1a: Slowking
|-weather|Snowscape
|
|t:|1769404521
|switch|p1a: Great Tusk|Great Tusk|100/100|[from] Chilly Reception
|
|-weather|Snowscape|[upkeep]
|upkeep
|turn|3
|
|t:|1769404529
|move|p2a: Pikachu|Knock Off|p1a: Great Tusk
|-resisted|p1a: Great Tusk
|-damage|p1a: Great Tusk|85/100
|-enditem|p1a: Great Tusk|Heavy-Duty Boots|[from] move: Knock Off|[of] p2a: Pikachu
|move|p1a: Great Tusk|Headlong Rush|p2a: Pikachu
|-supereffective|p2a: Pikachu
|-end|p2a: Pikachu|Substitute
|-unboost|p1a: Great Tusk|def|1
|-unboost|p1a: Great Tusk|spd|1
|
|-weather|Snowscape|[upkeep]
|-end|p2a: Pikachu|move: Future Sight
|-damage|p2a: Pikachu|0 fnt
|faint|p2a: Pikachu
|upkeep
|inactive|Red the pikamon has 120 seconds left.
|
|t:|1769404570
|switch|p2a: Blastoise|Blastoise, M|100/100
|turn|4
|
|t:|1769404579
|-end|p1a: Great Tusk|Protosynthesis|[silent]
|switch|p1a: Alomomola|Alomomola, F|100/100
|move|p2a: Blastoise|Flip Turn|p1a: Alomomola
|-resisted|p1a: Alomomola
|-damage|p1a: Alomomola|95/100
|
|t:|1769404584
|switch|p2a: Venusaur|Venusaur, F|100/100|[from] Flip Turn
|
|-weather|Snowscape|[upkeep]
|upkeep
|turn|5
|
|t:|1769404592
|switch|p1a: Zamazenta|Zamazenta|100/100
|-ability|p1a: Zamazenta|Dauntless Shield|boost
|-boost|p1a: Zamazenta|def|1
|move|p2a: Venusaur|Leech Seed|p1a: Zamazenta
|-start|p1a: Zamazenta|move: Leech Seed
|
|-weather|Snowscape|[upkeep]
|-damage|p1a: Zamazenta|88/100|[from] Leech Seed|[of] p2a: Venusaur
|upkeep
|turn|6
|
|t:|1769404601
|move|p1a: Zamazenta|Iron Defense|p1a: Zamazenta
|-boost|p1a: Zamazenta|def|2
|move|p2a: Venusaur|Sludge Bomb|p1a: Zamazenta
|-damage|p1a: Zamazenta|60/100
|-status|p1a: Zamazenta|psn
|
|-weather|none
|-heal|p1a: Zamazenta|66/100 psn|[from] item: Leftovers
|-damage|p1a: Zamazenta|54/100 psn|[from] Leech Seed|[of] p2a: Venusaur
|-damage|p1a: Zamazenta|41/100 psn|[from] psn
|upkeep
|turn|7
|
|t:|1769404613
|move|p1a: Zamazenta|Body Press|p2a: Venusaur
|-resisted|p2a: Venusaur
|-damage|p2a: Venusaur|66/100
|move|p2a: Venusaur|Giga Drain|p1a: Zamazenta
|-damage|p1a: Zamazenta|20/100 psn
|-heal|p2a: Venusaur|76/100|[from] drain|[of] p1a: Zamazenta
|
|-heal|p1a: Zamazenta|26/100 psn|[from] item: Leftovers
|-heal|p2a: Venusaur|82/100|[from] item: Black Sludge
|-damage|p1a: Zamazenta|13/100 psn|[from] Leech Seed|[of] p2a: Venusaur
|-heal|p2a: Venusaur|94/100|[silent]
|-damage|p1a: Zamazenta|1/100 psn|[from] psn
|upkeep
|turn|8
|
|t:|1769404633
|switch|p1a: Hoopa|Hoopa-Unbound|100/100
|move|p2a: Venusaur|Substitute|p2a: Venusaur
|-start|p2a: Venusaur|Substitute
|-damage|p2a: Venusaur|69/100
|
|-heal|p2a: Venusaur|75/100|[from] item: Black Sludge
|upkeep
|turn|9
|
|t:|1769404643
|move|p1a: Hoopa|Hyperspace Fury|p2a: Venusaur
|-damage|p2a: Venusaur|0 fnt
|-unboost|p1a: Hoopa|def|1
|faint|p2a: Venusaur
|
|upkeep
|
|t:|1769404653
|switch|p2a: Snorlax|Snorlax, F|100/100
|turn|10
|
|t:|1769404658
|move|p1a: Hoopa|Hyperspace Fury|p2a: Snorlax
|-damage|p2a: Snorlax|17/100
|-unboost|p1a: Hoopa|def|1
|move|p2a: Snorlax|Curse|p2a: Snorlax
|-unboost|p2a: Snorlax|spe|1
|-boost|p2a: Snorlax|atk|1
|-boost|p2a: Snorlax|def|1
|
|-heal|p2a: Snorlax|23/100|[from] item: Leftovers
|upkeep
|turn|11
|inactive|Red the pikamon has 120 seconds left.
|
|t:|1769404703
|move|p1a: Hoopa|Hyperspace Fury|p2a: Snorlax
|-damage|p2a: Snorlax|0 fnt
|-unboost|p1a: Hoopa|def|1
|faint|p2a: Snorlax
|
|upkeep
|
|t:|1769404710
|switch|p2a: Dragonite|Dragonite, M|100/100
|turn|12
|
|t:|1769404718
|switch|p1a: Alomomola|Alomomola, F|100/100
|move|p2a: Dragonite|Dragon Dance|p2a: Dragonite
|-boost|p2a: Dragonite|atk|1
|-boost|p2a: Dragonite|spe|1
|
|upkeep
|turn|13
|
|t:|1769404732
|move|p2a: Dragonite|Dragon Dance|p2a: Dragonite
|-boost|p2a: Dragonite|atk|1
|-boost|p2a: Dragonite|spe|1
|move|p1a: Alomomola|Wish|p1a: Alomomola
|
|upkeep
|turn|14
|inactive|Red the pikamon has 120 seconds left.
|
|t:|1769404738
|move|p2a: Dragonite|Earthquake|p1a: Alomomola
|-damage|p1a: Alomomola|52/100
|move|p1a: Alomomola|Flip Turn|p2a: Dragonite
|-resisted|p2a: Dragonite
|-damage|p2a: Dragonite|96/100
|
|t:|1769404752
|switch|p1a: Zamazenta|Zamazenta|1/100 psn|[from] Flip Turn
|
|-heal|p1a: Zamazenta|68/100 psn|[from] move: Wish|[wisher] Alomomola
|-heal|p1a: Zamazenta|74/100 psn|[from] item: Leftovers
|-damage|p1a: Zamazenta|62/100 psn|[from] psn
|upkeep
|turn|15
|
|t:|1769404768
|switch|p1a: Alomomola|Alomomola, F|85/100
|-terastallize|p2a: Dragonite|Normal
|move|p2a: Dragonite|Extreme Speed|p1a: Alomomola
|-crit|p1a: Alomomola
|-damage|p1a: Alomomola|0 fnt
|faint|p1a: Alomomola
|
|upkeep
|-message|mash13 forfeited.
|
|win|Red the pikamon
|raw|mash13's rating: 1139 &rarr; <strong>1112</strong><br />(-27 for losing)
|raw|Red the pikamon's rating: 1107 &rarr; <strong>1134</strong><br />(+27 for winning)
|l|☆mash13
|player|p1|
|l|☆Red the pikamon
|player|p2|
