|j|☆terrorstriker258
|j|☆Schrosch
|t:|1769321983
|gametype|singles
|player|p1|terrorstriker258|102|1204
|player|p2|Schrosch|169|1120
|gen|9
|tier|[Gen 9] OU
|rated|
|rule|HP Percentage Mod: HP is shown in percentages
|rule|Endless Battle Clause: Forcing endless battles is banned
|rule|Species Clause: Limit one of each Pokémon
|rule|OHKO Clause: OHKO moves are banned
|rule|Evasion Items Clause: Evasion items are banned
|rule|Evasion Moves Clause: Evasion moves are banned
|rule|Evasion Abilities Clause: Evasion abilities are banned
|rule|Sleep Moves Clause: Sleep-inducing moves are banned
|clearpoke
|poke|p1|Garchomp, M|
|poke|p1|Dragapult, F|
|poke|p1|Gholdengo|
|poke|p1|Corviknight, M|
|poke|p1|Iron Moth|
|poke|p1|Raging Bolt|
|poke|p2|Porygon-Z|
|poke|p2|Gardevoir, M|
|poke|p2|Probopass, F|
|poke|p2|Corviknight, M|
|poke|p2|Serperior, M|
|poke|p2|Flygon, F|
|teampreview
|inactive|Battle timer is ON: inactive players will automatically lose when time's up. (requested by terrorstriker258)
|
|t:|1769321997
|teamsize|p1|6
|teamsize|p2|6
|start
|switch|p1a: Garchomp|Garchomp, M|100/100
|switch|p2a: Flygon|Flygon, F|100/100
|turn|1
|
|t:|1769322020
|switch|p2a: Corviknight|Corviknight, M|100/100
|-ability|p2a: Corviknight|Pressure
|move|p1a: Garchomp|Swords Dance|p1a: Garchomp
|-boost|p1a: Garchomp|atk|2
|
|upkeep
|turn|2
|
|t:|1769322029
|switch|p1a: Iron Moth|Iron Moth|100/100
|-enditem|p1a: Iron Moth|Booster Energy
|-activate|p1a: Iron Moth|ability: Quark Drive|[fromitem]
|-start|p1a: Iron Moth|quarkdrivespa
|move|p2a: Corviknight|U-turn|p1a: Iron Moth
|-resisted|p1a: Iron Moth
|-damage|p1a: Iron Moth|95/100
|
|t:|1769322037
|switch|p2a: Flygon|Flygon, F|100/100|[from] U-turn
|
|upkeep
|turn|3
|
|t:|1769322044
|move|p1a: Iron Moth|Energy Ball|p2a: Flygon
|-damage|p2a: Flygon|45/100
|move|p2a: Flygon|Earthquake|p1a: Iron Moth
|-supereffective|p1a: Iron Moth
|-damage|p1a: Iron Moth|0 fnt
|faint|p1a: Iron Moth
|-end|p1a: Iron Moth|Quark Drive|[silent]
|
|-heal|p2a: Flygon|51/100|[from] item: Leftovers
|upkeep
|
|t:|1769322053
|switch|p1a: Dragapult|Dragapult, F|100/100
|turn|4
|
|t:|1769322068
|switch|p2a: Corviknight|Corviknight, M|100/100
|-ability|p2a: Corviknight|Pressure
|move|p1a: Dragapult|Dragon Darts|p2a: Corviknight
|-resisted|p2a: Corviknight
|-damage|p2a: Corviknight|91/100
|-anim|p1a: Dragapult|Dragon Darts|p2a: Corviknight
|-resisted|p2a: Corviknight
|-damage|p2a: Corviknight|83/100
|
|upkeep
|turn|5
|
|t:|1769322078
|move|p1a: Dragapult|U-turn|p2a: Corviknight
|-resisted|p2a: Corviknight
|-damage|p2a: Corviknight|79/100
|-damage|p1a: Dragapult|84/100|[from] item: Rocky Helmet|[of] p2a: Corviknight
|
|t:|1769322084
|switch|p1a: Raging Bolt|Raging Bolt|100/100|[from] U-turn
|-enditem|p1a: Raging Bolt|Booster Energy
|-activate|p1a: Raging Bolt|ability: Protosynthesis|[fromitem]
|-start|p1a: Raging Bolt|protosynthesisspa
|move|p2a: Corviknight|U-turn|p1a: Raging Bolt
|-damage|p1a: Raging Bolt|89/100
|
|t:|1769322094
|switch|p2a: Flygon|Flygon, F|51/100|[from] U-turn
|
|-heal|p2a: Flygon|57/100|[from] item: Leftovers
|upkeep
|turn|6
|
|t:|1769322101
|-terastallize|p1a: Raging Bolt|Fairy
|move|p2a: Flygon|Earthquake|p1a: Raging Bolt
|-damage|p1a: Raging Bolt|54/100
|move|p1a: Raging Bolt|Tera Blast|p2a: Flygon|[anim] Tera Blast Fairy
|-supereffective|p2a: Flygon
|-damage|p2a: Flygon|0 fnt
|faint|p2a: Flygon
|
|upkeep
|
|t:|1769322118
|switch|p2a: Serperior|Serperior, M|100/100
|turn|7
|
|t:|1769322126
|move|p2a: Serperior|Leaf Storm|p1a: Raging Bolt
|-damage|p1a: Raging Bolt|6/100
|-boost|p2a: Serperior|spa|2
|move|p1a: Raging Bolt|Tera Blast|p2a: Serperior|[anim] Tera Blast Fairy
|-damage|p2a: Serperior|19/100
|
|upkeep
|turn|8
|
|t:|1769322139
|move|p1a: Raging Bolt|Thunderclap||[still]
|-fail|p1a: Raging Bolt
|move|p2a: Serperior|Glare|p1a: Raging Bolt
|-status|p1a: Raging Bolt|par
|
|upkeep
|turn|9
|
|t:|1769322152
|switch|p2a: Gardevoir|Gardevoir, M|100/100
|move|p1a: Raging Bolt|Thunderclap||[still]
|-fail|p1a: Raging Bolt
|
|upkeep
|turn|10
|
|t:|1769322158
|move|p1a: Raging Bolt|Thunderclap||[still]
|-fail|p1a: Raging Bolt
|move|p2a: Gardevoir|Substitute|p2a: Gardevoir
|-start|p2a: Gardevoir|Substitute
|-damage|p2a: Gardevoir|76/100
|
|upkeep
|turn|11
|-message|terrorstriker258 forfeited.
|
|win|Schrosch
|raw|terrorstriker258's rating: 1204 &rarr; <strong>1173</strong><br />(-31 for losing)
|raw|Schrosch's rating: 1120 &rarr; <strong>1151</strong><br />(+31 for winning)
|l|☆terrorstriker258
|player|p1|
|l|☆Schrosch
|player|p2|
