|j|☆chronos556
|j|☆N0AH__123__
|t:|1769434152
|gametype|singles
|player|p1|chronos556|169|1414
|player|p2|N0AH__123__|boarder|1402
|gen|9
|tier|[Gen 9] OU
|rated|
|rule|HP Percentage Mod: HP is shown in percentages
|rule|Endless Battle Clause: Forcing endless battles is banned
|rule|Species Clause: Limit one of each Pokémon
|rule|OHKO Clause: OHKO moves are banned
|rule|Evasion Items Clause: Evasion items are banned
|rule|Evasion Moves Clause: Evasion moves are banned
|rule|Evasion Abilities Clause: Evasion abilities are banned
|rule|Sleep Moves Clause: Sleep-inducing moves are banned
|clearpoke
|poke|p1|Ting-Lu|
|poke|p1|Ogerpon-Wellspring, F|
|poke|p1|Zamazenta-*|
|poke|p1|Raging Bolt|
|poke|p1|Cyclizar, M|
|poke|p1|Metagross|
|poke|p2|Gliscor, F|
|poke|p2|Latios, M|
|poke|p2|Mimikyu, F|
|poke|p2|Cinderace, M|
|poke|p2|Hatterene, F|
|poke|p2|Iron Moth|
|teampreview
|inactive|Battle timer is ON: inactive players will automatically lose when time's up. (requested by chronos556)
|
|t:|1769434168
|teamsize|p1|6
|teamsize|p2|6
|start
|switch|p1a: Crocs|Cyclizar, M|100/100
|switch|p2a: Iron Moth|Iron Moth|100/100
|-enditem|p2a: Iron Moth|Booster Energy
|-activate|p2a: Iron Moth|ability: Quark Drive|[fromitem]
|-start|p2a: Iron Moth|quarkdrivespe
|turn|1
|
|t:|1769434175
|move|p2a: Iron Moth|Fiery Dance|p1a: Crocs
|-resisted|p1a: Crocs
|-damage|p1a: Crocs|63/100
|-boost|p2a: Iron Moth|spa|1
|move|p1a: Crocs|U-turn|p2a: Iron Moth
|-resisted|p2a: Iron Moth
|-damage|p2a: Iron Moth|94/100
|
|t:|1769434181
|switch|p1a: Fishbowl|Ting-Lu|100/100|[from] U-turn
|-ability|p1a: Fishbowl|Vessel of Ruin
|
|upkeep
|turn|2
|
|t:|1769434186
|move|p2a: Iron Moth|Sludge Wave|p1a: Fishbowl
|-resisted|p1a: Fishbowl
|-damage|p1a: Fishbowl|81/100
|move|p1a: Fishbowl|Earthquake|p2a: Iron Moth
|-supereffective|p2a: Iron Moth
|-damage|p2a: Iron Moth|0 fnt
|faint|p2a: Iron Moth
|-end|p2a: Iron Moth|Quark Drive|[silent]
|
|-heal|p1a: Fishbowl|88/100|[from] item: Leftovers
|upkeep
|
|t:|1769434194
|switch|p2a: Latios|Latios, M|100/100
|turn|3
|
|t:|1769434198
|move|p2a: Latios|Agility|p2a: Latios
|-boost|p2a: Latios|spe|2
|move|p1a: Fishbowl|Stealth Rock|p2a: Latios
|-sidestart|p2: N0AH__123__|move: Stealth Rock
|
|-heal|p1a: Fishbowl|94/100|[from] item: Leftovers
|upkeep
|turn|4
|
|t:|1769434201
|move|p2a: Latios|Calm Mind|p2a: Latios
|-boost|p2a: Latios|spa|1
|-boost|p2a: Latios|spd|1
|move|p1a: Fishbowl|Whirlwind|p2a: Latios
|drag|p2a: Mimikyu|Mimikyu, F|100/100
|-damage|p2a: Mimikyu|88/100|[from] Stealth Rock
|
|-heal|p1a: Fishbowl|99/100|[from] item: Leftovers
|upkeep
|turn|5
|
|t:|1769434208
|move|p2a: Mimikyu|Play Rough|p1a: Fishbowl
|-supereffective|p1a: Fishbowl
|-damage|p1a: Fishbowl|56/100
|move|p1a: Fishbowl|Spikes|p2a: Mimikyu
|-sidestart|p2: N0AH__123__|Spikes
|
|-heal|p1a: Fishbowl|62/100|[from] item: Leftovers
|upkeep
|turn|6
|
|t:|1769434213
|move|p2a: Mimikyu|Play Rough|p1a: Fishbowl
|-supereffective|p1a: Fishbowl
|-damage|p1a: Fishbowl|19/100
|move|p1a: Fishbowl|Earthquake|p2a: Mimikyu
|-activate|p2a: Mimikyu|ability: Disguise
|-damage|p2a: Mimikyu|88/100
|detailschange|p2a: Mimikyu|Mimikyu-Busted, F
|-damage|p2a: Mimikyu|76/100|[from] pokemon: Mimikyu-Busted
|-enditem|p2a: Mimikyu|Red Card|[of] p1a: Fishbowl
|drag|p1a: Crocs|Cyclizar, M|97/100
|
|upkeep
|turn|7
|
|t:|1769434228
|move|p1a: Crocs|U-turn|p2a: Mimikyu
|-resisted|p2a: Mimikyu
|-damage|p2a: Mimikyu|68/100
|
|t:|1769434231
|switch|p1a: Metagross|Metagross|100/100|[from] U-turn
|move|p2a: Mimikyu|Play Rough|p1a: Metagross|[miss]
|-miss|p2a: Mimikyu|p1a: Metagross
|
|upkeep
|turn|8
|
|t:|1769434239
|move|p2a: Mimikyu|Destiny Bond|p2a: Mimikyu
|-singlemove|p2a: Mimikyu|Destiny Bond
|move|p1a: Metagross|Heavy Slam|p2a: Mimikyu
|-supereffective|p2a: Mimikyu
|-damage|p2a: Mimikyu|0 fnt
|faint|p2a: Mimikyu
|-activate|p2a: Mimikyu|move: Destiny Bond
|faint|p1a: Metagross
|
|upkeep
|
|t:|1769434260
|switch|p2a: Cinderace|Cinderace, M|100/100
|switch|p1a: Gerald|Raging Bolt|100/100
|turn|9
|
|t:|1769434269
|move|p2a: Cinderace|Court Change|p2a: Cinderace
|-start|p2a: Cinderace|typechange|Normal|[from] ability: Libero
|-swapsideconditions
|-activate|p2a: Cinderace|move: Court Change
|move|p1a: Gerald|Calm Mind|p1a: Gerald
|-boost|p1a: Gerald|spa|1
|-boost|p1a: Gerald|spd|1
|
|upkeep
|turn|10
|
|t:|1769434278
|move|p2a: Cinderace|Taunt|p1a: Gerald
|-start|p1a: Gerald|move: Taunt
|move|p1a: Gerald|Thunderbolt|p2a: Cinderace
|-damage|p2a: Cinderace|10/100
|
|upkeep
|turn|11
|
|t:|1769434283
|move|p1a: Gerald|Thunderclap||[still]
|-fail|p1a: Gerald
|move|p2a: Cinderace|Will-O-Wisp|p1a: Gerald
|-status|p1a: Gerald|brn
|
|-damage|p1a: Gerald|94/100 brn|[from] brn
|upkeep
|turn|12
|
|t:|1769434291
|move|p2a: Cinderace|Pyro Ball|p1a: Gerald
|-resisted|p1a: Gerald
|-damage|p1a: Gerald|82/100 brn
|move|p1a: Gerald|Thunderbolt|p2a: Cinderace
|-damage|p2a: Cinderace|0 fnt
|faint|p2a: Cinderace
|
|-heal|p1a: Gerald|88/100 brn|[from] item: Leftovers
|-damage|p1a: Gerald|82/100 brn|[from] brn
|-end|p1a: Gerald|move: Taunt
|upkeep
|
|t:|1769434312
|switch|p2a: Gliscor|Gliscor, F|100/100
|turn|13
|
|t:|1769434320
|-terastallize|p1a: Gerald|Fairy
|move|p2a: Gliscor|Swords Dance|p2a: Gliscor
|-boost|p2a: Gliscor|atk|2
|move|p1a: Gerald|Calm Mind|p1a: Gerald
|-boost|p1a: Gerald|spa|1
|-boost|p1a: Gerald|spd|1
|
|-heal|p1a: Gerald|88/100 brn|[from] item: Leftovers
|-damage|p1a: Gerald|82/100 brn|[from] brn
|-status|p2a: Gliscor|tox|[from] item: Toxic Orb
|upkeep
|turn|14
|
|t:|1769434327
|move|p2a: Gliscor|Earthquake|p1a: Gerald
|-crit|p1a: Gerald
|-damage|p1a: Gerald|1/100 brn
|move|p1a: Gerald|Draco Meteor|p2a: Gliscor|[miss]
|-miss|p1a: Gerald|p2a: Gliscor
|
|-heal|p1a: Gerald|8/100 brn|[from] item: Leftovers
|-damage|p1a: Gerald|1/100 brn|[from] brn
|upkeep
|turn|15
|
|t:|1769434335
|move|p2a: Gliscor|Ice Fang|p1a: Gerald
|-damage|p1a: Gerald|0 fnt
|faint|p1a: Gerald
|-end|p1a: Gerald|Protosynthesis|[silent]
|
|upkeep
|
|t:|1769434346
|switch|p1a: Crocs|Cyclizar, M|100/100
|turn|16
|
|t:|1769434349
|move|p1a: Crocs|Rapid Spin|p2a: Gliscor
|-crit|p2a: Gliscor
|-damage|p2a: Gliscor|73/100 tox
|-boost|p1a: Crocs|spe|1
|-sideend|p1: chronos556|Spikes|[from] move: Rapid Spin|[of] p1a: Crocs
|-sideend|p1: chronos556|Stealth Rock|[from] move: Rapid Spin|[of] p1a: Crocs
|move|p2a: Gliscor|Agility|p2a: Gliscor
|-boost|p2a: Gliscor|spe|2
|
|-heal|p2a: Gliscor|86/100 tox|[from] ability: Poison Heal
|upkeep
|turn|17
|
|t:|1769434360
|-terastallize|p2a: Gliscor|Ice
|move|p2a: Gliscor|Ice Fang|p1a: Crocs
|-supereffective|p1a: Crocs
|-damage|p1a: Crocs|0 fnt
|faint|p1a: Crocs
|
|-heal|p2a: Gliscor|98/100 tox|[from] ability: Poison Heal
|upkeep
|
|t:|1769434376
|switch|p1a: Shieldoge|Zamazenta|100/100
|-ability|p1a: Shieldoge|Dauntless Shield|boost
|-boost|p1a: Shieldoge|def|1
|turn|18
|
|t:|1769434384
|move|p2a: Gliscor|Earthquake|p1a: Shieldoge
|-damage|p1a: Shieldoge|61/100
|move|p1a: Shieldoge|Close Combat|p2a: Gliscor
|-supereffective|p2a: Gliscor
|-damage|p2a: Gliscor|0 fnt
|-unboost|p1a: Shieldoge|def|1
|-unboost|p1a: Shieldoge|spd|1
|faint|p2a: Gliscor
|
|upkeep
|
|t:|1769434389
|switch|p2a: Latios|Latios, M|100/100
|turn|19
|
|t:|1769434394
|switch|p1a: Fishbowl|Ting-Lu|19/100
|-ability|p1a: Fishbowl|Vessel of Ruin
|move|p2a: Latios|Agility|p2a: Latios
|-boost|p2a: Latios|spe|2
|
|-heal|p1a: Fishbowl|25/100|[from] item: Leftovers
|upkeep
|turn|20
|
|t:|1769434397
|move|p2a: Latios|Aura Sphere|p1a: Fishbowl
|-supereffective|p1a: Fishbowl
|-damage|p1a: Fishbowl|0 fnt
|faint|p1a: Fishbowl
|
|upkeep
|
|t:|1769434405
|switch|p1a: Shieldoge|Zamazenta|61/100
|turn|21
|
|t:|1769434410
|move|p2a: Latios|Calm Mind|p2a: Latios
|-boost|p2a: Latios|spa|1
|-boost|p2a: Latios|spd|1
|move|p1a: Shieldoge|Crunch|p2a: Latios
|-supereffective|p2a: Latios
|-damage|p2a: Latios|6/100
|
|-heal|p2a: Latios|12/100|[from] item: Leftovers
|upkeep
|turn|22
|
|t:|1769434416
|move|p2a: Latios|Stored Power|p1a: Shieldoge
|-supereffective|p1a: Shieldoge
|-damage|p1a: Shieldoge|0 fnt
|faint|p1a: Shieldoge
|
|-heal|p2a: Latios|19/100|[from] item: Leftovers
|upkeep
|
|t:|1769434418
|switch|p1a: Bonk|Ogerpon-Wellspring, F|100/100
|turn|23
|
|t:|1769434423
|move|p2a: Latios|Stored Power|p1a: Bonk
|-damage|p1a: Bonk|0 fnt
|faint|p1a: Bonk
|
|win|N0AH__123__
|raw|chronos556's rating: 1414 &rarr; <strong>1393</strong><br />(-21 for losing)
|raw|N0AH__123__'s rating: 1402 &rarr; <strong>1423</strong><br />(+21 for winning)
|c|☆chronos556|Gg
|l|☆chronos556
|player|p1|
|l|☆N0AH__123__
|player|p2|
