|j|☆Audio Peel
|j|‽zeep vs zoop
|t:|1769293260
|gametype|singles
|player|p1|Audio Peel|fisherman-gen4|1842
|player|p2|zeep vs zoop|iris-gen5bw2|1810
|gen|9
|tier|[Gen 9] OU
|rated|
|rule|HP Percentage Mod: HP is shown in percentages
|rule|Endless Battle Clause: Forcing endless battles is banned
|rule|Species Clause: Limit one of each Pokémon
|rule|OHKO Clause: OHKO moves are banned
|rule|Evasion Items Clause: Evasion items are banned
|rule|Evasion Moves Clause: Evasion moves are banned
|rule|Evasion Abilities Clause: Evasion abilities are banned
|rule|Sleep Moves Clause: Sleep-inducing moves are banned
|clearpoke
|poke|p1|Zamazenta-*|
|poke|p1|Hatterene, F|
|poke|p1|Iron Treads|
|poke|p1|Zapdos|
|poke|p1|Samurott-Hisui, F|
|poke|p1|Pecharunt|
|poke|p2|Dragapult, M|
|poke|p2|Iron Crown|
|poke|p2|Ogerpon-Wellspring, F|
|poke|p2|Corviknight, F|
|poke|p2|Iron Valiant|
|poke|p2|Ting-Lu|
|teampreview
|inactive|Battle timer is ON: inactive players will automatically lose when time's up. (requested by Audio Peel)
|j| Cursed16
|
|t:|1769293270
|teamsize|p1|6
|teamsize|p2|6
|start
|switch|p1a: Zapdos|Zapdos, shiny|100/100
|switch|p2a: Ogerpon|Ogerpon-Wellspring, F|100/100
|turn|1
|
|t:|1769293274
|switch|p2a: Ting-Lu|Ting-Lu|100/100
|-ability|p2a: Ting-Lu|Vessel of Ruin
|move|p1a: Zapdos|Hurricane|p2a: Ting-Lu|[miss]
|-miss|p1a: Zapdos|p2a: Ting-Lu
|
|upkeep
|turn|2
|
|t:|1769293278
|switch|p1a: Samurott|Samurott-Hisui, F, shiny|100/100
|move|p2a: Ting-Lu|Ruination|p1a: Samurott
|-damage|p1a: Samurott|51/100
|
|upkeep
|turn|3
|l| Cursed16
|
|t:|1769293282
|move|p1a: Samurott|Aqua Cutter|p2a: Ting-Lu
|-supereffective|p2a: Ting-Lu
|-crit|p2a: Ting-Lu
|-damage|p2a: Ting-Lu|0 fnt
|faint|p2a: Ting-Lu
|
|upkeep
|
|t:|1769293290
|switch|p2a: Dragapult|Dragapult, M|100/100
|turn|4
|
|t:|1769293297
|-terastallize|p2a: Dragapult|Ghost
|move|p2a: Dragapult|Tera Blast|p1a: Samurott|[anim] Tera Blast Ghost
|-resisted|p1a: Samurott
|-damage|p1a: Samurott|0 fnt
|faint|p1a: Samurott
|
|upkeep
|
|t:|1769293309
|switch|p1a: Pecharunt|Pecharunt|100/100
|turn|5
|
|t:|1769293313
|switch|p2a: Corviknight|Corviknight, F|100/100
|-ability|p2a: Corviknight|Pressure
|-terastallize|p1a: Pecharunt|Dark
|move|p1a: Pecharunt|Parting Shot|p2a: Corviknight
|-unboost|p2a: Corviknight|atk|1
|-unboost|p2a: Corviknight|spa|1
|
|t:|1769293315
|switch|p1a: Zapdos|Zapdos, shiny|100/100|[from] Parting Shot
|
|upkeep
|turn|6
|
|t:|1769293324
|switch|p2a: Iron Crown|Iron Crown|100/100
|move|p1a: Zapdos|Volt Switch|p2a: Iron Crown
|-damage|p2a: Iron Crown|77/100
|
|t:|1769293327
|switch|p1a: Iron Treads|Iron Treads, shiny|100/100|[from] Volt Switch
|-item|p1a: Iron Treads|Air Balloon
|
|upkeep
|turn|7
|
|t:|1769293329
|move|p2a: Iron Crown|Focus Blast|p1a: Iron Treads|[miss]
|-miss|p2a: Iron Crown|p1a: Iron Treads
|move|p1a: Iron Treads|Stealth Rock|p2a: Iron Crown
|-sidestart|p2: zeep vs zoop|move: Stealth Rock
|
|upkeep
|turn|8
|
|t:|1769293332
|-end|p2a: Iron Crown|Quark Drive|[silent]
|switch|p2a: Ogerpon|Ogerpon-Wellspring, F|100/100
|-damage|p2a: Ogerpon|88/100|[from] Stealth Rock
|move|p1a: Iron Treads|Knock Off|p2a: Ogerpon
|-damage|p2a: Ogerpon|65/100
|
|upkeep
|turn|9
|
|t:|1769293335
|-end|p1a: Iron Treads|Quark Drive|[silent]
|switch|p1a: Zamazenta|Zamazenta|100/100
|-ability|p1a: Zamazenta|Dauntless Shield|boost
|-boost|p1a: Zamazenta|def|1
|move|p2a: Ogerpon|Ivy Cudgel|p1a: Zamazenta|[anim] Ivy Cudgel Water
|-damage|p1a: Zamazenta|67/100
|
|upkeep
|turn|10
|
|t:|1769293342
|switch|p2a: Corviknight|Corviknight, F|100/100
|-damage|p2a: Corviknight|88/100|[from] Stealth Rock
|-ability|p2a: Corviknight|Pressure
|move|p1a: Zamazenta|Close Combat|p2a: Corviknight
|-damage|p2a: Corviknight|51/100
|-unboost|p1a: Zamazenta|def|1
|-unboost|p1a: Zamazenta|spd|1
|-damage|p1a: Zamazenta|50/100|[from] item: Rocky Helmet|[of] p2a: Corviknight
|
|upkeep
|turn|11
|
|t:|1769293345
|switch|p1a: Zapdos|Zapdos, shiny|100/100
|move|p2a: Corviknight|Roost|p2a: Corviknight
|-heal|p2a: Corviknight|100/100
|-singleturn|p2a: Corviknight|move: Roost
|
|upkeep
|turn|12
|
|t:|1769293352
|move|p1a: Zapdos|Volt Switch|p2a: Corviknight
|-supereffective|p2a: Corviknight
|-damage|p2a: Corviknight|32/100
|
|t:|1769293358
|switch|p1a: Iron Treads|Iron Treads, shiny|100/100|[from] Volt Switch
|-item|p1a: Iron Treads|Air Balloon
|move|p2a: Corviknight|Defog|p1a: Iron Treads
|-unboost|p1a: Iron Treads|evasion|1
|-sideend|p2: zeep vs zoop|Stealth Rock|[from] move: Defog|[of] p2a: Corviknight
|
|upkeep
|turn|13
|
|t:|1769293361
|move|p1a: Iron Treads|Stealth Rock|p2a: Corviknight
|-sidestart|p2: zeep vs zoop|move: Stealth Rock
|move|p2a: Corviknight|Body Press|p1a: Iron Treads
|-supereffective|p1a: Iron Treads
|-damage|p1a: Iron Treads|60/100
|-enditem|p1a: Iron Treads|Air Balloon
|
|upkeep
|turn|14
|
|t:|1769293365
|-end|p1a: Iron Treads|Quark Drive|[silent]
|switch|p1a: Zapdos|Zapdos, shiny|100/100
|move|p2a: Corviknight|Defog|p1a: Zapdos
|-unboost|p1a: Zapdos|evasion|1
|-sideend|p2: zeep vs zoop|Stealth Rock|[from] move: Defog|[of] p2a: Corviknight
|
|upkeep
|turn|15
|
|t:|1769293367
|switch|p2a: Iron Crown|Iron Crown|77/100
|move|p1a: Zapdos|Volt Switch|p2a: Iron Crown
|-damage|p2a: Iron Crown|53/100
|
|t:|1769293370
|switch|p1a: Zamazenta|Zamazenta|50/100|[from] Volt Switch
|
|upkeep
|turn|16
|
|t:|1769293379
|-end|p2a: Iron Crown|Quark Drive|[silent]
|switch|p2a: Corviknight|Corviknight, F|32/100
|-ability|p2a: Corviknight|Pressure
|move|p1a: Zamazenta|Crunch|p2a: Corviknight
|-damage|p2a: Corviknight|16/100
|-damage|p1a: Zamazenta|34/100|[from] item: Rocky Helmet|[of] p2a: Corviknight
|
|upkeep
|turn|17
|
|t:|1769293387
|move|p1a: Zamazenta|Close Combat|p2a: Corviknight
|-damage|p2a: Corviknight|0 fnt
|-unboost|p1a: Zamazenta|def|1
|-unboost|p1a: Zamazenta|spd|1
|-damage|p1a: Zamazenta|17/100|[from] item: Rocky Helmet|[of] p2a: Corviknight
|faint|p2a: Corviknight
|
|upkeep
|
|t:|1769293390
|switch|p2a: Dragapult|Dragapult, M, tera:Ghost|100/100
|turn|18
|j| Cursed16
|
|t:|1769293399
|switch|p1a: Iron Treads|Iron Treads, shiny|60/100
|move|p2a: Dragapult|Tera Blast|p1a: Iron Treads|[anim] Tera Blast Ghost
|-damage|p1a: Iron Treads|0 fnt
|faint|p1a: Iron Treads
|-end|p1a: Iron Treads|Quark Drive|[silent]
|
|upkeep
|j| karlheinzIX
|l| Cursed16
|l| karlheinzIX
|
|t:|1769293403
|switch|p1a: Pecharunt|Pecharunt, tera:Dark|100/100
|turn|19
|
|t:|1769293416
|switch|p2a: Iron Crown|Iron Crown|53/100
|move|p1a: Pecharunt|Foul Play|p2a: Iron Crown
|-supereffective|p2a: Iron Crown
|-crit|p2a: Iron Crown
|-damage|p2a: Iron Crown|0 fnt
|faint|p2a: Iron Crown
|-end|p2a: Iron Crown|Quark Drive|[silent]
|
|upkeep
|
|t:|1769293423
|switch|p2a: Dragapult|Dragapult, M, tera:Ghost|100/100
|turn|20
|
|t:|1769293428
|move|p2a: Dragapult|U-turn|p1a: Pecharunt
|-supereffective|p1a: Pecharunt
|-damage|p1a: Pecharunt|68/100
|-damage|p2a: Dragapult|84/100|[from] item: Rocky Helmet|[of] p1a: Pecharunt
|j| FaronAan
|
|t:|1769293431
|switch|p2a: Ogerpon|Ogerpon-Wellspring, F|65/100|[from] U-turn
|move|p1a: Pecharunt|Foul Play|p2a: Ogerpon
|-damage|p2a: Ogerpon|8/100
|
|upkeep
|turn|21
|
|t:|1769293435
|move|p2a: Ogerpon|Ivy Cudgel|p1a: Pecharunt|[anim] Ivy Cudgel Water
|-damage|p1a: Pecharunt|38/100
|move|p1a: Pecharunt|Recover|p1a: Pecharunt
|-heal|p1a: Pecharunt|88/100
|
|upkeep
|turn|22
|
|t:|1769293444
|move|p2a: Ogerpon|Ivy Cudgel|p1a: Pecharunt|[anim] Ivy Cudgel Water
|-damage|p1a: Pecharunt|58/100
|move|p1a: Pecharunt|Recover|p1a: Pecharunt
|-heal|p1a: Pecharunt|100/100
|
|upkeep
|turn|23
|
|t:|1769293447
|move|p2a: Ogerpon|Ivy Cudgel|p1a: Pecharunt|[anim] Ivy Cudgel Water
|-crit|p1a: Pecharunt
|-damage|p1a: Pecharunt|56/100
|move|p1a: Pecharunt|Foul Play|p2a: Ogerpon
|-damage|p2a: Ogerpon|0 fnt
|faint|p2a: Ogerpon
|
|upkeep
|
|t:|1769293453
|switch|p2a: Iron Valiant|Iron Valiant|100/100
|-enditem|p2a: Iron Valiant|Booster Energy
|-activate|p2a: Iron Valiant|ability: Quark Drive|[fromitem]
|-start|p2a: Iron Valiant|quarkdrivespe
|turn|24
|
|t:|1769293458
|switch|p1a: Zapdos|Zapdos, shiny|100/100
|move|p2a: Iron Valiant|Calm Mind|p2a: Iron Valiant
|-boost|p2a: Iron Valiant|spa|1
|-boost|p2a: Iron Valiant|spd|1
|
|upkeep
|turn|25
|
|t:|1769293463
|move|p2a: Iron Valiant|Moonblast|p1a: Zapdos
|-damage|p1a: Zapdos|20/100
|-unboost|p1a: Zapdos|spa|1
|move|p1a: Zapdos|Volt Switch|p2a: Iron Valiant
|-damage|p2a: Iron Valiant|72/100
|
|t:|1769293465
|switch|p1a: Hatterene|Hatterene, F|100/100|[from] Volt Switch
|
|upkeep
|turn|26
|
|t:|1769293472
|move|p2a: Iron Valiant|Moonblast|p1a: Hatterene
|-crit|p1a: Hatterene
|-damage|p1a: Hatterene|29/100
|-unboost|p1a: Hatterene|spa|1
|move|p1a: Hatterene|Psychic Noise|p2a: Iron Valiant
|-supereffective|p2a: Iron Valiant
|-damage|p2a: Iron Valiant|4/100
|-start|p2a: Iron Valiant|move: Heal Block
|
|upkeep
|turn|27
|
|t:|1769293480
|move|p2a: Iron Valiant|Moonblast|p1a: Hatterene
|-crit|p1a: Hatterene
|-damage|p1a: Hatterene|0 fnt
|faint|p1a: Hatterene
|
|-end|p2a: Iron Valiant|move: Heal Block
|upkeep
|
|t:|1769293487
|switch|p1a: Zapdos|Zapdos, shiny|20/100
|turn|28
|
|t:|1769293493
|move|p2a: Iron Valiant|Moonblast|p1a: Zapdos
|-damage|p1a: Zapdos|0 fnt
|faint|p1a: Zapdos
|
|upkeep
|-message|Audio Peel forfeited.
|
|win|zeep vs zoop
|raw|Audio Peel's rating: 1842 &rarr; <strong>1820</strong><br />(-22 for losing)
|raw|zeep vs zoop's rating: 1810 &rarr; <strong>1832</strong><br />(+22 for winning)
|l|☆Audio Peel
|player|p1|
|l|‽zeep vs zoop
|player|p2|
|l| FaronAan
