|j|☆LYHtyt
|j|☆shapatt
|t:|1769415917
|gametype|singles
|player|p1|LYHtyt|hilbert|1297
|player|p2|shapatt|169|1233
|gen|9
|tier|[Gen 9] OU
|rated|
|rule|HP Percentage Mod: HP is shown in percentages
|rule|Endless Battle Clause: Forcing endless battles is banned
|rule|Species Clause: Limit one of each Pokémon
|rule|OHKO Clause: OHKO moves are banned
|rule|Evasion Items Clause: Evasion items are banned
|rule|Evasion Moves Clause: Evasion moves are banned
|rule|Evasion Abilities Clause: Evasion abilities are banned
|rule|Sleep Moves Clause: Sleep-inducing moves are banned
|clearpoke
|poke|p1|Samurott-Hisui, M|
|poke|p1|Dragonite, M|
|poke|p1|Iron Valiant|
|poke|p1|Scizor, F|
|poke|p1|Garchomp, M|
|poke|p1|Kingambit, F|
|poke|p2|Landorus-Therian, M|
|poke|p2|Mimikyu, M|
|poke|p2|Pecharunt|
|poke|p2|Primarina, M|
|poke|p2|Maushold|
|poke|p2|Rotom-Heat|
|teampreview
|inactive|Battle timer is ON: inactive players will automatically lose when time's up. (requested by shapatt)
|
|t:|1769415934
|teamsize|p1|6
|teamsize|p2|6
|start
|switch|p1a: Scizor|Scizor, F|100/100
|switch|p2a: Rotom|Rotom-Heat|100/100
|turn|1
|
|t:|1769415943
|switch|p1a: Samurott|Samurott-Hisui, M|100/100
|move|p2a: Rotom|Trick|p1a: Samurott
|-activate|p2a: Rotom|move: Trick|[of] p1a: Samurott
|-item|p1a: Samurott|Choice Specs|[from] move: Trick
|-item|p2a: Rotom|Choice Scarf|[from] move: Trick
|
|upkeep
|turn|2
|
|t:|1769415960
|switch|p1a: Garchomp|Garchomp, M|100/100
|move|p2a: Rotom|Volt Switch|p1a: Garchomp
|-immune|p1a: Garchomp
|
|upkeep
|turn|3
|
|t:|1769415971
|switch|p2a: Landorus|Landorus-Therian, M|100/100
|-ability|p2a: Landorus|Intimidate|boost
|-unboost|p1a: Garchomp|atk|1
|move|p1a: Garchomp|Dragon Claw|p2a: Landorus
|-damage|p2a: Landorus|80/100
|-damage|p1a: Garchomp|84/100|[from] item: Rocky Helmet|[of] p2a: Landorus
|
|upkeep
|turn|4
|
|t:|1769415990
|switch|p1a: Dragonite|Dragonite, M|100/100
|move|p2a: Landorus|Earthquake|p1a: Dragonite
|-immune|p1a: Dragonite
|
|upkeep
|turn|5
|
|t:|1769416001
|move|p2a: Landorus|U-turn|p1a: Dragonite
|-resisted|p1a: Dragonite
|-damage|p1a: Dragonite|95/100
|
|t:|1769416007
|switch|p2a: Rotom|Rotom-Heat|100/100|[from] U-turn
|move|p1a: Dragonite|Ice Spinner|p2a: Rotom
|-resisted|p2a: Rotom
|-damage|p2a: Rotom|69/100
|
|upkeep
|turn|6
|
|t:|1769416019
|switch|p2a: Landorus|Landorus-Therian, M|80/100
|-ability|p2a: Landorus|Intimidate|boost
|-unboost|p1a: Dragonite|atk|1
|switch|p1a: Kingambit|Kingambit, F|100/100
|
|upkeep
|turn|7
|
|t:|1769416030
|move|p1a: Kingambit|Sucker Punch|p2a: Landorus
|-damage|p2a: Landorus|41/100
|-damage|p1a: Kingambit|84/100|[from] item: Rocky Helmet|[of] p2a: Landorus
|-damage|p1a: Kingambit|74/100|[from] item: Life Orb
|move|p2a: Landorus|Earthquake|p1a: Kingambit
|-supereffective|p1a: Kingambit
|-damage|p1a: Kingambit|0 fnt
|faint|p1a: Kingambit
|-end|p1a: Kingambit|fallenundefined|[silent]
|
|upkeep
|
|t:|1769416042
|switch|p1a: Samurott|Samurott-Hisui, M|100/100
|turn|8
|
|t:|1769416051
|switch|p2a: Rotom|Rotom-Heat|69/100
|move|p1a: Samurott|Razor Shell|p2a: Rotom
|-supereffective|p2a: Rotom
|-damage|p2a: Rotom|0 fnt
|faint|p2a: Rotom
|
|upkeep
|
|t:|1769416064
|switch|p2a: Primarina|Primarina, M|100/100
|turn|9
|
|t:|1769416072
|switch|p1a: Scizor|Scizor, F|100/100
|move|p2a: Primarina|Hyper Voice|p1a: Scizor
|-damage|p1a: Scizor|43/100
|
|upkeep
|turn|10
|
|t:|1769416079
|switch|p2a: Pecharunt|Pecharunt|100/100
|move|p1a: Scizor|Bullet Punch|p2a: Pecharunt
|-damage|p2a: Pecharunt|70/100
|
|-heal|p2a: Pecharunt|76/100|[from] item: Black Sludge
|upkeep
|turn|11
|
|t:|1769416093
|switch|p1a: Samurott|Samurott-Hisui, M|100/100
|move|p2a: Pecharunt|Parting Shot|p1a: Samurott
|-unboost|p1a: Samurott|atk|1
|-unboost|p1a: Samurott|spa|1
|
|t:|1769416108
|switch|p2a: Primarina|Primarina, M|100/100|[from] Parting Shot
|
|upkeep
|turn|12
|
|t:|1769416113
|move|p1a: Samurott|Ceaseless Edge|p2a: Primarina
|-resisted|p2a: Primarina
|-damage|p2a: Primarina|80/100
|-sidestart|p2: shapatt|Spikes
|move|p2a: Primarina|Moonblast|p1a: Samurott
|-supereffective|p1a: Samurott
|-damage|p1a: Samurott|0 fnt
|faint|p1a: Samurott
|
|upkeep
|
|t:|1769416121
|switch|p1a: Iron Valiant|Iron Valiant|100/100
|-enditem|p1a: Iron Valiant|Booster Energy
|-activate|p1a: Iron Valiant|ability: Quark Drive|[fromitem]
|-start|p1a: Iron Valiant|quarkdrivespe
|turn|13
|
|t:|1769416127
|move|p1a: Iron Valiant|Thunderbolt|p2a: Primarina
|-supereffective|p2a: Primarina
|-damage|p2a: Primarina|48/100
|move|p2a: Primarina|Moonblast|p1a: Iron Valiant
|-supereffective|p1a: Iron Valiant
|-damage|p1a: Iron Valiant|0 fnt
|faint|p1a: Iron Valiant
|-end|p1a: Iron Valiant|Quark Drive|[silent]
|
|upkeep
|
|t:|1769416138
|switch|p1a: Scizor|Scizor, F|43/100
|turn|14
|
|t:|1769416141
|move|p1a: Scizor|Bullet Punch|p2a: Primarina
|-damage|p2a: Primarina|0 fnt
|faint|p2a: Primarina
|
|upkeep
|
|t:|1769416146
|switch|p2a: Landorus|Landorus-Therian, M|41/100
|-ability|p2a: Landorus|Intimidate|boost
|-unboost|p1a: Scizor|atk|1
|turn|15
|
|t:|1769416156
|switch|p1a: Garchomp|Garchomp, M|84/100
|move|p2a: Landorus|U-turn|p1a: Garchomp
|-damage|p1a: Garchomp|63/100
|-damage|p2a: Landorus|29/100|[from] ability: Rough Skin|[of] p1a: Garchomp
|
|t:|1769416162
|switch|p2a: Mimikyu|Mimikyu, M|100/100|[from] U-turn
|-damage|p2a: Mimikyu|88/100|[from] Spikes
|
|upkeep
|turn|16
|
|t:|1769416169
|move|p1a: Garchomp|Earthquake|p2a: Mimikyu
|-activate|p2a: Mimikyu|ability: Disguise
|-damage|p2a: Mimikyu|88/100
|detailschange|p2a: Mimikyu|Mimikyu-Busted, M
|-damage|p2a: Mimikyu|75/100|[from] pokemon: Mimikyu-Busted
|-enditem|p2a: Mimikyu|Kee Berry|[eat]
|-boost|p2a: Mimikyu|def|1|[from] item: Kee Berry
|move|p2a: Mimikyu|Play Rough|p1a: Garchomp
|-supereffective|p1a: Garchomp
|-damage|p1a: Garchomp|0 fnt
|-damage|p2a: Mimikyu|63/100|[from] ability: Rough Skin|[of] p1a: Garchomp
|faint|p1a: Garchomp
|
|upkeep
|
|t:|1769416174
|switch|p1a: Scizor|Scizor, F|43/100
|turn|17
|
|t:|1769416183
|-terastallize|p2a: Mimikyu|Normal
|move|p1a: Scizor|Bullet Punch|p2a: Mimikyu
|-damage|p2a: Mimikyu|18/100
|move|p2a: Mimikyu|Shadow Claw|p1a: Scizor
|-damage|p1a: Scizor|14/100
|
|upkeep
|turn|18
|
|t:|1769416188
|move|p1a: Scizor|Bullet Punch|p2a: Mimikyu
|-damage|p2a: Mimikyu|0 fnt
|faint|p2a: Mimikyu
|
|upkeep
|
|t:|1769416192
|switch|p2a: Pecharunt|Pecharunt|76/100
|-damage|p2a: Pecharunt|64/100|[from] Spikes
|turn|19
|
|t:|1769416198
|move|p1a: Scizor|Bullet Punch|p2a: Pecharunt
|-damage|p2a: Pecharunt|35/100
|move|p2a: Pecharunt|Shadow Ball|p1a: Scizor
|-damage|p1a: Scizor|0 fnt
|faint|p1a: Scizor
|
|-heal|p2a: Pecharunt|41/100|[from] item: Black Sludge
|upkeep
|
|t:|1769416208
|switch|p1a: Dragonite|Dragonite, M|95/100
|turn|20
|
|t:|1769416216
|-terastallize|p1a: Dragonite|Normal
|move|p2a: Pecharunt|Parting Shot|p1a: Dragonite
|-unboost|p1a: Dragonite|atk|1
|-unboost|p1a: Dragonite|spa|1
|
|t:|1769416220
|switch|p2a: Landorus|Landorus-Therian, M|29/100|[from] Parting Shot
|-ability|p2a: Landorus|Intimidate|boost
|-unboost|p1a: Dragonite|atk|1
|move|p1a: Dragonite|Dragon Claw|p2a: Landorus
|-damage|p2a: Landorus|5/100
|-damage|p1a: Dragonite|79/100|[from] item: Rocky Helmet|[of] p2a: Landorus
|
|upkeep
|turn|21
|
|t:|1769416232
|move|p2a: Landorus|Earthquake|p1a: Dragonite
|-damage|p1a: Dragonite|37/100
|move|p1a: Dragonite|Dragon Claw|p2a: Landorus
|-damage|p2a: Landorus|0 fnt
|-damage|p1a: Dragonite|20/100|[from] item: Rocky Helmet|[of] p2a: Landorus
|faint|p2a: Landorus
|
|upkeep
|
|t:|1769416234
|switch|p2a: Maushold|Maushold|100/100
|-damage|p2a: Maushold|88/100|[from] Spikes
|turn|22
|
|t:|1769416242
|move|p2a: Maushold|Population Bomb|p1a: Dragonite
|-crit|p1a: Dragonite
|-damage|p1a: Dragonite|6/100
|-damage|p1a: Dragonite|0 fnt
|faint|p1a: Dragonite
|-hitcount|p1: Dragonite|2
|
|win|shapatt
|raw|LYHtyt's rating: 1297 &rarr; <strong>1267</strong><br />(-30 for losing)
|raw|shapatt's rating: 1233 &rarr; <strong>1263</strong><br />(+30 for winning)
|l|☆shapatt
|player|p2|
|l|☆LYHtyt
|player|p1|
