|j|☆marxistpiplupist
|j|☆timmytohns
|t:|1769406717
|gametype|singles
|player|p1|marxistpiplupist|drayden|1205
|player|p2|timmytohns|101|1155
|gen|9
|tier|[Gen 9] OU
|rated|
|rule|HP Percentage Mod: HP is shown in percentages
|rule|Endless Battle Clause: Forcing endless battles is banned
|rule|Species Clause: Limit one of each Pokémon
|rule|OHKO Clause: OHKO moves are banned
|rule|Evasion Items Clause: Evasion items are banned
|rule|Evasion Moves Clause: Evasion moves are banned
|rule|Evasion Abilities Clause: Evasion abilities are banned
|rule|Sleep Moves Clause: Sleep-inducing moves are banned
|clearpoke
|poke|p1|Dragapult, M|
|poke|p1|Serperior, M|
|poke|p1|Dragonite, M|
|poke|p1|Hatterene, F|
|poke|p1|Torkoal, M|
|poke|p1|Okidogi, M|
|poke|p2|Slowking-Galar, M|
|poke|p2|Great Tusk|
|poke|p2|Zamazenta-*|
|poke|p2|Kingambit, F|
|poke|p2|Alomomola, F|
|poke|p2|Iron Valiant|
|teampreview
|inactive|Battle timer is ON: inactive players will automatically lose when time's up. (requested by timmytohns)
|
|t:|1769406741
|teamsize|p1|6
|teamsize|p2|6
|start
|switch|p1a: Lenin|Torkoal, M, shiny|100/100
|switch|p2a: Great Tusk|Great Tusk|100/100
|-weather|SunnyDay|[from] ability: Drought|[of] p1a: Lenin
|-activate|p2a: Great Tusk|ability: Protosynthesis
|-start|p2a: Great Tusk|protosynthesisspe
|turn|1
|
|t:|1769406758
|move|p2a: Great Tusk|Stealth Rock|p1a: Lenin
|-sidestart|p1: marxistpiplupist|move: Stealth Rock
|move|p1a: Lenin|Will-O-Wisp|p2a: Great Tusk
|-status|p2a: Great Tusk|brn
|
|-weather|SunnyDay|[upkeep]
|-damage|p2a: Great Tusk|94/100 brn|[from] brn
|upkeep
|turn|2
|
|t:|1769406781
|move|p2a: Great Tusk|Headlong Rush|p1a: Lenin
|-supereffective|p1a: Lenin
|-damage|p1a: Lenin|59/100
|-unboost|p2a: Great Tusk|def|1
|-unboost|p2a: Great Tusk|spd|1
|move|p1a: Lenin|Stealth Rock|p2a: Great Tusk
|-sidestart|p2: timmytohns|move: Stealth Rock
|
|-weather|SunnyDay|[upkeep]
|-damage|p2a: Great Tusk|88/100 brn|[from] brn
|upkeep
|turn|3
|
|t:|1769406790
|switch|p1a: Assata|Hatterene, F|100/100
|-damage|p1a: Assata|88/100|[from] Stealth Rock
|move|p2a: Great Tusk|Rapid Spin|p1a: Assata
|-damage|p1a: Assata|80/100
|-boost|p2a: Great Tusk|spe|1
|-sideend|p2: timmytohns|Stealth Rock|[from] move: Rapid Spin|[of] p2a: Great Tusk
|
|-weather|SunnyDay|[upkeep]
|-damage|p2a: Great Tusk|82/100 brn|[from] brn
|upkeep
|turn|4
|inactive|timmytohns has 120 seconds left.
|
|t:|1769406815
|-end|p2a: Great Tusk|Protosynthesis|[silent]
|switch|p2a: Kingambit|Kingambit, F|100/100
|move|p1a: Assata|Trick Room|p1a: Assata
|-fieldstart|move: Trick Room|[of] p1a: Assata
|
|-weather|SunnyDay|[upkeep]
|upkeep
|turn|5
|inactive|timmytohns has 120 seconds left.
|
|t:|1769406830
|switch|p1a: Lenin|Torkoal, M, shiny|59/100
|-damage|p1a: Lenin|35/100|[from] Stealth Rock
|move|p2a: Kingambit|Iron Head|p1a: Lenin
|-resisted|p1a: Lenin
|-damage|p1a: Lenin|17/100
|
|-weather|none
|upkeep
|turn|6
|inactive|timmytohns has 120 seconds left.
|
|t:|1769406852
|-end|p2a: Kingambit|fallenundefined|[silent]
|switch|p2a: Alomomola|Alomomola, F|100/100
|move|p1a: Lenin|Will-O-Wisp|p2a: Alomomola
|-status|p2a: Alomomola|brn
|
|-damage|p2a: Alomomola|94/100 brn|[from] brn
|upkeep
|turn|7
|
|t:|1769406863
|move|p1a: Lenin|Stealth Rock|p2a: Alomomola
|-sidestart|p2: timmytohns|move: Stealth Rock
|move|p2a: Alomomola|Flip Turn|p1a: Lenin
|-supereffective|p1a: Lenin
|-damage|p1a: Lenin|4/100
|
|t:|1769406882
|switch|p2a: Great Tusk|Great Tusk|82/100 brn|[from] Flip Turn
|-damage|p2a: Great Tusk|79/100 brn|[from] Stealth Rock
|
|-damage|p2a: Great Tusk|73/100 brn|[from] brn
|upkeep
|turn|8
|
|t:|1769406912
|switch|p1a: Uncle Ho|Serperior, M|100/100
|-damage|p1a: Uncle Ho|88/100|[from] Stealth Rock
|-enditem|p1a: Uncle Ho|Room Service
|-boost|p1a: Uncle Ho|spe|1|[from] item: Room Service
|move|p2a: Great Tusk|Rapid Spin|p1a: Uncle Ho
|-damage|p1a: Uncle Ho|80/100
|-boost|p2a: Great Tusk|spe|1
|-sideend|p2: timmytohns|Stealth Rock|[from] move: Rapid Spin|[of] p2a: Great Tusk
|
|-damage|p2a: Great Tusk|66/100 brn|[from] brn
|-fieldend|move: Trick Room
|upkeep
|turn|9
|inactive|timmytohns has 90 seconds left.
|
|t:|1769406945
|-end|p2a: Great Tusk|Protosynthesis|[silent]
|switch|p2a: Slowking|Slowking-Galar, M|100/100
|move|p1a: Uncle Ho|Leaf Storm|p2a: Slowking
|-resisted|p2a: Slowking
|-damage|p2a: Slowking|88/100
|-boost|p1a: Uncle Ho|spa|2
|
|upkeep
|turn|10
|inactive|marxistpiplupist has 120 seconds left.
|
|t:|1769406962
|-terastallize|p1a: Uncle Ho|Ground
|move|p1a: Uncle Ho|Tera Blast|p2a: Slowking|[anim] Tera Blast Ground
|-supereffective|p2a: Slowking
|-damage|p2a: Slowking|27/100
|move|p2a: Slowking|Sludge Bomb|p1a: Uncle Ho
|-resisted|p1a: Uncle Ho
|-damage|p1a: Uncle Ho|61/100
|-status|p1a: Uncle Ho|psn
|
|-damage|p1a: Uncle Ho|49/100 psn|[from] psn
|upkeep
|turn|11
|inactive|timmytohns has 90 seconds left.
|inactive|marxistpiplupist has 120 seconds left.
|inactive|timmytohns has 60 seconds left.
|inactive|timmytohns has 30 seconds left.
|inactive|timmytohns has 20 seconds left.
|inactive|timmytohns has 15 seconds left.
|
|t:|1769407045
|move|p1a: Uncle Ho|Leaf Storm|p2a: Slowking
|-resisted|p2a: Slowking
|-damage|p2a: Slowking|2/100
|-boost|p1a: Uncle Ho|spa|2
|-prepare|p2a: Slowking|Chilly Reception|[premajor]
|move|p2a: Slowking|Chilly Reception|p2a: Slowking
|-weather|Snowscape
|inactive|timmytohns has 20 seconds left this turn.
|inactive|timmytohns has 15 seconds left.
|
|t:|1769407053
|switch|p2a: Kingambit|Kingambit, F|100/100|[from] Chilly Reception
|
|-weather|Snowscape|[upkeep]
|-damage|p1a: Uncle Ho|36/100 psn|[from] psn
|upkeep
|turn|12
|inactive|timmytohns has 25 seconds left this turn.
|inactive|timmytohns has 20 seconds left.
|inactive|timmytohns has 15 seconds left.
|c|☆marxistpiplupist|i got greedy with the SpA lol
|
|t:|1769407066
|move|p2a: Kingambit|Sucker Punch||[still]
|-fail|p2a: Kingambit
|move|p1a: Uncle Ho|Synthesis|p1a: Uncle Ho
|-heal|p1a: Uncle Ho|61/100 psn
|
|-weather|Snowscape|[upkeep]
|-damage|p1a: Uncle Ho|49/100 psn|[from] psn
|upkeep
|turn|13
|inactive|timmytohns has 25 seconds left this turn.
|inactive|timmytohns has 20 seconds left.
|
|t:|1769407074
|move|p2a: Kingambit|Sucker Punch|p1a: Uncle Ho
|-damage|p1a: Uncle Ho|8/100 psn
|move|p1a: Uncle Ho|Tera Blast|p2a: Kingambit|[anim] Tera Blast Ground
|-supereffective|p2a: Kingambit
|-damage|p2a: Kingambit|0 fnt
|faint|p2a: Kingambit
|-end|p2a: Kingambit|fallenundefined|[silent]
|
|-weather|Snowscape|[upkeep]
|-damage|p1a: Uncle Ho|0 fnt|[from] psn
|faint|p1a: Uncle Ho
|upkeep
|inactive|timmytohns has 25 seconds left this turn.
|inactive|timmytohns has 20 seconds left.
|inactive|timmytohns has 15 seconds left.
|
|t:|1769407089
|switch|p1a: Lenin|Torkoal, M, shiny|4/100
|switch|p2a: Iron Valiant|Iron Valiant|100/100
|-damage|p1a: Lenin|0 fnt|[from] Stealth Rock
|faint|p1a: Lenin
|-enditem|p2a: Iron Valiant|Booster Energy
|-activate|p2a: Iron Valiant|ability: Quark Drive|[fromitem]
|-start|p2a: Iron Valiant|quarkdrivespe
|inactive|marxistpiplupist has 120 seconds left.
|
|t:|1769407103
|switch|p1a: Sankara|Okidogi, M|100/100
|-damage|p1a: Sankara|95/100|[from] Stealth Rock
|turn|14
|inactive|timmytohns has 30 seconds left this turn.
|
|t:|1769407107
|move|p2a: Iron Valiant|Moonblast|p1a: Sankara
|-damage|p1a: Sankara|40/100
|move|p1a: Sankara|Gunk Shot|p2a: Iron Valiant
|-supereffective|p2a: Iron Valiant
|-damage|p2a: Iron Valiant|0 fnt
|faint|p2a: Iron Valiant
|-end|p2a: Iron Valiant|Quark Drive|[silent]
|
|-weather|Snowscape|[upkeep]
|upkeep
|inactive|timmytohns has 30 seconds left.
|
|t:|1769407119
|switch|p2a: Alomomola|Alomomola, F|100/100 brn
|turn|15
|
|t:|1769407142
|move|p1a: Sankara|Gunk Shot|p2a: Alomomola
|-damage|p2a: Alomomola|67/100 brn
|move|p2a: Alomomola|Scald|p1a: Sankara
|-damage|p1a: Sankara|22/100
|
|-weather|none
|-damage|p2a: Alomomola|61/100 brn|[from] brn
|upkeep
|turn|16
|
|t:|1769407151
|switch|p1a: Assata|Hatterene, F|80/100
|-damage|p1a: Assata|68/100|[from] Stealth Rock
|move|p2a: Alomomola|Wish|p2a: Alomomola
|
|-damage|p2a: Alomomola|55/100 brn|[from] brn
|upkeep
|turn|17
|
|t:|1769407160
|move|p2a: Alomomola|Flip Turn|p1a: Assata
|-damage|p1a: Assata|59/100
|
|t:|1769407163
|switch|p2a: Slowking|Slowking-Galar, M|35/100|[from] Flip Turn
|move|p1a: Assata|Psychic Noise|p2a: Slowking
|-crit|p2a: Slowking
|-damage|p2a: Slowking|0 fnt
|faint|p2a: Slowking
|
|upkeep
|
|t:|1769407172
|switch|p2a: Great Tusk|Great Tusk|66/100 brn
|turn|18
|inactive|marxistpiplupist has 120 seconds left.
|
|t:|1769407214
|move|p2a: Great Tusk|Headlong Rush|p1a: Assata
|-damage|p1a: Assata|32/100
|-unboost|p2a: Great Tusk|def|1
|-unboost|p2a: Great Tusk|spd|1
|move|p1a: Assata|Healing Wish|p1a: Assata
|faint|p1a: Assata
|
|-damage|p2a: Great Tusk|60/100 brn|[from] brn
|upkeep
|
|t:|1769407222
|switch|p1a: Sankara|Okidogi, M|22/100
|-heal|p1a: Sankara|100/100|[from] move: Healing Wish
|-damage|p1a: Sankara|95/100|[from] Stealth Rock
|turn|19
|inactive|timmytohns has 60 seconds left.
|
|t:|1769407239
|move|p1a: Sankara|Close Combat|p2a: Great Tusk
|-damage|p2a: Great Tusk|3/100 brn
|-unboost|p1a: Sankara|def|1
|-unboost|p1a: Sankara|spd|1
|-damage|p1a: Sankara|78/100|[from] item: Rocky Helmet|[of] p2a: Great Tusk
|move|p2a: Great Tusk|Headlong Rush|p1a: Sankara
|-supereffective|p1a: Sankara
|-damage|p1a: Sankara|6/100
|-unboost|p2a: Great Tusk|def|1
|-unboost|p2a: Great Tusk|spd|1
|
|-damage|p2a: Great Tusk|0 fnt|[from] brn
|faint|p2a: Great Tusk
|-end|p2a: Great Tusk|Protosynthesis|[silent]
|upkeep
|
|t:|1769407253
|switch|p2a: Zamazenta|Zamazenta|100/100
|-ability|p2a: Zamazenta|Dauntless Shield|boost
|-boost|p2a: Zamazenta|def|1
|turn|20
|inactive|marxistpiplupist has 120 seconds left.
|
|t:|1769407287
|move|p1a: Sankara|Close Combat|p2a: Zamazenta
|-damage|p2a: Zamazenta|59/100
|-unboost|p1a: Sankara|def|1
|-unboost|p1a: Sankara|spd|1
|move|p2a: Zamazenta|Crunch|p1a: Sankara
|-resisted|p1a: Sankara
|-damage|p1a: Sankara|0 fnt
|faint|p1a: Sankara
|
|upkeep
|inactive|marxistpiplupist has 90 seconds left.
|inactive|marxistpiplupist has 60 seconds left.
|
|t:|1769407343
|switch|p1a: Engels|Dragapult, M|100/100
|-damage|p1a: Engels|88/100|[from] Stealth Rock
|turn|21
|inactive|timmytohns has 60 seconds left.
|
|t:|1769407358
|switch|p2a: Alomomola|Alomomola, F|88/100 brn
|move|p1a: Engels|Dragon Darts|p2a: Alomomola
|-damage|p2a: Alomomola|75/100 brn
|-anim|p1a: Engels|Dragon Darts|p2a: Alomomola
|-damage|p2a: Alomomola|62/100 brn
|-damage|p1a: Engels|78/100|[from] item: Life Orb
|
|-damage|p2a: Alomomola|56/100 brn|[from] brn
|upkeep
|turn|22
|inactive|timmytohns has 60 seconds left.
|inactive|marxistpiplupist has 30 seconds left.
|inactive|marxistpiplupist has 20 seconds left.
|
|t:|1769407394
|move|p1a: Engels|Draco Meteor|p2a: Alomomola
|-damage|p2a: Alomomola|0 fnt
|-unboost|p1a: Engels|spa|2
|faint|p2a: Alomomola
|-damage|p1a: Engels|69/100|[from] item: Life Orb
|
|upkeep
|
|t:|1769407397
|switch|p2a: Zamazenta|Zamazenta|59/100
|turn|23
|inactive|marxistpiplupist has 30 seconds left.
|inactive|marxistpiplupist has 20 seconds left.
|inactive|marxistpiplupist has 15 seconds left.
|
|t:|1769407418
|move|p1a: Engels|Dragon Darts|p2a: Zamazenta
|-damage|p2a: Zamazenta|32/100
|-anim|p1a: Engels|Dragon Darts|p2a: Zamazenta
|-damage|p2a: Zamazenta|9/100
|-damage|p1a: Engels|59/100|[from] item: Life Orb
|move|p2a: Zamazenta|Crunch|p1a: Engels
|-supereffective|p1a: Engels
|-damage|p1a: Engels|0 fnt
|faint|p1a: Engels
|
|upkeep
|inactive|marxistpiplupist has 20 seconds left this turn.
|c|☆timmytohns|gg
|inactive|marxistpiplupist has 15 seconds left.
|inactive|marxistpiplupist has 10 seconds left.
|
|t:|1769407428
|switch|p1a: Mao|Dragonite, M, shiny|100/100
|turn|24
|inactive|marxistpiplupist has 20 seconds left this turn.
|c|☆marxistpiplupist|gg
|
|t:|1769407434
|move|p1a: Mao|Extreme Speed|p2a: Zamazenta
|-damage|p2a: Zamazenta|0 fnt
|faint|p2a: Zamazenta
|
|win|marxistpiplupist
|raw|marxistpiplupist's rating: 1205 &rarr; <strong>1226</strong><br />(+21 for winning)
|raw|timmytohns's rating: 1155 &rarr; <strong>1134</strong><br />(-21 for losing)
|l|☆timmytohns
|player|p2|
|l|☆marxistpiplupist
|player|p1|
