|j|☆ghanaputthisd
|j|☆BCDino
|t:|1769347557
|gametype|singles
|player|p1|ghanaputthisd|caitlin|1361
|player|p2|BCDino|burglar|1382
|gen|9
|tier|[Gen 9] OU
|rated|
|rule|HP Percentage Mod: HP is shown in percentages
|rule|Endless Battle Clause: Forcing endless battles is banned
|rule|Species Clause: Limit one of each Pokémon
|rule|OHKO Clause: OHKO moves are banned
|rule|Evasion Items Clause: Evasion items are banned
|rule|Evasion Moves Clause: Evasion moves are banned
|rule|Evasion Abilities Clause: Evasion abilities are banned
|rule|Sleep Moves Clause: Sleep-inducing moves are banned
|clearpoke
|poke|p1|Indeedee, M|
|poke|p1|Gallade, M|
|poke|p1|Iron Crown|
|poke|p1|Hawlucha, M|
|poke|p1|Iron Valiant|
|poke|p1|Polteageist-Antique|
|poke|p2|Scizor, F|
|poke|p2|Zapdos|
|poke|p2|Samurott-Hisui, M|
|poke|p2|Great Tusk|
|poke|p2|Heatran, F|
|poke|p2|Ogerpon-Wellspring, F|
|teampreview
|inactive|Battle timer is ON: inactive players will automatically lose when time's up. (requested by BCDino)
|inactive|ghanaputthisd also wants the timer to be on.
|inactive|BCDino has 120 seconds left.
|
|t:|1769347590
|teamsize|p1|6
|teamsize|p2|6
|start
|switch|p1a: Indeedee|Indeedee, M|100/100
|switch|p2a: Scizor|Scizor, F|100/100
|-fieldstart|move: Psychic Terrain|[from] ability: Psychic Surge|[of] p1a: Indeedee
|turn|1
|
|t:|1769347600
|switch|p1a: Gallade|Gallade, M|100/100
|move|p2a: Scizor|U-turn|p1a: Gallade
|-damage|p1a: Gallade|0 fnt
|faint|p1a: Gallade
|
|t:|1769347609
|switch|p2a: Samurott|Samurott-Hisui, M|100/100|[from] U-turn
|
|upkeep
|c|☆ghanaputthisd|Oops
|
|t:|1769347614
|switch|p1a: Iron Valiant|Iron Valiant|100/100
|-enditem|p1a: Iron Valiant|Booster Energy
|-activate|p1a: Iron Valiant|ability: Quark Drive|[fromitem]
|-start|p1a: Iron Valiant|quarkdrivespe
|turn|2
|
|t:|1769347629
|switch|p2a: Zapdos|Zapdos|100/100
|move|p1a: Iron Valiant|Calm Mind|p1a: Iron Valiant
|-boost|p1a: Iron Valiant|spa|1
|-boost|p1a: Iron Valiant|spd|1
|
|upkeep
|turn|3
|
|t:|1769347636
|move|p1a: Iron Valiant|Moonblast|p2a: Zapdos
|-damage|p2a: Zapdos|34/100
|move|p2a: Zapdos|Hurricane|p1a: Iron Valiant|[miss]
|-miss|p2a: Zapdos|p1a: Iron Valiant
|
|upkeep
|turn|4
|
|t:|1769347660
|switch|p2a: Heatran|Heatran, F|100/100
|move|p1a: Iron Valiant|Moonblast|p2a: Heatran
|-resisted|p2a: Heatran
|-damage|p2a: Heatran|90/100
|
|-heal|p2a: Heatran|97/100|[from] item: Leftovers
|upkeep
|turn|5
|
|t:|1769347667
|move|p1a: Iron Valiant|Aura Sphere|p2a: Heatran
|-supereffective|p2a: Heatran
|-damage|p2a: Heatran|20/100
|move|p2a: Heatran|Magma Storm|p1a: Iron Valiant
|-damage|p1a: Iron Valiant|49/100
|-activate|p1a: Iron Valiant|move: Magma Storm|[of] p2a: Heatran
|
|-heal|p2a: Heatran|26/100|[from] item: Leftovers
|-damage|p1a: Iron Valiant|36/100|[from] move: Magma Storm|[partiallytrapped]
|-fieldend|move: Psychic Terrain
|upkeep
|turn|6
|
|t:|1769347684
|move|p1a: Iron Valiant|Aura Sphere|p2a: Heatran
|-supereffective|p2a: Heatran
|-damage|p2a: Heatran|0 fnt
|faint|p2a: Heatran
|
|-end|p1a: Iron Valiant|Magma Storm|[partiallytrapped]|[silent]
|upkeep
|
|t:|1769347686
|switch|p2a: Samurott|Samurott-Hisui, M|100/100
|turn|7
|c|☆BCDino|misclick
|c|☆BCDino|faa
|
|t:|1769347708
|switch|p2a: Zapdos|Zapdos|34/100
|move|p1a: Iron Valiant|Moonblast|p2a: Zapdos
|-damage|p2a: Zapdos|0 fnt
|faint|p2a: Zapdos
|
|upkeep
|c|☆ghanaputthisd|No bueno
|
|t:|1769347710
|switch|p2a: Scizor|Scizor, F|100/100
|turn|8
|
|t:|1769347717
|-end|p1a: Iron Valiant|Quark Drive|[silent]
|switch|p1a: Indeedee|Indeedee, M|100/100
|-fieldstart|move: Psychic Terrain|[from] ability: Psychic Surge|[of] p1a: Indeedee
|move|p2a: Scizor|Bullet Punch|p1a: Indeedee
|-activate|p1a: Indeedee|move: Psychic Terrain
|
|upkeep
|turn|9
|
|t:|1769347728
|switch|p2a: Ogerpon|Ogerpon-Wellspring, F|100/100
|move|p1a: Indeedee|Healing Wish|p1a: Indeedee
|faint|p1a: Indeedee
|
|upkeep
|
|t:|1769347730
|switch|p1a: Iron Valiant|Iron Valiant|36/100
|-heal|p1a: Iron Valiant|100/100|[from] move: Healing Wish
|turn|10
|
|t:|1769347733
|-terastallize|p2a: Ogerpon|Water
|detailschange|p2a: Ogerpon|Ogerpon-Wellspring-Tera, F, tera:Water
|-ability|p2a: Ogerpon|Embody Aspect (Wellspring)|boost
|-boost|p2a: Ogerpon|spd|1
|move|p1a: Iron Valiant|Psyshock|p2a: Ogerpon
|-damage|p2a: Ogerpon|57/100
|move|p2a: Ogerpon|Ivy Cudgel|p1a: Iron Valiant|[anim] Ivy Cudgel Water
|-crit|p1a: Iron Valiant
|-damage|p1a: Iron Valiant|0 fnt
|faint|p1a: Iron Valiant
|-end|p1a: Iron Valiant|Quark Drive|[silent]
|
|upkeep
|
|t:|1769347738
|switch|p1a: Polteageist|Polteageist-Antique, shiny|100/100
|turn|11
|
|t:|1769347742
|move|p2a: Ogerpon|Ivy Cudgel|p1a: Polteageist|[anim] Ivy Cudgel Water
|-enditem|p1a: Polteageist|Focus Sash
|-damage|p1a: Polteageist|1/100
|-ability|p1a: Polteageist|Weak Armor|boost
|-unboost|p1a: Polteageist|def|1
|-boost|p1a: Polteageist|spe|2
|move|p1a: Polteageist|Shadow Ball|p2a: Ogerpon
|-damage|p2a: Ogerpon|24/100
|
|upkeep
|turn|12
|c|☆ghanaputthisd|I forgot shellsmash bruh
|c|☆ghanaputthisd|Wtf does it have night shade😭😭😭😭
|inactive|BCDino has 120 seconds left.
|c|☆BCDino|xd
|
|t:|1769347775
|switch|p2a: Samurott|Samurott-Hisui, M|100/100
|move|p1a: Polteageist|Night Shade|p2a: Samurott
|-damage|p2a: Samurott|69/100
|
|-fieldend|move: Psychic Terrain
|upkeep
|turn|13
|inactive|BCDino has 120 seconds left.
|
|t:|1769347796
|move|p1a: Polteageist|Shadow Ball|p2a: Samurott
|-resisted|p2a: Samurott
|-damage|p2a: Samurott|36/100
|move|p2a: Samurott|Flip Turn|p1a: Polteageist
|-damage|p1a: Polteageist|0 fnt
|faint|p1a: Polteageist
|
|t:|1769347800
|switch|p2a: Scizor|Scizor, F|100/100|[from] Flip Turn
|
|upkeep
|c|☆ghanaputthisd|I hade one job to make this fuckass team comp work
|
|t:|1769347815
|switch|p1a: Iron Crown|Iron Crown|100/100
|turn|14
|inactive|BCDino has 120 seconds left.
|c|☆ghanaputthisd|And i forgot that one move
|
|t:|1769347828
|-terastallize|p1a: Iron Crown|Fighting
|move|p1a: Iron Crown|Focus Blast|p2a: Scizor|[miss]
|-miss|p1a: Iron Crown|p2a: Scizor
|move|p2a: Scizor|Knock Off|p1a: Iron Crown
|-resisted|p1a: Iron Crown
|-damage|p1a: Iron Crown|73/100
|-enditem|p1a: Iron Crown|Choice Scarf|[from] move: Knock Off|[of] p2a: Scizor
|
|upkeep
|turn|15
|inactive|BCDino has 120 seconds left.
|
|t:|1769347841
|switch|p2a: Samurott|Samurott-Hisui, M|36/100
|move|p1a: Iron Crown|Focus Blast|p2a: Samurott
|-supereffective|p2a: Samurott
|-damage|p2a: Samurott|0 fnt
|faint|p2a: Samurott
|
|upkeep
|
|t:|1769347843
|switch|p2a: Ogerpon|Ogerpon-Wellspring-Tera, F, tera:Water|24/100
|-ability|p2a: Ogerpon|Embody Aspect (Wellspring)|boost
|-boost|p2a: Ogerpon|spd|1
|turn|16
|
|t:|1769347849
|move|p2a: Ogerpon|Ivy Cudgel|p1a: Iron Crown|[anim] Ivy Cudgel Water
|-damage|p1a: Iron Crown|0 fnt
|faint|p1a: Iron Crown
|-end|p1a: Iron Crown|Quark Drive|[silent]
|
|upkeep
|
|t:|1769347851
|switch|p1a: Hawlucha|Hawlucha, M, shiny|100/100
|turn|17
|
|t:|1769347853
|move|p2a: Ogerpon|Ivy Cudgel|p1a: Hawlucha|[anim] Ivy Cudgel Water
|-damage|p1a: Hawlucha|0 fnt
|faint|p1a: Hawlucha
|
|win|BCDino
|raw|ghanaputthisd's rating: 1361 &rarr; <strong>1342</strong><br />(-19 for losing)
|raw|BCDino's rating: 1382 &rarr; <strong>1401</strong><br />(+19 for winning)
|c|☆ghanaputthisd|Gg
|l|☆ghanaputthisd
|player|p1|
|c|☆BCDino|gg
|l|☆BCDino
|player|p2|
