|j|☆Thaldom
|j|☆EDS_Swag
|t:|1769325771
|gametype|singles
|player|p1|Thaldom|wattson|1264
|player|p2|EDS_Swag|marlon|1196
|gen|9
|tier|[Gen 9] OU
|rated|
|rule|HP Percentage Mod: HP is shown in percentages
|rule|Endless Battle Clause: Forcing endless battles is banned
|rule|Species Clause: Limit one of each Pokémon
|rule|OHKO Clause: OHKO moves are banned
|rule|Evasion Items Clause: Evasion items are banned
|rule|Evasion Moves Clause: Evasion moves are banned
|rule|Evasion Abilities Clause: Evasion abilities are banned
|rule|Sleep Moves Clause: Sleep-inducing moves are banned
|clearpoke
|poke|p1|Ceruledge, F|
|poke|p1|Iron Treads|
|poke|p1|Slowking-Galar, M|
|poke|p1|Moltres-Galar|
|poke|p1|Enamorus, F|
|poke|p1|Kommo-o, M|
|poke|p2|Lokix, M|
|poke|p2|Zapdos|
|poke|p2|Great Tusk|
|poke|p2|Ogerpon-Wellspring, F|
|poke|p2|Iron Crown|
|poke|p2|Dragapult, M|
|teampreview
|inactive|Battle timer is ON: inactive players will automatically lose when time's up. (requested by Thaldom)
|
|t:|1769325781
|teamsize|p1|6
|teamsize|p2|6
|start
|switch|p1a: Slowking|Slowking-Galar, M|100/100
|switch|p2a: God Im Dizzy|Great Tusk|100/100
|turn|1
|
|t:|1769325791
|switch|p1a: Enamorus|Enamorus, F|100/100
|move|p2a: God Im Dizzy|Stealth Rock|p1a: Enamorus
|-sidestart|p1: Thaldom|move: Stealth Rock
|
|upkeep
|turn|2
|
|t:|1769325797
|-end|p2a: God Im Dizzy|Protosynthesis|[silent]
|switch|p2a: Big Boss ross|Iron Crown|100/100
|move|p1a: Enamorus|Moonblast|p2a: Big Boss ross
|-resisted|p2a: Big Boss ross
|-damage|p2a: Big Boss ross|80/100
|
|upkeep
|turn|3
|
|t:|1769325809
|switch|p1a: Iron Treads|Iron Treads|100/100
|-damage|p1a: Iron Treads|97/100|[from] Stealth Rock
|-end|p2a: Big Boss ross|Quark Drive|[silent]
|switch|p2a: What core?|Ogerpon-Wellspring, F|100/100
|
|-heal|p1a: Iron Treads|100/100|[from] item: Leftovers
|upkeep
|turn|4
|
|t:|1769325819
|move|p2a: What core?|Ivy Cudgel|p1a: Iron Treads|[anim] Ivy Cudgel Water
|-supereffective|p1a: Iron Treads
|-damage|p1a: Iron Treads|29/100
|move|p1a: Iron Treads|Rapid Spin|p2a: What core?
|-damage|p2a: What core?|85/100
|-boost|p1a: Iron Treads|spe|1
|-sideend|p1: Thaldom|Stealth Rock|[from] move: Rapid Spin|[of] p1a: Iron Treads
|
|-heal|p1a: Iron Treads|35/100|[from] item: Leftovers
|upkeep
|turn|5
|
|t:|1769325829
|move|p1a: Iron Treads|Volt Switch|p2a: What core?
|-damage|p2a: What core?|71/100
|
|t:|1769325851
|-end|p1a: Iron Treads|Quark Drive|[silent]
|switch|p1a: Kommo-o|Kommo-o, M|100/100|[from] Volt Switch
|move|p2a: What core?|Ivy Cudgel|p1a: Kommo-o|[anim] Ivy Cudgel Water
|-resisted|p1a: Kommo-o
|-damage|p1a: Kommo-o|74/100
|
|-heal|p1a: Kommo-o|80/100|[from] item: Leftovers
|upkeep
|turn|6
|
|t:|1769325861
|move|p2a: What core?|Play Rough|p1a: Kommo-o|[miss]
|-miss|p2a: What core?|p1a: Kommo-o
|move|p1a: Kommo-o|Drain Punch|p2a: What core?
|-damage|p2a: What core?|17/100
|-heal|p1a: Kommo-o|100/100|[from] drain|[of] p2a: What core?
|
|upkeep
|turn|7
|inactive|Thaldom has 120 seconds left.
|
|t:|1769325877
|switch|p2a: Big Boss ross|Iron Crown|80/100
|-terastallize|p1a: Kommo-o|Steel
|move|p1a: Kommo-o|Clangorous Soul|p1a: Kommo-o
|-boost|p1a: Kommo-o|atk|1
|-boost|p1a: Kommo-o|def|1
|-boost|p1a: Kommo-o|spa|1
|-boost|p1a: Kommo-o|spd|1
|-boost|p1a: Kommo-o|spe|1
|-damage|p1a: Kommo-o|68/100
|
|-heal|p1a: Kommo-o|74/100|[from] item: Leftovers
|upkeep
|turn|8
|inactive|Thaldom has 120 seconds left.
|
|t:|1769325890
|move|p1a: Kommo-o|Earthquake|p2a: Big Boss ross
|-supereffective|p2a: Big Boss ross
|-damage|p2a: Big Boss ross|0 fnt
|faint|p2a: Big Boss ross
|-end|p2a: Big Boss ross|Quark Drive|[silent]
|
|-heal|p1a: Kommo-o|80/100|[from] item: Leftovers
|upkeep
|
|t:|1769325897
|switch|p2a: God Im Dizzy|Great Tusk|100/100
|turn|9
|
|t:|1769325902
|move|p1a: Kommo-o|Drain Punch|p2a: God Im Dizzy
|-damage|p2a: God Im Dizzy|57/100
|-heal|p1a: Kommo-o|100/100|[from] drain|[of] p2a: God Im Dizzy
|move|p2a: God Im Dizzy|Headlong Rush|p1a: Kommo-o
|-supereffective|p1a: Kommo-o
|-damage|p1a: Kommo-o|26/100
|-unboost|p2a: God Im Dizzy|def|1
|-unboost|p2a: God Im Dizzy|spd|1
|
|-heal|p1a: Kommo-o|32/100|[from] item: Leftovers
|upkeep
|turn|10
|
|t:|1769325917
|-end|p2a: God Im Dizzy|Protosynthesis|[silent]
|switch|p2a: The maniac|Dragapult, M|100/100
|move|p1a: Kommo-o|Draco Meteor|p2a: The maniac
|-supereffective|p2a: The maniac
|-damage|p2a: The maniac|0 fnt
|-unboost|p1a: Kommo-o|spa|2
|faint|p2a: The maniac
|
|-heal|p1a: Kommo-o|38/100|[from] item: Leftovers
|upkeep
|
|t:|1769325926
|switch|p2a: Shake my hand|Lokix, M|100/100
|turn|11
|
|t:|1769325930
|switch|p1a: Iron Treads|Iron Treads|35/100
|-terastallize|p2a: Shake my hand|Bug
|move|p2a: Shake my hand|First Impression|p1a: Iron Treads
|-resisted|p1a: Iron Treads
|-damage|p1a: Iron Treads|0 fnt
|faint|p1a: Iron Treads
|-end|p1a: Iron Treads|Quark Drive|[silent]
|
|upkeep
|
|t:|1769325938
|switch|p1a: Ceruledge|Ceruledge, F|100/100
|turn|12
|
|t:|1769325949
|switch|p2a: MY LEGS|Zapdos|100/100
|move|p1a: Ceruledge|Swords Dance|p1a: Ceruledge
|-boost|p1a: Ceruledge|atk|2
|
|upkeep
|turn|13
|
|t:|1769325956
|move|p1a: Ceruledge|Bitter Blade|p2a: MY LEGS
|-damage|p2a: MY LEGS|28/100
|-status|p1a: Ceruledge|par|[from] ability: Static|[of] p2a: MY LEGS
|move|p2a: MY LEGS|Discharge|p1a: Ceruledge
|-damage|p1a: Ceruledge|59/100 par
|
|upkeep
|turn|14
|
|t:|1769325976
|switch|p2a: What core?|Ogerpon-Wellspring, F|17/100
|cant|p1a: Ceruledge|par
|
|upkeep
|turn|15
|
|t:|1769325980
|move|p1a: Ceruledge|Shadow Sneak|p2a: What core?
|-damage|p2a: What core?|0 fnt
|faint|p2a: What core?
|
|upkeep
|
|t:|1769325982
|switch|p2a: God Im Dizzy|Great Tusk|57/100
|turn|16
|
|t:|1769325987
|cant|p1a: Ceruledge|par
|move|p2a: God Im Dizzy|Headlong Rush|p1a: Ceruledge
|-supereffective|p1a: Ceruledge
|-damage|p1a: Ceruledge|0 fnt
|-unboost|p2a: God Im Dizzy|def|1
|-unboost|p2a: God Im Dizzy|spd|1
|faint|p1a: Ceruledge
|
|upkeep
|
|t:|1769325999
|switch|p1a: Enamorus|Enamorus, F|100/100
|turn|17
|
|t:|1769326005
|move|p1a: Enamorus|Mystical Fire|p2a: God Im Dizzy
|-damage|p2a: God Im Dizzy|0 fnt
|faint|p2a: God Im Dizzy
|-end|p2a: God Im Dizzy|Protosynthesis|[silent]
|
|upkeep
|
|t:|1769326008
|switch|p2a: MY LEGS|Zapdos|28/100
|turn|18
|
|t:|1769326011
|move|p1a: Enamorus|Mystical Fire|p2a: MY LEGS
|-damage|p2a: MY LEGS|0 fnt
|faint|p2a: MY LEGS
|
|upkeep
|-message|EDS_Swag forfeited.
|
|win|Thaldom
|raw|Thaldom's rating: 1264 &rarr; <strong>1284</strong><br />(+20 for winning)
|raw|EDS_Swag's rating: 1196 &rarr; <strong>1176</strong><br />(-20 for losing)
|l|☆EDS_Swag
|player|p2|
|l|☆Thaldom
|player|p1|
