|j|☆blckd out
|j|☆1colour
|t:|1769382928
|gametype|singles
|player|p1|blckd out|lucas-gen4pt|1683
|player|p2|1colour|parasollady|1699
|gen|9
|tier|[Gen 9] OU
|rated|
|rule|HP Percentage Mod: HP is shown in percentages
|rule|Endless Battle Clause: Forcing endless battles is banned
|rule|Species Clause: Limit one of each Pokémon
|rule|OHKO Clause: OHKO moves are banned
|rule|Evasion Items Clause: Evasion items are banned
|rule|Evasion Moves Clause: Evasion moves are banned
|rule|Evasion Abilities Clause: Evasion abilities are banned
|rule|Sleep Moves Clause: Sleep-inducing moves are banned
|clearpoke
|poke|p1|Gholdengo|
|poke|p1|Raging Bolt|
|poke|p1|Ceruledge, M|
|poke|p1|Ribombee, M|
|poke|p1|Ogerpon-Wellspring, F|
|poke|p1|Great Tusk|
|poke|p2|Cinderace, F|
|poke|p2|Rillaboom, M|
|poke|p2|Jirachi|
|poke|p2|Regidrago|
|poke|p2|Glimmora, F|
|poke|p2|Mimikyu, F|
|teampreview
|
|t:|1769382963
|teamsize|p1|6
|teamsize|p2|6
|start
|switch|p1a: Ribombee|Ribombee, M|100/100
|switch|p2a: Jirachi|Jirachi|100/100
|turn|1
|
|t:|1769382968
|move|p1a: Ribombee|Stun Spore|p2a: Jirachi
|-status|p2a: Jirachi|par
|move|p2a: Jirachi|Doom Desire|p1a: Ribombee
|-start|p2a: Jirachi|Doom Desire
|
|upkeep
|turn|2
|inactive|Battle timer is ON: inactive players will automatically lose when time's up. (requested by blckd out)
|
|t:|1769382978
|switch|p1a: Ceruledge|Ceruledge, M|100/100
|move|p2a: Jirachi|Psychic Noise|p1a: Ceruledge
|-damage|p1a: Ceruledge|72/100
|-start|p1a: Ceruledge|move: Heal Block
|
|upkeep
|turn|3
|
|t:|1769382990
|switch|p2a: Glimmora|Glimmora, F, shiny|100/100
|move|p1a: Ceruledge|Swords Dance|p1a: Ceruledge
|-boost|p1a: Ceruledge|atk|2
|
|-end|p1a: Ceruledge|move: Doom Desire
|-resisted|p1a: Ceruledge
|-damage|p1a: Ceruledge|43/100
|-end|p1a: Ceruledge|move: Heal Block
|upkeep
|turn|4
|
|t:|1769382997
|move|p1a: Ceruledge|Poltergeist|p2a: Glimmora
|-activate|p2a: Glimmora|move: Poltergeist|Rocky Helmet
|-damage|p2a: Glimmora|3/100
|-activate|p2a: Glimmora|ability: Toxic Debris
|-sidestart|p1: blckd out|move: Toxic Spikes
|move|p2a: Glimmora|Power Gem|p1a: Ceruledge
|-supereffective|p1a: Ceruledge
|-damage|p1a: Ceruledge|0 fnt
|faint|p1a: Ceruledge
|
|upkeep
|
|t:|1769383008
|switch|p1a: Ribombee|Ribombee, M|100/100
|-status|p1a: Ribombee|psn
|turn|5
|j| Samurajen
|
|t:|1769383013
|move|p1a: Ribombee|Moonblast|p2a: Glimmora
|-resisted|p2a: Glimmora
|-damage|p2a: Glimmora|0 fnt
|faint|p2a: Glimmora
|
|-damage|p1a: Ribombee|88/100 psn|[from] psn
|upkeep
|j| besudo
|
|t:|1769383020
|switch|p2a: Jirachi|Jirachi|100/100 par
|turn|6
|
|t:|1769383025
|switch|p1a: Gholdengo|Gholdengo|100/100
|-item|p1a: Gholdengo|Air Balloon
|move|p2a: Jirachi|Psychic Noise|p1a: Gholdengo
|-resisted|p1a: Gholdengo
|-damage|p1a: Gholdengo|86/100
|-start|p1a: Gholdengo|move: Heal Block
|-enditem|p1a: Gholdengo|Air Balloon
|
|upkeep
|turn|7
|
|t:|1769383033
|switch|p2a: Cinderace|Cinderace, F|100/100
|move|p1a: Gholdengo|Nasty Plot|p1a: Gholdengo
|-boost|p1a: Gholdengo|spa|2
|
|-end|p1a: Gholdengo|move: Heal Block
|upkeep
|turn|8
|
|t:|1769383037
|-terastallize|p1a: Gholdengo|Fairy
|move|p2a: Cinderace|Pyro Ball|p1a: Gholdengo|[miss]
|-miss|p2a: Cinderace|p1a: Gholdengo
|move|p1a: Gholdengo|Shadow Ball|p2a: Cinderace
|-damage|p2a: Cinderace|0 fnt
|faint|p2a: Cinderace
|
|upkeep
|
|t:|1769383045
|switch|p2a: Mimikyu|Mimikyu, F, shiny|100/100
|turn|9
|
|t:|1769383048
|move|p2a: Mimikyu|Swords Dance|p2a: Mimikyu
|-boost|p2a: Mimikyu|atk|2
|move|p1a: Gholdengo|Shadow Ball|p2a: Mimikyu
|-activate|p2a: Mimikyu|ability: Disguise
|-damage|p2a: Mimikyu|100/100
|-unboost|p2a: Mimikyu|spd|1
|detailschange|p2a: Mimikyu|Mimikyu-Busted, F, shiny
|-damage|p2a: Mimikyu|88/100|[from] pokemon: Mimikyu-Busted
|-enditem|p2a: Mimikyu|Red Card|[of] p1a: Gholdengo
|drag|p1a: Ogerpon|Ogerpon-Wellspring, F|100/100
|-status|p1a: Ogerpon|psn
|
|-damage|p1a: Ogerpon|88/100 psn|[from] psn
|upkeep
|turn|10
|
|t:|1769383058
|switch|p2a: Rillaboom|Rillaboom, M|100/100
|-fieldstart|move: Grassy Terrain|[from] ability: Grassy Surge|[of] p2a: Rillaboom
|move|p1a: Ogerpon|Ivy Cudgel|p2a: Rillaboom|[anim] Ivy Cudgel Water
|-resisted|p2a: Rillaboom
|-crit|p2a: Rillaboom
|-damage|p2a: Rillaboom|57/100
|
|-heal|p1a: Ogerpon|94/100 psn|[from] Grassy Terrain
|-heal|p2a: Rillaboom|63/100|[from] Grassy Terrain
|-damage|p1a: Ogerpon|82/100 psn|[from] psn
|upkeep
|turn|11
|
|t:|1769383061
|move|p2a: Rillaboom|Grassy Glide|p1a: Ogerpon
|-damage|p1a: Ogerpon|7/100 psn
|move|p1a: Ogerpon|Play Rough|p2a: Rillaboom
|-damage|p2a: Rillaboom|25/100
|-unboost|p2a: Rillaboom|atk|1
|
|-heal|p1a: Ogerpon|13/100 psn|[from] Grassy Terrain
|-heal|p2a: Rillaboom|32/100|[from] Grassy Terrain
|-damage|p1a: Ogerpon|0 fnt|[from] psn
|faint|p1a: Ogerpon
|upkeep
|
|t:|1769383069
|switch|p1a: Ribombee|Ribombee, M|88/100 psn
|turn|12
|
|t:|1769383071
|switch|p2a: Jirachi|Jirachi|100/100 par
|move|p1a: Ribombee|Sticky Web|p2a: Jirachi
|-sidestart|p2: 1colour|move: Sticky Web
|
|-heal|p1a: Ribombee|94/100 psn|[from] Grassy Terrain
|-damage|p1a: Ribombee|82/100 psn|[from] psn
|upkeep
|turn|13
|
|t:|1769383076
|switch|p1a: Gholdengo|Gholdengo, tera:Fairy|86/100
|-status|p1a: Gholdengo|psn
|move|p2a: Jirachi|Doom Desire|p1a: Gholdengo
|-start|p2a: Jirachi|Doom Desire
|
|-heal|p1a: Gholdengo|92/100 psn|[from] Grassy Terrain
|-damage|p1a: Gholdengo|80/100 psn|[from] psn
|upkeep
|turn|14
|
|t:|1769383083
|move|p1a: Gholdengo|Shadow Ball|p2a: Jirachi
|-supereffective|p2a: Jirachi
|-damage|p2a: Jirachi|41/100 par
|cant|p2a: Jirachi|par
|
|-heal|p1a: Gholdengo|86/100 psn|[from] Grassy Terrain
|-heal|p2a: Jirachi|47/100 par|[from] Grassy Terrain
|-heal|p2a: Jirachi|53/100 par|[from] item: Leftovers
|-damage|p1a: Gholdengo|74/100 psn|[from] psn
|-fieldend|move: Grassy Terrain
|upkeep
|turn|15
|
|t:|1769383097
|move|p1a: Gholdengo|Shadow Ball|p2a: Jirachi
|-supereffective|p2a: Jirachi
|-damage|p2a: Jirachi|0 fnt
|faint|p2a: Jirachi
|
|-end|p1a: Gholdengo|move: Doom Desire
|-supereffective|p1a: Gholdengo
|-damage|p1a: Gholdengo|0 fnt
|faint|p1a: Gholdengo
|upkeep
|
|t:|1769383105
|switch|p1a: Great Tusk|Great Tusk|100/100
|switch|p2a: Mimikyu|Mimikyu-Busted, F, shiny|88/100
|-activate|p2a: Mimikyu|move: Sticky Web
|-unboost|p2a: Mimikyu|spe|1
|-status|p1a: Great Tusk|psn
|-enditem|p1a: Great Tusk|Booster Energy
|-activate|p1a: Great Tusk|ability: Protosynthesis|[fromitem]
|-start|p1a: Great Tusk|protosynthesisatk
|turn|16
|
|t:|1769383115
|move|p1a: Great Tusk|Headlong Rush|p2a: Mimikyu
|-damage|p2a: Mimikyu|0 fnt
|-unboost|p1a: Great Tusk|def|1
|-unboost|p1a: Great Tusk|spd|1
|faint|p2a: Mimikyu
|
|-damage|p1a: Great Tusk|88/100 psn|[from] psn
|upkeep
|
|t:|1769383117
|switch|p2a: Rillaboom|Rillaboom, M|32/100
|-activate|p2a: Rillaboom|move: Sticky Web
|-unboost|p2a: Rillaboom|spe|1
|-fieldstart|move: Grassy Terrain|[from] ability: Grassy Surge|[of] p2a: Rillaboom
|turn|17
|
|t:|1769383125
|-end|p1a: Great Tusk|Protosynthesis|[silent]
|switch|p1a: Ribombee|Ribombee, M|82/100 psn
|-terastallize|p2a: Rillaboom|Grass
|move|p2a: Rillaboom|Grassy Glide|p1a: Ribombee
|-resisted|p1a: Ribombee
|-damage|p1a: Ribombee|8/100 psn
|
|-heal|p1a: Ribombee|14/100 psn|[from] Grassy Terrain
|-heal|p2a: Rillaboom|38/100|[from] Grassy Terrain
|-damage|p1a: Ribombee|2/100 psn|[from] psn
|upkeep
|turn|18
|
|t:|1769383136
|move|p2a: Rillaboom|Grassy Glide|p1a: Ribombee
|-resisted|p1a: Ribombee
|-damage|p1a: Ribombee|0 fnt
|faint|p1a: Ribombee
|
|-heal|p2a: Rillaboom|44/100|[from] Grassy Terrain
|upkeep
|
|t:|1769383138
|switch|p1a: Raging Bolt|Raging Bolt|100/100
|-status|p1a: Raging Bolt|psn
|-enditem|p1a: Raging Bolt|Booster Energy
|-activate|p1a: Raging Bolt|ability: Protosynthesis|[fromitem]
|-start|p1a: Raging Bolt|protosynthesisspa
|turn|19
|
|t:|1769383156
|switch|p2a: Regidrago|Regidrago|100/100
|-activate|p2a: Regidrago|move: Sticky Web
|-unboost|p2a: Regidrago|spe|1
|move|p1a: Raging Bolt|Dragon Pulse|p2a: Regidrago
|-supereffective|p2a: Regidrago
|-damage|p2a: Regidrago|0 fnt
|faint|p2a: Regidrago
|
|-damage|p1a: Raging Bolt|88/100 psn|[from] psn
|upkeep
|
|t:|1769383158
|switch|p2a: Rillaboom|Rillaboom, M, tera:Grass|44/100
|-activate|p2a: Rillaboom|move: Sticky Web
|-unboost|p2a: Rillaboom|spe|1
|turn|20
|-message|1colour forfeited.
|
|win|blckd out
|raw|blckd out's rating: 1683 &rarr; <strong>1704</strong><br />(+21 for winning)
|raw|1colour's rating: 1699 &rarr; <strong>1678</strong><br />(-21 for losing)
|l|☆1colour
|player|p2|
|c| besudo|Good try with drago
|l|☆blckd out
|player|p1|
|l| besudo
