|j|☆Leader Alastor
|j|‽maitreyathe
|t:|1769308023
|gametype|singles
|player|p1|Leader Alastor|blue|1285
|player|p2|maitreyathe|skyla-masters2|1333
|gen|9
|tier|[Gen 9] OU
|rated|
|rule|HP Percentage Mod: HP is shown in percentages
|rule|Endless Battle Clause: Forcing endless battles is banned
|rule|Species Clause: Limit one of each Pokémon
|rule|OHKO Clause: OHKO moves are banned
|rule|Evasion Items Clause: Evasion items are banned
|rule|Evasion Moves Clause: Evasion moves are banned
|rule|Evasion Abilities Clause: Evasion abilities are banned
|rule|Sleep Moves Clause: Sleep-inducing moves are banned
|clearpoke
|poke|p1|Ceruledge, F|
|poke|p1|Iron Valiant|
|poke|p1|Lilligant, F|
|poke|p1|Cloyster, M|
|poke|p1|Noivern, M|
|poke|p1|Malamar, M|
|poke|p2|Darkrai|
|poke|p2|Great Tusk|
|poke|p2|Gholdengo|
|poke|p2|Kingambit, M|
|poke|p2|Glimmora, M|
|poke|p2|Dragonite, M|
|teampreview
|inactive|Battle timer is ON: inactive players will automatically lose when time's up. (requested by maitreyathe)
|
|t:|1769308027
|teamsize|p1|6
|teamsize|p2|6
|start
|switch|p1a: Trident|Cloyster, M|100/100
|switch|p2a: Glimmora|Glimmora, M, shiny|100/100
|turn|1
|
|t:|1769308030
|move|p2a: Glimmora|Meteor Beam||[still]
|-prepare|p2a: Glimmora|Meteor Beam
|-boost|p2a: Glimmora|spa|1
|-enditem|p2a: Glimmora|Power Herb
|-anim|p2a: Glimmora|Meteor Beam|p1a: Trident
|-supereffective|p1a: Trident
|-enditem|p1a: Trident|Focus Sash
|-damage|p1a: Trident|1/100
|move|p1a: Trident|Shell Smash|p1a: Trident
|-unboost|p1a: Trident|def|1
|-unboost|p1a: Trident|spd|1
|-boost|p1a: Trident|atk|2
|-boost|p1a: Trident|spa|2
|-boost|p1a: Trident|spe|2
|
|upkeep
|turn|2
|
|t:|1769308038
|move|p1a: Trident|Waterfall|p2a: Glimmora
|-supereffective|p2a: Glimmora
|-damage|p2a: Glimmora|0 fnt
|-activate|p2a: Glimmora|ability: Toxic Debris
|-sidestart|p1: Leader Alastor|move: Toxic Spikes
|faint|p2a: Glimmora
|
|upkeep
|
|t:|1769308041
|switch|p2a: Dragonite|Dragonite, M, shiny|100/100
|turn|3
|
|t:|1769308045
|-terastallize|p1a: Trident|Ghost
|move|p2a: Dragonite|Extreme Speed|p1a: Trident
|-immune|p1a: Trident
|move|p1a: Trident|Icicle Spear|p2a: Dragonite
|-supereffective|p2a: Dragonite
|-damage|p2a: Dragonite|54/100
|-supereffective|p2a: Dragonite
|-damage|p2a: Dragonite|0 fnt
|faint|p2a: Dragonite
|-hitcount|p2: Dragonite|2
|
|upkeep
|
|t:|1769308050
|switch|p2a: Darkrai|Darkrai, shiny|100/100
|turn|4
|c|☆Leader Alastor|You have a very 'copy and paste' team
|
|t:|1769308057
|move|p2a: Darkrai|Sucker Punch|p1a: Trident
|-supereffective|p1a: Trident
|-damage|p1a: Trident|0 fnt
|faint|p1a: Trident
|
|upkeep
|
|t:|1769308069
|switch|p1a: Scimitar|Noivern, M|100/100
|turn|5
|
|t:|1769308072
|move|p2a: Darkrai|Ice Beam|p1a: Scimitar
|-supereffective|p1a: Scimitar
|-crit|p1a: Scimitar
|-damage|p1a: Scimitar|0 fnt
|faint|p1a: Scimitar
|
|upkeep
|
|t:|1769308074
|switch|p1a: Partisan|Malamar, M|100/100
|-status|p1a: Partisan|psn
|turn|6
|
|t:|1769308078
|switch|p2a: Gholdengo|Gholdengo, shiny|100/100
|-item|p2a: Gholdengo|Air Balloon
|move|p1a: Partisan|Superpower|p2a: Gholdengo
|-immune|p2a: Gholdengo
|
|-damage|p1a: Partisan|88/100 psn|[from] psn
|upkeep
|turn|7
|
|t:|1769308084
|move|p2a: Gholdengo|Dazzling Gleam|p1a: Partisan
|-supereffective|p1a: Partisan
|-damage|p1a: Partisan|23/100 psn
|move|p1a: Partisan|Throat Chop|p2a: Gholdengo
|-supereffective|p2a: Gholdengo
|-damage|p2a: Gholdengo|20/100
|-start|p2a: Gholdengo|Throat Chop|[silent]
|-enditem|p2a: Gholdengo|Air Balloon
|
|-damage|p1a: Partisan|11/100 psn|[from] psn
|upkeep
|turn|8
|
|t:|1769308089
|move|p2a: Gholdengo|Shadow Ball|p1a: Partisan
|-damage|p1a: Partisan|0 fnt
|faint|p1a: Partisan
|
|-end|p2a: Gholdengo|Throat Chop|[silent]
|upkeep
|
|t:|1769308091
|switch|p1a: Flamberge|Ceruledge, F|100/100
|-status|p1a: Flamberge|psn
|turn|9
|
|t:|1769308095
|move|p1a: Flamberge|Shadow Sneak|p2a: Gholdengo
|-supereffective|p2a: Gholdengo
|-damage|p2a: Gholdengo|0 fnt
|faint|p2a: Gholdengo
|
|-damage|p1a: Flamberge|88/100 psn|[from] psn
|upkeep
|
|t:|1769308099
|switch|p2a: Darkrai|Darkrai, shiny|100/100
|turn|10
|
|t:|1769308108
|move|p2a: Darkrai|Knock Off|p1a: Flamberge
|-supereffective|p1a: Flamberge
|-damage|p1a: Flamberge|0 fnt
|-enditem|p1a: Flamberge|Focus Sash|[from] move: Knock Off|[of] p2a: Darkrai
|faint|p1a: Flamberge
|
|upkeep
|
|t:|1769308110
|switch|p1a: Glaive|Iron Valiant|100/100
|-status|p1a: Glaive|psn
|-enditem|p1a: Glaive|Booster Energy
|-activate|p1a: Glaive|ability: Quark Drive|[fromitem]
|-start|p1a: Glaive|quarkdrivespe
|turn|11
|
|t:|1769308120
|move|p1a: Glaive|Drain Punch|p2a: Darkrai
|-supereffective|p2a: Darkrai
|-damage|p2a: Darkrai|0 fnt
|faint|p2a: Darkrai
|
|-damage|p1a: Glaive|88/100 psn|[from] psn
|upkeep
|
|t:|1769308127
|switch|p2a: Great Tusk|Great Tusk, shiny|100/100
|-enditem|p2a: Great Tusk|Booster Energy
|-activate|p2a: Great Tusk|ability: Protosynthesis|[fromitem]
|-start|p2a: Great Tusk|protosynthesisspe
|turn|12
|
|t:|1769308129
|move|p1a: Glaive|Spirit Break|p2a: Great Tusk
|-supereffective|p2a: Great Tusk
|-damage|p2a: Great Tusk|53/100
|-unboost|p2a: Great Tusk|spa|1
|move|p2a: Great Tusk|Headlong Rush|p1a: Glaive
|-damage|p1a: Glaive|16/100 psn
|-unboost|p2a: Great Tusk|def|1
|-unboost|p2a: Great Tusk|spd|1
|
|-damage|p1a: Glaive|4/100 psn|[from] psn
|upkeep
|turn|13
|
|t:|1769308134
|move|p1a: Glaive|Drain Punch|p2a: Great Tusk
|-damage|p2a: Great Tusk|16/100
|-heal|p1a: Glaive|31/100 psn|[from] drain|[of] p2a: Great Tusk
|move|p2a: Great Tusk|Headlong Rush|p1a: Glaive
|-damage|p1a: Glaive|0 fnt
|-unboost|p2a: Great Tusk|def|1
|-unboost|p2a: Great Tusk|spd|1
|faint|p1a: Glaive
|-end|p1a: Glaive|Quark Drive|[silent]
|
|upkeep
|
|t:|1769308137
|switch|p1a: Gladius|Lilligant, F|100/100
|-status|p1a: Gladius|psn
|turn|14
|
|t:|1769308141
|move|p2a: Great Tusk|Ice Spinner|p1a: Gladius
|-supereffective|p1a: Gladius
|-damage|p1a: Gladius|40/100 psn
|-enditem|p1a: Gladius|Weakness Policy
|-boost|p1a: Gladius|atk|2|[from] item: Weakness Policy
|-boost|p1a: Gladius|spa|2|[from] item: Weakness Policy
|move|p1a: Gladius|Quiver Dance|p1a: Gladius
|-boost|p1a: Gladius|spa|1
|-boost|p1a: Gladius|spd|1
|-boost|p1a: Gladius|spe|1
|
|-damage|p1a: Gladius|28/100 psn|[from] psn
|upkeep
|turn|15
|
|t:|1769308144
|move|p2a: Great Tusk|Ice Spinner|p1a: Gladius
|-supereffective|p1a: Gladius
|-damage|p1a: Gladius|0 fnt
|faint|p1a: Gladius
|
|win|maitreyathe
|raw|Leader Alastor's rating: 1285 &rarr; <strong>1263</strong><br />(-22 for losing)
|raw|maitreyathe's rating: 1333 &rarr; <strong>1350</strong><br />(+17 for winning)
|l|☆Leader Alastor
|player|p1|
