|j|☆barcafan22012
|j|☆tristannaraine
|t:|1769383006
|gametype|singles
|player|p1|barcafan22012|benga|
|player|p2|tristannaraine|265|
|gen|9
|tier|[Gen 9] OU
|rule|HP Percentage Mod: HP is shown in percentages
|rule|Endless Battle Clause: Forcing endless battles is banned
|rule|Species Clause: Limit one of each Pokémon
|rule|OHKO Clause: OHKO moves are banned
|rule|Evasion Items Clause: Evasion items are banned
|rule|Evasion Moves Clause: Evasion moves are banned
|rule|Evasion Abilities Clause: Evasion abilities are banned
|rule|Sleep Moves Clause: Sleep-inducing moves are banned
|clearpoke
|poke|p1|Torkoal, M|
|poke|p1|Walking Wake|
|poke|p1|Enamorus, F|
|poke|p1|Hatterene, F|
|poke|p1|Thundurus-Therian, M|
|poke|p1|Latios, M|
|poke|p2|Gholdengo|
|poke|p2|Dragapult, F|
|poke|p2|Ting-Lu|
|poke|p2|Rotom-Heat|
|poke|p2|Quaquaval, F|
|poke|p2|Iron Boulder|
|teampreview
|
|t:|1769383023
|teamsize|p1|6
|teamsize|p2|6
|start
|switch|p1a: Torkoal|Torkoal, M, shiny|100/100
|switch|p2a: Iron Boulder|Iron Boulder|100/100
|-weather|SunnyDay|[from] ability: Drought|[of] p1a: Torkoal
|-enditem|p2a: Iron Boulder|Booster Energy
|-activate|p2a: Iron Boulder|ability: Quark Drive|[fromitem]
|-start|p2a: Iron Boulder|quarkdrivespe
|turn|1
|
|t:|1769383038
|move|p2a: Iron Boulder|Earthquake|p1a: Torkoal
|-supereffective|p1a: Torkoal
|-damage|p1a: Torkoal|63/100
|move|p1a: Torkoal|Clear Smog|p2a: Iron Boulder
|-resisted|p2a: Iron Boulder
|-damage|p2a: Iron Boulder|95/100
|-clearboost|p2a: Iron Boulder
|
|-weather|SunnyDay|[upkeep]
|upkeep
|turn|2
|
|t:|1769383065
|move|p2a: Iron Boulder|Swords Dance|p2a: Iron Boulder
|-boost|p2a: Iron Boulder|atk|2
|move|p1a: Torkoal|Stealth Rock|p2a: Iron Boulder
|-sidestart|p2: tristannaraine|move: Stealth Rock
|
|-weather|SunnyDay|[upkeep]
|upkeep
|turn|3
|
|t:|1769383082
|switch|p1a: Walking Wake|Walking Wake|100/100
|-activate|p1a: Walking Wake|ability: Protosynthesis
|-start|p1a: Walking Wake|protosynthesisspa
|move|p2a: Iron Boulder|Earthquake|p1a: Walking Wake
|-damage|p1a: Walking Wake|25/100
|
|-weather|SunnyDay|[upkeep]
|upkeep
|turn|4
|
|t:|1769383098
|move|p2a: Iron Boulder|Mighty Cleave|p1a: Walking Wake
|-damage|p1a: Walking Wake|0 fnt
|faint|p1a: Walking Wake
|-end|p1a: Walking Wake|Protosynthesis|[silent]
|
|-weather|SunnyDay|[upkeep]
|upkeep
|
|t:|1769383108
|switch|p1a: Enamorus|Enamorus, F|100/100
|turn|5
|
|t:|1769383149
|move|p2a: Iron Boulder|Iron Head|p1a: Enamorus
|-supereffective|p1a: Enamorus
|-damage|p1a: Enamorus|0 fnt
|faint|p1a: Enamorus
|
|-weather|SunnyDay|[upkeep]
|upkeep
|
|t:|1769383167
|switch|p1a: Latios|Latios, M, shiny|100/100
|turn|6
|
|t:|1769383185
|move|p2a: Iron Boulder|Mighty Cleave|p1a: Latios
|-damage|p1a: Latios|0 fnt
|faint|p1a: Latios
|
|-weather|SunnyDay|[upkeep]
|upkeep
|
|t:|1769383202
|switch|p1a: Torkoal|Torkoal, M, shiny|63/100
|turn|7
|
|t:|1769383209
|move|p2a: Iron Boulder|Mighty Cleave|p1a: Torkoal
|-supereffective|p1a: Torkoal
|-damage|p1a: Torkoal|0 fnt
|faint|p1a: Torkoal
|
|-weather|SunnyDay|[upkeep]
|upkeep
|
|t:|1769383215
|switch|p1a: Hatterene|Hatterene, F, shiny|100/100
|turn|8
|
|t:|1769383221
|move|p2a: Iron Boulder|Iron Head|p1a: Hatterene
|-supereffective|p1a: Hatterene
|-damage|p1a: Hatterene|0 fnt
|faint|p1a: Hatterene
|
|-weather|none
|upkeep
|
|t:|1769383226
|switch|p1a: Thundurus|Thundurus-Therian, M, shiny|100/100
|turn|9
|
|t:|1769383231
|move|p2a: Iron Boulder|Mighty Cleave|p1a: Thundurus
|-supereffective|p1a: Thundurus
|-damage|p1a: Thundurus|0 fnt
|faint|p1a: Thundurus
|
|win|tristannaraine
|l|☆barcafan22012
|player|p1|
