|j|☆chutimatongbai
|j|☆draco$eb7
|t:|1769403746
|gametype|singles
|player|p1|chutimatongbai|265|1174
|player|p2|draco$eb7|2|1224
|gen|9
|tier|[Gen 9] OU
|rated|
|rule|HP Percentage Mod: HP is shown in percentages
|rule|Endless Battle Clause: Forcing endless battles is banned
|rule|Species Clause: Limit one of each Pokémon
|rule|OHKO Clause: OHKO moves are banned
|rule|Evasion Items Clause: Evasion items are banned
|rule|Evasion Moves Clause: Evasion moves are banned
|rule|Evasion Abilities Clause: Evasion abilities are banned
|rule|Sleep Moves Clause: Sleep-inducing moves are banned
|clearpoke
|poke|p1|Golduck, F|
|poke|p1|Quagsire, F|
|poke|p1|Amoonguss, M|
|poke|p1|Great Tusk|
|poke|p1|Conkeldurr, M|
|poke|p1|Gholdengo|
|poke|p2|Glimmora, M|
|poke|p2|Iron Valiant|
|poke|p2|Iron Moth|
|poke|p2|Gholdengo|
|poke|p2|Kingambit, M|
|poke|p2|Kyurem|
|teampreview
|
|t:|1769403760
|teamsize|p1|6
|teamsize|p2|6
|start
|switch|p1a: Golduck|Golduck, F|100/100
|switch|p2a: Glimmora|Glimmora, M|100/100
|-ability|p1a: Golduck|Cloud Nine
|turn|1
|
|t:|1769403766
|move|p1a: Golduck|Psyshock|p2a: Glimmora
|-supereffective|p2a: Glimmora
|-damage|p2a: Glimmora|48/100
|move|p2a: Glimmora|Spikes|p1a: Golduck
|-sidestart|p1: chutimatongbai|Spikes
|
|upkeep
|turn|2
|
|t:|1769403780
|switch|p2a: Kyurem|Kyurem|100/100
|-ability|p2a: Kyurem|Pressure
|move|p1a: Golduck|Psyshock|p2a: Kyurem
|-damage|p2a: Kyurem|77/100
|
|upkeep
|turn|3
|
|t:|1769403787
|switch|p1a: Quagsire|Quagsire, F|100/100
|-damage|p1a: Quagsire|88/100|[from] Spikes
|move|p2a: Kyurem|Freeze-Dry|p1a: Quagsire
|-supereffective|p1a: Quagsire
|-damage|p1a: Quagsire|0 fnt
|faint|p1a: Quagsire
|
|upkeep
|inactive|Battle timer is ON: inactive players will automatically lose when time's up. (requested by draco$eb7)
|
|t:|1769403799
|switch|p1a: Conkeldurr|Conkeldurr, M|100/100
|-damage|p1a: Conkeldurr|88/100|[from] Spikes
|turn|4
|
|t:|1769403811
|switch|p2a: Iron Valiant|Iron Valiant|100/100
|-enditem|p2a: Iron Valiant|Booster Energy
|-activate|p2a: Iron Valiant|ability: Quark Drive|[fromitem]
|-start|p2a: Iron Valiant|quarkdrivespe
|-terastallize|p1a: Conkeldurr|Fighting
|move|p1a: Conkeldurr|Drain Punch|p2a: Iron Valiant
|-resisted|p2a: Iron Valiant
|-damage|p2a: Iron Valiant|62/100
|-heal|p1a: Conkeldurr|100/100|[from] drain|[of] p2a: Iron Valiant
|
|-status|p1a: Conkeldurr|brn|[from] item: Flame Orb
|upkeep
|turn|5
|
|t:|1769403827
|switch|p1a: Amoonguss|Amoonguss, M|100/100
|-damage|p1a: Amoonguss|88/100|[from] Spikes
|move|p2a: Iron Valiant|Moonblast|p1a: Amoonguss
|-resisted|p1a: Amoonguss
|-damage|p1a: Amoonguss|68/100
|
|upkeep
|turn|6
|
|t:|1769403835
|move|p2a: Iron Valiant|Knock Off|p1a: Amoonguss
|-damage|p1a: Amoonguss|44/100
|-damage|p2a: Iron Valiant|45/100|[from] item: Rocky Helmet|[of] p1a: Amoonguss
|-enditem|p1a: Amoonguss|Rocky Helmet|[from] move: Knock Off|[of] p2a: Iron Valiant
|move|p1a: Amoonguss|Clear Smog|p2a: Iron Valiant
|-supereffective|p2a: Iron Valiant
|-damage|p2a: Iron Valiant|0 fnt
|-clearboost|p2a: Iron Valiant
|faint|p2a: Iron Valiant
|-end|p2a: Iron Valiant|Quark Drive|[silent]
|
|upkeep
|
|t:|1769403849
|switch|p2a: Glimmora|Glimmora, M|48/100
|turn|7
|
|t:|1769403853
|move|p2a: Glimmora|Spikes|p1a: Amoonguss
|-sidestart|p1: chutimatongbai|Spikes
|move|p1a: Amoonguss|Giga Drain|p2a: Glimmora
|-damage|p2a: Glimmora|21/100
|-heal|p1a: Amoonguss|54/100|[from] drain|[of] p2a: Glimmora
|
|upkeep
|turn|8
|
|t:|1769403860
|move|p2a: Glimmora|Spikes|p1a: Amoonguss
|-sidestart|p1: chutimatongbai|Spikes
|move|p1a: Amoonguss|Giga Drain|p2a: Glimmora
|-damage|p2a: Glimmora|0 fnt
|-heal|p1a: Amoonguss|62/100|[from] drain|[of] p2a: Glimmora
|faint|p2a: Glimmora
|
|upkeep
|
|t:|1769403864
|switch|p2a: Kyurem|Kyurem|77/100
|-ability|p2a: Kyurem|Pressure
|turn|9
|
|t:|1769403871
|switch|p1a: Conkeldurr|Conkeldurr, M, tera:Fighting|100/100 brn
|-damage|p1a: Conkeldurr|76/100 brn|[from] Spikes
|move|p2a: Kyurem|Freeze-Dry|p1a: Conkeldurr
|-damage|p1a: Conkeldurr|17/100 brn
|
|-damage|p1a: Conkeldurr|11/100 brn|[from] brn
|upkeep
|turn|10
|
|t:|1769403882
|switch|p2a: Gholdengo|Gholdengo|100/100
|-item|p2a: Gholdengo|Air Balloon
|move|p1a: Conkeldurr|Mach Punch|p2a: Gholdengo
|-immune|p2a: Gholdengo
|
|-damage|p1a: Conkeldurr|5/100 brn|[from] brn
|upkeep
|turn|11
|
|t:|1769403894
|switch|p2a: Kingambit|Kingambit, M|100/100
|-activate|p2a: Kingambit|ability: Supreme Overlord
|-start|p2a: Kingambit|fallen2|[silent]
|move|p1a: Conkeldurr|Knock Off|p2a: Kingambit
|-resisted|p2a: Kingambit
|-damage|p2a: Kingambit|74/100
|-enditem|p2a: Kingambit|Lum Berry|[from] move: Knock Off|[of] p1a: Conkeldurr
|
|-damage|p1a: Conkeldurr|0 fnt|[from] brn
|faint|p1a: Conkeldurr
|upkeep
|
|t:|1769403907
|switch|p1a: Great Tusk|Great Tusk|100/100
|-damage|p1a: Great Tusk|76/100|[from] Spikes
|-enditem|p1a: Great Tusk|Booster Energy
|-activate|p1a: Great Tusk|ability: Protosynthesis|[fromitem]
|-start|p1a: Great Tusk|protosynthesisatk
|turn|12
|
|t:|1769403918
|-end|p2a: Kingambit|fallen2|[silent]
|switch|p2a: Gholdengo|Gholdengo|100/100
|-item|p2a: Gholdengo|Air Balloon
|move|p1a: Great Tusk|Rapid Spin|p2a: Gholdengo
|-immune|p2a: Gholdengo
|
|upkeep
|turn|13
|-message|chutimatongbai forfeited.
|
|win|draco$eb7
|raw|chutimatongbai's rating: 1174 &rarr; <strong>1153</strong><br />(-21 for losing)
|raw|draco$eb7's rating: 1224 &rarr; <strong>1245</strong><br />(+21 for winning)
|l|☆chutimatongbai
|player|p1|
|l|☆draco$eb7
|player|p2|
