|j|☆showtime lakers 24
|j|☆Krautermann
|t:|1769336673
|gametype|singles
|player|p1|showtime lakers 24|plasmagruntf-gen5bw|1113
|player|p2|Krautermann|101|1160
|gen|9
|tier|[Gen 9] OU
|rated|
|rule|HP Percentage Mod: HP is shown in percentages
|rule|Endless Battle Clause: Forcing endless battles is banned
|rule|Species Clause: Limit one of each Pokémon
|rule|OHKO Clause: OHKO moves are banned
|rule|Evasion Items Clause: Evasion items are banned
|rule|Evasion Moves Clause: Evasion moves are banned
|rule|Evasion Abilities Clause: Evasion abilities are banned
|rule|Sleep Moves Clause: Sleep-inducing moves are banned
|clearpoke
|poke|p1|Rampardos, F|
|poke|p1|Porygon2|
|poke|p1|Slowbro-Galar, F|
|poke|p1|Hatterene, F|
|poke|p1|Raging Bolt|
|poke|p1|Incineroar, M|
|poke|p2|Tyranitar, M|
|poke|p2|Landorus-Therian, M|
|poke|p2|Moltres|
|poke|p2|Kyurem|
|poke|p2|Gholdengo|
|poke|p2|Iron Treads|
|teampreview
|inactive|Battle timer is ON: inactive players will automatically lose when time's up. (requested by Krautermann)
|
|t:|1769336706
|teamsize|p1|6
|teamsize|p2|6
|start
|switch|p1a: Hatterene|Hatterene, F|100/100
|switch|p2a: Landorus|Landorus-Therian, M|100/100
|-ability|p2a: Landorus|Intimidate|boost
|-unboost|p1a: Hatterene|atk|1
|turn|1
|
|t:|1769336713
|move|p2a: Landorus|U-turn|p1a: Hatterene
|-damage|p1a: Hatterene|79/100
|
|t:|1769336718
|switch|p2a: Tyranitar|Tyranitar, M, shiny|100/100|[from] U-turn
|-weather|Sandstorm|[from] ability: Sand Stream|[of] p2a: Tyranitar
|move|p1a: Hatterene|Trick Room|p1a: Hatterene
|-fieldstart|move: Trick Room|[of] p1a: Hatterene
|
|-weather|Sandstorm|[upkeep]
|-damage|p1a: Hatterene|73/100|[from] Sandstorm
|upkeep
|turn|2
|inactive|showtime lakers 24 has 120 seconds left.
|
|t:|1769336769
|move|p1a: Hatterene|Healing Wish|p1a: Hatterene
|faint|p1a: Hatterene
|move|p2a: Tyranitar|Stone Edge|p1: Hatterene|[notarget]
|-fail|p2a: Tyranitar
|
|-weather|Sandstorm|[upkeep]
|upkeep
|
|t:|1769336778
|switch|p1a: MAGA VOTER|Rampardos, F, shiny|100/100
|-ability|p1a: MAGA VOTER|Mold Breaker
|turn|3
|
|t:|1769336787
|switch|p2a: Landorus|Landorus-Therian, M|100/100
|-ability|p2a: Landorus|Intimidate|boost
|-unboost|p1a: MAGA VOTER|atk|1
|move|p1a: MAGA VOTER|Earthquake|p2a: Landorus
|-immune|p2a: Landorus
|
|-weather|Sandstorm|[upkeep]
|upkeep
|turn|4
|
|t:|1769336806
|move|p1a: MAGA VOTER|Stone Edge|p2a: Landorus
|-damage|p2a: Landorus|52/100
|move|p2a: Landorus|Stealth Rock|p1a: MAGA VOTER
|-sidestart|p1: showtime lakers 24|move: Stealth Rock
|
|-weather|Sandstorm|[upkeep]
|upkeep
|turn|5
|
|t:|1769336820
|switch|p1a: Porygon2|Porygon2|100/100
|-damage|p1a: Porygon2|88/100|[from] Stealth Rock
|-ability|p1a: Porygon2|Download|boost
|-boost|p1a: Porygon2|spa|1
|move|p2a: Landorus|Earth Power|p1a: Porygon2
|-damage|p1a: Porygon2|66/100
|
|-weather|none
|-fieldend|move: Trick Room
|upkeep
|turn|6
|
|t:|1769336823
|move|p2a: Landorus|Taunt|p1a: Porygon2
|-start|p1a: Porygon2|move: Taunt
|cant|p1a: Porygon2|move: Taunt|Trick Room
|
|upkeep
|turn|7
|
|t:|1769336827
|move|p2a: Landorus|U-turn|p1a: Porygon2
|-damage|p1a: Porygon2|53/100
|
|t:|1769336829
|switch|p2a: Tyranitar|Tyranitar, M, shiny|100/100|[from] U-turn
|-weather|Sandstorm|[from] ability: Sand Stream|[of] p2a: Tyranitar
|move|p1a: Porygon2|Ice Beam|p2a: Tyranitar
|-damage|p2a: Tyranitar|72/100
|
|-weather|Sandstorm|[upkeep]
|-damage|p1a: Porygon2|47/100|[from] Sandstorm
|upkeep
|turn|8
|
|t:|1769336835
|-terastallize|p1a: Porygon2|Fighting
|move|p2a: Tyranitar|Knock Off|p1a: Porygon2
|-resisted|p1a: Porygon2
|-damage|p1a: Porygon2|21/100
|-enditem|p1a: Porygon2|Eviolite|[from] move: Knock Off|[of] p2a: Tyranitar
|move|p1a: Porygon2|Tera Blast|p2a: Tyranitar|[anim] Tera Blast Fighting
|-supereffective|p2a: Tyranitar
|-damage|p2a: Tyranitar|0 fnt
|faint|p2a: Tyranitar
|
|-weather|Sandstorm|[upkeep]
|-damage|p1a: Porygon2|15/100|[from] Sandstorm
|-end|p1a: Porygon2|move: Taunt
|upkeep
|c|☆showtime lakers 24|HAHAHA
|
|t:|1769336860
|switch|p2a: Kyurem|Kyurem, shiny|100/100
|-ability|p2a: Kyurem|Pressure
|turn|9
|
|t:|1769336864
|move|p2a: Kyurem|Icicle Spear|p1a: Porygon2
|-damage|p1a: Porygon2|1/100
|-damage|p1a: Porygon2|0 fnt
|faint|p1a: Porygon2
|-hitcount|p1: Porygon2|2
|
|-weather|Sandstorm|[upkeep]
|-damage|p2a: Kyurem|94/100|[from] Sandstorm
|upkeep
|
|t:|1769336869
|switch|p1a: Slowbro|Slowbro-Galar, F|100/100
|-damage|p1a: Slowbro|88/100|[from] Stealth Rock
|turn|10
|
|t:|1769336873
|move|p2a: Kyurem|Earth Power|p1a: Slowbro
|-supereffective|p1a: Slowbro
|-damage|p1a: Slowbro|23/100
|move|p1a: Slowbro|Trick Room|p1a: Slowbro
|-fieldstart|move: Trick Room|[of] p1a: Slowbro
|
|-weather|Sandstorm|[upkeep]
|-damage|p1a: Slowbro|16/100|[from] Sandstorm
|-damage|p2a: Kyurem|88/100|[from] Sandstorm
|upkeep
|turn|11
|
|t:|1769336882
|switch|p2a: Iron Treads|Iron Treads|100/100
|move|p1a: Slowbro|Shell Side Arm|p2a: Iron Treads|[anim] Shell Side Arm Special
|-immune|p2a: Iron Treads
|
|-weather|none
|upkeep
|turn|12
|
|t:|1769336910
|move|p1a: Slowbro|Flamethrower|p2a: Iron Treads
|-supereffective|p2a: Iron Treads
|-damage|p2a: Iron Treads|0 fnt
|faint|p2a: Iron Treads
|-end|p2a: Iron Treads|Quark Drive|[silent]
|-damage|p1a: Slowbro|7/100|[from] item: Life Orb
|
|upkeep
|c|☆showtime lakers 24|DIE
|
|t:|1769336915
|switch|p2a: Landorus|Landorus-Therian, M|52/100
|-ability|p2a: Landorus|Intimidate|boost
|-unboost|p1a: Slowbro|atk|1
|turn|13
|
|t:|1769336918
|move|p1a: Slowbro|Ice Beam|p2a: Landorus
|-supereffective|p2a: Landorus
|-damage|p2a: Landorus|0 fnt
|faint|p2a: Landorus
|-damage|p1a: Slowbro|0 fnt|[from] item: Life Orb
|faint|p1a: Slowbro
|
|upkeep
|
|t:|1769336926
|switch|p1a: Raging Bolt|Raging Bolt|100/100
|switch|p2a: Moltres|Moltres|100/100
|-damage|p1a: Raging Bolt|88/100|[from] Stealth Rock
|turn|14
|
|t:|1769336932
|move|p1a: Raging Bolt|Volt Switch|p2a: Moltres
|-supereffective|p2a: Moltres
|-damage|p2a: Moltres|0 fnt
|faint|p2a: Moltres
|
|t:|1769336938
|-end|p1a: Raging Bolt|Protosynthesis|[silent]
|switch|p1a: MAGA VOTER|Rampardos, F, shiny|100/100|[from] Volt Switch
|-damage|p1a: MAGA VOTER|88/100|[from] Stealth Rock
|-ability|p1a: MAGA VOTER|Mold Breaker
|
|-fieldend|move: Trick Room
|upkeep
|l|☆Krautermann
|inactive|Krautermann disconnected and has a minute to reconnect!
|player|p2|
|inactive|Krautermann has 30 seconds to reconnect!
|j|☆Krautermann
|inactive|Krautermann reconnected and has 105 seconds left.
|player|p2|Krautermann|101|
|
|t:|1769336991
|switch|p2a: Kyurem|Kyurem, shiny|88/100
|-ability|p2a: Kyurem|Pressure
|turn|15
|inactive|showtime lakers 24 has 120 seconds left.
|inactive|showtime lakers 24 has 90 seconds left.
|n|☆Krautermann|krautermann
|inactive|showtime lakers 24 has 60 seconds left.
|c|☆Krautermann|whats taking you so long
|inactive|showtime lakers 24 has 30 seconds left.
|inactive|showtime lakers 24 has 20 seconds left.
|inactive|showtime lakers 24 has 15 seconds left.
|inactive|showtime lakers 24 has 10 seconds left.
|inactive|showtime lakers 24 has 5 seconds left.
|-message|showtime lakers 24 lost due to inactivity.
|
|win|Krautermann
|raw|showtime lakers 24's rating: 1113 &rarr; <strong>1091</strong><br />(-22 for losing)
|raw|Krautermann's rating: 1160 &rarr; <strong>1182</strong><br />(+22 for winning)
|c|☆Krautermann|goat
|l|☆Krautermann
|player|p2|
|l|☆showtime lakers 24
|player|p1|
