|j|‽LT_Alt1
|j|‽tasty sardine 408
|t:|1769313776
|gametype|singles
|player|p1|LT_Alt1|101|1696
|player|p2|tasty sardine 408|harlequin|1644
|gen|9
|tier|[Gen 9] OU
|rated|
|rule|HP Percentage Mod: HP is shown in percentages
|rule|Endless Battle Clause: Forcing endless battles is banned
|rule|Species Clause: Limit one of each Pokémon
|rule|OHKO Clause: OHKO moves are banned
|rule|Evasion Items Clause: Evasion items are banned
|rule|Evasion Moves Clause: Evasion moves are banned
|rule|Evasion Abilities Clause: Evasion abilities are banned
|rule|Sleep Moves Clause: Sleep-inducing moves are banned
|clearpoke
|poke|p1|Darkrai|
|poke|p1|Slowking-Galar, M|
|poke|p1|Gholdengo|
|poke|p1|Iron Treads|
|poke|p1|Raging Bolt|
|poke|p1|Gliscor, M|
|poke|p2|Umbreon, F|
|poke|p2|Serperior, M|
|poke|p2|Cresselia, F|
|poke|p2|Revavroom, M|
|poke|p2|Skeledirge, M|
|poke|p2|Manaphy|
|teampreview
|
|t:|1769313785
|teamsize|p1|6
|teamsize|p2|6
|start
|switch|p1a: Darkrai|Darkrai|100/100
|switch|p2a: Serperior|Serperior, M, shiny|100/100
|turn|1
|inactive|Battle timer is ON: inactive players will automatically lose when time's up. (requested by tasty sardine 408)
|
|t:|1769313789
|switch|p1a: Raging Bolt|Raging Bolt|100/100
|move|p2a: Serperior|Glare|p1a: Raging Bolt
|-immune|p1a: Raging Bolt
|
|upkeep
|turn|2
|
|t:|1769313793
|switch|p2a: Umbreon|Umbreon, F, shiny|100/100
|move|p1a: Raging Bolt|Draco Meteor|p2a: Umbreon
|-damage|p2a: Umbreon|58/100
|-unboost|p1a: Raging Bolt|spa|2
|
|-heal|p2a: Umbreon|64/100|[from] item: Leftovers
|upkeep
|turn|3
|
|t:|1769313804
|-end|p1a: Raging Bolt|Protosynthesis|[silent]
|switch|p1a: Gliscor|Gliscor, M|100/100
|move|p2a: Umbreon|Toxic|p1a: Gliscor
|-status|p1a: Gliscor|tox
|
|-heal|p2a: Umbreon|70/100|[from] item: Leftovers
|upkeep
|turn|4
|
|t:|1769313810
|move|p1a: Gliscor|Spikes|p2a: Umbreon
|-sidestart|p2: tasty sardine 408|Spikes
|move|p2a: Umbreon|Foul Play|p1a: Gliscor
|-damage|p1a: Gliscor|76/100 tox
|
|-heal|p2a: Umbreon|76/100|[from] item: Leftovers
|-heal|p1a: Gliscor|88/100 tox|[from] ability: Poison Heal
|upkeep
|turn|5
|
|t:|1769313815
|move|p1a: Gliscor|Toxic|p2a: Umbreon
|-status|p2a: Umbreon|tox
|-activate|p2a: Umbreon|ability: Synchronize
|-fail|p1a: Gliscor|tox
|move|p2a: Umbreon|Foul Play|p1a: Gliscor
|-damage|p1a: Gliscor|65/100 tox
|
|-heal|p2a: Umbreon|82/100 tox|[from] item: Leftovers
|-heal|p1a: Gliscor|77/100 tox|[from] ability: Poison Heal
|-damage|p2a: Umbreon|76/100 tox|[from] psn
|upkeep
|turn|6
|
|t:|1769313819
|move|p1a: Gliscor|Spikes|p2a: Umbreon
|-sidestart|p2: tasty sardine 408|Spikes
|move|p2a: Umbreon|Foul Play|p1a: Gliscor
|-damage|p1a: Gliscor|54/100 tox
|
|-heal|p2a: Umbreon|82/100 tox|[from] item: Leftovers
|-heal|p1a: Gliscor|67/100 tox|[from] ability: Poison Heal
|-damage|p2a: Umbreon|70/100 tox|[from] psn
|upkeep
|turn|7
|
|t:|1769313824
|move|p1a: Gliscor|Spikes|p2a: Umbreon
|-sidestart|p2: tasty sardine 408|Spikes
|move|p2a: Umbreon|Foul Play|p1a: Gliscor
|-crit|p1a: Gliscor
|-damage|p1a: Gliscor|30/100 tox
|
|-heal|p2a: Umbreon|76/100 tox|[from] item: Leftovers
|-heal|p1a: Gliscor|43/100 tox|[from] ability: Poison Heal
|-damage|p2a: Umbreon|58/100 tox|[from] psn
|upkeep
|turn|8
|
|t:|1769313842
|move|p1a: Gliscor|Protect|p1a: Gliscor
|-singleturn|p1a: Gliscor|Protect
|move|p2a: Umbreon|Foul Play|p1a: Gliscor
|-activate|p1a: Gliscor|move: Protect
|
|-heal|p2a: Umbreon|64/100 tox|[from] item: Leftovers
|-heal|p1a: Gliscor|55/100 tox|[from] ability: Poison Heal
|-damage|p2a: Umbreon|39/100 tox|[from] psn
|upkeep
|turn|9
|
|t:|1769313847
|move|p1a: Gliscor|Knock Off|p2a: Umbreon
|-resisted|p2a: Umbreon
|-damage|p2a: Umbreon|32/100 tox
|-enditem|p2a: Umbreon|Leftovers|[from] move: Knock Off|[of] p1a: Gliscor
|move|p2a: Umbreon|Foul Play|p1a: Gliscor
|-damage|p1a: Gliscor|31/100 tox
|
|-heal|p1a: Gliscor|44/100 tox|[from] ability: Poison Heal
|-damage|p2a: Umbreon|2/100 tox|[from] psn
|upkeep
|turn|10
|
|t:|1769313857
|move|p1a: Gliscor|Knock Off|p2a: Umbreon
|-resisted|p2a: Umbreon
|-damage|p2a: Umbreon|0 fnt
|faint|p2a: Umbreon
|
|-heal|p1a: Gliscor|56/100 tox|[from] ability: Poison Heal
|upkeep
|
|t:|1769313859
|switch|p2a: Manaphy|Manaphy, shiny|100/100
|-damage|p2a: Manaphy|75/100|[from] Spikes
|turn|11
|
|t:|1769313874
|switch|p1a: Raging Bolt|Raging Bolt|100/100
|move|p2a: Manaphy|Take Heart|p2a: Manaphy
|-boost|p2a: Manaphy|spa|1
|-boost|p2a: Manaphy|spd|1
|
|-heal|p2a: Manaphy|82/100|[from] item: Leftovers
|upkeep
|turn|12
|
|t:|1769313880
|-terastallize|p2a: Manaphy|Dragon
|move|p2a: Manaphy|Take Heart|p2a: Manaphy
|-boost|p2a: Manaphy|spa|1
|-boost|p2a: Manaphy|spd|1
|move|p1a: Raging Bolt|Calm Mind|p1a: Raging Bolt
|-boost|p1a: Raging Bolt|spa|1
|-boost|p1a: Raging Bolt|spd|1
|
|-heal|p2a: Manaphy|88/100|[from] item: Leftovers
|upkeep
|turn|13
|
|t:|1769313883
|move|p2a: Manaphy|Take Heart|p2a: Manaphy
|-boost|p2a: Manaphy|spa|1
|-boost|p2a: Manaphy|spd|1
|move|p1a: Raging Bolt|Calm Mind|p1a: Raging Bolt
|-boost|p1a: Raging Bolt|spa|1
|-boost|p1a: Raging Bolt|spd|1
|
|-heal|p2a: Manaphy|94/100|[from] item: Leftovers
|upkeep
|turn|14
|
|t:|1769313885
|move|p2a: Manaphy|Stored Power|p1a: Raging Bolt
|-damage|p1a: Raging Bolt|63/100
|move|p1a: Raging Bolt|Calm Mind|p1a: Raging Bolt
|-boost|p1a: Raging Bolt|spa|1
|-boost|p1a: Raging Bolt|spd|1
|
|-heal|p2a: Manaphy|99/100|[from] item: Leftovers
|-heal|p1a: Raging Bolt|70/100|[from] item: Leftovers
|upkeep
|turn|15
|
|t:|1769313889
|move|p2a: Manaphy|Stored Power|p1a: Raging Bolt
|-damage|p1a: Raging Bolt|42/100
|move|p1a: Raging Bolt|Calm Mind|p1a: Raging Bolt
|-boost|p1a: Raging Bolt|spa|1
|-boost|p1a: Raging Bolt|spd|1
|
|-heal|p2a: Manaphy|100/100|[from] item: Leftovers
|-heal|p1a: Raging Bolt|48/100|[from] item: Leftovers
|upkeep
|turn|16
|
|t:|1769313892
|move|p2a: Manaphy|Stored Power|p1a: Raging Bolt
|-damage|p1a: Raging Bolt|23/100
|move|p1a: Raging Bolt|Draco Meteor|p2a: Manaphy
|-supereffective|p2a: Manaphy
|-damage|p2a: Manaphy|0 fnt
|-unboost|p1a: Raging Bolt|spa|2
|faint|p2a: Manaphy
|
|-heal|p1a: Raging Bolt|30/100|[from] item: Leftovers
|upkeep
|
|t:|1769313895
|switch|p2a: Skeledirge|Skeledirge, M, shiny|100/100
|turn|17
|
|t:|1769313901
|move|p1a: Raging Bolt|Thunderbolt|p2a: Skeledirge
|-damage|p2a: Skeledirge|58/100
|move|p2a: Skeledirge|Hex|p1a: Raging Bolt
|-damage|p1a: Raging Bolt|7/100
|
|-heal|p1a: Raging Bolt|13/100|[from] item: Leftovers
|upkeep
|turn|18
|
|t:|1769313909
|move|p1a: Raging Bolt|Draco Meteor|p2a: Skeledirge
|-damage|p2a: Skeledirge|0 fnt
|-unboost|p1a: Raging Bolt|spa|2
|faint|p2a: Skeledirge
|
|-heal|p1a: Raging Bolt|19/100|[from] item: Leftovers
|upkeep
|
|t:|1769313913
|switch|p2a: Serperior|Serperior, M, shiny|100/100
|-damage|p2a: Serperior|76/100|[from] Spikes
|turn|19
|
|t:|1769313917
|move|p2a: Serperior|Leaf Storm|p1a: Raging Bolt
|-resisted|p1a: Raging Bolt
|-crit|p1a: Raging Bolt
|-damage|p1a: Raging Bolt|0 fnt
|-boost|p2a: Serperior|spa|2
|faint|p1a: Raging Bolt
|-end|p1a: Raging Bolt|Protosynthesis|[silent]
|
|-heal|p2a: Serperior|82/100|[from] item: Leftovers
|upkeep
|
|t:|1769313925
|switch|p1a: Slowking|Slowking-Galar, M|100/100
|turn|20
|
|t:|1769313928
|move|p2a: Serperior|Glare|p1a: Slowking
|-status|p1a: Slowking|par
|move|p1a: Slowking|Thunder Wave|p2a: Serperior
|-status|p2a: Serperior|par
|
|-heal|p2a: Serperior|88/100 par|[from] item: Leftovers
|upkeep
|turn|21
|
|t:|1769313934
|switch|p2a: Cresselia|Cresselia, F, shiny|100/100
|move|p1a: Slowking|Future Sight|p2a: Cresselia
|-start|p1a: Slowking|move: Future Sight
|
|upkeep
|turn|22
|
|t:|1769313937
|move|p2a: Cresselia|Calm Mind|p2a: Cresselia
|-boost|p2a: Cresselia|spa|1
|-boost|p2a: Cresselia|spd|1
|move|p1a: Slowking|Thunder Wave|p2a: Cresselia|[miss]
|-miss|p1a: Slowking|p2a: Cresselia
|
|upkeep
|turn|23
|inactive|tasty sardine 408 has 120 seconds left.
|
|t:|1769313970
|move|p2a: Cresselia|Calm Mind|p2a: Cresselia
|-boost|p2a: Cresselia|spa|1
|-boost|p2a: Cresselia|spd|1
|move|p1a: Slowking|Thunder Wave|p2a: Cresselia
|-status|p2a: Cresselia|par
|
|-end|p2a: Cresselia|move: Future Sight
|-resisted|p2a: Cresselia
|-damage|p2a: Cresselia|93/100 par
|-heal|p2a: Cresselia|99/100 par|[from] item: Leftovers
|upkeep
|turn|24
|
|t:|1769313975
|move|p2a: Cresselia|Calm Mind|p2a: Cresselia
|-boost|p2a: Cresselia|spa|1
|-boost|p2a: Cresselia|spd|1
|cant|p1a: Slowking|par
|
|-heal|p2a: Cresselia|100/100 par|[from] item: Leftovers
|upkeep
|turn|25
|
|t:|1769313979
|cant|p2a: Cresselia|par
|move|p1a: Slowking|Future Sight|p2a: Cresselia
|-start|p1a: Slowking|move: Future Sight
|
|upkeep
|turn|26
|
|t:|1769313983
|switch|p1a: Gholdengo|Gholdengo|100/100
|move|p2a: Cresselia|Stored Power|p1a: Gholdengo
|-resisted|p1a: Gholdengo
|-damage|p1a: Gholdengo|48/100
|
|upkeep
|turn|27
|
|t:|1769313987
|move|p1a: Gholdengo|Trick|p2a: Cresselia
|-activate|p1a: Gholdengo|move: Trick|[of] p2a: Cresselia
|-item|p2a: Cresselia|Choice Scarf|[from] move: Trick
|-item|p1a: Gholdengo|Leftovers|[from] move: Trick
|move|p2a: Cresselia|Moonblast|p1a: Gholdengo
|-resisted|p1a: Gholdengo
|-damage|p1a: Gholdengo|25/100
|
|-end|p2a: Cresselia|move: Future Sight
|-resisted|p2a: Cresselia
|-damage|p2a: Cresselia|94/100 par
|-heal|p1a: Gholdengo|31/100|[from] item: Leftovers
|upkeep
|turn|28
|
|t:|1769313995
|move|p1a: Gholdengo|Shadow Ball|p2a: Cresselia
|-supereffective|p2a: Cresselia
|-damage|p2a: Cresselia|73/100 par
|move|p2a: Cresselia|Moonblast|p1a: Gholdengo
|-resisted|p1a: Gholdengo
|-damage|p1a: Gholdengo|5/100
|-unboost|p1a: Gholdengo|spa|1
|
|-heal|p1a: Gholdengo|11/100|[from] item: Leftovers
|upkeep
|turn|29
|
|t:|1769313998
|move|p1a: Gholdengo|Shadow Ball|p2a: Cresselia
|-supereffective|p2a: Cresselia
|-damage|p2a: Cresselia|59/100 par
|cant|p2a: Cresselia|par
|
|-heal|p1a: Gholdengo|17/100|[from] item: Leftovers
|upkeep
|turn|30
|
|t:|1769314001
|move|p1a: Gholdengo|Shadow Ball|p2a: Cresselia
|-supereffective|p2a: Cresselia
|-damage|p2a: Cresselia|44/100 par
|cant|p2a: Cresselia|par
|
|-heal|p1a: Gholdengo|23/100|[from] item: Leftovers
|upkeep
|turn|31
|
|t:|1769314004
|move|p1a: Gholdengo|Shadow Ball|p2a: Cresselia
|-supereffective|p2a: Cresselia
|-damage|p2a: Cresselia|27/100 par
|cant|p2a: Cresselia|par
|
|-heal|p1a: Gholdengo|29/100|[from] item: Leftovers
|upkeep
|turn|32
|
|t:|1769314008
|move|p1a: Gholdengo|Shadow Ball|p2a: Cresselia
|-supereffective|p2a: Cresselia
|-damage|p2a: Cresselia|10/100 par
|-unboost|p2a: Cresselia|spd|1
|move|p2a: Cresselia|Moonblast|p1a: Gholdengo
|-resisted|p1a: Gholdengo
|-damage|p1a: Gholdengo|4/100
|
|-heal|p1a: Gholdengo|10/100|[from] item: Leftovers
|upkeep
|turn|33
|
|t:|1769314011
|move|p1a: Gholdengo|Shadow Ball|p2a: Cresselia
|-supereffective|p2a: Cresselia
|-damage|p2a: Cresselia|0 fnt
|faint|p2a: Cresselia
|
|-heal|p1a: Gholdengo|16/100|[from] item: Leftovers
|upkeep
|
|t:|1769314014
|switch|p2a: Revavroom|Revavroom, M, shiny|100/100
|-item|p2a: Revavroom|Air Balloon
|turn|34
|
|t:|1769314023
|move|p1a: Gholdengo|Shadow Ball|p2a: Revavroom
|-damage|p2a: Revavroom|67/100
|-unboost|p2a: Revavroom|spd|1
|-enditem|p2a: Revavroom|Air Balloon
|move|p2a: Revavroom|Shift Gear|p2a: Revavroom
|-boost|p2a: Revavroom|spe|2
|-boost|p2a: Revavroom|atk|1
|
|-heal|p1a: Gholdengo|22/100|[from] item: Leftovers
|upkeep
|turn|35
|
|t:|1769314031
|move|p2a: Revavroom|Iron Head|p1a: Gholdengo
|-resisted|p1a: Gholdengo
|-damage|p1a: Gholdengo|0 fnt
|faint|p1a: Gholdengo
|
|upkeep
|
|t:|1769314037
|switch|p1a: Slowking|Slowking-Galar, M|100/100 par
|turn|36
|
|t:|1769314042
|-terastallize|p1a: Slowking|Water
|move|p2a: Revavroom|Shift Gear|p2a: Revavroom
|-boost|p2a: Revavroom|spe|2
|-boost|p2a: Revavroom|atk|1
|move|p1a: Slowking|Future Sight|p2a: Revavroom
|-start|p1a: Slowking|move: Future Sight
|
|upkeep
|turn|37
|
|t:|1769314051
|switch|p1a: Gliscor|Gliscor, M|56/100 tox
|move|p2a: Revavroom|Gunk Shot|p1a: Gliscor|[miss]
|-miss|p2a: Revavroom|p1a: Gliscor
|
|-heal|p1a: Gliscor|69/100 tox|[from] ability: Poison Heal
|upkeep
|turn|38
|
|t:|1769314056
|move|p2a: Revavroom|Iron Head|p1a: Gliscor
|-damage|p1a: Gliscor|9/100 tox
|cant|p1a: Gliscor|flinch
|
|-end|p2a: Revavroom|move: Future Sight
|-damage|p2a: Revavroom|0 fnt
|faint|p2a: Revavroom
|-heal|p1a: Gliscor|22/100 tox|[from] ability: Poison Heal
|upkeep
|
|t:|1769314061
|switch|p2a: Serperior|Serperior, M, shiny|88/100 par
|-damage|p2a: Serperior|63/100 par|[from] Spikes
|turn|39
|-message|tasty sardine 408 forfeited.
|
|win|LT_Alt1
|raw|LT_Alt1's rating: 1696 &rarr; <strong>1712</strong><br />(+16 for winning)
|raw|tasty sardine 408's rating: 1620 &rarr; <strong>1604</strong><br />(-16 for losing)
|l|‽tasty sardine 408
|player|p2|
