|j|☆chafemillr
|j|☆soudess
|t:|1769391576
|gametype|singles
|player|p1|chafemillr|266|1153
|player|p2|soudess|harlequin|1148
|gen|9
|tier|[Gen 9] OU
|rated|
|rule|HP Percentage Mod: HP is shown in percentages
|rule|Endless Battle Clause: Forcing endless battles is banned
|rule|Species Clause: Limit one of each Pokémon
|rule|OHKO Clause: OHKO moves are banned
|rule|Evasion Items Clause: Evasion items are banned
|rule|Evasion Moves Clause: Evasion moves are banned
|rule|Evasion Abilities Clause: Evasion abilities are banned
|rule|Sleep Moves Clause: Sleep-inducing moves are banned
|clearpoke
|poke|p1|Weezing-Galar, F|
|poke|p1|Bronzong|
|poke|p1|Flygon, F|
|poke|p1|Hydreigon, F|
|poke|p1|Rotom-Heat|
|poke|p1|Chimecho, M|
|poke|p2|Landorus-Therian, M|
|poke|p2|Iron Valiant|
|poke|p2|Iron Hands|
|poke|p2|Serperior, M|
|poke|p2|Cinderace, F|
|poke|p2|Dragapult, F|
|teampreview
|inactive|Battle timer is ON: inactive players will automatically lose when time's up. (requested by soudess)
|inactive|soudess has 120 seconds left.
|
|t:|1769391609
|teamsize|p1|6
|teamsize|p2|6
|start
|switch|p1a: Flygon|Flygon, F|100/100
|switch|p2a: Cinderace|Cinderace, F|100/100
|turn|1
|
|t:|1769391620
|move|p1a: Flygon|Earthquake|p2a: Cinderace
|-supereffective|p2a: Cinderace
|-crit|p2a: Cinderace
|-damage|p2a: Cinderace|0 fnt
|faint|p2a: Cinderace
|
|upkeep
|
|t:|1769391627
|switch|p2a: Landorus|Landorus-Therian, M|100/100
|-ability|p2a: Landorus|Intimidate|boost
|-unboost|p1a: Flygon|atk|1
|turn|2
|
|t:|1769391632
|switch|p1a: Weezing|Weezing-Galar, F|100/100
|move|p2a: Landorus|Crunch|p1a: Weezing
|-resisted|p1a: Weezing
|-damage|p1a: Weezing|84/100
|-damage|p2a: Landorus|90/100|[from] item: Life Orb
|
|-heal|p1a: Weezing|90/100|[from] item: Black Sludge
|upkeep
|turn|3
|
|t:|1769391645
|move|p2a: Landorus|U-turn|p1a: Weezing
|-resisted|p1a: Weezing
|-damage|p1a: Weezing|82/100
|-damage|p2a: Landorus|80/100|[from] item: Life Orb
|
|t:|1769391660
|switch|p2a: Iron Hands|Iron Hands|100/100|[from] U-turn
|move|p1a: Weezing|Will-O-Wisp|p2a: Iron Hands|[miss]
|-miss|p1a: Weezing|p2a: Iron Hands
|
|-heal|p1a: Weezing|88/100|[from] item: Black Sludge
|upkeep
|turn|4
|
|t:|1769391671
|move|p1a: Weezing|Will-O-Wisp|p2a: Iron Hands
|-status|p2a: Iron Hands|brn
|move|p2a: Iron Hands|Volt Switch|p1a: Weezing
|-damage|p1a: Weezing|77/100
|
|t:|1769391677
|-end|p2a: Iron Hands|Quark Drive|[silent]
|switch|p2a: Landorus|Landorus-Therian, M|80/100|[from] Volt Switch
|-ability|p2a: Landorus|Intimidate|boost
|-unboost|p1a: Weezing|atk|1
|
|-heal|p1a: Weezing|83/100|[from] item: Black Sludge
|upkeep
|turn|5
|
|t:|1769391688
|move|p2a: Landorus|Rock Slide|p1a: Weezing
|-damage|p1a: Weezing|51/100
|-damage|p2a: Landorus|70/100|[from] item: Life Orb
|move|p1a: Weezing|Will-O-Wisp|p2a: Landorus
|-status|p2a: Landorus|brn
|
|-heal|p1a: Weezing|57/100|[from] item: Black Sludge
|-damage|p2a: Landorus|64/100 brn|[from] brn
|upkeep
|turn|6
|
|t:|1769391713
|switch|p1a: Bronzong|Bronzong|100/100
|move|p2a: Landorus|Rock Slide|p1a: Bronzong
|-resisted|p1a: Bronzong
|-damage|p1a: Bronzong|92/100
|-damage|p2a: Landorus|54/100 brn|[from] item: Life Orb
|
|-heal|p1a: Bronzong|99/100|[from] item: Leftovers
|-damage|p2a: Landorus|48/100 brn|[from] brn
|upkeep
|turn|7
|
|t:|1769391728
|move|p1a: Bronzong|Protect|p1a: Bronzong
|-singleturn|p1a: Bronzong|Protect
|move|p2a: Landorus|U-turn|p1a: Bronzong
|-activate|p1a: Bronzong|move: Protect
|
|-heal|p1a: Bronzong|100/100|[from] item: Leftovers
|-damage|p2a: Landorus|42/100 brn|[from] brn
|upkeep
|turn|8
|
|t:|1769391735
|move|p2a: Landorus|Crunch|p1a: Bronzong
|-supereffective|p1a: Bronzong
|-damage|p1a: Bronzong|71/100
|-unboost|p1a: Bronzong|def|1
|-damage|p2a: Landorus|32/100 brn|[from] item: Life Orb
|move|p1a: Bronzong|Stealth Rock|p2a: Landorus
|-sidestart|p2: soudess|move: Stealth Rock
|
|-heal|p1a: Bronzong|77/100|[from] item: Leftovers
|-damage|p2a: Landorus|25/100 brn|[from] brn
|upkeep
|turn|9
|
|t:|1769391745
|move|p1a: Bronzong|Protect|p1a: Bronzong
|-singleturn|p1a: Bronzong|Protect
|move|p2a: Landorus|Crunch|p1a: Bronzong
|-activate|p1a: Bronzong|move: Protect
|
|-heal|p1a: Bronzong|83/100|[from] item: Leftovers
|-damage|p2a: Landorus|19/100 brn|[from] brn
|upkeep
|turn|10
|
|t:|1769391754
|switch|p1a: Weezing|Weezing-Galar, F|57/100
|move|p2a: Landorus|Crunch|p1a: Weezing
|-resisted|p1a: Weezing
|-damage|p1a: Weezing|48/100
|-damage|p2a: Landorus|9/100 brn|[from] item: Life Orb
|
|-heal|p1a: Weezing|54/100|[from] item: Black Sludge
|-damage|p2a: Landorus|3/100 brn|[from] brn
|upkeep
|turn|11
|
|t:|1769391777
|switch|p1a: Flygon|Flygon, F|100/100
|move|p2a: Landorus|Rock Slide|p1a: Flygon|[miss]
|-miss|p2a: Landorus|p1a: Flygon
|
|-damage|p2a: Landorus|0 fnt|[from] brn
|faint|p2a: Landorus
|upkeep
|
|t:|1769391794
|switch|p2a: Iron Hands|Iron Hands|100/100 brn
|-damage|p2a: Iron Hands|94/100 brn|[from] Stealth Rock
|turn|12
|
|t:|1769391800
|move|p1a: Flygon|Earthquake|p2a: Iron Hands
|-supereffective|p2a: Iron Hands
|-damage|p2a: Iron Hands|40/100 brn
|move|p2a: Iron Hands|Ice Punch|p1a: Flygon
|-supereffective|p1a: Flygon
|-damage|p1a: Flygon|15/100
|
|-damage|p2a: Iron Hands|34/100 brn|[from] brn
|upkeep
|turn|13
|
|t:|1769391810
|move|p1a: Flygon|Earthquake|p2a: Iron Hands
|-supereffective|p2a: Iron Hands
|-crit|p2a: Iron Hands
|-damage|p2a: Iron Hands|0 fnt
|faint|p2a: Iron Hands
|-end|p2a: Iron Hands|Quark Drive|[silent]
|
|upkeep
|
|t:|1769391814
|switch|p2a: Serperior|Serperior, M|100/100
|-damage|p2a: Serperior|88/100|[from] Stealth Rock
|turn|14
|
|t:|1769391820
|switch|p1a: Rotom|Rotom-Heat|100/100
|move|p2a: Serperior|Substitute|p2a: Serperior
|-start|p2a: Serperior|Substitute
|-damage|p2a: Serperior|63/100
|
|-heal|p2a: Serperior|70/100|[from] item: Leftovers
|upkeep
|turn|15
|inactive|chafemillr has 120 seconds left.
|
|t:|1769391855
|move|p2a: Serperior|Leaf Storm|p1a: Rotom
|-resisted|p1a: Rotom
|-damage|p1a: Rotom|67/100
|-boost|p2a: Serperior|spa|2
|move|p1a: Rotom|Volt Switch|p2a: Serperior
|-resisted|p2a: Serperior
|-end|p2a: Serperior|Substitute
|inactive|chafemillr has 120 seconds left.
|
|t:|1769391875
|switch|p1a: Weezing|Weezing-Galar, F|54/100|[from] Volt Switch
|
|-heal|p2a: Serperior|76/100|[from] item: Leftovers
|-heal|p1a: Weezing|60/100|[from] item: Black Sludge
|upkeep
|turn|16
|
|t:|1769391884
|move|p2a: Serperior|Substitute|p2a: Serperior
|-start|p2a: Serperior|Substitute
|-damage|p2a: Serperior|51/100
|move|p1a: Weezing|Sludge Wave|p2a: Serperior
|-supereffective|p2a: Serperior
|-end|p2a: Serperior|Substitute
|
|-heal|p2a: Serperior|57/100|[from] item: Leftovers
|-heal|p1a: Weezing|66/100|[from] item: Black Sludge
|upkeep
|turn|17
|
|t:|1769391893
|-terastallize|p2a: Serperior|Fire
|move|p2a: Serperior|Substitute|p2a: Serperior
|-start|p2a: Serperior|Substitute
|-damage|p2a: Serperior|32/100
|move|p1a: Weezing|Sludge Wave|p2a: Serperior
|-end|p2a: Serperior|Substitute
|
|-heal|p2a: Serperior|39/100|[from] item: Leftovers
|-heal|p1a: Weezing|72/100|[from] item: Black Sludge
|upkeep
|turn|18
|inactive|chafemillr has 120 seconds left.
|
|t:|1769391903
|move|p2a: Serperior|Tera Blast|p1a: Weezing|[anim] Tera Blast Fire
|-damage|p1a: Weezing|20/100
|move|p1a: Weezing|Sludge Wave|p2a: Serperior
|-damage|p2a: Serperior|4/100
|-status|p2a: Serperior|psn
|
|-heal|p2a: Serperior|10/100 psn|[from] item: Leftovers
|-heal|p1a: Weezing|26/100|[from] item: Black Sludge
|-damage|p2a: Serperior|0 fnt|[from] psn
|faint|p2a: Serperior
|upkeep
|
|t:|1769391911
|switch|p2a: Dragapult|Dragapult, F|100/100
|-damage|p2a: Dragapult|88/100|[from] Stealth Rock
|turn|19
|
|t:|1769391924
|move|p2a: Dragapult|Phantom Force||[still]
|-prepare|p2a: Dragapult|Phantom Force
|move|p1a: Weezing|Strange Steam|p2a: Dragapult|[miss]
|-miss|p1a: Weezing|p2a: Dragapult
|
|-heal|p1a: Weezing|32/100|[from] item: Black Sludge
|upkeep
|turn|20
|inactive|chafemillr has 120 seconds left.
|
|t:|1769391946
|move|p2a: Dragapult|Phantom Force|p1a: Weezing|[from] lockedmove
|-damage|p1a: Weezing|0 fnt
|faint|p1a: Weezing
|
|upkeep
|
|t:|1769391962
|switch|p1a: Hydreigon|Hydreigon, F|100/100
|turn|21
|
|t:|1769391968
|switch|p2a: Iron Valiant|Iron Valiant|100/100
|-damage|p2a: Iron Valiant|94/100|[from] Stealth Rock
|-enditem|p2a: Iron Valiant|Booster Energy
|-activate|p2a: Iron Valiant|ability: Quark Drive|[fromitem]
|-start|p2a: Iron Valiant|quarkdrivespe
|-terastallize|p1a: Hydreigon|Steel
|move|p1a: Hydreigon|Draco Meteor|p2a: Iron Valiant
|-immune|p2a: Iron Valiant
|
|upkeep
|turn|22
|inactive|chafemillr has 120 seconds left.
|
|t:|1769391981
|move|p2a: Iron Valiant|Encore|p1a: Hydreigon
|-start|p1a: Hydreigon|Encore
|move|p1a: Hydreigon|Draco Meteor|p2a: Iron Valiant
|-immune|p2a: Iron Valiant
|
|upkeep
|turn|23
|inactive|chafemillr has 120 seconds left.
|
|t:|1769391993
|switch|p1a: Chimecho|Chimecho, M|100/100
|move|p2a: Iron Valiant|Thunderbolt|p1a: Chimecho
|-damage|p1a: Chimecho|78/100
|-status|p1a: Chimecho|par
|
|upkeep
|turn|24
|inactive|chafemillr has 120 seconds left.
|
|t:|1769392004
|move|p2a: Iron Valiant|Moonblast|p1a: Chimecho
|-damage|p1a: Chimecho|41/100 par
|-enditem|p1a: Chimecho|Sitrus Berry|[eat]
|-heal|p1a: Chimecho|65/100 par|[from] item: Sitrus Berry
|move|p1a: Chimecho|Wish|p1a: Chimecho
|
|upkeep
|turn|25
|
|t:|1769392013
|move|p2a: Iron Valiant|Close Combat|p1a: Chimecho
|-resisted|p1a: Chimecho
|-damage|p1a: Chimecho|41/100 par
|-unboost|p2a: Iron Valiant|def|1
|-unboost|p2a: Iron Valiant|spd|1
|move|p1a: Chimecho|Heal Bell|p1a: Chimecho
|-activate|p1a: Chimecho|move: Heal Bell
|-curestatus|p1a: Chimecho|par|[msg]
|
|-heal|p1a: Chimecho|91/100|[from] move: Wish|[wisher] Chimecho
|upkeep
|turn|26
|
|t:|1769392026
|move|p2a: Iron Valiant|Encore|p1a: Chimecho
|-start|p1a: Chimecho|Encore
|move|p1a: Chimecho|Heal Bell||[still]
|-activate|p1a: Chimecho|move: Heal Bell
|-fail|p1a: Chimecho
|
|upkeep
|turn|27
|
|t:|1769392040
|switch|p1a: Bronzong|Bronzong|83/100
|move|p2a: Iron Valiant|Moonblast|p1a: Bronzong
|-resisted|p1a: Bronzong
|-damage|p1a: Bronzong|57/100
|
|-heal|p1a: Bronzong|63/100|[from] item: Leftovers
|upkeep
|turn|28
|
|t:|1769392049
|move|p2a: Iron Valiant|Close Combat|p1a: Bronzong
|-damage|p1a: Bronzong|27/100
|-unboost|p2a: Iron Valiant|def|1
|-unboost|p2a: Iron Valiant|spd|1
|move|p1a: Bronzong|Gyro Ball|p2a: Iron Valiant
|-supereffective|p2a: Iron Valiant
|-damage|p2a: Iron Valiant|0 fnt
|faint|p2a: Iron Valiant
|-end|p2a: Iron Valiant|Quark Drive|[silent]
|
|-heal|p1a: Bronzong|33/100|[from] item: Leftovers
|upkeep
|
|t:|1769392052
|switch|p2a: Dragapult|Dragapult, F|88/100
|-damage|p2a: Dragapult|76/100|[from] Stealth Rock
|turn|29
|
|t:|1769392065
|move|p2a: Dragapult|Phantom Force||[still]
|-prepare|p2a: Dragapult|Phantom Force
|move|p1a: Bronzong|Gyro Ball|p2a: Dragapult|[miss]
|-miss|p1a: Bronzong|p2a: Dragapult
|
|-heal|p1a: Bronzong|39/100|[from] item: Leftovers
|upkeep
|turn|30
|
|t:|1769392086
|move|p1a: Bronzong|Protect|p1a: Bronzong
|-singleturn|p1a: Bronzong|Protect
|move|p2a: Dragapult|Phantom Force|p1a: Bronzong|[from] lockedmove
|-activate|p1a: Bronzong|move: Phantom Force|[broken]
|-supereffective|p1a: Bronzong
|-damage|p1a: Bronzong|0 fnt
|faint|p1a: Bronzong
|
|upkeep
|c|☆chafemillr|oh
|c|☆chafemillr|good to know
|inactive|chafemillr has 120 seconds left.
|
|t:|1769392099
|switch|p1a: Flygon|Flygon, F|15/100
|turn|31
|
|t:|1769392103
|move|p1a: Flygon|Outrage|p2a: Dragapult
|-supereffective|p2a: Dragapult
|-damage|p2a: Dragapult|0 fnt
|faint|p2a: Dragapult
|
|win|chafemillr
|raw|chafemillr's rating: 1153 &rarr; <strong>1178</strong><br />(+25 for winning)
|raw|soudess's rating: 1148 &rarr; <strong>1123</strong><br />(-25 for losing)
|l|☆soudess
|player|p2|
|c|☆chafemillr|gg
|l|☆chafemillr
|player|p1|
