|j|☆UR FUKN RAPlST3828
|j|☆innedfggf
|t:|1769346480
|gametype|singles
|player|p1|UR FUKN RAPlST3828|170|1000
|player|p2|innedfggf|1|1075
|gen|9
|tier|[Gen 9] OU
|rated|
|rule|HP Percentage Mod: HP is shown in percentages
|rule|Endless Battle Clause: Forcing endless battles is banned
|rule|Species Clause: Limit one of each Pokémon
|rule|OHKO Clause: OHKO moves are banned
|rule|Evasion Items Clause: Evasion items are banned
|rule|Evasion Moves Clause: Evasion moves are banned
|rule|Evasion Abilities Clause: Evasion abilities are banned
|rule|Sleep Moves Clause: Sleep-inducing moves are banned
|clearpoke
|poke|p1|Barraskewda, F|
|poke|p1|Iron Treads|
|poke|p1|Hatterene, F|
|poke|p1|Zapdos|
|poke|p1|Pelipper, M|
|poke|p1|Toxicroak, F|
|poke|p2|Comfey, M|
|poke|p2|Maushold-Four|
|poke|p2|Iron Moth|
|poke|p2|Porygon2|
|poke|p2|Ceruledge, M|
|poke|p2|Dragonite, M|
|teampreview
|inactive|Battle timer is ON: inactive players will automatically lose when time's up. (requested by innedfggf)
|
|t:|1769346487
|teamsize|p1|6
|teamsize|p2|6
|start
|switch|p1a: Pelipper|Pelipper, M, shiny|100/100
|switch|p2a: Comfey|Comfey, M|100/100
|-weather|RainDance|[from] ability: Drizzle|[of] p1a: Pelipper
|turn|1
|
|t:|1769346490
|move|p2a: Comfey|Calm Mind|p2a: Comfey
|-boost|p2a: Comfey|spa|1
|-boost|p2a: Comfey|spd|1
|move|p1a: Pelipper|U-turn|p2a: Comfey
|-resisted|p2a: Comfey
|-crit|p2a: Comfey
|-damage|p2a: Comfey|92/100
|
|t:|1769346511
|switch|p1a: Toxicroak|Toxicroak, F, shiny|100/100|[from] U-turn
|
|-weather|RainDance|[upkeep]
|upkeep
|turn|2
|
|t:|1769346518
|-terastallize|p2a: Comfey|Ground
|move|p2a: Comfey|Tera Blast|p1a: Toxicroak|[anim] Tera Blast Ground
|-supereffective|p1a: Toxicroak
|-damage|p1a: Toxicroak|0 fnt
|faint|p1a: Toxicroak
|-damage|p2a: Comfey|82/100|[from] item: Life Orb
|
|-weather|RainDance|[upkeep]
|upkeep
|
|t:|1769346524
|switch|p1a: Barraskewda|Barraskewda, F, shiny|100/100
|turn|3
|
|t:|1769346528
|move|p2a: Comfey|Giga Drain|p1a: Barraskewda
|-supereffective|p1a: Barraskewda
|-damage|p1a: Barraskewda|0 fnt
|-heal|p2a: Comfey|100/100|[from] drain|[of] p1a: Barraskewda
|faint|p1a: Barraskewda
|-damage|p2a: Comfey|91/100|[from] item: Life Orb
|
|-weather|RainDance|[upkeep]
|upkeep
|
|t:|1769346533
|switch|p1a: Zapdos|Zapdos, shiny|100/100
|turn|4
|
|t:|1769346536
|move|p1a: Zapdos|Weather Ball|p2a: Comfey
|-supereffective|p2a: Comfey
|-damage|p2a: Comfey|0 fnt
|faint|p2a: Comfey
|
|-weather|RainDance|[upkeep]
|upkeep
|
|t:|1769346544
|switch|p2a: Maushold|Maushold-Four|100/100
|turn|5
|
|t:|1769346547
|move|p2a: Maushold|Population Bomb|p1a: Zapdos
|-damage|p1a: Zapdos|88/100
|-damage|p1a: Zapdos|73/100
|-damage|p1a: Zapdos|58/100
|-status|p2a: Maushold|par|[from] ability: Static|[of] p1a: Zapdos
|-damage|p1a: Zapdos|44/100
|-damage|p1a: Zapdos|30/100
|-damage|p1a: Zapdos|17/100
|-damage|p1a: Zapdos|2/100
|-damage|p1a: Zapdos|0 fnt
|faint|p1a: Zapdos
|-hitcount|p1: Zapdos|8
|
|-weather|RainDance|[upkeep]
|upkeep
|
|t:|1769346553
|switch|p1a: Iron Treads|Iron Treads, shiny|100/100
|turn|6
|
|t:|1769346556
|move|p1a: Iron Treads|Stealth Rock|p2a: Maushold
|-sidestart|p2: innedfggf|move: Stealth Rock
|move|p2a: Maushold|Low Kick|p1a: Iron Treads
|-supereffective|p1a: Iron Treads
|-damage|p1a: Iron Treads|60/100
|
|-weather|RainDance|[upkeep]
|-heal|p1a: Iron Treads|66/100|[from] item: Leftovers
|upkeep
|turn|7
|
|t:|1769346559
|move|p1a: Iron Treads|Earthquake|p2a: Maushold
|-damage|p2a: Maushold|44/100 par
|move|p2a: Maushold|Tidy Up|p2a: Maushold
|-sideend|p2: innedfggf|Stealth Rock
|-activate|p2a: Maushold|move: Tidy Up
|-boost|p2a: Maushold|atk|1
|-boost|p2a: Maushold|spe|1
|
|-weather|RainDance|[upkeep]
|-heal|p1a: Iron Treads|72/100|[from] item: Leftovers
|upkeep
|turn|8
|
|t:|1769346564
|move|p2a: Maushold|Tidy Up|p2a: Maushold
|-boost|p2a: Maushold|atk|1
|-boost|p2a: Maushold|spe|1
|move|p1a: Iron Treads|Earthquake|p2a: Maushold
|-damage|p2a: Maushold|0 fnt
|faint|p2a: Maushold
|
|-weather|none
|-heal|p1a: Iron Treads|79/100|[from] item: Leftovers
|upkeep
|
|t:|1769346569
|switch|p2a: Ceruledge|Ceruledge, M|100/100
|turn|9
|
|t:|1769346573
|-end|p1a: Iron Treads|Quark Drive|[silent]
|switch|p1a: Pelipper|Pelipper, M, shiny|100/100
|-weather|RainDance|[from] ability: Drizzle|[of] p1a: Pelipper
|move|p2a: Ceruledge|Swords Dance|p2a: Ceruledge
|-boost|p2a: Ceruledge|atk|2
|
|-weather|RainDance|[upkeep]
|upkeep
|turn|10
|
|t:|1769346578
|switch|p2a: Dragonite|Dragonite, M|100/100
|move|p1a: Pelipper|Hurricane|p2a: Dragonite
|-crit|p2a: Dragonite
|-damage|p2a: Dragonite|74/100
|
|-weather|RainDance|[upkeep]
|-heal|p2a: Dragonite|80/100|[from] item: Leftovers
|upkeep
|turn|11
|
|t:|1769346581
|move|p2a: Dragonite|Dragon Dance|p2a: Dragonite
|-boost|p2a: Dragonite|atk|1
|-boost|p2a: Dragonite|spe|1
|move|p1a: Pelipper|Hurricane|p2a: Dragonite
|-crit|p2a: Dragonite
|-damage|p2a: Dragonite|25/100
|-start|p2a: Dragonite|confusion
|
|-weather|RainDance|[upkeep]
|-heal|p2a: Dragonite|31/100|[from] item: Leftovers
|upkeep
|turn|12
|
|t:|1769346584
|-activate|p2a: Dragonite|confusion
|move|p2a: Dragonite|Earthquake|p1a: Pelipper
|-immune|p1a: Pelipper
|move|p1a: Pelipper|Hurricane|p2a: Dragonite
|-damage|p2a: Dragonite|0 fnt
|faint|p2a: Dragonite
|
|-weather|RainDance|[upkeep]
|upkeep
|
|t:|1769346587
|switch|p2a: Porygon2|Porygon2|100/100
|-ability|p2a: Porygon2|Download|boost
|-boost|p2a: Porygon2|atk|1
|turn|13
|
|t:|1769346591
|switch|p1a: Hatterene|Hatterene, F, shiny|100/100
|move|p2a: Porygon2|Thunderbolt|p1a: Hatterene
|-damage|p1a: Hatterene|71/100
|-enditem|p1a: Hatterene|Eject Button
|
|t:|1769346594
|switch|p1a: Iron Treads|Iron Treads, shiny|79/100
|
|-weather|RainDance|[upkeep]
|-heal|p1a: Iron Treads|85/100|[from] item: Leftovers
|upkeep
|turn|14
|
|t:|1769346604
|move|p1a: Iron Treads|Stealth Rock|p2a: Porygon2
|-sidestart|p2: innedfggf|move: Stealth Rock
|move|p2a: Porygon2|Ice Beam|p1a: Iron Treads
|-damage|p1a: Iron Treads|60/100
|
|-weather|RainDance|[upkeep]
|-heal|p1a: Iron Treads|66/100|[from] item: Leftovers
|upkeep
|turn|15
|
|t:|1769346607
|move|p1a: Iron Treads|Earthquake|p2a: Porygon2
|-damage|p2a: Porygon2|74/100
|move|p2a: Porygon2|Ice Beam|p1a: Iron Treads
|-damage|p1a: Iron Treads|43/100
|
|-weather|RainDance|[upkeep]
|-heal|p1a: Iron Treads|49/100|[from] item: Leftovers
|upkeep
|turn|16
|
|t:|1769346612
|-end|p1a: Iron Treads|Quark Drive|[silent]
|switch|p1a: Pelipper|Pelipper, M, shiny|100/100
|move|p2a: Porygon2|Ice Beam|p1a: Pelipper
|-damage|p1a: Pelipper|73/100
|
|-weather|none
|upkeep
|turn|17
|
|t:|1769346617
|move|p2a: Porygon2|Thunderbolt|p1a: Pelipper
|-supereffective|p1a: Pelipper
|-damage|p1a: Pelipper|0 fnt
|faint|p1a: Pelipper
|
|upkeep
|
|t:|1769346619
|switch|p1a: Hatterene|Hatterene, F, shiny|71/100
|turn|18
|
|t:|1769346623
|move|p2a: Porygon2|Shadow Ball|p1a: Hatterene
|-supereffective|p1a: Hatterene
|-damage|p1a: Hatterene|14/100
|move|p1a: Hatterene|Nuzzle|p2a: Porygon2
|-damage|p2a: Porygon2|72/100
|-status|p2a: Porygon2|par
|
|upkeep
|turn|19
|
|t:|1769346627
|-terastallize|p1a: Hatterene|Normal
|move|p1a: Hatterene|Psychic Noise|p2a: Porygon2
|-damage|p2a: Porygon2|50/100 par
|-start|p2a: Porygon2|move: Heal Block
|cant|p2a: Porygon2|par
|
|upkeep
|turn|20
|
|t:|1769346631
|move|p1a: Hatterene|Psychic Noise|p2a: Porygon2
|-damage|p2a: Porygon2|29/100 par
|move|p2a: Porygon2|Psychic|p1a: Hatterene
|-damage|p1a: Hatterene|0 fnt
|faint|p1a: Hatterene
|
|-end|p2a: Porygon2|move: Heal Block
|upkeep
|
|t:|1769346635
|switch|p1a: Iron Treads|Iron Treads, shiny|49/100
|turn|21
|
|t:|1769346638
|move|p1a: Iron Treads|Earthquake|p2a: Porygon2
|-damage|p2a: Porygon2|2/100 par
|move|p2a: Porygon2|Ice Beam|p1a: Iron Treads
|-damage|p1a: Iron Treads|24/100
|
|-heal|p1a: Iron Treads|30/100|[from] item: Leftovers
|upkeep
|turn|22
|
|t:|1769346640
|move|p1a: Iron Treads|Rapid Spin|p2a: Porygon2
|-damage|p2a: Porygon2|0 fnt
|-boost|p1a: Iron Treads|spe|1
|faint|p2a: Porygon2
|
|-heal|p1a: Iron Treads|36/100|[from] item: Leftovers
|upkeep
|
|t:|1769346643
|switch|p2a: Iron Moth|Iron Moth|100/100
|-damage|p2a: Iron Moth|76/100|[from] Stealth Rock
|-enditem|p2a: Iron Moth|Booster Energy
|-activate|p2a: Iron Moth|ability: Quark Drive|[fromitem]
|-start|p2a: Iron Moth|quarkdrivespa
|turn|23
|
|t:|1769346646
|move|p1a: Iron Treads|Earthquake|p2a: Iron Moth
|-supereffective|p2a: Iron Moth
|-damage|p2a: Iron Moth|0 fnt
|faint|p2a: Iron Moth
|-end|p2a: Iron Moth|Quark Drive|[silent]
|
|-heal|p1a: Iron Treads|43/100|[from] item: Leftovers
|upkeep
|
|t:|1769346648
|switch|p2a: Ceruledge|Ceruledge, M|100/100
|-damage|p2a: Ceruledge|76/100|[from] Stealth Rock
|turn|24
|
|t:|1769346650
|move|p2a: Ceruledge|Shadow Sneak|p1a: Iron Treads
|-damage|p1a: Iron Treads|27/100
|move|p1a: Iron Treads|Earthquake|p2a: Ceruledge
|-supereffective|p2a: Ceruledge
|-damage|p2a: Ceruledge|0 fnt
|faint|p2a: Ceruledge
|
|win|UR FUKN RAPlST3828
|raw|UR FUKN RAPlST3828's rating: 1000 &rarr; <strong>1049</strong><br />(+49 for winning)
|raw|innedfggf's rating: 1075 &rarr; <strong>1049</strong><br />(-26 for losing)
|l|☆innedfggf
|player|p2|
