|j|☆CambridgeFoulPlay
|j|☆Efrain.9
|t:|1769332829
|gametype|singles
|player|p1|CambridgeFoulPlay|266|1706
|player|p2|Efrain.9|hilbert-wonderlauncher|1689
|gen|9
|tier|[Gen 9] OU
|rated|
|rule|HP Percentage Mod: HP is shown in percentages
|rule|Endless Battle Clause: Forcing endless battles is banned
|rule|Species Clause: Limit one of each Pokémon
|rule|OHKO Clause: OHKO moves are banned
|rule|Evasion Items Clause: Evasion items are banned
|rule|Evasion Moves Clause: Evasion moves are banned
|rule|Evasion Abilities Clause: Evasion abilities are banned
|rule|Sleep Moves Clause: Sleep-inducing moves are banned
|clearpoke
|poke|p1|Hydrapple, M|
|poke|p1|Tyranitar, F|
|poke|p1|Moltres|
|poke|p1|Zamazenta-*|
|poke|p1|Slowking-Galar, F|
|poke|p1|Excadrill, F|
|poke|p2|Pelipper, F|
|poke|p2|Basculegion, M|
|poke|p2|Umbreon, M|
|poke|p2|Scizor, M|
|poke|p2|Raging Bolt|
|poke|p2|Ogerpon-Wellspring, F|
|teampreview
|c|☆CambridgeFoulPlay|hf
|inactive|Battle timer is ON: inactive players will automatically lose when time's up. (requested by CambridgeFoulPlay)
|j| nitroLazer120
|
|t:|1769332846
|teamsize|p1|6
|teamsize|p2|6
|start
|switch|p1a: Tyranitar|Tyranitar, F|100/100
|switch|p2a: Scizor|Scizor, M|100/100
|-weather|Sandstorm|[from] ability: Sand Stream|[of] p1a: Tyranitar
|turn|1
|
|t:|1769332852
|switch|p1a: Zamazenta|Zamazenta|100/100
|-ability|p1a: Zamazenta|Dauntless Shield|boost
|-boost|p1a: Zamazenta|def|1
|move|p2a: Scizor|Close Combat|p1a: Zamazenta
|-damage|p1a: Zamazenta|78/100
|-unboost|p2a: Scizor|def|1
|-unboost|p2a: Scizor|spd|1
|
|-weather|Sandstorm|[upkeep]
|-damage|p1a: Zamazenta|72/100|[from] Sandstorm
|-heal|p1a: Zamazenta|78/100|[from] item: Leftovers
|upkeep
|turn|2
|
|t:|1769332864
|switch|p2a: Pelipper|Pelipper, F|100/100
|-weather|RainDance|[from] ability: Drizzle|[of] p2a: Pelipper
|move|p1a: Zamazenta|Body Press|p2a: Pelipper
|-resisted|p2a: Pelipper
|-damage|p2a: Pelipper|67/100
|
|-weather|RainDance|[upkeep]
|-heal|p1a: Zamazenta|84/100|[from] item: Leftovers
|upkeep
|turn|3
|
|t:|1769332873
|switch|p1a: Tyranitar|Tyranitar, F|100/100
|-weather|Sandstorm|[from] ability: Sand Stream|[of] p1a: Tyranitar
|switch|p2a: Basculegion|Basculegion, M|100/100
|
|-weather|Sandstorm|[upkeep]
|-damage|p2a: Basculegion|94/100|[from] Sandstorm
|upkeep
|turn|4
|
|t:|1769332881
|switch|p1a: Hydrapple|Hydrapple, M|100/100
|move|p2a: Basculegion|Flip Turn|p1a: Hydrapple
|-resisted|p1a: Hydrapple
|-damage|p1a: Hydrapple|93/100
|
|t:|1769332887
|switch|p2a: Raging Bolt|Raging Bolt|100/100|[from] Flip Turn
|
|-weather|Sandstorm|[upkeep]
|-damage|p2a: Raging Bolt|94/100|[from] Sandstorm
|-damage|p1a: Hydrapple|87/100|[from] Sandstorm
|upkeep
|turn|5
|
|t:|1769332892
|switch|p1a: Tyranitar|Tyranitar, F|100/100
|move|p2a: Raging Bolt|Draco Meteor|p1a: Tyranitar
|-damage|p1a: Tyranitar|50/100
|-unboost|p2a: Raging Bolt|spa|2
|
|-weather|Sandstorm|[upkeep]
|-damage|p2a: Raging Bolt|88/100|[from] Sandstorm
|upkeep
|turn|6
|
|t:|1769332903
|-end|p2a: Raging Bolt|Protosynthesis|[silent]
|switch|p2a: Umbreon|Umbreon, M|100/100
|move|p1a: Tyranitar|Knock Off|p2a: Umbreon
|-resisted|p2a: Umbreon
|-damage|p2a: Umbreon|88/100
|-enditem|p2a: Umbreon|Leftovers|[from] move: Knock Off|[of] p1a: Tyranitar
|
|-weather|Sandstorm|[upkeep]
|-damage|p2a: Umbreon|82/100|[from] Sandstorm
|upkeep
|turn|7
|
|t:|1769332912
|move|p2a: Umbreon|Wish|p2a: Umbreon
|move|p1a: Tyranitar|Stealth Rock|p2a: Umbreon
|-sidestart|p2: Efrain.9|move: Stealth Rock
|
|-weather|Sandstorm|[upkeep]
|-damage|p2a: Umbreon|76/100|[from] Sandstorm
|upkeep
|turn|8
|
|t:|1769332917
|move|p2a: Umbreon|Toxic|p1a: Tyranitar
|-status|p1a: Tyranitar|tox
|move|p1a: Tyranitar|Thunder Wave||[still]
|-status|p2a: Umbreon|par
|-activate|p2a: Umbreon|ability: Synchronize
|-fail|p2a: Umbreon
|
|-weather|Sandstorm|[upkeep]
|-damage|p2a: Umbreon|70/100 par|[from] Sandstorm
|-heal|p2a: Umbreon|100/100 par|[from] move: Wish|[wisher] Umbreon
|-damage|p1a: Tyranitar|43/100 tox|[from] psn
|upkeep
|turn|9
|
|t:|1769332930
|switch|p1a: Slowking|Slowking-Galar, F|100/100
|move|p2a: Umbreon|Wish|p2a: Umbreon
|
|-weather|Sandstorm|[upkeep]
|-damage|p1a: Slowking|94/100|[from] Sandstorm
|-damage|p2a: Umbreon|94/100 par|[from] Sandstorm
|upkeep
|turn|10
|
|t:|1769332936
|switch|p2a: Scizor|Scizor, M|100/100
|move|p1a: Slowking|Sludge Bomb|p2a: Scizor
|-immune|p2a: Scizor
|
|-weather|none
|upkeep
|turn|11
|
|t:|1769332947
|-terastallize|p2a: Scizor|Fire
|move|p2a: Scizor|Defog|p1a: Slowking
|-unboost|p1a: Slowking|evasion|1
|-sideend|p2: Efrain.9|Stealth Rock|[from] move: Defog|[of] p2a: Scizor
|move|p1a: Slowking|Flamethrower|p2a: Scizor
|-resisted|p2a: Scizor
|-damage|p2a: Scizor|86/100
|
|upkeep
|turn|12
|
|t:|1769332956
|move|p2a: Scizor|Knock Off|p1a: Slowking
|-supereffective|p1a: Slowking
|-damage|p1a: Slowking|36/100
|-enditem|p1a: Slowking|Assault Vest|[from] move: Knock Off|[of] p2a: Scizor
|move|p1a: Slowking|Sludge Bomb|p2a: Scizor
|-damage|p2a: Scizor|41/100
|
|upkeep
|turn|13
|
|t:|1769332964
|switch|p1a: Tyranitar|Tyranitar, F|43/100 tox
|-weather|Sandstorm|[from] ability: Sand Stream|[of] p1a: Tyranitar
|move|p2a: Scizor|U-turn|p1a: Tyranitar
|-supereffective|p1a: Tyranitar
|-damage|p1a: Tyranitar|0 fnt
|faint|p1a: Tyranitar
|
|t:|1769332972
|switch|p2a: Pelipper|Pelipper, F|67/100|[from] U-turn
|-weather|RainDance|[from] ability: Drizzle|[of] p2a: Pelipper
|
|-weather|RainDance|[upkeep]
|upkeep
|
|t:|1769332974
|switch|p1a: Slowking|Slowking-Galar, F|70/100
|turn|14
|
|t:|1769332982
|move|p2a: Pelipper|Weather Ball|p1a: Slowking
|-damage|p1a: Slowking|10/100
|move|p1a: Slowking|Sludge Bomb|p2a: Pelipper
|-damage|p2a: Pelipper|14/100
|-status|p2a: Pelipper|psn
|
|-weather|RainDance|[upkeep]
|-damage|p2a: Pelipper|1/100 psn|[from] psn
|upkeep
|turn|15
|
|t:|1769332992
|move|p2a: Pelipper|Hurricane|p1a: Slowking
|-damage|p1a: Slowking|0 fnt
|faint|p1a: Slowking
|
|-weather|RainDance|[upkeep]
|-damage|p2a: Pelipper|0 fnt|[from] psn
|faint|p2a: Pelipper
|upkeep
|
|t:|1769333006
|switch|p2a: Raging Bolt|Raging Bolt|88/100
|switch|p1a: Moltres|Moltres|100/100
|turn|16
|
|t:|1769333011
|switch|p1a: Excadrill|Excadrill, F|100/100
|-item|p1a: Excadrill|Air Balloon
|move|p2a: Raging Bolt|Weather Ball|p1a: Excadrill
|-supereffective|p1a: Excadrill
|-crit|p1a: Excadrill
|-damage|p1a: Excadrill|0 fnt
|-enditem|p1a: Excadrill|Air Balloon
|faint|p1a: Excadrill
|
|-weather|RainDance|[upkeep]
|upkeep
|
|t:|1769333013
|switch|p1a: Hydrapple|Hydrapple, M|100/100
|turn|17
|
|t:|1769333028
|-end|p2a: Raging Bolt|Protosynthesis|[silent]
|switch|p2a: Scizor|Scizor, M, tera:Fire|41/100
|move|p1a: Hydrapple|Nasty Plot|p1a: Hydrapple
|-boost|p1a: Hydrapple|spa|2
|
|-weather|RainDance|[upkeep]
|upkeep
|turn|18
|
|t:|1769333035
|move|p2a: Scizor|U-turn|p1a: Hydrapple
|-supereffective|p1a: Hydrapple
|-damage|p1a: Hydrapple|52/100
|j| OP Sand
|
|t:|1769333040
|switch|p2a: Raging Bolt|Raging Bolt|88/100|[from] U-turn
|move|p1a: Hydrapple|Fickle Beam|p2a: Raging Bolt
|-supereffective|p2a: Raging Bolt
|-damage|p2a: Raging Bolt|0 fnt
|faint|p2a: Raging Bolt
|-end|p2a: Raging Bolt|Protosynthesis|[silent]
|
|-weather|RainDance|[upkeep]
|upkeep
|l| OP Sand
|
|t:|1769333051
|switch|p2a: Basculegion|Basculegion, M|94/100
|turn|19
|
|t:|1769333054
|move|p2a: Basculegion|Ice Fang|p1a: Hydrapple
|-supereffective|p1a: Hydrapple
|-damage|p1a: Hydrapple|0 fnt
|faint|p1a: Hydrapple
|
|-weather|RainDance|[upkeep]
|upkeep
|
|t:|1769333058
|switch|p1a: Zamazenta|Zamazenta|84/100
|turn|20
|
|t:|1769333062
|switch|p2a: Scizor|Scizor, M, tera:Fire|41/100
|move|p1a: Zamazenta|Iron Defense|p1a: Zamazenta
|-boost|p1a: Zamazenta|def|2
|
|-weather|none
|-heal|p1a: Zamazenta|90/100|[from] item: Leftovers
|upkeep
|turn|21
|
|t:|1769333069
|move|p1a: Zamazenta|Body Press|p2a: Scizor
|-damage|p2a: Scizor|0 fnt
|faint|p2a: Scizor
|
|-heal|p1a: Zamazenta|96/100|[from] item: Leftovers
|upkeep
|
|t:|1769333075
|switch|p2a: Ogerpon|Ogerpon-Wellspring, F|100/100
|turn|22
|
|t:|1769333078
|move|p1a: Zamazenta|Body Press|p2a: Ogerpon
|-damage|p2a: Ogerpon|2/100
|move|p2a: Ogerpon|Ivy Cudgel|p1a: Zamazenta|[anim] Ivy Cudgel Water
|-damage|p1a: Zamazenta|73/100
|
|-heal|p1a: Zamazenta|80/100|[from] item: Leftovers
|upkeep
|turn|23
|
|t:|1769333086
|move|p1a: Zamazenta|Body Press|p2a: Ogerpon
|-damage|p2a: Ogerpon|0 fnt
|faint|p2a: Ogerpon
|
|-heal|p1a: Zamazenta|86/100|[from] item: Leftovers
|upkeep
|
|t:|1769333091
|switch|p2a: Basculegion|Basculegion, M|94/100
|turn|24
|
|t:|1769333095
|move|p1a: Zamazenta|Crunch|p2a: Basculegion
|-supereffective|p2a: Basculegion
|-damage|p2a: Basculegion|36/100
|move|p2a: Basculegion|Wave Crash|p1a: Zamazenta
|-damage|p1a: Zamazenta|50/100
|-damage|p2a: Basculegion|26/100|[from] Recoil
|
|-heal|p1a: Zamazenta|56/100|[from] item: Leftovers
|upkeep
|turn|25
|
|t:|1769333103
|move|p1a: Zamazenta|Crunch|p2a: Basculegion
|-supereffective|p2a: Basculegion
|-damage|p2a: Basculegion|0 fnt
|faint|p2a: Basculegion
|
|-heal|p1a: Zamazenta|62/100|[from] item: Leftovers
|upkeep
|-message|Efrain.9 forfeited.
|
|win|CambridgeFoulPlay
|raw|CambridgeFoulPlay's rating: 1706 &rarr; <strong>1725</strong><br />(+19 for winning)
|raw|Efrain.9's rating: 1689 &rarr; <strong>1670</strong><br />(-19 for losing)
|c|☆CambridgeFoulPlay|gg
|l|☆Efrain.9
|player|p2|
|l|☆CambridgeFoulPlay
|player|p1|
|l| nitroLazer120
