|j|☆moodrandom
|j|☆apple_tonks
|t:|1769299997
|gametype|singles
|player|p1|moodrandom|trevor|1623
|player|p2|apple_tonks|ethan|1630
|gen|9
|tier|[Gen 9] OU
|rated|
|rule|HP Percentage Mod: HP is shown in percentages
|rule|Endless Battle Clause: Forcing endless battles is banned
|rule|Species Clause: Limit one of each Pokémon
|rule|OHKO Clause: OHKO moves are banned
|rule|Evasion Items Clause: Evasion items are banned
|rule|Evasion Moves Clause: Evasion moves are banned
|rule|Evasion Abilities Clause: Evasion abilities are banned
|rule|Sleep Moves Clause: Sleep-inducing moves are banned
|clearpoke
|poke|p1|Dragonite, M|
|poke|p1|Scizor, F|
|poke|p1|Great Tusk|
|poke|p1|Primarina, F|
|poke|p1|Landorus-Therian, M|
|poke|p1|Cinderace, M|
|poke|p2|Alomomola, F|
|poke|p2|Dragapult, F|
|poke|p2|Cinderace, M|
|poke|p2|Kyurem|
|poke|p2|Goodra-Hisui, F|
|poke|p2|Landorus-Therian, M|
|teampreview
|
|t:|1769300016
|teamsize|p1|6
|teamsize|p2|6
|start
|switch|p1a: Primarina|Primarina, F|100/100
|switch|p2a: Landorus|Landorus-Therian, M|100/100
|-ability|p2a: Landorus|Intimidate|boost
|-unboost|p1a: Primarina|atk|1
|turn|1
|
|t:|1769300021
|switch|p1a: Landorus|Landorus-Therian, M|100/100
|-ability|p1a: Landorus|Intimidate|boost
|-unboost|p2a: Landorus|atk|1
|move|p2a: Landorus|U-turn|p1a: Landorus
|-resisted|p1a: Landorus
|-damage|p1a: Landorus|88/100
|-damage|p2a: Landorus|84/100|[from] item: Rocky Helmet|[of] p1a: Landorus
|
|t:|1769300025
|switch|p2a: Alomomola|Alomomola, F, shiny|100/100|[from] U-turn
|
|upkeep
|turn|2
|inactive|Battle timer is ON: inactive players will automatically lose when time's up. (requested by apple_tonks)
|
|t:|1769300046
|switch|p1a: Scizor|Scizor, F|100/100
|move|p2a: Alomomola|Scald|p1a: Scizor
|-damage|p1a: Scizor|84/100
|
|upkeep
|turn|3
|
|t:|1769300051
|move|p1a: Scizor|Knock Off|p2a: Alomomola
|-damage|p2a: Alomomola|81/100
|-enditem|p2a: Alomomola|Heavy-Duty Boots|[from] move: Knock Off|[of] p1a: Scizor
|move|p2a: Alomomola|Scald|p1a: Scizor
|-damage|p1a: Scizor|66/100
|
|upkeep
|turn|4
|
|t:|1769300055
|move|p1a: Scizor|U-turn|p2a: Alomomola
|-damage|p2a: Alomomola|61/100
|
|t:|1769300058
|switch|p1a: Dragonite|Dragonite, M|100/100|[from] U-turn
|move|p2a: Alomomola|Scald|p1a: Dragonite
|-resisted|p1a: Dragonite
|-damage|p1a: Dragonite|97/100
|
|upkeep
|turn|5
|
|t:|1769300062
|move|p1a: Dragonite|Dragon Dance|p1a: Dragonite
|-boost|p1a: Dragonite|atk|1
|-boost|p1a: Dragonite|spe|1
|move|p2a: Alomomola|Scald|p1a: Dragonite
|-resisted|p1a: Dragonite
|-damage|p1a: Dragonite|90/100
|
|upkeep
|turn|6
|
|t:|1769300064
|move|p1a: Dragonite|Dragon Dance|p1a: Dragonite
|-boost|p1a: Dragonite|atk|1
|-boost|p1a: Dragonite|spe|1
|move|p2a: Alomomola|Scald|p1a: Dragonite
|-resisted|p1a: Dragonite
|-damage|p1a: Dragonite|84/100
|
|upkeep
|turn|7
|
|t:|1769300067
|move|p1a: Dragonite|Dragon Dance|p1a: Dragonite
|-boost|p1a: Dragonite|atk|1
|-boost|p1a: Dragonite|spe|1
|move|p2a: Alomomola|Scald|p1a: Dragonite
|-resisted|p1a: Dragonite
|-crit|p1a: Dragonite
|-damage|p1a: Dragonite|74/100
|
|upkeep
|turn|8
|
|t:|1769300069
|move|p1a: Dragonite|Roost|p1a: Dragonite
|-heal|p1a: Dragonite|100/100
|-singleturn|p1a: Dragonite|move: Roost
|move|p2a: Alomomola|Scald|p1a: Dragonite
|-resisted|p1a: Dragonite
|-damage|p1a: Dragonite|97/100
|
|upkeep
|turn|9
|
|t:|1769300071
|move|p1a: Dragonite|Dragon Dance|p1a: Dragonite
|-boost|p1a: Dragonite|atk|1
|-boost|p1a: Dragonite|spe|1
|move|p2a: Alomomola|Scald|p1a: Dragonite
|-resisted|p1a: Dragonite
|-damage|p1a: Dragonite|91/100
|
|upkeep
|turn|10
|
|t:|1769300073
|move|p1a: Dragonite|Dragon Dance|p1a: Dragonite
|-boost|p1a: Dragonite|atk|1
|-boost|p1a: Dragonite|spe|1
|move|p2a: Alomomola|Scald|p1a: Dragonite
|-resisted|p1a: Dragonite
|-damage|p1a: Dragonite|84/100
|
|upkeep
|turn|11
|
|t:|1769300074
|move|p1a: Dragonite|Dragon Dance|p1a: Dragonite
|-boost|p1a: Dragonite|atk|1
|-boost|p1a: Dragonite|spe|1
|move|p2a: Alomomola|Scald|p1a: Dragonite
|-resisted|p1a: Dragonite
|-damage|p1a: Dragonite|78/100
|
|upkeep
|turn|12
|
|t:|1769300076
|move|p1a: Dragonite|Roost|p1a: Dragonite
|-heal|p1a: Dragonite|100/100
|-singleturn|p1a: Dragonite|move: Roost
|move|p2a: Alomomola|Scald|p1a: Dragonite
|-resisted|p1a: Dragonite
|-damage|p1a: Dragonite|97/100
|
|upkeep
|turn|13
|
|t:|1769300078
|move|p1a: Dragonite|Earthquake|p2a: Alomomola
|-damage|p2a: Alomomola|0 fnt
|faint|p2a: Alomomola
|
|upkeep
|-message|apple_tonks forfeited.
|
|win|moodrandom
|raw|moodrandom's rating: 1623 &rarr; <strong>1643</strong><br />(+20 for winning)
|raw|apple_tonks's rating: 1630 &rarr; <strong>1610</strong><br />(-20 for losing)
|l|☆apple_tonks
|player|p2|
