|j|☆DeathCalc
|j|☆Hyaikho
|t:|1769433133
|gametype|singles
|player|p1|DeathCalc|roughneck|1445
|player|p2|Hyaikho|guzma|1417
|gen|9
|tier|[Gen 9] OU
|rated|
|rule|HP Percentage Mod: HP is shown in percentages
|rule|Endless Battle Clause: Forcing endless battles is banned
|rule|Species Clause: Limit one of each Pokémon
|rule|OHKO Clause: OHKO moves are banned
|rule|Evasion Items Clause: Evasion items are banned
|rule|Evasion Moves Clause: Evasion moves are banned
|rule|Evasion Abilities Clause: Evasion abilities are banned
|rule|Sleep Moves Clause: Sleep-inducing moves are banned
|clearpoke
|poke|p1|Gholdengo|
|poke|p1|Ogerpon, F|
|poke|p1|Rillaboom, M|
|poke|p1|Samurott-Hisui, M|
|poke|p1|Glimmora, M|
|poke|p1|Raging Bolt|
|poke|p2|Salazzle, F|
|poke|p2|Hoopa-Unbound|
|poke|p2|Magnezone|
|poke|p2|Tsareena, F|
|poke|p2|Flamigo, M|
|poke|p2|Weavile, M|
|teampreview
|inactive|Battle timer is ON: inactive players will automatically lose when time's up. (requested by Hyaikho)
|
|t:|1769433142
|teamsize|p1|6
|teamsize|p2|6
|start
|switch|p1a: Glimmora|Glimmora, M, shiny|100/100
|switch|p2a: Flamigo|Flamigo, M|100/100
|turn|1
|
|t:|1769433150
|move|p2a: Flamigo|Liquidation|p1a: Glimmora
|-supereffective|p1a: Glimmora
|-damage|p1a: Glimmora|56/100
|-activate|p1a: Glimmora|ability: Toxic Debris
|-sidestart|p2: Hyaikho|move: Toxic Spikes
|-enditem|p1a: Glimmora|Red Card|[of] p2a: Flamigo
|drag|p2a: Hoopa|Hoopa-Unbound|100/100
|-status|p2a: Hoopa|psn
|move|p1a: Glimmora|Stealth Rock|p2a: Hoopa
|-sidestart|p2: Hyaikho|move: Stealth Rock
|
|-damage|p2a: Hoopa|88/100 psn|[from] psn
|upkeep
|turn|2
|
|t:|1769433155
|move|p2a: Hoopa|Psychic|p1a: Glimmora
|-supereffective|p1a: Glimmora
|-damage|p1a: Glimmora|0 fnt
|faint|p1a: Glimmora
|
|-damage|p2a: Hoopa|76/100 psn|[from] psn
|upkeep
|
|t:|1769433158
|switch|p1a: Rillaboom|Rillaboom, M, shiny|100/100
|-fieldstart|move: Grassy Terrain|[from] ability: Grassy Surge|[of] p1a: Rillaboom
|turn|3
|
|t:|1769433165
|switch|p2a: Magnezone|Magnezone|100/100
|-damage|p2a: Magnezone|94/100|[from] Stealth Rock
|-item|p2a: Magnezone|Air Balloon
|move|p1a: Rillaboom|Grassy Glide|p2a: Magnezone
|-resisted|p2a: Magnezone
|-damage|p2a: Magnezone|72/100
|-enditem|p2a: Magnezone|Air Balloon
|-damage|p1a: Rillaboom|91/100|[from] item: Life Orb
|
|-heal|p1a: Rillaboom|97/100|[from] Grassy Terrain
|-heal|p2a: Magnezone|78/100|[from] Grassy Terrain
|upkeep
|turn|4
|
|t:|1769433170
|move|p1a: Rillaboom|High Horsepower|p2a: Magnezone
|-supereffective|p2a: Magnezone
|-damage|p2a: Magnezone|0 fnt
|faint|p2a: Magnezone
|-damage|p1a: Rillaboom|87/100|[from] item: Life Orb
|
|-heal|p1a: Rillaboom|93/100|[from] Grassy Terrain
|upkeep
|
|t:|1769433174
|switch|p2a: Salazzle|Salazzle, F, shiny|100/100
|-sideend|p2: Hyaikho|move: Toxic Spikes|[of] p2a: Salazzle
|turn|5
|
|t:|1769433177
|move|p2a: Salazzle|Sludge Wave|p1a: Rillaboom
|-supereffective|p1a: Rillaboom
|-damage|p1a: Rillaboom|0 fnt
|faint|p1a: Rillaboom
|
|upkeep
|
|t:|1769433184
|switch|p1a: Samurott|Samurott-Hisui, M, shiny|100/100
|turn|6
|
|t:|1769433192
|switch|p2a: Hoopa|Hoopa-Unbound|76/100 psn
|-damage|p2a: Hoopa|64/100 psn|[from] Stealth Rock
|move|p1a: Samurott|Flip Turn|p2a: Hoopa
|-damage|p2a: Hoopa|16/100 psn
|
|t:|1769433194
|switch|p1a: Ogerpon|Ogerpon, F|100/100|[from] Flip Turn
|
|-heal|p2a: Hoopa|22/100 psn|[from] Grassy Terrain
|-damage|p2a: Hoopa|10/100 psn|[from] psn
|upkeep
|turn|7
|
|t:|1769433199
|move|p2a: Hoopa|Psychic|p1a: Ogerpon
|-damage|p1a: Ogerpon|35/100
|move|p1a: Ogerpon|U-turn|p2a: Hoopa
|-supereffective|p2a: Hoopa
|-damage|p2a: Hoopa|0 fnt
|faint|p2a: Hoopa
|
|t:|1769433203
|switch|p1a: Gholdengo|Gholdengo, shiny|100/100|[from] U-turn
|-enditem|p1a: Gholdengo|Grassy Seed
|-boost|p1a: Gholdengo|def|1|[from] item: Grassy Seed
|
|-fieldend|move: Grassy Terrain
|upkeep
|
|t:|1769433214
|switch|p2a: Flamigo|Flamigo, M|100/100
|-damage|p2a: Flamigo|88/100|[from] Stealth Rock
|turn|8
|inactive|DeathCalc has 120 seconds left.
|
|t:|1769433255
|-terastallize|p1a: Gholdengo|Fairy
|move|p2a: Flamigo|Close Combat|p1a: Gholdengo
|-resisted|p1a: Gholdengo
|-damage|p1a: Gholdengo|87/100
|-unboost|p2a: Flamigo|def|1
|-unboost|p2a: Flamigo|spd|1
|move|p1a: Gholdengo|Nasty Plot|p1a: Gholdengo
|-boost|p1a: Gholdengo|spa|2
|
|upkeep
|turn|9
|
|t:|1769433267
|switch|p2a: Weavile|Weavile, M|100/100
|-damage|p2a: Weavile|76/100|[from] Stealth Rock
|-ability|p2a: Weavile|Pressure
|move|p1a: Gholdengo|Recover|p1a: Gholdengo
|-heal|p1a: Gholdengo|100/100
|
|upkeep
|turn|10
|
|t:|1769433279
|move|p2a: Weavile|Ice Shard|p1a: Gholdengo
|-damage|p1a: Gholdengo|89/100
|-damage|p2a: Weavile|66/100|[from] item: Life Orb
|move|p1a: Gholdengo|Dazzling Gleam|p2a: Weavile
|-supereffective|p2a: Weavile
|-damage|p2a: Weavile|0 fnt
|faint|p2a: Weavile
|
|upkeep
|
|t:|1769433281
|switch|p2a: Salazzle|Salazzle, F, shiny|100/100
|turn|11
|
|t:|1769433285
|move|p2a: Salazzle|Sludge Wave|p1a: Gholdengo
|-supereffective|p1a: Gholdengo
|-damage|p1a: Gholdengo|0 fnt
|faint|p1a: Gholdengo
|
|upkeep
|
|t:|1769433288
|switch|p1a: Ogerpon|Ogerpon, F|35/100
|turn|12
|
|t:|1769433291
|move|p2a: Salazzle|Sludge Wave|p1a: Ogerpon
|-supereffective|p1a: Ogerpon
|-damage|p1a: Ogerpon|0 fnt
|faint|p1a: Ogerpon
|
|upkeep
|
|t:|1769433293
|switch|p1a: Raging Bolt|Raging Bolt|100/100
|-enditem|p1a: Raging Bolt|Booster Energy
|-activate|p1a: Raging Bolt|ability: Protosynthesis|[fromitem]
|-start|p1a: Raging Bolt|protosynthesisspa
|turn|13
|
|t:|1769433299
|switch|p2a: Tsareena|Tsareena, F|100/100
|-damage|p2a: Tsareena|88/100|[from] Stealth Rock
|move|p1a: Raging Bolt|Calm Mind|p1a: Raging Bolt
|-boost|p1a: Raging Bolt|spa|1
|-boost|p1a: Raging Bolt|spd|1
|
|upkeep
|turn|14
|
|t:|1769433302
|move|p1a: Raging Bolt|Dragon Pulse|p2a: Tsareena
|-crit|p2a: Tsareena
|-damage|p2a: Tsareena|0 fnt
|faint|p2a: Tsareena
|
|upkeep
|
|t:|1769433306
|switch|p2a: Salazzle|Salazzle, F, shiny|100/100
|turn|15
|
|t:|1769433310
|move|p1a: Raging Bolt|Thunderclap||[still]
|-fail|p1a: Raging Bolt
|move|p2a: Salazzle|Encore|p1a: Raging Bolt
|-start|p1a: Raging Bolt|Encore
|
|upkeep
|turn|16
|
|t:|1769433312
|-end|p1a: Raging Bolt|Protosynthesis|[silent]
|switch|p1a: Samurott|Samurott-Hisui, M, shiny|100/100
|move|p2a: Salazzle|Toxic|p1a: Samurott
|-status|p1a: Samurott|tox
|
|-damage|p1a: Samurott|94/100 tox|[from] psn
|upkeep
|turn|17
|
|t:|1769433315
|switch|p2a: Flamigo|Flamigo, M|88/100
|-damage|p2a: Flamigo|76/100|[from] Stealth Rock
|move|p1a: Samurott|Sucker Punch||[still]
|-fail|p1a: Samurott
|
|-damage|p1a: Samurott|82/100 tox|[from] psn
|upkeep
|turn|18
|
|t:|1769433319
|move|p1a: Samurott|Sucker Punch|p2a: Flamigo
|-resisted|p2a: Flamigo
|-damage|p2a: Flamigo|47/100
|move|p2a: Flamigo|Close Combat|p1a: Samurott
|-supereffective|p1a: Samurott
|-damage|p1a: Samurott|0 fnt
|-unboost|p2a: Flamigo|def|1
|-unboost|p2a: Flamigo|spd|1
|faint|p1a: Samurott
|
|upkeep
|
|t:|1769433321
|switch|p1a: Raging Bolt|Raging Bolt|100/100
|turn|19
|
|t:|1769433323
|move|p2a: Flamigo|Close Combat|p1a: Raging Bolt
|-damage|p1a: Raging Bolt|47/100
|-unboost|p2a: Flamigo|def|1
|-unboost|p2a: Flamigo|spd|1
|move|p1a: Raging Bolt|Calm Mind|p1a: Raging Bolt
|-boost|p1a: Raging Bolt|spa|1
|-boost|p1a: Raging Bolt|spd|1
|
|upkeep
|turn|20
|
|t:|1769433328
|switch|p2a: Salazzle|Salazzle, F, shiny|100/100
|move|p1a: Raging Bolt|Thunderbolt|p2a: Salazzle
|-damage|p2a: Salazzle|0 fnt
|faint|p2a: Salazzle
|
|upkeep
|
|t:|1769433332
|switch|p2a: Flamigo|Flamigo, M|47/100
|-damage|p2a: Flamigo|35/100|[from] Stealth Rock
|turn|21
|
|t:|1769433334
|move|p1a: Raging Bolt|Thunderclap|p2a: Flamigo
|-supereffective|p2a: Flamigo
|-damage|p2a: Flamigo|0 fnt
|faint|p2a: Flamigo
|
|win|DeathCalc
|raw|DeathCalc's rating: 1445 &rarr; <strong>1463</strong><br />(+18 for winning)
|raw|Hyaikho's rating: 1417 &rarr; <strong>1399</strong><br />(-18 for losing)
|l|☆DeathCalc
|player|p1|
|l|☆Hyaikho
|player|p2|
