|j|☆Litagotlightning
|j|☆risingl8
|t:|1769390947
|gametype|singles
|player|p1|Litagotlightning|101|1189
|player|p2|risingl8|dancer|1161
|gen|9
|tier|[Gen 9] OU
|rated|
|rule|HP Percentage Mod: HP is shown in percentages
|rule|Endless Battle Clause: Forcing endless battles is banned
|rule|Species Clause: Limit one of each Pokémon
|rule|OHKO Clause: OHKO moves are banned
|rule|Evasion Items Clause: Evasion items are banned
|rule|Evasion Moves Clause: Evasion moves are banned
|rule|Evasion Abilities Clause: Evasion abilities are banned
|rule|Sleep Moves Clause: Sleep-inducing moves are banned
|clearpoke
|poke|p1|Cinderace, M|
|poke|p1|Zapdos|
|poke|p1|Landorus-Therian, M|
|poke|p1|Kingambit, F|
|poke|p1|Hatterene, F|
|poke|p1|Quaquaval, F|
|poke|p2|Electabuzz, M|
|poke|p2|Magmar, F|
|poke|p2|Sneasel-Hisui, F|
|poke|p2|Glimmet, M|
|poke|p2|Duraludon, F|
|poke|p2|Dipplin, M|
|teampreview
|c|☆Litagotlightning|lc?
|c|☆Litagotlightning|nfe?
|inactive|Battle timer is ON: inactive players will automatically lose when time's up. (requested by risingl8)
|
|t:|1769390985
|teamsize|p1|6
|teamsize|p2|6
|start
|switch|p1a: Landorus|Landorus-Therian, M|100/100
|switch|p2a: Glimmet|Glimmet, M|100/100
|-ability|p1a: Landorus|Intimidate|boost
|-unboost|p2a: Glimmet|atk|1
|turn|1
|
|t:|1769390994
|move|p1a: Landorus|Earthquake|p2a: Glimmet
|-supereffective|p2a: Glimmet
|-damage|p2a: Glimmet|0 fnt
|-activate|p2a: Glimmet|ability: Toxic Debris
|-sidestart|p1: Litagotlightning|move: Toxic Spikes
|faint|p2a: Glimmet
|
|upkeep
|
|t:|1769391002
|switch|p2a: Electabuzz|Electabuzz, M|100/100
|turn|2
|
|t:|1769391006
|-terastallize|p2a: Electabuzz|Flying
|move|p1a: Landorus|U-turn|p2a: Electabuzz
|-resisted|p2a: Electabuzz
|-damage|p2a: Electabuzz|74/100
|
|t:|1769391012
|switch|p1a: Kingambit|Kingambit, F|100/100|[from] U-turn
|move|p2a: Electabuzz|Ice Punch|p1a: Kingambit
|-resisted|p1a: Kingambit
|-damage|p1a: Kingambit|91/100
|
|-heal|p1a: Kingambit|97/100|[from] item: Leftovers
|upkeep
|turn|3
|
|t:|1769391022
|switch|p2a: Duraludon|Duraludon, F|100/100
|move|p1a: Kingambit|Swords Dance|p1a: Kingambit
|-boost|p1a: Kingambit|atk|2
|
|-heal|p1a: Kingambit|100/100|[from] item: Leftovers
|upkeep
|turn|4
|
|t:|1769391033
|-terastallize|p1a: Kingambit|Ghost
|move|p2a: Duraludon|Dragon Pulse|p1a: Kingambit
|-damage|p1a: Kingambit|61/100
|move|p1a: Kingambit|Kowtow Cleave|p2a: Duraludon
|-damage|p2a: Duraludon|6/100
|
|-heal|p1a: Kingambit|67/100|[from] item: Leftovers
|upkeep
|turn|5
|
|t:|1769391044
|move|p1a: Kingambit|Sucker Punch|p2a: Duraludon
|-damage|p2a: Duraludon|0 fnt
|faint|p2a: Duraludon
|
|-heal|p1a: Kingambit|74/100|[from] item: Leftovers
|upkeep
|
|t:|1769391052
|switch|p2a: Magmar|Magmar, F|100/100
|turn|6
|
|t:|1769391056
|move|p1a: Kingambit|Sucker Punch|p2a: Magmar
|-damage|p2a: Magmar|0 fnt
|-status|p1a: Kingambit|brn|[from] ability: Flame Body|[of] p2a: Magmar
|faint|p2a: Magmar
|
|-heal|p1a: Kingambit|80/100 brn|[from] item: Leftovers
|-damage|p1a: Kingambit|74/100 brn|[from] brn
|upkeep
|
|t:|1769391066
|switch|p2a: Sneasel|Sneasel-Hisui, F|100/100
|turn|7
|
|t:|1769391071
|move|p1a: Kingambit|Sucker Punch|p2a: Sneasel
|-resisted|p2a: Sneasel
|-damage|p2a: Sneasel|55/100
|move|p2a: Sneasel|Poison Jab|p1a: Kingambit
|-resisted|p1a: Kingambit
|-damage|p1a: Kingambit|57/100 brn
|-damage|p2a: Sneasel|45/100|[from] item: Life Orb
|
|-heal|p1a: Kingambit|63/100 brn|[from] item: Leftovers
|-damage|p1a: Kingambit|57/100 brn|[from] brn
|upkeep
|turn|8
|-message|risingl8 forfeited.
|
|win|Litagotlightning
|raw|Litagotlightning's rating: 1189 &rarr; <strong>1212</strong><br />(+23 for winning)
|raw|risingl8's rating: 1161 &rarr; <strong>1138</strong><br />(-23 for losing)
|l|☆risingl8
|player|p2|
|l|☆Litagotlightning
|player|p1|
