|j|☆big_beatle
|j|☆pbnk
|t:|1769306540
|gametype|singles
|player|p1|big_beatle|brawly|
|player|p2|pbnk|birdkeeper-gen4dp|
|gen|9
|tier|[Gen 9] OU
|rule|HP Percentage Mod: HP is shown in percentages
|rule|Endless Battle Clause: Forcing endless battles is banned
|rule|Species Clause: Limit one of each Pokémon
|rule|OHKO Clause: OHKO moves are banned
|rule|Evasion Items Clause: Evasion items are banned
|rule|Evasion Moves Clause: Evasion moves are banned
|rule|Evasion Abilities Clause: Evasion abilities are banned
|rule|Sleep Moves Clause: Sleep-inducing moves are banned
|clearpoke
|poke|p1|Great Tusk|
|poke|p1|Venusaur, M|
|poke|p1|Raging Bolt|
|poke|p1|Lokix, F|
|poke|p1|Torkoal, M|
|poke|p1|Tornadus-Therian, M|
|poke|p2|Primarina, M|
|poke|p2|Slowking-Galar, F|
|poke|p2|Ogerpon, F|
|poke|p2|Kingambit, M|
|poke|p2|Great Tusk|
|poke|p2|Heatran, F|
|teampreview
|inactive|Battle timer is ON: inactive players will automatically lose when time's up. (requested by big_beatle)
|inactiveoff|Battle timer is now OFF.
|j| BoodleBoy
|j| PlotBnuy
|
|t:|1769306640
|teamsize|p1|6
|teamsize|p2|6
|start
|switch|p1a: Season 3 MVP|Torkoal, M|100/100
|switch|p2a: Queen of Hearts|Primarina, M|100/100
|-weather|SunnyDay|[from] ability: Drought|[of] p1a: Season 3 MVP
|turn|1
|
|t:|1769306665
|switch|p1a: Big Man 2|Venusaur, M|100/100
|move|p2a: Queen of Hearts|Substitute|p2a: Queen of Hearts
|-start|p2a: Queen of Hearts|Substitute
|-damage|p2a: Queen of Hearts|76/100
|
|-weather|SunnyDay|[upkeep]
|-heal|p2a: Queen of Hearts|82/100|[from] item: Leftovers
|upkeep
|turn|2
|
|t:|1769306698
|move|p1a: Big Man 2|Growth|p1a: Big Man 2
|-boost|p1a: Big Man 2|atk|2
|-boost|p1a: Big Man 2|spa|2
|move|p2a: Queen of Hearts|Moonblast|p1a: Big Man 2
|-resisted|p1a: Big Man 2
|-damage|p1a: Big Man 2|69/100
|-unboost|p1a: Big Man 2|spa|1
|
|-weather|SunnyDay|[upkeep]
|-heal|p2a: Queen of Hearts|88/100|[from] item: Leftovers
|upkeep
|turn|3
|
|t:|1769306730
|-terastallize|p1a: Big Man 2|Fire
|move|p1a: Big Man 2|Growth|p1a: Big Man 2
|-boost|p1a: Big Man 2|atk|2
|-boost|p1a: Big Man 2|spa|2
|move|p2a: Queen of Hearts|Psychic Noise|p1a: Big Man 2
|-supereffective|p1a: Big Man 2
|-damage|p1a: Big Man 2|21/100
|-start|p1a: Big Man 2|move: Heal Block
|
|-weather|SunnyDay|[upkeep]
|-heal|p2a: Queen of Hearts|94/100|[from] item: Leftovers
|upkeep
|turn|4
|c| PlotBnuy|PSYCHIC NOISE LIQUID VOICE IS SO CLEAN
|
|t:|1769306773
|move|p1a: Big Man 2|Sludge Bomb|p2a: Queen of Hearts
|-supereffective|p2a: Queen of Hearts
|-end|p2a: Queen of Hearts|Substitute
|-damage|p1a: Big Man 2|11/100|[from] item: Life Orb
|move|p2a: Queen of Hearts|Psychic Noise|p1a: Big Man 2
|-supereffective|p1a: Big Man 2
|-damage|p1a: Big Man 2|0 fnt
|faint|p1a: Big Man 2
|
|-weather|SunnyDay|[upkeep]
|-heal|p2a: Queen of Hearts|99/100|[from] item: Leftovers
|upkeep
|
|t:|1769306787
|switch|p1a: Malinda's Pick|Lokix, F|100/100
|turn|5
|c| PlotBnuy|>:3
|
|t:|1769306856
|switch|p2a: Jack of Clubs|Great Tusk|100/100
|-activate|p2a: Jack of Clubs|ability: Protosynthesis
|-start|p2a: Jack of Clubs|protosynthesisspe
|move|p1a: Malinda's Pick|Knock Off|p2a: Jack of Clubs
|-resisted|p2a: Jack of Clubs
|-damage|p2a: Jack of Clubs|76/100
|
|-weather|SunnyDay|[upkeep]
|upkeep
|turn|6
|c| PlotBnuy|??? Item?
|c| BoodleBoy|tusk you left your stuff at home
|c|☆pbnk|wait till they see the acrobatics tech
|
|t:|1769306909
|switch|p1a: Colby's Boy|Tornadus-Therian, M|100/100
|move|p2a: Jack of Clubs|Bulk Up|p2a: Jack of Clubs
|-boost|p2a: Jack of Clubs|atk|1
|-boost|p2a: Jack of Clubs|def|1
|
|-weather|SunnyDay|[upkeep]
|upkeep
|turn|7
|
|t:|1769306923
|move|p2a: Jack of Clubs|Head Smash|p1a: Colby's Boy
|-supereffective|p1a: Colby's Boy
|-damage|p1a: Colby's Boy|0 fnt
|faint|p1a: Colby's Boy
|-damage|p2a: Jack of Clubs|34/100|[from] Recoil
|
|-weather|SunnyDay|[upkeep]
|upkeep
|c| PlotBnuy|OW
|c|☆big_beatle|:o
|
|t:|1769306936
|switch|p1a: Malinda's Pick|Lokix, F|100/100
|turn|8
|
|t:|1769306979
|move|p1a: Malinda's Pick|First Impression|p2a: Jack of Clubs
|-resisted|p2a: Jack of Clubs
|-damage|p2a: Jack of Clubs|8/100
|move|p2a: Jack of Clubs|Headlong Rush|p1a: Malinda's Pick
|-resisted|p1a: Malinda's Pick
|-damage|p1a: Malinda's Pick|42/100
|-unboost|p2a: Jack of Clubs|def|1
|-unboost|p2a: Jack of Clubs|spd|1
|
|-weather|none
|-end|p2a: Jack of Clubs|Protosynthesis
|upkeep
|-enditem|p2a: Jack of Clubs|Booster Energy
|-activate|p2a: Jack of Clubs|ability: Protosynthesis|[fromitem]
|-start|p2a: Jack of Clubs|protosynthesisatk
|turn|9
|c| PlotBnuy|WHAT THE HELL
|c|☆big_beatle|>:( booster cant be knocked off?
|
|t:|1769307056
|switch|p1a: Glue|Great Tusk|100/100
|-end|p2a: Jack of Clubs|Protosynthesis|[silent]
|switch|p2a: King of Diamonds|Slowking-Galar, F, shiny|100/100
|
|upkeep
|turn|10
|j| NotNumber1
|c| NotNumber1|my boy :(
|
|t:|1769307101
|-terastallize|p2a: King of Diamonds|Flying
|move|p1a: Glue|Rapid Spin|p2a: King of Diamonds
|-damage|p2a: King of Diamonds|87/100
|-boost|p1a: Glue|spe|1
|move|p2a: King of Diamonds|Psychic Noise|p1a: Glue
|-supereffective|p1a: Glue
|-crit|p1a: Glue
|-damage|p1a: Glue|19/100
|-start|p1a: Glue|move: Heal Block
|
|upkeep
|turn|11
|c| PlotBnuy|Our poor children...
|c| PlotBnuy|Not again
|
|t:|1769307129
|move|p1a: Glue|Ice Spinner|p2a: King of Diamonds
|-supereffective|p2a: King of Diamonds
|-damage|p2a: King of Diamonds|49/100
|move|p2a: King of Diamonds|Ice Beam|p1a: Glue
|-supereffective|p1a: Glue
|-damage|p1a: Glue|0 fnt
|faint|p1a: Glue
|-end|p1a: Glue|Protosynthesis|[silent]
|
|upkeep
|
|t:|1769307136
|switch|p1a: JP Fox's boo|Raging Bolt|100/100
|-enditem|p1a: JP Fox's boo|Booster Energy
|-activate|p1a: JP Fox's boo|ability: Protosynthesis|[fromitem]
|-start|p1a: JP Fox's boo|protosynthesisspa
|turn|12
|
|t:|1769307276
|switch|p2a: Dog playing poker|Heatran, F|100/100
|-item|p2a: Dog playing poker|Air Balloon
|move|p1a: JP Fox's boo|Dragon Pulse|p2a: Dog playing poker
|-resisted|p2a: Dog playing poker
|-damage|p2a: Dog playing poker|79/100
|-enditem|p2a: Dog playing poker|Air Balloon
|
|upkeep
|turn|13
|l| NotNumber1
|
|t:|1769307292
|move|p1a: JP Fox's boo|Calm Mind|p1a: JP Fox's boo
|-boost|p1a: JP Fox's boo|spa|1
|-boost|p1a: JP Fox's boo|spd|1
|move|p2a: Dog playing poker|Taunt|p1a: JP Fox's boo
|-start|p1a: JP Fox's boo|move: Taunt
|
|upkeep
|turn|14
|
|t:|1769307312
|move|p1a: JP Fox's boo|Dragon Pulse|p2a: Dog playing poker
|-resisted|p2a: Dog playing poker
|-damage|p2a: Dog playing poker|49/100
|move|p2a: Dog playing poker|Magma Storm|p1a: JP Fox's boo|[miss]
|-miss|p2a: Dog playing poker|p1a: JP Fox's boo
|
|upkeep
|turn|15
|
|t:|1769307329
|move|p1a: JP Fox's boo|Dragon Pulse|p2a: Dog playing poker
|-resisted|p2a: Dog playing poker
|-damage|p2a: Dog playing poker|19/100
|move|p2a: Dog playing poker|Magma Storm|p1a: JP Fox's boo
|-resisted|p1a: JP Fox's boo
|-damage|p1a: JP Fox's boo|86/100
|-activate|p1a: JP Fox's boo|move: Magma Storm|[of] p2a: Dog playing poker
|
|-damage|p1a: JP Fox's boo|74/100|[from] move: Magma Storm|[partiallytrapped]
|upkeep
|turn|16
|
|t:|1769307348
|move|p1a: JP Fox's boo|Dragon Pulse|p2a: Dog playing poker
|-resisted|p2a: Dog playing poker
|-damage|p2a: Dog playing poker|0 fnt
|faint|p2a: Dog playing poker
|
|-end|p1a: JP Fox's boo|Magma Storm|[partiallytrapped]|[silent]
|-end|p1a: JP Fox's boo|move: Taunt
|upkeep
|
|t:|1769307358
|switch|p2a: Jack of Clubs|Great Tusk|8/100
|turn|17
|c|☆pbnk|bagel is disappointed in you max
|c|☆big_beatle|you take that back
|
|t:|1769307407
|-end|p1a: JP Fox's boo|Protosynthesis|[silent]
|switch|p1a: Season 3 MVP|Torkoal, M|100/100
|-weather|SunnyDay|[from] ability: Drought|[of] p1a: Season 3 MVP
|-activate|p2a: Jack of Clubs|ability: Protosynthesis
|-start|p2a: Jack of Clubs|protosynthesisspe
|move|p2a: Jack of Clubs|Headlong Rush|p1a: Season 3 MVP
|-supereffective|p1a: Season 3 MVP
|-damage|p1a: Season 3 MVP|25/100
|-unboost|p2a: Jack of Clubs|def|1
|-unboost|p2a: Jack of Clubs|spd|1
|
|-weather|SunnyDay|[upkeep]
|upkeep
|turn|18
|
|t:|1769307449
|move|p2a: Jack of Clubs|Headlong Rush|p1a: Season 3 MVP
|-supereffective|p1a: Season 3 MVP
|-damage|p1a: Season 3 MVP|0 fnt
|-unboost|p2a: Jack of Clubs|def|1
|-unboost|p2a: Jack of Clubs|spd|1
|faint|p1a: Season 3 MVP
|
|-weather|SunnyDay|[upkeep]
|upkeep
|
|t:|1769307457
|switch|p1a: Malinda's Pick|Lokix, F|42/100
|turn|19
|
|t:|1769307566
|-end|p2a: Jack of Clubs|Protosynthesis|[silent]
|switch|p2a: Queen of Hearts|Primarina, M|99/100
|move|p1a: Malinda's Pick|U-turn|p2a: Queen of Hearts
|-resisted|p2a: Queen of Hearts
|-damage|p2a: Queen of Hearts|34/100
|
|t:|1769307571
|switch|p1a: JP Fox's boo|Raging Bolt|74/100|[from] U-turn
|-activate|p1a: JP Fox's boo|ability: Protosynthesis
|-start|p1a: JP Fox's boo|protosynthesisspa
|
|-weather|SunnyDay|[upkeep]
|-heal|p2a: Queen of Hearts|40/100|[from] item: Leftovers
|upkeep
|turn|20
|
|t:|1769307628
|move|p1a: JP Fox's boo|Dragon Pulse|p2a: Queen of Hearts
|-immune|p2a: Queen of Hearts
|move|p2a: Queen of Hearts|Moonblast|p1a: JP Fox's boo
|-supereffective|p1a: JP Fox's boo
|-damage|p1a: JP Fox's boo|0 fnt
|faint|p1a: JP Fox's boo
|-end|p1a: JP Fox's boo|Protosynthesis|[silent]
|
|-weather|SunnyDay|[upkeep]
|-heal|p2a: Queen of Hearts|46/100|[from] item: Leftovers
|upkeep
|
|t:|1769307638
|switch|p1a: Malinda's Pick|Lokix, F|42/100
|turn|21
|c|☆pbnk|oh ok
|c| PlotBnuy|Look
|c|☆big_beatle|it was my only out
|c| PlotBnuy|That was our rapid spin
|
|t:|1769307661
|move|p1a: Malinda's Pick|Sucker Punch|p2a: Queen of Hearts
|-resisted|p2a: Queen of Hearts
|-damage|p2a: Queen of Hearts|0 fnt
|faint|p2a: Queen of Hearts
|
|-weather|SunnyDay|[upkeep]
|upkeep
|
|t:|1769307675
|switch|p2a: King of Spades|Kingambit, M|100/100
|-activate|p2a: King of Spades|ability: Supreme Overlord
|-start|p2a: King of Spades|fallen2|[silent]
|turn|22
|
|t:|1769307684
|move|p1a: Malinda's Pick|Sucker Punch|p2a: King of Spades
|-resisted|p2a: King of Spades
|-damage|p2a: King of Spades|69/100
|move|p2a: King of Spades|Iron Head|p1a: Malinda's Pick
|-damage|p1a: Malinda's Pick|0 fnt
|faint|p1a: Malinda's Pick
|
|win|pbnk
|c|☆big_beatle|gg
|c| PlotBnuy|ggs
|c|☆pbnk|ogerpon was ace of spades
