|j|☆FUKNNlGERRAPlST69
|j|☆naco03
|t:|1769317617
|gametype|singles
|player|p1|FUKNNlGERRAPlST69|265|1045
|player|p2|naco03|265|1134
|gen|9
|tier|[Gen 9] OU
|rated|
|rule|HP Percentage Mod: HP is shown in percentages
|rule|Endless Battle Clause: Forcing endless battles is banned
|rule|Species Clause: Limit one of each Pokémon
|rule|OHKO Clause: OHKO moves are banned
|rule|Evasion Items Clause: Evasion items are banned
|rule|Evasion Moves Clause: Evasion moves are banned
|rule|Evasion Abilities Clause: Evasion abilities are banned
|rule|Sleep Moves Clause: Sleep-inducing moves are banned
|clearpoke
|poke|p1|Barraskewda, M|
|poke|p1|Iron Treads|
|poke|p1|Hatterene, F|
|poke|p1|Zapdos|
|poke|p1|Pelipper, M|
|poke|p1|Toxicroak, F|
|poke|p2|Blaziken, F|
|poke|p2|Maushold-Four|
|poke|p2|Great Tusk|
|poke|p2|Gholdengo|
|poke|p2|Dragapult, F|
|poke|p2|Rillaboom, F|
|teampreview
|inactive|Battle timer is ON: inactive players will automatically lose when time's up. (requested by naco03)
|
|t:|1769317625
|teamsize|p1|6
|teamsize|p2|6
|start
|switch|p1a: Pelipper|Pelipper, M, shiny|100/100
|switch|p2a: Maushold|Maushold-Four, shiny|100/100
|-weather|RainDance|[from] ability: Drizzle|[of] p1a: Pelipper
|turn|1
|
|t:|1769317632
|switch|p1a: Toxicroak|Toxicroak, F, shiny|100/100
|move|p2a: Maushold|Tidy Up|p2a: Maushold
|-boost|p2a: Maushold|atk|1
|-boost|p2a: Maushold|spe|1
|
|-weather|RainDance|[upkeep]
|upkeep
|turn|2
|
|t:|1769317639
|-terastallize|p2a: Maushold|Normal
|move|p2a: Maushold|Population Bomb|p1a: Toxicroak
|-damage|p1a: Toxicroak|82/100
|-damage|p2a: Maushold|84/100|[from] item: Rocky Helmet|[of] p1a: Toxicroak
|-damage|p1a: Toxicroak|63/100
|-damage|p2a: Maushold|67/100|[from] item: Rocky Helmet|[of] p1a: Toxicroak
|-damage|p1a: Toxicroak|44/100
|-damage|p2a: Maushold|51/100|[from] item: Rocky Helmet|[of] p1a: Toxicroak
|-damage|p1a: Toxicroak|25/100
|-damage|p2a: Maushold|34/100|[from] item: Rocky Helmet|[of] p1a: Toxicroak
|-damage|p1a: Toxicroak|5/100
|-damage|p2a: Maushold|17/100|[from] item: Rocky Helmet|[of] p1a: Toxicroak
|-damage|p1a: Toxicroak|0 fnt
|-damage|p2a: Maushold|1/100|[from] item: Rocky Helmet|[of] p1a: Toxicroak
|faint|p1a: Toxicroak
|-hitcount|p1: Toxicroak|6
|
|-weather|RainDance|[upkeep]
|upkeep
|
|t:|1769317646
|switch|p1a: Barraskewda|Barraskewda, M, shiny|100/100
|turn|3
|
|t:|1769317663
|switch|p2a: Rillaboom|Rillaboom, F, shiny|100/100
|-fieldstart|move: Grassy Terrain|[from] ability: Grassy Surge|[of] p2a: Rillaboom
|move|p1a: Barraskewda|Flip Turn|p2a: Rillaboom
|-resisted|p2a: Rillaboom
|-damage|p2a: Rillaboom|58/100
|
|t:|1769317666
|switch|p1a: Zapdos|Zapdos, shiny|100/100|[from] Flip Turn
|
|-weather|RainDance|[upkeep]
|-heal|p2a: Rillaboom|64/100|[from] Grassy Terrain
|upkeep
|turn|4
|
|t:|1769317675
|move|p1a: Zapdos|Hurricane|p2a: Rillaboom
|-supereffective|p2a: Rillaboom
|-damage|p2a: Rillaboom|0 fnt
|faint|p2a: Rillaboom
|
|-weather|RainDance|[upkeep]
|upkeep
|
|t:|1769317682
|switch|p2a: Maushold|Maushold-Four, shiny, tera:Normal|1/100
|turn|5
|
|t:|1769317689
|switch|p1a: Iron Treads|Iron Treads, shiny|100/100
|move|p2a: Maushold|Population Bomb|p1a: Iron Treads
|-resisted|p1a: Iron Treads
|-damage|p1a: Iron Treads|95/100
|-resisted|p1a: Iron Treads
|-damage|p1a: Iron Treads|89/100
|-resisted|p1a: Iron Treads
|-damage|p1a: Iron Treads|84/100
|-resisted|p1a: Iron Treads
|-damage|p1a: Iron Treads|79/100
|-resisted|p1a: Iron Treads
|-damage|p1a: Iron Treads|73/100
|-resisted|p1a: Iron Treads
|-damage|p1a: Iron Treads|66/100
|-resisted|p1a: Iron Treads
|-damage|p1a: Iron Treads|60/100
|-resisted|p1a: Iron Treads
|-damage|p1a: Iron Treads|55/100
|-resisted|p1a: Iron Treads
|-damage|p1a: Iron Treads|50/100
|-resisted|p1a: Iron Treads
|-damage|p1a: Iron Treads|44/100
|-hitcount|p1a: Iron Treads|10
|
|-weather|RainDance|[upkeep]
|-heal|p2a: Maushold|7/100|[from] Grassy Terrain
|-heal|p1a: Iron Treads|50/100|[from] Grassy Terrain
|-heal|p1a: Iron Treads|56/100|[from] item: Leftovers
|upkeep
|turn|6
|
|t:|1769317715
|move|p2a: Maushold|Population Bomb|p1a: Iron Treads
|-resisted|p1a: Iron Treads
|-damage|p1a: Iron Treads|51/100
|-resisted|p1a: Iron Treads
|-damage|p1a: Iron Treads|45/100
|-resisted|p1a: Iron Treads
|-damage|p1a: Iron Treads|39/100
|-resisted|p1a: Iron Treads
|-damage|p1a: Iron Treads|33/100
|-resisted|p1a: Iron Treads
|-damage|p1a: Iron Treads|27/100
|-resisted|p1a: Iron Treads
|-damage|p1a: Iron Treads|22/100
|-resisted|p1a: Iron Treads
|-damage|p1a: Iron Treads|16/100
|-resisted|p1a: Iron Treads
|-damage|p1a: Iron Treads|10/100
|-resisted|p1a: Iron Treads
|-damage|p1a: Iron Treads|4/100
|-resisted|p1a: Iron Treads
|-crit|p1a: Iron Treads
|-damage|p1a: Iron Treads|0 fnt
|faint|p1a: Iron Treads
|-end|p1a: Iron Treads|Quark Drive|[silent]
|-hitcount|p1: Iron Treads|10
|
|-weather|RainDance|[upkeep]
|-heal|p2a: Maushold|13/100|[from] Grassy Terrain
|upkeep
|
|t:|1769317725
|switch|p1a: Barraskewda|Barraskewda, M, shiny|100/100
|turn|7
|
|t:|1769317737
|move|p1a: Barraskewda|Flip Turn|p2a: Maushold
|-damage|p2a: Maushold|0 fnt
|faint|p2a: Maushold
|
|t:|1769317742
|switch|p1a: Zapdos|Zapdos, shiny|100/100|[from] Flip Turn
|
|-weather|RainDance|[upkeep]
|-fieldend|move: Grassy Terrain
|upkeep
|
|t:|1769317756
|switch|p2a: Dragapult|Dragapult, F, shiny|100/100
|turn|8
|
|t:|1769317761
|move|p2a: Dragapult|Dragon Dance|p2a: Dragapult
|-boost|p2a: Dragapult|atk|1
|-boost|p2a: Dragapult|spe|1
|move|p1a: Zapdos|Hurricane|p2a: Dragapult
|-damage|p2a: Dragapult|0 fnt
|faint|p2a: Dragapult
|
|-weather|none
|upkeep
|
|t:|1769317768
|switch|p2a: Gholdengo|Gholdengo|100/100
|-item|p2a: Gholdengo|Air Balloon
|turn|9
|
|t:|1769317774
|switch|p1a: Pelipper|Pelipper, M, shiny|100/100
|-weather|RainDance|[from] ability: Drizzle|[of] p1a: Pelipper
|move|p2a: Gholdengo|Nasty Plot|p2a: Gholdengo
|-boost|p2a: Gholdengo|spa|2
|
|-weather|RainDance|[upkeep]
|upkeep
|turn|10
|
|t:|1769317802
|move|p2a: Gholdengo|Shadow Ball|p1a: Pelipper
|-damage|p1a: Pelipper|0 fnt
|faint|p1a: Pelipper
|
|-weather|RainDance|[upkeep]
|upkeep
|
|t:|1769317806
|switch|p1a: Barraskewda|Barraskewda, M, shiny|100/100
|turn|11
|
|t:|1769317810
|move|p1a: Barraskewda|Liquidation|p2a: Gholdengo
|-damage|p2a: Gholdengo|0 fnt
|-enditem|p2a: Gholdengo|Air Balloon
|faint|p2a: Gholdengo
|
|-weather|RainDance|[upkeep]
|upkeep
|
|t:|1769317830
|switch|p2a: Great Tusk|Great Tusk, shiny|100/100
|turn|12
|
|t:|1769317838
|-terastallize|p1a: Barraskewda|Water
|move|p1a: Barraskewda|Liquidation|p2a: Great Tusk
|-supereffective|p2a: Great Tusk
|-damage|p2a: Great Tusk|0 fnt
|faint|p2a: Great Tusk
|-end|p2a: Great Tusk|Protosynthesis|[silent]
|
|-weather|RainDance|[upkeep]
|upkeep
|
|t:|1769317844
|switch|p2a: Blaziken|Blaziken, F, shiny|100/100
|turn|13
|
|t:|1769317859
|move|p1a: Barraskewda|Liquidation|p2a: Blaziken
|-supereffective|p2a: Blaziken
|-damage|p2a: Blaziken|0 fnt
|faint|p2a: Blaziken
|
|win|FUKNNlGERRAPlST69
|raw|FUKNNlGERRAPlST69's rating: 1045 &rarr; <strong>1087</strong><br />(+42 for winning)
|raw|naco03's rating: 1134 &rarr; <strong>1103</strong><br />(-31 for losing)
|l|☆naco03
|player|p2|
