|j|☆besudo
|j|☆Niroglift
|t:|1769424934
|gametype|singles
|player|p1|besudo|dancer|1752
|player|p2|Niroglift|emmet|1715
|gen|9
|tier|[Gen 9] OU
|rated|
|rule|HP Percentage Mod: HP is shown in percentages
|rule|Endless Battle Clause: Forcing endless battles is banned
|rule|Species Clause: Limit one of each Pokémon
|rule|OHKO Clause: OHKO moves are banned
|rule|Evasion Items Clause: Evasion items are banned
|rule|Evasion Moves Clause: Evasion moves are banned
|rule|Evasion Abilities Clause: Evasion abilities are banned
|rule|Sleep Moves Clause: Sleep-inducing moves are banned
|clearpoke
|poke|p1|Regidrago|
|poke|p1|Hatterene, F|
|poke|p1|Corviknight, F|
|poke|p1|Okidogi, M|
|poke|p1|Ting-Lu|
|poke|p1|Ceruledge, F|
|poke|p2|Clodsire, F|
|poke|p2|Gliscor, M|
|poke|p2|Weezing-Galar, M|
|poke|p2|Dondozo, M|
|poke|p2|Corviknight, M|
|poke|p2|Blissey, F|
|teampreview
|
|t:|1769424940
|teamsize|p1|6
|teamsize|p2|6
|start
|switch|p1a: Regidrago|Regidrago|100/100
|switch|p2a: Da Scor|Gliscor, M|100/100
|turn|1
|j| Heliophete
|
|t:|1769424943
|move|p2a: Da Scor|Protect|p2a: Da Scor
|-singleturn|p2a: Da Scor|Protect
|move|p1a: Regidrago|Dragon Energy|p2a: Da Scor
|-activate|p2a: Da Scor|move: Protect
|
|-status|p2a: Da Scor|tox|[from] item: Toxic Orb
|upkeep
|turn|2
|inactive|Battle timer is ON: inactive players will automatically lose when time's up. (requested by besudo)
|
|t:|1769424949
|switch|p1a: Ceruledge|Ceruledge, F|100/100
|-terastallize|p2a: Da Scor|Fairy
|move|p2a: Da Scor|Toxic|p1a: Ceruledge
|-status|p1a: Ceruledge|tox
|
|-damage|p1a: Ceruledge|94/100 tox|[from] psn
|upkeep
|turn|3
|
|t:|1769424961
|move|p2a: Da Scor|Knock Off|p1a: Ceruledge
|-supereffective|p1a: Ceruledge
|-damage|p1a: Ceruledge|45/100 tox
|-ability|p1a: Ceruledge|Weak Armor|boost
|-unboost|p1a: Ceruledge|def|1
|-boost|p1a: Ceruledge|spe|2
|-enditem|p1a: Ceruledge|Life Orb|[from] move: Knock Off|[of] p2a: Da Scor
|move|p1a: Ceruledge|Swords Dance|p1a: Ceruledge
|-boost|p1a: Ceruledge|atk|2
|
|-damage|p1a: Ceruledge|32/100 tox|[from] psn
|upkeep
|turn|4
|
|t:|1769424966
|move|p2a: Da Scor|Protect|p2a: Da Scor
|-singleturn|p2a: Da Scor|Protect
|move|p1a: Ceruledge|Bitter Blade|p2a: Da Scor
|-activate|p2a: Da Scor|move: Protect
|
|-damage|p1a: Ceruledge|14/100 tox|[from] psn
|upkeep
|turn|5
|
|t:|1769424972
|switch|p1a: Hatterene|Hatterene, F, shiny|100/100
|switch|p2a: Dondozo|Dondozo, M|100/100
|
|upkeep
|turn|6
|
|t:|1769424981
|switch|p2a: Da Scor|Gliscor, M, tera:Fairy|100/100 tox
|move|p1a: Hatterene|Future Sight|p2a: Da Scor
|-start|p1a: Hatterene|move: Future Sight
|
|upkeep
|turn|7
|
|t:|1769424985
|switch|p1a: Corviknight|Corviknight, F, shiny|100/100
|-ability|p1a: Corviknight|Pressure
|move|p2a: Da Scor|Knock Off|p1a: Corviknight
|-crit|p1a: Corviknight
|-damage|p1a: Corviknight|82/100
|-enditem|p1a: Corviknight|Leftovers|[from] move: Knock Off|[of] p2a: Da Scor
|
|upkeep
|turn|8
|
|t:|1769424988
|move|p2a: Da Scor|Protect|p2a: Da Scor
|-singleturn|p2a: Da Scor|Protect
|move|p1a: Corviknight|Iron Head|p2a: Da Scor
|-activate|p2a: Da Scor|move: Protect
|
|-end|p2a: Da Scor|move: Future Sight
|-damage|p2a: Da Scor|52/100 tox
|-heal|p2a: Da Scor|64/100 tox|[from] ability: Poison Heal
|upkeep
|turn|9
|
|t:|1769424992
|move|p2a: Da Scor|Spikes|p1a: Corviknight
|-sidestart|p1: besudo|Spikes
|move|p1a: Corviknight|U-turn|p2a: Da Scor
|-resisted|p2a: Da Scor
|-damage|p2a: Da Scor|59/100 tox
|
|t:|1769424997
|switch|p1a: Hatterene|Hatterene, F, shiny|100/100|[from] U-turn
|-damage|p1a: Hatterene|88/100|[from] Spikes
|
|-heal|p2a: Da Scor|71/100 tox|[from] ability: Poison Heal
|upkeep
|turn|10
|
|t:|1769425003
|move|p2a: Da Scor|Knock Off|p1a: Hatterene
|-damage|p1a: Hatterene|67/100
|-enditem|p1a: Hatterene|Custap Berry|[from] move: Knock Off|[of] p2a: Da Scor
|move|p1a: Hatterene|Future Sight|p2a: Da Scor
|-start|p1a: Hatterene|move: Future Sight
|
|-heal|p2a: Da Scor|84/100 tox|[from] ability: Poison Heal
|upkeep
|turn|11
|
|t:|1769425007
|switch|p2a: Blissey|Blissey, F|100/100
|move|p1a: Hatterene|Dazzling Gleam|p2a: Blissey
|-damage|p2a: Blissey|90/100
|
|-heal|p2a: Blissey|96/100|[from] item: Leftovers
|upkeep
|turn|12
|
|t:|1769425014
|move|p2a: Blissey|Seismic Toss|p1a: Hatterene
|-damage|p1a: Hatterene|36/100
|move|p1a: Hatterene|Healing Wish|p1a: Hatterene
|faint|p1a: Hatterene
|
|-end|p2a: Blissey|move: Future Sight
|-damage|p2a: Blissey|81/100
|-heal|p2a: Blissey|87/100|[from] item: Leftovers
|upkeep
|
|t:|1769425017
|switch|p1a: Ceruledge|Ceruledge, F|14/100 tox
|-heal|p1a: Ceruledge|100/100|[from] move: Healing Wish
|-damage|p1a: Ceruledge|88/100|[from] Spikes
|turn|13
|
|t:|1769425025
|switch|p2a: Dondozo|Dondozo, M|100/100
|move|p1a: Ceruledge|Swords Dance|p1a: Ceruledge
|-boost|p1a: Ceruledge|atk|2
|
|upkeep
|turn|14
|-message|besudo forfeited.
|
|win|Niroglift
|raw|besudo's rating: 1729 &rarr; <strong>1708</strong><br />(-21 for losing)
|raw|Niroglift's rating: 1715 &rarr; <strong>1736</strong><br />(+21 for winning)
|l|☆besudo
|player|p1|
|l| Heliophete
|l|☆Niroglift
|player|p2|
