|j|☆Draft Data Bot
|j|☆Cactuino
|t:|1769310676
|gametype|singles
|player|p1|Draft Data Bot|bianca|1294
|player|p2|Cactuino|guzma|1337
|gen|9
|tier|[Gen 9] OU
|rated|
|rule|HP Percentage Mod: HP is shown in percentages
|rule|Endless Battle Clause: Forcing endless battles is banned
|rule|Species Clause: Limit one of each Pokémon
|rule|OHKO Clause: OHKO moves are banned
|rule|Evasion Items Clause: Evasion items are banned
|rule|Evasion Moves Clause: Evasion moves are banned
|rule|Evasion Abilities Clause: Evasion abilities are banned
|rule|Sleep Moves Clause: Sleep-inducing moves are banned
|clearpoke
|poke|p1|Ting-Lu|
|poke|p1|Corviknight, F|
|poke|p1|Chesnaught, F|
|poke|p1|Primarina, F|
|poke|p1|Garganacl, F|
|poke|p1|Slowking-Galar, F|
|poke|p2|Ogerpon-Cornerstone, F|
|poke|p2|Hatterene, F|
|poke|p2|Zapdos|
|poke|p2|Kingambit, M|
|poke|p2|Iron Treads|
|poke|p2|Okidogi, M|
|teampreview
|
|t:|1769310688
|teamsize|p1|6
|teamsize|p2|6
|start
|switch|p1a: Slowking|Slowking-Galar, F|100/100
|switch|p2a: Ogerpon|Ogerpon-Cornerstone, F|100/100
|turn|1
|
|t:|1769310696
|switch|p1a: Chesnaught|Chesnaught, F|100/100
|move|p2a: Ogerpon|Ivy Cudgel|p1a: Chesnaught|[anim] Ivy Cudgel Rock
|-resisted|p1a: Chesnaught
|-damage|p1a: Chesnaught|84/100
|
|upkeep
|turn|2
|
|t:|1769310700
|switch|p2a: Zapdos|Zapdos|100/100
|move|p1a: Chesnaught|Knock Off|p2a: Zapdos
|-damage|p2a: Zapdos|85/100
|-enditem|p2a: Zapdos|Heavy-Duty Boots|[from] move: Knock Off|[of] p1a: Chesnaught
|
|upkeep
|turn|3
|
|t:|1769310704
|switch|p1a: Ting-Lu|Ting-Lu|100/100
|-ability|p1a: Ting-Lu|Vessel of Ruin
|move|p2a: Zapdos|U-turn|p1a: Ting-Lu
|-supereffective|p1a: Ting-Lu
|-damage|p1a: Ting-Lu|86/100
|
|t:|1769310709
|switch|p2a: Hatterene|Hatterene, F|100/100|[from] U-turn
|
|-heal|p1a: Ting-Lu|92/100|[from] item: Leftovers
|upkeep
|turn|4
|
|t:|1769310717
|move|p1a: Ting-Lu|Earthquake|p2a: Hatterene
|-damage|p2a: Hatterene|72/100
|move|p2a: Hatterene|Draining Kiss|p1a: Ting-Lu
|-supereffective|p1a: Ting-Lu
|-damage|p1a: Ting-Lu|74/100
|-heal|p2a: Hatterene|94/100|[from] drain|[of] p1a: Ting-Lu
|
|-heal|p1a: Ting-Lu|81/100|[from] item: Leftovers
|upkeep
|turn|5
|
|t:|1769310722
|move|p1a: Ting-Lu|Ruination|p2a: Hatterene
|-damage|p2a: Hatterene|47/100
|move|p2a: Hatterene|Draining Kiss|p1a: Ting-Lu
|-supereffective|p1a: Ting-Lu
|-damage|p1a: Ting-Lu|63/100
|-heal|p2a: Hatterene|69/100|[from] drain|[of] p1a: Ting-Lu
|
|-heal|p1a: Ting-Lu|69/100|[from] item: Leftovers
|upkeep
|turn|6
|
|t:|1769310726
|switch|p1a: Corviknight|Corviknight, F|100/100
|-ability|p1a: Corviknight|Pressure
|move|p2a: Hatterene|Draining Kiss|p1a: Corviknight
|-resisted|p1a: Corviknight
|-damage|p1a: Corviknight|89/100
|-heal|p2a: Hatterene|80/100|[from] drain|[of] p1a: Corviknight
|-damage|p2a: Hatterene|63/100|[from] item: Rocky Helmet|[of] p1a: Corviknight
|
|upkeep
|turn|7
|
|t:|1769310728
|move|p1a: Corviknight|U-turn|p2a: Hatterene
|-damage|p2a: Hatterene|50/100
|-damage|p1a: Corviknight|72/100|[from] item: Rocky Helmet|[of] p2a: Hatterene
|
|t:|1769310730
|switch|p1a: Ting-Lu|Ting-Lu|69/100|[from] U-turn
|-ability|p1a: Ting-Lu|Vessel of Ruin
|move|p2a: Hatterene|Nuzzle|p1a: Ting-Lu
|-immune|p1a: Ting-Lu
|
|-heal|p1a: Ting-Lu|75/100|[from] item: Leftovers
|upkeep
|turn|8
|
|t:|1769310732
|switch|p1a: Corviknight|Corviknight, F|72/100
|-ability|p1a: Corviknight|Pressure
|move|p2a: Hatterene|Draining Kiss|p1a: Corviknight
|-resisted|p1a: Corviknight
|-damage|p1a: Corviknight|62/100
|-heal|p2a: Hatterene|60/100|[from] drain|[of] p1a: Corviknight
|-damage|p2a: Hatterene|43/100|[from] item: Rocky Helmet|[of] p1a: Corviknight
|
|upkeep
|turn|9
|
|t:|1769310738
|move|p1a: Corviknight|Brave Bird|p2a: Hatterene
|-damage|p2a: Hatterene|12/100
|-damage|p1a: Corviknight|46/100|[from] item: Rocky Helmet|[of] p2a: Hatterene
|-damage|p1a: Corviknight|37/100|[from] Recoil
|move|p2a: Hatterene|Pain Split|p1a: Corviknight
|-sethp|p1a: Corviknight|24/100|[from] move: Pain Split|[silent]
|-sethp|p2a: Hatterene|29/100|[from] move: Pain Split
|
|upkeep
|turn|10
|
|t:|1769310743
|switch|p2a: Zapdos|Zapdos|85/100
|move|p1a: Corviknight|Roost|p1a: Corviknight
|-heal|p1a: Corviknight|74/100
|-singleturn|p1a: Corviknight|move: Roost
|
|upkeep
|turn|11
|
|t:|1769310750
|switch|p1a: Garganacl|Garganacl, F|100/100
|move|p2a: Zapdos|Hurricane|p1a: Garganacl
|-resisted|p1a: Garganacl
|-damage|p1a: Garganacl|86/100
|-start|p1a: Garganacl|confusion
|
|-heal|p1a: Garganacl|92/100|[from] item: Leftovers
|upkeep
|turn|12
|
|t:|1769310754
|move|p2a: Zapdos|U-turn|p1a: Garganacl
|-damage|p1a: Garganacl|84/100
|
|t:|1769310756
|switch|p2a: Hatterene|Hatterene, F|29/100|[from] U-turn
|-activate|p1a: Garganacl|confusion
|-damage|p1a: Garganacl|78/100|[from] confusion
|
|-heal|p1a: Garganacl|84/100|[from] item: Leftovers
|upkeep
|turn|13
|
|t:|1769310761
|switch|p1a: Corviknight|Corviknight, F|74/100
|-ability|p1a: Corviknight|Pressure
|move|p2a: Hatterene|Pain Split|p1a: Corviknight
|-sethp|p1a: Corviknight|49/100|[from] move: Pain Split|[silent]
|-sethp|p2a: Hatterene|61/100|[from] move: Pain Split
|
|upkeep
|turn|14
|
|t:|1769310765
|move|p1a: Corviknight|U-turn|p2a: Hatterene
|-damage|p2a: Hatterene|49/100
|-damage|p1a: Corviknight|32/100|[from] item: Rocky Helmet|[of] p2a: Hatterene
|
|t:|1769310767
|switch|p1a: Ting-Lu|Ting-Lu|75/100|[from] U-turn
|-ability|p1a: Ting-Lu|Vessel of Ruin
|move|p2a: Hatterene|Psychic Noise|p1a: Ting-Lu
|-immune|p1a: Ting-Lu
|
|-heal|p1a: Ting-Lu|81/100|[from] item: Leftovers
|upkeep
|turn|15
|
|t:|1769310769
|move|p1a: Ting-Lu|Earthquake|p2a: Hatterene
|-damage|p2a: Hatterene|16/100
|move|p2a: Hatterene|Draining Kiss|p1a: Ting-Lu
|-supereffective|p1a: Ting-Lu
|-damage|p1a: Ting-Lu|62/100
|-heal|p2a: Hatterene|40/100|[from] drain|[of] p1a: Ting-Lu
|
|-heal|p1a: Ting-Lu|68/100|[from] item: Leftovers
|upkeep
|turn|16
|
|t:|1769310773
|switch|p2a: Zapdos|Zapdos|85/100
|move|p1a: Ting-Lu|Earthquake|p2a: Zapdos
|-immune|p2a: Zapdos
|
|-heal|p1a: Ting-Lu|74/100|[from] item: Leftovers
|upkeep
|turn|17
|
|t:|1769310777
|move|p2a: Zapdos|U-turn|p1a: Ting-Lu
|-supereffective|p1a: Ting-Lu
|-damage|p1a: Ting-Lu|60/100
|
|t:|1769310789
|switch|p2a: Okidogi|Okidogi, M|100/100|[from] U-turn
|move|p1a: Ting-Lu|Ruination|p2a: Okidogi
|-damage|p2a: Okidogi|51/100
|
|-heal|p1a: Ting-Lu|66/100|[from] item: Leftovers
|upkeep
|turn|18
|
|t:|1769310799
|-terastallize|p1a: Ting-Lu|Poison
|move|p2a: Okidogi|Drain Punch|p1a: Ting-Lu
|-resisted|p1a: Ting-Lu
|-damage|p1a: Ting-Lu|55/100
|-heal|p2a: Okidogi|59/100|[from] drain|[of] p1a: Ting-Lu
|move|p1a: Ting-Lu|Earthquake|p2a: Okidogi
|-supereffective|p2a: Okidogi
|-damage|p2a: Okidogi|0 fnt
|faint|p2a: Okidogi
|
|-heal|p1a: Ting-Lu|61/100|[from] item: Leftovers
|upkeep
|
|t:|1769310809
|switch|p2a: Hatterene|Hatterene, F|40/100
|turn|19
|
|t:|1769310813
|switch|p1a: Garganacl|Garganacl, F|84/100
|move|p2a: Hatterene|Psychic Noise|p1a: Garganacl
|-damage|p1a: Garganacl|63/100
|-start|p1a: Garganacl|move: Heal Block
|
|upkeep
|turn|20
|
|t:|1769310824
|move|p2a: Hatterene|Draining Kiss|p1a: Garganacl
|-damage|p1a: Garganacl|46/100
|-heal|p2a: Hatterene|56/100|[from] drain|[of] p1a: Garganacl
|move|p1a: Garganacl|Salt Cure|p2a: Hatterene
|-damage|p2a: Hatterene|43/100
|-start|p2a: Hatterene|Salt Cure
|
|-damage|p2a: Hatterene|30/100|[from] Salt Cure
|-end|p1a: Garganacl|move: Heal Block
|upkeep
|turn|21
|
|t:|1769310828
|move|p1a: Garganacl|Protect|p1a: Garganacl
|-singleturn|p1a: Garganacl|Protect
|move|p2a: Hatterene|Psychic Noise|p1a: Garganacl
|-activate|p1a: Garganacl|move: Protect
|
|-heal|p1a: Garganacl|52/100|[from] item: Leftovers
|-damage|p2a: Hatterene|18/100|[from] Salt Cure
|upkeep
|turn|22
|
|t:|1769310830
|switch|p1a: Corviknight|Corviknight, F|32/100
|-ability|p1a: Corviknight|Pressure
|move|p2a: Hatterene|Pain Split|p1a: Corviknight
|-sethp|p1a: Corviknight|23/100|[from] move: Pain Split|[silent]
|-sethp|p2a: Hatterene|29/100|[from] move: Pain Split
|
|-damage|p2a: Hatterene|17/100|[from] Salt Cure
|upkeep
|turn|23
|
|t:|1769310834
|move|p1a: Corviknight|Roost|p1a: Corviknight
|-heal|p1a: Corviknight|73/100
|-singleturn|p1a: Corviknight|move: Roost
|move|p2a: Hatterene|Psychic Noise|p1a: Corviknight
|-resisted|p1a: Corviknight
|-damage|p1a: Corviknight|58/100
|-start|p1a: Corviknight|move: Heal Block
|
|-damage|p2a: Hatterene|5/100|[from] Salt Cure
|upkeep
|turn|24
|
|t:|1769310836
|move|p1a: Corviknight|U-turn|p2a: Hatterene
|-damage|p2a: Hatterene|0 fnt
|-damage|p1a: Corviknight|41/100|[from] item: Rocky Helmet|[of] p2a: Hatterene
|faint|p2a: Hatterene
|
|t:|1769310838
|switch|p1a: Slowking|Slowking-Galar, F|100/100|[from] U-turn
|
|upkeep
|
|t:|1769310841
|switch|p2a: Iron Treads|Iron Treads|100/100
|-item|p2a: Iron Treads|Air Balloon
|turn|25
|
|t:|1769310845
|move|p2a: Iron Treads|Stealth Rock|p1a: Slowking
|-sidestart|p1: Draft Data Bot|move: Stealth Rock
|move|p1a: Slowking|Future Sight|p2a: Iron Treads
|-start|p1a: Slowking|move: Future Sight
|
|upkeep
|turn|26
|
|t:|1769310848
|switch|p1a: Chesnaught|Chesnaught, F|84/100
|-damage|p1a: Chesnaught|78/100|[from] Stealth Rock
|move|p2a: Iron Treads|Earthquake|p1a: Chesnaught
|-resisted|p1a: Chesnaught
|-damage|p1a: Chesnaught|65/100
|
|upkeep
|turn|27
|
|t:|1769310853
|move|p2a: Iron Treads|Ice Spinner|p1a: Chesnaught
|-supereffective|p1a: Chesnaught
|-damage|p1a: Chesnaught|38/100
|-damage|p2a: Iron Treads|84/100|[from] item: Rocky Helmet|[of] p1a: Chesnaught
|move|p1a: Chesnaught|Knock Off|p2a: Iron Treads
|-damage|p2a: Iron Treads|61/100
|-enditem|p2a: Iron Treads|Air Balloon
|
|-end|p2a: Iron Treads|move: Future Sight
|-resisted|p2a: Iron Treads
|-damage|p2a: Iron Treads|29/100
|upkeep
|turn|28
|
|t:|1769310859
|move|p2a: Iron Treads|Ice Spinner|p1a: Chesnaught
|-supereffective|p1a: Chesnaught
|-damage|p1a: Chesnaught|9/100
|-damage|p2a: Iron Treads|13/100|[from] item: Rocky Helmet|[of] p1a: Chesnaught
|move|p1a: Chesnaught|Synthesis|p1a: Chesnaught
|-heal|p1a: Chesnaught|59/100
|
|upkeep
|turn|29
|
|t:|1769310864
|move|p2a: Iron Treads|Ice Spinner|p1a: Chesnaught
|-supereffective|p1a: Chesnaught
|-damage|p1a: Chesnaught|30/100
|-damage|p2a: Iron Treads|0 fnt|[from] item: Rocky Helmet|[of] p1a: Chesnaught
|faint|p2a: Iron Treads
|-end|p2a: Iron Treads|Quark Drive|[silent]
|move|p1a: Chesnaught|Synthesis|p1a: Chesnaught
|-heal|p1a: Chesnaught|80/100
|
|upkeep
|
|t:|1769310867
|switch|p2a: Zapdos|Zapdos|85/100
|turn|30
|
|t:|1769310870
|switch|p1a: Slowking|Slowking-Galar, F|100/100
|move|p2a: Zapdos|Hurricane|p1a: Slowking
|-damage|p1a: Slowking|71/100
|
|upkeep
|turn|31
|
|t:|1769310889
|move|p2a: Zapdos|Discharge|p1a: Slowking
|-damage|p1a: Slowking|50/100
|-prepare|p1a: Slowking|Chilly Reception|[premajor]
|move|p1a: Slowking|Chilly Reception|p1a: Slowking
|-weather|Snowscape
|
|t:|1769310893
|switch|p1a: Garganacl|Garganacl, F|52/100|[from] Chilly Reception
|-damage|p1a: Garganacl|40/100|[from] Stealth Rock
|
|-weather|Snowscape|[upkeep]
|-heal|p1a: Garganacl|46/100|[from] item: Leftovers
|upkeep
|turn|32
|
|t:|1769310907
|move|p2a: Zapdos|U-turn|p1a: Garganacl
|-damage|p1a: Garganacl|38/100
|
|t:|1769310912
|switch|p2a: Kingambit|Kingambit, M|100/100|[from] U-turn
|-activate|p2a: Kingambit|ability: Supreme Overlord
|-start|p2a: Kingambit|fallen3|[silent]
|move|p1a: Garganacl|Recover|p1a: Garganacl
|-heal|p1a: Garganacl|88/100
|
|-weather|Snowscape|[upkeep]
|-heal|p1a: Garganacl|94/100|[from] item: Leftovers
|upkeep
|turn|33
|
|t:|1769310915
|move|p2a: Kingambit|Iron Head|p1a: Garganacl
|-supereffective|p1a: Garganacl
|-damage|p1a: Garganacl|10/100
|cant|p1a: Garganacl|flinch
|
|-weather|Snowscape|[upkeep]
|-heal|p1a: Garganacl|16/100|[from] item: Leftovers
|upkeep
|turn|34
|c|☆Draft Data Bot|For fucks sake
|
|t:|1769310929
|switch|p1a: Chesnaught|Chesnaught, F|80/100
|-damage|p1a: Chesnaught|74/100|[from] Stealth Rock
|move|p2a: Kingambit|Kowtow Cleave|p1a: Chesnaught
|-resisted|p1a: Chesnaught
|-damage|p1a: Chesnaught|54/100
|-damage|p2a: Kingambit|84/100|[from] item: Rocky Helmet|[of] p1a: Chesnaught
|
|-weather|Snowscape|[upkeep]
|-heal|p2a: Kingambit|90/100|[from] item: Leftovers
|upkeep
|turn|35
|
|t:|1769310943
|-end|p2a: Kingambit|fallen3|[silent]
|switch|p2a: Zapdos|Zapdos|85/100
|move|p1a: Chesnaught|Synthesis|p1a: Chesnaught
|-heal|p1a: Chesnaught|79/100
|
|-weather|none
|upkeep
|turn|36
|
|t:|1769310950
|switch|p1a: Garganacl|Garganacl, F|16/100
|-damage|p1a: Garganacl|3/100|[from] Stealth Rock
|move|p2a: Zapdos|Hurricane|p1a: Garganacl|[miss]
|-miss|p2a: Zapdos|p1a: Garganacl
|
|-heal|p1a: Garganacl|10/100|[from] item: Leftovers
|upkeep
|turn|37
|
|t:|1769310953
|move|p1a: Garganacl|Protect|p1a: Garganacl
|-singleturn|p1a: Garganacl|Protect
|move|p2a: Zapdos|Discharge|p1a: Garganacl
|-activate|p1a: Garganacl|move: Protect
|
|-heal|p1a: Garganacl|16/100|[from] item: Leftovers
|upkeep
|turn|38
|
|t:|1769310958
|move|p2a: Zapdos|Discharge|p1a: Garganacl
|-damage|p1a: Garganacl|0 fnt
|faint|p1a: Garganacl
|
|upkeep
|
|t:|1769310960
|switch|p1a: Slowking|Slowking-Galar, F|83/100
|turn|39
|
|t:|1769310966
|move|p2a: Zapdos|Discharge|p1a: Slowking
|-damage|p1a: Slowking|65/100
|move|p1a: Slowking|Thunder Wave|p2a: Zapdos
|-immune|p2a: Zapdos
|
|upkeep
|turn|40
|
|t:|1769310968
|move|p2a: Zapdos|Discharge|p1a: Slowking
|-damage|p1a: Slowking|45/100
|-status|p1a: Slowking|par
|cant|p1a: Slowking|par
|
|upkeep
|turn|41
|
|t:|1769310974
|move|p2a: Zapdos|Discharge|p1a: Slowking
|-damage|p1a: Slowking|24/100 par
|-prepare|p1a: Slowking|Chilly Reception|[premajor]
|move|p1a: Slowking|Chilly Reception|p1a: Slowking
|-weather|Snowscape
|
|t:|1769310978
|switch|p1a: Ting-Lu|Ting-Lu, tera:Poison|61/100|[from] Chilly Reception
|-damage|p1a: Ting-Lu|48/100|[from] Stealth Rock
|-ability|p1a: Ting-Lu|Vessel of Ruin
|
|-weather|Snowscape|[upkeep]
|-heal|p1a: Ting-Lu|55/100|[from] item: Leftovers
|upkeep
|turn|42
|
|t:|1769310992
|move|p2a: Zapdos|Discharge|p1a: Ting-Lu
|-damage|p1a: Ting-Lu|39/100
|-status|p1a: Ting-Lu|par
|cant|p1a: Ting-Lu|par
|
|-weather|Snowscape|[upkeep]
|-heal|p1a: Ting-Lu|45/100 par|[from] item: Leftovers
|upkeep
|turn|43
|n|!Draft Data Bot|draftdatabot
|
|t:|1769311007
|move|p2a: Zapdos|Discharge|p1a: Ting-Lu
|-damage|p1a: Ting-Lu|32/100 par
|move|p1a: Ting-Lu|Spikes|p2a: Zapdos
|-sidestart|p2: Cactuino|Spikes
|
|-weather|Snowscape|[upkeep]
|-heal|p1a: Ting-Lu|38/100 par|[from] item: Leftovers
|upkeep
|turn|44
|
|t:|1769311016
|move|p2a: Zapdos|Discharge|p1a: Ting-Lu
|-damage|p1a: Ting-Lu|24/100 par
|cant|p1a: Ting-Lu|par
|
|-weather|Snowscape|[upkeep]
|-heal|p1a: Ting-Lu|31/100 par|[from] item: Leftovers
|upkeep
|turn|45
|
|t:|1769311018
|move|p2a: Zapdos|Discharge|p1a: Ting-Lu
|-damage|p1a: Ting-Lu|16/100 par
|move|p1a: Ting-Lu|Ruination|p2a: Zapdos
|-damage|p2a: Zapdos|43/100
|
|-weather|none
|-heal|p1a: Ting-Lu|22/100 par|[from] item: Leftovers
|upkeep
|turn|46
|
|t:|1769311023
|move|p2a: Zapdos|Discharge|p1a: Ting-Lu
|-damage|p1a: Ting-Lu|8/100 par
|cant|p1a: Ting-Lu|par
|
|-heal|p1a: Ting-Lu|15/100 par|[from] item: Leftovers
|upkeep
|turn|47
|
|t:|1769311037
|move|p2a: Zapdos|Discharge|p1a: Ting-Lu
|-damage|p1a: Ting-Lu|1/100 par
|cant|p1a: Ting-Lu|par
|
|-heal|p1a: Ting-Lu|7/100 par|[from] item: Leftovers
|upkeep
|turn|48
|
|t:|1769311041
|move|p2a: Zapdos|Discharge|p1a: Ting-Lu
|-damage|p1a: Ting-Lu|0 fnt
|faint|p1a: Ting-Lu
|
|upkeep
|
|t:|1769311049
|switch|p1a: Slowking|Slowking-Galar, F|57/100 par
|turn|49
|
|t:|1769311067
|move|p2a: Zapdos|Roost|p2a: Zapdos
|-heal|p2a: Zapdos|93/100
|-singleturn|p2a: Zapdos|move: Roost
|-prepare|p1a: Slowking|Chilly Reception|[premajor]
|move|p1a: Slowking|Chilly Reception|p1a: Slowking
|-weather|Snowscape
|
|t:|1769311070
|switch|p1a: Primarina|Primarina, F|100/100|[from] Chilly Reception
|
|-weather|Snowscape|[upkeep]
|upkeep
|turn|50
|
|t:|1769311074
|switch|p1a: Slowking|Slowking-Galar, F|91/100 par
|move|p2a: Zapdos|Discharge|p1a: Slowking
|-damage|p1a: Slowking|72/100 par
|
|-weather|Snowscape|[upkeep]
|upkeep
|turn|51
|
|t:|1769311078
|move|p2a: Zapdos|U-turn|p1a: Slowking
|-damage|p1a: Slowking|58/100 par
|
|t:|1769311081
|switch|p2a: Kingambit|Kingambit, M|90/100|[from] U-turn
|-damage|p2a: Kingambit|78/100|[from] Spikes
|-activate|p2a: Kingambit|ability: Supreme Overlord
|-start|p2a: Kingambit|fallen3|[silent]
|cant|p1a: Slowking|par
|
|-weather|Snowscape|[upkeep]
|-heal|p2a: Kingambit|84/100|[from] item: Leftovers
|upkeep
|turn|52
|
|t:|1769311089
|switch|p1a: Corviknight|Corviknight, F|41/100
|-damage|p1a: Corviknight|29/100|[from] Stealth Rock
|-ability|p1a: Corviknight|Pressure
|move|p2a: Kingambit|Iron Head|p1a: Corviknight
|-resisted|p1a: Corviknight
|-damage|p1a: Corviknight|10/100
|-damage|p2a: Kingambit|67/100|[from] item: Rocky Helmet|[of] p1a: Corviknight
|
|-weather|Snowscape|[upkeep]
|-heal|p2a: Kingambit|74/100|[from] item: Leftovers
|upkeep
|turn|53
|
|t:|1769311129
|move|p2a: Kingambit|Kowtow Cleave|p1a: Corviknight
|-damage|p1a: Corviknight|0 fnt
|-damage|p2a: Kingambit|57/100|[from] item: Rocky Helmet|[of] p1a: Corviknight
|faint|p1a: Corviknight
|
|-weather|none
|-heal|p2a: Kingambit|63/100|[from] item: Leftovers
|upkeep
|
|t:|1769311132
|switch|p1a: Primarina|Primarina, F|100/100
|turn|54
|
|t:|1769311147
|-end|p2a: Kingambit|fallen3|[silent]
|switch|p2a: Zapdos|Zapdos|93/100
|move|p1a: Primarina|Calm Mind|p1a: Primarina
|-boost|p1a: Primarina|spa|1
|-boost|p1a: Primarina|spd|1
|
|upkeep
|turn|55
|
|t:|1769311150
|move|p2a: Zapdos|Discharge|p1a: Primarina
|-supereffective|p1a: Primarina
|-damage|p1a: Primarina|66/100
|move|p1a: Primarina|Psychic Noise|p2a: Zapdos
|-damage|p2a: Zapdos|49/100
|-start|p2a: Zapdos|move: Heal Block
|
|upkeep
|turn|56
|
|t:|1769311154
|move|p2a: Zapdos|Discharge|p1a: Primarina
|-supereffective|p1a: Primarina
|-damage|p1a: Primarina|26/100
|move|p1a: Primarina|Psychic Noise|p2a: Zapdos
|-damage|p2a: Zapdos|1/100
|
|-end|p2a: Zapdos|move: Heal Block
|upkeep
|turn|57
|
|t:|1769311164
|move|p2a: Zapdos|Discharge|p1a: Primarina
|-supereffective|p1a: Primarina
|-damage|p1a: Primarina|0 fnt
|faint|p1a: Primarina
|
|upkeep
|
|t:|1769311165
|switch|p1a: Slowking|Slowking-Galar, F|91/100 par
|turn|58
|
|t:|1769311182
|move|p2a: Zapdos|Roost|p2a: Zapdos
|-heal|p2a: Zapdos|51/100
|-singleturn|p2a: Zapdos|move: Roost
|move|p1a: Slowking|Sludge Bomb|p2a: Zapdos
|-damage|p2a: Zapdos|20/100
|
|upkeep
|turn|59
|
|t:|1769311190
|switch|p2a: Kingambit|Kingambit, M|63/100
|-damage|p2a: Kingambit|51/100|[from] Spikes
|-activate|p2a: Kingambit|ability: Supreme Overlord
|-start|p2a: Kingambit|fallen3|[silent]
|-prepare|p1a: Slowking|Chilly Reception|[premajor]
|move|p1a: Slowking|Chilly Reception|p1a: Slowking
|-weather|Snowscape
|
|t:|1769311192
|switch|p1a: Chesnaught|Chesnaught, F|79/100|[from] Chilly Reception
|-damage|p1a: Chesnaught|73/100|[from] Stealth Rock
|
|-weather|Snowscape|[upkeep]
|-heal|p2a: Kingambit|57/100|[from] item: Leftovers
|upkeep
|turn|60
|
|t:|1769311199
|-terastallize|p2a: Kingambit|Ghost
|move|p2a: Kingambit|Swords Dance|p2a: Kingambit
|-boost|p2a: Kingambit|atk|2
|move|p1a: Chesnaught|Body Press|p2a: Kingambit
|-immune|p2a: Kingambit
|
|-weather|Snowscape|[upkeep]
|-heal|p2a: Kingambit|63/100|[from] item: Leftovers
|upkeep
|turn|61
|
|t:|1769311204
|move|p2a: Kingambit|Iron Head|p1a: Chesnaught
|-damage|p1a: Chesnaught|3/100
|-damage|p2a: Kingambit|47/100|[from] item: Rocky Helmet|[of] p1a: Chesnaught
|move|p1a: Chesnaught|Knock Off|p2a: Kingambit
|-supereffective|p2a: Kingambit
|-damage|p2a: Kingambit|9/100
|-enditem|p2a: Kingambit|Leftovers|[from] move: Knock Off|[of] p1a: Chesnaught
|
|-weather|Snowscape|[upkeep]
|upkeep
|turn|62
|
|t:|1769311208
|move|p2a: Kingambit|Iron Head|p1a: Chesnaught
|-damage|p1a: Chesnaught|0 fnt
|-damage|p2a: Kingambit|0 fnt|[from] item: Rocky Helmet|[of] p1a: Chesnaught
|faint|p1a: Chesnaught
|faint|p2a: Kingambit
|-end|p2a: Kingambit|fallen3|[silent]
|
|-weather|Snowscape|[upkeep]
|upkeep
|
|t:|1769311210
|switch|p2a: Ogerpon|Ogerpon-Cornerstone, F|100/100
|switch|p1a: Slowking|Slowking-Galar, F|100/100 par
|-damage|p2a: Ogerpon|88/100|[from] Spikes
|turn|63
|
|t:|1769311216
|move|p2a: Ogerpon|Ivy Cudgel|p1a: Slowking|[anim] Ivy Cudgel Rock
|-damage|p1a: Slowking|36/100 par
|move|p1a: Slowking|Sludge Bomb|p2a: Ogerpon
|-damage|p2a: Ogerpon|50/100
|
|-weather|none
|upkeep
|turn|64
|-message|Draft Data Bot forfeited.
|
|win|Cactuino
