|j|☆by nicole
|j|☆Venomous36076
|t:|1769340710
|gametype|singles
|player|p1|by nicole|dawn-gen4pt|1490
|player|p2|Venomous36076|clair|1483
|gen|9
|tier|[Gen 9] OU
|rated|
|rule|HP Percentage Mod: HP is shown in percentages
|rule|Endless Battle Clause: Forcing endless battles is banned
|rule|Species Clause: Limit one of each Pokémon
|rule|OHKO Clause: OHKO moves are banned
|rule|Evasion Items Clause: Evasion items are banned
|rule|Evasion Moves Clause: Evasion moves are banned
|rule|Evasion Abilities Clause: Evasion abilities are banned
|rule|Sleep Moves Clause: Sleep-inducing moves are banned
|clearpoke
|poke|p1|Iron Treads|
|poke|p1|Alomomola, M|
|poke|p1|Gliscor, F|
|poke|p1|Thundurus-Therian, M|
|poke|p1|Sinistcha-Masterpiece|
|poke|p1|Hatterene, F|
|poke|p2|Dragonite, M|
|poke|p2|Ting-Lu|
|poke|p2|Clefable, M|
|poke|p2|Zamazenta-*|
|poke|p2|Gholdengo|
|poke|p2|Meowscarada, M|
|teampreview
|inactive|Battle timer is ON: inactive players will automatically lose when time's up. (requested by by nicole)
|
|t:|1769340746
|teamsize|p1|6
|teamsize|p2|6
|start
|switch|p1a: Gliscor|Gliscor, F|100/100
|switch|p2a: Meowscarada|Meowscarada, M|100/100
|turn|1
|inactive|by nicole has 120 seconds left.
|
|t:|1769340780
|move|p1a: Gliscor|Protect|p1a: Gliscor
|-singleturn|p1a: Gliscor|Protect
|move|p2a: Meowscarada|Spikes|p1a: Gliscor
|-start|p2a: Meowscarada|typechange|Ground|[from] ability: Protean
|-sidestart|p1: by nicole|Spikes
|
|-status|p1a: Gliscor|tox|[from] item: Toxic Orb
|upkeep
|turn|2
|
|t:|1769340786
|switch|p1a: Iron Treads|Iron Treads, shiny|100/100
|move|p2a: Meowscarada|Triple Axel|p1a: Iron Treads
|-damage|p1a: Iron Treads|96/100
|-damage|p1a: Iron Treads|87/100
|-damage|p1a: Iron Treads|73/100
|-hitcount|p1a: Iron Treads|3
|
|upkeep
|turn|3
|
|t:|1769340801
|move|p2a: Meowscarada|U-turn|p1a: Iron Treads
|-resisted|p1a: Iron Treads
|-damage|p1a: Iron Treads|65/100
|
|t:|1769340802
|switch|p2a: Gholdengo|Gholdengo|100/100|[from] U-turn
|move|p1a: Iron Treads|Stealth Rock|p2a: Gholdengo
|-sidestart|p2: Venomous36076|move: Stealth Rock
|
|upkeep
|turn|4
|
|t:|1769340822
|move|p2a: Gholdengo|Shadow Ball|p1a: Iron Treads
|-damage|p1a: Iron Treads|29/100
|move|p1a: Iron Treads|Earthquake|p2a: Gholdengo
|-supereffective|p2a: Gholdengo
|-damage|p2a: Gholdengo|15/100
|
|upkeep
|turn|5
|
|t:|1769340828
|-end|p1a: Iron Treads|Quark Drive|[silent]
|switch|p1a: Alomomola|Alomomola, M, shiny|100/100
|move|p2a: Gholdengo|Shadow Ball|p1a: Alomomola
|-damage|p1a: Alomomola|65/100
|
|upkeep
|turn|6
|
|t:|1769340836
|switch|p2a: Clefable|Clefable, M|100/100
|move|p1a: Alomomola|Flip Turn|p2a: Clefable
|-damage|p2a: Clefable|88/100
|
|t:|1769340840
|switch|p1a: RICANNNN|Thundurus-Therian, M|100/100|[from] Flip Turn
|
|-heal|p2a: Clefable|94/100|[from] item: Leftovers
|upkeep
|turn|7
|
|t:|1769340846
|switch|p2a: Ting-Lu|Ting-Lu|100/100
|-damage|p2a: Ting-Lu|94/100|[from] Stealth Rock
|-ability|p2a: Ting-Lu|Vessel of Ruin
|move|p1a: RICANNNN|Volt Switch|p2a: Ting-Lu
|-immune|p2a: Ting-Lu
|
|-heal|p2a: Ting-Lu|100/100|[from] item: Leftovers
|upkeep
|turn|8
|
|t:|1769340849
|switch|p1a: Hatterene|Hatterene, F, shiny|100/100
|-damage|p1a: Hatterene|88/100|[from] Spikes
|move|p2a: Ting-Lu|Stealth Rock|p1a: Hatterene
|move|p1a: Hatterene|Stealth Rock||[from] ability: Magic Bounce|[still]
|-fail|p1a: Hatterene
|
|upkeep
|turn|9
|
|t:|1769340856
|move|p2a: Ting-Lu|Ruination|p1a: Hatterene
|-damage|p1a: Hatterene|44/100
|move|p1a: Hatterene|Draining Kiss|p2a: Ting-Lu
|-supereffective|p2a: Ting-Lu
|-damage|p2a: Ting-Lu|81/100
|-heal|p1a: Hatterene|70/100|[from] drain|[of] p2a: Ting-Lu
|
|-heal|p2a: Ting-Lu|87/100|[from] item: Leftovers
|upkeep
|turn|10
|
|t:|1769340862
|switch|p1a: Gliscor|Gliscor, F|100/100 tox
|move|p2a: Ting-Lu|Earthquake|p1a: Gliscor
|-immune|p1a: Gliscor
|
|-heal|p2a: Ting-Lu|93/100|[from] item: Leftovers
|upkeep
|turn|11
|
|t:|1769340865
|move|p1a: Gliscor|Toxic|p2a: Ting-Lu
|-status|p2a: Ting-Lu|tox
|move|p2a: Ting-Lu|Stealth Rock|p1a: Gliscor
|-sidestart|p1: by nicole|move: Stealth Rock
|
|-heal|p2a: Ting-Lu|99/100 tox|[from] item: Leftovers
|-damage|p2a: Ting-Lu|93/100 tox|[from] psn
|upkeep
|turn|12
|
|t:|1769340868
|switch|p2a: Clefable|Clefable, M|94/100
|move|p1a: Gliscor|Spikes|p2a: Clefable
|-sidestart|p2: Venomous36076|Spikes
|
|-heal|p2a: Clefable|99/100|[from] item: Leftovers
|upkeep
|turn|13
|
|t:|1769340873
|switch|p1a: Hatterene|Hatterene, F, shiny|70/100
|-damage|p1a: Hatterene|57/100|[from] Spikes
|-damage|p1a: Hatterene|45/100|[from] Stealth Rock
|move|p2a: Clefable|Ice Beam|p1a: Hatterene
|-damage|p1a: Hatterene|34/100
|
|-heal|p2a: Clefable|100/100|[from] item: Leftovers
|upkeep
|turn|14
|
|t:|1769340878
|move|p2a: Clefable|Knock Off|p1a: Hatterene
|-damage|p1a: Hatterene|13/100
|-enditem|p1a: Hatterene|Assault Vest|[from] move: Knock Off|[of] p2a: Clefable
|move|p1a: Hatterene|Mystical Fire|p2a: Clefable
|-damage|p2a: Clefable|79/100
|-unboost|p2a: Clefable|spa|1
|
|-heal|p2a: Clefable|86/100|[from] item: Leftovers
|upkeep
|turn|15
|
|t:|1769340883
|move|p2a: Clefable|Moonblast|p1a: Hatterene
|-damage|p1a: Hatterene|0 fnt
|faint|p1a: Hatterene
|
|-heal|p2a: Clefable|92/100|[from] item: Leftovers
|upkeep
|
|t:|1769340889
|switch|p1a: RICANNNN|Thundurus-Therian, M|100/100
|-damage|p1a: RICANNNN|76/100|[from] Stealth Rock
|turn|16
|
|t:|1769340892
|switch|p2a: Ting-Lu|Ting-Lu|93/100 tox
|-damage|p2a: Ting-Lu|87/100 tox|[from] Stealth Rock
|-damage|p2a: Ting-Lu|74/100 tox|[from] Spikes
|-ability|p2a: Ting-Lu|Vessel of Ruin
|move|p1a: RICANNNN|Volt Switch|p2a: Ting-Lu
|-immune|p2a: Ting-Lu
|
|-heal|p2a: Ting-Lu|81/100 tox|[from] item: Leftovers
|-damage|p2a: Ting-Lu|74/100 tox|[from] psn
|upkeep
|turn|17
|
|t:|1769340903
|switch|p1a: Alomomola|Alomomola, M, shiny|98/100
|move|p2a: Ting-Lu|Whirlwind|p1a: Alomomola
|drag|p1a: Gliscor|Gliscor, F|100/100 tox
|-damage|p1a: Gliscor|88/100 tox|[from] Stealth Rock
|
|-heal|p2a: Ting-Lu|81/100 tox|[from] item: Leftovers
|-heal|p1a: Gliscor|100/100 tox|[from] ability: Poison Heal
|-damage|p2a: Ting-Lu|68/100 tox|[from] psn
|upkeep
|turn|18
|
|t:|1769340911
|switch|p2a: Clefable|Clefable, M|92/100
|move|p1a: Gliscor|Earthquake|p2a: Clefable
|-damage|p2a: Clefable|67/100
|
|-heal|p2a: Clefable|73/100|[from] item: Leftovers
|upkeep
|turn|19
|
|t:|1769340920
|move|p1a: Gliscor|Protect|p1a: Gliscor
|-singleturn|p1a: Gliscor|Protect
|move|p2a: Clefable|Knock Off|p1a: Gliscor
|-activate|p1a: Gliscor|move: Protect
|
|-heal|p2a: Clefable|79/100|[from] item: Leftovers
|upkeep
|turn|20
|
|t:|1769340926
|move|p1a: Gliscor|Spikes|p2a: Clefable
|-sidestart|p2: Venomous36076|Spikes
|move|p2a: Clefable|Ice Beam|p1a: Gliscor
|-supereffective|p1a: Gliscor
|-damage|p1a: Gliscor|19/100 tox
|
|-heal|p2a: Clefable|85/100|[from] item: Leftovers
|-heal|p1a: Gliscor|32/100 tox|[from] ability: Poison Heal
|upkeep
|turn|21
|
|t:|1769340933
|move|p1a: Gliscor|Protect|p1a: Gliscor
|-singleturn|p1a: Gliscor|Protect
|move|p2a: Clefable|Moonblast|p1a: Gliscor
|-activate|p1a: Gliscor|move: Protect
|
|-heal|p2a: Clefable|91/100|[from] item: Leftovers
|-heal|p1a: Gliscor|44/100 tox|[from] ability: Poison Heal
|upkeep
|turn|22
|
|t:|1769340935
|switch|p1a: Alomomola|Alomomola, M, shiny|100/100
|move|p2a: Clefable|Ice Beam|p1a: Alomomola
|-resisted|p1a: Alomomola
|-damage|p1a: Alomomola|92/100
|
|-heal|p2a: Clefable|97/100|[from] item: Leftovers
|upkeep
|turn|23
|
|t:|1769340938
|switch|p1a: Gliscor|Gliscor, F|44/100 tox
|-damage|p1a: Gliscor|32/100 tox|[from] Stealth Rock
|move|p2a: Clefable|Knock Off|p1a: Gliscor
|-damage|p1a: Gliscor|20/100 tox
|-enditem|p1a: Gliscor|Toxic Orb|[from] move: Knock Off|[of] p2a: Clefable
|
|-heal|p2a: Clefable|100/100|[from] item: Leftovers
|-heal|p1a: Gliscor|33/100 tox|[from] ability: Poison Heal
|upkeep
|turn|24
|
|t:|1769340942
|move|p1a: Gliscor|Protect|p1a: Gliscor
|-singleturn|p1a: Gliscor|Protect
|move|p2a: Clefable|Ice Beam|p1a: Gliscor
|-activate|p1a: Gliscor|move: Protect
|
|-heal|p1a: Gliscor|45/100 tox|[from] ability: Poison Heal
|upkeep
|turn|25
|
|t:|1769340945
|switch|p1a: Alomomola|Alomomola, M, shiny|100/100
|move|p2a: Clefable|Ice Beam|p1a: Alomomola
|-resisted|p1a: Alomomola
|-damage|p1a: Alomomola|91/100
|
|upkeep
|turn|26
|
|t:|1769340951
|move|p2a: Clefable|Knock Off|p1a: Alomomola
|-damage|p1a: Alomomola|80/100
|-enditem|p1a: Alomomola|Heavy-Duty Boots|[from] move: Knock Off|[of] p2a: Clefable
|move|p1a: Alomomola|Wish|p1a: Alomomola
|
|upkeep
|turn|27
|
|t:|1769340961
|switch|p2a: Gholdengo|Gholdengo|15/100
|-damage|p2a: Gholdengo|9/100|[from] Stealth Rock
|-damage|p2a: Gholdengo|0 fnt|[from] Spikes
|faint|p2a: Gholdengo
|move|p1a: Alomomola|Flip Turn|p2: Gholdengo|[notarget]
|-fail|p1a: Alomomola
|
|-heal|p1a: Alomomola|100/100|[from] move: Wish|[wisher] Alomomola
|upkeep
|
|t:|1769340975
|switch|p2a: Meowscarada|Meowscarada, M|100/100
|turn|28
|
|t:|1769340978
|move|p2a: Meowscarada|Spikes|p1a: Alomomola
|-start|p2a: Meowscarada|typechange|Ground|[from] ability: Protean
|-sidestart|p1: by nicole|Spikes
|move|p1a: Alomomola|Flip Turn|p2a: Meowscarada
|-supereffective|p2a: Meowscarada
|-damage|p2a: Meowscarada|47/100
|
|t:|1769340986
|switch|p1a: Gliscor|Gliscor, F|45/100 tox|[from] Flip Turn
|-damage|p1a: Gliscor|33/100 tox|[from] Stealth Rock
|
|-heal|p1a: Gliscor|45/100 tox|[from] ability: Poison Heal
|upkeep
|turn|29
|
|t:|1769340993
|move|p1a: Gliscor|Protect|p1a: Gliscor
|-singleturn|p1a: Gliscor|Protect
|move|p2a: Meowscarada|Spikes|p1a: Gliscor
|-sidestart|p1: by nicole|Spikes
|
|-heal|p1a: Gliscor|58/100 tox|[from] ability: Poison Heal
|upkeep
|turn|30
|
|t:|1769341003
|switch|p1a: Alomomola|Alomomola, M, shiny|100/100
|-damage|p1a: Alomomola|76/100|[from] Spikes
|-damage|p1a: Alomomola|63/100|[from] Stealth Rock
|move|p2a: Meowscarada|U-turn|p1a: Alomomola
|-damage|p1a: Alomomola|49/100
|
|t:|1769341019
|switch|p2a: Zamazenta|Zamazenta|100/100|[from] U-turn
|-ability|p2a: Zamazenta|Dauntless Shield|boost
|-boost|p2a: Zamazenta|def|1
|
|upkeep
|turn|31
|
|t:|1769341022
|move|p2a: Zamazenta|Close Combat|p1a: Alomomola
|-damage|p1a: Alomomola|10/100
|-unboost|p2a: Zamazenta|def|1
|-unboost|p2a: Zamazenta|spd|1
|move|p1a: Alomomola|Flip Turn|p2a: Zamazenta
|-damage|p2a: Zamazenta|86/100
|
|t:|1769341033
|switch|p1a: Gliscor|Gliscor, F|58/100 tox|[from] Flip Turn
|-damage|p1a: Gliscor|45/100 tox|[from] Stealth Rock
|
|-heal|p1a: Gliscor|58/100 tox|[from] ability: Poison Heal
|upkeep
|turn|32
|
|t:|1769341037
|switch|p2a: Clefable|Clefable, M|100/100
|move|p1a: Gliscor|Protect||[still]
|-fail|p1a: Gliscor
|
|-heal|p1a: Gliscor|70/100 tox|[from] ability: Poison Heal
|upkeep
|turn|33
|
|t:|1769341044
|move|p1a: Gliscor|Protect|p1a: Gliscor
|-singleturn|p1a: Gliscor|Protect
|move|p2a: Clefable|Moonblast|p1a: Gliscor
|-activate|p1a: Gliscor|move: Protect
|
|-heal|p1a: Gliscor|82/100 tox|[from] ability: Poison Heal
|upkeep
|turn|34
|
|t:|1769341048
|switch|p1a: Iron Treads|Iron Treads, shiny|29/100
|move|p2a: Clefable|Ice Beam|p1a: Iron Treads
|-damage|p1a: Iron Treads|11/100
|
|upkeep
|turn|35
|
|t:|1769341055
|move|p1a: Iron Treads|Rapid Spin|p2a: Clefable
|-damage|p2a: Clefable|91/100
|-boost|p1a: Iron Treads|spe|1
|-sideend|p1: by nicole|Spikes|[from] move: Rapid Spin|[of] p1a: Iron Treads
|-sideend|p1: by nicole|Stealth Rock|[from] move: Rapid Spin|[of] p1a: Iron Treads
|move|p2a: Clefable|Ice Beam|p1a: Iron Treads
|-damage|p1a: Iron Treads|0 fnt
|faint|p1a: Iron Treads
|-end|p1a: Iron Treads|Quark Drive|[silent]
|
|-heal|p2a: Clefable|97/100|[from] item: Leftovers
|upkeep
|
|t:|1769341068
|switch|p1a: Sinistcha|Sinistcha-Masterpiece, shiny|100/100
|turn|36
|
|t:|1769341072
|move|p1a: Sinistcha|Calm Mind|p1a: Sinistcha
|-boost|p1a: Sinistcha|spa|1
|-boost|p1a: Sinistcha|spd|1
|move|p2a: Clefable|Knock Off|p1a: Sinistcha
|-supereffective|p1a: Sinistcha
|-damage|p1a: Sinistcha|80/100
|-enditem|p1a: Sinistcha|Heavy-Duty Boots|[from] move: Knock Off|[of] p2a: Clefable
|
|-heal|p2a: Clefable|100/100|[from] item: Leftovers
|upkeep
|turn|37
|
|t:|1769341078
|switch|p2a: Dragonite|Dragonite, M|100/100
|move|p1a: Sinistcha|Calm Mind|p1a: Sinistcha
|-boost|p1a: Sinistcha|spa|1
|-boost|p1a: Sinistcha|spd|1
|
|upkeep
|turn|38
|
|t:|1769341083
|move|p2a: Dragonite|Encore|p1a: Sinistcha
|-start|p1a: Sinistcha|Encore
|move|p1a: Sinistcha|Calm Mind|p1a: Sinistcha
|-boost|p1a: Sinistcha|spa|1
|-boost|p1a: Sinistcha|spd|1
|
|upkeep
|turn|39
|
|t:|1769341086
|switch|p1a: Gliscor|Gliscor, F|82/100 tox
|move|p2a: Dragonite|Dragon Dance|p2a: Dragonite
|-boost|p2a: Dragonite|atk|1
|-boost|p2a: Dragonite|spe|1
|
|-heal|p1a: Gliscor|95/100 tox|[from] ability: Poison Heal
|upkeep
|turn|40
|
|t:|1769341092
|move|p2a: Dragonite|Dragon Dance|p2a: Dragonite
|-boost|p2a: Dragonite|atk|1
|-boost|p2a: Dragonite|spe|1
|move|p1a: Gliscor|Toxic|p2a: Dragonite
|-status|p2a: Dragonite|tox
|
|-damage|p2a: Dragonite|94/100 tox|[from] psn
|-heal|p1a: Gliscor|100/100 tox|[from] ability: Poison Heal
|upkeep
|turn|41
|
|t:|1769341098
|move|p2a: Dragonite|Dragon Dance|p2a: Dragonite
|-boost|p2a: Dragonite|atk|1
|-boost|p2a: Dragonite|spe|1
|move|p1a: Gliscor|Spikes|p2a: Dragonite
|-sidestart|p2: Venomous36076|Spikes
|
|-damage|p2a: Dragonite|82/100 tox|[from] psn
|upkeep
|turn|42
|
|t:|1769341109
|-terastallize|p2a: Dragonite|Fairy
|move|p1a: Gliscor|Protect|p1a: Gliscor
|-singleturn|p1a: Gliscor|Protect
|move|p2a: Dragonite|Tera Blast|p1a: Gliscor|[anim] Tera Blast Fairy
|-activate|p1a: Gliscor|move: Protect
|
|-damage|p2a: Dragonite|63/100 tox|[from] psn
|upkeep
|turn|43
|
|t:|1769341121
|switch|p1a: Alomomola|Alomomola, M, shiny|44/100
|move|p2a: Dragonite|Tera Blast|p1a: Alomomola|[anim] Tera Blast Fairy
|-damage|p1a: Alomomola|0 fnt
|faint|p1a: Alomomola
|
|-damage|p2a: Dragonite|39/100 tox|[from] psn
|upkeep
|
|t:|1769341131
|switch|p1a: Gliscor|Gliscor, F|100/100 tox
|turn|44
|
|t:|1769341137
|move|p1a: Gliscor|Protect|p1a: Gliscor
|-singleturn|p1a: Gliscor|Protect
|move|p2a: Dragonite|Dragon Dance|p2a: Dragonite
|-boost|p2a: Dragonite|atk|1
|-boost|p2a: Dragonite|spe|1
|
|-damage|p2a: Dragonite|8/100 tox|[from] psn
|upkeep
|turn|45
|
|t:|1769341161
|move|p1a: Gliscor|Protect||[still]
|-fail|p1a: Gliscor
|move|p2a: Dragonite|Tera Blast|p1a: Gliscor|[anim] Tera Blast Fairy
|-damage|p1a: Gliscor|2/100 tox
|
|-damage|p2a: Dragonite|0 fnt|[from] psn
|faint|p2a: Dragonite
|-heal|p1a: Gliscor|15/100 tox|[from] ability: Poison Heal
|upkeep
|
|t:|1769341178
|switch|p2a: Meowscarada|Meowscarada, M|47/100
|turn|46
|inactive|by nicole has 120 seconds left.
|
|t:|1769341208
|switch|p1a: RICANNNN|Thundurus-Therian, M|76/100
|move|p2a: Meowscarada|Triple Axel|p1a: RICANNNN|[miss]
|-start|p2a: Meowscarada|typechange|Ice|[from] ability: Protean
|-miss|p2a: Meowscarada|p1a: RICANNNN
|
|upkeep
|turn|47
|inactive|by nicole has 120 seconds left.
|
|t:|1769341221
|switch|p2a: Ting-Lu|Ting-Lu|68/100 tox
|-damage|p2a: Ting-Lu|62/100 tox|[from] Stealth Rock
|-damage|p2a: Ting-Lu|37/100 tox|[from] Spikes
|-ability|p2a: Ting-Lu|Vessel of Ruin
|move|p1a: RICANNNN|Tera Blast|p2a: Ting-Lu
|-damage|p2a: Ting-Lu|20/100 tox
|
|-heal|p2a: Ting-Lu|26/100 tox|[from] item: Leftovers
|-damage|p2a: Ting-Lu|20/100 tox|[from] psn
|upkeep
|turn|48
|
|t:|1769341230
|switch|p1a: Sinistcha|Sinistcha-Masterpiece, shiny|80/100
|move|p2a: Ting-Lu|Stealth Rock|p1a: Sinistcha
|-sidestart|p1: by nicole|move: Stealth Rock
|
|-heal|p2a: Ting-Lu|26/100 tox|[from] item: Leftovers
|-damage|p2a: Ting-Lu|13/100 tox|[from] psn
|upkeep
|turn|49
|inactive|by nicole has 120 seconds left.
|
|t:|1769341262
|move|p1a: Sinistcha|Calm Mind|p1a: Sinistcha
|-boost|p1a: Sinistcha|spa|1
|-boost|p1a: Sinistcha|spd|1
|move|p2a: Ting-Lu|Whirlwind|p1a: Sinistcha
|drag|p1a: Gliscor|Gliscor, F|15/100 tox
|-damage|p1a: Gliscor|2/100 tox|[from] Stealth Rock
|
|-heal|p2a: Ting-Lu|20/100 tox|[from] item: Leftovers
|-heal|p1a: Gliscor|15/100 tox|[from] ability: Poison Heal
|-damage|p2a: Ting-Lu|1/100 tox|[from] psn
|upkeep
|turn|50
|
|t:|1769341266
|move|p1a: Gliscor|Protect|p1a: Gliscor
|-singleturn|p1a: Gliscor|Protect
|move|p2a: Ting-Lu|Ruination|p1a: Gliscor
|-activate|p1a: Gliscor|move: Protect
|
|-heal|p2a: Ting-Lu|7/100 tox|[from] item: Leftovers
|-heal|p1a: Gliscor|27/100 tox|[from] ability: Poison Heal
|-damage|p2a: Ting-Lu|0 fnt|[from] psn
|faint|p2a: Ting-Lu
|upkeep
|
|t:|1769341268
|switch|p2a: Meowscarada|Meowscarada, M|47/100
|turn|51
|
|t:|1769341278
|-terastallize|p1a: Gliscor|Water
|move|p2a: Meowscarada|Triple Axel|p1a: Gliscor
|-start|p2a: Meowscarada|typechange|Ice|[from] ability: Protean
|-resisted|p1a: Gliscor
|-damage|p1a: Gliscor|24/100 tox
|-resisted|p1a: Gliscor
|-damage|p1a: Gliscor|17/100 tox
|-resisted|p1a: Gliscor
|-damage|p1a: Gliscor|7/100 tox
|-hitcount|p1a: Gliscor|3
|move|p1a: Gliscor|Toxic|p2a: Meowscarada
|-status|p2a: Meowscarada|tox
|
|-damage|p2a: Meowscarada|40/100 tox|[from] psn
|-heal|p1a: Gliscor|20/100 tox|[from] ability: Poison Heal
|upkeep
|turn|52
|
|t:|1769341287
|move|p1a: Gliscor|Protect|p1a: Gliscor
|-singleturn|p1a: Gliscor|Protect
|move|p2a: Meowscarada|Spikes|p1a: Gliscor
|-sidestart|p1: by nicole|Spikes
|
|-damage|p2a: Meowscarada|28/100 tox|[from] psn
|-heal|p1a: Gliscor|32/100 tox|[from] ability: Poison Heal
|upkeep
|turn|53
|
|t:|1769341294
|move|p2a: Meowscarada|U-turn|p1a: Gliscor
|-damage|p1a: Gliscor|16/100 tox
|
|t:|1769341296
|switch|p2a: Clefable|Clefable, M|100/100|[from] U-turn
|move|p1a: Gliscor|Earthquake|p2a: Clefable
|-damage|p2a: Clefable|77/100
|
|-heal|p2a: Clefable|83/100|[from] item: Leftovers
|-heal|p1a: Gliscor|28/100 tox|[from] ability: Poison Heal
|upkeep
|turn|54
|
|t:|1769341299
|move|p1a: Gliscor|Protect|p1a: Gliscor
|-singleturn|p1a: Gliscor|Protect
|move|p2a: Clefable|Moonblast|p1a: Gliscor
|-activate|p1a: Gliscor|move: Protect
|
|-heal|p2a: Clefable|90/100|[from] item: Leftovers
|-heal|p1a: Gliscor|41/100 tox|[from] ability: Poison Heal
|upkeep
|turn|55
|
|t:|1769341304
|switch|p1a: RICANNNN|Thundurus-Therian, M|76/100
|-damage|p1a: RICANNNN|51/100|[from] Stealth Rock
|move|p2a: Clefable|Moonblast|p1a: RICANNNN
|-damage|p1a: RICANNNN|9/100
|
|-heal|p2a: Clefable|96/100|[from] item: Leftovers
|upkeep
|turn|56
|
|t:|1769341308
|move|p1a: RICANNNN|Thunderbolt|p2a: Clefable
|-damage|p2a: Clefable|28/100
|move|p2a: Clefable|Moonlight|p2a: Clefable
|-heal|p2a: Clefable|78/100
|
|-heal|p2a: Clefable|84/100|[from] item: Leftovers
|upkeep
|turn|57
|
|t:|1769341312
|move|p1a: RICANNNN|Thunderbolt|p2a: Clefable
|-crit|p2a: Clefable
|-damage|p2a: Clefable|0 fnt
|faint|p2a: Clefable
|
|upkeep
|
|t:|1769341315
|switch|p2a: Meowscarada|Meowscarada, M|28/100 tox
|turn|58
|
|t:|1769341317
|move|p2a: Meowscarada|Knock Off|p1a: RICANNNN
|-start|p2a: Meowscarada|typechange|Dark|[from] ability: Protean
|-damage|p1a: RICANNNN|0 fnt
|-enditem|p1a: RICANNNN|Choice Specs|[from] move: Knock Off|[of] p2a: Meowscarada
|faint|p1a: RICANNNN
|
|-damage|p2a: Meowscarada|22/100 tox|[from] psn
|upkeep
|
|t:|1769341319
|switch|p1a: Gliscor|Gliscor, F, tera:Water|41/100 tox
|-damage|p1a: Gliscor|28/100 tox|[from] Stealth Rock
|-damage|p1a: Gliscor|16/100 tox|[from] Spikes
|turn|59
|
|t:|1769341328
|move|p1a: Gliscor|Protect|p1a: Gliscor
|-singleturn|p1a: Gliscor|Protect
|move|p2a: Meowscarada|Knock Off|p1a: Gliscor
|-activate|p1a: Gliscor|move: Protect
|
|-damage|p2a: Meowscarada|10/100 tox|[from] psn
|-heal|p1a: Gliscor|28/100 tox|[from] ability: Poison Heal
|upkeep
|turn|60
|
|t:|1769341341
|move|p1a: Gliscor|Protect||[still]
|-fail|p1a: Gliscor
|move|p2a: Meowscarada|Knock Off|p1a: Gliscor
|-damage|p1a: Gliscor|8/100 tox
|
|-damage|p2a: Meowscarada|0 fnt|[from] psn
|faint|p2a: Meowscarada
|-heal|p1a: Gliscor|21/100 tox|[from] ability: Poison Heal
|upkeep
|
|t:|1769341343
|switch|p2a: Zamazenta|Zamazenta|86/100
|turn|61
|
|t:|1769341352
|move|p1a: Gliscor|Protect|p1a: Gliscor
|-singleturn|p1a: Gliscor|Protect
|move|p2a: Zamazenta|Close Combat|p1a: Gliscor
|-activate|p1a: Gliscor|move: Protect
|
|-heal|p1a: Gliscor|33/100 tox|[from] ability: Poison Heal
|upkeep
|turn|62
|
|t:|1769341355
|move|p2a: Zamazenta|Close Combat|p1a: Gliscor
|-damage|p1a: Gliscor|0 fnt
|-unboost|p2a: Zamazenta|def|1
|-unboost|p2a: Zamazenta|spd|1
|faint|p1a: Gliscor
|
|upkeep
|
|t:|1769341357
|switch|p1a: Sinistcha|Sinistcha-Masterpiece, shiny|80/100
|-damage|p1a: Sinistcha|67/100|[from] Stealth Rock
|-damage|p1a: Sinistcha|55/100|[from] Spikes
|turn|63
|
|t:|1769341361
|move|p2a: Zamazenta|Crunch|p1a: Sinistcha
|-supereffective|p1a: Sinistcha
|-damage|p1a: Sinistcha|20/100
|-unboost|p1a: Sinistcha|def|1
|move|p1a: Sinistcha|Strength Sap|p2a: Zamazenta
|-unboost|p2a: Zamazenta|atk|1
|-heal|p1a: Sinistcha|100/100
|
|upkeep
|turn|64
|
|t:|1769341364
|move|p2a: Zamazenta|Crunch|p1a: Sinistcha
|-supereffective|p1a: Sinistcha
|-damage|p1a: Sinistcha|62/100
|move|p1a: Sinistcha|Calm Mind|p1a: Sinistcha
|-boost|p1a: Sinistcha|spa|1
|-boost|p1a: Sinistcha|spd|1
|
|upkeep
|turn|65
|
|t:|1769341367
|move|p2a: Zamazenta|Crunch|p1a: Sinistcha
|-supereffective|p1a: Sinistcha
|-damage|p1a: Sinistcha|28/100
|move|p1a: Sinistcha|Strength Sap|p2a: Zamazenta
|-unboost|p2a: Zamazenta|atk|1
|-heal|p1a: Sinistcha|93/100
|
|upkeep
|turn|66
|
|t:|1769341371
|move|p2a: Zamazenta|Crunch|p1a: Sinistcha
|-supereffective|p1a: Sinistcha
|-damage|p1a: Sinistcha|65/100
|-unboost|p1a: Sinistcha|def|1
|move|p1a: Sinistcha|Matcha Gotcha|p2a: Zamazenta
|-damage|p2a: Zamazenta|16/100
|-heal|p1a: Sinistcha|98/100|[from] drain|[of] p2a: Zamazenta
|-status|p2a: Zamazenta|brn
|
|-damage|p2a: Zamazenta|9/100 brn|[from] brn
|upkeep
|turn|67
|
|t:|1769341381
|move|p2a: Zamazenta|Crunch|p1a: Sinistcha
|-supereffective|p1a: Sinistcha
|-damage|p1a: Sinistcha|81/100
|move|p1a: Sinistcha|Shadow Ball|p2a: Zamazenta
|-damage|p2a: Zamazenta|0 fnt
|faint|p2a: Zamazenta
|
|win|by nicole
|raw|by nicole's rating: 1471 &rarr; <strong>1492</strong><br />(+21 for winning)
|raw|Venomous36076's rating: 1483 &rarr; <strong>1462</strong><br />(-21 for losing)
|l|☆by nicole
|player|p1|
|c|☆Venomous36076|unreal crit omg ggs
|l|☆Venomous36076
|player|p2|
