|j|☆Dante1310
|j|☆CambridgeFoulPlay
|t:|1769335699
|gametype|singles
|player|p1|Dante1310|brycenman|1651
|player|p2|CambridgeFoulPlay|266|1621
|gen|9
|tier|[Gen 9] OU
|rated|
|rule|HP Percentage Mod: HP is shown in percentages
|rule|Endless Battle Clause: Forcing endless battles is banned
|rule|Species Clause: Limit one of each Pokémon
|rule|OHKO Clause: OHKO moves are banned
|rule|Evasion Items Clause: Evasion items are banned
|rule|Evasion Moves Clause: Evasion moves are banned
|rule|Evasion Abilities Clause: Evasion abilities are banned
|rule|Sleep Moves Clause: Sleep-inducing moves are banned
|clearpoke
|poke|p1|Ogerpon-Cornerstone, F|
|poke|p1|Hatterene, F|
|poke|p1|Zapdos|
|poke|p1|Kingambit, M|
|poke|p1|Iron Treads|
|poke|p1|Okidogi, M|
|poke|p2|Hydrapple, M|
|poke|p2|Tyranitar, F|
|poke|p2|Moltres|
|poke|p2|Zamazenta-*|
|poke|p2|Slowking-Galar, M|
|poke|p2|Excadrill, F|
|teampreview
|c|☆CambridgeFoulPlay|hf
|inactive|Battle timer is ON: inactive players will automatically lose when time's up. (requested by Dante1310)
|inactive|CambridgeFoulPlay also wants the timer to be on.
|
|t:|1769335707
|teamsize|p1|6
|teamsize|p2|6
|start
|switch|p1a: Okidogi|Okidogi, M|100/100
|switch|p2a: Slowking|Slowking-Galar, M|100/100
|turn|1
|
|t:|1769335711
|switch|p1a: Kingambit|Kingambit, M|100/100
|move|p2a: Slowking|Psyshock|p1a: Kingambit
|-immune|p1a: Kingambit
|
|upkeep
|turn|2
|
|t:|1769335720
|-end|p1a: Kingambit|fallenundefined|[silent]
|switch|p1a: Zapdos|Zapdos|100/100
|move|p2a: Slowking|Flamethrower|p1a: Zapdos
|-damage|p1a: Zapdos|79/100
|
|upkeep
|turn|3
|
|t:|1769335723
|move|p1a: Zapdos|U-turn|p2a: Slowking
|-damage|p2a: Slowking|90/100
|
|t:|1769335726
|switch|p1a: Iron Treads|Iron Treads|100/100|[from] U-turn
|-item|p1a: Iron Treads|Air Balloon
|move|p2a: Slowking|Ice Beam|p1a: Iron Treads
|-damage|p1a: Iron Treads|67/100
|-enditem|p1a: Iron Treads|Air Balloon
|
|upkeep
|turn|4
|
|t:|1769335729
|move|p1a: Iron Treads|Stealth Rock|p2a: Slowking
|-sidestart|p2: CambridgeFoulPlay|move: Stealth Rock
|move|p2a: Slowking|Flamethrower|p1a: Iron Treads
|-supereffective|p1a: Iron Treads
|-damage|p1a: Iron Treads|0 fnt
|faint|p1a: Iron Treads
|-end|p1a: Iron Treads|Quark Drive|[silent]
|
|upkeep
|
|t:|1769335735
|switch|p1a: Kingambit|Kingambit, M|100/100
|-activate|p1a: Kingambit|ability: Supreme Overlord
|-start|p1a: Kingambit|fallen1|[silent]
|turn|5
|j| 12723 Dong
|
|t:|1769335740
|switch|p2a: Zamazenta|Zamazenta|100/100
|-damage|p2a: Zamazenta|94/100|[from] Stealth Rock
|-ability|p2a: Zamazenta|Dauntless Shield|boost
|-boost|p2a: Zamazenta|def|1
|move|p1a: Kingambit|Kowtow Cleave|p2a: Zamazenta
|-resisted|p2a: Zamazenta
|-damage|p2a: Zamazenta|81/100
|
|-heal|p2a: Zamazenta|87/100|[from] item: Leftovers
|upkeep
|turn|6
|
|t:|1769335744
|-end|p1a: Kingambit|fallen1|[silent]
|switch|p1a: Hatterene|Hatterene, F|100/100
|move|p2a: Zamazenta|Roar|p1a: Hatterene
|move|p1a: Hatterene|Roar|p2a: Zamazenta|[from] ability: Magic Bounce
|drag|p2a: Slowking|Slowking-Galar, M|100/100
|-damage|p2a: Slowking|88/100|[from] Stealth Rock
|
|upkeep
|turn|7
|
|t:|1769335748
|switch|p1a: Okidogi|Okidogi, M|100/100
|move|p2a: Slowking|Sludge Bomb|p1a: Okidogi
|-resisted|p1a: Okidogi
|-damage|p1a: Okidogi|88/100
|
|upkeep
|turn|8
|
|t:|1769335752
|-terastallize|p1a: Okidogi|Water
|move|p1a: Okidogi|Knock Off|p2a: Slowking
|-supereffective|p2a: Slowking
|-damage|p2a: Slowking|27/100
|-enditem|p2a: Slowking|Assault Vest|[from] move: Knock Off|[of] p1a: Okidogi
|move|p2a: Slowking|Psyshock|p1a: Okidogi
|-damage|p1a: Okidogi|61/100
|
|upkeep
|turn|9
|
|t:|1769335755
|switch|p2a: Zamazenta|Zamazenta|87/100
|-damage|p2a: Zamazenta|81/100|[from] Stealth Rock
|move|p1a: Okidogi|Knock Off|p2a: Zamazenta
|-resisted|p2a: Zamazenta
|-damage|p2a: Zamazenta|66/100
|-enditem|p2a: Zamazenta|Leftovers|[from] move: Knock Off|[of] p1a: Okidogi
|
|upkeep
|turn|10
|
|t:|1769335758
|move|p2a: Zamazenta|Iron Defense|p2a: Zamazenta
|-boost|p2a: Zamazenta|def|2
|move|p1a: Okidogi|Gunk Shot|p2a: Zamazenta
|-damage|p2a: Zamazenta|43/100
|
|upkeep
|turn|11
|
|t:|1769335763
|switch|p1a: Hatterene|Hatterene, F|100/100
|move|p2a: Zamazenta|Body Press|p1a: Hatterene
|-resisted|p1a: Hatterene
|-damage|p1a: Hatterene|85/100
|-damage|p2a: Zamazenta|26/100|[from] item: Rocky Helmet|[of] p1a: Hatterene
|
|upkeep
|turn|12
|
|t:|1769335767
|move|p2a: Zamazenta|Body Press|p1a: Hatterene
|-resisted|p1a: Hatterene
|-damage|p1a: Hatterene|69/100
|-damage|p2a: Zamazenta|9/100|[from] item: Rocky Helmet|[of] p1a: Hatterene
|move|p1a: Hatterene|Draining Kiss|p2a: Zamazenta
|-supereffective|p2a: Zamazenta
|-damage|p2a: Zamazenta|0 fnt
|-heal|p1a: Hatterene|76/100|[from] drain|[of] p2a: Zamazenta
|faint|p2a: Zamazenta
|
|upkeep
|
|t:|1769335770
|switch|p2a: Excadrill|Excadrill, F|100/100
|-damage|p2a: Excadrill|97/100|[from] Stealth Rock
|-item|p2a: Excadrill|Air Balloon
|turn|13
|
|t:|1769335779
|switch|p1a: Okidogi|Okidogi, M, tera:Water|61/100
|move|p2a: Excadrill|Swords Dance|p2a: Excadrill
|-boost|p2a: Excadrill|atk|2
|
|upkeep
|turn|14
|
|t:|1769335785
|move|p2a: Excadrill|Earthquake|p1a: Okidogi
|-damage|p1a: Okidogi|0 fnt
|faint|p1a: Okidogi
|
|upkeep
|
|t:|1769335789
|switch|p1a: Ogerpon|Ogerpon-Cornerstone, F|100/100
|turn|15
|
|t:|1769335793
|-terastallize|p2a: Excadrill|Fire
|move|p1a: Ogerpon|Superpower|p2a: Excadrill
|-damage|p2a: Excadrill|31/100
|-unboost|p1a: Ogerpon|atk|1
|-unboost|p1a: Ogerpon|def|1
|-enditem|p2a: Excadrill|Air Balloon
|move|p2a: Excadrill|Rapid Spin|p1a: Ogerpon
|-resisted|p1a: Ogerpon
|-crit|p1a: Ogerpon
|-damage|p1a: Ogerpon|52/100
|-boost|p2a: Excadrill|spe|1
|-sideend|p2: CambridgeFoulPlay|Stealth Rock|[from] move: Rapid Spin|[of] p2a: Excadrill
|
|upkeep
|turn|16
|
|t:|1769335796
|move|p2a: Excadrill|Iron Head|p1a: Ogerpon
|-supereffective|p1a: Ogerpon
|-damage|p1a: Ogerpon|0 fnt
|faint|p1a: Ogerpon
|
|upkeep
|
|t:|1769335801
|switch|p1a: Kingambit|Kingambit, M|100/100
|-activate|p1a: Kingambit|ability: Supreme Overlord
|-start|p1a: Kingambit|fallen3|[silent]
|turn|17
|
|t:|1769335803
|move|p1a: Kingambit|Sucker Punch|p2a: Excadrill
|-damage|p2a: Excadrill|0 fnt
|faint|p2a: Excadrill
|
|upkeep
|
|t:|1769335807
|switch|p2a: Moltres|Moltres|100/100
|turn|18
|
|t:|1769335809
|-end|p1a: Kingambit|fallen3|[silent]
|switch|p1a: Zapdos|Zapdos|79/100
|move|p2a: Moltres|Flamethrower|p1a: Zapdos
|-damage|p1a: Zapdos|40/100
|
|upkeep
|turn|19
|
|t:|1769335815
|switch|p2a: Slowking|Slowking-Galar, M|61/100
|move|p1a: Zapdos|Roost|p1a: Zapdos
|-heal|p1a: Zapdos|90/100
|-singleturn|p1a: Zapdos|move: Roost
|
|upkeep
|turn|20
|
|t:|1769335817
|move|p1a: Zapdos|U-turn|p2a: Slowking
|-damage|p2a: Slowking|51/100
|
|t:|1769335819
|switch|p1a: Kingambit|Kingambit, M|100/100|[from] U-turn
|-activate|p1a: Kingambit|ability: Supreme Overlord
|-start|p1a: Kingambit|fallen3|[silent]
|move|p2a: Slowking|Ice Beam|p1a: Kingambit
|-resisted|p1a: Kingambit
|-damage|p1a: Kingambit|88/100
|
|-heal|p1a: Kingambit|94/100|[from] item: Leftovers
|upkeep
|turn|21
|
|t:|1769335829
|switch|p2a: Moltres|Moltres|100/100
|move|p1a: Kingambit|Kowtow Cleave|p2a: Moltres
|-damage|p2a: Moltres|54/100
|-status|p1a: Kingambit|brn|[from] ability: Flame Body|[of] p2a: Moltres
|
|-heal|p1a: Kingambit|99/100 brn|[from] item: Leftovers
|-damage|p1a: Kingambit|94/100 brn|[from] brn
|upkeep
|turn|22
|
|t:|1769335832
|-end|p1a: Kingambit|fallen3|[silent]
|switch|p1a: Zapdos|Zapdos|90/100
|move|p2a: Moltres|Roost|p2a: Moltres
|-heal|p2a: Moltres|100/100
|-singleturn|p2a: Moltres|move: Roost
|
|upkeep
|turn|23
|
|t:|1769335837
|switch|p2a: Slowking|Slowking-Galar, M|84/100
|move|p1a: Zapdos|Discharge|p2a: Slowking
|-damage|p2a: Slowking|55/100
|
|upkeep
|turn|24
|
|t:|1769335839
|move|p1a: Zapdos|Hurricane|p2a: Slowking
|-damage|p2a: Slowking|19/100
|move|p2a: Slowking|Ice Beam|p1a: Zapdos
|-supereffective|p1a: Zapdos
|-damage|p1a: Zapdos|46/100
|
|upkeep
|turn|25
|
|t:|1769335842
|switch|p2a: Tyranitar|Tyranitar, F|100/100
|-weather|Sandstorm|[from] ability: Sand Stream|[of] p2a: Tyranitar
|move|p1a: Zapdos|Discharge|p2a: Tyranitar
|-damage|p2a: Tyranitar|87/100
|
|-weather|Sandstorm|[upkeep]
|-damage|p1a: Zapdos|40/100|[from] Sandstorm
|upkeep
|turn|26
|
|t:|1769335844
|move|p1a: Zapdos|U-turn|p2a: Tyranitar
|-supereffective|p2a: Tyranitar
|-damage|p2a: Tyranitar|66/100
|
|t:|1769335847
|switch|p1a: Kingambit|Kingambit, M|94/100 brn|[from] U-turn
|-activate|p1a: Kingambit|ability: Supreme Overlord
|-start|p1a: Kingambit|fallen3|[silent]
|move|p2a: Tyranitar|Knock Off|p1a: Kingambit
|-resisted|p1a: Kingambit
|-damage|p1a: Kingambit|77/100 brn
|-enditem|p1a: Kingambit|Leftovers|[from] move: Knock Off|[of] p2a: Tyranitar
|
|-weather|Sandstorm|[upkeep]
|-damage|p1a: Kingambit|71/100 brn|[from] brn
|upkeep
|turn|27
|
|t:|1769335850
|switch|p2a: Moltres|Moltres|100/100
|move|p1a: Kingambit|Swords Dance|p1a: Kingambit
|-boost|p1a: Kingambit|atk|2
|
|-weather|Sandstorm|[upkeep]
|-damage|p2a: Moltres|94/100|[from] Sandstorm
|-damage|p1a: Kingambit|65/100 brn|[from] brn
|upkeep
|turn|28
|
|t:|1769335853
|move|p1a: Kingambit|Sucker Punch|p2a: Moltres
|-damage|p2a: Moltres|58/100
|move|p2a: Moltres|Flamethrower|p1a: Kingambit
|-supereffective|p1a: Kingambit
|-damage|p1a: Kingambit|0 fnt
|faint|p1a: Kingambit
|-end|p1a: Kingambit|fallen3|[silent]
|
|-weather|Sandstorm|[upkeep]
|-damage|p2a: Moltres|52/100|[from] Sandstorm
|upkeep
|
|t:|1769335856
|switch|p1a: Zapdos|Zapdos|40/100
|turn|29
|
|t:|1769335859
|switch|p2a: Hydrapple|Hydrapple, M|100/100
|move|p1a: Zapdos|Discharge|p2a: Hydrapple
|-resisted|p2a: Hydrapple
|-damage|p2a: Hydrapple|92/100
|
|-weather|Sandstorm|[upkeep]
|-damage|p1a: Zapdos|34/100|[from] Sandstorm
|-damage|p2a: Hydrapple|86/100|[from] Sandstorm
|upkeep
|turn|30
|
|t:|1769335862
|switch|p2a: Tyranitar|Tyranitar, F|66/100
|move|p1a: Zapdos|Hurricane|p2a: Tyranitar
|-resisted|p2a: Tyranitar
|-damage|p2a: Tyranitar|57/100
|
|-weather|Sandstorm|[upkeep]
|-damage|p1a: Zapdos|28/100|[from] Sandstorm
|upkeep
|turn|31
|
|t:|1769335864
|move|p1a: Zapdos|Roost|p1a: Zapdos
|-heal|p1a: Zapdos|78/100
|-singleturn|p1a: Zapdos|move: Roost
|move|p2a: Tyranitar|Stealth Rock|p1a: Zapdos
|-sidestart|p1: Dante1310|move: Stealth Rock
|
|-weather|Sandstorm|[upkeep]
|-damage|p1a: Zapdos|72/100|[from] Sandstorm
|upkeep
|turn|32
|
|t:|1769335868
|move|p1a: Zapdos|U-turn|p2a: Tyranitar
|-supereffective|p2a: Tyranitar
|-damage|p2a: Tyranitar|36/100
|
|t:|1769335870
|switch|p1a: Hatterene|Hatterene, F|76/100|[from] U-turn
|-damage|p1a: Hatterene|63/100|[from] Stealth Rock
|move|p2a: Tyranitar|Ice Beam|p1a: Hatterene
|-damage|p1a: Hatterene|43/100
|
|-weather|none
|upkeep
|turn|33
|
|t:|1769335873
|switch|p2a: Slowking|Slowking-Galar, M|52/100
|move|p1a: Hatterene|Psychic Noise|p2a: Slowking
|-damage|p2a: Slowking|25/100
|-start|p2a: Slowking|move: Heal Block
|
|upkeep
|turn|34
|
|t:|1769335876
|move|p2a: Slowking|Sludge Bomb|p1a: Hatterene
|-supereffective|p1a: Hatterene
|-damage|p1a: Hatterene|0 fnt
|faint|p1a: Hatterene
|
|-end|p2a: Slowking|move: Heal Block
|upkeep
|
|t:|1769335879
|switch|p1a: Zapdos|Zapdos|72/100
|turn|35
|
|t:|1769335882
|switch|p2a: Tyranitar|Tyranitar, F|36/100
|-weather|Sandstorm|[from] ability: Sand Stream|[of] p2a: Tyranitar
|move|p1a: Zapdos|Discharge|p2a: Tyranitar
|-damage|p2a: Tyranitar|22/100
|
|-weather|Sandstorm|[upkeep]
|-damage|p1a: Zapdos|66/100|[from] Sandstorm
|upkeep
|turn|36
|
|t:|1769335885
|move|p1a: Zapdos|U-turn|p2a: Tyranitar
|-supereffective|p2a: Tyranitar
|-damage|p2a: Tyranitar|0 fnt
|faint|p2a: Tyranitar
|
|-weather|Sandstorm|[upkeep]
|-damage|p1a: Zapdos|60/100|[from] Sandstorm
|upkeep
|
|t:|1769335887
|switch|p2a: Slowking|Slowking-Galar, M|59/100
|turn|37
|
|t:|1769335891
|move|p1a: Zapdos|Hurricane|p2a: Slowking
|-damage|p2a: Slowking|23/100
|-start|p2a: Slowking|confusion
|-activate|p2a: Slowking|confusion
|move|p2a: Slowking|Sludge Bomb|p1a: Zapdos
|-damage|p1a: Zapdos|27/100
|
|-weather|Sandstorm|[upkeep]
|-damage|p1a: Zapdos|21/100|[from] Sandstorm
|-damage|p2a: Slowking|17/100|[from] Sandstorm
|upkeep
|turn|38
|
|t:|1769335894
|switch|p2a: Hydrapple|Hydrapple, M|100/100
|move|p1a: Zapdos|Roost|p1a: Zapdos
|-heal|p1a: Zapdos|72/100
|-singleturn|p1a: Zapdos|move: Roost
|
|-weather|Sandstorm|[upkeep]
|-damage|p1a: Zapdos|66/100|[from] Sandstorm
|-damage|p2a: Hydrapple|94/100|[from] Sandstorm
|upkeep
|turn|39
|
|t:|1769335896
|move|p1a: Zapdos|Hurricane|p2a: Hydrapple
|-supereffective|p2a: Hydrapple
|-damage|p2a: Hydrapple|0 fnt
|faint|p2a: Hydrapple
|
|-weather|Sandstorm|[upkeep]
|-damage|p1a: Zapdos|60/100|[from] Sandstorm
|upkeep
|
|t:|1769335898
|switch|p2a: Slowking|Slowking-Galar, M|50/100
|turn|40
|
|t:|1769335900
|move|p1a: Zapdos|Hurricane|p2a: Slowking
|-crit|p2a: Slowking
|-damage|p2a: Slowking|0 fnt
|faint|p2a: Slowking
|
|-weather|Sandstorm|[upkeep]
|-damage|p1a: Zapdos|54/100|[from] Sandstorm
|upkeep
|
|t:|1769335901
|switch|p2a: Moltres|Moltres|52/100
|turn|41
|
|t:|1769335903
|move|p1a: Zapdos|Discharge|p2a: Moltres
|-supereffective|p2a: Moltres
|-damage|p2a: Moltres|0 fnt
|faint|p2a: Moltres
|
|win|Dante1310
|raw|Dante1310's rating: 1651 &rarr; <strong>1669</strong><br />(+18 for winning)
|raw|CambridgeFoulPlay's rating: 1621 &rarr; <strong>1603</strong><br />(-18 for losing)
|c|☆CambridgeFoulPlay|gg
|l|☆CambridgeFoulPlay
|player|p2|
|l| 12723 Dong
|l|☆Dante1310
|player|p1|
