|j|☆chuchu77
|j|☆mc_mogu
|t:|1769410442
|gametype|singles
|player|p1|chuchu77|170|1399
|player|p2|mc_mogu|1|1373
|gen|9
|tier|[Gen 9] OU
|rated|
|rule|HP Percentage Mod: HP is shown in percentages
|rule|Endless Battle Clause: Forcing endless battles is banned
|rule|Species Clause: Limit one of each Pokémon
|rule|OHKO Clause: OHKO moves are banned
|rule|Evasion Items Clause: Evasion items are banned
|rule|Evasion Moves Clause: Evasion moves are banned
|rule|Evasion Abilities Clause: Evasion abilities are banned
|rule|Sleep Moves Clause: Sleep-inducing moves are banned
|clearpoke
|poke|p1|Ursaluna, F|
|poke|p1|Cresselia, F|
|poke|p1|Hatterene, F|
|poke|p1|Iron Hands|
|poke|p1|Volcanion|
|poke|p1|Porygon2|
|poke|p2|Sandy Shocks|
|poke|p2|Scizor, M|
|poke|p2|Manaphy|
|poke|p2|Latios, M|
|poke|p2|Ogerpon, F|
|poke|p2|Iron Jugulis|
|teampreview
|
|t:|1769410493
|teamsize|p1|6
|teamsize|p2|6
|start
|switch|p1a: Cresselia|Cresselia, F, shiny|100/100
|switch|p2a: Scizor|Scizor, M|100/100
|turn|1
|
|t:|1769410502
|move|p2a: Scizor|Knock Off|p1a: Cresselia
|-supereffective|p1a: Cresselia
|-damage|p1a: Cresselia|61/100
|-enditem|p1a: Cresselia|Mental Herb|[from] move: Knock Off|[of] p2a: Scizor
|move|p1a: Cresselia|Trick Room|p1a: Cresselia
|-fieldstart|move: Trick Room|[of] p1a: Cresselia
|
|upkeep
|turn|2
|inactive|Battle timer is ON: inactive players will automatically lose when time's up. (requested by mc_mogu)
|
|t:|1769410556
|switch|p1a: Volcanion|Volcanion|100/100
|move|p2a: Scizor|Swords Dance|p2a: Scizor
|-boost|p2a: Scizor|atk|2
|
|upkeep
|turn|3
|inactive|mc_mogu has 120 seconds left.
|c|☆chuchu77|搞快点，MC蘑菇
|
|t:|1769410611
|switch|p2a: Sandy Shocks|Sandy Shocks|100/100
|-enditem|p2a: Sandy Shocks|Booster Energy
|-activate|p2a: Sandy Shocks|ability: Protosynthesis|[fromitem]
|-start|p2a: Sandy Shocks|protosynthesisspe
|move|p1a: Volcanion|Steam Eruption|p2a: Sandy Shocks
|-supereffective|p2a: Sandy Shocks
|-damage|p2a: Sandy Shocks|0 fnt
|faint|p2a: Sandy Shocks
|-end|p2a: Sandy Shocks|Protosynthesis|[silent]
|
|upkeep
|inactive|mc_mogu has 90 seconds left.
|
|t:|1769410629
|switch|p2a: Latios|Latios, M|100/100
|turn|4
|
|t:|1769410634
|move|p1a: Volcanion|Steam Eruption|p2a: Latios
|-resisted|p2a: Latios
|-damage|p2a: Latios|59/100
|move|p2a: Latios|Calm Mind|p2a: Latios
|-boost|p2a: Latios|spa|1
|-boost|p2a: Latios|spd|1
|
|upkeep
|turn|5
|
|t:|1769410646
|switch|p1a: Hatterene|Hatterene, F, shiny|100/100
|move|p2a: Latios|Agility|p2a: Latios
|-boost|p2a: Latios|spe|2
|
|-fieldend|move: Trick Room
|upkeep
|turn|6
|
|t:|1769410655
|move|p2a: Latios|Stored Power|p1a: Hatterene
|-resisted|p1a: Hatterene
|-damage|p1a: Hatterene|62/100
|move|p1a: Hatterene|Trick Room|p1a: Hatterene
|-fieldstart|move: Trick Room|[of] p1a: Hatterene
|
|upkeep
|turn|7
|
|t:|1769410662
|move|p1a: Hatterene|Dazzling Gleam|p2a: Latios
|-supereffective|p2a: Latios
|-damage|p2a: Latios|0 fnt
|faint|p2a: Latios
|
|upkeep
|
|t:|1769410667
|switch|p2a: Scizor|Scizor, M|100/100
|turn|8
|
|t:|1769410671
|switch|p1a: Volcanion|Volcanion|100/100
|move|p2a: Scizor|Swords Dance|p2a: Scizor
|-boost|p2a: Scizor|atk|2
|
|upkeep
|turn|9
|inactive|mc_mogu has 120 seconds left.
|
|t:|1769410689
|move|p1a: Volcanion|Flamethrower|p2a: Scizor
|-supereffective|p2a: Scizor
|-damage|p2a: Scizor|0 fnt
|faint|p2a: Scizor
|
|upkeep
|
|t:|1769410695
|switch|p2a: Iron Jugulis|Iron Jugulis|100/100
|-enditem|p2a: Iron Jugulis|Booster Energy
|-activate|p2a: Iron Jugulis|ability: Quark Drive|[fromitem]
|-start|p2a: Iron Jugulis|quarkdrivespe
|turn|10
|inactive|mc_mogu has 120 seconds left.
|
|t:|1769410703
|move|p1a: Volcanion|Flamethrower|p2a: Iron Jugulis
|-damage|p2a: Iron Jugulis|2/100
|-status|p2a: Iron Jugulis|brn
|move|p2a: Iron Jugulis|Earth Power|p1a: Volcanion
|-supereffective|p1a: Volcanion
|-damage|p1a: Volcanion|38/100
|
|-damage|p2a: Iron Jugulis|0 fnt|[from] brn
|faint|p2a: Iron Jugulis
|-end|p2a: Iron Jugulis|Quark Drive|[silent]
|-fieldend|move: Trick Room
|upkeep
|inactive|mc_mogu has 120 seconds left.
|
|t:|1769410713
|switch|p2a: Ogerpon|Ogerpon, F|100/100
|turn|11
|inactive|mc_mogu has 120 seconds left.
|
|t:|1769410720
|move|p2a: Ogerpon|Rock Tomb|p1a: Volcanion
|-supereffective|p1a: Volcanion
|-damage|p1a: Volcanion|8/100
|-unboost|p1a: Volcanion|spe|1
|move|p1a: Volcanion|Flamethrower|p2a: Ogerpon
|-supereffective|p2a: Ogerpon
|-damage|p2a: Ogerpon|0 fnt
|faint|p2a: Ogerpon
|
|upkeep
|inactive|mc_mogu has 120 seconds left.
|
|t:|1769410750
|switch|p2a: Manaphy|Manaphy|100/100
|turn|12
|
|t:|1769410759
|switch|p1a: Cresselia|Cresselia, F, shiny|61/100
|move|p2a: Manaphy|Tail Glow|p2a: Manaphy
|-boost|p2a: Manaphy|spa|3
|
|upkeep
|turn|13
|
|t:|1769410768
|move|p2a: Manaphy|Surf|p1a: Cresselia
|-damage|p1a: Cresselia|0 fnt
|faint|p1a: Cresselia
|
|upkeep
|
|t:|1769410773
|switch|p1a: Porygon2|Porygon2, shiny|100/100
|-ability|p1a: Porygon2|Download|boost
|-boost|p1a: Porygon2|spa|1
|turn|14
|
|t:|1769410780
|-terastallize|p2a: Manaphy|Grass
|move|p2a: Manaphy|Energy Ball|p1a: Porygon2
|-damage|p1a: Porygon2|43/100
|move|p1a: Porygon2|Trick Room|p1a: Porygon2
|-fieldstart|move: Trick Room|[of] p1a: Porygon2
|
|upkeep
|turn|15
|inactive|mc_mogu has 120 seconds left.
|
|t:|1769410789
|move|p1a: Porygon2|Hyper Beam|p2a: Manaphy
|-damage|p2a: Manaphy|0 fnt
|-mustrecharge|p1a: Porygon2
|faint|p2a: Manaphy
|
|win|chuchu77
|raw|chuchu77's rating: 1399 &rarr; <strong>1418</strong><br />(+19 for winning)
|raw|mc_mogu's rating: 1373 &rarr; <strong>1354</strong><br />(-19 for losing)
|l|☆mc_mogu
|player|p2|
