|j|☆Brawley
|j|☆TheStrok
|t:|1769396633
|gametype|singles
|player|p1|Brawley|102|1269
|player|p2|TheStrok|janitor|1311
|gen|9
|tier|[Gen 9] OU
|rated|
|rule|HP Percentage Mod: HP is shown in percentages
|rule|Endless Battle Clause: Forcing endless battles is banned
|rule|Species Clause: Limit one of each Pokémon
|rule|OHKO Clause: OHKO moves are banned
|rule|Evasion Items Clause: Evasion items are banned
|rule|Evasion Moves Clause: Evasion moves are banned
|rule|Evasion Abilities Clause: Evasion abilities are banned
|rule|Sleep Moves Clause: Sleep-inducing moves are banned
|clearpoke
|poke|p1|Ting-Lu|
|poke|p1|Slowking-Galar, F|
|poke|p1|Great Tusk|
|poke|p1|Gholdengo|
|poke|p1|Dragonite, F|
|poke|p1|Rillaboom, F|
|poke|p2|Okidogi, M|
|poke|p2|Mew|
|poke|p2|Darkrai|
|poke|p2|Rillaboom, F|
|poke|p2|Blaziken, F|
|poke|p2|Gliscor, M|
|teampreview
|j| mistahmerrikuu
|inactive|Battle timer is ON: inactive players will automatically lose when time's up. (requested by Brawley)
|
|t:|1769396656
|teamsize|p1|6
|teamsize|p2|6
|start
|switch|p1a: Great Tusk|Great Tusk|100/100
|switch|p2a: ON|Darkrai|100/100
|turn|1
|
|t:|1769396663
|-end|p1a: Great Tusk|Protosynthesis|[silent]
|switch|p1a: Ting-Lu|Ting-Lu|100/100
|-ability|p1a: Ting-Lu|Vessel of Ruin
|move|p2a: ON|Ice Beam|p1a: Ting-Lu
|-supereffective|p1a: Ting-Lu
|-damage|p1a: Ting-Lu|72/100
|
|-heal|p1a: Ting-Lu|78/100|[from] item: Leftovers
|upkeep
|turn|2
|
|t:|1769396672
|move|p2a: ON|Ice Beam|p1a: Ting-Lu
|-supereffective|p1a: Ting-Lu
|-damage|p1a: Ting-Lu|50/100
|-status|p1a: Ting-Lu|frz
|cant|p1a: Ting-Lu|frz
|
|-heal|p1a: Ting-Lu|56/100 frz|[from] item: Leftovers
|upkeep
|turn|3
|
|t:|1769396680
|switch|p1a: Gholdengo|Gholdengo|100/100
|move|p2a: ON|Knock Off|p1a: Gholdengo
|-supereffective|p1a: Gholdengo
|-damage|p1a: Gholdengo|41/100
|-enditem|p1a: Gholdengo|Choice Scarf|[from] move: Knock Off|[of] p2a: ON
|
|upkeep
|turn|4
|
|t:|1769396690
|move|p2a: ON|Dark Pulse|p1a: Gholdengo
|-supereffective|p1a: Gholdengo
|-damage|p1a: Gholdengo|0 fnt
|faint|p1a: Gholdengo
|
|upkeep
|
|t:|1769396702
|switch|p1a: Rillaboom|Rillaboom, F|100/100
|-fieldstart|move: Grassy Terrain|[from] ability: Grassy Surge|[of] p1a: Rillaboom
|turn|5
|
|t:|1769396707
|-terastallize|p2a: ON|Poison
|move|p1a: Rillaboom|Grassy Glide|p2a: ON
|-resisted|p2a: ON
|-damage|p2a: ON|59/100
|move|p2a: ON|Sludge Bomb|p1a: Rillaboom
|-supereffective|p1a: Rillaboom
|-damage|p1a: Rillaboom|0 fnt
|faint|p1a: Rillaboom
|
|-heal|p2a: ON|65/100|[from] Grassy Terrain
|upkeep
|
|t:|1769396717
|switch|p1a: Dragonite|Dragonite, F|100/100
|turn|6
|
|t:|1769396720
|move|p2a: ON|Ice Beam|p1a: Dragonite
|-supereffective|p1a: Dragonite
|-damage|p1a: Dragonite|29/100
|-status|p1a: Dragonite|frz
|cant|p1a: Dragonite|frz
|
|-heal|p2a: ON|71/100|[from] Grassy Terrain
|upkeep
|turn|7
|-message|Brawley forfeited.
|
|win|TheStrok
|raw|Brawley's rating: 1269 &rarr; <strong>1247</strong><br />(-22 for losing)
|raw|TheStrok's rating: 1311 &rarr; <strong>1329</strong><br />(+18 for winning)
|l|☆Brawley
|player|p1|
