|j|☆Gulptubus
|j|☆Metroshock
|t:|1769324710
|gametype|singles
|player|p1|Gulptubus|pokemonranger-gen4|1505
|player|p2|Metroshock|miku-fire|1538
|gen|9
|tier|[Gen 9] OU
|rated|
|rule|HP Percentage Mod: HP is shown in percentages
|rule|Endless Battle Clause: Forcing endless battles is banned
|rule|Species Clause: Limit one of each Pokémon
|rule|OHKO Clause: OHKO moves are banned
|rule|Evasion Items Clause: Evasion items are banned
|rule|Evasion Moves Clause: Evasion moves are banned
|rule|Evasion Abilities Clause: Evasion abilities are banned
|rule|Sleep Moves Clause: Sleep-inducing moves are banned
|clearpoke
|poke|p1|Tinkaton, F|
|poke|p1|Ogerpon, F|
|poke|p1|Great Tusk|
|poke|p1|Pecharunt|
|poke|p1|Alomomola, M|
|poke|p1|Hydreigon, M|
|poke|p2|Grimmsnarl, M|
|poke|p2|Kyurem|
|poke|p2|Hawlucha, F|
|poke|p2|Rillaboom, F|
|poke|p2|Gholdengo|
|poke|p2|Heatran, M|
|teampreview
|inactive|Battle timer is ON: inactive players will automatically lose when time's up. (requested by Metroshock)
|
|t:|1769324733
|teamsize|p1|6
|teamsize|p2|6
|start
|switch|p1a: Tinkaton|Tinkaton, F, shiny|100/100
|switch|p2a: Screener|Grimmsnarl, M|100/100
|-item|p1a: Tinkaton|Air Balloon
|turn|1
|
|t:|1769324737
|move|p2a: Screener|Reflect|p2a: Screener
|-sidestart|p2: Metroshock|Reflect
|move|p1a: Tinkaton|Encore|p2a: Screener
|-start|p2a: Screener|Encore
|
|upkeep
|turn|2
|
|t:|1769324744
|switch|p2a: Heatran|Heatran, M|100/100
|move|p1a: Tinkaton|Stealth Rock|p2a: Heatran
|-sidestart|p2: Metroshock|move: Stealth Rock
|
|upkeep
|turn|3
|
|t:|1769324751
|switch|p1a: Alomomola|Alomomola, M, shiny|100/100
|move|p2a: Heatran|Lava Plume|p1a: Alomomola
|-resisted|p1a: Alomomola
|-damage|p1a: Alomomola|91/100
|
|upkeep
|turn|4
|
|t:|1769324758
|move|p2a: Heatran|Substitute|p2a: Heatran
|-start|p2a: Heatran|Substitute
|-damage|p2a: Heatran|76/100
|move|p1a: Alomomola|Flip Turn|p2a: Heatran
|-supereffective|p2a: Heatran
|-activate|p2a: Heatran|move: Substitute|[damage]
|
|t:|1769324769
|switch|p1a: Hydreigon|Hydreigon, M, shiny|100/100|[from] Flip Turn
|
|-heal|p2a: Heatran|82/100|[from] item: Leftovers
|upkeep
|turn|5
|
|t:|1769324779
|move|p1a: Hydreigon|Earth Power|p2a: Heatran
|-supereffective|p2a: Heatran
|-end|p2a: Heatran|Substitute
|move|p2a: Heatran|Flash Cannon|p1a: Hydreigon
|-damage|p1a: Hydreigon|49/100
|
|-heal|p2a: Heatran|88/100|[from] item: Leftovers
|upkeep
|turn|6
|
|t:|1769324786
|switch|p2a: The Wretched Ape|Rillaboom, F|100/100
|-damage|p2a: The Wretched Ape|88/100|[from] Stealth Rock
|-fieldstart|move: Grassy Terrain|[from] ability: Grassy Surge|[of] p2a: The Wretched Ape
|move|p1a: Hydreigon|Earth Power|p2a: The Wretched Ape
|-resisted|p2a: The Wretched Ape
|-damage|p2a: The Wretched Ape|63/100
|
|-heal|p2a: The Wretched Ape|69/100|[from] Grassy Terrain
|upkeep
|turn|7
|
|t:|1769324797
|switch|p1a: Pecharunt|Pecharunt|100/100
|move|p2a: The Wretched Ape|U-turn|p1a: Pecharunt
|-resisted|p1a: Pecharunt
|-damage|p1a: Pecharunt|96/100
|-damage|p2a: The Wretched Ape|53/100|[from] item: Rocky Helmet|[of] p1a: Pecharunt
|
|t:|1769324801
|switch|p2a: THE MONAYYYY|Gholdengo|100/100|[from] U-turn
|-damage|p2a: THE MONAYYYY|94/100|[from] Stealth Rock
|
|-heal|p1a: Pecharunt|100/100|[from] Grassy Terrain
|-heal|p2a: THE MONAYYYY|100/100|[from] Grassy Terrain
|upkeep
|turn|8
|
|t:|1769324810
|switch|p1a: Alomomola|Alomomola, M, shiny|100/100
|move|p2a: THE MONAYYYY|Shadow Ball|p1a: Alomomola
|-damage|p1a: Alomomola|78/100
|
|-heal|p1a: Alomomola|84/100|[from] Grassy Terrain
|-sideend|p2: Metroshock|Reflect
|upkeep
|turn|9
|
|t:|1769324825
|switch|p2a: Screener|Grimmsnarl, M|100/100
|-damage|p2a: Screener|88/100|[from] Stealth Rock
|move|p1a: Alomomola|Flip Turn|p2a: Screener
|-damage|p2a: Screener|73/100
|
|t:|1769324829
|switch|p1a: Tinkaton|Tinkaton, F, shiny|100/100|[from] Flip Turn
|-item|p1a: Tinkaton|Air Balloon
|
|-heal|p2a: Screener|79/100|[from] Grassy Terrain
|upkeep
|turn|10
|
|t:|1769324834
|move|p2a: Screener|Reflect|p2a: Screener
|-sidestart|p2: Metroshock|Reflect
|move|p1a: Tinkaton|Gigaton Hammer|p2a: Screener
|-supereffective|p2a: Screener
|-damage|p2a: Screener|27/100
|
|-heal|p2a: Screener|33/100|[from] Grassy Terrain
|-fieldend|move: Grassy Terrain
|upkeep
|turn|11
|
|t:|1769324839
|move|p2a: Screener|Light Screen|p2a: Screener
|-sidestart|p2: Metroshock|move: Light Screen
|move|p1a: Tinkaton|Encore|p2a: Screener
|-start|p2a: Screener|Encore
|
|upkeep
|turn|12
|
|t:|1769324845
|switch|p2a: Heatran|Heatran, M|88/100
|-damage|p2a: Heatran|76/100|[from] Stealth Rock
|move|p1a: Tinkaton|Gigaton Hammer|p2a: Heatran
|-resisted|p2a: Heatran
|-damage|p2a: Heatran|70/100
|
|-heal|p2a: Heatran|76/100|[from] item: Leftovers
|upkeep
|turn|13
|
|t:|1769324849
|move|p1a: Tinkaton|Encore||[still]
|-fail|p1a: Tinkaton
|move|p2a: Heatran|Substitute|p2a: Heatran
|-start|p2a: Heatran|Substitute
|-damage|p2a: Heatran|51/100
|
|-heal|p2a: Heatran|57/100|[from] item: Leftovers
|upkeep
|turn|14
|
|t:|1769324855
|move|p1a: Tinkaton|Encore|p2a: Heatran
|-start|p2a: Heatran|Encore
|move|p2a: Heatran|Substitute|p2a: Heatran
|-fail|p2a: Heatran|move: Substitute
|
|-heal|p2a: Heatran|64/100|[from] item: Leftovers
|upkeep
|turn|15
|
|t:|1769324864
|switch|p1a: Hydreigon|Hydreigon, M, shiny|49/100
|move|p2a: Heatran|Substitute|p2a: Heatran
|-fail|p2a: Heatran|move: Substitute
|
|-heal|p2a: Heatran|70/100|[from] item: Leftovers
|upkeep
|turn|16
|
|t:|1769324879
|move|p1a: Hydreigon|Earth Power|p2a: Heatran
|-supereffective|p2a: Heatran
|-end|p2a: Heatran|Substitute
|move|p2a: Heatran|Substitute|p2a: Heatran
|-start|p2a: Heatran|Substitute
|-damage|p2a: Heatran|45/100
|
|-heal|p2a: Heatran|51/100|[from] item: Leftovers
|-end|p2a: Heatran|Encore
|upkeep
|turn|17
|
|t:|1769324883
|switch|p1a: Alomomola|Alomomola, M, shiny|100/100
|move|p2a: Heatran|Flash Cannon|p1a: Alomomola
|-resisted|p1a: Alomomola
|-damage|p1a: Alomomola|90/100
|
|-heal|p2a: Heatran|57/100|[from] item: Leftovers
|-sideend|p2: Metroshock|Reflect
|upkeep
|turn|18
|
|t:|1769324886
|move|p2a: Heatran|Lava Plume|p1a: Alomomola
|-resisted|p1a: Alomomola
|-damage|p1a: Alomomola|79/100
|move|p1a: Alomomola|Flip Turn|p2a: Heatran
|-supereffective|p2a: Heatran
|-end|p2a: Heatran|Substitute
|
|t:|1769324895
|switch|p1a: Great Tusk|Great Tusk, shiny|100/100|[from] Flip Turn
|
|-heal|p2a: Heatran|64/100|[from] item: Leftovers
|-sideend|p2: Metroshock|move: Light Screen
|upkeep
|turn|19
|
|t:|1769324899
|move|p1a: Great Tusk|Close Combat|p2a: Heatran
|-supereffective|p2a: Heatran
|-damage|p2a: Heatran|0 fnt
|-unboost|p1a: Great Tusk|def|1
|-unboost|p1a: Great Tusk|spd|1
|faint|p2a: Heatran
|
|upkeep
|
|t:|1769324903
|switch|p2a: The Wretched Ape|Rillaboom, F|53/100
|-damage|p2a: The Wretched Ape|40/100|[from] Stealth Rock
|-fieldstart|move: Grassy Terrain|[from] ability: Grassy Surge|[of] p2a: The Wretched Ape
|turn|20
|
|t:|1769324909
|-end|p1a: Great Tusk|Protosynthesis|[silent]
|switch|p1a: Pecharunt|Pecharunt|100/100
|move|p2a: The Wretched Ape|U-turn|p1a: Pecharunt
|-resisted|p1a: Pecharunt
|-damage|p1a: Pecharunt|96/100
|-damage|p2a: The Wretched Ape|24/100|[from] item: Rocky Helmet|[of] p1a: Pecharunt
|
|t:|1769324911
|switch|p2a: THE MONAYYYY|Gholdengo|100/100|[from] U-turn
|-damage|p2a: THE MONAYYYY|94/100|[from] Stealth Rock
|
|-heal|p1a: Pecharunt|100/100|[from] Grassy Terrain
|-heal|p2a: THE MONAYYYY|100/100|[from] Grassy Terrain
|upkeep
|turn|21
|
|t:|1769324917
|switch|p1a: Alomomola|Alomomola, M, shiny|100/100
|switch|p2a: The Wretched Ape|Rillaboom, F|24/100
|-damage|p2a: The Wretched Ape|11/100|[from] Stealth Rock
|
|-heal|p2a: The Wretched Ape|18/100|[from] Grassy Terrain
|upkeep
|turn|22
|
|t:|1769324927
|switch|p1a: Pecharunt|Pecharunt|100/100
|move|p2a: The Wretched Ape|Knock Off|p1a: Pecharunt
|-supereffective|p1a: Pecharunt
|-damage|p1a: Pecharunt|47/100
|-damage|p2a: The Wretched Ape|1/100|[from] item: Rocky Helmet|[of] p1a: Pecharunt
|-enditem|p1a: Pecharunt|Rocky Helmet|[from] move: Knock Off|[of] p2a: The Wretched Ape
|
|-heal|p1a: Pecharunt|53/100|[from] Grassy Terrain
|-heal|p2a: The Wretched Ape|7/100|[from] Grassy Terrain
|upkeep
|turn|23
|
|t:|1769324930
|move|p1a: Pecharunt|Recover|p1a: Pecharunt
|-heal|p1a: Pecharunt|100/100
|move|p2a: The Wretched Ape|Knock Off|p1a: Pecharunt
|-supereffective|p1a: Pecharunt
|-damage|p1a: Pecharunt|67/100
|
|-heal|p1a: Pecharunt|73/100|[from] Grassy Terrain
|-heal|p2a: The Wretched Ape|13/100|[from] Grassy Terrain
|upkeep
|turn|24
|
|t:|1769324933
|move|p1a: Pecharunt|Shadow Ball|p2a: The Wretched Ape
|-damage|p2a: The Wretched Ape|0 fnt
|faint|p2a: The Wretched Ape
|
|-heal|p1a: Pecharunt|79/100|[from] Grassy Terrain
|-fieldend|move: Grassy Terrain
|upkeep
|
|t:|1769324937
|switch|p2a: THE MONAYYYY|Gholdengo|100/100
|-damage|p2a: THE MONAYYYY|94/100|[from] Stealth Rock
|turn|25
|
|t:|1769324941
|switch|p1a: Alomomola|Alomomola, M, shiny|100/100
|switch|p2a: Mega!!!|Hawlucha, F|100/100
|-damage|p2a: Mega!!!|88/100|[from] Stealth Rock
|
|upkeep
|turn|26
|
|t:|1769324945
|move|p2a: Mega!!!|Swords Dance|p2a: Mega!!!
|-boost|p2a: Mega!!!|atk|2
|move|p1a: Alomomola|Flip Turn|p2a: Mega!!!
|-damage|p2a: Mega!!!|66/100
|
|t:|1769324955
|switch|p1a: Tinkaton|Tinkaton, F, shiny|100/100|[from] Flip Turn
|-item|p1a: Tinkaton|Air Balloon
|
|upkeep
|turn|27
|
|t:|1769324959
|move|p1a: Tinkaton|Gigaton Hammer|p2a: Mega!!!
|-damage|p2a: Mega!!!|0 fnt
|faint|p2a: Mega!!!
|
|upkeep
|-message|Metroshock forfeited.
|
|win|Gulptubus
|raw|Gulptubus's rating: 1505 &rarr; <strong>1527</strong><br />(+22 for winning)
|raw|Metroshock's rating: 1538 &rarr; <strong>1516</strong><br />(-22 for losing)
|l|☆Metroshock
|player|p2|
