|j|☆Pig Perfect
|j|☆Mathismathin
|t:|1769432730
|gametype|singles
|player|p1|Pig Perfect|workerice|1576
|player|p2|Mathismathin|265|1594
|gen|9
|tier|[Gen 9] OU
|rated|
|rule|HP Percentage Mod: HP is shown in percentages
|rule|Endless Battle Clause: Forcing endless battles is banned
|rule|Species Clause: Limit one of each Pokémon
|rule|OHKO Clause: OHKO moves are banned
|rule|Evasion Items Clause: Evasion items are banned
|rule|Evasion Moves Clause: Evasion moves are banned
|rule|Evasion Abilities Clause: Evasion abilities are banned
|rule|Sleep Moves Clause: Sleep-inducing moves are banned
|clearpoke
|poke|p1|Cinderace, M|
|poke|p1|Decidueye, M|
|poke|p1|Excadrill, M|
|poke|p1|Iron Boulder|
|poke|p1|Mandibuzz, F|
|poke|p1|Tyranitar, F|
|poke|p2|Dudunsparce-*, M|
|poke|p2|Zapdos|
|poke|p2|Weavile, M|
|poke|p2|Iron Treads|
|poke|p2|Dragapult, M|
|poke|p2|Okidogi, M|
|teampreview
|
|t:|1769432743
|teamsize|p1|6
|teamsize|p2|6
|start
|switch|p1a: Thesaurus Rex|Tyranitar, F|100/100
|switch|p2a: Zapdos|Zapdos|100/100
|-weather|Sandstorm|[from] ability: Sand Stream|[of] p1a: Thesaurus Rex
|turn|1
|
|t:|1769432750
|move|p2a: Zapdos|U-turn|p1a: Thesaurus Rex
|-supereffective|p1a: Thesaurus Rex
|-damage|p1a: Thesaurus Rex|81/100
|
|t:|1769432753
|switch|p2a: Okidogi|Okidogi, M|100/100|[from] U-turn
|move|p1a: Thesaurus Rex|Stealth Rock|p2a: Okidogi
|-sidestart|p2: Mathismathin|move: Stealth Rock
|
|-weather|Sandstorm|[upkeep]
|-damage|p2a: Okidogi|94/100|[from] Sandstorm
|upkeep
|turn|2
|
|t:|1769432761
|switch|p1a: Trix are for Kids!|Cinderace, M|100/100
|move|p2a: Okidogi|Drain Punch|p1a: Trix are for Kids!
|-damage|p1a: Trix are for Kids!|36/100
|-heal|p2a: Okidogi|100/100|[from] drain|[of] p1a: Trix are for Kids!
|-status|p1a: Trix are for Kids!|tox|[from] ability: Toxic Chain|[of] p2a: Okidogi
|
|-weather|Sandstorm|[upkeep]
|-damage|p1a: Trix are for Kids!|30/100 tox|[from] Sandstorm
|-damage|p2a: Okidogi|94/100|[from] Sandstorm
|-damage|p1a: Trix are for Kids!|24/100 tox|[from] psn
|upkeep
|turn|3
|
|t:|1769432767
|move|p1a: Trix are for Kids!|U-turn|p2a: Okidogi
|-start|p1a: Trix are for Kids!|typechange|Bug|[from] ability: Libero
|-resisted|p2a: Okidogi
|-damage|p2a: Okidogi|87/100
|
|t:|1769432772
|switch|p1a: WHO did ThiS? XD|Decidueye, M|100/100|[from] U-turn
|move|p2a: Okidogi|Drain Punch|p1a: WHO did ThiS? XD
|-immune|p1a: WHO did ThiS? XD
|
|-weather|Sandstorm|[upkeep]
|-damage|p2a: Okidogi|81/100|[from] Sandstorm
|-damage|p1a: WHO did ThiS? XD|94/100|[from] Sandstorm
|upkeep
|turn|4
|
|t:|1769432779
|move|p2a: Okidogi|Knock Off|p1a: WHO did ThiS? XD
|-supereffective|p1a: WHO did ThiS? XD
|-damage|p1a: WHO did ThiS? XD|31/100
|-status|p1a: WHO did ThiS? XD|tox|[from] ability: Toxic Chain|[of] p2a: Okidogi
|-enditem|p1a: WHO did ThiS? XD|Heavy-Duty Boots|[from] move: Knock Off|[of] p2a: Okidogi
|move|p1a: WHO did ThiS? XD|U-turn|p2a: Okidogi
|-resisted|p2a: Okidogi
|-damage|p2a: Okidogi|78/100
|
|t:|1769432783
|switch|p1a: Holy Moly|Excadrill, M|100/100|[from] U-turn
|-item|p1a: Holy Moly|Air Balloon
|
|-weather|Sandstorm|[upkeep]
|-damage|p2a: Okidogi|72/100|[from] Sandstorm
|upkeep
|turn|5
|
|t:|1769432792
|switch|p1a: WHO did ThiS? XD|Decidueye, M|31/100 tox
|move|p2a: Okidogi|Drain Punch|p1a: WHO did ThiS? XD
|-immune|p1a: WHO did ThiS? XD
|
|-weather|Sandstorm|[upkeep]
|-damage|p2a: Okidogi|66/100|[from] Sandstorm
|-damage|p1a: WHO did ThiS? XD|25/100 tox|[from] Sandstorm
|-damage|p1a: WHO did ThiS? XD|19/100 tox|[from] psn
|upkeep
|turn|6
|
|t:|1769432803
|move|p2a: Okidogi|Ice Punch|p1a: WHO did ThiS? XD
|-supereffective|p1a: WHO did ThiS? XD
|-damage|p1a: WHO did ThiS? XD|0 fnt
|faint|p1a: WHO did ThiS? XD
|
|-weather|Sandstorm|[upkeep]
|-damage|p2a: Okidogi|59/100|[from] Sandstorm
|upkeep
|
|t:|1769432805
|switch|p1a: Holy Moly|Excadrill, M|100/100
|-item|p1a: Holy Moly|Air Balloon
|turn|7
|l|☆Mathismathin
|player|p2|
|j|☆Mathismathin
|player|p2|Mathismathin|265|
|
|t:|1769432824
|switch|p2a: Zapdos|Zapdos|100/100
|move|p1a: Holy Moly|Earthquake|p2a: Zapdos
|-immune|p2a: Zapdos
|
|-weather|Sandstorm|[upkeep]
|-damage|p2a: Zapdos|94/100|[from] Sandstorm
|upkeep
|turn|8
|
|t:|1769432832
|switch|p1a: Thesaurus Rex|Tyranitar, F|81/100
|move|p2a: Zapdos|U-turn|p1a: Thesaurus Rex
|-supereffective|p1a: Thesaurus Rex
|-damage|p1a: Thesaurus Rex|59/100
|
|t:|1769432840
|switch|p2a: Weavile|Weavile, M|100/100|[from] U-turn
|
|-weather|none
|upkeep
|turn|9
|
|t:|1769432846
|switch|p1a: Trix are for Kids!|Cinderace, M|24/100 tox
|move|p2a: Weavile|Low Kick|p1a: Trix are for Kids!
|-damage|p1a: Trix are for Kids!|0 fnt
|faint|p1a: Trix are for Kids!
|
|upkeep
|
|t:|1769432850
|switch|p1a: Thesaurus Rex|Tyranitar, F|59/100
|-weather|Sandstorm|[from] ability: Sand Stream|[of] p1a: Thesaurus Rex
|turn|10
|
|t:|1769432856
|switch|p1a: Mandy + or - Billy|Mandibuzz, F|100/100
|move|p2a: Weavile|Low Kick|p1a: Mandy + or - Billy
|-damage|p1a: Mandy + or - Billy|89/100
|
|-weather|Sandstorm|[upkeep]
|-damage|p2a: Weavile|94/100|[from] Sandstorm
|upkeep
|turn|11
|
|t:|1769432878
|move|p2a: Weavile|Triple Axel|p1a: Mandy + or - Billy
|-supereffective|p1a: Mandy + or - Billy
|-crit|p1a: Mandy + or - Billy
|-damage|p1a: Mandy + or - Billy|70/100
|-supereffective|p1a: Mandy + or - Billy
|-damage|p1a: Mandy + or - Billy|48/100
|-supereffective|p1a: Mandy + or - Billy
|-damage|p1a: Mandy + or - Billy|12/100
|-hitcount|p1a: Mandy + or - Billy|3
|move|p1a: Mandy + or - Billy|Foul Play|p2a: Weavile
|-resisted|p2a: Weavile
|-damage|p2a: Weavile|55/100
|
|-weather|Sandstorm|[upkeep]
|-damage|p2a: Weavile|49/100|[from] Sandstorm
|upkeep
|turn|12
|
|t:|1769432886
|move|p2a: Weavile|Ice Shard|p1a: Mandy + or - Billy
|-supereffective|p1a: Mandy + or - Billy
|-damage|p1a: Mandy + or - Billy|0 fnt
|faint|p1a: Mandy + or - Billy
|
|-weather|Sandstorm|[upkeep]
|-damage|p2a: Weavile|43/100|[from] Sandstorm
|upkeep
|
|t:|1769432887
|switch|p1a: Holy Moly|Excadrill, M|100/100
|-item|p1a: Holy Moly|Air Balloon
|turn|13
|
|t:|1769432896
|move|p1a: Holy Moly|Earthquake|p2a: Weavile
|-damage|p2a: Weavile|0 fnt
|faint|p2a: Weavile
|
|-weather|Sandstorm|[upkeep]
|upkeep
|
|t:|1769432904
|switch|p2a: Dragapult|Dragapult, M|100/100
|turn|14
|
|t:|1769432912
|switch|p1a: Thesaurus Rex|Tyranitar, F|59/100
|move|p2a: Dragapult|Will-O-Wisp|p1a: Thesaurus Rex
|-status|p1a: Thesaurus Rex|brn
|
|-weather|Sandstorm|[upkeep]
|-damage|p2a: Dragapult|95/100|[from] Sandstorm
|-damage|p1a: Thesaurus Rex|53/100 brn|[from] brn
|upkeep
|turn|15
|
|t:|1769432931
|move|p2a: Dragapult|U-turn|p1a: Thesaurus Rex
|-supereffective|p1a: Thesaurus Rex
|-damage|p1a: Thesaurus Rex|25/100 brn
|
|t:|1769432933
|switch|p2a: Okidogi|Okidogi, M|59/100|[from] U-turn
|-damage|p2a: Okidogi|53/100|[from] Stealth Rock
|move|p1a: Thesaurus Rex|Roar|p2a: Okidogi
|drag|p2a: Dudunsparce|Dudunsparce-Three-Segment, M|100/100
|-damage|p2a: Dudunsparce|88/100|[from] Stealth Rock
|
|-weather|Sandstorm|[upkeep]
|-damage|p2a: Dudunsparce|82/100|[from] Sandstorm
|-damage|p1a: Thesaurus Rex|18/100 brn|[from] brn
|upkeep
|turn|16
|
|t:|1769432942
|switch|p2a: Okidogi|Okidogi, M|53/100
|-damage|p2a: Okidogi|47/100|[from] Stealth Rock
|switch|p1a: iBoulder|Iron Boulder|100/100
|
|-weather|Sandstorm|[upkeep]
|-damage|p2a: Okidogi|41/100|[from] Sandstorm
|upkeep
|turn|17
|
|t:|1769432954
|move|p1a: iBoulder|Earthquake|p2a: Okidogi
|-supereffective|p2a: Okidogi
|-damage|p2a: Okidogi|0 fnt
|faint|p2a: Okidogi
|
|-weather|none
|upkeep
|
|t:|1769432969
|switch|p2a: Dragapult|Dragapult, M|95/100
|turn|18
|
|t:|1769432974
|-end|p1a: iBoulder|Quark Drive|[silent]
|switch|p1a: Thesaurus Rex|Tyranitar, F|18/100 brn
|-weather|Sandstorm|[from] ability: Sand Stream|[of] p1a: Thesaurus Rex
|move|p2a: Dragapult|U-turn|p1a: Thesaurus Rex
|-supereffective|p1a: Thesaurus Rex
|-damage|p1a: Thesaurus Rex|0 fnt
|faint|p1a: Thesaurus Rex
|
|t:|1769432977
|switch|p2a: Iron Treads|Iron Treads|100/100|[from] U-turn
|-damage|p2a: Iron Treads|97/100|[from] Stealth Rock
|
|-weather|Sandstorm|[upkeep]
|-heal|p2a: Iron Treads|100/100|[from] item: Leftovers
|upkeep
|
|t:|1769432980
|switch|p1a: Holy Moly|Excadrill, M|100/100
|-item|p1a: Holy Moly|Air Balloon
|turn|19
|
|t:|1769432985
|-terastallize|p2a: Iron Treads|Ghost
|move|p1a: Holy Moly|Swords Dance|p1a: Holy Moly
|-boost|p1a: Holy Moly|atk|2
|move|p2a: Iron Treads|Ice Spinner|p1a: Holy Moly
|-damage|p1a: Holy Moly|66/100
|-enditem|p1a: Holy Moly|Air Balloon
|
|-weather|Sandstorm|[upkeep]
|-damage|p2a: Iron Treads|94/100|[from] Sandstorm
|-heal|p2a: Iron Treads|100/100|[from] item: Leftovers
|upkeep
|turn|20
|
|t:|1769433003
|-terastallize|p1a: Holy Moly|Ghost
|move|p1a: Holy Moly|Shadow Claw|p2a: Iron Treads
|-supereffective|p2a: Iron Treads
|-damage|p2a: Iron Treads|0 fnt
|faint|p2a: Iron Treads
|-end|p2a: Iron Treads|Quark Drive|[silent]
|
|-weather|Sandstorm|[upkeep]
|upkeep
|
|t:|1769433016
|switch|p2a: Zapdos|Zapdos|94/100
|turn|21
|
|t:|1769433021
|switch|p1a: iBoulder|Iron Boulder|100/100
|move|p2a: Zapdos|Roost|p2a: Zapdos
|-heal|p2a: Zapdos|100/100
|-singleturn|p2a: Zapdos|move: Roost
|
|-weather|Sandstorm|[upkeep]
|-damage|p2a: Zapdos|94/100|[from] Sandstorm
|upkeep
|turn|22
|
|t:|1769433026
|switch|p2a: Dudunsparce|Dudunsparce-Three-Segment, M|82/100
|-damage|p2a: Dudunsparce|70/100|[from] Stealth Rock
|move|p1a: iBoulder|Mighty Cleave|p2a: Dudunsparce
|-damage|p2a: Dudunsparce|19/100
|
|-weather|Sandstorm|[upkeep]
|-damage|p2a: Dudunsparce|13/100|[from] Sandstorm
|upkeep
|turn|23
|
|t:|1769433033
|move|p1a: iBoulder|Mighty Cleave|p2a: Dudunsparce
|-damage|p2a: Dudunsparce|0 fnt
|faint|p2a: Dudunsparce
|
|-weather|Sandstorm|[upkeep]
|upkeep
|
|t:|1769433035
|switch|p2a: Dragapult|Dragapult, M|95/100
|turn|24
|
|t:|1769433041
|move|p2a: Dragapult|Will-O-Wisp|p1a: iBoulder
|-status|p1a: iBoulder|brn
|move|p1a: iBoulder|Mighty Cleave|p2a: Dragapult
|-crit|p2a: Dragapult
|-damage|p2a: Dragapult|17/100
|
|-weather|Sandstorm|[upkeep]
|-damage|p2a: Dragapult|11/100|[from] Sandstorm
|-damage|p1a: iBoulder|94/100 brn|[from] brn
|upkeep
|turn|25
|
|t:|1769433058
|move|p2a: Dragapult|U-turn|p1a: iBoulder
|-supereffective|p1a: iBoulder
|-damage|p1a: iBoulder|49/100 brn
|
|t:|1769433060
|switch|p2a: Zapdos|Zapdos|94/100|[from] U-turn
|move|p1a: iBoulder|Mighty Cleave|p2a: Zapdos
|-supereffective|p2a: Zapdos
|-damage|p2a: Zapdos|40/100
|
|-weather|none
|-damage|p1a: iBoulder|43/100 brn|[from] brn
|upkeep
|turn|26
|
|t:|1769433063
|move|p1a: iBoulder|Mighty Cleave|p2a: Zapdos
|-supereffective|p2a: Zapdos
|-damage|p2a: Zapdos|0 fnt
|faint|p2a: Zapdos
|
|-damage|p1a: iBoulder|37/100 brn|[from] brn
|upkeep
|
|t:|1769433068
|switch|p2a: Dragapult|Dragapult, M|11/100
|turn|27
|
|t:|1769433070
|move|p2a: Dragapult|Hex|p1a: iBoulder
|-supereffective|p1a: iBoulder
|-damage|p1a: iBoulder|0 fnt
|faint|p1a: iBoulder
|-end|p1a: iBoulder|Quark Drive|[silent]
|
|upkeep
|
|t:|1769433073
|switch|p1a: Holy Moly|Excadrill, M, tera:Ghost|66/100
|turn|28
|
|t:|1769433077
|move|p2a: Dragapult|Hex|p1a: Holy Moly
|-supereffective|p1a: Holy Moly
|-damage|p1a: Holy Moly|0 fnt
|faint|p1a: Holy Moly
|
|win|Mathismathin
|raw|Pig Perfect's rating: 1576 &rarr; <strong>1557</strong><br />(-19 for losing)
|raw|Mathismathin's rating: 1594 &rarr; <strong>1613</strong><br />(+19 for winning)
|c|☆Pig Perfect|Gg
|l|☆Pig Perfect
|player|p1|
|c|☆Mathismathin|Gg
|l|☆Mathismathin
|player|p2|
