|j|☆help!7777
|j|☆asisisi
|t:|1769350616
|gametype|singles
|player|p1|help!7777|dawn|1253
|player|p2|asisisi|hooligans|1244
|gen|9
|tier|[Gen 9] OU
|rated|
|rule|HP Percentage Mod: HP is shown in percentages
|rule|Endless Battle Clause: Forcing endless battles is banned
|rule|Species Clause: Limit one of each Pokémon
|rule|OHKO Clause: OHKO moves are banned
|rule|Evasion Items Clause: Evasion items are banned
|rule|Evasion Moves Clause: Evasion moves are banned
|rule|Evasion Abilities Clause: Evasion abilities are banned
|rule|Sleep Moves Clause: Sleep-inducing moves are banned
|clearpoke
|poke|p1|Garganacl, M|
|poke|p1|Corviknight, M|
|poke|p1|Quagsire, M|
|poke|p1|Gholdengo|
|poke|p1|Toxapex, M|
|poke|p1|Rillaboom, M|
|poke|p2|Dondozo, M|
|poke|p2|Toxapex, F|
|poke|p2|Clodsire, M|
|poke|p2|Blissey, F|
|poke|p2|Skeledirge, M|
|poke|p2|Corviknight, M|
|teampreview
|
|t:|1769350630
|teamsize|p1|6
|teamsize|p2|6
|start
|switch|p1a: Toxapex|Toxapex, M, shiny|100/100
|switch|p2a: Dondozo|Dondozo, M|100/100
|turn|1
|
|t:|1769350637
|switch|p2a: Toxapex|Toxapex, F|100/100
|move|p1a: Toxapex|Infestation|p2a: Toxapex
|-resisted|p2a: Toxapex
|-damage|p2a: Toxapex|99/100
|-activate|p2a: Toxapex|move: Infestation|[of] p1a: Toxapex
|
|-heal|p2a: Toxapex|100/100|[from] item: Black Sludge
|-damage|p2a: Toxapex|88/100|[from] move: Infestation|[partiallytrapped]
|upkeep
|turn|2
|
|t:|1769350645
|move|p1a: Toxapex|Baneful Bunker|p1a: Toxapex
|-singleturn|p1a: Toxapex|move: Protect
|move|p2a: Toxapex|Infestation|p1a: Toxapex
|-activate|p1a: Toxapex|move: Protect
|
|-heal|p2a: Toxapex|94/100|[from] item: Black Sludge
|-damage|p2a: Toxapex|82/100|[from] move: Infestation|[partiallytrapped]
|upkeep
|turn|3
|
|t:|1769350669
|switch|p1a: Garganacl|Garganacl, M, shiny|100/100
|move|p2a: Toxapex|Infestation|p1a: Garganacl
|-damage|p1a: Garganacl|98/100
|-activate|p1a: Garganacl|move: Infestation|[of] p2a: Toxapex
|
|-heal|p1a: Garganacl|100/100|[from] item: Leftovers
|-heal|p2a: Toxapex|88/100|[from] item: Black Sludge
|-damage|p1a: Garganacl|88/100|[from] move: Infestation|[partiallytrapped]
|-end|p2a: Toxapex|Infestation|[partiallytrapped]|[silent]
|upkeep
|turn|4
|
|t:|1769350704
|-terastallize|p2a: Toxapex|Poison
|move|p1a: Garganacl|Stealth Rock|p2a: Toxapex
|-sidestart|p2: asisisi|move: Stealth Rock
|move|p2a: Toxapex|Toxic Spikes|p1a: Garganacl
|-sidestart|p1: help!7777|move: Toxic Spikes
|
|-heal|p2a: Toxapex|94/100|[from] item: Black Sludge
|-heal|p1a: Garganacl|94/100|[from] item: Leftovers
|-damage|p1a: Garganacl|82/100|[from] move: Infestation|[partiallytrapped]
|upkeep
|turn|5
|
|t:|1769350713
|move|p1a: Garganacl|Salt Cure|p2a: Toxapex
|-damage|p2a: Toxapex|86/100
|-start|p2a: Toxapex|Salt Cure
|move|p2a: Toxapex|Toxic Spikes|p1a: Garganacl
|-sidestart|p1: help!7777|move: Toxic Spikes
|
|-heal|p2a: Toxapex|93/100|[from] item: Black Sludge
|-heal|p1a: Garganacl|88/100|[from] item: Leftovers
|-damage|p2a: Toxapex|80/100|[from] Salt Cure
|-damage|p1a: Garganacl|76/100|[from] move: Infestation|[partiallytrapped]
|upkeep
|turn|6
|
|t:|1769350725
|move|p1a: Garganacl|Protect|p1a: Garganacl
|-singleturn|p1a: Garganacl|Protect
|move|p2a: Toxapex|Toxic|p1a: Garganacl
|-activate|p1a: Garganacl|move: Protect
|
|-heal|p1a: Garganacl|82/100|[from] item: Leftovers
|-heal|p2a: Toxapex|86/100|[from] item: Black Sludge
|-damage|p2a: Toxapex|74/100|[from] Salt Cure
|-damage|p1a: Garganacl|70/100|[from] move: Infestation|[partiallytrapped]
|upkeep
|turn|7
|
|t:|1769350735
|move|p2a: Toxapex|Toxic|p1a: Garganacl
|-immune|p1a: Garganacl|[from] ability: Purifying Salt
|move|p1a: Garganacl|Recover|p1a: Garganacl
|-heal|p1a: Garganacl|100/100
|
|-heal|p2a: Toxapex|80/100|[from] item: Black Sludge
|-damage|p2a: Toxapex|68/100|[from] Salt Cure
|-damage|p1a: Garganacl|88/100|[from] move: Infestation|[partiallytrapped]
|upkeep
|turn|8
|
|t:|1769350752
|move|p1a: Garganacl|Protect|p1a: Garganacl
|-singleturn|p1a: Garganacl|Protect
|move|p2a: Toxapex|Infestation|p1a: Garganacl
|-activate|p1a: Garganacl|move: Protect
|
|-heal|p2a: Toxapex|74/100|[from] item: Black Sludge
|-heal|p1a: Garganacl|94/100|[from] item: Leftovers
|-end|p1a: Garganacl|Infestation|[partiallytrapped]
|-damage|p2a: Toxapex|61/100|[from] Salt Cure
|upkeep
|turn|9
|
|t:|1769350765
|move|p1a: Garganacl|Salt Cure|p2a: Toxapex
|-damage|p2a: Toxapex|53/100
|move|p2a: Toxapex|Infestation|p1a: Garganacl
|-damage|p1a: Garganacl|92/100
|-activate|p1a: Garganacl|move: Infestation|[of] p2a: Toxapex
|
|-heal|p1a: Garganacl|98/100|[from] item: Leftovers
|-heal|p2a: Toxapex|59/100|[from] item: Black Sludge
|-damage|p1a: Garganacl|85/100|[from] move: Infestation|[partiallytrapped]
|-damage|p2a: Toxapex|47/100|[from] Salt Cure
|upkeep
|turn|10
|
|t:|1769350779
|move|p1a: Garganacl|Protect|p1a: Garganacl
|-singleturn|p1a: Garganacl|Protect
|move|p2a: Toxapex|Recover|p2a: Toxapex
|-heal|p2a: Toxapex|97/100
|
|-heal|p2a: Toxapex|100/100|[from] item: Black Sludge
|-heal|p1a: Garganacl|92/100|[from] item: Leftovers
|-damage|p2a: Toxapex|88/100|[from] Salt Cure
|-damage|p1a: Garganacl|79/100|[from] move: Infestation|[partiallytrapped]
|upkeep
|turn|11
|
|t:|1769350790
|move|p1a: Garganacl|Salt Cure|p2a: Toxapex
|-damage|p2a: Toxapex|80/100
|move|p2a: Toxapex|Infestation|p1a: Garganacl
|-damage|p1a: Garganacl|76/100
|
|-heal|p2a: Toxapex|86/100|[from] item: Black Sludge
|-heal|p1a: Garganacl|82/100|[from] item: Leftovers
|-damage|p1a: Garganacl|70/100|[from] move: Infestation|[partiallytrapped]
|-damage|p2a: Toxapex|74/100|[from] Salt Cure
|upkeep
|turn|12
|
|t:|1769350808
|move|p1a: Garganacl|Protect|p1a: Garganacl
|-singleturn|p1a: Garganacl|Protect
|move|p2a: Toxapex|Toxic|p1a: Garganacl
|-activate|p1a: Garganacl|move: Protect
|
|-heal|p1a: Garganacl|76/100|[from] item: Leftovers
|-heal|p2a: Toxapex|80/100|[from] item: Black Sludge
|-damage|p2a: Toxapex|68/100|[from] Salt Cure
|-damage|p1a: Garganacl|64/100|[from] move: Infestation|[partiallytrapped]
|upkeep
|turn|13
|
|t:|1769350826
|move|p2a: Toxapex|Toxic Spikes||[still]
|-fail|p2a: Toxapex
|move|p1a: Garganacl|Salt Cure|p2a: Toxapex
|-damage|p2a: Toxapex|59/100
|
|-heal|p1a: Garganacl|70/100|[from] item: Leftovers
|-heal|p2a: Toxapex|66/100|[from] item: Black Sludge
|-end|p1a: Garganacl|Infestation|[partiallytrapped]
|-damage|p2a: Toxapex|53/100|[from] Salt Cure
|upkeep
|turn|14
|
|t:|1769350840
|move|p2a: Toxapex|Infestation|p1a: Garganacl
|-damage|p1a: Garganacl|67/100
|-activate|p1a: Garganacl|move: Infestation|[of] p2a: Toxapex
|move|p1a: Garganacl|Stealth Rock||[still]
|-fail|p1a: Garganacl
|
|-heal|p1a: Garganacl|74/100|[from] item: Leftovers
|-heal|p2a: Toxapex|59/100|[from] item: Black Sludge
|-damage|p1a: Garganacl|61/100|[from] move: Infestation|[partiallytrapped]
|-damage|p2a: Toxapex|47/100|[from] Salt Cure
|upkeep
|turn|15
|
|t:|1769350863
|move|p1a: Garganacl|Salt Cure|p2a: Toxapex
|-damage|p2a: Toxapex|39/100
|move|p2a: Toxapex|Recover|p2a: Toxapex
|-heal|p2a: Toxapex|89/100
|
|-heal|p2a: Toxapex|95/100|[from] item: Black Sludge
|-heal|p1a: Garganacl|67/100|[from] item: Leftovers
|-damage|p1a: Garganacl|55/100|[from] move: Infestation|[partiallytrapped]
|-damage|p2a: Toxapex|83/100|[from] Salt Cure
|upkeep
|turn|16
|
|t:|1769350874
|move|p1a: Garganacl|Recover|p1a: Garganacl
|-heal|p1a: Garganacl|100/100
|move|p2a: Toxapex|Infestation|p1a: Garganacl
|-damage|p1a: Garganacl|98/100
|
|-heal|p1a: Garganacl|100/100|[from] item: Leftovers
|-heal|p2a: Toxapex|89/100|[from] item: Black Sludge
|-damage|p1a: Garganacl|88/100|[from] move: Infestation|[partiallytrapped]
|-damage|p2a: Toxapex|76/100|[from] Salt Cure
|upkeep
|turn|17
|
|t:|1769350884
|move|p1a: Garganacl|Protect|p1a: Garganacl
|-singleturn|p1a: Garganacl|Protect
|move|p2a: Toxapex|Infestation|p1a: Garganacl
|-activate|p1a: Garganacl|move: Protect
|
|-heal|p1a: Garganacl|94/100|[from] item: Leftovers
|-heal|p2a: Toxapex|83/100|[from] item: Black Sludge
|-damage|p2a: Toxapex|70/100|[from] Salt Cure
|-damage|p1a: Garganacl|82/100|[from] move: Infestation|[partiallytrapped]
|upkeep
|turn|18
|
|t:|1769350899
|move|p1a: Garganacl|Salt Cure|p2a: Toxapex
|-damage|p2a: Toxapex|62/100
|move|p2a: Toxapex|Toxic Spikes||[still]
|-fail|p2a: Toxapex
|
|-heal|p2a: Toxapex|68/100|[from] item: Black Sludge
|-heal|p1a: Garganacl|88/100|[from] item: Leftovers
|-end|p1a: Garganacl|Infestation|[partiallytrapped]
|-damage|p2a: Toxapex|56/100|[from] Salt Cure
|upkeep
|turn|19
|
|t:|1769350939
|switch|p1a: Corviknight|Corviknight, M, shiny|100/100
|-ability|p1a: Corviknight|Pressure
|move|p2a: Toxapex|Toxic|p1a: Corviknight
|-immune|p1a: Corviknight
|
|-heal|p2a: Toxapex|62/100|[from] item: Black Sludge
|-damage|p2a: Toxapex|50/100|[from] Salt Cure
|upkeep
|turn|20
|
|t:|1769350953
|switch|p2a: Skeledirge|Skeledirge, M|100/100
|-damage|p2a: Skeledirge|75/100|[from] Stealth Rock
|move|p1a: Corviknight|Brave Bird|p2a: Skeledirge
|-damage|p2a: Skeledirge|49/100
|-damage|p1a: Corviknight|91/100|[from] Recoil
|
|-heal|p2a: Skeledirge|55/100|[from] item: Leftovers
|upkeep
|turn|21
|
|t:|1769350966
|switch|p1a: Toxapex|Toxapex, M, shiny|100/100
|-sideend|p1: help!7777|move: Toxic Spikes|[of] p1a: Toxapex
|move|p2a: Skeledirge|Substitute|p2a: Skeledirge
|-start|p2a: Skeledirge|Substitute
|-damage|p2a: Skeledirge|30/100
|
|-heal|p2a: Skeledirge|36/100|[from] item: Leftovers
|upkeep
|turn|22
|
|t:|1769350973
|move|p2a: Skeledirge|Slack Off|p2a: Skeledirge
|-heal|p2a: Skeledirge|86/100
|move|p1a: Toxapex|Liquidation|p2a: Skeledirge
|-supereffective|p2a: Skeledirge
|-activate|p2a: Skeledirge|move: Substitute|[damage]
|
|-heal|p2a: Skeledirge|92/100|[from] item: Leftovers
|upkeep
|turn|23
|
|t:|1769350984
|move|p2a: Skeledirge|Torch Song|p1a: Toxapex
|-resisted|p1a: Toxapex
|-damage|p1a: Toxapex|87/100
|-boost|p2a: Skeledirge|spa|1
|move|p1a: Toxapex|Liquidation|p2a: Skeledirge
|-supereffective|p2a: Skeledirge
|-end|p2a: Skeledirge|Substitute
|
|-heal|p2a: Skeledirge|99/100|[from] item: Leftovers
|-heal|p1a: Toxapex|94/100|[from] item: Leftovers
|upkeep
|turn|24
|
|t:|1769350994
|move|p2a: Skeledirge|Substitute|p2a: Skeledirge
|-start|p2a: Skeledirge|Substitute
|-damage|p2a: Skeledirge|74/100
|move|p1a: Toxapex|Liquidation|p2a: Skeledirge
|-supereffective|p2a: Skeledirge
|-end|p2a: Skeledirge|Substitute
|
|-heal|p2a: Skeledirge|80/100|[from] item: Leftovers
|-heal|p1a: Toxapex|99/100|[from] item: Leftovers
|upkeep
|turn|25
|
|t:|1769351012
|switch|p1a: Quagsire|Quagsire, M, shiny|100/100
|move|p2a: Skeledirge|Substitute|p2a: Skeledirge
|-start|p2a: Skeledirge|Substitute
|-damage|p2a: Skeledirge|55/100
|
|-heal|p2a: Skeledirge|61/100|[from] item: Leftovers
|upkeep
|turn|26
|
|t:|1769351020
|move|p2a: Skeledirge|Slack Off|p2a: Skeledirge
|-heal|p2a: Skeledirge|100/100
|move|p1a: Quagsire|Earthquake|p2a: Skeledirge
|-supereffective|p2a: Skeledirge
|-end|p2a: Skeledirge|Substitute
|
|upkeep
|turn|27
|
|t:|1769351027
|switch|p2a: Corviknight|Corviknight, M|100/100
|-damage|p2a: Corviknight|88/100|[from] Stealth Rock
|-ability|p2a: Corviknight|Pressure
|move|p1a: Quagsire|Earthquake|p2a: Corviknight
|-immune|p2a: Corviknight
|
|-heal|p2a: Corviknight|94/100|[from] item: Leftovers
|upkeep
|turn|28
|
|t:|1769351037
|switch|p1a: Gholdengo|Gholdengo, shiny|100/100
|move|p2a: Corviknight|Defog|p1a: Gholdengo
|-immune|p1a: Gholdengo|[from] ability: Good as Gold
|
|-heal|p2a: Corviknight|100/100|[from] item: Leftovers
|upkeep
|turn|29
|
|t:|1769351044
|move|p1a: Gholdengo|Thunder Wave|p2a: Corviknight
|-status|p2a: Corviknight|par
|move|p2a: Corviknight|U-turn|p1a: Gholdengo
|-resisted|p1a: Gholdengo
|-damage|p1a: Gholdengo|98/100
|
|t:|1769351052
|switch|p2a: Blissey|Blissey, F|100/100|[from] U-turn
|-damage|p2a: Blissey|88/100|[from] Stealth Rock
|
|-heal|p1a: Gholdengo|100/100|[from] item: Leftovers
|-status|p2a: Blissey|brn|[from] item: Flame Orb
|upkeep
|turn|30
|
|t:|1769351067
|switch|p1a: Garganacl|Garganacl, M, shiny|88/100
|move|p2a: Blissey|Shadow Ball|p1a: Garganacl
|-damage|p1a: Garganacl|81/100
|
|-heal|p1a: Garganacl|87/100|[from] item: Leftovers
|-damage|p2a: Blissey|82/100 brn|[from] brn
|upkeep
|turn|31
|
|t:|1769351078
|-curestatus|p2a: Blissey|brn|[from] ability: Natural Cure
|switch|p2a: Toxapex|Toxapex, F, tera:Poison|83/100
|-damage|p2a: Toxapex|70/100|[from] Stealth Rock
|move|p1a: Garganacl|Salt Cure|p2a: Toxapex
|-damage|p2a: Toxapex|62/100
|-start|p2a: Toxapex|Salt Cure
|
|-heal|p2a: Toxapex|69/100|[from] item: Black Sludge
|-heal|p1a: Garganacl|93/100|[from] item: Leftovers
|-damage|p2a: Toxapex|56/100|[from] Salt Cure
|upkeep
|turn|32
|
|t:|1769351092
|move|p1a: Garganacl|Protect|p1a: Garganacl
|-singleturn|p1a: Garganacl|Protect
|move|p2a: Toxapex|Infestation|p1a: Garganacl
|-activate|p1a: Garganacl|move: Protect
|
|-heal|p2a: Toxapex|62/100|[from] item: Black Sludge
|-heal|p1a: Garganacl|99/100|[from] item: Leftovers
|-damage|p2a: Toxapex|50/100|[from] Salt Cure
|upkeep
|turn|33
|
|t:|1769351104
|switch|p1a: Corviknight|Corviknight, M, shiny|91/100
|-ability|p1a: Corviknight|Pressure
|move|p2a: Toxapex|Infestation|p1a: Corviknight
|-resisted|p1a: Corviknight
|-damage|p1a: Corviknight|91/100
|-activate|p1a: Corviknight|move: Infestation|[of] p2a: Toxapex
|
|-heal|p2a: Toxapex|56/100|[from] item: Black Sludge
|-damage|p1a: Corviknight|79/100|[from] move: Infestation|[partiallytrapped]
|-damage|p2a: Toxapex|44/100|[from] Salt Cure
|upkeep
|turn|34
|
|t:|1769351114
|move|p1a: Corviknight|U-turn|p2a: Toxapex
|-resisted|p2a: Toxapex
|-damage|p2a: Toxapex|39/100
|
|t:|1769351119
|switch|p1a: Quagsire|Quagsire, M, shiny|100/100|[from] U-turn
|move|p2a: Toxapex|Recover|p2a: Toxapex
|-heal|p2a: Toxapex|89/100
|
|-heal|p2a: Toxapex|95/100|[from] item: Black Sludge
|-damage|p2a: Toxapex|83/100|[from] Salt Cure
|upkeep
|turn|35
|
|t:|1769351129
|switch|p2a: Corviknight|Corviknight, M|100/100 par
|-damage|p2a: Corviknight|88/100 par|[from] Stealth Rock
|-ability|p2a: Corviknight|Pressure
|move|p1a: Quagsire|Spikes|p2a: Corviknight
|-sidestart|p2: asisisi|Spikes
|
|-heal|p2a: Corviknight|94/100 par|[from] item: Leftovers
|upkeep
|turn|36
|
|t:|1769351139
|switch|p1a: Gholdengo|Gholdengo, shiny|100/100
|cant|p2a: Corviknight|par
|
|-heal|p2a: Corviknight|100/100 par|[from] item: Leftovers
|upkeep
|turn|37
|
|t:|1769351146
|switch|p2a: Blissey|Blissey, F|82/100
|-damage|p2a: Blissey|70/100|[from] Stealth Rock
|-damage|p2a: Blissey|57/100|[from] Spikes
|move|p1a: Gholdengo|Hex|p2a: Blissey
|-immune|p2a: Blissey
|
|-status|p2a: Blissey|brn|[from] item: Flame Orb
|upkeep
|turn|38
|-message|asisisi forfeited.
|
|win|help!7777
|raw|help!7777's rating: 1253 &rarr; <strong>1277</strong><br />(+24 for winning)
|raw|asisisi's rating: 1244 &rarr; <strong>1220</strong><br />(-24 for losing)
|l|☆asisisi
|player|p2|
|l|☆help!7777
|player|p1|
