|j|☆ghighas
|j|☆Hammez40
|t:|1769381612
|gametype|singles
|player|p1|ghighas|101|1337
|player|p2|Hammez40|harlequin|1304
|gen|9
|tier|[Gen 9] OU
|rated|
|rule|HP Percentage Mod: HP is shown in percentages
|rule|Endless Battle Clause: Forcing endless battles is banned
|rule|Species Clause: Limit one of each Pokémon
|rule|OHKO Clause: OHKO moves are banned
|rule|Evasion Items Clause: Evasion items are banned
|rule|Evasion Moves Clause: Evasion moves are banned
|rule|Evasion Abilities Clause: Evasion abilities are banned
|rule|Sleep Moves Clause: Sleep-inducing moves are banned
|clearpoke
|poke|p1|Barraskewda, M|
|poke|p1|Pelipper, F|
|poke|p1|Dondozo, M|
|poke|p1|Ogerpon-Wellspring, F|
|poke|p1|Goodra-Hisui, M|
|poke|p1|Great Tusk|
|poke|p2|Darkrai|
|poke|p2|Iron Crown|
|poke|p2|Quaquaval, F|
|poke|p2|Gliscor, F|
|poke|p2|Florges, F|
|poke|p2|Pecharunt|
|teampreview
|inactive|Battle timer is ON: inactive players will automatically lose when time's up. (requested by ghighas)
|
|t:|1769381628
|teamsize|p1|6
|teamsize|p2|6
|start
|switch|p1a: Pelipper|Pelipper, F|100/100
|switch|p2a: Darius|Darkrai, shiny|100/100
|-weather|RainDance|[from] ability: Drizzle|[of] p1a: Pelipper
|turn|1
|
|t:|1769381632
|move|p2a: Darius|Substitute|p2a: Darius
|-start|p2a: Darius|Substitute
|-damage|p2a: Darius|75/100
|move|p1a: Pelipper|U-turn|p2a: Darius
|-supereffective|p2a: Darius
|-activate|p2a: Darius|move: Substitute|[damage]
|
|t:|1769381634
|switch|p1a: Goodra|Goodra-Hisui, M|100/100|[from] U-turn
|
|-weather|RainDance|[upkeep]
|-heal|p2a: Darius|82/100|[from] item: Leftovers
|upkeep
|turn|2
|
|t:|1769381642
|move|p2a: Darius|Nasty Plot|p2a: Darius
|-boost|p2a: Darius|spa|2
|move|p1a: Goodra|Flash Cannon|p2a: Darius
|-end|p2a: Darius|Substitute
|
|-weather|RainDance|[upkeep]
|-heal|p2a: Darius|88/100|[from] item: Leftovers
|upkeep
|turn|3
|
|t:|1769381651
|move|p2a: Darius|Dark Pulse|p1a: Goodra
|-damage|p1a: Goodra|55/100
|move|p1a: Goodra|Flash Cannon|p2a: Darius
|-damage|p2a: Darius|50/100
|
|-weather|RainDance|[upkeep]
|-heal|p2a: Darius|56/100|[from] item: Leftovers
|upkeep
|turn|4
|
|t:|1769381661
|move|p2a: Darius|Dark Pulse|p1a: Goodra
|-damage|p1a: Goodra|12/100
|cant|p1a: Goodra|flinch
|
|-weather|RainDance|[upkeep]
|-heal|p2a: Darius|62/100|[from] item: Leftovers
|upkeep
|turn|5
|
|t:|1769381666
|switch|p1a: Great Tusk|Great Tusk|100/100
|move|p2a: Darius|Dark Pulse|p1a: Great Tusk
|-resisted|p1a: Great Tusk
|-damage|p1a: Great Tusk|59/100
|
|-weather|RainDance|[upkeep]
|-heal|p2a: Darius|68/100|[from] item: Leftovers
|upkeep
|turn|6
|
|t:|1769381682
|move|p2a: Darius|Substitute|p2a: Darius
|-start|p2a: Darius|Substitute
|-damage|p2a: Darius|43/100
|move|p1a: Great Tusk|Stealth Rock|p2a: Darius
|-sidestart|p2: Hammez40|move: Stealth Rock
|
|-weather|RainDance|[upkeep]
|-heal|p2a: Darius|49/100|[from] item: Leftovers
|upkeep
|turn|7
|
|t:|1769381691
|move|p2a: Darius|Nasty Plot|p2a: Darius
|-boost|p2a: Darius|spa|2
|move|p1a: Great Tusk|Earthquake|p2a: Darius
|-end|p2a: Darius|Substitute
|
|-weather|RainDance|[upkeep]
|-heal|p2a: Darius|56/100|[from] item: Leftovers
|upkeep
|turn|8
|
|t:|1769381700
|move|p2a: Darius|Sludge Bomb|p1a: Great Tusk
|-resisted|p1a: Great Tusk
|-damage|p1a: Great Tusk|10/100
|move|p1a: Great Tusk|Earthquake|p2a: Darius
|-damage|p2a: Darius|4/100
|
|-weather|none
|-heal|p2a: Darius|10/100|[from] item: Leftovers
|upkeep
|turn|9
|
|t:|1769381723
|-end|p1a: Great Tusk|Protosynthesis|[silent]
|switch|p1a: Goodra|Goodra-Hisui, M|12/100
|move|p2a: Darius|Dark Pulse|p1a: Goodra
|-damage|p1a: Goodra|0 fnt
|faint|p1a: Goodra
|
|-heal|p2a: Darius|16/100|[from] item: Leftovers
|upkeep
|
|t:|1769381725
|switch|p1a: Barraskewda|Barraskewda, M, shiny|100/100
|turn|10
|
|t:|1769381742
|move|p1a: Barraskewda|Aqua Jet|p2a: Darius
|-damage|p2a: Darius|0 fnt
|faint|p2a: Darius
|
|upkeep
|
|t:|1769381760
|switch|p2a: dayman wayans|Pecharunt|100/100
|turn|11
|
|t:|1769381766
|switch|p1a: Pelipper|Pelipper, F|100/100
|-weather|RainDance|[from] ability: Drizzle|[of] p1a: Pelipper
|move|p2a: dayman wayans|Malignant Chain|p1a: Pelipper
|-damage|p1a: Pelipper|64/100
|-status|p1a: Pelipper|tox
|-start|p1a: Pelipper|confusion|[from] ability: Poison Puppeteer|[of] p2a: dayman wayans
|
|-weather|RainDance|[upkeep]
|-damage|p1a: Pelipper|58/100 tox|[from] psn
|upkeep
|turn|12
|
|t:|1769381781
|move|p2a: dayman wayans|Parting Shot|p1a: Pelipper
|-unboost|p1a: Pelipper|atk|1
|-unboost|p1a: Pelipper|spa|1
|
|t:|1769381786
|switch|p2a: bat|Gliscor, F|100/100|[from] Parting Shot
|-damage|p2a: bat|88/100|[from] Stealth Rock
|-activate|p1a: Pelipper|confusion
|move|p1a: Pelipper|Weather Ball|p2a: bat
|-supereffective|p2a: bat
|-damage|p2a: bat|10/100
|
|-weather|RainDance|[upkeep]
|-damage|p1a: Pelipper|45/100 tox|[from] psn
|-status|p2a: bat|tox|[from] item: Toxic Orb
|upkeep
|turn|13
|
|t:|1769381803
|move|p2a: bat|Protect|p2a: bat
|-singleturn|p2a: bat|Protect
|-end|p1a: Pelipper|confusion
|move|p1a: Pelipper|Roost|p1a: Pelipper
|-heal|p1a: Pelipper|96/100 tox
|-singleturn|p1a: Pelipper|move: Roost
|
|-weather|RainDance|[upkeep]
|-heal|p2a: bat|22/100 tox|[from] ability: Poison Heal
|-damage|p1a: Pelipper|77/100 tox|[from] psn
|upkeep
|turn|14
|
|t:|1769381815
|switch|p2a: rosatia|Florges, F, shiny|100/100
|-damage|p2a: rosatia|88/100|[from] Stealth Rock
|move|p1a: Pelipper|U-turn|p2a: rosatia
|-resisted|p2a: rosatia
|-damage|p2a: rosatia|84/100
|
|t:|1769381819
|switch|p1a: Barraskewda|Barraskewda, M, shiny|100/100|[from] U-turn
|
|-weather|RainDance|[upkeep]
|upkeep
|turn|15
|inactive|Hammez40 has 120 seconds left.
|
|t:|1769381841
|-terastallize|p1a: Barraskewda|Water
|-terastallize|p2a: rosatia|Grass
|move|p1a: Barraskewda|Liquidation|p2a: rosatia
|-resisted|p2a: rosatia
|-damage|p2a: rosatia|0 fnt
|faint|p2a: rosatia
|
|-weather|RainDance|[upkeep]
|upkeep
|inactive|Hammez40 has 120 seconds left.
|
|t:|1769381851
|switch|p2a: dayman wayans|Pecharunt|100/100
|turn|16
|
|t:|1769381854
|move|p1a: Barraskewda|Liquidation|p2a: dayman wayans
|-damage|p2a: dayman wayans|34/100
|move|p2a: dayman wayans|Foul Play|p1a: Barraskewda
|-damage|p1a: Barraskewda|38/100
|
|-weather|RainDance|[upkeep]
|upkeep
|turn|17
|
|t:|1769381869
|move|p1a: Barraskewda|Liquidation|p2a: dayman wayans
|-damage|p2a: dayman wayans|0 fnt
|faint|p2a: dayman wayans
|
|-weather|RainDance|[upkeep]
|upkeep
|inactive|Hammez40 has 120 seconds left.
|
|t:|1769381883
|switch|p2a: elton|Quaquaval, F, shiny|100/100
|-damage|p2a: elton|94/100|[from] Stealth Rock
|turn|18
|
|t:|1769381889
|move|p2a: elton|Aqua Jet|p1a: Barraskewda
|-resisted|p1a: Barraskewda
|-damage|p1a: Barraskewda|8/100
|move|p1a: Barraskewda|Liquidation|p2a: elton
|-resisted|p2a: elton
|-damage|p2a: elton|4/100
|
|-weather|none
|-heal|p2a: elton|10/100|[from] item: Leftovers
|upkeep
|turn|19
|
|t:|1769381898
|switch|p1a: Pelipper|Pelipper, F|77/100 tox
|-weather|RainDance|[from] ability: Drizzle|[of] p1a: Pelipper
|move|p2a: elton|Aqua Jet|p1a: Pelipper
|-resisted|p1a: Pelipper
|-damage|p1a: Pelipper|64/100 tox
|
|-weather|RainDance|[upkeep]
|-heal|p2a: elton|17/100|[from] item: Leftovers
|-damage|p1a: Pelipper|58/100 tox|[from] psn
|upkeep
|turn|20
|
|t:|1769381905
|move|p2a: elton|Aqua Step|p1a: Pelipper
|-resisted|p1a: Pelipper
|-damage|p1a: Pelipper|33/100 tox
|-boost|p2a: elton|spe|1
|move|p1a: Pelipper|U-turn|p2a: elton
|-resisted|p2a: elton
|-damage|p2a: elton|11/100
|
|t:|1769381914
|switch|p1a: Barraskewda|Barraskewda, M, shiny, tera:Water|8/100|[from] U-turn
|
|-weather|RainDance|[upkeep]
|-heal|p2a: elton|17/100|[from] item: Leftovers
|upkeep
|turn|21
|
|t:|1769381922
|move|p1a: Barraskewda|Aqua Jet|p2a: elton
|-resisted|p2a: elton
|-damage|p2a: elton|0 fnt
|faint|p2a: elton
|
|-weather|RainDance|[upkeep]
|upkeep
|
|t:|1769381925
|switch|p2a: bat|Gliscor, F|22/100 tox
|-damage|p2a: bat|10/100 tox|[from] Stealth Rock
|turn|22
|
|t:|1769381927
|move|p2a: bat|Protect|p2a: bat
|-singleturn|p2a: bat|Protect
|move|p1a: Barraskewda|Aqua Jet|p2a: bat
|-activate|p2a: bat|move: Protect
|
|-weather|RainDance|[upkeep]
|-heal|p2a: bat|22/100 tox|[from] ability: Poison Heal
|upkeep
|turn|23
|
|t:|1769381930
|move|p1a: Barraskewda|Aqua Jet|p2a: bat
|-supereffective|p2a: bat
|-damage|p2a: bat|0 fnt
|faint|p2a: bat
|
|-weather|RainDance|[upkeep]
|upkeep
|
|t:|1769381933
|switch|p2a: bambs|Iron Crown|100/100
|-damage|p2a: bambs|94/100|[from] Stealth Rock
|-enditem|p2a: bambs|Booster Energy
|-activate|p2a: bambs|ability: Quark Drive|[fromitem]
|-start|p2a: bambs|quarkdrivespe
|turn|24
|
|t:|1769381942
|switch|p1a: Ogerpon|Ogerpon-Wellspring, F|100/100
|move|p2a: bambs|Tachyon Cutter|p1a: Ogerpon
|-resisted|p1a: Ogerpon
|-damage|p1a: Ogerpon|87/100
|-resisted|p1a: Ogerpon
|-damage|p1a: Ogerpon|74/100
|-hitcount|p1a: Ogerpon|2
|
|-weather|RainDance|[upkeep]
|upkeep
|turn|25
|
|t:|1769381949
|move|p2a: bambs|Tachyon Cutter|p1a: Ogerpon
|-resisted|p1a: Ogerpon
|-crit|p1a: Ogerpon
|-damage|p1a: Ogerpon|54/100
|-resisted|p1a: Ogerpon
|-damage|p1a: Ogerpon|43/100
|-hitcount|p1a: Ogerpon|2
|move|p1a: Ogerpon|Ivy Cudgel|p2a: bambs|[anim] Ivy Cudgel Water
|-damage|p2a: bambs|13/100
|
|-weather|RainDance|[upkeep]
|upkeep
|turn|26
|
|t:|1769381966
|move|p2a: bambs|Tachyon Cutter|p1a: Ogerpon
|-resisted|p1a: Ogerpon
|-damage|p1a: Ogerpon|30/100
|-resisted|p1a: Ogerpon
|-damage|p1a: Ogerpon|18/100
|-hitcount|p1a: Ogerpon|2
|move|p1a: Ogerpon|Ivy Cudgel|p2a: bambs|[anim] Ivy Cudgel Water
|-damage|p2a: bambs|0 fnt
|faint|p2a: bambs
|-end|p2a: bambs|Quark Drive|[silent]
|
|win|ghighas
|raw|ghighas's rating: 1356 &rarr; <strong>1373</strong><br />(+17 for winning)
|raw|Hammez40's rating: 1304 &rarr; <strong>1287</strong><br />(-17 for losing)
|l|☆ghighas
|player|p1|
|l|☆Hammez40
|player|p2|
