|j|☆Schrosch
|j|☆asisisi
|t:|1769326122
|gametype|singles
|player|p1|Schrosch|169|1196
|player|p2|asisisi|hooligans|1249
|gen|9
|tier|[Gen 9] OU
|rated|
|rule|HP Percentage Mod: HP is shown in percentages
|rule|Endless Battle Clause: Forcing endless battles is banned
|rule|Species Clause: Limit one of each Pokémon
|rule|OHKO Clause: OHKO moves are banned
|rule|Evasion Items Clause: Evasion items are banned
|rule|Evasion Moves Clause: Evasion moves are banned
|rule|Evasion Abilities Clause: Evasion abilities are banned
|rule|Sleep Moves Clause: Sleep-inducing moves are banned
|clearpoke
|poke|p1|Porygon-Z|
|poke|p1|Gardevoir, F|
|poke|p1|Probopass, F|
|poke|p1|Corviknight, F|
|poke|p1|Serperior, M|
|poke|p1|Flygon, F|
|poke|p2|Dondozo, M|
|poke|p2|Toxapex, M|
|poke|p2|Clodsire, F|
|poke|p2|Blissey, F|
|poke|p2|Skeledirge, M|
|poke|p2|Corviknight, M|
|teampreview
|inactive|Battle timer is ON: inactive players will automatically lose when time's up. (requested by asisisi)
|
|t:|1769326162
|teamsize|p1|6
|teamsize|p2|6
|start
|switch|p1a: Gardevoir|Gardevoir, F|100/100
|switch|p2a: Blissey|Blissey, F|100/100
|-ability|p1a: Gardevoir|Natural Cure|Trace|[from] ability: Trace|[of] p2a: Blissey
|turn|1
|
|t:|1769326172
|switch|p1a: Flygon|Flygon, F|100/100
|move|p2a: Blissey|Fling|p1a: Flygon
|-damage|p1a: Flygon|98/100
|-status|p1a: Flygon|brn
|-enditem|p2a: Blissey|Flame Orb|[from] move: Fling
|
|-damage|p1a: Flygon|92/100 brn|[from] brn
|upkeep
|turn|2
|
|t:|1769326188
|switch|p2a: Corviknight|Corviknight, M|100/100
|-ability|p2a: Corviknight|Pressure
|move|p1a: Flygon|Stealth Rock|p2a: Corviknight
|-sidestart|p2: asisisi|move: Stealth Rock
|
|-damage|p1a: Flygon|86/100 brn|[from] brn
|upkeep
|turn|3
|
|t:|1769326199
|switch|p1a: Probopass|Probopass, F|100/100
|move|p2a: Corviknight|Defog|p1a: Probopass
|-unboost|p1a: Probopass|evasion|1
|-sideend|p2: asisisi|Stealth Rock|[from] move: Defog|[of] p2a: Corviknight
|
|upkeep
|turn|4
|
|t:|1769326209
|move|p2a: Corviknight|U-turn|p1a: Probopass
|-resisted|p1a: Probopass
|-damage|p1a: Probopass|96/100
|
|t:|1769326215
|switch|p2a: Clodsire|Clodsire, F|100/100|[from] U-turn
|move|p1a: Probopass|Thunderbolt|p2a: Clodsire
|-immune|p2a: Clodsire
|
|upkeep
|turn|5
|
|t:|1769326223
|switch|p1a: Corviknight|Corviknight, F|100/100
|-ability|p1a: Corviknight|Pressure
|move|p2a: Clodsire|Earthquake|p1a: Corviknight
|-immune|p1a: Corviknight
|
|upkeep
|turn|6
|
|t:|1769326238
|switch|p2a: Skeledirge|Skeledirge, M|100/100
|move|p1a: Corviknight|Brave Bird|p2a: Skeledirge
|-damage|p2a: Skeledirge|78/100
|-damage|p1a: Corviknight|93/100|[from] Recoil
|
|-heal|p2a: Skeledirge|84/100|[from] item: Leftovers
|upkeep
|turn|7
|
|t:|1769326257
|move|p1a: Corviknight|U-turn|p2a: Skeledirge
|-resisted|p2a: Skeledirge
|-damage|p2a: Skeledirge|82/100
|
|t:|1769326264
|switch|p1a: Gardevoir|Gardevoir, F|100/100|[from] U-turn
|-ability|p1a: Gardevoir|Unaware|Trace|[from] ability: Trace|[of] p2a: Skeledirge
|move|p2a: Skeledirge|Substitute|p2a: Skeledirge
|-start|p2a: Skeledirge|Substitute
|-damage|p2a: Skeledirge|57/100
|
|-heal|p2a: Skeledirge|63/100|[from] item: Leftovers
|upkeep
|turn|8
|
|t:|1769326284
|switch|p1a: Porygon-Z|Porygon-Z|100/100
|move|p2a: Skeledirge|Shadow Ball|p1a: Porygon-Z
|-immune|p1a: Porygon-Z
|
|-heal|p2a: Skeledirge|69/100|[from] item: Leftovers
|upkeep
|turn|9
|
|t:|1769326296
|-terastallize|p1a: Porygon-Z|Dark
|move|p1a: Porygon-Z|Tera Blast|p2a: Skeledirge|[anim] Tera Blast Dark
|-supereffective|p2a: Skeledirge
|-crit|p2a: Skeledirge
|-end|p2a: Skeledirge|Substitute
|move|p2a: Skeledirge|Torch Song|p1a: Porygon-Z
|-damage|p1a: Porygon-Z|62/100
|-boost|p2a: Skeledirge|spa|1
|
|-heal|p2a: Skeledirge|75/100|[from] item: Leftovers
|upkeep
|turn|10
|
|t:|1769326308
|switch|p2a: Blissey|Blissey, F|100/100
|move|p1a: Porygon-Z|Tera Blast|p2a: Blissey|[anim] Tera Blast Dark
|-damage|p2a: Blissey|85/100
|
|upkeep
|turn|11
|
|t:|1769326337
|move|p1a: Porygon-Z|Nasty Plot|p1a: Porygon-Z
|-boost|p1a: Porygon-Z|spa|2
|move|p2a: Blissey|Shadow Ball|p1a: Porygon-Z
|-resisted|p1a: Porygon-Z
|-damage|p1a: Porygon-Z|51/100
|
|upkeep
|turn|12
|
|t:|1769326350
|switch|p2a: Clodsire|Clodsire, F|100/100
|move|p1a: Porygon-Z|Nasty Plot|p1a: Porygon-Z
|-boost|p1a: Porygon-Z|spa|2
|
|upkeep
|turn|13
|inactive|Schrosch has 120 seconds left.
|
|t:|1769326373
|switch|p1a: Corviknight|Corviknight, F|93/100
|-ability|p1a: Corviknight|Pressure
|move|p2a: Clodsire|Toxic|p1a: Corviknight
|-immune|p1a: Corviknight
|
|upkeep
|turn|14
|inactive|Schrosch has 120 seconds left.
|
|t:|1769326385
|switch|p2a: Skeledirge|Skeledirge, M|75/100
|move|p1a: Corviknight|U-turn|p2a: Skeledirge
|-resisted|p2a: Skeledirge
|-damage|p2a: Skeledirge|73/100
|inactive|Schrosch has 120 seconds left.
|
|t:|1769326398
|switch|p1a: Probopass|Probopass, F|96/100|[from] U-turn
|
|-heal|p2a: Skeledirge|79/100|[from] item: Leftovers
|upkeep
|turn|15
|inactive|Schrosch has 120 seconds left.
|inactive|asisisi has 120 seconds left.
|
|t:|1769326428
|switch|p2a: Blissey|Blissey, F|85/100
|move|p1a: Probopass|Meteor Beam||[still]
|-prepare|p1a: Probopass|Meteor Beam
|-boost|p1a: Probopass|spa|1
|-enditem|p1a: Probopass|Power Herb
|-anim|p1a: Probopass|Meteor Beam|p2a: Blissey
|-damage|p2a: Blissey|71/100
|
|upkeep
|turn|16
|
|t:|1769326439
|move|p2a: Blissey|Soft-Boiled|p2a: Blissey
|-heal|p2a: Blissey|100/100
|move|p1a: Probopass|Meteor Beam||[still]
|-prepare|p1a: Probopass|Meteor Beam
|-boost|p1a: Probopass|spa|1
|
|upkeep
|turn|17
|
|t:|1769326446
|move|p2a: Blissey|Calm Mind|p2a: Blissey
|-boost|p2a: Blissey|spa|1
|-boost|p2a: Blissey|spd|1
|move|p1a: Probopass|Meteor Beam|p2a: Blissey|[from] lockedmove
|-damage|p2a: Blissey|89/100
|
|upkeep
|turn|18
|inactive|Schrosch has 120 seconds left.
|
|t:|1769326457
|move|p2a: Blissey|Calm Mind|p2a: Blissey
|-boost|p2a: Blissey|spa|1
|-boost|p2a: Blissey|spd|1
|move|p1a: Probopass|Body Press|p2a: Blissey
|-supereffective|p2a: Blissey
|-damage|p2a: Blissey|0 fnt
|faint|p2a: Blissey
|
|upkeep
|inactive|asisisi has 120 seconds left.
|
|t:|1769326478
|switch|p2a: Corviknight|Corviknight, M|100/100
|-ability|p2a: Corviknight|Pressure
|turn|19
|
|t:|1769326486
|move|p2a: Corviknight|Body Press|p1a: Probopass
|-supereffective|p1a: Probopass
|-damage|p1a: Probopass|29/100
|move|p1a: Probopass|Earth Power|p2a: Corviknight
|-immune|p2a: Corviknight
|
|upkeep
|turn|20
|inactive|Schrosch has 120 seconds left.
|
|t:|1769326502
|move|p2a: Corviknight|Body Press|p1a: Probopass
|-supereffective|p1a: Probopass
|-damage|p1a: Probopass|0 fnt
|faint|p1a: Probopass
|
|upkeep
|inactive|Schrosch has 120 seconds left.
|
|t:|1769326512
|switch|p1a: Gardevoir|Gardevoir, F|100/100
|-ability|p1a: Gardevoir|Pressure|Trace|[from] ability: Trace|[of] p2a: Corviknight
|-ability|p1a: Gardevoir|Pressure
|turn|21
|inactive|Schrosch has 120 seconds left.
|
|t:|1769326534
|move|p1a: Gardevoir|Will-O-Wisp|p2a: Corviknight
|-status|p2a: Corviknight|brn
|move|p2a: Corviknight|U-turn|p1a: Gardevoir
|-damage|p1a: Gardevoir|90/100
|
|t:|1769326547
|switch|p2a: Skeledirge|Skeledirge, M|79/100|[from] U-turn
|
|-heal|p2a: Skeledirge|85/100|[from] item: Leftovers
|upkeep
|turn|22
|inactive|Schrosch has 120 seconds left.
|
|t:|1769326554
|switch|p1a: Porygon-Z|Porygon-Z, tera:Dark|51/100
|move|p2a: Skeledirge|Torch Song|p1a: Porygon-Z
|-damage|p1a: Porygon-Z|12/100
|-boost|p2a: Skeledirge|spa|1
|
|-heal|p2a: Skeledirge|91/100|[from] item: Leftovers
|upkeep
|turn|23
|
|t:|1769326568
|-terastallize|p2a: Skeledirge|Fairy
|move|p1a: Porygon-Z|Tera Blast|p2a: Skeledirge|[anim] Tera Blast Dark
|-resisted|p2a: Skeledirge
|-damage|p2a: Skeledirge|60/100
|move|p2a: Skeledirge|Slack Off|p2a: Skeledirge
|-heal|p2a: Skeledirge|100/100
|
|upkeep
|turn|24
|inactive|Schrosch has 120 seconds left.
|
|t:|1769326602
|move|p1a: Porygon-Z|Ice Beam|p2a: Skeledirge
|-damage|p2a: Skeledirge|67/100
|move|p2a: Skeledirge|Torch Song|p1a: Porygon-Z
|-damage|p1a: Porygon-Z|0 fnt
|-boost|p2a: Skeledirge|spa|1
|faint|p1a: Porygon-Z
|
|-heal|p2a: Skeledirge|73/100|[from] item: Leftovers
|upkeep
|inactive|Schrosch has 90 seconds left.
|
|t:|1769326633
|switch|p1a: Serperior|Serperior, M|100/100
|turn|25
|
|t:|1769326648
|move|p1a: Serperior|Leaf Storm|p2a: Skeledirge
|-damage|p2a: Skeledirge|11/100
|-boost|p1a: Serperior|spa|2
|move|p2a: Skeledirge|Torch Song|p1a: Serperior
|-supereffective|p1a: Serperior
|-damage|p1a: Serperior|0 fnt
|-boost|p2a: Skeledirge|spa|1
|faint|p1a: Serperior
|
|-heal|p2a: Skeledirge|17/100|[from] item: Leftovers
|upkeep
|inactive|Schrosch has 90 seconds left.
|
|t:|1769326660
|switch|p1a: Gardevoir|Gardevoir, F|90/100
|-ability|p1a: Gardevoir|Unaware|Trace|[from] ability: Trace|[of] p2a: Skeledirge
|turn|26
|
|t:|1769326672
|move|p1a: Gardevoir|Moonblast|p2a: Skeledirge
|-damage|p2a: Skeledirge|0 fnt
|faint|p2a: Skeledirge
|
|upkeep
|
|t:|1769326680
|switch|p2a: Clodsire|Clodsire, F|100/100
|turn|27
|
|t:|1769326690
|switch|p2a: Toxapex|Toxapex, M|100/100
|move|p1a: Gardevoir|Substitute|p1a: Gardevoir
|-start|p1a: Gardevoir|Substitute
|-damage|p1a: Gardevoir|65/100
|
|upkeep
|turn|28
|
|t:|1769326706
|switch|p2a: Clodsire|Clodsire, F|100/100
|move|p1a: Gardevoir|Will-O-Wisp|p2a: Clodsire
|-status|p2a: Clodsire|brn
|
|-damage|p2a: Clodsire|94/100 brn|[from] brn
|upkeep
|turn|29
|
|t:|1769326720
|move|p1a: Gardevoir|Trick|p2a: Clodsire
|-activate|p1a: Gardevoir|move: Trick|[of] p2a: Clodsire
|-item|p2a: Clodsire|Pecha Berry|[from] move: Trick
|-item|p1a: Gardevoir|Leftovers|[from] move: Trick
|move|p2a: Clodsire|Earthquake|p1a: Gardevoir
|-crit|p1a: Gardevoir
|-end|p1a: Gardevoir|Substitute
|
|-heal|p1a: Gardevoir|71/100|[from] item: Leftovers
|-damage|p2a: Clodsire|88/100 brn|[from] brn
|upkeep
|turn|30
|inactive|asisisi has 120 seconds left.
|
|t:|1769326762
|switch|p1a: Corviknight|Corviknight, F|93/100
|-ability|p1a: Corviknight|Pressure
|move|p2a: Clodsire|Earthquake|p1a: Corviknight
|-immune|p1a: Corviknight
|
|-damage|p2a: Clodsire|82/100 brn|[from] brn
|upkeep
|turn|31
|
|t:|1769326776
|switch|p2a: Dondozo|Dondozo, M|100/100
|move|p1a: Corviknight|Brave Bird|p2a: Dondozo
|-damage|p2a: Dondozo|84/100
|-damage|p1a: Corviknight|86/100|[from] Recoil
|
|-heal|p2a: Dondozo|91/100|[from] item: Leftovers
|upkeep
|turn|32
|inactive|asisisi has 120 seconds left.
|inactive|asisisi has 90 seconds left.
|
|t:|1769326820
|move|p1a: Corviknight|U-turn|p2a: Dondozo
|-damage|p2a: Dondozo|84/100
|
|t:|1769326831
|switch|p1a: Gardevoir|Gardevoir, F|71/100|[from] U-turn
|-ability|p1a: Gardevoir|Unaware|Trace|[from] ability: Trace|[of] p2a: Dondozo
|move|p2a: Dondozo|Liquidation|p1a: Gardevoir
|-damage|p1a: Gardevoir|33/100
|
|-heal|p1a: Gardevoir|39/100|[from] item: Leftovers
|-heal|p2a: Dondozo|90/100|[from] item: Leftovers
|upkeep
|turn|33
|inactive|asisisi has 90 seconds left.
|
|t:|1769326860
|switch|p2a: Clodsire|Clodsire, F|82/100 brn
|move|p1a: Gardevoir|Will-O-Wisp|p2a: Clodsire
|-fail|p2a: Clodsire|brn
|
|-heal|p1a: Gardevoir|45/100|[from] item: Leftovers
|-damage|p2a: Clodsire|75/100 brn|[from] brn
|upkeep
|turn|34
|
|t:|1769326869
|switch|p1a: Corviknight|Corviknight, F|86/100
|-ability|p1a: Corviknight|Pressure
|move|p2a: Clodsire|Earthquake|p1a: Corviknight
|-immune|p1a: Corviknight
|
|-damage|p2a: Clodsire|69/100 brn|[from] brn
|upkeep
|turn|35
|inactive|Schrosch has 120 seconds left.
|
|t:|1769326883
|move|p1a: Corviknight|U-turn|p2a: Clodsire
|-resisted|p2a: Clodsire
|-damage|p2a: Clodsire|61/100 brn
|
|t:|1769326886
|switch|p1a: Flygon|Flygon, F|86/100 brn|[from] U-turn
|move|p2a: Clodsire|Toxic Spikes|p1a: Flygon
|-sidestart|p1: Schrosch|move: Toxic Spikes
|
|-damage|p1a: Flygon|80/100 brn|[from] brn
|-damage|p2a: Clodsire|55/100 brn|[from] brn
|upkeep
|turn|36
|inactive|asisisi has 90 seconds left.
|inactive|Schrosch has 120 seconds left.
|
|t:|1769326901
|switch|p2a: Toxapex|Toxapex, M|100/100
|move|p1a: Flygon|Earthquake|p2a: Toxapex
|-supereffective|p2a: Toxapex
|-damage|p2a: Toxapex|72/100
|
|-heal|p2a: Toxapex|78/100|[from] item: Black Sludge
|-damage|p1a: Flygon|74/100 brn|[from] brn
|upkeep
|turn|37
|inactive|Schrosch has 120 seconds left.
|inactive|asisisi has 90 seconds left.
|
|t:|1769326932
|move|p1a: Flygon|U-turn|p2a: Toxapex
|-resisted|p2a: Toxapex
|-damage|p2a: Toxapex|75/100
|
|t:|1769326935
|switch|p1a: Corviknight|Corviknight, F|86/100|[from] U-turn
|-ability|p1a: Corviknight|Pressure
|move|p2a: Toxapex|Infestation|p1a: Corviknight
|-resisted|p1a: Corviknight
|-damage|p1a: Corviknight|85/100
|-activate|p1a: Corviknight|move: Infestation|[of] p2a: Toxapex
|-damage|p2a: Toxapex|59/100|[from] item: Rocky Helmet|[of] p1a: Corviknight
|
|-heal|p2a: Toxapex|65/100|[from] item: Black Sludge
|-damage|p1a: Corviknight|73/100|[from] move: Infestation|[partiallytrapped]
|upkeep
|turn|38
|
|t:|1769326946
|move|p1a: Corviknight|Defog|p2a: Toxapex
|-unboost|p2a: Toxapex|evasion|1
|-sideend|p1: Schrosch|Toxic Spikes|[from] move: Defog|[of] p1a: Corviknight
|move|p2a: Toxapex|Recover|p2a: Toxapex
|-heal|p2a: Toxapex|100/100
|
|-damage|p1a: Corviknight|61/100|[from] move: Infestation|[partiallytrapped]
|upkeep
|turn|39
|
|t:|1769326955
|move|p1a: Corviknight|U-turn|p2a: Toxapex
|-resisted|p2a: Toxapex
|-damage|p2a: Toxapex|96/100
|
|t:|1769326958
|switch|p1a: Gardevoir|Gardevoir, F|45/100|[from] U-turn
|-ability|p1a: Gardevoir|Regenerator|Trace|[from] ability: Trace|[of] p2a: Toxapex
|move|p2a: Toxapex|Toxic Spikes|p1a: Gardevoir
|-sidestart|p1: Schrosch|move: Toxic Spikes
|
|-heal|p1a: Gardevoir|52/100|[from] item: Leftovers
|-heal|p2a: Toxapex|100/100|[from] item: Black Sludge
|upkeep
|turn|40
|
|t:|1769326971
|move|p1a: Gardevoir|Substitute|p1a: Gardevoir
|-start|p1a: Gardevoir|Substitute
|-damage|p1a: Gardevoir|27/100
|move|p2a: Toxapex|Toxic Spikes|p1a: Gardevoir
|-sidestart|p1: Schrosch|move: Toxic Spikes
|
|-heal|p1a: Gardevoir|33/100|[from] item: Leftovers
|upkeep
|turn|41
|
|t:|1769326985
|switch|p2a: Corviknight|Corviknight, M|100/100 brn
|-ability|p2a: Corviknight|Pressure
|move|p1a: Gardevoir|Will-O-Wisp|p2a: Corviknight|[miss]
|-miss|p1a: Gardevoir|p2a: Corviknight
|
|-heal|p1a: Gardevoir|39/100|[from] item: Leftovers
|-damage|p2a: Corviknight|94/100 brn|[from] brn
|upkeep
|turn|42
|
|t:|1769326994
|move|p1a: Gardevoir|Moonblast|p2a: Corviknight
|-resisted|p2a: Corviknight
|-damage|p2a: Corviknight|73/100 brn
|move|p2a: Corviknight|U-turn|p1a: Gardevoir
|-activate|p1a: Gardevoir|move: Substitute|[damage]
|
|t:|1769327001
|switch|p2a: Dondozo|Dondozo, M|90/100|[from] U-turn
|
|-heal|p1a: Gardevoir|45/100|[from] item: Leftovers
|-heal|p2a: Dondozo|96/100|[from] item: Leftovers
|upkeep
|turn|43
|inactive|asisisi has 90 seconds left.
|
|t:|1769327008
|move|p1a: Gardevoir|Will-O-Wisp|p2a: Dondozo
|-status|p2a: Dondozo|brn
|move|p2a: Dondozo|Liquidation|p1a: Gardevoir
|-end|p1a: Gardevoir|Substitute
|
|-heal|p1a: Gardevoir|52/100|[from] item: Leftovers
|-heal|p2a: Dondozo|100/100 brn|[from] item: Leftovers
|-damage|p2a: Dondozo|94/100 brn|[from] brn
|upkeep
|turn|44
|
|t:|1769327017
|move|p1a: Gardevoir|Substitute|p1a: Gardevoir
|-start|p1a: Gardevoir|Substitute
|-damage|p1a: Gardevoir|27/100
|move|p2a: Dondozo|Liquidation|p1a: Gardevoir
|-activate|p1a: Gardevoir|move: Substitute|[damage]
|
|-heal|p1a: Gardevoir|33/100|[from] item: Leftovers
|-heal|p2a: Dondozo|100/100 brn|[from] item: Leftovers
|-damage|p2a: Dondozo|94/100 brn|[from] brn
|upkeep
|turn|45
|
|t:|1769327026
|move|p1a: Gardevoir|Moonblast|p2a: Dondozo
|-crit|p2a: Dondozo
|-damage|p2a: Dondozo|27/100 brn
|move|p2a: Dondozo|Liquidation|p1a: Gardevoir
|-end|p1a: Gardevoir|Substitute
|
|-heal|p1a: Gardevoir|39/100|[from] item: Leftovers
|-heal|p2a: Dondozo|34/100 brn|[from] item: Leftovers
|-damage|p2a: Dondozo|27/100 brn|[from] brn
|upkeep
|turn|46
|
|t:|1769327035
|move|p1a: Gardevoir|Substitute|p1a: Gardevoir
|-start|p1a: Gardevoir|Substitute
|-damage|p1a: Gardevoir|14/100
|move|p2a: Dondozo|Rest|p2a: Dondozo
|-status|p2a: Dondozo|slp|[from] move: Rest
|-heal|p2a: Dondozo|100/100 slp|[silent]
|
|-heal|p1a: Gardevoir|20/100|[from] item: Leftovers
|upkeep
|turn|47
|
|t:|1769327047
|switch|p2a: Clodsire|Clodsire, F|55/100 brn
|move|p1a: Gardevoir|Moonblast|p2a: Clodsire
|-resisted|p2a: Clodsire
|-damage|p2a: Clodsire|43/100 brn
|-unboost|p2a: Clodsire|spa|1
|
|-heal|p1a: Gardevoir|27/100|[from] item: Leftovers
|-damage|p2a: Clodsire|37/100 brn|[from] brn
|upkeep
|turn|48
|
|t:|1769327057
|move|p1a: Gardevoir|Moonblast|p2a: Clodsire
|-resisted|p2a: Clodsire
|-damage|p2a: Clodsire|24/100 brn
|move|p2a: Clodsire|Recover|p2a: Clodsire
|-heal|p2a: Clodsire|74/100 brn
|
|-heal|p1a: Gardevoir|33/100|[from] item: Leftovers
|-damage|p2a: Clodsire|68/100 brn|[from] brn
|upkeep
|turn|49
|
|t:|1769327065
|move|p1a: Gardevoir|Moonblast|p2a: Clodsire
|-resisted|p2a: Clodsire
|-damage|p2a: Clodsire|57/100 brn
|move|p2a: Clodsire|Earthquake|p1a: Gardevoir
|-activate|p1a: Gardevoir|move: Substitute|[damage]
|
|-heal|p1a: Gardevoir|39/100|[from] item: Leftovers
|-damage|p2a: Clodsire|50/100 brn|[from] brn
|upkeep
|turn|50
|inactive|asisisi has 120 seconds left.
|
|t:|1769327073
|move|p1a: Gardevoir|Moonblast|p2a: Clodsire
|-resisted|p2a: Clodsire
|-damage|p2a: Clodsire|38/100 brn
|-unboost|p2a: Clodsire|spa|1
|move|p2a: Clodsire|Recover|p2a: Clodsire
|-heal|p2a: Clodsire|88/100 brn
|
|-heal|p1a: Gardevoir|45/100|[from] item: Leftovers
|-damage|p2a: Clodsire|82/100 brn|[from] brn
|upkeep
|turn|51
|inactive|asisisi has 120 seconds left.
|
|t:|1769327085
|move|p1a: Gardevoir|Moonblast|p2a: Clodsire
|-resisted|p2a: Clodsire
|-damage|p2a: Clodsire|70/100 brn
|-unboost|p2a: Clodsire|spa|1
|move|p2a: Clodsire|Earthquake|p1a: Gardevoir
|-end|p1a: Gardevoir|Substitute
|
|-heal|p1a: Gardevoir|52/100|[from] item: Leftovers
|-damage|p2a: Clodsire|64/100 brn|[from] brn
|upkeep
|turn|52
|
|t:|1769327102
|switch|p1a: Corviknight|Corviknight, F|61/100
|-ability|p1a: Corviknight|Pressure
|move|p2a: Clodsire|Recover|p2a: Clodsire
|-heal|p2a: Clodsire|100/100 brn
|
|-damage|p2a: Clodsire|94/100 brn|[from] brn
|upkeep
|turn|53
|
|t:|1769327112
|switch|p2a: Toxapex|Toxapex, M|100/100
|move|p1a: Corviknight|Defog|p2a: Toxapex
|-unboost|p2a: Toxapex|evasion|1
|-sideend|p1: Schrosch|Toxic Spikes|[from] move: Defog|[of] p1a: Corviknight
|
|upkeep
|turn|54
|
|t:|1769327138
|move|p1a: Corviknight|Brave Bird|p2a: Toxapex
|-damage|p2a: Toxapex|76/100
|-damage|p1a: Corviknight|55/100|[from] Recoil
|move|p2a: Toxapex|Toxic|p1a: Corviknight
|-immune|p1a: Corviknight
|
|-heal|p2a: Toxapex|82/100|[from] item: Black Sludge
|upkeep
|turn|55
|inactive|Schrosch has 120 seconds left.
|
|t:|1769327160
|move|p1a: Corviknight|Brave Bird|p2a: Toxapex
|-damage|p2a: Toxapex|59/100
|-damage|p1a: Corviknight|49/100|[from] Recoil
|move|p2a: Toxapex|Infestation|p1a: Corviknight
|-resisted|p1a: Corviknight
|-damage|p1a: Corviknight|48/100
|-activate|p1a: Corviknight|move: Infestation|[of] p2a: Toxapex
|-damage|p2a: Toxapex|43/100|[from] item: Rocky Helmet|[of] p1a: Corviknight
|
|-heal|p2a: Toxapex|49/100|[from] item: Black Sludge
|-damage|p1a: Corviknight|36/100|[from] move: Infestation|[partiallytrapped]
|upkeep
|turn|56
|inactive|Schrosch has 120 seconds left.
|
|t:|1769327177
|move|p1a: Corviknight|Roost|p1a: Corviknight
|-heal|p1a: Corviknight|86/100
|-singleturn|p1a: Corviknight|move: Roost
|move|p2a: Toxapex|Recover|p2a: Toxapex
|-heal|p2a: Toxapex|99/100
|
|-heal|p2a: Toxapex|100/100|[from] item: Black Sludge
|-damage|p1a: Corviknight|74/100|[from] move: Infestation|[partiallytrapped]
|upkeep
|turn|57
|inactive|Schrosch has 120 seconds left.
|inactive|asisisi has 120 seconds left.
|
|t:|1769327217
|move|p1a: Corviknight|U-turn|p2a: Toxapex
|-resisted|p2a: Toxapex
|-damage|p2a: Toxapex|96/100
|
|t:|1769327221
|switch|p1a: Flygon|Flygon, F|74/100 brn|[from] U-turn
|move|p2a: Toxapex|Toxic Spikes|p1a: Flygon
|-sidestart|p1: Schrosch|move: Toxic Spikes
|
|-heal|p2a: Toxapex|100/100|[from] item: Black Sludge
|-damage|p1a: Flygon|68/100 brn|[from] brn
|upkeep
|turn|58
|
|t:|1769327230
|move|p1a: Flygon|Earthquake|p2a: Toxapex
|-supereffective|p2a: Toxapex
|-damage|p2a: Toxapex|75/100
|move|p2a: Toxapex|Toxic||[still]
|-fail|p2a: Toxapex
|
|-heal|p2a: Toxapex|81/100|[from] item: Black Sludge
|-damage|p1a: Flygon|62/100 brn|[from] brn
|upkeep
|turn|59
|
|t:|1769327239
|switch|p2a: Corviknight|Corviknight, M|73/100 brn
|-ability|p2a: Corviknight|Pressure
|move|p1a: Flygon|Earthquake|p2a: Corviknight
|-immune|p2a: Corviknight
|
|-heal|p2a: Corviknight|79/100 brn|[from] item: Leftovers
|-damage|p1a: Flygon|56/100 brn|[from] brn
|-damage|p2a: Corviknight|73/100 brn|[from] brn
|upkeep
|turn|60
|inactive|asisisi has 120 seconds left.
|
|t:|1769327251
|move|p1a: Flygon|U-turn|p2a: Corviknight
|-resisted|p2a: Corviknight
|-damage|p2a: Corviknight|71/100 brn
|inactive|Schrosch has 120 seconds left.
|
|t:|1769327298
|switch|p1a: Corviknight|Corviknight, F|74/100|[from] U-turn
|-ability|p1a: Corviknight|Pressure
|move|p2a: Corviknight|U-turn|p1a: Corviknight
|-resisted|p1a: Corviknight
|-damage|p1a: Corviknight|73/100
|-damage|p2a: Corviknight|55/100 brn|[from] item: Rocky Helmet|[of] p1a: Corviknight
|inactive|asisisi has 120 seconds left.
|
|t:|1769327334
|switch|p2a: Dondozo|Dondozo, M|100/100 slp|[from] U-turn
|
|upkeep
|turn|61
|
|t:|1769327340
|move|p1a: Corviknight|Defog|p2a: Dondozo
|-unboost|p2a: Dondozo|evasion|1
|-sideend|p1: Schrosch|Toxic Spikes|[from] move: Defog|[of] p1a: Corviknight
|cant|p2a: Dondozo|slp
|
|upkeep
|turn|62
|
|t:|1769327356
|move|p1a: Corviknight|Brave Bird|p2a: Dondozo
|-damage|p2a: Dondozo|84/100 slp
|-damage|p1a: Corviknight|66/100|[from] Recoil
|cant|p2a: Dondozo|slp
|
|-heal|p2a: Dondozo|90/100 slp|[from] item: Leftovers
|upkeep
|turn|63
|inactive|Schrosch has 90 seconds left.
|
|t:|1769327393
|move|p1a: Corviknight|Brave Bird|p2a: Dondozo
|-damage|p2a: Dondozo|74/100 slp
|-damage|p1a: Corviknight|59/100|[from] Recoil
|-curestatus|p2a: Dondozo|slp|[msg]
|move|p2a: Dondozo|Liquidation|p1a: Corviknight
|-damage|p1a: Corviknight|40/100
|-damage|p2a: Dondozo|58/100|[from] item: Rocky Helmet|[of] p1a: Corviknight
|
|-heal|p2a: Dondozo|64/100|[from] item: Leftovers
|upkeep
|turn|64
|inactive|asisisi has 90 seconds left.
|
|t:|1769327441
|move|p1a: Corviknight|Roost|p1a: Corviknight
|-heal|p1a: Corviknight|90/100
|-singleturn|p1a: Corviknight|move: Roost
|move|p2a: Dondozo|Liquidation|p1a: Corviknight
|-damage|p1a: Corviknight|72/100
|-unboost|p1a: Corviknight|def|1
|-damage|p2a: Dondozo|47/100|[from] item: Rocky Helmet|[of] p1a: Corviknight
|
|-heal|p2a: Dondozo|53/100|[from] item: Leftovers
|upkeep
|turn|65
|inactive|Schrosch has 90 seconds left.
|
|t:|1769327459
|move|p1a: Corviknight|Brave Bird|p2a: Dondozo
|-crit|p2a: Dondozo
|-damage|p2a: Dondozo|26/100
|-damage|p1a: Corviknight|61/100|[from] Recoil
|move|p2a: Dondozo|Rest|p2a: Dondozo
|-status|p2a: Dondozo|slp|[from] move: Rest
|-heal|p2a: Dondozo|100/100 slp|[silent]
|
|upkeep
|turn|66
|
|t:|1769327472
|switch|p1a: Gardevoir|Gardevoir, F|85/100
|-ability|p1a: Gardevoir|Unaware|Trace|[from] ability: Trace|[of] p2a: Dondozo
|cant|p2a: Dondozo|slp
|
|-heal|p1a: Gardevoir|91/100|[from] item: Leftovers
|upkeep
|turn|67
|
|t:|1769327481
|switch|p2a: Clodsire|Clodsire, F|94/100 brn
|move|p1a: Gardevoir|Substitute|p1a: Gardevoir
|-start|p1a: Gardevoir|Substitute
|-damage|p1a: Gardevoir|66/100
|
|-heal|p1a: Gardevoir|72/100|[from] item: Leftovers
|-damage|p2a: Clodsire|88/100 brn|[from] brn
|upkeep
|turn|68
|inactive|Schrosch has 90 seconds left.
|
|t:|1769327489
|move|p1a: Gardevoir|Moonblast|p2a: Clodsire
|-resisted|p2a: Clodsire
|-damage|p2a: Clodsire|76/100 brn
|move|p2a: Clodsire|Earthquake|p1a: Gardevoir
|-activate|p1a: Gardevoir|move: Substitute|[damage]
|
|-heal|p1a: Gardevoir|79/100|[from] item: Leftovers
|-damage|p2a: Clodsire|69/100 brn|[from] brn
|upkeep
|turn|69
|inactive|asisisi has 90 seconds left.
|
|t:|1769327498
|move|p1a: Gardevoir|Moonblast|p2a: Clodsire
|-resisted|p2a: Clodsire
|-damage|p2a: Clodsire|58/100 brn
|move|p2a: Clodsire|Earthquake|p1a: Gardevoir
|-end|p1a: Gardevoir|Substitute
|
|-heal|p1a: Gardevoir|85/100|[from] item: Leftovers
|-damage|p2a: Clodsire|51/100 brn|[from] brn
|upkeep
|turn|70
|
|t:|1769327511
|switch|p1a: Corviknight|Corviknight, F|61/100
|-ability|p1a: Corviknight|Pressure
|move|p2a: Clodsire|Recover|p2a: Clodsire
|-heal|p2a: Clodsire|100/100 brn
|
|-damage|p2a: Clodsire|94/100 brn|[from] brn
|upkeep
|turn|71
|inactive|Schrosch has 90 seconds left.
|
|t:|1769327526
|switch|p2a: Dondozo|Dondozo, M|100/100 slp
|move|p1a: Corviknight|U-turn|p2a: Dondozo
|-damage|p2a: Dondozo|95/100 slp
|
|t:|1769327529
|switch|p1a: Gardevoir|Gardevoir, F|85/100|[from] U-turn
|-ability|p1a: Gardevoir|Unaware|Trace|[from] ability: Trace|[of] p2a: Dondozo
|
|-heal|p1a: Gardevoir|91/100|[from] item: Leftovers
|-heal|p2a: Dondozo|100/100 slp|[from] item: Leftovers
|upkeep
|turn|72
|inactive|asisisi has 90 seconds left.
|
|t:|1769327559
|switch|p2a: Clodsire|Clodsire, F|94/100 brn
|move|p1a: Gardevoir|Moonblast|p2a: Clodsire
|-resisted|p2a: Clodsire
|-damage|p2a: Clodsire|83/100 brn
|-unboost|p2a: Clodsire|spa|1
|
|-heal|p1a: Gardevoir|97/100|[from] item: Leftovers
|-damage|p2a: Clodsire|77/100 brn|[from] brn
|upkeep
|turn|73
|inactive|asisisi has 90 seconds left.
|
|t:|1769327579
|switch|p1a: Corviknight|Corviknight, F|61/100
|-ability|p1a: Corviknight|Pressure
|move|p2a: Clodsire|Toxic Spikes|p1a: Corviknight
|-sidestart|p1: Schrosch|move: Toxic Spikes
|
|-damage|p2a: Clodsire|70/100 brn|[from] brn
|upkeep
|turn|74
|inactive|asisisi has 90 seconds left.
|inactive|Schrosch has 90 seconds left.
|
|t:|1769327603
|switch|p2a: Dondozo|Dondozo, M|100/100 slp
|move|p1a: Corviknight|Defog|p2a: Dondozo
|-unboost|p2a: Dondozo|evasion|1
|-sideend|p1: Schrosch|Toxic Spikes|[from] move: Defog|[of] p1a: Corviknight
|
|upkeep
|turn|75
|inactive|asisisi has 90 seconds left.
|
|t:|1769327621
|move|p1a: Corviknight|U-turn|p2a: Dondozo
|-damage|p2a: Dondozo|94/100 slp
|
|t:|1769327624
|switch|p1a: Gardevoir|Gardevoir, F|97/100|[from] U-turn
|-ability|p1a: Gardevoir|Unaware|Trace|[from] ability: Trace|[of] p2a: Dondozo
|cant|p2a: Dondozo|slp
|
|-heal|p1a: Gardevoir|100/100|[from] item: Leftovers
|-heal|p2a: Dondozo|99/100 slp|[from] item: Leftovers
|upkeep
|turn|76
|inactive|asisisi has 90 seconds left.
|
|t:|1769327634
|switch|p2a: Clodsire|Clodsire, F|70/100 brn
|move|p1a: Gardevoir|Substitute|p1a: Gardevoir
|-start|p1a: Gardevoir|Substitute
|-damage|p1a: Gardevoir|76/100
|
|-heal|p1a: Gardevoir|82/100|[from] item: Leftovers
|-damage|p2a: Clodsire|64/100 brn|[from] brn
|upkeep
|turn|77
|
|t:|1769327644
|move|p1a: Gardevoir|Moonblast|p2a: Clodsire
|-resisted|p2a: Clodsire
|-damage|p2a: Clodsire|52/100 brn
|move|p2a: Clodsire|Recover|p2a: Clodsire
|-heal|p2a: Clodsire|100/100 brn
|
|-heal|p1a: Gardevoir|88/100|[from] item: Leftovers
|-damage|p2a: Clodsire|94/100 brn|[from] brn
|upkeep
|turn|78
|
|t:|1769327652
|move|p1a: Gardevoir|Will-O-Wisp|p2a: Clodsire
|-fail|p2a: Clodsire|brn
|move|p2a: Clodsire|Earthquake|p1a: Gardevoir
|-activate|p1a: Gardevoir|move: Substitute|[damage]
|
|-heal|p1a: Gardevoir|94/100|[from] item: Leftovers
|-damage|p2a: Clodsire|88/100 brn|[from] brn
|upkeep
|turn|79
|inactive|Schrosch has 120 seconds left.
|
|t:|1769327662
|move|p1a: Gardevoir|Will-O-Wisp|p2a: Clodsire
|-fail|p2a: Clodsire|brn
|move|p2a: Clodsire|Earthquake|p1a: Gardevoir
|-end|p1a: Gardevoir|Substitute
|
|-heal|p1a: Gardevoir|100/100|[from] item: Leftovers
|-damage|p2a: Clodsire|82/100 brn|[from] brn
|upkeep
|turn|80
|
|t:|1769327675
|move|p1a: Gardevoir|Substitute|p1a: Gardevoir
|-start|p1a: Gardevoir|Substitute
|-damage|p1a: Gardevoir|76/100
|move|p2a: Clodsire|Toxic||[still]
|-fail|p2a: Clodsire
|
|-heal|p1a: Gardevoir|82/100|[from] item: Leftovers
|-damage|p2a: Clodsire|75/100 brn|[from] brn
|upkeep
|turn|81
|
|t:|1769327685
|move|p1a: Gardevoir|Will-O-Wisp|p2a: Clodsire
|-fail|p2a: Clodsire|brn
|move|p2a: Clodsire|Earthquake|p1a: Gardevoir
|-activate|p1a: Gardevoir|move: Substitute|[damage]
|
|-heal|p1a: Gardevoir|88/100|[from] item: Leftovers
|-damage|p2a: Clodsire|69/100 brn|[from] brn
|upkeep
|turn|82
|
|t:|1769327696
|move|p1a: Gardevoir|Will-O-Wisp|p2a: Clodsire
|-fail|p2a: Clodsire|brn
|move|p2a: Clodsire|Toxic Spikes|p1a: Gardevoir
|-sidestart|p1: Schrosch|move: Toxic Spikes
|
|-heal|p1a: Gardevoir|94/100|[from] item: Leftovers
|-damage|p2a: Clodsire|63/100 brn|[from] brn
|upkeep
|turn|83
|
|t:|1769327704
|move|p1a: Gardevoir|Will-O-Wisp|p2a: Clodsire
|-fail|p2a: Clodsire|brn
|move|p2a: Clodsire|Toxic Spikes|p1a: Gardevoir
|-sidestart|p1: Schrosch|move: Toxic Spikes
|
|-heal|p1a: Gardevoir|100/100|[from] item: Leftovers
|-damage|p2a: Clodsire|57/100 brn|[from] brn
|upkeep
|turn|84
|inactive|asisisi has 120 seconds left.
|
|t:|1769327726
|move|p1a: Gardevoir|Will-O-Wisp|p2a: Clodsire
|-fail|p2a: Clodsire|brn
|move|p2a: Clodsire|Recover|p2a: Clodsire
|-heal|p2a: Clodsire|100/100 brn
|
|-damage|p2a: Clodsire|94/100 brn|[from] brn
|upkeep
|turn|85
|
|t:|1769327738
|move|p1a: Gardevoir|Will-O-Wisp|p2a: Clodsire
|-fail|p2a: Clodsire|brn
|move|p2a: Clodsire|Toxic Spikes||[still]
|-fail|p2a: Clodsire
|
|-damage|p2a: Clodsire|88/100 brn|[from] brn
|upkeep
|turn|86
|
|t:|1769327745
|move|p1a: Gardevoir|Will-O-Wisp|p2a: Clodsire|[miss]
|-miss|p1a: Gardevoir|p2a: Clodsire
|move|p2a: Clodsire|Toxic Spikes||[still]
|-fail|p2a: Clodsire
|
|-damage|p2a: Clodsire|82/100 brn|[from] brn
|upkeep
|turn|87
|inactive|asisisi has 120 seconds left.
|
|t:|1769327752
|move|p1a: Gardevoir|Moonblast|p2a: Clodsire
|-resisted|p2a: Clodsire
|-damage|p2a: Clodsire|69/100 brn
|move|p2a: Clodsire|Toxic Spikes||[still]
|-fail|p2a: Clodsire
|
|-damage|p2a: Clodsire|63/100 brn|[from] brn
|upkeep
|turn|88
|
|t:|1769327761
|switch|p1a: Corviknight|Corviknight, F|61/100
|-ability|p1a: Corviknight|Pressure
|move|p2a: Clodsire|Toxic Spikes||[still]
|-fail|p2a: Clodsire
|
|-damage|p2a: Clodsire|57/100 brn|[from] brn
|upkeep
|turn|89
|
|t:|1769327772
|switch|p2a: Dondozo|Dondozo, M|99/100 slp
|move|p1a: Corviknight|Defog|p2a: Dondozo
|-unboost|p2a: Dondozo|evasion|1
|-sideend|p1: Schrosch|Toxic Spikes|[from] move: Defog|[of] p1a: Corviknight
|
|-heal|p2a: Dondozo|100/100 slp|[from] item: Leftovers
|upkeep
|turn|90
|
|t:|1769327784
|move|p1a: Corviknight|U-turn|p2a: Dondozo
|-damage|p2a: Dondozo|94/100 slp
|
|t:|1769327794
|switch|p1a: Flygon|Flygon, F|56/100 brn|[from] U-turn
|-curestatus|p2a: Dondozo|slp|[msg]
|move|p2a: Dondozo|Liquidation|p1a: Flygon
|-damage|p1a: Flygon|16/100 brn
|-enditem|p1a: Flygon|Sitrus Berry|[eat]
|-heal|p1a: Flygon|41/100 brn|[from] item: Sitrus Berry
|
|-heal|p2a: Dondozo|99/100|[from] item: Leftovers
|-damage|p1a: Flygon|35/100 brn|[from] brn
|upkeep
|turn|91
|inactive|asisisi has 120 seconds left.
|
|t:|1769327826
|move|p1a: Flygon|Stealth Rock|p2a: Dondozo
|-sidestart|p2: asisisi|move: Stealth Rock
|move|p2a: Dondozo|Body Press|p1a: Flygon
|-damage|p1a: Flygon|0 fnt
|faint|p1a: Flygon
|
|-heal|p2a: Dondozo|100/100|[from] item: Leftovers
|upkeep
|
|t:|1769327834
|switch|p1a: Gardevoir|Gardevoir, F|100/100
|-ability|p1a: Gardevoir|Unaware|Trace|[from] ability: Trace|[of] p2a: Dondozo
|turn|92
|
|t:|1769327849
|move|p1a: Gardevoir|Will-O-Wisp|p2a: Dondozo
|-status|p2a: Dondozo|brn
|move|p2a: Dondozo|Liquidation|p1a: Gardevoir
|-damage|p1a: Gardevoir|79/100
|
|-heal|p1a: Gardevoir|85/100|[from] item: Leftovers
|-damage|p2a: Dondozo|94/100 brn|[from] brn
|upkeep
|turn|93
|
|t:|1769327858
|move|p1a: Gardevoir|Substitute|p1a: Gardevoir
|-start|p1a: Gardevoir|Substitute
|-damage|p1a: Gardevoir|60/100
|move|p2a: Dondozo|Liquidation|p1a: Gardevoir
|-activate|p1a: Gardevoir|move: Substitute|[damage]
|
|-heal|p1a: Gardevoir|66/100|[from] item: Leftovers
|-heal|p2a: Dondozo|100/100 brn|[from] item: Leftovers
|-damage|p2a: Dondozo|94/100 brn|[from] brn
|upkeep
|turn|94
|
|t:|1769327870
|switch|p2a: Corviknight|Corviknight, M|55/100 brn
|-damage|p2a: Corviknight|42/100 brn|[from] Stealth Rock
|-ability|p2a: Corviknight|Pressure
|move|p1a: Gardevoir|Moonblast|p2a: Corviknight
|-resisted|p2a: Corviknight
|-damage|p2a: Corviknight|18/100 brn
|
|-heal|p1a: Gardevoir|73/100|[from] item: Leftovers
|-heal|p2a: Corviknight|24/100 brn|[from] item: Leftovers
|-damage|p2a: Corviknight|18/100 brn|[from] brn
|upkeep
|turn|95
|
|t:|1769327881
|move|p1a: Gardevoir|Moonblast|p2a: Corviknight
|-resisted|p2a: Corviknight
|-damage|p2a: Corviknight|0 fnt
|faint|p2a: Corviknight
|
|-heal|p1a: Gardevoir|79/100|[from] item: Leftovers
|upkeep
|
|t:|1769327891
|switch|p2a: Toxapex|Toxapex, M|100/100
|-damage|p2a: Toxapex|88/100|[from] Stealth Rock
|turn|96
|
|t:|1769327899
|move|p1a: Gardevoir|Will-O-Wisp|p2a: Toxapex
|-status|p2a: Toxapex|brn
|move|p2a: Toxapex|Toxic Spikes|p1a: Gardevoir
|-sidestart|p1: Schrosch|move: Toxic Spikes
|
|-heal|p1a: Gardevoir|85/100|[from] item: Leftovers
|-heal|p2a: Toxapex|94/100 brn|[from] item: Black Sludge
|-damage|p2a: Toxapex|88/100 brn|[from] brn
|upkeep
|turn|97
|inactive|Schrosch has 120 seconds left.
|
|t:|1769327953
|switch|p1a: Corviknight|Corviknight, F|61/100
|-ability|p1a: Corviknight|Pressure
|move|p2a: Toxapex|Toxic Spikes|p1a: Corviknight
|-sidestart|p1: Schrosch|move: Toxic Spikes
|
|-heal|p2a: Toxapex|94/100 brn|[from] item: Black Sludge
|-damage|p2a: Toxapex|88/100 brn|[from] brn
|upkeep
|turn|98
|inactive|Schrosch has 90 seconds left.
|
|t:|1769327975
|move|p1a: Corviknight|Brave Bird|p2a: Toxapex
|-damage|p2a: Toxapex|64/100 brn
|-damage|p1a: Corviknight|55/100|[from] Recoil
|move|p2a: Toxapex|Infestation|p1a: Corviknight
|-resisted|p1a: Corviknight
|-damage|p1a: Corviknight|54/100
|-activate|p1a: Corviknight|move: Infestation|[of] p2a: Toxapex
|-damage|p2a: Toxapex|48/100 brn|[from] item: Rocky Helmet|[of] p1a: Corviknight
|
|-heal|p2a: Toxapex|54/100 brn|[from] item: Black Sludge
|-damage|p2a: Toxapex|48/100 brn|[from] brn
|-damage|p1a: Corviknight|42/100|[from] move: Infestation|[partiallytrapped]
|upkeep
|turn|99
|inactive|Schrosch has 90 seconds left.
|inactive|asisisi has 120 seconds left.
|
|t:|1769328022
|move|p1a: Corviknight|Roost|p1a: Corviknight
|-heal|p1a: Corviknight|92/100
|-singleturn|p1a: Corviknight|move: Roost
|move|p2a: Toxapex|Recover|p2a: Toxapex
|-heal|p2a: Toxapex|98/100 brn
|
|-heal|p2a: Toxapex|100/100 brn|[from] item: Black Sludge
|-damage|p2a: Toxapex|94/100 brn|[from] brn
|-damage|p1a: Corviknight|80/100|[from] move: Infestation|[partiallytrapped]
|upkeep
|turn|100
|
|t:|1769328034
|move|p1a: Corviknight|Brave Bird|p2a: Toxapex
|-damage|p2a: Toxapex|71/100 brn
|-damage|p1a: Corviknight|74/100|[from] Recoil
|move|p2a: Toxapex|Toxic|p1a: Corviknight
|-immune|p1a: Corviknight
|
|-heal|p2a: Toxapex|77/100 brn|[from] item: Black Sludge
|-damage|p2a: Toxapex|71/100 brn|[from] brn
|-damage|p1a: Corviknight|62/100|[from] move: Infestation|[partiallytrapped]
|upkeep
|turn|101
|inactive|Schrosch has 90 seconds left.
|inactive|asisisi has 90 seconds left.
|
|t:|1769328059
|move|p1a: Corviknight|Defog|p2a: Toxapex
|-unboost|p2a: Toxapex|evasion|1
|-sideend|p2: asisisi|Stealth Rock|[from] move: Defog|[of] p1a: Corviknight
|-sideend|p1: Schrosch|Toxic Spikes|[from] move: Defog|[of] p1a: Corviknight
|move|p2a: Toxapex|Infestation|p1a: Corviknight
|-resisted|p1a: Corviknight
|-damage|p1a: Corviknight|61/100
|-damage|p2a: Toxapex|55/100 brn|[from] item: Rocky Helmet|[of] p1a: Corviknight
|
|-heal|p2a: Toxapex|61/100 brn|[from] item: Black Sludge
|-damage|p2a: Toxapex|55/100 brn|[from] brn
|-damage|p1a: Corviknight|49/100|[from] move: Infestation|[partiallytrapped]
|upkeep
|turn|102
|inactive|Schrosch has 90 seconds left.
|inactive|asisisi has 90 seconds left.
|
|t:|1769328070
|move|p1a: Corviknight|U-turn|p2a: Toxapex
|-resisted|p2a: Toxapex
|-damage|p2a: Toxapex|50/100 brn
|
|t:|1769328073
|switch|p1a: Gardevoir|Gardevoir, F|85/100|[from] U-turn
|-ability|p1a: Gardevoir|Regenerator|Trace|[from] ability: Trace|[of] p2a: Toxapex
|move|p2a: Toxapex|Recover|p2a: Toxapex
|-heal|p2a: Toxapex|100/100 brn
|
|-heal|p1a: Gardevoir|91/100|[from] item: Leftovers
|-damage|p2a: Toxapex|94/100 brn|[from] brn
|upkeep
|turn|103
|inactive|asisisi has 90 seconds left.
|
|t:|1769328085
|switch|p1a: Corviknight|Corviknight, F|49/100
|-ability|p1a: Corviknight|Pressure
|move|p2a: Toxapex|Toxic|p1a: Corviknight
|-immune|p1a: Corviknight
|
|-heal|p2a: Toxapex|100/100 brn|[from] item: Black Sludge
|-damage|p2a: Toxapex|94/100 brn|[from] brn
|upkeep
|turn|104
|inactive|Schrosch has 90 seconds left.
|
|t:|1769328098
|move|p1a: Corviknight|Roost|p1a: Corviknight
|-heal|p1a: Corviknight|99/100
|-singleturn|p1a: Corviknight|move: Roost
|move|p2a: Toxapex|Infestation|p1a: Corviknight
|-resisted|p1a: Corviknight
|-damage|p1a: Corviknight|97/100
|-activate|p1a: Corviknight|move: Infestation|[of] p2a: Toxapex
|-damage|p2a: Toxapex|78/100 brn|[from] item: Rocky Helmet|[of] p1a: Corviknight
|
|-heal|p2a: Toxapex|84/100 brn|[from] item: Black Sludge
|-damage|p2a: Toxapex|78/100 brn|[from] brn
|-damage|p1a: Corviknight|85/100|[from] move: Infestation|[partiallytrapped]
|upkeep
|turn|105
|inactive|Schrosch has 90 seconds left.
|inactive|asisisi has 60 seconds left.
|
|t:|1769328131
|move|p1a: Corviknight|Brave Bird|p2a: Toxapex
|-damage|p2a: Toxapex|54/100 brn
|-damage|p1a: Corviknight|79/100|[from] Recoil
|move|p2a: Toxapex|Toxic|p1a: Corviknight
|-immune|p1a: Corviknight
|
|-heal|p2a: Toxapex|60/100 brn|[from] item: Black Sludge
|-damage|p2a: Toxapex|54/100 brn|[from] brn
|-damage|p1a: Corviknight|67/100|[from] move: Infestation|[partiallytrapped]
|upkeep
|turn|106
|inactive|asisisi has 60 seconds left.
|
|t:|1769328142
|move|p1a: Corviknight|Brave Bird|p2a: Toxapex
|-damage|p2a: Toxapex|32/100 brn
|-damage|p1a: Corviknight|61/100|[from] Recoil
|move|p2a: Toxapex|Toxic Spikes|p1a: Corviknight
|-sidestart|p1: Schrosch|move: Toxic Spikes
|
|-heal|p2a: Toxapex|38/100 brn|[from] item: Black Sludge
|-damage|p2a: Toxapex|32/100 brn|[from] brn
|-damage|p1a: Corviknight|49/100|[from] move: Infestation|[partiallytrapped]
|upkeep
|turn|107
|
|t:|1769328153
|move|p1a: Corviknight|Roost|p1a: Corviknight
|-heal|p1a: Corviknight|99/100
|-singleturn|p1a: Corviknight|move: Roost
|move|p2a: Toxapex|Recover|p2a: Toxapex
|-heal|p2a: Toxapex|82/100 brn
|
|-heal|p2a: Toxapex|88/100 brn|[from] item: Black Sludge
|-damage|p2a: Toxapex|82/100 brn|[from] brn
|-damage|p1a: Corviknight|87/100|[from] move: Infestation|[partiallytrapped]
|upkeep
|turn|108
|inactive|asisisi has 30 seconds left.
|
|t:|1769328185
|move|p1a: Corviknight|Defog|p2a: Toxapex
|-unboost|p2a: Toxapex|evasion|1
|-sideend|p1: Schrosch|Toxic Spikes|[from] move: Defog|[of] p1a: Corviknight
|move|p2a: Toxapex|Toxic|p1a: Corviknight
|-immune|p1a: Corviknight
|
|-heal|p2a: Toxapex|88/100 brn|[from] item: Black Sludge
|-damage|p2a: Toxapex|82/100 brn|[from] brn
|-end|p1a: Corviknight|Infestation|[partiallytrapped]
|upkeep
|turn|109
|inactive|asisisi has 30 seconds left.
|
|t:|1769328194
|move|p1a: Corviknight|Brave Bird|p2a: Toxapex
|-damage|p2a: Toxapex|59/100 brn
|-damage|p1a: Corviknight|81/100|[from] Recoil
|move|p2a: Toxapex|Toxic Spikes|p1a: Corviknight
|-sidestart|p1: Schrosch|move: Toxic Spikes
|
|-heal|p2a: Toxapex|65/100 brn|[from] item: Black Sludge
|-damage|p2a: Toxapex|59/100 brn|[from] brn
|upkeep
|turn|110
|inactive|asisisi has 30 seconds left.
|
|t:|1769328204
|move|p1a: Corviknight|Brave Bird|p2a: Toxapex
|-damage|p2a: Toxapex|37/100 brn
|-damage|p1a: Corviknight|75/100|[from] Recoil
|move|p2a: Toxapex|Infestation|p1a: Corviknight
|-resisted|p1a: Corviknight
|-damage|p1a: Corviknight|75/100
|-activate|p1a: Corviknight|move: Infestation|[of] p2a: Toxapex
|-damage|p2a: Toxapex|21/100 brn|[from] item: Rocky Helmet|[of] p1a: Corviknight
|
|-heal|p2a: Toxapex|27/100 brn|[from] item: Black Sludge
|-damage|p2a: Toxapex|21/100 brn|[from] brn
|-damage|p1a: Corviknight|63/100|[from] move: Infestation|[partiallytrapped]
|upkeep
|turn|111
|inactive|asisisi has 30 seconds left.
|
|t:|1769328216
|move|p1a: Corviknight|Brave Bird|p2a: Toxapex
|-damage|p2a: Toxapex|0 fnt
|faint|p2a: Toxapex
|-damage|p1a: Corviknight|58/100|[from] Recoil
|
|-end|p1a: Corviknight|Infestation|[partiallytrapped]|[silent]
|upkeep
|inactive|asisisi has 30 seconds left this turn.
|
|t:|1769328222
|switch|p2a: Dondozo|Dondozo, M|94/100 brn
|turn|112
|inactive|asisisi has 30 seconds left this turn.
|
|t:|1769328228
|move|p1a: Corviknight|Defog|p2a: Dondozo
|-unboost|p2a: Dondozo|evasion|1
|-sideend|p1: Schrosch|Toxic Spikes|[from] move: Defog|[of] p1a: Corviknight
|move|p2a: Dondozo|Liquidation|p1a: Corviknight
|-damage|p1a: Corviknight|49/100
|-damage|p2a: Dondozo|78/100 brn|[from] item: Rocky Helmet|[of] p1a: Corviknight
|
|-heal|p2a: Dondozo|84/100 brn|[from] item: Leftovers
|-damage|p2a: Dondozo|78/100 brn|[from] brn
|upkeep
|turn|113
|inactive|asisisi has 30 seconds left.
|
|t:|1769328238
|move|p1a: Corviknight|U-turn|p2a: Dondozo
|-damage|p2a: Dondozo|71/100 brn
|
|t:|1769328241
|switch|p1a: Gardevoir|Gardevoir, F|100/100|[from] U-turn
|-ability|p1a: Gardevoir|Unaware|Trace|[from] ability: Trace|[of] p2a: Dondozo
|move|p2a: Dondozo|Earthquake|p1a: Gardevoir
|-crit|p1a: Gardevoir
|-damage|p1a: Gardevoir|76/100
|
|-heal|p1a: Gardevoir|82/100|[from] item: Leftovers
|-heal|p2a: Dondozo|77/100 brn|[from] item: Leftovers
|-damage|p2a: Dondozo|71/100 brn|[from] brn
|upkeep
|turn|114
|inactive|asisisi has 30 seconds left.
|
|t:|1769328252
|move|p1a: Gardevoir|Substitute|p1a: Gardevoir
|-start|p1a: Gardevoir|Substitute
|-damage|p1a: Gardevoir|57/100
|move|p2a: Dondozo|Liquidation|p1a: Gardevoir
|-activate|p1a: Gardevoir|move: Substitute|[damage]
|
|-heal|p1a: Gardevoir|63/100|[from] item: Leftovers
|-heal|p2a: Dondozo|77/100 brn|[from] item: Leftovers
|-damage|p2a: Dondozo|71/100 brn|[from] brn
|upkeep
|turn|115
|inactive|asisisi has 30 seconds left.
|
|t:|1769328261
|switch|p2a: Clodsire|Clodsire, F|57/100 brn
|move|p1a: Gardevoir|Moonblast|p2a: Clodsire
|-resisted|p2a: Clodsire
|-damage|p2a: Clodsire|46/100 brn
|
|-heal|p1a: Gardevoir|70/100|[from] item: Leftovers
|-damage|p2a: Clodsire|39/100 brn|[from] brn
|upkeep
|turn|116
|inactive|asisisi has 30 seconds left.
|
|t:|1769328270
|switch|p1a: Corviknight|Corviknight, F|49/100
|-ability|p1a: Corviknight|Pressure
|move|p2a: Clodsire|Recover|p2a: Clodsire
|-heal|p2a: Clodsire|89/100 brn
|
|-damage|p2a: Clodsire|83/100 brn|[from] brn
|upkeep
|turn|117
|inactive|asisisi has 30 seconds left.
|inactive|Schrosch has 60 seconds left.
|inactive|asisisi has 20 seconds left.
|inactive|asisisi has 15 seconds left.
|inactive|asisisi has 10 seconds left.
|
|t:|1769328296
|switch|p2a: Dondozo|Dondozo, M|71/100 brn
|move|p1a: Corviknight|Brave Bird|p2a: Dondozo
|-damage|p2a: Dondozo|56/100 brn
|-damage|p1a: Corviknight|42/100|[from] Recoil
|
|-heal|p2a: Dondozo|62/100 brn|[from] item: Leftovers
|-damage|p2a: Dondozo|56/100 brn|[from] brn
|upkeep
|turn|118
|inactive|asisisi has 15 seconds left this turn.
|inactive|asisisi has 10 seconds left.
|
|t:|1769328305
|move|p1a: Corviknight|Roost|p1a: Corviknight
|-heal|p1a: Corviknight|92/100
|-singleturn|p1a: Corviknight|move: Roost
|move|p2a: Dondozo|Rest|p2a: Dondozo
|-status|p2a: Dondozo|slp|[from] move: Rest
|-heal|p2a: Dondozo|100/100 slp|[silent]
|
|upkeep
|turn|119
|inactive|asisisi has 15 seconds left this turn.
|inactive|asisisi has 10 seconds left.
|
|t:|1769328313
|move|p1a: Corviknight|U-turn|p2a: Dondozo
|-damage|p2a: Dondozo|94/100 slp
|
|t:|1769328316
|switch|p1a: Gardevoir|Gardevoir, F|70/100|[from] U-turn
|-ability|p1a: Gardevoir|Unaware|Trace|[from] ability: Trace|[of] p2a: Dondozo
|cant|p2a: Dondozo|slp
|
|-heal|p1a: Gardevoir|76/100|[from] item: Leftovers
|-heal|p2a: Dondozo|99/100 slp|[from] item: Leftovers
|upkeep
|turn|120
|inactive|asisisi has 20 seconds left this turn.
|inactive|Schrosch has 60 seconds left.
|inactive|asisisi has 15 seconds left.
|
|t:|1769328325
|switch|p2a: Clodsire|Clodsire, F|83/100 brn
|move|p1a: Gardevoir|Moonblast|p2a: Clodsire
|-resisted|p2a: Clodsire
|-damage|p2a: Clodsire|71/100 brn
|-unboost|p2a: Clodsire|spa|1
|
|-heal|p1a: Gardevoir|82/100|[from] item: Leftovers
|-damage|p2a: Clodsire|64/100 brn|[from] brn
|upkeep
|turn|121
|inactive|asisisi has 20 seconds left this turn.
|inactive|Schrosch has 60 seconds left.
|inactive|asisisi has 15 seconds left.
|inactive|asisisi has 10 seconds left.
|
|t:|1769328336
|switch|p1a: Corviknight|Corviknight, F|92/100
|-ability|p1a: Corviknight|Pressure
|move|p2a: Clodsire|Toxic|p1a: Corviknight
|-immune|p1a: Corviknight
|
|-damage|p2a: Clodsire|58/100 brn|[from] brn
|upkeep
|turn|122
|inactive|asisisi has 15 seconds left this turn.
|inactive|Schrosch has 60 seconds left.
|inactive|asisisi has 10 seconds left.
|
|t:|1769328346
|move|p1a: Corviknight|Brave Bird|p2a: Clodsire
|-damage|p2a: Clodsire|15/100 brn
|-damage|p1a: Corviknight|76/100|[from] Recoil
|move|p2a: Clodsire|Recover|p2a: Clodsire
|-heal|p2a: Clodsire|65/100 brn
|
|-damage|p2a: Clodsire|59/100 brn|[from] brn
|upkeep
|turn|123
|inactive|asisisi has 15 seconds left this turn.
|inactive|asisisi has 10 seconds left.
|inactive|asisisi has 5 seconds left.
|
|t:|1769328358
|switch|p2a: Dondozo|Dondozo, M|99/100 slp
|move|p1a: Corviknight|Brave Bird|p2a: Dondozo
|-damage|p2a: Dondozo|82/100 slp
|-damage|p1a: Corviknight|69/100|[from] Recoil
|
|-heal|p2a: Dondozo|89/100 slp|[from] item: Leftovers
|upkeep
|turn|124
|inactive|asisisi has 10 seconds left this turn.
|inactive|asisisi has 5 seconds left.
|
|t:|1769328366
|move|p1a: Corviknight|U-turn|p2a: Dondozo
|-damage|p2a: Dondozo|82/100 slp
|
|t:|1769328369
|switch|p1a: Gardevoir|Gardevoir, F|82/100|[from] U-turn
|-ability|p1a: Gardevoir|Unaware|Trace|[from] ability: Trace|[of] p2a: Dondozo
|cant|p2a: Dondozo|slp
|
|-heal|p1a: Gardevoir|88/100|[from] item: Leftovers
|-heal|p2a: Dondozo|88/100 slp|[from] item: Leftovers
|upkeep
|turn|125
|inactive|asisisi has 15 seconds left this turn.
|inactive|asisisi has 10 seconds left.
|
|t:|1769328378
|switch|p1a: Corviknight|Corviknight, F|69/100
|-ability|p1a: Corviknight|Pressure
|-curestatus|p2a: Dondozo|slp|[msg]
|move|p2a: Dondozo|Liquidation|p1a: Corviknight
|-damage|p1a: Corviknight|52/100
|-damage|p2a: Dondozo|71/100|[from] item: Rocky Helmet|[of] p1a: Corviknight
|
|-heal|p2a: Dondozo|77/100|[from] item: Leftovers
|upkeep
|turn|126
|inactive|asisisi has 15 seconds left this turn.
|inactive|asisisi has 10 seconds left.
|inactive|asisisi has 5 seconds left.
|inactive|Schrosch has 60 seconds left.
|
|t:|1769328394
|move|p1a: Corviknight|Roost|p1a: Corviknight
|-heal|p1a: Corviknight|100/100
|-singleturn|p1a: Corviknight|move: Roost
|move|p2a: Dondozo|Body Press|p1a: Corviknight
|-supereffective|p1a: Corviknight
|-damage|p1a: Corviknight|64/100
|-damage|p2a: Dondozo|61/100|[from] item: Rocky Helmet|[of] p1a: Corviknight
|
|-heal|p2a: Dondozo|67/100|[from] item: Leftovers
|upkeep
|turn|127
|inactive|asisisi has 10 seconds left this turn.
|inactive|asisisi has 5 seconds left.
|
|t:|1769328403
|move|p1a: Corviknight|U-turn|p2a: Dondozo
|-damage|p2a: Dondozo|61/100
|
|t:|1769328406
|switch|p1a: Gardevoir|Gardevoir, F|88/100|[from] U-turn
|-ability|p1a: Gardevoir|Unaware|Trace|[from] ability: Trace|[of] p2a: Dondozo
|move|p2a: Dondozo|Earthquake|p1a: Gardevoir
|-damage|p1a: Gardevoir|53/100
|
|-heal|p1a: Gardevoir|60/100|[from] item: Leftovers
|-heal|p2a: Dondozo|67/100|[from] item: Leftovers
|upkeep
|turn|128
|inactive|asisisi has 15 seconds left this turn.
|inactive|asisisi has 10 seconds left.
|
|t:|1769328415
|move|p1a: Gardevoir|Will-O-Wisp|p2a: Dondozo
|-status|p2a: Dondozo|brn
|move|p2a: Dondozo|Earthquake|p1a: Gardevoir
|-damage|p1a: Gardevoir|44/100
|
|-heal|p1a: Gardevoir|51/100|[from] item: Leftovers
|-heal|p2a: Dondozo|73/100 brn|[from] item: Leftovers
|-damage|p2a: Dondozo|67/100 brn|[from] brn
|upkeep
|turn|129
|inactive|asisisi has 15 seconds left this turn.
|inactive|asisisi has 10 seconds left.
|
|t:|1769328423
|move|p1a: Gardevoir|Substitute|p1a: Gardevoir
|-start|p1a: Gardevoir|Substitute
|-damage|p1a: Gardevoir|26/100
|move|p2a: Dondozo|Rest|p2a: Dondozo
|-status|p2a: Dondozo|slp|[from] move: Rest
|-heal|p2a: Dondozo|100/100 slp|[silent]
|
|-heal|p1a: Gardevoir|32/100|[from] item: Leftovers
|upkeep
|turn|130
|inactive|asisisi has 15 seconds left this turn.
|inactive|asisisi has 10 seconds left.
|inactive|asisisi has 5 seconds left.
|
|t:|1769328442
|switch|p2a: Clodsire|Clodsire, F|59/100 brn
|move|p1a: Gardevoir|Moonblast|p2a: Clodsire
|-resisted|p2a: Clodsire
|-damage|p2a: Clodsire|48/100 brn
|-unboost|p2a: Clodsire|spa|1
|
|-heal|p1a: Gardevoir|38/100|[from] item: Leftovers
|-damage|p2a: Clodsire|41/100 brn|[from] brn
|upkeep
|turn|131
|inactive|asisisi has 10 seconds left this turn.
|inactive|asisisi has 5 seconds left.
|inactive|Schrosch has 60 seconds left.
|-message|asisisi lost due to inactivity.
|
|win|Schrosch
|raw|Schrosch's rating: 1196 &rarr; <strong>1225</strong><br />(+29 for winning)
|raw|asisisi's rating: 1249 &rarr; <strong>1220</strong><br />(-29 for losing)
|l|☆asisisi
|player|p2|
|l|☆Schrosch
|player|p1|
