|j|☆ThatBrownBoy
|j|☆Muche
|t:|1769446200
|gametype|singles
|player|p1|ThatBrownBoy|170|1343
|player|p2|Muche|yellow|1251
|gen|9
|tier|[Gen 9] OU
|rated|
|rule|HP Percentage Mod: HP is shown in percentages
|rule|Endless Battle Clause: Forcing endless battles is banned
|rule|Species Clause: Limit one of each Pokémon
|rule|OHKO Clause: OHKO moves are banned
|rule|Evasion Items Clause: Evasion items are banned
|rule|Evasion Moves Clause: Evasion moves are banned
|rule|Evasion Abilities Clause: Evasion abilities are banned
|rule|Sleep Moves Clause: Sleep-inducing moves are banned
|clearpoke
|poke|p1|Ambipom, F|
|poke|p1|Grimmsnarl, M|
|poke|p1|Ursaluna, F|
|poke|p1|Dragonite, M|
|poke|p1|Zoroark-Hisui, M|
|poke|p1|Corviknight, M|
|poke|p2|Fezandipiti, M|
|poke|p2|Torkoal, M|
|poke|p2|Volcanion|
|poke|p2|Cinderace, M|
|poke|p2|Great Tusk|
|poke|p2|Mandibuzz, F|
|teampreview
|inactive|Battle timer is ON: inactive players will automatically lose when time's up. (requested by ThatBrownBoy)
|
|t:|1769446229
|teamsize|p1|6
|teamsize|p2|6
|start
|switch|p1a: Ambipom|Ambipom, F, shiny|100/100
|switch|p2a: Torkoal|Torkoal, M|100/100
|-weather|SunnyDay|[from] ability: Drought|[of] p2a: Torkoal
|turn|1
|
|t:|1769446239
|move|p1a: Ambipom|Fake Out|p2a: Torkoal
|-damage|p2a: Torkoal|78/100
|cant|p2a: Torkoal|flinch
|
|-weather|SunnyDay|[upkeep]
|upkeep
|turn|2
|
|t:|1769446262
|move|p1a: Ambipom|Knock Off|p2a: Torkoal
|-damage|p2a: Torkoal|58/100
|-enditem|p2a: Torkoal|Heat Rock|[from] move: Knock Off|[of] p1a: Ambipom
|move|p2a: Torkoal|Stealth Rock|p1a: Ambipom
|-sidestart|p1: ThatBrownBoy|move: Stealth Rock
|
|-weather|SunnyDay|[upkeep]
|upkeep
|turn|3
|
|t:|1769446269
|switch|p2a: Mandibuzz|Mandibuzz, F|100/100
|move|p1a: Ambipom|Low Kick|p2a: Mandibuzz
|-damage|p2a: Mandibuzz|85/100
|-damage|p1a: Ambipom|84/100|[from] item: Rocky Helmet|[of] p2a: Mandibuzz
|
|-weather|SunnyDay|[upkeep]
|upkeep
|turn|4
|
|t:|1769446274
|switch|p1a: Corviknight|Corviknight, M|100/100
|-damage|p1a: Corviknight|88/100|[from] Stealth Rock
|-ability|p1a: Corviknight|Pressure
|move|p2a: Mandibuzz|Foul Play|p1a: Corviknight
|-damage|p1a: Corviknight|71/100
|-damage|p2a: Mandibuzz|68/100|[from] item: Rocky Helmet|[of] p1a: Corviknight
|
|-weather|SunnyDay|[upkeep]
|upkeep
|turn|5
|
|t:|1769446278
|switch|p2a: Cinderace|Cinderace, M|100/100
|move|p1a: Corviknight|Defog|p2a: Cinderace
|-unboost|p2a: Cinderace|evasion|1
|-sideend|p1: ThatBrownBoy|Stealth Rock|[from] move: Defog|[of] p1a: Corviknight
|
|-weather|SunnyDay|[upkeep]
|upkeep
|turn|6
|
|t:|1769446303
|move|p2a: Cinderace|Pyro Ball|p1a: Corviknight
|-supereffective|p1a: Corviknight
|-damage|p1a: Corviknight|0 fnt
|faint|p1a: Corviknight
|
|-weather|SunnyDay|[upkeep]
|upkeep
|
|t:|1769446313
|switch|p1a: Ursaluna|Ursaluna, F, shiny|100/100
|turn|7
|
|t:|1769446319
|move|p2a: Cinderace|Sucker Punch|p1a: Ursaluna
|-start|p2a: Cinderace|typechange|Dark|[from] ability: Libero
|-damage|p1a: Ursaluna|75/100
|move|p1a: Ursaluna|Ice Punch|p2a: Cinderace
|-damage|p2a: Cinderace|53/100
|
|-weather|SunnyDay|[upkeep]
|-status|p1a: Ursaluna|brn|[from] item: Flame Orb
|upkeep
|turn|8
|
|t:|1769446324
|move|p2a: Cinderace|High Jump Kick|p1a: Ursaluna
|-supereffective|p1a: Ursaluna
|-damage|p1a: Ursaluna|7/100 brn
|move|p1a: Ursaluna|Facade|p2a: Cinderace
|-damage|p2a: Cinderace|0 fnt
|faint|p2a: Cinderace
|
|-weather|none
|-damage|p1a: Ursaluna|1/100 brn|[from] brn
|upkeep
|
|t:|1769446335
|switch|p2a: Torkoal|Torkoal, M|58/100
|-weather|SunnyDay|[from] ability: Drought|[of] p2a: Torkoal
|turn|9
|
|t:|1769446339
|switch|p2a: Mandibuzz|Mandibuzz, F|68/100
|move|p1a: Ursaluna|Facade|p2a: Mandibuzz
|-damage|p2a: Mandibuzz|0 fnt
|-damage|p1a: Ursaluna|0 fnt|[from] item: Rocky Helmet|[of] p2a: Mandibuzz
|faint|p2a: Mandibuzz
|faint|p1a: Ursaluna
|
|-weather|SunnyDay|[upkeep]
|upkeep
|
|t:|1769446347
|switch|p2a: Great Tusk|Great Tusk|100/100
|switch|p1a: Ambipom|Ambipom, F, shiny|100/100
|-activate|p2a: Great Tusk|ability: Protosynthesis
|-start|p2a: Great Tusk|protosynthesisatk
|turn|10
|
|t:|1769446358
|move|p2a: Great Tusk|Headlong Rush|p1a: Ambipom
|-enditem|p1a: Ambipom|Focus Sash
|-damage|p1a: Ambipom|1/100
|-unboost|p2a: Great Tusk|def|1
|-unboost|p2a: Great Tusk|spd|1
|replace|p1a: Zoroark|Zoroark-Hisui, M, shiny
|-end|p1a: Zoroark|Illusion
|move|p1a: Zoroark|Nasty Plot|p1a: Zoroark
|-boost|p1a: Zoroark|spa|2
|
|-weather|SunnyDay|[upkeep]
|upkeep
|turn|11
|
|t:|1769446364
|move|p2a: Great Tusk|Headlong Rush|p1a: Zoroark
|-damage|p1a: Zoroark|0 fnt
|-unboost|p2a: Great Tusk|def|1
|-unboost|p2a: Great Tusk|spd|1
|faint|p1a: Zoroark
|
|-weather|SunnyDay|[upkeep]
|upkeep
|
|t:|1769446371
|switch|p1a: Dragonite|Dragonite, M, shiny|100/100
|turn|12
|
|t:|1769446374
|-end|p2a: Great Tusk|Protosynthesis|[silent]
|switch|p2a: Fezandipiti|Fezandipiti, M|100/100
|move|p1a: Dragonite|Dragon Dance|p1a: Dragonite
|-boost|p1a: Dragonite|atk|1
|-boost|p1a: Dragonite|spe|1
|
|-weather|SunnyDay|[upkeep]
|upkeep
|turn|13
|
|t:|1769446386
|move|p1a: Dragonite|Earthquake|p2a: Fezandipiti
|-supereffective|p2a: Fezandipiti
|-damage|p2a: Fezandipiti|0 fnt
|faint|p2a: Fezandipiti
|
|-weather|none
|upkeep
|
|t:|1769446396
|switch|p2a: Great Tusk|Great Tusk|100/100
|turn|14
|
|t:|1769446400
|-terastallize|p1a: Dragonite|Normal
|move|p2a: Great Tusk|Close Combat|p1a: Dragonite
|-supereffective|p1a: Dragonite
|-damage|p1a: Dragonite|25/100
|-unboost|p2a: Great Tusk|def|1
|-unboost|p2a: Great Tusk|spd|1
|move|p1a: Dragonite|Dragon Dance|p1a: Dragonite
|-boost|p1a: Dragonite|atk|1
|-boost|p1a: Dragonite|spe|1
|
|upkeep
|turn|15
|
|t:|1769446404
|move|p1a: Dragonite|Ice Spinner|p2a: Great Tusk
|-supereffective|p2a: Great Tusk
|-damage|p2a: Great Tusk|0 fnt
|faint|p2a: Great Tusk
|-end|p2a: Great Tusk|Protosynthesis|[silent]
|
|upkeep
|
|t:|1769446406
|switch|p2a: Torkoal|Torkoal, M|58/100
|-weather|SunnyDay|[from] ability: Drought|[of] p2a: Torkoal
|turn|16
|
|t:|1769446415
|-terastallize|p2a: Torkoal|Fairy
|move|p1a: Dragonite|Earthquake|p2a: Torkoal
|-damage|p2a: Torkoal|4/100
|move|p2a: Torkoal|Earth Power|p1a: Dragonite
|-damage|p1a: Dragonite|1/100
|
|-weather|SunnyDay|[upkeep]
|upkeep
|turn|17
|-message|Muche forfeited.
|
|win|ThatBrownBoy
|raw|ThatBrownBoy's rating: 1343 &rarr; <strong>1358</strong><br />(+15 for winning)
|raw|Muche's rating: 1251 &rarr; <strong>1232</strong><br />(-19 for losing)
|l|☆Muche
|player|p2|
