|j|☆ferrydiscs
|j|☆saibayman
|t:|1769311429
|gametype|singles
|player|p1|ferrydiscs|will|1516
|player|p2|saibayman|265|1456
|gen|9
|tier|[Gen 9] OU
|rated|
|rule|HP Percentage Mod: HP is shown in percentages
|rule|Endless Battle Clause: Forcing endless battles is banned
|rule|Species Clause: Limit one of each Pokémon
|rule|OHKO Clause: OHKO moves are banned
|rule|Evasion Items Clause: Evasion items are banned
|rule|Evasion Moves Clause: Evasion moves are banned
|rule|Evasion Abilities Clause: Evasion abilities are banned
|rule|Sleep Moves Clause: Sleep-inducing moves are banned
|clearpoke
|poke|p1|Tyranitar, M|
|poke|p1|Excadrill, M|
|poke|p1|Tornadus-Therian, M|
|poke|p1|Tinkaton, F|
|poke|p1|Sinistcha|
|poke|p1|Toxapex, M|
|poke|p2|Tyranitar, M|
|poke|p2|Great Tusk|
|poke|p2|Slowking-Galar, F|
|poke|p2|Gholdengo|
|poke|p2|Meowscarada, M|
|poke|p2|Moltres|
|teampreview
|inactive|Battle timer is ON: inactive players will automatically lose when time's up. (requested by saibayman)
|inactive|ferrydiscs has 120 seconds left.
|
|t:|1769311461
|teamsize|p1|6
|teamsize|p2|6
|start
|switch|p1a: Tornadus|Tornadus-Therian, M, shiny|100/100
|switch|p2a: Moltres|Moltres|100/100
|turn|1
|inactive|saibayman has 120 seconds left.
|
|t:|1769311497
|move|p1a: Tornadus|Bleakwind Storm|p2a: Moltres
|-damage|p2a: Moltres|54/100
|move|p2a: Moltres|Will-O-Wisp|p1a: Tornadus
|-status|p1a: Tornadus|brn
|
|-damage|p1a: Tornadus|94/100 brn|[from] brn
|upkeep
|turn|2
|inactive|saibayman has 120 seconds left.
|inactive|ferrydiscs has 120 seconds left.
|
|t:|1769311518
|switch|p1a: Toxapex|Toxapex, M, shiny|100/100
|move|p2a: Moltres|Roost|p2a: Moltres
|-heal|p2a: Moltres|100/100
|-singleturn|p2a: Moltres|move: Roost
|
|upkeep
|turn|3
|
|t:|1769311526
|switch|p2a: Slowking|Slowking-Galar, F|100/100
|switch|p1a: Tinkaton|Tinkaton, F, shiny|100/100
|-item|p1a: Tinkaton|Air Balloon
|
|upkeep
|turn|4
|
|t:|1769311540
|move|p1a: Tinkaton|Stealth Rock|p2a: Slowking
|-sidestart|p2: saibayman|move: Stealth Rock
|move|p2a: Slowking|Ice Beam|p1a: Tinkaton
|-resisted|p1a: Tinkaton
|-damage|p1a: Tinkaton|84/100
|-enditem|p1a: Tinkaton|Air Balloon
|
|upkeep
|turn|5
|
|t:|1769311548
|switch|p1a: Tyranitar|Tyranitar, M, shiny|100/100
|-weather|Sandstorm|[from] ability: Sand Stream|[of] p1a: Tyranitar
|switch|p2a: Moltres|Moltres|100/100
|
|-weather|Sandstorm|[upkeep]
|-damage|p2a: Moltres|94/100|[from] Sandstorm
|upkeep
|turn|6
|
|t:|1769311559
|switch|p1a: Tornadus|Tornadus-Therian, M, shiny|100/100 brn
|move|p2a: Moltres|Will-O-Wisp|p1a: Tornadus
|-fail|p1a: Tornadus|brn
|
|-weather|Sandstorm|[upkeep]
|-damage|p1a: Tornadus|94/100 brn|[from] Sandstorm
|-damage|p2a: Moltres|88/100|[from] Sandstorm
|-damage|p1a: Tornadus|88/100 brn|[from] brn
|upkeep
|turn|7
|
|t:|1769311570
|move|p1a: Tornadus|Weather Ball|p2a: Moltres
|-supereffective|p2a: Moltres
|-damage|p2a: Moltres|0 fnt
|faint|p2a: Moltres
|
|-weather|Sandstorm|[upkeep]
|-damage|p1a: Tornadus|82/100 brn|[from] Sandstorm
|-damage|p1a: Tornadus|76/100 brn|[from] brn
|upkeep
|
|t:|1769311579
|switch|p2a: Meowscarada|Meowscarada, M|100/100
|-damage|p2a: Meowscarada|88/100|[from] Stealth Rock
|turn|8
|
|t:|1769311592
|switch|p1a: Tinkaton|Tinkaton, F, shiny|84/100
|move|p2a: Meowscarada|Knock Off|p1a: Tinkaton
|-start|p2a: Meowscarada|typechange|Dark|[from] ability: Protean
|-resisted|p1a: Tinkaton
|-damage|p1a: Tinkaton|53/100
|-enditem|p2a: Meowscarada|Choice Band|[silent]|[from] ability: Pickpocket|[of] p2a: Meowscarada
|-item|p1a: Tinkaton|Choice Band|[from] ability: Pickpocket|[of] p2a: Meowscarada
|
|-weather|Sandstorm|[upkeep]
|-damage|p2a: Meowscarada|82/100|[from] Sandstorm
|upkeep
|turn|9
|
|t:|1769311609
|move|p2a: Meowscarada|U-turn|p1a: Tinkaton
|-resisted|p1a: Tinkaton
|-damage|p1a: Tinkaton|46/100
|
|t:|1769311613
|switch|p2a: Great Tusk|Great Tusk|100/100|[from] U-turn
|-damage|p2a: Great Tusk|97/100|[from] Stealth Rock
|move|p1a: Tinkaton|Gigaton Hammer|p2a: Great Tusk
|-damage|p2a: Great Tusk|56/100
|
|-weather|none
|-heal|p2a: Great Tusk|62/100|[from] item: Leftovers
|upkeep
|turn|10
|
|t:|1769311627
|switch|p1a: Tornadus|Tornadus-Therian, M, shiny|100/100 brn
|-end|p2a: Great Tusk|Protosynthesis|[silent]
|switch|p2a: Gholdengo|Gholdengo|100/100
|-damage|p2a: Gholdengo|94/100|[from] Stealth Rock
|
|-damage|p1a: Tornadus|94/100 brn|[from] brn
|upkeep
|turn|11
|
|t:|1769311649
|switch|p1a: Excadrill|Excadrill, M, shiny|100/100
|move|p2a: Gholdengo|Make It Rain|p1a: Excadrill
|-resisted|p1a: Excadrill
|-damage|p1a: Excadrill|58/100
|-unboost|p2a: Gholdengo|spa|1
|
|-heal|p1a: Excadrill|64/100|[from] item: Leftovers
|upkeep
|turn|12
|
|t:|1769311660
|switch|p2a: Great Tusk|Great Tusk|62/100
|-damage|p2a: Great Tusk|59/100|[from] Stealth Rock
|move|p1a: Excadrill|Substitute|p1a: Excadrill
|-start|p1a: Excadrill|Substitute
|-damage|p1a: Excadrill|39/100
|
|-heal|p1a: Excadrill|45/100|[from] item: Leftovers
|-heal|p2a: Great Tusk|65/100|[from] item: Leftovers
|upkeep
|turn|13
|
|t:|1769311669
|move|p1a: Excadrill|Earthquake|p2a: Great Tusk
|-damage|p2a: Great Tusk|40/100
|move|p2a: Great Tusk|Rapid Spin|p1a: Excadrill
|-resisted|p1a: Excadrill
|-activate|p1a: Excadrill|move: Substitute|[damage]
|-sideend|p2: saibayman|Stealth Rock|[from] move: Rapid Spin|[of] p2a: Great Tusk
|-boost|p2a: Great Tusk|spe|1
|
|-heal|p2a: Great Tusk|46/100|[from] item: Leftovers
|-heal|p1a: Excadrill|51/100|[from] item: Leftovers
|upkeep
|turn|14
|
|t:|1769311679
|move|p2a: Great Tusk|Bulk Up|p2a: Great Tusk
|-boost|p2a: Great Tusk|atk|1
|-boost|p2a: Great Tusk|def|1
|move|p1a: Excadrill|Earthquake|p2a: Great Tusk
|-damage|p2a: Great Tusk|26/100
|
|-heal|p2a: Great Tusk|32/100|[from] item: Leftovers
|-heal|p1a: Excadrill|58/100|[from] item: Leftovers
|upkeep
|turn|15
|
|t:|1769311690
|switch|p1a: Sinistcha|Sinistcha, shiny|100/100
|move|p2a: Great Tusk|Earthquake|p1a: Sinistcha
|-resisted|p1a: Sinistcha
|-damage|p1a: Sinistcha|78/100
|
|-heal|p2a: Great Tusk|38/100|[from] item: Leftovers
|-heal|p1a: Sinistcha|84/100|[from] item: Leftovers
|upkeep
|turn|16
|
|t:|1769311702
|-end|p2a: Great Tusk|Protosynthesis|[silent]
|switch|p2a: Slowking|Slowking-Galar, F|100/100
|move|p1a: Sinistcha|Shadow Ball|p2a: Slowking
|-supereffective|p2a: Slowking
|-damage|p2a: Slowking|68/100
|
|-heal|p1a: Sinistcha|90/100|[from] item: Leftovers
|upkeep
|turn|17
|
|t:|1769311720
|switch|p1a: Toxapex|Toxapex, M, shiny|100/100
|move|p2a: Slowking|Ice Beam|p1a: Toxapex
|-resisted|p1a: Toxapex
|-damage|p1a: Toxapex|90/100
|-enditem|p1a: Toxapex|Eject Button
|
|t:|1769311727
|switch|p1a: Tyranitar|Tyranitar, M, shiny|100/100
|-weather|Sandstorm|[from] ability: Sand Stream|[of] p1a: Tyranitar
|
|-weather|Sandstorm|[upkeep]
|-damage|p2a: Slowking|62/100|[from] Sandstorm
|upkeep
|turn|18
|
|t:|1769311735
|switch|p2a: Tyranitar|Tyranitar, M|100/100
|move|p1a: Tyranitar|Knock Off|p2a: Tyranitar
|-resisted|p2a: Tyranitar
|-damage|p2a: Tyranitar|75/100
|-damage|p1a: Tyranitar|84/100|[from] item: Rocky Helmet|[of] p2a: Tyranitar
|-enditem|p2a: Tyranitar|Rocky Helmet|[from] move: Knock Off|[of] p1a: Tyranitar
|
|-weather|Sandstorm|[upkeep]
|upkeep
|turn|19
|
|t:|1769311745
|switch|p1a: Toxapex|Toxapex, M, shiny|100/100
|move|p2a: Tyranitar|Low Kick|p1a: Toxapex
|-resisted|p1a: Toxapex
|-damage|p1a: Toxapex|97/100
|
|-weather|Sandstorm|[upkeep]
|-damage|p1a: Toxapex|91/100|[from] Sandstorm
|upkeep
|turn|20
|
|t:|1769311764
|switch|p2a: Slowking|Slowking-Galar, F|95/100
|switch|p1a: Tinkaton|Tinkaton, F, shiny|46/100
|
|-weather|Sandstorm|[upkeep]
|-damage|p2a: Slowking|89/100|[from] Sandstorm
|upkeep
|turn|21
|
|t:|1769311774
|move|p1a: Tinkaton|Stealth Rock|p2a: Slowking
|-sidestart|p2: saibayman|move: Stealth Rock
|move|p2a: Slowking|Ice Beam|p1a: Tinkaton
|-resisted|p1a: Tinkaton
|-damage|p1a: Tinkaton|29/100
|
|-weather|none
|upkeep
|turn|22
|
|t:|1769311782
|switch|p1a: Tyranitar|Tyranitar, M, shiny|84/100
|-weather|Sandstorm|[from] ability: Sand Stream|[of] p1a: Tyranitar
|move|p2a: Slowking|Grass Knot|p1a: Tyranitar
|-supereffective|p1a: Tyranitar
|-damage|p1a: Tyranitar|28/100
|
|-weather|Sandstorm|[upkeep]
|-damage|p2a: Slowking|83/100|[from] Sandstorm
|upkeep
|turn|23
|
|t:|1769311797
|switch|p2a: Tyranitar|Tyranitar, M|75/100
|-damage|p2a: Tyranitar|62/100|[from] Stealth Rock
|move|p1a: Tyranitar|Stone Edge|p2a: Tyranitar
|-damage|p2a: Tyranitar|12/100
|
|-weather|Sandstorm|[upkeep]
|upkeep
|turn|24
|
|t:|1769311816
|switch|p1a: Tinkaton|Tinkaton, F, shiny|29/100
|move|p2a: Tyranitar|Low Kick|p1a: Tinkaton
|-crit|p1a: Tinkaton
|-damage|p1a: Tinkaton|0 fnt
|faint|p1a: Tinkaton
|
|-weather|Sandstorm|[upkeep]
|upkeep
|
|t:|1769311828
|switch|p1a: Excadrill|Excadrill, M, shiny|58/100
|turn|25
|
|t:|1769311833
|move|p1a: Excadrill|Earthquake|p2a: Tyranitar
|-supereffective|p2a: Tyranitar
|-damage|p2a: Tyranitar|0 fnt
|faint|p2a: Tyranitar
|
|-weather|Sandstorm|[upkeep]
|-heal|p1a: Excadrill|64/100|[from] item: Leftovers
|upkeep
|
|t:|1769311840
|switch|p2a: Great Tusk|Great Tusk|38/100
|-damage|p2a: Great Tusk|35/100|[from] Stealth Rock
|turn|26
|
|t:|1769311853
|switch|p1a: Sinistcha|Sinistcha, shiny|90/100
|move|p2a: Great Tusk|Earthquake|p1a: Sinistcha
|-resisted|p1a: Sinistcha
|-damage|p1a: Sinistcha|77/100
|
|-weather|none
|-heal|p2a: Great Tusk|41/100|[from] item: Leftovers
|-heal|p1a: Sinistcha|83/100|[from] item: Leftovers
|upkeep
|turn|27
|
|t:|1769311862
|-end|p2a: Great Tusk|Protosynthesis|[silent]
|switch|p2a: Meowscarada|Meowscarada, M|82/100
|-damage|p2a: Meowscarada|70/100|[from] Stealth Rock
|move|p1a: Sinistcha|Calm Mind|p1a: Sinistcha
|-boost|p1a: Sinistcha|spa|1
|-boost|p1a: Sinistcha|spd|1
|
|-heal|p1a: Sinistcha|89/100|[from] item: Leftovers
|upkeep
|turn|28
|
|t:|1769311872
|-terastallize|p1a: Sinistcha|Fighting
|move|p2a: Meowscarada|Knock Off|p1a: Sinistcha
|-start|p2a: Meowscarada|typechange|Dark|[from] ability: Protean
|-resisted|p1a: Sinistcha
|-damage|p1a: Sinistcha|72/100
|-enditem|p1a: Sinistcha|Leftovers|[from] move: Knock Off|[of] p2a: Meowscarada
|move|p1a: Sinistcha|Tera Blast|p2a: Meowscarada|[anim] Tera Blast Fighting
|-supereffective|p2a: Meowscarada
|-damage|p2a: Meowscarada|0 fnt
|faint|p2a: Meowscarada
|
|upkeep
|
|t:|1769311885
|switch|p2a: Slowking|Slowking-Galar, F|100/100
|-damage|p2a: Slowking|88/100|[from] Stealth Rock
|turn|29
|
|t:|1769311890
|move|p1a: Sinistcha|Shadow Ball|p2a: Slowking
|-supereffective|p2a: Slowking
|-damage|p2a: Slowking|41/100
|move|p2a: Slowking|Psyshock|p1a: Sinistcha
|-supereffective|p1a: Sinistcha
|-damage|p1a: Sinistcha|16/100
|
|upkeep
|turn|30
|
|t:|1769311898
|-terastallize|p2a: Slowking|Fairy
|move|p1a: Sinistcha|Shadow Ball|p2a: Slowking
|-damage|p2a: Slowking|15/100
|move|p2a: Slowking|Psyshock|p1a: Sinistcha
|-supereffective|p1a: Sinistcha
|-damage|p1a: Sinistcha|0 fnt
|faint|p1a: Sinistcha
|
|upkeep
|
|t:|1769311911
|switch|p1a: Tyranitar|Tyranitar, M, shiny|28/100
|-weather|Sandstorm|[from] ability: Sand Stream|[of] p1a: Tyranitar
|turn|31
|
|t:|1769311918
|switch|p2a: Great Tusk|Great Tusk|41/100
|-damage|p2a: Great Tusk|38/100|[from] Stealth Rock
|move|p1a: Tyranitar|Knock Off|p2a: Great Tusk
|-resisted|p2a: Great Tusk
|-damage|p2a: Great Tusk|20/100
|-enditem|p2a: Great Tusk|Leftovers|[from] move: Knock Off|[of] p1a: Tyranitar
|
|-weather|Sandstorm|[upkeep]
|upkeep
|turn|32
|
|t:|1769311938
|switch|p1a: Toxapex|Toxapex, M, shiny|100/100
|move|p2a: Great Tusk|Rapid Spin|p1a: Toxapex
|-damage|p1a: Toxapex|91/100
|-boost|p2a: Great Tusk|spe|1
|-sideend|p2: saibayman|Stealth Rock|[from] move: Rapid Spin|[of] p2a: Great Tusk
|
|-weather|Sandstorm|[upkeep]
|-damage|p1a: Toxapex|85/100|[from] Sandstorm
|upkeep
|turn|33
|
|t:|1769311952
|switch|p1a: Excadrill|Excadrill, M, shiny|64/100
|move|p2a: Great Tusk|Earthquake|p1a: Excadrill
|-supereffective|p1a: Excadrill
|-crit|p1a: Excadrill
|-damage|p1a: Excadrill|0 fnt
|faint|p1a: Excadrill
|
|-weather|Sandstorm|[upkeep]
|upkeep
|
|t:|1769311955
|switch|p1a: Tornadus|Tornadus-Therian, M, shiny|100/100 brn
|turn|34
|
|t:|1769311967
|-end|p2a: Great Tusk|Protosynthesis|[silent]
|switch|p2a: Slowking|Slowking-Galar, F, tera:Fairy|49/100
|move|p1a: Tornadus|Heat Wave|p2a: Slowking
|-damage|p2a: Slowking|24/100
|
|-weather|Sandstorm|[upkeep]
|-damage|p1a: Tornadus|94/100 brn|[from] Sandstorm
|-damage|p2a: Slowking|18/100|[from] Sandstorm
|-damage|p1a: Tornadus|88/100 brn|[from] brn
|upkeep
|turn|35
|
|t:|1769311977
|switch|p2a: Great Tusk|Great Tusk|20/100
|move|p1a: Tornadus|Heat Wave|p2a: Great Tusk
|-damage|p2a: Great Tusk|0 fnt
|faint|p2a: Great Tusk
|-end|p2a: Great Tusk|Protosynthesis|[silent]
|
|-weather|none
|-damage|p1a: Tornadus|82/100 brn|[from] brn
|upkeep
|
|t:|1769311991
|switch|p2a: Slowking|Slowking-Galar, F, tera:Fairy|52/100
|turn|36
|
|t:|1769311996
|switch|p1a: Tyranitar|Tyranitar, M, shiny|28/100
|-weather|Sandstorm|[from] ability: Sand Stream|[of] p1a: Tyranitar
|move|p2a: Slowking|Ice Beam|p1a: Tyranitar
|-damage|p1a: Tyranitar|5/100
|
|-weather|Sandstorm|[upkeep]
|-damage|p2a: Slowking|45/100|[from] Sandstorm
|upkeep
|turn|37
|
|t:|1769312011
|move|p1a: Tyranitar|Knock Off|p2a: Slowking
|-resisted|p2a: Slowking
|-damage|p2a: Slowking|3/100
|-enditem|p2a: Slowking|Assault Vest|[from] move: Knock Off|[of] p1a: Tyranitar
|move|p2a: Slowking|Ice Beam|p1a: Tyranitar
|-damage|p1a: Tyranitar|0 fnt
|faint|p1a: Tyranitar
|
|-weather|Sandstorm|[upkeep]
|-damage|p2a: Slowking|0 fnt|[from] Sandstorm
|faint|p2a: Slowking
|upkeep
|
|t:|1769312023
|switch|p1a: Tornadus|Tornadus-Therian, M, shiny|100/100 brn
|switch|p2a: Gholdengo|Gholdengo|94/100
|turn|38
|
|t:|1769312029
|move|p2a: Gholdengo|Make It Rain|p1a: Tornadus
|-damage|p1a: Tornadus|28/100 brn
|-unboost|p2a: Gholdengo|spa|1
|move|p1a: Tornadus|Heat Wave|p2a: Gholdengo
|-supereffective|p2a: Gholdengo
|-damage|p2a: Gholdengo|0 fnt
|faint|p2a: Gholdengo
|
|win|ferrydiscs
|raw|ferrydiscs's rating: 1516 &rarr; <strong>1533</strong><br />(+17 for winning)
|raw|saibayman's rating: 1456 &rarr; <strong>1439</strong><br />(-17 for losing)
