|j|☆badatgames2911
|j|☆36hpdc
|t:|1769321845
|gametype|singles
|player|p1|badatgames2911|hiker-gen4|1150
|player|p2|36hpdc|266|1239
|gen|9
|tier|[Gen 9] OU
|rated|
|rule|HP Percentage Mod: HP is shown in percentages
|rule|Endless Battle Clause: Forcing endless battles is banned
|rule|Species Clause: Limit one of each Pokémon
|rule|OHKO Clause: OHKO moves are banned
|rule|Evasion Items Clause: Evasion items are banned
|rule|Evasion Moves Clause: Evasion moves are banned
|rule|Evasion Abilities Clause: Evasion abilities are banned
|rule|Sleep Moves Clause: Sleep-inducing moves are banned
|clearpoke
|poke|p1|Conkeldurr, M|
|poke|p1|Noivern, F|
|poke|p1|Heatran, F|
|poke|p1|Mandibuzz, F|
|poke|p1|Mamoswine, F|
|poke|p1|Drednaw, M|
|poke|p2|Dusclops, M|
|poke|p2|Klefki, M|
|poke|p2|Conkeldurr, M|
|poke|p2|Ursaluna, F|
|poke|p2|Kingdra, F|
|poke|p2|Politoed, F|
|teampreview
|
|t:|1769321855
|teamsize|p1|6
|teamsize|p2|6
|start
|switch|p1a: Linkon Logs|Conkeldurr, M|100/100
|switch|p2a: Klefki|Klefki, M|100/100
|turn|1
|
|t:|1769321862
|move|p2a: Klefki|Switcheroo|p1a: Linkon Logs
|-activate|p2a: Klefki|move: Trick|[of] p1a: Linkon Logs
|-item|p1a: Linkon Logs|Choice Scarf|[from] move: Switcheroo
|-item|p2a: Klefki|Flame Orb|[from] move: Switcheroo
|move|p1a: Linkon Logs|Knock Off|p2a: Klefki
|-resisted|p2a: Klefki
|-damage|p2a: Klefki|79/100
|-enditem|p2a: Klefki|Flame Orb|[from] move: Knock Off|[of] p1a: Linkon Logs
|
|upkeep
|turn|2
|
|t:|1769321872
|switch|p1a: Slim Pickins|Mandibuzz, F|100/100
|move|p2a: Klefki|Spikes|p1a: Slim Pickins
|-sidestart|p1: badatgames2911|Spikes
|
|upkeep
|turn|3
|
|t:|1769321879
|switch|p1a: Linkon Logs|Conkeldurr, M|100/100
|-damage|p1a: Linkon Logs|88/100|[from] Spikes
|move|p2a: Klefki|Spikes|p1a: Linkon Logs
|-sidestart|p1: badatgames2911|Spikes
|
|upkeep
|turn|4
|
|t:|1769321886
|switch|p2a: Dusclops|Dusclops, M|100/100
|-item|p1a: Linkon Logs|Choice Scarf|[from] ability: Frisk|[of] p2a: Dusclops
|move|p1a: Linkon Logs|Ice Punch|p2a: Dusclops
|-damage|p2a: Dusclops|84/100
|
|upkeep
|turn|5
|
|t:|1769321898
|switch|p1a: Slim Pickins|Mandibuzz, F|100/100
|move|p2a: Dusclops|Curse|p1a: Slim Pickins
|-start|p1a: Slim Pickins|Curse|[of] p2a: Dusclops
|-damage|p2a: Dusclops|34/100
|
|-damage|p1a: Slim Pickins|75/100|[from] Curse
|upkeep
|turn|6
|
|t:|1769321907
|move|p1a: Slim Pickins|Foul Play|p2a: Dusclops
|-supereffective|p2a: Dusclops
|-damage|p2a: Dusclops|15/100
|move|p2a: Dusclops|Pain Split|p1a: Slim Pickins
|-sethp|p1a: Slim Pickins|43/100|[from] move: Pain Split|[silent]
|-sethp|p2a: Dusclops|64/100|[from] move: Pain Split
|
|-heal|p1a: Slim Pickins|49/100|[from] item: Leftovers
|-damage|p1a: Slim Pickins|24/100|[from] Curse
|upkeep
|turn|7
|
|t:|1769321918
|switch|p2a: Klefki|Klefki, M|79/100
|move|p1a: Slim Pickins|Toxic|p2a: Klefki
|-immune|p2a: Klefki
|
|-heal|p1a: Slim Pickins|30/100|[from] item: Leftovers
|-damage|p1a: Slim Pickins|5/100|[from] Curse
|upkeep
|turn|8
|
|t:|1769321927
|move|p2a: Klefki|Spikes|p1a: Slim Pickins
|-sidestart|p1: badatgames2911|Spikes
|move|p1a: Slim Pickins|Defog|p2a: Klefki
|-unboost|p2a: Klefki|evasion|1
|-sideend|p1: badatgames2911|Spikes|[from] move: Defog|[of] p1a: Slim Pickins
|
|-heal|p1a: Slim Pickins|11/100|[from] item: Leftovers
|-damage|p1a: Slim Pickins|0 fnt|[from] Curse
|faint|p1a: Slim Pickins
|upkeep
|
|t:|1769321931
|switch|p1a: Yummy|Drednaw, M|100/100
|turn|9
|
|t:|1769321939
|move|p2a: Klefki|Switcheroo|p1a: Yummy
|-activate|p2a: Klefki|move: Trick|[of] p1a: Yummy
|-enditem|p1a: Yummy|Focus Sash|[silent]|[from] move: Switcheroo
|-item|p2a: Klefki|Focus Sash|[from] move: Switcheroo
|move|p1a: Yummy|Shell Smash|p1a: Yummy
|-unboost|p1a: Yummy|def|1
|-unboost|p1a: Yummy|spd|1
|-boost|p1a: Yummy|atk|2
|-boost|p1a: Yummy|spa|2
|-boost|p1a: Yummy|spe|2
|
|upkeep
|turn|10
|
|t:|1769321947
|move|p2a: Klefki|Thunder Wave|p1a: Yummy
|-status|p1a: Yummy|par
|move|p1a: Yummy|Shell Smash|p1a: Yummy
|-unboost|p1a: Yummy|def|1
|-unboost|p1a: Yummy|spd|1
|-boost|p1a: Yummy|atk|2
|-boost|p1a: Yummy|spa|2
|-boost|p1a: Yummy|spe|2
|
|upkeep
|turn|11
|
|t:|1769321964
|move|p2a: Klefki|Spikes|p1a: Yummy
|-sidestart|p1: badatgames2911|Spikes
|cant|p1a: Yummy|par
|
|upkeep
|turn|12
|
|t:|1769321969
|move|p2a: Klefki|Spikes|p1a: Yummy
|-sidestart|p1: badatgames2911|Spikes
|cant|p1a: Yummy|par
|
|upkeep
|turn|13
|
|t:|1769321978
|move|p2a: Klefki|Spikes|p1a: Yummy
|-sidestart|p1: badatgames2911|Spikes
|move|p1a: Yummy|Liquidation|p2a: Klefki
|-damage|p2a: Klefki|0 fnt
|faint|p2a: Klefki
|
|upkeep
|
|t:|1769321997
|switch|p2a: Dusclops|Dusclops, M|64/100
|turn|14
|
|t:|1769322006
|move|p1a: Yummy|Crunch|p2a: Dusclops
|-supereffective|p2a: Dusclops
|-damage|p2a: Dusclops|0 fnt
|faint|p2a: Dusclops
|
|upkeep
|
|t:|1769322011
|switch|p2a: Conkeldurr|Conkeldurr, M|100/100
|turn|15
|
|t:|1769322017
|move|p2a: Conkeldurr|Mach Punch|p1a: Yummy
|-supereffective|p1a: Yummy
|-damage|p1a: Yummy|0 fnt
|faint|p1a: Yummy
|
|-status|p2a: Conkeldurr|brn|[from] item: Flame Orb
|upkeep
|
|t:|1769322021
|switch|p1a: Linkon Logs|Conkeldurr, M|88/100
|-damage|p1a: Linkon Logs|63/100|[from] Spikes
|turn|16
|
|t:|1769322031
|move|p1a: Linkon Logs|Drain Punch|p2a: Conkeldurr
|-damage|p2a: Conkeldurr|63/100 brn
|-heal|p1a: Linkon Logs|81/100|[from] drain|[of] p2a: Conkeldurr
|move|p2a: Conkeldurr|Drain Punch|p1a: Linkon Logs
|-damage|p1a: Linkon Logs|24/100
|-heal|p2a: Conkeldurr|93/100 brn|[from] drain|[of] p1a: Linkon Logs
|
|-damage|p2a: Conkeldurr|87/100 brn|[from] brn
|upkeep
|turn|17
|
|t:|1769322043
|move|p2a: Conkeldurr|Mach Punch|p1a: Linkon Logs
|-damage|p1a: Linkon Logs|0 fnt
|faint|p1a: Linkon Logs
|
|-damage|p2a: Conkeldurr|81/100 brn|[from] brn
|upkeep
|
|t:|1769322049
|switch|p1a: Doombox|Noivern, F|100/100
|turn|18
|
|t:|1769322054
|-terastallize|p2a: Conkeldurr|Dark
|move|p1a: Doombox|Air Slash|p2a: Conkeldurr
|-crit|p2a: Conkeldurr
|-damage|p2a: Conkeldurr|0 fnt
|faint|p2a: Conkeldurr
|
|upkeep
|
|t:|1769322061
|switch|p2a: Politoed|Politoed, F|100/100
|-weather|RainDance|[from] ability: Drizzle|[of] p2a: Politoed
|turn|19
|
|t:|1769322071
|switch|p1a: Gammoth|Mamoswine, F|100/100
|-damage|p1a: Gammoth|76/100|[from] Spikes
|move|p2a: Politoed|Weather Ball|p1a: Gammoth
|-supereffective|p1a: Gammoth
|-damage|p1a: Gammoth|0 fnt
|faint|p1a: Gammoth
|
|-weather|RainDance|[upkeep]
|upkeep
|
|t:|1769322074
|switch|p1a: Rakna|Heatran, F|100/100
|-damage|p1a: Rakna|76/100|[from] Spikes
|turn|20
|
|t:|1769322085
|-terastallize|p1a: Rakna|Grass
|move|p2a: Politoed|Weather Ball|p1a: Rakna
|-resisted|p1a: Rakna
|-damage|p1a: Rakna|55/100
|move|p1a: Rakna|Earth Power|p2a: Politoed
|-damage|p2a: Politoed|68/100
|
|-weather|RainDance|[upkeep]
|-heal|p1a: Rakna|61/100|[from] item: Leftovers
|upkeep
|turn|21
|
|t:|1769322096
|move|p2a: Politoed|Ice Beam|p1a: Rakna
|-supereffective|p1a: Rakna
|-damage|p1a: Rakna|29/100
|move|p1a: Rakna|Earth Power|p2a: Politoed
|-damage|p2a: Politoed|36/100
|
|-weather|RainDance|[upkeep]
|-heal|p1a: Rakna|35/100|[from] item: Leftovers
|upkeep
|turn|22
|
|t:|1769322105
|move|p2a: Politoed|Ice Beam|p1a: Rakna
|-supereffective|p1a: Rakna
|-damage|p1a: Rakna|0 fnt
|faint|p1a: Rakna
|
|-weather|RainDance|[upkeep]
|upkeep
|
|t:|1769322108
|switch|p1a: Doombox|Noivern, F|100/100
|turn|23
|
|t:|1769322117
|move|p1a: Doombox|Boomburst|p2a: Politoed
|-damage|p2a: Politoed|0 fnt
|faint|p2a: Politoed
|
|-weather|RainDance|[upkeep]
|upkeep
|
|t:|1769322123
|switch|p2a: Kingdra|Kingdra, F|100/100
|turn|24
|
|t:|1769322126
|move|p2a: Kingdra|Ice Beam|p1a: Doombox
|-supereffective|p1a: Doombox
|-damage|p1a: Doombox|0 fnt
|faint|p1a: Doombox
|-damage|p2a: Kingdra|91/100|[from] item: Life Orb
|
|win|36hpdc
|raw|badatgames2911's rating: 1150 &rarr; <strong>1131</strong><br />(-19 for losing)
|raw|36hpdc's rating: 1239 &rarr; <strong>1258</strong><br />(+19 for winning)
|l|☆badatgames2911
|player|p1|
|l|☆36hpdc
|player|p2|
