|j|☆Girovisk
|j|☆Upnotout
|t:|1769297677
|gametype|singles
|player|p1|Girovisk|veteran|1208
|player|p2|Upnotout|266|1195
|gen|9
|tier|[Gen 9] OU
|rated|
|rule|HP Percentage Mod: HP is shown in percentages
|rule|Endless Battle Clause: Forcing endless battles is banned
|rule|Species Clause: Limit one of each Pokémon
|rule|OHKO Clause: OHKO moves are banned
|rule|Evasion Items Clause: Evasion items are banned
|rule|Evasion Moves Clause: Evasion moves are banned
|rule|Evasion Abilities Clause: Evasion abilities are banned
|rule|Sleep Moves Clause: Sleep-inducing moves are banned
|clearpoke
|poke|p1|Brambleghast, M|
|poke|p1|Goodra-Hisui, M|
|poke|p1|Comfey, M|
|poke|p1|Oricorio-Pom-Pom, F|
|poke|p1|Murkrow, M|
|poke|p1|Muk-Alola, F|
|poke|p2|Shiftry, F|
|poke|p2|Weavile, M|
|poke|p2|Weezing-Galar, F|
|poke|p2|Kyurem|
|poke|p2|Skeledirge, F|
|poke|p2|Zapdos|
|teampreview
|inactive|Battle timer is ON: inactive players will automatically lose when time's up. (requested by Upnotout)
|inactive|Girovisk also wants the timer to be on.
|
|t:|1769297690
|teamsize|p1|6
|teamsize|p2|6
|start
|switch|p1a: Murkrow|Murkrow, M|100/100
|switch|p2a: Zapdos|Zapdos|100/100
|turn|1
|
|t:|1769297710
|move|p1a: Murkrow|Tailwind|p1a: Murkrow
|-sidestart|p1: Girovisk|move: Tailwind
|move|p2a: Zapdos|Thunderbolt|p1a: Murkrow
|-supereffective|p1a: Murkrow
|-damage|p1a: Murkrow|35/100
|
|upkeep
|turn|2
|inactive|Girovisk has 120 seconds left.
|
|t:|1769297738
|switch|p1a: Brambleghast|Brambleghast, M|100/100
|-ability|p1a: Brambleghast|Wind Rider|boost
|-boost|p1a: Brambleghast|atk|1
|move|p2a: Zapdos|Volt Switch|p1a: Brambleghast
|-resisted|p1a: Brambleghast
|-damage|p1a: Brambleghast|76/100
|
|t:|1769297748
|switch|p2a: Shiftry|Shiftry, F|100/100|[from] Volt Switch
|
|upkeep
|turn|3
|
|t:|1769297757
|switch|p1a: Murkrow|Murkrow, M|35/100
|move|p2a: Shiftry|Knock Off|p1a: Murkrow
|-resisted|p1a: Murkrow
|-damage|p1a: Murkrow|8/100
|-enditem|p1a: Murkrow|Eviolite|[from] move: Knock Off|[of] p2a: Shiftry
|
|upkeep
|turn|4
|
|t:|1769297767
|move|p1a: Murkrow|Thunder Wave|p2a: Shiftry
|-hint|Since gen 7, Dark is immune to Prankster moves.
|-immune|p2a: Shiftry
|move|p2a: Shiftry|Tailwind|p2a: Shiftry
|-sidestart|p2: Upnotout|move: Tailwind
|-ability|p2a: Shiftry|Wind Rider|boost
|-boost|p2a: Shiftry|atk|1
|
|-sideend|p1: Girovisk|move: Tailwind
|upkeep
|turn|5
|
|t:|1769297786
|move|p1a: Murkrow|Rain Dance|p1a: Murkrow
|-weather|RainDance
|move|p2a: Shiftry|Taunt|p1a: Murkrow
|-start|p1a: Murkrow|move: Taunt
|
|-weather|RainDance|[upkeep]
|upkeep
|turn|6
|
|t:|1769297796
|switch|p1a: Goodra|Goodra-Hisui, M|100/100
|move|p2a: Shiftry|Knock Off|p1a: Goodra
|-damage|p1a: Goodra|25/100
|-enditem|p1a: Goodra|Leftovers|[from] move: Knock Off|[of] p2a: Shiftry
|
|-weather|RainDance|[upkeep]
|upkeep
|turn|7
|
|t:|1769297804
|move|p2a: Shiftry|Knock Off|p1a: Goodra
|-damage|p1a: Goodra|0 fnt
|faint|p1a: Goodra
|
|-weather|RainDance|[upkeep]
|-sideend|p2: Upnotout|move: Tailwind
|upkeep
|
|t:|1769297807
|switch|p1a: Oricorio|Oricorio-Pom-Pom, F|100/100
|turn|8
|
|t:|1769297816
|move|p2a: Shiftry|Tailwind|p2a: Shiftry
|-sidestart|p2: Upnotout|move: Tailwind
|-ability|p2a: Shiftry|Wind Rider|boost
|-boost|p2a: Shiftry|atk|1
|move|p1a: Oricorio|Air Slash|p2a: Shiftry
|-supereffective|p2a: Shiftry
|-damage|p2a: Shiftry|26/100
|
|-weather|RainDance|[upkeep]
|upkeep
|turn|9
|
|t:|1769297825
|move|p2a: Shiftry|Knock Off|p1a: Oricorio
|-damage|p1a: Oricorio|20/100
|-enditem|p1a: Oricorio|Leftovers|[from] move: Knock Off|[of] p2a: Shiftry
|move|p1a: Oricorio|Air Slash|p2a: Shiftry
|-supereffective|p2a: Shiftry
|-damage|p2a: Shiftry|0 fnt
|faint|p2a: Shiftry
|
|-weather|none
|upkeep
|inactive|Upnotout has 120 seconds left.
|
|t:|1769297856
|switch|p2a: Zapdos|Zapdos|100/100
|turn|10
|
|t:|1769297861
|move|p2a: Zapdos|Thunderbolt|p1a: Oricorio
|-damage|p1a: Oricorio|0 fnt
|faint|p1a: Oricorio
|
|upkeep
|
|t:|1769297865
|switch|p1a: Muk|Muk-Alola, F|100/100
|turn|11
|
|t:|1769297873
|move|p2a: Zapdos|U-turn|p1a: Muk
|-damage|p1a: Muk|86/100
|
|t:|1769297880
|switch|p2a: Weezing|Weezing-Galar, F|100/100|[from] U-turn
|-ability|p2a: Weezing|Neutralizing Gas
|move|p1a: Muk|Curse|p1a: Muk
|-unboost|p1a: Muk|spe|1
|-boost|p1a: Muk|atk|1
|-boost|p1a: Muk|def|1
|
|-heal|p1a: Muk|92/100|[from] item: Black Sludge
|-sideend|p2: Upnotout|move: Tailwind
|upkeep
|turn|12
|
|t:|1769297892
|move|p2a: Weezing|Will-O-Wisp|p1a: Muk
|-status|p1a: Muk|brn
|move|p1a: Muk|Poison Jab|p2a: Weezing
|-damage|p2a: Weezing|86/100
|
|-heal|p2a: Weezing|92/100|[from] item: Black Sludge
|-heal|p1a: Muk|98/100 brn|[from] item: Black Sludge
|-damage|p1a: Muk|92/100 brn|[from] brn
|upkeep
|turn|13
|-message|Girovisk forfeited.
|
|win|Upnotout
|raw|Girovisk's rating: 1208 &rarr; <strong>1182</strong><br />(-26 for losing)
|raw|Upnotout's rating: 1195 &rarr; <strong>1221</strong><br />(+26 for winning)
|l|☆Girovisk
|player|p1|
|l|☆Upnotout
|player|p2|
