|j|☆ghighas
|j|☆JayTL
|t:|1769405371
|gametype|singles
|player|p1|ghighas|ghetsis|1332
|player|p2|JayTL|102|1320
|gen|9
|tier|[Gen 9] OU
|rated|
|rule|HP Percentage Mod: HP is shown in percentages
|rule|Endless Battle Clause: Forcing endless battles is banned
|rule|Species Clause: Limit one of each Pokémon
|rule|OHKO Clause: OHKO moves are banned
|rule|Evasion Items Clause: Evasion items are banned
|rule|Evasion Moves Clause: Evasion moves are banned
|rule|Evasion Abilities Clause: Evasion abilities are banned
|rule|Sleep Moves Clause: Sleep-inducing moves are banned
|clearpoke
|poke|p1|Barraskewda, F|
|poke|p1|Pelipper, M|
|poke|p1|Dondozo, M|
|poke|p1|Goodra-Hisui, M|
|poke|p1|Ogerpon-Wellspring, F|
|poke|p1|Great Tusk|
|poke|p2|Vikavolt, F|
|poke|p2|Gholdengo|
|poke|p2|Great Tusk|
|poke|p2|Kyurem|
|poke|p2|Volcanion|
|poke|p2|Ogerpon-Cornerstone, F|
|teampreview
|inactive|Battle timer is ON: inactive players will automatically lose when time's up. (requested by JayTL)
|
|t:|1769405385
|teamsize|p1|6
|teamsize|p2|6
|start
|switch|p1a: Pelipper|Pelipper, M|100/100
|switch|p2a: Vikavolt|Vikavolt, F|100/100
|-weather|RainDance|[from] ability: Drizzle|[of] p1a: Pelipper
|turn|1
|
|t:|1769405391
|switch|p1a: Goodra|Goodra-Hisui, M|100/100
|move|p2a: Vikavolt|Bug Buzz|p1a: Goodra
|-resisted|p1a: Goodra
|-damage|p1a: Goodra|87/100
|
|-weather|RainDance|[upkeep]
|upkeep
|turn|2
|
|t:|1769405407
|switch|p2a: Volcanion|Volcanion|100/100
|move|p1a: Goodra|Flash Cannon|p2a: Volcanion
|-resisted|p2a: Volcanion
|-damage|p2a: Volcanion|92/100
|
|-weather|RainDance|[upkeep]
|upkeep
|turn|3
|
|t:|1769405416
|move|p2a: Volcanion|Taunt|p1a: Goodra
|-start|p1a: Goodra|move: Taunt
|move|p1a: Goodra|Dragon Tail|p2a: Volcanion
|-damage|p2a: Volcanion|70/100
|drag|p2a: Vikavolt|Vikavolt, F|100/100
|
|-weather|RainDance|[upkeep]
|upkeep
|turn|4
|
|t:|1769405430
|switch|p1a: Great Tusk|Great Tusk|100/100
|switch|p2a: Gholdengo|Gholdengo|100/100
|-item|p2a: Gholdengo|Air Balloon
|
|-weather|RainDance|[upkeep]
|upkeep
|turn|5
|
|t:|1769405445
|move|p2a: Gholdengo|Make It Rain|p1a: Great Tusk
|-damage|p1a: Great Tusk|50/100
|-unboost|p2a: Gholdengo|spa|1
|move|p1a: Great Tusk|Knock Off|p2a: Gholdengo
|-supereffective|p2a: Gholdengo
|-damage|p2a: Gholdengo|47/100
|-enditem|p2a: Gholdengo|Air Balloon
|
|-weather|RainDance|[upkeep]
|upkeep
|turn|6
|
|t:|1769405457
|move|p2a: Gholdengo|Make It Rain|p1a: Great Tusk
|-damage|p1a: Great Tusk|19/100
|-unboost|p2a: Gholdengo|spa|1
|move|p1a: Great Tusk|Stealth Rock|p2a: Gholdengo
|-sidestart|p2: JayTL|move: Stealth Rock
|
|-weather|RainDance|[upkeep]
|upkeep
|turn|7
|
|t:|1769405468
|-end|p1a: Great Tusk|Protosynthesis|[silent]
|switch|p1a: Goodra|Goodra-Hisui, M|87/100
|move|p2a: Gholdengo|Make It Rain|p1a: Goodra
|-resisted|p1a: Goodra
|-damage|p1a: Goodra|80/100
|-unboost|p2a: Gholdengo|spa|1
|
|-weather|RainDance|[upkeep]
|upkeep
|turn|8
|
|t:|1769405479
|move|p2a: Gholdengo|Thunder Wave|p1a: Goodra
|-status|p1a: Goodra|par
|move|p1a: Goodra|Dragon Tail|p2a: Gholdengo
|-resisted|p2a: Gholdengo
|-damage|p2a: Gholdengo|36/100
|drag|p2a: Ogerpon|Ogerpon-Cornerstone, F|100/100
|-damage|p2a: Ogerpon|88/100|[from] Stealth Rock
|
|-weather|none
|upkeep
|turn|9
|
|t:|1769405494
|switch|p1a: Dondozo|Dondozo, M|100/100
|move|p2a: Ogerpon|Superpower|p1a: Dondozo
|-damage|p1a: Dondozo|79/100
|-unboost|p2a: Ogerpon|atk|1
|-unboost|p2a: Ogerpon|def|1
|
|-heal|p1a: Dondozo|85/100|[from] item: Leftovers
|upkeep
|turn|10
|
|t:|1769405504
|-terastallize|p1a: Dondozo|Fighting
|move|p2a: Ogerpon|U-turn|p1a: Dondozo
|-resisted|p1a: Dondozo
|-damage|p1a: Dondozo|77/100
|
|t:|1769405511
|switch|p2a: Volcanion|Volcanion|70/100|[from] U-turn
|move|p1a: Dondozo|Body Press|p2a: Volcanion
|-damage|p2a: Volcanion|33/100
|
|-heal|p1a: Dondozo|84/100|[from] item: Leftovers
|upkeep
|turn|11
|
|t:|1769405523
|move|p2a: Volcanion|Steam Eruption|p1a: Dondozo
|-damage|p1a: Dondozo|31/100
|-status|p1a: Dondozo|brn
|move|p1a: Dondozo|Body Press|p2a: Volcanion
|-damage|p2a: Volcanion|12/100
|
|-heal|p1a: Dondozo|38/100 brn|[from] item: Leftovers
|-damage|p1a: Dondozo|31/100 brn|[from] brn
|upkeep
|turn|12
|
|t:|1769405534
|switch|p1a: Ogerpon|Ogerpon-Wellspring, F|100/100
|move|p2a: Volcanion|Steam Eruption|p1a: Ogerpon
|-immune|p1a: Ogerpon|[from] ability: Water Absorb
|
|upkeep
|turn|13
|
|t:|1769405541
|move|p1a: Ogerpon|Knock Off|p2a: Volcanion
|-damage|p2a: Volcanion|0 fnt
|-enditem|p2a: Volcanion|Heavy-Duty Boots|[from] move: Knock Off|[of] p1a: Ogerpon
|faint|p2a: Volcanion
|
|upkeep
|
|t:|1769405551
|switch|p2a: Kyurem|Kyurem, shiny|100/100
|-damage|p2a: Kyurem|76/100|[from] Stealth Rock
|-ability|p2a: Kyurem|Pressure
|turn|14
|
|t:|1769405559
|move|p1a: Ogerpon|Knock Off|p2a: Kyurem
|-damage|p2a: Kyurem|41/100
|-enditem|p2a: Kyurem|Loaded Dice|[from] move: Knock Off|[of] p1a: Ogerpon
|move|p2a: Kyurem|Dragon Dance|p2a: Kyurem
|-boost|p2a: Kyurem|atk|1
|-boost|p2a: Kyurem|spe|1
|
|upkeep
|turn|15
|inactive|ghighas has 120 seconds left.
|
|t:|1769405604
|switch|p1a: Pelipper|Pelipper, M|100/100
|-weather|RainDance|[from] ability: Drizzle|[of] p1a: Pelipper
|move|p2a: Kyurem|Scale Shot|p1a: Pelipper
|-damage|p1a: Pelipper|83/100
|-damage|p1a: Pelipper|65/100
|-damage|p1a: Pelipper|47/100
|-hitcount|p1a: Pelipper|3
|-unboost|p2a: Kyurem|def|1
|-boost|p2a: Kyurem|spe|1
|
|-weather|RainDance|[upkeep]
|upkeep
|turn|16
|
|t:|1769405616
|move|p2a: Kyurem|Scale Shot|p1a: Pelipper
|-damage|p1a: Pelipper|29/100
|-damage|p1a: Pelipper|9/100
|-hitcount|p1a: Pelipper|2
|-unboost|p2a: Kyurem|def|1
|-boost|p2a: Kyurem|spe|1
|move|p1a: Pelipper|U-turn|p2a: Kyurem
|-damage|p2a: Kyurem|24/100
|
|t:|1769405630
|switch|p1a: Barraskewda|Barraskewda, F, shiny|100/100|[from] U-turn
|
|-weather|RainDance|[upkeep]
|upkeep
|turn|17
|
|t:|1769405637
|move|p2a: Kyurem|Scale Shot|p1a: Barraskewda
|-damage|p1a: Barraskewda|61/100
|-damage|p1a: Barraskewda|22/100
|-damage|p1a: Barraskewda|0 fnt
|faint|p1a: Barraskewda
|-hitcount|p1: Barraskewda|3
|-unboost|p2a: Kyurem|def|1
|-boost|p2a: Kyurem|spe|1
|
|-weather|RainDance|[upkeep]
|upkeep
|inactive|ghighas has 120 seconds left.
|
|t:|1769405665
|switch|p1a: Dondozo|Dondozo, M, tera:Fighting|31/100 brn
|turn|18
|
|t:|1769405675
|move|p2a: Kyurem|Icicle Spear|p1a: Dondozo
|-damage|p1a: Dondozo|26/100 brn
|-damage|p1a: Dondozo|19/100 brn
|-damage|p1a: Dondozo|13/100 brn
|-damage|p1a: Dondozo|7/100 brn
|-damage|p1a: Dondozo|0 fnt
|faint|p1a: Dondozo
|-hitcount|p1: Dondozo|5
|
|-weather|RainDance|[upkeep]
|upkeep
|
|t:|1769405697
|switch|p1a: Ogerpon|Ogerpon-Wellspring, F|100/100
|turn|19
|
|t:|1769405701
|move|p2a: Kyurem|Scale Shot|p1a: Ogerpon
|-damage|p1a: Ogerpon|75/100
|-damage|p1a: Ogerpon|50/100
|-hitcount|p1a: Ogerpon|2
|-unboost|p2a: Kyurem|def|1
|-boost|p2a: Kyurem|spe|1
|move|p1a: Ogerpon|Ivy Cudgel|p2a: Kyurem|[anim] Ivy Cudgel Water
|-resisted|p2a: Kyurem
|-damage|p2a: Kyurem|0 fnt
|faint|p2a: Kyurem
|
|-weather|RainDance|[upkeep]
|upkeep
|
|t:|1769405728
|switch|p2a: Vikavolt|Vikavolt, F|100/100
|turn|20
|
|t:|1769405734
|move|p1a: Ogerpon|Ivy Cudgel|p2a: Vikavolt|[anim] Ivy Cudgel Water
|-damage|p2a: Vikavolt|14/100
|move|p2a: Vikavolt|Bug Buzz|p1a: Ogerpon
|-supereffective|p1a: Ogerpon
|-damage|p1a: Ogerpon|0 fnt
|faint|p1a: Ogerpon
|
|-weather|RainDance|[upkeep]
|upkeep
|
|t:|1769405737
|switch|p1a: Goodra|Goodra-Hisui, M|80/100 par
|turn|21
|
|t:|1769405747
|move|p2a: Vikavolt|Volt Switch|p1a: Goodra
|-resisted|p1a: Goodra
|-damage|p1a: Goodra|69/100 par
|
|t:|1769405753
|switch|p2a: Gholdengo|Gholdengo|36/100|[from] Volt Switch
|-damage|p2a: Gholdengo|30/100|[from] Stealth Rock
|move|p1a: Goodra|Flash Cannon|p2a: Gholdengo
|-resisted|p2a: Gholdengo
|-damage|p2a: Gholdengo|20/100
|
|-weather|RainDance|[upkeep]
|upkeep
|turn|22
|
|t:|1769405763
|move|p2a: Gholdengo|Nasty Plot|p2a: Gholdengo
|-boost|p2a: Gholdengo|spa|2
|move|p1a: Goodra|Curse|p1a: Goodra
|-unboost|p1a: Goodra|spe|1
|-boost|p1a: Goodra|atk|1
|-boost|p1a: Goodra|def|1
|
|-weather|none
|upkeep
|turn|23
|
|t:|1769405777
|move|p2a: Gholdengo|Nasty Plot|p2a: Gholdengo
|-boost|p2a: Gholdengo|spa|2
|move|p1a: Goodra|Dragon Tail|p2a: Gholdengo
|-resisted|p2a: Gholdengo
|-damage|p2a: Gholdengo|4/100
|drag|p2a: Ogerpon|Ogerpon-Cornerstone, F|88/100
|-damage|p2a: Ogerpon|76/100|[from] Stealth Rock
|
|upkeep
|turn|24
|
|t:|1769405787
|switch|p1a: Pelipper|Pelipper, M|9/100
|-weather|RainDance|[from] ability: Drizzle|[of] p1a: Pelipper
|move|p2a: Ogerpon|Superpower|p1a: Pelipper
|-resisted|p1a: Pelipper
|-damage|p1a: Pelipper|0 fnt
|-unboost|p2a: Ogerpon|atk|1
|-unboost|p2a: Ogerpon|def|1
|faint|p1a: Pelipper
|
|-weather|RainDance|[upkeep]
|upkeep
|
|t:|1769405804
|switch|p1a: Great Tusk|Great Tusk|19/100
|turn|25
|
|t:|1769405808
|move|p2a: Ogerpon|Superpower|p1a: Great Tusk
|-damage|p1a: Great Tusk|0 fnt
|-unboost|p2a: Ogerpon|atk|1
|-unboost|p2a: Ogerpon|def|1
|faint|p1a: Great Tusk
|-end|p1a: Great Tusk|Protosynthesis|[silent]
|
|-weather|RainDance|[upkeep]
|upkeep
|inactive|ghighas has 120 seconds left.
|inactive|ghighas has 90 seconds left.
|
|t:|1769405879
|switch|p1a: Goodra|Goodra-Hisui, M|69/100 par
|turn|26
|-message|ghighas forfeited.
|
|win|JayTL
|raw|ghighas's rating: 1377 &rarr; <strong>1354</strong><br />(-23 for losing)
|raw|JayTL's rating: 1320 &rarr; <strong>1343</strong><br />(+23 for winning)
|l|☆ghighas
|player|p1|
|l|☆JayTL
|player|p2|
