|j|☆ATulk
|j|☆T-Garchomp
|t:|1769373307
|gametype|singles
|player|p1|ATulk|ingo|
|player|p2|T-Garchomp|169|
|gen|9
|tier|[Gen 9] OU
|rule|HP Percentage Mod: HP is shown in percentages
|rule|Endless Battle Clause: Forcing endless battles is banned
|rule|Species Clause: Limit one of each Pokémon
|rule|OHKO Clause: OHKO moves are banned
|rule|Evasion Items Clause: Evasion items are banned
|rule|Evasion Moves Clause: Evasion moves are banned
|rule|Evasion Abilities Clause: Evasion abilities are banned
|rule|Sleep Moves Clause: Sleep-inducing moves are banned
|clearpoke
|poke|p1|Dragonite, M|
|poke|p1|Ting-Lu|
|poke|p1|Ceruledge, F|
|poke|p1|Iron Treads|
|poke|p1|Iron Valiant|
|poke|p1|Pecharunt|
|poke|p2|Zamazenta-*|
|poke|p2|Kyurem|
|poke|p2|Iron Treads|
|poke|p2|Tornadus-Therian, M|
|poke|p2|Pecharunt|
|poke|p2|Ting-Lu|
|teampreview
|inactive|Battle timer is ON: inactive players will automatically lose when time's up. (requested by ATulk)
|c|☆ATulk|Glhf
|j| UltimateMaster_202
|inactive|T-Garchomp has 270 seconds left.
|j| CloudyEJ
|j| Yarm
|j| Stall Ambassador
|inactive|ATulk has 270 seconds left.
|j| p0tat0ooo
|l| p0tat0ooo
|j| cal
|
|t:|1769373368
|teamsize|p1|6
|teamsize|p2|6
|start
|switch|p1a: Iron Valiant|Iron Valiant|100/100
|switch|p2a: Tornadus|Tornadus-Therian, M|100/100
|-enditem|p1a: Iron Valiant|Booster Energy
|-activate|p1a: Iron Valiant|ability: Quark Drive|[fromitem]
|-start|p1a: Iron Valiant|quarkdrivespe
|turn|1
|
|t:|1769373380
|move|p1a: Iron Valiant|Knock Off|p2a: Tornadus
|-damage|p2a: Tornadus|68/100
|-enditem|p2a: Tornadus|Heavy-Duty Boots|[from] move: Knock Off|[of] p1a: Iron Valiant
|move|p2a: Tornadus|Bleakwind Storm|p1a: Iron Valiant
|-supereffective|p1a: Iron Valiant
|-damage|p1a: Iron Valiant|0 fnt
|faint|p1a: Iron Valiant
|-end|p1a: Iron Valiant|Quark Drive|[silent]
|
|upkeep
|
|t:|1769373392
|switch|p1a: Iron Treads|Iron Treads|100/100
|turn|2
|inactive|T-Garchomp has 270 seconds left.
|
|t:|1769373426
|switch|p2a: Ting-Lu|Ting-Lu|100/100
|-ability|p2a: Ting-Lu|Vessel of Ruin
|move|p1a: Iron Treads|Ice Spinner|p2a: Ting-Lu
|-supereffective|p2a: Ting-Lu
|-damage|p2a: Ting-Lu|74/100
|
|-heal|p2a: Ting-Lu|81/100|[from] item: Leftovers
|upkeep
|turn|3
|inactive|T-Garchomp has 270 seconds left.
|
|t:|1769373445
|move|p1a: Iron Treads|Stealth Rock|p2a: Ting-Lu
|-sidestart|p2: T-Garchomp|move: Stealth Rock
|move|p2a: Ting-Lu|Ruination|p1a: Iron Treads
|-damage|p1a: Iron Treads|51/100
|
|-heal|p2a: Ting-Lu|87/100|[from] item: Leftovers
|upkeep
|turn|4
|
|t:|1769373454
|-end|p1a: Iron Treads|Quark Drive|[silent]
|switch|p1a: Dragonite|Dragonite, M|100/100
|move|p2a: Ting-Lu|Spikes|p1a: Dragonite
|-sidestart|p1: ATulk|Spikes
|
|-heal|p2a: Ting-Lu|93/100|[from] item: Leftovers
|upkeep
|turn|5
|
|t:|1769373462
|move|p2a: Ting-Lu|Ruination|p1a: Dragonite
|-damage|p1a: Dragonite|50/100
|move|p1a: Dragonite|Dragon Tail|p2a: Ting-Lu
|-damage|p2a: Ting-Lu|77/100
|drag|p2a: Zamazenta|Zamazenta|100/100
|-damage|p2a: Zamazenta|94/100|[from] Stealth Rock
|-ability|p2a: Zamazenta|Dauntless Shield|boost
|-boost|p2a: Zamazenta|def|1
|
|-heal|p2a: Zamazenta|100/100|[from] item: Leftovers
|upkeep
|turn|6
|
|t:|1769373475
|switch|p1a: Pecharunt|Pecharunt|100/100
|-damage|p1a: Pecharunt|88/100|[from] Spikes
|move|p2a: Zamazenta|Iron Defense|p2a: Zamazenta
|-boost|p2a: Zamazenta|def|2
|
|upkeep
|turn|7
|
|t:|1769373484
|move|p2a: Zamazenta|Crunch|p1a: Pecharunt
|-supereffective|p1a: Pecharunt
|-damage|p1a: Pecharunt|62/100
|-unboost|p1a: Pecharunt|def|1
|move|p1a: Pecharunt|Nasty Plot|p1a: Pecharunt
|-boost|p1a: Pecharunt|spa|2
|
|upkeep
|turn|8
|
|t:|1769373494
|move|p1a: Pecharunt|Malignant Chain|p2a: Zamazenta
|-damage|p2a: Zamazenta|50/100
|move|p2a: Zamazenta|Roar|p1a: Pecharunt
|drag|p1a: Ceruledge|Ceruledge, F|100/100
|-damage|p1a: Ceruledge|88/100|[from] Spikes
|
|-heal|p2a: Zamazenta|56/100|[from] item: Leftovers
|upkeep
|turn|9
|
|t:|1769373515
|move|p2a: Zamazenta|Crunch|p1a: Ceruledge
|-supereffective|p1a: Ceruledge
|-damage|p1a: Ceruledge|34/100
|move|p1a: Ceruledge|Taunt|p2a: Zamazenta
|-start|p2a: Zamazenta|move: Taunt
|
|-heal|p2a: Zamazenta|62/100|[from] item: Leftovers
|upkeep
|turn|10
|
|t:|1769373527
|switch|p1a: Pecharunt|Pecharunt|62/100
|-damage|p1a: Pecharunt|50/100|[from] Spikes
|move|p2a: Zamazenta|Body Press|p1a: Pecharunt
|-immune|p1a: Pecharunt
|
|-heal|p2a: Zamazenta|68/100|[from] item: Leftovers
|upkeep
|turn|11
|j| Honourial
|j| lpgm10
|
|t:|1769373536
|move|p2a: Zamazenta|Crunch|p1a: Pecharunt
|-supereffective|p1a: Pecharunt
|-damage|p1a: Pecharunt|22/100
|-unboost|p1a: Pecharunt|def|1
|move|p1a: Pecharunt|Recover|p1a: Pecharunt
|-heal|p1a: Pecharunt|72/100
|
|-heal|p2a: Zamazenta|74/100|[from] item: Leftovers
|upkeep
|turn|12
|l| Honourial
|
|t:|1769373546
|move|p2a: Zamazenta|Crunch|p1a: Pecharunt
|-supereffective|p1a: Pecharunt
|-damage|p1a: Pecharunt|32/100
|move|p1a: Pecharunt|Recover|p1a: Pecharunt
|-heal|p1a: Pecharunt|82/100
|
|-heal|p2a: Zamazenta|80/100|[from] item: Leftovers
|-end|p2a: Zamazenta|move: Taunt
|upkeep
|turn|13
|
|t:|1769373555
|move|p2a: Zamazenta|Crunch|p1a: Pecharunt
|-supereffective|p1a: Pecharunt
|-damage|p1a: Pecharunt|44/100
|move|p1a: Pecharunt|Malignant Chain|p2a: Zamazenta
|-damage|p2a: Zamazenta|53/100
|
|-heal|p2a: Zamazenta|60/100|[from] item: Leftovers
|upkeep
|turn|14
|
|t:|1769373564
|move|p2a: Zamazenta|Crunch|p1a: Pecharunt
|-supereffective|p1a: Pecharunt
|-damage|p1a: Pecharunt|5/100
|move|p1a: Pecharunt|Recover|p1a: Pecharunt
|-heal|p1a: Pecharunt|55/100
|
|-heal|p2a: Zamazenta|66/100|[from] item: Leftovers
|upkeep
|turn|15
|
|t:|1769373574
|move|p2a: Zamazenta|Crunch|p1a: Pecharunt
|-supereffective|p1a: Pecharunt
|-damage|p1a: Pecharunt|17/100
|move|p1a: Pecharunt|Recover|p1a: Pecharunt
|-heal|p1a: Pecharunt|67/100
|
|-heal|p2a: Zamazenta|72/100|[from] item: Leftovers
|upkeep
|turn|16
|
|t:|1769373582
|move|p2a: Zamazenta|Crunch|p1a: Pecharunt
|-supereffective|p1a: Pecharunt
|-damage|p1a: Pecharunt|29/100
|-unboost|p1a: Pecharunt|def|1
|move|p1a: Pecharunt|Malignant Chain|p2a: Zamazenta
|-damage|p2a: Zamazenta|46/100
|-status|p2a: Zamazenta|tox
|-start|p2a: Zamazenta|confusion|[from] ability: Poison Puppeteer|[of] p1a: Pecharunt
|
|-heal|p2a: Zamazenta|52/100 tox|[from] item: Leftovers
|-damage|p2a: Zamazenta|46/100 tox|[from] psn
|upkeep
|turn|17
|j| Lobsta96
|
|t:|1769373600
|switch|p1a: Ting-Lu|Ting-Lu|100/100
|-damage|p1a: Ting-Lu|88/100|[from] Spikes
|-ability|p1a: Ting-Lu|Vessel of Ruin
|-activate|p2a: Zamazenta|confusion
|-damage|p2a: Zamazenta|42/100 tox|[from] confusion
|
|-heal|p2a: Zamazenta|48/100 tox|[from] item: Leftovers
|-damage|p2a: Zamazenta|36/100 tox|[from] psn
|upkeep
|turn|18
|
|t:|1769373614
|switch|p1a: Pecharunt|Pecharunt|29/100
|-damage|p1a: Pecharunt|17/100|[from] Spikes
|-activate|p2a: Zamazenta|confusion
|move|p2a: Zamazenta|Crunch|p1a: Pecharunt
|-supereffective|p1a: Pecharunt
|-damage|p1a: Pecharunt|0 fnt
|faint|p1a: Pecharunt
|
|-heal|p2a: Zamazenta|42/100 tox|[from] item: Leftovers
|-damage|p2a: Zamazenta|24/100 tox|[from] psn
|upkeep
|j| paternozzo
|inactive|ATulk has 270 seconds left.
|
|t:|1769373650
|switch|p1a: Ceruledge|Ceruledge, F|34/100
|-damage|p1a: Ceruledge|21/100|[from] Spikes
|turn|19
|
|t:|1769373669
|-end|p2a: Zamazenta|confusion
|move|p2a: Zamazenta|Crunch|p1a: Ceruledge
|-supereffective|p1a: Ceruledge
|-damage|p1a: Ceruledge|0 fnt
|faint|p1a: Ceruledge
|
|-heal|p2a: Zamazenta|30/100 tox|[from] item: Leftovers
|-damage|p2a: Zamazenta|6/100 tox|[from] psn
|upkeep
|l| UltimateMaster_202
|
|t:|1769373681
|switch|p1a: Dragonite|Dragonite, M|50/100
|turn|20
|j| Kwaga
|j| tryingnfailing
|
|t:|1769373689
|-terastallize|p1a: Dragonite|Normal
|move|p1a: Dragonite|Extreme Speed|p2a: Zamazenta
|-damage|p2a: Zamazenta|0 fnt
|faint|p2a: Zamazenta
|
|upkeep
|c| Kwaga|nice rng
|
|t:|1769373699
|switch|p2a: Iron Treads|Iron Treads|100/100
|-damage|p2a: Iron Treads|97/100|[from] Stealth Rock
|turn|21
|
|t:|1769373704
|move|p2a: Iron Treads|Earthquake|p1a: Dragonite
|-damage|p1a: Dragonite|12/100
|move|p1a: Dragonite|Roost|p1a: Dragonite
|-heal|p1a: Dragonite|62/100
|
|-heal|p2a: Iron Treads|100/100|[from] item: Leftovers
|upkeep
|turn|22
|l| lpgm10
|
|t:|1769373715
|move|p2a: Iron Treads|Stealth Rock|p1a: Dragonite
|-sidestart|p1: ATulk|move: Stealth Rock
|move|p1a: Dragonite|Roost|p1a: Dragonite
|-heal|p1a: Dragonite|100/100
|
|upkeep
|turn|23
|
|t:|1769373721
|move|p2a: Iron Treads|Rapid Spin|p1a: Dragonite
|-damage|p1a: Dragonite|93/100
|-boost|p2a: Iron Treads|spe|1
|-sideend|p2: T-Garchomp|Stealth Rock|[from] move: Rapid Spin|[of] p2a: Iron Treads
|move|p1a: Dragonite|Earthquake|p2a: Iron Treads
|-supereffective|p2a: Iron Treads
|-damage|p2a: Iron Treads|43/100
|
|-heal|p2a: Iron Treads|49/100|[from] item: Leftovers
|upkeep
|turn|24
|
|t:|1769373732
|-end|p2a: Iron Treads|Quark Drive|[silent]
|switch|p2a: Ting-Lu|Ting-Lu|77/100
|-ability|p2a: Ting-Lu|Vessel of Ruin
|move|p1a: Dragonite|Earthquake|p2a: Ting-Lu
|-damage|p2a: Ting-Lu|58/100
|
|-heal|p2a: Ting-Lu|65/100|[from] item: Leftovers
|upkeep
|turn|25
|
|t:|1769373745
|switch|p1a: Ting-Lu|Ting-Lu|88/100
|-damage|p1a: Ting-Lu|76/100|[from] Spikes
|-damage|p1a: Ting-Lu|69/100|[from] Stealth Rock
|-ability|p1a: Ting-Lu|Vessel of Ruin
|move|p2a: Ting-Lu|Ruination|p1a: Ting-Lu
|-damage|p1a: Ting-Lu|35/100
|-enditem|p1a: Ting-Lu|Red Card|[of] p2a: Ting-Lu
|drag|p2a: Kyurem|Kyurem|100/100
|-ability|p2a: Kyurem|Pressure
|
|upkeep
|turn|26
|l| tryingnfailing
|inactive|ATulk has 270 seconds left.
|
|t:|1769373772
|move|p2a: Kyurem|Ice Beam|p1a: Ting-Lu
|-supereffective|p1a: Ting-Lu
|-damage|p1a: Ting-Lu|0 fnt
|faint|p1a: Ting-Lu
|
|upkeep
|inactive|ATulk has 270 seconds left.
|
|t:|1769373777
|switch|p1a: Iron Treads|Iron Treads|51/100
|-damage|p1a: Iron Treads|38/100|[from] Spikes
|-damage|p1a: Iron Treads|35/100|[from] Stealth Rock
|turn|27
|
|t:|1769373785
|move|p1a: Iron Treads|Rapid Spin|p2a: Kyurem
|-crit|p2a: Kyurem
|-damage|p2a: Kyurem|82/100
|-boost|p1a: Iron Treads|spe|1
|-sideend|p1: ATulk|Spikes|[from] move: Rapid Spin|[of] p1a: Iron Treads
|-sideend|p1: ATulk|Stealth Rock|[from] move: Rapid Spin|[of] p1a: Iron Treads
|move|p2a: Kyurem|Ice Beam|p1a: Iron Treads
|-damage|p1a: Iron Treads|0 fnt
|faint|p1a: Iron Treads
|-end|p1a: Iron Treads|Quark Drive|[silent]
|
|upkeep
|
|t:|1769373794
|switch|p1a: Dragonite|Dragonite, M, tera:Normal|93/100
|turn|28
|
|t:|1769373799
|move|p2a: Kyurem|Body Press|p1a: Dragonite
|-supereffective|p1a: Dragonite
|-damage|p1a: Dragonite|54/100
|move|p1a: Dragonite|Dragon Tail|p2a: Kyurem
|-supereffective|p2a: Kyurem
|-damage|p2a: Kyurem|34/100
|drag|p2a: Tornadus|Tornadus-Therian, M|100/100
|
|upkeep
|turn|29
|
|t:|1769373808
|move|p2a: Tornadus|Nasty Plot|p2a: Tornadus
|-boost|p2a: Tornadus|spa|2
|move|p1a: Dragonite|Roost|p1a: Dragonite
|-heal|p1a: Dragonite|100/100
|
|upkeep
|turn|30
|
|t:|1769373816
|move|p1a: Dragonite|Extreme Speed|p2a: Tornadus
|-damage|p2a: Tornadus|50/100
|move|p2a: Tornadus|Taunt|p1a: Dragonite
|-start|p1a: Dragonite|move: Taunt
|
|upkeep
|turn|31
|j| jacob14203
|
|t:|1769373823
|-terastallize|p2a: Tornadus|Steel
|move|p1a: Dragonite|Extreme Speed|p2a: Tornadus
|-resisted|p2a: Tornadus
|-damage|p2a: Tornadus|23/100
|move|p2a: Tornadus|Bleakwind Storm|p1a: Dragonite
|-damage|p1a: Dragonite|66/100
|-unboost|p1a: Dragonite|spe|1
|
|upkeep
|turn|32
|
|t:|1769373835
|switch|p2a: Pecharunt|Pecharunt|100/100
|move|p1a: Dragonite|Extreme Speed|p2a: Pecharunt
|-immune|p2a: Pecharunt
|
|upkeep
|turn|33
|
|t:|1769373841
|move|p2a: Pecharunt|Malignant Chain|p1a: Dragonite
|-damage|p1a: Dragonite|38/100
|move|p1a: Dragonite|Dragon Tail|p2a: Pecharunt
|-damage|p2a: Pecharunt|81/100
|drag|p2a: Tornadus|Tornadus-Therian, M, tera:Steel|56/100
|
|-end|p1a: Dragonite|move: Taunt
|upkeep
|turn|34
|
|t:|1769373852
|move|p2a: Tornadus|Knock Off|p1a: Dragonite
|-damage|p1a: Dragonite|21/100
|-enditem|p1a: Dragonite|Heavy-Duty Boots|[from] move: Knock Off|[of] p2a: Tornadus
|move|p1a: Dragonite|Earthquake|p2a: Tornadus
|-supereffective|p2a: Tornadus
|-damage|p2a: Tornadus|0 fnt
|faint|p2a: Tornadus
|
|upkeep
|
|t:|1769373860
|switch|p2a: Pecharunt|Pecharunt|81/100
|turn|35
|
|t:|1769373863
|move|p2a: Pecharunt|Malignant Chain|p1a: Dragonite
|-damage|p1a: Dragonite|0 fnt
|faint|p1a: Dragonite
|
|win|T-Garchomp
|c|☆ATulk|Gg
