|j|☆sam bjiku kaiju
|j|☆L Lawliet aahoha
|inactive|Battle timer is ON: inactive players will automatically lose when time's up.
|t:|1769336837
|gametype|singles
|player|p1|sam bjiku kaiju|1|
|player|p2|L Lawliet aahoha|swimmer-gen7|
|gen|9
|tier|[Gen 9] OU
|rated|Tournament battle
|rule|HP Percentage Mod: HP is shown in percentages
|rule|Endless Battle Clause: Forcing endless battles is banned
|rule|Species Clause: Limit one of each Pokémon
|rule|OHKO Clause: OHKO moves are banned
|rule|Evasion Items Clause: Evasion items are banned
|rule|Evasion Moves Clause: Evasion moves are banned
|rule|Evasion Abilities Clause: Evasion abilities are banned
|rule|Sleep Moves Clause: Sleep-inducing moves are banned
|clearpoke
|poke|p1|Heatran, M|
|poke|p1|Pecharunt|
|poke|p1|Hawlucha, F|
|poke|p1|Great Tusk|
|poke|p1|Rillaboom, F|
|poke|p1|Comfey, F|
|poke|p2|Salamence, F|
|poke|p2|Slowking-Galar, F|
|poke|p2|Landorus-Therian, M|
|poke|p2|Iron Valiant|
|poke|p2|Cinderace, F|
|poke|p2|Kingambit, F|
|teampreview
|j|*Lady Monita ☃️
|inactive|sam bjiku kaiju has 120 seconds left.
|inactive|L Lawliet aahoha has 120 seconds left.
|inactive|L Lawliet aahoha has 90 seconds left.
|
|t:|1769336902
|teamsize|p1|6
|teamsize|p2|6
|start
|switch|p1a: Heatran|Heatran, M|100/100
|switch|p2a: Landorus|Landorus-Therian, M|100/100
|-ability|p2a: Landorus|Intimidate|boost
|-unboost|p1a: Heatran|atk|1
|turn|1
|
|t:|1769336907
|switch|p1a: Rillaboom|Rillaboom, F|100/100
|-fieldstart|move: Grassy Terrain|[from] ability: Grassy Surge|[of] p1a: Rillaboom
|move|p2a: Landorus|Stealth Rock|p1a: Rillaboom
|-sidestart|p1: sam bjiku kaiju|move: Stealth Rock
|
|upkeep
|turn|2
|
|t:|1769336915
|switch|p1a: Pecharunt|Pecharunt|100/100
|-damage|p1a: Pecharunt|88/100|[from] Stealth Rock
|move|p2a: Landorus|U-turn|p1a: Pecharunt
|-resisted|p1a: Pecharunt
|-damage|p1a: Pecharunt|85/100
|
|t:|1769336923
|switch|p2a: Kingambit|Kingambit, F|100/100|[from] U-turn
|
|-heal|p1a: Pecharunt|91/100|[from] Grassy Terrain
|upkeep
|turn|3
|
|t:|1769336932
|switch|p1a: Heatran|Heatran, M|100/100
|-damage|p1a: Heatran|88/100|[from] Stealth Rock
|move|p2a: Kingambit|Iron Head|p1a: Heatran
|-resisted|p1a: Heatran
|-damage|p1a: Heatran|77/100
|
|-heal|p1a: Heatran|83/100|[from] Grassy Terrain
|upkeep
|turn|4
|
|t:|1769336936
|-end|p2a: Kingambit|fallenundefined|[silent]
|switch|p2a: Landorus|Landorus-Therian, M|100/100
|-ability|p2a: Landorus|Intimidate|boost
|-unboost|p1a: Heatran|atk|1
|move|p1a: Heatran|Stealth Rock|p2a: Landorus
|-sidestart|p2: L Lawliet aahoha|move: Stealth Rock
|
|-heal|p1a: Heatran|89/100|[from] Grassy Terrain
|upkeep
|turn|5
|j| Albrtix
|
|t:|1769336942
|move|p1a: Heatran|Magma Storm|p2a: Landorus
|-damage|p2a: Landorus|41/100
|-activate|p2a: Landorus|move: Magma Storm|[of] p1a: Heatran
|move|p2a: Landorus|Earthquake|p1a: Heatran
|-supereffective|p1a: Heatran
|-damage|p1a: Heatran|2/100
|
|-heal|p1a: Heatran|9/100|[from] Grassy Terrain
|-damage|p2a: Landorus|29/100|[from] move: Magma Storm|[partiallytrapped]
|upkeep
|turn|6
|
|t:|1769336965
|move|p1a: Heatran|Solar Beam||[still]
|-prepare|p1a: Heatran|Solar Beam
|-enditem|p1a: Heatran|Power Herb
|-anim|p1a: Heatran|Solar Beam|p2a: Landorus
|-damage|p2a: Landorus|0 fnt
|faint|p2a: Landorus
|
|-heal|p1a: Heatran|15/100|[from] Grassy Terrain
|upkeep
|inactive|L Lawliet aahoha has 120 seconds left.
|c|☆L Lawliet aahoha|Why is it solar beam?
|
|t:|1769337001
|switch|p2a: Salamence|Salamence, F|100/100
|turn|7
|inactive|sam bjiku kaiju has 120 seconds left.
|
|t:|1769337049
|switch|p1a: Hawlucha|Hawlucha, F|100/100
|-damage|p1a: Hawlucha|88/100|[from] Stealth Rock
|-enditem|p1a: Hawlucha|Grassy Seed
|-boost|p1a: Hawlucha|def|1|[from] item: Grassy Seed
|move|p2a: Salamence|Dragon Dance|p2a: Salamence
|-boost|p2a: Salamence|atk|1
|-boost|p2a: Salamence|spe|1
|
|upkeep
|turn|8
|
|t:|1769337074
|move|p1a: Hawlucha|Encore|p2a: Salamence
|-start|p2a: Salamence|Encore
|move|p2a: Salamence|Dragon Dance|p2a: Salamence
|-boost|p2a: Salamence|atk|1
|-boost|p2a: Salamence|spe|1
|
|-fieldend|move: Grassy Terrain
|upkeep
|turn|9
|inactive|sam bjiku kaiju has 120 seconds left.
|
|t:|1769337080
|switch|p2a: Kingambit|Kingambit, F|100/100
|-damage|p2a: Kingambit|94/100|[from] Stealth Rock
|-activate|p2a: Kingambit|ability: Supreme Overlord
|-start|p2a: Kingambit|fallen1|[silent]
|move|p1a: Hawlucha|Swords Dance|p1a: Hawlucha
|-boost|p1a: Hawlucha|atk|2
|
|-heal|p2a: Kingambit|100/100|[from] item: Leftovers
|upkeep
|turn|10
|inactive|sam bjiku kaiju has 120 seconds left.
|
|t:|1769337094
|-end|p2a: Kingambit|fallen1|[silent]
|switch|p2a: Salamence|Salamence, F|100/100
|move|p1a: Hawlucha|Close Combat|p2a: Salamence
|-resisted|p2a: Salamence
|-damage|p2a: Salamence|29/100
|-unboost|p1a: Hawlucha|def|1
|-unboost|p1a: Hawlucha|spd|1
|
|upkeep
|turn|11
|
|t:|1769337104
|switch|p2a: Slowking|Slowking-Galar, F|100/100
|move|p1a: Hawlucha|Acrobatics|p2a: Slowking
|-damage|p2a: Slowking|0 fnt
|faint|p2a: Slowking
|
|upkeep
|
|t:|1769337108
|switch|p2a: Kingambit|Kingambit, F|100/100
|-damage|p2a: Kingambit|94/100|[from] Stealth Rock
|-activate|p2a: Kingambit|ability: Supreme Overlord
|-start|p2a: Kingambit|fallen2|[silent]
|turn|12
|
|t:|1769337125
|-terastallize|p2a: Kingambit|Fairy
|move|p1a: Hawlucha|Close Combat|p2a: Kingambit
|-resisted|p2a: Kingambit
|-damage|p2a: Kingambit|58/100
|-unboost|p1a: Hawlucha|def|1
|-unboost|p1a: Hawlucha|spd|1
|move|p2a: Kingambit|Iron Head|p1a: Hawlucha
|-damage|p1a: Hawlucha|0 fnt
|faint|p1a: Hawlucha
|
|-heal|p2a: Kingambit|64/100|[from] item: Leftovers
|upkeep
|
|t:|1769337129
|switch|p1a: Pecharunt|Pecharunt|91/100
|-damage|p1a: Pecharunt|78/100|[from] Stealth Rock
|turn|13
|
|t:|1769337135
|-end|p2a: Kingambit|fallen2|[silent]
|switch|p2a: Cinderace|Cinderace, F|100/100
|move|p1a: Pecharunt|Malignant Chain|p2a: Cinderace
|-damage|p2a: Cinderace|43/100
|-status|p2a: Cinderace|tox
|-start|p2a: Cinderace|confusion|[from] ability: Poison Puppeteer|[of] p1a: Pecharunt
|
|-damage|p2a: Cinderace|37/100 tox|[from] psn
|upkeep
|turn|14
|
|t:|1769337141
|-activate|p2a: Cinderace|confusion
|move|p2a: Cinderace|U-turn|p1a: Pecharunt
|-start|p2a: Cinderace|typechange|Bug|[from] ability: Libero
|-resisted|p1a: Pecharunt
|-damage|p1a: Pecharunt|73/100
|
|t:|1769337149
|switch|p2a: Salamence|Salamence, F|29/100|[from] U-turn
|move|p1a: Pecharunt|Nasty Plot|p1a: Pecharunt
|-boost|p1a: Pecharunt|spa|2
|
|upkeep
|turn|15
|
|t:|1769337156
|move|p2a: Salamence|Earthquake|p1a: Pecharunt
|-supereffective|p1a: Pecharunt
|-damage|p1a: Pecharunt|19/100
|move|p1a: Pecharunt|Malignant Chain|p2a: Salamence
|-damage|p2a: Salamence|0 fnt
|faint|p2a: Salamence
|
|upkeep
|
|t:|1769337164
|switch|p2a: Cinderace|Cinderace, F|37/100 tox
|turn|16
|
|t:|1769337170
|switch|p1a: Heatran|Heatran, M|15/100
|-damage|p1a: Heatran|2/100|[from] Stealth Rock
|move|p2a: Cinderace|Pyro Ball|p1a: Heatran
|-start|p1a: Heatran|ability: Flash Fire
|
|-damage|p2a: Cinderace|31/100 tox|[from] psn
|upkeep
|turn|17
|
|t:|1769337175
|move|p2a: Cinderace|U-turn|p1a: Heatran
|-start|p2a: Cinderace|typechange|Bug|[from] ability: Libero
|-resisted|p1a: Heatran
|-damage|p1a: Heatran|0 fnt
|faint|p1a: Heatran
|
|t:|1769337180
|switch|p2a: Iron Valiant|Iron Valiant|100/100|[from] U-turn
|-damage|p2a: Iron Valiant|94/100|[from] Stealth Rock
|-enditem|p2a: Iron Valiant|Booster Energy
|-activate|p2a: Iron Valiant|ability: Quark Drive|[fromitem]
|-start|p2a: Iron Valiant|quarkdrivespe
|
|upkeep
|
|t:|1769337184
|switch|p1a: Rillaboom|Rillaboom, F|100/100
|-damage|p1a: Rillaboom|88/100|[from] Stealth Rock
|-fieldstart|move: Grassy Terrain|[from] ability: Grassy Surge|[of] p1a: Rillaboom
|turn|18
|
|t:|1769337194
|-terastallize|p1a: Rillaboom|Grass
|move|p1a: Rillaboom|Grassy Glide|p2a: Iron Valiant
|-damage|p2a: Iron Valiant|24/100
|move|p2a: Iron Valiant|Moonblast|p1a: Rillaboom
|-damage|p1a: Rillaboom|33/100
|
|-heal|p2a: Iron Valiant|31/100|[from] Grassy Terrain
|-heal|p1a: Rillaboom|39/100|[from] Grassy Terrain
|upkeep
|turn|19
|
|t:|1769337215
|-end|p2a: Iron Valiant|Quark Drive|[silent]
|switch|p2a: Cinderace|Cinderace, F|31/100 tox
|move|p1a: Rillaboom|Grassy Glide|p2a: Cinderace
|-resisted|p2a: Cinderace
|-damage|p2a: Cinderace|0 fnt
|faint|p2a: Cinderace
|
|-heal|p1a: Rillaboom|45/100|[from] Grassy Terrain
|upkeep
|
|t:|1769337217
|switch|p2a: Kingambit|Kingambit, F, tera:Fairy|64/100
|-damage|p2a: Kingambit|52/100|[from] Stealth Rock
|-activate|p2a: Kingambit|ability: Supreme Overlord
|-start|p2a: Kingambit|fallen4|[silent]
|turn|20
|
|t:|1769337245
|move|p1a: Rillaboom|Grassy Glide|p2a: Kingambit
|-damage|p2a: Kingambit|13/100
|move|p2a: Kingambit|Iron Head|p1a: Rillaboom
|-damage|p1a: Rillaboom|0 fnt
|faint|p1a: Rillaboom
|
|-heal|p2a: Kingambit|19/100|[from] Grassy Terrain
|-heal|p2a: Kingambit|25/100|[from] item: Leftovers
|upkeep
|
|t:|1769337254
|switch|p1a: Great Tusk|Great Tusk|100/100
|-damage|p1a: Great Tusk|98/100|[from] Stealth Rock
|-enditem|p1a: Great Tusk|Booster Energy
|-activate|p1a: Great Tusk|ability: Protosynthesis|[fromitem]
|-start|p1a: Great Tusk|protosynthesisatk
|turn|21
|
|t:|1769337261
|move|p2a: Kingambit|Sucker Punch|p1a: Great Tusk
|-resisted|p1a: Great Tusk
|-damage|p1a: Great Tusk|78/100
|move|p1a: Great Tusk|Rapid Spin|p2a: Kingambit
|-damage|p2a: Kingambit|9/100
|-boost|p1a: Great Tusk|spe|1
|-sideend|p1: sam bjiku kaiju|Stealth Rock|[from] move: Rapid Spin|[of] p1a: Great Tusk
|
|-heal|p1a: Great Tusk|84/100|[from] Grassy Terrain
|-heal|p2a: Kingambit|15/100|[from] Grassy Terrain
|-heal|p2a: Kingambit|21/100|[from] item: Leftovers
|upkeep
|turn|22
|
|t:|1769337269
|move|p1a: Great Tusk|Ice Spinner|p2a: Kingambit
|-damage|p2a: Kingambit|0 fnt
|-fieldend|move: Grassy Terrain
|faint|p2a: Kingambit
|-end|p2a: Kingambit|fallen4|[silent]
|
|upkeep
|
|t:|1769337273
|switch|p2a: Iron Valiant|Iron Valiant|31/100
|-damage|p2a: Iron Valiant|24/100|[from] Stealth Rock
|turn|23
|
|t:|1769337276
|move|p1a: Great Tusk|Headlong Rush|p2a: Iron Valiant
|-damage|p2a: Iron Valiant|0 fnt
|-unboost|p1a: Great Tusk|def|1
|-unboost|p1a: Great Tusk|spd|1
|faint|p2a: Iron Valiant
|-end|p2a: Iron Valiant|Quark Drive|[silent]
|
|win|sam bjiku kaiju
|n|☆sam bjiku kaiju|sambjikukaiju
|n|☆L Lawliet aahoha|llawlietaahoha
|n|*Lady Monita ☃️|ladymonita
|n| Albrtix|albrtix
|l|*Lady Monita ☃️
|l|☆sam bjiku kaiju
|player|p1|
|c|☆L Lawliet aahoha|Gg wp
|l|☆L Lawliet aahoha
|player|p2|
