|j|☆Nozem
|j|☆Aggrhy
|t:|1769363996
|gametype|singles
|player|p1|Nozem|cheren|1393
|player|p2|Aggrhy|red-masters|1421
|gen|9
|tier|[Gen 9] OU
|rated|
|rule|HP Percentage Mod: HP is shown in percentages
|rule|Endless Battle Clause: Forcing endless battles is banned
|rule|Species Clause: Limit one of each Pokémon
|rule|OHKO Clause: OHKO moves are banned
|rule|Evasion Items Clause: Evasion items are banned
|rule|Evasion Moves Clause: Evasion moves are banned
|rule|Evasion Abilities Clause: Evasion abilities are banned
|rule|Sleep Moves Clause: Sleep-inducing moves are banned
|clearpoke
|poke|p1|Kyurem|
|poke|p1|Smeargle, F|
|poke|p1|Gholdengo|
|poke|p1|Thundurus, M|
|poke|p1|Ogerpon-Wellspring, F|
|poke|p1|Great Tusk|
|poke|p2|Iron Hands|
|poke|p2|Arboliva, F|
|poke|p2|Clefable, F|
|poke|p2|Polteageist-Antique|
|poke|p2|Indeedee, M|
|poke|p2|Corviknight, M|
|teampreview
|inactive|Battle timer is ON: inactive players will automatically lose when time's up. (requested by Aggrhy)
|
|t:|1769364011
|teamsize|p1|6
|teamsize|p2|6
|start
|switch|p1a: Smeargle|Smeargle, F|100/100
|switch|p2a: Arboliva|Arboliva, F|100/100
|turn|1
|
|t:|1769364019
|move|p1a: Smeargle|Sticky Web|p2a: Arboliva
|-sidestart|p2: Aggrhy|move: Sticky Web
|move|p2a: Arboliva|Giga Drain|p1a: Smeargle
|-enditem|p1a: Smeargle|Focus Sash
|-damage|p1a: Smeargle|1/100
|
|upkeep
|turn|2
|
|t:|1769364026
|move|p1a: Smeargle|Stone Axe|p2a: Arboliva
|-damage|p2a: Arboliva|90/100
|-fieldstart|move: Grassy Terrain|[from] ability: Seed Sower|[of] p2a: Arboliva
|-sidestart|p2: Aggrhy|move: Stealth Rock
|move|p2a: Arboliva|Giga Drain|p1a: Smeargle
|-damage|p1a: Smeargle|0 fnt
|-heal|p2a: Arboliva|90/100|[from] drain|[of] p1a: Smeargle
|faint|p1a: Smeargle
|
|-heal|p2a: Arboliva|96/100|[from] Grassy Terrain
|upkeep
|
|t:|1769364031
|switch|p1a: Thundurus|Thundurus, M|100/100
|turn|3
|
|t:|1769364049
|move|p1a: Thundurus|Swagger|p2a: Arboliva
|-boost|p2a: Arboliva|atk|2
|-start|p2a: Arboliva|confusion
|-enditem|p1a: Thundurus|Mirror Herb
|-boost|p1a: Thundurus|atk|2|[from] item: Mirror Herb
|-activate|p2a: Arboliva|confusion
|move|p2a: Arboliva|Hyper Voice|p1a: Thundurus
|-damage|p1a: Thundurus|35/100
|
|-heal|p2a: Arboliva|100/100|[from] Grassy Terrain
|upkeep
|turn|4
|
|t:|1769364068
|switch|p2a: Clefable|Clefable, F|100/100
|move|p1a: Thundurus|Acrobatics|p2a: Clefable
|-damage|p2a: Clefable|59/100
|
|-heal|p2a: Clefable|65/100|[from] Grassy Terrain
|upkeep
|turn|5
|
|t:|1769364078
|move|p1a: Thundurus|Swagger|p2a: Clefable
|-boost|p2a: Clefable|atk|2
|-start|p2a: Clefable|confusion
|-activate|p2a: Clefable|confusion
|-damage|p2a: Clefable|57/100|[from] confusion
|
|-heal|p2a: Clefable|63/100|[from] Grassy Terrain
|upkeep
|turn|6
|
|t:|1769364087
|move|p1a: Thundurus|Acrobatics|p2a: Clefable
|-damage|p2a: Clefable|24/100
|-activate|p2a: Clefable|confusion
|move|p2a: Clefable|Moonblast|p1a: Thundurus
|-damage|p1a: Thundurus|0 fnt
|faint|p1a: Thundurus
|
|-heal|p2a: Clefable|30/100|[from] Grassy Terrain
|-fieldend|move: Grassy Terrain
|upkeep
|
|t:|1769364101
|switch|p1a: Kyurem|Kyurem|100/100
|-ability|p1a: Kyurem|Pressure
|turn|7
|
|t:|1769364109
|move|p1a: Kyurem|Icicle Spear|p2a: Clefable
|-damage|p2a: Clefable|20/100
|-damage|p2a: Clefable|10/100
|-damage|p2a: Clefable|0 fnt
|faint|p2a: Clefable
|-hitcount|p2: Clefable|3
|
|upkeep
|
|t:|1769364116
|switch|p2a: Corviknight|Corviknight, M|100/100
|-damage|p2a: Corviknight|88/100|[from] Stealth Rock
|-ability|p2a: Corviknight|Pressure
|turn|8
|
|t:|1769364126
|switch|p1a: Gholdengo|Gholdengo|100/100
|move|p2a: Corviknight|Light Screen|p2a: Corviknight
|-sidestart|p2: Aggrhy|move: Light Screen
|
|upkeep
|turn|9
|
|t:|1769364132
|move|p1a: Gholdengo|Nasty Plot|p1a: Gholdengo
|-boost|p1a: Gholdengo|spa|2
|move|p2a: Corviknight|U-turn|p1a: Gholdengo
|-resisted|p1a: Gholdengo
|-damage|p1a: Gholdengo|96/100
|
|t:|1769364139
|switch|p2a: Arboliva|Arboliva, F|100/100|[from] U-turn
|-activate|p2a: Arboliva|move: Sticky Web
|-unboost|p2a: Arboliva|spe|1
|-damage|p2a: Arboliva|88/100|[from] Stealth Rock
|
|upkeep
|turn|10
|
|t:|1769364148
|move|p1a: Gholdengo|Nasty Plot|p1a: Gholdengo
|-boost|p1a: Gholdengo|spa|2
|move|p2a: Arboliva|Earth Power|p1a: Gholdengo
|-supereffective|p1a: Gholdengo
|-crit|p1a: Gholdengo
|-damage|p1a: Gholdengo|0 fnt
|faint|p1a: Gholdengo
|
|upkeep
|
|t:|1769364152
|switch|p1a: Kyurem|Kyurem|100/100
|-ability|p1a: Kyurem|Pressure
|turn|11
|
|t:|1769364161
|switch|p2a: Corviknight|Corviknight, M|88/100
|-damage|p2a: Corviknight|75/100|[from] Stealth Rock
|-ability|p2a: Corviknight|Pressure
|move|p1a: Kyurem|Dragon Dance|p1a: Kyurem
|-boost|p1a: Kyurem|atk|1
|-boost|p1a: Kyurem|spe|1
|
|upkeep
|turn|12
|
|t:|1769364171
|move|p1a: Kyurem|Dragon Dance|p1a: Kyurem
|-boost|p1a: Kyurem|atk|1
|-boost|p1a: Kyurem|spe|1
|move|p2a: Corviknight|Reflect|p2a: Corviknight
|-sidestart|p2: Aggrhy|Reflect
|
|upkeep
|turn|13
|
|t:|1769364178
|move|p1a: Kyurem|Dragon Dance|p1a: Kyurem
|-boost|p1a: Kyurem|atk|1
|-boost|p1a: Kyurem|spe|1
|move|p2a: Corviknight|U-turn|p1a: Kyurem
|-damage|p1a: Kyurem|87/100
|
|t:|1769364185
|switch|p2a: Iron Hands|Iron Hands|100/100|[from] U-turn
|-activate|p2a: Iron Hands|move: Sticky Web
|-unboost|p2a: Iron Hands|spe|1
|-damage|p2a: Iron Hands|94/100|[from] Stealth Rock
|
|upkeep
|turn|14
|
|t:|1769364194
|-terastallize|p1a: Kyurem|Ghost
|-terastallize|p2a: Iron Hands|Fighting
|move|p1a: Kyurem|Icicle Spear|p2a: Iron Hands
|-damage|p2a: Iron Hands|85/100
|-damage|p2a: Iron Hands|76/100
|-damage|p2a: Iron Hands|66/100
|-damage|p2a: Iron Hands|57/100
|-hitcount|p2a: Iron Hands|4
|move|p2a: Iron Hands|Drain Punch|p1a: Kyurem
|-immune|p1a: Kyurem
|
|upkeep
|turn|15
|
|t:|1769364208
|move|p1a: Kyurem|Icicle Spear|p2a: Iron Hands
|-damage|p2a: Iron Hands|48/100
|-damage|p2a: Iron Hands|38/100
|-crit|p2a: Iron Hands
|-damage|p2a: Iron Hands|8/100
|-damage|p2a: Iron Hands|0 fnt
|faint|p2a: Iron Hands
|-end|p2a: Iron Hands|Quark Drive|[silent]
|-hitcount|p2: Iron Hands|4
|
|-sideend|p2: Aggrhy|move: Light Screen
|upkeep
|-message|Aggrhy forfeited.
|
|win|Nozem
|raw|Nozem's rating: 1393 &rarr; <strong>1415</strong><br />(+22 for winning)
|raw|Aggrhy's rating: 1421 &rarr; <strong>1399</strong><br />(-22 for losing)
|l|☆Aggrhy
|player|p2|
|l|☆Nozem
|player|p1|
