|j|☆woshibaocui
|j|☆big bod3
|t:|1769366368
|gametype|singles
|player|p1|woshibaocui|iris-gen5bw2|1057
|player|p2|big bod3|marshal|1034
|gen|9
|tier|[Gen 9] OU
|rated|
|rule|HP Percentage Mod: HP is shown in percentages
|rule|Endless Battle Clause: Forcing endless battles is banned
|rule|Species Clause: Limit one of each Pokémon
|rule|OHKO Clause: OHKO moves are banned
|rule|Evasion Items Clause: Evasion items are banned
|rule|Evasion Moves Clause: Evasion moves are banned
|rule|Evasion Abilities Clause: Evasion abilities are banned
|rule|Sleep Moves Clause: Sleep-inducing moves are banned
|clearpoke
|poke|p1|Dragapult, M|
|poke|p1|Amoonguss, M|
|poke|p1|Azumarill, M|
|poke|p1|Ursaluna, M|
|poke|p1|Toxapex, M|
|poke|p1|Gholdengo|
|poke|p2|Salazzle, F|
|poke|p2|Electivire, M|
|poke|p2|Vespiquen, F|
|poke|p2|Whiscash, F|
|poke|p2|Gholdengo|
|poke|p2|Great Tusk|
|teampreview
|
|t:|1769366373
|teamsize|p1|6
|teamsize|p2|6
|start
|switch|p1a: Amoonguss|Amoonguss, M|100/100
|switch|p2a: ᛈ Queenhold|Vespiquen, F|100/100
|-ability|p2a: ᛈ Queenhold|Pressure
|turn|1
|
|t:|1769366388
|-terastallize|p2a: ᛈ Queenhold|Steel
|move|p2a: ᛈ Queenhold|Defend Order|p2a: ᛈ Queenhold
|-boost|p2a: ᛈ Queenhold|def|1
|-boost|p2a: ᛈ Queenhold|spd|1
|move|p1a: Amoonguss|Toxic|p2a: ᛈ Queenhold
|-immune|p2a: ᛈ Queenhold
|
|upkeep
|turn|2
|
|t:|1769366397
|move|p2a: ᛈ Queenhold|Defend Order|p2a: ᛈ Queenhold
|-boost|p2a: ᛈ Queenhold|def|1
|-boost|p2a: ᛈ Queenhold|spd|1
|move|p1a: Amoonguss|Stun Spore|p2a: ᛈ Queenhold
|-status|p2a: ᛈ Queenhold|par
|
|upkeep
|turn|3
|
|t:|1769366406
|move|p1a: Amoonguss|Hex|p2a: ᛈ Queenhold
|-damage|p2a: ᛈ Queenhold|88/100 par
|move|p2a: ᛈ Queenhold|Toxic Spikes|p1a: Amoonguss
|-sidestart|p1: woshibaocui|move: Toxic Spikes
|
|upkeep
|turn|4
|
|t:|1769366414
|move|p1a: Amoonguss|Hex|p2a: ᛈ Queenhold
|-damage|p2a: ᛈ Queenhold|74/100 par
|move|p2a: ᛈ Queenhold|Toxic Spikes|p1a: Amoonguss
|-sidestart|p1: woshibaocui|move: Toxic Spikes
|
|upkeep
|turn|5
|
|t:|1769366427
|move|p1a: Amoonguss|Giga Drain|p2a: ᛈ Queenhold
|-resisted|p2a: ᛈ Queenhold
|-damage|p2a: ᛈ Queenhold|69/100 par
|move|p2a: ᛈ Queenhold|Defend Order|p2a: ᛈ Queenhold
|-boost|p2a: ᛈ Queenhold|def|1
|-boost|p2a: ᛈ Queenhold|spd|1
|
|upkeep
|turn|6
|
|t:|1769366437
|switch|p1a: Toxapex|Toxapex, M, shiny|100/100
|-sideend|p1: woshibaocui|move: Toxic Spikes|[of] p1a: Toxapex
|move|p2a: ᛈ Queenhold|Defend Order|p2a: ᛈ Queenhold
|-boost|p2a: ᛈ Queenhold|def|1
|-boost|p2a: ᛈ Queenhold|spd|1
|
|upkeep
|turn|7
|
|t:|1769366446
|move|p1a: Toxapex|Hex|p2a: ᛈ Queenhold
|-damage|p2a: ᛈ Queenhold|63/100 par
|move|p2a: ᛈ Queenhold|Toxic Spikes|p1a: Toxapex
|-sidestart|p1: woshibaocui|move: Toxic Spikes
|
|upkeep
|turn|8
|
|t:|1769366454
|move|p1a: Toxapex|Hex|p2a: ᛈ Queenhold
|-damage|p2a: ᛈ Queenhold|56/100 par
|move|p2a: ᛈ Queenhold|Toxic Spikes|p1a: Toxapex
|-sidestart|p1: woshibaocui|move: Toxic Spikes
|
|upkeep
|turn|9
|
|t:|1769366461
|move|p1a: Toxapex|Hex|p2a: ᛈ Queenhold
|-damage|p2a: ᛈ Queenhold|50/100 par
|move|p2a: ᛈ Queenhold|Attack Order|p1a: Toxapex
|-resisted|p1a: Toxapex
|-damage|p1a: Toxapex|91/100
|
|-heal|p1a: Toxapex|97/100|[from] item: Leftovers
|upkeep
|turn|10
|
|t:|1769366480
|switch|p1a: Dragapult|Dragapult, M, shiny|100/100
|-status|p1a: Dragapult|tox
|move|p2a: ᛈ Queenhold|Attack Order|p1a: Dragapult
|-resisted|p1a: Dragapult
|-damage|p1a: Dragapult|84/100 tox
|
|-damage|p1a: Dragapult|78/100 tox|[from] psn
|upkeep
|turn|11
|
|t:|1769366493
|move|p1a: Dragapult|Outrage|p2a: ᛈ Queenhold
|-resisted|p2a: ᛈ Queenhold
|-damage|p2a: ᛈ Queenhold|42/100 par
|-damage|p1a: Dragapult|62/100 tox|[from] item: Rocky Helmet|[of] p2a: ᛈ Queenhold
|cant|p2a: ᛈ Queenhold|par
|
|-damage|p1a: Dragapult|50/100 tox|[from] psn
|upkeep
|turn|12
|
|t:|1769366504
|move|p1a: Dragapult|Outrage|p2a: ᛈ Queenhold|[from] lockedmove
|-resisted|p2a: ᛈ Queenhold
|-damage|p2a: ᛈ Queenhold|34/100 par
|-damage|p1a: Dragapult|33/100 tox|[from] item: Rocky Helmet|[of] p2a: ᛈ Queenhold
|move|p2a: ᛈ Queenhold|Roost|p2a: ᛈ Queenhold
|-heal|p2a: ᛈ Queenhold|84/100 par
|
|-damage|p1a: Dragapult|15/100 tox|[from] psn
|upkeep
|turn|13
|
|t:|1769366518
|move|p1a: Dragapult|Outrage|p2a: ᛈ Queenhold|[from] lockedmove
|-resisted|p2a: ᛈ Queenhold
|-damage|p2a: ᛈ Queenhold|76/100 par
|-damage|p1a: Dragapult|0 fnt|[from] item: Rocky Helmet|[of] p2a: ᛈ Queenhold
|faint|p1a: Dragapult
|move|p2a: ᛈ Queenhold|Attack Order|p1: Dragapult|[notarget]
|-fail|p2a: ᛈ Queenhold
|
|upkeep
|
|t:|1769366530
|switch|p1a: Toxapex|Toxapex, M, shiny|100/100
|-sideend|p1: woshibaocui|move: Toxic Spikes|[of] p1a: Toxapex
|turn|14
|
|t:|1769366535
|switch|p1a: Ursaluna|Ursaluna, M, shiny|100/100
|move|p2a: ᛈ Queenhold|Toxic Spikes|p1a: Ursaluna
|-sidestart|p1: woshibaocui|move: Toxic Spikes
|
|-status|p1a: Ursaluna|brn|[from] item: Flame Orb
|upkeep
|turn|15
|
|t:|1769366546
|move|p1a: Ursaluna|Swords Dance|p1a: Ursaluna
|-boost|p1a: Ursaluna|atk|2
|move|p2a: ᛈ Queenhold|Attack Order|p1a: Ursaluna
|-damage|p1a: Ursaluna|83/100 brn
|
|-damage|p1a: Ursaluna|77/100 brn|[from] brn
|upkeep
|turn|16
|
|t:|1769366556
|move|p1a: Ursaluna|Swords Dance|p1a: Ursaluna
|-boost|p1a: Ursaluna|atk|2
|move|p2a: ᛈ Queenhold|Attack Order|p1a: Ursaluna
|-damage|p1a: Ursaluna|59/100 brn
|
|-damage|p1a: Ursaluna|52/100 brn|[from] brn
|upkeep
|turn|17
|
|t:|1769366568
|-terastallize|p1a: Ursaluna|Normal
|move|p1a: Ursaluna|Facade|p2a: ᛈ Queenhold
|-resisted|p2a: ᛈ Queenhold
|-crit|p2a: ᛈ Queenhold
|-damage|p2a: ᛈ Queenhold|0 fnt
|-damage|p1a: Ursaluna|36/100 brn|[from] item: Rocky Helmet|[of] p2a: ᛈ Queenhold
|faint|p2a: ᛈ Queenhold
|
|-damage|p1a: Ursaluna|30/100 brn|[from] brn
|upkeep
|
|t:|1769366584
|switch|p2a: ᛋᚾ svevnbolt|Electivire, M|100/100
|turn|18
|
|t:|1769366588
|move|p2a: ᛋᚾ svevnbolt|Low Kick|p1a: Ursaluna
|-supereffective|p1a: Ursaluna
|-damage|p1a: Ursaluna|0 fnt
|faint|p1a: Ursaluna
|
|upkeep
|
|t:|1769366594
|switch|p1a: Amoonguss|Amoonguss, M|100/100
|-sideend|p1: woshibaocui|move: Toxic Spikes|[of] p1a: Amoonguss
|turn|19
|
|t:|1769366599
|move|p2a: ᛋᚾ svevnbolt|Ice Punch|p1a: Amoonguss
|-supereffective|p1a: Amoonguss
|-damage|p1a: Amoonguss|45/100
|move|p1a: Amoonguss|Toxic|p2a: ᛋᚾ svevnbolt
|-status|p2a: ᛋᚾ svevnbolt|tox
|
|-heal|p1a: Amoonguss|51/100|[from] item: Leftovers
|-damage|p2a: ᛋᚾ svevnbolt|94/100 tox|[from] psn
|upkeep
|turn|20
|
|t:|1769366611
|move|p2a: ᛋᚾ svevnbolt|Ice Punch|p1a: Amoonguss
|-supereffective|p1a: Amoonguss
|-damage|p1a: Amoonguss|0 fnt
|faint|p1a: Amoonguss
|
|-damage|p2a: ᛋᚾ svevnbolt|82/100 tox|[from] psn
|upkeep
|
|t:|1769366618
|switch|p1a: Toxapex|Toxapex, M, shiny|100/100
|turn|21
|
|t:|1769366626
|move|p2a: ᛋᚾ svevnbolt|Supercell Slam|p1a: Toxapex
|-supereffective|p1a: Toxapex
|-damage|p1a: Toxapex|6/100
|move|p1a: Toxapex|Iron Defense|p1a: Toxapex
|-boost|p1a: Toxapex|def|2
|
|-heal|p1a: Toxapex|12/100|[from] item: Leftovers
|-damage|p2a: ᛋᚾ svevnbolt|63/100 tox|[from] psn
|upkeep
|turn|22
|
|t:|1769366639
|switch|p1a: Azumarill|Azumarill, M, shiny|100/100
|move|p2a: ᛋᚾ svevnbolt|Volt Switch|p1a: Azumarill
|-supereffective|p1a: Azumarill
|-damage|p1a: Azumarill|27/100
|
|t:|1769366647
|switch|p2a: ᚹ Flowbank|Whiscash, F|100/100|[from] Volt Switch
|
|upkeep
|turn|23
|
|t:|1769366655
|move|p1a: Azumarill|Knock Off|p2a: ᚹ Flowbank
|-damage|p2a: ᚹ Flowbank|35/100
|-enditem|p2a: ᚹ Flowbank|Leftovers|[from] move: Knock Off|[of] p1a: Azumarill
|move|p2a: ᚹ Flowbank|Earthquake|p1a: Azumarill
|-damage|p1a: Azumarill|0 fnt
|faint|p1a: Azumarill
|
|upkeep
|
|t:|1769366664
|switch|p1a: Gholdengo|Gholdengo, shiny|100/100
|turn|24
|
|t:|1769366679
|move|p1a: Gholdengo|Shadow Ball|p2a: ᚹ Flowbank
|-damage|p2a: ᚹ Flowbank|0 fnt
|faint|p2a: ᚹ Flowbank
|
|upkeep
|
|t:|1769366687
|switch|p2a: ᚲ Spark|Salazzle, F|100/100
|turn|25
|
|t:|1769366692
|move|p2a: ᚲ Spark|Flamethrower|p1a: Gholdengo
|-supereffective|p1a: Gholdengo
|-damage|p1a: Gholdengo|7/100
|move|p1a: Gholdengo|Shadow Ball|p2a: ᚲ Spark
|-damage|p2a: ᚲ Spark|0 fnt
|faint|p2a: ᚲ Spark
|
|upkeep
|
|t:|1769366712
|switch|p2a: ᛟᚷᛇ Coinstorm|Gholdengo|100/100
|-item|p2a: ᛟᚷᛇ Coinstorm|Air Balloon
|turn|26
|
|t:|1769366717
|move|p2a: ᛟᚷᛇ Coinstorm|Shadow Ball|p1a: Gholdengo
|-supereffective|p1a: Gholdengo
|-damage|p1a: Gholdengo|0 fnt
|faint|p1a: Gholdengo
|
|upkeep
|
|t:|1769366724
|switch|p1a: Toxapex|Toxapex, M, shiny|45/100
|turn|27
|
|t:|1769366729
|move|p1a: Toxapex|Baneful Bunker|p1a: Toxapex
|-singleturn|p1a: Toxapex|move: Protect
|move|p2a: ᛟᚷᛇ Coinstorm|Nasty Plot|p2a: ᛟᚷᛇ Coinstorm
|-boost|p2a: ᛟᚷᛇ Coinstorm|spa|2
|
|-heal|p1a: Toxapex|51/100|[from] item: Leftovers
|upkeep
|turn|28
|
|t:|1769366739
|move|p2a: ᛟᚷᛇ Coinstorm|Shadow Ball|p1a: Toxapex
|-damage|p1a: Toxapex|0 fnt
|faint|p1a: Toxapex
|
|win|big bod3
|raw|woshibaocui's rating: 1057 &rarr; <strong>1037</strong><br />(-20 for losing)
|raw|big bod3's rating: 1034 &rarr; <strong>1071</strong><br />(+37 for winning)
|l|☆woshibaocui
|player|p1|
