|j|☆adalgoudil
|j|☆breizh-pao
|t:|1769360780
|gametype|singles
|player|p1|adalgoudil|102|1425
|player|p2|breizh-pao|hiker-gen4|1396
|gen|9
|tier|[Gen 9] OU
|rated|
|rule|HP Percentage Mod: HP is shown in percentages
|rule|Endless Battle Clause: Forcing endless battles is banned
|rule|Species Clause: Limit one of each Pokémon
|rule|OHKO Clause: OHKO moves are banned
|rule|Evasion Items Clause: Evasion items are banned
|rule|Evasion Moves Clause: Evasion moves are banned
|rule|Evasion Abilities Clause: Evasion abilities are banned
|rule|Sleep Moves Clause: Sleep-inducing moves are banned
|clearpoke
|poke|p1|Kommo-o, M|
|poke|p1|Weezing-Galar, M|
|poke|p1|Sandy Shocks|
|poke|p1|Muk-Alola, F|
|poke|p1|Iron Valiant|
|poke|p1|Salazzle, F|
|poke|p2|Ribombee, F|
|poke|p2|Cinderace, F|
|poke|p2|Serperior, F|
|poke|p2|Dragapult, M|
|poke|p2|Bisharp, M|
|poke|p2|Latios, M|
|teampreview
|
|t:|1769360786
|teamsize|p1|6
|teamsize|p2|6
|start
|switch|p1a: Salazzle|Salazzle, F|100/100
|switch|p2a: Ribombee|Ribombee, F|100/100
|turn|1
|
|t:|1769360793
|move|p2a: Ribombee|Sticky Web|p1a: Salazzle
|-sidestart|p1: adalgoudil|move: Sticky Web
|move|p1a: Salazzle|Sludge Wave|p2a: Ribombee
|-supereffective|p2a: Ribombee
|-enditem|p2a: Ribombee|Focus Sash
|-damage|p2a: Ribombee|1/100
|
|upkeep
|turn|2
|
|t:|1769360796
|switch|p1a: Weezing|Weezing-Galar, M|100/100
|move|p2a: Ribombee|Psychic Noise|p1a: Weezing
|-supereffective|p1a: Weezing
|-damage|p1a: Weezing|38/100
|-start|p1a: Weezing|move: Heal Block
|
|upkeep
|turn|3
|
|t:|1769360799
|switch|p1a: Muk|Muk-Alola, F|100/100
|-activate|p1a: Muk|move: Sticky Web
|-unboost|p1a: Muk|spe|1
|move|p2a: Ribombee|Psychic Noise|p1a: Muk
|-immune|p1a: Muk
|
|upkeep
|turn|4
|
|t:|1769360804
|move|p1a: Muk|Shadow Sneak|p2a: Ribombee
|-damage|p2a: Ribombee|0 fnt
|faint|p2a: Ribombee
|
|upkeep
|
|t:|1769360809
|switch|p2a: Cinderace|Cinderace, F|100/100
|turn|5
|
|t:|1769360815
|move|p2a: Cinderace|Court Change|p2a: Cinderace
|-swapsideconditions
|-activate|p2a: Cinderace|move: Court Change
|move|p1a: Muk|Knock Off|p2a: Cinderace
|-damage|p2a: Cinderace|43/100
|-status|p2a: Cinderace|psn|[from] ability: Poison Touch|[of] p1a: Muk
|-enditem|p2a: Cinderace|Heavy-Duty Boots|[from] move: Knock Off|[of] p1a: Muk
|
|-damage|p2a: Cinderace|30/100 psn|[from] psn
|upkeep
|turn|6
|
|t:|1769360826
|switch|p1a: Weezing|Weezing-Galar, M|38/100
|move|p2a: Cinderace|Pyro Ball|p1a: Weezing
|-damage|p1a: Weezing|0 fnt
|faint|p1a: Weezing
|
|-damage|p2a: Cinderace|18/100 psn|[from] psn
|upkeep
|
|t:|1769360834
|switch|p1a: Kommo-o|Kommo-o, M|100/100
|turn|7
|
|t:|1769360837
|move|p2a: Cinderace|Will-O-Wisp|p1a: Kommo-o
|-status|p1a: Kommo-o|brn
|move|p1a: Kommo-o|Clangorous Soul|p1a: Kommo-o
|-boost|p1a: Kommo-o|atk|1
|-boost|p1a: Kommo-o|def|1
|-boost|p1a: Kommo-o|spa|1
|-boost|p1a: Kommo-o|spd|1
|-boost|p1a: Kommo-o|spe|1
|-damage|p1a: Kommo-o|68/100 brn
|-enditem|p1a: Kommo-o|Throat Spray
|-boost|p1a: Kommo-o|spa|1|[from] item: Throat Spray
|
|-damage|p2a: Cinderace|5/100 psn|[from] psn
|-damage|p1a: Kommo-o|61/100 brn|[from] brn
|upkeep
|turn|8
|
|t:|1769360845
|move|p1a: Kommo-o|Drain Punch|p2a: Cinderace
|-crit|p2a: Cinderace
|-damage|p2a: Cinderace|0 fnt
|-heal|p1a: Kommo-o|64/100 brn|[from] drain|[of] p2a: Cinderace
|faint|p2a: Cinderace
|
|-damage|p1a: Kommo-o|58/100 brn|[from] brn
|upkeep
|
|t:|1769360847
|switch|p2a: Latios|Latios, M|100/100
|turn|9
|
|t:|1769360852
|-terastallize|p1a: Kommo-o|Normal
|move|p2a: Latios|Draco Meteor|p1a: Kommo-o
|-damage|p1a: Kommo-o|0 fnt
|-unboost|p2a: Latios|spa|2
|faint|p1a: Kommo-o
|
|upkeep
|
|t:|1769360856
|switch|p1a: Iron Valiant|Iron Valiant|100/100
|turn|10
|
|t:|1769360860
|switch|p2a: Bisharp|Bisharp, M|100/100
|-activate|p2a: Bisharp|move: Sticky Web
|-unboost|p2a: Bisharp|spe|1
|-ability|p2a: Bisharp|Defiant|boost
|-boost|p2a: Bisharp|atk|2
|move|p1a: Iron Valiant|Moonblast|p2a: Bisharp
|-damage|p2a: Bisharp|36/100
|-unboost|p2a: Bisharp|spa|1
|-ability|p2a: Bisharp|Defiant|boost
|-boost|p2a: Bisharp|atk|2
|-damage|p1a: Iron Valiant|91/100|[from] item: Life Orb
|
|upkeep
|turn|11
|
|t:|1769360867
|move|p2a: Bisharp|Sucker Punch|p1a: Iron Valiant
|-resisted|p1a: Iron Valiant
|-damage|p1a: Iron Valiant|51/100
|move|p1a: Iron Valiant|Close Combat|p2a: Bisharp
|-supereffective|p2a: Bisharp
|-crit|p2a: Bisharp
|-damage|p2a: Bisharp|0 fnt
|-unboost|p1a: Iron Valiant|def|1
|-unboost|p1a: Iron Valiant|spd|1
|faint|p2a: Bisharp
|-damage|p1a: Iron Valiant|42/100|[from] item: Life Orb
|
|upkeep
|
|t:|1769360870
|switch|p2a: Serperior|Serperior, F|100/100
|-activate|p2a: Serperior|move: Sticky Web
|-boost|p2a: Serperior|spe|1
|turn|12
|
|t:|1769360874
|-end|p1a: Iron Valiant|Quark Drive|[silent]
|switch|p1a: Muk|Muk-Alola, F|100/100
|move|p2a: Serperior|Leaf Storm|p1a: Muk|[miss]
|-miss|p2a: Serperior|p1a: Muk
|
|upkeep
|turn|13
|
|t:|1769360882
|switch|p2a: Latios|Latios, M|100/100
|move|p1a: Muk|Knock Off|p2a: Latios
|-supereffective|p2a: Latios
|-damage|p2a: Latios|0 fnt
|-enditem|p2a: Latios|Choice Scarf|[from] move: Knock Off|[of] p1a: Muk
|faint|p2a: Latios
|
|upkeep
|
|t:|1769360887
|switch|p2a: Dragapult|Dragapult, M|100/100
|-activate|p2a: Dragapult|move: Sticky Web
|-fail|p2a: Dragapult|unboost|[from] ability: Clear Body|[of] p2a: Dragapult
|turn|14
|
|t:|1769360893
|switch|p1a: Sandy Shocks|Sandy Shocks|100/100
|-terastallize|p2a: Dragapult|Fire
|move|p2a: Dragapult|Dragon Darts|p1a: Sandy Shocks
|-damage|p1a: Sandy Shocks|72/100
|-anim|p2a: Dragapult|Dragon Darts|p1a: Sandy Shocks
|-damage|p1a: Sandy Shocks|40/100
|-damage|p2a: Dragapult|91/100|[from] item: Life Orb
|
|-heal|p1a: Sandy Shocks|46/100|[from] item: Leftovers
|upkeep
|turn|15
|
|t:|1769360896
|move|p2a: Dragapult|Dragon Darts|p1a: Sandy Shocks
|-damage|p1a: Sandy Shocks|16/100
|-anim|p2a: Dragapult|Dragon Darts|p1a: Sandy Shocks
|-damage|p1a: Sandy Shocks|0 fnt
|faint|p1a: Sandy Shocks
|-end|p1a: Sandy Shocks|Protosynthesis|[silent]
|-damage|p2a: Dragapult|81/100|[from] item: Life Orb
|
|upkeep
|
|t:|1769360902
|switch|p1a: Salazzle|Salazzle, F|100/100
|turn|16
|
|t:|1769360907
|move|p2a: Dragapult|Hydro Pump|p1a: Salazzle
|-supereffective|p1a: Salazzle
|-enditem|p1a: Salazzle|Focus Sash
|-damage|p1a: Salazzle|1/100
|-damage|p2a: Dragapult|71/100|[from] item: Life Orb
|move|p1a: Salazzle|Sludge Wave|p2a: Dragapult
|-damage|p2a: Dragapult|17/100
|
|upkeep
|turn|17
|
|t:|1769360912
|move|p1a: Salazzle|Protect|p1a: Salazzle
|-singleturn|p1a: Salazzle|Protect
|move|p2a: Dragapult|Dragon Darts|p1a: Salazzle
|-activate|p1a: Salazzle|move: Protect
|
|upkeep
|turn|18
|
|t:|1769360914
|move|p2a: Dragapult|Dragon Darts|p1a: Salazzle
|-damage|p1a: Salazzle|0 fnt
|faint|p1a: Salazzle
|-damage|p2a: Dragapult|7/100|[from] item: Life Orb
|
|upkeep
|
|t:|1769360915
|switch|p1a: Muk|Muk-Alola, F|100/100
|turn|19
|
|t:|1769360918
|move|p1a: Muk|Shadow Sneak|p2a: Dragapult
|-damage|p2a: Dragapult|0 fnt
|faint|p2a: Dragapult
|
|upkeep
|
|t:|1769360920
|switch|p2a: Serperior|Serperior, F|100/100
|-activate|p2a: Serperior|move: Sticky Web
|-boost|p2a: Serperior|spe|1
|turn|20
|
|t:|1769360924
|move|p2a: Serperior|Leaf Storm|p1a: Muk
|-resisted|p1a: Muk
|-damage|p1a: Muk|87/100
|-boost|p2a: Serperior|spa|2
|move|p1a: Muk|Poison Jab|p2a: Serperior
|-supereffective|p2a: Serperior
|-damage|p2a: Serperior|0 fnt
|faint|p2a: Serperior
|
|win|adalgoudil
|raw|adalgoudil's rating: 1425 &rarr; <strong>1443</strong><br />(+18 for winning)
|raw|breizh-pao's rating: 1396 &rarr; <strong>1378</strong><br />(-18 for losing)
|l|☆breizh-pao
|player|p2|
|l|☆adalgoudil
|player|p1|
