|j|☆Banixito
|j|☆Cour3tro
|t:|1769321389
|gametype|singles
|player|p1|Banixito|silver|1196
|player|p2|Cour3tro|170|1176
|gen|9
|tier|[Gen 9] OU
|rated|
|rule|HP Percentage Mod: HP is shown in percentages
|rule|Endless Battle Clause: Forcing endless battles is banned
|rule|Species Clause: Limit one of each Pokémon
|rule|OHKO Clause: OHKO moves are banned
|rule|Evasion Items Clause: Evasion items are banned
|rule|Evasion Moves Clause: Evasion moves are banned
|rule|Evasion Abilities Clause: Evasion abilities are banned
|rule|Sleep Moves Clause: Sleep-inducing moves are banned
|clearpoke
|poke|p1|Dragonite, M|
|poke|p1|Pecharunt|
|poke|p1|Gliscor, F|
|poke|p1|Ribombee, F|
|poke|p1|Porygon2|
|poke|p1|Darkrai|
|poke|p2|Glimmora, M|
|poke|p2|Zapdos-Galar|
|poke|p2|Vaporeon, F|
|poke|p2|Iron Thorns|
|poke|p2|Ribombee, M|
|poke|p2|Polteageist|
|teampreview
|
|t:|1769321408
|teamsize|p1|6
|teamsize|p2|6
|start
|switch|p1a: Ribombee|Ribombee, F|100/100
|switch|p2a: Vaporeon|Vaporeon, F|100/100
|turn|1
|
|t:|1769321422
|move|p1a: Ribombee|Stun Spore|p2a: Vaporeon|[miss]
|-miss|p1a: Ribombee|p2a: Vaporeon
|move|p2a: Vaporeon|Scald|p1a: Ribombee
|-damage|p1a: Ribombee|44/100
|
|upkeep
|turn|2
|
|t:|1769321437
|move|p1a: Ribombee|Sticky Web|p2a: Vaporeon
|-sidestart|p2: Cour3tro|move: Sticky Web
|move|p2a: Vaporeon|Scald|p1a: Ribombee
|-damage|p1a: Ribombee|0 fnt
|faint|p1a: Ribombee
|
|upkeep
|
|t:|1769321446
|switch|p1a: Porygon2|Porygon2|100/100
|-ability|p1a: Porygon2|Water Absorb|Trace|[from] ability: Trace|[of] p2a: Vaporeon
|turn|3
|inactive|Battle timer is ON: inactive players will automatically lose when time's up. (requested by Banixito)
|
|t:|1769321457
|switch|p2a: Glimmora|Glimmora, M|100/100
|-activate|p2a: Glimmora|move: Sticky Web
|-unboost|p2a: Glimmora|spe|1
|move|p1a: Porygon2|Thunder Wave|p2a: Glimmora
|-status|p2a: Glimmora|par
|
|upkeep
|turn|4
|
|t:|1769321469
|move|p1a: Porygon2|Thunderbolt|p2a: Glimmora
|-damage|p2a: Glimmora|71/100 par
|move|p2a: Glimmora|Stealth Rock|p1a: Porygon2
|-sidestart|p1: Banixito|move: Stealth Rock
|
|upkeep
|turn|5
|
|t:|1769321481
|move|p1a: Porygon2|Thunderbolt|p2a: Glimmora
|-damage|p2a: Glimmora|44/100 par
|move|p2a: Glimmora|Mortal Spin|p1a: Porygon2
|-damage|p1a: Porygon2|96/100
|-status|p1a: Porygon2|psn
|-sideend|p2: Cour3tro|Sticky Web|[from] move: Mortal Spin|[of] p2a: Glimmora
|
|-damage|p1a: Porygon2|84/100 psn|[from] psn
|upkeep
|turn|6
|
|t:|1769321497
|switch|p1a: Pecharunt|Pecharunt|100/100
|cant|p2a: Glimmora|par
|
|upkeep
|turn|7
|
|t:|1769321507
|switch|p1a: Porygon2|Porygon2|84/100 psn
|-damage|p1a: Porygon2|72/100 psn|[from] Stealth Rock
|-ability|p1a: Porygon2|Toxic Debris|Trace|[from] ability: Trace|[of] p2a: Glimmora
|move|p2a: Glimmora|Power Gem|p1a: Porygon2
|-damage|p1a: Porygon2|52/100 psn
|
|-damage|p1a: Porygon2|40/100 psn|[from] psn
|upkeep
|turn|8
|
|t:|1769321522
|move|p1a: Porygon2|Recover|p1a: Porygon2
|-heal|p1a: Porygon2|90/100 psn
|move|p2a: Glimmora|Power Gem|p1a: Porygon2
|-damage|p1a: Porygon2|69/100 psn
|
|-damage|p1a: Porygon2|56/100 psn|[from] psn
|upkeep
|turn|9
|
|t:|1769321536
|move|p1a: Porygon2|Thunderbolt|p2a: Glimmora
|-damage|p2a: Glimmora|14/100 par
|move|p2a: Glimmora|Power Gem|p1a: Porygon2
|-damage|p1a: Porygon2|39/100 psn
|
|-damage|p1a: Porygon2|26/100 psn|[from] psn
|upkeep
|turn|10
|
|t:|1769321545
|move|p1a: Porygon2|Recover|p1a: Porygon2
|-heal|p1a: Porygon2|76/100 psn
|move|p2a: Glimmora|Power Gem|p1a: Porygon2
|-damage|p1a: Porygon2|57/100 psn
|
|-damage|p1a: Porygon2|45/100 psn|[from] psn
|upkeep
|turn|11
|
|t:|1769321563
|move|p1a: Porygon2|Thunderbolt|p2a: Glimmora
|-crit|p2a: Glimmora
|-damage|p2a: Glimmora|0 fnt
|faint|p2a: Glimmora
|
|-damage|p1a: Porygon2|33/100 psn|[from] psn
|upkeep
|
|t:|1769321570
|switch|p2a: Iron Thorns|Iron Thorns|100/100
|turn|12
|
|t:|1769321577
|move|p2a: Iron Thorns|Dragon Dance|p2a: Iron Thorns
|-boost|p2a: Iron Thorns|atk|1
|-boost|p2a: Iron Thorns|spe|1
|move|p1a: Porygon2|Recover|p1a: Porygon2
|-heal|p1a: Porygon2|83/100 psn
|
|-damage|p1a: Porygon2|70/100 psn|[from] psn
|upkeep
|turn|13
|
|t:|1769321591
|move|p2a: Iron Thorns|Dragon Dance|p2a: Iron Thorns
|-boost|p2a: Iron Thorns|atk|1
|-boost|p2a: Iron Thorns|spe|1
|move|p1a: Porygon2|Ice Beam|p2a: Iron Thorns
|-damage|p2a: Iron Thorns|76/100
|
|-damage|p1a: Porygon2|58/100 psn|[from] psn
|upkeep
|turn|14
|
|t:|1769321604
|move|p2a: Iron Thorns|Earthquake|p1a: Porygon2
|-damage|p1a: Porygon2|4/100 psn
|-activate|p1a: Porygon2|ability: Toxic Debris
|-sidestart|p2: Cour3tro|move: Toxic Spikes
|move|p1a: Porygon2|Recover|p1a: Porygon2
|-heal|p1a: Porygon2|54/100 psn
|
|-damage|p1a: Porygon2|42/100 psn|[from] psn
|upkeep
|turn|15
|
|t:|1769321614
|move|p2a: Iron Thorns|Rock Blast|p1a: Porygon2
|-damage|p1a: Porygon2|22/100 psn
|-activate|p1a: Porygon2|ability: Toxic Debris
|-sidestart|p2: Cour3tro|move: Toxic Spikes
|-damage|p1a: Porygon2|2/100 psn
|-hitcount|p1a: Porygon2|2
|move|p1a: Porygon2|Ice Beam|p2a: Iron Thorns
|-damage|p2a: Iron Thorns|51/100
|
|-damage|p1a: Porygon2|0 fnt|[from] psn
|faint|p1a: Porygon2
|upkeep
|
|t:|1769321629
|switch|p1a: Pecharunt|Pecharunt|100/100
|turn|16
|
|t:|1769321638
|move|p2a: Iron Thorns|Earthquake|p1a: Pecharunt
|-supereffective|p1a: Pecharunt
|-damage|p1a: Pecharunt|27/100
|move|p1a: Pecharunt|Foul Play|p2a: Iron Thorns
|-damage|p2a: Iron Thorns|0 fnt
|faint|p2a: Iron Thorns
|-end|p2a: Iron Thorns|Quark Drive|[silent]
|
|upkeep
|
|t:|1769321661
|switch|p2a: Zapdos|Zapdos-Galar|100/100
|turn|17
|
|t:|1769321666
|move|p2a: Zapdos|Drill Peck|p1a: Pecharunt
|-damage|p1a: Pecharunt|0 fnt
|faint|p1a: Pecharunt
|
|upkeep
|
|t:|1769321684
|switch|p1a: Dragonite|Dragonite, M|100/100
|turn|18
|
|t:|1769321697
|switch|p2a: Vaporeon|Vaporeon, F|100/100
|-status|p2a: Vaporeon|tox
|move|p1a: Dragonite|Dragon Dance|p1a: Dragonite
|-boost|p1a: Dragonite|atk|1
|-boost|p1a: Dragonite|spe|1
|
|-damage|p2a: Vaporeon|94/100 tox|[from] psn
|upkeep
|turn|19
|
|t:|1769321704
|-terastallize|p1a: Dragonite|Normal
|move|p1a: Dragonite|Dragon Dance|p1a: Dragonite
|-boost|p1a: Dragonite|atk|1
|-boost|p1a: Dragonite|spe|1
|move|p2a: Vaporeon|Ice Beam|p1a: Dragonite
|-damage|p1a: Dragonite|90/100
|
|-heal|p2a: Vaporeon|100/100 tox|[from] item: Leftovers
|-damage|p2a: Vaporeon|88/100 tox|[from] psn
|upkeep
|turn|20
|
|t:|1769321719
|switch|p2a: Polteageist|Polteageist|100/100
|-status|p2a: Polteageist|tox
|move|p1a: Dragonite|Dragon Dance|p1a: Dragonite
|-boost|p1a: Dragonite|atk|1
|-boost|p1a: Dragonite|spe|1
|
|-damage|p2a: Polteageist|94/100 tox|[from] psn
|upkeep
|turn|21
|
|t:|1769321729
|move|p1a: Dragonite|Earthquake|p2a: Polteageist
|-damage|p2a: Polteageist|0 fnt
|faint|p2a: Polteageist
|
|upkeep
|
|t:|1769321736
|switch|p2a: Zapdos|Zapdos-Galar|100/100
|turn|22
|
|t:|1769321743
|move|p1a: Dragonite|Ice Spinner|p2a: Zapdos
|-supereffective|p2a: Zapdos
|-damage|p2a: Zapdos|0 fnt
|faint|p2a: Zapdos
|
|upkeep
|-message|Cour3tro forfeited.
|
|win|Banixito
|raw|Banixito's rating: 1196 &rarr; <strong>1220</strong><br />(+24 for winning)
|raw|Cour3tro's rating: 1176 &rarr; <strong>1152</strong><br />(-24 for losing)
|l|☆Cour3tro
|player|p2|
|l|☆Banixito
|player|p1|
