|j|☆BeachLeak
|j|☆The_Powerz
|t:|1769305546
|gametype|singles
|player|p1|BeachLeak|archer|1494
|player|p2|The_Powerz|2|1520
|gen|9
|tier|[Gen 9] OU
|rated|
|rule|HP Percentage Mod: HP is shown in percentages
|rule|Endless Battle Clause: Forcing endless battles is banned
|rule|Species Clause: Limit one of each Pokémon
|rule|OHKO Clause: OHKO moves are banned
|rule|Evasion Items Clause: Evasion items are banned
|rule|Evasion Moves Clause: Evasion moves are banned
|rule|Evasion Abilities Clause: Evasion abilities are banned
|rule|Sleep Moves Clause: Sleep-inducing moves are banned
|clearpoke
|poke|p1|Salamence, M|
|poke|p1|Tyranitar, M|
|poke|p1|Excadrill, F|
|poke|p1|Iron Crown|
|poke|p1|Azumarill, F|
|poke|p1|Zamazenta-*|
|poke|p2|Tinkaton, F|
|poke|p2|Ogerpon, F|
|poke|p2|Great Tusk|
|poke|p2|Pecharunt|
|poke|p2|Alomomola, M|
|poke|p2|Hydreigon, M|
|teampreview
|
|t:|1769305571
|teamsize|p1|6
|teamsize|p2|6
|start
|switch|p1a: Double Whammy|Iron Crown|100/100
|switch|p2a: Anonymous|Ogerpon, F|100/100
|turn|1
|
|t:|1769305591
|move|p1a: Double Whammy|Volt Switch|p2a: Anonymous
|-resisted|p2a: Anonymous
|-damage|p2a: Anonymous|86/100
|inactive|Battle timer is ON: inactive players will automatically lose when time's up. (requested by BeachLeak)
|
|t:|1769305605
|-end|p1a: Double Whammy|Quark Drive|[silent]
|switch|p1a: fakemink|Zamazenta, shiny|100/100|[from] Volt Switch
|-ability|p1a: fakemink|Dauntless Shield|boost
|-boost|p1a: fakemink|def|1
|move|p2a: Anonymous|Knock Off|p1a: fakemink
|-resisted|p1a: fakemink
|-damage|p1a: fakemink|85/100
|-enditem|p1a: fakemink|Life Orb|[from] move: Knock Off|[of] p2a: Anonymous
|
|upkeep
|turn|2
|
|t:|1769305612
|switch|p2a: Overseer|Pecharunt|100/100
|move|p1a: fakemink|Crunch|p2a: Overseer
|-supereffective|p2a: Overseer
|-damage|p2a: Overseer|76/100
|-unboost|p2a: Overseer|def|1
|-damage|p1a: fakemink|68/100|[from] item: Rocky Helmet|[of] p2a: Overseer
|
|upkeep
|turn|3
|
|t:|1769305620
|switch|p1a: Excadrill|Excadrill, F|100/100
|-item|p1a: Excadrill|Air Balloon
|move|p2a: Overseer|Parting Shot|p1a: Excadrill
|-unboost|p1a: Excadrill|atk|1
|-unboost|p1a: Excadrill|spa|1
|
|t:|1769305625
|switch|p2a: Pisces|Alomomola, M, shiny|100/100|[from] Parting Shot
|
|upkeep
|turn|4
|
|t:|1769305638
|switch|p1a: Crush|Salamence, M, shiny|100/100
|-ability|p1a: Crush|Intimidate|boost
|-unboost|p2a: Pisces|atk|1
|move|p2a: Pisces|Flip Turn|p1a: Crush
|-resisted|p1a: Crush
|-damage|p1a: Crush|94/100
|
|t:|1769305649
|switch|p2a: Smile.exe|Tinkaton, F, shiny|100/100|[from] Flip Turn
|-item|p2a: Smile.exe|Air Balloon
|
|upkeep
|turn|5
|
|t:|1769305662
|move|p1a: Crush|Fire Blast|p2a: Smile.exe
|-supereffective|p2a: Smile.exe
|-damage|p2a: Smile.exe|1/100
|-enditem|p2a: Smile.exe|Air Balloon
|move|p2a: Smile.exe|Stealth Rock|p1a: Crush
|-sidestart|p1: BeachLeak|move: Stealth Rock
|
|upkeep
|turn|6
|
|t:|1769305687
|switch|p2a: Pisces|Alomomola, M, shiny|100/100
|move|p1a: Crush|Fire Blast|p2a: Pisces
|-resisted|p2a: Pisces
|-damage|p2a: Pisces|88/100
|
|upkeep
|turn|7
|
|t:|1769305707
|switch|p1a: sniffany|Azumarill, F, shiny|100/100
|-damage|p1a: sniffany|88/100|[from] Stealth Rock
|move|p2a: Pisces|Flip Turn|p1a: sniffany
|-resisted|p1a: sniffany
|-damage|p1a: sniffany|79/100
|
|t:|1769305709
|switch|p2a: Anonymous|Ogerpon, F|86/100|[from] Flip Turn
|
|upkeep
|turn|8
|
|t:|1769305724
|move|p2a: Anonymous|Ivy Cudgel|p1a: sniffany
|-supereffective|p1a: sniffany
|-damage|p1a: sniffany|0 fnt
|faint|p1a: sniffany
|
|upkeep
|
|t:|1769305730
|switch|p1a: Double Whammy|Iron Crown|100/100
|-damage|p1a: Double Whammy|94/100|[from] Stealth Rock
|turn|9
|
|t:|1769305734
|switch|p2a: Pisces|Alomomola, M, shiny|100/100
|move|p1a: Double Whammy|Volt Switch|p2a: Pisces
|-supereffective|p2a: Pisces
|-damage|p2a: Pisces|79/100
|
|t:|1769305736
|-end|p1a: Double Whammy|Quark Drive|[silent]
|switch|p1a: Crush|Salamence, M, shiny|94/100|[from] Volt Switch
|-damage|p1a: Crush|69/100|[from] Stealth Rock
|-ability|p1a: Crush|Intimidate|boost
|-unboost|p2a: Pisces|atk|1
|
|upkeep
|turn|10
|
|t:|1769305739
|move|p1a: Crush|Draco Meteor|p2a: Pisces
|-damage|p2a: Pisces|36/100
|-unboost|p1a: Crush|spa|2
|move|p2a: Pisces|Flip Turn|p1a: Crush
|-resisted|p1a: Crush
|-damage|p1a: Crush|63/100
|
|t:|1769305748
|switch|p2a: Smile.exe|Tinkaton, F, shiny|1/100|[from] Flip Turn
|
|upkeep
|turn|11
|
|t:|1769305752
|switch|p1a: Excadrill|Excadrill, F|100/100
|-damage|p1a: Excadrill|97/100|[from] Stealth Rock
|-item|p1a: Excadrill|Air Balloon
|move|p2a: Smile.exe|Gigaton Hammer|p1a: Excadrill
|-resisted|p1a: Excadrill
|-damage|p1a: Excadrill|59/100
|-enditem|p1a: Excadrill|Air Balloon
|
|upkeep
|turn|12
|
|t:|1769305758
|switch|p2a: Behemoth|Great Tusk, shiny|100/100
|move|p1a: Excadrill|Earthquake|p2a: Behemoth
|-damage|p2a: Behemoth|63/100
|
|upkeep
|turn|13
|
|t:|1769305765
|switch|p1a: Crush|Salamence, M, shiny|63/100
|-damage|p1a: Crush|38/100|[from] Stealth Rock
|-ability|p1a: Crush|Intimidate|boost
|-unboost|p2a: Behemoth|atk|1
|move|p2a: Behemoth|Headlong Rush|p1a: Crush
|-immune|p1a: Crush
|
|upkeep
|turn|14
|
|t:|1769305775
|-end|p2a: Behemoth|Protosynthesis|[silent]
|switch|p2a: Pisces|Alomomola, M, shiny|69/100
|move|p1a: Crush|Air Slash|p2a: Pisces
|-damage|p2a: Pisces|43/100
|
|upkeep
|turn|15
|
|t:|1769305780
|move|p1a: Crush|Air Slash|p2a: Pisces
|-damage|p2a: Pisces|16/100
|cant|p2a: Pisces|flinch
|
|upkeep
|turn|16
|
|t:|1769305787
|switch|p2a: Smile.exe|Tinkaton, F, shiny|1/100
|move|p1a: Crush|Air Slash|p2a: Smile.exe
|-resisted|p2a: Smile.exe
|-damage|p2a: Smile.exe|0 fnt
|faint|p2a: Smile.exe
|
|upkeep
|
|t:|1769305803
|switch|p2a: Pisces|Alomomola, M, shiny|49/100
|turn|17
|
|t:|1769305808
|switch|p1a: Double Whammy|Iron Crown|94/100
|-damage|p1a: Double Whammy|88/100|[from] Stealth Rock
|move|p2a: Pisces|Play Rough|p1a: Double Whammy
|-resisted|p1a: Double Whammy
|-damage|p1a: Double Whammy|80/100
|-unboost|p1a: Double Whammy|atk|1
|
|upkeep
|turn|18
|
|t:|1769305815
|switch|p2a: Hybrid|Hydreigon, M, shiny|100/100
|move|p1a: Double Whammy|Psychic Noise|p2a: Hybrid
|-immune|p2a: Hybrid
|
|upkeep
|turn|19
|
|t:|1769305825
|-end|p1a: Double Whammy|Quark Drive|[silent]
|switch|p1a: Tris|Tyranitar, M, shiny|100/100
|-damage|p1a: Tris|88/100|[from] Stealth Rock
|-weather|Sandstorm|[from] ability: Sand Stream|[of] p1a: Tris
|move|p2a: Hybrid|Flash Cannon|p1a: Tris
|-supereffective|p1a: Tris
|-damage|p1a: Tris|36/100
|
|-weather|Sandstorm|[upkeep]
|-damage|p2a: Hybrid|94/100|[from] Sandstorm
|upkeep
|turn|20
|
|t:|1769305842
|switch|p1a: fakemink|Zamazenta, shiny|68/100
|-damage|p1a: fakemink|62/100|[from] Stealth Rock
|move|p2a: Hybrid|Flash Cannon|p1a: fakemink
|-damage|p1a: fakemink|24/100
|
|-weather|Sandstorm|[upkeep]
|-damage|p1a: fakemink|18/100|[from] Sandstorm
|-damage|p2a: Hybrid|88/100|[from] Sandstorm
|upkeep
|turn|21
|
|t:|1769305850
|switch|p2a: Overseer|Pecharunt|76/100
|move|p1a: fakemink|Crunch|p2a: Overseer
|-supereffective|p2a: Overseer
|-damage|p2a: Overseer|54/100
|-damage|p1a: fakemink|1/100|[from] item: Rocky Helmet|[of] p2a: Overseer
|
|-weather|Sandstorm|[upkeep]
|-damage|p1a: fakemink|0 fnt|[from] Sandstorm
|-damage|p2a: Overseer|47/100|[from] Sandstorm
|faint|p1a: fakemink
|upkeep
|
|t:|1769305854
|switch|p1a: Excadrill|Excadrill, F|59/100
|-damage|p1a: Excadrill|56/100|[from] Stealth Rock
|turn|22
|
|t:|1769305862
|move|p1a: Excadrill|Earthquake|p2a: Overseer
|-supereffective|p2a: Overseer
|-damage|p2a: Overseer|0 fnt
|faint|p2a: Overseer
|
|-weather|Sandstorm|[upkeep]
|upkeep
|
|t:|1769305871
|switch|p2a: Behemoth|Great Tusk, shiny|63/100
|turn|23
|
|t:|1769305879
|move|p1a: Excadrill|Rapid Spin|p2a: Behemoth
|-damage|p2a: Behemoth|50/100
|-boost|p1a: Excadrill|spe|1
|-sideend|p1: BeachLeak|Stealth Rock|[from] move: Rapid Spin|[of] p1a: Excadrill
|move|p2a: Behemoth|Close Combat|p1a: Excadrill
|-supereffective|p1a: Excadrill
|-damage|p1a: Excadrill|0 fnt
|-unboost|p2a: Behemoth|def|1
|-unboost|p2a: Behemoth|spd|1
|faint|p1a: Excadrill
|
|-weather|none
|upkeep
|
|t:|1769305888
|switch|p1a: Crush|Salamence, M, shiny|38/100
|-ability|p1a: Crush|Intimidate|boost
|-unboost|p2a: Behemoth|atk|1
|turn|24
|
|t:|1769305893
|-end|p2a: Behemoth|Protosynthesis|[silent]
|switch|p2a: Pisces|Alomomola, M, shiny|82/100
|move|p1a: Crush|Draco Meteor|p2a: Pisces
|-damage|p2a: Pisces|39/100
|-unboost|p1a: Crush|spa|2
|
|upkeep
|turn|25
|
|t:|1769305899
|switch|p1a: Double Whammy|Iron Crown|80/100
|move|p2a: Pisces|Flip Turn|p1a: Double Whammy
|-damage|p1a: Double Whammy|61/100
|
|t:|1769305910
|switch|p2a: Anonymous|Ogerpon, F|86/100|[from] Flip Turn
|
|upkeep
|turn|26
|
|t:|1769305915
|-terastallize|p2a: Anonymous|Grass
|detailschange|p2a: Anonymous|Ogerpon-Teal-Tera, F, tera:Grass
|-ability|p2a: Anonymous|Embody Aspect (Teal)|boost
|-boost|p2a: Anonymous|spe|1
|move|p2a: Anonymous|Knock Off|p1a: Double Whammy
|-supereffective|p1a: Double Whammy
|-damage|p1a: Double Whammy|0 fnt
|-enditem|p1a: Double Whammy|Choice Scarf|[from] move: Knock Off|[of] p2a: Anonymous
|faint|p1a: Double Whammy
|-end|p1a: Double Whammy|Quark Drive|[silent]
|
|upkeep
|
|t:|1769305921
|switch|p1a: Tris|Tyranitar, M, shiny|36/100
|-weather|Sandstorm|[from] ability: Sand Stream|[of] p1a: Tris
|turn|27
|
|t:|1769305934
|switch|p2a: Hybrid|Hydreigon, M, shiny|88/100
|-terastallize|p1a: Tris|Bug
|move|p1a: Tris|Ice Punch|p2a: Hybrid
|-supereffective|p2a: Hybrid
|-damage|p2a: Hybrid|0 fnt
|faint|p2a: Hybrid
|
|-weather|Sandstorm|[upkeep]
|-damage|p1a: Tris|30/100|[from] Sandstorm
|upkeep
|
|t:|1769305947
|switch|p2a: Anonymous|Ogerpon-Teal-Tera, F, tera:Grass|86/100
|-ability|p2a: Anonymous|Embody Aspect (Teal)|boost
|-boost|p2a: Anonymous|spe|1
|turn|28
|
|t:|1769305952
|move|p2a: Anonymous|Rock Tomb|p1a: Tris
|-supereffective|p1a: Tris
|-damage|p1a: Tris|0 fnt
|faint|p1a: Tris
|
|-weather|Sandstorm|[upkeep]
|-damage|p2a: Anonymous|80/100|[from] Sandstorm
|upkeep
|
|t:|1769305955
|switch|p1a: Crush|Salamence, M, shiny|38/100
|-ability|p1a: Crush|Intimidate|boost
|-unboost|p2a: Anonymous|atk|1
|turn|29
|
|t:|1769305963
|move|p2a: Anonymous|Rock Tomb|p1a: Crush
|-supereffective|p1a: Crush
|-damage|p1a: Crush|0 fnt
|faint|p1a: Crush
|
|win|The_Powerz
|raw|BeachLeak's rating: 1513 &rarr; <strong>1493</strong><br />(-20 for losing)
|raw|The_Powerz's rating: 1520 &rarr; <strong>1540</strong><br />(+20 for winning)
|l|☆BeachLeak
|player|p1|
