|j|‽Ndjdjfndkd
|j|☆testthoitestthoi2
|t:|1769418511
|gametype|singles
|player|p1|Ndjdjfndkd|lucian|1223
|player|p2|testthoitestthoi2|266|1228
|gen|9
|tier|[Gen 9] OU
|rated|
|rule|HP Percentage Mod: HP is shown in percentages
|rule|Endless Battle Clause: Forcing endless battles is banned
|rule|Species Clause: Limit one of each Pokémon
|rule|OHKO Clause: OHKO moves are banned
|rule|Evasion Items Clause: Evasion items are banned
|rule|Evasion Moves Clause: Evasion moves are banned
|rule|Evasion Abilities Clause: Evasion abilities are banned
|rule|Sleep Moves Clause: Sleep-inducing moves are banned
|clearpoke
|poke|p1|Orthworm, F|
|poke|p1|Clodsire, F|
|poke|p1|Pecharunt|
|poke|p1|Great Tusk|
|poke|p1|Slowking, F|
|poke|p1|Weavile, F|
|poke|p2|Iron Valiant|
|poke|p2|Excadrill, M|
|poke|p2|Tyranitar, M|
|poke|p2|Tornadus-Therian, M|
|poke|p2|Ogerpon-Cornerstone, F|
|poke|p2|Toxapex, M|
|teampreview
|inactive|Battle timer is ON: inactive players will automatically lose when time's up. (requested by Ndjdjfndkd)
|
|t:|1769418526
|teamsize|p1|6
|teamsize|p2|6
|start
|switch|p1a: Orthworm|Orthworm, F, shiny|100/100
|switch|p2a: Tyranitar|Tyranitar, M|100/100
|-weather|Sandstorm|[from] ability: Sand Stream|[of] p2a: Tyranitar
|turn|1
|
|t:|1769418536
|move|p2a: Tyranitar|Low Kick|p1a: Orthworm
|-supereffective|p1a: Orthworm
|-damage|p1a: Orthworm|47/100
|-damage|p2a: Tyranitar|84/100|[from] item: Rocky Helmet|[of] p1a: Orthworm
|move|p1a: Orthworm|Iron Defense|p1a: Orthworm
|-boost|p1a: Orthworm|def|2
|
|-weather|Sandstorm|[upkeep]
|upkeep
|turn|2
|
|t:|1769418546
|move|p2a: Tyranitar|Knock Off|p1a: Orthworm
|-damage|p1a: Orthworm|32/100
|-damage|p2a: Tyranitar|68/100|[from] item: Rocky Helmet|[of] p1a: Orthworm
|-enditem|p1a: Orthworm|Rocky Helmet|[from] move: Knock Off|[of] p2a: Tyranitar
|move|p1a: Orthworm|Body Press|p2a: Tyranitar
|-supereffective|p2a: Tyranitar
|-damage|p2a: Tyranitar|0 fnt
|faint|p2a: Tyranitar
|
|-weather|Sandstorm|[upkeep]
|upkeep
|
|t:|1769418563
|switch|p2a: Excadrill|Excadrill, M|100/100
|turn|3
|
|t:|1769418567
|move|p2a: Excadrill|Earthquake|p1a: Orthworm
|-heal|p1a: Orthworm|57/100|[from] ability: Earth Eater|[of] p2a: Excadrill
|move|p1a: Orthworm|Spikes|p2a: Excadrill
|-sidestart|p2: testthoitestthoi2|Spikes
|
|-weather|Sandstorm|[upkeep]
|upkeep
|turn|4
|
|t:|1769418577
|switch|p2a: Iron Valiant|Iron Valiant|100/100
|-damage|p2a: Iron Valiant|88/100|[from] Spikes
|move|p1a: Orthworm|Spikes|p2a: Iron Valiant
|-sidestart|p2: testthoitestthoi2|Spikes
|
|-weather|Sandstorm|[upkeep]
|-damage|p2a: Iron Valiant|82/100|[from] Sandstorm
|upkeep
|turn|5
|
|t:|1769418586
|switch|p1a: Pecharunt|Pecharunt|100/100
|move|p2a: Iron Valiant|Vacuum Wave|p1a: Pecharunt
|-immune|p1a: Pecharunt
|
|-weather|Sandstorm|[upkeep]
|-damage|p2a: Iron Valiant|76/100|[from] Sandstorm
|-damage|p1a: Pecharunt|94/100|[from] Sandstorm
|upkeep
|turn|6
|-message|testthoitestthoi2 forfeited.
|
|win|Ndjdjfndkd
|raw|Ndjdjfndkd's rating: 1223 &rarr; <strong>1248</strong><br />(+25 for winning)
|raw|testthoitestthoi2's rating: 1228 &rarr; <strong>1203</strong><br />(-25 for losing)
|l|☆testthoitestthoi2
|player|p2|
|l|‽Ndjdjfndkd
|player|p1|
