|j|☆Lumina2531660013
|j|☆cycyrobotv
|t:|1769333722
|gametype|singles
|player|p1|Lumina2531660013|steven|1140
|player|p2|cycyrobotv|265|1104
|gen|9
|tier|[Gen 9] OU
|rated|
|rule|HP Percentage Mod: HP is shown in percentages
|rule|Endless Battle Clause: Forcing endless battles is banned
|rule|Species Clause: Limit one of each Pokémon
|rule|OHKO Clause: OHKO moves are banned
|rule|Evasion Items Clause: Evasion items are banned
|rule|Evasion Moves Clause: Evasion moves are banned
|rule|Evasion Abilities Clause: Evasion abilities are banned
|rule|Sleep Moves Clause: Sleep-inducing moves are banned
|clearpoke
|poke|p1|Scizor, M|
|poke|p1|Hatterene, F|
|poke|p1|Azumarill, M|
|poke|p1|Skeledirge, M|
|poke|p1|Alomomola, F|
|poke|p1|Landorus-Therian, M|
|poke|p2|Yanmega, M|
|poke|p2|Moltres|
|poke|p2|Hawlucha, M|
|poke|p2|Great Tusk|
|poke|p2|Raging Bolt|
|poke|p2|Lokix, M|
|teampreview
|
|t:|1769333733
|teamsize|p1|6
|teamsize|p2|6
|start
|switch|p1a: Scizor|Scizor, M|100/100
|switch|p2a: ishmeal|Great Tusk|100/100
|turn|1
|
|t:|1769333739
|move|p2a: ishmeal|Stealth Rock|p1a: Scizor
|-sidestart|p1: Lumina2531660013|move: Stealth Rock
|move|p1a: Scizor|Knock Off|p2a: ishmeal
|-resisted|p2a: ishmeal
|-damage|p2a: ishmeal|88/100
|-enditem|p2a: ishmeal|Heavy-Duty Boots|[from] move: Knock Off|[of] p1a: Scizor
|
|upkeep
|turn|2
|
|t:|1769333755
|move|p2a: ishmeal|Rapid Spin|p1a: Scizor
|-resisted|p1a: Scizor
|-damage|p1a: Scizor|92/100
|-boost|p2a: ishmeal|spe|1
|move|p1a: Scizor|U-turn|p2a: ishmeal
|-resisted|p2a: ishmeal
|-damage|p2a: ishmeal|72/100
|
|t:|1769333766
|switch|p1a: Landorus|Landorus-Therian, M, shiny|100/100|[from] U-turn
|-damage|p1a: Landorus|88/100|[from] Stealth Rock
|-ability|p1a: Landorus|Intimidate|boost
|-unboost|p2a: ishmeal|atk|1
|
|upkeep
|turn|3
|
|t:|1769333778
|switch|p1a: Azumarill|Azumarill, M, shiny|100/100
|-damage|p1a: Azumarill|88/100|[from] Stealth Rock
|move|p2a: ishmeal|Ice Spinner|p1a: Azumarill
|-resisted|p1a: Azumarill
|-damage|p1a: Azumarill|79/100
|
|upkeep
|turn|4
|
|t:|1769333819
|-end|p2a: ishmeal|Protosynthesis|[silent]
|switch|p2a: the dark knight|Lokix, M|100/100
|move|p1a: Azumarill|Play Rough|p2a: the dark knight
|-supereffective|p2a: the dark knight
|-damage|p2a: the dark knight|0 fnt
|faint|p2a: the dark knight
|
|upkeep
|
|t:|1769333826
|switch|p2a: call it|Raging Bolt|100/100
|-enditem|p2a: call it|Booster Energy
|-activate|p2a: call it|ability: Protosynthesis|[fromitem]
|-start|p2a: call it|protosynthesisspa
|turn|5
|
|t:|1769333836
|switch|p1a: Landorus|Landorus-Therian, M, shiny|88/100
|-damage|p1a: Landorus|76/100|[from] Stealth Rock
|-ability|p1a: Landorus|Intimidate|boost
|-unboost|p2a: call it|atk|1
|move|p2a: call it|Thunderclap||[still]
|-fail|p2a: call it
|
|upkeep
|turn|6
|
|t:|1769333847
|move|p1a: Landorus|U-turn|p2a: call it
|-damage|p2a: call it|77/100
|
|t:|1769333850
|switch|p1a: Hatterene|Hatterene, F, shiny|100/100|[from] U-turn
|-damage|p1a: Hatterene|88/100|[from] Stealth Rock
|move|p2a: call it|Dragon Pulse|p1a: Hatterene
|-immune|p1a: Hatterene
|
|-heal|p1a: Hatterene|94/100|[from] item: Leftovers
|upkeep
|turn|7
|
|t:|1769333867
|move|p2a: call it|Thunderbolt|p1a: Hatterene
|-damage|p1a: Hatterene|21/100
|move|p1a: Hatterene|Dazzling Gleam|p2a: call it
|-supereffective|p2a: call it
|-damage|p2a: call it|0 fnt
|faint|p2a: call it
|-end|p2a: call it|Protosynthesis|[silent]
|
|-heal|p1a: Hatterene|27/100|[from] item: Leftovers
|upkeep
|
|t:|1769333871
|switch|p2a: the GOAT|Yanmega, M, shiny|100/100
|turn|8
|
|t:|1769333894
|switch|p1a: Skeledirge|Skeledirge, M|100/100
|-damage|p1a: Skeledirge|75/100|[from] Stealth Rock
|move|p2a: the GOAT|Bug Buzz|p1a: Skeledirge
|-resisted|p1a: Skeledirge
|-crit|p1a: Skeledirge
|-damage|p1a: Skeledirge|50/100
|-damage|p2a: the GOAT|91/100|[from] item: Life Orb
|
|-heal|p1a: Skeledirge|56/100|[from] item: Leftovers
|-ability|p2a: the GOAT|Speed Boost|boost
|-boost|p2a: the GOAT|spe|1
|upkeep
|turn|9
|
|t:|1769333907
|-terastallize|p2a: the GOAT|Ground
|move|p2a: the GOAT|Tera Blast|p1a: Skeledirge|[anim] Tera Blast Ground
|-supereffective|p1a: Skeledirge
|-damage|p1a: Skeledirge|0 fnt
|faint|p1a: Skeledirge
|-damage|p2a: the GOAT|81/100|[from] item: Life Orb
|
|-ability|p2a: the GOAT|Speed Boost|boost
|-boost|p2a: the GOAT|spe|1
|upkeep
|
|t:|1769333917
|switch|p1a: Alomomola|Alomomola, F|100/100
|-damage|p1a: Alomomola|88/100|[from] Stealth Rock
|turn|10
|
|t:|1769333922
|move|p2a: the GOAT|Protect|p2a: the GOAT
|-singleturn|p2a: the GOAT|Protect
|move|p1a: Alomomola|Mirror Coat||[still]
|-fail|p1a: Alomomola
|
|-heal|p1a: Alomomola|94/100|[from] item: Leftovers
|-ability|p2a: the GOAT|Speed Boost|boost
|-boost|p2a: the GOAT|spe|1
|upkeep
|turn|11
|
|t:|1769333943
|switch|p2a: ishmeal|Great Tusk|72/100
|move|p1a: Alomomola|Wish|p1a: Alomomola
|
|-heal|p1a: Alomomola|100/100|[from] item: Leftovers
|upkeep
|turn|12
|
|t:|1769333950
|move|p2a: ishmeal|Rapid Spin|p1a: Alomomola
|-damage|p1a: Alomomola|87/100
|-boost|p2a: ishmeal|spe|1
|move|p1a: Alomomola|Flip Turn|p2a: ishmeal
|-supereffective|p2a: ishmeal
|-damage|p2a: ishmeal|47/100
|
|t:|1769333965
|switch|p1a: Azumarill|Azumarill, M, shiny|79/100|[from] Flip Turn
|-damage|p1a: Azumarill|67/100|[from] Stealth Rock
|
|-heal|p1a: Azumarill|100/100|[from] move: Wish|[wisher] Alomomola
|upkeep
|turn|13
|
|t:|1769333973
|move|p2a: ishmeal|Headlong Rush|p1a: Azumarill
|-damage|p1a: Azumarill|35/100
|-unboost|p2a: ishmeal|def|1
|-unboost|p2a: ishmeal|spd|1
|move|p1a: Azumarill|Liquidation|p2a: ishmeal
|-supereffective|p2a: ishmeal
|-damage|p2a: ishmeal|0 fnt
|faint|p2a: ishmeal
|-end|p2a: ishmeal|Protosynthesis|[silent]
|
|upkeep
|
|t:|1769333980
|switch|p2a: the GOAT|Yanmega, M, shiny, tera:Ground|81/100
|turn|14
|
|t:|1769333990
|switch|p1a: Alomomola|Alomomola, F|100/100
|-damage|p1a: Alomomola|88/100|[from] Stealth Rock
|move|p2a: the GOAT|Air Slash|p1a: Alomomola
|-damage|p1a: Alomomola|52/100
|-damage|p2a: the GOAT|71/100|[from] item: Life Orb
|
|-heal|p1a: Alomomola|58/100|[from] item: Leftovers
|-ability|p2a: the GOAT|Speed Boost|boost
|-boost|p2a: the GOAT|spe|1
|upkeep
|turn|15
|
|t:|1769334002
|move|p2a: the GOAT|Air Slash|p1a: Alomomola
|-damage|p1a: Alomomola|22/100
|-damage|p2a: the GOAT|61/100|[from] item: Life Orb
|move|p1a: Alomomola|Wish|p1a: Alomomola
|
|-heal|p1a: Alomomola|28/100|[from] item: Leftovers
|-ability|p2a: the GOAT|Speed Boost|boost
|-boost|p2a: the GOAT|spe|1
|upkeep
|turn|16
|c|☆cycyrobotv|flinch
|c|☆cycyrobotv|aw
|c|☆cycyrobotv|bad game
|
|t:|1769334013
|move|p2a: the GOAT|Air Slash|p1a: Alomomola|[miss]
|-miss|p2a: the GOAT|p1a: Alomomola
|move|p1a: Alomomola|Flip Turn|p2a: the GOAT
|-supereffective|p2a: the GOAT
|-damage|p2a: the GOAT|18/100
|c|☆cycyrobotv|DUDE
|
|t:|1769334019
|switch|p1a: Hatterene|Hatterene, F, shiny|27/100|[from] Flip Turn
|-damage|p1a: Hatterene|15/100|[from] Stealth Rock
|
|-heal|p1a: Hatterene|99/100|[from] move: Wish|[wisher] Alomomola
|-heal|p1a: Hatterene|100/100|[from] item: Leftovers
|-ability|p2a: the GOAT|Speed Boost|boost
|-boost|p2a: the GOAT|spe|1
|upkeep
|turn|17
|
|t:|1769334061
|move|p2a: the GOAT|Bug Buzz|p1a: Hatterene
|-damage|p1a: Hatterene|41/100
|-damage|p2a: the GOAT|8/100|[from] item: Life Orb
|move|p1a: Hatterene|Trick Room|p1a: Hatterene
|-fieldstart|move: Trick Room|[of] p1a: Hatterene
|
|-heal|p1a: Hatterene|47/100|[from] item: Leftovers
|-ability|p2a: the GOAT|Speed Boost|boost
|-boost|p2a: the GOAT|spe|1
|upkeep
|turn|18
|
|t:|1769334074
|move|p2a: the GOAT|Protect|p2a: the GOAT
|-singleturn|p2a: the GOAT|Protect
|move|p1a: Hatterene|Psychic|p2a: the GOAT
|-activate|p2a: the GOAT|move: Protect
|
|-heal|p1a: Hatterene|53/100|[from] item: Leftovers
|-ability|p2a: the GOAT|Speed Boost|boost
|-boost|p2a: the GOAT|spe|1
|upkeep
|turn|19
|
|t:|1769334100
|move|p1a: Hatterene|Psychic|p2a: the GOAT
|-damage|p2a: the GOAT|0 fnt
|faint|p2a: the GOAT
|
|-heal|p1a: Hatterene|59/100|[from] item: Leftovers
|upkeep
|
|t:|1769334102
|switch|p2a: flamin wings|Moltres|100/100
|turn|20
|-message|cycyrobotv forfeited.
|
|win|Lumina2531660013
|raw|Lumina2531660013's rating: 1140 &rarr; <strong>1162</strong><br />(+22 for winning)
|raw|cycyrobotv's rating: 1104 &rarr; <strong>1082</strong><br />(-22 for losing)
|l|☆cycyrobotv
|player|p2|
|l|☆Lumina2531660013
|player|p1|
