|j|☆firered27
|j|☆ekd26
|t:|1769413895
|gametype|singles
|player|p1|firered27|169|1231
|player|p2|ekd26|1|1196
|gen|9
|tier|[Gen 9] OU
|rated|
|rule|HP Percentage Mod: HP is shown in percentages
|rule|Endless Battle Clause: Forcing endless battles is banned
|rule|Species Clause: Limit one of each Pokémon
|rule|OHKO Clause: OHKO moves are banned
|rule|Evasion Items Clause: Evasion items are banned
|rule|Evasion Moves Clause: Evasion moves are banned
|rule|Evasion Abilities Clause: Evasion abilities are banned
|rule|Sleep Moves Clause: Sleep-inducing moves are banned
|clearpoke
|poke|p1|Krookodile, M|
|poke|p1|Hatterene, F|
|poke|p1|Porygon2|
|poke|p1|Rotom-Wash|
|poke|p1|Conkeldurr, F|
|poke|p1|Scizor, F|
|poke|p2|Grimmsnarl, M|
|poke|p2|Iron Treads|
|poke|p2|Raging Bolt|
|poke|p2|Ogerpon-Wellspring, F|
|poke|p2|Ceruledge, M|
|poke|p2|Gholdengo|
|teampreview
|inactive|Battle timer is ON: inactive players will automatically lose when time's up. (requested by firered27)
|
|t:|1769413909
|teamsize|p1|6
|teamsize|p2|6
|start
|switch|p1a: Krookodile|Krookodile, M|100/100
|switch|p2a: Grimmsnarl|Grimmsnarl, M, shiny|100/100
|-ability|p1a: Krookodile|Intimidate|boost
|-unboost|p2a: Grimmsnarl|atk|1
|turn|1
|
|t:|1769413919
|move|p2a: Grimmsnarl|Reflect|p2a: Grimmsnarl
|-sidestart|p2: ekd26|Reflect
|move|p1a: Krookodile|Stealth Rock|p2a: Grimmsnarl
|-sidestart|p2: ekd26|move: Stealth Rock
|
|upkeep
|turn|2
|
|t:|1769413937
|switch|p1a: Hatterene|Hatterene, F|100/100
|move|p2a: Grimmsnarl|Taunt|p1a: Hatterene
|move|p1a: Hatterene|Taunt|p2a: Grimmsnarl|[from] ability: Magic Bounce
|-start|p2a: Grimmsnarl|move: Taunt
|
|upkeep
|turn|3
|
|t:|1769413965
|switch|p2a: Gholdengo|Gholdengo|100/100
|-damage|p2a: Gholdengo|94/100|[from] Stealth Rock
|move|p1a: Hatterene|Trick Room|p1a: Hatterene
|-fieldstart|move: Trick Room|[of] p1a: Hatterene
|
|upkeep
|turn|4
|inactive|ekd26 has 120 seconds left.
|
|t:|1769413988
|-terastallize|p1a: Hatterene|Fire
|move|p1a: Hatterene|Psychic Noise|p2a: Gholdengo
|-resisted|p2a: Gholdengo
|-damage|p2a: Gholdengo|67/100
|-start|p2a: Gholdengo|move: Heal Block
|-enditem|p1a: Hatterene|Throat Spray
|-boost|p1a: Hatterene|spa|1|[from] item: Throat Spray
|move|p2a: Gholdengo|Dazzling Gleam|p1a: Hatterene
|-resisted|p1a: Hatterene
|-damage|p1a: Hatterene|78/100
|
|upkeep
|turn|5
|inactive|ekd26 has 120 seconds left.
|
|t:|1769413999
|move|p1a: Hatterene|Mystical Fire|p2a: Gholdengo
|-supereffective|p2a: Gholdengo
|-damage|p2a: Gholdengo|0 fnt
|faint|p2a: Gholdengo
|
|upkeep
|inactive|ekd26 has 120 seconds left.
|
|t:|1769414005
|switch|p2a: Ogerpon|Ogerpon-Wellspring, F|100/100
|-damage|p2a: Ogerpon|88/100|[from] Stealth Rock
|turn|6
|
|t:|1769414020
|move|p1a: Hatterene|Psychic Noise|p2a: Ogerpon
|-damage|p2a: Ogerpon|12/100
|-start|p2a: Ogerpon|move: Heal Block
|move|p2a: Ogerpon|Trailblaze|p1a: Hatterene
|-resisted|p1a: Hatterene
|-damage|p1a: Hatterene|61/100
|-boost|p2a: Ogerpon|spe|1
|
|upkeep
|turn|7
|
|t:|1769414028
|move|p1a: Hatterene|Draining Kiss|p2a: Ogerpon
|-damage|p2a: Ogerpon|0 fnt
|-heal|p1a: Hatterene|69/100|[from] drain|[of] p2a: Ogerpon
|faint|p2a: Ogerpon
|
|-fieldend|move: Trick Room
|upkeep
|
|t:|1769414040
|switch|p2a: Raging Bolt|Raging Bolt|100/100
|-damage|p2a: Raging Bolt|88/100|[from] Stealth Rock
|-enditem|p2a: Raging Bolt|Booster Energy
|-activate|p2a: Raging Bolt|ability: Protosynthesis|[fromitem]
|-start|p2a: Raging Bolt|protosynthesisspa
|turn|8
|
|t:|1769414047
|move|p2a: Raging Bolt|Calm Mind|p2a: Raging Bolt
|-boost|p2a: Raging Bolt|spa|1
|-boost|p2a: Raging Bolt|spd|1
|move|p1a: Hatterene|Trick Room|p1a: Hatterene
|-fieldstart|move: Trick Room|[of] p1a: Hatterene
|
|-sideend|p2: ekd26|Reflect
|upkeep
|turn|9
|
|t:|1769414054
|-terastallize|p2a: Raging Bolt|Flying
|move|p1a: Hatterene|Draining Kiss|p2a: Raging Bolt
|-crit|p2a: Raging Bolt
|-damage|p2a: Raging Bolt|26/100
|-heal|p1a: Hatterene|100/100|[from] drain|[of] p2a: Raging Bolt
|move|p2a: Raging Bolt|Thunderbolt|p1a: Hatterene
|-damage|p1a: Hatterene|0 fnt
|faint|p1a: Hatterene
|
|upkeep
|
|t:|1769414070
|switch|p1a: Conkeldurr|Conkeldurr, F|100/100
|turn|10
|
|t:|1769414084
|-end|p2a: Raging Bolt|Protosynthesis|[silent]
|switch|p2a: Ceruledge|Ceruledge, M, shiny|100/100
|-damage|p2a: Ceruledge|76/100|[from] Stealth Rock
|move|p1a: Conkeldurr|Facade|p2a: Ceruledge
|-immune|p2a: Ceruledge
|
|-status|p1a: Conkeldurr|brn|[from] item: Flame Orb
|upkeep
|turn|11
|
|t:|1769414100
|move|p1a: Conkeldurr|Knock Off|p2a: Ceruledge
|-supereffective|p2a: Ceruledge
|-damage|p2a: Ceruledge|0 fnt
|-enditem|p2a: Ceruledge|Life Orb|[from] move: Knock Off|[of] p1a: Conkeldurr
|faint|p2a: Ceruledge
|
|-damage|p1a: Conkeldurr|94/100 brn|[from] brn
|upkeep
|
|t:|1769414106
|switch|p2a: Grimmsnarl|Grimmsnarl, M, shiny|100/100
|-damage|p2a: Grimmsnarl|88/100|[from] Stealth Rock
|turn|12
|
|t:|1769414112
|move|p2a: Grimmsnarl|Light Screen|p2a: Grimmsnarl
|-sidestart|p2: ekd26|move: Light Screen
|move|p1a: Conkeldurr|Facade|p2a: Grimmsnarl
|-damage|p2a: Grimmsnarl|0 fnt
|faint|p2a: Grimmsnarl
|
|-damage|p1a: Conkeldurr|88/100 brn|[from] brn
|-fieldend|move: Trick Room
|upkeep
|
|t:|1769414114
|switch|p2a: Raging Bolt|Raging Bolt, tera:Flying|26/100
|-damage|p2a: Raging Bolt|1/100|[from] Stealth Rock
|turn|13
|
|t:|1769414124
|move|p1a: Conkeldurr|Mach Punch|p2a: Raging Bolt
|-resisted|p2a: Raging Bolt
|-damage|p2a: Raging Bolt|0 fnt
|faint|p2a: Raging Bolt
|-end|p2a: Raging Bolt|Protosynthesis|[silent]
|
|-damage|p1a: Conkeldurr|82/100 brn|[from] brn
|upkeep
|l|☆ekd26
|inactive|ekd26 disconnected and has a minute to reconnect!
|player|p2|
|inactive|ekd26 has 30 seconds to reconnect!
|inactive|ekd26 has 20 seconds to reconnect!
|inactive|ekd26 has 15 seconds to reconnect!
|inactive|ekd26 has 10 seconds to reconnect!
|inactive|ekd26 has 5 seconds to reconnect!
|-message|ekd26 lost due to inactivity.
|
|win|firered27
|raw|firered27's rating: 1231 &rarr; <strong>1253</strong><br />(+22 for winning)
|raw|ekd26's rating: 1196 &rarr; <strong>1174</strong><br />(-22 for losing)
