|j|☆astridXoom
|j|☆ShadowFerretofD00M
|t:|1769292453
|gametype|singles
|player|p1|astridXoom|nurse|1473
|player|p2|ShadowFerretofD00M|unknown|1530
|gen|9
|tier|[Gen 9] OU
|rated|
|rule|HP Percentage Mod: HP is shown in percentages
|rule|Endless Battle Clause: Forcing endless battles is banned
|rule|Species Clause: Limit one of each Pokémon
|rule|OHKO Clause: OHKO moves are banned
|rule|Evasion Items Clause: Evasion items are banned
|rule|Evasion Moves Clause: Evasion moves are banned
|rule|Evasion Abilities Clause: Evasion abilities are banned
|rule|Sleep Moves Clause: Sleep-inducing moves are banned
|clearpoke
|poke|p1|Samurott-Hisui, F|
|poke|p1|Iron Valiant|
|poke|p1|Pecharunt|
|poke|p1|Reuniclus, F|
|poke|p1|Darkrai|
|poke|p1|Kingambit, F|
|poke|p2|Torterra, F|
|poke|p2|Dragapult, M|
|poke|p2|Samurott-Hisui, F|
|poke|p2|Iron Valiant|
|poke|p2|Kingambit, M|
|poke|p2|Gholdengo|
|teampreview
|inactive|Battle timer is ON: inactive players will automatically lose when time's up. (requested by ShadowFerretofD00M)
|c|☆ShadowFerretofD00M|glhf
|c|☆astridXoom|u2
|
|t:|1769292466
|teamsize|p1|6
|teamsize|p2|6
|start
|switch|p1a: Samurott|Samurott-Hisui, F|100/100
|switch|p2a: Dragapult|Dragapult, M|100/100
|turn|1
|
|t:|1769292469
|move|p2a: Dragapult|Reflect|p2a: Dragapult
|-sidestart|p2: ShadowFerretofD00M|Reflect
|move|p1a: Samurott|Ceaseless Edge|p2a: Dragapult
|-supereffective|p2a: Dragapult
|-damage|p2a: Dragapult|44/100
|-start|p1a: Samurott|Disable|Ceaseless Edge|[from] ability: Cursed Body|[of] p2a: Dragapult
|-sidestart|p2: ShadowFerretofD00M|Spikes
|
|upkeep
|turn|2
|
|t:|1769292487
|switch|p1a: Pecharunt|Pecharunt|100/100
|move|p2a: Dragapult|U-turn|p1a: Pecharunt
|-resisted|p1a: Pecharunt
|-damage|p1a: Pecharunt|98/100
|
|t:|1769292500
|switch|p2a: Samurott|Samurott-Hisui, F|100/100|[from] U-turn
|-damage|p2a: Samurott|88/100|[from] Spikes
|
|upkeep
|turn|3
|
|t:|1769292508
|move|p2a: Samurott|Ceaseless Edge|p1a: Pecharunt
|-supereffective|p1a: Pecharunt
|-damage|p1a: Pecharunt|29/100
|-sidestart|p1: astridXoom|Spikes
|move|p1a: Pecharunt|Malignant Chain|p2a: Samurott
|-damage|p2a: Samurott|33/100
|-status|p2a: Samurott|tox
|-start|p2a: Samurott|confusion|[from] ability: Poison Puppeteer|[of] p1a: Pecharunt
|
|-damage|p2a: Samurott|26/100 tox|[from] psn
|upkeep
|turn|4
|
|t:|1769292529
|switch|p1a: Samurott|Samurott-Hisui, F|100/100
|-damage|p1a: Samurott|88/100|[from] Spikes
|-activate|p2a: Samurott|confusion
|-damage|p2a: Samurott|10/100 tox|[from] confusion
|
|-damage|p2a: Samurott|0 fnt|[from] psn
|faint|p2a: Samurott
|upkeep
|inactive|ShadowFerretofD00M has 120 seconds left.
|
|t:|1769292578
|switch|p2a: Iron Valiant|Iron Valiant|100/100
|-damage|p2a: Iron Valiant|88/100|[from] Spikes
|-enditem|p2a: Iron Valiant|Booster Energy
|-activate|p2a: Iron Valiant|ability: Quark Drive|[fromitem]
|-start|p2a: Iron Valiant|quarkdrivespe
|turn|5
|
|t:|1769292597
|switch|p1a: Reuniclus|Reuniclus, F|100/100
|move|p2a: Iron Valiant|Calm Mind|p2a: Iron Valiant
|-boost|p2a: Iron Valiant|spa|1
|-boost|p2a: Iron Valiant|spd|1
|
|upkeep
|turn|6
|
|t:|1769292609
|-terastallize|p2a: Iron Valiant|Steel
|move|p2a: Iron Valiant|Calm Mind|p2a: Iron Valiant
|-boost|p2a: Iron Valiant|spa|1
|-boost|p2a: Iron Valiant|spd|1
|move|p1a: Reuniclus|Trick Room|p1a: Reuniclus
|-fieldstart|move: Trick Room|[of] p1a: Reuniclus
|
|upkeep
|turn|7
|inactive|ShadowFerretofD00M has 120 seconds left.
|
|t:|1769292618
|move|p1a: Reuniclus|Focus Blast|p2a: Iron Valiant|[miss]
|-miss|p1a: Reuniclus|p2a: Iron Valiant
|move|p2a: Iron Valiant|Moonblast|p1a: Reuniclus
|-damage|p1a: Reuniclus|27/100
|-unboost|p1a: Reuniclus|spa|1
|
|upkeep
|turn|8
|inactive|ShadowFerretofD00M has 120 seconds left.
|
|t:|1769292629
|-end|p2a: Iron Valiant|Quark Drive|[silent]
|switch|p2a: Dragapult|Dragapult, M|44/100
|-damage|p2a: Dragapult|32/100|[from] Spikes
|-terastallize|p1a: Reuniclus|Fighting
|move|p1a: Reuniclus|Focus Blast|p2a: Dragapult
|-immune|p2a: Dragapult
|
|-sideend|p2: ShadowFerretofD00M|Reflect
|upkeep
|turn|9
|inactive|ShadowFerretofD00M has 120 seconds left.
|
|t:|1769292649
|switch|p1a: Samurott|Samurott-Hisui, F|88/100
|-damage|p1a: Samurott|76/100|[from] Spikes
|move|p2a: Dragapult|Light Screen|p2a: Dragapult
|-sidestart|p2: ShadowFerretofD00M|move: Light Screen
|
|upkeep
|turn|10
|
|t:|1769292658
|move|p1a: Samurott|Ceaseless Edge|p2a: Dragapult
|-supereffective|p2a: Dragapult
|-damage|p2a: Dragapult|0 fnt
|-sidestart|p2: ShadowFerretofD00M|Spikes
|faint|p2a: Dragapult
|
|-fieldend|move: Trick Room
|upkeep
|
|t:|1769292664
|switch|p2a: Iron Valiant|Iron Valiant, tera:Steel|88/100
|-damage|p2a: Iron Valiant|71/100|[from] Spikes
|turn|11
|
|t:|1769292671
|move|p2a: Iron Valiant|Moonblast|p1a: Samurott
|-supereffective|p1a: Samurott
|-damage|p1a: Samurott|0 fnt
|faint|p1a: Samurott
|
|upkeep
|
|t:|1769292688
|switch|p1a: Darkrai|Darkrai|100/100
|-damage|p1a: Darkrai|88/100|[from] Spikes
|turn|12
|
|t:|1769292698
|move|p1a: Darkrai|Dark Pulse|p2a: Iron Valiant
|-crit|p2a: Iron Valiant
|-damage|p2a: Iron Valiant|0 fnt
|faint|p2a: Iron Valiant
|-end|p2a: Iron Valiant|Quark Drive|[silent]
|
|upkeep
|inactive|ShadowFerretofD00M has 120 seconds left.
|
|t:|1769292741
|switch|p2a: Torterra|Torterra, F|100/100
|-damage|p2a: Torterra|84/100|[from] Spikes
|turn|13
|
|t:|1769292751
|move|p1a: Darkrai|Ice Beam|p2a: Torterra
|-supereffective|p2a: Torterra
|-damage|p2a: Torterra|11/100
|-status|p2a: Torterra|frz
|-curestatus|p2a: Torterra|frz|[msg]
|move|p2a: Torterra|Shell Smash|p2a: Torterra
|-unboost|p2a: Torterra|def|1
|-unboost|p2a: Torterra|spd|1
|-boost|p2a: Torterra|atk|2
|-boost|p2a: Torterra|spa|2
|-boost|p2a: Torterra|spe|2
|
|upkeep
|turn|14
|inactive|ShadowFerretofD00M has 120 seconds left.
|
|t:|1769292759
|move|p1a: Darkrai|Sucker Punch|p2a: Torterra
|-damage|p2a: Torterra|0 fnt
|faint|p2a: Torterra
|
|upkeep
|inactive|ShadowFerretofD00M has 120 seconds left.
|
|t:|1769292765
|switch|p2a: Kingambit|Kingambit, M|100/100
|-damage|p2a: Kingambit|84/100|[from] Spikes
|-activate|p2a: Kingambit|ability: Supreme Overlord
|-start|p2a: Kingambit|fallen4|[silent]
|turn|15
|
|t:|1769292787
|switch|p1a: Reuniclus|Reuniclus, F, tera:Fighting|27/100
|move|p2a: Kingambit|Swords Dance|p2a: Kingambit
|-boost|p2a: Kingambit|atk|2
|
|upkeep
|turn|16
|
|t:|1769292796
|move|p2a: Kingambit|Iron Head|p1a: Reuniclus
|-damage|p1a: Reuniclus|0 fnt
|faint|p1a: Reuniclus
|
|-sideend|p2: ShadowFerretofD00M|move: Light Screen
|upkeep
|
|t:|1769292801
|switch|p1a: Iron Valiant|Iron Valiant|100/100
|-damage|p1a: Iron Valiant|88/100|[from] Spikes
|-enditem|p1a: Iron Valiant|Booster Energy
|-activate|p1a: Iron Valiant|ability: Quark Drive|[fromitem]
|-start|p1a: Iron Valiant|quarkdrivespa
|turn|17
|
|t:|1769292815
|move|p1a: Iron Valiant|Vacuum Wave|p2a: Kingambit
|-supereffective|p2a: Kingambit
|-damage|p2a: Kingambit|0 fnt
|faint|p2a: Kingambit
|-end|p2a: Kingambit|fallen4|[silent]
|
|upkeep
|
|t:|1769292820
|switch|p2a: Gholdengo|Gholdengo|100/100
|-item|p2a: Gholdengo|Air Balloon
|turn|18
|
|t:|1769292824
|move|p1a: Iron Valiant|Shadow Ball|p2a: Gholdengo
|-supereffective|p2a: Gholdengo
|-damage|p2a: Gholdengo|9/100
|-unboost|p2a: Gholdengo|spd|1
|-enditem|p2a: Gholdengo|Air Balloon
|move|p2a: Gholdengo|Shadow Ball|p1a: Iron Valiant
|-damage|p1a: Iron Valiant|19/100
|
|upkeep
|turn|19
|
|t:|1769292832
|move|p1a: Iron Valiant|Shadow Ball|p2a: Gholdengo
|-supereffective|p2a: Gholdengo
|-damage|p2a: Gholdengo|0 fnt
|faint|p2a: Gholdengo
|
|win|astridXoom
|raw|astridXoom's rating: 1473 &rarr; <strong>1496</strong><br />(+23 for winning)
|raw|ShadowFerretofD00M's rating: 1530 &rarr; <strong>1507</strong><br />(-23 for losing)
|l|☆astridXoom
|player|p1|
|l|☆ShadowFerretofD00M
|player|p2|
