|j|☆NebulaTrainer
|j|☆R. Caroline
|t:|1769360623
|gametype|singles
|player|p1|NebulaTrainer|cynthia-gen4|1597
|player|p2|R. Caroline|rocketgruntf|1499
|gen|9
|tier|[Gen 9] OU
|rated|
|rule|HP Percentage Mod: HP is shown in percentages
|rule|Endless Battle Clause: Forcing endless battles is banned
|rule|Species Clause: Limit one of each Pokémon
|rule|OHKO Clause: OHKO moves are banned
|rule|Evasion Items Clause: Evasion items are banned
|rule|Evasion Moves Clause: Evasion moves are banned
|rule|Evasion Abilities Clause: Evasion abilities are banned
|rule|Sleep Moves Clause: Sleep-inducing moves are banned
|clearpoke
|poke|p1|Tornadus-Therian, M|
|poke|p1|Heatran, F|
|poke|p1|Hippowdon, M|
|poke|p1|Keldeo-Resolute|
|poke|p1|Excadrill, M|
|poke|p1|Hydrapple, F|
|poke|p2|Hydreigon, F|
|poke|p2|Ursaluna, M|
|poke|p2|Scyther, M|
|poke|p2|Blastoise, M|
|poke|p2|Umbreon, F|
|poke|p2|Mew|
|teampreview
|
|t:|1769360667
|teamsize|p1|6
|teamsize|p2|6
|start
|switch|p1a: Heatran|Heatran, F, shiny|100/100
|switch|p2a: Boston Brand|Mew, shiny|100/100
|turn|1
|
|t:|1769360675
|move|p2a: Boston Brand|Earth Power|p1a: Heatran
|-supereffective|p1a: Heatran
|-damage|p1a: Heatran|35/100
|move|p1a: Heatran|Magma Storm|p2a: Boston Brand
|-damage|p2a: Boston Brand|56/100
|-activate|p2a: Boston Brand|move: Magma Storm|[of] p1a: Heatran
|
|-heal|p1a: Heatran|41/100|[from] item: Leftovers
|-damage|p2a: Boston Brand|44/100|[from] move: Magma Storm|[partiallytrapped]
|upkeep
|turn|2
|
|t:|1769360688
|move|p1a: Heatran|Protect|p1a: Heatran
|-singleturn|p1a: Heatran|Protect
|move|p2a: Boston Brand|Earth Power|p1a: Heatran
|-activate|p1a: Heatran|move: Protect
|
|-heal|p1a: Heatran|48/100|[from] item: Leftovers
|-damage|p2a: Boston Brand|32/100|[from] move: Magma Storm|[partiallytrapped]
|upkeep
|turn|3
|
|t:|1769360698
|switch|p1a: Tornadus|Tornadus-Therian, M, shiny|100/100
|move|p2a: Boston Brand|Earth Power|p1a: Tornadus
|-immune|p1a: Tornadus
|
|-end|p2a: Boston Brand|Magma Storm|[partiallytrapped]|[silent]
|upkeep
|turn|4
|
|t:|1769360704
|switch|p2a: Dinah Laurel Lance|Umbreon, F|100/100
|move|p1a: Tornadus|Knock Off|p2a: Dinah Laurel Lance
|-resisted|p2a: Dinah Laurel Lance
|-damage|p2a: Dinah Laurel Lance|94/100
|-damage|p1a: Tornadus|84/100|[from] item: Rocky Helmet|[of] p2a: Dinah Laurel Lance
|-enditem|p2a: Dinah Laurel Lance|Rocky Helmet|[from] move: Knock Off|[of] p1a: Tornadus
|
|upkeep
|turn|5
|
|t:|1769360712
|move|p1a: Tornadus|U-turn|p2a: Dinah Laurel Lance
|-supereffective|p2a: Dinah Laurel Lance
|-damage|p2a: Dinah Laurel Lance|76/100
|
|t:|1769360718
|switch|p1a: Heatran|Heatran, F, shiny|48/100|[from] U-turn
|move|p2a: Dinah Laurel Lance|Foul Play|p1a: Heatran
|-crit|p1a: Heatran
|-damage|p1a: Heatran|21/100
|
|-heal|p1a: Heatran|27/100|[from] item: Leftovers
|upkeep
|turn|6
|
|t:|1769360753
|move|p1a: Heatran|Protect|p1a: Heatran
|-singleturn|p1a: Heatran|Protect
|move|p2a: Dinah Laurel Lance|Roar|p1a: Heatran
|drag|p1a: Tornadus|Tornadus-Therian, M, shiny|100/100
|
|upkeep
|turn|7
|
|t:|1769360766
|switch|p2a: Etrigan|Ursaluna, M, shiny|100/100
|move|p1a: Tornadus|U-turn|p2a: Etrigan
|-damage|p2a: Etrigan|91/100
|
|t:|1769360773
|switch|p1a: Keldeo|Keldeo-Resolute|100/100|[from] U-turn
|
|upkeep
|turn|8
|
|t:|1769360788
|-terastallize|p2a: Etrigan|Grass
|move|p1a: Keldeo|Hydro Pump|p2a: Etrigan
|-resisted|p2a: Etrigan
|-damage|p2a: Etrigan|66/100
|move|p2a: Etrigan|Seed Bomb|p1a: Keldeo
|-supereffective|p1a: Keldeo
|-damage|p1a: Keldeo|0 fnt
|faint|p1a: Keldeo
|
|upkeep
|
|t:|1769360801
|switch|p1a: Tornadus|Tornadus-Therian, M, shiny|100/100
|turn|9
|
|t:|1769360805
|switch|p2a: Dinah Laurel Lance|Umbreon, F|76/100
|move|p1a: Tornadus|Hurricane|p2a: Dinah Laurel Lance
|-damage|p2a: Dinah Laurel Lance|47/100
|
|upkeep
|turn|10
|
|t:|1769360813
|move|p1a: Tornadus|U-turn|p2a: Dinah Laurel Lance
|-supereffective|p2a: Dinah Laurel Lance
|-damage|p2a: Dinah Laurel Lance|31/100
|
|t:|1769360820
|switch|p1a: Heatran|Heatran, F, shiny|27/100|[from] U-turn
|move|p2a: Dinah Laurel Lance|Moonlight|p2a: Dinah Laurel Lance
|-heal|p2a: Dinah Laurel Lance|81/100
|
|-heal|p1a: Heatran|33/100|[from] item: Leftovers
|upkeep
|turn|11
|
|t:|1769360829
|switch|p2a: Moone|Hydreigon, F, shiny|100/100
|move|p1a: Heatran|Taunt|p2a: Moone
|-start|p2a: Moone|move: Taunt
|
|-heal|p1a: Heatran|40/100|[from] item: Leftovers
|upkeep
|turn|12
|
|t:|1769360838
|move|p1a: Heatran|Protect|p1a: Heatran
|-singleturn|p1a: Heatran|Protect
|move|p2a: Moone|Dark Pulse|p1a: Heatran
|-activate|p1a: Heatran|move: Protect
|
|-heal|p1a: Heatran|46/100|[from] item: Leftovers
|upkeep
|turn|13
|
|t:|1769360848
|switch|p1a: Tornadus|Tornadus-Therian, M, shiny|100/100
|move|p2a: Moone|Dark Pulse|p1a: Tornadus
|-damage|p1a: Tornadus|57/100
|
|-end|p2a: Moone|move: Taunt
|upkeep
|turn|14
|
|t:|1769360856
|switch|p2a: Dinah Laurel Lance|Umbreon, F|81/100
|move|p1a: Tornadus|Knock Off|p2a: Dinah Laurel Lance
|-resisted|p2a: Dinah Laurel Lance
|-damage|p2a: Dinah Laurel Lance|76/100
|
|upkeep
|turn|15
|
|t:|1769360866
|move|p1a: Tornadus|U-turn|p2a: Dinah Laurel Lance
|-supereffective|p2a: Dinah Laurel Lance
|-damage|p2a: Dinah Laurel Lance|60/100
|
|t:|1769360876
|switch|p1a: Hydrapple|Hydrapple, F|100/100|[from] U-turn
|move|p2a: Dinah Laurel Lance|Foul Play|p1a: Hydrapple
|-damage|p1a: Hydrapple|82/100
|
|upkeep
|turn|16
|
|t:|1769360883
|switch|p2a: Garfield Logan|Scyther, M|100/100
|switch|p1a: Heatran|Heatran, F, shiny|46/100
|
|-heal|p1a: Heatran|52/100|[from] item: Leftovers
|upkeep
|turn|17
|
|t:|1769360893
|move|p2a: Garfield Logan|U-turn|p1a: Heatran
|-resisted|p1a: Heatran
|-damage|p1a: Heatran|45/100
|
|t:|1769360896
|switch|p2a: Arthur Curry|Blastoise, M, shiny|100/100|[from] U-turn
|move|p1a: Heatran|Magma Storm|p2a: Arthur Curry
|-resisted|p2a: Arthur Curry
|-damage|p2a: Arthur Curry|87/100
|-activate|p2a: Arthur Curry|move: Magma Storm|[of] p1a: Heatran
|
|-heal|p2a: Arthur Curry|93/100|[from] item: Leftovers
|-heal|p1a: Heatran|51/100|[from] item: Leftovers
|-damage|p2a: Arthur Curry|81/100|[from] move: Magma Storm|[partiallytrapped]
|upkeep
|turn|18
|
|t:|1769360907
|move|p2a: Arthur Curry|Fake Out|p1a: Heatran
|-resisted|p1a: Heatran
|-damage|p1a: Heatran|48/100
|cant|p1a: Heatran|flinch
|
|-heal|p2a: Arthur Curry|87/100|[from] item: Leftovers
|-heal|p1a: Heatran|54/100|[from] item: Leftovers
|-damage|p2a: Arthur Curry|74/100|[from] move: Magma Storm|[partiallytrapped]
|upkeep
|turn|19
|
|t:|1769360916
|move|p2a: Arthur Curry|Rapid Spin|p1a: Heatran
|-resisted|p1a: Heatran
|-damage|p1a: Heatran|50/100
|-boost|p2a: Arthur Curry|spe|1
|-end|p2a: Arthur Curry|Magma Storm|[partiallytrapped]
|move|p1a: Heatran|Taunt|p2a: Arthur Curry
|-start|p2a: Arthur Curry|move: Taunt
|
|-heal|p2a: Arthur Curry|81/100|[from] item: Leftovers
|-heal|p1a: Heatran|56/100|[from] item: Leftovers
|upkeep
|turn|20
|
|t:|1769360926
|switch|p1a: Hydrapple|Hydrapple, F|100/100
|move|p2a: Arthur Curry|Flip Turn|p1a: Hydrapple
|-resisted|p1a: Hydrapple
|-damage|p1a: Hydrapple|97/100
|
|t:|1769360931
|switch|p2a: Garfield Logan|Scyther, M|100/100|[from] Flip Turn
|
|upkeep
|turn|21
|
|t:|1769360936
|switch|p1a: Tornadus|Tornadus-Therian, M, shiny|91/100
|move|p2a: Garfield Logan|Dual Wingbeat|p1a: Tornadus
|-damage|p1a: Tornadus|56/100
|-damage|p1a: Tornadus|19/100
|-hitcount|p1a: Tornadus|2
|
|upkeep
|turn|22
|
|t:|1769360947
|switch|p1a: Hippowdon|Hippowdon, M, shiny|100/100
|-weather|Sandstorm|[from] ability: Sand Stream|[of] p1a: Hippowdon
|switch|p2a: Arthur Curry|Blastoise, M, shiny|81/100
|
|-weather|Sandstorm|[upkeep]
|-damage|p2a: Arthur Curry|74/100|[from] Sandstorm
|-heal|p2a: Arthur Curry|81/100|[from] item: Leftovers
|upkeep
|turn|23
|
|t:|1769360957
|move|p2a: Arthur Curry|Fake Out|p1a: Hippowdon
|-damage|p1a: Hippowdon|96/100
|cant|p1a: Hippowdon|flinch
|
|-weather|Sandstorm|[upkeep]
|-damage|p2a: Arthur Curry|74/100|[from] Sandstorm
|-heal|p2a: Arthur Curry|81/100|[from] item: Leftovers
|upkeep
|turn|24
|
|t:|1769360968
|move|p2a: Arthur Curry|Flip Turn|p1a: Hippowdon
|-supereffective|p1a: Hippowdon
|-damage|p1a: Hippowdon|79/100
|
|t:|1769360976
|switch|p2a: Moone|Hydreigon, F, shiny|100/100|[from] Flip Turn
|move|p1a: Hippowdon|Stealth Rock|p2a: Moone
|-sidestart|p2: R. Caroline|move: Stealth Rock
|
|-weather|Sandstorm|[upkeep]
|-damage|p2a: Moone|94/100|[from] Sandstorm
|upkeep
|turn|25
|
|t:|1769360985
|switch|p1a: Heatran|Heatran, F, shiny|56/100
|move|p2a: Moone|Dark Pulse|p1a: Heatran
|-damage|p1a: Heatran|20/100
|
|-weather|Sandstorm|[upkeep]
|-damage|p2a: Moone|88/100|[from] Sandstorm
|-heal|p1a: Heatran|26/100|[from] item: Leftovers
|upkeep
|turn|26
|
|t:|1769360994
|move|p2a: Moone|Dark Pulse|p1a: Heatran
|-damage|p1a: Heatran|0 fnt
|faint|p1a: Heatran
|
|-weather|Sandstorm|[upkeep]
|-damage|p2a: Moone|82/100|[from] Sandstorm
|upkeep
|
|t:|1769361001
|switch|p1a: Excadrill|Excadrill, M, shiny|100/100
|turn|27
|
|t:|1769361013
|move|p1a: Excadrill|Swords Dance|p1a: Excadrill
|-boost|p1a: Excadrill|atk|2
|move|p2a: Moone|Dark Pulse|p1a: Excadrill
|-damage|p1a: Excadrill|15/100
|
|-weather|Sandstorm|[upkeep]
|-damage|p2a: Moone|76/100|[from] Sandstorm
|-heal|p1a: Excadrill|21/100|[from] item: Leftovers
|upkeep
|turn|28
|
|t:|1769361023
|switch|p2a: Dinah Laurel Lance|Umbreon, F|60/100
|-damage|p2a: Dinah Laurel Lance|48/100|[from] Stealth Rock
|move|p1a: Excadrill|Iron Head|p2a: Dinah Laurel Lance
|-damage|p2a: Dinah Laurel Lance|1/100
|
|-weather|Sandstorm|[upkeep]
|-damage|p2a: Dinah Laurel Lance|0 fnt|[from] Sandstorm
|faint|p2a: Dinah Laurel Lance
|-heal|p1a: Excadrill|27/100|[from] item: Leftovers
|upkeep
|
|t:|1769361035
|switch|p2a: Arthur Curry|Blastoise, M, shiny|81/100
|-damage|p2a: Arthur Curry|68/100|[from] Stealth Rock
|turn|29
|
|t:|1769361040
|move|p2a: Arthur Curry|Fake Out|p1a: Excadrill
|-resisted|p1a: Excadrill
|-damage|p1a: Excadrill|21/100
|cant|p1a: Excadrill|flinch
|
|-weather|none
|-heal|p1a: Excadrill|27/100|[from] item: Leftovers
|-heal|p2a: Arthur Curry|74/100|[from] item: Leftovers
|upkeep
|turn|30
|
|t:|1769361054
|move|p1a: Excadrill|Earthquake|p2a: Arthur Curry
|-damage|p2a: Arthur Curry|0 fnt
|faint|p2a: Arthur Curry
|
|-heal|p1a: Excadrill|33/100|[from] item: Leftovers
|upkeep
|
|t:|1769361060
|switch|p2a: Moone|Hydreigon, F, shiny|76/100
|-damage|p2a: Moone|64/100|[from] Stealth Rock
|turn|31
|
|t:|1769361065
|switch|p1a: Hippowdon|Hippowdon, M, shiny|79/100
|-weather|Sandstorm|[from] ability: Sand Stream|[of] p1a: Hippowdon
|move|p2a: Moone|Dark Pulse|p1a: Hippowdon
|-damage|p1a: Hippowdon|11/100
|
|-weather|Sandstorm|[upkeep]
|-damage|p2a: Moone|58/100|[from] Sandstorm
|upkeep
|turn|32
|
|t:|1769361076
|move|p2a: Moone|Dark Pulse|p1a: Hippowdon
|-damage|p1a: Hippowdon|0 fnt
|faint|p1a: Hippowdon
|
|-weather|Sandstorm|[upkeep]
|-damage|p2a: Moone|51/100|[from] Sandstorm
|upkeep
|
|t:|1769361086
|switch|p1a: Tornadus|Tornadus-Therian, M, shiny|52/100
|turn|33
|
|t:|1769361094
|move|p1a: Tornadus|Knock Off|p2a: Moone
|-resisted|p2a: Moone
|-crit|p2a: Moone
|-damage|p2a: Moone|35/100
|-enditem|p2a: Moone|Choice Specs|[from] move: Knock Off|[of] p1a: Tornadus
|move|p2a: Moone|Dark Pulse|p1a: Tornadus
|-damage|p1a: Tornadus|26/100
|
|-weather|Sandstorm|[upkeep]
|-damage|p1a: Tornadus|20/100|[from] Sandstorm
|-damage|p2a: Moone|28/100|[from] Sandstorm
|upkeep
|turn|34
|
|t:|1769361105
|move|p1a: Tornadus|Hurricane|p2a: Moone
|-damage|p2a: Moone|0 fnt
|faint|p2a: Moone
|
|-weather|Sandstorm|[upkeep]
|-damage|p1a: Tornadus|13/100|[from] Sandstorm
|upkeep
|
|t:|1769361113
|switch|p2a: Boston Brand|Mew, shiny|32/100
|-damage|p2a: Boston Brand|19/100|[from] Stealth Rock
|turn|35
|
|t:|1769361117
|move|p2a: Boston Brand|Ice Beam|p1a: Tornadus
|-supereffective|p1a: Tornadus
|-damage|p1a: Tornadus|0 fnt
|faint|p1a: Tornadus
|
|-weather|Sandstorm|[upkeep]
|-damage|p2a: Boston Brand|13/100|[from] Sandstorm
|upkeep
|
|t:|1769361127
|switch|p1a: Excadrill|Excadrill, M, shiny|33/100
|turn|36
|
|t:|1769361133
|move|p1a: Excadrill|Rapid Spin|p2a: Boston Brand
|-damage|p2a: Boston Brand|0 fnt
|-boost|p1a: Excadrill|spe|1
|faint|p2a: Boston Brand
|
|-weather|Sandstorm|[upkeep]
|-heal|p1a: Excadrill|40/100|[from] item: Leftovers
|upkeep
|
|t:|1769361140
|switch|p2a: Etrigan|Ursaluna, M, shiny, tera:Grass|66/100
|-damage|p2a: Etrigan|54/100|[from] Stealth Rock
|turn|37
|
|t:|1769361146
|move|p1a: Excadrill|Iron Head|p2a: Etrigan
|-damage|p2a: Etrigan|25/100
|cant|p2a: Etrigan|flinch
|
|-weather|Sandstorm|[upkeep]
|-damage|p2a: Etrigan|19/100|[from] Sandstorm
|-heal|p1a: Excadrill|46/100|[from] item: Leftovers
|upkeep
|turn|38
|
|t:|1769361155
|move|p1a: Excadrill|Iron Head|p2a: Etrigan
|-damage|p2a: Etrigan|0 fnt
|faint|p2a: Etrigan
|
|-weather|none
|-heal|p1a: Excadrill|52/100|[from] item: Leftovers
|upkeep
|
|t:|1769361160
|switch|p2a: Garfield Logan|Scyther, M|100/100
|turn|39
|
|t:|1769361165
|move|p1a: Excadrill|Iron Head|p2a: Garfield Logan
|-damage|p2a: Garfield Logan|43/100
|move|p2a: Garfield Logan|Counter|p1a: Excadrill
|-damage|p1a: Excadrill|0 fnt
|faint|p1a: Excadrill
|
|upkeep
|
|t:|1769361177
|switch|p1a: Hydrapple|Hydrapple, F|100/100
|turn|40
|
|t:|1769361181
|-terastallize|p1a: Hydrapple|Fairy
|move|p2a: Garfield Logan|Dual Wingbeat|p1a: Hydrapple
|-damage|p1a: Hydrapple|78/100
|-damage|p1a: Hydrapple|56/100
|-hitcount|p1a: Hydrapple|2
|move|p1a: Hydrapple|Fickle Beam|p2a: Garfield Logan
|-damage|p2a: Garfield Logan|0 fnt
|faint|p2a: Garfield Logan
|
|win|NebulaTrainer
|raw|NebulaTrainer's rating: 1597 &rarr; <strong>1612</strong><br />(+15 for winning)
|raw|R. Caroline's rating: 1499 &rarr; <strong>1484</strong><br />(-15 for losing)
|l|☆R. Caroline
|player|p2|
|l|☆NebulaTrainer
|player|p1|
