|j|☆soxelcs
|j|☆UnusedPrism
|t:|1769368305
|gametype|singles
|player|p1|soxelcs|blue|
|player|p2|UnusedPrism|nate|
|gen|9
|tier|[Gen 9] OU
|rule|HP Percentage Mod: HP is shown in percentages
|rule|Endless Battle Clause: Forcing endless battles is banned
|rule|Species Clause: Limit one of each Pokémon
|rule|OHKO Clause: OHKO moves are banned
|rule|Evasion Items Clause: Evasion items are banned
|rule|Evasion Moves Clause: Evasion moves are banned
|rule|Evasion Abilities Clause: Evasion abilities are banned
|rule|Sleep Moves Clause: Sleep-inducing moves are banned
|clearpoke
|poke|p1|Araquanid, F|
|poke|p1|Great Tusk|
|poke|p1|Enamorus, F|
|poke|p1|Glimmora, F|
|poke|p1|Gholdengo|
|poke|p1|Dragonite, F|
|poke|p2|Hydrapple, M|
|poke|p2|Tyranitar, F|
|poke|p2|Moltres|
|poke|p2|Zamazenta-*|
|poke|p2|Slowking-Galar, M|
|poke|p2|Excadrill, F|
|teampreview
|inactive|Battle timer is ON: inactive players will automatically lose when time's up. (requested by soxelcs)
|
|t:|1769368343
|teamsize|p1|6
|teamsize|p2|6
|start
|switch|p1a: Glimmora|Glimmora, F, shiny|100/100
|switch|p2a: Hydrapple|Hydrapple, M|100/100
|turn|1
|
|t:|1769368351
|move|p1a: Glimmora|Meteor Beam||[still]
|-prepare|p1a: Glimmora|Meteor Beam
|-boost|p1a: Glimmora|spa|1
|-enditem|p1a: Glimmora|Power Herb
|-anim|p1a: Glimmora|Meteor Beam|p2a: Hydrapple
|-damage|p2a: Hydrapple|6/100
|move|p2a: Hydrapple|Earth Power|p1a: Glimmora
|-supereffective|p1a: Glimmora
|-damage|p1a: Glimmora|0 fnt
|faint|p1a: Glimmora
|
|upkeep
|inactive|soxelcs has 270 seconds left.
|
|t:|1769368388
|switch|p1a: Gholdengo|Gholdengo, shiny|100/100
|-item|p1a: Gholdengo|Air Balloon
|turn|2
|inactive|soxelcs has 270 seconds left.
|
|t:|1769368397
|move|p1a: Gholdengo|Shadow Ball|p2a: Hydrapple
|-damage|p2a: Hydrapple|0 fnt
|faint|p2a: Hydrapple
|
|upkeep
|
|t:|1769368407
|switch|p2a: Tyranitar|Tyranitar, F|100/100
|-weather|Sandstorm|[from] ability: Sand Stream|[of] p2a: Tyranitar
|turn|3
|
|t:|1769368415
|switch|p1a: Great Tusk|Great Tusk, shiny|100/100
|-enditem|p1a: Great Tusk|Booster Energy
|-activate|p1a: Great Tusk|ability: Protosynthesis|[fromitem]
|-start|p1a: Great Tusk|protosynthesisatk
|move|p2a: Tyranitar|Knock Off|p1a: Great Tusk
|-resisted|p1a: Great Tusk
|-damage|p1a: Great Tusk|91/100
|
|-weather|Sandstorm|[upkeep]
|upkeep
|turn|4
|
|t:|1769368430
|switch|p2a: Moltres|Moltres|100/100
|move|p1a: Great Tusk|Rapid Spin|p2a: Moltres
|-damage|p2a: Moltres|84/100
|-boost|p1a: Great Tusk|spe|1
|-status|p1a: Great Tusk|brn|[from] ability: Flame Body|[of] p2a: Moltres
|
|-weather|Sandstorm|[upkeep]
|-damage|p2a: Moltres|78/100|[from] Sandstorm
|-damage|p1a: Great Tusk|85/100 brn|[from] brn
|upkeep
|turn|5
|c|☆soxelcs|ay
|
|t:|1769368443
|move|p1a: Great Tusk|Supercell Slam|p2a: Moltres
|-supereffective|p2a: Moltres
|-damage|p2a: Moltres|48/100
|move|p2a: Moltres|Flamethrower|p1a: Great Tusk
|-damage|p1a: Great Tusk|31/100 brn
|
|-weather|Sandstorm|[upkeep]
|-damage|p2a: Moltres|42/100|[from] Sandstorm
|-damage|p1a: Great Tusk|25/100 brn|[from] brn
|upkeep
|turn|6
|
|t:|1769368455
|move|p1a: Great Tusk|Supercell Slam|p2a: Moltres
|-supereffective|p2a: Moltres
|-damage|p2a: Moltres|12/100
|move|p2a: Moltres|Roost|p2a: Moltres
|-heal|p2a: Moltres|62/100
|-singleturn|p2a: Moltres|move: Roost
|
|-weather|Sandstorm|[upkeep]
|-damage|p2a: Moltres|56/100|[from] Sandstorm
|-damage|p1a: Great Tusk|19/100 brn|[from] brn
|upkeep
|turn|7
|
|t:|1769368466
|move|p1a: Great Tusk|Ice Spinner|p2a: Moltres
|-damage|p2a: Moltres|44/100
|move|p2a: Moltres|Roost|p2a: Moltres
|-heal|p2a: Moltres|94/100
|-singleturn|p2a: Moltres|move: Roost
|
|-weather|Sandstorm|[upkeep]
|-damage|p2a: Moltres|88/100|[from] Sandstorm
|-damage|p1a: Great Tusk|12/100 brn|[from] brn
|upkeep
|turn|8
|
|t:|1769368479
|-end|p1a: Great Tusk|Protosynthesis|[silent]
|switch|p1a: Araquanid|Araquanid, F, shiny|100/100
|move|p2a: Moltres|Flamethrower|p1a: Araquanid
|-damage|p1a: Araquanid|88/100
|-enditem|p1a: Araquanid|Red Card|[of] p2a: Moltres
|drag|p2a: Slowking|Slowking-Galar, M|100/100
|
|-weather|Sandstorm|[upkeep]
|-damage|p2a: Slowking|94/100|[from] Sandstorm
|-damage|p1a: Araquanid|82/100|[from] Sandstorm
|upkeep
|turn|9
|
|t:|1769368497
|switch|p2a: Zamazenta|Zamazenta|100/100
|-ability|p2a: Zamazenta|Dauntless Shield|boost
|-boost|p2a: Zamazenta|def|1
|move|p1a: Araquanid|Sticky Web|p2a: Zamazenta
|-sidestart|p2: UnusedPrism|move: Sticky Web
|
|-weather|Sandstorm|[upkeep]
|-damage|p2a: Zamazenta|94/100|[from] Sandstorm
|-damage|p1a: Araquanid|75/100|[from] Sandstorm
|-heal|p2a: Zamazenta|100/100|[from] item: Leftovers
|upkeep
|turn|10
|
|t:|1769368507
|move|p1a: Araquanid|Lunge|p2a: Zamazenta
|-resisted|p2a: Zamazenta
|-damage|p2a: Zamazenta|95/100
|-unboost|p2a: Zamazenta|atk|1
|move|p2a: Zamazenta|Roar|p1a: Araquanid
|drag|p1a: Dragonite|Dragonite, F, shiny|100/100
|
|-weather|none
|-heal|p2a: Zamazenta|100/100|[from] item: Leftovers
|upkeep
|turn|11
|
|t:|1769368523
|switch|p2a: Excadrill|Excadrill, F|100/100
|-item|p2a: Excadrill|Air Balloon
|move|p1a: Dragonite|Dragon Dance|p1a: Dragonite
|-boost|p1a: Dragonite|atk|1
|-boost|p1a: Dragonite|spe|1
|
|upkeep
|turn|12
|
|t:|1769368532
|move|p1a: Dragonite|Tera Blast|p2a: Excadrill
|-resisted|p2a: Excadrill
|-damage|p2a: Excadrill|90/100
|-enditem|p2a: Excadrill|Air Balloon
|move|p2a: Excadrill|Rapid Spin|p1a: Dragonite
|-damage|p1a: Dragonite|92/100
|-boost|p2a: Excadrill|spe|1
|-sideend|p2: UnusedPrism|Sticky Web|[from] move: Rapid Spin|[of] p2a: Excadrill
|
|-heal|p1a: Dragonite|98/100|[from] item: Leftovers
|upkeep
|turn|13
|
|t:|1769368546
|move|p2a: Excadrill|Iron Head|p1a: Dragonite
|-damage|p1a: Dragonite|60/100
|cant|p1a: Dragonite|flinch
|
|-heal|p1a: Dragonite|66/100|[from] item: Leftovers
|upkeep
|turn|14
|
|t:|1769368553
|move|p2a: Excadrill|Iron Head|p1a: Dragonite
|-damage|p1a: Dragonite|28/100
|cant|p1a: Dragonite|flinch
|
|-heal|p1a: Dragonite|34/100|[from] item: Leftovers
|upkeep
|turn|15
|c|☆UnusedPrism|dios mio
|c|☆soxelcs|Na bueno
|c|☆soxelcs|El hax que me comí
|c|☆UnusedPrism|mi hax es horrible
|
|t:|1769368577
|move|p2a: Excadrill|Iron Head|p1a: Dragonite
|-damage|p1a: Dragonite|0 fnt
|faint|p1a: Dragonite
|
|upkeep
|
|t:|1769368585
|switch|p1a: Araquanid|Araquanid, F, shiny|75/100
|turn|16
|
|t:|1769368593
|switch|p2a: Zamazenta|Zamazenta|100/100
|move|p1a: Araquanid|Surf|p2a: Zamazenta
|-damage|p2a: Zamazenta|64/100
|
|-heal|p2a: Zamazenta|71/100|[from] item: Leftovers
|upkeep
|turn|17
|
|t:|1769368604
|move|p2a: Zamazenta|Crunch|p1a: Araquanid
|-damage|p1a: Araquanid|56/100
|move|p1a: Araquanid|Sticky Web|p2a: Zamazenta
|-sidestart|p2: UnusedPrism|move: Sticky Web
|
|-heal|p2a: Zamazenta|77/100|[from] item: Leftovers
|upkeep
|turn|18
|
|t:|1769368611
|move|p2a: Zamazenta|Body Press|p1a: Araquanid
|-resisted|p1a: Araquanid
|-damage|p1a: Araquanid|39/100
|move|p1a: Araquanid|Surf|p2a: Zamazenta
|-damage|p2a: Zamazenta|44/100
|
|-heal|p2a: Zamazenta|51/100|[from] item: Leftovers
|upkeep
|turn|19
|
|t:|1769368616
|move|p2a: Zamazenta|Iron Defense|p2a: Zamazenta
|-boost|p2a: Zamazenta|def|2
|move|p1a: Araquanid|Lunge|p2a: Zamazenta
|-resisted|p2a: Zamazenta
|-damage|p2a: Zamazenta|46/100
|-unboost|p2a: Zamazenta|atk|1
|
|-heal|p2a: Zamazenta|52/100|[from] item: Leftovers
|upkeep
|turn|20
|
|t:|1769368623
|move|p2a: Zamazenta|Body Press|p1a: Araquanid
|-resisted|p1a: Araquanid
|-damage|p1a: Araquanid|3/100
|move|p1a: Araquanid|Surf|p2a: Zamazenta
|-damage|p2a: Zamazenta|22/100
|
|-heal|p2a: Zamazenta|28/100|[from] item: Leftovers
|upkeep
|turn|21
|
|t:|1769368630
|move|p2a: Zamazenta|Body Press|p1a: Araquanid
|-resisted|p1a: Araquanid
|-damage|p1a: Araquanid|0 fnt
|faint|p1a: Araquanid
|
|-heal|p2a: Zamazenta|34/100|[from] item: Leftovers
|upkeep
|
|t:|1769368638
|switch|p1a: Enamorus|Enamorus, F|100/100
|turn|22
|
|t:|1769368643
|move|p1a: Enamorus|Moonblast|p2a: Zamazenta
|-supereffective|p2a: Zamazenta
|-damage|p2a: Zamazenta|0 fnt
|faint|p2a: Zamazenta
|
|upkeep
|
|t:|1769368666
|switch|p2a: Moltres|Moltres|88/100
|turn|23
|
|t:|1769368673
|move|p1a: Enamorus|Moonblast|p2a: Moltres
|-resisted|p2a: Moltres
|-damage|p2a: Moltres|52/100
|-unboost|p2a: Moltres|spa|1
|move|p2a: Moltres|Flamethrower|p1a: Enamorus
|-damage|p1a: Enamorus|66/100
|
|upkeep
|turn|24
|
|t:|1769368684
|-terastallize|p1a: Enamorus|Fairy
|move|p1a: Enamorus|Moonblast|p2a: Moltres
|-resisted|p2a: Moltres
|-crit|p2a: Moltres
|-damage|p2a: Moltres|0 fnt
|faint|p2a: Moltres
|
|upkeep
|
|t:|1769368697
|switch|p2a: Slowking|Slowking-Galar, M|100/100
|-activate|p2a: Slowking|move: Sticky Web
|-unboost|p2a: Slowking|spe|1
|turn|25
|
|t:|1769368706
|switch|p1a: Great Tusk|Great Tusk, shiny|12/100 brn
|move|p2a: Slowking|Flamethrower|p1a: Great Tusk
|-damage|p1a: Great Tusk|0 fnt
|faint|p1a: Great Tusk
|-end|p1a: Great Tusk|Protosynthesis|[silent]
|
|upkeep
|
|t:|1769368713
|switch|p1a: Gholdengo|Gholdengo, shiny|100/100
|-item|p1a: Gholdengo|Air Balloon
|turn|26
|
|t:|1769368724
|-terastallize|p2a: Slowking|Grass
|move|p1a: Gholdengo|Nasty Plot|p1a: Gholdengo
|-boost|p1a: Gholdengo|spa|2
|move|p2a: Slowking|Flamethrower|p1a: Gholdengo
|-supereffective|p1a: Gholdengo
|-damage|p1a: Gholdengo|50/100
|-enditem|p1a: Gholdengo|Air Balloon
|
|upkeep
|turn|27
|
|t:|1769368734
|move|p1a: Gholdengo|Shadow Ball|p2a: Slowking
|-damage|p2a: Slowking|57/100
|move|p2a: Slowking|Flamethrower|p1a: Gholdengo
|-supereffective|p1a: Gholdengo
|-damage|p1a: Gholdengo|0 fnt
|faint|p1a: Gholdengo
|
|upkeep
|
|t:|1769368739
|switch|p1a: Enamorus|Enamorus, F, tera:Fairy|66/100
|turn|28
|
|t:|1769368750
|move|p1a: Enamorus|Moonblast|p2a: Slowking
|-damage|p2a: Slowking|8/100
|-unboost|p2a: Slowking|spa|1
|move|p2a: Slowking|Flamethrower|p1a: Enamorus
|-damage|p1a: Enamorus|44/100
|
|upkeep
|turn|29
|c|☆UnusedPrism|que hago
|c|☆UnusedPrism|XD
|
|t:|1769368765
|move|p1a: Enamorus|Moonblast|p2a: Slowking
|-damage|p2a: Slowking|0 fnt
|faint|p2a: Slowking
|
|upkeep
|
|t:|1769368771
|switch|p2a: Tyranitar|Tyranitar, F|100/100
|-activate|p2a: Tyranitar|move: Sticky Web
|-unboost|p2a: Tyranitar|spe|1
|-weather|Sandstorm|[from] ability: Sand Stream|[of] p2a: Tyranitar
|turn|30
|
|t:|1769368777
|move|p1a: Enamorus|Moonblast|p2a: Tyranitar
|-supereffective|p2a: Tyranitar
|-damage|p2a: Tyranitar|21/100
|move|p2a: Tyranitar|Thunder Wave|p1a: Enamorus
|-status|p1a: Enamorus|par
|
|-weather|Sandstorm|[upkeep]
|-damage|p1a: Enamorus|38/100 par|[from] Sandstorm
|upkeep
|turn|31
|
|t:|1769368785
|move|p1a: Enamorus|Moonblast|p2a: Tyranitar
|-supereffective|p2a: Tyranitar
|-damage|p2a: Tyranitar|0 fnt
|faint|p2a: Tyranitar
|
|-weather|Sandstorm|[upkeep]
|-damage|p1a: Enamorus|32/100 par|[from] Sandstorm
|upkeep
|
|t:|1769368791
|switch|p2a: Excadrill|Excadrill, F|90/100
|-activate|p2a: Excadrill|move: Sticky Web
|-unboost|p2a: Excadrill|spe|1
|turn|32
|
|t:|1769368796
|move|p2a: Excadrill|Iron Head|p1a: Enamorus
|-supereffective|p1a: Enamorus
|-damage|p1a: Enamorus|0 fnt
|faint|p1a: Enamorus
|
|win|UnusedPrism
|l|☆soxelcs
|player|p1|
|c|☆UnusedPrism|chale
