|j|☆woosahh
|j|☆Hazinho
|t:|1769329385
|gametype|singles
|player|p1|woosahh|gambler|1294
|player|p2|Hazinho|riley|1346
|gen|9
|tier|[Gen 9] OU
|rated|
|rule|HP Percentage Mod: HP is shown in percentages
|rule|Endless Battle Clause: Forcing endless battles is banned
|rule|Species Clause: Limit one of each Pokémon
|rule|OHKO Clause: OHKO moves are banned
|rule|Evasion Items Clause: Evasion items are banned
|rule|Evasion Moves Clause: Evasion moves are banned
|rule|Evasion Abilities Clause: Evasion abilities are banned
|rule|Sleep Moves Clause: Sleep-inducing moves are banned
|clearpoke
|poke|p1|Hydrapple, M|
|poke|p1|Skarmory, M|
|poke|p1|Tyranitar, M|
|poke|p1|Alomomola, M|
|poke|p1|Clodsire, M|
|poke|p1|Clefable, F|
|poke|p2|Deoxys-Speed|
|poke|p2|Kingambit, M|
|poke|p2|Sylveon, F|
|poke|p2|Ogerpon-Wellspring, F|
|poke|p2|Weezing-Galar, M|
|poke|p2|Landorus-Therian, M|
|teampreview
|inactive|Battle timer is ON: inactive players will automatically lose when time's up. (requested by woosahh)
|
|t:|1769329414
|teamsize|p1|6
|teamsize|p2|6
|start
|switch|p1a: Alomomola|Alomomola, M, shiny|100/100
|switch|p2a: Landorus|Landorus-Therian, M|100/100
|-ability|p2a: Landorus|Intimidate|boost
|-unboost|p1a: Alomomola|atk|1
|turn|1
|
|t:|1769329419
|move|p2a: Landorus|U-turn|p1a: Alomomola
|-damage|p1a: Alomomola|83/100
|
|t:|1769329421
|switch|p2a: Ogerpon|Ogerpon-Wellspring, F|100/100|[from] U-turn
|move|p1a: Alomomola|Flip Turn|p2a: Ogerpon
|-immune|p2a: Ogerpon|[from] ability: Water Absorb
|
|upkeep
|turn|2
|
|t:|1769329431
|switch|p1a: Hydrapple|Hydrapple, M|100/100
|move|p2a: Ogerpon|Superpower|p1a: Hydrapple
|-damage|p1a: Hydrapple|73/100
|-unboost|p2a: Ogerpon|atk|1
|-unboost|p2a: Ogerpon|def|1
|
|upkeep
|turn|3
|
|t:|1769329440
|switch|p2a: Sylveon|Sylveon, F|100/100
|move|p1a: Hydrapple|Nasty Plot|p1a: Hydrapple
|-boost|p1a: Hydrapple|spa|2
|
|upkeep
|turn|4
|
|t:|1769329456
|switch|p1a: Clodsire|Clodsire, M|100/100
|move|p2a: Sylveon|Hyper Voice|p1a: Clodsire
|-resisted|p1a: Clodsire
|-damage|p1a: Clodsire|88/100
|
|upkeep
|turn|5
|
|t:|1769329471
|switch|p2a: Landorus|Landorus-Therian, M|100/100
|-ability|p2a: Landorus|Intimidate|boost
|-unboost|p1a: Clodsire|atk|1
|move|p1a: Clodsire|Earthquake|p2a: Landorus
|-immune|p2a: Landorus
|
|upkeep
|turn|6
|
|t:|1769329479
|move|p2a: Landorus|U-turn|p1a: Clodsire
|-resisted|p1a: Clodsire
|-damage|p1a: Clodsire|76/100
|
|t:|1769329485
|switch|p2a: Kingambit|Kingambit, M|100/100|[from] U-turn
|move|p1a: Clodsire|Toxic|p2a: Kingambit
|-immune|p2a: Kingambit
|
|upkeep
|turn|7
|
|t:|1769329493
|switch|p1a: Skarmory|Skarmory, M|100/100
|move|p2a: Kingambit|Kowtow Cleave|p1a: Skarmory
|-damage|p1a: Skarmory|69/100
|
|upkeep
|turn|8
|
|t:|1769329503
|move|p1a: Skarmory|Roost|p1a: Skarmory
|-heal|p1a: Skarmory|100/100
|-singleturn|p1a: Skarmory|move: Roost
|move|p2a: Kingambit|Kowtow Cleave|p1a: Skarmory
|-damage|p1a: Skarmory|71/100
|
|upkeep
|turn|9
|
|t:|1769329516
|move|p1a: Skarmory|Body Press|p2a: Kingambit
|-supereffective|p2a: Kingambit
|-damage|p2a: Kingambit|17/100
|-enditem|p2a: Kingambit|Weakness Policy
|-boost|p2a: Kingambit|atk|2|[from] item: Weakness Policy
|-boost|p2a: Kingambit|spa|2|[from] item: Weakness Policy
|move|p2a: Kingambit|Kowtow Cleave|p1a: Skarmory
|-damage|p1a: Skarmory|7/100
|
|upkeep
|turn|10
|
|t:|1769329540
|move|p1a: Skarmory|Roost|p1a: Skarmory
|-heal|p1a: Skarmory|57/100
|-singleturn|p1a: Skarmory|move: Roost
|move|p2a: Kingambit|Kowtow Cleave|p1a: Skarmory
|-damage|p1a: Skarmory|0 fnt
|faint|p1a: Skarmory
|
|upkeep
|inactive|woosahh has 120 seconds left.
|
|t:|1769329571
|switch|p1a: Alomomola|Alomomola, M, shiny|100/100
|turn|11
|
|t:|1769329578
|move|p2a: Kingambit|Sucker Punch|p1a: Alomomola
|-damage|p1a: Alomomola|53/100
|move|p1a: Alomomola|Body Slam|p2a: Kingambit
|-resisted|p2a: Kingambit
|-damage|p2a: Kingambit|11/100
|-status|p2a: Kingambit|par
|
|upkeep
|turn|12
|inactive|woosahh has 120 seconds left.
|
|t:|1769329586
|move|p1a: Alomomola|Flip Turn|p2a: Kingambit
|-damage|p2a: Kingambit|0 fnt
|faint|p2a: Kingambit
|-end|p2a: Kingambit|fallenundefined|[silent]
|inactive|woosahh has 120 seconds left.
|
|t:|1769329598
|switch|p1a: Tyranitar|Tyranitar, M|100/100|[from] Flip Turn
|-weather|Sandstorm|[from] ability: Sand Stream|[of] p1a: Tyranitar
|
|-weather|Sandstorm|[upkeep]
|upkeep
|
|t:|1769329615
|switch|p2a: Landorus|Landorus-Therian, M|100/100
|-ability|p2a: Landorus|Intimidate|boost
|-unboost|p1a: Tyranitar|atk|1
|turn|13
|
|t:|1769329624
|switch|p1a: Alomomola|Alomomola, M, shiny|86/100
|move|p2a: Landorus|Earthquake|p1a: Alomomola
|-damage|p1a: Alomomola|49/100
|
|-weather|Sandstorm|[upkeep]
|-damage|p1a: Alomomola|43/100|[from] Sandstorm
|upkeep
|turn|14
|
|t:|1769329634
|switch|p2a: Ogerpon|Ogerpon-Wellspring, F|100/100
|move|p1a: Alomomola|Flip Turn|p2a: Ogerpon
|-immune|p2a: Ogerpon|[from] ability: Water Absorb
|
|-weather|Sandstorm|[upkeep]
|-damage|p2a: Ogerpon|95/100|[from] Sandstorm
|-damage|p1a: Alomomola|37/100|[from] Sandstorm
|upkeep
|turn|15
|
|t:|1769329649
|switch|p2a: Landorus|Landorus-Therian, M|100/100
|-ability|p2a: Landorus|Intimidate|boost
|-unboost|p1a: Alomomola|atk|1
|switch|p1a: Hydrapple|Hydrapple, M|100/100
|
|-weather|Sandstorm|[upkeep]
|-damage|p1a: Hydrapple|94/100|[from] Sandstorm
|upkeep
|turn|16
|
|t:|1769329665
|-terastallize|p2a: Landorus|Ice
|move|p2a: Landorus|Tera Blast|p1a: Hydrapple|[anim] Tera Blast Ice
|-supereffective|p1a: Hydrapple
|-damage|p1a: Hydrapple|0 fnt
|faint|p1a: Hydrapple
|
|-weather|none
|upkeep
|
|t:|1769329678
|switch|p1a: Alomomola|Alomomola, M, shiny|70/100
|turn|17
|
|t:|1769329682
|switch|p2a: Ogerpon|Ogerpon-Wellspring, F|95/100
|move|p1a: Alomomola|Flip Turn|p2a: Ogerpon
|-heal|p2a: Ogerpon|100/100|[from] ability: Water Absorb|[of] p1a: Alomomola
|
|upkeep
|turn|18
|
|t:|1769329690
|switch|p1a: Clefable|Clefable, F|100/100
|move|p2a: Ogerpon|Horn Leech|p1a: Clefable
|-damage|p1a: Clefable|64/100
|
|upkeep
|turn|19
|
|t:|1769329700
|move|p2a: Ogerpon|Ivy Cudgel|p1a: Clefable|[anim] Ivy Cudgel Water
|-damage|p1a: Clefable|15/100
|move|p1a: Clefable|Knock Off|p2a: Ogerpon
|-damage|p2a: Ogerpon|87/100
|
|upkeep
|turn|20
|
|t:|1769329709
|move|p2a: Ogerpon|Horn Leech|p1a: Clefable
|-damage|p1a: Clefable|0 fnt
|-heal|p2a: Ogerpon|97/100|[from] drain|[of] p1a: Clefable
|faint|p1a: Clefable
|
|upkeep
|
|t:|1769329711
|switch|p1a: Tyranitar|Tyranitar, M|100/100
|-weather|Sandstorm|[from] ability: Sand Stream|[of] p1a: Tyranitar
|turn|21
|
|t:|1769329715
|-terastallize|p1a: Tyranitar|Ghost
|move|p2a: Ogerpon|Superpower|p1a: Tyranitar
|-immune|p1a: Tyranitar
|move|p1a: Tyranitar|Knock Off|p2a: Ogerpon
|-damage|p2a: Ogerpon|61/100
|
|-weather|Sandstorm|[upkeep]
|-damage|p2a: Ogerpon|55/100|[from] Sandstorm
|-damage|p1a: Tyranitar|94/100|[from] Sandstorm
|upkeep
|turn|22
|
|t:|1769329724
|switch|p2a: Weezing|Weezing-Galar, M|100/100
|-ability|p2a: Weezing|Neutralizing Gas
|move|p1a: Tyranitar|Stealth Rock|p2a: Weezing
|-sidestart|p2: Hazinho|move: Stealth Rock
|
|-weather|Sandstorm|[upkeep]
|-damage|p2a: Weezing|95/100|[from] Sandstorm
|-damage|p1a: Tyranitar|88/100|[from] Sandstorm
|upkeep
|turn|23
|
|t:|1769329745
|move|p2a: Weezing|Will-O-Wisp|p1a: Tyranitar
|-status|p1a: Tyranitar|brn
|move|p1a: Tyranitar|Ice Beam|p2a: Weezing
|-damage|p2a: Weezing|66/100
|
|-weather|Sandstorm|[upkeep]
|-damage|p2a: Weezing|60/100|[from] Sandstorm
|-damage|p1a: Tyranitar|82/100 brn|[from] Sandstorm
|-damage|p1a: Tyranitar|76/100 brn|[from] brn
|upkeep
|turn|24
|
|t:|1769329753
|move|p2a: Weezing|Defog|p1a: Tyranitar
|-unboost|p1a: Tyranitar|evasion|1
|-sideend|p2: Hazinho|Stealth Rock|[from] move: Defog|[of] p2a: Weezing
|move|p1a: Tyranitar|Ice Beam|p2a: Weezing
|-damage|p2a: Weezing|35/100
|
|-weather|Sandstorm|[upkeep]
|-damage|p2a: Weezing|29/100|[from] Sandstorm
|-damage|p1a: Tyranitar|70/100 brn|[from] Sandstorm
|-damage|p1a: Tyranitar|63/100 brn|[from] brn
|upkeep
|turn|25
|
|t:|1769329760
|move|p2a: Weezing|Pain Split|p1a: Tyranitar
|-sethp|p1a: Tyranitar|44/100 brn|[from] move: Pain Split|[silent]
|-sethp|p2a: Weezing|53/100|[from] move: Pain Split
|move|p1a: Tyranitar|Stealth Rock|p2a: Weezing
|-sidestart|p2: Hazinho|move: Stealth Rock
|
|-weather|none
|-damage|p1a: Tyranitar|38/100 brn|[from] brn
|upkeep
|turn|26
|
|t:|1769329767
|move|p2a: Weezing|Defog|p1a: Tyranitar
|-unboost|p1a: Tyranitar|evasion|1
|-sideend|p2: Hazinho|Stealth Rock|[from] move: Defog|[of] p2a: Weezing
|move|p1a: Tyranitar|Ice Beam|p2a: Weezing
|-damage|p2a: Weezing|24/100
|
|-damage|p1a: Tyranitar|31/100 brn|[from] brn
|upkeep
|turn|27
|
|t:|1769329774
|move|p2a: Weezing|Pain Split|p1a: Tyranitar
|-sethp|p1a: Tyranitar|26/100 brn|[from] move: Pain Split|[silent]
|-sethp|p2a: Weezing|31/100|[from] move: Pain Split
|move|p1a: Tyranitar|Ice Beam|p2a: Weezing
|-damage|p2a: Weezing|2/100
|-status|p2a: Weezing|frz
|
|-damage|p1a: Tyranitar|20/100 brn|[from] brn
|upkeep
|turn|28
|
|t:|1769329782
|cant|p2a: Weezing|frz
|move|p1a: Tyranitar|Stealth Rock|p2a: Weezing
|-sidestart|p2: Hazinho|move: Stealth Rock
|
|-damage|p1a: Tyranitar|13/100 brn|[from] brn
|upkeep
|turn|29
|
|t:|1769329785
|switch|p1a: Alomomola|Alomomola, M, shiny|100/100
|cant|p2a: Weezing|frz
|
|upkeep
|turn|30
|
|t:|1769329790
|cant|p2a: Weezing|frz
|move|p1a: Alomomola|Wish|p1a: Alomomola
|
|upkeep
|turn|31
|
|t:|1769329795
|-curestatus|p2a: Weezing|frz|[msg]
|move|p2a: Weezing|Pain Split|p1a: Alomomola
|-sethp|p1a: Alomomola|51/100|[from] move: Pain Split|[silent]
|-sethp|p2a: Weezing|71/100|[from] move: Pain Split
|move|p1a: Alomomola|Flip Turn|p2a: Weezing
|-damage|p2a: Weezing|60/100
|
|t:|1769329799
|switch|p1a: Clodsire|Clodsire, M|76/100|[from] Flip Turn
|
|-heal|p1a: Clodsire|100/100|[from] move: Wish|[wisher] Alomomola
|upkeep
|turn|32
|
|t:|1769329812
|move|p2a: Weezing|Defog|p1a: Clodsire
|-unboost|p1a: Clodsire|evasion|1
|-sideend|p2: Hazinho|Stealth Rock|[from] move: Defog|[of] p2a: Weezing
|move|p1a: Clodsire|Earthquake|p2a: Weezing
|-supereffective|p2a: Weezing
|-damage|p2a: Weezing|26/100
|
|upkeep
|turn|33
|
|t:|1769329819
|move|p2a: Weezing|Pain Split|p1a: Clodsire
|-sethp|p1a: Clodsire|60/100|[from] move: Pain Split|[silent]
|-sethp|p2a: Weezing|83/100|[from] move: Pain Split
|move|p1a: Clodsire|Earthquake|p2a: Weezing
|-supereffective|p2a: Weezing
|-damage|p2a: Weezing|50/100
|
|upkeep
|turn|34
|
|t:|1769329829
|move|p2a: Weezing|Will-O-Wisp|p1a: Clodsire
|-status|p1a: Clodsire|brn
|move|p1a: Clodsire|Earthquake|p2a: Weezing
|-supereffective|p2a: Weezing
|-damage|p2a: Weezing|33/100
|
|-damage|p1a: Clodsire|54/100 brn|[from] brn
|upkeep
|turn|35
|
|t:|1769329838
|switch|p1a: Alomomola|Alomomola, M, shiny|51/100
|move|p2a: Weezing|Pain Split|p1a: Alomomola
|-sethp|p1a: Alomomola|37/100|[from] move: Pain Split|[silent]
|-sethp|p2a: Weezing|52/100|[from] move: Pain Split
|
|upkeep
|turn|36
|
|t:|1769329843
|-end|p2a: Weezing|ability: Neutralizing Gas
|switch|p2a: Ogerpon|Ogerpon-Wellspring, F|55/100
|move|p1a: Alomomola|Wish|p1a: Alomomola
|
|upkeep
|turn|37
|
|t:|1769329864
|move|p1a: Alomomola|Protect|p1a: Alomomola
|-singleturn|p1a: Alomomola|Protect
|move|p2a: Ogerpon|Swords Dance|p2a: Ogerpon
|-boost|p2a: Ogerpon|atk|2
|
|-heal|p1a: Alomomola|87/100|[from] move: Wish|[wisher] Alomomola
|upkeep
|turn|38
|-message|woosahh forfeited.
|
|win|Hazinho
|raw|woosahh's rating: 1294 &rarr; <strong>1273</strong><br />(-21 for losing)
|raw|Hazinho's rating: 1346 &rarr; <strong>1363</strong><br />(+17 for winning)
|l|☆woosahh
|player|p1|
|l|☆Hazinho
|player|p2|
