|j|☆llnate4L
|j|☆HuskyGrowlithe
|t:|1769308336
|gametype|singles
|player|p1|llnate4L|gentleman-gen4|1088
|player|p2|HuskyGrowlithe|crasherwake|1080
|gen|9
|tier|[Gen 9] OU
|rated|
|rule|HP Percentage Mod: HP is shown in percentages
|rule|Endless Battle Clause: Forcing endless battles is banned
|rule|Species Clause: Limit one of each Pokémon
|rule|OHKO Clause: OHKO moves are banned
|rule|Evasion Items Clause: Evasion items are banned
|rule|Evasion Moves Clause: Evasion moves are banned
|rule|Evasion Abilities Clause: Evasion abilities are banned
|rule|Sleep Moves Clause: Sleep-inducing moves are banned
|clearpoke
|poke|p1|Primarina, F|
|poke|p1|Metagross|
|poke|p1|Talonflame, M|
|poke|p1|Ninetales-Alola, F|
|poke|p1|Tsareena, F|
|poke|p1|Toxapex, M|
|poke|p2|Kingambit, M|
|poke|p2|Slowking-Galar, F|
|poke|p2|Great Tusk|
|poke|p2|Primarina, F|
|poke|p2|Ogerpon, F|
|poke|p2|Enamorus, F|
|teampreview
|inactive|Battle timer is ON: inactive players will automatically lose when time's up. (requested by HuskyGrowlithe)
|
|t:|1769308349
|teamsize|p1|6
|teamsize|p2|6
|start
|switch|p1a: Toxapex|Toxapex, M, shiny|100/100
|switch|p2a: Enamorus|Enamorus, F|100/100
|turn|1
|
|t:|1769308356
|move|p2a: Enamorus|Moonblast|p1a: Toxapex
|-resisted|p1a: Toxapex
|-damage|p1a: Toxapex|81/100
|move|p1a: Toxapex|Toxic|p2a: Enamorus
|-status|p2a: Enamorus|tox
|
|-heal|p1a: Toxapex|87/100|[from] item: Black Sludge
|-damage|p2a: Enamorus|94/100 tox|[from] psn
|upkeep
|turn|2
|
|t:|1769308368
|switch|p2a: Slowking|Slowking-Galar, F|100/100
|move|p1a: Toxapex|Baneful Bunker||[still]
|-fail|p1a: Toxapex
|
|-heal|p1a: Toxapex|93/100|[from] item: Black Sludge
|upkeep
|turn|3
|
|t:|1769308375
|move|p1a: Toxapex|Liquidation|p2a: Slowking
|-damage|p2a: Slowking|78/100
|move|p2a: Slowking|Future Sight|p1a: Toxapex
|-start|p2a: Slowking|move: Future Sight
|
|-heal|p1a: Toxapex|99/100|[from] item: Black Sludge
|upkeep
|turn|4
|
|t:|1769308384
|move|p1a: Toxapex|Liquidation|p2a: Slowking
|-damage|p2a: Slowking|59/100
|move|p2a: Slowking|Flamethrower|p1a: Toxapex
|-resisted|p1a: Toxapex
|-damage|p1a: Toxapex|91/100
|
|-heal|p1a: Toxapex|97/100|[from] item: Black Sludge
|upkeep
|turn|5
|
|t:|1769308394
|switch|p1a: Metagross|Metagross, shiny|100/100
|-prepare|p2a: Slowking|Chilly Reception|[premajor]
|move|p2a: Slowking|Chilly Reception|p2a: Slowking
|-weather|Snowscape
|
|t:|1769308403
|switch|p2a: Kingambit|Kingambit, M, shiny|100/100|[from] Chilly Reception
|
|-weather|Snowscape|[upkeep]
|-end|p1a: Metagross|move: Future Sight
|-resisted|p1a: Metagross
|-damage|p1a: Metagross|88/100
|upkeep
|turn|6
|
|t:|1769308426
|-terastallize|p1a: Metagross|Steel
|move|p1a: Metagross|Earthquake|p2a: Kingambit
|-supereffective|p2a: Kingambit
|-damage|p2a: Kingambit|39/100
|move|p2a: Kingambit|Kowtow Cleave|p1a: Metagross
|-damage|p1a: Metagross|52/100
|
|-weather|Snowscape|[upkeep]
|upkeep
|turn|7
|
|t:|1769308445
|switch|p1a: Toxapex|Toxapex, M, shiny|100/100
|switch|p2a: Slowking|Slowking-Galar, F|92/100
|
|-weather|Snowscape|[upkeep]
|upkeep
|turn|8
|
|t:|1769308455
|move|p1a: Toxapex|Liquidation|p2a: Slowking
|-damage|p2a: Slowking|72/100
|move|p2a: Slowking|Sludge Bomb|p1a: Toxapex
|-resisted|p1a: Toxapex
|-damage|p1a: Toxapex|88/100
|
|-weather|Snowscape|[upkeep]
|-heal|p1a: Toxapex|95/100|[from] item: Black Sludge
|upkeep
|turn|9
|
|t:|1769308465
|move|p1a: Toxapex|Toxic|p2a: Slowking
|-immune|p2a: Slowking
|-prepare|p2a: Slowking|Chilly Reception|[premajor]
|move|p2a: Slowking|Chilly Reception|p2a: Slowking
|
|t:|1769308473
|switch|p2a: Primarina|Primarina, F, shiny|100/100|[from] Chilly Reception
|
|-weather|none
|-heal|p1a: Toxapex|100/100|[from] item: Black Sludge
|upkeep
|turn|10
|
|t:|1769308480
|move|p2a: Primarina|Substitute|p2a: Primarina
|-start|p2a: Primarina|Substitute
|-damage|p2a: Primarina|76/100
|move|p1a: Toxapex|Gunk Shot|p2a: Primarina
|-supereffective|p2a: Primarina
|-end|p2a: Primarina|Substitute
|
|-heal|p2a: Primarina|82/100|[from] item: Leftovers
|upkeep
|turn|11
|
|t:|1769308490
|-terastallize|p2a: Primarina|Steel
|move|p2a: Primarina|Substitute|p2a: Primarina
|-start|p2a: Primarina|Substitute
|-damage|p2a: Primarina|57/100
|move|p1a: Toxapex|Gunk Shot|p2a: Primarina
|-immune|p2a: Primarina
|
|-heal|p2a: Primarina|63/100|[from] item: Leftovers
|upkeep
|turn|12
|
|t:|1769308505
|switch|p1a: Ninetales|Ninetales-Alola, F, shiny|100/100
|-weather|Snowscape|[from] ability: Snow Warning|[of] p1a: Ninetales
|move|p2a: Primarina|Calm Mind|p2a: Primarina
|-boost|p2a: Primarina|spa|1
|-boost|p2a: Primarina|spd|1
|
|-weather|Snowscape|[upkeep]
|-heal|p2a: Primarina|69/100|[from] item: Leftovers
|upkeep
|turn|13
|
|t:|1769308517
|move|p1a: Ninetales|Aurora Veil|p1a: Ninetales
|-sidestart|p1: llnate4L|move: Aurora Veil
|move|p2a: Primarina|Draining Kiss|p1a: Ninetales
|-damage|p1a: Ninetales|77/100
|-heal|p2a: Primarina|83/100|[from] drain|[of] p1a: Ninetales
|
|-weather|Snowscape|[upkeep]
|-heal|p2a: Primarina|89/100|[from] item: Leftovers
|upkeep
|turn|14
|
|t:|1769308528
|switch|p1a: Talonflame|Talonflame, M|100/100
|move|p2a: Primarina|Calm Mind|p2a: Primarina
|-boost|p2a: Primarina|spa|1
|-boost|p2a: Primarina|spd|1
|
|-weather|Snowscape|[upkeep]
|-heal|p2a: Primarina|95/100|[from] item: Leftovers
|upkeep
|turn|15
|
|t:|1769308540
|move|p1a: Talonflame|Brave Bird|p2a: Primarina
|-resisted|p2a: Primarina
|-end|p2a: Primarina|Substitute
|-damage|p1a: Talonflame|90/100|[from] Recoil|[of] p2a: Primarina
|-damage|p1a: Talonflame|81/100|[from] item: Life Orb
|move|p2a: Primarina|Psychic Noise|p1a: Talonflame
|-damage|p1a: Talonflame|40/100
|-start|p1a: Talonflame|move: Heal Block
|
|-weather|Snowscape|[upkeep]
|-heal|p2a: Primarina|100/100|[from] item: Leftovers
|upkeep
|turn|16
|
|t:|1769308554
|move|p1a: Talonflame|Flare Blitz|p2a: Primarina
|-supereffective|p2a: Primarina
|-damage|p2a: Primarina|0 fnt
|faint|p2a: Primarina
|-damage|p1a: Talonflame|0 fnt|[from] Recoil
|faint|p1a: Talonflame
|
|-weather|none
|upkeep
|inactive|llnate4L has 120 seconds left.
|
|t:|1769308581
|switch|p1a: Tsareena|Tsareena, F|100/100
|switch|p2a: Ogerpon|Ogerpon, F|100/100
|turn|17
|
|t:|1769308589
|move|p2a: Ogerpon|Knock Off|p1a: Tsareena
|-damage|p1a: Tsareena|80/100
|-enditem|p1a: Tsareena|Quick Claw|[from] move: Knock Off|[of] p2a: Ogerpon
|-damage|p2a: Ogerpon|91/100|[from] item: Life Orb
|move|p1a: Tsareena|U-turn|p2a: Ogerpon
|-supereffective|p2a: Ogerpon
|-damage|p2a: Ogerpon|20/100
|inactive|llnate4L has 120 seconds left.
|
|t:|1769308601
|switch|p1a: Metagross|Metagross, shiny, tera:Steel|52/100|[from] U-turn
|
|upkeep
|turn|18
|
|t:|1769308608
|move|p2a: Ogerpon|Protect|p2a: Ogerpon
|-singleturn|p2a: Ogerpon|Protect
|move|p1a: Metagross|Bullet Punch|p2a: Ogerpon
|-activate|p2a: Ogerpon|move: Protect
|
|upkeep
|turn|19
|
|t:|1769308619
|switch|p2a: Enamorus|Enamorus, F|94/100 tox
|move|p1a: Metagross|Earthquake|p2a: Enamorus
|-immune|p2a: Enamorus
|
|-damage|p2a: Enamorus|88/100 tox|[from] psn
|upkeep
|turn|20
|
|t:|1769308627
|move|p1a: Metagross|Bullet Punch|p2a: Enamorus
|-supereffective|p2a: Enamorus
|-damage|p2a: Enamorus|8/100 tox
|move|p2a: Enamorus|Earth Power|p1a: Metagross
|-supereffective|p1a: Metagross
|-damage|p1a: Metagross|18/100
|-enditem|p1a: Metagross|Weakness Policy
|-boost|p1a: Metagross|atk|2|[from] item: Weakness Policy
|-boost|p1a: Metagross|spa|2|[from] item: Weakness Policy
|
|-damage|p2a: Enamorus|0 fnt|[from] psn
|faint|p2a: Enamorus
|-sideend|p1: llnate4L|move: Aurora Veil
|upkeep
|
|t:|1769308638
|switch|p2a: Slowking|Slowking-Galar, F|100/100
|turn|21
|
|t:|1769308643
|move|p1a: Metagross|Earthquake|p2a: Slowking
|-supereffective|p2a: Slowking
|-damage|p2a: Slowking|0 fnt
|faint|p2a: Slowking
|
|upkeep
|
|t:|1769308645
|switch|p2a: Kingambit|Kingambit, M, shiny|39/100
|turn|22
|
|t:|1769308653
|move|p1a: Metagross|Earthquake|p2a: Kingambit
|-supereffective|p2a: Kingambit
|-damage|p2a: Kingambit|0 fnt
|faint|p2a: Kingambit
|
|upkeep
|
|t:|1769308655
|switch|p2a: Ogerpon|Ogerpon, F|20/100
|turn|23
|
|t:|1769308658
|move|p1a: Metagross|Bullet Punch|p2a: Ogerpon
|-damage|p2a: Ogerpon|0 fnt
|faint|p2a: Ogerpon
|
|upkeep
|
|t:|1769308662
|switch|p2a: Great Tusk|Great Tusk, shiny|100/100
|-enditem|p2a: Great Tusk|Booster Energy
|-activate|p2a: Great Tusk|ability: Protosynthesis|[fromitem]
|-start|p2a: Great Tusk|protosynthesisspe
|turn|24
|
|t:|1769308675
|move|p2a: Great Tusk|Headlong Rush|p1a: Metagross
|-supereffective|p1a: Metagross
|-damage|p1a: Metagross|0 fnt
|-unboost|p2a: Great Tusk|def|1
|-unboost|p2a: Great Tusk|spd|1
|faint|p1a: Metagross
|
|upkeep
|
|t:|1769308685
|switch|p1a: Primarina|Primarina, F, shiny|100/100
|turn|25
|
|t:|1769308690
|move|p2a: Great Tusk|Headlong Rush|p1a: Primarina
|-damage|p1a: Primarina|37/100
|-unboost|p2a: Great Tusk|def|1
|-unboost|p2a: Great Tusk|spd|1
|move|p1a: Primarina|Sparkling Aria|p2a: Great Tusk
|-supereffective|p2a: Great Tusk
|-damage|p2a: Great Tusk|0 fnt
|faint|p2a: Great Tusk
|-end|p2a: Great Tusk|Protosynthesis|[silent]
|
|win|llnate4L
|raw|llnate4L's rating: 1088 &rarr; <strong>1114</strong><br />(+26 for winning)
|raw|HuskyGrowlithe's rating: 1080 &rarr; <strong>1059</strong><br />(-21 for losing)
|l|☆HuskyGrowlithe
|player|p2|
