|j|☆mcdungys
|j|☆patea viejitas
|t:|1769442924
|gametype|singles
|player|p1|mcdungys|steven|1175
|player|p2|patea viejitas|ltsurge|1202
|gen|9
|tier|[Gen 9] OU
|rated|
|rule|HP Percentage Mod: HP is shown in percentages
|rule|Endless Battle Clause: Forcing endless battles is banned
|rule|Species Clause: Limit one of each Pokémon
|rule|OHKO Clause: OHKO moves are banned
|rule|Evasion Items Clause: Evasion items are banned
|rule|Evasion Moves Clause: Evasion moves are banned
|rule|Evasion Abilities Clause: Evasion abilities are banned
|rule|Sleep Moves Clause: Sleep-inducing moves are banned
|clearpoke
|poke|p1|Pelipper, F|
|poke|p1|Toxapex, M|
|poke|p1|Lanturn, F|
|poke|p1|Barraskewda, F|
|poke|p1|Greninja-*, M|
|poke|p1|Quaquaval, M|
|poke|p2|Dragapult, M|
|poke|p2|Skeledirge, M|
|poke|p2|Dragonite, M|
|poke|p2|Samurott-Hisui, M|
|poke|p2|Great Tusk|
|poke|p2|Gholdengo|
|teampreview
|
|t:|1769442945
|teamsize|p1|6
|teamsize|p2|6
|start
|switch|p1a: Pelipper|Pelipper, F|100/100
|switch|p2a: Samurott|Samurott-Hisui, M|100/100
|-weather|RainDance|[from] ability: Drizzle|[of] p1a: Pelipper
|turn|1
|
|t:|1769442993
|move|p2a: Samurott|Ceaseless Edge|p1a: Pelipper
|-damage|p1a: Pelipper|64/100
|-sidestart|p1: mcdungys|Spikes
|move|p1a: Pelipper|U-turn|p2a: Samurott
|-supereffective|p2a: Samurott
|-damage|p2a: Samurott|77/100
|
|t:|1769443008
|switch|p1a: Quaquaval|Quaquaval, M|100/100|[from] U-turn
|
|-weather|RainDance|[upkeep]
|upkeep
|turn|2
|
|t:|1769443015
|move|p2a: Samurott|Razor Shell|p1a: Quaquaval
|-resisted|p1a: Quaquaval
|-damage|p1a: Quaquaval|47/100
|-unboost|p1a: Quaquaval|def|1
|move|p1a: Quaquaval|Aqua Step|p2a: Samurott
|-resisted|p2a: Samurott
|-damage|p2a: Samurott|36/100
|-boost|p1a: Quaquaval|spe|1
|
|-weather|RainDance|[upkeep]
|upkeep
|turn|3
|
|t:|1769443025
|move|p2a: Samurott|Aqua Jet|p1a: Quaquaval
|-resisted|p1a: Quaquaval
|-crit|p1a: Quaquaval
|-damage|p1a: Quaquaval|8/100
|move|p1a: Quaquaval|Close Combat|p2a: Samurott
|-supereffective|p2a: Samurott
|-damage|p2a: Samurott|0 fnt
|-unboost|p1a: Quaquaval|def|1
|-unboost|p1a: Quaquaval|spd|1
|faint|p2a: Samurott
|-ability|p1a: Quaquaval|Moxie|boost
|-boost|p1a: Quaquaval|atk|1
|
|-weather|RainDance|[upkeep]
|upkeep
|
|t:|1769443032
|switch|p2a: Dragonite|Dragonite, M|100/100
|turn|4
|
|t:|1769443037
|switch|p1a: Toxapex|Toxapex, M|100/100
|-damage|p1a: Toxapex|88/100|[from] Spikes
|move|p2a: Dragonite|Dragon Dance|p2a: Dragonite
|-boost|p2a: Dragonite|atk|1
|-boost|p2a: Dragonite|spe|1
|
|-weather|RainDance|[upkeep]
|upkeep
|turn|5
|
|t:|1769443049
|move|p1a: Toxapex|Baneful Bunker|p1a: Toxapex
|-singleturn|p1a: Toxapex|move: Protect
|move|p2a: Dragonite|Dragon Dance|p2a: Dragonite
|-boost|p2a: Dragonite|atk|1
|-boost|p2a: Dragonite|spe|1
|
|-weather|RainDance|[upkeep]
|upkeep
|turn|6
|
|t:|1769443056
|move|p2a: Dragonite|Dragon Dance|p2a: Dragonite
|-boost|p2a: Dragonite|atk|1
|-boost|p2a: Dragonite|spe|1
|move|p1a: Toxapex|Haze|p1a: Toxapex
|-clearallboost
|
|-weather|RainDance|[upkeep]
|upkeep
|turn|7
|inactive|Battle timer is ON: inactive players will automatically lose when time's up. (requested by patea viejitas)
|
|t:|1769443090
|move|p2a: Dragonite|Dragon Dance|p2a: Dragonite
|-boost|p2a: Dragonite|atk|1
|-boost|p2a: Dragonite|spe|1
|move|p1a: Toxapex|Toxic|p2a: Dragonite
|-status|p2a: Dragonite|tox
|
|-weather|RainDance|[upkeep]
|-damage|p2a: Dragonite|94/100 tox|[from] psn
|upkeep
|turn|8
|
|t:|1769443099
|move|p2a: Dragonite|Outrage|p1a: Toxapex
|-damage|p1a: Toxapex|27/100
|-damage|p2a: Dragonite|78/100 tox|[from] item: Rocky Helmet|[of] p1a: Toxapex
|move|p1a: Toxapex|Haze|p1a: Toxapex
|-clearallboost
|
|-weather|none
|-damage|p2a: Dragonite|65/100 tox|[from] psn
|upkeep
|turn|9
|inactive|mcdungys has 120 seconds left.
|
|t:|1769443132
|switch|p1a: Pelipper|Pelipper, F|64/100
|-weather|RainDance|[from] ability: Drizzle|[of] p1a: Pelipper
|move|p2a: Dragonite|Outrage|p1a: Pelipper|[from] lockedmove
|-damage|p1a: Pelipper|2/100
|
|-weather|RainDance|[upkeep]
|-damage|p2a: Dragonite|47/100 tox|[from] psn
|upkeep
|turn|10
|inactive|mcdungys has 120 seconds left.
|
|t:|1769443153
|switch|p1a: Toxapex|Toxapex, M|60/100
|-damage|p1a: Toxapex|48/100|[from] Spikes
|move|p2a: Dragonite|Outrage|p1a: Toxapex|[from] lockedmove
|-damage|p1a: Toxapex|6/100
|-damage|p2a: Dragonite|30/100 tox|[from] item: Rocky Helmet|[of] p1a: Toxapex
|-start|p2a: Dragonite|confusion|[fatigue]
|
|-weather|RainDance|[upkeep]
|-damage|p2a: Dragonite|5/100 tox|[from] psn
|upkeep
|turn|11
|
|t:|1769443164
|move|p1a: Toxapex|Baneful Bunker|p1a: Toxapex
|-singleturn|p1a: Toxapex|move: Protect
|-activate|p2a: Dragonite|confusion
|move|p2a: Dragonite|Extreme Speed|p1a: Toxapex
|-activate|p1a: Toxapex|move: Protect
|
|-weather|RainDance|[upkeep]
|-damage|p2a: Dragonite|0 fnt|[from] psn
|faint|p2a: Dragonite
|upkeep
|
|t:|1769443169
|switch|p2a: Dragapult|Dragapult, M|100/100
|turn|12
|inactive|mcdungys has 120 seconds left.
|
|t:|1769443202
|switch|p1a: Lanturn|Lanturn, F|100/100
|-damage|p1a: Lanturn|88/100|[from] Spikes
|move|p2a: Dragapult|Dragon Darts|p1a: Lanturn
|-damage|p1a: Lanturn|54/100
|-anim|p2a: Dragapult|Dragon Darts|p1a: Lanturn
|-damage|p1a: Lanturn|19/100
|-damage|p2a: Dragapult|91/100|[from] item: Life Orb
|
|-weather|RainDance|[upkeep]
|-heal|p1a: Lanturn|25/100|[from] item: Leftovers
|upkeep
|turn|13
|
|t:|1769443224
|move|p2a: Dragapult|U-turn|p1a: Lanturn
|-damage|p1a: Lanturn|0 fnt
|faint|p1a: Lanturn
|-damage|p2a: Dragapult|81/100|[from] item: Life Orb
|
|t:|1769443228
|switch|p2a: Gholdengo|Gholdengo|100/100|[from] U-turn
|
|-weather|RainDance|[upkeep]
|upkeep
|inactive|mcdungys has 90 seconds left.
|
|t:|1769443263
|switch|p1a: Greninja|Greninja, M|100/100
|-damage|p1a: Greninja|88/100|[from] Spikes
|turn|14
|
|t:|1769443268
|move|p2a: Gholdengo|Shadow Ball|p1a: Greninja
|-resisted|p1a: Greninja
|-damage|p1a: Greninja|52/100
|move|p1a: Greninja|Dark Pulse|p2a: Gholdengo
|-supereffective|p2a: Gholdengo
|-damage|p2a: Gholdengo|0 fnt
|faint|p2a: Gholdengo
|-ability|p1a: Greninja|Battle Bond|boost
|-boost|p1a: Greninja|atk|1
|-boost|p1a: Greninja|spa|1
|-boost|p1a: Greninja|spe|1
|-activate|p1a: Greninja|ability: Battle Bond
|-damage|p1a: Greninja|43/100|[from] item: Life Orb
|
|-weather|RainDance|[upkeep]
|upkeep
|
|t:|1769443272
|switch|p2a: Skeledirge|Skeledirge, M|100/100
|turn|15
|c|☆patea viejitas|thats gg
|inactive|mcdungys has 90 seconds left.
|
|t:|1769443298
|move|p1a: Greninja|Surf|p2a: Skeledirge
|-supereffective|p2a: Skeledirge
|-damage|p2a: Skeledirge|0 fnt
|faint|p2a: Skeledirge
|-damage|p1a: Greninja|33/100|[from] item: Life Orb
|
|-weather|RainDance|[upkeep]
|upkeep
|
|t:|1769443302
|switch|p2a: Dragapult|Dragapult, M|81/100
|turn|16
|
|t:|1769443306
|move|p2a: Dragapult|Sucker Punch|p1a: Greninja
|-resisted|p1a: Greninja
|-damage|p1a: Greninja|7/100
|-damage|p2a: Dragapult|71/100|[from] item: Life Orb
|move|p1a: Greninja|Dark Pulse|p2a: Dragapult
|-supereffective|p2a: Dragapult
|-damage|p2a: Dragapult|0 fnt
|faint|p2a: Dragapult
|-damage|p1a: Greninja|0 fnt|[from] item: Life Orb
|faint|p1a: Greninja
|
|-weather|none
|upkeep
|c|☆mcdungys|gg
|inactive|mcdungys has 90 seconds left.
|c|☆patea viejitas|gg
|
|t:|1769443319
|switch|p2a: Great Tusk|Great Tusk|100/100
|switch|p1a: Pelipper|Pelipper, F|2/100
|-weather|RainDance|[from] ability: Drizzle|[of] p1a: Pelipper
|-enditem|p2a: Great Tusk|Booster Energy
|-activate|p2a: Great Tusk|ability: Protosynthesis|[fromitem]
|-start|p2a: Great Tusk|protosynthesisatk
|turn|17
|c|☆patea viejitas|third time in a row i loose to rain lmao
|
|t:|1769443325
|move|p2a: Great Tusk|Rapid Spin|p1a: Pelipper
|-damage|p1a: Pelipper|0 fnt
|-boost|p2a: Great Tusk|spe|1
|faint|p1a: Pelipper
|
|-weather|RainDance|[upkeep]
|upkeep
|
|t:|1769443334
|switch|p1a: Barraskewda|Barraskewda, F|100/100
|-damage|p1a: Barraskewda|88/100|[from] Spikes
|turn|18
|
|t:|1769443357
|move|p1a: Barraskewda|Waterfall|p2a: Great Tusk
|-supereffective|p2a: Great Tusk
|-damage|p2a: Great Tusk|0 fnt
|faint|p2a: Great Tusk
|-end|p2a: Great Tusk|Protosynthesis|[silent]
|
|win|mcdungys
|raw|mcdungys's rating: 1175 &rarr; <strong>1200</strong><br />(+25 for winning)
|raw|patea viejitas's rating: 1177 &rarr; <strong>1152</strong><br />(-25 for losing)
