|j|☆Teefryingpan
|j|☆Mortifi
|t:|1769347791
|gametype|singles
|player|p1|Teefryingpan|102|1514
|player|p2|Mortifi|pokemaniac|1507
|gen|9
|tier|[Gen 9] OU
|rated|
|rule|HP Percentage Mod: HP is shown in percentages
|rule|Endless Battle Clause: Forcing endless battles is banned
|rule|Species Clause: Limit one of each Pokémon
|rule|OHKO Clause: OHKO moves are banned
|rule|Evasion Items Clause: Evasion items are banned
|rule|Evasion Moves Clause: Evasion moves are banned
|rule|Evasion Abilities Clause: Evasion abilities are banned
|rule|Sleep Moves Clause: Sleep-inducing moves are banned
|clearpoke
|poke|p1|Samurott-Hisui, F|
|poke|p1|Dragapult, F|
|poke|p1|Enamorus, F|
|poke|p1|Scizor, F|
|poke|p1|Iron Treads|
|poke|p1|Ogerpon-Wellspring, F|
|poke|p2|Ogerpon-Cornerstone, F|
|poke|p2|Slowking-Galar, F|
|poke|p2|Ting-Lu|
|poke|p2|Raging Bolt|
|poke|p2|Cyclizar, M|
|poke|p2|Corviknight, M|
|teampreview
|inactive|Battle timer is ON: inactive players will automatically lose when time's up. (requested by Teefryingpan)
|
|t:|1769347809
|teamsize|p1|6
|teamsize|p2|6
|start
|switch|p1a: Scizor|Scizor, F|100/100
|switch|p2a: Cyclizar|Cyclizar, M|100/100
|turn|1
|
|t:|1769347817
|move|p2a: Cyclizar|U-turn|p1a: Scizor
|-resisted|p1a: Scizor
|-damage|p1a: Scizor|93/100
|
|t:|1769347820
|switch|p2a: Corviknight|Corviknight, M|100/100|[from] U-turn
|-ability|p2a: Corviknight|Pressure
|move|p1a: Scizor|U-turn|p2a: Corviknight
|-resisted|p2a: Corviknight
|-damage|p2a: Corviknight|91/100
|-damage|p1a: Scizor|76/100|[from] item: Rocky Helmet|[of] p2a: Corviknight
|
|t:|1769347827
|switch|p1a: Dragapult|Dragapult, F|100/100|[from] U-turn
|
|upkeep
|turn|2
|
|t:|1769347832
|switch|p2a: Ting-Lu|Ting-Lu|100/100
|-ability|p2a: Ting-Lu|Vessel of Ruin
|move|p1a: Dragapult|U-turn|p2a: Ting-Lu
|-supereffective|p2a: Ting-Lu
|-damage|p2a: Ting-Lu|87/100
|
|t:|1769347834
|switch|p1a: Samurott|Samurott-Hisui, F|100/100|[from] U-turn
|
|-heal|p2a: Ting-Lu|93/100|[from] item: Leftovers
|upkeep
|turn|3
|
|t:|1769347842
|switch|p2a: Corviknight|Corviknight, M|91/100
|-ability|p2a: Corviknight|Pressure
|move|p1a: Samurott|Swords Dance|p1a: Samurott
|-boost|p1a: Samurott|atk|2
|
|upkeep
|turn|4
|
|t:|1769347856
|move|p1a: Samurott|Ceaseless Edge|p2a: Corviknight
|-damage|p2a: Corviknight|41/100
|-damage|p1a: Samurott|84/100|[from] item: Rocky Helmet|[of] p2a: Corviknight
|-sidestart|p2: Mortifi|Spikes
|move|p2a: Corviknight|Bulk Up|p2a: Corviknight
|-boost|p2a: Corviknight|atk|1
|-boost|p2a: Corviknight|def|1
|
|upkeep
|turn|5
|
|t:|1769347864
|move|p1a: Samurott|Ceaseless Edge|p2a: Corviknight
|-damage|p2a: Corviknight|4/100
|-damage|p1a: Samurott|67/100|[from] item: Rocky Helmet|[of] p2a: Corviknight
|-sidestart|p2: Mortifi|Spikes
|move|p2a: Corviknight|Roost|p2a: Corviknight
|-heal|p2a: Corviknight|54/100
|-singleturn|p2a: Corviknight|move: Roost
|
|upkeep
|turn|6
|
|t:|1769347872
|move|p1a: Samurott|Swords Dance|p1a: Samurott
|-boost|p1a: Samurott|atk|2
|move|p2a: Corviknight|Roost|p2a: Corviknight
|-heal|p2a: Corviknight|100/100
|-singleturn|p2a: Corviknight|move: Roost
|
|upkeep
|turn|7
|
|t:|1769347882
|move|p1a: Samurott|Ceaseless Edge|p2a: Corviknight
|-damage|p2a: Corviknight|47/100
|-damage|p1a: Samurott|51/100|[from] item: Rocky Helmet|[of] p2a: Corviknight
|-sidestart|p2: Mortifi|Spikes
|move|p2a: Corviknight|Brave Bird|p1a: Samurott
|-damage|p1a: Samurott|0 fnt
|-damage|p2a: Corviknight|31/100|[from] item: Rocky Helmet|[of] p1a: Samurott
|faint|p1a: Samurott
|-damage|p2a: Corviknight|17/100|[from] Recoil
|
|upkeep
|
|t:|1769347892
|switch|p1a: Dragapult|Dragapult, F|100/100
|turn|8
|
|t:|1769347902
|switch|p2a: Ting-Lu|Ting-Lu|93/100
|-damage|p2a: Ting-Lu|69/100|[from] Spikes
|-ability|p2a: Ting-Lu|Vessel of Ruin
|move|p1a: Dragapult|Shadow Ball|p2a: Ting-Lu
|-resisted|p2a: Ting-Lu
|-damage|p2a: Ting-Lu|53/100
|
|-heal|p2a: Ting-Lu|60/100|[from] item: Leftovers
|upkeep
|turn|9
|
|t:|1769347919
|switch|p1a: Scizor|Scizor, F|76/100
|move|p2a: Ting-Lu|Stealth Rock|p1a: Scizor
|-sidestart|p1: Teefryingpan|move: Stealth Rock
|
|-heal|p2a: Ting-Lu|66/100|[from] item: Leftovers
|upkeep
|turn|10
|
|t:|1769347931
|move|p1a: Scizor|U-turn|p2a: Ting-Lu
|-supereffective|p2a: Ting-Lu
|-damage|p2a: Ting-Lu|13/100
|
|t:|1769347934
|switch|p1a: Iron Treads|Iron Treads|100/100|[from] U-turn
|move|p2a: Ting-Lu|Payback|p1a: Iron Treads
|-damage|p1a: Iron Treads|89/100
|
|-heal|p2a: Ting-Lu|19/100|[from] item: Leftovers
|upkeep
|turn|11
|
|t:|1769347951
|move|p1a: Iron Treads|Stealth Rock|p2a: Ting-Lu
|-sidestart|p2: Mortifi|move: Stealth Rock
|move|p2a: Ting-Lu|Earthquake|p1a: Iron Treads
|-supereffective|p1a: Iron Treads
|-damage|p1a: Iron Treads|35/100
|
|-heal|p2a: Ting-Lu|26/100|[from] item: Leftovers
|upkeep
|turn|12
|
|t:|1769347964
|move|p1a: Iron Treads|Ice Spinner|p2a: Ting-Lu
|-supereffective|p2a: Ting-Lu
|-damage|p2a: Ting-Lu|10/100
|move|p2a: Ting-Lu|Earthquake|p1a: Iron Treads
|-supereffective|p1a: Iron Treads
|-damage|p1a: Iron Treads|0 fnt
|faint|p1a: Iron Treads
|-end|p1a: Iron Treads|Quark Drive|[silent]
|
|-heal|p2a: Ting-Lu|16/100|[from] item: Leftovers
|upkeep
|
|t:|1769347968
|switch|p1a: Ogerpon|Ogerpon-Wellspring, F|100/100
|-damage|p1a: Ogerpon|88/100|[from] Stealth Rock
|turn|13
|
|t:|1769347975
|move|p1a: Ogerpon|Ivy Cudgel|p2a: Ting-Lu|[anim] Ivy Cudgel Water
|-supereffective|p2a: Ting-Lu
|-damage|p2a: Ting-Lu|0 fnt
|faint|p2a: Ting-Lu
|
|upkeep
|
|t:|1769347980
|switch|p2a: Cyclizar|Cyclizar, M|100/100
|turn|14
|
|t:|1769347985
|move|p2a: Cyclizar|Draco Meteor|p1a: Ogerpon
|-damage|p1a: Ogerpon|41/100
|-unboost|p2a: Cyclizar|spa|2
|move|p1a: Ogerpon|Knock Off|p2a: Cyclizar
|-damage|p2a: Cyclizar|49/100
|-enditem|p2a: Cyclizar|Heavy-Duty Boots|[from] move: Knock Off|[of] p1a: Ogerpon
|
|upkeep
|turn|15
|
|t:|1769347995
|switch|p1a: Scizor|Scizor, F|76/100
|-damage|p1a: Scizor|64/100|[from] Stealth Rock
|move|p2a: Cyclizar|Rapid Spin|p1a: Scizor
|-resisted|p1a: Scizor
|-damage|p1a: Scizor|55/100
|-boost|p2a: Cyclizar|spe|1
|-sideend|p2: Mortifi|Spikes|[from] move: Rapid Spin|[of] p2a: Cyclizar
|-sideend|p2: Mortifi|Stealth Rock|[from] move: Rapid Spin|[of] p2a: Cyclizar
|
|upkeep
|turn|16
|
|t:|1769348008
|switch|p2a: Corviknight|Corviknight, M|17/100
|-ability|p2a: Corviknight|Pressure
|move|p1a: Scizor|Brick Break|p2a: Corviknight
|-crit|p2a: Corviknight
|-damage|p2a: Corviknight|0 fnt
|-damage|p1a: Scizor|39/100|[from] item: Rocky Helmet|[of] p2a: Corviknight
|faint|p2a: Corviknight
|
|upkeep
|
|t:|1769348019
|switch|p2a: Slowking|Slowking-Galar, F|100/100
|turn|17
|
|t:|1769348030
|switch|p1a: Ogerpon|Ogerpon-Wellspring, F|41/100
|-damage|p1a: Ogerpon|29/100|[from] Stealth Rock
|-prepare|p2a: Slowking|Chilly Reception|[premajor]
|move|p2a: Slowking|Chilly Reception|p2a: Slowking
|-weather|Snowscape
|
|t:|1769348036
|switch|p2a: Cyclizar|Cyclizar, M|82/100|[from] Chilly Reception
|
|-weather|Snowscape|[upkeep]
|upkeep
|turn|18
|
|t:|1769348045
|move|p2a: Cyclizar|U-turn|p1a: Ogerpon
|-supereffective|p1a: Ogerpon
|-damage|p1a: Ogerpon|0 fnt
|faint|p1a: Ogerpon
|
|t:|1769348055
|switch|p2a: Raging Bolt|Raging Bolt|100/100|[from] U-turn
|
|-weather|Snowscape|[upkeep]
|upkeep
|
|t:|1769348067
|switch|p1a: Enamorus|Enamorus, F|100/100
|-damage|p1a: Enamorus|76/100|[from] Stealth Rock
|turn|19
|
|t:|1769348074
|-end|p2a: Raging Bolt|Protosynthesis|[silent]
|switch|p2a: Slowking|Slowking-Galar, F|100/100
|-terastallize|p1a: Enamorus|Ground
|move|p1a: Enamorus|Earth Power|p2a: Slowking
|-supereffective|p2a: Slowking
|-damage|p2a: Slowking|47/100
|
|-weather|Snowscape|[upkeep]
|upkeep
|turn|20
|
|t:|1769348099
|move|p1a: Enamorus|Earth Power|p2a: Slowking
|-supereffective|p2a: Slowking
|-damage|p2a: Slowking|0 fnt
|faint|p2a: Slowking
|
|-weather|Snowscape|[upkeep]
|upkeep
|
|t:|1769348105
|switch|p2a: Ogerpon|Ogerpon-Cornerstone, F|100/100
|turn|21
|
|t:|1769348113
|switch|p1a: Dragapult|Dragapult, F|100/100
|-damage|p1a: Dragapult|88/100|[from] Stealth Rock
|move|p2a: Ogerpon|Horn Leech|p1a: Dragapult
|-resisted|p1a: Dragapult
|-damage|p1a: Dragapult|58/100
|
|-weather|none
|upkeep
|turn|22
|j| Tb_cccc15
|
|t:|1769348123
|move|p1a: Dragapult|Draco Meteor|p2a: Ogerpon
|-damage|p2a: Ogerpon|3/100
|-unboost|p1a: Dragapult|spa|2
|move|p2a: Ogerpon|Ivy Cudgel|p1a: Dragapult|[anim] Ivy Cudgel Rock
|-damage|p1a: Dragapult|0 fnt
|faint|p1a: Dragapult
|
|upkeep
|
|t:|1769348129
|switch|p1a: Scizor|Scizor, F|39/100
|-damage|p1a: Scizor|26/100|[from] Stealth Rock
|turn|23
|
|t:|1769348137
|move|p1a: Scizor|Bullet Punch|p2a: Ogerpon
|-supereffective|p2a: Ogerpon
|-damage|p2a: Ogerpon|0 fnt
|faint|p2a: Ogerpon
|
|upkeep
|
|t:|1769348141
|switch|p2a: Raging Bolt|Raging Bolt|100/100
|turn|24
|
|t:|1769348145
|move|p1a: Scizor|Bullet Punch|p2a: Raging Bolt
|-resisted|p2a: Raging Bolt
|-damage|p2a: Raging Bolt|79/100
|move|p2a: Raging Bolt|Draco Meteor|p1a: Scizor
|-resisted|p1a: Scizor
|-damage|p1a: Scizor|0 fnt
|-unboost|p2a: Raging Bolt|spa|2
|faint|p1a: Scizor
|
|upkeep
|
|t:|1769348147
|switch|p1a: Enamorus|Enamorus, F, tera:Ground|76/100
|-damage|p1a: Enamorus|69/100|[from] Stealth Rock
|turn|25
|
|t:|1769348159
|-end|p2a: Raging Bolt|Protosynthesis|[silent]
|switch|p2a: Cyclizar|Cyclizar, M|100/100
|move|p1a: Enamorus|Moonblast|p2a: Cyclizar
|-supereffective|p2a: Cyclizar
|-damage|p2a: Cyclizar|0 fnt
|faint|p2a: Cyclizar
|
|upkeep
|
|t:|1769348165
|switch|p2a: Raging Bolt|Raging Bolt|79/100
|turn|26
|
|t:|1769348169
|-terastallize|p2a: Raging Bolt|Fairy
|move|p1a: Enamorus|Moonblast|p2a: Raging Bolt
|-damage|p2a: Raging Bolt|36/100
|move|p2a: Raging Bolt|Draco Meteor|p1a: Enamorus
|-damage|p1a: Enamorus|0 fnt
|-unboost|p2a: Raging Bolt|spa|2
|faint|p1a: Enamorus
|
|win|Mortifi
|raw|Teefryingpan's rating: 1514 &rarr; <strong>1494</strong><br />(-20 for losing)
|raw|Mortifi's rating: 1507 &rarr; <strong>1527</strong><br />(+20 for winning)
|l|☆Teefryingpan
|player|p1|
|l|☆Mortifi
|player|p2|
|l| Tb_cccc15
