|j|☆bigabaux
|j|☆Cour3tro
|t:|1769304889
|gametype|singles
|player|p1|bigabaux|roxie|1008
|player|p2|Cour3tro|170|1000
|gen|9
|tier|[Gen 9] OU
|rated|
|rule|HP Percentage Mod: HP is shown in percentages
|rule|Endless Battle Clause: Forcing endless battles is banned
|rule|Species Clause: Limit one of each Pokémon
|rule|OHKO Clause: OHKO moves are banned
|rule|Evasion Items Clause: Evasion items are banned
|rule|Evasion Moves Clause: Evasion moves are banned
|rule|Evasion Abilities Clause: Evasion abilities are banned
|rule|Sleep Moves Clause: Sleep-inducing moves are banned
|clearpoke
|poke|p1|Gholdengo|
|poke|p1|Rillaboom, M|
|poke|p1|Serperior, M|
|poke|p1|Zamazenta-*|
|poke|p1|Heatran, F|
|poke|p1|Great Tusk|
|poke|p2|Glimmora, F|
|poke|p2|Zapdos-Galar|
|poke|p2|Vaporeon, F|
|poke|p2|Mew|
|poke|p2|Haxorus, F|
|poke|p2|Toedscruel, F|
|teampreview
|
|t:|1769304911
|teamsize|p1|6
|teamsize|p2|6
|start
|switch|p1a: Heatran|Heatran, F, shiny|100/100
|switch|p2a: Mew|Mew|100/100
|-item|p1a: Heatran|Air Balloon
|turn|1
|inactive|Battle timer is ON: inactive players will automatically lose when time's up. (requested by bigabaux)
|
|t:|1769304931
|move|p2a: Mew|Flip Turn|p1a: Heatran
|-supereffective|p1a: Heatran
|-damage|p1a: Heatran|77/100
|-enditem|p1a: Heatran|Air Balloon
|
|t:|1769304940
|switch|p2a: Vaporeon|Vaporeon, F|100/100|[from] Flip Turn
|move|p1a: Heatran|Taunt|p2a: Vaporeon
|-start|p2a: Vaporeon|move: Taunt
|
|upkeep
|turn|2
|
|t:|1769304957
|switch|p1a: Rillaboom|Rillaboom, M|100/100
|-fieldstart|move: Grassy Terrain|[from] ability: Grassy Surge|[of] p1a: Rillaboom
|move|p2a: Vaporeon|Scald|p1a: Rillaboom
|-resisted|p1a: Rillaboom
|-damage|p1a: Rillaboom|82/100
|
|-heal|p1a: Rillaboom|88/100|[from] Grassy Terrain
|upkeep
|turn|3
|
|t:|1769304971
|switch|p2a: Glimmora|Glimmora, F|100/100
|move|p1a: Rillaboom|Grassy Glide|p2a: Glimmora
|-damage|p2a: Glimmora|36/100
|-activate|p2a: Glimmora|ability: Toxic Debris
|-sidestart|p1: bigabaux|move: Toxic Spikes
|-damage|p1a: Rillaboom|78/100|[from] item: Life Orb
|
|-heal|p2a: Glimmora|42/100|[from] Grassy Terrain
|-heal|p1a: Rillaboom|85/100|[from] Grassy Terrain
|upkeep
|turn|4
|
|t:|1769304993
|move|p2a: Glimmora|Spiky Shield|p2a: Glimmora
|-singleturn|p2a: Glimmora|move: Protect
|move|p1a: Rillaboom|Grassy Glide|p2a: Glimmora
|-activate|p2a: Glimmora|move: Protect
|-damage|p1a: Rillaboom|72/100|[from] Spiky Shield|[of] p2a: Glimmora
|
|-heal|p2a: Glimmora|48/100|[from] Grassy Terrain
|-heal|p1a: Rillaboom|78/100|[from] Grassy Terrain
|upkeep
|turn|5
|
|t:|1769305011
|switch|p2a: Zapdos|Zapdos-Galar|100/100
|move|p1a: Rillaboom|Grassy Glide|p2a: Zapdos
|-resisted|p2a: Zapdos
|-damage|p2a: Zapdos|73/100
|-damage|p1a: Rillaboom|69/100|[from] item: Life Orb
|
|-heal|p1a: Rillaboom|75/100|[from] Grassy Terrain
|upkeep
|turn|6
|
|t:|1769305035
|switch|p1a: Great Tusk|Great Tusk|100/100
|-status|p1a: Great Tusk|psn
|-enditem|p1a: Great Tusk|Booster Energy
|-activate|p1a: Great Tusk|ability: Protosynthesis|[fromitem]
|-start|p1a: Great Tusk|protosynthesisspe
|move|p2a: Zapdos|Close Combat|p1a: Great Tusk
|-damage|p1a: Great Tusk|39/100 psn
|-unboost|p2a: Zapdos|def|1
|-unboost|p2a: Zapdos|spd|1
|
|-heal|p1a: Great Tusk|45/100 psn|[from] Grassy Terrain
|-damage|p1a: Great Tusk|32/100 psn|[from] psn
|-fieldend|move: Grassy Terrain
|upkeep
|turn|7
|inactive|Cour3tro has 120 seconds left.
|inactive|bigabaux has 120 seconds left.
|
|t:|1769305062
|move|p1a: Great Tusk|Ice Spinner|p2a: Zapdos
|-supereffective|p2a: Zapdos
|-damage|p2a: Zapdos|0 fnt
|faint|p2a: Zapdos
|
|-damage|p1a: Great Tusk|20/100 psn|[from] psn
|upkeep
|inactive|Cour3tro has 120 seconds left.
|
|t:|1769305077
|switch|p2a: Vaporeon|Vaporeon, F|100/100
|turn|8
|inactive|Cour3tro has 120 seconds left.
|inactive|bigabaux has 120 seconds left.
|
|t:|1769305099
|move|p1a: Great Tusk|Close Combat|p2a: Vaporeon
|-damage|p2a: Vaporeon|61/100
|-unboost|p1a: Great Tusk|def|1
|-unboost|p1a: Great Tusk|spd|1
|move|p2a: Vaporeon|Ice Beam|p1a: Great Tusk
|-supereffective|p1a: Great Tusk
|-damage|p1a: Great Tusk|0 fnt
|faint|p1a: Great Tusk
|-end|p1a: Great Tusk|Protosynthesis|[silent]
|
|-heal|p2a: Vaporeon|67/100|[from] item: Leftovers
|upkeep
|
|t:|1769305107
|switch|p1a: Serperior|Serperior, M|100/100
|-status|p1a: Serperior|psn
|turn|9
|inactive|bigabaux has 120 seconds left.
|
|t:|1769305122
|-terastallize|p2a: Vaporeon|Grass
|move|p1a: Serperior|Glare|p2a: Vaporeon
|-status|p2a: Vaporeon|par
|move|p2a: Vaporeon|Ice Beam|p1a: Serperior
|-supereffective|p1a: Serperior
|-damage|p1a: Serperior|44/100 psn
|
|-heal|p2a: Vaporeon|73/100 par|[from] item: Leftovers
|-damage|p1a: Serperior|32/100 psn|[from] psn
|upkeep
|turn|10
|inactive|bigabaux has 120 seconds left.
|
|t:|1769305156
|switch|p1a: Zamazenta|Zamazenta|100/100
|-status|p1a: Zamazenta|psn
|-ability|p1a: Zamazenta|Dauntless Shield|boost
|-boost|p1a: Zamazenta|def|1
|move|p2a: Vaporeon|Ice Beam|p1a: Zamazenta
|-damage|p1a: Zamazenta|80/100 psn
|
|-heal|p2a: Vaporeon|80/100 par|[from] item: Leftovers
|-damage|p1a: Zamazenta|67/100 psn|[from] psn
|upkeep
|turn|11
|
|t:|1769305169
|move|p2a: Vaporeon|Protect|p2a: Vaporeon
|-singleturn|p2a: Vaporeon|Protect
|move|p1a: Zamazenta|Ice Fang|p2a: Vaporeon
|-activate|p2a: Vaporeon|move: Protect
|
|-heal|p2a: Vaporeon|86/100 par|[from] item: Leftovers
|-damage|p1a: Zamazenta|55/100 psn|[from] psn
|upkeep
|turn|12
|
|t:|1769305178
|move|p1a: Zamazenta|Ice Fang|p2a: Vaporeon
|-supereffective|p2a: Vaporeon
|-damage|p2a: Vaporeon|42/100 par
|-damage|p1a: Zamazenta|45/100 psn|[from] item: Life Orb
|cant|p2a: Vaporeon|flinch
|
|-heal|p2a: Vaporeon|48/100 par|[from] item: Leftovers
|-damage|p1a: Zamazenta|33/100 psn|[from] psn
|upkeep
|turn|13
|
|t:|1769305187
|move|p1a: Zamazenta|Ice Fang|p2a: Vaporeon
|-supereffective|p2a: Vaporeon
|-damage|p2a: Vaporeon|1/100 par
|-damage|p1a: Zamazenta|23/100 psn|[from] item: Life Orb
|move|p2a: Vaporeon|Wish|p2a: Vaporeon
|
|-heal|p2a: Vaporeon|8/100 par|[from] item: Leftovers
|-damage|p1a: Zamazenta|11/100 psn|[from] psn
|upkeep
|turn|14
|
|t:|1769305200
|switch|p2a: Glimmora|Glimmora, F|48/100
|move|p1a: Zamazenta|Crunch|p2a: Glimmora
|-damage|p2a: Glimmora|0 fnt
|-activate|p2a: Glimmora|ability: Toxic Debris
|-sidestart|p1: bigabaux|move: Toxic Spikes
|faint|p2a: Glimmora
|-damage|p1a: Zamazenta|1/100 psn|[from] item: Life Orb
|
|-damage|p1a: Zamazenta|0 fnt|[from] psn
|faint|p1a: Zamazenta
|upkeep
|inactive|bigabaux has 120 seconds left.
|inactive|Cour3tro has 120 seconds left.
|
|t:|1769305233
|switch|p1a: Serperior|Serperior, M|32/100 psn
|switch|p2a: Mew|Mew|100/100
|turn|15
|inactive|Cour3tro has 120 seconds left.
|
|t:|1769305248
|move|p1a: Serperior|Giga Drain|p2a: Mew
|-crit|p2a: Mew
|-damage|p2a: Mew|60/100
|-heal|p1a: Serperior|59/100 psn|[from] drain|[of] p2a: Mew
|move|p2a: Mew|Venoshock|p1a: Serperior
|-supereffective|p1a: Serperior
|-damage|p1a: Serperior|0 fnt
|faint|p1a: Serperior
|
|upkeep
|inactive|bigabaux has 90 seconds left.
|
|t:|1769305275
|switch|p1a: Rillaboom|Rillaboom, M|75/100
|-status|p1a: Rillaboom|tox
|-fieldstart|move: Grassy Terrain|[from] ability: Grassy Surge|[of] p1a: Rillaboom
|turn|16
|inactive|Cour3tro has 120 seconds left.
|inactive|bigabaux has 90 seconds left.
|
|t:|1769305298
|switch|p2a: Vaporeon|Vaporeon, F, tera:Grass|8/100 par
|move|p1a: Rillaboom|Knock Off|p2a: Vaporeon
|-damage|p2a: Vaporeon|0 fnt
|-enditem|p2a: Vaporeon|Leftovers|[from] move: Knock Off|[of] p1a: Rillaboom
|faint|p2a: Vaporeon
|-damage|p1a: Rillaboom|65/100 tox|[from] item: Life Orb
|
|-heal|p1a: Rillaboom|71/100 tox|[from] Grassy Terrain
|-damage|p1a: Rillaboom|65/100 tox|[from] psn
|upkeep
|
|t:|1769305316
|switch|p2a: Mew|Mew|60/100
|turn|17
|inactive|bigabaux has 90 seconds left.
|
|t:|1769305346
|move|p2a: Mew|Venoshock|p1a: Rillaboom
|-supereffective|p1a: Rillaboom
|-damage|p1a: Rillaboom|0 fnt
|faint|p1a: Rillaboom
|
|-heal|p2a: Mew|67/100|[from] Grassy Terrain
|upkeep
|
|t:|1769305350
|switch|p1a: Gholdengo|Gholdengo, shiny|100/100
|-item|p1a: Gholdengo|Air Balloon
|turn|18
|inactive|Cour3tro has 120 seconds left.
|
|t:|1769305365
|-terastallize|p1a: Gholdengo|Water
|move|p2a: Mew|Psychic|p1a: Gholdengo
|-damage|p1a: Gholdengo|73/100
|-enditem|p1a: Gholdengo|Air Balloon
|move|p1a: Gholdengo|Nasty Plot|p1a: Gholdengo
|-boost|p1a: Gholdengo|spa|2
|
|-heal|p2a: Mew|73/100|[from] Grassy Terrain
|-heal|p1a: Gholdengo|80/100|[from] Grassy Terrain
|upkeep
|turn|19
|
|t:|1769305383
|move|p2a: Mew|Toxic|p1a: Gholdengo
|-immune|p1a: Gholdengo|[from] ability: Good as Gold
|move|p1a: Gholdengo|Nasty Plot|p1a: Gholdengo
|-boost|p1a: Gholdengo|spa|2
|
|-heal|p2a: Mew|79/100|[from] Grassy Terrain
|-heal|p1a: Gholdengo|86/100|[from] Grassy Terrain
|upkeep
|turn|20
|
|t:|1769305389
|move|p2a: Mew|Psychic|p1a: Gholdengo
|-damage|p1a: Gholdengo|62/100
|move|p1a: Gholdengo|Shadow Ball|p2a: Mew
|-supereffective|p2a: Mew
|-damage|p2a: Mew|0 fnt
|faint|p2a: Mew
|
|-heal|p1a: Gholdengo|68/100|[from] Grassy Terrain
|-fieldend|move: Grassy Terrain
|upkeep
|
|t:|1769305392
|switch|p2a: Toedscruel|Toedscruel, F|100/100
|turn|21
|inactive|bigabaux has 90 seconds left.
|
|t:|1769305414
|move|p2a: Toedscruel|Giga Drain|p1a: Gholdengo
|-supereffective|p1a: Gholdengo
|-damage|p1a: Gholdengo|30/100
|move|p1a: Gholdengo|Focus Blast|p2a: Toedscruel|[miss]
|-miss|p1a: Gholdengo|p2a: Toedscruel
|
|upkeep
|turn|22
|
|t:|1769305422
|move|p2a: Toedscruel|Giga Drain|p1a: Gholdengo
|-supereffective|p1a: Gholdengo
|-damage|p1a: Gholdengo|0 fnt
|faint|p1a: Gholdengo
|
|upkeep
|
|t:|1769305424
|switch|p1a: Heatran|Heatran, F, shiny|77/100
|turn|23
|
|t:|1769305431
|move|p2a: Toedscruel|Earth Power|p1a: Heatran
|-supereffective|p1a: Heatran
|-damage|p1a: Heatran|0 fnt
|faint|p1a: Heatran
|
|win|Cour3tro
|raw|bigabaux's rating: 1008 &rarr; <strong>1000</strong><br />(-8 for losing)
|raw|Cour3tro's rating: 1000 &rarr; <strong>1041</strong><br />(+41 for winning)
|l|☆bigabaux
|player|p1|
