|j|☆Noamm
|j|☆ur cutiefly
|t:|1769357056
|gametype|singles
|player|p1|Noamm|gambler|1668
|player|p2|ur cutiefly|aromalady|1689
|gen|9
|tier|[Gen 9] OU
|rated|
|rule|HP Percentage Mod: HP is shown in percentages
|rule|Endless Battle Clause: Forcing endless battles is banned
|rule|Species Clause: Limit one of each Pokémon
|rule|OHKO Clause: OHKO moves are banned
|rule|Evasion Items Clause: Evasion items are banned
|rule|Evasion Moves Clause: Evasion moves are banned
|rule|Evasion Abilities Clause: Evasion abilities are banned
|rule|Sleep Moves Clause: Sleep-inducing moves are banned
|clearpoke
|poke|p1|Lokix, F|
|poke|p1|Gholdengo|
|poke|p1|Slowking-Galar, M|
|poke|p1|Mandibuzz, F|
|poke|p1|Great Tusk|
|poke|p1|Primarina, F|
|poke|p2|Gholdengo|
|poke|p2|Dragonite, M|
|poke|p2|Raging Bolt|
|poke|p2|Great Tusk|
|poke|p2|Iron Valiant|
|poke|p2|Ting-Lu|
|teampreview
|inactive|Battle timer is ON: inactive players will automatically lose when time's up. (requested by ur cutiefly)
|inactive|ur cutiefly has 120 seconds left.
|
|t:|1769357095
|teamsize|p1|6
|teamsize|p2|6
|start
|switch|p1a: Kamen Rider Bag|Gholdengo|100/100
|switch|p2a: Great Tusk|Great Tusk|100/100
|turn|1
|
|t:|1769357125
|switch|p1a: Kamen Rider Torque|Great Tusk|100/100
|-end|p2a: Great Tusk|Protosynthesis|[silent]
|switch|p2a: Great Neck|Raging Bolt|100/100
|
|upkeep
|turn|2
|inactive|ur cutiefly has 120 seconds left.
|
|t:|1769357141
|-end|p2a: Great Neck|Protosynthesis|[silent]
|switch|p2a: Great Tusk|Great Tusk|100/100
|move|p1a: Kamen Rider Torque|Headlong Rush|p2a: Great Tusk
|-damage|p2a: Great Tusk|58/100
|-unboost|p1a: Kamen Rider Torque|def|1
|-unboost|p1a: Kamen Rider Torque|spd|1
|
|upkeep
|turn|3
|
|t:|1769357148
|move|p1a: Kamen Rider Torque|Ice Spinner|p2a: Great Tusk
|-supereffective|p2a: Great Tusk
|-damage|p2a: Great Tusk|23/100
|move|p2a: Great Tusk|Ice Spinner|p1a: Kamen Rider Torque
|-supereffective|p1a: Kamen Rider Torque
|-damage|p1a: Kamen Rider Torque|37/100
|
|upkeep
|turn|4
|
|t:|1769357162
|move|p1a: Kamen Rider Torque|Ice Spinner|p2a: Great Tusk
|-supereffective|p2a: Great Tusk
|-damage|p2a: Great Tusk|0 fnt
|faint|p2a: Great Tusk
|-end|p2a: Great Tusk|Protosynthesis|[silent]
|
|upkeep
|
|t:|1769357175
|switch|p2a: Dragonite|Dragonite, M|100/100
|turn|5
|
|t:|1769357178
|-end|p1a: Kamen Rider Torque|Protosynthesis|[silent]
|switch|p1a: Kamen Rider Scaven|Mandibuzz, F|100/100
|move|p2a: Dragonite|Earthquake|p1a: Kamen Rider Scaven
|-immune|p1a: Kamen Rider Scaven
|
|upkeep
|turn|6
|
|t:|1769357182
|switch|p2a: Great Neck|Raging Bolt|100/100
|move|p1a: Kamen Rider Scaven|Foul Play|p2a: Great Neck
|-damage|p2a: Great Neck|83/100
|
|upkeep
|turn|7
|
|t:|1769357190
|switch|p1a: Kamen Rider Burr|Slowking-Galar, M|100/100
|move|p2a: Great Neck|Volt Switch|p1a: Kamen Rider Burr
|-damage|p1a: Kamen Rider Burr|66/100
|
|t:|1769357195
|-end|p2a: Great Neck|Protosynthesis|[silent]
|switch|p2a: Gholdengo|Gholdengo|100/100|[from] Volt Switch
|
|upkeep
|turn|8
|
|t:|1769357207
|switch|p1a: Kamen Rider Siren|Primarina, F|100/100
|move|p2a: Gholdengo|Make It Rain|p1a: Kamen Rider Siren
|-damage|p1a: Kamen Rider Siren|37/100
|-unboost|p2a: Gholdengo|spa|1
|
|upkeep
|turn|9
|
|t:|1769357231
|move|p2a: Gholdengo|Make It Rain|p1a: Kamen Rider Siren
|-damage|p1a: Kamen Rider Siren|0 fnt
|-unboost|p2a: Gholdengo|spa|1
|faint|p1a: Kamen Rider Siren
|
|upkeep
|
|t:|1769357235
|switch|p1a: Kamen Rider SwarmX|Lokix, F, shiny|100/100
|turn|10
|
|t:|1769357248
|switch|p2a: Iron Valiant|Iron Valiant|100/100
|-enditem|p2a: Iron Valiant|Booster Energy
|-activate|p2a: Iron Valiant|ability: Quark Drive|[fromitem]
|-start|p2a: Iron Valiant|quarkdrivespe
|move|p1a: Kamen Rider SwarmX|Knock Off|p2a: Iron Valiant
|-resisted|p2a: Iron Valiant
|-damage|p2a: Iron Valiant|72/100
|
|upkeep
|turn|11
|
|t:|1769357258
|switch|p1a: Kamen Rider Burr|Slowking-Galar, M|99/100
|move|p2a: Iron Valiant|Shadow Ball|p1a: Kamen Rider Burr
|-supereffective|p1a: Kamen Rider Burr
|-damage|p1a: Kamen Rider Burr|70/100
|
|upkeep
|turn|12
|
|t:|1769357266
|-end|p2a: Iron Valiant|Quark Drive|[silent]
|switch|p2a: Gholdengo|Gholdengo|100/100
|-prepare|p1a: Kamen Rider Burr|Chilly Reception|[premajor]
|move|p1a: Kamen Rider Burr|Chilly Reception|p1a: Kamen Rider Burr
|-weather|Snowscape
|
|t:|1769357269
|switch|p1a: Kamen Rider SwarmX|Lokix, F, shiny|100/100|[from] Chilly Reception
|
|-weather|Snowscape|[upkeep]
|upkeep
|turn|13
|l|☆Noamm
|inactive|Noamm disconnected and has a minute to reconnect!
|player|p1|
|j|☆Noamm
|inactive|Noamm reconnected and has 125 seconds left.
|player|p1|Noamm|gambler|
|
|t:|1769357298
|switch|p2a: Iron Valiant|Iron Valiant|72/100
|move|p1a: Kamen Rider SwarmX|Knock Off|p2a: Iron Valiant
|-resisted|p2a: Iron Valiant
|-damage|p2a: Iron Valiant|41/100
|
|-weather|Snowscape|[upkeep]
|upkeep
|turn|14
|
|t:|1769357308
|-end|p2a: Iron Valiant|Quark Drive|[silent]
|switch|p2a: Gholdengo|Gholdengo|100/100
|switch|p1a: Kamen Rider Burr|Slowking-Galar, M|100/100
|
|-weather|Snowscape|[upkeep]
|upkeep
|turn|15
|
|t:|1769357320
|switch|p1a: Kamen Rider Torque|Great Tusk|37/100
|move|p2a: Gholdengo|Trick|p1a: Kamen Rider Torque
|-activate|p2a: Gholdengo|move: Trick|[of] p1a: Kamen Rider Torque
|-item|p1a: Kamen Rider Torque|Choice Specs|[from] move: Trick
|-item|p2a: Gholdengo|Heavy-Duty Boots|[from] move: Trick
|
|-weather|Snowscape|[upkeep]
|upkeep
|turn|16
|
|t:|1769357327
|switch|p2a: Dragonite|Dragonite, M|100/100
|move|p1a: Kamen Rider Torque|Ice Spinner|p2a: Dragonite
|-supereffective|p2a: Dragonite
|-damage|p2a: Dragonite|42/100
|
|-weather|none
|upkeep
|turn|17
|
|t:|1769357333
|move|p1a: Kamen Rider Torque|Ice Spinner|p2a: Dragonite
|-supereffective|p2a: Dragonite
|-damage|p2a: Dragonite|0 fnt
|faint|p2a: Dragonite
|
|upkeep
|
|t:|1769357337
|switch|p2a: Gholdengo|Gholdengo|100/100
|turn|18
|
|t:|1769357344
|-end|p1a: Kamen Rider Torque|Protosynthesis|[silent]
|switch|p1a: Kamen Rider Burr|Slowking-Galar, M|100/100
|move|p2a: Gholdengo|Shadow Ball|p1a: Kamen Rider Burr
|-supereffective|p1a: Kamen Rider Burr
|-damage|p1a: Kamen Rider Burr|49/100
|
|upkeep
|turn|19
|
|t:|1769357347
|move|p2a: Gholdengo|Make It Rain|p1a: Kamen Rider Burr
|-damage|p1a: Kamen Rider Burr|10/100
|-unboost|p2a: Gholdengo|spa|1
|-prepare|p1a: Kamen Rider Burr|Chilly Reception|[premajor]
|move|p1a: Kamen Rider Burr|Chilly Reception|p1a: Kamen Rider Burr
|-weather|Snowscape
|
|t:|1769357350
|switch|p1a: Kamen Rider Torque|Great Tusk|37/100|[from] Chilly Reception
|
|-weather|Snowscape|[upkeep]
|upkeep
|turn|20
|
|t:|1769357354
|-terastallize|p2a: Gholdengo|Flying
|move|p1a: Kamen Rider Torque|Headlong Rush|p2a: Gholdengo
|-immune|p2a: Gholdengo
|move|p2a: Gholdengo|Shadow Ball|p1a: Kamen Rider Torque
|-damage|p1a: Kamen Rider Torque|0 fnt
|faint|p1a: Kamen Rider Torque
|-end|p1a: Kamen Rider Torque|Protosynthesis|[silent]
|
|-weather|Snowscape|[upkeep]
|upkeep
|
|t:|1769357382
|switch|p1a: Kamen Rider SwarmX|Lokix, F, shiny|100/100
|turn|21
|
|t:|1769357387
|switch|p2a: Iron Valiant|Iron Valiant|41/100
|move|p1a: Kamen Rider SwarmX|U-turn|p2a: Iron Valiant
|-resisted|p2a: Iron Valiant
|-damage|p2a: Iron Valiant|10/100
|
|t:|1769357390
|switch|p1a: Kamen Rider Bag|Gholdengo|100/100|[from] U-turn
|
|-weather|Snowscape|[upkeep]
|upkeep
|turn|22
|
|t:|1769357395
|-end|p2a: Iron Valiant|Quark Drive|[silent]
|switch|p2a: Ting-Lu|Ting-Lu|100/100
|-ability|p2a: Ting-Lu|Vessel of Ruin
|move|p1a: Kamen Rider Bag|Make It Rain|p2a: Ting-Lu
|-damage|p2a: Ting-Lu|72/100
|-unboost|p1a: Kamen Rider Bag|spa|1
|
|-weather|Snowscape|[upkeep]
|-heal|p2a: Ting-Lu|79/100|[from] item: Leftovers
|upkeep
|turn|23
|
|t:|1769357402
|switch|p1a: Kamen Rider SwarmX|Lokix, F, shiny|100/100
|move|p2a: Ting-Lu|Stealth Rock|p1a: Kamen Rider SwarmX
|-sidestart|p1: Noamm|move: Stealth Rock
|
|-weather|none
|-heal|p2a: Ting-Lu|85/100|[from] item: Leftovers
|upkeep
|turn|24
|
|t:|1769357409
|switch|p2a: Iron Valiant|Iron Valiant|10/100
|-terastallize|p1a: Kamen Rider SwarmX|Bug
|move|p1a: Kamen Rider SwarmX|Leech Life|p2a: Iron Valiant
|-resisted|p2a: Iron Valiant
|-damage|p2a: Iron Valiant|0 fnt
|faint|p2a: Iron Valiant
|-end|p2a: Iron Valiant|Quark Drive|[silent]
|
|upkeep
|
|t:|1769357415
|switch|p2a: Great Neck|Raging Bolt|83/100
|turn|25
|
|t:|1769357421
|switch|p1a: Kamen Rider Scaven|Mandibuzz, F|100/100
|move|p2a: Great Neck|Thunderbolt|p1a: Kamen Rider Scaven
|-supereffective|p1a: Kamen Rider Scaven
|-damage|p1a: Kamen Rider Scaven|0 fnt
|faint|p1a: Kamen Rider Scaven
|
|upkeep
|
|t:|1769357425
|switch|p1a: Kamen Rider Bag|Gholdengo|100/100
|-damage|p1a: Kamen Rider Bag|94/100|[from] Stealth Rock
|turn|26
|
|t:|1769357434
|move|p1a: Kamen Rider Bag|Shadow Ball|p2a: Great Neck
|-damage|p2a: Great Neck|51/100
|move|p2a: Great Neck|Thunderbolt|p1a: Kamen Rider Bag
|-damage|p1a: Kamen Rider Bag|8/100
|
|upkeep
|turn|27
|
|t:|1769357442
|-end|p2a: Great Neck|Protosynthesis|[silent]
|switch|p2a: Ting-Lu|Ting-Lu|85/100
|-ability|p2a: Ting-Lu|Vessel of Ruin
|move|p1a: Kamen Rider Bag|Shadow Ball|p2a: Ting-Lu
|-resisted|p2a: Ting-Lu
|-damage|p2a: Ting-Lu|75/100
|
|-heal|p2a: Ting-Lu|81/100|[from] item: Leftovers
|upkeep
|turn|28
|
|t:|1769357455
|switch|p1a: Kamen Rider SwarmX|Lokix, F, shiny, tera:Bug|100/100
|-damage|p1a: Kamen Rider SwarmX|76/100|[from] Stealth Rock
|move|p2a: Ting-Lu|Whirlwind|p1a: Kamen Rider SwarmX
|drag|p1a: Kamen Rider Burr|Slowking-Galar, M|43/100
|
|-heal|p2a: Ting-Lu|87/100|[from] item: Leftovers
|upkeep
|turn|29
|
|t:|1769357463
|switch|p1a: Kamen Rider SwarmX|Lokix, F, shiny, tera:Bug|76/100
|-damage|p1a: Kamen Rider SwarmX|51/100|[from] Stealth Rock
|move|p2a: Ting-Lu|Earthquake|p1a: Kamen Rider SwarmX
|-resisted|p1a: Kamen Rider SwarmX
|-damage|p1a: Kamen Rider SwarmX|25/100
|
|-heal|p2a: Ting-Lu|93/100|[from] item: Leftovers
|upkeep
|turn|30
|
|t:|1769357474
|move|p1a: Kamen Rider SwarmX|Leech Life|p2a: Ting-Lu
|-supereffective|p2a: Ting-Lu
|-damage|p2a: Ting-Lu|22/100
|-heal|p1a: Kamen Rider SwarmX|89/100|[from] drain|[of] p2a: Ting-Lu
|move|p2a: Ting-Lu|Whirlwind|p1a: Kamen Rider SwarmX
|drag|p1a: Kamen Rider Burr|Slowking-Galar, M|76/100
|
|-heal|p2a: Ting-Lu|29/100|[from] item: Leftovers
|upkeep
|turn|31
|
|t:|1769357483
|move|p2a: Ting-Lu|Ruination|p1a: Kamen Rider Burr
|-damage|p1a: Kamen Rider Burr|39/100
|-prepare|p1a: Kamen Rider Burr|Chilly Reception|[premajor]
|move|p1a: Kamen Rider Burr|Chilly Reception|p1a: Kamen Rider Burr
|-weather|Snowscape
|
|t:|1769357485
|switch|p1a: Kamen Rider SwarmX|Lokix, F, shiny, tera:Bug|89/100|[from] Chilly Reception
|-damage|p1a: Kamen Rider SwarmX|64/100|[from] Stealth Rock
|
|-weather|Snowscape|[upkeep]
|-heal|p2a: Ting-Lu|35/100|[from] item: Leftovers
|upkeep
|turn|32
|
|t:|1769357490
|move|p1a: Kamen Rider SwarmX|Leech Life|p2a: Ting-Lu
|-supereffective|p2a: Ting-Lu
|-damage|p2a: Ting-Lu|0 fnt
|-heal|p1a: Kamen Rider SwarmX|96/100|[from] drain|[of] p2a: Ting-Lu
|faint|p2a: Ting-Lu
|
|-weather|Snowscape|[upkeep]
|upkeep
|
|t:|1769357502
|switch|p2a: Gholdengo|Gholdengo, tera:Flying|100/100
|turn|33
|
|t:|1769357531
|switch|p1a: Kamen Rider Bag|Gholdengo|8/100
|-damage|p1a: Kamen Rider Bag|2/100|[from] Stealth Rock
|move|p2a: Gholdengo|Make It Rain|p1a: Kamen Rider Bag
|-resisted|p1a: Kamen Rider Bag
|-damage|p1a: Kamen Rider Bag|0 fnt
|-unboost|p2a: Gholdengo|spa|1
|faint|p1a: Kamen Rider Bag
|
|-weather|Snowscape|[upkeep]
|upkeep
|
|t:|1769357534
|switch|p1a: Kamen Rider SwarmX|Lokix, F, shiny, tera:Bug|96/100
|-damage|p1a: Kamen Rider SwarmX|71/100|[from] Stealth Rock
|turn|34
|
|t:|1769357549
|switch|p2a: Great Neck|Raging Bolt|51/100
|move|p1a: Kamen Rider SwarmX|U-turn|p2a: Great Neck
|-damage|p2a: Great Neck|0 fnt
|faint|p2a: Great Neck
|-end|p2a: Great Neck|Protosynthesis|[silent]
|
|t:|1769357551
|switch|p1a: Kamen Rider Burr|Slowking-Galar, M|72/100|[from] U-turn
|
|-weather|Snowscape|[upkeep]
|upkeep
|
|t:|1769357553
|switch|p2a: Gholdengo|Gholdengo, tera:Flying|100/100
|turn|35
|
|t:|1769357556
|move|p2a: Gholdengo|Shadow Ball|p1a: Kamen Rider Burr
|-supereffective|p1a: Kamen Rider Burr
|-damage|p1a: Kamen Rider Burr|12/100
|-unboost|p1a: Kamen Rider Burr|spd|1
|move|p1a: Kamen Rider Burr|Sludge Bomb|p2a: Gholdengo
|-damage|p2a: Gholdengo|63/100
|
|-weather|none
|upkeep
|turn|36
|
|t:|1769357561
|move|p2a: Gholdengo|Shadow Ball|p1a: Kamen Rider Burr
|-supereffective|p1a: Kamen Rider Burr
|-damage|p1a: Kamen Rider Burr|0 fnt
|faint|p1a: Kamen Rider Burr
|
|upkeep
|
|t:|1769357562
|switch|p1a: Kamen Rider SwarmX|Lokix, F, shiny, tera:Bug|71/100
|-damage|p1a: Kamen Rider SwarmX|46/100|[from] Stealth Rock
|turn|37
|
|t:|1769357565
|move|p1a: Kamen Rider SwarmX|First Impression|p2a: Gholdengo
|-resisted|p2a: Gholdengo
|-damage|p2a: Gholdengo|0 fnt
|faint|p2a: Gholdengo
|
|win|Noamm
|raw|Noamm's rating: 1668 &rarr; <strong>1689</strong><br />(+21 for winning)
|raw|ur cutiefly's rating: 1689 &rarr; <strong>1668</strong><br />(-21 for losing)
|c|☆Noamm|Gg
|c|☆ur cutiefly|gg
|l|☆Noamm
|player|p1|
|l|☆ur cutiefly
|player|p2|
