|j|☆dragonyuk
|j|☆averagealt99
|t:|1769383830
|gametype|singles
|player|p1|dragonyuk|101|1249
|player|p2|averagealt99|acetrainerf-gen4dp|1302
|gen|9
|tier|[Gen 9] OU
|rated|
|rule|HP Percentage Mod: HP is shown in percentages
|rule|Endless Battle Clause: Forcing endless battles is banned
|rule|Species Clause: Limit one of each Pokémon
|rule|OHKO Clause: OHKO moves are banned
|rule|Evasion Items Clause: Evasion items are banned
|rule|Evasion Moves Clause: Evasion moves are banned
|rule|Evasion Abilities Clause: Evasion abilities are banned
|rule|Sleep Moves Clause: Sleep-inducing moves are banned
|clearpoke
|poke|p1|Magneton|
|poke|p1|Psyduck, F|
|poke|p1|Toxapex, F|
|poke|p1|Zoroark-Hisui, M|
|poke|p1|Maushold|
|poke|p1|Hitmontop, M|
|poke|p2|Torkoal, F|
|poke|p2|Raging Bolt|
|poke|p2|Tornadus-Therian, M|
|poke|p2|Ting-Lu|
|poke|p2|Pecharunt|
|poke|p2|Walking Wake|
|teampreview
|inactive|Battle timer is ON: inactive players will automatically lose when time's up. (requested by dragonyuk)
|
|t:|1769383854
|teamsize|p1|6
|teamsize|p2|6
|start
|switch|p1a: FEAR ME|Psyduck, F|100/100
|switch|p2a: Torkoal|Torkoal, F|100/100
|-ability|p1a: FEAR ME|Cloud Nine
|-weather|SunnyDay|[from] ability: Drought|[of] p2a: Torkoal
|turn|1
|
|t:|1769383860
|switch|p2a: Ting-Lu|Ting-Lu|100/100
|-ability|p2a: Ting-Lu|Vessel of Ruin
|move|p1a: FEAR ME|Knock Off|p2a: Ting-Lu
|-resisted|p2a: Ting-Lu
|-damage|p2a: Ting-Lu|97/100
|-enditem|p2a: Ting-Lu|Leftovers|[from] move: Knock Off|[of] p1a: FEAR ME
|
|-weather|SunnyDay|[upkeep]
|upkeep
|turn|2
|
|t:|1769383865
|move|p1a: FEAR ME|Flip Turn|p2a: Ting-Lu
|-supereffective|p2a: Ting-Lu
|-damage|p2a: Ting-Lu|84/100
|
|t:|1769383869
|switch|p1a: DA WALL|Toxapex, F|100/100|[from] Flip Turn
|move|p2a: Ting-Lu|Stealth Rock|p1a: DA WALL
|-sidestart|p1: dragonyuk|move: Stealth Rock
|
|-weather|SunnyDay|[upkeep]
|upkeep
|turn|3
|
|t:|1769383875
|move|p2a: Ting-Lu|Earthquake|p1a: DA WALL
|-supereffective|p1a: DA WALL
|-damage|p1a: DA WALL|45/100
|move|p1a: DA WALL|Pin Missile|p2a: Ting-Lu
|-supereffective|p2a: Ting-Lu
|-damage|p2a: Ting-Lu|73/100
|-supereffective|p2a: Ting-Lu
|-damage|p2a: Ting-Lu|62/100
|-supereffective|p2a: Ting-Lu
|-damage|p2a: Ting-Lu|52/100
|-hitcount|p2a: Ting-Lu|3
|
|-weather|SunnyDay|[upkeep]
|upkeep
|turn|4
|
|t:|1769383883
|switch|p1a: Beyblade|Hitmontop, M|100/100
|-damage|p1a: Beyblade|94/100|[from] Stealth Rock
|move|p2a: Ting-Lu|Earthquake|p1a: Beyblade
|-damage|p1a: Beyblade|49/100
|
|-weather|SunnyDay|[upkeep]
|-heal|p1a: Beyblade|55/100|[from] item: Leftovers
|upkeep
|turn|5
|
|t:|1769383891
|move|p1a: Beyblade|Triple Axel|p2a: Ting-Lu|[miss]
|-miss|p1a: Beyblade|p2a: Ting-Lu
|move|p2a: Ting-Lu|Earthquake|p1a: Beyblade
|-damage|p1a: Beyblade|12/100
|
|-weather|SunnyDay|[upkeep]
|-heal|p1a: Beyblade|18/100|[from] item: Leftovers
|upkeep
|turn|6
|
|t:|1769383896
|switch|p2a: Walking Wake|Walking Wake|100/100
|-activate|p2a: Walking Wake|ability: Protosynthesis
|-start|p2a: Walking Wake|protosynthesisspe
|move|p1a: Beyblade|Rapid Spin|p2a: Walking Wake
|-damage|p2a: Walking Wake|77/100
|-boost|p1a: Beyblade|spe|1
|-sideend|p1: dragonyuk|Stealth Rock|[from] move: Rapid Spin|[of] p1a: Beyblade
|
|-weather|SunnyDay|[upkeep]
|-heal|p1a: Beyblade|25/100|[from] item: Leftovers
|upkeep
|turn|7
|
|t:|1769383908
|switch|p1a: DA WALL|Toxapex, F|78/100
|move|p2a: Walking Wake|Hydro Steam|p1a: DA WALL
|-resisted|p1a: DA WALL
|-damage|p1a: DA WALL|42/100
|
|-weather|SunnyDay|[upkeep]
|upkeep
|turn|8
|
|t:|1769383918
|-terastallize|p2a: Walking Wake|Water
|move|p2a: Walking Wake|Hydro Steam|p1a: DA WALL
|-resisted|p1a: DA WALL
|-damage|p1a: DA WALL|0 fnt
|faint|p1a: DA WALL
|
|-weather|none
|-end|p2a: Walking Wake|Protosynthesis
|upkeep
|
|t:|1769383924
|switch|p1a: DA GOAT|Magneton, shiny|100/100
|turn|9
|
|t:|1769383931
|switch|p1a: Beyblade|Hitmontop, M|25/100
|-end|p2a: Walking Wake|Protosynthesis|[silent]
|switch|p2a: Ting-Lu|Ting-Lu|52/100
|-ability|p2a: Ting-Lu|Vessel of Ruin
|
|-heal|p1a: Beyblade|31/100|[from] item: Leftovers
|upkeep
|turn|10
|
|t:|1769383936
|switch|p2a: Torkoal|Torkoal, F|100/100
|-weather|SunnyDay|[from] ability: Drought|[of] p2a: Torkoal
|move|p1a: Beyblade|Triple Axel|p2a: Torkoal
|-resisted|p2a: Torkoal
|-damage|p2a: Torkoal|97/100
|-resisted|p2a: Torkoal
|-crit|p2a: Torkoal
|-damage|p2a: Torkoal|87/100
|-hitcount|p2a: Torkoal|2
|
|-weather|SunnyDay|[upkeep]
|-heal|p1a: Beyblade|37/100|[from] item: Leftovers
|upkeep
|turn|11
|
|t:|1769383950
|move|p1a: Beyblade|Mach Punch|p2a: Torkoal
|-crit|p2a: Torkoal
|-damage|p2a: Torkoal|53/100
|move|p2a: Torkoal|Lava Plume|p1a: Beyblade
|-damage|p1a: Beyblade|0 fnt
|faint|p1a: Beyblade
|
|-weather|SunnyDay|[upkeep]
|upkeep
|
|t:|1769383956
|switch|p1a: Family|Maushold|100/100
|turn|12
|
|t:|1769383961
|move|p1a: Family|Population Bomb|p2a: Torkoal
|-damage|p2a: Torkoal|44/100
|-damage|p2a: Torkoal|36/100
|-damage|p2a: Torkoal|27/100
|-damage|p2a: Torkoal|19/100
|-damage|p2a: Torkoal|10/100
|-damage|p2a: Torkoal|2/100
|-damage|p2a: Torkoal|0 fnt
|faint|p2a: Torkoal
|-hitcount|p2: Torkoal|7
|
|-weather|SunnyDay|[upkeep]
|upkeep
|
|t:|1769383967
|switch|p2a: Raging Bolt|Raging Bolt|100/100
|-activate|p2a: Raging Bolt|ability: Protosynthesis
|-start|p2a: Raging Bolt|protosynthesisspa
|turn|13
|
|t:|1769383974
|move|p1a: Family|Population Bomb|p2a: Raging Bolt
|-damage|p2a: Raging Bolt|91/100
|-crit|p2a: Raging Bolt
|-damage|p2a: Raging Bolt|77/100
|-damage|p2a: Raging Bolt|68/100
|-damage|p2a: Raging Bolt|58/100
|-damage|p2a: Raging Bolt|50/100
|-damage|p2a: Raging Bolt|41/100
|-damage|p2a: Raging Bolt|32/100
|-damage|p2a: Raging Bolt|23/100
|-damage|p2a: Raging Bolt|13/100
|-damage|p2a: Raging Bolt|5/100
|-hitcount|p2a: Raging Bolt|10
|move|p2a: Raging Bolt|Dragon Pulse|p1a: Family
|-crit|p1a: Family
|-damage|p1a: Family|0 fnt
|faint|p1a: Family
|
|-weather|SunnyDay|[upkeep]
|upkeep
|
|t:|1769383983
|switch|p1a: DA GOAT|Magneton, shiny|100/100
|turn|14
|
|t:|1769383986
|move|p1a: DA GOAT|Volt Switch|p2a: Raging Bolt
|-resisted|p2a: Raging Bolt
|-damage|p2a: Raging Bolt|0 fnt
|faint|p2a: Raging Bolt
|-end|p2a: Raging Bolt|Protosynthesis|[silent]
|
|t:|1769383989
|switch|p1a: FEAR ME|Psyduck, F|100/100|[from] Volt Switch
|
|-weather|SunnyDay|[upkeep]
|upkeep
|
|t:|1769383994
|switch|p2a: Pecharunt|Pecharunt|100/100
|-item|p2a: Pecharunt|Air Balloon
|turn|15
|
|t:|1769383998
|move|p1a: FEAR ME|Shadow Ball|p2a: Pecharunt
|-supereffective|p2a: Pecharunt
|-damage|p2a: Pecharunt|0 fnt
|-enditem|p2a: Pecharunt|Air Balloon
|faint|p2a: Pecharunt
|
|-weather|SunnyDay|[upkeep]
|upkeep
|
|t:|1769384008
|switch|p2a: Tornadus|Tornadus-Therian, M|100/100
|turn|16
|
|t:|1769384026
|switch|p1a: DA GOAT|Magneton, shiny|100/100
|move|p2a: Tornadus|Nasty Plot|p2a: Tornadus
|-boost|p2a: Tornadus|spa|2
|
|-weather|SunnyDay|[upkeep]
|upkeep
|turn|17
|
|t:|1769384038
|move|p1a: DA GOAT|Thunderbolt|p2a: Tornadus
|-supereffective|p2a: Tornadus
|-damage|p2a: Tornadus|0 fnt
|faint|p2a: Tornadus
|
|-weather|none
|upkeep
|
|t:|1769384043
|switch|p2a: Ting-Lu|Ting-Lu|52/100
|-ability|p2a: Ting-Lu|Vessel of Ruin
|turn|18
|
|t:|1769384046
|switch|p1a: FEAR ME|Psyduck, F|100/100
|-ability|p1a: FEAR ME|Cloud Nine
|move|p2a: Ting-Lu|Stealth Rock|p1a: FEAR ME
|-sidestart|p1: dragonyuk|move: Stealth Rock
|
|upkeep
|turn|19
|
|t:|1769384054
|switch|p2a: Walking Wake|Walking Wake, tera:Water|77/100
|move|p1a: FEAR ME|Vacuum Wave|p2a: Walking Wake
|-damage|p2a: Walking Wake|65/100
|
|upkeep
|turn|20
|
|t:|1769384057
|move|p2a: Walking Wake|Draco Meteor|p1a: FEAR ME
|-enditem|p1a: FEAR ME|Focus Sash
|-damage|p1a: FEAR ME|1/100
|-unboost|p2a: Walking Wake|spa|2
|move|p1a: FEAR ME|Endeavor|p2a: Walking Wake
|-damage|p2a: Walking Wake|1/100
|
|upkeep
|turn|21
|
|t:|1769384060
|move|p1a: FEAR ME|Vacuum Wave|p2a: Walking Wake
|-damage|p2a: Walking Wake|0 fnt
|faint|p2a: Walking Wake
|-end|p2a: Walking Wake|Protosynthesis|[silent]
|
|upkeep
|
|t:|1769384063
|switch|p2a: Ting-Lu|Ting-Lu|52/100
|-ability|p2a: Ting-Lu|Vessel of Ruin
|turn|22
|
|t:|1769384068
|move|p1a: FEAR ME|Vacuum Wave|p2a: Ting-Lu
|-supereffective|p2a: Ting-Lu
|-damage|p2a: Ting-Lu|44/100
|move|p2a: Ting-Lu|Whirlwind|p1a: FEAR ME
|drag|p1a: DA GOAT|Magneton, shiny|100/100
|-damage|p1a: DA GOAT|94/100|[from] Stealth Rock
|
|upkeep
|turn|23
|
|t:|1769384072
|-terastallize|p1a: DA GOAT|Ice
|move|p1a: DA GOAT|Tera Blast|p2a: Ting-Lu|[anim] Tera Blast Ice
|-supereffective|p2a: Ting-Lu
|-damage|p2a: Ting-Lu|13/100
|move|p2a: Ting-Lu|Earthquake|p1a: DA GOAT
|-damage|p1a: DA GOAT|37/100
|
|upkeep
|turn|24
|
|t:|1769384076
|move|p1a: DA GOAT|Tera Blast|p2a: Ting-Lu|[anim] Tera Blast Ice
|-supereffective|p2a: Ting-Lu
|-damage|p2a: Ting-Lu|0 fnt
|faint|p2a: Ting-Lu
|
|win|dragonyuk
|raw|dragonyuk's rating: 1249 &rarr; <strong>1278</strong><br />(+29 for winning)
|raw|averagealt99's rating: 1302 &rarr; <strong>1279</strong><br />(-23 for losing)
|l|☆averagealt99
|player|p2|
|l|☆dragonyuk
|player|p1|
