|j|☆Igoodnamename
|j|☆Dante1310
|t:|1769336435
|gametype|singles
|player|p1|Igoodnamename|265|1674
|player|p2|Dante1310|brycenman|1669
|gen|9
|tier|[Gen 9] OU
|rated|
|rule|HP Percentage Mod: HP is shown in percentages
|rule|Endless Battle Clause: Forcing endless battles is banned
|rule|Species Clause: Limit one of each Pokémon
|rule|OHKO Clause: OHKO moves are banned
|rule|Evasion Items Clause: Evasion items are banned
|rule|Evasion Moves Clause: Evasion moves are banned
|rule|Evasion Abilities Clause: Evasion abilities are banned
|rule|Sleep Moves Clause: Sleep-inducing moves are banned
|clearpoke
|poke|p1|Tinkaton, F|
|poke|p1|Ogerpon, F|
|poke|p1|Great Tusk|
|poke|p1|Pecharunt|
|poke|p1|Alomomola, M|
|poke|p1|Hydreigon, M|
|poke|p2|Ogerpon-Cornerstone, F|
|poke|p2|Hatterene, F|
|poke|p2|Zapdos|
|poke|p2|Kingambit, M|
|poke|p2|Iron Treads|
|poke|p2|Okidogi, M|
|teampreview
|inactive|Battle timer is ON: inactive players will automatically lose when time's up. (requested by Dante1310)
|
|t:|1769336448
|teamsize|p1|6
|teamsize|p2|6
|start
|switch|p1a: Anonymous|Ogerpon, F|100/100
|switch|p2a: Iron Treads|Iron Treads|100/100
|-item|p2a: Iron Treads|Air Balloon
|turn|1
|
|t:|1769336460
|-end|p2a: Iron Treads|Quark Drive|[silent]
|switch|p2a: Zapdos|Zapdos|100/100
|move|p1a: Anonymous|Ivy Cudgel|p2a: Zapdos
|-resisted|p2a: Zapdos
|-damage|p2a: Zapdos|74/100
|
|upkeep
|turn|2
|
|t:|1769336466
|switch|p1a: Behemoth|Great Tusk, shiny|100/100
|move|p2a: Zapdos|U-turn|p1a: Behemoth
|-resisted|p1a: Behemoth
|-damage|p1a: Behemoth|96/100
|
|t:|1769336478
|switch|p2a: Ogerpon|Ogerpon-Cornerstone, F|100/100|[from] U-turn
|
|upkeep
|turn|3
|
|t:|1769336489
|-end|p1a: Behemoth|Protosynthesis|[silent]
|switch|p1a: Smile.exe|Tinkaton, F, shiny|100/100
|-item|p1a: Smile.exe|Air Balloon
|move|p2a: Ogerpon|Power Whip|p1a: Smile.exe
|-resisted|p1a: Smile.exe
|-damage|p1a: Smile.exe|53/100
|-enditem|p1a: Smile.exe|Air Balloon
|
|upkeep
|turn|4
|
|t:|1769336496
|switch|p2a: Iron Treads|Iron Treads|100/100
|-item|p2a: Iron Treads|Air Balloon
|switch|p1a: Overseer|Pecharunt|100/100
|
|upkeep
|turn|5
|
|t:|1769336504
|move|p2a: Iron Treads|Stealth Rock|p1a: Overseer
|-sidestart|p1: Igoodnamename|move: Stealth Rock
|move|p1a: Overseer|Shadow Ball|p2a: Iron Treads
|-damage|p2a: Iron Treads|65/100
|-enditem|p2a: Iron Treads|Air Balloon
|
|upkeep
|turn|6
|
|t:|1769336508
|move|p2a: Iron Treads|Earthquake|p1a: Overseer
|-supereffective|p1a: Overseer
|-damage|p1a: Overseer|60/100
|move|p1a: Overseer|Parting Shot|p2a: Iron Treads
|-unboost|p2a: Iron Treads|atk|1
|-unboost|p2a: Iron Treads|spa|1
|
|t:|1769336511
|switch|p1a: Behemoth|Great Tusk, shiny|96/100|[from] Parting Shot
|
|upkeep
|turn|7
|
|t:|1769336519
|-end|p2a: Iron Treads|Quark Drive|[silent]
|switch|p2a: Hatterene|Hatterene, F|100/100
|move|p1a: Behemoth|Rapid Spin|p2a: Hatterene
|-damage|p2a: Hatterene|87/100
|-boost|p1a: Behemoth|spe|1
|-damage|p1a: Behemoth|79/100|[from] item: Rocky Helmet|[of] p2a: Hatterene
|-sideend|p1: Igoodnamename|Stealth Rock|[from] move: Rapid Spin|[of] p1a: Behemoth
|
|upkeep
|turn|8
|
|t:|1769336541
|-end|p1a: Behemoth|Protosynthesis|[silent]
|switch|p1a: Smile.exe|Tinkaton, F, shiny|53/100
|move|p2a: Hatterene|Nuzzle|p1a: Smile.exe
|-damage|p1a: Smile.exe|48/100
|-status|p1a: Smile.exe|par
|-enditem|p2a: Hatterene|Rocky Helmet|[silent]|[from] ability: Pickpocket|[of] p2a: Hatterene
|-item|p1a: Smile.exe|Rocky Helmet|[from] ability: Pickpocket|[of] p2a: Hatterene
|
|upkeep
|turn|9
|inactive|Igoodnamename has 120 seconds left.
|
|t:|1769336574
|switch|p2a: Iron Treads|Iron Treads|65/100
|move|p1a: Smile.exe|Stealth Rock|p2a: Iron Treads
|-sidestart|p2: Dante1310|move: Stealth Rock
|
|upkeep
|turn|10
|
|t:|1769336582
|switch|p1a: Anonymous|Ogerpon, F|100/100
|move|p2a: Iron Treads|Stealth Rock|p1a: Anonymous
|-sidestart|p1: Igoodnamename|move: Stealth Rock
|
|upkeep
|turn|11
|
|t:|1769336595
|move|p1a: Anonymous|Rock Tomb|p2a: Iron Treads
|-resisted|p2a: Iron Treads
|-damage|p2a: Iron Treads|58/100
|-unboost|p2a: Iron Treads|spe|1
|move|p2a: Iron Treads|Rapid Spin|p1a: Anonymous
|-damage|p1a: Anonymous|80/100
|-boost|p2a: Iron Treads|spe|1
|-sideend|p2: Dante1310|Stealth Rock|[from] move: Rapid Spin|[of] p2a: Iron Treads
|
|upkeep
|turn|12
|
|t:|1769336601
|switch|p1a: Behemoth|Great Tusk, shiny|79/100
|move|p2a: Iron Treads|Earthquake|p1a: Behemoth
|-damage|p1a: Behemoth|46/100
|
|upkeep
|turn|13
|
|t:|1769336620
|-terastallize|p2a: Iron Treads|Ice
|move|p2a: Iron Treads|Ice Spinner|p1a: Behemoth
|-supereffective|p1a: Behemoth
|-crit|p1a: Behemoth
|-damage|p1a: Behemoth|0 fnt
|faint|p1a: Behemoth
|-end|p1a: Behemoth|Protosynthesis|[silent]
|
|upkeep
|
|t:|1769336633
|switch|p1a: Anonymous|Ogerpon, F|80/100
|-damage|p1a: Anonymous|67/100|[from] Stealth Rock
|turn|14
|
|t:|1769336659
|-end|p2a: Iron Treads|Quark Drive|[silent]
|switch|p2a: Zapdos|Zapdos|74/100
|-terastallize|p1a: Anonymous|Grass
|detailschange|p1a: Anonymous|Ogerpon-Teal-Tera, F, tera:Grass
|-ability|p1a: Anonymous|Embody Aspect (Teal)|boost
|-boost|p1a: Anonymous|spe|1
|move|p1a: Anonymous|Ivy Cudgel|p2a: Zapdos
|-resisted|p2a: Zapdos
|-damage|p2a: Zapdos|40/100
|
|upkeep
|turn|15
|
|t:|1769336679
|switch|p1a: Hybrid|Hydreigon, M, shiny|100/100
|-damage|p1a: Hybrid|88/100|[from] Stealth Rock
|move|p2a: Zapdos|U-turn|p1a: Hybrid
|-supereffective|p1a: Hybrid
|-damage|p1a: Hybrid|60/100
|inactive|Dante1310 has 120 seconds left.
|
|t:|1769336701
|switch|p2a: Ogerpon|Ogerpon-Cornerstone, F|100/100|[from] U-turn
|
|upkeep
|turn|16
|
|t:|1769336716
|switch|p1a: Smile.exe|Tinkaton, F, shiny|48/100 par
|-damage|p1a: Smile.exe|42/100 par|[from] Stealth Rock
|move|p2a: Ogerpon|Superpower|p1a: Smile.exe
|-damage|p1a: Smile.exe|0 fnt
|-unboost|p2a: Ogerpon|atk|1
|-unboost|p2a: Ogerpon|def|1
|-damage|p2a: Ogerpon|84/100|[from] item: Rocky Helmet|[of] p1a: Smile.exe
|faint|p1a: Smile.exe
|
|upkeep
|
|t:|1769336718
|switch|p1a: Overseer|Pecharunt|60/100
|-damage|p1a: Overseer|48/100|[from] Stealth Rock
|turn|17
|
|t:|1769336723
|switch|p2a: Iron Treads|Iron Treads, tera:Ice|58/100
|move|p1a: Overseer|Recover|p1a: Overseer
|-heal|p1a: Overseer|98/100
|
|upkeep
|turn|18
|
|t:|1769336728
|-end|p2a: Iron Treads|Quark Drive|[silent]
|switch|p2a: Okidogi|Okidogi, M|100/100
|move|p1a: Overseer|Malignant Chain|p2a: Okidogi
|-resisted|p2a: Okidogi
|-damage|p2a: Okidogi|90/100
|
|upkeep
|turn|19
|
|t:|1769336733
|move|p1a: Overseer|Parting Shot|p2a: Okidogi
|-unboost|p2a: Okidogi|atk|1
|-unboost|p2a: Okidogi|spa|1
|
|t:|1769336736
|switch|p1a: Pisces|Alomomola, M, shiny|100/100|[from] Parting Shot
|-damage|p1a: Pisces|88/100|[from] Stealth Rock
|move|p2a: Okidogi|Knock Off|p1a: Pisces
|-damage|p1a: Pisces|69/100
|-enditem|p1a: Pisces|Assault Vest|[from] move: Knock Off|[of] p2a: Okidogi
|
|upkeep
|turn|20
|
|t:|1769336739
|move|p2a: Okidogi|Gunk Shot|p1a: Pisces|[miss]
|-miss|p2a: Okidogi|p1a: Pisces
|move|p1a: Pisces|Flip Turn|p2a: Okidogi
|-damage|p2a: Okidogi|76/100
|
|t:|1769336751
|switch|p1a: Overseer|Pecharunt|98/100|[from] Flip Turn
|-damage|p1a: Overseer|86/100|[from] Stealth Rock
|
|upkeep
|turn|21
|
|t:|1769336754
|move|p1a: Overseer|Shadow Ball|p2a: Okidogi
|-damage|p2a: Okidogi|57/100
|move|p2a: Okidogi|Knock Off|p1a: Overseer
|-supereffective|p1a: Overseer
|-damage|p1a: Overseer|64/100
|-damage|p2a: Okidogi|41/100|[from] item: Rocky Helmet|[of] p1a: Overseer
|-enditem|p1a: Overseer|Rocky Helmet|[from] move: Knock Off|[of] p2a: Okidogi
|
|upkeep
|turn|22
|
|t:|1769336765
|switch|p2a: Kingambit|Kingambit, M|100/100
|move|p1a: Overseer|Parting Shot|p2a: Kingambit
|-unboost|p2a: Kingambit|atk|1
|-unboost|p2a: Kingambit|spa|1
|
|t:|1769336775
|switch|p1a: Hybrid|Hydreigon, M, shiny|60/100|[from] Parting Shot
|-damage|p1a: Hybrid|48/100|[from] Stealth Rock
|
|upkeep
|turn|23
|
|t:|1769336787
|-end|p2a: Kingambit|fallenundefined|[silent]
|switch|p2a: Hatterene|Hatterene, F|87/100
|move|p1a: Hybrid|Earth Power|p2a: Hatterene
|-damage|p2a: Hatterene|40/100
|
|upkeep
|turn|24
|
|t:|1769336798
|switch|p1a: Anonymous|Ogerpon-Teal-Tera, F, tera:Grass|67/100
|-damage|p1a: Anonymous|55/100|[from] Stealth Rock
|-ability|p1a: Anonymous|Embody Aspect (Teal)|boost
|-boost|p1a: Anonymous|spe|1
|switch|p2a: Zapdos|Zapdos|40/100
|
|upkeep
|turn|25
|
|t:|1769336808
|move|p1a: Anonymous|Rock Tomb|p2a: Zapdos
|-supereffective|p2a: Zapdos
|-damage|p2a: Zapdos|0 fnt
|faint|p2a: Zapdos
|
|upkeep
|
|t:|1769336810
|switch|p2a: Kingambit|Kingambit, M|100/100
|-activate|p2a: Kingambit|ability: Supreme Overlord
|-start|p2a: Kingambit|fallen1|[silent]
|turn|26
|
|t:|1769336835
|switch|p1a: Hybrid|Hydreigon, M, shiny|48/100
|-damage|p1a: Hybrid|36/100|[from] Stealth Rock
|move|p2a: Kingambit|Kowtow Cleave|p1a: Hybrid
|-resisted|p1a: Hybrid
|-damage|p1a: Hybrid|4/100
|
|upkeep
|turn|27
|
|t:|1769336848
|move|p2a: Kingambit|Sucker Punch|p1a: Hybrid
|-resisted|p1a: Hybrid
|-damage|p1a: Hybrid|0 fnt
|faint|p1a: Hybrid
|
|upkeep
|j| wyjmjl
|-message|Igoodnamename forfeited.
|
|win|Dante1310
|raw|Igoodnamename's rating: 1654 &rarr; <strong>1634</strong><br />(-20 for losing)
|raw|Dante1310's rating: 1651 &rarr; <strong>1671</strong><br />(+20 for winning)
|l|☆Igoodnamename
|player|p1|
|l|☆Dante1310
|player|p2|
|l| wyjmjl
