|j|‽swaqfeq
|j|☆jidbackinthecity
|t:|1769412571
|gametype|singles
|player|p1|swaqfeq|266|1539
|player|p2|jidbackinthecity|giovanni|1517
|gen|9
|tier|[Gen 9] OU
|rated|
|rule|HP Percentage Mod: HP is shown in percentages
|rule|Endless Battle Clause: Forcing endless battles is banned
|rule|Species Clause: Limit one of each Pokémon
|rule|OHKO Clause: OHKO moves are banned
|rule|Evasion Items Clause: Evasion items are banned
|rule|Evasion Moves Clause: Evasion moves are banned
|rule|Evasion Abilities Clause: Evasion abilities are banned
|rule|Sleep Moves Clause: Sleep-inducing moves are banned
|clearpoke
|poke|p1|Jolteon, F|
|poke|p1|Slowking-Galar, F|
|poke|p1|Great Tusk|
|poke|p1|Moltres|
|poke|p1|Kingambit, F|
|poke|p1|Hydrapple, M|
|poke|p2|Dragapult, F|
|poke|p2|Alomomola, F|
|poke|p2|Ting-Lu|
|poke|p2|Kyurem|
|poke|p2|Weezing-Galar, F|
|poke|p2|Corviknight, F|
|teampreview
|
|t:|1769412580
|teamsize|p1|6
|teamsize|p2|6
|start
|switch|p1a: Moltres|Moltres|100/100
|switch|p2a: Moody Blues|Dragapult, F|100/100
|turn|1
|inactive|Battle timer is ON: inactive players will automatically lose when time's up. (requested by swaqfeq)
|
|t:|1769412587
|switch|p2a: Ting-Lu|Ting-Lu|100/100
|-ability|p2a: Ting-Lu|Vessel of Ruin
|move|p1a: Moltres|Will-O-Wisp|p2a: Ting-Lu
|-status|p2a: Ting-Lu|brn
|
|-damage|p2a: Ting-Lu|94/100 brn|[from] brn
|upkeep
|turn|2
|
|t:|1769412591
|switch|p1a: Great Tusk|Great Tusk|100/100
|move|p2a: Ting-Lu|Stealth Rock|p1a: Great Tusk
|-sidestart|p1: swaqfeq|move: Stealth Rock
|
|-heal|p2a: Ting-Lu|100/100 brn|[from] item: Leftovers
|-damage|p2a: Ting-Lu|94/100 brn|[from] brn
|upkeep
|turn|3
|
|t:|1769412594
|switch|p2a: Fogbound Lake|Alomomola, F|100/100
|move|p1a: Great Tusk|Stealth Rock|p2a: Fogbound Lake
|-sidestart|p2: jidbackinthecity|move: Stealth Rock
|
|upkeep
|turn|4
|
|t:|1769412599
|-end|p1a: Great Tusk|Protosynthesis|[silent]
|switch|p1a: Hydrapple|Hydrapple, M|100/100
|move|p2a: Fogbound Lake|Flip Turn|p1a: Hydrapple
|-resisted|p1a: Hydrapple
|-damage|p1a: Hydrapple|98/100
|
|t:|1769412605
|switch|p2a: Corviknight|Corviknight, F|100/100|[from] Flip Turn
|-damage|p2a: Corviknight|88/100|[from] Stealth Rock
|-ability|p2a: Corviknight|Pressure
|
|-heal|p2a: Corviknight|94/100|[from] item: Leftovers
|upkeep
|turn|5
|
|t:|1769412609
|switch|p1a: Moltres|Moltres|100/100
|move|p2a: Corviknight|U-turn|p1a: Moltres
|-resisted|p1a: Moltres
|-damage|p1a: Moltres|98/100
|
|t:|1769412617
|switch|p2a: Fogbound Lake|Alomomola, F|100/100|[from] U-turn
|-damage|p2a: Fogbound Lake|88/100|[from] Stealth Rock
|
|upkeep
|turn|6
|
|t:|1769412625
|switch|p1a: Slowking|Slowking-Galar, F|100/100
|-damage|p1a: Slowking|88/100|[from] Stealth Rock
|move|p2a: Fogbound Lake|Flip Turn|p1a: Slowking
|-damage|p1a: Slowking|72/100
|
|t:|1769412631
|switch|p2a: Moody Blues|Dragapult, F|100/100|[from] Flip Turn
|-damage|p2a: Moody Blues|88/100|[from] Stealth Rock
|
|upkeep
|turn|7
|
|t:|1769412634
|move|p2a: Moody Blues|Dragon Darts|p1a: Slowking
|-damage|p1a: Slowking|33/100
|-anim|p2a: Moody Blues|Dragon Darts|p1a: Slowking
|-damage|p1a: Slowking|0 fnt
|faint|p1a: Slowking
|
|upkeep
|
|t:|1769412639
|switch|p1a: Kingambit|Kingambit, F|100/100
|-damage|p1a: Kingambit|94/100|[from] Stealth Rock
|-activate|p1a: Kingambit|ability: Supreme Overlord
|-start|p1a: Kingambit|fallen1|[silent]
|turn|8
|
|t:|1769412643
|switch|p2a: Weezing|Weezing-Galar, F|100/100
|-ability|p2a: Weezing|Neutralizing Gas
|-damage|p2a: Weezing|88/100|[from] Stealth Rock
|move|p1a: Kingambit|Swords Dance|p1a: Kingambit
|-boost|p1a: Kingambit|atk|2
|
|-heal|p2a: Weezing|94/100|[from] item: Leftovers
|-heal|p1a: Kingambit|100/100|[from] item: Leftovers
|upkeep
|turn|9
|
|t:|1769412647
|move|p2a: Weezing|Will-O-Wisp|p1a: Kingambit
|-status|p1a: Kingambit|brn
|move|p1a: Kingambit|Iron Head|p2a: Weezing
|-supereffective|p2a: Weezing
|-damage|p2a: Weezing|22/100
|
|-heal|p2a: Weezing|28/100|[from] item: Leftovers
|-damage|p1a: Kingambit|94/100 brn|[from] brn
|upkeep
|turn|10
|
|t:|1769412651
|-end|p2a: Weezing|ability: Neutralizing Gas
|-activate|p1a: Kingambit|ability: Supreme Overlord
|-start|p1a: Kingambit|fallen1|[silent]
|switch|p2a: Fogbound Lake|Alomomola, F|100/100
|-damage|p2a: Fogbound Lake|88/100|[from] Stealth Rock
|move|p1a: Kingambit|Swords Dance|p1a: Kingambit
|-boost|p1a: Kingambit|atk|2
|
|-heal|p1a: Kingambit|100/100 brn|[from] item: Leftovers
|-damage|p1a: Kingambit|94/100 brn|[from] brn
|upkeep
|turn|11
|
|t:|1769412654
|move|p1a: Kingambit|Swords Dance|p1a: Kingambit
|-boost|p1a: Kingambit|atk|2
|move|p2a: Fogbound Lake|Tickle|p1a: Kingambit
|-unboost|p1a: Kingambit|atk|1
|-unboost|p1a: Kingambit|def|1
|
|-heal|p1a: Kingambit|100/100 brn|[from] item: Leftovers
|-damage|p1a: Kingambit|94/100 brn|[from] brn
|upkeep
|turn|12
|
|t:|1769412657
|move|p1a: Kingambit|Kowtow Cleave|p2a: Fogbound Lake
|-damage|p2a: Fogbound Lake|33/100
|-damage|p1a: Kingambit|78/100 brn|[from] item: Rocky Helmet|[of] p2a: Fogbound Lake
|move|p2a: Fogbound Lake|Tickle|p1a: Kingambit
|-unboost|p1a: Kingambit|atk|1
|-unboost|p1a: Kingambit|def|1
|
|-heal|p1a: Kingambit|84/100 brn|[from] item: Leftovers
|-damage|p1a: Kingambit|78/100 brn|[from] brn
|upkeep
|turn|13
|
|t:|1769412662
|move|p1a: Kingambit|Kowtow Cleave|p2a: Fogbound Lake
|-damage|p2a: Fogbound Lake|0 fnt
|-damage|p1a: Kingambit|61/100 brn|[from] item: Rocky Helmet|[of] p2a: Fogbound Lake
|faint|p2a: Fogbound Lake
|
|-heal|p1a: Kingambit|68/100 brn|[from] item: Leftovers
|-damage|p1a: Kingambit|61/100 brn|[from] brn
|upkeep
|c|☆jidbackinthecity|misclick
|c|☆jidbackinthecity|:(
|
|t:|1769412669
|switch|p2a: Tiffany BlueStones|Kyurem, shiny|100/100
|-damage|p2a: Tiffany BlueStones|76/100|[from] Stealth Rock
|-ability|p2a: Tiffany BlueStones|Pressure
|turn|14
|
|t:|1769412675
|move|p1a: Kingambit|Sucker Punch||[still]
|-fail|p1a: Kingambit
|move|p2a: Tiffany BlueStones|Substitute|p2a: Tiffany BlueStones
|-start|p2a: Tiffany BlueStones|Substitute
|-damage|p2a: Tiffany BlueStones|51/100
|
|-heal|p2a: Tiffany BlueStones|57/100|[from] item: Leftovers
|-heal|p1a: Kingambit|68/100 brn|[from] item: Leftovers
|-damage|p1a: Kingambit|61/100 brn|[from] brn
|upkeep
|turn|15
|
|t:|1769412680
|move|p2a: Tiffany BlueStones|Earth Power|p1a: Kingambit
|-supereffective|p1a: Kingambit
|-damage|p1a: Kingambit|0 fnt
|faint|p1a: Kingambit
|-end|p1a: Kingambit|fallen1|[silent]
|
|-heal|p2a: Tiffany BlueStones|63/100|[from] item: Leftovers
|upkeep
|
|t:|1769412686
|switch|p1a: Jolteon|Jolteon, F|100/100
|turn|16
|
|t:|1769412690
|-terastallize|p1a: Jolteon|Fairy
|move|p1a: Jolteon|Calm Mind|p1a: Jolteon
|-boost|p1a: Jolteon|spa|1
|-boost|p1a: Jolteon|spd|1
|move|p2a: Tiffany BlueStones|Earth Power|p1a: Jolteon
|-damage|p1a: Jolteon|75/100
|
|-heal|p2a: Tiffany BlueStones|69/100|[from] item: Leftovers
|upkeep
|turn|17
|
|t:|1769412694
|move|p1a: Jolteon|Alluring Voice|p2a: Tiffany BlueStones
|-supereffective|p2a: Tiffany BlueStones
|-damage|p2a: Tiffany BlueStones|0 fnt
|faint|p2a: Tiffany BlueStones
|
|upkeep
|
|t:|1769412697
|switch|p2a: Moody Blues|Dragapult, F|88/100
|-damage|p2a: Moody Blues|76/100|[from] Stealth Rock
|turn|18
|
|t:|1769412705
|switch|p1a: Great Tusk|Great Tusk|100/100
|-damage|p1a: Great Tusk|98/100|[from] Stealth Rock
|-terastallize|p2a: Moody Blues|Ghost
|move|p2a: Moody Blues|Tera Blast|p1a: Great Tusk|[anim] Tera Blast Ghost
|-damage|p1a: Great Tusk|62/100
|
|upkeep
|turn|19
|
|t:|1769412712
|switch|p2a: Corviknight|Corviknight, F|94/100
|-damage|p2a: Corviknight|82/100|[from] Stealth Rock
|-ability|p2a: Corviknight|Pressure
|move|p1a: Great Tusk|Ice Spinner|p2a: Corviknight
|-damage|p2a: Corviknight|63/100
|
|-heal|p2a: Corviknight|69/100|[from] item: Leftovers
|upkeep
|turn|20
|
|t:|1769412716
|move|p1a: Great Tusk|Rapid Spin|p2a: Corviknight
|-resisted|p2a: Corviknight
|-damage|p2a: Corviknight|64/100
|-boost|p1a: Great Tusk|spe|1
|-sideend|p1: swaqfeq|Stealth Rock|[from] move: Rapid Spin|[of] p1a: Great Tusk
|move|p2a: Corviknight|Defog|p1a: Great Tusk
|-unboost|p1a: Great Tusk|evasion|1
|-sideend|p2: jidbackinthecity|Stealth Rock|[from] move: Defog|[of] p2a: Corviknight
|
|-heal|p2a: Corviknight|70/100|[from] item: Leftovers
|upkeep
|turn|21
|
|t:|1769412722
|move|p1a: Great Tusk|Body Press|p2a: Corviknight
|-damage|p2a: Corviknight|29/100
|move|p2a: Corviknight|U-turn|p1a: Great Tusk
|-resisted|p1a: Great Tusk
|-damage|p1a: Great Tusk|59/100
|-damage|p2a: Corviknight|12/100|[from] item: Rocky Helmet|[of] p1a: Great Tusk
|
|t:|1769412730
|switch|p2a: Weezing|Weezing-Galar, F|28/100|[from] U-turn
|-ability|p2a: Weezing|Neutralizing Gas
|
|-heal|p2a: Weezing|34/100|[from] item: Leftovers
|upkeep
|turn|22
|
|t:|1769412736
|move|p1a: Great Tusk|Stealth Rock|p2a: Weezing
|-sidestart|p2: jidbackinthecity|move: Stealth Rock
|move|p2a: Weezing|Toxic|p1a: Great Tusk
|-status|p1a: Great Tusk|tox
|
|-heal|p2a: Weezing|40/100|[from] item: Leftovers
|-damage|p1a: Great Tusk|53/100 tox|[from] psn
|upkeep
|turn|23
|
|t:|1769412739
|move|p1a: Great Tusk|Ice Spinner|p2a: Weezing
|-damage|p2a: Weezing|22/100
|move|p2a: Weezing|Defog|p1a: Great Tusk
|-unboost|p1a: Great Tusk|evasion|1
|-sideend|p2: jidbackinthecity|Stealth Rock|[from] move: Defog|[of] p2a: Weezing
|
|-heal|p2a: Weezing|28/100|[from] item: Leftovers
|-damage|p1a: Great Tusk|40/100 tox|[from] psn
|upkeep
|turn|24
|
|t:|1769412742
|move|p1a: Great Tusk|Stealth Rock|p2a: Weezing
|-sidestart|p2: jidbackinthecity|move: Stealth Rock
|move|p2a: Weezing|Defog|p1a: Great Tusk
|-unboost|p1a: Great Tusk|evasion|1
|-sideend|p2: jidbackinthecity|Stealth Rock|[from] move: Defog|[of] p2a: Weezing
|
|-heal|p2a: Weezing|34/100|[from] item: Leftovers
|-damage|p1a: Great Tusk|21/100 tox|[from] psn
|upkeep
|turn|25
|
|t:|1769412746
|-end|p1a: Great Tusk|Protosynthesis|[silent]
|switch|p1a: Moltres|Moltres|98/100
|move|p2a: Weezing|Defog|p1a: Moltres
|-unboost|p1a: Moltres|evasion|1
|
|-heal|p2a: Weezing|40/100|[from] item: Leftovers
|upkeep
|turn|26
|
|t:|1769412750
|move|p1a: Moltres|Scorching Sands|p2a: Weezing
|-supereffective|p2a: Weezing
|-damage|p2a: Weezing|0 fnt
|faint|p2a: Weezing
|-end|p2a: Weezing|ability: Neutralizing Gas
|
|upkeep
|
|t:|1769412756
|switch|p2a: Ting-Lu|Ting-Lu|94/100 brn
|-ability|p2a: Ting-Lu|Vessel of Ruin
|turn|27
|
|t:|1769412763
|move|p1a: Moltres|Flamethrower|p2a: Ting-Lu
|-damage|p2a: Ting-Lu|77/100 brn
|move|p2a: Ting-Lu|Ruination|p1a: Moltres
|-damage|p1a: Moltres|49/100
|
|-heal|p2a: Ting-Lu|83/100 brn|[from] item: Leftovers
|-damage|p2a: Ting-Lu|77/100 brn|[from] brn
|upkeep
|turn|28
|
|t:|1769412771
|move|p1a: Moltres|Flamethrower|p2a: Ting-Lu
|-crit|p2a: Ting-Lu
|-damage|p2a: Ting-Lu|51/100 brn
|move|p2a: Ting-Lu|Stealth Rock|p1a: Moltres
|-sidestart|p1: swaqfeq|move: Stealth Rock
|
|-heal|p2a: Ting-Lu|57/100 brn|[from] item: Leftovers
|-damage|p2a: Ting-Lu|51/100 brn|[from] brn
|upkeep
|turn|29
|
|t:|1769412775
|move|p1a: Moltres|Roost|p1a: Moltres
|-heal|p1a: Moltres|99/100
|-singleturn|p1a: Moltres|move: Roost
|move|p2a: Ting-Lu|Ruination|p1a: Moltres
|-damage|p1a: Moltres|50/100
|
|-heal|p2a: Ting-Lu|57/100 brn|[from] item: Leftovers
|-damage|p2a: Ting-Lu|51/100 brn|[from] brn
|upkeep
|turn|30
|
|t:|1769412778
|move|p1a: Moltres|Flamethrower|p2a: Ting-Lu
|-damage|p2a: Ting-Lu|35/100 brn
|move|p2a: Ting-Lu|Ruination|p1a: Moltres
|-damage|p1a: Moltres|25/100
|
|-heal|p2a: Ting-Lu|41/100 brn|[from] item: Leftovers
|-damage|p2a: Ting-Lu|35/100 brn|[from] brn
|upkeep
|turn|31
|
|t:|1769412781
|move|p1a: Moltres|Roost|p1a: Moltres
|-heal|p1a: Moltres|75/100
|-singleturn|p1a: Moltres|move: Roost
|move|p2a: Ting-Lu|Ruination|p1a: Moltres
|-damage|p1a: Moltres|38/100
|
|-heal|p2a: Ting-Lu|41/100 brn|[from] item: Leftovers
|-damage|p2a: Ting-Lu|35/100 brn|[from] brn
|upkeep
|turn|32
|
|t:|1769412791
|move|p1a: Moltres|Roost|p1a: Moltres
|-heal|p1a: Moltres|88/100
|-singleturn|p1a: Moltres|move: Roost
|move|p2a: Ting-Lu|Ruination|p1a: Moltres
|-damage|p1a: Moltres|44/100
|
|-heal|p2a: Ting-Lu|41/100 brn|[from] item: Leftovers
|-damage|p2a: Ting-Lu|35/100 brn|[from] brn
|upkeep
|turn|33
|
|t:|1769412802
|move|p1a: Moltres|Flamethrower|p2a: Ting-Lu
|-damage|p2a: Ting-Lu|18/100 brn
|move|p2a: Ting-Lu|Ruination|p1a: Moltres
|-damage|p1a: Moltres|22/100
|
|-heal|p2a: Ting-Lu|25/100 brn|[from] item: Leftovers
|-damage|p2a: Ting-Lu|18/100 brn|[from] brn
|upkeep
|turn|34
|
|t:|1769412806
|move|p1a: Moltres|Roost|p1a: Moltres
|-heal|p1a: Moltres|72/100
|-singleturn|p1a: Moltres|move: Roost
|move|p2a: Ting-Lu|Rest|p2a: Ting-Lu
|-status|p2a: Ting-Lu|slp|[from] move: Rest
|-heal|p2a: Ting-Lu|100/100 slp|[silent]
|
|upkeep
|turn|35
|
|t:|1769412812
|switch|p1a: Hydrapple|Hydrapple, M|100/100
|switch|p2a: Corviknight|Corviknight, F|12/100
|-ability|p2a: Corviknight|Pressure
|
|-heal|p2a: Corviknight|19/100|[from] item: Leftovers
|upkeep
|turn|36
|
|t:|1769412816
|move|p1a: Hydrapple|Earth Power|p2a: Corviknight
|-immune|p2a: Corviknight
|move|p2a: Corviknight|Roost|p2a: Corviknight
|-heal|p2a: Corviknight|69/100
|-singleturn|p2a: Corviknight|move: Roost
|
|-heal|p2a: Corviknight|75/100|[from] item: Leftovers
|upkeep
|turn|37
|
|t:|1769412819
|switch|p1a: Great Tusk|Great Tusk|21/100 tox
|-damage|p1a: Great Tusk|18/100 tox|[from] Stealth Rock
|move|p2a: Corviknight|Brave Bird|p1a: Great Tusk
|-supereffective|p1a: Great Tusk
|-damage|p1a: Great Tusk|0 fnt
|-damage|p2a: Corviknight|58/100|[from] item: Rocky Helmet|[of] p1a: Great Tusk
|faint|p1a: Great Tusk
|-end|p1a: Great Tusk|Protosynthesis|[silent]
|-damage|p2a: Corviknight|52/100|[from] Recoil
|
|-heal|p2a: Corviknight|58/100|[from] item: Leftovers
|upkeep
|
|t:|1769412824
|switch|p1a: Jolteon|Jolteon, F, tera:Fairy|75/100
|turn|38
|
|t:|1769412830
|move|p1a: Jolteon|Calm Mind|p1a: Jolteon
|-boost|p1a: Jolteon|spa|1
|-boost|p1a: Jolteon|spd|1
|move|p2a: Corviknight|U-turn|p1a: Jolteon
|-resisted|p1a: Jolteon
|-damage|p1a: Jolteon|61/100
|
|t:|1769412833
|switch|p2a: Moody Blues|Dragapult, F, tera:Ghost|76/100|[from] U-turn
|
|upkeep
|turn|39
|
|t:|1769412837
|switch|p1a: Moltres|Moltres|72/100
|move|p2a: Moody Blues|Tera Blast|p1a: Moltres|[anim] Tera Blast Ghost
|-damage|p1a: Moltres|9/100
|
|upkeep
|turn|40
|
|t:|1769412841
|move|p2a: Moody Blues|Tera Blast|p1a: Moltres|[anim] Tera Blast Ghost
|-damage|p1a: Moltres|0 fnt
|faint|p1a: Moltres
|
|upkeep
|
|t:|1769412843
|switch|p1a: Hydrapple|Hydrapple, M|100/100
|turn|41
|
|t:|1769412846
|switch|p2a: Corviknight|Corviknight, F|58/100
|-ability|p2a: Corviknight|Pressure
|move|p1a: Hydrapple|Fickle Beam|p2a: Corviknight
|-resisted|p2a: Corviknight
|-damage|p2a: Corviknight|48/100
|
|-heal|p2a: Corviknight|54/100|[from] item: Leftovers
|upkeep
|turn|42
|
|t:|1769412852
|move|p1a: Hydrapple|Nasty Plot|p1a: Hydrapple
|-boost|p1a: Hydrapple|spa|2
|move|p2a: Corviknight|U-turn|p1a: Hydrapple
|-supereffective|p1a: Hydrapple
|-damage|p1a: Hydrapple|84/100
|
|t:|1769412854
|switch|p2a: Moody Blues|Dragapult, F, tera:Ghost|76/100|[from] U-turn
|
|upkeep
|turn|43
|
|t:|1769412856
|switch|p1a: Jolteon|Jolteon, F, tera:Fairy|61/100
|move|p2a: Moody Blues|Dragon Darts|p1a: Jolteon
|-immune|p1a: Jolteon
|
|upkeep
|turn|44
|
|t:|1769412859
|switch|p2a: Ting-Lu|Ting-Lu|100/100 slp
|-ability|p2a: Ting-Lu|Vessel of Ruin
|move|p1a: Jolteon|Calm Mind|p1a: Jolteon
|-boost|p1a: Jolteon|spa|1
|-boost|p1a: Jolteon|spd|1
|
|upkeep
|turn|45
|
|t:|1769412865
|move|p1a: Jolteon|Calm Mind|p1a: Jolteon
|-boost|p1a: Jolteon|spa|1
|-boost|p1a: Jolteon|spd|1
|cant|p2a: Ting-Lu|slp
|
|upkeep
|turn|46
|
|t:|1769412866
|move|p1a: Jolteon|Alluring Voice|p2a: Ting-Lu
|-supereffective|p2a: Ting-Lu
|-damage|p2a: Ting-Lu|30/100 slp
|cant|p2a: Ting-Lu|slp
|
|-heal|p2a: Ting-Lu|36/100 slp|[from] item: Leftovers
|upkeep
|turn|47
|
|t:|1769412869
|move|p1a: Jolteon|Alluring Voice|p2a: Ting-Lu
|-supereffective|p2a: Ting-Lu
|-damage|p2a: Ting-Lu|0 fnt
|faint|p2a: Ting-Lu
|
|upkeep
|
|t:|1769412871
|switch|p2a: Moody Blues|Dragapult, F, tera:Ghost|76/100
|turn|48
|
|t:|1769412878
|switch|p1a: Hydrapple|Hydrapple, M|100/100
|move|p2a: Moody Blues|Tera Blast|p1a: Hydrapple|[anim] Tera Blast Ghost
|-damage|p1a: Hydrapple|59/100
|
|upkeep
|turn|49
|
|t:|1769412882
|move|p2a: Moody Blues|Tera Blast|p1a: Hydrapple|[anim] Tera Blast Ghost
|-damage|p1a: Hydrapple|16/100
|move|p1a: Hydrapple|Giga Drain|p2a: Moody Blues
|-damage|p2a: Moody Blues|33/100
|-heal|p1a: Hydrapple|33/100|[from] drain|[of] p2a: Moody Blues
|
|upkeep
|turn|50
|
|t:|1769412892
|move|p2a: Moody Blues|Tera Blast|p1a: Hydrapple|[anim] Tera Blast Ghost
|-damage|p1a: Hydrapple|0 fnt
|faint|p1a: Hydrapple
|
|upkeep
|
|t:|1769412893
|switch|p1a: Jolteon|Jolteon, F, tera:Fairy|61/100
|turn|51
|
|t:|1769412895
|move|p2a: Moody Blues|Tera Blast|p1a: Jolteon|[anim] Tera Blast Ghost
|-damage|p1a: Jolteon|0 fnt
|faint|p1a: Jolteon
|
|win|jidbackinthecity
|raw|swaqfeq's rating: 1539 &rarr; <strong>1518</strong><br />(-21 for losing)
|raw|jidbackinthecity's rating: 1517 &rarr; <strong>1538</strong><br />(+21 for winning)
|l|‽swaqfeq
|player|p1|
|l|☆jidbackinthecity
|player|p2|
