|j|☆Estuardo19
|j|☆RENAISSANCE BLAZE
|t:|1769307366
|gametype|singles
|player|p1|Estuardo19|waitress-gen4|
|player|p2|RENAISSANCE BLAZE|silver|
|gen|9
|tier|[Gen 9] OU
|rule|HP Percentage Mod: HP is shown in percentages
|rule|Endless Battle Clause: Forcing endless battles is banned
|rule|Species Clause: Limit one of each Pokémon
|rule|OHKO Clause: OHKO moves are banned
|rule|Evasion Items Clause: Evasion items are banned
|rule|Evasion Moves Clause: Evasion moves are banned
|rule|Evasion Abilities Clause: Evasion abilities are banned
|rule|Sleep Moves Clause: Sleep-inducing moves are banned
|clearpoke
|poke|p1|Zamazenta-*|
|poke|p1|Ogerpon-Wellspring, F|
|poke|p1|Garganacl, F|
|poke|p1|Moltres|
|poke|p1|Iron Treads|
|poke|p1|Darkrai|
|poke|p2|Hydrapple, M|
|poke|p2|Tyranitar, F|
|poke|p2|Moltres|
|poke|p2|Zamazenta-*|
|poke|p2|Slowking-Galar, F|
|poke|p2|Excadrill, F|
|teampreview
|inactive|Battle timer is ON: inactive players will automatically lose when time's up. (requested by Estuardo19)
|inactive|RENAISSANCE BLAZE also wants the timer to be on.
|c|☆Estuardo19|hf
|inactive|Estuardo19 has 270 seconds left.
|inactive|RENAISSANCE BLAZE has 270 seconds left.
|
|t:|1769307399
|teamsize|p1|6
|teamsize|p2|6
|start
|switch|p1a: The Whisperer|Ogerpon-Wellspring, F|100/100
|switch|p2a: Tyranitar|Tyranitar, F|100/100
|-weather|Sandstorm|[from] ability: Sand Stream|[of] p2a: Tyranitar
|turn|1
|
|t:|1769307417
|switch|p2a: Hydrapple|Hydrapple, M|100/100
|move|p1a: The Whisperer|Ivy Cudgel|p2a: Hydrapple|[anim] Ivy Cudgel Water
|-resisted|p2a: Hydrapple
|-damage|p2a: Hydrapple|92/100
|
|-weather|Sandstorm|[upkeep]
|-damage|p1a: The Whisperer|94/100|[from] Sandstorm
|-damage|p2a: Hydrapple|86/100|[from] Sandstorm
|upkeep
|turn|2
|
|t:|1769307426
|move|p1a: The Whisperer|U-turn|p2a: Hydrapple
|-supereffective|p2a: Hydrapple
|-damage|p2a: Hydrapple|55/100
|
|t:|1769307430
|switch|p1a: Callisto|Iron Treads|100/100|[from] U-turn
|move|p2a: Hydrapple|Fickle Beam|p1a: Callisto
|-resisted|p1a: Callisto
|-damage|p1a: Callisto|81/100
|
|-weather|Sandstorm|[upkeep]
|-damage|p2a: Hydrapple|49/100|[from] Sandstorm
|-heal|p1a: Callisto|88/100|[from] item: Leftovers
|upkeep
|turn|3
|
|t:|1769307457
|switch|p2a: Zamazenta|Zamazenta|100/100
|-ability|p2a: Zamazenta|Dauntless Shield|boost
|-boost|p2a: Zamazenta|def|1
|move|p1a: Callisto|Stealth Rock|p2a: Zamazenta
|-sidestart|p2: RENAISSANCE BLAZE|move: Stealth Rock
|
|-weather|Sandstorm|[upkeep]
|-damage|p2a: Zamazenta|94/100|[from] Sandstorm
|-heal|p2a: Zamazenta|100/100|[from] item: Leftovers
|-heal|p1a: Callisto|94/100|[from] item: Leftovers
|upkeep
|turn|4
|
|t:|1769307474
|-end|p1a: Callisto|Quark Drive|[silent]
|switch|p1a: Nex|Moltres|100/100
|move|p2a: Zamazenta|Roar|p1a: Nex
|drag|p1a: Callisto|Iron Treads|94/100
|
|-weather|Sandstorm|[upkeep]
|-damage|p2a: Zamazenta|94/100|[from] Sandstorm
|-heal|p2a: Zamazenta|100/100|[from] item: Leftovers
|-heal|p1a: Callisto|99/100|[from] item: Leftovers
|upkeep
|turn|5
|inactive|RENAISSANCE BLAZE has 270 seconds left.
|
|t:|1769307496
|switch|p2a: Tyranitar|Tyranitar, F|100/100
|-damage|p2a: Tyranitar|88/100|[from] Stealth Rock
|-end|p1a: Callisto|Quark Drive|[silent]
|switch|p1a: Nex|Moltres|100/100
|
|-weather|Sandstorm|[upkeep]
|-damage|p1a: Nex|94/100|[from] Sandstorm
|upkeep
|turn|6
|
|t:|1769307505
|switch|p1a: Callisto|Iron Treads|99/100
|move|p2a: Tyranitar|Stealth Rock|p1a: Callisto
|-sidestart|p1: Estuardo19|move: Stealth Rock
|
|-weather|Sandstorm|[upkeep]
|-heal|p1a: Callisto|100/100|[from] item: Leftovers
|upkeep
|turn|7
|inactive|RENAISSANCE BLAZE has 270 seconds left.
|
|t:|1769307525
|move|p1a: Callisto|Rapid Spin|p2a: Tyranitar
|-resisted|p2a: Tyranitar
|-damage|p2a: Tyranitar|83/100
|-boost|p1a: Callisto|spe|1
|-sideend|p1: Estuardo19|Stealth Rock|[from] move: Rapid Spin|[of] p1a: Callisto
|move|p2a: Tyranitar|Knock Off|p1a: Callisto
|-damage|p1a: Callisto|65/100
|-enditem|p1a: Callisto|Leftovers|[from] move: Knock Off|[of] p2a: Tyranitar
|
|-weather|Sandstorm|[upkeep]
|upkeep
|turn|8
|inactive|RENAISSANCE BLAZE has 270 seconds left.
|
|t:|1769307548
|switch|p2a: Moltres|Moltres|100/100
|move|p1a: Callisto|Earthquake|p2a: Moltres
|-immune|p2a: Moltres
|
|-weather|none
|upkeep
|turn|9
|
|t:|1769307560
|-end|p1a: Callisto|Quark Drive|[silent]
|switch|p1a: Corporeal Beast|Garganacl, F|100/100
|move|p2a: Moltres|U-turn|p1a: Corporeal Beast
|-damage|p1a: Corporeal Beast|91/100
|
|t:|1769307569
|switch|p2a: Tyranitar|Tyranitar, F|83/100|[from] U-turn
|-damage|p2a: Tyranitar|71/100|[from] Stealth Rock
|-weather|Sandstorm|[from] ability: Sand Stream|[of] p2a: Tyranitar
|
|-weather|Sandstorm|[upkeep]
|-heal|p1a: Corporeal Beast|97/100|[from] item: Leftovers
|upkeep
|turn|10
|
|t:|1769307575
|switch|p1a: Callisto|Iron Treads|65/100
|move|p2a: Tyranitar|Ice Beam|p1a: Callisto
|-damage|p1a: Callisto|41/100
|
|-weather|Sandstorm|[upkeep]
|upkeep
|turn|11
|inactive|RENAISSANCE BLAZE has 270 seconds left.
|
|t:|1769307589
|switch|p2a: Hydrapple|Hydrapple, M|82/100
|move|p1a: Callisto|Knock Off|p2a: Hydrapple
|-damage|p2a: Hydrapple|68/100
|-enditem|p2a: Hydrapple|Heavy-Duty Boots|[from] move: Knock Off|[of] p1a: Callisto
|
|-weather|Sandstorm|[upkeep]
|-damage|p2a: Hydrapple|61/100|[from] Sandstorm
|upkeep
|turn|12
|
|t:|1769307601
|-end|p1a: Callisto|Quark Drive|[silent]
|switch|p1a: Nex|Moltres|94/100
|move|p2a: Hydrapple|Giga Drain|p1a: Nex
|-resisted|p1a: Nex
|-damage|p1a: Nex|86/100
|-heal|p2a: Hydrapple|65/100|[from] drain|[of] p1a: Nex
|
|-weather|Sandstorm|[upkeep]
|-damage|p1a: Nex|80/100|[from] Sandstorm
|-damage|p2a: Hydrapple|59/100|[from] Sandstorm
|upkeep
|turn|13
|
|t:|1769307610
|switch|p2a: Tyranitar|Tyranitar, F|71/100
|-damage|p2a: Tyranitar|59/100|[from] Stealth Rock
|move|p1a: Nex|Will-O-Wisp|p2a: Tyranitar
|-status|p2a: Tyranitar|brn
|
|-weather|Sandstorm|[upkeep]
|-damage|p1a: Nex|74/100|[from] Sandstorm
|-damage|p2a: Tyranitar|52/100 brn|[from] brn
|upkeep
|turn|14
|
|t:|1769307616
|switch|p1a: Callisto|Iron Treads|41/100
|move|p2a: Tyranitar|Stealth Rock|p1a: Callisto
|-sidestart|p1: Estuardo19|move: Stealth Rock
|
|-weather|Sandstorm|[upkeep]
|-damage|p2a: Tyranitar|46/100 brn|[from] brn
|upkeep
|turn|15
|
|t:|1769307620
|move|p1a: Callisto|Rapid Spin|p2a: Tyranitar
|-resisted|p2a: Tyranitar
|-damage|p2a: Tyranitar|41/100 brn
|-boost|p1a: Callisto|spe|1
|-sideend|p1: Estuardo19|Stealth Rock|[from] move: Rapid Spin|[of] p1a: Callisto
|move|p2a: Tyranitar|Ice Beam|p1a: Callisto
|-damage|p1a: Callisto|16/100
|
|-weather|Sandstorm|[upkeep]
|-damage|p2a: Tyranitar|35/100 brn|[from] brn
|upkeep
|turn|16
|
|t:|1769307625
|switch|p2a: Hydrapple|Hydrapple, M|93/100
|-damage|p2a: Hydrapple|80/100|[from] Stealth Rock
|move|p1a: Callisto|Earthquake|p2a: Hydrapple
|-resisted|p2a: Hydrapple
|-damage|p2a: Hydrapple|68/100
|
|-weather|none
|upkeep
|turn|17
|
|t:|1769307633
|move|p1a: Callisto|Knock Off|p2a: Hydrapple
|-damage|p2a: Hydrapple|59/100
|move|p2a: Hydrapple|Fickle Beam|p1a: Callisto
|-resisted|p1a: Callisto
|-damage|p1a: Callisto|0 fnt
|faint|p1a: Callisto
|-end|p1a: Callisto|Quark Drive|[silent]
|
|upkeep
|
|t:|1769307640
|switch|p1a: The Nightmare|Darkrai|100/100
|turn|18
|inactive|RENAISSANCE BLAZE has 270 seconds left.
|inactive|Estuardo19 has 270 seconds left.
|
|t:|1769307689
|switch|p2a: Moltres|Moltres|100/100
|move|p1a: The Nightmare|Dark Pulse|p2a: Moltres
|-damage|p2a: Moltres|38/100
|
|upkeep
|turn|19
|
|t:|1769307694
|move|p1a: The Nightmare|Dark Pulse|p2a: Moltres
|-damage|p2a: Moltres|0 fnt
|faint|p2a: Moltres
|
|upkeep
|
|t:|1769307697
|switch|p2a: Tyranitar|Tyranitar, F|35/100 brn
|-damage|p2a: Tyranitar|22/100 brn|[from] Stealth Rock
|-weather|Sandstorm|[from] ability: Sand Stream|[of] p2a: Tyranitar
|turn|20
|
|t:|1769307707
|move|p1a: The Nightmare|Dark Pulse|p2a: Tyranitar
|-resisted|p2a: Tyranitar
|-damage|p2a: Tyranitar|9/100 brn
|move|p2a: Tyranitar|Stealth Rock|p1a: The Nightmare
|-sidestart|p1: Estuardo19|move: Stealth Rock
|
|-weather|Sandstorm|[upkeep]
|-damage|p1a: The Nightmare|94/100|[from] Sandstorm
|-damage|p2a: Tyranitar|3/100 brn|[from] brn
|upkeep
|turn|21
|
|t:|1769307715
|move|p1a: The Nightmare|Dark Pulse|p2a: Tyranitar
|-resisted|p2a: Tyranitar
|-damage|p2a: Tyranitar|0 fnt
|faint|p2a: Tyranitar
|
|-weather|Sandstorm|[upkeep]
|-damage|p1a: The Nightmare|88/100|[from] Sandstorm
|upkeep
|
|t:|1769307718
|switch|p2a: Excadrill|Excadrill, F|100/100
|-damage|p2a: Excadrill|97/100|[from] Stealth Rock
|-item|p2a: Excadrill|Air Balloon
|turn|22
|
|t:|1769307725
|switch|p1a: Nex|Moltres|74/100
|move|p2a: Excadrill|Swords Dance|p2a: Excadrill
|-boost|p2a: Excadrill|atk|2
|
|-weather|Sandstorm|[upkeep]
|-damage|p1a: Nex|68/100|[from] Sandstorm
|upkeep
|turn|23
|
|t:|1769307733
|-terastallize|p2a: Excadrill|Fire
|move|p2a: Excadrill|Iron Head|p1a: Nex
|-resisted|p1a: Nex
|-damage|p1a: Nex|35/100
|move|p1a: Nex|Flamethrower|p2a: Excadrill
|-resisted|p2a: Excadrill
|-damage|p2a: Excadrill|69/100
|-enditem|p2a: Excadrill|Air Balloon
|
|-weather|Sandstorm|[upkeep]
|-damage|p1a: Nex|29/100|[from] Sandstorm
|upkeep
|turn|24
|
|t:|1769307749
|switch|p1a: The Whisperer|Ogerpon-Wellspring, F|94/100
|-damage|p1a: The Whisperer|82/100|[from] Stealth Rock
|move|p2a: Excadrill|Iron Head|p1a: The Whisperer
|-resisted|p1a: The Whisperer
|-damage|p1a: The Whisperer|28/100
|
|-weather|Sandstorm|[upkeep]
|-damage|p1a: The Whisperer|22/100|[from] Sandstorm
|upkeep
|turn|25
|
|t:|1769307755
|move|p2a: Excadrill|Iron Head|p1a: The Whisperer
|-resisted|p1a: The Whisperer
|-crit|p1a: The Whisperer
|-damage|p1a: The Whisperer|0 fnt
|faint|p1a: The Whisperer
|
|-weather|Sandstorm|[upkeep]
|upkeep
|
|t:|1769307759
|switch|p1a: Cerberus|Zamazenta|100/100
|-damage|p1a: Cerberus|94/100|[from] Stealth Rock
|-ability|p1a: Cerberus|Dauntless Shield|boost
|-boost|p1a: Cerberus|def|1
|turn|26
|
|t:|1769307763
|move|p2a: Excadrill|Earthquake|p1a: Cerberus
|-damage|p1a: Cerberus|40/100
|move|p1a: Cerberus|Iron Defense|p1a: Cerberus
|-boost|p1a: Cerberus|def|2
|
|-weather|Sandstorm|[upkeep]
|-damage|p1a: Cerberus|33/100|[from] Sandstorm
|-heal|p1a: Cerberus|40/100|[from] item: Leftovers
|upkeep
|turn|27
|
|t:|1769307769
|move|p2a: Excadrill|Earthquake|p1a: Cerberus
|-damage|p1a: Cerberus|7/100
|move|p1a: Cerberus|Crunch|p2a: Excadrill
|-damage|p2a: Excadrill|37/100
|
|-weather|none
|-heal|p1a: Cerberus|13/100|[from] item: Leftovers
|upkeep
|turn|28
|
|t:|1769307777
|move|p1a: Cerberus|Body Press|p2a: Excadrill
|-crit|p2a: Excadrill
|-damage|p2a: Excadrill|0 fnt
|faint|p2a: Excadrill
|
|-heal|p1a: Cerberus|20/100|[from] item: Leftovers
|upkeep
|
|t:|1769307798
|switch|p2a: Slowking|Slowking-Galar, F|100/100
|-damage|p2a: Slowking|88/100|[from] Stealth Rock
|turn|29
|
|t:|1769307808
|move|p1a: Cerberus|Crunch|p2a: Slowking
|-supereffective|p2a: Slowking
|-damage|p2a: Slowking|54/100
|move|p2a: Slowking|Psyshock|p1a: Cerberus
|-supereffective|p1a: Cerberus
|-damage|p1a: Cerberus|0 fnt
|faint|p1a: Cerberus
|
|upkeep
|
|t:|1769307817
|switch|p1a: The Nightmare|Darkrai|88/100
|-damage|p1a: The Nightmare|76/100|[from] Stealth Rock
|turn|30
|
|t:|1769307824
|switch|p2a: Hydrapple|Hydrapple, M|92/100
|-damage|p2a: Hydrapple|80/100|[from] Stealth Rock
|move|p1a: The Nightmare|Dark Pulse|p2a: Hydrapple
|-damage|p2a: Hydrapple|15/100
|
|upkeep
|turn|31
|
|t:|1769307831
|move|p1a: The Nightmare|Dark Pulse|p2a: Hydrapple
|-damage|p2a: Hydrapple|0 fnt
|faint|p2a: Hydrapple
|
|upkeep
|
|t:|1769307833
|switch|p2a: Zamazenta|Zamazenta|100/100
|-damage|p2a: Zamazenta|94/100|[from] Stealth Rock
|turn|32
|
|t:|1769307838
|switch|p1a: Nex|Moltres|29/100
|move|p2a: Zamazenta|Iron Defense|p2a: Zamazenta
|-boost|p2a: Zamazenta|def|2
|
|-heal|p2a: Zamazenta|100/100|[from] item: Leftovers
|upkeep
|turn|33
|
|t:|1769307848
|move|p2a: Zamazenta|Body Press|p1a: Nex
|-resisted|p1a: Nex
|-damage|p1a: Nex|1/100
|-status|p2a: Zamazenta|brn|[from] ability: Flame Body|[of] p1a: Nex
|move|p1a: Nex|Roost|p1a: Nex
|-heal|p1a: Nex|51/100
|-singleturn|p1a: Nex|move: Roost
|
|-damage|p2a: Zamazenta|94/100 brn|[from] brn
|upkeep
|turn|34
|
|t:|1769307853
|move|p2a: Zamazenta|Iron Defense|p2a: Zamazenta
|-boost|p2a: Zamazenta|def|2
|move|p1a: Nex|Hurricane|p2a: Zamazenta
|-supereffective|p2a: Zamazenta
|-damage|p2a: Zamazenta|0 fnt
|faint|p2a: Zamazenta
|
|upkeep
|
|t:|1769307856
|switch|p2a: Slowking|Slowking-Galar, F|87/100
|-damage|p2a: Slowking|75/100|[from] Stealth Rock
|turn|35
|
|t:|1769307858
|move|p1a: Nex|Will-O-Wisp|p2a: Slowking
|-status|p2a: Slowking|brn
|move|p2a: Slowking|Psyshock|p1a: Nex
|-damage|p1a: Nex|24/100
|
|-damage|p2a: Slowking|69/100 brn|[from] brn
|upkeep
|turn|36
|c|☆Estuardo19|ggs
|
|t:|1769307865
|move|p1a: Nex|Roost|p1a: Nex
|-heal|p1a: Nex|74/100
|-singleturn|p1a: Nex|move: Roost
|move|p2a: Slowking|Psyshock|p1a: Nex
|-damage|p1a: Nex|48/100
|
|-damage|p2a: Slowking|63/100 brn|[from] brn
|upkeep
|turn|37
|
|t:|1769307869
|switch|p1a: Corporeal Beast|Garganacl, F|97/100
|-damage|p1a: Corporeal Beast|85/100|[from] Stealth Rock
|move|p2a: Slowking|Sludge Bomb|p1a: Corporeal Beast
|-resisted|p1a: Corporeal Beast
|-damage|p1a: Corporeal Beast|74/100
|
|-heal|p1a: Corporeal Beast|80/100|[from] item: Leftovers
|-damage|p2a: Slowking|56/100 brn|[from] brn
|upkeep
|turn|38
|
|t:|1769307873
|move|p2a: Slowking|Psyshock|p1a: Corporeal Beast
|-damage|p1a: Corporeal Beast|61/100
|move|p1a: Corporeal Beast|Salt Cure|p2a: Slowking
|-damage|p2a: Slowking|46/100 brn
|-start|p2a: Slowking|Salt Cure
|
|-heal|p1a: Corporeal Beast|67/100|[from] item: Leftovers
|-damage|p2a: Slowking|39/100 brn|[from] brn
|-damage|p2a: Slowking|27/100 brn|[from] Salt Cure
|upkeep
|turn|39
|
|t:|1769307875
|move|p2a: Slowking|Psyshock|p1a: Corporeal Beast
|-damage|p1a: Corporeal Beast|47/100
|move|p1a: Corporeal Beast|Earthquake|p2a: Slowking
|-supereffective|p2a: Slowking
|-damage|p2a: Slowking|0 fnt
|faint|p2a: Slowking
|
|win|Estuardo19
|c|☆RENAISSANCE BLAZE|gg
|l|☆Estuardo19
|player|p1|
|j|☆Estuardo19
|player|p1|Estuardo19|waitress-gen4|
