|j|☆Suuxusua
|j|☆blzh
|t:|1769409930
|gametype|singles
|player|p1|Suuxusua|170|1101
|player|p2|blzh|101|1114
|gen|9
|tier|[Gen 9] OU
|rated|
|rule|HP Percentage Mod: HP is shown in percentages
|rule|Endless Battle Clause: Forcing endless battles is banned
|rule|Species Clause: Limit one of each Pokémon
|rule|OHKO Clause: OHKO moves are banned
|rule|Evasion Items Clause: Evasion items are banned
|rule|Evasion Moves Clause: Evasion moves are banned
|rule|Evasion Abilities Clause: Evasion abilities are banned
|rule|Sleep Moves Clause: Sleep-inducing moves are banned
|clearpoke
|poke|p1|Comfey, M|
|poke|p1|Whimsicott, F|
|poke|p1|Ceruledge, M|
|poke|p1|Walking Wake|
|poke|p1|Great Tusk|
|poke|p1|Ninetales, F|
|poke|p2|Sceptile, M|
|poke|p2|Tentacruel, F|
|poke|p2|Garchomp, F|
|poke|p2|Espeon, F|
|poke|p2|Umbreon, M|
|poke|p2|Chandelure, M|
|teampreview
|inactive|Battle timer is ON: inactive players will automatically lose when time's up. (requested by blzh)
|inactive|blzh has 120 seconds left.
|
|t:|1769409961
|teamsize|p1|6
|teamsize|p2|6
|start
|switch|p1a: Ninetales|Ninetales, F|100/100
|switch|p2a: Espeon|Espeon, F|100/100
|-weather|SunnyDay|[from] ability: Drought|[of] p1a: Ninetales
|turn|1
|
|t:|1769409973
|move|p2a: Espeon|Light Screen|p2a: Espeon
|-sidestart|p2: blzh|move: Light Screen
|move|p1a: Ninetales|Weather Ball|p2a: Espeon
|-damage|p2a: Espeon|77/100
|
|-weather|SunnyDay|[upkeep]
|upkeep
|turn|2
|
|t:|1769409982
|move|p2a: Espeon|Psychic|p1a: Ninetales
|-damage|p1a: Ninetales|59/100
|move|p1a: Ninetales|Will-O-Wisp|p2a: Espeon
|move|p2a: Espeon|Will-O-Wisp|p1a: Ninetales|[from] ability: Magic Bounce
|-immune|p1a: Ninetales
|
|-weather|SunnyDay|[upkeep]
|upkeep
|turn|3
|
|t:|1769409994
|switch|p1a: Ceruledge|Ceruledge, M|100/100
|move|p2a: Espeon|Psychic|p1a: Ceruledge
|-damage|p1a: Ceruledge|54/100
|
|-weather|SunnyDay|[upkeep]
|upkeep
|turn|4
|
|t:|1769410003
|-terastallize|p1a: Ceruledge|Grass
|move|p2a: Espeon|Reflect|p2a: Espeon
|-sidestart|p2: blzh|Reflect
|move|p1a: Ceruledge|Solar Blade||[still]
|-prepare|p1a: Ceruledge|Solar Blade
|-anim|p1a: Ceruledge|Solar Blade|p2a: Espeon
|-damage|p2a: Espeon|0 fnt
|faint|p2a: Espeon
|
|-weather|SunnyDay|[upkeep]
|upkeep
|
|t:|1769410020
|switch|p2a: Garchomp|Garchomp, F|100/100
|turn|5
|
|t:|1769410023
|move|p2a: Garchomp|Stealth Rock|p1a: Ceruledge
|-sidestart|p1: Suuxusua|move: Stealth Rock
|move|p1a: Ceruledge|Solar Blade||[still]
|-prepare|p1a: Ceruledge|Solar Blade
|-anim|p1a: Ceruledge|Solar Blade|p2a: Garchomp
|-damage|p2a: Garchomp|65/100
|-damage|p1a: Ceruledge|42/100|[from] ability: Rough Skin|[of] p2a: Garchomp
|-damage|p1a: Ceruledge|25/100|[from] item: Rocky Helmet|[of] p2a: Garchomp
|
|-weather|SunnyDay|[upkeep]
|upkeep
|turn|6
|
|t:|1769410036
|switch|p1a: Great Tusk|Great Tusk|100/100
|-damage|p1a: Great Tusk|98/100|[from] Stealth Rock
|-activate|p1a: Great Tusk|ability: Protosynthesis
|-start|p1a: Great Tusk|protosynthesisspe
|move|p2a: Garchomp|Dragon Claw|p1a: Great Tusk
|-damage|p1a: Great Tusk|77/100
|-damage|p2a: Garchomp|49/100|[from] item: Rocky Helmet|[of] p1a: Great Tusk
|
|-weather|SunnyDay|[upkeep]
|upkeep
|turn|7
|
|t:|1769410048
|switch|p2a: Umbreon|Umbreon, M|100/100
|move|p1a: Great Tusk|Ice Spinner|p2a: Umbreon
|-damage|p2a: Umbreon|91/100
|
|-weather|SunnyDay|[upkeep]
|-heal|p2a: Umbreon|97/100|[from] item: Leftovers
|upkeep
|turn|8
|
|t:|1769410063
|move|p1a: Great Tusk|Rapid Spin|p2a: Umbreon
|-damage|p2a: Umbreon|91/100
|-boost|p1a: Great Tusk|spe|1
|-sideend|p1: Suuxusua|Stealth Rock|[from] move: Rapid Spin|[of] p1a: Great Tusk
|move|p2a: Umbreon|Toxic|p1a: Great Tusk
|-status|p1a: Great Tusk|tox
|
|-weather|none
|-end|p1a: Great Tusk|Protosynthesis
|-heal|p2a: Umbreon|97/100|[from] item: Leftovers
|-damage|p1a: Great Tusk|70/100 tox|[from] psn
|-sideend|p2: blzh|move: Light Screen
|upkeep
|turn|9
|
|t:|1769410074
|move|p1a: Great Tusk|Headlong Rush|p2a: Umbreon
|-crit|p2a: Umbreon
|-damage|p2a: Umbreon|32/100
|-unboost|p1a: Great Tusk|def|1
|-unboost|p1a: Great Tusk|spd|1
|move|p2a: Umbreon|Wish|p2a: Umbreon
|
|-heal|p2a: Umbreon|39/100|[from] item: Leftovers
|-damage|p1a: Great Tusk|58/100 tox|[from] psn
|upkeep
|turn|10
|
|t:|1769410085
|-end|p1a: Great Tusk|Protosynthesis|[silent]
|switch|p1a: Ninetales|Ninetales, F|59/100
|-weather|SunnyDay|[from] ability: Drought|[of] p1a: Ninetales
|switch|p2a: Chandelure|Chandelure, M|100/100
|
|-weather|SunnyDay|[upkeep]
|upkeep
|turn|11
|
|t:|1769410098
|switch|p1a: Comfey|Comfey, M|100/100
|move|p2a: Chandelure|Shadow Ball|p1a: Comfey
|-damage|p1a: Comfey|51/100
|
|-weather|SunnyDay|[upkeep]
|-sideend|p2: blzh|Reflect
|upkeep
|turn|12
|
|t:|1769410112
|switch|p2a: Tentacruel|Tentacruel, F|100/100
|move|p1a: Comfey|Growth|p1a: Comfey
|-boost|p1a: Comfey|atk|2
|-boost|p1a: Comfey|spa|2
|
|-weather|SunnyDay|[upkeep]
|upkeep
|turn|13
|
|t:|1769410120
|move|p1a: Comfey|Synthesis|p1a: Comfey
|-heal|p1a: Comfey|100/100
|move|p2a: Tentacruel|Sludge Wave|p1a: Comfey
|-supereffective|p1a: Comfey
|-damage|p1a: Comfey|45/100
|
|-weather|SunnyDay|[upkeep]
|upkeep
|turn|14
|
|t:|1769410130
|move|p2a: Tentacruel|Sludge Wave|p1a: Comfey
|-supereffective|p1a: Comfey
|-damage|p1a: Comfey|0 fnt
|faint|p1a: Comfey
|
|-weather|SunnyDay|[upkeep]
|upkeep
|
|t:|1769410138
|switch|p1a: Ceruledge|Ceruledge, M, tera:Grass|25/100
|turn|15
|
|t:|1769410150
|move|p2a: Tentacruel|Protect|p2a: Tentacruel
|-singleturn|p2a: Tentacruel|Protect
|move|p1a: Ceruledge|Bitter Blade|p2a: Tentacruel
|-activate|p2a: Tentacruel|move: Protect
|
|-weather|SunnyDay|[upkeep]
|upkeep
|turn|16
|
|t:|1769410158
|switch|p2a: Garchomp|Garchomp, F|49/100
|move|p1a: Ceruledge|Bitter Blade|p2a: Garchomp
|-resisted|p2a: Garchomp
|-damage|p2a: Garchomp|12/100
|-heal|p1a: Ceruledge|48/100|[from] drain|[of] p2a: Garchomp
|-damage|p1a: Ceruledge|35/100|[from] ability: Rough Skin|[of] p2a: Garchomp
|-damage|p1a: Ceruledge|19/100|[from] item: Rocky Helmet|[of] p2a: Garchomp
|
|-weather|SunnyDay|[upkeep]
|upkeep
|turn|17
|
|t:|1769410170
|move|p2a: Garchomp|Iron Head|p1a: Ceruledge
|-damage|p1a: Ceruledge|0 fnt
|faint|p1a: Ceruledge
|
|-weather|none
|upkeep
|
|t:|1769410177
|switch|p1a: Ninetales|Ninetales, F|59/100
|-weather|SunnyDay|[from] ability: Drought|[of] p1a: Ninetales
|turn|18
|
|t:|1769410198
|switch|p2a: Chandelure|Chandelure, M|100/100
|move|p1a: Ninetales|Weather Ball|p2a: Chandelure
|-resisted|p2a: Chandelure
|-damage|p2a: Chandelure|68/100
|
|-weather|SunnyDay|[upkeep]
|upkeep
|turn|19
|
|t:|1769410208
|move|p2a: Chandelure|Shadow Ball|p1a: Ninetales
|-damage|p1a: Ninetales|17/100
|move|p1a: Ninetales|Will-O-Wisp|p2a: Chandelure
|-immune|p2a: Chandelure
|
|-weather|SunnyDay|[upkeep]
|upkeep
|turn|20
|
|t:|1769410217
|switch|p1a: Whimsicott|Whimsicott, F|100/100
|move|p2a: Chandelure|Shadow Ball|p1a: Whimsicott
|-damage|p1a: Whimsicott|29/100
|
|-weather|SunnyDay|[upkeep]
|upkeep
|turn|21
|
|t:|1769410228
|switch|p1a: Great Tusk|Great Tusk|58/100 tox
|-activate|p1a: Great Tusk|ability: Protosynthesis
|-start|p1a: Great Tusk|protosynthesisspe
|move|p2a: Chandelure|Shadow Ball|p1a: Great Tusk
|-damage|p1a: Great Tusk|0 fnt
|faint|p1a: Great Tusk
|-end|p1a: Great Tusk|Protosynthesis|[silent]
|
|-weather|SunnyDay|[upkeep]
|upkeep
|
|t:|1769410239
|switch|p1a: Walking Wake|Walking Wake|100/100
|-activate|p1a: Walking Wake|ability: Protosynthesis
|-start|p1a: Walking Wake|protosynthesisspe
|turn|22
|
|t:|1769410245
|switch|p2a: Tentacruel|Tentacruel, F|100/100
|move|p1a: Walking Wake|Hydro Steam|p2a: Tentacruel
|-resisted|p2a: Tentacruel
|-damage|p2a: Tentacruel|83/100
|
|-weather|SunnyDay|[upkeep]
|-heal|p2a: Tentacruel|89/100|[from] item: Black Sludge
|upkeep
|turn|23
|
|t:|1769410254
|move|p1a: Walking Wake|Draco Meteor|p2a: Tentacruel
|-damage|p2a: Tentacruel|56/100
|-unboost|p1a: Walking Wake|spa|2
|move|p2a: Tentacruel|Sludge Wave|p1a: Walking Wake
|-damage|p1a: Walking Wake|81/100
|
|-weather|SunnyDay|[upkeep]
|-heal|p2a: Tentacruel|62/100|[from] item: Black Sludge
|upkeep
|turn|24
|
|t:|1769410265
|move|p2a: Tentacruel|Protect|p2a: Tentacruel
|-singleturn|p2a: Tentacruel|Protect
|move|p1a: Walking Wake|Knock Off|p2a: Tentacruel
|-activate|p2a: Tentacruel|move: Protect
|
|-weather|SunnyDay|[upkeep]
|-heal|p2a: Tentacruel|68/100|[from] item: Black Sludge
|upkeep
|turn|25
|
|t:|1769410275
|switch|p2a: Garchomp|Garchomp, F|12/100
|move|p1a: Walking Wake|Draco Meteor|p2a: Garchomp
|-supereffective|p2a: Garchomp
|-damage|p2a: Garchomp|0 fnt
|-unboost|p1a: Walking Wake|spa|2
|faint|p2a: Garchomp
|
|-weather|none
|-end|p1a: Walking Wake|Protosynthesis
|upkeep
|
|t:|1769410279
|switch|p2a: Umbreon|Umbreon, M|39/100
|turn|26
|
|t:|1769410288
|-end|p1a: Walking Wake|Protosynthesis|[silent]
|switch|p1a: Ninetales|Ninetales, F|17/100
|-weather|SunnyDay|[from] ability: Drought|[of] p1a: Ninetales
|move|p2a: Umbreon|Moonlight|p2a: Umbreon
|-heal|p2a: Umbreon|100/100
|
|-weather|SunnyDay|[upkeep]
|upkeep
|turn|27
|
|t:|1769410297
|move|p1a: Ninetales|Healing Wish|p1a: Ninetales
|faint|p1a: Ninetales
|move|p2a: Umbreon|Foul Play|p1: Ninetales|[notarget]
|-fail|p2a: Umbreon
|
|-weather|SunnyDay|[upkeep]
|upkeep
|
|t:|1769410305
|switch|p1a: Walking Wake|Walking Wake|81/100
|-heal|p1a: Walking Wake|100/100|[from] move: Healing Wish
|-activate|p1a: Walking Wake|ability: Protosynthesis
|-start|p1a: Walking Wake|protosynthesisspe
|turn|28
|
|t:|1769410314
|move|p1a: Walking Wake|Hydro Steam|p2a: Umbreon
|-damage|p2a: Umbreon|71/100
|move|p2a: Umbreon|Toxic|p1a: Walking Wake
|-status|p1a: Walking Wake|tox
|
|-weather|SunnyDay|[upkeep]
|-heal|p2a: Umbreon|77/100|[from] item: Leftovers
|-damage|p1a: Walking Wake|94/100 tox|[from] psn
|upkeep
|turn|29
|
|t:|1769410325
|move|p1a: Walking Wake|Draco Meteor|p2a: Umbreon
|-damage|p2a: Umbreon|44/100
|-unboost|p1a: Walking Wake|spa|2
|move|p2a: Umbreon|Wish|p2a: Umbreon
|
|-weather|SunnyDay|[upkeep]
|-heal|p2a: Umbreon|50/100|[from] item: Leftovers
|-damage|p1a: Walking Wake|82/100 tox|[from] psn
|upkeep
|turn|30
|
|t:|1769410335
|move|p1a: Walking Wake|Hydro Steam|p2a: Umbreon
|-damage|p2a: Umbreon|36/100
|move|p2a: Umbreon|Moonlight|p2a: Umbreon
|-heal|p2a: Umbreon|100/100
|
|-weather|SunnyDay|[upkeep]
|-damage|p1a: Walking Wake|64/100 tox|[from] psn
|upkeep
|turn|31
|
|t:|1769410344
|move|p1a: Walking Wake|Draco Meteor|p2a: Umbreon
|-damage|p2a: Umbreon|84/100
|-unboost|p1a: Walking Wake|spa|2
|move|p2a: Umbreon|Foul Play|p1a: Walking Wake
|-damage|p1a: Walking Wake|41/100 tox
|
|-weather|SunnyDay|[upkeep]
|-heal|p2a: Umbreon|90/100|[from] item: Leftovers
|-damage|p1a: Walking Wake|17/100 tox|[from] psn
|upkeep
|turn|32
|-message|Suuxusua forfeited.
|
|win|blzh
|raw|Suuxusua's rating: 1101 &rarr; <strong>1077</strong><br />(-24 for losing)
|raw|blzh's rating: 1114 &rarr; <strong>1138</strong><br />(+24 for winning)
|l|☆Suuxusua
|player|p1|
|l|☆blzh
|player|p2|
