|j|☆brigade loco
|j|‽undftd1
|t:|1769352129
|gametype|singles
|player|p1|brigade loco|2|1430
|player|p2|undftd1|102|1434
|gen|9
|tier|[Gen 9] OU
|rated|
|rule|HP Percentage Mod: HP is shown in percentages
|rule|Endless Battle Clause: Forcing endless battles is banned
|rule|Species Clause: Limit one of each Pokémon
|rule|OHKO Clause: OHKO moves are banned
|rule|Evasion Items Clause: Evasion items are banned
|rule|Evasion Moves Clause: Evasion moves are banned
|rule|Evasion Abilities Clause: Evasion abilities are banned
|rule|Sleep Moves Clause: Sleep-inducing moves are banned
|clearpoke
|poke|p1|Great Tusk|
|poke|p1|Slowking, F|
|poke|p1|Skarmory, F|
|poke|p1|Muk-Alola, F|
|poke|p1|Cetitan, F|
|poke|p1|Electrode-Hisui|
|poke|p2|Raging Bolt|
|poke|p2|Landorus-Therian, M|
|poke|p2|Darkrai|
|poke|p2|Torkoal, F|
|poke|p2|Zapdos|
|poke|p2|Walking Wake|
|teampreview
|inactive|Battle timer is ON: inactive players will automatically lose when time's up. (requested by undftd1)
|
|t:|1769352154
|teamsize|p1|6
|teamsize|p2|6
|start
|switch|p1a: Chairman|Electrode-Hisui|100/100
|switch|p2a: Landorus|Landorus-Therian, M, shiny|100/100
|-ability|p2a: Landorus|Intimidate|boost
|-unboost|p1a: Chairman|atk|1
|turn|1
|
|t:|1769352161
|switch|p1a: Rite Birb|Skarmory, F|100/100
|move|p2a: Landorus|U-turn|p1a: Rite Birb
|-resisted|p1a: Rite Birb
|-damage|p1a: Rite Birb|96/100
|-damage|p2a: Landorus|84/100|[from] item: Rocky Helmet|[of] p1a: Rite Birb
|
|t:|1769352164
|switch|p2a: Torkoal|Torkoal, F|100/100|[from] U-turn
|-weather|SunnyDay|[from] ability: Drought|[of] p2a: Torkoal
|
|-weather|SunnyDay|[upkeep]
|upkeep
|turn|2
|
|t:|1769352167
|switch|p1a: Snac|Slowking, F, shiny|100/100
|move|p2a: Torkoal|Stealth Rock|p1a: Snac
|-sidestart|p1: brigade loco|move: Stealth Rock
|
|-weather|SunnyDay|[upkeep]
|upkeep
|turn|3
|
|t:|1769352173
|switch|p2a: Zapdos|Zapdos, shiny|100/100
|-prepare|p1a: Snac|Chilly Reception|[premajor]
|move|p1a: Snac|Chilly Reception|p1a: Snac
|-weather|Snowscape
|
|t:|1769352189
|switch|p1a: Mf Doom|Muk-Alola, F, shiny|100/100|[from] Chilly Reception
|-damage|p1a: Mf Doom|88/100|[from] Stealth Rock
|
|-weather|Snowscape|[upkeep]
|-heal|p1a: Mf Doom|94/100|[from] item: Leftovers
|upkeep
|turn|4
|
|t:|1769352195
|move|p2a: Zapdos|Thunderbolt|p1a: Mf Doom
|-damage|p1a: Mf Doom|67/100
|move|p1a: Mf Doom|Knock Off|p2a: Zapdos
|-damage|p2a: Zapdos|56/100
|-enditem|p2a: Zapdos|Heavy-Duty Boots|[from] move: Knock Off|[of] p1a: Mf Doom
|
|-weather|Snowscape|[upkeep]
|-heal|p1a: Mf Doom|73/100|[from] item: Leftovers
|upkeep
|turn|5
|
|t:|1769352208
|move|p2a: Zapdos|Thunderbolt|p1a: Mf Doom
|-damage|p1a: Mf Doom|43/100
|move|p1a: Mf Doom|Poison Jab|p2a: Zapdos
|-damage|p2a: Zapdos|19/100
|-status|p2a: Zapdos|psn
|
|-weather|Snowscape|[upkeep]
|-heal|p1a: Mf Doom|49/100|[from] item: Leftovers
|-damage|p2a: Zapdos|7/100 psn|[from] psn
|upkeep
|turn|6
|
|t:|1769352215
|move|p2a: Zapdos|Hurricane|p1a: Mf Doom
|-damage|p1a: Mf Doom|16/100
|-start|p1a: Mf Doom|confusion
|-activate|p1a: Mf Doom|confusion
|move|p1a: Mf Doom|Rest|p1a: Mf Doom
|-status|p1a: Mf Doom|slp|[from] move: Rest
|-heal|p1a: Mf Doom|100/100 slp|[silent]
|
|-weather|Snowscape|[upkeep]
|-damage|p2a: Zapdos|0 fnt|[from] psn
|faint|p2a: Zapdos
|upkeep
|
|t:|1769352219
|switch|p2a: Torkoal|Torkoal, F|100/100
|-weather|SunnyDay|[from] ability: Drought|[of] p2a: Torkoal
|turn|7
|
|t:|1769352233
|switch|p2a: Raging Bolt|Raging Bolt|100/100
|-activate|p2a: Raging Bolt|ability: Protosynthesis
|-start|p2a: Raging Bolt|protosynthesisspa
|cant|p1a: Mf Doom|slp
|-end|p1a: Mf Doom|confusion
|move|p1a: Mf Doom|Sleep Talk|p1a: Mf Doom
|move|p1a: Mf Doom|Poison Jab|p2a: Raging Bolt|[from] move: Sleep Talk
|-damage|p2a: Raging Bolt|78/100
|
|-weather|SunnyDay|[upkeep]
|upkeep
|turn|8
|
|t:|1769352241
|move|p2a: Raging Bolt|Weather Ball|p1a: Mf Doom
|-damage|p1a: Mf Doom|52/100 slp
|cant|p1a: Mf Doom|slp
|move|p1a: Mf Doom|Sleep Talk|p1a: Mf Doom
|move|p1a: Mf Doom|Poison Jab|p2a: Raging Bolt|[from] move: Sleep Talk
|-damage|p2a: Raging Bolt|56/100
|-status|p2a: Raging Bolt|psn
|
|-weather|SunnyDay|[upkeep]
|-heal|p1a: Mf Doom|58/100 slp|[from] item: Leftovers
|-damage|p2a: Raging Bolt|44/100 psn|[from] psn
|upkeep
|turn|9
|
|t:|1769352249
|move|p2a: Raging Bolt|Weather Ball|p1a: Mf Doom
|-damage|p1a: Mf Doom|9/100 slp
|-curestatus|p1a: Mf Doom|slp|[msg]
|move|p1a: Mf Doom|Rest|p1a: Mf Doom
|-status|p1a: Mf Doom|slp|[from] move: Rest
|-heal|p1a: Mf Doom|100/100 slp|[silent]
|
|-weather|SunnyDay|[upkeep]
|-damage|p2a: Raging Bolt|31/100 psn|[from] psn
|upkeep
|turn|10
|
|t:|1769352275
|move|p2a: Raging Bolt|Weather Ball|p1a: Mf Doom
|-damage|p1a: Mf Doom|55/100 slp
|cant|p1a: Mf Doom|slp
|move|p1a: Mf Doom|Sleep Talk|p1a: Mf Doom
|move|p1a: Mf Doom|Poison Jab|p2a: Raging Bolt|[from] move: Sleep Talk
|-damage|p2a: Raging Bolt|7/100 psn
|
|-weather|SunnyDay|[upkeep]
|-heal|p1a: Mf Doom|62/100 slp|[from] item: Leftovers
|-damage|p2a: Raging Bolt|0 fnt|[from] psn
|faint|p2a: Raging Bolt
|-end|p2a: Raging Bolt|Protosynthesis|[silent]
|upkeep
|
|t:|1769352282
|switch|p2a: Walking Wake|Walking Wake|100/100
|-activate|p2a: Walking Wake|ability: Protosynthesis
|-start|p2a: Walking Wake|protosynthesisspa
|turn|11
|
|t:|1769352302
|move|p2a: Walking Wake|Hydro Steam|p1a: Mf Doom
|-damage|p1a: Mf Doom|0 fnt
|faint|p1a: Mf Doom
|-damage|p2a: Walking Wake|91/100|[from] item: Life Orb
|
|-weather|SunnyDay|[upkeep]
|upkeep
|
|t:|1769352311
|switch|p1a: Snac|Slowking, F, shiny|100/100
|-damage|p1a: Snac|88/100|[from] Stealth Rock
|turn|12
|
|t:|1769352315
|move|p2a: Walking Wake|Dragon Pulse|p1a: Snac
|-damage|p1a: Snac|44/100
|-damage|p2a: Walking Wake|81/100|[from] item: Life Orb
|-prepare|p1a: Snac|Chilly Reception|[premajor]
|move|p1a: Snac|Chilly Reception|p1a: Snac
|-weather|Snowscape
|-end|p2a: Walking Wake|Protosynthesis
|
|t:|1769352320
|switch|p1a: Chairman|Electrode-Hisui|100/100|[from] Chilly Reception
|-damage|p1a: Chairman|88/100|[from] Stealth Rock
|
|-weather|Snowscape|[upkeep]
|upkeep
|turn|13
|
|t:|1769352326
|-end|p2a: Walking Wake|Protosynthesis|[silent]
|switch|p2a: Torkoal|Torkoal, F|100/100
|-weather|SunnyDay|[from] ability: Drought|[of] p2a: Torkoal
|move|p1a: Chairman|Leaf Storm|p2a: Torkoal
|-resisted|p2a: Torkoal
|-damage|p2a: Torkoal|76/100
|-unboost|p1a: Chairman|spa|2
|
|-weather|SunnyDay|[upkeep]
|upkeep
|turn|14
|
|t:|1769352331
|move|p1a: Chairman|Volt Switch|p2a: Torkoal
|-damage|p2a: Torkoal|61/100
|
|t:|1769352336
|switch|p1a: Snac|Slowking, F, shiny|77/100|[from] Volt Switch
|-damage|p1a: Snac|64/100|[from] Stealth Rock
|move|p2a: Torkoal|Lava Plume|p1a: Snac
|-resisted|p1a: Snac
|-damage|p1a: Snac|51/100
|
|-weather|SunnyDay|[upkeep]
|upkeep
|turn|15
|
|t:|1769352342
|-prepare|p1a: Snac|Chilly Reception|[premajor]
|move|p1a: Snac|Chilly Reception|p1a: Snac
|-weather|Snowscape
|
|t:|1769352347
|switch|p1a: El tusko|Great Tusk|100/100|[from] Chilly Reception
|move|p2a: Torkoal|Lava Plume|p1a: El tusko
|-damage|p1a: El tusko|62/100
|-status|p1a: El tusko|brn
|
|-weather|Snowscape|[upkeep]
|-damage|p1a: El tusko|55/100 brn|[from] brn
|upkeep
|turn|16
|
|t:|1769352351
|move|p1a: El tusko|Stealth Rock|p2a: Torkoal
|-sidestart|p2: undftd1|move: Stealth Rock
|move|p2a: Torkoal|Lava Plume|p1a: El tusko
|-damage|p1a: El tusko|18/100 brn
|
|-weather|Snowscape|[upkeep]
|-damage|p1a: El tusko|12/100 brn|[from] brn
|upkeep
|turn|17
|
|t:|1769352356
|move|p1a: El tusko|Rapid Spin|p2a: Torkoal
|-damage|p2a: Torkoal|56/100
|-boost|p1a: El tusko|spe|1
|-sideend|p1: brigade loco|Stealth Rock|[from] move: Rapid Spin|[of] p1a: El tusko
|move|p2a: Torkoal|Rapid Spin|p1a: El tusko
|-damage|p1a: El tusko|5/100 brn
|-boost|p2a: Torkoal|spe|1
|-sideend|p2: undftd1|Stealth Rock|[from] move: Rapid Spin|[of] p2a: Torkoal
|
|-weather|Snowscape|[upkeep]
|-damage|p1a: El tusko|0 fnt|[from] brn
|faint|p1a: El tusko
|-end|p1a: El tusko|Protosynthesis|[silent]
|upkeep
|
|t:|1769352369
|switch|p1a: Snac|Slowking, F, shiny|85/100
|turn|18
|
|t:|1769352375
|move|p2a: Torkoal|Stealth Rock|p1a: Snac
|-sidestart|p1: brigade loco|move: Stealth Rock
|move|p1a: Snac|Scald|p2a: Torkoal
|-supereffective|p2a: Torkoal
|-damage|p2a: Torkoal|0 fnt
|faint|p2a: Torkoal
|
|-weather|Snowscape|[upkeep]
|upkeep
|
|t:|1769352381
|switch|p2a: Darkrai|Darkrai|100/100
|turn|19
|
|t:|1769352398
|-terastallize|p1a: Snac|Fairy
|move|p2a: Darkrai|Dark Pulse|p1a: Snac
|-resisted|p1a: Snac
|-crit|p1a: Snac
|-damage|p1a: Snac|54/100
|-damage|p2a: Darkrai|91/100|[from] item: Life Orb
|move|p1a: Snac|Thunder Wave|p2a: Darkrai
|-status|p2a: Darkrai|par
|
|-weather|Snowscape|[upkeep]
|upkeep
|turn|20
|
|t:|1769352409
|switch|p1a: Rite Birb|Skarmory, F|96/100
|-damage|p1a: Rite Birb|84/100|[from] Stealth Rock
|move|p2a: Darkrai|Ice Beam|p1a: Rite Birb
|-damage|p1a: Rite Birb|28/100
|-damage|p2a: Darkrai|81/100 par|[from] item: Life Orb
|
|-weather|Snowscape|[upkeep]
|upkeep
|turn|21
|
|t:|1769352414
|move|p1a: Rite Birb|Body Press|p2a: Darkrai
|-supereffective|p2a: Darkrai
|-damage|p2a: Darkrai|0 fnt
|faint|p2a: Darkrai
|
|-weather|Snowscape|[upkeep]
|upkeep
|
|t:|1769352421
|switch|p2a: Walking Wake|Walking Wake|81/100
|turn|22
|
|t:|1769352437
|-terastallize|p2a: Walking Wake|Fire
|move|p2a: Walking Wake|Agility|p2a: Walking Wake
|-boost|p2a: Walking Wake|spe|2
|move|p1a: Rite Birb|Body Press|p2a: Walking Wake
|-damage|p2a: Walking Wake|48/100
|
|-weather|none
|upkeep
|turn|23
|
|t:|1769352440
|move|p2a: Walking Wake|Flamethrower|p1a: Rite Birb
|-supereffective|p1a: Rite Birb
|-damage|p1a: Rite Birb|0 fnt
|faint|p1a: Rite Birb
|-damage|p2a: Walking Wake|38/100|[from] item: Life Orb
|
|upkeep
|
|t:|1769352446
|switch|p1a: Snac|Slowking, F, shiny, tera:Fairy|88/100
|-damage|p1a: Snac|75/100|[from] Stealth Rock
|turn|24
|
|t:|1769352450
|move|p2a: Walking Wake|Flamethrower|p1a: Snac
|-damage|p1a: Snac|33/100
|-damage|p2a: Walking Wake|28/100|[from] item: Life Orb
|move|p1a: Snac|Scald|p2a: Walking Wake
|-supereffective|p2a: Walking Wake
|-damage|p2a: Walking Wake|0 fnt
|faint|p2a: Walking Wake
|-end|p2a: Walking Wake|Protosynthesis|[silent]
|
|upkeep
|
|t:|1769352457
|switch|p2a: Landorus|Landorus-Therian, M, shiny|84/100
|-ability|p2a: Landorus|Intimidate|boost
|-unboost|p1a: Snac|atk|1
|turn|25
|
|t:|1769352480
|switch|p1a: Chairman|Electrode-Hisui|88/100
|-damage|p1a: Chairman|76/100|[from] Stealth Rock
|move|p2a: Landorus|Earthquake|p1a: Chairman
|-damage|p1a: Chairman|0 fnt
|faint|p1a: Chairman
|
|upkeep
|
|t:|1769352483
|switch|p1a: Tankzilla|Cetitan, F, shiny|100/100
|-damage|p1a: Tankzilla|76/100|[from] Stealth Rock
|turn|26
|
|t:|1769352490
|move|p1a: Tankzilla|Ice Shard|p2a: Landorus
|-supereffective|p2a: Landorus
|-damage|p2a: Landorus|0 fnt
|faint|p2a: Landorus
|
|win|brigade loco
|raw|brigade loco's rating: 1430 &rarr; <strong>1450</strong><br />(+20 for winning)
|raw|undftd1's rating: 1434 &rarr; <strong>1414</strong><br />(-20 for losing)
|l|☆brigade loco
|player|p1|
|l|‽undftd1
|player|p2|
