|j|☆oficial matute
|j|☆Penguinator7
|t:|1769399604
|gametype|singles
|player|p1|oficial matute|policeman|1244
|player|p2|Penguinator7|169|1326
|gen|9
|tier|[Gen 9] OU
|rated|
|rule|HP Percentage Mod: HP is shown in percentages
|rule|Endless Battle Clause: Forcing endless battles is banned
|rule|Species Clause: Limit one of each Pokémon
|rule|OHKO Clause: OHKO moves are banned
|rule|Evasion Items Clause: Evasion items are banned
|rule|Evasion Moves Clause: Evasion moves are banned
|rule|Evasion Abilities Clause: Evasion abilities are banned
|rule|Sleep Moves Clause: Sleep-inducing moves are banned
|clearpoke
|poke|p1|Noivern, M|
|poke|p1|Tropius, F|
|poke|p1|Landorus-Therian, M|
|poke|p1|Garchomp, F|
|poke|p1|Hydrapple, F|
|poke|p1|Torterra, M|
|poke|p2|Iron Valiant|
|poke|p2|Great Tusk|
|poke|p2|Dragonite, F|
|poke|p2|Deoxys-Speed|
|poke|p2|Glimmora, M|
|poke|p2|Kingambit, F|
|teampreview
|inactive|Battle timer is ON: inactive players will automatically lose when time's up. (requested by oficial matute)
|
|t:|1769399609
|teamsize|p1|6
|teamsize|p2|6
|start
|switch|p1a: 👁👅👁|Noivern, M|100/100
|switch|p2a: Deoxys|Deoxys-Speed|100/100
|-item|p2a: Deoxys|Light Clay|[from] ability: Frisk|[of] p1a: 👁👅👁
|-ability|p2a: Deoxys|Pressure
|turn|1
|
|t:|1769399621
|move|p1a: 👁👅👁|Switcheroo|p2a: Deoxys
|-activate|p1a: 👁👅👁|move: Trick|[of] p2a: Deoxys
|-item|p2a: Deoxys|Choice Scarf|[from] move: Switcheroo
|-item|p1a: 👁👅👁|Light Clay|[from] move: Switcheroo
|move|p2a: Deoxys|Taunt|p1a: 👁👅👁
|-start|p1a: 👁👅👁|move: Taunt
|
|upkeep
|turn|2
|
|t:|1769399631
|switch|p2a: Glimmora|Glimmora, M|100/100
|switch|p1a: 👁🐽👁|Tropius, F, shiny|100/100
|
|upkeep
|turn|3
|
|t:|1769399640
|-terastallize|p1a: 👁🐽👁|Ghost
|move|p1a: 👁🐽👁|Protect|p1a: 👁🐽👁
|-singleturn|p1a: 👁🐽👁|Protect
|move|p2a: Glimmora|Meteor Beam||[still]
|-prepare|p2a: Glimmora|Meteor Beam
|-boost|p2a: Glimmora|spa|1
|-enditem|p2a: Glimmora|Power Herb
|-anim|p2a: Glimmora|Meteor Beam|p1a: 👁🐽👁
|-activate|p1a: 👁🐽👁|move: Protect
|
|upkeep
|turn|4
|
|t:|1769399650
|move|p2a: Glimmora|Stealth Rock|p1a: 👁🐽👁
|-sidestart|p1: oficial matute|move: Stealth Rock
|move|p1a: 👁🐽👁|Leech Seed|p2a: Glimmora
|-start|p2a: Glimmora|move: Leech Seed
|
|-damage|p2a: Glimmora|88/100|[from] Leech Seed|[of] p1a: 👁🐽👁
|upkeep
|turn|5
|
|t:|1769399657
|move|p1a: 👁🐽👁|Protect|p1a: 👁🐽👁
|-singleturn|p1a: 👁🐽👁|Protect
|move|p2a: Glimmora|Mortal Spin|p1a: 👁🐽👁
|-activate|p1a: 👁🐽👁|move: Protect
|
|-damage|p2a: Glimmora|76/100|[from] Leech Seed|[of] p1a: 👁🐽👁
|upkeep
|turn|6
|
|t:|1769399665
|switch|p1a: 👁👅👁|Noivern, M|100/100
|-damage|p1a: 👁👅👁|76/100|[from] Stealth Rock
|move|p2a: Glimmora|Mortal Spin|p1a: 👁👅👁
|-damage|p1a: 👁👅👁|68/100
|-status|p1a: 👁👅👁|psn
|-end|p2a: Glimmora|Leech Seed|[from] move: Mortal Spin|[of] p2a: Glimmora
|
|-damage|p1a: 👁👅👁|55/100 psn|[from] psn
|upkeep
|turn|7
|
|t:|1769399678
|switch|p2a: Deoxys|Deoxys-Speed|100/100
|-ability|p2a: Deoxys|Pressure
|move|p1a: 👁👅👁|Defog|p2a: Deoxys
|-unboost|p2a: Deoxys|evasion|1
|-sideend|p1: oficial matute|Stealth Rock|[from] move: Defog|[of] p1a: 👁👅👁
|
|-damage|p1a: 👁👅👁|43/100 psn|[from] psn
|upkeep
|turn|8
|
|t:|1769399690
|switch|p1a: 👁🐽👁|Tropius, F, shiny, tera:Ghost|100/100
|move|p2a: Deoxys|Psycho Boost|p1a: 👁🐽👁
|-damage|p1a: 👁🐽👁|66/100
|-unboost|p2a: Deoxys|spa|2
|
|upkeep
|turn|9
|
|t:|1769399699
|switch|p2a: Glimmora|Glimmora, M|76/100
|move|p1a: 👁🐽👁|Curse|p2a: Glimmora
|-start|p2a: Glimmora|Curse|[of] p1a: 👁🐽👁
|-damage|p1a: 👁🐽👁|16/100
|-enditem|p1a: 👁🐽👁|Sitrus Berry|[eat]
|-heal|p1a: 👁🐽👁|41/100|[from] item: Sitrus Berry
|
|-damage|p2a: Glimmora|51/100|[from] Curse
|-item|p1a: 👁🐽👁|Sitrus Berry|[from] ability: Harvest
|upkeep
|-enditem|p1a: 👁🐽👁|Sitrus Berry|[eat]
|-heal|p1a: 👁🐽👁|66/100|[from] item: Sitrus Berry
|turn|10
|
|t:|1769399714
|switch|p2a: Deoxys|Deoxys-Speed|100/100
|-ability|p2a: Deoxys|Pressure
|move|p1a: 👁🐽👁|Protect||[still]
|-fail|p1a: 👁🐽👁
|
|-item|p1a: 👁🐽👁|Sitrus Berry|[from] ability: Harvest
|upkeep
|turn|11
|
|t:|1769399723
|switch|p1a: 👁👃👁|Landorus-Therian, M|100/100
|-ability|p1a: 👁👃👁|Intimidate|boost
|-unboost|p2a: Deoxys|atk|1
|move|p2a: Deoxys|Taunt|p1a: 👁👃👁
|-start|p1a: 👁👃👁|move: Taunt
|
|upkeep
|turn|12
|
|t:|1769399732
|switch|p2a: Dragonite|Dragonite, F|100/100
|move|p1a: 👁👃👁|Scorching Sands|p2a: Dragonite
|-immune|p2a: Dragonite
|
|upkeep
|turn|13
|
|t:|1769399739
|switch|p1a: 👁🐽👁|Tropius, F, shiny, tera:Ghost|66/100
|move|p2a: Dragonite|Substitute|p2a: Dragonite
|-start|p2a: Dragonite|Substitute
|-damage|p2a: Dragonite|76/100
|
|-heal|p2a: Dragonite|82/100|[from] item: Leftovers
|upkeep
|turn|14
|
|t:|1769399749
|move|p2a: Dragonite|Dragon Dance|p2a: Dragonite
|-boost|p2a: Dragonite|atk|1
|-boost|p2a: Dragonite|spe|1
|move|p1a: 👁🐽👁|Curse|p2a: Dragonite
|-start|p2a: Dragonite|Curse|[of] p1a: 👁🐽👁
|-damage|p1a: 👁🐽👁|16/100
|-enditem|p1a: 👁🐽👁|Sitrus Berry|[eat]
|-heal|p1a: 👁🐽👁|41/100|[from] item: Sitrus Berry
|
|-heal|p2a: Dragonite|88/100|[from] item: Leftovers
|-damage|p2a: Dragonite|63/100|[from] Curse
|upkeep
|turn|15
|
|t:|1769399761
|move|p1a: 👁🐽👁|Protect|p1a: 👁🐽👁
|-singleturn|p1a: 👁🐽👁|Protect
|move|p2a: Dragonite|Dragon Dance|p2a: Dragonite
|-boost|p2a: Dragonite|atk|1
|-boost|p2a: Dragonite|spe|1
|
|-heal|p2a: Dragonite|70/100|[from] item: Leftovers
|-damage|p2a: Dragonite|45/100|[from] Curse
|upkeep
|turn|16
|
|t:|1769399771
|switch|p1a: 👁👅👁|Noivern, M|43/100 psn
|-item|p2a: Dragonite|Leftovers|[from] ability: Frisk|[of] p1a: 👁👅👁
|move|p2a: Dragonite|Earthquake|p1a: 👁👅👁
|-immune|p1a: 👁👅👁
|
|-heal|p2a: Dragonite|51/100|[from] item: Leftovers
|-damage|p1a: 👁👅👁|31/100 psn|[from] psn
|-damage|p2a: Dragonite|26/100|[from] Curse
|upkeep
|turn|17
|
|t:|1769399784
|move|p2a: Dragonite|Tera Blast|p1a: 👁👅👁
|-crit|p1a: 👁👅👁
|-damage|p1a: 👁👅👁|0 fnt
|faint|p1a: 👁👅👁
|
|-heal|p2a: Dragonite|32/100|[from] item: Leftovers
|-damage|p2a: Dragonite|8/100|[from] Curse
|upkeep
|
|t:|1769399793
|switch|p1a: 👁👃👁|Landorus-Therian, M|100/100
|-ability|p1a: 👁👃👁|Intimidate|boost
|-immune|p2a: Dragonite
|turn|18
|
|t:|1769399799
|switch|p2a: Deoxys|Deoxys-Speed|100/100
|-ability|p2a: Deoxys|Pressure
|switch|p1a: 👁🐽👁|Tropius, F, shiny, tera:Ghost|41/100
|
|upkeep
|turn|19
|
|t:|1769399807
|move|p1a: 👁🐽👁|Protect|p1a: 👁🐽👁
|-singleturn|p1a: 👁🐽👁|Protect
|move|p2a: Deoxys|Psycho Boost|p1a: 👁🐽👁
|-activate|p1a: 👁🐽👁|move: Protect
|
|upkeep
|turn|20
|
|t:|1769399813
|move|p2a: Deoxys|Psycho Boost|p1a: 👁🐽👁
|-damage|p1a: 👁🐽👁|8/100
|-unboost|p2a: Deoxys|spa|2
|move|p1a: 👁🐽👁|Leech Seed|p2a: Deoxys
|-start|p2a: Deoxys|move: Leech Seed
|
|-damage|p2a: Deoxys|88/100|[from] Leech Seed|[of] p1a: 👁🐽👁
|-heal|p1a: 👁🐽👁|17/100|[silent]
|-item|p1a: 👁🐽👁|Sitrus Berry|[from] ability: Harvest
|upkeep
|-enditem|p1a: 👁🐽👁|Sitrus Berry|[eat]
|-heal|p1a: 👁🐽👁|42/100|[from] item: Sitrus Berry
|turn|21
|
|t:|1769399827
|switch|p2a: Glimmora|Glimmora, M|51/100
|move|p1a: 👁🐽👁|Leech Seed|p2a: Glimmora
|-start|p2a: Glimmora|move: Leech Seed
|
|-damage|p2a: Glimmora|39/100|[from] Leech Seed|[of] p1a: 👁🐽👁
|-heal|p1a: 👁🐽👁|51/100|[silent]
|-item|p1a: 👁🐽👁|Sitrus Berry|[from] ability: Harvest
|upkeep
|turn|22
|
|t:|1769399837
|switch|p1a: 👁👃👁|Landorus-Therian, M|100/100
|-ability|p1a: 👁👃👁|Intimidate|boost
|-unboost|p2a: Glimmora|atk|1
|move|p2a: Glimmora|Stealth Rock|p1a: 👁👃👁
|-sidestart|p1: oficial matute|move: Stealth Rock
|
|-damage|p2a: Glimmora|26/100|[from] Leech Seed|[of] p1a: 👁👃👁
|upkeep
|turn|23
|
|t:|1769399847
|switch|p2a: Dragonite|Dragonite, F|8/100
|move|p1a: 👁👃👁|Stealth Rock|p2a: Dragonite
|-sidestart|p2: Penguinator7|move: Stealth Rock
|
|-heal|p2a: Dragonite|14/100|[from] item: Leftovers
|upkeep
|turn|24
|
|t:|1769399856
|switch|p2a: Deoxys|Deoxys-Speed|88/100
|-damage|p2a: Deoxys|76/100|[from] Stealth Rock
|-ability|p2a: Deoxys|Pressure
|move|p1a: 👁👃👁|Smack Down|p2a: Deoxys
|-crit|p2a: Deoxys
|-damage|p2a: Deoxys|51/100
|
|upkeep
|turn|25
|
|t:|1769399868
|switch|p1a: 👁🐽👁|Tropius, F, shiny, tera:Ghost|51/100
|-damage|p1a: 👁🐽👁|39/100|[from] Stealth Rock
|-enditem|p1a: 👁🐽👁|Sitrus Berry|[eat]
|-heal|p1a: 👁🐽👁|64/100|[from] item: Sitrus Berry
|move|p2a: Deoxys|Reflect|p2a: Deoxys
|-sidestart|p2: Penguinator7|Reflect
|
|upkeep
|turn|26
|
|t:|1769399878
|switch|p2a: Iron Valiant|Iron Valiant|100/100
|-damage|p2a: Iron Valiant|94/100|[from] Stealth Rock
|-enditem|p2a: Iron Valiant|Booster Energy
|-activate|p2a: Iron Valiant|ability: Quark Drive|[fromitem]
|-start|p2a: Iron Valiant|quarkdrivespe
|move|p1a: 👁🐽👁|Substitute|p1a: 👁🐽👁
|-start|p1a: 👁🐽👁|Substitute
|-damage|p1a: 👁🐽👁|39/100
|
|-item|p1a: 👁🐽👁|Sitrus Berry|[from] ability: Harvest
|upkeep
|-enditem|p1a: 👁🐽👁|Sitrus Berry|[eat]
|-heal|p1a: 👁🐽👁|64/100|[from] item: Sitrus Berry
|turn|27
|
|t:|1769399892
|move|p2a: Iron Valiant|Taunt|p1a: 👁🐽👁
|-start|p1a: 👁🐽👁|move: Taunt
|cant|p1a: 👁🐽👁|move: Taunt|Curse
|
|upkeep
|turn|28
|
|t:|1769399898
|switch|p1a: 👁👃👁|Landorus-Therian, M|100/100
|-damage|p1a: 👁👃👁|88/100|[from] Stealth Rock
|-ability|p1a: 👁👃👁|Intimidate|boost
|-unboost|p2a: Iron Valiant|atk|1
|move|p2a: Iron Valiant|Knock Off|p1a: 👁👃👁
|-damage|p1a: 👁👃👁|74/100
|-damage|p2a: Iron Valiant|78/100|[from] item: Rocky Helmet|[of] p1a: 👁👃👁
|-enditem|p1a: 👁👃👁|Rocky Helmet|[from] move: Knock Off|[of] p2a: Iron Valiant
|
|upkeep
|turn|29
|
|t:|1769399909
|move|p2a: Iron Valiant|Moonblast|p1a: 👁👃👁
|-damage|p1a: 👁👃👁|24/100
|-unboost|p1a: 👁👃👁|spa|1
|move|p1a: 👁👃👁|Scorching Sands|p2a: Iron Valiant
|-damage|p2a: Iron Valiant|47/100
|
|-sideend|p2: Penguinator7|Reflect
|upkeep
|turn|30
|
|t:|1769399917
|move|p2a: Iron Valiant|Moonblast|p1a: 👁👃👁
|-damage|p1a: 👁👃👁|0 fnt
|faint|p1a: 👁👃👁
|
|upkeep
|
|t:|1769399922
|switch|p1a: 👁🔴👁|Torterra, M|100/100
|-damage|p1a: 👁🔴👁|94/100|[from] Stealth Rock
|turn|31
|
|t:|1769399926
|move|p2a: Iron Valiant|Taunt|p1a: 👁🔴👁
|-start|p1a: 👁🔴👁|move: Taunt
|move|p1a: 👁🔴👁|Headlong Rush|p2a: Iron Valiant
|-damage|p2a: Iron Valiant|0 fnt
|-unboost|p1a: 👁🔴👁|def|1
|-unboost|p1a: 👁🔴👁|spd|1
|faint|p2a: Iron Valiant
|-end|p2a: Iron Valiant|Quark Drive|[silent]
|
|upkeep
|
|t:|1769399936
|switch|p2a: Glimmora|Glimmora, M|26/100
|-damage|p2a: Glimmora|14/100|[from] Stealth Rock
|turn|32
|
|t:|1769399941
|switch|p1a: 👁🫦👁|Garchomp, F|100/100
|-damage|p1a: 👁🫦👁|94/100|[from] Stealth Rock
|move|p2a: Glimmora|Mortal Spin|p1a: 👁🫦👁
|-resisted|p1a: 👁🫦👁
|-damage|p1a: 👁🫦👁|91/100
|-status|p1a: 👁🫦👁|psn
|-damage|p2a: Glimmora|1/100|[from] ability: Rough Skin|[of] p1a: 👁🫦👁
|-sideend|p2: Penguinator7|Stealth Rock|[from] move: Mortal Spin|[of] p2a: Glimmora
|
|-damage|p1a: 👁🫦👁|79/100 psn|[from] psn
|upkeep
|turn|33
|
|t:|1769399953
|switch|p2a: Deoxys|Deoxys-Speed|51/100
|-ability|p2a: Deoxys|Pressure
|move|p1a: 👁🫦👁|Swords Dance|p1a: 👁🫦👁
|-boost|p1a: 👁🫦👁|atk|2
|
|-damage|p1a: 👁🫦👁|67/100 psn|[from] psn
|upkeep
|turn|34
|
|t:|1769399965
|switch|p1a: 👁🐽👁|Tropius, F, shiny, tera:Ghost|64/100
|-damage|p1a: 👁🐽👁|51/100|[from] Stealth Rock
|move|p2a: Deoxys|Reflect|p2a: Deoxys
|-sidestart|p2: Penguinator7|Reflect
|
|-item|p1a: 👁🐽👁|Sitrus Berry|[from] ability: Harvest
|upkeep
|turn|35
|
|t:|1769399974
|switch|p2a: Glimmora|Glimmora, M|1/100
|move|p1a: 👁🐽👁|Leech Seed|p2a: Glimmora
|-start|p2a: Glimmora|move: Leech Seed
|
|-damage|p2a: Glimmora|0 fnt|[from] Leech Seed|[of] p1a: 👁🐽👁
|-heal|p1a: 👁🐽👁|52/100|[silent]
|faint|p2a: Glimmora
|upkeep
|
|t:|1769399984
|switch|p2a: Great Tusk|Great Tusk|100/100
|-enditem|p2a: Great Tusk|Booster Energy
|-activate|p2a: Great Tusk|ability: Protosynthesis|[fromitem]
|-start|p2a: Great Tusk|protosynthesisspe
|turn|36
|
|t:|1769399990
|move|p1a: 👁🐽👁|Protect|p1a: 👁🐽👁
|-singleturn|p1a: 👁🐽👁|Protect
|move|p2a: Great Tusk|Taunt|p1a: 👁🐽👁
|-activate|p1a: 👁🐽👁|move: Protect
|
|upkeep
|turn|37
|
|t:|1769400000
|switch|p1a: 👁👄👁|Hydrapple, F|100/100
|-damage|p1a: 👁👄👁|88/100|[from] Stealth Rock
|move|p2a: Great Tusk|Bulk Up|p2a: Great Tusk
|-boost|p2a: Great Tusk|atk|1
|-boost|p2a: Great Tusk|def|1
|
|upkeep
|turn|38
|
|t:|1769400008
|move|p2a: Great Tusk|Close Combat|p1a: 👁👄👁
|-damage|p1a: 👁👄👁|24/100
|-unboost|p2a: Great Tusk|def|1
|-unboost|p2a: Great Tusk|spd|1
|move|p1a: 👁👄👁|Giga Drain|p2a: Great Tusk
|-supereffective|p2a: Great Tusk
|-damage|p2a: Great Tusk|0 fnt
|-heal|p1a: 👁👄👁|76/100|[from] drain|[of] p2a: Great Tusk
|faint|p2a: Great Tusk
|-end|p2a: Great Tusk|Protosynthesis|[silent]
|
|-sideend|p2: Penguinator7|Reflect
|upkeep
|
|t:|1769400014
|switch|p2a: Dragonite|Dragonite, F|14/100
|turn|39
|
|t:|1769400024
|-terastallize|p2a: Dragonite|Flying
|move|p2a: Dragonite|Tera Blast|p1a: 👁👄👁|[anim] Tera Blast Flying
|-supereffective|p1a: 👁👄👁
|-damage|p1a: 👁👄👁|0 fnt
|faint|p1a: 👁👄👁
|
|-heal|p2a: Dragonite|20/100|[from] item: Leftovers
|upkeep
|
|t:|1769400034
|switch|p1a: 👁🫦👁|Garchomp, F|67/100 psn
|-damage|p1a: 👁🫦👁|61/100 psn|[from] Stealth Rock
|turn|40
|
|t:|1769400039
|switch|p2a: Deoxys|Deoxys-Speed|51/100
|-ability|p2a: Deoxys|Pressure
|move|p1a: 👁🫦👁|Scale Shot|p2a: Deoxys
|-crit|p2a: Deoxys
|-damage|p2a: Deoxys|26/100
|-crit|p2a: Deoxys
|-damage|p2a: Deoxys|3/100
|-damage|p2a: Deoxys|0 fnt
|faint|p2a: Deoxys
|-hitcount|p2: Deoxys|3
|-unboost|p1a: 👁🫦👁|def|1
|-boost|p1a: 👁🫦👁|spe|1
|
|-damage|p1a: 👁🫦👁|48/100 psn|[from] psn
|upkeep
|
|t:|1769400044
|switch|p2a: Kingambit|Kingambit, F|100/100
|-activate|p2a: Kingambit|ability: Supreme Overlord
|-start|p2a: Kingambit|fallen4|[silent]
|turn|41
|
|t:|1769400058
|move|p1a: 👁🫦👁|Earthquake|p2a: Kingambit
|-supereffective|p2a: Kingambit
|-damage|p2a: Kingambit|18/100
|move|p2a: Kingambit|Swords Dance|p2a: Kingambit
|-boost|p2a: Kingambit|atk|2
|
|-damage|p1a: 👁🫦👁|36/100 psn|[from] psn
|upkeep
|turn|42
|
|t:|1769400078
|move|p2a: Kingambit|Sucker Punch|p1a: 👁🫦👁
|-damage|p1a: 👁🫦👁|0 fnt
|-damage|p2a: Kingambit|5/100|[from] ability: Rough Skin|[of] p1a: 👁🫦👁
|faint|p1a: 👁🫦👁
|
|upkeep
|
|t:|1769400085
|switch|p1a: 👁🔴👁|Torterra, M|94/100
|-damage|p1a: 👁🔴👁|88/100|[from] Stealth Rock
|turn|43
|
|t:|1769400091
|move|p2a: Kingambit|Sucker Punch|p1a: 👁🔴👁
|-damage|p1a: 👁🔴👁|0 fnt
|faint|p1a: 👁🔴👁
|
|upkeep
|-message|oficial matute forfeited.
|
|win|Penguinator7
|raw|oficial matute's rating: 1244 &rarr; <strong>1225</strong><br />(-19 for losing)
|raw|Penguinator7's rating: 1326 &rarr; <strong>1341</strong><br />(+15 for winning)
|l|☆oficial matute
|player|p1|
|l|☆Penguinator7
|player|p2|
