|j|☆models&baddies
|j|☆shheeesh
|t:|1769366829
|gametype|singles
|player|p1|models&baddies|marlon|1154
|player|p2|shheeesh|169|1110
|gen|9
|tier|[Gen 9] OU
|rated|
|rule|HP Percentage Mod: HP is shown in percentages
|rule|Endless Battle Clause: Forcing endless battles is banned
|rule|Species Clause: Limit one of each Pokémon
|rule|OHKO Clause: OHKO moves are banned
|rule|Evasion Items Clause: Evasion items are banned
|rule|Evasion Moves Clause: Evasion moves are banned
|rule|Evasion Abilities Clause: Evasion abilities are banned
|rule|Sleep Moves Clause: Sleep-inducing moves are banned
|clearpoke
|poke|p1|Altaria, M|
|poke|p1|Gholdengo|
|poke|p1|Deoxys-Speed|
|poke|p1|Rillaboom, F|
|poke|p1|Honchkrow, F|
|poke|p1|Magnezone|
|poke|p2|Hoopa-Unbound|
|poke|p2|Corviknight, M|
|poke|p2|Gholdengo|
|poke|p2|Heatran, M|
|poke|p2|Iron Valiant|
|poke|p2|Alomomola, F|
|teampreview
|
|t:|1769366839
|teamsize|p1|6
|teamsize|p2|6
|start
|switch|p1a: Magnezone|Magnezone|100/100
|switch|p2a: Heatran|Heatran, M|100/100
|turn|1
|
|t:|1769366847
|switch|p1a: Altaria|Altaria, M|100/100
|move|p2a: Heatran|Earth Power|p1a: Altaria
|-immune|p1a: Altaria
|
|upkeep
|turn|2
|
|t:|1769366865
|switch|p1a: Gholdengo|Gholdengo|100/100
|move|p2a: Heatran|Stealth Rock|p1a: Gholdengo
|-sidestart|p1: models&baddies|move: Stealth Rock
|
|upkeep
|turn|3
|
|t:|1769366871
|move|p1a: Gholdengo|Thunder Wave|p2a: Heatran|[miss]
|-miss|p1a: Gholdengo|p2a: Heatran
|move|p2a: Heatran|Lava Plume|p1a: Gholdengo
|-supereffective|p1a: Gholdengo
|-damage|p1a: Gholdengo|29/100
|
|-heal|p1a: Gholdengo|35/100|[from] item: Leftovers
|upkeep
|turn|4
|
|t:|1769366882
|move|p1a: Gholdengo|Recover|p1a: Gholdengo
|-heal|p1a: Gholdengo|85/100
|move|p2a: Heatran|Lava Plume|p1a: Gholdengo
|-supereffective|p1a: Gholdengo
|-damage|p1a: Gholdengo|21/100
|
|-heal|p1a: Gholdengo|27/100|[from] item: Leftovers
|upkeep
|turn|5
|
|t:|1769366889
|move|p1a: Gholdengo|Thunder Wave|p2a: Heatran
|-status|p2a: Heatran|par
|move|p2a: Heatran|Lava Plume|p1a: Gholdengo
|-supereffective|p1a: Gholdengo
|-damage|p1a: Gholdengo|0 fnt
|faint|p1a: Gholdengo
|
|upkeep
|
|t:|1769366911
|switch|p1a: Magnezone|Magnezone|100/100
|-damage|p1a: Magnezone|94/100|[from] Stealth Rock
|turn|6
|
|t:|1769366917
|move|p1a: Magnezone|Thunderbolt|p2a: Heatran
|-damage|p2a: Heatran|69/100 par
|cant|p2a: Heatran|par
|
|-heal|p2a: Heatran|76/100 par|[from] item: Leftovers
|upkeep
|turn|7
|
|t:|1769366921
|move|p1a: Magnezone|Thunderbolt|p2a: Heatran
|-damage|p2a: Heatran|46/100 par
|cant|p2a: Heatran|par
|
|-heal|p2a: Heatran|52/100 par|[from] item: Leftovers
|upkeep
|turn|8
|
|t:|1769366924
|move|p1a: Magnezone|Thunderbolt|p2a: Heatran
|-damage|p2a: Heatran|23/100 par
|move|p2a: Heatran|Earth Power|p1a: Magnezone
|-supereffective|p1a: Magnezone
|-damage|p1a: Magnezone|17/100
|
|-heal|p2a: Heatran|29/100 par|[from] item: Leftovers
|upkeep
|turn|9
|
|t:|1769366931
|move|p1a: Magnezone|Thunderbolt|p2a: Heatran
|-damage|p2a: Heatran|0 fnt
|faint|p2a: Heatran
|
|upkeep
|
|t:|1769366938
|switch|p2a: Hoopa|Hoopa-Unbound|100/100
|turn|10
|
|t:|1769366956
|move|p2a: Hoopa|Nasty Plot|p2a: Hoopa
|-boost|p2a: Hoopa|spa|2
|move|p1a: Magnezone|Thunderbolt|p2a: Hoopa
|-damage|p2a: Hoopa|54/100
|
|upkeep
|turn|11
|
|t:|1769366964
|move|p2a: Hoopa|Dark Pulse|p1a: Magnezone
|-damage|p1a: Magnezone|0 fnt
|faint|p1a: Magnezone
|-damage|p2a: Hoopa|44/100|[from] item: Life Orb
|
|upkeep
|
|t:|1769366983
|switch|p1a: Deoxys|Deoxys-Speed|100/100
|-damage|p1a: Deoxys|88/100|[from] Stealth Rock
|-ability|p1a: Deoxys|Pressure
|turn|12
|
|t:|1769366991
|switch|p2a: Alomomola|Alomomola, F|100/100
|move|p1a: Deoxys|Thunder Wave|p2a: Alomomola
|-status|p2a: Alomomola|par
|
|upkeep
|turn|13
|
|t:|1769367001
|switch|p1a: Altaria|Altaria, M|100/100
|cant|p2a: Alomomola|par
|
|upkeep
|turn|14
|
|t:|1769367024
|switch|p2a: Iron Valiant|Iron Valiant|100/100
|move|p1a: Altaria|Fire Spin|p2a: Iron Valiant
|-damage|p2a: Iron Valiant|89/100
|-activate|p2a: Iron Valiant|move: Fire Spin|[of] p1a: Altaria
|
|-damage|p2a: Iron Valiant|76/100|[from] move: Fire Spin|[partiallytrapped]
|upkeep
|turn|15
|
|t:|1769367034
|move|p2a: Iron Valiant|Ice Punch|p1a: Altaria
|-supereffective|p1a: Altaria
|-damage|p1a: Altaria|0 fnt
|faint|p1a: Altaria
|
|-end|p2a: Iron Valiant|Fire Spin|[partiallytrapped]|[silent]
|upkeep
|
|t:|1769367043
|switch|p1a: Rillaboom|Rillaboom, F|100/100
|-damage|p1a: Rillaboom|88/100|[from] Stealth Rock
|-fieldstart|move: Grassy Terrain|[from] ability: Grassy Surge|[of] p1a: Rillaboom
|turn|16
|
|t:|1769367051
|-end|p2a: Iron Valiant|Quark Drive|[silent]
|switch|p2a: Corviknight|Corviknight, M|100/100
|move|p1a: Rillaboom|Wood Hammer|p2a: Corviknight
|-resisted|p2a: Corviknight
|-damage|p2a: Corviknight|88/100
|-damage|p1a: Rillaboom|72/100|[from] item: Rocky Helmet|[of] p2a: Corviknight
|-damage|p1a: Rillaboom|68/100|[from] Recoil
|
|-heal|p1a: Rillaboom|74/100|[from] Grassy Terrain
|upkeep
|turn|17
|
|t:|1769367060
|move|p2a: Corviknight|Iron Defense|p2a: Corviknight
|-boost|p2a: Corviknight|def|2
|move|p1a: Rillaboom|U-turn|p2a: Corviknight
|-resisted|p2a: Corviknight
|-damage|p2a: Corviknight|86/100
|-damage|p1a: Rillaboom|57/100|[from] item: Rocky Helmet|[of] p2a: Corviknight
|
|t:|1769367064
|switch|p1a: Deoxys|Deoxys-Speed|88/100|[from] U-turn
|-damage|p1a: Deoxys|76/100|[from] Stealth Rock
|-ability|p1a: Deoxys|Pressure
|
|-heal|p1a: Deoxys|82/100|[from] Grassy Terrain
|upkeep
|turn|18
|
|t:|1769367074
|move|p1a: Deoxys|Thunderbolt|p2a: Corviknight
|-supereffective|p2a: Corviknight
|-damage|p2a: Corviknight|33/100
|move|p2a: Corviknight|U-turn|p1a: Deoxys
|-supereffective|p1a: Deoxys
|-damage|p1a: Deoxys|35/100
|
|t:|1769367085
|switch|p2a: Alomomola|Alomomola, F|100/100 par|[from] U-turn
|
|-heal|p1a: Deoxys|42/100|[from] Grassy Terrain
|upkeep
|turn|19
|
|t:|1769367090
|move|p1a: Deoxys|Thunderbolt|p2a: Alomomola
|-supereffective|p2a: Alomomola
|-damage|p2a: Alomomola|37/100 par
|move|p2a: Alomomola|Flip Turn|p1a: Deoxys
|-damage|p1a: Deoxys|15/100
|
|t:|1769367097
|switch|p2a: Iron Valiant|Iron Valiant|76/100|[from] Flip Turn
|
|-heal|p1a: Deoxys|21/100|[from] Grassy Terrain
|-heal|p2a: Iron Valiant|83/100|[from] Grassy Terrain
|upkeep
|turn|20
|
|t:|1769367100
|move|p1a: Deoxys|Thunderbolt|p2a: Iron Valiant
|-damage|p2a: Iron Valiant|34/100
|move|p2a: Iron Valiant|Ice Punch|p1a: Deoxys
|-damage|p1a: Deoxys|0 fnt
|faint|p1a: Deoxys
|
|-heal|p2a: Iron Valiant|41/100|[from] Grassy Terrain
|upkeep
|
|t:|1769367106
|switch|p1a: Rillaboom|Rillaboom, F|57/100
|-damage|p1a: Rillaboom|45/100|[from] Stealth Rock
|turn|21
|
|t:|1769367114
|move|p2a: Iron Valiant|Ice Punch|p1a: Rillaboom
|-supereffective|p1a: Rillaboom
|-damage|p1a: Rillaboom|0 fnt
|faint|p1a: Rillaboom
|
|-heal|p2a: Iron Valiant|47/100|[from] Grassy Terrain
|upkeep
|
|t:|1769367117
|switch|p1a: Honchkrow|Honchkrow, F|100/100
|-damage|p1a: Honchkrow|76/100|[from] Stealth Rock
|-enditem|p1a: Honchkrow|Grassy Seed
|-boost|p1a: Honchkrow|def|1|[from] item: Grassy Seed
|turn|22
|
|t:|1769367122
|-terastallize|p1a: Honchkrow|Fighting
|move|p2a: Iron Valiant|Ice Punch|p1a: Honchkrow
|-damage|p1a: Honchkrow|48/100
|move|p1a: Honchkrow|Acrobatics|p2a: Iron Valiant
|-supereffective|p2a: Iron Valiant
|-damage|p2a: Iron Valiant|0 fnt
|faint|p2a: Iron Valiant
|-end|p2a: Iron Valiant|Quark Drive|[silent]
|-ability|p1a: Honchkrow|Moxie|boost
|-boost|p1a: Honchkrow|atk|1
|
|-heal|p1a: Honchkrow|54/100|[from] Grassy Terrain
|upkeep
|
|t:|1769367138
|switch|p2a: Hoopa|Hoopa-Unbound|44/100
|turn|23
|
|t:|1769367143
|move|p1a: Honchkrow|Sucker Punch|p2a: Hoopa
|-damage|p2a: Hoopa|0 fnt
|faint|p2a: Hoopa
|-ability|p1a: Honchkrow|Moxie|boost
|-boost|p1a: Honchkrow|atk|1
|
|-heal|p1a: Honchkrow|60/100|[from] Grassy Terrain
|-fieldend|move: Grassy Terrain
|upkeep
|
|t:|1769367171
|switch|p2a: Gholdengo|Gholdengo|100/100
|-item|p2a: Gholdengo|Air Balloon
|turn|24
|
|t:|1769367177
|move|p1a: Honchkrow|Sucker Punch||[still]
|-fail|p1a: Honchkrow
|move|p2a: Gholdengo|Nasty Plot|p2a: Gholdengo
|-boost|p2a: Gholdengo|spa|2
|
|upkeep
|turn|25
|
|t:|1769367183
|move|p1a: Honchkrow|Night Slash|p2a: Gholdengo
|-supereffective|p2a: Gholdengo
|-damage|p2a: Gholdengo|0 fnt
|-enditem|p2a: Gholdengo|Air Balloon
|faint|p2a: Gholdengo
|-ability|p1a: Honchkrow|Moxie|boost
|-boost|p1a: Honchkrow|atk|1
|
|upkeep
|
|t:|1769367189
|switch|p2a: Corviknight|Corviknight, M|33/100
|turn|26
|inactive|Battle timer is ON: inactive players will automatically lose when time's up. (requested by shheeesh)
|inactive|models&baddies has 120 seconds left.
|inactive|models&baddies has 90 seconds left.
|
|t:|1769367290
|move|p1a: Honchkrow|Tera Blast|p2a: Corviknight|[anim] Tera Blast Fighting
|-damage|p2a: Corviknight|0 fnt
|faint|p2a: Corviknight
|-ability|p1a: Honchkrow|Moxie|boost
|-boost|p1a: Honchkrow|atk|1
|
|upkeep
|
|t:|1769367297
|switch|p2a: Alomomola|Alomomola, F|70/100 par
|turn|27
|
|t:|1769367303
|-terastallize|p2a: Alomomola|Fairy
|move|p1a: Honchkrow|Acrobatics|p2a: Alomomola
|-damage|p2a: Alomomola|0 fnt
|faint|p2a: Alomomola
|
|win|models&baddies
|raw|models&amp;baddies's rating: 1154 &rarr; <strong>1176</strong><br />(+22 for winning)
|raw|shheeesh's rating: 1110 &rarr; <strong>1088</strong><br />(-22 for losing)
|l|☆shheeesh
|player|p2|
