|j|☆bwchompfan
|j|☆boom moon
|t:|1769440109
|gametype|singles
|player|p1|bwchompfan|clair|1106
|player|p2|boom moon|266|1127
|gen|9
|tier|[Gen 9] OU
|rated|
|rule|HP Percentage Mod: HP is shown in percentages
|rule|Endless Battle Clause: Forcing endless battles is banned
|rule|Species Clause: Limit one of each Pokémon
|rule|OHKO Clause: OHKO moves are banned
|rule|Evasion Items Clause: Evasion items are banned
|rule|Evasion Moves Clause: Evasion moves are banned
|rule|Evasion Abilities Clause: Evasion abilities are banned
|rule|Sleep Moves Clause: Sleep-inducing moves are banned
|clearpoke
|poke|p1|Ribombee, F|
|poke|p1|Garchomp, M|
|poke|p1|Gholdengo|
|poke|p1|Glimmora, F|
|poke|p1|Ogerpon-Wellspring, F|
|poke|p1|Moltres-Galar|
|poke|p2|Rampardos, M|
|poke|p2|Dragonite, M|
|poke|p2|Breloom, F|
|poke|p2|Masquerain, F|
|poke|p2|Toxicroak, M|
|poke|p2|Cloyster, M|
|teampreview
|inactive|Battle timer is ON: inactive players will automatically lose when time's up. (requested by bwchompfan)
|
|t:|1769440130
|teamsize|p1|6
|teamsize|p2|6
|start
|switch|p1a: Ribombee|Ribombee, F|100/100
|switch|p2a: Rampardos|Rampardos, M|100/100
|-ability|p2a: Rampardos|Mold Breaker
|turn|1
|
|t:|1769440136
|move|p1a: Ribombee|Sticky Web|p2a: Rampardos
|-sidestart|p2: boom moon|move: Sticky Web
|move|p2a: Rampardos|Trailblaze|p1a: Ribombee
|-resisted|p1a: Ribombee
|-damage|p1a: Ribombee|77/100
|-boost|p2a: Rampardos|spe|1
|
|upkeep
|turn|2
|
|t:|1769440145
|move|p1a: Ribombee|Stun Spore|p2a: Rampardos
|-status|p2a: Rampardos|par
|move|p2a: Rampardos|Trailblaze|p1a: Ribombee
|-resisted|p1a: Ribombee
|-damage|p1a: Ribombee|55/100
|-boost|p2a: Rampardos|spe|1
|
|upkeep
|turn|3
|
|t:|1769440150
|move|p1a: Ribombee|Moonblast|p2a: Rampardos
|-damage|p2a: Rampardos|36/100 par
|cant|p2a: Rampardos|par
|
|upkeep
|turn|4
|
|t:|1769440155
|move|p1a: Ribombee|Moonblast|p2a: Rampardos
|-damage|p2a: Rampardos|0 fnt
|faint|p2a: Rampardos
|
|upkeep
|
|t:|1769440157
|switch|p2a: Masquerain|Masquerain, F|100/100
|-ability|p2a: Masquerain|Intimidate|boost
|-unboost|p1a: Ribombee|atk|1
|turn|5
|
|t:|1769440164
|move|p1a: Ribombee|Stun Spore|p2a: Masquerain
|-status|p2a: Masquerain|par
|move|p2a: Masquerain|Sticky Web|p1a: Ribombee
|-sidestart|p1: bwchompfan|move: Sticky Web
|
|upkeep
|turn|6
|
|t:|1769440172
|move|p1a: Ribombee|Moonblast|p2a: Masquerain
|-crit|p2a: Masquerain
|-damage|p2a: Masquerain|16/100 par
|move|p2a: Masquerain|Air Slash|p1a: Ribombee
|-supereffective|p1a: Ribombee
|-damage|p1a: Ribombee|0 fnt
|faint|p1a: Ribombee
|
|-heal|p2a: Masquerain|22/100 par|[from] item: Leftovers
|upkeep
|
|t:|1769440175
|switch|p1a: Glimmora|Glimmora, F|100/100
|-activate|p1a: Glimmora|move: Sticky Web
|-unboost|p1a: Glimmora|spe|1
|turn|7
|
|t:|1769440179
|move|p1a: Glimmora|Mortal Spin|p2a: Masquerain
|-damage|p2a: Masquerain|11/100 par
|-sideend|p1: bwchompfan|Sticky Web|[from] move: Mortal Spin|[of] p1a: Glimmora
|move|p2a: Masquerain|Bug Buzz|p1a: Glimmora
|-resisted|p1a: Glimmora
|-damage|p1a: Glimmora|74/100
|
|-heal|p2a: Masquerain|17/100 par|[from] item: Leftovers
|upkeep
|turn|8
|
|t:|1769440185
|move|p1a: Glimmora|Power Gem|p2a: Masquerain
|-supereffective|p2a: Masquerain
|-damage|p2a: Masquerain|0 fnt
|faint|p2a: Masquerain
|
|upkeep
|
|t:|1769440191
|switch|p2a: Toxicroak|Toxicroak, M, shiny|100/100
|-activate|p2a: Toxicroak|move: Sticky Web
|-unboost|p2a: Toxicroak|spe|1
|turn|9
|
|t:|1769440194
|move|p1a: Glimmora|Earth Power|p2a: Toxicroak
|-supereffective|p2a: Toxicroak
|-damage|p2a: Toxicroak|3/100
|move|p2a: Toxicroak|Dark Pulse|p1a: Glimmora
|-damage|p1a: Glimmora|45/100
|
|upkeep
|turn|10
|
|t:|1769440197
|move|p2a: Toxicroak|Vacuum Wave|p1a: Glimmora
|-damage|p1a: Glimmora|24/100
|move|p1a: Glimmora|Power Gem|p2a: Toxicroak
|-resisted|p2a: Toxicroak
|-damage|p2a: Toxicroak|0 fnt
|faint|p2a: Toxicroak
|
|upkeep
|
|t:|1769440201
|switch|p2a: Breloom|Breloom, F|100/100
|-activate|p2a: Breloom|move: Sticky Web
|-unboost|p2a: Breloom|spe|1
|turn|11
|
|t:|1769440206
|move|p1a: Glimmora|Meteor Beam||[still]
|-prepare|p1a: Glimmora|Meteor Beam
|-boost|p1a: Glimmora|spa|1
|-enditem|p1a: Glimmora|Power Herb
|-anim|p1a: Glimmora|Meteor Beam|p2a: Breloom
|-resisted|p2a: Breloom
|-damage|p2a: Breloom|4/100
|move|p2a: Breloom|Swords Dance|p2a: Breloom
|-boost|p2a: Breloom|atk|2
|
|upkeep
|turn|12
|
|t:|1769440210
|move|p2a: Breloom|Mach Punch|p1a: Glimmora
|-damage|p1a: Glimmora|0 fnt
|-activate|p1a: Glimmora|ability: Toxic Debris
|-sidestart|p2: boom moon|move: Toxic Spikes
|faint|p1a: Glimmora
|
|upkeep
|
|t:|1769440212
|switch|p1a: Gholdengo|Gholdengo|100/100
|-item|p1a: Gholdengo|Air Balloon
|turn|13
|
|t:|1769440214
|move|p1a: Gholdengo|Shadow Ball|p2a: Breloom
|-damage|p2a: Breloom|0 fnt
|faint|p2a: Breloom
|
|upkeep
|
|t:|1769440217
|switch|p2a: Dragonite|Dragonite, M|100/100
|turn|14
|
|t:|1769440222
|move|p1a: Gholdengo|Shadow Ball|p2a: Dragonite
|-damage|p2a: Dragonite|52/100
|move|p2a: Dragonite|Dragon Dance|p2a: Dragonite
|-boost|p2a: Dragonite|atk|1
|-boost|p2a: Dragonite|spe|1
|
|upkeep
|turn|15
|
|t:|1769440227
|move|p2a: Dragonite|Fire Punch|p1a: Gholdengo
|-supereffective|p1a: Gholdengo
|-damage|p1a: Gholdengo|0 fnt
|-enditem|p1a: Gholdengo|Air Balloon
|faint|p1a: Gholdengo
|
|upkeep
|
|t:|1769440230
|switch|p1a: Moltres|Moltres-Galar, shiny|100/100
|turn|16
|
|t:|1769440235
|move|p2a: Dragonite|Ice Spinner|p1a: Moltres
|-supereffective|p1a: Moltres
|-damage|p1a: Moltres|0 fnt
|faint|p1a: Moltres
|
|upkeep
|
|t:|1769440238
|switch|p1a: Garchomp|Garchomp, M|100/100
|turn|17
|
|t:|1769440244
|-terastallize|p1a: Garchomp|Ghost
|move|p2a: Dragonite|Ice Spinner|p1a: Garchomp
|-damage|p1a: Garchomp|55/100
|-damage|p2a: Dragonite|40/100|[from] ability: Rough Skin|[of] p1a: Garchomp
|move|p1a: Garchomp|Scale Shot|p2a: Dragonite
|-supereffective|p2a: Dragonite
|-damage|p2a: Dragonite|11/100
|-supereffective|p2a: Dragonite
|-damage|p2a: Dragonite|0 fnt
|faint|p2a: Dragonite
|-hitcount|p2: Dragonite|2
|-unboost|p1a: Garchomp|def|1
|-boost|p1a: Garchomp|spe|1
|
|upkeep
|
|t:|1769440246
|switch|p2a: Cloyster|Cloyster, M|100/100
|turn|18
|
|t:|1769440252
|move|p1a: Garchomp|Scale Shot|p2a: Cloyster
|-damage|p2a: Cloyster|89/100
|-damage|p2a: Cloyster|78/100
|-damage|p2a: Cloyster|67/100
|-damage|p2a: Cloyster|55/100
|-damage|p2a: Cloyster|43/100
|-hitcount|p2a: Cloyster|5
|-unboost|p1a: Garchomp|def|1
|-boost|p1a: Garchomp|spe|1
|move|p2a: Cloyster|Shell Smash|p2a: Cloyster
|-unboost|p2a: Cloyster|def|1
|-unboost|p2a: Cloyster|spd|1
|-boost|p2a: Cloyster|atk|2
|-boost|p2a: Cloyster|spa|2
|-boost|p2a: Cloyster|spe|2
|
|upkeep
|turn|19
|
|t:|1769440259
|move|p1a: Garchomp|Earthquake|p2a: Cloyster
|-damage|p2a: Cloyster|0 fnt
|faint|p2a: Cloyster
|
|win|bwchompfan
|raw|bwchompfan's rating: 1106 &rarr; <strong>1133</strong><br />(+27 for winning)
|raw|boom moon's rating: 1127 &rarr; <strong>1100</strong><br />(-27 for losing)
|l|☆boom moon
|player|p2|
