|j|☆Braised Leeks
|j|☆Rypassed You
|t:|1769404586
|gametype|singles
|player|p1|Braised Leeks|170|1251
|player|p2|Rypassed You|drayton|1333
|gen|9
|tier|[Gen 9] OU
|rated|
|rule|HP Percentage Mod: HP is shown in percentages
|rule|Endless Battle Clause: Forcing endless battles is banned
|rule|Species Clause: Limit one of each Pokémon
|rule|OHKO Clause: OHKO moves are banned
|rule|Evasion Items Clause: Evasion items are banned
|rule|Evasion Moves Clause: Evasion moves are banned
|rule|Evasion Abilities Clause: Evasion abilities are banned
|rule|Sleep Moves Clause: Sleep-inducing moves are banned
|clearpoke
|poke|p1|Grimmsnarl, M|
|poke|p1|Lokix, F|
|poke|p1|Manaphy|
|poke|p1|Gholdengo|
|poke|p1|Maushold|
|poke|p1|Great Tusk|
|poke|p2|Ogerpon-Wellspring, F|
|poke|p2|Kingambit, F|
|poke|p2|Landorus-Therian, M|
|poke|p2|Glimmora, M|
|poke|p2|Dragapult, F|
|poke|p2|Iron Valiant|
|teampreview
|inactive|Battle timer is ON: inactive players will automatically lose when time's up. (requested by Rypassed You)
|inactive|Braised Leeks also wants the timer to be on.
|inactive|Rypassed You has 120 seconds left.
|
|t:|1769404621
|teamsize|p1|6
|teamsize|p2|6
|start
|switch|p1a: Grimmsnarl|Grimmsnarl, M|100/100
|switch|p2a: HAZARDS|Glimmora, M|100/100
|turn|1
|l|☆Braised Leeks
|inactive|Braised Leeks disconnected and has a minute to reconnect!
|player|p1|
|inactive|Braised Leeks has 30 seconds to reconnect!
|inactive|Braised Leeks has 20 seconds to reconnect!
|inactive|Braised Leeks has 15 seconds to reconnect!
|j|☆Braised Leeks
|inactive|Braised Leeks reconnected and has 95 seconds left.
|player|p1|Braised Leeks|170|
|inactive|Braised Leeks has 90 seconds left.
|
|t:|1769404682
|move|p1a: Grimmsnarl|Light Screen|p1a: Grimmsnarl
|-sidestart|p1: Braised Leeks|move: Light Screen
|move|p2a: HAZARDS|Meteor Beam||[still]
|-prepare|p2a: HAZARDS|Meteor Beam
|-boost|p2a: HAZARDS|spa|1
|-enditem|p2a: HAZARDS|Power Herb
|-anim|p2a: HAZARDS|Meteor Beam|p1a: Grimmsnarl
|-damage|p1a: Grimmsnarl|41/100
|
|upkeep
|turn|2
|
|t:|1769404692
|move|p1a: Grimmsnarl|Reflect|p1a: Grimmsnarl
|-sidestart|p1: Braised Leeks|Reflect
|move|p2a: HAZARDS|Earth Power|p1a: Grimmsnarl
|-crit|p1a: Grimmsnarl
|-damage|p1a: Grimmsnarl|0 fnt
|faint|p1a: Grimmsnarl
|
|upkeep
|inactive|Braised Leeks has 90 seconds left.
|
|t:|1769404705
|switch|p1a: Manaphy|Manaphy|100/100
|turn|3
|
|t:|1769404713
|switch|p2a: My Mind is Calm|Iron Valiant|100/100
|-enditem|p2a: My Mind is Calm|Booster Energy
|-activate|p2a: My Mind is Calm|ability: Quark Drive|[fromitem]
|-start|p2a: My Mind is Calm|quarkdrivespe
|move|p1a: Manaphy|Take Heart|p1a: Manaphy
|-boost|p1a: Manaphy|spa|1
|-boost|p1a: Manaphy|spd|1
|
|upkeep
|turn|4
|
|t:|1769404722
|move|p2a: My Mind is Calm|Encore|p1a: Manaphy
|-start|p1a: Manaphy|Encore
|move|p1a: Manaphy|Take Heart|p1a: Manaphy
|-boost|p1a: Manaphy|spa|1
|-boost|p1a: Manaphy|spd|1
|
|upkeep
|turn|5
|
|t:|1769404731
|move|p2a: My Mind is Calm|Swords Dance|p2a: My Mind is Calm
|-boost|p2a: My Mind is Calm|atk|2
|move|p1a: Manaphy|Take Heart|p1a: Manaphy
|-boost|p1a: Manaphy|spa|1
|-boost|p1a: Manaphy|spd|1
|
|upkeep
|turn|6
|
|t:|1769404743
|switch|p1a: Maushold|Maushold|100/100
|move|p2a: My Mind is Calm|Swords Dance|p2a: My Mind is Calm
|-boost|p2a: My Mind is Calm|atk|2
|
|upkeep
|turn|7
|
|t:|1769404758
|move|p2a: My Mind is Calm|Knock Off|p1a: Maushold
|-damage|p1a: Maushold|18/100
|-enditem|p1a: Maushold|Protective Pads|[from] move: Knock Off|[of] p2a: My Mind is Calm
|move|p1a: Maushold|Encore|p2a: My Mind is Calm
|-start|p2a: My Mind is Calm|Encore
|
|upkeep
|turn|8
|
|t:|1769404768
|switch|p1a: Great Tusk|Great Tusk|100/100
|move|p2a: My Mind is Calm|Knock Off|p1a: Great Tusk
|-resisted|p1a: Great Tusk
|-damage|p1a: Great Tusk|84/100
|-enditem|p1a: Great Tusk|Assault Vest|[from] move: Knock Off|[of] p2a: My Mind is Calm
|
|-sideend|p1: Braised Leeks|move: Light Screen
|upkeep
|turn|9
|
|t:|1769404779
|move|p2a: My Mind is Calm|Knock Off|p1a: Great Tusk
|-resisted|p1a: Great Tusk
|-damage|p1a: Great Tusk|73/100
|move|p1a: Great Tusk|Ice Spinner|p2a: My Mind is Calm
|-damage|p2a: My Mind is Calm|72/100
|
|-sideend|p1: Braised Leeks|Reflect
|upkeep
|turn|10
|
|t:|1769404788
|move|p2a: My Mind is Calm|Knock Off|p1a: Great Tusk
|-resisted|p1a: Great Tusk
|-damage|p1a: Great Tusk|52/100
|move|p1a: Great Tusk|Ice Spinner|p2a: My Mind is Calm
|-damage|p2a: My Mind is Calm|40/100
|
|-end|p2a: My Mind is Calm|Encore
|upkeep
|turn|11
|
|t:|1769404797
|move|p2a: My Mind is Calm|Spirit Break|p1a: Great Tusk
|-supereffective|p1a: Great Tusk
|-damage|p1a: Great Tusk|0 fnt
|faint|p1a: Great Tusk
|-end|p1a: Great Tusk|Protosynthesis|[silent]
|
|upkeep
|-message|Braised Leeks forfeited.
|
|win|Rypassed You
|raw|Braised Leeks's rating: 1251 &rarr; <strong>1232</strong><br />(-19 for losing)
|raw|Rypassed You's rating: 1333 &rarr; <strong>1348</strong><br />(+15 for winning)
|l|☆Braised Leeks
|player|p1|
|l|☆Rypassed You
|player|p2|
