|j|☆jsnsddk
|j|☆agent strike
|t:|1769407629
|gametype|singles
|player|p1|jsnsddk|1|1592
|player|p2|agent strike|policeman-gen4|1611
|gen|9
|tier|[Gen 9] OU
|rated|
|rule|HP Percentage Mod: HP is shown in percentages
|rule|Endless Battle Clause: Forcing endless battles is banned
|rule|Species Clause: Limit one of each Pokémon
|rule|OHKO Clause: OHKO moves are banned
|rule|Evasion Items Clause: Evasion items are banned
|rule|Evasion Moves Clause: Evasion moves are banned
|rule|Evasion Abilities Clause: Evasion abilities are banned
|rule|Sleep Moves Clause: Sleep-inducing moves are banned
|clearpoke
|poke|p1|Dragonite, M|
|poke|p1|Hatterene, F|
|poke|p1|Kingambit, M|
|poke|p1|Iron Crown|
|poke|p1|Crawdaunt, M|
|poke|p1|Manaphy|
|poke|p2|Great Tusk|
|poke|p2|Kingambit, M|
|poke|p2|Moltres|
|poke|p2|Dragapult, M|
|poke|p2|Primarina, F|
|poke|p2|Meowscarada, M|
|teampreview
|inactive|Battle timer is ON: inactive players will automatically lose when time's up. (requested by jsnsddk)
|
|t:|1769407636
|teamsize|p1|6
|teamsize|p2|6
|start
|switch|p1a: Hatterene|Hatterene, F|100/100
|switch|p2a: Meowscarada|Meowscarada, M|100/100
|turn|1
|
|t:|1769407641
|move|p2a: Meowscarada|U-turn|p1a: Hatterene
|-start|p2a: Meowscarada|typechange|Bug|[from] ability: Protean
|-damage|p1a: Hatterene|63/100
|
|t:|1769407645
|switch|p2a: Moltres|Moltres|100/100|[from] U-turn
|move|p1a: Hatterene|Trick Room|p1a: Hatterene
|-fieldstart|move: Trick Room|[of] p1a: Hatterene
|
|upkeep
|turn|2
|
|t:|1769407649
|move|p1a: Hatterene|Nuzzle|p2a: Moltres
|-supereffective|p2a: Moltres
|-damage|p2a: Moltres|95/100
|-status|p2a: Moltres|par
|-status|p1a: Hatterene|brn|[from] ability: Flame Body|[of] p2a: Moltres
|move|p2a: Moltres|U-turn|p1a: Hatterene
|-damage|p1a: Hatterene|48/100 brn
|
|t:|1769407656
|switch|p2a: Great Tusk|Great Tusk|100/100|[from] U-turn
|
|-damage|p1a: Hatterene|42/100 brn|[from] brn
|upkeep
|turn|3
|
|t:|1769407659
|-end|p2a: Great Tusk|Protosynthesis|[silent]
|switch|p2a: Moltres|Moltres|95/100 par
|move|p1a: Hatterene|Dazzling Gleam|p2a: Moltres
|-resisted|p2a: Moltres
|-damage|p2a: Moltres|68/100 par
|
|-damage|p1a: Hatterene|36/100 brn|[from] brn
|upkeep
|turn|4
|
|t:|1769407664
|move|p1a: Hatterene|Dazzling Gleam|p2a: Moltres
|-resisted|p2a: Moltres
|-damage|p2a: Moltres|43/100 par
|cant|p2a: Moltres|par
|
|-damage|p1a: Hatterene|30/100 brn|[from] brn
|upkeep
|turn|5
|
|t:|1769407669
|move|p1a: Hatterene|Dazzling Gleam|p2a: Moltres
|-resisted|p2a: Moltres
|-damage|p2a: Moltres|17/100 par
|move|p2a: Moltres|Roost|p2a: Moltres
|-heal|p2a: Moltres|67/100 par
|-singleturn|p2a: Moltres|move: Roost
|
|-damage|p1a: Hatterene|24/100 brn|[from] brn
|-fieldend|move: Trick Room
|upkeep
|turn|6
|
|t:|1769407672
|move|p2a: Moltres|Flamethrower|p1a: Hatterene
|-damage|p1a: Hatterene|0 fnt
|faint|p1a: Hatterene
|
|upkeep
|
|t:|1769407676
|switch|p1a: Crawdaunt|Crawdaunt, M|100/100
|turn|7
|
|t:|1769407682
|move|p2a: Moltres|U-turn|p1a: Crawdaunt
|-supereffective|p1a: Crawdaunt
|-damage|p1a: Crawdaunt|69/100
|
|t:|1769407687
|switch|p2a: Meowscarada|Meowscarada, M|100/100|[from] U-turn
|move|p1a: Crawdaunt|Knock Off|p2a: Meowscarada
|-resisted|p2a: Meowscarada
|-damage|p2a: Meowscarada|34/100
|-enditem|p2a: Meowscarada|Choice Scarf|[from] move: Knock Off|[of] p1a: Crawdaunt
|-damage|p1a: Crawdaunt|59/100|[from] item: Life Orb
|
|upkeep
|turn|8
|
|t:|1769407692
|move|p1a: Crawdaunt|Aqua Jet|p2a: Meowscarada
|-resisted|p2a: Meowscarada
|-damage|p2a: Meowscarada|3/100
|-damage|p1a: Crawdaunt|49/100|[from] item: Life Orb
|move|p2a: Meowscarada|Flower Trick|p1a: Crawdaunt
|-start|p2a: Meowscarada|typechange|Grass|[from] ability: Protean
|-supereffective|p1a: Crawdaunt
|-crit|p1a: Crawdaunt
|-damage|p1a: Crawdaunt|0 fnt
|faint|p1a: Crawdaunt
|
|upkeep
|
|t:|1769407711
|switch|p1a: Iron Crown|Iron Crown|100/100
|-enditem|p1a: Iron Crown|Booster Energy
|-activate|p1a: Iron Crown|ability: Quark Drive|[fromitem]
|-start|p1a: Iron Crown|quarkdrivespe
|turn|9
|
|t:|1769407719
|move|p1a: Iron Crown|Tachyon Cutter|p2a: Meowscarada
|-damage|p2a: Meowscarada|0 fnt
|faint|p2a: Meowscarada
|-hitcount|p2: Meowscarada|1
|
|upkeep
|
|t:|1769407728
|switch|p2a: Great Tusk|Great Tusk|100/100
|turn|10
|
|t:|1769407736
|-terastallize|p1a: Iron Crown|Fighting
|move|p1a: Iron Crown|Calm Mind|p1a: Iron Crown
|-boost|p1a: Iron Crown|spa|1
|-boost|p1a: Iron Crown|spd|1
|move|p2a: Great Tusk|Knock Off|p1a: Iron Crown
|-resisted|p1a: Iron Crown
|-damage|p1a: Iron Crown|91/100
|
|upkeep
|turn|11
|
|t:|1769407747
|-end|p2a: Great Tusk|Protosynthesis|[silent]
|switch|p2a: Moltres|Moltres|67/100 par
|move|p1a: Iron Crown|Calm Mind|p1a: Iron Crown
|-boost|p1a: Iron Crown|spa|1
|-boost|p1a: Iron Crown|spd|1
|
|upkeep
|turn|12
|
|t:|1769407751
|move|p1a: Iron Crown|Psyshock|p2a: Moltres
|-damage|p2a: Moltres|13/100 par
|cant|p2a: Moltres|par
|
|upkeep
|turn|13
|
|t:|1769407759
|move|p1a: Iron Crown|Psyshock|p2a: Moltres
|-damage|p2a: Moltres|0 fnt
|faint|p2a: Moltres
|
|upkeep
|
|t:|1769407764
|switch|p2a: Primarina|Primarina, F|100/100
|turn|14
|
|t:|1769407769
|move|p1a: Iron Crown|Psyshock|p2a: Primarina
|-damage|p2a: Primarina|38/100
|move|p2a: Primarina|Calm Mind|p2a: Primarina
|-boost|p2a: Primarina|spa|1
|-boost|p2a: Primarina|spd|1
|
|-heal|p2a: Primarina|44/100|[from] item: Leftovers
|upkeep
|turn|15
|
|t:|1769407773
|-terastallize|p2a: Primarina|Steel
|move|p1a: Iron Crown|Psyshock|p2a: Primarina
|-resisted|p2a: Primarina
|-damage|p2a: Primarina|14/100
|move|p2a: Primarina|Draining Kiss|p1a: Iron Crown
|-supereffective|p1a: Iron Crown
|-damage|p1a: Iron Crown|63/100
|-heal|p2a: Primarina|34/100|[from] drain|[of] p1a: Iron Crown
|
|-heal|p2a: Primarina|40/100|[from] item: Leftovers
|upkeep
|turn|16
|
|t:|1769407778
|move|p1a: Iron Crown|Focus Blast|p2a: Primarina
|-supereffective|p2a: Primarina
|-crit|p2a: Primarina
|-damage|p2a: Primarina|0 fnt
|faint|p2a: Primarina
|
|upkeep
|
|t:|1769407781
|switch|p2a: Dragapult|Dragapult, M, shiny|100/100
|turn|17
|
|t:|1769407784
|move|p1a: Iron Crown|Tachyon Cutter|p2a: Dragapult
|-damage|p2a: Dragapult|38/100
|-damage|p2a: Dragapult|0 fnt
|faint|p2a: Dragapult
|-hitcount|p2: Dragapult|2
|
|upkeep
|-message|agent strike forfeited.
|
|win|jsnsddk
|raw|jsnsddk's rating: 1592 &rarr; <strong>1613</strong><br />(+21 for winning)
|raw|agent strike's rating: 1611 &rarr; <strong>1590</strong><br />(-21 for losing)
|l|☆agent strike
|player|p2|
