|j|☆pokemon prefect
|j|☆agent strike
|t:|1769407376
|gametype|singles
|player|p1|pokemon prefect|169|1480
|player|p2|agent strike|policeman-gen4|1597
|gen|9
|tier|[Gen 9] OU
|rated|
|rule|HP Percentage Mod: HP is shown in percentages
|rule|Endless Battle Clause: Forcing endless battles is banned
|rule|Species Clause: Limit one of each Pokémon
|rule|OHKO Clause: OHKO moves are banned
|rule|Evasion Items Clause: Evasion items are banned
|rule|Evasion Moves Clause: Evasion moves are banned
|rule|Evasion Abilities Clause: Evasion abilities are banned
|rule|Sleep Moves Clause: Sleep-inducing moves are banned
|clearpoke
|poke|p1|Iron Hands|
|poke|p1|Ursaluna, F|
|poke|p1|Kingambit, F|
|poke|p1|Porygon2|
|poke|p1|Cresselia, F|
|poke|p1|Hatterene, F|
|poke|p2|Great Tusk|
|poke|p2|Kingambit, M|
|poke|p2|Moltres|
|poke|p2|Dragapult, M|
|poke|p2|Primarina, M|
|poke|p2|Meowscarada, M|
|teampreview
|inactive|Battle timer is ON: inactive players will automatically lose when time's up. (requested by agent strike)
|
|t:|1769407395
|teamsize|p1|6
|teamsize|p2|6
|start
|switch|p1a: Porygon2|Porygon2|100/100
|switch|p2a: Dragapult|Dragapult, M, shiny|100/100
|-ability|p1a: Porygon2|Infiltrator|Trace|[from] ability: Trace|[of] p2a: Dragapult
|turn|1
|
|t:|1769407398
|move|p2a: Dragapult|U-turn|p1a: Porygon2
|-damage|p1a: Porygon2|92/100
|
|t:|1769407401
|switch|p2a: Great Tusk|Great Tusk|100/100|[from] U-turn
|move|p1a: Porygon2|Trick Room|p1a: Porygon2
|-fieldstart|move: Trick Room|[of] p1a: Porygon2
|
|upkeep
|turn|2
|
|t:|1769407416
|switch|p1a: Hatterene|Hatterene, F|100/100
|-end|p2a: Great Tusk|Protosynthesis|[silent]
|switch|p2a: Moltres|Moltres|100/100
|
|upkeep
|turn|3
|
|t:|1769407440
|move|p1a: Hatterene|Healing Wish|p1a: Hatterene
|faint|p1a: Hatterene
|move|p2a: Moltres|Hurricane|p1: Hatterene|[notarget]
|-fail|p2a: Moltres
|
|upkeep
|
|t:|1769407444
|switch|p1a: Iron Hands|Iron Hands|100/100
|-enditem|p1a: Iron Hands|Booster Energy
|-activate|p1a: Iron Hands|ability: Quark Drive|[fromitem]
|-start|p1a: Iron Hands|quarkdriveatk
|turn|4
|
|t:|1769407459
|move|p1a: Iron Hands|Swords Dance|p1a: Iron Hands
|-boost|p1a: Iron Hands|atk|2
|move|p2a: Moltres|Hurricane|p1a: Iron Hands|[miss]
|-miss|p2a: Moltres|p1a: Iron Hands
|
|upkeep
|turn|5
|
|t:|1769407465
|switch|p2a: Great Tusk|Great Tusk|100/100
|move|p1a: Iron Hands|Thunder Punch|p2a: Great Tusk
|-immune|p2a: Great Tusk
|
|-fieldend|move: Trick Room
|upkeep
|turn|6
|
|t:|1769407469
|-terastallize|p1a: Iron Hands|Flying
|move|p2a: Great Tusk|Earthquake|p1a: Iron Hands
|-immune|p1a: Iron Hands
|move|p1a: Iron Hands|Ice Punch|p2a: Great Tusk
|-supereffective|p2a: Great Tusk
|-damage|p2a: Great Tusk|22/100
|
|-heal|p2a: Great Tusk|28/100|[from] item: Leftovers
|upkeep
|turn|7
|
|t:|1769407475
|move|p2a: Great Tusk|Stealth Rock|p1a: Iron Hands
|-sidestart|p1: pokemon prefect|move: Stealth Rock
|move|p1a: Iron Hands|Drain Punch|p2a: Great Tusk
|-damage|p2a: Great Tusk|0 fnt
|faint|p2a: Great Tusk
|-end|p2a: Great Tusk|Protosynthesis|[silent]
|
|upkeep
|
|t:|1769407479
|switch|p2a: Meowscarada|Meowscarada, M|100/100
|turn|8
|
|t:|1769407488
|move|p2a: Meowscarada|Triple Axel|p1a: Iron Hands
|-start|p2a: Meowscarada|typechange|Ice|[from] ability: Protean
|-supereffective|p1a: Iron Hands
|-damage|p1a: Iron Hands|88/100
|-supereffective|p1a: Iron Hands
|-damage|p1a: Iron Hands|63/100
|-supereffective|p1a: Iron Hands
|-damage|p1a: Iron Hands|24/100
|-hitcount|p1a: Iron Hands|3
|move|p1a: Iron Hands|Drain Punch|p2a: Meowscarada
|-supereffective|p2a: Meowscarada
|-damage|p2a: Meowscarada|0 fnt
|-heal|p1a: Iron Hands|57/100|[from] drain|[of] p2a: Meowscarada
|faint|p2a: Meowscarada
|
|upkeep
|
|t:|1769407499
|switch|p2a: Dragapult|Dragapult, M, shiny|100/100
|turn|9
|
|t:|1769407506
|-end|p1a: Iron Hands|Quark Drive|[silent]
|switch|p1a: Porygon2|Porygon2|92/100
|-heal|p1a: Porygon2|100/100|[from] move: Healing Wish
|-damage|p1a: Porygon2|88/100|[from] Stealth Rock
|-ability|p1a: Porygon2|Infiltrator|Trace|[from] ability: Trace|[of] p2a: Dragapult
|-terastallize|p2a: Dragapult|Ghost
|move|p2a: Dragapult|Shadow Ball|p1a: Porygon2
|-immune|p1a: Porygon2
|
|upkeep
|turn|10
|
|t:|1769407510
|switch|p2a: Primarina|Primarina, M|100/100
|move|p1a: Porygon2|Trick Room|p1a: Porygon2
|-fieldstart|move: Trick Room|[of] p1a: Porygon2
|
|upkeep
|turn|11
|
|t:|1769407518
|move|p1a: Porygon2|Tri Attack|p2a: Primarina
|-damage|p2a: Primarina|77/100
|-status|p2a: Primarina|frz
|-curestatus|p2a: Primarina|frz|[msg]
|move|p2a: Primarina|Substitute|p2a: Primarina
|-start|p2a: Primarina|Substitute
|-damage|p2a: Primarina|52/100
|
|-heal|p2a: Primarina|58/100|[from] item: Leftovers
|upkeep
|turn|12
|
|t:|1769407523
|move|p1a: Porygon2|Tri Attack|p2a: Primarina
|-damage|p2a: Primarina|36/100
|-status|p2a: Primarina|brn
|move|p2a: Primarina|Calm Mind|p2a: Primarina
|-boost|p2a: Primarina|spa|1
|-boost|p2a: Primarina|spd|1
|
|-heal|p2a: Primarina|42/100 brn|[from] item: Leftovers
|-damage|p2a: Primarina|36/100 brn|[from] brn
|upkeep
|turn|13
|
|t:|1769407534
|move|p1a: Porygon2|Tri Attack|p2a: Primarina
|-damage|p2a: Primarina|20/100 brn
|move|p2a: Primarina|Draining Kiss|p1a: Porygon2
|-crit|p1a: Porygon2
|-damage|p1a: Porygon2|56/100
|-heal|p2a: Primarina|45/100 brn|[from] drain|[of] p1a: Porygon2
|
|-heal|p2a: Primarina|51/100 brn|[from] item: Leftovers
|-damage|p2a: Primarina|45/100 brn|[from] brn
|upkeep
|turn|14
|
|t:|1769407548
|move|p1a: Porygon2|Tri Attack|p2a: Primarina
|-damage|p2a: Primarina|29/100 brn
|move|p2a: Primarina|Draining Kiss|p1a: Porygon2
|-crit|p1a: Porygon2
|-damage|p1a: Porygon2|26/100
|-heal|p2a: Primarina|52/100 brn|[from] drain|[of] p1a: Porygon2
|
|-heal|p2a: Primarina|58/100 brn|[from] item: Leftovers
|-damage|p2a: Primarina|52/100 brn|[from] brn
|-fieldend|move: Trick Room
|upkeep
|turn|15
|
|t:|1769407552
|move|p2a: Primarina|Draining Kiss|p1a: Porygon2
|-damage|p1a: Porygon2|6/100
|-heal|p2a: Primarina|68/100 brn|[from] drain|[of] p1a: Porygon2
|move|p1a: Porygon2|Trick Room|p1a: Porygon2
|-fieldstart|move: Trick Room|[of] p1a: Porygon2
|
|-heal|p2a: Primarina|74/100 brn|[from] item: Leftovers
|-damage|p2a: Primarina|68/100 brn|[from] brn
|upkeep
|turn|16
|
|t:|1769407556
|move|p1a: Porygon2|Recover|p1a: Porygon2
|-heal|p1a: Porygon2|56/100
|move|p2a: Primarina|Draining Kiss|p1a: Porygon2
|-damage|p1a: Porygon2|37/100
|-heal|p2a: Primarina|82/100 brn|[from] drain|[of] p1a: Porygon2
|
|-heal|p2a: Primarina|88/100 brn|[from] item: Leftovers
|-damage|p2a: Primarina|82/100 brn|[from] brn
|upkeep
|turn|17
|
|t:|1769407562
|move|p1a: Porygon2|Recover|p1a: Porygon2
|-heal|p1a: Porygon2|87/100
|move|p2a: Primarina|Calm Mind|p2a: Primarina
|-boost|p2a: Primarina|spa|1
|-boost|p2a: Primarina|spd|1
|
|-heal|p2a: Primarina|88/100 brn|[from] item: Leftovers
|-damage|p2a: Primarina|82/100 brn|[from] brn
|upkeep
|turn|18
|
|t:|1769407585
|move|p1a: Porygon2|Tri Attack|p2a: Primarina
|-damage|p2a: Primarina|70/100 brn
|move|p2a: Primarina|Calm Mind|p2a: Primarina
|-boost|p2a: Primarina|spa|1
|-boost|p2a: Primarina|spd|1
|
|-heal|p2a: Primarina|76/100 brn|[from] item: Leftovers
|-damage|p2a: Primarina|70/100 brn|[from] brn
|upkeep
|turn|19
|
|t:|1769407588
|switch|p1a: Iron Hands|Iron Hands, tera:Flying|57/100
|-damage|p1a: Iron Hands|32/100|[from] Stealth Rock
|move|p2a: Primarina|Draining Kiss|p1a: Iron Hands
|-damage|p1a: Iron Hands|0 fnt
|-heal|p2a: Primarina|99/100 brn|[from] drain|[of] p1a: Iron Hands
|faint|p1a: Iron Hands
|-end|p1a: Iron Hands|Quark Drive|[silent]
|
|-heal|p2a: Primarina|100/100 brn|[from] item: Leftovers
|-damage|p2a: Primarina|94/100 brn|[from] brn
|-fieldend|move: Trick Room
|upkeep
|-message|pokemon prefect forfeited.
|
|win|agent strike
|raw|pokemon prefect's rating: 1480 &rarr; <strong>1466</strong><br />(-14 for losing)
|raw|agent strike's rating: 1597 &rarr; <strong>1611</strong><br />(+14 for winning)
|l|☆pokemon prefect
|player|p1|
|l|☆agent strike
|player|p2|
