|j|☆Trin2345
|j|☆Braxman777
|t:|1769352483
|gametype|singles
|player|p1|Trin2345|170|
|player|p2|Braxman777|1|
|gen|9
|tier|[Gen 9] OU
|rule|HP Percentage Mod: HP is shown in percentages
|rule|Endless Battle Clause: Forcing endless battles is banned
|rule|Species Clause: Limit one of each Pokémon
|rule|OHKO Clause: OHKO moves are banned
|rule|Evasion Items Clause: Evasion items are banned
|rule|Evasion Moves Clause: Evasion moves are banned
|rule|Evasion Abilities Clause: Evasion abilities are banned
|rule|Sleep Moves Clause: Sleep-inducing moves are banned
|clearpoke
|poke|p1|Dragapult, M|
|poke|p1|Goodra-Hisui, M|
|poke|p1|Gyarados, F|
|poke|p1|Indeedee-F, F|
|poke|p1|Hawlucha, M|
|poke|p1|Excadrill, M|
|poke|p2|Kingambit, M|
|poke|p2|Milotic, F|
|poke|p2|Garchomp, F|
|poke|p2|Tinkaton, F|
|poke|p2|Zoroark-Hisui, M|
|poke|p2|Ogerpon-Wellspring, F|
|teampreview
|
|t:|1769352513
|teamsize|p1|6
|teamsize|p2|6
|start
|switch|p1a: Excadrill|Excadrill, M|100/100
|switch|p2a: Milotic|Milotic, F|100/100
|-ability|p1a: Excadrill|Mold Breaker
|turn|1
|
|t:|1769352527
|-singleturn|p2a: Milotic|move: Focus Punch
|move|p1a: Excadrill|Stealth Rock|p2a: Milotic
|-sidestart|p2: Braxman777|move: Stealth Rock
|move|p2a: Milotic|Focus Punch|p1a: Excadrill
|-supereffective|p1a: Excadrill
|-enditem|p1a: Excadrill|Focus Sash
|-damage|p1a: Excadrill|1/100
|
|upkeep
|turn|2
|
|t:|1769352546
|move|p2a: Milotic|Low Kick|p1a: Excadrill
|-supereffective|p1a: Excadrill
|-damage|p1a: Excadrill|0 fnt
|faint|p1a: Excadrill
|
|upkeep
|
|t:|1769352563
|switch|p1a: Goodra|Goodra-Hisui, M|100/100
|turn|3
|
|t:|1769352577
|-singleturn|p2a: Milotic|move: Focus Punch
|move|p1a: Goodra|Body Press|p2a: Milotic
|-immune|p2a: Milotic
|move|p2a: Milotic|Focus Punch|p1a: Goodra
|-supereffective|p1a: Goodra
|-damage|p1a: Goodra|29/100
|-ability|p1a: Goodra|Gooey
|-unboost|p2a: Milotic|spe|1
|
|upkeep
|turn|4
|
|t:|1769352591
|-singleturn|p2a: Milotic|move: Focus Punch
|move|p1a: Goodra|Knock Off|p2a: Milotic
|-supereffective|p2a: Milotic
|-damage|p2a: Milotic|2/100
|replace|p2a: Zoroark|Zoroark-Hisui, M
|-end|p2a: Zoroark|Illusion
|-enditem|p2a: Zoroark|Heavy-Duty Boots|[from] move: Knock Off|[of] p1a: Goodra
|cant|p2a: Zoroark|Focus Punch|Focus Punch
|
|upkeep
|turn|5
|
|t:|1769352605
|move|p2a: Zoroark|Low Kick|p1a: Goodra
|-supereffective|p1a: Goodra
|-damage|p1a: Goodra|0 fnt
|-ability|p1a: Goodra|Gooey
|-unboost|p2a: Zoroark|spe|1
|faint|p1a: Goodra
|
|upkeep
|
|t:|1769352614
|switch|p1a: Dragapult|Dragapult, M|100/100
|turn|6
|
|t:|1769352627
|move|p1a: Dragapult|Flamethrower|p2a: Zoroark
|-damage|p2a: Zoroark|0 fnt
|faint|p2a: Zoroark
|-damage|p1a: Dragapult|91/100|[from] item: Life Orb
|
|upkeep
|
|t:|1769352655
|switch|p2a: Garchomp|Garchomp, F|100/100
|-damage|p2a: Garchomp|94/100|[from] Stealth Rock
|turn|7
|
|t:|1769352660
|move|p1a: Dragapult|Draco Meteor|p2a: Garchomp
|-supereffective|p2a: Garchomp
|-damage|p2a: Garchomp|0 fnt
|-unboost|p1a: Dragapult|spa|2
|faint|p2a: Garchomp
|-damage|p1a: Dragapult|81/100|[from] item: Life Orb
|
|upkeep
|
|t:|1769352682
|switch|p2a: Milotic|Milotic, F|100/100
|-damage|p2a: Milotic|88/100|[from] Stealth Rock
|turn|8
|
|t:|1769352717
|move|p1a: Dragapult|Thunderbolt|p2a: Milotic
|-supereffective|p2a: Milotic
|-damage|p2a: Milotic|71/100
|-damage|p1a: Dragapult|71/100|[from] item: Life Orb
|move|p2a: Milotic|Flip Turn|p1a: Dragapult
|-resisted|p1a: Dragapult
|-damage|p1a: Dragapult|59/100
|
|t:|1769352727
|switch|p2a: Tinkaton|Tinkaton, F|100/100|[from] Flip Turn
|-damage|p2a: Tinkaton|94/100|[from] Stealth Rock
|-ability|p2a: Tinkaton|Mold Breaker
|
|upkeep
|turn|9
|
|t:|1769352736
|move|p1a: Dragapult|Flamethrower|p2a: Tinkaton
|-supereffective|p2a: Tinkaton
|-damage|p2a: Tinkaton|51/100
|-damage|p1a: Dragapult|49/100|[from] item: Life Orb
|move|p2a: Tinkaton|Gigaton Hammer|p1a: Dragapult
|-damage|p1a: Dragapult|0 fnt
|faint|p1a: Dragapult
|
|upkeep
|
|t:|1769352745
|switch|p1a: Indeedee|Indeedee-F, F|100/100
|-fieldstart|move: Psychic Terrain|[from] ability: Psychic Surge|[of] p1a: Indeedee
|turn|10
|
|t:|1769352755
|move|p2a: Tinkaton|Play Rough|p1a: Indeedee
|-damage|p1a: Indeedee|68/100
|move|p1a: Indeedee|Reflect|p1a: Indeedee
|-sidestart|p1: Trin2345|Reflect
|
|upkeep
|turn|11
|
|t:|1769352762
|move|p2a: Tinkaton|Encore|p1a: Indeedee
|-start|p1a: Indeedee|Encore
|move|p1a: Indeedee|Reflect||[still]
|-fail|p1a: Indeedee
|
|upkeep
|turn|12
|
|t:|1769352774
|switch|p1a: Gyarados|Gyarados, F, shiny|100/100
|move|p2a: Tinkaton|Gigaton Hammer|p1a: Gyarados
|-resisted|p1a: Gyarados
|-damage|p1a: Gyarados|84/100
|
|upkeep
|turn|13
|
|t:|1769352783
|move|p2a: Tinkaton|Play Rough|p1a: Gyarados
|-damage|p1a: Gyarados|65/100
|move|p1a: Gyarados|Dragon Dance|p1a: Gyarados
|-boost|p1a: Gyarados|atk|1
|-boost|p1a: Gyarados|spe|1
|
|upkeep
|turn|14
|
|t:|1769352792
|-terastallize|p1a: Gyarados|Electric
|move|p1a: Gyarados|Tera Blast|p2a: Tinkaton|[anim] Tera Blast Electric
|-damage|p2a: Tinkaton|0 fnt
|faint|p2a: Tinkaton
|-ability|p1a: Gyarados|Moxie|boost
|-boost|p1a: Gyarados|atk|1
|
|-sideend|p1: Trin2345|Reflect
|upkeep
|
|t:|1769352817
|switch|p2a: Milotic|Milotic, F|71/100
|-damage|p2a: Milotic|58/100|[from] Stealth Rock
|turn|15
|
|t:|1769352823
|move|p1a: Gyarados|Tera Blast|p2a: Milotic|[anim] Tera Blast Electric
|-supereffective|p2a: Milotic
|-crit|p2a: Milotic
|-damage|p2a: Milotic|0 fnt
|faint|p2a: Milotic
|-ability|p1a: Gyarados|Moxie|boost
|-boost|p1a: Gyarados|atk|1
|
|upkeep
|
|t:|1769352835
|switch|p2a: Ogerpon|Ogerpon-Wellspring, F|100/100
|-damage|p2a: Ogerpon|88/100|[from] Stealth Rock
|turn|16
|
|t:|1769352840
|move|p1a: Gyarados|Tera Blast|p2a: Ogerpon|[anim] Tera Blast Electric
|-damage|p2a: Ogerpon|0 fnt
|faint|p2a: Ogerpon
|-ability|p1a: Gyarados|Moxie|boost
|-boost|p1a: Gyarados|atk|1
|
|upkeep
|
|t:|1769352847
|switch|p2a: Kingambit|Kingambit, M|100/100
|-damage|p2a: Kingambit|94/100|[from] Stealth Rock
|-activate|p2a: Kingambit|ability: Supreme Overlord
|-start|p2a: Kingambit|fallen5|[silent]
|turn|17
|
|t:|1769352855
|move|p2a: Kingambit|Sucker Punch|p1a: Gyarados
|-activate|p1a: Gyarados|move: Psychic Terrain
|move|p1a: Gyarados|Earthquake|p2a: Kingambit
|-supereffective|p2a: Kingambit
|-damage|p2a: Kingambit|0 fnt
|faint|p2a: Kingambit
|-end|p2a: Kingambit|fallen5|[silent]
|
|win|Trin2345
