|j|☆d13g0 m.
|j|☆Tryphone
|t:|1769439136
|gametype|singles
|player|p1|d13g0 m.|101|1138
|player|p2|Tryphone|gambler|1184
|gen|9
|tier|[Gen 9] OU
|rated|
|rule|HP Percentage Mod: HP is shown in percentages
|rule|Endless Battle Clause: Forcing endless battles is banned
|rule|Species Clause: Limit one of each Pokémon
|rule|OHKO Clause: OHKO moves are banned
|rule|Evasion Items Clause: Evasion items are banned
|rule|Evasion Moves Clause: Evasion moves are banned
|rule|Evasion Abilities Clause: Evasion abilities are banned
|rule|Sleep Moves Clause: Sleep-inducing moves are banned
|clearpoke
|poke|p1|Dragapult, F|
|poke|p1|Meowstic, M|
|poke|p1|Bisharp, F|
|poke|p1|Ninetales-Alola, F|
|poke|p1|Glastrier|
|poke|p1|Dondozo, M|
|poke|p2|Pecharunt|
|poke|p2|Mabosstiff, F|
|poke|p2|Volcanion|
|poke|p2|Iron Valiant|
|poke|p2|Landorus-Therian, M|
|poke|p2|Deoxys-Speed|
|teampreview
|inactive|Battle timer is ON: inactive players will automatically lose when time's up. (requested by Tryphone)
|
|t:|1769439141
|teamsize|p1|6
|teamsize|p2|6
|start
|switch|p1a: Ninetales|Ninetales-Alola, F|100/100
|switch|p2a: Deoxys|Deoxys-Speed|100/100
|-ability|p2a: Deoxys|Pressure
|-weather|Snowscape|[from] ability: Snow Warning|[of] p1a: Ninetales
|turn|1
|
|t:|1769439149
|move|p2a: Deoxys|Knock Off|p1a: Ninetales
|-resisted|p1a: Ninetales
|-damage|p1a: Ninetales|91/100
|-enditem|p1a: Ninetales|Light Clay|[from] move: Knock Off|[of] p2a: Deoxys
|move|p1a: Ninetales|Aurora Veil|p1a: Ninetales
|-sidestart|p1: d13g0 m.|move: Aurora Veil
|
|-weather|Snowscape|[upkeep]
|upkeep
|turn|2
|
|t:|1769439157
|move|p2a: Deoxys|Spikes|p1a: Ninetales
|-sidestart|p1: d13g0 m.|Spikes
|move|p1a: Ninetales|Blizzard|p2a: Deoxys
|-damage|p2a: Deoxys|48/100
|
|-weather|Snowscape|[upkeep]
|upkeep
|turn|3
|
|t:|1769439166
|move|p2a: Deoxys|Spikes|p1a: Ninetales
|-sidestart|p1: d13g0 m.|Spikes
|move|p1a: Ninetales|Blizzard|p2a: Deoxys
|-damage|p2a: Deoxys|0 fnt
|faint|p2a: Deoxys
|
|-weather|Snowscape|[upkeep]
|upkeep
|
|t:|1769439174
|switch|p2a: Pecharunt|Pecharunt|100/100
|turn|4
|
|t:|1769439189
|switch|p2a: Landorus|Landorus-Therian, M|100/100
|-ability|p2a: Landorus|Intimidate|boost
|-unboost|p1a: Ninetales|atk|1
|-terastallize|p1a: Ninetales|Ice
|move|p1a: Ninetales|Blizzard|p2a: Landorus
|-supereffective|p2a: Landorus
|-damage|p2a: Landorus|0 fnt
|faint|p2a: Landorus
|
|-weather|Snowscape|[upkeep]
|upkeep
|
|t:|1769439199
|switch|p2a: Iron Valiant|Iron Valiant|100/100
|-enditem|p2a: Iron Valiant|Booster Energy
|-activate|p2a: Iron Valiant|ability: Quark Drive|[fromitem]
|-start|p2a: Iron Valiant|quarkdrivespe
|turn|5
|
|t:|1769439215
|switch|p1a: Meowstic|Meowstic, M|100/100
|-damage|p1a: Meowstic|84/100|[from] Spikes
|move|p2a: Iron Valiant|Close Combat|p1a: Meowstic
|-resisted|p1a: Meowstic
|-damage|p1a: Meowstic|66/100
|-unboost|p2a: Iron Valiant|def|1
|-unboost|p2a: Iron Valiant|spd|1
|
|-weather|none
|-sideend|p1: d13g0 m.|move: Aurora Veil
|upkeep
|turn|6
|
|t:|1769439234
|move|p1a: Meowstic|Thunder Wave|p2a: Iron Valiant
|-status|p2a: Iron Valiant|par
|move|p2a: Iron Valiant|Knock Off|p1a: Meowstic
|-supereffective|p1a: Meowstic
|-damage|p1a: Meowstic|0 fnt
|-enditem|p1a: Meowstic|Focus Sash|[from] move: Knock Off|[of] p2a: Iron Valiant
|faint|p1a: Meowstic
|
|upkeep
|inactive|d13g0 m. has 120 seconds left.
|
|t:|1769439253
|switch|p1a: Dragapult|Dragapult, F, shiny|100/100
|-damage|p1a: Dragapult|84/100|[from] Spikes
|turn|7
|
|t:|1769439259
|move|p1a: Dragapult|Shadow Ball|p2a: Iron Valiant
|-damage|p2a: Iron Valiant|0 fnt
|faint|p2a: Iron Valiant
|-end|p2a: Iron Valiant|Quark Drive|[silent]
|
|upkeep
|
|t:|1769439264
|switch|p2a: Mabosstiff|Mabosstiff, F, shiny|100/100
|-ability|p2a: Mabosstiff|Intimidate|boost
|-unboost|p1a: Dragapult|atk|1
|turn|8
|
|t:|1769439274
|switch|p1a: Ninetales|Ninetales-Alola, F, tera:Ice|91/100
|-damage|p1a: Ninetales|74/100|[from] Spikes
|-weather|Snowscape|[from] ability: Snow Warning|[of] p1a: Ninetales
|move|p2a: Mabosstiff|Jaw Lock|p1a: Ninetales
|-damage|p1a: Ninetales|42/100
|-activate|p2a: Mabosstiff|trapped
|-activate|p1a: Ninetales|trapped
|
|-weather|Snowscape|[upkeep]
|upkeep
|turn|9
|
|t:|1769439284
|-terastallize|p2a: Mabosstiff|Bug
|move|p1a: Ninetales|Aurora Veil|p1a: Ninetales
|-sidestart|p1: d13g0 m.|move: Aurora Veil
|move|p2a: Mabosstiff|Trailblaze|p1a: Ninetales
|-damage|p1a: Ninetales|35/100
|-boost|p2a: Mabosstiff|spe|1
|
|-weather|Snowscape|[upkeep]
|upkeep
|turn|10
|
|t:|1769439292
|move|p1a: Ninetales|Blizzard|p2a: Mabosstiff
|-damage|p2a: Mabosstiff|47/100
|move|p2a: Mabosstiff|Trailblaze|p1a: Ninetales
|-damage|p1a: Ninetales|28/100
|-boost|p2a: Mabosstiff|spe|1
|
|-weather|Snowscape|[upkeep]
|upkeep
|turn|11
|
|t:|1769439304
|move|p2a: Mabosstiff|Jaw Lock|p1a: Ninetales
|-damage|p1a: Ninetales|12/100
|move|p1a: Ninetales|Blizzard|p2a: Mabosstiff
|-damage|p2a: Mabosstiff|0 fnt
|faint|p2a: Mabosstiff
|
|-weather|Snowscape|[upkeep]
|upkeep
|-message|Tryphone forfeited.
|
|win|d13g0 m.
|raw|d13g0 m.'s rating: 1138 &rarr; <strong>1166</strong><br />(+28 for winning)
|raw|Tryphone's rating: 1184 &rarr; <strong>1156</strong><br />(-28 for losing)
|l|☆Tryphone
|player|p2|
