|j|☆ohlookarock3
|j|☆furkanbolukbasi
|t:|1769355566
|gametype|singles
|player|p1|ohlookarock3|geeta|1625
|player|p2|furkanbolukbasi|xerosic|1705
|gen|9
|tier|[Gen 9] OU
|rated|
|rule|HP Percentage Mod: HP is shown in percentages
|rule|Endless Battle Clause: Forcing endless battles is banned
|rule|Species Clause: Limit one of each Pokémon
|rule|OHKO Clause: OHKO moves are banned
|rule|Evasion Items Clause: Evasion items are banned
|rule|Evasion Moves Clause: Evasion moves are banned
|rule|Evasion Abilities Clause: Evasion abilities are banned
|rule|Sleep Moves Clause: Sleep-inducing moves are banned
|clearpoke
|poke|p1|Hatterene, F|
|poke|p1|Iron Treads|
|poke|p1|Ceruledge, F|
|poke|p1|Ting-Lu|
|poke|p1|Dragonite, F|
|poke|p1|Kyurem|
|poke|p2|Pecharunt|
|poke|p2|Mabosstiff, M|
|poke|p2|Volcanion|
|poke|p2|Iron Valiant|
|poke|p2|Landorus-Therian, M|
|poke|p2|Deoxys-Speed|
|teampreview
|inactive|Battle timer is ON: inactive players will automatically lose when time's up. (requested by ohlookarock3)
|
|t:|1769355571
|teamsize|p1|6
|teamsize|p2|6
|start
|switch|p1a: Ting-Lu|Ting-Lu|100/100
|switch|p2a: Deoxys|Deoxys-Speed|100/100
|-ability|p2a: Deoxys|Pressure
|-ability|p1a: Ting-Lu|Vessel of Ruin
|turn|1
|
|t:|1769355584
|switch|p1a: Hatterene|Hatterene, F|100/100
|move|p2a: Deoxys|Knock Off|p1a: Hatterene
|-damage|p1a: Hatterene|77/100
|-enditem|p1a: Hatterene|Assault Vest|[from] move: Knock Off|[of] p2a: Deoxys
|
|upkeep
|turn|2
|
|t:|1769355592
|switch|p2a: Landorus|Landorus-Therian, M|100/100
|-ability|p2a: Landorus|Intimidate|boost
|-unboost|p1a: Hatterene|atk|1
|move|p1a: Hatterene|Nuzzle|p2a: Landorus
|-immune|p2a: Landorus
|
|upkeep
|turn|3
|
|t:|1769355596
|switch|p1a: Ting-Lu|Ting-Lu|100/100
|-ability|p1a: Ting-Lu|Vessel of Ruin
|move|p2a: Landorus|Earthquake|p1a: Ting-Lu
|-damage|p1a: Ting-Lu|77/100
|
|-heal|p1a: Ting-Lu|83/100|[from] item: Leftovers
|upkeep
|turn|4
|
|t:|1769355599
|move|p2a: Landorus|Taunt|p1a: Ting-Lu
|-start|p1a: Ting-Lu|move: Taunt
|cant|p1a: Ting-Lu|move: Taunt|Stealth Rock
|
|-heal|p1a: Ting-Lu|89/100|[from] item: Leftovers
|upkeep
|turn|5
|
|t:|1769355601
|switch|p1a: Hatterene|Hatterene, F|77/100
|move|p2a: Landorus|Earthquake|p1a: Hatterene
|-damage|p1a: Hatterene|30/100
|
|upkeep
|turn|6
|
|t:|1769355603
|move|p2a: Landorus|Earthquake|p1a: Hatterene
|-damage|p1a: Hatterene|0 fnt
|faint|p1a: Hatterene
|
|upkeep
|
|t:|1769355607
|switch|p1a: Kyurem|Kyurem|100/100
|-ability|p1a: Kyurem|Pressure
|turn|7
|
|t:|1769355610
|move|p1a: Kyurem|Freeze-Dry|p2a: Landorus
|-supereffective|p2a: Landorus
|-damage|p2a: Landorus|0 fnt
|faint|p2a: Landorus
|
|upkeep
|
|t:|1769355613
|switch|p2a: Deoxys|Deoxys-Speed|100/100
|-ability|p2a: Deoxys|Pressure
|turn|8
|
|t:|1769355616
|switch|p1a: Ceruledge|Ceruledge, F|100/100
|move|p2a: Deoxys|Spikes|p1a: Ceruledge
|-sidestart|p1: ohlookarock3|Spikes
|
|upkeep
|turn|9
|
|t:|1769355644
|move|p2a: Deoxys|Spikes|p1a: Ceruledge
|-sidestart|p1: ohlookarock3|Spikes
|move|p1a: Ceruledge|Swords Dance|p1a: Ceruledge
|-boost|p1a: Ceruledge|atk|2
|
|upkeep
|turn|10
|
|t:|1769355648
|move|p1a: Ceruledge|Shadow Sneak|p2a: Deoxys
|-supereffective|p2a: Deoxys
|-damage|p2a: Deoxys|0 fnt
|faint|p2a: Deoxys
|
|upkeep
|
|t:|1769355657
|switch|p2a: Volcanion|Volcanion|100/100
|turn|11
|
|t:|1769355664
|move|p1a: Ceruledge|Close Combat|p2a: Volcanion
|-damage|p2a: Volcanion|39/100
|-unboost|p1a: Ceruledge|def|1
|-unboost|p1a: Ceruledge|spd|1
|move|p2a: Volcanion|Steam Eruption|p1a: Ceruledge
|-supereffective|p1a: Ceruledge
|-enditem|p1a: Ceruledge|Focus Sash
|-damage|p1a: Ceruledge|1/100
|
|-heal|p2a: Volcanion|45/100|[from] item: Leftovers
|upkeep
|turn|12
|
|t:|1769355674
|move|p1a: Ceruledge|Close Combat|p2a: Volcanion
|-damage|p2a: Volcanion|0 fnt
|-unboost|p1a: Ceruledge|def|1
|-unboost|p1a: Ceruledge|spd|1
|faint|p2a: Volcanion
|
|upkeep
|
|t:|1769355677
|switch|p2a: Pecharunt|Pecharunt|100/100
|turn|13
|
|t:|1769355680
|move|p2a: Pecharunt|Shadow Ball|p1a: Ceruledge
|-supereffective|p1a: Ceruledge
|-damage|p1a: Ceruledge|0 fnt
|faint|p1a: Ceruledge
|
|upkeep
|
|t:|1769355685
|switch|p1a: Ting-Lu|Ting-Lu|89/100
|-damage|p1a: Ting-Lu|73/100|[from] Spikes
|-ability|p1a: Ting-Lu|Vessel of Ruin
|turn|14
|
|t:|1769355690
|move|p2a: Pecharunt|Nasty Plot|p2a: Pecharunt
|-boost|p2a: Pecharunt|spa|2
|move|p1a: Ting-Lu|Ruination|p2a: Pecharunt|[miss]
|-miss|p1a: Ting-Lu|p2a: Pecharunt
|
|-heal|p1a: Ting-Lu|79/100|[from] item: Leftovers
|upkeep
|turn|15
|
|t:|1769355694
|move|p2a: Pecharunt|Malignant Chain|p1a: Ting-Lu
|-resisted|p1a: Ting-Lu
|-damage|p1a: Ting-Lu|61/100
|move|p1a: Ting-Lu|Whirlwind|p2a: Pecharunt
|drag|p2a: Mabosstiff|Mabosstiff, M|100/100
|-ability|p2a: Mabosstiff|Intimidate|boost
|-unboost|p1a: Ting-Lu|atk|1
|
|-heal|p1a: Ting-Lu|67/100|[from] item: Leftovers
|upkeep
|turn|16
|
|t:|1769355701
|switch|p2a: Iron Valiant|Iron Valiant|100/100
|-enditem|p2a: Iron Valiant|Booster Energy
|-activate|p2a: Iron Valiant|ability: Quark Drive|[fromitem]
|-start|p2a: Iron Valiant|quarkdrivespe
|move|p1a: Ting-Lu|Ruination|p2a: Iron Valiant
|-damage|p2a: Iron Valiant|51/100
|
|-heal|p1a: Ting-Lu|73/100|[from] item: Leftovers
|upkeep
|turn|17
|
|t:|1769355705
|move|p2a: Iron Valiant|Close Combat|p1a: Ting-Lu
|-supereffective|p1a: Ting-Lu
|-damage|p1a: Ting-Lu|10/100
|-unboost|p2a: Iron Valiant|def|1
|-unboost|p2a: Iron Valiant|spd|1
|move|p1a: Ting-Lu|Whirlwind|p2a: Iron Valiant
|-end|p2a: Iron Valiant|Quark Drive|[silent]
|drag|p2a: Mabosstiff|Mabosstiff, M|100/100
|-ability|p2a: Mabosstiff|Intimidate|boost
|-unboost|p1a: Ting-Lu|atk|1
|
|-heal|p1a: Ting-Lu|16/100|[from] item: Leftovers
|upkeep
|turn|18
|
|t:|1769355709
|switch|p2a: Iron Valiant|Iron Valiant|51/100
|move|p1a: Ting-Lu|Stealth Rock|p2a: Iron Valiant
|-sidestart|p2: furkanbolukbasi|move: Stealth Rock
|
|-heal|p1a: Ting-Lu|22/100|[from] item: Leftovers
|upkeep
|turn|19
|
|t:|1769355715
|move|p2a: Iron Valiant|Moonblast|p1a: Ting-Lu
|-supereffective|p1a: Ting-Lu
|-damage|p1a: Ting-Lu|0 fnt
|faint|p1a: Ting-Lu
|
|upkeep
|
|t:|1769355720
|switch|p1a: Iron Treads|Iron Treads|100/100
|-damage|p1a: Iron Treads|84/100|[from] Spikes
|turn|20
|
|t:|1769355722
|-end|p2a: Iron Valiant|Quark Drive|[silent]
|switch|p2a: Pecharunt|Pecharunt|100/100
|move|p1a: Iron Treads|Rapid Spin|p2a: Pecharunt
|-immune|p2a: Pecharunt
|
|-heal|p1a: Iron Treads|90/100|[from] item: Leftovers
|upkeep
|turn|21
|
|t:|1769355725
|move|p1a: Iron Treads|Knock Off|p2a: Pecharunt
|-supereffective|p2a: Pecharunt
|-damage|p2a: Pecharunt|61/100
|-enditem|p2a: Pecharunt|Heavy-Duty Boots|[from] move: Knock Off|[of] p1a: Iron Treads
|move|p2a: Pecharunt|Nasty Plot|p2a: Pecharunt
|-boost|p2a: Pecharunt|spa|2
|
|-heal|p1a: Iron Treads|96/100|[from] item: Leftovers
|upkeep
|turn|22
|
|t:|1769355728
|move|p1a: Iron Treads|Earthquake|p2a: Pecharunt
|-supereffective|p2a: Pecharunt
|-damage|p2a: Pecharunt|0 fnt
|faint|p2a: Pecharunt
|
|-heal|p1a: Iron Treads|100/100|[from] item: Leftovers
|upkeep
|
|t:|1769355731
|switch|p2a: Mabosstiff|Mabosstiff, M|100/100
|-damage|p2a: Mabosstiff|88/100|[from] Stealth Rock
|-ability|p2a: Mabosstiff|Intimidate|boost
|-unboost|p1a: Iron Treads|atk|1
|turn|23
|
|t:|1769355736
|move|p1a: Iron Treads|Rapid Spin|p2a: Mabosstiff
|-damage|p2a: Mabosstiff|76/100
|-boost|p1a: Iron Treads|spe|1
|-sideend|p1: ohlookarock3|Spikes|[from] move: Rapid Spin|[of] p1a: Iron Treads
|-enditem|p2a: Mabosstiff|Kee Berry|[eat]
|-boost|p2a: Mabosstiff|def|1|[from] item: Kee Berry
|move|p2a: Mabosstiff|Jaw Lock|p1a: Iron Treads
|-damage|p1a: Iron Treads|59/100
|-activate|p2a: Mabosstiff|trapped
|-activate|p1a: Iron Treads|trapped
|
|-heal|p1a: Iron Treads|65/100|[from] item: Leftovers
|upkeep
|turn|24
|
|t:|1769355745
|-terastallize|p2a: Mabosstiff|Bug
|move|p1a: Iron Treads|Earthquake|p2a: Mabosstiff
|-resisted|p2a: Mabosstiff
|-damage|p2a: Mabosstiff|64/100
|move|p2a: Mabosstiff|Hone Claws|p2a: Mabosstiff
|-boost|p2a: Mabosstiff|atk|1
|-boost|p2a: Mabosstiff|accuracy|1
|
|-heal|p1a: Iron Treads|72/100|[from] item: Leftovers
|upkeep
|turn|25
|
|t:|1769355749
|move|p1a: Iron Treads|Ice Spinner|p2a: Mabosstiff
|-damage|p2a: Mabosstiff|52/100
|move|p2a: Mabosstiff|Hone Claws|p2a: Mabosstiff
|-boost|p2a: Mabosstiff|atk|1
|-boost|p2a: Mabosstiff|accuracy|1
|
|-heal|p1a: Iron Treads|78/100|[from] item: Leftovers
|upkeep
|turn|26
|
|t:|1769355753
|move|p1a: Iron Treads|Ice Spinner|p2a: Mabosstiff
|-damage|p2a: Mabosstiff|41/100
|move|p2a: Mabosstiff|Trailblaze|p1a: Iron Treads
|-damage|p1a: Iron Treads|47/100
|-boost|p2a: Mabosstiff|spe|1
|
|-heal|p1a: Iron Treads|53/100|[from] item: Leftovers
|upkeep
|turn|27
|
|t:|1769355757
|move|p1a: Iron Treads|Ice Spinner|p2a: Mabosstiff
|-damage|p2a: Mabosstiff|29/100
|move|p2a: Mabosstiff|Rest|p2a: Mabosstiff
|-status|p2a: Mabosstiff|slp|[from] move: Rest
|-heal|p2a: Mabosstiff|100/100 slp|[silent]
|
|-heal|p1a: Iron Treads|60/100|[from] item: Leftovers
|upkeep
|turn|28
|
|t:|1769355764
|move|p1a: Iron Treads|Ice Spinner|p2a: Mabosstiff
|-damage|p2a: Mabosstiff|89/100 slp
|cant|p2a: Mabosstiff|slp
|
|-heal|p1a: Iron Treads|66/100|[from] item: Leftovers
|upkeep
|turn|29
|
|t:|1769355770
|move|p1a: Iron Treads|Ice Spinner|p2a: Mabosstiff
|-damage|p2a: Mabosstiff|76/100 slp
|cant|p2a: Mabosstiff|slp
|
|-heal|p1a: Iron Treads|72/100|[from] item: Leftovers
|upkeep
|turn|30
|
|t:|1769355774
|move|p1a: Iron Treads|Ice Spinner|p2a: Mabosstiff
|-damage|p2a: Mabosstiff|65/100 slp
|-curestatus|p2a: Mabosstiff|slp|[msg]
|move|p2a: Mabosstiff|Trailblaze|p1a: Iron Treads
|-damage|p1a: Iron Treads|41/100
|-boost|p2a: Mabosstiff|spe|1
|
|-heal|p1a: Iron Treads|47/100|[from] item: Leftovers
|upkeep
|turn|31
|
|t:|1769355778
|move|p1a: Iron Treads|Ice Spinner|p2a: Mabosstiff
|-damage|p2a: Mabosstiff|54/100
|move|p2a: Mabosstiff|Hone Claws|p2a: Mabosstiff
|-boost|p2a: Mabosstiff|atk|1
|-boost|p2a: Mabosstiff|accuracy|1
|
|-heal|p1a: Iron Treads|53/100|[from] item: Leftovers
|upkeep
|turn|32
|
|t:|1769355786
|move|p1a: Iron Treads|Ice Spinner|p2a: Mabosstiff
|-damage|p2a: Mabosstiff|42/100
|move|p2a: Mabosstiff|Rest|p2a: Mabosstiff
|-status|p2a: Mabosstiff|slp|[from] move: Rest
|-heal|p2a: Mabosstiff|100/100 slp|[silent]
|
|-heal|p1a: Iron Treads|59/100|[from] item: Leftovers
|upkeep
|turn|33
|
|t:|1769355790
|move|p1a: Iron Treads|Ice Spinner|p2a: Mabosstiff
|-damage|p2a: Mabosstiff|89/100 slp
|cant|p2a: Mabosstiff|slp
|
|-heal|p1a: Iron Treads|66/100|[from] item: Leftovers
|upkeep
|turn|34
|
|t:|1769355799
|move|p1a: Iron Treads|Ice Spinner|p2a: Mabosstiff
|-damage|p2a: Mabosstiff|77/100 slp
|cant|p2a: Mabosstiff|slp
|
|-heal|p1a: Iron Treads|72/100|[from] item: Leftovers
|upkeep
|turn|35
|
|t:|1769355802
|move|p1a: Iron Treads|Ice Spinner|p2a: Mabosstiff
|-damage|p2a: Mabosstiff|66/100 slp
|-curestatus|p2a: Mabosstiff|slp|[msg]
|move|p2a: Mabosstiff|Hone Claws|p2a: Mabosstiff
|-boost|p2a: Mabosstiff|atk|1
|-boost|p2a: Mabosstiff|accuracy|1
|
|-heal|p1a: Iron Treads|78/100|[from] item: Leftovers
|upkeep
|turn|36
|
|t:|1769355806
|move|p1a: Iron Treads|Ice Spinner|p2a: Mabosstiff
|-damage|p2a: Mabosstiff|54/100
|move|p2a: Mabosstiff|Hone Claws|p2a: Mabosstiff
|-boost|p2a: Mabosstiff|atk|1
|-boost|p2a: Mabosstiff|accuracy|1
|
|-heal|p1a: Iron Treads|84/100|[from] item: Leftovers
|upkeep
|turn|37
|
|t:|1769355811
|move|p1a: Iron Treads|Ice Spinner|p2a: Mabosstiff
|-damage|p2a: Mabosstiff|41/100
|move|p2a: Mabosstiff|Rest|p2a: Mabosstiff
|-status|p2a: Mabosstiff|slp|[from] move: Rest
|-heal|p2a: Mabosstiff|100/100 slp|[silent]
|
|-heal|p1a: Iron Treads|91/100|[from] item: Leftovers
|upkeep
|turn|38
|
|t:|1769355817
|move|p1a: Iron Treads|Ice Spinner|p2a: Mabosstiff
|-damage|p2a: Mabosstiff|88/100 slp
|cant|p2a: Mabosstiff|slp
|
|-heal|p1a: Iron Treads|97/100|[from] item: Leftovers
|upkeep
|turn|39
|
|t:|1769355823
|move|p1a: Iron Treads|Ice Spinner|p2a: Mabosstiff
|-damage|p2a: Mabosstiff|75/100 slp
|cant|p2a: Mabosstiff|slp
|
|-heal|p1a: Iron Treads|100/100|[from] item: Leftovers
|upkeep
|turn|40
|
|t:|1769355831
|move|p1a: Iron Treads|Ice Spinner|p2a: Mabosstiff
|-damage|p2a: Mabosstiff|64/100 slp
|-curestatus|p2a: Mabosstiff|slp|[msg]
|move|p2a: Mabosstiff|Hone Claws|p2a: Mabosstiff
|-boost|p2a: Mabosstiff|atk|1
|-boost|p2a: Mabosstiff|accuracy|1
|
|upkeep
|turn|41
|
|t:|1769355839
|move|p1a: Iron Treads|Ice Spinner|p2a: Mabosstiff
|-damage|p2a: Mabosstiff|51/100
|move|p2a: Mabosstiff|Rest|p2a: Mabosstiff
|-status|p2a: Mabosstiff|slp|[from] move: Rest
|-heal|p2a: Mabosstiff|100/100 slp|[silent]
|
|upkeep
|turn|42
|
|t:|1769355845
|move|p1a: Iron Treads|Ice Spinner|p2a: Mabosstiff
|-crit|p2a: Mabosstiff
|-damage|p2a: Mabosstiff|63/100 slp
|cant|p2a: Mabosstiff|slp
|
|upkeep
|turn|43
|
|t:|1769355848
|move|p1a: Iron Treads|Ice Spinner|p2a: Mabosstiff
|-damage|p2a: Mabosstiff|50/100 slp
|cant|p2a: Mabosstiff|slp
|
|upkeep
|turn|44
|
|t:|1769355852
|move|p1a: Iron Treads|Ice Spinner|p2a: Mabosstiff
|-damage|p2a: Mabosstiff|38/100 slp
|-curestatus|p2a: Mabosstiff|slp|[msg]
|move|p2a: Mabosstiff|Rest|p2a: Mabosstiff
|-status|p2a: Mabosstiff|slp|[from] move: Rest
|-heal|p2a: Mabosstiff|100/100 slp|[silent]
|
|upkeep
|turn|45
|
|t:|1769355856
|move|p1a: Iron Treads|Ice Spinner|p2a: Mabosstiff
|-damage|p2a: Mabosstiff|88/100 slp
|cant|p2a: Mabosstiff|slp
|
|upkeep
|turn|46
|
|t:|1769355861
|move|p1a: Iron Treads|Knock Off|p2a: Mabosstiff
|-damage|p2a: Mabosstiff|78/100 slp
|cant|p2a: Mabosstiff|slp
|
|upkeep
|turn|47
|
|t:|1769355863
|move|p1a: Iron Treads|Knock Off|p2a: Mabosstiff
|-damage|p2a: Mabosstiff|68/100 slp
|-curestatus|p2a: Mabosstiff|slp|[msg]
|move|p2a: Mabosstiff|Trailblaze|p1a: Iron Treads
|-damage|p1a: Iron Treads|35/100
|-boost|p2a: Mabosstiff|spe|1
|
|-heal|p1a: Iron Treads|42/100|[from] item: Leftovers
|upkeep
|turn|48
|
|t:|1769355867
|move|p2a: Mabosstiff|Trailblaze|p1a: Iron Treads
|-damage|p1a: Iron Treads|0 fnt
|-boost|p2a: Mabosstiff|spe|1
|faint|p1a: Iron Treads
|-end|p1a: Iron Treads|Quark Drive|[silent]
|
|upkeep
|
|t:|1769355869
|switch|p1a: Kyurem|Kyurem|100/100
|-ability|p1a: Kyurem|Pressure
|turn|49
|
|t:|1769355873
|move|p2a: Mabosstiff|Jaw Lock|p1a: Kyurem
|-damage|p1a: Kyurem|0 fnt
|faint|p1a: Kyurem
|
|upkeep
|
|t:|1769355875
|switch|p1a: Dragonite|Dragonite, F|100/100
|turn|50
|
|t:|1769355881
|-terastallize|p1a: Dragonite|Fairy
|move|p2a: Mabosstiff|Jaw Lock|p1a: Dragonite
|-resisted|p1a: Dragonite
|-damage|p1a: Dragonite|59/100
|-activate|p2a: Mabosstiff|trapped
|-activate|p1a: Dragonite|trapped
|move|p1a: Dragonite|Dragon Dance|p1a: Dragonite
|-boost|p1a: Dragonite|atk|1
|-boost|p1a: Dragonite|spe|1
|
|-heal|p1a: Dragonite|65/100|[from] item: Leftovers
|upkeep
|turn|51
|
|t:|1769355886
|move|p2a: Mabosstiff|Trailblaze|p1a: Dragonite
|-damage|p1a: Dragonite|0 fnt
|-boost|p2a: Mabosstiff|spe|1
|faint|p1a: Dragonite
|
|win|furkanbolukbasi
|raw|ohlookarock3's rating: 1625 &rarr; <strong>1610</strong><br />(-15 for losing)
|raw|furkanbolukbasi's rating: 1705 &rarr; <strong>1720</strong><br />(+15 for winning)
|l|☆ohlookarock3
|player|p1|
