|j|☆dfcgvbh
|j|☆Ar4shi_Off
|t:|1769424638
|gametype|singles
|player|p1|dfcgvbh|170|1306
|player|p2|Ar4shi_Off|acetrainer-gen4dp|1268
|gen|9
|tier|[Gen 9] OU
|rated|
|rule|HP Percentage Mod: HP is shown in percentages
|rule|Endless Battle Clause: Forcing endless battles is banned
|rule|Species Clause: Limit one of each Pokémon
|rule|OHKO Clause: OHKO moves are banned
|rule|Evasion Items Clause: Evasion items are banned
|rule|Evasion Moves Clause: Evasion moves are banned
|rule|Evasion Abilities Clause: Evasion abilities are banned
|rule|Sleep Moves Clause: Sleep-inducing moves are banned
|clearpoke
|poke|p1|Magnezone|
|poke|p1|Zarude|
|poke|p1|Gliscor, M|
|poke|p1|Arcanine-Hisui, F|
|poke|p1|Azumarill, F|
|poke|p1|Gengar, M|
|poke|p2|Lucario, M|
|poke|p2|Serperior, F|
|poke|p2|Chandelure, M|
|poke|p2|Corviknight, F|
|poke|p2|Haxorus, M|
|poke|p2|Excadrill, M|
|teampreview
|inactive|Battle timer is ON: inactive players will automatically lose when time's up. (requested by Ar4shi_Off)
|
|t:|1769424654
|teamsize|p1|6
|teamsize|p2|6
|start
|switch|p1a: Azumarill|Azumarill, F|100/100
|switch|p2a: Excadrill|Excadrill, M|100/100
|-ability|p2a: Excadrill|Mold Breaker
|turn|1
|
|t:|1769424670
|move|p2a: Excadrill|Earthquake|p1a: Azumarill
|-damage|p1a: Azumarill|50/100
|-enditem|p1a: Azumarill|Sitrus Berry|[eat]
|-heal|p1a: Azumarill|75/100|[from] item: Sitrus Berry
|move|p1a: Azumarill|Belly Drum|p1a: Azumarill
|-damage|p1a: Azumarill|25/100
|-setboost|p1a: Azumarill|atk|6|[from] move: Belly Drum
|
|upkeep
|turn|2
|
|t:|1769424676
|move|p1a: Azumarill|Aqua Jet|p2a: Excadrill
|-supereffective|p2a: Excadrill
|-enditem|p2a: Excadrill|Focus Sash
|-damage|p2a: Excadrill|1/100
|move|p2a: Excadrill|Earthquake|p1a: Azumarill
|-damage|p1a: Azumarill|0 fnt
|faint|p1a: Azumarill
|
|upkeep
|
|t:|1769424679
|switch|p1a: Gengar|Gengar, M|100/100
|turn|3
|
|t:|1769424686
|move|p1a: Gengar|Shadow Ball|p2a: Excadrill
|-damage|p2a: Excadrill|0 fnt
|faint|p2a: Excadrill
|
|upkeep
|
|t:|1769424693
|switch|p2a: Chandelure|Chandelure, M|100/100
|turn|4
|
|t:|1769424696
|move|p1a: Gengar|Shadow Ball|p2a: Chandelure
|-supereffective|p2a: Chandelure
|-crit|p2a: Chandelure
|-damage|p2a: Chandelure|0 fnt
|faint|p2a: Chandelure
|
|upkeep
|
|t:|1769424699
|switch|p2a: Haxorus|Haxorus, M, shiny|100/100
|-ability|p2a: Haxorus|Mold Breaker
|turn|5
|
|t:|1769424708
|move|p1a: Gengar|Shadow Ball|p2a: Haxorus
|-damage|p2a: Haxorus|35/100
|move|p2a: Haxorus|Scale Shot|p1a: Gengar
|-damage|p1a: Gengar|69/100
|-damage|p1a: Gengar|38/100
|-damage|p1a: Gengar|5/100
|-damage|p1a: Gengar|0 fnt
|-start|p2a: Haxorus|Disable|Scale Shot|[from] ability: Cursed Body|[of] p1a: Gengar
|faint|p1a: Gengar
|-hitcount|p1: Gengar|4
|-unboost|p2a: Haxorus|def|1
|-boost|p2a: Haxorus|spe|1
|
|upkeep
|
|t:|1769424711
|switch|p1a: Arcanine|Arcanine-Hisui, F|100/100
|-ability|p1a: Arcanine|Intimidate|boost
|-unboost|p2a: Haxorus|atk|1
|turn|6
|
|t:|1769424723
|-terastallize|p2a: Haxorus|Steel
|move|p1a: Arcanine|Extreme Speed|p2a: Haxorus
|-resisted|p2a: Haxorus
|-damage|p2a: Haxorus|12/100
|move|p2a: Haxorus|Earthquake|p1a: Arcanine
|-supereffective|p1a: Arcanine
|-damage|p1a: Arcanine|0 fnt
|faint|p1a: Arcanine
|
|upkeep
|
|t:|1769424736
|switch|p1a: Gliscor|Gliscor, M|100/100
|turn|7
|
|t:|1769424740
|switch|p2a: Corviknight|Corviknight, F|100/100
|-ability|p2a: Corviknight|Pressure
|move|p1a: Gliscor|Earthquake|p2a: Corviknight
|-immune|p2a: Corviknight
|
|-status|p1a: Gliscor|tox|[from] item: Toxic Orb
|upkeep
|turn|8
|
|t:|1769424752
|move|p1a: Gliscor|Stealth Rock|p2a: Corviknight
|-sidestart|p2: Ar4shi_Off|move: Stealth Rock
|move|p2a: Corviknight|U-turn|p1a: Gliscor
|-resisted|p1a: Gliscor
|-damage|p1a: Gliscor|93/100 tox
|
|t:|1769424759
|switch|p2a: Serperior|Serperior, F, shiny|100/100|[from] U-turn
|-damage|p2a: Serperior|88/100|[from] Stealth Rock
|
|-heal|p2a: Serperior|94/100|[from] item: Leftovers
|-heal|p1a: Gliscor|100/100 tox|[from] ability: Poison Heal
|upkeep
|turn|9
|
|t:|1769424766
|move|p2a: Serperior|Substitute|p2a: Serperior
|-start|p2a: Serperior|Substitute
|-damage|p2a: Serperior|70/100
|move|p1a: Gliscor|U-turn|p2a: Serperior
|-supereffective|p2a: Serperior
|-end|p2a: Serperior|Substitute
|
|t:|1769424777
|switch|p1a: Magnezone|Magnezone|100/100|[from] U-turn
|
|-heal|p2a: Serperior|76/100|[from] item: Leftovers
|upkeep
|turn|10
|
|t:|1769424786
|switch|p2a: Haxorus|Haxorus, M, shiny, tera:Steel|12/100
|-damage|p2a: Haxorus|6/100|[from] Stealth Rock
|-ability|p2a: Haxorus|Mold Breaker
|move|p1a: Magnezone|Flash Cannon|p2a: Haxorus
|-resisted|p2a: Haxorus
|-damage|p2a: Haxorus|0 fnt
|faint|p2a: Haxorus
|
|upkeep
|
|t:|1769424788
|switch|p2a: Lucario|Lucario, M|100/100
|-damage|p2a: Lucario|98/100|[from] Stealth Rock
|turn|11
|
|t:|1769424797
|move|p2a: Lucario|Swords Dance|p2a: Lucario
|-boost|p2a: Lucario|atk|2
|move|p1a: Magnezone|Thunderbolt|p2a: Lucario
|-damage|p2a: Lucario|0 fnt
|faint|p2a: Lucario
|
|upkeep
|-message|Ar4shi_Off forfeited.
|
|win|dfcgvbh
|raw|dfcgvbh's rating: 1289 &rarr; <strong>1312</strong><br />(+23 for winning)
|raw|Ar4shi_Off's rating: 1268 &rarr; <strong>1245</strong><br />(-23 for losing)
|l|☆Ar4shi_Off
|player|p2|
|l|☆dfcgvbh
|player|p1|
