|j|☆smpark22
|j|☆BoostingTyranntrum
|t:|1769435368
|gametype|singles
|player|p1|smpark22|266|1451
|player|p2|BoostingTyranntrum|102|1458
|gen|9
|tier|[Gen 9] OU
|rated|
|rule|HP Percentage Mod: HP is shown in percentages
|rule|Endless Battle Clause: Forcing endless battles is banned
|rule|Species Clause: Limit one of each Pokémon
|rule|OHKO Clause: OHKO moves are banned
|rule|Evasion Items Clause: Evasion items are banned
|rule|Evasion Moves Clause: Evasion moves are banned
|rule|Evasion Abilities Clause: Evasion abilities are banned
|rule|Sleep Moves Clause: Sleep-inducing moves are banned
|clearpoke
|poke|p1|Cinderace, M|
|poke|p1|Rillaboom, F|
|poke|p1|Inteleon, M|
|poke|p1|Sandaconda, F|
|poke|p1|Dragapult, M|
|poke|p1|Weezing-Galar, F|
|poke|p2|Great Tusk|
|poke|p2|Pecharunt|
|poke|p2|Iron Valiant|
|poke|p2|Iron Crown|
|poke|p2|Samurott-Hisui, M|
|poke|p2|Dragonite, M|
|teampreview
|c|☆smpark22|glhf
|
|t:|1769435402
|teamsize|p1|6
|teamsize|p2|6
|start
|switch|p1a: Rillaboom|Rillaboom, F|100/100
|switch|p2a: Iron Crown|Iron Crown|100/100
|-fieldstart|move: Grassy Terrain|[from] ability: Grassy Surge|[of] p1a: Rillaboom
|turn|1
|
|t:|1769435414
|move|p2a: Iron Crown|Volt Switch|p1a: Rillaboom
|-resisted|p1a: Rillaboom
|-damage|p1a: Rillaboom|87/100
|
|t:|1769435417
|-end|p2a: Iron Crown|Quark Drive|[silent]
|switch|p2a: Great Tusk|Great Tusk, shiny|100/100|[from] Volt Switch
|move|p1a: Rillaboom|U-turn|p2a: Great Tusk
|-resisted|p2a: Great Tusk
|-damage|p2a: Great Tusk|91/100
|
|t:|1769435428
|switch|p1a: Inteleon|Inteleon, M|100/100|[from] U-turn
|
|-heal|p2a: Great Tusk|97/100|[from] Grassy Terrain
|upkeep
|turn|2
|
|t:|1769435433
|-end|p2a: Great Tusk|Protosynthesis|[silent]
|switch|p2a: Iron Crown|Iron Crown|100/100
|move|p1a: Inteleon|Snipe Shot|p2a: Iron Crown
|-crit|p2a: Iron Crown
|-damage|p2a: Iron Crown|45/100
|
|-heal|p2a: Iron Crown|52/100|[from] Grassy Terrain
|upkeep
|turn|3
|
|t:|1769435440
|move|p1a: Inteleon|Snipe Shot|p2a: Iron Crown
|-damage|p2a: Iron Crown|23/100
|move|p2a: Iron Crown|Volt Switch|p1a: Inteleon
|-supereffective|p1a: Inteleon
|-damage|p1a: Inteleon|16/100
|
|t:|1769435446
|-end|p2a: Iron Crown|Quark Drive|[silent]
|switch|p2a: Samurott|Samurott-Hisui, M, shiny|100/100|[from] Volt Switch
|
|-heal|p1a: Inteleon|22/100|[from] Grassy Terrain
|upkeep
|turn|4
|
|t:|1769435453
|switch|p1a: Weezing|Weezing-Galar, F|100/100
|move|p2a: Samurott|Ceaseless Edge|p1a: Weezing
|-resisted|p1a: Weezing
|-damage|p1a: Weezing|75/100
|-sidestart|p1: smpark22|Spikes
|
|-heal|p1a: Weezing|81/100|[from] item: Leftovers
|upkeep
|turn|5
|
|t:|1769435462
|move|p2a: Samurott|Knock Off|p1a: Weezing
|-resisted|p1a: Weezing
|-damage|p1a: Weezing|54/100
|-enditem|p1a: Weezing|Leftovers|[from] move: Knock Off|[of] p2a: Samurott
|move|p1a: Weezing|Strange Steam|p2a: Samurott
|-supereffective|p2a: Samurott
|-damage|p2a: Samurott|16/100
|-start|p2a: Samurott|confusion
|
|-heal|p2a: Samurott|23/100|[from] Grassy Terrain
|-fieldend|move: Grassy Terrain
|upkeep
|turn|6
|
|t:|1769435473
|-activate|p2a: Samurott|confusion
|move|p2a: Samurott|Flip Turn|p1a: Weezing
|-damage|p1a: Weezing|28/100
|
|t:|1769435476
|switch|p2a: Iron Crown|Iron Crown|23/100|[from] Flip Turn
|move|p1a: Weezing|Defog|p2a: Iron Crown
|-unboost|p2a: Iron Crown|evasion|1
|-sideend|p1: smpark22|Spikes|[from] move: Defog|[of] p1a: Weezing
|
|upkeep
|turn|7
|
|t:|1769435487
|move|p2a: Iron Crown|Psychic Noise|p1a: Weezing
|-supereffective|p1a: Weezing
|-damage|p1a: Weezing|0 fnt
|faint|p1a: Weezing
|
|upkeep
|
|t:|1769435492
|switch|p1a: Inteleon|Inteleon, M|22/100
|turn|8
|
|t:|1769435495
|move|p1a: Inteleon|Snipe Shot|p2a: Iron Crown
|-damage|p2a: Iron Crown|0 fnt
|faint|p2a: Iron Crown
|-end|p2a: Iron Crown|Quark Drive|[silent]
|
|upkeep
|
|t:|1769435499
|switch|p2a: Dragonite|Dragonite, M, shiny|100/100
|turn|9
|
|t:|1769435502
|switch|p1a: Sandaconda|Sandaconda, F|100/100
|move|p2a: Dragonite|Dragon Dance|p2a: Dragonite
|-boost|p2a: Dragonite|atk|1
|-boost|p2a: Dragonite|spe|1
|
|upkeep
|turn|10
|
|t:|1769435509
|switch|p2a: Samurott|Samurott-Hisui, M, shiny|23/100
|move|p1a: Sandaconda|Glare|p2a: Samurott
|-status|p2a: Samurott|par
|
|upkeep
|turn|11
|
|t:|1769435517
|move|p1a: Sandaconda|Earthquake|p2a: Samurott
|-damage|p2a: Samurott|0 fnt
|faint|p2a: Samurott
|
|upkeep
|
|t:|1769435524
|switch|p2a: Great Tusk|Great Tusk, shiny|97/100
|turn|12
|
|t:|1769435532
|switch|p1a: Rillaboom|Rillaboom, F|87/100
|-fieldstart|move: Grassy Terrain|[from] ability: Grassy Surge|[of] p1a: Rillaboom
|move|p2a: Great Tusk|Stealth Rock|p1a: Rillaboom
|-sidestart|p1: smpark22|move: Stealth Rock
|
|-heal|p2a: Great Tusk|100/100|[from] Grassy Terrain
|-heal|p1a: Rillaboom|93/100|[from] Grassy Terrain
|-heal|p1a: Rillaboom|99/100|[from] item: Leftovers
|upkeep
|turn|13
|
|t:|1769435541
|-end|p2a: Great Tusk|Protosynthesis|[silent]
|switch|p2a: Pecharunt|Pecharunt|100/100
|move|p1a: Rillaboom|U-turn|p2a: Pecharunt
|-resisted|p2a: Pecharunt
|-damage|p2a: Pecharunt|97/100
|-damage|p1a: Rillaboom|82/100|[from] item: Rocky Helmet|[of] p2a: Pecharunt
|
|t:|1769435550
|switch|p1a: Inteleon|Inteleon, M|22/100|[from] U-turn
|-damage|p1a: Inteleon|10/100|[from] Stealth Rock
|
|-heal|p1a: Inteleon|16/100|[from] Grassy Terrain
|-heal|p2a: Pecharunt|100/100|[from] Grassy Terrain
|upkeep
|turn|14
|
|t:|1769435558
|move|p1a: Inteleon|Snipe Shot|p2a: Pecharunt
|-crit|p2a: Pecharunt
|-damage|p2a: Pecharunt|14/100
|move|p2a: Pecharunt|Shadow Ball|p1a: Inteleon
|-damage|p1a: Inteleon|0 fnt
|faint|p1a: Inteleon
|
|-heal|p2a: Pecharunt|20/100|[from] Grassy Terrain
|upkeep
|
|t:|1769435566
|switch|p1a: Cinderace|Cinderace, M|100/100
|turn|15
|
|t:|1769435570
|move|p1a: Cinderace|Pyro Ball|p2a: Pecharunt
|-damage|p2a: Pecharunt|0 fnt
|faint|p2a: Pecharunt
|
|upkeep
|
|t:|1769435573
|switch|p2a: Great Tusk|Great Tusk, shiny|100/100
|turn|16
|
|t:|1769435591
|move|p1a: Cinderace|U-turn|p2a: Great Tusk
|-start|p1a: Cinderace|typechange|Bug|[from] ability: Libero
|-resisted|p2a: Great Tusk
|-damage|p2a: Great Tusk|89/100
|
|t:|1769435596
|switch|p1a: Sandaconda|Sandaconda, F|100/100|[from] U-turn
|-damage|p1a: Sandaconda|94/100|[from] Stealth Rock
|move|p2a: Great Tusk|Headlong Rush|p1a: Sandaconda
|-crit|p1a: Sandaconda
|-damage|p1a: Sandaconda|35/100
|-unboost|p2a: Great Tusk|def|1
|-unboost|p2a: Great Tusk|spd|1
|
|-heal|p2a: Great Tusk|95/100|[from] Grassy Terrain
|-heal|p1a: Sandaconda|41/100|[from] Grassy Terrain
|-fieldend|move: Grassy Terrain
|upkeep
|turn|17
|
|t:|1769435611
|move|p2a: Great Tusk|Ice Spinner|p1a: Sandaconda
|-supereffective|p1a: Sandaconda
|-damage|p1a: Sandaconda|2/100
|move|p1a: Sandaconda|Rest|p1a: Sandaconda
|-status|p1a: Sandaconda|slp|[from] move: Rest
|-heal|p1a: Sandaconda|100/100 slp|[silent]
|-enditem|p1a: Sandaconda|Chesto Berry|[eat]
|-curestatus|p1a: Sandaconda|slp|[msg]
|
|upkeep
|turn|18
|
|t:|1769435621
|move|p2a: Great Tusk|Ice Spinner|p1a: Sandaconda
|-supereffective|p1a: Sandaconda
|-damage|p1a: Sandaconda|65/100
|move|p1a: Sandaconda|Glare|p2a: Great Tusk
|-status|p2a: Great Tusk|par
|
|upkeep
|turn|19
|
|t:|1769435628
|-end|p2a: Great Tusk|Protosynthesis|[silent]
|switch|p2a: Iron Valiant|Iron Valiant, shiny|100/100
|move|p1a: Sandaconda|Earthquake|p2a: Iron Valiant
|-damage|p2a: Iron Valiant|45/100
|
|upkeep
|turn|20
|
|t:|1769435633
|move|p2a: Iron Valiant|Moonblast|p1a: Sandaconda
|-damage|p1a: Sandaconda|0 fnt
|faint|p1a: Sandaconda
|
|upkeep
|
|t:|1769435639
|switch|p1a: Cinderace|Cinderace, M|100/100
|turn|21
|
|t:|1769435642
|-end|p2a: Iron Valiant|Quark Drive|[silent]
|switch|p2a: Great Tusk|Great Tusk, shiny|95/100 par
|move|p1a: Cinderace|Pyro Ball|p2a: Great Tusk
|-damage|p2a: Great Tusk|54/100 par
|
|upkeep
|turn|22
|
|t:|1769435648
|move|p1a: Cinderace|U-turn|p2a: Great Tusk
|-start|p1a: Cinderace|typechange|Bug|[from] ability: Libero
|-resisted|p2a: Great Tusk
|-damage|p2a: Great Tusk|41/100 par
|
|t:|1769435653
|switch|p1a: Rillaboom|Rillaboom, F|82/100|[from] U-turn
|-damage|p1a: Rillaboom|70/100|[from] Stealth Rock
|-fieldstart|move: Grassy Terrain|[from] ability: Grassy Surge|[of] p1a: Rillaboom
|move|p2a: Great Tusk|Ice Spinner|p1a: Rillaboom
|-supereffective|p1a: Rillaboom
|-damage|p1a: Rillaboom|18/100
|-fieldend|move: Grassy Terrain
|
|-heal|p1a: Rillaboom|24/100|[from] item: Leftovers
|upkeep
|turn|23
|
|t:|1769435665
|move|p1a: Rillaboom|Drum Beating|p2a: Great Tusk
|-supereffective|p2a: Great Tusk
|-damage|p2a: Great Tusk|0 fnt
|faint|p2a: Great Tusk
|-end|p2a: Great Tusk|Protosynthesis|[silent]
|
|-heal|p1a: Rillaboom|30/100|[from] item: Leftovers
|upkeep
|
|t:|1769435667
|switch|p2a: Dragonite|Dragonite, M, shiny|100/100
|turn|24
|
|t:|1769435672
|move|p2a: Dragonite|Dragon Dance|p2a: Dragonite
|-boost|p2a: Dragonite|atk|1
|-boost|p2a: Dragonite|spe|1
|move|p1a: Rillaboom|U-turn|p2a: Dragonite
|-resisted|p2a: Dragonite
|-damage|p2a: Dragonite|94/100
|
|t:|1769435683
|switch|p1a: Dragapult|Dragapult, M|100/100|[from] U-turn
|-damage|p1a: Dragapult|88/100|[from] Stealth Rock
|
|upkeep
|turn|25
|
|t:|1769435690
|-terastallize|p2a: Dragonite|Flying
|-terastallize|p1a: Dragapult|Dark
|move|p2a: Dragonite|Tera Blast|p1a: Dragapult|[anim] Tera Blast Flying
|-damage|p1a: Dragapult|0 fnt
|faint|p1a: Dragapult
|
|upkeep
|
|t:|1769435699
|switch|p1a: Rillaboom|Rillaboom, F|30/100
|-damage|p1a: Rillaboom|18/100|[from] Stealth Rock
|-fieldstart|move: Grassy Terrain|[from] ability: Grassy Surge|[of] p1a: Rillaboom
|turn|26
|
|t:|1769435704
|move|p1a: Rillaboom|Grassy Glide|p2a: Dragonite
|-resisted|p2a: Dragonite
|-damage|p2a: Dragonite|74/100
|move|p2a: Dragonite|Tera Blast|p1a: Rillaboom|[anim] Tera Blast Flying
|-supereffective|p1a: Rillaboom
|-damage|p1a: Rillaboom|0 fnt
|faint|p1a: Rillaboom
|
|upkeep
|
|t:|1769435712
|switch|p1a: Cinderace|Cinderace, M|100/100
|turn|27
|
|t:|1769435715
|move|p2a: Dragonite|Tera Blast|p1a: Cinderace|[anim] Tera Blast Flying
|-damage|p1a: Cinderace|0 fnt
|faint|p1a: Cinderace
|
|win|BoostingTyranntrum
|raw|smpark22's rating: 1451 &rarr; <strong>1431</strong><br />(-20 for losing)
|raw|BoostingTyranntrum's rating: 1458 &rarr; <strong>1478</strong><br />(+20 for winning)
|c|☆smpark22|gg
|l|☆smpark22
|player|p1|
|c|☆BoostingTyranntrum|gg
|l|☆BoostingTyranntrum
|player|p2|
