|j|☆Bigblaze04
|j|☆Dat boii fam
|t:|1769356307
|gametype|singles
|player|p1|Bigblaze04|marlon|1272
|player|p2|Dat boii fam|li|1274
|gen|9
|tier|[Gen 9] OU
|rated|
|rule|HP Percentage Mod: HP is shown in percentages
|rule|Endless Battle Clause: Forcing endless battles is banned
|rule|Species Clause: Limit one of each Pokémon
|rule|OHKO Clause: OHKO moves are banned
|rule|Evasion Items Clause: Evasion items are banned
|rule|Evasion Moves Clause: Evasion moves are banned
|rule|Evasion Abilities Clause: Evasion abilities are banned
|rule|Sleep Moves Clause: Sleep-inducing moves are banned
|clearpoke
|poke|p1|Dragapult, F|
|poke|p1|Zamazenta-*|
|poke|p1|Zapdos|
|poke|p1|Great Tusk|
|poke|p1|Heatran, F|
|poke|p1|Clefable, M|
|poke|p2|Hippowdon, M|
|poke|p2|Sandslash, F|
|poke|p2|Excadrill, F|
|poke|p2|Tyranitar, F|
|poke|p2|Gliscor, M|
|poke|p2|Deoxys-Defense|
|teampreview
|inactive|Battle timer is ON: inactive players will automatically lose when time's up. (requested by Dat boii fam)
|j| Cranium Gaming
|
|t:|1769356342
|teamsize|p1|6
|teamsize|p2|6
|start
|switch|p1a: Great Tusk|Great Tusk|100/100
|switch|p2a: Gliscor|Gliscor, M|100/100
|turn|1
|
|t:|1769356351
|move|p2a: Gliscor|Protect|p2a: Gliscor
|-singleturn|p2a: Gliscor|Protect
|move|p1a: Great Tusk|Ice Spinner|p2a: Gliscor
|-activate|p2a: Gliscor|move: Protect
|
|-status|p2a: Gliscor|tox|[from] item: Toxic Orb
|upkeep
|turn|2
|
|t:|1769356358
|switch|p2a: Deoxys|Deoxys-Defense|100/100
|-ability|p2a: Deoxys|Pressure
|move|p1a: Great Tusk|Ice Spinner|p2a: Deoxys
|-damage|p2a: Deoxys|83/100
|
|upkeep
|turn|3
|
|t:|1769356364
|move|p1a: Great Tusk|Knock Off|p2a: Deoxys
|-supereffective|p2a: Deoxys
|-damage|p2a: Deoxys|43/100
|-enditem|p2a: Deoxys|Light Clay|[from] move: Knock Off|[of] p1a: Great Tusk
|move|p2a: Deoxys|Psychic Noise|p1a: Great Tusk
|-supereffective|p1a: Great Tusk
|-damage|p1a: Great Tusk|37/100
|-start|p1a: Great Tusk|move: Heal Block
|
|upkeep
|turn|4
|
|t:|1769356378
|-end|p1a: Great Tusk|Protosynthesis|[silent]
|switch|p1a: Heatran|Heatran, F|100/100
|move|p2a: Deoxys|Recover|p2a: Deoxys
|-heal|p2a: Deoxys|93/100
|
|upkeep
|turn|5
|
|t:|1769356386
|switch|p2a: Gliscor|Gliscor, M|100/100 tox
|move|p1a: Heatran|Stealth Rock|p2a: Gliscor
|-sidestart|p2: Dat boii fam|move: Stealth Rock
|
|upkeep
|turn|6
|
|t:|1769356398
|switch|p1a: Great Tusk|Great Tusk|37/100
|move|p2a: Gliscor|Toxic Spikes|p1a: Great Tusk
|-sidestart|p1: Bigblaze04|move: Toxic Spikes
|
|upkeep
|turn|7
|
|t:|1769356404
|switch|p2a: Deoxys|Deoxys-Defense|93/100
|-damage|p2a: Deoxys|81/100|[from] Stealth Rock
|-ability|p2a: Deoxys|Pressure
|move|p1a: Great Tusk|Rapid Spin|p2a: Deoxys
|-damage|p2a: Deoxys|70/100
|-boost|p1a: Great Tusk|spe|1
|-sideend|p1: Bigblaze04|Toxic Spikes|[from] move: Rapid Spin|[of] p1a: Great Tusk
|
|upkeep
|turn|8
|
|t:|1769356420
|-end|p1a: Great Tusk|Protosynthesis|[silent]
|switch|p1a: Zapdos|Zapdos|100/100
|move|p2a: Deoxys|Light Screen|p2a: Deoxys
|-sidestart|p2: Dat boii fam|move: Light Screen
|
|upkeep
|turn|9
|
|t:|1769356425
|move|p1a: Zapdos|Discharge|p2a: Deoxys
|-damage|p2a: Deoxys|58/100
|move|p2a: Deoxys|Recover|p2a: Deoxys
|-heal|p2a: Deoxys|100/100
|
|upkeep
|turn|10
|
|t:|1769356431
|switch|p2a: Tyranitar|Tyranitar, F|100/100
|-damage|p2a: Tyranitar|88/100|[from] Stealth Rock
|-weather|Sandstorm|[from] ability: Sand Stream|[of] p2a: Tyranitar
|move|p1a: Zapdos|Hurricane|p2a: Tyranitar
|-resisted|p2a: Tyranitar
|-damage|p2a: Tyranitar|83/100
|-start|p2a: Tyranitar|confusion
|
|-weather|Sandstorm|[upkeep]
|-damage|p1a: Zapdos|94/100|[from] Sandstorm
|upkeep
|turn|11
|
|t:|1769356442
|move|p1a: Zapdos|U-turn|p2a: Tyranitar
|-supereffective|p2a: Tyranitar
|-damage|p2a: Tyranitar|63/100
|
|t:|1769356445
|switch|p1a: Great Tusk|Great Tusk|37/100|[from] U-turn
|-activate|p2a: Tyranitar|confusion
|move|p2a: Tyranitar|Ice Punch|p1a: Great Tusk
|-supereffective|p1a: Great Tusk
|-damage|p1a: Great Tusk|0 fnt
|faint|p1a: Great Tusk
|-end|p1a: Great Tusk|Protosynthesis|[silent]
|
|-weather|Sandstorm|[upkeep]
|upkeep
|
|t:|1769356456
|switch|p1a: Zamazenta|Zamazenta|100/100
|-ability|p1a: Zamazenta|Dauntless Shield|boost
|-boost|p1a: Zamazenta|def|1
|turn|12
|
|t:|1769356462
|switch|p2a: Deoxys|Deoxys-Defense|100/100
|-damage|p2a: Deoxys|88/100|[from] Stealth Rock
|-ability|p2a: Deoxys|Pressure
|move|p1a: Zamazenta|Iron Defense|p1a: Zamazenta
|-boost|p1a: Zamazenta|def|2
|
|-weather|Sandstorm|[upkeep]
|-damage|p1a: Zamazenta|94/100|[from] Sandstorm
|-damage|p2a: Deoxys|82/100|[from] Sandstorm
|-sideend|p2: Dat boii fam|move: Light Screen
|upkeep
|turn|13
|
|t:|1769356472
|move|p1a: Zamazenta|Crunch|p2a: Deoxys
|-supereffective|p2a: Deoxys
|-damage|p2a: Deoxys|50/100
|move|p2a: Deoxys|Reflect|p2a: Deoxys
|-sidestart|p2: Dat boii fam|Reflect
|
|-weather|Sandstorm|[upkeep]
|-damage|p1a: Zamazenta|88/100|[from] Sandstorm
|-damage|p2a: Deoxys|45/100|[from] Sandstorm
|upkeep
|turn|14
|
|t:|1769356482
|move|p1a: Zamazenta|Crunch|p2a: Deoxys
|-supereffective|p2a: Deoxys
|-damage|p2a: Deoxys|30/100
|move|p2a: Deoxys|Recover|p2a: Deoxys
|-heal|p2a: Deoxys|80/100
|
|-weather|Sandstorm|[upkeep]
|-damage|p1a: Zamazenta|82/100|[from] Sandstorm
|-damage|p2a: Deoxys|74/100|[from] Sandstorm
|upkeep
|turn|15
|
|t:|1769356494
|switch|p1a: Dragapult|Dragapult, F|100/100
|move|p2a: Deoxys|Psychic Noise|p1a: Dragapult
|-damage|p1a: Dragapult|75/100
|-start|p1a: Dragapult|move: Heal Block
|
|-weather|Sandstorm|[upkeep]
|-damage|p1a: Dragapult|69/100|[from] Sandstorm
|-damage|p2a: Deoxys|68/100|[from] Sandstorm
|upkeep
|turn|16
|
|t:|1769356503
|switch|p2a: Gliscor|Gliscor, M|100/100 tox
|-damage|p2a: Gliscor|88/100 tox|[from] Stealth Rock
|move|p1a: Dragapult|Will-O-Wisp|p2a: Gliscor|[miss]
|-miss|p1a: Dragapult|p2a: Gliscor
|
|-weather|Sandstorm|[upkeep]
|-damage|p1a: Dragapult|63/100|[from] Sandstorm
|-heal|p2a: Gliscor|100/100 tox|[from] ability: Poison Heal
|-end|p1a: Dragapult|move: Heal Block
|upkeep
|turn|17
|
|t:|1769356516
|move|p1a: Dragapult|Hex|p2a: Gliscor
|-damage|p2a: Gliscor|10/100 tox
|move|p2a: Gliscor|Toxic Spikes|p1a: Dragapult
|-sidestart|p1: Bigblaze04|move: Toxic Spikes
|
|-weather|none
|-heal|p2a: Gliscor|23/100 tox|[from] ability: Poison Heal
|-sideend|p2: Dat boii fam|Reflect
|upkeep
|turn|18
|
|t:|1769356523
|move|p2a: Gliscor|Protect|p2a: Gliscor
|-singleturn|p2a: Gliscor|Protect
|move|p1a: Dragapult|Will-O-Wisp|p2a: Gliscor
|-activate|p2a: Gliscor|move: Protect
|
|-heal|p2a: Gliscor|35/100 tox|[from] ability: Poison Heal
|upkeep
|turn|19
|
|t:|1769356530
|move|p1a: Dragapult|Hex|p2a: Gliscor
|-damage|p2a: Gliscor|0 fnt
|faint|p2a: Gliscor
|
|upkeep
|
|t:|1769356540
|switch|p2a: Hippowdon|Hippowdon, M|100/100
|-damage|p2a: Hippowdon|94/100|[from] Stealth Rock
|-weather|Sandstorm|[from] ability: Sand Stream|[of] p2a: Hippowdon
|turn|20
|
|t:|1769356553
|switch|p1a: Zamazenta|Zamazenta|82/100
|move|p2a: Hippowdon|Earthquake|p1a: Zamazenta
|-damage|p1a: Zamazenta|43/100
|
|-weather|Sandstorm|[upkeep]
|-damage|p1a: Zamazenta|37/100|[from] Sandstorm
|upkeep
|turn|21
|
|t:|1769356562
|move|p1a: Zamazenta|Iron Defense|p1a: Zamazenta
|-boost|p1a: Zamazenta|def|2
|move|p2a: Hippowdon|Earthquake|p1a: Zamazenta
|-damage|p1a: Zamazenta|20/100
|
|-weather|Sandstorm|[upkeep]
|-damage|p1a: Zamazenta|14/100|[from] Sandstorm
|upkeep
|turn|22
|
|t:|1769356571
|switch|p2a: Deoxys|Deoxys-Defense|68/100
|-damage|p2a: Deoxys|56/100|[from] Stealth Rock
|-ability|p2a: Deoxys|Pressure
|move|p1a: Zamazenta|Body Press|p2a: Deoxys
|-resisted|p2a: Deoxys
|-damage|p2a: Deoxys|38/100
|
|-weather|Sandstorm|[upkeep]
|-damage|p1a: Zamazenta|8/100|[from] Sandstorm
|-damage|p2a: Deoxys|32/100|[from] Sandstorm
|upkeep
|turn|23
|
|t:|1769356581
|move|p1a: Zamazenta|Crunch|p2a: Deoxys
|-supereffective|p2a: Deoxys
|-damage|p2a: Deoxys|0 fnt
|faint|p2a: Deoxys
|
|-weather|Sandstorm|[upkeep]
|-damage|p1a: Zamazenta|2/100|[from] Sandstorm
|upkeep
|
|t:|1769356588
|switch|p2a: Sandslash|Sandslash, F|100/100
|turn|24
|
|t:|1769356593
|move|p2a: Sandslash|Rapid Spin|p1a: Zamazenta
|-damage|p1a: Zamazenta|0 fnt
|-boost|p2a: Sandslash|spe|1
|-sideend|p2: Dat boii fam|Stealth Rock|[from] move: Rapid Spin|[of] p2a: Sandslash
|faint|p1a: Zamazenta
|
|-weather|Sandstorm|[upkeep]
|upkeep
|
|t:|1769356610
|switch|p1a: Zapdos|Zapdos|94/100
|turn|25
|
|t:|1769356614
|move|p2a: Sandslash|Knock Off|p1a: Zapdos
|-damage|p1a: Zapdos|67/100
|-status|p2a: Sandslash|par|[from] ability: Static|[of] p1a: Zapdos
|-enditem|p1a: Zapdos|Heavy-Duty Boots|[from] move: Knock Off|[of] p2a: Sandslash
|move|p1a: Zapdos|Hurricane|p2a: Sandslash
|-damage|p2a: Sandslash|6/100 par
|
|-weather|Sandstorm|[upkeep]
|-damage|p1a: Zapdos|61/100|[from] Sandstorm
|upkeep
|turn|26
|
|t:|1769356624
|cant|p2a: Sandslash|par
|move|p1a: Zapdos|Roost|p1a: Zapdos
|-heal|p1a: Zapdos|100/100
|-singleturn|p1a: Zapdos|move: Roost
|
|-weather|Sandstorm|[upkeep]
|-damage|p1a: Zapdos|94/100|[from] Sandstorm
|upkeep
|turn|27
|
|t:|1769356632
|move|p2a: Sandslash|Knock Off|p1a: Zapdos
|-damage|p1a: Zapdos|76/100
|move|p1a: Zapdos|Hurricane|p2a: Sandslash
|-damage|p2a: Sandslash|0 fnt
|faint|p2a: Sandslash
|
|-weather|none
|upkeep
|
|t:|1769356640
|switch|p2a: Tyranitar|Tyranitar, F|63/100
|-weather|Sandstorm|[from] ability: Sand Stream|[of] p2a: Tyranitar
|turn|28
|
|t:|1769356659
|move|p1a: Zapdos|Discharge|p2a: Tyranitar
|-damage|p2a: Tyranitar|46/100
|-status|p2a: Tyranitar|par
|move|p2a: Tyranitar|Stone Edge|p1a: Zapdos
|-supereffective|p1a: Zapdos
|-damage|p1a: Zapdos|0 fnt
|faint|p1a: Zapdos
|
|-weather|Sandstorm|[upkeep]
|upkeep
|
|t:|1769356672
|switch|p1a: Heatran|Heatran, F|100/100
|turn|29
|
|t:|1769356678
|move|p1a: Heatran|Earth Power|p2a: Tyranitar
|-supereffective|p2a: Tyranitar
|-damage|p2a: Tyranitar|23/100 par
|move|p2a: Tyranitar|Low Kick|p1a: Heatran
|-supereffective|p1a: Heatran
|-damage|p1a: Heatran|29/100
|
|-weather|Sandstorm|[upkeep]
|-heal|p1a: Heatran|35/100|[from] item: Leftovers
|upkeep
|turn|30
|
|t:|1769356690
|move|p1a: Heatran|Earth Power|p2a: Tyranitar
|-supereffective|p2a: Tyranitar
|-damage|p2a: Tyranitar|0 fnt
|faint|p2a: Tyranitar
|
|-weather|Sandstorm|[upkeep]
|-heal|p1a: Heatran|41/100|[from] item: Leftovers
|upkeep
|
|t:|1769356697
|switch|p2a: Excadrill|Excadrill, F|100/100
|turn|31
|
|t:|1769356699
|move|p2a: Excadrill|Earthquake|p1a: Heatran
|-supereffective|p1a: Heatran
|-damage|p1a: Heatran|0 fnt
|faint|p1a: Heatran
|
|-weather|Sandstorm|[upkeep]
|upkeep
|
|t:|1769356728
|switch|p1a: Clefable|Clefable, M|100/100
|-status|p1a: Clefable|psn
|turn|32
|
|t:|1769356744
|-terastallize|p1a: Clefable|Water
|move|p2a: Excadrill|Earthquake|p1a: Clefable
|-damage|p1a: Clefable|56/100 psn
|move|p1a: Clefable|Calm Mind|p1a: Clefable
|-boost|p1a: Clefable|spa|1
|-boost|p1a: Clefable|spd|1
|
|-weather|Sandstorm|[upkeep]
|-heal|p1a: Clefable|62/100 psn|[from] item: Leftovers
|upkeep
|turn|33
|
|t:|1769356761
|move|p2a: Excadrill|Earthquake|p1a: Clefable
|-damage|p1a: Clefable|14/100 psn
|move|p1a: Clefable|Moonlight|p1a: Clefable
|-heal|p1a: Clefable|39/100 psn
|
|-weather|Sandstorm|[upkeep]
|-heal|p1a: Clefable|46/100 psn|[from] item: Leftovers
|upkeep
|turn|34
|
|t:|1769356768
|move|p2a: Excadrill|Earthquake|p1a: Clefable
|-crit|p1a: Clefable
|-damage|p1a: Clefable|0 fnt
|faint|p1a: Clefable
|
|-weather|Sandstorm|[upkeep]
|upkeep
|
|t:|1769356774
|switch|p1a: Dragapult|Dragapult, F|63/100
|-status|p1a: Dragapult|psn
|turn|35
|
|t:|1769356778
|move|p2a: Excadrill|Earthquake|p1a: Dragapult
|-damage|p1a: Dragapult|0 fnt
|faint|p1a: Dragapult
|
|win|Dat boii fam
|raw|Bigblaze04's rating: 1272 &rarr; <strong>1247</strong><br />(-25 for losing)
|raw|Dat boii fam's rating: 1274 &rarr; <strong>1299</strong><br />(+25 for winning)
|l|☆Bigblaze04
|player|p1|
|l|☆Dat boii fam
|player|p2|
|l| Cranium Gaming
