|j|☆UltraSharkBrosYT
|j|☆and lol
|t:|1769404980
|gametype|singles
|player|p1|UltraSharkBrosYT|ingo-hisui|1237
|player|p2|and lol|2|1220
|gen|9
|tier|[Gen 9] OU
|rated|
|rule|HP Percentage Mod: HP is shown in percentages
|rule|Endless Battle Clause: Forcing endless battles is banned
|rule|Species Clause: Limit one of each Pokémon
|rule|OHKO Clause: OHKO moves are banned
|rule|Evasion Items Clause: Evasion items are banned
|rule|Evasion Moves Clause: Evasion moves are banned
|rule|Evasion Abilities Clause: Evasion abilities are banned
|rule|Sleep Moves Clause: Sleep-inducing moves are banned
|clearpoke
|poke|p1|Garchomp, F|
|poke|p1|Garganacl, M|
|poke|p1|Heatran, M|
|poke|p1|Lokix, M|
|poke|p1|Iron Jugulis|
|poke|p1|Metagross|
|poke|p2|Clefable, F|
|poke|p2|Incineroar, F|
|poke|p2|Thundurus-Therian, M|
|poke|p2|Iron Hands|
|poke|p2|Samurott-Hisui, F|
|poke|p2|Electrode|
|teampreview
|inactive|Battle timer is ON: inactive players will automatically lose when time's up. (requested by UltraSharkBrosYT)
|
|t:|1769404989
|teamsize|p1|6
|teamsize|p2|6
|start
|switch|p1a: Expedition 33|Garganacl, M|100/100
|switch|p2a: Electrode|Electrode|100/100
|turn|1
|
|t:|1769404997
|move|p2a: Electrode|Taunt|p1a: Expedition 33
|-start|p1a: Expedition 33|move: Taunt
|move|p1a: Expedition 33|Salt Cure|p2a: Electrode
|-damage|p2a: Electrode|80/100
|-start|p2a: Electrode|Salt Cure
|
|-damage|p2a: Electrode|68/100|[from] Salt Cure
|upkeep
|turn|2
|
|t:|1769405006
|switch|p1a: Astro Bot|Metagross|100/100
|move|p2a: Electrode|Volt Switch|p1a: Astro Bot
|-damage|p1a: Astro Bot|80/100
|
|t:|1769405014
|switch|p2a: Incineroar|Incineroar, F|100/100|[from] Volt Switch
|-ability|p2a: Incineroar|Intimidate|boost
|-fail|p1a: Astro Bot|unboost|[from] ability: Clear Body|[of] p1a: Astro Bot
|
|-heal|p1a: Astro Bot|86/100|[from] item: Leftovers
|upkeep
|turn|3
|
|t:|1769405022
|move|p1a: Astro Bot|Earthquake|p2a: Incineroar
|-supereffective|p2a: Incineroar
|-damage|p2a: Incineroar|36/100
|move|p2a: Incineroar|Knock Off|p1a: Astro Bot
|-supereffective|p1a: Astro Bot
|-damage|p1a: Astro Bot|26/100
|-enditem|p1a: Astro Bot|Leftovers|[from] move: Knock Off|[of] p2a: Incineroar
|
|upkeep
|turn|4
|
|t:|1769405040
|switch|p2a: Samurott|Samurott-Hisui, F|100/100
|move|p1a: Astro Bot|Earthquake|p2a: Samurott
|-damage|p2a: Samurott|63/100
|
|upkeep
|turn|5
|
|t:|1769405055
|switch|p1a: Expedition 33|Garganacl, M|100/100
|move|p2a: Samurott|Sucker Punch||[still]
|-fail|p2a: Samurott
|
|upkeep
|turn|6
|
|t:|1769405065
|move|p2a: Samurott|Flip Turn|p1a: Expedition 33
|-supereffective|p1a: Expedition 33
|-damage|p1a: Expedition 33|72/100
|
|t:|1769405069
|switch|p2a: Clefable|Clefable, F|100/100|[from] Flip Turn
|move|p1a: Expedition 33|Salt Cure|p2a: Clefable
|-damage|p2a: Clefable|91/100
|-start|p2a: Clefable|Salt Cure
|
|-heal|p2a: Clefable|97/100|[from] item: Leftovers
|-heal|p1a: Expedition 33|78/100|[from] item: Leftovers
|upkeep
|turn|7
|
|t:|1769405080
|move|p2a: Clefable|Stealth Rock|p1a: Expedition 33
|-sidestart|p1: UltraSharkBrosYT|move: Stealth Rock
|move|p1a: Expedition 33|Stealth Rock|p2a: Clefable
|-sidestart|p2: and lol|move: Stealth Rock
|
|-heal|p2a: Clefable|100/100|[from] item: Leftovers
|-heal|p1a: Expedition 33|84/100|[from] item: Leftovers
|upkeep
|turn|8
|
|t:|1769405099
|switch|p1a: Astro Bot|Metagross|26/100
|-damage|p1a: Astro Bot|20/100|[from] Stealth Rock
|move|p2a: Clefable|Moonblast|p1a: Astro Bot
|-resisted|p1a: Astro Bot
|-damage|p1a: Astro Bot|5/100
|
|upkeep
|turn|9
|
|t:|1769405116
|switch|p2a: Incineroar|Incineroar, F|36/100
|-ability|p2a: Incineroar|Intimidate|boost
|-fail|p1a: Astro Bot|unboost|[from] ability: Clear Body|[of] p1a: Astro Bot
|move|p1a: Astro Bot|Heavy Slam|p2a: Incineroar
|-resisted|p2a: Incineroar
|-damage|p2a: Incineroar|10/100
|
|upkeep
|turn|10
|
|t:|1769405123
|move|p1a: Astro Bot|Bullet Punch|p2a: Incineroar
|-resisted|p2a: Incineroar
|-damage|p2a: Incineroar|1/100
|move|p2a: Incineroar|Knock Off|p1a: Astro Bot
|-supereffective|p1a: Astro Bot
|-damage|p1a: Astro Bot|0 fnt
|faint|p1a: Astro Bot
|
|upkeep
|c|☆UltraSharkBrosYT|insane
|
|t:|1769405130
|switch|p1a: It Takes Two|Lokix, M|100/100
|turn|11
|
|t:|1769405153
|move|p1a: It Takes Two|First Impression|p2a: Incineroar
|-damage|p2a: Incineroar|0 fnt
|faint|p2a: Incineroar
|
|upkeep
|
|t:|1769405163
|switch|p2a: Clefable|Clefable, F|100/100
|turn|12
|
|t:|1769405177
|move|p1a: It Takes Two|Knock Off|p2a: Clefable
|-resisted|p2a: Clefable
|-damage|p2a: Clefable|65/100
|-enditem|p2a: Clefable|Leftovers|[from] move: Knock Off|[of] p1a: It Takes Two
|move|p2a: Clefable|Moonblast|p1a: It Takes Two
|-supereffective|p1a: It Takes Two
|-damage|p1a: It Takes Two|0 fnt
|faint|p1a: It Takes Two
|
|upkeep
|
|t:|1769405191
|switch|p1a: Baldurs Gate 3|Heatran, M|100/100
|-damage|p1a: Baldurs Gate 3|88/100|[from] Stealth Rock
|-item|p1a: Baldurs Gate 3|Air Balloon
|turn|13
|
|t:|1769405198
|switch|p2a: Electrode|Electrode|68/100
|move|p1a: Baldurs Gate 3|Flash Cannon|p2a: Electrode
|-resisted|p2a: Electrode
|-damage|p2a: Electrode|40/100
|
|upkeep
|turn|14
|
|t:|1769405205
|move|p2a: Electrode|Volt Switch|p1a: Baldurs Gate 3
|-damage|p1a: Baldurs Gate 3|71/100
|-enditem|p1a: Baldurs Gate 3|Air Balloon
|
|t:|1769405208
|switch|p2a: Samurott|Samurott-Hisui, F|63/100|[from] Volt Switch
|-damage|p2a: Samurott|51/100|[from] Stealth Rock
|move|p1a: Baldurs Gate 3|Scorching Sands|p2a: Samurott
|-damage|p2a: Samurott|33/100
|
|upkeep
|turn|15
|
|t:|1769405228
|move|p2a: Samurott|Flip Turn|p1a: Baldurs Gate 3
|-supereffective|p1a: Baldurs Gate 3
|-damage|p1a: Baldurs Gate 3|24/100
|-status|p2a: Samurott|brn|[from] ability: Flame Body|[of] p1a: Baldurs Gate 3
|
|t:|1769405232
|switch|p2a: Electrode|Electrode|40/100|[from] Flip Turn
|move|p1a: Baldurs Gate 3|Flash Cannon|p2a: Electrode
|-resisted|p2a: Electrode
|-damage|p2a: Electrode|11/100
|
|upkeep
|turn|16
|
|t:|1769405239
|move|p2a: Electrode|Volt Switch|p1a: Baldurs Gate 3
|-damage|p1a: Baldurs Gate 3|9/100
|
|t:|1769405245
|switch|p2a: Samurott|Samurott-Hisui, F|33/100 brn|[from] Volt Switch
|-damage|p2a: Samurott|21/100 brn|[from] Stealth Rock
|move|p1a: Baldurs Gate 3|Scorching Sands|p2a: Samurott
|-damage|p2a: Samurott|3/100 brn
|
|-damage|p2a: Samurott|0 fnt|[from] brn
|faint|p2a: Samurott
|upkeep
|
|t:|1769405247
|switch|p2a: Electrode|Electrode|11/100
|turn|17
|
|t:|1769405256
|move|p2a: Electrode|Volt Switch|p1a: Baldurs Gate 3
|-damage|p1a: Baldurs Gate 3|0 fnt
|faint|p1a: Baldurs Gate 3
|
|t:|1769405266
|switch|p2a: Thundurus|Thundurus-Therian, M|100/100|[from] Volt Switch
|
|upkeep
|
|t:|1769405269
|switch|p1a: Expedition 33|Garganacl, M|84/100
|-damage|p1a: Expedition 33|72/100|[from] Stealth Rock
|turn|18
|
|t:|1769405275
|move|p2a: Thundurus|Grass Knot|p1a: Expedition 33
|-supereffective|p1a: Expedition 33
|-damage|p1a: Expedition 33|0 fnt
|faint|p1a: Expedition 33
|
|upkeep
|
|t:|1769405280
|switch|p1a: Elden Ring|Garchomp, F|100/100
|-damage|p1a: Elden Ring|94/100|[from] Stealth Rock
|turn|19
|
|t:|1769405292
|-terastallize|p2a: Thundurus|Fairy
|move|p1a: Elden Ring|Swords Dance|p1a: Elden Ring
|-boost|p1a: Elden Ring|atk|2
|move|p2a: Thundurus|Tera Blast|p1a: Elden Ring|[anim] Tera Blast Fairy
|-supereffective|p1a: Elden Ring
|-damage|p1a: Elden Ring|4/100
|
|upkeep
|turn|20
|
|t:|1769405302
|-terastallize|p1a: Elden Ring|Water
|move|p1a: Elden Ring|Liquidation|p2a: Thundurus
|-damage|p2a: Thundurus|0 fnt
|faint|p2a: Thundurus
|
|upkeep
|
|t:|1769405308
|switch|p2a: Electrode|Electrode|11/100
|turn|21
|
|t:|1769405313
|move|p2a: Electrode|Volt Switch|p1a: Elden Ring
|-supereffective|p1a: Elden Ring
|-damage|p1a: Elden Ring|0 fnt
|faint|p1a: Elden Ring
|
|t:|1769405315
|switch|p2a: Clefable|Clefable, F|65/100|[from] Volt Switch
|
|upkeep
|
|t:|1769405321
|switch|p1a: Last of Us Pt 2|Iron Jugulis|100/100
|-damage|p1a: Last of Us Pt 2|76/100|[from] Stealth Rock
|-enditem|p1a: Last of Us Pt 2|Booster Energy
|-activate|p1a: Last of Us Pt 2|ability: Quark Drive|[fromitem]
|-start|p1a: Last of Us Pt 2|quarkdrivespe
|turn|22
|
|t:|1769405329
|move|p1a: Last of Us Pt 2|Air Slash|p2a: Clefable
|-damage|p2a: Clefable|28/100
|move|p2a: Clefable|Thunder Wave|p1a: Last of Us Pt 2
|-status|p1a: Last of Us Pt 2|par
|
|upkeep
|turn|23
|
|t:|1769405332
|move|p1a: Last of Us Pt 2|Air Slash|p2a: Clefable
|-damage|p2a: Clefable|0 fnt
|faint|p2a: Clefable
|
|upkeep
|
|t:|1769405341
|switch|p2a: Electrode|Electrode|11/100
|turn|24
|
|t:|1769405350
|move|p2a: Electrode|Volt Switch|p1a: Last of Us Pt 2
|-supereffective|p1a: Last of Us Pt 2
|-damage|p1a: Last of Us Pt 2|22/100 par
|
|t:|1769405354
|switch|p2a: Iron Hands|Iron Hands|100/100|[from] Volt Switch
|-damage|p2a: Iron Hands|94/100|[from] Stealth Rock
|move|p1a: Last of Us Pt 2|Air Slash|p2a: Iron Hands
|-damage|p2a: Iron Hands|58/100
|
|-heal|p2a: Iron Hands|64/100|[from] item: Leftovers
|upkeep
|turn|25
|
|t:|1769405369
|move|p1a: Last of Us Pt 2|Air Slash|p2a: Iron Hands
|-damage|p2a: Iron Hands|28/100
|move|p2a: Iron Hands|Wild Charge|p1a: Last of Us Pt 2
|-supereffective|p1a: Last of Us Pt 2
|-damage|p1a: Last of Us Pt 2|0 fnt
|faint|p1a: Last of Us Pt 2
|-end|p1a: Last of Us Pt 2|Quark Drive|[silent]
|-damage|p2a: Iron Hands|24/100|[from] Recoil
|
|win|and lol
|raw|UltraSharkBrosYT's rating: 1237 &rarr; <strong>1211</strong><br />(-26 for losing)
|raw|and lol's rating: 1220 &rarr; <strong>1246</strong><br />(+26 for winning)
|l|☆and lol
|player|p2|
|l|☆UltraSharkBrosYT
|player|p1|
