|j|☆Lil_mz0z438
|j|☆quinlanding
|t:|1769374311
|gametype|singles
|player|p1|Lil_mz0z438|hilbert|1172
|player|p2|quinlanding|medium|1161
|gen|9
|tier|[Gen 9] OU
|rated|
|rule|HP Percentage Mod: HP is shown in percentages
|rule|Endless Battle Clause: Forcing endless battles is banned
|rule|Species Clause: Limit one of each Pokémon
|rule|OHKO Clause: OHKO moves are banned
|rule|Evasion Items Clause: Evasion items are banned
|rule|Evasion Moves Clause: Evasion moves are banned
|rule|Evasion Abilities Clause: Evasion abilities are banned
|rule|Sleep Moves Clause: Sleep-inducing moves are banned
|clearpoke
|poke|p1|Heatran, M|
|poke|p1|Weavile, M|
|poke|p1|Garganacl, M|
|poke|p1|Rillaboom, M|
|poke|p1|Gholdengo|
|poke|p1|Great Tusk|
|poke|p2|Grimmsnarl, M|
|poke|p2|Gengar, F|
|poke|p2|Mew|
|poke|p2|Moltres|
|poke|p2|Ting-Lu|
|poke|p2|Walking Wake|
|teampreview
|inactive|Battle timer is ON: inactive players will automatically lose when time's up. (requested by Lil_mz0z438)
|
|t:|1769374324
|teamsize|p1|6
|teamsize|p2|6
|start
|switch|p1a: Heatran|Heatran, M, shiny|100/100
|switch|p2a: Ting-Lu|Ting-Lu|100/100
|-ability|p2a: Ting-Lu|Vessel of Ruin
|turn|1
|
|t:|1769374331
|move|p1a: Heatran|Will-O-Wisp|p2a: Ting-Lu
|-status|p2a: Ting-Lu|brn
|move|p2a: Ting-Lu|Earthquake|p1a: Heatran
|-supereffective|p1a: Heatran
|-damage|p1a: Heatran|13/100
|
|-heal|p1a: Heatran|20/100|[from] item: Leftovers
|-damage|p2a: Ting-Lu|94/100 brn|[from] brn
|upkeep
|turn|2
|
|t:|1769374337
|switch|p1a: Rillaboom|Rillaboom, M|100/100
|-fieldstart|move: Grassy Terrain|[from] ability: Grassy Surge|[of] p1a: Rillaboom
|move|p2a: Ting-Lu|Stealth Rock|p1a: Rillaboom
|-sidestart|p1: Lil_mz0z438|move: Stealth Rock
|
|-heal|p2a: Ting-Lu|100/100 brn|[from] Grassy Terrain
|-damage|p2a: Ting-Lu|94/100 brn|[from] brn
|upkeep
|turn|3
|
|t:|1769374341
|switch|p2a: Moltres|Moltres|100/100
|move|p1a: Rillaboom|Wood Hammer|p2a: Moltres
|-resisted|p2a: Moltres
|-damage|p2a: Moltres|69/100
|-damage|p1a: Rillaboom|89/100|[from] Recoil
|
|-heal|p1a: Rillaboom|95/100|[from] Grassy Terrain
|upkeep
|turn|4
|
|t:|1769374348
|switch|p1a: Garganacl|Garganacl, M, shiny|100/100
|-damage|p1a: Garganacl|88/100|[from] Stealth Rock
|move|p2a: Moltres|Hurricane|p1a: Garganacl|[miss]
|-miss|p2a: Moltres|p1a: Garganacl
|
|-heal|p1a: Garganacl|94/100|[from] Grassy Terrain
|-heal|p1a: Garganacl|100/100|[from] item: Leftovers
|upkeep
|turn|5
|
|t:|1769374352
|move|p2a: Moltres|U-turn|p1a: Garganacl
|-damage|p1a: Garganacl|93/100
|
|t:|1769374358
|switch|p2a: Walking Wake|Walking Wake|100/100|[from] U-turn
|move|p1a: Garganacl|Salt Cure|p2a: Walking Wake
|-damage|p2a: Walking Wake|86/100
|-start|p2a: Walking Wake|Salt Cure
|
|-heal|p2a: Walking Wake|93/100|[from] Grassy Terrain
|-heal|p1a: Garganacl|99/100|[from] Grassy Terrain
|-heal|p1a: Garganacl|100/100|[from] item: Leftovers
|-damage|p2a: Walking Wake|68/100|[from] Salt Cure
|upkeep
|turn|6
|
|t:|1769374366
|move|p1a: Garganacl|Protect|p1a: Garganacl
|-singleturn|p1a: Garganacl|Protect
|move|p2a: Walking Wake|Flip Turn|p1a: Garganacl
|-activate|p1a: Garganacl|move: Protect
|
|-heal|p2a: Walking Wake|74/100|[from] Grassy Terrain
|-damage|p2a: Walking Wake|49/100|[from] Salt Cure
|-fieldend|move: Grassy Terrain
|upkeep
|turn|7
|c|☆quinlanding|nice
|
|t:|1769374375
|move|p2a: Walking Wake|Flip Turn|p1a: Garganacl
|-supereffective|p1a: Garganacl
|-damage|p1a: Garganacl|84/100
|
|t:|1769374386
|-end|p2a: Walking Wake|Protosynthesis|[silent]
|switch|p2a: Gengar|Gengar, F|100/100|[from] Flip Turn
|move|p1a: Garganacl|Salt Cure|p2a: Gengar
|-damage|p2a: Gengar|77/100
|-start|p2a: Gengar|Salt Cure
|
|-heal|p1a: Garganacl|90/100|[from] item: Leftovers
|-damage|p2a: Gengar|65/100|[from] Salt Cure
|upkeep
|turn|8
|
|t:|1769374396
|switch|p2a: Grimmsnarl|Grimmsnarl, M|100/100
|move|p1a: Garganacl|Protect||[still]
|-fail|p1a: Garganacl
|
|-heal|p1a: Garganacl|96/100|[from] item: Leftovers
|upkeep
|turn|9
|
|t:|1769374405
|switch|p1a: Weavile|Weavile, M|100/100
|-ability|p1a: Weavile|Pressure
|move|p2a: Grimmsnarl|Bulk Up|p2a: Grimmsnarl
|-boost|p2a: Grimmsnarl|atk|1
|-boost|p2a: Grimmsnarl|def|1
|
|upkeep
|turn|10
|
|t:|1769374410
|move|p1a: Weavile|Triple Axel|p2a: Grimmsnarl
|-damage|p2a: Grimmsnarl|93/100
|-damage|p2a: Grimmsnarl|78/100
|-damage|p2a: Grimmsnarl|57/100
|-hitcount|p2a: Grimmsnarl|3
|move|p2a: Grimmsnarl|Play Rough|p1a: Weavile
|-supereffective|p1a: Weavile
|-damage|p1a: Weavile|0 fnt
|faint|p1a: Weavile
|
|upkeep
|
|t:|1769374413
|switch|p1a: Heatran|Heatran, M, shiny|20/100
|-damage|p1a: Heatran|7/100|[from] Stealth Rock
|turn|11
|
|t:|1769374422
|move|p2a: Grimmsnarl|Sucker Punch|p1a: Heatran
|-damage|p1a: Heatran|0 fnt
|faint|p1a: Heatran
|
|upkeep
|
|t:|1769374427
|switch|p1a: Rillaboom|Rillaboom, M|95/100
|-damage|p1a: Rillaboom|83/100|[from] Stealth Rock
|-fieldstart|move: Grassy Terrain|[from] ability: Grassy Surge|[of] p1a: Rillaboom
|turn|12
|
|t:|1769374438
|move|p2a: Grimmsnarl|Bulk Up|p2a: Grimmsnarl
|-boost|p2a: Grimmsnarl|atk|1
|-boost|p2a: Grimmsnarl|def|1
|move|p1a: Rillaboom|Wood Hammer|p2a: Grimmsnarl
|-damage|p2a: Grimmsnarl|0 fnt
|faint|p2a: Grimmsnarl
|-damage|p1a: Rillaboom|61/100|[from] Recoil
|
|-heal|p1a: Rillaboom|67/100|[from] Grassy Terrain
|upkeep
|c|☆quinlanding|nice
|
|t:|1769374445
|switch|p2a: Moltres|Moltres|69/100
|turn|13
|
|t:|1769374450
|switch|p1a: Garganacl|Garganacl, M, shiny|96/100
|-damage|p1a: Garganacl|84/100|[from] Stealth Rock
|move|p2a: Moltres|U-turn|p1a: Garganacl
|-damage|p1a: Garganacl|76/100
|
|t:|1769374458
|switch|p2a: Mew|Mew|100/100|[from] U-turn
|
|-heal|p1a: Garganacl|82/100|[from] Grassy Terrain
|-heal|p1a: Garganacl|89/100|[from] item: Leftovers
|upkeep
|turn|14
|
|t:|1769374461
|move|p2a: Mew|Bullet Seed|p1a: Garganacl
|-supereffective|p1a: Garganacl
|-damage|p1a: Garganacl|77/100
|-supereffective|p1a: Garganacl
|-damage|p1a: Garganacl|67/100
|-supereffective|p1a: Garganacl
|-damage|p1a: Garganacl|56/100
|-supereffective|p1a: Garganacl
|-damage|p1a: Garganacl|45/100
|-supereffective|p1a: Garganacl
|-damage|p1a: Garganacl|33/100
|-hitcount|p1a: Garganacl|5
|move|p1a: Garganacl|Salt Cure|p2a: Mew
|-damage|p2a: Mew|86/100
|-start|p2a: Mew|Salt Cure
|
|-heal|p2a: Mew|93/100|[from] Grassy Terrain
|-heal|p1a: Garganacl|39/100|[from] Grassy Terrain
|-heal|p1a: Garganacl|46/100|[from] item: Leftovers
|-damage|p2a: Mew|80/100|[from] Salt Cure
|upkeep
|turn|15
|
|t:|1769374466
|move|p1a: Garganacl|Protect|p1a: Garganacl
|-singleturn|p1a: Garganacl|Protect
|move|p2a: Mew|Dragon Dance|p2a: Mew
|-boost|p2a: Mew|atk|1
|-boost|p2a: Mew|spe|1
|
|-heal|p2a: Mew|86/100|[from] Grassy Terrain
|-heal|p1a: Garganacl|52/100|[from] Grassy Terrain
|-heal|p1a: Garganacl|58/100|[from] item: Leftovers
|-damage|p2a: Mew|74/100|[from] Salt Cure
|upkeep
|turn|16
|
|t:|1769374473
|move|p2a: Mew|Bullet Seed|p1a: Garganacl
|-supereffective|p1a: Garganacl
|-damage|p1a: Garganacl|41/100
|-supereffective|p1a: Garganacl
|-damage|p1a: Garganacl|25/100
|-supereffective|p1a: Garganacl
|-damage|p1a: Garganacl|8/100
|-supereffective|p1a: Garganacl
|-damage|p1a: Garganacl|0 fnt
|faint|p1a: Garganacl
|-hitcount|p1: Garganacl|4
|
|-heal|p2a: Mew|80/100|[from] Grassy Terrain
|-damage|p2a: Mew|68/100|[from] Salt Cure
|-fieldend|move: Grassy Terrain
|upkeep
|
|t:|1769374479
|switch|p1a: Rillaboom|Rillaboom, M|67/100
|-damage|p1a: Rillaboom|55/100|[from] Stealth Rock
|-fieldstart|move: Grassy Terrain|[from] ability: Grassy Surge|[of] p1a: Rillaboom
|turn|17
|
|t:|1769374489
|move|p1a: Rillaboom|Grassy Glide|p2a: Mew
|-damage|p2a: Mew|14/100
|move|p2a: Mew|Icicle Spear|p1a: Rillaboom
|-supereffective|p1a: Rillaboom
|-damage|p1a: Rillaboom|30/100
|-supereffective|p1a: Rillaboom
|-damage|p1a: Rillaboom|5/100
|-supereffective|p1a: Rillaboom
|-damage|p1a: Rillaboom|0 fnt
|faint|p1a: Rillaboom
|-hitcount|p1: Rillaboom|3
|
|-heal|p2a: Mew|20/100|[from] Grassy Terrain
|-damage|p2a: Mew|8/100|[from] Salt Cure
|upkeep
|
|t:|1769374495
|switch|p1a: Great Tusk|Great Tusk|100/100
|-damage|p1a: Great Tusk|98/100|[from] Stealth Rock
|turn|18
|-message|Lil_mz0z438 forfeited.
|
|win|quinlanding
|raw|Lil_mz0z438's rating: 1172 &rarr; <strong>1146</strong><br />(-26 for losing)
|raw|quinlanding's rating: 1161 &rarr; <strong>1187</strong><br />(+26 for winning)
|l|☆Lil_mz0z438
|player|p1|
