|j|☆mind goblin games
|j|☆valentinokingreact
|t:|1769442339
|gametype|singles
|player|p1|mind goblin games|101|1385
|player|p2|valentinokingreact|marlon|1358
|gen|9
|tier|[Gen 9] OU
|rated|
|rule|HP Percentage Mod: HP is shown in percentages
|rule|Endless Battle Clause: Forcing endless battles is banned
|rule|Species Clause: Limit one of each Pokémon
|rule|OHKO Clause: OHKO moves are banned
|rule|Evasion Items Clause: Evasion items are banned
|rule|Evasion Moves Clause: Evasion moves are banned
|rule|Evasion Abilities Clause: Evasion abilities are banned
|rule|Sleep Moves Clause: Sleep-inducing moves are banned
|clearpoke
|poke|p1|Weezing-Galar, M|
|poke|p1|Bellibolt, F|
|poke|p1|Kingambit, F|
|poke|p1|Great Tusk|
|poke|p1|Dragonite, F|
|poke|p1|Volcanion|
|poke|p2|Iron Crown|
|poke|p2|Indeedee, M|
|poke|p2|Hatterene, F|
|poke|p2|Deoxys-Speed|
|poke|p2|Ting-Lu|
|poke|p2|Armarouge, F|
|teampreview
|
|t:|1769442388
|teamsize|p1|6
|teamsize|p2|6
|start
|switch|p1a: Great Tusk|Great Tusk|100/100
|switch|p2a: Indeedee|Indeedee, M|100/100
|-fieldstart|move: Psychic Terrain|[from] ability: Psychic Surge|[of] p2a: Indeedee
|turn|1
|inactive|Battle timer is ON: inactive players will automatically lose when time's up. (requested by mind goblin games)
|
|t:|1769442443
|move|p2a: Indeedee|Expanding Force|p1a: Great Tusk
|-supereffective|p1a: Great Tusk
|-damage|p1a: Great Tusk|0 fnt
|faint|p1a: Great Tusk
|-end|p1a: Great Tusk|Protosynthesis|[silent]
|
|upkeep
|inactive|mind goblin games has 120 seconds left.
|
|t:|1769442488
|switch|p1a: Volcanion|Volcanion|100/100
|turn|2
|inactive|valentinokingreact has 120 seconds left.
|
|t:|1769442542
|move|p2a: Indeedee|Expanding Force|p1a: Volcanion
|-crit|p1a: Volcanion
|-damage|p1a: Volcanion|0 fnt
|faint|p1a: Volcanion
|
|upkeep
|
|t:|1769442550
|switch|p1a: Bellibolt|Bellibolt, F|100/100
|turn|3
|
|t:|1769442559
|switch|p2a: Ting-Lu|Ting-Lu|100/100
|-ability|p2a: Ting-Lu|Vessel of Ruin
|move|p1a: Bellibolt|Thunderbolt|p2a: Ting-Lu
|-immune|p2a: Ting-Lu
|
|upkeep
|turn|4
|
|t:|1769442563
|move|p2a: Ting-Lu|Stealth Rock|p1a: Bellibolt
|-sidestart|p1: mind goblin games|move: Stealth Rock
|move|p1a: Bellibolt|Soak|p2a: Ting-Lu
|-start|p2a: Ting-Lu|typechange|Water
|
|upkeep
|turn|5
|
|t:|1769442573
|switch|p2a: Armarouge|Armarouge, F|100/100
|move|p1a: Bellibolt|Toxic|p2a: Armarouge
|-status|p2a: Armarouge|tox
|
|-damage|p2a: Armarouge|94/100 tox|[from] psn
|upkeep
|turn|6
|
|t:|1769442585
|move|p2a: Armarouge|Expanding Force|p1a: Bellibolt
|-damage|p1a: Bellibolt|45/100
|-start|p1a: Bellibolt|Charge|Expanding Force|[from] ability: Electromorphosis
|move|p1a: Bellibolt|Thunderbolt|p2a: Armarouge
|-damage|p2a: Armarouge|23/100 tox
|-end|p1a: Bellibolt|Charge|[silent]
|
|-heal|p1a: Bellibolt|51/100|[from] item: Leftovers
|-damage|p2a: Armarouge|11/100 tox|[from] psn
|upkeep
|turn|7
|
|t:|1769442592
|switch|p1a: Kingambit|Kingambit, F|100/100
|-damage|p1a: Kingambit|94/100|[from] Stealth Rock
|-activate|p1a: Kingambit|ability: Supreme Overlord
|-start|p1a: Kingambit|fallen2|[silent]
|move|p2a: Armarouge|Armor Cannon|p1a: Kingambit
|-supereffective|p1a: Kingambit
|-damage|p1a: Kingambit|0 fnt
|-unboost|p2a: Armarouge|def|1
|-unboost|p2a: Armarouge|spd|1
|faint|p1a: Kingambit
|-end|p1a: Kingambit|fallen2|[silent]
|
|-damage|p2a: Armarouge|0 fnt|[from] psn
|faint|p2a: Armarouge
|upkeep
|c|☆mind goblin games|Zzz
|inactive|valentinokingreact has 120 seconds left.
|-message|mind goblin games forfeited.
|
|win|valentinokingreact
|raw|mind goblin games's rating: 1385 &rarr; <strong>1363</strong><br />(-22 for losing)
|raw|valentinokingreact's rating: 1358 &rarr; <strong>1380</strong><br />(+22 for winning)
|l|☆mind goblin games
|player|p1|
