|j|☆thraxxedout!
|j|☆k1ckback1
|t:|1769317977
|gametype|singles
|player|p1|thraxxedout!|officer-gen2|1186
|player|p2|k1ckback1|266|1177
|gen|9
|tier|[Gen 9] OU
|rated|
|rule|HP Percentage Mod: HP is shown in percentages
|rule|Endless Battle Clause: Forcing endless battles is banned
|rule|Species Clause: Limit one of each Pokémon
|rule|OHKO Clause: OHKO moves are banned
|rule|Evasion Items Clause: Evasion items are banned
|rule|Evasion Moves Clause: Evasion moves are banned
|rule|Evasion Abilities Clause: Evasion abilities are banned
|rule|Sleep Moves Clause: Sleep-inducing moves are banned
|clearpoke
|poke|p1|Pelipper, M|
|poke|p1|Toxicroak, F|
|poke|p1|Vaporeon, M|
|poke|p1|Walking Wake|
|poke|p1|Thundurus-Therian, M|
|poke|p1|Iron Treads|
|poke|p2|Kingambit, F|
|poke|p2|Great Tusk|
|poke|p2|Gliscor, M|
|poke|p2|Dragapult, F|
|poke|p2|Iron Valiant|
|poke|p2|Mimikyu, M|
|teampreview
|
|t:|1769317990
|teamsize|p1|6
|teamsize|p2|6
|start
|switch|p1a: Reek 🐸|Toxicroak, F, shiny|100/100
|switch|p2a: kang kang|Mimikyu, M|100/100
|turn|1
|
|t:|1769318009
|switch|p2a: Great Tusk|Great Tusk|100/100
|move|p1a: Reek 🐸|Encore||[still]
|-fail|p1a: Reek 🐸
|
|upkeep
|turn|2
|
|t:|1769318019
|switch|p1a: Pelipper|Pelipper, M, shiny|100/100
|-weather|RainDance|[from] ability: Drizzle|[of] p1a: Pelipper
|move|p2a: Great Tusk|Earthquake|p1a: Pelipper
|-immune|p1a: Pelipper
|
|-weather|RainDance|[upkeep]
|upkeep
|turn|3
|
|t:|1769318035
|switch|p1a: Wildwind 🌬️|Thundurus-Therian, M, shiny|100/100
|move|p2a: Great Tusk|Knock Off|p1a: Wildwind 🌬️
|-damage|p1a: Wildwind 🌬️|56/100
|-enditem|p1a: Wildwind 🌬️|Choice Scarf|[from] move: Knock Off|[of] p2a: Great Tusk
|
|-weather|RainDance|[upkeep]
|upkeep
|turn|4
|
|t:|1769318044
|move|p1a: Wildwind 🌬️|Weather Ball|p2a: Great Tusk
|-supereffective|p2a: Great Tusk
|-damage|p2a: Great Tusk|0 fnt
|faint|p2a: Great Tusk
|-end|p2a: Great Tusk|Protosynthesis|[silent]
|
|-weather|RainDance|[upkeep]
|upkeep
|
|t:|1769318054
|switch|p2a: ghosty the darky|Dragapult, F, shiny|100/100
|turn|5
|
|t:|1769318068
|switch|p1a: Lance ⚙️|Iron Treads, shiny|100/100
|-enditem|p1a: Lance ⚙️|Booster Energy
|-activate|p1a: Lance ⚙️|ability: Quark Drive|[fromitem]
|-start|p1a: Lance ⚙️|quarkdrivespe
|move|p2a: ghosty the darky|Flamethrower|p1a: Lance ⚙️
|-supereffective|p1a: Lance ⚙️
|-damage|p1a: Lance ⚙️|61/100
|-damage|p2a: ghosty the darky|91/100|[from] item: Life Orb
|
|-weather|RainDance|[upkeep]
|upkeep
|turn|6
|
|t:|1769318094
|move|p1a: Lance ⚙️|Stealth Rock|p2a: ghosty the darky
|-sidestart|p2: k1ckback1|move: Stealth Rock
|move|p2a: ghosty the darky|Hydro Pump|p1a: Lance ⚙️
|-supereffective|p1a: Lance ⚙️
|-damage|p1a: Lance ⚙️|0 fnt
|faint|p1a: Lance ⚙️
|-end|p1a: Lance ⚙️|Quark Drive|[silent]
|-damage|p2a: ghosty the darky|81/100|[from] item: Life Orb
|
|-weather|RainDance|[upkeep]
|upkeep
|
|t:|1769318099
|switch|p1a: Margaery 👑|Vaporeon, M, shiny|100/100
|turn|7
|
|t:|1769318111
|move|p2a: ghosty the darky|Draco Meteor|p1a: Margaery 👑
|-damage|p1a: Margaery 👑|39/100
|-unboost|p2a: ghosty the darky|spa|2
|-damage|p2a: ghosty the darky|71/100|[from] item: Life Orb
|move|p1a: Margaery 👑|Calm Mind|p1a: Margaery 👑
|-boost|p1a: Margaery 👑|spa|1
|-boost|p1a: Margaery 👑|spd|1
|
|-weather|RainDance|[upkeep]
|upkeep
|turn|8
|
|t:|1769318134
|move|p2a: ghosty the darky|Draco Meteor|p1a: Margaery 👑
|-damage|p1a: Margaery 👑|18/100
|-unboost|p2a: ghosty the darky|spa|2
|-damage|p2a: ghosty the darky|61/100|[from] item: Life Orb
|move|p1a: Margaery 👑|Rest|p1a: Margaery 👑
|-status|p1a: Margaery 👑|slp|[from] move: Rest
|-heal|p1a: Margaery 👑|100/100 slp|[silent]
|
|-weather|RainDance|[upkeep]
|-activate|p1a: Margaery 👑|ability: Hydration
|-curestatus|p1a: Margaery 👑|slp|[msg]
|upkeep
|turn|9
|
|t:|1769318148
|move|p2a: ghosty the darky|Shadow Ball|p1a: Margaery 👑
|-damage|p1a: Margaery 👑|93/100
|-damage|p2a: ghosty the darky|52/100|[from] item: Life Orb
|move|p1a: Margaery 👑|Calm Mind|p1a: Margaery 👑
|-boost|p1a: Margaery 👑|spa|1
|-boost|p1a: Margaery 👑|spd|1
|
|-weather|none
|upkeep
|turn|10
|
|t:|1769318170
|move|p2a: ghosty the darky|Hydro Pump|p1a: Margaery 👑
|-resisted|p1a: Margaery 👑
|-damage|p1a: Margaery 👑|90/100
|-damage|p2a: ghosty the darky|42/100|[from] item: Life Orb
|move|p1a: Margaery 👑|Calm Mind|p1a: Margaery 👑
|-boost|p1a: Margaery 👑|spa|1
|-boost|p1a: Margaery 👑|spd|1
|
|upkeep
|turn|11
|
|t:|1769318186
|move|p2a: ghosty the darky|Flamethrower|p1a: Margaery 👑
|-resisted|p1a: Margaery 👑
|-damage|p1a: Margaery 👑|88/100
|-damage|p2a: ghosty the darky|32/100|[from] item: Life Orb
|move|p1a: Margaery 👑|Calm Mind|p1a: Margaery 👑
|-boost|p1a: Margaery 👑|spa|1
|-boost|p1a: Margaery 👑|spd|1
|
|upkeep
|turn|12
|
|t:|1769318198
|move|p2a: ghosty the darky|Flamethrower|p1a: Margaery 👑
|-resisted|p1a: Margaery 👑
|-damage|p1a: Margaery 👑|86/100
|-damage|p2a: ghosty the darky|22/100|[from] item: Life Orb
|move|p1a: Margaery 👑|Scald|p2a: ghosty the darky
|-resisted|p2a: ghosty the darky
|-damage|p2a: ghosty the darky|0 fnt
|faint|p2a: ghosty the darky
|
|upkeep
|
|t:|1769318211
|switch|p2a: kang kang|Mimikyu, M|100/100
|-damage|p2a: kang kang|88/100|[from] Stealth Rock
|turn|13
|
|t:|1769318219
|move|p2a: kang kang|Swords Dance|p2a: kang kang
|-boost|p2a: kang kang|atk|2
|move|p1a: Margaery 👑|Scald|p2a: kang kang
|-activate|p2a: kang kang|ability: Disguise
|-damage|p2a: kang kang|88/100
|detailschange|p2a: kang kang|Mimikyu-Busted, M
|-damage|p2a: kang kang|76/100|[from] pokemon: Mimikyu-Busted
|
|upkeep
|turn|14
|
|t:|1769318235
|move|p2a: kang kang|Giga Drain|p1a: Margaery 👑
|-supereffective|p1a: Margaery 👑
|-damage|p1a: Margaery 👑|81/100
|-heal|p2a: kang kang|81/100|[from] drain|[of] p1a: Margaery 👑
|move|p1a: Margaery 👑|Scald|p2a: kang kang
|-damage|p2a: kang kang|0 fnt
|faint|p2a: kang kang
|
|upkeep
|
|t:|1769318253
|switch|p2a: kang kangg|Iron Valiant, shiny|100/100
|-damage|p2a: kang kangg|94/100|[from] Stealth Rock
|-enditem|p2a: kang kangg|Booster Energy
|-activate|p2a: kang kangg|ability: Quark Drive|[fromitem]
|-start|p2a: kang kangg|quarkdrivespe
|turn|15
|
|t:|1769318262
|move|p2a: kang kangg|Destiny Bond|p2a: kang kangg
|-singlemove|p2a: kang kangg|Destiny Bond
|move|p1a: Margaery 👑|Scald|p2a: kang kangg
|-damage|p2a: kang kangg|0 fnt
|faint|p2a: kang kangg
|-activate|p2a: kang kangg|move: Destiny Bond
|-end|p2a: kang kangg|Quark Drive|[silent]
|faint|p1a: Margaery 👑
|
|upkeep
|
|t:|1769318277
|switch|p2a: Gliscor|Gliscor, M|100/100
|switch|p1a: Viserion 🦕|Walking Wake|100/100
|-damage|p2a: Gliscor|88/100|[from] Stealth Rock
|turn|16
|
|t:|1769318285
|move|p1a: Viserion 🦕|Hydro Steam|p2a: Gliscor
|-supereffective|p2a: Gliscor
|-damage|p2a: Gliscor|0 fnt
|faint|p2a: Gliscor
|-damage|p1a: Viserion 🦕|91/100|[from] item: Life Orb
|
|upkeep
|
|t:|1769318292
|switch|p2a: fight beach fairy|Kingambit, F, shiny|100/100
|-damage|p2a: fight beach fairy|94/100|[from] Stealth Rock
|-activate|p2a: fight beach fairy|ability: Supreme Overlord
|-start|p2a: fight beach fairy|fallen5|[silent]
|turn|17
|l|☆thraxxedout!
|player|p1|
|j|☆thraxxedout!
|player|p1|thraxxedout!|officer-gen2|
|
|t:|1769318336
|-terastallize|p1a: Viserion 🦕|Fairy
|-terastallize|p2a: fight beach fairy|Fighting
|move|p1a: Viserion 🦕|Hydro Steam|p2a: fight beach fairy
|-damage|p2a: fight beach fairy|32/100
|-damage|p1a: Viserion 🦕|81/100|[from] item: Life Orb
|move|p2a: fight beach fairy|Iron Head|p1a: Viserion 🦕
|-supereffective|p1a: Viserion 🦕
|-damage|p1a: Viserion 🦕|0 fnt
|faint|p1a: Viserion 🦕
|-end|p1a: Viserion 🦕|Protosynthesis|[silent]
|
|upkeep
|
|t:|1769318348
|switch|p1a: Wildwind 🌬️|Thundurus-Therian, M, shiny|56/100
|turn|18
|
|t:|1769318352
|switch|p1a: Reek 🐸|Toxicroak, F, shiny|100/100
|move|p2a: fight beach fairy|Sucker Punch||[still]
|-fail|p2a: fight beach fairy
|
|upkeep
|turn|19
|
|t:|1769318368
|move|p2a: fight beach fairy|Sucker Punch||[still]
|-fail|p2a: fight beach fairy
|move|p1a: Reek 🐸|Encore|p2a: fight beach fairy
|-start|p2a: fight beach fairy|Encore
|
|upkeep
|turn|20
|
|t:|1769318376
|move|p2a: fight beach fairy|Sucker Punch||[still]
|-fail|p2a: fight beach fairy
|move|p1a: Reek 🐸|Toxic|p2a: fight beach fairy
|-status|p2a: fight beach fairy|tox
|
|-damage|p2a: fight beach fairy|26/100 tox|[from] psn
|upkeep
|turn|21
|c|☆k1ckback1|gg
|-message|k1ckback1 forfeited.
|
|win|thraxxedout!
|raw|thraxxedout!'s rating: 1186 &rarr; <strong>1210</strong><br />(+24 for winning)
|raw|k1ckback1's rating: 1177 &rarr; <strong>1153</strong><br />(-24 for losing)
|l|☆k1ckback1
|player|p2|
|l|☆thraxxedout!
|player|p1|
