|j|☆camo13
|j|☆Darkmaniman+Minus
|t:|1769380630
|gametype|singles
|player|p1|camo13|whitney|1474
|player|p2|Darkmaniman+Minus|102|1476
|gen|9
|tier|[Gen 9] OU
|rated|
|rule|HP Percentage Mod: HP is shown in percentages
|rule|Endless Battle Clause: Forcing endless battles is banned
|rule|Species Clause: Limit one of each Pokémon
|rule|OHKO Clause: OHKO moves are banned
|rule|Evasion Items Clause: Evasion items are banned
|rule|Evasion Moves Clause: Evasion moves are banned
|rule|Evasion Abilities Clause: Evasion abilities are banned
|rule|Sleep Moves Clause: Sleep-inducing moves are banned
|clearpoke
|poke|p1|Corviknight, M|
|poke|p1|Cinderace, M|
|poke|p1|Iron Valiant|
|poke|p1|Slowking-Galar, M|
|poke|p1|Kyurem|
|poke|p1|Tornadus-Therian, M|
|poke|p2|Rillaboom, M|
|poke|p2|Drifblim, F|
|poke|p2|Gholdengo|
|poke|p2|Great Tusk|
|poke|p2|Kingambit, M|
|poke|p2|Moltres|
|teampreview
|inactive|Battle timer is ON: inactive players will automatically lose when time's up. (requested by camo13)
|
|t:|1769380648
|teamsize|p1|6
|teamsize|p2|6
|start
|switch|p1a: Panther|Cinderace, M|100/100
|switch|p2a: Rillaboom|Rillaboom, M|100/100
|-fieldstart|move: Grassy Terrain|[from] ability: Grassy Surge|[of] p2a: Rillaboom
|turn|1
|
|t:|1769380653
|switch|p2a: Moltres|Moltres|100/100
|move|p1a: Panther|U-turn|p2a: Moltres
|-start|p1a: Panther|typechange|Bug|[from] ability: Libero
|-resisted|p2a: Moltres
|-damage|p2a: Moltres|92/100
|
|t:|1769380666
|switch|p1a: Queen|Tornadus-Therian, M|100/100|[from] U-turn
|
|upkeep
|turn|2
|
|t:|1769380669
|move|p1a: Queen|Hurricane|p2a: Moltres
|-damage|p2a: Moltres|46/100
|move|p2a: Moltres|U-turn|p1a: Queen
|-resisted|p1a: Queen
|-damage|p1a: Queen|92/100
|
|t:|1769380686
|switch|p2a: Drifblim|Drifblim, F|100/100|[from] U-turn
|-enditem|p2a: Drifblim|Grassy Seed
|-boost|p2a: Drifblim|def|1|[from] item: Grassy Seed
|
|upkeep
|turn|3
|
|t:|1769380708
|move|p2a: Drifblim|Calm Mind|p2a: Drifblim
|-boost|p2a: Drifblim|spa|1
|-boost|p2a: Drifblim|spd|1
|move|p1a: Queen|Hurricane|p2a: Drifblim
|-damage|p2a: Drifblim|69/100
|
|upkeep
|turn|4
|
|t:|1769380718
|switch|p1a: Joker|Iron Valiant|100/100
|move|p2a: Drifblim|Calm Mind|p2a: Drifblim
|-boost|p2a: Drifblim|spa|1
|-boost|p2a: Drifblim|spd|1
|
|upkeep
|turn|5
|
|t:|1769380723
|move|p2a: Drifblim|Shadow Ball|p1a: Joker
|-enditem|p1a: Joker|Focus Sash
|-damage|p1a: Joker|1/100
|-unboost|p1a: Joker|spd|1
|move|p1a: Joker|Encore|p2a: Drifblim
|-start|p2a: Drifblim|Encore
|
|-heal|p1a: Joker|7/100|[from] Grassy Terrain
|upkeep
|turn|6
|
|t:|1769380737
|move|p2a: Drifblim|Shadow Ball|p1a: Joker
|-damage|p1a: Joker|0 fnt
|faint|p1a: Joker
|-end|p1a: Joker|Quark Drive|[silent]
|
|upkeep
|
|t:|1769380740
|switch|p1a: Panther|Cinderace, M|100/100
|turn|7
|
|t:|1769380755
|-terastallize|p2a: Drifblim|Electric
|move|p1a: Panther|Sucker Punch|p2a: Drifblim
|-start|p1a: Panther|typechange|Dark|[from] ability: Libero
|-damage|p2a: Drifblim|28/100
|move|p2a: Drifblim|Shadow Ball|p1a: Panther
|-resisted|p1a: Panther
|-damage|p1a: Panther|52/100
|
|-heal|p2a: Drifblim|35/100|[from] Grassy Terrain
|-heal|p1a: Panther|58/100|[from] Grassy Terrain
|upkeep
|turn|8
|
|t:|1769380776
|switch|p2a: Great Tusk|Great Tusk|100/100
|move|p1a: Panther|Sucker Punch||[still]
|-fail|p1a: Panther
|
|-heal|p1a: Panther|64/100|[from] Grassy Terrain
|-fieldend|move: Grassy Terrain
|upkeep
|turn|9
|
|t:|1769380786
|switch|p1a: Queen|Tornadus-Therian, M|100/100
|move|p2a: Great Tusk|Stealth Rock|p1a: Queen
|-sidestart|p1: camo13|move: Stealth Rock
|
|upkeep
|turn|10
|
|t:|1769380799
|-end|p2a: Great Tusk|Protosynthesis|[silent]
|switch|p2a: Kingambit|Kingambit, M|100/100
|move|p1a: Queen|Hurricane|p2a: Kingambit
|-resisted|p2a: Kingambit
|-damage|p2a: Kingambit|80/100
|
|upkeep
|turn|11
|
|t:|1769380808
|switch|p1a: Skull|Corviknight, M|100/100
|-damage|p1a: Skull|88/100|[from] Stealth Rock
|-ability|p1a: Skull|Pressure
|-end|p2a: Kingambit|fallenundefined|[silent]
|switch|p2a: Gholdengo|Gholdengo|100/100
|-item|p2a: Gholdengo|Air Balloon
|
|upkeep
|turn|12
|
|t:|1769380816
|move|p2a: Gholdengo|Shadow Ball|p1a: Skull
|-damage|p1a: Skull|54/100
|move|p1a: Skull|U-turn|p2a: Gholdengo
|-resisted|p2a: Gholdengo
|-damage|p2a: Gholdengo|98/100
|-enditem|p2a: Gholdengo|Air Balloon
|
|t:|1769380821
|switch|p1a: Panther|Cinderace, M|64/100|[from] U-turn
|-damage|p1a: Panther|39/100|[from] Stealth Rock
|
|upkeep
|turn|13
|
|t:|1769380828
|switch|p2a: Great Tusk|Great Tusk|100/100
|-terastallize|p1a: Panther|Fire
|move|p1a: Panther|Pyro Ball|p2a: Great Tusk
|-damage|p2a: Great Tusk|30/100
|
|upkeep
|turn|14
|
|t:|1769380835
|-end|p2a: Great Tusk|Protosynthesis|[silent]
|switch|p2a: Drifblim|Drifblim, F, tera:Electric|35/100
|move|p1a: Panther|Pyro Ball|p2a: Drifblim
|-crit|p2a: Drifblim
|-damage|p2a: Drifblim|0 fnt
|faint|p2a: Drifblim
|
|upkeep
|
|t:|1769380836
|switch|p2a: Moltres|Moltres|46/100
|turn|15
|
|t:|1769380843
|move|p1a: Panther|Pyro Ball|p2a: Moltres
|-resisted|p2a: Moltres
|-damage|p2a: Moltres|10/100
|move|p2a: Moltres|Roost|p2a: Moltres
|-heal|p2a: Moltres|60/100
|-singleturn|p2a: Moltres|move: Roost
|
|upkeep
|turn|16
|
|t:|1769380852
|switch|p1a: Noir|Slowking-Galar, M|100/100
|-damage|p1a: Noir|88/100|[from] Stealth Rock
|move|p2a: Moltres|Roost|p2a: Moltres
|-heal|p2a: Moltres|100/100
|-singleturn|p2a: Moltres|move: Roost
|
|-heal|p1a: Noir|94/100|[from] item: Leftovers
|upkeep
|turn|17
|
|t:|1769380861
|move|p2a: Moltres|Scorching Sands|p1a: Noir
|-supereffective|p1a: Noir
|-damage|p1a: Noir|69/100
|move|p1a: Noir|Toxic Spikes|p2a: Moltres
|-sidestart|p2: Darkmaniman+Minus|move: Toxic Spikes
|
|-heal|p1a: Noir|75/100|[from] item: Leftovers
|upkeep
|turn|18
|
|t:|1769380865
|move|p2a: Moltres|Scorching Sands|p1a: Noir
|-supereffective|p1a: Noir
|-damage|p1a: Noir|52/100
|-prepare|p1a: Noir|Chilly Reception|[premajor]
|move|p1a: Noir|Chilly Reception|p1a: Noir
|-weather|Snowscape
|
|t:|1769380870
|switch|p1a: Fox|Kyurem|100/100|[from] Chilly Reception
|-damage|p1a: Fox|76/100|[from] Stealth Rock
|-ability|p1a: Fox|Pressure
|
|-weather|Snowscape|[upkeep]
|upkeep
|turn|19
|
|t:|1769380873
|move|p1a: Fox|Dragon Dance|p1a: Fox
|-boost|p1a: Fox|atk|1
|-boost|p1a: Fox|spe|1
|move|p2a: Moltres|Flamethrower|p1a: Fox
|-damage|p1a: Fox|41/100
|
|-weather|Snowscape|[upkeep]
|upkeep
|turn|20
|
|t:|1769380889
|move|p1a: Fox|Icicle Spear|p2a: Moltres
|-damage|p2a: Moltres|86/100
|-crit|p2a: Moltres
|-damage|p2a: Moltres|65/100
|-damage|p2a: Moltres|51/100
|-hitcount|p2a: Moltres|3
|move|p2a: Moltres|Scorching Sands|p1a: Fox
|-damage|p1a: Fox|23/100
|
|-weather|Snowscape|[upkeep]
|upkeep
|turn|21
|
|t:|1769380898
|move|p1a: Fox|Outrage|p2a: Moltres
|-damage|p2a: Moltres|0 fnt
|-status|p1a: Fox|brn|[from] ability: Flame Body|[of] p2a: Moltres
|-enditem|p1a: Fox|Lum Berry|[eat]
|-curestatus|p1a: Fox|brn|[msg]
|faint|p2a: Moltres
|
|-weather|Snowscape|[upkeep]
|upkeep
|
|t:|1769380910
|switch|p2a: Kingambit|Kingambit, M|80/100
|-activate|p2a: Kingambit|ability: Supreme Overlord
|-start|p2a: Kingambit|fallen2|[silent]
|turn|22
|
|t:|1769380914
|move|p2a: Kingambit|Sucker Punch|p1a: Fox
|-damage|p1a: Fox|0 fnt
|faint|p1a: Fox
|
|-weather|none
|upkeep
|
|t:|1769380919
|switch|p1a: Skull|Corviknight, M|54/100
|-damage|p1a: Skull|41/100|[from] Stealth Rock
|-ability|p1a: Skull|Pressure
|turn|23
|
|t:|1769380924
|-end|p2a: Kingambit|fallen2|[silent]
|switch|p2a: Great Tusk|Great Tusk|30/100
|-status|p2a: Great Tusk|psn
|move|p1a: Skull|U-turn|p2a: Great Tusk
|-resisted|p2a: Great Tusk
|-damage|p2a: Great Tusk|26/100 psn
|-damage|p1a: Skull|25/100|[from] item: Rocky Helmet|[of] p2a: Great Tusk
|
|t:|1769380930
|switch|p1a: Queen|Tornadus-Therian, M|100/100|[from] U-turn
|-damage|p1a: Queen|76/100|[from] Stealth Rock
|
|-damage|p2a: Great Tusk|13/100 psn|[from] psn
|upkeep
|turn|24
|
|t:|1769380935
|move|p1a: Queen|Heat Wave|p2a: Great Tusk
|-damage|p2a: Great Tusk|0 fnt
|faint|p2a: Great Tusk
|-end|p2a: Great Tusk|Protosynthesis|[silent]
|
|upkeep
|
|t:|1769380945
|switch|p2a: Rillaboom|Rillaboom, M|100/100
|-status|p2a: Rillaboom|psn
|-fieldstart|move: Grassy Terrain|[from] ability: Grassy Surge|[of] p2a: Rillaboom
|turn|25
|
|t:|1769380951
|move|p1a: Queen|Hurricane|p2a: Rillaboom
|-supereffective|p2a: Rillaboom
|-damage|p2a: Rillaboom|25/100 psn
|move|p2a: Rillaboom|Knock Off|p1a: Queen
|-damage|p1a: Queen|30/100
|-enditem|p1a: Queen|Assault Vest|[from] move: Knock Off|[of] p2a: Rillaboom
|
|-heal|p2a: Rillaboom|31/100 psn|[from] Grassy Terrain
|-damage|p2a: Rillaboom|18/100 psn|[from] psn
|upkeep
|turn|26
|
|t:|1769380957
|move|p2a: Rillaboom|Grassy Glide|p1a: Queen
|-resisted|p1a: Queen
|-damage|p1a: Queen|4/100
|move|p1a: Queen|U-turn|p2a: Rillaboom
|-supereffective|p2a: Rillaboom
|-damage|p2a: Rillaboom|0 fnt
|faint|p2a: Rillaboom
|
|t:|1769380969
|switch|p1a: Noir|Slowking-Galar, M|86/100|[from] U-turn
|-damage|p1a: Noir|73/100|[from] Stealth Rock
|
|-heal|p1a: Noir|79/100|[from] Grassy Terrain
|-heal|p1a: Noir|85/100|[from] item: Leftovers
|upkeep
|
|t:|1769380975
|switch|p2a: Kingambit|Kingambit, M|80/100
|-activate|p2a: Kingambit|ability: Supreme Overlord
|-start|p2a: Kingambit|fallen4|[silent]
|turn|27
|
|t:|1769380980
|move|p2a: Kingambit|Swords Dance|p2a: Kingambit
|-boost|p2a: Kingambit|atk|2
|-prepare|p1a: Noir|Chilly Reception|[premajor]
|move|p1a: Noir|Chilly Reception|p1a: Noir
|-weather|Snowscape
|
|t:|1769380989
|switch|p1a: Skull|Corviknight, M|25/100|[from] Chilly Reception
|-damage|p1a: Skull|13/100|[from] Stealth Rock
|-ability|p1a: Skull|Pressure
|
|-weather|Snowscape|[upkeep]
|-heal|p2a: Kingambit|86/100|[from] Grassy Terrain
|upkeep
|turn|28
|
|t:|1769380998
|move|p1a: Skull|Roost|p1a: Skull
|-heal|p1a: Skull|63/100
|-singleturn|p1a: Skull|move: Roost
|move|p2a: Kingambit|Kowtow Cleave|p1a: Skull
|-damage|p1a: Skull|0 fnt
|-damage|p2a: Kingambit|69/100|[from] item: Rocky Helmet|[of] p1a: Skull
|faint|p1a: Skull
|
|-weather|Snowscape|[upkeep]
|-heal|p2a: Kingambit|75/100|[from] Grassy Terrain
|upkeep
|
|t:|1769381012
|switch|p1a: Queen|Tornadus-Therian, M|37/100
|-damage|p1a: Queen|12/100|[from] Stealth Rock
|turn|29
|
|t:|1769381016
|switch|p1a: Noir|Slowking-Galar, M|100/100
|-damage|p1a: Noir|88/100|[from] Stealth Rock
|move|p2a: Kingambit|Sucker Punch||[still]
|-fail|p2a: Kingambit
|
|-weather|Snowscape|[upkeep]
|-heal|p2a: Kingambit|82/100|[from] Grassy Terrain
|-heal|p1a: Noir|94/100|[from] Grassy Terrain
|-heal|p1a: Noir|99/100|[from] item: Leftovers
|upkeep
|turn|30
|
|t:|1769381029
|move|p2a: Kingambit|Kowtow Cleave|p1a: Noir
|-supereffective|p1a: Noir
|-damage|p1a: Noir|0 fnt
|faint|p1a: Noir
|
|-weather|Snowscape|[upkeep]
|-heal|p2a: Kingambit|88/100|[from] Grassy Terrain
|upkeep
|
|t:|1769381036
|switch|p1a: Queen|Tornadus-Therian, M|46/100
|-damage|p1a: Queen|21/100|[from] Stealth Rock
|turn|31
|
|t:|1769381041
|move|p2a: Kingambit|Sucker Punch|p1a: Queen
|-damage|p1a: Queen|0 fnt
|faint|p1a: Queen
|
|-weather|none
|-heal|p2a: Kingambit|94/100|[from] Grassy Terrain
|upkeep
|-message|camo13 forfeited.
|
|win|Darkmaniman+Minus
|raw|camo13's rating: 1474 &rarr; <strong>1454</strong><br />(-20 for losing)
|raw|Darkmaniman+Minus's rating: 1476 &rarr; <strong>1496</strong><br />(+20 for winning)
|l|☆camo13
|player|p1|
|l|☆Darkmaniman+Minus
|player|p2|
