|j|☆bvcnmkor85471
|j|☆VelvetThunder69
|t:|1769430297
|gametype|singles
|player|p1|bvcnmkor85471|cyclist-gen4|1183
|player|p2|VelvetThunder69|170|1254
|gen|9
|tier|[Gen 9] OU
|rated|
|rule|HP Percentage Mod: HP is shown in percentages
|rule|Endless Battle Clause: Forcing endless battles is banned
|rule|Species Clause: Limit one of each Pokémon
|rule|OHKO Clause: OHKO moves are banned
|rule|Evasion Items Clause: Evasion items are banned
|rule|Evasion Moves Clause: Evasion moves are banned
|rule|Evasion Abilities Clause: Evasion abilities are banned
|rule|Sleep Moves Clause: Sleep-inducing moves are banned
|clearpoke
|poke|p1|Bellibolt, M|
|poke|p1|Basculegion, M|
|poke|p1|Dragonite, M|
|poke|p1|Iron Treads|
|poke|p1|Barraskewda, F|
|poke|p1|Pelipper, F|
|poke|p2|Ogerpon-Wellspring, F|
|poke|p2|Ting-Lu|
|poke|p2|Weezing-Galar, F|
|poke|p2|Zapdos|
|poke|p2|Iron Valiant|
|poke|p2|Cinderace, M|
|teampreview
|inactive|Battle timer is ON: inactive players will automatically lose when time's up. (requested by VelvetThunder69)
|
|t:|1769430310
|teamsize|p1|6
|teamsize|p2|6
|start
|switch|p1a: NIGEL|Pelipper, F|100/100
|switch|p2a: Zapdos|Zapdos|100/100
|-weather|RainDance|[from] ability: Drizzle|[of] p1a: NIGEL
|turn|1
|
|t:|1769430315
|switch|p1a: RICK ROSS|Bellibolt, M|100/100
|move|p2a: Zapdos|Hurricane|p1a: RICK ROSS
|-resisted|p1a: RICK ROSS
|-crit|p1a: RICK ROSS
|-damage|p1a: RICK ROSS|69/100
|-start|p1a: RICK ROSS|Charge|Hurricane|[from] ability: Electromorphosis
|
|-weather|RainDance|[upkeep]
|upkeep
|turn|2
|
|t:|1769430337
|switch|p2a: Ting-Lu|Ting-Lu, shiny|100/100
|-ability|p2a: Ting-Lu|Vessel of Ruin
|move|p1a: RICK ROSS|Thunder|p2a: Ting-Lu
|-immune|p2a: Ting-Lu
|-end|p1a: RICK ROSS|Charge|[silent]
|
|-weather|RainDance|[upkeep]
|upkeep
|turn|3
|
|t:|1769430345
|switch|p2a: Zapdos|Zapdos|100/100
|move|p1a: RICK ROSS|Weather Ball|p2a: Zapdos
|-damage|p2a: Zapdos|55/100
|
|-weather|RainDance|[upkeep]
|upkeep
|turn|4
|
|t:|1769430349
|move|p2a: Zapdos|Hurricane|p1a: RICK ROSS
|-resisted|p1a: RICK ROSS
|-damage|p1a: RICK ROSS|50/100
|-start|p1a: RICK ROSS|Charge|Hurricane|[from] ability: Electromorphosis
|move|p1a: RICK ROSS|Thunder|p2a: Zapdos
|-damage|p2a: Zapdos|0 fnt
|faint|p2a: Zapdos
|-end|p1a: RICK ROSS|Charge|[silent]
|
|-weather|RainDance|[upkeep]
|upkeep
|
|t:|1769430359
|switch|p2a: Ting-Lu|Ting-Lu, shiny|100/100
|-ability|p2a: Ting-Lu|Vessel of Ruin
|turn|5
|
|t:|1769430371
|switch|p1a: NIGEL|Pelipper, F|100/100
|move|p2a: Ting-Lu|Stealth Rock|p1a: NIGEL
|-sidestart|p1: bvcnmkor85471|move: Stealth Rock
|
|-weather|RainDance|[upkeep]
|upkeep
|turn|6
|
|t:|1769430380
|switch|p2a: Ogerpon|Ogerpon-Wellspring, F|100/100
|move|p1a: NIGEL|U-turn|p2a: Ogerpon
|-supereffective|p2a: Ogerpon
|-damage|p2a: Ogerpon|76/100
|
|t:|1769430404
|switch|p1a: SKEWMA|Barraskewda, F|100/100|[from] U-turn
|-damage|p1a: SKEWMA|88/100|[from] Stealth Rock
|
|-weather|RainDance|[upkeep]
|upkeep
|turn|7
|
|t:|1769430411
|switch|p2a: Weezing|Weezing-Galar, F|100/100
|-ability|p2a: Weezing|Neutralizing Gas
|move|p1a: SKEWMA|Close Combat|p2a: Weezing
|-resisted|p2a: Weezing
|-damage|p2a: Weezing|86/100
|-unboost|p1a: SKEWMA|def|1
|-unboost|p1a: SKEWMA|spd|1
|
|-weather|RainDance|[upkeep]
|upkeep
|turn|8
|
|t:|1769430418
|switch|p1a: ELON TUSK|Iron Treads|100/100
|-damage|p1a: ELON TUSK|98/100|[from] Stealth Rock
|move|p2a: Weezing|Will-O-Wisp|p1a: ELON TUSK
|-status|p1a: ELON TUSK|brn
|
|-weather|none
|-damage|p1a: ELON TUSK|92/100 brn|[from] brn
|upkeep
|turn|9
|
|t:|1769430427
|-end|p2a: Weezing|ability: Neutralizing Gas
|switch|p2a: Ting-Lu|Ting-Lu, shiny|100/100
|-ability|p2a: Ting-Lu|Vessel of Ruin
|move|p1a: ELON TUSK|Rapid Spin|p2a: Ting-Lu
|-damage|p2a: Ting-Lu|98/100
|-boost|p1a: ELON TUSK|spe|1
|-damage|p1a: ELON TUSK|75/100 brn|[from] item: Rocky Helmet|[of] p2a: Ting-Lu
|-sideend|p1: bvcnmkor85471|Stealth Rock|[from] move: Rapid Spin|[of] p1a: ELON TUSK
|
|-damage|p1a: ELON TUSK|69/100 brn|[from] brn
|upkeep
|turn|10
|
|t:|1769430436
|-end|p1a: ELON TUSK|Quark Drive|[silent]
|switch|p1a: NIGEL|Pelipper, F|100/100
|-weather|RainDance|[from] ability: Drizzle|[of] p1a: NIGEL
|move|p2a: Ting-Lu|Stealth Rock|p1a: NIGEL
|-sidestart|p1: bvcnmkor85471|move: Stealth Rock
|
|-weather|RainDance|[upkeep]
|upkeep
|turn|11
|
|t:|1769430440
|move|p1a: NIGEL|Hurricane|p2a: Ting-Lu
|-damage|p2a: Ting-Lu|75/100
|-start|p2a: Ting-Lu|confusion
|-activate|p2a: Ting-Lu|confusion
|move|p2a: Ting-Lu|Ruination|p1a: NIGEL
|-damage|p1a: NIGEL|51/100
|
|-weather|RainDance|[upkeep]
|upkeep
|turn|12
|
|t:|1769430450
|move|p1a: NIGEL|Roost|p1a: NIGEL
|-heal|p1a: NIGEL|100/100
|-singleturn|p1a: NIGEL|move: Roost
|-end|p2a: Ting-Lu|confusion
|move|p2a: Ting-Lu|Ruination|p1a: NIGEL
|-damage|p1a: NIGEL|51/100
|
|-weather|RainDance|[upkeep]
|upkeep
|turn|13
|
|t:|1769430454
|move|p1a: NIGEL|Surf|p2a: Ting-Lu
|-supereffective|p2a: Ting-Lu
|-damage|p2a: Ting-Lu|23/100
|move|p2a: Ting-Lu|Ruination|p1a: NIGEL
|-damage|p1a: NIGEL|26/100
|
|-weather|RainDance|[upkeep]
|upkeep
|turn|14
|
|t:|1769430457
|switch|p2a: Ogerpon|Ogerpon-Wellspring, F|76/100
|move|p1a: NIGEL|Roost|p1a: NIGEL
|-heal|p1a: NIGEL|76/100
|-singleturn|p1a: NIGEL|move: Roost
|
|-weather|RainDance|[upkeep]
|upkeep
|turn|15
|
|t:|1769430471
|switch|p2a: Ting-Lu|Ting-Lu, shiny|23/100
|-ability|p2a: Ting-Lu|Vessel of Ruin
|-terastallize|p1a: NIGEL|Grass
|move|p1a: NIGEL|Hurricane|p2a: Ting-Lu
|-damage|p2a: Ting-Lu|2/100
|
|-weather|RainDance|[upkeep]
|upkeep
|turn|16
|
|t:|1769430483
|move|p1a: NIGEL|U-turn|p2a: Ting-Lu
|-supereffective|p2a: Ting-Lu
|-damage|p2a: Ting-Lu|0 fnt
|-damage|p1a: NIGEL|59/100|[from] item: Rocky Helmet|[of] p2a: Ting-Lu
|faint|p2a: Ting-Lu
|
|t:|1769430499
|switch|p1a: Basculegion|Basculegion, M|100/100|[from] U-turn
|-damage|p1a: Basculegion|88/100|[from] Stealth Rock
|
|-weather|RainDance|[upkeep]
|upkeep
|
|t:|1769430504
|switch|p2a: Weezing|Weezing-Galar, F|86/100
|-ability|p2a: Weezing|Neutralizing Gas
|turn|17
|
|t:|1769430511
|switch|p1a: ELON TUSK|Iron Treads|69/100 brn
|-damage|p1a: ELON TUSK|66/100 brn|[from] Stealth Rock
|move|p2a: Weezing|Will-O-Wisp|p1a: ELON TUSK
|-fail|p1a: ELON TUSK|brn
|
|-weather|none
|-damage|p1a: ELON TUSK|60/100 brn|[from] brn
|upkeep
|turn|18
|
|t:|1769430518
|move|p1a: ELON TUSK|Rapid Spin|p2a: Weezing
|-damage|p2a: Weezing|82/100
|-boost|p1a: ELON TUSK|spe|1
|-sideend|p1: bvcnmkor85471|Stealth Rock|[from] move: Rapid Spin|[of] p1a: ELON TUSK
|move|p2a: Weezing|Strange Steam|p1a: ELON TUSK|[miss]
|-miss|p2a: Weezing|p1a: ELON TUSK
|
|-damage|p1a: ELON TUSK|54/100 brn|[from] brn
|upkeep
|turn|19
|
|t:|1769430526
|move|p1a: ELON TUSK|Stealth Rock|p2a: Weezing
|-sidestart|p2: VelvetThunder69|move: Stealth Rock
|move|p2a: Weezing|Strange Steam|p1a: ELON TUSK
|-resisted|p1a: ELON TUSK
|-damage|p1a: ELON TUSK|39/100 brn
|-enditem|p1a: ELON TUSK|Eject Button
|
|t:|1769430532
|-end|p1a: ELON TUSK|Quark Drive|[silent]
|switch|p1a: NIGEL|Pelipper, F, tera:Grass|59/100
|
|upkeep
|turn|20
|
|t:|1769430535
|move|p1a: NIGEL|Roost|p1a: NIGEL
|-heal|p1a: NIGEL|100/100
|move|p2a: Weezing|Clear Smog|p1a: NIGEL
|-supereffective|p1a: NIGEL
|-damage|p1a: NIGEL|58/100
|-clearboost|p1a: NIGEL
|
|upkeep
|turn|21
|
|t:|1769430554
|switch|p1a: ELON TUSK|Iron Treads|39/100 brn
|-end|p2a: Weezing|ability: Neutralizing Gas
|switch|p2a: Cinderace|Cinderace, M|100/100
|
|-damage|p1a: ELON TUSK|33/100 brn|[from] brn
|upkeep
|turn|22
|
|t:|1769430559
|move|p2a: Cinderace|Pyro Ball|p1a: ELON TUSK
|-supereffective|p1a: ELON TUSK
|-damage|p1a: ELON TUSK|0 fnt
|faint|p1a: ELON TUSK
|-end|p1a: ELON TUSK|Quark Drive|[silent]
|
|upkeep
|
|t:|1769430568
|switch|p1a: THE MAILMAN|Dragonite, M|100/100
|turn|23
|
|t:|1769430571
|move|p2a: Cinderace|U-turn|p1a: THE MAILMAN
|-start|p2a: Cinderace|typechange|Bug|[from] ability: Libero
|-resisted|p1a: THE MAILMAN
|-damage|p1a: THE MAILMAN|92/100
|
|t:|1769430575
|switch|p2a: Weezing|Weezing-Galar, F|82/100|[from] U-turn
|-ability|p2a: Weezing|Neutralizing Gas
|move|p1a: THE MAILMAN|Draco Meteor|p2a: Weezing
|-immune|p2a: Weezing
|
|upkeep
|turn|24
|
|t:|1769430581
|move|p1a: THE MAILMAN|Hurricane|p2a: Weezing
|-damage|p2a: Weezing|37/100
|move|p2a: Weezing|Strange Steam|p1a: THE MAILMAN
|-supereffective|p1a: THE MAILMAN
|-damage|p1a: THE MAILMAN|28/100
|
|upkeep
|turn|25
|
|t:|1769430591
|switch|p1a: RICK ROSS|Bellibolt, M|50/100
|move|p2a: Weezing|Strange Steam|p1a: RICK ROSS
|-damage|p1a: RICK ROSS|32/100
|
|upkeep
|turn|26
|
|t:|1769430599
|move|p2a: Weezing|Defog|p1a: RICK ROSS
|-unboost|p1a: RICK ROSS|evasion|1
|-sideend|p2: VelvetThunder69|Stealth Rock|[from] move: Defog|[of] p2a: Weezing
|move|p1a: RICK ROSS|Volt Switch|p2a: Weezing
|-damage|p2a: Weezing|7/100
|
|t:|1769430604
|switch|p1a: Basculegion|Basculegion, M|88/100|[from] Volt Switch
|
|upkeep
|turn|27
|
|t:|1769430607
|move|p1a: Basculegion|Flip Turn|p2a: Weezing
|-damage|p2a: Weezing|0 fnt
|faint|p2a: Weezing
|-end|p2a: Weezing|ability: Neutralizing Gas
|
|t:|1769430609
|switch|p1a: NIGEL|Pelipper, F, tera:Grass|58/100|[from] Flip Turn
|-weather|RainDance|[from] ability: Drizzle|[of] p1a: NIGEL
|
|-weather|RainDance|[upkeep]
|upkeep
|
|t:|1769430613
|switch|p2a: Cinderace|Cinderace, M|100/100
|turn|28
|
|t:|1769430623
|switch|p1a: THE MAILMAN|Dragonite, M|28/100
|move|p2a: Cinderace|Gunk Shot|p1a: THE MAILMAN
|-start|p2a: Cinderace|typechange|Poison|[from] ability: Libero
|-damage|p1a: THE MAILMAN|0 fnt
|faint|p1a: THE MAILMAN
|
|-weather|RainDance|[upkeep]
|upkeep
|
|t:|1769430631
|switch|p1a: RICK ROSS|Bellibolt, M|32/100
|turn|29
|
|t:|1769430635
|move|p2a: Cinderace|Gunk Shot|p1a: RICK ROSS
|-damage|p1a: RICK ROSS|0 fnt
|faint|p1a: RICK ROSS
|
|-weather|RainDance|[upkeep]
|upkeep
|
|t:|1769430640
|switch|p1a: SKEWMA|Barraskewda, F|88/100
|turn|30
|
|t:|1769430648
|move|p1a: SKEWMA|Close Combat|p2a: Cinderace
|-resisted|p2a: Cinderace
|-damage|p2a: Cinderace|56/100
|-unboost|p1a: SKEWMA|def|1
|-unboost|p1a: SKEWMA|spd|1
|move|p2a: Cinderace|U-turn|p1a: SKEWMA
|-damage|p1a: SKEWMA|27/100
|
|t:|1769430663
|switch|p2a: Iron Valiant|Iron Valiant|100/100|[from] U-turn
|-enditem|p2a: Iron Valiant|Booster Energy
|-activate|p2a: Iron Valiant|ability: Quark Drive|[fromitem]
|-start|p2a: Iron Valiant|quarkdrivespe
|
|-weather|RainDance|[upkeep]
|upkeep
|turn|31
|
|t:|1769430670
|switch|p1a: Basculegion|Basculegion, M|88/100
|move|p2a: Iron Valiant|Moonblast|p1a: Basculegion
|-damage|p1a: Basculegion|41/100
|
|-weather|RainDance|[upkeep]
|upkeep
|turn|32
|
|t:|1769430675
|move|p1a: Basculegion|Aqua Jet|p2a: Iron Valiant
|-damage|p2a: Iron Valiant|23/100
|move|p2a: Iron Valiant|Moonblast|p1a: Basculegion
|-damage|p1a: Basculegion|0 fnt
|faint|p1a: Basculegion
|
|-weather|RainDance|[upkeep]
|upkeep
|
|t:|1769430684
|switch|p1a: SKEWMA|Barraskewda, F|27/100
|turn|33
|
|t:|1769430688
|move|p1a: SKEWMA|Close Combat|p2a: Iron Valiant
|-resisted|p2a: Iron Valiant
|-damage|p2a: Iron Valiant|0 fnt
|-unboost|p1a: SKEWMA|def|1
|-unboost|p1a: SKEWMA|spd|1
|faint|p2a: Iron Valiant
|-end|p2a: Iron Valiant|Quark Drive|[silent]
|
|-weather|RainDance|[upkeep]
|upkeep
|
|t:|1769430693
|switch|p2a: Ogerpon|Ogerpon-Wellspring, F|76/100
|turn|34
|
|t:|1769430697
|move|p1a: SKEWMA|Close Combat|p2a: Ogerpon
|-damage|p2a: Ogerpon|0 fnt
|-unboost|p1a: SKEWMA|def|1
|-unboost|p1a: SKEWMA|spd|1
|faint|p2a: Ogerpon
|
|-weather|none
|upkeep
|
|t:|1769430700
|switch|p2a: Cinderace|Cinderace, M|56/100
|turn|35
|
|t:|1769430706
|switch|p1a: NIGEL|Pelipper, F, tera:Grass|58/100
|-weather|RainDance|[from] ability: Drizzle|[of] p1a: NIGEL
|move|p2a: Cinderace|Gunk Shot|p1a: NIGEL
|-start|p2a: Cinderace|typechange|Poison|[from] ability: Libero
|-supereffective|p1a: NIGEL
|-damage|p1a: NIGEL|0 fnt
|faint|p1a: NIGEL
|
|-weather|RainDance|[upkeep]
|upkeep
|
|t:|1769430708
|switch|p1a: SKEWMA|Barraskewda, F|27/100
|turn|36
|
|t:|1769430714
|move|p1a: SKEWMA|Aqua Jet|p2a: Cinderace
|-damage|p2a: Cinderace|0 fnt
|faint|p2a: Cinderace
|
|win|bvcnmkor85471
|raw|bvcnmkor85471's rating: 1183 &rarr; <strong>1213</strong><br />(+30 for winning)
|raw|VelvetThunder69's rating: 1254 &rarr; <strong>1224</strong><br />(-30 for losing)
|l|☆VelvetThunder69
|player|p2|
|l|☆bvcnmkor85471
|player|p1|
