|j|☆praveenkumart236
|j|☆OP Sand
|t:|1769342239
|gametype|singles
|player|p1|praveenkumart236|170|1615
|player|p2|OP Sand|giovanni-masters|1659
|gen|9
|tier|[Gen 9] OU
|rated|
|rule|HP Percentage Mod: HP is shown in percentages
|rule|Endless Battle Clause: Forcing endless battles is banned
|rule|Species Clause: Limit one of each Pokémon
|rule|OHKO Clause: OHKO moves are banned
|rule|Evasion Items Clause: Evasion items are banned
|rule|Evasion Moves Clause: Evasion moves are banned
|rule|Evasion Abilities Clause: Evasion abilities are banned
|rule|Sleep Moves Clause: Sleep-inducing moves are banned
|clearpoke
|poke|p1|Farigiraf, M|
|poke|p1|Kingambit, F|
|poke|p1|Raging Bolt|
|poke|p1|Pecharunt|
|poke|p1|Great Tusk|
|poke|p1|Grimmsnarl, M|
|poke|p2|Excadrill, M|
|poke|p2|Tyranitar, F|
|poke|p2|Kyurem|
|poke|p2|Hawlucha, M|
|poke|p2|Pawmot, M|
|poke|p2|Azelf|
|teampreview
|inactive|Battle timer is ON: inactive players will automatically lose when time's up. (requested by praveenkumart236)
|inactive|OP Sand also wants the timer to be on.
|
|t:|1769342252
|teamsize|p1|6
|teamsize|p2|6
|start
|switch|p1a: Grimmsnarl|Grimmsnarl, M|100/100
|switch|p2a: OP|Excadrill, M|100/100
|turn|1
|
|t:|1769342261
|move|p1a: Grimmsnarl|Reflect|p1a: Grimmsnarl
|-sidestart|p1: praveenkumart236|Reflect
|move|p2a: OP|Iron Head|p1a: Grimmsnarl
|-supereffective|p1a: Grimmsnarl
|-damage|p1a: Grimmsnarl|13/100
|
|upkeep
|turn|2
|
|t:|1769342269
|switch|p2a: Shukaku|Tyranitar, F, shiny|100/100
|-weather|Sandstorm|[from] ability: Sand Stream|[of] p2a: Shukaku
|move|p1a: Grimmsnarl|Parting Shot|p2a: Shukaku
|-hint|Since gen 7, Dark is immune to Prankster moves.
|-immune|p2a: Shukaku
|
|-weather|Sandstorm|[upkeep]
|-damage|p1a: Grimmsnarl|7/100|[from] Sandstorm
|upkeep
|turn|3
|
|t:|1769342288
|move|p2a: Shukaku|Ice Beam|p1a: Grimmsnarl
|-damage|p1a: Grimmsnarl|0 fnt
|faint|p1a: Grimmsnarl
|
|-weather|Sandstorm|[upkeep]
|upkeep
|
|t:|1769342303
|switch|p1a: Great Tusk|Great Tusk|100/100
|-enditem|p1a: Great Tusk|Booster Energy
|-activate|p1a: Great Tusk|ability: Protosynthesis|[fromitem]
|-start|p1a: Great Tusk|protosynthesisspe
|turn|4
|
|t:|1769342331
|move|p1a: Great Tusk|Stealth Rock|p2a: Shukaku
|-sidestart|p2: OP Sand|move: Stealth Rock
|move|p2a: Shukaku|Ice Beam|p1a: Great Tusk
|-supereffective|p1a: Great Tusk
|-damage|p1a: Great Tusk|38/100
|
|-weather|Sandstorm|[upkeep]
|upkeep
|turn|5
|
|t:|1769342337
|move|p1a: Great Tusk|Headlong Rush|p2a: Shukaku
|-supereffective|p2a: Shukaku
|-damage|p2a: Shukaku|32/100
|-unboost|p1a: Great Tusk|def|1
|-unboost|p1a: Great Tusk|spd|1
|move|p2a: Shukaku|Ice Beam|p1a: Great Tusk
|-supereffective|p1a: Great Tusk
|-damage|p1a: Great Tusk|0 fnt
|faint|p1a: Great Tusk
|-end|p1a: Great Tusk|Protosynthesis|[silent]
|
|-weather|Sandstorm|[upkeep]
|upkeep
|
|t:|1769342349
|switch|p1a: Farigiraf|Farigiraf, M|100/100
|turn|6
|
|t:|1769342363
|switch|p2a: Itachi|Hawlucha, M, shiny|100/100
|-damage|p2a: Itachi|88/100|[from] Stealth Rock
|-ability|p2a: Itachi|Mold Breaker
|move|p1a: Farigiraf|Nasty Plot|p1a: Farigiraf
|-boost|p1a: Farigiraf|spa|2
|
|-weather|Sandstorm|[upkeep]
|-damage|p2a: Itachi|82/100|[from] Sandstorm
|-damage|p1a: Farigiraf|94/100|[from] Sandstorm
|-heal|p1a: Farigiraf|100/100|[from] item: Leftovers
|upkeep
|turn|7
|
|t:|1769342380
|switch|p1a: Pecharunt|Pecharunt|100/100
|-item|p1a: Pecharunt|Air Balloon
|move|p2a: Itachi|Encore||[still]
|-fail|p2a: Itachi
|
|-weather|Sandstorm|[upkeep]
|-damage|p2a: Itachi|76/100|[from] Sandstorm
|-damage|p1a: Pecharunt|94/100|[from] Sandstorm
|upkeep
|turn|8
|
|t:|1769342394
|move|p2a: Itachi|Defog|p1a: Pecharunt
|-unboost|p1a: Pecharunt|evasion|1
|-sideend|p1: praveenkumart236|Reflect
|-sideend|p2: OP Sand|Stealth Rock|[from] move: Defog|[of] p2a: Itachi
|move|p1a: Pecharunt|Shadow Ball|p2a: Itachi
|-damage|p2a: Itachi|34/100
|-enditem|p2a: Itachi|Red Card|[of] p1a: Pecharunt
|drag|p1a: Kingambit|Kingambit, F|100/100
|-activate|p1a: Kingambit|ability: Supreme Overlord
|-start|p1a: Kingambit|fallen2|[silent]
|
|-weather|Sandstorm|[upkeep]
|-damage|p2a: Itachi|28/100|[from] Sandstorm
|upkeep
|turn|9
|
|t:|1769342415
|-end|p1a: Kingambit|fallen2|[silent]
|switch|p1a: Pecharunt|Pecharunt|94/100
|-item|p1a: Pecharunt|Air Balloon
|move|p2a: Itachi|Brave Bird|p1a: Pecharunt
|-crit|p1a: Pecharunt
|-damage|p1a: Pecharunt|47/100
|-enditem|p1a: Pecharunt|Air Balloon
|-damage|p2a: Itachi|8/100|[from] Recoil
|
|-weather|none
|upkeep
|turn|10
|
|t:|1769342425
|move|p2a: Itachi|Brave Bird|p1a: Pecharunt
|-damage|p1a: Pecharunt|18/100
|-damage|p2a: Itachi|0 fnt|[from] Recoil
|faint|p2a: Itachi
|move|p1a: Pecharunt|Recover|p1a: Pecharunt
|-heal|p1a: Pecharunt|68/100
|
|upkeep
|
|t:|1769342429
|switch|p2a: Azelf|Azelf|100/100
|turn|11
|
|t:|1769342433
|move|p2a: Azelf|Magic Room|p2a: Azelf
|-fieldstart|move: Magic Room|[of] p2a: Azelf
|move|p1a: Pecharunt|Malignant Chain|p2a: Azelf
|-damage|p2a: Azelf|54/100
|-status|p2a: Azelf|tox
|-start|p2a: Azelf|confusion|[from] ability: Poison Puppeteer|[of] p1a: Pecharunt
|
|-damage|p2a: Azelf|47/100 tox|[from] psn
|upkeep
|turn|12
|
|t:|1769342450
|-activate|p2a: Azelf|confusion
|move|p2a: Azelf|Psychic|p1a: Pecharunt
|-supereffective|p1a: Pecharunt
|-damage|p1a: Pecharunt|0 fnt
|faint|p1a: Pecharunt
|
|-damage|p2a: Azelf|35/100 tox|[from] psn
|upkeep
|
|t:|1769342457
|switch|p1a: Farigiraf|Farigiraf, M|100/100
|turn|13
|
|t:|1769342472
|switch|p2a: OP|Excadrill, M|100/100
|move|p1a: Farigiraf|Nasty Plot|p1a: Farigiraf
|-boost|p1a: Farigiraf|spa|2
|
|upkeep
|turn|14
|
|t:|1769342480
|move|p2a: OP|Earthquake|p1a: Farigiraf
|-damage|p1a: Farigiraf|37/100
|move|p1a: Farigiraf|Trick Room|p1a: Farigiraf
|-fieldstart|move: Trick Room|[of] p1a: Farigiraf
|
|upkeep
|turn|15
|
|t:|1769342499
|switch|p2a: Shukaku|Tyranitar, F, shiny|32/100
|-weather|Sandstorm|[from] ability: Sand Stream|[of] p2a: Shukaku
|-terastallize|p1a: Farigiraf|Fighting
|move|p1a: Farigiraf|Tera Blast|p2a: Shukaku|[anim] Tera Blast Fighting
|-supereffective|p2a: Shukaku
|-damage|p2a: Shukaku|0 fnt
|faint|p2a: Shukaku
|
|-weather|Sandstorm|[upkeep]
|-damage|p1a: Farigiraf|31/100|[from] Sandstorm
|-fieldend|move: Magic Room|[of] p2: Azelf
|upkeep
|
|t:|1769342503
|switch|p2a: Frieza|Kyurem, shiny|100/100
|-ability|p2a: Frieza|Pressure
|turn|16
|
|t:|1769342507
|-terastallize|p2a: Frieza|Ghost
|move|p1a: Farigiraf|Tera Blast|p2a: Frieza|[anim] Tera Blast Fighting
|-immune|p2a: Frieza
|move|p2a: Frieza|Shadow Ball|p1a: Farigiraf
|-damage|p1a: Farigiraf|0 fnt
|faint|p1a: Farigiraf
|
|-weather|Sandstorm|[upkeep]
|-damage|p2a: Frieza|94/100|[from] Sandstorm
|upkeep
|
|t:|1769342520
|switch|p1a: Raging Bolt|Raging Bolt|100/100
|-enditem|p1a: Raging Bolt|Booster Energy
|-activate|p1a: Raging Bolt|ability: Protosynthesis|[fromitem]
|-start|p1a: Raging Bolt|protosynthesisspa
|turn|17
|
|t:|1769342546
|move|p1a: Raging Bolt|Calm Mind|p1a: Raging Bolt
|-boost|p1a: Raging Bolt|spa|1
|-boost|p1a: Raging Bolt|spd|1
|move|p2a: Frieza|Freeze-Dry|p1a: Raging Bolt
|-supereffective|p1a: Raging Bolt
|-damage|p1a: Raging Bolt|43/100
|
|-weather|Sandstorm|[upkeep]
|-damage|p1a: Raging Bolt|37/100|[from] Sandstorm
|-damage|p2a: Frieza|88/100|[from] Sandstorm
|upkeep
|turn|18
|
|t:|1769342554
|switch|p2a: Azelf|Azelf|35/100 tox
|move|p1a: Raging Bolt|Thunderbolt|p2a: Azelf
|-damage|p2a: Azelf|0 fnt
|faint|p2a: Azelf
|
|-weather|Sandstorm|[upkeep]
|-damage|p1a: Raging Bolt|31/100|[from] Sandstorm
|-fieldend|move: Trick Room
|upkeep
|
|t:|1769342560
|switch|p2a: OP|Excadrill, M|100/100
|turn|19
|
|t:|1769342564
|move|p2a: OP|Earthquake|p1a: Raging Bolt
|-supereffective|p1a: Raging Bolt
|-damage|p1a: Raging Bolt|0 fnt
|faint|p1a: Raging Bolt
|-end|p1a: Raging Bolt|Protosynthesis|[silent]
|
|-weather|none
|upkeep
|
|t:|1769342567
|switch|p1a: Kingambit|Kingambit, F|100/100
|-activate|p1a: Kingambit|ability: Supreme Overlord
|-start|p1a: Kingambit|fallen5|[silent]
|turn|20
|
|t:|1769342576
|switch|p2a: Porunga|Pawmot, M|100/100
|move|p1a: Kingambit|Sucker Punch||[still]
|-fail|p1a: Kingambit
|
|upkeep
|turn|21
|
|t:|1769342581
|move|p2a: Porunga|Revival Blessing|p2a: Porunga
|-enditem|p2a: Porunga|Leppa Berry|[eat]
|-activate|p2a: Porunga|item: Leppa Berry|Revival Blessing|[consumed]
|
|t:|1769342585
|-heal|p2: Itachi|50/100|[from] move: Revival Blessing
|move|p1a: Kingambit|Swords Dance|p1a: Kingambit
|-boost|p1a: Kingambit|atk|2
|
|upkeep
|turn|22
|
|t:|1769342595
|move|p2a: Porunga|Revival Blessing|p2a: Porunga
|
|t:|1769342615
|-heal|p2: Azelf|50/100|[from] move: Revival Blessing
|move|p1a: Kingambit|Kowtow Cleave|p2a: Porunga
|-resisted|p2a: Porunga
|-damage|p2a: Porunga|0 fnt
|faint|p2a: Porunga
|
|upkeep
|
|t:|1769342620
|switch|p2a: Itachi|Hawlucha, M, shiny|50/100
|-ability|p2a: Itachi|Mold Breaker
|turn|23
|
|t:|1769342628
|move|p2a: Itachi|Encore|p1a: Kingambit
|-start|p1a: Kingambit|Encore
|move|p1a: Kingambit|Kowtow Cleave|p2a: Itachi
|-resisted|p2a: Itachi
|-damage|p2a: Itachi|0 fnt
|faint|p2a: Itachi
|
|upkeep
|
|t:|1769342631
|switch|p2a: OP|Excadrill, M|100/100
|turn|24
|
|t:|1769342637
|move|p2a: OP|Earthquake|p1a: Kingambit
|-supereffective|p1a: Kingambit
|-damage|p1a: Kingambit|0 fnt
|faint|p1a: Kingambit
|-end|p1a: Kingambit|fallen5|[silent]
|
|win|OP Sand
|raw|praveenkumart236's rating: 1615 &rarr; <strong>1598</strong><br />(-17 for losing)
|raw|OP Sand's rating: 1659 &rarr; <strong>1676</strong><br />(+17 for winning)
|l|☆praveenkumart236
|player|p1|
|l|☆OP Sand
|player|p2|
