|j|☆yakomin
|j|☆HellYeah2167
|t:|1769356294
|gametype|singles
|player|p1|yakomin|lillie|1166
|player|p2|HellYeah2167|palmer|1217
|gen|9
|tier|[Gen 9] OU
|rated|
|rule|HP Percentage Mod: HP is shown in percentages
|rule|Endless Battle Clause: Forcing endless battles is banned
|rule|Species Clause: Limit one of each Pokémon
|rule|OHKO Clause: OHKO moves are banned
|rule|Evasion Items Clause: Evasion items are banned
|rule|Evasion Moves Clause: Evasion moves are banned
|rule|Evasion Abilities Clause: Evasion abilities are banned
|rule|Sleep Moves Clause: Sleep-inducing moves are banned
|clearpoke
|poke|p1|Walking Wake|
|poke|p1|Great Tusk|
|poke|p1|Torkoal, F|
|poke|p1|Raging Bolt|
|poke|p1|Slither Wing|
|poke|p1|Enamorus, F|
|poke|p2|Dondozo, M|
|poke|p2|Blissey, F|
|poke|p2|Corviknight, F|
|poke|p2|Weezing-Galar, F|
|poke|p2|Gliscor, M|
|poke|p2|Toxapex, M|
|teampreview
|inactive|Battle timer is ON: inactive players will automatically lose when time's up. (requested by yakomin)
|
|t:|1769356309
|teamsize|p1|6
|teamsize|p2|6
|start
|switch|p1a: Enamorus|Enamorus, F|100/100
|switch|p2a: Weezing|Weezing-Galar, F|100/100
|-ability|p2a: Weezing|Neutralizing Gas
|turn|1
|
|t:|1769356337
|move|p1a: Enamorus|Earth Power|p2a: Weezing
|-supereffective|p2a: Weezing
|-damage|p2a: Weezing|7/100
|move|p2a: Weezing|Toxic Spikes|p1a: Enamorus
|-sidestart|p1: yakomin|move: Toxic Spikes
|
|upkeep
|turn|2
|
|t:|1769356348
|-end|p2a: Weezing|ability: Neutralizing Gas
|switch|p2a: Dondozo|Dondozo, M|100/100
|move|p1a: Enamorus|Moonblast|p2a: Dondozo
|-damage|p2a: Dondozo|51/100
|
|-heal|p2a: Dondozo|57/100|[from] item: Leftovers
|upkeep
|turn|3
|
|t:|1769356357
|move|p1a: Enamorus|Calm Mind|p1a: Enamorus
|-boost|p1a: Enamorus|spa|1
|-boost|p1a: Enamorus|spd|1
|move|p2a: Dondozo|Avalanche|p1a: Enamorus
|-supereffective|p1a: Enamorus
|-damage|p1a: Enamorus|56/100
|
|-heal|p1a: Enamorus|62/100|[from] item: Leftovers
|-heal|p2a: Dondozo|63/100|[from] item: Leftovers
|upkeep
|turn|4
|
|t:|1769356367
|switch|p2a: Blissey|Blissey, F|100/100
|move|p1a: Enamorus|Moonblast|p2a: Blissey
|-damage|p2a: Blissey|78/100
|
|-heal|p1a: Enamorus|69/100|[from] item: Leftovers
|-heal|p2a: Blissey|84/100|[from] item: Leftovers
|upkeep
|turn|5
|
|t:|1769356376
|switch|p1a: Great Tusk|Great Tusk|100/100
|-status|p1a: Great Tusk|psn
|move|p2a: Blissey|Stealth Rock|p1a: Great Tusk
|-sidestart|p1: yakomin|move: Stealth Rock
|
|-heal|p2a: Blissey|91/100|[from] item: Leftovers
|-damage|p1a: Great Tusk|88/100 psn|[from] psn
|upkeep
|turn|6
|
|t:|1769356386
|switch|p2a: Gliscor|Gliscor, M|100/100
|move|p1a: Great Tusk|Rapid Spin|p2a: Gliscor
|-damage|p2a: Gliscor|88/100
|-boost|p1a: Great Tusk|spe|1
|-sideend|p1: yakomin|Toxic Spikes|[from] move: Rapid Spin|[of] p1a: Great Tusk
|-sideend|p1: yakomin|Stealth Rock|[from] move: Rapid Spin|[of] p1a: Great Tusk
|
|-damage|p1a: Great Tusk|76/100 psn|[from] psn
|-status|p2a: Gliscor|tox|[from] item: Toxic Orb
|upkeep
|turn|7
|
|t:|1769356397
|move|p1a: Great Tusk|Ice Spinner|p2a: Gliscor
|-supereffective|p2a: Gliscor
|-damage|p2a: Gliscor|20/100 tox
|move|p2a: Gliscor|Knock Off|p1a: Great Tusk
|-resisted|p1a: Great Tusk
|-damage|p1a: Great Tusk|70/100 psn
|-enditem|p1a: Great Tusk|Assault Vest|[from] move: Knock Off|[of] p2a: Gliscor
|
|-damage|p1a: Great Tusk|58/100 psn|[from] psn
|-heal|p2a: Gliscor|33/100 tox|[from] ability: Poison Heal
|upkeep
|turn|8
|
|t:|1769356407
|move|p2a: Gliscor|Protect|p2a: Gliscor
|-singleturn|p2a: Gliscor|Protect
|move|p1a: Great Tusk|Ice Spinner|p2a: Gliscor
|-activate|p2a: Gliscor|move: Protect
|
|-damage|p1a: Great Tusk|45/100 psn|[from] psn
|-heal|p2a: Gliscor|45/100 tox|[from] ability: Poison Heal
|upkeep
|turn|9
|
|t:|1769356420
|switch|p2a: Dondozo|Dondozo, M|63/100
|move|p1a: Great Tusk|Ice Spinner|p2a: Dondozo
|-resisted|p2a: Dondozo
|-damage|p2a: Dondozo|58/100
|
|-heal|p2a: Dondozo|65/100|[from] item: Leftovers
|-damage|p1a: Great Tusk|33/100 psn|[from] psn
|upkeep
|turn|10
|
|t:|1769356432
|-end|p1a: Great Tusk|Protosynthesis|[silent]
|switch|p1a: Raging Bolt|Raging Bolt|100/100
|move|p2a: Dondozo|Body Press|p1a: Raging Bolt
|-damage|p1a: Raging Bolt|79/100
|
|-heal|p2a: Dondozo|71/100|[from] item: Leftovers
|upkeep
|turn|11
|
|t:|1769356447
|switch|p2a: Blissey|Blissey, F|91/100
|move|p1a: Raging Bolt|Draco Meteor|p2a: Blissey
|-damage|p2a: Blissey|53/100
|-unboost|p1a: Raging Bolt|spa|2
|
|-heal|p2a: Blissey|59/100|[from] item: Leftovers
|upkeep
|turn|12
|
|t:|1769356456
|-end|p1a: Raging Bolt|Protosynthesis|[silent]
|switch|p1a: Torkoal|Torkoal, F|100/100
|-weather|SunnyDay|[from] ability: Drought|[of] p1a: Torkoal
|move|p2a: Blissey|Soft-Boiled|p2a: Blissey
|-heal|p2a: Blissey|100/100
|
|-weather|SunnyDay|[upkeep]
|upkeep
|turn|13
|
|t:|1769356465
|switch|p1a: Slither Wing|Slither Wing|100/100
|-activate|p1a: Slither Wing|ability: Protosynthesis
|-start|p1a: Slither Wing|protosynthesisatk
|move|p2a: Blissey|Stealth Rock|p1a: Slither Wing
|-sidestart|p1: yakomin|move: Stealth Rock
|
|-weather|SunnyDay|[upkeep]
|upkeep
|turn|14
|
|t:|1769356479
|switch|p2a: Toxapex|Toxapex, M|100/100
|move|p1a: Slither Wing|Flame Charge|p2a: Toxapex
|-resisted|p2a: Toxapex
|-damage|p2a: Toxapex|87/100
|-boost|p1a: Slither Wing|spe|1
|
|-weather|SunnyDay|[upkeep]
|-heal|p2a: Toxapex|94/100|[from] item: Leftovers
|upkeep
|turn|15
|
|t:|1769356488
|move|p1a: Slither Wing|Earthquake|p2a: Toxapex
|-supereffective|p2a: Toxapex
|-damage|p2a: Toxapex|17/100
|move|p2a: Toxapex|Toxic|p1a: Slither Wing
|-status|p1a: Slither Wing|tox
|
|-weather|SunnyDay|[upkeep]
|-heal|p2a: Toxapex|23/100|[from] item: Leftovers
|-damage|p1a: Slither Wing|94/100 tox|[from] psn
|upkeep
|turn|16
|
|t:|1769356505
|switch|p2a: Dondozo|Dondozo, M|71/100
|move|p1a: Slither Wing|Earthquake|p2a: Dondozo
|-damage|p2a: Dondozo|51/100
|
|-weather|SunnyDay|[upkeep]
|-heal|p2a: Dondozo|57/100|[from] item: Leftovers
|-damage|p1a: Slither Wing|82/100 tox|[from] psn
|upkeep
|turn|17
|
|t:|1769356527
|-end|p1a: Slither Wing|Protosynthesis|[silent]
|switch|p1a: Walking Wake|Walking Wake|100/100
|-damage|p1a: Walking Wake|88/100|[from] Stealth Rock
|-activate|p1a: Walking Wake|ability: Protosynthesis
|-start|p1a: Walking Wake|protosynthesisspa
|move|p2a: Dondozo|Rest|p2a: Dondozo
|-status|p2a: Dondozo|slp|[from] move: Rest
|-heal|p2a: Dondozo|100/100 slp|[silent]
|
|-weather|SunnyDay|[upkeep]
|upkeep
|turn|18
|
|t:|1769356538
|switch|p2a: Blissey|Blissey, F|100/100
|move|p1a: Walking Wake|Draco Meteor|p2a: Blissey
|-crit|p2a: Blissey
|-damage|p2a: Blissey|52/100
|-unboost|p1a: Walking Wake|spa|2
|-damage|p1a: Walking Wake|78/100|[from] item: Life Orb
|
|-weather|SunnyDay|[upkeep]
|-heal|p2a: Blissey|58/100|[from] item: Leftovers
|upkeep
|turn|19
|
|t:|1769356548
|move|p1a: Walking Wake|Flip Turn|p2a: Blissey
|-damage|p2a: Blissey|48/100
|-damage|p1a: Walking Wake|69/100|[from] item: Life Orb
|
|t:|1769356552
|-end|p1a: Walking Wake|Protosynthesis|[silent]
|switch|p1a: Great Tusk|Great Tusk|33/100 psn|[from] Flip Turn
|-damage|p1a: Great Tusk|30/100 psn|[from] Stealth Rock
|-activate|p1a: Great Tusk|ability: Protosynthesis
|-start|p1a: Great Tusk|protosynthesisdef
|move|p2a: Blissey|Soft-Boiled|p2a: Blissey
|-heal|p2a: Blissey|98/100
|
|-weather|none
|-end|p1a: Great Tusk|Protosynthesis
|-heal|p2a: Blissey|100/100|[from] item: Leftovers
|-damage|p1a: Great Tusk|17/100 psn|[from] psn
|upkeep
|turn|20
|
|t:|1769356564
|switch|p2a: Dondozo|Dondozo, M|100/100 slp
|move|p1a: Great Tusk|Rapid Spin|p2a: Dondozo
|-damage|p2a: Dondozo|94/100 slp
|-boost|p1a: Great Tusk|spe|1
|-sideend|p1: yakomin|Stealth Rock|[from] move: Rapid Spin|[of] p1a: Great Tusk
|
|-heal|p2a: Dondozo|99/100 slp|[from] item: Leftovers
|-damage|p1a: Great Tusk|5/100 psn|[from] psn
|upkeep
|turn|21
|
|t:|1769356573
|move|p1a: Great Tusk|Headlong Rush|p2a: Dondozo
|-damage|p2a: Dondozo|78/100 slp
|-unboost|p1a: Great Tusk|def|1
|-unboost|p1a: Great Tusk|spd|1
|cant|p2a: Dondozo|slp
|move|p2a: Dondozo|Sleep Talk|p2a: Dondozo
|move|p2a: Dondozo|Body Press|p1a: Great Tusk|[from] move: Sleep Talk
|-damage|p1a: Great Tusk|0 fnt
|faint|p1a: Great Tusk
|-end|p1a: Great Tusk|Protosynthesis|[silent]
|
|-heal|p2a: Dondozo|85/100 slp|[from] item: Leftovers
|upkeep
|
|t:|1769356582
|switch|p1a: Enamorus|Enamorus, F|69/100
|turn|22
|
|t:|1769356606
|switch|p2a: Weezing|Weezing-Galar, F|7/100
|-ability|p2a: Weezing|Neutralizing Gas
|move|p1a: Enamorus|Calm Mind|p1a: Enamorus
|-boost|p1a: Enamorus|spa|1
|-boost|p1a: Enamorus|spd|1
|
|-heal|p1a: Enamorus|75/100|[from] item: Leftovers
|upkeep
|turn|23
|
|t:|1769356629
|move|p1a: Enamorus|Moonblast|p2a: Weezing
|-resisted|p2a: Weezing
|-damage|p2a: Weezing|0 fnt
|faint|p2a: Weezing
|-end|p2a: Weezing|ability: Neutralizing Gas
|
|-heal|p1a: Enamorus|81/100|[from] item: Leftovers
|upkeep
|inactive|HellYeah2167 has 120 seconds left.
|
|t:|1769356646
|switch|p2a: Blissey|Blissey, F|100/100
|turn|24
|
|t:|1769356655
|move|p1a: Enamorus|Calm Mind|p1a: Enamorus
|-boost|p1a: Enamorus|spa|1
|-boost|p1a: Enamorus|spd|1
|move|p2a: Blissey|Stealth Rock|p1a: Enamorus
|-sidestart|p1: yakomin|move: Stealth Rock
|
|-heal|p1a: Enamorus|87/100|[from] item: Leftovers
|upkeep
|turn|25
|
|t:|1769356661
|-terastallize|p1a: Enamorus|Fairy
|move|p1a: Enamorus|Moonblast|p2a: Blissey
|-damage|p2a: Blissey|56/100
|-unboost|p2a: Blissey|spa|1
|move|p2a: Blissey|Calm Mind|p2a: Blissey
|-boost|p2a: Blissey|spa|1
|-boost|p2a: Blissey|spd|1
|
|-heal|p1a: Enamorus|94/100|[from] item: Leftovers
|-heal|p2a: Blissey|63/100|[from] item: Leftovers
|upkeep
|turn|26
|
|t:|1769356672
|move|p1a: Enamorus|Calm Mind|p1a: Enamorus
|-boost|p1a: Enamorus|spa|1
|-boost|p1a: Enamorus|spd|1
|move|p2a: Blissey|Soft-Boiled|p2a: Blissey
|-heal|p2a: Blissey|100/100
|
|-heal|p1a: Enamorus|99/100|[from] item: Leftovers
|upkeep
|turn|27
|
|t:|1769356700
|move|p1a: Enamorus|Calm Mind|p1a: Enamorus
|-boost|p1a: Enamorus|spa|1
|-boost|p1a: Enamorus|spd|1
|move|p2a: Blissey|Calm Mind|p2a: Blissey
|-boost|p2a: Blissey|spa|1
|-boost|p2a: Blissey|spd|1
|
|-heal|p1a: Enamorus|100/100|[from] item: Leftovers
|upkeep
|turn|28
|
|t:|1769356707
|move|p1a: Enamorus|Mystical Fire|p2a: Blissey
|-damage|p2a: Blissey|89/100
|-unboost|p2a: Blissey|spa|1
|move|p2a: Blissey|Calm Mind|p2a: Blissey
|-boost|p2a: Blissey|spa|1
|-boost|p2a: Blissey|spd|1
|
|-heal|p2a: Blissey|95/100|[from] item: Leftovers
|upkeep
|turn|29
|
|t:|1769356716
|move|p1a: Enamorus|Mystical Fire|p2a: Blissey
|-damage|p2a: Blissey|86/100
|-unboost|p2a: Blissey|spa|1
|move|p2a: Blissey|Calm Mind|p2a: Blissey
|-boost|p2a: Blissey|spa|1
|-boost|p2a: Blissey|spd|1
|
|-heal|p2a: Blissey|92/100|[from] item: Leftovers
|upkeep
|turn|30
|
|t:|1769356724
|move|p1a: Enamorus|Mystical Fire|p2a: Blissey
|-damage|p2a: Blissey|84/100
|-unboost|p2a: Blissey|spa|1
|move|p2a: Blissey|Calm Mind|p2a: Blissey
|-boost|p2a: Blissey|spa|1
|-boost|p2a: Blissey|spd|1
|
|-heal|p2a: Blissey|90/100|[from] item: Leftovers
|upkeep
|turn|31
|
|t:|1769356734
|switch|p1a: Slither Wing|Slither Wing|82/100 tox
|-damage|p1a: Slither Wing|70/100 tox|[from] Stealth Rock
|-enditem|p1a: Slither Wing|Booster Energy
|-activate|p1a: Slither Wing|ability: Protosynthesis|[fromitem]
|-start|p1a: Slither Wing|protosynthesisatk
|move|p2a: Blissey|Calm Mind|p2a: Blissey
|-boost|p2a: Blissey|spa|1
|-boost|p2a: Blissey|spd|1
|
|-heal|p2a: Blissey|97/100|[from] item: Leftovers
|-damage|p1a: Slither Wing|64/100 tox|[from] psn
|upkeep
|turn|32
|
|t:|1769356745
|switch|p2a: Dondozo|Dondozo, M|85/100 slp
|move|p1a: Slither Wing|First Impression|p2a: Dondozo
|-damage|p2a: Dondozo|56/100 slp
|
|-heal|p2a: Dondozo|62/100 slp|[from] item: Leftovers
|-damage|p1a: Slither Wing|52/100 tox|[from] psn
|upkeep
|turn|33
|
|t:|1769356755
|move|p1a: Slither Wing|Leech Life|p2a: Dondozo
|-damage|p2a: Dondozo|35/100 slp
|-heal|p1a: Slither Wing|73/100 tox|[from] drain|[of] p2a: Dondozo
|cant|p2a: Dondozo|slp
|move|p2a: Dondozo|Sleep Talk|p2a: Dondozo
|move|p2a: Dondozo|Avalanche|p1a: Slither Wing|[from] move: Sleep Talk
|-damage|p1a: Slither Wing|38/100 tox
|
|-heal|p2a: Dondozo|41/100 slp|[from] item: Leftovers
|-damage|p1a: Slither Wing|20/100 tox|[from] psn
|upkeep
|turn|34
|
|t:|1769356770
|move|p1a: Slither Wing|Leech Life|p2a: Dondozo
|-damage|p2a: Dondozo|17/100 slp
|-heal|p1a: Slither Wing|39/100 tox|[from] drain|[of] p2a: Dondozo
|-curestatus|p2a: Dondozo|slp|[msg]
|move|p2a: Dondozo|Rest|p2a: Dondozo
|-status|p2a: Dondozo|slp|[from] move: Rest
|-heal|p2a: Dondozo|100/100 slp|[silent]
|
|-damage|p1a: Slither Wing|15/100 tox|[from] psn
|upkeep
|turn|35
|
|t:|1769356783
|move|p1a: Slither Wing|Leech Life|p2a: Dondozo
|-damage|p2a: Dondozo|75/100 slp
|-heal|p1a: Slither Wing|35/100 tox|[from] drain|[of] p2a: Dondozo
|cant|p2a: Dondozo|slp
|move|p2a: Dondozo|Sleep Talk|p2a: Dondozo
|move|p2a: Dondozo|Avalanche|p1a: Slither Wing|[from] move: Sleep Talk
|-damage|p1a: Slither Wing|0 fnt
|faint|p1a: Slither Wing
|-end|p1a: Slither Wing|Protosynthesis|[silent]
|
|-heal|p2a: Dondozo|82/100 slp|[from] item: Leftovers
|upkeep
|
|t:|1769356795
|switch|p1a: Enamorus|Enamorus, F, tera:Fairy|100/100
|-damage|p1a: Enamorus|88/100|[from] Stealth Rock
|turn|36
|
|t:|1769356803
|switch|p2a: Toxapex|Toxapex, M|56/100
|move|p1a: Enamorus|Moonblast|p2a: Toxapex
|-resisted|p2a: Toxapex
|-damage|p2a: Toxapex|36/100
|-unboost|p2a: Toxapex|spa|1
|
|-heal|p1a: Enamorus|94/100|[from] item: Leftovers
|-heal|p2a: Toxapex|42/100|[from] item: Leftovers
|upkeep
|turn|37
|
|t:|1769356821
|switch|p2a: Gliscor|Gliscor, M|45/100 tox
|move|p1a: Enamorus|Earth Power|p2a: Gliscor
|-immune|p2a: Gliscor
|
|-heal|p1a: Enamorus|100/100|[from] item: Leftovers
|-heal|p2a: Gliscor|58/100 tox|[from] ability: Poison Heal
|upkeep
|turn|38
|
|t:|1769356829
|move|p2a: Gliscor|Protect|p2a: Gliscor
|-singleturn|p2a: Gliscor|Protect
|move|p1a: Enamorus|Moonblast|p2a: Gliscor
|-activate|p2a: Gliscor|move: Protect
|
|-heal|p2a: Gliscor|70/100 tox|[from] ability: Poison Heal
|upkeep
|turn|39
|
|t:|1769356837
|move|p1a: Enamorus|Moonblast|p2a: Gliscor
|-crit|p2a: Gliscor
|-damage|p2a: Gliscor|0 fnt
|faint|p2a: Gliscor
|
|upkeep
|c|☆yakomin|i hope you never play this game again
|c|☆yakomin|bum ass fucking stall team
|
|t:|1769356867
|switch|p2a: Blissey|Blissey, F|97/100
|turn|40
|
|t:|1769356888
|switch|p1a: Torkoal|Torkoal, F|100/100
|-damage|p1a: Torkoal|76/100|[from] Stealth Rock
|-weather|SunnyDay|[from] ability: Drought|[of] p1a: Torkoal
|move|p2a: Blissey|Calm Mind|p2a: Blissey
|-boost|p2a: Blissey|spa|1
|-boost|p2a: Blissey|spd|1
|
|-weather|SunnyDay|[upkeep]
|-heal|p2a: Blissey|100/100|[from] item: Leftovers
|upkeep
|turn|41
|inactive|HellYeah2167 has 120 seconds left.
|
|t:|1769356931
|switch|p2a: Dondozo|Dondozo, M|82/100 slp
|switch|p1a: Raging Bolt|Raging Bolt|79/100
|-damage|p1a: Raging Bolt|67/100|[from] Stealth Rock
|-activate|p1a: Raging Bolt|ability: Protosynthesis
|-start|p1a: Raging Bolt|protosynthesisspa
|
|-weather|SunnyDay|[upkeep]
|-heal|p2a: Dondozo|88/100 slp|[from] item: Leftovers
|upkeep
|turn|42
|
|t:|1769356944
|switch|p2a: Toxapex|Toxapex, M|75/100
|move|p1a: Raging Bolt|Draco Meteor|p2a: Toxapex
|-damage|p2a: Toxapex|0 fnt
|-unboost|p1a: Raging Bolt|spa|2
|faint|p2a: Toxapex
|
|-weather|SunnyDay|[upkeep]
|upkeep
|inactive|HellYeah2167 has 90 seconds left.
|c|☆HellYeah2167|misclick
|c|☆HellYeah2167|thats my b
|
|t:|1769356959
|switch|p2a: Blissey|Blissey, F|100/100
|turn|43
|c|☆yakomin|happens to the best of us
|inactive|HellYeah2167 has 90 seconds left.
|
|t:|1769356966
|move|p1a: Raging Bolt|Draco Meteor|p2a: Blissey
|-damage|p2a: Blissey|79/100
|-unboost|p1a: Raging Bolt|spa|2
|move|p2a: Blissey|Calm Mind|p2a: Blissey
|-boost|p2a: Blissey|spa|1
|-boost|p2a: Blissey|spd|1
|
|-weather|SunnyDay|[upkeep]
|-heal|p2a: Blissey|86/100|[from] item: Leftovers
|upkeep
|turn|44
|inactive|HellYeah2167 has 90 seconds left.
|
|t:|1769356978
|-end|p1a: Raging Bolt|Protosynthesis|[silent]
|switch|p1a: Enamorus|Enamorus, F, tera:Fairy|100/100
|-damage|p1a: Enamorus|88/100|[from] Stealth Rock
|move|p2a: Blissey|Calm Mind|p2a: Blissey
|-boost|p2a: Blissey|spa|1
|-boost|p2a: Blissey|spd|1
|
|-weather|SunnyDay|[upkeep]
|-heal|p1a: Enamorus|94/100|[from] item: Leftovers
|-heal|p2a: Blissey|92/100|[from] item: Leftovers
|upkeep
|turn|45
|
|t:|1769356988
|move|p1a: Enamorus|Moonblast|p2a: Blissey
|-damage|p2a: Blissey|80/100
|-unboost|p2a: Blissey|spa|1
|move|p2a: Blissey|Seismic Toss|p1a: Enamorus
|-damage|p1a: Enamorus|60/100
|
|-weather|SunnyDay|[upkeep]
|-heal|p1a: Enamorus|66/100|[from] item: Leftovers
|-heal|p2a: Blissey|86/100|[from] item: Leftovers
|upkeep
|turn|46
|
|t:|1769356997
|move|p1a: Enamorus|Moonblast|p2a: Blissey
|-damage|p2a: Blissey|76/100
|move|p2a: Blissey|Seismic Toss|p1a: Enamorus
|-damage|p1a: Enamorus|31/100
|
|-weather|SunnyDay|[upkeep]
|-heal|p1a: Enamorus|38/100|[from] item: Leftovers
|-heal|p2a: Blissey|82/100|[from] item: Leftovers
|upkeep
|turn|47
|
|t:|1769357012
|move|p1a: Enamorus|Calm Mind|p1a: Enamorus
|-boost|p1a: Enamorus|spa|1
|-boost|p1a: Enamorus|spd|1
|move|p2a: Blissey|Seismic Toss|p1a: Enamorus
|-damage|p1a: Enamorus|3/100
|
|-weather|none
|-heal|p1a: Enamorus|9/100|[from] item: Leftovers
|-heal|p2a: Blissey|88/100|[from] item: Leftovers
|upkeep
|turn|48
|
|t:|1769357037
|move|p1a: Enamorus|Moonblast|p2a: Blissey
|-damage|p2a: Blissey|73/100
|move|p2a: Blissey|Calm Mind|p2a: Blissey
|-boost|p2a: Blissey|spa|1
|-boost|p2a: Blissey|spd|1
|
|-heal|p1a: Enamorus|15/100|[from] item: Leftovers
|-heal|p2a: Blissey|79/100|[from] item: Leftovers
|upkeep
|turn|49
|
|t:|1769357045
|move|p1a: Enamorus|Moonblast|p2a: Blissey
|-damage|p2a: Blissey|65/100
|move|p2a: Blissey|Seismic Toss|p1a: Enamorus
|-damage|p1a: Enamorus|0 fnt
|faint|p1a: Enamorus
|
|-heal|p2a: Blissey|72/100|[from] item: Leftovers
|upkeep
|
|t:|1769357050
|switch|p1a: Torkoal|Torkoal, F|76/100
|-damage|p1a: Torkoal|51/100|[from] Stealth Rock
|-weather|SunnyDay|[from] ability: Drought|[of] p1a: Torkoal
|turn|50
|
|t:|1769357058
|move|p2a: Blissey|Soft-Boiled|p2a: Blissey
|-heal|p2a: Blissey|100/100
|move|p1a: Torkoal|Overheat|p2a: Blissey
|-damage|p2a: Blissey|91/100
|-unboost|p1a: Torkoal|spa|2
|
|-weather|SunnyDay|[upkeep]
|-heal|p2a: Blissey|98/100|[from] item: Leftovers
|upkeep
|turn|51
|
|t:|1769357066
|move|p2a: Blissey|Seismic Toss|p1a: Torkoal
|-damage|p1a: Torkoal|15/100
|move|p1a: Torkoal|Overheat|p2a: Blissey
|-damage|p2a: Blissey|93/100
|-unboost|p1a: Torkoal|spa|2
|
|-weather|SunnyDay|[upkeep]
|-heal|p2a: Blissey|99/100|[from] item: Leftovers
|upkeep
|turn|52
|inactive|HellYeah2167 has 120 seconds left.
|
|t:|1769357076
|move|p2a: Blissey|Seismic Toss|p1a: Torkoal
|-damage|p1a: Torkoal|0 fnt
|faint|p1a: Torkoal
|
|-weather|SunnyDay|[upkeep]
|-heal|p2a: Blissey|100/100|[from] item: Leftovers
|upkeep
|
|t:|1769357083
|switch|p1a: Walking Wake|Walking Wake|69/100
|-damage|p1a: Walking Wake|56/100|[from] Stealth Rock
|-activate|p1a: Walking Wake|ability: Protosynthesis
|-start|p1a: Walking Wake|protosynthesisspa
|turn|53
|
|t:|1769357090
|move|p1a: Walking Wake|Hydro Steam|p2a: Blissey
|-damage|p2a: Blissey|88/100
|-damage|p1a: Walking Wake|47/100|[from] item: Life Orb
|move|p2a: Blissey|Calm Mind|p2a: Blissey
|-boost|p2a: Blissey|spa|1
|-boost|p2a: Blissey|spd|1
|
|-weather|SunnyDay|[upkeep]
|-heal|p2a: Blissey|94/100|[from] item: Leftovers
|upkeep
|turn|54
|
|t:|1769357098
|move|p1a: Walking Wake|Hydro Steam|p2a: Blissey
|-damage|p2a: Blissey|84/100
|-damage|p1a: Walking Wake|37/100|[from] item: Life Orb
|move|p2a: Blissey|Calm Mind|p2a: Blissey
|-boost|p2a: Blissey|spa|1
|-boost|p2a: Blissey|spd|1
|
|-weather|SunnyDay|[upkeep]
|-heal|p2a: Blissey|90/100|[from] item: Leftovers
|upkeep
|turn|55
|c|☆yakomin|crits gonna happen sooner or later
|c|☆HellYeah2167|idk if itll do much more
|inactive|HellYeah2167 has 120 seconds left.
|c|☆HellYeah2167|401 base spd
|
|t:|1769357128
|move|p1a: Walking Wake|Hydro Steam|p2a: Blissey
|-damage|p2a: Blissey|80/100
|-damage|p1a: Walking Wake|27/100|[from] item: Life Orb
|move|p2a: Blissey|Seismic Toss|p1a: Walking Wake
|-damage|p1a: Walking Wake|0 fnt
|faint|p1a: Walking Wake
|-end|p1a: Walking Wake|Protosynthesis|[silent]
|
|-weather|SunnyDay|[upkeep]
|-heal|p2a: Blissey|86/100|[from] item: Leftovers
|upkeep
|
|t:|1769357131
|switch|p1a: Raging Bolt|Raging Bolt|67/100
|-damage|p1a: Raging Bolt|55/100|[from] Stealth Rock
|-activate|p1a: Raging Bolt|ability: Protosynthesis
|-start|p1a: Raging Bolt|protosynthesisspa
|turn|56
|
|t:|1769357143
|move|p1a: Raging Bolt|Draco Meteor|p2a: Blissey
|-damage|p2a: Blissey|74/100
|-unboost|p1a: Raging Bolt|spa|2
|move|p2a: Blissey|Seismic Toss|p1a: Raging Bolt
|-damage|p1a: Raging Bolt|33/100
|
|-weather|SunnyDay|[upkeep]
|-heal|p2a: Blissey|80/100|[from] item: Leftovers
|upkeep
|turn|57
|
|t:|1769357151
|move|p1a: Raging Bolt|Draco Meteor|p2a: Blissey
|-damage|p2a: Blissey|73/100
|-unboost|p1a: Raging Bolt|spa|2
|move|p2a: Blissey|Seismic Toss|p1a: Raging Bolt
|-damage|p1a: Raging Bolt|11/100
|
|-weather|none
|-end|p1a: Raging Bolt|Protosynthesis
|-heal|p2a: Blissey|80/100|[from] item: Leftovers
|upkeep
|turn|58
|c|☆yakomin|genuine question is this fun to you
|inactive|HellYeah2167 has 120 seconds left.
|c|☆HellYeah2167|its the game bro
|
|t:|1769357179
|move|p1a: Raging Bolt|Draco Meteor|p2a: Blissey
|-damage|p2a: Blissey|76/100
|-unboost|p1a: Raging Bolt|spa|2
|move|p2a: Blissey|Seismic Toss|p1a: Raging Bolt
|-damage|p1a: Raging Bolt|0 fnt
|faint|p1a: Raging Bolt
|-end|p1a: Raging Bolt|Protosynthesis|[silent]
|
|win|HellYeah2167
