|j|☆hackingefidiant
|j|☆CDCS5 leal
|t:|1769310355
|gametype|singles
|player|p1|hackingefidiant|unknownf|1549
|player|p2|CDCS5 leal|giovanni|1542
|gen|9
|tier|[Gen 9] OU
|rated|
|rule|HP Percentage Mod: HP is shown in percentages
|rule|Endless Battle Clause: Forcing endless battles is banned
|rule|Species Clause: Limit one of each Pokémon
|rule|OHKO Clause: OHKO moves are banned
|rule|Evasion Items Clause: Evasion items are banned
|rule|Evasion Moves Clause: Evasion moves are banned
|rule|Evasion Abilities Clause: Evasion abilities are banned
|rule|Sleep Moves Clause: Sleep-inducing moves are banned
|clearpoke
|poke|p1|Kyurem|
|poke|p1|Slowking-Galar, M|
|poke|p1|Alomomola, M|
|poke|p1|Great Tusk|
|poke|p1|Samurott-Hisui, M|
|poke|p1|Enamorus, F|
|poke|p2|Kingambit, M|
|poke|p2|Alomomola, F|
|poke|p2|Great Tusk|
|poke|p2|Tornadus-Therian, M|
|poke|p2|Kyurem|
|poke|p2|Pecharunt|
|teampreview
|
|t:|1769310382
|teamsize|p1|6
|teamsize|p2|6
|start
|switch|p1a: Kyurem|Kyurem|100/100
|switch|p2a: Kyurem|Kyurem|100/100
|-ability|p1a: Kyurem|Pressure
|-ability|p2a: Kyurem|Pressure
|turn|1
|
|t:|1769310404
|switch|p2a: Kingambit|Kingambit, M|100/100
|move|p1a: Kyurem|Draco Meteor|p2a: Kingambit
|-resisted|p2a: Kingambit
|-damage|p2a: Kingambit|53/100
|-unboost|p1a: Kyurem|spa|2
|
|-heal|p2a: Kingambit|59/100|[from] item: Leftovers
|upkeep
|turn|2
|inactive|Battle timer is ON: inactive players will automatically lose when time's up. (requested by CDCS5 leal)
|
|t:|1769310428
|switch|p1a: Alomomola|Alomomola, M|100/100
|move|p2a: Kingambit|Swords Dance|p2a: Kingambit
|-boost|p2a: Kingambit|atk|2
|
|-heal|p2a: Kingambit|65/100|[from] item: Leftovers
|upkeep
|turn|3
|
|t:|1769310437
|move|p2a: Kingambit|Kowtow Cleave|p1a: Alomomola
|-damage|p1a: Alomomola|48/100
|-damage|p2a: Kingambit|49/100|[from] item: Rocky Helmet|[of] p1a: Alomomola
|move|p1a: Alomomola|Flip Turn|p2a: Kingambit
|-damage|p2a: Kingambit|37/100
|
|t:|1769310451
|switch|p1a: Kyurem|Kyurem|100/100|[from] Flip Turn
|-ability|p1a: Kyurem|Pressure
|
|-heal|p2a: Kingambit|43/100|[from] item: Leftovers
|upkeep
|turn|4
|
|t:|1769310473
|-end|p2a: Kingambit|fallenundefined|[silent]
|switch|p2a: Tornadus|Tornadus-Therian, M|100/100
|move|p1a: Kyurem|Draco Meteor|p2a: Tornadus
|-damage|p2a: Tornadus|27/100
|-unboost|p1a: Kyurem|spa|2
|
|upkeep
|turn|5
|inactive|hackingefidiant has 120 seconds left.
|inactive|hackingefidiant has 90 seconds left.
|
|t:|1769310527
|move|p2a: Tornadus|Knock Off|p1a: Kyurem
|-damage|p1a: Kyurem|83/100
|-enditem|p1a: Kyurem|Choice Specs|[from] move: Knock Off|[of] p2a: Tornadus
|move|p1a: Kyurem|Draco Meteor|p2a: Tornadus
|-damage|p2a: Tornadus|2/100
|-unboost|p1a: Kyurem|spa|2
|
|upkeep
|turn|6
|inactive|hackingefidiant has 90 seconds left.
|
|t:|1769310541
|switch|p2a: Alomomola|Alomomola, F|100/100
|move|p1a: Kyurem|Freeze-Dry|p2a: Alomomola
|-supereffective|p2a: Alomomola
|-damage|p2a: Alomomola|69/100
|
|upkeep
|turn|7
|
|t:|1769310551
|switch|p1a: Slowking|Slowking-Galar, M|100/100
|move|p2a: Alomomola|Flip Turn|p1a: Slowking
|-damage|p1a: Slowking|82/100
|
|t:|1769310555
|switch|p2a: Kingambit|Kingambit, M|43/100|[from] Flip Turn
|
|-heal|p2a: Kingambit|49/100|[from] item: Leftovers
|upkeep
|turn|8
|
|t:|1769310561
|switch|p1a: Alomomola|Alomomola, M|81/100
|move|p2a: Kingambit|Kowtow Cleave|p1a: Alomomola
|-damage|p1a: Alomomola|56/100
|-damage|p2a: Kingambit|32/100|[from] item: Rocky Helmet|[of] p1a: Alomomola
|
|-heal|p2a: Kingambit|39/100|[from] item: Leftovers
|upkeep
|turn|9
|
|t:|1769310567
|-end|p2a: Kingambit|fallenundefined|[silent]
|switch|p2a: Tornadus|Tornadus-Therian, M|35/100
|move|p1a: Alomomola|Flip Turn|p2a: Tornadus
|-crit|p2a: Tornadus
|-damage|p2a: Tornadus|7/100
|
|t:|1769310581
|switch|p1a: Kyurem|Kyurem|83/100|[from] Flip Turn
|-ability|p1a: Kyurem|Pressure
|
|upkeep
|turn|10
|
|t:|1769310590
|switch|p2a: Alomomola|Alomomola, F|100/100
|move|p1a: Kyurem|Freeze-Dry|p2a: Alomomola
|-supereffective|p2a: Alomomola
|-damage|p2a: Alomomola|14/100
|
|upkeep
|turn|11
|
|t:|1769310603
|switch|p2a: Great Tusk|Great Tusk|100/100
|move|p1a: Kyurem|Ice Beam|p2a: Great Tusk
|-supereffective|p2a: Great Tusk
|-crit|p2a: Great Tusk
|-damage|p2a: Great Tusk|0 fnt
|faint|p2a: Great Tusk
|-end|p2a: Great Tusk|Protosynthesis|[silent]
|
|upkeep
|
|t:|1769310610
|switch|p2a: Kyurem|Kyurem|100/100
|-ability|p2a: Kyurem|Pressure
|turn|12
|inactive|hackingefidiant has 120 seconds left.
|
|t:|1769310628
|-terastallize|p2a: Kyurem|Ice
|move|p1a: Kyurem|Draco Meteor|p2a: Kyurem
|-damage|p2a: Kyurem|35/100
|-unboost|p1a: Kyurem|spa|2
|move|p2a: Kyurem|Ice Beam|p1a: Kyurem
|-damage|p1a: Kyurem|0 fnt
|faint|p1a: Kyurem
|
|upkeep
|
|t:|1769310650
|switch|p1a: Enamorus|Enamorus, F|100/100
|turn|13
|
|t:|1769310662
|switch|p2a: Pecharunt|Pecharunt|100/100
|move|p1a: Enamorus|Moonblast|p2a: Pecharunt
|-resisted|p2a: Pecharunt
|-damage|p2a: Pecharunt|73/100
|
|upkeep
|turn|14
|
|t:|1769310672
|switch|p1a: Slowking|Slowking-Galar, M|100/100
|move|p2a: Pecharunt|Parting Shot|p1a: Slowking
|-unboost|p1a: Slowking|atk|1
|-unboost|p1a: Slowking|spa|1
|
|t:|1769310681
|switch|p2a: Alomomola|Alomomola, F|47/100|[from] Parting Shot
|
|upkeep
|turn|15
|
|t:|1769310687
|move|p2a: Alomomola|Wish|p2a: Alomomola
|move|p1a: Slowking|Future Sight|p2a: Alomomola
|-start|p1a: Slowking|move: Future Sight
|
|upkeep
|turn|16
|inactive|hackingefidiant has 120 seconds left.
|
|t:|1769310692
|move|p2a: Alomomola|Flip Turn|p1a: Slowking
|-crit|p1a: Slowking
|-damage|p1a: Slowking|74/100
|
|t:|1769310696
|switch|p2a: Tornadus|Tornadus-Therian, M|41/100|[from] Flip Turn
|-prepare|p1a: Slowking|Chilly Reception|[premajor]
|move|p1a: Slowking|Chilly Reception|p1a: Slowking
|-weather|Snowscape
|inactive|hackingefidiant has 120 seconds left.
|inactive|hackingefidiant has 90 seconds left.
|
|t:|1769310745
|switch|p1a: Samurott|Samurott-Hisui, M|100/100|[from] Chilly Reception
|
|-weather|Snowscape|[upkeep]
|-heal|p2a: Tornadus|100/100|[from] move: Wish|[wisher] Alomomola
|upkeep
|turn|17
|
|t:|1769310756
|move|p2a: Tornadus|U-turn|p1a: Samurott
|-supereffective|p1a: Samurott
|-damage|p1a: Samurott|65/100
|
|t:|1769310764
|switch|p2a: Alomomola|Alomomola, F|81/100|[from] U-turn
|move|p1a: Samurott|Ceaseless Edge|p2a: Alomomola
|-crit|p2a: Alomomola
|-damage|p2a: Alomomola|26/100
|-sidestart|p2: CDCS5 leal|Spikes
|
|-weather|Snowscape|[upkeep]
|-end|p2a: Alomomola|move: Future Sight
|-damage|p2a: Alomomola|0 fnt
|faint|p2a: Alomomola
|upkeep
|
|t:|1769310774
|switch|p2a: Kyurem|Kyurem, tera:Ice|35/100
|-damage|p2a: Kyurem|22/100|[from] Spikes
|-ability|p2a: Kyurem|Pressure
|turn|18
|j| sagdomz2
|
|t:|1769310789
|switch|p1a: Slowking|Slowking-Galar, M|100/100
|move|p2a: Kyurem|Freeze-Dry|p1a: Slowking
|-damage|p1a: Slowking|61/100
|
|-weather|Snowscape|[upkeep]
|upkeep
|turn|19
|
|t:|1769310797
|move|p2a: Kyurem|Freeze-Dry|p1a: Slowking
|-damage|p1a: Slowking|18/100
|-prepare|p1a: Slowking|Chilly Reception|[premajor]
|move|p1a: Slowking|Chilly Reception|p1a: Slowking
|inactive|hackingefidiant has 90 seconds left.
|
|t:|1769310855
|switch|p1a: Enamorus|Enamorus, F|100/100|[from] Chilly Reception
|
|-weather|Snowscape|[upkeep]
|upkeep
|turn|20
|
|t:|1769310868
|switch|p2a: Tornadus|Tornadus-Therian, M|100/100
|move|p1a: Enamorus|Moonblast|p2a: Tornadus
|-damage|p2a: Tornadus|62/100
|-unboost|p2a: Tornadus|spa|1
|
|-weather|none
|upkeep
|turn|21
|
|t:|1769310880
|switch|p1a: Alomomola|Alomomola, M|90/100
|move|p2a: Tornadus|U-turn|p1a: Alomomola
|-damage|p1a: Alomomola|82/100
|-damage|p2a: Tornadus|46/100|[from] item: Rocky Helmet|[of] p1a: Alomomola
|
|t:|1769310884
|switch|p2a: Kyurem|Kyurem, tera:Ice|22/100|[from] U-turn
|-damage|p2a: Kyurem|10/100|[from] Spikes
|-ability|p2a: Kyurem|Pressure
|
|upkeep
|turn|22
|inactive|hackingefidiant has 60 seconds left.
|
|t:|1769310922
|-terastallize|p1a: Alomomola|Steel
|move|p2a: Kyurem|Freeze-Dry|p1a: Alomomola
|-resisted|p1a: Alomomola
|-damage|p1a: Alomomola|36/100
|move|p1a: Alomomola|Flip Turn|p2a: Kyurem
|-damage|p2a: Kyurem|0 fnt
|faint|p2a: Kyurem
|inactive|hackingefidiant has 30 seconds left.
|
|t:|1769310945
|switch|p1a: Samurott|Samurott-Hisui, M|65/100|[from] Flip Turn
|
|upkeep
|
|t:|1769310955
|switch|p2a: Pecharunt|Pecharunt|73/100
|turn|23
|inactive|hackingefidiant has 30 seconds left.
|
|t:|1769310971
|switch|p1a: Slowking|Slowking-Galar, M|51/100
|move|p2a: Pecharunt|Parting Shot|p1a: Slowking
|-unboost|p1a: Slowking|atk|1
|-unboost|p1a: Slowking|spa|1
|inactive|CDCS5 leal has 120 seconds left.
|
|t:|1769311003
|switch|p2a: Kingambit|Kingambit, M|39/100|[from] Parting Shot
|-damage|p2a: Kingambit|26/100|[from] Spikes
|-activate|p2a: Kingambit|ability: Supreme Overlord
|-start|p2a: Kingambit|fallen3|[silent]
|
|-heal|p2a: Kingambit|32/100|[from] item: Leftovers
|upkeep
|turn|24
|
|t:|1769311012
|switch|p1a: Alomomola|Alomomola, M, tera:Steel|69/100
|move|p2a: Kingambit|Swords Dance|p2a: Kingambit
|-boost|p2a: Kingambit|atk|2
|
|-heal|p2a: Kingambit|39/100|[from] item: Leftovers
|upkeep
|turn|25
|
|t:|1769311021
|move|p2a: Kingambit|Kowtow Cleave|p1a: Alomomola
|-crit|p1a: Alomomola
|-damage|p1a: Alomomola|0 fnt
|-damage|p2a: Kingambit|22/100|[from] item: Rocky Helmet|[of] p1a: Alomomola
|faint|p1a: Alomomola
|
|-heal|p2a: Kingambit|28/100|[from] item: Leftovers
|upkeep
|
|t:|1769311034
|switch|p1a: Great Tusk|Great Tusk|100/100
|turn|26
|
|t:|1769311049
|-end|p2a: Kingambit|fallen3|[silent]
|switch|p2a: Tornadus|Tornadus-Therian, M|79/100
|move|p1a: Great Tusk|Headlong Rush|p2a: Tornadus
|-immune|p2a: Tornadus
|
|upkeep
|turn|27
|inactive|hackingefidiant has 30 seconds left.
|
|t:|1769311066
|-end|p1a: Great Tusk|Protosynthesis|[silent]
|switch|p1a: Slowking|Slowking-Galar, M|84/100
|move|p2a: Tornadus|Bleakwind Storm|p1a: Slowking
|-damage|p1a: Slowking|63/100
|-unboost|p1a: Slowking|spe|1
|
|upkeep
|turn|28
|
|t:|1769311079
|move|p2a: Tornadus|Knock Off|p1a: Slowking
|-supereffective|p1a: Slowking
|-damage|p1a: Slowking|20/100
|-enditem|p1a: Slowking|Heavy-Duty Boots|[from] move: Knock Off|[of] p2a: Tornadus
|-prepare|p1a: Slowking|Chilly Reception|[premajor]
|move|p1a: Slowking|Chilly Reception|p1a: Slowking
|-weather|Snowscape
|
|t:|1769311085
|switch|p1a: Samurott|Samurott-Hisui, M|65/100|[from] Chilly Reception
|
|-weather|Snowscape|[upkeep]
|upkeep
|turn|29
|
|t:|1769311093
|move|p2a: Tornadus|U-turn|p1a: Samurott
|-supereffective|p1a: Samurott
|-damage|p1a: Samurott|29/100
|
|t:|1769311096
|switch|p2a: Pecharunt|Pecharunt|73/100|[from] U-turn
|move|p1a: Samurott|Razor Shell|p2a: Pecharunt
|-damage|p2a: Pecharunt|37/100
|-unboost|p2a: Pecharunt|def|1
|
|-weather|Snowscape|[upkeep]
|upkeep
|turn|30
|inactive|hackingefidiant has 30 seconds left.
|
|t:|1769311128
|move|p1a: Samurott|Razor Shell|p2a: Pecharunt
|-damage|p2a: Pecharunt|0 fnt
|faint|p2a: Pecharunt
|
|-weather|Snowscape|[upkeep]
|upkeep
|
|t:|1769311153
|switch|p2a: Tornadus|Tornadus-Therian, M|100/100
|turn|31
|
|t:|1769311158
|switch|p1a: Slowking|Slowking-Galar, M|53/100
|move|p2a: Tornadus|U-turn|p1a: Slowking
|-damage|p1a: Slowking|39/100
|
|t:|1769311166
|switch|p2a: Kingambit|Kingambit, M|28/100|[from] U-turn
|-damage|p2a: Kingambit|16/100|[from] Spikes
|-activate|p2a: Kingambit|ability: Supreme Overlord
|-start|p2a: Kingambit|fallen4|[silent]
|
|-weather|Snowscape|[upkeep]
|-heal|p2a: Kingambit|22/100|[from] item: Leftovers
|upkeep
|turn|32
|
|t:|1769311176
|-end|p2a: Kingambit|fallen4|[silent]
|switch|p2a: Tornadus|Tornadus-Therian, M|100/100
|-prepare|p1a: Slowking|Chilly Reception|[premajor]
|move|p1a: Slowking|Chilly Reception|p1a: Slowking
|
|t:|1769311188
|switch|p1a: Enamorus|Enamorus, F|100/100|[from] Chilly Reception
|
|-weather|none
|upkeep
|turn|33
|inactive|hackingefidiant has 30 seconds left.
|
|t:|1769311212
|move|p1a: Enamorus|Mystical Fire|p2a: Tornadus
|-damage|p2a: Tornadus|79/100
|-unboost|p2a: Tornadus|spa|1
|move|p2a: Tornadus|Bleakwind Storm|p1a: Enamorus|[miss]
|-miss|p2a: Tornadus|p1a: Enamorus
|
|upkeep
|turn|34
|
|t:|1769311221
|move|p1a: Enamorus|Mystical Fire|p2a: Tornadus
|-damage|p2a: Tornadus|60/100
|-unboost|p2a: Tornadus|spa|1
|move|p2a: Tornadus|U-turn|p1a: Enamorus
|-resisted|p1a: Enamorus
|-crit|p1a: Enamorus
|-damage|p1a: Enamorus|92/100
|
|t:|1769311223
|switch|p2a: Kingambit|Kingambit, M|22/100|[from] U-turn
|-damage|p2a: Kingambit|10/100|[from] Spikes
|-activate|p2a: Kingambit|ability: Supreme Overlord
|-start|p2a: Kingambit|fallen4|[silent]
|
|-heal|p2a: Kingambit|16/100|[from] item: Leftovers
|upkeep
|turn|35
|
|t:|1769311233
|-end|p2a: Kingambit|fallen4|[silent]
|switch|p2a: Tornadus|Tornadus-Therian, M|93/100
|move|p1a: Enamorus|Mystical Fire|p2a: Tornadus
|-damage|p2a: Tornadus|72/100
|-unboost|p2a: Tornadus|spa|1
|
|upkeep
|turn|36
|
|t:|1769311241
|move|p1a: Enamorus|Mystical Fire|p2a: Tornadus
|-damage|p2a: Tornadus|52/100
|-unboost|p2a: Tornadus|spa|1
|move|p2a: Tornadus|Knock Off|p1a: Enamorus
|-resisted|p1a: Enamorus
|-damage|p1a: Enamorus|77/100
|-enditem|p1a: Enamorus|Choice Scarf|[from] move: Knock Off|[of] p2a: Tornadus
|
|upkeep
|turn|37
|
|t:|1769311251
|move|p2a: Tornadus|Bleakwind Storm|p1a: Enamorus|[miss]
|-miss|p2a: Tornadus|p1a: Enamorus
|move|p1a: Enamorus|Moonblast|p2a: Tornadus
|-damage|p2a: Tornadus|10/100
|-unboost|p2a: Tornadus|spa|1
|
|upkeep
|turn|38
|inactive|hackingefidiant has 60 seconds left.
|
|t:|1769311262
|move|p2a: Tornadus|U-turn|p1a: Enamorus
|-resisted|p1a: Enamorus
|-damage|p1a: Enamorus|71/100
|
|t:|1769311264
|switch|p2a: Kingambit|Kingambit, M|16/100|[from] U-turn
|-damage|p2a: Kingambit|3/100|[from] Spikes
|-activate|p2a: Kingambit|ability: Supreme Overlord
|-start|p2a: Kingambit|fallen4|[silent]
|move|p1a: Enamorus|Moonblast|p2a: Kingambit
|-damage|p2a: Kingambit|0 fnt
|faint|p2a: Kingambit
|-end|p2a: Kingambit|fallen4|[silent]
|
|upkeep
|
|t:|1769311266
|switch|p2a: Tornadus|Tornadus-Therian, M|43/100
|turn|39
|
|t:|1769311277
|move|p2a: Tornadus|Bleakwind Storm|p1a: Enamorus
|-damage|p1a: Enamorus|22/100
|move|p1a: Enamorus|Healing Wish|p1a: Enamorus
|faint|p1a: Enamorus
|
|upkeep
|
|t:|1769311281
|switch|p1a: Samurott|Samurott-Hisui, M|29/100
|-heal|p1a: Samurott|100/100|[from] move: Healing Wish
|turn|40
|
|t:|1769311287
|move|p2a: Tornadus|U-turn|p1a: Samurott
|-supereffective|p1a: Samurott
|-damage|p1a: Samurott|65/100
|move|p1a: Samurott|Razor Shell|p2a: Tornadus
|-damage|p2a: Tornadus|0 fnt
|faint|p2a: Tornadus
|
|win|hackingefidiant
|raw|hackingefidiant's rating: 1549 &rarr; <strong>1569</strong><br />(+20 for winning)
|raw|CDCS5 leal's rating: 1542 &rarr; <strong>1522</strong><br />(-20 for losing)
