|j|☆kindetsu
|j|☆Madd Science
|t:|1769384320
|gametype|singles
|player|p1|kindetsu|lance-masters2|1294
|player|p2|Madd Science|pryce|1231
|gen|9
|tier|[Gen 9] OU
|rated|
|rule|HP Percentage Mod: HP is shown in percentages
|rule|Endless Battle Clause: Forcing endless battles is banned
|rule|Species Clause: Limit one of each Pokémon
|rule|OHKO Clause: OHKO moves are banned
|rule|Evasion Items Clause: Evasion items are banned
|rule|Evasion Moves Clause: Evasion moves are banned
|rule|Evasion Abilities Clause: Evasion abilities are banned
|rule|Sleep Moves Clause: Sleep-inducing moves are banned
|clearpoke
|poke|p1|Regidrago|
|poke|p1|Torkoal, M|
|poke|p1|Enamorus-Therian, F|
|poke|p1|Iron Crown|
|poke|p1|Ursaluna, M|
|poke|p1|Sandy Shocks|
|poke|p2|Dragonite, M|
|poke|p2|Gholdengo|
|poke|p2|Regidrago|
|poke|p2|Scizor, F|
|poke|p2|Ting-Lu|
|poke|p2|Weezing-Galar, F|
|teampreview
|c|☆kindetsu|MA BRUDDA
|inactive|Battle timer is ON: inactive players will automatically lose when time's up. (requested by kindetsu)
|
|t:|1769384351
|teamsize|p1|6
|teamsize|p2|6
|start
|switch|p1a: Poppuh|Enamorus-Therian, F|100/100
|switch|p2a: Scizor|Scizor, F|100/100
|turn|1
|
|t:|1769384358
|move|p2a: Scizor|Bullet Punch|p1a: Poppuh
|-supereffective|p1a: Poppuh
|-damage|p1a: Poppuh|22/100
|-damage|p2a: Scizor|84/100|[from] item: Rocky Helmet|[of] p1a: Poppuh
|move|p1a: Poppuh|Mystical Fire|p2a: Scizor
|-supereffective|p2a: Scizor
|-damage|p2a: Scizor|0 fnt
|faint|p2a: Scizor
|
|upkeep
|
|t:|1769384367
|switch|p2a: Dragonite|Dragonite, M|100/100
|turn|2
|
|t:|1769384372
|move|p2a: Dragonite|Extreme Speed|p1a: Poppuh
|-damage|p1a: Poppuh|0 fnt
|-damage|p2a: Dragonite|84/100|[from] item: Rocky Helmet|[of] p1a: Poppuh
|faint|p1a: Poppuh
|
|upkeep
|
|t:|1769384386
|switch|p1a: Ursaluna|Ursaluna, M, shiny|100/100
|turn|3
|
|t:|1769384391
|switch|p2a: Weezing|Weezing-Galar, F|100/100
|-ability|p2a: Weezing|Neutralizing Gas
|move|p1a: Ursaluna|Supercell Slam|p2a: Weezing
|-damage|p2a: Weezing|77/100
|
|-status|p1a: Ursaluna|brn|[from] item: Flame Orb
|upkeep
|turn|4
|
|t:|1769384418
|switch|p1a: Armin Schwitz|Iron Crown|100/100
|move|p2a: Weezing|Sludge Bomb|p1a: Armin Schwitz
|-immune|p1a: Armin Schwitz
|
|upkeep
|turn|5
|
|t:|1769384424
|-end|p2a: Weezing|ability: Neutralizing Gas
|switch|p2a: Ting-Lu|Ting-Lu|100/100
|-ability|p2a: Ting-Lu|Vessel of Ruin
|move|p1a: Armin Schwitz|Tachyon Cutter|p2a: Ting-Lu
|-damage|p2a: Ting-Lu|91/100
|-damage|p2a: Ting-Lu|79/100
|-hitcount|p2a: Ting-Lu|2
|
|-heal|p2a: Ting-Lu|85/100|[from] item: Leftovers
|upkeep
|turn|6
|
|t:|1769384435
|-end|p1a: Armin Schwitz|Quark Drive|[silent]
|switch|p1a: Ursaluna|Ursaluna, M, shiny|100/100 brn
|move|p2a: Ting-Lu|Stealth Rock|p1a: Ursaluna
|-sidestart|p1: kindetsu|move: Stealth Rock
|
|-heal|p2a: Ting-Lu|92/100|[from] item: Leftovers
|-damage|p1a: Ursaluna|94/100 brn|[from] brn
|upkeep
|turn|7
|
|t:|1769384440
|switch|p2a: Weezing|Weezing-Galar, F|77/100
|-ability|p2a: Weezing|Neutralizing Gas
|move|p1a: Ursaluna|Facade|p2a: Weezing
|-damage|p2a: Weezing|26/100
|
|-damage|p1a: Ursaluna|88/100 brn|[from] brn
|upkeep
|turn|8
|
|t:|1769384450
|move|p2a: Weezing|Pain Split|p1a: Ursaluna
|-sethp|p1a: Ursaluna|53/100 brn|[from] move: Pain Split|[silent]
|-sethp|p2a: Weezing|74/100|[from] move: Pain Split
|move|p1a: Ursaluna|Facade|p2a: Weezing
|-damage|p2a: Weezing|23/100
|
|-damage|p1a: Ursaluna|47/100 brn|[from] brn
|upkeep
|turn|9
|
|t:|1769384458
|-end|p2a: Weezing|ability: Neutralizing Gas
|switch|p2a: Gholdengo|Gholdengo|100/100
|move|p1a: Ursaluna|Facade|p2a: Gholdengo
|-immune|p2a: Gholdengo
|
|-damage|p1a: Ursaluna|41/100 brn|[from] brn
|upkeep
|turn|10
|
|t:|1769384468
|switch|p1a: Sandy Shocks|Sandy Shocks|100/100
|-damage|p1a: Sandy Shocks|94/100|[from] Stealth Rock
|move|p2a: Gholdengo|Make It Rain|p1a: Sandy Shocks
|-resisted|p1a: Sandy Shocks
|-damage|p1a: Sandy Shocks|47/100
|-unboost|p2a: Gholdengo|spa|1
|
|upkeep
|turn|11
|
|t:|1769384475
|switch|p2a: Ting-Lu|Ting-Lu|92/100
|-ability|p2a: Ting-Lu|Vessel of Ruin
|move|p1a: Sandy Shocks|Stealth Rock|p2a: Ting-Lu
|-sidestart|p2: Madd Science|move: Stealth Rock
|
|-heal|p2a: Ting-Lu|98/100|[from] item: Leftovers
|upkeep
|turn|12
|
|t:|1769384485
|-end|p1a: Sandy Shocks|Protosynthesis|[silent]
|switch|p1a: Ursaluna|Ursaluna, M, shiny|41/100 brn
|-damage|p1a: Ursaluna|35/100 brn|[from] Stealth Rock
|move|p2a: Ting-Lu|Earthquake|p1a: Ursaluna
|-crit|p1a: Ursaluna
|-damage|p1a: Ursaluna|0 fnt
|faint|p1a: Ursaluna
|
|-heal|p2a: Ting-Lu|100/100|[from] item: Leftovers
|upkeep
|
|t:|1769384492
|switch|p1a: Big Opp Smoke|Torkoal, M|100/100
|-weather|SunnyDay|[from] ability: Drought|[of] p1a: Big Opp Smoke
|turn|13
|
|t:|1769384515
|move|p2a: Ting-Lu|Ruination|p1a: Big Opp Smoke
|-damage|p1a: Big Opp Smoke|50/100
|move|p1a: Big Opp Smoke|Rapid Spin|p2a: Ting-Lu
|-damage|p2a: Ting-Lu|96/100
|-boost|p1a: Big Opp Smoke|spe|1
|-sideend|p1: kindetsu|Stealth Rock|[from] move: Rapid Spin|[of] p1a: Big Opp Smoke
|
|-weather|SunnyDay|[upkeep]
|-heal|p2a: Ting-Lu|100/100|[from] item: Leftovers
|upkeep
|turn|14
|
|t:|1769384521
|move|p2a: Ting-Lu|Earthquake|p1a: Big Opp Smoke
|-supereffective|p1a: Big Opp Smoke
|-damage|p1a: Big Opp Smoke|6/100
|move|p1a: Big Opp Smoke|Will-O-Wisp|p2a: Ting-Lu
|-status|p2a: Ting-Lu|brn
|
|-weather|SunnyDay|[upkeep]
|-damage|p2a: Ting-Lu|94/100 brn|[from] brn
|upkeep
|turn|15
|
|t:|1769384530
|move|p2a: Ting-Lu|Stealth Rock|p1a: Big Opp Smoke
|-sidestart|p1: kindetsu|move: Stealth Rock
|move|p1a: Big Opp Smoke|Overheat|p2a: Ting-Lu
|-damage|p2a: Ting-Lu|70/100 brn
|-unboost|p1a: Big Opp Smoke|spa|2
|
|-weather|SunnyDay|[upkeep]
|-heal|p2a: Ting-Lu|77/100 brn|[from] item: Leftovers
|-damage|p2a: Ting-Lu|70/100 brn|[from] brn
|upkeep
|turn|16
|
|t:|1769384536
|switch|p2a: Gholdengo|Gholdengo|100/100
|-damage|p2a: Gholdengo|94/100|[from] Stealth Rock
|move|p1a: Big Opp Smoke|Rapid Spin|p2a: Gholdengo
|-immune|p2a: Gholdengo
|
|-weather|SunnyDay|[upkeep]
|upkeep
|turn|17
|
|t:|1769384549
|move|p2a: Gholdengo|Nasty Plot|p2a: Gholdengo
|-boost|p2a: Gholdengo|spa|2
|move|p1a: Big Opp Smoke|Will-O-Wisp|p2a: Gholdengo
|-immune|p2a: Gholdengo|[from] ability: Good as Gold
|
|-weather|none
|upkeep
|turn|18
|
|t:|1769384557
|switch|p1a: Armin Schwitz|Iron Crown|100/100
|-damage|p1a: Armin Schwitz|94/100|[from] Stealth Rock
|move|p2a: Gholdengo|Thunderbolt|p1a: Armin Schwitz
|-damage|p1a: Armin Schwitz|40/100
|
|-heal|p1a: Armin Schwitz|46/100|[from] item: Leftovers
|upkeep
|turn|19
|
|t:|1769384570
|move|p2a: Gholdengo|Make It Rain|p1a: Armin Schwitz
|-resisted|p1a: Armin Schwitz
|-damage|p1a: Armin Schwitz|0 fnt
|-unboost|p2a: Gholdengo|spa|1
|faint|p1a: Armin Schwitz
|-end|p1a: Armin Schwitz|Quark Drive|[silent]
|
|upkeep
|
|t:|1769384576
|switch|p1a: Sandy Shocks|Sandy Shocks|47/100
|-damage|p1a: Sandy Shocks|40/100|[from] Stealth Rock
|turn|20
|
|t:|1769384584
|switch|p2a: Ting-Lu|Ting-Lu|70/100 brn
|-damage|p2a: Ting-Lu|64/100 brn|[from] Stealth Rock
|-ability|p2a: Ting-Lu|Vessel of Ruin
|move|p1a: Sandy Shocks|Earth Power|p2a: Ting-Lu
|-damage|p2a: Ting-Lu|45/100 brn
|
|-heal|p2a: Ting-Lu|52/100 brn|[from] item: Leftovers
|-damage|p2a: Ting-Lu|45/100 brn|[from] brn
|upkeep
|turn|21
|
|t:|1769384595
|move|p1a: Sandy Shocks|Earth Power|p2a: Ting-Lu
|-damage|p2a: Ting-Lu|29/100 brn
|-unboost|p2a: Ting-Lu|spd|1
|move|p2a: Ting-Lu|Whirlwind|p1a: Sandy Shocks
|-end|p1a: Sandy Shocks|Protosynthesis|[silent]
|drag|p1a: Regidrago|Regidrago|100/100
|-damage|p1a: Regidrago|88/100|[from] Stealth Rock
|
|-heal|p2a: Ting-Lu|35/100 brn|[from] item: Leftovers
|-damage|p2a: Ting-Lu|29/100 brn|[from] brn
|upkeep
|turn|22
|
|t:|1769384605
|move|p1a: Regidrago|Dragon Energy|p2a: Ting-Lu
|-damage|p2a: Ting-Lu|0 fnt
|faint|p2a: Ting-Lu
|
|upkeep
|
|t:|1769384616
|switch|p2a: Gholdengo|Gholdengo|94/100
|-damage|p2a: Gholdengo|88/100|[from] Stealth Rock
|turn|23
|
|t:|1769384620
|move|p1a: Regidrago|Dragon Energy|p2a: Gholdengo
|-resisted|p2a: Gholdengo
|-damage|p2a: Gholdengo|41/100
|move|p2a: Gholdengo|Make It Rain|p1a: Regidrago
|-damage|p1a: Regidrago|0 fnt
|-unboost|p2a: Gholdengo|spa|1
|faint|p1a: Regidrago
|
|upkeep
|
|t:|1769384624
|switch|p1a: Big Opp Smoke|Torkoal, M|6/100
|-weather|SunnyDay|[from] ability: Drought|[of] p1a: Big Opp Smoke
|turn|24
|-message|kindetsu forfeited.
|
|win|Madd Science
|raw|kindetsu's rating: 1294 &rarr; <strong>1265</strong><br />(-29 for losing)
|raw|Madd Science's rating: 1231 &rarr; <strong>1260</strong><br />(+29 for winning)
|l|☆kindetsu
|player|p1|
