|j|☆iamyourchicken
|j|☆lavalover
|t:|1769403838
|gametype|singles
|player|p1|iamyourchicken|1|1164
|player|p2|lavalover|silver|1165
|gen|9
|tier|[Gen 9] OU
|rated|
|rule|HP Percentage Mod: HP is shown in percentages
|rule|Endless Battle Clause: Forcing endless battles is banned
|rule|Species Clause: Limit one of each Pokémon
|rule|OHKO Clause: OHKO moves are banned
|rule|Evasion Items Clause: Evasion items are banned
|rule|Evasion Moves Clause: Evasion moves are banned
|rule|Evasion Abilities Clause: Evasion abilities are banned
|rule|Sleep Moves Clause: Sleep-inducing moves are banned
|clearpoke
|poke|p1|Cloyster, F|
|poke|p1|Toxapex, M|
|poke|p1|Ditto|
|poke|p1|Dragapult, M|
|poke|p1|Skarmory, M|
|poke|p1|Skeledirge, F|
|poke|p2|Iron Valiant|
|poke|p2|Ogerpon-Wellspring, F|
|poke|p2|Iron Treads|
|poke|p2|Walking Wake|
|poke|p2|Hatterene, F|
|poke|p2|Darkrai|
|teampreview
|
|t:|1769403855
|teamsize|p1|6
|teamsize|p2|6
|start
|switch|p1a: Cloyster|Cloyster, F|100/100
|switch|p2a: Hatterene|Hatterene, F|100/100
|turn|1
|
|t:|1769403864
|move|p1a: Cloyster|Shell Smash|p1a: Cloyster
|-unboost|p1a: Cloyster|def|1
|-unboost|p1a: Cloyster|spd|1
|-boost|p1a: Cloyster|atk|2
|-boost|p1a: Cloyster|spa|2
|-boost|p1a: Cloyster|spe|2
|move|p2a: Hatterene|Mystical Fire|p1a: Cloyster
|-damage|p1a: Cloyster|15/100
|-unboost|p1a: Cloyster|spa|1
|
|upkeep
|turn|2
|
|t:|1769403877
|move|p1a: Cloyster|Icicle Spear|p2a: Hatterene
|-damage|p2a: Hatterene|79/100
|-damage|p2a: Hatterene|61/100
|-damage|p2a: Hatterene|42/100
|-damage|p2a: Hatterene|24/100
|-crit|p2a: Hatterene
|-damage|p2a: Hatterene|0 fnt
|faint|p2a: Hatterene
|-hitcount|p2: Hatterene|5
|
|upkeep
|
|t:|1769403909
|switch|p2a: Iron Valiant|Iron Valiant|100/100
|-enditem|p2a: Iron Valiant|Booster Energy
|-activate|p2a: Iron Valiant|ability: Quark Drive|[fromitem]
|-start|p2a: Iron Valiant|quarkdrivespe
|turn|3
|
|t:|1769403923
|move|p2a: Iron Valiant|Psyshock|p1a: Cloyster
|-damage|p1a: Cloyster|0 fnt
|faint|p1a: Cloyster
|
|upkeep
|
|t:|1769403929
|switch|p1a: Skarmory|Skarmory, M|100/100
|turn|4
|
|t:|1769403939
|-end|p2a: Iron Valiant|Quark Drive|[silent]
|switch|p2a: Darkrai|Darkrai|100/100
|move|p1a: Skarmory|Stealth Rock|p2a: Darkrai
|-sidestart|p2: lavalover|move: Stealth Rock
|
|upkeep
|turn|5
|
|t:|1769403947
|move|p2a: Darkrai|Ice Beam|p1a: Skarmory
|-damage|p1a: Skarmory|41/100
|-damage|p2a: Darkrai|91/100|[from] item: Life Orb
|move|p1a: Skarmory|Spikes|p2a: Darkrai
|-sidestart|p2: lavalover|Spikes
|
|upkeep
|turn|6
|
|t:|1769403960
|switch|p1a: Skeledirge|Skeledirge, F|100/100
|move|p2a: Darkrai|Ice Beam|p1a: Skeledirge
|-resisted|p1a: Skeledirge
|-damage|p1a: Skeledirge|78/100
|-damage|p2a: Darkrai|81/100|[from] item: Life Orb
|
|-heal|p1a: Skeledirge|84/100|[from] item: Leftovers
|upkeep
|turn|7
|
|t:|1769403978
|-terastallize|p1a: Skeledirge|Fire
|move|p2a: Darkrai|Dark Pulse|p1a: Skeledirge
|-damage|p1a: Skeledirge|27/100
|-damage|p2a: Darkrai|71/100|[from] item: Life Orb
|move|p1a: Skeledirge|Torch Song|p2a: Darkrai
|-damage|p2a: Darkrai|0 fnt
|-boost|p1a: Skeledirge|spa|1
|faint|p2a: Darkrai
|
|-heal|p1a: Skeledirge|33/100|[from] item: Leftovers
|upkeep
|
|t:|1769403991
|switch|p2a: Walking Wake|Walking Wake|100/100
|-damage|p2a: Walking Wake|88/100|[from] Stealth Rock
|-damage|p2a: Walking Wake|76/100|[from] Spikes
|-enditem|p2a: Walking Wake|Booster Energy
|-activate|p2a: Walking Wake|ability: Protosynthesis|[fromitem]
|-start|p2a: Walking Wake|protosynthesisspa
|turn|8
|
|t:|1769404005
|switch|p1a: Toxapex|Toxapex, M|100/100
|move|p2a: Walking Wake|Hydro Steam|p1a: Toxapex
|-resisted|p1a: Toxapex
|-damage|p1a: Toxapex|78/100
|
|-heal|p1a: Toxapex|85/100|[from] item: Leftovers
|upkeep
|turn|9
|
|t:|1769404019
|move|p2a: Walking Wake|Hurricane|p1a: Toxapex
|-damage|p1a: Toxapex|41/100
|move|p1a: Toxapex|Infestation|p2a: Walking Wake
|-damage|p2a: Walking Wake|72/100
|-activate|p2a: Walking Wake|move: Infestation|[of] p1a: Toxapex
|
|-heal|p1a: Toxapex|47/100|[from] item: Leftovers
|-damage|p2a: Walking Wake|60/100|[from] move: Infestation|[partiallytrapped]
|upkeep
|turn|10
|
|t:|1769404030
|move|p2a: Walking Wake|Hurricane|p1a: Toxapex
|-damage|p1a: Toxapex|10/100
|move|p1a: Toxapex|Toxic|p2a: Walking Wake
|-status|p2a: Walking Wake|tox
|
|-heal|p1a: Toxapex|16/100|[from] item: Leftovers
|-damage|p2a: Walking Wake|54/100 tox|[from] psn
|-damage|p2a: Walking Wake|41/100 tox|[from] move: Infestation|[partiallytrapped]
|upkeep
|turn|11
|
|t:|1769404041
|move|p1a: Toxapex|Baneful Bunker|p1a: Toxapex
|-singleturn|p1a: Toxapex|move: Protect
|move|p2a: Walking Wake|Hurricane|p1a: Toxapex
|-activate|p1a: Toxapex|move: Protect
|
|-heal|p1a: Toxapex|23/100|[from] item: Leftovers
|-damage|p2a: Walking Wake|29/100 tox|[from] psn
|-damage|p2a: Walking Wake|16/100 tox|[from] move: Infestation|[partiallytrapped]
|upkeep
|turn|12
|
|t:|1769404054
|switch|p1a: Skarmory|Skarmory, M|41/100
|move|p2a: Walking Wake|Hurricane|p1a: Skarmory
|-resisted|p1a: Skarmory
|-damage|p1a: Skarmory|10/100
|
|-damage|p2a: Walking Wake|0 fnt|[from] psn
|faint|p2a: Walking Wake
|-end|p2a: Walking Wake|Protosynthesis|[silent]
|upkeep
|
|t:|1769404065
|switch|p2a: Iron Treads|Iron Treads|100/100
|-damage|p2a: Iron Treads|97/100|[from] Stealth Rock
|-damage|p2a: Iron Treads|85/100|[from] Spikes
|-enditem|p2a: Iron Treads|Booster Energy
|-activate|p2a: Iron Treads|ability: Quark Drive|[fromitem]
|-start|p2a: Iron Treads|quarkdrivespe
|turn|13
|
|t:|1769404077
|move|p2a: Iron Treads|Knock Off|p1a: Skarmory
|-damage|p1a: Skarmory|0 fnt
|-damage|p2a: Iron Treads|68/100|[from] item: Rocky Helmet|[of] p1a: Skarmory
|-enditem|p1a: Skarmory|Rocky Helmet|[from] move: Knock Off|[of] p2a: Iron Treads
|faint|p1a: Skarmory
|
|upkeep
|
|t:|1769404085
|switch|p1a: Toxapex|Toxapex, M|56/100
|turn|14
|
|t:|1769404090
|move|p2a: Iron Treads|Rapid Spin|p1a: Toxapex
|-damage|p1a: Toxapex|48/100
|-boost|p2a: Iron Treads|spe|1
|-sideend|p2: lavalover|Spikes|[from] move: Rapid Spin|[of] p2a: Iron Treads
|-sideend|p2: lavalover|Stealth Rock|[from] move: Rapid Spin|[of] p2a: Iron Treads
|move|p1a: Toxapex|Infestation|p2a: Iron Treads
|-resisted|p2a: Iron Treads
|-damage|p2a: Iron Treads|66/100
|-activate|p2a: Iron Treads|move: Infestation|[of] p1a: Toxapex
|
|-heal|p1a: Toxapex|54/100|[from] item: Leftovers
|-damage|p2a: Iron Treads|54/100|[from] move: Infestation|[partiallytrapped]
|upkeep
|turn|15
|
|t:|1769404102
|move|p1a: Toxapex|Baneful Bunker|p1a: Toxapex
|-singleturn|p1a: Toxapex|move: Protect
|move|p2a: Iron Treads|Earthquake|p1a: Toxapex
|-activate|p1a: Toxapex|move: Protect
|
|-heal|p1a: Toxapex|61/100|[from] item: Leftovers
|-damage|p2a: Iron Treads|41/100|[from] move: Infestation|[partiallytrapped]
|upkeep
|turn|16
|
|t:|1769404120
|switch|p1a: Skeledirge|Skeledirge, F, tera:Fire|33/100
|move|p2a: Iron Treads|Earthquake|p1a: Skeledirge
|-supereffective|p1a: Skeledirge
|-crit|p1a: Skeledirge
|-damage|p1a: Skeledirge|0 fnt
|faint|p1a: Skeledirge
|
|-end|p2a: Iron Treads|Infestation|[partiallytrapped]|[silent]
|upkeep
|
|t:|1769404131
|switch|p1a: Dragapult|Dragapult, M|100/100
|turn|17
|
|t:|1769404159
|move|p2a: Iron Treads|Knock Off|p1a: Dragapult
|-supereffective|p1a: Dragapult
|-damage|p1a: Dragapult|37/100
|-enditem|p1a: Dragapult|Leftovers|[from] move: Knock Off|[of] p2a: Iron Treads
|move|p1a: Dragapult|Dragon Dance|p1a: Dragapult
|-boost|p1a: Dragapult|atk|1
|-boost|p1a: Dragapult|spe|1
|
|upkeep
|turn|18
|
|t:|1769404168
|move|p2a: Iron Treads|Knock Off|p1a: Dragapult
|-supereffective|p1a: Dragapult
|-damage|p1a: Dragapult|0 fnt
|faint|p1a: Dragapult
|
|upkeep
|
|t:|1769404173
|switch|p1a: Ditto|Ditto|100/100
|-transform|p1a: Ditto|p2a: Iron Treads|[from] ability: Imposter
|turn|19
|
|t:|1769404179
|move|p2a: Iron Treads|Earthquake|p1a: Ditto
|-supereffective|p1a: Ditto
|-damage|p1a: Ditto|28/100
|move|p1a: Ditto|Earthquake|p2a: Iron Treads
|-supereffective|p2a: Iron Treads
|-damage|p2a: Iron Treads|0 fnt
|faint|p2a: Iron Treads
|-end|p2a: Iron Treads|Quark Drive|[silent]
|
|upkeep
|
|t:|1769404194
|switch|p2a: Ogerpon|Ogerpon-Wellspring, F|100/100
|turn|20
|
|t:|1769404199
|-end|p1a: Ditto|Quark Drive|[silent]
|switch|p1a: Toxapex|Toxapex, M|94/100
|move|p2a: Ogerpon|Ivy Cudgel|p1a: Toxapex|[anim] Ivy Cudgel Water
|-resisted|p1a: Toxapex
|-crit|p1a: Toxapex
|-damage|p1a: Toxapex|67/100
|
|-heal|p1a: Toxapex|74/100|[from] item: Leftovers
|upkeep
|turn|21
|
|t:|1769404210
|move|p2a: Ogerpon|Swords Dance|p2a: Ogerpon
|-boost|p2a: Ogerpon|atk|2
|move|p1a: Toxapex|Infestation|p2a: Ogerpon
|-supereffective|p2a: Ogerpon
|-damage|p2a: Ogerpon|93/100
|-activate|p2a: Ogerpon|move: Infestation|[of] p1a: Toxapex
|
|-heal|p1a: Toxapex|80/100|[from] item: Leftovers
|-damage|p2a: Ogerpon|81/100|[from] move: Infestation|[partiallytrapped]
|upkeep
|turn|22
|
|t:|1769404220
|move|p1a: Toxapex|Baneful Bunker|p1a: Toxapex
|-singleturn|p1a: Toxapex|move: Protect
|move|p2a: Ogerpon|Swords Dance|p2a: Ogerpon
|-boost|p2a: Ogerpon|atk|2
|
|-heal|p1a: Toxapex|86/100|[from] item: Leftovers
|-damage|p2a: Ogerpon|69/100|[from] move: Infestation|[partiallytrapped]
|upkeep
|turn|23
|
|t:|1769404231
|move|p2a: Ogerpon|Knock Off|p1a: Toxapex
|-damage|p1a: Toxapex|23/100
|-enditem|p1a: Toxapex|Leftovers|[from] move: Knock Off|[of] p2a: Ogerpon
|move|p1a: Toxapex|Toxic|p2a: Ogerpon
|-status|p2a: Ogerpon|tox
|
|-damage|p2a: Ogerpon|63/100 tox|[from] psn
|-damage|p2a: Ogerpon|50/100 tox|[from] move: Infestation|[partiallytrapped]
|upkeep
|turn|24
|
|t:|1769404246
|move|p1a: Toxapex|Baneful Bunker|p1a: Toxapex
|-singleturn|p1a: Toxapex|move: Protect
|move|p2a: Ogerpon|Horn Leech|p1a: Toxapex
|-activate|p1a: Toxapex|move: Protect
|
|-damage|p2a: Ogerpon|38/100 tox|[from] psn
|-damage|p2a: Ogerpon|26/100 tox|[from] move: Infestation|[partiallytrapped]
|upkeep
|turn|25
|
|t:|1769404263
|move|p1a: Toxapex|Baneful Bunker||[still]
|-fail|p1a: Toxapex
|move|p2a: Ogerpon|Ivy Cudgel|p1a: Toxapex|[anim] Ivy Cudgel Water
|-resisted|p1a: Toxapex
|-damage|p1a: Toxapex|0 fnt
|faint|p1a: Toxapex
|
|-damage|p2a: Ogerpon|8/100 tox|[from] psn
|-end|p2a: Ogerpon|Infestation|[partiallytrapped]
|upkeep
|
|t:|1769404274
|switch|p1a: Ditto|Ditto|28/100
|-transform|p1a: Ditto|p2a: Ogerpon|[from] ability: Imposter
|turn|26
|
|t:|1769404293
|move|p1a: Ditto|Horn Leech|p2a: Ogerpon
|-damage|p2a: Ogerpon|0 fnt
|-heal|p1a: Ditto|32/100|[from] drain|[of] p2a: Ogerpon
|faint|p2a: Ogerpon
|
|upkeep
|
|t:|1769404298
|switch|p2a: Iron Valiant|Iron Valiant|100/100
|turn|27
|
|t:|1769404303
|move|p1a: Ditto|Horn Leech|p2a: Iron Valiant
|-damage|p2a: Iron Valiant|0 fnt
|-heal|p1a: Ditto|81/100|[from] drain|[of] p2a: Iron Valiant
|faint|p2a: Iron Valiant
|-end|p2a: Iron Valiant|Quark Drive|[silent]
|
|win|iamyourchicken
|raw|iamyourchicken's rating: 1164 &rarr; <strong>1189</strong><br />(+25 for winning)
|raw|lavalover's rating: 1165 &rarr; <strong>1140</strong><br />(-25 for losing)
|l|☆lavalover
|player|p2|
