|j|☆dekukuroko
|j|☆boom moon
|t:|1769432758
|gametype|singles
|player|p1|dekukuroko|veteran|1219
|player|p2|boom moon|266|1182
|gen|9
|tier|[Gen 9] OU
|rated|
|rule|HP Percentage Mod: HP is shown in percentages
|rule|Endless Battle Clause: Forcing endless battles is banned
|rule|Species Clause: Limit one of each Pokémon
|rule|OHKO Clause: OHKO moves are banned
|rule|Evasion Items Clause: Evasion items are banned
|rule|Evasion Moves Clause: Evasion moves are banned
|rule|Evasion Abilities Clause: Evasion abilities are banned
|rule|Sleep Moves Clause: Sleep-inducing moves are banned
|clearpoke
|poke|p1|Moltres-Galar|
|poke|p1|Slowking-Galar, F|
|poke|p1|Okidogi, M|
|poke|p1|Iron Treads|
|poke|p1|Weavile, F|
|poke|p1|Walking Wake|
|poke|p2|Gliscor, M|
|poke|p2|Gogoat, M|
|poke|p2|Mamoswine, F|
|poke|p2|Toedscruel, F|
|poke|p2|Toxicroak, F|
|poke|p2|Arbok, F|
|teampreview
|inactive|Battle timer is ON: inactive players will automatically lose when time's up. (requested by dekukuroko)
|
|t:|1769432778
|teamsize|p1|6
|teamsize|p2|6
|start
|switch|p1a: Moltres|Moltres-Galar|100/100
|switch|p2a: Toedscruel|Toedscruel, F|100/100
|turn|1
|
|t:|1769432789
|move|p1a: Moltres|Nasty Plot|p1a: Moltres
|-boost|p1a: Moltres|spa|2
|move|p2a: Toedscruel|Stun Spore|p1a: Moltres
|-status|p1a: Moltres|par
|
|upkeep
|turn|2
|
|t:|1769432800
|move|p1a: Moltres|Hurricane|p2a: Toedscruel
|-supereffective|p2a: Toedscruel
|-damage|p2a: Toedscruel|0 fnt
|faint|p2a: Toedscruel
|
|upkeep
|
|t:|1769432810
|switch|p2a: Mamoswine|Mamoswine, F|100/100
|turn|3
|
|t:|1769432816
|move|p2a: Mamoswine|Icicle Spear|p1a: Moltres
|-supereffective|p1a: Moltres
|-damage|p1a: Moltres|65/100 par
|-supereffective|p1a: Moltres
|-damage|p1a: Moltres|31/100 par
|-enditem|p1a: Moltres|Sitrus Berry|[eat]
|-heal|p1a: Moltres|56/100 par|[from] item: Sitrus Berry
|-supereffective|p1a: Moltres
|-damage|p1a: Moltres|23/100 par
|-supereffective|p1a: Moltres
|-damage|p1a: Moltres|0 fnt
|faint|p1a: Moltres
|-hitcount|p1: Moltres|4
|
|upkeep
|
|t:|1769432828
|switch|p1a: Walking Wake|Walking Wake|100/100
|turn|4
|
|t:|1769432833
|switch|p2a: Toxicroak|Toxicroak, F, shiny|100/100
|move|p1a: Walking Wake|Flamethrower|p2a: Toxicroak
|-damage|p2a: Toxicroak|11/100
|
|upkeep
|turn|5
|
|t:|1769432841
|move|p2a: Toxicroak|Vacuum Wave|p1a: Walking Wake
|-damage|p1a: Walking Wake|79/100
|move|p1a: Walking Wake|Flamethrower|p2a: Toxicroak
|-damage|p2a: Toxicroak|0 fnt
|faint|p2a: Toxicroak
|
|upkeep
|
|t:|1769432847
|switch|p2a: Gliscor|Gliscor, M|100/100
|turn|6
|
|t:|1769432851
|-end|p1a: Walking Wake|Protosynthesis|[silent]
|switch|p1a: Slowking|Slowking-Galar, F|100/100
|-terastallize|p2a: Gliscor|Water
|move|p2a: Gliscor|Earthquake|p1a: Slowking
|-supereffective|p1a: Slowking
|-damage|p1a: Slowking|27/100
|
|-status|p2a: Gliscor|tox|[from] item: Toxic Orb
|upkeep
|turn|7
|
|t:|1769432865
|move|p2a: Gliscor|Substitute|p2a: Gliscor
|-start|p2a: Gliscor|Substitute
|-damage|p2a: Gliscor|76/100 tox
|-prepare|p1a: Slowking|Chilly Reception|[premajor]
|move|p1a: Slowking|Chilly Reception|p1a: Slowking
|-weather|Snowscape
|
|t:|1769432876
|switch|p1a: Weavile|Weavile, F|100/100|[from] Chilly Reception
|-ability|p1a: Weavile|Pressure
|
|-weather|Snowscape|[upkeep]
|-heal|p2a: Gliscor|88/100 tox|[from] ability: Poison Heal
|upkeep
|turn|8
|
|t:|1769432882
|move|p1a: Weavile|Triple Axel|p2a: Gliscor
|-resisted|p2a: Gliscor
|-activate|p2a: Gliscor|move: Substitute|[damage]
|-resisted|p2a: Gliscor
|-activate|p2a: Gliscor|move: Substitute|[damage]
|-resisted|p2a: Gliscor
|-activate|p2a: Gliscor|move: Substitute|[damage]
|-hitcount|p2a: Gliscor|3
|move|p2a: Gliscor|Earthquake|p1a: Weavile
|-damage|p1a: Weavile|63/100
|
|-weather|Snowscape|[upkeep]
|-heal|p2a: Gliscor|100/100 tox|[from] ability: Poison Heal
|upkeep
|turn|9
|
|t:|1769432895
|move|p1a: Weavile|Swords Dance|p1a: Weavile
|-boost|p1a: Weavile|atk|2
|move|p2a: Gliscor|Swords Dance|p2a: Gliscor
|-boost|p2a: Gliscor|atk|2
|
|-weather|Snowscape|[upkeep]
|upkeep
|turn|10
|
|t:|1769432899
|move|p1a: Weavile|Triple Axel|p2a: Gliscor
|-resisted|p2a: Gliscor
|-activate|p2a: Gliscor|move: Substitute|[damage]
|-resisted|p2a: Gliscor
|-end|p2a: Gliscor|Substitute
|-resisted|p2a: Gliscor
|-damage|p2a: Gliscor|84/100 tox
|-hitcount|p2a: Gliscor|3
|move|p2a: Gliscor|Earthquake|p1a: Weavile
|-damage|p1a: Weavile|0 fnt
|faint|p1a: Weavile
|
|-weather|Snowscape|[upkeep]
|-heal|p2a: Gliscor|96/100 tox|[from] ability: Poison Heal
|upkeep
|
|t:|1769432921
|switch|p1a: Slowking|Slowking-Galar, F|60/100
|turn|11
|
|t:|1769432926
|move|p2a: Gliscor|Earthquake|p1a: Slowking
|-supereffective|p1a: Slowking
|-damage|p1a: Slowking|0 fnt
|faint|p1a: Slowking
|
|-weather|none
|-heal|p2a: Gliscor|100/100 tox|[from] ability: Poison Heal
|upkeep
|
|t:|1769432931
|switch|p1a: Okidogi|Okidogi, M|100/100
|turn|12
|
|t:|1769432932
|move|p2a: Gliscor|Earthquake|p1a: Okidogi
|-supereffective|p1a: Okidogi
|-damage|p1a: Okidogi|3/100
|move|p1a: Okidogi|Bulk Up|p1a: Okidogi
|-boost|p1a: Okidogi|atk|1
|-boost|p1a: Okidogi|def|1
|
|-heal|p1a: Okidogi|9/100|[from] item: Leftovers
|upkeep
|turn|13
|
|t:|1769432939
|move|p2a: Gliscor|Earthquake|p1a: Okidogi
|-supereffective|p1a: Okidogi
|-damage|p1a: Okidogi|0 fnt
|faint|p1a: Okidogi
|
|upkeep
|
|t:|1769432941
|switch|p1a: Walking Wake|Walking Wake|79/100
|turn|14
|
|t:|1769432947
|move|p1a: Walking Wake|Draco Meteor|p2a: Gliscor
|-damage|p2a: Gliscor|0 fnt
|-unboost|p1a: Walking Wake|spa|2
|faint|p2a: Gliscor
|
|upkeep
|
|t:|1769432961
|switch|p2a: Arbok|Arbok, F|100/100
|turn|15
|
|t:|1769432966
|-end|p1a: Walking Wake|Protosynthesis|[silent]
|switch|p1a: Iron Treads|Iron Treads|100/100
|move|p2a: Arbok|Coil|p2a: Arbok
|-boost|p2a: Arbok|atk|1
|-boost|p2a: Arbok|def|1
|-boost|p2a: Arbok|accuracy|1
|
|upkeep
|turn|16
|
|t:|1769432975
|move|p1a: Iron Treads|Knock Off|p2a: Arbok
|-damage|p2a: Arbok|65/100
|-enditem|p2a: Arbok|Leftovers|[from] move: Knock Off|[of] p1a: Iron Treads
|move|p2a: Arbok|Coil|p2a: Arbok
|-boost|p2a: Arbok|atk|1
|-boost|p2a: Arbok|def|1
|-boost|p2a: Arbok|accuracy|1
|
|upkeep
|turn|17
|
|t:|1769432985
|move|p1a: Iron Treads|Stealth Rock|p2a: Arbok
|-sidestart|p2: boom moon|move: Stealth Rock
|move|p2a: Arbok|Scale Shot|p1a: Iron Treads
|-resisted|p1a: Iron Treads
|-damage|p1a: Iron Treads|94/100
|-resisted|p1a: Iron Treads
|-damage|p1a: Iron Treads|88/100
|-hitcount|p1a: Iron Treads|2
|-unboost|p2a: Arbok|def|1
|-boost|p2a: Arbok|spe|1
|
|-heal|p1a: Iron Treads|94/100|[from] item: Leftovers
|upkeep
|turn|18
|
|t:|1769432993
|move|p2a: Arbok|Coil|p2a: Arbok
|-boost|p2a: Arbok|atk|1
|-boost|p2a: Arbok|def|1
|-boost|p2a: Arbok|accuracy|1
|move|p1a: Iron Treads|Earthquake|p2a: Arbok
|-supereffective|p2a: Arbok
|-damage|p2a: Arbok|0 fnt
|faint|p2a: Arbok
|
|-heal|p1a: Iron Treads|99/100|[from] item: Leftovers
|upkeep
|
|t:|1769433001
|switch|p2a: Gogoat|Gogoat, M|100/100
|-damage|p2a: Gogoat|88/100|[from] Stealth Rock
|turn|19
|
|t:|1769433007
|-end|p1a: Iron Treads|Quark Drive|[silent]
|switch|p1a: Walking Wake|Walking Wake|79/100
|move|p2a: Gogoat|Bulk Up|p2a: Gogoat
|-boost|p2a: Gogoat|atk|1
|-boost|p2a: Gogoat|def|1
|
|upkeep
|turn|20
|
|t:|1769433013
|move|p1a: Walking Wake|Flamethrower|p2a: Gogoat
|-supereffective|p2a: Gogoat
|-damage|p2a: Gogoat|4/100
|move|p2a: Gogoat|Leaf Blade|p1a: Walking Wake
|-crit|p1a: Walking Wake
|-damage|p1a: Walking Wake|0 fnt
|faint|p1a: Walking Wake
|-end|p1a: Walking Wake|Protosynthesis|[silent]
|
|upkeep
|
|t:|1769433016
|switch|p1a: Iron Treads|Iron Treads|99/100
|turn|21
|
|t:|1769433019
|move|p1a: Iron Treads|Rapid Spin|p2a: Gogoat
|-damage|p2a: Gogoat|0 fnt
|-boost|p1a: Iron Treads|spe|1
|faint|p2a: Gogoat
|
|-heal|p1a: Iron Treads|100/100|[from] item: Leftovers
|upkeep
|
|t:|1769433021
|switch|p2a: Mamoswine|Mamoswine, F|100/100
|-damage|p2a: Mamoswine|88/100|[from] Stealth Rock
|turn|22
|
|t:|1769433029
|move|p1a: Iron Treads|Knock Off|p2a: Mamoswine
|-damage|p2a: Mamoswine|64/100
|-enditem|p2a: Mamoswine|Loaded Dice|[from] move: Knock Off|[of] p1a: Iron Treads
|move|p2a: Mamoswine|Earthquake|p1a: Iron Treads
|-supereffective|p1a: Iron Treads
|-damage|p1a: Iron Treads|0 fnt
|faint|p1a: Iron Treads
|-end|p1a: Iron Treads|Quark Drive|[silent]
|
|win|boom moon
|raw|dekukuroko's rating: 1219 &rarr; <strong>1191</strong><br />(-28 for losing)
|raw|boom moon's rating: 1182 &rarr; <strong>1210</strong><br />(+28 for winning)
|l|☆boom moon
|player|p2|
|l|☆dekukuroko
|player|p1|
