|j|☆stormhero
|j|☆Seaglassed
|t:|1769406314
|gametype|singles
|player|p1|stormhero|hugh|1447
|player|p2|Seaglassed|fisherman-gen4|1464
|gen|9
|tier|[Gen 9] OU
|rated|
|rule|HP Percentage Mod: HP is shown in percentages
|rule|Endless Battle Clause: Forcing endless battles is banned
|rule|Species Clause: Limit one of each Pokémon
|rule|OHKO Clause: OHKO moves are banned
|rule|Evasion Items Clause: Evasion items are banned
|rule|Evasion Moves Clause: Evasion moves are banned
|rule|Evasion Abilities Clause: Evasion abilities are banned
|rule|Sleep Moves Clause: Sleep-inducing moves are banned
|clearpoke
|poke|p1|Cinderace, M|
|poke|p1|Gholdengo|
|poke|p1|Meowscarada, F|
|poke|p1|Ogerpon-Cornerstone, F|
|poke|p1|Ting-Lu|
|poke|p1|Primarina, M|
|poke|p2|Sinistcha|
|poke|p2|Ting-Lu|
|poke|p2|Rillaboom, F|
|poke|p2|Deoxys-Speed|
|poke|p2|Dragonite, F|
|poke|p2|Clefable, F|
|teampreview
|inactive|Battle timer is ON: inactive players will automatically lose when time's up. (requested by stormhero)
|
|t:|1769406331
|teamsize|p1|6
|teamsize|p2|6
|start
|switch|p1a: ACE|Cinderace, M, shiny|100/100
|switch|p2a: Clefable|Clefable, F|100/100
|turn|1
|
|t:|1769406354
|move|p1a: ACE|Pyro Ball|p2a: Clefable
|-damage|p2a: Clefable|48/100
|move|p2a: Clefable|Moonlight|p2a: Clefable
|-heal|p2a: Clefable|98/100
|
|-heal|p2a: Clefable|100/100|[from] item: Leftovers
|upkeep
|turn|2
|
|t:|1769406371
|switch|p1a: Ogerpon|Ogerpon-Cornerstone, F|100/100
|switch|p2a: Ting-Lu|Ting-Lu|100/100
|-ability|p2a: Ting-Lu|Vessel of Ruin
|
|upkeep
|turn|3
|
|t:|1769406379
|move|p1a: Ogerpon|Swords Dance|p1a: Ogerpon
|-boost|p1a: Ogerpon|atk|2
|move|p2a: Ting-Lu|Whirlwind|p1a: Ogerpon
|drag|p1a: Meowscarada|Meowscarada, F, shiny|100/100
|
|upkeep
|turn|4
|
|t:|1769406398
|move|p1a: Meowscarada|Knock Off|p2a: Ting-Lu
|-start|p1a: Meowscarada|typechange|Dark|[from] ability: Protean
|-resisted|p2a: Ting-Lu
|-damage|p2a: Ting-Lu|83/100
|-enditem|p2a: Ting-Lu|Leftovers|[from] move: Knock Off|[of] p1a: Meowscarada
|move|p2a: Ting-Lu|Spikes|p1a: Meowscarada
|-sidestart|p1: stormhero|Spikes
|
|upkeep
|turn|5
|
|t:|1769406407
|switch|p1a: Ogerpon|Ogerpon-Cornerstone, F|100/100
|-damage|p1a: Ogerpon|88/100|[from] Spikes
|move|p2a: Ting-Lu|Stealth Rock|p1a: Ogerpon
|-sidestart|p1: stormhero|move: Stealth Rock
|
|upkeep
|turn|6
|
|t:|1769406425
|switch|p2a: Rillaboom|Rillaboom, F|100/100
|-fieldstart|move: Grassy Terrain|[from] ability: Grassy Surge|[of] p2a: Rillaboom
|move|p1a: Ogerpon|Seed Bomb|p2a: Rillaboom
|-resisted|p2a: Rillaboom
|-crit|p2a: Rillaboom
|-damage|p2a: Rillaboom|48/100
|
|-heal|p1a: Ogerpon|94/100|[from] Grassy Terrain
|-heal|p2a: Rillaboom|54/100|[from] Grassy Terrain
|upkeep
|turn|7
|
|t:|1769406434
|move|p2a: Rillaboom|Grassy Glide|p1a: Ogerpon
|-damage|p1a: Ogerpon|40/100
|move|p1a: Ogerpon|Ivy Cudgel|p2a: Rillaboom|[anim] Ivy Cudgel Rock
|-damage|p2a: Rillaboom|0 fnt
|faint|p2a: Rillaboom
|
|-heal|p1a: Ogerpon|46/100|[from] Grassy Terrain
|upkeep
|
|t:|1769406440
|switch|p2a: Deoxys|Deoxys-Speed|100/100
|-ability|p2a: Deoxys|Pressure
|turn|8
|
|t:|1769406445
|switch|p1a: Ting-Lu|Ting-Lu|100/100
|-damage|p1a: Ting-Lu|88/100|[from] Spikes
|-damage|p1a: Ting-Lu|82/100|[from] Stealth Rock
|-ability|p1a: Ting-Lu|Vessel of Ruin
|move|p2a: Deoxys|Nasty Plot|p2a: Deoxys
|-boost|p2a: Deoxys|spa|2
|
|-heal|p1a: Ting-Lu|88/100|[from] Grassy Terrain
|-heal|p1a: Ting-Lu|94/100|[from] item: Leftovers
|upkeep
|turn|9
|
|t:|1769406461
|switch|p2a: Sinistcha|Sinistcha|100/100
|move|p1a: Ting-Lu|Whirlwind|p2a: Sinistcha
|drag|p2a: Deoxys|Deoxys-Speed|100/100
|-ability|p2a: Deoxys|Pressure
|
|-heal|p1a: Ting-Lu|100/100|[from] Grassy Terrain
|upkeep
|turn|10
|
|t:|1769406469
|move|p2a: Deoxys|Ice Beam|p1a: Ting-Lu
|-supereffective|p1a: Ting-Lu
|-damage|p1a: Ting-Lu|69/100
|move|p1a: Ting-Lu|Ruination|p2a: Deoxys
|-damage|p2a: Deoxys|51/100
|
|-heal|p2a: Deoxys|57/100|[from] Grassy Terrain
|-heal|p1a: Ting-Lu|75/100|[from] Grassy Terrain
|-heal|p1a: Ting-Lu|81/100|[from] item: Leftovers
|-fieldend|move: Grassy Terrain
|upkeep
|turn|11
|
|t:|1769406478
|switch|p2a: Sinistcha|Sinistcha|100/100
|move|p1a: Ting-Lu|Whirlwind|p2a: Sinistcha
|drag|p2a: Ting-Lu|Ting-Lu|83/100
|-ability|p2a: Ting-Lu|Vessel of Ruin
|
|-heal|p1a: Ting-Lu|87/100|[from] item: Leftovers
|upkeep
|turn|12
|
|t:|1769406489
|move|p2a: Ting-Lu|Ruination|p1a: Ting-Lu
|-damage|p1a: Ting-Lu|44/100
|move|p1a: Ting-Lu|Ruination|p2a: Ting-Lu
|-damage|p2a: Ting-Lu|42/100
|
|-heal|p1a: Ting-Lu|50/100|[from] item: Leftovers
|upkeep
|turn|13
|
|t:|1769406497
|switch|p1a: Ogerpon|Ogerpon-Cornerstone, F|46/100
|-damage|p1a: Ogerpon|34/100|[from] Spikes
|-damage|p1a: Ogerpon|22/100|[from] Stealth Rock
|move|p2a: Ting-Lu|Whirlwind|p1a: Ogerpon
|drag|p1a: Meowscarada|Meowscarada, F, shiny|100/100
|-damage|p1a: Meowscarada|88/100|[from] Spikes
|-damage|p1a: Meowscarada|76/100|[from] Stealth Rock
|
|upkeep
|turn|14
|
|t:|1769406507
|switch|p2a: Clefable|Clefable, F|100/100
|move|p1a: Meowscarada|Triple Axel|p2a: Clefable|[miss]
|-start|p1a: Meowscarada|typechange|Ice|[from] ability: Protean
|-miss|p1a: Meowscarada|p2a: Clefable
|
|upkeep
|turn|15
|
|t:|1769406526
|switch|p1a: ACE|Cinderace, M, shiny|100/100
|switch|p2a: Ting-Lu|Ting-Lu|42/100
|-ability|p2a: Ting-Lu|Vessel of Ruin
|
|upkeep
|turn|16
|
|t:|1769406537
|move|p1a: ACE|Court Change|p1a: ACE
|-start|p1a: ACE|typechange|Normal|[from] ability: Libero
|-swapsideconditions
|-activate|p1a: ACE|move: Court Change
|move|p2a: Ting-Lu|Stealth Rock|p1a: ACE
|-sidestart|p1: stormhero|move: Stealth Rock
|
|upkeep
|turn|17
|
|t:|1769406552
|switch|p1a: Ogerpon|Ogerpon-Cornerstone, F|22/100
|-damage|p1a: Ogerpon|9/100|[from] Stealth Rock
|move|p2a: Ting-Lu|Spikes|p1a: Ogerpon
|-sidestart|p1: stormhero|Spikes
|
|upkeep
|turn|18
|
|t:|1769406562
|move|p1a: Ogerpon|Seed Bomb|p2a: Ting-Lu
|-supereffective|p2a: Ting-Lu
|-damage|p2a: Ting-Lu|0 fnt
|faint|p2a: Ting-Lu
|
|upkeep
|
|t:|1769406564
|switch|p2a: Dragonite|Dragonite, F|100/100
|turn|19
|
|t:|1769406568
|move|p2a: Dragonite|Extreme Speed|p1a: Ogerpon
|-resisted|p1a: Ogerpon
|-crit|p1a: Ogerpon
|-damage|p1a: Ogerpon|0 fnt
|faint|p1a: Ogerpon
|
|upkeep
|
|t:|1769406593
|switch|p1a: Primarina|Primarina, M, shiny|100/100
|-damage|p1a: Primarina|88/100|[from] Stealth Rock
|-damage|p1a: Primarina|75/100|[from] Spikes
|turn|20
|
|t:|1769406600
|-terastallize|p2a: Dragonite|Normal
|move|p2a: Dragonite|Extreme Speed|p1a: Primarina
|-damage|p1a: Primarina|22/100
|move|p1a: Primarina|Moonblast|p2a: Dragonite
|-damage|p2a: Dragonite|75/100
|
|upkeep
|turn|21
|
|t:|1769406615
|move|p2a: Dragonite|Extreme Speed|p1a: Primarina
|-crit|p1a: Primarina
|-damage|p1a: Primarina|0 fnt
|faint|p1a: Primarina
|
|upkeep
|
|t:|1769406622
|switch|p1a: CTC|Gholdengo, shiny|100/100
|-damage|p1a: CTC|94/100|[from] Stealth Rock
|-damage|p1a: CTC|82/100|[from] Spikes
|turn|22
|c|☆Seaglassed|I miss the goat🫡
|
|t:|1769406641
|move|p1a: CTC|Make It Rain|p2a: Dragonite
|-damage|p2a: Dragonite|15/100
|-unboost|p1a: CTC|spa|1
|move|p2a: Dragonite|Fire Punch|p1a: CTC
|-supereffective|p1a: CTC
|-damage|p1a: CTC|18/100
|-status|p1a: CTC|brn
|
|-damage|p1a: CTC|12/100 brn|[from] brn
|upkeep
|turn|23
|
|t:|1769406653
|move|p1a: CTC|Make It Rain|p2a: Dragonite
|-crit|p2a: Dragonite
|-damage|p2a: Dragonite|0 fnt
|-unboost|p1a: CTC|spa|1
|faint|p2a: Dragonite
|
|-damage|p1a: CTC|6/100 brn|[from] brn
|upkeep
|
|t:|1769406658
|switch|p2a: Deoxys|Deoxys-Speed|57/100
|-ability|p2a: Deoxys|Pressure
|turn|24
|c|☆stormhero|for real
|
|t:|1769406668
|move|p2a: Deoxys|Nasty Plot|p2a: Deoxys
|-boost|p2a: Deoxys|spa|2
|move|p1a: CTC|Make It Rain|p2a: Deoxys
|-damage|p2a: Deoxys|13/100
|-unboost|p1a: CTC|spa|1
|
|-damage|p1a: CTC|0 fnt|[from] brn
|faint|p1a: CTC
|upkeep
|inactive|stormhero has 120 seconds left.
|
|t:|1769406693
|switch|p1a: ACE|Cinderace, M, shiny|100/100
|turn|25
|
|t:|1769406701
|move|p2a: Deoxys|Nasty Plot|p2a: Deoxys
|-boost|p2a: Deoxys|spa|2
|move|p1a: ACE|U-turn|p2a: Deoxys
|-start|p1a: ACE|typechange|Bug|[from] ability: Libero
|-supereffective|p2a: Deoxys
|-damage|p2a: Deoxys|0 fnt
|faint|p2a: Deoxys
|inactive|stormhero has 120 seconds left.
|
|t:|1769406712
|switch|p1a: Meowscarada|Meowscarada, F, shiny|76/100|[from] U-turn
|-damage|p1a: Meowscarada|64/100|[from] Stealth Rock
|-damage|p1a: Meowscarada|51/100|[from] Spikes
|
|upkeep
|
|t:|1769406716
|switch|p2a: Clefable|Clefable, F|100/100
|turn|26
|inactive|stormhero has 120 seconds left.
|
|t:|1769406730
|move|p1a: Meowscarada|Flower Trick|p2a: Clefable
|-start|p1a: Meowscarada|typechange|Grass|[from] ability: Protean
|-crit|p2a: Clefable
|-damage|p2a: Clefable|38/100
|move|p2a: Clefable|Moonblast|p1a: Meowscarada
|-crit|p1a: Meowscarada
|-damage|p1a: Meowscarada|0 fnt
|faint|p1a: Meowscarada
|
|-heal|p2a: Clefable|44/100|[from] item: Leftovers
|upkeep
|inactive|stormhero has 120 seconds left.
|
|t:|1769406741
|switch|p1a: ACE|Cinderace, M, shiny|100/100
|turn|27
|
|t:|1769406744
|move|p1a: ACE|Pyro Ball|p2a: Clefable
|-damage|p2a: Clefable|0 fnt
|faint|p2a: Clefable
|
|upkeep
|
|t:|1769406746
|switch|p2a: Sinistcha|Sinistcha|100/100
|turn|28
|inactive|stormhero has 120 seconds left.
|
|t:|1769406766
|move|p1a: ACE|Pyro Ball|p2a: Sinistcha
|-supereffective|p2a: Sinistcha
|-damage|p2a: Sinistcha|61/100
|move|p2a: Sinistcha|Strength Sap|p1a: ACE
|-unboost|p1a: ACE|atk|1
|-heal|p2a: Sinistcha|100/100
|
|upkeep
|turn|29
|inactive|stormhero has 120 seconds left.
|
|t:|1769406778
|move|p1a: ACE|U-turn|p2a: Sinistcha
|-start|p1a: ACE|typechange|Bug|[from] ability: Libero
|-damage|p2a: Sinistcha|85/100
|
|t:|1769406781
|switch|p1a: Ting-Lu|Ting-Lu|50/100|[from] U-turn
|-damage|p1a: Ting-Lu|44/100|[from] Stealth Rock
|-damage|p1a: Ting-Lu|31/100|[from] Spikes
|-ability|p1a: Ting-Lu|Vessel of Ruin
|move|p2a: Sinistcha|Calm Mind|p2a: Sinistcha
|-boost|p2a: Sinistcha|spa|1
|-boost|p2a: Sinistcha|spd|1
|
|-heal|p1a: Ting-Lu|38/100|[from] item: Leftovers
|upkeep
|turn|30
|
|t:|1769406792
|move|p2a: Sinistcha|Matcha Gotcha|p1a: Ting-Lu
|-supereffective|p1a: Ting-Lu
|-damage|p1a: Ting-Lu|0 fnt
|-heal|p2a: Sinistcha|100/100|[from] drain|[of] p1a: Ting-Lu
|faint|p1a: Ting-Lu
|
|upkeep
|
|t:|1769406798
|switch|p1a: ACE|Cinderace, M, shiny|100/100
|turn|31
|
|t:|1769406802
|-terastallize|p1a: ACE|Fire
|move|p1a: ACE|Pyro Ball|p2a: Sinistcha
|-supereffective|p2a: Sinistcha
|-damage|p2a: Sinistcha|51/100
|move|p2a: Sinistcha|Strength Sap|p1a: ACE
|-unboost|p1a: ACE|atk|1
|-heal|p2a: Sinistcha|100/100
|
|upkeep
|turn|32
|-message|stormhero forfeited.
|
|win|Seaglassed
|raw|stormhero's rating: 1447 &rarr; <strong>1428</strong><br />(-19 for losing)
|raw|Seaglassed's rating: 1464 &rarr; <strong>1483</strong><br />(+19 for winning)
|l|☆stormhero
|player|p1|
|c|☆Seaglassed|gg
|l|☆Seaglassed
|player|p2|
