|j|☆filoupolice85
|j|☆GyoK3RES
|t:|1769416092
|gametype|singles
|player|p1|filoupolice85|policeman-gen4|1133
|player|p2|GyoK3RES|dawn-gen4pt|1142
|gen|9
|tier|[Gen 9] OU
|rated|
|rule|HP Percentage Mod: HP is shown in percentages
|rule|Endless Battle Clause: Forcing endless battles is banned
|rule|Species Clause: Limit one of each Pokémon
|rule|OHKO Clause: OHKO moves are banned
|rule|Evasion Items Clause: Evasion items are banned
|rule|Evasion Moves Clause: Evasion moves are banned
|rule|Evasion Abilities Clause: Evasion abilities are banned
|rule|Sleep Moves Clause: Sleep-inducing moves are banned
|clearpoke
|poke|p1|Hoopa|
|poke|p1|Porygon-Z|
|poke|p1|Mienshao, M|
|poke|p1|Goodra-Hisui, F|
|poke|p1|Weezing-Galar, F|
|poke|p1|Landorus-Therian, M|
|poke|p2|Corviknight, F|
|poke|p2|Leafeon, F|
|poke|p2|Garchomp, F|
|poke|p2|Torkoal, M|
|poke|p2|Greninja-*, M|
|poke|p2|Whimsicott, M|
|teampreview
|
|t:|1769416099
|teamsize|p1|6
|teamsize|p2|6
|start
|switch|p1a: Landorus|Landorus-Therian, M|100/100
|switch|p2a: Torkoal|Torkoal, M|100/100
|-ability|p1a: Landorus|Intimidate|boost
|-unboost|p2a: Torkoal|atk|1
|-weather|SunnyDay|[from] ability: Drought|[of] p2a: Torkoal
|-enditem|p2a: Torkoal|Eject Pack
|
|t:|1769416113
|switch|p2a: Greninja|Greninja, M|100/100
|turn|1
|
|t:|1769416128
|switch|p1a: Weezing|Weezing-Galar, F|100/100
|-fieldstart|move: Misty Terrain|[from] ability: Misty Surge|[of] p1a: Weezing
|move|p2a: Greninja|Ice Beam|p1a: Weezing
|-crit|p1a: Weezing
|-damage|p1a: Weezing|27/100
|-damage|p2a: Greninja|91/100|[from] item: Life Orb
|
|-weather|SunnyDay|[upkeep]
|-heal|p1a: Weezing|33/100|[from] item: Black Sludge
|upkeep
|turn|2
|
|t:|1769416144
|switch|p1a: switch in|Mienshao, M|100/100
|move|p2a: Greninja|Ice Beam|p1a: switch in
|-damage|p1a: switch in|33/100
|-damage|p2a: Greninja|81/100|[from] item: Life Orb
|
|-weather|SunnyDay|[upkeep]
|upkeep
|turn|3
|
|t:|1769416157
|move|p1a: switch in|Fake Out|p2a: Greninja
|-damage|p2a: Greninja|57/100
|cant|p2a: Greninja|flinch
|
|-weather|SunnyDay|[upkeep]
|upkeep
|turn|4
|
|t:|1769416164
|switch|p1a: Goodra|Goodra-Hisui, F|100/100
|move|p2a: Greninja|Ice Beam|p1a: Goodra
|-damage|p1a: Goodra|85/100
|-damage|p2a: Greninja|48/100|[from] item: Life Orb
|
|-weather|SunnyDay|[upkeep]
|upkeep
|turn|5
|
|t:|1769416176
|move|p2a: Greninja|Ice Beam|p1a: Goodra
|-damage|p1a: Goodra|70/100
|-damage|p2a: Greninja|38/100|[from] item: Life Orb
|move|p1a: Goodra|Flash Cannon|p2a: Greninja
|-resisted|p2a: Greninja
|-damage|p2a: Greninja|5/100
|
|-weather|none
|-fieldend|Misty Terrain
|upkeep
|turn|6
|
|t:|1769416189
|move|p2a: Greninja|Ice Beam|p1a: Goodra
|-damage|p1a: Goodra|55/100
|-damage|p2a: Greninja|0 fnt|[from] item: Life Orb
|faint|p2a: Greninja
|move|p1a: Goodra|Fire Blast|p2: Greninja|[notarget]
|-fail|p1a: Goodra
|
|upkeep
|
|t:|1769416196
|switch|p2a: Torkoal|Torkoal, M|100/100
|-weather|SunnyDay|[from] ability: Drought|[of] p2a: Torkoal
|turn|7
|
|t:|1769416207
|switch|p1a: Landorus|Landorus-Therian, M|100/100
|-ability|p1a: Landorus|Intimidate|boost
|-unboost|p2a: Torkoal|atk|1
|move|p2a: Torkoal|Overheat|p1a: Landorus
|-damage|p1a: Landorus|0 fnt
|-unboost|p2a: Torkoal|spa|2
|faint|p1a: Landorus
|
|-weather|SunnyDay|[upkeep]
|upkeep
|
|t:|1769416223
|switch|p1a: Hoopa|Hoopa|100/100
|turn|8
|
|t:|1769416230
|switch|p2a: Leafeon|Leafeon, F|100/100
|move|p1a: Hoopa|Hyperspace Hole|p2a: Leafeon
|-damage|p2a: Leafeon|0 fnt
|faint|p2a: Leafeon
|
|-weather|SunnyDay|[upkeep]
|upkeep
|
|t:|1769416241
|switch|p2a: Garchomp|Garchomp, F|100/100
|turn|9
|
|t:|1769416250
|switch|p1a: Weezing|Weezing-Galar, F|33/100
|-fieldstart|move: Misty Terrain|[from] ability: Misty Surge|[of] p1a: Weezing
|-terastallize|p2a: Garchomp|Dragon
|move|p2a: Garchomp|Scale Shot|p1a: Weezing
|-immune|p1a: Weezing
|
|-weather|SunnyDay|[upkeep]
|-heal|p1a: Weezing|39/100|[from] item: Black Sludge
|upkeep
|turn|10
|
|t:|1769416261
|move|p2a: Garchomp|Swords Dance|p2a: Garchomp
|-boost|p2a: Garchomp|atk|2
|move|p1a: Weezing|Toxic Spikes|p2a: Garchomp
|-sidestart|p2: GyoK3RES|move: Toxic Spikes
|
|-weather|SunnyDay|[upkeep]
|-heal|p1a: Weezing|45/100|[from] item: Black Sludge
|upkeep
|turn|11
|
|t:|1769416271
|move|p2a: Garchomp|Earthquake|p1a: Weezing
|-supereffective|p1a: Weezing
|-damage|p1a: Weezing|0 fnt
|faint|p1a: Weezing
|
|-weather|none
|upkeep
|
|t:|1769416281
|switch|p1a: Porygon-Z|Porygon-Z|100/100
|-ability|p1a: Porygon-Z|Download|boost
|-boost|p1a: Porygon-Z|spa|1
|turn|12
|
|t:|1769416287
|move|p1a: Porygon-Z|Ice Beam|p2a: Garchomp
|-supereffective|p2a: Garchomp
|-damage|p2a: Garchomp|9/100
|move|p2a: Garchomp|Scale Shot|p1a: Porygon-Z
|-damage|p1a: Porygon-Z|75/100
|-damage|p1a: Porygon-Z|53/100
|-damage|p1a: Porygon-Z|30/100
|-damage|p1a: Porygon-Z|5/100
|-hitcount|p1a: Porygon-Z|4
|-unboost|p2a: Garchomp|def|1
|-boost|p2a: Garchomp|spe|1
|
|upkeep
|turn|13
|
|t:|1769416300
|move|p1a: Porygon-Z|Ice Beam|p2a: Garchomp
|-supereffective|p2a: Garchomp
|-damage|p2a: Garchomp|0 fnt
|faint|p2a: Garchomp
|
|-fieldend|Misty Terrain
|upkeep
|
|t:|1769416308
|switch|p2a: Corviknight|Corviknight, F|100/100
|-ability|p2a: Corviknight|Pressure
|turn|14
|
|t:|1769416314
|switch|p1a: Goodra|Goodra-Hisui, F|55/100
|move|p2a: Corviknight|Defog|p1a: Goodra
|-unboost|p1a: Goodra|evasion|1
|-sideend|p2: GyoK3RES|Toxic Spikes|[from] move: Defog|[of] p2a: Corviknight
|
|upkeep
|turn|15
|
|t:|1769416320
|move|p2a: Corviknight|Body Press|p1a: Goodra
|-supereffective|p1a: Goodra
|-damage|p1a: Goodra|8/100
|-ability|p1a: Goodra|Gooey
|-unboost|p2a: Corviknight|spe|1
|move|p1a: Goodra|Fire Blast|p2a: Corviknight
|-supereffective|p2a: Corviknight
|-damage|p2a: Corviknight|38/100
|
|-heal|p2a: Corviknight|44/100|[from] item: Leftovers
|upkeep
|turn|16
|
|t:|1769416335
|move|p1a: Goodra|Fire Blast|p2a: Corviknight
|-supereffective|p2a: Corviknight
|-damage|p2a: Corviknight|0 fnt
|faint|p2a: Corviknight
|
|upkeep
|
|t:|1769416340
|switch|p2a: Whimsicott|Whimsicott, M|100/100
|turn|17
|
|t:|1769416348
|move|p2a: Whimsicott|Leech Seed|p1a: Goodra
|-start|p1a: Goodra|move: Leech Seed
|move|p1a: Goodra|Fire Blast|p2a: Whimsicott|[miss]
|-miss|p1a: Goodra|p2a: Whimsicott
|
|-damage|p1a: Goodra|0 fnt|[from] Leech Seed|[of] p2a: Whimsicott
|faint|p1a: Goodra
|upkeep
|
|t:|1769416356
|switch|p1a: Porygon-Z|Porygon-Z|5/100
|-ability|p1a: Porygon-Z|Download|boost
|-boost|p1a: Porygon-Z|spa|1
|turn|18
|
|t:|1769416361
|switch|p2a: Torkoal|Torkoal, M|100/100
|-weather|SunnyDay|[from] ability: Drought|[of] p2a: Torkoal
|move|p1a: Porygon-Z|Ice Beam|p2a: Torkoal
|-resisted|p2a: Torkoal
|-damage|p2a: Torkoal|70/100
|
|-weather|SunnyDay|[upkeep]
|upkeep
|turn|19
|
|t:|1769416369
|switch|p1a: Hoopa|Hoopa|100/100
|move|p2a: Torkoal|Body Press|p1a: Hoopa
|-immune|p1a: Hoopa
|
|-weather|SunnyDay|[upkeep]
|upkeep
|turn|20
|
|t:|1769416378
|move|p1a: Hoopa|Hyperspace Hole|p2a: Torkoal
|-damage|p2a: Torkoal|0 fnt
|faint|p2a: Torkoal
|
|-weather|SunnyDay|[upkeep]
|upkeep
|
|t:|1769416383
|switch|p2a: Whimsicott|Whimsicott, M|100/100
|turn|21
|
|t:|1769416388
|move|p2a: Whimsicott|Switcheroo|p1a: Hoopa
|-activate|p2a: Whimsicott|move: Trick|[of] p1a: Hoopa
|-item|p1a: Hoopa|Choice Scarf|[from] move: Switcheroo
|-item|p2a: Whimsicott|Choice Specs|[from] move: Switcheroo
|move|p1a: Hoopa|Hyperspace Hole|p2a: Whimsicott
|-damage|p2a: Whimsicott|22/100
|
|-weather|SunnyDay|[upkeep]
|upkeep
|turn|22
|
|t:|1769416397
|move|p2a: Whimsicott|Leech Seed|p1a: Hoopa
|-start|p1a: Hoopa|move: Leech Seed
|move|p1a: Hoopa|Hyperspace Hole|p2a: Whimsicott
|-damage|p2a: Whimsicott|0 fnt
|faint|p2a: Whimsicott
|
|win|filoupolice85
|raw|filoupolice85's rating: 1133 &rarr; <strong>1159</strong><br />(+26 for winning)
|raw|GyoK3RES's rating: 1142 &rarr; <strong>1116</strong><br />(-26 for losing)
|l|☆GyoK3RES
|player|p2|
|l|☆filoupolice85
|player|p1|
