|j|☆Dragonzord6
|j|☆TEO ZE STORM
|t:|1769357880
|gametype|singles
|player|p1|Dragonzord6|lance|1213
|player|p2|TEO ZE STORM|archer|1237
|gen|9
|tier|[Gen 9] OU
|rated|
|rule|HP Percentage Mod: HP is shown in percentages
|rule|Endless Battle Clause: Forcing endless battles is banned
|rule|Species Clause: Limit one of each Pokémon
|rule|OHKO Clause: OHKO moves are banned
|rule|Evasion Items Clause: Evasion items are banned
|rule|Evasion Moves Clause: Evasion moves are banned
|rule|Evasion Abilities Clause: Evasion abilities are banned
|rule|Sleep Moves Clause: Sleep-inducing moves are banned
|clearpoke
|poke|p1|Pelipper, M|
|poke|p1|Kingdra, M|
|poke|p1|Barraskewda, F|
|poke|p1|Raging Bolt|
|poke|p1|Tornadus-Therian, M|
|poke|p1|Kyurem|
|poke|p2|Tornadus-Therian, M|
|poke|p2|Salamence, M|
|poke|p2|Scizor, M|
|poke|p2|Landorus-Therian, M|
|poke|p2|Thundurus-Therian, M|
|poke|p2|Incineroar, M|
|teampreview
|inactive|Battle timer is ON: inactive players will automatically lose when time's up. (requested by Dragonzord6)
|c|☆Dragonzord6|Gg
|
|t:|1769357904
|teamsize|p1|6
|teamsize|p2|6
|start
|switch|p1a: Messenger|Pelipper, M, shiny|100/100
|switch|p2a: Tornadus|Tornadus-Therian, M, shiny|100/100
|-weather|RainDance|[from] ability: Drizzle|[of] p1a: Messenger
|turn|1
|
|t:|1769357914
|move|p2a: Tornadus|Tailwind|p2a: Tornadus
|-sidestart|p2: TEO ZE STORM|move: Tailwind
|move|p1a: Messenger|U-turn|p2a: Tornadus
|-resisted|p2a: Tornadus
|-damage|p2a: Tornadus|96/100
|
|t:|1769357920
|switch|p1a: Raging Bolt|Raging Bolt|100/100|[from] U-turn
|-enditem|p1a: Raging Bolt|Booster Energy
|-activate|p1a: Raging Bolt|ability: Protosynthesis|[fromitem]
|-start|p1a: Raging Bolt|protosynthesisspa
|
|-weather|RainDance|[upkeep]
|upkeep
|turn|2
|
|t:|1769357930
|switch|p2a: Landorus|Landorus-Therian, M, shiny|100/100
|-ability|p2a: Landorus|Intimidate|boost
|-unboost|p1a: Raging Bolt|atk|1
|move|p1a: Raging Bolt|Weather Ball|p2a: Landorus
|-supereffective|p2a: Landorus
|-damage|p2a: Landorus|0 fnt
|faint|p2a: Landorus
|
|-weather|RainDance|[upkeep]
|upkeep
|
|t:|1769357941
|switch|p2a: Salamence|Salamence, M|100/100
|turn|3
|
|t:|1769357948
|-terastallize|p1a: Raging Bolt|Electric
|move|p2a: Salamence|Earthquake|p1a: Raging Bolt
|-supereffective|p1a: Raging Bolt
|-damage|p1a: Raging Bolt|45/100
|move|p1a: Raging Bolt|Thunder|p2a: Salamence
|-damage|p2a: Salamence|0 fnt
|faint|p2a: Salamence
|
|-weather|RainDance|[upkeep]
|upkeep
|
|t:|1769357962
|switch|p2a: Incineroar|Incineroar, M|100/100
|-ability|p2a: Incineroar|Intimidate|boost
|-unboost|p1a: Raging Bolt|atk|1
|turn|4
|
|t:|1769357967
|move|p2a: Incineroar|Earthquake|p1a: Raging Bolt
|-supereffective|p1a: Raging Bolt
|-damage|p1a: Raging Bolt|0 fnt
|faint|p1a: Raging Bolt
|-end|p1a: Raging Bolt|Protosynthesis|[silent]
|
|-weather|RainDance|[upkeep]
|-sideend|p2: TEO ZE STORM|move: Tailwind
|upkeep
|
|t:|1769357973
|switch|p1a: Kingdra|Kingdra, M, shiny|100/100
|turn|5
|
|t:|1769357983
|move|p1a: Kingdra|Weather Ball|p2a: Incineroar
|-supereffective|p2a: Incineroar
|-damage|p2a: Incineroar|0 fnt
|faint|p2a: Incineroar
|
|-weather|RainDance|[upkeep]
|upkeep
|
|t:|1769357988
|switch|p2a: Thundurus|Thundurus-Therian, M, shiny|100/100
|turn|6
|
|t:|1769357997
|move|p1a: Kingdra|Weather Ball|p2a: Thundurus
|-damage|p2a: Thundurus|0 fnt
|faint|p2a: Thundurus
|
|-weather|RainDance|[upkeep]
|upkeep
|-message|TEO ZE STORM forfeited.
|
|win|Dragonzord6
|raw|Dragonzord6's rating: 1213 &rarr; <strong>1240</strong><br />(+27 for winning)
|raw|TEO ZE STORM's rating: 1237 &rarr; <strong>1210</strong><br />(-27 for losing)
|l|☆TEO ZE STORM
|player|p2|
