|j|☆Jfkpeekedanawp
|j|☆mc_mogu
|t:|1769409063
|gametype|singles
|player|p1|Jfkpeekedanawp|2|1320
|player|p2|mc_mogu|1|1359
|gen|9
|tier|[Gen 9] OU
|rated|
|rule|HP Percentage Mod: HP is shown in percentages
|rule|Endless Battle Clause: Forcing endless battles is banned
|rule|Species Clause: Limit one of each Pokémon
|rule|OHKO Clause: OHKO moves are banned
|rule|Evasion Items Clause: Evasion items are banned
|rule|Evasion Moves Clause: Evasion moves are banned
|rule|Evasion Abilities Clause: Evasion abilities are banned
|rule|Sleep Moves Clause: Sleep-inducing moves are banned
|clearpoke
|poke|p1|Iron Hands|
|poke|p1|Glimmora, M|
|poke|p1|Landorus-Therian, M|
|poke|p1|Dragapult, F|
|poke|p1|Primarina, M|
|poke|p1|Kingambit, F|
|poke|p2|Sandy Shocks|
|poke|p2|Scizor, F|
|poke|p2|Manaphy|
|poke|p2|Latios, M|
|poke|p2|Ogerpon, F|
|poke|p2|Iron Jugulis|
|teampreview
|inactive|Battle timer is ON: inactive players will automatically lose when time's up. (requested by Jfkpeekedanawp)
|
|t:|1769409091
|teamsize|p1|6
|teamsize|p2|6
|start
|switch|p1a: Landorus|Landorus-Therian, M|100/100
|switch|p2a: Sandy Shocks|Sandy Shocks|100/100
|-ability|p1a: Landorus|Intimidate|boost
|-unboost|p2a: Sandy Shocks|atk|1
|-enditem|p2a: Sandy Shocks|Booster Energy
|-activate|p2a: Sandy Shocks|ability: Protosynthesis|[fromitem]
|-start|p2a: Sandy Shocks|protosynthesisspe
|turn|1
|
|t:|1769409100
|move|p2a: Sandy Shocks|Stealth Rock|p1a: Landorus
|-sidestart|p1: Jfkpeekedanawp|move: Stealth Rock
|move|p1a: Landorus|Stealth Rock|p2a: Sandy Shocks
|-sidestart|p2: mc_mogu|move: Stealth Rock
|
|upkeep
|turn|2
|
|t:|1769409110
|move|p2a: Sandy Shocks|Spikes|p1a: Landorus
|-sidestart|p1: Jfkpeekedanawp|Spikes
|move|p1a: Landorus|Rock Tomb|p2a: Sandy Shocks
|-resisted|p2a: Sandy Shocks
|-damage|p2a: Sandy Shocks|91/100
|-unboost|p2a: Sandy Shocks|spe|1
|
|upkeep
|turn|3
|
|t:|1769409118
|move|p2a: Sandy Shocks|Spikes|p1a: Landorus
|-sidestart|p1: Jfkpeekedanawp|Spikes
|move|p1a: Landorus|Earth Power|p2a: Sandy Shocks
|-supereffective|p2a: Sandy Shocks
|-damage|p2a: Sandy Shocks|9/100
|
|upkeep
|turn|4
|
|t:|1769409124
|move|p2a: Sandy Shocks|Spikes|p1a: Landorus
|-sidestart|p1: Jfkpeekedanawp|Spikes
|move|p1a: Landorus|Rock Tomb|p2a: Sandy Shocks
|-resisted|p2a: Sandy Shocks
|-damage|p2a: Sandy Shocks|0 fnt
|faint|p2a: Sandy Shocks
|-end|p2a: Sandy Shocks|Protosynthesis|[silent]
|
|upkeep
|
|t:|1769409130
|switch|p2a: Manaphy|Manaphy|100/100
|-damage|p2a: Manaphy|88/100|[from] Stealth Rock
|turn|5
|
|t:|1769409143
|switch|p1a: Primarina|Primarina, M|100/100
|-damage|p1a: Primarina|88/100|[from] Stealth Rock
|-damage|p1a: Primarina|63/100|[from] Spikes
|move|p2a: Manaphy|Surf|p1a: Primarina
|-resisted|p1a: Primarina
|-damage|p1a: Primarina|53/100
|
|upkeep
|turn|6
|
|t:|1769409151
|move|p2a: Manaphy|Energy Ball|p1a: Primarina
|-supereffective|p1a: Primarina
|-damage|p1a: Primarina|26/100
|move|p1a: Primarina|Moonblast|p2a: Manaphy
|-damage|p2a: Manaphy|43/100
|-unboost|p2a: Manaphy|spa|1
|-enditem|p2a: Manaphy|Sitrus Berry|[eat]
|-heal|p2a: Manaphy|67/100|[from] item: Sitrus Berry
|
|upkeep
|turn|7
|
|t:|1769409175
|-terastallize|p2a: Manaphy|Grass
|move|p2a: Manaphy|Energy Ball|p1a: Primarina
|-supereffective|p1a: Primarina
|-damage|p1a: Primarina|0 fnt
|faint|p1a: Primarina
|
|upkeep
|
|t:|1769409187
|switch|p1a: Glimmora|Glimmora, M|100/100
|-damage|p1a: Glimmora|88/100|[from] Stealth Rock
|-damage|p1a: Glimmora|63/100|[from] Spikes
|turn|8
|
|t:|1769409200
|move|p1a: Glimmora|Earth Power|p2a: Manaphy
|-resisted|p2a: Manaphy
|-damage|p2a: Manaphy|52/100
|move|p2a: Manaphy|Tail Glow|p2a: Manaphy
|-boost|p2a: Manaphy|spa|3
|
|upkeep
|turn|9
|
|t:|1769409222
|switch|p1a: Landorus|Landorus-Therian, M|100/100
|-damage|p1a: Landorus|88/100|[from] Stealth Rock
|-ability|p1a: Landorus|Intimidate|boost
|-unboost|p2a: Manaphy|atk|1
|move|p2a: Manaphy|Ice Beam|p1a: Landorus
|-supereffective|p1a: Landorus
|-damage|p1a: Landorus|0 fnt
|faint|p1a: Landorus
|
|upkeep
|
|t:|1769409224
|switch|p1a: Glimmora|Glimmora, M|63/100
|-damage|p1a: Glimmora|51/100|[from] Stealth Rock
|-damage|p1a: Glimmora|26/100|[from] Spikes
|turn|10
|
|t:|1769409236
|move|p1a: Glimmora|Mortal Spin|p2a: Manaphy
|-supereffective|p2a: Manaphy
|-damage|p2a: Manaphy|40/100
|-status|p2a: Manaphy|psn
|-sideend|p1: Jfkpeekedanawp|Spikes|[from] move: Mortal Spin|[of] p1a: Glimmora
|-sideend|p1: Jfkpeekedanawp|Stealth Rock|[from] move: Mortal Spin|[of] p1a: Glimmora
|move|p2a: Manaphy|Surf|p1a: Glimmora
|-supereffective|p1a: Glimmora
|-damage|p1a: Glimmora|0 fnt
|faint|p1a: Glimmora
|
|-damage|p2a: Manaphy|27/100 psn|[from] psn
|upkeep
|
|t:|1769409240
|switch|p1a: Dragapult|Dragapult, F|100/100
|turn|11
|
|t:|1769409251
|move|p1a: Dragapult|U-turn|p2a: Manaphy
|-supereffective|p2a: Manaphy
|-damage|p2a: Manaphy|0 fnt
|faint|p2a: Manaphy
|
|t:|1769409254
|switch|p1a: Iron Hands|Iron Hands|100/100|[from] U-turn
|-enditem|p1a: Iron Hands|Booster Energy
|-activate|p1a: Iron Hands|ability: Quark Drive|[fromitem]
|-start|p1a: Iron Hands|quarkdriveatk
|
|upkeep
|
|t:|1769409264
|switch|p2a: Scizor|Scizor, F|100/100
|-damage|p2a: Scizor|88/100|[from] Stealth Rock
|turn|12
|
|t:|1769409271
|move|p2a: Scizor|Close Combat|p1a: Iron Hands
|-damage|p1a: Iron Hands|69/100
|-unboost|p2a: Scizor|def|1
|-unboost|p2a: Scizor|spd|1
|move|p1a: Iron Hands|Supercell Slam|p2a: Scizor
|-damage|p2a: Scizor|0 fnt
|faint|p2a: Scizor
|
|upkeep
|
|t:|1769409280
|switch|p2a: Iron Jugulis|Iron Jugulis|100/100
|-damage|p2a: Iron Jugulis|76/100|[from] Stealth Rock
|-enditem|p2a: Iron Jugulis|Booster Energy
|-activate|p2a: Iron Jugulis|ability: Quark Drive|[fromitem]
|-start|p2a: Iron Jugulis|quarkdrivespe
|turn|13
|
|t:|1769409291
|move|p2a: Iron Jugulis|Earth Power|p1a: Iron Hands
|-supereffective|p1a: Iron Hands
|-damage|p1a: Iron Hands|19/100
|move|p1a: Iron Hands|Supercell Slam|p2a: Iron Jugulis
|-supereffective|p2a: Iron Jugulis
|-damage|p2a: Iron Jugulis|0 fnt
|faint|p2a: Iron Jugulis
|-end|p2a: Iron Jugulis|Quark Drive|[silent]
|
|upkeep
|
|t:|1769409313
|switch|p2a: Ogerpon|Ogerpon, F|100/100
|-damage|p2a: Ogerpon|88/100|[from] Stealth Rock
|turn|14
|
|t:|1769409334
|move|p2a: Ogerpon|Ivy Cudgel|p1a: Iron Hands
|-damage|p1a: Iron Hands|0 fnt
|faint|p1a: Iron Hands
|-end|p1a: Iron Hands|Quark Drive|[silent]
|
|upkeep
|
|t:|1769409336
|switch|p1a: Dragapult|Dragapult, F|100/100
|turn|15
|inactive|mc_mogu has 120 seconds left.
|
|t:|1769409368
|-terastallize|p1a: Dragapult|Ghost
|move|p1a: Dragapult|Tera Blast|p2a: Ogerpon|[anim] Tera Blast Ghost
|-damage|p2a: Ogerpon|0 fnt
|faint|p2a: Ogerpon
|
|upkeep
|
|t:|1769409374
|switch|p2a: Latios|Latios, M|100/100
|-damage|p2a: Latios|88/100|[from] Stealth Rock
|turn|16
|
|t:|1769409392
|move|p1a: Dragapult|Tera Blast|p2a: Latios|[anim] Tera Blast Ghost
|-supereffective|p2a: Latios
|-damage|p2a: Latios|0 fnt
|faint|p2a: Latios
|
|win|Jfkpeekedanawp
|raw|Jfkpeekedanawp's rating: 1320 &rarr; <strong>1342</strong><br />(+22 for winning)
|raw|mc_mogu's rating: 1359 &rarr; <strong>1337</strong><br />(-22 for losing)
|l|☆mc_mogu
|player|p2|
|l|☆Jfkpeekedanawp
|player|p1|
