|j|☆mra1990
|j|☆floatzeltheking
|t:|1769351084
|gametype|singles
|player|p1|mra1990|swimmer|1134
|player|p2|floatzeltheking|brycen|1086
|gen|9
|tier|[Gen 9] OU
|rated|
|rule|HP Percentage Mod: HP is shown in percentages
|rule|Endless Battle Clause: Forcing endless battles is banned
|rule|Species Clause: Limit one of each Pokémon
|rule|OHKO Clause: OHKO moves are banned
|rule|Evasion Items Clause: Evasion items are banned
|rule|Evasion Moves Clause: Evasion moves are banned
|rule|Evasion Abilities Clause: Evasion abilities are banned
|rule|Sleep Moves Clause: Sleep-inducing moves are banned
|clearpoke
|poke|p1|Pincurchin, M|
|poke|p1|Raichu-Alola, M|
|poke|p1|Iron Valiant|
|poke|p1|Iron Hands|
|poke|p1|Ogerpon-Wellspring, F|
|poke|p1|Great Tusk|
|poke|p2|Floatzel, M|
|poke|p2|Krookodile, M|
|poke|p2|Arboliva, F|
|poke|p2|Venomoth, F|
|poke|p2|Pelipper, F|
|poke|p2|Hoopa|
|teampreview
|inactive|Battle timer is ON: inactive players will automatically lose when time's up. (requested by mra1990)
|
|t:|1769351096
|teamsize|p1|6
|teamsize|p2|6
|start
|switch|p1a: Pincurchin|Pincurchin, M|100/100
|switch|p2a: Ringleader|Hoopa|100/100
|-fieldstart|move: Electric Terrain|[from] ability: Electric Surge|[of] p1a: Pincurchin
|turn|1
|c|☆floatzeltheking|!weakness pikachu
|c| floatzeltheking|/raw <div class="infobox">Pikachu (ignoring abilities):<br /><span class="message-effect-weak">Weaknesses</span>: Ground<br /><span class="message-effect-resist">Resistances</span>: Electric, Flying, Steel<br /><span class="message-effect-immune">Immunities</span>: Paralysis</div>
|
|t:|1769351113
|move|p2a: Ringleader|Nasty Plot|p2a: Ringleader
|-boost|p2a: Ringleader|spa|2
|move|p1a: Pincurchin|Spikes|p2a: Ringleader
|-sidestart|p2: floatzeltheking|Spikes
|
|upkeep
|turn|2
|inactive|mra1990 has 120 seconds left.
|
|t:|1769351159
|switch|p1a: Iron Valiant|Iron Valiant|100/100
|-activate|p1a: Iron Valiant|ability: Quark Drive
|-start|p1a: Iron Valiant|quarkdrivespe
|move|p2a: Ringleader|Nasty Plot|p2a: Ringleader
|-boost|p2a: Ringleader|spa|2
|
|upkeep
|turn|3
|
|t:|1769351184
|-terastallize|p2a: Ringleader|Fighting
|move|p1a: Iron Valiant|Encore|p2a: Ringleader
|-start|p2a: Ringleader|Encore
|move|p2a: Ringleader|Nasty Plot|p2a: Ringleader
|-boost|p2a: Ringleader|spa|2
|
|upkeep
|turn|4
|
|t:|1769351197
|move|p1a: Iron Valiant|Moonblast|p2a: Ringleader
|-supereffective|p2a: Ringleader
|-damage|p2a: Ringleader|11/100
|move|p2a: Ringleader|Nasty Plot|p2a: Ringleader
|-boost|p2a: Ringleader|spa|0
|
|upkeep
|turn|5
|
|t:|1769351205
|switch|p2a: Akuma|Venomoth, F, shiny|100/100
|move|p1a: Iron Valiant|Moonblast|p2a: Akuma
|-resisted|p2a: Akuma
|-damage|p2a: Akuma|65/100
|
|upkeep
|turn|6
|
|t:|1769351220
|move|p1a: Iron Valiant|Knock Off|p2a: Akuma
|-damage|p2a: Akuma|15/100
|-enditem|p2a: Akuma|Heavy-Duty Boots|[from] move: Knock Off|[of] p1a: Iron Valiant
|move|p2a: Akuma|Sludge Bomb|p1a: Iron Valiant
|-supereffective|p1a: Iron Valiant
|-damage|p1a: Iron Valiant|0 fnt
|faint|p1a: Iron Valiant
|-end|p1a: Iron Valiant|Quark Drive|[silent]
|
|upkeep
|
|t:|1769351238
|switch|p1a: Raichu|Raichu-Alola, M, shiny|100/100
|turn|7
|
|t:|1769351249
|move|p1a: Raichu|Thunderbolt|p2a: Akuma
|-damage|p2a: Akuma|0 fnt
|faint|p2a: Akuma
|-damage|p1a: Raichu|91/100|[from] item: Life Orb
|
|upkeep
|
|t:|1769351252
|switch|p2a: Swiper|Krookodile, M|100/100
|-damage|p2a: Swiper|88/100|[from] Spikes
|-ability|p2a: Swiper|Intimidate|boost
|-unboost|p1a: Raichu|atk|1
|turn|8
|inactive|mra1990 has 90 seconds left.
|
|t:|1769351276
|switch|p1a: Great Tusk|Great Tusk|100/100
|move|p2a: Swiper|Bulk Up|p2a: Swiper
|-boost|p2a: Swiper|atk|1
|-boost|p2a: Swiper|def|1
|
|-fieldend|move: Electric Terrain
|upkeep
|turn|9
|inactive|mra1990 has 90 seconds left.
|
|t:|1769351292
|move|p2a: Swiper|Earthquake|p1a: Great Tusk
|-damage|p1a: Great Tusk|35/100
|-damage|p2a: Swiper|78/100|[from] item: Life Orb
|move|p1a: Great Tusk|Close Combat|p2a: Swiper
|-supereffective|p2a: Swiper
|-crit|p2a: Swiper
|-damage|p2a: Swiper|0 fnt
|-unboost|p1a: Great Tusk|def|1
|-unboost|p1a: Great Tusk|spd|1
|faint|p2a: Swiper
|
|upkeep
|
|t:|1769351300
|switch|p2a: Pelican|Pelipper, F|100/100
|-weather|RainDance|[from] ability: Drizzle|[of] p2a: Pelican
|turn|10
|
|t:|1769351309
|move|p2a: Pelican|Hurricane|p1a: Great Tusk
|-supereffective|p1a: Great Tusk
|-damage|p1a: Great Tusk|0 fnt
|faint|p1a: Great Tusk
|-end|p1a: Great Tusk|Protosynthesis|[silent]
|
|-weather|RainDance|[upkeep]
|upkeep
|inactive|mra1990 has 90 seconds left.
|
|t:|1769351321
|switch|p1a: Ogerpon|Ogerpon-Wellspring, F|100/100
|turn|11
|
|t:|1769351328
|move|p2a: Pelican|Hurricane|p1a: Ogerpon
|-supereffective|p1a: Ogerpon
|-damage|p1a: Ogerpon|0 fnt
|faint|p1a: Ogerpon
|
|-weather|RainDance|[upkeep]
|upkeep
|
|t:|1769351335
|switch|p1a: Pincurchin|Pincurchin, M|100/100
|-fieldstart|move: Electric Terrain|[from] ability: Electric Surge|[of] p1a: Pincurchin
|turn|12
|
|t:|1769351348
|switch|p2a: Groot|Arboliva, F, shiny|100/100
|-damage|p2a: Groot|88/100|[from] Spikes
|move|p1a: Pincurchin|Discharge|p2a: Groot
|-resisted|p2a: Groot
|-damage|p2a: Groot|74/100
|-status|p2a: Groot|par
|
|-weather|RainDance|[upkeep]
|upkeep
|turn|13
|
|t:|1769351360
|move|p1a: Pincurchin|Spikes|p2a: Groot
|-sidestart|p2: floatzeltheking|Spikes
|move|p2a: Groot|Leech Seed|p1a: Pincurchin|[miss]
|-miss|p2a: Groot|p1a: Pincurchin
|
|-weather|RainDance|[upkeep]
|upkeep
|turn|14
|
|t:|1769351368
|move|p1a: Pincurchin|Spikes|p2a: Groot
|-sidestart|p2: floatzeltheking|Spikes
|move|p2a: Groot|Leech Seed|p1a: Pincurchin
|-start|p1a: Pincurchin|move: Leech Seed
|
|-weather|none
|-damage|p1a: Pincurchin|88/100|[from] Leech Seed|[of] p2a: Groot
|-heal|p2a: Groot|84/100 par|[silent]
|upkeep
|turn|15
|
|t:|1769351378
|switch|p1a: Iron Hands|Iron Hands|100/100
|-enditem|p1a: Iron Hands|Electric Seed
|-boost|p1a: Iron Hands|def|1|[from] item: Electric Seed
|-activate|p1a: Iron Hands|ability: Quark Drive
|-start|p1a: Iron Hands|quarkdriveatk
|cant|p2a: Groot|par
|
|upkeep
|turn|16
|
|t:|1769351390
|move|p1a: Iron Hands|Swords Dance|p1a: Iron Hands
|-boost|p1a: Iron Hands|atk|2
|cant|p2a: Groot|par
|
|upkeep
|turn|17
|
|t:|1769351399
|move|p1a: Iron Hands|Ice Punch|p2a: Groot
|-supereffective|p2a: Groot
|-damage|p2a: Groot|0 fnt
|faint|p2a: Groot
|
|upkeep
|
|t:|1769351403
|switch|p2a: Pelican|Pelipper, F|100/100
|-weather|RainDance|[from] ability: Drizzle|[of] p2a: Pelican
|turn|18
|inactive|mra1990 has 120 seconds left.
|
|t:|1769351411
|-terastallize|p1a: Iron Hands|Flying
|move|p2a: Pelican|Hurricane|p1a: Iron Hands
|-damage|p1a: Iron Hands|59/100
|move|p1a: Iron Hands|Thunder Punch|p2a: Pelican
|-supereffective|p2a: Pelican
|-damage|p2a: Pelican|0 fnt
|faint|p2a: Pelican
|
|-weather|RainDance|[upkeep]
|upkeep
|-message|floatzeltheking forfeited.
|
|win|mra1990
|raw|mra1990's rating: 1134 &rarr; <strong>1156</strong><br />(+22 for winning)
|raw|floatzeltheking's rating: 1086 &rarr; <strong>1066</strong><br />(-20 for losing)
|l|☆floatzeltheking
|player|p2|
|l|☆mra1990
|player|p1|
