|j|☆jungle and savage
|j|☆Empire2MayanEtGab
|t:|1769412637
|gametype|singles
|player|p1|jungle and savage|lucas|1093
|player|p2|Empire2MayanEtGab|101|1072
|gen|9
|tier|[Gen 9] OU
|rated|
|rule|HP Percentage Mod: HP is shown in percentages
|rule|Endless Battle Clause: Forcing endless battles is banned
|rule|Species Clause: Limit one of each Pokémon
|rule|OHKO Clause: OHKO moves are banned
|rule|Evasion Items Clause: Evasion items are banned
|rule|Evasion Moves Clause: Evasion moves are banned
|rule|Evasion Abilities Clause: Evasion abilities are banned
|rule|Sleep Moves Clause: Sleep-inducing moves are banned
|clearpoke
|poke|p1|Ariados, F|
|poke|p1|Flygon, F|
|poke|p1|Sandaconda, M|
|poke|p1|Overqwil, F|
|poke|p1|Heracross, M|
|poke|p1|Zarude|
|poke|p2|Zamazenta-*|
|poke|p2|Heatran, M|
|poke|p2|Gardevoir, F|
|poke|p2|Dragonite, F|
|poke|p2|Torterra, F|
|poke|p2|Greninja-*, M|
|teampreview
|inactive|Battle timer is ON: inactive players will automatically lose when time's up. (requested by jungle and savage)
|
|t:|1769412645
|teamsize|p1|6
|teamsize|p2|6
|start
|switch|p1a: Ariados|Ariados, F|100/100
|switch|p2a: Amphinobi|Greninja, M|100/100
|turn|1
|
|t:|1769412656
|move|p2a: Amphinobi|Blizzard|p1a: Ariados
|-start|p2a: Amphinobi|typechange|Ice|[from] ability: Protean
|-damage|p1a: Ariados|39/100
|-damage|p2a: Amphinobi|91/100|[from] item: Life Orb
|move|p1a: Ariados|Sticky Web|p2a: Amphinobi
|-sidestart|p2: Empire2MayanEtGab|move: Sticky Web
|
|upkeep
|turn|2
|
|t:|1769412666
|move|p1a: Ariados|Sucker Punch|p2a: Amphinobi
|-damage|p2a: Amphinobi|65/100
|move|p2a: Amphinobi|Blizzard|p1a: Ariados|[miss]
|-miss|p2a: Amphinobi|p1a: Ariados
|
|upkeep
|turn|3
|
|t:|1769412673
|move|p1a: Ariados|Sucker Punch|p2a: Amphinobi
|-damage|p2a: Amphinobi|41/100
|move|p2a: Amphinobi|Blizzard|p1a: Ariados|[miss]
|-miss|p2a: Amphinobi|p1a: Ariados
|
|upkeep
|turn|4
|
|t:|1769412682
|move|p1a: Ariados|Sucker Punch|p2a: Amphinobi
|-damage|p2a: Amphinobi|14/100
|move|p2a: Amphinobi|Hydro Pump|p1a: Ariados
|-damage|p1a: Ariados|4/100
|-damage|p2a: Amphinobi|4/100|[from] item: Life Orb
|
|upkeep
|turn|5
|
|t:|1769412689
|move|p1a: Ariados|Sucker Punch|p2a: Amphinobi
|-damage|p2a: Amphinobi|0 fnt
|faint|p2a: Amphinobi
|
|upkeep
|
|t:|1769412699
|switch|p2a: Dragonite|Dragonite, F, shiny|100/100
|turn|6
|
|t:|1769412705
|move|p2a: Dragonite|Scale Shot|p1a: Ariados|[miss]
|-miss|p2a: Dragonite|p1a: Ariados
|move|p1a: Ariados|Toxic|p2a: Dragonite
|-status|p2a: Dragonite|tox
|
|-damage|p2a: Dragonite|94/100 tox|[from] psn
|upkeep
|turn|7
|
|t:|1769412713
|move|p1a: Ariados|Sucker Punch|p2a: Dragonite
|-damage|p2a: Dragonite|78/100 tox
|move|p2a: Dragonite|Thunder Punch|p1a: Ariados
|-damage|p1a: Ariados|0 fnt
|faint|p1a: Ariados
|
|-damage|p2a: Dragonite|66/100 tox|[from] psn
|upkeep
|
|t:|1769412723
|switch|p1a: Overqwil|Overqwil, F|100/100
|-ability|p1a: Overqwil|Intimidate|boost
|-unboost|p2a: Dragonite|atk|1
|turn|8
|
|t:|1769412729
|move|p1a: Overqwil|Barb Barrage|p2a: Dragonite
|-damage|p2a: Dragonite|0 fnt
|faint|p2a: Dragonite
|
|upkeep
|
|t:|1769412738
|switch|p2a: Gardevoir|Gardevoir, F, shiny|100/100
|-activate|p2a: Gardevoir|move: Sticky Web
|-unboost|p2a: Gardevoir|spe|1
|-ability|p2a: Gardevoir|Intimidate|Trace|[from] ability: Trace|[of] p1a: Overqwil
|-ability|p2a: Gardevoir|Intimidate|boost
|-unboost|p1a: Overqwil|atk|1
|turn|9
|
|t:|1769412744
|move|p1a: Overqwil|Gunk Shot|p2a: Gardevoir
|-supereffective|p2a: Gardevoir
|-damage|p2a: Gardevoir|0 fnt
|faint|p2a: Gardevoir
|
|upkeep
|
|t:|1769412754
|switch|p2a: Zamazenta|Zamazenta, shiny|100/100
|-activate|p2a: Zamazenta|move: Sticky Web
|-unboost|p2a: Zamazenta|spe|1
|-ability|p2a: Zamazenta|Dauntless Shield|boost
|-boost|p2a: Zamazenta|def|1
|turn|10
|
|t:|1769412763
|switch|p1a: Sandaconda|Sandaconda, M|100/100
|move|p2a: Zamazenta|Close Combat|p1a: Sandaconda
|-damage|p1a: Sandaconda|71/100
|-unboost|p2a: Zamazenta|def|1
|-unboost|p2a: Zamazenta|spd|1
|
|-heal|p1a: Sandaconda|77/100|[from] item: Leftovers
|upkeep
|turn|11
|
|t:|1769412778
|move|p2a: Zamazenta|Stone Edge|p1a: Sandaconda
|-resisted|p1a: Sandaconda
|-damage|p1a: Sandaconda|68/100
|move|p1a: Sandaconda|Glare|p2a: Zamazenta
|-status|p2a: Zamazenta|par
|
|-heal|p1a: Sandaconda|74/100|[from] item: Leftovers
|upkeep
|turn|12
|
|t:|1769412786
|move|p1a: Sandaconda|Stealth Rock|p2a: Zamazenta
|-sidestart|p2: Empire2MayanEtGab|move: Stealth Rock
|move|p2a: Zamazenta|Play Rough|p1a: Sandaconda
|-damage|p1a: Sandaconda|60/100
|
|-heal|p1a: Sandaconda|66/100|[from] item: Leftovers
|upkeep
|turn|13
|
|t:|1769412797
|switch|p2a: Torterra|Torterra, F|100/100
|-activate|p2a: Torterra|move: Sticky Web
|-unboost|p2a: Torterra|spe|1
|-damage|p2a: Torterra|94/100|[from] Stealth Rock
|move|p1a: Sandaconda|Earthquake|p2a: Torterra
|-resisted|p2a: Torterra
|-damage|p2a: Torterra|82/100
|
|-heal|p1a: Sandaconda|72/100|[from] item: Leftovers
|-heal|p2a: Torterra|88/100|[from] item: Leftovers
|upkeep
|turn|14
|
|t:|1769412808
|move|p1a: Sandaconda|Glare|p2a: Torterra
|-status|p2a: Torterra|par
|cant|p2a: Torterra|par
|
|-heal|p1a: Sandaconda|78/100|[from] item: Leftovers
|-heal|p2a: Torterra|94/100 par|[from] item: Leftovers
|upkeep
|turn|15
|
|t:|1769412816
|switch|p1a: Heracross|Heracross, M|100/100
|move|p2a: Torterra|Seed Bomb|p1a: Heracross
|-resisted|p1a: Heracross
|-damage|p1a: Heracross|78/100
|
|-heal|p2a: Torterra|99/100 par|[from] item: Leftovers
|-status|p1a: Heracross|brn|[from] item: Flame Orb
|upkeep
|turn|16
|
|t:|1769412829
|move|p1a: Heracross|Megahorn|p2a: Torterra
|-supereffective|p2a: Torterra
|-damage|p2a: Torterra|0 fnt
|faint|p2a: Torterra
|
|-damage|p1a: Heracross|72/100 brn|[from] brn
|upkeep
|
|t:|1769412837
|switch|p2a: Heatran|Heatran, M, shiny|100/100
|-activate|p2a: Heatran|move: Sticky Web
|-unboost|p2a: Heatran|spe|1
|-damage|p2a: Heatran|88/100|[from] Stealth Rock
|turn|17
|
|t:|1769412855
|-terastallize|p2a: Heatran|Steel
|move|p1a: Heracross|Close Combat|p2a: Heatran
|-supereffective|p2a: Heatran
|-damage|p2a: Heatran|0 fnt
|-unboost|p1a: Heracross|def|1
|-unboost|p1a: Heracross|spd|1
|faint|p2a: Heatran
|
|-damage|p1a: Heracross|66/100 brn|[from] brn
|upkeep
|
|t:|1769412865
|switch|p2a: Zamazenta|Zamazenta, shiny|100/100 par
|-activate|p2a: Zamazenta|move: Sticky Web
|-unboost|p2a: Zamazenta|spe|1
|-damage|p2a: Zamazenta|94/100 par|[from] Stealth Rock
|turn|18
|-message|Empire2MayanEtGab forfeited.
|
|win|jungle and savage
|raw|jungle and savage's rating: 1093 &rarr; <strong>1117</strong><br />(+24 for winning)
|raw|Empire2MayanEtGab's rating: 1072 &rarr; <strong>1052</strong><br />(-20 for losing)
|l|☆Empire2MayanEtGab
|player|p2|
|l|☆jungle and savage
|player|p1|
