|j|☆Pablo_Pilsen
|j|☆juan77788cvc
|t:|1769295660
|gametype|singles
|player|p1|Pablo_Pilsen|102|1161
|player|p2|juan77788cvc|brock|1126
|gen|9
|tier|[Gen 9] OU
|rated|
|rule|HP Percentage Mod: HP is shown in percentages
|rule|Endless Battle Clause: Forcing endless battles is banned
|rule|Species Clause: Limit one of each Pokémon
|rule|OHKO Clause: OHKO moves are banned
|rule|Evasion Items Clause: Evasion items are banned
|rule|Evasion Moves Clause: Evasion moves are banned
|rule|Evasion Abilities Clause: Evasion abilities are banned
|rule|Sleep Moves Clause: Sleep-inducing moves are banned
|clearpoke
|poke|p1|Dondozo, M|
|poke|p1|Blissey, F|
|poke|p1|Corviknight, F|
|poke|p1|Weezing-Galar, M|
|poke|p1|Gliscor, M|
|poke|p1|Dragapult, F|
|poke|p2|Lotad, F|
|poke|p2|Plusle, F|
|poke|p2|Haunter, F|
|poke|p2|Oshawott, M|
|poke|p2|Carbink|
|poke|p2|Charjabug, F|
|teampreview
|
|t:|1769295667
|teamsize|p1|6
|teamsize|p2|6
|start
|switch|p1a: Weezing|Weezing-Galar, M|100/100
|switch|p2a: Lotad|Lotad, F|100/100
|-ability|p1a: Weezing|Neutralizing Gas
|turn|1
|
|t:|1769295671
|move|p1a: Weezing|Toxic|p2a: Lotad
|-status|p2a: Lotad|tox
|move|p2a: Lotad|Counter||[still]
|-fail|p2a: Lotad
|
|-damage|p2a: Lotad|95/100 tox|[from] psn
|upkeep
|turn|2
|
|t:|1769295673
|move|p1a: Weezing|Toxic|p2a: Lotad
|-fail|p2a: Lotad|tox
|move|p2a: Lotad|Counter||[still]
|-fail|p2a: Lotad
|
|-damage|p2a: Lotad|83/100 tox|[from] psn
|upkeep
|turn|3
|
|t:|1769295688
|move|p1a: Weezing|Strange Steam|p2a: Lotad
|-damage|p2a: Lotad|11/100 tox
|-start|p2a: Lotad|confusion
|-activate|p2a: Lotad|confusion
|-damage|p2a: Lotad|0 fnt|[from] confusion
|faint|p2a: Lotad
|
|upkeep
|
|t:|1769295697
|switch|p2a: Haunter|Haunter, F|100/100
|turn|4
|
|t:|1769295701
|move|p2a: Haunter|Psychic|p1a: Weezing
|-supereffective|p1a: Weezing
|-damage|p1a: Weezing|21/100
|move|p1a: Weezing|Strange Steam|p2a: Haunter
|-resisted|p2a: Haunter
|-damage|p2a: Haunter|67/100
|
|upkeep
|turn|5
|
|t:|1769295709
|-end|p1a: Weezing|ability: Neutralizing Gas
|switch|p1a: Gliscor|Gliscor, M|100/100
|move|p2a: Haunter|Psychic|p1a: Gliscor
|-damage|p1a: Gliscor|76/100
|
|-status|p1a: Gliscor|tox|[from] item: Toxic Orb
|upkeep
|turn|6
|
|t:|1769295717
|switch|p2a: Plusle|Plusle, F|100/100
|-item|p2a: Plusle|Air Balloon
|move|p1a: Gliscor|Knock Off|p2a: Plusle
|-damage|p2a: Plusle|45/100
|-enditem|p2a: Plusle|Air Balloon
|
|-heal|p1a: Gliscor|88/100 tox|[from] ability: Poison Heal
|upkeep
|turn|7
|
|t:|1769295724
|move|p2a: Plusle|Rain Dance|p2a: Plusle
|-weather|RainDance
|move|p1a: Gliscor|Earthquake|p2a: Plusle
|-supereffective|p2a: Plusle
|-damage|p2a: Plusle|0 fnt
|faint|p2a: Plusle
|
|-weather|RainDance|[upkeep]
|-heal|p1a: Gliscor|100/100 tox|[from] ability: Poison Heal
|upkeep
|
|t:|1769295727
|switch|p2a: Oshawott|Oshawott, M|100/100
|turn|8
|
|t:|1769295729
|move|p1a: Gliscor|Knock Off|p2a: Oshawott
|-damage|p2a: Oshawott|76/100
|-enditem|p2a: Oshawott|Eviolite|[from] move: Knock Off|[of] p1a: Gliscor
|move|p2a: Oshawott|Hydro Pump|p1a: Gliscor
|-supereffective|p1a: Gliscor
|-damage|p1a: Gliscor|34/100 tox
|
|-weather|RainDance|[upkeep]
|-heal|p1a: Gliscor|47/100 tox|[from] ability: Poison Heal
|upkeep
|turn|9
|
|t:|1769295736
|move|p1a: Gliscor|Protect|p1a: Gliscor
|-singleturn|p1a: Gliscor|Protect
|move|p2a: Oshawott|Hydro Pump|p1a: Gliscor
|-activate|p1a: Gliscor|move: Protect
|
|-weather|RainDance|[upkeep]
|-heal|p1a: Gliscor|59/100 tox|[from] ability: Poison Heal
|upkeep
|turn|10
|
|t:|1769295742
|switch|p1a: Blissey|Blissey, F|100/100
|move|p2a: Oshawott|Hydro Pump|p1a: Blissey
|-damage|p1a: Blissey|89/100
|
|-weather|RainDance|[upkeep]
|-heal|p1a: Blissey|95/100|[from] item: Leftovers
|upkeep
|turn|11
|
|t:|1769295746
|move|p1a: Blissey|Stealth Rock|p2a: Oshawott
|-sidestart|p2: juan77788cvc|move: Stealth Rock
|move|p2a: Oshawott|Ice Beam|p1a: Blissey
|-damage|p1a: Blissey|91/100
|
|-weather|none
|-heal|p1a: Blissey|97/100|[from] item: Leftovers
|upkeep
|turn|12
|
|t:|1769295749
|move|p1a: Blissey|Seismic Toss|p2a: Oshawott
|-damage|p2a: Oshawott|36/100
|move|p2a: Oshawott|Air Slash|p1a: Blissey
|-damage|p1a: Blissey|93/100
|
|-heal|p1a: Blissey|99/100|[from] item: Leftovers
|upkeep
|turn|13
|
|t:|1769295752
|move|p1a: Blissey|Seismic Toss|p2a: Oshawott
|-damage|p2a: Oshawott|0 fnt
|faint|p2a: Oshawott
|
|-heal|p1a: Blissey|100/100|[from] item: Leftovers
|upkeep
|
|t:|1769295758
|switch|p2a: Charjabug|Charjabug, F|100/100
|-damage|p2a: Charjabug|75/100|[from] Stealth Rock
|turn|14
|
|t:|1769295760
|move|p1a: Blissey|Seismic Toss|p2a: Charjabug
|-damage|p2a: Charjabug|36/100
|move|p2a: Charjabug|Poison Jab|p1a: Blissey
|-damage|p1a: Blissey|78/100
|-status|p1a: Blissey|psn
|
|-heal|p1a: Blissey|84/100 psn|[from] item: Leftovers
|-damage|p1a: Blissey|71/100 psn|[from] psn
|upkeep
|turn|15
|
|t:|1769295763
|move|p1a: Blissey|Seismic Toss|p2a: Charjabug
|-damage|p2a: Charjabug|0 fnt
|faint|p2a: Charjabug
|
|-heal|p1a: Blissey|78/100 psn|[from] item: Leftovers
|-damage|p1a: Blissey|65/100 psn|[from] psn
|upkeep
|
|t:|1769295767
|switch|p2a: Carbink|Carbink|100/100
|-damage|p2a: Carbink|88/100|[from] Stealth Rock
|turn|16
|
|t:|1769295769
|move|p1a: Blissey|Seismic Toss|p2a: Carbink
|-damage|p2a: Carbink|55/100
|move|p2a: Carbink|Calm Mind|p2a: Carbink
|-boost|p2a: Carbink|spa|1
|-boost|p2a: Carbink|spd|1
|
|-heal|p1a: Blissey|71/100 psn|[from] item: Leftovers
|-damage|p1a: Blissey|59/100 psn|[from] psn
|upkeep
|turn|17
|
|t:|1769295778
|move|p1a: Blissey|Seismic Toss|p2a: Carbink
|-damage|p2a: Carbink|22/100
|move|p2a: Carbink|Dazzling Gleam|p1a: Blissey
|-damage|p1a: Blissey|48/100 psn
|
|-heal|p1a: Blissey|54/100 psn|[from] item: Leftovers
|-damage|p1a: Blissey|42/100 psn|[from] psn
|upkeep
|turn|18
|
|t:|1769295783
|move|p1a: Blissey|Seismic Toss|p2a: Carbink
|-damage|p2a: Carbink|0 fnt
|faint|p2a: Carbink
|
|-heal|p1a: Blissey|48/100 psn|[from] item: Leftovers
|-damage|p1a: Blissey|35/100 psn|[from] psn
|upkeep
|
|t:|1769295786
|switch|p2a: Haunter|Haunter, F|67/100
|-damage|p2a: Haunter|55/100|[from] Stealth Rock
|turn|19
|
|t:|1769295789
|-curestatus|p1a: Blissey|psn|[from] ability: Natural Cure
|switch|p1a: Gliscor|Gliscor, M|59/100 tox
|move|p2a: Haunter|Foul Play|p1a: Gliscor
|-damage|p1a: Gliscor|41/100 tox
|
|-heal|p1a: Gliscor|54/100 tox|[from] ability: Poison Heal
|upkeep
|turn|20
|
|t:|1769295791
|move|p2a: Haunter|Foul Play|p1a: Gliscor
|-damage|p1a: Gliscor|37/100 tox
|move|p1a: Gliscor|Knock Off|p2a: Haunter
|-supereffective|p2a: Haunter
|-damage|p2a: Haunter|0 fnt
|-enditem|p2a: Haunter|Choice Scarf|[from] move: Knock Off|[of] p1a: Gliscor
|faint|p2a: Haunter
|
|win|Pablo_Pilsen
|raw|Pablo_Pilsen's rating: 1161 &rarr; <strong>1183</strong><br />(+22 for winning)
|raw|juan77788cvc's rating: 1126 &rarr; <strong>1104</strong><br />(-22 for losing)
|l|☆juan77788cvc
|player|p2|
|l|☆Pablo_Pilsen
|player|p1|
