|j|☆qxavierp69420
|j|☆Cesar2702
|t:|1769323069
|gametype|singles
|player|p1|qxavierp69420|crasherwake|1180
|player|p2|Cesar2702|palmer|1096
|gen|9
|tier|[Gen 9] OU
|rated|
|rule|HP Percentage Mod: HP is shown in percentages
|rule|Endless Battle Clause: Forcing endless battles is banned
|rule|Species Clause: Limit one of each Pokémon
|rule|OHKO Clause: OHKO moves are banned
|rule|Evasion Items Clause: Evasion items are banned
|rule|Evasion Moves Clause: Evasion moves are banned
|rule|Evasion Abilities Clause: Evasion abilities are banned
|rule|Sleep Moves Clause: Sleep-inducing moves are banned
|clearpoke
|poke|p1|Porygon-Z|
|poke|p1|Raging Bolt|
|poke|p1|Umbreon, M|
|poke|p1|Quaquaval, F|
|poke|p1|Revavroom, F|
|poke|p1|Iron Hands|
|poke|p2|Hakamo-o, M|
|poke|p2|Revavroom, F|
|poke|p2|Lokix, M|
|poke|p2|Rotom-Wash|
|poke|p2|Arctibax, F|
|poke|p2|Gengar, F|
|teampreview
|inactive|Battle timer is ON: inactive players will automatically lose when time's up. (requested by qxavierp69420)
|
|t:|1769323081
|teamsize|p1|6
|teamsize|p2|6
|start
|switch|p1a: Umbreon|Umbreon, M|100/100
|switch|p2a: Rotom|Rotom-Wash|100/100
|turn|1
|l|☆Cesar2702
|inactive|Cesar2702 disconnected and has a minute to reconnect!
|player|p2|
|j|☆Cesar2702
|inactive|Cesar2702 reconnected and has 140 seconds left.
|player|p2|Cesar2702|palmer|
|
|t:|1769323100
|move|p2a: Rotom|Discharge|p1a: Umbreon
|-damage|p1a: Umbreon|59/100
|move|p1a: Umbreon|Wish|p1a: Umbreon
|
|-heal|p1a: Umbreon|65/100|[from] item: Leftovers
|upkeep
|turn|2
|
|t:|1769323108
|move|p2a: Rotom|Discharge|p1a: Umbreon
|-damage|p1a: Umbreon|28/100
|-status|p1a: Umbreon|par
|-activate|p1a: Umbreon|ability: Synchronize
|-immune|p2a: Rotom
|cant|p1a: Umbreon|par
|
|-heal|p1a: Umbreon|78/100 par|[from] move: Wish|[wisher] Umbreon
|-heal|p1a: Umbreon|84/100 par|[from] item: Leftovers
|upkeep
|turn|3
|
|t:|1769323120
|move|p2a: Rotom|Discharge|p1a: Umbreon
|-damage|p1a: Umbreon|43/100 par
|move|p1a: Umbreon|Calm Mind|p1a: Umbreon
|-boost|p1a: Umbreon|spa|1
|-boost|p1a: Umbreon|spd|1
|
|-heal|p1a: Umbreon|49/100 par|[from] item: Leftovers
|upkeep
|turn|4
|
|t:|1769323129
|move|p2a: Rotom|Discharge|p1a: Umbreon
|-damage|p1a: Umbreon|21/100 par
|move|p1a: Umbreon|Dark Pulse|p2a: Rotom
|-damage|p2a: Rotom|48/100
|
|-heal|p1a: Umbreon|27/100 par|[from] item: Leftovers
|upkeep
|turn|5
|
|t:|1769323140
|switch|p2a: Lokix|Lokix, M, shiny|100/100
|move|p1a: Umbreon|Dark Pulse|p2a: Lokix
|-resisted|p2a: Lokix
|-damage|p2a: Lokix|65/100
|
|-heal|p1a: Umbreon|33/100 par|[from] item: Leftovers
|upkeep
|turn|6
|
|t:|1769323149
|move|p2a: Lokix|Axe Kick|p1a: Umbreon
|-supereffective|p1a: Umbreon
|-damage|p1a: Umbreon|0 fnt
|faint|p1a: Umbreon
|
|upkeep
|
|t:|1769323155
|switch|p1a: Revavroom|Revavroom, F|100/100
|-item|p1a: Revavroom|Air Balloon
|turn|7
|
|t:|1769323162
|move|p2a: Lokix|Axe Kick|p1a: Revavroom
|-damage|p1a: Revavroom|54/100
|-start|p1a: Revavroom|confusion
|-enditem|p1a: Revavroom|Air Balloon
|-activate|p1a: Revavroom|confusion
|-damage|p1a: Revavroom|37/100|[from] confusion
|
|upkeep
|turn|8
|
|t:|1769323171
|move|p2a: Lokix|Axe Kick|p1a: Revavroom
|-crit|p1a: Revavroom
|-damage|p1a: Revavroom|0 fnt
|faint|p1a: Revavroom
|
|upkeep
|
|t:|1769323176
|switch|p1a: Quaquaval|Quaquaval, F|100/100
|turn|9
|
|t:|1769323181
|switch|p2a: Rotom|Rotom-Wash|48/100
|move|p1a: Quaquaval|Aqua Step|p2a: Rotom
|-resisted|p2a: Rotom
|-damage|p2a: Rotom|14/100
|-boost|p1a: Quaquaval|spe|1
|-damage|p1a: Quaquaval|91/100|[from] item: Life Orb
|
|upkeep
|turn|10
|
|t:|1769323192
|move|p1a: Quaquaval|Aqua Step|p2a: Rotom
|-resisted|p2a: Rotom
|-damage|p2a: Rotom|0 fnt
|-boost|p1a: Quaquaval|spe|1
|faint|p2a: Rotom
|-ability|p1a: Quaquaval|Moxie|boost
|-boost|p1a: Quaquaval|atk|1
|-damage|p1a: Quaquaval|81/100|[from] item: Life Orb
|
|upkeep
|
|t:|1769323216
|switch|p2a: Lokix|Lokix, M, shiny|65/100
|turn|11
|
|t:|1769323222
|move|p1a: Quaquaval|Aqua Step|p2a: Lokix
|-damage|p2a: Lokix|0 fnt
|-boost|p1a: Quaquaval|spe|1
|faint|p2a: Lokix
|-ability|p1a: Quaquaval|Moxie|boost
|-boost|p1a: Quaquaval|atk|1
|-damage|p1a: Quaquaval|71/100|[from] item: Life Orb
|
|upkeep
|
|t:|1769323227
|switch|p2a: Hakamo-o|Hakamo-o, M|100/100
|turn|12
|
|t:|1769323233
|move|p1a: Quaquaval|Ice Spinner|p2a: Hakamo-o
|-supereffective|p2a: Hakamo-o
|-damage|p2a: Hakamo-o|0 fnt
|faint|p2a: Hakamo-o
|-ability|p1a: Quaquaval|Moxie|boost
|-boost|p1a: Quaquaval|atk|1
|-damage|p1a: Quaquaval|61/100|[from] item: Life Orb
|
|upkeep
|
|t:|1769323237
|switch|p2a: Arctibax|Arctibax, F, shiny|100/100
|turn|13
|
|t:|1769323243
|-terastallize|p2a: Arctibax|Steel
|move|p1a: Quaquaval|Close Combat|p2a: Arctibax
|-supereffective|p2a: Arctibax
|-damage|p2a: Arctibax|0 fnt
|-unboost|p1a: Quaquaval|def|1
|-unboost|p1a: Quaquaval|spd|1
|faint|p2a: Arctibax
|-ability|p1a: Quaquaval|Moxie|boost
|-boost|p1a: Quaquaval|atk|1
|-damage|p1a: Quaquaval|51/100|[from] item: Life Orb
|
|upkeep
|
|t:|1769323247
|switch|p2a: Gengar|Gengar, F, shiny|100/100
|turn|14
|
|t:|1769323256
|move|p1a: Quaquaval|Aqua Step|p2a: Gengar
|-damage|p2a: Gengar|0 fnt
|-boost|p1a: Quaquaval|spe|1
|faint|p2a: Gengar
|-ability|p1a: Quaquaval|Moxie|boost
|-boost|p1a: Quaquaval|atk|1
|-damage|p1a: Quaquaval|41/100|[from] item: Life Orb
|
|upkeep
|
|t:|1769323259
|switch|p2a: Revavroom|Revavroom, F, shiny|100/100
|-item|p2a: Revavroom|Air Balloon
|turn|15
|
|t:|1769323268
|move|p1a: Quaquaval|Aqua Step|p2a: Revavroom
|-damage|p2a: Revavroom|0 fnt
|-boost|p1a: Quaquaval|spe|1
|-enditem|p2a: Revavroom|Air Balloon
|faint|p2a: Revavroom
|-damage|p1a: Quaquaval|31/100|[from] item: Life Orb
|
|win|qxavierp69420
|raw|qxavierp69420's rating: 1180 &rarr; <strong>1199</strong><br />(+19 for winning)
|raw|Cesar2702's rating: 1096 &rarr; <strong>1077</strong><br />(-19 for losing)
|l|☆Cesar2702
|player|p2|
|l|☆qxavierp69420
|player|p1|
