|j|☆Qplazm10
|j|☆Hgfhhfghfff
|t:|1769336230
|gametype|singles
|player|p1|Qplazm10|turo-ai|1663
|player|p2|Hgfhhfghfff|lucas|1627
|gen|9
|tier|[Gen 9] OU
|rated|
|rule|HP Percentage Mod: HP is shown in percentages
|rule|Endless Battle Clause: Forcing endless battles is banned
|rule|Species Clause: Limit one of each Pokémon
|rule|OHKO Clause: OHKO moves are banned
|rule|Evasion Items Clause: Evasion items are banned
|rule|Evasion Moves Clause: Evasion moves are banned
|rule|Evasion Abilities Clause: Evasion abilities are banned
|rule|Sleep Moves Clause: Sleep-inducing moves are banned
|clearpoke
|poke|p1|Hawlucha, M|
|poke|p1|Raging Bolt|
|poke|p1|Iron Leaves|
|poke|p1|Iron Treads|
|poke|p1|Iron Valiant|
|poke|p1|Pincurchin, M|
|poke|p2|Scream Tail|
|poke|p2|Iron Hands|
|poke|p2|Talonflame, F|
|poke|p2|Latios, M|
|poke|p2|Ursaluna, F|
|poke|p2|Mabosstiff, F|
|teampreview
|inactive|Battle timer is ON: inactive players will automatically lose when time's up. (requested by Qplazm10)
|
|t:|1769336236
|teamsize|p1|6
|teamsize|p2|6
|start
|switch|p1a: The Urchinator|Pincurchin, M|100/100
|switch|p2a: Mabosstiff|Mabosstiff, F|100/100
|-fieldstart|move: Electric Terrain|[from] ability: Electric Surge|[of] p1a: The Urchinator
|turn|1
|
|t:|1769336255
|switch|p1a: Nacho Libre|Hawlucha, M, shiny|100/100
|-enditem|p1a: Nacho Libre|Electric Seed
|-boost|p1a: Nacho Libre|def|1|[from] item: Electric Seed
|move|p2a: Mabosstiff|Jaw Lock|p1a: Nacho Libre
|-resisted|p1a: Nacho Libre
|-damage|p1a: Nacho Libre|87/100
|-activate|p2a: Mabosstiff|trapped
|-activate|p1a: Nacho Libre|trapped
|
|upkeep
|turn|2
|j| loen_64
|
|t:|1769336268
|-terastallize|p2a: Mabosstiff|Ghost
|move|p1a: Nacho Libre|Swords Dance|p1a: Nacho Libre
|-boost|p1a: Nacho Libre|atk|2
|move|p2a: Mabosstiff|Curse|p1a: Nacho Libre
|-start|p1a: Nacho Libre|Curse|[of] p2a: Mabosstiff
|-damage|p2a: Mabosstiff|50/100
|
|-heal|p2a: Mabosstiff|57/100|[from] item: Leftovers
|-damage|p1a: Nacho Libre|63/100|[from] Curse
|upkeep
|turn|3
|
|t:|1769336278
|move|p1a: Nacho Libre|Acrobatics|p2a: Mabosstiff
|-damage|p2a: Mabosstiff|0 fnt
|faint|p2a: Mabosstiff
|
|-damage|p1a: Nacho Libre|38/100|[from] Curse
|upkeep
|
|t:|1769336286
|switch|p2a: Iron Hands|Iron Hands|100/100
|-activate|p2a: Iron Hands|ability: Quark Drive
|-start|p2a: Iron Hands|quarkdrivedef
|turn|4
|
|t:|1769336299
|move|p1a: Nacho Libre|High Jump Kick|p2a: Iron Hands|[miss]
|-miss|p1a: Nacho Libre|p2a: Iron Hands
|-damage|p1a: Nacho Libre|0 fnt|[from] highjumpkick
|faint|p1a: Nacho Libre
|move|p2a: Iron Hands|Ice Punch|p1: Nacho Libre|[notarget]
|-fail|p2a: Iron Hands
|
|upkeep
|inactive|Qplazm10 has 120 seconds left.
|
|t:|1769336329
|switch|p1a: Galgaraze|Iron Valiant|100/100
|-activate|p1a: Galgaraze|ability: Quark Drive
|-start|p1a: Galgaraze|quarkdrivespe
|turn|5
|
|t:|1769336335
|-end|p2a: Iron Hands|Quark Drive|[silent]
|switch|p2a: Scream Tail|Scream Tail|100/100
|move|p1a: Galgaraze|Moonblast|p2a: Scream Tail
|-damage|p2a: Scream Tail|65/100
|
|-heal|p2a: Scream Tail|71/100|[from] item: Leftovers
|upkeep
|turn|6
|
|t:|1769336347
|-end|p1a: Galgaraze|Quark Drive|[silent]
|switch|p1a: Tronphan|Iron Treads|100/100
|-activate|p1a: Tronphan|ability: Quark Drive
|-start|p1a: Tronphan|quarkdrivespe
|move|p2a: Scream Tail|Trick Room|p2a: Scream Tail
|-fieldstart|move: Trick Room|[of] p2a: Scream Tail
|
|-heal|p2a: Scream Tail|77/100|[from] item: Leftovers
|upkeep
|turn|7
|inactive|Qplazm10 has 120 seconds left.
|
|t:|1769336368
|-end|p2a: Scream Tail|Protosynthesis|[silent]
|switch|p2a: Iron Hands|Iron Hands|100/100
|-activate|p2a: Iron Hands|ability: Quark Drive
|-start|p2a: Iron Hands|quarkdrivedef
|move|p1a: Tronphan|Earthquake|p2a: Iron Hands
|-supereffective|p2a: Iron Hands
|-damage|p2a: Iron Hands|67/100
|-damage|p1a: Tronphan|91/100|[from] item: Life Orb
|
|-heal|p2a: Iron Hands|73/100|[from] item: Leftovers
|upkeep
|turn|8
|inactive|Qplazm10 has 120 seconds left.
|l| loen_64
|inactive|Qplazm10 has 90 seconds left.
|
|t:|1769336411
|move|p2a: Iron Hands|Swords Dance|p2a: Iron Hands
|-boost|p2a: Iron Hands|atk|2
|move|p1a: Tronphan|Stealth Rock|p2a: Iron Hands
|-sidestart|p2: Hgfhhfghfff|move: Stealth Rock
|
|-heal|p2a: Iron Hands|79/100|[from] item: Leftovers
|-fieldend|move: Electric Terrain
|-end|p2a: Iron Hands|Quark Drive
|-end|p1a: Tronphan|Quark Drive
|upkeep
|turn|9
|inactive|Qplazm10 has 90 seconds left.
|l|☆Qplazm10
|inactive|Qplazm10 disconnected and has a minute to reconnect!
|player|p1|
|inactive|Qplazm10 has 30 seconds to reconnect!
|inactive|Qplazm10 has 20 seconds to reconnect!
|inactive|Qplazm10 has 15 seconds to reconnect!
|j|☆Qplazm10
|inactive|Qplazm10 reconnected and has 40 seconds left.
|player|p1|Qplazm10|turo-ai|
|inactive|Qplazm10 has 30 seconds left.
|
|t:|1769336480
|move|p2a: Iron Hands|Drain Punch|p1a: Tronphan
|-supereffective|p1a: Tronphan
|-damage|p1a: Tronphan|0 fnt
|-heal|p2a: Iron Hands|100/100|[from] drain|[of] p1a: Tronphan
|faint|p1a: Tronphan
|-end|p1a: Tronphan|Quark Drive|[silent]
|
|upkeep
|inactive|Qplazm10 has 30 seconds left.
|inactive|Qplazm10 has 20 seconds left.
|inactive|Qplazm10 has 15 seconds left.
|
|t:|1769336504
|switch|p1a: The Urchinator|Pincurchin, M|100/100
|-fieldstart|move: Electric Terrain|[from] ability: Electric Surge|[of] p1a: The Urchinator
|-activate|p2a: Iron Hands|ability: Quark Drive
|-start|p2a: Iron Hands|quarkdriveatk
|turn|10
|inactive|Qplazm10 has 25 seconds left this turn.
|
|t:|1769336511
|move|p1a: The Urchinator|Memento|p2a: Iron Hands
|-unboost|p2a: Iron Hands|atk|2
|-unboost|p2a: Iron Hands|spa|2
|faint|p1a: The Urchinator
|move|p2a: Iron Hands|Swords Dance|p2a: Iron Hands
|-boost|p2a: Iron Hands|atk|2
|
|-fieldend|move: Trick Room
|upkeep
|inactive|Qplazm10 has 30 seconds left this turn.
|inactive|Qplazm10 has 20 seconds left.
|
|t:|1769336523
|switch|p1a: Virizitron|Iron Leaves|100/100
|-activate|p1a: Virizitron|ability: Quark Drive
|-start|p1a: Virizitron|quarkdrivespe
|turn|11
|inactive|Qplazm10 has 30 seconds left this turn.
|
|t:|1769336528
|move|p1a: Virizitron|Psyblade|p2a: Iron Hands
|-supereffective|p2a: Iron Hands
|-damage|p2a: Iron Hands|35/100
|-damage|p1a: Virizitron|91/100|[from] item: Life Orb
|move|p2a: Iron Hands|Ice Punch|p1a: Virizitron
|-supereffective|p1a: Virizitron
|-damage|p1a: Virizitron|0 fnt
|faint|p1a: Virizitron
|-end|p1a: Virizitron|Quark Drive|[silent]
|
|-heal|p2a: Iron Hands|41/100|[from] item: Leftovers
|upkeep
|-message|Qplazm10 forfeited.
|
|win|Hgfhhfghfff
|raw|Qplazm10's rating: 1663 &rarr; <strong>1641</strong><br />(-22 for losing)
|raw|Hgfhhfghfff's rating: 1627 &rarr; <strong>1649</strong><br />(+22 for winning)
|l|☆Qplazm10
|player|p1|
|l|☆Hgfhhfghfff
|player|p2|
