|j|☆Shalimarrrr
|j|☆FearHater
|t:|1769365176
|gametype|singles
|player|p1|Shalimarrrr|iono|1338
|player|p2|FearHater|cynthia|1358
|gen|9
|tier|[Gen 9] OU
|rated|
|rule|HP Percentage Mod: HP is shown in percentages
|rule|Endless Battle Clause: Forcing endless battles is banned
|rule|Species Clause: Limit one of each Pokémon
|rule|OHKO Clause: OHKO moves are banned
|rule|Evasion Items Clause: Evasion items are banned
|rule|Evasion Moves Clause: Evasion moves are banned
|rule|Evasion Abilities Clause: Evasion abilities are banned
|rule|Sleep Moves Clause: Sleep-inducing moves are banned
|clearpoke
|poke|p1|Walking Wake|
|poke|p1|Maushold|
|poke|p1|Azumarill, M|
|poke|p1|Kingambit, M|
|poke|p1|Dragapult, F|
|poke|p1|Great Tusk|
|poke|p2|Araquanid, F|
|poke|p2|Great Tusk|
|poke|p2|Gholdengo|
|poke|p2|Raging Bolt|
|poke|p2|Iron Moth|
|poke|p2|Kingambit, M|
|teampreview
|
|t:|1769365188
|teamsize|p1|6
|teamsize|p2|6
|start
|switch|p1a: Dragapult|Dragapult, F|100/100
|switch|p2a: D'vorah|Araquanid, F|100/100
|turn|1
|
|t:|1769365205
|move|p1a: Dragapult|Hex|p2a: D'vorah
|-damage|p2a: D'vorah|82/100
|move|p2a: D'vorah|Sticky Web|p1a: Dragapult
|-sidestart|p1: Shalimarrrr|move: Sticky Web
|
|upkeep
|turn|2
|
|t:|1769365228
|move|p1a: Dragapult|Thunder Wave|p2a: D'vorah
|-status|p2a: D'vorah|par
|cant|p2a: D'vorah|par
|
|upkeep
|turn|3
|
|t:|1769365236
|move|p1a: Dragapult|Hex|p2a: D'vorah
|-damage|p2a: D'vorah|40/100 par
|cant|p2a: D'vorah|par
|
|upkeep
|turn|4
|
|t:|1769365252
|move|p1a: Dragapult|Hex|p2a: D'vorah
|-damage|p2a: D'vorah|3/100 par
|move|p2a: D'vorah|Surf|p1a: Dragapult
|-resisted|p1a: Dragapult
|-damage|p1a: Dragapult|76/100
|
|upkeep
|turn|5
|
|t:|1769365255
|move|p1a: Dragapult|Hex|p2a: D'vorah
|-damage|p2a: D'vorah|0 fnt
|faint|p2a: D'vorah
|
|upkeep
|
|t:|1769365263
|switch|p2a: Raiden|Raging Bolt|100/100
|-enditem|p2a: Raiden|Booster Energy
|-activate|p2a: Raiden|ability: Protosynthesis|[fromitem]
|-start|p2a: Raiden|protosynthesisspa
|turn|6
|
|t:|1769365267
|move|p1a: Dragapult|Dragon Darts|p2a: Raiden
|-supereffective|p2a: Raiden
|-damage|p2a: Raiden|62/100
|-anim|p1a: Dragapult|Dragon Darts|p2a: Raiden
|-supereffective|p2a: Raiden
|-damage|p2a: Raiden|18/100
|move|p2a: Raiden|Calm Mind|p2a: Raiden
|-boost|p2a: Raiden|spa|1
|-boost|p2a: Raiden|spd|1
|
|upkeep
|turn|7
|
|t:|1769365270
|-terastallize|p2a: Raiden|Fairy
|move|p1a: Dragapult|Dragon Darts|p2a: Raiden
|-immune|p2a: Raiden
|move|p2a: Raiden|Dragon Pulse|p1a: Dragapult
|-supereffective|p1a: Dragapult
|-damage|p1a: Dragapult|0 fnt
|faint|p1a: Dragapult
|
|upkeep
|
|t:|1769365276
|switch|p1a: Great Tusk|Great Tusk|100/100
|-activate|p1a: Great Tusk|move: Sticky Web
|-unboost|p1a: Great Tusk|spe|1
|-enditem|p1a: Great Tusk|Eject Pack
|
|t:|1769365282
|-end|p1a: Great Tusk|Protosynthesis|[silent]
|switch|p1a: Azumarill|Azumarill, M, shiny|100/100
|-activate|p1a: Azumarill|move: Sticky Web
|-unboost|p1a: Azumarill|spe|1
|turn|8
|
|t:|1769365286
|move|p1a: Azumarill|Aqua Jet|p2a: Raiden
|-damage|p2a: Raiden|0 fnt
|faint|p2a: Raiden
|-end|p2a: Raiden|Protosynthesis|[silent]
|
|upkeep
|
|t:|1769365293
|switch|p2a: Noob Saibot|Kingambit, M|100/100
|-activate|p2a: Noob Saibot|ability: Supreme Overlord
|-start|p2a: Noob Saibot|fallen2|[silent]
|turn|9
|
|t:|1769365298
|switch|p1a: Great Tusk|Great Tusk|100/100
|-activate|p1a: Great Tusk|move: Sticky Web
|-unboost|p1a: Great Tusk|spe|1
|move|p2a: Noob Saibot|Swords Dance|p2a: Noob Saibot
|-boost|p2a: Noob Saibot|atk|2
|
|upkeep
|turn|10
|
|t:|1769365302
|move|p1a: Great Tusk|Close Combat|p2a: Noob Saibot
|-supereffective|p2a: Noob Saibot
|-crit|p2a: Noob Saibot
|-damage|p2a: Noob Saibot|0 fnt
|-unboost|p1a: Great Tusk|def|1
|-unboost|p1a: Great Tusk|spd|1
|faint|p2a: Noob Saibot
|-end|p2a: Noob Saibot|fallen2|[silent]
|
|upkeep
|
|t:|1769365306
|switch|p2a: Sektor|Iron Moth|100/100
|-enditem|p2a: Sektor|Booster Energy
|-activate|p2a: Sektor|ability: Quark Drive|[fromitem]
|-start|p2a: Sektor|quarkdrivespa
|turn|11
|
|t:|1769365308
|move|p2a: Sektor|Fiery Dance|p1a: Great Tusk
|-damage|p1a: Great Tusk|0 fnt
|faint|p1a: Great Tusk
|-end|p1a: Great Tusk|Protosynthesis|[silent]
|
|upkeep
|
|t:|1769365313
|switch|p1a: Walking Wake|Walking Wake|100/100
|-activate|p1a: Walking Wake|move: Sticky Web
|-unboost|p1a: Walking Wake|spe|1
|-enditem|p1a: Walking Wake|Booster Energy
|-activate|p1a: Walking Wake|ability: Protosynthesis|[fromitem]
|-start|p1a: Walking Wake|protosynthesisspa
|turn|12
|
|t:|1769365316
|move|p2a: Sektor|Sludge Wave|p1a: Walking Wake
|-damage|p1a: Walking Wake|17/100
|move|p1a: Walking Wake|Surf|p2a: Sektor
|-supereffective|p2a: Sektor
|-damage|p2a: Sektor|0 fnt
|faint|p2a: Sektor
|-end|p2a: Sektor|Quark Drive|[silent]
|
|upkeep
|
|t:|1769365323
|switch|p2a: Tremor|Great Tusk|100/100
|turn|13
|
|t:|1769365328
|move|p2a: Tremor|Rapid Spin|p1a: Walking Wake
|-damage|p1a: Walking Wake|0 fnt
|-boost|p2a: Tremor|spe|1
|faint|p1a: Walking Wake
|-end|p1a: Walking Wake|Protosynthesis|[silent]
|
|upkeep
|
|t:|1769365341
|switch|p1a: Tandemauss|Maushold|100/100
|-activate|p1a: Tandemauss|move: Sticky Web
|-unboost|p1a: Tandemauss|spe|1
|turn|14
|
|t:|1769365344
|-terastallize|p1a: Tandemauss|Ghost
|move|p2a: Tremor|Knock Off|p1a: Tandemauss
|-supereffective|p1a: Tandemauss
|-damage|p1a: Tandemauss|5/100
|-enditem|p1a: Tandemauss|Wide Lens|[from] move: Knock Off|[of] p2a: Tremor
|move|p1a: Tandemauss|Tidy Up|p1a: Tandemauss
|-sideend|p1: Shalimarrrr|Sticky Web
|-activate|p1a: Tandemauss|move: Tidy Up
|-boost|p1a: Tandemauss|atk|1
|-boost|p1a: Tandemauss|spe|1
|
|upkeep
|turn|15
|
|t:|1769365351
|move|p2a: Tremor|Knock Off|p1a: Tandemauss
|-supereffective|p1a: Tandemauss
|-damage|p1a: Tandemauss|0 fnt
|faint|p1a: Tandemauss
|
|upkeep
|
|t:|1769365356
|switch|p1a: Azumarill|Azumarill, M, shiny|100/100
|turn|16
|
|t:|1769365359
|move|p2a: Tremor|Headlong Rush|p1a: Azumarill
|-damage|p1a: Azumarill|36/100
|-unboost|p2a: Tremor|def|1
|-unboost|p2a: Tremor|spd|1
|-enditem|p1a: Azumarill|Sitrus Berry|[eat]
|-heal|p1a: Azumarill|61/100|[from] item: Sitrus Berry
|move|p1a: Azumarill|Belly Drum|p1a: Azumarill
|-damage|p1a: Azumarill|11/100
|-setboost|p1a: Azumarill|atk|6|[from] move: Belly Drum
|
|upkeep
|turn|17
|
|t:|1769365365
|move|p1a: Azumarill|Aqua Jet|p2a: Tremor
|-supereffective|p2a: Tremor
|-damage|p2a: Tremor|0 fnt
|-damage|p1a: Azumarill|0 fnt|[from] item: Rocky Helmet|[of] p2a: Tremor
|faint|p2a: Tremor
|-end|p2a: Tremor|Protosynthesis|[silent]
|faint|p1a: Azumarill
|
|upkeep
|
|t:|1769365369
|switch|p2a: Ermac|Gholdengo|100/100
|switch|p1a: Kingambit|Kingambit, M|100/100
|-item|p2a: Ermac|Air Balloon
|-activate|p1a: Kingambit|ability: Supreme Overlord
|-start|p1a: Kingambit|fallen5|[silent]
|turn|18
|
|t:|1769365386
|move|p1a: Kingambit|Sucker Punch|p2a: Ermac
|-supereffective|p2a: Ermac
|-damage|p2a: Ermac|0 fnt
|-enditem|p2a: Ermac|Air Balloon
|faint|p2a: Ermac
|
|win|Shalimarrrr
|raw|Shalimarrrr's rating: 1338 &rarr; <strong>1359</strong><br />(+21 for winning)
|raw|FearHater's rating: 1358 &rarr; <strong>1337</strong><br />(-21 for losing)
|l|☆FearHater
|player|p2|
|l|☆Shalimarrrr
|player|p1|
