|j|☆maximilk
|j|‽LT_Alt1
|t:|1769318964
|gametype|singles
|player|p1|maximilk|veteran|1556
|player|p2|LT_Alt1|101|1624
|gen|9
|tier|[Gen 9] OU
|rated|
|rule|HP Percentage Mod: HP is shown in percentages
|rule|Endless Battle Clause: Forcing endless battles is banned
|rule|Species Clause: Limit one of each Pokémon
|rule|OHKO Clause: OHKO moves are banned
|rule|Evasion Items Clause: Evasion items are banned
|rule|Evasion Moves Clause: Evasion moves are banned
|rule|Evasion Abilities Clause: Evasion abilities are banned
|rule|Sleep Moves Clause: Sleep-inducing moves are banned
|clearpoke
|poke|p1|Landorus-Therian, M|
|poke|p1|Slowking-Galar, M|
|poke|p1|Kyurem|
|poke|p1|Great Tusk|
|poke|p1|Iron Moth|
|poke|p1|Dragonite, F|
|poke|p2|Darkrai|
|poke|p2|Slowking-Galar, M|
|poke|p2|Gholdengo|
|poke|p2|Iron Treads|
|poke|p2|Raging Bolt|
|poke|p2|Gliscor, M|
|teampreview
|inactive|Battle timer is ON: inactive players will automatically lose when time's up. (requested by maximilk)
|
|t:|1769319070
|teamsize|p1|6
|teamsize|p2|6
|start
|switch|p1a: Landorus|Landorus-Therian, M|100/100
|switch|p2a: Darkrai|Darkrai|100/100
|-ability|p1a: Landorus|Intimidate|boost
|-unboost|p2a: Darkrai|atk|1
|turn|1
|
|t:|1769319076
|switch|p1a: Slowking|Slowking-Galar, M|100/100
|move|p2a: Darkrai|Nasty Plot|p2a: Darkrai
|-boost|p2a: Darkrai|spa|2
|
|upkeep
|turn|2
|
|t:|1769319086
|-terastallize|p1a: Slowking|Water
|move|p2a: Darkrai|Dark Pulse|p1a: Slowking
|-damage|p1a: Slowking|53/100
|-prepare|p1a: Slowking|Chilly Reception|[premajor]
|move|p1a: Slowking|Chilly Reception|p1a: Slowking
|-weather|Snowscape
|
|t:|1769319106
|switch|p1a: Iron Moth|Iron Moth|100/100|[from] Chilly Reception
|-enditem|p1a: Iron Moth|Booster Energy
|-activate|p1a: Iron Moth|ability: Quark Drive|[fromitem]
|-start|p1a: Iron Moth|quarkdrivespa
|
|-weather|Snowscape|[upkeep]
|upkeep
|turn|3
|
|t:|1769319115
|move|p2a: Darkrai|Dark Pulse|p1a: Iron Moth
|-damage|p1a: Iron Moth|32/100
|cant|p1a: Iron Moth|flinch
|
|-weather|Snowscape|[upkeep]
|upkeep
|turn|4
|
|t:|1769319122
|move|p2a: Darkrai|Dark Pulse|p1a: Iron Moth
|-damage|p1a: Iron Moth|0 fnt
|faint|p1a: Iron Moth
|-end|p1a: Iron Moth|Quark Drive|[silent]
|
|-weather|Snowscape|[upkeep]
|upkeep
|
|t:|1769319124
|switch|p1a: Slowking|Slowking-Galar, M, tera:Water|86/100
|turn|5
|
|t:|1769319133
|move|p2a: Darkrai|Dark Pulse|p1a: Slowking
|-damage|p1a: Slowking|35/100
|move|p1a: Slowking|Sludge Bomb|p2a: Darkrai
|-damage|p2a: Darkrai|60/100
|
|-weather|Snowscape|[upkeep]
|-heal|p2a: Darkrai|66/100|[from] item: Leftovers
|upkeep
|turn|6
|-message|maximilk forfeited.
|
|win|LT_Alt1
|raw|maximilk's rating: 1556 &rarr; <strong>1540</strong><br />(-16 for losing)
|raw|LT_Alt1's rating: 1624 &rarr; <strong>1640</strong><br />(+16 for winning)
|l|☆maximilk
|player|p1|
