|j|☆Marco789987
|j|☆Zettaaa
|t:|1769371566
|gametype|singles
|player|p1|Marco789987|cress|1078
|player|p2|Zettaaa|harlequin|1121
|gen|9
|tier|[Gen 9] OU
|rated|
|rule|HP Percentage Mod: HP is shown in percentages
|rule|Endless Battle Clause: Forcing endless battles is banned
|rule|Species Clause: Limit one of each Pokémon
|rule|OHKO Clause: OHKO moves are banned
|rule|Evasion Items Clause: Evasion items are banned
|rule|Evasion Moves Clause: Evasion moves are banned
|rule|Evasion Abilities Clause: Evasion abilities are banned
|rule|Sleep Moves Clause: Sleep-inducing moves are banned
|clearpoke
|poke|p1|Dewgong, F|
|poke|p1|Probopass, M|
|poke|p1|Primeape, F|
|poke|p1|Trevenant, F|
|poke|p1|Ribombee, F|
|poke|p1|Masquerain, F|
|poke|p2|Slowking-Galar, M|
|poke|p2|Moltres|
|poke|p2|Sandy Shocks|
|poke|p2|Quaquaval, M|
|poke|p2|Eiscue, M|
|poke|p2|Ninetales-Alola, M|
|teampreview
|inactive|Battle timer is ON: inactive players will automatically lose when time's up. (requested by Marco789987)
|
|t:|1769371584
|teamsize|p1|6
|teamsize|p2|6
|start
|switch|p1a: Primeape|Primeape, F, shiny|100/100
|switch|p2a: Eiscue|Eiscue, M|100/100
|turn|1
|
|t:|1769371592
|move|p1a: Primeape|Bulk Up|p1a: Primeape
|-boost|p1a: Primeape|atk|1
|-boost|p1a: Primeape|def|1
|move|p2a: Eiscue|Belly Drum|p2a: Eiscue
|-damage|p2a: Eiscue|50/100
|-setboost|p2a: Eiscue|atk|6|[from] move: Belly Drum
|-enditem|p2a: Eiscue|Sitrus Berry|[eat]
|-heal|p2a: Eiscue|75/100|[from] item: Sitrus Berry
|
|upkeep
|turn|2
|
|t:|1769371605
|move|p1a: Primeape|Drain Punch|p2a: Eiscue
|-activate|p2a: Eiscue|ability: Ice Face
|-damage|p2a: Eiscue|75/100
|detailschange|p2a: Eiscue|Eiscue-Noice, M
|move|p2a: Eiscue|Ice Spinner|p1a: Primeape
|-damage|p1a: Primeape|20/100
|
|upkeep
|turn|3
|
|t:|1769371617
|move|p2a: Eiscue|Ice Spinner|p1a: Primeape
|-damage|p1a: Primeape|0 fnt
|faint|p1a: Primeape
|
|upkeep
|
|t:|1769371624
|switch|p1a: Probopass|Probopass, M, shiny|100/100
|turn|4
|
|t:|1769371631
|move|p2a: Eiscue|Liquidation|p1a: Probopass
|-supereffective|p1a: Probopass
|-crit|p1a: Probopass
|-damage|p1a: Probopass|0 fnt
|faint|p1a: Probopass
|
|upkeep
|
|t:|1769371642
|switch|p1a: Masquerain|Masquerain, F, shiny|100/100
|-ability|p1a: Masquerain|Intimidate|boost
|-unboost|p2a: Eiscue|atk|1
|turn|5
|
|t:|1769371650
|-terastallize|p2a: Eiscue|Ice
|move|p2a: Eiscue|Ice Spinner|p1a: Masquerain
|-supereffective|p1a: Masquerain
|-damage|p1a: Masquerain|0 fnt
|faint|p1a: Masquerain
|
|upkeep
|
|t:|1769371654
|switch|p1a: Dewgong|Dewgong, F, shiny|100/100
|turn|6
|
|t:|1769371662
|move|p2a: Eiscue|Iron Head|p1a: Dewgong
|-damage|p1a: Dewgong|19/100
|move|p1a: Dewgong|Perish Song|p1a: Dewgong
|-start|p1a: Dewgong|perish3|[silent]
|-start|p2a: Eiscue|perish3|[silent]
|-fieldactivate|move: Perish Song
|
|-heal|p1a: Dewgong|25/100|[from] item: Leftovers
|-start|p2a: Eiscue|perish3
|-start|p1a: Dewgong|perish3
|upkeep
|turn|7
|
|t:|1769371674
|move|p1a: Dewgong|Protect|p1a: Dewgong
|-singleturn|p1a: Dewgong|Protect
|move|p2a: Eiscue|Iron Head|p1a: Dewgong
|-activate|p1a: Dewgong|move: Protect
|
|-heal|p1a: Dewgong|32/100|[from] item: Leftovers
|-start|p2a: Eiscue|perish2
|-start|p1a: Dewgong|perish2
|upkeep
|turn|8
|
|t:|1769371682
|switch|p1a: Trevenant|Trevenant, F, shiny|100/100
|move|p2a: Eiscue|Iron Head|p1a: Trevenant
|-damage|p1a: Trevenant|31/100
|-enditem|p1a: Trevenant|Sitrus Berry|[eat]
|-heal|p1a: Trevenant|56/100|[from] item: Sitrus Berry
|
|-start|p2a: Eiscue|perish1
|upkeep
|turn|9
|
|t:|1769371690
|move|p1a: Trevenant|Protect|p1a: Trevenant
|-singleturn|p1a: Trevenant|Protect
|move|p2a: Eiscue|Ice Spinner|p1a: Trevenant
|-activate|p1a: Trevenant|move: Protect
|
|-start|p2a: Eiscue|perish0
|-item|p1a: Trevenant|Sitrus Berry|[from] ability: Harvest
|faint|p2a: Eiscue
|upkeep
|
|t:|1769371693
|switch|p2a: Ninetales|Ninetales-Alola, M|100/100
|-weather|Snowscape|[from] ability: Snow Warning|[of] p2a: Ninetales
|turn|10
|
|t:|1769371696
|move|p2a: Ninetales|Blizzard|p1a: Trevenant
|-supereffective|p1a: Trevenant
|-damage|p1a: Trevenant|0 fnt
|faint|p1a: Trevenant
|
|-weather|Snowscape|[upkeep]
|upkeep
|
|t:|1769371702
|switch|p1a: Dewgong|Dewgong, F, shiny|32/100
|turn|11
|
|t:|1769371707
|move|p2a: Ninetales|Freeze-Dry|p1a: Dewgong
|-damage|p1a: Dewgong|23/100
|move|p1a: Dewgong|Whirlpool|p2a: Ninetales|[miss]
|-miss|p1a: Dewgong|p2a: Ninetales
|
|-weather|Snowscape|[upkeep]
|-heal|p1a: Dewgong|29/100|[from] item: Leftovers
|upkeep
|turn|12
|
|t:|1769371714
|move|p2a: Ninetales|Moonblast|p1a: Dewgong
|-damage|p1a: Dewgong|6/100
|move|p1a: Dewgong|Whirlpool|p2a: Ninetales
|-damage|p2a: Ninetales|89/100
|-activate|p2a: Ninetales|move: Whirlpool|[of] p1a: Dewgong
|
|-weather|Snowscape|[upkeep]
|-heal|p1a: Dewgong|12/100|[from] item: Leftovers
|-damage|p2a: Ninetales|77/100|[from] move: Whirlpool|[partiallytrapped]
|upkeep
|turn|13
|
|t:|1769371717
|move|p1a: Dewgong|Protect|p1a: Dewgong
|-singleturn|p1a: Dewgong|Protect
|move|p2a: Ninetales|Moonblast|p1a: Dewgong
|-activate|p1a: Dewgong|move: Protect
|
|-weather|Snowscape|[upkeep]
|-heal|p1a: Dewgong|18/100|[from] item: Leftovers
|-damage|p2a: Ninetales|65/100|[from] move: Whirlpool|[partiallytrapped]
|upkeep
|turn|14
|
|t:|1769371725
|move|p2a: Ninetales|Moonblast|p1a: Dewgong
|-damage|p1a: Dewgong|0 fnt
|faint|p1a: Dewgong
|
|-weather|none
|-end|p2a: Ninetales|Whirlpool|[partiallytrapped]|[silent]
|upkeep
|
|t:|1769371727
|switch|p1a: Ribombee|Ribombee, F, shiny|100/100
|turn|15
|
|t:|1769371739
|move|p1a: Ribombee|Psychic Noise|p2a: Ninetales
|-damage|p2a: Ninetales|33/100
|-start|p2a: Ninetales|move: Heal Block
|-damage|p1a: Ribombee|91/100|[from] item: Life Orb
|move|p2a: Ninetales|Blizzard|p1a: Ribombee
|-damage|p1a: Ribombee|13/100
|
|upkeep
|turn|16
|
|t:|1769371746
|move|p1a: Ribombee|Moonblast|p2a: Ninetales
|-damage|p2a: Ninetales|0 fnt
|faint|p2a: Ninetales
|-damage|p1a: Ribombee|3/100|[from] item: Life Orb
|
|upkeep
|
|t:|1769371752
|switch|p2a: Sandy Shocks|Sandy Shocks|100/100
|-enditem|p2a: Sandy Shocks|Booster Energy
|-activate|p2a: Sandy Shocks|ability: Protosynthesis|[fromitem]
|-start|p2a: Sandy Shocks|protosynthesisspe
|turn|17
|
|t:|1769371758
|-terastallize|p1a: Ribombee|Fairy
|move|p2a: Sandy Shocks|Thunderbolt|p1a: Ribombee
|-damage|p1a: Ribombee|0 fnt
|faint|p1a: Ribombee
|
|win|Zettaaa
|raw|Marco789987's rating: 1078 &rarr; <strong>1059</strong><br />(-19 for losing)
|raw|Zettaaa's rating: 1121 &rarr; <strong>1143</strong><br />(+22 for winning)
|l|☆Marco789987
|player|p1|
|l|☆Zettaaa
|player|p2|
