|j|☆raz62
|j|☆Gyo99
|t:|1769394232
|gametype|singles
|player|p1|raz62|cynthia-gen4|1523
|player|p2|Gyo99|rocketgrunt|1611
|gen|9
|tier|[Gen 9] OU
|rated|
|rule|HP Percentage Mod: HP is shown in percentages
|rule|Endless Battle Clause: Forcing endless battles is banned
|rule|Species Clause: Limit one of each Pokémon
|rule|OHKO Clause: OHKO moves are banned
|rule|Evasion Items Clause: Evasion items are banned
|rule|Evasion Moves Clause: Evasion moves are banned
|rule|Evasion Abilities Clause: Evasion abilities are banned
|rule|Sleep Moves Clause: Sleep-inducing moves are banned
|clearpoke
|poke|p1|Great Tusk|
|poke|p1|Walking Wake|
|poke|p1|Kingambit, F|
|poke|p1|Charizard, F|
|poke|p1|Ninetales, M|
|poke|p1|Raging Bolt|
|poke|p2|Garchomp, M|
|poke|p2|Corviknight, M|
|poke|p2|Clefable, F|
|poke|p2|Swampert, F|
|poke|p2|Cinderace, M|
|poke|p2|Darkrai|
|teampreview
|inactive|Battle timer is ON: inactive players will automatically lose when time's up. (requested by raz62)
|
|t:|1769394244
|teamsize|p1|6
|teamsize|p2|6
|start
|switch|p1a: Ninetales|Ninetales, M|100/100
|switch|p2a: Garchomp|Garchomp, M, shiny|100/100
|-weather|SunnyDay|[from] ability: Drought|[of] p1a: Ninetales
|turn|1
|
|t:|1769394253
|move|p2a: Garchomp|Swords Dance|p2a: Garchomp
|-boost|p2a: Garchomp|atk|2
|move|p1a: Ninetales|Will-O-Wisp|p2a: Garchomp
|-status|p2a: Garchomp|brn
|
|-weather|SunnyDay|[upkeep]
|-damage|p2a: Garchomp|94/100 brn|[from] brn
|upkeep
|turn|2
|
|t:|1769394262
|switch|p1a: Great Tusk|Great Tusk|100/100
|-activate|p1a: Great Tusk|ability: Protosynthesis
|-start|p1a: Great Tusk|protosynthesisatk
|move|p2a: Garchomp|Swords Dance|p2a: Garchomp
|-boost|p2a: Garchomp|atk|2
|
|-weather|SunnyDay|[upkeep]
|-damage|p2a: Garchomp|88/100 brn|[from] brn
|upkeep
|turn|3
|
|t:|1769394272
|-terastallize|p2a: Garchomp|Fairy
|move|p2a: Garchomp|Scale Shot|p1a: Great Tusk
|-damage|p1a: Great Tusk|88/100
|-damage|p1a: Great Tusk|76/100
|-damage|p1a: Great Tusk|64/100
|-damage|p1a: Great Tusk|51/100
|-damage|p1a: Great Tusk|37/100
|-hitcount|p1a: Great Tusk|5
|-unboost|p2a: Garchomp|def|1
|-boost|p2a: Garchomp|spe|1
|move|p1a: Great Tusk|Rapid Spin|p2a: Garchomp
|-damage|p2a: Garchomp|54/100 brn
|-boost|p1a: Great Tusk|spe|1
|-damage|p1a: Great Tusk|25/100|[from] ability: Rough Skin|[of] p2a: Garchomp
|
|-weather|SunnyDay|[upkeep]
|-damage|p2a: Garchomp|48/100 brn|[from] brn
|upkeep
|turn|4
|
|t:|1769394291
|move|p2a: Garchomp|Scale Shot|p1a: Great Tusk
|-damage|p1a: Great Tusk|11/100
|-damage|p1a: Great Tusk|0 fnt
|faint|p1a: Great Tusk
|-end|p1a: Great Tusk|Protosynthesis|[silent]
|-hitcount|p1: Great Tusk|2
|-unboost|p2a: Garchomp|def|1
|-boost|p2a: Garchomp|spe|1
|
|-weather|SunnyDay|[upkeep]
|-damage|p2a: Garchomp|42/100 brn|[from] brn
|upkeep
|
|t:|1769394294
|switch|p1a: Raging Bolt|Raging Bolt|100/100
|-item|p1a: Raging Bolt|Air Balloon
|-activate|p1a: Raging Bolt|ability: Protosynthesis
|-start|p1a: Raging Bolt|protosynthesisspa
|turn|5
|
|t:|1769394307
|move|p1a: Raging Bolt|Thunderclap|p2a: Garchomp
|-crit|p2a: Garchomp
|-damage|p2a: Garchomp|0 fnt
|faint|p2a: Garchomp
|
|-weather|SunnyDay|[upkeep]
|upkeep
|
|t:|1769394315
|switch|p2a: Swampert|Swampert, F|100/100
|turn|6
|
|t:|1769394319
|move|p1a: Raging Bolt|Dragon Pulse|p2a: Swampert
|-damage|p2a: Swampert|55/100
|move|p2a: Swampert|Flip Turn|p1a: Raging Bolt
|-resisted|p1a: Raging Bolt
|-damage|p1a: Raging Bolt|96/100
|-enditem|p1a: Raging Bolt|Air Balloon
|
|t:|1769394328
|switch|p2a: Cinderace|Cinderace, M, shiny|100/100|[from] Flip Turn
|
|-weather|SunnyDay|[upkeep]
|upkeep
|turn|7
|
|t:|1769394336
|move|p2a: Cinderace|High Jump Kick|p1a: Raging Bolt
|-start|p2a: Cinderace|typechange|Fighting|[from] ability: Libero
|-damage|p1a: Raging Bolt|5/100
|move|p1a: Raging Bolt|Thunderbolt|p2a: Cinderace
|-damage|p2a: Cinderace|8/100
|
|-weather|SunnyDay|[upkeep]
|upkeep
|turn|8
|
|t:|1769394345
|switch|p2a: Swampert|Swampert, F|55/100
|move|p1a: Raging Bolt|Thunderclap||[still]
|-fail|p1a: Raging Bolt
|
|-weather|none
|-end|p1a: Raging Bolt|Protosynthesis
|-heal|p2a: Swampert|61/100|[from] item: Leftovers
|upkeep
|turn|9
|
|t:|1769394353
|move|p1a: Raging Bolt|Dragon Pulse|p2a: Swampert
|-damage|p2a: Swampert|28/100
|move|p2a: Swampert|Stealth Rock|p1a: Raging Bolt
|-sidestart|p1: raz62|move: Stealth Rock
|
|-heal|p2a: Swampert|34/100|[from] item: Leftovers
|upkeep
|turn|10
|
|t:|1769394361
|move|p1a: Raging Bolt|Dragon Pulse|p2a: Swampert
|-damage|p2a: Swampert|2/100
|move|p2a: Swampert|Flip Turn|p1a: Raging Bolt
|-resisted|p1a: Raging Bolt
|-damage|p1a: Raging Bolt|0 fnt
|faint|p1a: Raging Bolt
|-end|p1a: Raging Bolt|Protosynthesis|[silent]
|
|t:|1769394371
|switch|p2a: Cinderace|Cinderace, M, shiny|8/100|[from] Flip Turn
|
|upkeep
|
|t:|1769394380
|switch|p1a: Kingambit|Kingambit, F|100/100
|-damage|p1a: Kingambit|94/100|[from] Stealth Rock
|-activate|p1a: Kingambit|ability: Supreme Overlord
|-start|p1a: Kingambit|fallen2|[silent]
|-item|p1a: Kingambit|Air Balloon
|turn|11
|
|t:|1769394387
|switch|p2a: Swampert|Swampert, F|2/100
|move|p1a: Kingambit|Sucker Punch||[still]
|-fail|p1a: Kingambit
|
|-heal|p2a: Swampert|9/100|[from] item: Leftovers
|upkeep
|turn|12
|
|t:|1769394397
|move|p1a: Kingambit|Kowtow Cleave|p2a: Swampert
|-damage|p2a: Swampert|0 fnt
|faint|p2a: Swampert
|
|upkeep
|
|t:|1769394405
|switch|p2a: Darkrai|Darkrai, shiny|100/100
|turn|13
|
|t:|1769394409
|move|p2a: Darkrai|Trick|p1a: Kingambit
|-activate|p2a: Darkrai|move: Trick|[of] p1a: Kingambit
|-item|p1a: Kingambit|Choice Specs|[from] move: Trick
|-item|p2a: Darkrai|Air Balloon
|-item|p2a: Darkrai|Air Balloon|[from] move: Trick
|move|p1a: Kingambit|Iron Head|p2a: Darkrai
|-damage|p2a: Darkrai|31/100
|-enditem|p2a: Darkrai|Air Balloon
|
|upkeep
|turn|14
|
|t:|1769394418
|switch|p2a: Corviknight|Corviknight, M, shiny|100/100
|move|p1a: Kingambit|Iron Head|p2a: Corviknight
|-resisted|p2a: Corviknight
|-damage|p2a: Corviknight|85/100
|-damage|p1a: Kingambit|78/100|[from] item: Rocky Helmet|[of] p2a: Corviknight
|
|upkeep
|turn|15
|
|t:|1769394426
|-end|p1a: Kingambit|fallen2|[silent]
|switch|p1a: Ninetales|Ninetales, M|100/100
|-damage|p1a: Ninetales|76/100|[from] Stealth Rock
|-weather|SunnyDay|[from] ability: Drought|[of] p1a: Ninetales
|move|p2a: Corviknight|U-turn|p1a: Ninetales
|-resisted|p1a: Ninetales
|-damage|p1a: Ninetales|68/100
|
|t:|1769394433
|switch|p2a: Cinderace|Cinderace, M, shiny|8/100|[from] U-turn
|
|-weather|SunnyDay|[upkeep]
|upkeep
|turn|16
|
|t:|1769394440
|move|p2a: Cinderace|High Jump Kick|p1a: Ninetales
|-start|p2a: Cinderace|typechange|Fighting|[from] ability: Libero
|-damage|p1a: Ninetales|0 fnt
|faint|p1a: Ninetales
|
|-weather|SunnyDay|[upkeep]
|upkeep
|
|t:|1769394442
|switch|p1a: Walking Wake|Walking Wake|100/100
|-damage|p1a: Walking Wake|88/100|[from] Stealth Rock
|-activate|p1a: Walking Wake|ability: Protosynthesis
|-start|p1a: Walking Wake|protosynthesisspe
|turn|17
|
|t:|1769394463
|switch|p2a: Darkrai|Darkrai, shiny|31/100
|move|p1a: Walking Wake|Flip Turn|p2a: Darkrai
|-damage|p2a: Darkrai|21/100
|
|t:|1769394468
|-end|p1a: Walking Wake|Protosynthesis|[silent]
|switch|p1a: Charizard|Charizard, F|100/100|[from] Flip Turn
|-damage|p1a: Charizard|50/100|[from] Stealth Rock
|
|-weather|SunnyDay|[upkeep]
|-damage|p1a: Charizard|38/100|[from] ability: Solar Power|[of] p1a: Charizard
|upkeep
|turn|18
|
|t:|1769394476
|move|p1a: Charizard|Flamethrower|p2a: Darkrai
|-damage|p2a: Darkrai|0 fnt
|faint|p2a: Darkrai
|
|-weather|SunnyDay|[upkeep]
|-damage|p1a: Charizard|26/100|[from] ability: Solar Power|[of] p1a: Charizard
|upkeep
|
|t:|1769394485
|switch|p2a: Cinderace|Cinderace, M, shiny|8/100
|turn|19
|
|t:|1769394488
|move|p2a: Cinderace|Sucker Punch|p1a: Charizard
|-start|p2a: Cinderace|typechange|Dark|[from] ability: Libero
|-damage|p1a: Charizard|0 fnt
|faint|p1a: Charizard
|
|-weather|SunnyDay|[upkeep]
|upkeep
|
|t:|1769394491
|switch|p1a: Kingambit|Kingambit, F|78/100
|-damage|p1a: Kingambit|72/100|[from] Stealth Rock
|-activate|p1a: Kingambit|ability: Supreme Overlord
|-start|p1a: Kingambit|fallen4|[silent]
|turn|20
|
|t:|1769394500
|switch|p2a: Corviknight|Corviknight, M, shiny|85/100
|move|p1a: Kingambit|Iron Head|p2a: Corviknight
|-resisted|p2a: Corviknight
|-damage|p2a: Corviknight|63/100
|-damage|p1a: Kingambit|55/100|[from] item: Rocky Helmet|[of] p2a: Corviknight
|
|-weather|SunnyDay|[upkeep]
|upkeep
|turn|21
|
|t:|1769394509
|-end|p1a: Kingambit|fallen4|[silent]
|switch|p1a: Walking Wake|Walking Wake|88/100
|-damage|p1a: Walking Wake|76/100|[from] Stealth Rock
|-activate|p1a: Walking Wake|ability: Protosynthesis
|-start|p1a: Walking Wake|protosynthesisspe
|move|p2a: Corviknight|U-turn|p1a: Walking Wake
|-damage|p1a: Walking Wake|60/100
|
|t:|1769394517
|switch|p2a: Clefable|Clefable, F, shiny|100/100|[from] U-turn
|
|-weather|SunnyDay|[upkeep]
|upkeep
|turn|22
|
|t:|1769394526
|move|p1a: Walking Wake|Hydro Steam|p2a: Clefable
|-damage|p2a: Clefable|55/100
|move|p2a: Clefable|Moonblast|p1a: Walking Wake
|-supereffective|p1a: Walking Wake
|-damage|p1a: Walking Wake|0 fnt
|faint|p1a: Walking Wake
|-end|p1a: Walking Wake|Protosynthesis|[silent]
|
|-weather|none
|-heal|p2a: Clefable|61/100|[from] item: Leftovers
|upkeep
|-message|raz62 forfeited.
|
|win|Gyo99
|raw|raz62's rating: 1523 &rarr; <strong>1508</strong><br />(-15 for losing)
|raw|Gyo99's rating: 1611 &rarr; <strong>1626</strong><br />(+15 for winning)
|l|☆raz62
|player|p1|
