|j|☆thehailgod
|j|☆ObjectOriented
|t:|1769409632
|gametype|singles
|player|p1|thehailgod|plasmagruntf|1284
|player|p2|ObjectOriented|102|1286
|gen|9
|tier|[Gen 9] OU
|rated|
|rule|HP Percentage Mod: HP is shown in percentages
|rule|Endless Battle Clause: Forcing endless battles is banned
|rule|Species Clause: Limit one of each Pokémon
|rule|OHKO Clause: OHKO moves are banned
|rule|Evasion Items Clause: Evasion items are banned
|rule|Evasion Moves Clause: Evasion moves are banned
|rule|Evasion Abilities Clause: Evasion abilities are banned
|rule|Sleep Moves Clause: Sleep-inducing moves are banned
|clearpoke
|poke|p1|Tyranitar, M|
|poke|p1|Gholdengo|
|poke|p1|Zamazenta-*|
|poke|p1|Rillaboom, F|
|poke|p1|Garchomp, M|
|poke|p1|Zapdos|
|poke|p2|Primarina, M|
|poke|p2|Iron Treads|
|poke|p2|Lokix, M|
|poke|p2|Kingdra, M|
|poke|p2|Pelipper, M|
|poke|p2|Toxicroak, M|
|teampreview
|
|t:|1769409636
|teamsize|p1|6
|teamsize|p2|6
|start
|switch|p1a: Zapdos|Zapdos|100/100
|switch|p2a: Toxicroak|Toxicroak, M, shiny|100/100
|turn|1
|inactive|Battle timer is ON: inactive players will automatically lose when time's up. (requested by thehailgod)
|inactive|ObjectOriented also wants the timer to be on.
|
|t:|1769409642
|switch|p2a: Iron Treads|Iron Treads, shiny|100/100
|move|p1a: Zapdos|Hurricane|p2a: Iron Treads|[miss]
|-miss|p1a: Zapdos|p2a: Iron Treads
|
|upkeep
|turn|2
|
|t:|1769409646
|move|p2a: Iron Treads|Stealth Rock|p1a: Zapdos
|-sidestart|p1: thehailgod|move: Stealth Rock
|move|p1a: Zapdos|Heat Wave|p2a: Iron Treads
|-supereffective|p2a: Iron Treads
|-damage|p2a: Iron Treads|18/100
|
|upkeep
|turn|3
|
|t:|1769409653
|move|p2a: Iron Treads|Ice Spinner|p1a: Zapdos
|-supereffective|p1a: Zapdos
|-damage|p1a: Zapdos|42/100
|move|p1a: Zapdos|Heat Wave|p2a: Iron Treads
|-supereffective|p2a: Iron Treads
|-damage|p2a: Iron Treads|0 fnt
|faint|p2a: Iron Treads
|-end|p2a: Iron Treads|Quark Drive|[silent]
|
|upkeep
|
|t:|1769409662
|switch|p2a: Kingdra|Kingdra, M, shiny|100/100
|turn|4
|
|t:|1769409670
|move|p1a: Zapdos|Volt Switch|p2a: Kingdra
|-damage|p2a: Kingdra|60/100
|
|t:|1769409678
|switch|p1a: Rillaboom|Rillaboom, F|100/100|[from] Volt Switch
|-fieldstart|move: Grassy Terrain|[from] ability: Grassy Surge|[of] p1a: Rillaboom
|move|p2a: Kingdra|Draco Meteor|p1a: Rillaboom|[miss]
|-miss|p2a: Kingdra|p1a: Rillaboom
|
|-heal|p2a: Kingdra|66/100|[from] Grassy Terrain
|upkeep
|turn|5
|
|t:|1769409685
|switch|p2a: Lokix|Lokix, M, shiny|100/100
|move|p1a: Rillaboom|Knock Off|p2a: Lokix
|-resisted|p2a: Lokix
|-damage|p2a: Lokix|75/100
|-enditem|p2a: Lokix|Choice Band|[from] move: Knock Off|[of] p1a: Rillaboom
|
|-heal|p2a: Lokix|81/100|[from] Grassy Terrain
|upkeep
|turn|6
|
|t:|1769409690
|switch|p1a: Zapdos|Zapdos|42/100
|move|p2a: Lokix|First Impression|p1a: Zapdos
|-resisted|p1a: Zapdos
|-damage|p1a: Zapdos|0 fnt
|faint|p1a: Zapdos
|
|-heal|p2a: Lokix|87/100|[from] Grassy Terrain
|upkeep
|
|t:|1769409701
|switch|p1a: Zamazenta|Zamazenta|100/100
|-ability|p1a: Zamazenta|Dauntless Shield|boost
|-boost|p1a: Zamazenta|def|1
|turn|7
|
|t:|1769409718
|switch|p1a: Garchomp|Garchomp, M|100/100
|-damage|p1a: Garchomp|94/100|[from] Stealth Rock
|move|p2a: Lokix|U-turn|p1a: Garchomp
|-damage|p1a: Garchomp|71/100
|-damage|p2a: Lokix|75/100|[from] ability: Rough Skin|[of] p1a: Garchomp
|-damage|p2a: Lokix|58/100|[from] item: Rocky Helmet|[of] p1a: Garchomp
|
|t:|1769409724
|switch|p2a: Pelipper|Pelipper, M, shiny|100/100|[from] U-turn
|-weather|RainDance|[from] ability: Drizzle|[of] p2a: Pelipper
|
|-weather|RainDance|[upkeep]
|-heal|p1a: Garchomp|78/100|[from] Grassy Terrain
|upkeep
|turn|8
|
|t:|1769409729
|move|p1a: Garchomp|Stealth Rock|p2a: Pelipper
|-sidestart|p2: ObjectOriented|move: Stealth Rock
|move|p2a: Pelipper|Ice Beam|p1a: Garchomp
|-supereffective|p1a: Garchomp
|-damage|p1a: Garchomp|10/100
|
|-weather|RainDance|[upkeep]
|-heal|p1a: Garchomp|16/100|[from] Grassy Terrain
|-fieldend|move: Grassy Terrain
|upkeep
|turn|9
|
|t:|1769409734
|move|p1a: Garchomp|Spikes|p2a: Pelipper
|-sidestart|p2: ObjectOriented|Spikes
|move|p2a: Pelipper|Surf|p1a: Garchomp
|-damage|p1a: Garchomp|0 fnt
|faint|p1a: Garchomp
|
|-weather|RainDance|[upkeep]
|upkeep
|
|t:|1769409741
|switch|p1a: Tyranitar|Tyranitar, M|100/100
|-weather|Sandstorm|[from] ability: Sand Stream|[of] p1a: Tyranitar
|turn|10
|
|t:|1769409746
|switch|p2a: Toxicroak|Toxicroak, M, shiny|100/100
|-damage|p2a: Toxicroak|94/100|[from] Stealth Rock
|-damage|p2a: Toxicroak|82/100|[from] Spikes
|move|p1a: Tyranitar|Stone Edge|p2a: Toxicroak|[miss]
|-miss|p1a: Tyranitar|p2a: Toxicroak
|
|-weather|Sandstorm|[upkeep]
|-damage|p2a: Toxicroak|76/100|[from] Sandstorm
|upkeep
|turn|11
|
|t:|1769409756
|switch|p1a: Gholdengo|Gholdengo|100/100
|-damage|p1a: Gholdengo|94/100|[from] Stealth Rock
|-item|p1a: Gholdengo|Air Balloon
|move|p2a: Toxicroak|Knock Off|p1a: Gholdengo
|-supereffective|p1a: Gholdengo
|-damage|p1a: Gholdengo|62/100
|-enditem|p1a: Gholdengo|Air Balloon
|
|-weather|Sandstorm|[upkeep]
|-damage|p2a: Toxicroak|69/100|[from] Sandstorm
|upkeep
|turn|12
|
|t:|1769409767
|move|p2a: Toxicroak|Encore|p1a: Gholdengo
|-immune|p1a: Gholdengo|[from] ability: Good as Gold
|move|p1a: Gholdengo|Thunder Wave|p2a: Toxicroak
|-status|p2a: Toxicroak|par
|
|-weather|Sandstorm|[upkeep]
|-damage|p2a: Toxicroak|63/100 par|[from] Sandstorm
|upkeep
|turn|13
|
|t:|1769409797
|switch|p2a: Lokix|Lokix, M, shiny|58/100
|-damage|p2a: Lokix|33/100|[from] Stealth Rock
|-damage|p2a: Lokix|21/100|[from] Spikes
|move|p1a: Gholdengo|Thunder Wave|p2a: Lokix|[miss]
|-miss|p1a: Gholdengo|p2a: Lokix
|
|-weather|Sandstorm|[upkeep]
|-damage|p2a: Lokix|15/100|[from] Sandstorm
|upkeep
|turn|14
|inactive|thehailgod has 120 seconds left.
|
|t:|1769409813
|switch|p1a: Zamazenta|Zamazenta|100/100
|move|p2a: Lokix|Leech Life|p1a: Zamazenta
|-resisted|p1a: Zamazenta
|-damage|p1a: Zamazenta|67/100
|-heal|p2a: Lokix|34/100|[from] drain|[of] p1a: Zamazenta
|
|-weather|none
|upkeep
|turn|15
|inactive|thehailgod has 120 seconds left.
|
|t:|1769409845
|move|p2a: Lokix|Leech Life|p1a: Zamazenta
|-resisted|p1a: Zamazenta
|-damage|p1a: Zamazenta|33/100
|-heal|p2a: Lokix|54/100|[from] drain|[of] p1a: Zamazenta
|move|p1a: Zamazenta|Roar|p2a: Lokix
|drag|p2a: Primarina|Primarina, M, shiny|100/100
|-damage|p2a: Primarina|88/100|[from] Stealth Rock
|-damage|p2a: Primarina|76/100|[from] Spikes
|
|-heal|p2a: Primarina|82/100|[from] item: Leftovers
|upkeep
|turn|16
|
|t:|1769409858
|move|p1a: Zamazenta|Heavy Slam|p2a: Primarina
|-damage|p2a: Primarina|36/100
|move|p2a: Primarina|Moonblast|p1a: Zamazenta
|-supereffective|p1a: Zamazenta
|-damage|p1a: Zamazenta|0 fnt
|faint|p1a: Zamazenta
|
|-heal|p2a: Primarina|42/100|[from] item: Leftovers
|upkeep
|inactive|thehailgod has 90 seconds left.
|
|t:|1769409886
|switch|p1a: Rillaboom|Rillaboom, F|100/100
|-fieldstart|move: Grassy Terrain|[from] ability: Grassy Surge|[of] p1a: Rillaboom
|turn|17
|
|t:|1769409895
|move|p1a: Rillaboom|Wood Hammer|p2a: Primarina
|-supereffective|p2a: Primarina
|-damage|p2a: Primarina|0 fnt
|faint|p2a: Primarina
|-damage|p1a: Rillaboom|88/100|[from] Recoil
|
|-heal|p1a: Rillaboom|94/100|[from] Grassy Terrain
|upkeep
|
|t:|1769409899
|switch|p2a: Lokix|Lokix, M, shiny|54/100
|-damage|p2a: Lokix|29/100|[from] Stealth Rock
|-damage|p2a: Lokix|16/100|[from] Spikes
|turn|18
|inactive|thehailgod has 90 seconds left.
|
|t:|1769409920
|switch|p1a: Gholdengo|Gholdengo|62/100
|-damage|p1a: Gholdengo|56/100|[from] Stealth Rock
|move|p2a: Lokix|First Impression|p1a: Gholdengo
|-resisted|p1a: Gholdengo
|-damage|p1a: Gholdengo|40/100
|
|-heal|p2a: Lokix|22/100|[from] Grassy Terrain
|-heal|p1a: Gholdengo|46/100|[from] Grassy Terrain
|upkeep
|turn|19
|
|t:|1769409927
|move|p2a: Lokix|Leech Life|p1a: Gholdengo
|-resisted|p1a: Gholdengo
|-damage|p1a: Gholdengo|32/100
|-heal|p2a: Lokix|32/100|[from] drain|[of] p1a: Gholdengo
|move|p1a: Gholdengo|Make It Rain|p2a: Lokix
|-damage|p2a: Lokix|0 fnt
|-unboost|p1a: Gholdengo|spa|1
|faint|p2a: Lokix
|
|-heal|p1a: Gholdengo|38/100|[from] Grassy Terrain
|upkeep
|
|t:|1769409935
|switch|p2a: Pelipper|Pelipper, M, shiny|100/100
|-damage|p2a: Pelipper|76/100|[from] Stealth Rock
|-weather|RainDance|[from] ability: Drizzle|[of] p2a: Pelipper
|turn|20
|inactive|thehailgod has 90 seconds left.
|
|t:|1769409963
|move|p1a: Gholdengo|Thunder Wave|p2a: Pelipper
|-status|p2a: Pelipper|par
|move|p2a: Pelipper|Surf|p1a: Gholdengo
|-damage|p1a: Gholdengo|0 fnt
|faint|p1a: Gholdengo
|
|-weather|RainDance|[upkeep]
|upkeep
|
|t:|1769409986
|switch|p1a: Tyranitar|Tyranitar, M|100/100
|-weather|Sandstorm|[from] ability: Sand Stream|[of] p1a: Tyranitar
|turn|21
|
|t:|1769409992
|switch|p2a: Toxicroak|Toxicroak, M, shiny|63/100 par
|-damage|p2a: Toxicroak|57/100 par|[from] Stealth Rock
|-damage|p2a: Toxicroak|44/100 par|[from] Spikes
|move|p1a: Tyranitar|Knock Off|p2a: Toxicroak
|-resisted|p2a: Toxicroak
|-damage|p2a: Toxicroak|21/100 par
|-damage|p1a: Tyranitar|84/100|[from] item: Rocky Helmet|[of] p2a: Toxicroak
|-enditem|p2a: Toxicroak|Rocky Helmet|[from] move: Knock Off|[of] p1a: Tyranitar
|
|-weather|Sandstorm|[upkeep]
|-damage|p2a: Toxicroak|14/100 par|[from] Sandstorm
|-heal|p1a: Tyranitar|90/100|[from] Grassy Terrain
|-heal|p2a: Toxicroak|21/100 par|[from] Grassy Terrain
|-fieldend|move: Grassy Terrain
|upkeep
|turn|22
|inactive|thehailgod has 60 seconds left.
|
|t:|1769410019
|move|p1a: Tyranitar|Ice Punch|p2a: Toxicroak
|-damage|p2a: Toxicroak|0 fnt
|faint|p2a: Toxicroak
|
|-weather|Sandstorm|[upkeep]
|upkeep
|
|t:|1769410028
|switch|p2a: Pelipper|Pelipper, M, shiny|76/100 par
|-damage|p2a: Pelipper|51/100 par|[from] Stealth Rock
|-weather|RainDance|[from] ability: Drizzle|[of] p2a: Pelipper
|turn|23
|
|t:|1769410038
|switch|p1a: Rillaboom|Rillaboom, F|94/100
|-fieldstart|move: Grassy Terrain|[from] ability: Grassy Surge|[of] p1a: Rillaboom
|move|p2a: Pelipper|Surf|p1a: Rillaboom
|-resisted|p1a: Rillaboom
|-damage|p1a: Rillaboom|66/100
|
|-weather|RainDance|[upkeep]
|-heal|p1a: Rillaboom|72/100|[from] Grassy Terrain
|upkeep
|turn|24
|
|t:|1769410043
|move|p1a: Rillaboom|U-turn|p2a: Pelipper
|-resisted|p2a: Pelipper
|-damage|p2a: Pelipper|37/100 par
|
|t:|1769410046
|switch|p1a: Tyranitar|Tyranitar, M|90/100|[from] U-turn
|-weather|Sandstorm|[from] ability: Sand Stream|[of] p1a: Tyranitar
|cant|p2a: Pelipper|par
|
|-weather|Sandstorm|[upkeep]
|-damage|p2a: Pelipper|31/100 par|[from] Sandstorm
|-heal|p1a: Tyranitar|96/100|[from] Grassy Terrain
|upkeep
|turn|25
|
|t:|1769410055
|move|p1a: Tyranitar|Knock Off|p2a: Pelipper
|-damage|p2a: Pelipper|0 fnt
|-enditem|p2a: Pelipper|Damp Rock|[from] move: Knock Off|[of] p1a: Tyranitar
|faint|p2a: Pelipper
|
|-weather|Sandstorm|[upkeep]
|-heal|p1a: Tyranitar|100/100|[from] Grassy Terrain
|upkeep
|-message|ObjectOriented forfeited.
|
|win|thehailgod
|raw|thehailgod's rating: 1284 &rarr; <strong>1309</strong><br />(+25 for winning)
|raw|ObjectOriented's rating: 1286 &rarr; <strong>1261</strong><br />(-25 for losing)
|l|☆ObjectOriented
|player|p2|
|l|☆thehailgod
|player|p1|
