|j|☆Avery29
|j|☆mr satalit
|t:|1769433105
|gametype|singles
|player|p1|Avery29|102|1356
|player|p2|mr satalit|pokemonranger-gen4|1412
|gen|9
|tier|[Gen 9] OU
|rated|
|rule|HP Percentage Mod: HP is shown in percentages
|rule|Endless Battle Clause: Forcing endless battles is banned
|rule|Species Clause: Limit one of each Pokémon
|rule|OHKO Clause: OHKO moves are banned
|rule|Evasion Items Clause: Evasion items are banned
|rule|Evasion Moves Clause: Evasion moves are banned
|rule|Evasion Abilities Clause: Evasion abilities are banned
|rule|Sleep Moves Clause: Sleep-inducing moves are banned
|clearpoke
|poke|p1|Quaquaval, F|
|poke|p1|Skarmory, M|
|poke|p1|Meowscarada, M|
|poke|p1|Mandibuzz, F|
|poke|p1|Umbreon, F|
|poke|p1|Sandy Shocks|
|poke|p2|Ogerpon-Wellspring, F|
|poke|p2|Kingambit, M|
|poke|p2|Landorus-Therian, M|
|poke|p2|Glimmora, F|
|poke|p2|Dragapult, F|
|poke|p2|Iron Valiant|
|teampreview
|inactive|Battle timer is ON: inactive players will automatically lose when time's up. (requested by mr satalit)
|
|t:|1769433117
|teamsize|p1|6
|teamsize|p2|6
|start
|switch|p1a: One step|Quaquaval, F, shiny|100/100
|switch|p2a: not freeze dry!|Ogerpon-Wellspring, F|100/100
|turn|1
|
|t:|1769433130
|switch|p1a: Mandibuzz|Mandibuzz, F|100/100
|move|p2a: not freeze dry!|Play Rough|p1a: Mandibuzz
|-supereffective|p1a: Mandibuzz
|-damage|p1a: Mandibuzz|57/100
|-unboost|p1a: Mandibuzz|atk|1
|
|upkeep
|turn|2
|
|t:|1769433141
|switch|p2a: Glimmora|Glimmora, F|100/100
|move|p1a: Mandibuzz|Toxic|p2a: Glimmora
|-immune|p2a: Glimmora
|
|upkeep
|turn|3
|inactive|Avery29 has 120 seconds left.
|
|t:|1769433181
|switch|p1a: One step|Quaquaval, F, shiny|100/100
|move|p2a: Glimmora|Spikes|p1a: One step
|-sidestart|p1: Avery29|Spikes
|
|upkeep
|turn|4
|
|t:|1769433191
|move|p1a: One step|Aqua Step|p2a: Glimmora
|-supereffective|p2a: Glimmora
|-damage|p2a: Glimmora|28/100
|-boost|p1a: One step|spe|1
|-activate|p2a: Glimmora|ability: Toxic Debris
|-sidestart|p1: Avery29|move: Toxic Spikes
|move|p2a: Glimmora|Mortal Spin|p1a: One step
|-damage|p1a: One step|93/100
|-status|p1a: One step|psn
|
|-damage|p1a: One step|81/100 psn|[from] psn
|upkeep
|turn|5
|inactive|Avery29 has 120 seconds left.
|
|t:|1769433207
|move|p1a: One step|Swords Dance|p1a: One step
|-boost|p1a: One step|atk|2
|move|p2a: Glimmora|Earth Power|p1a: One step
|-damage|p1a: One step|31/100 psn
|
|-damage|p1a: One step|19/100 psn|[from] psn
|upkeep
|turn|6
|
|t:|1769433217
|move|p1a: One step|Close Combat|p2a: Glimmora
|-damage|p2a: Glimmora|0 fnt
|-unboost|p1a: One step|def|1
|-unboost|p1a: One step|spd|1
|-activate|p2a: Glimmora|ability: Toxic Debris
|-sidestart|p1: Avery29|move: Toxic Spikes
|faint|p2a: Glimmora
|-ability|p1a: One step|Moxie|boost
|-boost|p1a: One step|atk|1
|
|-damage|p1a: One step|7/100 psn|[from] psn
|upkeep
|
|t:|1769433229
|switch|p2a: to s.punch or not|Kingambit, M|100/100
|-activate|p2a: to s.punch or not|ability: Supreme Overlord
|-start|p2a: to s.punch or not|fallen1|[silent]
|turn|7
|
|t:|1769433235
|move|p2a: to s.punch or not|Sucker Punch|p1a: One step
|-resisted|p1a: One step
|-damage|p1a: One step|0 fnt
|faint|p1a: One step
|
|upkeep
|
|t:|1769433240
|switch|p1a: Mandibuzz|Mandibuzz, F|57/100
|turn|8
|
|t:|1769433244
|move|p1a: Mandibuzz|Defog|p2a: to s.punch or not
|-unboost|p2a: to s.punch or not|evasion|1
|-sideend|p1: Avery29|Spikes|[from] move: Defog|[of] p1a: Mandibuzz
|-sideend|p1: Avery29|Toxic Spikes|[from] move: Defog|[of] p1a: Mandibuzz
|move|p2a: to s.punch or not|Swords Dance|p2a: to s.punch or not
|-boost|p2a: to s.punch or not|atk|2
|
|upkeep
|turn|9
|
|t:|1769433272
|switch|p1a: Stall|Skarmory, M|100/100
|move|p2a: to s.punch or not|Swords Dance|p2a: to s.punch or not
|-boost|p2a: to s.punch or not|atk|2
|
|upkeep
|turn|10
|
|t:|1769433275
|-terastallize|p2a: to s.punch or not|Ghost
|move|p1a: Stall|Body Press|p2a: to s.punch or not
|-immune|p2a: to s.punch or not
|move|p2a: to s.punch or not|Kowtow Cleave|p1a: Stall
|-damage|p1a: Stall|7/100
|-damage|p2a: to s.punch or not|84/100|[from] item: Rocky Helmet|[of] p1a: Stall
|
|-heal|p2a: to s.punch or not|90/100|[from] item: Leftovers
|upkeep
|turn|11
|
|t:|1769433288
|move|p2a: to s.punch or not|Sucker Punch||[still]
|-fail|p2a: to s.punch or not
|move|p1a: Stall|Roost|p1a: Stall
|-heal|p1a: Stall|57/100
|-singleturn|p1a: Stall|move: Roost
|
|-heal|p2a: to s.punch or not|96/100|[from] item: Leftovers
|upkeep
|turn|12
|
|t:|1769433291
|move|p2a: to s.punch or not|Sucker Punch||[still]
|-fail|p2a: to s.punch or not
|move|p1a: Stall|Stealth Rock|p2a: to s.punch or not
|-sidestart|p2: mr satalit|move: Stealth Rock
|
|-heal|p2a: to s.punch or not|100/100|[from] item: Leftovers
|upkeep
|turn|13
|
|t:|1769433293
|move|p1a: Stall|Roost|p1a: Stall
|-heal|p1a: Stall|100/100
|-singleturn|p1a: Stall|move: Roost
|move|p2a: to s.punch or not|Kowtow Cleave|p1a: Stall
|-ability|p1a: Stall|Sturdy
|-damage|p1a: Stall|1/100
|-damage|p2a: to s.punch or not|84/100|[from] item: Rocky Helmet|[of] p1a: Stall
|
|-heal|p2a: to s.punch or not|90/100|[from] item: Leftovers
|upkeep
|turn|14
|
|t:|1769433302
|move|p2a: to s.punch or not|Sucker Punch||[still]
|-fail|p2a: to s.punch or not
|move|p1a: Stall|Roost|p1a: Stall
|-heal|p1a: Stall|51/100
|-singleturn|p1a: Stall|move: Roost
|
|-heal|p2a: to s.punch or not|96/100|[from] item: Leftovers
|upkeep
|turn|15
|
|t:|1769433308
|move|p2a: to s.punch or not|Kowtow Cleave|p1a: Stall
|-damage|p1a: Stall|0 fnt
|-damage|p2a: to s.punch or not|79/100|[from] item: Rocky Helmet|[of] p1a: Stall
|faint|p1a: Stall
|
|-heal|p2a: to s.punch or not|85/100|[from] item: Leftovers
|upkeep
|
|t:|1769433313
|switch|p1a: Mandibuzz|Mandibuzz, F|57/100
|turn|16
|
|t:|1769433319
|move|p2a: to s.punch or not|Sucker Punch||[still]
|-fail|p2a: to s.punch or not
|move|p1a: Mandibuzz|Toxic|p2a: to s.punch or not
|-status|p2a: to s.punch or not|tox
|
|-heal|p2a: to s.punch or not|91/100 tox|[from] item: Leftovers
|-damage|p2a: to s.punch or not|85/100 tox|[from] psn
|upkeep
|turn|17
|
|t:|1769433326
|move|p1a: Mandibuzz|Roost|p1a: Mandibuzz
|-heal|p1a: Mandibuzz|100/100
|-singleturn|p1a: Mandibuzz|move: Roost
|move|p2a: to s.punch or not|Iron Head|p1a: Mandibuzz
|-damage|p1a: Mandibuzz|11/100
|
|-heal|p2a: to s.punch or not|91/100 tox|[from] item: Leftovers
|-damage|p2a: to s.punch or not|79/100 tox|[from] psn
|upkeep
|turn|18
|
|t:|1769433330
|move|p1a: Mandibuzz|Toxic|p2a: to s.punch or not
|-fail|p2a: to s.punch or not|tox
|move|p2a: to s.punch or not|Iron Head|p1a: Mandibuzz
|-damage|p1a: Mandibuzz|0 fnt
|faint|p1a: Mandibuzz
|
|-heal|p2a: to s.punch or not|85/100 tox|[from] item: Leftovers
|-damage|p2a: to s.punch or not|67/100 tox|[from] psn
|upkeep
|
|t:|1769433336
|switch|p1a: Sandy Shocks|Sandy Shocks, shiny|100/100
|turn|19
|
|t:|1769433339
|-end|p1a: Sandy Shocks|Protosynthesis|[silent]
|switch|p1a: Wall-U|Umbreon, F|100/100
|move|p2a: to s.punch or not|Iron Head|p1a: Wall-U
|-damage|p1a: Wall-U|0 fnt
|faint|p1a: Wall-U
|
|-heal|p2a: to s.punch or not|73/100 tox|[from] item: Leftovers
|-damage|p2a: to s.punch or not|49/100 tox|[from] psn
|upkeep
|
|t:|1769433346
|switch|p1a: Hey|Meowscarada, M|100/100
|turn|20
|
|t:|1769433350
|move|p2a: to s.punch or not|Sucker Punch|p1a: Hey
|-resisted|p1a: Hey
|-damage|p1a: Hey|0 fnt
|faint|p1a: Hey
|
|-heal|p2a: to s.punch or not|55/100 tox|[from] item: Leftovers
|-damage|p2a: to s.punch or not|25/100 tox|[from] psn
|upkeep
|
|t:|1769433353
|switch|p1a: Sandy Shocks|Sandy Shocks, shiny|100/100
|turn|21
|
|t:|1769433357
|move|p2a: to s.punch or not|Sucker Punch|p1a: Sandy Shocks
|-damage|p1a: Sandy Shocks|0 fnt
|faint|p1a: Sandy Shocks
|-end|p1a: Sandy Shocks|Protosynthesis|[silent]
|
|win|mr satalit
|raw|Avery29's rating: 1356 &rarr; <strong>1339</strong><br />(-17 for losing)
|raw|mr satalit's rating: 1412 &rarr; <strong>1429</strong><br />(+17 for winning)
|l|☆Avery29
|player|p1|
