|j|☆boomynote
|j|☆DeeDzss
|t:|1769319000
|gametype|singles
|player|p1|boomynote|1|1203
|player|p2|DeeDzss|lucas|1220
|gen|9
|tier|[Gen 9] OU
|rated|
|rule|HP Percentage Mod: HP is shown in percentages
|rule|Endless Battle Clause: Forcing endless battles is banned
|rule|Species Clause: Limit one of each Pokémon
|rule|OHKO Clause: OHKO moves are banned
|rule|Evasion Items Clause: Evasion items are banned
|rule|Evasion Moves Clause: Evasion moves are banned
|rule|Evasion Abilities Clause: Evasion abilities are banned
|rule|Sleep Moves Clause: Sleep-inducing moves are banned
|clearpoke
|poke|p1|Serperior, F|
|poke|p1|Skarmory, F|
|poke|p1|Ditto|
|poke|p1|Ribombee, M|
|poke|p1|Azumarill, F|
|poke|p1|Pelipper, M|
|poke|p2|Hoopa-Unbound|
|poke|p2|Landorus-Therian, M|
|poke|p2|Weavile, F|
|poke|p2|Tyranitar, M|
|poke|p2|Excadrill, F|
|poke|p2|Okidogi, M|
|teampreview
|inactive|Battle timer is ON: inactive players will automatically lose when time's up. (requested by DeeDzss)
|
|t:|1769319025
|teamsize|p1|6
|teamsize|p2|6
|start
|switch|p1a: Skarmory|Skarmory, F|100/100
|switch|p2a: Weavile|Weavile, F|100/100
|-ability|p2a: Weavile|Pressure
|turn|1
|
|t:|1769319039
|move|p2a: Weavile|Swords Dance|p2a: Weavile
|-boost|p2a: Weavile|atk|2
|move|p1a: Skarmory|Stealth Rock|p2a: Weavile
|-sidestart|p2: DeeDzss|move: Stealth Rock
|
|upkeep
|turn|2
|
|t:|1769319044
|move|p2a: Weavile|Swords Dance|p2a: Weavile
|-boost|p2a: Weavile|atk|2
|move|p1a: Skarmory|Whirlwind|p2a: Weavile
|drag|p2a: Tyranitar|Tyranitar, M|100/100
|-damage|p2a: Tyranitar|88/100|[from] Stealth Rock
|-weather|Sandstorm|[from] ability: Sand Stream|[of] p2a: Tyranitar
|
|-weather|Sandstorm|[upkeep]
|upkeep
|turn|3
|
|t:|1769319053
|switch|p2a: Okidogi|Okidogi, M|100/100
|-damage|p2a: Okidogi|94/100|[from] Stealth Rock
|move|p1a: Skarmory|Spikes|p2a: Okidogi
|-sidestart|p2: DeeDzss|Spikes
|
|-weather|Sandstorm|[upkeep]
|-damage|p2a: Okidogi|88/100|[from] Sandstorm
|-heal|p2a: Okidogi|94/100|[from] item: Leftovers
|upkeep
|turn|4
|
|t:|1769319061
|move|p2a: Okidogi|Bulk Up|p2a: Okidogi
|-boost|p2a: Okidogi|atk|1
|-boost|p2a: Okidogi|def|1
|move|p1a: Skarmory|Whirlwind|p2a: Okidogi
|-activate|p2a: Okidogi|ability: Guard Dog
|
|-weather|Sandstorm|[upkeep]
|-damage|p2a: Okidogi|88/100|[from] Sandstorm
|-heal|p2a: Okidogi|94/100|[from] item: Leftovers
|upkeep
|turn|5
|c|☆boomynote|oh
|
|t:|1769319071
|move|p2a: Okidogi|Bulk Up|p2a: Okidogi
|-boost|p2a: Okidogi|atk|1
|-boost|p2a: Okidogi|def|1
|move|p1a: Skarmory|Spikes|p2a: Okidogi
|-sidestart|p2: DeeDzss|Spikes
|
|-weather|Sandstorm|[upkeep]
|-damage|p2a: Okidogi|88/100|[from] Sandstorm
|-heal|p2a: Okidogi|94/100|[from] item: Leftovers
|upkeep
|turn|6
|
|t:|1769319082
|move|p2a: Okidogi|Bulk Up|p2a: Okidogi
|-boost|p2a: Okidogi|atk|1
|-boost|p2a: Okidogi|def|1
|move|p1a: Skarmory|Spikes|p2a: Okidogi
|-sidestart|p2: DeeDzss|Spikes
|
|-weather|Sandstorm|[upkeep]
|-damage|p2a: Okidogi|88/100|[from] Sandstorm
|-heal|p2a: Okidogi|94/100|[from] item: Leftovers
|upkeep
|turn|7
|
|t:|1769319101
|switch|p1a: Ribombee|Ribombee, M|100/100
|move|p2a: Okidogi|Drain Punch|p1a: Ribombee
|-resisted|p1a: Ribombee
|-damage|p1a: Ribombee|67/100
|-heal|p2a: Okidogi|100/100|[from] drain|[of] p1a: Ribombee
|
|-weather|Sandstorm|[upkeep]
|-damage|p1a: Ribombee|61/100|[from] Sandstorm
|-damage|p2a: Okidogi|94/100|[from] Sandstorm
|-heal|p2a: Okidogi|100/100|[from] item: Leftovers
|upkeep
|turn|8
|
|t:|1769319113
|move|p1a: Ribombee|Reflect|p1a: Ribombee
|-sidestart|p1: boomynote|Reflect
|move|p2a: Okidogi|Poison Jab|p1a: Ribombee
|-supereffective|p1a: Ribombee
|-damage|p1a: Ribombee|0 fnt
|faint|p1a: Ribombee
|
|-weather|Sandstorm|[upkeep]
|-damage|p2a: Okidogi|94/100|[from] Sandstorm
|-heal|p2a: Okidogi|100/100|[from] item: Leftovers
|upkeep
|
|t:|1769319120
|switch|p1a: Ditto|Ditto|100/100
|-transform|p1a: Ditto|p2a: Okidogi|[from] ability: Imposter
|turn|9
|
|t:|1769319148
|move|p2a: Okidogi|Poison Jab|p1a: Ditto
|-resisted|p1a: Ditto
|-damage|p1a: Ditto|92/100
|move|p1a: Ditto|Bulk Up|p1a: Ditto
|-boost|p1a: Ditto|atk|1
|-boost|p1a: Ditto|def|1
|
|-weather|none
|upkeep
|turn|10
|
|t:|1769319155
|move|p2a: Okidogi|Poison Jab|p1a: Ditto
|-resisted|p1a: Ditto
|-damage|p1a: Ditto|85/100
|move|p1a: Ditto|Bulk Up|p1a: Ditto
|-boost|p1a: Ditto|atk|1
|-boost|p1a: Ditto|def|1
|
|upkeep
|turn|11
|
|t:|1769319161
|move|p1a: Ditto|Bulk Up|p1a: Ditto
|-boost|p1a: Ditto|atk|1
|-boost|p1a: Ditto|def|1
|move|p2a: Okidogi|Bulk Up|p2a: Okidogi
|-boost|p2a: Okidogi|atk|1
|-boost|p2a: Okidogi|def|1
|
|upkeep
|turn|12
|
|t:|1769319167
|move|p2a: Okidogi|Bulk Up|p2a: Okidogi
|-boost|p2a: Okidogi|atk|1
|-boost|p2a: Okidogi|def|1
|move|p1a: Ditto|Ice Punch|p2a: Okidogi
|-damage|p2a: Okidogi|82/100
|
|-heal|p2a: Okidogi|88/100|[from] item: Leftovers
|upkeep
|turn|13
|
|t:|1769319180
|move|p2a: Okidogi|Bulk Up|p2a: Okidogi
|-boost|p2a: Okidogi|atk|1
|-boost|p2a: Okidogi|def|1
|move|p1a: Ditto|Ice Punch|p2a: Okidogi
|-damage|p2a: Okidogi|72/100
|
|-heal|p2a: Okidogi|78/100|[from] item: Leftovers
|upkeep
|turn|14
|
|t:|1769319187
|move|p1a: Ditto|Ice Punch|p2a: Okidogi
|-damage|p2a: Okidogi|62/100
|move|p2a: Okidogi|Poison Jab|p1a: Ditto
|-resisted|p1a: Ditto
|-damage|p1a: Ditto|77/100
|
|-heal|p2a: Okidogi|68/100|[from] item: Leftovers
|upkeep
|turn|15
|
|t:|1769319194
|move|p1a: Ditto|Drain Punch|p2a: Okidogi
|-resisted|p2a: Okidogi
|-damage|p2a: Okidogi|57/100
|-heal|p1a: Ditto|85/100|[from] drain|[of] p2a: Okidogi
|move|p2a: Okidogi|Drain Punch|p1a: Ditto
|-resisted|p1a: Ditto
|-crit|p1a: Ditto
|-damage|p1a: Ditto|0 fnt
|-heal|p2a: Okidogi|90/100|[from] drain|[of] p1a: Ditto
|faint|p1a: Ditto
|
|-heal|p2a: Okidogi|96/100|[from] item: Leftovers
|-sideend|p1: boomynote|Reflect
|upkeep
|c|☆boomynote|ok
|c|☆DeeDzss|bye
|
|t:|1769319212
|switch|p1a: Serperior|Serperior, F|100/100
|turn|16
|
|t:|1769319215
|move|p1a: Serperior|Glare|p2a: Okidogi
|-status|p2a: Okidogi|par
|cant|p2a: Okidogi|par
|
|-heal|p2a: Okidogi|100/100 par|[from] item: Leftovers
|upkeep
|turn|17
|
|t:|1769319225
|move|p2a: Okidogi|Ice Punch|p1a: Serperior
|-supereffective|p1a: Serperior
|-damage|p1a: Serperior|0 fnt
|faint|p1a: Serperior
|
|upkeep
|
|t:|1769319228
|switch|p1a: Pelipper|Pelipper, M|100/100
|-weather|RainDance|[from] ability: Drizzle|[of] p1a: Pelipper
|turn|18
|
|t:|1769319235
|move|p1a: Pelipper|Weather Ball|p2a: Okidogi
|-damage|p2a: Okidogi|10/100 par
|move|p2a: Okidogi|Ice Punch|p1a: Pelipper
|-damage|p1a: Pelipper|0 fnt
|faint|p1a: Pelipper
|
|-weather|RainDance|[upkeep]
|-heal|p2a: Okidogi|16/100 par|[from] item: Leftovers
|upkeep
|
|t:|1769319239
|switch|p1a: Azumarill|Azumarill, F|100/100
|turn|19
|
|t:|1769319247
|-terastallize|p2a: Okidogi|Water
|move|p1a: Azumarill|Aqua Jet|p2a: Okidogi
|-resisted|p2a: Okidogi
|-damage|p2a: Okidogi|12/100 par
|cant|p2a: Okidogi|par
|
|-weather|RainDance|[upkeep]
|-heal|p2a: Okidogi|18/100 par|[from] item: Leftovers
|upkeep
|turn|20
|
|t:|1769319257
|move|p1a: Azumarill|Belly Drum|p1a: Azumarill
|-damage|p1a: Azumarill|50/100
|-setboost|p1a: Azumarill|atk|6|[from] move: Belly Drum
|move|p2a: Okidogi|Drain Punch|p1a: Azumarill
|-resisted|p1a: Azumarill
|-damage|p1a: Azumarill|0 fnt
|-heal|p2a: Okidogi|45/100 par|[from] drain|[of] p1a: Azumarill
|faint|p1a: Azumarill
|
|-weather|RainDance|[upkeep]
|-heal|p2a: Okidogi|51/100 par|[from] item: Leftovers
|upkeep
|
|t:|1769319260
|switch|p1a: Skarmory|Skarmory, F|100/100
|turn|21
|-message|boomynote forfeited.
|
|win|DeeDzss
|raw|boomynote's rating: 1203 &rarr; <strong>1179</strong><br />(-24 for losing)
|raw|DeeDzss's rating: 1220 &rarr; <strong>1244</strong><br />(+24 for winning)
|l|☆boomynote
|player|p1|
|l|☆DeeDzss
|player|p2|
