|j|☆bvbg
|j|☆skql
|t:|1769418748
|gametype|singles
|player|p1|bvbg|1|1532
|player|p2|skql|caitlin|1550
|gen|9
|tier|[Gen 9] OU
|rated|
|rule|HP Percentage Mod: HP is shown in percentages
|rule|Endless Battle Clause: Forcing endless battles is banned
|rule|Species Clause: Limit one of each Pokémon
|rule|OHKO Clause: OHKO moves are banned
|rule|Evasion Items Clause: Evasion items are banned
|rule|Evasion Moves Clause: Evasion moves are banned
|rule|Evasion Abilities Clause: Evasion abilities are banned
|rule|Sleep Moves Clause: Sleep-inducing moves are banned
|clearpoke
|poke|p1|Landorus-Therian, M|
|poke|p1|Enamorus, F|
|poke|p1|Ogerpon-Wellspring, F|
|poke|p1|Scizor, M|
|poke|p1|Okidogi, M|
|poke|p1|Armarouge, M|
|poke|p2|Kyurem|
|poke|p2|Ting-Lu|
|poke|p2|Corviknight, M|
|poke|p2|Weezing-Galar, M|
|poke|p2|Zamazenta-*|
|poke|p2|Toxapex, M|
|teampreview
|inactive|Battle timer is ON: inactive players will automatically lose when time's up. (requested by skql)
|inactive|bvbg also wants the timer to be on.
|
|t:|1769418753
|teamsize|p1|6
|teamsize|p2|6
|start
|switch|p1a: Scizor|Scizor, M|100/100
|switch|p2a: Toxapex|Toxapex, M|100/100
|turn|1
|
|t:|1769418757
|switch|p2a: Corviknight|Corviknight, M|100/100
|-ability|p2a: Corviknight|Pressure
|move|p1a: Scizor|Knock Off|p2a: Corviknight
|-crit|p2a: Corviknight
|-damage|p2a: Corviknight|64/100
|-damage|p1a: Scizor|84/100|[from] item: Rocky Helmet|[of] p2a: Corviknight
|-enditem|p2a: Corviknight|Rocky Helmet|[from] move: Knock Off|[of] p1a: Scizor
|
|upkeep
|turn|2
|
|t:|1769418760
|move|p1a: Scizor|U-turn|p2a: Corviknight
|-resisted|p2a: Corviknight
|-damage|p2a: Corviknight|58/100
|
|t:|1769418766
|switch|p1a: Landorus|Landorus-Therian, M|100/100|[from] U-turn
|-ability|p1a: Landorus|Intimidate|boost
|-unboost|p2a: Corviknight|atk|1
|move|p2a: Corviknight|U-turn|p1a: Landorus
|-resisted|p1a: Landorus
|-damage|p1a: Landorus|95/100
|-damage|p2a: Corviknight|42/100|[from] item: Rocky Helmet|[of] p1a: Landorus
|
|t:|1769418776
|switch|p2a: Kyurem|Kyurem|100/100|[from] U-turn
|-ability|p2a: Kyurem|Pressure
|
|upkeep
|turn|3
|
|t:|1769418778
|switch|p1a: Scizor|Scizor, M|84/100
|move|p2a: Kyurem|Substitute|p2a: Kyurem
|-start|p2a: Kyurem|Substitute
|-damage|p2a: Kyurem|76/100
|
|-heal|p2a: Kyurem|82/100|[from] item: Leftovers
|upkeep
|turn|4
|
|t:|1769418781
|move|p2a: Kyurem|Earth Power|p1a: Scizor
|-damage|p1a: Scizor|45/100
|-enditem|p1a: Scizor|Sitrus Berry|[eat]
|-heal|p1a: Scizor|70/100|[from] item: Sitrus Berry
|move|p1a: Scizor|Knock Off|p2a: Kyurem
|-end|p2a: Kyurem|Substitute
|
|-heal|p2a: Kyurem|88/100|[from] item: Leftovers
|upkeep
|turn|5
|
|t:|1769418787
|move|p2a: Kyurem|Protect|p2a: Kyurem
|-singleturn|p2a: Kyurem|Protect
|move|p1a: Scizor|U-turn|p2a: Kyurem
|-activate|p2a: Kyurem|move: Protect
|
|-heal|p2a: Kyurem|94/100|[from] item: Leftovers
|upkeep
|turn|6
|
|t:|1769418811
|switch|p2a: Corviknight|Corviknight, M|42/100
|-ability|p2a: Corviknight|Pressure
|move|p1a: Scizor|U-turn|p2a: Corviknight
|-resisted|p2a: Corviknight
|-damage|p2a: Corviknight|36/100
|
|t:|1769418828
|switch|p1a: Armarouge|Armarouge, M|100/100|[from] U-turn
|
|upkeep
|turn|7
|j| Tbccc15
|
|t:|1769418849
|switch|p2a: Toxapex|Toxapex, M|100/100
|move|p1a: Armarouge|Armor Cannon|p2a: Toxapex
|-resisted|p2a: Toxapex
|-damage|p2a: Toxapex|84/100
|-unboost|p1a: Armarouge|def|1
|-unboost|p1a: Armarouge|spd|1
|
|upkeep
|turn|8
|
|t:|1769418859
|switch|p1a: Landorus|Landorus-Therian, M|95/100
|-ability|p1a: Landorus|Intimidate|boost
|-unboost|p2a: Toxapex|atk|1
|move|p2a: Toxapex|Sludge Bomb|p1a: Landorus
|-resisted|p1a: Landorus
|-damage|p1a: Landorus|76/100
|-status|p1a: Landorus|psn
|
|-damage|p1a: Landorus|64/100 psn|[from] psn
|upkeep
|turn|9
|
|t:|1769418865
|switch|p2a: Ting-Lu|Ting-Lu|100/100
|-ability|p2a: Ting-Lu|Vessel of Ruin
|move|p1a: Landorus|Stealth Rock|p2a: Ting-Lu
|-sidestart|p2: skql|move: Stealth Rock
|
|-damage|p1a: Landorus|52/100 psn|[from] psn
|upkeep
|turn|10
|
|t:|1769418870
|move|p1a: Landorus|U-turn|p2a: Ting-Lu
|-supereffective|p2a: Ting-Lu
|-damage|p2a: Ting-Lu|72/100
|
|t:|1769418872
|switch|p1a: Scizor|Scizor, M|70/100|[from] U-turn
|move|p2a: Ting-Lu|Stealth Rock|p1a: Scizor
|-sidestart|p1: bvbg|move: Stealth Rock
|
|-heal|p2a: Ting-Lu|78/100|[from] item: Leftovers
|upkeep
|turn|11
|l| Tbccc15
|
|t:|1769418897
|switch|p2a: Corviknight|Corviknight, M|36/100
|-damage|p2a: Corviknight|24/100|[from] Stealth Rock
|-ability|p2a: Corviknight|Pressure
|move|p1a: Scizor|U-turn|p2a: Corviknight
|-resisted|p2a: Corviknight
|-damage|p2a: Corviknight|18/100
|
|t:|1769418903
|switch|p1a: Ogerpon|Ogerpon-Wellspring, F|100/100|[from] U-turn
|-damage|p1a: Ogerpon|88/100|[from] Stealth Rock
|
|upkeep
|turn|12
|
|t:|1769418925
|move|p1a: Ogerpon|Swords Dance|p1a: Ogerpon
|-boost|p1a: Ogerpon|atk|2
|move|p2a: Corviknight|Brave Bird|p1a: Ogerpon
|-supereffective|p1a: Ogerpon
|-damage|p1a: Ogerpon|0 fnt
|faint|p1a: Ogerpon
|-damage|p2a: Corviknight|0 fnt|[from] Recoil
|faint|p2a: Corviknight
|
|upkeep
|
|t:|1769418932
|switch|p1a: Scizor|Scizor, M|70/100
|switch|p2a: Toxapex|Toxapex, M|100/100
|-damage|p1a: Scizor|58/100|[from] Stealth Rock
|-damage|p2a: Toxapex|88/100|[from] Stealth Rock
|turn|13
|
|t:|1769418936
|move|p1a: Scizor|Knock Off|p2a: Toxapex
|-damage|p2a: Toxapex|57/100
|-enditem|p2a: Toxapex|Assault Vest|[from] move: Knock Off|[of] p1a: Scizor
|move|p2a: Toxapex|Surf|p1a: Scizor
|-damage|p1a: Scizor|20/100
|
|upkeep
|turn|14
|
|t:|1769418944
|move|p1a: Scizor|Defog|p2a: Toxapex
|-unboost|p2a: Toxapex|evasion|1
|-sideend|p2: skql|Stealth Rock|[from] move: Defog|[of] p1a: Scizor
|-sideend|p1: bvbg|Stealth Rock|[from] move: Defog|[of] p1a: Scizor
|move|p2a: Toxapex|Surf|p1a: Scizor
|-damage|p1a: Scizor|0 fnt
|faint|p1a: Scizor
|
|upkeep
|
|t:|1769418949
|switch|p1a: Landorus|Landorus-Therian, M|52/100 psn
|-ability|p1a: Landorus|Intimidate|boost
|-unboost|p2a: Toxapex|atk|1
|turn|15
|
|t:|1769418958
|move|p1a: Landorus|Earthquake|p2a: Toxapex
|-supereffective|p2a: Toxapex
|-damage|p2a: Toxapex|0 fnt
|faint|p2a: Toxapex
|
|-damage|p1a: Landorus|40/100 psn|[from] psn
|upkeep
|
|t:|1769418960
|switch|p2a: Kyurem|Kyurem|94/100
|-ability|p2a: Kyurem|Pressure
|turn|16
|
|t:|1769418968
|move|p2a: Kyurem|Freeze-Dry|p1a: Landorus
|-supereffective|p1a: Landorus
|-damage|p1a: Landorus|0 fnt
|faint|p1a: Landorus
|
|-heal|p2a: Kyurem|99/100|[from] item: Leftovers
|upkeep
|
|t:|1769418975
|switch|p1a: Okidogi|Okidogi, M|100/100
|turn|17
|
|t:|1769418989
|move|p2a: Kyurem|Earth Power|p1a: Okidogi
|-supereffective|p1a: Okidogi
|-damage|p1a: Okidogi|55/100
|move|p1a: Okidogi|Drain Punch|p2a: Kyurem
|-supereffective|p2a: Kyurem
|-damage|p2a: Kyurem|18/100
|-heal|p1a: Okidogi|99/100|[from] drain|[of] p2a: Kyurem
|
|-heal|p2a: Kyurem|24/100|[from] item: Leftovers
|upkeep
|turn|18
|
|t:|1769418997
|move|p2a: Kyurem|Earth Power|p1a: Okidogi
|-supereffective|p1a: Okidogi
|-damage|p1a: Okidogi|60/100
|move|p1a: Okidogi|Drain Punch|p2a: Kyurem
|-supereffective|p2a: Kyurem
|-damage|p2a: Kyurem|0 fnt
|-heal|p1a: Okidogi|73/100|[from] drain|[of] p2a: Kyurem
|faint|p2a: Kyurem
|
|upkeep
|
|t:|1769419005
|switch|p2a: Ting-Lu|Ting-Lu|78/100
|-ability|p2a: Ting-Lu|Vessel of Ruin
|turn|19
|
|t:|1769419011
|-terastallize|p2a: Ting-Lu|Fairy
|move|p1a: Okidogi|Drain Punch|p2a: Ting-Lu
|-resisted|p2a: Ting-Lu
|-damage|p2a: Ting-Lu|66/100
|-heal|p1a: Okidogi|81/100|[from] drain|[of] p2a: Ting-Lu
|move|p2a: Ting-Lu|Earthquake|p1a: Okidogi
|-supereffective|p1a: Okidogi
|-damage|p1a: Okidogi|22/100
|
|-heal|p2a: Ting-Lu|72/100|[from] item: Leftovers
|upkeep
|turn|20
|
|t:|1769419022
|switch|p2a: Zamazenta|Zamazenta|100/100
|-ability|p2a: Zamazenta|Dauntless Shield|boost
|-boost|p2a: Zamazenta|def|1
|move|p1a: Okidogi|Gunk Shot|p2a: Zamazenta|[miss]
|-miss|p1a: Okidogi|p2a: Zamazenta
|
|upkeep
|turn|21
|
|t:|1769419030
|switch|p1a: Armarouge|Armarouge, M|100/100
|move|p2a: Zamazenta|Close Combat|p1a: Armarouge
|-resisted|p1a: Armarouge
|-damage|p1a: Armarouge|51/100
|-unboost|p2a: Zamazenta|def|1
|-unboost|p2a: Zamazenta|spd|1
|-ability|p1a: Armarouge|Weak Armor|boost
|-unboost|p1a: Armarouge|def|1
|-boost|p1a: Armarouge|spe|2
|
|upkeep
|turn|22
|
|t:|1769419043
|switch|p2a: Ting-Lu|Ting-Lu, tera:Fairy|72/100
|-ability|p2a: Ting-Lu|Vessel of Ruin
|move|p1a: Armarouge|Endure||[still]
|-fail|p1a: Armarouge
|
|-heal|p2a: Ting-Lu|79/100|[from] item: Leftovers
|upkeep
|turn|23
|
|t:|1769419054
|move|p1a: Armarouge|Endure|p1a: Armarouge
|-singleturn|p1a: Armarouge|move: Endure
|move|p2a: Ting-Lu|Stealth Rock|p1a: Armarouge
|-sidestart|p1: bvbg|move: Stealth Rock
|
|-heal|p2a: Ting-Lu|85/100|[from] item: Leftovers
|upkeep
|turn|24
|
|t:|1769419058
|switch|p1a: Enamorus|Enamorus, F|100/100
|-damage|p1a: Enamorus|76/100|[from] Stealth Rock
|move|p2a: Ting-Lu|Earthquake|p1a: Enamorus
|-immune|p1a: Enamorus
|
|-heal|p2a: Ting-Lu|91/100|[from] item: Leftovers
|upkeep
|turn|25
|
|t:|1769419064
|-terastallize|p1a: Enamorus|Stellar
|move|p1a: Enamorus|Tera Blast|p2a: Ting-Lu|[anim] Tera Blast Stellar
|-supereffective|p2a: Ting-Lu
|-damage|p2a: Ting-Lu|52/100
|-boost|p1a: Enamorus|atk|1
|-boost|p1a: Enamorus|spa|1
|move|p2a: Ting-Lu|Ruination|p1a: Enamorus
|-damage|p1a: Enamorus|38/100
|
|-heal|p2a: Ting-Lu|58/100|[from] item: Leftovers
|upkeep
|turn|26
|
|t:|1769419075
|switch|p2a: Weezing|Weezing-Galar, M|100/100
|-ability|p2a: Weezing|Neutralizing Gas
|move|p1a: Enamorus|Tera Blast|p2a: Weezing|[anim] Tera Blast Stellar
|-damage|p2a: Weezing|22/100
|-unboost|p1a: Enamorus|atk|1
|-unboost|p1a: Enamorus|spa|1
|
|upkeep
|turn|27
|
|t:|1769419079
|move|p1a: Enamorus|Tera Blast|p2a: Weezing|[anim] Tera Blast Stellar
|-damage|p2a: Weezing|0 fnt
|-unboost|p1a: Enamorus|atk|1
|-unboost|p1a: Enamorus|spa|1
|faint|p2a: Weezing
|-end|p2a: Weezing|ability: Neutralizing Gas
|
|upkeep
|
|t:|1769419080
|switch|p2a: Zamazenta|Zamazenta|100/100
|turn|28
|
|t:|1769419091
|switch|p1a: Armarouge|Armarouge, M|51/100
|-damage|p1a: Armarouge|27/100|[from] Stealth Rock
|move|p2a: Zamazenta|Close Combat|p1a: Armarouge
|-resisted|p1a: Armarouge
|-damage|p1a: Armarouge|0 fnt
|-unboost|p2a: Zamazenta|def|1
|-unboost|p2a: Zamazenta|spd|1
|faint|p1a: Armarouge
|
|upkeep
|
|t:|1769419097
|switch|p1a: Enamorus|Enamorus, F, tera:Stellar|38/100
|-damage|p1a: Enamorus|13/100|[from] Stealth Rock
|turn|29
|
|t:|1769419107
|move|p1a: Enamorus|Moonblast|p2a: Zamazenta
|-supereffective|p2a: Zamazenta
|-damage|p2a: Zamazenta|0 fnt
|faint|p2a: Zamazenta
|
|upkeep
|
|t:|1769419109
|switch|p2a: Ting-Lu|Ting-Lu, tera:Fairy|58/100
|-ability|p2a: Ting-Lu|Vessel of Ruin
|turn|30
|
|t:|1769419111
|move|p1a: Enamorus|Moonblast|p2a: Ting-Lu
|-damage|p2a: Ting-Lu|35/100
|-unboost|p2a: Ting-Lu|spa|1
|move|p2a: Ting-Lu|Earthquake|p1a: Enamorus
|-immune|p1a: Enamorus
|
|-heal|p2a: Ting-Lu|41/100|[from] item: Leftovers
|upkeep
|turn|31
|
|t:|1769419114
|move|p1a: Enamorus|Moonblast|p2a: Ting-Lu
|-damage|p2a: Ting-Lu|17/100
|move|p2a: Ting-Lu|Rest|p2a: Ting-Lu
|-status|p2a: Ting-Lu|slp|[from] move: Rest
|-heal|p2a: Ting-Lu|100/100 slp|[silent]
|
|upkeep
|turn|32
|
|t:|1769419122
|move|p1a: Enamorus|Moonblast|p2a: Ting-Lu
|-damage|p2a: Ting-Lu|76/100 slp
|-unboost|p2a: Ting-Lu|spa|1
|cant|p2a: Ting-Lu|slp
|
|-heal|p2a: Ting-Lu|82/100 slp|[from] item: Leftovers
|upkeep
|turn|33
|-message|skql forfeited.
|
|win|bvbg
|raw|bvbg's rating: 1532 &rarr; <strong>1554</strong><br />(+22 for winning)
|raw|skql's rating: 1571 &rarr; <strong>1549</strong><br />(-22 for losing)
|l|☆skql
|player|p2|
|l|☆bvbg
|player|p1|
