|j|☆suprya
|j|☆lolproplayer
|t:|1769370807
|gametype|singles
|player|p1|suprya|wattson|1608
|player|p2|lolproplayer|102|1641
|gen|9
|tier|[Gen 9] OU
|rated|
|rule|HP Percentage Mod: HP is shown in percentages
|rule|Endless Battle Clause: Forcing endless battles is banned
|rule|Species Clause: Limit one of each Pokémon
|rule|OHKO Clause: OHKO moves are banned
|rule|Evasion Items Clause: Evasion items are banned
|rule|Evasion Moves Clause: Evasion moves are banned
|rule|Evasion Abilities Clause: Evasion abilities are banned
|rule|Sleep Moves Clause: Sleep-inducing moves are banned
|clearpoke
|poke|p1|Sandaconda, F|
|poke|p1|Excadrill, F|
|poke|p1|Heatran, F|
|poke|p1|Enamorus-Therian, F|
|poke|p1|Raging Bolt|
|poke|p1|Meowscarada, F|
|poke|p2|Ogerpon-Wellspring, F|
|poke|p2|Deoxys-Speed|
|poke|p2|Glimmora, M|
|poke|p2|Ceruledge, F|
|poke|p2|Darkrai|
|poke|p2|Zamazenta-*|
|teampreview
|inactive|Battle timer is ON: inactive players will automatically lose when time's up. (requested by lolproplayer)
|inactive|suprya also wants the timer to be on.
|
|t:|1769370821
|teamsize|p1|6
|teamsize|p2|6
|start
|switch|p1a: Heatran|Heatran, F|100/100
|switch|p2a: Zamazenta|Zamazenta|100/100
|-ability|p2a: Zamazenta|Dauntless Shield|boost
|-boost|p2a: Zamazenta|def|1
|turn|1
|
|t:|1769370829
|move|p2a: Zamazenta|Light Screen|p2a: Zamazenta
|-sidestart|p2: lolproplayer|move: Light Screen
|move|p1a: Heatran|Will-O-Wisp|p2a: Zamazenta
|-status|p2a: Zamazenta|brn
|
|-damage|p2a: Zamazenta|94/100 brn|[from] brn
|upkeep
|turn|2
|
|t:|1769370832
|move|p2a: Zamazenta|Reflect|p2a: Zamazenta
|-sidestart|p2: lolproplayer|Reflect
|move|p1a: Heatran|Magma Storm|p2a: Zamazenta
|-damage|p2a: Zamazenta|73/100 brn
|-activate|p2a: Zamazenta|move: Magma Storm|[of] p1a: Heatran
|
|-damage|p2a: Zamazenta|67/100 brn|[from] brn
|-damage|p2a: Zamazenta|55/100 brn|[from] move: Magma Storm|[partiallytrapped]
|upkeep
|turn|3
|
|t:|1769370844
|move|p2a: Zamazenta|Close Combat|p1a: Heatran
|-supereffective|p1a: Heatran
|-damage|p1a: Heatran|48/100
|-unboost|p2a: Zamazenta|def|1
|-unboost|p2a: Zamazenta|spd|1
|move|p1a: Heatran|Earth Power|p2a: Zamazenta
|-damage|p2a: Zamazenta|37/100 brn
|
|-heal|p1a: Heatran|54/100|[from] item: Leftovers
|-damage|p2a: Zamazenta|31/100 brn|[from] brn
|-damage|p2a: Zamazenta|18/100 brn|[from] move: Magma Storm|[partiallytrapped]
|upkeep
|turn|4
|
|t:|1769370856
|switch|p1a: Enamorus|Enamorus-Therian, F|100/100
|move|p2a: Zamazenta|Close Combat|p1a: Enamorus
|-resisted|p1a: Enamorus
|-damage|p1a: Enamorus|95/100
|-unboost|p2a: Zamazenta|def|1
|-unboost|p2a: Zamazenta|spd|1
|
|-damage|p2a: Zamazenta|12/100 brn|[from] brn
|-end|p2a: Zamazenta|Magma Storm|[partiallytrapped]|[silent]
|upkeep
|turn|5
|
|t:|1769370863
|switch|p2a: Glimmora|Glimmora, M|100/100
|move|p1a: Enamorus|Calm Mind|p1a: Enamorus
|-boost|p1a: Enamorus|spa|1
|-boost|p1a: Enamorus|spd|1
|
|upkeep
|turn|6
|inactive|suprya has 120 seconds left.
|
|t:|1769370902
|switch|p1a: Sandaconda|Sandaconda, F|100/100
|move|p2a: Glimmora|Stealth Rock|p1a: Sandaconda
|-sidestart|p1: suprya|move: Stealth Rock
|
|upkeep
|turn|7
|inactive|suprya has 120 seconds left.
|j| SpiderKing3261
|
|t:|1769370912
|move|p2a: Glimmora|Meteor Beam||[still]
|-prepare|p2a: Glimmora|Meteor Beam
|-boost|p2a: Glimmora|spa|1
|-enditem|p2a: Glimmora|Power Herb
|-anim|p2a: Glimmora|Meteor Beam|p1a: Sandaconda
|-resisted|p1a: Sandaconda
|-damage|p1a: Sandaconda|37/100
|-weather|Sandstorm|[from] ability: Sand Spit|[of] p1a: Sandaconda
|move|p1a: Sandaconda|Glare|p2a: Glimmora
|-status|p2a: Glimmora|par
|
|-weather|Sandstorm|[upkeep]
|upkeep
|turn|8
|
|t:|1769370922
|move|p1a: Sandaconda|Stealth Rock|p2a: Glimmora
|-sidestart|p2: lolproplayer|move: Stealth Rock
|move|p2a: Glimmora|Dazzling Gleam|p1a: Sandaconda
|-damage|p1a: Sandaconda|0 fnt
|faint|p1a: Sandaconda
|
|-weather|Sandstorm|[upkeep]
|-sideend|p2: lolproplayer|move: Light Screen
|upkeep
|
|t:|1769370925
|switch|p1a: Excadrill|Excadrill, F|100/100
|-damage|p1a: Excadrill|97/100|[from] Stealth Rock
|turn|9
|l| SpiderKing3261
|
|t:|1769370933
|switch|p2a: Zamazenta|Zamazenta|12/100 brn
|-damage|p2a: Zamazenta|6/100 brn|[from] Stealth Rock
|move|p1a: Excadrill|Earthquake|p2a: Zamazenta
|-damage|p2a: Zamazenta|0 fnt
|faint|p2a: Zamazenta
|
|-weather|Sandstorm|[upkeep]
|-sideend|p2: lolproplayer|Reflect
|upkeep
|
|t:|1769370954
|switch|p2a: Ogerpon|Ogerpon-Wellspring, F|100/100
|-damage|p2a: Ogerpon|88/100|[from] Stealth Rock
|turn|10
|
|t:|1769370980
|-terastallize|p1a: Excadrill|Ice
|move|p1a: Excadrill|Rapid Spin|p2a: Ogerpon
|-damage|p2a: Ogerpon|61/100
|-boost|p1a: Excadrill|spe|1
|-sideend|p1: suprya|Stealth Rock|[from] move: Rapid Spin|[of] p1a: Excadrill
|move|p2a: Ogerpon|Swords Dance|p2a: Ogerpon
|-boost|p2a: Ogerpon|atk|2
|
|-weather|Sandstorm|[upkeep]
|-damage|p2a: Ogerpon|55/100|[from] Sandstorm
|upkeep
|turn|11
|inactive|suprya has 120 seconds left.
|
|t:|1769370997
|move|p1a: Excadrill|Tera Blast|p2a: Ogerpon|[anim] Tera Blast Ice
|-damage|p2a: Ogerpon|0 fnt
|faint|p2a: Ogerpon
|
|-weather|Sandstorm|[upkeep]
|upkeep
|
|t:|1769371004
|switch|p2a: Deoxys|Deoxys-Speed|100/100
|-damage|p2a: Deoxys|88/100|[from] Stealth Rock
|-ability|p2a: Deoxys|Pressure
|turn|12
|
|t:|1769371013
|move|p1a: Excadrill|Iron Head|p2a: Deoxys
|-crit|p2a: Deoxys
|-damage|p2a: Deoxys|0 fnt
|faint|p2a: Deoxys
|
|-weather|Sandstorm|[upkeep]
|upkeep
|c|☆suprya|mb
|-message|lolproplayer forfeited.
|
|win|suprya
|raw|suprya's rating: 1608 &rarr; <strong>1631</strong><br />(+23 for winning)
|raw|lolproplayer's rating: 1658 &rarr; <strong>1635</strong><br />(-23 for losing)
|l|☆lolproplayer
|player|p2|
|l|☆suprya
|player|p1|
