|j|☆patchworrk
|j|☆EDS_Swag
|t:|1769302523
|gametype|singles
|player|p1|patchworrk|rosa|1270
|player|p2|EDS_Swag|marlon|1284
|gen|9
|tier|[Gen 9] OU
|rated|
|rule|HP Percentage Mod: HP is shown in percentages
|rule|Endless Battle Clause: Forcing endless battles is banned
|rule|Species Clause: Limit one of each Pokémon
|rule|OHKO Clause: OHKO moves are banned
|rule|Evasion Items Clause: Evasion items are banned
|rule|Evasion Moves Clause: Evasion moves are banned
|rule|Evasion Abilities Clause: Evasion abilities are banned
|rule|Sleep Moves Clause: Sleep-inducing moves are banned
|clearpoke
|poke|p1|Primarina, M|
|poke|p1|Enamorus, F|
|poke|p1|Iron Moth|
|poke|p1|Iron Treads|
|poke|p1|Dragapult, M|
|poke|p1|Iron Jugulis|
|poke|p2|Cinccino, M|
|poke|p2|Ogerpon-Wellspring, F|
|poke|p2|Weezing-Galar, M|
|poke|p2|Darkrai|
|poke|p2|Tornadus-Therian, M|
|poke|p2|Great Tusk|
|teampreview
|
|t:|1769302530
|teamsize|p1|6
|teamsize|p2|6
|start
|switch|p1a: golden wind|Dragapult, M, shiny|100/100
|switch|p2a: Darkrai|Darkrai|100/100
|turn|1
|
|t:|1769302537
|move|p1a: golden wind|U-turn|p2a: Darkrai
|-supereffective|p2a: Darkrai
|-damage|p2a: Darkrai|12/100
|
|t:|1769302544
|switch|p1a: twink|Enamorus, F|100/100|[from] U-turn
|move|p2a: Darkrai|Dark Pulse|p1a: twink
|-resisted|p1a: twink
|-damage|p1a: twink|55/100
|
|upkeep
|turn|2
|
|t:|1769302556
|switch|p2a: Weezing|Weezing-Galar, M|100/100
|-ability|p2a: Weezing|Neutralizing Gas
|move|p1a: twink|Moonblast|p2a: Weezing
|-resisted|p2a: Weezing
|-damage|p2a: Weezing|73/100
|
|upkeep
|turn|3
|
|t:|1769302574
|switch|p1a: address me|Iron Treads|100/100
|-item|p1a: address me|Air Balloon
|move|p2a: Weezing|Will-O-Wisp|p1a: address me
|-status|p1a: address me|brn
|
|-damage|p1a: address me|94/100 brn|[from] brn
|upkeep
|turn|4
|
|t:|1769302593
|-end|p2a: Weezing|ability: Neutralizing Gas
|switch|p2a: Great Tusk|Great Tusk|100/100
|move|p1a: address me|Earthquake|p2a: Great Tusk
|-damage|p2a: Great Tusk|85/100
|
|-damage|p1a: address me|88/100 brn|[from] brn
|upkeep
|turn|5
|
|t:|1769302603
|move|p1a: address me|Ice Spinner|p2a: Great Tusk
|-supereffective|p2a: Great Tusk
|-damage|p2a: Great Tusk|68/100
|move|p2a: Great Tusk|Stealth Rock|p1a: address me
|-sidestart|p1: patchworrk|move: Stealth Rock
|
|-damage|p1a: address me|82/100 brn|[from] brn
|upkeep
|turn|6
|
|t:|1769302613
|move|p1a: address me|Stealth Rock|p2a: Great Tusk
|-sidestart|p2: EDS_Swag|move: Stealth Rock
|move|p2a: Great Tusk|Rapid Spin|p1a: address me
|-resisted|p1a: address me
|-damage|p1a: address me|75/100 brn
|-boost|p2a: Great Tusk|spe|1
|-enditem|p1a: address me|Air Balloon
|-sideend|p2: EDS_Swag|Stealth Rock|[from] move: Rapid Spin|[of] p2a: Great Tusk
|
|-damage|p1a: address me|69/100 brn|[from] brn
|upkeep
|turn|7
|
|t:|1769302625
|-end|p1a: address me|Quark Drive|[silent]
|switch|p1a: iron mugulus|Iron Jugulis, shiny|100/100
|-damage|p1a: iron mugulus|76/100|[from] Stealth Rock
|-enditem|p1a: iron mugulus|Booster Energy
|-activate|p1a: iron mugulus|ability: Quark Drive|[fromitem]
|-start|p1a: iron mugulus|quarkdrivespe
|move|p2a: Great Tusk|Headlong Rush|p1a: iron mugulus
|-immune|p1a: iron mugulus
|
|upkeep
|turn|8
|
|t:|1769302636
|-end|p2a: Great Tusk|Protosynthesis|[silent]
|switch|p2a: Tornadus|Tornadus-Therian, M|100/100
|-terastallize|p1a: iron mugulus|Fairy
|move|p1a: iron mugulus|Tera Blast|p2a: Tornadus|[anim] Tera Blast Fairy
|-damage|p2a: Tornadus|49/100
|
|upkeep
|turn|9
|
|t:|1769302645
|switch|p2a: Weezing|Weezing-Galar, M|73/100
|-ability|p2a: Weezing|Neutralizing Gas
|move|p1a: iron mugulus|Tera Blast|p2a: Weezing|[anim] Tera Blast Fairy
|-resisted|p2a: Weezing
|-damage|p2a: Weezing|55/100
|
|upkeep
|turn|10
|
|t:|1769302654
|move|p1a: iron mugulus|Earth Power|p2a: Weezing
|-supereffective|p2a: Weezing
|-damage|p2a: Weezing|0 fnt
|faint|p2a: Weezing
|-end|p2a: Weezing|ability: Neutralizing Gas
|
|upkeep
|
|t:|1769302665
|switch|p2a: Tornadus|Tornadus-Therian, M|82/100
|turn|11
|
|t:|1769302672
|move|p1a: iron mugulus|Tera Blast|p2a: Tornadus|[anim] Tera Blast Fairy
|-damage|p2a: Tornadus|33/100
|move|p2a: Tornadus|Bleakwind Storm|p1a: iron mugulus|[miss]
|-miss|p2a: Tornadus|p1a: iron mugulus
|
|upkeep
|turn|12
|
|t:|1769302680
|move|p1a: iron mugulus|Tera Blast|p2a: Tornadus|[anim] Tera Blast Fairy
|-damage|p2a: Tornadus|0 fnt
|faint|p2a: Tornadus
|
|upkeep
|
|t:|1769302685
|switch|p2a: Ogerpon|Ogerpon-Wellspring, F|100/100
|turn|13
|
|t:|1769302695
|move|p1a: iron mugulus|Dark Pulse|p2a: Ogerpon
|-damage|p2a: Ogerpon|51/100
|move|p2a: Ogerpon|Power Whip|p1a: iron mugulus
|-damage|p1a: iron mugulus|0 fnt
|faint|p1a: iron mugulus
|-end|p1a: iron mugulus|Quark Drive|[silent]
|
|upkeep
|
|t:|1769302702
|switch|p1a: golden wind|Dragapult, M, shiny|100/100
|-damage|p1a: golden wind|88/100|[from] Stealth Rock
|turn|14
|
|t:|1769302708
|move|p1a: golden wind|U-turn|p2a: Ogerpon
|-supereffective|p2a: Ogerpon
|-damage|p2a: Ogerpon|0 fnt
|faint|p2a: Ogerpon
|
|t:|1769302716
|switch|p1a: twink|Enamorus, F|55/100|[from] U-turn
|-damage|p1a: twink|30/100|[from] Stealth Rock
|
|upkeep
|
|t:|1769302738
|switch|p2a: Darkrai|Darkrai|12/100
|turn|15
|
|t:|1769302745
|move|p1a: twink|Moonblast|p2a: Darkrai
|-supereffective|p2a: Darkrai
|-damage|p2a: Darkrai|0 fnt
|faint|p2a: Darkrai
|
|upkeep
|
|t:|1769302750
|switch|p2a: Cinccino|Cinccino, M|100/100
|turn|16
|
|t:|1769302759
|move|p1a: twink|Moonblast|p2a: Cinccino
|-damage|p2a: Cinccino|5/100
|-unboost|p2a: Cinccino|spa|1
|move|p2a: Cinccino|Tidy Up|p2a: Cinccino
|-sideend|p1: patchworrk|Stealth Rock
|-activate|p2a: Cinccino|move: Tidy Up
|-boost|p2a: Cinccino|atk|1
|-boost|p2a: Cinccino|spe|1
|
|upkeep
|turn|17
|
|t:|1769302774
|move|p2a: Cinccino|Triple Axel|p1a: twink
|-supereffective|p1a: twink
|-damage|p1a: twink|0 fnt
|faint|p1a: twink
|-hitcount|p1: twink|1
|
|upkeep
|
|t:|1769302781
|switch|p1a: golden wind|Dragapult, M, shiny|88/100
|turn|18
|
|t:|1769302794
|-terastallize|p2a: Cinccino|Ghost
|move|p1a: golden wind|Sucker Punch|p2a: Cinccino
|-supereffective|p2a: Cinccino
|-damage|p2a: Cinccino|0 fnt
|faint|p2a: Cinccino
|
|upkeep
|-message|EDS_Swag forfeited.
|
|win|patchworrk
|raw|patchworrk's rating: 1270 &rarr; <strong>1296</strong><br />(+26 for winning)
|raw|EDS_Swag's rating: 1284 &rarr; <strong>1258</strong><br />(-26 for losing)
|l|☆EDS_Swag
|player|p2|
