|inactive|Battle timer is ON: inactive players will automatically lose when time's up.
|t:|1769355244
|gametype|singles
|player|p1|Lazuli|lyra|
|player|p2|Axzel|#splxviityrants|
|gen|9
|tier|[Gen 9] OU
|rule|HP Percentage Mod: HP is shown in percentages
|rule|Endless Battle Clause: Forcing endless battles is banned
|rule|Species Clause: Limit one of each Pokémon
|rule|OHKO Clause: OHKO moves are banned
|rule|Evasion Items Clause: Evasion items are banned
|rule|Evasion Moves Clause: Evasion moves are banned
|rule|Evasion Abilities Clause: Evasion abilities are banned
|rule|Sleep Moves Clause: Sleep-inducing moves are banned
|clearpoke
|poke|p1|Moltres|
|poke|p1|Dragapult, M|
|poke|p1|Zamazenta-*|
|poke|p1|Samurott-Hisui, F|
|poke|p1|Iron Treads|
|poke|p1|Raging Bolt|
|poke|p2|Darkrai|
|poke|p2|Pecharunt|
|poke|p2|Kingambit, M|
|poke|p2|Ting-Lu|
|poke|p2|Iron Valiant|
|poke|p2|Dragonite, F|
|teampreview
|c|☆Lazuli|hf
|c|☆Axzel|yt
|c|+Sweet_Posho|puto
|inactive|Lazuli has 270 seconds left.
|inactive|Axzel has 270 seconds left.
|c|+Alpha1013|puto 
|inactive|Lazuli has 240 seconds left.
|inactive|Axzel has 240 seconds left.
|
|t:|1769355333
|teamsize|p1|6
|teamsize|p2|6
|start
|switch|p1a: Moltres|Moltres|100/100
|switch|p2a: Iron Valiant|Iron Valiant|100/100
|-enditem|p2a: Iron Valiant|Booster Energy
|-activate|p2a: Iron Valiant|ability: Quark Drive|[fromitem]
|-start|p2a: Iron Valiant|quarkdrivespe
|turn|1
|inactive|Lazuli has 270 seconds left.
|
|t:|1769355375
|move|p2a: Iron Valiant|Knock Off|p1a: Moltres
|-damage|p1a: Moltres|67/100
|-status|p2a: Iron Valiant|brn|[from] ability: Flame Body|[of] p1a: Moltres
|-enditem|p1a: Moltres|Heavy-Duty Boots|[from] move: Knock Off|[of] p2a: Iron Valiant
|move|p1a: Moltres|Brave Bird|p2a: Iron Valiant
|-supereffective|p2a: Iron Valiant
|-crit|p2a: Iron Valiant
|-damage|p2a: Iron Valiant|0 fnt
|faint|p2a: Iron Valiant
|-end|p2a: Iron Valiant|Quark Drive|[silent]
|-damage|p1a: Moltres|42/100|[from] Recoil
|
|upkeep
|inactive|Axzel has 270 seconds left.
|c|+Sweet_Posho|puto haxero
|inactive|Axzel has 240 seconds left.
|
|t:|1769355438
|switch|p2a: Ting-Lu|Ting-Lu|100/100
|-ability|p2a: Ting-Lu|Vessel of Ruin
|turn|2
|
|t:|1769355443
|move|p1a: Moltres|Will-O-Wisp|p2a: Ting-Lu
|-status|p2a: Ting-Lu|brn
|move|p2a: Ting-Lu|Stealth Rock|p1a: Moltres
|-sidestart|p1: Lazuli|move: Stealth Rock
|
|-damage|p2a: Ting-Lu|94/100 brn|[from] brn
|upkeep
|turn|3
|inactive|Axzel has 240 seconds left.
|
|t:|1769355453
|move|p1a: Moltres|Roost|p1a: Moltres
|-heal|p1a: Moltres|92/100
|-singleturn|p1a: Moltres|move: Roost
|move|p2a: Ting-Lu|Spikes|p1a: Moltres
|-sidestart|p1: Lazuli|Spikes
|
|-damage|p2a: Ting-Lu|88/100 brn|[from] brn
|upkeep
|turn|4
|c|+Sweet_Posho|axzel if he keeps lucking you, you have to post this: que sois unos haxeros y que si no nos hubierais haxeado os metiamos una paliza impresionante, ya que en el fondo sois malissimos, si hubierais dicho Sorry o algo pues mira pero esque estais orgullosos y os creeis pros por ganarnos por hax
|inactive|Axzel has 240 seconds left.
|raw|<div class="broadcast-red"><strong>Moderated chat was set to ☆!</strong><br />Only users of rank ☆ and higher can talk.</div>
|
|t:|1769355476
|move|p1a: Moltres|U-turn|p2a: Ting-Lu
|-supereffective|p2a: Ting-Lu
|-damage|p2a: Ting-Lu|70/100 brn
|-enditem|p2a: Ting-Lu|Red Card|[of] p1a: Moltres
|drag|p1a: Raging Bolt|Raging Bolt|100/100
|move|p2a: Ting-Lu|Ruination|p1a: Raging Bolt
|-damage|p1a: Raging Bolt|50/100
|
|-damage|p2a: Ting-Lu|64/100 brn|[from] brn
|upkeep
|turn|5
|
|t:|1769355497
|-end|p1a: Raging Bolt|Protosynthesis|[silent]
|switch|p1a: Iron Treads|Iron Treads|100/100
|-damage|p1a: Iron Treads|97/100|[from] Stealth Rock
|-item|p1a: Iron Treads|Air Balloon
|move|p2a: Ting-Lu|Whirlwind|p1a: Iron Treads
|-end|p1a: Iron Treads|Quark Drive|[silent]
|drag|p1a: Dragapult|Dragapult, M|100/100
|-damage|p1a: Dragapult|88/100|[from] Stealth Rock
|-damage|p1a: Dragapult|76/100|[from] Spikes
|
|-damage|p2a: Ting-Lu|57/100 brn|[from] brn
|upkeep
|turn|6
|
|t:|1769355512
|move|p1a: Dragapult|U-turn|p2a: Ting-Lu
|-supereffective|p2a: Ting-Lu
|-damage|p2a: Ting-Lu|42/100 brn
|
|t:|1769355529
|switch|p1a: Raging Bolt|Raging Bolt|50/100|[from] U-turn
|move|p2a: Ting-Lu|Ruination|p1a: Raging Bolt
|-damage|p1a: Raging Bolt|25/100
|
|-damage|p2a: Ting-Lu|36/100 brn|[from] brn
|upkeep
|turn|7
|
|t:|1769355540
|move|p1a: Raging Bolt|Draco Meteor|p2a: Ting-Lu
|-damage|p2a: Ting-Lu|3/100 brn
|-unboost|p1a: Raging Bolt|spa|2
|move|p2a: Ting-Lu|Whirlwind|p1a: Raging Bolt
|-end|p1a: Raging Bolt|Protosynthesis|[silent]
|drag|p1a: Zamazenta|Zamazenta|100/100
|-damage|p1a: Zamazenta|94/100|[from] Stealth Rock
|-damage|p1a: Zamazenta|82/100|[from] Spikes
|-ability|p1a: Zamazenta|Dauntless Shield|boost
|-boost|p1a: Zamazenta|def|1
|
|-damage|p2a: Ting-Lu|0 fnt|[from] brn
|faint|p2a: Ting-Lu
|upkeep
|inactive|Axzel has 210 seconds left.
|
|t:|1769355570
|switch|p2a: Pecharunt|Pecharunt|100/100
|-item|p2a: Pecharunt|Air Balloon
|turn|8
|rated|Smogon Premier League
|inactive|Axzel has 210 seconds left.
|
|t:|1769355585
|move|p1a: Zamazenta|Crunch|p2a: Pecharunt
|-supereffective|p2a: Pecharunt
|-damage|p2a: Pecharunt|57/100
|-enditem|p2a: Pecharunt|Air Balloon
|-damage|p1a: Zamazenta|72/100|[from] item: Life Orb
|move|p2a: Pecharunt|Nasty Plot|p2a: Pecharunt
|-boost|p2a: Pecharunt|spa|2
|
|upkeep
|turn|9
|inactive|Axzel has 210 seconds left.
|inactive|Lazuli has 240 seconds left.
|inactive|Lazuli has 210 seconds left.
|inactive|Lazuli has 180 seconds left.
|
|t:|1769355667
|move|p1a: Zamazenta|Crunch|p2a: Pecharunt
|-supereffective|p2a: Pecharunt
|-damage|p2a: Pecharunt|17/100
|-unboost|p2a: Pecharunt|def|1
|-damage|p1a: Zamazenta|62/100|[from] item: Life Orb
|move|p2a: Pecharunt|Recover|p2a: Pecharunt
|-heal|p2a: Pecharunt|67/100
|
|upkeep
|turn|10
|inactive|Lazuli has 180 seconds left.
|
|t:|1769355692
|move|p1a: Zamazenta|Crunch|p2a: Pecharunt
|-supereffective|p2a: Pecharunt
|-damage|p2a: Pecharunt|1/100
|-damage|p1a: Zamazenta|52/100|[from] item: Life Orb
|move|p2a: Pecharunt|Malignant Chain|p1a: Zamazenta
|-damage|p1a: Zamazenta|0 fnt
|faint|p1a: Zamazenta
|
|upkeep
|inactive|Lazuli has 150 seconds left.
|inactive|Lazuli has 120 seconds left.
|
|t:|1769355755
|switch|p1a: Iron Treads|Iron Treads|97/100
|-damage|p1a: Iron Treads|94/100|[from] Stealth Rock
|-item|p1a: Iron Treads|Air Balloon
|turn|11
|
|t:|1769355760
|move|p1a: Iron Treads|Ice Spinner|p2a: Pecharunt
|-damage|p2a: Pecharunt|0 fnt
|faint|p2a: Pecharunt
|
|upkeep
|
|t:|1769355777
|switch|p2a: Darkrai|Darkrai|100/100
|turn|12
|inactive|Lazuli has 120 seconds left.
|
|t:|1769355807
|move|p2a: Darkrai|Focus Blast|p1a: Iron Treads|[miss]
|-miss|p2a: Darkrai|p1a: Iron Treads
|move|p1a: Iron Treads|Rapid Spin|p2a: Darkrai
|-damage|p2a: Darkrai|81/100
|-boost|p1a: Iron Treads|spe|1
|-sideend|p1: Lazuli|Spikes|[from] move: Rapid Spin|[of] p1a: Iron Treads
|-sideend|p1: Lazuli|Stealth Rock|[from] move: Rapid Spin|[of] p1a: Iron Treads
|
|upkeep
|turn|13
|inactive|Axzel has 180 seconds left.
|inactive|Lazuli has 90 seconds left.
|inactive|Axzel has 150 seconds left.
|inactive|Lazuli has 60 seconds left.
|
|t:|1769355869
|move|p1a: Iron Treads|Stealth Rock|p2a: Darkrai
|-sidestart|p2: Axzel|move: Stealth Rock
|move|p2a: Darkrai|Focus Blast|p1a: Iron Treads|[miss]
|-miss|p2a: Darkrai|p1a: Iron Treads
|
|upkeep
|turn|14
|
|t:|1769355876
|move|p1a: Iron Treads|Earthquake|p2a: Darkrai
|-damage|p2a: Darkrai|13/100
|move|p2a: Darkrai|Focus Blast|p1a: Iron Treads
|-supereffective|p1a: Iron Treads
|-damage|p1a: Iron Treads|0 fnt
|-enditem|p1a: Iron Treads|Air Balloon
|faint|p1a: Iron Treads
|-end|p1a: Iron Treads|Quark Drive|[silent]
|
|upkeep
|
|t:|1769355886
|switch|p1a: Dragapult|Dragapult, M|76/100
|turn|15
|
|t:|1769355890
|move|p1a: Dragapult|U-turn|p2a: Darkrai
|-supereffective|p2a: Darkrai
|-damage|p2a: Darkrai|0 fnt
|faint|p2a: Darkrai
|
|t:|1769355895
|switch|p1a: Moltres|Moltres|92/100|[from] U-turn
|
|upkeep
|
|t:|1769355915
|switch|p2a: Kingambit|Kingambit, M|100/100
|-damage|p2a: Kingambit|94/100|[from] Stealth Rock
|-activate|p2a: Kingambit|ability: Supreme Overlord
|-start|p2a: Kingambit|fallen4|[silent]
|turn|16
|inactive|Lazuli has 90 seconds left.
|inactive|Lazuli has 60 seconds left.
|
|t:|1769355952
|move|p1a: Moltres|Will-O-Wisp|p2a: Kingambit
|-status|p2a: Kingambit|brn
|move|p2a: Kingambit|Swords Dance|p2a: Kingambit
|-boost|p2a: Kingambit|atk|2
|
|-heal|p2a: Kingambit|100/100 brn|[from] item: Leftovers
|-damage|p2a: Kingambit|94/100 brn|[from] brn
|upkeep
|turn|17
|inactive|Lazuli has 60 seconds left.
|inactive|Axzel has 150 seconds left.
|
|t:|1769355988
|move|p1a: Moltres|U-turn|p2a: Kingambit
|-damage|p2a: Kingambit|78/100 brn
|
|t:|1769355995
|switch|p1a: Samurott|Samurott-Hisui, F|100/100|[from] U-turn
|move|p2a: Kingambit|Low Kick|p1a: Samurott
|-supereffective|p1a: Samurott
|-damage|p1a: Samurott|0 fnt
|faint|p1a: Samurott
|
|-heal|p2a: Kingambit|84/100 brn|[from] item: Leftovers
|-damage|p2a: Kingambit|78/100 brn|[from] brn
|upkeep
|inactive|Lazuli has 30 seconds left.
|inactive|Lazuli has 20 seconds left.
|
|t:|1769356033
|switch|p1a: Raging Bolt|Raging Bolt|25/100
|turn|18
|inactive|Lazuli has 30 seconds left this turn.
|inactive|Lazuli has 20 seconds left.
|inactive|Lazuli has 15 seconds left.
|inactive|Axzel has 150 seconds left.
|inactive|Axzel has 120 seconds left.
|inactive|Axzel has 90 seconds left.
|
|t:|1769356121
|-terastallize|p1a: Raging Bolt|Fairy
|move|p1a: Raging Bolt|Volt Switch|p2a: Kingambit
|-damage|p2a: Kingambit|27/100 brn
|inactive|Lazuli has 20 seconds left this turn.
|inactive|Lazuli has 15 seconds left.
|
|t:|1769356129
|-end|p1a: Raging Bolt|Protosynthesis|[silent]
|switch|p1a: Dragapult|Dragapult, M|76/100|[from] Volt Switch
|move|p2a: Kingambit|Swords Dance|p2a: Kingambit
|-boost|p2a: Kingambit|atk|2
|
|-heal|p2a: Kingambit|33/100 brn|[from] item: Leftovers
|-damage|p2a: Kingambit|27/100 brn|[from] brn
|upkeep
|turn|19
|inactive|Lazuli has 25 seconds left this turn.
|inactive|Lazuli has 20 seconds left.
|inactive|Axzel has 90 seconds left.
|inactive|Lazuli has 15 seconds left.
|inactive|Lazuli has 10 seconds left.
|
|t:|1769356144
|move|p1a: Dragapult|Shadow Ball|p2a: Kingambit
|-resisted|p2a: Kingambit
|-damage|p2a: Kingambit|0 fnt
|faint|p2a: Kingambit
|-end|p2a: Kingambit|fallen4|[silent]
|
|upkeep
|
|t:|1769356149
|switch|p2a: Dragonite|Dragonite, F|100/100
|turn|20
|inactive|Lazuli has 25 seconds left this turn.
|inactive|Lazuli has 20 seconds left.
|inactive|Lazuli has 15 seconds left.
|inactive|Axzel has 90 seconds left.
|inactive|Lazuli has 10 seconds left.
|
|t:|1769356164
|switch|p1a: Moltres|Moltres|92/100
|move|p2a: Dragonite|Dragon Dance|p2a: Dragonite
|-boost|p2a: Dragonite|atk|1
|-boost|p2a: Dragonite|spe|1
|
|upkeep
|turn|21
|inactive|Lazuli has 20 seconds left this turn.
|inactive|Axzel has 90 seconds left.
|
|t:|1769356182
|move|p2a: Dragonite|Hurricane|p1a: Moltres|[miss]
|-miss|p2a: Dragonite|p1a: Moltres
|move|p1a: Moltres|Will-O-Wisp|p2a: Dragonite
|-status|p2a: Dragonite|brn
|
|-damage|p2a: Dragonite|94/100 brn|[from] brn
|upkeep
|turn|22
|inactive|Lazuli has 30 seconds left this turn.
|inactive|Axzel has 90 seconds left.
|
|t:|1769356190
|move|p2a: Dragonite|Hurricane|p1a: Moltres
|-damage|p1a: Moltres|56/100
|-start|p1a: Moltres|confusion
|-activate|p1a: Moltres|confusion
|move|p1a: Moltres|Roost|p1a: Moltres
|-heal|p1a: Moltres|100/100
|-singleturn|p1a: Moltres|move: Roost
|
|-damage|p2a: Dragonite|88/100 brn|[from] brn
|upkeep
|turn|23
|inactive|Lazuli has 30 seconds left.
|inactive|Lazuli has 20 seconds left.
|inactive|Lazuli has 15 seconds left.
|
|t:|1769356210
|switch|p1a: Dragapult|Dragapult, M|76/100
|move|p2a: Dragonite|Dragon Dance|p2a: Dragonite
|-boost|p2a: Dragonite|atk|1
|-boost|p2a: Dragonite|spe|1
|
|-damage|p2a: Dragonite|82/100 brn|[from] brn
|upkeep
|turn|24
|inactive|Lazuli has 25 seconds left this turn.
|inactive|Lazuli has 20 seconds left.
|inactive|Lazuli has 15 seconds left.
|inactive|Axzel has 90 seconds left.
|
|t:|1769356228
|move|p2a: Dragonite|Ice Spinner|p1a: Dragapult
|-supereffective|p1a: Dragapult
|-damage|p1a: Dragapult|1/100
|move|p1a: Dragapult|Draco Meteor|p2a: Dragonite
|-supereffective|p2a: Dragonite
|-damage|p2a: Dragonite|0 fnt
|-unboost|p1a: Dragapult|spa|2
|faint|p2a: Dragonite
|
|win|Lazuli
|c|☆Lazuli|gg
|c|☆Axzel|gg
