|j|☆elite four ozzy
|j|☆Goblin Demolisher
|t:|1769385754
|gametype|singles
|player|p1|elite four ozzy|170|1593
|player|p2|Goblin Demolisher|cheryl|1581
|gen|9
|tier|[Gen 9] OU
|rated|
|rule|HP Percentage Mod: HP is shown in percentages
|rule|Endless Battle Clause: Forcing endless battles is banned
|rule|Species Clause: Limit one of each Pokémon
|rule|OHKO Clause: OHKO moves are banned
|rule|Evasion Items Clause: Evasion items are banned
|rule|Evasion Moves Clause: Evasion moves are banned
|rule|Evasion Abilities Clause: Evasion abilities are banned
|rule|Sleep Moves Clause: Sleep-inducing moves are banned
|clearpoke
|poke|p1|Gholdengo|
|poke|p1|Zamazenta-*|
|poke|p1|Ting-Lu|
|poke|p1|Clefable, F|
|poke|p1|Dragonite, M|
|poke|p1|Deoxys-Speed|
|poke|p2|Mienshao, F|
|poke|p2|Alomomola, F|
|poke|p2|Kyurem|
|poke|p2|Great Tusk|
|poke|p2|Tornadus-Therian, M|
|poke|p2|Iron Crown|
|teampreview
|inactive|Battle timer is ON: inactive players will automatically lose when time's up. (requested by Goblin Demolisher)
|
|t:|1769385783
|teamsize|p1|6
|teamsize|p2|6
|start
|switch|p1a: Moonrock 350|Clefable, F|100/100
|switch|p2a: Iron Crown|Iron Crown|100/100
|turn|1
|
|t:|1769385793
|switch|p1a: Up Bowl On Em|Ting-Lu|100/100
|-ability|p1a: Up Bowl On Em|Vessel of Ruin
|move|p2a: Iron Crown|Tachyon Cutter|p1a: Up Bowl On Em
|-damage|p1a: Up Bowl On Em|88/100
|-damage|p1a: Up Bowl On Em|78/100
|-hitcount|p1a: Up Bowl On Em|2
|
|-heal|p1a: Up Bowl On Em|84/100|[from] item: Leftovers
|upkeep
|turn|2
|
|t:|1769385802
|-end|p2a: Iron Crown|Quark Drive|[silent]
|switch|p2a: Mienshao|Mienshao, F|100/100
|move|p1a: Up Bowl On Em|Ruination|p2a: Mienshao
|-damage|p2a: Mienshao|51/100
|
|-heal|p1a: Up Bowl On Em|90/100|[from] item: Leftovers
|upkeep
|turn|3
|
|t:|1769385806
|switch|p1a: Moonrock 350|Clefable, F|100/100
|move|p2a: Mienshao|Knock Off|p1a: Moonrock 350
|-resisted|p1a: Moonrock 350
|-damage|p1a: Moonrock 350|84/100
|-damage|p2a: Mienshao|34/100|[from] item: Rocky Helmet|[of] p1a: Moonrock 350
|-enditem|p1a: Moonrock 350|Rocky Helmet|[from] move: Knock Off|[of] p2a: Mienshao
|-damage|p2a: Mienshao|24/100|[from] item: Life Orb
|
|upkeep
|turn|4
|
|t:|1769385816
|switch|p2a: Iron Crown|Iron Crown|100/100
|move|p1a: Moonrock 350|Knock Off|p2a: Iron Crown
|-supereffective|p2a: Iron Crown
|-damage|p2a: Iron Crown|68/100
|-enditem|p2a: Iron Crown|Choice Scarf|[from] move: Knock Off|[of] p1a: Moonrock 350
|
|upkeep
|turn|5
|
|t:|1769385830
|switch|p1a: Up Bowl On Em|Ting-Lu|90/100
|-ability|p1a: Up Bowl On Em|Vessel of Ruin
|move|p2a: Iron Crown|Focus Blast|p1a: Up Bowl On Em
|-supereffective|p1a: Up Bowl On Em
|-damage|p1a: Up Bowl On Em|53/100
|
|-heal|p1a: Up Bowl On Em|59/100|[from] item: Leftovers
|upkeep
|turn|6
|
|t:|1769385842
|-end|p2a: Iron Crown|Quark Drive|[silent]
|switch|p2a: Tornadus|Tornadus-Therian, M|100/100
|move|p1a: Up Bowl On Em|Spikes|p2a: Tornadus
|-sidestart|p2: Goblin Demolisher|Spikes
|
|-heal|p1a: Up Bowl On Em|65/100|[from] item: Leftovers
|upkeep
|turn|7
|
|t:|1769385848
|switch|p1a: Moonrock 350|Clefable, F|84/100
|move|p2a: Tornadus|Knock Off|p1a: Moonrock 350
|-resisted|p1a: Moonrock 350
|-damage|p1a: Moonrock 350|79/100
|
|upkeep
|turn|8
|
|t:|1769385854
|move|p2a: Tornadus|Bleakwind Storm|p1a: Moonrock 350
|-damage|p1a: Moonrock 350|46/100
|move|p1a: Moonrock 350|Stealth Rock|p2a: Tornadus
|-sidestart|p2: Goblin Demolisher|move: Stealth Rock
|
|upkeep
|turn|9
|
|t:|1769385863
|move|p2a: Tornadus|U-turn|p1a: Moonrock 350
|-resisted|p1a: Moonrock 350
|-damage|p1a: Moonrock 350|41/100
|
|t:|1769385865
|switch|p2a: Great Tusk|Great Tusk|100/100|[from] U-turn
|move|p1a: Moonrock 350|Moonlight|p1a: Moonrock 350
|-heal|p1a: Moonrock 350|91/100
|
|upkeep
|turn|10
|
|t:|1769385870
|move|p2a: Great Tusk|Rapid Spin|p1a: Moonrock 350
|-damage|p1a: Moonrock 350|79/100
|-boost|p2a: Great Tusk|spe|1
|-sideend|p2: Goblin Demolisher|Spikes|[from] move: Rapid Spin|[of] p2a: Great Tusk
|-sideend|p2: Goblin Demolisher|Stealth Rock|[from] move: Rapid Spin|[of] p2a: Great Tusk
|move|p1a: Moonrock 350|Moonblast|p2a: Great Tusk
|-supereffective|p2a: Great Tusk
|-damage|p2a: Great Tusk|23/100
|-unboost|p2a: Great Tusk|spa|1
|
|upkeep
|turn|11
|
|t:|1769385878
|-end|p2a: Great Tusk|Protosynthesis|[silent]
|switch|p2a: Kyurem|Kyurem|100/100
|-ability|p2a: Kyurem|Pressure
|move|p1a: Moonrock 350|Stealth Rock|p2a: Kyurem
|-sidestart|p2: Goblin Demolisher|move: Stealth Rock
|
|upkeep
|turn|12
|
|t:|1769385887
|move|p2a: Kyurem|Ice Beam|p1a: Moonrock 350
|-damage|p1a: Moonrock 350|11/100
|move|p1a: Moonrock 350|Moonblast|p2a: Kyurem
|-supereffective|p2a: Kyurem
|-damage|p2a: Kyurem|45/100
|
|upkeep
|turn|13
|
|t:|1769385893
|switch|p1a: Djengo Unrained|Gholdengo|100/100
|move|p2a: Kyurem|Ice Beam|p1a: Djengo Unrained
|-resisted|p1a: Djengo Unrained
|-damage|p1a: Djengo Unrained|70/100
|
|upkeep
|turn|14
|
|t:|1769385910
|switch|p2a: Tornadus|Tornadus-Therian, M|100/100
|move|p1a: Djengo Unrained|Make It Rain|p2a: Tornadus
|-damage|p2a: Tornadus|49/100
|-unboost|p1a: Djengo Unrained|spa|1
|
|upkeep
|turn|15
|
|t:|1769385918
|switch|p1a: Up Bowl On Em|Ting-Lu|65/100
|-ability|p1a: Up Bowl On Em|Vessel of Ruin
|move|p2a: Tornadus|U-turn|p1a: Up Bowl On Em
|-supereffective|p1a: Up Bowl On Em
|-damage|p1a: Up Bowl On Em|50/100
|
|t:|1769385923
|switch|p2a: Mienshao|Mienshao, F|57/100|[from] U-turn
|-damage|p2a: Mienshao|51/100|[from] Stealth Rock
|
|-heal|p1a: Up Bowl On Em|56/100|[from] item: Leftovers
|upkeep
|turn|16
|
|t:|1769385933
|switch|p1a: Moonrock 350|Clefable, F|11/100
|move|p2a: Mienshao|U-turn|p1a: Moonrock 350
|-resisted|p1a: Moonrock 350
|-damage|p1a: Moonrock 350|0 fnt
|faint|p1a: Moonrock 350
|-damage|p2a: Mienshao|41/100|[from] item: Life Orb
|
|t:|1769385937
|switch|p2a: Tornadus|Tornadus-Therian, M|82/100|[from] U-turn
|
|upkeep
|inactive|elite four ozzy has 120 seconds left.
|
|t:|1769385981
|switch|p1a: Up Bowl On Em|Ting-Lu|56/100
|-ability|p1a: Up Bowl On Em|Vessel of Ruin
|turn|17
|
|t:|1769385986
|move|p2a: Tornadus|U-turn|p1a: Up Bowl On Em
|-supereffective|p1a: Up Bowl On Em
|-damage|p1a: Up Bowl On Em|39/100
|
|t:|1769385991
|switch|p2a: Alomomola|Alomomola, F|100/100|[from] U-turn
|-damage|p2a: Alomomola|88/100|[from] Stealth Rock
|move|p1a: Up Bowl On Em|Spikes|p2a: Alomomola
|-sidestart|p2: Goblin Demolisher|Spikes
|
|-heal|p1a: Up Bowl On Em|45/100|[from] item: Leftovers
|upkeep
|turn|18
|
|t:|1769386002
|move|p2a: Alomomola|Flip Turn|p1a: Up Bowl On Em
|-supereffective|p1a: Up Bowl On Em
|-damage|p1a: Up Bowl On Em|27/100
|
|t:|1769386006
|switch|p2a: Great Tusk|Great Tusk|23/100|[from] Flip Turn
|move|p1a: Up Bowl On Em|Whirlwind|p2a: Great Tusk
|-end|p2a: Great Tusk|Protosynthesis|[silent]
|drag|p2a: Tornadus|Tornadus-Therian, M|100/100
|
|-heal|p1a: Up Bowl On Em|34/100|[from] item: Leftovers
|upkeep
|turn|19
|
|t:|1769386014
|move|p2a: Tornadus|Knock Off|p1a: Up Bowl On Em
|-resisted|p1a: Up Bowl On Em
|-damage|p1a: Up Bowl On Em|28/100
|-enditem|p1a: Up Bowl On Em|Leftovers|[from] move: Knock Off|[of] p2a: Tornadus
|move|p1a: Up Bowl On Em|Spikes|p2a: Tornadus
|-sidestart|p2: Goblin Demolisher|Spikes
|
|upkeep
|turn|20
|
|t:|1769386019
|move|p2a: Tornadus|U-turn|p1a: Up Bowl On Em
|-supereffective|p1a: Up Bowl On Em
|-damage|p1a: Up Bowl On Em|13/100
|
|t:|1769386022
|switch|p2a: Alomomola|Alomomola, F|100/100|[from] U-turn
|-damage|p2a: Alomomola|88/100|[from] Stealth Rock
|-damage|p2a: Alomomola|71/100|[from] Spikes
|move|p1a: Up Bowl On Em|Spikes|p2a: Alomomola
|-sidestart|p2: Goblin Demolisher|Spikes
|
|upkeep
|turn|21
|
|t:|1769386028
|move|p1a: Up Bowl On Em|Ruination|p2a: Alomomola
|-damage|p2a: Alomomola|36/100
|move|p2a: Alomomola|Flip Turn|p1a: Up Bowl On Em
|-supereffective|p1a: Up Bowl On Em
|-crit|p1a: Up Bowl On Em
|-damage|p1a: Up Bowl On Em|0 fnt
|faint|p1a: Up Bowl On Em
|
|t:|1769386033
|switch|p2a: Tornadus|Tornadus-Therian, M|100/100|[from] Flip Turn
|
|upkeep
|
|t:|1769386059
|switch|p1a: CClifford|Zamazenta|100/100
|-ability|p1a: CClifford|Dauntless Shield|boost
|-boost|p1a: CClifford|def|1
|turn|22
|
|t:|1769386068
|move|p1a: CClifford|Ice Fang|p2a: Tornadus
|-supereffective|p2a: Tornadus
|-damage|p2a: Tornadus|50/100
|cant|p2a: Tornadus|flinch
|
|upkeep
|turn|23
|inactive|Goblin Demolisher has 120 seconds left.
|
|t:|1769386103
|switch|p2a: Alomomola|Alomomola, F|69/100
|-damage|p2a: Alomomola|57/100|[from] Stealth Rock
|-damage|p2a: Alomomola|32/100|[from] Spikes
|move|p1a: CClifford|Stone Edge|p2a: Alomomola|[miss]
|-miss|p1a: CClifford|p2a: Alomomola
|
|upkeep
|turn|24
|
|t:|1769386110
|move|p1a: CClifford|Close Combat|p2a: Alomomola
|-crit|p2a: Alomomola
|-damage|p2a: Alomomola|0 fnt
|-unboost|p1a: CClifford|def|1
|-unboost|p1a: CClifford|spd|1
|faint|p2a: Alomomola
|
|upkeep
|
|t:|1769386113
|switch|p2a: Tornadus|Tornadus-Therian, M|83/100
|turn|25
|
|t:|1769386126
|move|p1a: CClifford|Stone Edge|p2a: Tornadus
|-supereffective|p2a: Tornadus
|-damage|p2a: Tornadus|9/100
|move|p2a: Tornadus|Bleakwind Storm|p1a: CClifford
|-supereffective|p1a: CClifford
|-damage|p1a: CClifford|3/100
|
|upkeep
|turn|26
|
|t:|1769386143
|move|p1a: CClifford|Ice Fang|p2a: Tornadus
|-supereffective|p2a: Tornadus
|-damage|p2a: Tornadus|0 fnt
|faint|p2a: Tornadus
|
|upkeep
|inactive|Goblin Demolisher has 120 seconds left.
|
|t:|1769386157
|switch|p2a: Great Tusk|Great Tusk|23/100
|turn|27
|
|t:|1769386164
|move|p1a: CClifford|Ice Fang|p2a: Great Tusk
|-supereffective|p2a: Great Tusk
|-damage|p2a: Great Tusk|0 fnt
|faint|p2a: Great Tusk
|-end|p2a: Great Tusk|Protosynthesis|[silent]
|
|upkeep
|-message|Goblin Demolisher forfeited.
|
|win|elite four ozzy
|raw|elite four ozzy's rating: 1593 &rarr; <strong>1612</strong><br />(+19 for winning)
|raw|Goblin Demolisher's rating: 1581 &rarr; <strong>1562</strong><br />(-19 for losing)
|l|☆Goblin Demolisher
|player|p2|
|l|☆elite four ozzy
|player|p1|
