|j|☆justraffe
|j|☆funtimecharliekirk
|t:|1769399763
|gametype|singles
|player|p1|justraffe|elesa-masters3|1509
|player|p2|funtimecharliekirk|hiker-gen4|1482
|gen|9
|tier|[Gen 9] OU
|rated|
|rule|HP Percentage Mod: HP is shown in percentages
|rule|Endless Battle Clause: Forcing endless battles is banned
|rule|Species Clause: Limit one of each Pokémon
|rule|OHKO Clause: OHKO moves are banned
|rule|Evasion Items Clause: Evasion items are banned
|rule|Evasion Moves Clause: Evasion moves are banned
|rule|Evasion Abilities Clause: Evasion abilities are banned
|rule|Sleep Moves Clause: Sleep-inducing moves are banned
|clearpoke
|poke|p1|Slowking-Galar, F|
|poke|p1|Gliscor, F|
|poke|p1|Kingambit, F|
|poke|p1|Ogerpon-Wellspring, F|
|poke|p1|Cinderace, F|
|poke|p1|Dragapult, M|
|poke|p2|Dondozo, M|
|poke|p2|Blissey, F|
|poke|p2|Toxapex, F|
|poke|p2|Slaking, F|
|poke|p2|Gliscor, F|
|poke|p2|Corviknight, M|
|teampreview
|inactive|Battle timer is ON: inactive players will automatically lose when time's up. (requested by justraffe)
|j| Zdlorah
|
|t:|1769399791
|teamsize|p1|6
|teamsize|p2|6
|start
|switch|p1a: Slowking|Slowking-Galar, F|100/100
|switch|p2a: Gliscor|Gliscor, F|100/100
|turn|1
|
|t:|1769399798
|switch|p2a: Blissey|Blissey, F|100/100
|move|p1a: Slowking|Future Sight|p2a: Blissey
|-start|p1a: Slowking|move: Future Sight
|
|upkeep
|turn|2
|
|t:|1769399809
|move|p2a: Blissey|Stealth Rock|p1a: Slowking
|-sidestart|p1: justraffe|move: Stealth Rock
|-prepare|p1a: Slowking|Chilly Reception|[premajor]
|move|p1a: Slowking|Chilly Reception|p1a: Slowking
|-weather|Snowscape
|inactive|justraffe has 120 seconds left.
|
|t:|1769399837
|switch|p1a: Kingambit|Kingambit, F|100/100|[from] Chilly Reception
|-damage|p1a: Kingambit|94/100|[from] Stealth Rock
|
|-weather|Snowscape|[upkeep]
|-heal|p1a: Kingambit|100/100|[from] item: Leftovers
|upkeep
|turn|3
|
|t:|1769399845
|switch|p2a: Corviknight|Corviknight, M|100/100
|-ability|p2a: Corviknight|Pressure
|move|p1a: Kingambit|Kowtow Cleave|p2a: Corviknight
|-damage|p2a: Corviknight|68/100
|-damage|p1a: Kingambit|84/100|[from] item: Rocky Helmet|[of] p2a: Corviknight
|
|-weather|Snowscape|[upkeep]
|-end|p2a: Corviknight|move: Future Sight
|-resisted|p2a: Corviknight
|-damage|p2a: Corviknight|46/100
|-heal|p1a: Kingambit|90/100|[from] item: Leftovers
|upkeep
|turn|4
|
|t:|1769399861
|-end|p1a: Kingambit|fallenundefined|[silent]
|switch|p1a: Gliscor|Gliscor, F|100/100
|-damage|p1a: Gliscor|88/100|[from] Stealth Rock
|move|p2a: Corviknight|Roost|p2a: Corviknight
|-heal|p2a: Corviknight|96/100
|-singleturn|p2a: Corviknight|move: Roost
|
|-weather|Snowscape|[upkeep]
|-status|p1a: Gliscor|tox|[from] item: Toxic Orb
|upkeep
|turn|5
|
|t:|1769399873
|switch|p1a: Slowking|Slowking-Galar, F|100/100
|switch|p2a: Toxapex|Toxapex, F|100/100
|
|-weather|Snowscape|[upkeep]
|upkeep
|turn|6
|
|t:|1769399884
|move|p2a: Toxapex|Toxic Spikes|p1a: Slowking
|-sidestart|p1: justraffe|move: Toxic Spikes
|-prepare|p1a: Slowking|Chilly Reception|[premajor]
|move|p1a: Slowking|Chilly Reception|p1a: Slowking
|
|t:|1769399890
|switch|p1a: Gliscor|Gliscor, F|88/100 tox|[from] Chilly Reception
|-damage|p1a: Gliscor|76/100 tox|[from] Stealth Rock
|
|-weather|none
|-heal|p1a: Gliscor|88/100 tox|[from] ability: Poison Heal
|upkeep
|turn|7
|
|t:|1769399897
|switch|p1a: Slowking|Slowking-Galar, F|100/100
|-sideend|p1: justraffe|move: Toxic Spikes|[of] p1a: Slowking
|move|p2a: Toxapex|Toxic Spikes|p1a: Slowking
|-sidestart|p1: justraffe|move: Toxic Spikes
|
|upkeep
|turn|8
|
|t:|1769399900
|switch|p1a: Gliscor|Gliscor, F|88/100 tox
|-damage|p1a: Gliscor|76/100 tox|[from] Stealth Rock
|move|p2a: Toxapex|Toxic Spikes|p1a: Gliscor
|-sidestart|p1: justraffe|move: Toxic Spikes
|
|-heal|p1a: Gliscor|88/100 tox|[from] ability: Poison Heal
|upkeep
|turn|9
|
|t:|1769399903
|switch|p1a: Slowking|Slowking-Galar, F|100/100
|-sideend|p1: justraffe|move: Toxic Spikes|[of] p1a: Slowking
|switch|p2a: Slaking|Slaking, F|100/100
|
|upkeep
|turn|10
|
|t:|1769399908
|switch|p1a: Gliscor|Gliscor, F|88/100 tox
|-damage|p1a: Gliscor|76/100 tox|[from] Stealth Rock
|move|p2a: Slaking|Earthquake|p1a: Gliscor
|-immune|p1a: Gliscor
|
|-heal|p1a: Gliscor|88/100 tox|[from] ability: Poison Heal
|upkeep
|turn|11
|
|t:|1769399912
|switch|p2a: Toxapex|Toxapex, F|100/100
|switch|p1a: Slowking|Slowking-Galar, F|100/100
|
|upkeep
|turn|12
|
|t:|1769399915
|switch|p1a: Gliscor|Gliscor, F|88/100 tox
|-damage|p1a: Gliscor|76/100 tox|[from] Stealth Rock
|move|p2a: Toxapex|Toxic Spikes|p1a: Gliscor
|-sidestart|p1: justraffe|move: Toxic Spikes
|
|-heal|p1a: Gliscor|88/100 tox|[from] ability: Poison Heal
|upkeep
|turn|13
|
|t:|1769399918
|switch|p1a: Slowking|Slowking-Galar, F|100/100
|-sideend|p1: justraffe|move: Toxic Spikes|[of] p1a: Slowking
|switch|p2a: Slaking|Slaking, F|100/100
|
|upkeep
|turn|14
|
|t:|1769399923
|switch|p1a: Dragapult|Dragapult, M|100/100
|-damage|p1a: Dragapult|88/100|[from] Stealth Rock
|move|p2a: Slaking|Knock Off|p1a: Dragapult
|-supereffective|p1a: Dragapult
|-damage|p1a: Dragapult|0 fnt
|-enditem|p1a: Dragapult|Choice Specs|[from] move: Knock Off|[of] p2a: Slaking
|faint|p1a: Dragapult
|
|upkeep
|
|t:|1769399938
|switch|p1a: Slowking|Slowking-Galar, F|100/100
|turn|15
|
|t:|1769399944
|cant|p2a: Slaking|ability: Truant
|move|p1a: Slowking|Future Sight|p2a: Slaking
|-start|p1a: Slowking|move: Future Sight
|
|upkeep
|turn|16
|
|t:|1769399947
|switch|p1a: Gliscor|Gliscor, F|88/100 tox
|-damage|p1a: Gliscor|76/100 tox|[from] Stealth Rock
|move|p2a: Slaking|Knock Off|p1a: Gliscor
|-damage|p1a: Gliscor|40/100 tox
|-enditem|p1a: Gliscor|Toxic Orb|[from] move: Knock Off|[of] p2a: Slaking
|
|-heal|p1a: Gliscor|53/100 tox|[from] ability: Poison Heal
|upkeep
|turn|17
|
|t:|1769399952
|switch|p2a: Corviknight|Corviknight, M|96/100
|-ability|p2a: Corviknight|Pressure
|move|p1a: Gliscor|Earthquake|p2a: Corviknight
|-immune|p2a: Corviknight
|
|-end|p2a: Corviknight|move: Future Sight
|-resisted|p2a: Corviknight
|-damage|p2a: Corviknight|74/100
|-heal|p1a: Gliscor|65/100 tox|[from] ability: Poison Heal
|upkeep
|turn|18
|
|t:|1769399962
|move|p1a: Gliscor|Toxic|p2a: Corviknight
|-immune|p2a: Corviknight
|move|p2a: Corviknight|Iron Defense|p2a: Corviknight
|-boost|p2a: Corviknight|def|2
|
|-heal|p1a: Gliscor|78/100 tox|[from] ability: Poison Heal
|upkeep
|turn|19
|-message|justraffe forfeited.
|
|win|funtimecharliekirk
|raw|justraffe's rating: 1509 &rarr; <strong>1487</strong><br />(-22 for losing)
|raw|funtimecharliekirk's rating: 1482 &rarr; <strong>1504</strong><br />(+22 for winning)
|l|☆justraffe
|player|p1|
