|j|☆ghighas
|j|☆ThatBrownBoy
|t:|1769404032
|gametype|singles
|player|p1|ghighas|ghetsis|1353
|player|p2|ThatBrownBoy|1|1322
|gen|9
|tier|[Gen 9] OU
|rated|
|rule|HP Percentage Mod: HP is shown in percentages
|rule|Endless Battle Clause: Forcing endless battles is banned
|rule|Species Clause: Limit one of each Pokémon
|rule|OHKO Clause: OHKO moves are banned
|rule|Evasion Items Clause: Evasion items are banned
|rule|Evasion Moves Clause: Evasion moves are banned
|rule|Evasion Abilities Clause: Evasion abilities are banned
|rule|Sleep Moves Clause: Sleep-inducing moves are banned
|clearpoke
|poke|p1|Barraskewda, F|
|poke|p1|Pelipper, F|
|poke|p1|Dondozo, M|
|poke|p1|Goodra-Hisui, M|
|poke|p1|Ogerpon-Wellspring, F|
|poke|p1|Great Tusk|
|poke|p2|Ambipom, F|
|poke|p2|Grimmsnarl, M|
|poke|p2|Ursaluna, F|
|poke|p2|Dragonite, M|
|poke|p2|Zoroark-Hisui, M|
|poke|p2|Corviknight, F|
|teampreview
|inactive|Battle timer is ON: inactive players will automatically lose when time's up. (requested by ThatBrownBoy)
|
|t:|1769404043
|teamsize|p1|6
|teamsize|p2|6
|start
|switch|p1a: Pelipper|Pelipper, F|100/100
|switch|p2a: Grimmsnarl|Grimmsnarl, M, shiny|100/100
|-weather|RainDance|[from] ability: Drizzle|[of] p1a: Pelipper
|turn|1
|
|t:|1769404045
|move|p2a: Grimmsnarl|Thunder Wave|p1a: Pelipper
|-status|p1a: Pelipper|par
|move|p1a: Pelipper|U-turn|p2a: Grimmsnarl
|-damage|p2a: Grimmsnarl|88/100
|
|t:|1769404047
|switch|p1a: Goodra|Goodra-Hisui, M|100/100|[from] U-turn
|
|-weather|RainDance|[upkeep]
|upkeep
|turn|2
|
|t:|1769404053
|move|p2a: Grimmsnarl|Parting Shot|p1a: Goodra
|-unboost|p1a: Goodra|atk|1
|-unboost|p1a: Goodra|spa|1
|
|t:|1769404055
|switch|p2a: Corviknight|Corviknight, F|100/100|[from] Parting Shot
|-ability|p2a: Corviknight|Pressure
|move|p1a: Goodra|Flash Cannon|p2a: Corviknight
|-resisted|p2a: Corviknight
|-damage|p2a: Corviknight|91/100
|-unboost|p2a: Corviknight|spd|1
|
|-weather|RainDance|[upkeep]
|upkeep
|turn|3
|j| Itz J
|
|t:|1769404061
|switch|p1a: Dondozo|Dondozo, M|100/100
|move|p2a: Corviknight|U-turn|p1a: Dondozo
|-damage|p1a: Dondozo|93/100
|
|t:|1769404065
|switch|p2a: Ursaluna|Ursaluna, F, shiny|100/100|[from] U-turn
|
|-weather|RainDance|[upkeep]
|-heal|p1a: Dondozo|99/100|[from] item: Leftovers
|-status|p2a: Ursaluna|brn|[from] item: Flame Orb
|upkeep
|turn|4
|
|t:|1769404070
|-terastallize|p2a: Ursaluna|Steel
|move|p2a: Ursaluna|Facade|p1a: Dondozo
|-damage|p1a: Dondozo|34/100
|move|p1a: Dondozo|Wave Crash|p2a: Ursaluna
|-damage|p2a: Ursaluna|56/100 brn
|-damage|p1a: Dondozo|20/100|[from] Recoil
|
|-weather|RainDance|[upkeep]
|-heal|p1a: Dondozo|26/100|[from] item: Leftovers
|-damage|p2a: Ursaluna|50/100 brn|[from] brn
|upkeep
|turn|5
|
|t:|1769404079
|switch|p1a: Goodra|Goodra-Hisui, M|100/100
|move|p2a: Ursaluna|Facade|p1a: Goodra
|-resisted|p1a: Goodra
|-damage|p1a: Goodra|42/100
|
|-weather|RainDance|[upkeep]
|-damage|p2a: Ursaluna|44/100 brn|[from] brn
|upkeep
|turn|6
|
|t:|1769404082
|switch|p2a: Corviknight|Corviknight, F|91/100
|-ability|p2a: Corviknight|Pressure
|move|p1a: Goodra|Flash Cannon|p2a: Corviknight
|-resisted|p2a: Corviknight
|-damage|p2a: Corviknight|75/100
|-unboost|p2a: Corviknight|spd|1
|
|-weather|RainDance|[upkeep]
|upkeep
|turn|7
|
|t:|1769404084
|move|p2a: Corviknight|U-turn|p1a: Goodra
|-resisted|p1a: Goodra
|-damage|p1a: Goodra|36/100
|
|t:|1769404091
|switch|p2a: Ambipom|Ambipom, F, shiny|100/100|[from] U-turn
|move|p1a: Goodra|Rest|p1a: Goodra
|-status|p1a: Goodra|slp|[from] move: Rest
|-heal|p1a: Goodra|100/100 slp|[silent]
|
|-weather|RainDance|[upkeep]
|upkeep
|turn|8
|
|t:|1769404094
|switch|p1a: Great Tusk|Great Tusk|100/100
|move|p2a: Ambipom|Low Kick|p1a: Great Tusk
|-damage|p1a: Great Tusk|80/100
|
|-weather|none
|upkeep
|turn|9
|
|t:|1769404097
|move|p2a: Ambipom|U-turn|p1a: Great Tusk
|-resisted|p1a: Great Tusk
|-damage|p1a: Great Tusk|74/100
|
|t:|1769404099
|switch|p2a: Corviknight|Corviknight, F|75/100|[from] U-turn
|-ability|p2a: Corviknight|Pressure
|move|p1a: Great Tusk|Stealth Rock|p2a: Corviknight
|-sidestart|p2: ThatBrownBoy|move: Stealth Rock
|
|upkeep
|turn|10
|
|t:|1769404102
|-end|p1a: Great Tusk|Protosynthesis|[silent]
|switch|p1a: Dondozo|Dondozo, M|26/100
|move|p2a: Corviknight|Defog|p1a: Dondozo
|-unboost|p1a: Dondozo|evasion|1
|-sideend|p2: ThatBrownBoy|Stealth Rock|[from] move: Defog|[of] p2a: Corviknight
|
|-heal|p1a: Dondozo|32/100|[from] item: Leftovers
|upkeep
|turn|11
|
|t:|1769404103
|move|p2a: Corviknight|U-turn|p1a: Dondozo
|-damage|p1a: Dondozo|26/100
|
|t:|1769404106
|switch|p2a: Ursaluna|Ursaluna, F, shiny, tera:Steel|44/100 brn|[from] U-turn
|move|p1a: Dondozo|Rest|p1a: Dondozo
|-status|p1a: Dondozo|slp|[from] move: Rest
|-heal|p1a: Dondozo|100/100 slp|[silent]
|
|-damage|p2a: Ursaluna|38/100 brn|[from] brn
|upkeep
|turn|12
|
|t:|1769404108
|switch|p1a: Pelipper|Pelipper, F|100/100 par
|-weather|RainDance|[from] ability: Drizzle|[of] p1a: Pelipper
|move|p2a: Ursaluna|Facade|p1a: Pelipper
|-damage|p1a: Pelipper|0 fnt
|faint|p1a: Pelipper
|
|-weather|RainDance|[upkeep]
|-damage|p2a: Ursaluna|32/100 brn|[from] brn
|upkeep
|
|t:|1769404109
|switch|p1a: Barraskewda|Barraskewda, F, shiny|100/100
|turn|13
|inactive|ThatBrownBoy has 120 seconds left.
|
|t:|1769404162
|switch|p2a: Corviknight|Corviknight, F|75/100
|-ability|p2a: Corviknight|Pressure
|-terastallize|p1a: Barraskewda|Water
|move|p1a: Barraskewda|Liquidation|p2a: Corviknight
|-damage|p2a: Corviknight|0 fnt
|-damage|p1a: Barraskewda|84/100|[from] item: Rocky Helmet|[of] p2a: Corviknight
|faint|p2a: Corviknight
|
|-weather|RainDance|[upkeep]
|upkeep
|
|t:|1769404166
|switch|p2a: Grimmsnarl|Grimmsnarl, M, shiny|88/100
|turn|14
|
|t:|1769404170
|switch|p1a: Goodra|Goodra-Hisui, M|100/100 slp
|move|p2a: Grimmsnarl|Fake Out|p1a: Goodra
|-resisted|p1a: Goodra
|-damage|p1a: Goodra|94/100 slp
|
|-weather|RainDance|[upkeep]
|upkeep
|turn|15
|
|t:|1769404173
|move|p2a: Grimmsnarl|Drain Punch|p1a: Goodra
|-supereffective|p1a: Goodra
|-damage|p1a: Goodra|44/100 slp
|-heal|p2a: Grimmsnarl|100/100|[from] drain|[of] p1a: Goodra
|cant|p1a: Goodra|slp
|
|-weather|RainDance|[upkeep]
|upkeep
|turn|16
|
|t:|1769404183
|move|p2a: Grimmsnarl|Drain Punch|p1a: Goodra
|-supereffective|p1a: Goodra
|-damage|p1a: Goodra|0 fnt
|faint|p1a: Goodra
|
|-weather|RainDance|[upkeep]
|upkeep
|
|t:|1769404185
|switch|p1a: Ogerpon|Ogerpon-Wellspring, F|100/100
|turn|17
|
|t:|1769404188
|move|p2a: Grimmsnarl|Thunder Wave|p1a: Ogerpon
|-status|p1a: Ogerpon|par
|move|p1a: Ogerpon|Ivy Cudgel|p2a: Grimmsnarl|[anim] Ivy Cudgel Water
|-damage|p2a: Grimmsnarl|0 fnt
|faint|p2a: Grimmsnarl
|
|-weather|RainDance|[upkeep]
|upkeep
|
|t:|1769404191
|switch|p2a: Dragonite|Dragonite, M, shiny|100/100
|turn|18
|
|t:|1769404193
|switch|p1a: Dondozo|Dondozo, M|100/100 slp
|move|p2a: Dragonite|Dragon Dance|p2a: Dragonite
|-boost|p2a: Dragonite|atk|1
|-boost|p2a: Dragonite|spe|1
|
|-weather|RainDance|[upkeep]
|upkeep
|turn|19
|
|t:|1769404196
|switch|p2a: Ursaluna|Ursaluna, F, shiny, tera:Steel|32/100 brn
|cant|p1a: Dondozo|slp
|
|-weather|none
|-damage|p2a: Ursaluna|26/100 brn|[from] brn
|upkeep
|turn|20
|
|t:|1769404201
|switch|p1a: Ogerpon|Ogerpon-Wellspring, F|100/100 par
|move|p2a: Ursaluna|Facade|p1a: Ogerpon
|-damage|p1a: Ogerpon|0 fnt
|faint|p1a: Ogerpon
|
|-damage|p2a: Ursaluna|20/100 brn|[from] brn
|upkeep
|
|t:|1769404202
|switch|p1a: Barraskewda|Barraskewda, F, shiny, tera:Water|84/100
|turn|21
|
|t:|1769404205
|move|p1a: Barraskewda|Liquidation|p2a: Ursaluna
|-damage|p2a: Ursaluna|0 fnt
|faint|p2a: Ursaluna
|
|upkeep
|
|t:|1769404213
|switch|p2a: Dragonite|Dragonite, M, shiny|100/100
|turn|22
|
|t:|1769404219
|switch|p1a: Dondozo|Dondozo, M|100/100 slp
|move|p2a: Dragonite|Dragon Dance|p2a: Dragonite
|-boost|p2a: Dragonite|atk|1
|-boost|p2a: Dragonite|spe|1
|
|upkeep
|turn|23
|
|t:|1769404224
|move|p2a: Dragonite|Dragon Dance|p2a: Dragonite
|-boost|p2a: Dragonite|atk|1
|-boost|p2a: Dragonite|spe|1
|cant|p1a: Dondozo|slp
|
|upkeep
|turn|24
|
|t:|1769404225
|move|p2a: Dragonite|Dragon Dance|p2a: Dragonite
|-boost|p2a: Dragonite|atk|1
|-boost|p2a: Dragonite|spe|1
|-curestatus|p1a: Dondozo|slp|[msg]
|move|p1a: Dondozo|Curse|p1a: Dondozo
|-unboost|p1a: Dondozo|spe|1
|-boost|p1a: Dondozo|atk|1
|-boost|p1a: Dondozo|def|1
|
|upkeep
|turn|25
|
|t:|1769404228
|move|p2a: Dragonite|Extreme Speed|p1a: Dondozo
|-damage|p1a: Dondozo|90/100
|move|p1a: Dondozo|Wave Crash|p2a: Dragonite
|-resisted|p2a: Dragonite
|-damage|p2a: Dragonite|85/100
|-damage|p1a: Dondozo|87/100|[from] Recoil
|
|-heal|p1a: Dondozo|93/100|[from] item: Leftovers
|upkeep
|turn|26
|
|t:|1769404237
|move|p2a: Dragonite|Earthquake|p1a: Dondozo
|-damage|p1a: Dondozo|82/100
|move|p1a: Dondozo|Wave Crash|p2a: Dragonite
|-resisted|p2a: Dragonite
|-damage|p2a: Dragonite|53/100
|-damage|p1a: Dondozo|75/100|[from] Recoil
|
|-heal|p1a: Dondozo|81/100|[from] item: Leftovers
|upkeep
|turn|27
|
|t:|1769404241
|move|p2a: Dragonite|Extreme Speed|p1a: Dondozo
|-damage|p1a: Dondozo|71/100
|move|p1a: Dondozo|Wave Crash|p2a: Dragonite
|-resisted|p2a: Dragonite
|-damage|p2a: Dragonite|22/100
|-damage|p1a: Dondozo|64/100|[from] Recoil
|
|-heal|p1a: Dondozo|70/100|[from] item: Leftovers
|upkeep
|turn|28
|
|t:|1769404243
|move|p2a: Dragonite|Extreme Speed|p1a: Dondozo
|-damage|p1a: Dondozo|60/100
|move|p1a: Dondozo|Wave Crash|p2a: Dragonite
|-resisted|p2a: Dragonite
|-damage|p2a: Dragonite|0 fnt
|faint|p2a: Dragonite
|-damage|p1a: Dondozo|56/100|[from] Recoil
|
|-heal|p1a: Dondozo|62/100|[from] item: Leftovers
|upkeep
|
|t:|1769404245
|switch|p2a: Ambipom|Ambipom, F, shiny|100/100
|turn|29
|
|t:|1769404246
|switch|p1a: Great Tusk|Great Tusk|74/100
|move|p2a: Ambipom|Nasty Plot|p2a: Ambipom
|-boost|p2a: Ambipom|spa|2
|
|upkeep
|turn|30
|
|t:|1769404249
|move|p2a: Ambipom|Hyper Voice|p1a: Great Tusk
|-damage|p1a: Great Tusk|0 fnt
|faint|p1a: Great Tusk
|-end|p1a: Great Tusk|Protosynthesis|[silent]
|
|upkeep
|
|t:|1769404250
|switch|p1a: Barraskewda|Barraskewda, F, shiny, tera:Water|84/100
|turn|31
|
|t:|1769404254
|move|p1a: Barraskewda|Liquidation|p2a: Ambipom
|-enditem|p2a: Ambipom|Focus Sash
|-damage|p2a: Ambipom|1/100
|-unboost|p2a: Ambipom|def|1
|replace|p2a: Zoroark|Zoroark-Hisui, M, shiny
|-end|p2a: Zoroark|Illusion
|move|p2a: Zoroark|Hyper Voice|p1a: Barraskewda
|-damage|p1a: Barraskewda|0 fnt
|faint|p1a: Barraskewda
|
|upkeep
|
|t:|1769404256
|switch|p1a: Dondozo|Dondozo, M|62/100
|turn|32
|
|t:|1769404258
|move|p2a: Zoroark|Hyper Voice|p1a: Dondozo
|-crit|p1a: Dondozo
|-damage|p1a: Dondozo|6/100
|move|p1a: Dondozo|Wave Crash|p2a: Zoroark
|-damage|p2a: Zoroark|0 fnt
|faint|p2a: Zoroark
|-damage|p1a: Dondozo|6/100|[from] Recoil
|
|-heal|p1a: Dondozo|12/100|[from] item: Leftovers
|upkeep
|
|t:|1769404261
|switch|p2a: Ambipom|Ambipom, F, shiny|100/100
|turn|33
|
|t:|1769404263
|move|p2a: Ambipom|Fake Out|p1a: Dondozo
|-damage|p1a: Dondozo|0 fnt
|faint|p1a: Dondozo
|
|win|ThatBrownBoy
|raw|ghighas's rating: 1353 &rarr; <strong>1331</strong><br />(-22 for losing)
|raw|ThatBrownBoy's rating: 1322 &rarr; <strong>1344</strong><br />(+22 for winning)
|l|☆ghighas
|player|p1|
