|j|☆asdadac
|j|☆Gen8Trihard
|t:|1769420759
|gametype|singles
|player|p1|asdadac|102|1500
|player|p2|Gen8Trihard|fisherman|1542
|gen|9
|tier|[Gen 9] OU
|rated|
|rule|HP Percentage Mod: HP is shown in percentages
|rule|Endless Battle Clause: Forcing endless battles is banned
|rule|Species Clause: Limit one of each Pokémon
|rule|OHKO Clause: OHKO moves are banned
|rule|Evasion Items Clause: Evasion items are banned
|rule|Evasion Moves Clause: Evasion moves are banned
|rule|Evasion Abilities Clause: Evasion abilities are banned
|rule|Sleep Moves Clause: Sleep-inducing moves are banned
|clearpoke
|poke|p1|Tinkaton, F|
|poke|p1|Ogerpon, F|
|poke|p1|Great Tusk|
|poke|p1|Pecharunt|
|poke|p1|Alomomola, F|
|poke|p1|Darkrai|
|poke|p2|Dondozo, M|
|poke|p2|Blissey, F|
|poke|p2|Corviknight, M|
|poke|p2|Weezing-Galar, F|
|poke|p2|Gliscor, M|
|poke|p2|Toxapex, M|
|teampreview
|inactive|Battle timer is ON: inactive players will automatically lose when time's up. (requested by Gen8Trihard)
|
|t:|1769420775
|teamsize|p1|6
|teamsize|p2|6
|start
|switch|p1a: Smile.exe|Tinkaton, F, shiny|100/100
|switch|p2a: Gliscor|Gliscor, M|100/100
|-item|p1a: Smile.exe|Air Balloon
|turn|1
|
|t:|1769420782
|move|p1a: Smile.exe|Ice Hammer|p2a: Gliscor|[miss]
|-miss|p1a: Smile.exe|p2a: Gliscor
|move|p2a: Gliscor|Spikes|p1a: Smile.exe
|-sidestart|p1: asdadac|Spikes
|
|-status|p2a: Gliscor|tox|[from] item: Toxic Orb
|upkeep
|turn|2
|
|t:|1769420789
|switch|p2a: Toxapex|Toxapex, M|100/100
|move|p1a: Smile.exe|Encore||[still]
|-fail|p1a: Smile.exe
|
|upkeep
|turn|3
|
|t:|1769420798
|move|p1a: Smile.exe|Stealth Rock|p2a: Toxapex
|-sidestart|p2: Gen8Trihard|move: Stealth Rock
|move|p2a: Toxapex|Toxic|p1a: Smile.exe
|-immune|p1a: Smile.exe
|
|upkeep
|turn|4
|j| MakX70
|
|t:|1769420803
|move|p1a: Smile.exe|Encore|p2a: Toxapex
|-start|p2a: Toxapex|Encore
|move|p2a: Toxapex|Toxic|p1a: Smile.exe
|-immune|p1a: Smile.exe
|
|upkeep
|turn|5
|
|t:|1769420812
|switch|p2a: Corviknight|Corviknight, M|100/100
|-damage|p2a: Corviknight|88/100|[from] Stealth Rock
|-ability|p2a: Corviknight|Pressure
|move|p1a: Smile.exe|Gigaton Hammer|p2a: Corviknight
|-resisted|p2a: Corviknight
|-damage|p2a: Corviknight|70/100
|
|-heal|p2a: Corviknight|77/100|[from] item: Leftovers
|upkeep
|turn|6
|
|t:|1769420825
|switch|p1a: Behemoth|Great Tusk, shiny|100/100
|move|p2a: Corviknight|Body Press|p1a: Behemoth
|-damage|p1a: Behemoth|82/100
|
|-heal|p2a: Corviknight|83/100|[from] item: Leftovers
|upkeep
|turn|7
|
|t:|1769420834
|move|p1a: Behemoth|Rapid Spin|p2a: Corviknight
|-resisted|p2a: Corviknight
|-damage|p2a: Corviknight|77/100
|-boost|p1a: Behemoth|spe|1
|-sideend|p1: asdadac|Spikes|[from] move: Rapid Spin|[of] p1a: Behemoth
|move|p2a: Corviknight|Defog|p1a: Behemoth
|-unboost|p1a: Behemoth|evasion|1
|-sideend|p2: Gen8Trihard|Stealth Rock|[from] move: Defog|[of] p2a: Corviknight
|
|-heal|p2a: Corviknight|84/100|[from] item: Leftovers
|upkeep
|turn|8
|
|t:|1769420846
|-end|p1a: Behemoth|Protosynthesis|[silent]
|switch|p1a: Overseer|Pecharunt|100/100
|move|p2a: Corviknight|Iron Defense|p2a: Corviknight
|-boost|p2a: Corviknight|def|2
|
|-heal|p2a: Corviknight|90/100|[from] item: Leftovers
|upkeep
|turn|9
|
|t:|1769420858
|switch|p2a: Toxapex|Toxapex, M|100/100
|move|p1a: Overseer|Shadow Ball|p2a: Toxapex
|-damage|p2a: Toxapex|83/100
|
|-heal|p2a: Toxapex|90/100|[from] item: Leftovers
|upkeep
|turn|10
|
|t:|1769420866
|move|p1a: Overseer|Parting Shot|p2a: Toxapex
|-unboost|p2a: Toxapex|atk|1
|-unboost|p2a: Toxapex|spa|1
|
|t:|1769420871
|switch|p1a: Smile.exe|Tinkaton, F, shiny|100/100|[from] Parting Shot
|-item|p1a: Smile.exe|Air Balloon
|move|p2a: Toxapex|Toxic|p1a: Smile.exe
|-immune|p1a: Smile.exe
|
|-heal|p2a: Toxapex|96/100|[from] item: Leftovers
|upkeep
|turn|11
|
|t:|1769420880
|switch|p2a: Corviknight|Corviknight, M|90/100
|-ability|p2a: Corviknight|Pressure
|move|p1a: Smile.exe|Stealth Rock|p2a: Corviknight
|-sidestart|p2: Gen8Trihard|move: Stealth Rock
|
|-heal|p2a: Corviknight|96/100|[from] item: Leftovers
|upkeep
|turn|12
|
|t:|1769420895
|switch|p1a: Anonymous|Ogerpon, F|100/100
|move|p2a: Corviknight|Defog|p1a: Anonymous
|-unboost|p1a: Anonymous|evasion|1
|-ability|p1a: Anonymous|Defiant|boost
|-boost|p1a: Anonymous|atk|2
|-sideend|p2: Gen8Trihard|Stealth Rock|[from] move: Defog|[of] p2a: Corviknight
|
|-heal|p2a: Corviknight|100/100|[from] item: Leftovers
|upkeep
|turn|13
|j| Samurajen
|
|t:|1769420915
|move|p1a: Anonymous|Knock Off|p2a: Corviknight
|-damage|p2a: Corviknight|44/100
|-enditem|p2a: Corviknight|Leftovers|[from] move: Knock Off|[of] p1a: Anonymous
|move|p2a: Corviknight|Iron Defense|p2a: Corviknight
|-boost|p2a: Corviknight|def|2
|
|upkeep
|turn|14
|
|t:|1769420923
|switch|p1a: Overseer|Pecharunt|100/100
|move|p2a: Corviknight|Roost|p2a: Corviknight
|-heal|p2a: Corviknight|94/100
|-singleturn|p2a: Corviknight|move: Roost
|
|upkeep
|turn|15
|
|t:|1769420931
|move|p1a: Overseer|Shadow Ball|p2a: Corviknight
|-damage|p2a: Corviknight|70/100
|move|p2a: Corviknight|Iron Defense|p2a: Corviknight
|-boost|p2a: Corviknight|def|2
|
|upkeep
|turn|16
|
|t:|1769420939
|move|p1a: Overseer|Shadow Ball|p2a: Corviknight
|-crit|p2a: Corviknight
|-damage|p2a: Corviknight|36/100
|move|p2a: Corviknight|Iron Defense|p2a: Corviknight
|-boost|p2a: Corviknight|def|2
|
|upkeep
|turn|17
|
|t:|1769420945
|move|p1a: Overseer|Shadow Ball|p2a: Corviknight
|-damage|p2a: Corviknight|13/100
|move|p2a: Corviknight|Roost|p2a: Corviknight
|-heal|p2a: Corviknight|63/100
|-singleturn|p2a: Corviknight|move: Roost
|
|upkeep
|turn|18
|
|t:|1769420953
|move|p1a: Overseer|Shadow Ball|p2a: Corviknight
|-damage|p2a: Corviknight|41/100
|move|p2a: Corviknight|Roost|p2a: Corviknight
|-heal|p2a: Corviknight|91/100
|-singleturn|p2a: Corviknight|move: Roost
|
|upkeep
|turn|19
|
|t:|1769420960
|switch|p2a: Blissey|Blissey, F|100/100
|move|p1a: Overseer|Shadow Ball|p2a: Blissey
|-immune|p2a: Blissey
|
|upkeep
|turn|20
|
|t:|1769420974
|move|p1a: Overseer|Parting Shot|p2a: Blissey
|-unboost|p2a: Blissey|atk|1
|-unboost|p2a: Blissey|spa|1
|
|t:|1769420979
|switch|p1a: Behemoth|Great Tusk, shiny|82/100|[from] Parting Shot
|move|p2a: Blissey|Stealth Rock|p1a: Behemoth
|-sidestart|p1: asdadac|move: Stealth Rock
|
|upkeep
|turn|21
|
|t:|1769420990
|switch|p2a: Corviknight|Corviknight, M|91/100
|-ability|p2a: Corviknight|Pressure
|move|p1a: Behemoth|Close Combat|p2a: Corviknight
|-damage|p2a: Corviknight|51/100
|-unboost|p1a: Behemoth|def|1
|-unboost|p1a: Behemoth|spd|1
|
|upkeep
|turn|22
|
|t:|1769421002
|-terastallize|p1a: Behemoth|Fighting
|move|p1a: Behemoth|Close Combat|p2a: Corviknight
|-damage|p2a: Corviknight|0 fnt
|-unboost|p1a: Behemoth|def|1
|-unboost|p1a: Behemoth|spd|1
|faint|p2a: Corviknight
|
|upkeep
|
|t:|1769421021
|switch|p2a: Gliscor|Gliscor, M|100/100 tox
|turn|23
|
|t:|1769421025
|move|p1a: Behemoth|Ice Spinner|p2a: Gliscor
|-supereffective|p2a: Gliscor
|-crit|p2a: Gliscor
|-damage|p2a: Gliscor|0 fnt
|faint|p2a: Gliscor
|
|upkeep
|
|t:|1769421032
|switch|p2a: Dondozo|Dondozo, M|100/100
|turn|24
|
|t:|1769421037
|move|p1a: Behemoth|Rapid Spin|p2a: Dondozo
|-damage|p2a: Dondozo|93/100
|-boost|p1a: Behemoth|spe|1
|-sideend|p1: asdadac|Stealth Rock|[from] move: Rapid Spin|[of] p1a: Behemoth
|move|p2a: Dondozo|Body Press|p1a: Behemoth
|-damage|p1a: Behemoth|62/100
|
|-heal|p2a: Dondozo|99/100|[from] item: Leftovers
|upkeep
|turn|25
|
|t:|1769421046
|-end|p1a: Behemoth|Protosynthesis|[silent]
|switch|p1a: Overseer|Pecharunt|100/100
|move|p2a: Dondozo|Avalanche|p1a: Overseer
|-crit|p1a: Overseer
|-damage|p1a: Overseer|92/100
|-damage|p2a: Dondozo|83/100|[from] item: Rocky Helmet|[of] p1a: Overseer
|
|-heal|p2a: Dondozo|89/100|[from] item: Leftovers
|upkeep
|turn|26
|
|t:|1769421053
|switch|p2a: Blissey|Blissey, F|100/100
|move|p1a: Overseer|Malignant Chain|p2a: Blissey
|-damage|p2a: Blissey|91/100
|
|-heal|p2a: Blissey|97/100|[from] item: Leftovers
|upkeep
|turn|27
|
|t:|1769421062
|move|p1a: Overseer|Parting Shot|p2a: Blissey
|-unboost|p2a: Blissey|atk|1
|-unboost|p2a: Blissey|spa|1
|
|t:|1769421067
|switch|p1a: Behemoth|Great Tusk, shiny, tera:Fighting|62/100|[from] Parting Shot
|move|p2a: Blissey|Stealth Rock|p1a: Behemoth
|-sidestart|p1: asdadac|move: Stealth Rock
|
|-heal|p2a: Blissey|100/100|[from] item: Leftovers
|upkeep
|turn|28
|
|t:|1769421076
|switch|p2a: Toxapex|Toxapex, M|100/100
|move|p1a: Behemoth|Rapid Spin|p2a: Toxapex
|-crit|p2a: Toxapex
|-damage|p2a: Toxapex|81/100
|-boost|p1a: Behemoth|spe|1
|-sideend|p1: asdadac|Stealth Rock|[from] move: Rapid Spin|[of] p1a: Behemoth
|
|-heal|p2a: Toxapex|88/100|[from] item: Leftovers
|upkeep
|turn|29
|
|t:|1769421086
|switch|p2a: Dondozo|Dondozo, M|89/100
|move|p1a: Behemoth|Headlong Rush|p2a: Dondozo
|-damage|p2a: Dondozo|63/100
|-unboost|p1a: Behemoth|def|1
|-unboost|p1a: Behemoth|spd|1
|
|-heal|p2a: Dondozo|69/100|[from] item: Leftovers
|upkeep
|turn|30
|
|t:|1769421096
|-end|p1a: Behemoth|Protosynthesis|[silent]
|switch|p1a: Overseer|Pecharunt|92/100
|move|p2a: Dondozo|Avalanche|p1a: Overseer
|-damage|p1a: Overseer|85/100
|-damage|p2a: Dondozo|53/100|[from] item: Rocky Helmet|[of] p1a: Overseer
|
|-heal|p2a: Dondozo|59/100|[from] item: Leftovers
|upkeep
|turn|31
|
|t:|1769421104
|switch|p2a: Blissey|Blissey, F|100/100
|move|p1a: Overseer|Parting Shot|p2a: Blissey
|-unboost|p2a: Blissey|atk|1
|-unboost|p2a: Blissey|spa|1
|
|t:|1769421110
|switch|p1a: Behemoth|Great Tusk, shiny, tera:Fighting|62/100|[from] Parting Shot
|
|upkeep
|turn|32
|
|t:|1769421114
|switch|p2a: Dondozo|Dondozo, M|59/100
|move|p1a: Behemoth|Close Combat|p2a: Dondozo
|-damage|p2a: Dondozo|24/100
|-unboost|p1a: Behemoth|def|1
|-unboost|p1a: Behemoth|spd|1
|
|-heal|p2a: Dondozo|30/100|[from] item: Leftovers
|upkeep
|turn|33
|
|t:|1769421127
|move|p1a: Behemoth|Headlong Rush|p2a: Dondozo
|-damage|p2a: Dondozo|0 fnt
|-unboost|p1a: Behemoth|def|1
|-unboost|p1a: Behemoth|spd|1
|faint|p2a: Dondozo
|
|upkeep
|-message|Gen8Trihard forfeited.
|
|win|asdadac
|raw|asdadac's rating: 1500 &rarr; <strong>1522</strong><br />(+22 for winning)
|raw|Gen8Trihard's rating: 1542 &rarr; <strong>1520</strong><br />(-22 for losing)
|l|☆Gen8Trihard
|player|p2|
|l|☆asdadac
|player|p1|
