|j|☆BIGBODY55
|j|☆bettercalltilin
|t:|1769304584
|gametype|singles
|player|p1|BIGBODY55|thorton|1276
|player|p2|bettercalltilin|caitlin|1267
|gen|9
|tier|[Gen 9] OU
|rated|
|rule|HP Percentage Mod: HP is shown in percentages
|rule|Endless Battle Clause: Forcing endless battles is banned
|rule|Species Clause: Limit one of each Pokémon
|rule|OHKO Clause: OHKO moves are banned
|rule|Evasion Items Clause: Evasion items are banned
|rule|Evasion Moves Clause: Evasion moves are banned
|rule|Evasion Abilities Clause: Evasion abilities are banned
|rule|Sleep Moves Clause: Sleep-inducing moves are banned
|clearpoke
|poke|p1|Gogoat, M|
|poke|p1|Zarude|
|poke|p1|Rillaboom, F|
|poke|p1|Kingambit, F|
|poke|p1|Hawlucha, F|
|poke|p1|Iron Moth|
|poke|p2|Torkoal, F|
|poke|p2|Walking Wake|
|poke|p2|Venusaur, F|
|poke|p2|Great Tusk|
|poke|p2|Cinderace, F|
|poke|p2|Zapdos|
|teampreview
|inactive|Battle timer is ON: inactive players will automatically lose when time's up. (requested by bettercalltilin)
|
|t:|1769304594
|teamsize|p1|6
|teamsize|p2|6
|start
|switch|p1a: Rillaboom|Rillaboom, F|100/100
|switch|p2a: Zapdos|Zapdos|100/100
|-fieldstart|move: Grassy Terrain|[from] ability: Grassy Surge|[of] p1a: Rillaboom
|turn|1
|
|t:|1769304607
|-terastallize|p1a: Rillaboom|Ground
|move|p2a: Zapdos|U-turn|p1a: Rillaboom
|-damage|p1a: Rillaboom|88/100
|
|t:|1769304616
|switch|p2a: Great Tusk|Great Tusk|100/100|[from] U-turn
|move|p1a: Rillaboom|Wood Hammer|p2a: Great Tusk
|-supereffective|p2a: Great Tusk
|-damage|p2a: Great Tusk|0 fnt
|faint|p2a: Great Tusk
|-end|p2a: Great Tusk|Protosynthesis|[silent]
|-damage|p1a: Rillaboom|58/100|[from] Recoil
|
|-heal|p1a: Rillaboom|64/100|[from] Grassy Terrain
|upkeep
|
|t:|1769304629
|switch|p2a: Walking Wake|Walking Wake|100/100
|turn|2
|
|t:|1769304647
|switch|p1a: Gogoat|Gogoat, M|100/100
|move|p2a: Walking Wake|Draco Meteor|p1a: Gogoat
|-crit|p1a: Gogoat
|-damage|p1a: Gogoat|12/100
|-unboost|p2a: Walking Wake|spa|2
|
|-heal|p1a: Gogoat|18/100|[from] Grassy Terrain
|upkeep
|turn|3
|
|t:|1769304660
|switch|p1a: Kingambit|Kingambit, F, shiny|100/100
|move|p2a: Walking Wake|Draco Meteor|p1a: Kingambit
|-resisted|p1a: Kingambit
|-damage|p1a: Kingambit|79/100
|-unboost|p2a: Walking Wake|spa|2
|
|-heal|p1a: Kingambit|85/100|[from] Grassy Terrain
|upkeep
|turn|4
|
|t:|1769304679
|-end|p2a: Walking Wake|Protosynthesis|[silent]
|switch|p2a: Torkoal|Torkoal, F|100/100
|-weather|SunnyDay|[from] ability: Drought|[of] p2a: Torkoal
|-end|p1a: Kingambit|fallenundefined|[silent]
|switch|p1a: Hawlucha|Hawlucha, F|100/100
|-enditem|p1a: Hawlucha|Grassy Seed
|-boost|p1a: Hawlucha|def|1|[from] item: Grassy Seed
|
|-weather|SunnyDay|[upkeep]
|upkeep
|turn|5
|
|t:|1769304685
|move|p1a: Hawlucha|Swords Dance|p1a: Hawlucha
|-boost|p1a: Hawlucha|atk|2
|move|p2a: Torkoal|Will-O-Wisp|p1a: Hawlucha|[miss]
|-miss|p2a: Torkoal|p1a: Hawlucha
|
|-weather|SunnyDay|[upkeep]
|upkeep
|turn|6
|
|t:|1769304688
|move|p1a: Hawlucha|Close Combat|p2a: Torkoal
|-damage|p2a: Torkoal|41/100
|-unboost|p1a: Hawlucha|def|1
|-unboost|p1a: Hawlucha|spd|1
|move|p2a: Torkoal|Will-O-Wisp|p1a: Hawlucha
|-status|p1a: Hawlucha|brn
|
|-weather|SunnyDay|[upkeep]
|-heal|p2a: Torkoal|47/100|[from] Grassy Terrain
|-damage|p1a: Hawlucha|94/100 brn|[from] brn
|upkeep
|turn|7
|
|t:|1769304693
|switch|p2a: Zapdos|Zapdos|100/100
|move|p1a: Hawlucha|Swords Dance|p1a: Hawlucha
|-boost|p1a: Hawlucha|atk|2
|
|-weather|SunnyDay|[upkeep]
|-damage|p1a: Hawlucha|88/100 brn|[from] brn
|upkeep
|turn|8
|
|t:|1769304698
|switch|p1a: Rillaboom|Rillaboom, F, tera:Ground|64/100
|move|p2a: Zapdos|Thunderbolt|p1a: Rillaboom
|-immune|p1a: Rillaboom
|
|-weather|SunnyDay|[upkeep]
|-heal|p1a: Rillaboom|70/100|[from] Grassy Terrain
|-fieldend|move: Grassy Terrain
|upkeep
|turn|9
|
|t:|1769304713
|move|p2a: Zapdos|U-turn|p1a: Rillaboom
|-damage|p1a: Rillaboom|58/100
|
|t:|1769304719
|switch|p2a: Walking Wake|Walking Wake|100/100|[from] U-turn
|-activate|p2a: Walking Wake|ability: Protosynthesis
|-start|p2a: Walking Wake|protosynthesisspe
|move|p1a: Rillaboom|Stomping Tantrum|p2a: Walking Wake
|-damage|p2a: Walking Wake|58/100
|
|-weather|SunnyDay|[upkeep]
|upkeep
|turn|10
|
|t:|1769304728
|switch|p1a: Gogoat|Gogoat, M|18/100
|move|p2a: Walking Wake|Flamethrower|p1a: Gogoat
|-supereffective|p1a: Gogoat
|-damage|p1a: Gogoat|0 fnt
|faint|p1a: Gogoat
|
|-weather|SunnyDay|[upkeep]
|upkeep
|
|t:|1769304740
|switch|p1a: Dorito|Iron Moth, shiny|100/100
|-enditem|p1a: Dorito|Booster Energy
|-activate|p1a: Dorito|ability: Quark Drive|[fromitem]
|-start|p1a: Dorito|quarkdrivespe
|turn|11
|
|t:|1769304745
|-end|p2a: Walking Wake|Protosynthesis|[silent]
|switch|p2a: Cinderace|Cinderace, F|100/100
|move|p1a: Dorito|Substitute|p1a: Dorito
|-start|p1a: Dorito|Substitute
|-damage|p1a: Dorito|76/100
|
|-weather|none
|upkeep
|turn|12
|
|t:|1769304755
|move|p1a: Dorito|Fiery Dance|p2a: Cinderace
|-resisted|p2a: Cinderace
|-damage|p2a: Cinderace|73/100
|-boost|p1a: Dorito|spa|1
|move|p2a: Cinderace|U-turn|p1a: Dorito
|-start|p2a: Cinderace|typechange|Bug|[from] ability: Libero
|-resisted|p1a: Dorito
|-activate|p1a: Dorito|move: Substitute|[damage]
|
|t:|1769304760
|switch|p2a: Zapdos|Zapdos|100/100|[from] U-turn
|
|upkeep
|turn|13
|
|t:|1769304763
|move|p1a: Dorito|Sludge Wave|p2a: Zapdos
|-damage|p2a: Zapdos|34/100
|move|p2a: Zapdos|Thunderbolt|p1a: Dorito
|-end|p1a: Dorito|Substitute
|
|upkeep
|turn|14
|
|t:|1769304771
|switch|p2a: Torkoal|Torkoal, F|47/100
|-weather|SunnyDay|[from] ability: Drought|[of] p2a: Torkoal
|move|p1a: Dorito|Sludge Wave|p2a: Torkoal
|-damage|p2a: Torkoal|0 fnt
|faint|p2a: Torkoal
|
|-weather|SunnyDay|[upkeep]
|upkeep
|
|t:|1769304798
|switch|p2a: Cinderace|Cinderace, F|73/100
|turn|15
|
|t:|1769304801
|move|p2a: Cinderace|Sucker Punch|p1a: Dorito
|-start|p2a: Cinderace|typechange|Dark|[from] ability: Libero
|-damage|p1a: Dorito|27/100
|move|p1a: Dorito|Sludge Wave|p2a: Cinderace
|-damage|p2a: Cinderace|0 fnt
|faint|p2a: Cinderace
|
|-weather|SunnyDay|[upkeep]
|upkeep
|
|t:|1769304814
|switch|p2a: Venusaur|Venusaur, F|100/100
|turn|16
|
|t:|1769304819
|move|p2a: Venusaur|Weather Ball|p1a: Dorito
|-resisted|p1a: Dorito
|-crit|p1a: Dorito
|-damage|p1a: Dorito|0 fnt
|faint|p1a: Dorito
|-end|p1a: Dorito|Quark Drive|[silent]
|-damage|p2a: Venusaur|91/100|[from] item: Life Orb
|
|-weather|SunnyDay|[upkeep]
|upkeep
|inactive|BIGBODY55 has 120 seconds left.
|
|t:|1769304850
|switch|p1a: Rillaboom|Rillaboom, F, tera:Ground|58/100
|-fieldstart|move: Grassy Terrain|[from] ability: Grassy Surge|[of] p1a: Rillaboom
|turn|17
|
|t:|1769304859
|move|p2a: Venusaur|Weather Ball|p1a: Rillaboom
|-damage|p1a: Rillaboom|0 fnt
|faint|p1a: Rillaboom
|-damage|p2a: Venusaur|81/100|[from] item: Life Orb
|
|-weather|SunnyDay|[upkeep]
|-heal|p2a: Venusaur|87/100|[from] Grassy Terrain
|upkeep
|inactive|BIGBODY55 has 120 seconds left.
|
|t:|1769304875
|switch|p1a: Hawlucha|Hawlucha, F|88/100 brn
|turn|18
|
|t:|1769304879
|move|p2a: Venusaur|Weather Ball|p1a: Hawlucha
|-damage|p1a: Hawlucha|11/100 brn
|-damage|p2a: Venusaur|77/100|[from] item: Life Orb
|move|p1a: Hawlucha|Acrobatics|p2a: Venusaur
|-supereffective|p2a: Venusaur
|-damage|p2a: Venusaur|7/100
|
|-weather|SunnyDay|[upkeep]
|-heal|p2a: Venusaur|13/100|[from] Grassy Terrain
|-damage|p1a: Hawlucha|5/100 brn|[from] brn
|upkeep
|turn|19
|
|t:|1769304896
|move|p2a: Venusaur|Giga Drain|p1a: Hawlucha
|-resisted|p1a: Hawlucha
|-damage|p1a: Hawlucha|0 fnt
|-heal|p2a: Venusaur|15/100|[from] drain|[of] p1a: Hawlucha
|faint|p1a: Hawlucha
|-damage|p2a: Venusaur|5/100|[from] item: Life Orb
|
|-weather|SunnyDay|[upkeep]
|-heal|p2a: Venusaur|11/100|[from] Grassy Terrain
|upkeep
|
|t:|1769304897
|switch|p1a: Zarude|Zarude|100/100
|turn|20
|
|t:|1769304905
|move|p2a: Venusaur|Weather Ball|p1a: Zarude
|-supereffective|p1a: Zarude
|-damage|p1a: Zarude|0 fnt
|faint|p1a: Zarude
|-damage|p2a: Venusaur|1/100|[from] item: Life Orb
|
|-weather|SunnyDay|[upkeep]
|-heal|p2a: Venusaur|7/100|[from] Grassy Terrain
|upkeep
|
|t:|1769304906
|switch|p1a: Kingambit|Kingambit, F, shiny|85/100
|-activate|p1a: Kingambit|ability: Supreme Overlord
|-start|p1a: Kingambit|fallen5|[silent]
|turn|21
|
|t:|1769304912
|move|p1a: Kingambit|Sucker Punch||[still]
|-fail|p1a: Kingambit
|move|p2a: Venusaur|Growth|p2a: Venusaur
|-boost|p2a: Venusaur|atk|2
|-boost|p2a: Venusaur|spa|2
|
|-weather|none
|-heal|p2a: Venusaur|13/100|[from] Grassy Terrain
|-heal|p1a: Kingambit|91/100|[from] Grassy Terrain
|upkeep
|turn|22
|
|t:|1769304915
|move|p1a: Kingambit|Sucker Punch||[still]
|-fail|p1a: Kingambit
|move|p2a: Venusaur|Growth|p2a: Venusaur
|-boost|p2a: Venusaur|atk|1
|-boost|p2a: Venusaur|spa|1
|
|-heal|p2a: Venusaur|19/100|[from] Grassy Terrain
|-heal|p1a: Kingambit|98/100|[from] Grassy Terrain
|upkeep
|turn|23
|
|t:|1769304919
|move|p2a: Venusaur|Weather Ball|p1a: Kingambit
|-resisted|p1a: Kingambit
|-damage|p1a: Kingambit|74/100
|-damage|p2a: Venusaur|9/100|[from] item: Life Orb
|move|p1a: Kingambit|Iron Head|p2a: Venusaur
|-damage|p2a: Venusaur|0 fnt
|faint|p2a: Venusaur
|
|-heal|p1a: Kingambit|80/100|[from] Grassy Terrain
|upkeep
|
|t:|1769304924
|switch|p2a: Zapdos|Zapdos|34/100
|turn|24
|
|t:|1769304929
|move|p2a: Zapdos|Thunder Wave|p1a: Kingambit
|-status|p1a: Kingambit|par
|move|p1a: Kingambit|Iron Head|p2a: Zapdos
|-resisted|p2a: Zapdos
|-damage|p2a: Zapdos|8/100
|
|-heal|p1a: Kingambit|87/100 par|[from] Grassy Terrain
|-fieldend|move: Grassy Terrain
|upkeep
|turn|25
|
|t:|1769304934
|move|p1a: Kingambit|Sucker Punch||[still]
|-fail|p1a: Kingambit
|move|p2a: Zapdos|Roost|p2a: Zapdos
|-heal|p2a: Zapdos|58/100
|-singleturn|p2a: Zapdos|move: Roost
|
|upkeep
|turn|26
|
|t:|1769304945
|move|p2a: Zapdos|Thunderbolt|p1a: Kingambit
|-damage|p1a: Kingambit|53/100 par
|cant|p1a: Kingambit|par
|
|upkeep
|turn|27
|
|t:|1769304950
|move|p2a: Zapdos|Roost|p2a: Zapdos
|-heal|p2a: Zapdos|100/100
|-singleturn|p2a: Zapdos|move: Roost
|move|p1a: Kingambit|Swords Dance|p1a: Kingambit
|-boost|p1a: Kingambit|atk|2
|
|upkeep
|turn|28
|
|t:|1769304952
|cant|p1a: Kingambit|par
|move|p2a: Zapdos|Thunderbolt|p1a: Kingambit
|-damage|p1a: Kingambit|20/100 par
|
|upkeep
|turn|29
|
|t:|1769304961
|move|p1a: Kingambit|Sucker Punch||[still]
|-fail|p1a: Kingambit
|move|p2a: Zapdos|Thunder Wave|p1a: Kingambit
|-fail|p1a: Kingambit|par
|
|upkeep
|turn|30
|
|t:|1769304967
|move|p1a: Kingambit|Sucker Punch|p2a: Zapdos
|-damage|p2a: Zapdos|0 fnt
|faint|p2a: Zapdos
|
|upkeep
|
|t:|1769304969
|switch|p2a: Walking Wake|Walking Wake|58/100
|turn|31
|
|t:|1769304973
|move|p1a: Kingambit|Sucker Punch|p2a: Walking Wake
|-damage|p2a: Walking Wake|0 fnt
|faint|p2a: Walking Wake
|-end|p2a: Walking Wake|Protosynthesis|[silent]
|
|win|BIGBODY55
|raw|BIGBODY55's rating: 1276 &rarr; <strong>1300</strong><br />(+24 for winning)
|raw|bettercalltilin's rating: 1267 &rarr; <strong>1243</strong><br />(-24 for losing)
|c|☆BIGBODY55|Gg
|l|☆bettercalltilin
|player|p2|
|l|☆BIGBODY55
|player|p1|
