|j|☆litlatdathoe
|j|☆iVolker
|t:|1769414532
|gametype|singles
|player|p1|litlatdathoe|gambler|1179
|player|p2|iVolker|102|1254
|gen|9
|tier|[Gen 9] OU
|rated|
|rule|HP Percentage Mod: HP is shown in percentages
|rule|Endless Battle Clause: Forcing endless battles is banned
|rule|Species Clause: Limit one of each Pokémon
|rule|OHKO Clause: OHKO moves are banned
|rule|Evasion Items Clause: Evasion items are banned
|rule|Evasion Moves Clause: Evasion moves are banned
|rule|Evasion Abilities Clause: Evasion abilities are banned
|rule|Sleep Moves Clause: Sleep-inducing moves are banned
|clearpoke
|poke|p1|Ninetales, M|
|poke|p1|Iron Moth|
|poke|p1|Venusaur, F|
|poke|p1|Great Tusk|
|poke|p1|Walking Wake|
|poke|p1|Comfey, M|
|poke|p2|Alomomola, M|
|poke|p2|Enamorus, F|
|poke|p2|Great Tusk|
|poke|p2|Iron Crown|
|poke|p2|Pecharunt|
|poke|p2|Lokix, F|
|teampreview
|
|t:|1769414562
|teamsize|p1|6
|teamsize|p2|6
|start
|switch|p1a: Ninetales|Ninetales, M|100/100
|switch|p2a: Sneakin'|Enamorus, F|100/100
|-weather|SunnyDay|[from] ability: Drought|[of] p1a: Ninetales
|turn|1
|
|t:|1769414592
|switch|p1a: Iron Moth|Iron Moth|100/100
|-enditem|p1a: Iron Moth|Booster Energy
|-activate|p1a: Iron Moth|ability: Quark Drive|[fromitem]
|-start|p1a: Iron Moth|quarkdrivespe
|-terastallize|p2a: Sneakin'|Stellar
|move|p2a: Sneakin'|Tera Blast|p1a: Iron Moth|[anim] Tera Blast Stellar
|-damage|p1a: Iron Moth|31/100
|-boost|p2a: Sneakin'|atk|1
|-boost|p2a: Sneakin'|spa|1
|
|-weather|SunnyDay|[upkeep]
|upkeep
|turn|2
|
|t:|1769414618
|switch|p2a: Californication|Pecharunt|100/100
|move|p1a: Iron Moth|Dazzling Gleam|p2a: Californication
|-resisted|p2a: Californication
|-damage|p2a: Californication|88/100
|
|-weather|SunnyDay|[upkeep]
|upkeep
|turn|3
|inactive|Battle timer is ON: inactive players will automatically lose when time's up. (requested by iVolker)
|
|t:|1769414656
|-end|p1a: Iron Moth|Quark Drive|[silent]
|switch|p1a: Venusaur|Venusaur, F|100/100
|move|p2a: Californication|Parting Shot|p1a: Venusaur
|-unboost|p1a: Venusaur|atk|1
|-unboost|p1a: Venusaur|spa|1
|inactive|iVolker has 120 seconds left.
|
|t:|1769414698
|switch|p2a: Whatcha Doing|Iron Crown|100/100|[from] Parting Shot
|
|-weather|SunnyDay|[upkeep]
|upkeep
|turn|4
|
|t:|1769414709
|move|p1a: Venusaur|Growth|p1a: Venusaur
|-boost|p1a: Venusaur|atk|2
|-boost|p1a: Venusaur|spa|2
|move|p2a: Whatcha Doing|Psychic Noise|p1a: Venusaur
|-supereffective|p1a: Venusaur
|-damage|p1a: Venusaur|9/100
|-start|p1a: Venusaur|move: Heal Block
|
|-weather|SunnyDay|[upkeep]
|upkeep
|turn|5
|
|t:|1769414725
|-end|p2a: Whatcha Doing|Quark Drive|[silent]
|switch|p2a: Blue Sky|Alomomola, M|100/100
|move|p1a: Venusaur|Earth Power|p2a: Blue Sky
|-damage|p2a: Blue Sky|68/100
|-damage|p1a: Venusaur|0 fnt|[from] item: Life Orb
|faint|p1a: Venusaur
|
|-weather|SunnyDay|[upkeep]
|upkeep
|
|t:|1769414735
|switch|p1a: Walking Wake|Walking Wake|100/100
|-activate|p1a: Walking Wake|ability: Protosynthesis
|-start|p1a: Walking Wake|protosynthesisspa
|turn|6
|
|t:|1769414758
|move|p1a: Walking Wake|Knock Off|p2a: Blue Sky
|-damage|p2a: Blue Sky|56/100
|-enditem|p2a: Blue Sky|Assault Vest|[from] move: Knock Off|[of] p1a: Walking Wake
|move|p2a: Blue Sky|Body Slam|p1a: Walking Wake
|-damage|p1a: Walking Wake|84/100
|
|-weather|SunnyDay|[upkeep]
|upkeep
|turn|7
|
|t:|1769414780
|move|p1a: Walking Wake|Draco Meteor|p2a: Blue Sky
|-damage|p2a: Blue Sky|0 fnt
|-unboost|p1a: Walking Wake|spa|2
|faint|p2a: Blue Sky
|
|-weather|SunnyDay|[upkeep]
|upkeep
|
|t:|1769414789
|switch|p2a: Sneakin'|Enamorus, F, tera:Stellar|100/100
|turn|8
|
|t:|1769414808
|-end|p1a: Walking Wake|Protosynthesis|[silent]
|switch|p1a: Comfey|Comfey, M|100/100
|move|p2a: Sneakin'|Tera Blast|p1a: Comfey|[anim] Tera Blast Stellar
|-damage|p1a: Comfey|44/100
|-boost|p2a: Sneakin'|atk|1
|-boost|p2a: Sneakin'|spa|1
|
|-weather|none
|upkeep
|turn|9
|
|t:|1769414819
|move|p1a: Comfey|Draining Kiss|p2a: Sneakin'
|-damage|p2a: Sneakin'|61/100
|-heal|p1a: Comfey|72/100|[from] drain|[of] p2a: Sneakin'
|-damage|p1a: Comfey|62/100|[from] item: Life Orb
|move|p2a: Sneakin'|Tera Blast|p1a: Comfey|[anim] Tera Blast Stellar
|-damage|p1a: Comfey|0 fnt
|-boost|p2a: Sneakin'|atk|1
|-boost|p2a: Sneakin'|spa|1
|faint|p1a: Comfey
|
|upkeep
|
|t:|1769414830
|switch|p1a: Ninetales|Ninetales, M|100/100
|-weather|SunnyDay|[from] ability: Drought|[of] p1a: Ninetales
|turn|10
|
|t:|1769414836
|move|p2a: Sneakin'|Tera Blast|p1a: Ninetales|[anim] Tera Blast Stellar
|-damage|p1a: Ninetales|0 fnt
|-boost|p2a: Sneakin'|atk|1
|-boost|p2a: Sneakin'|spa|1
|faint|p1a: Ninetales
|
|-weather|SunnyDay|[upkeep]
|upkeep
|
|t:|1769414845
|switch|p1a: Iron Moth|Iron Moth|31/100
|turn|11
|
|t:|1769414855
|switch|p2a: Californication|Pecharunt|88/100
|move|p1a: Iron Moth|Sludge Wave|p2a: Californication
|-resisted|p2a: Californication
|-damage|p2a: Californication|75/100
|
|-weather|SunnyDay|[upkeep]
|upkeep
|turn|12
|
|t:|1769414863
|move|p1a: Iron Moth|Fiery Dance|p2a: Californication
|-damage|p2a: Californication|19/100
|move|p2a: Californication|Parting Shot|p1a: Iron Moth
|-unboost|p1a: Iron Moth|atk|1
|-unboost|p1a: Iron Moth|spa|1
|
|t:|1769414878
|switch|p2a: These Walls|Great Tusk|100/100|[from] Parting Shot
|-activate|p2a: These Walls|ability: Protosynthesis
|-start|p2a: These Walls|protosynthesisatk
|
|-weather|SunnyDay|[upkeep]
|upkeep
|turn|13
|
|t:|1769414889
|-end|p1a: Iron Moth|Quark Drive|[silent]
|switch|p1a: Walking Wake|Walking Wake|84/100
|-activate|p1a: Walking Wake|ability: Protosynthesis
|-start|p1a: Walking Wake|protosynthesisspa
|move|p2a: These Walls|Headlong Rush|p1a: Walking Wake
|-damage|p1a: Walking Wake|1/100
|-unboost|p2a: These Walls|def|1
|-unboost|p2a: These Walls|spd|1
|
|-weather|SunnyDay|[upkeep]
|upkeep
|turn|14
|
|t:|1769414904
|-end|p2a: These Walls|Protosynthesis|[silent]
|switch|p2a: Sneakin'|Enamorus, F, tera:Stellar|61/100
|move|p1a: Walking Wake|Hydro Steam|p2a: Sneakin'
|-damage|p2a: Sneakin'|0 fnt
|faint|p2a: Sneakin'
|
|-weather|SunnyDay|[upkeep]
|upkeep
|
|t:|1769414909
|switch|p2a: USE THIS GOSPEL|Lokix, F|100/100
|turn|15
|
|t:|1769414920
|-end|p1a: Walking Wake|Protosynthesis|[silent]
|switch|p1a: Great Tusk|Great Tusk|100/100
|-activate|p1a: Great Tusk|ability: Protosynthesis
|-start|p1a: Great Tusk|protosynthesisatk
|move|p2a: USE THIS GOSPEL|First Impression|p1a: Great Tusk
|-resisted|p1a: Great Tusk
|-damage|p1a: Great Tusk|54/100
|
|-weather|SunnyDay|[upkeep]
|upkeep
|turn|16
|
|t:|1769414938
|switch|p2a: Californication|Pecharunt|19/100
|move|p1a: Great Tusk|Ice Spinner|p2a: Californication
|-damage|p2a: Californication|1/100
|
|-weather|SunnyDay|[upkeep]
|upkeep
|turn|17
|
|t:|1769414946
|move|p1a: Great Tusk|Ice Spinner|p2a: Californication
|-damage|p2a: Californication|0 fnt
|faint|p2a: Californication
|
|-weather|none
|-end|p1a: Great Tusk|Protosynthesis
|upkeep
|
|t:|1769414967
|switch|p2a: Whatcha Doing|Iron Crown|100/100
|turn|18
|
|t:|1769414981
|move|p2a: Whatcha Doing|Tachyon Cutter|p1a: Great Tusk
|-damage|p1a: Great Tusk|17/100
|-damage|p1a: Great Tusk|0 fnt
|faint|p1a: Great Tusk
|-end|p1a: Great Tusk|Protosynthesis|[silent]
|-hitcount|p1: Great Tusk|2
|
|upkeep
|
|t:|1769414990
|switch|p1a: Walking Wake|Walking Wake|1/100
|turn|19
|
|t:|1769415013
|move|p1a: Walking Wake|Hydro Steam|p2a: Whatcha Doing
|-damage|p2a: Whatcha Doing|72/100
|move|p2a: Whatcha Doing|Volt Switch|p1a: Walking Wake
|-damage|p1a: Walking Wake|0 fnt
|faint|p1a: Walking Wake
|-end|p1a: Walking Wake|Protosynthesis|[silent]
|
|t:|1769415020
|-end|p2a: Whatcha Doing|Quark Drive|[silent]
|switch|p2a: These Walls|Great Tusk|100/100|[from] Volt Switch
|
|upkeep
|
|t:|1769415023
|switch|p1a: Iron Moth|Iron Moth|31/100
|turn|20
|
|t:|1769415031
|-terastallize|p1a: Iron Moth|Fairy
|move|p1a: Iron Moth|Dazzling Gleam|p2a: These Walls
|-supereffective|p2a: These Walls
|-damage|p2a: These Walls|0 fnt
|faint|p2a: These Walls
|-end|p2a: These Walls|Protosynthesis|[silent]
|
|upkeep
|
|t:|1769415047
|switch|p2a: Whatcha Doing|Iron Crown|72/100
|turn|21
|
|t:|1769415049
|move|p1a: Iron Moth|Fiery Dance|p2a: Whatcha Doing
|-supereffective|p2a: Whatcha Doing
|-damage|p2a: Whatcha Doing|21/100
|move|p2a: Whatcha Doing|Tachyon Cutter|p1a: Iron Moth
|-supereffective|p1a: Iron Moth
|-crit|p1a: Iron Moth
|-damage|p1a: Iron Moth|0 fnt
|faint|p1a: Iron Moth
|-end|p1a: Iron Moth|Quark Drive|[silent]
|-hitcount|p1: Iron Moth|1
|
|win|iVolker
|raw|litlatdathoe's rating: 1179 &rarr; <strong>1159</strong><br />(-20 for losing)
|raw|iVolker's rating: 1254 &rarr; <strong>1274</strong><br />(+20 for winning)
|l|☆litlatdathoe
|player|p1|
|l|☆iVolker
|player|p2|
