|j|☆Evioliths for win
|j|☆lowkeykrayz
|t:|1769368948
|gametype|singles
|player|p1|Evioliths for win|ninjaboy|1183
|player|p2|lowkeykrayz|ghetsis|1138
|gen|9
|tier|[Gen 9] OU
|rated|
|rule|HP Percentage Mod: HP is shown in percentages
|rule|Endless Battle Clause: Forcing endless battles is banned
|rule|Species Clause: Limit one of each Pokémon
|rule|OHKO Clause: OHKO moves are banned
|rule|Evasion Items Clause: Evasion items are banned
|rule|Evasion Moves Clause: Evasion moves are banned
|rule|Evasion Abilities Clause: Evasion abilities are banned
|rule|Sleep Moves Clause: Sleep-inducing moves are banned
|clearpoke
|poke|p1|Darkrai|
|poke|p1|Gliscor, F|
|poke|p1|Goodra, M|
|poke|p1|Weezing-Galar, M|
|poke|p1|Vikavolt, M|
|poke|p1|Naclstack, F|
|poke|p2|Great Tusk|
|poke|p2|Samurott-Hisui, M|
|poke|p2|Garchomp, M|
|poke|p2|Zapdos|
|poke|p2|Heatran, F|
|poke|p2|Ogerpon, F|
|teampreview
|inactive|Battle timer is ON: inactive players will automatically lose when time's up. (requested by lowkeykrayz)
|
|t:|1769368956
|teamsize|p1|6
|teamsize|p2|6
|start
|switch|p1a: Vikavolt|Vikavolt, M|100/100
|switch|p2a: Samurott|Samurott-Hisui, M|100/100
|turn|1
|
|t:|1769368962
|move|p2a: Samurott|Flip Turn|p1a: Vikavolt
|-damage|p1a: Vikavolt|64/100
|
|t:|1769368973
|switch|p2a: Garchomp|Garchomp, M|100/100|[from] Flip Turn
|move|p1a: Vikavolt|Thunderbolt|p2a: Garchomp
|-immune|p2a: Garchomp
|
|upkeep
|turn|2
|
|t:|1769368979
|move|p2a: Garchomp|Swords Dance|p2a: Garchomp
|-boost|p2a: Garchomp|atk|2
|move|p1a: Vikavolt|Sticky Web|p2a: Garchomp
|-sidestart|p2: lowkeykrayz|move: Sticky Web
|
|upkeep
|turn|3
|
|t:|1769368987
|switch|p1a: Weezing|Weezing-Galar, M|100/100
|move|p2a: Garchomp|Stone Edge|p1a: Weezing
|-damage|p1a: Weezing|53/100
|
|-heal|p1a: Weezing|59/100|[from] item: Black Sludge
|upkeep
|turn|4
|
|t:|1769369004
|switch|p2a: Heatran|Heatran, F|100/100
|-item|p2a: Heatran|Air Balloon
|move|p1a: Weezing|Pain Split|p2a: Heatran
|-sethp|p2a: Heatran|76/100|[from] move: Pain Split|[silent]
|-sethp|p1a: Weezing|87/100|[from] move: Pain Split
|
|-heal|p1a: Weezing|93/100|[from] item: Black Sludge
|upkeep
|turn|5
|
|t:|1769369013
|switch|p1a: Naclstack|Naclstack, F|100/100
|move|p2a: Heatran|Flash Cannon|p1a: Naclstack
|-supereffective|p1a: Naclstack
|-damage|p1a: Naclstack|37/100
|-unboost|p1a: Naclstack|spd|1
|
|upkeep
|turn|6
|
|t:|1769369019
|switch|p1a: Gliscor|Gliscor, F|100/100
|move|p2a: Heatran|Flash Cannon|p1a: Gliscor
|-damage|p1a: Gliscor|61/100
|
|-status|p1a: Gliscor|tox|[from] item: Toxic Orb
|upkeep
|turn|7
|
|t:|1769369025
|move|p1a: Gliscor|Protect|p1a: Gliscor
|-singleturn|p1a: Gliscor|Protect
|move|p2a: Heatran|Magma Storm|p1a: Gliscor
|-activate|p1a: Gliscor|move: Protect
|
|-heal|p1a: Gliscor|74/100 tox|[from] ability: Poison Heal
|upkeep
|turn|8
|
|t:|1769369028
|move|p1a: Gliscor|U-turn|p2a: Heatran
|-resisted|p2a: Heatran
|-damage|p2a: Heatran|72/100
|-enditem|p2a: Heatran|Air Balloon
|
|t:|1769369031
|switch|p1a: Naclstack|Naclstack, F|37/100|[from] U-turn
|move|p2a: Heatran|Magma Storm|p1a: Naclstack
|-resisted|p1a: Naclstack
|-damage|p1a: Naclstack|16/100
|-activate|p1a: Naclstack|move: Magma Storm|[of] p2a: Heatran
|
|-damage|p1a: Naclstack|4/100|[from] move: Magma Storm|[partiallytrapped]
|upkeep
|turn|9
|
|t:|1769369045
|move|p2a: Heatran|Flash Cannon|p1a: Naclstack
|-supereffective|p1a: Naclstack
|-damage|p1a: Naclstack|0 fnt
|faint|p1a: Naclstack
|
|upkeep
|
|t:|1769369048
|switch|p1a: Gliscor|Gliscor, F|74/100 tox
|turn|10
|
|t:|1769369053
|switch|p2a: Zapdos|Zapdos|100/100
|move|p1a: Gliscor|Spikes|p2a: Zapdos
|-sidestart|p2: lowkeykrayz|Spikes
|
|-heal|p1a: Gliscor|86/100 tox|[from] ability: Poison Heal
|upkeep
|turn|11
|
|t:|1769369064
|-terastallize|p2a: Zapdos|Water
|move|p1a: Gliscor|Protect|p1a: Gliscor
|-singleturn|p1a: Gliscor|Protect
|move|p2a: Zapdos|Tera Blast|p1a: Gliscor|[anim] Tera Blast Water
|-activate|p1a: Gliscor|move: Protect
|
|-heal|p1a: Gliscor|99/100 tox|[from] ability: Poison Heal
|upkeep
|turn|12
|
|t:|1769369071
|switch|p1a: Goodra|Goodra, M|100/100
|move|p2a: Zapdos|Tera Blast|p1a: Goodra|[anim] Tera Blast Water
|-resisted|p1a: Goodra
|-damage|p1a: Goodra|88/100
|
|upkeep
|turn|13
|
|t:|1769369085
|switch|p2a: Heatran|Heatran, F|72/100
|-activate|p2a: Heatran|move: Sticky Web
|-unboost|p2a: Heatran|spe|1
|-damage|p2a: Heatran|60/100|[from] Spikes
|move|p1a: Goodra|Knock Off|p2a: Heatran
|-damage|p2a: Heatran|46/100
|
|upkeep
|turn|14
|
|t:|1769369091
|move|p1a: Goodra|Earthquake|p2a: Heatran
|-supereffective|p2a: Heatran
|-damage|p2a: Heatran|0 fnt
|faint|p2a: Heatran
|
|upkeep
|
|t:|1769369094
|switch|p2a: Great Tusk|Great Tusk|100/100
|-activate|p2a: Great Tusk|move: Sticky Web
|-unboost|p2a: Great Tusk|spe|1
|-damage|p2a: Great Tusk|88/100|[from] Spikes
|-enditem|p2a: Great Tusk|Booster Energy
|-activate|p2a: Great Tusk|ability: Protosynthesis|[fromitem]
|-start|p2a: Great Tusk|protosynthesisatk
|turn|15
|
|t:|1769369097
|move|p1a: Goodra|Draco Meteor|p2a: Great Tusk
|-damage|p2a: Great Tusk|0 fnt
|-unboost|p1a: Goodra|spa|2
|faint|p2a: Great Tusk
|-end|p2a: Great Tusk|Protosynthesis|[silent]
|
|upkeep
|
|t:|1769369113
|switch|p2a: Garchomp|Garchomp, M|100/100
|-activate|p2a: Garchomp|move: Sticky Web
|-unboost|p2a: Garchomp|spe|1
|-damage|p2a: Garchomp|88/100|[from] Spikes
|turn|16
|
|t:|1769369119
|switch|p1a: Weezing|Weezing-Galar, M|93/100
|move|p2a: Garchomp|Swords Dance|p2a: Garchomp
|-boost|p2a: Garchomp|atk|2
|
|-heal|p1a: Weezing|99/100|[from] item: Black Sludge
|upkeep
|turn|17
|
|t:|1769369124
|move|p2a: Garchomp|Stone Edge|p1a: Weezing
|-damage|p1a: Weezing|50/100
|move|p1a: Weezing|Toxic|p2a: Garchomp
|-status|p2a: Garchomp|tox
|
|-heal|p1a: Weezing|56/100|[from] item: Black Sludge
|-damage|p2a: Garchomp|82/100 tox|[from] psn
|upkeep
|turn|18
|
|t:|1769369132
|move|p2a: Garchomp|Stone Edge|p1a: Weezing|[miss]
|-miss|p2a: Garchomp|p1a: Weezing
|move|p1a: Weezing|Pain Split|p2a: Garchomp
|-sethp|p2a: Garchomp|67/100 tox|[from] move: Pain Split|[silent]
|-sethp|p1a: Weezing|72/100|[from] move: Pain Split
|
|-heal|p1a: Weezing|78/100|[from] item: Black Sludge
|-damage|p2a: Garchomp|55/100 tox|[from] psn
|upkeep
|turn|19
|
|t:|1769369141
|switch|p1a: Vikavolt|Vikavolt, M|64/100
|move|p2a: Garchomp|Stone Edge|p1a: Vikavolt
|-supereffective|p1a: Vikavolt
|-damage|p1a: Vikavolt|0 fnt
|faint|p1a: Vikavolt
|
|-damage|p2a: Garchomp|36/100 tox|[from] psn
|upkeep
|
|t:|1769369150
|switch|p1a: Darkrai|Darkrai|100/100
|turn|20
|
|t:|1769369155
|move|p1a: Darkrai|Dark Pulse|p2a: Garchomp
|-damage|p2a: Garchomp|0 fnt
|faint|p2a: Garchomp
|
|upkeep
|
|t:|1769369160
|switch|p2a: Zapdos|Zapdos, tera:Water|100/100
|-activate|p2a: Zapdos|move: Sticky Web
|-unboost|p2a: Zapdos|spe|1
|-damage|p2a: Zapdos|88/100|[from] Spikes
|turn|21
|
|t:|1769369167
|move|p1a: Darkrai|Nasty Plot|p1a: Darkrai
|-boost|p1a: Darkrai|spa|2
|move|p2a: Zapdos|Tera Blast|p1a: Darkrai|[anim] Tera Blast Water
|-damage|p1a: Darkrai|19/100
|
|upkeep
|turn|22
|
|t:|1769369175
|move|p1a: Darkrai|Dark Pulse|p2a: Zapdos
|-damage|p2a: Zapdos|0 fnt
|faint|p2a: Zapdos
|
|upkeep
|
|t:|1769369179
|switch|p2a: Ogerpon|Ogerpon, F|100/100
|-activate|p2a: Ogerpon|move: Sticky Web
|-unboost|p2a: Ogerpon|spe|1
|-ability|p2a: Ogerpon|Defiant|boost
|-boost|p2a: Ogerpon|atk|2
|-damage|p2a: Ogerpon|88/100|[from] Spikes
|turn|23
|
|t:|1769369186
|move|p1a: Darkrai|Ice Beam|p2a: Ogerpon
|-supereffective|p2a: Ogerpon
|-damage|p2a: Ogerpon|0 fnt
|faint|p2a: Ogerpon
|
|upkeep
|
|t:|1769369189
|switch|p2a: Samurott|Samurott-Hisui, M|100/100
|-activate|p2a: Samurott|move: Sticky Web
|-unboost|p2a: Samurott|spe|1
|-damage|p2a: Samurott|88/100|[from] Spikes
|turn|24
|
|t:|1769369193
|move|p2a: Samurott|Sucker Punch|p1a: Darkrai
|-resisted|p1a: Darkrai
|-damage|p1a: Darkrai|0 fnt
|faint|p1a: Darkrai
|
|upkeep
|
|t:|1769369195
|switch|p1a: Weezing|Weezing-Galar, M|78/100
|turn|25
|
|t:|1769369199
|move|p2a: Samurott|Razor Shell|p1a: Weezing|[miss]
|-miss|p2a: Samurott|p1a: Weezing
|move|p1a: Weezing|Toxic|p2a: Samurott
|-status|p2a: Samurott|tox
|
|-heal|p1a: Weezing|84/100|[from] item: Black Sludge
|-damage|p2a: Samurott|82/100 tox|[from] psn
|upkeep
|turn|26
|
|t:|1769369204
|move|p2a: Samurott|Razor Shell|p1a: Weezing
|-damage|p1a: Weezing|48/100
|-unboost|p1a: Weezing|def|1
|move|p1a: Weezing|Strange Steam|p2a: Samurott
|-supereffective|p2a: Samurott
|-damage|p2a: Samurott|24/100 tox
|-start|p2a: Samurott|confusion
|
|-heal|p1a: Weezing|54/100|[from] item: Black Sludge
|-damage|p2a: Samurott|11/100 tox|[from] psn
|upkeep
|turn|27
|
|t:|1769369210
|switch|p1a: Goodra|Goodra, M|88/100
|-activate|p2a: Samurott|confusion
|move|p2a: Samurott|Razor Shell|p1a: Goodra|[miss]
|-miss|p2a: Samurott|p1a: Goodra
|
|-damage|p2a: Samurott|0 fnt|[from] psn
|faint|p2a: Samurott
|
|win|Evioliths for win
|raw|Evioliths for win's rating: 1183 &rarr; <strong>1205</strong><br />(+22 for winning)
|raw|lowkeykrayz's rating: 1138 &rarr; <strong>1116</strong><br />(-22 for losing)
|l|☆Evioliths for win
|player|p1|
|l|☆lowkeykrayz
|player|p2|
