|j|☆bigter
|j|☆cospway
|t:|1769323791
|gametype|singles
|player|p1|bigter|hoopster|1329
|player|p2|cospway|iris-gen5bw2|1317
|gen|9
|tier|[Gen 9] OU
|rated|
|rule|HP Percentage Mod: HP is shown in percentages
|rule|Endless Battle Clause: Forcing endless battles is banned
|rule|Species Clause: Limit one of each Pokémon
|rule|OHKO Clause: OHKO moves are banned
|rule|Evasion Items Clause: Evasion items are banned
|rule|Evasion Moves Clause: Evasion moves are banned
|rule|Evasion Abilities Clause: Evasion abilities are banned
|rule|Sleep Moves Clause: Sleep-inducing moves are banned
|clearpoke
|poke|p1|Dragonite, M|
|poke|p1|Gholdengo|
|poke|p1|Regidrago|
|poke|p1|Scizor, M|
|poke|p1|Ting-Lu|
|poke|p1|Weezing-Galar, F|
|poke|p2|Cresselia, F|
|poke|p2|Jirachi|
|poke|p2|Gholdengo|
|poke|p2|Kingambit, M|
|poke|p2|Hoopa-Unbound|
|poke|p2|Azumarill, F|
|teampreview
|inactive|Battle timer is ON: inactive players will automatically lose when time's up. (requested by bigter)
|
|t:|1769323800
|teamsize|p1|6
|teamsize|p2|6
|start
|switch|p1a: Scizor|Scizor, M|100/100
|switch|p2a: Jirachi|Jirachi|100/100
|turn|1
|
|t:|1769323804
|move|p2a: Jirachi|Stealth Rock|p1a: Scizor
|-sidestart|p1: bigter|move: Stealth Rock
|move|p1a: Scizor|Knock Off|p2a: Jirachi
|-supereffective|p2a: Jirachi
|-enditem|p2a: Jirachi|Colbur Berry|[eat]
|-enditem|p2a: Jirachi|Colbur Berry|[weaken]
|-damage|p2a: Jirachi|60/100
|
|upkeep
|turn|2
|
|t:|1769323831
|switch|p1a: Gholdengo|Gholdengo|100/100
|-damage|p1a: Gholdengo|94/100|[from] Stealth Rock
|move|p2a: Jirachi|Trick Room|p2a: Jirachi
|-fieldstart|move: Trick Room|[of] p2a: Jirachi
|
|upkeep
|turn|3
|
|t:|1769323843
|move|p2a: Jirachi|U-turn|p1a: Gholdengo
|-resisted|p1a: Gholdengo
|-damage|p1a: Gholdengo|90/100
|
|t:|1769323847
|switch|p2a: Kingambit|Kingambit, M|100/100|[from] U-turn
|move|p1a: Gholdengo|Thunderbolt|p2a: Kingambit
|-damage|p2a: Kingambit|70/100
|-status|p2a: Kingambit|par
|
|-heal|p2a: Kingambit|76/100 par|[from] item: Leftovers
|upkeep
|turn|4
|
|t:|1769323859
|switch|p1a: Weezing|Weezing-Galar, F|100/100
|-ability|p1a: Weezing|Neutralizing Gas
|move|p2a: Kingambit|Swords Dance|p2a: Kingambit
|-boost|p2a: Kingambit|atk|2
|
|-heal|p2a: Kingambit|82/100 par|[from] item: Leftovers
|upkeep
|turn|5
|
|t:|1769323871
|-end|p1a: Weezing|ability: Neutralizing Gas
|switch|p1a: Ting-Lu|Ting-Lu|100/100
|-damage|p1a: Ting-Lu|94/100|[from] Stealth Rock
|-ability|p1a: Ting-Lu|Vessel of Ruin
|move|p2a: Kingambit|Tera Blast|p1a: Ting-Lu
|-damage|p1a: Ting-Lu|89/100
|
|-heal|p2a: Kingambit|88/100 par|[from] item: Leftovers
|-heal|p1a: Ting-Lu|95/100|[from] item: Leftovers
|upkeep
|turn|6
|c|☆bigter|?
|inactive|bigter has 120 seconds left.
|
|t:|1769323906
|-terastallize|p2a: Kingambit|Fairy
|move|p2a: Kingambit|Tera Blast|p1a: Ting-Lu|[anim] Tera Blast Fairy
|-supereffective|p1a: Ting-Lu
|-damage|p1a: Ting-Lu|0 fnt
|faint|p1a: Ting-Lu
|
|-heal|p2a: Kingambit|94/100 par|[from] item: Leftovers
|-fieldend|move: Trick Room
|upkeep
|inactive|bigter has 120 seconds left.
|
|t:|1769323917
|switch|p1a: Gholdengo|Gholdengo|90/100
|-damage|p1a: Gholdengo|84/100|[from] Stealth Rock
|turn|7
|
|t:|1769323930
|-end|p2a: Kingambit|fallenundefined|[silent]
|switch|p2a: Jirachi|Jirachi|60/100
|move|p1a: Gholdengo|Make It Rain|p2a: Jirachi
|-resisted|p2a: Jirachi
|-damage|p2a: Jirachi|30/100
|-unboost|p1a: Gholdengo|spa|1
|
|upkeep
|turn|8
|inactive|bigter has 120 seconds left.
|
|t:|1769323948
|move|p1a: Gholdengo|Thunderbolt|p2a: Jirachi
|-damage|p2a: Jirachi|14/100
|move|p2a: Jirachi|Trick Room|p2a: Jirachi
|-fieldstart|move: Trick Room|[of] p2a: Jirachi
|
|upkeep
|turn|9
|
|t:|1769323955
|move|p2a: Jirachi|U-turn|p1a: Gholdengo
|-resisted|p1a: Gholdengo
|-damage|p1a: Gholdengo|80/100
|
|t:|1769323984
|switch|p2a: Hoopa|Hoopa-Unbound|100/100|[from] U-turn
|-enditem|p2a: Hoopa|Room Service
|-unboost|p2a: Hoopa|spe|1|[from] item: Room Service
|move|p1a: Gholdengo|Thunderbolt|p2a: Hoopa
|-damage|p2a: Hoopa|84/100
|
|upkeep
|turn|10
|inactive|cospway has 120 seconds left.
|inactive|bigter has 120 seconds left.
|
|t:|1769324005
|switch|p1a: Weezing|Weezing-Galar, F|100/100
|-ability|p1a: Weezing|Neutralizing Gas
|move|p2a: Hoopa|Hyperspace Fury|p1a: Weezing
|-resisted|p1a: Weezing
|-damage|p1a: Weezing|77/100
|-unboost|p2a: Hoopa|def|1
|
|upkeep
|turn|11
|inactive|bigter has 120 seconds left.
|inactive|cospway has 120 seconds left.
|
|t:|1769324040
|-end|p1a: Weezing|ability: Neutralizing Gas
|switch|p1a: Gholdengo|Gholdengo|80/100
|-damage|p1a: Gholdengo|74/100|[from] Stealth Rock
|move|p2a: Hoopa|Gunk Shot|p1a: Gholdengo
|-immune|p1a: Gholdengo
|
|upkeep
|turn|12
|
|t:|1769324052
|switch|p1a: Weezing|Weezing-Galar, F|77/100
|-ability|p1a: Weezing|Neutralizing Gas
|move|p2a: Hoopa|Hyperspace Fury|p1a: Weezing
|-resisted|p1a: Weezing
|-damage|p1a: Weezing|56/100
|-unboost|p2a: Hoopa|def|1
|
|-fieldend|move: Trick Room
|upkeep
|turn|13
|
|t:|1769324066
|move|p1a: Weezing|Will-O-Wisp|p2a: Hoopa
|-status|p2a: Hoopa|brn
|move|p2a: Hoopa|Trick Room|p2a: Hoopa
|-fieldstart|move: Trick Room|[of] p2a: Hoopa
|
|-damage|p2a: Hoopa|78/100 brn|[from] brn
|upkeep
|turn|14
|
|t:|1769324081
|switch|p2a: Gholdengo|Gholdengo|100/100
|-item|p2a: Gholdengo|Air Balloon
|move|p1a: Weezing|Pain Split|p2a: Gholdengo
|-sethp|p2a: Gholdengo|75/100|[from] move: Pain Split|[silent]
|-sethp|p1a: Weezing|85/100|[from] move: Pain Split
|
|upkeep
|turn|15
|inactive|cospway has 120 seconds left.
|
|t:|1769324104
|move|p2a: Gholdengo|Nasty Plot|p2a: Gholdengo
|-boost|p2a: Gholdengo|spa|2
|move|p1a: Weezing|Defog|p2a: Gholdengo
|-unboost|p2a: Gholdengo|evasion|1
|-sideend|p1: bigter|Stealth Rock|[from] move: Defog|[of] p1a: Weezing
|
|upkeep
|turn|16
|
|t:|1769324116
|-end|p1a: Weezing|ability: Neutralizing Gas
|switch|p1a: Dragonite|Dragonite, M|100/100
|move|p2a: Gholdengo|Make It Rain|p1a: Dragonite
|-damage|p1a: Dragonite|27/100
|-unboost|p2a: Gholdengo|spa|1
|
|upkeep
|turn|17
|
|t:|1769324128
|move|p2a: Gholdengo|Shadow Ball|p1a: Dragonite
|-damage|p1a: Dragonite|0 fnt
|faint|p1a: Dragonite
|
|-fieldend|move: Trick Room
|upkeep
|
|t:|1769324135
|switch|p1a: Scizor|Scizor, M|100/100
|turn|18
|
|t:|1769324144
|switch|p2a: Jirachi|Jirachi|14/100
|move|p1a: Scizor|Knock Off|p2a: Jirachi
|-supereffective|p2a: Jirachi
|-damage|p2a: Jirachi|0 fnt
|faint|p2a: Jirachi
|
|upkeep
|
|t:|1769324164
|switch|p2a: Cresselia|Cresselia, F|100/100
|turn|19
|inactive|bigter has 120 seconds left.
|
|t:|1769324184
|move|p1a: Scizor|Knock Off|p2a: Cresselia
|-supereffective|p2a: Cresselia
|-damage|p2a: Cresselia|41/100
|-enditem|p2a: Cresselia|Mental Herb|[from] move: Knock Off|[of] p1a: Scizor
|move|p2a: Cresselia|Trick Room|p2a: Cresselia
|-fieldstart|move: Trick Room|[of] p2a: Cresselia
|
|upkeep
|turn|20
|
|t:|1769324201
|switch|p1a: Gholdengo|Gholdengo|74/100
|move|p2a: Cresselia|Lunar Dance|p2a: Cresselia
|faint|p2a: Cresselia
|
|upkeep
|
|t:|1769324209
|switch|p2a: Hoopa|Hoopa-Unbound|78/100 brn
|-heal|p2a: Hoopa|100/100|[from] move: Lunar Dance
|turn|21
|
|t:|1769324215
|switch|p1a: Weezing|Weezing-Galar, F|85/100
|-ability|p1a: Weezing|Neutralizing Gas
|move|p2a: Hoopa|Hyperspace Fury|p1a: Weezing
|-resisted|p1a: Weezing
|-damage|p1a: Weezing|65/100
|-unboost|p2a: Hoopa|def|1
|
|upkeep
|turn|22
|inactive|bigter has 120 seconds left.
|
|t:|1769324229
|switch|p2a: Gholdengo|Gholdengo|75/100
|-item|p2a: Gholdengo|Air Balloon
|move|p1a: Weezing|Will-O-Wisp|p2a: Gholdengo
|-status|p2a: Gholdengo|brn
|
|-damage|p2a: Gholdengo|69/100 brn|[from] brn
|upkeep
|turn|23
|inactive|bigter has 120 seconds left.
|
|t:|1769324244
|-end|p1a: Weezing|ability: Neutralizing Gas
|switch|p1a: Scizor|Scizor, M|100/100
|move|p2a: Gholdengo|Make It Rain|p1a: Scizor
|-resisted|p1a: Scizor
|-damage|p1a: Scizor|58/100
|-unboost|p2a: Gholdengo|spa|1
|
|-damage|p2a: Gholdengo|63/100 brn|[from] brn
|-fieldend|move: Trick Room
|upkeep
|turn|24
|inactive|bigter has 120 seconds left.
|inactive|cospway has 120 seconds left.
|
|t:|1769324265
|switch|p2a: Hoopa|Hoopa-Unbound|100/100
|move|p1a: Scizor|Knock Off|p2a: Hoopa
|-damage|p2a: Hoopa|47/100
|
|upkeep
|turn|25
|inactive|bigter has 120 seconds left.
|inactive|cospway has 120 seconds left.
|
|t:|1769324277
|move|p1a: Scizor|Knock Off|p2a: Hoopa
|-damage|p2a: Hoopa|0 fnt
|faint|p2a: Hoopa
|
|upkeep
|
|t:|1769324282
|switch|p2a: Azumarill|Azumarill, F|100/100
|turn|26
|
|t:|1769324296
|switch|p1a: Weezing|Weezing-Galar, F|65/100
|-ability|p1a: Weezing|Neutralizing Gas
|move|p2a: Azumarill|Knock Off|p1a: Weezing
|-resisted|p1a: Weezing
|-damage|p1a: Weezing|56/100
|-enditem|p1a: Weezing|Heavy-Duty Boots|[from] move: Knock Off|[of] p2a: Azumarill
|
|upkeep
|turn|27
|
|t:|1769324310
|switch|p2a: Gholdengo|Gholdengo|63/100 brn
|-item|p2a: Gholdengo|Air Balloon
|move|p1a: Weezing|Sludge Bomb|p2a: Gholdengo
|-immune|p2a: Gholdengo
|
|-damage|p2a: Gholdengo|57/100 brn|[from] brn
|upkeep
|turn|28
|inactive|bigter has 120 seconds left.
|
|t:|1769324339
|-end|p1a: Weezing|ability: Neutralizing Gas
|switch|p1a: Gholdengo|Gholdengo|74/100
|move|p2a: Gholdengo|Shadow Ball|p1a: Gholdengo
|-supereffective|p1a: Gholdengo
|-damage|p1a: Gholdengo|0 fnt
|faint|p1a: Gholdengo
|
|-damage|p2a: Gholdengo|51/100 brn|[from] brn
|upkeep
|
|t:|1769324351
|switch|p1a: Regidrago|Regidrago, shiny|100/100
|turn|29
|
|t:|1769324355
|switch|p2a: Kingambit|Kingambit, M, tera:Fairy|94/100 par
|-activate|p2a: Kingambit|ability: Supreme Overlord
|-start|p2a: Kingambit|fallen3|[silent]
|move|p1a: Regidrago|Dragon Energy|p2a: Kingambit
|-immune|p2a: Kingambit
|
|-heal|p2a: Kingambit|100/100 par|[from] item: Leftovers
|upkeep
|turn|30
|
|t:|1769324364
|switch|p1a: Weezing|Weezing-Galar, F|56/100
|-ability|p1a: Weezing|Neutralizing Gas
|move|p2a: Kingambit|Tera Blast|p1a: Weezing|[anim] Tera Blast Fairy
|-resisted|p1a: Weezing
|-damage|p1a: Weezing|40/100
|
|upkeep
|turn|31
|
|t:|1769324378
|-end|p2a: Kingambit|fallen3|[silent]
|switch|p2a: Gholdengo|Gholdengo|51/100 brn
|-item|p2a: Gholdengo|Air Balloon
|move|p1a: Weezing|Pain Split|p2a: Gholdengo
|-sethp|p2a: Gholdengo|43/100 brn|[from] move: Pain Split|[silent]
|-sethp|p1a: Weezing|49/100|[from] move: Pain Split
|
|-damage|p2a: Gholdengo|37/100 brn|[from] brn
|upkeep
|turn|32
|
|t:|1769324392
|move|p1a: Weezing|Pain Split|p2a: Gholdengo
|-sethp|p2a: Gholdengo|40/100 brn|[from] move: Pain Split|[silent]
|-sethp|p1a: Weezing|45/100|[from] move: Pain Split
|move|p2a: Gholdengo|Make It Rain|p1a: Weezing
|-supereffective|p1a: Weezing
|-damage|p1a: Weezing|0 fnt
|-unboost|p2a: Gholdengo|spa|1
|faint|p1a: Weezing
|-end|p1a: Weezing|ability: Neutralizing Gas
|
|-damage|p2a: Gholdengo|34/100 brn|[from] brn
|upkeep
|
|t:|1769324403
|switch|p1a: Scizor|Scizor, M|58/100
|turn|33
|
|t:|1769324414
|move|p1a: Scizor|Bullet Punch|p2a: Gholdengo
|-resisted|p2a: Gholdengo
|-damage|p2a: Gholdengo|8/100 brn
|-enditem|p2a: Gholdengo|Air Balloon
|move|p2a: Gholdengo|Shadow Ball|p1a: Scizor
|-damage|p1a: Scizor|18/100
|
|-damage|p2a: Gholdengo|2/100 brn|[from] brn
|upkeep
|turn|34
|
|t:|1769324422
|move|p1a: Scizor|Bullet Punch|p2a: Gholdengo
|-resisted|p2a: Gholdengo
|-damage|p2a: Gholdengo|0 fnt
|faint|p2a: Gholdengo
|
|upkeep
|
|t:|1769324426
|switch|p2a: Azumarill|Azumarill, F|100/100
|turn|35
|
|t:|1769324432
|move|p1a: Scizor|Bullet Punch|p2a: Azumarill
|-damage|p2a: Azumarill|47/100
|move|p2a: Azumarill|Play Rough|p1a: Scizor
|-resisted|p1a: Scizor
|-damage|p1a: Scizor|0 fnt
|faint|p1a: Scizor
|
|upkeep
|
|t:|1769324437
|switch|p1a: Regidrago|Regidrago, shiny|100/100
|turn|36
|
|t:|1769324443
|-terastallize|p1a: Regidrago|Steel
|move|p1a: Regidrago|Tera Blast|p2a: Azumarill|[anim] Tera Blast Steel
|-damage|p2a: Azumarill|13/100
|move|p2a: Azumarill|Play Rough|p1a: Regidrago
|-resisted|p1a: Regidrago
|-damage|p1a: Regidrago|50/100
|
|upkeep
|turn|37
|
|t:|1769324458
|switch|p2a: Kingambit|Kingambit, M, tera:Fairy|100/100 par
|-activate|p2a: Kingambit|ability: Supreme Overlord
|-start|p2a: Kingambit|fallen4|[silent]
|move|p1a: Regidrago|Tera Blast|p2a: Kingambit|[anim] Tera Blast Steel
|-supereffective|p2a: Kingambit
|-damage|p2a: Kingambit|38/100 par
|
|-heal|p2a: Kingambit|44/100 par|[from] item: Leftovers
|upkeep
|turn|38
|
|t:|1769324469
|move|p2a: Kingambit|Sucker Punch|p1a: Regidrago
|-damage|p1a: Regidrago|0 fnt
|faint|p1a: Regidrago
|
|win|cospway
|raw|bigter's rating: 1329 &rarr; <strong>1308</strong><br />(-21 for losing)
|raw|cospway's rating: 1317 &rarr; <strong>1338</strong><br />(+21 for winning)
|l|☆bigter
|player|p1|
|l|☆cospway
|player|p2|
