|j|☆slimyfish
|j|☆AAD520
|t:|1769422811
|gametype|singles
|player|p1|slimyfish|wallace|1365
|player|p2|AAD520|101|1304
|gen|9
|tier|[Gen 9] OU
|rated|
|rule|HP Percentage Mod: HP is shown in percentages
|rule|Endless Battle Clause: Forcing endless battles is banned
|rule|Species Clause: Limit one of each Pokémon
|rule|OHKO Clause: OHKO moves are banned
|rule|Evasion Items Clause: Evasion items are banned
|rule|Evasion Moves Clause: Evasion moves are banned
|rule|Evasion Abilities Clause: Evasion abilities are banned
|rule|Sleep Moves Clause: Sleep-inducing moves are banned
|clearpoke
|poke|p1|Hoopa-Unbound|
|poke|p1|Hydrapple, M|
|poke|p1|Gliscor, F|
|poke|p1|Cinderace, M|
|poke|p1|Alomomola, F|
|poke|p1|Gholdengo|
|poke|p2|Diancie|
|poke|p2|Eelektross, F|
|poke|p2|Kleavor, F|
|poke|p2|Samurott-Hisui, M|
|poke|p2|Mudsdale, F|
|poke|p2|Milotic, F|
|teampreview
|inactive|Battle timer is ON: inactive players will automatically lose when time's up. (requested by slimyfish)
|
|t:|1769422827
|teamsize|p1|6
|teamsize|p2|6
|start
|switch|p1a: Gholdengo|Gholdengo|100/100
|switch|p2a: Kleavor|Kleavor, F|100/100
|-item|p1a: Gholdengo|Air Balloon
|turn|1
|
|t:|1769422839
|move|p2a: Kleavor|U-turn|p1a: Gholdengo
|-resisted|p1a: Gholdengo
|-damage|p1a: Gholdengo|94/100
|-enditem|p1a: Gholdengo|Air Balloon
|
|t:|1769422845
|switch|p2a: Samurott|Samurott-Hisui, M|100/100|[from] U-turn
|move|p1a: Gholdengo|Make It Rain|p2a: Samurott
|-resisted|p2a: Samurott
|-damage|p2a: Samurott|61/100
|-unboost|p1a: Gholdengo|spa|1
|
|upkeep
|turn|2
|
|t:|1769422870
|switch|p1a: Hydrapple|Hydrapple, M, shiny|100/100
|move|p2a: Samurott|Ceaseless Edge|p1a: Hydrapple
|-damage|p1a: Hydrapple|47/100
|-damage|p2a: Samurott|45/100|[from] item: Rocky Helmet|[of] p1a: Hydrapple
|-sidestart|p1: slimyfish|Spikes
|
|upkeep
|turn|3
|inactive|slimyfish has 120 seconds left.
|
|t:|1769422905
|switch|p1a: Gliscor|Gliscor, F|100/100
|move|p2a: Samurott|Ceaseless Edge|p1a: Gliscor
|-crit|p1a: Gliscor
|-damage|p1a: Gliscor|19/100
|-sidestart|p1: slimyfish|Spikes
|
|-status|p1a: Gliscor|tox|[from] item: Toxic Orb
|upkeep
|turn|4
|
|t:|1769422912
|move|p1a: Gliscor|Protect|p1a: Gliscor
|-singleturn|p1a: Gliscor|Protect
|move|p2a: Samurott|Ceaseless Edge|p1a: Gliscor
|-activate|p1a: Gliscor|move: Protect
|
|-heal|p1a: Gliscor|32/100 tox|[from] ability: Poison Heal
|upkeep
|turn|5
|
|t:|1769422918
|move|p2a: Samurott|Ceaseless Edge|p1a: Gliscor
|-damage|p1a: Gliscor|0 fnt
|-sidestart|p1: slimyfish|Spikes
|faint|p1a: Gliscor
|
|upkeep
|
|t:|1769422923
|switch|p1a: Cinderace|Cinderace, M|100/100
|turn|6
|
|t:|1769422926
|move|p1a: Cinderace|U-turn|p2a: Samurott
|-supereffective|p2a: Samurott
|-damage|p2a: Samurott|0 fnt
|faint|p2a: Samurott
|
|t:|1769422934
|switch|p1a: Alomomola|Alomomola, F|100/100|[from] U-turn
|-damage|p1a: Alomomola|76/100|[from] Spikes
|
|upkeep
|
|t:|1769422941
|switch|p2a: Eelektross|Eelektross, F|100/100
|turn|7
|
|t:|1769422946
|switch|p1a: Hydrapple|Hydrapple, M, shiny|81/100
|-damage|p1a: Hydrapple|56/100|[from] Spikes
|move|p2a: Eelektross|Discharge|p1a: Hydrapple
|-resisted|p1a: Hydrapple
|-damage|p1a: Hydrapple|47/100
|-status|p1a: Hydrapple|par
|
|upkeep
|turn|8
|
|t:|1769422958
|move|p2a: Eelektross|U-turn|p1a: Hydrapple
|-supereffective|p1a: Hydrapple
|-damage|p1a: Hydrapple|24/100 par
|-damage|p2a: Eelektross|84/100|[from] item: Rocky Helmet|[of] p1a: Hydrapple
|
|t:|1769422966
|switch|p2a: Kleavor|Kleavor, F|100/100|[from] U-turn
|move|p1a: Hydrapple|Giga Drain|p2a: Kleavor
|-damage|p2a: Kleavor|38/100
|-heal|p1a: Hydrapple|45/100 par|[from] drain|[of] p2a: Kleavor
|
|upkeep
|turn|9
|
|t:|1769422973
|switch|p1a: Gholdengo|Gholdengo|94/100
|-damage|p1a: Gholdengo|69/100|[from] Spikes
|move|p2a: Kleavor|U-turn|p1a: Gholdengo
|-resisted|p1a: Gholdengo
|-damage|p1a: Gholdengo|62/100
|
|t:|1769422983
|switch|p2a: Milotic|Milotic, F|100/100|[from] U-turn
|
|upkeep
|turn|10
|
|t:|1769422987
|move|p1a: Gholdengo|Thunder Wave|p2a: Milotic
|-status|p2a: Milotic|par
|cant|p2a: Milotic|par
|
|upkeep
|turn|11
|
|t:|1769422997
|move|p1a: Gholdengo|Hex|p2a: Milotic
|-damage|p2a: Milotic|70/100 par
|move|p2a: Milotic|Whirlpool|p1a: Gholdengo
|-damage|p1a: Gholdengo|50/100
|-activate|p1a: Gholdengo|move: Whirlpool|[of] p2a: Milotic
|
|-heal|p2a: Milotic|76/100 par|[from] item: Leftovers
|-damage|p1a: Gholdengo|38/100|[from] move: Whirlpool|[partiallytrapped]
|upkeep
|turn|12
|
|t:|1769423004
|move|p1a: Gholdengo|Recover|p1a: Gholdengo
|-heal|p1a: Gholdengo|88/100
|move|p2a: Milotic|Rest|p2a: Milotic
|-status|p2a: Milotic|slp|[from] move: Rest
|-heal|p2a: Milotic|100/100 slp|[silent]
|
|-damage|p1a: Gholdengo|75/100|[from] move: Whirlpool|[partiallytrapped]
|upkeep
|turn|13
|
|t:|1769423009
|move|p1a: Gholdengo|Hex|p2a: Milotic
|-damage|p2a: Milotic|69/100 slp
|cant|p2a: Milotic|slp
|move|p2a: Milotic|Sleep Talk|p2a: Milotic
|move|p2a: Milotic|Rest||[from] move: Sleep Talk|[still]
|-fail|p2a: Milotic
|
|-heal|p2a: Milotic|75/100 slp|[from] item: Leftovers
|-damage|p1a: Gholdengo|63/100|[from] move: Whirlpool|[partiallytrapped]
|upkeep
|turn|14
|
|t:|1769423017
|move|p1a: Gholdengo|Hex|p2a: Milotic
|-damage|p2a: Milotic|42/100 slp
|cant|p2a: Milotic|slp
|move|p2a: Milotic|Sleep Talk|p2a: Milotic
|move|p2a: Milotic|Scald|p1a: Gholdengo|[from] move: Sleep Talk
|-damage|p1a: Gholdengo|37/100
|
|-heal|p2a: Milotic|48/100 slp|[from] item: Leftovers
|-damage|p1a: Gholdengo|25/100|[from] move: Whirlpool|[partiallytrapped]
|upkeep
|turn|15
|
|t:|1769423024
|switch|p1a: Hydrapple|Hydrapple, M, shiny|78/100 par
|-damage|p1a: Hydrapple|53/100 par|[from] Spikes
|-curestatus|p2a: Milotic|slp|[msg]
|move|p2a: Milotic|Rest|p2a: Milotic
|-status|p2a: Milotic|slp|[from] move: Rest
|-heal|p2a: Milotic|100/100 slp|[silent]
|
|upkeep
|turn|16
|
|t:|1769423038
|switch|p2a: Eelektross|Eelektross, F|84/100
|cant|p1a: Hydrapple|par
|
|-heal|p2a: Eelektross|90/100|[from] item: Leftovers
|upkeep
|turn|17
|
|t:|1769423049
|move|p2a: Eelektross|U-turn|p1a: Hydrapple
|-supereffective|p1a: Hydrapple
|-damage|p1a: Hydrapple|31/100 par
|-damage|p2a: Eelektross|74/100|[from] item: Rocky Helmet|[of] p1a: Hydrapple
|
|t:|1769423053
|switch|p2a: Diancie|Diancie|100/100|[from] U-turn
|move|p1a: Hydrapple|Giga Drain|p2a: Diancie
|-supereffective|p2a: Diancie
|-damage|p2a: Diancie|54/100
|-heal|p1a: Hydrapple|47/100 par|[from] drain|[of] p2a: Diancie
|
|-heal|p2a: Diancie|61/100|[from] item: Leftovers
|upkeep
|turn|18
|
|t:|1769423062
|switch|p1a: Alomomola|Alomomola, F|100/100
|-damage|p1a: Alomomola|76/100|[from] Spikes
|move|p2a: Diancie|Draining Kiss|p1a: Alomomola
|-damage|p1a: Alomomola|68/100
|-heal|p2a: Diancie|71/100|[from] drain|[of] p1a: Alomomola
|
|-heal|p2a: Diancie|77/100|[from] item: Leftovers
|upkeep
|turn|19
|
|t:|1769423078
|move|p2a: Diancie|Calm Mind|p2a: Diancie
|-boost|p2a: Diancie|spa|1
|-boost|p2a: Diancie|spd|1
|move|p1a: Alomomola|Flip Turn|p2a: Diancie
|-supereffective|p2a: Diancie
|-damage|p2a: Diancie|53/100
|
|t:|1769423080
|switch|p1a: Cinderace|Cinderace, M|100/100|[from] Flip Turn
|
|-heal|p2a: Diancie|59/100|[from] item: Leftovers
|upkeep
|turn|20
|
|t:|1769423085
|move|p1a: Cinderace|Court Change|p1a: Cinderace
|-swapsideconditions
|-activate|p1a: Cinderace|move: Court Change
|move|p2a: Diancie|Diamond Storm|p1a: Cinderace
|-supereffective|p1a: Cinderace
|-damage|p1a: Cinderace|18/100
|-boost|p2a: Diancie|def|2
|
|-heal|p2a: Diancie|66/100|[from] item: Leftovers
|upkeep
|turn|21
|
|t:|1769423096
|move|p1a: Cinderace|U-turn|p2a: Diancie
|-resisted|p2a: Diancie
|-damage|p2a: Diancie|62/100
|
|t:|1769423098
|switch|p1a: Hydrapple|Hydrapple, M, shiny|81/100 par|[from] U-turn
|move|p2a: Diancie|Calm Mind|p2a: Diancie
|-boost|p2a: Diancie|spa|1
|-boost|p2a: Diancie|spd|1
|
|-heal|p2a: Diancie|68/100|[from] item: Leftovers
|upkeep
|turn|22
|
|t:|1769423103
|move|p2a: Diancie|Draining Kiss|p1a: Hydrapple
|-supereffective|p1a: Hydrapple
|-damage|p1a: Hydrapple|11/100 par
|-heal|p2a: Diancie|100/100|[from] drain|[of] p1a: Hydrapple
|-damage|p2a: Diancie|84/100|[from] item: Rocky Helmet|[of] p1a: Hydrapple
|move|p1a: Hydrapple|Nasty Plot|p1a: Hydrapple
|-boost|p1a: Hydrapple|spa|2
|
|-heal|p2a: Diancie|90/100|[from] item: Leftovers
|upkeep
|turn|23
|
|t:|1769423108
|switch|p1a: Cinderace|Cinderace, M|18/100
|move|p2a: Diancie|Draining Kiss|p1a: Cinderace
|-resisted|p1a: Cinderace
|-damage|p1a: Cinderace|0 fnt
|-heal|p2a: Diancie|100/100|[from] drain|[of] p1a: Cinderace
|faint|p1a: Cinderace
|
|upkeep
|
|t:|1769423110
|switch|p1a: Alomomola|Alomomola, F|100/100
|turn|24
|
|t:|1769423122
|move|p2a: Diancie|Calm Mind|p2a: Diancie
|-boost|p2a: Diancie|spa|1
|-boost|p2a: Diancie|spd|1
|move|p1a: Alomomola|Scald|p2a: Diancie
|-supereffective|p2a: Diancie
|-damage|p2a: Diancie|93/100
|-status|p2a: Diancie|brn
|
|-heal|p2a: Diancie|99/100 brn|[from] item: Leftovers
|-damage|p2a: Diancie|93/100 brn|[from] brn
|upkeep
|turn|25
|
|t:|1769423129
|move|p2a: Diancie|Draining Kiss|p1a: Alomomola
|-damage|p1a: Alomomola|78/100
|-heal|p2a: Diancie|100/100 brn|[from] drain|[of] p1a: Alomomola
|move|p1a: Alomomola|Mirror Coat|p2a: Diancie
|-damage|p2a: Diancie|21/100 brn
|
|-heal|p2a: Diancie|27/100 brn|[from] item: Leftovers
|-damage|p2a: Diancie|21/100 brn|[from] brn
|upkeep
|turn|26
|
|t:|1769423133
|move|p2a: Diancie|Draining Kiss|p1a: Alomomola
|-damage|p1a: Alomomola|58/100
|-heal|p2a: Diancie|48/100 brn|[from] drain|[of] p1a: Alomomola
|move|p1a: Alomomola|Flip Turn|p2a: Diancie
|-supereffective|p2a: Diancie
|-damage|p2a: Diancie|35/100 brn
|
|t:|1769423136
|switch|p1a: Gholdengo|Gholdengo|25/100|[from] Flip Turn
|
|-heal|p2a: Diancie|41/100 brn|[from] item: Leftovers
|-damage|p2a: Diancie|35/100 brn|[from] brn
|upkeep
|turn|27
|
|t:|1769423140
|move|p1a: Gholdengo|Make It Rain|p2a: Diancie
|-supereffective|p2a: Diancie
|-damage|p2a: Diancie|0 fnt
|-unboost|p1a: Gholdengo|spa|1
|faint|p2a: Diancie
|
|upkeep
|
|t:|1769423152
|switch|p2a: Milotic|Milotic, F|100/100 slp
|-damage|p2a: Milotic|76/100 slp|[from] Spikes
|turn|28
|
|t:|1769423157
|move|p1a: Gholdengo|Recover|p1a: Gholdengo
|-heal|p1a: Gholdengo|75/100
|cant|p2a: Milotic|slp
|move|p2a: Milotic|Sleep Talk|p2a: Milotic
|move|p2a: Milotic|Whirlpool|p1a: Gholdengo|[from] move: Sleep Talk|[miss]
|-miss|p2a: Milotic|p1a: Gholdengo
|
|-heal|p2a: Milotic|82/100 slp|[from] item: Leftovers
|upkeep
|turn|29
|
|t:|1769423165
|switch|p1a: Hydrapple|Hydrapple, M, shiny|44/100 par
|cant|p2a: Milotic|slp
|move|p2a: Milotic|Sleep Talk|p2a: Milotic
|move|p2a: Milotic|Rest||[from] move: Sleep Talk|[still]
|-fail|p2a: Milotic
|
|-heal|p2a: Milotic|88/100 slp|[from] item: Leftovers
|upkeep
|turn|30
|
|t:|1769423184
|switch|p2a: Eelektross|Eelektross, F|74/100
|move|p1a: Hydrapple|Giga Drain|p2a: Eelektross
|-damage|p2a: Eelektross|29/100
|-heal|p1a: Hydrapple|63/100 par|[from] drain|[of] p2a: Eelektross
|
|-heal|p2a: Eelektross|36/100|[from] item: Leftovers
|upkeep
|turn|31
|
|t:|1769423192
|move|p2a: Eelektross|Discharge|p1a: Hydrapple
|-resisted|p1a: Hydrapple
|-damage|p1a: Hydrapple|55/100 par
|move|p1a: Hydrapple|Giga Drain|p2a: Eelektross
|-damage|p2a: Eelektross|0 fnt
|-heal|p1a: Hydrapple|70/100 par|[from] drain|[of] p2a: Eelektross
|faint|p2a: Eelektross
|
|upkeep
|
|t:|1769423199
|switch|p2a: Kleavor|Kleavor, F|38/100
|-damage|p2a: Kleavor|14/100|[from] Spikes
|turn|32
|
|t:|1769423205
|move|p2a: Kleavor|Defog|p1a: Hydrapple
|-unboost|p1a: Hydrapple|evasion|1
|-sideend|p2: AAD520|Spikes|[from] move: Defog|[of] p2a: Kleavor
|move|p1a: Hydrapple|Giga Drain|p2a: Kleavor
|-damage|p2a: Kleavor|0 fnt
|-heal|p1a: Hydrapple|74/100 par|[from] drain|[of] p2a: Kleavor
|faint|p2a: Kleavor
|
|upkeep
|
|t:|1769423213
|switch|p2a: Mudsdale|Mudsdale, F|100/100
|turn|33
|
|t:|1769423221
|-terastallize|p2a: Mudsdale|Steel
|move|p2a: Mudsdale|Body Press|p1a: Hydrapple
|-damage|p1a: Hydrapple|57/100 par
|-damage|p2a: Mudsdale|84/100|[from] item: Rocky Helmet|[of] p1a: Hydrapple
|move|p1a: Hydrapple|Giga Drain|p2a: Mudsdale
|-resisted|p2a: Mudsdale
|-damage|p2a: Mudsdale|65/100
|-heal|p1a: Hydrapple|66/100 par|[from] drain|[of] p2a: Mudsdale
|-ability|p2a: Mudsdale|Stamina|boost
|-boost|p2a: Mudsdale|def|1
|
|upkeep
|turn|34
|
|t:|1769423230
|move|p2a: Mudsdale|Earthquake|p1a: Hydrapple
|-resisted|p1a: Hydrapple
|-damage|p1a: Hydrapple|53/100 par
|move|p1a: Hydrapple|Nasty Plot|p1a: Hydrapple
|-boost|p1a: Hydrapple|spa|2
|
|upkeep
|turn|35
|
|t:|1769423240
|move|p2a: Mudsdale|Body Press|p1a: Hydrapple
|-damage|p1a: Hydrapple|26/100 par
|-damage|p2a: Mudsdale|49/100|[from] item: Rocky Helmet|[of] p1a: Hydrapple
|move|p1a: Hydrapple|Earth Power|p2a: Mudsdale
|-supereffective|p2a: Mudsdale
|-damage|p2a: Mudsdale|0 fnt
|faint|p2a: Mudsdale
|
|upkeep
|
|t:|1769423248
|switch|p2a: Milotic|Milotic, F|88/100 slp
|turn|36
|
|t:|1769423253
|-curestatus|p2a: Milotic|slp|[msg]
|move|p2a: Milotic|Whirlpool|p1a: Hydrapple
|-resisted|p1a: Hydrapple
|-damage|p1a: Hydrapple|24/100 par
|-activate|p1a: Hydrapple|move: Whirlpool|[of] p2a: Milotic
|move|p1a: Hydrapple|Giga Drain|p2a: Milotic
|-supereffective|p2a: Milotic
|-crit|p2a: Milotic
|-damage|p2a: Milotic|0 fnt
|-heal|p1a: Hydrapple|63/100 par|[from] drain|[of] p2a: Milotic
|faint|p2a: Milotic
|
|win|slimyfish
|raw|slimyfish's rating: 1365 &rarr; <strong>1382</strong><br />(+17 for winning)
|raw|AAD520's rating: 1304 &rarr; <strong>1287</strong><br />(-17 for losing)
|l|☆AAD520
|player|p2|
|l|☆slimyfish
|player|p1|
