|j|☆Versalius
|j|☆apexacer
|t:|1769418560
|gametype|singles
|player|p1|Versalius|265|1663
|player|p2|apexacer|266|1640
|gen|9
|tier|[Gen 9] OU
|rated|
|rule|HP Percentage Mod: HP is shown in percentages
|rule|Endless Battle Clause: Forcing endless battles is banned
|rule|Species Clause: Limit one of each Pokémon
|rule|OHKO Clause: OHKO moves are banned
|rule|Evasion Items Clause: Evasion items are banned
|rule|Evasion Moves Clause: Evasion moves are banned
|rule|Evasion Abilities Clause: Evasion abilities are banned
|rule|Sleep Moves Clause: Sleep-inducing moves are banned
|clearpoke
|poke|p1|Ting-Lu|
|poke|p1|Dragapult, M|
|poke|p1|Cinderace, F|
|poke|p1|Meowscarada, M|
|poke|p1|Corviknight, M|
|poke|p1|Raging Bolt|
|poke|p2|Gholdengo|
|poke|p2|Great Tusk|
|poke|p2|Toxapex, F|
|poke|p2|Zapdos|
|poke|p2|Kingambit, F|
|poke|p2|Kyurem|
|teampreview
|inactive|Battle timer is ON: inactive players will automatically lose when time's up. (requested by Versalius)
|
|t:|1769418565
|teamsize|p1|6
|teamsize|p2|6
|start
|switch|p1a: Meowscarada|Meowscarada, M|100/100
|switch|p2a: Kyurem|Kyurem|100/100
|-ability|p2a: Kyurem|Pressure
|turn|1
|
|t:|1769418570
|move|p1a: Meowscarada|Knock Off|p2a: Kyurem
|-start|p1a: Meowscarada|typechange|Dark|[from] ability: Protean
|-damage|p2a: Kyurem|54/100
|-enditem|p2a: Kyurem|Choice Scarf|[from] move: Knock Off|[of] p1a: Meowscarada
|move|p2a: Kyurem|Freeze-Dry|p1a: Meowscarada
|-damage|p1a: Meowscarada|40/100
|
|upkeep
|turn|2
|
|t:|1769418581
|switch|p1a: Ting-Lu|Ting-Lu|100/100
|-ability|p1a: Ting-Lu|Vessel of Ruin
|move|p2a: Kyurem|Freeze-Dry|p1a: Ting-Lu
|-supereffective|p1a: Ting-Lu
|-damage|p1a: Ting-Lu|64/100
|-status|p1a: Ting-Lu|frz
|
|-heal|p1a: Ting-Lu|71/100 frz|[from] item: Leftovers
|upkeep
|turn|3
|
|t:|1769418590
|move|p2a: Kyurem|Freeze-Dry|p1a: Ting-Lu
|-supereffective|p1a: Ting-Lu
|-damage|p1a: Ting-Lu|36/100 frz
|cant|p1a: Ting-Lu|frz
|
|-heal|p1a: Ting-Lu|42/100 frz|[from] item: Leftovers
|upkeep
|turn|4
|
|t:|1769418597
|switch|p1a: Cinderace|Cinderace, F|100/100
|move|p2a: Kyurem|Freeze-Dry|p1a: Cinderace
|-resisted|p1a: Cinderace
|-damage|p1a: Cinderace|70/100
|-status|p1a: Cinderace|frz
|
|upkeep
|turn|5
|j| wyjmjl
|
|t:|1769418600
|cant|p1a: Cinderace|frz
|move|p2a: Kyurem|Draco Meteor|p1a: Cinderace
|-damage|p1a: Cinderace|0 fnt
|-unboost|p2a: Kyurem|spa|2
|faint|p1a: Cinderace
|
|upkeep
|c|☆Versalius|Bro
|
|t:|1769418610
|switch|p1a: Dragapult|Dragapult, M|100/100
|turn|6
|
|t:|1769418615
|-terastallize|p2a: Kyurem|Fairy
|move|p1a: Dragapult|Shadow Ball|p2a: Kyurem
|-damage|p2a: Kyurem|2/100
|move|p2a: Kyurem|Draco Meteor|p1a: Dragapult
|-supereffective|p1a: Dragapult
|-damage|p1a: Dragapult|2/100
|-unboost|p2a: Kyurem|spa|2
|
|upkeep
|turn|7
|
|t:|1769418626
|switch|p2a: Kingambit|Kingambit, F|100/100
|move|p1a: Dragapult|Shadow Ball|p2a: Kingambit
|-resisted|p2a: Kingambit
|-damage|p2a: Kingambit|72/100
|
|upkeep
|turn|8
|
|t:|1769418630
|switch|p1a: Corviknight|Corviknight, M|100/100
|-ability|p1a: Corviknight|Pressure
|move|p2a: Kingambit|Kowtow Cleave|p1a: Corviknight
|-damage|p1a: Corviknight|64/100
|-damage|p2a: Kingambit|55/100|[from] item: Rocky Helmet|[of] p1a: Corviknight
|
|upkeep
|turn|9
|
|t:|1769418638
|-end|p2a: Kingambit|fallenundefined|[silent]
|switch|p2a: Gholdengo|Gholdengo|100/100
|move|p1a: Corviknight|Body Press|p2a: Gholdengo
|-immune|p2a: Gholdengo
|
|upkeep
|turn|10
|
|t:|1769418648
|switch|p1a: Ting-Lu|Ting-Lu|42/100 frz
|-ability|p1a: Ting-Lu|Vessel of Ruin
|move|p2a: Gholdengo|Shadow Ball|p1a: Ting-Lu
|-resisted|p1a: Ting-Lu
|-damage|p1a: Ting-Lu|32/100 frz
|
|-heal|p1a: Ting-Lu|38/100 frz|[from] item: Leftovers
|upkeep
|turn|11
|
|t:|1769418657
|move|p2a: Gholdengo|Make It Rain|p1a: Ting-Lu
|-damage|p1a: Ting-Lu|10/100 frz
|-unboost|p2a: Gholdengo|spa|1
|-curestatus|p1a: Ting-Lu|frz|[msg]
|move|p1a: Ting-Lu|Stealth Rock|p2a: Gholdengo
|-sidestart|p2: apexacer|move: Stealth Rock
|
|-heal|p1a: Ting-Lu|16/100|[from] item: Leftovers
|upkeep
|turn|12
|
|t:|1769418664
|move|p2a: Gholdengo|Make It Rain|p1a: Ting-Lu
|-damage|p1a: Ting-Lu|0 fnt
|-unboost|p2a: Gholdengo|spa|1
|faint|p1a: Ting-Lu
|
|upkeep
|
|t:|1769418669
|switch|p1a: Dragapult|Dragapult, M|2/100
|turn|13
|
|t:|1769418676
|switch|p2a: Toxapex|Toxapex, F|100/100
|-damage|p2a: Toxapex|88/100|[from] Stealth Rock
|move|p1a: Dragapult|Flamethrower|p2a: Toxapex
|-resisted|p2a: Toxapex
|-damage|p2a: Toxapex|69/100
|
|upkeep
|turn|14
|
|t:|1769418684
|switch|p1a: Meowscarada|Meowscarada, M|40/100
|move|p2a: Toxapex|Surf|p1a: Meowscarada
|-resisted|p1a: Meowscarada
|-damage|p1a: Meowscarada|25/100
|
|upkeep
|turn|15
|
|t:|1769418690
|move|p1a: Meowscarada|Trick|p2a: Toxapex
|-start|p1a: Meowscarada|typechange|Psychic|[from] ability: Protean
|-activate|p1a: Meowscarada|move: Trick|[of] p2a: Toxapex
|-item|p2a: Toxapex|Choice Scarf|[from] move: Trick
|-item|p1a: Meowscarada|Rocky Helmet|[from] move: Trick
|move|p2a: Toxapex|Recover|p2a: Toxapex
|-heal|p2a: Toxapex|100/100
|
|upkeep
|turn|16
|j| Tbccc15
|
|t:|1769418711
|switch|p2a: Zapdos|Zapdos|100/100
|-damage|p2a: Zapdos|75/100|[from] Stealth Rock
|move|p1a: Meowscarada|U-turn|p2a: Zapdos
|-resisted|p2a: Zapdos
|-damage|p2a: Zapdos|63/100
|-status|p1a: Meowscarada|par|[from] ability: Static|[of] p2a: Zapdos
|l| wyjmjl
|
|t:|1769418717
|switch|p1a: Dragapult|Dragapult, M|2/100|[from] U-turn
|
|-heal|p2a: Zapdos|69/100|[from] item: Leftovers
|upkeep
|turn|17
|
|t:|1769418723
|switch|p2a: Toxapex|Toxapex, F|100/100
|-damage|p2a: Toxapex|88/100|[from] Stealth Rock
|move|p1a: Dragapult|Draco Meteor|p2a: Toxapex
|-damage|p2a: Toxapex|8/100
|-unboost|p1a: Dragapult|spa|2
|
|upkeep
|turn|18
|
|t:|1769418731
|switch|p2a: Kingambit|Kingambit, F|55/100
|-damage|p2a: Kingambit|49/100|[from] Stealth Rock
|move|p1a: Dragapult|Draco Meteor|p2a: Kingambit
|-resisted|p2a: Kingambit
|-damage|p2a: Kingambit|28/100
|-unboost|p1a: Dragapult|spa|2
|
|upkeep
|turn|19
|
|t:|1769418736
|switch|p1a: Corviknight|Corviknight, M|64/100
|-ability|p1a: Corviknight|Pressure
|move|p2a: Kingambit|Kowtow Cleave|p1a: Corviknight
|-damage|p1a: Corviknight|27/100
|-damage|p2a: Kingambit|11/100|[from] item: Rocky Helmet|[of] p1a: Corviknight
|
|upkeep
|turn|20
|
|t:|1769418746
|move|p1a: Corviknight|Roost|p1a: Corviknight
|-heal|p1a: Corviknight|77/100
|-singleturn|p1a: Corviknight|move: Roost
|move|p2a: Kingambit|Kowtow Cleave|p1a: Corviknight
|-damage|p1a: Corviknight|42/100
|-damage|p2a: Kingambit|0 fnt|[from] item: Rocky Helmet|[of] p1a: Corviknight
|faint|p2a: Kingambit
|-end|p2a: Kingambit|fallenundefined|[silent]
|
|upkeep
|
|t:|1769418757
|switch|p2a: Zapdos|Zapdos|69/100
|-damage|p2a: Zapdos|44/100|[from] Stealth Rock
|turn|21
|
|t:|1769418762
|switch|p1a: Raging Bolt|Raging Bolt|100/100
|-enditem|p1a: Raging Bolt|Booster Energy
|-activate|p1a: Raging Bolt|ability: Protosynthesis|[fromitem]
|-start|p1a: Raging Bolt|protosynthesisspa
|move|p2a: Zapdos|Heat Wave|p1a: Raging Bolt
|-resisted|p1a: Raging Bolt
|-damage|p1a: Raging Bolt|85/100
|
|-heal|p2a: Zapdos|50/100|[from] item: Leftovers
|upkeep
|turn|22
|
|t:|1769418774
|move|p2a: Zapdos|Volt Switch|p1a: Raging Bolt
|-resisted|p1a: Raging Bolt
|-damage|p1a: Raging Bolt|77/100
|
|t:|1769418779
|switch|p2a: Gholdengo|Gholdengo|100/100|[from] Volt Switch
|-damage|p2a: Gholdengo|94/100|[from] Stealth Rock
|move|p1a: Raging Bolt|Dragon Pulse|p2a: Gholdengo
|-resisted|p2a: Gholdengo
|-damage|p2a: Gholdengo|62/100
|
|-heal|p2a: Gholdengo|68/100|[from] item: Leftovers
|upkeep
|turn|23
|
|t:|1769418790
|move|p2a: Gholdengo|Shadow Ball|p1a: Raging Bolt
|-damage|p1a: Raging Bolt|42/100
|move|p1a: Raging Bolt|Thunderbolt|p2a: Gholdengo
|-damage|p2a: Gholdengo|0 fnt
|faint|p2a: Gholdengo
|
|upkeep
|
|t:|1769418797
|switch|p2a: Great Tusk|Great Tusk|100/100
|-damage|p2a: Great Tusk|98/100|[from] Stealth Rock
|turn|24
|
|t:|1769418804
|-terastallize|p1a: Raging Bolt|Fairy
|move|p2a: Great Tusk|Ice Spinner|p1a: Raging Bolt
|-damage|p1a: Raging Bolt|17/100
|move|p1a: Raging Bolt|Dragon Pulse|p2a: Great Tusk
|-damage|p2a: Great Tusk|41/100
|
|upkeep
|turn|25
|
|t:|1769418814
|-end|p1a: Raging Bolt|Protosynthesis|[silent]
|switch|p1a: Corviknight|Corviknight, M|42/100
|-ability|p1a: Corviknight|Pressure
|move|p2a: Great Tusk|Ice Spinner|p1a: Corviknight
|-damage|p1a: Corviknight|23/100
|-damage|p2a: Great Tusk|24/100|[from] item: Rocky Helmet|[of] p1a: Corviknight
|
|upkeep
|turn|26
|
|t:|1769418826
|switch|p1a: Dragapult|Dragapult, M|2/100
|move|p2a: Great Tusk|Rapid Spin|p1a: Dragapult
|-immune|p1a: Dragapult
|
|upkeep
|turn|27
|l| Tbccc15
|
|t:|1769418843
|-end|p2a: Great Tusk|Protosynthesis|[silent]
|switch|p2a: Kyurem|Kyurem, tera:Fairy|2/100
|-damage|p2a: Kyurem|0 fnt|[from] Stealth Rock
|faint|p2a: Kyurem
|move|p1a: Dragapult|Shadow Ball|p2: Kyurem|[notarget]
|-fail|p1a: Dragapult
|
|upkeep
|j| Tbccc15
|
|t:|1769418855
|switch|p2a: Toxapex|Toxapex, F|41/100
|-damage|p2a: Toxapex|29/100|[from] Stealth Rock
|turn|28
|inactive|apexacer has 120 seconds left.
|
|t:|1769418887
|move|p1a: Dragapult|Shadow Ball|p2a: Toxapex
|-damage|p2a: Toxapex|0 fnt
|faint|p2a: Toxapex
|
|upkeep
|
|t:|1769418892
|switch|p2a: Zapdos|Zapdos|50/100
|-damage|p2a: Zapdos|25/100|[from] Stealth Rock
|turn|29
|
|t:|1769418895
|move|p1a: Dragapult|Shadow Ball|p2a: Zapdos
|-damage|p2a: Zapdos|0 fnt
|faint|p2a: Zapdos
|
|upkeep
|l| Tbccc15
|inactive|apexacer has 120 seconds left.
|
|t:|1769418924
|switch|p2a: Great Tusk|Great Tusk|24/100
|-damage|p2a: Great Tusk|21/100|[from] Stealth Rock
|turn|30
|
|t:|1769418927
|move|p1a: Dragapult|Shadow Ball|p2a: Great Tusk
|-damage|p2a: Great Tusk|0 fnt
|faint|p2a: Great Tusk
|-end|p2a: Great Tusk|Protosynthesis|[silent]
|
|win|Versalius
|raw|Versalius's rating: 1663 &rarr; <strong>1682</strong><br />(+19 for winning)
|raw|apexacer's rating: 1640 &rarr; <strong>1621</strong><br />(-19 for losing)
|l|☆apexacer
|player|p2|
|l|☆Versalius
|player|p1|
