|j|☆chronos556
|j|☆LaportaPotty
|t:|1769414683
|gametype|singles
|player|p1|chronos556|170|1450
|player|p2|LaportaPotty|170|1393
|gen|9
|tier|[Gen 9] OU
|rated|
|rule|HP Percentage Mod: HP is shown in percentages
|rule|Endless Battle Clause: Forcing endless battles is banned
|rule|Species Clause: Limit one of each Pokémon
|rule|OHKO Clause: OHKO moves are banned
|rule|Evasion Items Clause: Evasion items are banned
|rule|Evasion Moves Clause: Evasion moves are banned
|rule|Evasion Abilities Clause: Evasion abilities are banned
|rule|Sleep Moves Clause: Sleep-inducing moves are banned
|clearpoke
|poke|p1|Ting-Lu|
|poke|p1|Ogerpon-Wellspring, F|
|poke|p1|Zamazenta-*|
|poke|p1|Raging Bolt|
|poke|p1|Iron Crown|
|poke|p1|Cyclizar, F|
|poke|p2|Garchomp, F|
|poke|p2|Sinistcha|
|poke|p2|Darkrai|
|poke|p2|Iron Treads|
|poke|p2|Raging Bolt|
|poke|p2|Gholdengo|
|teampreview
|inactive|Battle timer is ON: inactive players will automatically lose when time's up. (requested by chronos556)
|
|t:|1769414710
|teamsize|p1|6
|teamsize|p2|6
|start
|switch|p1a: Fishbowl|Ting-Lu|100/100
|switch|p2a: Garchomp|Garchomp, F|100/100
|-ability|p1a: Fishbowl|Vessel of Ruin
|turn|1
|
|t:|1769414715
|move|p2a: Garchomp|Spikes|p1a: Fishbowl
|-sidestart|p1: chronos556|Spikes
|move|p1a: Fishbowl|Stealth Rock|p2a: Garchomp
|-sidestart|p2: LaportaPotty|move: Stealth Rock
|
|upkeep
|turn|2
|
|t:|1769414726
|move|p1a: Fishbowl|Earthquake|p2a: Garchomp
|-damage|p2a: Garchomp|74/100
|move|p2a: Garchomp|Dragon Tail|p1a: Fishbowl
|-damage|p1a: Fishbowl|87/100
|drag|p1a: PS5|Iron Crown|100/100
|-damage|p1a: PS5|88/100|[from] Spikes
|
|upkeep
|turn|3
|
|t:|1769414736
|-end|p1a: PS5|Quark Drive|[silent]
|switch|p1a: Crocs|Cyclizar, F|100/100
|move|p2a: Garchomp|Earthquake|p1a: Crocs
|-damage|p1a: Crocs|31/100
|
|upkeep
|turn|4
|
|t:|1769414741
|switch|p2a: Sinistcha|Sinistcha|100/100
|move|p1a: Crocs|Rapid Spin|p2a: Sinistcha
|-immune|p2a: Sinistcha
|
|upkeep
|turn|5
|
|t:|1769414746
|move|p1a: Crocs|Knock Off|p2a: Sinistcha
|-supereffective|p2a: Sinistcha
|-damage|p2a: Sinistcha|63/100
|-enditem|p2a: Sinistcha|Heavy-Duty Boots|[from] move: Knock Off|[of] p1a: Crocs
|move|p2a: Sinistcha|Shadow Ball|p1a: Crocs
|-immune|p1a: Crocs
|
|upkeep
|turn|6
|
|t:|1769414756
|move|p1a: Crocs|U-turn|p2a: Sinistcha
|-damage|p2a: Sinistcha|50/100
|
|t:|1769414771
|switch|p1a: Gerald|Raging Bolt|100/100|[from] U-turn
|-damage|p1a: Gerald|88/100|[from] Spikes
|move|p2a: Sinistcha|Strength Sap|p1a: Gerald
|-unboost|p1a: Gerald|atk|1
|-heal|p2a: Sinistcha|94/100
|
|-heal|p1a: Gerald|94/100|[from] item: Leftovers
|upkeep
|turn|7
|
|t:|1769414780
|move|p1a: Gerald|Calm Mind|p1a: Gerald
|-boost|p1a: Gerald|spa|1
|-boost|p1a: Gerald|spd|1
|move|p2a: Sinistcha|Calm Mind|p2a: Sinistcha
|-boost|p2a: Sinistcha|spa|1
|-boost|p2a: Sinistcha|spd|1
|
|-heal|p1a: Gerald|100/100|[from] item: Leftovers
|upkeep
|turn|8
|
|t:|1769414783
|move|p1a: Gerald|Calm Mind|p1a: Gerald
|-boost|p1a: Gerald|spa|1
|-boost|p1a: Gerald|spd|1
|move|p2a: Sinistcha|Matcha Gotcha|p1a: Gerald
|-resisted|p1a: Gerald
|-damage|p1a: Gerald|91/100
|-heal|p2a: Sinistcha|100/100|[from] drain|[of] p1a: Gerald
|
|-heal|p1a: Gerald|97/100|[from] item: Leftovers
|upkeep
|turn|9
|
|t:|1769414790
|switch|p2a: Garchomp|Garchomp, F|74/100
|-damage|p2a: Garchomp|68/100|[from] Stealth Rock
|move|p1a: Gerald|Calm Mind|p1a: Gerald
|-boost|p1a: Gerald|spa|1
|-boost|p1a: Gerald|spd|1
|
|-heal|p1a: Gerald|100/100|[from] item: Leftovers
|upkeep
|turn|10
|
|t:|1769414802
|-terastallize|p1a: Gerald|Fairy
|move|p2a: Garchomp|Earthquake|p1a: Gerald
|-damage|p1a: Gerald|65/100
|move|p1a: Gerald|Draco Meteor|p2a: Garchomp
|-supereffective|p2a: Garchomp
|-damage|p2a: Garchomp|0 fnt
|-unboost|p1a: Gerald|spa|2
|faint|p2a: Garchomp
|
|-heal|p1a: Gerald|72/100|[from] item: Leftovers
|upkeep
|
|t:|1769414805
|switch|p2a: Iron Treads|Iron Treads|100/100
|-damage|p2a: Iron Treads|97/100|[from] Stealth Rock
|turn|11
|
|t:|1769414812
|move|p2a: Iron Treads|Rapid Spin|p1a: Gerald
|-damage|p1a: Gerald|61/100
|-boost|p2a: Iron Treads|spe|1
|-sideend|p2: LaportaPotty|Stealth Rock|[from] move: Rapid Spin|[of] p2a: Iron Treads
|move|p1a: Gerald|Draco Meteor|p2a: Iron Treads
|-resisted|p2a: Iron Treads
|-damage|p2a: Iron Treads|47/100
|-unboost|p1a: Gerald|spa|2
|
|-heal|p1a: Gerald|67/100|[from] item: Leftovers
|upkeep
|turn|12
|-message|LaportaPotty forfeited.
|
|win|chronos556
|raw|chronos556's rating: 1450 &rarr; <strong>1467</strong><br />(+17 for winning)
|raw|LaportaPotty's rating: 1393 &rarr; <strong>1376</strong><br />(-17 for losing)
|l|☆LaportaPotty
|player|p2|
|l|☆chronos556
|player|p1|
