|j|☆uniandes5
|j|☆Yaoshi
|t:|1769360781
|gametype|singles
|player|p1|uniandes5|2|1621
|player|p2|Yaoshi|silver-masters|1711
|gen|9
|tier|[Gen 9] OU
|rated|
|rule|HP Percentage Mod: HP is shown in percentages
|rule|Endless Battle Clause: Forcing endless battles is banned
|rule|Species Clause: Limit one of each Pokémon
|rule|OHKO Clause: OHKO moves are banned
|rule|Evasion Items Clause: Evasion items are banned
|rule|Evasion Moves Clause: Evasion moves are banned
|rule|Evasion Abilities Clause: Evasion abilities are banned
|rule|Sleep Moves Clause: Sleep-inducing moves are banned
|clearpoke
|poke|p1|Grimmsnarl, M|
|poke|p1|Latias, F|
|poke|p1|Tinkaton, F|
|poke|p1|Volcanion|
|poke|p1|Mew|
|poke|p1|Deoxys-Speed|
|poke|p2|Cinderace, M|
|poke|p2|Darkrai|
|poke|p2|Dragonite, M|
|poke|p2|Snorlax, M|
|poke|p2|Primarina, M|
|poke|p2|Skarmory, F|
|teampreview
|inactive|Battle timer is ON: inactive players will automatically lose when time's up. (requested by Yaoshi)
|
|t:|1769360797
|teamsize|p1|6
|teamsize|p2|6
|start
|switch|p1a: Tinkaton|Tinkaton, F|100/100
|switch|p2a: One Hit Wonder|Cinderace, M|100/100
|-ability|p1a: Tinkaton|Mold Breaker
|turn|1
|
|t:|1769360807
|switch|p1a: Volcanion|Volcanion|100/100
|move|p2a: One Hit Wonder|Pyro Ball|p1a: Volcanion|[miss]
|-miss|p2a: One Hit Wonder|p1a: Volcanion
|
|upkeep
|turn|2
|
|t:|1769360814
|switch|p2a: Homerun|Snorlax, M, shiny|100/100
|move|p1a: Volcanion|Earth Power|p2a: Homerun
|-damage|p2a: Homerun|87/100
|
|upkeep
|turn|3
|
|t:|1769360820
|move|p1a: Volcanion|Body Press|p2a: Homerun
|-supereffective|p2a: Homerun
|-damage|p2a: Homerun|34/100
|-enditem|p2a: Homerun|Figy Berry|[eat]
|-heal|p2a: Homerun|67/100|[from] item: Figy Berry
|move|p2a: Homerun|Body Slam|p1a: Volcanion
|-crit|p1a: Volcanion
|-damage|p1a: Volcanion|63/100
|
|upkeep
|turn|4
|
|t:|1769360827
|move|p1a: Volcanion|Earth Power|p2a: Homerun
|-damage|p2a: Homerun|52/100
|move|p2a: Homerun|Body Slam|p1a: Volcanion
|-damage|p1a: Volcanion|37/100
|
|upkeep
|turn|5
|
|t:|1769360837
|switch|p2a: Ohtani|Dragonite, M|100/100
|move|p1a: Volcanion|Body Press|p2a: Ohtani
|-resisted|p2a: Ohtani
|-damage|p2a: Ohtani|94/100
|
|upkeep
|turn|6
|
|t:|1769360843
|-terastallize|p2a: Ohtani|Normal
|move|p2a: Ohtani|Extreme Speed|p1a: Volcanion
|-damage|p1a: Volcanion|0 fnt
|faint|p1a: Volcanion
|
|upkeep
|
|t:|1769360850
|switch|p1a: Tinkaton|Tinkaton, F|100/100
|-ability|p1a: Tinkaton|Mold Breaker
|turn|7
|
|t:|1769360854
|switch|p2a: One Hit Wonder|Cinderace, M|100/100
|move|p1a: Tinkaton|Thunder Wave|p2a: One Hit Wonder
|-status|p2a: One Hit Wonder|par
|
|upkeep
|turn|8
|
|t:|1769360858
|move|p1a: Tinkaton|Knock Off|p2a: One Hit Wonder
|-damage|p2a: One Hit Wonder|66/100 par
|-enditem|p2a: One Hit Wonder|Heavy-Duty Boots|[from] move: Knock Off|[of] p1a: Tinkaton
|move|p2a: One Hit Wonder|Pyro Ball|p1a: Tinkaton
|-supereffective|p1a: Tinkaton
|-damage|p1a: Tinkaton|0 fnt
|faint|p1a: Tinkaton
|
|upkeep
|
|t:|1769360874
|switch|p1a: Mew|Mew|100/100
|turn|9
|
|t:|1769360884
|move|p1a: Mew|Dragon Dance|p1a: Mew
|-boost|p1a: Mew|atk|1
|-boost|p1a: Mew|spe|1
|move|p2a: One Hit Wonder|Pyro Ball|p1a: Mew
|-damage|p1a: Mew|59/100
|
|upkeep
|turn|10
|
|t:|1769360891
|move|p1a: Mew|Earthquake|p2a: One Hit Wonder
|-supereffective|p2a: One Hit Wonder
|-damage|p2a: One Hit Wonder|0 fnt
|faint|p2a: One Hit Wonder
|
|upkeep
|
|t:|1769360899
|switch|p2a: Ohtani|Dragonite, M, tera:Normal|94/100
|turn|11
|
|t:|1769360907
|move|p2a: Ohtani|Extreme Speed|p1a: Mew
|-damage|p1a: Mew|16/100
|move|p1a: Mew|Drain Punch|p2a: Ohtani
|-supereffective|p2a: Ohtani
|-damage|p2a: Ohtani|41/100
|-heal|p1a: Mew|41/100|[from] drain|[of] p2a: Ohtani
|
|upkeep
|turn|12
|
|t:|1769360927
|move|p2a: Ohtani|Extreme Speed|p1a: Mew
|-damage|p1a: Mew|0 fnt
|faint|p1a: Mew
|
|upkeep
|
|t:|1769360933
|switch|p1a: Grimmsnarl|Grimmsnarl, M|100/100
|turn|13
|
|t:|1769360937
|switch|p2a: Ayami Sato|Primarina, M, shiny|100/100
|move|p1a: Grimmsnarl|Reflect|p1a: Grimmsnarl
|-sidestart|p1: uniandes5|Reflect
|
|upkeep
|turn|14
|
|t:|1769360941
|move|p1a: Grimmsnarl|Thunder Wave|p2a: Ayami Sato
|-status|p2a: Ayami Sato|par
|move|p2a: Ayami Sato|Calm Mind|p2a: Ayami Sato
|-boost|p2a: Ayami Sato|spa|1
|-boost|p2a: Ayami Sato|spd|1
|
|upkeep
|turn|15
|
|t:|1769360945
|move|p1a: Grimmsnarl|Taunt|p2a: Ayami Sato
|-start|p2a: Ayami Sato|move: Taunt
|cant|p2a: Ayami Sato|move: Taunt|Calm Mind
|
|upkeep
|turn|16
|
|t:|1769360949
|move|p1a: Grimmsnarl|Light Screen|p1a: Grimmsnarl
|-sidestart|p1: uniandes5|move: Light Screen
|move|p2a: Ayami Sato|Psychic Noise|p1a: Grimmsnarl
|-damage|p1a: Grimmsnarl|78/100
|-start|p1a: Grimmsnarl|move: Heal Block
|
|upkeep
|turn|17
|
|t:|1769360953
|switch|p1a: Deoxys|Deoxys-Speed|100/100
|-ability|p1a: Deoxys|Pressure
|cant|p2a: Ayami Sato|par
|
|-end|p2a: Ayami Sato|move: Taunt
|upkeep
|turn|18
|
|t:|1769360959
|move|p1a: Deoxys|Knock Off|p2a: Ayami Sato
|-resisted|p2a: Ayami Sato
|-damage|p2a: Ayami Sato|88/100 par
|-enditem|p2a: Ayami Sato|Leftovers|[from] move: Knock Off|[of] p1a: Deoxys
|cant|p2a: Ayami Sato|par
|
|upkeep
|turn|19
|
|t:|1769360965
|move|p1a: Deoxys|Thunderbolt|p2a: Ayami Sato
|-supereffective|p2a: Ayami Sato
|-damage|p2a: Ayami Sato|68/100 par
|move|p2a: Ayami Sato|Calm Mind|p2a: Ayami Sato
|-boost|p2a: Ayami Sato|spa|1
|-boost|p2a: Ayami Sato|spd|1
|
|upkeep
|turn|20
|
|t:|1769360970
|move|p1a: Deoxys|Thunderbolt|p2a: Ayami Sato
|-supereffective|p2a: Ayami Sato
|-damage|p2a: Ayami Sato|51/100 par
|cant|p2a: Ayami Sato|par
|
|-sideend|p1: uniandes5|Reflect
|upkeep
|turn|21
|
|t:|1769360974
|move|p1a: Deoxys|Thunderbolt|p2a: Ayami Sato
|-supereffective|p2a: Ayami Sato
|-damage|p2a: Ayami Sato|33/100 par
|move|p2a: Ayami Sato|Calm Mind|p2a: Ayami Sato
|-boost|p2a: Ayami Sato|spa|1
|-boost|p2a: Ayami Sato|spd|1
|
|upkeep
|turn|22
|
|t:|1769360978
|move|p1a: Deoxys|Thunderbolt|p2a: Ayami Sato
|-supereffective|p2a: Ayami Sato
|-damage|p2a: Ayami Sato|21/100 par
|move|p2a: Ayami Sato|Draining Kiss|p1a: Deoxys
|-damage|p1a: Deoxys|54/100
|-heal|p2a: Ayami Sato|44/100 par|[from] drain|[of] p1a: Deoxys
|
|upkeep
|turn|23
|
|t:|1769360982
|move|p1a: Deoxys|Thunderbolt|p2a: Ayami Sato
|-supereffective|p2a: Ayami Sato
|-damage|p2a: Ayami Sato|31/100 par
|cant|p2a: Ayami Sato|par
|
|-sideend|p1: uniandes5|move: Light Screen
|upkeep
|turn|24
|
|t:|1769360994
|move|p1a: Deoxys|Thunderbolt|p2a: Ayami Sato
|-supereffective|p2a: Ayami Sato
|-damage|p2a: Ayami Sato|17/100 par
|cant|p2a: Ayami Sato|par
|
|upkeep
|turn|25
|
|t:|1769361001
|move|p1a: Deoxys|Thunderbolt|p2a: Ayami Sato
|-supereffective|p2a: Ayami Sato
|-damage|p2a: Ayami Sato|3/100 par
|move|p2a: Ayami Sato|Draining Kiss|p1a: Deoxys
|-damage|p1a: Deoxys|0 fnt
|-heal|p2a: Ayami Sato|29/100 par|[from] drain|[of] p1a: Deoxys
|faint|p1a: Deoxys
|
|upkeep
|
|t:|1769361005
|switch|p1a: Grimmsnarl|Grimmsnarl, M|78/100
|turn|26
|
|t:|1769361008
|move|p1a: Grimmsnarl|Light Screen|p1a: Grimmsnarl
|-sidestart|p1: uniandes5|move: Light Screen
|move|p2a: Ayami Sato|Draining Kiss|p1a: Grimmsnarl
|-supereffective|p1a: Grimmsnarl
|-damage|p1a: Grimmsnarl|30/100
|-heal|p2a: Ayami Sato|68/100 par|[from] drain|[of] p1a: Grimmsnarl
|
|upkeep
|turn|27
|
|t:|1769361012
|move|p1a: Grimmsnarl|Taunt|p2a: Ayami Sato
|-start|p2a: Ayami Sato|move: Taunt
|cant|p2a: Ayami Sato|par
|
|upkeep
|turn|28
|
|t:|1769361015
|move|p1a: Grimmsnarl|Reflect|p1a: Grimmsnarl
|-sidestart|p1: uniandes5|Reflect
|cant|p2a: Ayami Sato|par
|
|upkeep
|turn|29
|
|t:|1769361019
|move|p1a: Grimmsnarl|Taunt||[still]
|-fail|p1a: Grimmsnarl
|move|p2a: Ayami Sato|Draining Kiss|p1a: Grimmsnarl
|-supereffective|p1a: Grimmsnarl
|-damage|p1a: Grimmsnarl|0 fnt
|-heal|p2a: Ayami Sato|93/100 par|[from] drain|[of] p1a: Grimmsnarl
|faint|p1a: Grimmsnarl
|
|-end|p2a: Ayami Sato|move: Taunt
|upkeep
|
|t:|1769361023
|switch|p1a: Latias|Latias, F|100/100
|turn|30
|
|t:|1769361025
|move|p1a: Latias|Calm Mind|p1a: Latias
|-boost|p1a: Latias|spa|1
|-boost|p1a: Latias|spd|1
|move|p2a: Ayami Sato|Draining Kiss|p1a: Latias
|-supereffective|p1a: Latias
|-damage|p1a: Latias|76/100
|-heal|p2a: Ayami Sato|100/100 par|[from] drain|[of] p1a: Latias
|
|upkeep
|turn|31
|
|t:|1769361030
|move|p1a: Latias|Calm Mind|p1a: Latias
|-boost|p1a: Latias|spa|1
|-boost|p1a: Latias|spd|1
|cant|p2a: Ayami Sato|par
|
|upkeep
|turn|32
|
|t:|1769361037
|move|p1a: Latias|Calm Mind|p1a: Latias
|-boost|p1a: Latias|spa|1
|-boost|p1a: Latias|spd|1
|cant|p2a: Ayami Sato|par
|
|upkeep
|turn|33
|
|t:|1769361041
|move|p1a: Latias|Calm Mind|p1a: Latias
|-boost|p1a: Latias|spa|1
|-boost|p1a: Latias|spd|1
|move|p2a: Ayami Sato|Calm Mind|p2a: Ayami Sato
|-boost|p2a: Ayami Sato|spa|1
|-boost|p2a: Ayami Sato|spd|1
|
|-sideend|p1: uniandes5|move: Light Screen
|upkeep
|turn|34
|
|t:|1769361046
|-terastallize|p1a: Latias|Poison
|move|p1a: Latias|Calm Mind|p1a: Latias
|-boost|p1a: Latias|spa|1
|-boost|p1a: Latias|spd|1
|move|p2a: Ayami Sato|Calm Mind|p2a: Ayami Sato
|-boost|p2a: Ayami Sato|spa|1
|-boost|p2a: Ayami Sato|spd|1
|
|upkeep
|turn|35
|
|t:|1769361051
|move|p1a: Latias|Stored Power|p2a: Ayami Sato
|-damage|p2a: Ayami Sato|32/100 par
|move|p2a: Ayami Sato|Psychic|p1a: Latias
|-supereffective|p1a: Latias
|-damage|p1a: Latias|41/100
|
|-sideend|p1: uniandes5|Reflect
|upkeep
|turn|36
|
|t:|1769361056
|move|p1a: Latias|Recover|p1a: Latias
|-heal|p1a: Latias|91/100
|move|p2a: Ayami Sato|Psychic|p1a: Latias
|-supereffective|p1a: Latias
|-damage|p1a: Latias|50/100
|
|upkeep
|turn|37
|
|t:|1769361060
|move|p1a: Latias|Recover|p1a: Latias
|-heal|p1a: Latias|100/100
|move|p2a: Ayami Sato|Psychic|p1a: Latias
|-supereffective|p1a: Latias
|-damage|p1a: Latias|63/100
|-unboost|p1a: Latias|spd|1
|
|upkeep
|turn|38
|
|t:|1769361065
|move|p1a: Latias|Stored Power|p2a: Ayami Sato
|-damage|p2a: Ayami Sato|0 fnt
|faint|p2a: Ayami Sato
|
|upkeep
|
|t:|1769361071
|switch|p2a: Ohtani|Dragonite, M, tera:Normal|41/100
|turn|39
|
|t:|1769361073
|move|p2a: Ohtani|Extreme Speed|p1a: Latias
|-damage|p1a: Latias|10/100
|move|p1a: Latias|Aura Sphere|p2a: Ohtani
|-supereffective|p2a: Ohtani
|-crit|p2a: Ohtani
|-damage|p2a: Ohtani|0 fnt
|faint|p2a: Ohtani
|
|upkeep
|
|t:|1769361078
|switch|p2a: Babe Ruth|Darkrai, shiny|100/100
|turn|40
|
|t:|1769361080
|move|p2a: Babe Ruth|Dark Pulse|p1a: Latias
|-damage|p1a: Latias|0 fnt
|faint|p1a: Latias
|
|win|Yaoshi
|raw|uniandes5's rating: 1621 &rarr; <strong>1606</strong><br />(-15 for losing)
|raw|Yaoshi's rating: 1711 &rarr; <strong>1726</strong><br />(+15 for winning)
|l|☆Yaoshi
|player|p2|
|l|☆uniandes5
|player|p1|
