|j|☆Router_z
|j|☆big bod3
|t:|1769406151
|gametype|singles
|player|p1|Router_z|rood|1132
|player|p2|big bod3|marshal|1092
|gen|9
|tier|[Gen 9] OU
|rated|
|rule|HP Percentage Mod: HP is shown in percentages
|rule|Endless Battle Clause: Forcing endless battles is banned
|rule|Species Clause: Limit one of each Pokémon
|rule|OHKO Clause: OHKO moves are banned
|rule|Evasion Items Clause: Evasion items are banned
|rule|Evasion Moves Clause: Evasion moves are banned
|rule|Evasion Abilities Clause: Evasion abilities are banned
|rule|Sleep Moves Clause: Sleep-inducing moves are banned
|clearpoke
|poke|p1|Iron Valiant|
|poke|p1|Excadrill, M|
|poke|p1|Tyranitar, M|
|poke|p1|Tornadus-Therian, M|
|poke|p1|Ogerpon-Cornerstone, F|
|poke|p1|Toxapex, F|
|poke|p2|Drifblim, M|
|poke|p2|Tyranitar, F|
|poke|p2|Dondozo, M|
|poke|p2|Great Tusk|
|poke|p2|Dragonite, M|
|poke|p2|Iron Valiant|
|teampreview
|inactive|Battle timer is ON: inactive players will automatically lose when time's up. (requested by Router_z)
|
|t:|1769406160
|teamsize|p1|6
|teamsize|p2|6
|start
|switch|p1a: Tyranitar|Tyranitar, M|100/100
|switch|p2a: ᛚDon|Dondozo, M|100/100
|-weather|Sandstorm|[from] ability: Sand Stream|[of] p1a: Tyranitar
|turn|1
|
|t:|1769406172
|switch|p1a: Toxapex|Toxapex, F, shiny|100/100
|-terastallize|p2a: ᛚDon|Steel
|move|p2a: ᛚDon|Wave Crash|p1a: Toxapex
|-resisted|p1a: Toxapex
|-damage|p1a: Toxapex|82/100
|-damage|p2a: ᛚDon|97/100|[from] Recoil
|-enditem|p1a: Toxapex|Eject Button
|
|t:|1769406182
|switch|p1a: Excadrill|Excadrill, M|100/100
|
|-weather|Sandstorm|[upkeep]
|-heal|p2a: ᛚDon|100/100|[from] item: Leftovers
|upkeep
|turn|2
|
|t:|1769406195
|move|p1a: Excadrill|Substitute|p1a: Excadrill
|-start|p1a: Excadrill|Substitute
|-damage|p1a: Excadrill|76/100
|move|p2a: ᛚDon|Avalanche|p1a: Excadrill
|-end|p1a: Excadrill|Substitute
|
|-weather|Sandstorm|[upkeep]
|-heal|p1a: Excadrill|82/100|[from] item: Leftovers
|upkeep
|turn|3
|
|t:|1769406204
|move|p1a: Excadrill|Earthquake|p2a: ᛚDon
|-supereffective|p2a: ᛚDon
|-damage|p2a: ᛚDon|35/100
|move|p2a: ᛚDon|Avalanche|p1a: Excadrill
|-damage|p1a: Excadrill|28/100
|
|-weather|Sandstorm|[upkeep]
|-heal|p1a: Excadrill|34/100|[from] item: Leftovers
|-heal|p2a: ᛚDon|41/100|[from] item: Leftovers
|upkeep
|turn|4
|
|t:|1769406215
|switch|p2a: ᛏCrown|Dragonite, M, shiny|100/100
|move|p1a: Excadrill|Earthquake|p2a: ᛏCrown
|-immune|p2a: ᛏCrown
|
|-weather|Sandstorm|[upkeep]
|-damage|p2a: ᛏCrown|94/100|[from] Sandstorm
|-heal|p1a: Excadrill|40/100|[from] item: Leftovers
|-heal|p2a: ᛏCrown|100/100|[from] item: Leftovers
|upkeep
|turn|5
|
|t:|1769406227
|move|p1a: Excadrill|Rock Slide|p2a: ᛏCrown
|-supereffective|p2a: ᛏCrown
|-damage|p2a: ᛏCrown|68/100
|move|p2a: ᛏCrown|Encore|p1a: Excadrill
|-start|p1a: Excadrill|Encore
|
|-weather|Sandstorm|[upkeep]
|-damage|p2a: ᛏCrown|62/100|[from] Sandstorm
|-heal|p1a: Excadrill|46/100|[from] item: Leftovers
|-heal|p2a: ᛏCrown|68/100|[from] item: Leftovers
|upkeep
|turn|6
|
|t:|1769406238
|switch|p2a: ᛃTtar|Tyranitar, F|100/100
|move|p1a: Excadrill|Rock Slide|p2a: ᛃTtar
|-damage|p2a: ᛃTtar|75/100
|
|-weather|Sandstorm|[upkeep]
|-heal|p1a: Excadrill|53/100|[from] item: Leftovers
|-heal|p2a: ᛃTtar|81/100|[from] item: Leftovers
|upkeep
|turn|7
|
|t:|1769406251
|switch|p1a: Iron Valiant|Iron Valiant, shiny|100/100
|move|p2a: ᛃTtar|Dragon Dance|p2a: ᛃTtar
|-boost|p2a: ᛃTtar|atk|1
|-boost|p2a: ᛃTtar|spe|1
|
|-weather|Sandstorm|[upkeep]
|-damage|p1a: Iron Valiant|94/100|[from] Sandstorm
|-heal|p2a: ᛃTtar|88/100|[from] item: Leftovers
|upkeep
|turn|8
|
|t:|1769406263
|move|p1a: Iron Valiant|Moonblast|p2a: ᛃTtar
|-supereffective|p2a: ᛃTtar
|-damage|p2a: ᛃTtar|3/100
|-unboost|p2a: ᛃTtar|spa|1
|move|p2a: ᛃTtar|Earthquake|p1a: Iron Valiant
|-damage|p1a: Iron Valiant|22/100
|
|-weather|none
|-heal|p2a: ᛃTtar|9/100|[from] item: Leftovers
|upkeep
|turn|9
|inactive|big bod3 has 120 seconds left.
|
|t:|1769406294
|switch|p2a: ᛖᛏᛇAydrift|Drifblim, M|100/100
|move|p1a: Iron Valiant|Moonblast|p2a: ᛖᛏᛇAydrift
|-damage|p2a: ᛖᛏᛇAydrift|47/100
|
|-heal|p2a: ᛖᛏᛇAydrift|53/100|[from] item: Leftovers
|upkeep
|turn|10
|
|t:|1769406303
|move|p1a: Iron Valiant|Moonblast|p2a: ᛖᛏᛇAydrift
|-damage|p2a: ᛖᛏᛇAydrift|0 fnt
|faint|p2a: ᛖᛏᛇAydrift
|
|upkeep
|
|t:|1769406309
|switch|p2a: ᛏCrown|Dragonite, M, shiny|68/100
|turn|11
|
|t:|1769406314
|move|p2a: ᛏCrown|Extreme Speed|p1a: Iron Valiant
|-crit|p1a: Iron Valiant
|-damage|p1a: Iron Valiant|0 fnt
|faint|p1a: Iron Valiant
|-end|p1a: Iron Valiant|Quark Drive|[silent]
|
|-heal|p2a: ᛏCrown|74/100|[from] item: Leftovers
|upkeep
|
|t:|1769406322
|switch|p1a: Tyranitar|Tyranitar, M|100/100
|-weather|Sandstorm|[from] ability: Sand Stream|[of] p1a: Tyranitar
|turn|12
|
|t:|1769406337
|switch|p2a: ᛃᛚgrunderRoots|Great Tusk|100/100
|-item|p2a: ᛃᛚgrunderRoots|Air Balloon
|move|p1a: Tyranitar|Ice Punch|p2a: ᛃᛚgrunderRoots
|-supereffective|p2a: ᛃᛚgrunderRoots
|-damage|p2a: ᛃᛚgrunderRoots|62/100
|-enditem|p2a: ᛃᛚgrunderRoots|Air Balloon
|
|-weather|Sandstorm|[upkeep]
|upkeep
|turn|13
|
|t:|1769406351
|switch|p1a: Tornadus|Tornadus-Therian, M, shiny|100/100
|move|p2a: ᛃᛚgrunderRoots|Bulldoze|p1a: Tornadus
|-immune|p1a: Tornadus
|
|-weather|Sandstorm|[upkeep]
|-damage|p1a: Tornadus|94/100|[from] Sandstorm
|upkeep
|turn|14
|
|t:|1769406360
|move|p1a: Tornadus|Bleakwind Storm|p2a: ᛃᛚgrunderRoots
|-supereffective|p2a: ᛃᛚgrunderRoots
|-damage|p2a: ᛃᛚgrunderRoots|0 fnt
|faint|p2a: ᛃᛚgrunderRoots
|-end|p2a: ᛃᛚgrunderRoots|Protosynthesis|[silent]
|
|-weather|Sandstorm|[upkeep]
|-damage|p1a: Tornadus|88/100|[from] Sandstorm
|upkeep
|
|t:|1769406377
|switch|p2a: ᚹᛋWarlight|Iron Valiant|100/100
|turn|15
|
|t:|1769406390
|move|p1a: Tornadus|Bleakwind Storm|p2a: ᚹᛋWarlight|[miss]
|-miss|p1a: Tornadus|p2a: ᚹᛋWarlight
|move|p2a: ᚹᛋWarlight|Hyper Voice|p1a: Tornadus
|-damage|p1a: Tornadus|52/100
|
|-weather|Sandstorm|[upkeep]
|-damage|p1a: Tornadus|46/100|[from] Sandstorm
|-damage|p2a: ᚹᛋWarlight|94/100|[from] Sandstorm
|upkeep
|turn|16
|
|t:|1769406400
|move|p1a: Tornadus|Bleakwind Storm|p2a: ᚹᛋWarlight
|-supereffective|p2a: ᚹᛋWarlight
|-damage|p2a: ᚹᛋWarlight|0 fnt
|faint|p2a: ᚹᛋWarlight
|-end|p2a: ᚹᛋWarlight|Quark Drive|[silent]
|
|-weather|Sandstorm|[upkeep]
|-damage|p1a: Tornadus|40/100|[from] Sandstorm
|upkeep
|
|t:|1769406406
|switch|p2a: ᛏCrown|Dragonite, M, shiny|74/100
|turn|17
|
|t:|1769406411
|switch|p1a: Toxapex|Toxapex, F, shiny|100/100
|move|p2a: ᛏCrown|Dragon Dance|p2a: ᛏCrown
|-boost|p2a: ᛏCrown|atk|1
|-boost|p2a: ᛏCrown|spe|1
|
|-weather|Sandstorm|[upkeep]
|-damage|p2a: ᛏCrown|68/100|[from] Sandstorm
|-damage|p1a: Toxapex|95/100|[from] Sandstorm
|-heal|p2a: ᛏCrown|74/100|[from] item: Leftovers
|upkeep
|turn|18
|
|t:|1769406428
|move|p2a: ᛏCrown|Dragon Dance|p2a: ᛏCrown
|-boost|p2a: ᛏCrown|atk|1
|-boost|p2a: ᛏCrown|spe|1
|move|p1a: Toxapex|Haze|p1a: Toxapex
|-clearallboost
|
|-weather|Sandstorm|[upkeep]
|-damage|p2a: ᛏCrown|68/100|[from] Sandstorm
|-damage|p1a: Toxapex|89/100|[from] Sandstorm
|-heal|p2a: ᛏCrown|74/100|[from] item: Leftovers
|upkeep
|turn|19
|
|t:|1769406439
|move|p2a: ᛏCrown|Encore|p1a: Toxapex
|-start|p1a: Toxapex|Encore
|move|p1a: Toxapex|Haze|p1a: Toxapex
|-clearallboost
|
|-weather|none
|-heal|p2a: ᛏCrown|80/100|[from] item: Leftovers
|upkeep
|turn|20
|
|t:|1769406448
|switch|p1a: Tyranitar|Tyranitar, M|100/100
|-weather|Sandstorm|[from] ability: Sand Stream|[of] p1a: Tyranitar
|move|p2a: ᛏCrown|Dragon Claw|p1a: Tyranitar
|-damage|p1a: Tyranitar|60/100
|
|-weather|Sandstorm|[upkeep]
|-damage|p2a: ᛏCrown|74/100|[from] Sandstorm
|-heal|p2a: ᛏCrown|80/100|[from] item: Leftovers
|upkeep
|turn|21
|
|t:|1769406465
|move|p2a: ᛏCrown|Dragon Dance|p2a: ᛏCrown
|-boost|p2a: ᛏCrown|atk|1
|-boost|p2a: ᛏCrown|spe|1
|move|p1a: Tyranitar|Ice Punch|p2a: ᛏCrown
|-supereffective|p2a: ᛏCrown
|-damage|p2a: ᛏCrown|0 fnt
|faint|p2a: ᛏCrown
|
|-weather|Sandstorm|[upkeep]
|upkeep
|
|t:|1769406472
|switch|p2a: ᛚDon|Dondozo, M, tera:Steel|41/100
|turn|22
|
|t:|1769406480
|move|p1a: Tyranitar|Low Kick|p2a: ᛚDon
|-supereffective|p2a: ᛚDon
|-damage|p2a: ᛚDon|0 fnt
|faint|p2a: ᛚDon
|
|-weather|Sandstorm|[upkeep]
|upkeep
|
|t:|1769406486
|switch|p2a: ᛃTtar|Tyranitar, F|9/100
|turn|23
|
|t:|1769406495
|move|p1a: Tyranitar|Low Kick|p2a: ᛃTtar
|-supereffective|p2a: ᛃTtar
|-damage|p2a: ᛃTtar|0 fnt
|faint|p2a: ᛃTtar
|
|win|Router_z
|raw|Router_z's rating: 1132 &rarr; <strong>1154</strong><br />(+22 for winning)
|raw|big bod3's rating: 1092 &rarr; <strong>1071</strong><br />(-21 for losing)
|l|☆Router_z
|player|p1|
|l|☆big bod3
|player|p2|
