|j|☆aetherspring
|j|☆suprya
|t:|1769294375
|gametype|singles
|player|p1|aetherspring|cheren-gen5bw2|1506
|player|p2|suprya|wattson|1679
|gen|9
|tier|[Gen 9] OU
|rated|
|rule|HP Percentage Mod: HP is shown in percentages
|rule|Endless Battle Clause: Forcing endless battles is banned
|rule|Species Clause: Limit one of each Pokémon
|rule|OHKO Clause: OHKO moves are banned
|rule|Evasion Items Clause: Evasion items are banned
|rule|Evasion Moves Clause: Evasion moves are banned
|rule|Evasion Abilities Clause: Evasion abilities are banned
|rule|Sleep Moves Clause: Sleep-inducing moves are banned
|clearpoke
|poke|p1|Iron Valiant|
|poke|p1|Excadrill, M|
|poke|p1|Tyranitar, M|
|poke|p1|Tornadus-Therian, M|
|poke|p1|Ogerpon-Cornerstone, F|
|poke|p1|Toxapex, F|
|poke|p2|Overqwil, F|
|poke|p2|Landorus-Therian, M|
|poke|p2|Gholdengo|
|poke|p2|Latios, M|
|poke|p2|Clefable, M|
|poke|p2|Zamazenta-*|
|teampreview
|inactive|Battle timer is ON: inactive players will automatically lose when time's up. (requested by suprya)
|
|t:|1769294394
|teamsize|p1|6
|teamsize|p2|6
|start
|switch|p1a: Ogerpon|Ogerpon-Cornerstone, F|100/100
|switch|p2a: Overqwil|Overqwil, F|100/100
|-ability|p2a: Overqwil|Intimidate|boost
|-unboost|p1a: Ogerpon|atk|1
|turn|1
|
|t:|1769294401
|switch|p1a: Tornadus|Tornadus-Therian, M|100/100
|move|p2a: Overqwil|Gunk Shot|p1a: Tornadus
|-damage|p1a: Tornadus|37/100
|
|upkeep
|turn|2
|
|t:|1769294412
|switch|p2a: Gholdengo|Gholdengo|100/100
|-item|p2a: Gholdengo|Air Balloon
|move|p1a: Tornadus|Bleakwind Storm|p2a: Gholdengo
|-resisted|p2a: Gholdengo
|-crit|p2a: Gholdengo
|-damage|p2a: Gholdengo|53/100
|-enditem|p2a: Gholdengo|Air Balloon
|
|upkeep
|turn|3
|
|t:|1769294419
|switch|p1a: Toxapex|Toxapex, F|100/100
|move|p2a: Gholdengo|Recover|p2a: Gholdengo
|-heal|p2a: Gholdengo|100/100
|
|upkeep
|turn|4
|
|t:|1769294424
|switch|p1a: Excadrill|Excadrill, M|100/100
|move|p2a: Gholdengo|Nasty Plot|p2a: Gholdengo
|-boost|p2a: Gholdengo|spa|2
|
|upkeep
|turn|5
|
|t:|1769294432
|switch|p1a: Tornadus|Tornadus-Therian, M|70/100
|switch|p2a: Landorus|Landorus-Therian, M|100/100
|-ability|p2a: Landorus|Intimidate|boost
|-unboost|p1a: Tornadus|atk|1
|
|upkeep
|turn|6
|
|t:|1769294446
|move|p1a: Tornadus|Bleakwind Storm|p2a: Landorus
|-damage|p2a: Landorus|30/100
|move|p2a: Landorus|Stealth Rock|p1a: Tornadus
|-sidestart|p1: aetherspring|move: Stealth Rock
|
|upkeep
|turn|7
|
|t:|1769294458
|switch|p1a: Iron Valiant|Iron Valiant|100/100
|-damage|p1a: Iron Valiant|94/100|[from] Stealth Rock
|move|p2a: Landorus|U-turn|p1a: Iron Valiant
|-resisted|p1a: Iron Valiant
|-damage|p1a: Iron Valiant|88/100
|
|t:|1769294465
|switch|p2a: Overqwil|Overqwil, F|100/100|[from] U-turn
|-ability|p2a: Overqwil|Intimidate|boost
|-unboost|p1a: Iron Valiant|atk|1
|
|upkeep
|turn|8
|
|t:|1769294475
|-end|p1a: Iron Valiant|Quark Drive|[silent]
|switch|p1a: Toxapex|Toxapex, F|100/100
|-damage|p1a: Toxapex|88/100|[from] Stealth Rock
|move|p2a: Overqwil|Gunk Shot|p1a: Toxapex|[miss]
|-miss|p2a: Overqwil|p1a: Toxapex
|
|upkeep
|turn|9
|
|t:|1769294483
|move|p2a: Overqwil|Spikes|p1a: Toxapex
|-sidestart|p1: aetherspring|Spikes
|move|p1a: Toxapex|Toxic Spikes|p2a: Overqwil
|-sidestart|p2: suprya|move: Toxic Spikes
|
|upkeep
|turn|10
|
|t:|1769294486
|switch|p1a: Excadrill|Excadrill, M|100/100
|-damage|p1a: Excadrill|97/100|[from] Stealth Rock
|-damage|p1a: Excadrill|85/100|[from] Spikes
|move|p2a: Overqwil|Spikes|p1a: Excadrill
|-sidestart|p1: aetherspring|Spikes
|
|-heal|p1a: Excadrill|91/100|[from] item: Leftovers
|upkeep
|turn|11
|
|t:|1769294494
|-terastallize|p2a: Overqwil|Ghost
|move|p1a: Excadrill|Rapid Spin|p2a: Overqwil
|-immune|p2a: Overqwil
|move|p2a: Overqwil|Crunch|p1a: Excadrill
|-damage|p1a: Excadrill|46/100
|-unboost|p1a: Excadrill|def|1
|
|-heal|p1a: Excadrill|52/100|[from] item: Leftovers
|upkeep
|turn|12
|
|t:|1769294502
|move|p1a: Excadrill|Earthquake|p2a: Overqwil
|-damage|p2a: Overqwil|59/100
|move|p2a: Overqwil|Spikes|p1a: Excadrill
|-sidestart|p1: aetherspring|Spikes
|
|-heal|p1a: Excadrill|58/100|[from] item: Leftovers
|upkeep
|turn|13
|
|t:|1769294513
|switch|p1a: Tornadus|Tornadus-Therian, M|100/100
|-damage|p1a: Tornadus|76/100|[from] Stealth Rock
|move|p2a: Overqwil|Crunch|p1a: Tornadus
|-damage|p1a: Tornadus|30/100
|
|upkeep
|turn|14
|
|t:|1769294525
|switch|p2a: Clefable|Clefable, M|100/100
|-status|p2a: Clefable|psn
|move|p1a: Tornadus|Bleakwind Storm|p2a: Clefable
|-damage|p2a: Clefable|37/100 psn
|
|-heal|p2a: Clefable|43/100 psn|[from] item: Leftovers
|upkeep
|turn|15
|
|t:|1769294536
|switch|p1a: Excadrill|Excadrill, M|58/100
|-damage|p1a: Excadrill|55/100|[from] Stealth Rock
|-damage|p1a: Excadrill|30/100|[from] Spikes
|switch|p2a: Gholdengo|Gholdengo|100/100
|
|-heal|p1a: Excadrill|36/100|[from] item: Leftovers
|upkeep
|turn|16
|
|t:|1769294542
|switch|p2a: Landorus|Landorus-Therian, M|30/100
|-ability|p2a: Landorus|Intimidate|boost
|-unboost|p1a: Excadrill|atk|1
|move|p1a: Excadrill|Substitute|p1a: Excadrill
|-start|p1a: Excadrill|Substitute
|-damage|p1a: Excadrill|11/100
|
|-heal|p1a: Excadrill|17/100|[from] item: Leftovers
|upkeep
|turn|17
|
|t:|1769294549
|move|p2a: Landorus|Earth Power|p1a: Excadrill
|-supereffective|p1a: Excadrill
|-end|p1a: Excadrill|Substitute
|move|p1a: Excadrill|Rapid Spin|p2a: Landorus
|-damage|p2a: Landorus|18/100
|-boost|p1a: Excadrill|spe|1
|-damage|p1a: Excadrill|1/100|[from] item: Rocky Helmet|[of] p2a: Landorus
|-sideend|p1: aetherspring|Spikes|[from] move: Rapid Spin|[of] p1a: Excadrill
|-sideend|p1: aetherspring|Stealth Rock|[from] move: Rapid Spin|[of] p1a: Excadrill
|
|-heal|p1a: Excadrill|7/100|[from] item: Leftovers
|upkeep
|turn|18
|
|t:|1769294559
|move|p1a: Excadrill|Rock Slide|p2a: Landorus
|-damage|p2a: Landorus|0 fnt
|faint|p2a: Landorus
|
|-heal|p1a: Excadrill|13/100|[from] item: Leftovers
|upkeep
|
|t:|1769294564
|switch|p2a: Latios|Latios, M|100/100
|turn|19
|
|t:|1769294577
|move|p1a: Excadrill|Rapid Spin|p2a: Latios
|-damage|p2a: Latios|82/100
|-boost|p1a: Excadrill|spe|1
|move|p2a: Latios|Flip Turn|p1a: Excadrill
|-supereffective|p1a: Excadrill
|-damage|p1a: Excadrill|0 fnt
|faint|p1a: Excadrill
|-message|suprya forfeited.
|
|win|aetherspring
|raw|aetherspring's rating: 1506 &rarr; <strong>1535</strong><br />(+29 for winning)
|raw|suprya's rating: 1679 &rarr; <strong>1650</strong><br />(-29 for losing)
|l|☆suprya
|player|p2|
|l|☆aetherspring
|player|p1|
