|j|☆thehi
|j|☆Yaoshi
|t:|1769415642
|gametype|singles
|player|p1|thehi|101|1467
|player|p2|Yaoshi|silver-masters|1491
|gen|9
|tier|[Gen 9] OU
|rated|
|rule|HP Percentage Mod: HP is shown in percentages
|rule|Endless Battle Clause: Forcing endless battles is banned
|rule|Species Clause: Limit one of each Pokémon
|rule|OHKO Clause: OHKO moves are banned
|rule|Evasion Items Clause: Evasion items are banned
|rule|Evasion Moves Clause: Evasion moves are banned
|rule|Evasion Abilities Clause: Evasion abilities are banned
|rule|Sleep Moves Clause: Sleep-inducing moves are banned
|clearpoke
|poke|p1|Gholdengo|
|poke|p1|Tyranitar, M|
|poke|p1|Landorus-Therian, M|
|poke|p1|Corviknight, F|
|poke|p1|Keldeo|
|poke|p1|Raging Bolt|
|poke|p2|Cinderace, F|
|poke|p2|Dragonite, M|
|poke|p2|Iron Valiant|
|poke|p2|Snorlax, F|
|poke|p2|Primarina, M|
|poke|p2|Iron Crown|
|teampreview
|inactive|Battle timer is ON: inactive players will automatically lose when time's up. (requested by Yaoshi)
|
|t:|1769415651
|teamsize|p1|6
|teamsize|p2|6
|start
|switch|p1a: Landy-T|Landorus-Therian, M|100/100
|switch|p2a: Iron Crown|Iron Crown|100/100
|-ability|p1a: Landy-T|Intimidate|boost
|-unboost|p2a: Iron Crown|atk|1
|turn|1
|
|t:|1769415660
|-end|p2a: Iron Crown|Quark Drive|[silent]
|switch|p2a: Ohtani|Dragonite, M|100/100
|move|p1a: Landy-T|U-turn|p2a: Ohtani
|-resisted|p2a: Ohtani
|-damage|p2a: Ohtani|95/100
|
|t:|1769415673
|switch|p1a: Galarian Skarmory|Corviknight, F, shiny|100/100|[from] U-turn
|
|upkeep
|turn|2
|
|t:|1769415696
|switch|p2a: One Hit Wonder|Cinderace, F|100/100
|move|p1a: Galarian Skarmory|U-turn|p2a: One Hit Wonder
|-resisted|p2a: One Hit Wonder
|-damage|p2a: One Hit Wonder|91/100
|
|t:|1769415700
|switch|p1a: d'Artagnan|Keldeo|100/100|[from] U-turn
|
|upkeep
|turn|3
|
|t:|1769415704
|switch|p2a: Ayami Sato|Primarina, M, shiny|100/100
|move|p1a: d'Artagnan|Surf|p2a: Ayami Sato
|-resisted|p2a: Ayami Sato
|-damage|p2a: Ayami Sato|81/100
|
|-heal|p2a: Ayami Sato|87/100|[from] item: Leftovers
|upkeep
|turn|4
|
|t:|1769415720
|switch|p1a: Galarian Skarmory|Corviknight, F, shiny|100/100
|move|p2a: Ayami Sato|Calm Mind|p2a: Ayami Sato
|-boost|p2a: Ayami Sato|spa|1
|-boost|p2a: Ayami Sato|spd|1
|
|-heal|p2a: Ayami Sato|93/100|[from] item: Leftovers
|upkeep
|turn|5
|
|t:|1769415723
|move|p2a: Ayami Sato|Calm Mind|p2a: Ayami Sato
|-boost|p2a: Ayami Sato|spa|1
|-boost|p2a: Ayami Sato|spd|1
|move|p1a: Galarian Skarmory|U-turn|p2a: Ayami Sato
|-resisted|p2a: Ayami Sato
|-damage|p2a: Ayami Sato|87/100
|
|t:|1769415733
|switch|p1a: Corleone|Tyranitar, M, shiny|100/100|[from] U-turn
|-weather|Sandstorm|[from] ability: Sand Stream|[of] p1a: Corleone
|
|-weather|Sandstorm|[upkeep]
|-damage|p2a: Ayami Sato|81/100|[from] Sandstorm
|-heal|p2a: Ayami Sato|87/100|[from] item: Leftovers
|upkeep
|turn|6
|
|t:|1769415738
|move|p1a: Corleone|Knock Off|p2a: Ayami Sato
|-resisted|p2a: Ayami Sato
|-damage|p2a: Ayami Sato|68/100
|-enditem|p2a: Ayami Sato|Leftovers|[from] move: Knock Off|[of] p1a: Corleone
|move|p2a: Ayami Sato|Psychic Noise|p1a: Corleone
|-supereffective|p1a: Corleone
|-crit|p1a: Corleone
|-damage|p1a: Corleone|51/100
|-start|p1a: Corleone|move: Heal Block
|
|-weather|Sandstorm|[upkeep]
|-damage|p2a: Ayami Sato|62/100|[from] Sandstorm
|upkeep
|turn|7
|
|t:|1769415762
|move|p1a: Corleone|Stone Edge|p2a: Ayami Sato
|-damage|p2a: Ayami Sato|22/100
|move|p2a: Ayami Sato|Draining Kiss|p1a: Corleone
|-supereffective|p1a: Corleone
|-damage|p1a: Corleone|26/100
|-heal|p2a: Ayami Sato|43/100|[from] drain|[of] p1a: Corleone
|
|-weather|Sandstorm|[upkeep]
|-damage|p2a: Ayami Sato|37/100|[from] Sandstorm
|-end|p1a: Corleone|move: Heal Block
|upkeep
|turn|8
|
|t:|1769415774
|switch|p2a: Iron Crown|Iron Crown|100/100
|move|p1a: Corleone|Stone Edge|p2a: Iron Crown
|-resisted|p2a: Iron Crown
|-damage|p2a: Iron Crown|77/100
|
|-weather|Sandstorm|[upkeep]
|upkeep
|turn|9
|
|t:|1769415786
|move|p2a: Iron Crown|Tachyon Cutter|p1a: Corleone
|-supereffective|p1a: Corleone
|-crit|p1a: Corleone
|-damage|p1a: Corleone|0 fnt
|faint|p1a: Corleone
|-hitcount|p1: Corleone|1
|
|-weather|none
|upkeep
|
|t:|1769415804
|switch|p1a: d'Artagnan|Keldeo|100/100
|turn|10
|
|t:|1769415814
|-end|p2a: Iron Crown|Quark Drive|[silent]
|switch|p2a: Ayami Sato|Primarina, M, shiny|37/100
|move|p1a: d'Artagnan|Flip Turn|p2a: Ayami Sato
|-resisted|p2a: Ayami Sato
|-damage|p2a: Ayami Sato|32/100
|
|t:|1769415819
|switch|p1a: Raging Goat|Raging Bolt|100/100|[from] Flip Turn
|
|upkeep
|turn|11
|
|t:|1769415822
|switch|p2a: Homerun|Snorlax, F, shiny|100/100
|move|p1a: Raging Goat|Thunderbolt|p2a: Homerun
|-damage|p2a: Homerun|76/100
|
|upkeep
|turn|12
|
|t:|1769415826
|move|p1a: Raging Goat|Volt Switch|p2a: Homerun
|-damage|p2a: Homerun|55/100
|
|t:|1769415829
|-end|p1a: Raging Goat|Protosynthesis|[silent]
|switch|p1a: d'Artagnan|Keldeo|100/100|[from] Volt Switch
|move|p2a: Homerun|Body Slam|p1a: d'Artagnan
|-damage|p1a: d'Artagnan|60/100
|
|upkeep
|turn|13
|
|t:|1769415845
|move|p1a: d'Artagnan|Aura Sphere|p2a: Homerun
|-supereffective|p2a: Homerun
|-damage|p2a: Homerun|19/100
|-enditem|p2a: Homerun|Figy Berry|[eat]
|-heal|p2a: Homerun|52/100|[from] item: Figy Berry
|move|p2a: Homerun|Body Slam|p1a: d'Artagnan
|-damage|p1a: d'Artagnan|17/100
|
|upkeep
|turn|14
|
|t:|1769415862
|switch|p1a: Landy-T|Landorus-Therian, M|100/100
|-ability|p1a: Landy-T|Intimidate|boost
|-unboost|p2a: Homerun|atk|1
|move|p2a: Homerun|Recycle|p2a: Homerun
|-item|p2a: Homerun|Figy Berry|[from] move: Recycle
|
|upkeep
|turn|15
|
|t:|1769415869
|switch|p2a: Ayami Sato|Primarina, M, shiny|32/100
|move|p1a: Landy-T|Taunt|p2a: Ayami Sato
|-start|p2a: Ayami Sato|move: Taunt
|
|upkeep
|turn|16
|
|t:|1769415876
|switch|p1a: Raging Goat|Raging Bolt|100/100
|move|p2a: Ayami Sato|Psychic Noise|p1a: Raging Goat
|-resisted|p1a: Raging Goat
|-damage|p1a: Raging Goat|92/100
|-start|p1a: Raging Goat|move: Heal Block
|
|upkeep
|turn|17
|
|t:|1769415881
|switch|p2a: Homerun|Snorlax, F, shiny|52/100
|move|p1a: Raging Goat|Thunderbolt|p2a: Homerun
|-damage|p2a: Homerun|28/100
|-enditem|p2a: Homerun|Figy Berry|[eat]
|-heal|p2a: Homerun|61/100|[from] item: Figy Berry
|
|-end|p1a: Raging Goat|move: Heal Block
|upkeep
|turn|18
|c|☆thehi|Bro?
|
|t:|1769415907
|move|p1a: Raging Goat|Thunderbolt|p2a: Homerun
|-damage|p2a: Homerun|36/100
|move|p2a: Homerun|Recycle|p2a: Homerun
|-item|p2a: Homerun|Figy Berry|[from] move: Recycle
|-enditem|p2a: Homerun|Figy Berry|[eat]
|-heal|p2a: Homerun|69/100|[from] item: Figy Berry
|
|upkeep
|turn|19
|c|☆Yaoshi|great wall of china bud
|
|t:|1769415915
|move|p1a: Raging Goat|Thunderbolt|p2a: Homerun
|-damage|p2a: Homerun|43/100
|move|p2a: Homerun|Recycle|p2a: Homerun
|-item|p2a: Homerun|Figy Berry|[from] move: Recycle
|-enditem|p2a: Homerun|Figy Berry|[eat]
|-heal|p2a: Homerun|76/100|[from] item: Figy Berry
|
|upkeep
|turn|20
|
|t:|1769415925
|move|p1a: Raging Goat|Volt Switch|p2a: Homerun
|-damage|p2a: Homerun|58/100
|
|t:|1769415927
|-end|p1a: Raging Goat|Protosynthesis|[silent]
|switch|p1a: Landy-T|Landorus-Therian, M|100/100|[from] Volt Switch
|-ability|p1a: Landy-T|Intimidate|boost
|-unboost|p2a: Homerun|atk|1
|move|p2a: Homerun|Earthquake|p1a: Landy-T
|-immune|p1a: Landy-T
|
|upkeep
|turn|21
|
|t:|1769415931
|switch|p2a: Iron Crown|Iron Crown|77/100
|move|p1a: Landy-T|Taunt|p2a: Iron Crown
|-start|p2a: Iron Crown|move: Taunt
|
|upkeep
|turn|22
|
|t:|1769415939
|move|p2a: Iron Crown|Tachyon Cutter|p1a: Landy-T
|-damage|p1a: Landy-T|59/100
|-damage|p1a: Landy-T|21/100
|-hitcount|p1a: Landy-T|2
|move|p1a: Landy-T|Earthquake|p2a: Iron Crown
|-supereffective|p2a: Iron Crown
|-damage|p2a: Iron Crown|0 fnt
|faint|p2a: Iron Crown
|-end|p2a: Iron Crown|Quark Drive|[silent]
|
|upkeep
|
|t:|1769415944
|switch|p2a: Babe Ruth|Iron Valiant, shiny|100/100
|-enditem|p2a: Babe Ruth|Booster Energy
|-activate|p2a: Babe Ruth|ability: Quark Drive|[fromitem]
|-start|p2a: Babe Ruth|quarkdrivespe
|turn|23
|
|t:|1769415961
|move|p2a: Babe Ruth|Moonblast|p1a: Landy-T
|-damage|p1a: Landy-T|0 fnt
|faint|p1a: Landy-T
|
|upkeep
|
|t:|1769415969
|switch|p1a: Cheestrings|Gholdengo, shiny|100/100
|turn|24
|
|t:|1769415977
|-terastallize|p1a: Cheestrings|Water
|move|p2a: Babe Ruth|Destiny Bond|p2a: Babe Ruth
|-singlemove|p2a: Babe Ruth|Destiny Bond
|move|p1a: Cheestrings|Make It Rain|p2a: Babe Ruth
|-supereffective|p2a: Babe Ruth
|-damage|p2a: Babe Ruth|0 fnt
|-unboost|p1a: Cheestrings|spa|1
|faint|p2a: Babe Ruth
|-activate|p2a: Babe Ruth|move: Destiny Bond
|-end|p2a: Babe Ruth|Quark Drive|[silent]
|faint|p1a: Cheestrings
|
|upkeep
|c|☆thehi|No...
|c|☆thehi|Wtf
|c|☆thehi|Oh nahh
|
|t:|1769415998
|switch|p2a: One Hit Wonder|Cinderace, F|91/100
|switch|p1a: Galarian Skarmory|Corviknight, F, shiny|100/100
|turn|25
|
|t:|1769416002
|switch|p1a: Raging Goat|Raging Bolt|92/100
|move|p2a: One Hit Wonder|Pyro Ball|p1a: Raging Goat
|-resisted|p1a: Raging Goat
|-damage|p1a: Raging Goat|67/100
|
|upkeep
|turn|26
|
|t:|1769416011
|move|p2a: One Hit Wonder|Zen Headbutt|p1a: Raging Goat
|-start|p2a: One Hit Wonder|typechange|Psychic|[from] ability: Libero
|-damage|p1a: Raging Goat|35/100
|move|p1a: Raging Goat|Thunderbolt|p2a: One Hit Wonder
|-damage|p2a: One Hit Wonder|17/100
|
|upkeep
|turn|27
|
|t:|1769416018
|move|p2a: One Hit Wonder|Sucker Punch|p1a: Raging Goat
|-damage|p1a: Raging Goat|13/100
|move|p1a: Raging Goat|Thunderclap||[still]
|-fail|p1a: Raging Goat
|
|upkeep
|turn|28
|
|t:|1769416023
|-end|p1a: Raging Goat|Protosynthesis|[silent]
|switch|p1a: Galarian Skarmory|Corviknight, F, shiny|100/100
|move|p2a: One Hit Wonder|Sucker Punch||[still]
|-fail|p2a: One Hit Wonder
|
|upkeep
|turn|29
|
|t:|1769416028
|switch|p2a: Ayami Sato|Primarina, M, shiny|32/100
|move|p1a: Galarian Skarmory|U-turn|p2a: Ayami Sato
|-resisted|p2a: Ayami Sato
|-damage|p2a: Ayami Sato|26/100
|
|t:|1769416030
|switch|p1a: Raging Goat|Raging Bolt|13/100|[from] U-turn
|
|upkeep
|turn|30
|
|t:|1769416034
|switch|p2a: Homerun|Snorlax, F, shiny|58/100
|move|p1a: Raging Goat|Thunderbolt|p2a: Homerun
|-damage|p2a: Homerun|34/100
|
|upkeep
|turn|31
|
|t:|1769416040
|move|p1a: Raging Goat|Draco Meteor|p2a: Homerun
|-damage|p2a: Homerun|0 fnt
|-unboost|p1a: Raging Goat|spa|2
|faint|p2a: Homerun
|
|upkeep
|
|t:|1769416044
|switch|p2a: Ohtani|Dragonite, M|95/100
|turn|32
|
|t:|1769416050
|-end|p1a: Raging Goat|Protosynthesis|[silent]
|switch|p1a: Galarian Skarmory|Corviknight, F, shiny|100/100
|move|p2a: Ohtani|Fire Punch|p1a: Galarian Skarmory
|-supereffective|p1a: Galarian Skarmory
|-damage|p1a: Galarian Skarmory|43/100
|-damage|p2a: Ohtani|78/100|[from] item: Rocky Helmet|[of] p1a: Galarian Skarmory
|
|upkeep
|turn|33
|c|☆thehi|Why do u have fire punch...
|c|☆Yaoshi|just that guy
|
|t:|1769416071
|move|p2a: Ohtani|Fire Punch|p1a: Galarian Skarmory
|-supereffective|p1a: Galarian Skarmory
|-damage|p1a: Galarian Skarmory|0 fnt
|-damage|p2a: Ohtani|62/100|[from] item: Rocky Helmet|[of] p1a: Galarian Skarmory
|faint|p1a: Galarian Skarmory
|
|upkeep
|
|t:|1769416079
|switch|p1a: d'Artagnan|Keldeo|17/100
|turn|34
|
|t:|1769416084
|switch|p2a: One Hit Wonder|Cinderace, F|17/100
|move|p1a: d'Artagnan|Surf|p2a: One Hit Wonder
|-supereffective|p2a: One Hit Wonder
|-damage|p2a: One Hit Wonder|0 fnt
|faint|p2a: One Hit Wonder
|
|upkeep
|
|t:|1769416088
|switch|p2a: Ohtani|Dragonite, M|62/100
|turn|35
|
|t:|1769416090
|move|p2a: Ohtani|Extreme Speed|p1a: d'Artagnan
|-damage|p1a: d'Artagnan|0 fnt
|faint|p1a: d'Artagnan
|
|upkeep
|
|t:|1769416093
|switch|p1a: Raging Goat|Raging Bolt|13/100
|turn|36
|
|t:|1769416096
|move|p2a: Ohtani|Extreme Speed|p1a: Raging Goat
|-damage|p1a: Raging Goat|0 fnt
|faint|p1a: Raging Goat
|-end|p1a: Raging Goat|Protosynthesis|[silent]
|
|win|Yaoshi
|raw|thehi's rating: 1467 &rarr; <strong>1448</strong><br />(-19 for losing)
|raw|Yaoshi's rating: 1491 &rarr; <strong>1510</strong><br />(+19 for winning)
|l|☆Yaoshi
|player|p2|
|l|☆thehi
|player|p1|
