|j|☆thiefxo
|j|☆higashikataYashuo
|t:|1769320065
|gametype|singles
|player|p1|thiefxo|mars|1243
|player|p2|higashikataYashuo|169|1214
|gen|9
|tier|[Gen 9] OU
|rated|
|rule|HP Percentage Mod: HP is shown in percentages
|rule|Endless Battle Clause: Forcing endless battles is banned
|rule|Species Clause: Limit one of each Pokémon
|rule|OHKO Clause: OHKO moves are banned
|rule|Evasion Items Clause: Evasion items are banned
|rule|Evasion Moves Clause: Evasion moves are banned
|rule|Evasion Abilities Clause: Evasion abilities are banned
|rule|Sleep Moves Clause: Sleep-inducing moves are banned
|clearpoke
|poke|p1|Dragonite, M|
|poke|p1|Gholdengo|
|poke|p1|Ogerpon-Wellspring, F|
|poke|p1|Bisharp, M|
|poke|p1|Great Tusk|
|poke|p1|Hatterene, F|
|poke|p2|Hydrapple, M|
|poke|p2|Gliscor, M|
|poke|p2|Slowking-Galar, M|
|poke|p2|Cinderace, M|
|poke|p2|Kingambit, M|
|poke|p2|Iron Valiant|
|teampreview
|inactive|Battle timer is ON: inactive players will automatically lose when time's up. (requested by higashikataYashuo)
|j| reality's remixers
|inactive|thiefxo has 120 seconds left.
|
|t:|1769320102
|teamsize|p1|6
|teamsize|p2|6
|start
|switch|p1a: Gaia|Ogerpon-Wellspring, F|100/100
|switch|p2a: Hydrapple|Hydrapple, M, shiny|100/100
|turn|1
|
|t:|1769320110
|move|p1a: Gaia|Knock Off|p2a: Hydrapple
|-damage|p2a: Hydrapple|73/100
|-enditem|p2a: Hydrapple|Life Orb|[from] move: Knock Off|[of] p1a: Gaia
|move|p2a: Hydrapple|Draco Meteor|p1a: Gaia
|-damage|p1a: Gaia|25/100
|-unboost|p2a: Hydrapple|spa|2
|
|upkeep
|turn|2
|
|t:|1769320131
|switch|p2a: Slowking|Slowking-Galar, M, shiny|100/100
|move|p1a: Gaia|U-turn|p2a: Slowking
|-damage|p2a: Slowking|81/100
|
|t:|1769320140
|switch|p1a: Cold Cadaver|Gholdengo|100/100|[from] U-turn
|-item|p1a: Cold Cadaver|Air Balloon
|
|upkeep
|turn|3
|
|t:|1769320155
|move|p1a: Cold Cadaver|Nasty Plot|p1a: Cold Cadaver
|-boost|p1a: Cold Cadaver|spa|2
|move|p2a: Slowking|Flamethrower|p1a: Cold Cadaver
|-supereffective|p1a: Cold Cadaver
|-damage|p1a: Cold Cadaver|45/100
|-enditem|p1a: Cold Cadaver|Air Balloon
|
|upkeep
|turn|4
|
|t:|1769320178
|switch|p2a: Kingambit|Kingambit, M, shiny|100/100
|-item|p2a: Kingambit|Air Balloon
|move|p1a: Cold Cadaver|Shadow Ball|p2a: Kingambit
|-resisted|p2a: Kingambit
|-damage|p2a: Kingambit|54/100
|-enditem|p2a: Kingambit|Air Balloon
|
|upkeep
|turn|5
|inactive|thiefxo has 120 seconds left.
|
|t:|1769320196
|move|p1a: Cold Cadaver|Make It Rain|p2a: Kingambit
|-resisted|p2a: Kingambit
|-damage|p2a: Kingambit|0 fnt
|-unboost|p1a: Cold Cadaver|spa|1
|faint|p2a: Kingambit
|-end|p2a: Kingambit|fallenundefined|[silent]
|
|upkeep
|
|t:|1769320202
|switch|p2a: Gliscor|Gliscor, M, shiny|100/100
|turn|6
|
|t:|1769320210
|move|p2a: Gliscor|Earthquake|p1a: Cold Cadaver
|-supereffective|p1a: Cold Cadaver
|-damage|p1a: Cold Cadaver|0 fnt
|faint|p1a: Cold Cadaver
|
|-status|p2a: Gliscor|tox|[from] item: Toxic Orb
|upkeep
|
|t:|1769320219
|switch|p1a: Supercell|Dragonite, M|100/100
|turn|7
|
|t:|1769320223
|move|p2a: Gliscor|Swords Dance|p2a: Gliscor
|-boost|p2a: Gliscor|atk|2
|move|p1a: Supercell|Ice Spinner|p2a: Gliscor
|-supereffective|p2a: Gliscor
|-damage|p2a: Gliscor|0 fnt
|faint|p2a: Gliscor
|
|upkeep
|
|t:|1769320228
|switch|p2a: Iron Valiant|Iron Valiant, shiny|100/100
|-enditem|p2a: Iron Valiant|Booster Energy
|-activate|p2a: Iron Valiant|ability: Quark Drive|[fromitem]
|-start|p2a: Iron Valiant|quarkdrivespe
|turn|8
|
|t:|1769320251
|switch|p1a: Cellophane|Hatterene, F|100/100
|move|p2a: Iron Valiant|Moonblast|p1a: Cellophane
|-damage|p1a: Cellophane|69/100
|
|upkeep
|turn|9
|
|t:|1769320258
|-end|p2a: Iron Valiant|Quark Drive|[silent]
|switch|p2a: Slowking|Slowking-Galar, M, shiny|100/100
|move|p1a: Cellophane|Nuzzle|p2a: Slowking
|-damage|p2a: Slowking|97/100
|-status|p2a: Slowking|par
|
|upkeep
|turn|10
|
|t:|1769320274
|switch|p1a: Han-Tayumi|Bisharp, M|100/100
|cant|p2a: Slowking|par
|
|upkeep
|turn|11
|
|t:|1769320290
|move|p1a: Han-Tayumi|Swords Dance|p1a: Han-Tayumi
|-boost|p1a: Han-Tayumi|atk|2
|move|p2a: Slowking|Flamethrower|p1a: Han-Tayumi
|-supereffective|p1a: Han-Tayumi
|-damage|p1a: Han-Tayumi|53/100
|
|upkeep
|turn|12
|
|t:|1769320312
|move|p1a: Han-Tayumi|Iron Head|p2a: Slowking
|-damage|p2a: Slowking|31/100 par
|move|p2a: Slowking|Flamethrower|p1a: Han-Tayumi
|-supereffective|p1a: Han-Tayumi
|-damage|p1a: Han-Tayumi|0 fnt
|faint|p1a: Han-Tayumi
|
|upkeep
|
|t:|1769320320
|switch|p1a: Gaia|Ogerpon-Wellspring, F|25/100
|turn|13
|
|t:|1769320325
|switch|p2a: Cinderace|Cinderace, M, shiny|100/100
|move|p1a: Gaia|Horn Leech|p2a: Cinderace
|-resisted|p2a: Cinderace
|-crit|p2a: Cinderace
|-damage|p2a: Cinderace|51/100
|-heal|p1a: Gaia|50/100|[from] drain|[of] p2a: Cinderace
|
|upkeep
|turn|14
|
|t:|1769320335
|-terastallize|p1a: Gaia|Water
|detailschange|p1a: Gaia|Ogerpon-Wellspring-Tera, F, tera:Water
|-ability|p1a: Gaia|Embody Aspect (Wellspring)|boost
|-boost|p1a: Gaia|spd|1
|move|p2a: Cinderace|U-turn|p1a: Gaia
|-start|p2a: Cinderace|typechange|Bug|[from] ability: Libero
|-damage|p1a: Gaia|2/100
|
|t:|1769320343
|switch|p2a: Slowking|Slowking-Galar, M, shiny|65/100 par|[from] U-turn
|move|p1a: Gaia|Ivy Cudgel|p2a: Slowking|[anim] Ivy Cudgel Water
|-damage|p2a: Slowking|7/100 par
|
|upkeep
|turn|15
|
|t:|1769320350
|move|p1a: Gaia|Horn Leech|p2a: Slowking
|-resisted|p2a: Slowking
|-damage|p2a: Slowking|0 fnt
|-heal|p1a: Gaia|6/100|[from] drain|[of] p2a: Slowking
|faint|p2a: Slowking
|
|upkeep
|
|t:|1769320356
|switch|p2a: Cinderace|Cinderace, M, shiny|51/100
|turn|16
|
|t:|1769320384
|switch|p1a: Supercell|Dragonite, M|100/100
|move|p2a: Cinderace|U-turn|p1a: Supercell
|-start|p2a: Cinderace|typechange|Bug|[from] ability: Libero
|-resisted|p1a: Supercell
|-damage|p1a: Supercell|92/100
|
|t:|1769320394
|switch|p2a: Iron Valiant|Iron Valiant, shiny|100/100|[from] U-turn
|
|upkeep
|turn|17
|
|t:|1769320406
|switch|p1a: Cellophane|Hatterene, F|69/100
|move|p2a: Iron Valiant|Moonblast|p1a: Cellophane
|-damage|p1a: Cellophane|35/100
|
|upkeep
|turn|18
|
|t:|1769320427
|move|p2a: Iron Valiant|Moonblast|p1a: Cellophane
|-damage|p1a: Cellophane|4/100
|move|p1a: Cellophane|Nuzzle|p2a: Iron Valiant
|-damage|p2a: Iron Valiant|95/100
|-status|p2a: Iron Valiant|par
|
|upkeep
|turn|19
|
|t:|1769320439
|move|p2a: Iron Valiant|Moonblast|p1a: Cellophane
|-damage|p1a: Cellophane|0 fnt
|faint|p1a: Cellophane
|
|upkeep
|
|t:|1769320443
|switch|p1a: Gaia|Ogerpon-Wellspring-Tera, F, tera:Water|6/100
|-ability|p1a: Gaia|Embody Aspect (Wellspring)|boost
|-boost|p1a: Gaia|spd|1
|turn|20
|
|t:|1769320448
|move|p1a: Gaia|Horn Leech|p2a: Iron Valiant
|-damage|p2a: Iron Valiant|40/100 par
|-heal|p1a: Gaia|32/100|[from] drain|[of] p2a: Iron Valiant
|cant|p2a: Iron Valiant|par
|
|upkeep
|turn|21
|
|t:|1769320455
|move|p1a: Gaia|Horn Leech|p2a: Iron Valiant
|-damage|p2a: Iron Valiant|0 fnt
|-heal|p1a: Gaia|52/100|[from] drain|[of] p2a: Iron Valiant
|faint|p2a: Iron Valiant
|-end|p2a: Iron Valiant|Quark Drive|[silent]
|
|upkeep
|
|t:|1769320484
|switch|p2a: Cinderace|Cinderace, M, shiny|51/100
|turn|22
|
|t:|1769320501
|move|p2a: Cinderace|U-turn|p1a: Gaia
|-start|p2a: Cinderace|typechange|Bug|[from] ability: Libero
|-damage|p1a: Gaia|4/100
|
|t:|1769320509
|switch|p2a: Hydrapple|Hydrapple, M, shiny|100/100|[from] U-turn
|move|p1a: Gaia|Ivy Cudgel|p2a: Hydrapple|[anim] Ivy Cudgel Water
|-resisted|p2a: Hydrapple
|-damage|p2a: Hydrapple|85/100
|
|upkeep
|turn|23
|
|t:|1769320528
|move|p1a: Gaia|U-turn|p2a: Hydrapple
|-supereffective|p2a: Hydrapple
|-damage|p2a: Hydrapple|42/100
|
|t:|1769320531
|switch|p1a: Supercell|Dragonite, M|92/100|[from] U-turn
|move|p2a: Hydrapple|Giga Drain|p1a: Supercell
|-resisted|p1a: Supercell
|-damage|p1a: Supercell|82/100
|-heal|p2a: Hydrapple|46/100|[from] drain|[of] p1a: Supercell
|
|upkeep
|turn|24
|
|t:|1769320539
|switch|p2a: Cinderace|Cinderace, M, shiny|51/100
|move|p1a: Supercell|Ice Spinner|p2a: Cinderace
|-resisted|p2a: Cinderace
|-damage|p2a: Cinderace|16/100
|
|upkeep
|turn|25
|
|t:|1769320545
|move|p2a: Cinderace|Sucker Punch|p1a: Supercell
|-start|p2a: Cinderace|typechange|Dark|[from] ability: Libero
|-crit|p1a: Supercell
|-damage|p1a: Supercell|27/100
|move|p1a: Supercell|Ice Spinner|p2a: Cinderace
|-damage|p2a: Cinderace|0 fnt
|faint|p2a: Cinderace
|
|upkeep
|
|t:|1769320551
|switch|p2a: Hydrapple|Hydrapple, M, shiny|79/100
|turn|26
|
|t:|1769320555
|-terastallize|p2a: Hydrapple|Dragon
|move|p1a: Supercell|Ice Spinner|p2a: Hydrapple
|-supereffective|p2a: Hydrapple
|-damage|p2a: Hydrapple|4/100
|move|p2a: Hydrapple|Draco Meteor|p1a: Supercell
|-supereffective|p1a: Supercell
|-crit|p1a: Supercell
|-damage|p1a: Supercell|0 fnt
|-unboost|p2a: Hydrapple|spa|2
|faint|p1a: Supercell
|
|upkeep
|-message|higashikataYashuo forfeited.
|
|win|thiefxo
|raw|thiefxo's rating: 1243 &rarr; <strong>1266</strong><br />(+23 for winning)
|raw|higashikataYashuo's rating: 1214 &rarr; <strong>1191</strong><br />(-23 for losing)
|l|☆higashikataYashuo
|player|p2|
|l| reality's remixers
|c|☆thiefxo|gg
|l|☆thiefxo
|player|p1|
