|j|☆krys125
|j|☆UltraSpace_Lover
|t:|1769415480
|gametype|singles
|player|p1|krys125|dawn-gen4pt|1169
|player|p2|UltraSpace_Lover|unknown|1127
|gen|9
|tier|[Gen 9] OU
|rated|
|rule|HP Percentage Mod: HP is shown in percentages
|rule|Endless Battle Clause: Forcing endless battles is banned
|rule|Species Clause: Limit one of each Pokémon
|rule|OHKO Clause: OHKO moves are banned
|rule|Evasion Items Clause: Evasion items are banned
|rule|Evasion Moves Clause: Evasion moves are banned
|rule|Evasion Abilities Clause: Evasion abilities are banned
|rule|Sleep Moves Clause: Sleep-inducing moves are banned
|clearpoke
|poke|p1|Ninetales-Alola, F|
|poke|p1|Cetitan, M|
|poke|p1|Slowking-Galar, F|
|poke|p1|Mamoswine, M|
|poke|p1|Kyurem|
|poke|p1|Avalugg-Hisui, M|
|poke|p2|Tyranitar, F|
|poke|p2|Excadrill, F|
|poke|p2|Heatran, M|
|poke|p2|Alomomola, M|
|poke|p2|Hariyama, F|
|poke|p2|Lokix, F|
|teampreview
|
|t:|1769415487
|teamsize|p1|6
|teamsize|p2|6
|start
|switch|p1a: Avalugg|Avalugg-Hisui, M|100/100
|switch|p2a: Tyranitar|Tyranitar, F|100/100
|-weather|Sandstorm|[from] ability: Sand Stream|[of] p2a: Tyranitar
|turn|1
|
|t:|1769415496
|move|p2a: Tyranitar|Low Kick|p1a: Avalugg
|-supereffective|p1a: Avalugg
|-ability|p1a: Avalugg|Sturdy
|-damage|p1a: Avalugg|1/100
|move|p1a: Avalugg|Body Press|p2a: Tyranitar
|-supereffective|p2a: Tyranitar
|-damage|p2a: Tyranitar|0 fnt
|faint|p2a: Tyranitar
|
|-weather|Sandstorm|[upkeep]
|upkeep
|
|t:|1769415505
|switch|p2a: Excadrill|Excadrill, F|100/100
|turn|2
|
|t:|1769415509
|move|p2a: Excadrill|Iron Head|p1a: Avalugg
|-supereffective|p1a: Avalugg
|-damage|p1a: Avalugg|0 fnt
|faint|p1a: Avalugg
|
|-weather|Sandstorm|[upkeep]
|upkeep
|
|t:|1769415515
|switch|p1a: Ninetales|Ninetales-Alola, F|100/100
|-weather|Snowscape|[from] ability: Snow Warning|[of] p1a: Ninetales
|turn|3
|
|t:|1769415519
|switch|p1a: Slowking|Slowking-Galar, F|100/100
|move|p2a: Excadrill|Iron Head|p1a: Slowking
|-crit|p1a: Slowking
|-damage|p1a: Slowking|38/100
|
|-weather|Snowscape|[upkeep]
|upkeep
|turn|4
|
|t:|1769415533
|switch|p1a: Mamoswine|Mamoswine, M|100/100
|move|p2a: Excadrill|Earthquake|p1a: Mamoswine
|-damage|p1a: Mamoswine|59/100
|
|-weather|Snowscape|[upkeep]
|upkeep
|turn|5
|
|t:|1769415544
|-terastallize|p1a: Mamoswine|Grass
|move|p2a: Excadrill|Iron Head|p1a: Mamoswine
|-damage|p1a: Mamoswine|12/100
|move|p1a: Mamoswine|Trailblaze|p2a: Excadrill
|-damage|p2a: Excadrill|50/100
|-boost|p1a: Mamoswine|spe|1
|
|-weather|Snowscape|[upkeep]
|upkeep
|turn|6
|
|t:|1769415554
|switch|p2a: Hariyama|Hariyama, F|100/100
|move|p1a: Mamoswine|Earthquake|p2a: Hariyama
|-damage|p2a: Hariyama|41/100
|
|-weather|Snowscape|[upkeep]
|-status|p2a: Hariyama|brn|[from] item: Flame Orb
|upkeep
|turn|7
|
|t:|1769415565
|move|p2a: Hariyama|Fake Out|p1a: Mamoswine
|-damage|p1a: Mamoswine|0 fnt
|faint|p1a: Mamoswine
|
|-weather|none
|-damage|p2a: Hariyama|34/100 brn|[from] brn
|upkeep
|
|t:|1769415570
|switch|p1a: Ninetales|Ninetales-Alola, F|100/100
|-weather|Snowscape|[from] ability: Snow Warning|[of] p1a: Ninetales
|turn|8
|
|t:|1769415579
|move|p2a: Hariyama|Bullet Punch|p1a: Ninetales
|-supereffective|p1a: Ninetales
|-damage|p1a: Ninetales|17/100
|move|p1a: Ninetales|Aurora Veil|p1a: Ninetales
|-sidestart|p1: krys125|move: Aurora Veil
|
|-weather|Snowscape|[upkeep]
|-damage|p2a: Hariyama|28/100 brn|[from] brn
|upkeep
|turn|9
|
|t:|1769415598
|move|p2a: Hariyama|Bullet Punch|p1a: Ninetales
|-supereffective|p1a: Ninetales
|-damage|p1a: Ninetales|0 fnt
|faint|p1a: Ninetales
|
|-weather|Snowscape|[upkeep]
|-damage|p2a: Hariyama|22/100 brn|[from] brn
|upkeep
|
|t:|1769415601
|switch|p1a: Slowking|Slowking-Galar, F|71/100
|turn|10
|
|t:|1769415605
|move|p2a: Hariyama|Knock Off|p1a: Slowking
|-supereffective|p1a: Slowking
|-damage|p1a: Slowking|18/100
|-enditem|p1a: Slowking|Heavy-Duty Boots|[from] move: Knock Off|[of] p2a: Hariyama
|move|p1a: Slowking|Sludge Bomb|p2a: Hariyama
|-damage|p2a: Hariyama|0 fnt
|faint|p2a: Hariyama
|
|-weather|Snowscape|[upkeep]
|upkeep
|
|t:|1769415614
|switch|p2a: Excadrill|Excadrill, F|50/100
|turn|11
|
|t:|1769415620
|switch|p1a: Kyurem|Kyurem|100/100
|-ability|p1a: Kyurem|Pressure
|move|p2a: Excadrill|Earthquake|p1a: Kyurem
|-damage|p1a: Kyurem|84/100
|
|-weather|Snowscape|[upkeep]
|upkeep
|turn|12
|
|t:|1769415628
|switch|p2a: Alomomola|Alomomola, M|100/100
|move|p1a: Kyurem|Earth Power|p2a: Alomomola
|-damage|p2a: Alomomola|64/100
|
|-weather|none
|upkeep
|turn|13
|
|t:|1769415636
|switch|p1a: Slowking|Slowking-Galar, F|51/100
|move|p2a: Alomomola|Wish|p2a: Alomomola
|
|upkeep
|turn|14
|
|t:|1769415640
|move|p2a: Alomomola|Protect|p2a: Alomomola
|-singleturn|p2a: Alomomola|Protect
|move|p1a: Slowking|Future Sight|p2a: Alomomola
|-start|p1a: Slowking|move: Future Sight
|
|-heal|p2a: Alomomola|100/100|[from] move: Wish|[wisher] Alomomola
|upkeep
|turn|15
|
|t:|1769415646
|move|p2a: Alomomola|Scald|p1a: Slowking
|-damage|p1a: Slowking|47/100
|-status|p1a: Slowking|brn
|-prepare|p1a: Slowking|Chilly Reception|[premajor]
|move|p1a: Slowking|Chilly Reception|p1a: Slowking
|-weather|Snowscape
|
|t:|1769415656
|switch|p1a: Cetitan|Cetitan, M|100/100|[from] Chilly Reception
|
|-weather|Snowscape|[upkeep]
|-sideend|p1: krys125|move: Aurora Veil
|upkeep
|turn|16
|
|t:|1769415661
|move|p1a: Cetitan|Belly Drum|p1a: Cetitan
|-damage|p1a: Cetitan|50/100
|-setboost|p1a: Cetitan|atk|6|[from] move: Belly Drum
|-enditem|p1a: Cetitan|Sitrus Berry|[eat]
|-heal|p1a: Cetitan|75/100|[from] item: Sitrus Berry
|move|p2a: Alomomola|Scald|p1a: Cetitan
|-damage|p1a: Cetitan|61/100
|-status|p1a: Cetitan|brn
|
|-weather|Snowscape|[upkeep]
|-end|p2a: Alomomola|move: Future Sight
|-damage|p2a: Alomomola|50/100
|-damage|p1a: Cetitan|55/100 brn|[from] brn
|upkeep
|turn|17
|
|t:|1769415674
|move|p1a: Cetitan|Earthquake|p2a: Alomomola
|-damage|p2a: Alomomola|19/100
|move|p2a: Alomomola|Wish|p2a: Alomomola
|
|-weather|Snowscape|[upkeep]
|-damage|p1a: Cetitan|48/100 brn|[from] brn
|upkeep
|turn|18
|
|t:|1769415680
|move|p2a: Alomomola|Protect|p2a: Alomomola
|-singleturn|p2a: Alomomola|Protect
|move|p1a: Cetitan|Knock Off|p2a: Alomomola
|-activate|p2a: Alomomola|move: Protect
|
|-weather|Snowscape|[upkeep]
|-heal|p2a: Alomomola|69/100|[from] move: Wish|[wisher] Alomomola
|-damage|p1a: Cetitan|42/100 brn|[from] brn
|upkeep
|turn|19
|
|t:|1769415688
|move|p1a: Cetitan|Knock Off|p2a: Alomomola
|-damage|p2a: Alomomola|39/100
|-damage|p1a: Cetitan|26/100 brn|[from] item: Rocky Helmet|[of] p2a: Alomomola
|-enditem|p2a: Alomomola|Rocky Helmet|[from] move: Knock Off|[of] p1a: Cetitan
|move|p2a: Alomomola|Wish|p2a: Alomomola
|
|-weather|none
|-damage|p1a: Cetitan|19/100 brn|[from] brn
|upkeep
|turn|20
|
|t:|1769415696
|move|p2a: Alomomola|Protect|p2a: Alomomola
|-singleturn|p2a: Alomomola|Protect
|move|p1a: Cetitan|Earthquake|p2a: Alomomola
|-activate|p2a: Alomomola|move: Protect
|
|-heal|p2a: Alomomola|89/100|[from] move: Wish|[wisher] Alomomola
|-damage|p1a: Cetitan|13/100 brn|[from] brn
|upkeep
|turn|21
|
|t:|1769415704
|move|p1a: Cetitan|Ice Spinner|p2a: Alomomola
|-resisted|p2a: Alomomola
|-damage|p2a: Alomomola|68/100
|move|p2a: Alomomola|Flip Turn|p1a: Cetitan
|-damage|p1a: Cetitan|0 fnt
|faint|p1a: Cetitan
|
|t:|1769415712
|switch|p2a: Lokix|Lokix, F|100/100|[from] Flip Turn
|
|upkeep
|
|t:|1769415716
|switch|p1a: Kyurem|Kyurem|84/100
|-ability|p1a: Kyurem|Pressure
|turn|22
|
|t:|1769415725
|move|p1a: Kyurem|Blizzard|p2a: Lokix
|-damage|p2a: Lokix|0 fnt
|faint|p2a: Lokix
|
|upkeep
|
|t:|1769415730
|switch|p2a: Alomomola|Alomomola, M|100/100
|turn|23
|
|t:|1769415733
|switch|p1a: Slowking|Slowking-Galar, F|80/100 brn
|move|p2a: Alomomola|Scald|p1a: Slowking
|-damage|p1a: Slowking|73/100 brn
|
|-damage|p1a: Slowking|67/100 brn|[from] brn
|upkeep
|turn|24
|
|t:|1769415741
|switch|p2a: Excadrill|Excadrill, F|50/100
|move|p1a: Slowking|Toxic|p2a: Excadrill
|-immune|p2a: Excadrill
|
|-damage|p1a: Slowking|61/100 brn|[from] brn
|upkeep
|turn|25
|
|t:|1769415747
|move|p2a: Excadrill|Iron Head|p1a: Slowking
|-damage|p1a: Slowking|19/100 brn
|-prepare|p1a: Slowking|Chilly Reception|[premajor]
|cant|p1a: Slowking|flinch
|
|-damage|p1a: Slowking|12/100 brn|[from] brn
|upkeep
|turn|26
|
|t:|1769415756
|switch|p1a: Kyurem|Kyurem|84/100
|-ability|p1a: Kyurem|Pressure
|move|p2a: Excadrill|Rapid Spin|p1a: Kyurem
|-damage|p1a: Kyurem|67/100
|-boost|p2a: Excadrill|spe|1
|
|upkeep
|turn|27
|
|t:|1769415764
|move|p1a: Kyurem|Blizzard|p2a: Excadrill|[miss]
|-miss|p1a: Kyurem|p2a: Excadrill
|move|p2a: Excadrill|Iron Head|p1a: Kyurem
|-supereffective|p1a: Kyurem
|-damage|p1a: Kyurem|0 fnt
|faint|p1a: Kyurem
|
|upkeep
|-message|krys125 forfeited.
|
|win|UltraSpace_Lover
|raw|krys125's rating: 1169 &rarr; <strong>1141</strong><br />(-28 for losing)
|raw|UltraSpace_Lover's rating: 1127 &rarr; <strong>1155</strong><br />(+28 for winning)
|l|☆krys125
|player|p1|
