|j|☆bowgartking
|j|☆schtarwors
|t:|1769337410
|gametype|singles
|player|p1|bowgartking|fisherman-gen4|1348
|player|p2|schtarwors|265|1459
|gen|9
|tier|[Gen 9] OU
|rated|
|rule|HP Percentage Mod: HP is shown in percentages
|rule|Endless Battle Clause: Forcing endless battles is banned
|rule|Species Clause: Limit one of each Pokémon
|rule|OHKO Clause: OHKO moves are banned
|rule|Evasion Items Clause: Evasion items are banned
|rule|Evasion Moves Clause: Evasion moves are banned
|rule|Evasion Abilities Clause: Evasion abilities are banned
|rule|Sleep Moves Clause: Sleep-inducing moves are banned
|clearpoke
|poke|p1|Samurott-Hisui, F|
|poke|p1|Heatran, M|
|poke|p1|Gholdengo|
|poke|p1|Landorus-Therian, M|
|poke|p1|Kyurem|
|poke|p1|Iron Treads|
|poke|p2|Walking Wake|
|poke|p2|Hatterene, F|
|poke|p2|Ninetales, M|
|poke|p2|Great Tusk|
|poke|p2|Ceruledge, M|
|poke|p2|Comfey, F|
|teampreview
|inactive|Battle timer is ON: inactive players will automatically lose when time's up. (requested by schtarwors)
|
|t:|1769337416
|teamsize|p1|6
|teamsize|p2|6
|start
|switch|p1a: Landorus|Landorus-Therian, M|100/100
|switch|p2a: Ninetales|Ninetales, M, shiny|100/100
|-weather|SunnyDay|[from] ability: Drought|[of] p2a: Ninetales
|-ability|p1a: Landorus|Intimidate|boost
|-unboost|p2a: Ninetales|atk|1
|turn|1
|
|t:|1769337421
|switch|p2a: Hatterene|Hatterene, F, shiny|100/100
|switch|p1a: Heatran|Heatran, M|100/100
|
|-weather|SunnyDay|[upkeep]
|upkeep
|turn|2
|
|t:|1769337426
|move|p1a: Heatran|Magma Storm|p2a: Hatterene
|-damage|p2a: Hatterene|12/100
|-activate|p2a: Hatterene|move: Magma Storm|[of] p1a: Heatran
|-enditem|p2a: Hatterene|Eject Button
|
|t:|1769337442
|switch|p2a: Comfey|Comfey, F|100/100
|
|-weather|SunnyDay|[upkeep]
|upkeep
|turn|3
|
|t:|1769337445
|-terastallize|p2a: Comfey|Water
|move|p1a: Heatran|Taunt|p2a: Comfey
|-start|p2a: Comfey|move: Taunt
|cant|p2a: Comfey|move: Taunt|Growth
|
|-weather|SunnyDay|[upkeep]
|upkeep
|turn|4
|
|t:|1769337452
|switch|p2a: Great Tusk|Great Tusk|100/100
|-activate|p2a: Great Tusk|ability: Protosynthesis
|-start|p2a: Great Tusk|protosynthesisatk
|move|p1a: Heatran|Will-O-Wisp|p2a: Great Tusk|[miss]
|-miss|p1a: Heatran|p2a: Great Tusk
|
|-weather|SunnyDay|[upkeep]
|upkeep
|turn|5
|
|t:|1769337460
|switch|p1a: Landorus|Landorus-Therian, M|100/100
|-ability|p1a: Landorus|Intimidate|boost
|-unboost|p2a: Great Tusk|atk|1
|move|p2a: Great Tusk|Close Combat|p1a: Landorus
|-resisted|p1a: Landorus
|-damage|p1a: Landorus|59/100
|-unboost|p2a: Great Tusk|def|1
|-unboost|p2a: Great Tusk|spd|1
|-damage|p2a: Great Tusk|91/100|[from] item: Life Orb
|
|-weather|SunnyDay|[upkeep]
|-heal|p1a: Landorus|65/100|[from] item: Leftovers
|upkeep
|turn|6
|
|t:|1769337466
|move|p1a: Landorus|U-turn|p2a: Great Tusk
|-resisted|p2a: Great Tusk
|-damage|p2a: Great Tusk|77/100
|
|t:|1769337471
|switch|p1a: Gholdengo|Gholdengo|100/100|[from] U-turn
|move|p2a: Great Tusk|Ice Spinner|p1a: Gholdengo
|-resisted|p1a: Gholdengo
|-damage|p1a: Gholdengo|84/100
|-damage|p2a: Great Tusk|67/100|[from] item: Life Orb
|
|-weather|SunnyDay|[upkeep]
|upkeep
|turn|7
|
|t:|1769337476
|-end|p2a: Great Tusk|Protosynthesis|[silent]
|switch|p2a: Comfey|Comfey, F, tera:Water|100/100
|switch|p1a: Landorus|Landorus-Therian, M|65/100
|-ability|p1a: Landorus|Intimidate|boost
|-unboost|p2a: Comfey|atk|1
|
|-weather|SunnyDay|[upkeep]
|-heal|p1a: Landorus|71/100|[from] item: Leftovers
|upkeep
|turn|8
|
|t:|1769337479
|move|p1a: Landorus|Taunt|p2a: Comfey
|-start|p2a: Comfey|move: Taunt
|cant|p2a: Comfey|move: Taunt|Growth
|
|-weather|none
|-heal|p1a: Landorus|77/100|[from] item: Leftovers
|upkeep
|turn|9
|
|t:|1769337484
|switch|p2a: Great Tusk|Great Tusk|67/100
|move|p1a: Landorus|Stealth Rock|p2a: Great Tusk
|-sidestart|p2: schtarwors|move: Stealth Rock
|
|-heal|p1a: Landorus|83/100|[from] item: Leftovers
|upkeep
|turn|10
|
|t:|1769337487
|switch|p1a: Kyurem|Kyurem|100/100
|-ability|p1a: Kyurem|Pressure
|move|p2a: Great Tusk|Ice Spinner|p1a: Kyurem
|-damage|p1a: Kyurem|63/100
|-damage|p2a: Great Tusk|57/100|[from] item: Life Orb
|
|upkeep
|turn|11
|
|t:|1769337491
|-end|p2a: Great Tusk|Protosynthesis|[silent]
|switch|p2a: Ninetales|Ninetales, M, shiny|100/100
|-damage|p2a: Ninetales|76/100|[from] Stealth Rock
|-weather|SunnyDay|[from] ability: Drought|[of] p2a: Ninetales
|move|p1a: Kyurem|Freeze-Dry|p2a: Ninetales
|-resisted|p2a: Ninetales
|-damage|p2a: Ninetales|47/100
|
|-weather|SunnyDay|[upkeep]
|upkeep
|turn|12
|
|t:|1769337501
|switch|p2a: Hatterene|Hatterene, F, shiny|12/100
|-damage|p2a: Hatterene|0 fnt|[from] Stealth Rock
|faint|p2a: Hatterene
|switch|p1a: Heatran|Heatran, M|100/100
|
|-weather|SunnyDay|[upkeep]
|upkeep
|
|t:|1769337510
|switch|p2a: Walking Wake|Walking Wake|100/100
|-damage|p2a: Walking Wake|88/100|[from] Stealth Rock
|-activate|p2a: Walking Wake|ability: Protosynthesis
|-start|p2a: Walking Wake|protosynthesisspe
|turn|13
|
|t:|1769337521
|move|p2a: Walking Wake|Hydro Steam|p1a: Heatran
|-supereffective|p1a: Heatran
|-damage|p1a: Heatran|0 fnt
|faint|p1a: Heatran
|
|-weather|SunnyDay|[upkeep]
|upkeep
|
|t:|1769337527
|switch|p1a: Kyurem|Kyurem|63/100
|-ability|p1a: Kyurem|Pressure
|turn|14
|
|t:|1769337534
|-end|p2a: Walking Wake|Protosynthesis|[silent]
|switch|p2a: Great Tusk|Great Tusk|57/100
|-damage|p2a: Great Tusk|54/100|[from] Stealth Rock
|-activate|p2a: Great Tusk|ability: Protosynthesis
|-start|p2a: Great Tusk|protosynthesisatk
|switch|p1a: Iron Treads|Iron Treads|100/100
|
|-weather|SunnyDay|[upkeep]
|upkeep
|turn|15
|
|t:|1769337539
|move|p1a: Iron Treads|Ice Spinner|p2a: Great Tusk
|-supereffective|p2a: Great Tusk
|-damage|p2a: Great Tusk|23/100
|move|p2a: Great Tusk|Rapid Spin|p1a: Iron Treads
|-resisted|p1a: Iron Treads
|-damage|p1a: Iron Treads|88/100
|-boost|p2a: Great Tusk|spe|1
|-sideend|p2: schtarwors|Stealth Rock|[from] move: Rapid Spin|[of] p2a: Great Tusk
|-damage|p2a: Great Tusk|13/100|[from] item: Life Orb
|
|-weather|SunnyDay|[upkeep]
|upkeep
|turn|16
|
|t:|1769337544
|-terastallize|p1a: Iron Treads|Ghost
|move|p2a: Great Tusk|Close Combat|p1a: Iron Treads
|-immune|p1a: Iron Treads
|move|p1a: Iron Treads|Ice Spinner|p2a: Great Tusk
|-supereffective|p2a: Great Tusk
|-damage|p2a: Great Tusk|0 fnt
|faint|p2a: Great Tusk
|-end|p2a: Great Tusk|Protosynthesis|[silent]
|
|-weather|SunnyDay|[upkeep]
|upkeep
|
|t:|1769337552
|switch|p2a: Ceruledge|Ceruledge, M, shiny|100/100
|turn|17
|
|t:|1769337554
|move|p1a: Iron Treads|Volt Switch|p2a: Ceruledge
|-damage|p2a: Ceruledge|87/100
|
|t:|1769337556
|-end|p1a: Iron Treads|Quark Drive|[silent]
|switch|p1a: Landorus|Landorus-Therian, M|83/100|[from] Volt Switch
|-ability|p1a: Landorus|Intimidate|boost
|-unboost|p2a: Ceruledge|atk|1
|move|p2a: Ceruledge|Swords Dance|p2a: Ceruledge
|-boost|p2a: Ceruledge|atk|2
|
|-weather|SunnyDay|[upkeep]
|-heal|p1a: Landorus|89/100|[from] item: Leftovers
|upkeep
|turn|18
|
|t:|1769337563
|move|p1a: Landorus|Earthquake|p2a: Ceruledge
|-supereffective|p2a: Ceruledge
|-damage|p2a: Ceruledge|0 fnt
|faint|p2a: Ceruledge
|
|-weather|none
|-heal|p1a: Landorus|95/100|[from] item: Leftovers
|upkeep
|
|t:|1769337566
|switch|p2a: Ninetales|Ninetales, M, shiny|47/100
|-weather|SunnyDay|[from] ability: Drought|[of] p2a: Ninetales
|turn|19
|
|t:|1769337569
|move|p2a: Ninetales|Will-O-Wisp|p1a: Landorus|[miss]
|-miss|p2a: Ninetales|p1a: Landorus
|move|p1a: Landorus|Earthquake|p2a: Ninetales
|-supereffective|p2a: Ninetales
|-damage|p2a: Ninetales|0 fnt
|faint|p2a: Ninetales
|
|-weather|SunnyDay|[upkeep]
|-heal|p1a: Landorus|100/100|[from] item: Leftovers
|upkeep
|
|t:|1769337574
|switch|p2a: Comfey|Comfey, F, tera:Water|100/100
|turn|20
|
|t:|1769337578
|move|p2a: Comfey|Draining Kiss|p1a: Landorus
|-damage|p1a: Landorus|67/100
|-damage|p2a: Comfey|91/100|[from] item: Life Orb
|move|p1a: Landorus|Taunt|p2a: Comfey
|-start|p2a: Comfey|move: Taunt
|
|-weather|SunnyDay|[upkeep]
|-heal|p1a: Landorus|73/100|[from] item: Leftovers
|upkeep
|turn|21
|
|t:|1769337585
|move|p2a: Comfey|Draining Kiss|p1a: Landorus
|-damage|p1a: Landorus|37/100
|-heal|p2a: Comfey|100/100|[from] drain|[of] p1a: Landorus
|-damage|p2a: Comfey|91/100|[from] item: Life Orb
|move|p1a: Landorus|Stealth Rock|p2a: Comfey
|-sidestart|p2: schtarwors|move: Stealth Rock
|
|-weather|SunnyDay|[upkeep]
|-heal|p1a: Landorus|43/100|[from] item: Leftovers
|upkeep
|turn|22
|
|t:|1769337589
|move|p2a: Comfey|Draining Kiss|p1a: Landorus
|-damage|p1a: Landorus|11/100
|-heal|p2a: Comfey|100/100|[from] drain|[of] p1a: Landorus
|-damage|p2a: Comfey|91/100|[from] item: Life Orb
|move|p1a: Landorus|Earthquake|p2a: Comfey
|-damage|p2a: Comfey|22/100
|
|-weather|SunnyDay|[upkeep]
|-heal|p1a: Landorus|17/100|[from] item: Leftovers
|upkeep
|turn|23
|
|t:|1769337591
|move|p2a: Comfey|Draining Kiss|p1a: Landorus
|-damage|p1a: Landorus|0 fnt
|-heal|p2a: Comfey|35/100|[from] drain|[of] p1a: Landorus
|faint|p1a: Landorus
|-damage|p2a: Comfey|25/100|[from] item: Life Orb
|
|-weather|SunnyDay|[upkeep]
|-end|p2a: Comfey|move: Taunt
|upkeep
|
|t:|1769337597
|switch|p1a: Gholdengo|Gholdengo|84/100
|turn|24
|
|t:|1769337602
|move|p2a: Comfey|Synthesis|p2a: Comfey
|-heal|p2a: Comfey|91/100
|move|p1a: Gholdengo|Shadow Ball|p2a: Comfey
|-damage|p2a: Comfey|51/100
|
|-weather|SunnyDay|[upkeep]
|upkeep
|turn|25
|
|t:|1769337604
|move|p1a: Gholdengo|Nasty Plot|p1a: Gholdengo
|-boost|p1a: Gholdengo|spa|2
|move|p2a: Comfey|Growth|p2a: Comfey
|-boost|p2a: Comfey|atk|2
|-boost|p2a: Comfey|spa|2
|
|-weather|SunnyDay|[upkeep]
|upkeep
|turn|26
|
|t:|1769337610
|move|p2a: Comfey|Draining Kiss|p1a: Gholdengo
|-resisted|p1a: Gholdengo
|-damage|p1a: Gholdengo|54/100
|-heal|p2a: Comfey|75/100|[from] drain|[of] p1a: Gholdengo
|-damage|p2a: Comfey|65/100|[from] item: Life Orb
|move|p1a: Gholdengo|Shadow Ball|p2a: Comfey
|-damage|p2a: Comfey|0 fnt
|faint|p2a: Comfey
|
|-weather|none
|upkeep
|
|t:|1769337617
|switch|p2a: Walking Wake|Walking Wake|88/100
|-damage|p2a: Walking Wake|76/100|[from] Stealth Rock
|turn|27
|
|t:|1769337627
|move|p2a: Walking Wake|Hydro Steam|p1a: Gholdengo
|-damage|p1a: Gholdengo|0 fnt
|faint|p1a: Gholdengo
|
|upkeep
|c|☆schtarwors|gg
|
|t:|1769337632
|switch|p1a: Kyurem|Kyurem|63/100
|-ability|p1a: Kyurem|Pressure
|turn|28
|
|t:|1769337634
|move|p2a: Walking Wake|Hydro Steam|p1a: Kyurem
|-resisted|p1a: Kyurem
|-damage|p1a: Kyurem|33/100
|move|p1a: Kyurem|Freeze-Dry|p2a: Walking Wake
|-supereffective|p2a: Walking Wake
|-damage|p2a: Walking Wake|0 fnt
|faint|p2a: Walking Wake
|-end|p2a: Walking Wake|Protosynthesis|[silent]
|
|win|bowgartking
|raw|bowgartking's rating: 1348 &rarr; <strong>1374</strong><br />(+26 for winning)
|raw|schtarwors's rating: 1459 &rarr; <strong>1433</strong><br />(-26 for losing)
|c|☆bowgartking|ggs
|l|☆schtarwors
|player|p2|
|l|☆bowgartking
|player|p1|
