|j|☆Nithhoggr
|j|☆pksooo
|t:|1769319182
|gametype|singles
|player|p1|Nithhoggr|red|1356
|player|p2|pksooo|102|1361
|gen|9
|tier|[Gen 9] OU
|rated|
|rule|HP Percentage Mod: HP is shown in percentages
|rule|Endless Battle Clause: Forcing endless battles is banned
|rule|Species Clause: Limit one of each Pokémon
|rule|OHKO Clause: OHKO moves are banned
|rule|Evasion Items Clause: Evasion items are banned
|rule|Evasion Moves Clause: Evasion moves are banned
|rule|Evasion Abilities Clause: Evasion abilities are banned
|rule|Sleep Moves Clause: Sleep-inducing moves are banned
|clearpoke
|poke|p1|Greninja-*, M|
|poke|p1|Muk-Alola, M|
|poke|p1|Garchomp, M|
|poke|p1|Ogerpon-Wellspring, F|
|poke|p1|Moltres|
|poke|p1|Weezing-Galar, M|
|poke|p2|Toxicroak, F|
|poke|p2|Arcanine-Hisui, M|
|poke|p2|Raging Bolt|
|poke|p2|Hitmonlee, M|
|poke|p2|Pelipper, M|
|poke|p2|Kingdra, F|
|teampreview
|inactive|Battle timer is ON: inactive players will automatically lose when time's up. (requested by Nithhoggr)
|
|t:|1769319192
|teamsize|p1|6
|teamsize|p2|6
|start
|switch|p1a: Muk|Muk-Alola, M|100/100
|switch|p2a: Arcanine|Arcanine-Hisui, M|100/100
|turn|1
|
|t:|1769319196
|switch|p1a: Weezing|Weezing-Galar, M|100/100
|move|p2a: Arcanine|Head Smash|p1a: Weezing|[miss]
|-miss|p2a: Arcanine|p1a: Weezing
|
|upkeep
|turn|2
|
|t:|1769319200
|move|p2a: Arcanine|Head Smash|p1a: Weezing
|-damage|p1a: Weezing|30/100
|move|p1a: Weezing|Strange Steam|p2a: Arcanine
|-resisted|p2a: Arcanine
|-damage|p2a: Arcanine|83/100
|-start|p2a: Arcanine|confusion
|
|-heal|p1a: Weezing|36/100|[from] item: Black Sludge
|upkeep
|turn|3
|
|t:|1769319204
|move|p1a: Weezing|Protect|p1a: Weezing
|-singleturn|p1a: Weezing|Protect
|-activate|p2a: Arcanine|confusion
|-damage|p2a: Arcanine|66/100|[from] confusion
|
|-heal|p1a: Weezing|42/100|[from] item: Black Sludge
|upkeep
|turn|4
|
|t:|1769319209
|-activate|p2a: Arcanine|confusion
|move|p2a: Arcanine|Head Smash|p1a: Weezing
|-damage|p1a: Weezing|0 fnt
|faint|p1a: Weezing
|
|upkeep
|
|t:|1769319212
|switch|p1a: Greninja|Greninja, M|100/100
|turn|5
|
|t:|1769319216
|switch|p2a: Pelipper|Pelipper, M|100/100
|-weather|RainDance|[from] ability: Drizzle|[of] p2a: Pelipper
|move|p1a: Greninja|Water Shuriken|p2a: Pelipper
|-resisted|p2a: Pelipper
|-damage|p2a: Pelipper|93/100
|-resisted|p2a: Pelipper
|-damage|p2a: Pelipper|86/100
|-resisted|p2a: Pelipper
|-damage|p2a: Pelipper|78/100
|-resisted|p2a: Pelipper
|-damage|p2a: Pelipper|70/100
|-resisted|p2a: Pelipper
|-damage|p2a: Pelipper|63/100
|-hitcount|p2a: Pelipper|5
|
|-weather|RainDance|[upkeep]
|upkeep
|turn|6
|
|t:|1769319227
|-terastallize|p1a: Greninja|Water
|move|p1a: Greninja|Surf|p2a: Pelipper
|-resisted|p2a: Pelipper
|-damage|p2a: Pelipper|4/100
|move|p2a: Pelipper|U-turn|p1a: Greninja
|-damage|p1a: Greninja|88/100
|
|t:|1769319251
|switch|p2a: Toxicroak|Toxicroak, F|100/100|[from] U-turn
|
|-weather|RainDance|[upkeep]
|upkeep
|turn|7
|
|t:|1769319258
|switch|p1a: Moltres|Moltres|100/100
|move|p2a: Toxicroak|Swords Dance|p2a: Toxicroak
|-boost|p2a: Toxicroak|atk|2
|
|-weather|RainDance|[upkeep]
|upkeep
|turn|8
|
|t:|1769319266
|move|p1a: Moltres|Hurricane|p2a: Toxicroak
|-supereffective|p2a: Toxicroak
|-crit|p2a: Toxicroak
|-enditem|p2a: Toxicroak|Focus Sash
|-damage|p2a: Toxicroak|1/100
|-start|p2a: Toxicroak|confusion
|-activate|p2a: Toxicroak|confusion
|-damage|p2a: Toxicroak|0 fnt|[from] confusion
|faint|p2a: Toxicroak
|
|-weather|RainDance|[upkeep]
|upkeep
|
|t:|1769319280
|switch|p2a: Raging Bolt|Raging Bolt|100/100
|turn|9
|
|t:|1769319288
|switch|p1a: Muk|Muk-Alola, M|100/100
|move|p2a: Raging Bolt|Draco Meteor|p1a: Muk
|-damage|p1a: Muk|68/100
|-unboost|p2a: Raging Bolt|spa|2
|
|-weather|RainDance|[upkeep]
|upkeep
|turn|10
|
|t:|1769319299
|-end|p2a: Raging Bolt|Protosynthesis|[silent]
|switch|p2a: Arcanine|Arcanine-Hisui, M|66/100
|move|p1a: Muk|Knock Off|p2a: Arcanine
|-damage|p2a: Arcanine|20/100
|-enditem|p2a: Arcanine|Choice Band|[from] move: Knock Off|[of] p1a: Muk
|
|-weather|RainDance|[upkeep]
|upkeep
|turn|11
|
|t:|1769319318
|switch|p1a: Ogerpon|Ogerpon-Wellspring, F|100/100
|move|p2a: Arcanine|Head Smash|p1a: Ogerpon
|-damage|p1a: Ogerpon|8/100
|
|-weather|RainDance|[upkeep]
|upkeep
|turn|12
|
|t:|1769319324
|move|p2a: Arcanine|Extreme Speed|p1a: Ogerpon
|-damage|p1a: Ogerpon|0 fnt
|faint|p1a: Ogerpon
|
|-weather|none
|upkeep
|
|t:|1769319326
|switch|p1a: Greninja|Greninja, M, tera:Water|88/100
|turn|13
|
|t:|1769319336
|move|p2a: Arcanine|Extreme Speed|p1a: Greninja
|-damage|p1a: Greninja|48/100
|move|p1a: Greninja|Water Shuriken|p2a: Arcanine
|-supereffective|p2a: Arcanine
|-damage|p2a: Arcanine|0 fnt
|faint|p2a: Arcanine
|-ability|p1a: Greninja|Battle Bond|boost
|-boost|p1a: Greninja|atk|1
|-boost|p1a: Greninja|spa|1
|-boost|p1a: Greninja|spe|1
|-activate|p1a: Greninja|ability: Battle Bond
|-hitcount|p2: Arcanine|1
|
|upkeep
|
|t:|1769319346
|switch|p2a: Raging Bolt|Raging Bolt|100/100
|turn|14
|
|t:|1769319349
|move|p2a: Raging Bolt|Thunderclap|p1a: Greninja
|-supereffective|p1a: Greninja
|-damage|p1a: Greninja|0 fnt
|faint|p1a: Greninja
|
|upkeep
|
|t:|1769319352
|switch|p1a: Garchomp|Garchomp, M|100/100
|turn|15
|
|t:|1769319357
|-end|p2a: Raging Bolt|Protosynthesis|[silent]
|switch|p2a: Pelipper|Pelipper, M|4/100
|-weather|RainDance|[from] ability: Drizzle|[of] p2a: Pelipper
|move|p1a: Garchomp|Earthquake|p2a: Pelipper
|-immune|p2a: Pelipper
|
|-weather|RainDance|[upkeep]
|upkeep
|turn|16
|
|t:|1769319361
|move|p1a: Garchomp|Dragon Claw|p2a: Pelipper
|-damage|p2a: Pelipper|0 fnt
|faint|p2a: Pelipper
|
|-weather|RainDance|[upkeep]
|upkeep
|
|t:|1769319364
|switch|p2a: Kingdra|Kingdra, F|100/100
|turn|17
|
|t:|1769319370
|switch|p1a: Muk|Muk-Alola, M|68/100
|move|p2a: Kingdra|Hydro Pump|p1a: Muk
|-damage|p1a: Muk|25/100
|
|-weather|RainDance|[upkeep]
|upkeep
|turn|18
|
|t:|1769319373
|move|p2a: Kingdra|Hydro Pump|p1a: Muk
|-damage|p1a: Muk|0 fnt
|faint|p1a: Muk
|
|-weather|RainDance|[upkeep]
|upkeep
|
|t:|1769319379
|switch|p1a: Garchomp|Garchomp, M|100/100
|turn|19
|
|t:|1769319380
|move|p2a: Kingdra|Hydro Pump|p1a: Garchomp
|-damage|p1a: Garchomp|0 fnt
|faint|p1a: Garchomp
|
|-weather|RainDance|[upkeep]
|upkeep
|-message|Nithhoggr forfeited.
|
|win|pksooo
|raw|Nithhoggr's rating: 1356 &rarr; <strong>1336</strong><br />(-20 for losing)
|raw|pksooo's rating: 1361 &rarr; <strong>1381</strong><br />(+20 for winning)
|l|☆Nithhoggr
|player|p1|
|l|☆pksooo
|player|p2|
