|j|☆tuskinator3
|j|☆kuraiyagare
|t:|1769297108
|gametype|singles
|player|p1|tuskinator3|2|1356
|player|p2|kuraiyagare|mars|1281
|gen|9
|tier|[Gen 9] OU
|rated|
|rule|HP Percentage Mod: HP is shown in percentages
|rule|Endless Battle Clause: Forcing endless battles is banned
|rule|Species Clause: Limit one of each Pokémon
|rule|OHKO Clause: OHKO moves are banned
|rule|Evasion Items Clause: Evasion items are banned
|rule|Evasion Moves Clause: Evasion moves are banned
|rule|Evasion Abilities Clause: Evasion abilities are banned
|rule|Sleep Moves Clause: Sleep-inducing moves are banned
|clearpoke
|poke|p1|Great Tusk|
|poke|p1|Pecharunt|
|poke|p1|Iron Valiant|
|poke|p1|Iron Crown|
|poke|p1|Samurott-Hisui, M|
|poke|p1|Dragonite, M|
|poke|p2|Bastiodon, M|
|poke|p2|Gardevoir, M|
|poke|p2|Talonflame, M|
|poke|p2|Lokix, F|
|poke|p2|Drifblim, M|
|poke|p2|Gyarados, F|
|teampreview
|
|t:|1769297116
|teamsize|p1|6
|teamsize|p2|6
|start
|switch|p1a: Iron Crown|Iron Crown|100/100
|switch|p2a: Gardenia|Gardevoir, M|100/100
|turn|1
|
|t:|1769297121
|switch|p2a: Bastiodon|Bastiodon, M|100/100
|move|p1a: Iron Crown|Tachyon Cutter|p2a: Bastiodon
|-damage|p2a: Bastiodon|78/100
|-damage|p2a: Bastiodon|58/100
|-hitcount|p2a: Bastiodon|2
|
|upkeep
|turn|2
|inactive|Battle timer is ON: inactive players will automatically lose when time's up. (requested by kuraiyagare)
|
|t:|1769297125
|move|p1a: Iron Crown|Volt Switch|p2a: Bastiodon
|-damage|p2a: Bastiodon|40/100
|
|t:|1769297128
|-end|p1a: Iron Crown|Quark Drive|[silent]
|switch|p1a: Samurott|Samurott-Hisui, M, shiny|100/100|[from] Volt Switch
|move|p2a: Bastiodon|Rest|p2a: Bastiodon
|-status|p2a: Bastiodon|slp|[from] move: Rest
|-heal|p2a: Bastiodon|100/100 slp|[silent]
|-enditem|p2a: Bastiodon|Chesto Berry|[eat]
|-curestatus|p2a: Bastiodon|slp|[msg]
|
|upkeep
|turn|3
|
|t:|1769297138
|move|p1a: Samurott|Flip Turn|p2a: Bastiodon
|-supereffective|p2a: Bastiodon
|-damage|p2a: Bastiodon|69/100
|
|t:|1769297142
|switch|p1a: Great Tusk|Great Tusk, shiny|100/100|[from] Flip Turn
|move|p2a: Bastiodon|Stealth Rock|p1a: Great Tusk
|-sidestart|p1: tuskinator3|move: Stealth Rock
|
|upkeep
|turn|4
|
|t:|1769297150
|switch|p2a: drifflim|Drifblim, M|100/100
|move|p1a: Great Tusk|Stealth Rock|p2a: drifflim
|-sidestart|p2: kuraiyagare|move: Stealth Rock
|
|upkeep
|turn|5
|
|t:|1769297153
|move|p1a: Great Tusk|Ice Spinner|p2a: drifflim
|-supereffective|p2a: drifflim
|-damage|p2a: drifflim|33/100
|-enditem|p2a: drifflim|Weakness Policy
|-boost|p2a: drifflim|atk|2|[from] item: Weakness Policy
|-boost|p2a: drifflim|spa|2|[from] item: Weakness Policy
|move|p2a: drifflim|Calm Mind|p2a: drifflim
|-boost|p2a: drifflim|spa|1
|-boost|p2a: drifflim|spd|1
|
|upkeep
|turn|6
|
|t:|1769297162
|move|p2a: drifflim|Strength Sap|p1a: Great Tusk
|-unboost|p1a: Great Tusk|atk|1
|-heal|p2a: drifflim|100/100
|move|p1a: Great Tusk|Ice Spinner|p2a: drifflim
|-supereffective|p2a: drifflim
|-crit|p2a: drifflim
|-damage|p2a: drifflim|0 fnt
|faint|p2a: drifflim
|
|upkeep
|
|t:|1769297167
|switch|p2a: ue shita|Gyarados, F|100/100
|-damage|p2a: ue shita|76/100|[from] Stealth Rock
|turn|7
|
|t:|1769297172
|-end|p1a: Great Tusk|Protosynthesis|[silent]
|switch|p1a: Pecharunt|Pecharunt|100/100
|-damage|p1a: Pecharunt|88/100|[from] Stealth Rock
|move|p2a: ue shita|Dragon Dance|p2a: ue shita
|-boost|p2a: ue shita|atk|1
|-boost|p2a: ue shita|spe|1
|
|-heal|p2a: ue shita|82/100|[from] item: Leftovers
|upkeep
|turn|8
|
|t:|1769297177
|move|p2a: ue shita|Dragon Dance|p2a: ue shita
|-boost|p2a: ue shita|atk|1
|-boost|p2a: ue shita|spe|1
|move|p1a: Pecharunt|Malignant Chain|p2a: ue shita
|-damage|p2a: ue shita|52/100
|-status|p2a: ue shita|tox
|-start|p2a: ue shita|confusion|[from] ability: Poison Puppeteer|[of] p1a: Pecharunt
|
|-heal|p2a: ue shita|58/100 tox|[from] item: Leftovers
|-damage|p2a: ue shita|52/100 tox|[from] psn
|upkeep
|turn|9
|
|t:|1769297182
|-activate|p2a: ue shita|confusion
|-damage|p2a: ue shita|15/100 tox|[from] confusion
|move|p1a: Pecharunt|Shadow Ball|p2a: ue shita
|-crit|p2a: ue shita
|-damage|p2a: ue shita|0 fnt
|faint|p2a: ue shita
|
|upkeep
|
|t:|1769297184
|switch|p2a: Gardenia|Gardevoir, M|100/100
|-damage|p2a: Gardenia|88/100|[from] Stealth Rock
|turn|10
|
|t:|1769297189
|move|p2a: Gardenia|Psyshock|p1a: Pecharunt
|-supereffective|p1a: Pecharunt
|-damage|p1a: Pecharunt|43/100
|move|p1a: Pecharunt|Malignant Chain|p2a: Gardenia
|-supereffective|p2a: Gardenia
|-damage|p2a: Gardenia|27/100
|-status|p2a: Gardenia|tox
|-start|p2a: Gardenia|confusion|[from] ability: Poison Puppeteer|[of] p1a: Pecharunt
|
|-damage|p2a: Gardenia|21/100 tox|[from] psn
|upkeep
|turn|11
|
|t:|1769297192
|-activate|p2a: Gardenia|confusion
|move|p2a: Gardenia|Psyshock|p1a: Pecharunt
|-supereffective|p1a: Pecharunt
|-damage|p1a: Pecharunt|2/100
|move|p1a: Pecharunt|Recover|p1a: Pecharunt
|-heal|p1a: Pecharunt|52/100
|
|-damage|p2a: Gardenia|8/100 tox|[from] psn
|upkeep
|turn|12
|
|t:|1769297195
|-activate|p2a: Gardenia|confusion
|-damage|p2a: Gardenia|0 fnt|[from] confusion
|faint|p2a: Gardenia
|move|p1a: Pecharunt|Recover|p1a: Pecharunt
|-heal|p1a: Pecharunt|100/100
|
|upkeep
|-message|kuraiyagare forfeited.
|
|win|tuskinator3
|raw|tuskinator3's rating: 1356 &rarr; <strong>1372</strong><br />(+16 for winning)
|raw|kuraiyagare's rating: 1281 &rarr; <strong>1261</strong><br />(-20 for losing)
|l|☆kuraiyagare
|player|p2|
|l|☆tuskinator3
|player|p1|
