|j|☆OP Sand
|j|☆TotallySkilled
|t:|1769321965
|gametype|singles
|player|p1|OP Sand|giovanni-masters|1581
|player|p2|TotallySkilled|guzma|1556
|gen|9
|tier|[Gen 9] OU
|rated|
|rule|HP Percentage Mod: HP is shown in percentages
|rule|Endless Battle Clause: Forcing endless battles is banned
|rule|Species Clause: Limit one of each Pokémon
|rule|OHKO Clause: OHKO moves are banned
|rule|Evasion Items Clause: Evasion items are banned
|rule|Evasion Moves Clause: Evasion moves are banned
|rule|Evasion Abilities Clause: Evasion abilities are banned
|rule|Sleep Moves Clause: Sleep-inducing moves are banned
|clearpoke
|poke|p1|Excadrill, M|
|poke|p1|Tyranitar, F|
|poke|p1|Kyurem|
|poke|p1|Hawlucha, M|
|poke|p1|Pawmot, F|
|poke|p1|Flamigo, M|
|poke|p2|Grimmsnarl, M|
|poke|p2|Great Tusk|
|poke|p2|Pecharunt|
|poke|p2|Farigiraf, F|
|poke|p2|Raging Bolt|
|poke|p2|Kingambit, F|
|teampreview
|inactive|Battle timer is ON: inactive players will automatically lose when time's up. (requested by OP Sand)
|
|t:|1769321978
|teamsize|p1|6
|teamsize|p2|6
|start
|switch|p1a: OP|Excadrill, M|100/100
|switch|p2a: DNA.|Great Tusk, shiny|100/100
|-enditem|p2a: DNA.|Booster Energy
|-activate|p2a: DNA.|ability: Protosynthesis|[fromitem]
|-start|p2a: DNA.|protosynthesisspe
|turn|1
|
|t:|1769321987
|switch|p1a: Yuji|Flamigo, M|100/100
|move|p2a: DNA.|Rapid Spin|p1a: Yuji
|-damage|p1a: Yuji|79/100
|-boost|p2a: DNA.|spe|1
|
|upkeep
|turn|2
|
|t:|1769322002
|-end|p2a: DNA.|Protosynthesis|[silent]
|switch|p2a: Malevolent Kitchen|Pecharunt|100/100
|-item|p2a: Malevolent Kitchen|Air Balloon
|move|p1a: Yuji|Brave Bird|p2a: Malevolent Kitchen
|-damage|p2a: Malevolent Kitchen|64/100
|-enditem|p2a: Malevolent Kitchen|Air Balloon
|-damage|p1a: Yuji|64/100|[from] Recoil
|
|upkeep
|turn|3
|
|t:|1769322014
|switch|p1a: Shukaku|Tyranitar, F, shiny|100/100
|-weather|Sandstorm|[from] ability: Sand Stream|[of] p1a: Shukaku
|move|p2a: Malevolent Kitchen|Shadow Ball|p1a: Shukaku
|-resisted|p1a: Shukaku
|-damage|p1a: Shukaku|93/100
|-unboost|p1a: Shukaku|spd|1
|
|-weather|Sandstorm|[upkeep]
|-damage|p2a: Malevolent Kitchen|58/100|[from] Sandstorm
|upkeep
|turn|4
|
|t:|1769322021
|switch|p2a: DNA.|Great Tusk, shiny|100/100
|move|p1a: Shukaku|Stealth Rock|p2a: DNA.
|-sidestart|p2: TotallySkilled|move: Stealth Rock
|
|-weather|Sandstorm|[upkeep]
|upkeep
|turn|5
|
|t:|1769322030
|switch|p1a: Itachi|Hawlucha, M, shiny|100/100
|-ability|p1a: Itachi|Mold Breaker
|move|p2a: DNA.|Rapid Spin|p1a: Itachi
|-damage|p1a: Itachi|79/100
|-boost|p2a: DNA.|spe|1
|-sideend|p2: TotallySkilled|Stealth Rock|[from] move: Rapid Spin|[of] p2a: DNA.
|-enditem|p1a: Itachi|Red Card|[of] p2a: DNA.
|-end|p2a: DNA.|Protosynthesis|[silent]
|drag|p2a: Malevolent Kitchen|Pecharunt|58/100
|
|-weather|Sandstorm|[upkeep]
|-damage|p1a: Itachi|73/100|[from] Sandstorm
|-damage|p2a: Malevolent Kitchen|52/100|[from] Sandstorm
|upkeep
|turn|6
|
|t:|1769322036
|switch|p1a: Frieza|Kyurem, shiny|100/100
|-ability|p1a: Frieza|Pressure
|move|p2a: Malevolent Kitchen|Malignant Chain|p1a: Frieza
|-damage|p1a: Frieza|71/100
|
|-weather|Sandstorm|[upkeep]
|-damage|p2a: Malevolent Kitchen|46/100|[from] Sandstorm
|-damage|p1a: Frieza|65/100|[from] Sandstorm
|upkeep
|turn|7
|
|t:|1769322039
|switch|p2a: Mahoraga|Grimmsnarl, M, shiny|100/100
|move|p1a: Frieza|Earth Power|p2a: Mahoraga
|-damage|p2a: Mahoraga|74/100
|
|-weather|Sandstorm|[upkeep]
|-damage|p1a: Frieza|59/100|[from] Sandstorm
|-damage|p2a: Mahoraga|68/100|[from] Sandstorm
|upkeep
|turn|8
|
|t:|1769322047
|switch|p1a: OP|Excadrill, M|100/100
|move|p2a: Mahoraga|Reflect|p2a: Mahoraga
|-sidestart|p2: TotallySkilled|Reflect
|
|-weather|Sandstorm|[upkeep]
|-damage|p2a: Mahoraga|61/100|[from] Sandstorm
|upkeep
|turn|9
|
|t:|1769322050
|switch|p2a: DNA.|Great Tusk, shiny|100/100
|move|p1a: OP|Iron Head|p2a: DNA.
|-damage|p2a: DNA.|80/100
|
|-weather|Sandstorm|[upkeep]
|upkeep
|turn|10
|inactive|OP Sand has 120 seconds left.
|
|t:|1769322087
|switch|p1a: Yuji|Flamigo, M|64/100
|move|p2a: DNA.|Ice Spinner|p1a: Yuji
|-supereffective|p1a: Yuji
|-damage|p1a: Yuji|0 fnt
|faint|p1a: Yuji
|
|-weather|none
|upkeep
|
|t:|1769322091
|switch|p1a: Frieza|Kyurem, shiny|59/100
|-ability|p1a: Frieza|Pressure
|turn|11
|
|t:|1769322102
|-end|p2a: DNA.|Protosynthesis|[silent]
|switch|p2a: Mahoraga|Grimmsnarl, M, shiny|61/100
|-terastallize|p1a: Frieza|Ghost
|move|p1a: Frieza|Freeze-Dry|p2a: Mahoraga
|-damage|p2a: Mahoraga|32/100
|
|upkeep
|turn|12
|
|t:|1769322111
|switch|p1a: Itachi|Hawlucha, M, shiny|73/100
|-ability|p1a: Itachi|Mold Breaker
|move|p2a: Mahoraga|Light Screen|p2a: Mahoraga
|-sidestart|p2: TotallySkilled|move: Light Screen
|
|upkeep
|turn|13
|
|t:|1769322114
|move|p1a: Itachi|Defog|p2a: Mahoraga
|-unboost|p2a: Mahoraga|evasion|1
|-sideend|p2: TotallySkilled|Reflect
|-sideend|p2: TotallySkilled|move: Light Screen
|move|p2a: Mahoraga|Spirit Break|p1a: Itachi
|-supereffective|p1a: Itachi
|-damage|p1a: Itachi|0 fnt
|faint|p1a: Itachi
|
|upkeep
|
|t:|1769322117
|switch|p1a: OP|Excadrill, M|100/100
|turn|14
|
|t:|1769322125
|move|p2a: Mahoraga|Reflect|p2a: Mahoraga
|-sidestart|p2: TotallySkilled|Reflect
|move|p1a: OP|Iron Head|p2a: Mahoraga
|-supereffective|p2a: Mahoraga
|-damage|p2a: Mahoraga|0 fnt
|faint|p2a: Mahoraga
|
|upkeep
|
|t:|1769322128
|switch|p2a: Solos|Farigiraf, F, shiny|100/100
|turn|15
|
|t:|1769322132
|switch|p1a: Shukaku|Tyranitar, F, shiny|93/100
|-weather|Sandstorm|[from] ability: Sand Stream|[of] p1a: Shukaku
|move|p2a: Solos|Nasty Plot|p2a: Solos
|-boost|p2a: Solos|spa|2
|
|-weather|Sandstorm|[upkeep]
|-damage|p2a: Solos|94/100|[from] Sandstorm
|-heal|p2a: Solos|100/100|[from] item: Leftovers
|upkeep
|turn|16
|
|t:|1769322139
|-terastallize|p2a: Solos|Fighting
|move|p1a: Shukaku|Roar|p2a: Solos
|drag|p2a: DNA.|Great Tusk, shiny|80/100
|
|-weather|Sandstorm|[upkeep]
|upkeep
|turn|17
|c|☆OP Sand|No tr
|c|☆OP Sand|hmph
|
|t:|1769322163
|move|p2a: DNA.|Headlong Rush|p1a: Shukaku
|-supereffective|p1a: Shukaku
|-damage|p1a: Shukaku|21/100
|-unboost|p2a: DNA.|def|1
|-unboost|p2a: DNA.|spd|1
|move|p1a: Shukaku|Ice Beam|p2a: DNA.
|-supereffective|p2a: DNA.
|-damage|p2a: DNA.|0 fnt
|faint|p2a: DNA.
|-end|p2a: DNA.|Protosynthesis|[silent]
|
|-weather|Sandstorm|[upkeep]
|upkeep
|
|t:|1769322170
|switch|p2a: Blue Cross|Kingambit, F, shiny|100/100
|-activate|p2a: Blue Cross|ability: Supreme Overlord
|-start|p2a: Blue Cross|fallen2|[silent]
|turn|18
|
|t:|1769322175
|move|p2a: Blue Cross|Iron Head|p1a: Shukaku
|-supereffective|p1a: Shukaku
|-damage|p1a: Shukaku|0 fnt
|faint|p1a: Shukaku
|
|-weather|Sandstorm|[upkeep]
|upkeep
|
|t:|1769322180
|switch|p1a: Porunga|Pawmot, F|100/100
|turn|19
|
|t:|1769322182
|-end|p2a: Blue Cross|fallen2|[silent]
|switch|p2a: Malevolent Kitchen|Pecharunt|46/100
|move|p1a: Porunga|Revival Blessing|p1a: Porunga
|-enditem|p1a: Porunga|Leppa Berry|[eat]
|-activate|p1a: Porunga|item: Leppa Berry|Revival Blessing|[consumed]
|
|t:|1769322191
|-heal|p1: Yuji|50/100|[from] move: Revival Blessing
|
|-weather|Sandstorm|[upkeep]
|-damage|p1a: Porunga|95/100|[from] Sandstorm
|-damage|p2a: Malevolent Kitchen|40/100|[from] Sandstorm
|upkeep
|turn|20
|
|t:|1769322200
|move|p1a: Porunga|Revival Blessing|p1a: Porunga
|
|t:|1769322203
|-heal|p1: Shukaku|50/100|[from] move: Revival Blessing
|move|p2a: Malevolent Kitchen|Recover|p2a: Malevolent Kitchen
|-heal|p2a: Malevolent Kitchen|90/100
|
|-weather|Sandstorm|[upkeep]
|-damage|p1a: Porunga|89/100|[from] Sandstorm
|-damage|p2a: Malevolent Kitchen|84/100|[from] Sandstorm
|upkeep
|turn|21
|
|t:|1769322208
|move|p1a: Porunga|Rest|p1a: Porunga
|-status|p1a: Porunga|slp|[from] move: Rest
|-heal|p1a: Porunga|100/100 slp|[silent]
|move|p2a: Malevolent Kitchen|Shadow Ball|p1a: Porunga
|-damage|p1a: Porunga|66/100 slp
|
|-weather|Sandstorm|[upkeep]
|-damage|p1a: Porunga|60/100 slp|[from] Sandstorm
|-damage|p2a: Malevolent Kitchen|78/100|[from] Sandstorm
|-sideend|p2: TotallySkilled|Reflect
|upkeep
|turn|22
|
|t:|1769322217
|cant|p1a: Porunga|slp
|move|p1a: Porunga|Sleep Talk|p1a: Porunga
|move|p1a: Porunga|Revival Blessing|p1a: Porunga|[from] move: Sleep Talk
|
|t:|1769322222
|-heal|p1: Itachi|50/100|[from] move: Revival Blessing
|move|p2a: Malevolent Kitchen|Nasty Plot|p2a: Malevolent Kitchen
|-boost|p2a: Malevolent Kitchen|spa|2
|
|-weather|none
|upkeep
|turn|23
|
|t:|1769322227
|switch|p1a: Shukaku|Tyranitar, F, shiny|50/100
|-weather|Sandstorm|[from] ability: Sand Stream|[of] p1a: Shukaku
|move|p2a: Malevolent Kitchen|Shadow Ball|p1a: Shukaku
|-resisted|p1a: Shukaku
|-damage|p1a: Shukaku|34/100
|
|-weather|Sandstorm|[upkeep]
|-damage|p2a: Malevolent Kitchen|72/100|[from] Sandstorm
|upkeep
|turn|24
|
|t:|1769322237
|move|p2a: Malevolent Kitchen|Malignant Chain|p1a: Shukaku
|-resisted|p1a: Shukaku
|-damage|p1a: Shukaku|14/100
|-status|p1a: Shukaku|tox
|-start|p1a: Shukaku|confusion|[from] ability: Poison Puppeteer|[of] p2a: Malevolent Kitchen
|-activate|p1a: Shukaku|confusion
|move|p1a: Shukaku|Stealth Rock|p2a: Malevolent Kitchen
|-sidestart|p2: TotallySkilled|move: Stealth Rock
|
|-weather|Sandstorm|[upkeep]
|-damage|p2a: Malevolent Kitchen|65/100|[from] Sandstorm
|-damage|p1a: Shukaku|8/100 tox|[from] psn
|upkeep
|turn|25
|
|t:|1769322241
|switch|p1a: OP|Excadrill, M|100/100
|move|p2a: Malevolent Kitchen|Recover|p2a: Malevolent Kitchen
|-heal|p2a: Malevolent Kitchen|100/100
|
|-weather|Sandstorm|[upkeep]
|-damage|p2a: Malevolent Kitchen|94/100|[from] Sandstorm
|upkeep
|turn|26
|
|t:|1769322243
|move|p1a: OP|Earthquake|p2a: Malevolent Kitchen
|-supereffective|p2a: Malevolent Kitchen
|-damage|p2a: Malevolent Kitchen|0 fnt
|faint|p2a: Malevolent Kitchen
|
|-weather|Sandstorm|[upkeep]
|upkeep
|
|t:|1769322248
|switch|p2a: Blue Cross|Kingambit, F, shiny|100/100
|-damage|p2a: Blue Cross|94/100|[from] Stealth Rock
|-activate|p2a: Blue Cross|ability: Supreme Overlord
|-start|p2a: Blue Cross|fallen3|[silent]
|turn|27
|
|t:|1769322251
|move|p2a: Blue Cross|Sucker Punch|p1a: OP
|-damage|p1a: OP|17/100
|move|p1a: OP|Earthquake|p2a: Blue Cross
|-supereffective|p2a: Blue Cross
|-crit|p2a: Blue Cross
|-damage|p2a: Blue Cross|0 fnt
|faint|p2a: Blue Cross
|-end|p2a: Blue Cross|fallen3|[silent]
|
|-weather|Sandstorm|[upkeep]
|upkeep
|
|t:|1769322253
|switch|p2a: Solos|Farigiraf, F, shiny, tera:Fighting|100/100
|-damage|p2a: Solos|94/100|[from] Stealth Rock
|turn|28
|
|t:|1769322256
|move|p1a: OP|Earthquake|p2a: Solos
|-damage|p2a: Solos|0 fnt
|faint|p2a: Solos
|
|-weather|Sandstorm|[upkeep]
|upkeep
|-message|TotallySkilled forfeited.
|
|win|OP Sand
|raw|OP Sand's rating: 1581 &rarr; <strong>1600</strong><br />(+19 for winning)
|raw|TotallySkilled's rating: 1556 &rarr; <strong>1537</strong><br />(-19 for losing)
|l|☆TotallySkilled
|player|p2|
|l|☆OP Sand
|player|p1|
