|j|☆nonchalant_chef
|j|☆Vodal
|t:|1769397821
|gametype|singles
|player|p1|nonchalant_chef|cilan|1138
|player|p2|Vodal|colress|1117
|gen|9
|tier|[Gen 9] OU
|rated|
|rule|HP Percentage Mod: HP is shown in percentages
|rule|Endless Battle Clause: Forcing endless battles is banned
|rule|Species Clause: Limit one of each Pokémon
|rule|OHKO Clause: OHKO moves are banned
|rule|Evasion Items Clause: Evasion items are banned
|rule|Evasion Moves Clause: Evasion moves are banned
|rule|Evasion Abilities Clause: Evasion abilities are banned
|rule|Sleep Moves Clause: Sleep-inducing moves are banned
|clearpoke
|poke|p1|Tsareena, F|
|poke|p1|Haunter, M|
|poke|p1|Spidops, F|
|poke|p1|Coalossal, F|
|poke|p1|Lanturn, F|
|poke|p1|Toedscruel, M|
|poke|p2|Skarmory, M|
|poke|p2|Gholdengo|
|poke|p2|Garganacl, M|
|poke|p2|Clodsire, F|
|poke|p2|Skeledirge, F|
|poke|p2|Heatran, M|
|teampreview
|
|t:|1769397832
|teamsize|p1|6
|teamsize|p2|6
|start
|switch|p1a: Spidops|Spidops, F|100/100
|switch|p2a: Skarmory|Skarmory, M, shiny|100/100
|turn|1
|
|t:|1769397836
|move|p2a: Skarmory|Spikes|p1a: Spidops
|-sidestart|p1: nonchalant_chef|Spikes
|move|p1a: Spidops|Circle Throw|p2a: Skarmory
|-damage|p2a: Skarmory|91/100
|drag|p2a: Heatran|Heatran, M|100/100
|
|upkeep
|turn|2
|
|t:|1769397863
|move|p2a: Heatran|Magma Storm|p1a: Spidops
|-supereffective|p1a: Spidops
|-damage|p1a: Spidops|0 fnt
|faint|p1a: Spidops
|
|upkeep
|inactive|Battle timer is ON: inactive players will automatically lose when time's up. (requested by nonchalant_chef)
|
|t:|1769397869
|switch|p1a: Lanturn|Lanturn, F|100/100
|-damage|p1a: Lanturn|88/100|[from] Spikes
|turn|3
|
|t:|1769397884
|switch|p2a: Gholdengo|Gholdengo, shiny|100/100
|move|p1a: Lanturn|Scald|p2a: Gholdengo
|-damage|p2a: Gholdengo|69/100
|-status|p2a: Gholdengo|brn
|
|-heal|p2a: Gholdengo|75/100 brn|[from] item: Leftovers
|-damage|p2a: Gholdengo|69/100 brn|[from] brn
|upkeep
|turn|4
|
|t:|1769397899
|move|p2a: Gholdengo|Nasty Plot|p2a: Gholdengo
|-boost|p2a: Gholdengo|spa|2
|move|p1a: Lanturn|Scald|p2a: Gholdengo
|-damage|p2a: Gholdengo|40/100 brn
|
|-heal|p2a: Gholdengo|47/100 brn|[from] item: Leftovers
|-damage|p2a: Gholdengo|40/100 brn|[from] brn
|upkeep
|turn|5
|
|t:|1769397919
|move|p2a: Gholdengo|Recover|p2a: Gholdengo
|-heal|p2a: Gholdengo|90/100 brn
|move|p1a: Lanturn|Thunderbolt|p2a: Gholdengo
|-damage|p2a: Gholdengo|53/100 brn
|
|-heal|p2a: Gholdengo|59/100 brn|[from] item: Leftovers
|-damage|p2a: Gholdengo|53/100 brn|[from] brn
|upkeep
|turn|6
|
|t:|1769397926
|move|p2a: Gholdengo|Shadow Ball|p1a: Lanturn
|-damage|p1a: Lanturn|0 fnt
|faint|p1a: Lanturn
|
|-heal|p2a: Gholdengo|59/100 brn|[from] item: Leftovers
|-damage|p2a: Gholdengo|53/100 brn|[from] brn
|upkeep
|
|t:|1769397937
|switch|p1a: Haunter|Haunter, M|100/100
|turn|7
|
|t:|1769397942
|move|p1a: Haunter|Hex|p2a: Gholdengo
|-supereffective|p2a: Gholdengo
|-damage|p2a: Gholdengo|0 fnt
|faint|p2a: Gholdengo
|
|upkeep
|
|t:|1769397952
|switch|p2a: Skarmory|Skarmory, M, shiny|91/100
|turn|8
|
|t:|1769397955
|move|p1a: Haunter|Will-O-Wisp|p2a: Skarmory
|-status|p2a: Skarmory|brn
|move|p2a: Skarmory|Spikes|p1a: Haunter
|-sidestart|p1: nonchalant_chef|Spikes
|
|-heal|p2a: Skarmory|97/100 brn|[from] item: Leftovers
|-damage|p2a: Skarmory|91/100 brn|[from] brn
|upkeep
|turn|9
|
|t:|1769397963
|move|p1a: Haunter|Encore|p2a: Skarmory
|-start|p2a: Skarmory|Encore
|move|p2a: Skarmory|Spikes|p1a: Haunter
|-sidestart|p1: nonchalant_chef|Spikes
|
|-heal|p2a: Skarmory|97/100 brn|[from] item: Leftovers
|-damage|p2a: Skarmory|91/100 brn|[from] brn
|upkeep
|turn|10
|
|t:|1769397974
|move|p1a: Haunter|Hex|p2a: Skarmory
|-damage|p2a: Skarmory|19/100 brn
|move|p2a: Skarmory|Spikes||[still]
|-fail|p2a: Skarmory
|
|-heal|p2a: Skarmory|25/100 brn|[from] item: Leftovers
|-damage|p2a: Skarmory|19/100 brn|[from] brn
|upkeep
|turn|11
|
|t:|1769397981
|move|p1a: Haunter|Hex|p2a: Skarmory
|-damage|p2a: Skarmory|0 fnt
|faint|p2a: Skarmory
|
|upkeep
|
|t:|1769397987
|switch|p2a: Garganacl|Garganacl, M|100/100
|turn|12
|
|t:|1769397994
|move|p1a: Haunter|Will-O-Wisp|p2a: Garganacl
|-immune|p2a: Garganacl|[from] ability: Purifying Salt
|move|p2a: Garganacl|Salt Cure|p1a: Haunter
|-damage|p1a: Haunter|69/100
|-start|p1a: Haunter|Salt Cure
|
|-damage|p1a: Haunter|57/100|[from] Salt Cure
|upkeep
|turn|13
|
|t:|1769398005
|switch|p1a: Toedscruel|Toedscruel, M|100/100
|move|p2a: Garganacl|Protect||[still]
|-fail|p2a: Garganacl
|
|upkeep
|turn|14
|
|t:|1769398012
|-terastallize|p2a: Garganacl|Fairy
|move|p1a: Toedscruel|Rapid Spin|p2a: Garganacl
|-damage|p2a: Garganacl|95/100
|-boost|p1a: Toedscruel|spe|1
|-sideend|p1: nonchalant_chef|Spikes|[from] move: Rapid Spin|[of] p1a: Toedscruel
|move|p2a: Garganacl|Salt Cure|p1a: Toedscruel
|-resisted|p1a: Toedscruel
|-damage|p1a: Toedscruel|90/100
|-start|p1a: Toedscruel|Salt Cure
|
|-heal|p2a: Garganacl|100/100|[from] item: Leftovers
|-damage|p1a: Toedscruel|77/100|[from] Salt Cure
|upkeep
|turn|15
|
|t:|1769398024
|move|p2a: Garganacl|Protect|p2a: Garganacl
|-singleturn|p2a: Garganacl|Protect
|move|p1a: Toedscruel|Spikes|p2a: Garganacl
|-sidestart|p2: Vodal|Spikes
|
|-damage|p1a: Toedscruel|65/100|[from] Salt Cure
|upkeep
|turn|16
|
|t:|1769398043
|move|p1a: Toedscruel|Earth Power|p2a: Garganacl
|-damage|p2a: Garganacl|79/100
|move|p2a: Garganacl|Body Press|p1a: Toedscruel
|-damage|p1a: Toedscruel|25/100
|
|-heal|p2a: Garganacl|85/100|[from] item: Leftovers
|-damage|p1a: Toedscruel|13/100|[from] Salt Cure
|upkeep
|turn|17
|
|t:|1769398052
|move|p2a: Garganacl|Salt Cure|p1a: Toedscruel
|-resisted|p1a: Toedscruel
|-damage|p1a: Toedscruel|2/100
|move|p1a: Toedscruel|Spikes|p2a: Garganacl
|-sidestart|p2: Vodal|Spikes
|
|-heal|p2a: Garganacl|91/100|[from] item: Leftovers
|-damage|p1a: Toedscruel|0 fnt|[from] Salt Cure
|faint|p1a: Toedscruel
|upkeep
|
|t:|1769398068
|switch|p1a: Coalossal|Coalossal, F|100/100
|turn|18
|
|t:|1769398086
|-terastallize|p1a: Coalossal|Water
|move|p2a: Garganacl|Salt Cure|p1a: Coalossal
|-damage|p1a: Coalossal|90/100
|-start|p1a: Coalossal|Salt Cure
|move|p1a: Coalossal|Meteor Beam||[still]
|-prepare|p1a: Coalossal|Meteor Beam
|-boost|p1a: Coalossal|spa|1
|-enditem|p1a: Coalossal|Power Herb
|-anim|p1a: Coalossal|Meteor Beam|p2a: Garganacl
|-damage|p2a: Garganacl|40/100
|
|-heal|p2a: Garganacl|46/100|[from] item: Leftovers
|-damage|p1a: Coalossal|65/100|[from] Salt Cure
|upkeep
|turn|19
|inactive|nonchalant_chef has 120 seconds left.
|
|t:|1769398115
|move|p2a: Garganacl|Recover|p2a: Garganacl
|-heal|p2a: Garganacl|96/100
|move|p1a: Coalossal|Meteor Beam||[still]
|-prepare|p1a: Coalossal|Meteor Beam
|-boost|p1a: Coalossal|spa|1
|
|-heal|p2a: Garganacl|100/100|[from] item: Leftovers
|-damage|p1a: Coalossal|40/100|[from] Salt Cure
|upkeep
|turn|20
|
|t:|1769398128
|move|p2a: Garganacl|Protect|p2a: Garganacl
|-singleturn|p2a: Garganacl|Protect
|move|p1a: Coalossal|Meteor Beam|p2a: Garganacl|[from] lockedmove
|-activate|p2a: Garganacl|move: Protect
|
|-damage|p1a: Coalossal|16/100|[from] Salt Cure
|upkeep
|turn|21
|
|t:|1769398137
|move|p2a: Garganacl|Recover||[still]
|-fail|p2a: Garganacl|heal
|move|p1a: Coalossal|Flamethrower|p2a: Garganacl
|-damage|p2a: Garganacl|51/100
|
|-heal|p2a: Garganacl|58/100|[from] item: Leftovers
|-damage|p1a: Coalossal|0 fnt|[from] Salt Cure
|faint|p1a: Coalossal
|upkeep
|
|t:|1769398146
|switch|p1a: Haunter|Haunter, M|57/100
|turn|22
|
|t:|1769398149
|move|p1a: Haunter|Encore|p2a: Garganacl
|-start|p2a: Garganacl|Encore
|move|p2a: Garganacl|Recover|p2a: Garganacl
|-heal|p2a: Garganacl|100/100
|
|upkeep
|turn|23
|
|t:|1769398159
|move|p1a: Haunter|Hex|p2a: Garganacl
|-damage|p2a: Garganacl|92/100
|move|p2a: Garganacl|Recover|p2a: Garganacl
|-heal|p2a: Garganacl|100/100
|
|upkeep
|turn|24
|
|t:|1769398166
|move|p1a: Haunter|Hex|p2a: Garganacl
|-damage|p2a: Garganacl|92/100
|move|p2a: Garganacl|Recover|p2a: Garganacl
|-heal|p2a: Garganacl|100/100
|
|-end|p2a: Garganacl|Encore
|upkeep
|turn|25
|
|t:|1769398174
|switch|p2a: Heatran|Heatran, M|100/100
|-damage|p2a: Heatran|84/100|[from] Spikes
|move|p1a: Haunter|Encore||[still]
|-fail|p1a: Haunter
|
|-heal|p2a: Heatran|90/100|[from] item: Leftovers
|upkeep
|turn|26
|
|t:|1769398185
|move|p1a: Haunter|Hex|p2a: Heatran
|-damage|p2a: Heatran|75/100
|move|p2a: Heatran|Taunt|p1a: Haunter
|-start|p1a: Haunter|move: Taunt
|
|-heal|p2a: Heatran|81/100|[from] item: Leftovers
|upkeep
|turn|27
|
|t:|1769398193
|switch|p1a: Tsareena|Tsareena, F|100/100
|move|p2a: Heatran|Magma Storm|p1a: Tsareena
|-supereffective|p1a: Tsareena
|-damage|p1a: Tsareena|47/100
|-activate|p1a: Tsareena|move: Magma Storm|[of] p2a: Heatran
|
|-heal|p2a: Heatran|87/100|[from] item: Leftovers
|-damage|p1a: Tsareena|35/100|[from] move: Magma Storm|[partiallytrapped]
|upkeep
|turn|28
|
|t:|1769398203
|move|p2a: Heatran|Taunt|p1a: Tsareena
|-start|p1a: Tsareena|move: Taunt
|move|p1a: Tsareena|Low Kick|p2a: Heatran
|-supereffective|p2a: Heatran
|-damage|p2a: Heatran|13/100
|
|-heal|p2a: Heatran|20/100|[from] item: Leftovers
|-damage|p1a: Tsareena|22/100|[from] move: Magma Storm|[partiallytrapped]
|upkeep
|turn|29
|
|t:|1769398213
|move|p2a: Heatran|Protect|p2a: Heatran
|-singleturn|p2a: Heatran|Protect
|move|p1a: Tsareena|Knock Off|p2a: Heatran
|-activate|p2a: Heatran|move: Protect
|
|-heal|p2a: Heatran|26/100|[from] item: Leftovers
|-damage|p1a: Tsareena|10/100|[from] move: Magma Storm|[partiallytrapped]
|upkeep
|turn|30
|
|t:|1769398225
|move|p2a: Heatran|Magma Storm|p1a: Tsareena
|-supereffective|p1a: Tsareena
|-damage|p1a: Tsareena|0 fnt
|faint|p1a: Tsareena
|
|-heal|p2a: Heatran|32/100|[from] item: Leftovers
|upkeep
|
|t:|1769398227
|switch|p1a: Haunter|Haunter, M|57/100
|turn|31
|
|t:|1769398233
|move|p1a: Haunter|Hex|p2a: Heatran
|-damage|p2a: Heatran|17/100
|move|p2a: Heatran|Taunt|p1a: Haunter
|-start|p1a: Haunter|move: Taunt
|
|-heal|p2a: Heatran|24/100|[from] item: Leftovers
|upkeep
|turn|32
|-message|nonchalant_chef forfeited.
|
|win|Vodal
|raw|nonchalant_chef's rating: 1138 &rarr; <strong>1111</strong><br />(-27 for losing)
|raw|Vodal's rating: 1117 &rarr; <strong>1144</strong><br />(+27 for winning)
|l|☆nonchalant_chef
|player|p1|
|l|☆Vodal
|player|p2|
