|j|☆maneki uwu
|j|☆MarcoPopsi
|t:|1769416055
|gametype|singles
|player|p1|maneki uwu|serena-masters2|1249
|player|p2|MarcoPopsi|wallace|1276
|gen|9
|tier|[Gen 9] OU
|rated|
|rule|HP Percentage Mod: HP is shown in percentages
|rule|Endless Battle Clause: Forcing endless battles is banned
|rule|Species Clause: Limit one of each Pokémon
|rule|OHKO Clause: OHKO moves are banned
|rule|Evasion Items Clause: Evasion items are banned
|rule|Evasion Moves Clause: Evasion moves are banned
|rule|Evasion Abilities Clause: Evasion abilities are banned
|rule|Sleep Moves Clause: Sleep-inducing moves are banned
|clearpoke
|poke|p1|Serperior, M|
|poke|p1|Sylveon, F|
|poke|p1|Gliscor, M|
|poke|p1|Bisharp, M|
|poke|p1|Espeon, F|
|poke|p1|Ditto|
|poke|p2|Tyranitar, F|
|poke|p2|Excadrill, F|
|poke|p2|Ogerpon-Wellspring, F|
|poke|p2|Zamazenta-*|
|poke|p2|Pecharunt|
|poke|p2|Dragapult, F|
|teampreview
|
|t:|1769416073
|teamsize|p1|6
|teamsize|p2|6
|start
|switch|p1a: Pepsi-man|Gliscor, M|100/100
|switch|p2a: Dragapult|Dragapult, F|100/100
|turn|1
|
|t:|1769416082
|move|p2a: Dragapult|U-turn|p1a: Pepsi-man
|-resisted|p1a: Pepsi-man
|-damage|p1a: Pepsi-man|93/100
|-damage|p2a: Dragapult|91/100|[from] item: Life Orb
|
|t:|1769416087
|switch|p2a: Tyranitar|Tyranitar, F|100/100|[from] U-turn
|-weather|Sandstorm|[from] ability: Sand Stream|[of] p2a: Tyranitar
|move|p1a: Pepsi-man|Toxic|p2a: Tyranitar
|-status|p2a: Tyranitar|tox
|
|-weather|Sandstorm|[upkeep]
|-damage|p2a: Tyranitar|94/100 tox|[from] psn
|-status|p1a: Pepsi-man|tox|[from] item: Toxic Orb
|upkeep
|turn|2
|
|t:|1769416097
|move|p1a: Pepsi-man|Earthquake|p2a: Tyranitar
|-supereffective|p2a: Tyranitar
|-damage|p2a: Tyranitar|38/100 tox
|move|p2a: Tyranitar|Ice Punch|p1a: Pepsi-man
|-supereffective|p1a: Pepsi-man
|-damage|p1a: Pepsi-man|0 fnt
|faint|p1a: Pepsi-man
|
|-weather|Sandstorm|[upkeep]
|-damage|p2a: Tyranitar|26/100 tox|[from] psn
|upkeep
|
|t:|1769416105
|switch|p1a: Cobrassassin|Serperior, M|100/100
|turn|3
|
|t:|1769416110
|move|p1a: Cobrassassin|Leaf Storm|p2a: Tyranitar
|-supereffective|p2a: Tyranitar
|-damage|p2a: Tyranitar|0 fnt
|-boost|p1a: Cobrassassin|spa|2
|faint|p2a: Tyranitar
|
|-weather|Sandstorm|[upkeep]
|-damage|p1a: Cobrassassin|94/100|[from] Sandstorm
|-heal|p1a: Cobrassassin|100/100|[from] item: Leftovers
|upkeep
|
|t:|1769416113
|switch|p2a: Pecharunt|Pecharunt|100/100
|turn|4
|
|t:|1769416121
|switch|p1a: soleil levant|Bisharp, M|100/100
|move|p2a: Pecharunt|Malignant Chain|p1a: soleil levant
|-immune|p1a: soleil levant
|
|-weather|Sandstorm|[upkeep]
|-damage|p2a: Pecharunt|94/100|[from] Sandstorm
|upkeep
|turn|5
|
|t:|1769416132
|move|p1a: soleil levant|Iron Head|p2a: Pecharunt
|-damage|p2a: Pecharunt|74/100
|cant|p2a: Pecharunt|flinch
|
|-weather|none
|upkeep
|turn|6
|
|t:|1769416140
|move|p1a: soleil levant|Swords Dance|p1a: soleil levant
|-boost|p1a: soleil levant|atk|2
|move|p2a: Pecharunt|Parting Shot|p1a: soleil levant
|-unboost|p1a: soleil levant|atk|1
|-ability|p1a: soleil levant|Defiant|boost
|-boost|p1a: soleil levant|atk|2
|-unboost|p1a: soleil levant|spa|1
|-ability|p1a: soleil levant|Defiant|boost
|-boost|p1a: soleil levant|atk|2
|
|t:|1769416153
|switch|p2a: Zamazenta|Zamazenta|100/100|[from] Parting Shot
|-ability|p2a: Zamazenta|Dauntless Shield|boost
|-boost|p2a: Zamazenta|def|1
|
|upkeep
|turn|7
|
|t:|1769416160
|move|p1a: soleil levant|Sucker Punch||[still]
|-fail|p1a: soleil levant
|move|p2a: Zamazenta|Roar|p1a: soleil levant
|drag|p1a: Envy|Ditto|100/100
|-transform|p1a: Envy|p2a: Zamazenta|[from] ability: Imposter
|-ability|p1a: Envy|Dauntless Shield|boost
|-boost|p1a: Envy|def|1
|
|upkeep
|turn|8
|
|t:|1769416171
|switch|p2a: Pecharunt|Pecharunt|74/100
|move|p1a: Envy|Body Press|p2a: Pecharunt
|-immune|p2a: Pecharunt
|
|upkeep
|turn|9
|
|t:|1769416182
|switch|p1a: soleil levant|Bisharp, M|100/100
|move|p2a: Pecharunt|Foul Play|p1a: soleil levant
|-resisted|p1a: soleil levant
|-damage|p1a: soleil levant|87/100
|
|upkeep
|turn|10
|
|t:|1769416189
|switch|p2a: Dragapult|Dragapult, F|91/100
|move|p1a: soleil levant|Swords Dance|p1a: soleil levant
|-boost|p1a: soleil levant|atk|2
|
|upkeep
|turn|11
|
|t:|1769416192
|move|p2a: Dragapult|Thunder Wave|p1a: soleil levant
|-status|p1a: soleil levant|par
|move|p1a: soleil levant|Throat Chop|p2a: Dragapult
|-supereffective|p2a: Dragapult
|-damage|p2a: Dragapult|0 fnt
|faint|p2a: Dragapult
|
|upkeep
|
|t:|1769416196
|switch|p2a: Zamazenta|Zamazenta|100/100
|turn|12
|
|t:|1769416199
|move|p2a: Zamazenta|Iron Defense|p2a: Zamazenta
|-boost|p2a: Zamazenta|def|2
|move|p1a: soleil levant|Throat Chop|p2a: Zamazenta
|-resisted|p2a: Zamazenta
|-damage|p2a: Zamazenta|84/100
|-start|p2a: Zamazenta|Throat Chop|[silent]
|
|-heal|p2a: Zamazenta|90/100|[from] item: Leftovers
|upkeep
|turn|13
|
|t:|1769416206
|switch|p1a: Maneki|Sylveon, F, shiny|100/100
|move|p2a: Zamazenta|Body Press|p1a: Maneki
|-resisted|p1a: Maneki
|-damage|p1a: Maneki|72/100
|
|-heal|p2a: Zamazenta|96/100|[from] item: Leftovers
|-heal|p1a: Maneki|78/100|[from] item: Leftovers
|-end|p2a: Zamazenta|Throat Chop|[silent]
|upkeep
|turn|14
|
|t:|1769416211
|move|p1a: Maneki|Wish|p1a: Maneki
|move|p2a: Zamazenta|Roar|p1a: Maneki
|drag|p1a: soleil levant|Bisharp, M|87/100 par
|
|-heal|p2a: Zamazenta|100/100|[from] item: Leftovers
|upkeep
|turn|15
|
|t:|1769416234
|switch|p1a: Maneki|Sylveon, F, shiny|78/100
|move|p2a: Zamazenta|Iron Defense|p2a: Zamazenta
|-boost|p2a: Zamazenta|def|2
|
|-heal|p1a: Maneki|100/100|[from] move: Wish|[wisher] Maneki
|upkeep
|turn|16
|
|t:|1769416243
|move|p2a: Zamazenta|Body Press|p1a: Maneki
|-resisted|p1a: Maneki
|-damage|p1a: Maneki|57/100
|move|p1a: Maneki|Hyper Voice|p2a: Zamazenta
|-supereffective|p2a: Zamazenta
|-damage|p2a: Zamazenta|40/100
|
|-heal|p2a: Zamazenta|46/100|[from] item: Leftovers
|-heal|p1a: Maneki|63/100|[from] item: Leftovers
|upkeep
|turn|17
|
|t:|1769416251
|move|p2a: Zamazenta|Body Press|p1a: Maneki
|-resisted|p1a: Maneki
|-damage|p1a: Maneki|19/100
|move|p1a: Maneki|Hyper Voice|p2a: Zamazenta
|-supereffective|p2a: Zamazenta
|-damage|p2a: Zamazenta|0 fnt
|faint|p2a: Zamazenta
|
|-heal|p1a: Maneki|25/100|[from] item: Leftovers
|upkeep
|
|t:|1769416257
|switch|p2a: Excadrill|Excadrill, F|100/100
|-item|p2a: Excadrill|Air Balloon
|turn|18
|
|t:|1769416263
|switch|p1a: QI DE 143|Espeon, F|100/100
|move|p2a: Excadrill|Rapid Spin|p1a: QI DE 143
|-damage|p1a: QI DE 143|70/100
|-boost|p2a: Excadrill|spe|1
|
|upkeep
|turn|19
|
|t:|1769416272
|move|p2a: Excadrill|Earthquake|p1a: QI DE 143
|-damage|p1a: QI DE 143|0 fnt
|faint|p1a: QI DE 143
|
|upkeep
|
|t:|1769416276
|switch|p1a: Cobrassassin|Serperior, M|100/100
|turn|20
|
|t:|1769416279
|move|p2a: Excadrill|Rock Slide|p1a: Cobrassassin
|-damage|p1a: Cobrassassin|66/100
|move|p1a: Cobrassassin|Leaf Storm|p2a: Excadrill
|-damage|p2a: Excadrill|38/100
|-boost|p1a: Cobrassassin|spa|2
|-enditem|p2a: Excadrill|Air Balloon
|
|-heal|p1a: Cobrassassin|72/100|[from] item: Leftovers
|upkeep
|turn|21
|
|t:|1769416284
|move|p2a: Excadrill|Rock Slide|p1a: Cobrassassin
|-damage|p1a: Cobrassassin|33/100
|move|p1a: Cobrassassin|Leaf Storm|p2a: Excadrill
|-damage|p2a: Excadrill|0 fnt
|-boost|p1a: Cobrassassin|spa|2
|faint|p2a: Excadrill
|
|-heal|p1a: Cobrassassin|39/100|[from] item: Leftovers
|upkeep
|
|t:|1769416292
|switch|p2a: Pecharunt|Pecharunt|74/100
|turn|22
|
|t:|1769416321
|move|p1a: Cobrassassin|Leaf Storm|p2a: Pecharunt
|-resisted|p2a: Pecharunt
|-damage|p2a: Pecharunt|6/100
|-boost|p1a: Cobrassassin|spa|2
|move|p2a: Pecharunt|Malignant Chain|p1a: Cobrassassin
|-supereffective|p1a: Cobrassassin
|-damage|p1a: Cobrassassin|0 fnt
|faint|p1a: Cobrassassin
|
|upkeep
|
|t:|1769416327
|switch|p1a: soleil levant|Bisharp, M|87/100 par
|turn|23
|
|t:|1769416342
|move|p2a: Pecharunt|Recover|p2a: Pecharunt
|-heal|p2a: Pecharunt|56/100
|move|p1a: soleil levant|Swords Dance|p1a: soleil levant
|-boost|p1a: soleil levant|atk|2
|
|upkeep
|turn|24
|
|t:|1769416347
|move|p2a: Pecharunt|Foul Play|p1a: soleil levant
|-resisted|p1a: soleil levant
|-damage|p1a: soleil levant|59/100 par
|move|p1a: soleil levant|Throat Chop|p2a: Pecharunt
|-supereffective|p2a: Pecharunt
|-crit|p2a: Pecharunt
|-damage|p2a: Pecharunt|0 fnt
|faint|p2a: Pecharunt
|
|upkeep
|
|t:|1769416350
|switch|p2a: Ogerpon|Ogerpon-Wellspring, F|100/100
|turn|25
|
|t:|1769416368
|-terastallize|p2a: Ogerpon|Water
|detailschange|p2a: Ogerpon|Ogerpon-Wellspring-Tera, F, tera:Water
|-ability|p2a: Ogerpon|Embody Aspect (Wellspring)|boost
|-boost|p2a: Ogerpon|spd|1
|move|p2a: Ogerpon|Swords Dance|p2a: Ogerpon
|-boost|p2a: Ogerpon|atk|2
|move|p1a: soleil levant|Throat Chop|p2a: Ogerpon
|-damage|p2a: Ogerpon|0 fnt
|faint|p2a: Ogerpon
|detailschange|p2: Ogerpon|Ogerpon-Wellspring, F|[silent]
|
|win|maneki uwu
|raw|maneki uwu's rating: 1249 &rarr; <strong>1276</strong><br />(+27 for winning)
|raw|MarcoPopsi's rating: 1276 &rarr; <strong>1249</strong><br />(-27 for losing)
|l|☆MarcoPopsi
|player|p2|
|l|☆maneki uwu
|player|p1|
