|j|☆EvilGangEvilGang
|j|☆qdiin_
|t:|1769378457
|gametype|singles
|player|p1|EvilGangEvilGang|naveen|1000
|player|p2|qdiin_|102|1000
|gen|9
|tier|[Gen 9] OU
|rated|
|rule|HP Percentage Mod: HP is shown in percentages
|rule|Endless Battle Clause: Forcing endless battles is banned
|rule|Species Clause: Limit one of each Pokémon
|rule|OHKO Clause: OHKO moves are banned
|rule|Evasion Items Clause: Evasion items are banned
|rule|Evasion Moves Clause: Evasion moves are banned
|rule|Evasion Abilities Clause: Evasion abilities are banned
|rule|Sleep Moves Clause: Sleep-inducing moves are banned
|clearpoke
|poke|p1|Samurott-Hisui, M|
|poke|p1|Ting-Lu|
|poke|p1|Darkrai|
|poke|p1|Mabosstiff, M|
|poke|p1|Sableye, M|
|poke|p1|Kingambit, F|
|poke|p2|Dragapult, M|
|poke|p2|Landorus-Therian, M|
|poke|p2|Glimmora, F|
|poke|p2|Meowscarada, F|
|poke|p2|Hatterene, F|
|poke|p2|Heatran, M|
|teampreview
|
|t:|1769378468
|teamsize|p1|6
|teamsize|p2|6
|start
|switch|p1a: Samurott|Samurott-Hisui, M|100/100
|switch|p2a: Glimmora|Glimmora, F|100/100
|turn|1
|
|t:|1769378480
|move|p1a: Samurott|Razor Shell|p2a: Glimmora
|-supereffective|p2a: Glimmora
|-damage|p2a: Glimmora|5/100
|-activate|p2a: Glimmora|ability: Toxic Debris
|-sidestart|p1: EvilGangEvilGang|move: Toxic Spikes
|-enditem|p2a: Glimmora|Red Card|[of] p1a: Samurott
|drag|p1a: Kingambit|Kingambit, F|100/100
|move|p2a: Glimmora|Mortal Spin|p1a: Kingambit
|-immune|p1a: Kingambit
|
|upkeep
|turn|2
|
|t:|1769378494
|move|p2a: Glimmora|Stealth Rock|p1a: Kingambit
|-sidestart|p1: EvilGangEvilGang|move: Stealth Rock
|move|p1a: Kingambit|Swords Dance|p1a: Kingambit
|-boost|p1a: Kingambit|atk|2
|
|upkeep
|turn|3
|
|t:|1769378505
|move|p1a: Kingambit|Sucker Punch||[still]
|-fail|p1a: Kingambit
|move|p2a: Glimmora|Spikes|p1a: Kingambit
|-sidestart|p1: EvilGangEvilGang|Spikes
|
|upkeep
|turn|4
|
|t:|1769378511
|move|p2a: Glimmora|Spikes|p1a: Kingambit
|-sidestart|p1: EvilGangEvilGang|Spikes
|move|p1a: Kingambit|Swords Dance|p1a: Kingambit
|-boost|p1a: Kingambit|atk|2
|
|upkeep
|turn|5
|
|t:|1769378517
|move|p2a: Glimmora|Spikes|p1a: Kingambit
|-sidestart|p1: EvilGangEvilGang|Spikes
|move|p1a: Kingambit|Swords Dance|p1a: Kingambit
|-boost|p1a: Kingambit|atk|2
|
|upkeep
|turn|6
|
|t:|1769378524
|move|p1a: Kingambit|Sucker Punch|p2a: Glimmora
|-damage|p2a: Glimmora|0 fnt
|-activate|p2a: Glimmora|ability: Toxic Debris
|-sidestart|p1: EvilGangEvilGang|move: Toxic Spikes
|faint|p2a: Glimmora
|
|upkeep
|
|t:|1769378561
|switch|p2a: Landorus|Landorus-Therian, M|100/100
|-ability|p2a: Landorus|Intimidate|boost
|-unboost|p1a: Kingambit|atk|1
|turn|7
|
|t:|1769378570
|move|p2a: Landorus|Substitute|p2a: Landorus
|-start|p2a: Landorus|Substitute
|-damage|p2a: Landorus|76/100
|move|p1a: Kingambit|Kowtow Cleave|p2a: Landorus
|-end|p2a: Landorus|Substitute
|
|-heal|p2a: Landorus|82/100|[from] item: Leftovers
|upkeep
|turn|8
|
|t:|1769378580
|move|p2a: Landorus|Substitute|p2a: Landorus
|-start|p2a: Landorus|Substitute
|-damage|p2a: Landorus|57/100
|move|p1a: Kingambit|Iron Head|p2a: Landorus
|-end|p2a: Landorus|Substitute
|
|-heal|p2a: Landorus|63/100|[from] item: Leftovers
|upkeep
|turn|9
|
|t:|1769378587
|move|p2a: Landorus|Earthquake|p1a: Kingambit
|-supereffective|p1a: Kingambit
|-damage|p1a: Kingambit|14/100
|move|p1a: Kingambit|Iron Head|p2a: Landorus
|-damage|p2a: Landorus|0 fnt
|faint|p2a: Landorus
|
|-heal|p1a: Kingambit|20/100|[from] item: Leftovers
|upkeep
|
|t:|1769378602
|switch|p2a: Heatran|Heatran, M, shiny|100/100
|-item|p2a: Heatran|Air Balloon
|turn|10
|
|t:|1769378609
|move|p1a: Kingambit|Sucker Punch|p2a: Heatran
|-damage|p2a: Heatran|0 fnt
|-enditem|p2a: Heatran|Air Balloon
|faint|p2a: Heatran
|
|-heal|p1a: Kingambit|26/100|[from] item: Leftovers
|upkeep
|
|t:|1769378618
|switch|p2a: Meowscarada|Meowscarada, F|100/100
|turn|11
|
|t:|1769378627
|move|p1a: Kingambit|Sucker Punch|p2a: Meowscarada
|-resisted|p2a: Meowscarada
|-damage|p2a: Meowscarada|0 fnt
|faint|p2a: Meowscarada
|
|-heal|p1a: Kingambit|32/100|[from] item: Leftovers
|upkeep
|
|t:|1769378632
|switch|p2a: Dragapult|Dragapult, M|100/100
|turn|12
|
|t:|1769378638
|move|p2a: Dragapult|Dragon Dance|p2a: Dragapult
|-boost|p2a: Dragapult|atk|1
|-boost|p2a: Dragapult|spe|1
|move|p1a: Kingambit|Kowtow Cleave|p2a: Dragapult
|-supereffective|p2a: Dragapult
|-damage|p2a: Dragapult|0 fnt
|faint|p2a: Dragapult
|
|-heal|p1a: Kingambit|38/100|[from] item: Leftovers
|upkeep
|
|t:|1769378647
|switch|p2a: Hatterene|Hatterene, F, shiny|100/100
|turn|13
|
|t:|1769378651
|move|p2a: Hatterene|Protect|p2a: Hatterene
|-singleturn|p2a: Hatterene|Protect
|move|p1a: Kingambit|Iron Head|p2a: Hatterene
|-activate|p2a: Hatterene|move: Protect
|
|-heal|p1a: Kingambit|44/100|[from] item: Leftovers
|upkeep
|turn|14
|
|t:|1769378659
|move|p1a: Kingambit|Iron Head|p2a: Hatterene
|-supereffective|p2a: Hatterene
|-damage|p2a: Hatterene|0 fnt
|faint|p2a: Hatterene
|
|win|EvilGangEvilGang
|raw|EvilGangEvilGang's rating: 1000 &rarr; <strong>1040</strong><br />(+40 for winning)
|raw|qdiin_'s rating: 1000 &rarr; <strong>1000</strong><br />(+0 for losing)
|l|☆qdiin_
|player|p2|
