|j|‽qiyange
|j|☆simmy01
|t:|1769403804
|gametype|singles
|player|p1|qiyange|2|1103
|player|p2|simmy01|266|1123
|gen|9
|tier|[Gen 9] OU
|rated|
|rule|HP Percentage Mod: HP is shown in percentages
|rule|Endless Battle Clause: Forcing endless battles is banned
|rule|Species Clause: Limit one of each Pokémon
|rule|OHKO Clause: OHKO moves are banned
|rule|Evasion Items Clause: Evasion items are banned
|rule|Evasion Moves Clause: Evasion moves are banned
|rule|Evasion Abilities Clause: Evasion abilities are banned
|rule|Sleep Moves Clause: Sleep-inducing moves are banned
|clearpoke
|poke|p1|Corviknight, F|
|poke|p1|Ting-Lu|
|poke|p1|Hatterene, F|
|poke|p1|Zamazenta-*|
|poke|p1|Latias, F|
|poke|p1|Heatran, M|
|poke|p2|Pincurchin, M|
|poke|p2|Iron Thorns|
|poke|p2|Orthworm, F|
|poke|p2|Decidueye, M|
|poke|p2|Iron Jugulis|
|poke|p2|Rotom-Heat|
|teampreview
|inactive|Battle timer is ON: inactive players will automatically lose when time's up. (requested by simmy01)
|inactive|simmy01 has 120 seconds left.
|
|t:|1769403840
|teamsize|p1|6
|teamsize|p2|6
|start
|switch|p1a: Zamazenta|Zamazenta|100/100
|switch|p2a: Rotom|Rotom-Heat|100/100
|-ability|p1a: Zamazenta|Dauntless Shield|boost
|-boost|p1a: Zamazenta|def|1
|turn|1
|
|t:|1769403856
|move|p2a: Rotom|Will-O-Wisp|p1a: Zamazenta
|-status|p1a: Zamazenta|brn
|move|p1a: Zamazenta|Light Screen|p1a: Zamazenta
|-sidestart|p1: qiyange|move: Light Screen
|
|-damage|p1a: Zamazenta|94/100 brn|[from] brn
|upkeep
|turn|2
|
|t:|1769403867
|switch|p2a: Decidueye|Decidueye, M|100/100
|move|p1a: Zamazenta|Reflect|p1a: Zamazenta
|-sidestart|p1: qiyange|Reflect
|
|-damage|p1a: Zamazenta|88/100 brn|[from] brn
|upkeep
|turn|3
|
|t:|1769403882
|switch|p1a: Corviknight|Corviknight, F|100/100
|-ability|p1a: Corviknight|Pressure
|move|p2a: Decidueye|Defog|p1a: Corviknight
|-unboost|p1a: Corviknight|evasion|1
|-sideend|p1: qiyange|Reflect
|-sideend|p1: qiyange|move: Light Screen
|
|upkeep
|turn|4
|inactive|simmy01 has 120 seconds left.
|
|t:|1769403917
|move|p1a: Corviknight|Bulk Up|p1a: Corviknight
|-boost|p1a: Corviknight|atk|1
|-boost|p1a: Corviknight|def|1
|move|p2a: Decidueye|U-turn|p1a: Corviknight
|-resisted|p1a: Corviknight
|-damage|p1a: Corviknight|98/100
|
|t:|1769403919
|switch|p2a: Rotom|Rotom-Heat|100/100|[from] U-turn
|
|-heal|p1a: Corviknight|100/100|[from] item: Leftovers
|upkeep
|turn|5
|
|t:|1769403932
|-terastallize|p1a: Corviknight|Flying
|move|p2a: Rotom|Trick|p1a: Corviknight
|-activate|p2a: Rotom|move: Trick|[of] p1a: Corviknight
|-item|p1a: Corviknight|Choice Scarf|[from] move: Trick
|-item|p2a: Rotom|Leftovers|[from] move: Trick
|move|p1a: Corviknight|Agility|p1a: Corviknight
|-boost|p1a: Corviknight|spe|2
|
|upkeep
|turn|6
|c|☆simmy01|hheediot
|inactive|simmy01 has 120 seconds left.
|
|t:|1769403959
|switch|p1a: Ting-Lu|Ting-Lu|100/100
|-ability|p1a: Ting-Lu|Vessel of Ruin
|switch|p2a: Pincurchin|Pincurchin, M, shiny|100/100
|-fieldstart|move: Electric Terrain|[from] ability: Electric Surge|[of] p2a: Pincurchin
|
|upkeep
|turn|7
|inactive|simmy01 has 120 seconds left.
|
|t:|1769403977
|switch|p2a: Iron Jugulis|Iron Jugulis|100/100
|-activate|p2a: Iron Jugulis|ability: Quark Drive
|-start|p2a: Iron Jugulis|quarkdrivespe
|move|p1a: Ting-Lu|Earthquake|p2a: Iron Jugulis
|-immune|p2a: Iron Jugulis
|
|upkeep
|turn|8
|inactive|simmy01 has 120 seconds left.
|inactive|simmy01 has 90 seconds left.
|
|t:|1769404015
|-end|p2a: Iron Jugulis|Quark Drive|[silent]
|switch|p2a: Decidueye|Decidueye, M|100/100
|move|p1a: Ting-Lu|Stone Edge|p2a: Decidueye|[miss]
|-miss|p1a: Ting-Lu|p2a: Decidueye
|
|upkeep
|turn|9
|
|t:|1769404030
|move|p2a: Decidueye|U-turn|p1a: Ting-Lu
|-supereffective|p1a: Ting-Lu
|-damage|p1a: Ting-Lu|83/100
|inactive|simmy01 has 90 seconds left.
|
|t:|1769404058
|switch|p2a: Rotom|Rotom-Heat|100/100|[from] U-turn
|move|p1a: Ting-Lu|Throat Chop|p2a: Rotom
|-damage|p2a: Rotom|57/100
|-start|p2a: Rotom|Throat Chop|[silent]
|
|-heal|p2a: Rotom|63/100|[from] item: Leftovers
|upkeep
|turn|10
|
|t:|1769404068
|move|p2a: Rotom|Will-O-Wisp|p1a: Ting-Lu|[miss]
|-miss|p2a: Rotom|p1a: Ting-Lu
|move|p1a: Ting-Lu|Stone Edge|p2a: Rotom|[miss]
|-miss|p1a: Ting-Lu|p2a: Rotom
|
|-heal|p2a: Rotom|68/100|[from] item: Leftovers
|-end|p2a: Rotom|Throat Chop|[silent]
|upkeep
|turn|11
|
|t:|1769404084
|switch|p2a: Decidueye|Decidueye, M|100/100
|move|p1a: Ting-Lu|Stone Edge|p2a: Decidueye
|-damage|p2a: Decidueye|66/100
|
|upkeep
|turn|12
|inactive|simmy01 has 90 seconds left.
|
|t:|1769404114
|move|p2a: Decidueye|Giga Drain|p1a: Ting-Lu
|-supereffective|p1a: Ting-Lu
|-damage|p1a: Ting-Lu|62/100
|-heal|p2a: Decidueye|81/100|[from] drain|[of] p1a: Ting-Lu
|move|p1a: Ting-Lu|Throat Chop|p2a: Decidueye
|-supereffective|p2a: Decidueye
|-damage|p2a: Decidueye|3/100
|-start|p2a: Decidueye|Throat Chop|[silent]
|
|upkeep
|turn|13
|
|t:|1769404128
|move|p2a: Decidueye|U-turn|p1a: Ting-Lu
|-supereffective|p1a: Ting-Lu
|-damage|p1a: Ting-Lu|44/100
|inactive|simmy01 has 60 seconds left.
|inactive|simmy01 has 30 seconds left.
|
|t:|1769404183
|switch|p2a: Iron Thorns|Iron Thorns, shiny|100/100|[from] U-turn
|-activate|p2a: Iron Thorns|ability: Quark Drive
|-start|p2a: Iron Thorns|quarkdriveatk
|move|p1a: Ting-Lu|Heavy Slam|p2a: Iron Thorns
|-damage|p2a: Iron Thorns|83/100
|
|-fieldend|move: Electric Terrain
|-end|p2a: Iron Thorns|Quark Drive
|upkeep
|turn|14
|inactive|simmy01 has 30 seconds left.
|
|t:|1769404198
|-end|p2a: Iron Thorns|Quark Drive|[silent]
|switch|p2a: Rotom|Rotom-Heat|68/100
|switch|p1a: Zamazenta|Zamazenta|88/100 brn
|
|-heal|p2a: Rotom|74/100|[from] item: Leftovers
|-damage|p1a: Zamazenta|82/100 brn|[from] brn
|upkeep
|turn|15
|
|t:|1769404220
|move|p1a: Zamazenta|Light Screen|p1a: Zamazenta
|-sidestart|p1: qiyange|move: Light Screen
|move|p2a: Rotom|Volt Switch|p1a: Zamazenta
|-crit|p1a: Zamazenta
|-damage|p1a: Zamazenta|54/100 brn
|inactive|simmy01 has 30 seconds left.
|
|t:|1769404237
|switch|p2a: Pincurchin|Pincurchin, M, shiny|100/100|[from] Volt Switch
|-fieldstart|move: Electric Terrain|[from] ability: Electric Surge|[of] p2a: Pincurchin
|
|-damage|p1a: Zamazenta|48/100 brn|[from] brn
|upkeep
|turn|16
|
|t:|1769404252
|move|p1a: Zamazenta|Close Combat|p2a: Pincurchin
|-damage|p2a: Pincurchin|78/100
|-unboost|p1a: Zamazenta|def|1
|-unboost|p1a: Zamazenta|spd|1
|move|p2a: Pincurchin|Spikes|p1a: Zamazenta
|-sidestart|p1: qiyange|Spikes
|
|-damage|p1a: Zamazenta|41/100 brn|[from] brn
|upkeep
|turn|17
|inactive|simmy01 has 30 seconds left.
|
|t:|1769404272
|switch|p1a: Hatterene|Hatterene, F|100/100
|-damage|p1a: Hatterene|88/100|[from] Spikes
|move|p2a: Pincurchin|Spikes|p1a: Hatterene
|move|p1a: Hatterene|Spikes|p2a: Pincurchin|[from] ability: Magic Bounce
|-sidestart|p2: simmy01|Spikes
|
|-heal|p1a: Hatterene|94/100|[from] item: Leftovers
|upkeep
|turn|18
|inactive|simmy01 has 30 seconds left.
|
|t:|1769404286
|switch|p2a: Orthworm|Orthworm, F|100/100
|-damage|p2a: Orthworm|88/100|[from] Spikes
|move|p1a: Hatterene|Calm Mind|p1a: Hatterene
|-boost|p1a: Hatterene|spa|1
|-boost|p1a: Hatterene|spd|1
|
|-heal|p2a: Orthworm|94/100|[from] item: Leftovers
|-heal|p1a: Hatterene|99/100|[from] item: Leftovers
|upkeep
|turn|19
|inactive|simmy01 has 30 seconds left.
|
|t:|1769404300
|move|p2a: Orthworm|Body Press|p1a: Hatterene
|-resisted|p1a: Hatterene
|-damage|p1a: Hatterene|94/100
|move|p1a: Hatterene|Mystical Fire|p2a: Orthworm
|-supereffective|p2a: Orthworm
|-damage|p2a: Orthworm|19/100
|-unboost|p2a: Orthworm|spa|1
|
|-heal|p2a: Orthworm|25/100|[from] item: Leftovers
|-heal|p1a: Hatterene|99/100|[from] item: Leftovers
|upkeep
|turn|20
|inactive|simmy01 has 30 seconds left.
|j| Itz J
|inactive|simmy01 has 20 seconds left.
|
|t:|1769404319
|switch|p2a: Iron Jugulis|Iron Jugulis|100/100
|-activate|p2a: Iron Jugulis|ability: Quark Drive
|-start|p2a: Iron Jugulis|quarkdrivespe
|move|p1a: Hatterene|Mystical Fire|p2a: Iron Jugulis
|-damage|p2a: Iron Jugulis|72/100
|-unboost|p2a: Iron Jugulis|spa|1
|
|-heal|p1a: Hatterene|100/100|[from] item: Leftovers
|upkeep
|turn|21
|inactive|simmy01 has 30 seconds left this turn.
|inactive|simmy01 has 20 seconds left.
|
|t:|1769404333
|-end|p2a: Iron Jugulis|Quark Drive|[silent]
|switch|p2a: Decidueye|Decidueye, M|3/100
|move|p1a: Hatterene|Draining Kiss|p2a: Decidueye
|-damage|p2a: Decidueye|0 fnt
|faint|p2a: Decidueye
|
|upkeep
|inactive|simmy01 has 25 seconds left this turn.
|
|t:|1769404336
|switch|p2a: Iron Jugulis|Iron Jugulis|72/100
|-activate|p2a: Iron Jugulis|ability: Quark Drive
|-start|p2a: Iron Jugulis|quarkdrivespe
|turn|22
|inactive|simmy01 has 30 seconds left.
|
|t:|1769404346
|move|p2a: Iron Jugulis|Hurricane|p1a: Hatterene
|-damage|p1a: Hatterene|80/100
|move|p1a: Hatterene|Psychic Noise|p2a: Iron Jugulis
|-immune|p2a: Iron Jugulis
|
|-heal|p1a: Hatterene|86/100|[from] item: Leftovers
|-sideend|p1: qiyange|move: Light Screen
|-fieldend|move: Electric Terrain
|-end|p2a: Iron Jugulis|Quark Drive
|upkeep
|turn|23
|inactive|simmy01 has 30 seconds left.
|
|t:|1769404359
|move|p2a: Iron Jugulis|Dark Pulse|p1a: Hatterene
|-damage|p1a: Hatterene|57/100
|move|p1a: Hatterene|Draining Kiss|p2a: Iron Jugulis
|-supereffective|p2a: Iron Jugulis
|-damage|p2a: Iron Jugulis|15/100
|-heal|p1a: Hatterene|100/100|[from] drain|[of] p2a: Iron Jugulis
|
|upkeep
|turn|24
|-message|simmy01 forfeited.
|
|win|qiyange
|raw|qiyange's rating: 1103 &rarr; <strong>1129</strong><br />(+26 for winning)
|raw|simmy01's rating: 1123 &rarr; <strong>1097</strong><br />(-26 for losing)
|l|☆simmy01
|player|p2|
|l|‽qiyange
|player|p1|
|l| Itz J
