|j|☆Brandezel
|j|☆Hhoottddoogg
|t:|1769358033
|gametype|singles
|player|p1|Brandezel|101|1071
|player|p2|Hhoottddoogg|102|1078
|gen|9
|tier|[Gen 9] OU
|rated|
|rule|HP Percentage Mod: HP is shown in percentages
|rule|Endless Battle Clause: Forcing endless battles is banned
|rule|Species Clause: Limit one of each Pokémon
|rule|OHKO Clause: OHKO moves are banned
|rule|Evasion Items Clause: Evasion items are banned
|rule|Evasion Moves Clause: Evasion moves are banned
|rule|Evasion Abilities Clause: Evasion abilities are banned
|rule|Sleep Moves Clause: Sleep-inducing moves are banned
|clearpoke
|poke|p1|Venusaur, M|
|poke|p1|Heracross, M|
|poke|p1|Banette, F|
|poke|p1|Empoleon, F|
|poke|p1|Galvantula, M|
|poke|p1|Florges, F|
|poke|p2|Serperior, F|
|poke|p2|Kingambit, F|
|poke|p2|Vikavolt, M|
|poke|p2|Empoleon, M|
|poke|p2|Slowbro-Galar, M|
|poke|p2|Moltres-Galar|
|teampreview
|
|t:|1769358040
|teamsize|p1|6
|teamsize|p2|6
|start
|switch|p1a: Venusaur|Venusaur, M|100/100
|switch|p2a: Vikavolt|Vikavolt, M|100/100
|turn|1
|
|t:|1769358045
|move|p1a: Venusaur|Leech Seed|p2a: Vikavolt
|-start|p2a: Vikavolt|move: Leech Seed
|move|p2a: Vikavolt|Bug Buzz|p1a: Venusaur
|-damage|p1a: Venusaur|58/100
|
|-heal|p1a: Venusaur|64/100|[from] item: Black Sludge
|-damage|p2a: Vikavolt|88/100|[from] Leech Seed|[of] p1a: Venusaur
|-heal|p1a: Venusaur|76/100|[silent]
|upkeep
|turn|2
|
|t:|1769358050
|switch|p2a: Serperior|Serperior, F|100/100
|move|p1a: Venusaur|Toxic|p2a: Serperior
|-status|p2a: Serperior|tox
|
|-heal|p1a: Venusaur|82/100|[from] item: Black Sludge
|-damage|p2a: Serperior|94/100 tox|[from] psn
|upkeep
|turn|3
|
|t:|1769358057
|move|p2a: Serperior|Leaf Storm|p1a: Venusaur
|-resisted|p1a: Venusaur
|-damage|p1a: Venusaur|73/100
|-boost|p2a: Serperior|spa|2
|move|p1a: Venusaur|Sludge Bomb|p2a: Serperior
|-supereffective|p2a: Serperior
|-damage|p2a: Serperior|11/100 tox
|
|-heal|p1a: Venusaur|79/100|[from] item: Black Sludge
|-damage|p2a: Serperior|0 fnt|[from] psn
|faint|p2a: Serperior
|upkeep
|
|t:|1769358064
|switch|p2a: Moltres|Moltres-Galar|100/100
|turn|4
|
|t:|1769358070
|switch|p1a: Empoleon|Empoleon, F|100/100
|move|p2a: Moltres|Agility|p2a: Moltres
|-boost|p2a: Moltres|spe|2
|
|upkeep
|turn|5
|
|t:|1769358074
|move|p2a: Moltres|Fiery Wrath|p1a: Empoleon
|-damage|p1a: Empoleon|67/100
|move|p1a: Empoleon|Chilling Water|p2a: Moltres
|-damage|p2a: Moltres|82/100
|-unboost|p2a: Moltres|atk|1
|
|-heal|p1a: Empoleon|73/100|[from] item: Leftovers
|upkeep
|turn|6
|
|t:|1769358082
|move|p2a: Moltres|Fiery Wrath|p1a: Empoleon
|-damage|p1a: Empoleon|36/100
|cant|p1a: Empoleon|flinch
|
|-heal|p1a: Empoleon|42/100|[from] item: Leftovers
|upkeep
|turn|7
|
|t:|1769358087
|switch|p1a: Florges|Florges, F|100/100
|move|p2a: Moltres|Fiery Wrath|p1a: Florges
|-resisted|p1a: Florges
|-damage|p1a: Florges|88/100
|
|-heal|p1a: Florges|94/100|[from] item: Leftovers
|upkeep
|turn|8
|
|t:|1769358089
|move|p2a: Moltres|Air Slash|p1a: Florges
|-damage|p1a: Florges|72/100
|cant|p1a: Florges|flinch
|
|-heal|p1a: Florges|78/100|[from] item: Leftovers
|upkeep
|turn|9
|
|t:|1769358094
|switch|p2a: Empoleon|Empoleon, M|100/100
|move|p1a: Florges|Calm Mind|p1a: Florges
|-boost|p1a: Florges|spa|1
|-boost|p1a: Florges|spd|1
|
|-heal|p1a: Florges|84/100|[from] item: Leftovers
|upkeep
|turn|10
|
|t:|1769358098
|move|p1a: Florges|Calm Mind|p1a: Florges
|-boost|p1a: Florges|spa|1
|-boost|p1a: Florges|spd|1
|move|p2a: Empoleon|Flash Cannon|p1a: Florges
|-supereffective|p1a: Florges
|-damage|p1a: Florges|59/100
|
|-heal|p1a: Florges|65/100|[from] item: Leftovers
|upkeep
|turn|11
|
|t:|1769358101
|move|p1a: Florges|Giga Drain|p2a: Empoleon
|-damage|p2a: Empoleon|75/100
|-heal|p1a: Florges|77/100|[from] drain|[of] p2a: Empoleon
|move|p2a: Empoleon|Flash Cannon|p1a: Florges
|-supereffective|p1a: Florges
|-damage|p1a: Florges|51/100
|
|-heal|p1a: Florges|57/100|[from] item: Leftovers
|upkeep
|turn|12
|
|t:|1769358105
|switch|p1a: Venusaur|Venusaur, M|79/100
|move|p2a: Empoleon|Flash Cannon|p1a: Venusaur
|-damage|p1a: Venusaur|42/100
|
|-heal|p1a: Venusaur|48/100|[from] item: Black Sludge
|upkeep
|turn|13
|
|t:|1769358110
|move|p1a: Venusaur|Leech Seed|p2a: Empoleon
|-start|p2a: Empoleon|move: Leech Seed
|move|p2a: Empoleon|Ice Beam|p1a: Venusaur
|-supereffective|p1a: Venusaur
|-damage|p1a: Venusaur|0 fnt
|faint|p1a: Venusaur
|
|upkeep
|
|t:|1769358119
|switch|p1a: Galvantula|Galvantula, M|100/100
|turn|14
|
|t:|1769358125
|move|p1a: Galvantula|Sticky Web|p2a: Empoleon
|-sidestart|p2: Hhoottddoogg|move: Sticky Web
|move|p2a: Empoleon|Surf|p1a: Galvantula
|-damage|p1a: Galvantula|36/100
|
|-damage|p2a: Empoleon|62/100|[from] Leech Seed|[of] p1a: Galvantula
|-heal|p1a: Galvantula|47/100|[silent]
|upkeep
|turn|15
|
|t:|1769358134
|move|p1a: Galvantula|Volt Switch|p2a: Empoleon
|-supereffective|p2a: Empoleon
|-damage|p2a: Empoleon|30/100
|
|t:|1769358137
|switch|p1a: Empoleon|Empoleon, F|42/100|[from] Volt Switch
|move|p2a: Empoleon|Surf|p1a: Empoleon
|-resisted|p1a: Empoleon
|-damage|p1a: Empoleon|23/100
|
|-heal|p1a: Empoleon|29/100|[from] item: Leftovers
|-damage|p2a: Empoleon|17/100|[from] Leech Seed|[of] p1a: Empoleon
|-heal|p1a: Empoleon|39/100|[silent]
|upkeep
|turn|16
|
|t:|1769358145
|move|p1a: Empoleon|Roost|p1a: Empoleon
|-heal|p1a: Empoleon|89/100
|-singleturn|p1a: Empoleon|move: Roost
|move|p2a: Empoleon|Surf|p1a: Empoleon
|-resisted|p1a: Empoleon
|-damage|p1a: Empoleon|71/100
|
|-heal|p1a: Empoleon|78/100|[from] item: Leftovers
|-damage|p2a: Empoleon|5/100|[from] Leech Seed|[of] p1a: Empoleon
|-heal|p1a: Empoleon|88/100|[silent]
|upkeep
|turn|17
|
|t:|1769358152
|move|p1a: Empoleon|Flash Cannon|p2a: Empoleon
|-resisted|p2a: Empoleon
|-damage|p2a: Empoleon|0 fnt
|faint|p2a: Empoleon
|
|-heal|p1a: Empoleon|94/100|[from] item: Leftovers
|upkeep
|
|t:|1769358160
|switch|p2a: Vikavolt|Vikavolt, M|88/100
|turn|18
|
|t:|1769358164
|switch|p1a: Galvantula|Galvantula, M|47/100
|move|p2a: Vikavolt|Discharge|p1a: Galvantula
|-resisted|p1a: Galvantula
|-damage|p1a: Galvantula|10/100
|
|upkeep
|turn|19
|
|t:|1769358171
|move|p1a: Galvantula|Thunder|p2a: Vikavolt
|-resisted|p2a: Vikavolt
|-damage|p2a: Vikavolt|64/100
|move|p2a: Vikavolt|Discharge|p1a: Galvantula
|-resisted|p1a: Galvantula
|-damage|p1a: Galvantula|0 fnt
|faint|p1a: Galvantula
|
|upkeep
|
|t:|1769358177
|switch|p1a: Florges|Florges, F|57/100
|turn|20
|
|t:|1769358180
|move|p1a: Florges|Calm Mind|p1a: Florges
|-boost|p1a: Florges|spa|1
|-boost|p1a: Florges|spd|1
|move|p2a: Vikavolt|Discharge|p1a: Florges
|-damage|p1a: Florges|38/100
|
|-heal|p1a: Florges|44/100|[from] item: Leftovers
|upkeep
|turn|21
|
|t:|1769358182
|move|p1a: Florges|Calm Mind|p1a: Florges
|-boost|p1a: Florges|spa|1
|-boost|p1a: Florges|spd|1
|move|p2a: Vikavolt|Discharge|p1a: Florges
|-damage|p1a: Florges|29/100
|
|-heal|p1a: Florges|35/100|[from] item: Leftovers
|upkeep
|turn|22
|
|t:|1769358185
|move|p1a: Florges|Moonblast|p2a: Vikavolt
|-damage|p2a: Vikavolt|0 fnt
|faint|p2a: Vikavolt
|
|-heal|p1a: Florges|41/100|[from] item: Leftovers
|upkeep
|
|t:|1769358189
|switch|p2a: Slowbro|Slowbro-Galar, M|100/100
|-activate|p2a: Slowbro|move: Sticky Web
|-unboost|p2a: Slowbro|spe|1
|turn|23
|
|t:|1769358195
|move|p1a: Florges|Psychic|p2a: Slowbro
|-damage|p2a: Slowbro|39/100
|-unboost|p2a: Slowbro|spd|1
|move|p2a: Slowbro|Shell Side Arm|p1a: Florges|[anim] Shell Side Arm Physical
|-supereffective|p1a: Florges
|-damage|p1a: Florges|0 fnt
|-hint|Physical Shell Side Arm
|faint|p1a: Florges
|
|upkeep
|
|t:|1769358199
|switch|p1a: Empoleon|Empoleon, F|94/100
|turn|24
|
|t:|1769358202
|move|p1a: Empoleon|Chilling Water|p2a: Slowbro
|-damage|p2a: Slowbro|2/100
|-unboost|p2a: Slowbro|atk|1
|move|p2a: Slowbro|Body Press|p1a: Empoleon
|-supereffective|p1a: Empoleon
|-damage|p1a: Empoleon|62/100
|
|-heal|p1a: Empoleon|68/100|[from] item: Leftovers
|upkeep
|turn|25
|
|t:|1769358206
|move|p1a: Empoleon|Chilling Water|p2a: Slowbro
|-damage|p2a: Slowbro|0 fnt
|faint|p2a: Slowbro
|
|-heal|p1a: Empoleon|74/100|[from] item: Leftovers
|upkeep
|
|t:|1769358209
|switch|p2a: Kingambit|Kingambit, F|100/100
|-activate|p2a: Kingambit|move: Sticky Web
|-unboost|p2a: Kingambit|spe|1
|-ability|p2a: Kingambit|Defiant|boost
|-boost|p2a: Kingambit|atk|2
|turn|26
|
|t:|1769358227
|switch|p1a: Heracross|Heracross, M|100/100
|move|p2a: Kingambit|Kowtow Cleave|p1a: Heracross
|-resisted|p1a: Heracross
|-damage|p1a: Heracross|17/100
|
|-status|p1a: Heracross|brn|[from] item: Flame Orb
|upkeep
|turn|27
|
|t:|1769358231
|move|p2a: Kingambit|Sucker Punch|p1a: Heracross
|-resisted|p1a: Heracross
|-damage|p1a: Heracross|0 fnt
|faint|p1a: Heracross
|
|upkeep
|
|t:|1769358233
|switch|p1a: Banette|Banette, F|100/100
|-item|p2a: Kingambit|Black Glasses|[from] ability: Frisk|[of] p1a: Banette
|turn|28
|
|t:|1769358240
|switch|p2a: Moltres|Moltres-Galar|82/100
|-terastallize|p1a: Banette|Dark
|move|p1a: Banette|Foul Play|p2a: Moltres
|-resisted|p2a: Moltres
|-damage|p2a: Moltres|66/100
|-damage|p1a: Banette|91/100|[from] item: Life Orb
|
|upkeep
|turn|29
|
|t:|1769358249
|move|p2a: Moltres|Air Slash|p1a: Banette
|-damage|p1a: Banette|39/100
|cant|p1a: Banette|flinch
|
|upkeep
|turn|30
|-message|Brandezel forfeited.
|
|win|Hhoottddoogg
|raw|Brandezel's rating: 1071 &rarr; <strong>1051</strong><br />(-20 for losing)
|raw|Hhoottddoogg's rating: 1078 &rarr; <strong>1106</strong><br />(+28 for winning)
|l|☆Brandezel
|player|p1|
|l|☆Hhoottddoogg
|player|p2|
