|j|☆harcasual123
|j|☆ocdaki
|t:|1769379672
|gametype|singles
|player|p1|harcasual123|lucas|1138
|player|p2|ocdaki|blackbelt-gen4dp|1169
|gen|9
|tier|[Gen 9] OU
|rated|
|rule|HP Percentage Mod: HP is shown in percentages
|rule|Endless Battle Clause: Forcing endless battles is banned
|rule|Species Clause: Limit one of each Pokémon
|rule|OHKO Clause: OHKO moves are banned
|rule|Evasion Items Clause: Evasion items are banned
|rule|Evasion Moves Clause: Evasion moves are banned
|rule|Evasion Abilities Clause: Evasion abilities are banned
|rule|Sleep Moves Clause: Sleep-inducing moves are banned
|clearpoke
|poke|p1|Inteleon, M|
|poke|p1|Dragapult, M|
|poke|p1|Sceptile, M|
|poke|p1|Bisharp, M|
|poke|p1|Ditto|
|poke|p1|Ursaring, M|
|poke|p2|Salazzle, F|
|poke|p2|Scizor, M|
|poke|p2|Moltres|
|poke|p2|Klawf, M|
|poke|p2|Kyurem|
|poke|p2|Alomomola, F|
|teampreview
|inactive|Battle timer is ON: inactive players will automatically lose when time's up. (requested by harcasual123)
|
|t:|1769379693
|teamsize|p1|6
|teamsize|p2|6
|start
|switch|p1a: Inteleon|Inteleon, M|100/100
|switch|p2a: Salazzle|Salazzle, F, shiny|100/100
|turn|1
|
|t:|1769379700
|switch|p2a: Kyurem|Kyurem|100/100
|-ability|p2a: Kyurem|Pressure
|move|p1a: Inteleon|Snipe Shot|p2a: Kyurem
|-resisted|p2a: Kyurem
|-damage|p2a: Kyurem|81/100
|
|upkeep
|turn|2
|
|t:|1769379708
|switch|p1a: Bisharp|Bisharp, M, shiny|100/100
|move|p2a: Kyurem|Focus Blast|p1a: Bisharp|[miss]
|-miss|p2a: Kyurem|p1a: Bisharp
|
|upkeep
|turn|3
|
|t:|1769379713
|switch|p2a: Alomomola|Alomomola, F|100/100
|move|p1a: Bisharp|Thunder Wave|p2a: Alomomola
|-status|p2a: Alomomola|par
|
|upkeep
|turn|4
|
|t:|1769379719
|move|p1a: Bisharp|Swords Dance|p1a: Bisharp
|-boost|p1a: Bisharp|atk|2
|cant|p2a: Alomomola|par
|
|upkeep
|turn|5
|
|t:|1769379724
|move|p1a: Bisharp|Iron Head|p2a: Alomomola
|-resisted|p2a: Alomomola
|-damage|p2a: Alomomola|64/100 par
|cant|p2a: Alomomola|flinch
|
|upkeep
|turn|6
|
|t:|1769379729
|move|p1a: Bisharp|Iron Head|p2a: Alomomola
|-resisted|p2a: Alomomola
|-damage|p2a: Alomomola|32/100 par
|cant|p2a: Alomomola|flinch
|
|upkeep
|turn|7
|
|t:|1769379734
|switch|p2a: Moltres|Moltres|100/100
|move|p1a: Bisharp|Iron Head|p2a: Moltres
|-resisted|p2a: Moltres
|-damage|p2a: Moltres|71/100
|
|upkeep
|turn|8
|
|t:|1769379737
|move|p1a: Bisharp|Sucker Punch||[still]
|-fail|p1a: Bisharp
|move|p2a: Moltres|Will-O-Wisp|p1a: Bisharp
|-status|p1a: Bisharp|brn
|
|-damage|p1a: Bisharp|95/100 brn|[from] brn
|upkeep
|turn|9
|
|t:|1769379743
|switch|p1a: Ursaring|Ursaring, M|100/100
|move|p2a: Moltres|Roost|p2a: Moltres
|-heal|p2a: Moltres|100/100
|-singleturn|p2a: Moltres|move: Roost
|
|upkeep
|turn|10
|
|t:|1769379748
|move|p2a: Moltres|U-turn|p1a: Ursaring
|-damage|p1a: Ursaring|89/100
|
|t:|1769379750
|switch|p2a: Scizor|Scizor, M|100/100|[from] U-turn
|move|p1a: Ursaring|Bulk Up|p1a: Ursaring
|-boost|p1a: Ursaring|atk|1
|-boost|p1a: Ursaring|def|1
|
|upkeep
|turn|11
|
|t:|1769379754
|move|p2a: Scizor|Close Combat|p1a: Ursaring
|-supereffective|p1a: Ursaring
|-damage|p1a: Ursaring|20/100
|-unboost|p2a: Scizor|def|1
|-unboost|p2a: Scizor|spd|1
|move|p1a: Ursaring|Earthquake|p2a: Scizor
|-damage|p2a: Scizor|10/100
|
|upkeep
|turn|12
|
|t:|1769379759
|switch|p1a: Dragapult|Dragapult, M|100/100
|move|p2a: Scizor|Close Combat|p1a: Dragapult
|-immune|p1a: Dragapult
|
|upkeep
|turn|13
|
|t:|1769379763
|switch|p2a: Kyurem|Kyurem|81/100
|-ability|p2a: Kyurem|Pressure
|move|p1a: Dragapult|Sucker Punch||[still]
|-fail|p1a: Dragapult
|
|upkeep
|turn|14
|
|t:|1769379774
|switch|p1a: Bisharp|Bisharp, M, shiny|95/100 brn
|move|p2a: Kyurem|Draco Meteor|p1a: Bisharp
|-resisted|p1a: Bisharp
|-damage|p1a: Bisharp|63/100 brn
|-unboost|p2a: Kyurem|spa|2
|
|-damage|p1a: Bisharp|57/100 brn|[from] brn
|upkeep
|turn|15
|
|t:|1769379777
|switch|p2a: Alomomola|Alomomola, F|65/100 par
|move|p1a: Bisharp|Iron Head|p2a: Alomomola
|-resisted|p2a: Alomomola
|-damage|p2a: Alomomola|57/100 par
|
|-damage|p1a: Bisharp|51/100 brn|[from] brn
|upkeep
|turn|16
|
|t:|1769379784
|switch|p1a: Ursaring|Ursaring, M|20/100
|move|p2a: Alomomola|Wish|p2a: Alomomola
|
|upkeep
|turn|17
|
|t:|1769379789
|move|p1a: Ursaring|Facade|p2a: Alomomola
|-damage|p2a: Alomomola|24/100 par
|move|p2a: Alomomola|Flip Turn|p1a: Ursaring
|-damage|p1a: Ursaring|8/100
|
|t:|1769379794
|switch|p2a: Scizor|Scizor, M|10/100|[from] Flip Turn
|
|-heal|p2a: Scizor|88/100|[from] move: Wish|[wisher] Alomomola
|upkeep
|turn|18
|
|t:|1769379798
|move|p2a: Scizor|U-turn|p1a: Ursaring
|-damage|p1a: Ursaring|0 fnt
|faint|p1a: Ursaring
|
|t:|1769379801
|switch|p2a: Kyurem|Kyurem|81/100|[from] U-turn
|-ability|p2a: Kyurem|Pressure
|
|upkeep
|
|t:|1769379808
|switch|p1a: Ditto|Ditto|100/100
|-transform|p1a: Ditto|p2a: Kyurem|[from] ability: Imposter
|-ability|p1a: Ditto|Pressure
|turn|19
|
|t:|1769379818
|switch|p2a: Scizor|Scizor, M|88/100
|move|p1a: Ditto|Draco Meteor|p2a: Scizor
|-resisted|p2a: Scizor
|-damage|p2a: Scizor|49/100
|-unboost|p1a: Ditto|spa|2
|
|upkeep
|turn|20
|
|t:|1769379825
|move|p1a: Ditto|Earth Power|p2a: Scizor
|-damage|p2a: Scizor|31/100
|move|p2a: Scizor|Close Combat|p1a: Ditto
|-supereffective|p1a: Ditto
|-crit|p1a: Ditto
|-damage|p1a: Ditto|0 fnt
|-unboost|p2a: Scizor|def|1
|-unboost|p2a: Scizor|spd|1
|faint|p1a: Ditto
|
|upkeep
|
|t:|1769379829
|switch|p1a: Dragapult|Dragapult, M|100/100
|turn|21
|
|t:|1769379838
|switch|p2a: Moltres|Moltres|100/100
|move|p1a: Dragapult|Dragon Dance|p1a: Dragapult
|-boost|p1a: Dragapult|atk|1
|-boost|p1a: Dragapult|spe|1
|
|upkeep
|turn|22
|
|t:|1769379842
|-terastallize|p1a: Dragapult|Dragon
|move|p1a: Dragapult|Dragon Darts|p2a: Moltres
|-damage|p2a: Moltres|66/100
|-anim|p1a: Dragapult|Dragon Darts|p2a: Moltres
|-damage|p2a: Moltres|33/100
|move|p2a: Moltres|Will-O-Wisp|p1a: Dragapult
|-status|p1a: Dragapult|brn
|
|-damage|p1a: Dragapult|95/100 brn|[from] brn
|upkeep
|turn|23
|
|t:|1769379854
|switch|p2a: Alomomola|Alomomola, F|57/100 par
|move|p1a: Dragapult|Dragon Darts|p2a: Alomomola
|-damage|p2a: Alomomola|39/100 par
|-anim|p1a: Dragapult|Dragon Darts|p2a: Alomomola
|-damage|p2a: Alomomola|21/100 par
|
|-damage|p1a: Dragapult|89/100 brn|[from] brn
|upkeep
|turn|24
|
|t:|1769379861
|switch|p2a: Scizor|Scizor, M|31/100
|move|p1a: Dragapult|Dragon Darts|p2a: Scizor
|-resisted|p2a: Scizor
|-damage|p2a: Scizor|19/100
|-anim|p1a: Dragapult|Dragon Darts|p2a: Scizor
|-resisted|p2a: Scizor
|-damage|p2a: Scizor|7/100
|
|-damage|p1a: Dragapult|83/100 brn|[from] brn
|upkeep
|turn|25
|
|t:|1769379870
|move|p2a: Scizor|Bullet Punch|p1a: Dragapult
|-damage|p1a: Dragapult|18/100 brn
|move|p1a: Dragapult|Dragon Darts|p2a: Scizor
|-resisted|p2a: Scizor
|-crit|p2a: Scizor
|-damage|p2a: Scizor|0 fnt
|faint|p2a: Scizor
|
|-damage|p1a: Dragapult|12/100 brn|[from] brn
|upkeep
|
|t:|1769379875
|switch|p2a: Klawf|Klawf, M, shiny|100/100
|turn|26
|
|t:|1769379884
|move|p1a: Dragapult|Dragon Darts|p2a: Klawf
|-damage|p2a: Klawf|73/100
|-anim|p1a: Dragapult|Dragon Darts|p2a: Klawf
|-damage|p2a: Klawf|45/100
|-ability|p2a: Klawf|Anger Shell|boost
|-boost|p2a: Klawf|atk|1
|-boost|p2a: Klawf|spa|1
|-boost|p2a: Klawf|spe|1
|-unboost|p2a: Klawf|def|1
|-unboost|p2a: Klawf|spd|1
|move|p2a: Klawf|Swords Dance|p2a: Klawf
|-boost|p2a: Klawf|atk|2
|
|-damage|p1a: Dragapult|6/100 brn|[from] brn
|upkeep
|turn|27
|
|t:|1769379901
|switch|p2a: Alomomola|Alomomola, F|54/100 par
|move|p1a: Dragapult|Dragon Darts|p2a: Alomomola
|-damage|p2a: Alomomola|34/100 par
|-anim|p1a: Dragapult|Dragon Darts|p2a: Alomomola
|-damage|p2a: Alomomola|14/100 par
|
|-damage|p1a: Dragapult|0 fnt|[from] brn
|faint|p1a: Dragapult
|upkeep
|
|t:|1769379911
|switch|p1a: Sceptile|Sceptile, M, shiny|100/100
|turn|28
|
|t:|1769379914
|switch|p2a: Moltres|Moltres|33/100
|move|p1a: Sceptile|Solar Beam||[still]
|-prepare|p1a: Sceptile|Solar Beam
|-enditem|p1a: Sceptile|Power Herb
|-anim|p1a: Sceptile|Solar Beam|p2a: Moltres
|-resisted|p2a: Moltres
|-damage|p2a: Moltres|17/100
|
|upkeep
|turn|29
|
|t:|1769379922
|move|p1a: Sceptile|Dragon Pulse|p2a: Moltres
|-damage|p2a: Moltres|0 fnt
|faint|p2a: Moltres
|
|upkeep
|
|t:|1769379925
|switch|p2a: Salazzle|Salazzle, F, shiny|100/100
|turn|30
|
|t:|1769379928
|move|p1a: Sceptile|Dragon Pulse|p2a: Salazzle
|-damage|p2a: Salazzle|52/100
|move|p2a: Salazzle|Dragon Dance|p2a: Salazzle
|-boost|p2a: Salazzle|atk|1
|-boost|p2a: Salazzle|spe|1
|
|upkeep
|turn|31
|
|t:|1769379933
|move|p1a: Sceptile|Dragon Pulse|p2a: Salazzle
|-damage|p2a: Salazzle|4/100
|move|p2a: Salazzle|Fire Lash|p1a: Sceptile
|-supereffective|p1a: Sceptile
|-damage|p1a: Sceptile|0 fnt
|faint|p1a: Sceptile
|
|upkeep
|
|t:|1769379938
|switch|p1a: Inteleon|Inteleon, M|100/100
|turn|32
|
|t:|1769379943
|move|p2a: Salazzle|Gunk Shot|p1a: Inteleon
|-damage|p1a: Inteleon|0 fnt
|faint|p1a: Inteleon
|
|upkeep
|
|t:|1769379945
|switch|p1a: Bisharp|Bisharp, M, shiny|51/100 brn
|turn|33
|
|t:|1769379947
|move|p1a: Bisharp|Sucker Punch||[still]
|-fail|p1a: Bisharp
|move|p2a: Salazzle|Dragon Dance|p2a: Salazzle
|-boost|p2a: Salazzle|atk|1
|-boost|p2a: Salazzle|spe|1
|
|-damage|p1a: Bisharp|45/100 brn|[from] brn
|upkeep
|turn|34
|
|t:|1769379952
|move|p2a: Salazzle|Fire Lash|p1a: Bisharp
|-supereffective|p1a: Bisharp
|-damage|p1a: Bisharp|0 fnt
|faint|p1a: Bisharp
|
|win|ocdaki
|raw|harcasual123's rating: 1138 &rarr; <strong>1115</strong><br />(-23 for losing)
|raw|ocdaki's rating: 1169 &rarr; <strong>1192</strong><br />(+23 for winning)
|l|☆harcasual123
|player|p1|
|l|☆ocdaki
|player|p2|
