|j|☆leonel2001
|j|☆Galarapio
|t:|1769322713
|gametype|singles
|player|p1|leonel2001|dragontamer|1156
|player|p2|Galarapio|265|1161
|gen|9
|tier|[Gen 9] OU
|rated|
|rule|HP Percentage Mod: HP is shown in percentages
|rule|Endless Battle Clause: Forcing endless battles is banned
|rule|Species Clause: Limit one of each Pokémon
|rule|OHKO Clause: OHKO moves are banned
|rule|Evasion Items Clause: Evasion items are banned
|rule|Evasion Moves Clause: Evasion moves are banned
|rule|Evasion Abilities Clause: Evasion abilities are banned
|rule|Sleep Moves Clause: Sleep-inducing moves are banned
|clearpoke
|poke|p1|Gyarados, M|
|poke|p1|Goodra-Hisui, F|
|poke|p1|Dragonite, M|
|poke|p1|Toxapex, F|
|poke|p1|Gliscor, F|
|poke|p1|Forretress, M|
|poke|p2|Indeedee, M|
|poke|p2|Armarouge, F|
|poke|p2|Hawlucha, F|
|poke|p2|Chansey, F|
|poke|p2|Corviknight, F|
|poke|p2|Clodsire, M|
|teampreview
|
|t:|1769322719
|teamsize|p1|6
|teamsize|p2|6
|start
|switch|p1a: Forretress|Forretress, M|100/100
|switch|p2a: Indeedee|Indeedee, M|100/100
|-fieldstart|move: Psychic Terrain|[from] ability: Psychic Surge|[of] p2a: Indeedee
|turn|1
|inactive|Battle timer is ON: inactive players will automatically lose when time's up. (requested by leonel2001)
|
|t:|1769322727
|switch|p2a: Armarouge|Armarouge, F|100/100
|move|p1a: Forretress|Toxic Spikes|p2a: Armarouge
|-sidestart|p2: Galarapio|move: Toxic Spikes
|
|upkeep
|turn|2
|
|t:|1769322736
|move|p2a: Armarouge|Armor Cannon|p1a: Forretress
|-supereffective|p1a: Forretress
|-ability|p1a: Forretress|Sturdy
|-damage|p1a: Forretress|1/100
|-unboost|p2a: Armarouge|def|1
|-unboost|p2a: Armarouge|spd|1
|move|p1a: Forretress|Stealth Rock|p2a: Armarouge
|-sidestart|p2: Galarapio|move: Stealth Rock
|
|upkeep
|turn|3
|
|t:|1769322745
|move|p2a: Armarouge|Expanding Force|p1a: Forretress
|-resisted|p1a: Forretress
|-damage|p1a: Forretress|0 fnt
|faint|p1a: Forretress
|
|upkeep
|
|t:|1769322762
|switch|p1a: Gyarados|Gyarados, M|100/100
|turn|4
|
|t:|1769322770
|switch|p2a: Corviknight|Corviknight, F|100/100
|-damage|p2a: Corviknight|88/100|[from] Stealth Rock
|move|p1a: Gyarados|Dragon Dance|p1a: Gyarados
|-boost|p1a: Gyarados|atk|1
|-boost|p1a: Gyarados|spe|1
|
|upkeep
|turn|5
|
|t:|1769322780
|move|p1a: Gyarados|Aqua Tail|p2a: Corviknight
|-damage|p2a: Corviknight|38/100
|-damage|p1a: Gyarados|84/100|[from] item: Rocky Helmet|[of] p2a: Corviknight
|move|p2a: Corviknight|Iron Defense|p2a: Corviknight
|-boost|p2a: Corviknight|def|2
|
|-heal|p1a: Gyarados|90/100|[from] item: Leftovers
|upkeep
|turn|6
|
|t:|1769322791
|move|p1a: Gyarados|Aqua Tail|p2a: Corviknight
|-damage|p2a: Corviknight|13/100
|-damage|p1a: Gyarados|73/100|[from] item: Rocky Helmet|[of] p2a: Corviknight
|move|p2a: Corviknight|Roost|p2a: Corviknight
|-heal|p2a: Corviknight|63/100
|-singleturn|p2a: Corviknight|move: Roost
|
|-heal|p1a: Gyarados|79/100|[from] item: Leftovers
|upkeep
|turn|7
|
|t:|1769322804
|switch|p1a: Toxapex|Toxapex, F|100/100
|move|p2a: Corviknight|Defog|p1a: Toxapex
|-unboost|p1a: Toxapex|evasion|1
|-sideend|p2: Galarapio|Toxic Spikes|[from] move: Defog|[of] p2a: Corviknight
|-sideend|p2: Galarapio|Stealth Rock|[from] move: Defog|[of] p2a: Corviknight
|-fieldend|move: Psychic Terrain
|
|upkeep
|turn|8
|
|t:|1769322815
|move|p2a: Corviknight|Roost|p2a: Corviknight
|-heal|p2a: Corviknight|100/100
|-singleturn|p2a: Corviknight|move: Roost
|move|p1a: Toxapex|Haze|p1a: Toxapex
|-clearallboost
|
|upkeep
|turn|9
|
|t:|1769322823
|switch|p2a: Chansey|Chansey, F|100/100
|move|p1a: Toxapex|Infestation|p2a: Chansey
|-damage|p2a: Chansey|99/100
|-activate|p2a: Chansey|move: Infestation|[of] p1a: Toxapex
|
|-damage|p2a: Chansey|87/100|[from] move: Infestation|[partiallytrapped]
|upkeep
|turn|10
|
|t:|1769322830
|move|p2a: Chansey|Thunder Wave|p1a: Toxapex
|-status|p1a: Toxapex|par
|move|p1a: Toxapex|Toxic|p2a: Chansey
|-status|p2a: Chansey|tox
|
|-damage|p2a: Chansey|81/100 tox|[from] psn
|-damage|p2a: Chansey|69/100 tox|[from] move: Infestation|[partiallytrapped]
|upkeep
|turn|11
|
|t:|1769322847
|move|p2a: Chansey|Soft-Boiled|p2a: Chansey
|-heal|p2a: Chansey|100/100 tox
|move|p1a: Toxapex|Recover||[still]
|-fail|p1a: Toxapex|heal
|
|-damage|p2a: Chansey|88/100 tox|[from] psn
|-damage|p2a: Chansey|75/100 tox|[from] move: Infestation|[partiallytrapped]
|upkeep
|turn|12
|
|t:|1769322857
|move|p2a: Chansey|Seismic Toss|p1a: Toxapex
|-damage|p1a: Toxapex|68/100 par
|move|p1a: Toxapex|Infestation|p2a: Chansey
|-damage|p2a: Chansey|75/100 tox
|
|-heal|p1a: Toxapex|74/100 par|[from] item: Black Sludge
|-damage|p2a: Chansey|56/100 tox|[from] psn
|-damage|p2a: Chansey|43/100 tox|[from] move: Infestation|[partiallytrapped]
|upkeep
|turn|13
|
|t:|1769322867
|move|p2a: Chansey|Heal Bell|p2a: Chansey
|-activate|p2a: Chansey|move: Heal Bell
|-curestatus|p2a: Chansey|tox|[msg]
|move|p1a: Toxapex|Recover|p1a: Toxapex
|-heal|p1a: Toxapex|100/100 par
|
|-end|p2a: Chansey|Infestation|[partiallytrapped]
|upkeep
|turn|14
|
|t:|1769322886
|switch|p1a: Dragonite|Dragonite, M|100/100
|move|p2a: Chansey|Soft-Boiled|p2a: Chansey
|-heal|p2a: Chansey|93/100
|
|upkeep
|turn|15
|l|☆Galarapio
|inactive|Galarapio disconnected and has a minute to reconnect!
|player|p2|
|inactive|Galarapio has 30 seconds to reconnect!
|j|☆Galarapio
|inactive|Galarapio reconnected and has 115 seconds left.
|player|p2|Galarapio|265|
|
|t:|1769322929
|switch|p2a: Corviknight|Corviknight, F|100/100
|-terastallize|p1a: Dragonite|Dragon
|move|p1a: Dragonite|Dragon Dance|p1a: Dragonite
|-boost|p1a: Dragonite|atk|1
|-boost|p1a: Dragonite|spe|1
|
|upkeep
|turn|16
|
|t:|1769322936
|move|p1a: Dragonite|Dragon Dance|p1a: Dragonite
|-boost|p1a: Dragonite|atk|1
|-boost|p1a: Dragonite|spe|1
|move|p2a: Corviknight|Iron Defense|p2a: Corviknight
|-boost|p2a: Corviknight|def|2
|
|upkeep
|turn|17
|
|t:|1769322944
|move|p1a: Dragonite|Scale Shot|p2a: Corviknight
|-resisted|p2a: Corviknight
|-damage|p2a: Corviknight|95/100
|-resisted|p2a: Corviknight
|-damage|p2a: Corviknight|89/100
|-resisted|p2a: Corviknight
|-damage|p2a: Corviknight|83/100
|-resisted|p2a: Corviknight
|-damage|p2a: Corviknight|77/100
|-hitcount|p2a: Corviknight|4
|-unboost|p1a: Dragonite|def|1
|-boost|p1a: Dragonite|spe|1
|move|p2a: Corviknight|Iron Defense|p2a: Corviknight
|-boost|p2a: Corviknight|def|2
|
|upkeep
|turn|18
|
|t:|1769322959
|switch|p1a: Goodra|Goodra-Hisui, F|100/100
|move|p2a: Corviknight|Body Press|p1a: Goodra
|-supereffective|p1a: Goodra
|-damage|p1a: Goodra|0 fnt
|faint|p1a: Goodra
|
|upkeep
|-message|leonel2001 forfeited.
|
|win|Galarapio
|raw|leonel2001's rating: 1156 &rarr; <strong>1131</strong><br />(-25 for losing)
|raw|Galarapio's rating: 1161 &rarr; <strong>1186</strong><br />(+25 for winning)
|l|☆leonel2001
|player|p1|
|l|☆Galarapio
|player|p2|
