|j|☆ramoncombats95
|j|☆Jives99
|t:|1769341454
|gametype|singles
|player|p1|ramoncombats95|benga|1278
|player|p2|Jives99|102|1341
|gen|9
|tier|[Gen 9] OU
|rated|
|rule|HP Percentage Mod: HP is shown in percentages
|rule|Endless Battle Clause: Forcing endless battles is banned
|rule|Species Clause: Limit one of each Pokémon
|rule|OHKO Clause: OHKO moves are banned
|rule|Evasion Items Clause: Evasion items are banned
|rule|Evasion Moves Clause: Evasion moves are banned
|rule|Evasion Abilities Clause: Evasion abilities are banned
|rule|Sleep Moves Clause: Sleep-inducing moves are banned
|clearpoke
|poke|p1|Milotic, M|
|poke|p1|Lokix, M|
|poke|p1|Gliscor, F|
|poke|p1|Corviknight, F|
|poke|p1|Eelektross, F|
|poke|p1|Mienshao, M|
|poke|p2|Kyurem|
|poke|p2|Ogerpon-Wellspring, F|
|poke|p2|Iron Crown|
|poke|p2|Walking Wake|
|poke|p2|Iron Valiant|
|poke|p2|Dragapult, M|
|teampreview
|
|t:|1769341467
|teamsize|p1|6
|teamsize|p2|6
|start
|switch|p1a: Mienshao|Mienshao, M, shiny|100/100
|switch|p2a: Kyurem|Kyurem|100/100
|-ability|p2a: Kyurem|Pressure
|turn|1
|
|t:|1769341475
|move|p2a: Kyurem|Protect|p2a: Kyurem
|-singleturn|p2a: Kyurem|Protect
|move|p1a: Mienshao|Knock Off|p2a: Kyurem
|-activate|p2a: Kyurem|move: Protect
|
|upkeep
|turn|2
|
|t:|1769341484
|switch|p2a: Dragapult|Dragapult, M|100/100
|move|p1a: Mienshao|Knock Off|p2a: Dragapult
|-supereffective|p2a: Dragapult
|-damage|p2a: Dragapult|0 fnt
|-enditem|p2a: Dragapult|Heavy-Duty Boots|[from] move: Knock Off|[of] p1a: Mienshao
|faint|p2a: Dragapult
|
|upkeep
|
|t:|1769341495
|switch|p2a: Ogerpon|Ogerpon-Wellspring, F|100/100
|turn|3
|
|t:|1769341535
|switch|p1a: Corviknight|Corviknight, F, shiny|100/100
|-ability|p1a: Corviknight|Pressure
|move|p2a: Ogerpon|Play Rough|p1a: Corviknight
|-resisted|p1a: Corviknight
|-damage|p1a: Corviknight|89/100
|-damage|p2a: Ogerpon|84/100|[from] item: Rocky Helmet|[of] p1a: Corviknight
|
|upkeep
|turn|4
|
|t:|1769341541
|move|p2a: Ogerpon|Swords Dance|p2a: Ogerpon
|-boost|p2a: Ogerpon|atk|2
|move|p1a: Corviknight|Iron Head|p2a: Ogerpon
|-resisted|p2a: Ogerpon
|-damage|p2a: Ogerpon|68/100
|
|upkeep
|turn|5
|
|t:|1769341549
|move|p2a: Ogerpon|Ivy Cudgel|p1a: Corviknight|[anim] Ivy Cudgel Water
|-crit|p1a: Corviknight
|-damage|p1a: Corviknight|0 fnt
|faint|p1a: Corviknight
|
|upkeep
|
|t:|1769341551
|switch|p1a: Lokix|Lokix, M, shiny|100/100
|turn|6
|
|t:|1769341561
|-terastallize|p2a: Ogerpon|Water
|detailschange|p2a: Ogerpon|Ogerpon-Wellspring-Tera, F, tera:Water
|-ability|p2a: Ogerpon|Embody Aspect (Wellspring)|boost
|-boost|p2a: Ogerpon|spd|1
|move|p1a: Lokix|First Impression|p2a: Ogerpon
|-damage|p2a: Ogerpon|2/100
|-damage|p1a: Lokix|91/100|[from] item: Life Orb
|move|p2a: Ogerpon|Ivy Cudgel|p1a: Lokix|[anim] Ivy Cudgel Water
|-crit|p1a: Lokix
|-damage|p1a: Lokix|0 fnt
|faint|p1a: Lokix
|
|upkeep
|
|t:|1769341568
|switch|p1a: Mienshao|Mienshao, M, shiny|100/100
|turn|7
|
|t:|1769341576
|switch|p2a: Iron Crown|Iron Crown|100/100
|move|p1a: Mienshao|High Jump Kick|p2a: Iron Crown
|-damage|p2a: Iron Crown|23/100
|
|upkeep
|turn|8
|
|t:|1769341583
|move|p1a: Mienshao|High Jump Kick|p2a: Iron Crown
|-damage|p2a: Iron Crown|0 fnt
|faint|p2a: Iron Crown
|-end|p2a: Iron Crown|Quark Drive|[silent]
|
|upkeep
|
|t:|1769341585
|switch|p2a: Ogerpon|Ogerpon-Wellspring-Tera, F, tera:Water|2/100
|-ability|p2a: Ogerpon|Embody Aspect (Wellspring)|boost
|-boost|p2a: Ogerpon|spd|1
|turn|9
|
|t:|1769341593
|move|p1a: Mienshao|High Jump Kick|p2a: Ogerpon
|-damage|p2a: Ogerpon|0 fnt
|faint|p2a: Ogerpon
|detailschange|p2: Ogerpon|Ogerpon-Wellspring, F|[silent]
|
|upkeep
|
|t:|1769341603
|switch|p2a: Iron Valiant|Iron Valiant|100/100
|-enditem|p2a: Iron Valiant|Booster Energy
|-activate|p2a: Iron Valiant|ability: Quark Drive|[fromitem]
|-start|p2a: Iron Valiant|quarkdrivespe
|turn|10
|
|t:|1769341612
|switch|p1a: Eelektross|Eelektross, F, shiny|100/100
|move|p2a: Iron Valiant|Knock Off|p1a: Eelektross
|-damage|p1a: Eelektross|70/100
|-enditem|p1a: Eelektross|Choice Specs|[from] move: Knock Off|[of] p2a: Iron Valiant
|
|upkeep
|turn|11
|
|t:|1769341622
|move|p2a: Iron Valiant|Moonblast|p1a: Eelektross
|-damage|p1a: Eelektross|22/100
|-unboost|p1a: Eelektross|spa|1
|move|p1a: Eelektross|Thunderbolt|p2a: Iron Valiant
|-damage|p2a: Iron Valiant|42/100
|
|upkeep
|turn|12
|
|t:|1769341625
|move|p2a: Iron Valiant|Moonblast|p1a: Eelektross
|-damage|p1a: Eelektross|0 fnt
|faint|p1a: Eelektross
|
|upkeep
|
|t:|1769341627
|switch|p1a: Gliscor|Gliscor, F, shiny|100/100
|turn|13
|
|t:|1769341634
|move|p2a: Iron Valiant|Knock Off|p1a: Gliscor
|-damage|p1a: Gliscor|77/100
|-enditem|p1a: Gliscor|Toxic Orb|[from] move: Knock Off|[of] p2a: Iron Valiant
|move|p1a: Gliscor|Earthquake|p2a: Iron Valiant
|-damage|p2a: Iron Valiant|0 fnt
|faint|p2a: Iron Valiant
|-end|p2a: Iron Valiant|Quark Drive|[silent]
|
|upkeep
|
|t:|1769341641
|switch|p2a: Kyurem|Kyurem|100/100
|-ability|p2a: Kyurem|Pressure
|turn|14
|
|t:|1769341645
|move|p2a: Kyurem|Freeze-Dry|p1a: Gliscor
|-supereffective|p1a: Gliscor
|-damage|p1a: Gliscor|0 fnt
|faint|p1a: Gliscor
|
|upkeep
|
|t:|1769341647
|switch|p1a: Mienshao|Mienshao, M, shiny|100/100
|turn|15
|
|t:|1769341653
|move|p2a: Kyurem|Protect|p2a: Kyurem
|-singleturn|p2a: Kyurem|Protect
|move|p1a: Mienshao|High Jump Kick|p2a: Kyurem
|-activate|p2a: Kyurem|move: Protect
|-damage|p1a: Mienshao|51/100|[from] highjumpkick
|
|upkeep
|turn|16
|
|t:|1769341663
|move|p2a: Kyurem|Protect|p2a: Kyurem
|-singleturn|p2a: Kyurem|Protect
|move|p1a: Mienshao|High Jump Kick|p2a: Kyurem
|-activate|p2a: Kyurem|move: Protect
|-damage|p1a: Mienshao|1/100|[from] highjumpkick
|
|upkeep
|turn|17
|
|t:|1769341716
|switch|p2a: Walking Wake|Walking Wake|100/100
|move|p1a: Mienshao|High Jump Kick|p2a: Walking Wake
|-damage|p2a: Walking Wake|24/100
|
|upkeep
|turn|18
|
|t:|1769341752
|move|p1a: Mienshao|High Jump Kick|p2a: Walking Wake
|-damage|p2a: Walking Wake|0 fnt
|faint|p2a: Walking Wake
|-end|p2a: Walking Wake|Protosynthesis|[silent]
|
|upkeep
|
|t:|1769341754
|switch|p2a: Kyurem|Kyurem|100/100
|-ability|p2a: Kyurem|Pressure
|turn|19
|
|t:|1769341760
|switch|p1a: Milotic|Milotic, M, shiny|100/100
|move|p2a: Kyurem|Freeze-Dry|p1a: Milotic
|-supereffective|p1a: Milotic
|-damage|p1a: Milotic|55/100
|
|-heal|p1a: Milotic|61/100|[from] item: Leftovers
|upkeep
|turn|20
|
|t:|1769341767
|move|p2a: Kyurem|Substitute|p2a: Kyurem
|-start|p2a: Kyurem|Substitute
|-damage|p2a: Kyurem|75/100
|move|p1a: Milotic|Scald|p2a: Kyurem
|-resisted|p2a: Kyurem
|-activate|p2a: Kyurem|move: Substitute|[damage]
|
|-heal|p2a: Kyurem|82/100|[from] item: Leftovers
|-heal|p1a: Milotic|68/100|[from] item: Leftovers
|upkeep
|turn|21
|
|t:|1769341774
|move|p2a: Kyurem|Protect|p2a: Kyurem
|-singleturn|p2a: Kyurem|Protect
|move|p1a: Milotic|Scald|p2a: Kyurem
|-activate|p2a: Kyurem|move: Protect
|
|-heal|p2a: Kyurem|88/100|[from] item: Leftovers
|-heal|p1a: Milotic|74/100|[from] item: Leftovers
|upkeep
|turn|22
|
|t:|1769341782
|move|p2a: Kyurem|Freeze-Dry|p1a: Milotic
|-supereffective|p1a: Milotic
|-damage|p1a: Milotic|25/100
|move|p1a: Milotic|Scald|p2a: Kyurem
|-resisted|p2a: Kyurem
|-end|p2a: Kyurem|Substitute
|
|-heal|p2a: Kyurem|94/100|[from] item: Leftovers
|-heal|p1a: Milotic|31/100|[from] item: Leftovers
|upkeep
|turn|23
|inactive|Battle timer is ON: inactive players will automatically lose when time's up. (requested by Jives99)
|inactive|ramoncombats95 has 120 seconds left.
|inactive|ramoncombats95 has 90 seconds left.
|
|t:|1769341904
|move|p2a: Kyurem|Substitute|p2a: Kyurem
|-start|p2a: Kyurem|Substitute
|-damage|p2a: Kyurem|69/100
|move|p1a: Milotic|Ice Beam|p2a: Kyurem
|-activate|p2a: Kyurem|move: Substitute|[damage]
|
|-heal|p2a: Kyurem|75/100|[from] item: Leftovers
|-heal|p1a: Milotic|37/100|[from] item: Leftovers
|upkeep
|turn|24
|
|t:|1769341912
|move|p2a: Kyurem|Freeze-Dry|p1a: Milotic
|-supereffective|p1a: Milotic
|-damage|p1a: Milotic|0 fnt
|faint|p1a: Milotic
|
|-heal|p2a: Kyurem|81/100|[from] item: Leftovers
|upkeep
|
|t:|1769341937
|switch|p1a: Mienshao|Mienshao, M, shiny|1/100
|turn|25
|
|t:|1769341943
|move|p1a: Mienshao|High Jump Kick|p2a: Kyurem
|-supereffective|p2a: Kyurem
|-end|p2a: Kyurem|Substitute
|move|p2a: Kyurem|Freeze-Dry|p1a: Mienshao
|-damage|p1a: Mienshao|0 fnt
|faint|p1a: Mienshao
|
|win|Jives99
|raw|ramoncombats95's rating: 1295 &rarr; <strong>1273</strong><br />(-22 for losing)
|raw|Jives99's rating: 1341 &rarr; <strong>1358</strong><br />(+17 for winning)
|l|☆ramoncombats95
|player|p1|
|l|☆Jives99
|player|p2|
