|j|☆Ogerpon Fan Club
|j|☆firered27
|t:|1769415235
|gametype|singles
|player|p1|Ogerpon Fan Club|miku-ghost|1264
|player|p2|firered27|169|1260
|gen|9
|tier|[Gen 9] OU
|rated|
|rule|HP Percentage Mod: HP is shown in percentages
|rule|Endless Battle Clause: Forcing endless battles is banned
|rule|Species Clause: Limit one of each Pokémon
|rule|OHKO Clause: OHKO moves are banned
|rule|Evasion Items Clause: Evasion items are banned
|rule|Evasion Moves Clause: Evasion moves are banned
|rule|Evasion Abilities Clause: Evasion abilities are banned
|rule|Sleep Moves Clause: Sleep-inducing moves are banned
|clearpoke
|poke|p1|Toxapex, M|
|poke|p1|Excadrill, M|
|poke|p1|Tyranitar, M|
|poke|p1|Zapdos|
|poke|p1|Iron Valiant|
|poke|p1|Ogerpon, F|
|poke|p2|Krookodile, M|
|poke|p2|Hatterene, F|
|poke|p2|Porygon2|
|poke|p2|Rotom-Wash|
|poke|p2|Conkeldurr, M|
|poke|p2|Scizor, M|
|teampreview
|inactive|Battle timer is ON: inactive players will automatically lose when time's up. (requested by firered27)
|
|t:|1769415259
|teamsize|p1|6
|teamsize|p2|6
|start
|switch|p1a: Ogerpon|Ogerpon, F|100/100
|switch|p2a: Krookodile|Krookodile, M|100/100
|-ability|p2a: Krookodile|Intimidate|boost
|-unboost|p1a: Ogerpon|atk|1
|-ability|p1a: Ogerpon|Defiant|boost
|-boost|p1a: Ogerpon|atk|2
|turn|1
|
|t:|1769415274
|move|p1a: Ogerpon|Knock Off|p2a: Krookodile
|-resisted|p2a: Krookodile
|-crit|p2a: Krookodile
|-damage|p2a: Krookodile|61/100
|-enditem|p2a: Krookodile|Focus Sash|[from] move: Knock Off|[of] p1a: Ogerpon
|move|p2a: Krookodile|Counter|p1a: Ogerpon
|-damage|p1a: Ogerpon|0 fnt
|faint|p1a: Ogerpon
|
|upkeep
|
|t:|1769415294
|switch|p1a: Iron Valiant|Iron Valiant, shiny|100/100
|turn|2
|
|t:|1769415308
|switch|p2a: Hatterene|Hatterene, F|100/100
|move|p1a: Iron Valiant|Moonblast|p2a: Hatterene
|-damage|p2a: Hatterene|22/100
|-unboost|p2a: Hatterene|spa|1
|
|upkeep
|turn|3
|
|t:|1769415326
|-end|p1a: Iron Valiant|Quark Drive|[silent]
|switch|p1a: Zapdos|Zapdos, shiny|100/100
|switch|p2a: Scizor|Scizor, M, shiny|100/100
|
|upkeep
|turn|4
|
|t:|1769415343
|switch|p2a: Krookodile|Krookodile, M|61/100
|-ability|p2a: Krookodile|Intimidate|boost
|-unboost|p1a: Zapdos|atk|1
|move|p1a: Zapdos|Heat Wave|p2a: Krookodile
|-damage|p2a: Krookodile|21/100
|
|upkeep
|turn|5
|
|t:|1769415363
|switch|p2a: Rotom|Rotom-Wash|100/100
|move|p1a: Zapdos|Heat Wave|p2a: Rotom
|-resisted|p2a: Rotom
|-damage|p2a: Rotom|81/100
|
|upkeep
|turn|6
|
|t:|1769415380
|move|p2a: Rotom|Hydro Pump|p1a: Zapdos
|-damage|p1a: Zapdos|45/100
|move|p1a: Zapdos|Volt Switch|p2a: Rotom
|-damage|p2a: Rotom|33/100
|inactive|Ogerpon Fan Club has 120 seconds left.
|
|t:|1769415426
|switch|p1a: Tyranitar|Tyranitar, M, shiny|100/100|[from] Volt Switch
|-weather|Sandstorm|[from] ability: Sand Stream|[of] p1a: Tyranitar
|
|-weather|Sandstorm|[upkeep]
|-damage|p2a: Rotom|27/100|[from] Sandstorm
|upkeep
|turn|7
|
|t:|1769415434
|move|p2a: Rotom|Hydro Pump|p1a: Tyranitar|[miss]
|-miss|p2a: Rotom|p1a: Tyranitar
|move|p1a: Tyranitar|Knock Off|p2a: Rotom
|-damage|p2a: Rotom|0 fnt
|-enditem|p2a: Rotom|Choice Scarf|[from] move: Knock Off|[of] p1a: Tyranitar
|faint|p2a: Rotom
|
|-weather|Sandstorm|[upkeep]
|upkeep
|
|t:|1769415445
|switch|p2a: Porygon2|Porygon2, shiny|100/100
|-ability|p2a: Porygon2|Download|boost
|-boost|p2a: Porygon2|spa|1
|turn|8
|
|t:|1769415461
|move|p1a: Tyranitar|Knock Off|p2a: Porygon2
|-crit|p2a: Porygon2
|-damage|p2a: Porygon2|15/100
|-enditem|p2a: Porygon2|Leftovers|[from] move: Knock Off|[of] p1a: Tyranitar
|move|p2a: Porygon2|Trick Room|p2a: Porygon2
|-fieldstart|move: Trick Room|[of] p2a: Porygon2
|
|-weather|Sandstorm|[upkeep]
|-damage|p2a: Porygon2|9/100|[from] Sandstorm
|upkeep
|turn|9
|inactive|Ogerpon Fan Club has 90 seconds left.
|
|t:|1769415487
|switch|p1a: Toxapex|Toxapex, M, shiny|100/100
|move|p2a: Porygon2|Recover|p2a: Porygon2
|-heal|p2a: Porygon2|59/100
|
|-weather|Sandstorm|[upkeep]
|-damage|p1a: Toxapex|95/100|[from] Sandstorm
|-damage|p2a: Porygon2|52/100|[from] Sandstorm
|upkeep
|turn|10
|inactive|Ogerpon Fan Club has 90 seconds left.
|
|t:|1769415500
|move|p1a: Toxapex|Toxic|p2a: Porygon2
|-status|p2a: Porygon2|tox
|move|p2a: Porygon2|Discharge|p1a: Toxapex
|-supereffective|p1a: Toxapex
|-damage|p1a: Toxapex|42/100
|-enditem|p1a: Toxapex|Eject Button
|
|t:|1769415522
|switch|p1a: Iron Valiant|Iron Valiant, shiny|100/100
|
|-weather|Sandstorm|[upkeep]
|-damage|p2a: Porygon2|46/100 tox|[from] Sandstorm
|-damage|p1a: Iron Valiant|94/100|[from] Sandstorm
|-damage|p2a: Porygon2|40/100 tox|[from] psn
|upkeep
|turn|11
|
|t:|1769415532
|move|p1a: Iron Valiant|Vacuum Wave|p2a: Porygon2
|-supereffective|p2a: Porygon2
|-damage|p2a: Porygon2|0 fnt
|faint|p2a: Porygon2
|
|-weather|Sandstorm|[upkeep]
|-damage|p1a: Iron Valiant|88/100|[from] Sandstorm
|upkeep
|inactive|firered27 has 120 seconds left.
|
|t:|1769415562
|switch|p2a: Scizor|Scizor, M, shiny|100/100
|turn|12
|
|t:|1769415567
|-end|p1a: Iron Valiant|Quark Drive|[silent]
|switch|p1a: Toxapex|Toxapex, M, shiny|75/100
|move|p2a: Scizor|Swords Dance|p2a: Scizor
|-boost|p2a: Scizor|atk|2
|
|-weather|Sandstorm|[upkeep]
|-damage|p1a: Toxapex|69/100|[from] Sandstorm
|-fieldend|move: Trick Room
|upkeep
|turn|13
|
|t:|1769415586
|switch|p2a: Hatterene|Hatterene, F|22/100
|move|p1a: Toxapex|Haze|p1a: Toxapex
|-clearallboost
|
|-weather|none
|upkeep
|turn|14
|
|t:|1769415601
|switch|p1a: Tyranitar|Tyranitar, M, shiny|100/100
|-weather|Sandstorm|[from] ability: Sand Stream|[of] p1a: Tyranitar
|move|p2a: Hatterene|Trick Room|p2a: Hatterene
|-fieldstart|move: Trick Room|[of] p2a: Hatterene
|
|-weather|Sandstorm|[upkeep]
|-damage|p2a: Hatterene|16/100|[from] Sandstorm
|upkeep
|turn|15
|
|t:|1769415613
|switch|p1a: Toxapex|Toxapex, M, shiny|100/100
|move|p2a: Hatterene|Draining Kiss|p1a: Toxapex
|-resisted|p1a: Toxapex
|-damage|p1a: Toxapex|90/100
|-heal|p2a: Hatterene|24/100|[from] drain|[of] p1a: Toxapex
|
|-weather|Sandstorm|[upkeep]
|-damage|p2a: Hatterene|18/100|[from] Sandstorm
|-damage|p1a: Toxapex|84/100|[from] Sandstorm
|upkeep
|turn|16
|inactive|Ogerpon Fan Club has 90 seconds left.
|
|t:|1769415641
|move|p2a: Hatterene|Psychic Noise|p1a: Toxapex
|-supereffective|p1a: Toxapex
|-damage|p1a: Toxapex|20/100
|-start|p1a: Toxapex|move: Heal Block
|-enditem|p2a: Hatterene|Throat Spray
|-boost|p2a: Hatterene|spa|1|[from] item: Throat Spray
|cant|p1a: Toxapex|move: Heal Block|Recover
|
|-weather|Sandstorm|[upkeep]
|-damage|p2a: Hatterene|12/100|[from] Sandstorm
|-damage|p1a: Toxapex|14/100|[from] Sandstorm
|upkeep
|turn|17
|inactive|Ogerpon Fan Club has 90 seconds left.
|inactive|Ogerpon Fan Club has 60 seconds left.
|
|t:|1769415679
|move|p2a: Hatterene|Draining Kiss|p1a: Toxapex
|-resisted|p1a: Toxapex
|-damage|p1a: Toxapex|0 fnt
|-heal|p2a: Hatterene|22/100|[from] drain|[of] p1a: Toxapex
|faint|p1a: Toxapex
|
|-weather|Sandstorm|[upkeep]
|-damage|p2a: Hatterene|16/100|[from] Sandstorm
|upkeep
|inactive|Ogerpon Fan Club has 60 seconds left.
|
|t:|1769415692
|switch|p1a: Excadrill|Excadrill, M, shiny|100/100
|turn|18
|inactive|Ogerpon Fan Club has 60 seconds left.
|
|t:|1769415710
|move|p2a: Hatterene|Mystical Fire|p1a: Excadrill
|-supereffective|p1a: Excadrill
|-damage|p1a: Excadrill|0 fnt
|faint|p1a: Excadrill
|
|-weather|Sandstorm|[upkeep]
|-damage|p2a: Hatterene|10/100|[from] Sandstorm
|-fieldend|move: Trick Room
|upkeep
|
|t:|1769415725
|switch|p1a: Iron Valiant|Iron Valiant, shiny|88/100
|turn|19
|inactive|Ogerpon Fan Club has 30 seconds left.
|
|t:|1769415755
|-terastallize|p2a: Hatterene|Fire
|move|p1a: Iron Valiant|Shadow Ball|p2a: Hatterene
|-damage|p2a: Hatterene|0 fnt
|faint|p2a: Hatterene
|
|-weather|Sandstorm|[upkeep]
|-damage|p1a: Iron Valiant|82/100|[from] Sandstorm
|upkeep
|
|t:|1769415764
|switch|p2a: Scizor|Scizor, M, shiny|100/100
|turn|20
|inactive|Ogerpon Fan Club has 30 seconds left.
|inactive|Ogerpon Fan Club has 20 seconds left.
|inactive|Ogerpon Fan Club has 15 seconds left.
|
|t:|1769415796
|-terastallize|p1a: Iron Valiant|Ghost
|move|p2a: Scizor|Bullet Punch|p1a: Iron Valiant
|-damage|p1a: Iron Valiant|35/100
|move|p1a: Iron Valiant|Shadow Ball|p2a: Scizor
|-damage|p2a: Scizor|34/100
|
|-weather|Sandstorm|[upkeep]
|-damage|p1a: Iron Valiant|29/100|[from] Sandstorm
|-heal|p2a: Scizor|40/100|[from] item: Leftovers
|upkeep
|turn|21
|inactive|Ogerpon Fan Club has 25 seconds left this turn.
|inactive|Ogerpon Fan Club has 20 seconds left.
|
|t:|1769415806
|-end|p1a: Iron Valiant|Quark Drive|[silent]
|switch|p1a: Tyranitar|Tyranitar, M, shiny|100/100
|move|p2a: Scizor|Bullet Punch|p1a: Tyranitar
|-supereffective|p1a: Tyranitar
|-damage|p1a: Tyranitar|31/100
|
|-weather|none
|-heal|p2a: Scizor|46/100|[from] item: Leftovers
|upkeep
|turn|22
|inactive|Ogerpon Fan Club has 30 seconds left this turn.
|inactive|Ogerpon Fan Club has 20 seconds left.
|
|t:|1769415816
|move|p2a: Scizor|Bullet Punch|p1a: Tyranitar
|-supereffective|p1a: Tyranitar
|-damage|p1a: Tyranitar|0 fnt
|faint|p1a: Tyranitar
|
|-heal|p2a: Scizor|52/100|[from] item: Leftovers
|upkeep
|inactive|Ogerpon Fan Club has 25 seconds left this turn.
|
|t:|1769415820
|switch|p1a: Zapdos|Zapdos, shiny|45/100
|turn|23
|
|t:|1769415830
|switch|p2a: Krookodile|Krookodile, M|21/100
|-ability|p2a: Krookodile|Intimidate|boost
|-unboost|p1a: Zapdos|atk|1
|move|p1a: Zapdos|Heat Wave|p2a: Krookodile
|-damage|p2a: Krookodile|0 fnt
|faint|p2a: Krookodile
|
|upkeep
|
|t:|1769415838
|switch|p2a: Conkeldurr|Conkeldurr, M|100/100
|turn|24
|
|t:|1769415849
|move|p1a: Zapdos|Hurricane|p2a: Conkeldurr
|-supereffective|p2a: Conkeldurr
|-damage|p2a: Conkeldurr|0 fnt
|faint|p2a: Conkeldurr
|
|upkeep
|
|t:|1769415853
|switch|p2a: Scizor|Scizor, M, shiny|52/100
|turn|25
|
|t:|1769415860
|move|p2a: Scizor|Bullet Punch|p1a: Zapdos
|-resisted|p1a: Zapdos
|-damage|p1a: Zapdos|23/100
|-status|p2a: Scizor|par|[from] ability: Static|[of] p1a: Zapdos
|move|p1a: Zapdos|Heat Wave|p2a: Scizor
|-supereffective|p2a: Scizor
|-damage|p2a: Scizor|0 fnt
|faint|p2a: Scizor
|
|win|Ogerpon Fan Club
|raw|Ogerpon Fan Club's rating: 1264 &rarr; <strong>1289</strong><br />(+25 for winning)
|raw|firered27's rating: 1260 &rarr; <strong>1235</strong><br />(-25 for losing)
|l|☆Ogerpon Fan Club
|player|p1|
