|j|☆SDLU
|j|☆h2sladder
|t:|1769418645
|gametype|singles
|player|p1|SDLU|1|1370
|player|p2|h2sladder|clair|1353
|gen|9
|tier|[Gen 9] OU
|rated|
|rule|HP Percentage Mod: HP is shown in percentages
|rule|Endless Battle Clause: Forcing endless battles is banned
|rule|Species Clause: Limit one of each Pokémon
|rule|OHKO Clause: OHKO moves are banned
|rule|Evasion Items Clause: Evasion items are banned
|rule|Evasion Moves Clause: Evasion moves are banned
|rule|Evasion Abilities Clause: Evasion abilities are banned
|rule|Sleep Moves Clause: Sleep-inducing moves are banned
|clearpoke
|poke|p1|Dragapult, F|
|poke|p1|Gastrodon, F|
|poke|p1|Skeledirge, F|
|poke|p1|Garganacl, M|
|poke|p1|Clefable, F|
|poke|p1|Moltres|
|poke|p2|Iron Moth|
|poke|p2|Kingambit, F|
|poke|p2|Dragonite, F|
|poke|p2|Ogerpon-Cornerstone, F|
|poke|p2|Iron Valiant|
|poke|p2|Raging Bolt|
|teampreview
|inactive|Battle timer is ON: inactive players will automatically lose when time's up. (requested by SDLU)
|
|t:|1769418661
|teamsize|p1|6
|teamsize|p2|6
|start
|switch|p1a: Dragapult|Dragapult, F|100/100
|switch|p2a: Ogerpon|Ogerpon-Cornerstone, F|100/100
|turn|1
|
|t:|1769418672
|move|p1a: Dragapult|U-turn|p2a: Ogerpon
|-supereffective|p2a: Ogerpon
|-damage|p2a: Ogerpon|39/100
|
|t:|1769418695
|switch|p1a: Garganacl|Garganacl, M|100/100|[from] U-turn
|move|p2a: Ogerpon|Ivy Cudgel|p1a: Garganacl|[anim] Ivy Cudgel Rock
|-damage|p1a: Garganacl|70/100
|
|-heal|p1a: Garganacl|76/100|[from] item: Leftovers
|upkeep
|turn|2
|
|t:|1769418704
|move|p1a: Garganacl|Protect|p1a: Garganacl
|-singleturn|p1a: Garganacl|Protect
|move|p2a: Ogerpon|Power Whip|p1a: Garganacl
|-activate|p1a: Garganacl|move: Protect
|
|-heal|p1a: Garganacl|82/100|[from] item: Leftovers
|upkeep
|turn|3
|
|t:|1769418712
|switch|p1a: Dragapult|Dragapult, F|100/100
|move|p2a: Ogerpon|Power Whip|p1a: Dragapult
|-resisted|p1a: Dragapult
|-damage|p1a: Dragapult|50/100
|
|upkeep
|turn|4
|
|t:|1769418724
|switch|p2a: Iron Valiant|Iron Valiant|100/100
|-enditem|p2a: Iron Valiant|Booster Energy
|-activate|p2a: Iron Valiant|ability: Quark Drive|[fromitem]
|-start|p2a: Iron Valiant|quarkdrivespe
|move|p1a: Dragapult|U-turn|p2a: Iron Valiant
|-resisted|p2a: Iron Valiant
|-damage|p2a: Iron Valiant|93/100
|
|t:|1769418734
|switch|p1a: Moltres|Moltres|100/100|[from] U-turn
|
|upkeep
|turn|5
|inactive|h2sladder has 120 seconds left.
|
|t:|1769418768
|move|p2a: Iron Valiant|Knock Off|p1a: Moltres
|-damage|p1a: Moltres|66/100
|-enditem|p1a: Moltres|Heavy-Duty Boots|[from] move: Knock Off|[of] p2a: Iron Valiant
|move|p1a: Moltres|Hurricane|p2a: Iron Valiant
|-supereffective|p2a: Iron Valiant
|-crit|p2a: Iron Valiant
|-damage|p2a: Iron Valiant|0 fnt
|faint|p2a: Iron Valiant
|-end|p2a: Iron Valiant|Quark Drive|[silent]
|
|upkeep
|inactive|h2sladder has 120 seconds left.
|
|t:|1769418776
|switch|p2a: Ogerpon|Ogerpon-Cornerstone, F|39/100
|turn|6
|
|t:|1769418799
|move|p2a: Ogerpon|Power Whip|p1a: Moltres|[miss]
|-miss|p2a: Ogerpon|p1a: Moltres
|move|p1a: Moltres|Flamethrower|p2a: Ogerpon
|-damage|p2a: Ogerpon|0 fnt
|faint|p2a: Ogerpon
|
|upkeep
|
|t:|1769418809
|switch|p2a: Raging Bolt|Raging Bolt|100/100
|-enditem|p2a: Raging Bolt|Booster Energy
|-activate|p2a: Raging Bolt|ability: Protosynthesis|[fromitem]
|-start|p2a: Raging Bolt|protosynthesisspa
|turn|7
|
|t:|1769418816
|switch|p1a: Gastrodon|Gastrodon, F|100/100
|move|p2a: Raging Bolt|Calm Mind|p2a: Raging Bolt
|-boost|p2a: Raging Bolt|spa|1
|-boost|p2a: Raging Bolt|spd|1
|
|upkeep
|turn|8
|
|t:|1769418825
|move|p2a: Raging Bolt|Dragon Pulse|p1a: Gastrodon
|-damage|p1a: Gastrodon|39/100
|move|p1a: Gastrodon|Clear Smog|p2a: Raging Bolt
|-damage|p2a: Raging Bolt|94/100
|-clearboost|p2a: Raging Bolt
|
|upkeep
|turn|9
|
|t:|1769418839
|switch|p1a: Clefable|Clefable, F|100/100
|move|p2a: Raging Bolt|Dragon Pulse|p1a: Clefable
|-immune|p1a: Clefable
|
|upkeep
|turn|10
|
|t:|1769418848
|-end|p2a: Raging Bolt|Protosynthesis|[silent]
|switch|p2a: Iron Moth|Iron Moth|100/100
|-enditem|p2a: Iron Moth|Booster Energy
|-activate|p2a: Iron Moth|ability: Quark Drive|[fromitem]
|-start|p2a: Iron Moth|quarkdrivespe
|move|p1a: Clefable|Calm Mind|p1a: Clefable
|-boost|p1a: Clefable|spa|1
|-boost|p1a: Clefable|spd|1
|
|upkeep
|turn|11
|
|t:|1769418860
|switch|p1a: Garganacl|Garganacl, M|82/100
|move|p2a: Iron Moth|Sludge Wave|p1a: Garganacl
|-resisted|p1a: Garganacl
|-damage|p1a: Garganacl|59/100
|
|-heal|p1a: Garganacl|65/100|[from] item: Leftovers
|upkeep
|turn|12
|
|t:|1769418868
|move|p2a: Iron Moth|Energy Ball|p1a: Garganacl
|-supereffective|p1a: Garganacl
|-damage|p1a: Garganacl|4/100
|move|p1a: Garganacl|Stealth Rock|p2a: Iron Moth
|-sidestart|p2: h2sladder|move: Stealth Rock
|
|-heal|p1a: Garganacl|11/100|[from] item: Leftovers
|upkeep
|turn|13
|
|t:|1769418874
|move|p1a: Garganacl|Protect|p1a: Garganacl
|-singleturn|p1a: Garganacl|Protect
|move|p2a: Iron Moth|Energy Ball|p1a: Garganacl
|-activate|p1a: Garganacl|move: Protect
|
|-heal|p1a: Garganacl|17/100|[from] item: Leftovers
|upkeep
|turn|14
|
|t:|1769418904
|move|p2a: Iron Moth|Dazzling Gleam|p1a: Garganacl
|-damage|p1a: Garganacl|0 fnt
|faint|p1a: Garganacl
|
|upkeep
|inactive|SDLU has 120 seconds left.
|
|t:|1769418915
|switch|p1a: Moltres|Moltres|66/100
|turn|15
|
|t:|1769418924
|move|p2a: Iron Moth|Sludge Wave|p1a: Moltres
|-damage|p1a: Moltres|33/100
|move|p1a: Moltres|Scorching Sands|p2a: Iron Moth
|-supereffective|p2a: Iron Moth
|-damage|p2a: Iron Moth|13/100
|
|upkeep
|turn|16
|
|t:|1769418930
|move|p2a: Iron Moth|Sludge Wave|p1a: Moltres
|-crit|p1a: Moltres
|-damage|p1a: Moltres|0 fnt
|faint|p1a: Moltres
|
|upkeep
|
|t:|1769418939
|switch|p1a: Skeledirge|Skeledirge, F|100/100
|turn|17
|inactive|h2sladder has 120 seconds left.
|
|t:|1769418972
|move|p2a: Iron Moth|Sludge Wave|p1a: Skeledirge
|-resisted|p1a: Skeledirge
|-damage|p1a: Skeledirge|76/100
|move|p1a: Skeledirge|Torch Song|p2a: Iron Moth
|-resisted|p2a: Iron Moth
|-damage|p2a: Iron Moth|0 fnt
|-boost|p1a: Skeledirge|spa|1
|faint|p2a: Iron Moth
|-end|p2a: Iron Moth|Quark Drive|[silent]
|
|upkeep
|inactive|h2sladder has 120 seconds left.
|
|t:|1769418979
|switch|p2a: Dragonite|Dragonite, F|100/100
|turn|18
|inactive|SDLU has 120 seconds left.
|
|t:|1769419013
|-terastallize|p1a: Skeledirge|Flying
|move|p2a: Dragonite|Earthquake|p1a: Skeledirge
|-immune|p1a: Skeledirge
|move|p1a: Skeledirge|Will-O-Wisp|p2a: Dragonite
|-status|p2a: Dragonite|brn
|
|-damage|p2a: Dragonite|94/100 brn|[from] brn
|upkeep
|turn|19
|inactive|SDLU has 120 seconds left.
|
|t:|1769419032
|move|p2a: Dragonite|Dragon Dance|p2a: Dragonite
|-boost|p2a: Dragonite|atk|1
|-boost|p2a: Dragonite|spe|1
|move|p1a: Skeledirge|Slack Off|p1a: Skeledirge
|-heal|p1a: Skeledirge|100/100
|
|-damage|p2a: Dragonite|88/100 brn|[from] brn
|upkeep
|turn|20
|inactive|SDLU has 120 seconds left.
|
|t:|1769419045
|move|p2a: Dragonite|Dragon Dance|p2a: Dragonite
|-boost|p2a: Dragonite|atk|1
|-boost|p2a: Dragonite|spe|1
|move|p1a: Skeledirge|Torch Song|p2a: Dragonite
|-resisted|p2a: Dragonite
|-damage|p2a: Dragonite|66/100 brn
|-boost|p1a: Skeledirge|spa|1
|
|-damage|p2a: Dragonite|60/100 brn|[from] brn
|upkeep
|turn|21
|
|t:|1769419051
|move|p2a: Dragonite|Dragon Dance|p2a: Dragonite
|-boost|p2a: Dragonite|atk|1
|-boost|p2a: Dragonite|spe|1
|move|p1a: Skeledirge|Torch Song|p2a: Dragonite
|-resisted|p2a: Dragonite
|-damage|p2a: Dragonite|27/100 brn
|-boost|p1a: Skeledirge|spa|1
|
|-damage|p2a: Dragonite|21/100 brn|[from] brn
|upkeep
|turn|22
|
|t:|1769419064
|move|p2a: Dragonite|Extreme Speed|p1a: Skeledirge
|-damage|p1a: Skeledirge|91/100
|move|p1a: Skeledirge|Torch Song|p2a: Dragonite
|-resisted|p2a: Dragonite
|-damage|p2a: Dragonite|0 fnt
|-boost|p1a: Skeledirge|spa|1
|faint|p2a: Dragonite
|
|upkeep
|
|t:|1769419071
|switch|p2a: Kingambit|Kingambit, F|100/100
|-damage|p2a: Kingambit|94/100|[from] Stealth Rock
|-activate|p2a: Kingambit|ability: Supreme Overlord
|-start|p2a: Kingambit|fallen4|[silent]
|turn|23
|
|t:|1769419076
|move|p2a: Kingambit|Sucker Punch||[still]
|-fail|p2a: Kingambit
|move|p1a: Skeledirge|Will-O-Wisp|p2a: Kingambit
|-status|p2a: Kingambit|brn
|-enditem|p2a: Kingambit|Lum Berry|[eat]
|-curestatus|p2a: Kingambit|brn|[msg]
|
|upkeep
|turn|24
|
|t:|1769419086
|move|p2a: Kingambit|Kowtow Cleave|p1a: Skeledirge
|-damage|p1a: Skeledirge|48/100
|move|p1a: Skeledirge|Torch Song|p2a: Kingambit
|-supereffective|p2a: Kingambit
|-damage|p2a: Kingambit|0 fnt
|-boost|p1a: Skeledirge|spa|1
|faint|p2a: Kingambit
|-end|p2a: Kingambit|fallen4|[silent]
|
|upkeep
|inactive|h2sladder has 120 seconds left.
|
|t:|1769419128
|switch|p2a: Raging Bolt|Raging Bolt|94/100
|-damage|p2a: Raging Bolt|81/100|[from] Stealth Rock
|turn|25
|-message|h2sladder forfeited.
|
|win|SDLU
|raw|SDLU's rating: 1370 &rarr; <strong>1389</strong><br />(+19 for winning)
|raw|h2sladder's rating: 1353 &rarr; <strong>1334</strong><br />(-19 for losing)
|l|☆h2sladder
|player|p2|
|l|☆SDLU
|player|p1|
