|j|☆raviolikid
|j|☆spunder_policy
|t:|1769321179
|gametype|singles
|player|p1|raviolikid|zinnia|1678
|player|p2|spunder_policy|169|1843
|gen|9
|tier|[Gen 9] OU
|rated|
|rule|HP Percentage Mod: HP is shown in percentages
|rule|Endless Battle Clause: Forcing endless battles is banned
|rule|Species Clause: Limit one of each Pokémon
|rule|OHKO Clause: OHKO moves are banned
|rule|Evasion Items Clause: Evasion items are banned
|rule|Evasion Moves Clause: Evasion moves are banned
|rule|Evasion Abilities Clause: Evasion abilities are banned
|rule|Sleep Moves Clause: Sleep-inducing moves are banned
|clearpoke
|poke|p1|Pecharunt|
|poke|p1|Kingambit, F|
|poke|p1|Volcanion|
|poke|p1|Iron Valiant|
|poke|p1|Landorus-Therian, M|
|poke|p1|Deoxys-Speed|
|poke|p2|Zoroark-Hisui, F|
|poke|p2|Mesprit|
|poke|p2|Alomomola, F|
|poke|p2|Goodra-Hisui, M|
|poke|p2|Thundurus, M|
|poke|p2|Blaziken, M|
|teampreview
|inactive|Battle timer is ON: inactive players will automatically lose when time's up. (requested by spunder_policy)
|inactive|raviolikid also wants the timer to be on.
|inactive|spunder_policy has 120 seconds left.
|
|t:|1769321215
|teamsize|p1|6
|teamsize|p2|6
|start
|switch|p1a: Deoxys|Deoxys-Speed|100/100
|switch|p2a: Mesprit|Mesprit|100/100
|-ability|p1a: Deoxys|Pressure
|turn|1
|
|t:|1769321223
|move|p1a: Deoxys|Spikes|p2a: Mesprit
|-sidestart|p2: spunder_policy|Spikes
|move|p2a: Mesprit|Stealth Rock|p1a: Deoxys
|-sidestart|p1: raviolikid|move: Stealth Rock
|
|upkeep
|turn|2
|
|t:|1769321231
|move|p1a: Deoxys|Knock Off|p2a: Mesprit
|-supereffective|p2a: Mesprit
|-damage|p2a: Mesprit|65/100
|-enditem|p2a: Mesprit|Heavy-Duty Boots|[from] move: Knock Off|[of] p1a: Deoxys
|move|p2a: Mesprit|Psychic Noise|p1a: Deoxys
|-resisted|p1a: Deoxys
|-damage|p1a: Deoxys|76/100
|-start|p1a: Deoxys|move: Heal Block
|
|upkeep
|turn|3
|j| Kwaga
|j| AmberArm
|
|t:|1769321250
|switch|p1a: Kingambit|Kingambit, F|100/100
|-damage|p1a: Kingambit|94/100|[from] Stealth Rock
|move|p2a: Mesprit|U-turn|p1a: Kingambit
|-damage|p1a: Kingambit|80/100
|
|t:|1769321253
|switch|p2a: Blaziken|Blaziken, M|100/100|[from] U-turn
|
|-heal|p1a: Kingambit|86/100|[from] item: Leftovers
|upkeep
|turn|4
|
|t:|1769321259
|-end|p1a: Kingambit|fallenundefined|[silent]
|switch|p1a: Landorus|Landorus-Therian, M|100/100
|-damage|p1a: Landorus|88/100|[from] Stealth Rock
|-ability|p1a: Landorus|Intimidate|boost
|-unboost|p2a: Blaziken|atk|1
|move|p2a: Blaziken|Overheat|p1a: Landorus|[miss]
|-miss|p2a: Blaziken|p1a: Landorus
|
|-ability|p2a: Blaziken|Speed Boost|boost
|-boost|p2a: Blaziken|spe|1
|upkeep
|turn|5
|
|t:|1769321267
|move|p2a: Blaziken|Protect|p2a: Blaziken
|-singleturn|p2a: Blaziken|Protect
|move|p1a: Landorus|Stealth Rock|p2a: Blaziken
|-sidestart|p2: spunder_policy|move: Stealth Rock
|
|-ability|p2a: Blaziken|Speed Boost|boost
|-boost|p2a: Blaziken|spe|1
|upkeep
|turn|6
|
|t:|1769321273
|move|p2a: Blaziken|U-turn|p1a: Landorus
|-resisted|p1a: Landorus
|-damage|p1a: Landorus|81/100
|-damage|p2a: Blaziken|84/100|[from] item: Rocky Helmet|[of] p1a: Landorus
|
|t:|1769321275
|switch|p2a: Alomomola|Alomomola, F|100/100|[from] U-turn
|move|p1a: Landorus|Earthquake|p2a: Alomomola
|-damage|p2a: Alomomola|64/100
|
|upkeep
|turn|7
|
|t:|1769321288
|switch|p2a: Thundurus|Thundurus, M|100/100
|move|p1a: Landorus|Taunt|p2a: Thundurus
|-start|p2a: Thundurus|move: Taunt
|
|upkeep
|turn|8
|
|t:|1769321292
|move|p2a: Thundurus|Tera Blast|p1a: Landorus
|-damage|p1a: Landorus|57/100
|move|p1a: Landorus|U-turn|p2a: Thundurus
|-resisted|p2a: Thundurus
|-damage|p2a: Thundurus|87/100
|
|t:|1769321302
|switch|p1a: Deoxys|Deoxys-Speed|76/100|[from] U-turn
|-damage|p1a: Deoxys|64/100|[from] Stealth Rock
|-ability|p1a: Deoxys|Pressure
|
|upkeep
|turn|9
|
|t:|1769321308
|move|p1a: Deoxys|Psycho Boost|p2a: Thundurus
|-damage|p2a: Thundurus|23/100
|-unboost|p1a: Deoxys|spa|2
|-enditem|p1a: Deoxys|Eject Pack
|
|t:|1769321315
|switch|p1a: Landorus|Landorus-Therian, M|57/100
|-damage|p1a: Landorus|44/100|[from] Stealth Rock
|-ability|p1a: Landorus|Intimidate|boost
|-unboost|p2a: Thundurus|atk|1
|move|p2a: Thundurus|U-turn|p1a: Landorus
|-resisted|p1a: Landorus
|-damage|p1a: Landorus|39/100
|-damage|p2a: Thundurus|6/100|[from] item: Rocky Helmet|[of] p1a: Landorus
|
|t:|1769321318
|switch|p2a: Blaziken|Blaziken, M|84/100|[from] U-turn
|
|upkeep
|turn|10
|
|t:|1769321324
|switch|p1a: Volcanion|Volcanion|100/100
|-damage|p1a: Volcanion|76/100|[from] Stealth Rock
|move|p2a: Blaziken|Protect||[still]
|-fail|p2a: Blaziken
|
|-heal|p1a: Volcanion|82/100|[from] item: Leftovers
|-ability|p2a: Blaziken|Speed Boost|boost
|-boost|p2a: Blaziken|spe|1
|upkeep
|turn|11
|
|t:|1769321331
|move|p2a: Blaziken|U-turn|p1a: Volcanion
|-resisted|p1a: Volcanion
|-damage|p1a: Volcanion|74/100
|
|t:|1769321333
|switch|p2a: Goodra|Goodra-Hisui, M|100/100|[from] U-turn
|move|p1a: Volcanion|Steam Eruption|p2a: Goodra
|-resisted|p2a: Goodra
|-damage|p2a: Goodra|84/100
|
|-heal|p1a: Volcanion|80/100|[from] item: Leftovers
|upkeep
|turn|12
|
|t:|1769321339
|move|p1a: Volcanion|Will-O-Wisp|p2a: Goodra
|-status|p2a: Goodra|brn
|move|p2a: Goodra|Knock Off|p1a: Volcanion
|-damage|p1a: Volcanion|73/100
|-enditem|p1a: Volcanion|Leftovers|[from] move: Knock Off|[of] p2a: Goodra
|
|-damage|p2a: Goodra|78/100 brn|[from] brn
|upkeep
|turn|13
|
|t:|1769321349
|move|p1a: Volcanion|Flamethrower|p2a: Goodra
|-damage|p2a: Goodra|52/100 brn
|move|p2a: Goodra|Sludge Bomb|p1a: Volcanion
|-damage|p1a: Volcanion|47/100
|
|-damage|p2a: Goodra|46/100 brn|[from] brn
|upkeep
|turn|14
|
|t:|1769321358
|move|p1a: Volcanion|Flamethrower|p2a: Goodra
|-damage|p2a: Goodra|19/100 brn
|move|p2a: Goodra|Sludge Bomb|p1a: Volcanion
|-damage|p1a: Volcanion|22/100
|
|-damage|p2a: Goodra|13/100 brn|[from] brn
|upkeep
|turn|15
|
|t:|1769321361
|switch|p2a: Alomomola|Alomomola, F|98/100
|move|p1a: Volcanion|Flamethrower|p2a: Alomomola
|-resisted|p2a: Alomomola
|-damage|p2a: Alomomola|83/100
|
|upkeep
|turn|16
|
|t:|1769321369
|switch|p2a: Blaziken|Blaziken, M|84/100
|move|p1a: Volcanion|Taunt|p2a: Blaziken
|-start|p2a: Blaziken|move: Taunt
|
|upkeep
|turn|17
|
|t:|1769321376
|switch|p1a: Landorus|Landorus-Therian, M|39/100
|-damage|p1a: Landorus|27/100|[from] Stealth Rock
|-ability|p1a: Landorus|Intimidate|boost
|-unboost|p2a: Blaziken|atk|1
|move|p2a: Blaziken|Earthquake|p1a: Landorus
|-immune|p1a: Landorus
|
|-ability|p2a: Blaziken|Speed Boost|boost
|-boost|p2a: Blaziken|spe|1
|upkeep
|turn|18
|
|t:|1769321382
|move|p2a: Blaziken|Overheat|p1a: Landorus
|-damage|p1a: Landorus|0 fnt
|-unboost|p2a: Blaziken|spa|2
|faint|p1a: Landorus
|
|-end|p2a: Blaziken|move: Taunt
|-ability|p2a: Blaziken|Speed Boost|boost
|-boost|p2a: Blaziken|spe|1
|upkeep
|
|t:|1769321388
|switch|p1a: Pecharunt|Pecharunt|100/100
|turn|19
|
|t:|1769321394
|move|p2a: Blaziken|U-turn|p1a: Pecharunt
|-resisted|p1a: Pecharunt
|-damage|p1a: Pecharunt|98/100
|
|t:|1769321395
|switch|p2a: Alomomola|Alomomola, F|100/100|[from] U-turn
|move|p1a: Pecharunt|Nasty Plot|p1a: Pecharunt
|-boost|p1a: Pecharunt|spa|2
|
|upkeep
|turn|20
|
|t:|1769321405
|move|p1a: Pecharunt|Malignant Chain|p2a: Alomomola
|-damage|p2a: Alomomola|44/100
|move|p2a: Alomomola|Flip Turn|p1a: Pecharunt
|-damage|p1a: Pecharunt|88/100
|
|t:|1769321419
|switch|p2a: Thundurus|Thundurus, M|6/100|[from] Flip Turn
|
|upkeep
|turn|21
|
|t:|1769321427
|move|p2a: Thundurus|Volt Switch|p1a: Pecharunt
|-damage|p1a: Pecharunt|58/100
|
|t:|1769321429
|switch|p2a: Goodra|Goodra-Hisui, M|13/100 brn|[from] Volt Switch
|move|p1a: Pecharunt|Shadow Ball|p2a: Goodra
|-damage|p2a: Goodra|0 fnt
|faint|p2a: Goodra
|
|upkeep
|
|t:|1769321432
|switch|p2a: Thundurus|Thundurus, M|100/100
|turn|22
|
|t:|1769321435
|switch|p1a: Volcanion|Volcanion|22/100
|-damage|p1a: Volcanion|0 fnt|[from] Stealth Rock
|faint|p1a: Volcanion
|move|p2a: Thundurus|Hex|p1: Volcanion|[notarget]
|-fail|p2a: Thundurus
|
|upkeep
|
|t:|1769321444
|switch|p1a: Deoxys|Deoxys-Speed|64/100
|-damage|p1a: Deoxys|52/100|[from] Stealth Rock
|-ability|p1a: Deoxys|Pressure
|turn|23
|
|t:|1769321446
|switch|p2a: Mesprit|Mesprit|65/100
|-damage|p2a: Mesprit|52/100|[from] Stealth Rock
|move|p1a: Deoxys|Knock Off|p2a: Mesprit
|-supereffective|p2a: Mesprit
|-damage|p2a: Mesprit|28/100
|
|upkeep
|turn|24
|
|t:|1769321456
|move|p1a: Deoxys|Knock Off|p2a: Mesprit
|-supereffective|p2a: Mesprit
|-damage|p2a: Mesprit|4/100
|move|p2a: Mesprit|U-turn|p1a: Deoxys
|-supereffective|p1a: Deoxys
|-damage|p1a: Deoxys|4/100
|
|t:|1769321459
|switch|p2a: Alomomola|Alomomola, F|77/100|[from] U-turn
|
|upkeep
|turn|25
|
|t:|1769321464
|move|p1a: Deoxys|Knock Off|p2a: Alomomola
|-damage|p2a: Alomomola|56/100
|-enditem|p2a: Alomomola|Heavy-Duty Boots|[from] move: Knock Off|[of] p1a: Deoxys
|move|p2a: Alomomola|Wish|p2a: Alomomola
|
|upkeep
|turn|26
|
|t:|1769321478
|move|p1a: Deoxys|Psycho Boost|p2a: Alomomola
|-damage|p2a: Alomomola|15/100
|-unboost|p1a: Deoxys|spa|2
|move|p2a: Alomomola|Flip Turn|p1a: Deoxys
|-damage|p1a: Deoxys|0 fnt
|faint|p1a: Deoxys
|
|t:|1769321483
|switch|p2a: Thundurus|Thundurus, M|6/100|[from] Flip Turn
|
|-heal|p2a: Thundurus|80/100|[from] move: Wish|[wisher] Alomomola
|upkeep
|
|t:|1769321512
|switch|p1a: Iron Valiant|Iron Valiant|100/100
|-damage|p1a: Iron Valiant|94/100|[from] Stealth Rock
|-enditem|p1a: Iron Valiant|Booster Energy
|-activate|p1a: Iron Valiant|ability: Quark Drive|[fromitem]
|-start|p1a: Iron Valiant|quarkdrivespe
|turn|27
|
|t:|1769321516
|move|p2a: Thundurus|Thunder Wave|p1a: Iron Valiant
|-status|p1a: Iron Valiant|par
|cant|p1a: Iron Valiant|par
|
|upkeep
|turn|28
|
|t:|1769321521
|move|p2a: Thundurus|Volt Switch|p1a: Iron Valiant
|-damage|p1a: Iron Valiant|35/100 par
|
|t:|1769321525
|switch|p2a: Mesprit|Mesprit|4/100|[from] Volt Switch
|-damage|p2a: Mesprit|0 fnt|[from] Stealth Rock
|faint|p2a: Mesprit
|move|p1a: Iron Valiant|Knock Off|p2: Mesprit|[notarget]
|-fail|p1a: Iron Valiant
|
|upkeep
|
|t:|1769321529
|switch|p2a: Thundurus|Thundurus, M|80/100
|turn|29
|
|t:|1769321534
|move|p2a: Thundurus|Volt Switch|p1a: Iron Valiant
|-crit|p1a: Iron Valiant
|-damage|p1a: Iron Valiant|0 fnt
|faint|p1a: Iron Valiant
|-end|p1a: Iron Valiant|Quark Drive|[silent]
|
|t:|1769321537
|switch|p2a: Alomomola|Alomomola, F|100/100|[from] Volt Switch
|
|upkeep
|
|t:|1769321549
|switch|p1a: Kingambit|Kingambit, F|86/100
|-damage|p1a: Kingambit|80/100|[from] Stealth Rock
|-activate|p1a: Kingambit|ability: Supreme Overlord
|-start|p1a: Kingambit|fallen4|[silent]
|turn|30
|
|t:|1769321568
|-terastallize|p2a: Alomomola|Fighting
|move|p1a: Kingambit|Sucker Punch|p2a: Alomomola
|-resisted|p2a: Alomomola
|-damage|p2a: Alomomola|43/100
|replace|p2a: Zoroark|Zoroark-Hisui, F
|-end|p2a: Zoroark|Illusion
|move|p2a: Zoroark|Tera Blast|p1a: Kingambit|[anim] Tera Blast Fighting
|-supereffective|p1a: Kingambit
|-damage|p1a: Kingambit|0 fnt
|faint|p1a: Kingambit
|-end|p1a: Kingambit|fallen4|[silent]
|
|upkeep
|
|t:|1769321574
|switch|p1a: Pecharunt|Pecharunt|58/100
|turn|31
|
|t:|1769321582
|-terastallize|p1a: Pecharunt|Fairy
|move|p2a: Zoroark|Hex|p1a: Pecharunt
|-damage|p1a: Pecharunt|18/100
|move|p1a: Pecharunt|Recover|p1a: Pecharunt
|-heal|p1a: Pecharunt|69/100
|
|upkeep
|turn|32
|
|t:|1769321593
|switch|p2a: Thundurus|Thundurus, M|80/100
|move|p1a: Pecharunt|Recover|p1a: Pecharunt
|-heal|p1a: Pecharunt|100/100
|
|upkeep
|turn|33
|
|t:|1769321595
|move|p2a: Thundurus|Thunder Wave|p1a: Pecharunt
|-status|p1a: Pecharunt|par
|move|p1a: Pecharunt|Malignant Chain|p2a: Thundurus
|-damage|p2a: Thundurus|38/100
|-status|p2a: Thundurus|tox
|-start|p2a: Thundurus|confusion|[from] ability: Poison Puppeteer|[of] p1a: Pecharunt
|
|-damage|p2a: Thundurus|32/100 tox|[from] psn
|upkeep
|turn|34
|
|t:|1769321599
|switch|p2a: Alomomola|Alomomola, F|49/100
|-damage|p2a: Alomomola|36/100|[from] Spikes
|-damage|p2a: Alomomola|24/100|[from] Stealth Rock
|move|p1a: Pecharunt|Nasty Plot|p1a: Pecharunt
|-boost|p1a: Pecharunt|spa|2
|
|upkeep
|turn|35
|
|t:|1769321602
|move|p2a: Alomomola|Wish|p2a: Alomomola
|move|p1a: Pecharunt|Shadow Ball|p2a: Alomomola
|-crit|p2a: Alomomola
|-damage|p2a: Alomomola|0 fnt
|faint|p2a: Alomomola
|
|upkeep
|
|t:|1769321607
|switch|p2a: Thundurus|Thundurus, M, tera:Fighting|43/100
|turn|36
|
|t:|1769321612
|move|p2a: Thundurus|Hex|p1a: Pecharunt
|-damage|p1a: Pecharunt|25/100 par
|move|p1a: Pecharunt|Malignant Chain|p2a: Thundurus
|-damage|p2a: Thundurus|0 fnt
|replace|p2a: Zoroark|Zoroark-Hisui, F
|-end|p2a: Zoroark|Illusion
|faint|p2a: Zoroark
|
|upkeep
|
|t:|1769321617
|switch|p2a: Thundurus|Thundurus, M|32/100 tox
|turn|37
|
|t:|1769321619
|move|p2a: Thundurus|Volt Switch|p1a: Pecharunt
|-damage|p1a: Pecharunt|0 fnt
|faint|p1a: Pecharunt
|
|win|spunder_policy
|raw|raviolikid's rating: 1678 &rarr; <strong>1667</strong><br />(-11 for losing)
|raw|spunder_policy's rating: 1843 &rarr; <strong>1854</strong><br />(+11 for winning)
|c|☆raviolikid|Gg
|l|☆raviolikid
|player|p1|
|l| AmberArm
|l|☆spunder_policy
|player|p2|
