|j|☆lighttaker21
|j|☆El.Capo.Camino
|t:|1769367525
|gametype|singles
|player|p1|lighttaker21|birdkeeper-gen4dp|1166
|player|p2|El.Capo.Camino|firebreather|1219
|gen|9
|tier|[Gen 9] OU
|rated|
|rule|HP Percentage Mod: HP is shown in percentages
|rule|Endless Battle Clause: Forcing endless battles is banned
|rule|Species Clause: Limit one of each Pokémon
|rule|OHKO Clause: OHKO moves are banned
|rule|Evasion Items Clause: Evasion items are banned
|rule|Evasion Moves Clause: Evasion moves are banned
|rule|Evasion Abilities Clause: Evasion abilities are banned
|rule|Sleep Moves Clause: Sleep-inducing moves are banned
|clearpoke
|poke|p1|Rillaboom, M|
|poke|p1|Serperior, F|
|poke|p1|Heatran, M|
|poke|p1|Gholdengo|
|poke|p1|Zamazenta-*|
|poke|p1|Great Tusk|
|poke|p2|Slither Wing|
|poke|p2|Charizard, M|
|poke|p2|Arcanine-Hisui, F|
|poke|p2|Hatterene, F|
|poke|p2|Torkoal, M|
|poke|p2|Walking Wake|
|teampreview
|inactive|Battle timer is ON: inactive players will automatically lose when time's up. (requested by lighttaker21)
|
|t:|1769367537
|teamsize|p1|6
|teamsize|p2|6
|start
|switch|p1a: Rillaboom|Rillaboom, M|100/100
|switch|p2a: Torkoal|Torkoal, M|100/100
|-fieldstart|move: Grassy Terrain|[from] ability: Grassy Surge|[of] p1a: Rillaboom
|-weather|SunnyDay|[from] ability: Drought|[of] p2a: Torkoal
|turn|1
|
|t:|1769367546
|switch|p1a: Heatran|Heatran, M|100/100
|-item|p1a: Heatran|Air Balloon
|move|p2a: Torkoal|Stealth Rock|p1a: Heatran
|-sidestart|p1: lighttaker21|move: Stealth Rock
|
|-weather|SunnyDay|[upkeep]
|upkeep
|turn|2
|
|t:|1769367558
|switch|p2a: Hatterene|Hatterene, F|100/100
|move|p1a: Heatran|Stealth Rock|p2a: Hatterene
|move|p2a: Hatterene|Stealth Rock||[from] ability: Magic Bounce|[still]
|-fail|p2a: Hatterene
|
|-weather|SunnyDay|[upkeep]
|upkeep
|turn|3
|
|t:|1769367563
|move|p1a: Heatran|Heavy Slam|p2a: Hatterene
|-supereffective|p2a: Hatterene
|-damage|p2a: Hatterene|41/100
|-enditem|p2a: Hatterene|Eject Button
|
|t:|1769367570
|switch|p2a: Walking Wake|Walking Wake|100/100
|-activate|p2a: Walking Wake|ability: Protosynthesis
|-start|p2a: Walking Wake|protosynthesisspe
|
|-weather|SunnyDay|[upkeep]
|upkeep
|turn|4
|inactive|lighttaker21 has 120 seconds left.
|
|t:|1769367607
|switch|p1a: Gholdengo|Gholdengo|100/100
|-damage|p1a: Gholdengo|94/100|[from] Stealth Rock
|-enditem|p1a: Gholdengo|Grassy Seed
|-boost|p1a: Gholdengo|def|1|[from] item: Grassy Seed
|move|p2a: Walking Wake|Hydro Steam|p1a: Gholdengo
|-damage|p1a: Gholdengo|37/100
|
|-weather|SunnyDay|[upkeep]
|-heal|p1a: Gholdengo|43/100|[from] Grassy Terrain
|upkeep
|turn|5
|inactive|lighttaker21 has 120 seconds left.
|
|t:|1769367628
|-terastallize|p1a: Gholdengo|Water
|move|p2a: Walking Wake|Hydro Steam|p1a: Gholdengo
|-resisted|p1a: Gholdengo
|-damage|p1a: Gholdengo|16/100
|move|p1a: Gholdengo|Recover|p1a: Gholdengo
|-heal|p1a: Gholdengo|66/100
|
|-weather|SunnyDay|[upkeep]
|-heal|p1a: Gholdengo|72/100|[from] Grassy Terrain
|-fieldend|move: Grassy Terrain
|upkeep
|turn|6
|
|t:|1769367638
|move|p2a: Walking Wake|Flip Turn|p1a: Gholdengo
|-resisted|p1a: Gholdengo
|-damage|p1a: Gholdengo|70/100
|
|t:|1769367642
|-end|p2a: Walking Wake|Protosynthesis|[silent]
|switch|p2a: 🌋#HEAT🌋|Charizard, M|100/100|[from] Flip Turn
|move|p1a: Gholdengo|Recover|p1a: Gholdengo
|-heal|p1a: Gholdengo|100/100
|
|-weather|SunnyDay|[upkeep]
|-damage|p2a: 🌋#HEAT🌋|88/100|[from] ability: Solar Power|[of] p2a: 🌋#HEAT🌋
|upkeep
|turn|7
|inactive|lighttaker21 has 120 seconds left.
|
|t:|1769367652
|switch|p1a: Rillaboom|Rillaboom, M|100/100
|-damage|p1a: Rillaboom|88/100|[from] Stealth Rock
|-fieldstart|move: Grassy Terrain|[from] ability: Grassy Surge|[of] p1a: Rillaboom
|-terastallize|p2a: 🌋#HEAT🌋|Fire
|move|p2a: 🌋#HEAT🌋|Overheat|p1a: Rillaboom
|-supereffective|p1a: Rillaboom
|-damage|p1a: Rillaboom|0 fnt
|-unboost|p2a: 🌋#HEAT🌋|spa|2
|faint|p1a: Rillaboom
|
|-weather|SunnyDay|[upkeep]
|-damage|p2a: 🌋#HEAT🌋|76/100|[from] ability: Solar Power|[of] p2a: 🌋#HEAT🌋
|-heal|p2a: 🌋#HEAT🌋|82/100|[from] Grassy Terrain
|upkeep
|inactive|lighttaker21 has 120 seconds left.
|
|t:|1769367658
|switch|p1a: Gholdengo|Gholdengo, tera:Water|100/100
|-damage|p1a: Gholdengo|88/100|[from] Stealth Rock
|turn|8
|inactive|lighttaker21 has 120 seconds left.
|
|t:|1769367668
|switch|p2a: Hatterene|Hatterene, F|41/100
|move|p1a: Gholdengo|Shadow Ball|p2a: Hatterene
|-supereffective|p2a: Hatterene
|-damage|p2a: Hatterene|0 fnt
|faint|p2a: Hatterene
|
|-weather|none
|-heal|p1a: Gholdengo|94/100|[from] Grassy Terrain
|upkeep
|
|t:|1769367679
|switch|p2a: 🌶️位音ゑ🌶️|Arcanine-Hisui, F|100/100
|turn|9
|
|t:|1769367685
|move|p2a: 🌶️位音ゑ🌶️|Head Smash|p1a: Gholdengo
|-damage|p1a: Gholdengo|0 fnt
|faint|p1a: Gholdengo
|
|upkeep
|
|t:|1769367689
|switch|p1a: Great Tusk|Great Tusk|100/100
|-damage|p1a: Great Tusk|97/100|[from] Stealth Rock
|-enditem|p1a: Great Tusk|Booster Energy
|-activate|p1a: Great Tusk|ability: Protosynthesis|[fromitem]
|-start|p1a: Great Tusk|protosynthesisspe
|turn|10
|
|t:|1769367705
|switch|p2a: Torkoal|Torkoal, M|100/100
|-weather|SunnyDay|[from] ability: Drought|[of] p2a: Torkoal
|move|p1a: Great Tusk|Bulk Up|p1a: Great Tusk
|-boost|p1a: Great Tusk|atk|1
|-boost|p1a: Great Tusk|def|1
|
|-weather|SunnyDay|[upkeep]
|-heal|p1a: Great Tusk|100/100|[from] Grassy Terrain
|upkeep
|turn|11
|
|t:|1769367710
|move|p1a: Great Tusk|Rapid Spin|p2a: Torkoal
|-damage|p2a: Torkoal|84/100
|-boost|p1a: Great Tusk|spe|1
|-sideend|p1: lighttaker21|Stealth Rock|[from] move: Rapid Spin|[of] p1a: Great Tusk
|move|p2a: Torkoal|Overheat|p1a: Great Tusk
|-damage|p1a: Great Tusk|0 fnt
|-unboost|p2a: Torkoal|spa|2
|faint|p1a: Great Tusk
|-end|p1a: Great Tusk|Protosynthesis|[silent]
|
|-weather|SunnyDay|[upkeep]
|-heal|p2a: Torkoal|90/100|[from] Grassy Terrain
|-fieldend|move: Grassy Terrain
|upkeep
|
|t:|1769367720
|switch|p1a: Heatran|Heatran, M|100/100
|-item|p1a: Heatran|Air Balloon
|turn|12
|
|t:|1769367728
|move|p1a: Heatran|Stealth Rock|p2a: Torkoal
|-sidestart|p2: El.Capo.Camino|move: Stealth Rock
|move|p2a: Torkoal|Rapid Spin|p1a: Heatran
|-resisted|p1a: Heatran
|-damage|p1a: Heatran|96/100
|-boost|p2a: Torkoal|spe|1
|-enditem|p1a: Heatran|Air Balloon
|-sideend|p2: El.Capo.Camino|Stealth Rock|[from] move: Rapid Spin|[of] p2a: Torkoal
|
|-weather|SunnyDay|[upkeep]
|upkeep
|turn|13
|
|t:|1769367733
|move|p1a: Heatran|Magma Storm|p2a: Torkoal
|-resisted|p2a: Torkoal
|-damage|p2a: Torkoal|47/100
|-activate|p2a: Torkoal|move: Magma Storm|[of] p1a: Heatran
|move|p2a: Torkoal|Earthquake|p1a: Heatran
|-supereffective|p1a: Heatran
|-damage|p1a: Heatran|33/100
|
|-weather|SunnyDay|[upkeep]
|-damage|p2a: Torkoal|35/100|[from] move: Magma Storm|[partiallytrapped]
|upkeep
|turn|14
|
|t:|1769367756
|move|p1a: Heatran|Stealth Rock|p2a: Torkoal
|-sidestart|p2: El.Capo.Camino|move: Stealth Rock
|move|p2a: Torkoal|Earthquake|p1a: Heatran
|-supereffective|p1a: Heatran
|-damage|p1a: Heatran|0 fnt
|faint|p1a: Heatran
|
|-weather|SunnyDay|[upkeep]
|-end|p2a: Torkoal|Magma Storm|[partiallytrapped]|[silent]
|upkeep
|
|t:|1769367766
|switch|p1a: Zamazenta|Zamazenta|100/100
|-ability|p1a: Zamazenta|Dauntless Shield|boost
|-boost|p1a: Zamazenta|def|1
|turn|15
|
|t:|1769367786
|move|p1a: Zamazenta|Close Combat|p2a: Torkoal
|-damage|p2a: Torkoal|0 fnt
|-unboost|p1a: Zamazenta|def|1
|-unboost|p1a: Zamazenta|spd|1
|faint|p2a: Torkoal
|-damage|p1a: Zamazenta|91/100|[from] item: Life Orb
|
|-weather|SunnyDay|[upkeep]
|upkeep
|
|t:|1769367795
|switch|p2a: Walking Wake|Walking Wake|100/100
|-damage|p2a: Walking Wake|88/100|[from] Stealth Rock
|-activate|p2a: Walking Wake|ability: Protosynthesis
|-start|p2a: Walking Wake|protosynthesisspe
|turn|16
|
|t:|1769367800
|switch|p1a: Serperior|Serperior, F|100/100
|move|p2a: Walking Wake|Hydro Steam|p1a: Serperior
|-resisted|p1a: Serperior
|-damage|p1a: Serperior|59/100
|
|-weather|SunnyDay|[upkeep]
|upkeep
|turn|17
|
|t:|1769367806
|move|p2a: Walking Wake|Weather Ball|p1a: Serperior
|-supereffective|p1a: Serperior
|-damage|p1a: Serperior|0 fnt
|faint|p1a: Serperior
|
|-weather|none
|-end|p2a: Walking Wake|Protosynthesis
|upkeep
|
|t:|1769367808
|switch|p1a: Zamazenta|Zamazenta|91/100
|turn|18
|
|t:|1769367814
|move|p1a: Zamazenta|Close Combat|p2a: Walking Wake
|-damage|p2a: Walking Wake|0 fnt
|-unboost|p1a: Zamazenta|def|1
|-unboost|p1a: Zamazenta|spd|1
|faint|p2a: Walking Wake
|-end|p2a: Walking Wake|Protosynthesis|[silent]
|-damage|p1a: Zamazenta|81/100|[from] item: Life Orb
|
|upkeep
|
|t:|1769367824
|switch|p2a: 🌶️位音ゑ🌶️|Arcanine-Hisui, F|100/100
|-damage|p2a: 🌶️位音ゑ🌶️|76/100|[from] Stealth Rock
|turn|19
|
|t:|1769367827
|switch|p2a: Slither Wing|Slither Wing|100/100
|-damage|p2a: Slither Wing|88/100|[from] Stealth Rock
|move|p1a: Zamazenta|Close Combat|p2a: Slither Wing
|-resisted|p2a: Slither Wing
|-damage|p2a: Slither Wing|28/100
|-unboost|p1a: Zamazenta|def|1
|-unboost|p1a: Zamazenta|spd|1
|-damage|p1a: Zamazenta|71/100|[from] item: Life Orb
|
|upkeep
|turn|20
|
|t:|1769367838
|move|p2a: Slither Wing|First Impression|p1a: Zamazenta
|-resisted|p1a: Zamazenta
|-damage|p1a: Zamazenta|15/100
|move|p1a: Zamazenta|Psychic Fangs|p2a: Slither Wing
|-supereffective|p2a: Slither Wing
|-damage|p2a: Slither Wing|0 fnt
|faint|p2a: Slither Wing
|-end|p2a: Slither Wing|Protosynthesis|[silent]
|-damage|p1a: Zamazenta|5/100|[from] item: Life Orb
|
|upkeep
|c|☆El.Capo.Camino|gg
|
|t:|1769367846
|switch|p2a: 🌶️位音ゑ🌶️|Arcanine-Hisui, F|76/100
|-damage|p2a: 🌶️位音ゑ🌶️|51/100|[from] Stealth Rock
|turn|21
|c|☆lighttaker21|gg
|
|t:|1769367850
|move|p2a: 🌶️位音ゑ🌶️|Extreme Speed|p1a: Zamazenta
|-damage|p1a: Zamazenta|0 fnt
|faint|p1a: Zamazenta
|
|win|El.Capo.Camino
|raw|lighttaker21's rating: 1166 &rarr; <strong>1145</strong><br />(-21 for losing)
|raw|El.Capo.Camino's rating: 1219 &rarr; <strong>1240</strong><br />(+21 for winning)
|l|☆lighttaker21
|player|p1|
