|j|☆Riovah
|j|☆BBFleur32
|t:|1769385503
|gametype|singles
|player|p1|Riovah|elesa|
|player|p2|BBFleur32|zinzolin|
|gen|9
|tier|[Gen 9] OU
|rule|HP Percentage Mod: HP is shown in percentages
|rule|Endless Battle Clause: Forcing endless battles is banned
|rule|Species Clause: Limit one of each Pokémon
|rule|OHKO Clause: OHKO moves are banned
|rule|Evasion Items Clause: Evasion items are banned
|rule|Evasion Moves Clause: Evasion moves are banned
|rule|Evasion Abilities Clause: Evasion abilities are banned
|rule|Sleep Moves Clause: Sleep-inducing moves are banned
|clearpoke
|poke|p1|Kleavor, F|
|poke|p1|Salamence, M|
|poke|p1|Hatterene, F|
|poke|p1|Gholdengo|
|poke|p1|Toxapex, F|
|poke|p1|Maushold|
|poke|p2|Gliscor, F|
|poke|p2|Great Tusk|
|poke|p2|Landorus-Therian, M|
|poke|p2|Sandy Shocks|
|poke|p2|Kingambit, M|
|poke|p2|Quagsire, F|
|teampreview
|inactive|Battle timer is ON: inactive players will automatically lose when time's up. (requested by Riovah)
|
|t:|1769385516
|teamsize|p1|6
|teamsize|p2|6
|start
|switch|p1a: Maushold|Maushold|100/100
|switch|p2a: Kingambit|Kingambit, M|100/100
|turn|1
|
|t:|1769385522
|move|p1a: Maushold|Tidy Up|p1a: Maushold
|-boost|p1a: Maushold|atk|1
|-boost|p1a: Maushold|spe|1
|move|p2a: Kingambit|Kowtow Cleave|p1a: Maushold
|-damage|p1a: Maushold|16/100
|
|upkeep
|turn|2
|
|t:|1769385528
|-terastallize|p2a: Kingambit|Ghost
|move|p1a: Maushold|Population Bomb|p2a: Kingambit
|-immune|p2a: Kingambit
|move|p2a: Kingambit|Kowtow Cleave|p1a: Maushold
|-damage|p1a: Maushold|0 fnt
|faint|p1a: Maushold
|
|upkeep
|
|t:|1769385537
|switch|p1a: Kleavor|Kleavor, F|100/100
|turn|3
|
|t:|1769385540
|move|p1a: Kleavor|Night Slash|p2a: Kingambit
|-supereffective|p2a: Kingambit
|-damage|p2a: Kingambit|44/100
|move|p2a: Kingambit|Kowtow Cleave|p1a: Kleavor
|-damage|p1a: Kleavor|42/100
|
|upkeep
|turn|4
|
|t:|1769385545
|move|p2a: Kingambit|Sucker Punch|p1a: Kleavor
|-crit|p1a: Kleavor
|-damage|p1a: Kleavor|0 fnt
|faint|p1a: Kleavor
|
|upkeep
|
|t:|1769385554
|switch|p1a: Gholdengo|Gholdengo|100/100
|turn|5
|
|t:|1769385556
|move|p1a: Gholdengo|Shadow Ball|p2a: Kingambit
|-supereffective|p2a: Kingambit
|-damage|p2a: Kingambit|0 fnt
|faint|p2a: Kingambit
|-end|p2a: Kingambit|fallenundefined|[silent]
|-damage|p1a: Gholdengo|91/100|[from] item: Life Orb
|
|upkeep
|
|t:|1769385562
|switch|p2a: Great Tusk|Great Tusk|100/100
|-enditem|p2a: Great Tusk|Booster Energy
|-activate|p2a: Great Tusk|ability: Protosynthesis|[fromitem]
|-start|p2a: Great Tusk|protosynthesisspe
|turn|6
|
|t:|1769385571
|move|p2a: Great Tusk|Knock Off|p1a: Gholdengo
|-supereffective|p1a: Gholdengo
|-damage|p1a: Gholdengo|30/100
|-enditem|p1a: Gholdengo|Life Orb|[from] move: Knock Off|[of] p2a: Great Tusk
|move|p1a: Gholdengo|Dazzling Gleam|p2a: Great Tusk
|-supereffective|p2a: Great Tusk
|-damage|p2a: Great Tusk|31/100
|
|upkeep
|turn|7
|
|t:|1769385585
|move|p2a: Great Tusk|Knock Off|p1a: Gholdengo
|-supereffective|p1a: Gholdengo
|-damage|p1a: Gholdengo|0 fnt
|faint|p1a: Gholdengo
|
|upkeep
|
|t:|1769385586
|switch|p1a: Toxapex|Toxapex, F|100/100
|turn|8
|
|t:|1769385588
|move|p2a: Great Tusk|Headlong Rush|p1a: Toxapex
|-supereffective|p1a: Toxapex
|-damage|p1a: Toxapex|29/100
|-unboost|p2a: Great Tusk|def|1
|-unboost|p2a: Great Tusk|spd|1
|move|p1a: Toxapex|Chilling Water|p2a: Great Tusk
|-supereffective|p2a: Great Tusk
|-damage|p2a: Great Tusk|0 fnt
|faint|p2a: Great Tusk
|-end|p2a: Great Tusk|Protosynthesis|[silent]
|
|-heal|p1a: Toxapex|36/100|[from] item: Leftovers
|upkeep
|
|t:|1769385591
|switch|p2a: Sandy Shocks|Sandy Shocks|100/100
|turn|9
|
|t:|1769385598
|switch|p1a: Hatterene|Hatterene, F|100/100
|move|p2a: Sandy Shocks|Volt Switch|p1a: Hatterene
|-damage|p1a: Hatterene|63/100
|
|t:|1769385603
|-end|p2a: Sandy Shocks|Protosynthesis|[silent]
|switch|p2a: Landorus|Landorus-Therian, M|100/100|[from] Volt Switch
|-ability|p2a: Landorus|Intimidate|boost
|-unboost|p1a: Hatterene|atk|1
|
|upkeep
|turn|10
|
|t:|1769385607
|move|p2a: Landorus|Earthquake|p1a: Hatterene
|-damage|p1a: Hatterene|22/100
|-enditem|p1a: Hatterene|Kee Berry|[eat]
|-boost|p1a: Hatterene|def|1|[from] item: Kee Berry
|move|p1a: Hatterene|Trick Room|p1a: Hatterene
|-fieldstart|move: Trick Room|[of] p1a: Hatterene
|
|upkeep
|turn|11
|
|t:|1769385612
|move|p1a: Hatterene|Giga Drain|p2a: Landorus
|-damage|p2a: Landorus|77/100
|-heal|p1a: Hatterene|36/100|[from] drain|[of] p2a: Landorus
|move|p2a: Landorus|Earthquake|p1a: Hatterene
|-damage|p1a: Hatterene|11/100
|
|upkeep
|turn|12
|
|t:|1769385621
|-terastallize|p1a: Hatterene|Psychic
|move|p1a: Hatterene|Giga Drain|p2a: Landorus
|-damage|p2a: Landorus|54/100
|-heal|p1a: Hatterene|24/100|[from] drain|[of] p2a: Landorus
|move|p2a: Landorus|Earthquake|p1a: Hatterene
|-damage|p1a: Hatterene|1/100
|
|upkeep
|turn|13
|
|t:|1769385629
|move|p1a: Hatterene|Giga Drain|p2a: Landorus
|-damage|p2a: Landorus|31/100
|-heal|p1a: Hatterene|15/100|[from] drain|[of] p2a: Landorus
|move|p2a: Landorus|U-turn|p1a: Hatterene
|-supereffective|p1a: Hatterene
|-damage|p1a: Hatterene|0 fnt
|faint|p1a: Hatterene
|
|t:|1769385632
|switch|p2a: Sandy Shocks|Sandy Shocks|100/100|[from] U-turn
|
|upkeep
|
|t:|1769385635
|switch|p1a: Salamence|Salamence, M|100/100
|turn|14
|
|t:|1769385639
|move|p1a: Salamence|Dragon Claw|p2a: Sandy Shocks
|-damage|p2a: Sandy Shocks|57/100
|move|p2a: Sandy Shocks|Power Gem|p1a: Salamence
|-supereffective|p1a: Salamence
|-damage|p1a: Salamence|46/100
|
|-heal|p1a: Salamence|52/100|[from] item: Leftovers
|-fieldend|move: Trick Room
|upkeep
|turn|15
|
|t:|1769385649
|move|p2a: Sandy Shocks|Thunder Wave|p1a: Salamence
|-status|p1a: Salamence|par
|cant|p1a: Salamence|par
|
|-heal|p1a: Salamence|58/100 par|[from] item: Leftovers
|upkeep
|turn|16
|
|t:|1769385653
|move|p2a: Sandy Shocks|Power Gem|p1a: Salamence
|-supereffective|p1a: Salamence
|-damage|p1a: Salamence|0 fnt
|faint|p1a: Salamence
|
|upkeep
|
|t:|1769385655
|switch|p1a: Toxapex|Toxapex, F|69/100
|turn|17
|
|t:|1769385659
|move|p2a: Sandy Shocks|Earth Power|p1a: Toxapex
|-supereffective|p1a: Toxapex
|-damage|p1a: Toxapex|3/100
|move|p1a: Toxapex|Recover|p1a: Toxapex
|-heal|p1a: Toxapex|53/100
|
|-heal|p1a: Toxapex|59/100|[from] item: Leftovers
|upkeep
|turn|18
|
|t:|1769385663
|move|p2a: Sandy Shocks|Earth Power|p1a: Toxapex
|-supereffective|p1a: Toxapex
|-damage|p1a: Toxapex|0 fnt
|faint|p1a: Toxapex
|
|win|BBFleur32
|c|☆BBFleur32|gg
|c|☆Riovah|gg
