|j|☆burrito555
|j|☆enderpop
|t:|1769360557
|gametype|singles
|player|p1|burrito555|102|1151
|player|p2|enderpop|ethan|1118
|gen|9
|tier|[Gen 9] OU
|rated|
|rule|HP Percentage Mod: HP is shown in percentages
|rule|Endless Battle Clause: Forcing endless battles is banned
|rule|Species Clause: Limit one of each Pokémon
|rule|OHKO Clause: OHKO moves are banned
|rule|Evasion Items Clause: Evasion items are banned
|rule|Evasion Moves Clause: Evasion moves are banned
|rule|Evasion Abilities Clause: Evasion abilities are banned
|rule|Sleep Moves Clause: Sleep-inducing moves are banned
|clearpoke
|poke|p1|Darkrai|
|poke|p1|Pecharunt|
|poke|p1|Dragonite, M|
|poke|p1|Cinderace, M|
|poke|p1|Iron Treads|
|poke|p1|Garganacl, M|
|poke|p2|Chandelure, M|
|poke|p2|Gengar, M|
|poke|p2|Iron Valiant|
|poke|p2|Weavile, M|
|poke|p2|Raichu-Alola, M|
|poke|p2|Garchomp, F|
|teampreview
|inactive|Battle timer is ON: inactive players will automatically lose when time's up. (requested by enderpop)
|j| ikun ngm
|
|t:|1769360581
|teamsize|p1|6
|teamsize|p2|6
|start
|switch|p1a: Iron Treads|Iron Treads, shiny|100/100
|switch|p2a: Garchomp|Garchomp, F|100/100
|turn|1
|
|t:|1769360594
|-terastallize|p2a: Garchomp|Ground
|move|p2a: Garchomp|Swords Dance|p2a: Garchomp
|-boost|p2a: Garchomp|atk|2
|move|p1a: Iron Treads|Stealth Rock|p2a: Garchomp
|-sidestart|p2: enderpop|move: Stealth Rock
|
|upkeep
|turn|2
|
|t:|1769360602
|move|p2a: Garchomp|Earthquake|p1a: Iron Treads
|-supereffective|p1a: Iron Treads
|-damage|p1a: Iron Treads|0 fnt
|faint|p1a: Iron Treads
|-end|p1a: Iron Treads|Quark Drive|[silent]
|-damage|p2a: Garchomp|91/100|[from] item: Life Orb
|
|upkeep
|
|t:|1769360614
|switch|p1a: Dragonite|Dragonite, M, shiny|100/100
|turn|3
|
|t:|1769360617
|move|p2a: Garchomp|Outrage|p1a: Dragonite
|-supereffective|p1a: Dragonite
|-damage|p1a: Dragonite|0 fnt
|faint|p1a: Dragonite
|-damage|p2a: Garchomp|81/100|[from] item: Life Orb
|
|upkeep
|
|t:|1769360623
|switch|p1a: Darkrai|Darkrai, shiny|100/100
|turn|4
|
|t:|1769360628
|move|p1a: Darkrai|Ice Beam|p2a: Garchomp
|-supereffective|p2a: Garchomp
|-damage|p2a: Garchomp|0 fnt
|faint|p2a: Garchomp
|-damage|p1a: Darkrai|91/100|[from] item: Life Orb
|
|upkeep
|
|t:|1769360635
|switch|p2a: Iron Valiant|Iron Valiant|100/100
|-damage|p2a: Iron Valiant|94/100|[from] Stealth Rock
|-enditem|p2a: Iron Valiant|Booster Energy
|-activate|p2a: Iron Valiant|ability: Quark Drive|[fromitem]
|-start|p2a: Iron Valiant|quarkdrivespe
|turn|5
|
|t:|1769360648
|switch|p1a: Cinderace|Cinderace, M, shiny|100/100
|move|p2a: Iron Valiant|Moonblast|p1a: Cinderace
|-resisted|p1a: Cinderace
|-damage|p1a: Cinderace|69/100
|
|upkeep
|turn|6
|
|t:|1769360655
|move|p2a: Iron Valiant|Aura Sphere|p1a: Cinderace
|-damage|p1a: Cinderace|14/100
|move|p1a: Cinderace|Pyro Ball|p2a: Iron Valiant
|-damage|p2a: Iron Valiant|26/100
|
|upkeep
|turn|7
|
|t:|1769360662
|move|p1a: Cinderace|Sucker Punch|p2a: Iron Valiant
|-start|p1a: Cinderace|typechange|Dark|[from] ability: Libero
|-resisted|p2a: Iron Valiant
|-damage|p2a: Iron Valiant|15/100
|move|p2a: Iron Valiant|Aura Sphere|p1a: Cinderace
|-supereffective|p1a: Cinderace
|-damage|p1a: Cinderace|0 fnt
|faint|p1a: Cinderace
|
|upkeep
|
|t:|1769360680
|switch|p1a: Darkrai|Darkrai, shiny|91/100
|turn|8
|
|t:|1769360685
|move|p2a: Iron Valiant|Moonblast|p1a: Darkrai
|-supereffective|p1a: Darkrai
|-damage|p1a: Darkrai|0 fnt
|faint|p1a: Darkrai
|
|upkeep
|
|t:|1769360693
|switch|p1a: Pecharunt|Pecharunt|100/100
|turn|9
|
|t:|1769360708
|move|p2a: Iron Valiant|Thunderbolt|p1a: Pecharunt
|-damage|p1a: Pecharunt|70/100
|-status|p1a: Pecharunt|par
|move|p1a: Pecharunt|Shadow Ball|p2a: Iron Valiant
|-damage|p2a: Iron Valiant|0 fnt
|faint|p2a: Iron Valiant
|-end|p2a: Iron Valiant|Quark Drive|[silent]
|
|upkeep
|
|t:|1769360719
|switch|p2a: Gengar|Gengar, M|100/100
|-damage|p2a: Gengar|88/100|[from] Stealth Rock
|turn|10
|
|t:|1769360726
|move|p2a: Gengar|Shadow Ball|p1a: Pecharunt
|-supereffective|p1a: Pecharunt
|-damage|p1a: Pecharunt|0 fnt
|faint|p1a: Pecharunt
|-damage|p2a: Gengar|78/100|[from] item: Life Orb
|
|upkeep
|
|t:|1769360731
|switch|p1a: Garganacl|Garganacl, M, shiny|100/100
|turn|11
|
|t:|1769360746
|move|p2a: Gengar|Shadow Ball|p1a: Garganacl
|-damage|p1a: Garganacl|80/100
|-damage|p2a: Gengar|68/100|[from] item: Life Orb
|move|p1a: Garganacl|Salt Cure|p2a: Gengar
|-damage|p2a: Gengar|43/100
|-start|p2a: Gengar|Salt Cure
|
|-heal|p1a: Garganacl|86/100|[from] item: Leftovers
|-damage|p2a: Gengar|30/100|[from] Salt Cure
|upkeep
|turn|12
|
|t:|1769360755
|move|p2a: Gengar|Sludge Wave|p1a: Garganacl
|-resisted|p1a: Garganacl
|-damage|p1a: Garganacl|65/100
|-damage|p2a: Gengar|20/100|[from] item: Life Orb
|move|p1a: Garganacl|Curse|p1a: Garganacl
|-unboost|p1a: Garganacl|spe|1
|-boost|p1a: Garganacl|atk|1
|-boost|p1a: Garganacl|def|1
|
|-heal|p1a: Garganacl|71/100|[from] item: Leftovers
|-damage|p2a: Gengar|8/100|[from] Salt Cure
|upkeep
|turn|13
|
|t:|1769360766
|move|p2a: Gengar|Will-O-Wisp|p1a: Garganacl
|-immune|p1a: Garganacl|[from] ability: Purifying Salt
|move|p1a: Garganacl|Curse|p1a: Garganacl
|-unboost|p1a: Garganacl|spe|1
|-boost|p1a: Garganacl|atk|1
|-boost|p1a: Garganacl|def|1
|
|-heal|p1a: Garganacl|77/100|[from] item: Leftovers
|-damage|p2a: Gengar|0 fnt|[from] Salt Cure
|faint|p2a: Gengar
|upkeep
|
|t:|1769360772
|switch|p2a: Raichu|Raichu-Alola, M|100/100
|-damage|p2a: Raichu|88/100|[from] Stealth Rock
|turn|14
|
|t:|1769360780
|move|p2a: Raichu|Surf|p1a: Garganacl
|-supereffective|p1a: Garganacl
|-damage|p1a: Garganacl|33/100
|-damage|p2a: Raichu|78/100|[from] item: Life Orb
|move|p1a: Garganacl|Curse|p1a: Garganacl
|-unboost|p1a: Garganacl|spe|1
|-boost|p1a: Garganacl|atk|1
|-boost|p1a: Garganacl|def|1
|
|-heal|p1a: Garganacl|39/100|[from] item: Leftovers
|upkeep
|turn|15
|
|t:|1769360793
|-terastallize|p1a: Garganacl|Water
|move|p2a: Raichu|Surf|p1a: Garganacl
|-resisted|p1a: Garganacl
|-damage|p1a: Garganacl|28/100
|-damage|p2a: Raichu|68/100|[from] item: Life Orb
|move|p1a: Garganacl|Recover|p1a: Garganacl
|-heal|p1a: Garganacl|78/100
|
|-heal|p1a: Garganacl|84/100|[from] item: Leftovers
|upkeep
|turn|16
|
|t:|1769360803
|move|p2a: Raichu|Thunderbolt|p1a: Garganacl
|-supereffective|p1a: Garganacl
|-damage|p1a: Garganacl|21/100
|-damage|p2a: Raichu|58/100|[from] item: Life Orb
|move|p1a: Garganacl|Salt Cure|p2a: Raichu
|-damage|p2a: Raichu|0 fnt
|faint|p2a: Raichu
|
|-heal|p1a: Garganacl|27/100|[from] item: Leftovers
|upkeep
|
|t:|1769360811
|switch|p2a: Chandelure|Chandelure, M|100/100
|-damage|p2a: Chandelure|76/100|[from] Stealth Rock
|turn|17
|
|t:|1769360815
|move|p2a: Chandelure|Energy Ball|p1a: Garganacl
|-supereffective|p1a: Garganacl
|-damage|p1a: Garganacl|0 fnt
|faint|p1a: Garganacl
|
|win|enderpop
|raw|burrito555's rating: 1151 &rarr; <strong>1124</strong><br />(-27 for losing)
|raw|enderpop's rating: 1118 &rarr; <strong>1145</strong><br />(+27 for winning)
|l|☆burrito555
|player|p1|
|l|☆enderpop
|player|p2|
|l| ikun ngm
