|j|☆cospway
|j|☆darkpiss28
|t:|1769325069
|gametype|singles
|player|p1|cospway|iris-gen5bw2|1319
|player|p2|darkpiss28|youngster-gen4dp|1299
|gen|9
|tier|[Gen 9] OU
|rated|
|rule|HP Percentage Mod: HP is shown in percentages
|rule|Endless Battle Clause: Forcing endless battles is banned
|rule|Species Clause: Limit one of each Pokémon
|rule|OHKO Clause: OHKO moves are banned
|rule|Evasion Items Clause: Evasion items are banned
|rule|Evasion Moves Clause: Evasion moves are banned
|rule|Evasion Abilities Clause: Evasion abilities are banned
|rule|Sleep Moves Clause: Sleep-inducing moves are banned
|clearpoke
|poke|p1|Cresselia, F|
|poke|p1|Mew|
|poke|p1|Gholdengo|
|poke|p1|Kingambit, M|
|poke|p1|Hoopa-Unbound|
|poke|p1|Azumarill, M|
|poke|p2|Heatran, M|
|poke|p2|Tyranitar, F|
|poke|p2|Landorus-Therian, M|
|poke|p2|Garchomp, M|
|poke|p2|Rillaboom, F|
|poke|p2|Pecharunt|
|teampreview
|inactive|Battle timer is ON: inactive players will automatically lose when time's up. (requested by darkpiss28)
|inactive|darkpiss28 has 120 seconds left.
|
|t:|1769325115
|teamsize|p1|6
|teamsize|p2|6
|start
|switch|p1a: Mew|Mew|100/100
|switch|p2a: Goatrus-Therian|Landorus-Therian, M|100/100
|-ability|p2a: Goatrus-Therian|Intimidate|boost
|-unboost|p1a: Mew|atk|1
|turn|1
|
|t:|1769325145
|move|p2a: Goatrus-Therian|U-turn|p1a: Mew
|-supereffective|p1a: Mew
|-damage|p1a: Mew|63/100
|
|t:|1769325151
|switch|p2a: Goatran|Heatran, M|100/100|[from] U-turn
|move|p1a: Mew|Stealth Rock|p2a: Goatran
|-sidestart|p2: darkpiss28|move: Stealth Rock
|
|upkeep
|turn|2
|
|t:|1769325158
|move|p1a: Mew|Earth Power|p2a: Goatran
|-supereffective|p2a: Goatran
|-damage|p2a: Goatran|50/100
|move|p2a: Goatran|Magma Storm|p1a: Mew
|-damage|p1a: Mew|33/100
|-activate|p1a: Mew|move: Magma Storm|[of] p2a: Goatran
|
|-heal|p2a: Goatran|56/100|[from] item: Leftovers
|-damage|p1a: Mew|20/100|[from] move: Magma Storm|[partiallytrapped]
|upkeep
|turn|3
|
|t:|1769325167
|move|p2a: Goatran|Protect|p2a: Goatran
|-singleturn|p2a: Goatran|Protect
|move|p1a: Mew|Trick Room|p1a: Mew
|-fieldstart|move: Trick Room|[of] p1a: Mew
|
|-heal|p2a: Goatran|62/100|[from] item: Leftovers
|-damage|p1a: Mew|8/100|[from] move: Magma Storm|[partiallytrapped]
|upkeep
|turn|4
|inactive|darkpiss28 has 120 seconds left.
|
|t:|1769325204
|move|p2a: Goatran|Earth Power|p1a: Mew
|-damage|p1a: Mew|0 fnt
|faint|p1a: Mew
|
|-heal|p2a: Goatran|68/100|[from] item: Leftovers
|upkeep
|
|t:|1769325228
|switch|p1a: Hoopa|Hoopa-Unbound|100/100
|-enditem|p1a: Hoopa|Room Service
|-unboost|p1a: Hoopa|spe|1|[from] item: Room Service
|turn|5
|inactive|darkpiss28 has 120 seconds left.
|
|t:|1769325238
|move|p2a: Goatran|Protect|p2a: Goatran
|-singleturn|p2a: Goatran|Protect
|move|p1a: Hoopa|Hyperspace Fury|p2a: Goatran
|-activate|p2a: Goatran|move: Hyperspace Fury|[broken]
|-damage|p2a: Goatran|14/100
|-unboost|p1a: Hoopa|def|1
|-item|p1a: Hoopa|Leftovers|[from] ability: Magician|[of] p2a: Goatran
|
|upkeep
|turn|6
|inactive|darkpiss28 has 120 seconds left.
|
|t:|1769325260
|switch|p2a: Goatrus-Therian|Landorus-Therian, M|100/100
|-damage|p2a: Goatrus-Therian|88/100|[from] Stealth Rock
|-ability|p2a: Goatrus-Therian|Intimidate|boost
|-unboost|p1a: Hoopa|atk|1
|move|p1a: Hoopa|Focus Blast|p2a: Goatrus-Therian|[miss]
|-miss|p1a: Hoopa|p2a: Goatrus-Therian
|
|-heal|p2a: Goatrus-Therian|94/100|[from] item: Leftovers
|upkeep
|turn|7
|
|t:|1769325276
|switch|p1a: Gholdengo|Gholdengo|100/100
|-item|p1a: Gholdengo|Air Balloon
|move|p2a: Goatrus-Therian|U-turn|p1a: Gholdengo
|-resisted|p1a: Gholdengo
|-damage|p1a: Gholdengo|95/100
|-enditem|p1a: Gholdengo|Air Balloon
|inactive|darkpiss28 has 90 seconds left.
|inactive|darkpiss28 has 60 seconds left.
|
|t:|1769325329
|switch|p2a: GoatTar|Tyranitar, F|100/100|[from] U-turn
|-damage|p2a: GoatTar|88/100|[from] Stealth Rock
|-weather|Sandstorm|[from] ability: Sand Stream|[of] p2a: GoatTar
|
|-weather|Sandstorm|[upkeep]
|-fieldend|move: Trick Room
|upkeep
|turn|8
|inactive|darkpiss28 has 60 seconds left.
|
|t:|1769325349
|switch|p1a: Cresselia|Cresselia, F|100/100
|-terastallize|p2a: GoatTar|Flying
|move|p2a: GoatTar|Earthquake|p1a: Cresselia
|-immune|p1a: Cresselia|[from] ability: Levitate
|
|-weather|Sandstorm|[upkeep]
|-damage|p2a: GoatTar|82/100|[from] Sandstorm
|-damage|p1a: Cresselia|94/100|[from] Sandstorm
|upkeep
|turn|9
|inactive|darkpiss28 has 60 seconds left.
|
|t:|1769325362
|switch|p2a: RillaGoat|Rillaboom, F|100/100
|-damage|p2a: RillaGoat|88/100|[from] Stealth Rock
|-fieldstart|move: Grassy Terrain|[from] ability: Grassy Surge|[of] p2a: RillaGoat
|move|p1a: Cresselia|Trick Room|p1a: Cresselia
|-fieldstart|move: Trick Room|[of] p1a: Cresselia
|
|-weather|Sandstorm|[upkeep]
|-damage|p1a: Cresselia|88/100|[from] Sandstorm
|-damage|p2a: RillaGoat|82/100|[from] Sandstorm
|-heal|p2a: RillaGoat|88/100|[from] Grassy Terrain
|upkeep
|turn|10
|inactive|darkpiss28 has 60 seconds left.
|
|t:|1769325377
|move|p1a: Cresselia|Ice Beam|p2a: RillaGoat
|-supereffective|p2a: RillaGoat
|-damage|p2a: RillaGoat|54/100
|move|p2a: RillaGoat|Knock Off|p1a: Cresselia
|-supereffective|p1a: Cresselia
|-damage|p1a: Cresselia|31/100
|-enditem|p1a: Cresselia|Mental Herb|[from] move: Knock Off|[of] p2a: RillaGoat
|
|-weather|Sandstorm|[upkeep]
|-damage|p1a: Cresselia|25/100|[from] Sandstorm
|-damage|p2a: RillaGoat|48/100|[from] Sandstorm
|-heal|p2a: RillaGoat|54/100|[from] Grassy Terrain
|upkeep
|turn|11
|
|t:|1769325396
|switch|p2a: Goatran|Heatran, M|14/100
|-damage|p2a: Goatran|2/100|[from] Stealth Rock
|move|p1a: Cresselia|Lunar Dance|p1a: Cresselia
|faint|p1a: Cresselia
|
|-weather|none
|-heal|p2a: Goatran|8/100|[from] Grassy Terrain
|upkeep
|inactive|cospway has 120 seconds left.
|
|t:|1769325413
|switch|p1a: Gholdengo|Gholdengo|95/100
|-heal|p1a: Gholdengo|100/100|[from] move: Lunar Dance
|turn|12
|inactive|cospway has 120 seconds left.
|inactive|darkpiss28 has 30 seconds left.
|
|t:|1769325445
|move|p2a: Goatran|Protect|p2a: Goatran
|-singleturn|p2a: Goatran|Protect
|move|p1a: Gholdengo|Shadow Ball|p2a: Goatran
|-activate|p2a: Goatran|move: Protect
|
|-heal|p2a: Goatran|14/100|[from] Grassy Terrain
|upkeep
|turn|13
|inactive|cospway has 120 seconds left.
|
|t:|1769325456
|move|p1a: Gholdengo|Shadow Ball|p2a: Goatran
|-damage|p2a: Goatran|0 fnt
|faint|p2a: Goatran
|
|-fieldend|move: Trick Room
|-fieldend|move: Grassy Terrain
|upkeep
|inactive|darkpiss28 has 30 seconds left.
|
|t:|1769325466
|switch|p2a: GoatTar|Tyranitar, F, tera:Flying|82/100
|-damage|p2a: GoatTar|57/100|[from] Stealth Rock
|-weather|Sandstorm|[from] ability: Sand Stream|[of] p2a: GoatTar
|turn|14
|inactive|cospway has 120 seconds left.
|
|t:|1769325482
|move|p2a: GoatTar|Earthquake|p1a: Gholdengo
|-supereffective|p1a: Gholdengo
|-damage|p1a: Gholdengo|0 fnt
|faint|p1a: Gholdengo
|
|-weather|Sandstorm|[upkeep]
|-damage|p2a: GoatTar|51/100|[from] Sandstorm
|upkeep
|inactive|cospway has 120 seconds left.
|
|t:|1769325491
|switch|p1a: Hoopa|Hoopa-Unbound|100/100
|turn|15
|
|t:|1769325500
|switch|p2a: Goatrus-Therian|Landorus-Therian, M|94/100
|-damage|p2a: Goatrus-Therian|82/100|[from] Stealth Rock
|-ability|p2a: Goatrus-Therian|Intimidate|boost
|-unboost|p1a: Hoopa|atk|1
|move|p1a: Hoopa|Trick Room|p1a: Hoopa
|-fieldstart|move: Trick Room|[of] p1a: Hoopa
|
|-weather|Sandstorm|[upkeep]
|-damage|p1a: Hoopa|94/100|[from] Sandstorm
|-heal|p1a: Hoopa|100/100|[from] item: Leftovers
|-heal|p2a: Goatrus-Therian|88/100|[from] item: Leftovers
|upkeep
|turn|16
|
|t:|1769325517
|move|p1a: Hoopa|Hyperspace Fury|p2a: Goatrus-Therian
|-damage|p2a: Goatrus-Therian|34/100
|-unboost|p1a: Hoopa|def|1
|move|p2a: Goatrus-Therian|U-turn|p1a: Hoopa
|-supereffective|p1a: Hoopa
|-damage|p1a: Hoopa|0 fnt
|faint|p1a: Hoopa
|
|t:|1769325529
|switch|p2a: Goatchomp|Garchomp, M, shiny|100/100|[from] U-turn
|-damage|p2a: Goatchomp|94/100|[from] Stealth Rock
|
|-weather|Sandstorm|[upkeep]
|upkeep
|
|t:|1769325536
|switch|p1a: Azumarill|Azumarill, M|100/100
|turn|17
|inactive|darkpiss28 has 60 seconds left.
|
|t:|1769325549
|move|p1a: Azumarill|Knock Off|p2a: Goatchomp
|-damage|p2a: Goatchomp|59/100
|-damage|p1a: Azumarill|88/100|[from] ability: Rough Skin|[of] p2a: Goatchomp
|-damage|p1a: Azumarill|72/100|[from] item: Rocky Helmet|[of] p2a: Goatchomp
|-enditem|p2a: Goatchomp|Rocky Helmet|[from] move: Knock Off|[of] p1a: Azumarill
|move|p2a: Goatchomp|Earthquake|p1a: Azumarill
|-damage|p1a: Azumarill|31/100
|
|-weather|Sandstorm|[upkeep]
|-damage|p1a: Azumarill|25/100|[from] Sandstorm
|upkeep
|turn|18
|inactive|darkpiss28 has 60 seconds left.
|
|t:|1769325558
|move|p1a: Azumarill|Knock Off|p2a: Goatchomp
|-damage|p2a: Goatchomp|31/100
|-damage|p1a: Azumarill|12/100|[from] ability: Rough Skin|[of] p2a: Goatchomp
|move|p2a: Goatchomp|Earthquake|p1a: Azumarill
|-damage|p1a: Azumarill|0 fnt
|faint|p1a: Azumarill
|
|-weather|none
|upkeep
|
|t:|1769325564
|switch|p1a: Kingambit|Kingambit, M|100/100
|-activate|p1a: Kingambit|ability: Supreme Overlord
|-start|p1a: Kingambit|fallen5|[silent]
|turn|19
|
|t:|1769325567
|-terastallize|p1a: Kingambit|Fairy
|move|p1a: Kingambit|Swords Dance|p1a: Kingambit
|-boost|p1a: Kingambit|atk|2
|move|p2a: Goatchomp|Earthquake|p1a: Kingambit
|-damage|p1a: Kingambit|67/100
|
|-heal|p1a: Kingambit|73/100|[from] item: Leftovers
|-fieldend|move: Trick Room
|upkeep
|turn|20
|
|t:|1769325577
|move|p1a: Kingambit|Sucker Punch|p2a: Goatchomp
|-damage|p2a: Goatchomp|0 fnt
|-damage|p1a: Kingambit|61/100|[from] ability: Rough Skin|[of] p2a: Goatchomp
|faint|p2a: Goatchomp
|
|-heal|p1a: Kingambit|67/100|[from] item: Leftovers
|upkeep
|
|t:|1769325601
|switch|p2a: Goatrus-Therian|Landorus-Therian, M|34/100
|-damage|p2a: Goatrus-Therian|22/100|[from] Stealth Rock
|-ability|p2a: Goatrus-Therian|Intimidate|boost
|-unboost|p1a: Kingambit|atk|1
|turn|21
|
|t:|1769325612
|move|p2a: Goatrus-Therian|Earthquake|p1a: Kingambit
|-damage|p1a: Kingambit|23/100
|move|p1a: Kingambit|Tera Blast|p2a: Goatrus-Therian|[anim] Tera Blast Fairy
|-damage|p2a: Goatrus-Therian|0 fnt
|faint|p2a: Goatrus-Therian
|
|-heal|p1a: Kingambit|29/100|[from] item: Leftovers
|upkeep
|
|t:|1769325617
|switch|p2a: RillaGoat|Rillaboom, F|54/100
|-damage|p2a: RillaGoat|42/100|[from] Stealth Rock
|-fieldstart|move: Grassy Terrain|[from] ability: Grassy Surge|[of] p2a: RillaGoat
|turn|22
|
|t:|1769325625
|move|p2a: RillaGoat|Grassy Glide|p1a: Kingambit
|-damage|p1a: Kingambit|0 fnt
|faint|p1a: Kingambit
|-end|p1a: Kingambit|fallen5|[silent]
|
|win|darkpiss28
|raw|cospway's rating: 1319 &rarr; <strong>1298</strong><br />(-21 for losing)
|raw|darkpiss28's rating: 1299 &rarr; <strong>1325</strong><br />(+26 for winning)
|l|☆cospway
|player|p1|
|l|☆darkpiss28
|player|p2|
|j|☆darkpiss28
|player|p2|darkpiss28|youngster-gen4dp|
