|j|☆BuffRagavan
|j|☆Dragonzord6
|t:|1769408370
|gametype|singles
|player|p1|BuffRagavan|pokemaniac|1382
|player|p2|Dragonzord6|lance|1341
|gen|9
|tier|[Gen 9] OU
|rated|
|rule|HP Percentage Mod: HP is shown in percentages
|rule|Endless Battle Clause: Forcing endless battles is banned
|rule|Species Clause: Limit one of each Pokémon
|rule|OHKO Clause: OHKO moves are banned
|rule|Evasion Items Clause: Evasion items are banned
|rule|Evasion Moves Clause: Evasion moves are banned
|rule|Evasion Abilities Clause: Evasion abilities are banned
|rule|Sleep Moves Clause: Sleep-inducing moves are banned
|clearpoke
|poke|p1|Empoleon, F|
|poke|p1|Pecharunt|
|poke|p1|Torterra, M|
|poke|p1|Darkrai|
|poke|p1|Staraptor, M|
|poke|p1|Gallade, M|
|poke|p2|Pelipper, M|
|poke|p2|Kingdra, F|
|poke|p2|Barraskewda, M|
|poke|p2|Raging Bolt|
|poke|p2|Tornadus-Therian, M|
|poke|p2|Kyurem|
|teampreview
|inactive|Battle timer is ON: inactive players will automatically lose when time's up. (requested by Dragonzord6)
|
|t:|1769408380
|teamsize|p1|6
|teamsize|p2|6
|start
|switch|p1a: REEEEEE|Staraptor, M|100/100
|switch|p2a: Messenger|Pelipper, M, shiny|100/100
|-weather|RainDance|[from] ability: Drizzle|[of] p2a: Messenger
|turn|1
|
|t:|1769408395
|-terastallize|p1a: REEEEEE|Normal
|move|p1a: REEEEEE|Double-Edge|p2a: Messenger
|-damage|p2a: Messenger|0 fnt
|faint|p2a: Messenger
|-damage|p1a: REEEEEE|66/100|[from] Recoil
|
|-weather|RainDance|[upkeep]
|upkeep
|
|t:|1769408405
|switch|p2a: Kingdra|Kingdra, F, shiny|100/100
|turn|2
|
|t:|1769408409
|switch|p1a: PengWin|Empoleon, F|100/100
|move|p2a: Kingdra|Weather Ball|p1a: PengWin
|-resisted|p1a: PengWin
|-damage|p1a: PengWin|69/100
|
|-weather|RainDance|[upkeep]
|-heal|p1a: PengWin|75/100|[from] item: Leftovers
|upkeep
|turn|3
|
|t:|1769408421
|-terastallize|p2a: Kingdra|Water
|move|p2a: Kingdra|Weather Ball|p1a: PengWin
|-resisted|p1a: PengWin
|-damage|p1a: PengWin|33/100
|move|p1a: PengWin|Roost|p1a: PengWin
|-heal|p1a: PengWin|83/100
|-singleturn|p1a: PengWin|move: Roost
|
|-weather|RainDance|[upkeep]
|-heal|p1a: PengWin|89/100|[from] item: Leftovers
|upkeep
|turn|4
|
|t:|1769408432
|switch|p2a: Raging Bolt|Raging Bolt|100/100
|-enditem|p2a: Raging Bolt|Booster Energy
|-activate|p2a: Raging Bolt|ability: Protosynthesis|[fromitem]
|-start|p2a: Raging Bolt|protosynthesisspa
|move|p1a: PengWin|Roost|p1a: PengWin
|-heal|p1a: PengWin|100/100
|-singleturn|p1a: PengWin|move: Roost
|
|-weather|RainDance|[upkeep]
|upkeep
|turn|5
|
|t:|1769408442
|switch|p1a: op Twig|Torterra, M|100/100
|move|p2a: Raging Bolt|Thunder|p1a: op Twig
|-immune|p1a: op Twig
|
|-weather|RainDance|[upkeep]
|upkeep
|turn|6
|
|t:|1769408451
|move|p1a: op Twig|Headlong Rush|p2a: Raging Bolt
|-supereffective|p2a: Raging Bolt
|-damage|p2a: Raging Bolt|2/100
|-unboost|p1a: op Twig|def|1
|-unboost|p1a: op Twig|spd|1
|move|p2a: Raging Bolt|Weather Ball|p1a: op Twig
|-damage|p1a: op Twig|0 fnt
|faint|p1a: op Twig
|
|-weather|RainDance|[upkeep]
|upkeep
|
|t:|1769408469
|switch|p1a: H I M|Gallade, M|100/100
|turn|7
|
|t:|1769408473
|move|p2a: Raging Bolt|Thunderclap|p1a: H I M
|-damage|p1a: H I M|44/100
|move|p1a: H I M|Knock Off|p2a: Raging Bolt
|-damage|p2a: Raging Bolt|0 fnt
|faint|p2a: Raging Bolt
|-end|p2a: Raging Bolt|Protosynthesis|[silent]
|
|-weather|RainDance|[upkeep]
|upkeep
|
|t:|1769408482
|switch|p2a: Barraskewda|Barraskewda, M, shiny|100/100
|turn|8
|
|t:|1769408486
|switch|p1a: powercreep fake|Pecharunt|100/100
|move|p2a: Barraskewda|Flip Turn|p1a: powercreep fake
|-damage|p1a: powercreep fake|59/100
|
|t:|1769408498
|switch|p2a: Kyurem|Kyurem, shiny|100/100|[from] Flip Turn
|-ability|p2a: Kyurem|Pressure
|
|-weather|none
|upkeep
|turn|9
|
|t:|1769408505
|move|p2a: Kyurem|Freeze-Dry|p1a: powercreep fake
|-damage|p1a: powercreep fake|18/100
|move|p1a: powercreep fake|Malignant Chain|p2a: Kyurem
|-damage|p2a: Kyurem|73/100
|
|upkeep
|turn|10
|
|t:|1769408512
|move|p2a: Kyurem|Freeze-Dry|p1a: powercreep fake
|-damage|p1a: powercreep fake|0 fnt
|faint|p1a: powercreep fake
|
|upkeep
|
|t:|1769408524
|switch|p1a: PengWin|Empoleon, F|100/100
|turn|11
|
|t:|1769408527
|move|p2a: Kyurem|Freeze-Dry|p1a: PengWin
|-damage|p1a: PengWin|62/100
|move|p1a: PengWin|Stealth Rock|p2a: Kyurem
|-sidestart|p2: Dragonzord6|move: Stealth Rock
|
|-heal|p1a: PengWin|69/100|[from] item: Leftovers
|upkeep
|turn|12
|
|t:|1769408542
|move|p2a: Kyurem|Freeze-Dry|p1a: PengWin
|-damage|p1a: PengWin|29/100
|move|p1a: PengWin|Roost|p1a: PengWin
|-heal|p1a: PengWin|79/100
|-singleturn|p1a: PengWin|move: Roost
|
|-heal|p1a: PengWin|85/100|[from] item: Leftovers
|upkeep
|turn|13
|
|t:|1769408551
|move|p2a: Kyurem|Freeze-Dry|p1a: PengWin
|-damage|p1a: PengWin|46/100
|-status|p1a: PengWin|frz
|cant|p1a: PengWin|frz
|
|-heal|p1a: PengWin|53/100 frz|[from] item: Leftovers
|upkeep
|turn|14
|
|t:|1769408559
|move|p2a: Kyurem|Freeze-Dry|p1a: PengWin
|-damage|p1a: PengWin|15/100 frz
|cant|p1a: PengWin|frz
|
|-heal|p1a: PengWin|21/100 frz|[from] item: Leftovers
|upkeep
|turn|15
|
|t:|1769408566
|move|p2a: Kyurem|Freeze-Dry|p1a: PengWin
|-damage|p1a: PengWin|0 fnt
|faint|p1a: PengWin
|
|upkeep
|
|t:|1769408573
|switch|p1a: H I M|Gallade, M|44/100
|turn|16
|
|t:|1769408577
|move|p1a: H I M|Close Combat|p2a: Kyurem
|-supereffective|p2a: Kyurem
|-damage|p2a: Kyurem|0 fnt
|-unboost|p1a: H I M|def|1
|-unboost|p1a: H I M|spd|1
|faint|p2a: Kyurem
|
|upkeep
|
|t:|1769408588
|switch|p2a: Barraskewda|Barraskewda, M, shiny|100/100
|-damage|p2a: Barraskewda|88/100|[from] Stealth Rock
|turn|17
|
|t:|1769408593
|move|p1a: H I M|Close Combat|p2a: Barraskewda
|-damage|p2a: Barraskewda|0 fnt
|-unboost|p1a: H I M|def|1
|-unboost|p1a: H I M|spd|1
|faint|p2a: Barraskewda
|
|upkeep
|
|t:|1769408600
|switch|p2a: Tornadus|Tornadus-Therian, M, shiny|100/100
|-damage|p2a: Tornadus|76/100|[from] Stealth Rock
|turn|18
|
|t:|1769408606
|switch|p1a: eternal sleep|Darkrai|100/100
|move|p2a: Tornadus|Bleakwind Storm|p1a: eternal sleep|[miss]
|-miss|p2a: Tornadus|p1a: eternal sleep
|
|upkeep
|turn|19
|
|t:|1769408612
|move|p1a: eternal sleep|Ice Beam|p2a: Tornadus
|-supereffective|p2a: Tornadus
|-damage|p2a: Tornadus|0 fnt
|faint|p2a: Tornadus
|-damage|p1a: eternal sleep|91/100|[from] item: Life Orb
|
|upkeep
|
|t:|1769408619
|switch|p2a: Kingdra|Kingdra, F, shiny, tera:Water|100/100
|-damage|p2a: Kingdra|88/100|[from] Stealth Rock
|turn|20
|
|t:|1769408627
|move|p1a: eternal sleep|Dark Pulse|p2a: Kingdra
|-damage|p2a: Kingdra|18/100
|-damage|p1a: eternal sleep|81/100|[from] item: Life Orb
|move|p2a: Kingdra|Dragon Pulse|p1a: eternal sleep
|-damage|p1a: eternal sleep|0 fnt
|faint|p1a: eternal sleep
|
|upkeep
|
|t:|1769408632
|switch|p1a: REEEEEE|Staraptor, M, tera:Normal|66/100
|turn|21
|c|☆Dragonzord6|And this is why i hate low ladder
|
|t:|1769408649
|move|p1a: REEEEEE|Double-Edge|p2a: Kingdra
|-damage|p2a: Kingdra|0 fnt
|faint|p2a: Kingdra
|-damage|p1a: REEEEEE|61/100|[from] Recoil
|
|win|BuffRagavan
|raw|BuffRagavan's rating: 1382 &rarr; <strong>1400</strong><br />(+18 for winning)
|raw|Dragonzord6's rating: 1341 &rarr; <strong>1323</strong><br />(-18 for losing)
