|j|☆zigachad
|j|☆kuzwa
|t:|1769396515
|gametype|singles
|player|p1|zigachad|unknown|1347
|player|p2|kuzwa|clerk|1317
|gen|9
|tier|[Gen 9] OU
|rated|
|rule|HP Percentage Mod: HP is shown in percentages
|rule|Endless Battle Clause: Forcing endless battles is banned
|rule|Species Clause: Limit one of each Pokémon
|rule|OHKO Clause: OHKO moves are banned
|rule|Evasion Items Clause: Evasion items are banned
|rule|Evasion Moves Clause: Evasion moves are banned
|rule|Evasion Abilities Clause: Evasion abilities are banned
|rule|Sleep Moves Clause: Sleep-inducing moves are banned
|clearpoke
|poke|p1|Revavroom, F|
|poke|p1|Zapdos|
|poke|p1|Arcanine-Hisui, F|
|poke|p1|Greninja-*, M|
|poke|p1|Ogerpon, F|
|poke|p1|Great Tusk|
|poke|p2|Dragapult, M|
|poke|p2|Slowking-Galar, M|
|poke|p2|Grafaiai, M|
|poke|p2|Alomomola, M|
|poke|p2|Weezing-Galar, M|
|poke|p2|Blissey, F|
|teampreview
|inactive|Battle timer is ON: inactive players will automatically lose when time's up. (requested by kuzwa)
|inactive|zigachad also wants the timer to be on.
|
|t:|1769396528
|teamsize|p1|6
|teamsize|p2|6
|start
|switch|p1a: Revavroom|Revavroom, F|100/100
|switch|p2a: Joga|Grafaiai, M|100/100
|-item|p1a: Revavroom|Air Balloon
|turn|1
|
|t:|1769396536
|move|p2a: Joga|Knock Off|p1a: Revavroom
|-damage|p1a: Revavroom|75/100
|-enditem|p1a: Revavroom|Air Balloon
|move|p1a: Revavroom|Shift Gear|p1a: Revavroom
|-boost|p1a: Revavroom|spe|2
|-boost|p1a: Revavroom|atk|1
|
|upkeep
|turn|2
|
|t:|1769396544
|move|p2a: Joga|Encore|p1a: Revavroom
|-start|p1a: Revavroom|Encore
|move|p1a: Revavroom|Shift Gear|p1a: Revavroom
|-boost|p1a: Revavroom|spe|2
|-boost|p1a: Revavroom|atk|1
|
|upkeep
|turn|3
|
|t:|1769396554
|move|p2a: Joga|Parting Shot|p1a: Revavroom
|-unboost|p1a: Revavroom|atk|1
|-unboost|p1a: Revavroom|spa|1
|
|t:|1769396560
|switch|p2a: Unworthy of Name|Alomomola, M|100/100|[from] Parting Shot
|move|p1a: Revavroom|Shift Gear|p1a: Revavroom
|-boost|p1a: Revavroom|spe|2
|-boost|p1a: Revavroom|atk|1
|
|upkeep
|turn|4
|
|t:|1769396568
|move|p1a: Revavroom|Shift Gear|p1a: Revavroom
|-boost|p1a: Revavroom|spe|0
|-boost|p1a: Revavroom|atk|1
|move|p2a: Unworthy of Name|Flip Turn|p1a: Revavroom
|-damage|p1a: Revavroom|55/100
|
|t:|1769396571
|switch|p2a: Joga|Grafaiai, M|100/100|[from] Flip Turn
|
|-end|p1a: Revavroom|Encore
|upkeep
|turn|5
|
|t:|1769396583
|switch|p1a: Zapdos|Zapdos|100/100
|move|p2a: Joga|Encore||[still]
|-fail|p2a: Joga
|
|upkeep
|turn|6
|
|t:|1769396592
|move|p2a: Joga|Parting Shot|p1a: Zapdos
|-unboost|p1a: Zapdos|atk|1
|-unboost|p1a: Zapdos|spa|1
|
|t:|1769396594
|switch|p2a: White Ball|Blissey, F|100/100|[from] Parting Shot
|move|p1a: Zapdos|Volt Switch|p2a: White Ball
|-damage|p2a: White Ball|92/100
|
|t:|1769396601
|switch|p1a: Great Tusk|Great Tusk|100/100|[from] Volt Switch
|
|-heal|p2a: White Ball|98/100|[from] item: Leftovers
|upkeep
|turn|7
|
|t:|1769396608
|switch|p2a: Unworthy of Name|Alomomola, M|100/100
|move|p1a: Great Tusk|Stealth Rock|p2a: Unworthy of Name
|-sidestart|p2: kuzwa|move: Stealth Rock
|
|upkeep
|turn|8
|
|t:|1769396614
|-end|p1a: Great Tusk|Protosynthesis|[silent]
|switch|p1a: Revavroom|Revavroom, F|55/100
|move|p2a: Unworthy of Name|Flip Turn|p1a: Revavroom
|-damage|p1a: Revavroom|36/100
|
|t:|1769396623
|switch|p2a: Miracle Musical|Slowking-Galar, M|100/100|[from] Flip Turn
|
|upkeep
|turn|9
|inactive|zigachad has 120 seconds left.
|inactive|zigachad has 90 seconds left.
|inactive|zigachad has 60 seconds left.
|
|t:|1769396715
|move|p1a: Revavroom|Iron Head|p2a: Miracle Musical
|-damage|p2a: Miracle Musical|58/100
|-prepare|p2a: Miracle Musical|Chilly Reception|[premajor]
|cant|p2a: Miracle Musical|flinch
|
|upkeep
|turn|10
|
|t:|1769396724
|move|p1a: Revavroom|Iron Head|p2a: Miracle Musical
|-damage|p2a: Miracle Musical|15/100
|-prepare|p2a: Miracle Musical|Chilly Reception|[premajor]
|move|p2a: Miracle Musical|Chilly Reception|p2a: Miracle Musical
|-weather|Snowscape
|
|t:|1769396727
|switch|p2a: Unworthy of Name|Alomomola, M|100/100|[from] Chilly Reception
|-damage|p2a: Unworthy of Name|88/100|[from] Stealth Rock
|
|-weather|Snowscape|[upkeep]
|upkeep
|turn|11
|inactive|zigachad has 60 seconds left.
|
|t:|1769396773
|move|p1a: Revavroom|Iron Head|p2a: Unworthy of Name
|-resisted|p2a: Unworthy of Name
|-damage|p2a: Unworthy of Name|77/100
|-damage|p1a: Revavroom|19/100|[from] item: Rocky Helmet|[of] p2a: Unworthy of Name
|move|p2a: Unworthy of Name|Wish|p2a: Unworthy of Name
|
|-weather|Snowscape|[upkeep]
|upkeep
|turn|12
|
|t:|1769396781
|move|p1a: Revavroom|Poison Jab|p2a: Unworthy of Name
|-damage|p2a: Unworthy of Name|52/100
|-damage|p1a: Revavroom|2/100|[from] item: Rocky Helmet|[of] p2a: Unworthy of Name
|move|p2a: Unworthy of Name|Flip Turn|p1a: Revavroom
|-damage|p1a: Revavroom|0 fnt
|faint|p1a: Revavroom
|
|t:|1769396784
|switch|p2a: Miracle Musical|Slowking-Galar, M|48/100|[from] Flip Turn
|
|-weather|Snowscape|[upkeep]
|-heal|p2a: Miracle Musical|100/100|[from] move: Wish|[wisher] Unworthy of Name
|upkeep
|
|t:|1769396800
|switch|p1a: Great Tusk|Great Tusk|100/100
|turn|13
|
|t:|1769396808
|switch|p2a: Unworthy of Name|Alomomola, M|85/100
|-damage|p2a: Unworthy of Name|73/100|[from] Stealth Rock
|move|p1a: Great Tusk|Headlong Rush|p2a: Unworthy of Name
|-damage|p2a: Unworthy of Name|36/100
|-unboost|p1a: Great Tusk|def|1
|-unboost|p1a: Great Tusk|spd|1
|-damage|p1a: Great Tusk|84/100|[from] item: Rocky Helmet|[of] p2a: Unworthy of Name
|
|-weather|Snowscape|[upkeep]
|-heal|p1a: Great Tusk|90/100|[from] item: Leftovers
|upkeep
|turn|14
|
|t:|1769396821
|-end|p1a: Great Tusk|Protosynthesis|[silent]
|switch|p1a: Zapdos|Zapdos|100/100
|move|p2a: Unworthy of Name|Protect||[still]
|-fail|p2a: Unworthy of Name
|
|-weather|none
|upkeep
|turn|15
|
|t:|1769396829
|switch|p2a: White Ball|Blissey, F|98/100
|-damage|p2a: White Ball|85/100|[from] Stealth Rock
|move|p1a: Zapdos|Thunder Wave|p2a: White Ball
|-status|p2a: White Ball|par
|
|-heal|p2a: White Ball|91/100 par|[from] item: Leftovers
|upkeep
|turn|16
|
|t:|1769396838
|move|p1a: Zapdos|Volt Switch|p2a: White Ball
|-damage|p2a: White Ball|77/100 par
|
|t:|1769396844
|switch|p1a: Great Tusk|Great Tusk|90/100|[from] Volt Switch
|move|p2a: White Ball|Stealth Rock|p1a: Great Tusk
|-sidestart|p1: zigachad|move: Stealth Rock
|
|-heal|p1a: Great Tusk|96/100|[from] item: Leftovers
|-heal|p2a: White Ball|84/100 par|[from] item: Leftovers
|upkeep
|turn|17
|
|t:|1769396853
|-curestatus|p2a: White Ball|par|[from] ability: Natural Cure
|switch|p2a: Love and ABCs|Dragapult, M|100/100
|move|p1a: Great Tusk|Rapid Spin|p2a: Love and ABCs
|-immune|p2a: Love and ABCs
|
|-heal|p1a: Great Tusk|100/100|[from] item: Leftovers
|upkeep
|turn|18
|inactive|zigachad has 60 seconds left.
|
|t:|1769396874
|-end|p1a: Great Tusk|Protosynthesis|[silent]
|switch|p1a: Ogerpon|Ogerpon, F|100/100
|-damage|p1a: Ogerpon|88/100|[from] Stealth Rock
|move|p2a: Love and ABCs|Will-O-Wisp|p1a: Ogerpon
|-status|p1a: Ogerpon|brn
|
|-damage|p1a: Ogerpon|82/100 brn|[from] brn
|upkeep
|turn|19
|
|t:|1769396885
|move|p2a: Love and ABCs|Phantom Force||[still]
|-prepare|p2a: Love and ABCs|Phantom Force
|move|p1a: Ogerpon|Stomping Tantrum|p2a: Love and ABCs|[miss]
|-miss|p1a: Ogerpon|p2a: Love and ABCs
|
|-damage|p1a: Ogerpon|76/100 brn|[from] brn
|upkeep
|turn|20
|
|t:|1769396892
|move|p2a: Love and ABCs|Phantom Force|p1a: Ogerpon|[from] lockedmove
|-damage|p1a: Ogerpon|14/100 brn
|move|p1a: Ogerpon|Swords Dance|p1a: Ogerpon
|-boost|p1a: Ogerpon|atk|2
|
|-damage|p1a: Ogerpon|8/100 brn|[from] brn
|upkeep
|turn|21
|
|t:|1769396902
|move|p2a: Love and ABCs|U-turn|p1a: Ogerpon
|-supereffective|p1a: Ogerpon
|-damage|p1a: Ogerpon|0 fnt
|faint|p1a: Ogerpon
|
|t:|1769396904
|switch|p2a: Unworthy of Name|Alomomola, M|69/100|[from] U-turn
|-damage|p2a: Unworthy of Name|57/100|[from] Stealth Rock
|
|upkeep
|inactive|zigachad has 60 seconds left.
|
|t:|1769396911
|switch|p1a: Zapdos|Zapdos|100/100
|turn|22
|
|t:|1769396915
|move|p2a: Unworthy of Name|Protect|p2a: Unworthy of Name
|-singleturn|p2a: Unworthy of Name|Protect
|move|p1a: Zapdos|Thunder Wave|p2a: Unworthy of Name
|-activate|p2a: Unworthy of Name|move: Protect
|
|upkeep
|turn|23
|
|t:|1769396922
|switch|p2a: White Ball|Blissey, F|84/100
|-damage|p2a: White Ball|71/100|[from] Stealth Rock
|move|p1a: Zapdos|Volt Switch|p2a: White Ball
|-damage|p2a: White Ball|57/100
|
|t:|1769396928
|switch|p1a: Arcanine|Arcanine-Hisui, F|100/100|[from] Volt Switch
|-damage|p1a: Arcanine|76/100|[from] Stealth Rock
|
|-heal|p2a: White Ball|63/100|[from] item: Leftovers
|upkeep
|turn|24
|
|t:|1769396937
|switch|p2a: Unworthy of Name|Alomomola, M|90/100
|-damage|p2a: Unworthy of Name|78/100|[from] Stealth Rock
|move|p1a: Arcanine|Wild Charge|p2a: Unworthy of Name
|-supereffective|p2a: Unworthy of Name
|-damage|p2a: Unworthy of Name|28/100
|-damage|p1a: Arcanine|59/100|[from] item: Rocky Helmet|[of] p2a: Unworthy of Name
|
|upkeep
|turn|25
|
|t:|1769396946
|-terastallize|p2a: Unworthy of Name|Dragon
|move|p1a: Arcanine|Wild Charge|p2a: Unworthy of Name
|-resisted|p2a: Unworthy of Name
|-damage|p2a: Unworthy of Name|16/100
|-damage|p1a: Arcanine|42/100|[from] item: Rocky Helmet|[of] p2a: Unworthy of Name
|move|p2a: Unworthy of Name|Flip Turn|p1a: Arcanine
|-supereffective|p1a: Arcanine
|-damage|p1a: Arcanine|0 fnt
|faint|p1a: Arcanine
|
|t:|1769396956
|switch|p2a: Moltisanti|Weezing-Galar, M|100/100|[from] Flip Turn
|-ability|p2a: Moltisanti|Neutralizing Gas
|
|upkeep
|-message|zigachad forfeited.
|
|win|kuzwa
|raw|zigachad's rating: 1347 &rarr; <strong>1325</strong><br />(-22 for losing)
|raw|kuzwa's rating: 1317 &rarr; <strong>1339</strong><br />(+22 for winning)
|l|☆zigachad
|player|p1|
