|j|☆NO1Griefer
|j|☆router_z
|t:|1769404381
|gametype|singles
|player|p1|NO1Griefer|cameraman|1105
|player|p2|router_z|rood|1105
|gen|9
|tier|[Gen 9] OU
|rated|
|rule|HP Percentage Mod: HP is shown in percentages
|rule|Endless Battle Clause: Forcing endless battles is banned
|rule|Species Clause: Limit one of each Pokémon
|rule|OHKO Clause: OHKO moves are banned
|rule|Evasion Items Clause: Evasion items are banned
|rule|Evasion Moves Clause: Evasion moves are banned
|rule|Evasion Abilities Clause: Evasion abilities are banned
|rule|Sleep Moves Clause: Sleep-inducing moves are banned
|clearpoke
|poke|p1|Grimmsnarl, M|
|poke|p1|Dragonite, F|
|poke|p1|Golem-Alola, F|
|poke|p1|Azelf|
|poke|p1|Metagross|
|poke|p1|Overqwil, M|
|poke|p2|Iron Valiant|
|poke|p2|Excadrill, M|
|poke|p2|Tyranitar, M|
|poke|p2|Tornadus-Therian, M|
|poke|p2|Ogerpon-Cornerstone, F|
|poke|p2|Toxapex, F|
|teampreview
|inactive|Battle timer is ON: inactive players will automatically lose when time's up. (requested by router_z)
|
|t:|1769404402
|teamsize|p1|6
|teamsize|p2|6
|start
|switch|p1a: Golem|Golem-Alola, F, shiny|100/100
|switch|p2a: Tyranitar|Tyranitar, M|100/100
|-weather|Sandstorm|[from] ability: Sand Stream|[of] p2a: Tyranitar
|turn|1
|
|t:|1769404417
|switch|p2a: Toxapex|Toxapex, F, shiny|100/100
|move|p1a: Golem|Explosion|p2a: Toxapex
|-supereffective|p2a: Toxapex
|-damage|p2a: Toxapex|0 fnt
|faint|p1a: Golem
|faint|p2a: Toxapex
|
|-weather|Sandstorm|[upkeep]
|upkeep
|
|t:|1769404438
|switch|p2a: Excadrill|Excadrill, M|100/100
|switch|p1a: Overqwil|Overqwil, M|100/100
|-ability|p1a: Overqwil|Intimidate|boost
|-unboost|p2a: Excadrill|atk|1
|turn|2
|
|t:|1769404452
|move|p2a: Excadrill|Substitute|p2a: Excadrill
|-start|p2a: Excadrill|Substitute
|-damage|p2a: Excadrill|76/100
|move|p1a: Overqwil|Self-Destruct|p2a: Excadrill
|-resisted|p2a: Excadrill
|-end|p2a: Excadrill|Substitute
|faint|p1a: Overqwil
|
|-weather|Sandstorm|[upkeep]
|-heal|p2a: Excadrill|82/100|[from] item: Leftovers
|upkeep
|
|t:|1769404459
|switch|p1a: Grimmsnarl|Grimmsnarl, M, shiny|100/100
|turn|3
|
|t:|1769404471
|switch|p2a: Iron Valiant|Iron Valiant, shiny|100/100
|move|p1a: Grimmsnarl|Reflect|p1a: Grimmsnarl
|-sidestart|p1: NO1Griefer|Reflect
|
|-weather|Sandstorm|[upkeep]
|-damage|p2a: Iron Valiant|94/100|[from] Sandstorm
|-damage|p1a: Grimmsnarl|94/100|[from] Sandstorm
|upkeep
|turn|4
|
|t:|1769404480
|move|p1a: Grimmsnarl|Parting Shot|p2a: Iron Valiant
|-unboost|p2a: Iron Valiant|atk|1
|-unboost|p2a: Iron Valiant|spa|1
|
|t:|1769404484
|switch|p1a: Metagross|Metagross, shiny|100/100|[from] Parting Shot
|move|p2a: Iron Valiant|Moonblast|p1a: Metagross
|-resisted|p1a: Metagross
|-damage|p1a: Metagross|74/100
|
|-weather|Sandstorm|[upkeep]
|-damage|p2a: Iron Valiant|88/100|[from] Sandstorm
|upkeep
|turn|5
|
|t:|1769404493
|-end|p2a: Iron Valiant|Quark Drive|[silent]
|switch|p2a: Tornadus|Tornadus-Therian, M, shiny|100/100
|move|p1a: Metagross|Explosion|p2a: Tornadus
|-damage|p2a: Tornadus|0 fnt
|faint|p1a: Metagross
|faint|p2a: Tornadus
|
|-weather|Sandstorm|[upkeep]
|upkeep
|
|t:|1769404504
|switch|p2a: Ogerpon|Ogerpon-Cornerstone, F|100/100
|switch|p1a: Grimmsnarl|Grimmsnarl, M, shiny|94/100
|turn|6
|
|t:|1769404512
|move|p2a: Ogerpon|Ivy Cudgel|p1a: Grimmsnarl|[anim] Ivy Cudgel Rock
|-damage|p1a: Grimmsnarl|69/100
|move|p1a: Grimmsnarl|Spirit Break|p2a: Ogerpon
|-damage|p2a: Ogerpon|54/100
|-unboost|p2a: Ogerpon|spa|1
|
|-weather|Sandstorm|[upkeep]
|-damage|p1a: Grimmsnarl|63/100|[from] Sandstorm
|upkeep
|turn|7
|
|t:|1769404522
|move|p1a: Grimmsnarl|Parting Shot|p2a: Ogerpon
|-unboost|p2a: Ogerpon|atk|1
|-unboost|p2a: Ogerpon|spa|1
|
|t:|1769404526
|switch|p1a: Azelf|Azelf, shiny|100/100|[from] Parting Shot
|move|p2a: Ogerpon|Power Whip|p1a: Azelf
|-damage|p1a: Azelf|63/100
|
|-weather|Sandstorm|[upkeep]
|-damage|p1a: Azelf|57/100|[from] Sandstorm
|upkeep
|turn|8
|
|t:|1769404535
|move|p1a: Azelf|Explosion|p2a: Ogerpon
|-resisted|p2a: Ogerpon
|-damage|p2a: Ogerpon|0 fnt
|faint|p1a: Azelf
|faint|p2a: Ogerpon
|
|-weather|none
|upkeep
|
|t:|1769404548
|switch|p1a: Grimmsnarl|Grimmsnarl, M, shiny|63/100
|switch|p2a: Tyranitar|Tyranitar, M|100/100
|-weather|Sandstorm|[from] ability: Sand Stream|[of] p2a: Tyranitar
|turn|9
|
|t:|1769404558
|move|p2a: Tyranitar|Ice Punch|p1a: Grimmsnarl
|-damage|p1a: Grimmsnarl|50/100
|move|p1a: Grimmsnarl|Spirit Break|p2a: Tyranitar
|-supereffective|p2a: Tyranitar
|-damage|p2a: Tyranitar|44/100
|-unboost|p2a: Tyranitar|spa|1
|
|-weather|Sandstorm|[upkeep]
|-damage|p1a: Grimmsnarl|44/100|[from] Sandstorm
|upkeep
|turn|10
|
|t:|1769404568
|move|p2a: Tyranitar|Low Kick|p1a: Grimmsnarl
|-crit|p1a: Grimmsnarl
|-damage|p1a: Grimmsnarl|6/100
|move|p1a: Grimmsnarl|Spirit Break|p2a: Tyranitar
|-supereffective|p2a: Tyranitar
|-damage|p2a: Tyranitar|0 fnt
|faint|p2a: Tyranitar
|
|-weather|Sandstorm|[upkeep]
|-damage|p1a: Grimmsnarl|0 fnt|[from] Sandstorm
|faint|p1a: Grimmsnarl
|-sideend|p1: NO1Griefer|Reflect
|upkeep
|
|t:|1769404578
|switch|p2a: Iron Valiant|Iron Valiant, shiny|88/100
|switch|p1a: Dragonite|Dragonite, F, shiny|100/100
|turn|11
|
|t:|1769404590
|-terastallize|p1a: Dragonite|Normal
|move|p2a: Iron Valiant|Moonblast|p1a: Dragonite
|-damage|p1a: Dragonite|65/100
|move|p1a: Dragonite|Dragon Dance|p1a: Dragonite
|-boost|p1a: Dragonite|atk|1
|-boost|p1a: Dragonite|spe|1
|
|-weather|Sandstorm|[upkeep]
|-damage|p1a: Dragonite|59/100|[from] Sandstorm
|-damage|p2a: Iron Valiant|82/100|[from] Sandstorm
|upkeep
|turn|12
|
|t:|1769404604
|move|p1a: Dragonite|Extreme Speed|p2a: Iron Valiant
|-damage|p2a: Iron Valiant|7/100
|move|p2a: Iron Valiant|Moonblast|p1a: Dragonite
|-damage|p1a: Dragonite|0 fnt
|faint|p1a: Dragonite
|
|win|router_z
|raw|NO1Griefer's rating: 1105 &rarr; <strong>1080</strong><br />(-25 for losing)
|raw|router_z's rating: 1105 &rarr; <strong>1130</strong><br />(+25 for winning)
|l|☆NO1Griefer
|player|p1|
|l|☆router_z
|player|p2|
