|j|☆guninthe
|j|☆mrk19
|t:|1769366397
|gametype|singles
|player|p1|guninthe|101|1129
|player|p2|mrk19|2|1081
|gen|9
|tier|[Gen 9] OU
|rated|
|rule|HP Percentage Mod: HP is shown in percentages
|rule|Endless Battle Clause: Forcing endless battles is banned
|rule|Species Clause: Limit one of each Pokémon
|rule|OHKO Clause: OHKO moves are banned
|rule|Evasion Items Clause: Evasion items are banned
|rule|Evasion Moves Clause: Evasion moves are banned
|rule|Evasion Abilities Clause: Evasion abilities are banned
|rule|Sleep Moves Clause: Sleep-inducing moves are banned
|clearpoke
|poke|p1|Weezing-Galar, F|
|poke|p1|Scizor, F|
|poke|p1|Landorus-Therian, M|
|poke|p1|Keldeo-Resolute|
|poke|p1|Dragonite, F|
|poke|p1|Heatran, M|
|poke|p2|Arbok, M|
|poke|p2|Whimsicott, M|
|poke|p2|Ting-Lu|
|poke|p2|Zapdos|
|poke|p2|Latios, M|
|poke|p2|Chansey, F|
|teampreview
|
|t:|1769366406
|teamsize|p1|6
|teamsize|p2|6
|start
|switch|p1a: Keldeo|Keldeo-Resolute, shiny|100/100
|switch|p2a: Ting-Lu|Ting-Lu|100/100
|-ability|p2a: Ting-Lu|Vessel of Ruin
|turn|1
|
|t:|1769366413
|move|p1a: Keldeo|Surf|p2a: Ting-Lu
|-supereffective|p2a: Ting-Lu
|-damage|p2a: Ting-Lu|16/100
|move|p2a: Ting-Lu|Spikes|p1a: Keldeo
|-sidestart|p1: guninthe|Spikes
|
|-heal|p2a: Ting-Lu|22/100|[from] item: Leftovers
|upkeep
|turn|2
|
|t:|1769366420
|switch|p2a: Chansey|Chansey, F|100/100
|move|p1a: Keldeo|Surf|p2a: Chansey
|-damage|p2a: Chansey|78/100
|
|upkeep
|turn|3
|
|t:|1769366444
|switch|p1a: Weezing|Weezing-Galar, F, shiny|100/100
|-ability|p1a: Weezing|Neutralizing Gas
|switch|p2a: Zapdos|Zapdos|100/100
|
|upkeep
|turn|4
|
|t:|1769366451
|move|p2a: Zapdos|Thunderbolt|p1a: Weezing
|-damage|p1a: Weezing|42/100
|-damage|p2a: Zapdos|91/100|[from] item: Life Orb
|move|p1a: Weezing|Defog|p2a: Zapdos
|-unboost|p2a: Zapdos|evasion|1
|-sideend|p1: guninthe|Spikes|[from] move: Defog|[of] p1a: Weezing
|
|upkeep
|turn|5
|
|t:|1769366488
|-end|p1a: Weezing|ability: Neutralizing Gas
|switch|p1a: Landorus|Landorus-Therian, M, shiny|100/100
|-ability|p1a: Landorus|Intimidate|boost
|-unboost|p2a: Zapdos|atk|1
|move|p2a: Zapdos|Heat Wave|p1a: Landorus
|-damage|p1a: Landorus|54/100
|-damage|p2a: Zapdos|81/100|[from] item: Life Orb
|
|upkeep
|turn|6
|
|t:|1769366517
|move|p2a: Zapdos|Heat Wave|p1a: Landorus
|-damage|p1a: Landorus|6/100
|-damage|p2a: Zapdos|71/100|[from] item: Life Orb
|move|p1a: Landorus|Stealth Rock|p2a: Zapdos
|-sidestart|p2: mrk19|move: Stealth Rock
|
|upkeep
|turn|7
|
|t:|1769366523
|switch|p1a: Heatran|Heatran, M, shiny|100/100
|move|p2a: Zapdos|Heat Wave|p1a: Heatran
|-start|p1a: Heatran|ability: Flash Fire
|
|upkeep
|turn|8
|
|t:|1769366533
|move|p2a: Zapdos|Thunder Wave|p1a: Heatran
|-status|p1a: Heatran|par
|move|p1a: Heatran|Magma Storm|p2a: Zapdos
|-damage|p2a: Zapdos|0 fnt
|faint|p2a: Zapdos
|
|upkeep
|
|t:|1769366542
|switch|p2a: Chansey|Chansey, F|78/100
|-damage|p2a: Chansey|66/100|[from] Stealth Rock
|turn|9
|
|t:|1769366560
|-end|p1a: Heatran|ability: Flash Fire|[silent]
|switch|p1a: Scizor|Scizor, F, shiny|100/100
|move|p2a: Chansey|Stealth Rock|p1a: Scizor
|-sidestart|p1: guninthe|move: Stealth Rock
|
|upkeep
|turn|10
|
|t:|1769366568
|move|p1a: Scizor|Close Combat|p2a: Chansey
|-supereffective|p2a: Chansey
|-damage|p2a: Chansey|0 fnt
|-unboost|p1a: Scizor|def|1
|-unboost|p1a: Scizor|spd|1
|faint|p2a: Chansey
|
|upkeep
|
|t:|1769366572
|switch|p2a: Arbok|Arbok, M|100/100
|-damage|p2a: Arbok|88/100|[from] Stealth Rock
|-ability|p2a: Arbok|Intimidate|boost
|-unboost|p1a: Scizor|atk|1
|turn|11
|
|t:|1769366583
|switch|p1a: Heatran|Heatran, M, shiny|100/100 par
|-damage|p1a: Heatran|88/100 par|[from] Stealth Rock
|move|p2a: Arbok|Coil|p2a: Arbok
|-boost|p2a: Arbok|atk|1
|-boost|p2a: Arbok|def|1
|-boost|p2a: Arbok|accuracy|1
|
|-heal|p2a: Arbok|94/100|[from] item: Leftovers
|upkeep
|turn|12
|
|t:|1769366598
|move|p2a: Arbok|Coil|p2a: Arbok
|-boost|p2a: Arbok|atk|1
|-boost|p2a: Arbok|def|1
|-boost|p2a: Arbok|accuracy|1
|move|p1a: Heatran|Flash Cannon|p2a: Arbok
|-damage|p2a: Arbok|25/100
|-unboost|p2a: Arbok|spd|1
|
|-heal|p2a: Arbok|31/100|[from] item: Leftovers
|upkeep
|turn|13
|
|t:|1769366607
|switch|p1a: Landorus|Landorus-Therian, M, shiny|6/100
|-damage|p1a: Landorus|0 fnt|[from] Stealth Rock
|faint|p1a: Landorus
|move|p2a: Arbok|Earthquake|p1: Landorus|[notarget]
|-fail|p2a: Arbok
|
|-heal|p2a: Arbok|37/100|[from] item: Leftovers
|upkeep
|
|t:|1769366623
|switch|p1a: Keldeo|Keldeo-Resolute, shiny|100/100
|-damage|p1a: Keldeo|94/100|[from] Stealth Rock
|turn|14
|
|t:|1769366632
|move|p1a: Keldeo|Surf|p2a: Arbok
|-damage|p2a: Arbok|0 fnt
|faint|p2a: Arbok
|
|upkeep
|
|t:|1769366640
|switch|p2a: Whimsicott|Whimsicott, M|100/100
|-damage|p2a: Whimsicott|88/100|[from] Stealth Rock
|turn|15
|
|t:|1769366647
|switch|p1a: Heatran|Heatran, M, shiny|88/100 par
|-damage|p1a: Heatran|76/100 par|[from] Stealth Rock
|move|p2a: Whimsicott|Sunny Day|p2a: Whimsicott
|-weather|SunnyDay
|
|-weather|SunnyDay|[upkeep]
|upkeep
|turn|16
|
|t:|1769366653
|-terastallize|p2a: Whimsicott|Fire
|move|p2a: Whimsicott|Cotton Guard|p2a: Whimsicott
|-boost|p2a: Whimsicott|def|3
|move|p1a: Heatran|Flash Cannon|p2a: Whimsicott
|-resisted|p2a: Whimsicott
|-damage|p2a: Whimsicott|56/100
|
|-weather|SunnyDay|[upkeep]
|upkeep
|turn|17
|
|t:|1769366668
|move|p2a: Whimsicott|Moonblast|p1a: Heatran
|-resisted|p1a: Heatran
|-damage|p1a: Heatran|70/100 par
|move|p1a: Heatran|Earth Power|p2a: Whimsicott
|-supereffective|p2a: Whimsicott
|-damage|p2a: Whimsicott|0 fnt
|faint|p2a: Whimsicott
|
|-weather|SunnyDay|[upkeep]
|upkeep
|
|t:|1769366675
|switch|p2a: Ting-Lu|Ting-Lu|22/100
|-damage|p2a: Ting-Lu|16/100|[from] Stealth Rock
|-ability|p2a: Ting-Lu|Vessel of Ruin
|turn|18
|
|t:|1769366680
|move|p2a: Ting-Lu|Spikes|p1a: Heatran
|-sidestart|p1: guninthe|Spikes
|move|p1a: Heatran|Solar Beam||[still]
|-prepare|p1a: Heatran|Solar Beam
|-anim|p1a: Heatran|Solar Beam|p2a: Ting-Lu
|-supereffective|p2a: Ting-Lu
|-damage|p2a: Ting-Lu|0 fnt
|faint|p2a: Ting-Lu
|
|-weather|SunnyDay|[upkeep]
|upkeep
|
|t:|1769366687
|switch|p2a: Latios|Latios, M|100/100
|-damage|p2a: Latios|88/100|[from] Stealth Rock
|turn|19
|
|t:|1769366693
|move|p2a: Latios|Calm Mind|p2a: Latios
|-boost|p2a: Latios|spa|1
|-boost|p2a: Latios|spd|1
|move|p1a: Heatran|Flash Cannon|p2a: Latios
|-damage|p2a: Latios|63/100
|
|-weather|none
|upkeep
|turn|20
|
|t:|1769366704
|move|p2a: Latios|Calm Mind|p2a: Latios
|-boost|p2a: Latios|spa|1
|-boost|p2a: Latios|spd|1
|move|p1a: Heatran|Magma Storm|p2a: Latios
|-resisted|p2a: Latios
|-damage|p2a: Latios|50/100
|-activate|p2a: Latios|move: Magma Storm|[of] p1a: Heatran
|
|-damage|p2a: Latios|37/100|[from] move: Magma Storm|[partiallytrapped]
|upkeep
|turn|21
|
|t:|1769366710
|move|p2a: Latios|Recover|p2a: Latios
|-heal|p2a: Latios|87/100
|move|p1a: Heatran|Flash Cannon|p2a: Latios
|-damage|p2a: Latios|67/100
|
|-damage|p2a: Latios|54/100|[from] move: Magma Storm|[partiallytrapped]
|upkeep
|turn|22
|
|t:|1769366723
|move|p2a: Latios|Recover|p2a: Latios
|-heal|p2a: Latios|100/100
|move|p1a: Heatran|Earth Power|p2a: Latios
|-immune|p2a: Latios|[from] ability: Levitate
|
|-damage|p2a: Latios|88/100|[from] move: Magma Storm|[partiallytrapped]
|upkeep
|turn|23
|inactive|Battle timer is ON: inactive players will automatically lose when time's up. (requested by mrk19)
|
|t:|1769366737
|switch|p1a: Dragonite|Dragonite, F, shiny|100/100
|move|p2a: Latios|Future Sight|p1a: Dragonite
|-start|p2a: Latios|move: Future Sight
|
|-end|p2a: Latios|Magma Storm|[partiallytrapped]|[silent]
|upkeep
|turn|24
|
|t:|1769366742
|-terastallize|p1a: Dragonite|Fairy
|move|p2a: Latios|Calm Mind|p2a: Latios
|-boost|p2a: Latios|spa|1
|-boost|p2a: Latios|spd|1
|move|p1a: Dragonite|Dragon Dance|p1a: Dragonite
|-boost|p1a: Dragonite|atk|1
|-boost|p1a: Dragonite|spe|1
|
|upkeep
|turn|25
|
|t:|1769366751
|move|p1a: Dragonite|Tera Blast|p2a: Latios|[anim] Tera Blast Fairy
|-supereffective|p2a: Latios
|-damage|p2a: Latios|0 fnt
|faint|p2a: Latios
|
|win|guninthe
|raw|guninthe's rating: 1129 &rarr; <strong>1151</strong><br />(+22 for winning)
|raw|mrk19's rating: 1081 &rarr; <strong>1062</strong><br />(-19 for losing)
|l|☆guninthe
|player|p1|
|l|☆mrk19
|player|p2|
