|badge|p2|bronze|gen9ou|100-8
|uhtml|medal-msg|<div class="broadcast-blue">Curious what those medals under the avatar are? PS now has Ladder Seasons! For more information, check out the <a href="https://www.smogon.com/forums/threads/3740067/">thread on Smogon.</a></div>
|j|☆apple_tonks
|j|☆hzf
|t:|1769296168
|gametype|singles
|player|p1|apple_tonks|ethan|1773
|player|p2|hzf|caitlin-masters|1835
|gen|9
|tier|[Gen 9] OU
|rated|
|rule|HP Percentage Mod: HP is shown in percentages
|rule|Endless Battle Clause: Forcing endless battles is banned
|rule|Species Clause: Limit one of each Pokémon
|rule|OHKO Clause: OHKO moves are banned
|rule|Evasion Items Clause: Evasion items are banned
|rule|Evasion Moves Clause: Evasion moves are banned
|rule|Evasion Abilities Clause: Evasion abilities are banned
|rule|Sleep Moves Clause: Sleep-inducing moves are banned
|clearpoke
|poke|p1|Gholdengo|
|poke|p1|Zamazenta-*|
|poke|p1|Glimmora, F|
|poke|p1|Ogerpon-Wellspring, F|
|poke|p1|Iron Valiant|
|poke|p1|Greninja-*, M|
|poke|p2|Ursaluna, M|
|poke|p2|Cresselia, F|
|poke|p2|Iron Valiant|
|poke|p2|Hatterene, F|
|poke|p2|Keldeo-Resolute|
|poke|p2|Ogerpon, F|
|teampreview
|inactive|Battle timer is ON: inactive players will automatically lose when time's up. (requested by hzf)
|
|t:|1769296191
|teamsize|p1|6
|teamsize|p2|6
|start
|switch|p1a: Ogerpon|Ogerpon-Wellspring, F|100/100
|switch|p2a: Giyu|Keldeo-Resolute|100/100
|turn|1
|
|t:|1769296197
|move|p1a: Ogerpon|Swords Dance|p1a: Ogerpon
|-boost|p1a: Ogerpon|atk|2
|move|p2a: Giyu|Air Slash|p1a: Ogerpon
|-supereffective|p1a: Ogerpon
|-damage|p1a: Ogerpon|2/100
|
|upkeep
|turn|2
|
|t:|1769296204
|switch|p2a: zzZzelia|Cresselia, F|100/100
|move|p1a: Ogerpon|Power Whip|p2a: zzZzelia
|-damage|p2a: zzZzelia|15/100
|-damage|p1a: Ogerpon|0 fnt|[from] item: Rocky Helmet|[of] p2a: zzZzelia
|faint|p1a: Ogerpon
|
|upkeep
|
|t:|1769296210
|switch|p1a: Glimmora|Glimmora, F|100/100
|turn|3
|
|t:|1769296225
|move|p1a: Glimmora|Stealth Rock|p2a: zzZzelia
|-sidestart|p2: hzf|move: Stealth Rock
|move|p2a: zzZzelia|Psychic|p1a: Glimmora
|-supereffective|p1a: Glimmora
|-damage|p1a: Glimmora|38/100
|
|upkeep
|turn|4
|
|t:|1769296232
|move|p1a: Glimmora|Sludge Wave|p2a: zzZzelia
|-damage|p2a: zzZzelia|0 fnt
|faint|p2a: zzZzelia
|
|upkeep
|
|t:|1769296235
|switch|p2a: Giyu|Keldeo-Resolute|100/100
|-damage|p2a: Giyu|94/100|[from] Stealth Rock
|turn|5
|
|t:|1769296248
|switch|p1a: Greninja|Greninja, M|100/100
|move|p2a: Giyu|Surf|p1a: Greninja
|-resisted|p1a: Greninja
|-damage|p1a: Greninja|37/100
|
|upkeep
|turn|6
|
|t:|1769296264
|move|p1a: Greninja|Hydro Pump|p2a: Giyu
|-resisted|p2a: Giyu
|-damage|p2a: Giyu|57/100
|-damage|p1a: Greninja|28/100|[from] item: Life Orb
|move|p2a: Giyu|Surf|p1a: Greninja
|-resisted|p1a: Greninja
|-damage|p1a: Greninja|0 fnt
|faint|p1a: Greninja
|
|upkeep
|
|t:|1769296268
|switch|p1a: Iron Valiant|Iron Valiant|100/100
|-enditem|p1a: Iron Valiant|Booster Energy
|-activate|p1a: Iron Valiant|ability: Quark Drive|[fromitem]
|-start|p1a: Iron Valiant|quarkdrivespe
|turn|7
|inactive|hzf has 120 seconds left.
|
|t:|1769296299
|switch|p2a: Crypt blade|Ogerpon, F|100/100
|-damage|p2a: Crypt blade|88/100|[from] Stealth Rock
|move|p1a: Iron Valiant|Moonblast|p2a: Crypt blade
|-damage|p2a: Crypt blade|30/100
|
|upkeep
|turn|8
|
|t:|1769296305
|move|p1a: Iron Valiant|Moonblast|p2a: Crypt blade
|-damage|p2a: Crypt blade|0 fnt
|faint|p2a: Crypt blade
|
|upkeep
|
|t:|1769296308
|switch|p2a: Hatterene|Hatterene, F|100/100
|-damage|p2a: Hatterene|88/100|[from] Stealth Rock
|turn|9
|
|t:|1769296315
|move|p1a: Iron Valiant|Moonblast|p2a: Hatterene
|-damage|p2a: Hatterene|42/100
|-unboost|p2a: Hatterene|spa|1
|move|p2a: Hatterene|Trick Room|p2a: Hatterene
|-fieldstart|move: Trick Room|[of] p2a: Hatterene
|
|upkeep
|turn|10
|
|t:|1769296326
|switch|p2a: Crescent|Ursaluna, M, shiny|100/100
|-damage|p2a: Crescent|94/100|[from] Stealth Rock
|-end|p1a: Iron Valiant|Quark Drive|[silent]
|switch|p1a: Glimmora|Glimmora, F|38/100
|
|-status|p2a: Crescent|brn|[from] item: Flame Orb
|upkeep
|turn|11
|
|t:|1769296335
|move|p2a: Crescent|Ice Punch|p1a: Glimmora
|-damage|p1a: Glimmora|0 fnt
|-activate|p1a: Glimmora|ability: Toxic Debris
|-sidestart|p2: hzf|move: Toxic Spikes
|faint|p1a: Glimmora
|
|-damage|p2a: Crescent|88/100 brn|[from] brn
|upkeep
|
|t:|1769296340
|switch|p1a: Gholdengo|Gholdengo|100/100
|-item|p1a: Gholdengo|Air Balloon
|turn|12
|
|t:|1769296353
|move|p2a: Crescent|Fire Punch|p1a: Gholdengo
|-supereffective|p1a: Gholdengo
|-damage|p1a: Gholdengo|0 fnt
|-enditem|p1a: Gholdengo|Air Balloon
|faint|p1a: Gholdengo
|
|-damage|p2a: Crescent|82/100 brn|[from] brn
|upkeep
|
|t:|1769296357
|switch|p1a: Zamazenta|Zamazenta|100/100
|-ability|p1a: Zamazenta|Dauntless Shield|boost
|-boost|p1a: Zamazenta|def|1
|turn|13
|
|t:|1769296368
|move|p2a: Crescent|Facade|p1a: Zamazenta
|-damage|p1a: Zamazenta|41/100
|move|p1a: Zamazenta|Iron Defense|p1a: Zamazenta
|-boost|p1a: Zamazenta|def|2
|
|-heal|p1a: Zamazenta|48/100|[from] item: Leftovers
|-damage|p2a: Crescent|76/100 brn|[from] brn
|-fieldend|move: Trick Room
|upkeep
|turn|14
|
|t:|1769296374
|move|p1a: Zamazenta|Iron Defense|p1a: Zamazenta
|-boost|p1a: Zamazenta|def|2
|move|p2a: Crescent|Facade|p1a: Zamazenta
|-damage|p1a: Zamazenta|21/100
|
|-heal|p1a: Zamazenta|28/100|[from] item: Leftovers
|-damage|p2a: Crescent|70/100 brn|[from] brn
|upkeep
|turn|15
|
|t:|1769296385
|move|p1a: Zamazenta|Body Press|p2a: Crescent
|-supereffective|p2a: Crescent
|-damage|p2a: Crescent|0 fnt
|faint|p2a: Crescent
|
|-heal|p1a: Zamazenta|34/100|[from] item: Leftovers
|upkeep
|
|t:|1769296387
|switch|p2a: mitsuri|Iron Valiant, shiny|100/100
|-damage|p2a: mitsuri|94/100|[from] Stealth Rock
|-status|p2a: mitsuri|psn
|-enditem|p2a: mitsuri|Booster Energy
|-activate|p2a: mitsuri|ability: Quark Drive|[fromitem]
|-start|p2a: mitsuri|quarkdrivespe
|turn|16
|
|t:|1769296396
|-terastallize|p2a: mitsuri|Ghost
|-terastallize|p1a: Zamazenta|Fire
|move|p2a: mitsuri|Moonblast|p1a: Zamazenta
|-resisted|p1a: Zamazenta
|-damage|p1a: Zamazenta|16/100
|-unboost|p1a: Zamazenta|spa|1
|move|p1a: Zamazenta|Body Press|p2a: mitsuri
|-immune|p2a: mitsuri
|
|-heal|p1a: Zamazenta|23/100|[from] item: Leftovers
|-damage|p2a: mitsuri|82/100 psn|[from] psn
|upkeep
|turn|17
|
|t:|1769296406
|move|p2a: mitsuri|Encore|p1a: Zamazenta
|-start|p1a: Zamazenta|Encore
|move|p1a: Zamazenta|Body Press|p2a: mitsuri
|-immune|p2a: mitsuri
|
|-heal|p1a: Zamazenta|29/100|[from] item: Leftovers
|-damage|p2a: mitsuri|69/100 psn|[from] psn
|upkeep
|turn|18
|
|t:|1769296411
|move|p2a: mitsuri|Moonblast|p1a: Zamazenta
|-resisted|p1a: Zamazenta
|-damage|p1a: Zamazenta|10/100
|move|p1a: Zamazenta|Body Press|p2a: mitsuri
|-immune|p2a: mitsuri
|
|-heal|p1a: Zamazenta|16/100|[from] item: Leftovers
|-damage|p2a: mitsuri|57/100 psn|[from] psn
|upkeep
|turn|19
|
|t:|1769296414
|move|p2a: mitsuri|Moonblast|p1a: Zamazenta
|-resisted|p1a: Zamazenta
|-damage|p1a: Zamazenta|0 fnt
|faint|p1a: Zamazenta
|
|-damage|p2a: mitsuri|44/100 psn|[from] psn
|upkeep
|-message|apple_tonks forfeited.
|
|win|hzf
|raw|apple_tonks's rating: 1773 &rarr; <strong>1757</strong><br />(-16 for losing)
|raw|hzf's rating: 1835 &rarr; <strong>1851</strong><br />(+16 for winning)
|l|☆apple_tonks
|player|p1|
|l|☆hzf
|player|p2|
