|j|☆emyrtheking
|j|☆PokeBlaze17
|t:|1769411686
|gametype|singles
|player|p1|emyrtheking|bruno|1159
|player|p2|PokeBlaze17|cheren-gen5bw2|1199
|gen|9
|tier|[Gen 9] OU
|rated|
|rule|HP Percentage Mod: HP is shown in percentages
|rule|Endless Battle Clause: Forcing endless battles is banned
|rule|Species Clause: Limit one of each Pokémon
|rule|OHKO Clause: OHKO moves are banned
|rule|Evasion Items Clause: Evasion items are banned
|rule|Evasion Moves Clause: Evasion moves are banned
|rule|Evasion Abilities Clause: Evasion abilities are banned
|rule|Sleep Moves Clause: Sleep-inducing moves are banned
|clearpoke
|poke|p1|Slowking-Galar, M|
|poke|p1|Kyurem|
|poke|p1|Ursaluna, M|
|poke|p1|Moltres|
|poke|p1|Iron Valiant|
|poke|p1|Noivern, M|
|poke|p2|Decidueye-Hisui, F|
|poke|p2|Kommo-o, M|
|poke|p2|Inteleon, F|
|poke|p2|Zapdos|
|poke|p2|Klefki, F|
|poke|p2|Kleavor, F|
|teampreview
|inactive|Battle timer is ON: inactive players will automatically lose when time's up. (requested by PokeBlaze17)
|inactive|emyrtheking has 120 seconds left.
|
|t:|1769411721
|teamsize|p1|6
|teamsize|p2|6
|start
|switch|p1a: Moltres|Moltres|100/100
|switch|p2a: Kleavor|Kleavor, F, shiny|100/100
|turn|1
|
|t:|1769411733
|-terastallize|p1a: Moltres|Steel
|move|p2a: Kleavor|Tailwind|p2a: Kleavor
|-sidestart|p2: PokeBlaze17|move: Tailwind
|move|p1a: Moltres|Flamethrower|p2a: Kleavor
|-damage|p2a: Kleavor|44/100
|
|upkeep
|turn|2
|
|t:|1769411742
|move|p2a: Kleavor|Stone Axe|p1a: Moltres
|-resisted|p1a: Moltres
|-damage|p1a: Moltres|82/100
|-status|p2a: Kleavor|brn|[from] ability: Flame Body|[of] p1a: Moltres
|-sidestart|p1: emyrtheking|move: Stealth Rock
|move|p1a: Moltres|Flamethrower|p2a: Kleavor
|-damage|p2a: Kleavor|0 fnt
|faint|p2a: Kleavor
|
|upkeep
|
|t:|1769411754
|switch|p2a: Klefki|Klefki, F, shiny|100/100
|turn|3
|
|t:|1769411759
|move|p2a: Klefki|Thunder Wave|p1a: Moltres
|-status|p1a: Moltres|par
|move|p1a: Moltres|Flamethrower|p2a: Klefki
|-supereffective|p2a: Klefki
|-damage|p2a: Klefki|10/100
|
|upkeep
|turn|4
|
|t:|1769411770
|move|p2a: Klefki|Light Screen|p2a: Klefki
|-sidestart|p2: PokeBlaze17|move: Light Screen
|move|p1a: Moltres|Flamethrower|p2a: Klefki
|-supereffective|p2a: Klefki
|-damage|p2a: Klefki|0 fnt
|faint|p2a: Klefki
|
|-sideend|p2: PokeBlaze17|move: Tailwind
|upkeep
|
|t:|1769411779
|switch|p2a: Zapdos|Zapdos|100/100
|turn|5
|
|t:|1769411782
|move|p2a: Zapdos|Rain Dance|p2a: Zapdos
|-weather|RainDance
|move|p1a: Moltres|Will-O-Wisp|p2a: Zapdos
|-status|p2a: Zapdos|brn
|
|-weather|RainDance|[upkeep]
|-damage|p2a: Zapdos|94/100 brn|[from] brn
|upkeep
|turn|6
|
|t:|1769411791
|move|p2a: Zapdos|Thunder|p1a: Moltres
|-damage|p1a: Moltres|28/100 par
|move|p1a: Moltres|Air Slash|p2a: Zapdos
|-resisted|p2a: Zapdos
|-damage|p2a: Zapdos|85/100 brn
|
|-weather|RainDance|[upkeep]
|-damage|p2a: Zapdos|79/100 brn|[from] brn
|upkeep
|turn|7
|
|t:|1769411802
|switch|p1a: Ursaluna|Ursaluna, M, shiny|100/100
|-damage|p1a: Ursaluna|94/100|[from] Stealth Rock
|move|p2a: Zapdos|Thunder|p1a: Ursaluna
|-immune|p1a: Ursaluna
|
|-weather|RainDance|[upkeep]
|-damage|p2a: Zapdos|73/100 brn|[from] brn
|-status|p1a: Ursaluna|brn|[from] item: Flame Orb
|upkeep
|turn|8
|
|t:|1769411829
|move|p2a: Zapdos|Weather Ball|p1a: Ursaluna
|-supereffective|p1a: Ursaluna
|-damage|p1a: Ursaluna|9/100 brn
|move|p1a: Ursaluna|Crunch|p2a: Zapdos
|-damage|p2a: Zapdos|16/100 brn
|
|-weather|RainDance|[upkeep]
|-damage|p2a: Zapdos|10/100 brn|[from] brn
|-damage|p1a: Ursaluna|3/100 brn|[from] brn
|upkeep
|turn|9
|inactive|emyrtheking has 120 seconds left.
|
|t:|1769411847
|move|p2a: Zapdos|Hurricane|p1a: Ursaluna
|-damage|p1a: Ursaluna|0 fnt
|faint|p1a: Ursaluna
|
|-weather|RainDance|[upkeep]
|-damage|p2a: Zapdos|3/100 brn|[from] brn
|upkeep
|inactive|emyrtheking has 120 seconds left.
|
|t:|1769411857
|switch|p1a: Noivern|Noivern, M|100/100
|turn|10
|
|t:|1769411862
|move|p1a: Noivern|Defog|p2a: Zapdos
|-unboost|p2a: Zapdos|evasion|1
|-sideend|p2: PokeBlaze17|move: Light Screen
|-sideend|p1: emyrtheking|Stealth Rock|[from] move: Defog|[of] p1a: Noivern
|move|p2a: Zapdos|Thunder|p1a: Noivern
|-crit|p1a: Noivern
|-damage|p1a: Noivern|0 fnt
|faint|p1a: Noivern
|
|-weather|RainDance|[upkeep]
|-damage|p2a: Zapdos|0 fnt|[from] brn
|faint|p2a: Zapdos
|upkeep
|inactive|emyrtheking has 120 seconds left.
|
|t:|1769411881
|switch|p1a: Kyurem|Kyurem|100/100
|switch|p2a: Decidueye|Decidueye-Hisui, F, shiny|100/100
|-ability|p1a: Kyurem|Pressure
|turn|11
|inactive|emyrtheking has 120 seconds left.
|
|t:|1769411895
|-terastallize|p2a: Decidueye|Ghost
|move|p1a: Kyurem|Freeze-Dry|p2a: Decidueye
|-damage|p2a: Decidueye|43/100
|-damage|p1a: Kyurem|91/100|[from] item: Life Orb
|move|p2a: Decidueye|Tailwind|p2a: Decidueye
|-sidestart|p2: PokeBlaze17|move: Tailwind
|
|-weather|RainDance|[upkeep]
|upkeep
|turn|12
|inactive|emyrtheking has 120 seconds left.
|
|t:|1769411909
|move|p2a: Decidueye|Triple Arrows|p1a: Kyurem
|-supereffective|p1a: Kyurem
|-crit|p1a: Kyurem
|-damage|p1a: Kyurem|0 fnt
|faint|p1a: Kyurem
|-damage|p2a: Decidueye|34/100|[from] item: Life Orb
|
|-weather|none
|upkeep
|inactive|emyrtheking has 120 seconds left.
|
|t:|1769411920
|switch|p1a: Moltres|Moltres, tera:Steel|28/100 par
|turn|13
|
|t:|1769411924
|move|p2a: Decidueye|Triple Arrows|p1a: Moltres
|-supereffective|p1a: Moltres
|-damage|p1a: Moltres|0 fnt
|faint|p1a: Moltres
|-damage|p2a: Decidueye|24/100|[from] item: Life Orb
|
|upkeep
|
|t:|1769411933
|switch|p1a: Slowking|Slowking-Galar, M|100/100
|turn|14
|
|t:|1769411939
|move|p2a: Decidueye|Triple Arrows|p1a: Slowking
|-resisted|p1a: Slowking
|-crit|p1a: Slowking
|-damage|p1a: Slowking|84/100
|-damage|p2a: Decidueye|14/100|[from] item: Life Orb
|cant|p1a: Slowking|flinch
|
|-heal|p1a: Slowking|90/100|[from] item: Leftovers
|-sideend|p2: PokeBlaze17|move: Tailwind
|upkeep
|turn|15
|
|t:|1769411951
|move|p2a: Decidueye|Triple Arrows|p1a: Slowking
|-resisted|p1a: Slowking
|-damage|p1a: Slowking|78/100
|-unboost|p1a: Slowking|def|1
|-damage|p2a: Decidueye|4/100|[from] item: Life Orb
|move|p1a: Slowking|Future Sight|p2a: Decidueye
|-start|p1a: Slowking|move: Future Sight
|
|-heal|p1a: Slowking|84/100|[from] item: Leftovers
|upkeep
|turn|16
|
|t:|1769411963
|move|p2a: Decidueye|Tailwind|p2a: Decidueye
|-sidestart|p2: PokeBlaze17|move: Tailwind
|-prepare|p1a: Slowking|Chilly Reception|[premajor]
|move|p1a: Slowking|Chilly Reception|p1a: Slowking
|-weather|Snowscape
|
|t:|1769411969
|switch|p1a: Iron Valiant|Iron Valiant, shiny|100/100|[from] Chilly Reception
|-enditem|p1a: Iron Valiant|Booster Energy
|-activate|p1a: Iron Valiant|ability: Quark Drive|[fromitem]
|-start|p1a: Iron Valiant|quarkdrivespe
|
|-weather|Snowscape|[upkeep]
|upkeep
|turn|17
|
|t:|1769411981
|move|p1a: Iron Valiant|Shadow Sneak|p2a: Decidueye
|-supereffective|p2a: Decidueye
|-damage|p2a: Decidueye|0 fnt
|faint|p2a: Decidueye
|
|-weather|Snowscape|[upkeep]
|-hint|Future Sight did not hit because the target is fainted.
|upkeep
|
|t:|1769411987
|switch|p2a: Inteleon|Inteleon, F|100/100
|turn|18
|
|t:|1769411994
|move|p2a: Inteleon|Snipe Shot|p1a: Iron Valiant
|-crit|p1a: Iron Valiant
|-damage|p1a: Iron Valiant|0 fnt
|faint|p1a: Iron Valiant
|-end|p1a: Iron Valiant|Quark Drive|[silent]
|
|-weather|Snowscape|[upkeep]
|upkeep
|
|t:|1769411999
|switch|p1a: Slowking|Slowking-Galar, M|100/100
|turn|19
|
|t:|1769412006
|move|p2a: Inteleon|Snipe Shot|p1a: Slowking
|-damage|p1a: Slowking|64/100
|move|p1a: Slowking|Future Sight|p2a: Inteleon
|-start|p1a: Slowking|move: Future Sight
|
|-weather|Snowscape|[upkeep]
|-heal|p1a: Slowking|70/100|[from] item: Leftovers
|-sideend|p2: PokeBlaze17|move: Tailwind
|upkeep
|turn|20
|
|t:|1769412032
|move|p2a: Inteleon|Snipe Shot|p1a: Slowking
|-damage|p1a: Slowking|34/100
|move|p1a: Slowking|Sludge Bomb|p2a: Inteleon
|-damage|p2a: Inteleon|45/100
|
|-weather|none
|-heal|p1a: Slowking|40/100|[from] item: Leftovers
|upkeep
|turn|21
|
|t:|1769412041
|move|p2a: Inteleon|Snipe Shot|p1a: Slowking
|-damage|p1a: Slowking|5/100
|move|p1a: Slowking|Trick Room|p1a: Slowking
|-fieldstart|move: Trick Room|[of] p1a: Slowking
|
|-end|p2a: Inteleon|move: Future Sight
|-damage|p2a: Inteleon|0 fnt
|faint|p2a: Inteleon
|-heal|p1a: Slowking|11/100|[from] item: Leftovers
|upkeep
|
|t:|1769412051
|switch|p2a: Kommo-o|Kommo-o, M, shiny|100/100
|turn|22
|
|t:|1769412055
|move|p1a: Slowking|Sludge Bomb|p2a: Kommo-o
|-immune|p2a: Kommo-o|[from] ability: Bulletproof
|move|p2a: Kommo-o|Clanging Scales|p1a: Slowking
|-damage|p1a: Slowking|0 fnt
|faint|p1a: Slowking
|-enditem|p2a: Kommo-o|Throat Spray
|
|win|PokeBlaze17
|raw|emyrtheking's rating: 1159 &rarr; <strong>1137</strong><br />(-22 for losing)
|raw|PokeBlaze17's rating: 1199 &rarr; <strong>1221</strong><br />(+22 for winning)
|l|☆emyrtheking
|player|p1|
|l|☆PokeBlaze17
|player|p2|
