|j|☆ehgdsb
|j|☆Manvithxyzz17
|t:|1769337374
|gametype|singles
|player|p1|ehgdsb|fisherman-gen4|1429
|player|p2|Manvithxyzz17|hugh|1475
|gen|9
|tier|[Gen 9] OU
|rated|
|rule|HP Percentage Mod: HP is shown in percentages
|rule|Endless Battle Clause: Forcing endless battles is banned
|rule|Species Clause: Limit one of each Pokémon
|rule|OHKO Clause: OHKO moves are banned
|rule|Evasion Items Clause: Evasion items are banned
|rule|Evasion Moves Clause: Evasion moves are banned
|rule|Evasion Abilities Clause: Evasion abilities are banned
|rule|Sleep Moves Clause: Sleep-inducing moves are banned
|clearpoke
|poke|p1|Glimmora, M|
|poke|p1|Gholdengo|
|poke|p1|Dragonite, M|
|poke|p1|Weavile, M|
|poke|p1|Latias, F|
|poke|p1|Zamazenta-*|
|poke|p2|Enamorus, F|
|poke|p2|Greninja-*, M|
|poke|p2|Serperior, F|
|poke|p2|Goodra-Hisui, F|
|poke|p2|Dragapult, M|
|poke|p2|Great Tusk|
|teampreview
|inactive|Battle timer is ON: inactive players will automatically lose when time's up. (requested by Manvithxyzz17)
|
|t:|1769337386
|teamsize|p1|6
|teamsize|p2|6
|start
|switch|p1a: Weavile|Weavile, M|100/100
|switch|p2a: Great Tusk|Great Tusk|100/100
|-enditem|p2a: Great Tusk|Booster Energy
|-activate|p2a: Great Tusk|ability: Protosynthesis|[fromitem]
|-start|p2a: Great Tusk|protosynthesisatk
|turn|1
|
|t:|1769337399
|-end|p2a: Great Tusk|Protosynthesis|[silent]
|switch|p2a: Goodra|Goodra-Hisui, F|100/100
|move|p1a: Weavile|Triple Axel|p2a: Goodra
|-damage|p2a: Goodra|87/100
|-damage|p2a: Goodra|65/100
|-damage|p2a: Goodra|29/100
|-hitcount|p2a: Goodra|3
|-damage|p1a: Weavile|91/100|[from] item: Life Orb
|
|upkeep
|turn|2
|
|t:|1769337410
|move|p1a: Weavile|Knock Off|p2a: Goodra
|-damage|p2a: Goodra|0 fnt
|-enditem|p2a: Goodra|Assault Vest|[from] move: Knock Off|[of] p1a: Weavile
|faint|p2a: Goodra
|-damage|p1a: Weavile|81/100|[from] item: Life Orb
|
|upkeep
|
|t:|1769337432
|switch|p2a: Dragapult|Dragapult, M|100/100
|turn|3
|
|t:|1769337437
|switch|p1a: Glimmora|Glimmora, M|100/100
|move|p2a: Dragapult|Dragon Darts|p1a: Glimmora
|-damage|p1a: Glimmora|78/100
|-activate|p1a: Glimmora|ability: Toxic Debris
|-sidestart|p2: Manvithxyzz17|move: Toxic Spikes
|-anim|p2a: Dragapult|Dragon Darts|p1a: Glimmora
|-damage|p1a: Glimmora|55/100
|-activate|p1a: Glimmora|ability: Toxic Debris
|-sidestart|p2: Manvithxyzz17|move: Toxic Spikes
|
|upkeep
|turn|4
|
|t:|1769337450
|move|p2a: Dragapult|Dragon Darts|p1a: Glimmora
|-damage|p1a: Glimmora|31/100
|-anim|p2a: Dragapult|Dragon Darts|p1a: Glimmora
|-damage|p1a: Glimmora|8/100
|move|p1a: Glimmora|Earth Power|p2a: Dragapult
|-damage|p2a: Dragapult|64/100
|
|upkeep
|turn|5
|
|t:|1769337459
|move|p2a: Dragapult|Dragon Darts|p1a: Glimmora
|-damage|p1a: Glimmora|0 fnt
|faint|p1a: Glimmora
|
|upkeep
|
|t:|1769337462
|switch|p1a: Weavile|Weavile, M|81/100
|turn|6
|
|t:|1769337467
|move|p1a: Weavile|Ice Shard|p2a: Dragapult
|-supereffective|p2a: Dragapult
|-damage|p2a: Dragapult|0 fnt
|faint|p2a: Dragapult
|-damage|p1a: Weavile|71/100|[from] item: Life Orb
|
|upkeep
|l|☆Manvithxyzz17
|inactive|Manvithxyzz17 disconnected and has a minute to reconnect!
|player|p2|
|inactive|Manvithxyzz17 has 30 seconds to reconnect!
|inactive|Manvithxyzz17 has 20 seconds to reconnect!
|inactive|Manvithxyzz17 has 15 seconds to reconnect!
|inactive|Manvithxyzz17 has 10 seconds to reconnect!
|inactive|Manvithxyzz17 has 5 seconds to reconnect!
|-message|Manvithxyzz17 lost due to inactivity.
|
|win|ehgdsb
|raw|ehgdsb's rating: 1429 &rarr; <strong>1452</strong><br />(+23 for winning)
|raw|Manvithxyzz17's rating: 1475 &rarr; <strong>1452</strong><br />(-23 for losing)
|l|☆ehgdsb
|player|p1|
