|j|☆braindeadjellyfish
|j|☆topmanbladee
|t:|1769384660
|gametype|singles
|player|p1|braindeadjellyfish|firebreather|1641
|player|p2|topmanbladee|170|1629
|gen|9
|tier|[Gen 9] OU
|rated|
|rule|HP Percentage Mod: HP is shown in percentages
|rule|Endless Battle Clause: Forcing endless battles is banned
|rule|Species Clause: Limit one of each Pokémon
|rule|OHKO Clause: OHKO moves are banned
|rule|Evasion Items Clause: Evasion items are banned
|rule|Evasion Moves Clause: Evasion moves are banned
|rule|Evasion Abilities Clause: Evasion abilities are banned
|rule|Sleep Moves Clause: Sleep-inducing moves are banned
|clearpoke
|poke|p1|Magcargo, M|
|poke|p1|Ninetales-Alola, M|
|poke|p1|Gholdengo|
|poke|p1|Hatterene, F|
|poke|p1|Kingambit, F|
|poke|p1|Garchomp, M|
|poke|p2|Kyurem|
|poke|p2|Cinderace, M|
|poke|p2|Tornadus-Therian, M|
|poke|p2|Hatterene, F|
|poke|p2|Great Tusk|
|poke|p2|Kingambit, F|
|teampreview
|inactive|Battle timer is ON: inactive players will automatically lose when time's up. (requested by topmanbladee)
|
|t:|1769384667
|teamsize|p1|6
|teamsize|p2|6
|start
|switch|p1a: 747|Garchomp, M|100/100
|switch|p2a: Kyurem|Kyurem|100/100
|-ability|p2a: Kyurem|Pressure
|turn|1
|
|t:|1769384681
|move|p1a: 747|Scale Shot|p2a: Kyurem
|-supereffective|p2a: Kyurem
|-crit|p2a: Kyurem
|-damage|p2a: Kyurem|59/100
|-supereffective|p2a: Kyurem
|-damage|p2a: Kyurem|36/100
|-supereffective|p2a: Kyurem
|-damage|p2a: Kyurem|11/100
|-supereffective|p2a: Kyurem
|-damage|p2a: Kyurem|0 fnt
|faint|p2a: Kyurem
|-hitcount|p2: Kyurem|4
|-unboost|p1a: 747|def|1
|-boost|p1a: 747|spe|1
|
|upkeep
|
|t:|1769384686
|switch|p2a: Hatterene|Hatterene, F|100/100
|turn|2
|
|t:|1769384694
|move|p1a: 747|Swords Dance|p1a: 747
|-boost|p1a: 747|atk|2
|move|p2a: Hatterene|Draining Kiss|p1a: 747
|-supereffective|p1a: 747
|-damage|p1a: 747|55/100
|-damage|p2a: Hatterene|88/100|[from] ability: Rough Skin|[of] p1a: 747
|
|-heal|p2a: Hatterene|94/100|[from] item: Leftovers
|upkeep
|turn|3
|
|t:|1769384704
|move|p1a: 747|Swords Dance|p1a: 747
|-boost|p1a: 747|atk|2
|move|p2a: Hatterene|Draining Kiss|p1a: 747
|-supereffective|p1a: 747
|-damage|p1a: 747|8/100
|-heal|p2a: Hatterene|100/100|[from] drain|[of] p1a: 747
|-damage|p2a: Hatterene|88/100|[from] ability: Rough Skin|[of] p1a: 747
|
|-heal|p2a: Hatterene|94/100|[from] item: Leftovers
|upkeep
|turn|4
|
|t:|1769384709
|switch|p2a: Tornadus|Tornadus-Therian, M|100/100
|move|p1a: 747|Earthquake|p2a: Tornadus
|-immune|p2a: Tornadus
|
|upkeep
|turn|5
|
|t:|1769384711
|switch|p2a: Hatterene|Hatterene, F|94/100
|move|p1a: 747|Scale Shot|p2a: Hatterene
|-immune|p2a: Hatterene
|
|-heal|p2a: Hatterene|99/100|[from] item: Leftovers
|upkeep
|turn|6
|
|t:|1769384713
|switch|p2a: Tornadus|Tornadus-Therian, M|100/100
|move|p1a: 747|Earthquake|p2a: Tornadus
|-immune|p2a: Tornadus
|
|upkeep
|turn|7
|
|t:|1769384718
|switch|p2a: Hatterene|Hatterene, F|99/100
|move|p1a: 747|Scale Shot|p2a: Hatterene
|-immune|p2a: Hatterene
|
|-heal|p2a: Hatterene|100/100|[from] item: Leftovers
|upkeep
|turn|8
|
|t:|1769384721
|switch|p2a: Tornadus|Tornadus-Therian, M|100/100
|move|p1a: 747|Earthquake|p2a: Tornadus
|-immune|p2a: Tornadus
|
|upkeep
|turn|9
|
|t:|1769384722
|switch|p2a: Hatterene|Hatterene, F|100/100
|move|p1a: 747|Scale Shot|p2a: Hatterene
|-immune|p2a: Hatterene
|
|upkeep
|turn|10
|
|t:|1769384728
|switch|p2a: Tornadus|Tornadus-Therian, M|100/100
|move|p1a: 747|Earthquake|p2a: Tornadus
|-immune|p2a: Tornadus
|
|upkeep
|turn|11
|
|t:|1769384731
|move|p1a: 747|Earthquake|p2a: Tornadus
|-immune|p2a: Tornadus
|move|p2a: Tornadus|Knock Off|p1a: 747
|-damage|p1a: 747|0 fnt
|-damage|p2a: Tornadus|88/100|[from] ability: Rough Skin|[of] p1a: 747
|-enditem|p1a: 747|Loaded Dice|[from] move: Knock Off|[of] p2a: Tornadus
|faint|p1a: 747
|
|upkeep
|c|☆braindeadjellyfish|hacker
|
|t:|1769384743
|switch|p1a: Ninetales|Ninetales-Alola, M|100/100
|-weather|Snowscape|[from] ability: Snow Warning|[of] p1a: Ninetales
|turn|12
|
|t:|1769384748
|move|p2a: Tornadus|Knock Off|p1a: Ninetales
|-resisted|p1a: Ninetales
|-damage|p1a: Ninetales|92/100
|-enditem|p1a: Ninetales|Light Clay|[from] move: Knock Off|[of] p2a: Tornadus
|move|p1a: Ninetales|Aurora Veil|p1a: Ninetales
|-sidestart|p1: braindeadjellyfish|move: Aurora Veil
|
|-weather|Snowscape|[upkeep]
|upkeep
|turn|13
|
|t:|1769384765
|switch|p1a: Magcargo|Magcargo, M|100/100
|move|p2a: Tornadus|Heat Wave|p1a: Magcargo
|-resisted|p1a: Magcargo
|-damage|p1a: Magcargo|96/100
|
|-weather|Snowscape|[upkeep]
|upkeep
|turn|14
|
|t:|1769384769
|move|p2a: Tornadus|Knock Off|p1a: Magcargo
|-damage|p1a: Magcargo|85/100
|-ability|p1a: Magcargo|Weak Armor|boost
|-unboost|p1a: Magcargo|def|1
|-boost|p1a: Magcargo|spe|2
|-enditem|p1a: Magcargo|Power Herb|[from] move: Knock Off|[of] p2a: Tornadus
|move|p1a: Magcargo|Shell Smash|p1a: Magcargo
|-unboost|p1a: Magcargo|def|1
|-unboost|p1a: Magcargo|spd|1
|-boost|p1a: Magcargo|atk|2
|-boost|p1a: Magcargo|spa|2
|-boost|p1a: Magcargo|spe|2
|
|-weather|Snowscape|[upkeep]
|upkeep
|turn|15
|
|t:|1769384787
|move|p1a: Magcargo|Shell Smash|p1a: Magcargo
|-unboost|p1a: Magcargo|def|1
|-unboost|p1a: Magcargo|spd|1
|-boost|p1a: Magcargo|atk|2
|-boost|p1a: Magcargo|spa|2
|-boost|p1a: Magcargo|spe|2
|move|p2a: Tornadus|U-turn|p1a: Magcargo
|-resisted|p1a: Magcargo
|-damage|p1a: Magcargo|76/100
|-ability|p1a: Magcargo|Weak Armor|boost
|-unboost|p1a: Magcargo|def|1
|
|t:|1769384790
|switch|p2a: Kingambit|Kingambit, F|100/100|[from] U-turn
|-activate|p2a: Kingambit|ability: Supreme Overlord
|-start|p2a: Kingambit|fallen1|[silent]
|
|-weather|Snowscape|[upkeep]
|upkeep
|turn|16
|
|t:|1769384795
|move|p2a: Kingambit|Sucker Punch|p1a: Magcargo
|-damage|p1a: Magcargo|0 fnt
|faint|p1a: Magcargo
|
|-weather|none
|-sideend|p1: braindeadjellyfish|move: Aurora Veil
|upkeep
|
|t:|1769384802
|switch|p1a: Ninetales|Ninetales-Alola, M|92/100
|-weather|Snowscape|[from] ability: Snow Warning|[of] p1a: Ninetales
|turn|17
|
|t:|1769384803
|-end|p2a: Kingambit|fallen1|[silent]
|switch|p2a: Cinderace|Cinderace, M|100/100
|move|p1a: Ninetales|Aurora Veil|p1a: Ninetales
|-sidestart|p1: braindeadjellyfish|move: Aurora Veil
|
|-weather|Snowscape|[upkeep]
|upkeep
|turn|18
|
|t:|1769384807
|move|p2a: Cinderace|Pyro Ball|p1a: Ninetales
|-supereffective|p1a: Ninetales
|-damage|p1a: Ninetales|50/100
|-status|p1a: Ninetales|brn
|move|p1a: Ninetales|Aurora Veil||[still]
|-fail|p1a: Ninetales
|
|-weather|Snowscape|[upkeep]
|-damage|p1a: Ninetales|44/100 brn|[from] brn
|upkeep
|turn|19
|
|t:|1769384813
|move|p2a: Cinderace|Pyro Ball|p1a: Ninetales
|-supereffective|p1a: Ninetales
|-damage|p1a: Ninetales|0 fnt
|faint|p1a: Ninetales
|
|-weather|Snowscape|[upkeep]
|upkeep
|
|t:|1769384817
|switch|p1a: Hatterene|Hatterene, F|100/100
|turn|20
|
|t:|1769384820
|move|p2a: Cinderace|Gunk Shot|p1a: Hatterene
|-start|p2a: Cinderace|typechange|Poison|[from] ability: Libero
|-supereffective|p1a: Hatterene
|-damage|p1a: Hatterene|51/100
|move|p1a: Hatterene|Nuzzle|p2a: Cinderace
|-damage|p2a: Cinderace|94/100
|-status|p2a: Cinderace|par
|
|-weather|Snowscape|[upkeep]
|upkeep
|turn|21
|
|t:|1769384824
|move|p2a: Cinderace|Gunk Shot|p1a: Hatterene|[miss]
|-miss|p2a: Cinderace|p1a: Hatterene
|move|p1a: Hatterene|Psychic Noise|p2a: Cinderace
|-supereffective|p2a: Cinderace
|-damage|p2a: Cinderace|0 fnt
|faint|p2a: Cinderace
|
|-weather|none
|-sideend|p1: braindeadjellyfish|move: Aurora Veil
|upkeep
|
|t:|1769384837
|switch|p2a: Tornadus|Tornadus-Therian, M|100/100
|turn|22
|
|t:|1769384839
|move|p2a: Tornadus|Bleakwind Storm|p1a: Hatterene
|-damage|p1a: Hatterene|10/100
|move|p1a: Hatterene|Nuzzle|p2a: Tornadus
|-supereffective|p2a: Tornadus
|-damage|p2a: Tornadus|91/100
|-status|p2a: Tornadus|par
|
|upkeep
|turn|23
|
|t:|1769384844
|move|p2a: Tornadus|Knock Off|p1a: Hatterene
|-damage|p1a: Hatterene|0 fnt
|-enditem|p1a: Hatterene|Covert Cloak|[from] move: Knock Off|[of] p2a: Tornadus
|faint|p1a: Hatterene
|
|upkeep
|
|t:|1769384846
|switch|p1a: Gholdengo|Gholdengo|100/100
|turn|24
|
|t:|1769384848
|move|p1a: Gholdengo|Nasty Plot|p1a: Gholdengo
|-boost|p1a: Gholdengo|spa|2
|move|p2a: Tornadus|Knock Off|p1a: Gholdengo
|-supereffective|p1a: Gholdengo
|-damage|p1a: Gholdengo|59/100
|-enditem|p1a: Gholdengo|Custap Berry|[from] move: Knock Off|[of] p2a: Tornadus
|
|upkeep
|turn|25
|
|t:|1769384854
|move|p1a: Gholdengo|Shadow Ball|p2a: Tornadus
|-damage|p2a: Tornadus|35/100 par
|-unboost|p2a: Tornadus|spd|1
|move|p2a: Tornadus|Heat Wave|p1a: Gholdengo
|-supereffective|p1a: Gholdengo
|-damage|p1a: Gholdengo|3/100
|
|upkeep
|turn|26
|
|t:|1769384857
|move|p1a: Gholdengo|Shadow Ball|p2a: Tornadus
|-damage|p2a: Tornadus|0 fnt
|faint|p2a: Tornadus
|
|upkeep
|
|t:|1769384858
|switch|p2a: Kingambit|Kingambit, F|100/100
|-activate|p2a: Kingambit|ability: Supreme Overlord
|-start|p2a: Kingambit|fallen3|[silent]
|turn|27
|
|t:|1769384861
|move|p1a: Gholdengo|Dazzling Gleam|p2a: Kingambit
|-damage|p2a: Kingambit|35/100
|move|p2a: Kingambit|Kowtow Cleave|p1a: Gholdengo
|-supereffective|p1a: Gholdengo
|-damage|p1a: Gholdengo|0 fnt
|faint|p1a: Gholdengo
|
|-heal|p2a: Kingambit|41/100|[from] item: Leftovers
|upkeep
|
|t:|1769384864
|switch|p1a: Kingambit|Kingambit, F|100/100
|-activate|p1a: Kingambit|ability: Supreme Overlord
|-start|p1a: Kingambit|fallen5|[silent]
|-item|p1a: Kingambit|Air Balloon
|turn|28
|
|t:|1769384872
|-terastallize|p1a: Kingambit|Ghost
|-terastallize|p2a: Kingambit|Fairy
|move|p1a: Kingambit|Low Kick|p2a: Kingambit
|-resisted|p2a: Kingambit
|-damage|p2a: Kingambit|21/100
|move|p2a: Kingambit|Tera Blast|p1a: Kingambit|[anim] Tera Blast Fairy
|-damage|p1a: Kingambit|51/100
|-enditem|p1a: Kingambit|Air Balloon
|
|-heal|p2a: Kingambit|27/100|[from] item: Leftovers
|upkeep
|turn|29
|
|t:|1769384881
|move|p2a: Kingambit|Sucker Punch|p1a: Kingambit
|-supereffective|p1a: Kingambit
|-damage|p1a: Kingambit|0 fnt
|faint|p1a: Kingambit
|-end|p1a: Kingambit|fallen5|[silent]
|
|win|topmanbladee
|raw|braindeadjellyfish's rating: 1641 &rarr; <strong>1620</strong><br />(-21 for losing)
|raw|topmanbladee's rating: 1629 &rarr; <strong>1650</strong><br />(+21 for winning)
|l|☆topmanbladee
|player|p2|
|l|☆braindeadjellyfish
|player|p1|
