|j|☆pospo
|j|☆SladeRG
|t:|1769362553
|gametype|singles
|player|p1|pospo|blaine|1410
|player|p2|SladeRG|1|1376
|gen|9
|tier|[Gen 9] OU
|rated|
|rule|HP Percentage Mod: HP is shown in percentages
|rule|Endless Battle Clause: Forcing endless battles is banned
|rule|Species Clause: Limit one of each Pokémon
|rule|OHKO Clause: OHKO moves are banned
|rule|Evasion Items Clause: Evasion items are banned
|rule|Evasion Moves Clause: Evasion moves are banned
|rule|Evasion Abilities Clause: Evasion abilities are banned
|rule|Sleep Moves Clause: Sleep-inducing moves are banned
|clearpoke
|poke|p1|Hoopa-Unbound|
|poke|p1|Slowking-Galar, F|
|poke|p1|Alomomola, F|
|poke|p1|Zamazenta-*|
|poke|p1|Great Tusk|
|poke|p1|Kingambit, F|
|poke|p2|Torkoal, M|
|poke|p2|Lilligant-Hisui, F|
|poke|p2|Walking Wake|
|poke|p2|Typhlosion-Hisui, F|
|poke|p2|Raging Bolt|
|poke|p2|Corviknight, M|
|teampreview
|
|t:|1769362580
|teamsize|p1|6
|teamsize|p2|6
|start
|switch|p1a: Slowking|Slowking-Galar, F|100/100
|switch|p2a: Torkoal|Torkoal, M|100/100
|-weather|SunnyDay|[from] ability: Drought|[of] p2a: Torkoal
|turn|1
|
|t:|1769362590
|switch|p2a: Raging Bolt|Raging Bolt|100/100
|-activate|p2a: Raging Bolt|ability: Protosynthesis
|-start|p2a: Raging Bolt|protosynthesisspa
|-prepare|p1a: Slowking|Chilly Reception|[premajor]
|move|p1a: Slowking|Chilly Reception|p1a: Slowking
|-weather|Snowscape
|-end|p2a: Raging Bolt|Protosynthesis
|
|t:|1769362597
|switch|p1a: Great Tusk|Great Tusk|100/100|[from] Chilly Reception
|
|-weather|Snowscape|[upkeep]
|upkeep
|turn|2
|
|t:|1769362603
|move|p1a: Great Tusk|Stealth Rock|p2a: Raging Bolt
|-sidestart|p2: SladeRG|move: Stealth Rock
|move|p2a: Raging Bolt|Weather Ball|p1a: Great Tusk
|-supereffective|p1a: Great Tusk
|-damage|p1a: Great Tusk|0 fnt
|faint|p1a: Great Tusk
|-end|p1a: Great Tusk|Protosynthesis|[silent]
|
|-weather|Snowscape|[upkeep]
|upkeep
|
|t:|1769362614
|switch|p1a: Hoopa|Hoopa-Unbound|100/100
|turn|3
|
|t:|1769362653
|move|p1a: Hoopa|Hyperspace Fury|p2a: Raging Bolt
|-damage|p2a: Raging Bolt|17/100
|-unboost|p1a: Hoopa|def|1
|move|p2a: Raging Bolt|Volt Switch|p1a: Hoopa
|-damage|p1a: Hoopa|60/100
|
|t:|1769362720
|-end|p2a: Raging Bolt|Protosynthesis|[silent]
|switch|p2a: Corviknight|Corviknight, M|100/100|[from] Volt Switch
|-damage|p2a: Corviknight|88/100|[from] Stealth Rock
|-ability|p2a: Corviknight|Pressure
|
|-weather|Snowscape|[upkeep]
|upkeep
|turn|4
|
|t:|1769362727
|move|p1a: Hoopa|Hyperspace Fury|p2a: Corviknight
|-damage|p2a: Corviknight|29/100
|-unboost|p1a: Hoopa|def|1
|move|p2a: Corviknight|Defog|p1a: Hoopa
|-unboost|p1a: Hoopa|evasion|1
|-sideend|p2: SladeRG|Stealth Rock|[from] move: Defog|[of] p2a: Corviknight
|
|-weather|Snowscape|[upkeep]
|upkeep
|turn|5
|
|t:|1769362739
|switch|p2a: Torkoal|Torkoal, M|100/100
|-weather|SunnyDay|[from] ability: Drought|[of] p2a: Torkoal
|move|p1a: Hoopa|Hyperspace Fury|p2a: Torkoal
|-damage|p2a: Torkoal|43/100
|-unboost|p1a: Hoopa|def|1
|
|-weather|SunnyDay|[upkeep]
|upkeep
|turn|6
|
|t:|1769362778
|switch|p1a: Slowking|Slowking-Galar, F|100/100
|switch|p2a: Corviknight|Corviknight, M|29/100
|-ability|p2a: Corviknight|Pressure
|
|-weather|SunnyDay|[upkeep]
|upkeep
|turn|7
|
|t:|1769362782
|move|p2a: Corviknight|Roost|p2a: Corviknight
|-heal|p2a: Corviknight|79/100
|-singleturn|p2a: Corviknight|move: Roost
|move|p1a: Slowking|Future Sight|p2a: Corviknight
|-start|p1a: Slowking|move: Future Sight
|
|-weather|SunnyDay|[upkeep]
|upkeep
|turn|8
|
|t:|1769362788
|move|p2a: Corviknight|Roost|p2a: Corviknight
|-heal|p2a: Corviknight|100/100
|-singleturn|p2a: Corviknight|move: Roost
|-prepare|p1a: Slowking|Chilly Reception|[premajor]
|move|p1a: Slowking|Chilly Reception|p1a: Slowking
|-weather|Snowscape
|
|t:|1769362795
|switch|p1a: Alomomola|Alomomola, F|100/100|[from] Chilly Reception
|
|-weather|Snowscape|[upkeep]
|upkeep
|turn|9
|
|t:|1769362801
|move|p2a: Corviknight|Brave Bird|p1a: Alomomola
|-damage|p1a: Alomomola|77/100
|-damage|p2a: Corviknight|91/100|[from] Recoil
|move|p1a: Alomomola|Flip Turn|p2a: Corviknight
|-damage|p2a: Corviknight|82/100
|-damage|p1a: Alomomola|60/100|[from] item: Rocky Helmet|[of] p2a: Corviknight
|
|t:|1769362808
|switch|p1a: Slowking|Slowking-Galar, F|100/100|[from] Flip Turn
|
|-weather|Snowscape|[upkeep]
|-end|p2a: Corviknight|move: Future Sight
|-resisted|p2a: Corviknight
|-damage|p2a: Corviknight|61/100
|upkeep
|turn|10
|
|t:|1769362815
|move|p2a: Corviknight|Roost|p2a: Corviknight
|-heal|p2a: Corviknight|100/100
|-singleturn|p2a: Corviknight|move: Roost
|move|p1a: Slowking|Future Sight|p2a: Corviknight
|-start|p1a: Slowking|move: Future Sight
|
|-weather|Snowscape|[upkeep]
|upkeep
|turn|11
|
|t:|1769362821
|move|p2a: Corviknight|Brave Bird|p1a: Slowking
|-crit|p1a: Slowking
|-damage|p1a: Slowking|42/100
|-damage|p2a: Corviknight|82/100|[from] Recoil
|-prepare|p1a: Slowking|Chilly Reception|[premajor]
|move|p1a: Slowking|Chilly Reception|p1a: Slowking
|
|t:|1769362825
|switch|p1a: Alomomola|Alomomola, F|93/100|[from] Chilly Reception
|
|-weather|Snowscape|[upkeep]
|upkeep
|turn|12
|
|t:|1769362832
|move|p2a: Corviknight|Brave Bird|p1a: Alomomola
|-damage|p1a: Alomomola|72/100
|-damage|p2a: Corviknight|73/100|[from] Recoil
|move|p1a: Alomomola|Wish|p1a: Alomomola
|
|-weather|none
|-end|p2a: Corviknight|move: Future Sight
|-resisted|p2a: Corviknight
|-damage|p2a: Corviknight|50/100
|upkeep
|turn|13
|
|t:|1769362839
|move|p2a: Corviknight|Roost|p2a: Corviknight
|-heal|p2a: Corviknight|99/100
|-singleturn|p2a: Corviknight|move: Roost
|move|p1a: Alomomola|Flip Turn|p2a: Corviknight
|-damage|p2a: Corviknight|90/100
|-damage|p1a: Alomomola|55/100|[from] item: Rocky Helmet|[of] p2a: Corviknight
|
|t:|1769362842
|switch|p1a: Slowking|Slowking-Galar, F|76/100|[from] Flip Turn
|
|-heal|p1a: Slowking|100/100|[from] move: Wish|[wisher] Alomomola
|upkeep
|turn|14
|
|t:|1769362855
|move|p2a: Corviknight|U-turn|p1a: Slowking
|-damage|p1a: Slowking|85/100
|
|t:|1769362858
|switch|p2a: Torkoal|Torkoal, M|43/100|[from] U-turn
|-weather|SunnyDay|[from] ability: Drought|[of] p2a: Torkoal
|move|p1a: Slowking|Future Sight|p2a: Torkoal
|-start|p1a: Slowking|move: Future Sight
|
|-weather|SunnyDay|[upkeep]
|upkeep
|turn|15
|
|t:|1769362869
|move|p2a: Torkoal|Stealth Rock|p1a: Slowking
|-sidestart|p1: pospo|move: Stealth Rock
|-prepare|p1a: Slowking|Chilly Reception|[premajor]
|move|p1a: Slowking|Chilly Reception|p1a: Slowking
|-weather|Snowscape
|
|t:|1769362874
|switch|p1a: Hoopa|Hoopa-Unbound|60/100|[from] Chilly Reception
|-damage|p1a: Hoopa|47/100|[from] Stealth Rock
|
|-weather|Snowscape|[upkeep]
|upkeep
|turn|16
|
|t:|1769362883
|switch|p2a: Corviknight|Corviknight, M|90/100
|-ability|p2a: Corviknight|Pressure
|move|p1a: Hoopa|Hyperspace Fury|p2a: Corviknight
|-damage|p2a: Corviknight|33/100
|-unboost|p1a: Hoopa|def|1
|
|-weather|Snowscape|[upkeep]
|-end|p2a: Corviknight|move: Future Sight
|-resisted|p2a: Corviknight
|-damage|p2a: Corviknight|10/100
|upkeep
|turn|17
|
|t:|1769362954
|switch|p1a: Zamazenta|Zamazenta|100/100
|-damage|p1a: Zamazenta|94/100|[from] Stealth Rock
|-ability|p1a: Zamazenta|Dauntless Shield|boost
|-boost|p1a: Zamazenta|def|1
|switch|p2a: Torkoal|Torkoal, M|43/100
|-weather|SunnyDay|[from] ability: Drought|[of] p2a: Torkoal
|
|-weather|SunnyDay|[upkeep]
|-heal|p1a: Zamazenta|100/100|[from] item: Leftovers
|upkeep
|turn|18
|
|t:|1769362971
|switch|p1a: Slowking|Slowking-Galar, F|100/100
|move|p2a: Torkoal|Will-O-Wisp|p1a: Slowking
|-status|p1a: Slowking|brn
|
|-weather|SunnyDay|[upkeep]
|-damage|p1a: Slowking|94/100 brn|[from] brn
|upkeep
|turn|19
|
|t:|1769363028
|switch|p2a: Corviknight|Corviknight, M|10/100
|-ability|p2a: Corviknight|Pressure
|-prepare|p1a: Slowking|Chilly Reception|[premajor]
|move|p1a: Slowking|Chilly Reception|p1a: Slowking
|-weather|Snowscape
|
|t:|1769363034
|switch|p1a: Alomomola|Alomomola, F|88/100|[from] Chilly Reception
|
|-weather|Snowscape|[upkeep]
|upkeep
|turn|20
|
|t:|1769363037
|move|p2a: Corviknight|Roost|p2a: Corviknight
|-heal|p2a: Corviknight|60/100
|-singleturn|p2a: Corviknight|move: Roost
|move|p1a: Alomomola|Wish|p1a: Alomomola
|
|-weather|Snowscape|[upkeep]
|upkeep
|turn|21
|
|t:|1769363050
|move|p2a: Corviknight|U-turn|p1a: Alomomola
|-damage|p1a: Alomomola|80/100
|
|t:|1769363058
|switch|p2a: Torkoal|Torkoal, M|43/100|[from] U-turn
|-weather|SunnyDay|[from] ability: Drought|[of] p2a: Torkoal
|move|p1a: Alomomola|Flip Turn|p2a: Torkoal
|-supereffective|p2a: Torkoal
|-damage|p2a: Torkoal|34/100
|
|t:|1769363060
|switch|p1a: Slowking|Slowking-Galar, F|100/100 brn|[from] Flip Turn
|
|-weather|SunnyDay|[upkeep]
|-damage|p1a: Slowking|94/100 brn|[from] brn
|upkeep
|turn|22
|
|t:|1769363069
|move|p2a: Torkoal|Lava Plume|p1a: Slowking
|-damage|p1a: Slowking|74/100 brn
|move|p1a: Slowking|Future Sight|p2a: Torkoal
|-start|p1a: Slowking|move: Future Sight
|
|-weather|SunnyDay|[upkeep]
|-damage|p1a: Slowking|67/100 brn|[from] brn
|upkeep
|turn|23
|
|t:|1769363074
|switch|p2a: Corviknight|Corviknight, M|60/100
|-ability|p2a: Corviknight|Pressure
|-prepare|p1a: Slowking|Chilly Reception|[premajor]
|move|p1a: Slowking|Chilly Reception|p1a: Slowking
|-weather|Snowscape
|
|t:|1769363079
|switch|p1a: Alomomola|Alomomola, F|100/100|[from] Chilly Reception
|
|-weather|Snowscape|[upkeep]
|upkeep
|turn|24
|
|t:|1769363083
|move|p2a: Corviknight|Roost|p2a: Corviknight
|-heal|p2a: Corviknight|100/100
|-singleturn|p2a: Corviknight|move: Roost
|move|p1a: Alomomola|Wish|p1a: Alomomola
|
|-weather|Snowscape|[upkeep]
|-end|p2a: Corviknight|move: Future Sight
|-resisted|p2a: Corviknight
|-damage|p2a: Corviknight|78/100
|upkeep
|turn|25
|
|t:|1769363088
|move|p2a: Corviknight|Brave Bird|p1a: Alomomola
|-damage|p1a: Alomomola|78/100
|-damage|p2a: Corviknight|69/100|[from] Recoil
|move|p1a: Alomomola|Flip Turn|p2a: Corviknight
|-damage|p2a: Corviknight|59/100
|-damage|p1a: Alomomola|61/100|[from] item: Rocky Helmet|[of] p2a: Corviknight
|
|t:|1769363091
|switch|p1a: Hoopa|Hoopa-Unbound|47/100|[from] Flip Turn
|-damage|p1a: Hoopa|35/100|[from] Stealth Rock
|
|-weather|Snowscape|[upkeep]
|-heal|p1a: Hoopa|100/100|[from] move: Wish|[wisher] Alomomola
|upkeep
|turn|26
|
|t:|1769363111
|switch|p1a: Slowking|Slowking-Galar, F|100/100 brn
|move|p2a: Corviknight|Roost|p2a: Corviknight
|-heal|p2a: Corviknight|100/100
|-singleturn|p2a: Corviknight|move: Roost
|
|-weather|Snowscape|[upkeep]
|-damage|p1a: Slowking|94/100 brn|[from] brn
|upkeep
|turn|27
|
|t:|1769363116
|move|p2a: Corviknight|Brave Bird|p1a: Slowking
|-damage|p1a: Slowking|53/100 brn
|-damage|p2a: Corviknight|87/100|[from] Recoil
|move|p1a: Slowking|Future Sight|p2a: Corviknight
|-start|p1a: Slowking|move: Future Sight
|
|-weather|none
|-damage|p1a: Slowking|47/100 brn|[from] brn
|upkeep
|turn|28
|
|t:|1769363123
|move|p2a: Corviknight|Brave Bird|p1a: Slowking
|-damage|p1a: Slowking|10/100 brn
|-damage|p2a: Corviknight|75/100|[from] Recoil
|-prepare|p1a: Slowking|Chilly Reception|[premajor]
|move|p1a: Slowking|Chilly Reception|p1a: Slowking
|-weather|Snowscape
|
|t:|1769363126
|switch|p1a: Alomomola|Alomomola, F|95/100|[from] Chilly Reception
|
|-weather|Snowscape|[upkeep]
|upkeep
|turn|29
|
|t:|1769363133
|move|p2a: Corviknight|Brave Bird|p1a: Alomomola
|-damage|p1a: Alomomola|71/100
|-damage|p2a: Corviknight|66/100|[from] Recoil
|move|p1a: Alomomola|Wish|p1a: Alomomola
|
|-weather|Snowscape|[upkeep]
|-end|p2a: Corviknight|move: Future Sight
|-resisted|p2a: Corviknight
|-damage|p2a: Corviknight|44/100
|upkeep
|turn|30
|
|t:|1769363141
|move|p2a: Corviknight|U-turn|p1a: Alomomola
|-crit|p1a: Alomomola
|-damage|p1a: Alomomola|58/100
|
|t:|1769363144
|switch|p2a: Torkoal|Torkoal, M|34/100|[from] U-turn
|-weather|SunnyDay|[from] ability: Drought|[of] p2a: Torkoal
|move|p1a: Alomomola|Flip Turn|p2a: Torkoal
|-supereffective|p2a: Torkoal
|-damage|p2a: Torkoal|25/100
|
|t:|1769363146
|switch|p1a: Slowking|Slowking-Galar, F|44/100 brn|[from] Flip Turn
|
|-weather|SunnyDay|[upkeep]
|-heal|p1a: Slowking|100/100 brn|[from] move: Wish|[wisher] Alomomola
|-damage|p1a: Slowking|94/100 brn|[from] brn
|upkeep
|turn|31
|
|t:|1769363151
|switch|p2a: Typhlosion|Typhlosion-Hisui, F|100/100
|-prepare|p1a: Slowking|Chilly Reception|[premajor]
|move|p1a: Slowking|Chilly Reception|p1a: Slowking
|-weather|Snowscape
|
|t:|1769363166
|switch|p1a: Alomomola|Alomomola, F|91/100|[from] Chilly Reception
|
|-weather|Snowscape|[upkeep]
|upkeep
|turn|32
|
|t:|1769363199
|switch|p2a: Corviknight|Corviknight, M|44/100
|-ability|p2a: Corviknight|Pressure
|move|p1a: Alomomola|Flip Turn|p2a: Corviknight
|-damage|p2a: Corviknight|34/100
|-damage|p1a: Alomomola|75/100|[from] item: Rocky Helmet|[of] p2a: Corviknight
|
|t:|1769363206
|switch|p1a: Slowking|Slowking-Galar, F|100/100 brn|[from] Flip Turn
|
|-weather|Snowscape|[upkeep]
|-damage|p1a: Slowking|94/100 brn|[from] brn
|upkeep
|turn|33
|
|t:|1769363208
|move|p2a: Corviknight|Roost|p2a: Corviknight
|-heal|p2a: Corviknight|84/100
|-singleturn|p2a: Corviknight|move: Roost
|move|p1a: Slowking|Future Sight|p2a: Corviknight
|-start|p1a: Slowking|move: Future Sight
|
|-weather|Snowscape|[upkeep]
|-damage|p1a: Slowking|88/100 brn|[from] brn
|upkeep
|turn|34
|
|t:|1769363218
|move|p2a: Corviknight|Brave Bird|p1a: Slowking
|-damage|p1a: Slowking|49/100 brn
|-damage|p2a: Corviknight|71/100|[from] Recoil
|move|p1a: Slowking|Ice Beam|p2a: Corviknight
|-damage|p2a: Corviknight|50/100
|
|-weather|Snowscape|[upkeep]
|-damage|p1a: Slowking|43/100 brn|[from] brn
|upkeep
|turn|35
|
|t:|1769363225
|switch|p1a: Alomomola|Alomomola, F|100/100
|move|p2a: Corviknight|Brave Bird|p1a: Alomomola
|-damage|p1a: Alomomola|79/100
|-damage|p2a: Corviknight|42/100|[from] Recoil
|
|-weather|none
|-end|p2a: Corviknight|move: Future Sight
|-resisted|p2a: Corviknight
|-damage|p2a: Corviknight|22/100
|upkeep
|turn|36
|
|t:|1769363230
|move|p2a: Corviknight|U-turn|p1a: Alomomola
|-damage|p1a: Alomomola|69/100
|
|t:|1769363237
|switch|p2a: Torkoal|Torkoal, M|25/100|[from] U-turn
|-weather|SunnyDay|[from] ability: Drought|[of] p2a: Torkoal
|move|p1a: Alomomola|Flip Turn|p2a: Torkoal
|-supereffective|p2a: Torkoal
|-damage|p2a: Torkoal|16/100
|
|t:|1769363240
|switch|p1a: Slowking|Slowking-Galar, F|76/100 brn|[from] Flip Turn
|
|-weather|SunnyDay|[upkeep]
|-damage|p1a: Slowking|70/100 brn|[from] brn
|upkeep
|turn|37
|
|t:|1769363249
|switch|p2a: Raging Bolt|Raging Bolt|17/100
|-activate|p2a: Raging Bolt|ability: Protosynthesis
|-start|p2a: Raging Bolt|protosynthesisspa
|-prepare|p1a: Slowking|Chilly Reception|[premajor]
|move|p1a: Slowking|Chilly Reception|p1a: Slowking
|-weather|Snowscape
|-end|p2a: Raging Bolt|Protosynthesis
|inactive|Battle timer is ON: inactive players will automatically lose when time's up. (requested by SladeRG)
|
|t:|1769363309
|switch|p1a: Alomomola|Alomomola, F|100/100|[from] Chilly Reception
|
|-weather|Snowscape|[upkeep]
|upkeep
|turn|38
|
|t:|1769363314
|-terastallize|p1a: Alomomola|Ghost
|move|p2a: Raging Bolt|Thunderbolt|p1a: Alomomola
|-damage|p1a: Alomomola|55/100
|move|p1a: Alomomola|Flip Turn|p2a: Raging Bolt
|-resisted|p2a: Raging Bolt
|-damage|p2a: Raging Bolt|10/100
|
|t:|1769363318
|switch|p1a: Slowking|Slowking-Galar, F|100/100 brn|[from] Flip Turn
|
|-weather|Snowscape|[upkeep]
|-damage|p1a: Slowking|94/100 brn|[from] brn
|upkeep
|turn|39
|
|t:|1769363328
|move|p2a: Raging Bolt|Volt Switch|p1a: Slowking
|-damage|p1a: Slowking|69/100 brn
|
|t:|1769363333
|-end|p2a: Raging Bolt|Protosynthesis|[silent]
|switch|p2a: Walking Wake|Walking Wake|100/100|[from] Volt Switch
|move|p1a: Slowking|Sludge Bomb|p2a: Walking Wake
|-damage|p2a: Walking Wake|60/100
|-status|p2a: Walking Wake|psn
|
|-weather|Snowscape|[upkeep]
|-damage|p2a: Walking Wake|48/100 psn|[from] psn
|-damage|p1a: Slowking|63/100 brn|[from] brn
|upkeep
|turn|40
|
|t:|1769363342
|move|p2a: Walking Wake|Hydro Steam|p1a: Slowking
|-damage|p1a: Slowking|26/100 brn
|move|p1a: Slowking|Sludge Bomb|p2a: Walking Wake
|-damage|p2a: Walking Wake|11/100 psn
|
|-weather|Snowscape|[upkeep]
|-damage|p2a: Walking Wake|0 fnt|[from] psn
|faint|p2a: Walking Wake
|-end|p2a: Walking Wake|Protosynthesis|[silent]
|-damage|p1a: Slowking|20/100 brn|[from] brn
|upkeep
|
|t:|1769363363
|switch|p2a: Typhlosion|Typhlosion-Hisui, F|100/100
|turn|41
|
|t:|1769363378
|switch|p1a: Kingambit|Kingambit, F|100/100
|-damage|p1a: Kingambit|94/100|[from] Stealth Rock
|-activate|p1a: Kingambit|ability: Supreme Overlord
|-start|p1a: Kingambit|fallen1|[silent]
|move|p2a: Typhlosion|Eruption|p1a: Kingambit
|-supereffective|p1a: Kingambit
|-damage|p1a: Kingambit|0 fnt
|faint|p1a: Kingambit
|-end|p1a: Kingambit|fallen1|[silent]
|
|-weather|none
|upkeep
|
|t:|1769363385
|switch|p1a: Zamazenta|Zamazenta|100/100
|-damage|p1a: Zamazenta|94/100|[from] Stealth Rock
|turn|42
|inactive|SladeRG has 120 seconds left.
|
|t:|1769363425
|switch|p2a: Torkoal|Torkoal, M|16/100
|-weather|SunnyDay|[from] ability: Drought|[of] p2a: Torkoal
|move|p1a: Zamazenta|Crunch|p2a: Torkoal
|-damage|p2a: Torkoal|3/100
|
|-weather|SunnyDay|[upkeep]
|-heal|p1a: Zamazenta|100/100|[from] item: Leftovers
|upkeep
|turn|43
|inactive|SladeRG has 120 seconds left.
|
|t:|1769363436
|move|p1a: Zamazenta|Iron Defense|p1a: Zamazenta
|-boost|p1a: Zamazenta|def|2
|move|p2a: Torkoal|Lava Plume|p1a: Zamazenta
|-damage|p1a: Zamazenta|70/100
|
|-weather|SunnyDay|[upkeep]
|-heal|p1a: Zamazenta|76/100|[from] item: Leftovers
|upkeep
|turn|44
|
|t:|1769363441
|move|p1a: Zamazenta|Body Press|p2a: Torkoal
|-damage|p2a: Torkoal|0 fnt
|faint|p2a: Torkoal
|
|-weather|SunnyDay|[upkeep]
|-heal|p1a: Zamazenta|82/100|[from] item: Leftovers
|upkeep
|
|t:|1769363444
|switch|p2a: Typhlosion|Typhlosion-Hisui, F|100/100
|turn|45
|
|t:|1769363453
|-terastallize|p2a: Typhlosion|Fire
|move|p2a: Typhlosion|Eruption|p1a: Zamazenta
|-damage|p1a: Zamazenta|0 fnt
|faint|p1a: Zamazenta
|
|-weather|SunnyDay|[upkeep]
|upkeep
|
|t:|1769363460
|switch|p1a: Alomomola|Alomomola, F, tera:Ghost|88/100
|turn|46
|
|t:|1769363484
|move|p1a: Alomomola|Protect|p1a: Alomomola
|-singleturn|p1a: Alomomola|Protect
|move|p2a: Typhlosion|Eruption|p1a: Alomomola
|-activate|p1a: Alomomola|move: Protect
|
|-weather|SunnyDay|[upkeep]
|upkeep
|turn|47
|inactive|pospo has 120 seconds left.
|
|t:|1769363527
|move|p1a: Alomomola|Protect||[still]
|-fail|p1a: Alomomola
|move|p2a: Typhlosion|Eruption|p1a: Alomomola
|-damage|p1a: Alomomola|0 fnt
|faint|p1a: Alomomola
|
|-weather|SunnyDay|[upkeep]
|upkeep
|
|t:|1769363535
|switch|p1a: Hoopa|Hoopa-Unbound|100/100
|-damage|p1a: Hoopa|88/100|[from] Stealth Rock
|turn|48
|
|t:|1769363542
|move|p2a: Typhlosion|Eruption|p1a: Hoopa
|-damage|p1a: Hoopa|0 fnt
|faint|p1a: Hoopa
|
|-weather|SunnyDay|[upkeep]
|upkeep
|
|t:|1769363545
|switch|p1a: Slowking|Slowking-Galar, F|54/100 brn
|turn|49
|
|t:|1769363547
|move|p2a: Typhlosion|Eruption|p1a: Slowking
|-damage|p1a: Slowking|0 fnt
|faint|p1a: Slowking
|
|win|SladeRG
|raw|pospo's rating: 1410 &rarr; <strong>1388</strong><br />(-22 for losing)
|raw|SladeRG's rating: 1376 &rarr; <strong>1398</strong><br />(+22 for winning)
|c|☆SladeRG|bad game
|l|☆pospo
|player|p1|
