|j|☆ShadowFerretofD00M
|j|☆mother3part2
|t:|1769357018
|gametype|singles
|player|p1|ShadowFerretofD00M|unknown|1510
|player|p2|mother3part2|doctor|1488
|gen|9
|tier|[Gen 9] OU
|rated|
|rule|HP Percentage Mod: HP is shown in percentages
|rule|Endless Battle Clause: Forcing endless battles is banned
|rule|Species Clause: Limit one of each Pokémon
|rule|OHKO Clause: OHKO moves are banned
|rule|Evasion Items Clause: Evasion items are banned
|rule|Evasion Moves Clause: Evasion moves are banned
|rule|Evasion Abilities Clause: Evasion abilities are banned
|rule|Sleep Moves Clause: Sleep-inducing moves are banned
|clearpoke
|poke|p1|Torterra, M|
|poke|p1|Dragapult, M|
|poke|p1|Samurott-Hisui, F|
|poke|p1|Iron Valiant|
|poke|p1|Kingambit, F|
|poke|p1|Gholdengo|
|poke|p2|Raging Bolt|
|poke|p2|Gholdengo|
|poke|p2|Great Tusk|
|poke|p2|Alomomola, M|
|poke|p2|Dragonite, F|
|poke|p2|Garganacl, F|
|teampreview
|inactive|Battle timer is ON: inactive players will automatically lose when time's up. (requested by ShadowFerretofD00M)
|c|☆ShadowFerretofD00M|glhf
|
|t:|1769357028
|teamsize|p1|6
|teamsize|p2|6
|start
|switch|p1a: Samurott|Samurott-Hisui, F|100/100
|switch|p2a: Raging Bolt|Raging Bolt|100/100
|turn|1
|c|☆mother3part2|u2
|
|t:|1769357038
|-terastallize|p1a: Samurott|Ghost
|move|p1a: Samurott|Ceaseless Edge|p2a: Raging Bolt
|-damage|p2a: Raging Bolt|59/100
|-sidestart|p2: mother3part2|Spikes
|move|p2a: Raging Bolt|Volt Switch|p1a: Samurott
|-damage|p1a: Samurott|8/100
|
|t:|1769357067
|-end|p2a: Raging Bolt|Protosynthesis|[silent]
|switch|p2a: Great Tusk|Great Tusk|100/100|[from] Volt Switch
|
|upkeep
|turn|2
|
|t:|1769357071
|move|p1a: Samurott|Ceaseless Edge|p2a: Great Tusk
|-resisted|p2a: Great Tusk
|-damage|p2a: Great Tusk|83/100
|-sidestart|p2: mother3part2|Spikes
|move|p2a: Great Tusk|Knock Off|p1a: Samurott
|-supereffective|p1a: Samurott
|-damage|p1a: Samurott|0 fnt
|-enditem|p1a: Samurott|Choice Scarf|[from] move: Knock Off|[of] p2a: Great Tusk
|faint|p1a: Samurott
|
|upkeep
|
|t:|1769357081
|switch|p1a: Iron Valiant|Iron Valiant|100/100
|-enditem|p1a: Iron Valiant|Booster Energy
|-activate|p1a: Iron Valiant|ability: Quark Drive|[fromitem]
|-start|p1a: Iron Valiant|quarkdrivespe
|turn|3
|
|t:|1769357093
|-end|p2a: Great Tusk|Protosynthesis|[silent]
|switch|p2a: Garganacl|Garganacl, F|100/100
|-damage|p2a: Garganacl|84/100|[from] Spikes
|move|p1a: Iron Valiant|Moonblast|p2a: Garganacl
|-damage|p2a: Garganacl|53/100
|
|-heal|p2a: Garganacl|60/100|[from] item: Leftovers
|upkeep
|turn|4
|
|t:|1769357112
|-end|p1a: Iron Valiant|Quark Drive|[silent]
|switch|p1a: Dragapult|Dragapult, M|100/100
|move|p2a: Garganacl|Protect||[still]
|-fail|p2a: Garganacl
|
|-heal|p2a: Garganacl|66/100|[from] item: Leftovers
|upkeep
|turn|5
|
|t:|1769357118
|move|p2a: Garganacl|Protect|p2a: Garganacl
|-singleturn|p2a: Garganacl|Protect
|move|p1a: Dragapult|Reflect|p1a: Dragapult
|-sidestart|p1: ShadowFerretofD00M|Reflect
|
|-heal|p2a: Garganacl|72/100|[from] item: Leftovers
|upkeep
|turn|6
|
|t:|1769357120
|move|p1a: Dragapult|Light Screen|p1a: Dragapult
|-sidestart|p1: ShadowFerretofD00M|move: Light Screen
|move|p2a: Garganacl|Stealth Rock|p1a: Dragapult
|-sidestart|p1: ShadowFerretofD00M|move: Stealth Rock
|
|-heal|p2a: Garganacl|78/100|[from] item: Leftovers
|upkeep
|turn|7
|
|t:|1769357126
|move|p1a: Dragapult|U-turn|p2a: Garganacl
|-damage|p2a: Garganacl|66/100
|
|t:|1769357132
|switch|p1a: Iron Valiant|Iron Valiant|100/100|[from] U-turn
|-damage|p1a: Iron Valiant|94/100|[from] Stealth Rock
|move|p2a: Garganacl|Salt Cure|p1a: Iron Valiant
|-resisted|p1a: Iron Valiant
|-damage|p1a: Iron Valiant|90/100
|-start|p1a: Iron Valiant|Salt Cure
|
|-heal|p2a: Garganacl|72/100|[from] item: Leftovers
|-damage|p1a: Iron Valiant|77/100|[from] Salt Cure
|upkeep
|turn|8
|
|t:|1769357138
|move|p2a: Garganacl|Protect|p2a: Garganacl
|-singleturn|p2a: Garganacl|Protect
|move|p1a: Iron Valiant|Calm Mind|p1a: Iron Valiant
|-boost|p1a: Iron Valiant|spa|1
|-boost|p1a: Iron Valiant|spd|1
|
|-heal|p2a: Garganacl|79/100|[from] item: Leftovers
|-damage|p1a: Iron Valiant|65/100|[from] Salt Cure
|upkeep
|turn|9
|
|t:|1769357141
|move|p1a: Iron Valiant|Moonblast|p2a: Garganacl
|-damage|p2a: Garganacl|32/100
|move|p2a: Garganacl|Salt Cure|p1a: Iron Valiant
|-resisted|p1a: Iron Valiant
|-damage|p1a: Iron Valiant|60/100
|
|-heal|p2a: Garganacl|38/100|[from] item: Leftovers
|-damage|p1a: Iron Valiant|48/100|[from] Salt Cure
|upkeep
|turn|10
|
|t:|1769357148
|switch|p2a: Gholdengo|Gholdengo|100/100
|-damage|p2a: Gholdengo|84/100|[from] Spikes
|move|p1a: Iron Valiant|Calm Mind|p1a: Iron Valiant
|-boost|p1a: Iron Valiant|spa|1
|-boost|p1a: Iron Valiant|spd|1
|
|-damage|p1a: Iron Valiant|35/100|[from] Salt Cure
|upkeep
|turn|11
|
|t:|1769357154
|move|p2a: Gholdengo|Make It Rain|p1a: Iron Valiant
|-supereffective|p1a: Iron Valiant
|-damage|p1a: Iron Valiant|0 fnt
|-unboost|p2a: Gholdengo|spa|1
|faint|p1a: Iron Valiant
|-end|p1a: Iron Valiant|Quark Drive|[silent]
|
|upkeep
|
|t:|1769357169
|switch|p1a: Kingambit|Kingambit, F|100/100
|-damage|p1a: Kingambit|94/100|[from] Stealth Rock
|-activate|p1a: Kingambit|ability: Supreme Overlord
|-start|p1a: Kingambit|fallen2|[silent]
|turn|12
|
|t:|1769357179
|switch|p2a: Alomomola|Alomomola, M|100/100
|move|p1a: Kingambit|Swords Dance|p1a: Kingambit
|-boost|p1a: Kingambit|atk|2
|
|-sideend|p1: ShadowFerretofD00M|Reflect
|upkeep
|turn|13
|
|t:|1769357186
|move|p1a: Kingambit|Swords Dance|p1a: Kingambit
|-boost|p1a: Kingambit|atk|2
|move|p2a: Alomomola|Wish|p2a: Alomomola
|
|-sideend|p1: ShadowFerretofD00M|move: Light Screen
|upkeep
|turn|14
|
|t:|1769357193
|move|p1a: Kingambit|Swords Dance|p1a: Kingambit
|-boost|p1a: Kingambit|atk|2
|move|p2a: Alomomola|Flip Turn|p1a: Kingambit
|-damage|p1a: Kingambit|80/100
|
|t:|1769357200
|switch|p2a: Great Tusk|Great Tusk|83/100|[from] Flip Turn
|
|-heal|p2a: Great Tusk|100/100|[from] move: Wish|[wisher] Alomomola
|upkeep
|turn|15
|
|t:|1769357204
|move|p1a: Kingambit|Sucker Punch|p2a: Great Tusk
|-resisted|p2a: Great Tusk
|-damage|p2a: Great Tusk|20/100
|move|p2a: Great Tusk|Headlong Rush|p1a: Kingambit
|-supereffective|p1a: Kingambit
|-damage|p1a: Kingambit|0 fnt
|-unboost|p2a: Great Tusk|def|1
|-unboost|p2a: Great Tusk|spd|1
|faint|p1a: Kingambit
|-end|p1a: Kingambit|fallen2|[silent]
|
|upkeep
|
|t:|1769357210
|switch|p1a: Dragapult|Dragapult, M|100/100
|-damage|p1a: Dragapult|88/100|[from] Stealth Rock
|turn|16
|
|t:|1769357220
|-end|p2a: Great Tusk|Protosynthesis|[silent]
|switch|p2a: Alomomola|Alomomola, M|100/100
|move|p1a: Dragapult|Fire Blast|p2a: Alomomola
|-resisted|p2a: Alomomola
|-damage|p2a: Alomomola|88/100
|
|upkeep
|turn|17
|
|t:|1769357224
|move|p1a: Dragapult|U-turn|p2a: Alomomola
|-damage|p2a: Alomomola|78/100
|
|t:|1769357226
|switch|p1a: Torterra|Torterra, M|100/100|[from] U-turn
|-damage|p1a: Torterra|94/100|[from] Stealth Rock
|move|p2a: Alomomola|Wish|p2a: Alomomola
|
|upkeep
|turn|18
|
|t:|1769357231
|move|p1a: Torterra|Shell Smash|p1a: Torterra
|-unboost|p1a: Torterra|def|1
|-unboost|p1a: Torterra|spd|1
|-boost|p1a: Torterra|atk|2
|-boost|p1a: Torterra|spa|2
|-boost|p1a: Torterra|spe|2
|move|p2a: Alomomola|Flip Turn|p1a: Torterra
|-damage|p1a: Torterra|70/100
|
|t:|1769357239
|switch|p2a: Great Tusk|Great Tusk|20/100|[from] Flip Turn
|
|-heal|p2a: Great Tusk|84/100|[from] move: Wish|[wisher] Alomomola
|upkeep
|turn|19
|
|t:|1769357246
|-terastallize|p2a: Great Tusk|Dragon
|move|p1a: Torterra|Bullet Seed|p2a: Great Tusk
|-resisted|p2a: Great Tusk
|-crit|p2a: Great Tusk
|-damage|p2a: Great Tusk|70/100
|-resisted|p2a: Great Tusk
|-damage|p2a: Great Tusk|61/100
|-resisted|p2a: Great Tusk
|-damage|p2a: Great Tusk|52/100
|-resisted|p2a: Great Tusk
|-damage|p2a: Great Tusk|41/100
|-resisted|p2a: Great Tusk
|-damage|p2a: Great Tusk|32/100
|-hitcount|p2a: Great Tusk|5
|move|p2a: Great Tusk|Ice Spinner|p1a: Torterra
|-supereffective|p1a: Torterra
|-damage|p1a: Torterra|0 fnt
|faint|p1a: Torterra
|
|upkeep
|-message|ShadowFerretofD00M forfeited.
|
|win|mother3part2
|raw|ShadowFerretofD00M's rating: 1510 &rarr; <strong>1489</strong><br />(-21 for losing)
|raw|mother3part2's rating: 1488 &rarr; <strong>1509</strong><br />(+21 for winning)
|l|☆ShadowFerretofD00M
|player|p1|
|l|☆mother3part2
|player|p2|
