|j|☆Ctannn
|j|☆smithwick1
|t:|1769338221
|gametype|singles
|player|p1|Ctannn|266|1777
|player|p2|smithwick1|266|1701
|gen|9
|tier|[Gen 9] OU
|rated|
|rule|HP Percentage Mod: HP is shown in percentages
|rule|Endless Battle Clause: Forcing endless battles is banned
|rule|Species Clause: Limit one of each Pokémon
|rule|OHKO Clause: OHKO moves are banned
|rule|Evasion Items Clause: Evasion items are banned
|rule|Evasion Moves Clause: Evasion moves are banned
|rule|Evasion Abilities Clause: Evasion abilities are banned
|rule|Sleep Moves Clause: Sleep-inducing moves are banned
|clearpoke
|poke|p1|Rillaboom, F|
|poke|p1|Garganacl, F|
|poke|p1|Cinderace, F|
|poke|p1|Raging Bolt|
|poke|p1|Slowking-Galar, F|
|poke|p1|Landorus-Therian, M|
|poke|p2|Kyurem|
|poke|p2|Rillaboom, M|
|poke|p2|Garganacl, M|
|poke|p2|Pecharunt|
|poke|p2|Iron Treads|
|poke|p2|Zamazenta-*|
|teampreview
|inactive|Battle timer is ON: inactive players will automatically lose when time's up. (requested by Ctannn)
|
|t:|1769338236
|teamsize|p1|6
|teamsize|p2|6
|start
|switch|p1a: Slowking|Slowking-Galar, F|100/100
|switch|p2a: Iron Treads|Iron Treads|100/100
|turn|1
|
|t:|1769338242
|move|p2a: Iron Treads|Knock Off|p1a: Slowking
|-supereffective|p1a: Slowking
|-damage|p1a: Slowking|57/100
|-damage|p2a: Iron Treads|84/100|[from] item: Rocky Helmet|[of] p1a: Slowking
|-enditem|p1a: Slowking|Rocky Helmet|[from] move: Knock Off|[of] p2a: Iron Treads
|move|p1a: Slowking|Future Sight|p2a: Iron Treads
|-start|p1a: Slowking|move: Future Sight
|
|upkeep
|turn|2
|
|t:|1769338246
|switch|p1a: Landorus|Landorus-Therian, M|100/100
|-ability|p1a: Landorus|Intimidate|boost
|-unboost|p2a: Iron Treads|atk|1
|move|p2a: Iron Treads|Knock Off|p1a: Landorus
|-damage|p1a: Landorus|85/100
|-damage|p2a: Iron Treads|67/100|[from] item: Rocky Helmet|[of] p1a: Landorus
|-enditem|p1a: Landorus|Rocky Helmet|[from] move: Knock Off|[of] p2a: Iron Treads
|
|upkeep
|turn|3
|
|t:|1769338250
|move|p2a: Iron Treads|Ice Spinner|p1a: Landorus
|-supereffective|p1a: Landorus
|-damage|p1a: Landorus|40/100
|move|p1a: Landorus|Earthquake|p2a: Iron Treads
|-supereffective|p2a: Iron Treads
|-damage|p2a: Iron Treads|0 fnt
|faint|p2a: Iron Treads
|-end|p2a: Iron Treads|Quark Drive|[silent]
|
|-hint|Future Sight did not hit because the target is fainted.
|upkeep
|
|t:|1769338257
|switch|p2a: Kyurem|Kyurem|100/100
|-ability|p2a: Kyurem|Pressure
|turn|4
|
|t:|1769338261
|switch|p1a: Cinderace|Cinderace, F|100/100
|move|p2a: Kyurem|Substitute|p2a: Kyurem
|-start|p2a: Kyurem|Substitute
|-damage|p2a: Kyurem|75/100
|
|-heal|p2a: Kyurem|82/100|[from] item: Leftovers
|upkeep
|turn|5
|
|t:|1769338265
|move|p2a: Kyurem|Protect|p2a: Kyurem
|-singleturn|p2a: Kyurem|Protect
|move|p1a: Cinderace|Pyro Ball|p2a: Kyurem
|-activate|p2a: Kyurem|move: Protect
|
|-heal|p2a: Kyurem|88/100|[from] item: Leftovers
|upkeep
|turn|6
|
|t:|1769338269
|move|p1a: Cinderace|U-turn|p2a: Kyurem
|-start|p1a: Cinderace|typechange|Bug|[from] ability: Libero
|-end|p2a: Kyurem|Substitute
|
|t:|1769338279
|switch|p1a: Slowking|Slowking-Galar, F|91/100|[from] U-turn
|move|p2a: Kyurem|Earth Power|p1a: Slowking
|-supereffective|p1a: Slowking
|-crit|p1a: Slowking
|-damage|p1a: Slowking|18/100
|
|-heal|p2a: Kyurem|94/100|[from] item: Leftovers
|upkeep
|turn|7
|
|t:|1769338289
|switch|p1a: Garganacl|Garganacl, F|100/100
|move|p2a: Kyurem|Freeze-Dry|p1a: Garganacl
|-damage|p1a: Garganacl|78/100
|
|-heal|p2a: Kyurem|99/100|[from] item: Leftovers
|-heal|p1a: Garganacl|84/100|[from] item: Leftovers
|upkeep
|turn|8
|j| MakX70
|l| MakX70
|
|t:|1769338303
|switch|p1a: Landorus|Landorus-Therian, M|40/100
|-ability|p1a: Landorus|Intimidate|boost
|-unboost|p2a: Kyurem|atk|1
|move|p2a: Kyurem|Substitute|p2a: Kyurem
|-start|p2a: Kyurem|Substitute
|-damage|p2a: Kyurem|75/100
|
|-heal|p2a: Kyurem|81/100|[from] item: Leftovers
|upkeep
|turn|9
|
|t:|1769338317
|switch|p1a: Cinderace|Cinderace, F|100/100
|move|p2a: Kyurem|Freeze-Dry|p1a: Cinderace
|-resisted|p1a: Cinderace
|-damage|p1a: Cinderace|77/100
|
|-heal|p2a: Kyurem|88/100|[from] item: Leftovers
|upkeep
|turn|10
|
|t:|1769338331
|move|p2a: Kyurem|Protect|p2a: Kyurem
|-singleturn|p2a: Kyurem|Protect
|move|p1a: Cinderace|U-turn|p2a: Kyurem
|-start|p1a: Cinderace|typechange|Bug|[from] ability: Libero
|-activate|p2a: Kyurem|move: Protect
|
|-heal|p2a: Kyurem|94/100|[from] item: Leftovers
|upkeep
|turn|11
|
|t:|1769338341
|move|p1a: Cinderace|U-turn|p2a: Kyurem
|-end|p2a: Kyurem|Substitute
|
|t:|1769338346
|switch|p1a: Landorus|Landorus-Therian, M|40/100|[from] U-turn
|-ability|p1a: Landorus|Intimidate|boost
|-unboost|p2a: Kyurem|atk|1
|move|p2a: Kyurem|Substitute|p2a: Kyurem
|-start|p2a: Kyurem|Substitute
|-damage|p2a: Kyurem|69/100
|
|-heal|p2a: Kyurem|75/100|[from] item: Leftovers
|upkeep
|turn|12
|inactive|smithwick1 has 120 seconds left.
|
|t:|1769338392
|switch|p1a: Cinderace|Cinderace, F|77/100
|move|p2a: Kyurem|Freeze-Dry|p1a: Cinderace
|-resisted|p1a: Cinderace
|-damage|p1a: Cinderace|52/100
|
|-heal|p2a: Kyurem|81/100|[from] item: Leftovers
|upkeep
|turn|13
|
|t:|1769338400
|move|p2a: Kyurem|Protect|p2a: Kyurem
|-singleturn|p2a: Kyurem|Protect
|move|p1a: Cinderace|U-turn|p2a: Kyurem
|-start|p1a: Cinderace|typechange|Bug|[from] ability: Libero
|-activate|p2a: Kyurem|move: Protect
|
|-heal|p2a: Kyurem|87/100|[from] item: Leftovers
|upkeep
|turn|14
|
|t:|1769338407
|move|p1a: Cinderace|U-turn|p2a: Kyurem
|-end|p2a: Kyurem|Substitute
|
|t:|1769338414
|switch|p1a: Garganacl|Garganacl, F|84/100|[from] U-turn
|move|p2a: Kyurem|Substitute|p2a: Kyurem
|-start|p2a: Kyurem|Substitute
|-damage|p2a: Kyurem|62/100
|
|-heal|p2a: Kyurem|69/100|[from] item: Leftovers
|-heal|p1a: Garganacl|90/100|[from] item: Leftovers
|upkeep
|turn|15
|inactive|smithwick1 has 120 seconds left.
|
|t:|1769338450
|move|p2a: Kyurem|Earth Power|p1a: Garganacl
|-supereffective|p1a: Garganacl
|-damage|p1a: Garganacl|48/100
|move|p1a: Garganacl|Curse|p1a: Garganacl
|-unboost|p1a: Garganacl|spe|1
|-boost|p1a: Garganacl|atk|1
|-boost|p1a: Garganacl|def|1
|
|-heal|p2a: Kyurem|75/100|[from] item: Leftovers
|-heal|p1a: Garganacl|54/100|[from] item: Leftovers
|upkeep
|turn|16
|
|t:|1769338460
|-terastallize|p2a: Kyurem|Ground
|move|p2a: Kyurem|Earth Power|p1a: Garganacl
|-supereffective|p1a: Garganacl
|-damage|p1a: Garganacl|0 fnt
|faint|p1a: Garganacl
|
|-heal|p2a: Kyurem|81/100|[from] item: Leftovers
|upkeep
|
|t:|1769338464
|switch|p1a: Cinderace|Cinderace, F|52/100
|turn|17
|
|t:|1769338469
|move|p2a: Kyurem|Protect|p2a: Kyurem
|-singleturn|p2a: Kyurem|Protect
|move|p1a: Cinderace|U-turn|p2a: Kyurem
|-start|p1a: Cinderace|typechange|Bug|[from] ability: Libero
|-activate|p2a: Kyurem|move: Protect
|
|-heal|p2a: Kyurem|87/100|[from] item: Leftovers
|upkeep
|turn|18
|
|t:|1769338475
|move|p1a: Cinderace|U-turn|p2a: Kyurem
|-end|p2a: Kyurem|Substitute
|
|t:|1769338477
|switch|p1a: Slowking|Slowking-Galar, F|51/100|[from] U-turn
|move|p2a: Kyurem|Substitute|p2a: Kyurem
|-start|p2a: Kyurem|Substitute
|-damage|p2a: Kyurem|62/100
|
|-heal|p2a: Kyurem|68/100|[from] item: Leftovers
|upkeep
|turn|19
|
|t:|1769338482
|switch|p1a: Landorus|Landorus-Therian, M|40/100
|-ability|p1a: Landorus|Intimidate|boost
|-immune|p2a: Kyurem
|move|p2a: Kyurem|Earth Power|p1a: Landorus
|-immune|p1a: Landorus
|
|-heal|p2a: Kyurem|75/100|[from] item: Leftovers
|upkeep
|turn|20
|
|t:|1769338485
|move|p2a: Kyurem|Freeze-Dry|p1a: Landorus
|-supereffective|p1a: Landorus
|-damage|p1a: Landorus|0 fnt
|faint|p1a: Landorus
|
|-heal|p2a: Kyurem|81/100|[from] item: Leftovers
|upkeep
|
|t:|1769338487
|switch|p1a: Slowking|Slowking-Galar, F|84/100
|turn|21
|
|t:|1769338495
|move|p2a: Kyurem|Earth Power|p1a: Slowking
|-supereffective|p1a: Slowking
|-damage|p1a: Slowking|14/100
|move|p1a: Slowking|Ice Beam|p2a: Kyurem
|-supereffective|p2a: Kyurem
|-end|p2a: Kyurem|Substitute
|
|-heal|p2a: Kyurem|87/100|[from] item: Leftovers
|upkeep
|turn|22
|
|t:|1769338502
|move|p2a: Kyurem|Freeze-Dry|p1a: Slowking
|-damage|p1a: Slowking|0 fnt
|faint|p1a: Slowking
|
|-heal|p2a: Kyurem|93/100|[from] item: Leftovers
|upkeep
|
|t:|1769338504
|switch|p1a: Rillaboom|Rillaboom, F|100/100
|-fieldstart|move: Grassy Terrain|[from] ability: Grassy Surge|[of] p1a: Rillaboom
|turn|23
|
|t:|1769338509
|switch|p2a: Pecharunt|Pecharunt|100/100
|move|p1a: Rillaboom|Swords Dance|p1a: Rillaboom
|-boost|p1a: Rillaboom|atk|2
|
|upkeep
|turn|24
|l|☆Ctannn
|inactive|Ctannn disconnected and has a minute to reconnect!
|player|p1|
|inactive|Ctannn has 30 seconds to reconnect!
|inactive|Ctannn has 20 seconds to reconnect!
|inactive|Ctannn has 15 seconds to reconnect!
|j|☆Ctannn
|inactive|Ctannn reconnected and has 90 seconds left.
|player|p1|Ctannn|266|
|
|t:|1769338580
|move|p2a: Pecharunt|Malignant Chain|p1a: Rillaboom
|-supereffective|p1a: Rillaboom
|-crit|p1a: Rillaboom
|-damage|p1a: Rillaboom|0 fnt
|faint|p1a: Rillaboom
|
|upkeep
|
|t:|1769338585
|switch|p1a: Raging Bolt|Raging Bolt|100/100
|turn|25
|
|t:|1769338610
|move|p2a: Pecharunt|Malignant Chain|p1a: Raging Bolt
|-damage|p1a: Raging Bolt|72/100
|move|p1a: Raging Bolt|Thunderbolt|p2a: Pecharunt
|-damage|p2a: Pecharunt|43/100
|
|-heal|p2a: Pecharunt|49/100|[from] Grassy Terrain
|-heal|p1a: Raging Bolt|78/100|[from] Grassy Terrain
|upkeep
|turn|26
|
|t:|1769338619
|move|p2a: Pecharunt|Parting Shot|p1a: Raging Bolt
|-unboost|p1a: Raging Bolt|atk|1
|-unboost|p1a: Raging Bolt|spa|1
|
|t:|1769338620
|switch|p2a: Garganacl|Garganacl, M|100/100|[from] Parting Shot
|move|p1a: Raging Bolt|Thunderbolt|p2a: Garganacl
|-damage|p2a: Garganacl|75/100
|
|-heal|p1a: Raging Bolt|84/100|[from] Grassy Terrain
|-heal|p2a: Garganacl|81/100|[from] Grassy Terrain
|-heal|p2a: Garganacl|88/100|[from] item: Leftovers
|upkeep
|turn|27
|
|t:|1769338625
|move|p1a: Raging Bolt|Thunderbolt|p2a: Garganacl
|-damage|p2a: Garganacl|65/100
|move|p2a: Garganacl|Salt Cure|p1a: Raging Bolt
|-damage|p1a: Raging Bolt|71/100
|-start|p1a: Raging Bolt|Salt Cure
|
|-heal|p1a: Raging Bolt|77/100|[from] Grassy Terrain
|-heal|p2a: Garganacl|71/100|[from] Grassy Terrain
|-heal|p2a: Garganacl|77/100|[from] item: Leftovers
|-damage|p1a: Raging Bolt|64/100|[from] Salt Cure
|-fieldend|move: Grassy Terrain
|upkeep
|turn|28
|
|t:|1769338634
|move|p1a: Raging Bolt|Thunderbolt|p2a: Garganacl
|-damage|p2a: Garganacl|54/100
|move|p2a: Garganacl|Salt Cure|p1a: Raging Bolt
|-damage|p1a: Raging Bolt|51/100
|
|-heal|p2a: Garganacl|60/100|[from] item: Leftovers
|-damage|p1a: Raging Bolt|39/100|[from] Salt Cure
|upkeep
|turn|29
|
|t:|1769338638
|move|p1a: Raging Bolt|Thunderbolt|p2a: Garganacl
|-damage|p2a: Garganacl|33/100
|move|p2a: Garganacl|Recover|p2a: Garganacl
|-heal|p2a: Garganacl|83/100
|
|-heal|p2a: Garganacl|89/100|[from] item: Leftovers
|-damage|p1a: Raging Bolt|27/100|[from] Salt Cure
|upkeep
|turn|30
|
|t:|1769338642
|move|p1a: Raging Bolt|Thunderbolt|p2a: Garganacl
|-damage|p2a: Garganacl|66/100
|move|p2a: Garganacl|Stealth Rock|p1a: Raging Bolt
|-sidestart|p1: Ctannn|move: Stealth Rock
|
|-heal|p2a: Garganacl|72/100|[from] item: Leftovers
|-damage|p1a: Raging Bolt|14/100|[from] Salt Cure
|upkeep
|turn|31
|
|t:|1769338647
|move|p1a: Raging Bolt|Thunderbolt|p2a: Garganacl
|-damage|p2a: Garganacl|47/100
|move|p2a: Garganacl|Recover|p2a: Garganacl
|-heal|p2a: Garganacl|97/100
|
|-heal|p2a: Garganacl|100/100|[from] item: Leftovers
|-damage|p1a: Raging Bolt|2/100|[from] Salt Cure
|upkeep
|turn|32
|-message|Ctannn forfeited.
|
|win|smithwick1
|raw|Ctannn's rating: 1777 &rarr; <strong>1753</strong><br />(-24 for losing)
|raw|smithwick1's rating: 1701 &rarr; <strong>1725</strong><br />(+24 for winning)
|l|☆Ctannn
|player|p1|
|l|☆smithwick1
|player|p2|
