|j|☆cospway
|j|☆BeachLeak
|t:|1769327928
|gametype|singles
|player|p1|cospway|iris-gen5bw2|1345
|player|p2|BeachLeak|archer|1527
|gen|9
|tier|[Gen 9] OU
|rated|
|rule|HP Percentage Mod: HP is shown in percentages
|rule|Endless Battle Clause: Forcing endless battles is banned
|rule|Species Clause: Limit one of each Pokémon
|rule|OHKO Clause: OHKO moves are banned
|rule|Evasion Items Clause: Evasion items are banned
|rule|Evasion Moves Clause: Evasion moves are banned
|rule|Evasion Abilities Clause: Evasion abilities are banned
|rule|Sleep Moves Clause: Sleep-inducing moves are banned
|clearpoke
|poke|p1|Cresselia, F|
|poke|p1|Mew|
|poke|p1|Gholdengo|
|poke|p1|Kingambit, M|
|poke|p1|Hoopa-Unbound|
|poke|p1|Azumarill, M|
|poke|p2|Slowking-Galar, F|
|poke|p2|Scizor, F|
|poke|p2|Moltres|
|poke|p2|Meowscarada, F|
|poke|p2|Raging Bolt|
|poke|p2|Great Tusk|
|teampreview
|inactive|Battle timer is ON: inactive players will automatically lose when time's up. (requested by cospway)
|
|t:|1769327954
|teamsize|p1|6
|teamsize|p2|6
|start
|switch|p1a: Mew|Mew|100/100
|switch|p2a: Scizor|Scizor, F|100/100
|turn|1
|
|t:|1769327961
|move|p2a: Scizor|Knock Off|p1a: Mew
|-supereffective|p1a: Mew
|-enditem|p1a: Mew|Colbur Berry|[eat]
|-enditem|p1a: Mew|Colbur Berry|[weaken]
|-damage|p1a: Mew|61/100
|move|p1a: Mew|Trick Room|p1a: Mew
|-fieldstart|move: Trick Room|[of] p1a: Mew
|
|upkeep
|turn|2
|
|t:|1769327980
|switch|p2a: Slowking|Slowking-Galar, F|100/100
|move|p1a: Mew|Stealth Rock|p2a: Slowking
|-sidestart|p2: BeachLeak|move: Stealth Rock
|
|upkeep
|turn|3
|
|t:|1769327987
|-prepare|p2a: Slowking|Chilly Reception|[premajor]
|move|p2a: Slowking|Chilly Reception|p2a: Slowking
|-weather|Snowscape
|
|t:|1769328001
|switch|p2a: Moltres|Moltres|100/100|[from] Chilly Reception
|move|p1a: Mew|Taunt|p2a: Moltres
|-start|p2a: Moltres|move: Taunt
|
|-weather|Snowscape|[upkeep]
|upkeep
|turn|4
|
|t:|1769328010
|move|p2a: Moltres|U-turn|p1a: Mew
|-supereffective|p1a: Mew
|-damage|p1a: Mew|41/100
|
|t:|1769328015
|switch|p2a: Scizor|Scizor, F|100/100|[from] U-turn
|-damage|p2a: Scizor|88/100|[from] Stealth Rock
|move|p1a: Mew|Knock Off|p2a: Scizor
|-damage|p2a: Scizor|61/100
|-enditem|p2a: Scizor|Choice Band|[from] move: Knock Off|[of] p1a: Mew
|
|-weather|Snowscape|[upkeep]
|upkeep
|turn|5
|
|t:|1769328038
|move|p2a: Scizor|U-turn|p1a: Mew
|-supereffective|p1a: Mew
|-damage|p1a: Mew|0 fnt
|faint|p1a: Mew
|
|t:|1769328047
|switch|p2a: chateau marmont|Meowscarada, F|100/100|[from] U-turn
|-damage|p2a: chateau marmont|88/100|[from] Stealth Rock
|
|-weather|Snowscape|[upkeep]
|-fieldend|move: Trick Room
|upkeep
|inactive|cospway has 120 seconds left.
|
|t:|1769328068
|switch|p1a: Kingambit|Kingambit, M|100/100
|-activate|p1a: Kingambit|ability: Supreme Overlord
|-start|p1a: Kingambit|fallen1|[silent]
|turn|6
|inactive|cospway has 120 seconds left.
|
|t:|1769328082
|-terastallize|p1a: Kingambit|Fairy
|move|p2a: chateau marmont|U-turn|p1a: Kingambit
|-start|p2a: chateau marmont|typechange|Bug|[from] ability: Protean
|-resisted|p1a: Kingambit
|-damage|p1a: Kingambit|90/100
|
|t:|1769328090
|switch|p2a: Moltres|Moltres|100/100|[from] U-turn
|move|p1a: Kingambit|Tera Blast|p2a: Moltres|[anim] Tera Blast Fairy
|-resisted|p2a: Moltres
|-damage|p2a: Moltres|81/100
|
|-weather|Snowscape|[upkeep]
|-heal|p1a: Kingambit|96/100|[from] item: Leftovers
|upkeep
|turn|7
|
|t:|1769328104
|-end|p1a: Kingambit|fallen1|[silent]
|switch|p1a: Cresselia|Cresselia, F|100/100
|move|p2a: Moltres|Will-O-Wisp|p1a: Cresselia
|-status|p1a: Cresselia|brn
|
|-weather|none
|-damage|p1a: Cresselia|94/100 brn|[from] brn
|upkeep
|turn|8
|
|t:|1769328118
|move|p2a: Moltres|U-turn|p1a: Cresselia
|-supereffective|p1a: Cresselia
|-damage|p1a: Cresselia|80/100 brn
|
|t:|1769328123
|switch|p2a: Scizor|Scizor, F|61/100|[from] U-turn
|-damage|p2a: Scizor|48/100|[from] Stealth Rock
|move|p1a: Cresselia|Trick Room|p1a: Cresselia
|-fieldstart|move: Trick Room|[of] p1a: Cresselia
|
|-damage|p1a: Cresselia|74/100 brn|[from] brn
|upkeep
|turn|9
|
|t:|1769328133
|switch|p1a: Kingambit|Kingambit, M, tera:Fairy|96/100
|-activate|p1a: Kingambit|ability: Supreme Overlord
|-start|p1a: Kingambit|fallen1|[silent]
|move|p2a: Scizor|Knock Off|p1a: Kingambit
|-resisted|p1a: Kingambit
|-damage|p1a: Kingambit|81/100
|-enditem|p1a: Kingambit|Leftovers|[from] move: Knock Off|[of] p2a: Scizor
|
|upkeep
|turn|10
|
|t:|1769328143
|move|p2a: Scizor|Bullet Punch|p1a: Kingambit
|-supereffective|p1a: Kingambit
|-damage|p1a: Kingambit|27/100
|move|p1a: Kingambit|Kowtow Cleave|p2a: Scizor
|-damage|p2a: Scizor|0 fnt
|faint|p2a: Scizor
|
|upkeep
|
|t:|1769328153
|switch|p2a: Moltres|Moltres|81/100
|turn|11
|
|t:|1769328159
|-end|p1a: Kingambit|fallen1|[silent]
|switch|p1a: Cresselia|Cresselia, F|74/100 brn
|move|p2a: Moltres|Flamethrower|p1a: Cresselia
|-damage|p1a: Cresselia|50/100 brn
|
|-damage|p1a: Cresselia|44/100 brn|[from] brn
|upkeep
|turn|12
|
|t:|1769328168
|move|p1a: Cresselia|Moonlight|p1a: Cresselia
|-heal|p1a: Cresselia|94/100 brn
|move|p2a: Moltres|U-turn|p1a: Cresselia
|-supereffective|p1a: Cresselia
|-damage|p1a: Cresselia|79/100 brn
|
|t:|1769328179
|switch|p2a: Raging Bolt|Raging Bolt|100/100|[from] U-turn
|-damage|p2a: Raging Bolt|88/100|[from] Stealth Rock
|
|-damage|p1a: Cresselia|73/100 brn|[from] brn
|-fieldend|move: Trick Room
|upkeep
|turn|13
|
|t:|1769328187
|move|p2a: Raging Bolt|Draco Meteor|p1a: Cresselia
|-damage|p1a: Cresselia|3/100 brn
|-unboost|p2a: Raging Bolt|spa|2
|move|p1a: Cresselia|Trick Room|p1a: Cresselia
|-fieldstart|move: Trick Room|[of] p1a: Cresselia
|
|-damage|p1a: Cresselia|0 fnt|[from] brn
|faint|p1a: Cresselia
|upkeep
|inactive|cospway has 120 seconds left.
|
|t:|1769328217
|switch|p1a: Gholdengo|Gholdengo|100/100
|-item|p1a: Gholdengo|Air Balloon
|turn|14
|
|t:|1769328227
|-end|p2a: Raging Bolt|Protosynthesis|[silent]
|switch|p2a: Slowking|Slowking-Galar, F|100/100
|move|p1a: Gholdengo|Nasty Plot|p1a: Gholdengo
|-boost|p1a: Gholdengo|spa|2
|
|upkeep
|turn|15
|
|t:|1769328242
|-terastallize|p2a: Slowking|Water
|move|p2a: Slowking|Ice Beam|p1a: Gholdengo
|-resisted|p1a: Gholdengo
|-damage|p1a: Gholdengo|90/100
|-enditem|p1a: Gholdengo|Air Balloon
|move|p1a: Gholdengo|Shadow Ball|p2a: Slowking
|-crit|p2a: Slowking
|-damage|p2a: Slowking|11/100
|
|upkeep
|turn|16
|
|t:|1769328260
|move|p2a: Slowking|Future Sight|p1a: Gholdengo
|-start|p2a: Slowking|move: Future Sight
|move|p1a: Gholdengo|Shadow Ball|p2a: Slowking
|-damage|p2a: Slowking|0 fnt
|faint|p2a: Slowking
|
|upkeep
|
|t:|1769328266
|switch|p2a: Moltres|Moltres|81/100
|turn|17
|
|t:|1769328269
|move|p1a: Gholdengo|Shadow Ball|p2a: Moltres
|-damage|p2a: Moltres|0 fnt
|faint|p2a: Moltres
|
|-fieldend|move: Trick Room
|upkeep
|
|t:|1769328276
|switch|p2a: Tusk Freestyle|Great Tusk|100/100
|turn|18
|
|t:|1769328286
|move|p2a: Tusk Freestyle|Headlong Rush|p1a: Gholdengo
|-supereffective|p1a: Gholdengo
|-damage|p1a: Gholdengo|0 fnt
|-unboost|p2a: Tusk Freestyle|def|1
|-unboost|p2a: Tusk Freestyle|spd|1
|faint|p1a: Gholdengo
|
|-hint|Future Sight did not hit because the target is fainted.
|upkeep
|
|t:|1769328304
|switch|p1a: Hoopa|Hoopa-Unbound|100/100
|turn|19
|
|t:|1769328312
|move|p2a: Tusk Freestyle|Rapid Spin|p1a: Hoopa
|-damage|p1a: Hoopa|74/100
|-boost|p2a: Tusk Freestyle|spe|1
|-sideend|p2: BeachLeak|Stealth Rock|[from] move: Rapid Spin|[of] p2a: Tusk Freestyle
|move|p1a: Hoopa|Trick Room|p1a: Hoopa
|-fieldstart|move: Trick Room|[of] p1a: Hoopa
|-enditem|p1a: Hoopa|Room Service
|-unboost|p1a: Hoopa|spe|1|[from] item: Room Service
|
|upkeep
|turn|20
|
|t:|1769328324
|move|p1a: Hoopa|Focus Blast|p2a: Tusk Freestyle
|-damage|p2a: Tusk Freestyle|0 fnt
|faint|p2a: Tusk Freestyle
|-end|p2a: Tusk Freestyle|Protosynthesis|[silent]
|-item|p1a: Hoopa|Heavy-Duty Boots|[from] ability: Magician|[of] p2: Tusk Freestyle
|
|upkeep
|
|t:|1769328329
|switch|p2a: Raging Bolt|Raging Bolt|88/100
|turn|21
|
|t:|1769328335
|move|p1a: Hoopa|Hyperspace Fury|p2a: Raging Bolt
|-damage|p2a: Raging Bolt|25/100
|-unboost|p1a: Hoopa|def|1
|move|p2a: Raging Bolt|Draco Meteor|p1a: Hoopa
|-damage|p1a: Hoopa|0 fnt
|-unboost|p2a: Raging Bolt|spa|2
|faint|p1a: Hoopa
|
|upkeep
|
|t:|1769328357
|switch|p1a: Kingambit|Kingambit, M, tera:Fairy|27/100
|-activate|p1a: Kingambit|ability: Supreme Overlord
|-start|p1a: Kingambit|fallen4|[silent]
|turn|22
|
|t:|1769328363
|-end|p2a: Raging Bolt|Protosynthesis|[silent]
|switch|p2a: chateau marmont|Meowscarada, F|88/100
|move|p1a: Kingambit|Tera Blast|p2a: chateau marmont|[anim] Tera Blast Fairy
|-supereffective|p2a: chateau marmont
|-damage|p2a: chateau marmont|0 fnt
|faint|p2a: chateau marmont
|
|upkeep
|
|t:|1769328365
|switch|p2a: Raging Bolt|Raging Bolt|25/100
|turn|23
|
|t:|1769328373
|move|p1a: Kingambit|Tera Blast|p2a: Raging Bolt|[anim] Tera Blast Fairy
|-supereffective|p2a: Raging Bolt
|-damage|p2a: Raging Bolt|0 fnt
|faint|p2a: Raging Bolt
|-end|p2a: Raging Bolt|Protosynthesis|[silent]
|
|win|cospway
|raw|cospway's rating: 1345 &rarr; <strong>1375</strong><br />(+30 for winning)
|raw|BeachLeak's rating: 1527 &rarr; <strong>1497</strong><br />(-30 for losing)
|l|☆BeachLeak
|player|p2|
|l|☆cospway
|player|p1|
