|j|☆Clair117
|j|☆Kairak
|t:|1769334720
|gametype|singles
|player|p1|Clair117|1|1469
|player|p2|Kairak|roughneck-gen4|1491
|gen|9
|tier|[Gen 9] OU
|rated|
|rule|HP Percentage Mod: HP is shown in percentages
|rule|Endless Battle Clause: Forcing endless battles is banned
|rule|Species Clause: Limit one of each Pokémon
|rule|OHKO Clause: OHKO moves are banned
|rule|Evasion Items Clause: Evasion items are banned
|rule|Evasion Moves Clause: Evasion moves are banned
|rule|Evasion Abilities Clause: Evasion abilities are banned
|rule|Sleep Moves Clause: Sleep-inducing moves are banned
|clearpoke
|poke|p1|Polteageist|
|poke|p1|Indeedee, M|
|poke|p1|Cinderace, F|
|poke|p1|Ogerpon-Wellspring, F|
|poke|p1|Skarmory, M|
|poke|p1|Muk-Alola, F|
|poke|p2|Ninetales, F|
|poke|p2|Raging Bolt|
|poke|p2|Great Tusk|
|poke|p2|Walking Wake|
|poke|p2|Alomomola, F|
|poke|p2|Ceruledge, F|
|teampreview
|
|t:|1769334729
|teamsize|p1|6
|teamsize|p2|6
|start
|switch|p1a: Cinderace|Cinderace, F|100/100
|switch|p2a: Walking Wake|Walking Wake|100/100
|turn|1
|
|t:|1769334732
|move|p1a: Cinderace|U-turn|p2a: Walking Wake
|-start|p1a: Cinderace|typechange|Bug|[from] ability: Libero
|-damage|p2a: Walking Wake|63/100
|
|t:|1769334734
|switch|p1a: Muk Monday|Muk-Alola, F|100/100|[from] U-turn
|move|p2a: Walking Wake|Draco Meteor|p1a: Muk Monday
|-damage|p1a: Muk Monday|44/100
|-unboost|p2a: Walking Wake|spa|2
|
|upkeep
|turn|2
|
|t:|1769334743
|-end|p2a: Walking Wake|Protosynthesis|[silent]
|switch|p2a: Great Tusk|Great Tusk|100/100
|move|p1a: Muk Monday|Knock Off|p2a: Great Tusk
|-resisted|p2a: Great Tusk
|-damage|p2a: Great Tusk|83/100
|-enditem|p2a: Great Tusk|Heavy-Duty Boots|[from] move: Knock Off|[of] p1a: Muk Monday
|
|upkeep
|turn|3
|
|t:|1769334747
|move|p2a: Great Tusk|Close Combat|p1a: Muk Monday
|-damage|p1a: Muk Monday|0 fnt
|-unboost|p2a: Great Tusk|def|1
|-unboost|p2a: Great Tusk|spd|1
|faint|p1a: Muk Monday
|
|upkeep
|
|t:|1769334761
|switch|p1a: HonestMidsMichael|Indeedee, M|100/100
|-fieldstart|move: Psychic Terrain|[from] ability: Psychic Surge|[of] p1a: HonestMidsMichael
|turn|4
|
|t:|1769334764
|-end|p2a: Great Tusk|Protosynthesis|[silent]
|switch|p2a: Alomomola|Alomomola, F|100/100
|move|p1a: HonestMidsMichael|Expanding Force|p2a: Alomomola
|-damage|p2a: Alomomola|65/100
|
|upkeep
|turn|5
|
|t:|1769334775
|move|p1a: HonestMidsMichael|Encore||[still]
|-fail|p1a: HonestMidsMichael
|move|p2a: Alomomola|Body Slam|p1a: HonestMidsMichael
|-crit|p1a: HonestMidsMichael
|-damage|p1a: HonestMidsMichael|51/100
|
|upkeep
|turn|6
|
|t:|1769334780
|switch|p2a: Ninetales|Ninetales, F|100/100
|-weather|SunnyDay|[from] ability: Drought|[of] p2a: Ninetales
|move|p1a: HonestMidsMichael|Expanding Force|p2a: Ninetales
|-damage|p2a: Ninetales|33/100
|
|-weather|SunnyDay|[upkeep]
|upkeep
|turn|7
|
|t:|1769334783
|switch|p2a: Alomomola|Alomomola, F|98/100
|move|p1a: HonestMidsMichael|Expanding Force|p2a: Alomomola
|-damage|p2a: Alomomola|58/100
|
|-weather|SunnyDay|[upkeep]
|upkeep
|turn|8
|
|t:|1769334791
|move|p1a: HonestMidsMichael|Expanding Force|p2a: Alomomola
|-damage|p2a: Alomomola|17/100
|move|p2a: Alomomola|Body Slam|p1a: HonestMidsMichael
|-damage|p1a: HonestMidsMichael|20/100
|
|-weather|SunnyDay|[upkeep]
|upkeep
|turn|9
|
|t:|1769334805
|switch|p2a: Ninetales|Ninetales, F|33/100
|move|p1a: HonestMidsMichael|Expanding Force|p2a: Ninetales
|-damage|p2a: Ninetales|0 fnt
|faint|p2a: Ninetales
|
|-weather|SunnyDay|[upkeep]
|upkeep
|
|t:|1769334808
|switch|p2a: Raging Bolt|Raging Bolt|100/100
|-activate|p2a: Raging Bolt|ability: Protosynthesis
|-start|p2a: Raging Bolt|protosynthesisspa
|turn|10
|
|t:|1769334822
|switch|p1a: Ogerpon|Ogerpon-Wellspring, F|100/100
|move|p2a: Raging Bolt|Dragon Pulse|p1a: Ogerpon
|-damage|p1a: Ogerpon|20/100
|
|-weather|SunnyDay|[upkeep]
|upkeep
|turn|11
|
|t:|1769334829
|move|p1a: Ogerpon|Play Rough|p2a: Raging Bolt
|-supereffective|p2a: Raging Bolt
|-damage|p2a: Raging Bolt|28/100
|move|p2a: Raging Bolt|Dragon Pulse|p1a: Ogerpon
|-damage|p1a: Ogerpon|0 fnt
|faint|p1a: Ogerpon
|
|-weather|SunnyDay|[upkeep]
|-heal|p2a: Raging Bolt|34/100|[from] item: Leftovers
|-fieldend|move: Psychic Terrain
|upkeep
|
|t:|1769334837
|switch|p1a: Cinderace|Cinderace, F|100/100
|turn|12
|
|t:|1769334841
|move|p2a: Raging Bolt|Thunderclap|p1a: Cinderace
|-damage|p1a: Cinderace|22/100
|move|p1a: Cinderace|Pyro Ball|p2a: Raging Bolt
|-resisted|p2a: Raging Bolt
|-damage|p2a: Raging Bolt|0 fnt
|faint|p2a: Raging Bolt
|-end|p2a: Raging Bolt|Protosynthesis|[silent]
|
|-weather|SunnyDay|[upkeep]
|upkeep
|
|t:|1769334846
|switch|p2a: Ceruledge|Ceruledge, F|100/100
|turn|13
|
|t:|1769334849
|switch|p1a: HonestMidsMichael|Indeedee, M|20/100
|-fieldstart|move: Psychic Terrain|[from] ability: Psychic Surge|[of] p1a: HonestMidsMichael
|move|p2a: Ceruledge|Swords Dance|p2a: Ceruledge
|-boost|p2a: Ceruledge|atk|2
|
|-weather|none
|upkeep
|turn|14
|
|t:|1769334854
|move|p1a: HonestMidsMichael|Encore|p2a: Ceruledge
|-start|p2a: Ceruledge|Encore
|move|p2a: Ceruledge|Swords Dance|p2a: Ceruledge
|-boost|p2a: Ceruledge|atk|2
|
|upkeep
|turn|15
|
|t:|1769334859
|switch|p2a: Alomomola|Alomomola, F|50/100
|move|p1a: HonestMidsMichael|Expanding Force|p2a: Alomomola
|-damage|p2a: Alomomola|10/100
|
|upkeep
|turn|16
|
|t:|1769334862
|move|p1a: HonestMidsMichael|Expanding Force|p2a: Alomomola
|-damage|p2a: Alomomola|0 fnt
|faint|p2a: Alomomola
|
|upkeep
|
|t:|1769334864
|switch|p2a: Walking Wake|Walking Wake|63/100
|turn|17
|
|t:|1769334870
|switch|p1a: Cinderace|Cinderace, F|22/100
|move|p2a: Walking Wake|Hydro Steam|p1a: Cinderace
|-supereffective|p1a: Cinderace
|-damage|p1a: Cinderace|0 fnt
|faint|p1a: Cinderace
|
|upkeep
|
|t:|1769334871
|switch|p1a: Skarmory|Skarmory, M|100/100
|turn|18
|
|t:|1769334873
|move|p2a: Walking Wake|Hydro Steam|p1a: Skarmory
|-damage|p1a: Skarmory|19/100
|move|p1a: Skarmory|Brave Bird|p2a: Walking Wake
|-damage|p2a: Walking Wake|25/100
|-damage|p1a: Skarmory|6/100|[from] Recoil
|
|upkeep
|turn|19
|
|t:|1769334877
|move|p2a: Walking Wake|Hydro Steam|p1a: Skarmory
|-damage|p1a: Skarmory|0 fnt
|faint|p1a: Skarmory
|
|upkeep
|
|t:|1769334879
|switch|p1a: HonestMidsMichael|Indeedee, M|20/100
|turn|20
|
|t:|1769334881
|move|p2a: Walking Wake|Hydro Steam|p1a: HonestMidsMichael
|-damage|p1a: HonestMidsMichael|0 fnt
|faint|p1a: HonestMidsMichael
|
|-fieldend|move: Psychic Terrain
|upkeep
|
|t:|1769334884
|switch|p1a: 22+ Frames|Polteageist|100/100
|turn|21
|
|t:|1769334886
|move|p2a: Walking Wake|Hydro Steam|p1a: 22+ Frames
|-damage|p1a: 22+ Frames|32/100
|move|p1a: 22+ Frames|Shell Smash|p1a: 22+ Frames
|-unboost|p1a: 22+ Frames|def|1
|-unboost|p1a: 22+ Frames|spd|1
|-boost|p1a: 22+ Frames|atk|2
|-boost|p1a: 22+ Frames|spa|2
|-boost|p1a: 22+ Frames|spe|2
|
|upkeep
|turn|22
|
|t:|1769334890
|move|p1a: 22+ Frames|Stored Power|p2a: Walking Wake
|-damage|p2a: Walking Wake|0 fnt
|faint|p2a: Walking Wake
|-end|p2a: Walking Wake|Protosynthesis|[silent]
|
|upkeep
|
|t:|1769334893
|switch|p2a: Ceruledge|Ceruledge, F|100/100
|turn|23
|
|t:|1769334895
|move|p1a: 22+ Frames|Stored Power|p2a: Ceruledge
|-enditem|p2a: Ceruledge|Focus Sash
|-damage|p2a: Ceruledge|1/100
|move|p2a: Ceruledge|Bitter Blade|p1a: 22+ Frames
|-damage|p1a: 22+ Frames|0 fnt
|-heal|p2a: Ceruledge|15/100|[from] drain|[of] p1a: 22+ Frames
|faint|p1a: 22+ Frames
|
|win|Kairak
|raw|Clair117's rating: 1469 &rarr; <strong>1450</strong><br />(-19 for losing)
|raw|Kairak's rating: 1491 &rarr; <strong>1510</strong><br />(+19 for winning)
|l|☆Clair117
|player|p1|
|l|☆Kairak
|player|p2|
