|j|☆kiko5bolas
|j|☆adobo809
|t:|1769309956
|gametype|singles
|player|p1|kiko5bolas|266|1078
|player|p2|adobo809|juan|1108
|gen|9
|tier|[Gen 9] OU
|rated|
|rule|HP Percentage Mod: HP is shown in percentages
|rule|Endless Battle Clause: Forcing endless battles is banned
|rule|Species Clause: Limit one of each Pokémon
|rule|OHKO Clause: OHKO moves are banned
|rule|Evasion Items Clause: Evasion items are banned
|rule|Evasion Moves Clause: Evasion moves are banned
|rule|Evasion Abilities Clause: Evasion abilities are banned
|rule|Sleep Moves Clause: Sleep-inducing moves are banned
|clearpoke
|poke|p1|Torkoal, M|
|poke|p1|Charizard, M|
|poke|p1|Raging Bolt|
|poke|p1|Ceruledge, M|
|poke|p1|Iron Valiant|
|poke|p1|Tyranitar, M|
|poke|p2|Cottonee, L1, F|
|poke|p2|Lilligant-Hisui, F|
|poke|p2|Torkoal, F|
|poke|p2|Clodsire, M|
|poke|p2|Dugtrio, F|
|poke|p2|Walking Wake|
|teampreview
|inactive|Battle timer is ON: inactive players will automatically lose when time's up. (requested by adobo809)
|
|t:|1769309966
|teamsize|p1|6
|teamsize|p2|6
|start
|switch|p1a: Torkoal|Torkoal, M|100/100
|switch|p2a: Torkoal|Torkoal, F|100/100
|-weather|SunnyDay|[from] ability: Drought|[of] p1a: Torkoal
|turn|1
|
|t:|1769309975
|switch|p1a: Tyranitar|Tyranitar, M|100/100
|-weather|Sandstorm|[from] ability: Sand Stream|[of] p1a: Tyranitar
|move|p2a: Torkoal|Earth Power|p1a: Tyranitar
|-supereffective|p1a: Tyranitar
|-damage|p1a: Tyranitar|64/100
|
|-weather|Sandstorm|[upkeep]
|-damage|p2a: Torkoal|94/100|[from] Sandstorm
|-heal|p1a: Tyranitar|70/100|[from] item: Leftovers
|upkeep
|turn|2
|
|t:|1769309986
|switch|p2a: Dugtrio|Dugtrio, F|100/100
|move|p1a: Tyranitar|Earthquake|p2a: Dugtrio
|-enditem|p2a: Dugtrio|Focus Sash
|-damage|p2a: Dugtrio|1/100
|
|-weather|Sandstorm|[upkeep]
|-heal|p1a: Tyranitar|76/100|[from] item: Leftovers
|upkeep
|turn|3
|
|t:|1769309997
|move|p2a: Dugtrio|Endeavor|p1a: Tyranitar
|-damage|p1a: Tyranitar|1/100
|move|p1a: Tyranitar|Ice Punch|p2a: Dugtrio
|-supereffective|p2a: Dugtrio
|-damage|p2a: Dugtrio|0 fnt
|faint|p2a: Dugtrio
|
|-weather|Sandstorm|[upkeep]
|-heal|p1a: Tyranitar|7/100|[from] item: Leftovers
|upkeep
|
|t:|1769310006
|switch|p2a: Walking Wake|Walking Wake|100/100
|-enditem|p2a: Walking Wake|Booster Energy
|-activate|p2a: Walking Wake|ability: Protosynthesis|[fromitem]
|-start|p2a: Walking Wake|protosynthesisspa
|turn|4
|
|t:|1769310014
|move|p2a: Walking Wake|Hydro Steam|p1a: Tyranitar
|-supereffective|p1a: Tyranitar
|-damage|p1a: Tyranitar|0 fnt
|faint|p1a: Tyranitar
|
|-weather|Sandstorm|[upkeep]
|-damage|p2a: Walking Wake|94/100|[from] Sandstorm
|upkeep
|
|t:|1769310019
|switch|p1a: Torkoal|Torkoal, M|100/100
|-weather|SunnyDay|[from] ability: Drought|[of] p1a: Torkoal
|turn|5
|
|t:|1769310024
|move|p2a: Walking Wake|Hydro Steam|p1a: Torkoal
|-supereffective|p1a: Torkoal
|-damage|p1a: Torkoal|0 fnt
|faint|p1a: Torkoal
|
|-weather|SunnyDay|[upkeep]
|upkeep
|
|t:|1769310030
|switch|p1a: Iron Valiant|Iron Valiant|100/100
|-enditem|p1a: Iron Valiant|Booster Energy
|-activate|p1a: Iron Valiant|ability: Quark Drive|[fromitem]
|-start|p1a: Iron Valiant|quarkdrivespe
|turn|6
|c|☆adobo809|You know that's powdered up in the Sun Right?
|
|t:|1769310063
|-terastallize|p1a: Iron Valiant|Fairy
|-terastallize|p2a: Walking Wake|Steel
|move|p1a: Iron Valiant|Moonblast|p2a: Walking Wake
|-resisted|p2a: Walking Wake
|-damage|p2a: Walking Wake|64/100
|move|p2a: Walking Wake|Hurricane|p1a: Iron Valiant|[miss]
|-miss|p2a: Walking Wake|p1a: Iron Valiant
|
|-weather|SunnyDay|[upkeep]
|upkeep
|turn|7
|
|t:|1769310073
|move|p1a: Iron Valiant|Destiny Bond|p1a: Iron Valiant
|-singlemove|p1a: Iron Valiant|Destiny Bond
|move|p2a: Walking Wake|Hydro Steam|p1a: Iron Valiant
|-damage|p1a: Iron Valiant|0 fnt
|faint|p1a: Iron Valiant
|-activate|p1a: Iron Valiant|move: Destiny Bond
|-end|p1a: Iron Valiant|Quark Drive|[silent]
|faint|p2a: Walking Wake
|-end|p2a: Walking Wake|Protosynthesis|[silent]
|
|-weather|SunnyDay|[upkeep]
|upkeep
|
|t:|1769310085
|switch|p1a: Charizard|Charizard, M|100/100
|switch|p2a: Lilligant|Lilligant-Hisui, F|100/100
|turn|8
|
|t:|1769310096
|move|p2a: Lilligant|Solar Blade||[still]
|-prepare|p2a: Lilligant|Solar Blade
|-anim|p2a: Lilligant|Solar Blade|p1a: Charizard
|-resisted|p1a: Charizard
|-damage|p1a: Charizard|80/100
|move|p1a: Charizard|Air Slash|p2a: Lilligant
|-supereffective|p2a: Lilligant
|-damage|p2a: Lilligant|0 fnt
|faint|p2a: Lilligant
|
|-weather|SunnyDay|[upkeep]
|-damage|p1a: Charizard|68/100|[from] ability: Solar Power|[of] p1a: Charizard
|upkeep
|
|t:|1769310102
|switch|p2a: Clodsire|Clodsire, M|100/100
|-item|p2a: Clodsire|Air Balloon
|turn|9
|
|t:|1769310111
|move|p1a: Charizard|Air Slash|p2a: Clodsire
|-damage|p2a: Clodsire|47/100
|-enditem|p2a: Clodsire|Air Balloon
|move|p2a: Clodsire|Stealth Rock|p1a: Charizard
|-sidestart|p1: kiko5bolas|move: Stealth Rock
|
|-weather|SunnyDay|[upkeep]
|-damage|p1a: Charizard|55/100|[from] ability: Solar Power|[of] p1a: Charizard
|upkeep
|turn|10
|
|t:|1769310120
|move|p1a: Charizard|Air Slash|p2a: Clodsire
|-damage|p2a: Clodsire|0 fnt
|faint|p2a: Clodsire
|
|-weather|SunnyDay|[upkeep]
|-damage|p1a: Charizard|43/100|[from] ability: Solar Power|[of] p1a: Charizard
|upkeep
|
|t:|1769310124
|switch|p2a: Torkoal|Torkoal, F|94/100
|turn|11
|
|t:|1769310132
|move|p1a: Charizard|Air Slash|p2a: Torkoal
|-damage|p2a: Torkoal|0 fnt
|faint|p2a: Torkoal
|
|-weather|SunnyDay|[upkeep]
|-damage|p1a: Charizard|30/100|[from] ability: Solar Power|[of] p1a: Charizard
|upkeep
|
|t:|1769310134
|switch|p2a: Cottonee|Cottonee, L1, F|100/100
|turn|12
|
|t:|1769310141
|move|p2a: Cottonee|Leech Seed|p1a: Charizard
|-start|p1a: Charizard|move: Leech Seed
|move|p1a: Charizard|Air Slash|p2a: Cottonee
|-supereffective|p2a: Cottonee
|-enditem|p2a: Cottonee|Focus Sash
|-damage|p2a: Cottonee|9/100
|
|-weather|none
|-damage|p1a: Charizard|18/100|[from] Leech Seed|[of] p2a: Cottonee
|-heal|p2a: Cottonee|100/100|[silent]
|upkeep
|turn|13
|
|t:|1769310151
|move|p2a: Cottonee|Substitute|p2a: Cottonee
|-start|p2a: Cottonee|Substitute
|-damage|p2a: Cottonee|75/100
|move|p1a: Charizard|Air Slash|p2a: Cottonee
|-supereffective|p2a: Cottonee
|-end|p2a: Cottonee|Substitute
|
|-damage|p1a: Charizard|6/100|[from] Leech Seed|[of] p2a: Cottonee
|-heal|p2a: Cottonee|100/100|[silent]
|upkeep
|turn|14
|
|t:|1769310161
|move|p2a: Cottonee|Substitute|p2a: Cottonee
|-start|p2a: Cottonee|Substitute
|-damage|p2a: Cottonee|75/100
|move|p1a: Charizard|Air Slash|p2a: Cottonee
|-supereffective|p2a: Cottonee
|-end|p2a: Cottonee|Substitute
|
|-damage|p1a: Charizard|0 fnt|[from] Leech Seed|[of] p2a: Cottonee
|-heal|p2a: Cottonee|100/100|[silent]
|faint|p1a: Charizard
|upkeep
|
|t:|1769310170
|switch|p1a: Raging Bolt|Raging Bolt|100/100
|-damage|p1a: Raging Bolt|88/100|[from] Stealth Rock
|turn|15
|
|t:|1769310177
|move|p2a: Cottonee|Substitute|p2a: Cottonee
|-start|p2a: Cottonee|Substitute
|-damage|p2a: Cottonee|75/100
|move|p1a: Raging Bolt|Calm Mind|p1a: Raging Bolt
|-boost|p1a: Raging Bolt|spa|1
|-boost|p1a: Raging Bolt|spd|1
|
|-heal|p1a: Raging Bolt|94/100|[from] item: Leftovers
|upkeep
|turn|16
|
|t:|1769310187
|move|p2a: Cottonee|Leech Seed|p1a: Raging Bolt
|-start|p1a: Raging Bolt|move: Leech Seed
|move|p1a: Raging Bolt|Dragon Pulse|p2a: Cottonee
|-immune|p2a: Cottonee
|
|-heal|p1a: Raging Bolt|100/100|[from] item: Leftovers
|-damage|p1a: Raging Bolt|88/100|[from] Leech Seed|[of] p2a: Cottonee
|-heal|p2a: Cottonee|100/100|[silent]
|upkeep
|turn|17
|
|t:|1769310198
|move|p1a: Raging Bolt|Dragon Pulse|p2a: Cottonee
|-immune|p2a: Cottonee
|move|p2a: Cottonee|Endeavor|p1a: Raging Bolt
|-damage|p1a: Raging Bolt|3/100
|
|-heal|p1a: Raging Bolt|10/100|[from] item: Leftovers
|-damage|p1a: Raging Bolt|0 fnt|[from] Leech Seed|[of] p2a: Cottonee
|faint|p1a: Raging Bolt
|-end|p1a: Raging Bolt|Protosynthesis|[silent]
|upkeep
|
|t:|1769310201
|switch|p1a: Ceruledge|Ceruledge, M|100/100
|-damage|p1a: Ceruledge|76/100|[from] Stealth Rock
|-item|p1a: Ceruledge|Air Balloon
|turn|18
|
|t:|1769310206
|move|p2a: Cottonee|Leech Seed|p1a: Ceruledge
|-start|p1a: Ceruledge|move: Leech Seed
|move|p1a: Ceruledge|Bitter Blade|p2a: Cottonee
|-supereffective|p2a: Cottonee
|-end|p2a: Cottonee|Substitute
|-heal|p1a: Ceruledge|76/100|[from] drain|[of] p2a: Cottonee
|
|-damage|p1a: Ceruledge|64/100|[from] Leech Seed|[of] p2a: Cottonee
|upkeep
|turn|19
|
|t:|1769310216
|move|p2a: Cottonee|Substitute|p2a: Cottonee
|-start|p2a: Cottonee|Substitute
|-damage|p2a: Cottonee|75/100
|move|p1a: Ceruledge|Bitter Blade|p2a: Cottonee
|-supereffective|p2a: Cottonee
|-end|p2a: Cottonee|Substitute
|-heal|p1a: Ceruledge|65/100|[from] drain|[of] p2a: Cottonee
|
|-damage|p1a: Ceruledge|52/100|[from] Leech Seed|[of] p2a: Cottonee
|-heal|p2a: Cottonee|100/100|[silent]
|upkeep
|turn|20
|c|☆adobo809|Gg
|
|t:|1769310235
|move|p2a: Cottonee|Substitute|p2a: Cottonee
|-start|p2a: Cottonee|Substitute
|-damage|p2a: Cottonee|75/100
|move|p1a: Ceruledge|Swords Dance|p1a: Ceruledge
|-boost|p1a: Ceruledge|atk|2
|
|-damage|p1a: Ceruledge|40/100|[from] Leech Seed|[of] p2a: Cottonee
|-heal|p2a: Cottonee|100/100|[silent]
|upkeep
|turn|21
|
|t:|1769310239
|move|p1a: Ceruledge|Shadow Sneak|p2a: Cottonee
|-end|p2a: Cottonee|Substitute
|move|p2a: Cottonee|Substitute|p2a: Cottonee
|-start|p2a: Cottonee|Substitute
|-damage|p2a: Cottonee|75/100
|
|-damage|p1a: Ceruledge|28/100|[from] Leech Seed|[of] p2a: Cottonee
|-heal|p2a: Cottonee|100/100|[silent]
|upkeep
|turn|22
|
|t:|1769310244
|move|p1a: Ceruledge|Shadow Sneak|p2a: Cottonee
|-end|p2a: Cottonee|Substitute
|move|p2a: Cottonee|Substitute|p2a: Cottonee
|-start|p2a: Cottonee|Substitute
|-damage|p2a: Cottonee|75/100
|
|-damage|p1a: Ceruledge|15/100|[from] Leech Seed|[of] p2a: Cottonee
|-heal|p2a: Cottonee|100/100|[silent]
|upkeep
|turn|23
|
|t:|1769310254
|move|p2a: Cottonee|Substitute|p2a: Cottonee
|-fail|p2a: Cottonee|move: Substitute
|move|p1a: Ceruledge|Close Combat|p2a: Cottonee
|-resisted|p2a: Cottonee
|-end|p2a: Cottonee|Substitute
|-unboost|p1a: Ceruledge|def|1
|-unboost|p1a: Ceruledge|spd|1
|
|-damage|p1a: Ceruledge|3/100|[from] Leech Seed|[of] p2a: Cottonee
|upkeep
|turn|24
|
|t:|1769310264
|move|p2a: Cottonee|Substitute|p2a: Cottonee
|-start|p2a: Cottonee|Substitute
|-damage|p2a: Cottonee|75/100
|move|p1a: Ceruledge|Bitter Blade|p2a: Cottonee
|-supereffective|p2a: Cottonee
|-end|p2a: Cottonee|Substitute
|-heal|p1a: Ceruledge|4/100|[from] drain|[of] p2a: Cottonee
|
|-damage|p1a: Ceruledge|0 fnt|[from] Leech Seed|[of] p2a: Cottonee
|-heal|p2a: Cottonee|100/100|[silent]
|faint|p1a: Ceruledge
|
|win|adobo809
|raw|kiko5bolas's rating: 1078 &rarr; <strong>1058</strong><br />(-20 for losing)
|raw|adobo809's rating: 1108 &rarr; <strong>1131</strong><br />(+23 for winning)
|l|☆kiko5bolas
|player|p1|
|l|☆adobo809
|player|p2|
