|j|☆elite four ozzy
|j|☆pivotslophaxmaxxer
|t:|1769383638
|gametype|singles
|player|p1|elite four ozzy|170|1647
|player|p2|pivotslophaxmaxxer|supernerd|1613
|gen|9
|tier|[Gen 9] OU
|rated|
|rule|HP Percentage Mod: HP is shown in percentages
|rule|Endless Battle Clause: Forcing endless battles is banned
|rule|Species Clause: Limit one of each Pokémon
|rule|OHKO Clause: OHKO moves are banned
|rule|Evasion Items Clause: Evasion items are banned
|rule|Evasion Moves Clause: Evasion moves are banned
|rule|Evasion Abilities Clause: Evasion abilities are banned
|rule|Sleep Moves Clause: Sleep-inducing moves are banned
|clearpoke
|poke|p1|Gholdengo|
|poke|p1|Zamazenta-*|
|poke|p1|Ting-Lu|
|poke|p1|Clefable, F|
|poke|p1|Dragonite, M|
|poke|p1|Deoxys-Speed|
|poke|p2|Rillaboom, F|
|poke|p2|Serperior, M|
|poke|p2|Moltres|
|poke|p2|Ursaluna, F|
|poke|p2|Glimmora, F|
|poke|p2|Hatterene, F|
|teampreview
|
|t:|1769383646
|teamsize|p1|6
|teamsize|p2|6
|start
|switch|p1a: Djengo Unrained|Gholdengo|100/100
|switch|p2a: Rillaboom|Rillaboom, F|100/100
|-fieldstart|move: Grassy Terrain|[from] ability: Grassy Surge|[of] p2a: Rillaboom
|turn|1
|
|t:|1769383657
|switch|p1a: Moonrock 350|Clefable, F|100/100
|move|p2a: Rillaboom|Knock Off|p1a: Moonrock 350
|-resisted|p1a: Moonrock 350
|-damage|p1a: Moonrock 350|86/100
|-damage|p2a: Rillaboom|84/100|[from] item: Rocky Helmet|[of] p1a: Moonrock 350
|-enditem|p1a: Moonrock 350|Rocky Helmet|[from] move: Knock Off|[of] p2a: Rillaboom
|
|-heal|p2a: Rillaboom|90/100|[from] Grassy Terrain
|-heal|p1a: Moonrock 350|92/100|[from] Grassy Terrain
|upkeep
|turn|2
|
|t:|1769383668
|move|p2a: Rillaboom|U-turn|p1a: Moonrock 350
|-resisted|p1a: Moonrock 350
|-damage|p1a: Moonrock 350|81/100
|
|t:|1769383675
|switch|p2a: Ursaluna|Ursaluna, F|100/100|[from] U-turn
|move|p1a: Moonrock 350|Knock Off|p2a: Ursaluna
|-damage|p2a: Ursaluna|91/100
|-enditem|p2a: Ursaluna|Leftovers|[from] move: Knock Off|[of] p1a: Moonrock 350
|
|-heal|p1a: Moonrock 350|88/100|[from] Grassy Terrain
|-heal|p2a: Ursaluna|97/100|[from] Grassy Terrain
|upkeep
|turn|3
|
|t:|1769383734
|move|p1a: Moonrock 350|Stealth Rock|p2a: Ursaluna
|-sidestart|p2: pivotslophaxmaxxer|move: Stealth Rock
|move|p2a: Ursaluna|Body Slam|p1a: Moonrock 350
|-damage|p1a: Moonrock 350|59/100
|-status|p1a: Moonrock 350|par
|
|-heal|p2a: Ursaluna|100/100|[from] Grassy Terrain
|-heal|p1a: Moonrock 350|65/100 par|[from] Grassy Terrain
|upkeep
|turn|4
|
|t:|1769383741
|move|p2a: Ursaluna|Bulk Up|p2a: Ursaluna
|-boost|p2a: Ursaluna|atk|1
|-boost|p2a: Ursaluna|def|1
|cant|p1a: Moonrock 350|par
|
|-heal|p1a: Moonrock 350|71/100 par|[from] Grassy Terrain
|upkeep
|turn|5
|
|t:|1769383745
|move|p2a: Ursaluna|Bulk Up|p2a: Ursaluna
|-boost|p2a: Ursaluna|atk|1
|-boost|p2a: Ursaluna|def|1
|move|p1a: Moonrock 350|Moonblast|p2a: Ursaluna
|-damage|p2a: Ursaluna|82/100
|
|-heal|p2a: Ursaluna|88/100|[from] Grassy Terrain
|-heal|p1a: Moonrock 350|77/100 par|[from] Grassy Terrain
|upkeep
|turn|6
|
|t:|1769383754
|switch|p1a: Secret Service|Dragonite, M|100/100
|move|p2a: Ursaluna|Body Slam|p1a: Secret Service
|-damage|p1a: Secret Service|65/100
|-status|p1a: Secret Service|par
|
|-heal|p2a: Ursaluna|94/100|[from] Grassy Terrain
|upkeep
|turn|7
|
|t:|1769383758
|move|p2a: Ursaluna|Ice Punch|p1a: Secret Service
|-supereffective|p1a: Secret Service
|-damage|p1a: Secret Service|0 fnt
|faint|p1a: Secret Service
|
|-heal|p2a: Ursaluna|99/100|[from] Grassy Terrain
|upkeep
|
|t:|1769383765
|switch|p1a: CClifford|Zamazenta|100/100
|-ability|p1a: CClifford|Dauntless Shield|boost
|-boost|p1a: CClifford|def|1
|turn|8
|
|t:|1769383772
|move|p1a: CClifford|Close Combat|p2a: Ursaluna
|-supereffective|p2a: Ursaluna
|-damage|p2a: Ursaluna|60/100
|-unboost|p1a: CClifford|def|1
|-unboost|p1a: CClifford|spd|1
|move|p2a: Ursaluna|Body Slam|p1a: CClifford
|-damage|p1a: CClifford|32/100
|-status|p1a: CClifford|par
|
|-heal|p1a: CClifford|38/100 par|[from] Grassy Terrain
|-heal|p2a: Ursaluna|66/100|[from] Grassy Terrain
|-fieldend|move: Grassy Terrain
|upkeep
|turn|9
|
|t:|1769383783
|switch|p1a: Djengo Unrained|Gholdengo|100/100
|move|p2a: Ursaluna|Earthquake|p1a: Djengo Unrained
|-supereffective|p1a: Djengo Unrained
|-damage|p1a: Djengo Unrained|0 fnt
|faint|p1a: Djengo Unrained
|
|upkeep
|-message|elite four ozzy forfeited.
|
|win|pivotslophaxmaxxer
|raw|elite four ozzy's rating: 1647 &rarr; <strong>1625</strong><br />(-22 for losing)
|raw|pivotslophaxmaxxer's rating: 1613 &rarr; <strong>1635</strong><br />(+22 for winning)
|l|☆elite four ozzy
|player|p1|
