|j|☆byuself
|j|☆WeRrsome
|t:|1769307919
|gametype|singles
|player|p1|byuself|1|1647
|player|p2|WeRrsome|169|1672
|gen|9
|tier|[Gen 9] OU
|rated|
|rule|HP Percentage Mod: HP is shown in percentages
|rule|Endless Battle Clause: Forcing endless battles is banned
|rule|Species Clause: Limit one of each Pokémon
|rule|OHKO Clause: OHKO moves are banned
|rule|Evasion Items Clause: Evasion items are banned
|rule|Evasion Moves Clause: Evasion moves are banned
|rule|Evasion Abilities Clause: Evasion abilities are banned
|rule|Sleep Moves Clause: Sleep-inducing moves are banned
|clearpoke
|poke|p1|Walking Wake|
|poke|p1|Cresselia, F|
|poke|p1|Ninetales, F|
|poke|p1|Lilligant-Hisui, F|
|poke|p1|Raging Bolt|
|poke|p1|Great Tusk|
|poke|p2|Araquanid, F|
|poke|p2|Raging Bolt|
|poke|p2|Dragonite, M|
|poke|p2|Iron Treads|
|poke|p2|Landorus-Therian, M|
|poke|p2|Ogerpon, F|
|teampreview
|inactive|Battle timer is ON: inactive players will automatically lose when time's up. (requested by WeRrsome)
|
|t:|1769307930
|teamsize|p1|6
|teamsize|p2|6
|start
|switch|p1a: Raging Bolt|Raging Bolt|100/100
|switch|p2a: Araquanid|Araquanid, F|100/100
|turn|1
|
|t:|1769307933
|switch|p2a: Iron Treads|Iron Treads|100/100
|move|p1a: Raging Bolt|Volt Switch|p2a: Iron Treads
|-immune|p2a: Iron Treads
|
|upkeep
|turn|2
|j| Saxymarsh
|
|t:|1769307944
|-end|p1a: Raging Bolt|Protosynthesis|[silent]
|switch|p1a: Great Tusk|Great Tusk|100/100
|move|p2a: Iron Treads|Knock Off|p1a: Great Tusk
|-resisted|p1a: Great Tusk
|-crit|p1a: Great Tusk
|-damage|p1a: Great Tusk|89/100
|-enditem|p1a: Great Tusk|Heavy-Duty Boots|[from] move: Knock Off|[of] p2a: Iron Treads
|
|upkeep
|turn|3
|l| Saxymarsh
|j| wyjmjl
|l| wyjmjl
|
|t:|1769307965
|-end|p2a: Iron Treads|Quark Drive|[silent]
|switch|p2a: Araquanid|Araquanid, F|100/100
|move|p1a: Great Tusk|Stealth Rock|p2a: Araquanid
|-sidestart|p2: WeRrsome|move: Stealth Rock
|
|upkeep
|turn|4
|
|t:|1769307973
|-end|p1a: Great Tusk|Protosynthesis|[silent]
|switch|p1a: Raging Bolt|Raging Bolt|100/100
|move|p2a: Araquanid|Sticky Web|p1a: Raging Bolt
|-sidestart|p1: byuself|move: Sticky Web
|
|upkeep
|turn|5
|
|t:|1769307978
|switch|p2a: Iron Treads|Iron Treads|100/100
|-damage|p2a: Iron Treads|97/100|[from] Stealth Rock
|move|p1a: Raging Bolt|Volt Switch|p2a: Iron Treads
|-immune|p2a: Iron Treads
|
|upkeep
|turn|6
|
|t:|1769307981
|-end|p1a: Raging Bolt|Protosynthesis|[silent]
|switch|p1a: Cresselia|Cresselia, F|100/100
|move|p2a: Iron Treads|Rapid Spin|p1a: Cresselia
|-damage|p1a: Cresselia|93/100
|-boost|p2a: Iron Treads|spe|1
|-sideend|p2: WeRrsome|Stealth Rock|[from] move: Rapid Spin|[of] p2a: Iron Treads
|
|-heal|p1a: Cresselia|99/100|[from] item: Leftovers
|upkeep
|turn|7
|
|t:|1769307984
|move|p2a: Iron Treads|Knock Off|p1a: Cresselia
|-supereffective|p1a: Cresselia
|-damage|p1a: Cresselia|70/100
|-enditem|p1a: Cresselia|Leftovers|[from] move: Knock Off|[of] p2a: Iron Treads
|move|p1a: Cresselia|Ice Beam|p2a: Iron Treads
|-crit|p2a: Iron Treads
|-damage|p2a: Iron Treads|85/100
|
|upkeep
|turn|8
|
|t:|1769307993
|-end|p2a: Iron Treads|Quark Drive|[silent]
|switch|p2a: Ogerpon|Ogerpon, F|100/100
|move|p1a: Cresselia|Ice Beam|p2a: Ogerpon
|-supereffective|p2a: Ogerpon
|-damage|p2a: Ogerpon|59/100
|
|upkeep
|turn|9
|
|t:|1769307998
|move|p2a: Ogerpon|U-turn|p1a: Cresselia
|-supereffective|p1a: Cresselia
|-damage|p1a: Cresselia|27/100
|
|t:|1769308001
|switch|p2a: Araquanid|Araquanid, F|100/100|[from] U-turn
|move|p1a: Cresselia|Thunder Wave|p2a: Araquanid|[miss]
|-miss|p1a: Cresselia|p2a: Araquanid
|
|upkeep
|turn|10
|
|t:|1769308004
|move|p1a: Cresselia|Moonlight|p1a: Cresselia
|-heal|p1a: Cresselia|77/100
|move|p2a: Araquanid|Liquidation|p1a: Cresselia
|-damage|p1a: Cresselia|39/100
|-unboost|p1a: Cresselia|def|1
|
|upkeep
|turn|11
|
|t:|1769308012
|switch|p1a: Raging Bolt|Raging Bolt|100/100
|-activate|p1a: Raging Bolt|move: Sticky Web
|-unboost|p1a: Raging Bolt|spe|1
|move|p2a: Araquanid|Liquidation|p1a: Raging Bolt
|-resisted|p1a: Raging Bolt
|-damage|p1a: Raging Bolt|70/100
|
|upkeep
|turn|12
|
|t:|1769308018
|-end|p1a: Raging Bolt|Protosynthesis|[silent]
|switch|p1a: Cresselia|Cresselia, F|39/100
|switch|p2a: Iron Treads|Iron Treads|85/100
|
|upkeep
|turn|13
|
|t:|1769308032
|-end|p2a: Iron Treads|Quark Drive|[silent]
|switch|p2a: Raging Bolt|Raging Bolt|100/100
|move|p1a: Cresselia|Moonlight|p1a: Cresselia
|-heal|p1a: Cresselia|89/100
|
|upkeep
|turn|14
|
|t:|1769308040
|move|p1a: Cresselia|Ice Beam|p2a: Raging Bolt
|-supereffective|p2a: Raging Bolt
|-damage|p2a: Raging Bolt|72/100
|move|p2a: Raging Bolt|Volt Switch|p1a: Cresselia
|-damage|p1a: Cresselia|63/100
|
|t:|1769308051
|-end|p2a: Raging Bolt|Protosynthesis|[silent]
|switch|p2a: Ogerpon|Ogerpon, F|59/100|[from] Volt Switch
|
|upkeep
|turn|15
|
|t:|1769308054
|move|p2a: Ogerpon|U-turn|p1a: Cresselia
|-supereffective|p1a: Cresselia
|-damage|p1a: Cresselia|21/100
|
|t:|1769308058
|switch|p2a: Araquanid|Araquanid, F|100/100|[from] U-turn
|move|p1a: Cresselia|Moonlight|p1a: Cresselia
|-heal|p1a: Cresselia|70/100
|
|upkeep
|turn|16
|
|t:|1769308073
|switch|p1a: Walking Wake|Walking Wake|100/100
|-activate|p1a: Walking Wake|move: Sticky Web
|-unboost|p1a: Walking Wake|spe|1
|move|p2a: Araquanid|Liquidation|p1a: Walking Wake
|-resisted|p1a: Walking Wake
|-damage|p1a: Walking Wake|82/100
|-unboost|p1a: Walking Wake|def|1
|
|upkeep
|turn|17
|
|t:|1769308079
|switch|p2a: Iron Treads|Iron Treads|85/100
|move|p1a: Walking Wake|Draco Meteor|p2a: Iron Treads
|-resisted|p2a: Iron Treads
|-damage|p2a: Iron Treads|61/100
|-unboost|p1a: Walking Wake|spa|2
|-damage|p1a: Walking Wake|72/100|[from] item: Life Orb
|
|upkeep
|turn|18
|
|t:|1769308085
|-end|p1a: Walking Wake|Protosynthesis|[silent]
|switch|p1a: Great Tusk|Great Tusk|89/100
|-activate|p1a: Great Tusk|move: Sticky Web
|-unboost|p1a: Great Tusk|spe|1
|move|p2a: Iron Treads|Knock Off|p1a: Great Tusk
|-resisted|p1a: Great Tusk
|-damage|p1a: Great Tusk|84/100
|
|upkeep
|turn|19
|
|t:|1769308089
|-end|p2a: Iron Treads|Quark Drive|[silent]
|switch|p2a: Araquanid|Araquanid, F|100/100
|move|p1a: Great Tusk|Rapid Spin|p2a: Araquanid
|-damage|p2a: Araquanid|85/100
|-boost|p1a: Great Tusk|spe|1
|-sideend|p1: byuself|Sticky Web|[from] move: Rapid Spin|[of] p1a: Great Tusk
|
|upkeep
|turn|20
|
|t:|1769308096
|-end|p1a: Great Tusk|Protosynthesis|[silent]
|switch|p1a: Raging Bolt|Raging Bolt|70/100
|move|p2a: Araquanid|Liquidation|p1a: Raging Bolt
|-resisted|p1a: Raging Bolt
|-damage|p1a: Raging Bolt|38/100
|
|upkeep
|turn|21
|
|t:|1769308105
|-end|p1a: Raging Bolt|Protosynthesis|[silent]
|switch|p1a: Ninetales|Ninetales, F|100/100
|-weather|SunnyDay|[from] ability: Drought|[of] p1a: Ninetales
|switch|p2a: Iron Treads|Iron Treads|61/100
|
|-weather|SunnyDay|[upkeep]
|upkeep
|turn|22
|
|t:|1769308113
|switch|p1a: Walking Wake|Walking Wake|72/100
|-activate|p1a: Walking Wake|ability: Protosynthesis
|-start|p1a: Walking Wake|protosynthesisspa
|-end|p2a: Iron Treads|Quark Drive|[silent]
|switch|p2a: Araquanid|Araquanid, F|85/100
|
|-weather|SunnyDay|[upkeep]
|upkeep
|turn|23
|
|t:|1769308119
|move|p1a: Walking Wake|Draco Meteor|p2a: Araquanid
|-damage|p2a: Araquanid|0 fnt
|-unboost|p1a: Walking Wake|spa|2
|faint|p2a: Araquanid
|-damage|p1a: Walking Wake|63/100|[from] item: Life Orb
|
|-weather|SunnyDay|[upkeep]
|upkeep
|
|t:|1769308134
|switch|p2a: Ogerpon|Ogerpon, F|59/100
|turn|24
|
|t:|1769308137
|-end|p1a: Walking Wake|Protosynthesis|[silent]
|switch|p1a: Cresselia|Cresselia, F|70/100
|-terastallize|p2a: Ogerpon|Grass
|detailschange|p2a: Ogerpon|Ogerpon-Teal-Tera, F, tera:Grass
|-ability|p2a: Ogerpon|Embody Aspect (Teal)|boost
|-boost|p2a: Ogerpon|spe|1
|move|p2a: Ogerpon|Ivy Cudgel|p1a: Cresselia
|-damage|p1a: Cresselia|10/100
|
|-weather|SunnyDay|[upkeep]
|upkeep
|turn|25
|
|t:|1769308142
|move|p2a: Ogerpon|Ivy Cudgel|p1a: Cresselia
|-damage|p1a: Cresselia|0 fnt
|faint|p1a: Cresselia
|
|-weather|SunnyDay|[upkeep]
|upkeep
|
|t:|1769308145
|switch|p1a: Lilligant|Lilligant-Hisui, F|100/100
|turn|26
|
|t:|1769308150
|switch|p2a: Dragonite|Dragonite, M|100/100
|move|p1a: Lilligant|Close Combat|p2a: Dragonite
|-resisted|p2a: Dragonite
|-damage|p2a: Dragonite|87/100
|-unboost|p1a: Lilligant|def|1
|-unboost|p1a: Lilligant|spd|1
|-damage|p1a: Lilligant|84/100|[from] item: Rocky Helmet|[of] p2a: Dragonite
|-damage|p1a: Lilligant|74/100|[from] item: Life Orb
|
|-weather|SunnyDay|[upkeep]
|upkeep
|turn|27
|
|t:|1769308161
|switch|p2a: Iron Treads|Iron Treads|61/100
|move|p1a: Lilligant|Triple Axel|p2a: Iron Treads
|-damage|p2a: Iron Treads|55/100
|-hitcount|p2a: Iron Treads|1
|-damage|p1a: Lilligant|64/100|[from] item: Life Orb
|
|-weather|SunnyDay|[upkeep]
|upkeep
|turn|28
|
|t:|1769308170
|-end|p2a: Iron Treads|Quark Drive|[silent]
|switch|p2a: Dragonite|Dragonite, M|87/100
|move|p1a: Lilligant|Close Combat|p2a: Dragonite
|-resisted|p2a: Dragonite
|-damage|p2a: Dragonite|61/100
|-unboost|p1a: Lilligant|def|1
|-unboost|p1a: Lilligant|spd|1
|-damage|p1a: Lilligant|47/100|[from] item: Rocky Helmet|[of] p2a: Dragonite
|-damage|p1a: Lilligant|37/100|[from] item: Life Orb
|
|-weather|none
|upkeep
|turn|29
|
|t:|1769308174
|switch|p1a: Great Tusk|Great Tusk|84/100
|switch|p2a: Iron Treads|Iron Treads|55/100
|
|upkeep
|turn|30
|
|t:|1769308182
|-end|p2a: Iron Treads|Quark Drive|[silent]
|switch|p2a: Dragonite|Dragonite, M|61/100
|move|p1a: Great Tusk|Rapid Spin|p2a: Dragonite
|-damage|p2a: Dragonite|52/100
|-boost|p1a: Great Tusk|spe|1
|-damage|p1a: Great Tusk|67/100|[from] item: Rocky Helmet|[of] p2a: Dragonite
|
|upkeep
|turn|31
|
|t:|1769308186
|move|p1a: Great Tusk|Ice Spinner|p2a: Dragonite
|-supereffective|p2a: Dragonite
|-damage|p2a: Dragonite|0 fnt
|-damage|p1a: Great Tusk|50/100|[from] item: Rocky Helmet|[of] p2a: Dragonite
|faint|p2a: Dragonite
|
|upkeep
|
|t:|1769308188
|switch|p2a: Ogerpon|Ogerpon-Teal-Tera, F, tera:Grass|59/100
|-ability|p2a: Ogerpon|Embody Aspect (Teal)|boost
|-boost|p2a: Ogerpon|spe|1
|turn|32
|
|t:|1769308196
|-end|p1a: Great Tusk|Protosynthesis|[silent]
|switch|p1a: Ninetales|Ninetales, F|100/100
|-weather|SunnyDay|[from] ability: Drought|[of] p1a: Ninetales
|move|p2a: Ogerpon|Ivy Cudgel|p1a: Ninetales
|-resisted|p1a: Ninetales
|-crit|p1a: Ninetales
|-damage|p1a: Ninetales|0 fnt
|faint|p1a: Ninetales
|
|-weather|SunnyDay|[upkeep]
|upkeep
|
|t:|1769308201
|switch|p1a: Lilligant|Lilligant-Hisui, F|37/100
|turn|33
|
|t:|1769308208
|switch|p2a: Iron Treads|Iron Treads|55/100
|move|p1a: Lilligant|Triple Axel|p2a: Iron Treads
|-crit|p2a: Iron Treads
|-damage|p2a: Iron Treads|44/100
|-damage|p2a: Iron Treads|30/100
|-damage|p2a: Iron Treads|10/100
|-hitcount|p2a: Iron Treads|3
|-damage|p1a: Lilligant|27/100|[from] item: Life Orb
|
|-weather|SunnyDay|[upkeep]
|upkeep
|turn|34
|
|t:|1769308218
|move|p1a: Lilligant|Solar Blade||[still]
|-prepare|p1a: Lilligant|Solar Blade
|-anim|p1a: Lilligant|Solar Blade|p2a: Iron Treads
|-damage|p2a: Iron Treads|0 fnt
|faint|p2a: Iron Treads
|-end|p2a: Iron Treads|Quark Drive|[silent]
|-damage|p1a: Lilligant|18/100|[from] item: Life Orb
|
|-weather|SunnyDay|[upkeep]
|upkeep
|
|t:|1769308221
|switch|p2a: Raging Bolt|Raging Bolt|72/100
|-activate|p2a: Raging Bolt|ability: Protosynthesis
|-start|p2a: Raging Bolt|protosynthesisspa
|turn|35
|
|t:|1769308233
|switch|p1a: Raging Bolt|Raging Bolt|38/100
|-activate|p1a: Raging Bolt|ability: Protosynthesis
|-start|p1a: Raging Bolt|protosynthesisspa
|move|p2a: Raging Bolt|Draco Meteor|p1a: Raging Bolt
|-supereffective|p1a: Raging Bolt
|-damage|p1a: Raging Bolt|0 fnt
|-unboost|p2a: Raging Bolt|spa|2
|faint|p1a: Raging Bolt
|-end|p1a: Raging Bolt|Protosynthesis|[silent]
|
|-weather|SunnyDay|[upkeep]
|upkeep
|
|t:|1769308237
|switch|p1a: Walking Wake|Walking Wake|63/100
|-activate|p1a: Walking Wake|ability: Protosynthesis
|-start|p1a: Walking Wake|protosynthesisspa
|turn|36
|
|t:|1769308249
|move|p2a: Raging Bolt|Thunderclap|p1a: Walking Wake
|-damage|p1a: Walking Wake|28/100
|move|p1a: Walking Wake|Draco Meteor|p2a: Raging Bolt
|-supereffective|p2a: Raging Bolt
|-damage|p2a: Raging Bolt|0 fnt
|-unboost|p1a: Walking Wake|spa|2
|faint|p2a: Raging Bolt
|-end|p2a: Raging Bolt|Protosynthesis|[silent]
|-damage|p1a: Walking Wake|18/100|[from] item: Life Orb
|
|-weather|SunnyDay|[upkeep]
|upkeep
|
|t:|1769308251
|switch|p2a: Ogerpon|Ogerpon-Teal-Tera, F, tera:Grass|59/100
|-ability|p2a: Ogerpon|Embody Aspect (Teal)|boost
|-boost|p2a: Ogerpon|spe|1
|turn|37
|j| wyjmjl
|
|t:|1769308259
|-end|p1a: Walking Wake|Protosynthesis|[silent]
|switch|p1a: Great Tusk|Great Tusk|50/100
|-activate|p1a: Great Tusk|ability: Protosynthesis
|-start|p1a: Great Tusk|protosynthesisspe
|move|p2a: Ogerpon|Ivy Cudgel|p1a: Great Tusk
|-supereffective|p1a: Great Tusk
|-damage|p1a: Great Tusk|0 fnt
|faint|p1a: Great Tusk
|-end|p1a: Great Tusk|Protosynthesis|[silent]
|
|-weather|SunnyDay|[upkeep]
|upkeep
|j| learningstall67
|
|t:|1769308260
|switch|p1a: Lilligant|Lilligant-Hisui, F|18/100
|turn|38
|
|t:|1769308276
|switch|p2a: Landorus|Landorus-Therian, M|100/100
|-ability|p2a: Landorus|Intimidate|boost
|-unboost|p1a: Lilligant|atk|1
|move|p1a: Lilligant|Triple Axel|p2a: Landorus
|-supereffective|p2a: Landorus
|-damage|p2a: Landorus|71/100
|-supereffective|p2a: Landorus
|-damage|p2a: Landorus|11/100
|-supereffective|p2a: Landorus
|-damage|p2a: Landorus|0 fnt
|faint|p2a: Landorus
|-hitcount|p2: Landorus|3
|-damage|p1a: Lilligant|8/100|[from] item: Life Orb
|
|-weather|SunnyDay|[upkeep]
|upkeep
|
|t:|1769308278
|switch|p2a: Ogerpon|Ogerpon-Teal-Tera, F, tera:Grass|59/100
|-ability|p2a: Ogerpon|Embody Aspect (Teal)|boost
|-boost|p2a: Ogerpon|spe|1
|turn|39
|
|t:|1769308287
|move|p1a: Lilligant|Close Combat|p2a: Ogerpon
|-damage|p2a: Ogerpon|0 fnt
|-unboost|p1a: Lilligant|def|1
|-unboost|p1a: Lilligant|spd|1
|faint|p2a: Ogerpon
|detailschange|p2: Ogerpon|Ogerpon, F|[silent]
|-damage|p1a: Lilligant|0 fnt|[from] item: Life Orb
|faint|p1a: Lilligant
|
|win|byuself
|raw|byuself's rating: 1647 &rarr; <strong>1668</strong><br />(+21 for winning)
|raw|WeRrsome's rating: 1672 &rarr; <strong>1651</strong><br />(-21 for losing)
|c| learningstall67|what lando is that
|c|☆byuself|im also wondering
|c| learningstall67|non helm is balls
|l| wyjmjl
|l|☆byuself
|player|p1|
|c| learningstall67|yo its just us
|c| learningstall67|lmk
|c| learningstall67|lmk gng
|l| learningstall67
|l|☆WeRrsome
|player|p2|
