|j|☆sadmetameta
|j|☆iandc2008
|t:|1769417806
|gametype|singles
|player|p1|sadmetameta|steven|1382
|player|p2|iandc2008|2|1402
|gen|9
|tier|[Gen 9] OU
|rated|
|rule|HP Percentage Mod: HP is shown in percentages
|rule|Endless Battle Clause: Forcing endless battles is banned
|rule|Species Clause: Limit one of each Pokémon
|rule|OHKO Clause: OHKO moves are banned
|rule|Evasion Items Clause: Evasion items are banned
|rule|Evasion Moves Clause: Evasion moves are banned
|rule|Evasion Abilities Clause: Evasion abilities are banned
|rule|Sleep Moves Clause: Sleep-inducing moves are banned
|clearpoke
|poke|p1|Rillaboom, F|
|poke|p1|Keldeo-Resolute|
|poke|p1|Iron Crown|
|poke|p1|Great Tusk|
|poke|p1|Sinistcha|
|poke|p1|Kingambit, M|
|poke|p2|Dragapult, M|
|poke|p2|Muk-Alola, F|
|poke|p2|Moltres|
|poke|p2|Zapdos|
|poke|p2|Iron Treads|
|poke|p2|Alomomola, F|
|teampreview
|
|t:|1769417820
|teamsize|p1|6
|teamsize|p2|6
|start
|switch|p1a: Great Tusk|Great Tusk|100/100
|switch|p2a: Iron Treads|Iron Treads|100/100
|turn|1
|
|t:|1769417829
|-end|p2a: Iron Treads|Quark Drive|[silent]
|switch|p2a: Zapdos|Zapdos|100/100
|move|p1a: Great Tusk|Headlong Rush|p2a: Zapdos
|-immune|p2a: Zapdos
|
|upkeep
|turn|2
|
|t:|1769417836
|move|p2a: Zapdos|Hurricane|p1a: Great Tusk
|-supereffective|p1a: Great Tusk
|-damage|p1a: Great Tusk|48/100
|move|p1a: Great Tusk|Knock Off|p2a: Zapdos
|-damage|p2a: Zapdos|79/100
|-enditem|p2a: Zapdos|Heavy-Duty Boots|[from] move: Knock Off|[of] p1a: Great Tusk
|
|upkeep
|turn|3
|
|t:|1769417867
|move|p2a: Zapdos|Hurricane|p1a: Great Tusk|[miss]
|-miss|p2a: Zapdos|p1a: Great Tusk
|move|p1a: Great Tusk|Ice Spinner|p2a: Zapdos
|-supereffective|p2a: Zapdos
|-damage|p2a: Zapdos|46/100
|
|upkeep
|turn|4
|
|t:|1769417872
|move|p2a: Zapdos|Hurricane|p1a: Great Tusk
|-supereffective|p1a: Great Tusk
|-damage|p1a: Great Tusk|0 fnt
|faint|p1a: Great Tusk
|-end|p1a: Great Tusk|Protosynthesis|[silent]
|
|upkeep
|
|t:|1769417901
|switch|p1a: Keldeo|Keldeo-Resolute|100/100
|turn|5
|
|t:|1769417909
|switch|p2a: Muk|Muk-Alola, F|100/100
|move|p1a: Keldeo|Surf|p2a: Muk
|-damage|p2a: Muk|58/100
|
|-heal|p2a: Muk|65/100|[from] item: Leftovers
|upkeep
|turn|6
|
|t:|1769417938
|move|p1a: Keldeo|Surf|p2a: Muk
|-crit|p2a: Muk
|-damage|p2a: Muk|6/100
|move|p2a: Muk|Pain Split|p1a: Keldeo
|-sethp|p1a: Keldeo|54/100|[from] move: Pain Split|[silent]
|-sethp|p2a: Muk|42/100|[from] move: Pain Split
|
|-heal|p2a: Muk|48/100|[from] item: Leftovers
|upkeep
|turn|7
|
|t:|1769417956
|switch|p1a: Kingambit|Kingambit, M|100/100
|-activate|p1a: Kingambit|ability: Supreme Overlord
|-start|p1a: Kingambit|fallen1|[silent]
|move|p2a: Muk|Knock Off|p1a: Kingambit
|-resisted|p1a: Kingambit
|-damage|p1a: Kingambit|89/100
|-enditem|p1a: Kingambit|Lum Berry|[from] move: Knock Off|[of] p2a: Muk
|
|-heal|p2a: Muk|54/100|[from] item: Leftovers
|upkeep
|turn|8
|
|t:|1769417962
|switch|p2a: Moltres|Moltres|100/100
|move|p1a: Kingambit|Swords Dance|p1a: Kingambit
|-boost|p1a: Kingambit|atk|2
|
|upkeep
|turn|9
|
|t:|1769417976
|move|p1a: Kingambit|Sucker Punch||[still]
|-fail|p1a: Kingambit
|move|p2a: Moltres|Will-O-Wisp|p1a: Kingambit
|-status|p1a: Kingambit|brn
|
|-damage|p1a: Kingambit|82/100 brn|[from] brn
|upkeep
|turn|10
|
|t:|1769417984
|move|p2a: Moltres|Flamethrower|p1a: Kingambit
|-supereffective|p1a: Kingambit
|-damage|p1a: Kingambit|14/100 brn
|move|p1a: Kingambit|Swords Dance|p1a: Kingambit
|-boost|p1a: Kingambit|atk|2
|
|-damage|p1a: Kingambit|7/100 brn|[from] brn
|upkeep
|turn|11
|
|t:|1769418009
|move|p1a: Kingambit|Sucker Punch||[still]
|-fail|p1a: Kingambit
|move|p2a: Moltres|Roost||[still]
|-fail|p2a: Moltres|heal
|
|-damage|p1a: Kingambit|1/100 brn|[from] brn
|upkeep
|turn|12
|
|t:|1769418013
|move|p2a: Moltres|Flamethrower|p1a: Kingambit
|-supereffective|p1a: Kingambit
|-damage|p1a: Kingambit|0 fnt
|faint|p1a: Kingambit
|-end|p1a: Kingambit|fallen1|[silent]
|
|upkeep
|
|t:|1769418016
|switch|p1a: Keldeo|Keldeo-Resolute|54/100
|turn|13
|
|t:|1769418026
|switch|p2a: Muk|Muk-Alola, F|54/100
|move|p1a: Keldeo|Surf|p2a: Muk
|-damage|p2a: Muk|16/100
|
|-heal|p2a: Muk|22/100|[from] item: Leftovers
|upkeep
|turn|14
|
|t:|1769418045
|switch|p2a: Alomomola|Alomomola, F|100/100
|move|p1a: Keldeo|Surf|p2a: Alomomola
|-resisted|p2a: Alomomola
|-damage|p2a: Alomomola|58/100
|
|upkeep
|turn|15
|
|t:|1769418061
|move|p1a: Keldeo|Surf|p2a: Alomomola
|-resisted|p2a: Alomomola
|-damage|p2a: Alomomola|18/100
|move|p2a: Alomomola|Wish|p2a: Alomomola
|
|upkeep
|turn|16
|
|t:|1769418066
|move|p2a: Alomomola|Protect|p2a: Alomomola
|-singleturn|p2a: Alomomola|Protect
|move|p1a: Keldeo|Surf|p2a: Alomomola
|-activate|p2a: Alomomola|move: Protect
|
|-heal|p2a: Alomomola|68/100|[from] move: Wish|[wisher] Alomomola
|upkeep
|turn|17
|
|t:|1769418076
|move|p1a: Keldeo|Surf|p2a: Alomomola
|-resisted|p2a: Alomomola
|-damage|p2a: Alomomola|28/100
|move|p2a: Alomomola|Wish|p2a: Alomomola
|
|upkeep
|turn|18
|
|t:|1769418082
|switch|p1a: Sinistcha|Sinistcha|100/100
|move|p2a: Alomomola|Protect||[still]
|-fail|p2a: Alomomola
|
|-heal|p2a: Alomomola|78/100|[from] move: Wish|[wisher] Alomomola
|upkeep
|turn|19
|
|t:|1769418090
|switch|p2a: Moltres|Moltres|100/100
|move|p1a: Sinistcha|Calm Mind|p1a: Sinistcha
|-boost|p1a: Sinistcha|spa|1
|-boost|p1a: Sinistcha|spd|1
|
|upkeep
|turn|20
|
|t:|1769418099
|-terastallize|p1a: Sinistcha|Poison
|move|p2a: Moltres|Flamethrower|p1a: Sinistcha
|-damage|p1a: Sinistcha|86/100
|move|p1a: Sinistcha|Calm Mind|p1a: Sinistcha
|-boost|p1a: Sinistcha|spa|1
|-boost|p1a: Sinistcha|spd|1
|
|upkeep
|turn|21
|
|t:|1769418106
|move|p2a: Moltres|Will-O-Wisp|p1a: Sinistcha
|-status|p1a: Sinistcha|brn
|move|p1a: Sinistcha|Calm Mind|p1a: Sinistcha
|-boost|p1a: Sinistcha|spa|1
|-boost|p1a: Sinistcha|spd|1
|
|-damage|p1a: Sinistcha|83/100 brn|[from] brn
|upkeep
|turn|22
|
|t:|1769418113
|move|p2a: Moltres|Flamethrower|p1a: Sinistcha
|-damage|p1a: Sinistcha|74/100 brn
|move|p1a: Sinistcha|Shadow Ball|p2a: Moltres
|-damage|p2a: Moltres|23/100
|
|-damage|p1a: Sinistcha|71/100 brn|[from] brn
|upkeep
|turn|23
|
|t:|1769418125
|switch|p2a: Zapdos|Zapdos|46/100
|move|p1a: Sinistcha|Strength Sap|p2a: Zapdos
|-unboost|p2a: Zapdos|atk|1
|-heal|p1a: Sinistcha|100/100 brn
|
|-damage|p1a: Sinistcha|98/100 brn|[from] brn
|upkeep
|turn|24
|
|t:|1769418173
|move|p2a: Zapdos|Hurricane|p1a: Sinistcha
|-damage|p1a: Sinistcha|74/100 brn
|move|p1a: Sinistcha|Shadow Ball|p2a: Zapdos
|-crit|p2a: Zapdos
|-damage|p2a: Zapdos|0 fnt
|faint|p2a: Zapdos
|
|-damage|p1a: Sinistcha|71/100 brn|[from] brn
|upkeep
|
|t:|1769418208
|switch|p2a: Muk|Muk-Alola, F|22/100
|turn|25
|inactive|Battle timer is ON: inactive players will automatically lose when time's up. (requested by sadmetameta)
|
|t:|1769418215
|move|p1a: Sinistcha|Shadow Ball|p2a: Muk
|-resisted|p2a: Muk
|-damage|p2a: Muk|0 fnt
|faint|p2a: Muk
|
|-damage|p1a: Sinistcha|68/100 brn|[from] brn
|upkeep
|
|t:|1769418223
|switch|p2a: Iron Treads|Iron Treads|100/100
|turn|26
|
|t:|1769418226
|move|p2a: Iron Treads|Earthquake|p1a: Sinistcha
|-supereffective|p1a: Sinistcha
|-damage|p1a: Sinistcha|4/100 brn
|move|p1a: Sinistcha|Strength Sap|p2a: Iron Treads
|-unboost|p2a: Iron Treads|atk|1
|-heal|p1a: Sinistcha|100/100 brn
|
|-damage|p1a: Sinistcha|98/100 brn|[from] brn
|upkeep
|turn|27
|
|t:|1769418242
|-end|p2a: Iron Treads|Quark Drive|[silent]
|switch|p2a: Moltres|Moltres|23/100
|move|p1a: Sinistcha|Matcha Gotcha|p2a: Moltres
|-resisted|p2a: Moltres
|-damage|p2a: Moltres|3/100
|-heal|p1a: Sinistcha|100/100 brn|[from] drain|[of] p2a: Moltres
|
|-damage|p1a: Sinistcha|98/100 brn|[from] brn
|upkeep
|turn|28
|
|t:|1769418250
|move|p2a: Moltres|Roost|p2a: Moltres
|-heal|p2a: Moltres|53/100
|-singleturn|p2a: Moltres|move: Roost
|move|p1a: Sinistcha|Shadow Ball|p2a: Moltres
|-damage|p2a: Moltres|0 fnt
|faint|p2a: Moltres
|
|-damage|p1a: Sinistcha|95/100 brn|[from] brn
|upkeep
|
|t:|1769418253
|switch|p2a: Iron Treads|Iron Treads|100/100
|turn|29
|
|t:|1769418259
|move|p2a: Iron Treads|Earthquake|p1a: Sinistcha
|-supereffective|p1a: Sinistcha
|-damage|p1a: Sinistcha|27/100 brn
|move|p1a: Sinistcha|Matcha Gotcha|p2a: Iron Treads
|-crit|p2a: Iron Treads
|-damage|p2a: Iron Treads|0 fnt
|-heal|p1a: Sinistcha|74/100 brn|[from] drain|[of] p2a: Iron Treads
|faint|p2a: Iron Treads
|-end|p2a: Iron Treads|Quark Drive|[silent]
|
|-damage|p1a: Sinistcha|71/100 brn|[from] brn
|upkeep
|
|t:|1769418264
|switch|p2a: Dragapult|Dragapult, M|100/100
|turn|30
|
|t:|1769418286
|move|p2a: Dragapult|Dragon Darts|p1a: Sinistcha
|-damage|p1a: Sinistcha|57/100 brn
|-anim|p2a: Dragapult|Dragon Darts|p1a: Sinistcha
|-damage|p1a: Sinistcha|42/100 brn
|move|p1a: Sinistcha|Shadow Ball|p2a: Dragapult
|-supereffective|p2a: Dragapult
|-damage|p2a: Dragapult|0 fnt
|faint|p2a: Dragapult
|
|-damage|p1a: Sinistcha|39/100 brn|[from] brn
|upkeep
|-message|iandc2008 forfeited.
|
|win|sadmetameta
|raw|sadmetameta's rating: 1382 &rarr; <strong>1403</strong><br />(+21 for winning)
|raw|iandc2008's rating: 1402 &rarr; <strong>1381</strong><br />(-21 for losing)
|l|☆iandc2008
|player|p2|
|l|☆sadmetameta
|player|p1|
