|j|☆poketrep
|j|☆issysito
|t:|1769398977
|gametype|singles
|player|p1|poketrep|swimmerf|1683
|player|p2|issysito|hooligans|1673
|gen|9
|tier|[Gen 9] OU
|rated|
|rule|HP Percentage Mod: HP is shown in percentages
|rule|Endless Battle Clause: Forcing endless battles is banned
|rule|Species Clause: Limit one of each Pokémon
|rule|OHKO Clause: OHKO moves are banned
|rule|Evasion Items Clause: Evasion items are banned
|rule|Evasion Moves Clause: Evasion moves are banned
|rule|Evasion Abilities Clause: Evasion abilities are banned
|rule|Sleep Moves Clause: Sleep-inducing moves are banned
|clearpoke
|poke|p1|Rabsca, M|
|poke|p1|Slowking-Galar, F|
|poke|p1|Ursaluna, F|
|poke|p1|Azumarill, M|
|poke|p1|Mimikyu, M|
|poke|p1|Kingambit, F|
|poke|p2|Volcanion|
|poke|p2|Landorus-Therian, M|
|poke|p2|Meowscarada, M|
|poke|p2|Kingambit, M|
|poke|p2|Great Tusk|
|poke|p2|Slowking-Galar, F|
|teampreview
|
|t:|1769398996
|teamsize|p1|6
|teamsize|p2|6
|start
|switch|p1a: Shogun|Kingambit, F|100/100
|switch|p2a: Cat|Meowscarada, M|100/100
|turn|1
|
|t:|1769399005
|move|p1a: Shogun|Sucker Punch|p2a: Cat
|-resisted|p2a: Cat
|-damage|p2a: Cat|61/100
|move|p2a: Cat|Low Kick|p1a: Shogun
|-start|p2a: Cat|typechange|Fighting|[from] ability: Protean
|-supereffective|p1a: Shogun
|-damage|p1a: Shogun|0 fnt
|faint|p1a: Shogun
|-end|p1a: Shogun|fallenundefined|[silent]
|
|upkeep
|
|t:|1769399013
|switch|p1a: Atonement|Rabsca, M|100/100
|turn|2
|
|t:|1769399018
|switch|p2a: Tiger|Landorus-Therian, M|100/100
|-ability|p2a: Tiger|Intimidate|boost
|-unboost|p1a: Atonement|atk|1
|move|p1a: Atonement|Revival Blessing|p1a: Atonement
|
|t:|1769399020
|-heal|p1: Shogun|50/100|[from] move: Revival Blessing
|
|upkeep
|turn|3
|
|t:|1769399029
|move|p2a: Tiger|Stealth Rock|p1a: Atonement
|-sidestart|p1: poketrep|move: Stealth Rock
|move|p1a: Atonement|Trick Room|p1a: Atonement
|-fieldstart|move: Trick Room|[of] p1a: Atonement
|
|upkeep
|turn|4
|
|t:|1769399051
|switch|p1a: Village Crusher|Ursaluna, F|100/100
|-damage|p1a: Village Crusher|94/100|[from] Stealth Rock
|move|p2a: Tiger|U-turn|p1a: Village Crusher
|-crit|p1a: Village Crusher
|-damage|p1a: Village Crusher|66/100
|
|t:|1769399057
|switch|p2a: Elephant|Great Tusk|100/100|[from] U-turn
|
|-status|p1a: Village Crusher|brn|[from] item: Flame Orb
|upkeep
|turn|5
|
|t:|1769399076
|move|p1a: Village Crusher|Facade|p2a: Elephant
|-damage|p2a: Elephant|20/100
|move|p2a: Elephant|Ice Spinner|p1a: Village Crusher
|-supereffective|p1a: Village Crusher
|-damage|p1a: Village Crusher|27/100 brn
|
|-heal|p2a: Elephant|26/100|[from] item: Leftovers
|-damage|p1a: Village Crusher|21/100 brn|[from] brn
|upkeep
|turn|6
|
|t:|1769399082
|-end|p2a: Elephant|Protosynthesis|[silent]
|switch|p2a: Tiger|Landorus-Therian, M|100/100
|-ability|p2a: Tiger|Intimidate|boost
|-unboost|p1a: Village Crusher|atk|1
|move|p1a: Village Crusher|Facade|p2a: Tiger
|-damage|p2a: Tiger|5/100
|-damage|p1a: Village Crusher|4/100 brn|[from] item: Rocky Helmet|[of] p2a: Tiger
|
|-damage|p1a: Village Crusher|0 fnt|[from] brn
|faint|p1a: Village Crusher
|upkeep
|
|t:|1769399093
|switch|p1a: Decoy|Mimikyu, M|100/100
|-damage|p1a: Decoy|88/100|[from] Stealth Rock
|turn|7
|
|t:|1769399116
|move|p1a: Decoy|Shadow Sneak|p2a: Tiger
|-damage|p2a: Tiger|0 fnt
|-damage|p1a: Decoy|71/100|[from] item: Rocky Helmet|[of] p2a: Tiger
|faint|p2a: Tiger
|
|-fieldend|move: Trick Room
|upkeep
|
|t:|1769399118
|switch|p2a: Cat|Meowscarada, M|61/100
|turn|8
|
|t:|1769399127
|move|p2a: Cat|Triple Axel|p1a: Decoy
|-start|p2a: Cat|typechange|Ice|[from] ability: Protean
|-activate|p1a: Decoy|ability: Disguise
|-damage|p1a: Decoy|71/100
|detailschange|p1a: Decoy|Mimikyu-Busted, M
|-damage|p1a: Decoy|59/100|[from] pokemon: Mimikyu-Busted
|-damage|p1a: Decoy|22/100
|-damage|p1a: Decoy|0 fnt
|faint|p1a: Decoy
|-hitcount|p1: Decoy|3
|
|upkeep
|
|t:|1769399131
|switch|p1a: Chad|Azumarill, M|100/100
|-damage|p1a: Chad|88/100|[from] Stealth Rock
|turn|9
|
|t:|1769399158
|switch|p2a: Thing|Slowking-Galar, F|100/100
|switch|p1a: Burr|Slowking-Galar, F|100/100
|-damage|p1a: Burr|88/100|[from] Stealth Rock
|
|upkeep
|turn|10
|
|t:|1769399167
|-prepare|p2a: Thing|Chilly Reception|[premajor]
|move|p2a: Thing|Chilly Reception|p2a: Thing
|-weather|Snowscape
|
|t:|1769399170
|switch|p2a: Samurai|Kingambit, M|100/100|[from] Chilly Reception
|-activate|p2a: Samurai|ability: Supreme Overlord
|-start|p2a: Samurai|fallen1|[silent]
|move|p1a: Burr|Trick Room|p1a: Burr
|-fieldstart|move: Trick Room|[of] p1a: Burr
|
|-weather|Snowscape|[upkeep]
|upkeep
|turn|11
|
|t:|1769399174
|move|p1a: Burr|Fire Blast|p2a: Samurai
|-supereffective|p2a: Samurai
|-damage|p2a: Samurai|0 fnt
|faint|p2a: Samurai
|-end|p2a: Samurai|fallen1|[silent]
|-damage|p1a: Burr|78/100|[from] item: Life Orb
|
|-weather|Snowscape|[upkeep]
|upkeep
|
|t:|1769399182
|switch|p2a: Volcano|Volcanion|100/100
|turn|12
|
|t:|1769399189
|move|p1a: Burr|Sludge Wave|p2a: Volcano
|-damage|p2a: Volcano|30/100
|-damage|p1a: Burr|68/100|[from] item: Life Orb
|move|p2a: Volcano|Earth Power|p1a: Burr
|-supereffective|p1a: Burr
|-damage|p1a: Burr|18/100
|
|-weather|Snowscape|[upkeep]
|upkeep
|turn|13
|
|t:|1769399195
|switch|p1a: Chad|Azumarill, M|88/100
|-damage|p1a: Chad|76/100|[from] Stealth Rock
|switch|p2a: Thing|Slowking-Galar, F|100/100
|
|-weather|Snowscape|[upkeep]
|upkeep
|turn|14
|
|t:|1769399221
|move|p2a: Thing|Sludge Bomb|p1a: Chad
|-supereffective|p1a: Chad
|-crit|p1a: Chad
|-damage|p1a: Chad|10/100
|-status|p1a: Chad|psn
|move|p1a: Chad|Knock Off|p2a: Thing
|-supereffective|p2a: Thing
|-damage|p2a: Thing|18/100
|-enditem|p2a: Thing|Heavy-Duty Boots|[from] move: Knock Off|[of] p1a: Chad
|
|-weather|none
|-damage|p1a: Chad|0 fnt|[from] psn
|faint|p1a: Chad
|-fieldend|move: Trick Room
|upkeep
|
|t:|1769399226
|switch|p1a: Shogun|Kingambit, F|50/100
|-damage|p1a: Shogun|44/100|[from] Stealth Rock
|-activate|p1a: Shogun|ability: Supreme Overlord
|-start|p1a: Shogun|fallen4|[silent]
|turn|15
|c|☆poketrep|Crit poison. Wild.
|c|☆issysito|deez nuts
|
|t:|1769399276
|move|p1a: Shogun|Kowtow Cleave|p2a: Thing
|-supereffective|p2a: Thing
|-damage|p2a: Thing|0 fnt
|faint|p2a: Thing
|
|upkeep
|
|t:|1769399278
|switch|p2a: Elephant|Great Tusk|26/100
|turn|16
|
|t:|1769399283
|-end|p1a: Shogun|fallen4|[silent]
|switch|p1a: Atonement|Rabsca, M|100/100
|move|p2a: Elephant|Headlong Rush|p1a: Atonement
|-resisted|p1a: Atonement
|-damage|p1a: Atonement|77/100
|-unboost|p2a: Elephant|def|1
|-unboost|p2a: Elephant|spd|1
|
|-heal|p2a: Elephant|32/100|[from] item: Leftovers
|upkeep
|turn|17
|
|t:|1769399290
|-end|p2a: Elephant|Protosynthesis|[silent]
|switch|p2a: Volcano|Volcanion|30/100
|move|p1a: Atonement|Trick Room|p1a: Atonement
|-fieldstart|move: Trick Room|[of] p1a: Atonement
|
|upkeep
|turn|18
|
|t:|1769399298
|move|p1a: Atonement|Future Sight|p2a: Volcano
|-start|p1a: Atonement|move: Future Sight
|move|p2a: Volcano|Taunt|p1a: Atonement
|-start|p1a: Atonement|move: Taunt
|
|upkeep
|turn|19
|
|t:|1769399305
|switch|p1a: Burr|Slowking-Galar, F|51/100
|-damage|p1a: Burr|38/100|[from] Stealth Rock
|move|p2a: Volcano|Steam Eruption|p1a: Burr
|-damage|p1a: Burr|0 fnt
|faint|p1a: Burr
|
|upkeep
|
|t:|1769399307
|switch|p1a: Shogun|Kingambit, F|44/100
|-damage|p1a: Shogun|38/100|[from] Stealth Rock
|-activate|p1a: Shogun|ability: Supreme Overlord
|-start|p1a: Shogun|fallen5|[silent]
|turn|20
|
|t:|1769399313
|move|p1a: Shogun|Kowtow Cleave|p2a: Volcano
|-damage|p2a: Volcano|0 fnt
|faint|p2a: Volcano
|
|-hint|Future Sight did not hit because the target is fainted.
|upkeep
|
|t:|1769399332
|switch|p2a: Elephant|Great Tusk|32/100
|turn|21
|
|t:|1769399342
|move|p1a: Shogun|Iron Head|p2a: Elephant
|-damage|p2a: Elephant|0 fnt
|faint|p2a: Elephant
|-end|p2a: Elephant|Protosynthesis|[silent]
|
|-fieldend|move: Trick Room
|upkeep
|
|t:|1769399344
|switch|p2a: Cat|Meowscarada, M|61/100
|turn|22
|
|t:|1769399350
|-terastallize|p2a: Cat|Grass
|-terastallize|p1a: Shogun|Dark
|move|p1a: Shogun|Sucker Punch|p2a: Cat
|-damage|p2a: Cat|0 fnt
|faint|p2a: Cat
|
|win|poketrep
|raw|poketrep's rating: 1683 &rarr; <strong>1704</strong><br />(+21 for winning)
|raw|issysito's rating: 1695 &rarr; <strong>1674</strong><br />(-21 for losing)
|l|☆issysito
|player|p2|
|l|☆poketrep
|player|p1|
