|j|☆Flex Plays Only
|j|☆rat pig
|t:|1769403987
|gametype|singles
|player|p1|Flex Plays Only|iono-masters2|1713
|player|p2|rat pig|chuck|1667
|gen|9
|tier|[Gen 9] OU
|rated|
|rule|HP Percentage Mod: HP is shown in percentages
|rule|Endless Battle Clause: Forcing endless battles is banned
|rule|Species Clause: Limit one of each Pokémon
|rule|OHKO Clause: OHKO moves are banned
|rule|Evasion Items Clause: Evasion items are banned
|rule|Evasion Moves Clause: Evasion moves are banned
|rule|Evasion Abilities Clause: Evasion abilities are banned
|rule|Sleep Moves Clause: Sleep-inducing moves are banned
|clearpoke
|poke|p1|Alomomola, F|
|poke|p1|Clefable, M|
|poke|p1|Gliscor, M|
|poke|p1|Darkrai|
|poke|p1|Pecharunt|
|poke|p1|Zamazenta-*|
|poke|p2|Darkrai|
|poke|p2|Tyranitar, F|
|poke|p2|Excadrill, M|
|poke|p2|Ogerpon-Cornerstone, F|
|poke|p2|Tornadus-Therian, M|
|poke|p2|Pecharunt|
|teampreview
|inactive|Battle timer is ON: inactive players will automatically lose when time's up. (requested by rat pig)
|j| odloc
|
|t:|1769404016
|teamsize|p1|6
|teamsize|p2|6
|start
|switch|p1a: Alomomola|Alomomola, F|100/100
|switch|p2a: Tyranitar|Tyranitar, F|100/100
|-weather|Sandstorm|[from] ability: Sand Stream|[of] p2a: Tyranitar
|turn|1
|
|t:|1769404023
|move|p2a: Tyranitar|Knock Off|p1a: Alomomola
|-damage|p1a: Alomomola|42/100
|-enditem|p1a: Alomomola|Assault Vest|[from] move: Knock Off|[of] p2a: Tyranitar
|move|p1a: Alomomola|Scald|p2a: Tyranitar
|-supereffective|p2a: Tyranitar
|-damage|p2a: Tyranitar|83/100
|
|-weather|Sandstorm|[upkeep]
|-damage|p1a: Alomomola|36/100|[from] Sandstorm
|upkeep
|turn|2
|
|t:|1769404037
|move|p2a: Tyranitar|Knock Off|p1a: Alomomola
|-damage|p1a: Alomomola|0 fnt
|faint|p1a: Alomomola
|
|-weather|Sandstorm|[upkeep]
|upkeep
|
|t:|1769404041
|switch|p1a: Zamazenta|Zamazenta|100/100
|-ability|p1a: Zamazenta|Dauntless Shield|boost
|-boost|p1a: Zamazenta|def|1
|turn|3
|
|t:|1769404047
|switch|p1a: Gliscor|Gliscor, M|100/100
|switch|p2a: Pecharunt|Pecharunt|100/100
|
|-weather|Sandstorm|[upkeep]
|-damage|p2a: Pecharunt|94/100|[from] Sandstorm
|-status|p1a: Gliscor|tox|[from] item: Toxic Orb
|upkeep
|turn|4
|
|t:|1769404058
|move|p1a: Gliscor|Swords Dance|p1a: Gliscor
|-boost|p1a: Gliscor|atk|2
|move|p2a: Pecharunt|Parting Shot|p1a: Gliscor
|-unboost|p1a: Gliscor|atk|1
|-unboost|p1a: Gliscor|spa|1
|
|t:|1769404062
|switch|p2a: Darkrai|Darkrai|100/100|[from] Parting Shot
|
|-weather|Sandstorm|[upkeep]
|-damage|p2a: Darkrai|94/100|[from] Sandstorm
|upkeep
|turn|5
|
|t:|1769404068
|move|p1a: Gliscor|Protect|p1a: Gliscor
|-singleturn|p1a: Gliscor|Protect
|move|p2a: Darkrai|Trick|p1a: Gliscor
|-activate|p1a: Gliscor|move: Protect
|
|-weather|none
|upkeep
|turn|6
|j| Itz J
|
|t:|1769404078
|switch|p1a: Darkrai|Darkrai|100/100
|move|p2a: Darkrai|Trick|p1a: Darkrai
|-activate|p2a: Darkrai|move: Trick|[of] p1a: Darkrai
|-item|p1a: Darkrai|Choice Scarf|[from] move: Trick
|-item|p2a: Darkrai|Heavy-Duty Boots|[from] move: Trick
|
|upkeep
|turn|7
|
|t:|1769404089
|switch|p2a: Tornadus|Tornadus-Therian, M|100/100
|move|p1a: Darkrai|Sludge Bomb|p2a: Tornadus
|-damage|p2a: Tornadus|79/100
|-status|p2a: Tornadus|psn
|
|-damage|p2a: Tornadus|66/100 psn|[from] psn
|upkeep
|turn|8
|
|t:|1769404095
|switch|p1a: Gliscor|Gliscor, M|100/100 tox
|move|p2a: Tornadus|U-turn|p1a: Gliscor
|-resisted|p1a: Gliscor
|-damage|p1a: Gliscor|95/100 tox
|
|t:|1769404101
|switch|p2a: Darkrai|Darkrai|94/100|[from] U-turn
|
|-heal|p1a: Gliscor|100/100 tox|[from] ability: Poison Heal
|upkeep
|turn|9
|
|t:|1769404106
|move|p1a: Gliscor|Protect|p1a: Gliscor
|-singleturn|p1a: Gliscor|Protect
|move|p2a: Darkrai|Ice Beam|p1a: Gliscor
|-activate|p1a: Gliscor|move: Protect
|
|upkeep
|turn|10
|
|t:|1769404111
|-terastallize|p1a: Gliscor|Normal
|move|p2a: Darkrai|Ice Beam|p1a: Gliscor
|-damage|p1a: Gliscor|70/100 tox
|move|p1a: Gliscor|Swords Dance|p1a: Gliscor
|-boost|p1a: Gliscor|atk|2
|
|-heal|p1a: Gliscor|83/100 tox|[from] ability: Poison Heal
|upkeep
|turn|11
|
|t:|1769404134
|switch|p2a: Pecharunt|Pecharunt|94/100
|move|p1a: Gliscor|Facade|p2a: Pecharunt
|-immune|p2a: Pecharunt
|
|-heal|p1a: Gliscor|95/100 tox|[from] ability: Poison Heal
|upkeep
|turn|12
|
|t:|1769404149
|move|p1a: Gliscor|Swords Dance|p1a: Gliscor
|-boost|p1a: Gliscor|atk|2
|move|p2a: Pecharunt|Recover|p2a: Pecharunt
|-heal|p2a: Pecharunt|100/100
|
|-heal|p1a: Gliscor|100/100 tox|[from] ability: Poison Heal
|upkeep
|turn|13
|
|t:|1769404153
|move|p1a: Gliscor|Earthquake|p2a: Pecharunt
|-supereffective|p2a: Pecharunt
|-damage|p2a: Pecharunt|2/100
|move|p2a: Pecharunt|Parting Shot|p1a: Gliscor
|-unboost|p1a: Gliscor|atk|1
|-unboost|p1a: Gliscor|spa|1
|
|t:|1769404157
|switch|p2a: Ogerpon|Ogerpon-Cornerstone, F|100/100|[from] Parting Shot
|
|upkeep
|turn|14
|
|t:|1769404168
|move|p2a: Ogerpon|Swords Dance|p2a: Ogerpon
|-boost|p2a: Ogerpon|atk|2
|move|p1a: Gliscor|Facade|p2a: Ogerpon
|-resisted|p2a: Ogerpon
|-damage|p2a: Ogerpon|26/100
|
|upkeep
|turn|15
|j| Kwaga
|
|t:|1769404176
|switch|p1a: Zamazenta|Zamazenta|100/100
|move|p2a: Ogerpon|Ivy Cudgel|p1a: Zamazenta|[anim] Ivy Cudgel Rock
|-resisted|p1a: Zamazenta
|-damage|p1a: Zamazenta|41/100
|
|upkeep
|turn|16
|
|t:|1769404184
|switch|p2a: Pecharunt|Pecharunt|2/100
|move|p1a: Zamazenta|Crunch|p2a: Pecharunt
|-supereffective|p2a: Pecharunt
|-damage|p2a: Pecharunt|0 fnt
|faint|p2a: Pecharunt
|
|upkeep
|
|t:|1769404190
|switch|p2a: Tornadus|Tornadus-Therian, M|99/100 psn
|turn|17
|
|t:|1769404199
|move|p1a: Zamazenta|Stone Edge|p2a: Tornadus|[miss]
|-miss|p1a: Zamazenta|p2a: Tornadus
|move|p2a: Tornadus|Bleakwind Storm|p1a: Zamazenta
|-supereffective|p1a: Zamazenta
|-damage|p1a: Zamazenta|0 fnt
|faint|p1a: Zamazenta
|
|-damage|p2a: Tornadus|87/100 psn|[from] psn
|upkeep
|
|t:|1769404202
|switch|p1a: Gliscor|Gliscor, M, tera:Normal|100/100 tox
|turn|18
|
|t:|1769404208
|move|p2a: Tornadus|U-turn|p1a: Gliscor
|-damage|p1a: Gliscor|89/100 tox
|
|t:|1769404210
|switch|p2a: Ogerpon|Ogerpon-Cornerstone, F|26/100|[from] U-turn
|move|p1a: Gliscor|Swords Dance|p1a: Gliscor
|-boost|p1a: Gliscor|atk|2
|
|-heal|p1a: Gliscor|100/100 tox|[from] ability: Poison Heal
|upkeep
|turn|19
|
|t:|1769404224
|move|p2a: Ogerpon|Ivy Cudgel|p1a: Gliscor|[anim] Ivy Cudgel Rock
|-damage|p1a: Gliscor|50/100 tox
|move|p1a: Gliscor|Facade|p2a: Ogerpon
|-resisted|p2a: Ogerpon
|-damage|p2a: Ogerpon|0 fnt
|faint|p2a: Ogerpon
|
|-heal|p1a: Gliscor|63/100 tox|[from] ability: Poison Heal
|upkeep
|
|t:|1769404230
|switch|p2a: Tyranitar|Tyranitar, F|83/100
|-weather|Sandstorm|[from] ability: Sand Stream|[of] p2a: Tyranitar
|turn|20
|l| Kwaga
|
|t:|1769404238
|move|p1a: Gliscor|Earthquake|p2a: Tyranitar
|-supereffective|p2a: Tyranitar
|-damage|p2a: Tyranitar|0 fnt
|faint|p2a: Tyranitar
|
|-weather|Sandstorm|[upkeep]
|-damage|p1a: Gliscor|56/100 tox|[from] Sandstorm
|-heal|p1a: Gliscor|69/100 tox|[from] ability: Poison Heal
|upkeep
|j| Daniel Gaming 234
|
|t:|1769404250
|switch|p2a: Excadrill|Excadrill, M|100/100
|turn|21
|
|t:|1769404254
|-terastallize|p2a: Excadrill|Ghost
|move|p1a: Gliscor|Protect|p1a: Gliscor
|-singleturn|p1a: Gliscor|Protect
|move|p2a: Excadrill|Earthquake|p1a: Gliscor
|-activate|p1a: Gliscor|move: Protect
|
|-weather|Sandstorm|[upkeep]
|-damage|p1a: Gliscor|63/100 tox|[from] Sandstorm
|-heal|p1a: Gliscor|75/100 tox|[from] ability: Poison Heal
|upkeep
|turn|22
|j| Asrzzz
|
|t:|1769404265
|move|p2a: Excadrill|Earthquake|p1a: Gliscor
|-damage|p1a: Gliscor|28/100 tox
|move|p1a: Gliscor|Earthquake|p2a: Excadrill
|-damage|p2a: Excadrill|5/100
|
|-weather|Sandstorm|[upkeep]
|-damage|p1a: Gliscor|22/100 tox|[from] Sandstorm
|-heal|p2a: Excadrill|11/100|[from] item: Leftovers
|-heal|p1a: Gliscor|35/100 tox|[from] ability: Poison Heal
|upkeep
|turn|23
|j| FirstLightSoulja
|
|t:|1769404273
|move|p1a: Gliscor|Protect|p1a: Gliscor
|-singleturn|p1a: Gliscor|Protect
|move|p2a: Excadrill|Earthquake|p1a: Gliscor
|-activate|p1a: Gliscor|move: Protect
|
|-weather|Sandstorm|[upkeep]
|-damage|p1a: Gliscor|28/100 tox|[from] Sandstorm
|-heal|p2a: Excadrill|17/100|[from] item: Leftovers
|-heal|p1a: Gliscor|41/100 tox|[from] ability: Poison Heal
|upkeep
|turn|24
|
|t:|1769404278
|switch|p1a: Clefable|Clefable, M|100/100
|move|p2a: Excadrill|Earthquake|p1a: Clefable
|-crit|p1a: Clefable
|-damage|p1a: Clefable|29/100
|
|-weather|none
|-heal|p2a: Excadrill|23/100|[from] item: Leftovers
|-heal|p1a: Clefable|35/100|[from] item: Leftovers
|upkeep
|turn|25
|
|t:|1769404284
|switch|p1a: Pecharunt|Pecharunt|100/100
|move|p2a: Excadrill|Earthquake|p1a: Pecharunt
|-supereffective|p1a: Pecharunt
|-damage|p1a: Pecharunt|38/100
|
|-heal|p2a: Excadrill|29/100|[from] item: Leftovers
|upkeep
|turn|26
|
|t:|1769404299
|move|p2a: Excadrill|Earthquake|p1a: Pecharunt
|-supereffective|p1a: Pecharunt
|-damage|p1a: Pecharunt|0 fnt
|faint|p1a: Pecharunt
|
|-heal|p2a: Excadrill|35/100|[from] item: Leftovers
|upkeep
|
|t:|1769404301
|switch|p1a: Darkrai|Darkrai|100/100
|turn|27
|
|t:|1769404304
|switch|p2a: Tornadus|Tornadus-Therian, M|100/100 psn
|move|p1a: Darkrai|Ice Beam|p2a: Tornadus
|-supereffective|p2a: Tornadus
|-damage|p2a: Tornadus|52/100 psn
|
|-damage|p2a: Tornadus|40/100 psn|[from] psn
|upkeep
|turn|28
|
|t:|1769404317
|switch|p2a: Excadrill|Excadrill, M, tera:Ghost|35/100
|move|p1a: Darkrai|Ice Beam|p2a: Excadrill
|-damage|p2a: Excadrill|0 fnt
|faint|p2a: Excadrill
|
|upkeep
|
|t:|1769404320
|switch|p2a: Tornadus|Tornadus-Therian, M|73/100 psn
|turn|29
|
|t:|1769404323
|switch|p1a: Clefable|Clefable, M|35/100
|move|p2a: Tornadus|U-turn|p1a: Clefable
|-resisted|p1a: Clefable
|-damage|p1a: Clefable|29/100
|
|t:|1769404325
|switch|p2a: Darkrai|Darkrai|94/100|[from] U-turn
|
|-heal|p1a: Clefable|35/100|[from] item: Leftovers
|upkeep
|turn|30
|
|t:|1769404330
|move|p2a: Darkrai|Sludge Bomb|p1a: Clefable
|-supereffective|p1a: Clefable
|-damage|p1a: Clefable|0 fnt
|faint|p1a: Clefable
|
|upkeep
|
|t:|1769404333
|switch|p1a: Gliscor|Gliscor, M, tera:Normal|41/100 tox
|turn|31
|
|t:|1769404335
|move|p1a: Gliscor|Protect|p1a: Gliscor
|-singleturn|p1a: Gliscor|Protect
|move|p2a: Darkrai|Dark Pulse|p1a: Gliscor
|-activate|p1a: Gliscor|move: Protect
|
|-heal|p1a: Gliscor|53/100 tox|[from] ability: Poison Heal
|upkeep
|turn|32
|
|t:|1769404340
|move|p2a: Darkrai|Dark Pulse|p1a: Gliscor
|-damage|p1a: Gliscor|13/100 tox
|cant|p1a: Gliscor|flinch
|
|-heal|p1a: Gliscor|26/100 tox|[from] ability: Poison Heal
|upkeep
|turn|33
|
|t:|1769404345
|move|p1a: Gliscor|Protect|p1a: Gliscor
|-singleturn|p1a: Gliscor|Protect
|move|p2a: Darkrai|Dark Pulse|p1a: Gliscor
|-activate|p1a: Gliscor|move: Protect
|
|-heal|p1a: Gliscor|38/100 tox|[from] ability: Poison Heal
|upkeep
|turn|34
|
|t:|1769404347
|switch|p1a: Darkrai|Darkrai|100/100
|move|p2a: Darkrai|Dark Pulse|p1a: Darkrai
|-resisted|p1a: Darkrai
|-damage|p1a: Darkrai|73/100
|
|upkeep
|turn|35
|
|t:|1769404353
|move|p1a: Darkrai|Ice Beam|p2a: Darkrai
|-damage|p2a: Darkrai|55/100
|move|p2a: Darkrai|Sludge Bomb|p1a: Darkrai
|-damage|p1a: Darkrai|34/100
|
|upkeep
|turn|36
|
|t:|1769404359
|move|p1a: Darkrai|Ice Beam|p2a: Darkrai
|-damage|p2a: Darkrai|14/100
|move|p2a: Darkrai|Sludge Bomb|p1a: Darkrai
|-damage|p1a: Darkrai|0 fnt
|faint|p1a: Darkrai
|
|upkeep
|
|t:|1769404364
|switch|p1a: Gliscor|Gliscor, M, tera:Normal|38/100 tox
|turn|37
|
|t:|1769404367
|move|p1a: Gliscor|Protect|p1a: Gliscor
|-singleturn|p1a: Gliscor|Protect
|move|p2a: Darkrai|Dark Pulse|p1a: Gliscor
|-activate|p1a: Gliscor|move: Protect
|
|-heal|p1a: Gliscor|50/100 tox|[from] ability: Poison Heal
|upkeep
|turn|38
|
|t:|1769404370
|move|p2a: Darkrai|Dark Pulse|p1a: Gliscor
|-damage|p1a: Gliscor|7/100 tox
|move|p1a: Gliscor|Earthquake|p2a: Darkrai
|-damage|p2a: Darkrai|0 fnt
|faint|p2a: Darkrai
|
|-heal|p1a: Gliscor|20/100 tox|[from] ability: Poison Heal
|upkeep
|
|t:|1769404374
|switch|p2a: Tornadus|Tornadus-Therian, M|100/100 psn
|turn|39
|
|t:|1769404377
|move|p1a: Gliscor|Protect|p1a: Gliscor
|-singleturn|p1a: Gliscor|Protect
|move|p2a: Tornadus|Bleakwind Storm|p1a: Gliscor
|-activate|p1a: Gliscor|move: Protect
|
|-damage|p2a: Tornadus|88/100 psn|[from] psn
|-heal|p1a: Gliscor|32/100 tox|[from] ability: Poison Heal
|upkeep
|turn|40
|
|t:|1769404383
|move|p2a: Tornadus|Bleakwind Storm|p1a: Gliscor
|-damage|p1a: Gliscor|0 fnt
|faint|p1a: Gliscor
|
|win|rat pig
|raw|Flex Plays Only's rating: 1713 &rarr; <strong>1690</strong><br />(-23 for losing)
|raw|rat pig's rating: 1667 &rarr; <strong>1690</strong><br />(+23 for winning)
|l|☆Flex Plays Only
|player|p1|
|l| Daniel Gaming 234
|l|☆rat pig
|player|p2|
|l| FirstLightSoulja
|l| Itz J
