|badge|p1|bronze|gen9ou|100-8
|uhtml|medal-msg|<div class="broadcast-blue">Curious what those medals under the avatar are? PS now has Ladder Seasons! For more information, check out the <a href="https://www.smogon.com/forums/threads/3740067/">thread on Smogon.</a></div>
|j|☆Iznamakin
|j|☆bsp1
|t:|1769396072
|gametype|singles
|player|p1|Iznamakin|chase|1799
|player|p2|bsp1|101|1811
|gen|9
|tier|[Gen 9] OU
|rated|
|rule|HP Percentage Mod: HP is shown in percentages
|rule|Endless Battle Clause: Forcing endless battles is banned
|rule|Species Clause: Limit one of each Pokémon
|rule|OHKO Clause: OHKO moves are banned
|rule|Evasion Items Clause: Evasion items are banned
|rule|Evasion Moves Clause: Evasion moves are banned
|rule|Evasion Abilities Clause: Evasion abilities are banned
|rule|Sleep Moves Clause: Sleep-inducing moves are banned
|clearpoke
|poke|p1|Iron Valiant|
|poke|p1|Greninja-*, M|
|poke|p1|Glimmora, M|
|poke|p1|Kingambit, F|
|poke|p1|Iron Jugulis|
|poke|p1|Iron Moth|
|poke|p2|Iron Valiant|
|poke|p2|Landorus-Therian, M|
|poke|p2|Ogerpon-Wellspring, F|
|poke|p2|Glimmora, M|
|poke|p2|Dragapult, M|
|poke|p2|Kingambit, M|
|teampreview
|inactive|Battle timer is ON: inactive players will automatically lose when time's up. (requested by Iznamakin)
|
|t:|1769396096
|teamsize|p1|6
|teamsize|p2|6
|start
|switch|p1a: Iron Valiant|Iron Valiant|100/100
|switch|p2a: Dragapult|Dragapult, M|100/100
|-enditem|p1a: Iron Valiant|Booster Energy
|-activate|p1a: Iron Valiant|ability: Quark Drive|[fromitem]
|-start|p1a: Iron Valiant|quarkdrivespe
|turn|1
|inactive|bsp1 has 120 seconds left.
|
|t:|1769396127
|switch|p2a: Glimmora|Glimmora, M|100/100
|move|p1a: Iron Valiant|Swords Dance|p1a: Iron Valiant
|-boost|p1a: Iron Valiant|atk|2
|
|upkeep
|turn|2
|inactive|bsp1 has 120 seconds left.
|
|t:|1769396156
|move|p1a: Iron Valiant|Close Combat|p2a: Glimmora
|-damage|p2a: Glimmora|0 fnt
|-unboost|p1a: Iron Valiant|def|1
|-unboost|p1a: Iron Valiant|spd|1
|-activate|p2a: Glimmora|ability: Toxic Debris
|-sidestart|p1: Iznamakin|move: Toxic Spikes
|faint|p2a: Glimmora
|
|upkeep
|
|t:|1769396164
|switch|p2a: Landorus|Landorus-Therian, M|100/100
|-ability|p2a: Landorus|Intimidate|boost
|-unboost|p1a: Iron Valiant|atk|1
|turn|3
|
|t:|1769396168
|move|p1a: Iron Valiant|Spirit Break|p2a: Landorus
|-damage|p2a: Landorus|47/100
|-unboost|p2a: Landorus|spa|1
|-damage|p1a: Iron Valiant|84/100|[from] item: Rocky Helmet|[of] p2a: Landorus
|move|p2a: Landorus|Earthquake|p1a: Iron Valiant
|-damage|p1a: Iron Valiant|0 fnt
|faint|p1a: Iron Valiant
|-end|p1a: Iron Valiant|Quark Drive|[silent]
|
|upkeep
|
|t:|1769396178
|switch|p1a: Iron Jugulis|Iron Jugulis|100/100
|-enditem|p1a: Iron Jugulis|Booster Energy
|-activate|p1a: Iron Jugulis|ability: Quark Drive|[fromitem]
|-start|p1a: Iron Jugulis|quarkdrivespe
|turn|4
|
|t:|1769396186
|switch|p2a: Kingambit|Kingambit, M|100/100
|-activate|p2a: Kingambit|ability: Supreme Overlord
|-start|p2a: Kingambit|fallen1|[silent]
|move|p1a: Iron Jugulis|Hurricane|p2a: Kingambit|[miss]
|-miss|p1a: Iron Jugulis|p2a: Kingambit
|
|upkeep
|turn|5
|
|t:|1769396194
|move|p1a: Iron Jugulis|Fire Blast|p2a: Kingambit
|-supereffective|p2a: Kingambit
|-damage|p2a: Kingambit|27/100
|move|p2a: Kingambit|Iron Head|p1a: Iron Jugulis
|-damage|p1a: Iron Jugulis|40/100
|
|-heal|p2a: Kingambit|33/100|[from] item: Leftovers
|upkeep
|turn|6
|j| hua_hua0_0
|
|t:|1769396201
|move|p2a: Kingambit|Sucker Punch|p1a: Iron Jugulis
|-resisted|p1a: Iron Jugulis
|-damage|p1a: Iron Jugulis|15/100
|move|p1a: Iron Jugulis|Fire Blast|p2a: Kingambit
|-supereffective|p2a: Kingambit
|-damage|p2a: Kingambit|0 fnt
|faint|p2a: Kingambit
|-end|p2a: Kingambit|fallen1|[silent]
|
|upkeep
|
|t:|1769396214
|switch|p2a: Iron Valiant|Iron Valiant|100/100
|-enditem|p2a: Iron Valiant|Booster Energy
|-activate|p2a: Iron Valiant|ability: Quark Drive|[fromitem]
|-start|p2a: Iron Valiant|quarkdrivespe
|turn|7
|
|t:|1769396219
|move|p2a: Iron Valiant|Spirit Break|p1a: Iron Jugulis
|-supereffective|p1a: Iron Jugulis
|-crit|p1a: Iron Jugulis
|-damage|p1a: Iron Jugulis|0 fnt
|faint|p1a: Iron Jugulis
|-end|p1a: Iron Jugulis|Quark Drive|[silent]
|
|upkeep
|
|t:|1769396220
|switch|p1a: Glimmora|Glimmora, M|100/100
|-sideend|p1: Iznamakin|move: Toxic Spikes|[of] p1a: Glimmora
|turn|8
|
|t:|1769396234
|-end|p2a: Iron Valiant|Quark Drive|[silent]
|switch|p2a: Landorus|Landorus-Therian, M|47/100
|-ability|p2a: Landorus|Intimidate|boost
|-unboost|p1a: Glimmora|atk|1
|move|p1a: Glimmora|Sludge Wave|p2a: Landorus
|-resisted|p2a: Landorus
|-damage|p2a: Landorus|24/100
|
|upkeep
|turn|9
|
|t:|1769396243
|move|p2a: Landorus|Earthquake|p1a: Glimmora
|-supereffective|p1a: Glimmora
|-enditem|p1a: Glimmora|Focus Sash
|-damage|p1a: Glimmora|1/100
|-activate|p1a: Glimmora|ability: Toxic Debris
|-sidestart|p2: bsp1|move: Toxic Spikes
|move|p1a: Glimmora|Power Gem|p2a: Landorus
|-damage|p2a: Landorus|0 fnt
|faint|p2a: Landorus
|
|upkeep
|j| Nitro611
|
|t:|1769396266
|switch|p2a: Iron Valiant|Iron Valiant|100/100
|-status|p2a: Iron Valiant|psn
|turn|10
|
|t:|1769396270
|move|p2a: Iron Valiant|Spirit Break|p1a: Glimmora
|-resisted|p1a: Glimmora
|-damage|p1a: Glimmora|0 fnt
|-activate|p1a: Glimmora|ability: Toxic Debris
|-sidestart|p2: bsp1|move: Toxic Spikes
|faint|p1a: Glimmora
|
|-damage|p2a: Iron Valiant|88/100 psn|[from] psn
|upkeep
|
|t:|1769396278
|switch|p1a: Greninja|Greninja, M|100/100
|turn|11
|
|t:|1769396290
|move|p1a: Greninja|Dark Pulse|p2a: Iron Valiant
|-resisted|p2a: Iron Valiant
|-damage|p2a: Iron Valiant|69/100 psn
|-damage|p1a: Greninja|91/100|[from] item: Life Orb
|cant|p2a: Iron Valiant|flinch
|
|-damage|p2a: Iron Valiant|57/100 psn|[from] psn
|upkeep
|turn|12
|
|t:|1769396301
|-end|p2a: Iron Valiant|Quark Drive|[silent]
|switch|p2a: Dragapult|Dragapult, M|100/100
|-status|p2a: Dragapult|tox
|move|p1a: Greninja|Dark Pulse|p2a: Dragapult
|-supereffective|p2a: Dragapult
|-damage|p2a: Dragapult|0 fnt
|faint|p2a: Dragapult
|-ability|p1a: Greninja|Battle Bond|boost
|-boost|p1a: Greninja|atk|1
|-boost|p1a: Greninja|spa|1
|-boost|p1a: Greninja|spe|1
|-activate|p1a: Greninja|ability: Battle Bond
|-damage|p1a: Greninja|81/100|[from] item: Life Orb
|
|upkeep
|
|t:|1769396315
|switch|p2a: Ogerpon|Ogerpon-Wellspring, F|100/100
|-status|p2a: Ogerpon|tox
|turn|13
|
|t:|1769396317
|-terastallize|p2a: Ogerpon|Water
|detailschange|p2a: Ogerpon|Ogerpon-Wellspring-Tera, F, tera:Water
|-ability|p2a: Ogerpon|Embody Aspect (Wellspring)|boost
|-boost|p2a: Ogerpon|spd|1
|move|p1a: Greninja|Dark Pulse|p2a: Ogerpon
|-damage|p2a: Ogerpon|46/100 tox
|-damage|p1a: Greninja|71/100|[from] item: Life Orb
|move|p2a: Ogerpon|Horn Leech|p1a: Greninja
|-supereffective|p1a: Greninja
|-damage|p1a: Greninja|0 fnt
|-heal|p2a: Ogerpon|79/100 tox|[from] drain|[of] p1a: Greninja
|faint|p1a: Greninja
|
|-damage|p2a: Ogerpon|73/100 tox|[from] psn
|upkeep
|
|t:|1769396327
|switch|p1a: Kingambit|Kingambit, F|100/100
|-activate|p1a: Kingambit|ability: Supreme Overlord
|-start|p1a: Kingambit|fallen4|[silent]
|turn|14
|
|t:|1769396333
|switch|p2a: Iron Valiant|Iron Valiant|57/100 psn
|move|p1a: Kingambit|Iron Head|p2a: Iron Valiant
|-supereffective|p2a: Iron Valiant
|-damage|p2a: Iron Valiant|0 fnt
|faint|p2a: Iron Valiant
|-end|p2a: Iron Valiant|Quark Drive|[silent]
|
|upkeep
|j| Majic PokeTester
|
|t:|1769396336
|switch|p2a: Ogerpon|Ogerpon-Wellspring-Tera, F, tera:Water|73/100 tox
|-ability|p2a: Ogerpon|Embody Aspect (Wellspring)|boost
|-boost|p2a: Ogerpon|spd|1
|turn|15
|
|t:|1769396343
|move|p2a: Ogerpon|Ivy Cudgel|p1a: Kingambit|[anim] Ivy Cudgel Water
|-crit|p1a: Kingambit
|-damage|p1a: Kingambit|2/100
|move|p1a: Kingambit|Iron Head|p2a: Ogerpon
|-resisted|p2a: Ogerpon
|-damage|p2a: Ogerpon|29/100 tox
|
|-heal|p1a: Kingambit|8/100|[from] item: Leftovers
|-damage|p2a: Ogerpon|23/100 tox|[from] psn
|upkeep
|turn|16
|
|t:|1769396349
|move|p2a: Ogerpon|Horn Leech|p1a: Kingambit
|-resisted|p1a: Kingambit
|-crit|p1a: Kingambit
|-damage|p1a: Kingambit|0 fnt
|-heal|p2a: Ogerpon|27/100 tox|[from] drain|[of] p1a: Kingambit
|faint|p1a: Kingambit
|-end|p1a: Kingambit|fallen4|[silent]
|
|-damage|p2a: Ogerpon|15/100 tox|[from] psn
|upkeep
|l| hua_hua0_0
|
|t:|1769396350
|switch|p1a: Iron Moth|Iron Moth|100/100
|-enditem|p1a: Iron Moth|Booster Energy
|-activate|p1a: Iron Moth|ability: Quark Drive|[fromitem]
|-start|p1a: Iron Moth|quarkdrivespe
|turn|17
|
|t:|1769396360
|move|p1a: Iron Moth|Sludge Wave|p2a: Ogerpon
|-damage|p2a: Ogerpon|0 fnt
|faint|p2a: Ogerpon
|detailschange|p2: Ogerpon|Ogerpon-Wellspring, F|[silent]
|
|win|Iznamakin
|raw|Iznamakin's rating: 1799 &rarr; <strong>1820</strong><br />(+21 for winning)
|raw|bsp1's rating: 1811 &rarr; <strong>1790</strong><br />(-21 for losing)
|l|☆Iznamakin
|player|p1|
|l|☆bsp1
|player|p2|
