|j|☆the russian
|j|☆mash13
|t:|1769404072
|gametype|singles
|player|p1|the russian|170|1171
|player|p2|mash13|pokemaniac|1163
|gen|9
|tier|[Gen 9] OU
|rated|
|rule|HP Percentage Mod: HP is shown in percentages
|rule|Endless Battle Clause: Forcing endless battles is banned
|rule|Species Clause: Limit one of each Pokémon
|rule|OHKO Clause: OHKO moves are banned
|rule|Evasion Items Clause: Evasion items are banned
|rule|Evasion Moves Clause: Evasion moves are banned
|rule|Evasion Abilities Clause: Evasion abilities are banned
|rule|Sleep Moves Clause: Sleep-inducing moves are banned
|clearpoke
|poke|p1|Garchomp, F|
|poke|p1|Milotic, F|
|poke|p1|Metagross|
|poke|p1|Chesnaught, M|
|poke|p1|Glimmora, M|
|poke|p1|Moltres|
|poke|p2|Hoopa-Unbound|
|poke|p2|Slowking-Galar, F|
|poke|p2|Alomomola, F|
|poke|p2|Zamazenta-*|
|poke|p2|Great Tusk|
|poke|p2|Kingambit, F|
|teampreview
|inactive|Battle timer is ON: inactive players will automatically lose when time's up. (requested by mash13)
|
|t:|1769404093
|teamsize|p1|6
|teamsize|p2|6
|start
|switch|p1a: Garchomp|Garchomp, F|100/100
|switch|p2a: Slowking|Slowking-Galar, F|100/100
|turn|1
|
|t:|1769404111
|-terastallize|p2a: Slowking|Water
|move|p1a: Garchomp|Spikes|p2a: Slowking
|-sidestart|p2: mash13|Spikes
|move|p2a: Slowking|Ice Beam|p1a: Garchomp
|-supereffective|p1a: Garchomp
|-damage|p1a: Garchomp|1/100
|
|upkeep
|turn|2
|
|t:|1769404119
|switch|p1a: Metagross|Metagross|100/100
|move|p2a: Slowking|Ice Beam|p1a: Metagross
|-resisted|p1a: Metagross
|-damage|p1a: Metagross|88/100
|
|upkeep
|turn|3
|
|t:|1769404130
|switch|p1a: Chesnaught|Chesnaught, M|100/100
|-prepare|p2a: Slowking|Chilly Reception|[premajor]
|move|p2a: Slowking|Chilly Reception|p2a: Slowking
|-weather|Snowscape
|
|t:|1769404141
|switch|p2a: Hoopa|Hoopa-Unbound|100/100|[from] Chilly Reception
|-damage|p2a: Hoopa|88/100|[from] Spikes
|
|-weather|Snowscape|[upkeep]
|upkeep
|turn|4
|
|t:|1769404152
|move|p2a: Hoopa|Zen Headbutt|p1a: Chesnaught
|-supereffective|p1a: Chesnaught
|-damage|p1a: Chesnaught|0 fnt
|faint|p1a: Chesnaught
|
|-weather|Snowscape|[upkeep]
|upkeep
|
|t:|1769404163
|switch|p1a: Garchomp|Garchomp, F|1/100
|turn|5
|
|t:|1769404169
|move|p1a: Garchomp|Earthquake|p2a: Hoopa
|-damage|p2a: Hoopa|0 fnt
|faint|p2a: Hoopa
|
|-weather|Snowscape|[upkeep]
|upkeep
|
|t:|1769404185
|switch|p2a: Slowking|Slowking-Galar, F, tera:Water|100/100
|turn|6
|
|t:|1769404212
|switch|p1a: Metagross|Metagross|88/100
|move|p2a: Slowking|Future Sight|p1a: Metagross
|-start|p2a: Slowking|move: Future Sight
|
|-weather|Snowscape|[upkeep]
|upkeep
|turn|7
|inactive|the russian has 120 seconds left.
|
|t:|1769404241
|move|p1a: Metagross|Psychic Fangs|p2a: Slowking
|-damage|p2a: Slowking|51/100
|-prepare|p2a: Slowking|Chilly Reception|[premajor]
|move|p2a: Slowking|Chilly Reception|p2a: Slowking
|
|t:|1769404249
|switch|p2a: Great Tusk|Great Tusk|100/100|[from] Chilly Reception
|
|-weather|none
|upkeep
|turn|8
|inactive|the russian has 120 seconds left.
|
|t:|1769404255
|switch|p1a: Moltres|Moltres|100/100
|move|p2a: Great Tusk|Rapid Spin|p1a: Moltres
|-damage|p1a: Moltres|85/100
|-boost|p2a: Great Tusk|spe|1
|-status|p2a: Great Tusk|brn|[from] ability: Flame Body|[of] p1a: Moltres
|-sideend|p2: mash13|Spikes|[from] move: Rapid Spin|[of] p2a: Great Tusk
|
|-end|p1a: Moltres|move: Future Sight
|-damage|p1a: Moltres|41/100
|-damage|p2a: Great Tusk|94/100 brn|[from] brn
|upkeep
|turn|9
|
|t:|1769404269
|move|p2a: Great Tusk|Stealth Rock|p1a: Moltres
|-sidestart|p1: the russian|move: Stealth Rock
|move|p1a: Moltres|Roost|p1a: Moltres
|-heal|p1a: Moltres|91/100
|-singleturn|p1a: Moltres|move: Roost
|
|-damage|p2a: Great Tusk|88/100 brn|[from] brn
|upkeep
|turn|10
|
|t:|1769404281
|-end|p2a: Great Tusk|Protosynthesis|[silent]
|switch|p2a: Slowking|Slowking-Galar, F, tera:Water|84/100
|move|p1a: Moltres|Hurricane|p2a: Slowking|[miss]
|-miss|p1a: Moltres|p2a: Slowking
|
|upkeep
|turn|11
|
|t:|1769404287
|move|p1a: Moltres|Hurricane|p2a: Slowking
|-damage|p2a: Slowking|50/100
|move|p2a: Slowking|Future Sight|p1a: Moltres
|-start|p2a: Slowking|move: Future Sight
|
|upkeep
|turn|12
|
|t:|1769404297
|switch|p1a: Glimmora|Glimmora, M|100/100
|-damage|p1a: Glimmora|88/100|[from] Stealth Rock
|-prepare|p2a: Slowking|Chilly Reception|[premajor]
|move|p2a: Slowking|Chilly Reception|p2a: Slowking
|-weather|Snowscape
|
|t:|1769404310
|switch|p2a: Great Tusk|Great Tusk|88/100 brn|[from] Chilly Reception
|
|-weather|Snowscape|[upkeep]
|-damage|p2a: Great Tusk|82/100 brn|[from] brn
|upkeep
|turn|13
|inactive|the russian has 120 seconds left.
|
|t:|1769404342
|move|p1a: Glimmora|Dazzling Gleam|p2a: Great Tusk
|-supereffective|p2a: Great Tusk
|-damage|p2a: Great Tusk|0 fnt
|faint|p2a: Great Tusk
|-end|p2a: Great Tusk|Protosynthesis|[silent]
|
|-weather|Snowscape|[upkeep]
|-end|p1a: Glimmora|move: Future Sight
|-supereffective|p1a: Glimmora
|-damage|p1a: Glimmora|0 fnt
|faint|p1a: Glimmora
|upkeep
|inactive|the russian has 120 seconds left.
|
|t:|1769404365
|switch|p2a: Slowking|Slowking-Galar, F, tera:Water|83/100
|switch|p1a: Metagross|Metagross|88/100
|-damage|p1a: Metagross|82/100|[from] Stealth Rock
|turn|14
|
|t:|1769404389
|move|p1a: Metagross|Psychic Fangs|p2a: Slowking
|-damage|p2a: Slowking|30/100
|move|p2a: Slowking|Future Sight|p1a: Metagross
|-start|p2a: Slowking|move: Future Sight
|
|-weather|Snowscape|[upkeep]
|upkeep
|turn|15
|inactive|the russian has 120 seconds left.
|
|t:|1769404401
|switch|p2a: Alomomola|Alomomola, F|100/100
|move|p1a: Metagross|Earthquake|p2a: Alomomola
|-damage|p2a: Alomomola|78/100
|
|-weather|Snowscape|[upkeep]
|upkeep
|turn|16
|inactive|the russian has 120 seconds left.
|
|t:|1769404411
|move|p1a: Metagross|Psychic Fangs|p2a: Alomomola
|-damage|p2a: Alomomola|48/100
|move|p2a: Alomomola|Wish|p2a: Alomomola
|
|-weather|none
|-end|p1a: Metagross|move: Future Sight
|-resisted|p1a: Metagross
|-damage|p1a: Metagross|70/100
|upkeep
|turn|17
|
|t:|1769404421
|switch|p1a: Moltres|Moltres|91/100
|move|p2a: Alomomola|Tickle|p1a: Moltres
|-unboost|p1a: Moltres|atk|1
|-unboost|p1a: Moltres|def|1
|
|-heal|p2a: Alomomola|98/100|[from] move: Wish|[wisher] Alomomola
|upkeep
|turn|18
|
|t:|1769404429
|move|p1a: Moltres|Hurricane|p2a: Alomomola
|-damage|p2a: Alomomola|44/100
|move|p2a: Alomomola|Wish|p2a: Alomomola
|
|upkeep
|turn|19
|
|t:|1769404442
|switch|p2a: Zamazenta|Zamazenta|100/100
|-ability|p2a: Zamazenta|Dauntless Shield|boost
|-boost|p2a: Zamazenta|def|1
|move|p1a: Moltres|Hurricane|p2a: Zamazenta
|-supereffective|p2a: Zamazenta
|-damage|p2a: Zamazenta|0 fnt
|faint|p2a: Zamazenta
|
|upkeep
|
|t:|1769404451
|switch|p2a: Slowking|Slowking-Galar, F, tera:Water|63/100
|turn|20
|
|t:|1769404458
|move|p1a: Moltres|Hurricane|p2a: Slowking
|-damage|p2a: Slowking|27/100
|-start|p2a: Slowking|confusion
|-activate|p2a: Slowking|confusion
|move|p2a: Slowking|Ice Beam|p1a: Moltres
|-damage|p1a: Moltres|66/100
|
|upkeep
|turn|21
|
|t:|1769404466
|switch|p2a: Alomomola|Alomomola, F|78/100
|move|p1a: Moltres|Hurricane|p2a: Alomomola
|-damage|p2a: Alomomola|21/100
|
|upkeep
|turn|22
|
|t:|1769404477
|switch|p2a: Slowking|Slowking-Galar, F, tera:Water|61/100
|move|p1a: Moltres|Hurricane|p2a: Slowking
|-crit|p2a: Slowking
|-damage|p2a: Slowking|10/100
|
|upkeep
|turn|23
|-message|mash13 forfeited.
|
|win|the russian
|raw|the russian's rating: 1171 &rarr; <strong>1195</strong><br />(+24 for winning)
|raw|mash13's rating: 1163 &rarr; <strong>1139</strong><br />(-24 for losing)
|l|☆mash13
|player|p2|
|l|☆the russian
|player|p1|
