|j|☆cdscdsdabears
|j|☆raiz mortal
|t:|1769440525
|gametype|singles
|player|p1|cdscdsdabears|lucas-gen4pt|1259
|player|p2|raiz mortal|169|1325
|gen|9
|tier|[Gen 9] OU
|rated|
|rule|HP Percentage Mod: HP is shown in percentages
|rule|Endless Battle Clause: Forcing endless battles is banned
|rule|Species Clause: Limit one of each Pokémon
|rule|OHKO Clause: OHKO moves are banned
|rule|Evasion Items Clause: Evasion items are banned
|rule|Evasion Moves Clause: Evasion moves are banned
|rule|Evasion Abilities Clause: Evasion abilities are banned
|rule|Sleep Moves Clause: Sleep-inducing moves are banned
|clearpoke
|poke|p1|Landorus-Therian, M|
|poke|p1|Zarude-Dada|
|poke|p1|Iron Crown|
|poke|p1|Pecharunt|
|poke|p1|Great Tusk|
|poke|p1|Iron Valiant|
|poke|p2|Skarmory, F|
|poke|p2|Latias, F|
|poke|p2|Gliscor, M|
|poke|p2|Darkrai|
|poke|p2|Toxapex, M|
|poke|p2|Trevenant, M|
|teampreview
|inactive|Battle timer is ON: inactive players will automatically lose when time's up. (requested by raiz mortal)
|
|t:|1769440541
|teamsize|p1|6
|teamsize|p2|6
|start
|switch|p1a: Landorus|Landorus-Therian, M|100/100
|switch|p2a: Gliscor|Gliscor, M|100/100
|-ability|p1a: Landorus|Intimidate|boost
|-unboost|p2a: Gliscor|atk|1
|turn|1
|
|t:|1769440547
|move|p1a: Landorus|Taunt|p2a: Gliscor
|-start|p2a: Gliscor|move: Taunt
|cant|p2a: Gliscor|move: Taunt|Toxic
|
|-status|p2a: Gliscor|tox|[from] item: Toxic Orb
|upkeep
|turn|2
|
|t:|1769440554
|switch|p2a: Skarmory|Skarmory, F|100/100
|move|p1a: Landorus|Stealth Rock|p2a: Skarmory
|-sidestart|p2: raiz mortal|move: Stealth Rock
|
|upkeep
|turn|3
|
|t:|1769440558
|move|p1a: Landorus|Taunt|p2a: Skarmory
|-start|p2a: Skarmory|move: Taunt
|cant|p2a: Skarmory|move: Taunt|Stealth Rock
|
|upkeep
|turn|4
|
|t:|1769440566
|switch|p2a: Gliscor|Gliscor, M|100/100 tox
|-damage|p2a: Gliscor|88/100 tox|[from] Stealth Rock
|move|p1a: Landorus|U-turn|p2a: Gliscor
|-resisted|p2a: Gliscor
|-damage|p2a: Gliscor|81/100 tox
|
|t:|1769440579
|switch|p1a: Iron Valiant|Iron Valiant|100/100|[from] U-turn
|
|-heal|p2a: Gliscor|94/100 tox|[from] ability: Poison Heal
|upkeep
|turn|5
|
|t:|1769440585
|move|p1a: Iron Valiant|Moonblast|p2a: Gliscor
|-damage|p2a: Gliscor|32/100 tox
|move|p2a: Gliscor|Toxic|p1a: Iron Valiant
|-status|p1a: Iron Valiant|tox
|
|-damage|p1a: Iron Valiant|94/100 tox|[from] psn
|-heal|p2a: Gliscor|45/100 tox|[from] ability: Poison Heal
|upkeep
|turn|6
|
|t:|1769440593
|move|p2a: Gliscor|Protect|p2a: Gliscor
|-singleturn|p2a: Gliscor|Protect
|move|p1a: Iron Valiant|Moonblast|p2a: Gliscor
|-activate|p2a: Gliscor|move: Protect
|
|-damage|p1a: Iron Valiant|82/100 tox|[from] psn
|-heal|p2a: Gliscor|57/100 tox|[from] ability: Poison Heal
|upkeep
|turn|7
|
|t:|1769440602
|-end|p1a: Iron Valiant|Quark Drive|[silent]
|switch|p1a: Great Tusk|Great Tusk|100/100
|switch|p2a: Skarmory|Skarmory, F|100/100
|-damage|p2a: Skarmory|88/100|[from] Stealth Rock
|
|-heal|p2a: Skarmory|94/100|[from] item: Leftovers
|upkeep
|turn|8
|inactive|cdscdsdabears has 120 seconds left.
|
|t:|1769440643
|-end|p1a: Great Tusk|Protosynthesis|[silent]
|switch|p1a: Iron Crown|Iron Crown|100/100
|move|p2a: Skarmory|Stealth Rock|p1a: Iron Crown
|-sidestart|p1: cdscdsdabears|move: Stealth Rock
|
|-heal|p2a: Skarmory|99/100|[from] item: Leftovers
|upkeep
|turn|9
|
|t:|1769440664
|move|p1a: Iron Crown|Volt Switch|p2a: Skarmory
|-supereffective|p2a: Skarmory
|-damage|p2a: Skarmory|48/100
|inactive|cdscdsdabears has 120 seconds left.
|
|t:|1769440672
|-end|p1a: Iron Crown|Quark Drive|[silent]
|switch|p1a: Great Tusk|Great Tusk|100/100|[from] Volt Switch
|move|p2a: Skarmory|Spikes|p1a: Great Tusk
|-sidestart|p1: cdscdsdabears|Spikes
|
|-heal|p2a: Skarmory|53/100|[from] item: Leftovers
|upkeep
|turn|10
|
|t:|1769440678
|switch|p2a: Trevenant|Trevenant, M|100/100
|-damage|p2a: Trevenant|88/100|[from] Stealth Rock
|move|p1a: Great Tusk|Rapid Spin|p2a: Trevenant
|-immune|p2a: Trevenant
|
|upkeep
|turn|11
|
|t:|1769440687
|-end|p1a: Great Tusk|Protosynthesis|[silent]
|switch|p1a: Pecharunt|Pecharunt|100/100
|move|p2a: Trevenant|Toxic|p1a: Pecharunt
|-immune|p1a: Pecharunt
|
|upkeep
|turn|12
|
|t:|1769440698
|switch|p2a: Gliscor|Gliscor, M|57/100 tox
|-damage|p2a: Gliscor|45/100 tox|[from] Stealth Rock
|move|p1a: Pecharunt|Shadow Ball|p2a: Gliscor
|-damage|p2a: Gliscor|22/100 tox
|
|-heal|p2a: Gliscor|34/100 tox|[from] ability: Poison Heal
|upkeep
|turn|13
|
|t:|1769440714
|move|p2a: Gliscor|Spikes|p1a: Pecharunt
|-sidestart|p1: cdscdsdabears|Spikes
|move|p1a: Pecharunt|Parting Shot|p2a: Gliscor
|-unboost|p2a: Gliscor|atk|1
|-unboost|p2a: Gliscor|spa|1
|
|t:|1769440719
|switch|p1a: Great Tusk|Great Tusk|100/100|[from] Parting Shot
|
|-heal|p2a: Gliscor|47/100 tox|[from] ability: Poison Heal
|upkeep
|turn|14
|
|t:|1769440725
|move|p2a: Gliscor|Protect|p2a: Gliscor
|-singleturn|p2a: Gliscor|Protect
|move|p1a: Great Tusk|Ice Spinner|p2a: Gliscor
|-activate|p2a: Gliscor|move: Protect
|
|-heal|p2a: Gliscor|59/100 tox|[from] ability: Poison Heal
|upkeep
|turn|15
|
|t:|1769440733
|switch|p2a: Trevenant|Trevenant, M|88/100
|-damage|p2a: Trevenant|76/100|[from] Stealth Rock
|move|p1a: Great Tusk|Rapid Spin|p2a: Trevenant
|-immune|p2a: Trevenant
|
|upkeep
|turn|16
|
|t:|1769440746
|-end|p1a: Great Tusk|Protosynthesis|[silent]
|switch|p1a: Zarude|Zarude-Dada|100/100
|move|p2a: Trevenant|Leech Seed|p1a: Zarude
|-immune|p1a: Zarude
|
|upkeep
|turn|17
|
|t:|1769440753
|move|p1a: Zarude|Swords Dance|p1a: Zarude
|-boost|p1a: Zarude|atk|2
|move|p2a: Trevenant|Toxic|p1a: Zarude
|-status|p1a: Zarude|tox
|
|-damage|p1a: Zarude|95/100 tox|[from] psn
|upkeep
|turn|18
|
|t:|1769440765
|switch|p2a: Skarmory|Skarmory, F|53/100
|-damage|p2a: Skarmory|41/100|[from] Stealth Rock
|move|p1a: Zarude|Knock Off|p2a: Skarmory
|-damage|p2a: Skarmory|0 fnt
|-enditem|p2a: Skarmory|Leftovers|[from] move: Knock Off|[of] p1a: Zarude
|faint|p2a: Skarmory
|
|-damage|p1a: Zarude|83/100 tox|[from] psn
|upkeep
|
|t:|1769440775
|switch|p2a: Toxapex|Toxapex, M|100/100
|-damage|p2a: Toxapex|88/100|[from] Stealth Rock
|turn|19
|
|t:|1769440782
|move|p2a: Toxapex|Protect|p2a: Toxapex
|-singleturn|p2a: Toxapex|Protect
|move|p1a: Zarude|Knock Off|p2a: Toxapex
|-activate|p2a: Toxapex|move: Protect
|
|-heal|p2a: Toxapex|94/100|[from] item: Black Sludge
|-damage|p1a: Zarude|65/100 tox|[from] psn
|upkeep
|turn|20
|
|t:|1769440789
|move|p1a: Zarude|Jungle Healing|p1a: Zarude
|-heal|p1a: Zarude|90/100 tox
|-curestatus|p1a: Zarude|tox|[msg]
|move|p2a: Toxapex|Haze|p2a: Toxapex
|-clearallboost
|
|-heal|p2a: Toxapex|100/100|[from] item: Black Sludge
|upkeep
|turn|21
|
|t:|1769440798
|move|p1a: Zarude|Swords Dance|p1a: Zarude
|-boost|p1a: Zarude|atk|2
|move|p2a: Toxapex|Toxic|p1a: Zarude
|-status|p1a: Zarude|tox
|
|-damage|p1a: Zarude|84/100 tox|[from] psn
|upkeep
|turn|22
|
|t:|1769440808
|move|p1a: Zarude|Swords Dance|p1a: Zarude
|-boost|p1a: Zarude|atk|2
|move|p2a: Toxapex|Haze|p2a: Toxapex
|-clearallboost
|
|-damage|p1a: Zarude|72/100 tox|[from] psn
|upkeep
|turn|23
|
|t:|1769440826
|switch|p2a: Darkrai|Darkrai|100/100
|-damage|p2a: Darkrai|88/100|[from] Stealth Rock
|move|p1a: Zarude|Jungle Healing|p1a: Zarude
|-heal|p1a: Zarude|97/100 tox
|-curestatus|p1a: Zarude|tox|[msg]
|
|upkeep
|turn|24
|
|t:|1769440838
|switch|p1a: Pecharunt|Pecharunt|100/100
|move|p2a: Darkrai|Trick|p1a: Pecharunt
|-activate|p2a: Darkrai|move: Trick|[of] p1a: Pecharunt
|-item|p1a: Pecharunt|Choice Specs|[from] move: Trick
|-item|p2a: Darkrai|Heavy-Duty Boots|[from] move: Trick
|
|upkeep
|turn|25
|
|t:|1769440854
|move|p2a: Darkrai|Nasty Plot|p2a: Darkrai
|-boost|p2a: Darkrai|spa|2
|move|p1a: Pecharunt|Parting Shot|p2a: Darkrai
|-unboost|p2a: Darkrai|atk|1
|-unboost|p2a: Darkrai|spa|1
|
|t:|1769440871
|switch|p1a: Iron Crown|Iron Crown|100/100|[from] Parting Shot
|-damage|p1a: Iron Crown|94/100|[from] Stealth Rock
|-damage|p1a: Iron Crown|78/100|[from] Spikes
|
|upkeep
|turn|26
|
|t:|1769440879
|move|p2a: Darkrai|Dark Pulse|p1a: Iron Crown
|-supereffective|p1a: Iron Crown
|-damage|p1a: Iron Crown|0 fnt
|faint|p1a: Iron Crown
|-end|p1a: Iron Crown|Quark Drive|[silent]
|
|upkeep
|
|t:|1769440884
|switch|p1a: Great Tusk|Great Tusk|100/100
|turn|27
|
|t:|1769440893
|switch|p2a: Trevenant|Trevenant, M|76/100
|-damage|p2a: Trevenant|64/100|[from] Stealth Rock
|-terastallize|p1a: Great Tusk|Steel
|move|p1a: Great Tusk|Close Combat|p2a: Trevenant
|-immune|p2a: Trevenant
|
|upkeep
|turn|28
|
|t:|1769440907
|-end|p1a: Great Tusk|Protosynthesis|[silent]
|switch|p1a: Zarude|Zarude-Dada|97/100
|move|p2a: Trevenant|Leech Seed|p1a: Zarude
|-immune|p1a: Zarude
|
|upkeep
|turn|29
|inactive|raiz mortal has 120 seconds left.
|
|t:|1769440943
|move|p1a: Zarude|Knock Off|p2a: Trevenant
|-supereffective|p2a: Trevenant
|-damage|p2a: Trevenant|0 fnt
|-enditem|p2a: Trevenant|Sitrus Berry|[from] move: Knock Off|[of] p1a: Zarude
|faint|p2a: Trevenant
|
|upkeep
|
|t:|1769440949
|switch|p2a: Darkrai|Darkrai|88/100
|turn|30
|
|t:|1769440955
|move|p2a: Darkrai|Nasty Plot|p2a: Darkrai
|-boost|p2a: Darkrai|spa|2
|move|p1a: Zarude|Power Whip|p2a: Darkrai
|-damage|p2a: Darkrai|5/100
|
|upkeep
|turn|31
|
|t:|1769440979
|switch|p1a: Pecharunt|Pecharunt|100/100
|-damage|p1a: Pecharunt|88/100|[from] Stealth Rock
|-damage|p1a: Pecharunt|72/100|[from] Spikes
|move|p2a: Darkrai|Focus Blast|p1a: Pecharunt
|-immune|p1a: Pecharunt
|
|upkeep
|turn|32
|
|t:|1769440987
|move|p2a: Darkrai|Dark Pulse|p1a: Pecharunt
|-supereffective|p1a: Pecharunt
|-damage|p1a: Pecharunt|0 fnt
|faint|p1a: Pecharunt
|
|upkeep
|
|t:|1769440990
|switch|p1a: Iron Valiant|Iron Valiant|82/100 tox
|-damage|p1a: Iron Valiant|76/100 tox|[from] Stealth Rock
|-damage|p1a: Iron Valiant|59/100 tox|[from] Spikes
|turn|33
|
|t:|1769441003
|move|p1a: Iron Valiant|Vacuum Wave|p2a: Darkrai
|-supereffective|p2a: Darkrai
|-damage|p2a: Darkrai|0 fnt
|faint|p2a: Darkrai
|
|-damage|p1a: Iron Valiant|53/100 tox|[from] psn
|upkeep
|
|t:|1769441010
|switch|p2a: Gliscor|Gliscor, M|59/100 tox
|-damage|p2a: Gliscor|47/100 tox|[from] Stealth Rock
|turn|34
|
|t:|1769441015
|-end|p1a: Iron Valiant|Quark Drive|[silent]
|switch|p1a: Landorus|Landorus-Therian, M|100/100
|-damage|p1a: Landorus|88/100|[from] Stealth Rock
|-ability|p1a: Landorus|Intimidate|boost
|-unboost|p2a: Gliscor|atk|1
|move|p2a: Gliscor|Toxic|p1a: Landorus
|-status|p1a: Landorus|tox
|
|-damage|p1a: Landorus|82/100 tox|[from] psn
|-heal|p2a: Gliscor|59/100 tox|[from] ability: Poison Heal
|upkeep
|turn|35
|
|t:|1769441027
|move|p1a: Landorus|Taunt|p2a: Gliscor
|-start|p2a: Gliscor|move: Taunt
|cant|p2a: Gliscor|move: Taunt|Spikes
|
|-damage|p1a: Landorus|70/100 tox|[from] psn
|-heal|p2a: Gliscor|72/100 tox|[from] ability: Poison Heal
|upkeep
|turn|36
|
|t:|1769441042
|switch|p2a: Latias|Latias, F|100/100
|-damage|p2a: Latias|88/100|[from] Stealth Rock
|move|p1a: Landorus|U-turn|p2a: Latias
|-supereffective|p2a: Latias
|-damage|p2a: Latias|55/100
|
|t:|1769441048
|switch|p1a: Great Tusk|Great Tusk, tera:Steel|100/100|[from] U-turn
|
|upkeep
|turn|37
|
|t:|1769441056
|move|p1a: Great Tusk|Rapid Spin|p2a: Latias
|-damage|p2a: Latias|38/100
|-boost|p1a: Great Tusk|spe|1
|-sideend|p1: cdscdsdabears|Spikes|[from] move: Rapid Spin|[of] p1a: Great Tusk
|-sideend|p1: cdscdsdabears|Stealth Rock|[from] move: Rapid Spin|[of] p1a: Great Tusk
|move|p2a: Latias|Trick|p1a: Great Tusk
|-activate|p2a: Latias|move: Trick|[of] p1a: Great Tusk
|-item|p1a: Great Tusk|Choice Specs|[from] move: Trick
|-item|p2a: Latias|Heavy-Duty Boots|[from] move: Trick
|
|upkeep
|turn|38
|
|t:|1769441067
|move|p1a: Great Tusk|Ice Spinner|p2a: Latias
|-supereffective|p2a: Latias
|-damage|p2a: Latias|0 fnt
|faint|p2a: Latias
|
|upkeep
|
|t:|1769441082
|switch|p2a: Toxapex|Toxapex, M|100/100
|-damage|p2a: Toxapex|88/100|[from] Stealth Rock
|turn|39
|
|t:|1769441090
|move|p1a: Great Tusk|Ice Spinner|p2a: Toxapex
|-resisted|p2a: Toxapex
|-damage|p2a: Toxapex|76/100
|move|p2a: Toxapex|Toxic|p1a: Great Tusk
|-immune|p1a: Great Tusk
|
|-heal|p2a: Toxapex|83/100|[from] item: Black Sludge
|upkeep
|turn|40
|
|t:|1769441101
|-end|p1a: Great Tusk|Protosynthesis|[silent]
|switch|p1a: Zarude|Zarude-Dada|97/100
|move|p2a: Toxapex|Toxic|p1a: Zarude
|-status|p1a: Zarude|tox
|
|-heal|p2a: Toxapex|89/100|[from] item: Black Sludge
|-damage|p1a: Zarude|91/100 tox|[from] psn
|upkeep
|turn|41
|
|t:|1769441116
|move|p1a: Zarude|Knock Off|p2a: Toxapex
|-damage|p2a: Toxapex|49/100
|-enditem|p2a: Toxapex|Black Sludge|[from] move: Knock Off|[of] p1a: Zarude
|move|p2a: Toxapex|Haze|p2a: Toxapex
|-clearallboost
|
|-damage|p1a: Zarude|79/100 tox|[from] psn
|upkeep
|turn|42
|
|t:|1769441124
|move|p1a: Zarude|Swords Dance|p1a: Zarude
|-boost|p1a: Zarude|atk|2
|move|p2a: Toxapex|Recover|p2a: Toxapex
|-heal|p2a: Toxapex|99/100
|
|-damage|p1a: Zarude|61/100 tox|[from] psn
|upkeep
|turn|43
|
|t:|1769441130
|move|p1a: Zarude|Jungle Healing|p1a: Zarude
|-heal|p1a: Zarude|86/100 tox
|-curestatus|p1a: Zarude|tox|[msg]
|move|p2a: Toxapex|Haze|p2a: Toxapex
|-clearallboost
|
|upkeep
|turn|44
|
|t:|1769441138
|move|p1a: Zarude|Power Whip|p2a: Toxapex|[miss]
|-miss|p1a: Zarude|p2a: Toxapex
|move|p2a: Toxapex|Toxic|p1a: Zarude
|-status|p1a: Zarude|tox
|
|-damage|p1a: Zarude|80/100 tox|[from] psn
|upkeep
|turn|45
|
|t:|1769441148
|move|p1a: Zarude|Swords Dance|p1a: Zarude
|-boost|p1a: Zarude|atk|2
|move|p2a: Toxapex|Haze|p2a: Toxapex
|-clearallboost
|
|-damage|p1a: Zarude|68/100 tox|[from] psn
|upkeep
|turn|46
|
|t:|1769441155
|move|p1a: Zarude|Jungle Healing|p1a: Zarude
|-heal|p1a: Zarude|93/100 tox
|-curestatus|p1a: Zarude|tox|[msg]
|move|p2a: Toxapex|Haze|p2a: Toxapex
|-clearallboost
|
|upkeep
|turn|47
|
|t:|1769441185
|move|p1a: Zarude|Power Whip|p2a: Toxapex
|-damage|p2a: Toxapex|50/100
|move|p2a: Toxapex|Haze|p2a: Toxapex
|-clearallboost
|
|upkeep
|turn|48
|
|t:|1769441191
|move|p1a: Zarude|Power Whip|p2a: Toxapex
|-crit|p2a: Toxapex
|-damage|p2a: Toxapex|0 fnt
|faint|p2a: Toxapex
|
|upkeep
|
|t:|1769441196
|switch|p2a: Gliscor|Gliscor, M|72/100 tox
|-damage|p2a: Gliscor|59/100 tox|[from] Stealth Rock
|turn|49
|
|t:|1769441200
|move|p2a: Gliscor|Protect|p2a: Gliscor
|-singleturn|p2a: Gliscor|Protect
|move|p1a: Zarude|Knock Off|p2a: Gliscor
|-activate|p2a: Gliscor|move: Protect
|
|-heal|p2a: Gliscor|72/100 tox|[from] ability: Poison Heal
|upkeep
|turn|50
|
|t:|1769441210
|move|p1a: Zarude|Swords Dance|p1a: Zarude
|-boost|p1a: Zarude|atk|2
|move|p2a: Gliscor|Toxic|p1a: Zarude
|-status|p1a: Zarude|tox
|
|-damage|p1a: Zarude|87/100 tox|[from] psn
|-heal|p2a: Gliscor|84/100 tox|[from] ability: Poison Heal
|upkeep
|turn|51
|c|☆raiz mortal|gg
|c|☆cdscdsdabears|gg
|
|t:|1769441226
|move|p1a: Zarude|Swords Dance|p1a: Zarude
|-boost|p1a: Zarude|atk|2
|move|p2a: Gliscor|Stealth Rock|p1a: Zarude
|-sidestart|p1: cdscdsdabears|move: Stealth Rock
|
|-damage|p1a: Zarude|75/100 tox|[from] psn
|-heal|p2a: Gliscor|97/100 tox|[from] ability: Poison Heal
|upkeep
|turn|52
|
|t:|1769441235
|move|p1a: Zarude|Jungle Healing|p1a: Zarude
|-heal|p1a: Zarude|99/100 tox
|-curestatus|p1a: Zarude|tox|[msg]
|move|p2a: Gliscor|Spikes|p1a: Zarude
|-sidestart|p1: cdscdsdabears|Spikes
|
|-heal|p2a: Gliscor|100/100 tox|[from] ability: Poison Heal
|upkeep
|turn|53
|
|t:|1769441243
|move|p1a: Zarude|Knock Off|p2a: Gliscor
|-damage|p2a: Gliscor|0 fnt
|-enditem|p2a: Gliscor|Toxic Orb|[from] move: Knock Off|[of] p1a: Zarude
|faint|p2a: Gliscor
|
|win|cdscdsdabears
|raw|cdscdsdabears's rating: 1259 &rarr; <strong>1289</strong><br />(+30 for winning)
|raw|raiz mortal's rating: 1325 &rarr; <strong>1301</strong><br />(-24 for losing)
|l|☆cdscdsdabears
|player|p1|
