|j|☆jusanestrategy32
|j|‽epgoat
|t:|1769350365
|gametype|singles
|player|p1|jusanestrategy32|cyrus|1410
|player|p2|epgoat|bugcatcher-gen1|1441
|gen|9
|tier|[Gen 9] OU
|rated|
|rule|HP Percentage Mod: HP is shown in percentages
|rule|Endless Battle Clause: Forcing endless battles is banned
|rule|Species Clause: Limit one of each Pokémon
|rule|OHKO Clause: OHKO moves are banned
|rule|Evasion Items Clause: Evasion items are banned
|rule|Evasion Moves Clause: Evasion moves are banned
|rule|Evasion Abilities Clause: Evasion abilities are banned
|rule|Sleep Moves Clause: Sleep-inducing moves are banned
|clearpoke
|poke|p1|Pelipper, M|
|poke|p1|Barraskewda, M|
|poke|p1|Kingdra, M|
|poke|p1|Forretress, M|
|poke|p1|Ting-Lu|
|poke|p1|Kilowattrel, M|
|poke|p2|Indeedee, M|
|poke|p2|Hatterene, F|
|poke|p2|Ursaluna, F|
|poke|p2|Iron Hands|
|poke|p2|Hoopa-Unbound|
|poke|p2|Mimikyu, F|
|teampreview
|
|t:|1769350392
|teamsize|p1|6
|teamsize|p2|6
|start
|switch|p1a: Barraskewda|Barraskewda, M|100/100
|switch|p2a: Indeedee|Indeedee, M|100/100
|-fieldstart|move: Psychic Terrain|[from] ability: Psychic Surge|[of] p2a: Indeedee
|turn|1
|inactive|Battle timer is ON: inactive players will automatically lose when time's up. (requested by jusanestrategy32)
|inactive|epgoat has 120 seconds left.
|inactive|epgoat has 90 seconds left.
|
|t:|1769350477
|move|p1a: Barraskewda|Flip Turn|p2a: Indeedee
|-damage|p2a: Indeedee|49/100
|
|t:|1769350481
|switch|p1a: Ting-Lu|Ting-Lu|100/100|[from] Flip Turn
|-ability|p1a: Ting-Lu|Vessel of Ruin
|move|p2a: Indeedee|Trick Room|p2a: Indeedee
|-fieldstart|move: Trick Room|[of] p2a: Indeedee
|
|upkeep
|turn|2
|inactive|epgoat has 120 seconds left.
|inactive|epgoat has 90 seconds left.
|
|t:|1769350549
|switch|p2a: Iron Hands|Iron Hands|100/100
|-enditem|p2a: Iron Hands|Booster Energy
|-activate|p2a: Iron Hands|ability: Quark Drive|[fromitem]
|-start|p2a: Iron Hands|quarkdriveatk
|move|p1a: Ting-Lu|Stealth Rock|p2a: Iron Hands
|-sidestart|p2: epgoat|move: Stealth Rock
|
|upkeep
|turn|3
|
|t:|1769350579
|switch|p1a: Forretress|Forretress, M|100/100
|move|p2a: Iron Hands|Close Combat|p1a: Forretress
|-damage|p1a: Forretress|45/100
|-unboost|p2a: Iron Hands|def|1
|-unboost|p2a: Iron Hands|spd|1
|-enditem|p1a: Forretress|Eject Button
|inactive|jusanestrategy32 has 120 seconds left.
|
|t:|1769350593
|switch|p1a: Pelipper|Pelipper, M, shiny|100/100
|-weather|RainDance|[from] ability: Drizzle|[of] p1a: Pelipper
|
|-weather|RainDance|[upkeep]
|upkeep
|turn|4
|inactive|epgoat has 90 seconds left.
|
|t:|1769350628
|switch|p1a: Kilowattrel|Kilowattrel, M|100/100
|move|p2a: Iron Hands|Supercell Slam|p1a: Kilowattrel
|-immune|p1a: Kilowattrel|[from] ability: Volt Absorb
|-damage|p2a: Iron Hands|50/100|[from] supercellslam
|
|-weather|RainDance|[upkeep]
|upkeep
|turn|5
|inactive|jusanestrategy32 has 120 seconds left.
|
|t:|1769350647
|switch|p1a: Forretress|Forretress, M|45/100
|move|p2a: Iron Hands|Ice Punch|p1a: Forretress
|-resisted|p1a: Forretress
|-damage|p1a: Forretress|35/100
|
|-weather|RainDance|[upkeep]
|-fieldend|move: Trick Room
|upkeep
|turn|6
|inactive|epgoat has 90 seconds left.
|inactive|jusanestrategy32 has 120 seconds left.
|
|t:|1769350657
|move|p2a: Iron Hands|Close Combat|p1a: Forretress
|-damage|p1a: Forretress|0 fnt
|-unboost|p2a: Iron Hands|def|1
|-unboost|p2a: Iron Hands|spd|1
|faint|p1a: Forretress
|
|-weather|RainDance|[upkeep]
|upkeep
|inactive|jusanestrategy32 has 120 seconds left.
|
|t:|1769350670
|switch|p1a: Kingdra|Kingdra, M|100/100
|turn|7
|inactive|jusanestrategy32 has 120 seconds left.
|inactive|epgoat has 90 seconds left.
|
|t:|1769350690
|move|p1a: Kingdra|Surf|p2a: Iron Hands
|-damage|p2a: Iron Hands|0 fnt
|faint|p2a: Iron Hands
|-end|p2a: Iron Hands|Quark Drive|[silent]
|
|-weather|RainDance|[upkeep]
|upkeep
|
|t:|1769350694
|switch|p2a: Mimikyu|Mimikyu, F|100/100
|-damage|p2a: Mimikyu|88/100|[from] Stealth Rock
|turn|8
|inactive|jusanestrategy32 has 120 seconds left.
|
|t:|1769350720
|move|p1a: Kingdra|Surf|p2a: Mimikyu
|-activate|p2a: Mimikyu|ability: Disguise
|-damage|p2a: Mimikyu|88/100
|detailschange|p2a: Mimikyu|Mimikyu-Busted, F
|-damage|p2a: Mimikyu|76/100|[from] pokemon: Mimikyu-Busted
|-enditem|p2a: Mimikyu|Red Card|[of] p1a: Kingdra
|drag|p1a: Kilowattrel|Kilowattrel, M|100/100
|move|p2a: Mimikyu|Trick Room|p2a: Mimikyu
|-fieldstart|move: Trick Room|[of] p2a: Mimikyu
|
|-weather|RainDance|[upkeep]
|-fieldend|move: Psychic Terrain
|upkeep
|turn|9
|inactive|epgoat has 90 seconds left.
|
|t:|1769350755
|switch|p2a: Ursaluna|Ursaluna, F|100/100
|-damage|p2a: Ursaluna|94/100|[from] Stealth Rock
|move|p1a: Kilowattrel|Hurricane|p2a: Ursaluna
|-damage|p2a: Ursaluna|54/100
|
|-weather|RainDance|[upkeep]
|-status|p2a: Ursaluna|brn|[from] item: Flame Orb
|upkeep
|turn|10
|inactive|jusanestrategy32 has 90 seconds left.
|
|t:|1769350793
|move|p2a: Ursaluna|Facade|p1a: Kilowattrel
|-crit|p1a: Kilowattrel
|-damage|p1a: Kilowattrel|0 fnt
|faint|p1a: Kilowattrel
|
|-weather|none
|-damage|p2a: Ursaluna|48/100 brn|[from] brn
|upkeep
|
|t:|1769350804
|switch|p1a: Pelipper|Pelipper, M, shiny|100/100
|-weather|RainDance|[from] ability: Drizzle|[of] p1a: Pelipper
|turn|11
|inactive|epgoat has 90 seconds left.
|
|t:|1769350822
|move|p2a: Ursaluna|Facade|p1a: Pelipper
|-damage|p1a: Pelipper|0 fnt
|faint|p1a: Pelipper
|
|-weather|RainDance|[upkeep]
|-damage|p2a: Ursaluna|42/100 brn|[from] brn
|upkeep
|
|t:|1769350838
|switch|p1a: Ting-Lu|Ting-Lu|100/100
|-ability|p1a: Ting-Lu|Vessel of Ruin
|turn|12
|inactive|epgoat has 90 seconds left.
|
|t:|1769350883
|-terastallize|p2a: Ursaluna|Normal
|move|p2a: Ursaluna|Facade|p1a: Ting-Lu
|-damage|p1a: Ting-Lu|13/100
|move|p1a: Ting-Lu|Earthquake|p2a: Ursaluna
|-damage|p2a: Ursaluna|18/100 brn
|
|-weather|RainDance|[upkeep]
|-heal|p1a: Ting-Lu|20/100|[from] item: Leftovers
|-damage|p2a: Ursaluna|12/100 brn|[from] brn
|-fieldend|move: Trick Room
|upkeep
|turn|13
|inactive|jusanestrategy32 has 60 seconds left.
|
|t:|1769350901
|switch|p2a: Indeedee|Indeedee, M|49/100
|-damage|p2a: Indeedee|37/100|[from] Stealth Rock
|-fieldstart|move: Psychic Terrain|[from] ability: Psychic Surge|[of] p2a: Indeedee
|move|p1a: Ting-Lu|Spikes|p2a: Indeedee
|-sidestart|p2: epgoat|Spikes
|
|-weather|RainDance|[upkeep]
|-heal|p1a: Ting-Lu|26/100|[from] item: Leftovers
|upkeep
|turn|14
|inactive|epgoat has 60 seconds left.
|
|t:|1769350921
|move|p1a: Ting-Lu|Earthquake|p2a: Indeedee
|-damage|p2a: Indeedee|0 fnt
|faint|p2a: Indeedee
|
|-weather|RainDance|[upkeep]
|-heal|p1a: Ting-Lu|32/100|[from] item: Leftovers
|upkeep
|inactive|epgoat has 60 seconds left.
|
|t:|1769350926
|switch|p2a: Hoopa|Hoopa-Unbound|100/100
|-damage|p2a: Hoopa|88/100|[from] Stealth Rock
|-damage|p2a: Hoopa|76/100|[from] Spikes
|-enditem|p2a: Hoopa|Psychic Seed
|-boost|p2a: Hoopa|spd|1|[from] item: Psychic Seed
|turn|15
|
|t:|1769350931
|move|p1a: Ting-Lu|Earthquake|p2a: Hoopa
|-damage|p2a: Hoopa|36/100
|move|p2a: Hoopa|Trick Room|p2a: Hoopa
|-fieldstart|move: Trick Room|[of] p2a: Hoopa
|
|-weather|RainDance|[upkeep]
|-heal|p1a: Ting-Lu|38/100|[from] item: Leftovers
|upkeep
|turn|16
|
|t:|1769350951
|move|p1a: Ting-Lu|Earthquake|p2a: Hoopa
|-damage|p2a: Hoopa|0 fnt
|faint|p2a: Hoopa
|
|-weather|RainDance|[upkeep]
|-heal|p1a: Ting-Lu|44/100|[from] item: Leftovers
|upkeep
|
|t:|1769350956
|switch|p2a: Hatterene|Hatterene, F|100/100
|-damage|p2a: Hatterene|88/100|[from] Stealth Rock
|-damage|p2a: Hatterene|76/100|[from] Spikes
|turn|17
|inactive|jusanestrategy32 has 90 seconds left.
|
|t:|1769350963
|-terastallize|p1a: Ting-Lu|Ghost
|move|p2a: Hatterene|Draining Kiss|p1a: Ting-Lu
|-damage|p1a: Ting-Lu|29/100
|-heal|p2a: Hatterene|95/100|[from] drain|[of] p1a: Ting-Lu
|-damage|p2a: Hatterene|85/100|[from] item: Life Orb
|move|p1a: Ting-Lu|Heavy Slam|p2a: Hatterene
|-supereffective|p2a: Hatterene
|-damage|p2a: Hatterene|12/100
|
|-weather|RainDance|[upkeep]
|-heal|p1a: Ting-Lu|35/100|[from] item: Leftovers
|upkeep
|turn|18
|inactive|jusanestrategy32 has 90 seconds left.
|
|t:|1769350976
|move|p2a: Hatterene|Expanding Force|p1a: Ting-Lu
|-damage|p1a: Ting-Lu|0 fnt
|faint|p1a: Ting-Lu
|-damage|p2a: Hatterene|2/100|[from] item: Life Orb
|
|-weather|none
|upkeep
|inactive|jusanestrategy32 has 90 seconds left.
|
|t:|1769350984
|switch|p1a: Kingdra|Kingdra, M|100/100
|turn|19
|
|t:|1769350988
|move|p2a: Hatterene|Draining Kiss|p1a: Kingdra
|-supereffective|p1a: Kingdra
|-damage|p1a: Kingdra|12/100
|-heal|p2a: Hatterene|63/100|[from] drain|[of] p1a: Kingdra
|-damage|p2a: Hatterene|53/100|[from] item: Life Orb
|move|p1a: Kingdra|Surf|p2a: Hatterene
|-damage|p2a: Hatterene|0 fnt
|faint|p2a: Hatterene
|
|-fieldend|move: Trick Room
|upkeep
|
|t:|1769350991
|switch|p2a: Mimikyu|Mimikyu-Busted, F|76/100
|-damage|p2a: Mimikyu|63/100|[from] Stealth Rock
|-damage|p2a: Mimikyu|51/100|[from] Spikes
|turn|20
|
|t:|1769350996
|move|p1a: Kingdra|Surf|p2a: Mimikyu
|-damage|p2a: Mimikyu|0 fnt
|faint|p2a: Mimikyu
|
|-fieldend|move: Psychic Terrain
|upkeep
|-message|epgoat forfeited.
|
|win|jusanestrategy32
|raw|jusanestrategy32's rating: 1410 &rarr; <strong>1430</strong><br />(+20 for winning)
|raw|epgoat's rating: 1404 &rarr; <strong>1384</strong><br />(-20 for losing)
|l|‽epgoat
|player|p2|
|c|☆jusanestrategy32|gg
|l|☆jusanestrategy32
|player|p1|
