|j|☆Scuhbee Fluff
|j|☆rex756w11
|t:|1769413197
|gametype|singles
|player|p1|Scuhbee Fluff|265|1105
|player|p2|rex756w11|palmer|1136
|gen|9
|tier|[Gen 9] OU
|rated|
|rule|HP Percentage Mod: HP is shown in percentages
|rule|Endless Battle Clause: Forcing endless battles is banned
|rule|Species Clause: Limit one of each Pokémon
|rule|OHKO Clause: OHKO moves are banned
|rule|Evasion Items Clause: Evasion items are banned
|rule|Evasion Moves Clause: Evasion moves are banned
|rule|Evasion Abilities Clause: Evasion abilities are banned
|rule|Sleep Moves Clause: Sleep-inducing moves are banned
|clearpoke
|poke|p1|Pelipper, M|
|poke|p1|Vaporeon, F|
|poke|p1|Volcanion|
|poke|p1|Quaquaval, M|
|poke|p1|Zapdos|
|poke|p1|Ogerpon-Wellspring, F|
|poke|p2|Greninja-*, F|
|poke|p2|Revavroom, M|
|poke|p2|Rotom-Mow|
|poke|p2|Incineroar, M|
|poke|p2|Iron Boulder|
|poke|p2|Meowscarada, F|
|teampreview
|inactive|Battle timer is ON: inactive players will automatically lose when time's up. (requested by rex756w11)
|
|t:|1769413207
|teamsize|p1|6
|teamsize|p2|6
|start
|switch|p1a: Toilet|Pelipper, M|100/100
|switch|p2a: Incineroar|Incineroar, M|100/100
|-ability|p2a: Incineroar|Intimidate|boost
|-unboost|p1a: Toilet|atk|1
|-weather|RainDance|[from] ability: Drizzle|[of] p1a: Toilet
|turn|1
|
|t:|1769413219
|switch|p1a: Big Bird|Zapdos|100/100
|move|p2a: Incineroar|Fake Out|p1a: Big Bird
|-damage|p1a: Big Bird|93/100
|-damage|p2a: Incineroar|84/100|[from] item: Rocky Helmet|[of] p1a: Big Bird
|
|-weather|RainDance|[upkeep]
|upkeep
|turn|2
|
|t:|1769413234
|move|p2a: Incineroar|Knock Off|p1a: Big Bird
|-damage|p1a: Big Bird|63/100
|-damage|p2a: Incineroar|68/100|[from] item: Rocky Helmet|[of] p1a: Big Bird
|-status|p2a: Incineroar|par|[from] ability: Static|[of] p1a: Big Bird
|-enditem|p1a: Big Bird|Rocky Helmet|[from] move: Knock Off|[of] p2a: Incineroar
|move|p1a: Big Bird|Hurricane|p2a: Incineroar
|-damage|p2a: Incineroar|35/100 par
|
|-weather|RainDance|[upkeep]
|upkeep
|turn|3
|
|t:|1769413250
|switch|p2a: Greninja|Greninja, F, shiny|100/100
|move|p1a: Big Bird|Roost|p1a: Big Bird
|-heal|p1a: Big Bird|100/100
|-singleturn|p1a: Big Bird|move: Roost
|
|-weather|RainDance|[upkeep]
|upkeep
|turn|4
|
|t:|1769413262
|move|p2a: Greninja|Ice Beam|p1a: Big Bird
|-start|p2a: Greninja|typechange|Ice|[from] ability: Protean
|-supereffective|p1a: Big Bird
|-damage|p1a: Big Bird|11/100
|move|p1a: Big Bird|Discharge|p2a: Greninja
|-damage|p2a: Greninja|55/100
|
|-weather|RainDance|[upkeep]
|upkeep
|turn|5
|
|t:|1769413274
|switch|p1a: Onion|Volcanion|100/100
|move|p2a: Greninja|Ice Beam|p1a: Onion
|-resisted|p1a: Onion
|-damage|p1a: Onion|90/100
|-status|p1a: Onion|frz
|
|-weather|RainDance|[upkeep]
|upkeep
|turn|6
|
|t:|1769413291
|switch|p2a: Rotom|Rotom-Mow|100/100
|-curestatus|p1a: Onion|frz|[from] move: Steam Eruption
|move|p1a: Onion|Steam Eruption|p2a: Rotom
|-resisted|p2a: Rotom
|-damage|p2a: Rotom|20/100
|
|-weather|RainDance|[upkeep]
|-heal|p2a: Rotom|26/100|[from] item: Leftovers
|upkeep
|turn|7
|
|t:|1769413305
|move|p2a: Rotom|Discharge|p1a: Onion
|-supereffective|p1a: Onion
|-damage|p1a: Onion|6/100
|move|p1a: Onion|Steam Eruption|p2a: Rotom
|-resisted|p2a: Rotom
|-damage|p2a: Rotom|0 fnt
|faint|p2a: Rotom
|
|-weather|RainDance|[upkeep]
|upkeep
|inactive|rex756w11 has 120 seconds left.
|
|t:|1769413316
|switch|p2a: Incineroar|Incineroar, M|35/100 par
|-ability|p2a: Incineroar|Intimidate|boost
|-unboost|p1a: Onion|atk|1
|turn|8
|
|t:|1769413322
|move|p2a: Incineroar|Fake Out|p1a: Onion
|-damage|p1a: Onion|0 fnt
|faint|p1a: Onion
|
|-weather|none
|upkeep
|
|t:|1769413326
|switch|p1a: Toilet|Pelipper, M|100/100
|-weather|RainDance|[from] ability: Drizzle|[of] p1a: Toilet
|turn|9
|
|t:|1769413336
|switch|p2a: Revavroom|Revavroom, M|100/100
|move|p1a: Toilet|Hurricane|p2a: Revavroom
|-resisted|p2a: Revavroom
|-damage|p2a: Revavroom|78/100
|
|-weather|RainDance|[upkeep]
|upkeep
|turn|10
|
|t:|1769413344
|move|p2a: Revavroom|Shift Gear|p2a: Revavroom
|-boost|p2a: Revavroom|spe|2
|-boost|p2a: Revavroom|atk|1
|move|p1a: Toilet|Weather Ball|p2a: Revavroom
|-damage|p2a: Revavroom|8/100
|
|-weather|RainDance|[upkeep]
|upkeep
|turn|11
|
|t:|1769413356
|move|p2a: Revavroom|Gunk Shot|p1a: Toilet
|-damage|p1a: Toilet|0 fnt
|faint|p1a: Toilet
|
|-weather|RainDance|[upkeep]
|upkeep
|
|t:|1769413361
|switch|p1a: Bubbles|Vaporeon, F|100/100
|turn|12
|
|t:|1769413367
|-terastallize|p1a: Bubbles|Ground
|move|p2a: Revavroom|Gunk Shot|p1a: Bubbles
|-resisted|p1a: Bubbles
|-damage|p1a: Bubbles|49/100
|move|p1a: Bubbles|Rest|p1a: Bubbles
|-status|p1a: Bubbles|slp|[from] move: Rest
|-heal|p1a: Bubbles|100/100 slp|[silent]
|
|-weather|RainDance|[upkeep]
|-activate|p1a: Bubbles|ability: Hydration
|-curestatus|p1a: Bubbles|slp|[msg]
|upkeep
|turn|13
|
|t:|1769413387
|move|p2a: Revavroom|Lash Out|p1a: Bubbles
|-damage|p1a: Bubbles|61/100
|move|p1a: Bubbles|Scald|p2a: Revavroom
|-damage|p2a: Revavroom|0 fnt
|faint|p2a: Revavroom
|
|-weather|RainDance|[upkeep]
|upkeep
|
|t:|1769413397
|switch|p2a: Meowscarada|Meowscarada, F|100/100
|turn|14
|
|t:|1769413402
|switch|p1a: Big Bird|Zapdos|11/100
|move|p2a: Meowscarada|Flower Trick|p1a: Big Bird
|-start|p2a: Meowscarada|typechange|Grass|[from] ability: Protean
|-resisted|p1a: Big Bird
|-crit|p1a: Big Bird
|-damage|p1a: Big Bird|0 fnt
|faint|p1a: Big Bird
|
|-weather|RainDance|[upkeep]
|upkeep
|
|t:|1769413411
|switch|p1a: Queerquaval|Quaquaval, M|100/100
|turn|15
|
|t:|1769413416
|move|p2a: Meowscarada|Flower Trick|p1a: Queerquaval
|-supereffective|p1a: Queerquaval
|-crit|p1a: Queerquaval
|-enditem|p1a: Queerquaval|Focus Sash
|-damage|p1a: Queerquaval|1/100
|move|p1a: Queerquaval|Close Combat|p2a: Meowscarada
|-damage|p2a: Meowscarada|21/100
|-unboost|p1a: Queerquaval|def|1
|-unboost|p1a: Queerquaval|spd|1
|
|-weather|RainDance|[upkeep]
|upkeep
|turn|16
|
|t:|1769413431
|move|p2a: Meowscarada|U-turn|p1a: Queerquaval
|-resisted|p1a: Queerquaval
|-crit|p1a: Queerquaval
|-damage|p1a: Queerquaval|0 fnt
|faint|p1a: Queerquaval
|
|t:|1769413438
|switch|p2a: Incineroar|Incineroar, M|35/100 par|[from] U-turn
|
|-weather|none
|upkeep
|
|t:|1769413444
|switch|p1a: Bubbles|Vaporeon, F, tera:Ground|61/100
|turn|17
|
|t:|1769413451
|move|p2a: Incineroar|Fake Out|p1a: Bubbles
|-damage|p1a: Bubbles|48/100
|move|p1a: Bubbles|Scald|p2a: Incineroar
|-supereffective|p2a: Incineroar
|-damage|p2a: Incineroar|0 fnt
|faint|p2a: Incineroar
|
|upkeep
|
|t:|1769413469
|switch|p2a: Greninja|Greninja, F, shiny|55/100
|turn|18
|
|t:|1769413484
|move|p2a: Greninja|Extrasensory|p1a: Bubbles
|-start|p2a: Greninja|typechange|Psychic|[from] ability: Protean
|-damage|p1a: Bubbles|29/100
|move|p1a: Bubbles|Scald|p2a: Greninja
|-damage|p2a: Greninja|15/100
|
|upkeep
|turn|19
|
|t:|1769413496
|move|p2a: Greninja|Extrasensory|p1a: Bubbles
|-damage|p1a: Bubbles|11/100
|move|p1a: Bubbles|Rest|p1a: Bubbles
|-status|p1a: Bubbles|slp|[from] move: Rest
|-heal|p1a: Bubbles|100/100 slp|[silent]
|
|upkeep
|turn|20
|
|t:|1769413504
|switch|p2a: Meowscarada|Meowscarada, F|21/100
|switch|p1a: ShyGuy|Ogerpon-Wellspring, F|100/100
|
|upkeep
|turn|21
|
|t:|1769413517
|move|p2a: Meowscarada|U-turn|p1a: ShyGuy
|-start|p2a: Meowscarada|typechange|Bug|[from] ability: Protean
|-supereffective|p1a: ShyGuy
|-crit|p1a: ShyGuy
|-damage|p1a: ShyGuy|0 fnt
|faint|p1a: ShyGuy
|-message|Scuhbee Fluff forfeited.
|
|win|rex756w11
|raw|Scuhbee Fluff's rating: 1105 &rarr; <strong>1082</strong><br />(-23 for losing)
|raw|rex756w11's rating: 1136 &rarr; <strong>1159</strong><br />(+23 for winning)
|l|☆Scuhbee Fluff
|player|p1|
|l|☆rex756w11
|player|p2|
