|j|☆InfinityPokeRang3r
|j|☆Cupid's Curse
|t:|1769313124
|gametype|singles
|player|p1|InfinityPokeRang3r|ingo|1495
|player|p2|Cupid's Curse|sabrina-lgpe|1512
|gen|9
|tier|[Gen 9] OU
|rated|
|rule|HP Percentage Mod: HP is shown in percentages
|rule|Endless Battle Clause: Forcing endless battles is banned
|rule|Species Clause: Limit one of each Pokémon
|rule|OHKO Clause: OHKO moves are banned
|rule|Evasion Items Clause: Evasion items are banned
|rule|Evasion Moves Clause: Evasion moves are banned
|rule|Evasion Abilities Clause: Evasion abilities are banned
|rule|Sleep Moves Clause: Sleep-inducing moves are banned
|clearpoke
|poke|p1|Dragapult, M|
|poke|p1|Araquanid, F|
|poke|p1|Iron Valiant|
|poke|p1|Rotom-Heat|
|poke|p1|Iron Treads|
|poke|p1|Skarmory, M|
|poke|p2|Ceruledge, M|
|poke|p2|Scizor, M|
|poke|p2|Ting-Lu|
|poke|p2|Alomomola, F|
|poke|p2|Rillaboom, M|
|poke|p2|Raging Bolt|
|teampreview
|
|t:|1769313138
|teamsize|p1|6
|teamsize|p2|6
|start
|switch|p1a: Iron Treads|Iron Treads|100/100
|switch|p2a: Cumulo|Raging Bolt|100/100
|turn|1
|j| FGClown
|
|t:|1769313145
|move|p1a: Iron Treads|Earthquake|p2a: Cumulo
|-supereffective|p2a: Cumulo
|-damage|p2a: Cumulo|18/100
|move|p2a: Cumulo|Draco Meteor|p1a: Iron Treads
|-resisted|p1a: Iron Treads
|-damage|p1a: Iron Treads|43/100
|-unboost|p2a: Cumulo|spa|2
|
|upkeep
|turn|2
|
|t:|1769313153
|-end|p2a: Cumulo|Protosynthesis|[silent]
|switch|p2a: Endive|Alomomola, F|100/100
|move|p1a: Iron Treads|Knock Off|p2a: Endive
|-crit|p2a: Endive
|-damage|p2a: Endive|76/100
|-damage|p1a: Iron Treads|26/100|[from] item: Rocky Helmet|[of] p2a: Endive
|-enditem|p2a: Endive|Rocky Helmet|[from] move: Knock Off|[of] p1a: Iron Treads
|
|upkeep
|turn|3
|
|t:|1769313161
|-end|p1a: Iron Treads|Quark Drive|[silent]
|switch|p1a: Skarmory|Skarmory, M|100/100
|move|p2a: Endive|Flip Turn|p1a: Skarmory
|-damage|p1a: Skarmory|88/100
|-damage|p2a: Endive|59/100|[from] item: Rocky Helmet|[of] p1a: Skarmory
|
|t:|1769313164
|switch|p2a: Cumulo|Raging Bolt|18/100|[from] Flip Turn
|
|upkeep
|turn|4
|
|t:|1769313173
|switch|p1a: Iron Treads|Iron Treads|26/100
|move|p2a: Cumulo|Draco Meteor|p1a: Iron Treads
|-resisted|p1a: Iron Treads
|-damage|p1a: Iron Treads|0 fnt
|-unboost|p2a: Cumulo|spa|2
|faint|p1a: Iron Treads
|-end|p1a: Iron Treads|Quark Drive|[silent]
|
|upkeep
|
|t:|1769313178
|switch|p1a: Rotom|Rotom-Heat|100/100
|turn|5
|
|t:|1769313201
|-end|p2a: Cumulo|Protosynthesis|[silent]
|switch|p2a: Colossus|Ting-Lu|100/100
|-ability|p2a: Colossus|Vessel of Ruin
|move|p1a: Rotom|Overheat|p2a: Colossus
|-damage|p2a: Colossus|59/100
|-unboost|p1a: Rotom|spa|2
|
|-heal|p2a: Colossus|65/100|[from] item: Leftovers
|upkeep
|turn|6
|
|t:|1769313208
|switch|p1a: Araquanid|Araquanid, F, shiny|100/100
|move|p2a: Colossus|Stealth Rock|p1a: Araquanid
|-sidestart|p1: InfinityPokeRang3r|move: Stealth Rock
|
|-heal|p2a: Colossus|71/100|[from] item: Leftovers
|upkeep
|turn|7
|
|t:|1769313220
|switch|p2a: Endive|Alomomola, F|92/100
|move|p1a: Araquanid|Leech Life|p2a: Endive
|-damage|p2a: Endive|75/100
|
|upkeep
|turn|8
|
|t:|1769313237
|move|p2a: Endive|Flip Turn|p1a: Araquanid
|-resisted|p1a: Araquanid
|-damage|p1a: Araquanid|93/100
|
|t:|1769313251
|switch|p2a: Zero|Scizor, M|100/100|[from] Flip Turn
|move|p1a: Araquanid|Lunge|p2a: Zero
|-resisted|p2a: Zero
|-damage|p2a: Zero|83/100
|-unboost|p2a: Zero|atk|1
|
|upkeep
|turn|9
|-activate|p1a: Araquanid|item: Quick Claw
|
|t:|1769313255
|move|p1a: Araquanid|Lunge|p2a: Zero
|-resisted|p2a: Zero
|-damage|p2a: Zero|67/100
|-unboost|p2a: Zero|atk|1
|move|p2a: Zero|U-turn|p1a: Araquanid
|-damage|p1a: Araquanid|71/100
|
|t:|1769313259
|switch|p2a: Austro|Rillaboom, M|100/100|[from] U-turn
|-fieldstart|move: Grassy Terrain|[from] ability: Grassy Surge|[of] p2a: Austro
|
|-heal|p1a: Araquanid|78/100|[from] Grassy Terrain
|upkeep
|turn|10
|
|t:|1769313263
|move|p2a: Austro|Wood Hammer|p1a: Araquanid
|-damage|p1a: Araquanid|0 fnt
|faint|p1a: Araquanid
|-damage|p2a: Austro|77/100|[from] Recoil
|
|-heal|p2a: Austro|83/100|[from] Grassy Terrain
|upkeep
|
|t:|1769313276
|switch|p1a: Skarmory|Skarmory, M|88/100
|-damage|p1a: Skarmory|76/100|[from] Stealth Rock
|turn|11
|
|t:|1769313281
|switch|p2a: Cumulo|Raging Bolt|18/100
|move|p1a: Skarmory|Stealth Rock|p2a: Cumulo
|-sidestart|p2: Cupid's Curse|move: Stealth Rock
|
|-heal|p2a: Cumulo|24/100|[from] Grassy Terrain
|upkeep
|turn|12
|
|t:|1769313287
|move|p2a: Cumulo|Volt Switch|p1a: Skarmory
|-supereffective|p1a: Skarmory
|-damage|p1a: Skarmory|0 fnt
|faint|p1a: Skarmory
|
|t:|1769313295
|-end|p2a: Cumulo|Protosynthesis|[silent]
|switch|p2a: Colossus|Ting-Lu|71/100|[from] Volt Switch
|-damage|p2a: Colossus|65/100|[from] Stealth Rock
|-ability|p2a: Colossus|Vessel of Ruin
|
|-heal|p2a: Colossus|71/100|[from] Grassy Terrain
|-heal|p2a: Colossus|77/100|[from] item: Leftovers
|upkeep
|
|t:|1769313302
|switch|p1a: Iron Valiant|Iron Valiant|100/100
|-damage|p1a: Iron Valiant|94/100|[from] Stealth Rock
|-enditem|p1a: Iron Valiant|Booster Energy
|-activate|p1a: Iron Valiant|ability: Quark Drive|[fromitem]
|-start|p1a: Iron Valiant|quarkdrivespe
|turn|13
|
|t:|1769313324
|switch|p2a: Cumulo|Raging Bolt|24/100
|-damage|p2a: Cumulo|12/100|[from] Stealth Rock
|move|p1a: Iron Valiant|Moonblast|p2a: Cumulo
|-supereffective|p2a: Cumulo
|-damage|p2a: Cumulo|0 fnt
|faint|p2a: Cumulo
|-end|p2a: Cumulo|Protosynthesis|[silent]
|
|-heal|p1a: Iron Valiant|100/100|[from] Grassy Terrain
|-fieldend|move: Grassy Terrain
|upkeep
|
|t:|1769313331
|switch|p2a: Azarael|Ceruledge, M|100/100
|turn|14
|
|t:|1769313342
|-terastallize|p1a: Iron Valiant|Ghost
|move|p1a: Iron Valiant|Shadow Ball|p2a: Azarael
|-supereffective|p2a: Azarael
|-damage|p2a: Azarael|47/100
|move|p2a: Azarael|Bitter Blade|p1a: Iron Valiant
|-damage|p1a: Iron Valiant|55/100
|-heal|p2a: Azarael|66/100|[from] drain|[of] p1a: Iron Valiant
|
|upkeep
|turn|15
|
|t:|1769313367
|switch|p2a: Colossus|Ting-Lu|77/100
|-damage|p2a: Colossus|71/100|[from] Stealth Rock
|-ability|p2a: Colossus|Vessel of Ruin
|move|p1a: Iron Valiant|Shadow Ball|p2a: Colossus
|-resisted|p2a: Colossus
|-damage|p2a: Colossus|62/100
|
|-heal|p2a: Colossus|68/100|[from] item: Leftovers
|upkeep
|turn|16
|
|t:|1769313370
|move|p1a: Iron Valiant|Close Combat|p2a: Colossus
|-supereffective|p2a: Colossus
|-damage|p2a: Colossus|14/100
|-unboost|p1a: Iron Valiant|def|1
|-unboost|p1a: Iron Valiant|spd|1
|move|p2a: Colossus|Throat Chop|p1a: Iron Valiant
|-supereffective|p1a: Iron Valiant
|-damage|p1a: Iron Valiant|0 fnt
|faint|p1a: Iron Valiant
|-end|p1a: Iron Valiant|Quark Drive|[silent]
|
|-heal|p2a: Colossus|21/100|[from] item: Leftovers
|upkeep
|
|t:|1769313376
|switch|p1a: Rotom|Rotom-Heat|100/100
|-damage|p1a: Rotom|76/100|[from] Stealth Rock
|turn|17
|
|t:|1769313392
|switch|p2a: Azarael|Ceruledge, M|66/100
|move|p1a: Rotom|Volt Switch|p2a: Azarael
|-damage|p2a: Azarael|32/100
|
|t:|1769313397
|switch|p1a: Dragapult|Dragapult, M|100/100|[from] Volt Switch
|-damage|p1a: Dragapult|88/100|[from] Stealth Rock
|
|-heal|p1a: Dragapult|94/100|[from] item: Leftovers
|upkeep
|turn|18
|
|t:|1769313405
|switch|p2a: Endive|Alomomola, F|100/100
|-damage|p2a: Endive|88/100|[from] Stealth Rock
|move|p1a: Dragapult|Dragon Darts|p2a: Endive
|-crit|p2a: Endive
|-damage|p2a: Endive|69/100
|-anim|p1a: Dragapult|Dragon Darts|p2a: Endive
|-crit|p2a: Endive
|-damage|p2a: Endive|49/100
|
|-heal|p1a: Dragapult|99/100|[from] item: Leftovers
|upkeep
|turn|19
|
|t:|1769313413
|move|p1a: Dragapult|Substitute|p1a: Dragapult
|-start|p1a: Dragapult|Substitute
|-damage|p1a: Dragapult|75/100
|move|p2a: Endive|Wish|p2a: Endive
|
|-heal|p1a: Dragapult|81/100|[from] item: Leftovers
|upkeep
|turn|20
|
|t:|1769313425
|move|p1a: Dragapult|Dragon Dance|p1a: Dragapult
|-boost|p1a: Dragapult|atk|1
|-boost|p1a: Dragapult|spe|1
|move|p2a: Endive|Flip Turn|p1a: Dragapult
|-resisted|p1a: Dragapult
|-activate|p1a: Dragapult|move: Substitute|[damage]
|
|t:|1769313432
|switch|p2a: Colossus|Ting-Lu|21/100|[from] Flip Turn
|-damage|p2a: Colossus|14/100|[from] Stealth Rock
|-ability|p2a: Colossus|Vessel of Ruin
|
|-heal|p2a: Colossus|69/100|[from] move: Wish|[wisher] Endive
|-heal|p1a: Dragapult|87/100|[from] item: Leftovers
|-heal|p2a: Colossus|75/100|[from] item: Leftovers
|upkeep
|turn|21
|
|t:|1769313440
|move|p1a: Dragapult|Dragon Darts|p2a: Colossus
|-damage|p2a: Colossus|56/100
|-anim|p1a: Dragapult|Dragon Darts|p2a: Colossus
|-crit|p2a: Colossus
|-damage|p2a: Colossus|27/100
|move|p2a: Colossus|Throat Chop|p1a: Dragapult
|-supereffective|p1a: Dragapult
|-end|p1a: Dragapult|Substitute
|
|-heal|p1a: Dragapult|93/100|[from] item: Leftovers
|-heal|p2a: Colossus|33/100|[from] item: Leftovers
|upkeep
|turn|22
|
|t:|1769313447
|-terastallize|p2a: Colossus|Fairy
|move|p1a: Dragapult|Dragon Darts|p2a: Colossus
|-immune|p2a: Colossus
|move|p2a: Colossus|Throat Chop|p1a: Dragapult
|-supereffective|p1a: Dragapult
|-damage|p1a: Dragapult|2/100
|-start|p1a: Dragapult|Throat Chop|[silent]
|
|-heal|p1a: Dragapult|8/100|[from] item: Leftovers
|-heal|p2a: Colossus|40/100|[from] item: Leftovers
|upkeep
|turn|23
|
|t:|1769313451
|move|p1a: Dragapult|Phantom Force||[still]
|-prepare|p1a: Dragapult|Phantom Force
|move|p2a: Colossus|Throat Chop|p1a: Dragapult|[miss]
|-miss|p2a: Colossus|p1a: Dragapult
|
|-heal|p1a: Dragapult|14/100|[from] item: Leftovers
|-heal|p2a: Colossus|46/100|[from] item: Leftovers
|-end|p1a: Dragapult|Throat Chop|[silent]
|upkeep
|turn|24
|
|t:|1769313456
|move|p1a: Dragapult|Phantom Force|p2a: Colossus|[from] lockedmove
|-damage|p2a: Colossus|10/100
|move|p2a: Colossus|Throat Chop|p1a: Dragapult
|-supereffective|p1a: Dragapult
|-damage|p1a: Dragapult|0 fnt
|faint|p1a: Dragapult
|
|-heal|p2a: Colossus|16/100|[from] item: Leftovers
|upkeep
|
|t:|1769313461
|switch|p1a: Rotom|Rotom-Heat|76/100
|-damage|p1a: Rotom|51/100|[from] Stealth Rock
|turn|25
|
|t:|1769313464
|move|p1a: Rotom|Discharge|p2a: Colossus
|-damage|p2a: Colossus|0 fnt
|faint|p2a: Colossus
|
|upkeep
|
|t:|1769313490
|switch|p2a: Austro|Rillaboom, M|83/100
|-damage|p2a: Austro|71/100|[from] Stealth Rock
|-fieldstart|move: Grassy Terrain|[from] ability: Grassy Surge|[of] p2a: Austro
|turn|26
|
|t:|1769313495
|move|p1a: Rotom|Discharge|p2a: Austro
|-resisted|p2a: Austro
|-damage|p2a: Austro|39/100
|move|p2a: Austro|Knock Off|p1a: Rotom
|-damage|p1a: Rotom|0 fnt
|-enditem|p1a: Rotom|Choice Specs|[from] move: Knock Off|[of] p2a: Austro
|faint|p1a: Rotom
|
|win|Cupid's Curse
|raw|InfinityPokeRang3r's rating: 1495 &rarr; <strong>1476</strong><br />(-19 for losing)
|raw|Cupid&apos;s Curse's rating: 1512 &rarr; <strong>1531</strong><br />(+19 for winning)
|l|☆InfinityPokeRang3r
|player|p1|
