|j|☆CambridgeFoulPlay
|j|☆CodeNumber_Beta
|t:|1769329859
|gametype|singles
|player|p1|CambridgeFoulPlay|266|1658
|player|p2|CodeNumber_Beta|1|1541
|gen|9
|tier|[Gen 9] OU
|rated|
|rule|HP Percentage Mod: HP is shown in percentages
|rule|Endless Battle Clause: Forcing endless battles is banned
|rule|Species Clause: Limit one of each Pokémon
|rule|OHKO Clause: OHKO moves are banned
|rule|Evasion Items Clause: Evasion items are banned
|rule|Evasion Moves Clause: Evasion moves are banned
|rule|Evasion Abilities Clause: Evasion abilities are banned
|rule|Sleep Moves Clause: Sleep-inducing moves are banned
|clearpoke
|poke|p1|Hydrapple, M|
|poke|p1|Tyranitar, F|
|poke|p1|Moltres|
|poke|p1|Zamazenta-*|
|poke|p1|Slowking-Galar, M|
|poke|p1|Excadrill, F|
|poke|p2|Araquanid, F|
|poke|p2|Gholdengo|
|poke|p2|Great Tusk|
|poke|p2|Samurott-Hisui, F|
|poke|p2|Iron Moth|
|poke|p2|Corviknight, F|
|teampreview
|c|☆CambridgeFoulPlay|hf
|inactive|Battle timer is ON: inactive players will automatically lose when time's up. (requested by CambridgeFoulPlay)
|
|t:|1769329890
|teamsize|p1|6
|teamsize|p2|6
|start
|switch|p1a: Tyranitar|Tyranitar, F|100/100
|switch|p2a: Araquanid|Araquanid, F|100/100
|-weather|Sandstorm|[from] ability: Sand Stream|[of] p1a: Tyranitar
|turn|1
|
|t:|1769329902
|move|p1a: Tyranitar|Thunder Wave|p2a: Araquanid|[miss]
|-miss|p1a: Tyranitar|p2a: Araquanid
|move|p2a: Araquanid|Sticky Web|p1a: Tyranitar
|-sidestart|p1: CambridgeFoulPlay|move: Sticky Web
|
|-weather|Sandstorm|[upkeep]
|-damage|p2a: Araquanid|94/100|[from] Sandstorm
|upkeep
|turn|2
|
|t:|1769329907
|move|p1a: Tyranitar|Stealth Rock|p2a: Araquanid
|-sidestart|p2: CodeNumber_Beta|move: Stealth Rock
|move|p2a: Araquanid|Surf|p1a: Tyranitar
|-supereffective|p1a: Tyranitar
|-damage|p1a: Tyranitar|72/100
|
|-weather|Sandstorm|[upkeep]
|-damage|p2a: Araquanid|88/100|[from] Sandstorm
|upkeep
|turn|3
|
|t:|1769329920
|switch|p2a: Great Tusk|Great Tusk|100/100
|move|p1a: Tyranitar|Knock Off|p2a: Great Tusk
|-resisted|p2a: Great Tusk
|-damage|p2a: Great Tusk|86/100
|-enditem|p2a: Great Tusk|Heavy-Duty Boots|[from] move: Knock Off|[of] p1a: Tyranitar
|
|-weather|Sandstorm|[upkeep]
|upkeep
|turn|4
|
|t:|1769329928
|move|p2a: Great Tusk|Rapid Spin|p1a: Tyranitar
|-resisted|p1a: Tyranitar
|-damage|p1a: Tyranitar|65/100
|-boost|p2a: Great Tusk|spe|1
|-sideend|p2: CodeNumber_Beta|Stealth Rock|[from] move: Rapid Spin|[of] p2a: Great Tusk
|move|p1a: Tyranitar|Ice Beam|p2a: Great Tusk
|-supereffective|p2a: Great Tusk
|-damage|p2a: Great Tusk|23/100
|
|-weather|Sandstorm|[upkeep]
|upkeep
|turn|5
|
|t:|1769329939
|-end|p2a: Great Tusk|Protosynthesis|[silent]
|switch|p2a: Samurott|Samurott-Hisui, F|100/100
|move|p1a: Tyranitar|Ice Beam|p2a: Samurott
|-resisted|p2a: Samurott
|-damage|p2a: Samurott|84/100
|
|-weather|Sandstorm|[upkeep]
|-damage|p2a: Samurott|78/100|[from] Sandstorm
|upkeep
|turn|6
|
|t:|1769329948
|switch|p1a: Hydrapple|Hydrapple, M|100/100
|move|p2a: Samurott|Ceaseless Edge|p1a: Hydrapple
|-damage|p1a: Hydrapple|66/100
|-sidestart|p1: CambridgeFoulPlay|Spikes
|
|-weather|Sandstorm|[upkeep]
|-damage|p2a: Samurott|72/100|[from] Sandstorm
|-damage|p1a: Hydrapple|60/100|[from] Sandstorm
|upkeep
|turn|7
|
|t:|1769329962
|switch|p2a: Iron Moth|Iron Moth|100/100
|move|p1a: Hydrapple|Giga Drain|p2a: Iron Moth
|-resisted|p2a: Iron Moth
|-damage|p2a: Iron Moth|92/100
|-heal|p1a: Hydrapple|63/100|[from] drain|[of] p2a: Iron Moth
|
|-weather|Sandstorm|[upkeep]
|-damage|p2a: Iron Moth|86/100|[from] Sandstorm
|-damage|p1a: Hydrapple|57/100|[from] Sandstorm
|upkeep
|turn|8
|
|t:|1769329971
|switch|p1a: Tyranitar|Tyranitar, F|65/100
|-activate|p1a: Tyranitar|move: Sticky Web
|-unboost|p1a: Tyranitar|spe|1
|-damage|p1a: Tyranitar|53/100|[from] Spikes
|move|p2a: Iron Moth|U-turn|p1a: Tyranitar
|-supereffective|p1a: Tyranitar
|-damage|p1a: Tyranitar|34/100
|
|t:|1769329983
|-end|p2a: Iron Moth|Quark Drive|[silent]
|switch|p2a: Samurott|Samurott-Hisui, F|72/100|[from] U-turn
|
|-weather|none
|upkeep
|turn|9
|
|t:|1769329990
|switch|p1a: Hydrapple|Hydrapple, M|90/100
|move|p2a: Samurott|Ceaseless Edge|p1a: Hydrapple
|-damage|p1a: Hydrapple|59/100
|-sidestart|p1: CambridgeFoulPlay|Spikes
|
|upkeep
|turn|10
|
|t:|1769329997
|switch|p2a: Gholdengo|Gholdengo|100/100
|-item|p2a: Gholdengo|Air Balloon
|move|p1a: Hydrapple|Giga Drain|p2a: Gholdengo
|-resisted|p2a: Gholdengo
|-damage|p2a: Gholdengo|89/100
|-heal|p1a: Hydrapple|64/100|[from] drain|[of] p2a: Gholdengo
|-enditem|p2a: Gholdengo|Air Balloon
|
|upkeep
|turn|11
|
|t:|1769330004
|switch|p1a: Excadrill|Excadrill, F|100/100
|-item|p1a: Excadrill|Air Balloon
|move|p2a: Gholdengo|Shadow Ball|p1a: Excadrill
|-damage|p1a: Excadrill|53/100
|-unboost|p1a: Excadrill|spd|1
|-enditem|p1a: Excadrill|Air Balloon
|
|upkeep
|turn|12
|
|t:|1769330010
|move|p1a: Excadrill|Earthquake|p2a: Gholdengo
|-supereffective|p2a: Gholdengo
|-damage|p2a: Gholdengo|0 fnt
|faint|p2a: Gholdengo
|
|upkeep
|
|t:|1769330021
|switch|p2a: Iron Moth|Iron Moth|86/100
|turn|13
|
|t:|1769330023
|-terastallize|p1a: Excadrill|Fire
|move|p2a: Iron Moth|U-turn|p1a: Excadrill
|-resisted|p1a: Excadrill
|-damage|p1a: Excadrill|46/100
|
|t:|1769330031
|-end|p2a: Iron Moth|Quark Drive|[silent]
|switch|p2a: Corviknight|Corviknight, F|100/100|[from] U-turn
|-ability|p2a: Corviknight|Pressure
|move|p1a: Excadrill|Rapid Spin|p2a: Corviknight
|-resisted|p2a: Corviknight
|-damage|p2a: Corviknight|95/100
|-boost|p1a: Excadrill|spe|1
|-sideend|p1: CambridgeFoulPlay|Spikes|[from] move: Rapid Spin|[of] p1a: Excadrill
|-sideend|p1: CambridgeFoulPlay|Sticky Web|[from] move: Rapid Spin|[of] p1a: Excadrill
|
|-heal|p2a: Corviknight|100/100|[from] item: Leftovers
|upkeep
|turn|14
|
|t:|1769330041
|move|p1a: Excadrill|Iron Head|p2a: Corviknight
|-resisted|p2a: Corviknight
|-damage|p2a: Corviknight|88/100
|cant|p2a: Corviknight|flinch
|
|-heal|p2a: Corviknight|94/100|[from] item: Leftovers
|upkeep
|turn|15
|
|t:|1769330045
|switch|p1a: Hydrapple|Hydrapple, M|97/100
|move|p2a: Corviknight|Body Press|p1a: Hydrapple
|-damage|p1a: Hydrapple|80/100
|
|-heal|p2a: Corviknight|99/100|[from] item: Leftovers
|upkeep
|turn|16
|
|t:|1769330049
|move|p2a: Corviknight|U-turn|p1a: Hydrapple
|-supereffective|p1a: Hydrapple
|-damage|p1a: Hydrapple|62/100
|
|t:|1769330056
|switch|p2a: Iron Moth|Iron Moth|86/100|[from] U-turn
|move|p1a: Hydrapple|Nasty Plot|p1a: Hydrapple
|-boost|p1a: Hydrapple|spa|2
|
|upkeep
|turn|17
|
|t:|1769330064
|switch|p1a: Tyranitar|Tyranitar, F|34/100
|-weather|Sandstorm|[from] ability: Sand Stream|[of] p1a: Tyranitar
|move|p2a: Iron Moth|Sludge Wave|p1a: Tyranitar
|-resisted|p1a: Tyranitar
|-damage|p1a: Tyranitar|17/100
|
|-weather|Sandstorm|[upkeep]
|-damage|p2a: Iron Moth|80/100|[from] Sandstorm
|upkeep
|turn|18
|
|t:|1769330067
|move|p2a: Iron Moth|Sludge Wave|p1a: Tyranitar
|-resisted|p1a: Tyranitar
|-damage|p1a: Tyranitar|1/100
|move|p1a: Tyranitar|Knock Off|p2a: Iron Moth
|-damage|p2a: Iron Moth|5/100
|-enditem|p2a: Iron Moth|Choice Specs|[from] move: Knock Off|[of] p1a: Tyranitar
|
|-weather|Sandstorm|[upkeep]
|-damage|p2a: Iron Moth|0 fnt|[from] Sandstorm
|faint|p2a: Iron Moth
|-end|p2a: Iron Moth|Quark Drive|[silent]
|upkeep
|
|t:|1769330076
|switch|p2a: Araquanid|Araquanid, F|88/100
|turn|19
|
|t:|1769330081
|move|p1a: Tyranitar|Knock Off|p2a: Araquanid
|-damage|p2a: Araquanid|48/100
|-enditem|p2a: Araquanid|Custap Berry|[from] move: Knock Off|[of] p1a: Tyranitar
|move|p2a: Araquanid|Surf|p1a: Tyranitar
|-supereffective|p1a: Tyranitar
|-damage|p1a: Tyranitar|0 fnt
|faint|p1a: Tyranitar
|
|-weather|Sandstorm|[upkeep]
|-damage|p2a: Araquanid|42/100|[from] Sandstorm
|upkeep
|
|t:|1769330084
|switch|p1a: Excadrill|Excadrill, F, tera:Fire|46/100
|turn|20
|
|t:|1769330087
|move|p1a: Excadrill|Iron Head|p2a: Araquanid
|-resisted|p2a: Araquanid
|-damage|p2a: Araquanid|23/100
|cant|p2a: Araquanid|flinch
|
|-weather|Sandstorm|[upkeep]
|-damage|p2a: Araquanid|16/100|[from] Sandstorm
|upkeep
|turn|21
|
|t:|1769330095
|move|p1a: Excadrill|Earthquake|p2a: Araquanid
|-resisted|p2a: Araquanid
|-damage|p2a: Araquanid|0 fnt
|faint|p2a: Araquanid
|
|-weather|Sandstorm|[upkeep]
|upkeep
|
|t:|1769330098
|switch|p2a: Corviknight|Corviknight, F|99/100
|-ability|p2a: Corviknight|Pressure
|turn|22
|-message|CodeNumber_Beta forfeited.
|
|win|CambridgeFoulPlay
|raw|CambridgeFoulPlay's rating: 1658 &rarr; <strong>1672</strong><br />(+14 for winning)
|raw|CodeNumber_Beta's rating: 1541 &rarr; <strong>1527</strong><br />(-14 for losing)
|c|☆CambridgeFoulPlay|gg
|l|☆CambridgeFoulPlay
|player|p1|
