|j|☆FirstLightSoulja
|j|☆polteageistgaming
|t:|1769318967
|gametype|singles
|player|p1|FirstLightSoulja|giovanni|1630
|player|p2|polteageistgaming|nemona-s|1687
|gen|9
|tier|[Gen 9] OU
|rated|
|rule|HP Percentage Mod: HP is shown in percentages
|rule|Endless Battle Clause: Forcing endless battles is banned
|rule|Species Clause: Limit one of each Pokémon
|rule|OHKO Clause: OHKO moves are banned
|rule|Evasion Items Clause: Evasion items are banned
|rule|Evasion Moves Clause: Evasion moves are banned
|rule|Evasion Abilities Clause: Evasion abilities are banned
|rule|Sleep Moves Clause: Sleep-inducing moves are banned
|clearpoke
|poke|p1|Garchomp, F|
|poke|p1|Sinistcha|
|poke|p1|Iron Valiant|
|poke|p1|Ogerpon-Wellspring, F|
|poke|p1|Slowking-Galar, F|
|poke|p1|Ceruledge, M|
|poke|p2|Great Tusk|
|poke|p2|Landorus-Therian, M|
|poke|p2|Slowking-Galar, F|
|poke|p2|Ogerpon-Wellspring, F|
|poke|p2|Raging Bolt|
|poke|p2|Kingambit, M|
|teampreview
|inactive|Battle timer is ON: inactive players will automatically lose when time's up. (requested by FirstLightSoulja)
|
|t:|1769318975
|teamsize|p1|6
|teamsize|p2|6
|start
|switch|p1a: Garchomp|Garchomp, F|100/100
|switch|p2a: Landorus|Landorus-Therian, M|100/100
|-ability|p2a: Landorus|Intimidate|boost
|-unboost|p1a: Garchomp|atk|1
|turn|1
|
|t:|1769318982
|move|p2a: Landorus|Earthquake|p1a: Garchomp
|-damage|p1a: Garchomp|49/100
|move|p1a: Garchomp|Stealth Rock|p2a: Landorus
|-sidestart|p2: polteageistgaming|move: Stealth Rock
|
|upkeep
|turn|2
|
|t:|1769318989
|switch|p1a: Sinistcha|Sinistcha|100/100
|move|p2a: Landorus|Earthquake|p1a: Sinistcha
|-resisted|p1a: Sinistcha
|-damage|p1a: Sinistcha|83/100
|
|upkeep
|turn|3
|
|t:|1769318997
|switch|p2a: Raging Bolt|Raging Bolt|100/100
|-damage|p2a: Raging Bolt|88/100|[from] Stealth Rock
|move|p1a: Sinistcha|Shadow Ball|p2a: Raging Bolt
|-damage|p2a: Raging Bolt|59/100
|
|upkeep
|turn|4
|
|t:|1769319004
|switch|p1a: Slowking|Slowking-Galar, F|100/100
|move|p2a: Raging Bolt|Draco Meteor|p1a: Slowking|[miss]
|-miss|p2a: Raging Bolt|p1a: Slowking
|
|upkeep
|turn|5
|
|t:|1769319016
|-end|p2a: Raging Bolt|Protosynthesis|[silent]
|switch|p2a: Landorus|Landorus-Therian, M|100/100
|-damage|p2a: Landorus|88/100|[from] Stealth Rock
|-ability|p2a: Landorus|Intimidate|boost
|-unboost|p1a: Slowking|atk|1
|-prepare|p1a: Slowking|Chilly Reception|[premajor]
|move|p1a: Slowking|Chilly Reception|p1a: Slowking
|-weather|Snowscape
|
|t:|1769319033
|switch|p1a: Iron Valiant|Iron Valiant|100/100|[from] Chilly Reception
|
|-weather|Snowscape|[upkeep]
|upkeep
|turn|6
|
|t:|1769319038
|-terastallize|p2a: Landorus|Flying
|-terastallize|p1a: Iron Valiant|Fairy
|move|p2a: Landorus|Tera Blast|p1a: Iron Valiant|[anim] Tera Blast Flying
|-damage|p1a: Iron Valiant|17/100
|move|p1a: Iron Valiant|Moonblast|p2a: Landorus
|-damage|p2a: Landorus|0 fnt
|faint|p2a: Landorus
|
|-weather|Snowscape|[upkeep]
|upkeep
|
|t:|1769319043
|switch|p2a: Slowking|Slowking-Galar, F|100/100
|-damage|p2a: Slowking|88/100|[from] Stealth Rock
|turn|7
|
|t:|1769319057
|-end|p1a: Iron Valiant|Quark Drive|[silent]
|switch|p1a: Ceruledge|Ceruledge, M|100/100
|move|p2a: Slowking|Future Sight|p1a: Ceruledge
|-start|p2a: Slowking|move: Future Sight
|
|-weather|Snowscape|[upkeep]
|upkeep
|turn|8
|
|t:|1769319065
|switch|p2a: Great Tusk|Great Tusk|100/100
|-damage|p2a: Great Tusk|98/100|[from] Stealth Rock
|move|p1a: Ceruledge|Bitter Blade|p2a: Great Tusk
|-damage|p2a: Great Tusk|68/100
|-damage|p1a: Ceruledge|84/100|[from] item: Rocky Helmet|[of] p2a: Great Tusk
|
|-weather|Snowscape|[upkeep]
|upkeep
|turn|9
|
|t:|1769319076
|move|p2a: Great Tusk|Headlong Rush|p1a: Ceruledge
|-supereffective|p1a: Ceruledge
|-damage|p1a: Ceruledge|0 fnt
|-unboost|p2a: Great Tusk|def|1
|-unboost|p2a: Great Tusk|spd|1
|faint|p1a: Ceruledge
|
|-weather|none
|-hint|Future Sight did not hit because the target is fainted.
|upkeep
|inactive|FirstLightSoulja has 120 seconds left.
|
|t:|1769319116
|switch|p1a: Ogerpon|Ogerpon-Wellspring, F|100/100
|turn|10
|
|t:|1769319135
|move|p1a: Ogerpon|Horn Leech|p2a: Great Tusk
|-supereffective|p2a: Great Tusk
|-crit|p2a: Great Tusk
|-damage|p2a: Great Tusk|0 fnt
|-damage|p1a: Ogerpon|84/100|[from] item: Rocky Helmet|[of] p2a: Great Tusk
|faint|p2a: Great Tusk
|-end|p2a: Great Tusk|Protosynthesis|[silent]
|
|upkeep
|
|t:|1769319138
|switch|p2a: Slowking|Slowking-Galar, F|100/100
|-damage|p2a: Slowking|88/100|[from] Stealth Rock
|turn|11
|
|t:|1769319147
|move|p1a: Ogerpon|Ivy Cudgel|p2a: Slowking|[anim] Ivy Cudgel Water
|-damage|p2a: Slowking|41/100
|move|p2a: Slowking|Future Sight|p1a: Ogerpon
|-start|p2a: Slowking|move: Future Sight
|
|upkeep
|turn|12
|
|t:|1769319155
|switch|p2a: Raging Bolt|Raging Bolt|59/100
|-damage|p2a: Raging Bolt|47/100|[from] Stealth Rock
|move|p1a: Ogerpon|Ivy Cudgel|p2a: Raging Bolt|[anim] Ivy Cudgel Water
|-resisted|p2a: Raging Bolt
|-damage|p2a: Raging Bolt|18/100
|
|upkeep
|turn|13
|
|t:|1769319183
|move|p1a: Ogerpon|Ivy Cudgel|p2a: Raging Bolt|[anim] Ivy Cudgel Water
|-resisted|p2a: Raging Bolt
|-damage|p2a: Raging Bolt|0 fnt
|faint|p2a: Raging Bolt
|-end|p2a: Raging Bolt|Protosynthesis|[silent]
|
|-end|p1a: Ogerpon|move: Future Sight
|-damage|p1a: Ogerpon|31/100
|upkeep
|
|t:|1769319192
|switch|p2a: Kingambit|Kingambit, M|100/100
|-damage|p2a: Kingambit|94/100|[from] Stealth Rock
|-activate|p2a: Kingambit|ability: Supreme Overlord
|-start|p2a: Kingambit|fallen3|[silent]
|turn|14
|
|t:|1769319198
|move|p1a: Ogerpon|Taunt|p2a: Kingambit
|-start|p2a: Kingambit|move: Taunt
|move|p2a: Kingambit|Iron Head|p1a: Ogerpon
|-resisted|p1a: Ogerpon
|-damage|p1a: Ogerpon|0 fnt
|faint|p1a: Ogerpon
|
|-heal|p2a: Kingambit|100/100|[from] item: Leftovers
|upkeep
|
|t:|1769319209
|switch|p1a: Garchomp|Garchomp, F|49/100
|turn|15
|
|t:|1769319216
|-end|p2a: Kingambit|fallen3|[silent]
|switch|p2a: Ogerpon|Ogerpon-Wellspring, F|100/100
|-damage|p2a: Ogerpon|88/100|[from] Stealth Rock
|move|p1a: Garchomp|Earthquake|p2a: Ogerpon
|-resisted|p2a: Ogerpon
|-damage|p2a: Ogerpon|67/100
|
|upkeep
|turn|16
|
|t:|1769319223
|switch|p1a: Sinistcha|Sinistcha|83/100
|move|p2a: Ogerpon|Ivy Cudgel|p1a: Sinistcha|[anim] Ivy Cudgel Water
|-resisted|p1a: Sinistcha
|-damage|p1a: Sinistcha|66/100
|
|upkeep
|turn|17
|
|t:|1769319231
|move|p2a: Ogerpon|Spikes|p1a: Sinistcha
|-sidestart|p1: FirstLightSoulja|Spikes
|move|p1a: Sinistcha|Strength Sap|p2a: Ogerpon
|-unboost|p2a: Ogerpon|atk|1
|-heal|p1a: Sinistcha|100/100
|
|upkeep
|turn|18
|
|t:|1769319241
|move|p2a: Ogerpon|Spikes|p1a: Sinistcha
|-sidestart|p1: FirstLightSoulja|Spikes
|move|p1a: Sinistcha|Calm Mind|p1a: Sinistcha
|-boost|p1a: Sinistcha|spa|1
|-boost|p1a: Sinistcha|spd|1
|
|upkeep
|turn|19
|
|t:|1769319245
|move|p2a: Ogerpon|Spikes|p1a: Sinistcha
|-sidestart|p1: FirstLightSoulja|Spikes
|move|p1a: Sinistcha|Calm Mind|p1a: Sinistcha
|-boost|p1a: Sinistcha|spa|1
|-boost|p1a: Sinistcha|spd|1
|
|upkeep
|turn|20
|
|t:|1769319254
|move|p2a: Ogerpon|Knock Off|p1a: Sinistcha
|-supereffective|p1a: Sinistcha
|-damage|p1a: Sinistcha|68/100
|-damage|p2a: Ogerpon|50/100|[from] item: Rocky Helmet|[of] p1a: Sinistcha
|-enditem|p1a: Sinistcha|Rocky Helmet|[from] move: Knock Off|[of] p2a: Ogerpon
|move|p1a: Sinistcha|Shadow Ball|p2a: Ogerpon
|-damage|p2a: Ogerpon|0 fnt
|faint|p2a: Ogerpon
|
|upkeep
|
|t:|1769319257
|switch|p2a: Kingambit|Kingambit, M|100/100
|-damage|p2a: Kingambit|94/100|[from] Stealth Rock
|-activate|p2a: Kingambit|ability: Supreme Overlord
|-start|p2a: Kingambit|fallen4|[silent]
|turn|21
|
|t:|1769319266
|move|p1a: Sinistcha|Strength Sap|p2a: Kingambit
|-unboost|p2a: Kingambit|atk|1
|-heal|p1a: Sinistcha|100/100
|move|p2a: Kingambit|Swords Dance|p2a: Kingambit
|-boost|p2a: Kingambit|atk|2
|
|-heal|p2a: Kingambit|100/100|[from] item: Leftovers
|upkeep
|turn|22
|
|t:|1769319273
|move|p1a: Sinistcha|Shadow Ball|p2a: Kingambit
|-resisted|p2a: Kingambit
|-damage|p2a: Kingambit|69/100
|move|p2a: Kingambit|Swords Dance|p2a: Kingambit
|-boost|p2a: Kingambit|atk|2
|
|-heal|p2a: Kingambit|75/100|[from] item: Leftovers
|upkeep
|turn|23
|
|t:|1769319281
|move|p1a: Sinistcha|Shadow Ball|p2a: Kingambit
|-resisted|p2a: Kingambit
|-damage|p2a: Kingambit|43/100
|move|p2a: Kingambit|Iron Head|p1a: Sinistcha
|-damage|p1a: Sinistcha|0 fnt
|faint|p1a: Sinistcha
|
|-heal|p2a: Kingambit|50/100|[from] item: Leftovers
|upkeep
|
|t:|1769319289
|switch|p1a: Garchomp|Garchomp, F|49/100
|-damage|p1a: Garchomp|24/100|[from] Spikes
|turn|24
|
|t:|1769319292
|move|p2a: Kingambit|Sucker Punch|p1a: Garchomp
|-damage|p1a: Garchomp|0 fnt
|-damage|p2a: Kingambit|37/100|[from] ability: Rough Skin|[of] p1a: Garchomp
|-damage|p2a: Kingambit|21/100|[from] item: Rocky Helmet|[of] p1a: Garchomp
|faint|p1a: Garchomp
|
|-heal|p2a: Kingambit|27/100|[from] item: Leftovers
|upkeep
|
|t:|1769319299
|switch|p1a: Iron Valiant|Iron Valiant, tera:Fairy|17/100
|-damage|p1a: Iron Valiant|0 fnt|[from] Spikes
|faint|p1a: Iron Valiant
|-end|p1a: Iron Valiant|Quark Drive|[silent]
|
|t:|1769319302
|switch|p1a: Slowking|Slowking-Galar, F|100/100
|turn|25
|c|☆polteageistgaming|GG
|c|☆FirstLightSoulja|gg
|
|t:|1769319307
|move|p2a: Kingambit|Iron Head|p1a: Slowking
|-crit|p1a: Slowking
|-damage|p1a: Slowking|0 fnt
|faint|p1a: Slowking
|
|win|polteageistgaming
|raw|FirstLightSoulja's rating: 1630 &rarr; <strong>1613</strong><br />(-17 for losing)
|raw|polteageistgaming's rating: 1687 &rarr; <strong>1704</strong><br />(+17 for winning)
|l|☆FirstLightSoulja
|player|p1|
|l|☆polteageistgaming
|player|p2|
