|j|☆ZarrHaka
|j|☆tonka-14_11x8
|t:|1769298872
|gametype|singles
|player|p1|ZarrHaka|pokemaniac|1228
|player|p2|tonka-14_11x8|roughneck|1233
|gen|9
|tier|[Gen 9] OU
|rated|
|rule|HP Percentage Mod: HP is shown in percentages
|rule|Endless Battle Clause: Forcing endless battles is banned
|rule|Species Clause: Limit one of each Pokémon
|rule|OHKO Clause: OHKO moves are banned
|rule|Evasion Items Clause: Evasion items are banned
|rule|Evasion Moves Clause: Evasion moves are banned
|rule|Evasion Abilities Clause: Evasion abilities are banned
|rule|Sleep Moves Clause: Sleep-inducing moves are banned
|clearpoke
|poke|p1|Lycanroc-Midnight, F|
|poke|p1|Raichu, M|
|poke|p1|Polteageist-Antique|
|poke|p1|Meowscarada, F|
|poke|p1|Talonflame, F|
|poke|p1|Enamorus, F|
|poke|p2|Komala, F|
|poke|p2|Masquerain, M|
|poke|p2|Houndoom, M|
|poke|p2|Drifblim, M|
|poke|p2|Lapras, F|
|poke|p2|Mesprit|
|teampreview
|
|t:|1769298880
|teamsize|p1|6
|teamsize|p2|6
|start
|switch|p1a: Polteageist|Polteageist-Antique|100/100
|switch|p2a: Masquerain|Masquerain, M, shiny|100/100
|-ability|p2a: Masquerain|Intimidate|boost
|-unboost|p1a: Polteageist|atk|1
|turn|1
|inactive|Battle timer is ON: inactive players will automatically lose when time's up. (requested by ZarrHaka)
|
|t:|1769298889
|move|p2a: Masquerain|U-turn|p1a: Polteageist
|-resisted|p1a: Polteageist
|-damage|p1a: Polteageist|89/100
|
|t:|1769298912
|switch|p2a: Houndoom|Houndoom, M|100/100|[from] U-turn
|move|p1a: Polteageist|Shadow Ball|p2a: Houndoom
|-resisted|p2a: Houndoom
|-damage|p2a: Houndoom|65/100
|
|upkeep
|turn|2
|
|t:|1769298934
|switch|p1a: Enamorus|Enamorus, F|100/100
|move|p2a: Houndoom|Crunch|p1a: Enamorus
|-resisted|p1a: Enamorus
|-damage|p1a: Enamorus|66/100
|-damage|p2a: Houndoom|55/100|[from] item: Life Orb
|
|upkeep
|turn|3
|
|t:|1769298952
|switch|p2a: Komala|Komala, F, shiny|100/100
|-ability|p2a: Komala|Comatose
|move|p1a: Enamorus|Superpower|p2a: Komala
|-supereffective|p2a: Komala
|-damage|p2a: Komala|0 fnt
|-boost|p1a: Enamorus|atk|1
|-boost|p1a: Enamorus|def|1
|faint|p2a: Komala
|
|upkeep
|
|t:|1769298964
|switch|p2a: Masquerain|Masquerain, M, shiny|100/100
|-ability|p2a: Masquerain|Intimidate|boost
|-boost|p1a: Enamorus|atk|1
|turn|4
|
|t:|1769298983
|move|p2a: Masquerain|Ice Beam|p1a: Enamorus
|-supereffective|p1a: Enamorus
|-damage|p1a: Enamorus|0 fnt
|faint|p1a: Enamorus
|
|upkeep
|
|t:|1769298991
|switch|p1a: Lycanroc|Lycanroc-Midnight, F, shiny|100/100
|turn|5
|
|t:|1769299017
|switch|p2a: Mesprit|Mesprit, shiny|100/100
|move|p1a: Lycanroc|Bulk Up|p1a: Lycanroc
|-boost|p1a: Lycanroc|atk|1
|-boost|p1a: Lycanroc|def|1
|
|upkeep
|turn|6
|
|t:|1769299028
|move|p1a: Lycanroc|Sucker Punch||[still]
|-fail|p1a: Lycanroc
|move|p2a: Mesprit|Encore|p1a: Lycanroc
|-start|p1a: Lycanroc|Encore
|
|upkeep
|turn|7
|
|t:|1769299036
|move|p1a: Lycanroc|Sucker Punch||[still]
|-fail|p1a: Lycanroc
|move|p2a: Mesprit|Stealth Rock|p1a: Lycanroc
|-sidestart|p1: ZarrHaka|move: Stealth Rock
|
|upkeep
|turn|8
|
|t:|1769299057
|-terastallize|p2a: Mesprit|Electric
|move|p1a: Lycanroc|Sucker Punch|p2a: Mesprit
|-damage|p2a: Mesprit|76/100
|move|p2a: Mesprit|Thunderbolt|p1a: Lycanroc
|-damage|p1a: Lycanroc|55/100
|
|-heal|p2a: Mesprit|82/100|[from] item: Leftovers
|upkeep
|turn|9
|
|t:|1769299067
|switch|p1a: Polteageist|Polteageist-Antique|89/100
|-damage|p1a: Polteageist|77/100|[from] Stealth Rock
|move|p2a: Mesprit|Thunderbolt|p1a: Polteageist
|-damage|p1a: Polteageist|53/100
|
|-heal|p2a: Mesprit|89/100|[from] item: Leftovers
|upkeep
|turn|10
|
|t:|1769299077
|switch|p2a: Houndoom|Houndoom, M|55/100
|move|p1a: Polteageist|Shadow Ball|p2a: Houndoom
|-resisted|p2a: Houndoom
|-damage|p2a: Houndoom|24/100
|-unboost|p2a: Houndoom|spd|1
|
|upkeep
|turn|11
|
|t:|1769299088
|switch|p1a: Talonflame|Talonflame, F|100/100
|move|p2a: Houndoom|Overheat|p1a: Talonflame
|-resisted|p1a: Talonflame
|-damage|p1a: Talonflame|50/100
|-unboost|p2a: Houndoom|spa|2
|-damage|p2a: Houndoom|14/100|[from] item: Life Orb
|
|upkeep
|turn|12
|
|t:|1769299096
|move|p1a: Talonflame|Defog|p2a: Houndoom
|-unboost|p2a: Houndoom|evasion|1
|-sideend|p1: ZarrHaka|Stealth Rock|[from] move: Defog|[of] p1a: Talonflame
|move|p2a: Houndoom|Crunch|p1a: Talonflame
|-damage|p1a: Talonflame|3/100
|-damage|p2a: Houndoom|4/100|[from] item: Life Orb
|
|upkeep
|turn|13
|
|t:|1769299118
|switch|p2a: Mesprit|Mesprit, shiny, tera:Electric|89/100
|move|p1a: Talonflame|U-turn|p2a: Mesprit
|-damage|p2a: Mesprit|77/100
|
|t:|1769299123
|switch|p1a: Meowscarada|Meowscarada, F|100/100|[from] U-turn
|
|-heal|p2a: Mesprit|83/100|[from] item: Leftovers
|upkeep
|turn|14
|
|t:|1769299132
|move|p1a: Meowscarada|Knock Off|p2a: Mesprit
|-start|p1a: Meowscarada|typechange|Dark|[from] ability: Protean
|-damage|p2a: Mesprit|19/100
|-enditem|p2a: Mesprit|Leftovers|[from] move: Knock Off|[of] p1a: Meowscarada
|move|p2a: Mesprit|Ice Beam|p1a: Meowscarada
|-damage|p1a: Meowscarada|58/100
|
|upkeep
|turn|15
|inactive|tonka-14_11x8 has 120 seconds left.
|inactive|tonka-14_11x8 has 90 seconds left.
|
|t:|1769299198
|move|p1a: Meowscarada|Knock Off|p2a: Mesprit
|-damage|p2a: Mesprit|0 fnt
|faint|p2a: Mesprit
|
|upkeep
|
|t:|1769299207
|switch|p2a: Masquerain|Masquerain, M, shiny|100/100
|-ability|p2a: Masquerain|Intimidate|boost
|-unboost|p1a: Meowscarada|atk|1
|turn|16
|inactive|tonka-14_11x8 has 90 seconds left.
|
|t:|1769299219
|switch|p1a: Talonflame|Talonflame, F|3/100
|move|p2a: Masquerain|Hydro Pump|p1a: Talonflame
|-supereffective|p1a: Talonflame
|-damage|p1a: Talonflame|0 fnt
|faint|p1a: Talonflame
|
|upkeep
|
|t:|1769299225
|switch|p1a: Polteageist|Polteageist-Antique|53/100
|turn|17
|
|t:|1769299231
|switch|p2a: Lapras|Lapras, F|100/100
|move|p1a: Polteageist|Shadow Ball|p2a: Lapras
|-damage|p2a: Lapras|74/100
|
|upkeep
|turn|18
|
|t:|1769299237
|move|p1a: Polteageist|Giga Drain|p2a: Lapras
|-supereffective|p2a: Lapras
|-damage|p2a: Lapras|41/100
|-heal|p1a: Polteageist|77/100|[from] drain|[of] p2a: Lapras
|move|p2a: Lapras|Earthquake|p1a: Polteageist
|-damage|p1a: Polteageist|47/100
|
|upkeep
|turn|19
|
|t:|1769299244
|move|p1a: Polteageist|Giga Drain|p2a: Lapras
|-supereffective|p2a: Lapras
|-damage|p2a: Lapras|10/100
|-heal|p1a: Polteageist|69/100|[from] drain|[of] p2a: Lapras
|move|p2a: Lapras|Earthquake|p1a: Polteageist
|-damage|p1a: Polteageist|38/100
|
|upkeep
|turn|20
|
|t:|1769299250
|move|p2a: Lapras|Ice Shard|p1a: Polteageist
|-damage|p1a: Polteageist|20/100
|-start|p2a: Lapras|Disable|Ice Shard|[from] ability: Cursed Body|[of] p1a: Polteageist
|move|p1a: Polteageist|Shadow Ball|p2a: Lapras
|-damage|p2a: Lapras|0 fnt
|faint|p2a: Lapras
|
|upkeep
|
|t:|1769299258
|switch|p2a: Masquerain|Masquerain, M, shiny|100/100
|-ability|p2a: Masquerain|Intimidate|boost
|-unboost|p1a: Polteageist|atk|1
|turn|21
|
|t:|1769299287
|move|p2a: Masquerain|Bug Buzz|p1a: Polteageist
|-resisted|p1a: Polteageist
|-damage|p1a: Polteageist|7/100
|-start|p2a: Masquerain|Disable|Bug Buzz|[from] ability: Cursed Body|[of] p1a: Polteageist
|move|p1a: Polteageist|Shadow Ball|p2a: Masquerain
|-damage|p2a: Masquerain|37/100
|-unboost|p2a: Masquerain|spd|1
|
|upkeep
|turn|22
|
|t:|1769299307
|-activate|p2a: Masquerain|move: Struggle
|move|p2a: Masquerain|Struggle|p1a: Polteageist
|-damage|p1a: Polteageist|0 fnt
|faint|p1a: Polteageist
|-damage|p2a: Masquerain|12/100|[from] recoil
|
|upkeep
|
|t:|1769299319
|switch|p1a: Lycanroc|Lycanroc-Midnight, F, shiny|55/100
|turn|23
|
|t:|1769299323
|switch|p2a: Drifblim|Drifblim, M, shiny|100/100
|move|p1a: Lycanroc|Bulk Up|p1a: Lycanroc
|-boost|p1a: Lycanroc|atk|1
|-boost|p1a: Lycanroc|def|1
|
|upkeep
|turn|24
|inactive|tonka-14_11x8 has 120 seconds left.
|
|t:|1769299331
|move|p2a: Drifblim|Strength Sap|p1a: Lycanroc
|-unboost|p1a: Lycanroc|atk|1
|move|p1a: Lycanroc|Stone Edge|p2a: Drifblim
|-supereffective|p2a: Drifblim
|-damage|p2a: Drifblim|42/100
|
|upkeep
|turn|25
|
|t:|1769299339
|move|p2a: Drifblim|Will-O-Wisp|p1a: Lycanroc
|-status|p1a: Lycanroc|brn
|move|p1a: Lycanroc|Stone Edge|p2a: Drifblim
|-supereffective|p2a: Drifblim
|-damage|p2a: Drifblim|12/100
|
|-damage|p1a: Lycanroc|49/100 brn|[from] brn
|upkeep
|turn|26
|
|t:|1769299346
|move|p2a: Drifblim|Strength Sap|p1a: Lycanroc
|-unboost|p1a: Lycanroc|atk|1
|-heal|p2a: Drifblim|68/100
|move|p1a: Lycanroc|Stone Edge|p2a: Drifblim
|-supereffective|p2a: Drifblim
|-damage|p2a: Drifblim|47/100
|
|-damage|p1a: Lycanroc|42/100 brn|[from] brn
|upkeep
|turn|27
|
|t:|1769299360
|move|p2a: Drifblim|Knock Off|p1a: Lycanroc
|-damage|p1a: Lycanroc|32/100 brn
|-enditem|p1a: Lycanroc|Babiri Berry|[from] move: Knock Off|[of] p2a: Drifblim
|move|p1a: Lycanroc|Stone Edge|p2a: Drifblim
|-supereffective|p2a: Drifblim
|-damage|p2a: Drifblim|24/100
|
|-damage|p1a: Lycanroc|26/100 brn|[from] brn
|upkeep
|turn|28
|
|t:|1769299369
|move|p2a: Drifblim|Strength Sap|p1a: Lycanroc
|-unboost|p1a: Lycanroc|atk|1
|-heal|p2a: Drifblim|61/100
|move|p1a: Lycanroc|Stone Edge|p2a: Drifblim
|-supereffective|p2a: Drifblim
|-damage|p2a: Drifblim|46/100
|
|-damage|p1a: Lycanroc|19/100 brn|[from] brn
|upkeep
|turn|29
|
|t:|1769299380
|move|p2a: Drifblim|Strength Sap|p1a: Lycanroc
|-unboost|p1a: Lycanroc|atk|1
|-heal|p2a: Drifblim|74/100
|move|p1a: Lycanroc|Stone Edge|p2a: Drifblim
|-supereffective|p2a: Drifblim
|-damage|p2a: Drifblim|61/100
|
|-damage|p1a: Lycanroc|13/100 brn|[from] brn
|upkeep
|turn|30
|
|t:|1769299390
|move|p2a: Drifblim|Strength Sap|p1a: Lycanroc
|-unboost|p1a: Lycanroc|atk|1
|-heal|p2a: Drifblim|83/100
|move|p1a: Lycanroc|Stone Edge|p2a: Drifblim
|-supereffective|p2a: Drifblim
|-damage|p2a: Drifblim|73/100
|
|-damage|p1a: Lycanroc|7/100 brn|[from] brn
|upkeep
|turn|31
|
|t:|1769299401
|move|p1a: Lycanroc|Sucker Punch||[still]
|-fail|p1a: Lycanroc
|move|p2a: Drifblim|Strength Sap|p1a: Lycanroc
|-unboost|p1a: Lycanroc|atk|1
|-heal|p2a: Drifblim|91/100
|
|-damage|p1a: Lycanroc|1/100 brn|[from] brn
|upkeep
|turn|32
|
|t:|1769299408
|move|p2a: Drifblim|Strength Sap|p1a: Lycanroc
|-unboost|p1a: Lycanroc|atk|1
|-heal|p2a: Drifblim|100/100
|move|p1a: Lycanroc|Stone Edge|p2a: Drifblim
|-supereffective|p2a: Drifblim
|-damage|p2a: Drifblim|92/100
|
|-damage|p1a: Lycanroc|0 fnt|[from] brn
|faint|p1a: Lycanroc
|upkeep
|
|t:|1769299416
|switch|p1a: Raichu|Raichu, M|100/100
|turn|33
|
|t:|1769299421
|move|p1a: Raichu|Nuzzle|p2a: Drifblim
|-supereffective|p2a: Drifblim
|-damage|p2a: Drifblim|84/100
|-status|p2a: Drifblim|par
|move|p2a: Drifblim|Knock Off|p1a: Raichu
|-damage|p1a: Raichu|64/100
|-enditem|p1a: Raichu|Focus Sash|[from] move: Knock Off|[of] p2a: Drifblim
|
|upkeep
|turn|34
|
|t:|1769299429
|move|p1a: Raichu|Volt Switch|p2a: Drifblim
|-supereffective|p2a: Drifblim
|-damage|p2a: Drifblim|16/100 par
|
|t:|1769299433
|switch|p1a: Meowscarada|Meowscarada, F|58/100|[from] Volt Switch
|move|p2a: Drifblim|Knock Off|p1a: Meowscarada
|-resisted|p1a: Meowscarada
|-damage|p1a: Meowscarada|44/100
|-enditem|p1a: Meowscarada|Choice Band|[from] move: Knock Off|[of] p2a: Drifblim
|
|upkeep
|turn|35
|
|t:|1769299444
|move|p1a: Meowscarada|Knock Off|p2a: Drifblim
|-start|p1a: Meowscarada|typechange|Dark|[from] ability: Protean
|-supereffective|p2a: Drifblim
|-damage|p2a: Drifblim|0 fnt
|-damage|p1a: Meowscarada|20/100|[from] ability: Aftermath|[of] p2a: Drifblim
|-enditem|p2a: Drifblim|Heavy-Duty Boots|[from] move: Knock Off|[of] p1a: Meowscarada
|faint|p2a: Drifblim
|
|upkeep
|
|t:|1769299453
|switch|p2a: Masquerain|Masquerain, M, shiny|12/100
|-ability|p2a: Masquerain|Intimidate|boost
|-unboost|p1a: Meowscarada|atk|1
|turn|36
|
|t:|1769299458
|move|p2a: Masquerain|Bug Buzz|p1a: Meowscarada
|-supereffective|p1a: Meowscarada
|-damage|p1a: Meowscarada|0 fnt
|faint|p1a: Meowscarada
|
|upkeep
|
|t:|1769299460
|switch|p1a: Raichu|Raichu, M|64/100
|turn|37
|
|t:|1769299469
|move|p2a: Masquerain|Bug Buzz|p1a: Raichu
|-crit|p1a: Raichu
|-damage|p1a: Raichu|0 fnt
|faint|p1a: Raichu
|
|win|tonka-14_11x8
|raw|ZarrHaka's rating: 1228 &rarr; <strong>1204</strong><br />(-24 for losing)
|raw|tonka-14_11x8's rating: 1235 &rarr; <strong>1259</strong><br />(+24 for winning)
|l|☆ZarrHaka
|player|p1|
|l|☆tonka-14_11x8
|player|p2|
