|j|☆chibi tanjiro
|j|☆IamGlup
|t:|1769401459
|gametype|singles
|player|p1|chibi tanjiro|101|1575
|player|p2|IamGlup|harlequin|1620
|gen|9
|tier|[Gen 9] OU
|rated|
|rule|HP Percentage Mod: HP is shown in percentages
|rule|Endless Battle Clause: Forcing endless battles is banned
|rule|Species Clause: Limit one of each Pokémon
|rule|OHKO Clause: OHKO moves are banned
|rule|Evasion Items Clause: Evasion items are banned
|rule|Evasion Moves Clause: Evasion moves are banned
|rule|Evasion Abilities Clause: Evasion abilities are banned
|rule|Sleep Moves Clause: Sleep-inducing moves are banned
|clearpoke
|poke|p1|Zarude-Dada|
|poke|p1|Samurott-Hisui, M|
|poke|p1|Pecharunt|
|poke|p1|Landorus-Therian, M|
|poke|p1|Clefable, F|
|poke|p1|Gholdengo|
|poke|p2|Tinkaton, F|
|poke|p2|Ogerpon, F|
|poke|p2|Great Tusk|
|poke|p2|Pecharunt|
|poke|p2|Alomomola, M|
|poke|p2|Hydreigon, M|
|teampreview
|inactive|Battle timer is ON: inactive players will automatically lose when time's up. (requested by IamGlup)
|
|t:|1769401467
|teamsize|p1|6
|teamsize|p2|6
|start
|switch|p1a: Zarude|Zarude-Dada|100/100
|switch|p2a: c2|Ogerpon, F|100/100
|turn|1
|
|t:|1769401472
|move|p1a: Zarude|Knock Off|p2a: c2
|-damage|p2a: c2|43/100
|-enditem|p2a: c2|Choice Band|[from] move: Knock Off|[of] p1a: Zarude
|move|p2a: c2|U-turn|p1a: Zarude
|-supereffective|p1a: Zarude
|-damage|p1a: Zarude|11/100
|
|t:|1769401486
|switch|p2a: c|Tinkaton, F, shiny|100/100|[from] U-turn
|-item|p2a: c|Air Balloon
|
|upkeep
|turn|2
|
|t:|1769401496
|move|p1a: Zarude|Knock Off|p2a: c
|-resisted|p2a: c
|-damage|p2a: c|71/100
|-enditem|p2a: c|Air Balloon
|-enditem|p1a: Zarude|Choice Scarf|[silent]|[from] ability: Pickpocket|[of] p1a: Zarude
|-item|p2a: c|Choice Scarf|[from] ability: Pickpocket|[of] p1a: Zarude
|move|p2a: c|Stealth Rock|p1a: Zarude
|-sidestart|p1: chibi tanjiro|move: Stealth Rock
|
|upkeep
|turn|3
|
|t:|1769401510
|switch|p2a: c4|Pecharunt|100/100
|move|p1a: Zarude|Knock Off|p2a: c4
|-supereffective|p2a: c4
|-damage|p2a: c4|57/100
|-damage|p1a: Zarude|0 fnt|[from] item: Rocky Helmet|[of] p2a: c4
|faint|p1a: Zarude
|
|upkeep
|
|t:|1769401513
|switch|p1a: Samurott|Samurott-Hisui, M|100/100
|-damage|p1a: Samurott|88/100|[from] Stealth Rock
|turn|4
|
|t:|1769401525
|switch|p2a: c|Tinkaton, F, shiny|71/100
|move|p1a: Samurott|Ceaseless Edge|p2a: c
|-resisted|p2a: c
|-damage|p2a: c|29/100
|-sidestart|p2: IamGlup|Spikes
|
|upkeep
|turn|5
|
|t:|1769401535
|move|p2a: c|Encore|p1a: Samurott
|-start|p1a: Samurott|Encore
|move|p1a: Samurott|Ceaseless Edge|p2a: c
|-resisted|p2a: c
|-damage|p2a: c|0 fnt
|-sidestart|p2: IamGlup|Spikes
|faint|p2a: c
|
|upkeep
|
|t:|1769401538
|switch|p2a: c3|Great Tusk, shiny|100/100
|turn|6
|
|t:|1769401543
|switch|p1a: Gholdengo|Gholdengo|100/100
|-damage|p1a: Gholdengo|94/100|[from] Stealth Rock
|-item|p1a: Gholdengo|Air Balloon
|move|p2a: c3|Headlong Rush|p1a: Gholdengo
|-immune|p1a: Gholdengo
|
|upkeep
|turn|7
|
|t:|1769401551
|-end|p2a: c3|Protosynthesis|[silent]
|switch|p2a: c5|Alomomola, M, shiny|100/100
|-damage|p2a: c5|84/100|[from] Spikes
|move|p1a: Gholdengo|Shadow Ball|p2a: c5
|-damage|p2a: c5|67/100
|
|upkeep
|turn|8
|
|t:|1769401569
|switch|p1a: Landorus|Landorus-Therian, M|100/100
|-damage|p1a: Landorus|88/100|[from] Stealth Rock
|-ability|p1a: Landorus|Intimidate|boost
|-unboost|p2a: c5|atk|1
|move|p2a: c5|Flip Turn|p1a: Landorus
|-supereffective|p1a: Landorus
|-damage|p1a: Landorus|66/100
|-damage|p2a: c5|51/100|[from] item: Rocky Helmet|[of] p1a: Landorus
|
|t:|1769401584
|switch|p2a: c3|Great Tusk, shiny|100/100|[from] Flip Turn
|
|upkeep
|turn|9
|
|t:|1769401588
|move|p1a: Landorus|Grass Knot|p2a: c3
|-supereffective|p2a: c3
|-damage|p2a: c3|6/100
|move|p2a: c3|Ice Spinner|p1a: Landorus
|-supereffective|p1a: Landorus
|-crit|p1a: Landorus
|-damage|p1a: Landorus|0 fnt
|-damage|p2a: c3|0 fnt|[from] item: Rocky Helmet|[of] p1a: Landorus
|faint|p1a: Landorus
|faint|p2a: c3
|-end|p2a: c3|Protosynthesis|[silent]
|
|upkeep
|
|t:|1769401599
|switch|p1a: Clefable|Clefable, F|100/100
|switch|p2a: see|Hydreigon, M, shiny|100/100
|turn|10
|
|t:|1769401607
|-terastallize|p1a: Clefable|Water
|move|p2a: see|Flash Cannon|p1a: Clefable
|-resisted|p1a: Clefable
|-damage|p1a: Clefable|88/100
|-unboost|p1a: Clefable|spd|1
|move|p1a: Clefable|Moonblast|p2a: see
|-supereffective|p2a: see
|-damage|p2a: see|0 fnt
|faint|p2a: see
|
|-heal|p1a: Clefable|94/100|[from] item: Leftovers
|upkeep
|
|t:|1769401613
|switch|p2a: c2|Ogerpon, F|43/100
|-damage|p2a: c2|26/100|[from] Spikes
|turn|11
|
|t:|1769401619
|move|p2a: c2|Knock Off|p1a: Clefable
|-damage|p1a: Clefable|61/100
|-enditem|p1a: Clefable|Leftovers|[from] move: Knock Off|[of] p2a: c2
|move|p1a: Clefable|Stealth Rock|p2a: c2
|-sidestart|p2: IamGlup|move: Stealth Rock
|
|upkeep
|turn|12
|
|t:|1769401627
|move|p2a: c2|Ivy Cudgel|p1a: Clefable
|-supereffective|p1a: Clefable
|-damage|p1a: Clefable|0 fnt
|faint|p1a: Clefable
|
|upkeep
|
|t:|1769401629
|switch|p1a: Pecharunt|Pecharunt|100/100
|-damage|p1a: Pecharunt|88/100|[from] Stealth Rock
|turn|13
|
|t:|1769401637
|move|p2a: c2|Knock Off|p1a: Pecharunt
|-supereffective|p1a: Pecharunt
|-damage|p1a: Pecharunt|58/100
|-damage|p2a: c2|9/100|[from] item: Rocky Helmet|[of] p1a: Pecharunt
|-enditem|p1a: Pecharunt|Rocky Helmet|[from] move: Knock Off|[of] p2a: c2
|move|p1a: Pecharunt|Shadow Ball|p2a: c2
|-damage|p2a: c2|0 fnt
|faint|p2a: c2
|
|upkeep
|-message|IamGlup forfeited.
|
|win|chibi tanjiro
|raw|chibi tanjiro's rating: 1575 &rarr; <strong>1598</strong><br />(+23 for winning)
|raw|IamGlup's rating: 1620 &rarr; <strong>1597</strong><br />(-23 for losing)
|l|☆IamGlup
|player|p2|
|l|☆chibi tanjiro
|player|p1|
