|j|☆Shubway
|j|☆kingofdondons
|t:|1769332203
|gametype|singles
|player|p1|Shubway|102|1573
|player|p2|kingofdondons|skyla|1563
|gen|9
|tier|[Gen 9] OU
|rated|
|rule|HP Percentage Mod: HP is shown in percentages
|rule|Endless Battle Clause: Forcing endless battles is banned
|rule|Species Clause: Limit one of each Pokémon
|rule|OHKO Clause: OHKO moves are banned
|rule|Evasion Items Clause: Evasion items are banned
|rule|Evasion Moves Clause: Evasion moves are banned
|rule|Evasion Abilities Clause: Evasion abilities are banned
|rule|Sleep Moves Clause: Sleep-inducing moves are banned
|clearpoke
|poke|p1|Zarude|
|poke|p1|Ting-Lu|
|poke|p1|Enamorus, F|
|poke|p1|Quaquaval, F|
|poke|p1|Scizor, M|
|poke|p1|Raging Bolt|
|poke|p2|Deoxys-Speed|
|poke|p2|Ceruledge, F|
|poke|p2|Zamazenta-*|
|poke|p2|Ogerpon-Wellspring, F|
|poke|p2|Glimmora, F|
|poke|p2|Moltres-Galar|
|teampreview
|inactive|Battle timer is ON: inactive players will automatically lose when time's up. (requested by kingofdondons)
|inactive|kingofdondons has 120 seconds left.
|
|t:|1769332242
|teamsize|p1|6
|teamsize|p2|6
|start
|switch|p1a: Ting-Lu|Ting-Lu|100/100
|switch|p2a: Deoxys|Deoxys-Speed|100/100
|-ability|p2a: Deoxys|Pressure
|-ability|p1a: Ting-Lu|Vessel of Ruin
|turn|1
|
|t:|1769332247
|move|p2a: Deoxys|Taunt|p1a: Ting-Lu
|-start|p1a: Ting-Lu|move: Taunt
|cant|p1a: Ting-Lu|move: Taunt|Stealth Rock
|
|upkeep
|turn|2
|
|t:|1769332250
|move|p2a: Deoxys|Reflect|p2a: Deoxys
|-sidestart|p2: kingofdondons|Reflect
|move|p1a: Ting-Lu|Earthquake|p2a: Deoxys
|-damage|p2a: Deoxys|76/100
|
|upkeep
|turn|3
|
|t:|1769332261
|switch|p1a: Zarude|Zarude|100/100
|move|p2a: Deoxys|Light Screen|p2a: Deoxys
|-sidestart|p2: kingofdondons|move: Light Screen
|
|upkeep
|turn|4
|
|t:|1769332269
|switch|p2a: Ceruledge|Ceruledge, F|100/100
|move|p1a: Zarude|Knock Off|p2a: Ceruledge
|-supereffective|p2a: Ceruledge
|-damage|p2a: Ceruledge|55/100
|-ability|p2a: Ceruledge|Weak Armor|boost
|-unboost|p2a: Ceruledge|def|1
|-boost|p2a: Ceruledge|spe|2
|-enditem|p2a: Ceruledge|Life Orb|[from] move: Knock Off|[of] p1a: Zarude
|
|upkeep
|turn|5
|
|t:|1769332273
|switch|p1a: Ting-Lu|Ting-Lu|100/100
|-ability|p1a: Ting-Lu|Vessel of Ruin
|move|p2a: Ceruledge|Bitter Blade|p1a: Ting-Lu
|-damage|p1a: Ting-Lu|75/100
|-heal|p2a: Ceruledge|76/100|[from] drain|[of] p1a: Ting-Lu
|-damage|p2a: Ceruledge|59/100|[from] item: Rocky Helmet|[of] p1a: Ting-Lu
|
|upkeep
|turn|6
|
|t:|1769332276
|switch|p2a: Moltres|Moltres-Galar|100/100
|move|p1a: Ting-Lu|Whirlwind|p2a: Moltres
|drag|p2a: Glimmora|Glimmora, F|100/100
|
|upkeep
|turn|7
|
|t:|1769332282
|move|p2a: Glimmora|Meteor Beam||[still]
|-prepare|p2a: Glimmora|Meteor Beam
|-boost|p2a: Glimmora|spa|1
|-enditem|p2a: Glimmora|Power Herb
|-anim|p2a: Glimmora|Meteor Beam|p1a: Ting-Lu
|-resisted|p1a: Ting-Lu
|-damage|p1a: Ting-Lu|57/100
|move|p1a: Ting-Lu|Stealth Rock|p2a: Glimmora
|-sidestart|p2: kingofdondons|move: Stealth Rock
|
|upkeep
|turn|8
|
|t:|1769332285
|move|p2a: Glimmora|Mortal Spin|p1a: Ting-Lu
|-resisted|p1a: Ting-Lu
|-damage|p1a: Ting-Lu|55/100
|-status|p1a: Ting-Lu|psn
|-damage|p2a: Glimmora|84/100|[from] item: Rocky Helmet|[of] p1a: Ting-Lu
|-sideend|p2: kingofdondons|Stealth Rock|[from] move: Mortal Spin|[of] p2a: Glimmora
|move|p1a: Ting-Lu|Earthquake|p2a: Glimmora
|-supereffective|p2a: Glimmora
|-damage|p2a: Glimmora|0 fnt
|-activate|p2a: Glimmora|ability: Toxic Debris
|-sidestart|p1: Shubway|move: Toxic Spikes
|faint|p2a: Glimmora
|
|-damage|p1a: Ting-Lu|43/100 psn|[from] psn
|upkeep
|
|t:|1769332287
|switch|p2a: Moltres|Moltres-Galar|100/100
|turn|9
|
|t:|1769332294
|move|p2a: Moltres|Nasty Plot|p2a: Moltres
|-boost|p2a: Moltres|spa|2
|move|p1a: Ting-Lu|Whirlwind|p2a: Moltres
|drag|p2a: Zamazenta|Zamazenta|100/100
|-ability|p2a: Zamazenta|Dauntless Shield|boost
|-boost|p2a: Zamazenta|def|1
|
|-damage|p1a: Ting-Lu|30/100 psn|[from] psn
|-sideend|p2: kingofdondons|Reflect
|upkeep
|turn|10
|
|t:|1769332296
|move|p2a: Zamazenta|Body Press|p1a: Ting-Lu
|-supereffective|p1a: Ting-Lu
|-damage|p1a: Ting-Lu|0 fnt
|-damage|p2a: Zamazenta|84/100|[from] item: Rocky Helmet|[of] p1a: Ting-Lu
|faint|p1a: Ting-Lu
|
|-heal|p2a: Zamazenta|90/100|[from] item: Leftovers
|-sideend|p2: kingofdondons|move: Light Screen
|upkeep
|
|t:|1769332302
|switch|p1a: Enamorus|Enamorus, F|100/100
|turn|11
|
|t:|1769332308
|switch|p2a: Deoxys|Deoxys-Speed|76/100
|-ability|p2a: Deoxys|Pressure
|move|p1a: Enamorus|Moonblast|p2a: Deoxys
|-damage|p2a: Deoxys|0 fnt
|faint|p2a: Deoxys
|-damage|p1a: Enamorus|91/100|[from] item: Life Orb
|
|upkeep
|
|t:|1769332312
|switch|p2a: Ogerpon|Ogerpon-Wellspring, F|100/100
|turn|12
|j| Tb_cccc15
|
|t:|1769332322
|move|p1a: Enamorus|Moonblast|p2a: Ogerpon
|-damage|p2a: Ogerpon|21/100
|-unboost|p2a: Ogerpon|spa|1
|-damage|p1a: Enamorus|81/100|[from] item: Life Orb
|move|p2a: Ogerpon|Ivy Cudgel|p1a: Enamorus|[anim] Ivy Cudgel Water
|-crit|p1a: Enamorus
|-damage|p1a: Enamorus|0 fnt
|faint|p1a: Enamorus
|
|upkeep
|
|t:|1769332331
|switch|p1a: Scizor|Scizor, M|100/100
|turn|13
|
|t:|1769332357
|move|p2a: Ogerpon|Ivy Cudgel|p1a: Scizor|[anim] Ivy Cudgel Water
|-crit|p1a: Scizor
|-damage|p1a: Scizor|3/100
|move|p1a: Scizor|Defog|p2a: Ogerpon
|-unboost|p2a: Ogerpon|evasion|1
|-sideend|p1: Shubway|Toxic Spikes|[from] move: Defog|[of] p1a: Scizor
|
|upkeep
|turn|14
|
|t:|1769332361
|move|p1a: Scizor|Bullet Punch|p2a: Ogerpon
|-resisted|p2a: Ogerpon
|-damage|p2a: Ogerpon|0 fnt
|faint|p2a: Ogerpon
|
|upkeep
|
|t:|1769332367
|switch|p2a: Ceruledge|Ceruledge, F|59/100
|turn|15
|
|t:|1769332370
|move|p1a: Scizor|Bullet Punch|p2a: Ceruledge
|-resisted|p2a: Ceruledge
|-damage|p2a: Ceruledge|36/100
|-ability|p2a: Ceruledge|Weak Armor|boost
|-unboost|p2a: Ceruledge|def|1
|-boost|p2a: Ceruledge|spe|2
|move|p2a: Ceruledge|Bitter Blade|p1a: Scizor
|-supereffective|p1a: Scizor
|-damage|p1a: Scizor|0 fnt
|-heal|p2a: Ceruledge|37/100|[from] drain|[of] p1a: Scizor
|-damage|p2a: Ceruledge|21/100|[from] item: Rocky Helmet|[of] p1a: Scizor
|faint|p1a: Scizor
|
|upkeep
|
|t:|1769332374
|switch|p1a: Quaquaval|Quaquaval, F|100/100
|turn|16
|
|t:|1769332381
|move|p2a: Ceruledge|Poltergeist|p1a: Quaquaval
|-activate|p1a: Quaquaval|move: Poltergeist|Leftovers
|-crit|p1a: Quaquaval
|-damage|p1a: Quaquaval|0 fnt
|faint|p1a: Quaquaval
|
|upkeep
|
|t:|1769332388
|switch|p1a: Raging Bolt|Raging Bolt|100/100
|turn|17
|
|t:|1769332393
|move|p1a: Raging Bolt|Thunderclap|p2a: Ceruledge
|-damage|p2a: Ceruledge|0 fnt
|faint|p2a: Ceruledge
|
|upkeep
|
|t:|1769332403
|switch|p2a: Moltres|Moltres-Galar|100/100
|turn|18
|
|t:|1769332406
|-terastallize|p2a: Moltres|Fairy
|move|p2a: Moltres|Tera Blast|p1a: Raging Bolt|[anim] Tera Blast Fairy
|-supereffective|p1a: Raging Bolt
|-damage|p1a: Raging Bolt|37/100
|move|p1a: Raging Bolt|Calm Mind|p1a: Raging Bolt
|-boost|p1a: Raging Bolt|spa|1
|-boost|p1a: Raging Bolt|spd|1
|
|-heal|p1a: Raging Bolt|43/100|[from] item: Leftovers
|upkeep
|turn|19
|
|t:|1769332409
|-terastallize|p1a: Raging Bolt|Bug
|move|p2a: Moltres|Tera Blast|p1a: Raging Bolt|[anim] Tera Blast Fairy
|-damage|p1a: Raging Bolt|21/100
|move|p1a: Raging Bolt|Thunderbolt|p2a: Moltres
|-damage|p2a: Moltres|47/100
|-ability|p2a: Moltres|Berserk|boost
|-boost|p2a: Moltres|spa|1
|-enditem|p2a: Moltres|Sitrus Berry|[eat]
|-heal|p2a: Moltres|72/100|[from] item: Sitrus Berry
|
|-heal|p1a: Raging Bolt|28/100|[from] item: Leftovers
|upkeep
|turn|20
|
|t:|1769332419
|move|p1a: Raging Bolt|Thunderclap|p2a: Moltres
|-damage|p2a: Moltres|31/100
|-ability|p2a: Moltres|Berserk|boost
|-boost|p2a: Moltres|spa|1
|move|p2a: Moltres|Fiery Wrath|p1a: Raging Bolt
|-damage|p1a: Raging Bolt|0 fnt
|faint|p1a: Raging Bolt
|-end|p1a: Raging Bolt|Protosynthesis|[silent]
|
|upkeep
|
|t:|1769332423
|switch|p1a: Zarude|Zarude|100/100
|turn|21
|
|t:|1769332428
|move|p1a: Zarude|Power Whip|p2a: Moltres
|-damage|p2a: Moltres|0 fnt
|faint|p2a: Moltres
|
|upkeep
|
|t:|1769332430
|switch|p2a: Zamazenta|Zamazenta|90/100
|turn|22
|
|t:|1769332434
|move|p2a: Zamazenta|Body Press|p1a: Zarude
|-supereffective|p1a: Zarude
|-damage|p1a: Zarude|25/100
|move|p1a: Zarude|Bulk Up|p1a: Zarude
|-boost|p1a: Zarude|atk|1
|-boost|p1a: Zarude|def|1
|
|-heal|p2a: Zamazenta|96/100|[from] item: Leftovers
|-heal|p1a: Zarude|31/100|[from] item: Leftovers
|upkeep
|turn|23
|-message|Shubway forfeited.
|
|win|kingofdondons
|raw|Shubway's rating: 1573 &rarr; <strong>1552</strong><br />(-21 for losing)
|raw|kingofdondons's rating: 1563 &rarr; <strong>1584</strong><br />(+21 for winning)
|l|☆Shubway
|player|p1|
