|j|☆airi pearl
|j|☆Slaw Goodman
|t:|1769299602
|gametype|singles
|player|p1|airi pearl|#wcop2023latinamerica2|
|player|p2|Slaw Goodman|170|
|gen|9
|tier|[Gen 9] OU
|rule|HP Percentage Mod: HP is shown in percentages
|rule|Endless Battle Clause: Forcing endless battles is banned
|rule|Species Clause: Limit one of each Pokémon
|rule|OHKO Clause: OHKO moves are banned
|rule|Evasion Items Clause: Evasion items are banned
|rule|Evasion Moves Clause: Evasion moves are banned
|rule|Evasion Abilities Clause: Evasion abilities are banned
|rule|Sleep Moves Clause: Sleep-inducing moves are banned
|clearpoke
|poke|p1|Pecharunt|
|poke|p1|Kingambit, F|
|poke|p1|Primarina, F|
|poke|p1|Iron Valiant|
|poke|p1|Landorus-Therian, M|
|poke|p1|Deoxys-Speed|
|poke|p2|Slowking-Galar, M|
|poke|p2|Kyurem|
|poke|p2|Raging Bolt|
|poke|p2|Meowscarada, M|
|poke|p2|Zamazenta-*|
|poke|p2|Primarina, M|
|teampreview
|
|t:|1769299623
|teamsize|p1|6
|teamsize|p2|6
|start
|switch|p1a: Primarina|Primarina, F|100/100
|switch|p2a: Kyurem|Kyurem|100/100
|-ability|p2a: Kyurem|Pressure
|turn|1
|c|☆airi pearl|hf
|inactive|Battle timer is ON: inactive players will automatically lose when time's up. (requested by airi pearl)
|
|t:|1769299639
|switch|p2a: Slowking|Slowking-Galar, M, shiny|100/100
|move|p1a: Primarina|Moonblast|p2a: Slowking
|-resisted|p2a: Slowking
|-damage|p2a: Slowking|85/100
|
|upkeep
|turn|2
|
|t:|1769299656
|move|p1a: Primarina|Flip Turn|p2a: Slowking
|-damage|p2a: Slowking|74/100
|
|t:|1769299659
|switch|p1a: Landorus|Landorus-Therian, M|100/100|[from] Flip Turn
|-ability|p1a: Landorus|Intimidate|boost
|-unboost|p2a: Slowking|atk|1
|move|p2a: Slowking|Future Sight|p1a: Landorus
|-start|p2a: Slowking|move: Future Sight
|
|upkeep
|turn|3
|
|t:|1769299678
|switch|p2a: Kyurem|Kyurem|100/100
|-ability|p2a: Kyurem|Pressure
|move|p1a: Landorus|Stealth Rock|p2a: Kyurem
|-sidestart|p2: Slaw Goodman|move: Stealth Rock
|
|upkeep
|turn|4
|
|t:|1769299687
|switch|p1a: Primarina|Primarina, F|100/100
|move|p2a: Kyurem|Dragon Dance|p2a: Kyurem
|-boost|p2a: Kyurem|atk|1
|-boost|p2a: Kyurem|spe|1
|
|-end|p1a: Primarina|move: Future Sight
|-damage|p1a: Primarina|74/100
|upkeep
|turn|5
|inactive|Slaw Goodman has 270 seconds left.
|
|t:|1769299726
|switch|p2a: Slowking|Slowking-Galar, M, shiny|100/100
|move|p1a: Primarina|Moonblast|p2a: Slowking
|-resisted|p2a: Slowking
|-damage|p2a: Slowking|85/100
|
|upkeep
|turn|6
|
|t:|1769299731
|move|p1a: Primarina|Flip Turn|p2a: Slowking
|-damage|p2a: Slowking|74/100
|
|t:|1769299735
|switch|p1a: Kingambit|Kingambit, F|100/100|[from] Flip Turn
|move|p2a: Slowking|Sludge Bomb|p1a: Kingambit
|-immune|p1a: Kingambit
|
|upkeep
|turn|7
|
|t:|1769299749
|-end|p1a: Kingambit|fallenundefined|[silent]
|switch|p1a: Deoxys|Deoxys-Speed|100/100
|-ability|p1a: Deoxys|Pressure
|move|p2a: Slowking|Thunder Wave|p1a: Deoxys
|-status|p1a: Deoxys|par
|
|upkeep
|turn|8
|
|t:|1769299759
|move|p1a: Deoxys|Knock Off|p2a: Slowking
|-supereffective|p2a: Slowking
|-damage|p2a: Slowking|21/100
|-enditem|p2a: Slowking|Heavy-Duty Boots|[from] move: Knock Off|[of] p1a: Deoxys
|-prepare|p2a: Slowking|Chilly Reception|[premajor]
|move|p2a: Slowking|Chilly Reception|p2a: Slowking
|-weather|Snowscape
|
|t:|1769299767
|switch|p2a: Kyurem|Kyurem|100/100|[from] Chilly Reception
|-damage|p2a: Kyurem|76/100|[from] Stealth Rock
|-ability|p2a: Kyurem|Pressure
|
|-weather|Snowscape|[upkeep]
|upkeep
|turn|9
|
|t:|1769299773
|move|p2a: Kyurem|Icicle Spear|p1a: Deoxys
|-damage|p1a: Deoxys|81/100 par
|-damage|p1a: Deoxys|60/100 par
|-damage|p1a: Deoxys|39/100 par
|-damage|p1a: Deoxys|20/100 par
|-damage|p1a: Deoxys|0 fnt
|faint|p1a: Deoxys
|-hitcount|p1: Deoxys|5
|
|-weather|Snowscape|[upkeep]
|upkeep
|
|t:|1769299785
|switch|p1a: Kingambit|Kingambit, F|100/100
|-activate|p1a: Kingambit|ability: Supreme Overlord
|-start|p1a: Kingambit|fallen1|[silent]
|turn|10
|
|t:|1769299798
|-terastallize|p2a: Kyurem|Ground
|move|p2a: Kyurem|Dragon Dance|p2a: Kyurem
|-boost|p2a: Kyurem|atk|1
|-boost|p2a: Kyurem|spe|1
|move|p1a: Kingambit|Iron Head|p2a: Kyurem
|-damage|p2a: Kyurem|28/100
|
|-weather|Snowscape|[upkeep]
|upkeep
|turn|11
|
|t:|1769299810
|move|p1a: Kingambit|Sucker Punch|p2a: Kyurem
|-crit|p2a: Kyurem
|-damage|p2a: Kyurem|0 fnt
|faint|p2a: Kyurem
|
|-weather|Snowscape|[upkeep]
|upkeep
|
|t:|1769299817
|switch|p2a: Zamazenta|Zamazenta|100/100
|-damage|p2a: Zamazenta|94/100|[from] Stealth Rock
|-ability|p2a: Zamazenta|Dauntless Shield|boost
|-boost|p2a: Zamazenta|def|1
|turn|12
|
|t:|1769299825
|-end|p1a: Kingambit|fallen1|[silent]
|switch|p1a: Pecharunt|Pecharunt|100/100
|move|p2a: Zamazenta|Iron Defense|p2a: Zamazenta
|-boost|p2a: Zamazenta|def|2
|
|-weather|none
|-heal|p2a: Zamazenta|100/100|[from] item: Leftovers
|upkeep
|turn|13
|
|t:|1769299834
|move|p1a: Pecharunt|Nasty Plot|p1a: Pecharunt
|-boost|p1a: Pecharunt|spa|2
|move|p2a: Zamazenta|Roar|p1a: Pecharunt
|drag|p1a: Iron Valiant|Iron Valiant|100/100
|-enditem|p1a: Iron Valiant|Booster Energy
|-activate|p1a: Iron Valiant|ability: Quark Drive|[fromitem]
|-start|p1a: Iron Valiant|quarkdrivespe
|
|upkeep
|turn|14
|
|t:|1769299844
|switch|p2a: Slowking|Slowking-Galar, M, shiny|54/100
|-damage|p2a: Slowking|42/100|[from] Stealth Rock
|move|p1a: Iron Valiant|Knock Off|p2a: Slowking
|-supereffective|p2a: Slowking
|-damage|p2a: Slowking|0 fnt
|faint|p2a: Slowking
|
|upkeep
|
|t:|1769299860
|switch|p2a: Primarina|Primarina, M, shiny|100/100
|-damage|p2a: Primarina|88/100|[from] Stealth Rock
|turn|15
|inactive|airi pearl has 270 seconds left.
|
|t:|1769299891
|-end|p1a: Iron Valiant|Quark Drive|[silent]
|switch|p1a: Primarina|Primarina, F|74/100
|move|p2a: Primarina|Moonblast|p1a: Primarina
|-damage|p1a: Primarina|40/100
|
|upkeep
|turn|16
|
|t:|1769299898
|move|p1a: Primarina|Psychic Noise|p2a: Primarina
|-damage|p2a: Primarina|69/100
|-start|p2a: Primarina|move: Heal Block
|move|p2a: Primarina|Moonblast|p1a: Primarina
|-damage|p1a: Primarina|9/100
|
|upkeep
|turn|17
|
|t:|1769299904
|move|p2a: Primarina|Flip Turn|p1a: Primarina
|-resisted|p1a: Primarina
|-damage|p1a: Primarina|0 fnt
|faint|p1a: Primarina
|
|t:|1769299915
|switch|p2a: Zamazenta|Zamazenta|100/100|[from] Flip Turn
|-damage|p2a: Zamazenta|94/100|[from] Stealth Rock
|
|-heal|p2a: Zamazenta|100/100|[from] item: Leftovers
|upkeep
|
|t:|1769299919
|switch|p1a: Pecharunt|Pecharunt|100/100
|turn|18
|
|t:|1769299925
|switch|p2a: Meowscarada|Meowscarada, M|100/100
|-damage|p2a: Meowscarada|88/100|[from] Stealth Rock
|move|p1a: Pecharunt|Malignant Chain|p2a: Meowscarada
|-supereffective|p2a: Meowscarada
|-damage|p2a: Meowscarada|0 fnt
|faint|p2a: Meowscarada
|
|upkeep
|
|t:|1769299928
|switch|p2a: Raging Bolt|Raging Bolt|100/100
|-damage|p2a: Raging Bolt|88/100|[from] Stealth Rock
|-enditem|p2a: Raging Bolt|Booster Energy
|-activate|p2a: Raging Bolt|ability: Protosynthesis|[fromitem]
|-start|p2a: Raging Bolt|protosynthesisspa
|turn|19
|
|t:|1769299935
|move|p1a: Pecharunt|Malignant Chain|p2a: Raging Bolt
|-crit|p2a: Raging Bolt
|-damage|p2a: Raging Bolt|34/100
|move|p2a: Raging Bolt|Thunderbolt|p1a: Pecharunt
|-damage|p1a: Pecharunt|26/100
|
|upkeep
|turn|20
|
|t:|1769299944
|switch|p1a: Landorus|Landorus-Therian, M|100/100
|-ability|p1a: Landorus|Intimidate|boost
|-unboost|p2a: Raging Bolt|atk|1
|move|p2a: Raging Bolt|Thunderclap||[still]
|-fail|p2a: Raging Bolt
|
|upkeep
|turn|21
|
|t:|1769299951
|-end|p2a: Raging Bolt|Protosynthesis|[silent]
|switch|p2a: Primarina|Primarina, M, shiny|69/100
|-damage|p2a: Primarina|57/100|[from] Stealth Rock
|move|p1a: Landorus|U-turn|p2a: Primarina
|-resisted|p2a: Primarina
|-damage|p2a: Primarina|42/100
|
|t:|1769299959
|switch|p1a: Kingambit|Kingambit, F|100/100|[from] U-turn
|-activate|p1a: Kingambit|ability: Supreme Overlord
|-start|p1a: Kingambit|fallen2|[silent]
|
|upkeep
|turn|22
|
|t:|1769299964
|move|p1a: Kingambit|Iron Head|p2a: Primarina
|-damage|p2a: Primarina|0 fnt
|faint|p2a: Primarina
|
|upkeep
|
|t:|1769299968
|switch|p2a: Zamazenta|Zamazenta|100/100
|-damage|p2a: Zamazenta|94/100|[from] Stealth Rock
|turn|23
|
|t:|1769299972
|-end|p1a: Kingambit|fallen2|[silent]
|switch|p1a: Iron Valiant|Iron Valiant|100/100
|move|p2a: Zamazenta|Iron Defense|p2a: Zamazenta
|-boost|p2a: Zamazenta|def|2
|
|-heal|p2a: Zamazenta|100/100|[from] item: Leftovers
|upkeep
|turn|24
|
|t:|1769299977
|move|p2a: Zamazenta|Iron Head|p1a: Iron Valiant
|-supereffective|p1a: Iron Valiant
|-damage|p1a: Iron Valiant|44/100
|cant|p1a: Iron Valiant|flinch
|
|upkeep
|turn|25
|
|t:|1769299990
|move|p2a: Zamazenta|Iron Head|p1a: Iron Valiant
|-supereffective|p1a: Iron Valiant
|-damage|p1a: Iron Valiant|0 fnt
|faint|p1a: Iron Valiant
|-end|p1a: Iron Valiant|Quark Drive|[silent]
|
|upkeep
|
|t:|1769299993
|switch|p1a: Pecharunt|Pecharunt|26/100
|turn|26
|
|t:|1769299999
|move|p2a: Zamazenta|Iron Head|p1a: Pecharunt
|-damage|p1a: Pecharunt|11/100
|move|p1a: Pecharunt|Recover|p1a: Pecharunt
|-heal|p1a: Pecharunt|61/100
|
|upkeep
|turn|27
|
|t:|1769300003
|move|p1a: Pecharunt|Malignant Chain|p2a: Zamazenta
|-damage|p2a: Zamazenta|71/100
|-status|p2a: Zamazenta|tox
|-start|p2a: Zamazenta|confusion|[from] ability: Poison Puppeteer|[of] p1a: Pecharunt
|-activate|p2a: Zamazenta|confusion
|move|p2a: Zamazenta|Roar|p1a: Pecharunt
|drag|p1a: Landorus|Landorus-Therian, M|100/100
|-ability|p1a: Landorus|Intimidate|boost
|-unboost|p2a: Zamazenta|atk|1
|
|-heal|p2a: Zamazenta|77/100 tox|[from] item: Leftovers
|-damage|p2a: Zamazenta|71/100 tox|[from] psn
|upkeep
|turn|28
|
|t:|1769300013
|-end|p2a: Zamazenta|confusion
|move|p2a: Zamazenta|Body Press|p1a: Landorus
|-resisted|p1a: Landorus
|-damage|p1a: Landorus|70/100
|-damage|p2a: Zamazenta|55/100 tox|[from] item: Rocky Helmet|[of] p1a: Landorus
|move|p1a: Landorus|Earthquake|p2a: Zamazenta
|-damage|p2a: Zamazenta|35/100 tox
|
|-heal|p2a: Zamazenta|41/100 tox|[from] item: Leftovers
|-damage|p2a: Zamazenta|29/100 tox|[from] psn
|upkeep
|turn|29
|
|t:|1769300018
|move|p2a: Zamazenta|Iron Head|p1a: Landorus
|-damage|p1a: Landorus|54/100
|-damage|p2a: Zamazenta|12/100 tox|[from] item: Rocky Helmet|[of] p1a: Landorus
|move|p1a: Landorus|Earthquake|p2a: Zamazenta
|-damage|p2a: Zamazenta|0 fnt
|faint|p2a: Zamazenta
|
|upkeep
|c|☆airi pearl|gg
|
|t:|1769300023
|switch|p2a: Raging Bolt|Raging Bolt|34/100
|-damage|p2a: Raging Bolt|22/100|[from] Stealth Rock
|turn|30
|
|t:|1769300025
|move|p1a: Landorus|Earthquake|p2a: Raging Bolt
|-supereffective|p2a: Raging Bolt
|-crit|p2a: Raging Bolt
|-damage|p2a: Raging Bolt|0 fnt
|faint|p2a: Raging Bolt
|-end|p2a: Raging Bolt|Protosynthesis|[silent]
|
|win|airi pearl
|c|☆Slaw Goodman|Ggs
|c|☆Slaw Goodman|Is it bo3?
|l|☆Slaw Goodman
|player|p2|
|c|☆airi pearl|yeah
