|j|☆Zong200
|j|☆jsxlllll
|t:|1769352421
|gametype|singles
|player|p1|Zong200|169|1639
|player|p2|jsxlllll|265|1594
|gen|9
|tier|[Gen 9] OU
|rated|
|rule|HP Percentage Mod: HP is shown in percentages
|rule|Endless Battle Clause: Forcing endless battles is banned
|rule|Species Clause: Limit one of each Pokémon
|rule|OHKO Clause: OHKO moves are banned
|rule|Evasion Items Clause: Evasion items are banned
|rule|Evasion Moves Clause: Evasion moves are banned
|rule|Evasion Abilities Clause: Evasion abilities are banned
|rule|Sleep Moves Clause: Sleep-inducing moves are banned
|clearpoke
|poke|p1|Darkrai|
|poke|p1|Volcanion|
|poke|p1|Great Tusk|
|poke|p1|Scizor, M|
|poke|p1|Iron Valiant|
|poke|p1|Zapdos|
|poke|p2|Sandy Shocks|
|poke|p2|Scizor, M|
|poke|p2|Manaphy|
|poke|p2|Latios, M|
|poke|p2|Ogerpon, F|
|poke|p2|Iron Jugulis|
|teampreview
|
|t:|1769352426
|teamsize|p1|6
|teamsize|p2|6
|start
|switch|p1a: Scizor|Scizor, M|100/100
|switch|p2a: Sandy Shocks|Sandy Shocks|100/100
|-enditem|p2a: Sandy Shocks|Booster Energy
|-activate|p2a: Sandy Shocks|ability: Protosynthesis|[fromitem]
|-start|p2a: Sandy Shocks|protosynthesisspe
|turn|1
|
|t:|1769352434
|move|p2a: Sandy Shocks|Stealth Rock|p1a: Scizor
|-sidestart|p1: Zong200|move: Stealth Rock
|move|p1a: Scizor|U-turn|p2a: Sandy Shocks
|-crit|p2a: Sandy Shocks
|-damage|p2a: Sandy Shocks|2/100
|
|t:|1769352439
|switch|p1a: Great Tusk|Great Tusk|100/100|[from] U-turn
|-damage|p1a: Great Tusk|98/100|[from] Stealth Rock
|-enditem|p1a: Great Tusk|Booster Energy
|-activate|p1a: Great Tusk|ability: Protosynthesis|[fromitem]
|-start|p1a: Great Tusk|protosynthesisspe
|
|upkeep
|turn|2
|
|t:|1769352446
|move|p2a: Sandy Shocks|Earth Power|p1a: Great Tusk
|-damage|p1a: Great Tusk|46/100
|move|p1a: Great Tusk|Rapid Spin|p2a: Sandy Shocks
|-damage|p2a: Sandy Shocks|0 fnt
|-boost|p1a: Great Tusk|spe|1
|-sideend|p1: Zong200|Stealth Rock|[from] move: Rapid Spin|[of] p1a: Great Tusk
|faint|p2a: Sandy Shocks
|-end|p2a: Sandy Shocks|Protosynthesis|[silent]
|
|upkeep
|
|t:|1769352452
|switch|p2a: Ogerpon|Ogerpon, F|100/100
|turn|3
|
|t:|1769352460
|-terastallize|p2a: Ogerpon|Grass
|detailschange|p2a: Ogerpon|Ogerpon-Teal-Tera, F, tera:Grass
|-ability|p2a: Ogerpon|Embody Aspect (Teal)|boost
|-boost|p2a: Ogerpon|spe|1
|move|p1a: Great Tusk|Ice Spinner|p2a: Ogerpon
|-supereffective|p2a: Ogerpon
|-damage|p2a: Ogerpon|40/100
|move|p2a: Ogerpon|Encore|p1a: Great Tusk
|-start|p1a: Great Tusk|Encore
|
|upkeep
|turn|4
|
|t:|1769352470
|switch|p2a: Scizor|Scizor, M|100/100
|move|p1a: Great Tusk|Ice Spinner|p2a: Scizor
|-resisted|p2a: Scizor
|-damage|p2a: Scizor|89/100
|
|upkeep
|turn|5
|
|t:|1769352476
|-end|p1a: Great Tusk|Protosynthesis|[silent]
|switch|p1a: Zapdos|Zapdos|100/100
|move|p2a: Scizor|Swords Dance|p2a: Scizor
|-boost|p2a: Scizor|atk|2
|
|upkeep
|turn|6
|
|t:|1769352480
|move|p1a: Zapdos|Discharge|p2a: Scizor
|-damage|p2a: Scizor|50/100
|-status|p2a: Scizor|par
|-enditem|p2a: Scizor|Sitrus Berry|[eat]
|-heal|p2a: Scizor|75/100 par|[from] item: Sitrus Berry
|cant|p2a: Scizor|par
|
|upkeep
|turn|7
|
|t:|1769352483
|move|p1a: Zapdos|Discharge|p2a: Scizor
|-damage|p2a: Scizor|35/100 par
|move|p2a: Scizor|Knock Off|p1a: Zapdos
|-damage|p1a: Zapdos|51/100
|-enditem|p1a: Zapdos|Heavy-Duty Boots|[from] move: Knock Off|[of] p2a: Scizor
|
|upkeep
|turn|8
|
|t:|1769352489
|cant|p2a: Scizor|par
|move|p1a: Zapdos|Roost|p1a: Zapdos
|-heal|p1a: Zapdos|100/100
|-singleturn|p1a: Zapdos|move: Roost
|
|upkeep
|turn|9
|
|t:|1769352492
|move|p1a: Zapdos|Discharge|p2a: Scizor
|-damage|p2a: Scizor|0 fnt
|faint|p2a: Scizor
|
|upkeep
|
|t:|1769352497
|switch|p2a: Latios|Latios, M|100/100
|turn|10
|
|t:|1769352504
|move|p2a: Latios|Agility|p2a: Latios
|-boost|p2a: Latios|spe|2
|move|p1a: Zapdos|Discharge|p2a: Latios
|-resisted|p2a: Latios
|-damage|p2a: Latios|86/100
|-status|p2a: Latios|par
|
|upkeep
|turn|11
|
|t:|1769352513
|cant|p2a: Latios|par
|move|p1a: Zapdos|U-turn|p2a: Latios
|-supereffective|p2a: Latios
|-damage|p2a: Latios|59/100 par
|-enditem|p2a: Latios|Weakness Policy
|-boost|p2a: Latios|atk|2|[from] item: Weakness Policy
|-boost|p2a: Latios|spa|2|[from] item: Weakness Policy
|
|t:|1769352516
|switch|p1a: Darkrai|Darkrai|100/100|[from] U-turn
|
|upkeep
|turn|12
|
|t:|1769352548
|move|p1a: Darkrai|Dark Pulse|p2a: Latios
|-supereffective|p2a: Latios
|-damage|p2a: Latios|0 fnt
|faint|p2a: Latios
|
|upkeep
|
|t:|1769352555
|switch|p2a: Manaphy|Manaphy|100/100
|turn|13
|
|t:|1769352565
|move|p1a: Darkrai|Dark Pulse|p2a: Manaphy
|-damage|p2a: Manaphy|55/100
|move|p2a: Manaphy|Tail Glow|p2a: Manaphy
|-boost|p2a: Manaphy|spa|3
|
|upkeep
|turn|14
|
|t:|1769352574
|move|p1a: Darkrai|Dark Pulse|p2a: Manaphy
|-damage|p2a: Manaphy|13/100
|-enditem|p2a: Manaphy|Sitrus Berry|[eat]
|-heal|p2a: Manaphy|38/100|[from] item: Sitrus Berry
|cant|p2a: Manaphy|flinch
|
|upkeep
|turn|15
|inactive|Battle timer is ON: inactive players will automatically lose when time's up. (requested by Zong200)
|
|t:|1769352603
|move|p1a: Darkrai|Dark Pulse|p2a: Manaphy
|-damage|p2a: Manaphy|0 fnt
|faint|p2a: Manaphy
|
|upkeep
|
|t:|1769352605
|switch|p2a: Iron Jugulis|Iron Jugulis|100/100
|-enditem|p2a: Iron Jugulis|Booster Energy
|-activate|p2a: Iron Jugulis|ability: Quark Drive|[fromitem]
|-start|p2a: Iron Jugulis|quarkdrivespe
|turn|16
|
|t:|1769352608
|move|p2a: Iron Jugulis|Hurricane|p1a: Darkrai|[miss]
|-miss|p2a: Iron Jugulis|p1a: Darkrai
|move|p1a: Darkrai|Ice Beam|p2a: Iron Jugulis
|-supereffective|p2a: Iron Jugulis
|-damage|p2a: Iron Jugulis|23/100
|
|upkeep
|turn|17
|
|t:|1769352611
|move|p2a: Iron Jugulis|Hurricane|p1a: Darkrai
|-damage|p1a: Darkrai|21/100
|-start|p1a: Darkrai|confusion
|-enditem|p1a: Darkrai|Lum Berry|[eat]
|-end|p1a: Darkrai|confusion
|move|p1a: Darkrai|Ice Beam|p2a: Iron Jugulis
|-supereffective|p2a: Iron Jugulis
|-damage|p2a: Iron Jugulis|0 fnt
|faint|p2a: Iron Jugulis
|-end|p2a: Iron Jugulis|Quark Drive|[silent]
|
|upkeep
|
|t:|1769352614
|switch|p2a: Ogerpon|Ogerpon-Teal-Tera, F, tera:Grass|40/100
|-ability|p2a: Ogerpon|Embody Aspect (Teal)|boost
|-boost|p2a: Ogerpon|spe|1
|turn|18
|c|☆Zong200|Mb
|
|t:|1769352618
|move|p2a: Ogerpon|Ivy Cudgel|p1a: Darkrai
|-damage|p1a: Darkrai|0 fnt
|faint|p1a: Darkrai
|
|upkeep
|
|t:|1769352620
|switch|p1a: Iron Valiant|Iron Valiant|100/100
|-enditem|p1a: Iron Valiant|Booster Energy
|-activate|p1a: Iron Valiant|ability: Quark Drive|[fromitem]
|-start|p1a: Iron Valiant|quarkdrivespe
|turn|19
|
|t:|1769352624
|move|p1a: Iron Valiant|Moonblast|p2a: Ogerpon
|-damage|p2a: Ogerpon|0 fnt
|faint|p2a: Ogerpon
|detailschange|p2: Ogerpon|Ogerpon, F|[silent]
|
|win|Zong200
|raw|Zong200's rating: 1639 &rarr; <strong>1656</strong><br />(+17 for winning)
|raw|jsxlllll's rating: 1594 &rarr; <strong>1577</strong><br />(-17 for losing)
|c|☆Zong200|Gg
