|j|☆tkmanz
|j|☆AttemptingToLearn
|t:|1769393316
|gametype|singles
|player|p1|tkmanz|benga|
|player|p2|AttemptingToLearn|winona|
|gen|9
|tier|[Gen 9] OU
|rule|HP Percentage Mod: HP is shown in percentages
|rule|Endless Battle Clause: Forcing endless battles is banned
|rule|Species Clause: Limit one of each Pokémon
|rule|OHKO Clause: OHKO moves are banned
|rule|Evasion Items Clause: Evasion items are banned
|rule|Evasion Moves Clause: Evasion moves are banned
|rule|Evasion Abilities Clause: Evasion abilities are banned
|rule|Sleep Moves Clause: Sleep-inducing moves are banned
|clearpoke
|poke|p1|Garganacl, F|
|poke|p1|Iron Valiant|
|poke|p1|Iron Moth|
|poke|p1|Salamence, F|
|poke|p1|Ogerpon-Wellspring, F|
|poke|p1|Zarude|
|poke|p2|Cloyster, M|
|poke|p2|Politoed, F|
|poke|p2|Crawdaunt, M|
|poke|p2|Azelf|
|poke|p2|Amoonguss, F|
|poke|p2|Galvantula, M|
|teampreview
|
|t:|1769393329
|teamsize|p1|6
|teamsize|p2|6
|start
|switch|p1a: Zarude|Zarude|100/100
|switch|p2a: DA SHELL|Cloyster, M, shiny|100/100
|turn|1
|
|t:|1769393336
|move|p1a: Zarude|Bulk Up|p1a: Zarude
|-boost|p1a: Zarude|atk|1
|-boost|p1a: Zarude|def|1
|move|p2a: DA SHELL|Shell Smash|p2a: DA SHELL
|-unboost|p2a: DA SHELL|def|1
|-unboost|p2a: DA SHELL|spd|1
|-boost|p2a: DA SHELL|atk|2
|-boost|p2a: DA SHELL|spa|2
|-boost|p2a: DA SHELL|spe|2
|
|upkeep
|turn|2
|
|t:|1769393345
|move|p2a: DA SHELL|Icicle Spear|p1a: Zarude
|-supereffective|p1a: Zarude
|-crit|p1a: Zarude
|-damage|p1a: Zarude|48/100
|-supereffective|p1a: Zarude
|-damage|p1a: Zarude|22/100
|-supereffective|p1a: Zarude
|-damage|p1a: Zarude|0 fnt
|faint|p1a: Zarude
|-hitcount|p1: Zarude|3
|
|upkeep
|
|t:|1769393370
|switch|p1a: Ogerpon|Ogerpon-Wellspring, F|100/100
|turn|3
|
|t:|1769393375
|move|p2a: DA SHELL|Icicle Spear|p1a: Ogerpon
|-damage|p1a: Ogerpon|69/100
|-damage|p1a: Ogerpon|37/100
|-damage|p1a: Ogerpon|5/100
|-damage|p1a: Ogerpon|0 fnt
|faint|p1a: Ogerpon
|-hitcount|p1: Ogerpon|4
|
|upkeep
|
|t:|1769393383
|switch|p1a: Iron Valiant|Iron Valiant|100/100
|-enditem|p1a: Iron Valiant|Booster Energy
|-activate|p1a: Iron Valiant|ability: Quark Drive|[fromitem]
|-start|p1a: Iron Valiant|quarkdrivespe
|turn|4
|
|t:|1769393399
|move|p1a: Iron Valiant|Calm Mind|p1a: Iron Valiant
|-boost|p1a: Iron Valiant|spa|1
|-boost|p1a: Iron Valiant|spd|1
|move|p2a: DA SHELL|Icicle Spear|p1a: Iron Valiant
|-damage|p1a: Iron Valiant|72/100
|-crit|p1a: Iron Valiant
|-damage|p1a: Iron Valiant|26/100
|-damage|p1a: Iron Valiant|0 fnt
|faint|p1a: Iron Valiant
|-end|p1a: Iron Valiant|Quark Drive|[silent]
|-hitcount|p1: Iron Valiant|3
|
|upkeep
|
|t:|1769393409
|switch|p1a: Iron Moth|Iron Moth|100/100
|-enditem|p1a: Iron Moth|Booster Energy
|-activate|p1a: Iron Moth|ability: Quark Drive|[fromitem]
|-start|p1a: Iron Moth|quarkdrivespe
|turn|5
|
|t:|1769393414
|move|p1a: Iron Moth|Sludge Wave|p2a: DA SHELL
|-enditem|p2a: DA SHELL|Focus Sash
|-damage|p2a: DA SHELL|1/100
|move|p2a: DA SHELL|Liquidation|p1a: Iron Moth
|-supereffective|p1a: Iron Moth
|-damage|p1a: Iron Moth|0 fnt
|faint|p1a: Iron Moth
|-end|p1a: Iron Moth|Quark Drive|[silent]
|
|upkeep
|
|t:|1769393422
|switch|p1a: Garganacl|Garganacl, F|100/100
|turn|6
|
|t:|1769393427
|move|p2a: DA SHELL|Liquidation|p1a: Garganacl
|-supereffective|p1a: Garganacl
|-damage|p1a: Garganacl|0 fnt
|faint|p1a: Garganacl
|
|upkeep
|
|t:|1769393432
|switch|p1a: Salamence|Salamence, F|100/100
|-ability|p1a: Salamence|Intimidate|boost
|-unboost|p2a: DA SHELL|atk|1
|turn|7
|
|t:|1769393440
|move|p2a: DA SHELL|Icicle Spear|p1a: Salamence
|-supereffective|p1a: Salamence
|-damage|p1a: Salamence|12/100
|-supereffective|p1a: Salamence
|-damage|p1a: Salamence|0 fnt
|faint|p1a: Salamence
|-hitcount|p1: Salamence|2
|
|win|AttemptingToLearn
