|j|☆Dragonzord6
|j|☆2001 waves
|t:|1769407782
|gametype|singles
|player|p1|Dragonzord6|lance|1356
|player|p2|2001 waves|2|1451
|gen|9
|tier|[Gen 9] OU
|rated|
|rule|HP Percentage Mod: HP is shown in percentages
|rule|Endless Battle Clause: Forcing endless battles is banned
|rule|Species Clause: Limit one of each Pokémon
|rule|OHKO Clause: OHKO moves are banned
|rule|Evasion Items Clause: Evasion items are banned
|rule|Evasion Moves Clause: Evasion moves are banned
|rule|Evasion Abilities Clause: Evasion abilities are banned
|rule|Sleep Moves Clause: Sleep-inducing moves are banned
|clearpoke
|poke|p1|Pelipper, M|
|poke|p1|Kingdra, F|
|poke|p1|Barraskewda, M|
|poke|p1|Raging Bolt|
|poke|p1|Tornadus-Therian, M|
|poke|p1|Kyurem|
|poke|p2|Samurott-Hisui, F|
|poke|p2|Darkrai|
|poke|p2|Gholdengo|
|poke|p2|Great Tusk|
|poke|p2|Goodra-Hisui, M|
|poke|p2|Clefable, M|
|teampreview
|
|t:|1769407789
|teamsize|p1|6
|teamsize|p2|6
|start
|switch|p1a: Messenger|Pelipper, M, shiny|100/100
|switch|p2a: Samurott|Samurott-Hisui, F|100/100
|-weather|RainDance|[from] ability: Drizzle|[of] p1a: Messenger
|turn|1
|inactive|Battle timer is ON: inactive players will automatically lose when time's up. (requested by Dragonzord6)
|
|t:|1769407798
|move|p2a: Samurott|Ceaseless Edge|p1a: Messenger
|-damage|p1a: Messenger|56/100
|-sidestart|p1: Dragonzord6|Spikes
|move|p1a: Messenger|Hurricane|p2a: Samurott
|-damage|p2a: Samurott|65/100
|
|-weather|RainDance|[upkeep]
|upkeep
|turn|2
|
|t:|1769407807
|move|p2a: Samurott|Knock Off|p1a: Messenger
|-crit|p1a: Messenger
|-damage|p1a: Messenger|0 fnt
|-enditem|p1a: Messenger|Damp Rock|[from] move: Knock Off|[of] p2a: Samurott
|faint|p1a: Messenger
|
|-weather|RainDance|[upkeep]
|upkeep
|
|t:|1769407816
|switch|p1a: Barraskewda|Barraskewda, M, shiny|100/100
|-damage|p1a: Barraskewda|88/100|[from] Spikes
|turn|3
|
|t:|1769407821
|move|p2a: Samurott|Sucker Punch|p1a: Barraskewda
|-damage|p1a: Barraskewda|23/100
|move|p1a: Barraskewda|Flip Turn|p2a: Samurott
|-resisted|p2a: Samurott
|-damage|p2a: Samurott|27/100
|
|t:|1769407827
|switch|p1a: Kingdra|Kingdra, F, shiny|100/100|[from] Flip Turn
|-damage|p1a: Kingdra|88/100|[from] Spikes
|
|-weather|RainDance|[upkeep]
|upkeep
|turn|4
|
|t:|1769407834
|move|p1a: Kingdra|Weather Ball|p2a: Samurott
|-resisted|p2a: Samurott
|-damage|p2a: Samurott|0 fnt
|faint|p2a: Samurott
|
|-weather|RainDance|[upkeep]
|upkeep
|
|t:|1769407837
|switch|p2a: Goodra|Goodra-Hisui, M|100/100
|turn|5
|
|t:|1769407844
|-terastallize|p1a: Kingdra|Water
|move|p1a: Kingdra|Weather Ball|p2a: Goodra
|-resisted|p2a: Goodra
|-damage|p2a: Goodra|69/100
|move|p2a: Goodra|Dragon Tail|p1a: Kingdra
|-damage|p1a: Kingdra|64/100
|drag|p1a: Kyurem|Kyurem, shiny|100/100
|-damage|p1a: Kyurem|88/100|[from] Spikes
|-ability|p1a: Kyurem|Pressure
|
|-weather|RainDance|[upkeep]
|upkeep
|turn|6
|
|t:|1769407858
|switch|p2a: Clefable|Clefable, M|100/100
|move|p1a: Kyurem|Freeze-Dry|p2a: Clefable
|-damage|p2a: Clefable|48/100
|
|-weather|RainDance|[upkeep]
|upkeep
|turn|7
|
|t:|1769407884
|switch|p2a: Gholdengo|Gholdengo|100/100
|-item|p2a: Gholdengo|Air Balloon
|move|p1a: Kyurem|Freeze-Dry|p2a: Gholdengo
|-resisted|p2a: Gholdengo
|-damage|p2a: Gholdengo|72/100
|-enditem|p2a: Gholdengo|Air Balloon
|
|-weather|RainDance|[upkeep]
|upkeep
|turn|8
|
|t:|1769407898
|switch|p1a: Raging Bolt|Raging Bolt|100/100
|-damage|p1a: Raging Bolt|88/100|[from] Spikes
|-enditem|p1a: Raging Bolt|Booster Energy
|-activate|p1a: Raging Bolt|ability: Protosynthesis|[fromitem]
|-start|p1a: Raging Bolt|protosynthesisspa
|move|p2a: Gholdengo|Make It Rain|p1a: Raging Bolt
|-resisted|p1a: Raging Bolt
|-damage|p1a: Raging Bolt|68/100
|-unboost|p2a: Gholdengo|spa|1
|
|-weather|none
|upkeep
|turn|9
|
|t:|1769407912
|switch|p2a: Clefable|Clefable, M|48/100
|move|p1a: Raging Bolt|Dragon Pulse|p2a: Clefable
|-immune|p2a: Clefable
|
|upkeep
|turn|10
|
|t:|1769407919
|move|p1a: Raging Bolt|Thunder|p2a: Clefable|[miss]
|-miss|p1a: Raging Bolt|p2a: Clefable
|move|p2a: Clefable|Moonlight|p2a: Clefable
|-heal|p2a: Clefable|98/100
|
|upkeep
|turn|11
|
|t:|1769407926
|move|p1a: Raging Bolt|Dragon Pulse|p2a: Clefable
|-immune|p2a: Clefable
|move|p2a: Clefable|Calm Mind|p2a: Clefable
|-boost|p2a: Clefable|spa|1
|-boost|p2a: Clefable|spd|1
|
|upkeep
|turn|12
|c|☆Dragonzord6|Wth are u doing
|
|t:|1769407942
|move|p1a: Raging Bolt|Thunder|p2a: Clefable
|-damage|p2a: Clefable|48/100
|-status|p2a: Clefable|par
|move|p2a: Clefable|Calm Mind|p2a: Clefable
|-boost|p2a: Clefable|spa|1
|-boost|p2a: Clefable|spd|1
|
|upkeep
|turn|13
|
|t:|1769407956
|-end|p1a: Raging Bolt|Protosynthesis|[silent]
|switch|p1a: Barraskewda|Barraskewda, M, shiny|23/100
|-damage|p1a: Barraskewda|10/100|[from] Spikes
|cant|p2a: Clefable|par
|
|upkeep
|turn|14
|inactive|2001 waves has 120 seconds left.
|inactive|2001 waves has 90 seconds left.
|
|t:|1769408037
|-terastallize|p2a: Clefable|Water
|move|p1a: Barraskewda|Liquidation|p2a: Clefable
|-resisted|p2a: Clefable
|-damage|p2a: Clefable|22/100 par
|-unboost|p2a: Clefable|def|1
|cant|p2a: Clefable|par
|
|upkeep
|turn|15
|
|t:|1769408049
|move|p1a: Barraskewda|Liquidation|p2a: Clefable
|-resisted|p2a: Clefable
|-damage|p2a: Clefable|0 fnt
|faint|p2a: Clefable
|
|upkeep
|inactive|2001 waves has 60 seconds left.
|
|t:|1769408064
|switch|p2a: Goodra|Goodra-Hisui, M|69/100
|turn|16
|
|t:|1769408069
|move|p1a: Barraskewda|Liquidation|p2a: Goodra
|-resisted|p2a: Goodra
|-damage|p2a: Goodra|34/100
|move|p2a: Goodra|Knock Off|p1a: Barraskewda
|-damage|p1a: Barraskewda|0 fnt
|-enditem|p1a: Barraskewda|Choice Band|[from] move: Knock Off|[of] p2a: Goodra
|faint|p1a: Barraskewda
|
|upkeep
|
|t:|1769408079
|switch|p1a: Kyurem|Kyurem, shiny|88/100
|-damage|p1a: Kyurem|76/100|[from] Spikes
|-ability|p1a: Kyurem|Pressure
|turn|17
|
|t:|1769408092
|move|p1a: Kyurem|Earth Power|p2a: Goodra
|-supereffective|p2a: Goodra
|-damage|p2a: Goodra|0 fnt
|faint|p2a: Goodra
|
|upkeep
|
|t:|1769408099
|switch|p2a: Great Tusk|Great Tusk|100/100
|turn|18
|
|t:|1769408115
|switch|p1a: Tornadus|Tornadus-Therian, M, shiny|100/100
|move|p2a: Great Tusk|Rapid Spin|p1a: Tornadus
|-damage|p1a: Tornadus|77/100
|-boost|p2a: Great Tusk|spe|1
|
|upkeep
|turn|19
|
|t:|1769408122
|-end|p2a: Great Tusk|Protosynthesis|[silent]
|switch|p2a: Gholdengo|Gholdengo|72/100
|move|p1a: Tornadus|Bleakwind Storm|p2a: Gholdengo
|-resisted|p2a: Gholdengo
|-damage|p2a: Gholdengo|39/100
|-unboost|p2a: Gholdengo|spe|1
|
|upkeep
|turn|20
|
|t:|1769408130
|move|p1a: Tornadus|Bleakwind Storm|p2a: Gholdengo
|-resisted|p2a: Gholdengo
|-damage|p2a: Gholdengo|2/100
|move|p2a: Gholdengo|Recover|p2a: Gholdengo
|-heal|p2a: Gholdengo|52/100
|
|upkeep
|turn|21
|
|t:|1769408142
|switch|p1a: Kyurem|Kyurem, shiny|76/100
|-damage|p1a: Kyurem|64/100|[from] Spikes
|-ability|p1a: Kyurem|Pressure
|move|p2a: Gholdengo|Recover|p2a: Gholdengo
|-heal|p2a: Gholdengo|100/100
|
|upkeep
|turn|22
|
|t:|1769408152
|move|p1a: Kyurem|Earth Power|p2a: Gholdengo
|-supereffective|p2a: Gholdengo
|-damage|p2a: Gholdengo|4/100
|move|p2a: Gholdengo|Thunder Wave|p1a: Kyurem|[miss]
|-miss|p2a: Gholdengo|p1a: Kyurem
|
|upkeep
|turn|23
|
|t:|1769408161
|move|p1a: Kyurem|Earth Power|p2a: Gholdengo
|-supereffective|p2a: Gholdengo
|-damage|p2a: Gholdengo|0 fnt
|faint|p2a: Gholdengo
|
|upkeep
|
|t:|1769408163
|switch|p2a: Darkrai|Darkrai|100/100
|turn|24
|
|t:|1769408171
|switch|p1a: Raging Bolt|Raging Bolt|68/100
|-damage|p1a: Raging Bolt|56/100|[from] Spikes
|move|p2a: Darkrai|Dark Pulse|p1a: Raging Bolt
|-damage|p1a: Raging Bolt|18/100
|
|upkeep
|turn|25
|
|t:|1769408179
|switch|p2a: Great Tusk|Great Tusk|100/100
|move|p1a: Raging Bolt|Thunderclap||[still]
|-fail|p1a: Raging Bolt
|
|upkeep
|turn|26
|
|t:|1769408186
|move|p2a: Great Tusk|Rapid Spin|p1a: Raging Bolt
|-damage|p1a: Raging Bolt|3/100
|-boost|p2a: Great Tusk|spe|1
|move|p1a: Raging Bolt|Dragon Pulse|p2a: Great Tusk
|-damage|p2a: Great Tusk|27/100
|
|upkeep
|turn|27
|
|t:|1769408196
|move|p2a: Great Tusk|Rapid Spin|p1a: Raging Bolt
|-damage|p1a: Raging Bolt|0 fnt
|-boost|p2a: Great Tusk|spe|1
|faint|p1a: Raging Bolt
|-end|p1a: Raging Bolt|Protosynthesis|[silent]
|
|upkeep
|
|t:|1769408207
|switch|p1a: Tornadus|Tornadus-Therian, M, shiny|100/100
|turn|28
|
|t:|1769408211
|move|p2a: Great Tusk|Ice Spinner|p1a: Tornadus
|-supereffective|p1a: Tornadus
|-damage|p1a: Tornadus|29/100
|move|p1a: Tornadus|Bleakwind Storm|p2a: Great Tusk
|-supereffective|p2a: Great Tusk
|-damage|p2a: Great Tusk|0 fnt
|faint|p2a: Great Tusk
|-end|p2a: Great Tusk|Protosynthesis|[silent]
|
|upkeep
|
|t:|1769408214
|switch|p2a: Darkrai|Darkrai|100/100
|turn|29
|
|t:|1769408224
|move|p2a: Darkrai|Ice Beam|p1a: Tornadus
|-supereffective|p1a: Tornadus
|-crit|p1a: Tornadus
|-damage|p1a: Tornadus|0 fnt
|faint|p1a: Tornadus
|
|upkeep
|
|t:|1769408232
|switch|p1a: Kyurem|Kyurem, shiny|64/100
|-damage|p1a: Kyurem|51/100|[from] Spikes
|-ability|p1a: Kyurem|Pressure
|turn|30
|
|t:|1769408239
|move|p2a: Darkrai|Dark Pulse|p1a: Kyurem
|-damage|p1a: Kyurem|8/100
|move|p1a: Kyurem|Freeze-Dry|p2a: Darkrai
|-damage|p2a: Darkrai|19/100
|
|upkeep
|turn|31
|
|t:|1769408245
|move|p2a: Darkrai|Dark Pulse|p1a: Kyurem
|-damage|p1a: Kyurem|0 fnt
|faint|p1a: Kyurem
|
|upkeep
|
|t:|1769408250
|switch|p1a: Kingdra|Kingdra, F, shiny, tera:Water|64/100
|-damage|p1a: Kingdra|52/100|[from] Spikes
|turn|32
|
|t:|1769408256
|move|p2a: Darkrai|Dark Pulse|p1a: Kingdra
|-damage|p1a: Kingdra|3/100
|cant|p1a: Kingdra|flinch
|
|upkeep
|turn|33
|
|t:|1769408263
|move|p2a: Darkrai|Dark Pulse|p1a: Kingdra
|-damage|p1a: Kingdra|0 fnt
|faint|p1a: Kingdra
|
|win|2001 waves
|raw|Dragonzord6's rating: 1356 &rarr; <strong>1341</strong><br />(-15 for losing)
|raw|2001 waves's rating: 1451 &rarr; <strong>1466</strong><br />(+15 for winning)
|c|☆Dragonzord6|Good hax
|c|☆2001 waves|U haxed 2
|l|☆Dragonzord6
|player|p1|
|l|☆2001 waves
|player|p2|
