|j|☆TrentMercer
|j|☆texett
|t:|1769422675
|gametype|singles
|player|p1|TrentMercer|cynthia|1481
|player|p2|texett|lady|1469
|gen|9
|tier|[Gen 9] OU
|rated|
|rule|HP Percentage Mod: HP is shown in percentages
|rule|Endless Battle Clause: Forcing endless battles is banned
|rule|Species Clause: Limit one of each Pokémon
|rule|OHKO Clause: OHKO moves are banned
|rule|Evasion Items Clause: Evasion items are banned
|rule|Evasion Moves Clause: Evasion moves are banned
|rule|Evasion Abilities Clause: Evasion abilities are banned
|rule|Sleep Moves Clause: Sleep-inducing moves are banned
|clearpoke
|poke|p1|Great Tusk|
|poke|p1|Scizor, F|
|poke|p1|Slowking-Galar, M|
|poke|p1|Iron Valiant|
|poke|p1|Dragapult, M|
|poke|p1|Cinderace, F|
|poke|p2|Hoopa-Unbound|
|poke|p2|Landorus-Therian, M|
|poke|p2|Salamence, M|
|poke|p2|Metagross|
|poke|p2|Weavile, M|
|poke|p2|Cinderace, M|
|teampreview
|inactive|Battle timer is ON: inactive players will automatically lose when time's up. (requested by texett)
|
|t:|1769422688
|teamsize|p1|6
|teamsize|p2|6
|start
|switch|p1a: Cinderace|Cinderace, F|100/100
|switch|p2a: Weavile|Weavile, M, shiny|100/100
|-ability|p2a: Weavile|Pressure
|turn|1
|
|t:|1769422693
|-terastallize|p2a: Weavile|Dark
|move|p2a: Weavile|Beat Up|p1a: Cinderace
|-damage|p1a: Cinderace|77/100
|-crit|p1a: Cinderace
|-damage|p1a: Cinderace|33/100
|-damage|p1a: Cinderace|7/100
|-damage|p1a: Cinderace|0 fnt
|faint|p1a: Cinderace
|-hitcount|p1: Cinderace|4
|
|upkeep
|
|t:|1769422700
|switch|p1a: Iron Valiant|Iron Valiant, shiny|100/100
|turn|2
|
|t:|1769422706
|switch|p2a: Metagross|Metagross, shiny|100/100
|move|p1a: Iron Valiant|Shadow Ball|p2a: Metagross
|-supereffective|p2a: Metagross
|-damage|p2a: Metagross|11/100
|
|upkeep
|turn|3
|
|t:|1769422712
|-end|p1a: Iron Valiant|Quark Drive|[silent]
|switch|p1a: Scizor|Scizor, F|100/100
|move|p2a: Metagross|Bullet Punch|p1a: Scizor
|-resisted|p1a: Scizor
|-damage|p1a: Scizor|86/100
|
|upkeep
|turn|4
|
|t:|1769422715
|switch|p2a: Landorus|Landorus-Therian, M, shiny|100/100
|-ability|p2a: Landorus|Intimidate|boost
|-unboost|p1a: Scizor|atk|1
|move|p1a: Scizor|Knock Off|p2a: Landorus
|-damage|p2a: Landorus|76/100
|-damage|p1a: Scizor|70/100|[from] item: Rocky Helmet|[of] p2a: Landorus
|-enditem|p2a: Landorus|Rocky Helmet|[from] move: Knock Off|[of] p1a: Scizor
|
|upkeep
|turn|5
|
|t:|1769422724
|switch|p1a: Great Tusk|Great Tusk|100/100
|-enditem|p1a: Great Tusk|Booster Energy
|-activate|p1a: Great Tusk|ability: Protosynthesis|[fromitem]
|-start|p1a: Great Tusk|protosynthesisatk
|move|p2a: Landorus|Stealth Rock|p1a: Great Tusk
|-sidestart|p1: TrentMercer|move: Stealth Rock
|
|upkeep
|turn|6
|
|t:|1769422729
|switch|p2a: Salamence|Salamence, M|100/100
|move|p1a: Great Tusk|Rapid Spin|p2a: Salamence
|-damage|p2a: Salamence|67/100
|-boost|p1a: Great Tusk|spe|1
|-sideend|p1: TrentMercer|Stealth Rock|[from] move: Rapid Spin|[of] p1a: Great Tusk
|
|upkeep
|turn|7
|
|t:|1769422734
|move|p2a: Salamence|Hurricane|p1a: Great Tusk
|-supereffective|p1a: Great Tusk
|-damage|p1a: Great Tusk|0 fnt
|faint|p1a: Great Tusk
|-end|p1a: Great Tusk|Protosynthesis|[silent]
|-ability|p2a: Salamence|Moxie|boost
|-boost|p2a: Salamence|atk|1
|
|upkeep
|
|t:|1769422740
|switch|p1a: Scizor|Scizor, F|70/100
|turn|8
|
|t:|1769422745
|-terastallize|p1a: Scizor|Steel
|move|p1a: Scizor|Bullet Punch|p2a: Salamence
|-damage|p2a: Salamence|0 fnt
|faint|p2a: Salamence
|
|upkeep
|
|t:|1769422751
|switch|p2a: Cinderace|Cinderace, M, shiny|100/100
|turn|9
|
|t:|1769422758
|switch|p1a: Dragapult|Dragapult, M|100/100
|move|p2a: Cinderace|Pyro Ball|p1a: Dragapult
|-resisted|p1a: Dragapult
|-damage|p1a: Dragapult|69/100
|
|upkeep
|turn|10
|
|t:|1769422763
|switch|p2a: Landorus|Landorus-Therian, M, shiny|76/100
|-ability|p2a: Landorus|Intimidate|boost
|-fail|p1a: Dragapult|unboost|[from] ability: Clear Body|[of] p1a: Dragapult
|move|p1a: Dragapult|Draco Meteor|p2a: Landorus
|-damage|p2a: Landorus|0 fnt
|-unboost|p1a: Dragapult|spa|2
|faint|p2a: Landorus
|-damage|p1a: Dragapult|59/100|[from] item: Life Orb
|
|upkeep
|
|t:|1769422773
|switch|p2a: Weavile|Weavile, M, shiny, tera:Dark|100/100
|-ability|p2a: Weavile|Pressure
|turn|11
|
|t:|1769422782
|move|p1a: Dragapult|Dragon Darts|p2a: Weavile
|-damage|p2a: Weavile|52/100
|-anim|p1a: Dragapult|Dragon Darts|p2a: Weavile
|-damage|p2a: Weavile|4/100
|-damage|p1a: Dragapult|50/100|[from] item: Life Orb
|move|p2a: Weavile|Knock Off|p1a: Dragapult
|-supereffective|p1a: Dragapult
|-damage|p1a: Dragapult|0 fnt
|-enditem|p1a: Dragapult|Life Orb|[from] move: Knock Off|[of] p2a: Weavile
|faint|p1a: Dragapult
|
|upkeep
|
|t:|1769422787
|switch|p1a: Scizor|Scizor, F, tera:Steel|70/100
|turn|12
|
|t:|1769422793
|switch|p2a: Metagross|Metagross, shiny|11/100
|move|p1a: Scizor|U-turn|p2a: Metagross
|-damage|p2a: Metagross|0 fnt
|faint|p2a: Metagross
|
|t:|1769422798
|switch|p1a: Iron Valiant|Iron Valiant, shiny|100/100|[from] U-turn
|
|upkeep
|
|t:|1769422804
|switch|p2a: Cinderace|Cinderace, M, shiny|100/100
|turn|13
|
|t:|1769422808
|move|p2a: Cinderace|Gunk Shot|p1a: Iron Valiant
|-start|p2a: Cinderace|typechange|Poison|[from] ability: Libero
|-supereffective|p1a: Iron Valiant
|-damage|p1a: Iron Valiant|0 fnt
|faint|p1a: Iron Valiant
|-end|p1a: Iron Valiant|Quark Drive|[silent]
|
|upkeep
|
|t:|1769422813
|switch|p1a: Slowking|Slowking-Galar, M|100/100
|turn|14
|
|t:|1769422818
|switch|p2a: Hoopa|Hoopa-Unbound|100/100
|move|p1a: Slowking|Sludge Bomb|p2a: Hoopa
|-damage|p2a: Hoopa|80/100
|-status|p2a: Hoopa|psn
|
|-damage|p2a: Hoopa|67/100 psn|[from] psn
|upkeep
|turn|15
|
|t:|1769422825
|move|p2a: Hoopa|Hyperspace Fury|p1a: Slowking
|-supereffective|p1a: Slowking
|-damage|p1a: Slowking|0 fnt
|-unboost|p2a: Hoopa|def|1
|faint|p1a: Slowking
|
|-damage|p2a: Hoopa|55/100 psn|[from] psn
|upkeep
|
|t:|1769422827
|switch|p1a: Scizor|Scizor, F, tera:Steel|70/100
|turn|16
|
|t:|1769422830
|move|p1a: Scizor|Bullet Punch|p2a: Hoopa
|-damage|p2a: Hoopa|0 fnt
|faint|p2a: Hoopa
|
|upkeep
|
|t:|1769422832
|switch|p2a: Cinderace|Cinderace, M, shiny|100/100
|turn|17
|
|t:|1769422834
|move|p1a: Scizor|Bullet Punch|p2a: Cinderace
|-resisted|p2a: Cinderace
|-damage|p2a: Cinderace|58/100
|move|p2a: Cinderace|Pyro Ball|p1a: Scizor|[miss]
|-miss|p2a: Cinderace|p1a: Scizor
|
|upkeep
|turn|18
|
|t:|1769422838
|move|p1a: Scizor|Bullet Punch|p2a: Cinderace
|-resisted|p2a: Cinderace
|-damage|p2a: Cinderace|20/100
|move|p2a: Cinderace|Pyro Ball|p1a: Scizor
|-supereffective|p1a: Scizor
|-damage|p1a: Scizor|0 fnt
|faint|p1a: Scizor
|
|win|texett
|raw|TrentMercer's rating: 1481 &rarr; <strong>1460</strong><br />(-21 for losing)
|raw|texett's rating: 1469 &rarr; <strong>1490</strong><br />(+21 for winning)
|l|☆TrentMercer
|player|p1|
|l|☆texett
|player|p2|
