|j|☆FOENEM STAR
|j|☆gmdnutmeg
|t:|1769405341
|gametype|singles
|player|p1|FOENEM STAR|sabrina|1236
|player|p2|gmdnutmeg|265|1226
|gen|9
|tier|[Gen 9] OU
|rated|
|rule|HP Percentage Mod: HP is shown in percentages
|rule|Endless Battle Clause: Forcing endless battles is banned
|rule|Species Clause: Limit one of each Pokémon
|rule|OHKO Clause: OHKO moves are banned
|rule|Evasion Items Clause: Evasion items are banned
|rule|Evasion Moves Clause: Evasion moves are banned
|rule|Evasion Abilities Clause: Evasion abilities are banned
|rule|Sleep Moves Clause: Sleep-inducing moves are banned
|clearpoke
|poke|p1|Dragonite, M|
|poke|p1|Gholdengo|
|poke|p1|Ogerpon-Wellspring, F|
|poke|p1|Glimmora, F|
|poke|p1|Great Tusk|
|poke|p1|Lokix, F|
|poke|p2|Hydrapple, M|
|poke|p2|Tyranitar, F|
|poke|p2|Moltres|
|poke|p2|Zamazenta-*|
|poke|p2|Slowking-Galar, F|
|poke|p2|Excadrill, F|
|teampreview
|inactive|Battle timer is ON: inactive players will automatically lose when time's up. (requested by FOENEM STAR)
|j| J Pokemon Master M
|
|t:|1769405382
|teamsize|p1|6
|teamsize|p2|6
|start
|switch|p1a: Great Tusk|Great Tusk|100/100
|switch|p2a: Excadrill|Excadrill, F|100/100
|-item|p2a: Excadrill|Air Balloon
|turn|1
|
|t:|1769405390
|switch|p2a: Moltres|Moltres|100/100
|move|p1a: Great Tusk|Rapid Spin|p2a: Moltres
|-damage|p2a: Moltres|90/100
|-boost|p1a: Great Tusk|spe|1
|
|upkeep
|turn|2
|
|t:|1769405399
|move|p1a: Great Tusk|Stone Edge|p2a: Moltres
|-supereffective|p2a: Moltres
|-crit|p2a: Moltres
|-damage|p2a: Moltres|0 fnt
|faint|p2a: Moltres
|
|upkeep
|
|t:|1769405409
|switch|p2a: Hydrapple|Hydrapple, M|100/100
|turn|3
|
|t:|1769405412
|move|p1a: Great Tusk|Ice Spinner|p2a: Hydrapple
|-supereffective|p2a: Hydrapple
|-damage|p2a: Hydrapple|42/100
|move|p2a: Hydrapple|Nasty Plot|p2a: Hydrapple
|-boost|p2a: Hydrapple|spa|2
|
|upkeep
|turn|4
|
|t:|1769405415
|-terastallize|p2a: Hydrapple|Poison
|move|p1a: Great Tusk|Ice Spinner|p2a: Hydrapple
|-damage|p2a: Hydrapple|28/100
|move|p2a: Hydrapple|Giga Drain|p1a: Great Tusk
|-supereffective|p1a: Great Tusk
|-damage|p1a: Great Tusk|0 fnt
|-heal|p2a: Hydrapple|81/100|[from] drain|[of] p1a: Great Tusk
|faint|p1a: Great Tusk
|-end|p1a: Great Tusk|Protosynthesis|[silent]
|
|upkeep
|
|t:|1769405418
|switch|p1a: Glimmora|Glimmora, F, shiny|100/100
|turn|5
|
|t:|1769405431
|move|p1a: Glimmora|Earth Power|p2a: Hydrapple
|-supereffective|p2a: Hydrapple
|-damage|p2a: Hydrapple|12/100
|move|p2a: Hydrapple|Earth Power|p1a: Glimmora
|-supereffective|p1a: Glimmora
|-enditem|p1a: Glimmora|Focus Sash
|-damage|p1a: Glimmora|1/100
|
|upkeep
|turn|6
|
|t:|1769405440
|move|p1a: Glimmora|Earth Power|p2a: Hydrapple
|-supereffective|p2a: Hydrapple
|-damage|p2a: Hydrapple|0 fnt
|faint|p2a: Hydrapple
|
|upkeep
|
|t:|1769405442
|switch|p2a: Excadrill|Excadrill, F|100/100
|-item|p2a: Excadrill|Air Balloon
|turn|7
|
|t:|1769405458
|switch|p1a: Gholdengo|Gholdengo, shiny|100/100
|-item|p1a: Gholdengo|Air Balloon
|move|p2a: Excadrill|Swords Dance|p2a: Excadrill
|-boost|p2a: Excadrill|atk|2
|
|upkeep
|turn|8
|
|t:|1769405465
|move|p2a: Excadrill|Iron Head|p1a: Gholdengo
|-resisted|p1a: Gholdengo
|-damage|p1a: Gholdengo|70/100
|-enditem|p1a: Gholdengo|Air Balloon
|cant|p1a: Gholdengo|flinch
|
|upkeep
|turn|9
|
|t:|1769405472
|switch|p1a: Glimmora|Glimmora, F, shiny|1/100
|move|p2a: Excadrill|Earthquake|p1a: Glimmora
|-supereffective|p1a: Glimmora
|-damage|p1a: Glimmora|0 fnt
|-activate|p1a: Glimmora|ability: Toxic Debris
|-sidestart|p2: gmdnutmeg|move: Toxic Spikes
|faint|p1a: Glimmora
|
|upkeep
|
|t:|1769405481
|switch|p1a: Dragonite|Dragonite, M, shiny|100/100
|turn|10
|
|t:|1769405486
|move|p2a: Excadrill|Rapid Spin|p1a: Dragonite
|-damage|p1a: Dragonite|83/100
|-boost|p2a: Excadrill|spe|1
|-sideend|p2: gmdnutmeg|Toxic Spikes|[from] move: Rapid Spin|[of] p2a: Excadrill
|move|p1a: Dragonite|Fire Punch|p2a: Excadrill
|-supereffective|p2a: Excadrill
|-damage|p2a: Excadrill|0 fnt
|-enditem|p2a: Excadrill|Air Balloon
|faint|p2a: Excadrill
|
|upkeep
|
|t:|1769405496
|switch|p2a: Zamazenta|Zamazenta|100/100
|-ability|p2a: Zamazenta|Dauntless Shield|boost
|-boost|p2a: Zamazenta|def|1
|turn|11
|
|t:|1769405502
|switch|p1a: Gholdengo|Gholdengo, shiny|70/100
|move|p2a: Zamazenta|Iron Defense|p2a: Zamazenta
|-boost|p2a: Zamazenta|def|2
|
|upkeep
|turn|12
|
|t:|1769405514
|move|p2a: Zamazenta|Crunch|p1a: Gholdengo
|-supereffective|p1a: Gholdengo
|-damage|p1a: Gholdengo|41/100
|move|p1a: Gholdengo|Recover|p1a: Gholdengo
|-heal|p1a: Gholdengo|91/100
|
|upkeep
|turn|13
|
|t:|1769405525
|switch|p2a: Tyranitar|Tyranitar, F|100/100
|-weather|Sandstorm|[from] ability: Sand Stream|[of] p2a: Tyranitar
|move|p1a: Gholdengo|Thunder Wave|p2a: Tyranitar
|-status|p2a: Tyranitar|par
|
|-weather|Sandstorm|[upkeep]
|upkeep
|turn|14
|
|t:|1769405536
|switch|p1a: Lokix|Lokix, F|100/100
|cant|p2a: Tyranitar|par
|
|-weather|Sandstorm|[upkeep]
|-damage|p1a: Lokix|94/100|[from] Sandstorm
|upkeep
|turn|15
|
|t:|1769405541
|move|p1a: Lokix|First Impression|p2a: Tyranitar
|-supereffective|p2a: Tyranitar
|-damage|p2a: Tyranitar|36/100 par
|move|p2a: Tyranitar|Thunder Wave|p1a: Lokix
|-status|p1a: Lokix|par
|
|-weather|Sandstorm|[upkeep]
|-damage|p1a: Lokix|88/100 par|[from] Sandstorm
|upkeep
|turn|16
|
|t:|1769405549
|move|p1a: Lokix|U-turn|p2a: Tyranitar
|-supereffective|p2a: Tyranitar
|-damage|p2a: Tyranitar|0 fnt
|faint|p2a: Tyranitar
|
|t:|1769405553
|switch|p1a: Gholdengo|Gholdengo, shiny|91/100|[from] U-turn
|
|-weather|Sandstorm|[upkeep]
|upkeep
|
|t:|1769405556
|switch|p2a: Slowking|Slowking-Galar, F|100/100
|turn|17
|
|t:|1769405558
|move|p1a: Gholdengo|Thunder Wave|p2a: Slowking
|-status|p2a: Slowking|par
|cant|p2a: Slowking|par
|
|-weather|Sandstorm|[upkeep]
|-damage|p2a: Slowking|94/100 par|[from] Sandstorm
|upkeep
|turn|18
|
|t:|1769405561
|move|p1a: Gholdengo|Hex|p2a: Slowking
|-supereffective|p2a: Slowking
|-damage|p2a: Slowking|36/100 par
|cant|p2a: Slowking|par
|
|-weather|Sandstorm|[upkeep]
|-damage|p2a: Slowking|30/100 par|[from] Sandstorm
|upkeep
|turn|19
|
|t:|1769405565
|move|p1a: Gholdengo|Hex|p2a: Slowking
|-supereffective|p2a: Slowking
|-crit|p2a: Slowking
|-damage|p2a: Slowking|0 fnt
|faint|p2a: Slowking
|
|-weather|Sandstorm|[upkeep]
|upkeep
|
|t:|1769405567
|switch|p2a: Zamazenta|Zamazenta|100/100
|turn|20
|
|t:|1769405569
|move|p2a: Zamazenta|Crunch|p1a: Gholdengo
|-supereffective|p1a: Gholdengo
|-damage|p1a: Gholdengo|62/100
|move|p1a: Gholdengo|Thunder Wave|p2a: Zamazenta
|-status|p2a: Zamazenta|par
|
|-weather|none
|upkeep
|turn|21
|
|t:|1769405572
|move|p1a: Gholdengo|Recover|p1a: Gholdengo
|-heal|p1a: Gholdengo|100/100
|move|p2a: Zamazenta|Crunch|p1a: Gholdengo
|-supereffective|p1a: Gholdengo
|-damage|p1a: Gholdengo|69/100
|
|upkeep
|turn|22
|
|t:|1769405576
|move|p1a: Gholdengo|Hex|p2a: Zamazenta
|-damage|p2a: Zamazenta|47/100 par
|move|p2a: Zamazenta|Crunch|p1a: Gholdengo
|-supereffective|p1a: Gholdengo
|-damage|p1a: Gholdengo|39/100
|
|-heal|p2a: Zamazenta|53/100 par|[from] item: Leftovers
|upkeep
|turn|23
|
|t:|1769405581
|move|p1a: Gholdengo|Recover|p1a: Gholdengo
|-heal|p1a: Gholdengo|89/100
|cant|p2a: Zamazenta|par
|
|-heal|p2a: Zamazenta|59/100 par|[from] item: Leftovers
|upkeep
|turn|24
|
|t:|1769405585
|switch|p1a: Lokix|Lokix, F|88/100 par
|move|p2a: Zamazenta|Crunch|p1a: Lokix
|-resisted|p1a: Lokix
|-damage|p1a: Lokix|71/100 par
|-unboost|p1a: Lokix|def|1
|
|-heal|p2a: Zamazenta|65/100 par|[from] item: Leftovers
|upkeep
|turn|25
|
|t:|1769405588
|move|p2a: Zamazenta|Iron Defense|p2a: Zamazenta
|-boost|p2a: Zamazenta|def|2
|cant|p1a: Lokix|par
|
|-heal|p2a: Zamazenta|71/100 par|[from] item: Leftovers
|upkeep
|turn|26
|
|t:|1769405595
|move|p2a: Zamazenta|Crunch|p1a: Lokix
|-resisted|p1a: Lokix
|-damage|p1a: Lokix|45/100 par
|move|p1a: Lokix|Knock Off|p2a: Zamazenta
|-resisted|p2a: Zamazenta
|-damage|p2a: Zamazenta|53/100 par
|-enditem|p2a: Zamazenta|Leftovers|[from] move: Knock Off|[of] p1a: Lokix
|
|upkeep
|turn|27
|
|t:|1769405601
|move|p2a: Zamazenta|Iron Defense|p2a: Zamazenta
|-boost|p2a: Zamazenta|def|2
|move|p1a: Lokix|U-turn|p2a: Zamazenta
|-resisted|p2a: Zamazenta
|-damage|p2a: Zamazenta|45/100 par
|
|t:|1769405604
|switch|p1a: Gholdengo|Gholdengo, shiny|89/100|[from] U-turn
|
|upkeep
|turn|28
|
|t:|1769405607
|move|p1a: Gholdengo|Hex|p2a: Zamazenta
|-damage|p2a: Zamazenta|0 fnt
|faint|p2a: Zamazenta
|
|win|FOENEM STAR
|raw|FOENEM STAR's rating: 1236 &rarr; <strong>1260</strong><br />(+24 for winning)
|raw|gmdnutmeg's rating: 1226 &rarr; <strong>1202</strong><br />(-24 for losing)
|l|☆gmdnutmeg
|player|p2|
|l| J Pokemon Master M
