|j|☆ferrydiscs
|j|☆blabab
|t:|1769310293
|gametype|singles
|player|p1|ferrydiscs|will|1496
|player|p2|blabab|miku-ground|1503
|gen|9
|tier|[Gen 9] OU
|rated|
|rule|HP Percentage Mod: HP is shown in percentages
|rule|Endless Battle Clause: Forcing endless battles is banned
|rule|Species Clause: Limit one of each Pokémon
|rule|OHKO Clause: OHKO moves are banned
|rule|Evasion Items Clause: Evasion items are banned
|rule|Evasion Moves Clause: Evasion moves are banned
|rule|Evasion Abilities Clause: Evasion abilities are banned
|rule|Sleep Moves Clause: Sleep-inducing moves are banned
|clearpoke
|poke|p1|Tyranitar, M|
|poke|p1|Excadrill, M|
|poke|p1|Tornadus-Therian, M|
|poke|p1|Tinkaton, F|
|poke|p1|Sinistcha|
|poke|p1|Toxapex, M|
|poke|p2|Pecharunt|
|poke|p2|Alomomola, M|
|poke|p2|Iron Treads|
|poke|p2|Samurott-Hisui, F|
|poke|p2|Landorus-Therian, M|
|poke|p2|Iron Moth|
|teampreview
|inactive|Battle timer is ON: inactive players will automatically lose when time's up. (requested by blabab)
|
|t:|1769310305
|teamsize|p1|6
|teamsize|p2|6
|start
|switch|p1a: Tinkaton|Tinkaton, F, shiny|100/100
|switch|p2a: Samurott|Samurott-Hisui, F|100/100
|-item|p1a: Tinkaton|Air Balloon
|turn|1
|
|t:|1769310319
|move|p1a: Tinkaton|Stealth Rock|p2a: Samurott
|-sidestart|p2: blabab|move: Stealth Rock
|move|p2a: Samurott|Flip Turn|p1a: Tinkaton
|-damage|p1a: Tinkaton|43/100
|-enditem|p1a: Tinkaton|Air Balloon
|-enditem|p2a: Samurott|Choice Band|[silent]|[from] ability: Pickpocket|[of] p2a: Samurott
|-item|p1a: Tinkaton|Choice Band|[from] ability: Pickpocket|[of] p2a: Samurott
|
|t:|1769310324
|switch|p2a: Iron Treads|Iron Treads|100/100|[from] Flip Turn
|-damage|p2a: Iron Treads|97/100|[from] Stealth Rock
|
|upkeep
|turn|2
|
|t:|1769310335
|switch|p1a: Toxapex|Toxapex, M, shiny|100/100
|move|p2a: Iron Treads|Knock Off|p1a: Toxapex
|-damage|p1a: Toxapex|79/100
|-enditem|p1a: Toxapex|Eject Button|[from] move: Knock Off|[of] p2a: Iron Treads
|
|upkeep
|turn|3
|
|t:|1769310348
|switch|p1a: Tornadus|Tornadus-Therian, M, shiny|100/100
|move|p2a: Iron Treads|Rapid Spin|p1a: Tornadus
|-damage|p1a: Tornadus|78/100
|-boost|p2a: Iron Treads|spe|1
|-sideend|p2: blabab|Stealth Rock|[from] move: Rapid Spin|[of] p2a: Iron Treads
|
|upkeep
|turn|4
|
|t:|1769310356
|switch|p1a: Tinkaton|Tinkaton, F, shiny|43/100
|move|p2a: Iron Treads|Knock Off|p1a: Tinkaton
|-resisted|p1a: Tinkaton
|-damage|p1a: Tinkaton|23/100
|-enditem|p1a: Tinkaton|Choice Band|[from] move: Knock Off|[of] p2a: Iron Treads
|-enditem|p2a: Iron Treads|Assault Vest|[silent]|[from] ability: Pickpocket|[of] p2a: Iron Treads
|-item|p1a: Tinkaton|Assault Vest|[from] ability: Pickpocket|[of] p2a: Iron Treads
|
|upkeep
|turn|5
|
|t:|1769310366
|switch|p1a: Sinistcha|Sinistcha, shiny|100/100
|move|p2a: Iron Treads|Earthquake|p1a: Sinistcha
|-resisted|p1a: Sinistcha
|-damage|p1a: Sinistcha|84/100
|
|-heal|p1a: Sinistcha|90/100|[from] item: Leftovers
|upkeep
|turn|6
|inactive|ferrydiscs has 120 seconds left.
|
|t:|1769310401
|switch|p1a: Tyranitar|Tyranitar, M, shiny|100/100
|-weather|Sandstorm|[from] ability: Sand Stream|[of] p1a: Tyranitar
|move|p2a: Iron Treads|Knock Off|p1a: Tyranitar
|-resisted|p1a: Tyranitar
|-damage|p1a: Tyranitar|86/100
|-enditem|p1a: Tyranitar|Choice Band|[from] move: Knock Off|[of] p2a: Iron Treads
|
|-weather|Sandstorm|[upkeep]
|upkeep
|turn|7
|
|t:|1769310412
|switch|p1a: Sinistcha|Sinistcha, shiny|90/100
|move|p2a: Iron Treads|Earthquake|p1a: Sinistcha
|-resisted|p1a: Sinistcha
|-damage|p1a: Sinistcha|74/100
|
|-weather|Sandstorm|[upkeep]
|-damage|p1a: Sinistcha|68/100|[from] Sandstorm
|-heal|p1a: Sinistcha|74/100|[from] item: Leftovers
|upkeep
|turn|8
|
|t:|1769310415
|move|p2a: Iron Treads|Knock Off|p1a: Sinistcha
|-supereffective|p1a: Sinistcha
|-damage|p1a: Sinistcha|31/100
|-enditem|p1a: Sinistcha|Leftovers|[from] move: Knock Off|[of] p2a: Iron Treads
|move|p1a: Sinistcha|Shadow Ball|p2a: Iron Treads
|-damage|p2a: Iron Treads|49/100
|
|-weather|Sandstorm|[upkeep]
|-damage|p1a: Sinistcha|25/100|[from] Sandstorm
|upkeep
|turn|9
|
|t:|1769310421
|move|p2a: Iron Treads|Knock Off|p1a: Sinistcha
|-supereffective|p1a: Sinistcha
|-damage|p1a: Sinistcha|0 fnt
|faint|p1a: Sinistcha
|
|-weather|Sandstorm|[upkeep]
|upkeep
|
|t:|1769310424
|switch|p1a: Excadrill|Excadrill, M, shiny|100/100
|turn|10
|
|t:|1769310437
|switch|p1a: Tornadus|Tornadus-Therian, M, shiny|100/100
|-end|p2a: Iron Treads|Quark Drive|[silent]
|switch|p2a: Landorus|Landorus-Therian, M|100/100
|-ability|p2a: Landorus|Intimidate|boost
|-unboost|p1a: Tornadus|atk|1
|
|-weather|none
|upkeep
|turn|11
|
|t:|1769310450
|switch|p2a: Alomomola|Alomomola, M|100/100
|move|p1a: Tornadus|Bleakwind Storm|p2a: Alomomola
|-damage|p2a: Alomomola|61/100
|
|upkeep
|turn|12
|
|t:|1769310455
|switch|p1a: Toxapex|Toxapex, M, shiny|100/100
|move|p2a: Alomomola|Flip Turn|p1a: Toxapex
|-resisted|p1a: Toxapex
|-damage|p1a: Toxapex|95/100
|
|t:|1769310462
|switch|p2a: Samurott|Samurott-Hisui, F|100/100|[from] Flip Turn
|
|upkeep
|turn|13
|
|t:|1769310465
|move|p2a: Samurott|Ceaseless Edge|p1a: Toxapex
|-damage|p1a: Toxapex|63/100
|-sidestart|p1: ferrydiscs|Spikes
|move|p1a: Toxapex|Toxic|p2a: Samurott
|-status|p2a: Samurott|tox
|
|-damage|p2a: Samurott|94/100 tox|[from] psn
|upkeep
|turn|14
|
|t:|1769310493
|switch|p1a: Tornadus|Tornadus-Therian, M, shiny|100/100
|move|p2a: Samurott|Ceaseless Edge|p1a: Tornadus
|-damage|p1a: Tornadus|36/100
|-sidestart|p1: ferrydiscs|Spikes
|
|-damage|p2a: Samurott|82/100 tox|[from] psn
|upkeep
|turn|15
|
|t:|1769310510
|switch|p2a: Alomomola|Alomomola, M|94/100
|move|p1a: Tornadus|Bleakwind Storm|p2a: Alomomola
|-damage|p2a: Alomomola|49/100
|
|upkeep
|turn|16
|
|t:|1769310515
|-terastallize|p1a: Tornadus|Flying
|move|p1a: Tornadus|Bleakwind Storm|p2a: Alomomola
|-damage|p2a: Alomomola|0 fnt
|faint|p2a: Alomomola
|
|upkeep
|
|t:|1769310528
|switch|p2a: Samurott|Samurott-Hisui, F|82/100 tox
|turn|17
|
|t:|1769310539
|switch|p1a: Tinkaton|Tinkaton, F, shiny|23/100
|-damage|p1a: Tinkaton|7/100|[from] Spikes
|move|p2a: Samurott|Ceaseless Edge|p1a: Tinkaton
|-resisted|p1a: Tinkaton
|-damage|p1a: Tinkaton|0 fnt
|-sidestart|p1: ferrydiscs|Spikes
|faint|p1a: Tinkaton
|
|-damage|p2a: Samurott|76/100 tox|[from] psn
|upkeep
|
|t:|1769310547
|switch|p1a: Tornadus|Tornadus-Therian, M, shiny, tera:Flying|69/100
|turn|18
|
|t:|1769310572
|-terastallize|p2a: Samurott|Dark
|move|p2a: Samurott|Sucker Punch|p1a: Tornadus
|-damage|p1a: Tornadus|5/100
|move|p1a: Tornadus|Bleakwind Storm|p2a: Samurott
|-damage|p2a: Samurott|0 fnt
|faint|p2a: Samurott
|
|upkeep
|inactive|blabab has 120 seconds left.
|
|t:|1769310583
|switch|p2a: Iron Treads|Iron Treads|49/100
|turn|19
|
|t:|1769310592
|move|p1a: Tornadus|Bleakwind Storm|p2a: Iron Treads
|-resisted|p2a: Iron Treads
|-damage|p2a: Iron Treads|0 fnt
|faint|p2a: Iron Treads
|-end|p2a: Iron Treads|Quark Drive|[silent]
|
|upkeep
|inactive|blabab has 120 seconds left.
|
|t:|1769310609
|switch|p2a: Iron Moth|Iron Moth|100/100
|turn|20
|
|t:|1769310636
|switch|p1a: Tyranitar|Tyranitar, M, shiny|86/100
|-damage|p1a: Tyranitar|61/100|[from] Spikes
|-weather|Sandstorm|[from] ability: Sand Stream|[of] p1a: Tyranitar
|move|p2a: Iron Moth|U-turn|p1a: Tyranitar
|-supereffective|p1a: Tyranitar
|-damage|p1a: Tyranitar|41/100
|
|t:|1769310646
|-end|p2a: Iron Moth|Quark Drive|[silent]
|switch|p2a: Landorus|Landorus-Therian, M|100/100|[from] U-turn
|-ability|p2a: Landorus|Intimidate|boost
|-unboost|p1a: Tyranitar|atk|1
|
|-weather|Sandstorm|[upkeep]
|upkeep
|turn|21
|
|t:|1769310664
|switch|p1a: Toxapex|Toxapex, M, shiny|96/100
|-damage|p1a: Toxapex|71/100|[from] Spikes
|move|p2a: Landorus|Stealth Rock|p1a: Toxapex
|-sidestart|p1: ferrydiscs|move: Stealth Rock
|
|-weather|Sandstorm|[upkeep]
|-damage|p1a: Toxapex|66/100|[from] Sandstorm
|upkeep
|turn|22
|
|t:|1769310674
|switch|p1a: Tornadus|Tornadus-Therian, M, shiny, tera:Flying|38/100
|-damage|p1a: Tornadus|14/100|[from] Stealth Rock
|move|p2a: Landorus|Taunt|p1a: Tornadus
|-start|p1a: Tornadus|move: Taunt
|
|-weather|Sandstorm|[upkeep]
|-damage|p1a: Tornadus|8/100|[from] Sandstorm
|upkeep
|turn|23
|
|t:|1769310681
|switch|p2a: Pecharunt|Pecharunt|100/100
|move|p1a: Tornadus|Bleakwind Storm|p2a: Pecharunt
|-damage|p2a: Pecharunt|0 fnt
|faint|p2a: Pecharunt
|
|-weather|Sandstorm|[upkeep]
|-damage|p1a: Tornadus|2/100|[from] Sandstorm
|upkeep
|
|t:|1769310687
|switch|p2a: Iron Moth|Iron Moth|100/100
|turn|24
|
|t:|1769310690
|switch|p1a: Toxapex|Toxapex, M, shiny|99/100
|-damage|p1a: Toxapex|74/100|[from] Spikes
|-damage|p1a: Toxapex|62/100|[from] Stealth Rock
|move|p2a: Iron Moth|Flamethrower|p1a: Toxapex
|-resisted|p1a: Toxapex
|-damage|p1a: Toxapex|44/100
|
|-weather|none
|upkeep
|turn|25
|
|t:|1769310697
|move|p2a: Iron Moth|Sludge Wave|p1a: Toxapex
|-resisted|p1a: Toxapex
|-damage|p1a: Toxapex|25/100
|move|p1a: Toxapex|Recover|p1a: Toxapex
|-heal|p1a: Toxapex|75/100
|
|upkeep
|turn|26
|
|t:|1769310704
|switch|p1a: Tyranitar|Tyranitar, M, shiny|41/100
|-damage|p1a: Tyranitar|16/100|[from] Spikes
|-damage|p1a: Tyranitar|4/100|[from] Stealth Rock
|-weather|Sandstorm|[from] ability: Sand Stream|[of] p1a: Tyranitar
|move|p2a: Iron Moth|U-turn|p1a: Tyranitar
|-supereffective|p1a: Tyranitar
|-damage|p1a: Tyranitar|0 fnt
|faint|p1a: Tyranitar
|
|t:|1769310706
|-end|p2a: Iron Moth|Quark Drive|[silent]
|switch|p2a: Landorus|Landorus-Therian, M|100/100|[from] U-turn
|
|-weather|Sandstorm|[upkeep]
|upkeep
|
|t:|1769310712
|switch|p1a: Tornadus|Tornadus-Therian, M, shiny, tera:Flying|35/100
|-damage|p1a: Tornadus|10/100|[from] Stealth Rock
|turn|27
|
|t:|1769310718
|move|p1a: Tornadus|Bleakwind Storm|p2a: Landorus
|-damage|p2a: Landorus|0 fnt
|faint|p2a: Landorus
|
|-weather|Sandstorm|[upkeep]
|-damage|p1a: Tornadus|4/100|[from] Sandstorm
|upkeep
|
|t:|1769310720
|switch|p2a: Iron Moth|Iron Moth|100/100
|turn|28
|
|t:|1769310722
|move|p1a: Tornadus|Bleakwind Storm|p2a: Iron Moth
|-damage|p2a: Iron Moth|0 fnt
|faint|p2a: Iron Moth
|-end|p2a: Iron Moth|Quark Drive|[silent]
|
|win|ferrydiscs
|raw|ferrydiscs's rating: 1496 &rarr; <strong>1516</strong><br />(+20 for winning)
|raw|blabab's rating: 1503 &rarr; <strong>1483</strong><br />(-20 for losing)
|l|☆blabab
|player|p2|
