|j|☆ats2
|j|☆Supertoki1
|t:|1769386095
|gametype|singles
|player|p1|ats2|170|1040
|player|p2|Supertoki1|volkner|1070
|gen|9
|tier|[Gen 9] OU
|rated|
|rule|HP Percentage Mod: HP is shown in percentages
|rule|Endless Battle Clause: Forcing endless battles is banned
|rule|Species Clause: Limit one of each Pokémon
|rule|OHKO Clause: OHKO moves are banned
|rule|Evasion Items Clause: Evasion items are banned
|rule|Evasion Moves Clause: Evasion moves are banned
|rule|Evasion Abilities Clause: Evasion abilities are banned
|rule|Sleep Moves Clause: Sleep-inducing moves are banned
|clearpoke
|poke|p1|Garchomp, M|
|poke|p1|Tyranitar, M|
|poke|p1|Iron Treads|
|poke|p1|Deoxys-Speed|
|poke|p1|Ogerpon-Wellspring, F|
|poke|p1|Landorus-Therian, M|
|poke|p2|Glalie, F|
|poke|p2|Swampert, F|
|poke|p2|Porygon-Z|
|poke|p2|Mimikyu, F|
|poke|p2|Salamence, M|
|poke|p2|Arcanine, M|
|teampreview
|inactive|Battle timer is ON: inactive players will automatically lose when time's up. (requested by Supertoki1)
|
|t:|1769386107
|teamsize|p1|6
|teamsize|p2|6
|start
|switch|p1a: Deoxys|Deoxys-Speed|100/100
|switch|p2a: Glalie|Glalie, F|100/100
|-ability|p1a: Deoxys|Pressure
|turn|1
|
|t:|1769386115
|move|p1a: Deoxys|Thunder Wave|p2a: Glalie
|-status|p2a: Glalie|par
|move|p2a: Glalie|Taunt|p1a: Deoxys
|-start|p1a: Deoxys|move: Taunt
|
|upkeep
|turn|2
|
|t:|1769386122
|switch|p1a: Landorus|Landorus-Therian, M|100/100
|-ability|p1a: Landorus|Intimidate|boost
|-fail|p2a: Glalie|unboost|Attack|[from] ability: Inner Focus|[of] p2a: Glalie
|move|p2a: Glalie|Spikes|p1a: Landorus
|-sidestart|p1: ats2|Spikes
|
|upkeep
|turn|3
|
|t:|1769386130
|move|p2a: Glalie|Ice Shard|p1a: Landorus
|-supereffective|p1a: Landorus
|-damage|p1a: Landorus|28/100
|move|p1a: Landorus|U-turn|p2a: Glalie
|-damage|p2a: Glalie|67/100 par
|
|t:|1769386135
|switch|p1a: Deoxys|Deoxys-Speed|100/100|[from] U-turn
|-damage|p1a: Deoxys|88/100|[from] Spikes
|-ability|p1a: Deoxys|Pressure
|
|upkeep
|turn|4
|
|t:|1769386142
|move|p1a: Deoxys|Stealth Rock|p2a: Glalie
|-sidestart|p2: Supertoki1|move: Stealth Rock
|move|p2a: Glalie|Spikes|p1a: Deoxys
|-sidestart|p1: ats2|Spikes
|
|upkeep
|turn|5
|
|t:|1769386147
|move|p1a: Deoxys|Spikes|p2a: Glalie
|-sidestart|p2: Supertoki1|Spikes
|move|p2a: Glalie|Taunt|p1a: Deoxys
|-start|p1a: Deoxys|move: Taunt
|
|upkeep
|turn|6
|
|t:|1769386154
|move|p1a: Deoxys|Psychic|p2a: Glalie
|-damage|p2a: Glalie|19/100 par
|-unboost|p2a: Glalie|spd|1
|cant|p2a: Glalie|par
|
|upkeep
|turn|7
|
|t:|1769386159
|move|p1a: Deoxys|Psychic|p2a: Glalie
|-damage|p2a: Glalie|0 fnt
|faint|p2a: Glalie
|
|upkeep
|
|t:|1769386163
|switch|p2a: Swampert|Swampert, F|100/100
|-damage|p2a: Swampert|94/100|[from] Stealth Rock
|-damage|p2a: Swampert|82/100|[from] Spikes
|turn|8
|
|t:|1769386167
|move|p1a: Deoxys|Psychic|p2a: Swampert
|-damage|p2a: Swampert|54/100
|move|p2a: Swampert|Stealth Rock|p1a: Deoxys
|-sidestart|p1: ats2|move: Stealth Rock
|
|-heal|p2a: Swampert|60/100|[from] item: Leftovers
|-end|p1a: Deoxys|move: Taunt
|upkeep
|turn|9
|
|t:|1769386181
|move|p1a: Deoxys|Psychic|p2a: Swampert
|-damage|p2a: Swampert|33/100
|move|p2a: Swampert|Earthquake|p1a: Deoxys
|-damage|p1a: Deoxys|41/100
|
|-heal|p2a: Swampert|39/100|[from] item: Leftovers
|upkeep
|turn|10
|
|t:|1769386189
|move|p1a: Deoxys|Psychic|p2a: Swampert
|-damage|p2a: Swampert|14/100
|move|p2a: Swampert|Earthquake|p1a: Deoxys
|-damage|p1a: Deoxys|0 fnt
|faint|p1a: Deoxys
|
|-heal|p2a: Swampert|20/100|[from] item: Leftovers
|upkeep
|
|t:|1769386199
|switch|p1a: Landorus|Landorus-Therian, M|28/100
|-damage|p1a: Landorus|16/100|[from] Stealth Rock
|-ability|p1a: Landorus|Intimidate|boost
|-unboost|p2a: Swampert|atk|1
|turn|11
|
|t:|1769386206
|move|p1a: Landorus|U-turn|p2a: Swampert
|-damage|p2a: Swampert|2/100
|
|t:|1769386212
|switch|p1a: Tyranitar|Tyranitar, M|100/100|[from] U-turn
|-damage|p1a: Tyranitar|84/100|[from] Spikes
|-damage|p1a: Tyranitar|72/100|[from] Stealth Rock
|-weather|Sandstorm|[from] ability: Sand Stream|[of] p1a: Tyranitar
|move|p2a: Swampert|Roar|p1a: Tyranitar
|drag|p1a: Garchomp|Garchomp, M|100/100
|-damage|p1a: Garchomp|84/100|[from] Spikes
|-damage|p1a: Garchomp|78/100|[from] Stealth Rock
|
|-weather|Sandstorm|[upkeep]
|-heal|p2a: Swampert|8/100|[from] item: Leftovers
|upkeep
|turn|12
|
|t:|1769386228
|move|p1a: Garchomp|Crunch|p2a: Swampert
|-damage|p2a: Swampert|0 fnt
|faint|p2a: Swampert
|
|-weather|Sandstorm|[upkeep]
|upkeep
|
|t:|1769386241
|switch|p2a: Mimikyu|Mimikyu, F|100/100
|-damage|p2a: Mimikyu|88/100|[from] Stealth Rock
|-damage|p2a: Mimikyu|76/100|[from] Spikes
|turn|13
|
|t:|1769386247
|move|p1a: Garchomp|Iron Head|p2a: Mimikyu
|-activate|p2a: Mimikyu|ability: Disguise
|-damage|p2a: Mimikyu|76/100
|detailschange|p2a: Mimikyu|Mimikyu-Busted, F
|-damage|p2a: Mimikyu|63/100|[from] pokemon: Mimikyu-Busted
|move|p2a: Mimikyu|Swords Dance|p2a: Mimikyu
|-boost|p2a: Mimikyu|atk|2
|
|-weather|Sandstorm|[upkeep]
|-damage|p2a: Mimikyu|57/100|[from] Sandstorm
|upkeep
|turn|14
|
|t:|1769386255
|move|p2a: Mimikyu|Shadow Sneak|p1a: Garchomp
|-damage|p1a: Garchomp|34/100
|-damage|p2a: Mimikyu|45/100|[from] ability: Rough Skin|[of] p1a: Garchomp
|-damage|p2a: Mimikyu|29/100|[from] item: Rocky Helmet|[of] p1a: Garchomp
|-damage|p2a: Mimikyu|19/100|[from] item: Life Orb
|move|p1a: Garchomp|Iron Head|p2a: Mimikyu
|-supereffective|p2a: Mimikyu
|-damage|p2a: Mimikyu|0 fnt
|faint|p2a: Mimikyu
|
|-weather|Sandstorm|[upkeep]
|upkeep
|
|t:|1769386261
|switch|p2a: Porygon-Z|Porygon-Z|100/100
|-damage|p2a: Porygon-Z|88/100|[from] Stealth Rock
|-damage|p2a: Porygon-Z|76/100|[from] Spikes
|-ability|p2a: Porygon-Z|Download|boost
|-boost|p2a: Porygon-Z|spa|1
|turn|15
|
|t:|1769386271
|move|p1a: Garchomp|Dragon Claw|p2a: Porygon-Z
|-damage|p2a: Porygon-Z|17/100
|move|p2a: Porygon-Z|Tri Attack|p1a: Garchomp
|-damage|p1a: Garchomp|0 fnt
|faint|p1a: Garchomp
|-damage|p2a: Porygon-Z|7/100|[from] item: Life Orb
|
|-weather|none
|upkeep
|
|t:|1769386275
|switch|p1a: Tyranitar|Tyranitar, M|72/100
|-damage|p1a: Tyranitar|55/100|[from] Spikes
|-damage|p1a: Tyranitar|43/100|[from] Stealth Rock
|-weather|Sandstorm|[from] ability: Sand Stream|[of] p1a: Tyranitar
|turn|16
|
|t:|1769386289
|move|p2a: Porygon-Z|Thunderbolt|p1a: Tyranitar
|-damage|p1a: Tyranitar|3/100
|-damage|p2a: Porygon-Z|0 fnt|[from] item: Life Orb
|faint|p2a: Porygon-Z
|move|p1a: Tyranitar|Knock Off|p2: Porygon-Z|[notarget]
|-fail|p1a: Tyranitar
|
|-weather|Sandstorm|[upkeep]
|upkeep
|
|t:|1769386292
|switch|p2a: Arcanine|Arcanine, M|100/100
|-ability|p2a: Arcanine|Intimidate|boost
|-unboost|p1a: Tyranitar|atk|1
|turn|17
|
|t:|1769386296
|move|p2a: Arcanine|Extreme Speed|p1a: Tyranitar
|-resisted|p1a: Tyranitar
|-damage|p1a: Tyranitar|0 fnt
|faint|p1a: Tyranitar
|
|-weather|Sandstorm|[upkeep]
|-damage|p2a: Arcanine|94/100|[from] Sandstorm
|upkeep
|
|t:|1769386304
|switch|p1a: Landorus|Landorus-Therian, M|16/100
|-damage|p1a: Landorus|3/100|[from] Stealth Rock
|-ability|p1a: Landorus|Intimidate|boost
|-unboost|p2a: Arcanine|atk|1
|turn|18
|
|t:|1769386316
|move|p2a: Arcanine|Extreme Speed|p1a: Landorus
|-damage|p1a: Landorus|0 fnt
|faint|p1a: Landorus
|
|-weather|Sandstorm|[upkeep]
|-damage|p2a: Arcanine|88/100|[from] Sandstorm
|upkeep
|
|t:|1769386325
|switch|p1a: Iron Treads|Iron Treads|100/100
|-damage|p1a: Iron Treads|84/100|[from] Spikes
|-damage|p1a: Iron Treads|81/100|[from] Stealth Rock
|-enditem|p1a: Iron Treads|Booster Energy
|-activate|p1a: Iron Treads|ability: Quark Drive|[fromitem]
|-start|p1a: Iron Treads|quarkdrivespe
|turn|19
|
|t:|1769386340
|-terastallize|p2a: Arcanine|Fairy
|move|p1a: Iron Treads|Knock Off|p2a: Arcanine
|-resisted|p2a: Arcanine
|-damage|p2a: Arcanine|76/100
|-enditem|p2a: Arcanine|Heavy-Duty Boots|[from] move: Knock Off|[of] p1a: Iron Treads
|move|p2a: Arcanine|Flamethrower|p1a: Iron Treads
|-supereffective|p1a: Iron Treads
|-damage|p1a: Iron Treads|2/100
|
|-weather|Sandstorm|[upkeep]
|-damage|p2a: Arcanine|70/100|[from] Sandstorm
|upkeep
|turn|20
|
|t:|1769386352
|move|p2a: Arcanine|Extreme Speed|p1a: Iron Treads
|-resisted|p1a: Iron Treads
|-damage|p1a: Iron Treads|0 fnt
|faint|p1a: Iron Treads
|-end|p1a: Iron Treads|Quark Drive|[silent]
|
|-weather|none
|upkeep
|
|t:|1769386354
|switch|p1a: Ogerpon|Ogerpon-Wellspring, F|100/100
|-damage|p1a: Ogerpon|84/100|[from] Spikes
|-damage|p1a: Ogerpon|72/100|[from] Stealth Rock
|turn|21
|
|t:|1769386362
|move|p1a: Ogerpon|Leech Seed|p2a: Arcanine
|-start|p2a: Arcanine|move: Leech Seed
|move|p2a: Arcanine|Will-O-Wisp|p1a: Ogerpon
|-status|p1a: Ogerpon|brn
|
|-damage|p2a: Arcanine|58/100|[from] Leech Seed|[of] p1a: Ogerpon
|-heal|p1a: Ogerpon|85/100 brn|[silent]
|-damage|p1a: Ogerpon|79/100 brn|[from] brn
|upkeep
|turn|22
|
|t:|1769386376
|move|p2a: Arcanine|Extreme Speed|p1a: Ogerpon
|-damage|p1a: Ogerpon|64/100 brn
|move|p1a: Ogerpon|Ivy Cudgel|p2a: Arcanine|[anim] Ivy Cudgel Water
|-damage|p2a: Arcanine|39/100
|
|-damage|p2a: Arcanine|26/100|[from] Leech Seed|[of] p1a: Ogerpon
|-heal|p1a: Ogerpon|77/100 brn|[silent]
|-damage|p1a: Ogerpon|71/100 brn|[from] brn
|upkeep
|turn|23
|
|t:|1769386380
|move|p1a: Ogerpon|Spiky Shield|p1a: Ogerpon
|-singleturn|p1a: Ogerpon|move: Protect
|move|p2a: Arcanine|Morning Sun|p2a: Arcanine
|-heal|p2a: Arcanine|76/100
|
|-damage|p2a: Arcanine|64/100|[from] Leech Seed|[of] p1a: Ogerpon
|-heal|p1a: Ogerpon|84/100 brn|[silent]
|-damage|p1a: Ogerpon|78/100 brn|[from] brn
|upkeep
|turn|24
|
|t:|1769386391
|move|p2a: Arcanine|Extreme Speed|p1a: Ogerpon
|-damage|p1a: Ogerpon|63/100 brn
|move|p1a: Ogerpon|Ivy Cudgel|p2a: Arcanine|[anim] Ivy Cudgel Water
|-damage|p2a: Arcanine|45/100
|
|-damage|p2a: Arcanine|33/100|[from] Leech Seed|[of] p1a: Ogerpon
|-heal|p1a: Ogerpon|76/100 brn|[silent]
|-damage|p1a: Ogerpon|70/100 brn|[from] brn
|upkeep
|turn|25
|
|t:|1769386404
|switch|p2a: Salamence|Salamence, M|100/100
|-damage|p2a: Salamence|76/100|[from] Stealth Rock
|move|p1a: Ogerpon|Horn Leech|p2a: Salamence
|-resisted|p2a: Salamence
|-damage|p2a: Salamence|70/100
|-heal|p1a: Ogerpon|73/100 brn|[from] drain|[of] p2a: Salamence
|
|-damage|p1a: Ogerpon|67/100 brn|[from] brn
|upkeep
|turn|26
|
|t:|1769386416
|move|p2a: Salamence|Dual Wingbeat|p1a: Ogerpon
|-supereffective|p1a: Ogerpon
|-crit|p1a: Ogerpon
|-damage|p1a: Ogerpon|1/100 brn
|-supereffective|p1a: Ogerpon
|-damage|p1a: Ogerpon|0 fnt
|faint|p1a: Ogerpon
|-hitcount|p1: Ogerpon|2
|
|win|Supertoki1
|raw|ats2's rating: 1040 &rarr; <strong>1025</strong><br />(-15 for losing)
|raw|Supertoki1's rating: 1070 &rarr; <strong>1097</strong><br />(+27 for winning)
|c|☆ats2|gg
|l|☆ats2
|player|p1|
