|j|☆MugiwaraNoNika
|j|☆OP Sand
|t:|1769319918
|gametype|singles
|player|p1|MugiwaraNoNika|2|1562
|player|p2|OP Sand|giovanni-masters|1591
|gen|9
|tier|[Gen 9] OU
|rated|
|rule|HP Percentage Mod: HP is shown in percentages
|rule|Endless Battle Clause: Forcing endless battles is banned
|rule|Species Clause: Limit one of each Pokémon
|rule|OHKO Clause: OHKO moves are banned
|rule|Evasion Items Clause: Evasion items are banned
|rule|Evasion Moves Clause: Evasion moves are banned
|rule|Evasion Abilities Clause: Evasion abilities are banned
|rule|Sleep Moves Clause: Sleep-inducing moves are banned
|clearpoke
|poke|p1|Cinderace, F|
|poke|p1|Landorus-Therian, M|
|poke|p1|Gholdengo|
|poke|p1|Clefable, F|
|poke|p1|Mimikyu, F|
|poke|p1|Toxapex, M|
|poke|p2|Excadrill, M|
|poke|p2|Tyranitar, M|
|poke|p2|Kyurem|
|poke|p2|Hawlucha, F|
|poke|p2|Pawmot, F|
|poke|p2|Leavanny, F|
|teampreview
|inactive|Battle timer is ON: inactive players will automatically lose when time's up. (requested by OP Sand)
|
|t:|1769319932
|teamsize|p1|6
|teamsize|p2|6
|start
|switch|p1a: Clefable|Clefable, F|100/100
|switch|p2a: Frieza|Kyurem, shiny|100/100
|-ability|p2a: Frieza|Pressure
|turn|1
|
|t:|1769319938
|move|p2a: Frieza|Earth Power|p1a: Clefable
|-damage|p1a: Clefable|69/100
|-unboost|p1a: Clefable|spd|1
|move|p1a: Clefable|Moonblast|p2a: Frieza
|-supereffective|p2a: Frieza
|-damage|p2a: Frieza|0 fnt
|faint|p2a: Frieza
|
|upkeep
|
|t:|1769319965
|switch|p2a: OP|Excadrill, M|100/100
|turn|2
|
|t:|1769319969
|switch|p1a: Landorus|Landorus-Therian, M|100/100
|-ability|p1a: Landorus|Intimidate|boost
|-unboost|p2a: OP|atk|1
|move|p2a: OP|Iron Head|p1a: Landorus
|-damage|p1a: Landorus|56/100
|
|-heal|p1a: Landorus|62/100|[from] item: Leftovers
|upkeep
|turn|3
|
|t:|1769319978
|switch|p2a: Leavanny|Leavanny, F|100/100
|move|p1a: Landorus|Earthquake|p2a: Leavanny
|-resisted|p2a: Leavanny
|-damage|p2a: Leavanny|83/100
|
|-heal|p1a: Landorus|68/100|[from] item: Leftovers
|upkeep
|turn|4
|
|t:|1769319986
|move|p2a: Leavanny|Knock Off|p1a: Landorus
|-damage|p1a: Landorus|40/100
|-enditem|p1a: Landorus|Leftovers|[from] move: Knock Off|[of] p2a: Leavanny
|move|p1a: Landorus|U-turn|p2a: Leavanny
|-supereffective|p2a: Leavanny
|-damage|p2a: Leavanny|16/100
|
|t:|1769319993
|switch|p1a: Cinderace|Cinderace, F|100/100|[from] U-turn
|
|upkeep
|turn|5
|
|t:|1769319996
|move|p2a: Leavanny|Knock Off|p1a: Cinderace
|-damage|p1a: Cinderace|53/100
|-enditem|p1a: Cinderace|Heavy-Duty Boots|[from] move: Knock Off|[of] p2a: Leavanny
|move|p1a: Cinderace|U-turn|p2a: Leavanny
|-start|p1a: Cinderace|typechange|Bug|[from] ability: Libero
|-supereffective|p2a: Leavanny
|-damage|p2a: Leavanny|0 fnt
|faint|p2a: Leavanny
|
|t:|1769320013
|switch|p1a: Gholdengo|Gholdengo|100/100|[from] U-turn
|
|upkeep
|
|t:|1769320022
|switch|p2a: OP|Excadrill, M|100/100
|turn|6
|
|t:|1769320027
|-terastallize|p1a: Gholdengo|Fighting
|move|p1a: Gholdengo|Tera Blast|p2a: OP|[anim] Tera Blast Fighting
|-supereffective|p2a: OP
|-damage|p2a: OP|0 fnt
|faint|p2a: OP
|
|upkeep
|
|t:|1769320033
|switch|p2a: The sandstorm|Tyranitar, M, shiny|100/100
|-weather|Sandstorm|[from] ability: Sand Stream|[of] p2a: The sandstorm
|turn|7
|
|t:|1769320037
|-terastallize|p2a: The sandstorm|Ghost
|move|p1a: Gholdengo|Tera Blast|p2a: The sandstorm|[anim] Tera Blast Fighting
|-immune|p2a: The sandstorm
|move|p2a: The sandstorm|Stealth Rock|p1a: Gholdengo
|-sidestart|p1: MugiwaraNoNika|move: Stealth Rock
|
|-weather|Sandstorm|[upkeep]
|-damage|p1a: Gholdengo|94/100|[from] Sandstorm
|-damage|p2a: The sandstorm|94/100|[from] Sandstorm
|upkeep
|turn|8
|
|t:|1769320052
|switch|p1a: Landorus|Landorus-Therian, M|40/100
|-damage|p1a: Landorus|28/100|[from] Stealth Rock
|-ability|p1a: Landorus|Intimidate|boost
|-unboost|p2a: The sandstorm|atk|1
|move|p2a: The sandstorm|Ice Beam|p1a: Landorus
|-supereffective|p1a: Landorus
|-damage|p1a: Landorus|0 fnt
|faint|p1a: Landorus
|
|-weather|Sandstorm|[upkeep]
|-damage|p2a: The sandstorm|88/100|[from] Sandstorm
|upkeep
|
|t:|1769320064
|switch|p1a: Mimikyu|Mimikyu, F|100/100
|-damage|p1a: Mimikyu|88/100|[from] Stealth Rock
|turn|9
|
|t:|1769320071
|move|p1a: Mimikyu|Swords Dance|p1a: Mimikyu
|-boost|p1a: Mimikyu|atk|2
|move|p2a: The sandstorm|Ice Beam|p1a: Mimikyu
|-activate|p1a: Mimikyu|ability: Disguise
|-damage|p1a: Mimikyu|88/100
|detailschange|p1a: Mimikyu|Mimikyu-Busted, F
|-damage|p1a: Mimikyu|76/100|[from] pokemon: Mimikyu-Busted
|
|-weather|Sandstorm|[upkeep]
|-damage|p1a: Mimikyu|70/100|[from] Sandstorm
|-damage|p2a: The sandstorm|82/100|[from] Sandstorm
|upkeep
|turn|10
|j| idonteatpets
|
|t:|1769320085
|switch|p2a: Itachi|Hawlucha, F, shiny|100/100
|-ability|p2a: Itachi|Mold Breaker
|move|p1a: Mimikyu|Shadow Claw|p2a: Itachi
|-damage|p2a: Itachi|0 fnt
|faint|p2a: Itachi
|-damage|p1a: Mimikyu|60/100|[from] item: Life Orb
|
|-weather|Sandstorm|[upkeep]
|-damage|p1a: Mimikyu|54/100|[from] Sandstorm
|upkeep
|
|t:|1769320113
|switch|p2a: Porunga|Pawmot, F|100/100
|turn|11
|
|t:|1769320116
|move|p1a: Mimikyu|Shadow Sneak|p2a: Porunga
|-damage|p2a: Porunga|35/100
|-damage|p1a: Mimikyu|44/100|[from] item: Life Orb
|move|p2a: Porunga|Revival Blessing|p2a: Porunga
|-enditem|p2a: Porunga|Leppa Berry|[eat]
|-activate|p2a: Porunga|item: Leppa Berry|Revival Blessing|[consumed]
|
|t:|1769320128
|-heal|p2: OP|50/100|[from] move: Revival Blessing
|
|-weather|Sandstorm|[upkeep]
|-damage|p2a: Porunga|29/100|[from] Sandstorm
|-damage|p1a: Mimikyu|38/100|[from] Sandstorm
|upkeep
|turn|12
|j| sagdomz2
|
|t:|1769320154
|move|p1a: Mimikyu|Shadow Sneak|p2a: Porunga
|-damage|p2a: Porunga|0 fnt
|faint|p2a: Porunga
|-damage|p1a: Mimikyu|28/100|[from] item: Life Orb
|
|-weather|Sandstorm|[upkeep]
|-damage|p1a: Mimikyu|22/100|[from] Sandstorm
|upkeep
|inactive|OP Sand has 120 seconds left.
|inactive|OP Sand has 90 seconds left.
|
|t:|1769320236
|switch|p2a: The sandstorm|Tyranitar, M, shiny, tera:Ghost|82/100
|turn|13
|
|t:|1769320246
|move|p1a: Mimikyu|Shadow Claw|p2a: The sandstorm
|-supereffective|p2a: The sandstorm
|-damage|p2a: The sandstorm|0 fnt
|faint|p2a: The sandstorm
|-damage|p1a: Mimikyu|12/100|[from] item: Life Orb
|
|-weather|Sandstorm|[upkeep]
|-damage|p1a: Mimikyu|6/100|[from] Sandstorm
|upkeep
|inactive|OP Sand has 60 seconds left.
|-message|OP Sand forfeited.
|
|win|MugiwaraNoNika
|raw|MugiwaraNoNika's rating: 1562 &rarr; <strong>1584</strong><br />(+22 for winning)
|raw|OP Sand's rating: 1591 &rarr; <strong>1569</strong><br />(-22 for losing)
|l|☆OP Sand
|player|p2|
