|j|☆distantmonk
|j|☆tfhjfjhfj
|t:|1769328864
|gametype|singles
|player|p1|distantmonk|li|1059
|player|p2|tfhjfjhfj|102|1078
|gen|9
|tier|[Gen 9] OU
|rated|
|rule|HP Percentage Mod: HP is shown in percentages
|rule|Endless Battle Clause: Forcing endless battles is banned
|rule|Species Clause: Limit one of each Pokémon
|rule|OHKO Clause: OHKO moves are banned
|rule|Evasion Items Clause: Evasion items are banned
|rule|Evasion Moves Clause: Evasion moves are banned
|rule|Evasion Abilities Clause: Evasion abilities are banned
|rule|Sleep Moves Clause: Sleep-inducing moves are banned
|clearpoke
|poke|p1|Rillaboom, F|
|poke|p1|Lilligant-Hisui, F|
|poke|p1|Shiftry, M|
|poke|p1|Torkoal, F|
|poke|p1|Venusaur, F|
|poke|p1|Meowscarada, M|
|poke|p2|Deoxys-Speed|
|poke|p2|Darkrai|
|poke|p2|Great Tusk|
|poke|p2|Zapdos|
|poke|p2|Dondozo, M|
|poke|p2|Gholdengo|
|teampreview
|inactive|Battle timer is ON: inactive players will automatically lose when time's up. (requested by distantmonk)
|c|☆distantmonk|Hey ya
|
|t:|1769328879
|teamsize|p1|6
|teamsize|p2|6
|start
|switch|p1a: Torkoal|Torkoal, F|100/100
|switch|p2a: Deoxys|Deoxys-Speed|100/100
|-ability|p2a: Deoxys|Pressure
|-weather|SunnyDay|[from] ability: Drought|[of] p1a: Torkoal
|turn|1
|
|t:|1769328889
|move|p2a: Deoxys|Psycho Boost|p1a: Torkoal
|-damage|p1a: Torkoal|0 fnt
|-unboost|p2a: Deoxys|spa|2
|faint|p1a: Torkoal
|
|-weather|SunnyDay|[upkeep]
|upkeep
|
|t:|1769328898
|switch|p1a: Venusaur|Venusaur, F|100/100
|turn|2
|
|t:|1769328902
|switch|p2a: Zapdos|Zapdos|100/100
|-ability|p2a: Zapdos|Pressure
|move|p1a: Venusaur|Growth|p1a: Venusaur
|-boost|p1a: Venusaur|atk|2
|-boost|p1a: Venusaur|spa|2
|
|-weather|SunnyDay|[upkeep]
|upkeep
|turn|3
|
|t:|1769328911
|move|p1a: Venusaur|Weather Ball|p2a: Zapdos
|-damage|p2a: Zapdos|11/100
|move|p2a: Zapdos|Hurricane|p1a: Venusaur
|-supereffective|p1a: Venusaur
|-damage|p1a: Venusaur|11/100
|
|-weather|SunnyDay|[upkeep]
|upkeep
|turn|4
|
|t:|1769328925
|switch|p2a: Dondozo|Dondozo, M|100/100
|move|p1a: Venusaur|Weather Ball|p2a: Dondozo
|-resisted|p2a: Dondozo
|-damage|p2a: Dondozo|88/100
|
|-weather|SunnyDay|[upkeep]
|upkeep
|turn|5
|
|t:|1769328935
|move|p1a: Venusaur|Giga Drain|p2a: Dondozo
|-supereffective|p2a: Dondozo
|-damage|p2a: Dondozo|57/100
|-heal|p1a: Venusaur|37/100|[from] drain|[of] p2a: Dondozo
|move|p2a: Dondozo|Body Press|p1a: Venusaur
|-resisted|p1a: Venusaur
|-damage|p1a: Venusaur|23/100
|
|-weather|SunnyDay|[upkeep]
|upkeep
|turn|6
|
|t:|1769328945
|move|p1a: Venusaur|Giga Drain|p2a: Dondozo
|-supereffective|p2a: Dondozo
|-damage|p2a: Dondozo|23/100
|-heal|p1a: Venusaur|51/100|[from] drain|[of] p2a: Dondozo
|move|p2a: Dondozo|Earthquake|p1a: Venusaur
|-damage|p1a: Venusaur|19/100
|
|-weather|SunnyDay|[upkeep]
|upkeep
|turn|7
|
|t:|1769328954
|switch|p2a: Zapdos|Zapdos|11/100
|-ability|p2a: Zapdos|Pressure
|move|p1a: Venusaur|Giga Drain|p2a: Zapdos
|-resisted|p2a: Zapdos
|-damage|p2a: Zapdos|0 fnt
|-heal|p1a: Venusaur|25/100|[from] drain|[of] p2a: Zapdos
|faint|p2a: Zapdos
|
|-weather|SunnyDay|[upkeep]
|upkeep
|
|t:|1769328964
|switch|p2a: Deoxys|Deoxys-Speed|100/100
|-ability|p2a: Deoxys|Pressure
|turn|8
|
|t:|1769328969
|switch|p1a: Shiftry|Shiftry, M|100/100
|move|p2a: Deoxys|Ice Beam|p1a: Shiftry
|-supereffective|p1a: Shiftry
|-damage|p1a: Shiftry|0 fnt
|faint|p1a: Shiftry
|
|-weather|none
|upkeep
|
|t:|1769328974
|switch|p1a: Meowscarada|Meowscarada, M|100/100
|turn|9
|
|t:|1769328981
|move|p2a: Deoxys|Ice Beam|p1a: Meowscarada
|-supereffective|p1a: Meowscarada
|-damage|p1a: Meowscarada|0 fnt
|faint|p1a: Meowscarada
|
|upkeep
|-message|distantmonk forfeited.
|
|win|tfhjfjhfj
|raw|distantmonk's rating: 1059 &rarr; <strong>1041</strong><br />(-18 for losing)
|raw|tfhjfjhfj's rating: 1078 &rarr; <strong>1105</strong><br />(+27 for winning)
|l|☆distantmonk
|player|p1|
|l|☆tfhjfjhfj
|player|p2|
