|j|☆KingCSAlt
|j|☆thepippy27
|t:|1769380092
|gametype|singles
|player|p1|KingCSAlt|psychicf|1350
|player|p2|thepippy27|acetrainerf-gen4dp|1308
|gen|9
|tier|[Gen 9] OU
|rated|
|rule|HP Percentage Mod: HP is shown in percentages
|rule|Endless Battle Clause: Forcing endless battles is banned
|rule|Species Clause: Limit one of each Pokémon
|rule|OHKO Clause: OHKO moves are banned
|rule|Evasion Items Clause: Evasion items are banned
|rule|Evasion Moves Clause: Evasion moves are banned
|rule|Evasion Abilities Clause: Evasion abilities are banned
|rule|Sleep Moves Clause: Sleep-inducing moves are banned
|clearpoke
|poke|p1|Diancie|
|poke|p1|Garchomp, M|
|poke|p1|Rillaboom, M|
|poke|p1|Hatterene, F|
|poke|p1|Iron Hands|
|poke|p1|Crawdaunt, M|
|poke|p2|Iron Moth|
|poke|p2|Raging Bolt|
|poke|p2|Pecharunt|
|poke|p2|Deoxys-Speed|
|poke|p2|Great Tusk|
|poke|p2|Gholdengo|
|teampreview
|inactive|Battle timer is ON: inactive players will automatically lose when time's up. (requested by KingCSAlt)
|
|t:|1769380099
|teamsize|p1|6
|teamsize|p2|6
|start
|switch|p1a: Garchomp|Garchomp, M|100/100
|switch|p2a: Great Tusk|Great Tusk|100/100
|turn|1
|
|t:|1769380107
|move|p2a: Great Tusk|Stealth Rock|p1a: Garchomp
|-sidestart|p1: KingCSAlt|move: Stealth Rock
|move|p1a: Garchomp|Stealth Rock|p2a: Great Tusk
|-sidestart|p2: thepippy27|move: Stealth Rock
|
|upkeep
|turn|2
|
|t:|1769380112
|move|p2a: Great Tusk|Rapid Spin|p1a: Garchomp
|-damage|p1a: Garchomp|90/100
|-boost|p2a: Great Tusk|spe|1
|-damage|p2a: Great Tusk|88/100|[from] ability: Rough Skin|[of] p1a: Garchomp
|-damage|p2a: Great Tusk|72/100|[from] item: Rocky Helmet|[of] p1a: Garchomp
|-sideend|p2: thepippy27|Stealth Rock|[from] move: Rapid Spin|[of] p2a: Great Tusk
|move|p1a: Garchomp|Spikes|p2a: Great Tusk
|-sidestart|p2: thepippy27|Spikes
|
|upkeep
|turn|3
|
|t:|1769380119
|move|p2a: Great Tusk|Ice Spinner|p1a: Garchomp
|-supereffective|p1a: Garchomp
|-damage|p1a: Garchomp|18/100
|-damage|p2a: Great Tusk|59/100|[from] ability: Rough Skin|[of] p1a: Garchomp
|-damage|p2a: Great Tusk|43/100|[from] item: Rocky Helmet|[of] p1a: Garchomp
|move|p1a: Garchomp|Dragon Tail|p2a: Great Tusk
|-damage|p2a: Great Tusk|25/100
|-end|p2a: Great Tusk|Protosynthesis|[silent]
|drag|p2a: Iron Moth|Iron Moth|100/100
|-damage|p2a: Iron Moth|88/100|[from] Spikes
|-enditem|p2a: Iron Moth|Booster Energy
|-activate|p2a: Iron Moth|ability: Quark Drive|[fromitem]
|-start|p2a: Iron Moth|quarkdrivespe
|
|upkeep
|turn|4
|
|t:|1769380129
|move|p2a: Iron Moth|Fiery Dance|p1a: Garchomp
|-resisted|p1a: Garchomp
|-damage|p1a: Garchomp|0 fnt
|-boost|p2a: Iron Moth|spa|1
|faint|p1a: Garchomp
|
|upkeep
|
|t:|1769380139
|switch|p1a: Diancie|Diancie, shiny|100/100
|-damage|p1a: Diancie|88/100|[from] Stealth Rock
|turn|5
|
|t:|1769380145
|move|p2a: Iron Moth|Sludge Wave|p1a: Diancie
|-damage|p1a: Diancie|35/100
|move|p1a: Diancie|Trick Room|p1a: Diancie
|-fieldstart|move: Trick Room|[of] p1a: Diancie
|
|upkeep
|turn|6
|
|t:|1769380157
|-end|p2a: Iron Moth|Quark Drive|[silent]
|switch|p2a: Great Tusk|Great Tusk|25/100
|move|p1a: Diancie|Meteor Beam||[still]
|-prepare|p1a: Diancie|Meteor Beam
|-boost|p1a: Diancie|spa|1
|-enditem|p1a: Diancie|Power Herb
|-anim|p1a: Diancie|Meteor Beam|p2a: Great Tusk
|-resisted|p2a: Great Tusk
|-damage|p2a: Great Tusk|0 fnt
|faint|p2a: Great Tusk
|-end|p2a: Great Tusk|Protosynthesis|[silent]
|
|upkeep
|
|t:|1769380170
|switch|p2a: Raging Bolt|Raging Bolt|100/100
|-damage|p2a: Raging Bolt|88/100|[from] Spikes
|turn|7
|
|t:|1769380182
|-terastallize|p1a: Diancie|Ground
|move|p1a: Diancie|Earth Power|p2a: Raging Bolt
|-supereffective|p2a: Raging Bolt
|-damage|p2a: Raging Bolt|0 fnt
|faint|p2a: Raging Bolt
|-end|p2a: Raging Bolt|Protosynthesis|[silent]
|
|upkeep
|
|t:|1769380199
|switch|p2a: Pecharunt|Pecharunt|100/100
|turn|8
|
|t:|1769380204
|move|p1a: Diancie|Earth Power|p2a: Pecharunt
|-supereffective|p2a: Pecharunt
|-damage|p2a: Pecharunt|7/100
|move|p2a: Pecharunt|Malignant Chain|p1a: Diancie
|-resisted|p1a: Diancie
|-damage|p1a: Diancie|20/100
|
|upkeep
|turn|9
|
|t:|1769380215
|move|p1a: Diancie|Earth Power|p2a: Pecharunt
|-supereffective|p2a: Pecharunt
|-damage|p2a: Pecharunt|0 fnt
|faint|p2a: Pecharunt
|
|-fieldend|move: Trick Room
|upkeep
|
|t:|1769380224
|switch|p2a: Iron Moth|Iron Moth|88/100
|-damage|p2a: Iron Moth|76/100|[from] Spikes
|turn|10
|
|t:|1769380240
|move|p2a: Iron Moth|Fiery Dance|p1a: Diancie
|-damage|p1a: Diancie|0 fnt
|-boost|p2a: Iron Moth|spa|1
|faint|p1a: Diancie
|
|upkeep
|
|t:|1769380249
|switch|p1a: Crawdaunt|Crawdaunt, M|100/100
|-damage|p1a: Crawdaunt|88/100|[from] Stealth Rock
|turn|11
|
|t:|1769380253
|-end|p2a: Iron Moth|Quark Drive|[silent]
|switch|p2a: Deoxys|Deoxys-Speed|100/100
|-damage|p2a: Deoxys|88/100|[from] Spikes
|-ability|p2a: Deoxys|Pressure
|move|p1a: Crawdaunt|Aqua Jet|p2a: Deoxys
|-damage|p2a: Deoxys|18/100
|
|upkeep
|turn|12
|
|t:|1769380262
|move|p1a: Crawdaunt|Aqua Jet|p2a: Deoxys
|-damage|p2a: Deoxys|0 fnt
|faint|p2a: Deoxys
|
|upkeep
|
|t:|1769380263
|switch|p2a: Gholdengo|Gholdengo|100/100
|-item|p2a: Gholdengo|Air Balloon
|turn|13
|
|t:|1769380284
|move|p1a: Crawdaunt|Aqua Jet|p2a: Gholdengo
|-damage|p2a: Gholdengo|56/100
|-enditem|p2a: Gholdengo|Air Balloon
|move|p2a: Gholdengo|Thunder Wave|p1a: Crawdaunt
|-status|p1a: Crawdaunt|par
|
|upkeep
|turn|14
|
|t:|1769380291
|switch|p1a: Iron Hands|Iron Hands, shiny|100/100
|-damage|p1a: Iron Hands|94/100|[from] Stealth Rock
|-enditem|p1a: Iron Hands|Booster Energy
|-activate|p1a: Iron Hands|ability: Quark Drive|[fromitem]
|-start|p1a: Iron Hands|quarkdriveatk
|move|p2a: Gholdengo|Recover|p2a: Gholdengo
|-heal|p2a: Gholdengo|100/100
|
|upkeep
|turn|15
|
|t:|1769380301
|move|p2a: Gholdengo|Shadow Ball|p1a: Iron Hands
|-damage|p1a: Iron Hands|62/100
|move|p1a: Iron Hands|Swords Dance|p1a: Iron Hands
|-boost|p1a: Iron Hands|atk|2
|
|upkeep
|turn|16
|
|t:|1769380309
|move|p2a: Gholdengo|Shadow Ball|p1a: Iron Hands
|-damage|p1a: Iron Hands|26/100
|move|p1a: Iron Hands|Thunder Punch|p2a: Gholdengo
|-damage|p2a: Gholdengo|0 fnt
|faint|p2a: Gholdengo
|
|upkeep
|
|t:|1769380314
|switch|p2a: Iron Moth|Iron Moth|76/100
|-damage|p2a: Iron Moth|63/100|[from] Spikes
|turn|17
|
|t:|1769380319
|-terastallize|p2a: Iron Moth|Fire
|move|p2a: Iron Moth|Fiery Dance|p1a: Iron Hands
|-damage|p1a: Iron Hands|0 fnt
|-boost|p2a: Iron Moth|spa|1
|faint|p1a: Iron Hands
|-end|p1a: Iron Hands|Quark Drive|[silent]
|
|upkeep
|
|t:|1769380323
|switch|p1a: Crawdaunt|Crawdaunt, M|88/100 par
|-damage|p1a: Crawdaunt|76/100 par|[from] Stealth Rock
|turn|18
|
|t:|1769380332
|cant|p1a: Crawdaunt|par
|move|p2a: Iron Moth|Fiery Dance|p1a: Crawdaunt
|-resisted|p1a: Crawdaunt
|-damage|p1a: Crawdaunt|10/100 par
|
|upkeep
|turn|19
|
|t:|1769380337
|move|p1a: Crawdaunt|Aqua Jet|p2a: Iron Moth
|-supereffective|p2a: Iron Moth
|-crit|p2a: Iron Moth
|-damage|p2a: Iron Moth|0 fnt
|faint|p2a: Iron Moth
|-end|p2a: Iron Moth|Quark Drive|[silent]
|
|win|KingCSAlt
|raw|KingCSAlt's rating: 1350 &rarr; <strong>1368</strong><br />(+18 for winning)
|raw|thepippy27's rating: 1308 &rarr; <strong>1290</strong><br />(-18 for losing)
|c|☆KingCSAlt|GG
