|j|☆sebeck
|j|☆saibayman
|t:|1769326306
|gametype|singles
|player|p1|sebeck|101|1498
|player|p2|saibayman|169|1484
|gen|9
|tier|[Gen 9] OU
|rated|
|rule|HP Percentage Mod: HP is shown in percentages
|rule|Endless Battle Clause: Forcing endless battles is banned
|rule|Species Clause: Limit one of each Pokémon
|rule|OHKO Clause: OHKO moves are banned
|rule|Evasion Items Clause: Evasion items are banned
|rule|Evasion Moves Clause: Evasion moves are banned
|rule|Evasion Abilities Clause: Evasion abilities are banned
|rule|Sleep Moves Clause: Sleep-inducing moves are banned
|clearpoke
|poke|p1|Iron Boulder|
|poke|p1|Dragapult, F|
|poke|p1|Zapdos|
|poke|p1|Iron Crown|
|poke|p1|Great Tusk|
|poke|p1|Samurott-Hisui, M|
|poke|p2|Tyranitar, M|
|poke|p2|Great Tusk|
|poke|p2|Slowking-Galar, F|
|poke|p2|Gholdengo|
|poke|p2|Meowscarada, M|
|poke|p2|Moltres|
|teampreview
|inactive|Battle timer is ON: inactive players will automatically lose when time's up. (requested by saibayman)
|inactive|sebeck also wants the timer to be on.
|
|t:|1769326319
|teamsize|p1|6
|teamsize|p2|6
|start
|switch|p1a: Samurott|Samurott-Hisui, M, shiny|100/100
|switch|p2a: Meowscarada|Meowscarada, M|100/100
|turn|1
|
|t:|1769326328
|move|p1a: Samurott|Sacred Sword|p2a: Meowscarada
|-supereffective|p2a: Meowscarada
|-damage|p2a: Meowscarada|0 fnt
|faint|p2a: Meowscarada
|
|upkeep
|
|t:|1769326339
|switch|p2a: Gholdengo|Gholdengo|100/100
|turn|2
|
|t:|1769326351
|switch|p1a: Zapdos|Zapdos|100/100
|move|p2a: Gholdengo|Shadow Ball|p1a: Zapdos
|-damage|p1a: Zapdos|61/100
|
|upkeep
|turn|3
|
|t:|1769326357
|move|p2a: Gholdengo|Shadow Ball|p1a: Zapdos
|-damage|p1a: Zapdos|17/100
|move|p1a: Zapdos|Roost|p1a: Zapdos
|-heal|p1a: Zapdos|67/100
|-singleturn|p1a: Zapdos|move: Roost
|
|upkeep
|turn|4
|
|t:|1769326365
|move|p2a: Gholdengo|Shadow Ball|p1a: Zapdos
|-damage|p1a: Zapdos|28/100
|move|p1a: Zapdos|Roost|p1a: Zapdos
|-heal|p1a: Zapdos|78/100
|-singleturn|p1a: Zapdos|move: Roost
|
|upkeep
|turn|5
|
|t:|1769326372
|move|p2a: Gholdengo|Shadow Ball|p1a: Zapdos
|-damage|p1a: Zapdos|40/100
|-unboost|p1a: Zapdos|spd|1
|move|p1a: Zapdos|Roost|p1a: Zapdos
|-heal|p1a: Zapdos|90/100
|-singleturn|p1a: Zapdos|move: Roost
|
|upkeep
|turn|6
|
|t:|1769326381
|switch|p1a: Samurott|Samurott-Hisui, M, shiny|100/100
|move|p2a: Gholdengo|Shadow Ball|p1a: Samurott
|-resisted|p1a: Samurott
|-damage|p1a: Samurott|70/100
|
|upkeep
|turn|7
|
|t:|1769326389
|switch|p2a: Moltres|Moltres|100/100
|move|p1a: Samurott|Flip Turn|p2a: Moltres
|-supereffective|p2a: Moltres
|-damage|p2a: Moltres|50/100
|
|t:|1769326395
|switch|p1a: Zapdos|Zapdos|90/100|[from] Flip Turn
|
|upkeep
|turn|8
|
|t:|1769326400
|move|p1a: Zapdos|U-turn|p2a: Moltres
|-resisted|p2a: Moltres
|-damage|p2a: Moltres|47/100
|-status|p1a: Zapdos|brn|[from] ability: Flame Body|[of] p2a: Moltres
|
|t:|1769326405
|switch|p1a: Samurott|Samurott-Hisui, M, shiny|70/100|[from] U-turn
|move|p2a: Moltres|Roost|p2a: Moltres
|-heal|p2a: Moltres|97/100
|-singleturn|p2a: Moltres|move: Roost
|
|upkeep
|turn|9
|
|t:|1769326413
|move|p1a: Samurott|Razor Shell|p2a: Moltres
|-supereffective|p2a: Moltres
|-damage|p2a: Moltres|0 fnt
|faint|p2a: Moltres
|
|upkeep
|
|t:|1769326419
|switch|p2a: Slowking|Slowking-Galar, F|100/100
|turn|10
|
|t:|1769326426
|switch|p1a: Iron Crown|Iron Crown|100/100
|move|p2a: Slowking|Grass Knot|p1a: Iron Crown
|-resisted|p1a: Iron Crown
|-damage|p1a: Iron Crown|85/100
|
|upkeep
|turn|11
|
|t:|1769326440
|move|p1a: Iron Crown|Psyshock|p2a: Slowking
|-damage|p2a: Slowking|38/100
|move|p2a: Slowking|Ice Beam|p1a: Iron Crown
|-resisted|p1a: Iron Crown
|-damage|p1a: Iron Crown|70/100
|
|upkeep
|turn|12
|
|t:|1769326447
|-end|p1a: Iron Crown|Quark Drive|[silent]
|switch|p1a: Samurott|Samurott-Hisui, M, shiny|70/100
|switch|p2a: Tyranitar|Tyranitar, M|100/100
|-weather|Sandstorm|[from] ability: Sand Stream|[of] p2a: Tyranitar
|
|-weather|Sandstorm|[upkeep]
|-damage|p1a: Samurott|63/100|[from] Sandstorm
|upkeep
|turn|13
|
|t:|1769326457
|move|p1a: Samurott|Flip Turn|p2a: Tyranitar
|-supereffective|p2a: Tyranitar
|-damage|p2a: Tyranitar|71/100
|-damage|p1a: Samurott|47/100|[from] item: Rocky Helmet|[of] p2a: Tyranitar
|
|t:|1769326461
|switch|p1a: Great Tusk|Great Tusk|100/100|[from] Flip Turn
|move|p2a: Tyranitar|Low Kick|p1a: Great Tusk
|-crit|p1a: Great Tusk
|-damage|p1a: Great Tusk|65/100
|
|-weather|Sandstorm|[upkeep]
|upkeep
|turn|14
|
|t:|1769326470
|switch|p2a: Great Tusk|Great Tusk|100/100
|move|p1a: Great Tusk|Headlong Rush|p2a: Great Tusk
|-damage|p2a: Great Tusk|70/100
|-unboost|p1a: Great Tusk|def|1
|-unboost|p1a: Great Tusk|spd|1
|
|-weather|Sandstorm|[upkeep]
|-heal|p2a: Great Tusk|77/100|[from] item: Leftovers
|upkeep
|turn|15
|
|t:|1769326480
|-end|p1a: Great Tusk|Protosynthesis|[silent]
|switch|p1a: Zapdos|Zapdos|90/100 brn
|move|p2a: Great Tusk|Body Press|p1a: Zapdos
|-resisted|p1a: Zapdos
|-damage|p1a: Zapdos|74/100 brn
|
|-weather|Sandstorm|[upkeep]
|-damage|p1a: Zapdos|68/100 brn|[from] Sandstorm
|-heal|p2a: Great Tusk|83/100|[from] item: Leftovers
|-damage|p1a: Zapdos|62/100 brn|[from] brn
|upkeep
|turn|16
|
|t:|1769326491
|move|p1a: Zapdos|Roost|p1a: Zapdos
|-heal|p1a: Zapdos|100/100 brn
|-singleturn|p1a: Zapdos|move: Roost
|move|p2a: Great Tusk|Bulk Up|p2a: Great Tusk
|-boost|p2a: Great Tusk|atk|1
|-boost|p2a: Great Tusk|def|1
|
|-weather|none
|-heal|p2a: Great Tusk|89/100|[from] item: Leftovers
|-damage|p1a: Zapdos|94/100 brn|[from] brn
|upkeep
|turn|17
|
|t:|1769326502
|move|p1a: Zapdos|Hurricane|p2a: Great Tusk|[miss]
|-miss|p1a: Zapdos|p2a: Great Tusk
|move|p2a: Great Tusk|Bulk Up|p2a: Great Tusk
|-boost|p2a: Great Tusk|atk|1
|-boost|p2a: Great Tusk|def|1
|
|-heal|p2a: Great Tusk|95/100|[from] item: Leftovers
|-damage|p1a: Zapdos|88/100 brn|[from] brn
|upkeep
|turn|18
|
|t:|1769326512
|-end|p2a: Great Tusk|Protosynthesis|[silent]
|switch|p2a: Slowking|Slowking-Galar, F|71/100
|move|p1a: Zapdos|Hurricane|p2a: Slowking|[miss]
|-miss|p1a: Zapdos|p2a: Slowking
|
|-damage|p1a: Zapdos|82/100 brn|[from] brn
|upkeep
|turn|19
|
|t:|1769326523
|move|p1a: Zapdos|U-turn|p2a: Slowking
|-damage|p2a: Slowking|65/100
|
|t:|1769326526
|switch|p1a: Iron Crown|Iron Crown|70/100|[from] U-turn
|move|p2a: Slowking|Grass Knot|p1a: Iron Crown
|-resisted|p1a: Iron Crown
|-damage|p1a: Iron Crown|51/100
|
|upkeep
|turn|20
|
|t:|1769326540
|switch|p2a: Tyranitar|Tyranitar, M|71/100
|-weather|Sandstorm|[from] ability: Sand Stream|[of] p2a: Tyranitar
|move|p1a: Iron Crown|Psyshock|p2a: Tyranitar
|-immune|p2a: Tyranitar
|
|-weather|Sandstorm|[upkeep]
|upkeep
|turn|21
|
|t:|1769326549
|-end|p1a: Iron Crown|Quark Drive|[silent]
|switch|p1a: Great Tusk|Great Tusk|65/100
|move|p2a: Tyranitar|Knock Off|p1a: Great Tusk
|-resisted|p1a: Great Tusk
|-damage|p1a: Great Tusk|50/100
|-enditem|p1a: Great Tusk|Heavy-Duty Boots|[from] move: Knock Off|[of] p2a: Tyranitar
|
|-weather|Sandstorm|[upkeep]
|upkeep
|turn|22
|
|t:|1769326559
|switch|p2a: Great Tusk|Great Tusk|95/100
|move|p1a: Great Tusk|Stealth Rock|p2a: Great Tusk
|-sidestart|p2: saibayman|move: Stealth Rock
|
|-weather|Sandstorm|[upkeep]
|-heal|p2a: Great Tusk|100/100|[from] item: Leftovers
|upkeep
|turn|23
|
|t:|1769326574
|-end|p1a: Great Tusk|Protosynthesis|[silent]
|switch|p1a: Dragapult|Dragapult, F|100/100
|move|p2a: Great Tusk|Rapid Spin|p1a: Dragapult
|-immune|p1a: Dragapult
|
|-weather|Sandstorm|[upkeep]
|-damage|p1a: Dragapult|95/100|[from] Sandstorm
|upkeep
|turn|24
|
|t:|1769326582
|-end|p2a: Great Tusk|Protosynthesis|[silent]
|switch|p2a: Gholdengo|Gholdengo|100/100
|-damage|p2a: Gholdengo|94/100|[from] Stealth Rock
|move|p1a: Dragapult|U-turn|p2a: Gholdengo
|-resisted|p2a: Gholdengo
|-damage|p2a: Gholdengo|84/100
|
|t:|1769326588
|switch|p1a: Samurott|Samurott-Hisui, M, shiny|47/100|[from] U-turn
|
|-weather|none
|upkeep
|turn|25
|
|t:|1769326595
|-terastallize|p2a: Gholdengo|Fairy
|move|p1a: Samurott|Ceaseless Edge|p2a: Gholdengo
|-resisted|p2a: Gholdengo
|-damage|p2a: Gholdengo|59/100
|-sidestart|p2: saibayman|Spikes
|move|p2a: Gholdengo|Dazzling Gleam|p1a: Samurott
|-supereffective|p1a: Samurott
|-damage|p1a: Samurott|0 fnt
|faint|p1a: Samurott
|
|upkeep
|
|t:|1769326603
|switch|p1a: Iron Crown|Iron Crown|51/100
|turn|26
|
|t:|1769326610
|switch|p2a: Slowking|Slowking-Galar, F|98/100
|-damage|p2a: Slowking|86/100|[from] Stealth Rock
|-damage|p2a: Slowking|73/100|[from] Spikes
|move|p1a: Iron Crown|Tachyon Cutter|p2a: Slowking
|-damage|p2a: Slowking|52/100
|-damage|p2a: Slowking|33/100
|-hitcount|p2a: Slowking|2
|
|upkeep
|turn|27
|
|t:|1769326638
|switch|p2a: Great Tusk|Great Tusk|100/100
|-damage|p2a: Great Tusk|97/100|[from] Stealth Rock
|-damage|p2a: Great Tusk|85/100|[from] Spikes
|move|p1a: Iron Crown|Tachyon Cutter|p2a: Great Tusk
|-damage|p2a: Great Tusk|36/100
|-damage|p2a: Great Tusk|0 fnt
|faint|p2a: Great Tusk
|-end|p2a: Great Tusk|Protosynthesis|[silent]
|-hitcount|p2: Great Tusk|2
|
|upkeep
|inactive|saibayman has 120 seconds left.
|
|t:|1769326649
|switch|p2a: Gholdengo|Gholdengo, tera:Fairy|59/100
|-damage|p2a: Gholdengo|47/100|[from] Stealth Rock
|-damage|p2a: Gholdengo|34/100|[from] Spikes
|turn|28
|
|t:|1769326663
|-end|p1a: Iron Crown|Quark Drive|[silent]
|switch|p1a: Zapdos|Zapdos|82/100 brn
|move|p2a: Gholdengo|Shadow Ball|p1a: Zapdos
|-damage|p1a: Zapdos|42/100 brn
|
|-damage|p1a: Zapdos|36/100 brn|[from] brn
|upkeep
|turn|29
|
|t:|1769326671
|move|p2a: Gholdengo|Shadow Ball|p1a: Zapdos
|-damage|p1a: Zapdos|0 fnt
|faint|p1a: Zapdos
|
|upkeep
|
|t:|1769326691
|switch|p1a: Iron Boulder|Iron Boulder|100/100
|-enditem|p1a: Iron Boulder|Booster Energy
|-activate|p1a: Iron Boulder|ability: Quark Drive|[fromitem]
|-start|p1a: Iron Boulder|quarkdrivespe
|turn|30
|
|t:|1769326700
|-terastallize|p1a: Iron Boulder|Fighting
|move|p1a: Iron Boulder|Mighty Cleave|p2a: Gholdengo
|-damage|p2a: Gholdengo|0 fnt
|faint|p2a: Gholdengo
|
|upkeep
|-message|saibayman forfeited.
|
|win|sebeck
|raw|sebeck's rating: 1498 &rarr; <strong>1517</strong><br />(+19 for winning)
|raw|saibayman's rating: 1484 &rarr; <strong>1465</strong><br />(-19 for losing)
|l|☆saibayman
|player|p2|
|l|☆sebeck
|player|p1|
