|j|☆CambridgeFoulPlay
|j|☆maxmoefoe pokemon
|t:|1769353239
|gametype|singles
|player|p1|CambridgeFoulPlay|266|1707
|player|p2|maxmoefoe pokemon|266|1710
|gen|9
|tier|[Gen 9] OU
|rated|
|rule|HP Percentage Mod: HP is shown in percentages
|rule|Endless Battle Clause: Forcing endless battles is banned
|rule|Species Clause: Limit one of each Pokémon
|rule|OHKO Clause: OHKO moves are banned
|rule|Evasion Items Clause: Evasion items are banned
|rule|Evasion Moves Clause: Evasion moves are banned
|rule|Evasion Abilities Clause: Evasion abilities are banned
|rule|Sleep Moves Clause: Sleep-inducing moves are banned
|clearpoke
|poke|p1|Hydrapple, M|
|poke|p1|Tyranitar, F|
|poke|p1|Moltres|
|poke|p1|Zamazenta-*|
|poke|p1|Slowking-Galar, F|
|poke|p1|Excadrill, F|
|poke|p2|Enamorus, F|
|poke|p2|Iron Moth|
|poke|p2|Landorus-Therian, M|
|poke|p2|Kingambit, F|
|poke|p2|Ogerpon-Wellspring, F|
|poke|p2|Deoxys-Speed|
|teampreview
|c|☆CambridgeFoulPlay|hf
|inactive|Battle timer is ON: inactive players will automatically lose when time's up. (requested by CambridgeFoulPlay)
|c|☆maxmoefoe pokemon|gl
|
|t:|1769353262
|teamsize|p1|6
|teamsize|p2|6
|start
|switch|p1a: Slowking|Slowking-Galar, F|100/100
|switch|p2a: Ogerpon|Ogerpon-Wellspring, F|100/100
|turn|1
|
|t:|1769353266
|move|p2a: Ogerpon|Knock Off|p1a: Slowking
|-supereffective|p1a: Slowking
|-damage|p1a: Slowking|43/100
|-enditem|p1a: Slowking|Assault Vest|[from] move: Knock Off|[of] p2a: Ogerpon
|move|p1a: Slowking|Flamethrower|p2a: Ogerpon
|-damage|p2a: Ogerpon|74/100
|
|upkeep
|turn|2
|
|t:|1769353276
|switch|p1a: Hydrapple|Hydrapple, M|100/100
|move|p2a: Ogerpon|Spikes|p1a: Hydrapple
|-sidestart|p1: CambridgeFoulPlay|Spikes
|
|upkeep
|turn|3
|
|t:|1769353281
|switch|p2a: Enamorus|Enamorus, F|100/100
|move|p1a: Hydrapple|Nasty Plot|p1a: Hydrapple
|-boost|p1a: Hydrapple|spa|2
|
|upkeep
|turn|4
|
|t:|1769353285
|-terastallize|p1a: Hydrapple|Poison
|move|p2a: Enamorus|Substitute|p2a: Enamorus
|-start|p2a: Enamorus|Substitute
|-damage|p2a: Enamorus|76/100
|move|p1a: Hydrapple|Giga Drain|p2a: Enamorus
|-resisted|p2a: Enamorus
|-end|p2a: Enamorus|Substitute
|
|-heal|p2a: Enamorus|82/100|[from] item: Leftovers
|upkeep
|turn|5
|
|t:|1769353290
|move|p2a: Enamorus|Earth Power|p1a: Hydrapple
|-supereffective|p1a: Hydrapple
|-damage|p1a: Hydrapple|52/100
|move|p1a: Hydrapple|Giga Drain|p2a: Enamorus
|-resisted|p2a: Enamorus
|-damage|p2a: Enamorus|41/100
|-heal|p1a: Hydrapple|67/100|[from] drain|[of] p2a: Enamorus
|
|-heal|p2a: Enamorus|47/100|[from] item: Leftovers
|upkeep
|turn|6
|
|t:|1769353295
|switch|p1a: Moltres|Moltres|100/100
|move|p2a: Enamorus|Earth Power|p1a: Moltres
|-immune|p1a: Moltres
|
|-heal|p2a: Enamorus|53/100|[from] item: Leftovers
|upkeep
|turn|7
|
|t:|1769353308
|switch|p2a: Iron Moth|Iron Moth|100/100
|-enditem|p2a: Iron Moth|Booster Energy
|-activate|p2a: Iron Moth|ability: Quark Drive|[fromitem]
|-start|p2a: Iron Moth|quarkdrivespe
|move|p1a: Moltres|Flamethrower|p2a: Iron Moth
|-resisted|p2a: Iron Moth
|-damage|p2a: Iron Moth|83/100
|
|upkeep
|turn|8
|
|t:|1769353315
|switch|p1a: Tyranitar|Tyranitar, F|100/100
|-damage|p1a: Tyranitar|88/100|[from] Spikes
|-weather|Sandstorm|[from] ability: Sand Stream|[of] p1a: Tyranitar
|move|p2a: Iron Moth|Sludge Wave|p1a: Tyranitar
|-resisted|p1a: Tyranitar
|-damage|p1a: Tyranitar|78/100
|
|-weather|Sandstorm|[upkeep]
|-damage|p2a: Iron Moth|77/100|[from] Sandstorm
|upkeep
|turn|9
|
|t:|1769353329
|-end|p2a: Iron Moth|Quark Drive|[silent]
|switch|p2a: Landorus|Landorus-Therian, M|100/100
|-ability|p2a: Landorus|Intimidate|boost
|-unboost|p1a: Tyranitar|atk|1
|move|p1a: Tyranitar|Stealth Rock|p2a: Landorus
|-sidestart|p2: maxmoefoe pokemon|move: Stealth Rock
|
|-weather|Sandstorm|[upkeep]
|upkeep
|turn|10
|
|t:|1769353332
|switch|p1a: Moltres|Moltres|100/100
|move|p2a: Landorus|Stealth Rock|p1a: Moltres
|-sidestart|p1: CambridgeFoulPlay|move: Stealth Rock
|
|-weather|Sandstorm|[upkeep]
|-damage|p1a: Moltres|94/100|[from] Sandstorm
|upkeep
|turn|11
|
|t:|1769353335
|switch|p2a: Iron Moth|Iron Moth|77/100
|-damage|p2a: Iron Moth|52/100|[from] Stealth Rock
|move|p1a: Moltres|Flamethrower|p2a: Iron Moth
|-resisted|p2a: Iron Moth
|-damage|p2a: Iron Moth|33/100
|
|-weather|Sandstorm|[upkeep]
|-damage|p2a: Iron Moth|27/100|[from] Sandstorm
|-damage|p1a: Moltres|88/100|[from] Sandstorm
|upkeep
|turn|12
|
|t:|1769353343
|move|p2a: Iron Moth|Sludge Wave|p1a: Moltres
|-damage|p1a: Moltres|39/100
|move|p1a: Moltres|U-turn|p2a: Iron Moth
|-resisted|p2a: Iron Moth
|-damage|p2a: Iron Moth|22/100
|
|t:|1769353347
|switch|p1a: Excadrill|Excadrill, F|100/100|[from] U-turn
|-damage|p1a: Excadrill|97/100|[from] Stealth Rock
|-item|p1a: Excadrill|Air Balloon
|
|-weather|Sandstorm|[upkeep]
|-damage|p2a: Iron Moth|16/100|[from] Sandstorm
|upkeep
|turn|13
|
|t:|1769353359
|-end|p2a: Iron Moth|Quark Drive|[silent]
|switch|p2a: Landorus|Landorus-Therian, M|100/100
|-damage|p2a: Landorus|88/100|[from] Stealth Rock
|-ability|p2a: Landorus|Intimidate|boost
|-unboost|p1a: Excadrill|atk|1
|move|p1a: Excadrill|Rapid Spin|p2a: Landorus
|-damage|p2a: Landorus|76/100
|-boost|p1a: Excadrill|spe|1
|-damage|p1a: Excadrill|81/100|[from] item: Rocky Helmet|[of] p2a: Landorus
|-sideend|p1: CambridgeFoulPlay|Spikes|[from] move: Rapid Spin|[of] p1a: Excadrill
|-sideend|p1: CambridgeFoulPlay|Stealth Rock|[from] move: Rapid Spin|[of] p1a: Excadrill
|
|-weather|Sandstorm|[upkeep]
|upkeep
|turn|14
|
|t:|1769353367
|move|p1a: Excadrill|Swords Dance|p1a: Excadrill
|-boost|p1a: Excadrill|atk|2
|move|p2a: Landorus|U-turn|p1a: Excadrill
|-resisted|p1a: Excadrill
|-damage|p1a: Excadrill|68/100
|-enditem|p1a: Excadrill|Air Balloon
|
|t:|1769353377
|switch|p2a: Kingambit|Kingambit, F|100/100|[from] U-turn
|-damage|p2a: Kingambit|94/100|[from] Stealth Rock
|
|-weather|Sandstorm|[upkeep]
|upkeep
|turn|15
|inactive|maxmoefoe pokemon has 120 seconds left.
|
|t:|1769353411
|move|p2a: Kingambit|Sucker Punch|p1a: Excadrill
|-damage|p1a: Excadrill|7/100
|move|p1a: Excadrill|Earthquake|p2a: Kingambit
|-supereffective|p2a: Kingambit
|-damage|p2a: Kingambit|0 fnt
|faint|p2a: Kingambit
|-end|p2a: Kingambit|fallenundefined|[silent]
|
|-weather|none
|upkeep
|inactive|maxmoefoe pokemon has 120 seconds left.
|
|t:|1769353426
|switch|p2a: Landorus|Landorus-Therian, M|76/100
|-damage|p2a: Landorus|64/100|[from] Stealth Rock
|-ability|p2a: Landorus|Intimidate|boost
|-unboost|p1a: Excadrill|atk|1
|turn|16
|
|t:|1769353429
|move|p1a: Excadrill|Iron Head|p2a: Landorus
|-damage|p2a: Landorus|23/100
|-damage|p1a: Excadrill|0 fnt|[from] item: Rocky Helmet|[of] p2a: Landorus
|faint|p1a: Excadrill
|move|p2a: Landorus|Stealth Rock|p1: Excadrill
|-sidestart|p1: CambridgeFoulPlay|move: Stealth Rock
|
|upkeep
|
|t:|1769353431
|switch|p1a: Zamazenta|Zamazenta|100/100
|-damage|p1a: Zamazenta|94/100|[from] Stealth Rock
|-ability|p1a: Zamazenta|Dauntless Shield|boost
|-boost|p1a: Zamazenta|def|1
|turn|17
|
|t:|1769353437
|move|p1a: Zamazenta|Body Press|p2a: Landorus
|-resisted|p2a: Landorus
|-damage|p2a: Landorus|0 fnt
|-damage|p1a: Zamazenta|78/100|[from] item: Rocky Helmet|[of] p2a: Landorus
|faint|p2a: Landorus
|
|-heal|p1a: Zamazenta|84/100|[from] item: Leftovers
|upkeep
|
|t:|1769353444
|switch|p2a: Deoxys|Deoxys-Speed|100/100
|-damage|p2a: Deoxys|88/100|[from] Stealth Rock
|-ability|p2a: Deoxys|Pressure
|turn|18
|
|t:|1769353447
|switch|p1a: Tyranitar|Tyranitar, F|78/100
|-damage|p1a: Tyranitar|66/100|[from] Stealth Rock
|-weather|Sandstorm|[from] ability: Sand Stream|[of] p1a: Tyranitar
|move|p2a: Deoxys|Psycho Boost|p1a: Tyranitar
|-immune|p1a: Tyranitar
|
|-weather|Sandstorm|[upkeep]
|-damage|p2a: Deoxys|82/100|[from] Sandstorm
|upkeep
|turn|19
|
|t:|1769353449
|move|p2a: Deoxys|Superpower|p1a: Tyranitar
|-supereffective|p1a: Tyranitar
|-damage|p1a: Tyranitar|0 fnt
|-unboost|p2a: Deoxys|atk|1
|-unboost|p2a: Deoxys|def|1
|faint|p1a: Tyranitar
|-damage|p2a: Deoxys|72/100|[from] item: Life Orb
|
|-weather|Sandstorm|[upkeep]
|-damage|p2a: Deoxys|66/100|[from] Sandstorm
|upkeep
|
|t:|1769353452
|switch|p1a: Slowking|Slowking-Galar, F|76/100
|-damage|p1a: Slowking|64/100|[from] Stealth Rock
|turn|20
|
|t:|1769353461
|switch|p2a: Iron Moth|Iron Moth|16/100
|-damage|p2a: Iron Moth|0 fnt|[from] Stealth Rock
|faint|p2a: Iron Moth
|-end|p2a: Iron Moth|Quark Drive|[silent]
|move|p1a: Slowking|Sludge Bomb|p2: Iron Moth|[notarget]
|-fail|p1a: Slowking
|
|-weather|Sandstorm|[upkeep]
|-damage|p1a: Slowking|58/100|[from] Sandstorm
|upkeep
|
|t:|1769353470
|switch|p2a: Ogerpon|Ogerpon-Wellspring, F|74/100
|-damage|p2a: Ogerpon|62/100|[from] Stealth Rock
|turn|21
|inactive|maxmoefoe pokemon has 120 seconds left.
|j| lonelyblueheart
|
|t:|1769353527
|-terastallize|p2a: Ogerpon|Water
|detailschange|p2a: Ogerpon|Ogerpon-Wellspring-Tera, F, tera:Water
|-ability|p2a: Ogerpon|Embody Aspect (Wellspring)|boost
|-boost|p2a: Ogerpon|spd|1
|move|p2a: Ogerpon|Ivy Cudgel|p1a: Slowking|[anim] Ivy Cudgel Water
|-crit|p1a: Slowking
|-damage|p1a: Slowking|0 fnt
|faint|p1a: Slowking
|
|-weather|Sandstorm|[upkeep]
|-damage|p2a: Ogerpon|56/100|[from] Sandstorm
|upkeep
|
|t:|1769353528
|switch|p1a: Zamazenta|Zamazenta|84/100
|-damage|p1a: Zamazenta|78/100|[from] Stealth Rock
|turn|22
|l| lonelyblueheart
|j| lonelyblueheart
|l| lonelyblueheart
|
|t:|1769353546
|switch|p2a: Enamorus|Enamorus, F|53/100
|-damage|p2a: Enamorus|28/100|[from] Stealth Rock
|move|p1a: Zamazenta|Crunch|p2a: Enamorus
|-resisted|p2a: Enamorus
|-damage|p2a: Enamorus|13/100
|
|-weather|Sandstorm|[upkeep]
|-damage|p1a: Zamazenta|72/100|[from] Sandstorm
|-damage|p2a: Enamorus|7/100|[from] Sandstorm
|-heal|p1a: Zamazenta|78/100|[from] item: Leftovers
|-heal|p2a: Enamorus|13/100|[from] item: Leftovers
|upkeep
|turn|23
|
|t:|1769353554
|move|p1a: Zamazenta|Crunch|p2a: Enamorus
|-resisted|p2a: Enamorus
|-damage|p2a: Enamorus|0 fnt
|faint|p2a: Enamorus
|
|-weather|Sandstorm|[upkeep]
|-damage|p1a: Zamazenta|72/100|[from] Sandstorm
|-heal|p1a: Zamazenta|78/100|[from] item: Leftovers
|upkeep
|
|t:|1769353557
|switch|p2a: Deoxys|Deoxys-Speed|66/100
|-damage|p2a: Deoxys|53/100|[from] Stealth Rock
|-ability|p2a: Deoxys|Pressure
|turn|24
|
|t:|1769353559
|move|p2a: Deoxys|Psycho Boost|p1a: Zamazenta
|-supereffective|p1a: Zamazenta
|-damage|p1a: Zamazenta|0 fnt
|-unboost|p2a: Deoxys|spa|2
|faint|p1a: Zamazenta
|-damage|p2a: Deoxys|43/100|[from] item: Life Orb
|
|-weather|Sandstorm|[upkeep]
|-damage|p2a: Deoxys|37/100|[from] Sandstorm
|upkeep
|
|t:|1769353561
|switch|p1a: Moltres|Moltres|39/100
|turn|25
|
|t:|1769353570
|move|p2a: Deoxys|Knock Off|p1a: Moltres
|-crit|p1a: Moltres
|-damage|p1a: Moltres|1/100
|-enditem|p1a: Moltres|Heavy-Duty Boots|[from] move: Knock Off|[of] p2a: Deoxys
|-damage|p2a: Deoxys|27/100|[from] item: Life Orb
|move|p1a: Moltres|U-turn|p2a: Deoxys
|-supereffective|p2a: Deoxys
|-damage|p2a: Deoxys|0 fnt
|faint|p2a: Deoxys
|
|t:|1769353571
|switch|p1a: Hydrapple|Hydrapple, M, tera:Poison|99/100|[from] U-turn
|
|-weather|none
|upkeep
|
|t:|1769353580
|switch|p2a: Ogerpon|Ogerpon-Wellspring-Tera, F, tera:Water|56/100
|-damage|p2a: Ogerpon|43/100|[from] Stealth Rock
|-ability|p2a: Ogerpon|Embody Aspect (Wellspring)|boost
|-boost|p2a: Ogerpon|spd|1
|turn|26
|
|t:|1769353582
|move|p2a: Ogerpon|Ivy Cudgel|p1a: Hydrapple|[anim] Ivy Cudgel Water
|-damage|p1a: Hydrapple|55/100
|move|p1a: Hydrapple|Giga Drain|p2a: Ogerpon
|-supereffective|p2a: Ogerpon
|-damage|p2a: Ogerpon|0 fnt
|-heal|p1a: Hydrapple|71/100|[from] drain|[of] p2a: Ogerpon
|faint|p2a: Ogerpon
|detailschange|p2: Ogerpon|Ogerpon-Wellspring, F|[silent]
|
|win|CambridgeFoulPlay
|raw|CambridgeFoulPlay's rating: 1707 &rarr; <strong>1727</strong><br />(+20 for winning)
|raw|maxmoefoe pokemon's rating: 1710 &rarr; <strong>1690</strong><br />(-20 for losing)
|c|☆CambridgeFoulPlay|gg
|l|☆CambridgeFoulPlay
|player|p1|
|l|☆maxmoefoe pokemon
|player|p2|
