|j|☆Pearl Loose
|j|☆DerDonPorrello
|t:|1769372410
|gametype|singles
|player|p1|Pearl Loose|picnicker|1177
|player|p2|DerDonPorrello|hiker-gen4|1172
|gen|9
|tier|[Gen 9] OU
|rated|
|rule|HP Percentage Mod: HP is shown in percentages
|rule|Endless Battle Clause: Forcing endless battles is banned
|rule|Species Clause: Limit one of each Pokémon
|rule|OHKO Clause: OHKO moves are banned
|rule|Evasion Items Clause: Evasion items are banned
|rule|Evasion Moves Clause: Evasion moves are banned
|rule|Evasion Abilities Clause: Evasion abilities are banned
|rule|Sleep Moves Clause: Sleep-inducing moves are banned
|clearpoke
|poke|p1|Ninetales-Alola, M|
|poke|p1|Wyrdeer, F|
|poke|p1|Hydrapple, M|
|poke|p1|Maushold-Four|
|poke|p1|Okidogi, M|
|poke|p1|Ursaluna, M|
|poke|p2|Kyurem|
|poke|p2|Toxtricity, F|
|poke|p2|Drifblim, F|
|poke|p2|Cobalion|
|poke|p2|Raikou|
|poke|p2|Scyther, M|
|teampreview
|
|t:|1769372423
|teamsize|p1|6
|teamsize|p2|6
|start
|switch|p1a: Wyrdeer|Wyrdeer, F|100/100
|switch|p2a: Cobalion|Cobalion|100/100
|-ability|p1a: Wyrdeer|Intimidate|boost
|-unboost|p2a: Cobalion|atk|1
|turn|1
|
|t:|1769372436
|move|p2a: Cobalion|Stealth Rock|p1a: Wyrdeer
|-sidestart|p1: Pearl Loose|move: Stealth Rock
|move|p1a: Wyrdeer|Reflect|p1a: Wyrdeer
|-sidestart|p1: Pearl Loose|Reflect
|
|upkeep
|turn|2
|
|t:|1769372446
|move|p2a: Cobalion|Thunder Wave|p1a: Wyrdeer
|-status|p1a: Wyrdeer|par
|move|p1a: Wyrdeer|Light Screen|p1a: Wyrdeer
|-sidestart|p1: Pearl Loose|move: Light Screen
|
|upkeep
|turn|3
|
|t:|1769372456
|move|p2a: Cobalion|Volt Switch|p1a: Wyrdeer
|-damage|p1a: Wyrdeer|95/100 par
|
|t:|1769372467
|switch|p2a: Scyther|Scyther, M|100/100|[from] Volt Switch
|move|p1a: Wyrdeer|Thunder Wave|p2a: Scyther
|-status|p2a: Scyther|par
|
|upkeep
|turn|4
|
|t:|1769372478
|switch|p1a: Maushold|Maushold-Four|100/100
|move|p2a: Scyther|Dual Wingbeat|p1a: Maushold
|-damage|p1a: Maushold|87/100
|-damage|p1a: Maushold|71/100
|-hitcount|p1a: Maushold|2
|
|upkeep
|turn|5
|
|t:|1769372487
|switch|p2a: Drifblim|Drifblim, F|100/100
|move|p1a: Maushold|Tidy Up|p1a: Maushold
|-sideend|p1: Pearl Loose|Stealth Rock
|-activate|p1a: Maushold|move: Tidy Up
|-boost|p1a: Maushold|atk|1
|-boost|p1a: Maushold|spe|1
|
|upkeep
|turn|6
|
|t:|1769372496
|move|p1a: Maushold|Tidy Up|p1a: Maushold
|-boost|p1a: Maushold|atk|1
|-boost|p1a: Maushold|spe|1
|move|p2a: Drifblim|Will-O-Wisp|p1a: Maushold|[miss]
|-miss|p2a: Drifblim|p1a: Maushold
|
|upkeep
|turn|7
|
|t:|1769372506
|switch|p1a: Ursaluna|Ursaluna, M|100/100
|move|p2a: Drifblim|Will-O-Wisp|p1a: Ursaluna|[miss]
|-miss|p2a: Drifblim|p1a: Ursaluna
|
|-status|p1a: Ursaluna|brn|[from] item: Flame Orb
|upkeep
|turn|8
|
|t:|1769372525
|move|p2a: Drifblim|Strength Sap|p1a: Ursaluna
|-unboost|p1a: Ursaluna|atk|1
|move|p1a: Ursaluna|Swords Dance|p1a: Ursaluna
|-boost|p1a: Ursaluna|atk|2
|
|-damage|p1a: Ursaluna|94/100 brn|[from] brn
|-sideend|p1: Pearl Loose|Reflect
|upkeep
|turn|9
|
|t:|1769372534
|switch|p2a: Scyther|Scyther, M|100/100 par
|move|p1a: Ursaluna|Swords Dance|p1a: Ursaluna
|-boost|p1a: Ursaluna|atk|2
|
|-damage|p1a: Ursaluna|88/100 brn|[from] brn
|-sideend|p1: Pearl Loose|move: Light Screen
|upkeep
|turn|10
|
|t:|1769372542
|cant|p2a: Scyther|par
|move|p1a: Ursaluna|Facade|p2a: Scyther
|-damage|p2a: Scyther|0 fnt
|faint|p2a: Scyther
|
|-damage|p1a: Ursaluna|82/100 brn|[from] brn
|upkeep
|
|t:|1769372555
|switch|p2a: Kyurem|Kyurem|100/100
|-ability|p2a: Kyurem|Pressure
|turn|11
|
|t:|1769372560
|move|p2a: Kyurem|Icicle Spear|p1a: Ursaluna
|-supereffective|p1a: Ursaluna
|-damage|p1a: Ursaluna|64/100 brn
|-supereffective|p1a: Ursaluna
|-damage|p1a: Ursaluna|44/100 brn
|-supereffective|p1a: Ursaluna
|-damage|p1a: Ursaluna|24/100 brn
|-supereffective|p1a: Ursaluna
|-damage|p1a: Ursaluna|7/100 brn
|-hitcount|p1a: Ursaluna|4
|move|p1a: Ursaluna|Drain Punch|p2a: Kyurem
|-supereffective|p2a: Kyurem
|-damage|p2a: Kyurem|0 fnt
|-heal|p1a: Ursaluna|50/100 brn|[from] drain|[of] p2a: Kyurem
|faint|p2a: Kyurem
|
|-damage|p1a: Ursaluna|43/100 brn|[from] brn
|upkeep
|
|t:|1769372570
|switch|p2a: Cobalion|Cobalion|100/100
|turn|12
|
|t:|1769372579
|-terastallize|p1a: Ursaluna|Ground
|move|p2a: Cobalion|Body Press|p1a: Ursaluna
|-damage|p1a: Ursaluna|14/100 brn
|move|p1a: Ursaluna|Drain Punch|p2a: Cobalion
|-supereffective|p2a: Cobalion
|-damage|p2a: Cobalion|0 fnt
|-heal|p1a: Ursaluna|52/100 brn|[from] drain|[of] p2a: Cobalion
|-damage|p1a: Ursaluna|36/100 brn|[from] item: Rocky Helmet|[of] p2a: Cobalion
|faint|p2a: Cobalion
|
|-damage|p1a: Ursaluna|30/100 brn|[from] brn
|upkeep
|-message|DerDonPorrello forfeited.
|
|win|Pearl Loose
|raw|Pearl Loose's rating: 1177 &rarr; <strong>1202</strong><br />(+25 for winning)
|raw|DerDonPorrello's rating: 1172 &rarr; <strong>1147</strong><br />(-25 for losing)
|l|☆DerDonPorrello
|player|p2|
|l|☆Pearl Loose
|player|p1|
