|j|☆RedemptiveSketch
|j|☆Dhrabb
|inactive|Battle timer is ON: inactive players will automatically lose when time's up.
|t:|1769411152
|gametype|singles
|player|p1|RedemptiveSketch|giacomo|
|player|p2|Dhrabb|#wcop2024bangladesh|
|gen|9
|tier|[Gen 9] OU
|rated|Tournament battle
|rule|HP Percentage Mod: HP is shown in percentages
|rule|Endless Battle Clause: Forcing endless battles is banned
|rule|Species Clause: Limit one of each Pokémon
|rule|OHKO Clause: OHKO moves are banned
|rule|Evasion Items Clause: Evasion items are banned
|rule|Evasion Moves Clause: Evasion moves are banned
|rule|Evasion Abilities Clause: Evasion abilities are banned
|rule|Sleep Moves Clause: Sleep-inducing moves are banned
|clearpoke
|poke|p1|Great Tusk|
|poke|p1|Ninetales, M|
|poke|p1|Raging Bolt|
|poke|p1|Walking Wake|
|poke|p1|Kingambit, F|
|poke|p1|Slither Wing|
|poke|p2|Lokix, M|
|poke|p2|Ogerpon-Wellspring, F|
|poke|p2|Heatran, M|
|poke|p2|Hatterene, F|
|poke|p2|Great Tusk|
|poke|p2|Dragapult, M|
|teampreview
|inactive|RedemptiveSketch also wants the timer to be on.
|j| S0R4ND0MZ
|j| LarpinLysander
|c|☆Dhrabb|Hf
|j| AbrarS
|c|☆RedemptiveSketch|hf
|
|t:|1769411174
|teamsize|p1|6
|teamsize|p2|6
|start
|switch|p1a: Slither Wing|Slither Wing|100/100
|switch|p2a: Dragapult|Dragapult, M|100/100
|turn|1
|j| CaptainADYT
|
|t:|1769411183
|move|p2a: Dragapult|Flamethrower|p1a: Slither Wing
|-supereffective|p1a: Slither Wing
|-damage|p1a: Slither Wing|45/100
|move|p1a: Slither Wing|U-turn|p2a: Dragapult
|-resisted|p2a: Dragapult
|-damage|p2a: Dragapult|74/100
|j| Weedlenium
|inactive|RedemptiveSketch has 120 seconds left.
|
|t:|1769411215
|-end|p1a: Slither Wing|Protosynthesis|[silent]
|switch|p1a: Ninetales|Ninetales, M, shiny|100/100|[from] U-turn
|-weather|SunnyDay|[from] ability: Drought|[of] p1a: Ninetales
|
|-weather|SunnyDay|[upkeep]
|upkeep
|turn|2
|
|t:|1769411222
|switch|p2a: Hatterene|Hatterene, F|100/100
|move|p1a: Ninetales|Weather Ball|p2a: Hatterene
|-damage|p2a: Hatterene|73/100
|
|-weather|SunnyDay|[upkeep]
|upkeep
|turn|3
|j| cryodrift
|
|t:|1769411232
|switch|p1a: Great Tusk|Great Tusk, shiny|100/100
|-activate|p1a: Great Tusk|ability: Protosynthesis
|-start|p1a: Great Tusk|protosynthesisatk
|switch|p2a: Heatran|Heatran, M|100/100
|
|-weather|SunnyDay|[upkeep]
|upkeep
|turn|4
|
|t:|1769411249
|switch|p2a: Ogerpon|Ogerpon-Wellspring, F|100/100
|move|p1a: Great Tusk|Headlong Rush|p2a: Ogerpon
|-resisted|p2a: Ogerpon
|-damage|p2a: Ogerpon|49/100
|-unboost|p1a: Great Tusk|def|1
|-unboost|p1a: Great Tusk|spd|1
|
|-weather|SunnyDay|[upkeep]
|upkeep
|turn|5
|j| arcanezy
|c| CaptainADYT|sup
|c| arcanezy|dang
|inactive|RedemptiveSketch has 120 seconds left.
|c| CaptainADYT|crazy
|
|t:|1769411279
|move|p2a: Ogerpon|Power Whip|p1a: Great Tusk
|-supereffective|p1a: Great Tusk
|-damage|p1a: Great Tusk|0 fnt
|faint|p1a: Great Tusk
|-end|p1a: Great Tusk|Protosynthesis|[silent]
|
|-weather|SunnyDay|[upkeep]
|upkeep
|
|t:|1769411284
|switch|p1a: Slither Wing|Slither Wing|45/100
|-activate|p1a: Slither Wing|ability: Protosynthesis
|-start|p1a: Slither Wing|protosynthesisatk
|turn|6
|
|t:|1769411290
|switch|p2a: Dragapult|Dragapult, M|74/100
|move|p1a: Slither Wing|First Impression|p2a: Dragapult
|-resisted|p2a: Dragapult
|-damage|p2a: Dragapult|31/100
|
|-weather|SunnyDay|[upkeep]
|upkeep
|turn|7
|
|t:|1769411299
|-end|p1a: Slither Wing|Protosynthesis|[silent]
|switch|p1a: Kingambit|Kingambit, F, shiny|100/100
|-activate|p1a: Kingambit|ability: Supreme Overlord
|-start|p1a: Kingambit|fallen1|[silent]
|move|p2a: Dragapult|Draco Meteor|p1a: Kingambit
|-resisted|p1a: Kingambit
|-damage|p1a: Kingambit|62/100
|-unboost|p2a: Dragapult|spa|2
|
|-weather|SunnyDay|[upkeep]
|-heal|p1a: Kingambit|68/100|[from] item: Leftovers
|upkeep
|turn|8
|
|t:|1769411306
|switch|p2a: Heatran|Heatran, M|100/100
|move|p1a: Kingambit|Iron Head|p2a: Heatran
|-resisted|p2a: Heatran
|-damage|p2a: Heatran|91/100
|
|-weather|none
|-heal|p2a: Heatran|97/100|[from] item: Leftovers
|-heal|p1a: Kingambit|74/100|[from] item: Leftovers
|upkeep
|turn|9
|
|t:|1769411323
|-end|p1a: Kingambit|fallen1|[silent]
|switch|p1a: Walking Wake|Walking Wake|100/100
|move|p2a: Heatran|Stealth Rock|p1a: Walking Wake
|-sidestart|p1: RedemptiveSketch|move: Stealth Rock
|
|-heal|p2a: Heatran|100/100|[from] item: Leftovers
|upkeep
|turn|10
|
|t:|1769411331
|switch|p2a: Ogerpon|Ogerpon-Wellspring, F|49/100
|move|p1a: Walking Wake|Hydro Steam|p2a: Ogerpon
|-heal|p2a: Ogerpon|74/100|[from] ability: Water Absorb|[of] p1a: Walking Wake
|
|upkeep
|turn|11
|j| donothan dozo
|
|t:|1769411339
|-end|p1a: Walking Wake|Protosynthesis|[silent]
|switch|p1a: Raging Bolt|Raging Bolt|100/100
|-damage|p1a: Raging Bolt|88/100|[from] Stealth Rock
|move|p2a: Ogerpon|Ivy Cudgel|p1a: Raging Bolt|[anim] Ivy Cudgel Water
|-resisted|p1a: Raging Bolt
|-damage|p1a: Raging Bolt|58/100
|
|upkeep
|turn|12
|j| goofy-killer
|j| Dracovish420
|
|t:|1769411356
|switch|p2a: Hatterene|Hatterene, F|73/100
|move|p1a: Raging Bolt|Thunderbolt|p2a: Hatterene
|-damage|p2a: Hatterene|25/100
|-damage|p1a: Raging Bolt|48/100|[from] item: Life Orb
|
|upkeep
|turn|13
|l| goofy-killer
|
|t:|1769411361
|move|p1a: Raging Bolt|Thunderbolt|p2a: Hatterene
|-damage|p2a: Hatterene|0 fnt
|faint|p2a: Hatterene
|-damage|p1a: Raging Bolt|38/100|[from] item: Life Orb
|
|upkeep
|
|t:|1769411367
|switch|p2a: Great Tusk|Great Tusk|100/100
|turn|14
|c| arcanezy|cool match
|inactive|RedemptiveSketch has 120 seconds left.
|
|t:|1769411398
|move|p2a: Great Tusk|Headlong Rush|p1a: Raging Bolt
|-supereffective|p1a: Raging Bolt
|-damage|p1a: Raging Bolt|0 fnt
|-unboost|p2a: Great Tusk|def|1
|-unboost|p2a: Great Tusk|spd|1
|faint|p1a: Raging Bolt
|-end|p1a: Raging Bolt|Protosynthesis|[silent]
|
|upkeep
|
|t:|1769411402
|switch|p1a: Walking Wake|Walking Wake|100/100
|-damage|p1a: Walking Wake|88/100|[from] Stealth Rock
|turn|15
|
|t:|1769411413
|-end|p2a: Great Tusk|Protosynthesis|[silent]
|switch|p2a: Ogerpon|Ogerpon-Wellspring, F|74/100
|move|p1a: Walking Wake|Hydro Steam|p2a: Ogerpon
|-heal|p2a: Ogerpon|99/100|[from] ability: Water Absorb|[of] p1a: Walking Wake
|
|upkeep
|turn|16
|c|☆RedemptiveSketch|f lol
|c|☆RedemptiveSketch|gg
|
|t:|1769411423
|-end|p1a: Walking Wake|Protosynthesis|[silent]
|switch|p1a: Kingambit|Kingambit, F, shiny|74/100
|-damage|p1a: Kingambit|68/100|[from] Stealth Rock
|-activate|p1a: Kingambit|ability: Supreme Overlord
|-start|p1a: Kingambit|fallen2|[silent]
|move|p2a: Ogerpon|Ivy Cudgel|p1a: Kingambit|[anim] Ivy Cudgel Water
|-damage|p1a: Kingambit|22/100
|
|-heal|p1a: Kingambit|28/100|[from] item: Leftovers
|upkeep
|turn|17
|j| yesterdaymister
|j|+Audio Peel
|
|t:|1769411431
|move|p1a: Kingambit|Sucker Punch|p2a: Ogerpon
|-damage|p2a: Ogerpon|37/100
|move|p2a: Ogerpon|Ivy Cudgel|p1a: Kingambit|[anim] Ivy Cudgel Water
|-damage|p1a: Kingambit|0 fnt
|faint|p1a: Kingambit
|-end|p1a: Kingambit|fallen2|[silent]
|
|upkeep
|l|+Audio Peel
|
|t:|1769411435
|switch|p1a: Slither Wing|Slither Wing|45/100
|-damage|p1a: Slither Wing|32/100|[from] Stealth Rock
|turn|18
|l| yesterdaymister
|
|t:|1769411446
|switch|p2a: Great Tusk|Great Tusk|100/100
|move|p1a: Slither Wing|U-turn|p2a: Great Tusk
|-resisted|p2a: Great Tusk
|-damage|p2a: Great Tusk|84/100
|
|t:|1769411450
|-end|p1a: Slither Wing|Protosynthesis|[silent]
|switch|p1a: Walking Wake|Walking Wake|88/100|[from] U-turn
|-damage|p1a: Walking Wake|76/100|[from] Stealth Rock
|
|upkeep
|turn|19
|
|t:|1769411452
|move|p1a: Walking Wake|Hydro Steam|p2a: Great Tusk
|-supereffective|p2a: Great Tusk
|-damage|p2a: Great Tusk|0 fnt
|faint|p2a: Great Tusk
|-end|p2a: Great Tusk|Protosynthesis|[silent]
|
|upkeep
|
|t:|1769411459
|switch|p2a: Ogerpon|Ogerpon-Wellspring, F|37/100
|turn|20
|
|t:|1769411462
|-end|p1a: Walking Wake|Protosynthesis|[silent]
|switch|p1a: Ninetales|Ninetales, M, shiny|100/100
|-damage|p1a: Ninetales|76/100|[from] Stealth Rock
|-weather|SunnyDay|[from] ability: Drought|[of] p1a: Ninetales
|move|p2a: Ogerpon|Ivy Cudgel|p1a: Ninetales|[anim] Ivy Cudgel Water
|-supereffective|p1a: Ninetales
|-damage|p1a: Ninetales|2/100
|
|-weather|SunnyDay|[upkeep]
|upkeep
|turn|21
|
|t:|1769411466
|move|p2a: Ogerpon|Ivy Cudgel|p1a: Ninetales|[anim] Ivy Cudgel Water
|-supereffective|p1a: Ninetales
|-crit|p1a: Ninetales
|-damage|p1a: Ninetales|0 fnt
|faint|p1a: Ninetales
|
|-weather|SunnyDay|[upkeep]
|upkeep
|
|t:|1769411468
|switch|p1a: Slither Wing|Slither Wing|32/100
|-damage|p1a: Slither Wing|20/100|[from] Stealth Rock
|-activate|p1a: Slither Wing|ability: Protosynthesis
|-start|p1a: Slither Wing|protosynthesisatk
|turn|22
|
|t:|1769411472
|move|p1a: Slither Wing|First Impression|p2a: Ogerpon
|-supereffective|p2a: Ogerpon
|-damage|p2a: Ogerpon|0 fnt
|faint|p2a: Ogerpon
|
|-weather|SunnyDay|[upkeep]
|upkeep
|
|t:|1769411475
|switch|p2a: Lokix|Lokix, M|100/100
|turn|23
|
|t:|1769411478
|move|p2a: Lokix|Knock Off|p1a: Slither Wing
|-resisted|p1a: Slither Wing
|-damage|p1a: Slither Wing|0 fnt
|-enditem|p1a: Slither Wing|Assault Vest|[from] move: Knock Off|[of] p2a: Lokix
|faint|p1a: Slither Wing
|-end|p1a: Slither Wing|Protosynthesis|[silent]
|
|-weather|SunnyDay|[upkeep]
|upkeep
|
|t:|1769411480
|switch|p1a: Walking Wake|Walking Wake|76/100
|-damage|p1a: Walking Wake|64/100|[from] Stealth Rock
|-activate|p1a: Walking Wake|ability: Protosynthesis
|-start|p1a: Walking Wake|protosynthesisspe
|turn|24
|
|t:|1769411492
|switch|p2a: Dragapult|Dragapult, M|31/100
|-terastallize|p1a: Walking Wake|Water
|move|p1a: Walking Wake|Hydro Steam|p2a: Dragapult
|-resisted|p2a: Dragapult
|-damage|p2a: Dragapult|0 fnt
|faint|p2a: Dragapult
|
|-weather|SunnyDay|[upkeep]
|upkeep
|c|☆RedemptiveSketch|gg
|
|t:|1769411503
|switch|p2a: Heatran|Heatran, M|100/100
|turn|25
|
|t:|1769411511
|-terastallize|p2a: Heatran|Fairy
|move|p1a: Walking Wake|Hydro Steam|p2a: Heatran
|-damage|p2a: Heatran|14/100
|move|p2a: Heatran|Earth Power|p1a: Walking Wake
|-damage|p1a: Walking Wake|33/100
|
|-weather|SunnyDay|[upkeep]
|-heal|p2a: Heatran|21/100|[from] item: Leftovers
|upkeep
|turn|26
|c|☆Dhrabb|Gg
|
|t:|1769411515
|move|p1a: Walking Wake|Hydro Steam|p2a: Heatran
|-damage|p2a: Heatran|0 fnt
|faint|p2a: Heatran
|
|-weather|SunnyDay|[upkeep]
|upkeep
|
|t:|1769411516
|switch|p2a: Lokix|Lokix, M|100/100
|turn|27
|
|t:|1769411523
|move|p2a: Lokix|Sucker Punch|p1a: Walking Wake
|-damage|p1a: Walking Wake|0 fnt
|faint|p1a: Walking Wake
|-end|p1a: Walking Wake|Protosynthesis|[silent]
|
|win|Dhrabb
|n|☆RedemptiveSketch|redemptivesketch
|n|☆Dhrabb|dhrabb
|n| S0R4ND0MZ|s0r4nd0mz
|n| LarpinLysander|larpinlysander
|n| AbrarS|abrars
|n| CaptainADYT|captainadyt
|n| Weedlenium|weedlenium
|n| cryodrift|cryodrift
|n| arcanezy|arcanezy
|n| donothan dozo|donothandozo
|n| Dracovish420|dracovish420
|l|☆RedemptiveSketch
|player|p1|
|c| arcanezy|oh ma gawd
|l| Dracovish420
|l| AbrarS
|l| cryodrift
|l| arcanezy
|l|☆Dhrabb
|player|p2|
