|j|☆thiefxo
|j|☆qwp1027
|t:|1769322678
|gametype|singles
|player|p1|thiefxo|mars|1243
|player|p2|qwp1027|gloria-league|1312
|gen|9
|tier|[Gen 9] OU
|rated|
|rule|HP Percentage Mod: HP is shown in percentages
|rule|Endless Battle Clause: Forcing endless battles is banned
|rule|Species Clause: Limit one of each Pokémon
|rule|OHKO Clause: OHKO moves are banned
|rule|Evasion Items Clause: Evasion items are banned
|rule|Evasion Moves Clause: Evasion moves are banned
|rule|Evasion Abilities Clause: Evasion abilities are banned
|rule|Sleep Moves Clause: Sleep-inducing moves are banned
|clearpoke
|poke|p1|Araquanid, M|
|poke|p1|Tinkaton, F|
|poke|p1|Gliscor, F|
|poke|p1|Dragapult, F|
|poke|p1|Weavile, M|
|poke|p1|Toxapex, F|
|poke|p2|Deoxys-Speed|
|poke|p2|Ceruledge, F|
|poke|p2|Zamazenta-*|
|poke|p2|Moltres-Galar|
|poke|p2|Glimmora, F|
|poke|p2|Ogerpon-Wellspring, F|
|teampreview
|inactive|Battle timer is ON: inactive players will automatically lose when time's up. (requested by qwp1027)
|
|t:|1769322702
|teamsize|p1|6
|teamsize|p2|6
|start
|switch|p1a: Gliscor|Gliscor, F|100/100
|switch|p2a: Deoxys|Deoxys-Speed|100/100
|-ability|p2a: Deoxys|Pressure
|turn|1
|
|t:|1769322720
|move|p2a: Deoxys|Reflect|p2a: Deoxys
|-sidestart|p2: qwp1027|Reflect
|move|p1a: Gliscor|Stealth Rock|p2a: Deoxys
|-sidestart|p2: qwp1027|move: Stealth Rock
|
|-status|p1a: Gliscor|tox|[from] item: Toxic Orb
|upkeep
|turn|2
|
|t:|1769322728
|move|p2a: Deoxys|Light Screen|p2a: Deoxys
|-sidestart|p2: qwp1027|move: Light Screen
|move|p1a: Gliscor|Brick Break|p2a: Deoxys
|-sideend|p2: qwp1027|Reflect
|-sideend|p2: qwp1027|move: Light Screen
|-resisted|p2a: Deoxys
|-damage|p2a: Deoxys|89/100
|
|upkeep
|turn|3
|l|☆qwp1027
|inactive|qwp1027 disconnected and has a minute to reconnect!
|player|p2|
|inactive|qwp1027 has 30 seconds to reconnect!
|inactive|qwp1027 has 20 seconds to reconnect!
|j|☆qwp1027
|inactive|qwp1027 reconnected and has 105 seconds left.
|player|p2|qwp1027|gloria-league|
|inactive|qwp1027 has 90 seconds left.
|
|t:|1769322788
|move|p2a: Deoxys|Reflect|p2a: Deoxys
|-sidestart|p2: qwp1027|Reflect
|move|p1a: Gliscor|Earthquake|p2a: Deoxys
|-damage|p2a: Deoxys|66/100
|
|upkeep
|turn|4
|
|t:|1769322797
|move|p2a: Deoxys|Light Screen|p2a: Deoxys
|-sidestart|p2: qwp1027|move: Light Screen
|move|p1a: Gliscor|Swords Dance|p1a: Gliscor
|-boost|p1a: Gliscor|atk|2
|
|upkeep
|turn|5
|
|t:|1769322804
|switch|p2a: Glimmora|Glimmora, F|100/100
|-damage|p2a: Glimmora|88/100|[from] Stealth Rock
|move|p1a: Gliscor|Brick Break|p2a: Glimmora
|-sideend|p2: qwp1027|Reflect
|-sideend|p2: qwp1027|move: Light Screen
|-damage|p2a: Glimmora|48/100
|-activate|p2a: Glimmora|ability: Toxic Debris
|-sidestart|p1: thiefxo|move: Toxic Spikes
|
|upkeep
|turn|6
|
|t:|1769322818
|switch|p1a: Toxapex|Toxapex, F|100/100
|-sideend|p1: thiefxo|move: Toxic Spikes|[of] p1a: Toxapex
|move|p2a: Glimmora|Mortal Spin|p1a: Toxapex
|-resisted|p1a: Toxapex
|-damage|p1a: Toxapex|98/100
|-sideend|p2: qwp1027|Stealth Rock|[from] move: Mortal Spin|[of] p2a: Glimmora
|
|-heal|p1a: Toxapex|100/100|[from] item: Black Sludge
|upkeep
|turn|7
|
|t:|1769322826
|move|p2a: Glimmora|Stealth Rock|p1a: Toxapex
|-sidestart|p1: thiefxo|move: Stealth Rock
|move|p1a: Toxapex|Surf|p2a: Glimmora
|-supereffective|p2a: Glimmora
|-damage|p2a: Glimmora|0 fnt
|faint|p2a: Glimmora
|
|upkeep
|
|t:|1769322836
|switch|p2a: Moltres|Moltres-Galar, shiny|100/100
|turn|8
|
|t:|1769322866
|move|p1a: Toxapex|Baneful Bunker|p1a: Toxapex
|-singleturn|p1a: Toxapex|move: Protect
|move|p2a: Moltres|Agility|p2a: Moltres
|-boost|p2a: Moltres|spe|2
|
|upkeep
|turn|9
|
|t:|1769322878
|move|p2a: Moltres|Nasty Plot|p2a: Moltres
|-boost|p2a: Moltres|spa|2
|move|p1a: Toxapex|Sludge Bomb|p2a: Moltres
|-damage|p2a: Moltres|84/100
|
|upkeep
|turn|10
|
|t:|1769322893
|switch|p1a: Weavile|Weavile, M|100/100
|move|p2a: Moltres|Nasty Plot|p2a: Moltres
|-boost|p2a: Moltres|spa|2
|
|upkeep
|turn|11
|
|t:|1769322904
|-terastallize|p2a: Moltres|Fairy
|-terastallize|p1a: Weavile|Ghost
|move|p2a: Moltres|Tera Blast|p1a: Weavile|[anim] Tera Blast Fairy
|-damage|p1a: Weavile|0 fnt
|faint|p1a: Weavile
|
|upkeep
|
|t:|1769322916
|switch|p1a: Tinkaton|Tinkaton, F|100/100
|-damage|p1a: Tinkaton|94/100|[from] Stealth Rock
|-ability|p1a: Tinkaton|Mold Breaker
|turn|12
|
|t:|1769322927
|move|p2a: Moltres|Tera Blast|p1a: Tinkaton|[anim] Tera Blast Fairy
|-resisted|p1a: Tinkaton
|-damage|p1a: Tinkaton|51/100
|move|p1a: Tinkaton|Gigaton Hammer|p2a: Moltres
|-supereffective|p2a: Moltres
|-damage|p2a: Moltres|0 fnt
|faint|p2a: Moltres
|
|-heal|p1a: Tinkaton|57/100|[from] item: Leftovers
|upkeep
|
|t:|1769322937
|switch|p2a: Deoxys|Deoxys-Speed|66/100
|-ability|p2a: Deoxys|Pressure
|turn|13
|
|t:|1769322949
|move|p2a: Deoxys|Reflect|p2a: Deoxys
|-sidestart|p2: qwp1027|Reflect
|move|p1a: Tinkaton|Knock Off|p2a: Deoxys
|-supereffective|p2a: Deoxys
|-damage|p2a: Deoxys|44/100
|-enditem|p2a: Deoxys|Light Clay|[from] move: Knock Off|[of] p1a: Tinkaton
|
|-heal|p1a: Tinkaton|64/100|[from] item: Leftovers
|upkeep
|turn|14
|
|t:|1769322959
|move|p2a: Deoxys|Light Screen|p2a: Deoxys
|-sidestart|p2: qwp1027|move: Light Screen
|move|p1a: Tinkaton|Encore|p2a: Deoxys
|-start|p2a: Deoxys|Encore
|
|-heal|p1a: Tinkaton|70/100|[from] item: Leftovers
|upkeep
|turn|15
|
|t:|1769322971
|switch|p2a: Ceruledge|Ceruledge, F, shiny|100/100
|switch|p1a: Juice|Araquanid, M|100/100
|
|upkeep
|turn|16
|
|t:|1769322977
|move|p2a: Ceruledge|Swords Dance|p2a: Ceruledge
|-boost|p2a: Ceruledge|atk|2
|move|p1a: Juice|Sticky Web|p2a: Ceruledge
|-sidestart|p2: qwp1027|move: Sticky Web
|
|upkeep
|turn|17
|
|t:|1769322983
|move|p2a: Ceruledge|Swords Dance|p2a: Ceruledge
|-boost|p2a: Ceruledge|atk|2
|move|p1a: Juice|Liquidation|p2a: Ceruledge
|-supereffective|p2a: Ceruledge
|-damage|p2a: Ceruledge|6/100
|-ability|p2a: Ceruledge|Weak Armor|boost
|-unboost|p2a: Ceruledge|def|1
|-boost|p2a: Ceruledge|spe|2
|
|upkeep
|turn|18
|
|t:|1769323003
|switch|p1a: Toxapex|Toxapex, F|100/100
|-damage|p1a: Toxapex|88/100|[from] Stealth Rock
|move|p2a: Ceruledge|Bitter Blade|p1a: Toxapex
|-resisted|p1a: Toxapex
|-damage|p1a: Toxapex|15/100
|-heal|p2a: Ceruledge|44/100|[from] drain|[of] p1a: Toxapex
|-damage|p2a: Ceruledge|34/100|[from] item: Life Orb
|
|-heal|p1a: Toxapex|21/100|[from] item: Black Sludge
|-sideend|p2: qwp1027|move: Light Screen
|upkeep
|turn|19
|
|t:|1769323015
|move|p1a: Toxapex|Baneful Bunker|p1a: Toxapex
|-singleturn|p1a: Toxapex|move: Protect
|move|p2a: Ceruledge|Bitter Blade|p1a: Toxapex
|-activate|p1a: Toxapex|move: Protect
|-status|p2a: Ceruledge|psn
|
|-heal|p1a: Toxapex|27/100|[from] item: Black Sludge
|-damage|p2a: Ceruledge|21/100 psn|[from] psn
|upkeep
|turn|20
|
|t:|1769323029
|move|p2a: Ceruledge|Bitter Blade|p1a: Toxapex
|-resisted|p1a: Toxapex
|-damage|p1a: Toxapex|0 fnt
|-heal|p2a: Ceruledge|36/100 psn|[from] drain|[of] p1a: Toxapex
|faint|p1a: Toxapex
|-damage|p2a: Ceruledge|26/100 psn|[from] item: Life Orb
|
|-damage|p2a: Ceruledge|13/100 psn|[from] psn
|-sideend|p2: qwp1027|Reflect
|upkeep
|
|t:|1769323048
|switch|p1a: Tinkaton|Tinkaton, F|70/100
|-damage|p1a: Tinkaton|64/100|[from] Stealth Rock
|-ability|p1a: Tinkaton|Mold Breaker
|turn|21
|
|t:|1769323056
|move|p2a: Ceruledge|Bitter Blade|p1a: Tinkaton
|-supereffective|p1a: Tinkaton
|-damage|p1a: Tinkaton|0 fnt
|-heal|p2a: Ceruledge|54/100 psn|[from] drain|[of] p1a: Tinkaton
|faint|p1a: Tinkaton
|-damage|p2a: Ceruledge|44/100 psn|[from] item: Life Orb
|
|-damage|p2a: Ceruledge|31/100 psn|[from] psn
|upkeep
|
|t:|1769323066
|switch|p1a: Juice|Araquanid, M|100/100
|turn|22
|
|t:|1769323070
|move|p2a: Ceruledge|Bitter Blade|p1a: Juice
|-damage|p1a: Juice|0 fnt
|-heal|p2a: Ceruledge|82/100 psn|[from] drain|[of] p1a: Juice
|faint|p1a: Juice
|-damage|p2a: Ceruledge|72/100 psn|[from] item: Life Orb
|
|-damage|p2a: Ceruledge|60/100 psn|[from] psn
|upkeep
|
|t:|1769323082
|switch|p1a: Dragapult|Dragapult, F|100/100
|-damage|p1a: Dragapult|88/100|[from] Stealth Rock
|turn|23
|
|t:|1769323092
|move|p2a: Ceruledge|Shadow Sneak|p1a: Dragapult
|-supereffective|p1a: Dragapult
|-damage|p1a: Dragapult|0 fnt
|faint|p1a: Dragapult
|-damage|p2a: Ceruledge|50/100 psn|[from] item: Life Orb
|
|-damage|p2a: Ceruledge|37/100 psn|[from] psn
|upkeep
|
|t:|1769323098
|switch|p1a: Gliscor|Gliscor, F|100/100 tox
|-damage|p1a: Gliscor|88/100 tox|[from] Stealth Rock
|turn|24
|
|t:|1769323102
|move|p2a: Ceruledge|Bitter Blade|p1a: Gliscor
|-damage|p1a: Gliscor|0 fnt
|-heal|p2a: Ceruledge|86/100 psn|[from] drain|[of] p1a: Gliscor
|faint|p1a: Gliscor
|-damage|p2a: Ceruledge|76/100 psn|[from] item: Life Orb
|
|win|qwp1027
|raw|thiefxo's rating: 1243 &rarr; <strong>1223</strong><br />(-20 for losing)
|raw|qwp1027's rating: 1312 &rarr; <strong>1328</strong><br />(+16 for winning)
|l|☆thiefxo
|player|p1|
|l|☆qwp1027
|player|p2|
