|j|‽Josector
|j|☆lucariodr
|t:|1769313313
|gametype|singles
|player|p1|Josector|benga|1300
|player|p2|lucariodr|lucas-gen4pt|1323
|gen|9
|tier|[Gen 9] OU
|rated|
|rule|HP Percentage Mod: HP is shown in percentages
|rule|Endless Battle Clause: Forcing endless battles is banned
|rule|Species Clause: Limit one of each Pokémon
|rule|OHKO Clause: OHKO moves are banned
|rule|Evasion Items Clause: Evasion items are banned
|rule|Evasion Moves Clause: Evasion moves are banned
|rule|Evasion Abilities Clause: Evasion abilities are banned
|rule|Sleep Moves Clause: Sleep-inducing moves are banned
|clearpoke
|poke|p1|Lokix, F|
|poke|p1|Greninja-*, M|
|poke|p1|Great Tusk|
|poke|p1|Slowking-Galar, F|
|poke|p1|Tinkaton, F|
|poke|p1|Moltres|
|poke|p2|Lucario, M|
|poke|p2|Sceptile, M|
|poke|p2|Gholdengo|
|poke|p2|Kingambit, M|
|poke|p2|Garganacl, M|
|poke|p2|Quaquaval, M|
|teampreview
|inactive|Battle timer is ON: inactive players will automatically lose when time's up. (requested by lucariodr)
|
|t:|1769313343
|teamsize|p1|6
|teamsize|p2|6
|start
|switch|p1a: Lokix|Lokix, F|100/100
|switch|p2a: Garganacl|Garganacl, M|100/100
|turn|1
|
|t:|1769313353
|move|p1a: Lokix|U-turn|p2a: Garganacl
|-damage|p2a: Garganacl|82/100
|
|t:|1769313368
|switch|p1a: Tinkaton|Tinkaton, F|100/100|[from] U-turn
|-ability|p1a: Tinkaton|Mold Breaker
|-item|p1a: Tinkaton|Air Balloon
|move|p2a: Garganacl|Salt Cure|p1a: Tinkaton
|-resisted|p1a: Tinkaton
|-damage|p1a: Tinkaton|93/100
|-start|p1a: Tinkaton|Salt Cure
|-enditem|p1a: Tinkaton|Air Balloon
|
|-heal|p2a: Garganacl|89/100|[from] item: Leftovers
|-damage|p1a: Tinkaton|68/100|[from] Salt Cure
|upkeep
|turn|2
|
|t:|1769313372
|move|p1a: Tinkaton|Stealth Rock|p2a: Garganacl
|-sidestart|p2: lucariodr|move: Stealth Rock
|move|p2a: Garganacl|Stealth Rock|p1a: Tinkaton
|-sidestart|p1: Josector|move: Stealth Rock
|
|-heal|p2a: Garganacl|95/100|[from] item: Leftovers
|-damage|p1a: Tinkaton|44/100|[from] Salt Cure
|upkeep
|turn|3
|
|t:|1769313378
|switch|p2a: Gholdengo|Gholdengo|100/100
|-damage|p2a: Gholdengo|94/100|[from] Stealth Rock
|-item|p2a: Gholdengo|Air Balloon
|move|p1a: Tinkaton|Thunder Wave|p2a: Gholdengo
|-status|p2a: Gholdengo|par
|
|-damage|p1a: Tinkaton|19/100|[from] Salt Cure
|upkeep
|turn|4
|
|t:|1769313385
|move|p1a: Tinkaton|Gigaton Hammer|p2a: Gholdengo
|-resisted|p2a: Gholdengo
|-damage|p2a: Gholdengo|74/100 par
|-enditem|p2a: Gholdengo|Air Balloon
|move|p2a: Gholdengo|Shadow Ball|p1a: Tinkaton
|-damage|p1a: Tinkaton|0 fnt
|faint|p1a: Tinkaton
|
|upkeep
|
|t:|1769313407
|switch|p1a: Moltres|Moltres|100/100
|turn|5
|
|t:|1769313412
|move|p1a: Moltres|Flamethrower|p2a: Gholdengo
|-supereffective|p2a: Gholdengo
|-damage|p2a: Gholdengo|2/100 par
|move|p2a: Gholdengo|Shadow Ball|p1a: Moltres
|-damage|p1a: Moltres|53/100
|
|upkeep
|turn|6
|
|t:|1769313415
|move|p1a: Moltres|U-turn|p2a: Gholdengo
|-resisted|p2a: Gholdengo
|-damage|p2a: Gholdengo|0 fnt
|faint|p2a: Gholdengo
|inactive|Josector has 120 seconds left.
|
|t:|1769313453
|switch|p1a: Greninja|Greninja, M|100/100|[from] U-turn
|-damage|p1a: Greninja|88/100|[from] Stealth Rock
|
|upkeep
|
|t:|1769313467
|switch|p2a: Quaquaval|Quaquaval, M|100/100
|-damage|p2a: Quaquaval|94/100|[from] Stealth Rock
|turn|7
|inactive|Josector has 120 seconds left.
|
|t:|1769313494
|switch|p1a: Moltres|Moltres|53/100
|move|p2a: Quaquaval|Aqua Step|p1a: Moltres
|-supereffective|p1a: Moltres
|-damage|p1a: Moltres|0 fnt
|-boost|p2a: Quaquaval|spe|1
|faint|p1a: Moltres
|-ability|p2a: Quaquaval|Moxie|boost
|-boost|p2a: Quaquaval|atk|1
|
|upkeep
|inactive|Josector has 90 seconds left.
|
|t:|1769313539
|switch|p1a: Slowking|Slowking-Galar, F|100/100
|-damage|p1a: Slowking|88/100|[from] Stealth Rock
|turn|8
|
|t:|1769313544
|-terastallize|p2a: Quaquaval|Water
|move|p2a: Quaquaval|Aqua Step|p1a: Slowking
|-damage|p1a: Slowking|5/100
|-boost|p2a: Quaquaval|spe|1
|move|p1a: Slowking|Psyshock|p2a: Quaquaval
|-damage|p2a: Quaquaval|41/100
|
|upkeep
|turn|9
|inactive|Josector has 90 seconds left.
|
|t:|1769313551
|move|p2a: Quaquaval|Aqua Step|p1a: Slowking
|-damage|p1a: Slowking|0 fnt
|-boost|p2a: Quaquaval|spe|1
|faint|p1a: Slowking
|-ability|p2a: Quaquaval|Moxie|boost
|-boost|p2a: Quaquaval|atk|1
|
|upkeep
|
|t:|1769313552
|switch|p1a: Lokix|Lokix, F|100/100
|-damage|p1a: Lokix|76/100|[from] Stealth Rock
|turn|10
|
|t:|1769313555
|move|p1a: Lokix|First Impression|p2a: Quaquaval
|-damage|p2a: Quaquaval|0 fnt
|faint|p2a: Quaquaval
|
|upkeep
|
|t:|1769313560
|switch|p2a: Garganacl|Garganacl, M|95/100
|-damage|p2a: Garganacl|82/100|[from] Stealth Rock
|turn|11
|
|t:|1769313574
|-terastallize|p1a: Lokix|Bug
|move|p1a: Lokix|U-turn|p2a: Garganacl
|-damage|p2a: Garganacl|56/100
|
|t:|1769313576
|switch|p1a: Great Tusk|Great Tusk|100/100|[from] U-turn
|move|p2a: Garganacl|Iron Defense|p2a: Garganacl
|-boost|p2a: Garganacl|def|2
|
|-heal|p2a: Garganacl|62/100|[from] item: Leftovers
|upkeep
|turn|12
|inactive|Josector has 120 seconds left.
|
|t:|1769313588
|move|p1a: Great Tusk|Knock Off|p2a: Garganacl
|-damage|p2a: Garganacl|54/100
|-enditem|p2a: Garganacl|Leftovers|[from] move: Knock Off|[of] p1a: Great Tusk
|move|p2a: Garganacl|Salt Cure|p1a: Great Tusk
|-resisted|p1a: Great Tusk
|-damage|p1a: Great Tusk|98/100
|-start|p1a: Great Tusk|Salt Cure
|
|-damage|p1a: Great Tusk|86/100|[from] Salt Cure
|upkeep
|turn|13
|
|t:|1769313592
|move|p1a: Great Tusk|Rapid Spin|p2a: Garganacl
|-resisted|p2a: Garganacl
|-damage|p2a: Garganacl|51/100
|-boost|p1a: Great Tusk|spe|1
|-sideend|p1: Josector|Stealth Rock|[from] move: Rapid Spin|[of] p1a: Great Tusk
|move|p2a: Garganacl|Body Press|p1a: Great Tusk
|-crit|p1a: Great Tusk
|-damage|p1a: Great Tusk|16/100
|
|-damage|p1a: Great Tusk|4/100|[from] Salt Cure
|upkeep
|turn|14
|
|t:|1769313597
|move|p1a: Great Tusk|Close Combat|p2a: Garganacl
|-supereffective|p2a: Garganacl
|-damage|p2a: Garganacl|17/100
|-unboost|p1a: Great Tusk|def|1
|-unboost|p1a: Great Tusk|spd|1
|move|p2a: Garganacl|Iron Defense|p2a: Garganacl
|-boost|p2a: Garganacl|def|2
|
|-damage|p1a: Great Tusk|0 fnt|[from] Salt Cure
|faint|p1a: Great Tusk
|-end|p1a: Great Tusk|Protosynthesis|[silent]
|upkeep
|
|t:|1769313599
|switch|p1a: Greninja|Greninja, M|88/100
|turn|15
|
|t:|1769313607
|move|p1a: Greninja|Surf|p2a: Garganacl
|-supereffective|p2a: Garganacl
|-damage|p2a: Garganacl|0 fnt
|faint|p2a: Garganacl
|-ability|p1a: Greninja|Battle Bond|boost
|-boost|p1a: Greninja|atk|1
|-boost|p1a: Greninja|spa|1
|-boost|p1a: Greninja|spe|1
|-activate|p1a: Greninja|ability: Battle Bond
|-damage|p1a: Greninja|78/100|[from] item: Life Orb
|
|upkeep
|
|t:|1769313616
|switch|p2a: Lucario|Lucario, M|100/100
|-damage|p2a: Lucario|98/100|[from] Stealth Rock
|turn|16
|
|t:|1769313621
|move|p1a: Greninja|Surf|p2a: Lucario
|-damage|p2a: Lucario|0 fnt
|faint|p2a: Lucario
|-damage|p1a: Greninja|69/100|[from] item: Life Orb
|
|upkeep
|
|t:|1769313627
|switch|p2a: Sceptile|Sceptile, M|100/100
|-damage|p2a: Sceptile|88/100|[from] Stealth Rock
|turn|17
|
|t:|1769313631
|move|p2a: Sceptile|Detect|p2a: Sceptile
|-singleturn|p2a: Sceptile|Protect
|move|p1a: Greninja|Ice Beam|p2a: Sceptile
|-activate|p2a: Sceptile|move: Protect
|
|-heal|p2a: Sceptile|94/100|[from] item: Leftovers
|upkeep
|turn|18
|
|t:|1769313636
|move|p1a: Greninja|Ice Beam|p2a: Sceptile
|-supereffective|p2a: Sceptile
|-damage|p2a: Sceptile|0 fnt
|faint|p2a: Sceptile
|-damage|p1a: Greninja|59/100|[from] item: Life Orb
|
|upkeep
|
|t:|1769313638
|switch|p2a: Kingambit|Kingambit, M, shiny|100/100
|-damage|p2a: Kingambit|94/100|[from] Stealth Rock
|-activate|p2a: Kingambit|ability: Supreme Overlord
|-start|p2a: Kingambit|fallen5|[silent]
|turn|19
|
|t:|1769313643
|move|p1a: Greninja|Water Shuriken|p2a: Kingambit
|-damage|p2a: Kingambit|82/100
|-damage|p2a: Kingambit|70/100
|-hitcount|p2a: Kingambit|2
|-damage|p1a: Greninja|49/100|[from] item: Life Orb
|move|p2a: Kingambit|Sucker Punch||[still]
|-fail|p2a: Kingambit
|
|-heal|p2a: Kingambit|76/100|[from] item: Leftovers
|upkeep
|turn|20
|
|t:|1769313646
|move|p2a: Kingambit|Sucker Punch|p1a: Greninja
|-resisted|p1a: Greninja
|-damage|p1a: Greninja|0 fnt
|faint|p1a: Greninja
|
|-heal|p2a: Kingambit|82/100|[from] item: Leftovers
|upkeep
|
|t:|1769313648
|switch|p1a: Lokix|Lokix, F, tera:Bug|76/100
|turn|21
|
|t:|1769313651
|move|p1a: Lokix|First Impression|p2a: Kingambit
|-damage|p2a: Kingambit|36/100
|move|p2a: Kingambit|Kowtow Cleave|p1a: Lokix
|-damage|p1a: Lokix|0 fnt
|faint|p1a: Lokix
|
|win|lucariodr
|raw|Josector's rating: 1300 &rarr; <strong>1277</strong><br />(-23 for losing)
|raw|lucariodr's rating: 1323 &rarr; <strong>1342</strong><br />(+19 for winning)
|l|‽Josector
|player|p1|
|l|☆lucariodr
|player|p2|
