|j|☆UnseriousOlivia
|j|☆jauk123
|t:|1769363910
|gametype|singles
|player|p1|UnseriousOlivia|miku-flying|1415
|player|p2|jauk123|dawn|1356
|gen|9
|tier|[Gen 9] OU
|rated|
|rule|HP Percentage Mod: HP is shown in percentages
|rule|Endless Battle Clause: Forcing endless battles is banned
|rule|Species Clause: Limit one of each Pokémon
|rule|OHKO Clause: OHKO moves are banned
|rule|Evasion Items Clause: Evasion items are banned
|rule|Evasion Moves Clause: Evasion moves are banned
|rule|Evasion Abilities Clause: Evasion abilities are banned
|rule|Sleep Moves Clause: Sleep-inducing moves are banned
|clearpoke
|poke|p1|Decidueye-Hisui, M|
|poke|p1|Typhlosion-Hisui, F|
|poke|p1|Great Tusk|
|poke|p1|Clefable, M|
|poke|p1|Glimmora, F|
|poke|p1|Feraligatr, F|
|poke|p2|Clodsire, M|
|poke|p2|Iron Moth|
|poke|p2|Raging Bolt|
|poke|p2|Rillaboom, M|
|poke|p2|Corviknight, F|
|poke|p2|Primarina, F|
|teampreview
|inactive|Battle timer is ON: inactive players will automatically lose when time's up. (requested by jauk123)
|
|t:|1769363940
|teamsize|p1|6
|teamsize|p2|6
|start
|switch|p1a: Glimmora|Glimmora, F|100/100
|switch|p2a: Primarina|Primarina, F|100/100
|turn|1
|
|t:|1769363945
|move|p1a: Glimmora|Sludge Bomb|p2a: Primarina
|-supereffective|p2a: Primarina
|-damage|p2a: Primarina|53/100
|move|p2a: Primarina|Surf|p1a: Glimmora
|-supereffective|p1a: Glimmora
|-damage|p1a: Glimmora|0 fnt
|faint|p1a: Glimmora
|
|upkeep
|
|t:|1769363963
|switch|p1a: Clefable|Clefable, M|100/100
|turn|2
|
|t:|1769363966
|move|p1a: Clefable|Stealth Rock|p2a: Primarina
|-sidestart|p2: jauk123|move: Stealth Rock
|move|p2a: Primarina|Moonblast|p1a: Clefable
|-damage|p1a: Clefable|62/100
|-unboost|p1a: Clefable|spa|1
|
|-heal|p1a: Clefable|69/100|[from] item: Leftovers
|upkeep
|turn|3
|
|t:|1769363978
|move|p1a: Clefable|Thunder Wave|p2a: Primarina
|-status|p2a: Primarina|par
|move|p2a: Primarina|Flip Turn|p1a: Clefable
|-damage|p1a: Clefable|53/100
|
|t:|1769363984
|switch|p2a: Clodsire|Clodsire, M|100/100|[from] Flip Turn
|-damage|p2a: Clodsire|94/100|[from] Stealth Rock
|
|-heal|p1a: Clefable|59/100|[from] item: Leftovers
|-heal|p2a: Clodsire|100/100|[from] item: Leftovers
|upkeep
|turn|4
|
|t:|1769364005
|switch|p1a: Feraligatr|Feraligatr, F|100/100
|move|p2a: Clodsire|Toxic|p1a: Feraligatr
|-status|p1a: Feraligatr|tox
|
|-damage|p1a: Feraligatr|94/100 tox|[from] psn
|upkeep
|turn|5
|
|t:|1769364024
|switch|p2a: Corviknight|Corviknight, F|100/100
|-damage|p2a: Corviknight|88/100|[from] Stealth Rock
|-ability|p2a: Corviknight|Pressure
|move|p1a: Feraligatr|Ice Punch|p2a: Corviknight
|-damage|p2a: Corviknight|57/100
|-damage|p1a: Feraligatr|78/100 tox|[from] item: Rocky Helmet|[of] p2a: Corviknight
|
|-damage|p1a: Feraligatr|66/100 tox|[from] psn
|upkeep
|turn|6
|
|t:|1769364031
|move|p1a: Feraligatr|Liquidation|p2a: Corviknight
|-damage|p2a: Corviknight|0 fnt
|-damage|p1a: Feraligatr|49/100 tox|[from] item: Rocky Helmet|[of] p2a: Corviknight
|faint|p2a: Corviknight
|
|-damage|p1a: Feraligatr|31/100 tox|[from] psn
|upkeep
|
|t:|1769364041
|switch|p2a: Rillaboom|Rillaboom, M|100/100
|-damage|p2a: Rillaboom|88/100|[from] Stealth Rock
|-fieldstart|move: Grassy Terrain|[from] ability: Grassy Surge|[of] p2a: Rillaboom
|turn|7
|
|t:|1769364051
|switch|p1a: Decidueye|Decidueye-Hisui, M|100/100
|move|p2a: Rillaboom|U-turn|p1a: Decidueye
|-damage|p1a: Decidueye|53/100
|
|t:|1769364060
|switch|p2a: Iron Moth|Iron Moth|100/100|[from] U-turn
|-damage|p2a: Iron Moth|76/100|[from] Stealth Rock
|-enditem|p2a: Iron Moth|Booster Energy
|-activate|p2a: Iron Moth|ability: Quark Drive|[fromitem]
|-start|p2a: Iron Moth|quarkdrivespa
|
|-heal|p2a: Iron Moth|82/100|[from] Grassy Terrain
|-heal|p1a: Decidueye|59/100|[from] Grassy Terrain
|upkeep
|turn|8
|
|t:|1769364067
|move|p2a: Iron Moth|Fiery Dance|p1a: Decidueye
|-supereffective|p1a: Decidueye
|-damage|p1a: Decidueye|0 fnt
|-boost|p2a: Iron Moth|spa|1
|faint|p1a: Decidueye
|
|-heal|p2a: Iron Moth|88/100|[from] Grassy Terrain
|upkeep
|
|t:|1769364094
|switch|p1a: Clefable|Clefable, M|59/100
|turn|9
|
|t:|1769364100
|-terastallize|p1a: Clefable|Water
|move|p2a: Iron Moth|Fiery Dance|p1a: Clefable
|-resisted|p1a: Clefable
|-crit|p1a: Clefable
|-damage|p1a: Clefable|16/100
|-boost|p2a: Iron Moth|spa|1
|move|p1a: Clefable|Thunder Wave|p2a: Iron Moth
|-status|p2a: Iron Moth|par
|
|-heal|p2a: Iron Moth|94/100 par|[from] Grassy Terrain
|-heal|p1a: Clefable|23/100|[from] Grassy Terrain
|-heal|p1a: Clefable|29/100|[from] item: Leftovers
|upkeep
|turn|10
|
|t:|1769364113
|move|p2a: Iron Moth|Energy Ball|p1a: Clefable
|-supereffective|p1a: Clefable
|-damage|p1a: Clefable|0 fnt
|faint|p1a: Clefable
|
|-heal|p2a: Iron Moth|99/100 par|[from] Grassy Terrain
|upkeep
|inactive|UnseriousOlivia has 120 seconds left.
|
|t:|1769364131
|switch|p1a: Feraligatr|Feraligatr, F|31/100 tox
|turn|11
|
|t:|1769364139
|move|p1a: Feraligatr|Liquidation|p2a: Iron Moth
|-supereffective|p2a: Iron Moth
|-damage|p2a: Iron Moth|0 fnt
|faint|p2a: Iron Moth
|-end|p2a: Iron Moth|Quark Drive|[silent]
|
|-heal|p1a: Feraligatr|37/100 tox|[from] Grassy Terrain
|-damage|p1a: Feraligatr|31/100 tox|[from] psn
|-fieldend|move: Grassy Terrain
|upkeep
|
|t:|1769364142
|switch|p2a: Rillaboom|Rillaboom, M|88/100
|-damage|p2a: Rillaboom|76/100|[from] Stealth Rock
|-fieldstart|move: Grassy Terrain|[from] ability: Grassy Surge|[of] p2a: Rillaboom
|turn|12
|
|t:|1769364146
|-terastallize|p2a: Rillaboom|Grass
|move|p2a: Rillaboom|Grassy Glide|p1a: Feraligatr
|-supereffective|p1a: Feraligatr
|-damage|p1a: Feraligatr|0 fnt
|faint|p1a: Feraligatr
|
|-heal|p2a: Rillaboom|82/100|[from] Grassy Terrain
|upkeep
|
|t:|1769364150
|switch|p1a: Typhlosion|Typhlosion-Hisui, F|100/100
|turn|13
|
|t:|1769364155
|move|p2a: Rillaboom|Grassy Glide|p1a: Typhlosion
|-resisted|p1a: Typhlosion
|-damage|p1a: Typhlosion|46/100
|move|p1a: Typhlosion|Flamethrower|p2a: Rillaboom
|-supereffective|p2a: Rillaboom
|-damage|p2a: Rillaboom|0 fnt
|faint|p2a: Rillaboom
|
|-heal|p1a: Typhlosion|52/100|[from] Grassy Terrain
|upkeep
|
|t:|1769364161
|switch|p2a: Clodsire|Clodsire, M|100/100
|-damage|p2a: Clodsire|94/100|[from] Stealth Rock
|turn|14
|
|t:|1769364166
|switch|p1a: Great Tusk|Great Tusk|100/100
|move|p2a: Clodsire|Toxic|p1a: Great Tusk
|-status|p1a: Great Tusk|tox
|
|-heal|p2a: Clodsire|100/100|[from] Grassy Terrain
|-damage|p1a: Great Tusk|94/100 tox|[from] psn
|upkeep
|turn|15
|
|t:|1769364171
|move|p1a: Great Tusk|Headlong Rush|p2a: Clodsire
|-supereffective|p2a: Clodsire
|-damage|p2a: Clodsire|0 fnt
|-unboost|p1a: Great Tusk|def|1
|-unboost|p1a: Great Tusk|spd|1
|faint|p2a: Clodsire
|
|-heal|p1a: Great Tusk|100/100 tox|[from] Grassy Terrain
|-damage|p1a: Great Tusk|88/100 tox|[from] psn
|upkeep
|
|t:|1769364176
|switch|p2a: Raging Bolt|Raging Bolt|100/100
|-damage|p2a: Raging Bolt|88/100|[from] Stealth Rock
|-enditem|p2a: Raging Bolt|Booster Energy
|-activate|p2a: Raging Bolt|ability: Protosynthesis|[fromitem]
|-start|p2a: Raging Bolt|protosynthesisspa
|turn|16
|
|t:|1769364179
|move|p1a: Great Tusk|Headlong Rush|p2a: Raging Bolt
|-supereffective|p2a: Raging Bolt
|-damage|p2a: Raging Bolt|0 fnt
|-unboost|p1a: Great Tusk|def|1
|-unboost|p1a: Great Tusk|spd|1
|faint|p2a: Raging Bolt
|-end|p2a: Raging Bolt|Protosynthesis|[silent]
|
|-heal|p1a: Great Tusk|94/100 tox|[from] Grassy Terrain
|-damage|p1a: Great Tusk|76/100 tox|[from] psn
|-fieldend|move: Grassy Terrain
|upkeep
|
|t:|1769364182
|switch|p2a: Primarina|Primarina, F|53/100 par
|-damage|p2a: Primarina|40/100 par|[from] Stealth Rock
|turn|17
|-message|jauk123 forfeited.
|
|win|UnseriousOlivia
|raw|UnseriousOlivia's rating: 1415 &rarr; <strong>1432</strong><br />(+17 for winning)
|raw|jauk123's rating: 1356 &rarr; <strong>1339</strong><br />(-17 for losing)
|l|☆jauk123
|player|p2|
