|j|☆saip2823
|j|☆tailspike
|t:|1769317983
|gametype|singles
|player|p1|saip2823|101|1342
|player|p2|tailspike|hilda-wonderlauncher|1313
|gen|9
|tier|[Gen 9] OU
|rated|
|rule|HP Percentage Mod: HP is shown in percentages
|rule|Endless Battle Clause: Forcing endless battles is banned
|rule|Species Clause: Limit one of each Pokémon
|rule|OHKO Clause: OHKO moves are banned
|rule|Evasion Items Clause: Evasion items are banned
|rule|Evasion Moves Clause: Evasion moves are banned
|rule|Evasion Abilities Clause: Evasion abilities are banned
|rule|Sleep Moves Clause: Sleep-inducing moves are banned
|clearpoke
|poke|p1|Ceruledge, M|
|poke|p1|Ogerpon-Wellspring, F|
|poke|p1|Iron Crown|
|poke|p1|Iron Hands|
|poke|p1|Zamazenta-*|
|poke|p1|Ursaluna, M|
|poke|p2|Tyranitar, M|
|poke|p2|Hydrapple, M|
|poke|p2|Enamorus, F|
|poke|p2|Garganacl, F|
|poke|p2|Excadrill, M|
|poke|p2|Alomomola, M|
|teampreview
|l|☆saip2823
|player|p1|
|j| sixlegoat
|j|☆saip2823
|player|p1|saip2823|101|
|inactive|Battle timer is ON: inactive players will automatically lose when time's up. (requested by tailspike)
|
|t:|1769318030
|teamsize|p1|6
|teamsize|p2|6
|start
|switch|p1a: Ogerpon|Ogerpon-Wellspring, F|100/100
|switch|p2a: Alomomola|Alomomola, M|100/100
|turn|1
|
|t:|1769318037
|move|p1a: Ogerpon|Swords Dance|p1a: Ogerpon
|-boost|p1a: Ogerpon|atk|2
|move|p2a: Alomomola|Body Slam|p1a: Ogerpon
|-crit|p1a: Ogerpon
|-damage|p1a: Ogerpon|68/100
|
|upkeep
|turn|2
|
|t:|1769318044
|switch|p2a: Hydrapple|Hydrapple, M|100/100
|move|p1a: Ogerpon|Horn Leech|p2a: Hydrapple
|-resisted|p2a: Hydrapple
|-damage|p2a: Hydrapple|87/100
|-heal|p1a: Ogerpon|77/100|[from] drain|[of] p2a: Hydrapple
|-damage|p1a: Ogerpon|60/100|[from] item: Rocky Helmet|[of] p2a: Hydrapple
|
|upkeep
|turn|3
|
|t:|1769318054
|move|p1a: Ogerpon|Play Rough|p2a: Hydrapple
|-supereffective|p2a: Hydrapple
|-damage|p2a: Hydrapple|14/100
|-damage|p1a: Ogerpon|44/100|[from] item: Rocky Helmet|[of] p2a: Hydrapple
|move|p2a: Hydrapple|Fickle Beam|p1a: Ogerpon
|-damage|p1a: Ogerpon|3/100
|
|upkeep
|turn|4
|inactive|tailspike has 120 seconds left.
|
|t:|1769318104
|switch|p2a: Enamorus|Enamorus, F|100/100
|move|p1a: Ogerpon|Horn Leech|p2a: Enamorus
|-resisted|p2a: Enamorus
|-damage|p2a: Enamorus|27/100
|-heal|p1a: Ogerpon|39/100|[from] drain|[of] p2a: Enamorus
|
|upkeep
|turn|5
|
|t:|1769318114
|-terastallize|p1a: Ogerpon|Water
|detailschange|p1a: Ogerpon|Ogerpon-Wellspring-Tera, F, tera:Water
|-ability|p1a: Ogerpon|Embody Aspect (Wellspring)|boost
|-boost|p1a: Ogerpon|spd|1
|move|p2a: Enamorus|Moonblast|p1a: Ogerpon
|-damage|p1a: Ogerpon|0 fnt
|faint|p1a: Ogerpon
|detailschange|p1: Ogerpon|Ogerpon-Wellspring, F|[silent]
|
|upkeep
|
|t:|1769318124
|switch|p1a: Ceruledge|Ceruledge, M|100/100
|turn|6
|inactive|tailspike has 120 seconds left.
|
|t:|1769318139
|switch|p2a: Tyranitar|Tyranitar, M|100/100
|-weather|Sandstorm|[from] ability: Sand Stream|[of] p2a: Tyranitar
|move|p1a: Ceruledge|Bitter Blade|p2a: Tyranitar
|-resisted|p2a: Tyranitar
|-damage|p2a: Tyranitar|78/100
|
|-weather|Sandstorm|[upkeep]
|-damage|p1a: Ceruledge|94/100|[from] Sandstorm
|upkeep
|turn|7
|
|t:|1769318151
|move|p1a: Ceruledge|Close Combat|p2a: Tyranitar
|-supereffective|p2a: Tyranitar
|-damage|p2a: Tyranitar|0 fnt
|-unboost|p1a: Ceruledge|def|1
|-unboost|p1a: Ceruledge|spd|1
|faint|p2a: Tyranitar
|
|-weather|Sandstorm|[upkeep]
|-damage|p1a: Ceruledge|88/100|[from] Sandstorm
|upkeep
|
|t:|1769318161
|switch|p2a: Excadrill|Excadrill, M|100/100
|turn|8
|
|t:|1769318167
|switch|p1a: Zamazenta|Zamazenta|100/100
|-ability|p1a: Zamazenta|Dauntless Shield|boost
|-boost|p1a: Zamazenta|def|1
|move|p2a: Excadrill|Substitute|p2a: Excadrill
|-start|p2a: Excadrill|Substitute
|-damage|p2a: Excadrill|76/100
|
|-weather|Sandstorm|[upkeep]
|-damage|p1a: Zamazenta|94/100|[from] Sandstorm
|-heal|p2a: Excadrill|82/100|[from] item: Leftovers
|-heal|p1a: Zamazenta|100/100|[from] item: Leftovers
|upkeep
|turn|9
|
|t:|1769318178
|move|p2a: Excadrill|Earthquake|p1a: Zamazenta
|-damage|p1a: Zamazenta|75/100
|move|p1a: Zamazenta|Iron Defense|p1a: Zamazenta
|-boost|p1a: Zamazenta|def|2
|
|-weather|Sandstorm|[upkeep]
|-damage|p1a: Zamazenta|69/100|[from] Sandstorm
|-heal|p2a: Excadrill|88/100|[from] item: Leftovers
|-heal|p1a: Zamazenta|75/100|[from] item: Leftovers
|upkeep
|turn|10
|
|t:|1769318189
|move|p2a: Excadrill|Earthquake|p1a: Zamazenta
|-damage|p1a: Zamazenta|58/100
|move|p1a: Zamazenta|Iron Defense|p1a: Zamazenta
|-boost|p1a: Zamazenta|def|2
|
|-weather|none
|-heal|p2a: Excadrill|94/100|[from] item: Leftovers
|-heal|p1a: Zamazenta|64/100|[from] item: Leftovers
|upkeep
|turn|11
|
|t:|1769318199
|move|p1a: Zamazenta|Body Press|p2a: Excadrill
|-supereffective|p2a: Excadrill
|-end|p2a: Excadrill|Substitute
|move|p2a: Excadrill|Earthquake|p1a: Zamazenta
|-damage|p1a: Zamazenta|51/100
|
|-heal|p1a: Zamazenta|57/100|[from] item: Leftovers
|-heal|p2a: Excadrill|99/100|[from] item: Leftovers
|upkeep
|turn|12
|
|t:|1769318224
|move|p1a: Zamazenta|Body Press|p2a: Excadrill
|-supereffective|p2a: Excadrill
|-damage|p2a: Excadrill|0 fnt
|faint|p2a: Excadrill
|
|-heal|p1a: Zamazenta|64/100|[from] item: Leftovers
|upkeep
|
|t:|1769318227
|switch|p2a: Enamorus|Enamorus, F|27/100
|turn|13
|
|t:|1769318233
|move|p2a: Enamorus|Moonblast|p1a: Zamazenta
|-supereffective|p1a: Zamazenta
|-damage|p1a: Zamazenta|0 fnt
|faint|p1a: Zamazenta
|
|upkeep
|
|t:|1769318239
|switch|p1a: Iron Crown|Iron Crown|100/100
|turn|14
|
|t:|1769318243
|switch|p2a: Alomomola|Alomomola, M|100/100
|move|p1a: Iron Crown|Tachyon Cutter|p2a: Alomomola
|-resisted|p2a: Alomomola
|-damage|p2a: Alomomola|90/100
|-resisted|p2a: Alomomola
|-damage|p2a: Alomomola|80/100
|-hitcount|p2a: Alomomola|2
|
|upkeep
|turn|15
|
|t:|1769318254
|-end|p1a: Iron Crown|Quark Drive|[silent]
|switch|p1a: Iron Hands|Iron Hands, shiny|100/100
|-enditem|p1a: Iron Hands|Booster Energy
|-activate|p1a: Iron Hands|ability: Quark Drive|[fromitem]
|-start|p1a: Iron Hands|quarkdriveatk
|move|p2a: Alomomola|Body Slam|p1a: Iron Hands
|-damage|p1a: Iron Hands|91/100
|
|upkeep
|turn|16
|
|t:|1769318274
|switch|p2a: Hydrapple|Hydrapple, M|47/100
|move|p1a: Iron Hands|Wild Charge|p2a: Hydrapple
|-resisted|p2a: Hydrapple
|-damage|p2a: Hydrapple|37/100
|-damage|p1a: Iron Hands|74/100|[from] item: Rocky Helmet|[of] p2a: Hydrapple
|-damage|p1a: Iron Hands|72/100|[from] Recoil
|
|upkeep
|turn|17
|
|t:|1769318290
|switch|p2a: Alomomola|Alomomola, M|100/100
|move|p1a: Iron Hands|Ice Punch|p2a: Alomomola
|-resisted|p2a: Alomomola
|-damage|p2a: Alomomola|88/100
|
|upkeep
|turn|18
|
|t:|1769318296
|move|p1a: Iron Hands|Wild Charge|p2a: Alomomola
|-supereffective|p2a: Alomomola
|-damage|p2a: Alomomola|0 fnt
|faint|p2a: Alomomola
|-damage|p1a: Iron Hands|52/100|[from] Recoil
|
|upkeep
|
|t:|1769318302
|switch|p2a: Enamorus|Enamorus, F|27/100
|turn|19
|
|t:|1769318307
|-end|p1a: Iron Hands|Quark Drive|[silent]
|switch|p1a: Iron Crown|Iron Crown|100/100
|move|p2a: Enamorus|Moonblast|p1a: Iron Crown
|-resisted|p1a: Iron Crown
|-damage|p1a: Iron Crown|75/100
|-unboost|p1a: Iron Crown|spa|1
|
|upkeep
|turn|20
|
|t:|1769318316
|switch|p2a: Hydrapple|Hydrapple, M|71/100
|move|p1a: Iron Crown|Volt Switch|p2a: Hydrapple
|-resisted|p2a: Hydrapple
|-damage|p2a: Hydrapple|66/100
|
|t:|1769318323
|-end|p1a: Iron Crown|Quark Drive|[silent]
|switch|p1a: Iron Hands|Iron Hands, shiny|52/100|[from] Volt Switch
|
|upkeep
|turn|21
|
|t:|1769318333
|switch|p2a: Garganacl|Garganacl, F|100/100
|move|p1a: Iron Hands|Ice Punch|p2a: Garganacl
|-damage|p2a: Garganacl|79/100
|
|-heal|p2a: Garganacl|86/100|[from] item: Leftovers
|upkeep
|turn|22
|
|t:|1769318342
|-terastallize|p2a: Garganacl|Fighting
|move|p1a: Iron Hands|Drain Punch|p2a: Garganacl
|-damage|p2a: Garganacl|56/100
|-heal|p1a: Iron Hands|64/100|[from] drain|[of] p2a: Garganacl
|move|p2a: Garganacl|Salt Cure|p1a: Iron Hands
|-resisted|p1a: Iron Hands
|-damage|p1a: Iron Hands|59/100
|-start|p1a: Iron Hands|Salt Cure
|
|-heal|p2a: Garganacl|63/100|[from] item: Leftovers
|-damage|p1a: Iron Hands|47/100|[from] Salt Cure
|upkeep
|turn|23
|
|t:|1769318360
|move|p2a: Garganacl|Protect|p2a: Garganacl
|-singleturn|p2a: Garganacl|Protect
|move|p1a: Iron Hands|Drain Punch|p2a: Garganacl
|-activate|p2a: Garganacl|move: Protect
|
|-heal|p2a: Garganacl|69/100|[from] item: Leftovers
|-damage|p1a: Iron Hands|35/100|[from] Salt Cure
|upkeep
|turn|24
|
|t:|1769318376
|switch|p2a: Hydrapple|Hydrapple, M|99/100
|move|p1a: Iron Hands|Drain Punch|p2a: Hydrapple
|-damage|p2a: Hydrapple|75/100
|-heal|p1a: Iron Hands|44/100|[from] drain|[of] p2a: Hydrapple
|-damage|p1a: Iron Hands|28/100|[from] item: Rocky Helmet|[of] p2a: Hydrapple
|
|-damage|p1a: Iron Hands|15/100|[from] Salt Cure
|upkeep
|turn|25
|
|t:|1769318387
|switch|p2a: Garganacl|Garganacl, F, tera:Fighting|69/100
|move|p1a: Iron Hands|Ice Punch|p2a: Garganacl
|-damage|p2a: Garganacl|51/100
|
|-heal|p2a: Garganacl|57/100|[from] item: Leftovers
|-damage|p1a: Iron Hands|3/100|[from] Salt Cure
|upkeep
|turn|26
|
|t:|1769318397
|move|p2a: Garganacl|Protect|p2a: Garganacl
|-singleturn|p2a: Garganacl|Protect
|move|p1a: Iron Hands|Drain Punch|p2a: Garganacl
|-activate|p2a: Garganacl|move: Protect
|
|-heal|p2a: Garganacl|63/100|[from] item: Leftovers
|-damage|p1a: Iron Hands|0 fnt|[from] Salt Cure
|faint|p1a: Iron Hands
|-end|p1a: Iron Hands|Quark Drive|[silent]
|upkeep
|
|t:|1769318409
|switch|p1a: Ursaluna|Ursaluna, M, shiny|100/100
|turn|27
|
|t:|1769318418
|switch|p2a: Hydrapple|Hydrapple, M|100/100
|move|p1a: Ursaluna|Facade|p2a: Hydrapple
|-damage|p2a: Hydrapple|82/100
|-damage|p1a: Ursaluna|84/100|[from] item: Rocky Helmet|[of] p2a: Hydrapple
|
|-status|p1a: Ursaluna|brn|[from] item: Flame Orb
|upkeep
|turn|28
|
|t:|1769318441
|move|p1a: Ursaluna|Facade|p2a: Hydrapple
|-damage|p2a: Hydrapple|30/100
|-damage|p1a: Ursaluna|67/100 brn|[from] item: Rocky Helmet|[of] p2a: Hydrapple
|move|p2a: Hydrapple|Fickle Beam|p1a: Ursaluna|[anim] Fickle Beam All Out
|-activate|p2a: Hydrapple|move: Fickle Beam
|-damage|p1a: Ursaluna|28/100 brn
|
|-damage|p1a: Ursaluna|22/100 brn|[from] brn
|upkeep
|turn|29
|
|t:|1769318455
|switch|p2a: Garganacl|Garganacl, F, tera:Fighting|63/100
|move|p1a: Ursaluna|Facade|p2a: Garganacl
|-damage|p2a: Garganacl|0 fnt
|faint|p2a: Garganacl
|
|-damage|p1a: Ursaluna|16/100 brn|[from] brn
|upkeep
|
|t:|1769318457
|switch|p2a: Enamorus|Enamorus, F|27/100
|turn|30
|
|t:|1769318467
|move|p2a: Enamorus|Healing Wish|p2a: Enamorus
|faint|p2a: Enamorus
|move|p1a: Ursaluna|Facade|p2: Enamorus|[notarget]
|-fail|p1a: Ursaluna
|
|-damage|p1a: Ursaluna|10/100 brn|[from] brn
|upkeep
|
|t:|1769318473
|switch|p2a: Hydrapple|Hydrapple, M|63/100
|-heal|p2a: Hydrapple|100/100|[from] move: Healing Wish
|turn|31
|
|t:|1769318482
|move|p1a: Ursaluna|Facade|p2a: Hydrapple
|-damage|p2a: Hydrapple|46/100
|-damage|p1a: Ursaluna|0 fnt|[from] item: Rocky Helmet|[of] p2a: Hydrapple
|faint|p1a: Ursaluna
|move|p2a: Hydrapple|Nasty Plot|p2a: Hydrapple
|-boost|p2a: Hydrapple|spa|2
|
|upkeep
|
|t:|1769318490
|switch|p1a: Ceruledge|Ceruledge, M|88/100
|turn|32
|
|t:|1769318494
|move|p1a: Ceruledge|Bitter Blade|p2a: Hydrapple
|-crit|p2a: Hydrapple
|-damage|p2a: Hydrapple|6/100
|-heal|p1a: Ceruledge|100/100|[from] drain|[of] p2a: Hydrapple
|-damage|p1a: Ceruledge|84/100|[from] item: Rocky Helmet|[of] p2a: Hydrapple
|move|p2a: Hydrapple|Earth Power|p1a: Ceruledge
|-supereffective|p1a: Ceruledge
|-damage|p1a: Ceruledge|0 fnt
|faint|p1a: Ceruledge
|
|upkeep
|
|t:|1769318505
|switch|p1a: Iron Crown|Iron Crown|75/100
|turn|33
|
|t:|1769318509
|move|p1a: Iron Crown|Tachyon Cutter|p2a: Hydrapple
|-damage|p2a: Hydrapple|0 fnt
|faint|p2a: Hydrapple
|-hitcount|p2: Hydrapple|1
|
|win|saip2823
|raw|saip2823's rating: 1342 &rarr; <strong>1360</strong><br />(+18 for winning)
|raw|tailspike's rating: 1313 &rarr; <strong>1295</strong><br />(-18 for losing)
|l|☆tailspike
|player|p2|
|l|☆saip2823
|player|p1|
|l| sixlegoat
