|j|☆FRANC1109
|j|☆Monodomie
|t:|1769406412
|gametype|singles
|player|p1|FRANC1109|benga|1121
|player|p2|Monodomie|hilda|1136
|gen|9
|tier|[Gen 9] OU
|rated|
|rule|HP Percentage Mod: HP is shown in percentages
|rule|Endless Battle Clause: Forcing endless battles is banned
|rule|Species Clause: Limit one of each Pokémon
|rule|OHKO Clause: OHKO moves are banned
|rule|Evasion Items Clause: Evasion items are banned
|rule|Evasion Moves Clause: Evasion moves are banned
|rule|Evasion Abilities Clause: Evasion abilities are banned
|rule|Sleep Moves Clause: Sleep-inducing moves are banned
|clearpoke
|poke|p1|Noivern, M|
|poke|p1|Tsareena, F|
|poke|p1|Lucario, F|
|poke|p1|Grimmsnarl, M|
|poke|p1|Volcanion|
|poke|p1|Clodsire, F|
|poke|p2|Zangoose, F|
|poke|p2|Gengar, M|
|poke|p2|Kyurem|
|poke|p2|Serperior, F|
|poke|p2|Keldeo-Resolute|
|poke|p2|Gallade, M|
|teampreview
|
|t:|1769406417
|teamsize|p1|6
|teamsize|p2|6
|start
|switch|p1a: Axoo|Clodsire, F, shiny|100/100
|switch|p2a: Kyurem|Kyurem, shiny|100/100
|-ability|p2a: Kyurem|Pressure
|turn|1
|inactive|Battle timer is ON: inactive players will automatically lose when time's up. (requested by FRANC1109)
|
|t:|1769406425
|switch|p1a: Ringotty|Volcanion|100/100
|move|p2a: Kyurem|Dragon Dance|p2a: Kyurem
|-boost|p2a: Kyurem|atk|1
|-boost|p2a: Kyurem|spe|1
|
|upkeep
|turn|2
|c|☆Monodomie|bless you
|
|t:|1769406436
|move|p2a: Kyurem|Scale Shot|p1a: Ringotty
|-damage|p1a: Ringotty|88/100
|-damage|p1a: Ringotty|75/100
|-damage|p1a: Ringotty|63/100
|-damage|p1a: Ringotty|49/100
|-hitcount|p1a: Ringotty|4
|-unboost|p2a: Kyurem|def|1
|-boost|p2a: Kyurem|spe|1
|move|p1a: Ringotty|Body Press|p2a: Kyurem
|-supereffective|p2a: Kyurem
|-damage|p2a: Kyurem|20/100
|
|upkeep
|turn|3
|
|t:|1769406449
|switch|p1a: Oggrerggo|Grimmsnarl, M|100/100
|move|p2a: Kyurem|Scale Shot|p1a: Oggrerggo
|-immune|p1a: Oggrerggo
|
|upkeep
|turn|4
|
|t:|1769406457
|move|p1a: Oggrerggo|Trick|p2a: Kyurem
|-activate|p1a: Oggrerggo|move: Trick|[of] p2a: Kyurem
|-item|p2a: Kyurem|Lagging Tail|[from] move: Trick
|-item|p1a: Oggrerggo|Loaded Dice|[from] move: Trick
|move|p2a: Kyurem|Icicle Spear|p1a: Oggrerggo
|-damage|p1a: Oggrerggo|84/100
|-damage|p1a: Oggrerggo|69/100
|-damage|p1a: Oggrerggo|51/100
|-damage|p1a: Oggrerggo|34/100
|-hitcount|p1a: Oggrerggo|4
|
|upkeep
|turn|5
|
|t:|1769406471
|switch|p2a: Gengar|Gengar, M|100/100
|move|p1a: Oggrerggo|Spirit Break|p2a: Gengar
|-resisted|p2a: Gengar
|-damage|p2a: Gengar|69/100
|-unboost|p2a: Gengar|spa|1
|
|upkeep
|turn|6
|
|t:|1769406480
|move|p1a: Oggrerggo|Trick|p2a: Gengar
|-activate|p1a: Oggrerggo|move: Trick|[of] p2a: Gengar
|-item|p2a: Gengar|Loaded Dice|[from] move: Trick
|-item|p1a: Oggrerggo|Choice Scarf|[from] move: Trick
|move|p2a: Gengar|Sludge Bomb|p1a: Oggrerggo
|-supereffective|p1a: Oggrerggo
|-damage|p1a: Oggrerggo|0 fnt
|faint|p1a: Oggrerggo
|
|upkeep
|
|t:|1769406489
|switch|p1a: Axoo|Clodsire, F, shiny|100/100
|turn|7
|
|t:|1769406494
|move|p2a: Gengar|Trick|p1a: Axoo
|-activate|p2a: Gengar|move: Trick|[of] p1a: Axoo
|-item|p1a: Axoo|Loaded Dice|[from] move: Trick
|-item|p2a: Gengar|Black Sludge|[from] move: Trick
|move|p1a: Axoo|Stealth Rock|p2a: Gengar
|-sidestart|p2: Monodomie|move: Stealth Rock
|
|-heal|p2a: Gengar|76/100|[from] item: Black Sludge
|upkeep
|turn|8
|
|t:|1769406502
|move|p2a: Gengar|Shadow Ball|p1a: Axoo
|-damage|p1a: Axoo|78/100
|move|p1a: Axoo|Earthquake|p2a: Gengar
|-supereffective|p2a: Gengar
|-damage|p2a: Gengar|0 fnt
|-start|p1a: Axoo|Disable|Earthquake|[from] ability: Cursed Body|[of] p2a: Gengar
|faint|p2a: Gengar
|
|upkeep
|
|t:|1769406508
|switch|p2a: Kyurem|Kyurem, shiny|20/100
|-damage|p2a: Kyurem|0 fnt|[from] Stealth Rock
|faint|p2a: Kyurem
|
|t:|1769406516
|switch|p2a: Keldeo|Keldeo-Resolute|100/100
|-damage|p2a: Keldeo|94/100|[from] Stealth Rock
|turn|9
|
|t:|1769406524
|switch|p1a: Ringotty|Volcanion|49/100
|move|p2a: Keldeo|Calm Mind|p2a: Keldeo
|-boost|p2a: Keldeo|spa|1
|-boost|p2a: Keldeo|spd|1
|
|upkeep
|turn|10
|
|t:|1769406531
|move|p2a: Keldeo|Secret Sword|p1a: Ringotty
|-damage|p1a: Ringotty|0 fnt
|faint|p1a: Ringotty
|-damage|p2a: Keldeo|84/100|[from] item: Life Orb
|
|upkeep
|
|t:|1769406537
|switch|p1a: Axoo|Clodsire, F, shiny|78/100
|turn|11
|
|t:|1769406540
|move|p2a: Keldeo|Hydro Pump|p1a: Axoo
|-supereffective|p1a: Axoo
|-damage|p1a: Axoo|0 fnt
|faint|p1a: Axoo
|-damage|p2a: Keldeo|74/100|[from] item: Life Orb
|
|upkeep
|
|t:|1769406548
|switch|p1a: Draggar|Noivern, M|100/100
|turn|12
|
|t:|1769406551
|move|p1a: Draggar|Air Slash|p2a: Keldeo
|-supereffective|p2a: Keldeo
|-damage|p2a: Keldeo|26/100
|cant|p2a: Keldeo|flinch
|
|upkeep
|turn|13
|
|t:|1769406563
|-terastallize|p1a: Draggar|Normal
|move|p1a: Draggar|Boomburst|p2a: Keldeo
|-damage|p2a: Keldeo|0 fnt
|faint|p2a: Keldeo
|-enditem|p1a: Draggar|Throat Spray
|-boost|p1a: Draggar|spa|1|[from] item: Throat Spray
|
|upkeep
|c|☆FRANC1109|W Noivern rn
|c|☆Monodomie|yeah I cant counter that lmao
|c|☆Monodomie|I think you win this
|
|t:|1769406591
|switch|p2a: Green Ceruledge|Gallade, M|100/100
|-damage|p2a: Green Ceruledge|94/100|[from] Stealth Rock
|turn|14
|c|☆FRANC1109|Maybe you can use Gallade
|
|t:|1769406598
|-terastallize|p2a: Green Ceruledge|Psychic
|move|p1a: Draggar|Air Slash|p2a: Green Ceruledge|[miss]
|-miss|p1a: Draggar|p2a: Green Ceruledge
|move|p2a: Green Ceruledge|Sacred Sword|p1a: Draggar
|-supereffective|p1a: Draggar
|-damage|p1a: Draggar|0 fnt
|faint|p1a: Draggar
|
|upkeep
|c|☆FRANC1109|Yep
|c|☆Monodomie|holy hair
|
|t:|1769406607
|switch|p1a: Raharya|Lucario, F, shiny|100/100
|turn|15
|
|t:|1769406611
|move|p1a: Raharya|Nasty Plot|p1a: Raharya
|-boost|p1a: Raharya|spa|2
|move|p2a: Green Ceruledge|Sacred Sword|p1a: Raharya
|-supereffective|p1a: Raharya
|-damage|p1a: Raharya|0 fnt
|faint|p1a: Raharya
|
|upkeep
|c|☆FRANC1109|Ggs
|c|☆Monodomie|ggs indeed
|-message|FRANC1109 forfeited.
|
|win|Monodomie
|raw|FRANC1109's rating: 1121 &rarr; <strong>1097</strong><br />(-24 for losing)
|raw|Monodomie's rating: 1136 &rarr; <strong>1160</strong><br />(+24 for winning)
|l|☆FRANC1109
|player|p1|
|l|☆Monodomie
|player|p2|
