|j|☆revati Prasad
|j|☆polgo
|t:|1769360810
|gametype|singles
|player|p1|revati Prasad|170|1128
|player|p2|polgo|swimmer-gen4|1125
|gen|9
|tier|[Gen 9] OU
|rated|
|rule|HP Percentage Mod: HP is shown in percentages
|rule|Endless Battle Clause: Forcing endless battles is banned
|rule|Species Clause: Limit one of each Pokémon
|rule|OHKO Clause: OHKO moves are banned
|rule|Evasion Items Clause: Evasion items are banned
|rule|Evasion Moves Clause: Evasion moves are banned
|rule|Evasion Abilities Clause: Evasion abilities are banned
|rule|Sleep Moves Clause: Sleep-inducing moves are banned
|clearpoke
|poke|p1|Great Tusk|
|poke|p1|Gholdengo|
|poke|p1|Kingambit, M|
|poke|p1|Dragapult, M|
|poke|p1|Iron Valiant|
|poke|p1|Toxapex, F|
|poke|p2|Iron Hands|
|poke|p2|Bastiodon, F|
|poke|p2|Altaria, F|
|poke|p2|Slowking, M|
|poke|p2|Spiritomb, M|
|poke|p2|Camerupt, M|
|teampreview
|
|t:|1769360827
|teamsize|p1|6
|teamsize|p2|6
|start
|switch|p1a: Great Tusk|Great Tusk|100/100
|switch|p2a: Iron Hands|Iron Hands, shiny|100/100
|turn|1
|c|☆revati Prasad|hi
|c|☆polgo|hi
|c|☆revati Prasad|where ar you form
|
|t:|1769360856
|-terastallize|p1a: Great Tusk|Ground
|move|p2a: Iron Hands|Fake Out|p1a: Great Tusk
|-damage|p1a: Great Tusk|93/100
|cant|p1a: Great Tusk|flinch
|
|-heal|p1a: Great Tusk|99/100|[from] item: Leftovers
|upkeep
|turn|2
|c|☆polgo|Europe
|
|t:|1769360867
|-end|p2a: Iron Hands|Quark Drive|[silent]
|switch|p2a: Altaria|Altaria, F, shiny|100/100
|move|p1a: Great Tusk|Stealth Rock|p2a: Altaria
|-sidestart|p2: polgo|move: Stealth Rock
|
|-heal|p1a: Great Tusk|100/100|[from] item: Leftovers
|upkeep
|turn|3
|
|t:|1769360880
|-end|p1a: Great Tusk|Protosynthesis|[silent]
|switch|p1a: Dragapult|Dragapult, M|100/100
|move|p2a: Altaria|Perish Song|p2a: Altaria
|-start|p1a: Dragapult|perish3|[silent]
|-start|p2a: Altaria|perish3|[silent]
|-fieldactivate|move: Perish Song
|
|-start|p1a: Dragapult|perish3
|-start|p2a: Altaria|perish3
|upkeep
|turn|4
|
|t:|1769360889
|move|p1a: Dragapult|Draco Meteor|p2a: Altaria
|-supereffective|p2a: Altaria
|-damage|p2a: Altaria|0 fnt
|-unboost|p1a: Dragapult|spa|2
|faint|p2a: Altaria
|
|-start|p1a: Dragapult|perish2
|upkeep
|
|t:|1769360899
|switch|p2a: Spiritomb|Spiritomb, M, shiny|100/100
|-damage|p2a: Spiritomb|88/100|[from] Stealth Rock
|turn|5
|c|☆revati Prasad|are you f or M
|
|t:|1769360915
|switch|p1a: Kingambit|Kingambit, M|100/100
|move|p2a: Spiritomb|Trick Room|p2a: Spiritomb
|-fieldstart|move: Trick Room|[of] p2a: Spiritomb
|
|upkeep
|turn|6
|inactive|Battle timer is ON: inactive players will automatically lose when time's up. (requested by polgo)
|
|t:|1769360939
|move|p2a: Spiritomb|Will-O-Wisp|p1a: Kingambit
|-status|p1a: Kingambit|brn
|move|p1a: Kingambit|Kowtow Cleave|p2a: Spiritomb
|-damage|p2a: Spiritomb|65/100
|-damage|p1a: Kingambit|84/100 brn|[from] item: Rocky Helmet|[of] p2a: Spiritomb
|
|-damage|p1a: Kingambit|78/100 brn|[from] brn
|upkeep
|turn|7
|
|t:|1769360949
|move|p1a: Kingambit|Sucker Punch||[still]
|-fail|p1a: Kingambit
|move|p2a: Spiritomb|Pain Split|p1a: Kingambit
|-sethp|p1a: Kingambit|63/100 brn|[from] move: Pain Split|[silent]
|-sethp|p2a: Spiritomb|84/100|[from] move: Pain Split
|
|-damage|p1a: Kingambit|57/100 brn|[from] brn
|upkeep
|turn|8
|
|t:|1769360959
|move|p2a: Spiritomb|Poltergeist|p1a: Kingambit
|-activate|p1a: Kingambit|move: Poltergeist|Black Glasses
|-resisted|p1a: Kingambit
|-damage|p1a: Kingambit|44/100 brn
|move|p1a: Kingambit|Kowtow Cleave|p2a: Spiritomb
|-damage|p2a: Spiritomb|60/100
|-damage|p1a: Kingambit|27/100 brn|[from] item: Rocky Helmet|[of] p2a: Spiritomb
|
|-damage|p1a: Kingambit|21/100 brn|[from] brn
|upkeep
|turn|9
|
|t:|1769360970
|move|p2a: Spiritomb|Poltergeist|p1a: Kingambit
|-activate|p1a: Kingambit|move: Poltergeist|Black Glasses
|-resisted|p1a: Kingambit
|-damage|p1a: Kingambit|8/100 brn
|move|p1a: Kingambit|Iron Head|p2a: Spiritomb
|-damage|p2a: Spiritomb|42/100
|-damage|p1a: Kingambit|0 fnt|[from] item: Rocky Helmet|[of] p2a: Spiritomb
|faint|p1a: Kingambit
|-end|p1a: Kingambit|fallenundefined|[silent]
|
|-fieldend|move: Trick Room
|upkeep
|
|t:|1769360982
|switch|p1a: Iron Valiant|Iron Valiant|100/100
|-enditem|p1a: Iron Valiant|Booster Energy
|-activate|p1a: Iron Valiant|ability: Quark Drive|[fromitem]
|-start|p1a: Iron Valiant|quarkdrivespe
|turn|10
|
|t:|1769360988
|move|p1a: Iron Valiant|Moonblast|p2a: Spiritomb
|-supereffective|p2a: Spiritomb
|-damage|p2a: Spiritomb|0 fnt
|faint|p2a: Spiritomb
|
|upkeep
|
|t:|1769360993
|switch|p2a: Slowking|Slowking, M, shiny|100/100
|-damage|p2a: Slowking|88/100|[from] Stealth Rock
|turn|11
|c|☆revati Prasad|what is your real name
|
|t:|1769361009
|move|p1a: Iron Valiant|Thunderbolt|p2a: Slowking
|-supereffective|p2a: Slowking
|-damage|p2a: Slowking|48/100
|move|p2a: Slowking|Scald|p1a: Iron Valiant
|-damage|p1a: Iron Valiant|46/100
|
|upkeep
|turn|12
|
|t:|1769361018
|move|p1a: Iron Valiant|Thunderbolt|p2a: Slowking
|-supereffective|p2a: Slowking
|-damage|p2a: Slowking|11/100
|move|p2a: Slowking|Scald|p1a: Iron Valiant
|-damage|p1a: Iron Valiant|0 fnt
|faint|p1a: Iron Valiant
|-end|p1a: Iron Valiant|Quark Drive|[silent]
|
|upkeep
|
|t:|1769361026
|switch|p1a: Gholdengo|Gholdengo|100/100
|turn|13
|c|☆revati Prasad|hey man chat
|
|t:|1769361051
|move|p1a: Gholdengo|Shadow Ball|p2a: Slowking
|-supereffective|p2a: Slowking
|-damage|p2a: Slowking|0 fnt
|faint|p2a: Slowking
|
|upkeep
|c|☆revati Prasad|playing while chatting is great combo
|inactive|polgo has 120 seconds left.
|
|t:|1769361085
|switch|p2a: Camerupt|Camerupt, M|100/100
|-damage|p2a: Camerupt|88/100|[from] Stealth Rock
|turn|14
|
|t:|1769361095
|switch|p1a: Toxapex|Toxapex, F|100/100
|move|p2a: Camerupt|Lava Plume|p1a: Toxapex
|-resisted|p1a: Toxapex
|-damage|p1a: Toxapex|85/100
|
|upkeep
|turn|15
|-message|polgo forfeited.
|
|win|revati Prasad
|raw|revati Prasad's rating: 1128 &rarr; <strong>1153</strong><br />(+25 for winning)
|raw|polgo's rating: 1125 &rarr; <strong>1100</strong><br />(-25 for losing)
|l|☆polgo
|player|p2|
|l|☆revati Prasad
|player|p1|
