|j|☆Nachi TL
|j|☆jokernegro
|t:|1769446062
|gametype|singles
|player|p1|Nachi TL|iono-masters|
|player|p2|jokernegro|youngn|
|gen|9
|tier|[Gen 9] OU
|rule|HP Percentage Mod: HP is shown in percentages
|rule|Endless Battle Clause: Forcing endless battles is banned
|rule|Species Clause: Limit one of each Pokémon
|rule|OHKO Clause: OHKO moves are banned
|rule|Evasion Items Clause: Evasion items are banned
|rule|Evasion Moves Clause: Evasion moves are banned
|rule|Evasion Abilities Clause: Evasion abilities are banned
|rule|Sleep Moves Clause: Sleep-inducing moves are banned
|clearpoke
|poke|p1|Blissey, F|
|poke|p1|Espeon, F|
|poke|p1|Garchomp, M|
|poke|p1|Corviknight, M|
|poke|p1|Great Tusk|
|poke|p1|Iron Hands|
|poke|p2|Excadrill, F|
|poke|p2|Mimikyu, F|
|poke|p2|Zoroark-Hisui, F|
|poke|p2|Politoed, F|
|poke|p2|Greninja-*, M|
|poke|p2|Eelektross, M|
|teampreview
|
|t:|1769446088
|teamsize|p1|6
|teamsize|p2|6
|start
|switch|p1a: Espeon|Espeon, F|100/100
|switch|p2a: Excadrill|Excadrill, F, shiny|100/100
|turn|1
|
|t:|1769446104
|move|p2a: Excadrill|Stealth Rock|p1a: Espeon
|move|p1a: Espeon|Stealth Rock|p2a: Excadrill|[from] ability: Magic Bounce
|-sidestart|p2: jokernegro|move: Stealth Rock
|move|p1a: Espeon|Grass Knot|p2a: Excadrill
|-damage|p2a: Excadrill|78/100
|
|-heal|p2a: Excadrill|84/100|[from] item: Leftovers
|upkeep
|turn|2
|
|t:|1769446114
|switch|p1a: Corviknight|Corviknight, M|100/100
|-ability|p1a: Corviknight|Pressure
|move|p2a: Excadrill|Rapid Spin|p1a: Corviknight
|-resisted|p1a: Corviknight
|-damage|p1a: Corviknight|95/100
|-boost|p2a: Excadrill|spe|1
|-sideend|p2: jokernegro|Stealth Rock|[from] move: Rapid Spin|[of] p2a: Excadrill
|
|-heal|p2a: Excadrill|90/100|[from] item: Leftovers
|-heal|p1a: Corviknight|100/100|[from] item: Leftovers
|upkeep
|turn|3
|
|t:|1769446128
|move|p2a: Excadrill|Stealth Rock|p1a: Corviknight
|-sidestart|p1: Nachi TL|move: Stealth Rock
|move|p1a: Corviknight|Body Press|p2a: Excadrill
|-supereffective|p2a: Excadrill
|-damage|p2a: Excadrill|20/100
|
|-heal|p2a: Excadrill|26/100|[from] item: Leftovers
|upkeep
|turn|4
|
|t:|1769446151
|move|p2a: Excadrill|Iron Head|p1a: Corviknight
|-resisted|p1a: Corviknight
|-damage|p1a: Corviknight|88/100
|move|p1a: Corviknight|U-turn|p2a: Excadrill
|-resisted|p2a: Excadrill
|-damage|p2a: Excadrill|15/100
|
|t:|1769446165
|switch|p1a: Great Tusk|Great Tusk|100/100|[from] U-turn
|
|-heal|p2a: Excadrill|22/100|[from] item: Leftovers
|upkeep
|turn|5
|
|t:|1769446189
|switch|p2a: Eelektross|Eelektross, M|100/100
|move|p1a: Great Tusk|Ice Spinner|p2a: Eelektross
|-damage|p2a: Eelektross|71/100
|
|-heal|p2a: Eelektross|77/100|[from] item: Leftovers
|upkeep
|turn|6
|
|t:|1769446200
|move|p1a: Great Tusk|Rapid Spin|p2a: Eelektross
|-damage|p2a: Eelektross|57/100
|-boost|p1a: Great Tusk|spe|1
|-sideend|p1: Nachi TL|Stealth Rock|[from] move: Rapid Spin|[of] p1a: Great Tusk
|move|p2a: Eelektross|Coil|p2a: Eelektross
|-boost|p2a: Eelektross|atk|1
|-boost|p2a: Eelektross|def|1
|-boost|p2a: Eelektross|accuracy|1
|
|-heal|p2a: Eelektross|63/100|[from] item: Leftovers
|upkeep
|turn|7
|
|t:|1769446221
|move|p1a: Great Tusk|Close Combat|p2a: Eelektross
|-damage|p2a: Eelektross|20/100
|-unboost|p1a: Great Tusk|def|1
|-unboost|p1a: Great Tusk|spd|1
|move|p2a: Eelektross|Dragon Tail|p1a: Great Tusk
|-damage|p1a: Great Tusk|76/100
|-end|p1a: Great Tusk|Protosynthesis|[silent]
|drag|p1a: Garchomp|Garchomp, M|100/100
|
|-heal|p2a: Eelektross|26/100|[from] item: Leftovers
|upkeep
|turn|8
|
|t:|1769446236
|move|p1a: Garchomp|Poison Jab|p2a: Eelektross
|-damage|p2a: Eelektross|2/100
|move|p2a: Eelektross|Dragon Tail|p1a: Garchomp
|-supereffective|p1a: Garchomp
|-damage|p1a: Garchomp|57/100
|-damage|p2a: Eelektross|0 fnt|[from] ability: Rough Skin|[of] p1a: Garchomp
|faint|p2a: Eelektross
|drag|p1a: Espeon|Espeon, F|100/100
|
|upkeep
|
|t:|1769446247
|switch|p2a: Greninja|Greninja, M|100/100
|turn|9
|
|t:|1769446255
|-terastallize|p1a: Espeon|Grass
|move|p2a: Greninja|Dark Pulse|p1a: Espeon
|-damage|p1a: Espeon|61/100
|-damage|p2a: Greninja|91/100|[from] item: Life Orb
|move|p1a: Espeon|Grass Knot|p2a: Greninja
|-supereffective|p2a: Greninja
|-damage|p2a: Greninja|0 fnt
|faint|p2a: Greninja
|
|upkeep
|
|t:|1769446284
|switch|p2a: Politoed|Politoed, F|100/100
|turn|10
|
|t:|1769446295
|move|p2a: Politoed|U-turn|p1a: Espeon
|-supereffective|p1a: Espeon
|-damage|p1a: Espeon|4/100
|
|t:|1769446303
|switch|p2a: Mimikyu|Mimikyu, F|100/100|[from] U-turn
|move|p1a: Espeon|Grass Knot|p2a: Mimikyu
|-activate|p2a: Mimikyu|ability: Disguise
|-damage|p2a: Mimikyu|100/100
|detailschange|p2a: Mimikyu|Mimikyu-Busted, F
|-damage|p2a: Mimikyu|88/100|[from] pokemon: Mimikyu-Busted
|
|upkeep
|turn|11
|
|t:|1769446317
|switch|p1a: Garchomp|Garchomp, M|57/100
|move|p2a: Mimikyu|Shadow Sneak|p1a: Garchomp
|-damage|p1a: Garchomp|37/100
|-damage|p2a: Mimikyu|76/100|[from] ability: Rough Skin|[of] p1a: Garchomp
|-damage|p2a: Mimikyu|66/100|[from] item: Life Orb
|
|upkeep
|turn|12
|
|t:|1769446336
|move|p1a: Garchomp|Earthquake|p2a: Mimikyu
|-damage|p2a: Mimikyu|0 fnt
|faint|p2a: Mimikyu
|
|upkeep
|
|t:|1769446342
|switch|p2a: Politoed|Politoed, F|100/100
|turn|13
|
|t:|1769446360
|switch|p1a: Corviknight|Corviknight, M|88/100
|-ability|p1a: Corviknight|Pressure
|move|p2a: Politoed|Dark Pulse|p1a: Corviknight
|-damage|p1a: Corviknight|69/100
|
|-heal|p1a: Corviknight|76/100|[from] item: Leftovers
|upkeep
|turn|14
|
|t:|1769446383
|move|p2a: Politoed|Dark Pulse|p1a: Corviknight
|-damage|p1a: Corviknight|57/100
|move|p1a: Corviknight|U-turn|p2a: Politoed
|-resisted|p2a: Politoed
|-damage|p2a: Politoed|86/100
|replace|p2a: Zoroark|Zoroark-Hisui, F, shiny
|-end|p2a: Zoroark|Illusion
|
|t:|1769446399
|switch|p1a: Blissey|Blissey, F|100/100|[from] U-turn
|
|upkeep
|turn|15
|
|t:|1769446415
|switch|p2a: Politoed|Politoed, F|100/100
|-weather|RainDance|[from] ability: Drizzle|[of] p2a: Politoed
|move|p1a: Blissey|Blizzard|p2a: Politoed
|-resisted|p2a: Politoed
|-damage|p2a: Politoed|83/100
|
|-weather|RainDance|[upkeep]
|-heal|p2a: Politoed|89/100|[from] item: Leftovers
|upkeep
|turn|16
|
|t:|1769446431
|switch|p1a: Corviknight|Corviknight, M|57/100
|-ability|p1a: Corviknight|Pressure
|move|p2a: Politoed|Hydro Pump|p1a: Corviknight
|-damage|p1a: Corviknight|15/100
|
|-weather|RainDance|[upkeep]
|-heal|p1a: Corviknight|21/100|[from] item: Leftovers
|-heal|p2a: Politoed|95/100|[from] item: Leftovers
|upkeep
|turn|17
|
|t:|1769446448
|switch|p1a: Iron Hands|Iron Hands|100/100
|move|p2a: Politoed|Weather Ball|p1a: Iron Hands
|-damage|p1a: Iron Hands|60/100
|
|-weather|RainDance|[upkeep]
|-heal|p2a: Politoed|100/100|[from] item: Leftovers
|upkeep
|turn|18
|
|t:|1769446461
|-terastallize|p2a: Politoed|Electric
|move|p2a: Politoed|Earth Power|p1a: Iron Hands
|-supereffective|p1a: Iron Hands
|-enditem|p1a: Iron Hands|Shuca Berry|[eat]
|-enditem|p1a: Iron Hands|Shuca Berry|[weaken]
|-damage|p1a: Iron Hands|43/100
|move|p1a: Iron Hands|Drain Punch|p2a: Politoed
|-damage|p2a: Politoed|42/100
|-heal|p1a: Iron Hands|65/100|[from] drain|[of] p2a: Politoed
|
|-weather|RainDance|[upkeep]
|-heal|p2a: Politoed|48/100|[from] item: Leftovers
|upkeep
|turn|19
|
|t:|1769446476
|move|p2a: Politoed|Hydro Pump|p1a: Iron Hands
|-damage|p1a: Iron Hands|23/100
|move|p1a: Iron Hands|Thunder Punch|p2a: Politoed
|-resisted|p2a: Politoed
|-damage|p2a: Politoed|15/100
|
|-weather|none
|-heal|p2a: Politoed|21/100|[from] item: Leftovers
|upkeep
|turn|20
|
|t:|1769446490
|-end|p1a: Iron Hands|Quark Drive|[silent]
|switch|p1a: Blissey|Blissey, F|100/100
|move|p2a: Politoed|Hydro Pump|p1a: Blissey
|-damage|p1a: Blissey|88/100
|
|-heal|p2a: Politoed|27/100|[from] item: Leftovers
|upkeep
|turn|21
|
|t:|1769446498
|move|p2a: Politoed|Rest|p2a: Politoed
|-status|p2a: Politoed|slp|[from] move: Rest
|-heal|p2a: Politoed|100/100 slp|[silent]
|move|p1a: Blissey|Fire Blast|p2a: Politoed
|-damage|p2a: Politoed|66/100 slp
|
|-heal|p2a: Politoed|72/100 slp|[from] item: Leftovers
|upkeep
|turn|22
|
|t:|1769446510
|switch|p1a: Great Tusk|Great Tusk|76/100
|cant|p2a: Politoed|slp
|
|-heal|p2a: Politoed|78/100 slp|[from] item: Leftovers
|upkeep
|turn|23
|
|t:|1769446522
|move|p1a: Great Tusk|Headlong Rush|p2a: Politoed
|-supereffective|p2a: Politoed
|-damage|p2a: Politoed|0 fnt
|-unboost|p1a: Great Tusk|def|1
|-unboost|p1a: Great Tusk|spd|1
|faint|p2a: Politoed
|
|upkeep
|
|t:|1769446530
|switch|p2a: Excadrill|Excadrill, F, shiny|86/100
|turn|24
|
|t:|1769446539
|move|p2a: Excadrill|Shadow Ball|p1a: Great Tusk
|-damage|p1a: Great Tusk|5/100
|-unboost|p1a: Great Tusk|spd|1
|move|p1a: Great Tusk|Headlong Rush|p2a: Excadrill
|-damage|p2a: Excadrill|0 fnt
|-unboost|p1a: Great Tusk|def|1
|-unboost|p1a: Great Tusk|spd|1
|replace|p2a: Zoroark|Zoroark-Hisui, F, shiny
|-end|p2a: Zoroark|Illusion
|faint|p2a: Zoroark
|
|upkeep
|
|t:|1769446551
|switch|p2a: Excadrill|Excadrill, F, shiny|22/100
|turn|25
|
|t:|1769446560
|-end|p1a: Great Tusk|Protosynthesis|[silent]
|switch|p1a: Corviknight|Corviknight, M|21/100
|-ability|p1a: Corviknight|Pressure
|move|p2a: Excadrill|Iron Head|p1a: Corviknight
|-resisted|p1a: Corviknight
|-damage|p1a: Corviknight|9/100
|
|-heal|p2a: Excadrill|28/100|[from] item: Leftovers
|-heal|p1a: Corviknight|16/100|[from] item: Leftovers
|upkeep
|turn|26
|
|t:|1769446572
|move|p2a: Excadrill|Iron Head|p1a: Corviknight
|-resisted|p1a: Corviknight
|-damage|p1a: Corviknight|2/100
|move|p1a: Corviknight|Body Press|p2a: Excadrill
|-supereffective|p2a: Excadrill
|-damage|p2a: Excadrill|0 fnt
|faint|p2a: Excadrill
|
|win|Nachi TL
|l|☆jokernegro
|player|p2|
|c|☆Nachi TL|ptdr ez
