|j|☆Jojo6500
|j|☆Wyvern fiend
|t:|1769410192
|gametype|singles
|player|p1|Jojo6500|hugh|1347
|player|p2|Wyvern fiend|ingo|1348
|gen|9
|tier|[Gen 9] OU
|rated|
|rule|HP Percentage Mod: HP is shown in percentages
|rule|Endless Battle Clause: Forcing endless battles is banned
|rule|Species Clause: Limit one of each Pokémon
|rule|OHKO Clause: OHKO moves are banned
|rule|Evasion Items Clause: Evasion items are banned
|rule|Evasion Moves Clause: Evasion moves are banned
|rule|Evasion Abilities Clause: Evasion abilities are banned
|rule|Sleep Moves Clause: Sleep-inducing moves are banned
|clearpoke
|poke|p1|Zarude|
|poke|p1|Magnezone|
|poke|p1|Kyurem|
|poke|p1|Garchomp, F|
|poke|p1|Munkidori, M|
|poke|p1|Corviknight, M|
|poke|p2|Veluza, M|
|poke|p2|Magnezone|
|poke|p2|Ninetales-Alola, M|
|poke|p2|Moltres-Galar|
|poke|p2|Ceruledge, F|
|poke|p2|Noivern, M|
|teampreview
|inactive|Battle timer is ON: inactive players will automatically lose when time's up. (requested by Jojo6500)
|c|☆Jojo6500|u watch pinkacross?
|
|t:|1769410218
|teamsize|p1|6
|teamsize|p2|6
|start
|switch|p1a: Jackson 5|Munkidori, M|100/100
|switch|p2a: Frozen Fish|Ninetales-Alola, M|100/100
|-weather|Snowscape|[from] ability: Snow Warning|[of] p2a: Frozen Fish
|turn|1
|c|☆Wyvern fiend|no, do they use veluza?
|
|t:|1769410236
|move|p1a: Jackson 5|Sludge Bomb|p2a: Frozen Fish
|-supereffective|p2a: Frozen Fish
|-damage|p2a: Frozen Fish|7/100
|-status|p2a: Frozen Fish|psn
|move|p2a: Frozen Fish|Aurora Veil|p2a: Frozen Fish
|-sidestart|p2: Wyvern fiend|move: Aurora Veil
|
|-weather|Snowscape|[upkeep]
|-damage|p2a: Frozen Fish|0 fnt|[from] psn
|faint|p2a: Frozen Fish
|upkeep
|
|t:|1769410245
|switch|p2a: Monochrome Copy|Moltres-Galar|100/100
|turn|2
|c|☆Jojo6500|yeah they have a really interesting strategy with it
|c|☆Jojo6500|show me your veluzas set
|c|☆Jojo6500|or you can do it after battle
|
|t:|1769410268
|switch|p1a: Jackson 4|Garchomp, F|100/100
|move|p2a: Monochrome Copy|Agility|p2a: Monochrome Copy
|-boost|p2a: Monochrome Copy|spe|2
|
|-weather|Snowscape|[upkeep]
|upkeep
|turn|3
|c|☆Wyvern fiend|nice, mine is that i bait out kingambit with ninetales and kidnap them with magnezone
|
|t:|1769410277
|move|p2a: Monochrome Copy|Fiery Wrath|p1a: Jackson 4
|-damage|p1a: Jackson 4|58/100
|move|p1a: Jackson 4|Dragon Tail|p2a: Monochrome Copy
|-damage|p2a: Monochrome Copy|84/100
|drag|p2a: Sundial|Noivern, M|100/100
|
|-weather|Snowscape|[upkeep]
|upkeep
|turn|4
|c|☆Wyvern fiend|then veluza can beat any unaware mons they have
|inactive|Jojo6500 has 120 seconds left.
|c|☆Jojo6500|is it like fillet p cutter water cutter and night slash?
|
|t:|1769410315
|switch|p1a: Jackson 6|Corviknight, M|100/100
|-ability|p1a: Jackson 6|Pressure
|move|p2a: Sundial|Draco Meteor|p1a: Jackson 6
|-resisted|p1a: Jackson 6
|-damage|p1a: Jackson 6|79/100
|-unboost|p2a: Sundial|spa|2
|
|-weather|Snowscape|[upkeep]
|-heal|p1a: Jackson 6|85/100|[from] item: Leftovers
|upkeep
|turn|5
|inactive|Jojo6500 has 120 seconds left.
|c|☆Wyvern fiend|no it is mold breaker so it can sweep unaware mons with stored energy
|c|☆Wyvern fiend|(stored power)
|
|t:|1769410341
|move|p2a: Sundial|Super Fang|p1a: Jackson 6
|-damage|p1a: Jackson 6|43/100
|move|p1a: Jackson 6|U-turn|p2a: Sundial
|-resisted|p2a: Sundial
|-damage|p2a: Sundial|96/100
|inactive|Jojo6500 has 120 seconds left.
|c|☆Jojo6500|thats a really cool  set!!!!
|c|☆Wyvern fiend|thx!
|
|t:|1769410365
|switch|p1a: Jackson 2|Magnezone|100/100|[from] U-turn
|
|-weather|none
|upkeep
|turn|6
|c|☆Jojo6500|theres a good set thats like
|c|☆Jojo6500|fillet
|c|☆Jojo6500|recover
|c|☆Jojo6500|stored power
|c|☆Jojo6500|and tera (or water cutter)
|inactive|Jojo6500 has 90 seconds left.
|c|☆Wyvern fiend|nice, i do surf fillet stored power and aqua jet
|c|☆Jojo6500|you can use filet an unlimited amount of times that way and absolutly kill stall
|c|☆Jojo6500|that also looks like an interesting set
|c|☆Wyvern fiend|aqua jet allows you to beat sucker punch mons if you outplay them
|inactive|Jojo6500 has 60 seconds left.
|c|☆Jojo6500|yeah
|c|☆Jojo6500|honestly i think the tera fighting set would be better
|c|☆Jojo6500|but that seems interesting too
|
|t:|1769410444
|move|p2a: Sundial|Super Fang|p1a: Jackson 2
|-damage|p1a: Jackson 2|50/100
|move|p1a: Jackson 2|Volt Switch|p2a: Sundial
|-damage|p2a: Sundial|76/100
|
|t:|1769410451
|switch|p1a: Jackson 6|Corviknight, M|43/100|[from] Volt Switch
|-ability|p1a: Jackson 6|Pressure
|
|-heal|p1a: Jackson 6|49/100|[from] item: Leftovers
|upkeep
|turn|7
|inactive|Wyvern fiend has 120 seconds left.
|c|☆Wyvern fiend|fair, but with tera psychic it can sweep practically any non dark type without sucker punch or first impression
|c|☆Wyvern fiend|and it can still sometimes beat sucker punch mons
|
|t:|1769410488
|move|p2a: Sundial|Hurricane|p1a: Jackson 6|[miss]
|-miss|p2a: Sundial|p1a: Jackson 6
|move|p1a: Jackson 6|Roost|p1a: Jackson 6
|-heal|p1a: Jackson 6|99/100
|-singleturn|p1a: Jackson 6|move: Roost
|
|-heal|p1a: Jackson 6|100/100|[from] item: Leftovers
|upkeep
|turn|8
|c|☆Jojo6500|thats true as well
|
|t:|1769410499
|switch|p2a: Switch Axe|Ceruledge, F|100/100
|move|p1a: Jackson 6|Defog|p2a: Switch Axe
|-unboost|p2a: Switch Axe|evasion|1
|-sideend|p2: Wyvern fiend|move: Aurora Veil
|
|upkeep
|turn|9
|c|☆Jojo6500|i guess it depends on preference
|inactive|Jojo6500 has 60 seconds left.
|
|t:|1769410505
|move|p2a: Switch Axe|Bulk Up|p2a: Switch Axe
|-boost|p2a: Switch Axe|atk|1
|-boost|p2a: Switch Axe|def|1
|move|p1a: Jackson 6|U-turn|p2a: Switch Axe
|-resisted|p2a: Switch Axe
|-damage|p2a: Switch Axe|98/100
|
|t:|1769410508
|switch|p1a: Jackson 4|Garchomp, F|58/100|[from] U-turn
|
|upkeep
|turn|10
|c|☆Wyvern fiend|true
|inactive|Wyvern fiend has 120 seconds left.
|
|t:|1769410519
|switch|p2a: Monochrome Copy|Moltres-Galar|84/100
|move|p1a: Jackson 4|Earthquake|p2a: Monochrome Copy
|-immune|p2a: Monochrome Copy
|
|upkeep
|turn|11
|
|t:|1769410524
|move|p2a: Monochrome Copy|Agility|p2a: Monochrome Copy
|-boost|p2a: Monochrome Copy|spe|2
|move|p1a: Jackson 4|Dragon Tail|p2a: Monochrome Copy
|-crit|p2a: Monochrome Copy
|-damage|p2a: Monochrome Copy|40/100
|-ability|p2a: Monochrome Copy|Berserk|boost
|-boost|p2a: Monochrome Copy|spa|1
|drag|p2a: Switch Axe|Ceruledge, F|98/100
|
|upkeep
|turn|12
|
|t:|1769410536
|switch|p2a: Sundial|Noivern, M|76/100
|move|p1a: Jackson 4|Spikes|p2a: Sundial
|-sidestart|p2: Wyvern fiend|Spikes
|
|upkeep
|turn|13
|
|t:|1769410541
|switch|p1a: Jackson 6|Corviknight, M|100/100
|-ability|p1a: Jackson 6|Pressure
|move|p2a: Sundial|Draco Meteor|p1a: Jackson 6
|-resisted|p1a: Jackson 6
|-damage|p1a: Jackson 6|80/100
|-unboost|p2a: Sundial|spa|2
|
|-heal|p1a: Jackson 6|86/100|[from] item: Leftovers
|upkeep
|turn|14
|
|t:|1769410551
|move|p2a: Sundial|Super Fang|p1a: Jackson 6
|-damage|p1a: Jackson 6|43/100
|move|p1a: Jackson 6|Brave Bird|p2a: Sundial
|-damage|p2a: Sundial|37/100
|-damage|p1a: Jackson 6|31/100|[from] Recoil
|
|-heal|p1a: Jackson 6|37/100|[from] item: Leftovers
|upkeep
|turn|15
|
|t:|1769410559
|move|p2a: Sundial|Defog|p1a: Jackson 6
|-unboost|p1a: Jackson 6|evasion|1
|-sideend|p2: Wyvern fiend|Spikes|[from] move: Defog|[of] p2a: Sundial
|move|p1a: Jackson 6|Roost|p1a: Jackson 6
|-heal|p1a: Jackson 6|87/100
|-singleturn|p1a: Jackson 6|move: Roost
|
|-heal|p1a: Jackson 6|93/100|[from] item: Leftovers
|upkeep
|turn|16
|
|t:|1769410567
|switch|p2a: Mt. Chiliad|Magnezone|100/100
|move|p1a: Jackson 6|Brave Bird|p2a: Mt. Chiliad
|-resisted|p2a: Mt. Chiliad
|-damage|p2a: Mt. Chiliad|94/100
|-damage|p1a: Jackson 6|92/100|[from] Recoil
|
|-heal|p1a: Jackson 6|98/100|[from] item: Leftovers
|-heal|p2a: Mt. Chiliad|99/100|[from] item: Leftovers
|upkeep
|turn|17
|
|t:|1769410579
|move|p1a: Jackson 6|U-turn|p2a: Mt. Chiliad
|-resisted|p2a: Mt. Chiliad
|-damage|p2a: Mt. Chiliad|95/100
|
|t:|1769410582
|switch|p1a: Jackson 2|Magnezone|50/100|[from] U-turn
|move|p2a: Mt. Chiliad|Thunderbolt|p1a: Jackson 2
|-resisted|p1a: Jackson 2
|-damage|p1a: Jackson 2|36/100
|
|-heal|p2a: Mt. Chiliad|100/100|[from] item: Leftovers
|upkeep
|turn|18
|
|t:|1769410589
|move|p1a: Jackson 2|Body Press|p2a: Mt. Chiliad
|-supereffective|p2a: Mt. Chiliad
|-damage|p2a: Mt. Chiliad|73/100
|move|p2a: Mt. Chiliad|Body Press|p1a: Jackson 2
|-supereffective|p1a: Jackson 2
|-damage|p1a: Jackson 2|0 fnt
|faint|p1a: Jackson 2
|
|-heal|p2a: Mt. Chiliad|79/100|[from] item: Leftovers
|upkeep
|
|t:|1769410602
|switch|p1a: Jackson 4|Garchomp, F|58/100
|turn|19
|
|t:|1769410606
|switch|p2a: Sundial|Noivern, M|37/100
|move|p1a: Jackson 4|Dragon Tail|p2a: Sundial
|-supereffective|p2a: Sundial
|-damage|p2a: Sundial|0 fnt
|faint|p2a: Sundial
|
|upkeep
|
|t:|1769410613
|switch|p2a: Plesioth|Veluza, M, shiny|100/100
|-ability|p2a: Plesioth|Mold Breaker
|turn|20
|
|t:|1769410621
|switch|p2a: Mt. Chiliad|Magnezone|79/100
|move|p1a: Jackson 4|Dragon Tail|p2a: Mt. Chiliad
|-resisted|p2a: Mt. Chiliad
|-damage|p2a: Mt. Chiliad|69/100
|drag|p2a: Monochrome Copy|Moltres-Galar|40/100
|-enditem|p2a: Monochrome Copy|Sitrus Berry|[eat]
|-heal|p2a: Monochrome Copy|65/100|[from] item: Sitrus Berry
|
|upkeep
|turn|21
|
|t:|1769410629
|move|p2a: Monochrome Copy|Fiery Wrath|p1a: Jackson 4
|-damage|p1a: Jackson 4|17/100
|cant|p1a: Jackson 4|flinch
|
|upkeep
|turn|22
|
|t:|1769410639
|move|p2a: Monochrome Copy|Fiery Wrath|p1a: Jackson 4
|-damage|p1a: Jackson 4|0 fnt
|faint|p1a: Jackson 4
|
|upkeep
|
|t:|1769410646
|switch|p1a: Jackson 3|Kyurem|100/100
|-ability|p1a: Jackson 3|Pressure
|turn|23
|
|t:|1769410661
|-terastallize|p2a: Monochrome Copy|Dark
|move|p1a: Jackson 3|Icicle Spear|p2a: Monochrome Copy
|-damage|p2a: Monochrome Copy|49/100
|-damage|p2a: Monochrome Copy|33/100
|-damage|p2a: Monochrome Copy|17/100
|-damage|p2a: Monochrome Copy|3/100
|-damage|p2a: Monochrome Copy|0 fnt
|faint|p2a: Monochrome Copy
|-hitcount|p2: Monochrome Copy|5
|
|upkeep
|
|t:|1769410682
|switch|p2a: Switch Axe|Ceruledge, F|98/100
|turn|24
|
|t:|1769410687
|switch|p1a: Jackson 5|Munkidori, M|100/100
|move|p2a: Switch Axe|Bulk Up|p2a: Switch Axe
|-boost|p2a: Switch Axe|atk|1
|-boost|p2a: Switch Axe|def|1
|
|upkeep
|turn|25
|
|t:|1769410694
|move|p1a: Jackson 5|Psychic|p2a: Switch Axe
|-damage|p2a: Switch Axe|64/100
|move|p2a: Switch Axe|Bitter Blade|p1a: Jackson 5
|-damage|p1a: Jackson 5|8/100
|-heal|p2a: Switch Axe|100/100|[from] drain|[of] p1a: Jackson 5
|
|upkeep
|turn|26
|
|t:|1769410700
|move|p1a: Jackson 5|Psychic|p2a: Switch Axe
|-damage|p2a: Switch Axe|64/100
|move|p2a: Switch Axe|Bulk Up|p2a: Switch Axe
|-boost|p2a: Switch Axe|atk|1
|-boost|p2a: Switch Axe|def|1
|
|upkeep
|turn|27
|
|t:|1769410707
|move|p2a: Switch Axe|Shadow Sneak|p1a: Jackson 5
|-supereffective|p1a: Jackson 5
|-damage|p1a: Jackson 5|0 fnt
|faint|p1a: Jackson 5
|
|upkeep
|
|t:|1769410708
|switch|p1a: Jackson 1|Zarude|100/100
|turn|28
|
|t:|1769410716
|move|p1a: Jackson 1|Knock Off|p2a: Switch Axe
|-supereffective|p2a: Switch Axe
|-damage|p2a: Switch Axe|0 fnt
|-enditem|p2a: Switch Axe|Covert Cloak|[from] move: Knock Off|[of] p1a: Jackson 1
|faint|p2a: Switch Axe
|
|upkeep
|
|t:|1769410722
|switch|p2a: Mt. Chiliad|Magnezone|69/100
|turn|29
|
|t:|1769410726
|move|p1a: Jackson 1|Knock Off|p2a: Mt. Chiliad
|-damage|p2a: Mt. Chiliad|25/100
|-enditem|p2a: Mt. Chiliad|Leftovers|[from] move: Knock Off|[of] p1a: Jackson 1
|move|p2a: Mt. Chiliad|Thunderbolt|p1a: Jackson 1
|-resisted|p1a: Jackson 1
|-damage|p1a: Jackson 1|81/100
|
|upkeep
|turn|30
|
|t:|1769410734
|move|p1a: Jackson 1|Knock Off|p2a: Mt. Chiliad
|-damage|p2a: Mt. Chiliad|0 fnt
|faint|p2a: Mt. Chiliad
|
|upkeep
|c|☆Wyvern fiend|gg
|
|t:|1769410739
|switch|p2a: Plesioth|Veluza, M, shiny|100/100
|-ability|p2a: Plesioth|Mold Breaker
|turn|31
|c|☆Jojo6500|ggwp!
|
|t:|1769410754
|move|p1a: Jackson 1|Knock Off|p2a: Plesioth
|-supereffective|p2a: Plesioth
|-damage|p2a: Plesioth|0 fnt
|-enditem|p2a: Plesioth|Sitrus Berry|[from] move: Knock Off|[of] p1a: Jackson 1
|faint|p2a: Plesioth
|
|win|Jojo6500
|raw|Jojo6500's rating: 1347 &rarr; <strong>1367</strong><br />(+20 for winning)
|raw|Wyvern fiend's rating: 1348 &rarr; <strong>1328</strong><br />(-20 for losing)
|l|☆Jojo6500
|player|p1|
|l|☆Wyvern fiend
|player|p2|
