|j|☆Xmas Arc
|j|☆Yummeee
|t:|1769387820
|gametype|singles
|player|p1|Xmas Arc|blue|1106
|player|p2|Yummeee|veteran|1100
|gen|9
|tier|[Gen 9] OU
|rated|
|rule|HP Percentage Mod: HP is shown in percentages
|rule|Endless Battle Clause: Forcing endless battles is banned
|rule|Species Clause: Limit one of each Pokémon
|rule|OHKO Clause: OHKO moves are banned
|rule|Evasion Items Clause: Evasion items are banned
|rule|Evasion Moves Clause: Evasion moves are banned
|rule|Evasion Abilities Clause: Evasion abilities are banned
|rule|Sleep Moves Clause: Sleep-inducing moves are banned
|clearpoke
|poke|p1|Dragonite, M|
|poke|p1|Corviknight, M|
|poke|p1|Darkrai|
|poke|p1|Blaziken, F|
|poke|p1|Ogerpon-Wellspring, F|
|poke|p1|Weezing-Galar, M|
|poke|p2|Serperior, F|
|poke|p2|Dragapult, F|
|poke|p2|Excadrill, M|
|poke|p2|Toxapex, F|
|poke|p2|Gliscor, F|
|poke|p2|Rotom-Wash|
|teampreview
|
|t:|1769387852
|teamsize|p1|6
|teamsize|p2|6
|start
|switch|p1a: Dragonite|Dragonite, M|100/100
|switch|p2a: Toxapex|Toxapex, F|100/100
|turn|1
|
|t:|1769387871
|move|p1a: Dragonite|Earthquake|p2a: Toxapex
|-supereffective|p2a: Toxapex
|-damage|p2a: Toxapex|52/100
|move|p2a: Toxapex|Toxic|p1a: Dragonite
|-status|p1a: Dragonite|tox
|
|-heal|p2a: Toxapex|58/100|[from] item: Black Sludge
|-damage|p1a: Dragonite|94/100 tox|[from] psn
|upkeep
|turn|2
|
|t:|1769387879
|move|p2a: Toxapex|Baneful Bunker|p2a: Toxapex
|-singleturn|p2a: Toxapex|move: Protect
|move|p1a: Dragonite|Dragon Dance|p1a: Dragonite
|-boost|p1a: Dragonite|atk|1
|-boost|p1a: Dragonite|spe|1
|
|-heal|p2a: Toxapex|64/100|[from] item: Black Sludge
|-damage|p1a: Dragonite|82/100 tox|[from] psn
|upkeep
|turn|3
|
|t:|1769387899
|switch|p2a: Rotom|Rotom-Wash|100/100
|move|p1a: Dragonite|Ice Spinner|p2a: Rotom
|-resisted|p2a: Rotom
|-damage|p2a: Rotom|74/100
|
|-damage|p1a: Dragonite|63/100 tox|[from] psn
|upkeep
|turn|4
|
|t:|1769387935
|move|p1a: Dragonite|Dragon Dance|p1a: Dragonite
|-boost|p1a: Dragonite|atk|1
|-boost|p1a: Dragonite|spe|1
|move|p2a: Rotom|Trick|p1a: Dragonite
|-activate|p2a: Rotom|move: Trick|[of] p1a: Dragonite
|-item|p1a: Dragonite|Choice Scarf|[from] move: Trick
|-item|p2a: Rotom|Heavy-Duty Boots|[from] move: Trick
|
|-damage|p1a: Dragonite|39/100 tox|[from] psn
|upkeep
|turn|5
|
|t:|1769387947
|move|p1a: Dragonite|Extreme Speed|p2a: Rotom
|-damage|p2a: Rotom|9/100
|move|p2a: Rotom|Volt Switch|p1a: Dragonite
|-damage|p1a: Dragonite|8/100 tox
|
|t:|1769387956
|switch|p2a: Dragapult|Dragapult, F|100/100|[from] Volt Switch
|
|-damage|p1a: Dragonite|0 fnt|[from] psn
|faint|p1a: Dragonite
|upkeep
|
|t:|1769387977
|switch|p1a: Fiona|Ogerpon-Wellspring, F|100/100
|turn|6
|
|t:|1769387991
|move|p2a: Dragapult|U-turn|p1a: Fiona
|-supereffective|p1a: Fiona
|-damage|p1a: Fiona|42/100
|-damage|p2a: Dragapult|91/100|[from] item: Life Orb
|
|t:|1769387999
|switch|p2a: Serperior|Serperior, F|100/100|[from] U-turn
|move|p1a: Fiona|Knock Off|p2a: Serperior
|-damage|p2a: Serperior|63/100
|-enditem|p2a: Serperior|Leftovers|[from] move: Knock Off|[of] p1a: Fiona
|
|upkeep
|turn|7
|
|t:|1769388016
|switch|p1a: Raven Beak|Corviknight, M, shiny|100/100
|-ability|p1a: Raven Beak|Pressure
|move|p2a: Serperior|Leaf Storm|p1a: Raven Beak
|-resisted|p1a: Raven Beak
|-damage|p1a: Raven Beak|92/100
|-boost|p2a: Serperior|spa|2
|
|-heal|p1a: Raven Beak|98/100|[from] item: Leftovers
|upkeep
|turn|8
|
|t:|1769388041
|switch|p2a: Gliscor|Gliscor, F|100/100
|move|p1a: Raven Beak|Iron Defense|p1a: Raven Beak
|-boost|p1a: Raven Beak|def|2
|
|-heal|p1a: Raven Beak|100/100|[from] item: Leftovers
|-status|p2a: Gliscor|tox|[from] item: Toxic Orb
|upkeep
|turn|9
|
|t:|1769388050
|switch|p2a: Rotom|Rotom-Wash|9/100
|move|p1a: Raven Beak|Iron Defense|p1a: Raven Beak
|-boost|p1a: Raven Beak|def|2
|
|upkeep
|turn|10
|
|t:|1769388059
|move|p2a: Rotom|Will-O-Wisp|p1a: Raven Beak
|-status|p1a: Raven Beak|brn
|move|p1a: Raven Beak|Body Press|p2a: Rotom
|-damage|p2a: Rotom|0 fnt
|faint|p2a: Rotom
|
|-damage|p1a: Raven Beak|94/100 brn|[from] brn
|upkeep
|
|t:|1769388068
|switch|p2a: Gliscor|Gliscor, F|100/100 tox
|turn|11
|
|t:|1769388071
|move|p2a: Gliscor|Substitute|p2a: Gliscor
|-start|p2a: Gliscor|Substitute
|-damage|p2a: Gliscor|75/100 tox
|move|p1a: Raven Beak|Iron Defense|p1a: Raven Beak
|-boost|p1a: Raven Beak|def|2
|
|-heal|p1a: Raven Beak|100/100 brn|[from] item: Leftovers
|-heal|p2a: Gliscor|88/100 tox|[from] ability: Poison Heal
|-damage|p1a: Raven Beak|94/100 brn|[from] brn
|upkeep
|turn|12
|
|t:|1769388082
|move|p2a: Gliscor|Protect|p2a: Gliscor
|-singleturn|p2a: Gliscor|Protect
|move|p1a: Raven Beak|Iron Defense|p1a: Raven Beak
|-boost|p1a: Raven Beak|def|0
|
|-heal|p1a: Raven Beak|100/100 brn|[from] item: Leftovers
|-heal|p2a: Gliscor|100/100 tox|[from] ability: Poison Heal
|-damage|p1a: Raven Beak|94/100 brn|[from] brn
|upkeep
|turn|13
|c|☆Xmas Arc|Oh duh
|
|t:|1769388091
|move|p2a: Gliscor|Substitute|p2a: Gliscor
|-fail|p2a: Gliscor|move: Substitute
|move|p1a: Raven Beak|Body Press|p2a: Gliscor
|-resisted|p2a: Gliscor
|-activate|p2a: Gliscor|move: Substitute|[damage]
|
|-heal|p1a: Raven Beak|100/100 brn|[from] item: Leftovers
|-damage|p1a: Raven Beak|94/100 brn|[from] brn
|upkeep
|turn|14
|
|t:|1769388099
|move|p2a: Gliscor|Throat Chop|p1a: Raven Beak
|-damage|p1a: Raven Beak|92/100 brn
|-start|p1a: Raven Beak|Throat Chop|[silent]
|move|p1a: Raven Beak|Body Press|p2a: Gliscor
|-resisted|p2a: Gliscor
|-end|p2a: Gliscor|Substitute
|
|-heal|p1a: Raven Beak|98/100 brn|[from] item: Leftovers
|-damage|p1a: Raven Beak|92/100 brn|[from] brn
|upkeep
|turn|15
|
|t:|1769388110
|move|p2a: Gliscor|Substitute|p2a: Gliscor
|-start|p2a: Gliscor|Substitute
|-damage|p2a: Gliscor|75/100 tox
|move|p1a: Raven Beak|Body Press|p2a: Gliscor
|-resisted|p2a: Gliscor
|-crit|p2a: Gliscor
|-end|p2a: Gliscor|Substitute
|
|-heal|p1a: Raven Beak|98/100 brn|[from] item: Leftovers
|-heal|p2a: Gliscor|88/100 tox|[from] ability: Poison Heal
|-damage|p1a: Raven Beak|92/100 brn|[from] brn
|-end|p1a: Raven Beak|Throat Chop|[silent]
|upkeep
|turn|16
|
|t:|1769388120
|move|p2a: Gliscor|Protect|p2a: Gliscor
|-singleturn|p2a: Gliscor|Protect
|move|p1a: Raven Beak|Body Press|p2a: Gliscor
|-activate|p2a: Gliscor|move: Protect
|
|-heal|p1a: Raven Beak|98/100 brn|[from] item: Leftovers
|-heal|p2a: Gliscor|100/100 tox|[from] ability: Poison Heal
|-damage|p1a: Raven Beak|92/100 brn|[from] brn
|upkeep
|turn|17
|
|t:|1769388133
|move|p2a: Gliscor|Throat Chop|p1a: Raven Beak
|-damage|p1a: Raven Beak|89/100 brn
|-start|p1a: Raven Beak|Throat Chop|[silent]
|move|p1a: Raven Beak|Body Press|p2a: Gliscor
|-resisted|p2a: Gliscor
|-damage|p2a: Gliscor|79/100 tox
|
|-heal|p1a: Raven Beak|95/100 brn|[from] item: Leftovers
|-heal|p2a: Gliscor|91/100 tox|[from] ability: Poison Heal
|-damage|p1a: Raven Beak|89/100 brn|[from] brn
|upkeep
|turn|18
|
|t:|1769388143
|move|p2a: Gliscor|Protect|p2a: Gliscor
|-singleturn|p2a: Gliscor|Protect
|move|p1a: Raven Beak|Iron Defense|p1a: Raven Beak
|-boost|p1a: Raven Beak|def|0
|
|-heal|p1a: Raven Beak|95/100 brn|[from] item: Leftovers
|-heal|p2a: Gliscor|100/100 tox|[from] ability: Poison Heal
|-damage|p1a: Raven Beak|89/100 brn|[from] brn
|-end|p1a: Raven Beak|Throat Chop|[silent]
|upkeep
|turn|19
|
|t:|1769388159
|move|p2a: Gliscor|Substitute|p2a: Gliscor
|-start|p2a: Gliscor|Substitute
|-damage|p2a: Gliscor|75/100 tox
|move|p1a: Raven Beak|Iron Defense|p1a: Raven Beak
|-boost|p1a: Raven Beak|def|0
|
|-heal|p1a: Raven Beak|95/100 brn|[from] item: Leftovers
|-heal|p2a: Gliscor|88/100 tox|[from] ability: Poison Heal
|-damage|p1a: Raven Beak|89/100 brn|[from] brn
|upkeep
|turn|20
|c|☆Xmas Arc|We gonna spend alot of time together
|
|t:|1769388170
|move|p2a: Gliscor|Protect|p2a: Gliscor
|-singleturn|p2a: Gliscor|Protect
|move|p1a: Raven Beak|Iron Defense|p1a: Raven Beak
|-boost|p1a: Raven Beak|def|0
|
|-heal|p1a: Raven Beak|95/100 brn|[from] item: Leftovers
|-heal|p2a: Gliscor|100/100 tox|[from] ability: Poison Heal
|-damage|p1a: Raven Beak|89/100 brn|[from] brn
|upkeep
|turn|21
|
|t:|1769388183
|move|p2a: Gliscor|Throat Chop|p1a: Raven Beak
|-damage|p1a: Raven Beak|86/100 brn
|-start|p1a: Raven Beak|Throat Chop|[silent]
|move|p1a: Raven Beak|Iron Defense|p1a: Raven Beak
|-boost|p1a: Raven Beak|def|0
|
|-heal|p1a: Raven Beak|92/100 brn|[from] item: Leftovers
|-damage|p1a: Raven Beak|86/100 brn|[from] brn
|upkeep
|turn|22
|
|t:|1769388193
|switch|p2a: Dragapult|Dragapult, F|91/100
|move|p1a: Raven Beak|Iron Defense|p1a: Raven Beak
|-boost|p1a: Raven Beak|def|0
|
|-heal|p1a: Raven Beak|92/100 brn|[from] item: Leftovers
|-damage|p1a: Raven Beak|86/100 brn|[from] brn
|-end|p1a: Raven Beak|Throat Chop|[silent]
|upkeep
|turn|23
|
|t:|1769388202
|move|p2a: Dragapult|Flamethrower|p1a: Raven Beak
|-supereffective|p1a: Raven Beak
|-damage|p1a: Raven Beak|25/100 brn
|-damage|p2a: Dragapult|81/100|[from] item: Life Orb
|move|p1a: Raven Beak|Roost|p1a: Raven Beak
|-heal|p1a: Raven Beak|75/100 brn
|-singleturn|p1a: Raven Beak|move: Roost
|
|-heal|p1a: Raven Beak|81/100 brn|[from] item: Leftovers
|-damage|p1a: Raven Beak|75/100 brn|[from] brn
|upkeep
|turn|24
|
|t:|1769388212
|move|p2a: Dragapult|Flamethrower|p1a: Raven Beak
|-supereffective|p1a: Raven Beak
|-damage|p1a: Raven Beak|9/100 brn
|-damage|p2a: Dragapult|71/100|[from] item: Life Orb
|move|p1a: Raven Beak|Roost|p1a: Raven Beak
|-heal|p1a: Raven Beak|59/100 brn
|-singleturn|p1a: Raven Beak|move: Roost
|
|-heal|p1a: Raven Beak|65/100 brn|[from] item: Leftovers
|-damage|p1a: Raven Beak|59/100 brn|[from] brn
|upkeep
|turn|25
|inactive|Battle timer is ON: inactive players will automatically lose when time's up. (requested by Yummeee)
|
|t:|1769388272
|switch|p1a: ELLO|Weezing-Galar, M|100/100
|-ability|p1a: ELLO|Neutralizing Gas
|move|p2a: Dragapult|Shadow Ball|p1a: ELLO
|-damage|p1a: ELLO|33/100
|-damage|p2a: Dragapult|61/100|[from] item: Life Orb
|
|upkeep
|turn|26
|
|t:|1769388288
|move|p2a: Dragapult|Shadow Ball|p1a: ELLO
|-crit|p1a: ELLO
|-damage|p1a: ELLO|0 fnt
|faint|p1a: ELLO
|-end|p1a: ELLO|ability: Neutralizing Gas
|-damage|p2a: Dragapult|52/100|[from] item: Life Orb
|
|upkeep
|inactive|Xmas Arc has 120 seconds left.
|
|t:|1769388317
|switch|p1a: Zeta|Darkrai|100/100
|turn|27
|inactive|Xmas Arc has 120 seconds left.
|
|t:|1769388328
|move|p2a: Dragapult|U-turn|p1a: Zeta
|-supereffective|p1a: Zeta
|-damage|p1a: Zeta|45/100
|-damage|p2a: Dragapult|42/100|[from] item: Life Orb
|
|t:|1769388339
|switch|p2a: Toxapex|Toxapex, F|98/100|[from] U-turn
|move|p1a: Zeta|Dark Pulse|p2a: Toxapex
|-damage|p2a: Toxapex|50/100
|-damage|p1a: Zeta|35/100|[from] item: Life Orb
|
|-heal|p2a: Toxapex|56/100|[from] item: Black Sludge
|upkeep
|turn|28
|inactive|Xmas Arc has 120 seconds left.
|
|t:|1769388364
|move|p1a: Zeta|Nasty Plot|p1a: Zeta
|-boost|p1a: Zeta|spa|2
|move|p2a: Toxapex|Toxic|p1a: Zeta
|-status|p1a: Zeta|tox
|
|-heal|p2a: Toxapex|62/100|[from] item: Black Sludge
|-damage|p1a: Zeta|29/100 tox|[from] psn
|upkeep
|turn|29
|
|t:|1769388381
|move|p2a: Toxapex|Baneful Bunker|p2a: Toxapex
|-singleturn|p2a: Toxapex|move: Protect
|move|p1a: Zeta|Nasty Plot|p1a: Zeta
|-boost|p1a: Zeta|spa|2
|
|-heal|p2a: Toxapex|68/100|[from] item: Black Sludge
|-damage|p1a: Zeta|17/100 tox|[from] psn
|upkeep
|turn|30
|
|t:|1769388392
|move|p2a: Toxapex|Baneful Bunker||[still]
|-fail|p2a: Toxapex
|move|p1a: Zeta|Dark Pulse|p2a: Toxapex
|-damage|p2a: Toxapex|0 fnt
|faint|p2a: Toxapex
|-damage|p1a: Zeta|7/100 tox|[from] item: Life Orb
|
|-damage|p1a: Zeta|0 fnt|[from] psn
|faint|p1a: Zeta
|upkeep
|inactive|Xmas Arc has 90 seconds left.
|
|t:|1769388413
|switch|p1a: MEGA ULTRA CHICKEN|Blaziken, F, shiny|100/100
|switch|p2a: Dragapult|Dragapult, F|42/100
|-item|p1a: MEGA ULTRA CHICKEN|Air Balloon
|turn|31
|
|t:|1769388422
|move|p1a: MEGA ULTRA CHICKEN|Protect|p1a: MEGA ULTRA CHICKEN
|-singleturn|p1a: MEGA ULTRA CHICKEN|Protect
|move|p2a: Dragapult|U-turn|p1a: MEGA ULTRA CHICKEN
|-activate|p1a: MEGA ULTRA CHICKEN|move: Protect
|
|-ability|p1a: MEGA ULTRA CHICKEN|Speed Boost|boost
|-boost|p1a: MEGA ULTRA CHICKEN|spe|1
|upkeep
|turn|32
|
|t:|1769388436
|switch|p2a: Gliscor|Gliscor, F|100/100 tox
|move|p1a: MEGA ULTRA CHICKEN|Swords Dance|p1a: MEGA ULTRA CHICKEN
|-boost|p1a: MEGA ULTRA CHICKEN|atk|2
|
|-ability|p1a: MEGA ULTRA CHICKEN|Speed Boost|boost
|-boost|p1a: MEGA ULTRA CHICKEN|spe|1
|upkeep
|turn|33
|
|t:|1769388447
|-terastallize|p1a: MEGA ULTRA CHICKEN|Fire
|move|p1a: MEGA ULTRA CHICKEN|Flare Blitz|p2a: Gliscor
|-damage|p2a: Gliscor|0 fnt
|faint|p2a: Gliscor
|-damage|p1a: MEGA ULTRA CHICKEN|62/100|[from] Recoil
|
|-ability|p1a: MEGA ULTRA CHICKEN|Speed Boost|boost
|-boost|p1a: MEGA ULTRA CHICKEN|spe|1
|upkeep
|
|t:|1769388457
|switch|p2a: Dragapult|Dragapult, F|42/100
|turn|34
|
|t:|1769388463
|move|p1a: MEGA ULTRA CHICKEN|Flare Blitz|p2a: Dragapult
|-resisted|p2a: Dragapult
|-damage|p2a: Dragapult|0 fnt
|faint|p2a: Dragapult
|-damage|p1a: MEGA ULTRA CHICKEN|48/100|[from] Recoil
|
|-ability|p1a: MEGA ULTRA CHICKEN|Speed Boost|boost
|-boost|p1a: MEGA ULTRA CHICKEN|spe|1
|upkeep
|
|t:|1769388473
|switch|p2a: Excadrill|Excadrill, M|100/100
|-ability|p2a: Excadrill|Mold Breaker
|turn|35
|inactive|Xmas Arc has 120 seconds left.
|
|t:|1769388488
|-terastallize|p2a: Excadrill|Flying
|move|p1a: MEGA ULTRA CHICKEN|Protect|p1a: MEGA ULTRA CHICKEN
|-singleturn|p1a: MEGA ULTRA CHICKEN|Protect
|move|p2a: Excadrill|Rapid Spin|p1a: MEGA ULTRA CHICKEN
|-activate|p1a: MEGA ULTRA CHICKEN|move: Protect
|
|-ability|p1a: MEGA ULTRA CHICKEN|Speed Boost|boost
|-boost|p1a: MEGA ULTRA CHICKEN|spe|1
|upkeep
|turn|36
|inactive|Xmas Arc has 120 seconds left.
|
|t:|1769388495
|move|p1a: MEGA ULTRA CHICKEN|Flare Blitz|p2a: Excadrill
|-enditem|p2a: Excadrill|Focus Sash
|-damage|p2a: Excadrill|1/100
|-damage|p1a: MEGA ULTRA CHICKEN|8/100|[from] Recoil
|move|p2a: Excadrill|Rapid Spin|p1a: MEGA ULTRA CHICKEN
|-damage|p1a: MEGA ULTRA CHICKEN|0 fnt
|-boost|p2a: Excadrill|spe|1
|-enditem|p1a: MEGA ULTRA CHICKEN|Air Balloon
|faint|p1a: MEGA ULTRA CHICKEN
|
|upkeep
|inactive|Xmas Arc has 120 seconds left.
|
|t:|1769388505
|switch|p1a: Raven Beak|Corviknight, M, shiny|59/100 brn
|-ability|p1a: Raven Beak|Pressure
|turn|37
|inactive|Xmas Arc has 120 seconds left.
|
|t:|1769388520
|move|p2a: Excadrill|Iron Head|p1a: Raven Beak
|-resisted|p1a: Raven Beak
|-damage|p1a: Raven Beak|47/100 brn
|move|p1a: Raven Beak|Body Press|p2a: Excadrill
|-resisted|p2a: Excadrill
|-damage|p2a: Excadrill|0 fnt
|faint|p2a: Excadrill
|
|-heal|p1a: Raven Beak|53/100 brn|[from] item: Leftovers
|-damage|p1a: Raven Beak|47/100 brn|[from] brn
|upkeep
|c|☆Xmas Arc|ggs
|
|t:|1769388530
|switch|p2a: Serperior|Serperior, F|63/100
|turn|38
|
|t:|1769388537
|move|p2a: Serperior|Leaf Storm|p1a: Raven Beak
|-resisted|p1a: Raven Beak
|-damage|p1a: Raven Beak|39/100 brn
|-boost|p2a: Serperior|spa|2
|move|p1a: Raven Beak|Roost|p1a: Raven Beak
|-heal|p1a: Raven Beak|89/100 brn
|-singleturn|p1a: Raven Beak|move: Roost
|
|-heal|p1a: Raven Beak|95/100 brn|[from] item: Leftovers
|-damage|p1a: Raven Beak|89/100 brn|[from] brn
|upkeep
|turn|39
|inactive|Xmas Arc has 120 seconds left.
|
|t:|1769388565
|move|p2a: Serperior|Glare||[still]
|-fail|p2a: Serperior
|move|p1a: Raven Beak|Body Press|p2a: Serperior
|-damage|p2a: Serperior|50/100
|
|-heal|p1a: Raven Beak|95/100 brn|[from] item: Leftovers
|-damage|p1a: Raven Beak|89/100 brn|[from] brn
|upkeep
|turn|40
|inactive|Xmas Arc has 120 seconds left.
|
|t:|1769388573
|move|p2a: Serperior|Glare||[still]
|-fail|p2a: Serperior
|move|p1a: Raven Beak|Body Press|p2a: Serperior
|-damage|p2a: Serperior|37/100
|
|-heal|p1a: Raven Beak|95/100 brn|[from] item: Leftovers
|-damage|p1a: Raven Beak|89/100 brn|[from] brn
|upkeep
|turn|41
|-message|Yummeee forfeited.
|
|win|Xmas Arc
|raw|Xmas Arc's rating: 1106 &rarr; <strong>1131</strong><br />(+25 for winning)
|raw|Yummeee's rating: 1100 &rarr; <strong>1075</strong><br />(-25 for losing)
|l|☆Yummeee
|player|p2|
