|j|☆dragoncheer456
|j|☆oxoxooo
|t:|1769303688
|gametype|singles
|player|p1|dragoncheer456|pokekid|1398
|player|p2|oxoxooo|101|1348
|gen|9
|tier|[Gen 9] OU
|rated|
|rule|HP Percentage Mod: HP is shown in percentages
|rule|Endless Battle Clause: Forcing endless battles is banned
|rule|Species Clause: Limit one of each Pokémon
|rule|OHKO Clause: OHKO moves are banned
|rule|Evasion Items Clause: Evasion items are banned
|rule|Evasion Moves Clause: Evasion moves are banned
|rule|Evasion Abilities Clause: Evasion abilities are banned
|rule|Sleep Moves Clause: Sleep-inducing moves are banned
|clearpoke
|poke|p1|Torkoal, M|
|poke|p1|Ninetales, M|
|poke|p1|Walking Wake|
|poke|p1|Lilligant-Hisui, F|
|poke|p1|Great Tusk|
|poke|p1|Skeledirge, F|
|poke|p2|Raging Bolt|
|poke|p2|Scyther, M|
|poke|p2|Kingambit, F|
|poke|p2|Deoxys-Speed|
|poke|p2|Kyurem|
|poke|p2|Garchomp, M|
|teampreview
|inactive|Battle timer is ON: inactive players will automatically lose when time's up. (requested by oxoxooo)
|
|t:|1769303733
|teamsize|p1|6
|teamsize|p2|6
|start
|switch|p1a: Ninetales|Ninetales, M|100/100
|switch|p2a: Deoxys|Deoxys-Speed|100/100
|-ability|p2a: Deoxys|Pressure
|-weather|SunnyDay|[from] ability: Drought|[of] p1a: Ninetales
|turn|1
|
|t:|1769303748
|move|p2a: Deoxys|Meteor Beam||[still]
|-prepare|p2a: Deoxys|Meteor Beam
|-boost|p2a: Deoxys|spa|1
|-enditem|p2a: Deoxys|Power Herb
|-anim|p2a: Deoxys|Meteor Beam|p1a: Ninetales
|-supereffective|p1a: Ninetales
|-damage|p1a: Ninetales|0 fnt
|faint|p1a: Ninetales
|
|-weather|SunnyDay|[upkeep]
|upkeep
|
|t:|1769303767
|switch|p1a: Lilligant|Lilligant-Hisui, F|100/100
|turn|2
|inactive|dragoncheer456 has 120 seconds left.
|
|t:|1769303788
|move|p1a: Lilligant|Solar Blade||[still]
|-prepare|p1a: Lilligant|Solar Blade
|-anim|p1a: Lilligant|Solar Blade|p2a: Deoxys
|-damage|p2a: Deoxys|0 fnt
|faint|p2a: Deoxys
|-damage|p1a: Lilligant|91/100|[from] item: Life Orb
|
|-weather|SunnyDay|[upkeep]
|upkeep
|
|t:|1769303807
|switch|p2a: Garchomp|Garchomp, M, shiny|100/100
|turn|3
|inactive|dragoncheer456 has 120 seconds left.
|
|t:|1769303825
|switch|p1a: Great Tusk|Great Tusk|100/100
|-activate|p1a: Great Tusk|ability: Protosynthesis
|-start|p1a: Great Tusk|protosynthesisatk
|move|p2a: Garchomp|Fire Fang|p1a: Great Tusk
|-damage|p1a: Great Tusk|70/100
|-damage|p2a: Garchomp|91/100|[from] item: Life Orb
|
|-weather|SunnyDay|[upkeep]
|upkeep
|turn|4
|inactive|dragoncheer456 has 120 seconds left.
|
|t:|1769303844
|move|p2a: Garchomp|Outrage|p1a: Great Tusk
|-damage|p1a: Great Tusk|10/100
|-damage|p2a: Garchomp|81/100|[from] item: Life Orb
|move|p1a: Great Tusk|Ice Spinner|p2a: Garchomp
|-supereffective|p2a: Garchomp
|-damage|p2a: Garchomp|0 fnt
|-damage|p1a: Great Tusk|0 fnt|[from] ability: Rough Skin|[of] p2a: Garchomp
|faint|p2a: Garchomp
|faint|p1a: Great Tusk
|-end|p1a: Great Tusk|Protosynthesis|[silent]
|
|-weather|SunnyDay|[upkeep]
|upkeep
|
|t:|1769303859
|switch|p2a: Scyther|Scyther, M, shiny|100/100
|switch|p1a: Walking Wake|Walking Wake|100/100
|-activate|p1a: Walking Wake|ability: Protosynthesis
|-start|p1a: Walking Wake|protosynthesisspa
|turn|5
|inactive|dragoncheer456 has 90 seconds left.
|
|t:|1769303887
|move|p1a: Walking Wake|Draco Meteor|p2a: Scyther
|-damage|p2a: Scyther|0 fnt
|-unboost|p1a: Walking Wake|spa|2
|faint|p2a: Scyther
|
|-weather|none
|-end|p1a: Walking Wake|Protosynthesis
|upkeep
|
|t:|1769303901
|switch|p2a: Kyurem|Kyurem, shiny|100/100
|-ability|p2a: Kyurem|Pressure
|turn|6
|
|t:|1769303908
|-end|p1a: Walking Wake|Protosynthesis|[silent]
|switch|p1a: Torkoal|Torkoal, M|100/100
|-weather|SunnyDay|[from] ability: Drought|[of] p1a: Torkoal
|move|p2a: Kyurem|Dragon Dance|p2a: Kyurem
|-boost|p2a: Kyurem|atk|1
|-boost|p2a: Kyurem|spe|1
|
|-weather|SunnyDay|[upkeep]
|upkeep
|turn|7
|inactive|dragoncheer456 has 90 seconds left.
|
|t:|1769303923
|move|p2a: Kyurem|Dragon Dance|p2a: Kyurem
|-boost|p2a: Kyurem|atk|1
|-boost|p2a: Kyurem|spe|1
|move|p1a: Torkoal|Body Press|p2a: Kyurem
|-supereffective|p2a: Kyurem
|-damage|p2a: Kyurem|43/100
|
|-weather|SunnyDay|[upkeep]
|upkeep
|turn|8
|inactive|dragoncheer456 has 90 seconds left.
|
|t:|1769303947
|-terastallize|p2a: Kyurem|Ground
|-terastallize|p1a: Torkoal|Flying
|move|p2a: Kyurem|Dragon Dance|p2a: Kyurem
|-boost|p2a: Kyurem|atk|1
|-boost|p2a: Kyurem|spe|1
|move|p1a: Torkoal|Body Press|p2a: Kyurem
|-damage|p2a: Kyurem|14/100
|
|-weather|SunnyDay|[upkeep]
|upkeep
|turn|9
|
|t:|1769303961
|move|p2a: Kyurem|Icicle Spear|p1a: Torkoal
|-supereffective|p1a: Torkoal
|-damage|p1a: Torkoal|62/100
|-supereffective|p1a: Torkoal
|-crit|p1a: Torkoal
|-damage|p1a: Torkoal|2/100
|-supereffective|p1a: Torkoal
|-damage|p1a: Torkoal|0 fnt
|faint|p1a: Torkoal
|-hitcount|p1: Torkoal|3
|
|-weather|SunnyDay|[upkeep]
|upkeep
|
|t:|1769303972
|switch|p1a: Skeledirge|Skeledirge, F|100/100
|turn|10
|
|t:|1769303978
|move|p2a: Kyurem|Tera Blast|p1a: Skeledirge|[anim] Tera Blast Ground
|-supereffective|p1a: Skeledirge
|-damage|p1a: Skeledirge|0 fnt
|faint|p1a: Skeledirge
|
|-weather|SunnyDay|[upkeep]
|upkeep
|-message|dragoncheer456 forfeited.
|
|win|oxoxooo
|raw|dragoncheer456's rating: 1398 &rarr; <strong>1375</strong><br />(-23 for losing)
|raw|oxoxooo's rating: 1348 &rarr; <strong>1371</strong><br />(+23 for winning)
|l|☆dragoncheer456
|player|p1|
|l|☆oxoxooo
|player|p2|
