|j|☆chicken_buddha
|j|‽qiyange
|t:|1769405243
|gametype|singles
|player|p1|chicken_buddha|1|1123
|player|p2|qiyange|2|1152
|gen|9
|tier|[Gen 9] OU
|rated|
|rule|HP Percentage Mod: HP is shown in percentages
|rule|Endless Battle Clause: Forcing endless battles is banned
|rule|Species Clause: Limit one of each Pokémon
|rule|OHKO Clause: OHKO moves are banned
|rule|Evasion Items Clause: Evasion items are banned
|rule|Evasion Moves Clause: Evasion moves are banned
|rule|Evasion Abilities Clause: Evasion abilities are banned
|rule|Sleep Moves Clause: Sleep-inducing moves are banned
|clearpoke
|poke|p1|Corviknight, F|
|poke|p1|Kingambit, F|
|poke|p1|Ursaluna, M|
|poke|p1|Iron Moth|
|poke|p1|Maushold-Four|
|poke|p1|Blissey, F|
|poke|p2|Corviknight, M|
|poke|p2|Ting-Lu|
|poke|p2|Hatterene, F|
|poke|p2|Zamazenta-*|
|poke|p2|Latias, F|
|poke|p2|Heatran, F|
|teampreview
|inactive|Battle timer is ON: inactive players will automatically lose when time's up. (requested by chicken_buddha)
|
|t:|1769405257
|teamsize|p1|6
|teamsize|p2|6
|start
|switch|p1a: Ursaluna|Ursaluna, M|100/100
|switch|p2a: Zamazenta|Zamazenta|100/100
|-ability|p2a: Zamazenta|Dauntless Shield|boost
|-boost|p2a: Zamazenta|def|1
|turn|1
|
|t:|1769405277
|switch|p1a: Corviknight|Corviknight, F, shiny|100/100
|move|p2a: Zamazenta|Reflect|p2a: Zamazenta
|-sidestart|p2: qiyange|Reflect
|
|upkeep
|turn|2
|
|t:|1769405284
|move|p2a: Zamazenta|Light Screen|p2a: Zamazenta
|-sidestart|p2: qiyange|move: Light Screen
|move|p1a: Corviknight|Iron Defense|p1a: Corviknight
|-boost|p1a: Corviknight|def|2
|
|upkeep
|turn|3
|
|t:|1769405289
|move|p1a: Corviknight|Iron Defense|p1a: Corviknight
|-boost|p1a: Corviknight|def|2
|move|p2a: Zamazenta|Roar|p1a: Corviknight
|drag|p1a: Kingambit|Kingambit, F|100/100
|
|upkeep
|turn|4
|
|t:|1769405299
|switch|p2a: Hatterene|Hatterene, F|100/100
|-end|p1a: Kingambit|fallenundefined|[silent]
|switch|p1a: Corviknight|Corviknight, F, shiny|100/100
|
|upkeep
|turn|5
|
|t:|1769405311
|switch|p1a: Kingambit|Kingambit, F|100/100
|move|p2a: Hatterene|Calm Mind|p2a: Hatterene
|-boost|p2a: Hatterene|spa|1
|-boost|p2a: Hatterene|spd|1
|
|upkeep
|turn|6
|
|t:|1769405322
|move|p1a: Kingambit|Swords Dance|p1a: Kingambit
|-boost|p1a: Kingambit|atk|2
|move|p2a: Hatterene|Mystical Fire|p1a: Kingambit
|-supereffective|p1a: Kingambit
|-damage|p1a: Kingambit|30/100
|-unboost|p1a: Kingambit|spa|1
|
|upkeep
|turn|7
|
|t:|1769405330
|move|p1a: Kingambit|Iron Head|p2a: Hatterene
|-supereffective|p2a: Hatterene
|-damage|p2a: Hatterene|27/100
|move|p2a: Hatterene|Mystical Fire|p1a: Kingambit
|-supereffective|p1a: Kingambit
|-damage|p1a: Kingambit|0 fnt
|faint|p1a: Kingambit
|-end|p1a: Kingambit|fallenundefined|[silent]
|
|-heal|p2a: Hatterene|33/100|[from] item: Leftovers
|upkeep
|
|t:|1769405358
|switch|p1a: Maushold|Maushold-Four|100/100
|turn|8
|
|t:|1769405371
|move|p1a: Maushold|Population Bomb|p2a: Hatterene
|-damage|p2a: Hatterene|28/100
|-damage|p2a: Hatterene|23/100
|-hitcount|p2a: Hatterene|2
|move|p2a: Hatterene|Draining Kiss|p1a: Maushold
|-damage|p1a: Maushold|51/100
|-heal|p2a: Hatterene|57/100|[from] drain|[of] p1a: Maushold
|
|-heal|p2a: Hatterene|63/100|[from] item: Leftovers
|-sideend|p2: qiyange|Reflect
|upkeep
|turn|9
|c|☆chicken_buddha|...
|
|t:|1769405383
|move|p1a: Maushold|Population Bomb|p2a: Hatterene
|-damage|p2a: Hatterene|53/100
|-hitcount|p2a: Hatterene|1
|move|p2a: Hatterene|Psychic Noise|p1a: Maushold
|-damage|p1a: Maushold|0 fnt
|faint|p1a: Maushold
|
|-heal|p2a: Hatterene|59/100|[from] item: Leftovers
|-sideend|p2: qiyange|move: Light Screen
|upkeep
|c|☆chicken_buddha|???
|inactive|chicken_buddha has 120 seconds left.
|
|t:|1769405396
|switch|p1a: Iron Moth|Iron Moth|100/100
|-enditem|p1a: Iron Moth|Booster Energy
|-activate|p1a: Iron Moth|ability: Quark Drive|[fromitem]
|-start|p1a: Iron Moth|quarkdrivespa
|turn|10
|
|t:|1769405411
|move|p1a: Iron Moth|Sludge Wave|p2a: Hatterene
|-supereffective|p2a: Hatterene
|-damage|p2a: Hatterene|0 fnt
|faint|p2a: Hatterene
|
|upkeep
|
|t:|1769405421
|switch|p2a: Heatran|Heatran, F|100/100
|turn|11
|
|t:|1769405429
|-end|p1a: Iron Moth|Quark Drive|[silent]
|switch|p1a: Corviknight|Corviknight, F, shiny|100/100
|move|p2a: Heatran|Earth Power|p1a: Corviknight
|-immune|p1a: Corviknight
|
|upkeep
|turn|12
|
|t:|1769405436
|switch|p2a: Zamazenta|Zamazenta|100/100
|switch|p1a: Blissey|Blissey, F|100/100
|
|upkeep
|turn|13
|
|t:|1769405444
|move|p2a: Zamazenta|Reflect|p2a: Zamazenta
|-sidestart|p2: qiyange|Reflect
|move|p1a: Blissey|Thunder Wave|p2a: Zamazenta
|-status|p2a: Zamazenta|par
|
|upkeep
|turn|14
|
|t:|1769405461
|move|p2a: Zamazenta|Light Screen|p2a: Zamazenta
|-sidestart|p2: qiyange|move: Light Screen
|move|p1a: Blissey|Stealth Rock|p2a: Zamazenta
|-sidestart|p2: qiyange|move: Stealth Rock
|
|upkeep
|turn|15
|
|t:|1769405474
|switch|p2a: Corviknight|Corviknight, M|100/100
|-damage|p2a: Corviknight|88/100|[from] Stealth Rock
|-ability|p2a: Corviknight|Pressure
|move|p1a: Blissey|Seismic Toss|p2a: Corviknight
|-damage|p2a: Corviknight|63/100
|
|-heal|p2a: Corviknight|69/100|[from] item: Leftovers
|upkeep
|turn|16
|
|t:|1769405491
|switch|p1a: Corviknight|Corviknight, F, shiny|100/100
|move|p2a: Corviknight|Bulk Up|p2a: Corviknight
|-boost|p2a: Corviknight|atk|1
|-boost|p2a: Corviknight|def|1
|
|-heal|p2a: Corviknight|75/100|[from] item: Leftovers
|upkeep
|turn|17
|
|t:|1769405502
|move|p2a: Corviknight|Power Trip|p1a: Corviknight
|-crit|p1a: Corviknight
|-damage|p1a: Corviknight|85/100
|-damage|p2a: Corviknight|59/100|[from] item: Rocky Helmet|[of] p1a: Corviknight
|move|p1a: Corviknight|Iron Defense|p1a: Corviknight
|-boost|p1a: Corviknight|def|2
|
|-heal|p2a: Corviknight|65/100|[from] item: Leftovers
|upkeep
|turn|18
|
|t:|1769405512
|switch|p2a: Zamazenta|Zamazenta|100/100 par
|-damage|p2a: Zamazenta|94/100 par|[from] Stealth Rock
|move|p1a: Corviknight|Iron Defense|p1a: Corviknight
|-boost|p1a: Corviknight|def|2
|
|upkeep
|turn|19
|
|t:|1769405521
|move|p1a: Corviknight|Body Press|p2a: Zamazenta
|-damage|p2a: Zamazenta|62/100 par
|cant|p2a: Zamazenta|par
|
|upkeep
|turn|20
|
|t:|1769405527
|move|p1a: Corviknight|Body Press|p2a: Zamazenta
|-damage|p2a: Zamazenta|34/100 par
|move|p2a: Zamazenta|Roar|p1a: Corviknight
|drag|p1a: Ursaluna|Ursaluna, M|100/100
|
|-sideend|p2: qiyange|Reflect
|-status|p1a: Ursaluna|brn|[from] item: Flame Orb
|upkeep
|turn|21
|
|t:|1769405550
|cant|p2a: Zamazenta|par
|move|p1a: Ursaluna|Trailblaze|p2a: Zamazenta
|-damage|p2a: Zamazenta|11/100 par
|-boost|p1a: Ursaluna|spe|1
|
|-damage|p1a: Ursaluna|94/100 brn|[from] brn
|-sideend|p2: qiyange|move: Light Screen
|upkeep
|turn|22
|
|t:|1769405562
|move|p1a: Ursaluna|Trailblaze|p2a: Zamazenta
|-damage|p2a: Zamazenta|0 fnt
|-boost|p1a: Ursaluna|spe|1
|faint|p2a: Zamazenta
|
|-damage|p1a: Ursaluna|88/100 brn|[from] brn
|upkeep
|
|t:|1769405575
|switch|p2a: Heatran|Heatran, F|100/100
|-damage|p2a: Heatran|88/100|[from] Stealth Rock
|turn|23
|
|t:|1769405581
|move|p2a: Heatran|Earth Power|p1a: Ursaluna
|-damage|p1a: Ursaluna|58/100 brn
|-unboost|p1a: Ursaluna|spd|1
|move|p1a: Ursaluna|Earthquake|p2a: Heatran
|-supereffective|p2a: Heatran
|-damage|p2a: Heatran|0 fnt
|faint|p2a: Heatran
|
|-damage|p1a: Ursaluna|52/100 brn|[from] brn
|upkeep
|
|t:|1769405591
|switch|p2a: Ting-Lu|Ting-Lu|100/100
|-damage|p2a: Ting-Lu|94/100|[from] Stealth Rock
|-ability|p2a: Ting-Lu|Vessel of Ruin
|turn|24
|
|t:|1769405602
|switch|p2a: Latias|Latias, F|100/100
|-damage|p2a: Latias|88/100|[from] Stealth Rock
|move|p1a: Ursaluna|Facade|p2a: Latias
|-damage|p2a: Latias|0 fnt
|faint|p2a: Latias
|
|-damage|p1a: Ursaluna|46/100 brn|[from] brn
|upkeep
|
|t:|1769405611
|switch|p2a: Ting-Lu|Ting-Lu|94/100
|-damage|p2a: Ting-Lu|88/100|[from] Stealth Rock
|-ability|p2a: Ting-Lu|Vessel of Ruin
|turn|25
|
|t:|1769405617
|move|p1a: Ursaluna|Facade|p2a: Ting-Lu
|-crit|p2a: Ting-Lu
|-damage|p2a: Ting-Lu|0 fnt
|faint|p2a: Ting-Lu
|
|-damage|p1a: Ursaluna|40/100 brn|[from] brn
|upkeep
|-message|qiyange forfeited.
|
|win|chicken_buddha
|raw|chicken_buddha's rating: 1123 &rarr; <strong>1150</strong><br />(+27 for winning)
|raw|qiyange's rating: 1152 &rarr; <strong>1125</strong><br />(-27 for losing)
|l|‽qiyange
|player|p2|
|l|☆chicken_buddha
|player|p1|
