|j|☆help!7777
|j|☆Kaani
|t:|1769357274
|gametype|singles
|player|p1|help!7777|dawn|1239
|player|p2|Kaani|volo|1297
|gen|9
|tier|[Gen 9] OU
|rated|
|rule|HP Percentage Mod: HP is shown in percentages
|rule|Endless Battle Clause: Forcing endless battles is banned
|rule|Species Clause: Limit one of each Pokémon
|rule|OHKO Clause: OHKO moves are banned
|rule|Evasion Items Clause: Evasion items are banned
|rule|Evasion Moves Clause: Evasion moves are banned
|rule|Evasion Abilities Clause: Evasion abilities are banned
|rule|Sleep Moves Clause: Sleep-inducing moves are banned
|clearpoke
|poke|p1|Garganacl, M|
|poke|p1|Corviknight, F|
|poke|p1|Quagsire, F|
|poke|p1|Gholdengo|
|poke|p1|Toxapex, M|
|poke|p1|Rillaboom, F|
|poke|p2|Zamazenta-*|
|poke|p2|Gholdengo|
|poke|p2|Great Tusk|
|poke|p2|Slowking-Galar, M|
|poke|p2|Samurott-Hisui, M|
|poke|p2|Alomomola, F|
|teampreview
|
|t:|1769357283
|teamsize|p1|6
|teamsize|p2|6
|start
|switch|p1a: Toxapex|Toxapex, M, shiny|100/100
|switch|p2a: Samurott|Samurott-Hisui, M|100/100
|turn|1
|
|t:|1769357296
|switch|p2a: Slowking|Slowking-Galar, M|100/100
|move|p1a: Toxapex|Baneful Bunker||[still]
|-fail|p1a: Toxapex
|
|upkeep
|turn|2
|
|t:|1769357303
|switch|p1a: Gholdengo|Gholdengo, shiny|100/100
|move|p2a: Slowking|Future Sight|p1a: Gholdengo
|-start|p2a: Slowking|move: Future Sight
|
|upkeep
|turn|3
|
|t:|1769357312
|move|p1a: Gholdengo|Thunder Wave|p2a: Slowking
|-status|p2a: Slowking|par
|-prepare|p2a: Slowking|Chilly Reception|[premajor]
|cant|p2a: Slowking|par
|
|upkeep
|turn|4
|
|t:|1769357321
|move|p1a: Gholdengo|Hex|p2a: Slowking
|-supereffective|p2a: Slowking
|-damage|p2a: Slowking|18/100 par
|-prepare|p2a: Slowking|Chilly Reception|[premajor]
|move|p2a: Slowking|Chilly Reception|p2a: Slowking
|-weather|Snowscape
|
|t:|1769357343
|switch|p2a: Samurott|Samurott-Hisui, M|100/100|[from] Chilly Reception
|
|-weather|Snowscape|[upkeep]
|-end|p1a: Gholdengo|move: Future Sight
|-resisted|p1a: Gholdengo
|-damage|p1a: Gholdengo|81/100
|-heal|p1a: Gholdengo|88/100|[from] item: Leftovers
|upkeep
|turn|5
|
|t:|1769357351
|switch|p1a: Toxapex|Toxapex, M, shiny|100/100
|move|p2a: Samurott|Ceaseless Edge|p1a: Toxapex
|-damage|p1a: Toxapex|72/100
|-sidestart|p1: help!7777|Spikes
|
|-weather|Snowscape|[upkeep]
|-heal|p1a: Toxapex|78/100|[from] item: Leftovers
|upkeep
|turn|6
|
|t:|1769357362
|switch|p2a: Slowking|Slowking-Galar, M|51/100 par
|move|p1a: Toxapex|Baneful Bunker||[still]
|-fail|p1a: Toxapex
|
|-weather|Snowscape|[upkeep]
|-heal|p1a: Toxapex|84/100|[from] item: Leftovers
|upkeep
|turn|7
|
|t:|1769357368
|move|p1a: Toxapex|Infestation|p2a: Slowking
|-damage|p2a: Slowking|49/100 par
|-activate|p2a: Slowking|move: Infestation|[of] p1a: Toxapex
|-prepare|p2a: Slowking|Chilly Reception|[premajor]
|move|p2a: Slowking|Chilly Reception|p2a: Slowking
|
|t:|1769357390
|switch|p2a: Great Tusk|Great Tusk|100/100|[from] Chilly Reception
|
|-weather|Snowscape|[upkeep]
|-heal|p1a: Toxapex|90/100|[from] item: Leftovers
|upkeep
|turn|8
|
|t:|1769357399
|move|p1a: Toxapex|Baneful Bunker|p1a: Toxapex
|-singleturn|p1a: Toxapex|move: Protect
|move|p2a: Great Tusk|Stealth Rock|p1a: Toxapex
|-sidestart|p1: help!7777|move: Stealth Rock
|
|-weather|none
|-heal|p1a: Toxapex|97/100|[from] item: Leftovers
|upkeep
|turn|9
|
|t:|1769357404
|move|p2a: Great Tusk|Headlong Rush|p1a: Toxapex
|-supereffective|p1a: Toxapex
|-damage|p1a: Toxapex|25/100
|-unboost|p2a: Great Tusk|def|1
|-unboost|p2a: Great Tusk|spd|1
|move|p1a: Toxapex|Liquidation|p2a: Great Tusk
|-supereffective|p2a: Great Tusk
|-crit|p2a: Great Tusk
|-damage|p2a: Great Tusk|36/100
|
|-heal|p1a: Toxapex|32/100|[from] item: Leftovers
|upkeep
|turn|10
|
|t:|1769357418
|-end|p2a: Great Tusk|Protosynthesis|[silent]
|switch|p2a: Gholdengo|Gholdengo|100/100
|-item|p2a: Gholdengo|Air Balloon
|move|p1a: Toxapex|Baneful Bunker||[still]
|-fail|p1a: Toxapex
|
|-heal|p1a: Toxapex|38/100|[from] item: Leftovers
|upkeep
|turn|11
|
|t:|1769357425
|move|p2a: Gholdengo|Nasty Plot|p2a: Gholdengo
|-boost|p2a: Gholdengo|spa|2
|move|p1a: Toxapex|Infestation|p2a: Gholdengo
|-resisted|p2a: Gholdengo
|-damage|p2a: Gholdengo|99/100
|-activate|p2a: Gholdengo|move: Infestation|[of] p1a: Toxapex
|-enditem|p2a: Gholdengo|Air Balloon
|
|-heal|p1a: Toxapex|44/100|[from] item: Leftovers
|-damage|p2a: Gholdengo|88/100|[from] move: Infestation|[partiallytrapped]
|upkeep
|turn|12
|
|t:|1769357434
|move|p1a: Toxapex|Baneful Bunker|p1a: Toxapex
|-singleturn|p1a: Toxapex|move: Protect
|move|p2a: Gholdengo|Shadow Ball|p1a: Toxapex
|-activate|p1a: Toxapex|move: Protect
|
|-heal|p1a: Toxapex|50/100|[from] item: Leftovers
|-damage|p2a: Gholdengo|75/100|[from] move: Infestation|[partiallytrapped]
|upkeep
|turn|13
|
|t:|1769357441
|switch|p1a: Garganacl|Garganacl, M, shiny|100/100
|-damage|p1a: Garganacl|88/100|[from] Spikes
|-damage|p1a: Garganacl|76/100|[from] Stealth Rock
|move|p2a: Gholdengo|Shadow Ball|p1a: Garganacl
|-damage|p1a: Garganacl|35/100
|
|-heal|p1a: Garganacl|42/100|[from] item: Leftovers
|-end|p2a: Gholdengo|Infestation|[partiallytrapped]|[silent]
|upkeep
|turn|14
|
|t:|1769357450
|move|p1a: Garganacl|Protect|p1a: Garganacl
|-singleturn|p1a: Garganacl|Protect
|move|p2a: Gholdengo|Make It Rain|p1a: Garganacl
|-activate|p1a: Garganacl|move: Protect
|
|-heal|p1a: Garganacl|48/100|[from] item: Leftovers
|upkeep
|turn|15
|
|t:|1769357456
|switch|p1a: Corviknight|Corviknight, F, shiny|100/100
|-ability|p1a: Corviknight|Pressure
|move|p2a: Gholdengo|Make It Rain|p1a: Corviknight
|-resisted|p1a: Corviknight
|-damage|p1a: Corviknight|47/100
|-unboost|p2a: Gholdengo|spa|1
|
|upkeep
|turn|16
|
|t:|1769357465
|move|p2a: Gholdengo|Nasty Plot|p2a: Gholdengo
|-boost|p2a: Gholdengo|spa|2
|move|p1a: Corviknight|U-turn|p2a: Gholdengo
|-resisted|p2a: Gholdengo
|-damage|p2a: Gholdengo|71/100
|
|t:|1769357472
|switch|p1a: Quagsire|Quagsire, F, shiny|100/100|[from] U-turn
|-damage|p1a: Quagsire|88/100|[from] Spikes
|-damage|p1a: Quagsire|82/100|[from] Stealth Rock
|
|-heal|p1a: Quagsire|88/100|[from] item: Leftovers
|upkeep
|turn|17
|
|t:|1769357480
|switch|p2a: Alomomola|Alomomola, F|100/100
|move|p1a: Quagsire|Earthquake|p2a: Alomomola
|-damage|p2a: Alomomola|85/100
|
|-heal|p1a: Quagsire|94/100|[from] item: Leftovers
|upkeep
|turn|18
|
|t:|1769357500
|move|p2a: Alomomola|Flip Turn|p1a: Quagsire
|-damage|p1a: Quagsire|80/100
|
|t:|1769357505
|switch|p2a: Samurott|Samurott-Hisui, M|100/100|[from] Flip Turn
|move|p1a: Quagsire|Toxic|p2a: Samurott
|-status|p2a: Samurott|tox
|
|-heal|p1a: Quagsire|86/100|[from] item: Leftovers
|-damage|p2a: Samurott|94/100 tox|[from] psn
|upkeep
|turn|19
|
|t:|1769357519
|switch|p1a: Rillaboom|Rillaboom, F, shiny|100/100
|-damage|p1a: Rillaboom|88/100|[from] Spikes
|-damage|p1a: Rillaboom|76/100|[from] Stealth Rock
|-fieldstart|move: Grassy Terrain|[from] ability: Grassy Surge|[of] p1a: Rillaboom
|move|p2a: Samurott|Knock Off|p1a: Rillaboom
|-damage|p1a: Rillaboom|38/100
|-enditem|p1a: Rillaboom|Leftovers|[from] move: Knock Off|[of] p2a: Samurott
|
|-heal|p2a: Samurott|100/100 tox|[from] Grassy Terrain
|-heal|p1a: Rillaboom|44/100|[from] Grassy Terrain
|-damage|p2a: Samurott|88/100 tox|[from] psn
|upkeep
|turn|20
|
|t:|1769357532
|move|p2a: Samurott|Ceaseless Edge|p1a: Rillaboom
|-damage|p1a: Rillaboom|1/100
|-sidestart|p1: help!7777|Spikes
|move|p1a: Rillaboom|Drain Punch|p2a: Samurott
|-supereffective|p2a: Samurott
|-damage|p2a: Samurott|12/100 tox
|-heal|p1a: Rillaboom|31/100|[from] drain|[of] p2a: Samurott
|
|-heal|p2a: Samurott|18/100 tox|[from] Grassy Terrain
|-heal|p1a: Rillaboom|37/100|[from] Grassy Terrain
|-damage|p2a: Samurott|0 fnt|[from] psn
|faint|p2a: Samurott
|upkeep
|
|t:|1769357562
|switch|p2a: Gholdengo|Gholdengo|71/100
|turn|21
|
|t:|1769357569
|move|p1a: Rillaboom|Knock Off|p2a: Gholdengo
|-supereffective|p2a: Gholdengo
|-damage|p2a: Gholdengo|26/100
|move|p2a: Gholdengo|Shadow Ball|p1a: Rillaboom
|-damage|p1a: Rillaboom|0 fnt
|faint|p1a: Rillaboom
|
|-heal|p2a: Gholdengo|33/100|[from] Grassy Terrain
|upkeep
|
|t:|1769357577
|switch|p1a: Corviknight|Corviknight, F, shiny|47/100
|-ability|p1a: Corviknight|Pressure
|turn|22
|
|t:|1769357583
|switch|p2a: Alomomola|Alomomola, F|100/100
|move|p1a: Corviknight|Roost|p1a: Corviknight
|-heal|p1a: Corviknight|97/100
|-singleturn|p1a: Corviknight|move: Roost
|
|-heal|p1a: Corviknight|100/100|[from] Grassy Terrain
|upkeep
|turn|23
|
|t:|1769357592
|move|p1a: Corviknight|Defog|p2a: Alomomola
|-unboost|p2a: Alomomola|evasion|1
|-sideend|p1: help!7777|Spikes|[from] move: Defog|[of] p1a: Corviknight
|-sideend|p1: help!7777|Stealth Rock|[from] move: Defog|[of] p1a: Corviknight
|-fieldend|move: Grassy Terrain
|move|p2a: Alomomola|Wish|p2a: Alomomola
|
|upkeep
|turn|24
|
|t:|1769357598
|move|p1a: Corviknight|U-turn|p2a: Alomomola
|-damage|p2a: Alomomola|92/100
|
|t:|1769357603
|switch|p1a: Garganacl|Garganacl, M, shiny|48/100|[from] U-turn
|move|p2a: Alomomola|Flip Turn|p1a: Garganacl
|-supereffective|p1a: Garganacl
|-damage|p1a: Garganacl|31/100
|
|t:|1769357610
|switch|p2a: Great Tusk|Great Tusk|36/100|[from] Flip Turn
|
|-heal|p2a: Great Tusk|100/100|[from] move: Wish|[wisher] Alomomola
|-heal|p1a: Garganacl|37/100|[from] item: Leftovers
|upkeep
|turn|25
|
|t:|1769357618
|move|p2a: Great Tusk|Stealth Rock|p1a: Garganacl
|-sidestart|p1: help!7777|move: Stealth Rock
|move|p1a: Garganacl|Salt Cure|p2a: Great Tusk
|-resisted|p2a: Great Tusk
|-damage|p2a: Great Tusk|98/100
|-start|p2a: Great Tusk|Salt Cure
|
|-heal|p1a: Garganacl|43/100|[from] item: Leftovers
|-damage|p2a: Great Tusk|85/100|[from] Salt Cure
|upkeep
|turn|26
|
|t:|1769357622
|move|p1a: Garganacl|Protect|p1a: Garganacl
|-singleturn|p1a: Garganacl|Protect
|move|p2a: Great Tusk|Headlong Rush|p1a: Garganacl
|-activate|p1a: Garganacl|move: Protect
|
|-heal|p1a: Garganacl|50/100|[from] item: Leftovers
|-damage|p2a: Great Tusk|73/100|[from] Salt Cure
|upkeep
|turn|27
|
|t:|1769357631
|-end|p2a: Great Tusk|Protosynthesis|[silent]
|switch|p2a: Gholdengo|Gholdengo|33/100
|switch|p1a: Corviknight|Corviknight, F, shiny|100/100
|-ability|p1a: Corviknight|Pressure
|
|upkeep
|turn|28
|
|t:|1769357642
|move|p2a: Gholdengo|Recover|p2a: Gholdengo
|-heal|p2a: Gholdengo|83/100
|move|p1a: Corviknight|U-turn|p2a: Gholdengo
|-resisted|p2a: Gholdengo
|-crit|p2a: Gholdengo
|-damage|p2a: Gholdengo|77/100
|
|t:|1769357645
|switch|p1a: Quagsire|Quagsire, F, shiny|86/100|[from] U-turn
|-damage|p1a: Quagsire|80/100|[from] Stealth Rock
|
|-heal|p1a: Quagsire|86/100|[from] item: Leftovers
|upkeep
|turn|29
|
|t:|1769357651
|switch|p2a: Alomomola|Alomomola, F|100/100
|move|p1a: Quagsire|Earthquake|p2a: Alomomola
|-damage|p2a: Alomomola|83/100
|
|-heal|p1a: Quagsire|92/100|[from] item: Leftovers
|upkeep
|turn|30
|
|t:|1769357659
|move|p2a: Alomomola|Scald|p1a: Quagsire
|-damage|p1a: Quagsire|79/100
|move|p1a: Quagsire|Toxic|p2a: Alomomola
|-status|p2a: Alomomola|tox
|
|-heal|p1a: Quagsire|85/100|[from] item: Leftovers
|-damage|p2a: Alomomola|77/100 tox|[from] psn
|upkeep
|turn|31
|
|t:|1769357663
|move|p2a: Alomomola|Scald|p1a: Quagsire
|-damage|p1a: Quagsire|73/100
|move|p1a: Quagsire|Spikes|p2a: Alomomola
|-sidestart|p2: Kaani|Spikes
|
|-heal|p1a: Quagsire|79/100|[from] item: Leftovers
|-damage|p2a: Alomomola|64/100 tox|[from] psn
|upkeep
|turn|32
|
|t:|1769357670
|move|p2a: Alomomola|Wish|p2a: Alomomola
|move|p1a: Quagsire|Spikes|p2a: Alomomola
|-sidestart|p2: Kaani|Spikes
|
|-heal|p1a: Quagsire|85/100|[from] item: Leftovers
|-damage|p2a: Alomomola|46/100 tox|[from] psn
|upkeep
|turn|33
|
|t:|1769357679
|move|p2a: Alomomola|Flip Turn|p1a: Quagsire
|-damage|p1a: Quagsire|70/100
|
|t:|1769357698
|switch|p2a: Great Tusk|Great Tusk|73/100|[from] Flip Turn
|move|p1a: Quagsire|Toxic|p2a: Great Tusk|[miss]
|-miss|p1a: Quagsire|p2a: Great Tusk
|
|-heal|p2a: Great Tusk|100/100|[from] move: Wish|[wisher] Alomomola
|-heal|p1a: Quagsire|76/100|[from] item: Leftovers
|upkeep
|turn|34
|
|t:|1769357704
|move|p2a: Great Tusk|Rapid Spin|p1a: Quagsire
|-damage|p1a: Quagsire|60/100
|-boost|p2a: Great Tusk|spe|1
|-sideend|p2: Kaani|Spikes|[from] move: Rapid Spin|[of] p2a: Great Tusk
|move|p1a: Quagsire|Toxic|p2a: Great Tusk|[miss]
|-miss|p1a: Quagsire|p2a: Great Tusk
|
|-heal|p1a: Quagsire|66/100|[from] item: Leftovers
|upkeep
|turn|35
|
|t:|1769357714
|-end|p2a: Great Tusk|Protosynthesis|[silent]
|switch|p2a: Alomomola|Alomomola, F|79/100 tox
|move|p1a: Quagsire|Toxic|p2a: Alomomola
|-fail|p2a: Alomomola|tox
|
|-heal|p1a: Quagsire|73/100|[from] item: Leftovers
|-damage|p2a: Alomomola|73/100 tox|[from] psn
|upkeep
|turn|36
|
|t:|1769357727
|move|p2a: Alomomola|Scald|p1a: Quagsire
|-damage|p1a: Quagsire|59/100
|move|p1a: Quagsire|Spikes|p2a: Alomomola
|-sidestart|p2: Kaani|Spikes
|
|-heal|p1a: Quagsire|65/100|[from] item: Leftovers
|-damage|p2a: Alomomola|61/100 tox|[from] psn
|upkeep
|turn|37
|
|t:|1769357732
|move|p2a: Alomomola|Scald|p1a: Quagsire
|-damage|p1a: Quagsire|53/100
|move|p1a: Quagsire|Spikes|p2a: Alomomola
|-sidestart|p2: Kaani|Spikes
|
|-heal|p1a: Quagsire|59/100|[from] item: Leftovers
|-damage|p2a: Alomomola|42/100 tox|[from] psn
|upkeep
|turn|38
|
|t:|1769357740
|move|p2a: Alomomola|Flip Turn|p1a: Quagsire
|-damage|p1a: Quagsire|44/100
|
|t:|1769357742
|switch|p2a: Great Tusk|Great Tusk|100/100|[from] Flip Turn
|move|p1a: Quagsire|Recover|p1a: Quagsire
|-heal|p1a: Quagsire|94/100
|
|-heal|p1a: Quagsire|99/100|[from] item: Leftovers
|upkeep
|turn|39
|
|t:|1769357750
|move|p2a: Great Tusk|Rapid Spin|p1a: Quagsire
|-damage|p1a: Quagsire|85/100
|-boost|p2a: Great Tusk|spe|1
|-sideend|p2: Kaani|Spikes|[from] move: Rapid Spin|[of] p2a: Great Tusk
|move|p1a: Quagsire|Toxic|p2a: Great Tusk
|-status|p2a: Great Tusk|tox
|
|-heal|p1a: Quagsire|91/100|[from] item: Leftovers
|-damage|p2a: Great Tusk|94/100 tox|[from] psn
|upkeep
|turn|40
|
|t:|1769357755
|-end|p2a: Great Tusk|Protosynthesis|[silent]
|switch|p2a: Alomomola|Alomomola, F|75/100 tox
|move|p1a: Quagsire|Spikes|p2a: Alomomola
|-sidestart|p2: Kaani|Spikes
|
|-heal|p1a: Quagsire|97/100|[from] item: Leftovers
|-damage|p2a: Alomomola|69/100 tox|[from] psn
|upkeep
|turn|41
|
|t:|1769357760
|move|p2a: Alomomola|Scald|p1a: Quagsire
|-damage|p1a: Quagsire|85/100
|move|p1a: Quagsire|Spikes|p2a: Alomomola
|-sidestart|p2: Kaani|Spikes
|
|-heal|p1a: Quagsire|91/100|[from] item: Leftovers
|-damage|p2a: Alomomola|57/100 tox|[from] psn
|upkeep
|turn|42
|
|t:|1769357766
|move|p2a: Alomomola|Scald|p1a: Quagsire
|-crit|p1a: Quagsire
|-damage|p1a: Quagsire|72/100
|-status|p1a: Quagsire|brn
|move|p1a: Quagsire|Spikes|p2a: Alomomola
|-sidestart|p2: Kaani|Spikes
|
|-heal|p1a: Quagsire|78/100 brn|[from] item: Leftovers
|-damage|p2a: Alomomola|38/100 tox|[from] psn
|-damage|p1a: Quagsire|72/100 brn|[from] brn
|upkeep
|turn|43
|
|t:|1769357774
|switch|p2a: Zamazenta|Zamazenta|100/100
|-damage|p2a: Zamazenta|76/100|[from] Spikes
|-ability|p2a: Zamazenta|Dauntless Shield|boost
|-boost|p2a: Zamazenta|def|1
|switch|p1a: Corviknight|Corviknight, F, shiny|100/100
|-ability|p1a: Corviknight|Pressure
|
|-heal|p2a: Zamazenta|82/100|[from] item: Leftovers
|upkeep
|turn|44
|
|t:|1769357785
|move|p2a: Zamazenta|Body Press|p1a: Corviknight
|-damage|p1a: Corviknight|50/100
|move|p1a: Corviknight|Brave Bird|p2a: Zamazenta
|-supereffective|p2a: Zamazenta
|-damage|p2a: Zamazenta|40/100
|-damage|p1a: Corviknight|38/100|[from] Recoil
|
|-heal|p2a: Zamazenta|46/100|[from] item: Leftovers
|upkeep
|turn|45
|
|t:|1769357794
|move|p2a: Zamazenta|Body Press|p1a: Corviknight
|-damage|p1a: Corviknight|0 fnt
|faint|p1a: Corviknight
|
|-heal|p2a: Zamazenta|52/100|[from] item: Leftovers
|upkeep
|
|t:|1769357798
|switch|p1a: Toxapex|Toxapex, M, shiny|84/100
|-damage|p1a: Toxapex|71/100|[from] Stealth Rock
|turn|46
|
|t:|1769357829
|move|p1a: Toxapex|Infestation|p2a: Zamazenta
|-resisted|p2a: Zamazenta
|-damage|p2a: Zamazenta|51/100
|-activate|p2a: Zamazenta|move: Infestation|[of] p1a: Toxapex
|move|p2a: Zamazenta|Roar|p1a: Toxapex
|drag|p1a: Gholdengo|Gholdengo, shiny|88/100
|-damage|p1a: Gholdengo|81/100|[from] Stealth Rock
|
|-heal|p2a: Zamazenta|57/100|[from] item: Leftovers
|-heal|p1a: Gholdengo|88/100|[from] item: Leftovers
|-end|p2a: Zamazenta|Infestation|[partiallytrapped]|[silent]
|upkeep
|turn|47
|
|t:|1769357841
|switch|p1a: Quagsire|Quagsire, F, shiny|72/100 brn
|-damage|p1a: Quagsire|66/100 brn|[from] Stealth Rock
|move|p2a: Zamazenta|Crunch|p1a: Quagsire
|-damage|p1a: Quagsire|47/100 brn
|
|-heal|p2a: Zamazenta|63/100|[from] item: Leftovers
|-heal|p1a: Quagsire|54/100 brn|[from] item: Leftovers
|-damage|p1a: Quagsire|47/100 brn|[from] brn
|upkeep
|turn|48
|
|t:|1769357854
|switch|p2a: Alomomola|Alomomola, F|72/100 tox
|move|p1a: Quagsire|Toxic|p2a: Alomomola
|-fail|p2a: Alomomola|tox
|
|-heal|p1a: Quagsire|54/100 brn|[from] item: Leftovers
|-damage|p2a: Alomomola|65/100 tox|[from] psn
|-damage|p1a: Quagsire|47/100 brn|[from] brn
|upkeep
|turn|49
|
|t:|1769357862
|move|p2a: Alomomola|Wish|p2a: Alomomola
|move|p1a: Quagsire|Recover|p1a: Quagsire
|-heal|p1a: Quagsire|97/100 brn
|
|-heal|p1a: Quagsire|100/100 brn|[from] item: Leftovers
|-damage|p2a: Alomomola|53/100 tox|[from] psn
|-damage|p1a: Quagsire|94/100 brn|[from] brn
|upkeep
|turn|50
|
|t:|1769357867
|switch|p1a: Garganacl|Garganacl, M, shiny|50/100
|-damage|p1a: Garganacl|37/100|[from] Stealth Rock
|move|p2a: Alomomola|Flip Turn|p1a: Garganacl
|-supereffective|p1a: Garganacl
|-damage|p1a: Garganacl|19/100
|
|t:|1769357875
|switch|p2a: Zamazenta|Zamazenta|63/100|[from] Flip Turn
|-damage|p2a: Zamazenta|38/100|[from] Spikes
|
|-heal|p2a: Zamazenta|100/100|[from] move: Wish|[wisher] Alomomola
|-heal|p1a: Garganacl|25/100|[from] item: Leftovers
|upkeep
|turn|51
|
|t:|1769357886
|move|p2a: Zamazenta|Crunch|p1a: Garganacl
|-damage|p1a: Garganacl|14/100
|move|p1a: Garganacl|Salt Cure|p2a: Zamazenta
|-resisted|p2a: Zamazenta
|-damage|p2a: Zamazenta|95/100
|-start|p2a: Zamazenta|Salt Cure
|
|-heal|p2a: Zamazenta|100/100|[from] item: Leftovers
|-heal|p1a: Garganacl|21/100|[from] item: Leftovers
|-damage|p2a: Zamazenta|88/100|[from] Salt Cure
|upkeep
|turn|52
|
|t:|1769357892
|move|p1a: Garganacl|Protect|p1a: Garganacl
|-singleturn|p1a: Garganacl|Protect
|move|p2a: Zamazenta|Body Press|p1a: Garganacl
|-activate|p1a: Garganacl|move: Protect
|
|-heal|p2a: Zamazenta|94/100|[from] item: Leftovers
|-heal|p1a: Garganacl|27/100|[from] item: Leftovers
|-damage|p2a: Zamazenta|82/100|[from] Salt Cure
|upkeep
|turn|53
|
|t:|1769357897
|switch|p2a: Gholdengo|Gholdengo|77/100
|-damage|p2a: Gholdengo|52/100|[from] Spikes
|move|p1a: Garganacl|Stealth Rock|p2a: Gholdengo
|-sidestart|p2: Kaani|move: Stealth Rock
|
|-heal|p1a: Garganacl|33/100|[from] item: Leftovers
|upkeep
|turn|54
|
|t:|1769357907
|move|p1a: Garganacl|Protect|p1a: Garganacl
|-singleturn|p1a: Garganacl|Protect
|move|p2a: Gholdengo|Recover|p2a: Gholdengo
|-heal|p2a: Gholdengo|100/100
|
|-heal|p1a: Garganacl|39/100|[from] item: Leftovers
|upkeep
|turn|55
|
|t:|1769357910
|move|p2a: Gholdengo|Nasty Plot|p2a: Gholdengo
|-boost|p2a: Gholdengo|spa|2
|move|p1a: Garganacl|Salt Cure|p2a: Gholdengo
|-resisted|p2a: Gholdengo
|-damage|p2a: Gholdengo|94/100
|-start|p2a: Gholdengo|Salt Cure
|
|-heal|p1a: Garganacl|45/100|[from] item: Leftovers
|-damage|p2a: Gholdengo|70/100|[from] Salt Cure
|upkeep
|turn|56
|
|t:|1769357919
|move|p1a: Garganacl|Protect|p1a: Garganacl
|-singleturn|p1a: Garganacl|Protect
|move|p2a: Gholdengo|Recover|p2a: Gholdengo
|-heal|p2a: Gholdengo|100/100
|
|-heal|p1a: Garganacl|51/100|[from] item: Leftovers
|-damage|p2a: Gholdengo|76/100|[from] Salt Cure
|upkeep
|turn|57
|
|t:|1769357927
|move|p2a: Gholdengo|Make It Rain|p1a: Garganacl
|-supereffective|p1a: Garganacl
|-damage|p1a: Garganacl|0 fnt
|-unboost|p2a: Gholdengo|spa|1
|faint|p1a: Garganacl
|
|-damage|p2a: Gholdengo|51/100|[from] Salt Cure
|upkeep
|
|t:|1769357932
|switch|p1a: Quagsire|Quagsire, F, shiny|94/100 brn
|-damage|p1a: Quagsire|88/100 brn|[from] Stealth Rock
|turn|58
|
|t:|1769357938
|switch|p2a: Alomomola|Alomomola, F|86/100 tox
|move|p1a: Quagsire|Earthquake|p2a: Alomomola
|-damage|p2a: Alomomola|78/100 tox
|
|-heal|p1a: Quagsire|94/100 brn|[from] item: Leftovers
|-damage|p2a: Alomomola|72/100 tox|[from] psn
|-damage|p1a: Quagsire|88/100 brn|[from] brn
|upkeep
|turn|59
|-message|help!7777 forfeited.
|
|win|Kaani
|raw|help!7777's rating: 1239 &rarr; <strong>1218</strong><br />(-21 for losing)
|raw|Kaani's rating: 1297 &rarr; <strong>1318</strong><br />(+21 for winning)
|l|☆help!7777
|player|p1|
|l|☆Kaani
|player|p2|
|j|☆Kaani
|player|p2|Kaani|volo|
