|j|☆gfitzy
|j|☆scrappyflamigo
|t:|1769324449
|gametype|singles
|player|p1|gfitzy|cynthia-masters|1442
|player|p2|scrappyflamigo|diantha|1443
|gen|9
|tier|[Gen 9] OU
|rated|
|rule|HP Percentage Mod: HP is shown in percentages
|rule|Endless Battle Clause: Forcing endless battles is banned
|rule|Species Clause: Limit one of each Pokémon
|rule|OHKO Clause: OHKO moves are banned
|rule|Evasion Items Clause: Evasion items are banned
|rule|Evasion Moves Clause: Evasion moves are banned
|rule|Evasion Abilities Clause: Evasion abilities are banned
|rule|Sleep Moves Clause: Sleep-inducing moves are banned
|clearpoke
|poke|p1|Carbink, L1|
|poke|p1|Braviary-Hisui, M|
|poke|p1|Ursaluna, M|
|poke|p1|Kingambit, M|
|poke|p1|Iron Hands|
|poke|p1|Hatterene, F|
|poke|p2|Great Tusk|
|poke|p2|Pecharunt|
|poke|p2|Iron Valiant|
|poke|p2|Iron Crown|
|poke|p2|Samurott-Hisui, M|
|poke|p2|Dragonite, M|
|teampreview
|inactive|Battle timer is ON: inactive players will automatically lose when time's up. (requested by scrappyflamigo)
|
|t:|1769324485
|teamsize|p1|6
|teamsize|p2|6
|start
|switch|p1a: William Afton|Kingambit, M|100/100
|switch|p2a: Iron Crown|Iron Crown|100/100
|turn|1
|
|t:|1769324513
|-end|p2a: Iron Crown|Quark Drive|[silent]
|switch|p2a: Great Tusk|Great Tusk|100/100
|-terastallize|p1a: William Afton|Dark
|move|p1a: William Afton|Sucker Punch||[still]
|-fail|p1a: William Afton
|
|upkeep
|turn|2
|
|t:|1769324529
|-end|p1a: William Afton|fallenundefined|[silent]
|switch|p1a: Balloon Boy|Braviary-Hisui, M, shiny|100/100
|move|p2a: Great Tusk|Headlong Rush|p1a: Balloon Boy
|-immune|p1a: Balloon Boy
|
|upkeep
|turn|3
|
|t:|1769324538
|-end|p2a: Great Tusk|Protosynthesis|[silent]
|switch|p2a: Iron Crown|Iron Crown|100/100
|move|p1a: Balloon Boy|Psychic|p2a: Iron Crown
|-resisted|p2a: Iron Crown
|-damage|p2a: Iron Crown|87/100
|
|upkeep
|turn|4
|
|t:|1769324550
|move|p2a: Iron Crown|Tachyon Cutter|p1a: Balloon Boy
|-damage|p1a: Balloon Boy|72/100
|-damage|p1a: Balloon Boy|47/100
|-hitcount|p1a: Balloon Boy|2
|move|p1a: Balloon Boy|Heat Wave|p2a: Iron Crown
|-supereffective|p2a: Iron Crown
|-damage|p2a: Iron Crown|14/100
|
|upkeep
|turn|5
|inactive|gfitzy has 120 seconds left.
|
|t:|1769324581
|move|p1a: Balloon Boy|Vacuum Wave|p2a: Iron Crown
|-damage|p2a: Iron Crown|1/100
|-damage|p1a: Balloon Boy|37/100|[from] item: Life Orb
|move|p2a: Iron Crown|Tachyon Cutter|p1a: Balloon Boy
|-damage|p1a: Balloon Boy|8/100
|-damage|p1a: Balloon Boy|0 fnt
|faint|p1a: Balloon Boy
|-hitcount|p1: Balloon Boy|2
|
|upkeep
|inactive|gfitzy has 120 seconds left.
|
|t:|1769324594
|switch|p1a: Bonnie|Iron Hands|100/100
|-enditem|p1a: Bonnie|Booster Energy
|-activate|p1a: Bonnie|ability: Quark Drive|[fromitem]
|-start|p1a: Bonnie|quarkdriveatk
|turn|6
|inactive|gfitzy has 120 seconds left.
|
|t:|1769324605
|move|p2a: Iron Crown|Psychic Noise|p1a: Bonnie
|-supereffective|p1a: Bonnie
|-crit|p1a: Bonnie
|-damage|p1a: Bonnie|19/100
|-start|p1a: Bonnie|move: Heal Block
|cant|p1a: Bonnie|move: Heal Block|Drain Punch
|
|upkeep
|turn|7
|inactive|gfitzy has 120 seconds left.
|
|t:|1769324617
|-end|p1a: Bonnie|Quark Drive|[silent]
|switch|p1a: William Afton|Kingambit, M, tera:Dark|100/100
|-activate|p1a: William Afton|ability: Supreme Overlord
|-start|p1a: William Afton|fallen1|[silent]
|move|p2a: Iron Crown|Tachyon Cutter|p1a: William Afton
|-crit|p1a: William Afton
|-damage|p1a: William Afton|67/100
|-damage|p1a: William Afton|43/100
|-hitcount|p1a: William Afton|2
|
|upkeep
|turn|8
|inactive|gfitzy has 120 seconds left.
|
|t:|1769324630
|-end|p2a: Iron Crown|Quark Drive|[silent]
|switch|p2a: Great Tusk|Great Tusk|100/100
|move|p1a: William Afton|Sucker Punch||[still]
|-fail|p1a: William Afton
|
|upkeep
|turn|9
|
|t:|1769324638
|move|p2a: Great Tusk|Headlong Rush|p1a: William Afton
|-damage|p1a: William Afton|0 fnt
|-unboost|p2a: Great Tusk|def|1
|-unboost|p2a: Great Tusk|spd|1
|faint|p1a: William Afton
|-end|p1a: William Afton|fallen1|[silent]
|
|upkeep
|inactive|gfitzy has 120 seconds left.
|
|t:|1769324649
|switch|p1a: The Bink|Carbink, L1, shiny|100/100
|turn|10
|
|t:|1769324657
|move|p2a: Great Tusk|Rapid Spin|p1a: The Bink
|-resisted|p1a: The Bink
|-ability|p1a: The Bink|Sturdy
|-damage|p1a: The Bink|9/100
|-boost|p2a: Great Tusk|spe|1
|move|p1a: The Bink|Trick Room|p1a: The Bink
|-fieldstart|move: Trick Room|[of] p1a: The Bink
|
|-damage|p1a: The Bink|0 fnt|[from] item: Black Sludge
|faint|p1a: The Bink
|upkeep
|
|t:|1769324672
|switch|p1a: Freddy|Ursaluna, M|100/100
|turn|11
|
|t:|1769324680
|-end|p2a: Great Tusk|Protosynthesis|[silent]
|switch|p2a: Iron Crown|Iron Crown|1/100
|move|p1a: Freddy|Facade|p2a: Iron Crown
|-resisted|p2a: Iron Crown
|-damage|p2a: Iron Crown|0 fnt
|faint|p2a: Iron Crown
|-end|p2a: Iron Crown|Quark Drive|[silent]
|
|-status|p1a: Freddy|brn|[from] item: Flame Orb
|upkeep
|
|t:|1769324690
|switch|p2a: Pecharunt|Pecharunt|100/100
|turn|12
|
|t:|1769324697
|-terastallize|p2a: Pecharunt|Ghost
|move|p1a: Freddy|Headlong Rush|p2a: Pecharunt
|-damage|p2a: Pecharunt|50/100
|-unboost|p1a: Freddy|def|1
|-unboost|p1a: Freddy|spd|1
|-damage|p1a: Freddy|84/100 brn|[from] item: Rocky Helmet|[of] p2a: Pecharunt
|move|p2a: Pecharunt|Recover|p2a: Pecharunt
|-heal|p2a: Pecharunt|99/100
|
|-damage|p1a: Freddy|78/100 brn|[from] brn
|upkeep
|turn|13
|
|t:|1769324727
|move|p1a: Freddy|Swords Dance|p1a: Freddy
|-boost|p1a: Freddy|atk|2
|move|p2a: Pecharunt|Recover|p2a: Pecharunt
|-heal|p2a: Pecharunt|100/100
|
|-damage|p1a: Freddy|72/100 brn|[from] brn
|upkeep
|turn|14
|
|t:|1769324735
|switch|p2a: Dragonite|Dragonite, M|100/100
|move|p1a: Freddy|Headlong Rush|p2a: Dragonite
|-immune|p2a: Dragonite
|
|-damage|p1a: Freddy|66/100 brn|[from] brn
|-fieldend|move: Trick Room
|upkeep
|turn|15
|
|t:|1769324744
|move|p2a: Dragonite|Earthquake|p1a: Freddy
|-damage|p1a: Freddy|29/100 brn
|move|p1a: Freddy|Facade|p2a: Dragonite
|-damage|p2a: Dragonite|0 fnt
|faint|p2a: Dragonite
|
|-damage|p1a: Freddy|23/100 brn|[from] brn
|upkeep
|
|t:|1769324751
|switch|p2a: Samurott|Samurott-Hisui, M, shiny|100/100
|turn|16
|
|t:|1769324755
|move|p2a: Samurott|Flip Turn|p1a: Freddy
|-supereffective|p1a: Freddy
|-damage|p1a: Freddy|0 fnt
|faint|p1a: Freddy
|
|t:|1769324762
|switch|p2a: Pecharunt|Pecharunt, tera:Ghost|100/100|[from] Flip Turn
|
|upkeep
|
|t:|1769324768
|switch|p1a: Chica|Hatterene, F|100/100
|turn|17
|
|t:|1769324774
|move|p2a: Pecharunt|Shadow Ball|p1a: Chica
|-supereffective|p1a: Chica
|-damage|p1a: Chica|25/100
|move|p1a: Chica|Trick Room|p1a: Chica
|-fieldstart|move: Trick Room|[of] p1a: Chica
|
|upkeep
|turn|18
|
|t:|1769324788
|move|p1a: Chica|Healing Wish|p1a: Chica
|faint|p1a: Chica
|move|p2a: Pecharunt|Malignant Chain|p1: Chica|[notarget]
|-fail|p2a: Pecharunt
|
|upkeep
|
|t:|1769324793
|switch|p1a: Bonnie|Iron Hands|19/100
|-heal|p1a: Bonnie|100/100|[from] move: Healing Wish
|turn|19
|
|t:|1769324801
|move|p1a: Bonnie|Swords Dance|p1a: Bonnie
|-boost|p1a: Bonnie|atk|2
|move|p2a: Pecharunt|Malignant Chain|p1a: Bonnie
|-damage|p1a: Bonnie|77/100
|
|upkeep
|turn|20
|
|t:|1769324809
|move|p1a: Bonnie|Thunder Punch|p2a: Pecharunt
|-crit|p2a: Pecharunt
|-damage|p2a: Pecharunt|32/100
|-damage|p1a: Bonnie|60/100|[from] item: Rocky Helmet|[of] p2a: Pecharunt
|move|p2a: Pecharunt|Malignant Chain|p1a: Bonnie
|-damage|p1a: Bonnie|38/100
|-status|p1a: Bonnie|tox
|-start|p1a: Bonnie|confusion|[from] ability: Poison Puppeteer|[of] p2a: Pecharunt
|
|-damage|p1a: Bonnie|31/100 tox|[from] psn
|upkeep
|turn|21
|-message|gfitzy forfeited.
|
|win|scrappyflamigo
|raw|gfitzy's rating: 1442 &rarr; <strong>1422</strong><br />(-20 for losing)
|raw|scrappyflamigo's rating: 1443 &rarr; <strong>1463</strong><br />(+20 for winning)
