|j|☆hazinho
|j|☆crabstix
|t:|1769337334
|gametype|singles
|player|p1|hazinho|102|1386
|player|p2|crabstix|lass-gen4dp|1380
|gen|9
|tier|[Gen 9] OU
|rated|
|rule|HP Percentage Mod: HP is shown in percentages
|rule|Endless Battle Clause: Forcing endless battles is banned
|rule|Species Clause: Limit one of each Pokémon
|rule|OHKO Clause: OHKO moves are banned
|rule|Evasion Items Clause: Evasion items are banned
|rule|Evasion Moves Clause: Evasion moves are banned
|rule|Evasion Abilities Clause: Evasion abilities are banned
|rule|Sleep Moves Clause: Sleep-inducing moves are banned
|clearpoke
|poke|p1|Deoxys-Speed|
|poke|p1|Kingambit, M|
|poke|p1|Sylveon, M|
|poke|p1|Ogerpon-Wellspring, F|
|poke|p1|Weezing-Galar, M|
|poke|p1|Landorus-Therian, M|
|poke|p2|Iron Valiant|
|poke|p2|Raging Bolt|
|poke|p2|Iron Moth|
|poke|p2|Kingambit, F|
|poke|p2|Ogerpon-Wellspring, F|
|poke|p2|Dragapult, M|
|teampreview
|
|t:|1769337354
|teamsize|p1|6
|teamsize|p2|6
|start
|switch|p1a: Raillo|Landorus-Therian, M|100/100
|switch|p2a: Dragapult|Dragapult, M|100/100
|-ability|p1a: Raillo|Intimidate|boost
|-fail|p2a: Dragapult|unboost|[from] ability: Clear Body|[of] p2a: Dragapult
|turn|1
|
|t:|1769337376
|move|p1a: Raillo|Earthquake|p2a: Dragapult
|-damage|p2a: Dragapult|10/100
|move|p2a: Dragapult|Will-O-Wisp|p1a: Raillo
|-status|p1a: Raillo|brn
|
|-damage|p1a: Raillo|95/100 brn|[from] brn
|upkeep
|turn|2
|
|t:|1769337382
|switch|p2a: Ogerpon|Ogerpon-Wellspring, F|100/100
|move|p1a: Raillo|Earthquake|p2a: Ogerpon
|-resisted|p2a: Ogerpon
|-damage|p2a: Ogerpon|83/100
|
|-damage|p1a: Raillo|89/100 brn|[from] brn
|upkeep
|turn|3
|
|t:|1769337389
|switch|p1a: Szczesny|Weezing-Galar, M|100/100
|-ability|p1a: Szczesny|Neutralizing Gas
|move|p2a: Ogerpon|Swords Dance|p2a: Ogerpon
|-boost|p2a: Ogerpon|atk|2
|
|upkeep
|turn|4
|
|t:|1769337398
|-terastallize|p2a: Ogerpon|Water
|detailschange|p2a: Ogerpon|Ogerpon-Wellspring-Tera, F, tera:Water
|move|p2a: Ogerpon|Ivy Cudgel|p1a: Szczesny|[anim] Ivy Cudgel Water
|-damage|p1a: Szczesny|0 fnt
|faint|p1a: Szczesny
|-end|p1a: Szczesny|ability: Neutralizing Gas
|-ability|p2a: Ogerpon|Embody Aspect (Wellspring)|boost
|-boost|p2a: Ogerpon|spd|1
|
|upkeep
|inactive|Battle timer is ON: inactive players will automatically lose when time's up. (requested by crabstix)
|
|t:|1769337434
|switch|p1a: Arambarri|Ogerpon-Wellspring, F|100/100
|turn|5
|
|t:|1769337438
|move|p1a: Arambarri|Horn Leech|p2a: Ogerpon
|-supereffective|p2a: Ogerpon
|-damage|p2a: Ogerpon|0 fnt
|faint|p2a: Ogerpon
|detailschange|p2: Ogerpon|Ogerpon-Wellspring, F|[silent]
|
|upkeep
|
|t:|1769337443
|switch|p2a: Iron Moth|Iron Moth|100/100
|-enditem|p2a: Iron Moth|Booster Energy
|-activate|p2a: Iron Moth|ability: Quark Drive|[fromitem]
|-start|p2a: Iron Moth|quarkdrivespe
|turn|6
|
|t:|1769337448
|-terastallize|p1a: Arambarri|Water
|detailschange|p1a: Arambarri|Ogerpon-Wellspring-Tera, F, tera:Water
|-ability|p1a: Arambarri|Embody Aspect (Wellspring)|boost
|-boost|p1a: Arambarri|spd|1
|move|p2a: Iron Moth|Sludge Wave|p1a: Arambarri
|-damage|p1a: Arambarri|64/100
|move|p1a: Arambarri|Ivy Cudgel|p2a: Iron Moth|[anim] Ivy Cudgel Water
|-supereffective|p2a: Iron Moth
|-damage|p2a: Iron Moth|0 fnt
|faint|p2a: Iron Moth
|-end|p2a: Iron Moth|Quark Drive|[silent]
|
|upkeep
|
|t:|1769337454
|switch|p2a: Dragapult|Dragapult, M|10/100
|turn|7
|
|t:|1769337461
|move|p2a: Dragapult|Dragon Darts|p1a: Arambarri
|-damage|p1a: Arambarri|31/100
|-anim|p2a: Dragapult|Dragon Darts|p1a: Arambarri
|-damage|p1a: Arambarri|0 fnt
|faint|p1a: Arambarri
|detailschange|p1: Arambarri|Ogerpon-Wellspring, F|[silent]
|-damage|p2a: Dragapult|0 fnt|[from] item: Life Orb
|faint|p2a: Dragapult
|
|upkeep
|
|t:|1769337474
|switch|p2a: Kingambit|Kingambit, F|100/100
|switch|p1a: Raillo|Landorus-Therian, M|89/100 brn
|-ability|p1a: Raillo|Intimidate|boost
|-unboost|p2a: Kingambit|atk|1
|-activate|p2a: Kingambit|ability: Supreme Overlord
|-start|p2a: Kingambit|fallen3|[silent]
|-item|p2a: Kingambit|Air Balloon
|turn|8
|
|t:|1769337481
|-end|p2a: Kingambit|fallen3|[silent]
|switch|p2a: Raging Bolt|Raging Bolt|100/100
|-enditem|p2a: Raging Bolt|Booster Energy
|-activate|p2a: Raging Bolt|ability: Protosynthesis|[fromitem]
|-start|p2a: Raging Bolt|protosynthesisspa
|move|p1a: Raillo|U-turn|p2a: Raging Bolt
|-damage|p2a: Raging Bolt|87/100
|
|t:|1769337488
|switch|p1a: Ruibal|Sylveon, M|100/100|[from] U-turn
|
|upkeep
|turn|9
|
|t:|1769337493
|move|p2a: Raging Bolt|Thunderclap|p1a: Ruibal
|-damage|p1a: Ruibal|64/100
|move|p1a: Ruibal|Hyper Voice|p2a: Raging Bolt
|-supereffective|p2a: Raging Bolt
|-damage|p2a: Raging Bolt|8/100
|
|-heal|p1a: Ruibal|70/100|[from] item: Leftovers
|upkeep
|turn|10
|
|t:|1769337499
|move|p2a: Raging Bolt|Thunderclap|p1a: Ruibal
|-damage|p1a: Ruibal|30/100
|move|p1a: Ruibal|Hyper Voice|p2a: Raging Bolt
|-supereffective|p2a: Raging Bolt
|-damage|p2a: Raging Bolt|0 fnt
|faint|p2a: Raging Bolt
|-end|p2a: Raging Bolt|Protosynthesis|[silent]
|
|-heal|p1a: Ruibal|36/100|[from] item: Leftovers
|upkeep
|
|t:|1769337508
|switch|p2a: Iron Valiant|Iron Valiant|100/100
|-enditem|p2a: Iron Valiant|Booster Energy
|-activate|p2a: Iron Valiant|ability: Quark Drive|[fromitem]
|-start|p2a: Iron Valiant|quarkdrivespe
|turn|11
|
|t:|1769337514
|move|p2a: Iron Valiant|Moonblast|p1a: Ruibal
|-damage|p1a: Ruibal|6/100
|-unboost|p1a: Ruibal|spa|1
|move|p1a: Ruibal|Hyper Voice|p2a: Iron Valiant
|-supereffective|p2a: Iron Valiant
|-damage|p2a: Iron Valiant|12/100
|
|-heal|p1a: Ruibal|12/100|[from] item: Leftovers
|upkeep
|turn|12
|
|t:|1769337518
|move|p2a: Iron Valiant|Moonblast|p1a: Ruibal
|-damage|p1a: Ruibal|0 fnt
|faint|p1a: Ruibal
|
|upkeep
|
|t:|1769337524
|switch|p1a: Fran García|Deoxys-Speed, shiny|100/100
|-ability|p1a: Fran García|Pressure
|turn|13
|
|t:|1769337540
|move|p2a: Iron Valiant|Shadow Ball|p1a: Fran García
|-supereffective|p1a: Fran García
|-damage|p1a: Fran García|15/100
|move|p1a: Fran García|Thunderbolt|p2a: Iron Valiant
|-damage|p2a: Iron Valiant|0 fnt
|faint|p2a: Iron Valiant
|-end|p2a: Iron Valiant|Quark Drive|[silent]
|
|upkeep
|
|t:|1769337543
|switch|p2a: Kingambit|Kingambit, F|100/100
|-activate|p2a: Kingambit|ability: Supreme Overlord
|-start|p2a: Kingambit|fallen5|[silent]
|-item|p2a: Kingambit|Air Balloon
|turn|14
|
|t:|1769337549
|move|p1a: Fran García|Thunderbolt|p2a: Kingambit
|-damage|p2a: Kingambit|74/100
|-status|p2a: Kingambit|par
|-enditem|p2a: Kingambit|Air Balloon
|cant|p2a: Kingambit|par
|
|upkeep
|turn|15
|-message|crabstix forfeited.
|
|t:|1769337558
|move|p2a: Kingambit|Sucker Punch|p1a: Fran García
|-supereffective|p1a: Fran García
|-damage|p1a: Fran García|0 fnt
|faint|p1a: Fran García
|
|upkeep
|
|win|hazinho
|raw|hazinho's rating: 1386 &rarr; <strong>1406</strong><br />(+20 for winning)
|raw|crabstix's rating: 1380 &rarr; <strong>1360</strong><br />(-20 for losing)
|l|☆crabstix
|player|p2|
|l|☆hazinho
|player|p1|
