|j|☆thanzerfaust
|j|☆beeboobaa
|t:|1769422788
|gametype|singles
|player|p1|thanzerfaust|guzma|1492
|player|p2|beeboobaa|2|1477
|gen|9
|tier|[Gen 9] OU
|rated|
|rule|HP Percentage Mod: HP is shown in percentages
|rule|Endless Battle Clause: Forcing endless battles is banned
|rule|Species Clause: Limit one of each Pokémon
|rule|OHKO Clause: OHKO moves are banned
|rule|Evasion Items Clause: Evasion items are banned
|rule|Evasion Moves Clause: Evasion moves are banned
|rule|Evasion Abilities Clause: Evasion abilities are banned
|rule|Sleep Moves Clause: Sleep-inducing moves are banned
|clearpoke
|poke|p1|Lokix, M|
|poke|p1|Alomomola, F|
|poke|p1|Iron Treads|
|poke|p1|Tornadus-Therian, M|
|poke|p1|Zamazenta-*|
|poke|p1|Hatterene, F|
|poke|p2|Clefable, F|
|poke|p2|Gengar, F|
|poke|p2|Chansey, F|
|poke|p2|Ditto|
|poke|p2|Zapdos|
|poke|p2|Dragonite, F|
|teampreview
|
|t:|1769422795
|teamsize|p1|6
|teamsize|p2|6
|start
|switch|p1a: Iron Treads|Iron Treads|100/100
|switch|p2a: Zapdos|Zapdos|100/100
|turn|1
|
|t:|1769422829
|-terastallize|p2a: Zapdos|Fighting
|move|p1a: Iron Treads|Stealth Rock|p2a: Zapdos
|-sidestart|p2: beeboobaa|move: Stealth Rock
|move|p2a: Zapdos|Tera Blast|p1a: Iron Treads|[anim] Tera Blast Fighting
|-supereffective|p1a: Iron Treads
|-damage|p1a: Iron Treads|5/100
|
|-heal|p1a: Iron Treads|11/100|[from] item: Leftovers
|upkeep
|turn|2
|
|t:|1769422853
|-end|p1a: Iron Treads|Quark Drive|[silent]
|switch|p1a: Alomomola|Alomomola, F|100/100
|move|p2a: Zapdos|Tera Blast|p1a: Alomomola|[anim] Tera Blast Fighting
|-damage|p1a: Alomomola|81/100
|
|upkeep
|turn|3
|
|t:|1769422857
|move|p2a: Zapdos|Volt Switch|p1a: Alomomola
|-supereffective|p1a: Alomomola
|-damage|p1a: Alomomola|47/100
|
|t:|1769422866
|switch|p2a: Clefable|Clefable, F|100/100|[from] Volt Switch
|move|p1a: Alomomola|Mirror Coat|p2a: Clefable
|-damage|p2a: Clefable|18/100
|
|upkeep
|turn|4
|
|t:|1769422870
|move|p2a: Clefable|Moonlight|p2a: Clefable
|-heal|p2a: Clefable|68/100
|move|p1a: Alomomola|Flip Turn|p2a: Clefable
|-damage|p2a: Clefable|56/100
|-damage|p1a: Alomomola|31/100|[from] item: Rocky Helmet|[of] p2a: Clefable
|
|t:|1769422876
|switch|p1a: Tornadus|Tornadus-Therian, M|100/100|[from] Flip Turn
|
|upkeep
|turn|5
|
|t:|1769422879
|move|p1a: Tornadus|Nasty Plot|p1a: Tornadus
|-boost|p1a: Tornadus|spa|2
|move|p2a: Clefable|Thunder Wave|p1a: Tornadus
|-status|p1a: Tornadus|par
|
|upkeep
|turn|6
|
|t:|1769422891
|switch|p2a: Chansey|Chansey, F|100/100
|-damage|p2a: Chansey|88/100|[from] Stealth Rock
|move|p1a: Tornadus|Bleakwind Storm|p2a: Chansey
|-damage|p2a: Chansey|53/100
|-damage|p1a: Tornadus|91/100 par|[from] item: Life Orb
|
|upkeep
|turn|7
|
|t:|1769422898
|switch|p1a: Hatterene|Hatterene, F|100/100
|move|p2a: Chansey|Soft-Boiled|p2a: Chansey
|-heal|p2a: Chansey|100/100
|
|upkeep
|turn|8
|
|t:|1769422908
|move|p2a: Chansey|Seismic Toss|p1a: Hatterene
|-damage|p1a: Hatterene|69/100
|-damage|p2a: Chansey|84/100|[from] item: Rocky Helmet|[of] p1a: Hatterene
|move|p1a: Hatterene|Nuzzle|p2a: Chansey
|-damage|p2a: Chansey|81/100
|-status|p2a: Chansey|par
|
|upkeep
|turn|9
|
|t:|1769422919
|move|p1a: Hatterene|Psychic Noise|p2a: Chansey
|-damage|p2a: Chansey|72/100 par
|-start|p2a: Chansey|move: Heal Block
|cant|p2a: Chansey|par
|
|upkeep
|turn|10
|
|t:|1769422924
|move|p1a: Hatterene|Draining Kiss|p2a: Chansey
|-damage|p2a: Chansey|66/100 par
|-heal|p1a: Hatterene|78/100|[from] drain|[of] p2a: Chansey
|move|p2a: Chansey|Calm Mind|p2a: Chansey
|-boost|p2a: Chansey|spa|1
|-boost|p2a: Chansey|spd|1
|
|-end|p2a: Chansey|move: Heal Block
|upkeep
|turn|11
|
|t:|1769422934
|move|p1a: Hatterene|Psychic Noise|p2a: Chansey
|-damage|p2a: Chansey|60/100 par
|-start|p2a: Chansey|move: Heal Block
|cant|p2a: Chansey|move: Heal Block|Soft-Boiled
|
|upkeep
|turn|12
|
|t:|1769422942
|move|p1a: Hatterene|Draining Kiss|p2a: Chansey
|-damage|p2a: Chansey|55/100 par
|-heal|p1a: Hatterene|86/100|[from] drain|[of] p2a: Chansey
|move|p2a: Chansey|Calm Mind|p2a: Chansey
|-boost|p2a: Chansey|spa|1
|-boost|p2a: Chansey|spd|1
|
|-end|p2a: Chansey|move: Heal Block
|upkeep
|turn|13
|
|t:|1769422955
|move|p1a: Hatterene|Psychic Noise|p2a: Chansey
|-damage|p2a: Chansey|51/100 par
|-start|p2a: Chansey|move: Heal Block
|move|p2a: Chansey|Shadow Ball|p1a: Hatterene
|-supereffective|p1a: Hatterene
|-crit|p1a: Hatterene
|-damage|p1a: Hatterene|33/100
|
|upkeep
|turn|14
|
|t:|1769422963
|move|p1a: Hatterene|Pain Split|p2a: Chansey
|-sethp|p2a: Chansey|33/100 par|[from] move: Pain Split|[silent]
|-sethp|p1a: Hatterene|68/100|[from] move: Pain Split
|move|p2a: Chansey|Shadow Ball|p1a: Hatterene
|-supereffective|p1a: Hatterene
|-damage|p1a: Hatterene|34/100
|
|-end|p2a: Chansey|move: Heal Block
|upkeep
|turn|15
|
|t:|1769422968
|move|p1a: Hatterene|Psychic Noise|p2a: Chansey
|-damage|p2a: Chansey|28/100 par
|-start|p2a: Chansey|move: Heal Block
|cant|p2a: Chansey|move: Heal Block|Soft-Boiled
|
|upkeep
|turn|16
|
|t:|1769422974
|switch|p1a: Lokix|Lokix, M|100/100
|cant|p2a: Chansey|par
|
|-end|p2a: Chansey|move: Heal Block
|upkeep
|turn|17
|
|t:|1769422990
|move|p1a: Lokix|Knock Off|p2a: Chansey
|-damage|p2a: Chansey|0 fnt
|-enditem|p2a: Chansey|Eviolite|[from] move: Knock Off|[of] p1a: Lokix
|faint|p2a: Chansey
|
|upkeep
|
|t:|1769422999
|switch|p2a: Zapdos|Zapdos, tera:Fighting|100/100
|turn|18
|
|t:|1769423010
|switch|p1a: Tornadus|Tornadus-Therian, M|100/100 par
|move|p2a: Zapdos|Tera Blast|p1a: Tornadus|[anim] Tera Blast Fighting
|-resisted|p1a: Tornadus
|-damage|p1a: Tornadus|80/100 par
|
|upkeep
|turn|19
|
|t:|1769423012
|switch|p1a: Iron Treads|Iron Treads|11/100
|move|p2a: Zapdos|Volt Switch|p1a: Iron Treads
|-immune|p1a: Iron Treads
|
|-heal|p1a: Iron Treads|18/100|[from] item: Leftovers
|upkeep
|turn|20
|
|t:|1769423016
|-end|p1a: Iron Treads|Quark Drive|[silent]
|switch|p1a: Alomomola|Alomomola, F|64/100
|move|p2a: Zapdos|Tera Blast|p1a: Alomomola|[anim] Tera Blast Fighting
|-damage|p1a: Alomomola|45/100
|
|upkeep
|turn|21
|
|t:|1769423025
|switch|p1a: Iron Treads|Iron Treads|18/100
|move|p2a: Zapdos|Volt Switch|p1a: Iron Treads
|-immune|p1a: Iron Treads
|
|-heal|p1a: Iron Treads|24/100|[from] item: Leftovers
|upkeep
|turn|22
|
|t:|1769423034
|-end|p1a: Iron Treads|Quark Drive|[silent]
|switch|p1a: Alomomola|Alomomola, F|79/100
|move|p2a: Zapdos|Tera Blast|p1a: Alomomola|[anim] Tera Blast Fighting
|-damage|p1a: Alomomola|61/100
|
|upkeep
|turn|23
|
|t:|1769423039
|move|p2a: Zapdos|Tera Blast|p1a: Alomomola|[anim] Tera Blast Fighting
|-damage|p1a: Alomomola|43/100
|move|p1a: Alomomola|Flip Turn|p2a: Zapdos
|-damage|p2a: Zapdos|86/100
|
|t:|1769423042
|switch|p1a: Iron Treads|Iron Treads|24/100|[from] Flip Turn
|
|-heal|p1a: Iron Treads|30/100|[from] item: Leftovers
|upkeep
|turn|24
|
|t:|1769423050
|-end|p1a: Iron Treads|Quark Drive|[silent]
|switch|p1a: Alomomola|Alomomola, F|76/100
|move|p2a: Zapdos|Volt Switch|p1a: Alomomola
|-supereffective|p1a: Alomomola
|-damage|p1a: Alomomola|43/100
|
|t:|1769423065
|switch|p2a: Dragonite|Dragonite, F|100/100|[from] Volt Switch
|
|upkeep
|turn|25
|
|t:|1769423072
|move|p2a: Dragonite|Dragon Dance|p2a: Dragonite
|-boost|p2a: Dragonite|atk|1
|-boost|p2a: Dragonite|spe|1
|move|p1a: Alomomola|Flip Turn|p2a: Dragonite
|-resisted|p2a: Dragonite
|-damage|p2a: Dragonite|96/100
|
|t:|1769423074
|switch|p1a: Zamazenta|Zamazenta|100/100|[from] Flip Turn
|-ability|p1a: Zamazenta|Dauntless Shield|boost
|-boost|p1a: Zamazenta|def|1
|
|upkeep
|turn|26
|
|t:|1769423083
|move|p2a: Dragonite|Dragon Dance|p2a: Dragonite
|-boost|p2a: Dragonite|atk|1
|-boost|p2a: Dragonite|spe|1
|move|p1a: Zamazenta|Roar|p2a: Dragonite
|drag|p2a: Ditto|Ditto|100/100
|-damage|p2a: Ditto|88/100|[from] Stealth Rock
|-transform|p2a: Ditto|p1a: Zamazenta|[from] ability: Imposter
|-ability|p2a: Ditto|Dauntless Shield|boost
|-boost|p2a: Ditto|def|1
|
|upkeep
|turn|27
|
|t:|1769423107
|move|p2a: Ditto|Body Press|p1a: Zamazenta
|-damage|p1a: Zamazenta|69/100
|move|p1a: Zamazenta|Roar|p2a: Ditto
|drag|p2a: Clefable|Clefable, F|56/100
|
|-heal|p1a: Zamazenta|75/100|[from] item: Leftovers
|upkeep
|turn|28
|
|t:|1769423115
|switch|p1a: Alomomola|Alomomola, F|76/100
|move|p2a: Clefable|Thunder Wave|p1a: Alomomola
|-status|p1a: Alomomola|par
|
|upkeep
|turn|29
|
|t:|1769423121
|move|p2a: Clefable|Moonlight|p2a: Clefable
|-heal|p2a: Clefable|100/100
|move|p1a: Alomomola|Flip Turn|p2a: Clefable
|-damage|p2a: Clefable|88/100
|-damage|p1a: Alomomola|60/100 par|[from] item: Rocky Helmet|[of] p2a: Clefable
|
|t:|1769423126
|switch|p1a: Tornadus|Tornadus-Therian, M|100/100 par|[from] Flip Turn
|
|upkeep
|turn|30
|
|t:|1769423133
|move|p1a: Tornadus|Bleakwind Storm|p2a: Clefable
|-damage|p2a: Clefable|29/100
|-damage|p1a: Tornadus|91/100 par|[from] item: Life Orb
|move|p2a: Clefable|Calm Mind|p2a: Clefable
|-boost|p2a: Clefable|spa|1
|-boost|p2a: Clefable|spd|1
|
|upkeep
|turn|31
|
|t:|1769423139
|move|p1a: Tornadus|Bleakwind Storm|p2a: Clefable
|-damage|p2a: Clefable|0 fnt
|faint|p2a: Clefable
|-damage|p1a: Tornadus|81/100 par|[from] item: Life Orb
|
|upkeep
|
|t:|1769423147
|switch|p2a: Dragonite|Dragonite, F|96/100
|turn|32
|
|t:|1769423149
|move|p2a: Dragonite|Dragon Dance|p2a: Dragonite
|-boost|p2a: Dragonite|atk|1
|-boost|p2a: Dragonite|spe|1
|move|p1a: Tornadus|Bleakwind Storm|p2a: Dragonite
|-damage|p2a: Dragonite|42/100
|-damage|p1a: Tornadus|71/100 par|[from] item: Life Orb
|
|upkeep
|turn|33
|
|t:|1769423157
|move|p2a: Dragonite|Ice Spinner|p1a: Tornadus
|-supereffective|p1a: Tornadus
|-damage|p1a: Tornadus|0 fnt
|faint|p1a: Tornadus
|
|upkeep
|
|t:|1769423163
|switch|p1a: Zamazenta|Zamazenta|75/100
|turn|34
|
|t:|1769423170
|move|p2a: Dragonite|Roost|p2a: Dragonite
|-heal|p2a: Dragonite|92/100
|-singleturn|p2a: Dragonite|move: Roost
|move|p1a: Zamazenta|Roar|p2a: Dragonite
|drag|p2a: Zapdos|Zapdos, tera:Fighting|86/100
|
|-heal|p1a: Zamazenta|82/100|[from] item: Leftovers
|upkeep
|turn|35
|
|t:|1769423179
|switch|p1a: Alomomola|Alomomola, F|93/100 par
|move|p2a: Zapdos|Hurricane|p1a: Alomomola
|-damage|p1a: Alomomola|69/100 par
|
|upkeep
|turn|36
|
|t:|1769423188
|move|p2a: Zapdos|Tera Blast|p1a: Alomomola|[anim] Tera Blast Fighting
|-crit|p1a: Alomomola
|-damage|p1a: Alomomola|43/100 par
|move|p1a: Alomomola|Flip Turn|p2a: Zapdos
|-damage|p2a: Zapdos|74/100
|
|t:|1769423193
|switch|p1a: Iron Treads|Iron Treads|30/100|[from] Flip Turn
|
|-heal|p1a: Iron Treads|36/100|[from] item: Leftovers
|upkeep
|turn|37
|
|t:|1769423196
|-end|p1a: Iron Treads|Quark Drive|[silent]
|switch|p1a: Alomomola|Alomomola, F|76/100 par
|move|p2a: Zapdos|Volt Switch|p1a: Alomomola
|-supereffective|p1a: Alomomola
|-damage|p1a: Alomomola|45/100 par
|
|t:|1769423200
|switch|p2a: Dragonite|Dragonite, F|92/100|[from] Volt Switch
|
|upkeep
|turn|38
|
|t:|1769423202
|move|p2a: Dragonite|Dragon Dance|p2a: Dragonite
|-boost|p2a: Dragonite|atk|1
|-boost|p2a: Dragonite|spe|1
|move|p1a: Alomomola|Scald|p2a: Dragonite
|-resisted|p2a: Dragonite
|-damage|p2a: Dragonite|86/100
|
|upkeep
|turn|39
|
|t:|1769423210
|move|p2a: Dragonite|Earthquake|p1a: Alomomola
|-damage|p1a: Alomomola|7/100 par
|cant|p1a: Alomomola|par
|
|upkeep
|turn|40
|
|t:|1769423217
|switch|p1a: Hatterene|Hatterene, F|34/100
|move|p2a: Dragonite|Earthquake|p1a: Hatterene
|-damage|p1a: Hatterene|0 fnt
|faint|p1a: Hatterene
|
|upkeep
|
|t:|1769423221
|switch|p1a: Zamazenta|Zamazenta|82/100
|turn|41
|
|t:|1769423225
|move|p1a: Zamazenta|Iron Defense|p1a: Zamazenta
|-boost|p1a: Zamazenta|def|2
|move|p2a: Dragonite|Earthquake|p1a: Zamazenta
|-damage|p1a: Zamazenta|59/100
|
|-heal|p1a: Zamazenta|65/100|[from] item: Leftovers
|upkeep
|turn|42
|
|t:|1769423229
|move|p1a: Zamazenta|Body Press|p2a: Dragonite
|-resisted|p2a: Dragonite
|-damage|p2a: Dragonite|54/100
|move|p2a: Dragonite|Dragon Dance|p2a: Dragonite
|-boost|p2a: Dragonite|atk|1
|-boost|p2a: Dragonite|spe|1
|
|-heal|p1a: Zamazenta|71/100|[from] item: Leftovers
|upkeep
|turn|43
|
|t:|1769423232
|move|p2a: Dragonite|Roost|p2a: Dragonite
|-heal|p2a: Dragonite|100/100
|-singleturn|p2a: Dragonite|move: Roost
|move|p1a: Zamazenta|Iron Defense|p1a: Zamazenta
|-boost|p1a: Zamazenta|def|2
|
|-heal|p1a: Zamazenta|77/100|[from] item: Leftovers
|upkeep
|turn|44
|
|t:|1769423238
|move|p2a: Dragonite|Earthquake|p1a: Zamazenta
|-crit|p1a: Zamazenta
|-damage|p1a: Zamazenta|0 fnt
|faint|p1a: Zamazenta
|
|upkeep
|
|t:|1769423244
|switch|p1a: Lokix|Lokix, M|100/100
|turn|45
|c|☆beeboobaa|phew
|
|t:|1769423259
|move|p2a: Dragonite|Ice Spinner|p1a: Lokix
|-damage|p1a: Lokix|3/100
|move|p1a: Lokix|Knock Off|p2a: Dragonite
|-damage|p2a: Dragonite|75/100
|-enditem|p2a: Dragonite|Heavy-Duty Boots|[from] move: Knock Off|[of] p1a: Lokix
|
|upkeep
|turn|46
|
|t:|1769423267
|-terastallize|p1a: Lokix|Dark
|move|p1a: Lokix|Sucker Punch|p2a: Dragonite
|-damage|p2a: Dragonite|29/100
|move|p2a: Dragonite|Ice Spinner|p1a: Lokix
|-damage|p1a: Lokix|0 fnt
|faint|p1a: Lokix
|
|upkeep
|
|t:|1769423273
|switch|p1a: Alomomola|Alomomola, F|40/100 par
|turn|47
|
|t:|1769423283
|switch|p1a: Iron Treads|Iron Treads|36/100
|move|p2a: Dragonite|Earthquake|p1a: Iron Treads
|-supereffective|p1a: Iron Treads
|-damage|p1a: Iron Treads|0 fnt
|faint|p1a: Iron Treads
|-end|p1a: Iron Treads|Quark Drive|[silent]
|
|upkeep
|
|t:|1769423286
|switch|p1a: Alomomola|Alomomola, F|73/100 par
|turn|48
|
|t:|1769423291
|move|p2a: Dragonite|Roost|p2a: Dragonite
|-heal|p2a: Dragonite|79/100
|-singleturn|p2a: Dragonite|move: Roost
|move|p1a: Alomomola|Scald|p2a: Dragonite
|-resisted|p2a: Dragonite
|-damage|p2a: Dragonite|74/100
|
|upkeep
|turn|49
|
|t:|1769423295
|move|p2a: Dragonite|Earthquake|p1a: Alomomola
|-damage|p1a: Alomomola|26/100 par
|move|p1a: Alomomola|Scald|p2a: Dragonite
|-resisted|p2a: Dragonite
|-damage|p2a: Dragonite|67/100
|
|upkeep
|turn|50
|
|t:|1769423298
|move|p2a: Dragonite|Earthquake|p1a: Alomomola
|-damage|p1a: Alomomola|0 fnt
|faint|p1a: Alomomola
|
|win|beeboobaa
|raw|thanzerfaust's rating: 1492 &rarr; <strong>1471</strong><br />(-21 for losing)
|raw|beeboobaa's rating: 1477 &rarr; <strong>1498</strong><br />(+21 for winning)
|l|☆thanzerfaust
|player|p1|
