|j|☆Goblin Demolisher
|j|☆suaiaj
|t:|1769383804
|gametype|singles
|player|p1|Goblin Demolisher|cheryl|1495
|player|p2|suaiaj|wallace|1557
|gen|9
|tier|[Gen 9] OU
|rated|
|rule|HP Percentage Mod: HP is shown in percentages
|rule|Endless Battle Clause: Forcing endless battles is banned
|rule|Species Clause: Limit one of each Pokémon
|rule|OHKO Clause: OHKO moves are banned
|rule|Evasion Items Clause: Evasion items are banned
|rule|Evasion Moves Clause: Evasion moves are banned
|rule|Evasion Abilities Clause: Evasion abilities are banned
|rule|Sleep Moves Clause: Sleep-inducing moves are banned
|clearpoke
|poke|p1|Mienshao, M|
|poke|p1|Alomomola, F|
|poke|p1|Kyurem|
|poke|p1|Great Tusk|
|poke|p1|Tornadus-Therian, M|
|poke|p1|Iron Crown|
|poke|p2|Tyranitar, M|
|poke|p2|Gholdengo|
|poke|p2|Sandy Shocks|
|poke|p2|Kyurem|
|poke|p2|Landorus-Therian, M|
|poke|p2|Hatterene, F|
|teampreview
|
|t:|1769383826
|teamsize|p1|6
|teamsize|p2|6
|start
|switch|p1a: Mienshao|Mienshao, M|100/100
|switch|p2a: Kyurem|Kyurem, shiny|100/100
|-ability|p2a: Kyurem|Pressure
|turn|1
|
|t:|1769383843
|switch|p2a: Landorus|Landorus-Therian, M|100/100
|-ability|p2a: Landorus|Intimidate|boost
|-unboost|p1a: Mienshao|atk|1
|move|p1a: Mienshao|Knock Off|p2a: Landorus
|-damage|p2a: Landorus|61/100
|-enditem|p2a: Landorus|Choice Scarf|[from] move: Knock Off|[of] p1a: Mienshao
|
|upkeep
|turn|2
|
|t:|1769383851
|switch|p1a: Alomomola|Alomomola, F|100/100
|move|p2a: Landorus|Earthquake|p1a: Alomomola
|-damage|p1a: Alomomola|60/100
|
|upkeep
|turn|3
|
|t:|1769383856
|move|p2a: Landorus|Earthquake|p1a: Alomomola
|-damage|p1a: Alomomola|17/100
|move|p1a: Alomomola|Flip Turn|p2a: Landorus
|-supereffective|p2a: Landorus
|-damage|p2a: Landorus|22/100
|
|t:|1769383861
|switch|p1a: Mienshao|Mienshao, M|100/100|[from] Flip Turn
|
|upkeep
|turn|4
|
|t:|1769383872
|switch|p2a: Gholdengo|Gholdengo|100/100
|-item|p2a: Gholdengo|Air Balloon
|move|p1a: Mienshao|Knock Off|p2a: Gholdengo
|-supereffective|p2a: Gholdengo
|-damage|p2a: Gholdengo|27/100
|-enditem|p2a: Gholdengo|Air Balloon
|
|upkeep
|turn|5
|
|t:|1769383878
|move|p1a: Mienshao|Knock Off|p2a: Gholdengo
|-supereffective|p2a: Gholdengo
|-damage|p2a: Gholdengo|0 fnt
|faint|p2a: Gholdengo
|
|upkeep
|
|t:|1769383881
|switch|p2a: Landorus|Landorus-Therian, M|22/100
|-ability|p2a: Landorus|Intimidate|boost
|-unboost|p1a: Mienshao|atk|1
|turn|6
|
|t:|1769383883
|move|p1a: Mienshao|Knock Off|p2a: Landorus
|-damage|p2a: Landorus|0 fnt
|faint|p2a: Landorus
|
|upkeep
|
|t:|1769383890
|switch|p2a: Tyranitar|Tyranitar, M|100/100
|-weather|Sandstorm|[from] ability: Sand Stream|[of] p2a: Tyranitar
|turn|7
|
|t:|1769383895
|switch|p1a: Great Tusk|Great Tusk|100/100
|move|p2a: Tyranitar|Knock Off|p1a: Great Tusk
|-resisted|p1a: Great Tusk
|-damage|p1a: Great Tusk|72/100
|-enditem|p1a: Great Tusk|Heavy-Duty Boots|[from] move: Knock Off|[of] p2a: Tyranitar
|
|-weather|Sandstorm|[upkeep]
|upkeep
|turn|8
|
|t:|1769383903
|switch|p2a: Sandy Shocks|Sandy Shocks|100/100
|-enditem|p2a: Sandy Shocks|Booster Energy
|-activate|p2a: Sandy Shocks|ability: Protosynthesis|[fromitem]
|-start|p2a: Sandy Shocks|protosynthesisspe
|move|p1a: Great Tusk|Headlong Rush|p2a: Sandy Shocks
|-supereffective|p2a: Sandy Shocks
|-damage|p2a: Sandy Shocks|0 fnt
|-unboost|p1a: Great Tusk|def|1
|-unboost|p1a: Great Tusk|spd|1
|faint|p2a: Sandy Shocks
|-end|p2a: Sandy Shocks|Protosynthesis|[silent]
|
|-weather|Sandstorm|[upkeep]
|upkeep
|
|t:|1769383911
|switch|p2a: Kyurem|Kyurem, shiny|100/100
|-ability|p2a: Kyurem|Pressure
|turn|9
|
|t:|1769383916
|-end|p1a: Great Tusk|Protosynthesis|[silent]
|switch|p1a: Iron Crown|Iron Crown|100/100
|move|p2a: Kyurem|Freeze-Dry|p1a: Iron Crown
|-resisted|p1a: Iron Crown
|-damage|p1a: Iron Crown|73/100
|
|-weather|Sandstorm|[upkeep]
|-damage|p2a: Kyurem|94/100|[from] Sandstorm
|upkeep
|turn|10
|
|t:|1769383920
|switch|p2a: Tyranitar|Tyranitar, M|100/100
|move|p1a: Iron Crown|Tachyon Cutter|p2a: Tyranitar
|-supereffective|p2a: Tyranitar
|-damage|p2a: Tyranitar|64/100
|-supereffective|p2a: Tyranitar
|-damage|p2a: Tyranitar|27/100
|-hitcount|p2a: Tyranitar|2
|
|-weather|Sandstorm|[upkeep]
|upkeep
|turn|11
|
|t:|1769383923
|move|p1a: Iron Crown|Tachyon Cutter|p2a: Tyranitar
|-supereffective|p2a: Tyranitar
|-damage|p2a: Tyranitar|0 fnt
|faint|p2a: Tyranitar
|-hitcount|p2: Tyranitar|1
|
|-weather|none
|upkeep
|
|t:|1769383925
|switch|p2a: Kyurem|Kyurem, shiny|94/100
|-ability|p2a: Kyurem|Pressure
|turn|12
|
|t:|1769383927
|-terastallize|p2a: Kyurem|Ground
|move|p1a: Iron Crown|Tachyon Cutter|p2a: Kyurem
|-damage|p2a: Kyurem|69/100
|-damage|p2a: Kyurem|43/100
|-hitcount|p2a: Kyurem|2
|move|p2a: Kyurem|Earth Power|p1a: Iron Crown
|-supereffective|p1a: Iron Crown
|-damage|p1a: Iron Crown|0 fnt
|faint|p1a: Iron Crown
|-end|p1a: Iron Crown|Quark Drive|[silent]
|
|upkeep
|
|t:|1769383934
|switch|p1a: Tornadus|Tornadus-Therian, M|100/100
|turn|13
|
|t:|1769383937
|switch|p2a: Hatterene|Hatterene, F|100/100
|move|p1a: Tornadus|Knock Off|p2a: Hatterene
|-damage|p2a: Hatterene|76/100
|-enditem|p2a: Hatterene|Assault Vest|[from] move: Knock Off|[of] p1a: Tornadus
|
|upkeep
|turn|14
|
|t:|1769383943
|move|p1a: Tornadus|U-turn|p2a: Hatterene
|-damage|p2a: Hatterene|60/100
|
|t:|1769383946
|switch|p1a: Alomomola|Alomomola, F|50/100|[from] U-turn
|move|p2a: Hatterene|Nuzzle|p1a: Alomomola
|-supereffective|p1a: Alomomola
|-damage|p1a: Alomomola|45/100
|-status|p1a: Alomomola|par
|
|upkeep
|turn|15
|
|t:|1769383949
|move|p2a: Hatterene|Dazzling Gleam|p1a: Alomomola
|-damage|p1a: Alomomola|21/100 par
|cant|p1a: Alomomola|par
|
|upkeep
|turn|16
|
|t:|1769383958
|switch|p1a: Tornadus|Tornadus-Therian, M|100/100
|move|p2a: Hatterene|Dazzling Gleam|p1a: Tornadus
|-damage|p1a: Tornadus|52/100
|
|upkeep
|turn|17
|
|t:|1769383964
|move|p1a: Tornadus|U-turn|p2a: Hatterene
|-damage|p2a: Hatterene|42/100
|
|t:|1769383966
|switch|p1a: Alomomola|Alomomola, F|54/100 par|[from] U-turn
|move|p2a: Hatterene|Dazzling Gleam|p1a: Alomomola
|-damage|p1a: Alomomola|28/100 par
|
|upkeep
|turn|18
|
|t:|1769383973
|switch|p1a: Tornadus|Tornadus-Therian, M|86/100
|move|p2a: Hatterene|Dazzling Gleam|p1a: Tornadus
|-damage|p1a: Tornadus|39/100
|
|upkeep
|turn|19
|
|t:|1769383978
|move|p1a: Tornadus|U-turn|p2a: Hatterene
|-damage|p2a: Hatterene|26/100
|
|t:|1769383980
|switch|p1a: Alomomola|Alomomola, F|62/100 par|[from] U-turn
|move|p2a: Hatterene|Psychic Noise|p1a: Alomomola
|-damage|p1a: Alomomola|37/100 par
|-start|p1a: Alomomola|move: Heal Block
|
|upkeep
|turn|20
|
|t:|1769383988
|move|p2a: Hatterene|Dazzling Gleam|p1a: Alomomola
|-damage|p1a: Alomomola|11/100 par
|move|p1a: Alomomola|Flip Turn|p2a: Hatterene
|-damage|p2a: Hatterene|7/100
|
|t:|1769383992
|switch|p1a: Tornadus|Tornadus-Therian, M|72/100|[from] Flip Turn
|
|upkeep
|turn|21
|
|t:|1769383995
|move|p1a: Tornadus|U-turn|p2a: Hatterene
|-damage|p2a: Hatterene|0 fnt
|faint|p2a: Hatterene
|
|t:|1769383998
|switch|p1a: Mienshao|Mienshao, M|100/100|[from] U-turn
|
|upkeep
|
|t:|1769384001
|switch|p2a: Kyurem|Kyurem, shiny, tera:Ground|43/100
|-ability|p2a: Kyurem|Pressure
|turn|22
|
|t:|1769384005
|move|p1a: Mienshao|Ice Spinner|p2a: Kyurem
|-supereffective|p2a: Kyurem
|-damage|p2a: Kyurem|0 fnt
|faint|p2a: Kyurem
|
|win|Goblin Demolisher
|raw|Goblin Demolisher's rating: 1495 &rarr; <strong>1519</strong><br />(+24 for winning)
|raw|suaiaj's rating: 1557 &rarr; <strong>1533</strong><br />(-24 for losing)
|l|☆Goblin Demolisher
|player|p1|
