|j|☆TheMoxxofBalhoon
|j|☆1337muffin1337
|t:|1769415055
|gametype|singles
|player|p1|TheMoxxofBalhoon|morty|1096
|player|p2|1337muffin1337|misty|1129
|gen|9
|tier|[Gen 9] OU
|rated|
|rule|HP Percentage Mod: HP is shown in percentages
|rule|Endless Battle Clause: Forcing endless battles is banned
|rule|Species Clause: Limit one of each Pokémon
|rule|OHKO Clause: OHKO moves are banned
|rule|Evasion Items Clause: Evasion items are banned
|rule|Evasion Moves Clause: Evasion moves are banned
|rule|Evasion Abilities Clause: Evasion abilities are banned
|rule|Sleep Moves Clause: Sleep-inducing moves are banned
|clearpoke
|poke|p1|Furret, F|
|poke|p1|Azumarill, F|
|poke|p1|Ursaluna, F|
|poke|p1|Cinccino, M|
|poke|p1|Talonflame, M|
|poke|p1|Zoroark-Hisui, M|
|poke|p2|Volcanion|
|poke|p2|Venusaur, F|
|poke|p2|Blastoise, M|
|poke|p2|Darkrai|
|poke|p2|Iron Treads|
|poke|p2|Conkeldurr, M|
|teampreview
|inactive|Battle timer is ON: inactive players will automatically lose when time's up. (requested by 1337muffin1337)
|
|t:|1769415065
|teamsize|p1|6
|teamsize|p2|6
|start
|switch|p1a: Furret|Furret, F|100/100
|switch|p2a: Volcanion|Volcanion|100/100
|turn|1
|
|t:|1769415076
|move|p1a: Furret|Tidy Up|p1a: Furret
|-boost|p1a: Furret|atk|1
|-boost|p1a: Furret|spe|1
|move|p2a: Volcanion|Flamethrower|p1a: Furret
|-damage|p1a: Furret|10/100
|
|upkeep
|turn|2
|
|t:|1769415085
|-terastallize|p1a: Furret|Normal
|move|p1a: Furret|Last Resort|p2a: Volcanion
|-damage|p2a: Volcanion|0 fnt
|faint|p2a: Volcanion
|
|upkeep
|
|t:|1769415090
|switch|p2a: Conkeldurr|Conkeldurr, M|100/100
|turn|3
|
|t:|1769415094
|move|p2a: Conkeldurr|Mach Punch|p1a: Furret
|-supereffective|p1a: Furret
|-damage|p1a: Furret|0 fnt
|faint|p1a: Furret
|
|upkeep
|
|t:|1769415096
|switch|p1a: Talonflame|Talonflame, M|100/100
|turn|4
|
|t:|1769415103
|switch|p2a: Blastoise|Blastoise, M|100/100
|move|p1a: Talonflame|Brave Bird|p2a: Blastoise
|-damage|p2a: Blastoise|46/100
|-damage|p1a: Talonflame|80/100|[from] Recoil
|
|upkeep
|turn|5
|
|t:|1769415115
|switch|p1a: Azumarill|Azumarill, F|100/100
|-terastallize|p2a: Blastoise|Ice
|move|p2a: Blastoise|Surf|p1a: Azumarill
|-resisted|p1a: Azumarill
|-damage|p1a: Azumarill|81/100
|
|-heal|p1a: Azumarill|88/100|[from] item: Leftovers
|upkeep
|turn|6
|
|t:|1769415127
|move|p2a: Blastoise|Shell Smash|p2a: Blastoise
|-unboost|p2a: Blastoise|def|1
|-unboost|p2a: Blastoise|spd|1
|-boost|p2a: Blastoise|atk|2
|-boost|p2a: Blastoise|spa|2
|-boost|p2a: Blastoise|spe|2
|move|p1a: Azumarill|Belly Drum|p1a: Azumarill
|-damage|p1a: Azumarill|38/100
|-setboost|p1a: Azumarill|atk|6|[from] move: Belly Drum
|
|-heal|p1a: Azumarill|44/100|[from] item: Leftovers
|upkeep
|turn|7
|
|t:|1769415138
|move|p1a: Azumarill|Aqua Jet|p2a: Blastoise
|-damage|p2a: Blastoise|0 fnt
|faint|p2a: Blastoise
|
|-heal|p1a: Azumarill|50/100|[from] item: Leftovers
|upkeep
|
|t:|1769415145
|switch|p2a: Venusaur|Venusaur, F, shiny|100/100
|turn|8
|
|t:|1769415153
|move|p1a: Azumarill|Aqua Jet|p2a: Venusaur
|-resisted|p2a: Venusaur
|-damage|p2a: Venusaur|39/100
|move|p2a: Venusaur|Giga Drain|p1a: Azumarill
|-supereffective|p1a: Azumarill
|-damage|p1a: Azumarill|0 fnt
|-heal|p2a: Venusaur|69/100|[from] drain|[of] p1a: Azumarill
|faint|p1a: Azumarill
|
|-heal|p2a: Venusaur|75/100|[from] item: Leftovers
|upkeep
|
|t:|1769415158
|switch|p1a: Talonflame|Talonflame, M|80/100
|turn|9
|
|t:|1769415172
|move|p1a: Talonflame|Brave Bird|p2a: Venusaur
|-supereffective|p2a: Venusaur
|-damage|p2a: Venusaur|0 fnt
|faint|p2a: Venusaur
|-damage|p1a: Talonflame|52/100|[from] Recoil
|
|upkeep
|
|t:|1769415180
|switch|p2a: Iron Treads|Iron Treads|100/100
|-enditem|p2a: Iron Treads|Booster Energy
|-activate|p2a: Iron Treads|ability: Quark Drive|[fromitem]
|-start|p2a: Iron Treads|quarkdrivespe
|turn|10
|
|t:|1769415188
|move|p2a: Iron Treads|Stone Edge|p1a: Talonflame|[miss]
|-miss|p2a: Iron Treads|p1a: Talonflame
|move|p1a: Talonflame|U-turn|p2a: Iron Treads
|-resisted|p2a: Iron Treads
|-damage|p2a: Iron Treads|92/100
|
|t:|1769415197
|switch|p1a: Ursaluna|Ursaluna, F, shiny|100/100|[from] U-turn
|
|-status|p1a: Ursaluna|brn|[from] item: Flame Orb
|upkeep
|turn|11
|
|t:|1769415216
|-end|p2a: Iron Treads|Quark Drive|[silent]
|switch|p2a: Conkeldurr|Conkeldurr, M|100/100
|move|p1a: Ursaluna|Earthquake|p2a: Conkeldurr
|-damage|p2a: Conkeldurr|24/100
|
|-damage|p1a: Ursaluna|94/100 brn|[from] brn
|upkeep
|turn|12
|
|t:|1769415227
|switch|p1a: Cinccino|Cinccino, M|100/100
|move|p2a: Conkeldurr|Ice Punch|p1a: Cinccino
|-damage|p1a: Cinccino|16/100
|replace|p1a: Zoroark|Zoroark-Hisui, M
|-end|p1a: Zoroark|Illusion
|
|upkeep
|turn|13
|
|t:|1769415241
|move|p1a: Zoroark|Extrasensory|p2a: Conkeldurr
|-supereffective|p2a: Conkeldurr
|-damage|p2a: Conkeldurr|0 fnt
|faint|p2a: Conkeldurr
|
|upkeep
|
|t:|1769415246
|switch|p2a: Darkrai|Darkrai|100/100
|turn|14
|
|t:|1769415249
|move|p2a: Darkrai|Dark Pulse|p1a: Zoroark
|-supereffective|p1a: Zoroark
|-damage|p1a: Zoroark|0 fnt
|faint|p1a: Zoroark
|
|upkeep
|
|t:|1769415254
|switch|p1a: Ursaluna|Ursaluna, F, shiny|94/100 brn
|turn|15
|
|t:|1769415260
|move|p2a: Darkrai|Dark Pulse|p1a: Ursaluna
|-damage|p1a: Ursaluna|60/100 brn
|move|p1a: Ursaluna|Earthquake|p2a: Darkrai
|-enditem|p2a: Darkrai|Focus Sash
|-damage|p2a: Darkrai|1/100
|
|-damage|p1a: Ursaluna|54/100 brn|[from] brn
|upkeep
|turn|16
|
|t:|1769415270
|move|p2a: Darkrai|Dark Pulse|p1a: Ursaluna
|-damage|p1a: Ursaluna|13/100 brn
|move|p1a: Ursaluna|Trailblaze|p2a: Darkrai
|-damage|p2a: Darkrai|0 fnt
|-boost|p1a: Ursaluna|spe|1
|faint|p2a: Darkrai
|
|-damage|p1a: Ursaluna|7/100 brn|[from] brn
|upkeep
|
|t:|1769415279
|switch|p2a: Iron Treads|Iron Treads|92/100
|turn|17
|
|t:|1769415283
|move|p2a: Iron Treads|Rapid Spin|p1a: Ursaluna
|-damage|p1a: Ursaluna|0 fnt
|-boost|p2a: Iron Treads|spe|1
|faint|p1a: Ursaluna
|
|upkeep
|
|t:|1769415287
|switch|p1a: Talonflame|Talonflame, M|52/100
|turn|18
|
|t:|1769415291
|move|p2a: Iron Treads|Supercell Slam|p1a: Talonflame
|-supereffective|p1a: Talonflame
|-damage|p1a: Talonflame|0 fnt
|faint|p1a: Talonflame
|
|upkeep
|
|t:|1769415293
|switch|p1a: Cinccino|Cinccino, M|100/100
|turn|19
|
|t:|1769415300
|move|p2a: Iron Treads|Earthquake|p1a: Cinccino
|-crit|p1a: Cinccino
|-damage|p1a: Cinccino|0 fnt
|faint|p1a: Cinccino
|
|win|1337muffin1337
|raw|TheMoxxofBalhoon's rating: 1125 &rarr; <strong>1100</strong><br />(-25 for losing)
|raw|1337muffin1337's rating: 1129 &rarr; <strong>1154</strong><br />(+25 for winning)
|l|☆TheMoxxofBalhoon
|player|p1|
|c|☆1337muffin1337|gg
|l|☆1337muffin1337
|player|p2|
