|j|☆Phillip Blevin
|j|☆StarLi
|t:|1769408907
|gametype|singles
|player|p1|Phillip Blevin|265|1447
|player|p2|StarLi|iono|1405
|gen|9
|tier|[Gen 9] OU
|rated|
|rule|HP Percentage Mod: HP is shown in percentages
|rule|Endless Battle Clause: Forcing endless battles is banned
|rule|Species Clause: Limit one of each Pokémon
|rule|OHKO Clause: OHKO moves are banned
|rule|Evasion Items Clause: Evasion items are banned
|rule|Evasion Moves Clause: Evasion moves are banned
|rule|Evasion Abilities Clause: Evasion abilities are banned
|rule|Sleep Moves Clause: Sleep-inducing moves are banned
|clearpoke
|poke|p1|Iron Hands|
|poke|p1|Mandibuzz, F|
|poke|p1|Garganacl, F|
|poke|p1|Rillaboom, F|
|poke|p1|Alomomola, M|
|poke|p1|Tornadus-Therian, M|
|poke|p2|Darkrai|
|poke|p2|Garganacl, M|
|poke|p2|Enamorus, F|
|poke|p2|Kingambit, M|
|poke|p2|Samurott-Hisui, M|
|poke|p2|Pecharunt|
|teampreview
|inactive|Battle timer is ON: inactive players will automatically lose when time's up. (requested by Phillip Blevin)
|
|t:|1769408912
|teamsize|p1|6
|teamsize|p2|6
|start
|switch|p1a: Tornadus|Tornadus-Therian, M|100/100
|switch|p2a: Samurott|Samurott-Hisui, M|100/100
|turn|1
|
|t:|1769408917
|move|p1a: Tornadus|U-turn|p2a: Samurott
|-supereffective|p2a: Samurott
|-damage|p2a: Samurott|60/100
|
|t:|1769408919
|switch|p1a: Iron Hands|Iron Hands|100/100|[from] U-turn
|move|p2a: Samurott|Ceaseless Edge|p1a: Iron Hands
|-resisted|p1a: Iron Hands
|-damage|p1a: Iron Hands|85/100
|-sidestart|p1: Phillip Blevin|Spikes
|
|upkeep
|turn|2
|
|t:|1769408926
|move|p2a: Samurott|Knock Off|p1a: Iron Hands
|-resisted|p1a: Iron Hands
|-damage|p1a: Iron Hands|69/100
|-enditem|p1a: Iron Hands|Assault Vest|[from] move: Knock Off|[of] p2a: Samurott
|move|p1a: Iron Hands|Earthquake|p2a: Samurott
|-damage|p2a: Samurott|9/100
|
|upkeep
|turn|3
|
|t:|1769408932
|move|p2a: Samurott|Ceaseless Edge|p1a: Iron Hands
|-resisted|p1a: Iron Hands
|-damage|p1a: Iron Hands|54/100
|-sidestart|p1: Phillip Blevin|Spikes
|move|p1a: Iron Hands|Earthquake|p2a: Samurott
|-damage|p2a: Samurott|0 fnt
|faint|p2a: Samurott
|
|upkeep
|
|t:|1769408940
|switch|p2a: Enamorus|Enamorus, F|100/100
|turn|4
|
|t:|1769408945
|-end|p1a: Iron Hands|Quark Drive|[silent]
|switch|p1a: Alomomola|Alomomola, M|100/100
|move|p2a: Enamorus|Moonblast|p1a: Alomomola
|-damage|p1a: Alomomola|36/100
|-unboost|p1a: Alomomola|spa|1
|
|upkeep
|turn|5
|
|t:|1769408949
|move|p1a: Alomomola|Protect|p1a: Alomomola
|-singleturn|p1a: Alomomola|Protect
|move|p2a: Enamorus|Moonblast|p1a: Alomomola
|-activate|p1a: Alomomola|move: Protect
|
|upkeep
|turn|6
|
|t:|1769408958
|switch|p1a: Garganacl|Garganacl, F|100/100
|-damage|p1a: Garganacl|84/100|[from] Spikes
|move|p2a: Enamorus|Moonblast|p1a: Garganacl
|-damage|p1a: Garganacl|48/100
|
|-heal|p1a: Garganacl|54/100|[from] item: Leftovers
|upkeep
|turn|7
|
|t:|1769408974
|switch|p2a: Garganacl|Garganacl, M|100/100
|move|p1a: Garganacl|Recover|p1a: Garganacl
|-heal|p1a: Garganacl|100/100
|
|upkeep
|turn|8
|
|t:|1769408980
|move|p1a: Garganacl|Stealth Rock|p2a: Garganacl
|-sidestart|p2: StarLi|move: Stealth Rock
|move|p2a: Garganacl|Salt Cure|p1a: Garganacl
|-damage|p1a: Garganacl|91/100
|-start|p1a: Garganacl|Salt Cure
|
|-heal|p1a: Garganacl|97/100|[from] item: Leftovers
|-damage|p1a: Garganacl|85/100|[from] Salt Cure
|upkeep
|turn|9
|
|t:|1769408990
|switch|p1a: Alomomola|Alomomola, M|69/100
|move|p2a: Garganacl|Iron Defense|p2a: Garganacl
|-boost|p2a: Garganacl|def|2
|
|upkeep
|turn|10
|
|t:|1769408995
|move|p1a: Alomomola|Wish|p1a: Alomomola
|move|p2a: Garganacl|Salt Cure|p1a: Alomomola
|-damage|p1a: Alomomola|61/100
|-start|p1a: Alomomola|Salt Cure
|
|-damage|p1a: Alomomola|36/100|[from] Salt Cure
|upkeep
|turn|11
|
|t:|1769408998
|move|p1a: Alomomola|Flip Turn|p2a: Garganacl
|-supereffective|p2a: Garganacl
|-damage|p2a: Garganacl|88/100
|
|t:|1769409001
|switch|p1a: Iron Hands|Iron Hands|54/100|[from] Flip Turn
|-damage|p1a: Iron Hands|37/100|[from] Spikes
|move|p2a: Garganacl|Salt Cure|p1a: Iron Hands
|-resisted|p1a: Iron Hands
|-damage|p1a: Iron Hands|32/100
|-start|p1a: Iron Hands|Salt Cure
|
|-heal|p1a: Iron Hands|92/100|[from] move: Wish|[wisher] Alomomola
|-heal|p2a: Garganacl|94/100|[from] item: Leftovers
|-damage|p1a: Iron Hands|79/100|[from] Salt Cure
|upkeep
|turn|12
|
|t:|1769409009
|move|p1a: Iron Hands|Drain Punch|p2a: Garganacl
|-supereffective|p2a: Garganacl
|-damage|p2a: Garganacl|61/100
|-heal|p1a: Iron Hands|94/100|[from] drain|[of] p2a: Garganacl
|move|p2a: Garganacl|Iron Defense|p2a: Garganacl
|-boost|p2a: Garganacl|def|2
|
|-heal|p2a: Garganacl|67/100|[from] item: Leftovers
|-damage|p1a: Iron Hands|82/100|[from] Salt Cure
|upkeep
|turn|13
|
|t:|1769409015
|move|p1a: Iron Hands|Drain Punch|p2a: Garganacl
|-supereffective|p2a: Garganacl
|-damage|p2a: Garganacl|47/100
|-heal|p1a: Iron Hands|91/100|[from] drain|[of] p2a: Garganacl
|move|p2a: Garganacl|Iron Defense|p2a: Garganacl
|-boost|p2a: Garganacl|def|2
|
|-heal|p2a: Garganacl|53/100|[from] item: Leftovers
|-damage|p1a: Iron Hands|79/100|[from] Salt Cure
|upkeep
|turn|14
|
|t:|1769409018
|move|p1a: Iron Hands|Drain Punch|p2a: Garganacl
|-supereffective|p2a: Garganacl
|-damage|p2a: Garganacl|37/100
|-heal|p1a: Iron Hands|86/100|[from] drain|[of] p2a: Garganacl
|move|p2a: Garganacl|Recover|p2a: Garganacl
|-heal|p2a: Garganacl|87/100
|
|-heal|p2a: Garganacl|94/100|[from] item: Leftovers
|-damage|p1a: Iron Hands|73/100|[from] Salt Cure
|upkeep
|turn|15
|
|t:|1769409021
|move|p1a: Iron Hands|Drain Punch|p2a: Garganacl
|-supereffective|p2a: Garganacl
|-damage|p2a: Garganacl|77/100
|-heal|p1a: Iron Hands|81/100|[from] drain|[of] p2a: Garganacl
|move|p2a: Garganacl|Body Press|p1a: Iron Hands
|-damage|p1a: Iron Hands|15/100
|
|-heal|p2a: Garganacl|83/100|[from] item: Leftovers
|-damage|p1a: Iron Hands|3/100|[from] Salt Cure
|upkeep
|turn|16
|
|t:|1769409026
|move|p1a: Iron Hands|Drain Punch|p2a: Garganacl
|-supereffective|p2a: Garganacl
|-damage|p2a: Garganacl|67/100
|-heal|p1a: Iron Hands|10/100|[from] drain|[of] p2a: Garganacl
|move|p2a: Garganacl|Salt Cure|p1a: Iron Hands
|-resisted|p1a: Iron Hands
|-damage|p1a: Iron Hands|5/100
|
|-heal|p2a: Garganacl|73/100|[from] item: Leftovers
|-damage|p1a: Iron Hands|0 fnt|[from] Salt Cure
|faint|p1a: Iron Hands
|-end|p1a: Iron Hands|Quark Drive|[silent]
|upkeep
|
|t:|1769409032
|switch|p1a: Alomomola|Alomomola, M|70/100
|turn|17
|
|t:|1769409034
|-terastallize|p1a: Alomomola|Ghost
|move|p1a: Alomomola|Scald|p2a: Garganacl
|-supereffective|p2a: Garganacl
|-damage|p2a: Garganacl|55/100
|move|p2a: Garganacl|Salt Cure|p1a: Alomomola
|-damage|p1a: Alomomola|63/100
|-start|p1a: Alomomola|Salt Cure
|
|-heal|p2a: Garganacl|61/100|[from] item: Leftovers
|-damage|p1a: Alomomola|50/100|[from] Salt Cure
|upkeep
|turn|18
|
|t:|1769409039
|move|p1a: Alomomola|Wish|p1a: Alomomola
|move|p2a: Garganacl|Recover|p2a: Garganacl
|-heal|p2a: Garganacl|100/100
|
|-damage|p1a: Alomomola|38/100|[from] Salt Cure
|upkeep
|turn|19
|
|t:|1769409041
|move|p1a: Alomomola|Protect|p1a: Alomomola
|-singleturn|p1a: Alomomola|Protect
|move|p2a: Garganacl|Salt Cure|p1a: Alomomola
|-activate|p1a: Alomomola|move: Protect
|
|-heal|p1a: Alomomola|88/100|[from] move: Wish|[wisher] Alomomola
|-damage|p1a: Alomomola|76/100|[from] Salt Cure
|upkeep
|turn|20
|
|t:|1769409043
|move|p1a: Alomomola|Wish|p1a: Alomomola
|move|p2a: Garganacl|Salt Cure|p1a: Alomomola
|-damage|p1a: Alomomola|68/100
|
|-damage|p1a: Alomomola|56/100|[from] Salt Cure
|upkeep
|turn|21
|
|t:|1769409046
|move|p1a: Alomomola|Scald|p2a: Garganacl
|-supereffective|p2a: Garganacl
|-damage|p2a: Garganacl|81/100
|move|p2a: Garganacl|Salt Cure|p1a: Alomomola
|-damage|p1a: Alomomola|48/100
|
|-heal|p1a: Alomomola|98/100|[from] move: Wish|[wisher] Alomomola
|-heal|p2a: Garganacl|87/100|[from] item: Leftovers
|-damage|p1a: Alomomola|86/100|[from] Salt Cure
|upkeep
|turn|22
|
|t:|1769409050
|move|p1a: Alomomola|Scald|p2a: Garganacl
|-supereffective|p2a: Garganacl
|-damage|p2a: Garganacl|71/100
|move|p2a: Garganacl|Iron Defense|p2a: Garganacl
|-boost|p2a: Garganacl|def|0
|
|-heal|p2a: Garganacl|77/100|[from] item: Leftovers
|-damage|p1a: Alomomola|74/100|[from] Salt Cure
|upkeep
|turn|23
|
|t:|1769409052
|move|p1a: Alomomola|Wish|p1a: Alomomola
|move|p2a: Garganacl|Iron Defense|p2a: Garganacl
|-boost|p2a: Garganacl|def|0
|
|-heal|p2a: Garganacl|83/100|[from] item: Leftovers
|-damage|p1a: Alomomola|61/100|[from] Salt Cure
|upkeep
|turn|24
|
|t:|1769409054
|move|p1a: Alomomola|Scald|p2a: Garganacl
|-supereffective|p2a: Garganacl
|-damage|p2a: Garganacl|65/100
|move|p2a: Garganacl|Iron Defense|p2a: Garganacl
|-boost|p2a: Garganacl|def|0
|
|-heal|p1a: Alomomola|100/100|[from] move: Wish|[wisher] Alomomola
|-heal|p2a: Garganacl|71/100|[from] item: Leftovers
|-damage|p1a: Alomomola|88/100|[from] Salt Cure
|upkeep
|turn|25
|
|t:|1769409056
|move|p1a: Alomomola|Wish|p1a: Alomomola
|move|p2a: Garganacl|Iron Defense|p2a: Garganacl
|-boost|p2a: Garganacl|def|0
|
|-heal|p2a: Garganacl|77/100|[from] item: Leftovers
|-damage|p1a: Alomomola|76/100|[from] Salt Cure
|upkeep
|turn|26
|
|t:|1769409058
|move|p1a: Alomomola|Scald|p2a: Garganacl
|-supereffective|p2a: Garganacl
|-damage|p2a: Garganacl|59/100
|move|p2a: Garganacl|Iron Defense|p2a: Garganacl
|-boost|p2a: Garganacl|def|0
|
|-heal|p1a: Alomomola|100/100|[from] move: Wish|[wisher] Alomomola
|-heal|p2a: Garganacl|65/100|[from] item: Leftovers
|-damage|p1a: Alomomola|88/100|[from] Salt Cure
|upkeep
|turn|27
|
|t:|1769409060
|move|p1a: Alomomola|Scald|p2a: Garganacl
|-supereffective|p2a: Garganacl
|-damage|p2a: Garganacl|47/100
|move|p2a: Garganacl|Iron Defense|p2a: Garganacl
|-boost|p2a: Garganacl|def|0
|
|-heal|p2a: Garganacl|53/100|[from] item: Leftovers
|-damage|p1a: Alomomola|76/100|[from] Salt Cure
|upkeep
|turn|28
|
|t:|1769409062
|move|p1a: Alomomola|Scald|p2a: Garganacl
|-supereffective|p2a: Garganacl
|-damage|p2a: Garganacl|34/100
|move|p2a: Garganacl|Recover|p2a: Garganacl
|-heal|p2a: Garganacl|84/100
|
|-heal|p2a: Garganacl|90/100|[from] item: Leftovers
|-damage|p1a: Alomomola|63/100|[from] Salt Cure
|upkeep
|turn|29
|
|t:|1769409064
|move|p1a: Alomomola|Wish|p1a: Alomomola
|move|p2a: Garganacl|Iron Defense|p2a: Garganacl
|-boost|p2a: Garganacl|def|0
|
|-heal|p2a: Garganacl|96/100|[from] item: Leftovers
|-damage|p1a: Alomomola|51/100|[from] Salt Cure
|upkeep
|turn|30
|
|t:|1769409066
|move|p1a: Alomomola|Scald|p2a: Garganacl
|-supereffective|p2a: Garganacl
|-damage|p2a: Garganacl|76/100
|move|p2a: Garganacl|Iron Defense|p2a: Garganacl
|-boost|p2a: Garganacl|def|0
|
|-heal|p1a: Alomomola|100/100|[from] move: Wish|[wisher] Alomomola
|-heal|p2a: Garganacl|83/100|[from] item: Leftovers
|-damage|p1a: Alomomola|88/100|[from] Salt Cure
|upkeep
|turn|31
|
|t:|1769409067
|move|p1a: Alomomola|Scald|p2a: Garganacl
|-supereffective|p2a: Garganacl
|-damage|p2a: Garganacl|64/100
|move|p2a: Garganacl|Iron Defense|p2a: Garganacl
|-boost|p2a: Garganacl|def|0
|
|-heal|p2a: Garganacl|71/100|[from] item: Leftovers
|-damage|p1a: Alomomola|76/100|[from] Salt Cure
|upkeep
|turn|32
|
|t:|1769409070
|move|p1a: Alomomola|Scald|p2a: Garganacl
|-supereffective|p2a: Garganacl
|-damage|p2a: Garganacl|53/100
|move|p2a: Garganacl|Iron Defense|p2a: Garganacl
|-boost|p2a: Garganacl|def|0
|
|-heal|p2a: Garganacl|59/100|[from] item: Leftovers
|-damage|p1a: Alomomola|63/100|[from] Salt Cure
|upkeep
|turn|33
|
|t:|1769409072
|move|p1a: Alomomola|Wish|p1a: Alomomola
|move|p2a: Garganacl|Salt Cure|p1a: Alomomola
|-damage|p1a: Alomomola|56/100
|
|-heal|p2a: Garganacl|65/100|[from] item: Leftovers
|-damage|p1a: Alomomola|44/100|[from] Salt Cure
|upkeep
|turn|34
|
|t:|1769409074
|move|p1a: Alomomola|Scald|p2a: Garganacl
|-supereffective|p2a: Garganacl
|-damage|p2a: Garganacl|47/100
|move|p2a: Garganacl|Iron Defense|p2a: Garganacl
|-boost|p2a: Garganacl|def|0
|
|-heal|p1a: Alomomola|94/100|[from] move: Wish|[wisher] Alomomola
|-heal|p2a: Garganacl|53/100|[from] item: Leftovers
|-damage|p1a: Alomomola|81/100|[from] Salt Cure
|upkeep
|turn|35
|
|t:|1769409075
|move|p1a: Alomomola|Scald|p2a: Garganacl
|-supereffective|p2a: Garganacl
|-damage|p2a: Garganacl|37/100
|move|p2a: Garganacl|Salt Cure|p1a: Alomomola
|-damage|p1a: Alomomola|74/100
|
|-heal|p2a: Garganacl|43/100|[from] item: Leftovers
|-damage|p1a: Alomomola|61/100|[from] Salt Cure
|upkeep
|turn|36
|
|t:|1769409079
|move|p1a: Alomomola|Wish|p1a: Alomomola
|move|p2a: Garganacl|Salt Cure|p1a: Alomomola
|-damage|p1a: Alomomola|54/100
|
|-heal|p2a: Garganacl|49/100|[from] item: Leftovers
|-damage|p1a: Alomomola|42/100|[from] Salt Cure
|upkeep
|turn|37
|
|t:|1769409083
|move|p1a: Alomomola|Scald|p2a: Garganacl
|-supereffective|p2a: Garganacl
|-crit|p2a: Garganacl
|-damage|p2a: Garganacl|20/100
|move|p2a: Garganacl|Iron Defense|p2a: Garganacl
|-boost|p2a: Garganacl|def|0
|
|-heal|p1a: Alomomola|92/100|[from] move: Wish|[wisher] Alomomola
|-heal|p2a: Garganacl|26/100|[from] item: Leftovers
|-damage|p1a: Alomomola|79/100|[from] Salt Cure
|upkeep
|turn|38
|
|t:|1769409085
|move|p1a: Alomomola|Scald|p2a: Garganacl
|-supereffective|p2a: Garganacl
|-damage|p2a: Garganacl|9/100
|move|p2a: Garganacl|Recover|p2a: Garganacl
|-heal|p2a: Garganacl|59/100
|
|-heal|p2a: Garganacl|65/100|[from] item: Leftovers
|-damage|p1a: Alomomola|67/100|[from] Salt Cure
|upkeep
|turn|39
|
|t:|1769409094
|-terastallize|p2a: Garganacl|Water
|move|p1a: Alomomola|Scald|p2a: Garganacl
|-resisted|p2a: Garganacl
|-damage|p2a: Garganacl|60/100
|move|p2a: Garganacl|Iron Defense|p2a: Garganacl
|-boost|p2a: Garganacl|def|0
|
|-heal|p2a: Garganacl|67/100|[from] item: Leftovers
|-damage|p1a: Alomomola|54/100|[from] Salt Cure
|upkeep
|turn|40
|
|t:|1769409095
|move|p1a: Alomomola|Wish|p1a: Alomomola
|move|p2a: Garganacl|Salt Cure|p1a: Alomomola
|-damage|p1a: Alomomola|47/100
|
|-heal|p2a: Garganacl|73/100|[from] item: Leftovers
|-damage|p1a: Alomomola|35/100|[from] Salt Cure
|upkeep
|turn|41
|
|t:|1769409098
|move|p1a: Alomomola|Scald|p2a: Garganacl
|-resisted|p2a: Garganacl
|-damage|p2a: Garganacl|69/100
|move|p2a: Garganacl|Salt Cure|p1a: Alomomola
|-damage|p1a: Alomomola|28/100
|
|-heal|p1a: Alomomola|78/100|[from] move: Wish|[wisher] Alomomola
|-heal|p2a: Garganacl|75/100|[from] item: Leftovers
|-damage|p1a: Alomomola|66/100|[from] Salt Cure
|upkeep
|turn|42
|
|t:|1769409103
|move|p1a: Alomomola|Scald|p2a: Garganacl
|-resisted|p2a: Garganacl
|-damage|p2a: Garganacl|70/100
|move|p2a: Garganacl|Iron Defense|p2a: Garganacl
|-boost|p2a: Garganacl|def|0
|
|-heal|p2a: Garganacl|76/100|[from] item: Leftovers
|-damage|p1a: Alomomola|53/100|[from] Salt Cure
|upkeep
|turn|43
|
|t:|1769409105
|move|p1a: Alomomola|Wish|p1a: Alomomola
|move|p2a: Garganacl|Iron Defense|p2a: Garganacl
|-boost|p2a: Garganacl|def|0
|
|-heal|p2a: Garganacl|83/100|[from] item: Leftovers
|-damage|p1a: Alomomola|41/100|[from] Salt Cure
|upkeep
|turn|44
|
|t:|1769409106
|move|p1a: Alomomola|Protect|p1a: Alomomola
|-singleturn|p1a: Alomomola|Protect
|move|p2a: Garganacl|Iron Defense|p2a: Garganacl
|-boost|p2a: Garganacl|def|0
|
|-heal|p1a: Alomomola|91/100|[from] move: Wish|[wisher] Alomomola
|-heal|p2a: Garganacl|89/100|[from] item: Leftovers
|-damage|p1a: Alomomola|79/100|[from] Salt Cure
|upkeep
|turn|45
|
|t:|1769409112
|move|p1a: Alomomola|Scald|p2a: Garganacl
|-resisted|p2a: Garganacl
|-crit|p2a: Garganacl
|-damage|p2a: Garganacl|82/100
|move|p2a: Garganacl|Salt Cure|p1a: Alomomola
|-damage|p1a: Alomomola|72/100
|
|-heal|p2a: Garganacl|88/100|[from] item: Leftovers
|-damage|p1a: Alomomola|59/100|[from] Salt Cure
|upkeep
|turn|46
|
|t:|1769409115
|move|p1a: Alomomola|Wish|p1a: Alomomola
|move|p2a: Garganacl|Iron Defense|p2a: Garganacl
|-boost|p2a: Garganacl|def|0
|
|-heal|p2a: Garganacl|95/100|[from] item: Leftovers
|-damage|p1a: Alomomola|47/100|[from] Salt Cure
|upkeep
|turn|47
|
|t:|1769409117
|move|p1a: Alomomola|Scald|p2a: Garganacl
|-resisted|p2a: Garganacl
|-damage|p2a: Garganacl|90/100
|move|p2a: Garganacl|Iron Defense|p2a: Garganacl
|-boost|p2a: Garganacl|def|0
|
|-heal|p1a: Alomomola|97/100|[from] move: Wish|[wisher] Alomomola
|-heal|p2a: Garganacl|96/100|[from] item: Leftovers
|-damage|p1a: Alomomola|85/100|[from] Salt Cure
|upkeep
|turn|48
|
|t:|1769409124
|move|p1a: Alomomola|Flip Turn|p2a: Garganacl
|-resisted|p2a: Garganacl
|-damage|p2a: Garganacl|95/100
|
|t:|1769409125
|switch|p1a: Tornadus|Tornadus-Therian, M|100/100|[from] Flip Turn
|move|p2a: Garganacl|Iron Defense|p2a: Garganacl
|-boost|p2a: Garganacl|def|0
|
|-heal|p2a: Garganacl|100/100|[from] item: Leftovers
|upkeep
|turn|49
|
|t:|1769409129
|move|p1a: Tornadus|Knock Off|p2a: Garganacl
|-damage|p2a: Garganacl|97/100
|-enditem|p2a: Garganacl|Leftovers|[from] move: Knock Off|[of] p1a: Tornadus
|move|p2a: Garganacl|Salt Cure|p1a: Tornadus
|-supereffective|p1a: Tornadus
|-damage|p1a: Tornadus|67/100
|-start|p1a: Tornadus|Salt Cure
|
|-damage|p1a: Tornadus|54/100|[from] Salt Cure
|upkeep
|turn|50
|
|t:|1769409133
|move|p1a: Tornadus|U-turn|p2a: Garganacl
|-damage|p2a: Garganacl|95/100
|
|t:|1769409136
|switch|p1a: Alomomola|Alomomola, M, tera:Ghost|100/100|[from] U-turn
|move|p2a: Garganacl|Body Press|p1a: Alomomola
|-immune|p1a: Alomomola
|
|upkeep
|turn|51
|
|t:|1769409140
|move|p1a: Alomomola|Flip Turn|p2a: Garganacl
|-resisted|p2a: Garganacl
|-damage|p2a: Garganacl|93/100
|
|t:|1769409141
|switch|p1a: Tornadus|Tornadus-Therian, M|88/100|[from] Flip Turn
|move|p2a: Garganacl|Salt Cure|p1a: Tornadus
|-supereffective|p1a: Tornadus
|-damage|p1a: Tornadus|55/100
|-start|p1a: Tornadus|Salt Cure
|
|-damage|p1a: Tornadus|43/100|[from] Salt Cure
|upkeep
|turn|52
|
|t:|1769409145
|move|p1a: Tornadus|U-turn|p2a: Garganacl
|-damage|p2a: Garganacl|91/100
|
|t:|1769409147
|switch|p1a: Alomomola|Alomomola, M, tera:Ghost|100/100|[from] U-turn
|move|p2a: Garganacl|Salt Cure|p1a: Alomomola
|-damage|p1a: Alomomola|93/100
|-start|p1a: Alomomola|Salt Cure
|
|-damage|p1a: Alomomola|80/100|[from] Salt Cure
|upkeep
|turn|53
|
|t:|1769409160
|move|p1a: Alomomola|Scald|p2a: Garganacl
|-resisted|p2a: Garganacl
|-damage|p2a: Garganacl|86/100
|move|p2a: Garganacl|Iron Defense|p2a: Garganacl
|-boost|p2a: Garganacl|def|0
|
|-damage|p1a: Alomomola|68/100|[from] Salt Cure
|upkeep
|turn|54
|
|t:|1769409167
|move|p1a: Alomomola|Protect|p1a: Alomomola
|-singleturn|p1a: Alomomola|Protect
|move|p2a: Garganacl|Body Press|p1a: Alomomola
|-activate|p1a: Alomomola|move: Protect
|
|-damage|p1a: Alomomola|56/100|[from] Salt Cure
|upkeep
|turn|55
|
|t:|1769409171
|move|p1a: Alomomola|Wish|p1a: Alomomola
|move|p2a: Garganacl|Iron Defense|p2a: Garganacl
|-boost|p2a: Garganacl|def|0
|
|-damage|p1a: Alomomola|43/100|[from] Salt Cure
|upkeep
|turn|56
|
|t:|1769409175
|move|p1a: Alomomola|Protect|p1a: Alomomola
|-singleturn|p1a: Alomomola|Protect
|move|p2a: Garganacl|Salt Cure|p1a: Alomomola
|-activate|p1a: Alomomola|move: Protect
|
|-heal|p1a: Alomomola|93/100|[from] move: Wish|[wisher] Alomomola
|-damage|p1a: Alomomola|81/100|[from] Salt Cure
|upkeep
|turn|57
|
|t:|1769409179
|move|p1a: Alomomola|Wish|p1a: Alomomola
|move|p2a: Garganacl|Body Press|p1a: Alomomola
|-immune|p1a: Alomomola
|
|-damage|p1a: Alomomola|68/100|[from] Salt Cure
|upkeep
|turn|58
|
|t:|1769409182
|move|p1a: Alomomola|Flip Turn|p2a: Garganacl
|-resisted|p2a: Garganacl
|-damage|p2a: Garganacl|85/100
|
|t:|1769409183
|switch|p1a: Mandibuzz|Mandibuzz, F|100/100|[from] Flip Turn
|move|p2a: Garganacl|Body Press|p1a: Mandibuzz
|-damage|p1a: Mandibuzz|47/100
|
|-heal|p1a: Mandibuzz|100/100|[from] move: Wish|[wisher] Alomomola
|upkeep
|turn|59
|
|t:|1769409190
|move|p1a: Mandibuzz|U-turn|p2a: Garganacl
|-damage|p2a: Garganacl|83/100
|
|t:|1769409195
|switch|p1a: Garganacl|Garganacl, F|85/100|[from] U-turn
|-damage|p1a: Garganacl|68/100|[from] Spikes
|move|p2a: Garganacl|Salt Cure|p1a: Garganacl
|-damage|p1a: Garganacl|58/100
|-start|p1a: Garganacl|Salt Cure
|
|-heal|p1a: Garganacl|65/100|[from] item: Leftovers
|-damage|p1a: Garganacl|52/100|[from] Salt Cure
|upkeep
|turn|60
|
|t:|1769409199
|move|p1a: Garganacl|Salt Cure|p2a: Garganacl
|-damage|p2a: Garganacl|81/100
|-start|p2a: Garganacl|Salt Cure
|move|p2a: Garganacl|Body Press|p1a: Garganacl
|-supereffective|p1a: Garganacl
|-damage|p1a: Garganacl|0 fnt
|faint|p1a: Garganacl
|
|-damage|p2a: Garganacl|56/100|[from] Salt Cure
|upkeep
|
|t:|1769409201
|switch|p1a: Alomomola|Alomomola, M, tera:Ghost|100/100
|turn|61
|
|t:|1769409212
|switch|p2a: Enamorus|Enamorus, F|100/100
|-damage|p2a: Enamorus|76/100|[from] Stealth Rock
|move|p1a: Alomomola|Flip Turn|p2a: Enamorus
|-damage|p2a: Enamorus|48/100
|
|t:|1769409217
|switch|p1a: Tornadus|Tornadus-Therian, M|76/100|[from] Flip Turn
|
|upkeep
|turn|62
|
|t:|1769409221
|move|p2a: Enamorus|Moonblast|p1a: Tornadus
|-damage|p1a: Tornadus|20/100
|move|p1a: Tornadus|Knock Off|p2a: Enamorus
|-resisted|p2a: Enamorus
|-damage|p2a: Enamorus|33/100
|-enditem|p2a: Enamorus|Choice Scarf|[from] move: Knock Off|[of] p1a: Tornadus
|
|upkeep
|turn|63
|
|t:|1769409232
|move|p1a: Tornadus|U-turn|p2a: Enamorus
|-resisted|p2a: Enamorus
|-damage|p2a: Enamorus|27/100
|
|t:|1769409234
|switch|p1a: Alomomola|Alomomola, M, tera:Ghost|100/100|[from] U-turn
|move|p2a: Enamorus|Healing Wish|p2a: Enamorus
|faint|p2a: Enamorus
|
|upkeep
|
|t:|1769409241
|switch|p2a: Darkrai|Darkrai|100/100
|-damage|p2a: Darkrai|88/100|[from] Stealth Rock
|turn|64
|
|t:|1769409251
|move|p1a: Alomomola|Protect|p1a: Alomomola
|-singleturn|p1a: Alomomola|Protect
|move|p2a: Darkrai|Nasty Plot|p2a: Darkrai
|-boost|p2a: Darkrai|spa|2
|
|-heal|p2a: Darkrai|94/100|[from] item: Leftovers
|upkeep
|turn|65
|-message|Phillip Blevin forfeited.
|
|win|StarLi
|raw|Phillip Blevin's rating: 1447 &rarr; <strong>1425</strong><br />(-22 for losing)
|raw|StarLi's rating: 1405 &rarr; <strong>1427</strong><br />(+22 for winning)
|l|☆Phillip Blevin
|player|p1|
