|j|☆broutux
|j|☆Purpleaxolotl48
|t:|1769360232
|gametype|singles
|player|p1|broutux|blaine|1257
|player|p2|Purpleaxolotl48|workerice|1249
|gen|9
|tier|[Gen 9] OU
|rated|
|rule|HP Percentage Mod: HP is shown in percentages
|rule|Endless Battle Clause: Forcing endless battles is banned
|rule|Species Clause: Limit one of each Pokémon
|rule|OHKO Clause: OHKO moves are banned
|rule|Evasion Items Clause: Evasion items are banned
|rule|Evasion Moves Clause: Evasion moves are banned
|rule|Evasion Abilities Clause: Evasion abilities are banned
|rule|Sleep Moves Clause: Sleep-inducing moves are banned
|clearpoke
|poke|p1|Snorlax, F|
|poke|p1|Comfey, M|
|poke|p1|Great Tusk|
|poke|p1|Zarude-Dada|
|poke|p1|Goodra-Hisui, F|
|poke|p1|Dragapult, F|
|poke|p2|Komala, M|
|poke|p2|Swampert, M|
|poke|p2|Whimsicott, F|
|poke|p2|Frosmoth, F|
|poke|p2|Garganacl, F|
|poke|p2|Skeledirge, M|
|teampreview
|inactive|Battle timer is ON: inactive players will automatically lose when time's up. (requested by broutux)
|
|t:|1769360260
|teamsize|p1|6
|teamsize|p2|6
|start
|switch|p1a: Broubrouti|Snorlax, F, shiny|100/100
|switch|p2a: Tumble|Whimsicott, F|100/100
|turn|1
|
|t:|1769360267
|move|p2a: Tumble|Substitute|p2a: Tumble
|-start|p2a: Tumble|Substitute
|-damage|p2a: Tumble|76/100
|move|p1a: Broubrouti|Heat Crash|p2a: Tumble
|-supereffective|p2a: Tumble
|-end|p2a: Tumble|Substitute
|
|-heal|p2a: Tumble|82/100|[from] item: Leftovers
|upkeep
|turn|2
|
|t:|1769360281
|switch|p2a: Skeledirge|Skeledirge, M|100/100
|move|p1a: Broubrouti|Earthquake|p2a: Skeledirge
|-supereffective|p2a: Skeledirge
|-damage|p2a: Skeledirge|63/100
|
|upkeep
|turn|3
|
|t:|1769360292
|switch|p1a: Rine|Dragapult, F|100/100
|move|p2a: Skeledirge|Will-O-Wisp|p1a: Rine|[miss]
|-miss|p2a: Skeledirge|p1a: Rine
|
|upkeep
|turn|4
|
|t:|1769360300
|switch|p2a: Garganacl|Garganacl, F|100/100
|move|p1a: Rine|Shadow Ball|p2a: Garganacl
|-damage|p2a: Garganacl|85/100
|
|upkeep
|turn|5
|
|t:|1769360314
|switch|p1a: LePapa|Zarude-Dada|100/100
|move|p2a: Garganacl|Salt Cure|p1a: LePapa
|-damage|p1a: LePapa|88/100
|-start|p1a: LePapa|Salt Cure
|
|-heal|p1a: LePapa|94/100|[from] item: Leftovers
|-damage|p1a: LePapa|82/100|[from] Salt Cure
|upkeep
|turn|6
|
|t:|1769360320
|switch|p2a: Tumble|Whimsicott, F|82/100
|move|p1a: LePapa|Swords Dance|p1a: LePapa
|-boost|p1a: LePapa|atk|2
|
|-heal|p1a: LePapa|88/100|[from] item: Leftovers
|-heal|p2a: Tumble|88/100|[from] item: Leftovers
|-damage|p1a: LePapa|76/100|[from] Salt Cure
|upkeep
|turn|7
|
|t:|1769360325
|switch|p1a: Broubrouti|Snorlax, F, shiny|100/100
|move|p2a: Tumble|Moonblast|p1a: Broubrouti
|-damage|p1a: Broubrouti|84/100
|-unboost|p1a: Broubrouti|spa|1
|
|-heal|p2a: Tumble|94/100|[from] item: Leftovers
|upkeep
|turn|8
|
|t:|1769360333
|move|p2a: Tumble|Leech Seed|p1a: Broubrouti
|-start|p1a: Broubrouti|move: Leech Seed
|move|p1a: Broubrouti|Heat Crash|p2a: Tumble
|-supereffective|p2a: Tumble
|-damage|p2a: Tumble|26/100
|
|-heal|p2a: Tumble|32/100|[from] item: Leftovers
|-damage|p1a: Broubrouti|72/100|[from] Leech Seed|[of] p2a: Tumble
|-heal|p2a: Tumble|53/100|[silent]
|upkeep
|turn|9
|
|t:|1769360338
|move|p2a: Tumble|Substitute|p2a: Tumble
|-start|p2a: Tumble|Substitute
|-damage|p2a: Tumble|28/100
|move|p1a: Broubrouti|Heat Crash|p2a: Tumble
|-supereffective|p2a: Tumble
|-end|p2a: Tumble|Substitute
|
|-heal|p2a: Tumble|34/100|[from] item: Leftovers
|-damage|p1a: Broubrouti|59/100|[from] Leech Seed|[of] p2a: Tumble
|-heal|p2a: Tumble|54/100|[silent]
|upkeep
|turn|10
|
|t:|1769360340
|move|p2a: Tumble|Substitute|p2a: Tumble
|-start|p2a: Tumble|Substitute
|-damage|p2a: Tumble|29/100
|move|p1a: Broubrouti|Heat Crash|p2a: Tumble
|-supereffective|p2a: Tumble
|-end|p2a: Tumble|Substitute
|
|-heal|p2a: Tumble|35/100|[from] item: Leftovers
|-damage|p1a: Broubrouti|47/100|[from] Leech Seed|[of] p2a: Tumble
|-heal|p2a: Tumble|56/100|[silent]
|upkeep
|turn|11
|-enditem|p1a: Broubrouti|Custap Berry|[eat]
|-activate|p1a: Broubrouti|item: Custap Berry|[consumed]
|
|t:|1769360342
|move|p2a: Tumble|Substitute|p2a: Tumble
|-start|p2a: Tumble|Substitute
|-damage|p2a: Tumble|31/100
|move|p1a: Broubrouti|Heat Crash|p2a: Tumble
|-supereffective|p2a: Tumble
|-end|p2a: Tumble|Substitute
|
|-heal|p2a: Tumble|37/100|[from] item: Leftovers
|-damage|p1a: Broubrouti|35/100|[from] Leech Seed|[of] p2a: Tumble
|-heal|p2a: Tumble|57/100|[silent]
|upkeep
|turn|12
|
|t:|1769360351
|switch|p1a: Rine|Dragapult, F|100/100
|move|p2a: Tumble|Substitute|p2a: Tumble
|-start|p2a: Tumble|Substitute
|-damage|p2a: Tumble|32/100
|
|-heal|p2a: Tumble|39/100|[from] item: Leftovers
|upkeep
|turn|13
|
|t:|1769360355
|switch|p2a: Garganacl|Garganacl, F|85/100
|move|p1a: Rine|Shadow Ball|p2a: Garganacl
|-damage|p2a: Garganacl|67/100
|
|upkeep
|turn|14
|
|t:|1769360363
|switch|p1a: LePachie|Great Tusk|100/100
|move|p2a: Garganacl|Salt Cure|p1a: LePachie
|-resisted|p1a: LePachie
|-damage|p1a: LePachie|99/100
|-start|p1a: LePachie|Salt Cure
|
|-damage|p1a: LePachie|86/100|[from] Salt Cure
|upkeep
|turn|15
|
|t:|1769360368
|switch|p2a: Tumble|Whimsicott, F|39/100
|move|p1a: LePachie|Stealth Rock|p2a: Tumble
|-sidestart|p2: Purpleaxolotl48|move: Stealth Rock
|
|-heal|p2a: Tumble|45/100|[from] item: Leftovers
|-damage|p1a: LePachie|74/100|[from] Salt Cure
|upkeep
|turn|16
|
|t:|1769360378
|-end|p1a: LePachie|Protosynthesis|[silent]
|switch|p1a: Chemsou|Comfey, M|100/100
|move|p2a: Tumble|Moonblast|p1a: Chemsou
|-damage|p1a: Chemsou|73/100
|-unboost|p1a: Chemsou|spa|1
|
|-heal|p2a: Tumble|51/100|[from] item: Leftovers
|upkeep
|turn|17
|
|t:|1769360384
|switch|p1a: LePapa|Zarude-Dada|76/100
|move|p2a: Tumble|Leech Seed|p1a: LePapa
|-immune|p1a: LePapa
|
|-heal|p1a: LePapa|82/100|[from] item: Leftovers
|-heal|p2a: Tumble|57/100|[from] item: Leftovers
|upkeep
|turn|18
|
|t:|1769360391
|switch|p1a: Chemsou|Comfey, M|73/100
|move|p2a: Tumble|Moonblast|p1a: Chemsou
|-damage|p1a: Chemsou|46/100
|
|-heal|p2a: Tumble|63/100|[from] item: Leftovers
|upkeep
|turn|19
|
|t:|1769360400
|move|p1a: Chemsou|Draining Kiss|p2a: Tumble
|-damage|p2a: Tumble|30/100
|-heal|p1a: Chemsou|80/100|[from] drain|[of] p2a: Tumble
|-damage|p1a: Chemsou|70/100|[from] item: Life Orb
|move|p2a: Tumble|Leech Seed|p1a: Chemsou
|-start|p1a: Chemsou|move: Leech Seed
|
|-heal|p2a: Tumble|36/100|[from] item: Leftovers
|-damage|p1a: Chemsou|57/100|[from] Leech Seed|[of] p2a: Tumble
|-heal|p2a: Tumble|45/100|[silent]
|upkeep
|turn|20
|
|t:|1769360407
|switch|p2a: Komala|Komala, M|100/100
|-damage|p2a: Komala|88/100|[from] Stealth Rock
|-ability|p2a: Komala|Comatose
|move|p1a: Chemsou|Draining Kiss|p2a: Komala
|-damage|p2a: Komala|66/100
|-heal|p1a: Chemsou|80/100|[from] drain|[of] p2a: Komala
|-damage|p1a: Chemsou|70/100|[from] item: Life Orb
|
|-heal|p2a: Komala|72/100|[from] item: Leftovers
|-damage|p1a: Chemsou|58/100|[from] Leech Seed|[of] p2a: Komala
|-heal|p2a: Komala|81/100|[silent]
|upkeep
|turn|21
|
|t:|1769360418
|switch|p1a: LePachie|Great Tusk|74/100
|move|p2a: Komala|Rapid Spin|p1a: LePachie
|-damage|p1a: LePachie|65/100
|-boost|p2a: Komala|spe|1
|-damage|p2a: Komala|65/100|[from] item: Rocky Helmet|[of] p1a: LePachie
|-sideend|p2: Purpleaxolotl48|Stealth Rock|[from] move: Rapid Spin|[of] p2a: Komala
|
|-heal|p2a: Komala|71/100|[from] item: Leftovers
|upkeep
|turn|22
|
|t:|1769360425
|switch|p2a: Swampert|Swampert, M|100/100
|move|p1a: LePachie|Stealth Rock|p2a: Swampert
|-sidestart|p2: Purpleaxolotl48|move: Stealth Rock
|
|upkeep
|turn|23
|
|t:|1769360435
|move|p1a: LePachie|Knock Off|p2a: Swampert
|-damage|p2a: Swampert|76/100
|-enditem|p2a: Swampert|Leftovers|[from] move: Knock Off|[of] p1a: LePachie
|move|p2a: Swampert|Stealth Rock|p1a: LePachie
|-sidestart|p1: broutux|move: Stealth Rock
|
|upkeep
|turn|24
|
|t:|1769360441
|move|p1a: LePachie|Rapid Spin|p2a: Swampert
|-damage|p2a: Swampert|62/100
|-boost|p1a: LePachie|spe|1
|-sideend|p1: broutux|Stealth Rock|[from] move: Rapid Spin|[of] p1a: LePachie
|move|p2a: Swampert|Liquidation|p1a: LePachie
|-supereffective|p1a: LePachie
|-damage|p1a: LePachie|26/100
|-damage|p2a: Swampert|46/100|[from] item: Rocky Helmet|[of] p1a: LePachie
|
|upkeep
|turn|25
|
|t:|1769360451
|-end|p1a: LePachie|Protosynthesis|[silent]
|switch|p1a: Rine|Dragapult, F|100/100
|move|p2a: Swampert|Earthquake|p1a: Rine
|-damage|p1a: Rine|27/100
|
|upkeep
|turn|26
|
|t:|1769360464
|switch|p1a: Broubrouti|Snorlax, F, shiny|35/100
|switch|p2a: Komala|Komala, M|71/100
|-damage|p2a: Komala|58/100|[from] Stealth Rock
|-ability|p2a: Komala|Comatose
|
|-heal|p2a: Komala|64/100|[from] item: Leftovers
|upkeep
|turn|27
|
|t:|1769360479
|switch|p1a: Horchie|Goodra-Hisui, F|100/100
|move|p2a: Komala|Rapid Spin|p1a: Horchie
|-resisted|p1a: Horchie
|-damage|p1a: Horchie|89/100
|-boost|p2a: Komala|spe|1
|-ability|p1a: Horchie|Gooey
|-unboost|p2a: Komala|spe|1
|-sideend|p2: Purpleaxolotl48|Stealth Rock|[from] move: Rapid Spin|[of] p2a: Komala
|
|-heal|p2a: Komala|70/100|[from] item: Leftovers
|upkeep
|turn|28
|
|t:|1769360487
|switch|p2a: Swampert|Swampert, M|46/100
|move|p1a: Horchie|Draco Meteor|p2a: Swampert|[miss]
|-miss|p1a: Horchie|p2a: Swampert
|
|upkeep
|turn|29
|
|t:|1769360494
|switch|p1a: LePachie|Great Tusk|26/100
|move|p2a: Swampert|Earthquake|p1a: LePachie
|-damage|p1a: LePachie|0 fnt
|faint|p1a: LePachie
|-end|p1a: LePachie|Protosynthesis|[silent]
|
|upkeep
|
|t:|1769360502
|switch|p1a: Chemsou|Comfey, M|58/100
|turn|30
|
|t:|1769360505
|switch|p2a: Skeledirge|Skeledirge, M|63/100
|move|p1a: Chemsou|Giga Drain|p2a: Skeledirge
|-resisted|p2a: Skeledirge
|-damage|p2a: Skeledirge|48/100
|-heal|p1a: Chemsou|71/100|[from] drain|[of] p2a: Skeledirge
|-damage|p1a: Chemsou|61/100|[from] item: Life Orb
|
|upkeep
|turn|31
|
|t:|1769360516
|switch|p1a: Broubrouti|Snorlax, F, shiny|35/100
|move|p2a: Skeledirge|Slack Off|p2a: Skeledirge
|-heal|p2a: Skeledirge|98/100
|
|upkeep
|turn|32
|
|t:|1769360522
|move|p2a: Skeledirge|Will-O-Wisp|p1a: Broubrouti
|-status|p1a: Broubrouti|brn
|move|p1a: Broubrouti|Earthquake|p2a: Skeledirge
|-supereffective|p2a: Skeledirge
|-damage|p2a: Skeledirge|76/100
|
|-damage|p1a: Broubrouti|29/100 brn|[from] brn
|upkeep
|turn|33
|
|t:|1769360527
|switch|p1a: Horchie|Goodra-Hisui, F|89/100
|move|p2a: Skeledirge|Torch Song|p1a: Horchie
|-damage|p1a: Horchie|76/100
|-boost|p2a: Skeledirge|spa|1
|
|upkeep
|turn|34
|
|t:|1769360534
|switch|p2a: Tumble|Whimsicott, F|45/100
|move|p1a: Horchie|Surf|p2a: Tumble
|-resisted|p2a: Tumble
|-damage|p2a: Tumble|25/100
|
|-heal|p2a: Tumble|31/100|[from] item: Leftovers
|upkeep
|turn|35
|
|t:|1769360542
|switch|p2a: Frosmoth|Frosmoth, F|100/100
|move|p1a: Horchie|Flamethrower|p2a: Frosmoth
|-supereffective|p2a: Frosmoth
|-damage|p2a: Frosmoth|19/100
|
|upkeep
|turn|36
|
|t:|1769360550
|switch|p2a: Komala|Komala, M|70/100
|-ability|p2a: Komala|Comatose
|move|p1a: Horchie|Flash Cannon|p2a: Komala
|-damage|p2a: Komala|42/100
|
|-heal|p2a: Komala|48/100|[from] item: Leftovers
|upkeep
|turn|37
|
|t:|1769360560
|move|p2a: Komala|Protect|p2a: Komala
|-singleturn|p2a: Komala|Protect
|move|p1a: Horchie|Draco Meteor|p2a: Komala
|-activate|p2a: Komala|move: Protect
|
|-heal|p2a: Komala|53/100|[from] item: Leftovers
|upkeep
|turn|38
|
|t:|1769360563
|move|p2a: Komala|Wish|p2a: Komala
|move|p1a: Horchie|Draco Meteor|p2a: Komala
|-damage|p2a: Komala|0 fnt
|-unboost|p1a: Horchie|spa|2
|faint|p2a: Komala
|
|upkeep
|
|t:|1769360570
|switch|p2a: Swampert|Swampert, M|46/100
|turn|39
|
|t:|1769360580
|switch|p1a: Broubrouti|Snorlax, F, shiny|29/100 brn
|move|p2a: Swampert|Stealth Rock|p1a: Broubrouti
|-sidestart|p1: broutux|move: Stealth Rock
|
|-heal|p2a: Swampert|87/100|[from] move: Wish|[wisher] Komala
|-damage|p1a: Broubrouti|22/100 brn|[from] brn
|upkeep
|turn|40
|
|t:|1769360585
|move|p2a: Swampert|Earthquake|p1a: Broubrouti
|-damage|p1a: Broubrouti|0 fnt
|faint|p1a: Broubrouti
|
|upkeep
|
|t:|1769360594
|switch|p1a: LePapa|Zarude-Dada|82/100
|-damage|p1a: LePapa|69/100|[from] Stealth Rock
|turn|41
|
|t:|1769360599
|switch|p2a: Tumble|Whimsicott, F|31/100
|move|p1a: LePapa|Trailblaze|p2a: Tumble
|-resisted|p2a: Tumble
|-damage|p2a: Tumble|21/100
|-boost|p1a: LePapa|spe|1
|
|-heal|p1a: LePapa|75/100|[from] item: Leftovers
|-heal|p2a: Tumble|27/100|[from] item: Leftovers
|upkeep
|turn|42
|
|t:|1769360605
|move|p1a: LePapa|Knock Off|p2a: Tumble
|-resisted|p2a: Tumble
|-damage|p2a: Tumble|7/100
|-enditem|p2a: Tumble|Leftovers|[from] move: Knock Off|[of] p1a: LePapa
|move|p2a: Tumble|Moonblast|p1a: LePapa
|-supereffective|p1a: LePapa
|-damage|p1a: LePapa|22/100
|-unboost|p1a: LePapa|spa|1
|
|-heal|p1a: LePapa|28/100|[from] item: Leftovers
|upkeep
|turn|43
|
|t:|1769360610
|move|p1a: LePapa|Knock Off|p2a: Tumble
|-resisted|p2a: Tumble
|-damage|p2a: Tumble|0 fnt
|faint|p2a: Tumble
|
|-heal|p1a: LePapa|34/100|[from] item: Leftovers
|upkeep
|
|t:|1769360612
|switch|p2a: Skeledirge|Skeledirge, M|76/100
|turn|44
|
|t:|1769360616
|-terastallize|p2a: Skeledirge|Water
|move|p1a: LePapa|Knock Off|p2a: Skeledirge
|-damage|p2a: Skeledirge|48/100
|-enditem|p2a: Skeledirge|Heavy-Duty Boots|[from] move: Knock Off|[of] p1a: LePapa
|move|p2a: Skeledirge|Will-O-Wisp|p1a: LePapa
|-status|p1a: LePapa|brn
|
|-heal|p1a: LePapa|40/100 brn|[from] item: Leftovers
|-damage|p1a: LePapa|34/100 brn|[from] brn
|upkeep
|turn|45
|
|t:|1769360626
|-terastallize|p1a: LePapa|Poison
|move|p1a: LePapa|Trailblaze|p2a: Skeledirge
|-supereffective|p2a: Skeledirge
|-damage|p2a: Skeledirge|33/100
|-boost|p1a: LePapa|spe|1
|move|p2a: Skeledirge|Slack Off|p2a: Skeledirge
|-heal|p2a: Skeledirge|83/100
|
|-heal|p1a: LePapa|40/100 brn|[from] item: Leftovers
|-damage|p1a: LePapa|34/100 brn|[from] brn
|upkeep
|turn|46
|
|t:|1769360631
|move|p1a: LePapa|Swords Dance|p1a: LePapa
|-boost|p1a: LePapa|atk|2
|move|p2a: Skeledirge|Torch Song|p1a: LePapa
|-damage|p1a: LePapa|6/100 brn
|-boost|p2a: Skeledirge|spa|1
|
|-heal|p1a: LePapa|12/100 brn|[from] item: Leftovers
|-damage|p1a: LePapa|6/100 brn|[from] brn
|upkeep
|turn|47
|
|t:|1769360637
|move|p1a: LePapa|Drain Punch|p2a: Skeledirge
|-damage|p2a: Skeledirge|76/100
|-heal|p1a: LePapa|10/100 brn|[from] drain|[of] p2a: Skeledirge
|move|p2a: Skeledirge|Torch Song|p1a: LePapa
|-damage|p1a: LePapa|0 fnt
|-boost|p2a: Skeledirge|spa|1
|faint|p1a: LePapa
|
|upkeep
|
|t:|1769360645
|switch|p1a: Chemsou|Comfey, M|61/100
|-damage|p1a: Chemsou|49/100|[from] Stealth Rock
|turn|48
|
|t:|1769360653
|move|p1a: Chemsou|Draining Kiss|p2a: Skeledirge
|-damage|p2a: Skeledirge|49/100
|-heal|p1a: Chemsou|84/100|[from] drain|[of] p2a: Skeledirge
|-damage|p1a: Chemsou|74/100|[from] item: Life Orb
|move|p2a: Skeledirge|Torch Song|p1a: Chemsou
|-damage|p1a: Chemsou|11/100
|-boost|p2a: Skeledirge|spa|1
|
|upkeep
|turn|49
|
|t:|1769360662
|move|p1a: Chemsou|Giga Drain|p2a: Skeledirge
|-supereffective|p2a: Skeledirge
|-damage|p2a: Skeledirge|0 fnt
|-heal|p1a: Chemsou|52/100|[from] drain|[of] p2a: Skeledirge
|faint|p2a: Skeledirge
|-damage|p1a: Chemsou|42/100|[from] item: Life Orb
|
|upkeep
|
|t:|1769360667
|switch|p2a: Frosmoth|Frosmoth, F|19/100
|turn|50
|
|t:|1769360672
|move|p1a: Chemsou|Draining Kiss|p2a: Frosmoth
|-damage|p2a: Frosmoth|2/100
|-heal|p1a: Chemsou|57/100|[from] drain|[of] p2a: Frosmoth
|-damage|p1a: Chemsou|47/100|[from] item: Life Orb
|move|p2a: Frosmoth|Ice Beam|p1a: Chemsou
|-damage|p1a: Chemsou|0 fnt
|faint|p1a: Chemsou
|
|upkeep
|
|t:|1769360688
|switch|p1a: Rine|Dragapult, F|27/100
|-damage|p1a: Rine|15/100|[from] Stealth Rock
|turn|51
|
|t:|1769360692
|switch|p2a: Garganacl|Garganacl, F|67/100
|move|p1a: Rine|Shadow Ball|p2a: Garganacl
|-damage|p2a: Garganacl|51/100
|
|upkeep
|turn|52
|
|t:|1769360695
|move|p1a: Rine|Shadow Ball|p2a: Garganacl
|-damage|p2a: Garganacl|34/100
|move|p2a: Garganacl|Recover|p2a: Garganacl
|-heal|p2a: Garganacl|84/100
|
|upkeep
|turn|53
|
|t:|1769360698
|move|p1a: Rine|Shadow Ball|p2a: Garganacl
|-damage|p2a: Garganacl|66/100
|move|p2a: Garganacl|Salt Cure|p1a: Rine
|-damage|p1a: Rine|0 fnt
|faint|p1a: Rine
|
|upkeep
|
|t:|1769360702
|switch|p1a: Horchie|Goodra-Hisui, F|76/100
|-damage|p1a: Horchie|70/100|[from] Stealth Rock
|turn|54
|
|t:|1769360708
|move|p1a: Horchie|Flash Cannon|p2a: Garganacl
|-supereffective|p2a: Garganacl
|-damage|p2a: Garganacl|14/100
|move|p2a: Garganacl|Salt Cure|p1a: Horchie
|-resisted|p1a: Horchie
|-damage|p1a: Horchie|62/100
|-start|p1a: Horchie|Salt Cure
|
|-damage|p1a: Horchie|37/100|[from] Salt Cure
|upkeep
|turn|55
|-message|broutux forfeited.
|
|win|Purpleaxolotl48
|raw|broutux's rating: 1257 &rarr; <strong>1231</strong><br />(-26 for losing)
|raw|Purpleaxolotl48's rating: 1249 &rarr; <strong>1275</strong><br />(+26 for winning)
|l|☆broutux
|player|p1|
|l|☆Purpleaxolotl48
|player|p2|
