|j|☆mother3part2
|j|☆Furiousjulian
|t:|1769353800
|gametype|singles
|player|p1|mother3part2|doctor|1535
|player|p2|Furiousjulian|blackbelt|1524
|gen|9
|tier|[Gen 9] OU
|rated|
|rule|HP Percentage Mod: HP is shown in percentages
|rule|Endless Battle Clause: Forcing endless battles is banned
|rule|Species Clause: Limit one of each Pokémon
|rule|OHKO Clause: OHKO moves are banned
|rule|Evasion Items Clause: Evasion items are banned
|rule|Evasion Moves Clause: Evasion moves are banned
|rule|Evasion Abilities Clause: Evasion abilities are banned
|rule|Sleep Moves Clause: Sleep-inducing moves are banned
|clearpoke
|poke|p1|Raging Bolt|
|poke|p1|Gholdengo|
|poke|p1|Great Tusk|
|poke|p1|Alomomola, F|
|poke|p1|Dragonite, M|
|poke|p1|Garganacl, F|
|poke|p2|Rillaboom, M|
|poke|p2|Kleavor, M|
|poke|p2|Hawlucha, F|
|poke|p2|Clefable, F|
|poke|p2|Skeledirge, F|
|poke|p2|Goodra-Hisui, F|
|teampreview
|j| Jakub9817
|l| Jakub9817
|inactive|Battle timer is ON: inactive players will automatically lose when time's up. (requested by mother3part2)
|
|t:|1769353839
|teamsize|p1|6
|teamsize|p2|6
|start
|switch|p1a: Great Tusk|Great Tusk|100/100
|switch|p2a: Monkey King:Enma|Rillaboom, M|100/100
|-fieldstart|move: Grassy Terrain|[from] ability: Grassy Surge|[of] p2a: Monkey King:Enma
|turn|1
|
|t:|1769353850
|-end|p1a: Great Tusk|Protosynthesis|[silent]
|switch|p1a: Dragonite|Dragonite, M|100/100
|move|p2a: Monkey King:Enma|Knock Off|p1a: Dragonite
|-damage|p1a: Dragonite|68/100
|-enditem|p1a: Dragonite|Heavy-Duty Boots|[from] move: Knock Off|[of] p2a: Monkey King:Enma
|
|upkeep
|turn|2
|
|t:|1769353865
|switch|p2a: Hidan|Kleavor, M|100/100
|move|p1a: Dragonite|Roost|p1a: Dragonite
|-heal|p1a: Dragonite|100/100
|-singleturn|p1a: Dragonite|move: Roost
|
|upkeep
|turn|3
|inactive|Furiousjulian has 120 seconds left.
|
|t:|1769353908
|switch|p1a: Great Tusk|Great Tusk|100/100
|-terastallize|p2a: Hidan|Flying
|move|p2a: Hidan|Aerial Ace|p1a: Great Tusk
|-supereffective|p1a: Great Tusk
|-damage|p1a: Great Tusk|23/100
|
|-heal|p1a: Great Tusk|29/100|[from] Grassy Terrain
|upkeep
|turn|4
|
|t:|1769353930
|switch|p2a: Monkey King:Enma|Rillaboom, M|100/100
|-end|p1a: Great Tusk|Protosynthesis|[silent]
|switch|p1a: Raging Bolt|Raging Bolt|100/100
|
|upkeep
|turn|5
|
|t:|1769353936
|switch|p2a: Katsuyu|Goodra-Hisui, F|100/100
|move|p1a: Raging Bolt|Draco Meteor|p2a: Katsuyu
|-damage|p2a: Katsuyu|54/100
|-unboost|p1a: Raging Bolt|spa|2
|
|-heal|p2a: Katsuyu|60/100|[from] Grassy Terrain
|-fieldend|move: Grassy Terrain
|upkeep
|turn|6
|
|t:|1769353948
|-end|p1a: Raging Bolt|Protosynthesis|[silent]
|switch|p1a: Alomomola|Alomomola, F|100/100
|move|p2a: Katsuyu|Earthquake|p1a: Alomomola
|-damage|p1a: Alomomola|87/100
|
|upkeep
|turn|7
|
|t:|1769353954
|move|p2a: Katsuyu|Thunderbolt|p1a: Alomomola
|-supereffective|p1a: Alomomola
|-damage|p1a: Alomomola|29/100
|-status|p1a: Alomomola|par
|move|p1a: Alomomola|Flip Turn|p2a: Katsuyu
|-resisted|p2a: Katsuyu
|-damage|p2a: Katsuyu|52/100
|
|t:|1769353963
|switch|p1a: Great Tusk|Great Tusk|29/100|[from] Flip Turn
|
|upkeep
|turn|8
|inactive|Furiousjulian has 120 seconds left.
|
|t:|1769353975
|switch|p2a: Monkey King:Enma|Rillaboom, M|100/100
|-fieldstart|move: Grassy Terrain|[from] ability: Grassy Surge|[of] p2a: Monkey King:Enma
|move|p1a: Great Tusk|Headlong Rush|p2a: Monkey King:Enma
|-resisted|p2a: Monkey King:Enma
|-damage|p2a: Monkey King:Enma|71/100
|-unboost|p1a: Great Tusk|def|1
|-unboost|p1a: Great Tusk|spd|1
|
|-heal|p1a: Great Tusk|35/100|[from] Grassy Terrain
|-heal|p2a: Monkey King:Enma|77/100|[from] Grassy Terrain
|upkeep
|turn|9
|inactive|Furiousjulian has 120 seconds left.
|
|t:|1769353987
|-end|p1a: Great Tusk|Protosynthesis|[silent]
|switch|p1a: Dragonite|Dragonite, M|100/100
|move|p2a: Monkey King:Enma|U-turn|p1a: Dragonite
|-resisted|p1a: Dragonite
|-damage|p1a: Dragonite|91/100
|
|t:|1769353993
|switch|p2a: Hidan|Kleavor, M, tera:Flying|100/100|[from] U-turn
|
|upkeep
|turn|10
|
|t:|1769353998
|switch|p1a: Gholdengo|Gholdengo|100/100
|move|p2a: Hidan|Stone Axe|p1a: Gholdengo
|-resisted|p1a: Gholdengo
|-damage|p1a: Gholdengo|68/100
|-sidestart|p1: mother3part2|move: Stealth Rock
|
|-heal|p1a: Gholdengo|74/100|[from] Grassy Terrain
|upkeep
|turn|11
|
|t:|1769354006
|switch|p2a: Katsuyu|Goodra-Hisui, F|52/100
|move|p1a: Gholdengo|Shadow Ball|p2a: Katsuyu
|-damage|p2a: Katsuyu|32/100
|
|-heal|p1a: Gholdengo|80/100|[from] Grassy Terrain
|-heal|p2a: Katsuyu|38/100|[from] Grassy Terrain
|upkeep
|turn|12
|
|t:|1769354021
|move|p1a: Gholdengo|Shadow Ball|p2a: Katsuyu
|-damage|p2a: Katsuyu|19/100
|move|p2a: Katsuyu|Flash Cannon|p1a: Gholdengo
|-resisted|p1a: Gholdengo
|-damage|p1a: Gholdengo|55/100
|-unboost|p1a: Gholdengo|spd|1
|
|-heal|p1a: Gholdengo|61/100|[from] Grassy Terrain
|-heal|p2a: Katsuyu|25/100|[from] Grassy Terrain
|-fieldend|move: Grassy Terrain
|upkeep
|turn|13
|
|t:|1769354030
|switch|p1a: Great Tusk|Great Tusk|35/100
|move|p2a: Katsuyu|Earthquake|p1a: Great Tusk
|-damage|p1a: Great Tusk|19/100
|
|upkeep
|turn|14
|
|t:|1769354036
|move|p1a: Great Tusk|Rapid Spin|p2a: Katsuyu
|-resisted|p2a: Katsuyu
|-damage|p2a: Katsuyu|17/100
|-boost|p1a: Great Tusk|spe|1
|-sideend|p1: mother3part2|Stealth Rock|[from] move: Rapid Spin|[of] p1a: Great Tusk
|move|p2a: Katsuyu|Flash Cannon|p1a: Great Tusk
|-damage|p1a: Great Tusk|0 fnt
|faint|p1a: Great Tusk
|-end|p1a: Great Tusk|Protosynthesis|[silent]
|
|upkeep
|
|t:|1769354043
|switch|p1a: Dragonite|Dragonite, M|91/100
|turn|15
|
|t:|1769354046
|move|p1a: Dragonite|Roost|p1a: Dragonite
|-heal|p1a: Dragonite|100/100
|-singleturn|p1a: Dragonite|move: Roost
|move|p2a: Katsuyu|Draco Meteor|p1a: Dragonite
|-supereffective|p1a: Dragonite
|-damage|p1a: Dragonite|28/100
|-unboost|p2a: Katsuyu|spa|2
|
|upkeep
|turn|16
|
|t:|1769354057
|switch|p2a: Hidan|Kleavor, M, tera:Flying|100/100
|move|p1a: Dragonite|Roost|p1a: Dragonite
|-heal|p1a: Dragonite|78/100
|-singleturn|p1a: Dragonite|move: Roost
|
|upkeep
|turn|17
|
|t:|1769354068
|-terastallize|p1a: Dragonite|Normal
|move|p2a: Hidan|Night Slash|p1a: Dragonite
|-damage|p1a: Dragonite|34/100
|move|p1a: Dragonite|Dragon Dance|p1a: Dragonite
|-boost|p1a: Dragonite|atk|1
|-boost|p1a: Dragonite|spe|1
|
|upkeep
|turn|18
|inactive|Furiousjulian has 120 seconds left.
|
|t:|1769354104
|switch|p2a: Katsuyu|Goodra-Hisui, F|17/100
|move|p1a: Dragonite|Roost|p1a: Dragonite
|-heal|p1a: Dragonite|84/100
|
|upkeep
|turn|19
|inactive|Furiousjulian has 120 seconds left.
|
|t:|1769354115
|move|p1a: Dragonite|Roost|p1a: Dragonite
|-heal|p1a: Dragonite|100/100
|move|p2a: Katsuyu|Draco Meteor|p1a: Dragonite
|-damage|p1a: Dragonite|63/100
|-unboost|p2a: Katsuyu|spa|2
|
|upkeep
|turn|20
|inactive|Furiousjulian has 120 seconds left.
|
|t:|1769354130
|move|p1a: Dragonite|Dragon Dance|p1a: Dragonite
|-boost|p1a: Dragonite|atk|1
|-boost|p1a: Dragonite|spe|1
|move|p2a: Katsuyu|Draco Meteor|p1a: Dragonite
|-damage|p1a: Dragonite|25/100
|-unboost|p2a: Katsuyu|spa|2
|
|upkeep
|turn|21
|inactive|Furiousjulian has 120 seconds left.
|
|t:|1769354137
|switch|p2a: Sanshouo|Skeledirge, F|100/100
|move|p1a: Dragonite|Roost|p1a: Dragonite
|-heal|p1a: Dragonite|75/100
|
|upkeep
|turn|22
|
|t:|1769354143
|move|p1a: Dragonite|Earthquake|p2a: Sanshouo
|-supereffective|p2a: Sanshouo
|-damage|p2a: Sanshouo|52/100
|move|p2a: Sanshouo|Will-O-Wisp|p1a: Dragonite
|-status|p1a: Dragonite|brn
|
|-damage|p1a: Dragonite|69/100 brn|[from] brn
|upkeep
|turn|23
|-message|mother3part2 forfeited.
|
|win|Furiousjulian
|raw|mother3part2's rating: 1535 &rarr; <strong>1514</strong><br />(-21 for losing)
|raw|Furiousjulian's rating: 1524 &rarr; <strong>1545</strong><br />(+21 for winning)
|l|☆mother3part2
|player|p1|
