|j|☆Jagonite
|j|☆ratca
|t:|1769322967
|gametype|singles
|player|p1|Jagonite|170|1473
|player|p2|ratca|101|1447
|gen|9
|tier|[Gen 9] OU
|rated|
|rule|HP Percentage Mod: HP is shown in percentages
|rule|Endless Battle Clause: Forcing endless battles is banned
|rule|Species Clause: Limit one of each Pokémon
|rule|OHKO Clause: OHKO moves are banned
|rule|Evasion Items Clause: Evasion items are banned
|rule|Evasion Moves Clause: Evasion moves are banned
|rule|Evasion Abilities Clause: Evasion abilities are banned
|rule|Sleep Moves Clause: Sleep-inducing moves are banned
|clearpoke
|poke|p1|Ting-Lu|
|poke|p1|Iron Crown|
|poke|p1|Pecharunt|
|poke|p1|Zamazenta-*|
|poke|p1|Dragonite, M|
|poke|p1|Mew|
|poke|p2|Hydrapple, F|
|poke|p2|Corviknight, M|
|poke|p2|Blissey, F|
|poke|p2|Dondozo, F|
|poke|p2|Clodsire, M|
|poke|p2|Gliscor, F|
|teampreview
|
|t:|1769322979
|teamsize|p1|6
|teamsize|p2|6
|start
|switch|p1a: Dragonite|Dragonite, M|100/100
|switch|p2a: Gliscor|Gliscor, F|100/100
|turn|1
|
|t:|1769322984
|move|p2a: Gliscor|Protect|p2a: Gliscor
|-singleturn|p2a: Gliscor|Protect
|move|p1a: Dragonite|Ice Spinner|p2a: Gliscor
|-activate|p2a: Gliscor|move: Protect
|
|-status|p2a: Gliscor|tox|[from] item: Toxic Orb
|upkeep
|turn|2
|
|t:|1769323006
|move|p2a: Gliscor|Spikes|p1a: Dragonite
|-sidestart|p1: Jagonite|Spikes
|move|p1a: Dragonite|Ice Spinner|p2a: Gliscor
|-supereffective|p2a: Gliscor
|-damage|p2a: Gliscor|4/100 tox
|
|-heal|p2a: Gliscor|16/100 tox|[from] ability: Poison Heal
|upkeep
|turn|3
|
|t:|1769323015
|move|p2a: Gliscor|Protect|p2a: Gliscor
|-singleturn|p2a: Gliscor|Protect
|move|p1a: Dragonite|Ice Spinner|p2a: Gliscor
|-activate|p2a: Gliscor|move: Protect
|
|-heal|p2a: Gliscor|29/100 tox|[from] ability: Poison Heal
|upkeep
|turn|4
|
|t:|1769323022
|switch|p2a: Dondozo|Dondozo, F|100/100
|move|p1a: Dragonite|Ice Spinner|p2a: Dondozo
|-resisted|p2a: Dondozo
|-damage|p2a: Dondozo|91/100
|
|-heal|p2a: Dondozo|98/100|[from] item: Leftovers
|upkeep
|turn|5
|
|t:|1769323033
|switch|p1a: Iron Crown|Iron Crown|100/100
|-damage|p1a: Iron Crown|88/100|[from] Spikes
|move|p2a: Dondozo|Wave Crash|p1a: Iron Crown
|-damage|p1a: Iron Crown|45/100
|-damage|p2a: Dondozo|88/100|[from] Recoil
|
|-heal|p2a: Dondozo|95/100|[from] item: Leftovers
|upkeep
|turn|6
|
|t:|1769323042
|switch|p2a: Clodsire|Clodsire, M|100/100
|move|p1a: Iron Crown|Psychic Noise|p2a: Clodsire
|-supereffective|p2a: Clodsire
|-damage|p2a: Clodsire|34/100
|-start|p2a: Clodsire|move: Heal Block
|
|upkeep
|turn|7
|
|t:|1769323053
|switch|p2a: Corviknight|Corviknight, M|100/100
|-ability|p2a: Corviknight|Pressure
|move|p1a: Iron Crown|Psychic Noise|p2a: Corviknight
|-resisted|p2a: Corviknight
|-damage|p2a: Corviknight|73/100
|-start|p2a: Corviknight|move: Heal Block
|
|upkeep
|turn|8
|
|t:|1769323073
|-end|p1a: Iron Crown|Quark Drive|[silent]
|switch|p1a: Zamazenta|Zamazenta|100/100
|-ability|p1a: Zamazenta|Dauntless Shield|boost
|-boost|p1a: Zamazenta|def|1
|move|p2a: Corviknight|U-turn|p1a: Zamazenta
|-resisted|p1a: Zamazenta
|-damage|p1a: Zamazenta|98/100
|
|t:|1769323081
|switch|p2a: Gliscor|Gliscor, F|29/100 tox|[from] U-turn
|
|-heal|p2a: Gliscor|41/100 tox|[from] ability: Poison Heal
|upkeep
|turn|9
|
|t:|1769323087
|move|p2a: Gliscor|Protect|p2a: Gliscor
|-singleturn|p2a: Gliscor|Protect
|move|p1a: Zamazenta|Iron Defense|p1a: Zamazenta
|-boost|p1a: Zamazenta|def|2
|
|-heal|p2a: Gliscor|54/100 tox|[from] ability: Poison Heal
|upkeep
|turn|10
|
|t:|1769323094
|move|p1a: Zamazenta|Body Press|p2a: Gliscor
|-resisted|p2a: Gliscor
|-damage|p2a: Gliscor|25/100 tox
|move|p2a: Gliscor|Toxic|p1a: Zamazenta
|-status|p1a: Zamazenta|tox
|
|-damage|p1a: Zamazenta|91/100 tox|[from] psn
|-heal|p2a: Gliscor|38/100 tox|[from] ability: Poison Heal
|upkeep
|turn|11
|
|t:|1769323104
|move|p1a: Zamazenta|Iron Defense|p1a: Zamazenta
|-boost|p1a: Zamazenta|def|2
|move|p2a: Gliscor|Knock Off|p1a: Zamazenta
|-resisted|p1a: Zamazenta
|-crit|p1a: Zamazenta
|-damage|p1a: Zamazenta|81/100 tox
|-enditem|p1a: Zamazenta|Heavy-Duty Boots|[from] move: Knock Off|[of] p2a: Gliscor
|
|-damage|p1a: Zamazenta|69/100 tox|[from] psn
|-heal|p2a: Gliscor|50/100 tox|[from] ability: Poison Heal
|upkeep
|turn|12
|
|t:|1769323114
|move|p2a: Gliscor|Protect|p2a: Gliscor
|-singleturn|p2a: Gliscor|Protect
|move|p1a: Zamazenta|Body Press|p2a: Gliscor
|-activate|p2a: Gliscor|move: Protect
|
|-damage|p1a: Zamazenta|50/100 tox|[from] psn
|-heal|p2a: Gliscor|63/100 tox|[from] ability: Poison Heal
|upkeep
|turn|13
|
|t:|1769323122
|move|p1a: Zamazenta|Body Press|p2a: Gliscor
|-resisted|p2a: Gliscor
|-damage|p2a: Gliscor|23/100 tox
|move|p2a: Gliscor|Spikes|p1a: Zamazenta
|-sidestart|p1: Jagonite|Spikes
|
|-damage|p1a: Zamazenta|25/100 tox|[from] psn
|-heal|p2a: Gliscor|35/100 tox|[from] ability: Poison Heal
|upkeep
|turn|14
|
|t:|1769323131
|move|p2a: Gliscor|Protect|p2a: Gliscor
|-singleturn|p2a: Gliscor|Protect
|move|p1a: Zamazenta|Rest|p1a: Zamazenta
|-status|p1a: Zamazenta|slp|[from] move: Rest
|-heal|p1a: Zamazenta|100/100 slp|[silent]
|
|-heal|p2a: Gliscor|48/100 tox|[from] ability: Poison Heal
|upkeep
|turn|15
|
|t:|1769323140
|cant|p1a: Zamazenta|slp
|move|p2a: Gliscor|Spikes|p1a: Zamazenta
|-sidestart|p1: Jagonite|Spikes
|
|-heal|p2a: Gliscor|60/100 tox|[from] ability: Poison Heal
|upkeep
|turn|16
|
|t:|1769323151
|switch|p2a: Dondozo|Dondozo, F|95/100
|cant|p1a: Zamazenta|slp
|
|-heal|p2a: Dondozo|100/100|[from] item: Leftovers
|upkeep
|turn|17
|
|t:|1769323158
|switch|p1a: Pecharunt|Pecharunt|100/100
|move|p2a: Dondozo|Wave Crash|p1a: Pecharunt
|-damage|p1a: Pecharunt|80/100
|-damage|p2a: Dondozo|95/100|[from] Recoil
|
|-heal|p2a: Dondozo|100/100|[from] item: Leftovers
|upkeep
|turn|18
|
|t:|1769323168
|switch|p2a: Clodsire|Clodsire, M|34/100
|move|p1a: Pecharunt|Parting Shot|p2a: Clodsire
|-unboost|p2a: Clodsire|atk|1
|-unboost|p2a: Clodsire|spa|1
|
|t:|1769323184
|switch|p1a: Dragonite|Dragonite, M|100/100|[from] Parting Shot
|
|-heal|p2a: Clodsire|40/100|[from] item: Black Sludge
|upkeep
|turn|19
|
|t:|1769323191
|switch|p2a: Dondozo|Dondozo, F|100/100
|move|p1a: Dragonite|Outrage|p2a: Dondozo
|-damage|p2a: Dondozo|58/100
|
|-heal|p2a: Dondozo|64/100|[from] item: Leftovers
|upkeep
|turn|20
|
|t:|1769323198
|move|p1a: Dragonite|Outrage|p2a: Dondozo|[from] lockedmove
|-damage|p2a: Dondozo|19/100
|move|p2a: Dondozo|Rest|p2a: Dondozo
|-status|p2a: Dondozo|slp|[from] move: Rest
|-heal|p2a: Dondozo|100/100 slp|[silent]
|
|upkeep
|turn|21
|
|t:|1769323206
|switch|p2a: Corviknight|Corviknight, M|73/100
|-ability|p2a: Corviknight|Pressure
|move|p1a: Dragonite|Outrage|p2a: Corviknight|[from] lockedmove
|-resisted|p2a: Corviknight
|-damage|p2a: Corviknight|43/100
|-start|p1a: Dragonite|confusion|[fatigue]
|
|-heal|p2a: Corviknight|49/100|[from] item: Leftovers
|upkeep
|turn|22
|
|t:|1769323216
|switch|p1a: Iron Crown|Iron Crown|45/100
|-damage|p1a: Iron Crown|20/100|[from] Spikes
|move|p2a: Corviknight|Roost|p2a: Corviknight
|-heal|p2a: Corviknight|99/100
|-singleturn|p2a: Corviknight|move: Roost
|
|-heal|p2a: Corviknight|100/100|[from] item: Leftovers
|upkeep
|turn|23
|
|t:|1769323229
|switch|p2a: Blissey|Blissey, F|100/100
|move|p1a: Iron Crown|Volt Switch|p2a: Blissey
|-damage|p2a: Blissey|87/100
|
|t:|1769323232
|-end|p1a: Iron Crown|Quark Drive|[silent]
|switch|p1a: Ting-Lu|Ting-Lu|100/100|[from] Volt Switch
|-damage|p1a: Ting-Lu|76/100|[from] Spikes
|-ability|p1a: Ting-Lu|Vessel of Ruin
|
|-heal|p1a: Ting-Lu|82/100|[from] item: Leftovers
|upkeep
|turn|24
|
|t:|1769323241
|move|p2a: Blissey|Stealth Rock|p1a: Ting-Lu
|-sidestart|p1: Jagonite|move: Stealth Rock
|move|p1a: Ting-Lu|Stealth Rock|p2a: Blissey
|-sidestart|p2: ratca|move: Stealth Rock
|
|-heal|p1a: Ting-Lu|88/100|[from] item: Leftovers
|upkeep
|turn|25
|
|t:|1769323247
|switch|p2a: Gliscor|Gliscor, F|60/100 tox
|-damage|p2a: Gliscor|48/100 tox|[from] Stealth Rock
|move|p1a: Ting-Lu|Ruination|p2a: Gliscor
|-damage|p2a: Gliscor|24/100 tox
|
|-heal|p1a: Ting-Lu|94/100|[from] item: Leftovers
|-heal|p2a: Gliscor|37/100 tox|[from] ability: Poison Heal
|upkeep
|turn|26
|
|t:|1769323257
|move|p2a: Gliscor|Toxic|p1a: Ting-Lu
|-status|p1a: Ting-Lu|tox
|move|p1a: Ting-Lu|Whirlwind|p2a: Gliscor
|drag|p2a: Corviknight|Corviknight, M|100/100
|-damage|p2a: Corviknight|88/100|[from] Stealth Rock
|-ability|p2a: Corviknight|Pressure
|
|-heal|p2a: Corviknight|94/100|[from] item: Leftovers
|-heal|p1a: Ting-Lu|100/100 tox|[from] item: Leftovers
|-damage|p1a: Ting-Lu|94/100 tox|[from] psn
|upkeep
|turn|27
|
|t:|1769323267
|move|p2a: Corviknight|Iron Head|p1a: Ting-Lu
|-damage|p1a: Ting-Lu|82/100 tox
|move|p1a: Ting-Lu|Ruination|p2a: Corviknight
|-damage|p2a: Corviknight|47/100
|
|-heal|p2a: Corviknight|53/100|[from] item: Leftovers
|-heal|p1a: Ting-Lu|88/100 tox|[from] item: Leftovers
|-damage|p1a: Ting-Lu|76/100 tox|[from] psn
|upkeep
|turn|28
|
|t:|1769323280
|switch|p1a: Iron Crown|Iron Crown|20/100
|-damage|p1a: Iron Crown|0 fnt|[from] Spikes
|faint|p1a: Iron Crown
|-end|p1a: Iron Crown|Quark Drive|[silent]
|move|p2a: Corviknight|Roost|p2a: Corviknight
|-heal|p2a: Corviknight|100/100
|-singleturn|p2a: Corviknight|move: Roost
|
|upkeep
|
|t:|1769323283
|switch|p1a: Mew|Mew|100/100
|-damage|p1a: Mew|76/100|[from] Spikes
|-damage|p1a: Mew|63/100|[from] Stealth Rock
|turn|29
|
|t:|1769323292
|move|p1a: Mew|Dragon Dance|p1a: Mew
|-boost|p1a: Mew|atk|1
|-boost|p1a: Mew|spe|1
|move|p2a: Corviknight|U-turn|p1a: Mew
|-supereffective|p1a: Mew
|-damage|p1a: Mew|35/100
|
|t:|1769323306
|switch|p2a: Dondozo|Dondozo, F|100/100 slp|[from] U-turn
|-damage|p2a: Dondozo|88/100 slp|[from] Stealth Rock
|
|-heal|p2a: Dondozo|94/100 slp|[from] item: Leftovers
|upkeep
|turn|30
|
|t:|1769323312
|move|p1a: Mew|Psychic Fangs|p2a: Dondozo
|-damage|p2a: Dondozo|69/100 slp
|-damage|p1a: Mew|25/100|[from] item: Life Orb
|cant|p2a: Dondozo|slp
|move|p2a: Dondozo|Sleep Talk|p2a: Dondozo
|move|p2a: Dondozo|Curse|p2a: Dondozo|[from] move: Sleep Talk
|-unboost|p2a: Dondozo|spe|1
|-boost|p2a: Dondozo|atk|1
|-boost|p2a: Dondozo|def|1
|
|-heal|p2a: Dondozo|76/100 slp|[from] item: Leftovers
|upkeep
|turn|31
|
|t:|1769323323
|move|p1a: Mew|Psychic Fangs|p2a: Dondozo
|-damage|p2a: Dondozo|60/100 slp
|-damage|p1a: Mew|15/100|[from] item: Life Orb
|cant|p2a: Dondozo|slp
|move|p2a: Dondozo|Sleep Talk|p2a: Dondozo
|move|p2a: Dondozo|Wave Crash|p1a: Mew|[from] move: Sleep Talk
|-damage|p1a: Mew|0 fnt
|faint|p1a: Mew
|-damage|p2a: Dondozo|57/100 slp|[from] Recoil
|
|-heal|p2a: Dondozo|63/100 slp|[from] item: Leftovers
|upkeep
|
|t:|1769323328
|switch|p1a: Pecharunt|Pecharunt|80/100
|turn|32
|
|t:|1769323341
|move|p1a: Pecharunt|Hex|p2a: Dondozo
|-damage|p2a: Dondozo|23/100 slp
|-curestatus|p2a: Dondozo|slp|[msg]
|move|p2a: Dondozo|Rest|p2a: Dondozo
|-status|p2a: Dondozo|slp|[from] move: Rest
|-heal|p2a: Dondozo|100/100 slp|[silent]
|
|upkeep
|turn|33
|
|t:|1769323353
|switch|p2a: Clodsire|Clodsire, M|40/100
|-damage|p2a: Clodsire|34/100|[from] Stealth Rock
|move|p1a: Pecharunt|Malignant Chain|p2a: Clodsire
|-resisted|p2a: Clodsire
|-damage|p2a: Clodsire|30/100
|
|-heal|p2a: Clodsire|36/100|[from] item: Black Sludge
|upkeep
|turn|34
|
|t:|1769323362
|move|p1a: Pecharunt|Parting Shot|p2a: Clodsire
|-unboost|p2a: Clodsire|atk|1
|-unboost|p2a: Clodsire|spa|1
|
|t:|1769323368
|switch|p1a: Dragonite|Dragonite, M|100/100|[from] Parting Shot
|-damage|p1a: Dragonite|76/100|[from] Stealth Rock
|move|p2a: Clodsire|Recover|p2a: Clodsire
|-heal|p2a: Clodsire|86/100
|
|-heal|p2a: Clodsire|92/100|[from] item: Black Sludge
|upkeep
|turn|35
|
|t:|1769323377
|switch|p2a: Corviknight|Corviknight, M|100/100
|-damage|p2a: Corviknight|88/100|[from] Stealth Rock
|-ability|p2a: Corviknight|Pressure
|move|p1a: Dragonite|Outrage|p2a: Corviknight
|-resisted|p2a: Corviknight
|-damage|p2a: Corviknight|59/100
|
|-heal|p2a: Corviknight|65/100|[from] item: Leftovers
|upkeep
|turn|36
|
|t:|1769323387
|move|p1a: Dragonite|Outrage|p2a: Corviknight|[from] lockedmove
|-resisted|p2a: Corviknight
|-crit|p2a: Corviknight
|-damage|p2a: Corviknight|22/100
|-start|p1a: Dragonite|confusion|[fatigue]
|move|p2a: Corviknight|Roost|p2a: Corviknight
|-heal|p2a: Corviknight|72/100
|-singleturn|p2a: Corviknight|move: Roost
|
|-heal|p2a: Corviknight|78/100|[from] item: Leftovers
|upkeep
|turn|37
|-message|Jagonite forfeited.
|
|win|ratca
|raw|Jagonite's rating: 1473 &rarr; <strong>1452</strong><br />(-21 for losing)
|raw|ratca's rating: 1447 &rarr; <strong>1468</strong><br />(+21 for winning)
|l|☆Jagonite
|player|p1|
|l|☆ratca
|player|p2|
