|j|☆cycleevanescent
|j|☆culete de cemento
|t:|1769442642
|gametype|singles
|player|p1|cycleevanescent|1|1131
|player|p2|culete de cemento|wallace|1136
|gen|9
|tier|[Gen 9] OU
|rated|
|rule|HP Percentage Mod: HP is shown in percentages
|rule|Endless Battle Clause: Forcing endless battles is banned
|rule|Species Clause: Limit one of each Pokémon
|rule|OHKO Clause: OHKO moves are banned
|rule|Evasion Items Clause: Evasion items are banned
|rule|Evasion Moves Clause: Evasion moves are banned
|rule|Evasion Abilities Clause: Evasion abilities are banned
|rule|Sleep Moves Clause: Sleep-inducing moves are banned
|clearpoke
|poke|p1|Great Tusk|
|poke|p1|Kingambit, F|
|poke|p1|Moltres|
|poke|p1|Tinkaton, F|
|poke|p1|Hydrapple, F|
|poke|p1|Samurott-Hisui, M|
|poke|p2|Zangoose, M|
|poke|p2|Seviper, M|
|poke|p2|Torkoal, M|
|poke|p2|Regirock|
|poke|p2|Milotic, F|
|poke|p2|Shiftry, M|
|teampreview
|inactive|Battle timer is ON: inactive players will automatically lose when time's up. (requested by culete de cemento)
|
|t:|1769442653
|teamsize|p1|6
|teamsize|p2|6
|start
|switch|p1a: Great Tusk|Great Tusk|100/100
|switch|p2a: Seviper|Seviper, M|100/100
|turn|1
|
|t:|1769442665
|move|p2a: Seviper|Final Gambit|p1a: Great Tusk
|-damage|p1a: Great Tusk|6/100
|faint|p2a: Seviper
|move|p1a: Great Tusk|Headlong Rush|p2: Seviper|[notarget]
|-fail|p1a: Great Tusk
|
|upkeep
|
|t:|1769442673
|switch|p2a: Zangoose|Zangoose, M|100/100
|turn|2
|
|t:|1769442680
|-end|p1a: Great Tusk|Protosynthesis|[silent]
|switch|p1a: Moltres|Moltres|100/100
|move|p2a: Zangoose|Close Combat|p1a: Moltres
|-resisted|p1a: Moltres
|-crit|p1a: Moltres
|-damage|p1a: Moltres|86/100
|-unboost|p2a: Zangoose|def|1
|-unboost|p2a: Zangoose|spd|1
|
|upkeep
|turn|3
|
|t:|1769442696
|switch|p2a: Torkoal|Torkoal, M|100/100
|-weather|SunnyDay|[from] ability: Drought|[of] p2a: Torkoal
|move|p1a: Moltres|Flamethrower|p2a: Torkoal
|-resisted|p2a: Torkoal
|-damage|p2a: Torkoal|62/100
|
|-weather|SunnyDay|[upkeep]
|upkeep
|turn|4
|
|t:|1769442707
|move|p1a: Moltres|Flamethrower|p2a: Torkoal
|-resisted|p2a: Torkoal
|-damage|p2a: Torkoal|26/100
|move|p2a: Torkoal|Stealth Rock|p1a: Moltres
|-sidestart|p1: cycleevanescent|move: Stealth Rock
|
|-weather|SunnyDay|[upkeep]
|upkeep
|turn|5
|
|t:|1769442716
|move|p1a: Moltres|Flamethrower|p2a: Torkoal
|-resisted|p2a: Torkoal
|-damage|p2a: Torkoal|0 fnt
|faint|p2a: Torkoal
|
|-weather|SunnyDay|[upkeep]
|upkeep
|
|t:|1769442721
|switch|p2a: Shiftry|Shiftry, M|100/100
|turn|6
|
|t:|1769442728
|-terastallize|p2a: Shiftry|Dragon
|move|p2a: Shiftry|Nasty Plot|p2a: Shiftry
|-boost|p2a: Shiftry|spa|2
|move|p1a: Moltres|U-turn|p2a: Shiftry
|-damage|p2a: Shiftry|78/100
|
|t:|1769442745
|switch|p1a: Hydrapple|Hydrapple, F|100/100|[from] U-turn
|
|-weather|SunnyDay|[upkeep]
|upkeep
|turn|7
|
|t:|1769442753
|-terastallize|p1a: Hydrapple|Steel
|move|p2a: Shiftry|Heat Wave|p1a: Hydrapple
|-supereffective|p1a: Hydrapple
|-damage|p1a: Hydrapple|0 fnt
|faint|p1a: Hydrapple
|-damage|p2a: Shiftry|68/100|[from] item: Life Orb
|
|-weather|SunnyDay|[upkeep]
|upkeep
|
|t:|1769442765
|switch|p1a: Moltres|Moltres|86/100
|turn|8
|
|t:|1769442770
|move|p2a: Shiftry|Heat Wave|p1a: Moltres
|-resisted|p1a: Moltres
|-damage|p1a: Moltres|26/100
|-damage|p2a: Shiftry|58/100|[from] item: Life Orb
|move|p1a: Moltres|Flamethrower|p2a: Shiftry
|-resisted|p2a: Shiftry
|-damage|p2a: Shiftry|12/100
|
|-weather|SunnyDay|[upkeep]
|upkeep
|turn|9
|
|t:|1769442781
|move|p2a: Shiftry|Heat Wave|p1a: Moltres
|-resisted|p1a: Moltres
|-damage|p1a: Moltres|0 fnt
|faint|p1a: Moltres
|-damage|p2a: Shiftry|2/100|[from] item: Life Orb
|
|-weather|SunnyDay|[upkeep]
|upkeep
|
|t:|1769442790
|switch|p1a: Kingambit|Kingambit, F|100/100
|-damage|p1a: Kingambit|94/100|[from] Stealth Rock
|-activate|p1a: Kingambit|ability: Supreme Overlord
|-start|p1a: Kingambit|fallen2|[silent]
|turn|10
|
|t:|1769442797
|move|p1a: Kingambit|Sucker Punch||[still]
|-fail|p1a: Kingambit
|move|p2a: Shiftry|Nasty Plot|p2a: Shiftry
|-boost|p2a: Shiftry|spa|2
|
|-weather|none
|-heal|p1a: Kingambit|100/100|[from] item: Leftovers
|upkeep
|turn|11
|
|t:|1769442806
|move|p1a: Kingambit|Sucker Punch||[still]
|-fail|p1a: Kingambit
|move|p2a: Shiftry|Nasty Plot|p2a: Shiftry
|-boost|p2a: Shiftry|spa|2
|
|upkeep
|turn|12
|
|t:|1769442812
|move|p1a: Kingambit|Sucker Punch||[still]
|-fail|p1a: Kingambit
|move|p2a: Shiftry|Nasty Plot|p2a: Shiftry
|-boost|p2a: Shiftry|spa|0
|
|upkeep
|turn|13
|
|t:|1769442818
|move|p2a: Shiftry|Nasty Plot|p2a: Shiftry
|-boost|p2a: Shiftry|spa|0
|move|p1a: Kingambit|Swords Dance|p1a: Kingambit
|-boost|p1a: Kingambit|atk|2
|
|upkeep
|turn|14
|
|t:|1769442828
|move|p1a: Kingambit|Sucker Punch||[still]
|-fail|p1a: Kingambit
|move|p2a: Shiftry|Nasty Plot|p2a: Shiftry
|-boost|p2a: Shiftry|spa|0
|
|upkeep
|turn|15
|
|t:|1769442834
|move|p2a: Shiftry|Heat Wave|p1a: Kingambit
|-supereffective|p1a: Kingambit
|-damage|p1a: Kingambit|0 fnt
|faint|p1a: Kingambit
|-end|p1a: Kingambit|fallen2|[silent]
|-damage|p2a: Shiftry|0 fnt|[from] item: Life Orb
|faint|p2a: Shiftry
|
|upkeep
|
|t:|1769442854
|switch|p2a: Zangoose|Zangoose, M|100/100
|switch|p1a: Great Tusk|Great Tusk|6/100
|turn|16
|
|t:|1769442861
|move|p2a: Zangoose|Close Combat|p1a: Great Tusk
|-damage|p1a: Great Tusk|0 fnt
|-unboost|p2a: Zangoose|def|1
|-unboost|p2a: Zangoose|spd|1
|faint|p1a: Great Tusk
|-end|p1a: Great Tusk|Protosynthesis|[silent]
|
|upkeep
|-message|cycleevanescent forfeited.
|
|win|culete de cemento
|raw|cycleevanescent's rating: 1131 &rarr; <strong>1106</strong><br />(-25 for losing)
|raw|culete de cemento's rating: 1136 &rarr; <strong>1161</strong><br />(+25 for winning)
|l|☆cycleevanescent
|player|p1|
|l|☆culete de cemento
|player|p2|
