|j|☆sebastian.gough
|j|☆hahabadplayergobrr
|t:|1769410551
|gametype|singles
|player|p1|sebastian.gough|lenora|1164
|player|p2|hahabadplayergobrr|norman|1220
|gen|9
|tier|[Gen 9] OU
|rated|
|rule|HP Percentage Mod: HP is shown in percentages
|rule|Endless Battle Clause: Forcing endless battles is banned
|rule|Species Clause: Limit one of each Pokémon
|rule|OHKO Clause: OHKO moves are banned
|rule|Evasion Items Clause: Evasion items are banned
|rule|Evasion Moves Clause: Evasion moves are banned
|rule|Evasion Abilities Clause: Evasion abilities are banned
|rule|Sleep Moves Clause: Sleep-inducing moves are banned
|clearpoke
|poke|p1|Pikachu, M|
|poke|p1|Ribombee, F|
|poke|p1|Great Tusk|
|poke|p1|Greninja-*, M|
|poke|p1|Gholdengo|
|poke|p1|Ceruledge, M|
|poke|p2|Espeon, F|
|poke|p2|Araquanid, M|
|poke|p2|Milotic, M|
|poke|p2|Kingambit, F|
|poke|p2|Serperior, F|
|poke|p2|Malamar, F|
|teampreview
|
|t:|1769410568
|teamsize|p1|6
|teamsize|p2|6
|start
|switch|p1a: Great Tusk|Great Tusk, shiny|100/100
|switch|p2a: Araquanid|Araquanid, M|100/100
|-enditem|p1a: Great Tusk|Booster Energy
|-activate|p1a: Great Tusk|ability: Protosynthesis|[fromitem]
|-start|p1a: Great Tusk|protosynthesisatk
|turn|1
|
|t:|1769410581
|move|p1a: Great Tusk|Stealth Rock|p2a: Araquanid
|-sidestart|p2: hahabadplayergobrr|move: Stealth Rock
|move|p2a: Araquanid|Liquidation|p1a: Great Tusk
|-supereffective|p1a: Great Tusk
|-damage|p1a: Great Tusk|5/100
|
|upkeep
|turn|2
|
|t:|1769410587
|move|p1a: Great Tusk|Headlong Rush|p2a: Araquanid
|-resisted|p2a: Araquanid
|-damage|p2a: Araquanid|45/100
|-unboost|p1a: Great Tusk|def|1
|-unboost|p1a: Great Tusk|spd|1
|move|p2a: Araquanid|Sticky Web|p1a: Great Tusk
|-sidestart|p1: sebastian.gough|move: Sticky Web
|
|-heal|p2a: Araquanid|51/100|[from] item: Leftovers
|upkeep
|turn|3
|
|t:|1769410596
|move|p1a: Great Tusk|Rapid Spin|p2a: Araquanid
|-damage|p2a: Araquanid|19/100
|-boost|p1a: Great Tusk|spe|1
|-sideend|p1: sebastian.gough|Sticky Web|[from] move: Rapid Spin|[of] p1a: Great Tusk
|move|p2a: Araquanid|Liquidation|p1a: Great Tusk
|-supereffective|p1a: Great Tusk
|-damage|p1a: Great Tusk|0 fnt
|faint|p1a: Great Tusk
|-end|p1a: Great Tusk|Protosynthesis|[silent]
|
|-heal|p2a: Araquanid|25/100|[from] item: Leftovers
|upkeep
|
|t:|1769410606
|switch|p1a: Ceruledge|Ceruledge, M, shiny|100/100
|turn|4
|
|t:|1769410615
|move|p1a: Ceruledge|Poltergeist|p2a: Araquanid
|-activate|p2a: Araquanid|move: Poltergeist|Leftovers
|-damage|p2a: Araquanid|0 fnt
|faint|p2a: Araquanid
|
|upkeep
|
|t:|1769410628
|switch|p2a: Milotic|Milotic, M|100/100
|-damage|p2a: Milotic|88/100|[from] Stealth Rock
|turn|5
|
|t:|1769410635
|move|p1a: Ceruledge|Swords Dance|p1a: Ceruledge
|-boost|p1a: Ceruledge|atk|2
|move|p2a: Milotic|Scald|p1a: Ceruledge
|-supereffective|p1a: Ceruledge
|-damage|p1a: Ceruledge|16/100
|-enditem|p1a: Ceruledge|Weakness Policy
|-boost|p1a: Ceruledge|atk|2|[from] item: Weakness Policy
|-boost|p1a: Ceruledge|spa|2|[from] item: Weakness Policy
|
|upkeep
|turn|6
|
|t:|1769410650
|move|p1a: Ceruledge|Poltergeist|p2a: Milotic
|-activate|p2a: Milotic|move: Poltergeist|Assault Vest
|-damage|p2a: Milotic|0 fnt
|faint|p2a: Milotic
|
|upkeep
|
|t:|1769410654
|switch|p2a: Kingambit|Kingambit, F|100/100
|-damage|p2a: Kingambit|94/100|[from] Stealth Rock
|turn|7
|
|t:|1769410660
|move|p1a: Ceruledge|Endure|p1a: Ceruledge
|-singleturn|p1a: Ceruledge|move: Endure
|move|p2a: Kingambit|Sucker Punch||[still]
|-fail|p2a: Kingambit
|
|upkeep
|turn|8
|
|t:|1769410675
|move|p1a: Ceruledge|Swords Dance|p1a: Ceruledge
|-boost|p1a: Ceruledge|atk|2
|move|p2a: Kingambit|Kowtow Cleave|p1a: Ceruledge
|-supereffective|p1a: Ceruledge
|-damage|p1a: Ceruledge|0 fnt
|faint|p1a: Ceruledge
|
|upkeep
|
|t:|1769410687
|switch|p1a: Ribombee|Ribombee, F, shiny|100/100
|turn|9
|
|t:|1769410692
|move|p1a: Ribombee|Quiver Dance|p1a: Ribombee
|-boost|p1a: Ribombee|spa|1
|-boost|p1a: Ribombee|spd|1
|-boost|p1a: Ribombee|spe|1
|move|p2a: Kingambit|Iron Head|p1a: Ribombee
|-supereffective|p1a: Ribombee
|-enditem|p1a: Ribombee|Focus Sash
|-damage|p1a: Ribombee|1/100
|
|upkeep
|turn|10
|
|t:|1769410698
|move|p2a: Kingambit|Sucker Punch|p1a: Ribombee
|-resisted|p1a: Ribombee
|-damage|p1a: Ribombee|0 fnt
|faint|p1a: Ribombee
|
|upkeep
|
|t:|1769410702
|switch|p1a: Gholdengo|Gholdengo, shiny|100/100
|-item|p1a: Gholdengo|Air Balloon
|turn|11
|
|t:|1769410717
|-terastallize|p1a: Gholdengo|Steel
|move|p1a: Gholdengo|Thunder Wave|p2a: Kingambit
|-status|p2a: Kingambit|par
|move|p2a: Kingambit|Kowtow Cleave|p1a: Gholdengo
|-damage|p1a: Gholdengo|51/100
|-enditem|p1a: Gholdengo|Air Balloon
|
|upkeep
|turn|12
|
|t:|1769410725
|move|p1a: Gholdengo|Shadow Ball|p2a: Kingambit
|-resisted|p2a: Kingambit
|-damage|p2a: Kingambit|82/100 par
|move|p2a: Kingambit|Kowtow Cleave|p1a: Gholdengo
|-damage|p1a: Gholdengo|0 fnt
|faint|p1a: Gholdengo
|
|upkeep
|
|t:|1769410731
|switch|p1a: Pikachu|Pikachu, M, shiny|100/100
|turn|13
|
|t:|1769410737
|move|p1a: Pikachu|Thunderbolt|p2a: Kingambit
|-damage|p2a: Kingambit|55/100 par
|cant|p2a: Kingambit|par
|
|upkeep
|turn|14
|
|t:|1769410742
|move|p1a: Pikachu|Surf|p2a: Kingambit
|-damage|p2a: Kingambit|35/100 par
|cant|p2a: Kingambit|par
|
|upkeep
|turn|15
|
|t:|1769410748
|move|p1a: Pikachu|Nasty Plot|p1a: Pikachu
|-boost|p1a: Pikachu|spa|2
|move|p2a: Kingambit|Kowtow Cleave|p1a: Pikachu
|-damage|p1a: Pikachu|0 fnt
|faint|p1a: Pikachu
|
|upkeep
|
|t:|1769410750
|switch|p1a: Greninja|Greninja, M|100/100
|turn|16
|inactive|Battle timer is ON: inactive players will automatically lose when time's up. (requested by sebastian.gough)
|
|t:|1769410763
|move|p2a: Kingambit|Sucker Punch|p1a: Greninja
|-resisted|p1a: Greninja
|-damage|p1a: Greninja|69/100
|move|p1a: Greninja|Surf|p2a: Kingambit
|-damage|p2a: Kingambit|6/100 par
|-damage|p1a: Greninja|59/100|[from] item: Life Orb
|
|upkeep
|turn|17
|
|t:|1769410769
|cant|p2a: Kingambit|par
|move|p1a: Greninja|Ice Beam|p2a: Kingambit
|-resisted|p2a: Kingambit
|-damage|p2a: Kingambit|0 fnt
|faint|p2a: Kingambit
|-ability|p1a: Greninja|Battle Bond|boost
|-boost|p1a: Greninja|atk|1
|-boost|p1a: Greninja|spa|1
|-boost|p1a: Greninja|spe|1
|-activate|p1a: Greninja|ability: Battle Bond
|-damage|p1a: Greninja|50/100|[from] item: Life Orb
|
|upkeep
|
|t:|1769410788
|switch|p2a: Serperior|Serperior, F|100/100
|-damage|p2a: Serperior|88/100|[from] Stealth Rock
|turn|18
|
|t:|1769410793
|-terastallize|p2a: Serperior|Water
|move|p1a: Greninja|Ice Beam|p2a: Serperior
|-resisted|p2a: Serperior
|-damage|p2a: Serperior|58/100
|-damage|p1a: Greninja|40/100|[from] item: Life Orb
|move|p2a: Serperior|Leaf Storm|p1a: Greninja
|-supereffective|p1a: Greninja
|-damage|p1a: Greninja|0 fnt
|-boost|p2a: Serperior|spa|2
|faint|p1a: Greninja
|
|win|hahabadplayergobrr
|raw|sebastian.gough's rating: 1164 &rarr; <strong>1143</strong><br />(-21 for losing)
|raw|hahabadplayergobrr's rating: 1220 &rarr; <strong>1241</strong><br />(+21 for winning)
|l|☆sebastian.gough
|player|p1|
|l|☆hahabadplayergobrr
|player|p2|
