|j|☆trc lucy
|j|☆Mimewithme
|t:|1769419098
|gametype|singles
|player|p1|trc lucy|169|1491
|player|p2|Mimewithme|170|1451
|gen|9
|tier|[Gen 9] OU
|rated|
|rule|HP Percentage Mod: HP is shown in percentages
|rule|Endless Battle Clause: Forcing endless battles is banned
|rule|Species Clause: Limit one of each Pokémon
|rule|OHKO Clause: OHKO moves are banned
|rule|Evasion Items Clause: Evasion items are banned
|rule|Evasion Moves Clause: Evasion moves are banned
|rule|Evasion Abilities Clause: Evasion abilities are banned
|rule|Sleep Moves Clause: Sleep-inducing moves are banned
|clearpoke
|poke|p1|Corviknight, F|
|poke|p1|Breloom, M|
|poke|p1|Slowking-Galar, M|
|poke|p1|Dragapult, M|
|poke|p1|Ting-Lu|
|poke|p1|Great Tusk|
|poke|p2|Chesnaught, F|
|poke|p2|Rillaboom, M|
|poke|p2|Glimmora, M|
|poke|p2|Chandelure, F|
|poke|p2|Ogerpon-Wellspring, F|
|poke|p2|Kingambit, M|
|teampreview
|
|t:|1769419133
|teamsize|p1|6
|teamsize|p2|6
|start
|switch|p1a: Ting-Lu|Ting-Lu|100/100
|switch|p2a: Chesnaught|Chesnaught, F, shiny|100/100
|-ability|p1a: Ting-Lu|Vessel of Ruin
|turn|1
|
|t:|1769419144
|move|p2a: Chesnaught|Belly Drum|p2a: Chesnaught
|-damage|p2a: Chesnaught|50/100
|-setboost|p2a: Chesnaught|atk|6|[from] move: Belly Drum
|-enditem|p2a: Chesnaught|Sitrus Berry|[eat]
|-heal|p2a: Chesnaught|75/100|[from] item: Sitrus Berry
|move|p1a: Ting-Lu|Stealth Rock|p2a: Chesnaught
|-sidestart|p2: Mimewithme|move: Stealth Rock
|
|upkeep
|turn|2
|
|t:|1769419158
|switch|p1a: Slowking|Slowking-Galar, M|100/100
|move|p2a: Chesnaught|Grassy Glide|p1a: Slowking
|-resisted|p1a: Slowking
|-crit|p1a: Slowking
|-damage|p1a: Slowking|18/100
|
|upkeep
|turn|3
|
|t:|1769419167
|switch|p1a: Corviknight|Corviknight, F|100/100
|-ability|p1a: Corviknight|Pressure
|move|p2a: Chesnaught|Drain Punch|p1a: Corviknight
|-damage|p1a: Corviknight|0 fnt
|-heal|p2a: Chesnaught|100/100|[from] drain|[of] p1a: Corviknight
|faint|p1a: Corviknight
|
|upkeep
|
|t:|1769419180
|switch|p1a: Dragapult|Dragapult, M|100/100
|turn|4
|
|t:|1769419200
|switch|p2a: Kingambit|Kingambit, M|100/100
|-damage|p2a: Kingambit|94/100|[from] Stealth Rock
|move|p1a: Dragapult|Flamethrower|p2a: Kingambit
|-supereffective|p2a: Kingambit
|-damage|p2a: Kingambit|22/100
|
|-heal|p2a: Kingambit|28/100|[from] item: Leftovers
|upkeep
|turn|5
|
|t:|1769419212
|switch|p1a: Breloom|Breloom, M|100/100
|move|p2a: Kingambit|Sucker Punch||[still]
|-fail|p2a: Kingambit
|
|-heal|p2a: Kingambit|34/100|[from] item: Leftovers
|upkeep
|turn|6
|
|t:|1769419223
|-end|p2a: Kingambit|fallenundefined|[silent]
|switch|p2a: Glimmora|Glimmora, M|100/100
|-damage|p2a: Glimmora|88/100|[from] Stealth Rock
|move|p1a: Breloom|Swords Dance|p1a: Breloom
|-boost|p1a: Breloom|atk|2
|
|upkeep
|turn|7
|
|t:|1769419231
|move|p1a: Breloom|Mach Punch|p2a: Glimmora
|-damage|p2a: Glimmora|12/100
|-activate|p2a: Glimmora|ability: Toxic Debris
|-sidestart|p1: trc lucy|move: Toxic Spikes
|move|p2a: Glimmora|Mortal Spin|p1a: Breloom
|-supereffective|p1a: Breloom
|-damage|p1a: Breloom|81/100
|-status|p1a: Breloom|psn
|-sideend|p2: Mimewithme|Stealth Rock|[from] move: Mortal Spin|[of] p2a: Glimmora
|
|-damage|p1a: Breloom|69/100 psn|[from] psn
|upkeep
|turn|8
|
|t:|1769419243
|move|p2a: Glimmora|Mortal Spin|p1a: Breloom
|-supereffective|p1a: Breloom
|-damage|p1a: Breloom|50/100 psn
|move|p1a: Breloom|Bullet Seed|p2a: Glimmora
|-damage|p2a: Glimmora|0 fnt
|-activate|p2a: Glimmora|ability: Toxic Debris
|-sidestart|p1: trc lucy|move: Toxic Spikes
|faint|p2a: Glimmora
|-hitcount|p2: Glimmora|1
|
|-damage|p1a: Breloom|38/100 psn|[from] psn
|upkeep
|
|t:|1769419256
|switch|p2a: Rillaboom|Rillaboom, M, shiny|100/100
|-fieldstart|move: Grassy Terrain|[from] ability: Grassy Surge|[of] p2a: Rillaboom
|turn|9
|
|t:|1769419263
|move|p2a: Rillaboom|Grassy Glide|p1a: Breloom
|-resisted|p1a: Breloom
|-damage|p1a: Breloom|13/100 psn
|move|p1a: Breloom|Bullet Seed|p2a: Rillaboom
|-resisted|p2a: Rillaboom
|-damage|p2a: Rillaboom|82/100
|-resisted|p2a: Rillaboom
|-damage|p2a: Rillaboom|62/100
|-resisted|p2a: Rillaboom
|-damage|p2a: Rillaboom|44/100
|-resisted|p2a: Rillaboom
|-damage|p2a: Rillaboom|27/100
|-hitcount|p2a: Rillaboom|4
|
|-heal|p1a: Breloom|19/100 psn|[from] Grassy Terrain
|-heal|p2a: Rillaboom|33/100|[from] Grassy Terrain
|-damage|p1a: Breloom|7/100 psn|[from] psn
|upkeep
|turn|10
|
|t:|1769419278
|move|p1a: Breloom|Mach Punch|p2a: Rillaboom
|-damage|p2a: Rillaboom|0 fnt
|faint|p2a: Rillaboom
|
|-heal|p1a: Breloom|13/100 psn|[from] Grassy Terrain
|-damage|p1a: Breloom|0 fnt|[from] psn
|faint|p1a: Breloom
|upkeep
|
|t:|1769419288
|switch|p1a: Slowking|Slowking-Galar, M|51/100
|switch|p2a: Chesnaught|Chesnaught, F, shiny|100/100
|-sideend|p1: trc lucy|move: Toxic Spikes|[of] p1a: Slowking
|turn|11
|
|t:|1769419297
|move|p2a: Chesnaught|High Horsepower|p1a: Slowking
|-supereffective|p1a: Slowking
|-damage|p1a: Slowking|0 fnt
|faint|p1a: Slowking
|
|upkeep
|
|t:|1769419303
|switch|p1a: Dragapult|Dragapult, M|100/100
|turn|12
|
|t:|1769419311
|-terastallize|p1a: Dragapult|Dragon
|-terastallize|p2a: Chesnaught|Fire
|move|p1a: Dragapult|Draco Meteor|p2a: Chesnaught|[miss]
|-miss|p1a: Dragapult|p2a: Chesnaught
|move|p2a: Chesnaught|Belly Drum|p2a: Chesnaught
|-damage|p2a: Chesnaught|50/100
|-setboost|p2a: Chesnaught|atk|6|[from] move: Belly Drum
|
|-heal|p2a: Chesnaught|56/100|[from] Grassy Terrain
|upkeep
|turn|13
|
|t:|1769419327
|switch|p1a: Ting-Lu|Ting-Lu|100/100
|-ability|p1a: Ting-Lu|Vessel of Ruin
|move|p2a: Chesnaught|Grassy Glide|p1a: Ting-Lu
|-supereffective|p1a: Ting-Lu
|-damage|p1a: Ting-Lu|0 fnt
|faint|p1a: Ting-Lu
|
|-heal|p2a: Chesnaught|62/100|[from] Grassy Terrain
|upkeep
|
|t:|1769419336
|switch|p1a: Dragapult|Dragapult, M, tera:Dragon|100/100
|turn|14
|
|t:|1769419340
|move|p2a: Chesnaught|Grassy Glide|p1a: Dragapult
|-resisted|p1a: Dragapult
|-damage|p1a: Dragapult|2/100
|move|p1a: Dragapult|Draco Meteor|p2a: Chesnaught
|-damage|p2a: Chesnaught|0 fnt
|-unboost|p1a: Dragapult|spa|2
|faint|p2a: Chesnaught
|
|-heal|p1a: Dragapult|8/100|[from] Grassy Terrain
|upkeep
|
|t:|1769419357
|switch|p2a: Ogerpon|Ogerpon-Wellspring, F|100/100
|turn|15
|
|t:|1769419370
|move|p2a: Ogerpon|Grassy Glide|p1a: Dragapult
|-resisted|p1a: Dragapult
|-damage|p1a: Dragapult|0 fnt
|faint|p1a: Dragapult
|
|upkeep
|
|t:|1769419373
|switch|p1a: Great Tusk|Great Tusk|100/100
|turn|16
|
|t:|1769419379
|move|p2a: Ogerpon|Ivy Cudgel|p1a: Great Tusk|[anim] Ivy Cudgel Water
|-supereffective|p1a: Great Tusk
|-damage|p1a: Great Tusk|8/100
|move|p1a: Great Tusk|Knock Off|p2a: Ogerpon
|-crit|p2a: Ogerpon
|-damage|p2a: Ogerpon|57/100
|
|-heal|p2a: Ogerpon|63/100|[from] Grassy Terrain
|-heal|p1a: Great Tusk|15/100|[from] Grassy Terrain
|-fieldend|move: Grassy Terrain
|upkeep
|turn|17
|-message|trc lucy forfeited.
|
|win|Mimewithme
|raw|trc lucy's rating: 1491 &rarr; <strong>1469</strong><br />(-22 for losing)
|raw|Mimewithme's rating: 1451 &rarr; <strong>1473</strong><br />(+22 for winning)
|l|☆trc lucy
|player|p1|
|l|☆Mimewithme
|player|p2|
