|j|☆A11335588996622
|j|☆SigmaGamer123321
|t:|1769419059
|gametype|singles
|player|p1|A11335588996622|kieran|1206
|player|p2|SigmaGamer123321|n|1206
|gen|9
|tier|[Gen 9] OU
|rated|
|rule|HP Percentage Mod: HP is shown in percentages
|rule|Endless Battle Clause: Forcing endless battles is banned
|rule|Species Clause: Limit one of each Pokémon
|rule|OHKO Clause: OHKO moves are banned
|rule|Evasion Items Clause: Evasion items are banned
|rule|Evasion Moves Clause: Evasion moves are banned
|rule|Evasion Abilities Clause: Evasion abilities are banned
|rule|Sleep Moves Clause: Sleep-inducing moves are banned
|clearpoke
|poke|p1|Ceruledge, M|
|poke|p1|Empoleon, F|
|poke|p1|Ogerpon-Wellspring, F|
|poke|p1|Great Tusk|
|poke|p1|Zapdos|
|poke|p1|Iron Moth|
|poke|p2|Ribombee, F|
|poke|p2|Glimmora, F|
|poke|p2|Ting-Lu|
|poke|p2|Veluza, F|
|poke|p2|Azelf|
|poke|p2|Kingambit, M|
|teampreview
|inactive|Battle timer is ON: inactive players will automatically lose when time's up. (requested by SigmaGamer123321)
|inactive|A11335588996622 has 120 seconds left.
|
|t:|1769419106
|teamsize|p1|6
|teamsize|p2|6
|start
|switch|p1a: Empoleon|Empoleon, F|100/100
|switch|p2a: Ribombee|Ribombee, F|100/100
|turn|1
|
|t:|1769419115
|move|p2a: Ribombee|Stun Spore|p1a: Empoleon
|-status|p1a: Empoleon|par
|move|p1a: Empoleon|Stealth Rock|p2a: Ribombee
|-sidestart|p2: SigmaGamer123321|move: Stealth Rock
|
|upkeep
|turn|2
|
|t:|1769419123
|move|p2a: Ribombee|Sticky Web|p1a: Empoleon
|-sidestart|p1: A11335588996622|move: Sticky Web
|move|p1a: Empoleon|Flip Turn|p2a: Ribombee
|-damage|p2a: Ribombee|64/100
|
|t:|1769419127
|switch|p1a: Zapdos|Zapdos|100/100|[from] Flip Turn
|-ability|p1a: Zapdos|Pressure
|
|upkeep
|turn|3
|inactive|A11335588996622 has 120 seconds left.
|
|t:|1769419161
|switch|p1a: Empoleon|Empoleon, F|100/100 par
|-activate|p1a: Empoleon|move: Sticky Web
|-unboost|p1a: Empoleon|spe|1
|-ability|p1a: Empoleon|Competitive|boost
|-boost|p1a: Empoleon|spa|2
|move|p2a: Ribombee|Moonblast|p1a: Empoleon
|-resisted|p1a: Empoleon
|-damage|p1a: Empoleon|85/100 par
|
|-heal|p1a: Empoleon|91/100 par|[from] item: Leftovers
|upkeep
|turn|4
|inactive|A11335588996622 has 120 seconds left.
|
|t:|1769419172
|move|p2a: Ribombee|Moonblast|p1a: Empoleon
|-resisted|p1a: Empoleon
|-damage|p1a: Empoleon|75/100 par
|move|p1a: Empoleon|Air Slash|p2a: Ribombee
|-supereffective|p2a: Ribombee
|-damage|p2a: Ribombee|0 fnt
|faint|p2a: Ribombee
|
|-heal|p1a: Empoleon|81/100 par|[from] item: Leftovers
|upkeep
|
|t:|1769419180
|switch|p2a: Ting-Lu|Ting-Lu|100/100
|-damage|p2a: Ting-Lu|94/100|[from] Stealth Rock
|-ability|p2a: Ting-Lu|Vessel of Ruin
|turn|5
|inactive|A11335588996622 has 120 seconds left.
|
|t:|1769419218
|-terastallize|p1a: Empoleon|Grass
|move|p2a: Ting-Lu|Earthquake|p1a: Empoleon
|-resisted|p1a: Empoleon
|-damage|p1a: Empoleon|63/100 par
|cant|p1a: Empoleon|par
|
|-heal|p1a: Empoleon|69/100 par|[from] item: Leftovers
|upkeep
|turn|6
|
|t:|1769419228
|move|p2a: Ting-Lu|Spikes|p1a: Empoleon
|-sidestart|p1: A11335588996622|Spikes
|move|p1a: Empoleon|Air Slash|p2a: Ting-Lu
|-damage|p2a: Ting-Lu|71/100
|
|-heal|p1a: Empoleon|75/100 par|[from] item: Leftovers
|upkeep
|turn|7
|
|t:|1769419238
|move|p2a: Ting-Lu|Spikes|p1a: Empoleon
|-sidestart|p1: A11335588996622|Spikes
|move|p1a: Empoleon|Air Slash|p2a: Ting-Lu
|-damage|p2a: Ting-Lu|51/100
|
|-heal|p1a: Empoleon|82/100 par|[from] item: Leftovers
|upkeep
|turn|8
|
|t:|1769419244
|switch|p1a: Great Tusk|Great Tusk|100/100
|-activate|p1a: Great Tusk|move: Sticky Web
|-unboost|p1a: Great Tusk|spe|1
|-damage|p1a: Great Tusk|84/100|[from] Spikes
|move|p2a: Ting-Lu|Spikes|p1a: Great Tusk
|-sidestart|p1: A11335588996622|Spikes
|
|upkeep
|turn|9
|inactive|A11335588996622 has 120 seconds left.
|
|t:|1769419252
|-terastallize|p2a: Ting-Lu|Ghost
|move|p1a: Great Tusk|Rapid Spin|p2a: Ting-Lu
|-immune|p2a: Ting-Lu
|move|p2a: Ting-Lu|Earthquake|p1a: Great Tusk
|-damage|p1a: Great Tusk|59/100
|
|upkeep
|turn|10
|
|t:|1769419259
|move|p1a: Great Tusk|Headlong Rush|p2a: Ting-Lu
|-damage|p2a: Ting-Lu|27/100
|-unboost|p1a: Great Tusk|def|1
|-unboost|p1a: Great Tusk|spd|1
|-enditem|p2a: Ting-Lu|Sitrus Berry|[eat]
|-heal|p2a: Ting-Lu|51/100|[from] item: Sitrus Berry
|move|p2a: Ting-Lu|Earthquake|p1a: Great Tusk
|-damage|p1a: Great Tusk|23/100
|
|upkeep
|turn|11
|
|t:|1769419266
|-end|p1a: Great Tusk|Protosynthesis|[silent]
|switch|p1a: Zapdos|Zapdos|100/100
|-ability|p1a: Zapdos|Pressure
|move|p2a: Ting-Lu|Whirlwind|p1a: Zapdos
|drag|p1a: Iron Moth|Iron Moth|100/100
|-activate|p1a: Iron Moth|move: Sticky Web
|-unboost|p1a: Iron Moth|spe|1
|-damage|p1a: Iron Moth|76/100|[from] Spikes
|
|upkeep
|turn|12
|
|t:|1769419278
|-end|p1a: Iron Moth|Quark Drive|[silent]
|switch|p1a: Zapdos|Zapdos|100/100
|-ability|p1a: Zapdos|Pressure
|move|p2a: Ting-Lu|Earthquake|p1a: Zapdos
|-immune|p1a: Zapdos
|
|upkeep
|turn|13
|
|t:|1769419284
|switch|p2a: Glimmora|Glimmora, F|100/100
|-damage|p2a: Glimmora|88/100|[from] Stealth Rock
|move|p1a: Zapdos|Volt Switch|p2a: Glimmora
|-damage|p2a: Glimmora|51/100
|inactive|A11335588996622 has 120 seconds left.
|
|t:|1769419327
|switch|p1a: Iron Moth|Iron Moth|76/100|[from] Volt Switch
|-activate|p1a: Iron Moth|move: Sticky Web
|-unboost|p1a: Iron Moth|spe|1
|-damage|p1a: Iron Moth|51/100|[from] Spikes
|
|upkeep
|turn|14
|
|t:|1769419345
|move|p1a: Iron Moth|Overheat|p2a: Glimmora
|-resisted|p2a: Glimmora
|-damage|p2a: Glimmora|10/100
|-unboost|p1a: Iron Moth|spa|2
|move|p2a: Glimmora|Stealth Rock|p1a: Iron Moth
|-sidestart|p1: A11335588996622|move: Stealth Rock
|
|upkeep
|turn|15
|
|t:|1769419353
|move|p1a: Iron Moth|Overheat|p2a: Glimmora
|-resisted|p2a: Glimmora
|-damage|p2a: Glimmora|0 fnt
|-unboost|p1a: Iron Moth|spa|2
|faint|p2a: Glimmora
|
|upkeep
|
|t:|1769419364
|switch|p2a: Veluza|Veluza, F|100/100
|-damage|p2a: Veluza|88/100|[from] Stealth Rock
|turn|16
|
|t:|1769419369
|-end|p1a: Iron Moth|Quark Drive|[silent]
|switch|p1a: Zapdos|Zapdos|100/100
|-damage|p1a: Zapdos|75/100|[from] Stealth Rock
|-ability|p1a: Zapdos|Pressure
|move|p2a: Veluza|Flip Turn|p1a: Zapdos
|-damage|p1a: Zapdos|57/100
|-damage|p2a: Veluza|71/100|[from] item: Rocky Helmet|[of] p1a: Zapdos
|
|t:|1769419379
|switch|p2a: Azelf|Azelf|100/100|[from] Flip Turn
|-damage|p2a: Azelf|88/100|[from] Stealth Rock
|
|upkeep
|turn|17
|inactive|A11335588996622 has 120 seconds left.
|
|t:|1769419388
|move|p2a: Azelf|Light Screen|p2a: Azelf
|-sidestart|p2: SigmaGamer123321|move: Light Screen
|move|p1a: Zapdos|Roost|p1a: Zapdos
|-heal|p1a: Zapdos|100/100
|-singleturn|p1a: Zapdos|move: Roost
|
|upkeep
|turn|18
|
|t:|1769419393
|move|p2a: Azelf|Reflect|p2a: Azelf
|-sidestart|p2: SigmaGamer123321|Reflect
|move|p1a: Zapdos|Discharge|p2a: Azelf
|-damage|p2a: Azelf|61/100
|
|upkeep
|turn|19
|
|t:|1769419399
|move|p2a: Azelf|Explosion|p1a: Zapdos
|-damage|p1a: Zapdos|38/100
|faint|p2a: Azelf
|move|p1a: Zapdos|Discharge|p2: Azelf|[notarget]
|-fail|p1a: Zapdos
|
|upkeep
|-message|A11335588996622 forfeited.
|
|win|SigmaGamer123321
|raw|A11335588996622's rating: 1206 &rarr; <strong>1181</strong><br />(-25 for losing)
|raw|SigmaGamer123321's rating: 1206 &rarr; <strong>1231</strong><br />(+25 for winning)
|l|☆A11335588996622
|player|p1|
|l|☆SigmaGamer123321
|player|p2|
