|j|☆1000wings
|j|☆KingCS123
|t:|1769357831
|gametype|singles
|player|p1|1000wings|guitarist|1308
|player|p2|KingCS123|psychicf|1368
|gen|9
|tier|[Gen 9] OU
|rated|
|rule|HP Percentage Mod: HP is shown in percentages
|rule|Endless Battle Clause: Forcing endless battles is banned
|rule|Species Clause: Limit one of each Pokémon
|rule|OHKO Clause: OHKO moves are banned
|rule|Evasion Items Clause: Evasion items are banned
|rule|Evasion Moves Clause: Evasion moves are banned
|rule|Evasion Abilities Clause: Evasion abilities are banned
|rule|Sleep Moves Clause: Sleep-inducing moves are banned
|clearpoke
|poke|p1|Tinkaton, F|
|poke|p1|Ogerpon, F|
|poke|p1|Great Tusk|
|poke|p1|Pecharunt|
|poke|p1|Alomomola, M|
|poke|p1|Hydreigon, M|
|poke|p2|Lanturn, M|
|poke|p2|Moltres|
|poke|p2|Hydrapple, F|
|poke|p2|Zamazenta-*|
|poke|p2|Clefable, M|
|poke|p2|Kingambit, F|
|teampreview
|inactive|Battle timer is ON: inactive players will automatically lose when time's up. (requested by KingCS123)
|
|t:|1769357855
|teamsize|p1|6
|teamsize|p2|6
|start
|switch|p1a: Pisces|Alomomola, M, shiny|100/100
|switch|p2a: Lanturn|Lanturn, M, shiny|100/100
|turn|1
|
|t:|1769357865
|move|p2a: Lanturn|Volt Switch|p1a: Pisces
|-supereffective|p1a: Pisces
|-damage|p1a: Pisces|76/100
|
|t:|1769357869
|switch|p2a: Hydrapple|Hydrapple, F, shiny|100/100|[from] Volt Switch
|move|p1a: Pisces|Mirror Coat|p2a: Hydrapple
|-damage|p2a: Hydrapple|37/100
|
|upkeep
|turn|2
|
|t:|1769357887
|switch|p1a: Overseer|Pecharunt|100/100
|move|p2a: Hydrapple|Nasty Plot|p2a: Hydrapple
|-boost|p2a: Hydrapple|spa|2
|
|upkeep
|turn|3
|
|t:|1769357903
|switch|p2a: Kingambit|Kingambit, F, shiny|100/100
|move|p1a: Overseer|Malignant Chain|p2a: Kingambit
|-immune|p2a: Kingambit
|
|upkeep
|turn|4
|
|t:|1769357915
|switch|p1a: Smile.exe|Tinkaton, F, shiny|100/100
|-item|p1a: Smile.exe|Air Balloon
|move|p2a: Kingambit|Swords Dance|p2a: Kingambit
|-boost|p2a: Kingambit|atk|2
|
|upkeep
|turn|5
|
|t:|1769357927
|-end|p2a: Kingambit|fallenundefined|[silent]
|switch|p2a: Lanturn|Lanturn, M, shiny|100/100
|move|p1a: Smile.exe|Encore||[still]
|-fail|p1a: Smile.exe
|
|upkeep
|turn|6
|
|t:|1769357938
|move|p1a: Smile.exe|Stealth Rock|p2a: Lanturn
|-sidestart|p2: KingCS123|move: Stealth Rock
|move|p2a: Lanturn|Scald|p1a: Smile.exe
|-damage|p1a: Smile.exe|68/100
|-enditem|p1a: Smile.exe|Air Balloon
|
|upkeep
|turn|7
|
|t:|1769357944
|switch|p1a: Pisces|Alomomola, M, shiny|100/100
|move|p2a: Lanturn|Volt Switch|p1a: Pisces
|-supereffective|p1a: Pisces
|-damage|p1a: Pisces|73/100
|
|t:|1769357951
|switch|p2a: Hydrapple|Hydrapple, F, shiny|70/100|[from] Volt Switch
|
|upkeep
|turn|8
|
|t:|1769357965
|switch|p1a: Overseer|Pecharunt|100/100
|move|p2a: Hydrapple|Nasty Plot|p2a: Hydrapple
|-boost|p2a: Hydrapple|spa|2
|
|upkeep
|turn|9
|
|t:|1769357987
|-terastallize|p2a: Hydrapple|Steel
|move|p1a: Overseer|Malignant Chain|p2a: Hydrapple
|-immune|p2a: Hydrapple
|move|p2a: Hydrapple|Earth Power|p1a: Overseer
|-supereffective|p1a: Overseer
|-damage|p1a: Overseer|0 fnt
|faint|p1a: Overseer
|
|upkeep
|
|t:|1769357997
|switch|p1a: Behemoth|Great Tusk|100/100
|turn|10
|
|t:|1769358003
|switch|p2a: Moltres|Moltres, shiny|100/100
|move|p1a: Behemoth|Close Combat|p2a: Moltres
|-resisted|p2a: Moltres
|-damage|p2a: Moltres|78/100
|-unboost|p1a: Behemoth|def|1
|-unboost|p1a: Behemoth|spd|1
|-status|p1a: Behemoth|brn|[from] ability: Flame Body|[of] p2a: Moltres
|
|-damage|p1a: Behemoth|94/100 brn|[from] brn
|upkeep
|turn|11
|
|t:|1769358016
|-end|p1a: Behemoth|Protosynthesis|[silent]
|switch|p1a: Pisces|Alomomola, M, shiny|100/100
|move|p2a: Moltres|Flamethrower|p1a: Pisces
|-resisted|p1a: Pisces
|-damage|p1a: Pisces|91/100
|
|upkeep
|turn|12
|
|t:|1769358022
|move|p2a: Moltres|U-turn|p1a: Pisces
|-damage|p1a: Pisces|81/100
|
|t:|1769358027
|switch|p2a: Hydrapple|Hydrapple, F, shiny, tera:Steel|100/100|[from] U-turn
|move|p1a: Pisces|Flip Turn|p2a: Hydrapple
|-damage|p2a: Hydrapple|87/100
|
|t:|1769358035
|switch|p1a: Hybrid|Hydreigon, M|100/100|[from] Flip Turn
|
|upkeep
|turn|13
|
|t:|1769358048
|switch|p2a: Moltres|Moltres, shiny|78/100
|move|p1a: Hybrid|Earth Power|p2a: Moltres
|-immune|p2a: Moltres
|
|upkeep
|turn|14
|
|t:|1769358058
|switch|p1a: Pisces|Alomomola, M, shiny|100/100
|switch|p2a: Clefable|Clefable, M|100/100
|
|upkeep
|turn|15
|
|t:|1769358063
|move|p2a: Clefable|Calm Mind|p2a: Clefable
|-boost|p2a: Clefable|spa|1
|-boost|p2a: Clefable|spd|1
|move|p1a: Pisces|Flip Turn|p2a: Clefable
|-damage|p2a: Clefable|81/100
|
|t:|1769358067
|switch|p1a: Smile.exe|Tinkaton, F, shiny|68/100|[from] Flip Turn
|
|upkeep
|turn|16
|
|t:|1769358074
|switch|p2a: Moltres|Moltres, shiny|78/100
|move|p1a: Smile.exe|Encore||[still]
|-fail|p1a: Smile.exe
|
|upkeep
|turn|17
|
|t:|1769358078
|switch|p1a: Pisces|Alomomola, M, shiny|100/100
|move|p2a: Moltres|Flamethrower|p1a: Pisces
|-resisted|p1a: Pisces
|-damage|p1a: Pisces|91/100
|
|upkeep
|turn|18
|
|t:|1769358085
|move|p2a: Moltres|Will-O-Wisp|p1a: Pisces
|-status|p1a: Pisces|brn
|move|p1a: Pisces|Flip Turn|p2a: Moltres
|-supereffective|p2a: Moltres
|-damage|p2a: Moltres|65/100
|
|t:|1769358088
|switch|p1a: Hybrid|Hydreigon, M|100/100|[from] Flip Turn
|
|upkeep
|turn|19
|
|t:|1769358098
|switch|p2a: Clefable|Clefable, M|81/100
|move|p1a: Hybrid|Draco Meteor|p2a: Clefable
|-immune|p2a: Clefable
|
|upkeep
|turn|20
|
|t:|1769358109
|switch|p1a: Pisces|Alomomola, M, shiny|100/100 brn
|move|p2a: Clefable|Draining Kiss|p1a: Pisces
|-damage|p1a: Pisces|89/100 brn
|-heal|p2a: Clefable|93/100|[from] drain|[of] p1a: Pisces
|
|-damage|p1a: Pisces|83/100 brn|[from] brn
|upkeep
|turn|21
|
|t:|1769358121
|move|p2a: Clefable|Calm Mind|p2a: Clefable
|-boost|p2a: Clefable|spa|1
|-boost|p2a: Clefable|spd|1
|move|p1a: Pisces|Flip Turn|p2a: Clefable
|-damage|p2a: Clefable|83/100
|
|t:|1769358128
|switch|p1a: Smile.exe|Tinkaton, F, shiny|68/100|[from] Flip Turn
|
|upkeep
|turn|22
|
|t:|1769358133
|switch|p1a: Hybrid|Hydreigon, M|100/100
|switch|p2a: Moltres|Moltres, shiny|65/100
|
|upkeep
|turn|23
|
|t:|1769358146
|switch|p2a: Lanturn|Lanturn, M, shiny|100/100
|-damage|p2a: Lanturn|88/100|[from] Stealth Rock
|move|p1a: Hybrid|Dark Pulse|p2a: Lanturn
|-damage|p2a: Lanturn|57/100
|
|upkeep
|turn|24
|
|t:|1769358161
|switch|p1a: Pisces|Alomomola, M, shiny|100/100 brn
|move|p2a: Lanturn|Discharge|p1a: Pisces
|-supereffective|p1a: Pisces
|-damage|p1a: Pisces|70/100 brn
|
|-damage|p1a: Pisces|64/100 brn|[from] brn
|upkeep
|turn|25
|inactive|KingCS123 has 120 seconds left.
|
|t:|1769358201
|switch|p2a: Clefable|Clefable, M|83/100
|move|p1a: Pisces|Mirror Coat||[still]
|-fail|p1a: Pisces
|
|-damage|p1a: Pisces|58/100 brn|[from] brn
|upkeep
|turn|26
|
|t:|1769358212
|move|p2a: Clefable|Draining Kiss|p1a: Pisces
|-damage|p1a: Pisces|46/100 brn
|-heal|p2a: Clefable|95/100|[from] drain|[of] p1a: Pisces
|move|p1a: Pisces|Flip Turn|p2a: Clefable
|-damage|p2a: Clefable|86/100
|
|t:|1769358222
|switch|p1a: Smile.exe|Tinkaton, F, shiny|68/100|[from] Flip Turn
|
|upkeep
|turn|27
|inactive|KingCS123 has 120 seconds left.
|
|t:|1769358230
|switch|p2a: Moltres|Moltres, shiny|65/100
|move|p1a: Smile.exe|Gigaton Hammer|p2a: Moltres
|-resisted|p2a: Moltres
|-damage|p2a: Moltres|45/100
|
|upkeep
|turn|28
|
|t:|1769358235
|switch|p1a: Pisces|Alomomola, M, shiny|79/100 brn
|move|p2a: Moltres|Roost|p2a: Moltres
|-heal|p2a: Moltres|95/100
|-singleturn|p2a: Moltres|move: Roost
|
|-damage|p1a: Pisces|73/100 brn|[from] brn
|upkeep
|turn|29
|
|t:|1769358244
|move|p2a: Moltres|U-turn|p1a: Pisces
|-damage|p1a: Pisces|62/100 brn
|
|t:|1769358257
|switch|p2a: Lanturn|Lanturn, M, shiny|57/100|[from] U-turn
|-damage|p2a: Lanturn|45/100|[from] Stealth Rock
|move|p1a: Pisces|Flip Turn|p2a: Lanturn
|-resisted|p2a: Lanturn
|-damage|p2a: Lanturn|40/100
|
|t:|1769358263
|switch|p1a: Anonymous|Ogerpon, F|100/100|[from] Flip Turn
|
|upkeep
|turn|30
|
|t:|1769358282
|move|p1a: Anonymous|Rock Tomb|p2a: Lanturn
|-damage|p2a: Lanturn|7/100
|-unboost|p2a: Lanturn|spe|1
|move|p2a: Lanturn|Ice Beam|p1a: Anonymous
|-supereffective|p1a: Anonymous
|-damage|p1a: Anonymous|51/100
|
|upkeep
|turn|31
|
|t:|1769358295
|switch|p1a: Pisces|Alomomola, M, shiny|95/100 brn
|move|p2a: Lanturn|Ice Beam|p1a: Pisces
|-resisted|p1a: Pisces
|-damage|p1a: Pisces|90/100 brn
|
|-damage|p1a: Pisces|84/100 brn|[from] brn
|upkeep
|turn|32
|
|t:|1769358301
|move|p1a: Pisces|Flip Turn|p2a: Lanturn
|-resisted|p2a: Lanturn
|-damage|p2a: Lanturn|2/100
|
|t:|1769358309
|switch|p1a: Behemoth|Great Tusk|94/100 brn|[from] Flip Turn
|move|p2a: Lanturn|Discharge|p1a: Behemoth
|-immune|p1a: Behemoth
|
|-damage|p1a: Behemoth|88/100 brn|[from] brn
|upkeep
|turn|33
|
|t:|1769358316
|move|p1a: Behemoth|Rapid Spin|p2a: Lanturn
|-damage|p2a: Lanturn|0 fnt
|-boost|p1a: Behemoth|spe|1
|faint|p2a: Lanturn
|
|-damage|p1a: Behemoth|82/100 brn|[from] brn
|upkeep
|
|t:|1769358322
|switch|p2a: Hydrapple|Hydrapple, F, shiny, tera:Steel|100/100
|turn|34
|
|t:|1769358330
|move|p1a: Behemoth|Close Combat|p2a: Hydrapple
|-supereffective|p2a: Hydrapple
|-damage|p2a: Hydrapple|53/100
|-unboost|p1a: Behemoth|def|1
|-unboost|p1a: Behemoth|spd|1
|move|p2a: Hydrapple|Giga Drain|p1a: Behemoth
|-supereffective|p1a: Behemoth
|-damage|p1a: Behemoth|0 fnt
|-heal|p2a: Hydrapple|90/100|[from] drain|[of] p1a: Behemoth
|faint|p1a: Behemoth
|-end|p1a: Behemoth|Protosynthesis|[silent]
|
|upkeep
|
|t:|1769358336
|switch|p1a: Hybrid|Hydreigon, M|100/100
|turn|35
|
|t:|1769358361
|switch|p2a: Clefable|Clefable, M|86/100
|-terastallize|p1a: Hybrid|Steel
|move|p1a: Hybrid|Earth Power|p2a: Clefable
|-damage|p2a: Clefable|57/100
|
|upkeep
|turn|36
|inactive|KingCS123 has 120 seconds left.
|
|t:|1769358377
|switch|p1a: Smile.exe|Tinkaton, F, shiny|68/100
|move|p2a: Clefable|Moonlight|p2a: Clefable
|-heal|p2a: Clefable|100/100
|
|upkeep
|turn|37
|
|t:|1769358385
|switch|p2a: Moltres|Moltres, shiny|95/100
|move|p1a: Smile.exe|Gigaton Hammer|p2a: Moltres
|-resisted|p2a: Moltres
|-damage|p2a: Moltres|73/100
|
|upkeep
|turn|38
|
|t:|1769358390
|switch|p1a: Pisces|Alomomola, M, shiny|100/100 brn
|move|p2a: Moltres|Flamethrower|p1a: Pisces
|-resisted|p1a: Pisces
|-damage|p1a: Pisces|91/100 brn
|
|-damage|p1a: Pisces|85/100 brn|[from] brn
|upkeep
|turn|39
|
|t:|1769358397
|move|p2a: Moltres|U-turn|p1a: Pisces
|-damage|p1a: Pisces|74/100 brn
|
|t:|1769358417
|switch|p2a: Kingambit|Kingambit, F, shiny|100/100|[from] U-turn
|-damage|p2a: Kingambit|94/100|[from] Stealth Rock
|-activate|p2a: Kingambit|ability: Supreme Overlord
|-start|p2a: Kingambit|fallen1|[silent]
|move|p1a: Pisces|Flip Turn|p2a: Kingambit
|-damage|p2a: Kingambit|88/100
|
|t:|1769358429
|switch|p1a: Hybrid|Hydreigon, M, tera:Steel|100/100|[from] Flip Turn
|
|-heal|p2a: Kingambit|94/100|[from] item: Leftovers
|upkeep
|turn|40
|inactive|KingCS123 has 120 seconds left.
|
|t:|1769358456
|move|p2a: Kingambit|Sucker Punch|p1a: Hybrid
|-damage|p1a: Hybrid|50/100
|move|p1a: Hybrid|Earth Power|p2a: Kingambit
|-supereffective|p2a: Kingambit
|-damage|p2a: Kingambit|0 fnt
|faint|p2a: Kingambit
|-end|p2a: Kingambit|fallen1|[silent]
|
|upkeep
|
|t:|1769358460
|switch|p2a: Zamazenta|Zamazenta|100/100
|-ability|p2a: Zamazenta|Dauntless Shield|boost
|-boost|p2a: Zamazenta|def|1
|turn|41
|
|t:|1769358469
|switch|p1a: Pisces|Alomomola, M, shiny|100/100 brn
|move|p2a: Zamazenta|Close Combat|p1a: Pisces
|-crit|p1a: Pisces
|-damage|p1a: Pisces|33/100 brn
|-unboost|p2a: Zamazenta|def|1
|-unboost|p2a: Zamazenta|spd|1
|
|-damage|p1a: Pisces|27/100 brn|[from] brn
|upkeep
|turn|42
|
|t:|1769358477
|move|p1a: Pisces|Aqua Jet|p2a: Zamazenta
|-damage|p2a: Zamazenta|96/100
|move|p2a: Zamazenta|Close Combat|p1a: Pisces
|-damage|p1a: Pisces|0 fnt
|-unboost|p2a: Zamazenta|def|1
|-unboost|p2a: Zamazenta|spd|1
|faint|p1a: Pisces
|
|upkeep
|
|t:|1769358484
|switch|p1a: Smile.exe|Tinkaton, F, shiny|68/100
|turn|43
|
|t:|1769358493
|switch|p2a: Moltres|Moltres, shiny|73/100
|move|p1a: Smile.exe|Gigaton Hammer|p2a: Moltres
|-resisted|p2a: Moltres
|-damage|p2a: Moltres|52/100
|
|upkeep
|turn|44
|
|t:|1769358508
|move|p1a: Smile.exe|Ice Hammer|p2a: Moltres
|-damage|p2a: Moltres|35/100
|-unboost|p1a: Smile.exe|spe|1
|move|p2a: Moltres|Roost|p2a: Moltres
|-heal|p2a: Moltres|85/100
|-singleturn|p2a: Moltres|move: Roost
|
|upkeep
|turn|45
|
|t:|1769358513
|switch|p1a: Anonymous|Ogerpon, F|51/100
|move|p2a: Moltres|Flamethrower|p1a: Anonymous
|-supereffective|p1a: Anonymous
|-damage|p1a: Anonymous|0 fnt
|faint|p1a: Anonymous
|
|upkeep
|
|t:|1769358521
|switch|p1a: Hybrid|Hydreigon, M, tera:Steel|50/100
|turn|46
|
|t:|1769358526
|move|p1a: Hybrid|Flash Cannon|p2a: Moltres
|-resisted|p2a: Moltres
|-damage|p2a: Moltres|55/100
|move|p2a: Moltres|Flamethrower|p1a: Hybrid
|-supereffective|p1a: Hybrid
|-damage|p1a: Hybrid|0 fnt
|faint|p1a: Hybrid
|
|upkeep
|
|t:|1769358529
|switch|p1a: Smile.exe|Tinkaton, F, shiny|68/100
|turn|47
|c|☆1000wings|Gg
|
|t:|1769358538
|move|p1a: Smile.exe|Gigaton Hammer|p2a: Moltres
|-resisted|p2a: Moltres
|-crit|p2a: Moltres
|-damage|p2a: Moltres|27/100
|move|p2a: Moltres|Will-O-Wisp|p1a: Smile.exe
|-status|p1a: Smile.exe|brn
|
|-damage|p1a: Smile.exe|62/100 brn|[from] brn
|upkeep
|turn|48
|c|☆KingCS123|GG
|
|t:|1769358543
|move|p1a: Smile.exe|Ice Hammer|p2a: Moltres
|-damage|p2a: Moltres|18/100
|-unboost|p1a: Smile.exe|spe|1
|move|p2a: Moltres|Roost|p2a: Moltres
|-heal|p2a: Moltres|68/100
|-singleturn|p2a: Moltres|move: Roost
|
|-damage|p1a: Smile.exe|56/100 brn|[from] brn
|upkeep
|turn|49
|
|t:|1769358555
|move|p2a: Moltres|Roost|p2a: Moltres
|-heal|p2a: Moltres|100/100
|-singleturn|p2a: Moltres|move: Roost
|move|p1a: Smile.exe|Ice Hammer|p2a: Moltres
|-resisted|p2a: Moltres
|-crit|p2a: Moltres
|-damage|p2a: Moltres|94/100
|-unboost|p1a: Smile.exe|spe|1
|
|-damage|p1a: Smile.exe|50/100 brn|[from] brn
|upkeep
|turn|50
|
|t:|1769358563
|move|p2a: Moltres|Flamethrower|p1a: Smile.exe
|-supereffective|p1a: Smile.exe
|-damage|p1a: Smile.exe|0 fnt
|faint|p1a: Smile.exe
|
|win|KingCS123
|raw|1000wings's rating: 1308 &rarr; <strong>1291</strong><br />(-17 for losing)
|raw|KingCS123's rating: 1368 &rarr; <strong>1385</strong><br />(+17 for winning)
