|j|☆gholdengofinance
|j|☆IVN CRDZ
|t:|1769426134
|gametype|singles
|player|p1|gholdengofinance|leaf-masters2|1674
|player|p2|IVN CRDZ|lass-gen4|1685
|gen|9
|tier|[Gen 9] OU
|rated|
|rule|HP Percentage Mod: HP is shown in percentages
|rule|Endless Battle Clause: Forcing endless battles is banned
|rule|Species Clause: Limit one of each Pokémon
|rule|OHKO Clause: OHKO moves are banned
|rule|Evasion Items Clause: Evasion items are banned
|rule|Evasion Moves Clause: Evasion moves are banned
|rule|Evasion Abilities Clause: Evasion abilities are banned
|rule|Sleep Moves Clause: Sleep-inducing moves are banned
|clearpoke
|poke|p1|Pecharunt|
|poke|p1|Cinderace, F|
|poke|p1|Iron Valiant|
|poke|p1|Kingambit, F|
|poke|p1|Landorus-Therian, M|
|poke|p1|Kyurem|
|poke|p2|Zapdos|
|poke|p2|Alomomola, M|
|poke|p2|Samurott-Hisui, F|
|poke|p2|Pecharunt|
|poke|p2|Landorus-Therian, M|
|poke|p2|Clefable, M|
|teampreview
|
|t:|1769426160
|teamsize|p1|6
|teamsize|p2|6
|start
|switch|p1a: Kyurem|Kyurem|100/100
|switch|p2a: Pecharunt|Pecharunt|100/100
|-ability|p1a: Kyurem|Pressure
|turn|1
|
|t:|1769426166
|move|p1a: Kyurem|Earth Power|p2a: Pecharunt
|-supereffective|p2a: Pecharunt
|-damage|p2a: Pecharunt|27/100
|move|p2a: Pecharunt|Malignant Chain|p1a: Kyurem
|-damage|p1a: Kyurem|73/100
|-status|p1a: Kyurem|tox
|-start|p1a: Kyurem|confusion|[from] ability: Poison Puppeteer|[of] p2a: Pecharunt
|
|-damage|p1a: Kyurem|66/100 tox|[from] psn
|upkeep
|turn|2
|
|t:|1769426178
|switch|p1a: Landorus|Landorus-Therian, M|100/100
|-ability|p1a: Landorus|Intimidate|boost
|-unboost|p2a: Pecharunt|atk|1
|switch|p2a: Zapdos|Zapdos|100/100
|
|upkeep
|turn|3
|
|t:|1769426181
|move|p2a: Zapdos|Hurricane|p1a: Landorus
|-damage|p1a: Landorus|41/100
|move|p1a: Landorus|Stealth Rock|p2a: Zapdos
|-sidestart|p2: IVN CRDZ|move: Stealth Rock
|
|upkeep
|turn|4
|
|t:|1769426188
|switch|p1a: Kingambit|Kingambit, F|100/100
|move|p2a: Zapdos|Hurricane|p1a: Kingambit
|-resisted|p1a: Kingambit
|-damage|p1a: Kingambit|82/100
|
|upkeep
|turn|5
|
|t:|1769426192
|move|p2a: Zapdos|Volt Switch|p1a: Kingambit
|-damage|p1a: Kingambit|59/100
|
|t:|1769426194
|switch|p2a: Landorus|Landorus-Therian, M|100/100|[from] Volt Switch
|-damage|p2a: Landorus|88/100|[from] Stealth Rock
|-ability|p2a: Landorus|Intimidate|boost
|-unboost|p1a: Kingambit|atk|1
|-ability|p1a: Kingambit|Defiant|boost
|-boost|p1a: Kingambit|atk|2
|move|p1a: Kingambit|Kowtow Cleave|p2a: Landorus
|-damage|p2a: Landorus|37/100
|
|-heal|p2a: Landorus|43/100|[from] item: Leftovers
|upkeep
|turn|6
|
|t:|1769426198
|switch|p1a: Landorus|Landorus-Therian, M|41/100
|-ability|p1a: Landorus|Intimidate|boost
|-unboost|p2a: Landorus|atk|1
|move|p2a: Landorus|Stealth Rock|p1a: Landorus
|-sidestart|p1: gholdengofinance|move: Stealth Rock
|
|-heal|p2a: Landorus|49/100|[from] item: Leftovers
|upkeep
|turn|7
|
|t:|1769426205
|move|p1a: Landorus|Taunt|p2a: Landorus
|-start|p2a: Landorus|move: Taunt
|move|p2a: Landorus|Grass Knot|p1a: Landorus
|-damage|p1a: Landorus|23/100
|-damage|p2a: Landorus|33/100|[from] item: Rocky Helmet|[of] p1a: Landorus
|
|-heal|p2a: Landorus|39/100|[from] item: Leftovers
|upkeep
|turn|8
|
|t:|1769426214
|switch|p2a: Zapdos|Zapdos|100/100
|move|p1a: Landorus|U-turn|p2a: Zapdos
|-resisted|p2a: Zapdos
|-damage|p2a: Zapdos|88/100
|
|t:|1769426217
|switch|p1a: Kyurem|Kyurem|66/100 tox|[from] U-turn
|-damage|p1a: Kyurem|42/100 tox|[from] Stealth Rock
|-ability|p1a: Kyurem|Pressure
|
|-damage|p1a: Kyurem|36/100 tox|[from] psn
|upkeep
|turn|9
|
|t:|1769426224
|move|p2a: Zapdos|Volt Switch|p1a: Kyurem
|-resisted|p1a: Kyurem
|-damage|p1a: Kyurem|18/100 tox
|
|t:|1769426230
|switch|p2a: Alomomola|Alomomola, M|100/100|[from] Volt Switch
|move|p1a: Kyurem|Freeze-Dry|p2a: Alomomola
|-supereffective|p2a: Alomomola
|-damage|p2a: Alomomola|11/100
|
|-damage|p1a: Kyurem|6/100 tox|[from] psn
|upkeep
|turn|10
|
|t:|1769426232
|move|p2a: Alomomola|Protect|p2a: Alomomola
|-singleturn|p2a: Alomomola|Protect
|move|p1a: Kyurem|Freeze-Dry|p2a: Alomomola
|-activate|p2a: Alomomola|move: Protect
|
|-damage|p1a: Kyurem|0 fnt|[from] psn
|faint|p1a: Kyurem
|upkeep
|
|t:|1769426236
|switch|p1a: Iron Valiant|Iron Valiant|100/100
|-damage|p1a: Iron Valiant|94/100|[from] Stealth Rock
|-enditem|p1a: Iron Valiant|Booster Energy
|-activate|p1a: Iron Valiant|ability: Quark Drive|[fromitem]
|-start|p1a: Iron Valiant|quarkdrivespe
|turn|11
|
|t:|1769426244
|switch|p2a: Landorus|Landorus-Therian, M|39/100
|-damage|p2a: Landorus|26/100|[from] Stealth Rock
|-ability|p2a: Landorus|Intimidate|boost
|-unboost|p1a: Iron Valiant|atk|1
|move|p1a: Iron Valiant|Calm Mind|p1a: Iron Valiant
|-boost|p1a: Iron Valiant|spa|1
|-boost|p1a: Iron Valiant|spd|1
|
|-heal|p2a: Landorus|32/100|[from] item: Leftovers
|upkeep
|turn|12
|
|t:|1769426251
|move|p1a: Iron Valiant|Moonblast|p2a: Landorus
|-damage|p2a: Landorus|0 fnt
|faint|p2a: Landorus
|
|upkeep
|j| beeboobaa
|
|t:|1769426261
|switch|p2a: Clefable|Clefable, M|100/100
|turn|13
|
|t:|1769426283
|-terastallize|p1a: Iron Valiant|Ghost
|-terastallize|p2a: Clefable|Steel
|move|p1a: Iron Valiant|Moonblast|p2a: Clefable
|-resisted|p2a: Clefable
|-damage|p2a: Clefable|68/100
|-unboost|p2a: Clefable|spa|1
|move|p2a: Clefable|Calm Mind|p2a: Clefable
|-boost|p2a: Clefable|spa|1
|-boost|p2a: Clefable|spd|1
|
|-heal|p2a: Clefable|74/100|[from] item: Leftovers
|upkeep
|turn|14
|
|t:|1769426297
|move|p1a: Iron Valiant|Calm Mind|p1a: Iron Valiant
|-boost|p1a: Iron Valiant|spa|1
|-boost|p1a: Iron Valiant|spd|1
|move|p2a: Clefable|Moonlight|p2a: Clefable
|-heal|p2a: Clefable|100/100
|
|upkeep
|turn|15
|
|t:|1769426300
|move|p1a: Iron Valiant|Calm Mind|p1a: Iron Valiant
|-boost|p1a: Iron Valiant|spa|1
|-boost|p1a: Iron Valiant|spd|1
|move|p2a: Clefable|Calm Mind|p2a: Clefable
|-boost|p2a: Clefable|spa|1
|-boost|p2a: Clefable|spd|1
|
|upkeep
|turn|16
|
|t:|1769426302
|move|p1a: Iron Valiant|Shadow Ball|p2a: Clefable
|-damage|p2a: Clefable|51/100
|move|p2a: Clefable|Calm Mind|p2a: Clefable
|-boost|p2a: Clefable|spa|1
|-boost|p2a: Clefable|spd|1
|
|-heal|p2a: Clefable|57/100|[from] item: Leftovers
|upkeep
|turn|17
|
|t:|1769426310
|move|p1a: Iron Valiant|Shadow Ball|p2a: Clefable
|-damage|p2a: Clefable|22/100
|-unboost|p2a: Clefable|spd|1
|move|p2a: Clefable|Moonlight|p2a: Clefable
|-heal|p2a: Clefable|72/100
|
|-heal|p2a: Clefable|78/100|[from] item: Leftovers
|upkeep
|turn|18
|
|t:|1769426320
|move|p1a: Iron Valiant|Calm Mind|p1a: Iron Valiant
|-boost|p1a: Iron Valiant|spa|1
|-boost|p1a: Iron Valiant|spd|1
|move|p2a: Clefable|Calm Mind|p2a: Clefable
|-boost|p2a: Clefable|spa|1
|-boost|p2a: Clefable|spd|1
|
|-heal|p2a: Clefable|84/100|[from] item: Leftovers
|upkeep
|turn|19
|
|t:|1769426323
|move|p1a: Iron Valiant|Calm Mind|p1a: Iron Valiant
|-boost|p1a: Iron Valiant|spa|1
|-boost|p1a: Iron Valiant|spd|1
|move|p2a: Clefable|Calm Mind|p2a: Clefable
|-boost|p2a: Clefable|spa|1
|-boost|p2a: Clefable|spd|1
|
|-heal|p2a: Clefable|90/100|[from] item: Leftovers
|upkeep
|turn|20
|
|t:|1769426324
|move|p1a: Iron Valiant|Calm Mind|p1a: Iron Valiant
|-boost|p1a: Iron Valiant|spa|1
|-boost|p1a: Iron Valiant|spd|1
|move|p2a: Clefable|Calm Mind|p2a: Clefable
|-boost|p2a: Clefable|spa|1
|-boost|p2a: Clefable|spd|1
|
|-heal|p2a: Clefable|96/100|[from] item: Leftovers
|upkeep
|turn|21
|
|t:|1769426331
|move|p1a: Iron Valiant|Shadow Ball|p2a: Clefable
|-damage|p2a: Clefable|52/100
|move|p2a: Clefable|Moonblast|p1a: Iron Valiant
|-damage|p1a: Iron Valiant|47/100
|-unboost|p1a: Iron Valiant|spa|1
|
|-heal|p2a: Clefable|58/100|[from] item: Leftovers
|upkeep
|turn|22
|
|t:|1769426340
|move|p1a: Iron Valiant|Shadow Ball|p2a: Clefable
|-damage|p2a: Clefable|21/100
|-unboost|p2a: Clefable|spd|1
|move|p2a: Clefable|Moonlight|p2a: Clefable
|-heal|p2a: Clefable|71/100
|
|-heal|p2a: Clefable|77/100|[from] item: Leftovers
|upkeep
|turn|23
|j| nsdede
|
|t:|1769426350
|move|p1a: Iron Valiant|Shadow Ball|p2a: Clefable
|-damage|p2a: Clefable|30/100
|move|p2a: Clefable|Calm Mind|p2a: Clefable
|-boost|p2a: Clefable|spa|1
|-boost|p2a: Clefable|spd|1
|
|-heal|p2a: Clefable|36/100|[from] item: Leftovers
|upkeep
|turn|24
|
|t:|1769426357
|move|p1a: Iron Valiant|Shadow Ball|p2a: Clefable
|-damage|p2a: Clefable|0 fnt
|faint|p2a: Clefable
|
|upkeep
|
|t:|1769426360
|switch|p2a: Samurott|Samurott-Hisui, F|100/100
|turn|25
|
|t:|1769426362
|move|p1a: Iron Valiant|Vacuum Wave|p2a: Samurott
|-supereffective|p2a: Samurott
|-damage|p2a: Samurott|0 fnt
|faint|p2a: Samurott
|
|upkeep
|-message|IVN CRDZ forfeited.
|
|win|gholdengofinance
|raw|gholdengofinance's rating: 1674 &rarr; <strong>1695</strong><br />(+21 for winning)
|raw|IVN CRDZ's rating: 1685 &rarr; <strong>1664</strong><br />(-21 for losing)
|l|☆IVN CRDZ
|player|p2|
|l|☆gholdengofinance
|player|p1|
|l| nsdede
