|j|☆Hhoottddoogg
|j|☆dripgg
|t:|1769364162
|gametype|singles
|player|p1|Hhoottddoogg|102|1186
|player|p2|dripgg|unknown|1181
|gen|9
|tier|[Gen 9] OU
|rated|
|rule|HP Percentage Mod: HP is shown in percentages
|rule|Endless Battle Clause: Forcing endless battles is banned
|rule|Species Clause: Limit one of each Pokémon
|rule|OHKO Clause: OHKO moves are banned
|rule|Evasion Items Clause: Evasion items are banned
|rule|Evasion Moves Clause: Evasion moves are banned
|rule|Evasion Abilities Clause: Evasion abilities are banned
|rule|Sleep Moves Clause: Sleep-inducing moves are banned
|clearpoke
|poke|p1|Serperior, F|
|poke|p1|Kingambit, F|
|poke|p1|Vikavolt, M|
|poke|p1|Empoleon, M|
|poke|p1|Slowbro-Galar, F|
|poke|p1|Moltres-Galar|
|poke|p2|Venusaur, F|
|poke|p2|Raging Bolt|
|poke|p2|Kyurem|
|poke|p2|Gholdengo|
|poke|p2|Deoxys-Speed|
|poke|p2|Kommo-o, F|
|teampreview
|inactive|Battle timer is ON: inactive players will automatically lose when time's up. (requested by dripgg)
|inactive|Hhoottddoogg has 120 seconds left.
|inactive|Hhoottddoogg has 90 seconds left.
|inactive|Hhoottddoogg has 60 seconds left.
|l|☆Hhoottddoogg
|inactive|Hhoottddoogg disconnected and has a minute to reconnect!
|player|p1|
|j|☆Hhoottddoogg
|inactive|Hhoottddoogg reconnected and has 35 seconds left.
|player|p1|Hhoottddoogg|102|
|inactive|Hhoottddoogg has 30 seconds left.
|
|t:|1769364295
|teamsize|p1|6
|teamsize|p2|6
|start
|switch|p1a: Vikavolt|Vikavolt, M|100/100
|switch|p2a: Deoxys|Deoxys-Speed|100/100
|-ability|p2a: Deoxys|Pressure
|turn|1
|
|t:|1769364300
|move|p2a: Deoxys|Taunt|p1a: Vikavolt
|-start|p1a: Vikavolt|move: Taunt
|move|p1a: Vikavolt|Discharge|p2a: Deoxys
|-damage|p2a: Deoxys|24/100
|-status|p2a: Deoxys|par
|
|upkeep
|turn|2
|
|t:|1769364310
|move|p2a: Deoxys|Knock Off|p1a: Vikavolt
|-damage|p1a: Vikavolt|71/100
|-enditem|p1a: Vikavolt|Safety Goggles|[from] move: Knock Off|[of] p2a: Deoxys
|move|p1a: Vikavolt|Bug Buzz|p2a: Deoxys
|-supereffective|p2a: Deoxys
|-damage|p2a: Deoxys|0 fnt
|faint|p2a: Deoxys
|
|upkeep
|
|t:|1769364319
|switch|p2a: Kyurem|Kyurem|100/100
|-ability|p2a: Kyurem|Pressure
|turn|3
|
|t:|1769364328
|move|p2a: Kyurem|Draco Meteor|p1a: Vikavolt
|-damage|p1a: Vikavolt|0 fnt
|-unboost|p2a: Kyurem|spa|2
|faint|p1a: Vikavolt
|
|upkeep
|
|t:|1769364343
|switch|p1a: Empoleon|Empoleon, M|100/100
|turn|4
|
|t:|1769364350
|switch|p2a: Raging Bolt|Raging Bolt|100/100
|move|p1a: Empoleon|Flash Cannon|p2a: Raging Bolt
|-resisted|p2a: Raging Bolt
|-damage|p2a: Raging Bolt|79/100
|
|-heal|p2a: Raging Bolt|85/100|[from] item: Leftovers
|upkeep
|turn|5
|
|t:|1769364354
|move|p2a: Raging Bolt|Calm Mind|p2a: Raging Bolt
|-boost|p2a: Raging Bolt|spa|1
|-boost|p2a: Raging Bolt|spd|1
|move|p1a: Empoleon|Ice Beam|p2a: Raging Bolt
|-supereffective|p2a: Raging Bolt
|-damage|p2a: Raging Bolt|43/100
|
|-heal|p2a: Raging Bolt|49/100|[from] item: Leftovers
|upkeep
|turn|6
|inactive|Hhoottddoogg has 120 seconds left.
|
|t:|1769364372
|-terastallize|p1a: Empoleon|Ground
|move|p2a: Raging Bolt|Volt Switch|p1a: Empoleon
|-immune|p1a: Empoleon
|move|p1a: Empoleon|Ice Beam|p2a: Raging Bolt
|-supereffective|p2a: Raging Bolt
|-damage|p2a: Raging Bolt|10/100
|
|-heal|p2a: Raging Bolt|16/100|[from] item: Leftovers
|upkeep
|turn|7
|inactive|Hhoottddoogg has 120 seconds left.
|
|t:|1769364384
|move|p2a: Raging Bolt|Dragon Pulse|p1a: Empoleon
|-damage|p1a: Empoleon|53/100
|move|p1a: Empoleon|Flash Cannon|p2a: Raging Bolt
|-resisted|p2a: Raging Bolt
|-damage|p2a: Raging Bolt|4/100
|
|-heal|p2a: Raging Bolt|10/100|[from] item: Leftovers
|upkeep
|turn|8
|
|t:|1769364390
|move|p2a: Raging Bolt|Dragon Pulse|p1a: Empoleon
|-damage|p1a: Empoleon|10/100
|move|p1a: Empoleon|Ice Beam|p2a: Raging Bolt
|-supereffective|p2a: Raging Bolt
|-damage|p2a: Raging Bolt|0 fnt
|faint|p2a: Raging Bolt
|-end|p2a: Raging Bolt|Protosynthesis|[silent]
|
|upkeep
|
|t:|1769364399
|switch|p2a: Gholdengo|Gholdengo|100/100
|-item|p2a: Gholdengo|Air Balloon
|turn|9
|
|t:|1769364404
|move|p2a: Gholdengo|Shadow Ball|p1a: Empoleon
|-damage|p1a: Empoleon|0 fnt
|faint|p1a: Empoleon
|
|upkeep
|
|t:|1769364425
|switch|p1a: Moltres|Moltres-Galar|100/100
|turn|10
|
|t:|1769364428
|move|p2a: Gholdengo|Thunder Wave|p1a: Moltres
|-status|p1a: Moltres|par
|move|p1a: Moltres|Agility|p1a: Moltres
|-boost|p1a: Moltres|spe|2
|
|upkeep
|turn|11
|
|t:|1769364434
|move|p2a: Gholdengo|Nasty Plot|p2a: Gholdengo
|-boost|p2a: Gholdengo|spa|2
|move|p1a: Moltres|Fiery Wrath|p2a: Gholdengo
|-supereffective|p2a: Gholdengo
|-damage|p2a: Gholdengo|0 fnt
|-enditem|p2a: Gholdengo|Air Balloon
|faint|p2a: Gholdengo
|
|upkeep
|
|t:|1769364437
|switch|p2a: Kyurem|Kyurem|100/100
|-ability|p2a: Kyurem|Pressure
|turn|12
|
|t:|1769364443
|move|p2a: Kyurem|Ice Beam|p1a: Moltres
|-supereffective|p1a: Moltres
|-damage|p1a: Moltres|1/100 par
|-ability|p1a: Moltres|Berserk|boost
|-boost|p1a: Moltres|spa|1
|cant|p1a: Moltres|par
|
|upkeep
|turn|13
|
|t:|1769364449
|move|p2a: Kyurem|Ice Beam|p1a: Moltres
|-supereffective|p1a: Moltres
|-damage|p1a: Moltres|0 fnt
|faint|p1a: Moltres
|
|upkeep
|
|t:|1769364465
|switch|p1a: Serperior|Serperior, F|100/100
|turn|14
|
|t:|1769364468
|move|p2a: Kyurem|Ice Beam|p1a: Serperior
|-supereffective|p1a: Serperior
|-damage|p1a: Serperior|0 fnt
|faint|p1a: Serperior
|
|upkeep
|
|t:|1769364471
|switch|p1a: Kingambit|Kingambit, F|100/100
|turn|15
|
|t:|1769364474
|switch|p2a: Venusaur|Venusaur, F|100/100
|move|p1a: Kingambit|Iron Head|p2a: Venusaur
|-damage|p2a: Venusaur|38/100
|
|-heal|p2a: Venusaur|44/100|[from] item: Black Sludge
|upkeep
|turn|16
|
|t:|1769364481
|-terastallize|p2a: Venusaur|Dark
|move|p2a: Venusaur|Earth Power|p1a: Kingambit
|-supereffective|p1a: Kingambit
|-damage|p1a: Kingambit|41/100
|-unboost|p1a: Kingambit|spd|1
|-ability|p1a: Kingambit|Defiant|boost
|-boost|p1a: Kingambit|atk|2
|move|p1a: Kingambit|Iron Head|p2a: Venusaur
|-damage|p2a: Venusaur|0 fnt
|faint|p2a: Venusaur
|
|upkeep
|
|t:|1769364490
|switch|p2a: Kommo-o|Kommo-o, F|100/100
|turn|17
|
|t:|1769364498
|switch|p1a: Slowbro|Slowbro-Galar, F|100/100
|move|p2a: Kommo-o|Drain Punch|p1a: Slowbro
|-resisted|p1a: Slowbro
|-damage|p1a: Slowbro|94/100
|
|upkeep
|turn|18
|
|t:|1769364519
|switch|p2a: Kyurem|Kyurem|100/100
|-ability|p2a: Kyurem|Pressure
|move|p1a: Slowbro|Psychic|p2a: Kyurem
|-damage|p2a: Kyurem|61/100
|
|upkeep
|turn|19
|inactive|Hhoottddoogg has 120 seconds left.
|
|t:|1769364542
|move|p2a: Kyurem|Earth Power|p1a: Slowbro
|-supereffective|p1a: Slowbro
|-damage|p1a: Slowbro|21/100
|move|p1a: Slowbro|Shell Side Arm|p2a: Kyurem|[anim] Shell Side Arm Special
|-crit|p2a: Kyurem
|-damage|p2a: Kyurem|0 fnt
|-hint|Special Shell Side Arm
|faint|p2a: Kyurem
|
|upkeep
|
|t:|1769364548
|switch|p2a: Kommo-o|Kommo-o, F|100/100
|turn|20
|-activate|p1a: Slowbro|ability: Quick Draw
|
|t:|1769364552
|move|p1a: Slowbro|Psychic|p2a: Kommo-o
|-supereffective|p2a: Kommo-o
|-damage|p2a: Kommo-o|0 fnt
|faint|p2a: Kommo-o
|
|win|Hhoottddoogg
|raw|Hhoottddoogg's rating: 1186 &rarr; <strong>1211</strong><br />(+25 for winning)
|raw|dripgg's rating: 1181 &rarr; <strong>1156</strong><br />(-25 for losing)
|c|☆Hhoottddoogg|Ouch
|l|☆dripgg
|player|p2|
|c|☆Hhoottddoogg|gg
|l|☆Hhoottddoogg
|player|p1|
