|j|☆SomeoneTellMeWhy
|j|☆koten96
|t:|1769321964
|gametype|singles
|player|p1|SomeoneTellMeWhy|nate|1108
|player|p2|koten96|steven|1125
|gen|9
|tier|[Gen 9] OU
|rated|
|rule|HP Percentage Mod: HP is shown in percentages
|rule|Endless Battle Clause: Forcing endless battles is banned
|rule|Species Clause: Limit one of each Pokémon
|rule|OHKO Clause: OHKO moves are banned
|rule|Evasion Items Clause: Evasion items are banned
|rule|Evasion Moves Clause: Evasion moves are banned
|rule|Evasion Abilities Clause: Evasion abilities are banned
|rule|Sleep Moves Clause: Sleep-inducing moves are banned
|clearpoke
|poke|p1|Swalot, M|
|poke|p1|Blaziken, M|
|poke|p1|Landorus-Therian, M|
|poke|p1|Hydrapple, M|
|poke|p1|Vivillon-Pokeball, M|
|poke|p1|Komala, M|
|poke|p2|Lokix, M|
|poke|p2|Hatterene, F|
|poke|p2|Alomomola, F|
|poke|p2|Corviknight, F|
|poke|p2|Dragalge, M|
|poke|p2|Garganacl, F|
|teampreview
|inactive|Battle timer is ON: inactive players will automatically lose when time's up. (requested by SomeoneTellMeWhy)
|inactive|koten96 also wants the timer to be on.
|
|t:|1769321974
|teamsize|p1|6
|teamsize|p2|6
|start
|switch|p1a: Landorus|Landorus-Therian, M|100/100
|switch|p2a: Lokix|Lokix, M, shiny|100/100
|-ability|p1a: Landorus|Intimidate|boost
|-unboost|p2a: Lokix|atk|1
|turn|1
|
|t:|1769321986
|move|p2a: Lokix|U-turn|p1a: Landorus
|-resisted|p1a: Landorus
|-damage|p1a: Landorus|82/100
|-damage|p2a: Lokix|84/100|[from] item: Rocky Helmet|[of] p1a: Landorus
|-damage|p2a: Lokix|74/100|[from] item: Life Orb
|
|t:|1769321996
|switch|p2a: Corviknight|Corviknight, F, shiny|100/100|[from] U-turn
|-ability|p2a: Corviknight|Pressure
|move|p1a: Landorus|Taunt|p2a: Corviknight
|-start|p2a: Corviknight|move: Taunt
|
|upkeep
|turn|2
|
|t:|1769322006
|move|p1a: Landorus|Stealth Rock|p2a: Corviknight
|-sidestart|p2: koten96|move: Stealth Rock
|move|p2a: Corviknight|Brave Bird|p1a: Landorus
|-damage|p1a: Landorus|47/100
|-damage|p2a: Corviknight|84/100|[from] item: Rocky Helmet|[of] p1a: Landorus
|-damage|p2a: Corviknight|73/100|[from] Recoil
|
|upkeep
|turn|3
|
|t:|1769322016
|move|p1a: Landorus|U-turn|p2a: Corviknight
|-resisted|p2a: Corviknight
|-damage|p2a: Corviknight|68/100
|-damage|p1a: Landorus|30/100|[from] item: Rocky Helmet|[of] p2a: Corviknight
|
|t:|1769322025
|switch|p1a: Komala|Komala, M|100/100|[from] U-turn
|-ability|p1a: Komala|Comatose
|move|p2a: Corviknight|U-turn|p1a: Komala
|-damage|p1a: Komala|70/100
|
|t:|1769322037
|switch|p2a: Alomomola|Alomomola, F, shiny|100/100|[from] U-turn
|-damage|p2a: Alomomola|88/100|[from] Stealth Rock
|
|-heal|p2a: Alomomola|94/100|[from] item: Leftovers
|upkeep
|turn|4
|
|t:|1769322047
|move|p1a: Komala|Knock Off|p2a: Alomomola
|-crit|p2a: Alomomola
|-damage|p2a: Alomomola|67/100
|-enditem|p2a: Alomomola|Leftovers|[from] move: Knock Off|[of] p1a: Komala
|move|p2a: Alomomola|Flip Turn|p1a: Komala
|-damage|p1a: Komala|46/100
|
|t:|1769322055
|switch|p2a: Corviknight|Corviknight, F, shiny|68/100|[from] Flip Turn
|-damage|p2a: Corviknight|56/100|[from] Stealth Rock
|-ability|p2a: Corviknight|Pressure
|
|upkeep
|turn|5
|
|t:|1769322064
|move|p2a: Corviknight|Defog|p1a: Komala
|-unboost|p1a: Komala|evasion|1
|-sideend|p2: koten96|Stealth Rock|[from] move: Defog|[of] p2a: Corviknight
|move|p1a: Komala|Knock Off|p2a: Corviknight
|-damage|p2a: Corviknight|29/100
|-damage|p1a: Komala|29/100|[from] item: Rocky Helmet|[of] p2a: Corviknight
|-enditem|p2a: Corviknight|Rocky Helmet|[from] move: Knock Off|[of] p1a: Komala
|
|upkeep
|turn|6
|
|t:|1769322075
|move|p2a: Corviknight|Roost|p2a: Corviknight
|-heal|p2a: Corviknight|79/100
|-singleturn|p2a: Corviknight|move: Roost
|move|p1a: Komala|Body Slam|p2a: Corviknight
|-resisted|p2a: Corviknight
|-damage|p2a: Corviknight|60/100
|
|upkeep
|turn|7
|-message|SomeoneTellMeWhy forfeited.
|
|win|koten96
|raw|SomeoneTellMeWhy's rating: 1108 &rarr; <strong>1084</strong><br />(-24 for losing)
|raw|koten96's rating: 1125 &rarr; <strong>1149</strong><br />(+24 for winning)
|l|☆SomeoneTellMeWhy
|player|p1|
|l|☆koten96
|player|p2|
