|j|☆Imaginehavingskill
|j|☆Serpgarg
|t:|1769320519
|gametype|singles
|player|p1|Imaginehavingskill|fisherman-gen4|1402
|player|p2|Serpgarg|266|1454
|gen|9
|tier|[Gen 9] OU
|rated|
|rule|HP Percentage Mod: HP is shown in percentages
|rule|Endless Battle Clause: Forcing endless battles is banned
|rule|Species Clause: Limit one of each Pokémon
|rule|OHKO Clause: OHKO moves are banned
|rule|Evasion Items Clause: Evasion items are banned
|rule|Evasion Moves Clause: Evasion moves are banned
|rule|Evasion Abilities Clause: Evasion abilities are banned
|rule|Sleep Moves Clause: Sleep-inducing moves are banned
|clearpoke
|poke|p1|Sinistcha|
|poke|p1|Ting-Lu|
|poke|p1|Rillaboom, M|
|poke|p1|Kingambit, F|
|poke|p1|Deoxys-Speed|
|poke|p1|Clefable, F|
|poke|p2|Reuniclus, M|
|poke|p2|Great Tusk|
|poke|p2|Primarina, F|
|poke|p2|Darkrai|
|poke|p2|Corviknight, M|
|poke|p2|Ogerpon, F|
|teampreview
|
|t:|1769320531
|teamsize|p1|6
|teamsize|p2|6
|start
|switch|p1a: Ting-Lu|Ting-Lu|100/100
|switch|p2a: Reuniclus|Reuniclus, M|100/100
|-ability|p1a: Ting-Lu|Vessel of Ruin
|turn|1
|
|t:|1769320534
|move|p1a: Ting-Lu|Spikes|p2a: Reuniclus
|-sidestart|p2: Serpgarg|Spikes
|move|p2a: Reuniclus|Focus Blast|p1a: Ting-Lu
|-supereffective|p1a: Ting-Lu
|-damage|p1a: Ting-Lu|61/100
|
|-heal|p1a: Ting-Lu|67/100|[from] item: Leftovers
|upkeep
|turn|2
|
|t:|1769320540
|move|p1a: Ting-Lu|Stealth Rock|p2a: Reuniclus
|-sidestart|p2: Serpgarg|move: Stealth Rock
|move|p2a: Reuniclus|Focus Blast|p1a: Ting-Lu
|-supereffective|p1a: Ting-Lu
|-damage|p1a: Ting-Lu|30/100
|
|-heal|p1a: Ting-Lu|37/100|[from] item: Leftovers
|upkeep
|turn|3
|
|t:|1769320548
|switch|p1a: Clefable|Clefable, F|100/100
|move|p2a: Reuniclus|Focus Blast|p1a: Clefable|[miss]
|-miss|p2a: Reuniclus|p1a: Clefable
|
|upkeep
|turn|4
|
|t:|1769320562
|move|p1a: Clefable|Calm Mind|p1a: Clefable
|-boost|p1a: Clefable|spa|1
|-boost|p1a: Clefable|spd|1
|move|p2a: Reuniclus|Knock Off|p1a: Clefable
|-resisted|p1a: Clefable
|-damage|p1a: Clefable|92/100
|-enditem|p1a: Clefable|Life Orb|[from] move: Knock Off|[of] p2a: Reuniclus
|
|upkeep
|turn|5
|
|t:|1769320573
|switch|p2a: Primarina|Primarina, F|100/100
|-damage|p2a: Primarina|88/100|[from] Spikes
|-damage|p2a: Primarina|76/100|[from] Stealth Rock
|move|p1a: Clefable|Calm Mind|p1a: Clefable
|-boost|p1a: Clefable|spa|1
|-boost|p1a: Clefable|spd|1
|
|upkeep
|turn|6
|
|t:|1769320578
|move|p1a: Clefable|Moonblast|p2a: Primarina
|-damage|p2a: Primarina|26/100
|move|p2a: Primarina|Moonblast|p1a: Clefable
|-damage|p1a: Clefable|68/100
|
|upkeep
|turn|7
|
|t:|1769320581
|move|p2a: Primarina|Psychic Noise|p1a: Clefable
|-damage|p1a: Clefable|54/100
|-start|p1a: Clefable|move: Heal Block
|move|p1a: Clefable|Moonblast|p2a: Primarina
|-damage|p2a: Primarina|0 fnt
|faint|p2a: Primarina
|
|upkeep
|
|t:|1769320600
|switch|p2a: Behemoth|Great Tusk, shiny|100/100
|turn|8
|
|t:|1769320608
|switch|p1a: Sinistcha|Sinistcha|100/100
|move|p2a: Behemoth|Headlong Rush|p1a: Sinistcha
|-resisted|p1a: Sinistcha
|-damage|p1a: Sinistcha|81/100
|-unboost|p2a: Behemoth|def|1
|-unboost|p2a: Behemoth|spd|1
|
|upkeep
|turn|9
|
|t:|1769320612
|-end|p2a: Behemoth|Protosynthesis|[silent]
|switch|p2a: Corviknight|Corviknight, M|100/100
|-damage|p2a: Corviknight|88/100|[from] Stealth Rock
|-ability|p2a: Corviknight|Pressure
|move|p1a: Sinistcha|Calm Mind|p1a: Sinistcha
|-boost|p1a: Sinistcha|spa|1
|-boost|p1a: Sinistcha|spd|1
|
|upkeep
|turn|10
|
|t:|1769320617
|-terastallize|p1a: Sinistcha|Poison
|move|p1a: Sinistcha|Calm Mind|p1a: Sinistcha
|-boost|p1a: Sinistcha|spa|1
|-boost|p1a: Sinistcha|spd|1
|move|p2a: Corviknight|Defog|p1a: Sinistcha
|-unboost|p1a: Sinistcha|evasion|1
|-sideend|p2: Serpgarg|Spikes|[from] move: Defog|[of] p2a: Corviknight
|-sideend|p2: Serpgarg|Stealth Rock|[from] move: Defog|[of] p2a: Corviknight
|
|upkeep
|turn|11
|
|t:|1769320621
|move|p1a: Sinistcha|Calm Mind|p1a: Sinistcha
|-boost|p1a: Sinistcha|spa|1
|-boost|p1a: Sinistcha|spd|1
|move|p2a: Corviknight|U-turn|p1a: Sinistcha
|-resisted|p1a: Sinistcha
|-damage|p1a: Sinistcha|76/100
|
|t:|1769320626
|switch|p2a: Behemoth|Great Tusk, shiny|100/100|[from] U-turn
|
|upkeep
|turn|12
|
|t:|1769320628
|move|p2a: Behemoth|Headlong Rush|p1a: Sinistcha
|-supereffective|p1a: Sinistcha
|-damage|p1a: Sinistcha|0 fnt
|-unboost|p2a: Behemoth|def|1
|-unboost|p2a: Behemoth|spd|1
|faint|p1a: Sinistcha
|
|upkeep
|
|t:|1769320632
|switch|p1a: Deoxys|Deoxys-Speed|100/100
|-ability|p1a: Deoxys|Pressure
|turn|13
|j| 304Collector
|
|t:|1769320640
|-end|p2a: Behemoth|Protosynthesis|[silent]
|switch|p2a: Corviknight|Corviknight, M|88/100
|-ability|p2a: Corviknight|Pressure
|move|p1a: Deoxys|Nasty Plot|p1a: Deoxys
|-boost|p1a: Deoxys|spa|2
|
|upkeep
|turn|14
|
|t:|1769320647
|switch|p2a: Reuniclus|Reuniclus, M|100/100
|move|p1a: Deoxys|Thunderbolt|p2a: Reuniclus
|-damage|p2a: Reuniclus|69/100
|
|upkeep
|turn|15
|l| 304Collector
|inactive|Battle timer is ON: inactive players will automatically lose when time's up. (requested by Imaginehavingskill)
|
|t:|1769320665
|move|p1a: Deoxys|Nasty Plot|p1a: Deoxys
|-boost|p1a: Deoxys|spa|2
|move|p2a: Reuniclus|Knock Off|p1a: Deoxys
|-supereffective|p1a: Deoxys
|-damage|p1a: Deoxys|60/100
|-enditem|p1a: Deoxys|Heavy-Duty Boots|[from] move: Knock Off|[of] p2a: Reuniclus
|
|upkeep
|turn|16
|
|t:|1769320674
|move|p1a: Deoxys|Nasty Plot|p1a: Deoxys
|-boost|p1a: Deoxys|spa|2
|move|p2a: Reuniclus|Psychic Noise|p1a: Deoxys
|-resisted|p1a: Deoxys
|-damage|p1a: Deoxys|29/100
|-start|p1a: Deoxys|move: Heal Block
|
|upkeep
|turn|17
|
|t:|1769320686
|move|p1a: Deoxys|Psycho Boost|p2a: Reuniclus
|-resisted|p2a: Reuniclus
|-damage|p2a: Reuniclus|0 fnt
|-unboost|p1a: Deoxys|spa|2
|faint|p2a: Reuniclus
|
|-end|p1a: Deoxys|move: Heal Block
|upkeep
|
|t:|1769320693
|switch|p2a: Ogerpon|Ogerpon, F|100/100
|turn|18
|
|t:|1769320703
|switch|p1a: Rillaboom|Rillaboom, M|100/100
|-fieldstart|move: Grassy Terrain|[from] ability: Grassy Surge|[of] p1a: Rillaboom
|-terastallize|p2a: Ogerpon|Grass
|detailschange|p2a: Ogerpon|Ogerpon-Teal-Tera, F, tera:Grass
|-ability|p2a: Ogerpon|Embody Aspect (Teal)|boost
|-boost|p2a: Ogerpon|spe|1
|move|p2a: Ogerpon|U-turn|p1a: Rillaboom
|-supereffective|p1a: Rillaboom
|-damage|p1a: Rillaboom|28/100
|
|t:|1769320707
|switch|p2a: Corviknight|Corviknight, M|88/100|[from] U-turn
|-ability|p2a: Corviknight|Pressure
|
|-heal|p1a: Rillaboom|34/100|[from] Grassy Terrain
|upkeep
|turn|19
|inactive|Imaginehavingskill has 120 seconds left.
|
|t:|1769320749
|switch|p1a: Ting-Lu|Ting-Lu|37/100
|-ability|p1a: Ting-Lu|Vessel of Ruin
|move|p2a: Corviknight|Brave Bird|p1a: Ting-Lu
|-damage|p1a: Ting-Lu|17/100
|-damage|p2a: Corviknight|80/100|[from] Recoil
|
|-heal|p1a: Ting-Lu|24/100|[from] Grassy Terrain
|-heal|p1a: Ting-Lu|30/100|[from] item: Leftovers
|upkeep
|turn|20
|inactive|Serpgarg has 120 seconds left.
|
|t:|1769320779
|move|p2a: Corviknight|U-turn|p1a: Ting-Lu
|-supereffective|p1a: Ting-Lu
|-damage|p1a: Ting-Lu|15/100
|
|t:|1769320781
|switch|p2a: Ogerpon|Ogerpon-Teal-Tera, F, tera:Grass|100/100|[from] U-turn
|-ability|p2a: Ogerpon|Embody Aspect (Teal)|boost
|-boost|p2a: Ogerpon|spe|1
|move|p1a: Ting-Lu|Ruination|p2a: Ogerpon
|-damage|p2a: Ogerpon|51/100
|
|-heal|p2a: Ogerpon|57/100|[from] Grassy Terrain
|-heal|p1a: Ting-Lu|21/100|[from] Grassy Terrain
|-heal|p1a: Ting-Lu|27/100|[from] item: Leftovers
|upkeep
|turn|21
|
|t:|1769320786
|move|p2a: Ogerpon|Ivy Cudgel|p1a: Ting-Lu
|-supereffective|p1a: Ting-Lu
|-crit|p1a: Ting-Lu
|-damage|p1a: Ting-Lu|0 fnt
|faint|p1a: Ting-Lu
|
|-heal|p2a: Ogerpon|63/100|[from] Grassy Terrain
|upkeep
|
|t:|1769320795
|switch|p1a: Kingambit|Kingambit, F|100/100
|-activate|p1a: Kingambit|ability: Supreme Overlord
|-start|p1a: Kingambit|fallen2|[silent]
|turn|22
|
|t:|1769320808
|switch|p2a: Behemoth|Great Tusk, shiny|100/100
|move|p1a: Kingambit|Low Kick|p2a: Behemoth
|-damage|p2a: Behemoth|63/100
|
|-heal|p2a: Behemoth|69/100|[from] Grassy Terrain
|-fieldend|move: Grassy Terrain
|upkeep
|turn|23
|
|t:|1769320814
|-end|p1a: Kingambit|fallen2|[silent]
|switch|p1a: Rillaboom|Rillaboom, M|34/100
|-fieldstart|move: Grassy Terrain|[from] ability: Grassy Surge|[of] p1a: Rillaboom
|move|p2a: Behemoth|Headlong Rush|p1a: Rillaboom
|-resisted|p1a: Rillaboom
|-damage|p1a: Rillaboom|2/100
|-unboost|p2a: Behemoth|def|1
|-unboost|p2a: Behemoth|spd|1
|
|-heal|p2a: Behemoth|75/100|[from] Grassy Terrain
|-heal|p1a: Rillaboom|8/100|[from] Grassy Terrain
|upkeep
|turn|24
|
|t:|1769320817
|-end|p2a: Behemoth|Protosynthesis|[silent]
|switch|p2a: Corviknight|Corviknight, M|80/100
|-ability|p2a: Corviknight|Pressure
|move|p1a: Rillaboom|Grassy Glide|p2a: Corviknight
|-resisted|p2a: Corviknight
|-damage|p2a: Corviknight|74/100
|-damage|p1a: Rillaboom|0 fnt|[from] item: Rocky Helmet|[of] p2a: Corviknight
|faint|p1a: Rillaboom
|
|upkeep
|
|t:|1769320822
|switch|p1a: Clefable|Clefable, F|54/100
|turn|25
|
|t:|1769320826
|move|p1a: Clefable|Moonlight|p1a: Clefable
|-heal|p1a: Clefable|100/100
|move|p2a: Corviknight|U-turn|p1a: Clefable
|-resisted|p1a: Clefable
|-damage|p1a: Clefable|93/100
|
|t:|1769320830
|switch|p2a: Ogerpon|Ogerpon-Teal-Tera, F, tera:Grass|63/100|[from] U-turn
|-ability|p2a: Ogerpon|Embody Aspect (Teal)|boost
|-boost|p2a: Ogerpon|spe|1
|
|-heal|p2a: Ogerpon|69/100|[from] Grassy Terrain
|-heal|p1a: Clefable|99/100|[from] Grassy Terrain
|upkeep
|turn|26
|
|t:|1769320839
|move|p2a: Ogerpon|Ivy Cudgel|p1a: Clefable
|-damage|p1a: Clefable|0 fnt
|faint|p1a: Clefable
|
|-heal|p2a: Ogerpon|75/100|[from] Grassy Terrain
|upkeep
|-message|Imaginehavingskill forfeited.
|
|win|Serpgarg
|raw|Imaginehavingskill's rating: 1402 &rarr; <strong>1385</strong><br />(-17 for losing)
|raw|Serpgarg's rating: 1454 &rarr; <strong>1471</strong><br />(+17 for winning)
|l|☆Imaginehavingskill
|player|p1|
|l|☆Serpgarg
|player|p2|
