|j|☆patealeau
|j|☆znquanuo
|t:|1769346472
|gametype|singles
|player|p1|patealeau|101|1404
|player|p2|znquanuo|ingo|1384
|gen|9
|tier|[Gen 9] OU
|rated|
|rule|HP Percentage Mod: HP is shown in percentages
|rule|Endless Battle Clause: Forcing endless battles is banned
|rule|Species Clause: Limit one of each Pokémon
|rule|OHKO Clause: OHKO moves are banned
|rule|Evasion Items Clause: Evasion items are banned
|rule|Evasion Moves Clause: Evasion moves are banned
|rule|Evasion Abilities Clause: Evasion abilities are banned
|rule|Sleep Moves Clause: Sleep-inducing moves are banned
|clearpoke
|poke|p1|Drednaw, F|
|poke|p1|Pelipper, M|
|poke|p1|Indeedee, M|
|poke|p1|Hatterene, F|
|poke|p1|Barraskewda, F|
|poke|p1|Samurott-Hisui, F|
|poke|p2|Rillaboom, M|
|poke|p2|Okidogi, M|
|poke|p2|Zamazenta-*|
|poke|p2|Iron Treads|
|poke|p2|Clefable, F|
|poke|p2|Walking Wake|
|teampreview
|inactive|Battle timer is ON: inactive players will automatically lose when time's up. (requested by patealeau)
|
|t:|1769346482
|teamsize|p1|6
|teamsize|p2|6
|start
|switch|p1a: Samurott|Samurott-Hisui, F|100/100
|switch|p2a: Walking Wake|Walking Wake|100/100
|turn|1
|
|t:|1769346486
|move|p2a: Walking Wake|Draco Meteor|p1a: Samurott
|-enditem|p1a: Samurott|Focus Sash
|-damage|p1a: Samurott|1/100
|-unboost|p2a: Walking Wake|spa|2
|move|p1a: Samurott|Ceaseless Edge|p2a: Walking Wake
|-damage|p2a: Walking Wake|48/100
|-sidestart|p2: znquanuo|Spikes
|
|upkeep
|turn|2
|
|t:|1769346502
|-end|p2a: Walking Wake|Protosynthesis|[silent]
|switch|p2a: Iron Treads|Iron Treads|100/100
|-damage|p2a: Iron Treads|88/100|[from] Spikes
|move|p1a: Samurott|Ceaseless Edge|p2a: Iron Treads
|-crit|p2a: Iron Treads
|-damage|p2a: Iron Treads|34/100
|-sidestart|p2: znquanuo|Spikes
|
|-heal|p2a: Iron Treads|40/100|[from] item: Leftovers
|upkeep
|turn|3
|
|t:|1769346512
|move|p2a: Iron Treads|Rapid Spin|p1a: Samurott
|-damage|p1a: Samurott|0 fnt
|-boost|p2a: Iron Treads|spe|1
|-sideend|p2: znquanuo|Spikes|[from] move: Rapid Spin|[of] p2a: Iron Treads
|faint|p1a: Samurott
|
|-heal|p2a: Iron Treads|46/100|[from] item: Leftovers
|upkeep
|
|t:|1769346520
|switch|p1a: Pelipper|Pelipper, M|100/100
|-weather|RainDance|[from] ability: Drizzle|[of] p1a: Pelipper
|turn|4
|
|t:|1769346533
|move|p2a: Iron Treads|Knock Off|p1a: Pelipper
|-damage|p1a: Pelipper|82/100
|-enditem|p1a: Pelipper|Damp Rock|[from] move: Knock Off|[of] p2a: Iron Treads
|move|p1a: Pelipper|Hurricane|p2a: Iron Treads
|-resisted|p2a: Iron Treads
|-damage|p2a: Iron Treads|24/100
|
|-weather|RainDance|[upkeep]
|-heal|p2a: Iron Treads|30/100|[from] item: Leftovers
|upkeep
|turn|5
|
|t:|1769346541
|move|p2a: Iron Treads|Stealth Rock|p1a: Pelipper
|-sidestart|p1: patealeau|move: Stealth Rock
|move|p1a: Pelipper|Weather Ball|p2a: Iron Treads
|-supereffective|p2a: Iron Treads
|-damage|p2a: Iron Treads|0 fnt
|faint|p2a: Iron Treads
|-end|p2a: Iron Treads|Quark Drive|[silent]
|
|-weather|RainDance|[upkeep]
|upkeep
|
|t:|1769346549
|switch|p2a: Walking Wake|Walking Wake|48/100
|turn|6
|
|t:|1769346553
|switch|p1a: Hatterene|Hatterene, F|100/100
|-damage|p1a: Hatterene|88/100|[from] Stealth Rock
|move|p2a: Walking Wake|Draco Meteor|p1a: Hatterene
|-immune|p1a: Hatterene
|
|-weather|RainDance|[upkeep]
|-heal|p1a: Hatterene|94/100|[from] item: Leftovers
|upkeep
|turn|7
|
|t:|1769346561
|-end|p2a: Walking Wake|Protosynthesis|[silent]
|switch|p2a: Clefable|Clefable, F|100/100
|move|p1a: Hatterene|Nuzzle|p2a: Clefable
|-damage|p2a: Clefable|97/100
|-status|p2a: Clefable|par
|
|-weather|RainDance|[upkeep]
|-heal|p1a: Hatterene|99/100|[from] item: Leftovers
|-heal|p2a: Clefable|100/100 par|[from] item: Leftovers
|upkeep
|turn|8
|
|t:|1769346582
|switch|p1a: Indeedee|Indeedee, M|100/100
|-damage|p1a: Indeedee|88/100|[from] Stealth Rock
|-fieldstart|move: Psychic Terrain|[from] ability: Psychic Surge|[of] p1a: Indeedee
|move|p2a: Clefable|Calm Mind|p2a: Clefable
|-boost|p2a: Clefable|spa|1
|-boost|p2a: Clefable|spd|1
|
|-weather|RainDance|[upkeep]
|upkeep
|turn|9
|
|t:|1769346593
|move|p1a: Indeedee|Encore|p2a: Clefable
|-start|p2a: Clefable|Encore
|move|p2a: Clefable|Calm Mind|p2a: Clefable
|-boost|p2a: Clefable|spa|1
|-boost|p2a: Clefable|spd|1
|
|-weather|RainDance|[upkeep]
|upkeep
|turn|10
|
|t:|1769346601
|switch|p1a: Drednaw|Drednaw, F|100/100
|-damage|p1a: Drednaw|88/100|[from] Stealth Rock
|switch|p2a: Rillaboom|Rillaboom, M|100/100
|-fieldstart|move: Grassy Terrain|[from] ability: Grassy Surge|[of] p2a: Rillaboom
|
|-weather|RainDance|[upkeep]
|-heal|p1a: Drednaw|94/100|[from] Grassy Terrain
|upkeep
|turn|11
|
|t:|1769346620
|switch|p1a: Hatterene|Hatterene, F|99/100
|-damage|p1a: Hatterene|88/100|[from] Stealth Rock
|move|p2a: Rillaboom|Grassy Glide|p1a: Hatterene
|-damage|p1a: Hatterene|55/100
|
|-weather|none
|-heal|p1a: Hatterene|61/100|[from] Grassy Terrain
|-heal|p1a: Hatterene|67/100|[from] item: Leftovers
|upkeep
|turn|12
|
|t:|1769346635
|move|p2a: Rillaboom|Knock Off|p1a: Hatterene
|-damage|p1a: Hatterene|40/100
|-enditem|p1a: Hatterene|Leftovers|[from] move: Knock Off|[of] p2a: Rillaboom
|move|p1a: Hatterene|Psyshock|p2a: Rillaboom
|-damage|p2a: Rillaboom|68/100
|
|-heal|p2a: Rillaboom|74/100|[from] Grassy Terrain
|-heal|p1a: Hatterene|46/100|[from] Grassy Terrain
|upkeep
|turn|13
|
|t:|1769346641
|move|p2a: Rillaboom|Wood Hammer|p1a: Hatterene
|-damage|p1a: Hatterene|0 fnt
|faint|p1a: Hatterene
|-damage|p2a: Rillaboom|62/100|[from] Recoil
|
|-heal|p2a: Rillaboom|68/100|[from] Grassy Terrain
|upkeep
|
|t:|1769346646
|switch|p1a: Indeedee|Indeedee, M|88/100
|-damage|p1a: Indeedee|76/100|[from] Stealth Rock
|-fieldstart|move: Psychic Terrain|[from] ability: Psychic Surge|[of] p1a: Indeedee
|turn|14
|
|t:|1769346658
|switch|p2a: Clefable|Clefable, F|100/100 par
|move|p1a: Indeedee|Expanding Force|p2a: Clefable
|-damage|p2a: Clefable|36/100 par
|
|-heal|p2a: Clefable|42/100 par|[from] item: Leftovers
|upkeep
|turn|15
|
|t:|1769346664
|move|p1a: Indeedee|Expanding Force|p2a: Clefable
|-damage|p2a: Clefable|0 fnt
|faint|p2a: Clefable
|
|upkeep
|
|t:|1769346667
|switch|p2a: Rillaboom|Rillaboom, M|68/100
|-fieldstart|move: Grassy Terrain|[from] ability: Grassy Surge|[of] p2a: Rillaboom
|turn|16
|
|t:|1769346684
|switch|p1a: Pelipper|Pelipper, M|82/100
|-damage|p1a: Pelipper|57/100|[from] Stealth Rock
|-weather|RainDance|[from] ability: Drizzle|[of] p1a: Pelipper
|move|p2a: Rillaboom|Knock Off|p1a: Pelipper
|-damage|p1a: Pelipper|40/100
|
|-weather|RainDance|[upkeep]
|-heal|p2a: Rillaboom|74/100|[from] Grassy Terrain
|upkeep
|turn|17
|
|t:|1769346696
|move|p2a: Rillaboom|Wood Hammer|p1a: Pelipper
|-damage|p1a: Pelipper|0 fnt
|faint|p1a: Pelipper
|-damage|p2a: Rillaboom|63/100|[from] Recoil
|
|-weather|RainDance|[upkeep]
|-heal|p2a: Rillaboom|69/100|[from] Grassy Terrain
|upkeep
|
|t:|1769346701
|switch|p1a: Indeedee|Indeedee, M|76/100
|-damage|p1a: Indeedee|64/100|[from] Stealth Rock
|-fieldstart|move: Psychic Terrain|[from] ability: Psychic Surge|[of] p1a: Indeedee
|turn|18
|
|t:|1769346715
|switch|p2a: Okidogi|Okidogi, M|100/100
|move|p1a: Indeedee|Expanding Force|p2a: Okidogi
|-supereffective|p2a: Okidogi
|-damage|p2a: Okidogi|0 fnt
|faint|p2a: Okidogi
|
|-weather|RainDance|[upkeep]
|upkeep
|
|t:|1769346721
|switch|p2a: Rillaboom|Rillaboom, M|69/100
|-fieldstart|move: Grassy Terrain|[from] ability: Grassy Surge|[of] p2a: Rillaboom
|turn|19
|
|t:|1769346728
|switch|p1a: Drednaw|Drednaw, F|94/100
|-damage|p1a: Drednaw|82/100|[from] Stealth Rock
|move|p2a: Rillaboom|Wood Hammer|p1a: Drednaw
|-supereffective|p1a: Drednaw
|-damage|p1a: Drednaw|0 fnt
|faint|p1a: Drednaw
|-damage|p2a: Rillaboom|48/100|[from] Recoil
|
|-weather|RainDance|[upkeep]
|-heal|p2a: Rillaboom|54/100|[from] Grassy Terrain
|upkeep
|
|t:|1769346733
|switch|p1a: Indeedee|Indeedee, M|64/100
|-damage|p1a: Indeedee|51/100|[from] Stealth Rock
|-fieldstart|move: Psychic Terrain|[from] ability: Psychic Surge|[of] p1a: Indeedee
|turn|20
|
|t:|1769346745
|switch|p2a: Walking Wake|Walking Wake|48/100
|move|p1a: Indeedee|Expanding Force|p2a: Walking Wake
|-damage|p2a: Walking Wake|0 fnt
|faint|p2a: Walking Wake
|-end|p2a: Walking Wake|Protosynthesis|[silent]
|
|-weather|none
|upkeep
|
|t:|1769346750
|switch|p2a: Rillaboom|Rillaboom, M|54/100
|-fieldstart|move: Grassy Terrain|[from] ability: Grassy Surge|[of] p2a: Rillaboom
|turn|21
|
|t:|1769346760
|move|p1a: Indeedee|Expanding Force|p2a: Rillaboom
|-damage|p2a: Rillaboom|12/100
|move|p2a: Rillaboom|Wood Hammer|p1a: Indeedee
|-damage|p1a: Indeedee|0 fnt
|faint|p1a: Indeedee
|-damage|p2a: Rillaboom|1/100|[from] Recoil
|
|-heal|p2a: Rillaboom|7/100|[from] Grassy Terrain
|upkeep
|
|t:|1769346763
|switch|p1a: Barraskewda|Barraskewda, F|100/100
|-damage|p1a: Barraskewda|88/100|[from] Stealth Rock
|turn|22
|
|t:|1769346773
|-terastallize|p1a: Barraskewda|Water
|move|p2a: Rillaboom|Grassy Glide|p1a: Barraskewda
|-supereffective|p1a: Barraskewda
|-damage|p1a: Barraskewda|0 fnt
|faint|p1a: Barraskewda
|
|win|znquanuo
|raw|patealeau's rating: 1404 &rarr; <strong>1383</strong><br />(-21 for losing)
|raw|znquanuo's rating: 1384 &rarr; <strong>1405</strong><br />(+21 for winning)
|l|☆znquanuo
|player|p2|
|l|☆patealeau
|player|p1|
