|j|☆LaportaPotty
|j|☆ikthoizzykil
|t:|1769333871
|gametype|singles
|player|p1|LaportaPotty|169|1423
|player|p2|ikthoizzykil|pokemaniac-gen3rs|1437
|gen|9
|tier|[Gen 9] OU
|rated|
|rule|HP Percentage Mod: HP is shown in percentages
|rule|Endless Battle Clause: Forcing endless battles is banned
|rule|Species Clause: Limit one of each Pokémon
|rule|OHKO Clause: OHKO moves are banned
|rule|Evasion Items Clause: Evasion items are banned
|rule|Evasion Moves Clause: Evasion moves are banned
|rule|Evasion Abilities Clause: Evasion abilities are banned
|rule|Sleep Moves Clause: Sleep-inducing moves are banned
|clearpoke
|poke|p1|Okidogi, M|
|poke|p1|Raging Bolt|
|poke|p1|Moltres|
|poke|p1|Sinistcha|
|poke|p1|Iron Treads|
|poke|p1|Ting-Lu|
|poke|p2|Ogerpon-Wellspring, F|
|poke|p2|Thundurus-Therian, M|
|poke|p2|Cinderace, M|
|poke|p2|Kyurem|
|poke|p2|Slowking-Galar, M|
|poke|p2|Kingambit, F|
|teampreview
|inactive|Battle timer is ON: inactive players will automatically lose when time's up. (requested by ikthoizzykil)
|
|t:|1769333885
|teamsize|p1|6
|teamsize|p2|6
|start
|switch|p1a: Ting-Lu|Ting-Lu|100/100
|switch|p2a: Ogerpon|Ogerpon-Wellspring, F|100/100
|-ability|p1a: Ting-Lu|Vessel of Ruin
|turn|1
|
|t:|1769333893
|move|p2a: Ogerpon|Knock Off|p1a: Ting-Lu
|-resisted|p1a: Ting-Lu
|-damage|p1a: Ting-Lu|92/100
|-enditem|p1a: Ting-Lu|Leftovers|[from] move: Knock Off|[of] p2a: Ogerpon
|move|p1a: Ting-Lu|Spikes|p2a: Ogerpon
|-sidestart|p2: ikthoizzykil|Spikes
|
|upkeep
|turn|2
|
|t:|1769333899
|move|p2a: Ogerpon|Swords Dance|p2a: Ogerpon
|-boost|p2a: Ogerpon|atk|2
|move|p1a: Ting-Lu|Stealth Rock|p2a: Ogerpon
|-sidestart|p2: ikthoizzykil|move: Stealth Rock
|
|upkeep
|turn|3
|
|t:|1769333907
|-terastallize|p1a: Ting-Lu|Ghost
|move|p2a: Ogerpon|Ivy Cudgel|p1a: Ting-Lu|[anim] Ivy Cudgel Water
|-damage|p1a: Ting-Lu|39/100
|move|p1a: Ting-Lu|Whirlwind|p2a: Ogerpon
|drag|p2a: Slowking|Slowking-Galar, M|100/100
|
|upkeep
|turn|4
|
|t:|1769333917
|move|p1a: Ting-Lu|Ruination|p2a: Slowking
|-damage|p2a: Slowking|51/100
|-prepare|p2a: Slowking|Chilly Reception|[premajor]
|move|p2a: Slowking|Chilly Reception|p2a: Slowking
|-weather|Snowscape
|
|t:|1769333923
|switch|p2a: Cinderace|Cinderace, M|100/100|[from] Chilly Reception
|
|-weather|Snowscape|[upkeep]
|upkeep
|turn|5
|
|t:|1769333929
|move|p2a: Cinderace|U-turn|p1a: Ting-Lu
|-resisted|p1a: Ting-Lu
|-damage|p1a: Ting-Lu|35/100
|
|t:|1769333932
|switch|p2a: Slowking|Slowking-Galar, M|84/100|[from] U-turn
|move|p1a: Ting-Lu|Spikes|p2a: Slowking
|-sidestart|p2: ikthoizzykil|Spikes
|
|-weather|Snowscape|[upkeep]
|upkeep
|turn|6
|
|t:|1769333941
|switch|p1a: Okidogi|Okidogi, M|100/100
|-prepare|p2a: Slowking|Chilly Reception|[premajor]
|move|p2a: Slowking|Chilly Reception|p2a: Slowking
|
|t:|1769333946
|switch|p2a: Cinderace|Cinderace, M|100/100|[from] Chilly Reception
|
|-weather|Snowscape|[upkeep]
|upkeep
|turn|7
|
|t:|1769333951
|move|p2a: Cinderace|Will-O-Wisp|p1a: Okidogi
|-status|p1a: Okidogi|brn
|move|p1a: Okidogi|Gunk Shot|p2a: Cinderace
|-damage|p2a: Cinderace|62/100
|-status|p2a: Cinderace|tox|[from] ability: Toxic Chain|[of] p1a: Okidogi
|
|-weather|Snowscape|[upkeep]
|-damage|p2a: Cinderace|56/100 tox|[from] psn
|-damage|p1a: Okidogi|94/100 brn|[from] brn
|upkeep
|turn|8
|
|t:|1769333960
|switch|p1a: Iron Treads|Iron Treads|100/100
|move|p2a: Cinderace|Court Change|p2a: Cinderace
|-swapsideconditions
|-activate|p2a: Cinderace|move: Court Change
|
|-weather|none
|-damage|p2a: Cinderace|44/100 tox|[from] psn
|upkeep
|turn|9
|
|t:|1769333968
|move|p2a: Cinderace|Pyro Ball|p1a: Iron Treads|[miss]
|-miss|p2a: Cinderace|p1a: Iron Treads
|move|p1a: Iron Treads|Rapid Spin|p2a: Cinderace
|-damage|p2a: Cinderace|27/100 tox
|-boost|p1a: Iron Treads|spe|1
|-sideend|p1: LaportaPotty|Spikes|[from] move: Rapid Spin|[of] p1a: Iron Treads
|-sideend|p1: LaportaPotty|Stealth Rock|[from] move: Rapid Spin|[of] p1a: Iron Treads
|
|-damage|p2a: Cinderace|9/100 tox|[from] psn
|upkeep
|turn|10
|
|t:|1769333983
|switch|p2a: Kyurem|Kyurem|100/100
|-ability|p2a: Kyurem|Pressure
|move|p1a: Iron Treads|Iron Head|p2a: Kyurem
|-supereffective|p2a: Kyurem
|-damage|p2a: Kyurem|28/100
|
|upkeep
|turn|11
|
|t:|1769333991
|switch|p2a: Ogerpon|Ogerpon-Wellspring, F|100/100
|move|p1a: Iron Treads|Iron Head|p2a: Ogerpon
|-resisted|p2a: Ogerpon
|-damage|p2a: Ogerpon|78/100
|
|upkeep
|turn|12
|
|t:|1769334003
|-end|p1a: Iron Treads|Quark Drive|[silent]
|switch|p1a: Raging Bolt|Raging Bolt|100/100
|-enditem|p1a: Raging Bolt|Booster Energy
|-activate|p1a: Raging Bolt|ability: Protosynthesis|[fromitem]
|-start|p1a: Raging Bolt|protosynthesisspa
|move|p2a: Ogerpon|Swords Dance|p2a: Ogerpon
|-boost|p2a: Ogerpon|atk|2
|
|upkeep
|turn|13
|
|t:|1769334012
|switch|p2a: Slowking|Slowking-Galar, M|100/100
|move|p1a: Raging Bolt|Thunderbolt|p2a: Slowking
|-damage|p2a: Slowking|60/100
|
|upkeep
|turn|14
|
|t:|1769334019
|move|p1a: Raging Bolt|Calm Mind|p1a: Raging Bolt
|-boost|p1a: Raging Bolt|spa|1
|-boost|p1a: Raging Bolt|spd|1
|-prepare|p2a: Slowking|Chilly Reception|[premajor]
|move|p2a: Slowking|Chilly Reception|p2a: Slowking
|-weather|Snowscape
|
|t:|1769334024
|switch|p2a: Thundurus|Thundurus-Therian, M|100/100|[from] Chilly Reception
|
|-weather|Snowscape|[upkeep]
|upkeep
|turn|15
|
|t:|1769334034
|-terastallize|p2a: Thundurus|Fairy
|move|p2a: Thundurus|Tera Blast|p1a: Raging Bolt|[anim] Tera Blast Fairy
|-supereffective|p1a: Raging Bolt
|-damage|p1a: Raging Bolt|12/100
|move|p1a: Raging Bolt|Dragon Pulse|p2a: Thundurus
|-immune|p2a: Thundurus
|
|-weather|Snowscape|[upkeep]
|upkeep
|turn|16
|
|t:|1769334042
|-end|p1a: Raging Bolt|Protosynthesis|[silent]
|switch|p1a: Iron Treads|Iron Treads|100/100
|move|p2a: Thundurus|Tera Blast|p1a: Iron Treads|[anim] Tera Blast Fairy
|-resisted|p1a: Iron Treads
|-damage|p1a: Iron Treads|49/100
|
|-weather|Snowscape|[upkeep]
|upkeep
|turn|17
|
|t:|1769334049
|switch|p2a: Ogerpon|Ogerpon-Wellspring, F|78/100
|move|p1a: Iron Treads|Iron Head|p2a: Ogerpon
|-resisted|p2a: Ogerpon
|-damage|p2a: Ogerpon|55/100
|
|-weather|Snowscape|[upkeep]
|upkeep
|turn|18
|
|t:|1769334057
|-end|p1a: Iron Treads|Quark Drive|[silent]
|switch|p1a: Sinistcha|Sinistcha|100/100
|move|p2a: Ogerpon|Horn Leech|p1a: Sinistcha
|-resisted|p1a: Sinistcha
|-damage|p1a: Sinistcha|85/100
|-heal|p2a: Ogerpon|64/100|[from] drain|[of] p1a: Sinistcha
|
|-weather|none
|upkeep
|turn|19
|
|t:|1769334064
|move|p2a: Ogerpon|Knock Off|p1a: Sinistcha
|-supereffective|p1a: Sinistcha
|-damage|p1a: Sinistcha|33/100
|-enditem|p1a: Sinistcha|Heavy-Duty Boots|[from] move: Knock Off|[of] p2a: Ogerpon
|move|p1a: Sinistcha|Matcha Gotcha|p2a: Ogerpon
|-damage|p2a: Ogerpon|23/100
|-heal|p1a: Sinistcha|51/100|[from] drain|[of] p2a: Ogerpon
|-status|p2a: Ogerpon|brn
|
|-damage|p2a: Ogerpon|17/100 brn|[from] brn
|upkeep
|turn|20
|
|t:|1769334081
|switch|p2a: Slowking|Slowking-Galar, M|93/100
|move|p1a: Sinistcha|Strength Sap|p2a: Slowking
|-unboost|p2a: Slowking|atk|1
|-heal|p1a: Sinistcha|90/100
|
|upkeep
|turn|21
|
|t:|1769334090
|switch|p1a: Ting-Lu|Ting-Lu, tera:Ghost|35/100
|-ability|p1a: Ting-Lu|Vessel of Ruin
|move|p2a: Slowking|Future Sight|p1a: Ting-Lu
|-start|p2a: Slowking|move: Future Sight
|
|upkeep
|turn|22
|
|t:|1769334096
|move|p1a: Ting-Lu|Stealth Rock|p2a: Slowking
|-sidestart|p2: ikthoizzykil|move: Stealth Rock
|move|p2a: Slowking|Nasty Plot|p2a: Slowking
|-boost|p2a: Slowking|spa|2
|
|upkeep
|turn|23
|
|t:|1769334100
|-prepare|p2a: Slowking|Chilly Reception|[premajor]
|move|p2a: Slowking|Chilly Reception|p2a: Slowking
|-weather|Snowscape
|
|t:|1769334104
|switch|p2a: Cinderace|Cinderace, M|9/100 tox|[from] Chilly Reception
|move|p1a: Ting-Lu|Whirlwind|p2a: Cinderace
|drag|p2a: Thundurus|Thundurus-Therian, M, tera:Fairy|100/100
|-damage|p2a: Thundurus|88/100|[from] Stealth Rock
|
|-weather|Snowscape|[upkeep]
|-end|p1a: Ting-Lu|move: Future Sight
|-damage|p1a: Ting-Lu|11/100
|upkeep
|turn|24
|
|t:|1769334123
|move|p2a: Thundurus|Psychic|p1a: Ting-Lu
|-damage|p1a: Ting-Lu|0 fnt
|faint|p1a: Ting-Lu
|
|-weather|Snowscape|[upkeep]
|upkeep
|
|t:|1769334128
|switch|p1a: Moltres|Moltres|100/100
|turn|25
|
|t:|1769334132
|move|p2a: Thundurus|Psychic|p1a: Moltres
|-damage|p1a: Moltres|44/100
|move|p1a: Moltres|Flamethrower|p2a: Thundurus
|-damage|p2a: Thundurus|34/100
|
|-weather|Snowscape|[upkeep]
|upkeep
|turn|26
|
|t:|1769334142
|switch|p1a: Iron Treads|Iron Treads|49/100
|move|p2a: Thundurus|Psychic|p1a: Iron Treads
|-resisted|p1a: Iron Treads
|-damage|p1a: Iron Treads|11/100
|
|-weather|Snowscape|[upkeep]
|upkeep
|turn|27
|inactive|ikthoizzykil has 120 seconds left.
|
|t:|1769334174
|switch|p2a: Ogerpon|Ogerpon-Wellspring, F|17/100 brn
|-damage|p2a: Ogerpon|5/100 brn|[from] Stealth Rock
|move|p1a: Iron Treads|Rapid Spin|p2a: Ogerpon
|-damage|p2a: Ogerpon|0 fnt
|-boost|p1a: Iron Treads|spe|1
|faint|p2a: Ogerpon
|
|-weather|none
|upkeep
|inactive|ikthoizzykil has 120 seconds left.
|
|t:|1769334183
|switch|p2a: Kingambit|Kingambit, F|100/100
|-damage|p2a: Kingambit|94/100|[from] Stealth Rock
|-activate|p2a: Kingambit|ability: Supreme Overlord
|-start|p2a: Kingambit|fallen1|[silent]
|turn|28
|inactive|ikthoizzykil has 120 seconds left.
|
|t:|1769334194
|-end|p1a: Iron Treads|Quark Drive|[silent]
|switch|p1a: Sinistcha|Sinistcha|90/100
|move|p2a: Kingambit|Sucker Punch||[still]
|-fail|p2a: Kingambit
|
|-heal|p2a: Kingambit|100/100|[from] item: Leftovers
|upkeep
|turn|29
|
|t:|1769334201
|-end|p2a: Kingambit|fallen1|[silent]
|switch|p2a: Slowking|Slowking-Galar, M|100/100
|move|p1a: Sinistcha|Matcha Gotcha|p2a: Slowking
|-resisted|p2a: Slowking
|-damage|p2a: Slowking|91/100
|-heal|p1a: Sinistcha|95/100|[from] drain|[of] p2a: Slowking
|-status|p2a: Slowking|brn
|
|-damage|p2a: Slowking|85/100 brn|[from] brn
|upkeep
|turn|30
|
|t:|1769334214
|move|p1a: Sinistcha|Calm Mind|p1a: Sinistcha
|-boost|p1a: Sinistcha|spa|1
|-boost|p1a: Sinistcha|spd|1
|move|p2a: Slowking|Sludge Bomb|p1a: Sinistcha
|-damage|p1a: Sinistcha|69/100
|-status|p1a: Sinistcha|psn
|
|-damage|p1a: Sinistcha|57/100 psn|[from] psn
|-damage|p2a: Slowking|79/100 brn|[from] brn
|upkeep
|turn|31
|
|t:|1769334224
|move|p1a: Sinistcha|Strength Sap|p2a: Slowking
|-unboost|p2a: Slowking|atk|1
|-heal|p1a: Sinistcha|96/100 psn
|-prepare|p2a: Slowking|Chilly Reception|[premajor]
|move|p2a: Slowking|Chilly Reception|p2a: Slowking
|-weather|Snowscape
|
|t:|1769334233
|switch|p2a: Kyurem|Kyurem|28/100|[from] Chilly Reception
|-damage|p2a: Kyurem|3/100|[from] Stealth Rock
|-ability|p2a: Kyurem|Pressure
|
|-weather|Snowscape|[upkeep]
|-damage|p1a: Sinistcha|83/100 psn|[from] psn
|upkeep
|turn|32
|
|t:|1769334248
|switch|p1a: Raging Bolt|Raging Bolt|12/100
|move|p2a: Kyurem|Icicle Spear|p1a: Raging Bolt
|-supereffective|p1a: Raging Bolt
|-damage|p1a: Raging Bolt|0 fnt
|faint|p1a: Raging Bolt
|-end|p1a: Raging Bolt|Protosynthesis|[silent]
|-hitcount|p1: Raging Bolt|1
|
|-weather|Snowscape|[upkeep]
|upkeep
|
|t:|1769334253
|switch|p1a: Iron Treads|Iron Treads|11/100
|turn|33
|
|t:|1769334269
|move|p1a: Iron Treads|Rapid Spin|p2a: Kyurem
|-damage|p2a: Kyurem|0 fnt
|-boost|p1a: Iron Treads|spe|1
|faint|p2a: Kyurem
|
|-weather|Snowscape|[upkeep]
|upkeep
|
|t:|1769334276
|switch|p2a: Kingambit|Kingambit, F|100/100
|-damage|p2a: Kingambit|94/100|[from] Stealth Rock
|-activate|p2a: Kingambit|ability: Supreme Overlord
|-start|p2a: Kingambit|fallen2|[silent]
|turn|34
|
|t:|1769334283
|move|p1a: Iron Treads|Earthquake|p2a: Kingambit
|-supereffective|p2a: Kingambit
|-damage|p2a: Kingambit|27/100
|move|p2a: Kingambit|Kowtow Cleave|p1a: Iron Treads
|-damage|p1a: Iron Treads|0 fnt
|faint|p1a: Iron Treads
|-end|p1a: Iron Treads|Quark Drive|[silent]
|
|-weather|Snowscape|[upkeep]
|-heal|p2a: Kingambit|33/100|[from] item: Leftovers
|upkeep
|
|t:|1769334287
|switch|p1a: Sinistcha|Sinistcha|83/100 psn
|turn|35
|
|t:|1769334297
|move|p1a: Sinistcha|Matcha Gotcha|p2a: Kingambit
|-resisted|p2a: Kingambit
|-damage|p2a: Kingambit|17/100
|-heal|p1a: Sinistcha|93/100 psn|[from] drain|[of] p2a: Kingambit
|move|p2a: Kingambit|Kowtow Cleave|p1a: Sinistcha
|-supereffective|p1a: Sinistcha
|-damage|p1a: Sinistcha|11/100 psn
|
|-weather|none
|-heal|p2a: Kingambit|23/100|[from] item: Leftovers
|-damage|p1a: Sinistcha|0 fnt|[from] psn
|faint|p1a: Sinistcha
|upkeep
|
|t:|1769334304
|switch|p1a: Okidogi|Okidogi, M|94/100 brn
|turn|36
|
|t:|1769334318
|move|p1a: Okidogi|Knock Off|p2a: Kingambit
|-resisted|p2a: Kingambit
|-damage|p2a: Kingambit|16/100
|-enditem|p2a: Kingambit|Leftovers|[from] move: Knock Off|[of] p1a: Okidogi
|move|p2a: Kingambit|Iron Head|p1a: Okidogi
|-damage|p1a: Okidogi|50/100 brn
|
|-damage|p1a: Okidogi|44/100 brn|[from] brn
|upkeep
|turn|37
|
|t:|1769334326
|move|p1a: Okidogi|Drain Punch|p2a: Kingambit
|-supereffective|p2a: Kingambit
|-damage|p2a: Kingambit|0 fnt
|-heal|p1a: Okidogi|52/100 brn|[from] drain|[of] p2a: Kingambit
|faint|p2a: Kingambit
|-end|p2a: Kingambit|fallen2|[silent]
|
|-damage|p1a: Okidogi|46/100 brn|[from] brn
|upkeep
|
|t:|1769334334
|switch|p2a: Thundurus|Thundurus-Therian, M, tera:Fairy|34/100
|-damage|p2a: Thundurus|21/100|[from] Stealth Rock
|turn|38
|
|t:|1769334340
|move|p2a: Thundurus|Psychic|p1a: Okidogi
|-supereffective|p1a: Okidogi
|-damage|p1a: Okidogi|0 fnt
|faint|p1a: Okidogi
|
|upkeep
|
|t:|1769334343
|switch|p1a: Moltres|Moltres|44/100
|turn|39
|
|t:|1769334346
|move|p2a: Thundurus|Psychic|p1a: Moltres
|-damage|p1a: Moltres|0 fnt
|faint|p1a: Moltres
|
|win|ikthoizzykil
|raw|LaportaPotty's rating: 1423 &rarr; <strong>1404</strong><br />(-19 for losing)
|raw|ikthoizzykil's rating: 1437 &rarr; <strong>1456</strong><br />(+19 for winning)
|c|☆LaportaPotty|gg
|c|☆ikthoizzykil|gg\
