|j|☆StellarEcl1pse
|j|☆hirraj
|inactive|Battle timer is ON: inactive players will automatically lose when time's up.
|t:|1769434653
|gametype|singles
|player|p1|StellarEcl1pse|liza-masters|
|player|p2|hirraj|steven|
|gen|9
|tier|[Gen 9] OU
|rated|Tournament battle
|rule|HP Percentage Mod: HP is shown in percentages
|rule|Endless Battle Clause: Forcing endless battles is banned
|rule|Species Clause: Limit one of each Pokémon
|rule|OHKO Clause: OHKO moves are banned
|rule|Evasion Items Clause: Evasion items are banned
|rule|Evasion Moves Clause: Evasion moves are banned
|rule|Evasion Abilities Clause: Evasion abilities are banned
|rule|Sleep Moves Clause: Sleep-inducing moves are banned
|raw|<div class="infobox"><details class="readmore"><summary><strong>15 custom rules:</strong></summary> -burmy, -caterpie, -combee, -kricketot, -magikarp, -scatterbug, -sunkern, -tynamo, -typenull, -weedle, -wurmple, -cosmog, -blipbug, -snom, -wynaut</details></div>
|clearpoke
|poke|p1|Rookidee, F|
|poke|p1|Fomantis, M|
|poke|p1|Malamar, M|
|poke|p1|Vigoroth, M|
|poke|p2|Shroomish, F|
|poke|p2|Shellos, M|
|poke|p2|Jolteon, F|
|poke|p2|Arcanine-Hisui, F|
|teampreview
|inactive|StellarEcl1pse also wants the timer to be on.
|j|*Lady Monita ☃️
|inactive|hirraj also wants the timer to be on.
|
|t:|1769434669
|teamsize|p1|4
|teamsize|p2|4
|start
|switch|p1a: Rookidee|Rookidee, F|100/100
|switch|p2a: Shroomish|Shroomish, F|100/100
|turn|1
|j| AlomomolaIsAtWork
|
|t:|1769434676
|move|p1a: Rookidee|Tailwind|p1a: Rookidee
|-sidestart|p1: StellarEcl1pse|move: Tailwind
|move|p2a: Shroomish|Poison Powder|p1a: Rookidee
|-status|p1a: Rookidee|psn
|
|-damage|p1a: Rookidee|88/100 psn|[from] psn
|upkeep
|turn|2
|
|t:|1769434686
|switch|p2a: Arcanine|Arcanine-Hisui, F|100/100
|move|p1a: Rookidee|Brave Bird|p2a: Arcanine
|-resisted|p2a: Arcanine
|-damage|p2a: Arcanine|79/100
|-damage|p1a: Rookidee|78/100 psn|[from] Recoil
|
|-damage|p1a: Rookidee|65/100 psn|[from] psn
|upkeep
|turn|3
|
|t:|1769434696
|move|p1a: Rookidee|Taunt|p2a: Arcanine
|-start|p2a: Arcanine|move: Taunt
|move|p2a: Arcanine|Rock Tomb|p1a: Rookidee
|-supereffective|p1a: Rookidee
|-damage|p1a: Rookidee|0 fnt
|faint|p1a: Rookidee
|
|upkeep
|
|t:|1769434703
|switch|p1a: Malamar|Malamar, M|100/100
|turn|4
|
|t:|1769434708
|-terastallize|p1a: Malamar|Fighting
|move|p1a: Malamar|Superpower|p2a: Arcanine
|-supereffective|p2a: Arcanine
|-damage|p2a: Arcanine|0 fnt
|-boost|p1a: Malamar|atk|1
|-boost|p1a: Malamar|def|1
|faint|p2a: Arcanine
|
|-sideend|p1: StellarEcl1pse|move: Tailwind
|upkeep
|
|t:|1769434718
|switch|p2a: Shroomish|Shroomish, F|100/100
|turn|5
|
|t:|1769434723
|move|p1a: Malamar|Superpower|p2a: Shroomish
|-damage|p2a: Shroomish|0 fnt
|-boost|p1a: Malamar|atk|1
|-boost|p1a: Malamar|def|1
|-status|p1a: Malamar|psn|[from] ability: Effect Spore|[of] p2a: Shroomish
|faint|p2a: Shroomish
|
|-damage|p1a: Malamar|88/100 psn|[from] psn
|upkeep
|
|t:|1769434739
|switch|p2a: Jolteon|Jolteon, F, shiny|100/100
|-item|p2a: Jolteon|Air Balloon
|turn|6
|
|t:|1769434745
|-terastallize|p2a: Jolteon|Flying
|move|p2a: Jolteon|Tera Blast|p1a: Malamar|[anim] Tera Blast Flying
|-supereffective|p1a: Malamar
|-damage|p1a: Malamar|0 fnt
|faint|p1a: Malamar
|
|upkeep
|
|t:|1769434751
|switch|p1a: Vigoroth|Vigoroth, M|100/100
|turn|7
|
|t:|1769434756
|move|p2a: Jolteon|Thunder Wave|p1a: Vigoroth
|-status|p1a: Vigoroth|par
|move|p1a: Vigoroth|Body Slam|p2a: Jolteon
|-damage|p2a: Jolteon|24/100
|-enditem|p2a: Jolteon|Air Balloon
|
|upkeep
|turn|8
|
|t:|1769434765
|move|p2a: Jolteon|Tera Blast|p1a: Vigoroth|[anim] Tera Blast Flying
|-damage|p1a: Vigoroth|65/100 par
|move|p1a: Vigoroth|Body Slam|p2a: Jolteon
|-damage|p2a: Jolteon|0 fnt
|faint|p2a: Jolteon
|
|upkeep
|
|t:|1769434772
|switch|p2a: Shellos|Shellos, M|100/100
|turn|9
|
|t:|1769434778
|move|p1a: Vigoroth|Body Slam|p2a: Shellos
|-damage|p2a: Shellos|37/100
|-status|p2a: Shellos|par
|move|p2a: Shellos|Acid Armor|p2a: Shellos
|-boost|p2a: Shellos|def|2
|
|-heal|p2a: Shellos|43/100 par|[from] item: Leftovers
|upkeep
|turn|10
|
|t:|1769434790
|move|p1a: Vigoroth|Encore|p2a: Shellos
|-start|p2a: Shellos|Encore
|move|p2a: Shellos|Acid Armor|p2a: Shellos
|-boost|p2a: Shellos|def|2
|
|-heal|p2a: Shellos|50/100 par|[from] item: Leftovers
|upkeep
|turn|11
|
|t:|1769434798
|move|p1a: Vigoroth|Body Slam|p2a: Shellos
|-damage|p2a: Shellos|30/100 par
|cant|p2a: Shellos|par
|
|-heal|p2a: Shellos|36/100 par|[from] item: Leftovers
|upkeep
|turn|12
|
|t:|1769434807
|switch|p1a: Fomantis|Fomantis, M|100/100
|move|p2a: Shellos|Acid Armor|p2a: Shellos
|-boost|p2a: Shellos|def|2
|
|-heal|p2a: Shellos|43/100 par|[from] item: Leftovers
|-end|p2a: Shellos|Encore
|upkeep
|turn|13
|
|t:|1769434818
|move|p1a: Fomantis|Leaf Storm|p2a: Shellos
|-supereffective|p2a: Shellos
|-damage|p2a: Shellos|0 fnt
|-boost|p1a: Fomantis|spa|2
|faint|p2a: Shellos
|
|win|StellarEcl1pse
|n|☆StellarEcl1pse|stellarecl1pse
|n|☆hirraj|hirraj
|n|*Lady Monita ☃️|ladymonita
|n| AlomomolaIsAtWork|alomomolaisatwork
