|j|☆GrommOrog
|j|☆Narchica
|t:|1769441441
|gametype|singles
|player|p1|GrommOrog|169|1202
|player|p2|Narchica|cynthia-gen4|1195
|gen|9
|tier|[Gen 9] OU
|rated|
|rule|HP Percentage Mod: HP is shown in percentages
|rule|Endless Battle Clause: Forcing endless battles is banned
|rule|Species Clause: Limit one of each Pokémon
|rule|OHKO Clause: OHKO moves are banned
|rule|Evasion Items Clause: Evasion items are banned
|rule|Evasion Moves Clause: Evasion moves are banned
|rule|Evasion Abilities Clause: Evasion abilities are banned
|rule|Sleep Moves Clause: Sleep-inducing moves are banned
|clearpoke
|poke|p1|Hydrapple, M|
|poke|p1|Tyranitar, F|
|poke|p1|Moltres|
|poke|p1|Zamazenta-*|
|poke|p1|Slowking-Galar, M|
|poke|p1|Excadrill, F|
|poke|p2|Drednaw, M|
|poke|p2|Pelipper, F|
|poke|p2|Indeedee, M|
|poke|p2|Hatterene, F|
|poke|p2|Barraskewda, M|
|poke|p2|Samurott-Hisui, M|
|teampreview
|
|t:|1769441478
|teamsize|p1|6
|teamsize|p2|6
|start
|switch|p1a: Tyranitar|Tyranitar, F|100/100
|switch|p2a: Samurott|Samurott-Hisui, M|100/100
|-weather|Sandstorm|[from] ability: Sand Stream|[of] p1a: Tyranitar
|turn|1
|
|t:|1769441487
|move|p2a: Samurott|Razor Shell|p1a: Tyranitar
|-supereffective|p1a: Tyranitar
|-damage|p1a: Tyranitar|20/100
|-unboost|p1a: Tyranitar|def|1
|move|p1a: Tyranitar|Stealth Rock|p2a: Samurott
|-sidestart|p2: Narchica|move: Stealth Rock
|
|-weather|Sandstorm|[upkeep]
|-damage|p2a: Samurott|94/100|[from] Sandstorm
|upkeep
|turn|2
|
|t:|1769441497
|switch|p1a: Hydrapple|Hydrapple, M|100/100
|move|p2a: Samurott|Ceaseless Edge|p1a: Hydrapple
|-damage|p1a: Hydrapple|72/100
|-sidestart|p1: GrommOrog|Spikes
|
|-weather|Sandstorm|[upkeep]
|-damage|p2a: Samurott|88/100|[from] Sandstorm
|-damage|p1a: Hydrapple|65/100|[from] Sandstorm
|upkeep
|turn|3
|
|t:|1769441510
|switch|p2a: Hatterene|Hatterene, F|100/100
|-damage|p2a: Hatterene|88/100|[from] Stealth Rock
|move|p1a: Hydrapple|Giga Drain|p2a: Hatterene
|-damage|p2a: Hatterene|52/100
|-heal|p1a: Hydrapple|80/100|[from] drain|[of] p2a: Hatterene
|
|-weather|Sandstorm|[upkeep]
|-damage|p1a: Hydrapple|74/100|[from] Sandstorm
|-damage|p2a: Hatterene|46/100|[from] Sandstorm
|-heal|p2a: Hatterene|52/100|[from] item: Leftovers
|upkeep
|turn|4
|
|t:|1769441521
|switch|p1a: Slowking|Slowking-Galar, M|100/100
|-damage|p1a: Slowking|88/100|[from] Spikes
|move|p2a: Hatterene|Draining Kiss|p1a: Slowking
|-resisted|p1a: Slowking
|-damage|p1a: Slowking|82/100
|-heal|p2a: Hatterene|57/100|[from] drain|[of] p1a: Slowking
|
|-weather|Sandstorm|[upkeep]
|-damage|p1a: Slowking|76/100|[from] Sandstorm
|-damage|p2a: Hatterene|51/100|[from] Sandstorm
|-heal|p2a: Hatterene|57/100|[from] item: Leftovers
|upkeep
|turn|5
|
|t:|1769441535
|switch|p2a: Drednaw|Drednaw, M|100/100
|-damage|p2a: Drednaw|88/100|[from] Stealth Rock
|move|p1a: Slowking|Sludge Bomb|p2a: Drednaw
|-resisted|p2a: Drednaw
|-damage|p2a: Drednaw|72/100
|-status|p2a: Drednaw|psn
|
|-weather|Sandstorm|[upkeep]
|-damage|p1a: Slowking|70/100|[from] Sandstorm
|-damage|p2a: Drednaw|60/100 psn|[from] psn
|upkeep
|turn|6
|
|t:|1769441551
|switch|p1a: Hydrapple|Hydrapple, M|100/100
|move|p2a: Drednaw|Shell Smash|p2a: Drednaw
|-unboost|p2a: Drednaw|def|1
|-unboost|p2a: Drednaw|spd|1
|-boost|p2a: Drednaw|atk|2
|-boost|p2a: Drednaw|spa|2
|-boost|p2a: Drednaw|spe|2
|-enditem|p2a: Drednaw|White Herb
|-clearnegativeboost|p2a: Drednaw|[silent]
|
|-weather|Sandstorm|[upkeep]
|-damage|p1a: Hydrapple|94/100|[from] Sandstorm
|-damage|p2a: Drednaw|47/100 psn|[from] psn
|upkeep
|turn|7
|
|t:|1769441592
|switch|p1a: Tyranitar|Tyranitar, F|20/100
|-damage|p1a: Tyranitar|8/100|[from] Spikes
|move|p2a: Drednaw|Stone Edge|p1a: Tyranitar|[miss]
|-miss|p2a: Drednaw|p1a: Tyranitar
|
|-weather|Sandstorm|[upkeep]
|-damage|p2a: Drednaw|35/100 psn|[from] psn
|upkeep
|turn|8
|
|t:|1769441612
|move|p2a: Drednaw|Crunch|p1a: Tyranitar
|-resisted|p1a: Tyranitar
|-damage|p1a: Tyranitar|0 fnt
|faint|p1a: Tyranitar
|
|-weather|none
|-damage|p2a: Drednaw|22/100 psn|[from] psn
|upkeep
|
|t:|1769441635
|switch|p1a: Zamazenta|Zamazenta|100/100
|-damage|p1a: Zamazenta|88/100|[from] Spikes
|-ability|p1a: Zamazenta|Dauntless Shield|boost
|-boost|p1a: Zamazenta|def|1
|turn|9
|
|t:|1769441641
|move|p2a: Drednaw|Liquidation|p1a: Zamazenta
|-damage|p1a: Zamazenta|41/100
|-unboost|p1a: Zamazenta|def|1
|move|p1a: Zamazenta|Iron Defense|p1a: Zamazenta
|-boost|p1a: Zamazenta|def|2
|
|-heal|p1a: Zamazenta|47/100|[from] item: Leftovers
|-damage|p2a: Drednaw|10/100 psn|[from] psn
|upkeep
|turn|10
|
|t:|1769441651
|move|p2a: Drednaw|Liquidation|p1a: Zamazenta
|-damage|p1a: Zamazenta|14/100
|move|p1a: Zamazenta|Body Press|p2a: Drednaw
|-supereffective|p2a: Drednaw
|-damage|p2a: Drednaw|0 fnt
|faint|p2a: Drednaw
|
|-heal|p1a: Zamazenta|20/100|[from] item: Leftovers
|upkeep
|
|t:|1769441663
|switch|p2a: Pelipper|Pelipper, F|100/100
|-damage|p2a: Pelipper|76/100|[from] Stealth Rock
|-weather|RainDance|[from] ability: Drizzle|[of] p2a: Pelipper
|turn|11
|inactive|Battle timer is ON: inactive players will automatically lose when time's up. (requested by Narchica)
|
|t:|1769441725
|move|p1a: Zamazenta|Body Press|p2a: Pelipper
|-resisted|p2a: Pelipper
|-damage|p2a: Pelipper|46/100
|move|p2a: Pelipper|Roost|p2a: Pelipper
|-heal|p2a: Pelipper|96/100
|-singleturn|p2a: Pelipper|move: Roost
|
|-weather|RainDance|[upkeep]
|-heal|p1a: Zamazenta|26/100|[from] item: Leftovers
|upkeep
|turn|12
|
|t:|1769441738
|move|p1a: Zamazenta|Body Press|p2a: Pelipper
|-resisted|p2a: Pelipper
|-damage|p2a: Pelipper|66/100
|move|p2a: Pelipper|Weather Ball|p1a: Zamazenta
|-crit|p1a: Zamazenta
|-damage|p1a: Zamazenta|0 fnt
|faint|p1a: Zamazenta
|
|-weather|RainDance|[upkeep]
|upkeep
|
|t:|1769441749
|switch|p1a: Slowking|Slowking-Galar, M|100/100
|-damage|p1a: Slowking|88/100|[from] Spikes
|turn|13
|
|t:|1769441768
|switch|p2a: Samurott|Samurott-Hisui, M|88/100
|-damage|p2a: Samurott|76/100|[from] Stealth Rock
|move|p1a: Slowking|Sludge Bomb|p2a: Samurott
|-damage|p2a: Samurott|20/100
|
|-weather|RainDance|[upkeep]
|upkeep
|turn|14
|
|t:|1769441778
|switch|p1a: Moltres|Moltres|100/100
|move|p2a: Samurott|Ceaseless Edge|p1a: Moltres
|-damage|p1a: Moltres|68/100
|-sidestart|p1: GrommOrog|Spikes
|
|-weather|RainDance|[upkeep]
|upkeep
|turn|15
|-message|GrommOrog forfeited.
|
|win|Narchica
|raw|GrommOrog's rating: 1202 &rarr; <strong>1176</strong><br />(-26 for losing)
|raw|Narchica's rating: 1195 &rarr; <strong>1221</strong><br />(+26 for winning)
|l|☆GrommOrog
|player|p1|
|l|☆Narchica
|player|p2|
