|j|☆Hammez36
|j|☆tocador
|t:|1769365184
|gametype|singles
|player|p1|Hammez36|1|1292
|player|p2|tocador|170|1333
|gen|9
|tier|[Gen 9] OU
|rated|
|rule|HP Percentage Mod: HP is shown in percentages
|rule|Endless Battle Clause: Forcing endless battles is banned
|rule|Species Clause: Limit one of each Pokémon
|rule|OHKO Clause: OHKO moves are banned
|rule|Evasion Items Clause: Evasion items are banned
|rule|Evasion Moves Clause: Evasion moves are banned
|rule|Evasion Abilities Clause: Evasion abilities are banned
|rule|Sleep Moves Clause: Sleep-inducing moves are banned
|clearpoke
|poke|p1|Darkrai|
|poke|p1|Iron Crown|
|poke|p1|Quaquaval, F|
|poke|p1|Raging Bolt|
|poke|p1|Florges, F|
|poke|p1|Pecharunt|
|poke|p2|Great Tusk|
|poke|p2|Pecharunt|
|poke|p2|Iron Valiant|
|poke|p2|Iron Crown|
|poke|p2|Samurott-Hisui, M|
|poke|p2|Dragonite, M|
|teampreview
|inactive|Battle timer is ON: inactive players will automatically lose when time's up. (requested by tocador)
|inactive|tocador has 120 seconds left.
|
|t:|1769365217
|teamsize|p1|6
|teamsize|p2|6
|start
|switch|p1a: Quaquaval|Quaquaval, F|100/100
|switch|p2a: Iron Valiant|Iron Valiant, shiny|100/100
|turn|1
|
|t:|1769365236
|move|p2a: Iron Valiant|Thunderbolt|p1a: Quaquaval
|-supereffective|p1a: Quaquaval
|-damage|p1a: Quaquaval|0 fnt
|faint|p1a: Quaquaval
|
|upkeep
|
|t:|1769365250
|switch|p1a: Iron Crown|Iron Crown|100/100
|-enditem|p1a: Iron Crown|Booster Energy
|-activate|p1a: Iron Crown|ability: Quark Drive|[fromitem]
|-start|p1a: Iron Crown|quarkdrivespe
|turn|2
|inactive|Hammez36 has 120 seconds left.
|
|t:|1769365281
|-end|p2a: Iron Valiant|Quark Drive|[silent]
|switch|p2a: Pecharunt|Pecharunt|100/100
|move|p1a: Iron Crown|Psychic Noise|p2a: Pecharunt
|-supereffective|p2a: Pecharunt
|-damage|p2a: Pecharunt|31/100
|-start|p2a: Pecharunt|move: Heal Block
|
|upkeep
|turn|3
|
|t:|1769365302
|move|p1a: Iron Crown|Psychic Noise|p2a: Pecharunt
|-supereffective|p2a: Pecharunt
|-damage|p2a: Pecharunt|0 fnt
|faint|p2a: Pecharunt
|
|upkeep
|
|t:|1769365305
|switch|p2a: Samurott|Samurott-Hisui, M, shiny|100/100
|turn|4
|inactive|Hammez36 has 120 seconds left.
|
|t:|1769365325
|-end|p1a: Iron Crown|Quark Drive|[silent]
|switch|p1a: Pecharunt|Pecharunt|100/100
|move|p2a: Samurott|Ceaseless Edge|p1a: Pecharunt
|-supereffective|p1a: Pecharunt
|-damage|p1a: Pecharunt|45/100
|-sidestart|p1: Hammez36|Spikes
|
|upkeep
|turn|5
|
|t:|1769365337
|-terastallize|p1a: Pecharunt|Dark
|move|p2a: Samurott|Ceaseless Edge|p1a: Pecharunt
|-resisted|p1a: Pecharunt
|-damage|p1a: Pecharunt|32/100
|-sidestart|p1: Hammez36|Spikes
|move|p1a: Pecharunt|Recover|p1a: Pecharunt
|-heal|p1a: Pecharunt|82/100
|
|upkeep
|turn|6
|
|t:|1769365349
|move|p2a: Samurott|Flip Turn|p1a: Pecharunt
|-damage|p1a: Pecharunt|68/100
|
|t:|1769365357
|switch|p2a: Iron Valiant|Iron Valiant, shiny|100/100|[from] Flip Turn
|move|p1a: Pecharunt|Malignant Chain|p2a: Iron Valiant
|-supereffective|p2a: Iron Valiant
|-damage|p2a: Iron Valiant|0 fnt
|faint|p2a: Iron Valiant
|-end|p2a: Iron Valiant|Quark Drive|[silent]
|
|upkeep
|
|t:|1769365364
|switch|p2a: Great Tusk|Great Tusk, shiny|100/100
|turn|7
|inactive|Hammez36 has 120 seconds left.
|
|t:|1769365380
|move|p2a: Great Tusk|Stealth Rock|p1a: Pecharunt
|-sidestart|p1: Hammez36|move: Stealth Rock
|move|p1a: Pecharunt|Parting Shot|p2a: Great Tusk
|-unboost|p2a: Great Tusk|atk|1
|-unboost|p2a: Great Tusk|spa|1
|
|t:|1769365392
|switch|p1a: Darkrai|Darkrai, shiny|100/100|[from] Parting Shot
|-damage|p1a: Darkrai|84/100|[from] Spikes
|-damage|p1a: Darkrai|72/100|[from] Stealth Rock
|
|-heal|p1a: Darkrai|78/100|[from] item: Leftovers
|upkeep
|turn|8
|
|t:|1769365410
|-end|p2a: Great Tusk|Protosynthesis|[silent]
|switch|p2a: Samurott|Samurott-Hisui, M, shiny|100/100
|move|p1a: Darkrai|Substitute|p1a: Darkrai
|-start|p1a: Darkrai|Substitute
|-damage|p1a: Darkrai|53/100
|
|-heal|p1a: Darkrai|59/100|[from] item: Leftovers
|upkeep
|turn|9
|
|t:|1769365425
|move|p1a: Darkrai|Sludge Bomb|p2a: Samurott
|-damage|p2a: Samurott|50/100
|move|p2a: Samurott|Flip Turn|p1a: Darkrai
|-end|p1a: Darkrai|Substitute
|
|t:|1769365438
|switch|p2a: Dragonite|Dragonite, M, shiny|100/100|[from] Flip Turn
|
|-heal|p1a: Darkrai|65/100|[from] item: Leftovers
|upkeep
|turn|10
|inactive|Hammez36 has 120 seconds left.
|
|t:|1769365453
|move|p1a: Darkrai|Dark Pulse|p2a: Dragonite
|-damage|p2a: Dragonite|79/100
|cant|p2a: Dragonite|flinch
|
|-heal|p1a: Darkrai|71/100|[from] item: Leftovers
|upkeep
|turn|11
|inactive|Hammez36 has 120 seconds left.
|
|t:|1769365471
|switch|p1a: Florges|Florges, F|100/100
|-damage|p1a: Florges|84/100|[from] Spikes
|-damage|p1a: Florges|71/100|[from] Stealth Rock
|move|p2a: Dragonite|Dragon Dance|p2a: Dragonite
|-boost|p2a: Dragonite|atk|1
|-boost|p2a: Dragonite|spe|1
|
|-heal|p1a: Florges|77/100|[from] item: Leftovers
|upkeep
|turn|12
|
|t:|1769365486
|-terastallize|p2a: Dragonite|Flying
|move|p2a: Dragonite|Dragon Dance|p2a: Dragonite
|-boost|p2a: Dragonite|atk|1
|-boost|p2a: Dragonite|spe|1
|move|p1a: Florges|Alluring Voice|p2a: Dragonite
|-damage|p2a: Dragonite|47/100
|-start|p2a: Dragonite|confusion
|
|-heal|p1a: Florges|84/100|[from] item: Leftovers
|upkeep
|turn|13
|
|t:|1769365502
|-activate|p2a: Dragonite|confusion
|move|p2a: Dragonite|Roost|p2a: Dragonite
|-heal|p2a: Dragonite|97/100
|-hint|If a Terastallized Pokemon uses Roost, it remains Flying-type.
|move|p1a: Florges|Wish|p1a: Florges
|
|-heal|p1a: Florges|90/100|[from] item: Leftovers
|upkeep
|turn|14
|c|☆tocador|!dt alluring voice
|c|☆tocador|/raw <ul class="utilichart"><li class="result"><span class="col movenamecol"><a href="https://dex.pokemonshowdown.com/moves/alluringvoice">Alluring Voice</a></span> <span class="col typecol"><img src="//play.pokemonshowdown.com/sprites/types/Fairy.png" alt="Fairy" width="32" height="14"><img src="//play.pokemonshowdown.com/sprites/categories/Special.png" alt="Special" width="32" height="14"></span> <span class="col labelcol"><em>Power</em><br>80</span> <span class="col widelabelcol"><em>Accuracy</em><br>100%</span> <span class="col pplabelcol"><em>PP</em><br>16</span> <span class="col movedesccol">100% confuse target that had a stat rise this turn.</span> </li><li style="clear:both"></li></ul>
|c|☆tocador|/raw <font size="1"><font color="#686868">Priority:</font> 0&nbsp;|&ThickSpace;<font color="#686868">Gen:</font> 9&nbsp;|&ThickSpace;&#10003; Boosted by Sheer Force&nbsp;|&ThickSpace;&#10003; Sound&nbsp;|&ThickSpace;&#10003; Bypasses Substitutes&nbsp;|&ThickSpace;<font color="#686868">Z-Power:</font> 160&nbsp;|&ThickSpace;<font color="#686868">Target:</font> One Adjacent Pokémon</font>

|
|t:|1769365511
|-activate|p2a: Dragonite|confusion
|move|p2a: Dragonite|Tera Blast|p1a: Florges|[anim] Tera Blast Flying
|-damage|p1a: Florges|0 fnt
|faint|p1a: Florges
|
|upkeep
|inactive|Hammez36 has 90 seconds left.
|
|t:|1769365538
|switch|p1a: Pecharunt|Pecharunt, tera:Dark|68/100
|turn|15
|
|t:|1769365545
|-end|p2a: Dragonite|confusion
|move|p2a: Dragonite|Tera Blast|p1a: Pecharunt|[anim] Tera Blast Flying
|-damage|p1a: Pecharunt|14/100
|move|p1a: Pecharunt|Foul Play|p2a: Dragonite
|-damage|p2a: Dragonite|0 fnt
|faint|p2a: Dragonite
|
|upkeep
|
|t:|1769365564
|switch|p2a: Great Tusk|Great Tusk, shiny|100/100
|turn|16
|
|t:|1769365572
|move|p2a: Great Tusk|Ice Spinner|p1a: Pecharunt
|-damage|p1a: Pecharunt|1/100
|move|p1a: Pecharunt|Recover|p1a: Pecharunt
|-heal|p1a: Pecharunt|51/100
|
|upkeep
|turn|17
|
|t:|1769365582
|move|p2a: Great Tusk|Headlong Rush|p1a: Pecharunt
|-damage|p1a: Pecharunt|23/100
|-unboost|p2a: Great Tusk|def|1
|-unboost|p2a: Great Tusk|spd|1
|move|p1a: Pecharunt|Recover|p1a: Pecharunt
|-heal|p1a: Pecharunt|73/100
|
|upkeep
|turn|18
|
|t:|1769365589
|-end|p2a: Great Tusk|Protosynthesis|[silent]
|switch|p2a: Iron Crown|Iron Crown|100/100
|move|p1a: Pecharunt|Recover|p1a: Pecharunt
|-heal|p1a: Pecharunt|100/100
|
|upkeep
|turn|19
|inactive|Hammez36 has 120 seconds left.
|
|t:|1769365611
|switch|p1a: Raging Bolt|Raging Bolt|100/100
|move|p2a: Iron Crown|Future Sight|p1a: Raging Bolt
|-start|p2a: Iron Crown|move: Future Sight
|
|upkeep
|turn|20
|
|t:|1769365625
|move|p2a: Iron Crown|Psychic Noise|p1a: Raging Bolt
|-damage|p1a: Raging Bolt|66/100
|-start|p1a: Raging Bolt|move: Heal Block
|move|p1a: Raging Bolt|Dragon Pulse|p2a: Iron Crown
|-resisted|p2a: Iron Crown
|-damage|p2a: Iron Crown|85/100
|
|upkeep
|turn|21
|
|t:|1769365633
|move|p2a: Iron Crown|Psychic Noise|p1a: Raging Bolt
|-damage|p1a: Raging Bolt|33/100
|move|p1a: Raging Bolt|Volt Switch|p2a: Iron Crown
|-damage|p2a: Iron Crown|56/100
|
|t:|1769365648
|-end|p1a: Raging Bolt|Protosynthesis|[silent]
|switch|p1a: Darkrai|Darkrai, shiny|71/100|[from] Volt Switch
|-damage|p1a: Darkrai|55/100|[from] Spikes
|-damage|p1a: Darkrai|42/100|[from] Stealth Rock
|
|-end|p1a: Darkrai|move: Future Sight
|-immune|p1a: Darkrai
|-heal|p1a: Darkrai|48/100|[from] item: Leftovers
|upkeep
|turn|22
|
|t:|1769365659
|-end|p2a: Iron Crown|Quark Drive|[silent]
|switch|p2a: Samurott|Samurott-Hisui, M, shiny|50/100
|move|p1a: Darkrai|Dark Pulse|p2a: Samurott
|-resisted|p2a: Samurott
|-damage|p2a: Samurott|20/100
|
|-heal|p1a: Darkrai|54/100|[from] item: Leftovers
|upkeep
|turn|23
|
|t:|1769365669
|move|p1a: Darkrai|Dark Pulse|p2a: Samurott
|-resisted|p2a: Samurott
|-damage|p2a: Samurott|0 fnt
|faint|p2a: Samurott
|
|-heal|p1a: Darkrai|60/100|[from] item: Leftovers
|upkeep
|
|t:|1769365672
|switch|p2a: Great Tusk|Great Tusk, shiny|100/100
|turn|24
|
|t:|1769365683
|switch|p1a: Pecharunt|Pecharunt, tera:Dark|100/100
|move|p2a: Great Tusk|Headlong Rush|p1a: Pecharunt
|-damage|p1a: Pecharunt|70/100
|-unboost|p2a: Great Tusk|def|1
|-unboost|p2a: Great Tusk|spd|1
|
|upkeep
|turn|25
|
|t:|1769365693
|-end|p2a: Great Tusk|Protosynthesis|[silent]
|switch|p2a: Iron Crown|Iron Crown|56/100
|move|p1a: Pecharunt|Parting Shot|p2a: Iron Crown
|-unboost|p2a: Iron Crown|atk|1
|-unboost|p2a: Iron Crown|spa|1
|
|t:|1769365703
|switch|p1a: Darkrai|Darkrai, shiny|60/100|[from] Parting Shot
|-damage|p1a: Darkrai|44/100|[from] Spikes
|-damage|p1a: Darkrai|31/100|[from] Stealth Rock
|
|-heal|p1a: Darkrai|38/100|[from] item: Leftovers
|upkeep
|turn|26
|
|t:|1769365713
|-end|p2a: Iron Crown|Quark Drive|[silent]
|switch|p2a: Great Tusk|Great Tusk, shiny|100/100
|move|p1a: Darkrai|Dark Pulse|p2a: Great Tusk
|-resisted|p2a: Great Tusk
|-damage|p2a: Great Tusk|65/100
|
|-heal|p1a: Darkrai|44/100|[from] item: Leftovers
|upkeep
|turn|27
|inactive|Hammez36 has 120 seconds left.
|
|t:|1769365722
|move|p1a: Darkrai|Nasty Plot|p1a: Darkrai
|-boost|p1a: Darkrai|spa|2
|move|p2a: Great Tusk|Headlong Rush|p1a: Darkrai
|-damage|p1a: Darkrai|0 fnt
|-unboost|p2a: Great Tusk|def|1
|-unboost|p2a: Great Tusk|spd|1
|faint|p1a: Darkrai
|
|upkeep
|inactive|Hammez36 has 120 seconds left.
|
|t:|1769365735
|switch|p1a: Iron Crown|Iron Crown|100/100
|-damage|p1a: Iron Crown|84/100|[from] Spikes
|-damage|p1a: Iron Crown|78/100|[from] Stealth Rock
|turn|28
|inactive|Hammez36 has 120 seconds left.
|
|t:|1769365747
|move|p1a: Iron Crown|Calm Mind|p1a: Iron Crown
|-boost|p1a: Iron Crown|spa|1
|-boost|p1a: Iron Crown|spd|1
|move|p2a: Great Tusk|Headlong Rush|p1a: Iron Crown
|-supereffective|p1a: Iron Crown
|-damage|p1a: Iron Crown|0 fnt
|-unboost|p2a: Great Tusk|def|1
|-unboost|p2a: Great Tusk|spd|1
|faint|p1a: Iron Crown
|-end|p1a: Iron Crown|Quark Drive|[silent]
|
|upkeep
|inactive|Hammez36 has 120 seconds left.
|
|t:|1769365765
|switch|p1a: Pecharunt|Pecharunt, tera:Dark|70/100
|turn|29
|
|t:|1769365778
|-end|p2a: Great Tusk|Protosynthesis|[silent]
|switch|p2a: Iron Crown|Iron Crown|56/100
|move|p1a: Pecharunt|Foul Play|p2a: Iron Crown
|-supereffective|p2a: Iron Crown
|-damage|p2a: Iron Crown|10/100
|
|upkeep
|turn|30
|inactive|Hammez36 has 120 seconds left.
|
|t:|1769365791
|move|p2a: Iron Crown|Tachyon Cutter|p1a: Pecharunt
|-damage|p1a: Pecharunt|45/100
|-damage|p1a: Pecharunt|20/100
|-hitcount|p1a: Pecharunt|2
|move|p1a: Pecharunt|Parting Shot|p2a: Iron Crown
|-unboost|p2a: Iron Crown|atk|1
|-unboost|p2a: Iron Crown|spa|1
|
|t:|1769365801
|switch|p1a: Raging Bolt|Raging Bolt|33/100|[from] Parting Shot
|
|upkeep
|turn|31
|inactive|Hammez36 has 120 seconds left.
|
|t:|1769365815
|move|p2a: Iron Crown|Psychic Noise|p1a: Raging Bolt
|-damage|p1a: Raging Bolt|9/100
|-start|p1a: Raging Bolt|move: Heal Block
|move|p1a: Raging Bolt|Dragon Pulse|p2a: Iron Crown
|-resisted|p2a: Iron Crown
|-damage|p2a: Iron Crown|0 fnt
|faint|p2a: Iron Crown
|-end|p2a: Iron Crown|Quark Drive|[silent]
|
|upkeep
|
|t:|1769365819
|switch|p2a: Great Tusk|Great Tusk, shiny|65/100
|turn|32
|
|t:|1769365827
|move|p2a: Great Tusk|Rapid Spin|p1a: Raging Bolt
|-damage|p1a: Raging Bolt|0 fnt
|-boost|p2a: Great Tusk|spe|1
|faint|p1a: Raging Bolt
|-end|p1a: Raging Bolt|Protosynthesis|[silent]
|
|upkeep
|c|☆tocador|gg
|
|t:|1769365832
|switch|p1a: Pecharunt|Pecharunt, tera:Dark|20/100
|turn|33
|
|t:|1769365835
|move|p2a: Great Tusk|Headlong Rush|p1a: Pecharunt
|-damage|p1a: Pecharunt|0 fnt
|-unboost|p2a: Great Tusk|def|1
|-unboost|p2a: Great Tusk|spd|1
|faint|p1a: Pecharunt
|
|win|tocador
|raw|Hammez36's rating: 1292 &rarr; <strong>1270</strong><br />(-22 for losing)
|raw|tocador's rating: 1333 &rarr; <strong>1351</strong><br />(+18 for winning)
|l|☆tocador
|player|p2|
|l|☆Hammez36
|player|p1|
