|j|☆hdmeye
|j|☆SleezyHead
|t:|1769419262
|gametype|singles
|player|p1|hdmeye|ethan|1259
|player|p2|SleezyHead|doctor|1323
|gen|9
|tier|[Gen 9] OU
|rated|
|rule|HP Percentage Mod: HP is shown in percentages
|rule|Endless Battle Clause: Forcing endless battles is banned
|rule|Species Clause: Limit one of each Pokémon
|rule|OHKO Clause: OHKO moves are banned
|rule|Evasion Items Clause: Evasion items are banned
|rule|Evasion Moves Clause: Evasion moves are banned
|rule|Evasion Abilities Clause: Evasion abilities are banned
|rule|Sleep Moves Clause: Sleep-inducing moves are banned
|clearpoke
|poke|p1|Hatterene, F|
|poke|p1|Iron Treads|
|poke|p1|Gyarados, M|
|poke|p1|Raging Bolt|
|poke|p1|Ceruledge, M|
|poke|p1|Zamazenta-*|
|poke|p2|Dragapult, F|
|poke|p2|Alomomola, F|
|poke|p2|Ting-Lu|
|poke|p2|Kyurem|
|poke|p2|Weezing-Galar, F|
|poke|p2|Corviknight, F|
|teampreview
|inactive|Battle timer is ON: inactive players will automatically lose when time's up. (requested by hdmeye)
|
|t:|1769419288
|teamsize|p1|6
|teamsize|p2|6
|start
|switch|p1a: Iron Treads|Iron Treads|100/100
|switch|p2a: THE GOATTTT|Corviknight, F|100/100
|-ability|p2a: THE GOATTTT|Pressure
|turn|1
|inactive|SleezyHead has 120 seconds left.
|
|t:|1769419320
|move|p1a: Iron Treads|Stealth Rock|p2a: THE GOATTTT
|-sidestart|p2: SleezyHead|move: Stealth Rock
|move|p2a: THE GOATTTT|U-turn|p1a: Iron Treads
|-resisted|p1a: Iron Treads
|-damage|p1a: Iron Treads|95/100
|
|t:|1769419322
|switch|p2a: Bum 2|Alomomola, F|100/100|[from] U-turn
|-damage|p2a: Bum 2|88/100|[from] Stealth Rock
|
|-heal|p1a: Iron Treads|100/100|[from] item: Leftovers
|upkeep
|turn|2
|
|t:|1769419332
|-end|p1a: Iron Treads|Quark Drive|[silent]
|switch|p1a: Hatterene|Hatterene, F|100/100
|move|p2a: Bum 2|Tickle|p1a: Hatterene
|move|p1a: Hatterene|Tickle|p2a: Bum 2|[from] ability: Magic Bounce
|-unboost|p2a: Bum 2|atk|1
|-unboost|p2a: Bum 2|def|1
|
|upkeep
|turn|3
|
|t:|1769419345
|move|p1a: Hatterene|Trick|p2a: Bum 2
|-activate|p1a: Hatterene|move: Trick|[of] p2a: Bum 2
|-item|p2a: Bum 2|Choice Scarf|[from] move: Trick
|-item|p1a: Hatterene|Rocky Helmet|[from] move: Trick
|move|p2a: Bum 2|Flip Turn|p1a: Hatterene
|-damage|p1a: Hatterene|85/100
|-damage|p2a: Bum 2|71/100|[from] item: Rocky Helmet|[of] p1a: Hatterene
|
|t:|1769419351
|switch|p2a: THE GOATTTT|Corviknight, F|100/100|[from] Flip Turn
|-damage|p2a: THE GOATTTT|88/100|[from] Stealth Rock
|-ability|p2a: THE GOATTTT|Pressure
|
|-heal|p2a: THE GOATTTT|94/100|[from] item: Leftovers
|upkeep
|turn|4
|inactive|SleezyHead has 120 seconds left.
|
|t:|1769419373
|switch|p1a: Iron Treads|Iron Treads|100/100
|move|p2a: THE GOATTTT|Brave Bird|p1a: Iron Treads
|-resisted|p1a: Iron Treads
|-damage|p1a: Iron Treads|85/100
|-damage|p2a: THE GOATTTT|89/100|[from] Recoil
|
|-heal|p1a: Iron Treads|91/100|[from] item: Leftovers
|-heal|p2a: THE GOATTTT|96/100|[from] item: Leftovers
|upkeep
|turn|5
|
|t:|1769419385
|move|p1a: Iron Treads|Rapid Spin|p2a: THE GOATTTT
|-resisted|p2a: THE GOATTTT
|-damage|p2a: THE GOATTTT|91/100
|-boost|p1a: Iron Treads|spe|1
|move|p2a: THE GOATTTT|Defog|p1a: Iron Treads
|-unboost|p1a: Iron Treads|evasion|1
|-sideend|p2: SleezyHead|Stealth Rock|[from] move: Defog|[of] p2a: THE GOATTTT
|
|-heal|p1a: Iron Treads|97/100|[from] item: Leftovers
|-heal|p2a: THE GOATTTT|97/100|[from] item: Leftovers
|upkeep
|turn|6
|
|t:|1769419397
|move|p1a: Iron Treads|Stealth Rock|p2a: THE GOATTTT
|-sidestart|p2: SleezyHead|move: Stealth Rock
|move|p2a: THE GOATTTT|U-turn|p1a: Iron Treads
|-resisted|p1a: Iron Treads
|-damage|p1a: Iron Treads|92/100
|
|t:|1769419400
|switch|p2a: Bum 2|Alomomola, F|100/100|[from] U-turn
|-damage|p2a: Bum 2|88/100|[from] Stealth Rock
|
|-heal|p1a: Iron Treads|98/100|[from] item: Leftovers
|upkeep
|turn|7
|
|t:|1769419422
|-end|p1a: Iron Treads|Quark Drive|[silent]
|switch|p1a: Zamazenta|Zamazenta|100/100
|-ability|p1a: Zamazenta|Dauntless Shield|boost
|-boost|p1a: Zamazenta|def|1
|move|p2a: Bum 2|Flip Turn|p1a: Zamazenta
|-damage|p1a: Zamazenta|93/100
|
|t:|1769419433
|switch|p2a: Bum 5|Weezing-Galar, F|100/100|[from] Flip Turn
|-ability|p2a: Bum 5|Neutralizing Gas
|-damage|p2a: Bum 5|88/100|[from] Stealth Rock
|
|-heal|p1a: Zamazenta|99/100|[from] item: Leftovers
|-heal|p2a: Bum 5|94/100|[from] item: Leftovers
|upkeep
|turn|8
|
|t:|1769419443
|switch|p1a: Hatterene|Hatterene, F|85/100
|move|p2a: Bum 5|Toxic|p1a: Hatterene
|-status|p1a: Hatterene|tox
|
|-heal|p2a: Bum 5|99/100|[from] item: Leftovers
|-damage|p1a: Hatterene|79/100 tox|[from] psn
|upkeep
|turn|9
|
|t:|1769419453
|move|p2a: Bum 5|Defog|p1a: Hatterene
|-unboost|p1a: Hatterene|evasion|1
|-sideend|p2: SleezyHead|Stealth Rock|[from] move: Defog|[of] p2a: Bum 5
|move|p1a: Hatterene|Thunder Wave|p2a: Bum 5
|-status|p2a: Bum 5|par
|
|-heal|p2a: Bum 5|100/100 par|[from] item: Leftovers
|-damage|p1a: Hatterene|66/100 tox|[from] psn
|upkeep
|turn|10
|
|t:|1769419466
|move|p2a: Bum 5|Protect|p2a: Bum 5
|-singleturn|p2a: Bum 5|Protect
|move|p1a: Hatterene|Psychic|p2a: Bum 5
|-activate|p2a: Bum 5|move: Protect
|
|-damage|p1a: Hatterene|47/100 tox|[from] psn
|upkeep
|turn|11
|
|t:|1769419479
|-end|p2a: Bum 5|ability: Neutralizing Gas
|switch|p2a: Bum 3|Ting-Lu|100/100
|-ability|p2a: Bum 3|Vessel of Ruin
|move|p1a: Hatterene|Draining Kiss|p2a: Bum 3
|-supereffective|p2a: Bum 3
|-damage|p2a: Bum 3|74/100
|-heal|p1a: Hatterene|87/100 tox|[from] drain|[of] p2a: Bum 3
|
|-heal|p2a: Bum 3|81/100|[from] item: Leftovers
|-damage|p1a: Hatterene|62/100 tox|[from] psn
|upkeep
|turn|12
|
|t:|1769419497
|switch|p1a: Zamazenta|Zamazenta|99/100
|move|p2a: Bum 3|Stealth Rock|p1a: Zamazenta
|-sidestart|p1: hdmeye|move: Stealth Rock
|
|-heal|p1a: Zamazenta|100/100|[from] item: Leftovers
|-heal|p2a: Bum 3|87/100|[from] item: Leftovers
|upkeep
|turn|13
|
|t:|1769419510
|switch|p2a: Bum 5|Weezing-Galar, F|100/100 par
|-ability|p2a: Bum 5|Neutralizing Gas
|move|p1a: Zamazenta|Body Press|p2a: Bum 5
|-resisted|p2a: Bum 5
|-damage|p2a: Bum 5|94/100 par
|
|-heal|p2a: Bum 5|100/100 par|[from] item: Leftovers
|upkeep
|turn|14
|
|t:|1769419531
|switch|p1a: Iron Treads|Iron Treads|98/100
|-damage|p1a: Iron Treads|95/100|[from] Stealth Rock
|-end|p2a: Bum 5|ability: Neutralizing Gas
|switch|p2a: THE GOATTTT|Corviknight, F|97/100
|-ability|p2a: THE GOATTTT|Pressure
|
|-heal|p1a: Iron Treads|100/100|[from] item: Leftovers
|-heal|p2a: THE GOATTTT|100/100|[from] item: Leftovers
|upkeep
|turn|15
|
|t:|1769419542
|switch|p2a: Bum 1|Dragapult, F|100/100
|move|p1a: Iron Treads|Rapid Spin|p2a: Bum 1
|-immune|p2a: Bum 1
|
|upkeep
|turn|16
|
|t:|1769419553
|move|p2a: Bum 1|U-turn|p1a: Iron Treads
|-resisted|p1a: Iron Treads
|-damage|p1a: Iron Treads|86/100
|
|t:|1769419562
|switch|p2a: THE GOATTTT|Corviknight, F|100/100|[from] U-turn
|-ability|p2a: THE GOATTTT|Pressure
|move|p1a: Iron Treads|Stealth Rock|p2a: THE GOATTTT
|-sidestart|p2: SleezyHead|move: Stealth Rock
|
|-heal|p1a: Iron Treads|92/100|[from] item: Leftovers
|upkeep
|turn|17
|
|t:|1769419572
|move|p1a: Iron Treads|Ice Spinner|p2a: THE GOATTTT
|-damage|p2a: THE GOATTTT|84/100
|move|p2a: THE GOATTTT|Defog|p1a: Iron Treads
|-unboost|p1a: Iron Treads|evasion|1
|-sideend|p1: hdmeye|Stealth Rock|[from] move: Defog|[of] p2a: THE GOATTTT
|-sideend|p2: SleezyHead|Stealth Rock|[from] move: Defog|[of] p2a: THE GOATTTT
|
|-heal|p1a: Iron Treads|98/100|[from] item: Leftovers
|-heal|p2a: THE GOATTTT|90/100|[from] item: Leftovers
|upkeep
|turn|18
|
|t:|1769419595
|move|p1a: Iron Treads|Earthquake|p2a: THE GOATTTT
|-immune|p2a: THE GOATTTT
|move|p2a: THE GOATTTT|U-turn|p1a: Iron Treads
|-resisted|p1a: Iron Treads
|-damage|p1a: Iron Treads|93/100
|
|t:|1769419614
|switch|p2a: Bum 2|Alomomola, F|100/100|[from] U-turn
|
|-heal|p1a: Iron Treads|99/100|[from] item: Leftovers
|upkeep
|turn|19
|
|t:|1769419633
|-end|p1a: Iron Treads|Quark Drive|[silent]
|switch|p1a: Gyarados|Gyarados, M|100/100
|move|p2a: Bum 2|Wish|p2a: Bum 2
|
|upkeep
|turn|20
|
|t:|1769419649
|switch|p2a: Bum 4|Kyurem, shiny|100/100
|-ability|p2a: Bum 4|Pressure
|move|p1a: Gyarados|Dragon Dance|p1a: Gyarados
|-boost|p1a: Gyarados|atk|1
|-boost|p1a: Gyarados|spe|1
|
|upkeep
|turn|21
|
|t:|1769419657
|move|p1a: Gyarados|Stone Edge|p2a: Bum 4
|-supereffective|p2a: Bum 4
|-damage|p2a: Bum 4|2/100
|move|p2a: Bum 4|Freeze-Dry|p1a: Gyarados
|-supereffective|p1a: Gyarados
|-crit|p1a: Gyarados
|-damage|p1a: Gyarados|0 fnt
|faint|p1a: Gyarados
|
|-heal|p2a: Bum 4|8/100|[from] item: Leftovers
|upkeep
|
|t:|1769419671
|switch|p1a: Ceruledge|Ceruledge, M|100/100
|turn|22
|
|t:|1769419678
|switch|p2a: Bum 2|Alomomola, F|100/100
|move|p1a: Ceruledge|Shadow Sneak|p2a: Bum 2
|-damage|p2a: Bum 2|90/100
|
|upkeep
|turn|23
|
|t:|1769419687
|switch|p1a: Zamazenta|Zamazenta|100/100
|move|p2a: Bum 2|Flip Turn|p1a: Zamazenta
|-damage|p1a: Zamazenta|89/100
|
|t:|1769419699
|switch|p2a: Bum 5|Weezing-Galar, F|100/100 par|[from] Flip Turn
|-ability|p2a: Bum 5|Neutralizing Gas
|
|-heal|p1a: Zamazenta|96/100|[from] item: Leftovers
|upkeep
|turn|24
|
|t:|1769419710
|switch|p1a: Iron Treads|Iron Treads|99/100
|move|p2a: Bum 5|Toxic|p1a: Iron Treads
|-immune|p1a: Iron Treads
|
|-heal|p1a: Iron Treads|100/100|[from] item: Leftovers
|upkeep
|turn|25
|
|t:|1769419721
|move|p1a: Iron Treads|Stealth Rock|p2a: Bum 5
|-sidestart|p2: SleezyHead|move: Stealth Rock
|move|p2a: Bum 5|Will-O-Wisp|p1a: Iron Treads
|-status|p1a: Iron Treads|brn
|
|-damage|p1a: Iron Treads|94/100 brn|[from] brn
|upkeep
|turn|26
|
|t:|1769419748
|-end|p1a: Iron Treads|Quark Drive|[silent]
|switch|p1a: Raging Bolt|Raging Bolt|100/100
|move|p2a: Bum 5|Protect||[still]
|-fail|p2a: Bum 5
|
|upkeep
|turn|27
|
|t:|1769419766
|-end|p1a: Raging Bolt|Protosynthesis|[silent]
|switch|p1a: Iron Treads|Iron Treads|94/100 brn
|-end|p2a: Bum 5|ability: Neutralizing Gas
|switch|p2a: Bum 3|Ting-Lu|87/100
|-damage|p2a: Bum 3|81/100|[from] Stealth Rock
|-ability|p2a: Bum 3|Vessel of Ruin
|
|-heal|p1a: Iron Treads|100/100 brn|[from] item: Leftovers
|-heal|p2a: Bum 3|87/100|[from] item: Leftovers
|-damage|p1a: Iron Treads|94/100 brn|[from] brn
|upkeep
|turn|28
|
|t:|1769419782
|-end|p1a: Iron Treads|Quark Drive|[silent]
|switch|p1a: Zamazenta|Zamazenta|96/100
|switch|p2a: Bum 2|Alomomola, F|100/100
|-damage|p2a: Bum 2|88/100|[from] Stealth Rock
|
|-heal|p1a: Zamazenta|100/100|[from] item: Leftovers
|upkeep
|turn|29
|
|t:|1769419793
|move|p1a: Zamazenta|Iron Defense|p1a: Zamazenta
|-boost|p1a: Zamazenta|def|2
|move|p2a: Bum 2|Flip Turn|p1a: Zamazenta
|-damage|p1a: Zamazenta|94/100
|
|t:|1769419795
|switch|p2a: Bum 5|Weezing-Galar, F|100/100 par|[from] Flip Turn
|-ability|p2a: Bum 5|Neutralizing Gas
|-damage|p2a: Bum 5|88/100 par|[from] Stealth Rock
|
|-heal|p1a: Zamazenta|100/100|[from] item: Leftovers
|-heal|p2a: Bum 5|94/100 par|[from] item: Leftovers
|upkeep
|turn|30
|
|t:|1769419807
|move|p2a: Bum 5|Defog|p1a: Zamazenta
|-unboost|p1a: Zamazenta|evasion|1
|-sideend|p2: SleezyHead|Stealth Rock|[from] move: Defog|[of] p2a: Bum 5
|move|p1a: Zamazenta|Roar|p2a: Bum 5
|-end|p2a: Bum 5|ability: Neutralizing Gas
|drag|p2a: Bum 1|Dragapult, F|100/100
|
|upkeep
|turn|31
|
|t:|1769419821
|move|p2a: Bum 1|Will-O-Wisp|p1a: Zamazenta
|-status|p1a: Zamazenta|brn
|move|p1a: Zamazenta|Crunch|p2a: Bum 1
|-supereffective|p2a: Bum 1
|-damage|p2a: Bum 1|72/100
|
|-damage|p1a: Zamazenta|94/100 brn|[from] brn
|upkeep
|turn|32
|
|t:|1769419842
|switch|p2a: Bum 2|Alomomola, F|100/100
|move|p1a: Zamazenta|Crunch|p2a: Bum 2
|-damage|p2a: Bum 2|95/100
|
|-heal|p1a: Zamazenta|100/100 brn|[from] item: Leftovers
|-damage|p1a: Zamazenta|94/100 brn|[from] brn
|upkeep
|turn|33
|inactive|hdmeye has 120 seconds left.
|
|t:|1769419857
|switch|p1a: Raging Bolt|Raging Bolt|100/100
|-enditem|p1a: Raging Bolt|Booster Energy
|-activate|p1a: Raging Bolt|ability: Protosynthesis|[fromitem]
|-start|p1a: Raging Bolt|protosynthesisspa
|move|p2a: Bum 2|Wish|p2a: Bum 2
|
|upkeep
|turn|34
|
|t:|1769419870
|switch|p2a: Bum 3|Ting-Lu|87/100
|-ability|p2a: Bum 3|Vessel of Ruin
|move|p1a: Raging Bolt|Calm Mind|p1a: Raging Bolt
|-boost|p1a: Raging Bolt|spa|1
|-boost|p1a: Raging Bolt|spd|1
|
|-heal|p2a: Bum 3|100/100|[from] move: Wish|[wisher] Bum 2
|upkeep
|turn|35
|
|t:|1769419883
|move|p1a: Raging Bolt|Dragon Pulse|p2a: Bum 3
|-damage|p2a: Bum 3|61/100
|move|p2a: Bum 3|Earthquake|p1a: Raging Bolt
|-supereffective|p1a: Raging Bolt
|-damage|p1a: Raging Bolt|32/100
|
|-heal|p2a: Bum 3|67/100|[from] item: Leftovers
|upkeep
|turn|36
|
|t:|1769419894
|-terastallize|p1a: Raging Bolt|Flying
|move|p1a: Raging Bolt|Calm Mind|p1a: Raging Bolt
|-boost|p1a: Raging Bolt|spa|1
|-boost|p1a: Raging Bolt|spd|1
|move|p2a: Bum 3|Earthquake|p1a: Raging Bolt
|-immune|p1a: Raging Bolt
|
|-heal|p2a: Bum 3|73/100|[from] item: Leftovers
|upkeep
|turn|37
|inactive|SleezyHead has 120 seconds left.
|
|t:|1769419929
|move|p1a: Raging Bolt|Dragon Pulse|p2a: Bum 3
|-damage|p2a: Bum 3|26/100
|move|p2a: Bum 3|Stealth Rock|p1a: Raging Bolt
|-sidestart|p1: hdmeye|move: Stealth Rock
|
|-heal|p2a: Bum 3|32/100|[from] item: Leftovers
|upkeep
|turn|38
|inactive|SleezyHead has 120 seconds left.
|
|t:|1769419943
|move|p1a: Raging Bolt|Dragon Pulse|p2a: Bum 3
|-damage|p2a: Bum 3|0 fnt
|faint|p2a: Bum 3
|
|upkeep
|inactive|SleezyHead has 90 seconds left.
|
|t:|1769419978
|switch|p2a: Bum 1|Dragapult, F|72/100
|turn|39
|
|t:|1769419985
|move|p1a: Raging Bolt|Thunderclap||[still]
|-fail|p1a: Raging Bolt
|move|p2a: Bum 1|Will-O-Wisp|p1a: Raging Bolt|[miss]
|-miss|p2a: Bum 1|p1a: Raging Bolt
|
|upkeep
|turn|40
|
|t:|1769419995
|switch|p2a: Bum 5|Weezing-Galar, F|94/100 par
|-ability|p2a: Bum 5|Neutralizing Gas
|move|p1a: Raging Bolt|Dragon Pulse|p2a: Bum 5
|-immune|p2a: Bum 5
|
|-heal|p2a: Bum 5|99/100 par|[from] item: Leftovers
|upkeep
|turn|41
|
|t:|1769420005
|move|p1a: Raging Bolt|Thunderbolt|p2a: Bum 5
|-damage|p2a: Bum 5|0 fnt
|faint|p2a: Bum 5
|-end|p2a: Bum 5|ability: Neutralizing Gas
|
|upkeep
|
|t:|1769420011
|switch|p2a: Bum 4|Kyurem, shiny|8/100
|-ability|p2a: Bum 4|Pressure
|turn|42
|
|t:|1769420016
|move|p1a: Raging Bolt|Thunderclap||[still]
|-fail|p1a: Raging Bolt
|move|p2a: Bum 4|Substitute|p2a: Bum 4
|-fail|p2a: Bum 4|move: Substitute|[weak]
|
|-heal|p2a: Bum 4|15/100|[from] item: Leftovers
|upkeep
|turn|43
|
|t:|1769420024
|move|p2a: Bum 4|Freeze-Dry|p1a: Raging Bolt
|-supereffective|p1a: Raging Bolt
|-damage|p1a: Raging Bolt|0 fnt
|faint|p1a: Raging Bolt
|-end|p1a: Raging Bolt|Protosynthesis|[silent]
|
|-heal|p2a: Bum 4|21/100|[from] item: Leftovers
|upkeep
|
|t:|1769420033
|switch|p1a: Zamazenta|Zamazenta|94/100 brn
|-damage|p1a: Zamazenta|88/100 brn|[from] Stealth Rock
|turn|44
|
|t:|1769420040
|switch|p2a: Bum 2|Alomomola, F|100/100
|move|p1a: Zamazenta|Body Press|p2a: Bum 2
|-damage|p2a: Bum 2|91/100
|
|-heal|p1a: Zamazenta|94/100 brn|[from] item: Leftovers
|-damage|p1a: Zamazenta|88/100 brn|[from] brn
|upkeep
|turn|45
|
|t:|1769420050
|move|p1a: Zamazenta|Iron Defense|p1a: Zamazenta
|-boost|p1a: Zamazenta|def|2
|move|p2a: Bum 2|Wish|p2a: Bum 2
|
|-heal|p1a: Zamazenta|94/100 brn|[from] item: Leftovers
|-damage|p1a: Zamazenta|88/100 brn|[from] brn
|upkeep
|turn|46
|inactive|SleezyHead has 120 seconds left.
|
|t:|1769420081
|switch|p2a: THE GOATTTT|Corviknight, F|90/100
|-ability|p2a: THE GOATTTT|Pressure
|move|p1a: Zamazenta|Iron Defense|p1a: Zamazenta
|-boost|p1a: Zamazenta|def|2
|
|-heal|p2a: THE GOATTTT|100/100|[from] move: Wish|[wisher] Bum 2
|-heal|p1a: Zamazenta|94/100 brn|[from] item: Leftovers
|-damage|p1a: Zamazenta|88/100 brn|[from] brn
|upkeep
|turn|47
|inactive|SleezyHead has 120 seconds left.
|
|t:|1769420095
|move|p1a: Zamazenta|Body Press|p2a: THE GOATTTT
|-crit|p2a: THE GOATTTT
|-damage|p2a: THE GOATTTT|37/100
|move|p2a: THE GOATTTT|U-turn|p1a: Zamazenta
|-resisted|p1a: Zamazenta
|-damage|p1a: Zamazenta|86/100 brn
|
|t:|1769420098
|switch|p2a: Bum 2|Alomomola, F|100/100|[from] U-turn
|
|-heal|p1a: Zamazenta|93/100 brn|[from] item: Leftovers
|-damage|p1a: Zamazenta|86/100 brn|[from] brn
|upkeep
|turn|48
|
|t:|1769420108
|move|p1a: Zamazenta|Iron Defense|p1a: Zamazenta
|-boost|p1a: Zamazenta|def|2
|move|p2a: Bum 2|Tickle|p1a: Zamazenta
|-unboost|p1a: Zamazenta|atk|1
|-unboost|p1a: Zamazenta|def|1
|
|-heal|p1a: Zamazenta|93/100 brn|[from] item: Leftovers
|-damage|p1a: Zamazenta|86/100 brn|[from] brn
|upkeep
|turn|49
|
|t:|1769420124
|move|p1a: Zamazenta|Body Press|p2a: Bum 2
|-damage|p2a: Bum 2|67/100
|move|p2a: Bum 2|Tickle|p1a: Zamazenta
|-unboost|p1a: Zamazenta|atk|1
|-unboost|p1a: Zamazenta|def|1
|
|-heal|p1a: Zamazenta|93/100 brn|[from] item: Leftovers
|-damage|p1a: Zamazenta|86/100 brn|[from] brn
|upkeep
|turn|50
|
|t:|1769420133
|move|p1a: Zamazenta|Body Press|p2a: Bum 2
|-damage|p2a: Bum 2|42/100
|move|p2a: Bum 2|Tickle|p1a: Zamazenta
|-unboost|p1a: Zamazenta|atk|1
|-unboost|p1a: Zamazenta|def|1
|
|-heal|p1a: Zamazenta|93/100 brn|[from] item: Leftovers
|-damage|p1a: Zamazenta|86/100 brn|[from] brn
|upkeep
|turn|51
|
|t:|1769420143
|switch|p2a: Bum 1|Dragapult, F|72/100
|move|p1a: Zamazenta|Body Press|p2a: Bum 1
|-immune|p2a: Bum 1
|
|-heal|p1a: Zamazenta|93/100 brn|[from] item: Leftovers
|-damage|p1a: Zamazenta|86/100 brn|[from] brn
|upkeep
|turn|52
|
|t:|1769420154
|switch|p1a: Iron Treads|Iron Treads|94/100 brn
|-damage|p1a: Iron Treads|92/100 brn|[from] Stealth Rock
|move|p2a: Bum 1|Dragon Darts|p1a: Iron Treads
|-resisted|p1a: Iron Treads
|-damage|p1a: Iron Treads|78/100 brn
|-anim|p2a: Bum 1|Dragon Darts|p1a: Iron Treads
|-resisted|p1a: Iron Treads
|-damage|p1a: Iron Treads|64/100 brn
|
|-heal|p1a: Iron Treads|70/100 brn|[from] item: Leftovers
|-damage|p1a: Iron Treads|64/100 brn|[from] brn
|upkeep
|turn|53
|
|t:|1769420170
|switch|p2a: Bum 2|Alomomola, F|76/100
|move|p1a: Iron Treads|Stealth Rock|p2a: Bum 2
|-sidestart|p2: SleezyHead|move: Stealth Rock
|
|-heal|p1a: Iron Treads|70/100 brn|[from] item: Leftovers
|-damage|p1a: Iron Treads|64/100 brn|[from] brn
|upkeep
|turn|54
|
|t:|1769420180
|move|p1a: Iron Treads|Rapid Spin|p2a: Bum 2
|-damage|p2a: Bum 2|72/100
|-boost|p1a: Iron Treads|spe|1
|-sideend|p1: hdmeye|Stealth Rock|[from] move: Rapid Spin|[of] p1a: Iron Treads
|move|p2a: Bum 2|Wish|p2a: Bum 2
|
|-heal|p1a: Iron Treads|70/100 brn|[from] item: Leftovers
|-damage|p1a: Iron Treads|64/100 brn|[from] brn
|upkeep
|turn|55
|
|t:|1769420191
|-end|p1a: Iron Treads|Quark Drive|[silent]
|switch|p1a: Ceruledge|Ceruledge, M|100/100
|switch|p2a: THE GOATTTT|Corviknight, F|37/100
|-damage|p2a: THE GOATTTT|24/100|[from] Stealth Rock
|-ability|p2a: THE GOATTTT|Pressure
|
|-heal|p2a: THE GOATTTT|91/100|[from] move: Wish|[wisher] Bum 2
|-heal|p2a: THE GOATTTT|97/100|[from] item: Leftovers
|upkeep
|turn|56
|inactive|SleezyHead has 120 seconds left.
|
|t:|1769420226
|move|p1a: Ceruledge|Bitter Blade|p2a: THE GOATTTT
|-supereffective|p2a: THE GOATTTT
|-damage|p2a: THE GOATTTT|19/100
|move|p2a: THE GOATTTT|U-turn|p1a: Ceruledge
|-resisted|p1a: Ceruledge
|-damage|p1a: Ceruledge|96/100
|
|t:|1769420229
|switch|p2a: Bum 2|Alomomola, F|100/100|[from] U-turn
|-damage|p2a: Bum 2|88/100|[from] Stealth Rock
|
|upkeep
|turn|57
|
|t:|1769420239
|switch|p1a: Zamazenta|Zamazenta|86/100 brn
|move|p2a: Bum 2|Tickle|p1a: Zamazenta
|-unboost|p1a: Zamazenta|atk|1
|-unboost|p1a: Zamazenta|def|1
|
|-heal|p1a: Zamazenta|93/100 brn|[from] item: Leftovers
|-damage|p1a: Zamazenta|86/100 brn|[from] brn
|upkeep
|turn|58
|
|t:|1769420248
|switch|p1a: Ceruledge|Ceruledge, M|96/100
|move|p2a: Bum 2|Tickle|p1a: Ceruledge
|-unboost|p1a: Ceruledge|atk|1
|-unboost|p1a: Ceruledge|def|1
|
|upkeep
|turn|59
|
|t:|1769420255
|move|p1a: Ceruledge|Bulk Up|p1a: Ceruledge
|-boost|p1a: Ceruledge|atk|1
|-boost|p1a: Ceruledge|def|1
|move|p2a: Bum 2|Tickle|p1a: Ceruledge
|-unboost|p1a: Ceruledge|atk|1
|-unboost|p1a: Ceruledge|def|1
|
|upkeep
|turn|60
|
|t:|1769420263
|move|p1a: Ceruledge|Bulk Up|p1a: Ceruledge
|-boost|p1a: Ceruledge|atk|1
|-boost|p1a: Ceruledge|def|1
|move|p2a: Bum 2|Tickle|p1a: Ceruledge
|-unboost|p1a: Ceruledge|atk|1
|-unboost|p1a: Ceruledge|def|1
|
|upkeep
|turn|61
|
|t:|1769420273
|switch|p1a: Hatterene|Hatterene, F|62/100 tox
|move|p2a: Bum 2|Tickle|p1a: Hatterene
|move|p1a: Hatterene|Tickle|p2a: Bum 2|[from] ability: Magic Bounce
|-unboost|p2a: Bum 2|atk|1
|-unboost|p2a: Bum 2|def|1
|
|-damage|p1a: Hatterene|56/100 tox|[from] psn
|upkeep
|turn|62
|
|t:|1769420292
|move|p2a: Bum 2|Tickle|p1a: Hatterene
|move|p1a: Hatterene|Tickle|p2a: Bum 2|[from] ability: Magic Bounce
|-unboost|p2a: Bum 2|atk|1
|-unboost|p2a: Bum 2|def|1
|move|p1a: Hatterene|Thunder Wave|p2a: Bum 2
|-status|p2a: Bum 2|par
|
|-damage|p1a: Hatterene|43/100 tox|[from] psn
|upkeep
|turn|63
|
|t:|1769420305
|move|p1a: Hatterene|Draining Kiss|p2a: Bum 2
|-damage|p2a: Bum 2|52/100 par
|-heal|p1a: Hatterene|99/100 tox|[from] drain|[of] p2a: Bum 2
|move|p2a: Bum 2|Tickle|p1a: Hatterene
|move|p1a: Hatterene|Tickle|p2a: Bum 2|[from] ability: Magic Bounce
|-unboost|p2a: Bum 2|atk|1
|-unboost|p2a: Bum 2|def|1
|
|-damage|p1a: Hatterene|81/100 tox|[from] psn
|upkeep
|turn|64
|
|t:|1769420323
|switch|p2a: THE GOATTTT|Corviknight, F|19/100
|-damage|p2a: THE GOATTTT|7/100|[from] Stealth Rock
|-ability|p2a: THE GOATTTT|Pressure
|move|p1a: Hatterene|Psychic|p2a: THE GOATTTT
|-resisted|p2a: THE GOATTTT
|-damage|p2a: THE GOATTTT|0 fnt
|faint|p2a: THE GOATTTT
|
|-damage|p1a: Hatterene|56/100 tox|[from] psn
|upkeep
|
|t:|1769420335
|switch|p2a: Bum 1|Dragapult, F|72/100
|-damage|p2a: Bum 1|60/100|[from] Stealth Rock
|turn|65
|
|t:|1769420345
|switch|p1a: Iron Treads|Iron Treads|64/100 brn
|move|p2a: Bum 1|U-turn|p1a: Iron Treads
|-resisted|p1a: Iron Treads
|-damage|p1a: Iron Treads|51/100 brn
|
|t:|1769420350
|switch|p2a: Bum 2|Alomomola, F|85/100 par|[from] U-turn
|-damage|p2a: Bum 2|73/100 par|[from] Stealth Rock
|
|-heal|p1a: Iron Treads|57/100 brn|[from] item: Leftovers
|-damage|p1a: Iron Treads|51/100 brn|[from] brn
|upkeep
|turn|66
|
|t:|1769420362
|-end|p1a: Iron Treads|Quark Drive|[silent]
|switch|p1a: Hatterene|Hatterene, F|56/100 tox
|move|p2a: Bum 2|Wish|p2a: Bum 2
|
|-damage|p1a: Hatterene|50/100 tox|[from] psn
|upkeep
|turn|67
|
|t:|1769420371
|switch|p2a: Bum 4|Kyurem, shiny|21/100
|-damage|p2a: Bum 4|0 fnt|[from] Stealth Rock
|faint|p2a: Bum 4
|move|p1a: Hatterene|Draining Kiss|p2: Bum 4|[notarget]
|-fail|p1a: Hatterene
|
|-damage|p1a: Hatterene|38/100 tox|[from] psn
|upkeep
|
|t:|1769420379
|switch|p2a: Bum 2|Alomomola, F|100/100 par
|-damage|p2a: Bum 2|88/100 par|[from] Stealth Rock
|turn|68
|
|t:|1769420397
|move|p2a: Bum 2|Protect|p2a: Bum 2
|-singleturn|p2a: Bum 2|Protect
|move|p1a: Hatterene|Draining Kiss|p2a: Bum 2
|-activate|p2a: Bum 2|move: Protect
|
|-damage|p1a: Hatterene|19/100 tox|[from] psn
|upkeep
|turn|69
|
|t:|1769420407
|switch|p1a: Ceruledge|Ceruledge, M|96/100
|move|p2a: Bum 2|Protect||[still]
|-fail|p2a: Bum 2
|
|upkeep
|turn|70
|
|t:|1769420416
|switch|p2a: Bum 1|Dragapult, F|60/100
|-damage|p2a: Bum 1|48/100|[from] Stealth Rock
|move|p1a: Ceruledge|Bulk Up|p1a: Ceruledge
|-boost|p1a: Ceruledge|atk|1
|-boost|p1a: Ceruledge|def|1
|
|upkeep
|turn|71
|
|t:|1769420424
|switch|p2a: Bum 2|Alomomola, F|100/100 par
|-damage|p2a: Bum 2|88/100 par|[from] Stealth Rock
|move|p1a: Ceruledge|Shadow Sneak|p2a: Bum 2
|-crit|p2a: Bum 2
|-damage|p2a: Bum 2|61/100 par
|
|upkeep
|turn|72
|
|t:|1769420450
|move|p1a: Ceruledge|Shadow Sneak|p2a: Bum 2
|-damage|p2a: Bum 2|45/100 par
|move|p2a: Bum 2|Tickle|p1a: Ceruledge
|-unboost|p1a: Ceruledge|atk|1
|-unboost|p1a: Ceruledge|def|1
|
|upkeep
|turn|73
|
|t:|1769420458
|move|p1a: Ceruledge|Close Combat|p2a: Bum 2
|-damage|p2a: Bum 2|23/100 par
|-unboost|p1a: Ceruledge|def|1
|-unboost|p1a: Ceruledge|spd|1
|cant|p2a: Bum 2|par
|
|upkeep
|turn|74
|
|t:|1769420480
|move|p1a: Ceruledge|Bulk Up|p1a: Ceruledge
|-boost|p1a: Ceruledge|atk|1
|-boost|p1a: Ceruledge|def|1
|move|p2a: Bum 2|Tickle|p1a: Ceruledge
|-unboost|p1a: Ceruledge|atk|1
|-unboost|p1a: Ceruledge|def|1
|
|upkeep
|turn|75
|
|t:|1769420491
|move|p1a: Ceruledge|Shadow Sneak|p2a: Bum 2
|-damage|p2a: Bum 2|12/100 par
|cant|p2a: Bum 2|par
|
|upkeep
|turn|76
|
|t:|1769420497
|switch|p2a: Bum 1|Dragapult, F|48/100
|-damage|p2a: Bum 1|35/100|[from] Stealth Rock
|move|p1a: Ceruledge|Bulk Up|p1a: Ceruledge
|-boost|p1a: Ceruledge|atk|1
|-boost|p1a: Ceruledge|def|1
|
|upkeep
|turn|77
|
|t:|1769420505
|switch|p2a: Bum 2|Alomomola, F|45/100 par
|-damage|p2a: Bum 2|33/100 par|[from] Stealth Rock
|move|p1a: Ceruledge|Shadow Sneak|p2a: Bum 2
|-damage|p2a: Bum 2|15/100 par
|
|upkeep
|turn|78
|-message|SleezyHead forfeited.
|
|win|hdmeye
|raw|hdmeye's rating: 1259 &rarr; <strong>1289</strong><br />(+30 for winning)
|raw|SleezyHead's rating: 1323 &rarr; <strong>1299</strong><br />(-24 for losing)
|l|☆SleezyHead
|player|p2|
|l|☆hdmeye
|player|p1|
