|j|☆big dog jimbo
|j|☆Smingus69
|t:|1769368880
|gametype|singles
|player|p1|big dog jimbo|crasherwake|1312
|player|p2|Smingus69|janitor|1343
|gen|9
|tier|[Gen 9] OU
|rated|
|rule|HP Percentage Mod: HP is shown in percentages
|rule|Endless Battle Clause: Forcing endless battles is banned
|rule|Species Clause: Limit one of each Pokémon
|rule|OHKO Clause: OHKO moves are banned
|rule|Evasion Items Clause: Evasion items are banned
|rule|Evasion Moves Clause: Evasion moves are banned
|rule|Evasion Abilities Clause: Evasion abilities are banned
|rule|Sleep Moves Clause: Sleep-inducing moves are banned
|clearpoke
|poke|p1|Garganacl, M|
|poke|p1|Dragonite, M|
|poke|p1|Ogerpon-Wellspring, F|
|poke|p1|Gholdengo|
|poke|p1|Iron Valiant|
|poke|p1|Mandibuzz, F|
|poke|p2|Quaquaval, F|
|poke|p2|Zarude|
|poke|p2|Iron Moth|
|poke|p2|Corviknight, M|
|poke|p2|Ting-Lu|
|poke|p2|Uxie|
|teampreview
|inactive|Battle timer is ON: inactive players will automatically lose when time's up. (requested by Smingus69)
|inactive|big dog jimbo also wants the timer to be on.
|
|t:|1769368897
|teamsize|p1|6
|teamsize|p2|6
|start
|switch|p1a: Ogerpon|Ogerpon-Wellspring, F|100/100
|switch|p2a: Corviknight|Corviknight, M|100/100
|-ability|p2a: Corviknight|Pressure
|turn|1
|
|t:|1769368916
|move|p1a: Ogerpon|Knock Off|p2a: Corviknight
|-damage|p2a: Corviknight|77/100
|-damage|p1a: Ogerpon|84/100|[from] item: Rocky Helmet|[of] p2a: Corviknight
|-enditem|p2a: Corviknight|Rocky Helmet|[from] move: Knock Off|[of] p1a: Ogerpon
|move|p2a: Corviknight|Brave Bird|p1a: Ogerpon
|-supereffective|p1a: Ogerpon
|-damage|p1a: Ogerpon|0 fnt
|faint|p1a: Ogerpon
|-damage|p2a: Corviknight|56/100|[from] Recoil
|
|upkeep
|
|t:|1769368922
|switch|p1a: Gholdengo|Gholdengo|100/100
|turn|2
|
|t:|1769368930
|switch|p2a: Ting-Lu|Ting-Lu|100/100
|-ability|p2a: Ting-Lu|Vessel of Ruin
|move|p1a: Gholdengo|Thunder Wave|p2a: Ting-Lu
|-immune|p2a: Ting-Lu
|
|upkeep
|turn|3
|
|t:|1769368944
|switch|p1a: Mr. Stall|Garganacl, M|100/100
|move|p2a: Ting-Lu|Ruination|p1a: Mr. Stall
|-damage|p1a: Mr. Stall|50/100
|
|-heal|p1a: Mr. Stall|57/100|[from] item: Leftovers
|upkeep
|turn|4
|
|t:|1769368955
|move|p2a: Ting-Lu|Ruination|p1a: Mr. Stall
|-damage|p1a: Mr. Stall|29/100
|move|p1a: Mr. Stall|Recover|p1a: Mr. Stall
|-heal|p1a: Mr. Stall|79/100
|
|-heal|p1a: Mr. Stall|85/100|[from] item: Leftovers
|upkeep
|turn|5
|
|t:|1769368969
|move|p2a: Ting-Lu|Ruination|p1a: Mr. Stall
|-damage|p1a: Mr. Stall|43/100
|move|p1a: Mr. Stall|Curse|p1a: Mr. Stall
|-unboost|p1a: Mr. Stall|spe|1
|-boost|p1a: Mr. Stall|atk|1
|-boost|p1a: Mr. Stall|def|1
|
|-heal|p1a: Mr. Stall|49/100|[from] item: Leftovers
|upkeep
|turn|6
|
|t:|1769368975
|move|p1a: Mr. Stall|Recover|p1a: Mr. Stall
|-heal|p1a: Mr. Stall|99/100
|move|p2a: Ting-Lu|Whirlwind|p1a: Mr. Stall
|drag|p1a: Iron Valiant|Iron Valiant|100/100
|-enditem|p1a: Iron Valiant|Booster Energy
|-activate|p1a: Iron Valiant|ability: Quark Drive|[fromitem]
|-start|p1a: Iron Valiant|quarkdrivespe
|
|upkeep
|turn|7
|
|t:|1769368997
|switch|p2a: Corviknight|Corviknight, M|56/100
|-ability|p2a: Corviknight|Pressure
|move|p1a: Iron Valiant|Moonblast|p2a: Corviknight
|-resisted|p2a: Corviknight
|-damage|p2a: Corviknight|35/100
|
|upkeep
|turn|8
|
|t:|1769369009
|move|p1a: Iron Valiant|Hex|p2a: Corviknight
|-damage|p2a: Corviknight|14/100
|move|p2a: Corviknight|Roost|p2a: Corviknight
|-heal|p2a: Corviknight|64/100
|-singleturn|p2a: Corviknight|move: Roost
|
|upkeep
|turn|9
|
|t:|1769369026
|-end|p1a: Iron Valiant|Quark Drive|[silent]
|switch|p1a: Mr. Stall|Garganacl, M|99/100
|move|p2a: Corviknight|Roost|p2a: Corviknight
|-heal|p2a: Corviknight|100/100
|-singleturn|p2a: Corviknight|move: Roost
|
|-heal|p1a: Mr. Stall|100/100|[from] item: Leftovers
|upkeep
|turn|10
|
|t:|1769369043
|move|p2a: Corviknight|Taunt|p1a: Mr. Stall
|-start|p1a: Mr. Stall|move: Taunt
|move|p1a: Mr. Stall|Salt Cure|p2a: Corviknight
|-damage|p2a: Corviknight|91/100
|-start|p2a: Corviknight|Salt Cure
|
|-damage|p2a: Corviknight|66/100|[from] Salt Cure
|upkeep
|turn|11
|
|t:|1769369062
|switch|p2a: Ting-Lu|Ting-Lu|100/100
|-ability|p2a: Ting-Lu|Vessel of Ruin
|move|p1a: Mr. Stall|Salt Cure|p2a: Ting-Lu
|-resisted|p2a: Ting-Lu
|-damage|p2a: Ting-Lu|97/100
|-start|p2a: Ting-Lu|Salt Cure
|
|-heal|p2a: Ting-Lu|100/100|[from] item: Leftovers
|-damage|p2a: Ting-Lu|88/100|[from] Salt Cure
|upkeep
|turn|12
|inactive|big dog jimbo has 120 seconds left.
|
|t:|1769369085
|switch|p1a: Mandibuzz|Mandibuzz, F|100/100
|move|p2a: Ting-Lu|Ruination|p1a: Mandibuzz
|-damage|p1a: Mandibuzz|51/100
|
|-heal|p2a: Ting-Lu|94/100|[from] item: Leftovers
|-damage|p2a: Ting-Lu|82/100|[from] Salt Cure
|upkeep
|turn|13
|
|t:|1769369094
|switch|p2a: Corviknight|Corviknight, M|66/100
|-ability|p2a: Corviknight|Pressure
|move|p1a: Mandibuzz|Roost|p1a: Mandibuzz
|-heal|p1a: Mandibuzz|100/100
|-singleturn|p1a: Mandibuzz|move: Roost
|
|upkeep
|turn|14
|
|t:|1769369106
|switch|p1a: Mr. Stall|Garganacl, M|100/100
|move|p2a: Corviknight|Taunt|p1a: Mr. Stall
|-start|p1a: Mr. Stall|move: Taunt
|
|upkeep
|turn|15
|
|t:|1769369112
|switch|p2a: Ting-Lu|Ting-Lu|82/100
|-ability|p2a: Ting-Lu|Vessel of Ruin
|move|p1a: Mr. Stall|Salt Cure|p2a: Ting-Lu
|-resisted|p2a: Ting-Lu
|-damage|p2a: Ting-Lu|78/100
|-start|p2a: Ting-Lu|Salt Cure
|
|-heal|p2a: Ting-Lu|85/100|[from] item: Leftovers
|-damage|p2a: Ting-Lu|72/100|[from] Salt Cure
|upkeep
|turn|16
|
|t:|1769369129
|move|p2a: Ting-Lu|Stealth Rock|p1a: Mr. Stall
|-sidestart|p1: big dog jimbo|move: Stealth Rock
|move|p1a: Mr. Stall|Salt Cure|p2a: Ting-Lu
|-resisted|p2a: Ting-Lu
|-damage|p2a: Ting-Lu|68/100
|
|-heal|p2a: Ting-Lu|74/100|[from] item: Leftovers
|-damage|p2a: Ting-Lu|62/100|[from] Salt Cure
|-end|p1a: Mr. Stall|move: Taunt
|upkeep
|turn|17
|
|t:|1769369141
|switch|p1a: Mandibuzz|Mandibuzz, F|100/100
|move|p2a: Ting-Lu|Ruination|p1a: Mandibuzz
|-damage|p1a: Mandibuzz|51/100
|
|-heal|p2a: Ting-Lu|68/100|[from] item: Leftovers
|-damage|p2a: Ting-Lu|56/100|[from] Salt Cure
|upkeep
|turn|18
|
|t:|1769369150
|switch|p2a: Iron Moth|Iron Moth|100/100
|-enditem|p2a: Iron Moth|Booster Energy
|-activate|p2a: Iron Moth|ability: Quark Drive|[fromitem]
|-start|p2a: Iron Moth|quarkdrivespe
|move|p1a: Mandibuzz|Defog|p2a: Iron Moth
|-unboost|p2a: Iron Moth|evasion|1
|-sideend|p1: big dog jimbo|Stealth Rock|[from] move: Defog|[of] p1a: Mandibuzz
|
|upkeep
|turn|19
|
|t:|1769369165
|switch|p1a: Iron Valiant|Iron Valiant|100/100
|move|p2a: Iron Moth|Discharge|p1a: Iron Valiant
|-damage|p1a: Iron Valiant|55/100
|-status|p1a: Iron Valiant|par
|
|upkeep
|turn|20
|
|t:|1769369172
|move|p2a: Iron Moth|Sludge Wave|p1a: Iron Valiant
|-supereffective|p1a: Iron Valiant
|-damage|p1a: Iron Valiant|0 fnt
|faint|p1a: Iron Valiant
|-end|p1a: Iron Valiant|Quark Drive|[silent]
|
|upkeep
|
|t:|1769369196
|switch|p1a: Dragonite|Dragonite, M|100/100
|turn|21
|
|t:|1769369200
|-terastallize|p2a: Iron Moth|Grass
|move|p2a: Iron Moth|Discharge|p1a: Dragonite
|-damage|p1a: Dragonite|75/100
|-status|p1a: Dragonite|par
|cant|p1a: Dragonite|par
|
|upkeep
|turn|22
|-message|big dog jimbo forfeited.
|
|win|Smingus69
|raw|big dog jimbo's rating: 1330 &rarr; <strong>1311</strong><br />(-19 for losing)
|raw|Smingus69's rating: 1343 &rarr; <strong>1362</strong><br />(+19 for winning)
|l|☆big dog jimbo
|player|p1|
