|badge|p1|bronze|gen9ou|100-8
|uhtml|medal-msg|<div class="broadcast-blue">Curious what those medals under the avatar are? PS now has Ladder Seasons! For more information, check out the <a href="https://www.smogon.com/forums/threads/3740067/">thread on Smogon.</a></div>
|j|☆noob1877 test
|j|☆N trademark
|t:|1769359402
|gametype|singles
|player|p1|noob1877 test|1|1834
|player|p2|N trademark|shauntal|1825
|gen|9
|tier|[Gen 9] OU
|rated|
|rule|HP Percentage Mod: HP is shown in percentages
|rule|Endless Battle Clause: Forcing endless battles is banned
|rule|Species Clause: Limit one of each Pokémon
|rule|OHKO Clause: OHKO moves are banned
|rule|Evasion Items Clause: Evasion items are banned
|rule|Evasion Moves Clause: Evasion moves are banned
|rule|Evasion Abilities Clause: Evasion abilities are banned
|rule|Sleep Moves Clause: Sleep-inducing moves are banned
|clearpoke
|poke|p1|Tinkaton, F|
|poke|p1|Samurott-Hisui, M|
|poke|p1|Pecharunt|
|poke|p1|Hatterene, F|
|poke|p1|Darkrai|
|poke|p1|Iron Hands|
|poke|p2|Zoroark-Hisui, F|
|poke|p2|Ogerpon-Wellspring, F|
|poke|p2|Great Tusk|
|poke|p2|Garganacl, M|
|poke|p2|Pecharunt|
|poke|p2|Alomomola, F|
|teampreview
|inactive|Battle timer is ON: inactive players will automatically lose when time's up. (requested by N trademark)
|
|t:|1769359415
|teamsize|p1|6
|teamsize|p2|6
|start
|switch|p1a: Tinkaton|Tinkaton, F|100/100
|switch|p2a: Great Tusk|Great Tusk|100/100
|-ability|p1a: Tinkaton|Mold Breaker
|-item|p1a: Tinkaton|Air Balloon
|turn|1
|
|t:|1769359432
|move|p1a: Tinkaton|Stealth Rock|p2a: Great Tusk
|-sidestart|p2: N trademark|move: Stealth Rock
|move|p2a: Great Tusk|Rapid Spin|p1a: Tinkaton
|-resisted|p1a: Tinkaton
|-damage|p1a: Tinkaton|90/100
|-boost|p2a: Great Tusk|spe|1
|-enditem|p1a: Tinkaton|Air Balloon
|-sideend|p2: N trademark|Stealth Rock|[from] move: Rapid Spin|[of] p2a: Great Tusk
|
|upkeep
|turn|2
|
|t:|1769359438
|switch|p1a: Pecharunt|Pecharunt|100/100
|-item|p1a: Pecharunt|Air Balloon
|move|p2a: Great Tusk|Headlong Rush|p1a: Pecharunt
|-immune|p1a: Pecharunt
|
|upkeep
|turn|3
|
|t:|1769359444
|-end|p2a: Great Tusk|Protosynthesis|[silent]
|switch|p2a: Garganacl|Garganacl, M|100/100
|move|p1a: Pecharunt|Malignant Chain|p2a: Garganacl
|-resisted|p2a: Garganacl
|-damage|p2a: Garganacl|57/100
|-status|p2a: Garganacl|tox
|-start|p2a: Garganacl|confusion|[from] ability: Poison Puppeteer|[of] p1a: Pecharunt
|replace|p2a: Zoroark|Zoroark-Hisui, F, shiny
|-end|p2a: Zoroark|Illusion
|
|-damage|p2a: Zoroark|51/100 tox|[from] psn
|upkeep
|turn|4
|
|t:|1769359450
|switch|p1a: Tinkaton|Tinkaton, F|90/100
|-ability|p1a: Tinkaton|Mold Breaker
|-activate|p2a: Zoroark|confusion
|move|p2a: Zoroark|U-turn|p1a: Tinkaton
|-resisted|p1a: Tinkaton
|-damage|p1a: Tinkaton|86/100
|j| WallKitty
|
|t:|1769359453
|switch|p2a: Great Tusk|Great Tusk|100/100|[from] U-turn
|
|upkeep
|turn|5
|
|t:|1769359458
|move|p1a: Tinkaton|Stealth Rock|p2a: Great Tusk
|-sidestart|p2: N trademark|move: Stealth Rock
|move|p2a: Great Tusk|Headlong Rush|p1a: Tinkaton
|-supereffective|p1a: Tinkaton
|-damage|p1a: Tinkaton|0 fnt
|-unboost|p2a: Great Tusk|def|1
|-unboost|p2a: Great Tusk|spd|1
|faint|p1a: Tinkaton
|
|upkeep
|
|t:|1769359461
|switch|p1a: Pecharunt|Pecharunt|100/100
|-item|p1a: Pecharunt|Air Balloon
|turn|6
|
|t:|1769359468
|-end|p2a: Great Tusk|Protosynthesis|[silent]
|switch|p2a: Garganacl|Garganacl, M|100/100
|-damage|p2a: Garganacl|88/100|[from] Stealth Rock
|move|p1a: Pecharunt|Nasty Plot|p1a: Pecharunt
|-boost|p1a: Pecharunt|spa|2
|
|-heal|p2a: Garganacl|94/100|[from] item: Leftovers
|upkeep
|turn|7
|
|t:|1769359490
|switch|p1a: Hatterene|Hatterene, F|100/100
|-item|p1a: Hatterene|Air Balloon
|move|p2a: Garganacl|Salt Cure|p1a: Hatterene
|-crit|p1a: Hatterene
|-damage|p1a: Hatterene|82/100
|-start|p1a: Hatterene|Salt Cure
|-enditem|p1a: Hatterene|Air Balloon
|
|-heal|p2a: Garganacl|100/100|[from] item: Leftovers
|-damage|p1a: Hatterene|69/100|[from] Salt Cure
|upkeep
|turn|8
|
|t:|1769359494
|switch|p2a: Alomomola|Alomomola, F|100/100
|-damage|p2a: Alomomola|88/100|[from] Stealth Rock
|move|p1a: Hatterene|Psychic Noise|p2a: Alomomola
|-damage|p2a: Alomomola|70/100
|-start|p2a: Alomomola|move: Heal Block
|
|-damage|p1a: Hatterene|57/100|[from] Salt Cure
|upkeep
|turn|9
|
|t:|1769359501
|move|p2a: Alomomola|Flip Turn|p1a: Hatterene
|-damage|p1a: Hatterene|43/100
|
|t:|1769359505
|switch|p2a: Garganacl|Garganacl, M|100/100|[from] Flip Turn
|-damage|p2a: Garganacl|88/100|[from] Stealth Rock
|move|p1a: Hatterene|Psychic Noise|p2a: Garganacl
|-damage|p2a: Garganacl|67/100
|-start|p2a: Garganacl|move: Heal Block
|
|-damage|p1a: Hatterene|31/100|[from] Salt Cure
|upkeep
|turn|10
|
|t:|1769359510
|move|p2a: Garganacl|Protect|p2a: Garganacl
|-singleturn|p2a: Garganacl|Protect
|move|p1a: Hatterene|Pain Split|p2a: Garganacl
|-activate|p2a: Garganacl|move: Protect
|
|-damage|p1a: Hatterene|18/100|[from] Salt Cure
|-end|p2a: Garganacl|move: Heal Block
|upkeep
|turn|11
|
|t:|1769359514
|switch|p2a: Great Tusk|Great Tusk|51/100 tox
|-damage|p2a: Great Tusk|38/100 tox|[from] Stealth Rock
|move|p1a: Hatterene|Pain Split|p2a: Great Tusk
|-sethp|p2a: Great Tusk|31/100 tox|[from] move: Pain Split|[silent]
|-sethp|p1a: Hatterene|24/100|[from] move: Pain Split
|
|-damage|p2a: Great Tusk|25/100 tox|[from] psn
|-damage|p1a: Hatterene|12/100|[from] Salt Cure
|upkeep
|turn|12
|
|t:|1769359535
|switch|p1a: Samurott|Samurott-Hisui, M|100/100
|-item|p1a: Samurott|Air Balloon
|move|p2a: Great Tusk|U-turn|p1a: Samurott
|-supereffective|p1a: Samurott
|-damage|p1a: Samurott|62/100
|-enditem|p1a: Samurott|Air Balloon
|
|t:|1769359538
|switch|p2a: Ogerpon|Ogerpon-Wellspring, F|100/100|[from] U-turn
|-damage|p2a: Ogerpon|88/100|[from] Stealth Rock
|
|upkeep
|turn|13
|
|t:|1769359544
|switch|p1a: Pecharunt|Pecharunt|100/100
|-item|p1a: Pecharunt|Air Balloon
|move|p2a: Ogerpon|Horn Leech|p1a: Pecharunt
|-resisted|p1a: Pecharunt
|-damage|p1a: Pecharunt|84/100
|-heal|p2a: Ogerpon|97/100|[from] drain|[of] p1a: Pecharunt
|-enditem|p1a: Pecharunt|Air Balloon
|
|upkeep
|turn|14
|
|t:|1769359550
|switch|p2a: Garganacl|Garganacl, M|67/100
|-damage|p2a: Garganacl|55/100|[from] Stealth Rock
|move|p1a: Pecharunt|Nasty Plot|p1a: Pecharunt
|-boost|p1a: Pecharunt|spa|2
|
|-heal|p2a: Garganacl|61/100|[from] item: Leftovers
|upkeep
|turn|15
|inactive|noob1877 test has 120 seconds left.
|
|t:|1769359589
|move|p1a: Pecharunt|Nasty Plot|p1a: Pecharunt
|-boost|p1a: Pecharunt|spa|2
|move|p2a: Garganacl|Salt Cure|p1a: Pecharunt
|-damage|p1a: Pecharunt|75/100
|-start|p1a: Pecharunt|Salt Cure
|
|-heal|p2a: Garganacl|67/100|[from] item: Leftovers
|-damage|p1a: Pecharunt|63/100|[from] Salt Cure
|upkeep
|turn|16
|inactive|noob1877 test has 120 seconds left.
|
|t:|1769359596
|move|p1a: Pecharunt|Malignant Chain|p2a: Garganacl
|-resisted|p2a: Garganacl
|-damage|p2a: Garganacl|25/100
|move|p2a: Garganacl|Stealth Rock|p1a: Pecharunt
|-sidestart|p1: noob1877 test|move: Stealth Rock
|
|-heal|p2a: Garganacl|31/100|[from] item: Leftovers
|-damage|p1a: Pecharunt|50/100|[from] Salt Cure
|upkeep
|turn|17
|
|t:|1769359605
|move|p1a: Pecharunt|Recover|p1a: Pecharunt
|-heal|p1a: Pecharunt|100/100
|move|p2a: Garganacl|Recover|p2a: Garganacl
|-heal|p2a: Garganacl|81/100
|
|-heal|p2a: Garganacl|88/100|[from] item: Leftovers
|-damage|p1a: Pecharunt|88/100|[from] Salt Cure
|upkeep
|turn|18
|
|t:|1769359611
|switch|p2a: Great Tusk|Great Tusk|25/100 tox
|-damage|p2a: Great Tusk|12/100 tox|[from] Stealth Rock
|move|p1a: Pecharunt|Malignant Chain|p2a: Great Tusk
|-resisted|p2a: Great Tusk
|-damage|p2a: Great Tusk|0 fnt
|replace|p2a: Zoroark|Zoroark-Hisui, F, shiny
|-end|p2a: Zoroark|Illusion
|faint|p2a: Zoroark
|
|-damage|p1a: Pecharunt|76/100|[from] Salt Cure
|upkeep
|
|t:|1769359625
|switch|p2a: Alomomola|Alomomola, F|100/100
|-damage|p2a: Alomomola|88/100|[from] Stealth Rock
|turn|19
|
|t:|1769359630
|move|p1a: Pecharunt|Nasty Plot|p1a: Pecharunt
|-boost|p1a: Pecharunt|spa|2
|move|p2a: Alomomola|Mirror Coat||[still]
|-fail|p2a: Alomomola
|
|-damage|p1a: Pecharunt|64/100|[from] Salt Cure
|upkeep
|turn|20
|inactive|noob1877 test has 120 seconds left.
|
|t:|1769359672
|-terastallize|p1a: Pecharunt|Ghost
|move|p1a: Pecharunt|Shadow Ball|p2a: Alomomola
|-damage|p2a: Alomomola|0 fnt
|faint|p2a: Alomomola
|
|-damage|p1a: Pecharunt|51/100|[from] Salt Cure
|upkeep
|inactive|N trademark has 120 seconds left.
|
|t:|1769359703
|switch|p2a: Ogerpon|Ogerpon-Wellspring, F|97/100
|-damage|p2a: Ogerpon|85/100|[from] Stealth Rock
|turn|21
|
|t:|1769359706
|-terastallize|p2a: Ogerpon|Water
|detailschange|p2a: Ogerpon|Ogerpon-Wellspring-Tera, F, tera:Water
|-ability|p2a: Ogerpon|Embody Aspect (Wellspring)|boost
|-boost|p2a: Ogerpon|spd|1
|move|p2a: Ogerpon|Ivy Cudgel|p1a: Pecharunt|[anim] Ivy Cudgel Water
|-damage|p1a: Pecharunt|0 fnt
|faint|p1a: Pecharunt
|
|upkeep
|
|t:|1769359710
|switch|p1a: Iron Hands|Iron Hands|100/100
|-damage|p1a: Iron Hands|94/100|[from] Stealth Rock
|-item|p1a: Iron Hands|Air Balloon
|turn|22
|
|t:|1769359717
|switch|p2a: Pecharunt|Pecharunt|100/100
|move|p1a: Iron Hands|Thunder Punch|p2a: Pecharunt
|-damage|p2a: Pecharunt|79/100
|
|upkeep
|turn|23
|
|t:|1769359722
|-end|p1a: Iron Hands|Quark Drive|[silent]
|switch|p1a: Hatterene|Hatterene, F|12/100
|-damage|p1a: Hatterene|0 fnt|[from] Stealth Rock
|faint|p1a: Hatterene
|move|p2a: Pecharunt|Malignant Chain|p1: Hatterene|[notarget]
|-fail|p2a: Pecharunt
|
|upkeep
|
|t:|1769359726
|switch|p1a: Darkrai|Darkrai|100/100
|-damage|p1a: Darkrai|88/100|[from] Stealth Rock
|-item|p1a: Darkrai|Air Balloon
|turn|24
|
|t:|1769359732
|move|p1a: Darkrai|Dark Pulse|p2a: Pecharunt
|-supereffective|p2a: Pecharunt
|-damage|p2a: Pecharunt|0 fnt
|faint|p2a: Pecharunt
|
|upkeep
|
|t:|1769359734
|switch|p2a: Ogerpon|Ogerpon-Wellspring-Tera, F, tera:Water|85/100
|-damage|p2a: Ogerpon|72/100|[from] Stealth Rock
|-ability|p2a: Ogerpon|Embody Aspect (Wellspring)|boost
|-boost|p2a: Ogerpon|spd|1
|turn|25
|
|t:|1769359741
|switch|p1a: Samurott|Samurott-Hisui, M|62/100
|-damage|p1a: Samurott|50/100|[from] Stealth Rock
|move|p2a: Ogerpon|Ivy Cudgel|p1a: Samurott|[anim] Ivy Cudgel Water
|-resisted|p1a: Samurott
|-damage|p1a: Samurott|0 fnt
|faint|p1a: Samurott
|
|upkeep
|
|t:|1769359743
|switch|p1a: Iron Hands|Iron Hands|94/100
|-damage|p1a: Iron Hands|88/100|[from] Stealth Rock
|-item|p1a: Iron Hands|Air Balloon
|turn|26
|
|t:|1769359753
|switch|p2a: Garganacl|Garganacl, M|88/100
|-damage|p2a: Garganacl|75/100|[from] Stealth Rock
|move|p1a: Iron Hands|Thunder Punch|p2a: Garganacl
|-damage|p2a: Garganacl|43/100
|
|-heal|p2a: Garganacl|50/100|[from] item: Leftovers
|upkeep
|turn|27
|
|t:|1769359755
|move|p1a: Iron Hands|Drain Punch|p2a: Garganacl
|-supereffective|p2a: Garganacl
|-damage|p2a: Garganacl|0 fnt
|-heal|p1a: Iron Hands|100/100|[from] drain|[of] p2a: Garganacl
|faint|p2a: Garganacl
|
|upkeep
|
|t:|1769359758
|switch|p2a: Great Tusk|Great Tusk|100/100
|turn|28
|
|t:|1769359769
|move|p2a: Great Tusk|Rapid Spin|p1a: Iron Hands
|-damage|p1a: Iron Hands|87/100
|-boost|p2a: Great Tusk|spe|1
|-enditem|p1a: Iron Hands|Air Balloon
|-sideend|p2: N trademark|Stealth Rock|[from] move: Rapid Spin|[of] p2a: Great Tusk
|move|p1a: Iron Hands|Ice Punch|p2a: Great Tusk
|-supereffective|p2a: Great Tusk
|-damage|p2a: Great Tusk|54/100
|
|upkeep
|turn|29
|
|t:|1769359780
|move|p2a: Great Tusk|Headlong Rush|p1a: Iron Hands
|-supereffective|p1a: Iron Hands
|-damage|p1a: Iron Hands|0 fnt
|-unboost|p2a: Great Tusk|def|1
|-unboost|p2a: Great Tusk|spd|1
|faint|p1a: Iron Hands
|-end|p1a: Iron Hands|Quark Drive|[silent]
|
|upkeep
|
|t:|1769359781
|switch|p1a: Darkrai|Darkrai|88/100
|-damage|p1a: Darkrai|76/100|[from] Stealth Rock
|-item|p1a: Darkrai|Air Balloon
|turn|30
|
|t:|1769359784
|move|p2a: Great Tusk|Close Combat|p1a: Darkrai
|-supereffective|p1a: Darkrai
|-damage|p1a: Darkrai|0 fnt
|-unboost|p2a: Great Tusk|def|1
|-unboost|p2a: Great Tusk|spd|1
|-enditem|p1a: Darkrai|Air Balloon
|faint|p1a: Darkrai
|
|win|N trademark
|raw|noob1877 test's rating: 1834 &rarr; <strong>1813</strong><br />(-21 for losing)
|raw|N trademark's rating: 1825 &rarr; <strong>1846</strong><br />(+21 for winning)
|l|☆noob1877 test
|player|p1|
