|j|☆slowlyfadingaway
|j|☆gunner211
|t:|1769360805
|gametype|singles
|player|p1|slowlyfadingaway|veteran|1112
|player|p2|gunner211|roxie|1102
|gen|9
|tier|[Gen 9] OU
|rated|
|rule|HP Percentage Mod: HP is shown in percentages
|rule|Endless Battle Clause: Forcing endless battles is banned
|rule|Species Clause: Limit one of each Pokémon
|rule|OHKO Clause: OHKO moves are banned
|rule|Evasion Items Clause: Evasion items are banned
|rule|Evasion Moves Clause: Evasion moves are banned
|rule|Evasion Abilities Clause: Evasion abilities are banned
|rule|Sleep Moves Clause: Sleep-inducing moves are banned
|clearpoke
|poke|p1|Sandslash-Alola, M|
|poke|p1|Haxorus, M|
|poke|p1|Alomomola, M|
|poke|p1|Duraludon, F|
|poke|p1|Zoroark-Hisui, F|
|poke|p1|Deoxys-Defense|
|poke|p2|Bronzong|
|poke|p2|Galvantula, F|
|poke|p2|Grafaiai, M|
|poke|p2|Polteageist|
|poke|p2|Trevenant, M|
|poke|p2|Salamence, F|
|teampreview
|inactive|Battle timer is ON: inactive players will automatically lose when time's up. (requested by slowlyfadingaway)
|
|t:|1769360813
|teamsize|p1|6
|teamsize|p2|6
|start
|switch|p1a: Haxorus|Haxorus, M|100/100
|switch|p2a: Trevenant|Trevenant, M|100/100
|turn|1
|
|t:|1769360823
|-terastallize|p2a: Trevenant|Normal
|move|p1a: Haxorus|U-turn|p2a: Trevenant
|-damage|p2a: Trevenant|81/100
|
|t:|1769360827
|switch|p1a: Sandslash|Sandslash-Alola, M|100/100|[from] U-turn
|move|p2a: Trevenant|Forest's Curse|p1a: Sandslash
|-start|p1a: Sandslash|typeadd|Grass|[from] move: Forest's Curse
|
|upkeep
|turn|2
|
|t:|1769360835
|switch|p2a: Salamence|Salamence, F|100/100
|move|p1a: Sandslash|Stealth Rock|p2a: Salamence
|-sidestart|p2: gunner211|move: Stealth Rock
|
|upkeep
|turn|3
|
|t:|1769360842
|move|p2a: Salamence|Heat Wave|p1a: Sandslash
|-supereffective|p1a: Sandslash
|-damage|p1a: Sandslash|0 fnt
|faint|p1a: Sandslash
|-ability|p2a: Salamence|Moxie|boost
|-boost|p2a: Salamence|atk|1
|
|upkeep
|
|t:|1769360849
|switch|p1a: Haxorus|Haxorus, M|100/100
|turn|4
|
|t:|1769360853
|move|p1a: Haxorus|Hyper Voice|p2a: Salamence
|-damage|p2a: Salamence|51/100
|move|p2a: Salamence|Dragon Tail|p1a: Haxorus
|-damage|p1a: Haxorus|16/100
|replace|p1a: Zoroark|Zoroark-Hisui, F
|-end|p1a: Zoroark|Illusion
|drag|p1a: Duraludon|Duraludon, F|100/100
|
|-heal|p2a: Salamence|57/100|[from] item: Leftovers
|upkeep
|turn|5
|
|t:|1769360864
|move|p2a: Salamence|Heat Wave|p1a: Duraludon
|-damage|p1a: Duraludon|69/100
|move|p1a: Duraludon|Dragon Pulse|p2a: Salamence
|-supereffective|p2a: Salamence
|-damage|p2a: Salamence|0 fnt
|faint|p2a: Salamence
|
|upkeep
|
|t:|1769360875
|switch|p2a: Trevenant|Trevenant, M, tera:Normal|81/100
|turn|6
|
|t:|1769360881
|switch|p1a: Alomomola|Alomomola, M|100/100
|move|p2a: Trevenant|Drain Punch|p1a: Alomomola
|-damage|p1a: Alomomola|89/100
|-heal|p2a: Trevenant|91/100|[from] drain|[of] p1a: Alomomola
|-damage|p2a: Trevenant|75/100|[from] item: Rocky Helmet|[of] p1a: Alomomola
|
|upkeep
|turn|7
|
|t:|1769360891
|switch|p2a: Bronzong|Bronzong|100/100
|-damage|p2a: Bronzong|94/100|[from] Stealth Rock
|move|p1a: Alomomola|Wish|p1a: Alomomola
|
|-heal|p2a: Bronzong|100/100|[from] item: Leftovers
|upkeep
|turn|8
|
|t:|1769360907
|move|p1a: Alomomola|Flip Turn|p2a: Bronzong
|-damage|p2a: Bronzong|85/100
|
|t:|1769360910
|switch|p1a: Haxorus|Haxorus, M|16/100|[from] Flip Turn
|move|p2a: Bronzong|Future Sight|p1a: Haxorus
|-start|p2a: Bronzong|move: Future Sight
|
|-heal|p1a: Haxorus|100/100|[from] move: Wish|[wisher] Alomomola
|-heal|p2a: Bronzong|91/100|[from] item: Leftovers
|upkeep
|turn|9
|
|t:|1769360923
|move|p1a: Haxorus|U-turn|p2a: Bronzong
|-damage|p2a: Bronzong|77/100
|
|t:|1769360926
|switch|p1a: Deoxys|Deoxys-Defense|100/100|[from] U-turn
|-ability|p1a: Deoxys|Pressure
|move|p2a: Bronzong|Calm Mind|p2a: Bronzong
|-boost|p2a: Bronzong|spa|1
|-boost|p2a: Bronzong|spd|1
|
|-heal|p2a: Bronzong|83/100|[from] item: Leftovers
|upkeep
|turn|10
|
|t:|1769360951
|move|p1a: Deoxys|Night Shade|p2a: Bronzong
|-damage|p2a: Bronzong|53/100
|move|p2a: Bronzong|Stealth Rock|p1a: Deoxys
|-sidestart|p1: slowlyfadingaway|move: Stealth Rock
|
|-end|p1a: Deoxys|move: Future Sight
|-resisted|p1a: Deoxys
|-damage|p1a: Deoxys|81/100
|-heal|p1a: Deoxys|87/100|[from] item: Leftovers
|-heal|p2a: Bronzong|59/100|[from] item: Leftovers
|upkeep
|turn|11
|
|t:|1769360965
|move|p1a: Deoxys|Night Shade|p2a: Bronzong
|-damage|p2a: Bronzong|30/100
|move|p2a: Bronzong|Earthquake|p1a: Deoxys
|-damage|p1a: Deoxys|71/100
|
|-heal|p1a: Deoxys|77/100|[from] item: Leftovers
|-heal|p2a: Bronzong|36/100|[from] item: Leftovers
|upkeep
|turn|12
|
|t:|1769360974
|move|p1a: Deoxys|Night Shade|p2a: Bronzong
|-damage|p2a: Bronzong|6/100
|move|p2a: Bronzong|Future Sight|p1a: Deoxys
|-start|p2a: Bronzong|move: Future Sight
|
|-heal|p1a: Deoxys|83/100|[from] item: Leftovers
|-heal|p2a: Bronzong|13/100|[from] item: Leftovers
|upkeep
|turn|13
|
|t:|1769360983
|move|p1a: Deoxys|Night Shade|p2a: Bronzong
|-damage|p2a: Bronzong|0 fnt
|faint|p2a: Bronzong
|
|-heal|p1a: Deoxys|89/100|[from] item: Leftovers
|upkeep
|
|t:|1769360995
|switch|p2a: Trevenant|Trevenant, M, tera:Normal|75/100
|turn|14
|
|t:|1769360999
|move|p2a: Trevenant|Poltergeist|p1a: Deoxys
|-activate|p1a: Deoxys|move: Poltergeist|Leftovers
|-supereffective|p1a: Deoxys
|-damage|p1a: Deoxys|6/100
|move|p1a: Deoxys|Teleport|p1a: Deoxys
|
|t:|1769361004
|switch|p1a: Haxorus|Haxorus, M|100/100|[from] Teleport
|-damage|p1a: Haxorus|88/100|[from] Stealth Rock
|
|-end|p1a: Haxorus|move: Future Sight
|-damage|p1a: Haxorus|0 fnt
|replace|p1a: Zoroark|Zoroark-Hisui, F
|-end|p1a: Zoroark|Illusion
|faint|p1a: Zoroark
|upkeep
|
|t:|1769361007
|switch|p1a: Duraludon|Duraludon, F|69/100
|-damage|p1a: Duraludon|63/100|[from] Stealth Rock
|turn|15
|
|t:|1769361017
|move|p1a: Duraludon|Dragon Pulse|p2a: Trevenant
|-damage|p2a: Trevenant|33/100
|move|p2a: Trevenant|Forest's Curse|p1a: Duraludon
|-start|p1a: Duraludon|typeadd|Grass|[from] move: Forest's Curse
|
|upkeep
|turn|16
|
|t:|1769361028
|move|p1a: Duraludon|Dragon Pulse|p2a: Trevenant
|-damage|p2a: Trevenant|0 fnt
|faint|p2a: Trevenant
|
|upkeep
|
|t:|1769361034
|switch|p2a: Grafaiai|Grafaiai, M|100/100
|-damage|p2a: Grafaiai|88/100|[from] Stealth Rock
|turn|17
|
|t:|1769361040
|move|p2a: Grafaiai|Parting Shot|p1a: Duraludon
|-unboost|p1a: Duraludon|atk|1
|-unboost|p1a: Duraludon|spa|1
|
|t:|1769361044
|switch|p2a: Galvantula|Galvantula, F|100/100|[from] Parting Shot
|-damage|p2a: Galvantula|76/100|[from] Stealth Rock
|move|p1a: Duraludon|Dragon Pulse|p2a: Galvantula
|-damage|p2a: Galvantula|42/100
|
|-heal|p2a: Galvantula|48/100|[from] item: Leftovers
|upkeep
|turn|18
|
|t:|1769361055
|move|p2a: Galvantula|Bug Buzz|p1a: Duraludon
|-damage|p1a: Duraludon|24/100
|move|p1a: Duraludon|Dragon Pulse|p2a: Galvantula
|-damage|p2a: Galvantula|14/100
|
|-heal|p2a: Galvantula|20/100|[from] item: Leftovers
|upkeep
|turn|19
|
|t:|1769361063
|move|p2a: Galvantula|Bug Buzz|p1a: Duraludon
|-damage|p1a: Duraludon|0 fnt
|faint|p1a: Duraludon
|
|-heal|p2a: Galvantula|26/100|[from] item: Leftovers
|upkeep
|
|t:|1769361066
|switch|p1a: Haxorus|Haxorus, M|100/100
|-ability|p1a: Haxorus|Mold Breaker
|turn|20
|
|t:|1769361075
|move|p2a: Galvantula|Sticky Web|p1a: Haxorus
|-sidestart|p1: slowlyfadingaway|move: Sticky Web
|move|p1a: Haxorus|Dragon Dance|p1a: Haxorus
|-boost|p1a: Haxorus|atk|1
|-boost|p1a: Haxorus|spe|1
|
|-heal|p2a: Galvantula|32/100|[from] item: Leftovers
|upkeep
|turn|21
|
|t:|1769361084
|move|p1a: Haxorus|Dragon Claw|p2a: Galvantula
|-damage|p2a: Galvantula|0 fnt
|faint|p2a: Galvantula
|
|upkeep
|
|t:|1769361090
|switch|p2a: Grafaiai|Grafaiai, M|88/100
|-damage|p2a: Grafaiai|76/100|[from] Stealth Rock
|turn|22
|-message|gunner211 forfeited.
|
|win|slowlyfadingaway
|raw|slowlyfadingaway's rating: 1112 &rarr; <strong>1136</strong><br />(+24 for winning)
|raw|gunner211's rating: 1102 &rarr; <strong>1078</strong><br />(-24 for losing)
|l|☆gunner211
|player|p2|
|l|☆slowlyfadingaway
|player|p1|
