|j|☆elite four ozzy
|j|☆rblt ryo
|t:|1769380379
|gametype|singles
|player|p1|elite four ozzy|170|1661
|player|p2|rblt ryo|dawn|1763
|gen|9
|tier|[Gen 9] OU
|rated|
|rule|HP Percentage Mod: HP is shown in percentages
|rule|Endless Battle Clause: Forcing endless battles is banned
|rule|Species Clause: Limit one of each Pokémon
|rule|OHKO Clause: OHKO moves are banned
|rule|Evasion Items Clause: Evasion items are banned
|rule|Evasion Moves Clause: Evasion moves are banned
|rule|Evasion Abilities Clause: Evasion abilities are banned
|rule|Sleep Moves Clause: Sleep-inducing moves are banned
|clearpoke
|poke|p1|Gholdengo|
|poke|p1|Zamazenta-*|
|poke|p1|Ting-Lu|
|poke|p1|Clefable, F|
|poke|p1|Dragonite, M|
|poke|p1|Deoxys-Speed|
|poke|p2|Metagross|
|poke|p2|Keldeo-Resolute|
|poke|p2|Ting-Lu|
|poke|p2|Pecharunt|
|poke|p2|Dragapult, F|
|poke|p2|Zapdos|
|teampreview
|
|t:|1769380407
|teamsize|p1|6
|teamsize|p2|6
|start
|switch|p1a: Moonrock 350|Clefable, F|100/100
|switch|p2a: Keldeo|Keldeo-Resolute, shiny|100/100
|turn|1
|
|t:|1769380423
|-terastallize|p2a: Keldeo|Water
|move|p2a: Keldeo|Surf|p1a: Moonrock 350
|-damage|p1a: Moonrock 350|18/100
|move|p1a: Moonrock 350|Stealth Rock|p2a: Keldeo
|-sidestart|p2: rblt ryo|move: Stealth Rock
|
|upkeep
|turn|2
|
|t:|1769380467
|switch|p1a: Secret Service|Dragonite, M|100/100
|move|p2a: Keldeo|Surf|p1a: Secret Service
|-resisted|p1a: Secret Service
|-damage|p1a: Secret Service|81/100
|
|upkeep
|turn|3
|
|t:|1769380486
|switch|p2a: Pecharunt|Pecharunt|100/100
|move|p1a: Secret Service|Dragon Tail|p2a: Pecharunt|[miss]
|-miss|p1a: Secret Service|p2a: Pecharunt
|
|upkeep
|turn|4
|
|t:|1769380505
|switch|p2a: Keldeo|Keldeo-Resolute, shiny, tera:Water|100/100
|-damage|p2a: Keldeo|88/100|[from] Stealth Rock
|switch|p1a: Dude Nasty Asf|Deoxys-Speed|100/100
|-ability|p1a: Dude Nasty Asf|Pressure
|
|upkeep
|turn|5
|
|t:|1769380513
|move|p1a: Dude Nasty Asf|Thunderbolt|p2a: Keldeo
|-supereffective|p2a: Keldeo
|-damage|p2a: Keldeo|26/100
|move|p2a: Keldeo|Surf|p1a: Dude Nasty Asf
|-crit|p1a: Dude Nasty Asf
|-damage|p1a: Dude Nasty Asf|0 fnt
|faint|p1a: Dude Nasty Asf
|
|upkeep
|
|t:|1769380525
|switch|p1a: Secret Service|Dragonite, M|81/100
|turn|6
|
|t:|1769380532
|switch|p2a: Zapdos|Zapdos|100/100
|move|p1a: Secret Service|Dragon Tail|p2a: Zapdos
|-damage|p2a: Zapdos|58/100
|drag|p2a: Dragapult|Dragapult, F|100/100
|-damage|p2a: Dragapult|88/100|[from] Stealth Rock
|
|upkeep
|turn|7
|
|t:|1769380542
|switch|p1a: Moonrock 350|Clefable, F|18/100
|move|p2a: Dragapult|U-turn|p1a: Moonrock 350
|-resisted|p1a: Moonrock 350
|-damage|p1a: Moonrock 350|11/100
|-damage|p2a: Dragapult|72/100|[from] item: Rocky Helmet|[of] p1a: Moonrock 350
|
|t:|1769380561
|switch|p2a: Pecharunt|Pecharunt|100/100|[from] U-turn
|
|upkeep
|turn|8
|
|t:|1769380617
|switch|p1a: Up Bowl On Em|Ting-Lu|100/100
|-ability|p1a: Up Bowl On Em|Vessel of Ruin
|move|p2a: Pecharunt|Malignant Chain|p1a: Up Bowl On Em
|-resisted|p1a: Up Bowl On Em
|-damage|p1a: Up Bowl On Em|94/100
|-status|p1a: Up Bowl On Em|tox
|-start|p1a: Up Bowl On Em|confusion|[from] ability: Poison Puppeteer|[of] p2a: Pecharunt
|
|-heal|p1a: Up Bowl On Em|100/100 tox|[from] item: Leftovers
|-damage|p1a: Up Bowl On Em|94/100 tox|[from] psn
|upkeep
|turn|9
|inactive|Battle timer is ON: inactive players will automatically lose when time's up. (requested by rblt ryo)
|
|t:|1769380634
|move|p2a: Pecharunt|Parting Shot|p1a: Up Bowl On Em
|-unboost|p1a: Up Bowl On Em|atk|1
|-unboost|p1a: Up Bowl On Em|spa|1
|
|t:|1769380637
|switch|p2a: Ting-Lu|Ting-Lu|100/100|[from] Parting Shot
|-damage|p2a: Ting-Lu|94/100|[from] Stealth Rock
|-ability|p2a: Ting-Lu|Vessel of Ruin
|-activate|p1a: Up Bowl On Em|confusion
|move|p1a: Up Bowl On Em|Spikes|p2a: Ting-Lu
|-sidestart|p2: rblt ryo|Spikes
|
|-heal|p1a: Up Bowl On Em|100/100 tox|[from] item: Leftovers
|-heal|p2a: Ting-Lu|100/100|[from] item: Leftovers
|-damage|p1a: Up Bowl On Em|88/100 tox|[from] psn
|upkeep
|turn|10
|
|t:|1769380649
|switch|p1a: Moonrock 350|Clefable, F|11/100
|move|p2a: Ting-Lu|Earthquake|p1a: Moonrock 350
|-damage|p1a: Moonrock 350|0 fnt
|faint|p1a: Moonrock 350
|
|upkeep
|
|t:|1769380661
|switch|p1a: CClifford|Zamazenta|100/100
|-ability|p1a: CClifford|Dauntless Shield|boost
|-boost|p1a: CClifford|def|1
|turn|11
|
|t:|1769380670
|switch|p2a: Pecharunt|Pecharunt|100/100
|move|p1a: CClifford|Close Combat|p2a: Pecharunt
|-immune|p2a: Pecharunt
|
|upkeep
|turn|12
|
|t:|1769380676
|switch|p1a: Up Bowl On Em|Ting-Lu|88/100 tox
|-ability|p1a: Up Bowl On Em|Vessel of Ruin
|move|p2a: Pecharunt|Foul Play|p1a: Up Bowl On Em
|-resisted|p1a: Up Bowl On Em
|-damage|p1a: Up Bowl On Em|81/100 tox
|
|-heal|p1a: Up Bowl On Em|87/100 tox|[from] item: Leftovers
|-damage|p1a: Up Bowl On Em|81/100 tox|[from] psn
|upkeep
|turn|13
|
|t:|1769380699
|move|p2a: Pecharunt|Parting Shot|p1a: Up Bowl On Em
|-unboost|p1a: Up Bowl On Em|atk|1
|-unboost|p1a: Up Bowl On Em|spa|1
|
|t:|1769380704
|switch|p2a: Ting-Lu|Ting-Lu|100/100|[from] Parting Shot
|-damage|p2a: Ting-Lu|94/100|[from] Stealth Rock
|-damage|p2a: Ting-Lu|82/100|[from] Spikes
|-ability|p2a: Ting-Lu|Vessel of Ruin
|move|p1a: Up Bowl On Em|Spikes|p2a: Ting-Lu
|-sidestart|p2: rblt ryo|Spikes
|
|-heal|p1a: Up Bowl On Em|87/100 tox|[from] item: Leftovers
|-heal|p2a: Ting-Lu|88/100|[from] item: Leftovers
|-damage|p1a: Up Bowl On Em|75/100 tox|[from] psn
|upkeep
|turn|14
|
|t:|1769380721
|switch|p1a: CClifford|Zamazenta|100/100
|move|p2a: Ting-Lu|Stealth Rock|p1a: CClifford
|-sidestart|p1: elite four ozzy|move: Stealth Rock
|
|-heal|p2a: Ting-Lu|94/100|[from] item: Leftovers
|upkeep
|turn|15
|
|t:|1769380728
|move|p1a: CClifford|Crunch|p2a: Ting-Lu
|-resisted|p2a: Ting-Lu
|-damage|p2a: Ting-Lu|87/100
|move|p2a: Ting-Lu|Ruination|p1a: CClifford
|-damage|p1a: CClifford|51/100
|
|-heal|p2a: Ting-Lu|93/100|[from] item: Leftovers
|upkeep
|turn|16
|
|t:|1769380731
|switch|p2a: Pecharunt|Pecharunt|100/100
|move|p1a: CClifford|Close Combat|p2a: Pecharunt
|-immune|p2a: Pecharunt
|
|upkeep
|turn|17
|
|t:|1769380752
|switch|p1a: Up Bowl On Em|Ting-Lu|75/100 tox
|-damage|p1a: Up Bowl On Em|69/100 tox|[from] Stealth Rock
|-ability|p1a: Up Bowl On Em|Vessel of Ruin
|move|p2a: Pecharunt|Malignant Chain|p1a: Up Bowl On Em
|-resisted|p1a: Up Bowl On Em
|-damage|p1a: Up Bowl On Em|62/100 tox
|
|-heal|p1a: Up Bowl On Em|69/100 tox|[from] item: Leftovers
|-damage|p1a: Up Bowl On Em|62/100 tox|[from] psn
|upkeep
|turn|18
|
|t:|1769380765
|move|p2a: Pecharunt|Parting Shot|p1a: Up Bowl On Em
|-unboost|p1a: Up Bowl On Em|atk|1
|-unboost|p1a: Up Bowl On Em|spa|1
|
|t:|1769380768
|switch|p2a: Ting-Lu|Ting-Lu|93/100|[from] Parting Shot
|-damage|p2a: Ting-Lu|87/100|[from] Stealth Rock
|-damage|p2a: Ting-Lu|70/100|[from] Spikes
|-ability|p2a: Ting-Lu|Vessel of Ruin
|move|p1a: Up Bowl On Em|Ruination|p2a: Ting-Lu
|-damage|p2a: Ting-Lu|35/100
|
|-heal|p1a: Up Bowl On Em|69/100 tox|[from] item: Leftovers
|-heal|p2a: Ting-Lu|42/100|[from] item: Leftovers
|-damage|p1a: Up Bowl On Em|56/100 tox|[from] psn
|upkeep
|turn|19
|inactive|elite four ozzy has 120 seconds left.
|
|t:|1769380805
|switch|p1a: CClifford|Zamazenta|51/100
|move|p2a: Ting-Lu|Earthquake|p1a: CClifford
|-damage|p1a: CClifford|16/100
|
|-heal|p2a: Ting-Lu|48/100|[from] item: Leftovers
|upkeep
|turn|20
|inactive|elite four ozzy has 120 seconds left.
|
|t:|1769380811
|switch|p2a: Pecharunt|Pecharunt|100/100
|move|p1a: CClifford|Close Combat|p2a: Pecharunt
|-immune|p2a: Pecharunt
|
|upkeep
|turn|21
|
|t:|1769380818
|move|p1a: CClifford|Crunch|p2a: Pecharunt
|-supereffective|p2a: Pecharunt
|-damage|p2a: Pecharunt|76/100
|-unboost|p2a: Pecharunt|def|1
|move|p2a: Pecharunt|Malignant Chain|p1a: CClifford
|-damage|p1a: CClifford|0 fnt
|faint|p1a: CClifford
|
|upkeep
|j| MakX70
|
|t:|1769380826
|switch|p1a: Secret Service|Dragonite, M|81/100
|turn|22
|
|t:|1769380836
|move|p2a: Pecharunt|Malignant Chain|p1a: Secret Service
|-damage|p1a: Secret Service|53/100
|move|p1a: Secret Service|Earthquake|p2a: Pecharunt
|-supereffective|p2a: Pecharunt
|-damage|p2a: Pecharunt|16/100
|
|upkeep
|turn|23
|
|t:|1769380843
|move|p2a: Pecharunt|Malignant Chain|p1a: Secret Service
|-damage|p1a: Secret Service|26/100
|move|p1a: Secret Service|Roost|p1a: Secret Service
|-heal|p1a: Secret Service|76/100
|-singleturn|p1a: Secret Service|move: Roost
|
|upkeep
|turn|24
|
|t:|1769380866
|move|p2a: Pecharunt|Malignant Chain|p1a: Secret Service
|-crit|p1a: Secret Service
|-damage|p1a: Secret Service|31/100
|move|p1a: Secret Service|Earthquake|p2a: Pecharunt
|-supereffective|p2a: Pecharunt
|-damage|p2a: Pecharunt|0 fnt
|faint|p2a: Pecharunt
|
|upkeep
|
|t:|1769380880
|switch|p2a: Zapdos|Zapdos|58/100
|turn|25
|inactive|elite four ozzy has 120 seconds left.
|
|t:|1769380928
|switch|p1a: Up Bowl On Em|Ting-Lu|56/100 tox
|-damage|p1a: Up Bowl On Em|50/100 tox|[from] Stealth Rock
|-ability|p1a: Up Bowl On Em|Vessel of Ruin
|move|p2a: Zapdos|Hurricane|p1a: Up Bowl On Em|[miss]
|-miss|p2a: Zapdos|p1a: Up Bowl On Em
|
|-heal|p1a: Up Bowl On Em|56/100 tox|[from] item: Leftovers
|-damage|p1a: Up Bowl On Em|50/100 tox|[from] psn
|upkeep
|turn|26
|
|t:|1769380938
|move|p2a: Zapdos|Hurricane|p1a: Up Bowl On Em
|-damage|p1a: Up Bowl On Em|25/100 tox
|-start|p1a: Up Bowl On Em|confusion
|-activate|p1a: Up Bowl On Em|confusion
|move|p1a: Up Bowl On Em|Ruination|p2a: Zapdos
|-damage|p2a: Zapdos|29/100
|
|-heal|p1a: Up Bowl On Em|31/100 tox|[from] item: Leftovers
|-damage|p1a: Up Bowl On Em|19/100 tox|[from] psn
|upkeep
|turn|27
|j| W80
|l| W80
|inactive|elite four ozzy has 90 seconds left.
|j| hattybatty304
|j| H1tTheWitch
|
|t:|1769380961
|move|p2a: Zapdos|Hurricane|p1a: Up Bowl On Em
|-damage|p1a: Up Bowl On Em|0 fnt
|faint|p1a: Up Bowl On Em
|
|upkeep
|l| MakX70
|l| H1tTheWitch
|inactive|elite four ozzy has 60 seconds left.
|
|t:|1769380993
|switch|p1a: Djengo Unrained|Gholdengo|100/100
|turn|28
|inactive|elite four ozzy has 60 seconds left.
|
|t:|1769381012
|move|p2a: Zapdos|Heat Wave|p1a: Djengo Unrained
|-supereffective|p1a: Djengo Unrained
|-damage|p1a: Djengo Unrained|46/100
|move|p1a: Djengo Unrained|Nasty Plot|p1a: Djengo Unrained
|-boost|p1a: Djengo Unrained|spa|2
|
|upkeep
|turn|29
|inactive|elite four ozzy has 60 seconds left.
|
|t:|1769381024
|-terastallize|p1a: Djengo Unrained|Fairy
|move|p2a: Zapdos|Hurricane|p1a: Djengo Unrained|[miss]
|-miss|p2a: Zapdos|p1a: Djengo Unrained
|move|p1a: Djengo Unrained|Recover|p1a: Djengo Unrained
|-heal|p1a: Djengo Unrained|96/100
|
|upkeep
|turn|30
|inactive|elite four ozzy has 60 seconds left.
|
|t:|1769381047
|move|p2a: Zapdos|Hurricane|p1a: Djengo Unrained
|-damage|p1a: Djengo Unrained|46/100
|move|p1a: Djengo Unrained|Shadow Ball|p2a: Zapdos
|-damage|p2a: Zapdos|0 fnt
|faint|p2a: Zapdos
|
|upkeep
|
|t:|1769381053
|switch|p2a: Keldeo|Keldeo-Resolute, shiny, tera:Water|26/100
|-damage|p2a: Keldeo|14/100|[from] Stealth Rock
|-damage|p2a: Keldeo|0 fnt|[from] Spikes
|faint|p2a: Keldeo
|
|t:|1769381063
|switch|p2a: Metagross|Metagross, shiny|100/100
|-damage|p2a: Metagross|94/100|[from] Stealth Rock
|-damage|p2a: Metagross|78/100|[from] Spikes
|turn|31
|inactive|elite four ozzy has 60 seconds left.
|
|t:|1769381079
|move|p2a: Metagross|Bullet Punch|p1a: Djengo Unrained
|-supereffective|p1a: Djengo Unrained
|-damage|p1a: Djengo Unrained|13/100
|move|p1a: Djengo Unrained|Recover|p1a: Djengo Unrained
|-heal|p1a: Djengo Unrained|63/100
|
|upkeep
|turn|32
|inactive|elite four ozzy has 60 seconds left.
|
|t:|1769381088
|move|p2a: Metagross|Bullet Punch|p1a: Djengo Unrained
|-supereffective|p1a: Djengo Unrained
|-damage|p1a: Djengo Unrained|26/100
|move|p1a: Djengo Unrained|Recover|p1a: Djengo Unrained
|-heal|p1a: Djengo Unrained|77/100
|
|upkeep
|turn|33
|
|t:|1769381094
|move|p1a: Djengo Unrained|Recover|p1a: Djengo Unrained
|-heal|p1a: Djengo Unrained|100/100
|move|p2a: Metagross|Zen Headbutt|p1a: Djengo Unrained
|-damage|p1a: Djengo Unrained|66/100
|
|upkeep
|turn|34
|
|t:|1769381106
|move|p2a: Metagross|Bullet Punch|p1a: Djengo Unrained
|-supereffective|p1a: Djengo Unrained
|-damage|p1a: Djengo Unrained|29/100
|move|p1a: Djengo Unrained|Recover|p1a: Djengo Unrained
|-heal|p1a: Djengo Unrained|80/100
|
|upkeep
|turn|35
|
|t:|1769381112
|move|p2a: Metagross|Bullet Punch|p1a: Djengo Unrained
|-supereffective|p1a: Djengo Unrained
|-damage|p1a: Djengo Unrained|48/100
|move|p1a: Djengo Unrained|Shadow Ball|p2a: Metagross
|-supereffective|p2a: Metagross
|-damage|p2a: Metagross|0 fnt
|faint|p2a: Metagross
|
|upkeep
|j| zouzmaa
|
|t:|1769381122
|switch|p2a: Dragapult|Dragapult, F|72/100
|-damage|p2a: Dragapult|59/100|[from] Stealth Rock
|-damage|p2a: Dragapult|43/100|[from] Spikes
|turn|36
|
|t:|1769381145
|move|p2a: Dragapult|Shadow Ball|p1a: Djengo Unrained
|-damage|p1a: Djengo Unrained|12/100
|move|p1a: Djengo Unrained|Shadow Ball|p2a: Dragapult
|-supereffective|p2a: Dragapult
|-damage|p2a: Dragapult|0 fnt
|faint|p2a: Dragapult
|
|upkeep
|
|t:|1769381151
|switch|p2a: Ting-Lu|Ting-Lu|48/100
|-damage|p2a: Ting-Lu|42/100|[from] Stealth Rock
|-damage|p2a: Ting-Lu|25/100|[from] Spikes
|-ability|p2a: Ting-Lu|Vessel of Ruin
|turn|37
|
|t:|1769381163
|move|p1a: Djengo Unrained|Make It Rain|p2a: Ting-Lu
|-damage|p2a: Ting-Lu|0 fnt
|-unboost|p1a: Djengo Unrained|spa|1
|faint|p2a: Ting-Lu
|
|win|elite four ozzy
|raw|elite four ozzy's rating: 1661 &rarr; <strong>1687</strong><br />(+26 for winning)
|raw|rblt ryo's rating: 1763 &rarr; <strong>1737</strong><br />(-26 for losing)
|l| hattybatty304
