|j|☆Fabe3107
|j|☆suprm_overlord_mao
|t:|1769441995
|gametype|singles
|player|p1|Fabe3107|101|1337
|player|p2|suprm_overlord_mao|bruno|1300
|gen|9
|tier|[Gen 9] OU
|rated|
|rule|HP Percentage Mod: HP is shown in percentages
|rule|Endless Battle Clause: Forcing endless battles is banned
|rule|Species Clause: Limit one of each Pokémon
|rule|OHKO Clause: OHKO moves are banned
|rule|Evasion Items Clause: Evasion items are banned
|rule|Evasion Moves Clause: Evasion moves are banned
|rule|Evasion Abilities Clause: Evasion abilities are banned
|rule|Sleep Moves Clause: Sleep-inducing moves are banned
|clearpoke
|poke|p1|Grimmsnarl, M|
|poke|p1|Iron Treads|
|poke|p1|Raging Bolt|
|poke|p1|Deoxys-Speed|
|poke|p1|Ogerpon-Wellspring, F|
|poke|p1|Ceruledge, M|
|poke|p2|Clefable, F|
|poke|p2|Goodra-Hisui, F|
|poke|p2|Arcanine-Hisui, M|
|poke|p2|Swampert, F|
|poke|p2|Weezing-Galar, F|
|poke|p2|Mamoswine, M|
|teampreview
|inactive|Battle timer is ON: inactive players will automatically lose when time's up. (requested by Fabe3107)
|
|t:|1769442007
|teamsize|p1|6
|teamsize|p2|6
|start
|switch|p1a: Grimmsnarl|Grimmsnarl, M, shiny|100/100
|switch|p2a: LIL FLIP|Swampert, F|100/100
|turn|1
|
|t:|1769442014
|move|p1a: Grimmsnarl|Reflect|p1a: Grimmsnarl
|-sidestart|p1: Fabe3107|Reflect
|move|p2a: LIL FLIP|Knock Off|p1a: Grimmsnarl
|-resisted|p1a: Grimmsnarl
|-damage|p1a: Grimmsnarl|96/100
|-enditem|p1a: Grimmsnarl|Light Clay|[from] move: Knock Off|[of] p2a: LIL FLIP
|
|upkeep
|turn|2
|
|t:|1769442024
|move|p1a: Grimmsnarl|Taunt|p2a: LIL FLIP
|-start|p2a: LIL FLIP|move: Taunt
|move|p2a: LIL FLIP|Flip Turn|p1a: Grimmsnarl
|-damage|p1a: Grimmsnarl|80/100
|
|t:|1769442033
|switch|p2a: NICKI MINAJ|Goodra-Hisui, F|100/100|[from] Flip Turn
|
|upkeep
|turn|3
|
|t:|1769442040
|move|p1a: Grimmsnarl|Light Screen|p1a: Grimmsnarl
|-sidestart|p1: Fabe3107|move: Light Screen
|move|p2a: NICKI MINAJ|Flash Cannon|p1a: Grimmsnarl
|-supereffective|p1a: Grimmsnarl
|-damage|p1a: Grimmsnarl|19/100
|
|upkeep
|turn|4
|
|t:|1769442065
|switch|p1a: Iron Treads|Iron Treads, shiny|100/100
|-enditem|p1a: Iron Treads|Booster Energy
|-activate|p1a: Iron Treads|ability: Quark Drive|[fromitem]
|-start|p1a: Iron Treads|quarkdrivespe
|switch|p2a: LIL FLIP|Swampert, F|100/100
|
|upkeep
|turn|5
|
|t:|1769442077
|-end|p1a: Iron Treads|Quark Drive|[silent]
|switch|p1a: Ogerpon|Ogerpon-Wellspring, F|100/100
|move|p2a: LIL FLIP|Earthquake|p1a: Ogerpon
|-resisted|p1a: Ogerpon
|-damage|p1a: Ogerpon|89/100
|
|upkeep
|turn|6
|
|t:|1769442085
|switch|p2a: NICKI MINAJ|Goodra-Hisui, F|100/100
|move|p1a: Ogerpon|Trailblaze|p2a: NICKI MINAJ
|-ability|p2a: NICKI MINAJ|Sap Sipper|boost
|-boost|p2a: NICKI MINAJ|atk|1
|
|upkeep
|turn|7
|
|t:|1769442097
|move|p1a: Ogerpon|Swords Dance|p1a: Ogerpon
|-boost|p1a: Ogerpon|atk|2
|move|p2a: NICKI MINAJ|Sludge Wave|p1a: Ogerpon
|-supereffective|p1a: Ogerpon
|-damage|p1a: Ogerpon|42/100
|
|-sideend|p1: Fabe3107|move: Light Screen
|upkeep
|turn|8
|
|t:|1769442106
|-terastallize|p1a: Ogerpon|Water
|detailschange|p1a: Ogerpon|Ogerpon-Wellspring-Tera, F, tera:Water
|-ability|p1a: Ogerpon|Embody Aspect (Wellspring)|boost
|-boost|p1a: Ogerpon|spd|1
|move|p1a: Ogerpon|Play Rough|p2a: NICKI MINAJ|[miss]
|-miss|p1a: Ogerpon|p2a: NICKI MINAJ
|move|p2a: NICKI MINAJ|Sludge Wave|p1a: Ogerpon
|-damage|p1a: Ogerpon|9/100
|
|-sideend|p1: Fabe3107|Reflect
|upkeep
|turn|9
|
|t:|1769442116
|move|p1a: Ogerpon|Play Rough|p2a: NICKI MINAJ
|-damage|p2a: NICKI MINAJ|31/100
|-unboost|p2a: NICKI MINAJ|atk|1
|move|p2a: NICKI MINAJ|Sludge Wave|p1a: Ogerpon
|-damage|p1a: Ogerpon|0 fnt
|faint|p1a: Ogerpon
|detailschange|p1: Ogerpon|Ogerpon-Wellspring, F|[silent]
|
|upkeep
|
|t:|1769442137
|switch|p1a: Deoxys|Deoxys-Speed, shiny|100/100
|-ability|p1a: Deoxys|Pressure
|turn|10
|
|t:|1769442147
|move|p1a: Deoxys|Focus Blast|p2a: NICKI MINAJ
|-supereffective|p2a: NICKI MINAJ
|-damage|p2a: NICKI MINAJ|0 fnt
|faint|p2a: NICKI MINAJ
|
|upkeep
|
|t:|1769442151
|switch|p2a: LIL FLIP|Swampert, F|100/100
|turn|11
|
|t:|1769442166
|move|p1a: Deoxys|Psycho Boost|p2a: LIL FLIP
|-damage|p2a: LIL FLIP|44/100
|-unboost|p1a: Deoxys|spa|2
|move|p2a: LIL FLIP|Knock Off|p1a: Deoxys
|-supereffective|p1a: Deoxys
|-damage|p1a: Deoxys|31/100
|-enditem|p1a: Deoxys|Leftovers|[from] move: Knock Off|[of] p2a: LIL FLIP
|
|-heal|p2a: LIL FLIP|50/100|[from] item: Leftovers
|upkeep
|turn|12
|
|t:|1769442177
|move|p1a: Deoxys|Psycho Boost|p2a: LIL FLIP
|-damage|p2a: LIL FLIP|21/100
|-unboost|p1a: Deoxys|spa|2
|move|p2a: LIL FLIP|Earthquake|p1a: Deoxys
|-damage|p1a: Deoxys|0 fnt
|faint|p1a: Deoxys
|
|-heal|p2a: LIL FLIP|27/100|[from] item: Leftovers
|upkeep
|inactive|Fabe3107 has 120 seconds left.
|
|t:|1769442201
|switch|p1a: Raging Bolt|Raging Bolt|100/100
|-enditem|p1a: Raging Bolt|Booster Energy
|-activate|p1a: Raging Bolt|ability: Protosynthesis|[fromitem]
|-start|p1a: Raging Bolt|protosynthesisspa
|turn|13
|inactive|Fabe3107 has 120 seconds left.
|
|t:|1769442220
|move|p1a: Raging Bolt|Dragon Pulse|p2a: LIL FLIP
|-damage|p2a: LIL FLIP|0 fnt
|faint|p2a: LIL FLIP
|
|upkeep
|
|t:|1769442226
|switch|p2a: FAT JOE|Mamoswine, M|100/100
|turn|14
|
|t:|1769442242
|-end|p1a: Raging Bolt|Protosynthesis|[silent]
|switch|p1a: Iron Treads|Iron Treads, shiny|100/100
|move|p2a: FAT JOE|Icicle Crash|p1a: Iron Treads
|-damage|p1a: Iron Treads|44/100
|-damage|p2a: FAT JOE|91/100|[from] item: Life Orb
|
|upkeep
|turn|15
|inactive|suprm_overlord_mao has 120 seconds left.
|
|t:|1769442268
|move|p1a: Iron Treads|Steel Beam|p2a: FAT JOE
|-supereffective|p2a: FAT JOE
|-damage|p2a: FAT JOE|0 fnt
|-damage|p1a: Iron Treads|0 fnt|[from] steelbeam
|faint|p1a: Iron Treads
|-end|p1a: Iron Treads|Quark Drive|[silent]
|faint|p2a: FAT JOE
|
|upkeep
|
|t:|1769442279
|switch|p1a: Grimmsnarl|Grimmsnarl, M, shiny|19/100
|switch|p2a: DMX|Arcanine-Hisui, M|100/100
|turn|16
|
|t:|1769442284
|move|p2a: DMX|Extreme Speed|p1a: Grimmsnarl
|-damage|p1a: Grimmsnarl|0 fnt
|faint|p1a: Grimmsnarl
|-damage|p2a: DMX|91/100|[from] item: Life Orb
|
|upkeep
|
|t:|1769442301
|switch|p1a: Ceruledge|Ceruledge, M, shiny|100/100
|turn|17
|
|t:|1769442307
|move|p2a: DMX|Head Smash|p1a: Ceruledge
|-supereffective|p1a: Ceruledge
|-damage|p1a: Ceruledge|0 fnt
|faint|p1a: Ceruledge
|-damage|p2a: DMX|81/100|[from] item: Life Orb
|
|upkeep
|
|t:|1769442313
|switch|p1a: Raging Bolt|Raging Bolt|100/100
|turn|18
|
|t:|1769442319
|move|p2a: DMX|Head Smash|p1a: Raging Bolt
|-damage|p1a: Raging Bolt|22/100
|-damage|p2a: DMX|71/100|[from] item: Life Orb
|move|p1a: Raging Bolt|Dragon Pulse|p2a: DMX
|-damage|p2a: DMX|10/100
|
|upkeep
|turn|19
|
|t:|1769442325
|move|p2a: DMX|Extreme Speed|p1a: Raging Bolt
|-damage|p1a: Raging Bolt|0 fnt
|faint|p1a: Raging Bolt
|-end|p1a: Raging Bolt|Protosynthesis|[silent]
|-damage|p2a: DMX|0 fnt|[from] item: Life Orb
|faint|p2a: DMX
|
|win|suprm_overlord_mao
|raw|Fabe3107's rating: 1337 &rarr; <strong>1315</strong><br />(-22 for losing)
|raw|suprm_overlord_mao's rating: 1300 &rarr; <strong>1328</strong><br />(+28 for winning)
|l|☆Fabe3107
|player|p1|
|l|☆suprm_overlord_mao
|player|p2|
