|j|☆arilover69
|j|☆ihateclodsire
|t:|1769443149
|gametype|singles
|player|p1|arilover69|iono|1258
|player|p2|ihateclodsire|riley|1242
|gen|9
|tier|[Gen 9] OU
|rated|
|rule|HP Percentage Mod: HP is shown in percentages
|rule|Endless Battle Clause: Forcing endless battles is banned
|rule|Species Clause: Limit one of each Pokémon
|rule|OHKO Clause: OHKO moves are banned
|rule|Evasion Items Clause: Evasion items are banned
|rule|Evasion Moves Clause: Evasion moves are banned
|rule|Evasion Abilities Clause: Evasion abilities are banned
|rule|Sleep Moves Clause: Sleep-inducing moves are banned
|clearpoke
|poke|p1|Pelipper, F|
|poke|p1|Barraskewda, F|
|poke|p1|Scizor, F|
|poke|p1|Tentacruel, F|
|poke|p1|Kingdra, F|
|poke|p1|Landorus-Therian, M|
|poke|p2|Pelipper, F|
|poke|p2|Hatterene, F|
|poke|p2|Iron Treads|
|poke|p2|Toxicroak, F|
|poke|p2|Floatzel, M|
|poke|p2|Zapdos|
|teampreview
|inactive|Battle timer is ON: inactive players will automatically lose when time's up. (requested by ihateclodsire)
|
|t:|1769443171
|teamsize|p1|6
|teamsize|p2|6
|start
|switch|p1a: Sailor|Pelipper, F|100/100
|switch|p2a: Iron Treads|Iron Treads|100/100
|-weather|RainDance|[from] ability: Drizzle|[of] p1a: Sailor
|turn|1
|
|t:|1769443188
|move|p2a: Iron Treads|Volt Switch|p1a: Sailor
|-supereffective|p1a: Sailor
|-damage|p1a: Sailor|40/100
|
|t:|1769443198
|-end|p2a: Iron Treads|Quark Drive|[silent]
|switch|p2a: Floatzel|Floatzel, M|100/100|[from] Volt Switch
|move|p1a: Sailor|U-turn|p2a: Floatzel
|-damage|p2a: Floatzel|85/100
|
|t:|1769443204
|switch|p1a: Barraskewda|Barraskewda, F|100/100|[from] U-turn
|
|-weather|RainDance|[upkeep]
|upkeep
|turn|2
|
|t:|1769443211
|switch|p2a: Toxicroak|Toxicroak, F|100/100
|move|p1a: Barraskewda|Close Combat|p2a: Toxicroak
|-resisted|p2a: Toxicroak
|-damage|p2a: Toxicroak|72/100
|-unboost|p1a: Barraskewda|def|1
|-unboost|p1a: Barraskewda|spd|1
|-damage|p1a: Barraskewda|84/100|[from] item: Rocky Helmet|[of] p2a: Toxicroak
|-damage|p1a: Barraskewda|74/100|[from] item: Life Orb
|
|-weather|RainDance|[upkeep]
|-heal|p2a: Toxicroak|85/100|[from] ability: Dry Skin
|upkeep
|turn|3
|
|t:|1769443222
|switch|p1a: Landorus|Landorus-Therian, M|100/100
|-ability|p1a: Landorus|Intimidate|boost
|-unboost|p2a: Toxicroak|atk|1
|move|p2a: Toxicroak|Knock Off|p1a: Landorus
|-damage|p1a: Landorus|86/100
|-damage|p2a: Toxicroak|68/100|[from] item: Rocky Helmet|[of] p1a: Landorus
|-enditem|p1a: Landorus|Rocky Helmet|[from] move: Knock Off|[of] p2a: Toxicroak
|
|-weather|RainDance|[upkeep]
|-heal|p2a: Toxicroak|80/100|[from] ability: Dry Skin
|upkeep
|turn|4
|
|t:|1769443227
|switch|p2a: Pelipper|Pelipper, F|100/100
|move|p1a: Landorus|Stealth Rock|p2a: Pelipper
|-sidestart|p2: ihateclodsire|move: Stealth Rock
|
|-weather|RainDance|[upkeep]
|upkeep
|turn|5
|
|t:|1769443233
|move|p1a: Landorus|U-turn|p2a: Pelipper
|-resisted|p2a: Pelipper
|-damage|p2a: Pelipper|89/100
|
|t:|1769443240
|switch|p1a: Tentacruel|Tentacruel, F|100/100|[from] U-turn
|move|p2a: Pelipper|U-turn|p1a: Tentacruel
|-resisted|p1a: Tentacruel
|-damage|p1a: Tentacruel|94/100
|
|t:|1769443250
|switch|p2a: Zapdos|Zapdos|100/100|[from] U-turn
|-damage|p2a: Zapdos|76/100|[from] Stealth Rock
|
|-weather|RainDance|[upkeep]
|-heal|p1a: Tentacruel|100/100|[from] ability: Rain Dish
|upkeep
|turn|6
|
|t:|1769443257
|move|p2a: Zapdos|Thunder|p1a: Tentacruel
|-supereffective|p1a: Tentacruel
|-damage|p1a: Tentacruel|0 fnt
|faint|p1a: Tentacruel
|
|-weather|RainDance|[upkeep]
|upkeep
|
|t:|1769443278
|switch|p1a: Landorus|Landorus-Therian, M|86/100
|-ability|p1a: Landorus|Intimidate|boost
|-unboost|p2a: Zapdos|atk|1
|turn|7
|
|t:|1769443286
|switch|p2a: Pelipper|Pelipper, F|89/100
|-damage|p2a: Pelipper|65/100|[from] Stealth Rock
|move|p1a: Landorus|Weather Ball|p2a: Pelipper
|-resisted|p2a: Pelipper
|-damage|p2a: Pelipper|47/100
|
|-weather|RainDance|[upkeep]
|upkeep
|turn|8
|
|t:|1769443296
|move|p1a: Landorus|U-turn|p2a: Pelipper
|-resisted|p2a: Pelipper
|-damage|p2a: Pelipper|36/100
|
|t:|1769443318
|switch|p1a: Scizor|Scizor, F|100/100|[from] U-turn
|move|p2a: Pelipper|Roost|p2a: Pelipper
|-heal|p2a: Pelipper|87/100
|-singleturn|p2a: Pelipper|move: Roost
|
|-weather|none
|upkeep
|turn|9
|
|t:|1769443327
|move|p1a: Scizor|Knock Off|p2a: Pelipper
|-damage|p2a: Pelipper|51/100
|-enditem|p2a: Pelipper|Damp Rock|[from] move: Knock Off|[of] p1a: Scizor
|move|p2a: Pelipper|U-turn|p1a: Scizor
|-resisted|p1a: Scizor
|-damage|p1a: Scizor|96/100
|
|t:|1769443332
|switch|p2a: Iron Treads|Iron Treads|100/100|[from] U-turn
|-damage|p2a: Iron Treads|98/100|[from] Stealth Rock
|
|-heal|p2a: Iron Treads|100/100|[from] item: Leftovers
|upkeep
|turn|10
|
|t:|1769443339
|move|p2a: Iron Treads|Rapid Spin|p1a: Scizor
|-resisted|p1a: Scizor
|-damage|p1a: Scizor|90/100
|-boost|p2a: Iron Treads|spe|1
|-sideend|p2: ihateclodsire|Stealth Rock|[from] move: Rapid Spin|[of] p2a: Iron Treads
|move|p1a: Scizor|Swords Dance|p1a: Scizor
|-boost|p1a: Scizor|atk|2
|
|upkeep
|turn|11
|
|t:|1769443348
|move|p2a: Iron Treads|Earthquake|p1a: Scizor
|-damage|p1a: Scizor|49/100
|move|p1a: Scizor|Knock Off|p2a: Iron Treads
|-damage|p2a: Iron Treads|43/100
|-enditem|p2a: Iron Treads|Leftovers|[from] move: Knock Off|[of] p1a: Scizor
|
|upkeep
|turn|12
|
|t:|1769443356
|-terastallize|p1a: Scizor|Steel
|move|p1a: Scizor|Bullet Punch|p2a: Iron Treads
|-resisted|p2a: Iron Treads
|-damage|p2a: Iron Treads|3/100
|move|p2a: Iron Treads|Earthquake|p1a: Scizor
|-supereffective|p1a: Scizor
|-damage|p1a: Scizor|0 fnt
|faint|p1a: Scizor
|
|upkeep
|
|t:|1769443366
|switch|p1a: Landorus|Landorus-Therian, M|86/100
|-ability|p1a: Landorus|Intimidate|boost
|-unboost|p2a: Iron Treads|atk|1
|turn|13
|
|t:|1769443372
|-end|p2a: Iron Treads|Quark Drive|[silent]
|switch|p2a: Floatzel|Floatzel, M|85/100
|move|p1a: Landorus|U-turn|p2a: Floatzel
|-damage|p2a: Floatzel|51/100
|
|t:|1769443380
|switch|p1a: Barraskewda|Barraskewda, F|74/100|[from] U-turn
|
|upkeep
|turn|14
|
|t:|1769443395
|switch|p2a: Toxicroak|Toxicroak, F|80/100
|move|p1a: Barraskewda|Close Combat|p2a: Toxicroak
|-resisted|p2a: Toxicroak
|-damage|p2a: Toxicroak|52/100
|-unboost|p1a: Barraskewda|def|1
|-unboost|p1a: Barraskewda|spd|1
|-damage|p1a: Barraskewda|58/100|[from] item: Rocky Helmet|[of] p2a: Toxicroak
|-damage|p1a: Barraskewda|48/100|[from] item: Life Orb
|
|upkeep
|turn|15
|
|t:|1769443418
|switch|p1a: Landorus|Landorus-Therian, M|86/100
|-ability|p1a: Landorus|Intimidate|boost
|-unboost|p2a: Toxicroak|atk|1
|move|p2a: Toxicroak|Toxic|p1a: Landorus
|-status|p1a: Landorus|tox
|
|-damage|p1a: Landorus|80/100 tox|[from] psn
|upkeep
|turn|16
|
|t:|1769443423
|switch|p2a: Pelipper|Pelipper, F|51/100
|-weather|RainDance|[from] ability: Drizzle|[of] p2a: Pelipper
|move|p1a: Landorus|Stealth Rock|p2a: Pelipper
|-sidestart|p2: ihateclodsire|move: Stealth Rock
|
|-weather|RainDance|[upkeep]
|-damage|p1a: Landorus|68/100 tox|[from] psn
|upkeep
|turn|17
|
|t:|1769443427
|move|p1a: Landorus|U-turn|p2a: Pelipper
|-resisted|p2a: Pelipper
|-damage|p2a: Pelipper|40/100
|
|t:|1769443430
|switch|p1a: Sailor|Pelipper, F|40/100|[from] U-turn
|move|p2a: Pelipper|Roost|p2a: Pelipper
|-heal|p2a: Pelipper|91/100
|-singleturn|p2a: Pelipper|move: Roost
|
|-weather|RainDance|[upkeep]
|upkeep
|turn|18
|
|t:|1769443433
|move|p1a: Sailor|Roost|p1a: Sailor
|-heal|p1a: Sailor|90/100
|-singleturn|p1a: Sailor|move: Roost
|move|p2a: Pelipper|Knock Off|p1a: Sailor
|-damage|p1a: Sailor|80/100
|-enditem|p1a: Sailor|Damp Rock|[from] move: Knock Off|[of] p2a: Pelipper
|
|-weather|RainDance|[upkeep]
|upkeep
|turn|19
|
|t:|1769443439
|move|p1a: Sailor|Hurricane|p2a: Pelipper
|-damage|p2a: Pelipper|57/100
|move|p2a: Pelipper|U-turn|p1a: Sailor
|-resisted|p1a: Sailor
|-damage|p1a: Sailor|77/100
|
|t:|1769443449
|switch|p2a: Zapdos|Zapdos|76/100|[from] U-turn
|-damage|p2a: Zapdos|51/100|[from] Stealth Rock
|
|-weather|RainDance|[upkeep]
|upkeep
|turn|20
|
|t:|1769443456
|switch|p1a: Kingdra|Kingdra, F, shiny|100/100
|move|p2a: Zapdos|Hurricane|p1a: Kingdra
|-damage|p1a: Kingdra|3/100
|
|-weather|none
|upkeep
|turn|21
|
|t:|1769443463
|move|p2a: Zapdos|Hurricane|p1a: Kingdra
|-damage|p1a: Kingdra|0 fnt
|faint|p1a: Kingdra
|
|upkeep
|
|t:|1769443470
|switch|p1a: Sailor|Pelipper, F|77/100
|-weather|RainDance|[from] ability: Drizzle|[of] p1a: Sailor
|turn|22
|
|t:|1769443476
|move|p2a: Zapdos|Hurricane|p1a: Sailor
|-damage|p1a: Sailor|0 fnt
|faint|p1a: Sailor
|
|-weather|RainDance|[upkeep]
|upkeep
|
|t:|1769443482
|switch|p1a: Barraskewda|Barraskewda, F|48/100
|turn|23
|
|t:|1769443487
|switch|p1a: Landorus|Landorus-Therian, M|68/100 tox
|-ability|p1a: Landorus|Intimidate|boost
|-unboost|p2a: Zapdos|atk|1
|switch|p2a: Toxicroak|Toxicroak, F|52/100
|-damage|p2a: Toxicroak|46/100|[from] Stealth Rock
|
|-weather|RainDance|[upkeep]
|-heal|p2a: Toxicroak|58/100|[from] ability: Dry Skin
|-damage|p1a: Landorus|62/100 tox|[from] psn
|upkeep
|turn|24
|
|t:|1769443492
|switch|p2a: Iron Treads|Iron Treads|3/100
|-damage|p2a: Iron Treads|0 fnt|[from] Stealth Rock
|faint|p2a: Iron Treads
|-end|p2a: Iron Treads|Quark Drive|[silent]
|move|p1a: Landorus|Earth Power|p2: Iron Treads|[notarget]
|-fail|p1a: Landorus
|
|-weather|RainDance|[upkeep]
|-damage|p1a: Landorus|50/100 tox|[from] psn
|upkeep
|
|t:|1769443496
|switch|p2a: Floatzel|Floatzel, M|51/100
|-damage|p2a: Floatzel|38/100|[from] Stealth Rock
|turn|25
|-message|arilover69 forfeited.
|
|win|ihateclodsire
|raw|arilover69's rating: 1258 &rarr; <strong>1232</strong><br />(-26 for losing)
|raw|ihateclodsire's rating: 1242 &rarr; <strong>1268</strong><br />(+26 for winning)
|l|☆arilover69
|player|p1|
|l|☆ihateclodsire
|player|p2|
