|j|☆supertoki4
|j|☆noahthepenguin
|t:|1769305183
|gametype|singles
|player|p1|supertoki4|volkner|1103
|player|p2|noahthepenguin|pokefan-gen4|1142
|gen|9
|tier|[Gen 9] OU
|rated|
|rule|HP Percentage Mod: HP is shown in percentages
|rule|Endless Battle Clause: Forcing endless battles is banned
|rule|Species Clause: Limit one of each Pokémon
|rule|OHKO Clause: OHKO moves are banned
|rule|Evasion Items Clause: Evasion items are banned
|rule|Evasion Moves Clause: Evasion moves are banned
|rule|Evasion Abilities Clause: Evasion abilities are banned
|rule|Sleep Moves Clause: Sleep-inducing moves are banned
|clearpoke
|poke|p1|Zamazenta-*|
|poke|p1|Bisharp, M|
|poke|p1|Dragonite, M|
|poke|p1|Porygon-Z|
|poke|p1|Cinderace, F|
|poke|p1|Clefable, F|
|poke|p2|Cobalion|
|poke|p2|Yanmega, F|
|poke|p2|Rillaboom, F|
|poke|p2|Electrode-Hisui|
|poke|p2|Quaquaval, F|
|poke|p2|Skeledirge, M|
|teampreview
|inactive|Battle timer is ON: inactive players will automatically lose when time's up. (requested by noahthepenguin)
|inactive|supertoki4 also wants the timer to be on.
|
|t:|1769305187
|teamsize|p1|6
|teamsize|p2|6
|start
|switch|p1a: Zamazenta|Zamazenta|100/100
|switch|p2a: Yanmega|Yanmega, F, shiny|100/100
|-ability|p1a: Zamazenta|Dauntless Shield|boost
|-boost|p1a: Zamazenta|def|1
|turn|1
|
|t:|1769305200
|-terastallize|p2a: Yanmega|Psychic
|move|p1a: Zamazenta|Body Press|p2a: Yanmega
|-resisted|p2a: Yanmega
|-damage|p2a: Yanmega|59/100
|move|p2a: Yanmega|Psychic Noise|p1a: Zamazenta
|-supereffective|p1a: Zamazenta
|-crit|p1a: Zamazenta
|-damage|p1a: Zamazenta|0 fnt
|faint|p1a: Zamazenta
|-enditem|p2a: Yanmega|Throat Spray
|-boost|p2a: Yanmega|spa|1|[from] item: Throat Spray
|
|-ability|p2a: Yanmega|Speed Boost|boost
|-boost|p2a: Yanmega|spe|1
|upkeep
|inactive|supertoki4 has 120 seconds left.
|
|t:|1769305242
|switch|p1a: Bisharp|Bisharp, M|100/100
|turn|2
|
|t:|1769305247
|move|p2a: Yanmega|Bug Buzz|p1a: Bisharp
|-damage|p1a: Bisharp|37/100
|move|p1a: Bisharp|Swords Dance|p1a: Bisharp
|-boost|p1a: Bisharp|atk|2
|
|-ability|p2a: Yanmega|Speed Boost|boost
|-boost|p2a: Yanmega|spe|1
|upkeep
|turn|3
|inactive|supertoki4 has 120 seconds left.
|
|t:|1769305256
|move|p2a: Yanmega|Protect|p2a: Yanmega
|-singleturn|p2a: Yanmega|Protect
|move|p1a: Bisharp|Sucker Punch||[still]
|-fail|p1a: Bisharp
|
|-ability|p2a: Yanmega|Speed Boost|boost
|-boost|p2a: Yanmega|spe|1
|upkeep
|turn|4
|
|t:|1769305260
|move|p2a: Yanmega|Protect||[still]
|-fail|p2a: Yanmega
|move|p1a: Bisharp|Sucker Punch||[still]
|-fail|p1a: Bisharp
|
|-ability|p2a: Yanmega|Speed Boost|boost
|-boost|p2a: Yanmega|spe|1
|upkeep
|turn|5
|
|t:|1769305269
|move|p2a: Yanmega|Protect|p2a: Yanmega
|-singleturn|p2a: Yanmega|Protect
|move|p1a: Bisharp|Sucker Punch||[still]
|-fail|p1a: Bisharp
|
|-ability|p2a: Yanmega|Speed Boost|boost
|-boost|p2a: Yanmega|spe|1
|upkeep
|turn|6
|
|t:|1769305278
|move|p2a: Yanmega|Protect|p2a: Yanmega
|-singleturn|p2a: Yanmega|Protect
|move|p1a: Bisharp|Sucker Punch||[still]
|-fail|p1a: Bisharp
|
|-ability|p2a: Yanmega|Speed Boost|boost
|-boost|p2a: Yanmega|spe|1
|upkeep
|turn|7
|
|t:|1769305287
|move|p2a: Yanmega|Protect||[still]
|-fail|p2a: Yanmega
|move|p1a: Bisharp|Sucker Punch||[still]
|-fail|p1a: Bisharp
|
|upkeep
|turn|8
|
|t:|1769305309
|switch|p1a: Clefable|Clefable, F|100/100
|move|p2a: Yanmega|Protect||[still]
|-fail|p2a: Yanmega
|
|upkeep
|turn|9
|
|t:|1769305316
|move|p2a: Yanmega|Psychic Noise|p1a: Clefable
|-damage|p1a: Clefable|60/100
|-start|p1a: Clefable|move: Heal Block
|move|p1a: Clefable|Moonblast|p2a: Yanmega
|-damage|p2a: Yanmega|0 fnt
|faint|p2a: Yanmega
|
|upkeep
|
|t:|1769305322
|switch|p2a: Electrode|Electrode-Hisui, shiny|100/100
|turn|10
|
|t:|1769305327
|move|p2a: Electrode|Volt Switch|p1a: Clefable
|-damage|p1a: Clefable|20/100
|
|t:|1769305330
|switch|p2a: Quaquaval|Quaquaval, F, shiny|100/100|[from] Volt Switch
|move|p1a: Clefable|Fire Blast|p2a: Quaquaval
|-resisted|p2a: Quaquaval
|-damage|p2a: Quaquaval|76/100
|
|-end|p1a: Clefable|move: Heal Block
|upkeep
|turn|11
|
|t:|1769305346
|move|p2a: Quaquaval|Aqua Step|p1a: Clefable
|-damage|p1a: Clefable|0 fnt
|-boost|p2a: Quaquaval|spe|1
|faint|p1a: Clefable
|-ability|p2a: Quaquaval|Moxie|boost
|-boost|p2a: Quaquaval|atk|1
|
|upkeep
|
|t:|1769305355
|switch|p1a: Porygon-Z|Porygon-Z|100/100
|-ability|p1a: Porygon-Z|Download|boost
|-boost|p1a: Porygon-Z|spa|1
|turn|12
|
|t:|1769305359
|move|p2a: Quaquaval|Aqua Step|p1a: Porygon-Z
|-damage|p1a: Porygon-Z|0 fnt
|-boost|p2a: Quaquaval|spe|1
|faint|p1a: Porygon-Z
|-ability|p2a: Quaquaval|Moxie|boost
|-boost|p2a: Quaquaval|atk|1
|
|upkeep
|
|t:|1769305365
|switch|p1a: Cinderace|Cinderace, F|100/100
|turn|13
|
|t:|1769305374
|move|p2a: Quaquaval|Aqua Step|p1a: Cinderace
|-supereffective|p1a: Cinderace
|-damage|p1a: Cinderace|0 fnt
|-boost|p2a: Quaquaval|spe|1
|faint|p1a: Cinderace
|-ability|p2a: Quaquaval|Moxie|boost
|-boost|p2a: Quaquaval|atk|1
|
|upkeep
|
|t:|1769305380
|switch|p1a: Bisharp|Bisharp, M|37/100
|turn|14
|c|☆noahthepenguin|Gg
|
|t:|1769305396
|move|p1a: Bisharp|Sucker Punch|p2a: Quaquaval
|-resisted|p2a: Quaquaval
|-damage|p2a: Quaquaval|50/100
|move|p2a: Quaquaval|Aqua Step|p1a: Bisharp
|-damage|p1a: Bisharp|0 fnt
|-boost|p2a: Quaquaval|spe|1
|faint|p1a: Bisharp
|-ability|p2a: Quaquaval|Moxie|boost
|-boost|p2a: Quaquaval|atk|1
|
|upkeep
|
|t:|1769305405
|switch|p1a: Dragonite|Dragonite, M|100/100
|turn|15
|
|t:|1769305408
|move|p1a: Dragonite|Extreme Speed|p2a: Quaquaval
|-damage|p2a: Quaquaval|13/100
|move|p2a: Quaquaval|Aqua Step|p1a: Dragonite
|-resisted|p1a: Dragonite
|-damage|p1a: Dragonite|48/100
|-boost|p2a: Quaquaval|spe|1
|
|upkeep
|turn|16
|
|t:|1769305415
|move|p1a: Dragonite|Extreme Speed|p2a: Quaquaval
|-damage|p2a: Quaquaval|0 fnt
|faint|p2a: Quaquaval
|
|upkeep
|
|t:|1769305419
|switch|p2a: Electrode|Electrode-Hisui, shiny|100/100
|turn|17
|
|t:|1769305424
|move|p2a: Electrode|Volt Switch|p1a: Dragonite
|-damage|p1a: Dragonite|4/100
|
|t:|1769305426
|switch|p2a: Skeledirge|Skeledirge, M, shiny|100/100|[from] Volt Switch
|move|p1a: Dragonite|Dragon Dance|p1a: Dragonite
|-boost|p1a: Dragonite|atk|1
|-boost|p1a: Dragonite|spe|1
|
|upkeep
|turn|18
|c|☆noahthepenguin|Gg
|
|t:|1769305437
|move|p1a: Dragonite|Earthquake|p2a: Skeledirge
|-supereffective|p2a: Skeledirge
|-damage|p2a: Skeledirge|39/100
|move|p2a: Skeledirge|Torch Song|p1a: Dragonite
|-resisted|p1a: Dragonite
|-damage|p1a: Dragonite|0 fnt
|-boost|p2a: Skeledirge|spa|1
|faint|p1a: Dragonite
|
|win|noahthepenguin
|raw|supertoki4's rating: 1103 &rarr; <strong>1081</strong><br />(-22 for losing)
|raw|noahthepenguin's rating: 1142 &rarr; <strong>1164</strong><br />(+22 for winning)
|l|☆noahthepenguin
|player|p2|
|l|☆supertoki4
|player|p1|
