|j|☆Edgelord47
|j|☆Breezy55
|t:|1769324202
|gametype|singles
|player|p1|Edgelord47|hugh|1146
|player|p2|Breezy55|265|1082
|gen|9
|tier|[Gen 9] OU
|rated|
|rule|HP Percentage Mod: HP is shown in percentages
|rule|Endless Battle Clause: Forcing endless battles is banned
|rule|Species Clause: Limit one of each Pokémon
|rule|OHKO Clause: OHKO moves are banned
|rule|Evasion Items Clause: Evasion items are banned
|rule|Evasion Moves Clause: Evasion moves are banned
|rule|Evasion Abilities Clause: Evasion abilities are banned
|rule|Sleep Moves Clause: Sleep-inducing moves are banned
|clearpoke
|poke|p1|Typhlosion, M|
|poke|p1|Scizor, F|
|poke|p1|Tatsugiri-Droopy, F|
|poke|p1|Houndstone, M|
|poke|p1|Zebstrika, F|
|poke|p1|Rhyperior, M|
|poke|p2|Hitmonchan, M|
|poke|p2|Mew|
|poke|p2|Deoxys-Speed|
|poke|p2|Raging Bolt|
|poke|p2|Landorus-Therian, M|
|poke|p2|Iron Valiant|
|teampreview
|
|t:|1769324208
|teamsize|p1|6
|teamsize|p2|6
|start
|switch|p1a: Rhyperior|Rhyperior, M|100/100
|switch|p2a: Landorus|Landorus-Therian, M|100/100
|-ability|p2a: Landorus|Intimidate|boost
|-unboost|p1a: Rhyperior|atk|1
|turn|1
|inactive|Battle timer is ON: inactive players will automatically lose when time's up. (requested by Edgelord47)
|
|t:|1769324222
|move|p2a: Landorus|Taunt|p1a: Rhyperior
|-start|p1a: Rhyperior|move: Taunt
|move|p1a: Rhyperior|Avalanche|p2a: Landorus
|-supereffective|p2a: Landorus
|-damage|p2a: Landorus|44/100
|-damage|p1a: Rhyperior|84/100|[from] item: Rocky Helmet|[of] p2a: Landorus
|
|upkeep
|turn|2
|
|t:|1769324232
|switch|p1a: Scizor|Scizor, F|100/100
|move|p2a: Landorus|U-turn|p1a: Scizor
|-resisted|p1a: Scizor
|-damage|p1a: Scizor|90/100
|
|t:|1769324241
|switch|p2a: Raging Bolt|Raging Bolt|100/100|[from] U-turn
|-enditem|p2a: Raging Bolt|Booster Energy
|-activate|p2a: Raging Bolt|ability: Protosynthesis|[fromitem]
|-start|p2a: Raging Bolt|protosynthesisspa
|
|upkeep
|turn|3
|
|t:|1769324251
|move|p1a: Scizor|Bullet Punch|p2a: Raging Bolt
|-resisted|p2a: Raging Bolt
|-damage|p2a: Raging Bolt|77/100
|move|p2a: Raging Bolt|Dragon Pulse|p1a: Scizor
|-resisted|p1a: Scizor
|-damage|p1a: Scizor|46/100
|
|upkeep
|turn|4
|
|t:|1769324260
|switch|p1a: Houndstone|Houndstone, M, shiny|100/100
|move|p2a: Raging Bolt|Thunderbolt|p1a: Houndstone
|-damage|p1a: Houndstone|62/100
|
|upkeep
|turn|5
|
|t:|1769324268
|move|p2a: Raging Bolt|Thunderbolt|p1a: Houndstone
|-damage|p1a: Houndstone|24/100
|move|p1a: Houndstone|Play Rough|p2a: Raging Bolt
|-supereffective|p2a: Raging Bolt
|-damage|p2a: Raging Bolt|32/100
|
|upkeep
|turn|6
|
|t:|1769324275
|switch|p1a: Rhyperior|Rhyperior, M|84/100
|move|p2a: Raging Bolt|Dragon Pulse|p1a: Rhyperior
|-damage|p1a: Rhyperior|40/100
|
|upkeep
|turn|7
|
|t:|1769324280
|move|p2a: Raging Bolt|Dragon Pulse|p1a: Rhyperior
|-damage|p1a: Rhyperior|0 fnt
|faint|p1a: Rhyperior
|
|upkeep
|-message|Edgelord47 forfeited.
|
|win|Breezy55
|raw|Edgelord47's rating: 1146 &rarr; <strong>1116</strong><br />(-30 for losing)
|raw|Breezy55's rating: 1082 &rarr; <strong>1115</strong><br />(+33 for winning)
|l|☆Edgelord47
|player|p1|
|l|☆Breezy55
|player|p2|
