|j|☆Raichudvd13
|j|☆rystat
|t:|1769393205
|gametype|singles
|player|p1|Raichudvd13|lucas-gen4pt|
|player|p2|rystat|plasmagrunt-gen5bw|
|gen|9
|tier|[Gen 9] OU
|rule|HP Percentage Mod: HP is shown in percentages
|rule|Endless Battle Clause: Forcing endless battles is banned
|rule|Species Clause: Limit one of each Pokémon
|rule|OHKO Clause: OHKO moves are banned
|rule|Evasion Items Clause: Evasion items are banned
|rule|Evasion Moves Clause: Evasion moves are banned
|rule|Evasion Abilities Clause: Evasion abilities are banned
|rule|Sleep Moves Clause: Sleep-inducing moves are banned
|clearpoke
|poke|p1|Ninetales-Alola, F|
|poke|p1|Torkoal, M|
|poke|p1|Walking Wake|
|poke|p1|Corviknight, M|
|poke|p1|Luxray, F|
|poke|p1|Rotom-Frost|
|poke|p2|Hydrapple, F|
|poke|p2|Breloom, M|
|poke|p2|Appletun, M|
|poke|p2|Skeledirge, M|
|poke|p2|Kommo-o, M|
|poke|p2|Salazzle, F|
|teampreview
|j| SwiftSwine
|j| TacoDile 3 Returns
|
|t:|1769393241
|teamsize|p1|6
|teamsize|p2|6
|start
|switch|p1a: Ahri|Ninetales-Alola, F, shiny|100/100
|switch|p2a: clang tuah|Kommo-o, M|100/100
|-weather|Snowscape|[from] ability: Snow Warning|[of] p1a: Ahri
|turn|1
|
|t:|1769393252
|move|p1a: Ahri|Aurora Veil|p1a: Ahri
|-sidestart|p1: Raichudvd13|move: Aurora Veil
|move|p2a: clang tuah|Flamethrower|p1a: Ahri
|-supereffective|p1a: Ahri
|-damage|p1a: Ahri|70/100
|
|-weather|Snowscape|[upkeep]
|upkeep
|turn|2
|
|t:|1769393261
|move|p1a: Ahri|Moonblast|p2a: clang tuah
|-supereffective|p2a: clang tuah
|-damage|p2a: clang tuah|0 fnt
|faint|p2a: clang tuah
|
|-weather|Snowscape|[upkeep]
|upkeep
|
|t:|1769393267
|switch|p2a: stupid sexy lizard|Salazzle, F, shiny|100/100
|turn|3
|
|t:|1769393319
|switch|p1a: Edgar|Corviknight, M|100/100
|-ability|p1a: Edgar|Pressure
|move|p2a: stupid sexy lizard|Fire Blast|p1a: Edgar
|-supereffective|p1a: Edgar
|-damage|p1a: Edgar|47/100
|-status|p1a: Edgar|brn
|
|-weather|Snowscape|[upkeep]
|-damage|p1a: Edgar|41/100 brn|[from] brn
|upkeep
|turn|4
|
|t:|1769393347
|-terastallize|p1a: Edgar|Flying
|move|p2a: stupid sexy lizard|Fire Blast|p1a: Edgar
|-damage|p1a: Edgar|14/100 brn
|move|p1a: Edgar|Roost|p1a: Edgar
|-heal|p1a: Edgar|64/100 brn
|-hint|If a Terastallized Pokemon uses Roost, it remains Flying-type.
|
|-weather|Snowscape|[upkeep]
|-damage|p1a: Edgar|58/100 brn|[from] brn
|upkeep
|turn|5
|
|t:|1769393360
|move|p2a: stupid sexy lizard|Fire Blast|p1a: Edgar|[miss]
|-miss|p2a: stupid sexy lizard|p1a: Edgar
|move|p1a: Edgar|U-turn|p2a: stupid sexy lizard
|-resisted|p2a: stupid sexy lizard
|-damage|p2a: stupid sexy lizard|98/100
|
|t:|1769393365
|switch|p1a: Shink|Luxray, F, shiny|100/100|[from] U-turn
|-ability|p1a: Shink|Intimidate|boost
|-unboost|p2a: stupid sexy lizard|atk|1
|
|-weather|none
|-heal|p2a: stupid sexy lizard|100/100|[from] item: Black Sludge
|upkeep
|turn|6
|
|t:|1769393398
|move|p2a: stupid sexy lizard|Knock Off|p1a: Shink
|-damage|p1a: Shink|96/100
|-enditem|p1a: Shink|Assault Vest|[from] move: Knock Off|[of] p2a: stupid sexy lizard
|move|p1a: Shink|Psychic Fangs|p2a: stupid sexy lizard
|-supereffective|p2a: stupid sexy lizard
|-damage|p2a: stupid sexy lizard|0 fnt
|faint|p2a: stupid sexy lizard
|
|upkeep
|
|t:|1769393409
|switch|p2a: Aliado|Hydrapple, F|100/100
|turn|7
|
|t:|1769393414
|move|p1a: Shink|Ice Fang|p2a: Aliado
|-supereffective|p2a: Aliado
|-damage|p2a: Aliado|50/100
|-status|p2a: Aliado|frz
|cant|p2a: Aliado|frz
|
|-heal|p2a: Aliado|56/100 frz|[from] item: Leftovers
|upkeep
|turn|8
|
|t:|1769393427
|switch|p2a: Gregory|Appletun, M|100/100
|move|p1a: Shink|Volt Switch|p2a: Gregory
|-resisted|p2a: Gregory
|-damage|p2a: Gregory|97/100
|
|t:|1769393432
|switch|p1a: Ahri|Ninetales-Alola, F, shiny|70/100|[from] Volt Switch
|-weather|Snowscape|[from] ability: Snow Warning|[of] p1a: Ahri
|
|-weather|Snowscape|[upkeep]
|-sideend|p1: Raichudvd13|move: Aurora Veil
|upkeep
|turn|9
|
|t:|1769393446
|-terastallize|p2a: Gregory|Steel
|move|p1a: Ahri|Blizzard|p2a: Gregory
|-resisted|p2a: Gregory
|-crit|p2a: Gregory
|-damage|p2a: Gregory|87/100
|move|p2a: Gregory|Dragon Tail|p1a: Ahri
|-immune|p1a: Ahri
|
|-weather|Snowscape|[upkeep]
|upkeep
|turn|10
|
|t:|1769393465
|move|p1a: Ahri|Aurora Veil|p1a: Ahri
|-sidestart|p1: Raichudvd13|move: Aurora Veil
|move|p2a: Gregory|Apple Acid|p1a: Ahri
|-damage|p1a: Ahri|54/100
|-unboost|p1a: Ahri|spd|1
|
|-weather|Snowscape|[upkeep]
|upkeep
|turn|11
|
|t:|1769393477
|switch|p1a: Kalè|Torkoal, M|100/100
|-weather|SunnyDay|[from] ability: Drought|[of] p1a: Kalè
|move|p2a: Gregory|Leech Seed|p1a: Kalè
|-start|p1a: Kalè|move: Leech Seed
|
|-weather|SunnyDay|[upkeep]
|-damage|p1a: Kalè|88/100|[from] Leech Seed|[of] p2a: Gregory
|-heal|p2a: Gregory|97/100|[silent]
|upkeep
|turn|12
|
|t:|1769393495
|move|p2a: Gregory|Apple Acid|p1a: Kalè
|-resisted|p1a: Kalè
|-damage|p1a: Kalè|82/100
|-unboost|p1a: Kalè|spd|1
|move|p1a: Kalè|Stealth Rock|p2a: Gregory
|-sidestart|p2: rystat|move: Stealth Rock
|
|-weather|SunnyDay|[upkeep]
|-damage|p1a: Kalè|70/100|[from] Leech Seed|[of] p2a: Gregory
|-heal|p2a: Gregory|100/100|[silent]
|upkeep
|turn|13
|
|t:|1769393533
|switch|p1a: Sozin|Walking Wake|100/100
|-activate|p1a: Sozin|ability: Protosynthesis
|-start|p1a: Sozin|protosynthesisspe
|move|p2a: Gregory|Dragon Tail|p1a: Sozin
|-supereffective|p1a: Sozin
|-damage|p1a: Sozin|79/100
|-end|p1a: Sozin|Protosynthesis|[silent]
|drag|p1a: Shink|Luxray, F, shiny|96/100
|-ability|p1a: Shink|Intimidate|boost
|-unboost|p2a: Gregory|atk|1
|
|-weather|SunnyDay|[upkeep]
|upkeep
|turn|14
|
|t:|1769393552
|move|p1a: Shink|Volt Switch|p2a: Gregory
|-damage|p2a: Gregory|88/100
|
|t:|1769393558
|switch|p1a: Sozin|Walking Wake|79/100|[from] Volt Switch
|-activate|p1a: Sozin|ability: Protosynthesis
|-start|p1a: Sozin|protosynthesisspe
|move|p2a: Gregory|Leech Seed|p1a: Sozin|[miss]
|-miss|p2a: Gregory|p1a: Sozin
|
|-weather|SunnyDay|[upkeep]
|upkeep
|turn|15
|
|t:|1769393568
|move|p1a: Sozin|Flamethrower|p2a: Gregory
|-supereffective|p2a: Gregory
|-damage|p2a: Gregory|45/100
|move|p2a: Gregory|Dragon Tail|p1a: Sozin|[miss]
|-miss|p2a: Gregory|p1a: Sozin
|
|-weather|SunnyDay|[upkeep]
|upkeep
|turn|16
|
|t:|1769393591
|move|p1a: Sozin|Flamethrower|p2a: Gregory
|-supereffective|p2a: Gregory
|-damage|p2a: Gregory|0 fnt
|faint|p2a: Gregory
|
|-weather|SunnyDay|[upkeep]
|upkeep
|
|t:|1769393628
|switch|p2a: Just a Lil guy|Breloom, M|100/100
|-damage|p2a: Just a Lil guy|94/100|[from] Stealth Rock
|turn|17
|
|t:|1769393637
|move|p1a: Sozin|Flamethrower|p2a: Just a Lil guy
|-supereffective|p2a: Just a Lil guy
|-damage|p2a: Just a Lil guy|0 fnt
|faint|p2a: Just a Lil guy
|
|-weather|SunnyDay|[upkeep]
|-sideend|p1: Raichudvd13|move: Aurora Veil
|upkeep
|
|t:|1769393649
|switch|p2a: big guy|Skeledirge, M, shiny|100/100
|turn|18
|
|t:|1769393670
|-end|p1a: Sozin|Protosynthesis|[silent]
|switch|p1a: Edgar|Corviknight, M, tera:Flying|58/100 brn
|-ability|p1a: Edgar|Pressure
|move|p2a: big guy|Will-O-Wisp|p1a: Edgar
|-fail|p1a: Edgar|brn
|
|-weather|none
|-damage|p1a: Edgar|52/100 brn|[from] brn
|upkeep
|turn|19
|
|t:|1769393684
|move|p1a: Edgar|Brave Bird|p2a: big guy
|-damage|p2a: big guy|86/100
|-damage|p1a: Edgar|48/100 brn|[from] Recoil
|move|p2a: big guy|Torch Song|p1a: Edgar
|-damage|p1a: Edgar|19/100 brn
|-boost|p2a: big guy|spa|1
|
|-damage|p1a: Edgar|13/100 brn|[from] brn
|upkeep
|turn|20
|
|t:|1769393702
|move|p1a: Edgar|Brave Bird|p2a: big guy
|-damage|p2a: big guy|72/100
|-damage|p1a: Edgar|8/100 brn|[from] Recoil
|move|p2a: big guy|Torch Song|p1a: Edgar
|-damage|p1a: Edgar|0 fnt
|-boost|p2a: big guy|spa|1
|faint|p1a: Edgar
|
|upkeep
|
|t:|1769393715
|switch|p1a: Mr. Fridge|Rotom-Frost, shiny|100/100
|turn|21
|
|t:|1769393727
|move|p1a: Mr. Fridge|Shadow Ball|p2a: big guy
|-supereffective|p2a: big guy
|-damage|p2a: big guy|10/100
|-damage|p1a: Mr. Fridge|91/100|[from] item: Life Orb
|move|p2a: big guy|Torch Song|p1a: Mr. Fridge
|-supereffective|p1a: Mr. Fridge
|-damage|p1a: Mr. Fridge|0 fnt
|-boost|p2a: big guy|spa|1
|faint|p1a: Mr. Fridge
|
|upkeep
|
|t:|1769393737
|switch|p1a: Ahri|Ninetales-Alola, F, shiny|54/100
|-weather|Snowscape|[from] ability: Snow Warning|[of] p1a: Ahri
|turn|22
|
|t:|1769393744
|move|p1a: Ahri|Blizzard|p2a: big guy
|-resisted|p2a: big guy
|-damage|p2a: big guy|0 fnt
|faint|p2a: big guy
|
|-weather|Snowscape|[upkeep]
|upkeep
|
|t:|1769393750
|switch|p2a: Aliado|Hydrapple, F|89/100 frz
|-damage|p2a: Aliado|76/100 frz|[from] Stealth Rock
|turn|23
|
|t:|1769393762
|move|p1a: Ahri|Blizzard|p2a: Aliado
|-supereffective|p2a: Aliado
|-damage|p2a: Aliado|0 fnt
|faint|p2a: Aliado
|
|win|Raichudvd13
