|j|☆Princemonkey
|j|☆SpDy Test
|t:|1769353834
|gametype|singles
|player|p1|Princemonkey|266|1271
|player|p2|SpDy Test|unknown|1306
|gen|9
|tier|[Gen 9] OU
|rated|
|rule|HP Percentage Mod: HP is shown in percentages
|rule|Endless Battle Clause: Forcing endless battles is banned
|rule|Species Clause: Limit one of each Pokémon
|rule|OHKO Clause: OHKO moves are banned
|rule|Evasion Items Clause: Evasion items are banned
|rule|Evasion Moves Clause: Evasion moves are banned
|rule|Evasion Abilities Clause: Evasion abilities are banned
|rule|Sleep Moves Clause: Sleep-inducing moves are banned
|clearpoke
|poke|p1|Alomomola, M|
|poke|p1|Tyranitar, M|
|poke|p1|Hydrapple, M|
|poke|p1|Garganacl, M|
|poke|p1|Enamorus, F|
|poke|p1|Excadrill, M|
|poke|p2|Gholdengo|
|poke|p2|Mienshao, F|
|poke|p2|Glimmora, F|
|poke|p2|Dragonite, F|
|poke|p2|Alomomola, M|
|poke|p2|Clefable, F|
|teampreview
|inactive|Battle timer is ON: inactive players will automatically lose when time's up. (requested by SpDy Test)
|
|t:|1769353842
|teamsize|p1|6
|teamsize|p2|6
|start
|switch|p1a: Tyranitar|Tyranitar, M|100/100
|switch|p2a: Mienshao|Mienshao, F|100/100
|-weather|Sandstorm|[from] ability: Sand Stream|[of] p1a: Tyranitar
|turn|1
|
|t:|1769353858
|switch|p1a: Alomomola|Alomomola, M|100/100
|move|p2a: Mienshao|Knock Off|p1a: Alomomola
|-damage|p1a: Alomomola|80/100
|-enditem|p1a: Alomomola|Assault Vest|[from] move: Knock Off|[of] p2a: Mienshao
|
|-weather|Sandstorm|[upkeep]
|-damage|p2a: Mienshao|95/100|[from] Sandstorm
|-damage|p1a: Alomomola|74/100|[from] Sandstorm
|upkeep
|turn|2
|
|t:|1769353863
|move|p2a: Mienshao|Trailblaze|p1a: Alomomola
|-supereffective|p1a: Alomomola
|-damage|p1a: Alomomola|53/100
|-boost|p2a: Mienshao|spe|1
|move|p1a: Alomomola|Flip Turn|p2a: Mienshao
|-damage|p2a: Mienshao|64/100
|
|t:|1769353881
|switch|p1a: Excadrill|Excadrill, M|100/100|[from] Flip Turn
|
|-weather|Sandstorm|[upkeep]
|-damage|p2a: Mienshao|58/100|[from] Sandstorm
|upkeep
|turn|3
|
|t:|1769353885
|move|p1a: Excadrill|Earthquake|p2a: Mienshao
|-damage|p2a: Mienshao|0 fnt
|faint|p2a: Mienshao
|
|-weather|Sandstorm|[upkeep]
|upkeep
|
|t:|1769353892
|switch|p2a: Alomomola|Alomomola, M|100/100
|turn|4
|
|t:|1769353899
|move|p1a: Excadrill|Substitute|p1a: Excadrill
|-start|p1a: Excadrill|Substitute
|-damage|p1a: Excadrill|76/100
|move|p2a: Alomomola|Scald|p1a: Excadrill
|-supereffective|p1a: Excadrill
|-end|p1a: Excadrill|Substitute
|
|-weather|Sandstorm|[upkeep]
|-damage|p2a: Alomomola|94/100|[from] Sandstorm
|-heal|p1a: Excadrill|82/100|[from] item: Leftovers
|upkeep
|turn|5
|
|t:|1769353910
|switch|p1a: Hydrapple|Hydrapple, M|100/100
|move|p2a: Alomomola|Ice Beam|p1a: Hydrapple
|-supereffective|p1a: Hydrapple
|-damage|p1a: Hydrapple|57/100
|
|-weather|none
|upkeep
|turn|6
|
|t:|1769353919
|move|p2a: Alomomola|Ice Beam|p1a: Hydrapple
|-supereffective|p1a: Hydrapple
|-crit|p1a: Hydrapple
|-damage|p1a: Hydrapple|0 fnt
|faint|p1a: Hydrapple
|
|upkeep
|
|t:|1769353926
|switch|p1a: Tyranitar|Tyranitar, M|100/100
|-weather|Sandstorm|[from] ability: Sand Stream|[of] p1a: Tyranitar
|turn|7
|
|t:|1769353929
|move|p1a: Tyranitar|Stone Edge|p2a: Alomomola|[miss]
|-miss|p1a: Tyranitar|p2a: Alomomola
|move|p2a: Alomomola|Flip Turn|p1a: Tyranitar
|-supereffective|p1a: Tyranitar
|-damage|p1a: Tyranitar|72/100
|
|t:|1769353939
|switch|p2a: Clefable|Clefable, F|100/100|[from] Flip Turn
|
|-weather|Sandstorm|[upkeep]
|-damage|p2a: Clefable|94/100|[from] Sandstorm
|upkeep
|turn|8
|
|t:|1769353942
|move|p2a: Clefable|Trick|p1a: Tyranitar
|-activate|p2a: Clefable|move: Trick|[of] p1a: Tyranitar
|-item|p1a: Tyranitar|Choice Scarf|[from] move: Trick
|-item|p2a: Clefable|Choice Band|[from] move: Trick
|move|p1a: Tyranitar|Stone Edge|p2a: Clefable
|-damage|p2a: Clefable|21/100
|
|-weather|Sandstorm|[upkeep]
|-damage|p2a: Clefable|15/100|[from] Sandstorm
|upkeep
|turn|9
|
|t:|1769353951
|switch|p2a: Gholdengo|Gholdengo|100/100
|move|p1a: Tyranitar|Stone Edge|p2a: Gholdengo
|-resisted|p2a: Gholdengo
|-damage|p2a: Gholdengo|65/100
|
|-weather|Sandstorm|[upkeep]
|upkeep
|turn|10
|
|t:|1769353960
|switch|p1a: Alomomola|Alomomola, M|86/100
|move|p2a: Gholdengo|Make It Rain|p1a: Alomomola
|-resisted|p1a: Alomomola
|-damage|p1a: Alomomola|41/100
|-unboost|p2a: Gholdengo|spa|1
|
|-weather|Sandstorm|[upkeep]
|-damage|p1a: Alomomola|35/100|[from] Sandstorm
|upkeep
|turn|11
|
|t:|1769353967
|move|p2a: Gholdengo|Make It Rain|p1a: Alomomola
|-resisted|p1a: Alomomola
|-damage|p1a: Alomomola|6/100
|-unboost|p2a: Gholdengo|spa|1
|move|p1a: Alomomola|Mirror Coat|p2a: Gholdengo
|-damage|p2a: Gholdengo|0 fnt
|faint|p2a: Gholdengo
|
|-weather|none
|upkeep
|
|t:|1769353973
|switch|p2a: Dragonite|Dragonite, F|100/100
|turn|12
|
|t:|1769353984
|move|p2a: Dragonite|Dragon Dance|p2a: Dragonite
|-boost|p2a: Dragonite|atk|1
|-boost|p2a: Dragonite|spe|1
|move|p1a: Alomomola|Flip Turn|p2a: Dragonite
|-resisted|p2a: Dragonite
|-damage|p2a: Dragonite|95/100
|
|t:|1769354001
|switch|p1a: Enamorus|Enamorus, F|100/100|[from] Flip Turn
|
|upkeep
|turn|13
|
|t:|1769354012
|move|p1a: Enamorus|Healing Wish|p1a: Enamorus
|faint|p1a: Enamorus
|move|p2a: Dragonite|Iron Head|p1: Enamorus|[notarget]
|-fail|p2a: Dragonite
|
|upkeep
|c|☆Princemonkey|well that was a mis-click
|inactive|Princemonkey has 120 seconds left.
|-message|Princemonkey forfeited.
|
|win|SpDy Test
|raw|Princemonkey's rating: 1271 &rarr; <strong>1249</strong><br />(-22 for losing)
|raw|SpDy Test's rating: 1306 &rarr; <strong>1324</strong><br />(+18 for winning)
|l|☆Princemonkey
|player|p1|
|l|☆SpDy Test
|player|p2|
