|j|☆aver_stall_enjoyer
|j|☆OP Sand
|t:|1769314571
|gametype|singles
|player|p1|aver_stall_enjoyer|dawn|1608
|player|p2|OP Sand|giovanni-masters|1656
|gen|9
|tier|[Gen 9] OU
|rated|
|rule|HP Percentage Mod: HP is shown in percentages
|rule|Endless Battle Clause: Forcing endless battles is banned
|rule|Species Clause: Limit one of each Pokémon
|rule|OHKO Clause: OHKO moves are banned
|rule|Evasion Items Clause: Evasion items are banned
|rule|Evasion Moves Clause: Evasion moves are banned
|rule|Evasion Abilities Clause: Evasion abilities are banned
|rule|Sleep Moves Clause: Sleep-inducing moves are banned
|clearpoke
|poke|p1|Dondozo, M|
|poke|p1|Blissey, F|
|poke|p1|Corviknight, F|
|poke|p1|Gliscor, F|
|poke|p1|Kingambit, M|
|poke|p1|Garganacl, F|
|poke|p2|Excadrill, M|
|poke|p2|Tyranitar, F|
|poke|p2|Kyurem|
|poke|p2|Hawlucha, M|
|poke|p2|Pawmot, M|
|poke|p2|Leavanny, F|
|teampreview
|inactive|Battle timer is ON: inactive players will automatically lose when time's up. (requested by OP Sand)
|j| zzpj
|j| ITSTANKANDXEN2
|inactive|OP Sand has 120 seconds left.
|j| Noamm
|inactive|OP Sand has 90 seconds left.
|
|t:|1769314636
|teamsize|p1|6
|teamsize|p2|6
|start
|switch|p1a: Corviknight|Corviknight, F|100/100
|switch|p2a: Itachi|Hawlucha, M, shiny|100/100
|-ability|p2a: Itachi|Mold Breaker
|-ability|p1a: Corviknight|Pressure
|turn|1
|
|t:|1769314651
|move|p2a: Itachi|Close Combat|p1a: Corviknight
|-damage|p1a: Corviknight|72/100
|-unboost|p2a: Itachi|def|1
|-unboost|p2a: Itachi|spd|1
|-damage|p2a: Itachi|84/100|[from] item: Rocky Helmet|[of] p1a: Corviknight
|move|p1a: Corviknight|Body Press|p2a: Itachi
|-resisted|p2a: Itachi
|-damage|p2a: Itachi|55/100
|-enditem|p2a: Itachi|Red Card|[of] p1a: Corviknight
|drag|p1a: Gliscor|Gliscor, F|100/100
|
|-status|p1a: Gliscor|tox|[from] item: Toxic Orb
|upkeep
|turn|2
|
|t:|1769314667
|switch|p2a: The sandstorm|Tyranitar, F, shiny|100/100
|-weather|Sandstorm|[from] ability: Sand Stream|[of] p2a: The sandstorm
|switch|p1a: Corviknight|Corviknight, F|72/100
|-ability|p1a: Corviknight|Pressure
|
|-weather|Sandstorm|[upkeep]
|upkeep
|turn|3
|
|t:|1769314673
|move|p1a: Corviknight|Body Press|p2a: The sandstorm
|-supereffective|p2a: The sandstorm
|-damage|p2a: The sandstorm|23/100
|move|p2a: The sandstorm|Thunder Wave|p1a: Corviknight|[miss]
|-miss|p2a: The sandstorm|p1a: Corviknight
|
|-weather|Sandstorm|[upkeep]
|upkeep
|turn|4
|
|t:|1769314684
|switch|p2a: Leavanny|Leavanny, F|100/100
|move|p1a: Corviknight|Body Press|p2a: Leavanny
|-resisted|p2a: Leavanny
|-damage|p2a: Leavanny|81/100
|
|-weather|Sandstorm|[upkeep]
|upkeep
|turn|5
|
|t:|1769314688
|move|p2a: Leavanny|Knock Off|p1a: Corviknight
|-damage|p1a: Corviknight|54/100
|-damage|p2a: Leavanny|64/100|[from] item: Rocky Helmet|[of] p1a: Corviknight
|-enditem|p1a: Corviknight|Rocky Helmet|[from] move: Knock Off|[of] p2a: Leavanny
|move|p1a: Corviknight|Roost|p1a: Corviknight
|-heal|p1a: Corviknight|100/100
|-singleturn|p1a: Corviknight|move: Roost
|
|-weather|Sandstorm|[upkeep]
|upkeep
|turn|6
|
|t:|1769314699
|switch|p2a: Itachi|Hawlucha, M, shiny|55/100
|-ability|p2a: Itachi|Mold Breaker
|move|p1a: Corviknight|Iron Defense|p1a: Corviknight
|-boost|p1a: Corviknight|def|2
|
|-weather|Sandstorm|[upkeep]
|-damage|p2a: Itachi|49/100|[from] Sandstorm
|upkeep
|turn|7
|
|t:|1769314702
|move|p2a: Itachi|Encore|p1a: Corviknight
|-start|p1a: Corviknight|Encore
|move|p1a: Corviknight|Iron Defense|p1a: Corviknight
|-boost|p1a: Corviknight|def|2
|
|-weather|Sandstorm|[upkeep]
|-damage|p2a: Itachi|43/100|[from] Sandstorm
|upkeep
|turn|8
|
|t:|1769314705
|switch|p2a: Frieza|Kyurem, shiny|100/100
|-ability|p2a: Frieza|Pressure
|move|p1a: Corviknight|Iron Defense|p1a: Corviknight
|-boost|p1a: Corviknight|def|2
|
|-weather|Sandstorm|[upkeep]
|-damage|p2a: Frieza|94/100|[from] Sandstorm
|upkeep
|turn|9
|
|t:|1769314713
|switch|p1a: Joseph Stallin|Blissey, F|100/100
|move|p2a: Frieza|Freeze-Dry|p1a: Joseph Stallin
|-damage|p1a: Joseph Stallin|89/100
|
|-weather|none
|upkeep
|turn|10
|
|t:|1769314718
|move|p2a: Frieza|Freeze-Dry|p1a: Joseph Stallin
|-damage|p1a: Joseph Stallin|78/100
|-status|p1a: Joseph Stallin|frz
|cant|p1a: Joseph Stallin|frz
|
|upkeep
|turn|11
|
|t:|1769314724
|-curestatus|p1a: Joseph Stallin|frz|[from] ability: Natural Cure
|switch|p1a: Garganacl|Garganacl, F|100/100
|move|p2a: Frieza|Freeze-Dry|p1a: Garganacl
|-damage|p1a: Garganacl|74/100
|
|-heal|p1a: Garganacl|80/100|[from] item: Leftovers
|upkeep
|turn|12
|
|t:|1769314727
|move|p2a: Frieza|Earth Power|p1a: Garganacl
|-supereffective|p1a: Garganacl
|-damage|p1a: Garganacl|29/100
|move|p1a: Garganacl|Salt Cure|p2a: Frieza
|-supereffective|p2a: Frieza
|-damage|p2a: Frieza|68/100
|-start|p2a: Frieza|Salt Cure
|
|-heal|p1a: Garganacl|36/100|[from] item: Leftovers
|-damage|p2a: Frieza|56/100|[from] Salt Cure
|upkeep
|turn|13
|
|t:|1769314740
|switch|p2a: OP|Excadrill, M|100/100
|move|p1a: Garganacl|Protect||[still]
|-fail|p1a: Garganacl
|
|-heal|p1a: Garganacl|42/100|[from] item: Leftovers
|upkeep
|turn|14
|
|t:|1769314745
|switch|p1a: Corviknight|Corviknight, F|100/100
|-ability|p1a: Corviknight|Pressure
|-terastallize|p2a: OP|Fire
|move|p2a: OP|Tera Blast|p1a: Corviknight|[anim] Tera Blast Fire
|-supereffective|p1a: Corviknight
|-damage|p1a: Corviknight|17/100
|
|upkeep
|turn|15
|
|t:|1769314749
|switch|p1a: Dondozo|Dondozo, M|100/100
|move|p2a: OP|Tera Blast|p1a: Dondozo|[anim] Tera Blast Fire
|-resisted|p1a: Dondozo
|-crit|p1a: Dondozo
|-damage|p1a: Dondozo|75/100
|
|upkeep
|turn|16
|
|t:|1769314751
|switch|p2a: Frieza|Kyurem, shiny|56/100
|-ability|p2a: Frieza|Pressure
|move|p1a: Dondozo|Body Press|p2a: Frieza
|-supereffective|p2a: Frieza
|-damage|p2a: Frieza|3/100
|
|upkeep
|turn|17
|
|t:|1769314757
|switch|p1a: Joseph Stallin|Blissey, F|78/100
|move|p2a: Frieza|Endeavor|p1a: Joseph Stallin
|-damage|p1a: Joseph Stallin|2/100
|
|upkeep
|turn|18
|j| official pork
|
|t:|1769314765
|move|p2a: Frieza|Freeze-Dry|p1a: Joseph Stallin
|-damage|p1a: Joseph Stallin|0 fnt
|faint|p1a: Joseph Stallin
|
|upkeep
|
|t:|1769314768
|switch|p1a: Kingambit|Kingambit, M|100/100
|-activate|p1a: Kingambit|ability: Supreme Overlord
|-start|p1a: Kingambit|fallen1|[silent]
|turn|19
|
|t:|1769314791
|switch|p2a: The sandstorm|Tyranitar, F, shiny|23/100
|-weather|Sandstorm|[from] ability: Sand Stream|[of] p2a: The sandstorm
|move|p1a: Kingambit|Kowtow Cleave|p2a: The sandstorm
|-resisted|p2a: The sandstorm
|-damage|p2a: The sandstorm|3/100
|
|-weather|Sandstorm|[upkeep]
|upkeep
|turn|20
|
|t:|1769314806
|-end|p1a: Kingambit|fallen1|[silent]
|switch|p1a: Dondozo|Dondozo, M|75/100
|move|p2a: The sandstorm|Stealth Rock|p1a: Dondozo
|-sidestart|p1: aver_stall_enjoyer|move: Stealth Rock
|
|-weather|Sandstorm|[upkeep]
|-damage|p1a: Dondozo|69/100|[from] Sandstorm
|upkeep
|turn|21
|
|t:|1769314811
|move|p2a: The sandstorm|Thunder Wave|p1a: Dondozo
|-status|p1a: Dondozo|par
|move|p1a: Dondozo|Body Press|p2a: The sandstorm
|-supereffective|p2a: The sandstorm
|-damage|p2a: The sandstorm|0 fnt
|faint|p2a: The sandstorm
|
|-weather|Sandstorm|[upkeep]
|-damage|p1a: Dondozo|63/100 par|[from] Sandstorm
|upkeep
|
|t:|1769314816
|switch|p2a: Frieza|Kyurem, shiny|3/100
|-ability|p2a: Frieza|Pressure
|turn|22
|
|t:|1769314821
|switch|p1a: Corviknight|Corviknight, F|17/100
|-damage|p1a: Corviknight|5/100|[from] Stealth Rock
|-ability|p1a: Corviknight|Pressure
|move|p2a: Frieza|Endeavor|p1a: Corviknight
|-damage|p1a: Corviknight|3/100
|
|-weather|Sandstorm|[upkeep]
|-damage|p2a: Frieza|0 fnt|[from] Sandstorm
|faint|p2a: Frieza
|upkeep
|inactive|OP Sand has 120 seconds left.
|
|t:|1769314871
|switch|p2a: OP|Excadrill, M, tera:Fire|100/100
|turn|23
|
|t:|1769314875
|move|p2a: OP|Tera Blast|p1a: Corviknight|[anim] Tera Blast Fire
|-supereffective|p1a: Corviknight
|-damage|p1a: Corviknight|0 fnt
|faint|p1a: Corviknight
|
|-weather|Sandstorm|[upkeep]
|upkeep
|
|t:|1769314878
|switch|p1a: Dondozo|Dondozo, M|63/100 par
|turn|24
|inactive|OP Sand has 120 seconds left.
|
|t:|1769314886
|switch|p2a: Porunga|Pawmot, M|100/100
|cant|p1a: Dondozo|par
|
|-weather|Sandstorm|[upkeep]
|-damage|p2a: Porunga|95/100|[from] Sandstorm
|-damage|p1a: Dondozo|57/100 par|[from] Sandstorm
|upkeep
|turn|25
|
|t:|1769314891
|move|p2a: Porunga|Revival Blessing|p2a: Porunga
|-enditem|p2a: Porunga|Leppa Berry|[eat]
|-activate|p2a: Porunga|item: Leppa Berry|Revival Blessing|[consumed]
|
|t:|1769314895
|-heal|p2: Frieza|50/100|[from] move: Revival Blessing
|move|p1a: Dondozo|Rest|p1a: Dondozo
|-status|p1a: Dondozo|slp|[from] move: Rest
|-heal|p1a: Dondozo|100/100 slp|[silent]
|
|-weather|Sandstorm|[upkeep]
|-damage|p2a: Porunga|89/100|[from] Sandstorm
|-damage|p1a: Dondozo|94/100 slp|[from] Sandstorm
|upkeep
|turn|26
|
|t:|1769314902
|switch|p2a: Frieza|Kyurem, shiny|50/100
|-ability|p2a: Frieza|Pressure
|cant|p1a: Dondozo|slp
|move|p1a: Dondozo|Sleep Talk|p1a: Dondozo
|move|p1a: Dondozo|Body Press|p2a: Frieza|[from] move: Sleep Talk
|-supereffective|p2a: Frieza
|-damage|p2a: Frieza|0 fnt
|faint|p2a: Frieza
|
|-weather|none
|upkeep
|
|t:|1769314911
|switch|p2a: Porunga|Pawmot, M|89/100
|turn|27
|
|t:|1769314914
|switch|p1a: Gliscor|Gliscor, F|100/100 tox
|-damage|p1a: Gliscor|88/100 tox|[from] Stealth Rock
|move|p2a: Porunga|Revival Blessing|p2a: Porunga
|
|t:|1769314921
|-heal|p2: Frieza|50/100|[from] move: Revival Blessing
|
|-heal|p1a: Gliscor|100/100 tox|[from] ability: Poison Heal
|upkeep
|turn|28
|
|t:|1769314927
|switch|p2a: Itachi|Hawlucha, M, shiny|43/100
|-ability|p2a: Itachi|Mold Breaker
|move|p1a: Gliscor|Spikes|p2a: Itachi
|-sidestart|p2: OP Sand|Spikes
|
|upkeep
|turn|29
|
|t:|1769314937
|move|p2a: Itachi|Encore|p1a: Gliscor
|-start|p1a: Gliscor|Encore
|move|p1a: Gliscor|Spikes|p2a: Itachi
|-sidestart|p2: OP Sand|Spikes
|
|upkeep
|turn|30
|
|t:|1769314942
|move|p2a: Itachi|Brave Bird|p1a: Gliscor
|-damage|p1a: Gliscor|58/100 tox
|-damage|p2a: Itachi|26/100|[from] Recoil
|move|p1a: Gliscor|Spikes|p2a: Itachi
|-sidestart|p2: OP Sand|Spikes
|
|-heal|p1a: Gliscor|70/100 tox|[from] ability: Poison Heal
|upkeep
|turn|31
|
|t:|1769314951
|switch|p1a: Garganacl|Garganacl, F|42/100
|-damage|p1a: Garganacl|29/100|[from] Stealth Rock
|move|p2a: Itachi|Defog|p1a: Garganacl
|-unboost|p1a: Garganacl|evasion|1
|-sideend|p1: aver_stall_enjoyer|Stealth Rock|[from] move: Defog|[of] p2a: Itachi
|-sideend|p2: OP Sand|Spikes|[from] move: Defog|[of] p2a: Itachi
|
|-heal|p1a: Garganacl|36/100|[from] item: Leftovers
|upkeep
|turn|32
|
|t:|1769314961
|move|p2a: Itachi|Close Combat|p1a: Garganacl
|-supereffective|p1a: Garganacl
|-damage|p1a: Garganacl|0 fnt
|-unboost|p2a: Itachi|def|1
|-unboost|p2a: Itachi|spd|1
|faint|p1a: Garganacl
|
|upkeep
|
|t:|1769314966
|switch|p1a: Kingambit|Kingambit, M|100/100
|-activate|p1a: Kingambit|ability: Supreme Overlord
|-start|p1a: Kingambit|fallen3|[silent]
|turn|33
|
|t:|1769314976
|switch|p2a: Porunga|Pawmot, M|89/100
|move|p1a: Kingambit|Sucker Punch||[still]
|-fail|p1a: Kingambit
|
|upkeep
|turn|34
|
|t:|1769314988
|-end|p1a: Kingambit|fallen3|[silent]
|switch|p1a: Gliscor|Gliscor, F|70/100 tox
|move|p2a: Porunga|Rest|p2a: Porunga
|-status|p2a: Porunga|slp|[from] move: Rest
|-heal|p2a: Porunga|100/100 slp|[silent]
|
|-heal|p1a: Gliscor|83/100 tox|[from] ability: Poison Heal
|upkeep
|turn|35
|
|t:|1769314992
|switch|p2a: Frieza|Kyurem, shiny|50/100
|-ability|p2a: Frieza|Pressure
|move|p1a: Gliscor|Spikes|p2a: Frieza
|-sidestart|p2: OP Sand|Spikes
|
|-heal|p1a: Gliscor|95/100 tox|[from] ability: Poison Heal
|upkeep
|turn|36
|
|t:|1769314996
|move|p1a: Gliscor|Protect|p1a: Gliscor
|-singleturn|p1a: Gliscor|Protect
|move|p2a: Frieza|Freeze-Dry|p1a: Gliscor
|-activate|p1a: Gliscor|move: Protect
|
|-heal|p1a: Gliscor|100/100 tox|[from] ability: Poison Heal
|upkeep
|turn|37
|
|t:|1769315009
|switch|p1a: Kingambit|Kingambit, M|100/100
|-activate|p1a: Kingambit|ability: Supreme Overlord
|-start|p1a: Kingambit|fallen3|[silent]
|move|p2a: Frieza|Freeze-Dry|p1a: Kingambit
|-resisted|p1a: Kingambit
|-damage|p1a: Kingambit|79/100
|
|-heal|p1a: Kingambit|85/100|[from] item: Leftovers
|upkeep
|turn|38
|
|t:|1769315021
|switch|p2a: Itachi|Hawlucha, M, shiny|26/100
|-ability|p2a: Itachi|Mold Breaker
|-terastallize|p1a: Kingambit|Ghost
|move|p1a: Kingambit|Swords Dance|p1a: Kingambit
|-boost|p1a: Kingambit|atk|2
|
|-heal|p1a: Kingambit|91/100|[from] item: Leftovers
|upkeep
|turn|39
|
|t:|1769315028
|-end|p1a: Kingambit|fallen3|[silent]
|switch|p1a: Gliscor|Gliscor, F|100/100 tox
|move|p2a: Itachi|Encore||[still]
|-fail|p2a: Itachi
|
|upkeep
|turn|40
|
|t:|1769315034
|move|p2a: Itachi|Defog|p1a: Gliscor
|-unboost|p1a: Gliscor|evasion|1
|-sideend|p2: OP Sand|Spikes|[from] move: Defog|[of] p2a: Itachi
|move|p1a: Gliscor|Knock Off|p2a: Itachi
|-resisted|p2a: Itachi
|-crit|p2a: Itachi
|-damage|p2a: Itachi|11/100
|
|upkeep
|turn|41
|
|t:|1769315042
|switch|p2a: Frieza|Kyurem, shiny|50/100
|-ability|p2a: Frieza|Pressure
|move|p1a: Gliscor|Knock Off|p2a: Frieza
|-damage|p2a: Frieza|31/100
|-enditem|p2a: Frieza|Expert Belt|[from] move: Knock Off|[of] p1a: Gliscor
|
|upkeep
|turn|42
|
|t:|1769315049
|switch|p1a: Kingambit|Kingambit, M, tera:Ghost|91/100
|-activate|p1a: Kingambit|ability: Supreme Overlord
|-start|p1a: Kingambit|fallen3|[silent]
|move|p2a: Frieza|Freeze-Dry|p1a: Kingambit
|-damage|p1a: Kingambit|49/100
|
|-heal|p1a: Kingambit|55/100|[from] item: Leftovers
|upkeep
|turn|43
|
|t:|1769315054
|move|p2a: Frieza|Shadow Ball|p1a: Kingambit
|-supereffective|p1a: Kingambit
|-damage|p1a: Kingambit|0 fnt
|faint|p1a: Kingambit
|-end|p1a: Kingambit|fallen3|[silent]
|
|upkeep
|
|t:|1769315057
|switch|p1a: Dondozo|Dondozo, M|94/100 slp
|turn|44
|
|t:|1769315064
|move|p2a: Frieza|Freeze-Dry|p1a: Dondozo
|-supereffective|p1a: Dondozo
|-damage|p1a: Dondozo|12/100 slp
|cant|p1a: Dondozo|slp
|move|p1a: Dondozo|Sleep Talk|p1a: Dondozo
|move|p1a: Dondozo|Body Press|p2a: Frieza|[from] move: Sleep Talk
|-supereffective|p2a: Frieza
|-damage|p2a: Frieza|0 fnt
|faint|p2a: Frieza
|
|upkeep
|
|t:|1769315072
|switch|p2a: Itachi|Hawlucha, M, shiny|11/100
|-ability|p2a: Itachi|Mold Breaker
|turn|45
|
|t:|1769315074
|move|p2a: Itachi|Brave Bird|p1a: Dondozo
|-damage|p1a: Dondozo|0 fnt
|faint|p1a: Dondozo
|-damage|p2a: Itachi|5/100|[from] Recoil
|
|upkeep
|
|t:|1769315076
|switch|p1a: Gliscor|Gliscor, F|100/100 tox
|turn|46
|
|t:|1769315083
|move|p2a: Itachi|Brave Bird|p1a: Gliscor
|-crit|p1a: Gliscor
|-damage|p1a: Gliscor|38/100 tox
|-damage|p2a: Itachi|0 fnt|[from] Recoil
|faint|p2a: Itachi
|move|p1a: Gliscor|Knock Off|p2: Itachi|[notarget]
|-fail|p1a: Gliscor
|
|-heal|p1a: Gliscor|50/100 tox|[from] ability: Poison Heal
|upkeep
|
|t:|1769315087
|switch|p2a: Leavanny|Leavanny, F|64/100
|turn|47
|
|t:|1769315091
|move|p1a: Gliscor|Protect|p1a: Gliscor
|-singleturn|p1a: Gliscor|Protect
|move|p2a: Leavanny|Switcheroo|p1a: Gliscor
|-activate|p1a: Gliscor|move: Protect
|
|-heal|p1a: Gliscor|63/100 tox|[from] ability: Poison Heal
|upkeep
|turn|48
|
|t:|1769315096
|move|p2a: Leavanny|Switcheroo|p1a: Gliscor
|-activate|p2a: Leavanny|move: Trick|[of] p1a: Gliscor
|-item|p1a: Gliscor|Choice Scarf|[from] move: Switcheroo
|-item|p2a: Leavanny|Toxic Orb|[from] move: Switcheroo
|move|p1a: Gliscor|Knock Off|p2a: Leavanny
|-damage|p2a: Leavanny|33/100
|-enditem|p2a: Leavanny|Toxic Orb|[from] move: Knock Off|[of] p1a: Gliscor
|
|-heal|p1a: Gliscor|75/100 tox|[from] ability: Poison Heal
|upkeep
|turn|49
|
|t:|1769315112
|switch|p2a: Porunga|Pawmot, M|100/100 slp
|move|p1a: Gliscor|Knock Off|p2a: Porunga
|-resisted|p2a: Porunga
|-damage|p2a: Porunga|91/100 slp
|
|-heal|p1a: Gliscor|88/100 tox|[from] ability: Poison Heal
|upkeep
|turn|50
|
|t:|1769315115
|cant|p2a: Porunga|slp
|move|p2a: Porunga|Sleep Talk|p2a: Porunga
|move|p2a: Porunga|Mach Punch|p1a: Gliscor|[from] move: Sleep Talk
|-resisted|p1a: Gliscor
|-damage|p1a: Gliscor|81/100 tox
|move|p1a: Gliscor|Knock Off|p2a: Porunga
|-resisted|p2a: Porunga
|-damage|p2a: Porunga|81/100 slp
|
|-heal|p1a: Gliscor|94/100 tox|[from] ability: Poison Heal
|upkeep
|turn|51
|
|t:|1769315121
|cant|p2a: Porunga|slp
|move|p2a: Porunga|Sleep Talk|p2a: Porunga
|move|p2a: Porunga|Revival Blessing|p2a: Porunga|[from] move: Sleep Talk
|
|t:|1769315127
|-heal|p2: Frieza|50/100|[from] move: Revival Blessing
|move|p1a: Gliscor|Knock Off|p2a: Porunga
|-resisted|p2a: Porunga
|-damage|p2a: Porunga|71/100 slp
|
|-heal|p1a: Gliscor|100/100 tox|[from] ability: Poison Heal
|upkeep
|turn|52
|-message|aver_stall_enjoyer forfeited.
|
|win|OP Sand
|raw|aver_stall_enjoyer's rating: 1608 &rarr; <strong>1591</strong><br />(-17 for losing)
|raw|OP Sand's rating: 1656 &rarr; <strong>1673</strong><br />(+17 for winning)
|l|☆aver_stall_enjoyer
|player|p1|
