|j|☆chibi tanjiro
|j|☆waha8
|t:|1769406788
|gametype|singles
|player|p1|chibi tanjiro|101|1575
|player|p2|waha8|265|1522
|gen|9
|tier|[Gen 9] OU
|rated|
|rule|HP Percentage Mod: HP is shown in percentages
|rule|Endless Battle Clause: Forcing endless battles is banned
|rule|Species Clause: Limit one of each Pokémon
|rule|OHKO Clause: OHKO moves are banned
|rule|Evasion Items Clause: Evasion items are banned
|rule|Evasion Moves Clause: Evasion moves are banned
|rule|Evasion Abilities Clause: Evasion abilities are banned
|rule|Sleep Moves Clause: Sleep-inducing moves are banned
|clearpoke
|poke|p1|Goodra-Hisui, F|
|poke|p1|Brambleghast, F|
|poke|p1|Landorus-Therian, M|
|poke|p1|Darkrai|
|poke|p1|Alomomola, M|
|poke|p1|Scream Tail|
|poke|p2|Torkoal, M|
|poke|p2|Blaziken, F|
|poke|p2|Walking Wake|
|poke|p2|Slowking-Galar, F|
|poke|p2|Cinderace, F|
|poke|p2|Indeedee, M|
|teampreview
|
|t:|1769406796
|teamsize|p1|6
|teamsize|p2|6
|start
|switch|p1a: Goodra|Goodra-Hisui, F|100/100
|switch|p2a: ReverseUNO|Cinderace, F|100/100
|turn|1
|
|t:|1769406800
|move|p2a: ReverseUNO|Pyro Ball|p1a: Goodra
|-damage|p1a: Goodra|45/100
|move|p1a: Goodra|Knock Off|p2a: ReverseUNO
|-damage|p2a: ReverseUNO|71/100
|-enditem|p2a: ReverseUNO|Heavy-Duty Boots|[from] move: Knock Off|[of] p1a: Goodra
|
|upkeep
|turn|2
|
|t:|1769406808
|switch|p1a: Alomomola|Alomomola, M|100/100
|move|p2a: ReverseUNO|Pyro Ball|p1a: Alomomola
|-resisted|p1a: Alomomola
|-damage|p1a: Alomomola|86/100
|-status|p1a: Alomomola|brn
|
|-damage|p1a: Alomomola|80/100 brn|[from] brn
|upkeep
|turn|3
|
|t:|1769406816
|move|p2a: ReverseUNO|Gunk Shot|p1a: Alomomola
|-start|p2a: ReverseUNO|typechange|Poison|[from] ability: Libero
|-damage|p1a: Alomomola|51/100 brn
|move|p1a: Alomomola|Wish|p1a: Alomomola
|
|-damage|p1a: Alomomola|45/100 brn|[from] brn
|upkeep
|turn|4
|
|t:|1769406822
|switch|p2a: DeeDee|Indeedee, M|100/100
|-fieldstart|move: Psychic Terrain|[from] ability: Psychic Surge|[of] p2a: DeeDee
|move|p1a: Alomomola|Flip Turn|p2a: DeeDee
|-damage|p2a: DeeDee|85/100
|
|t:|1769406825
|switch|p1a: Goodra|Goodra-Hisui, F|45/100|[from] Flip Turn
|
|-heal|p1a: Goodra|100/100|[from] move: Wish|[wisher] Alomomola
|upkeep
|turn|5
|
|t:|1769406833
|switch|p2a: ReverseUNO|Cinderace, F|71/100
|move|p1a: Goodra|Knock Off|p2a: ReverseUNO
|-damage|p2a: ReverseUNO|50/100
|
|upkeep
|turn|6
|
|t:|1769406843
|move|p2a: ReverseUNO|High Jump Kick|p1a: Goodra
|-start|p2a: ReverseUNO|typechange|Fighting|[from] ability: Libero
|-supereffective|p1a: Goodra
|-damage|p1a: Goodra|0 fnt
|faint|p1a: Goodra
|
|upkeep
|
|t:|1769406849
|switch|p1a: Darkrai|Darkrai|100/100
|turn|7
|
|t:|1769406857
|move|p1a: Darkrai|Dark Pulse|p2a: ReverseUNO
|-resisted|p2a: ReverseUNO
|-damage|p2a: ReverseUNO|17/100
|move|p2a: ReverseUNO|High Jump Kick|p1a: Darkrai|[miss]
|-miss|p2a: ReverseUNO|p1a: Darkrai
|-damage|p2a: ReverseUNO|0 fnt|[from] highjumpkick
|faint|p2a: ReverseUNO
|
|upkeep
|
|t:|1769406868
|switch|p2a: SunShine|Torkoal, M|100/100
|-weather|SunnyDay|[from] ability: Drought|[of] p2a: SunShine
|turn|8
|
|t:|1769406873
|move|p1a: Darkrai|Dark Pulse|p2a: SunShine
|-damage|p2a: SunShine|40/100
|move|p2a: SunShine|Stealth Rock|p1a: Darkrai
|-sidestart|p1: chibi tanjiro|move: Stealth Rock
|
|-weather|SunnyDay|[upkeep]
|upkeep
|turn|9
|
|t:|1769406878
|move|p1a: Darkrai|Dark Pulse|p2a: SunShine
|-damage|p2a: SunShine|0 fnt
|faint|p2a: SunShine
|
|-weather|SunnyDay|[upkeep]
|upkeep
|
|t:|1769406883
|switch|p2a: Ken|Blaziken, F|100/100
|turn|10
|
|t:|1769406886
|move|p1a: Darkrai|Dark Pulse|p2a: Ken
|-resisted|p2a: Ken
|-damage|p2a: Ken|67/100
|move|p2a: Ken|Focus Energy|p2a: Ken
|-start|p2a: Ken|move: Focus Energy
|
|-weather|SunnyDay|[upkeep]
|-ability|p2a: Ken|Speed Boost|boost
|-boost|p2a: Ken|spe|1
|upkeep
|turn|11
|
|t:|1769406893
|move|p1a: Darkrai|Dark Pulse|p2a: Ken
|-resisted|p2a: Ken
|-damage|p2a: Ken|29/100
|move|p2a: Ken|Overheat|p1a: Darkrai
|-crit|p1a: Darkrai
|-damage|p1a: Darkrai|0 fnt
|-unboost|p2a: Ken|spa|2
|faint|p1a: Darkrai
|
|-weather|SunnyDay|[upkeep]
|-fieldend|move: Psychic Terrain
|-ability|p2a: Ken|Speed Boost|boost
|-boost|p2a: Ken|spe|1
|upkeep
|
|t:|1769406906
|switch|p1a: Alomomola|Alomomola, M|78/100 brn
|turn|12
|
|t:|1769406911
|-terastallize|p2a: Ken|Fire
|move|p2a: Ken|Overheat|p1a: Alomomola
|-resisted|p1a: Alomomola
|-crit|p1a: Alomomola
|-damage|p1a: Alomomola|0 fnt
|-unboost|p2a: Ken|spa|2
|faint|p1a: Alomomola
|
|-weather|SunnyDay|[upkeep]
|-ability|p2a: Ken|Speed Boost|boost
|-boost|p2a: Ken|spe|1
|upkeep
|
|t:|1769406913
|switch|p1a: Brambleghast|Brambleghast, F|100/100
|turn|13
|
|t:|1769406923
|move|p1a: Brambleghast|Shadow Sneak|p2a: Ken
|-damage|p2a: Ken|1/100
|move|p2a: Ken|Overheat|p1a: Brambleghast
|-supereffective|p1a: Brambleghast
|-crit|p1a: Brambleghast
|-damage|p1a: Brambleghast|0 fnt
|-unboost|p2a: Ken|spa|2
|faint|p1a: Brambleghast
|
|-weather|SunnyDay|[upkeep]
|-ability|p2a: Ken|Speed Boost|boost
|-boost|p2a: Ken|spe|1
|upkeep
|
|t:|1769406926
|switch|p1a: Scream Tail|Scream Tail|100/100
|-activate|p1a: Scream Tail|ability: Protosynthesis
|-start|p1a: Scream Tail|protosynthesisspe
|turn|14
|
|t:|1769406935
|move|p2a: Ken|Overheat|p1a: Scream Tail
|-crit|p1a: Scream Tail
|-damage|p1a: Scream Tail|0 fnt
|faint|p1a: Scream Tail
|-end|p1a: Scream Tail|Protosynthesis|[silent]
|
|-weather|SunnyDay|[upkeep]
|-ability|p2a: Ken|Speed Boost|boost
|-boost|p2a: Ken|spe|1
|upkeep
|-message|chibi tanjiro forfeited.
|
|win|waha8
|raw|chibi tanjiro's rating: 1575 &rarr; <strong>1552</strong><br />(-23 for losing)
|raw|waha8's rating: 1522 &rarr; <strong>1545</strong><br />(+23 for winning)
|l|☆chibi tanjiro
|player|p1|
|l|☆waha8
|player|p2|
