|j|☆marcophoenixok
|j|☆Severrance.
|t:|1769327599
|gametype|singles
|player|p1|marcophoenixok|waiter|1065
|player|p2|Severrance.|crasherwake|1101
|gen|9
|tier|[Gen 9] OU
|rated|
|rule|HP Percentage Mod: HP is shown in percentages
|rule|Endless Battle Clause: Forcing endless battles is banned
|rule|Species Clause: Limit one of each Pokémon
|rule|OHKO Clause: OHKO moves are banned
|rule|Evasion Items Clause: Evasion items are banned
|rule|Evasion Moves Clause: Evasion moves are banned
|rule|Evasion Abilities Clause: Evasion abilities are banned
|rule|Sleep Moves Clause: Sleep-inducing moves are banned
|clearpoke
|poke|p1|Glimmora, F|
|poke|p1|Azumarill, M|
|poke|p1|Maushold-Four|
|poke|p1|Blaziken, M|
|poke|p1|Gliscor, M|
|poke|p1|Polteageist|
|poke|p2|Slowking, F|
|poke|p2|Salamence, M|
|poke|p2|Volbeat, M|
|poke|p2|Alomomola, F|
|poke|p2|Glimmora, F|
|poke|p2|Quagsire, F|
|teampreview
|inactive|Battle timer is ON: inactive players will automatically lose when time's up. (requested by Severrance.)
|
|t:|1769327606
|teamsize|p1|6
|teamsize|p2|6
|start
|switch|p1a: Glimmora|Glimmora, F, shiny|100/100
|switch|p2a: Glimmora|Glimmora, F, shiny|100/100
|-item|p1a: Glimmora|Air Balloon
|turn|1
|
|t:|1769327613
|move|p1a: Glimmora|Stealth Rock|p2a: Glimmora
|-sidestart|p2: Severrance.|move: Stealth Rock
|move|p2a: Glimmora|Mortal Spin|p1a: Glimmora
|-resisted|p1a: Glimmora
|-damage|p1a: Glimmora|99/100
|-status|p1a: Glimmora|psn
|-activate|p1a: Glimmora|ability: Toxic Debris
|-sidestart|p2: Severrance.|move: Toxic Spikes
|-enditem|p1a: Glimmora|Air Balloon
|-sideend|p2: Severrance.|Toxic Spikes|[from] move: Mortal Spin|[of] p2a: Glimmora
|-sideend|p2: Severrance.|Stealth Rock|[from] move: Mortal Spin|[of] p2a: Glimmora
|
|-damage|p1a: Glimmora|87/100 psn|[from] psn
|upkeep
|turn|2
|
|t:|1769327627
|move|p1a: Glimmora|Mortal Spin|p2a: Glimmora
|-resisted|p2a: Glimmora
|-damage|p2a: Glimmora|99/100
|move|p2a: Glimmora|Sand Tomb|p1a: Glimmora
|-supereffective|p1a: Glimmora
|-damage|p1a: Glimmora|67/100 psn
|-activate|p1a: Glimmora|move: Sand Tomb|[of] p2a: Glimmora
|-activate|p1a: Glimmora|ability: Toxic Debris
|-sidestart|p2: Severrance.|move: Toxic Spikes
|
|-damage|p1a: Glimmora|55/100 psn|[from] psn
|-damage|p1a: Glimmora|38/100 psn|[from] move: Sand Tomb|[partiallytrapped]
|upkeep
|turn|3
|
|t:|1769327641
|move|p1a: Glimmora|Power Gem|p2a: Glimmora
|-damage|p2a: Glimmora|70/100
|move|p2a: Glimmora|Mortal Spin|p1a: Glimmora
|-resisted|p1a: Glimmora
|-damage|p1a: Glimmora|37/100 psn
|-activate|p1a: Glimmora|ability: Toxic Debris
|-sidestart|p2: Severrance.|move: Toxic Spikes
|-sideend|p2: Severrance.|Toxic Spikes|[from] move: Mortal Spin|[of] p2a: Glimmora
|
|-damage|p1a: Glimmora|25/100 psn|[from] psn
|-damage|p1a: Glimmora|8/100 psn|[from] move: Sand Tomb|[partiallytrapped]
|upkeep
|turn|4
|
|t:|1769327649
|move|p2a: Glimmora|Spiky Shield|p2a: Glimmora
|-singleturn|p2a: Glimmora|move: Protect
|move|p1a: Glimmora|Power Gem|p2a: Glimmora
|-activate|p2a: Glimmora|move: Protect
|
|-damage|p1a: Glimmora|0 fnt|[from] psn
|faint|p1a: Glimmora
|upkeep
|
|t:|1769327655
|switch|p1a: Azumarill|Azumarill, M|100/100
|turn|5
|
|t:|1769327663
|move|p2a: Glimmora|Mortal Spin|p1a: Azumarill
|-supereffective|p1a: Azumarill
|-damage|p1a: Azumarill|88/100
|-status|p1a: Azumarill|psn
|move|p1a: Azumarill|Belly Drum|p1a: Azumarill
|-damage|p1a: Azumarill|38/100 psn
|-setboost|p1a: Azumarill|atk|6|[from] move: Belly Drum
|-enditem|p1a: Azumarill|Sitrus Berry|[eat]
|-heal|p1a: Azumarill|63/100 psn|[from] item: Sitrus Berry
|
|-damage|p1a: Azumarill|50/100 psn|[from] psn
|upkeep
|turn|6
|
|t:|1769327683
|move|p2a: Glimmora|Spiky Shield|p2a: Glimmora
|-singleturn|p2a: Glimmora|move: Protect
|move|p1a: Azumarill|Aqua Ring|p1a: Azumarill
|-start|p1a: Azumarill|Aqua Ring
|
|-heal|p1a: Azumarill|57/100 psn|[from] Aqua Ring
|-damage|p1a: Azumarill|44/100 psn|[from] psn
|upkeep
|turn|7
|
|t:|1769327688
|move|p1a: Azumarill|Aqua Jet|p2a: Glimmora
|-supereffective|p2a: Glimmora
|-damage|p2a: Glimmora|0 fnt
|faint|p2a: Glimmora
|
|-heal|p1a: Azumarill|50/100 psn|[from] Aqua Ring
|-damage|p1a: Azumarill|38/100 psn|[from] psn
|upkeep
|
|t:|1769327700
|switch|p2a: Quagsire|Quagsire, F|100/100
|turn|8
|
|t:|1769327706
|move|p1a: Azumarill|Play Rough|p2a: Quagsire|[miss]
|-miss|p1a: Azumarill|p2a: Quagsire
|move|p2a: Quagsire|Whirlpool|p1a: Azumarill
|-resisted|p1a: Azumarill
|-damage|p1a: Azumarill|34/100 psn
|-activate|p1a: Azumarill|move: Whirlpool|[of] p2a: Quagsire
|
|-heal|p1a: Azumarill|40/100 psn|[from] Aqua Ring
|-damage|p1a: Azumarill|27/100 psn|[from] psn
|-damage|p1a: Azumarill|11/100 psn|[from] move: Whirlpool|[partiallytrapped]
|upkeep
|turn|9
|
|t:|1769327715
|move|p2a: Quagsire|Protect|p2a: Quagsire
|-singleturn|p2a: Quagsire|Protect
|move|p1a: Azumarill|Play Rough|p2a: Quagsire
|-activate|p2a: Quagsire|move: Protect
|
|-heal|p1a: Azumarill|17/100 psn|[from] Aqua Ring
|-damage|p1a: Azumarill|5/100 psn|[from] psn
|-damage|p1a: Azumarill|0 fnt|[from] move: Whirlpool|[partiallytrapped]
|faint|p1a: Azumarill
|upkeep
|
|t:|1769327724
|switch|p1a: Polteageist|Polteageist|100/100
|turn|10
|
|t:|1769327727
|move|p1a: Polteageist|Shell Smash|p1a: Polteageist
|-unboost|p1a: Polteageist|def|1
|-unboost|p1a: Polteageist|spd|1
|-boost|p1a: Polteageist|atk|2
|-boost|p1a: Polteageist|spa|2
|-boost|p1a: Polteageist|spe|2
|move|p2a: Quagsire|Whirlpool|p1a: Polteageist
|-damage|p1a: Polteageist|91/100
|-activate|p1a: Polteageist|move: Whirlpool|[of] p2a: Quagsire
|
|-damage|p1a: Polteageist|74/100|[from] move: Whirlpool|[partiallytrapped]
|upkeep
|turn|11
|
|t:|1769327737
|move|p1a: Polteageist|Shell Smash|p1a: Polteageist
|-unboost|p1a: Polteageist|def|1
|-unboost|p1a: Polteageist|spd|1
|-boost|p1a: Polteageist|atk|2
|-boost|p1a: Polteageist|spa|2
|-boost|p1a: Polteageist|spe|2
|move|p2a: Quagsire|Haze|p2a: Quagsire
|-clearallboost
|
|-damage|p1a: Polteageist|58/100|[from] move: Whirlpool|[partiallytrapped]
|upkeep
|turn|12
|
|t:|1769327747
|move|p2a: Quagsire|Protect|p2a: Quagsire
|-singleturn|p2a: Quagsire|Protect
|move|p1a: Polteageist|Shadow Ball|p2a: Quagsire
|-activate|p2a: Quagsire|move: Protect
|
|-damage|p1a: Polteageist|41/100|[from] move: Whirlpool|[partiallytrapped]
|upkeep
|turn|13
|
|t:|1769327756
|move|p1a: Polteageist|Shadow Ball|p2a: Quagsire
|-damage|p2a: Quagsire|61/100
|move|p2a: Quagsire|Whirlpool|p1a: Polteageist
|-damage|p1a: Polteageist|30/100
|
|-damage|p1a: Polteageist|14/100|[from] move: Whirlpool|[partiallytrapped]
|upkeep
|turn|14
|
|t:|1769327763
|move|p2a: Quagsire|Protect|p2a: Quagsire
|-singleturn|p2a: Quagsire|Protect
|move|p1a: Polteageist|Shadow Ball|p2a: Quagsire
|-activate|p2a: Quagsire|move: Protect
|
|-end|p1a: Polteageist|Whirlpool|[partiallytrapped]
|upkeep
|turn|15
|
|t:|1769327782
|switch|p2a: Alomomola|Alomomola, F|100/100
|move|p1a: Polteageist|Shadow Ball|p2a: Alomomola
|-damage|p2a: Alomomola|44/100
|-unboost|p2a: Alomomola|spd|1
|
|upkeep
|turn|16
|
|t:|1769327791
|switch|p2a: Slowking|Slowking, F|100/100
|move|p1a: Polteageist|Shadow Ball|p2a: Slowking
|-supereffective|p2a: Slowking
|-damage|p2a: Slowking|30/100
|
|upkeep
|turn|17
|
|t:|1769327801
|switch|p2a: Salamence|Salamence, M|100/100
|-ability|p2a: Salamence|Intimidate|boost
|-unboost|p1a: Polteageist|atk|1
|move|p1a: Polteageist|Shadow Ball|p2a: Salamence
|-damage|p2a: Salamence|65/100
|
|upkeep
|turn|18
|
|t:|1769327810
|move|p1a: Polteageist|Shadow Ball|p2a: Salamence
|-damage|p2a: Salamence|32/100
|-unboost|p2a: Salamence|spd|1
|move|p2a: Salamence|Dragon Tail|p1a: Polteageist
|-damage|p1a: Polteageist|0 fnt
|faint|p1a: Polteageist
|
|upkeep
|
|t:|1769327816
|switch|p1a: Blaziken|Blaziken, M|100/100
|turn|19
|
|t:|1769327820
|move|p1a: Blaziken|Protect|p1a: Blaziken
|-singleturn|p1a: Blaziken|Protect
|move|p2a: Salamence|Roost|p2a: Salamence
|-heal|p2a: Salamence|82/100
|-singleturn|p2a: Salamence|move: Roost
|
|-ability|p1a: Blaziken|Speed Boost|boost
|-boost|p1a: Blaziken|spe|1
|upkeep
|turn|20
|
|t:|1769327826
|move|p1a: Blaziken|Thunder Punch|p2a: Salamence
|-damage|p2a: Salamence|47/100
|-damage|p1a: Blaziken|91/100|[from] item: Life Orb
|move|p2a: Salamence|Fire Spin|p1a: Blaziken
|-resisted|p1a: Blaziken
|-damage|p1a: Blaziken|84/100
|-activate|p1a: Blaziken|move: Fire Spin|[of] p2a: Salamence
|
|-damage|p1a: Blaziken|68/100|[from] move: Fire Spin|[partiallytrapped]
|-ability|p1a: Blaziken|Speed Boost|boost
|-boost|p1a: Blaziken|spe|1
|upkeep
|turn|21
|
|t:|1769327836
|move|p1a: Blaziken|Thunder Punch|p2a: Salamence
|-damage|p2a: Salamence|14/100
|-damage|p1a: Blaziken|58/100|[from] item: Life Orb
|move|p2a: Salamence|Roost|p2a: Salamence
|-heal|p2a: Salamence|64/100
|-singleturn|p2a: Salamence|move: Roost
|
|-damage|p1a: Blaziken|41/100|[from] move: Fire Spin|[partiallytrapped]
|-ability|p1a: Blaziken|Speed Boost|boost
|-boost|p1a: Blaziken|spe|1
|upkeep
|turn|22
|
|t:|1769327842
|move|p2a: Salamence|Protect|p2a: Salamence
|-singleturn|p2a: Salamence|Protect
|move|p1a: Blaziken|Thunder Punch|p2a: Salamence
|-activate|p2a: Salamence|move: Protect
|
|-damage|p1a: Blaziken|25/100|[from] move: Fire Spin|[partiallytrapped]
|-ability|p1a: Blaziken|Speed Boost|boost
|-boost|p1a: Blaziken|spe|1
|upkeep
|turn|23
|
|t:|1769327849
|move|p1a: Blaziken|Thunder Punch|p2a: Salamence
|-damage|p2a: Salamence|29/100
|-damage|p1a: Blaziken|15/100|[from] item: Life Orb
|move|p2a: Salamence|Roost|p2a: Salamence
|-heal|p2a: Salamence|79/100
|-singleturn|p2a: Salamence|move: Roost
|
|-damage|p1a: Blaziken|0 fnt|[from] move: Fire Spin|[partiallytrapped]
|faint|p1a: Blaziken
|upkeep
|
|t:|1769327853
|switch|p1a: Maushold|Maushold-Four|100/100
|turn|24
|
|t:|1769327863
|-terastallize|p1a: Maushold|Fairy
|move|p1a: Maushold|Tidy Up|p1a: Maushold
|-boost|p1a: Maushold|atk|1
|-boost|p1a: Maushold|spe|1
|move|p2a: Salamence|Dragon Tail|p1a: Maushold
|-immune|p1a: Maushold
|
|upkeep
|turn|25
|
|t:|1769327870
|switch|p2a: Alomomola|Alomomola, F|77/100
|move|p1a: Maushold|Population Bomb|p2a: Alomomola
|-damage|p2a: Alomomola|68/100
|-damage|p2a: Alomomola|59/100
|-damage|p2a: Alomomola|50/100
|-damage|p2a: Alomomola|39/100
|-damage|p2a: Alomomola|29/100
|-damage|p2a: Alomomola|19/100
|-damage|p2a: Alomomola|9/100
|-damage|p2a: Alomomola|0 fnt
|faint|p2a: Alomomola
|-hitcount|p2: Alomomola|8
|
|upkeep
|
|t:|1769327883
|switch|p2a: Salamence|Salamence, M|79/100
|-ability|p2a: Salamence|Intimidate|boost
|-unboost|p1a: Maushold|atk|1
|turn|26
|
|t:|1769327890
|move|p1a: Maushold|Play Rough|p2a: Salamence
|-supereffective|p2a: Salamence
|-damage|p2a: Salamence|8/100
|move|p2a: Salamence|Fire Spin|p1a: Maushold
|-damage|p1a: Maushold|88/100
|-activate|p1a: Maushold|move: Fire Spin|[of] p2a: Salamence
|
|-damage|p1a: Maushold|72/100|[from] move: Fire Spin|[partiallytrapped]
|upkeep
|turn|27
|
|t:|1769327898
|move|p2a: Salamence|Protect|p2a: Salamence
|-singleturn|p2a: Salamence|Protect
|move|p1a: Maushold|Tidy Up|p1a: Maushold
|-boost|p1a: Maushold|atk|1
|-boost|p1a: Maushold|spe|1
|
|-damage|p1a: Maushold|55/100|[from] move: Fire Spin|[partiallytrapped]
|upkeep
|turn|28
|
|t:|1769327903
|move|p2a: Salamence|Protect||[still]
|-fail|p2a: Salamence
|move|p1a: Maushold|Population Bomb|p2a: Salamence
|-damage|p2a: Salamence|0 fnt
|faint|p2a: Salamence
|-hitcount|p2: Salamence|1
|
|-end|p1a: Maushold|Fire Spin|[partiallytrapped]|[silent]
|upkeep
|
|t:|1769327908
|switch|p2a: Slowking|Slowking, F|64/100
|turn|29
|
|t:|1769327916
|move|p1a: Maushold|Beat Up|p2a: Slowking
|-supereffective|p2a: Slowking
|-damage|p2a: Slowking|53/100
|-supereffective|p2a: Slowking
|-damage|p2a: Slowking|40/100
|-hitcount|p2a: Slowking|2
|move|p2a: Slowking|Iron Defense|p2a: Slowking
|-boost|p2a: Slowking|def|2
|
|upkeep
|turn|30
|
|t:|1769327930
|move|p1a: Maushold|Population Bomb|p2a: Slowking
|-crit|p2a: Slowking
|-damage|p2a: Slowking|18/100
|-crit|p2a: Slowking
|-damage|p2a: Slowking|0 fnt
|faint|p2a: Slowking
|-hitcount|p2: Slowking|2
|
|upkeep
|
|t:|1769327942
|switch|p2a: Volbeat|Volbeat, M|100/100
|turn|31
|
|t:|1769327947
|move|p2a: Volbeat|Protect|p2a: Volbeat
|-singleturn|p2a: Volbeat|Protect
|move|p1a: Maushold|Tidy Up|p1a: Maushold
|-boost|p1a: Maushold|atk|1
|-boost|p1a: Maushold|spe|1
|
|upkeep
|turn|32
|
|t:|1769327952
|move|p2a: Volbeat|Encore|p1a: Maushold
|-start|p1a: Maushold|Encore
|move|p1a: Maushold|Tidy Up|p1a: Maushold
|-boost|p1a: Maushold|atk|1
|-boost|p1a: Maushold|spe|1
|
|upkeep
|turn|33
|
|t:|1769327956
|switch|p1a: Gliscor|Gliscor, M|100/100
|move|p2a: Volbeat|Infestation|p1a: Gliscor
|-resisted|p1a: Gliscor
|-damage|p1a: Gliscor|98/100
|-activate|p1a: Gliscor|move: Infestation|[of] p2a: Volbeat
|
|-damage|p1a: Gliscor|82/100|[from] move: Infestation|[partiallytrapped]
|-status|p1a: Gliscor|tox|[from] item: Toxic Orb
|upkeep
|turn|34
|
|t:|1769327973
|move|p2a: Volbeat|Protect|p2a: Volbeat
|-singleturn|p2a: Volbeat|Protect
|move|p1a: Gliscor|Fling|p2a: Volbeat
|-activate|p2a: Volbeat|move: Protect
|-enditem|p1a: Gliscor|Toxic Orb|[from] move: Fling
|
|-heal|p1a: Gliscor|94/100 tox|[from] ability: Poison Heal
|-damage|p1a: Gliscor|78/100 tox|[from] move: Infestation|[partiallytrapped]
|upkeep
|turn|35
|
|t:|1769327983
|move|p1a: Gliscor|Fling||[still]
|-fail|p1a: Gliscor
|move|p2a: Volbeat|Infestation|p1a: Gliscor
|-resisted|p1a: Gliscor
|-damage|p1a: Gliscor|76/100 tox
|
|-heal|p1a: Gliscor|88/100 tox|[from] ability: Poison Heal
|-damage|p1a: Gliscor|71/100 tox|[from] move: Infestation|[partiallytrapped]
|upkeep
|turn|36
|
|t:|1769327994
|move|p2a: Volbeat|Encore|p1a: Gliscor
|-start|p1a: Gliscor|Encore
|move|p1a: Gliscor|Fling||[still]
|-fail|p1a: Gliscor
|
|-heal|p1a: Gliscor|84/100 tox|[from] ability: Poison Heal
|-damage|p1a: Gliscor|67/100 tox|[from] move: Infestation|[partiallytrapped]
|upkeep
|turn|37
|
|t:|1769328003
|move|p1a: Gliscor|Fling||[still]
|-fail|p1a: Gliscor
|move|p2a: Volbeat|Infestation|p1a: Gliscor
|-resisted|p1a: Gliscor
|-damage|p1a: Gliscor|65/100 tox
|
|-heal|p1a: Gliscor|77/100 tox|[from] ability: Poison Heal
|-damage|p1a: Gliscor|61/100 tox|[from] move: Infestation|[partiallytrapped]
|upkeep
|turn|38
|
|t:|1769328010
|move|p1a: Gliscor|Fling||[still]
|-fail|p1a: Gliscor
|move|p2a: Volbeat|Infestation|p1a: Gliscor
|-resisted|p1a: Gliscor
|-damage|p1a: Gliscor|59/100 tox
|
|-heal|p1a: Gliscor|71/100 tox|[from] ability: Poison Heal
|-end|p1a: Gliscor|Infestation|[partiallytrapped]
|-end|p1a: Gliscor|Encore
|upkeep
|turn|39
|
|t:|1769328014
|move|p1a: Gliscor|Earthquake|p2a: Volbeat
|-resisted|p2a: Volbeat
|-damage|p2a: Volbeat|78/100
|move|p2a: Volbeat|Infestation|p1a: Gliscor
|-resisted|p1a: Gliscor
|-damage|p1a: Gliscor|69/100 tox
|-activate|p1a: Gliscor|move: Infestation|[of] p2a: Volbeat
|
|-heal|p1a: Gliscor|81/100 tox|[from] ability: Poison Heal
|-damage|p1a: Gliscor|64/100 tox|[from] move: Infestation|[partiallytrapped]
|upkeep
|turn|40
|
|t:|1769328022
|move|p1a: Gliscor|Acrobatics|p2a: Volbeat
|-supereffective|p2a: Volbeat
|-damage|p2a: Volbeat|0 fnt
|faint|p2a: Volbeat
|
|-heal|p1a: Gliscor|77/100 tox|[from] ability: Poison Heal
|-end|p1a: Gliscor|Infestation|[partiallytrapped]|[silent]
|upkeep
|
|t:|1769328027
|switch|p2a: Quagsire|Quagsire, F|61/100
|turn|41
|
|t:|1769328030
|move|p1a: Gliscor|Acrobatics|p2a: Quagsire
|-damage|p2a: Quagsire|24/100
|move|p2a: Quagsire|Whirlpool|p1a: Gliscor
|-supereffective|p1a: Gliscor
|-damage|p1a: Gliscor|56/100 tox
|-activate|p1a: Gliscor|move: Whirlpool|[of] p2a: Quagsire
|
|-heal|p1a: Gliscor|68/100 tox|[from] ability: Poison Heal
|-damage|p1a: Gliscor|52/100 tox|[from] move: Whirlpool|[partiallytrapped]
|upkeep
|turn|42
|
|t:|1769328039
|move|p2a: Quagsire|Protect|p2a: Quagsire
|-singleturn|p2a: Quagsire|Protect
|move|p1a: Gliscor|Acrobatics|p2a: Quagsire
|-activate|p2a: Quagsire|move: Protect
|
|-heal|p1a: Gliscor|64/100 tox|[from] ability: Poison Heal
|-damage|p1a: Gliscor|47/100 tox|[from] move: Whirlpool|[partiallytrapped]
|upkeep
|turn|43
|
|t:|1769328042
|move|p1a: Gliscor|Acrobatics|p2a: Quagsire
|-damage|p2a: Quagsire|0 fnt
|faint|p2a: Quagsire
|
|win|marcophoenixok
|raw|marcophoenixok's rating: 1065 &rarr; <strong>1098</strong><br />(+33 for winning)
|raw|Severrance.'s rating: 1101 &rarr; <strong>1073</strong><br />(-28 for losing)
|l|☆Severrance.
|player|p2|
|l|☆marcophoenixok
|player|p1|
