|j|☆CryingDaniel
|j|☆DKxhk
|t:|1769423640
|gametype|singles
|player|p1|CryingDaniel|waitress-gen4|1163
|player|p2|DKxhk|rosa|1206
|gen|9
|tier|[Gen 9] OU
|rated|
|rule|HP Percentage Mod: HP is shown in percentages
|rule|Endless Battle Clause: Forcing endless battles is banned
|rule|Species Clause: Limit one of each Pokémon
|rule|OHKO Clause: OHKO moves are banned
|rule|Evasion Items Clause: Evasion items are banned
|rule|Evasion Moves Clause: Evasion moves are banned
|rule|Evasion Abilities Clause: Evasion abilities are banned
|rule|Sleep Moves Clause: Sleep-inducing moves are banned
|clearpoke
|poke|p1|Regigigas|
|poke|p1|Pelipper, F|
|poke|p1|Floatzel, F|
|poke|p1|Kingambit, F|
|poke|p1|Slowking-Galar, M|
|poke|p1|Forretress, M|
|poke|p2|Enamorus, F|
|poke|p2|Dragapult, F|
|poke|p2|Zapdos|
|poke|p2|Kyurem|
|poke|p2|Great Tusk|
|poke|p2|Kingambit, F|
|teampreview
|l|☆DKxhk
|player|p2|
|inactive|Battle timer is ON: inactive players will automatically lose when time's up. (requested by CryingDaniel)
|j|☆DKxhk
|inactive|DKxhk reconnected and has 145 seconds left.
|player|p2|DKxhk|rosa|
|inactive|DKxhk also wants the timer to be on.
|
|t:|1769423667
|teamsize|p1|6
|teamsize|p2|6
|start
|switch|p1a: Cringebit|Kingambit, F|100/100
|switch|p2a: Great Tusk|Great Tusk|100/100
|-item|p1a: Cringebit|Air Balloon
|turn|1
|
|t:|1769423675
|-end|p1a: Cringebit|fallenundefined|[silent]
|switch|p1a: Wazzbin|Pelipper, F|100/100
|-weather|RainDance|[from] ability: Drizzle|[of] p1a: Wazzbin
|move|p2a: Great Tusk|Close Combat|p1a: Wazzbin
|-resisted|p1a: Wazzbin
|-damage|p1a: Wazzbin|77/100
|-unboost|p2a: Great Tusk|def|1
|-unboost|p2a: Great Tusk|spd|1
|
|-weather|RainDance|[upkeep]
|upkeep
|turn|2
|
|t:|1769423688
|-end|p2a: Great Tusk|Protosynthesis|[silent]
|switch|p2a: Zapdos|Zapdos|100/100
|move|p1a: Wazzbin|Ice Beam|p2a: Zapdos
|-supereffective|p2a: Zapdos
|-damage|p2a: Zapdos|58/100
|
|-weather|RainDance|[upkeep]
|upkeep
|turn|3
|
|t:|1769423703
|switch|p1a: SAO|Slowking-Galar, M|100/100
|move|p2a: Zapdos|Thunderbolt|p1a: SAO
|-damage|p1a: SAO|75/100
|
|-weather|RainDance|[upkeep]
|-heal|p1a: SAO|81/100|[from] item: Leftovers
|upkeep
|turn|4
|
|t:|1769423712
|move|p2a: Zapdos|Volt Switch|p1a: SAO
|-damage|p1a: SAO|61/100
|
|t:|1769423717
|switch|p2a: Kingambit|Kingambit, F|100/100|[from] Volt Switch
|move|p1a: SAO|Ice Beam|p2a: Kingambit
|-resisted|p2a: Kingambit
|-damage|p2a: Kingambit|87/100
|
|-weather|RainDance|[upkeep]
|-heal|p2a: Kingambit|93/100|[from] item: Leftovers
|-heal|p1a: SAO|67/100|[from] item: Leftovers
|upkeep
|turn|5
|
|t:|1769423728
|switch|p1a: Googles|Forretress, M|100/100
|move|p2a: Kingambit|Swords Dance|p2a: Kingambit
|-boost|p2a: Kingambit|atk|2
|
|-weather|none
|-heal|p2a: Kingambit|99/100|[from] item: Leftovers
|upkeep
|turn|6
|
|t:|1769423737
|move|p2a: Kingambit|Iron Head|p1a: Googles
|-resisted|p1a: Googles
|-damage|p1a: Googles|73/100
|move|p1a: Googles|Thunder Wave|p2a: Kingambit|[miss]
|-miss|p1a: Googles|p2a: Kingambit
|
|-heal|p2a: Kingambit|100/100|[from] item: Leftovers
|upkeep
|turn|7
|
|t:|1769423749
|-end|p2a: Kingambit|fallenundefined|[silent]
|switch|p2a: Great Tusk|Great Tusk|100/100
|move|p1a: Googles|Thunder Wave|p2a: Great Tusk
|-immune|p2a: Great Tusk
|
|upkeep
|turn|8
|
|t:|1769423764
|-end|p2a: Great Tusk|Protosynthesis|[silent]
|switch|p2a: Zapdos|Zapdos|58/100
|switch|p1a: Wazzbin|Pelipper, F|77/100
|-weather|RainDance|[from] ability: Drizzle|[of] p1a: Wazzbin
|
|-weather|RainDance|[upkeep]
|upkeep
|turn|9
|
|t:|1769423774
|switch|p1a: SAO|Slowking-Galar, M|99/100
|move|p2a: Zapdos|Roost|p2a: Zapdos
|-heal|p2a: Zapdos|100/100
|-singleturn|p2a: Zapdos|move: Roost
|
|-weather|RainDance|[upkeep]
|-heal|p1a: SAO|100/100|[from] item: Leftovers
|upkeep
|turn|10
|
|t:|1769423784
|move|p2a: Zapdos|Volt Switch|p1a: SAO
|-damage|p1a: SAO|80/100
|
|t:|1769423791
|switch|p2a: Kingambit|Kingambit, F|100/100|[from] Volt Switch
|move|p1a: SAO|Flamethrower|p2a: Kingambit
|-supereffective|p2a: Kingambit
|-damage|p2a: Kingambit|77/100
|
|-weather|RainDance|[upkeep]
|-heal|p2a: Kingambit|83/100|[from] item: Leftovers
|-heal|p1a: SAO|86/100|[from] item: Leftovers
|upkeep
|turn|11
|c|☆CryingDaniel|spd?
|
|t:|1769423814
|move|p2a: Kingambit|Swords Dance|p2a: Kingambit
|-boost|p2a: Kingambit|atk|2
|move|p1a: SAO|Flamethrower|p2a: Kingambit
|-supereffective|p2a: Kingambit
|-damage|p2a: Kingambit|55/100
|
|-weather|RainDance|[upkeep]
|-heal|p2a: Kingambit|61/100|[from] item: Leftovers
|-heal|p1a: SAO|92/100|[from] item: Leftovers
|upkeep
|turn|12
|
|t:|1769423829
|switch|p1a: Wazzbin|Pelipper, F|77/100
|move|p2a: Kingambit|Sucker Punch||[still]
|-fail|p2a: Kingambit
|
|-weather|none
|-heal|p2a: Kingambit|67/100|[from] item: Leftovers
|upkeep
|turn|13
|
|t:|1769423838
|switch|p1a: ChuckleNugget|Regigigas, shiny|100/100
|-start|p1a: ChuckleNugget|ability: Slow Start
|move|p2a: Kingambit|Protect||[still]
|-fail|p2a: Kingambit
|
|-heal|p2a: Kingambit|74/100|[from] item: Leftovers
|upkeep
|turn|14
|
|t:|1769423848
|move|p2a: Kingambit|Iron Head|p1a: ChuckleNugget
|-damage|p1a: ChuckleNugget|25/100
|move|p1a: ChuckleNugget|Earth Power|p2a: Kingambit
|-supereffective|p2a: Kingambit
|-damage|p2a: Kingambit|0 fnt
|faint|p2a: Kingambit
|-end|p2a: Kingambit|fallenundefined|[silent]
|
|upkeep
|
|t:|1769423859
|switch|p2a: Dragapult|Dragapult, F|100/100
|turn|15
|
|t:|1769423864
|move|p2a: Dragapult|U-turn|p1a: ChuckleNugget
|-damage|p1a: ChuckleNugget|0 fnt
|faint|p1a: ChuckleNugget
|
|t:|1769423873
|switch|p2a: Kyurem|Kyurem|100/100|[from] U-turn
|-ability|p2a: Kyurem|Pressure
|
|upkeep
|
|t:|1769423891
|switch|p1a: SAO|Slowking-Galar, M|100/100
|turn|16
|
|t:|1769423898
|move|p2a: Kyurem|Earth Power|p1a: SAO
|-supereffective|p1a: SAO
|-damage|p1a: SAO|41/100
|move|p1a: SAO|Flamethrower|p2a: Kyurem
|-damage|p2a: Kyurem|78/100
|
|-heal|p1a: SAO|47/100|[from] item: Leftovers
|upkeep
|turn|17
|
|t:|1769423910
|switch|p2a: Dragapult|Dragapult, F|100/100
|switch|p1a: Wazzbin|Pelipper, F|77/100
|-weather|RainDance|[from] ability: Drizzle|[of] p1a: Wazzbin
|
|-weather|RainDance|[upkeep]
|upkeep
|turn|18
|
|t:|1769423921
|move|p2a: Dragapult|Dragon Darts|p1a: Wazzbin
|-damage|p1a: Wazzbin|47/100
|-anim|p2a: Dragapult|Dragon Darts|p1a: Wazzbin
|-damage|p1a: Wazzbin|14/100
|move|p1a: Wazzbin|Ice Beam|p2a: Dragapult
|-supereffective|p2a: Dragapult
|-crit|p2a: Dragapult
|-damage|p2a: Dragapult|26/100
|
|-weather|RainDance|[upkeep]
|upkeep
|turn|19
|
|t:|1769423939
|move|p2a: Dragapult|Dragon Darts|p1a: Wazzbin
|-damage|p1a: Wazzbin|0 fnt
|faint|p1a: Wazzbin
|
|-weather|RainDance|[upkeep]
|upkeep
|
|t:|1769423942
|switch|p1a: Baboom|Floatzel, F, shiny|100/100
|turn|20
|
|t:|1769423947
|move|p1a: Baboom|Wave Crash|p2a: Dragapult
|-resisted|p2a: Dragapult
|-damage|p2a: Dragapult|0 fnt
|faint|p2a: Dragapult
|-damage|p1a: Baboom|92/100|[from] Recoil
|
|-weather|RainDance|[upkeep]
|upkeep
|
|t:|1769423960
|switch|p2a: Zapdos|Zapdos|100/100
|turn|21
|
|t:|1769423964
|move|p1a: Baboom|Wave Crash|p2a: Zapdos
|-damage|p2a: Zapdos|0 fnt
|faint|p2a: Zapdos
|-damage|p1a: Baboom|58/100|[from] Recoil
|
|-weather|none
|upkeep
|
|t:|1769423980
|switch|p2a: Enamorus|Enamorus, F|100/100
|turn|22
|
|t:|1769423988
|move|p2a: Enamorus|Moonblast|p1a: Baboom
|-damage|p1a: Baboom|0 fnt
|faint|p1a: Baboom
|-damage|p2a: Enamorus|90/100|[from] item: Life Orb
|
|upkeep
|
|t:|1769424000
|switch|p1a: Googles|Forretress, M|73/100
|turn|23
|
|t:|1769424004
|move|p2a: Enamorus|Mystical Fire|p1a: Googles
|-supereffective|p1a: Googles
|-damage|p1a: Googles|0 fnt
|faint|p1a: Googles
|-damage|p2a: Enamorus|80/100|[from] item: Life Orb
|
|upkeep
|
|t:|1769424011
|switch|p1a: Cringebit|Kingambit, F|100/100
|-activate|p1a: Cringebit|ability: Supreme Overlord
|-start|p1a: Cringebit|fallen4|[silent]
|-item|p1a: Cringebit|Air Balloon
|turn|24
|
|t:|1769424017
|-terastallize|p1a: Cringebit|Fairy
|move|p1a: Cringebit|Sucker Punch|p2a: Enamorus
|-resisted|p2a: Enamorus
|-damage|p2a: Enamorus|31/100
|move|p2a: Enamorus|Earth Power|p1a: Cringebit
|-immune|p1a: Cringebit
|
|upkeep
|turn|25
|
|t:|1769424039
|move|p2a: Enamorus|Moonblast|p1a: Cringebit
|-damage|p1a: Cringebit|35/100
|-unboost|p1a: Cringebit|spa|1
|-enditem|p1a: Cringebit|Air Balloon
|-damage|p2a: Enamorus|21/100|[from] item: Life Orb
|move|p1a: Cringebit|Swords Dance|p1a: Cringebit
|-boost|p1a: Cringebit|atk|2
|
|upkeep
|turn|26
|
|t:|1769424051
|move|p1a: Cringebit|Sucker Punch|p2a: Enamorus
|-resisted|p2a: Enamorus
|-damage|p2a: Enamorus|0 fnt
|faint|p2a: Enamorus
|
|upkeep
|
|t:|1769424057
|switch|p2a: Great Tusk|Great Tusk|100/100
|turn|27
|
|t:|1769424062
|move|p1a: Cringebit|Sucker Punch|p2a: Great Tusk
|-resisted|p2a: Great Tusk
|-damage|p2a: Great Tusk|56/100
|move|p2a: Great Tusk|Earthquake|p1a: Cringebit
|-damage|p1a: Cringebit|0 fnt
|faint|p1a: Cringebit
|-end|p1a: Cringebit|fallen4|[silent]
|
|upkeep
|
|t:|1769424066
|switch|p1a: SAO|Slowking-Galar, M|80/100
|turn|28
|
|t:|1769424072
|move|p2a: Great Tusk|Earthquake|p1a: SAO
|-supereffective|p1a: SAO
|-damage|p1a: SAO|0 fnt
|faint|p1a: SAO
|
|win|DKxhk
|raw|CryingDaniel's rating: 1163 &rarr; <strong>1141</strong><br />(-22 for losing)
|raw|DKxhk's rating: 1206 &rarr; <strong>1228</strong><br />(+22 for winning)
|c|☆CryingDaniel|ggs
|l|☆CryingDaniel
|player|p1|
|l|☆DKxhk
|player|p2|
