|j|☆Aguila74
|j|☆Jahkem
|t:|1769432888
|gametype|singles
|player|p1|Aguila74|170|1524
|player|p2|Jahkem|morty-masters|1623
|gen|9
|tier|[Gen 9] OU
|rated|
|rule|HP Percentage Mod: HP is shown in percentages
|rule|Endless Battle Clause: Forcing endless battles is banned
|rule|Species Clause: Limit one of each Pokémon
|rule|OHKO Clause: OHKO moves are banned
|rule|Evasion Items Clause: Evasion items are banned
|rule|Evasion Moves Clause: Evasion moves are banned
|rule|Evasion Abilities Clause: Evasion abilities are banned
|rule|Sleep Moves Clause: Sleep-inducing moves are banned
|clearpoke
|poke|p1|Conkeldurr, F|
|poke|p1|Suicune|
|poke|p1|Dragapult, F|
|poke|p1|Iron Moth|
|poke|p1|Iron Treads|
|poke|p1|Meowscarada, F|
|poke|p2|Alomomola, F|
|poke|p2|Weezing-Galar, F|
|poke|p2|Gliscor, M|
|poke|p2|Corviknight, M|
|poke|p2|Ogerpon, F|
|poke|p2|Darkrai|
|teampreview
|
|t:|1769432904
|teamsize|p1|6
|teamsize|p2|6
|start
|switch|p1a: Conkeldurr|Conkeldurr, F|100/100
|switch|p2a: Alomomola|Alomomola, F|100/100
|turn|1
|
|t:|1769432910
|move|p1a: Conkeldurr|Knock Off|p2a: Alomomola
|-damage|p2a: Alomomola|80/100
|-damage|p1a: Conkeldurr|84/100|[from] item: Rocky Helmet|[of] p2a: Alomomola
|-enditem|p2a: Alomomola|Rocky Helmet|[from] move: Knock Off|[of] p1a: Conkeldurr
|move|p2a: Alomomola|Tickle|p1a: Conkeldurr
|-unboost|p1a: Conkeldurr|atk|1
|-unboost|p1a: Conkeldurr|def|1
|
|upkeep
|turn|2
|
|t:|1769432916
|move|p1a: Conkeldurr|Drain Punch|p2a: Alomomola
|-damage|p2a: Alomomola|63/100
|-heal|p1a: Conkeldurr|95/100|[from] drain|[of] p2a: Alomomola
|move|p2a: Alomomola|Flip Turn|p1a: Conkeldurr
|-damage|p1a: Conkeldurr|76/100
|
|t:|1769432922
|switch|p2a: Weezing|Weezing-Galar, F|100/100|[from] Flip Turn
|-ability|p2a: Weezing|Neutralizing Gas
|
|upkeep
|turn|3
|
|t:|1769432927
|-end|p2a: Weezing|ability: Neutralizing Gas
|switch|p2a: Alomomola|Alomomola, F|97/100
|move|p1a: Conkeldurr|Knock Off|p2a: Alomomola
|-damage|p2a: Alomomola|88/100
|
|upkeep
|turn|4
|
|t:|1769432937
|switch|p1a: Iron Treads|Iron Treads|100/100
|move|p2a: Alomomola|Flip Turn|p1a: Iron Treads
|-supereffective|p1a: Iron Treads
|-damage|p1a: Iron Treads|72/100
|
|t:|1769432947
|switch|p2a: Corviknight|Corviknight, M|100/100|[from] Flip Turn
|-ability|p2a: Corviknight|Pressure
|
|-heal|p1a: Iron Treads|79/100|[from] item: Leftovers
|upkeep
|turn|5
|
|t:|1769432952
|move|p1a: Iron Treads|Stealth Rock|p2a: Corviknight
|-sidestart|p2: Jahkem|move: Stealth Rock
|move|p2a: Corviknight|U-turn|p1a: Iron Treads
|-resisted|p1a: Iron Treads
|-damage|p1a: Iron Treads|73/100
|
|t:|1769432955
|switch|p2a: Gliscor|Gliscor, M|100/100|[from] U-turn
|-damage|p2a: Gliscor|88/100|[from] Stealth Rock
|
|-heal|p1a: Iron Treads|79/100|[from] item: Leftovers
|-status|p2a: Gliscor|tox|[from] item: Toxic Orb
|upkeep
|turn|6
|
|t:|1769432961
|-end|p1a: Iron Treads|Quark Drive|[silent]
|switch|p1a: Suicune|Suicune|100/100
|-ability|p1a: Suicune|Pressure
|move|p2a: Gliscor|Earthquake|p1a: Suicune
|-damage|p1a: Suicune|83/100
|
|-heal|p1a: Suicune|89/100|[from] item: Leftovers
|-heal|p2a: Gliscor|100/100 tox|[from] ability: Poison Heal
|upkeep
|turn|7
|
|t:|1769432966
|move|p2a: Gliscor|Toxic|p1a: Suicune
|-status|p1a: Suicune|tox
|move|p1a: Suicune|Calm Mind|p1a: Suicune
|-boost|p1a: Suicune|spa|1
|-boost|p1a: Suicune|spd|1
|
|-heal|p1a: Suicune|96/100 tox|[from] item: Leftovers
|-damage|p1a: Suicune|89/100 tox|[from] psn
|upkeep
|turn|8
|
|t:|1769432974
|move|p2a: Gliscor|Protect|p2a: Gliscor
|-singleturn|p2a: Gliscor|Protect
|move|p1a: Suicune|Scald|p2a: Gliscor
|-activate|p2a: Gliscor|move: Protect
|
|-heal|p1a: Suicune|96/100 tox|[from] item: Leftovers
|-damage|p1a: Suicune|83/100 tox|[from] psn
|upkeep
|turn|9
|
|t:|1769432978
|switch|p2a: Alomomola|Alomomola, F|100/100
|-damage|p2a: Alomomola|88/100|[from] Stealth Rock
|move|p1a: Suicune|Scald|p2a: Alomomola
|-resisted|p2a: Alomomola
|-damage|p2a: Alomomola|67/100
|-status|p2a: Alomomola|brn
|
|-heal|p1a: Suicune|89/100 tox|[from] item: Leftovers
|-damage|p1a: Suicune|71/100 tox|[from] psn
|-damage|p2a: Alomomola|61/100 brn|[from] brn
|upkeep
|turn|10
|
|t:|1769432982
|move|p1a: Suicune|Rest|p1a: Suicune
|-status|p1a: Suicune|slp|[from] move: Rest
|-heal|p1a: Suicune|100/100 slp|[silent]
|move|p2a: Alomomola|Flip Turn|p1a: Suicune
|-resisted|p1a: Suicune
|-damage|p1a: Suicune|98/100 slp
|
|t:|1769432985
|switch|p2a: Ogerpon|Ogerpon, F|100/100|[from] Flip Turn
|-damage|p2a: Ogerpon|88/100|[from] Stealth Rock
|
|-heal|p1a: Suicune|100/100 slp|[from] item: Leftovers
|upkeep
|turn|11
|
|t:|1769432995
|move|p2a: Ogerpon|Swords Dance|p2a: Ogerpon
|-boost|p2a: Ogerpon|atk|2
|cant|p1a: Suicune|slp
|move|p1a: Suicune|Sleep Talk|p1a: Suicune
|move|p1a: Suicune|Rest||[from] move: Sleep Talk|[still]
|-fail|p1a: Suicune
|
|upkeep
|turn|12
|
|t:|1769433004
|switch|p1a: Iron Moth|Iron Moth|100/100
|-enditem|p1a: Iron Moth|Booster Energy
|-activate|p1a: Iron Moth|ability: Quark Drive|[fromitem]
|-start|p1a: Iron Moth|quarkdrivespe
|move|p2a: Ogerpon|Encore||[still]
|-fail|p2a: Ogerpon
|
|upkeep
|turn|13
|
|t:|1769433011
|switch|p2a: Alomomola|Alomomola, F|94/100 brn
|-damage|p2a: Alomomola|82/100 brn|[from] Stealth Rock
|move|p1a: Iron Moth|Sludge Wave|p2a: Alomomola
|-crit|p2a: Alomomola
|-damage|p2a: Alomomola|0 fnt
|faint|p2a: Alomomola
|
|upkeep
|
|t:|1769433018
|switch|p2a: Gliscor|Gliscor, M|100/100 tox
|-damage|p2a: Gliscor|88/100 tox|[from] Stealth Rock
|turn|14
|
|t:|1769433025
|-end|p1a: Iron Moth|Quark Drive|[silent]
|switch|p1a: Suicune|Suicune|100/100 slp
|-ability|p1a: Suicune|Pressure
|move|p2a: Gliscor|Earthquake|p1a: Suicune
|-damage|p1a: Suicune|82/100 slp
|
|-heal|p1a: Suicune|88/100 slp|[from] item: Leftovers
|-heal|p2a: Gliscor|100/100 tox|[from] ability: Poison Heal
|upkeep
|turn|15
|
|t:|1769433029
|move|p2a: Gliscor|Stealth Rock|p1a: Suicune
|-sidestart|p1: Aguila74|move: Stealth Rock
|cant|p1a: Suicune|slp
|move|p1a: Suicune|Sleep Talk|p1a: Suicune
|move|p1a: Suicune|Scald|p2a: Gliscor|[from] move: Sleep Talk
|-supereffective|p2a: Gliscor
|-damage|p2a: Gliscor|50/100 tox
|
|-heal|p1a: Suicune|94/100 slp|[from] item: Leftovers
|-heal|p2a: Gliscor|63/100 tox|[from] ability: Poison Heal
|upkeep
|turn|16
|
|t:|1769433037
|switch|p2a: Ogerpon|Ogerpon, F|88/100
|-damage|p2a: Ogerpon|76/100|[from] Stealth Rock
|-curestatus|p1a: Suicune|slp|[msg]
|move|p1a: Suicune|Calm Mind|p1a: Suicune
|-boost|p1a: Suicune|spa|1
|-boost|p1a: Suicune|spd|1
|
|-heal|p1a: Suicune|99/100|[from] item: Leftovers
|upkeep
|turn|17
|
|t:|1769433041
|move|p2a: Ogerpon|Swords Dance|p2a: Ogerpon
|-boost|p2a: Ogerpon|atk|2
|move|p1a: Suicune|Scald|p2a: Ogerpon
|-resisted|p2a: Ogerpon
|-damage|p2a: Ogerpon|55/100
|-status|p2a: Ogerpon|brn
|
|-heal|p1a: Suicune|100/100|[from] item: Leftovers
|-damage|p2a: Ogerpon|49/100 brn|[from] brn
|upkeep
|turn|18
|
|t:|1769433053
|move|p2a: Ogerpon|Ivy Cudgel|p1a: Suicune
|-supereffective|p1a: Suicune
|-crit|p1a: Suicune
|-damage|p1a: Suicune|25/100
|move|p1a: Suicune|Scald|p2a: Ogerpon
|-resisted|p2a: Ogerpon
|-damage|p2a: Ogerpon|28/100 brn
|
|-heal|p1a: Suicune|32/100|[from] item: Leftovers
|-damage|p2a: Ogerpon|22/100 brn|[from] brn
|upkeep
|turn|19
|
|t:|1769433065
|switch|p1a: Iron Moth|Iron Moth|100/100
|-damage|p1a: Iron Moth|76/100|[from] Stealth Rock
|move|p2a: Ogerpon|Knock Off|p1a: Iron Moth
|-damage|p1a: Iron Moth|41/100
|
|-damage|p2a: Ogerpon|16/100 brn|[from] brn
|upkeep
|turn|20
|
|t:|1769433072
|move|p2a: Ogerpon|Knock Off|p1a: Iron Moth
|-damage|p1a: Iron Moth|4/100
|move|p1a: Iron Moth|Fiery Dance|p2a: Ogerpon
|-supereffective|p2a: Ogerpon
|-damage|p2a: Ogerpon|0 fnt
|faint|p2a: Ogerpon
|
|upkeep
|
|t:|1769433081
|switch|p2a: Darkrai|Darkrai|100/100
|-damage|p2a: Darkrai|88/100|[from] Stealth Rock
|turn|21
|
|t:|1769433083
|move|p2a: Darkrai|Dark Pulse|p1a: Iron Moth
|-damage|p1a: Iron Moth|0 fnt
|faint|p1a: Iron Moth
|-end|p1a: Iron Moth|Quark Drive|[silent]
|
|upkeep
|
|t:|1769433086
|switch|p1a: Conkeldurr|Conkeldurr, F|76/100
|-damage|p1a: Conkeldurr|70/100|[from] Stealth Rock
|turn|22
|
|t:|1769433091
|switch|p2a: Gliscor|Gliscor, M|63/100 tox
|-damage|p2a: Gliscor|50/100 tox|[from] Stealth Rock
|move|p1a: Conkeldurr|Drain Punch|p2a: Gliscor
|-resisted|p2a: Gliscor
|-damage|p2a: Gliscor|32/100 tox
|-heal|p1a: Conkeldurr|77/100|[from] drain|[of] p2a: Gliscor
|
|-heal|p2a: Gliscor|45/100 tox|[from] ability: Poison Heal
|upkeep
|turn|23
|
|t:|1769433099
|move|p2a: Gliscor|Earthquake|p1a: Conkeldurr
|-damage|p1a: Conkeldurr|51/100
|move|p1a: Conkeldurr|Ice Punch|p2a: Gliscor
|-supereffective|p2a: Gliscor
|-damage|p2a: Gliscor|0 fnt
|faint|p2a: Gliscor
|
|upkeep
|
|t:|1769433105
|switch|p2a: Corviknight|Corviknight, M|100/100
|-damage|p2a: Corviknight|88/100|[from] Stealth Rock
|-ability|p2a: Corviknight|Pressure
|turn|24
|
|t:|1769433108
|move|p2a: Corviknight|Brave Bird|p1a: Conkeldurr
|-supereffective|p1a: Conkeldurr
|-crit|p1a: Conkeldurr
|-damage|p1a: Conkeldurr|0 fnt
|faint|p1a: Conkeldurr
|-damage|p2a: Corviknight|71/100|[from] Recoil
|
|-heal|p2a: Corviknight|77/100|[from] item: Leftovers
|upkeep
|
|t:|1769433112
|switch|p1a: Iron Treads|Iron Treads|79/100
|-damage|p1a: Iron Treads|76/100|[from] Stealth Rock
|turn|25
|
|t:|1769433122
|move|p1a: Iron Treads|Rapid Spin|p2a: Corviknight
|-resisted|p2a: Corviknight
|-damage|p2a: Corviknight|70/100
|-boost|p1a: Iron Treads|spe|1
|-sideend|p1: Aguila74|Stealth Rock|[from] move: Rapid Spin|[of] p1a: Iron Treads
|move|p2a: Corviknight|U-turn|p1a: Iron Treads
|-resisted|p1a: Iron Treads
|-damage|p1a: Iron Treads|69/100
|
|t:|1769433125
|switch|p2a: Weezing|Weezing-Galar, F|100/100|[from] U-turn
|-ability|p2a: Weezing|Neutralizing Gas
|-damage|p2a: Weezing|88/100|[from] Stealth Rock
|
|-heal|p1a: Iron Treads|76/100|[from] item: Leftovers
|-heal|p2a: Weezing|94/100|[from] item: Leftovers
|upkeep
|turn|26
|
|t:|1769433129
|move|p1a: Iron Treads|Iron Head|p2a: Weezing
|-supereffective|p2a: Weezing
|-damage|p2a: Weezing|47/100
|move|p2a: Weezing|Will-O-Wisp|p1a: Iron Treads
|-status|p1a: Iron Treads|brn
|
|-heal|p1a: Iron Treads|82/100 brn|[from] item: Leftovers
|-heal|p2a: Weezing|53/100|[from] item: Leftovers
|-damage|p1a: Iron Treads|76/100 brn|[from] brn
|upkeep
|turn|27
|
|t:|1769433134
|move|p1a: Iron Treads|Iron Head|p2a: Weezing
|-supereffective|p2a: Weezing
|-damage|p2a: Weezing|30/100
|move|p2a: Weezing|Defog|p1a: Iron Treads
|-unboost|p1a: Iron Treads|evasion|1
|-sideend|p2: Jahkem|Stealth Rock|[from] move: Defog|[of] p2a: Weezing
|
|-heal|p1a: Iron Treads|82/100 brn|[from] item: Leftovers
|-heal|p2a: Weezing|36/100|[from] item: Leftovers
|-damage|p1a: Iron Treads|76/100 brn|[from] brn
|upkeep
|turn|28
|
|t:|1769433140
|move|p1a: Iron Treads|Iron Head|p2a: Weezing
|-supereffective|p2a: Weezing
|-damage|p2a: Weezing|12/100
|move|p2a: Weezing|Toxic Spikes|p1a: Iron Treads
|-sidestart|p1: Aguila74|move: Toxic Spikes
|
|-heal|p1a: Iron Treads|82/100 brn|[from] item: Leftovers
|-heal|p2a: Weezing|18/100|[from] item: Leftovers
|-damage|p1a: Iron Treads|76/100 brn|[from] brn
|upkeep
|turn|29
|
|t:|1769433148
|move|p1a: Iron Treads|Iron Head|p2a: Weezing
|-supereffective|p2a: Weezing
|-damage|p2a: Weezing|0 fnt
|faint|p2a: Weezing
|-end|p2a: Weezing|ability: Neutralizing Gas
|
|-heal|p1a: Iron Treads|82/100 brn|[from] item: Leftovers
|-damage|p1a: Iron Treads|76/100 brn|[from] brn
|upkeep
|j| graylv
|
|t:|1769433152
|switch|p2a: Darkrai|Darkrai|88/100
|turn|30
|l| graylv
|
|t:|1769433161
|move|p1a: Iron Treads|Rapid Spin|p2a: Darkrai
|-damage|p2a: Darkrai|78/100
|-boost|p1a: Iron Treads|spe|1
|-sideend|p1: Aguila74|Toxic Spikes|[from] move: Rapid Spin|[of] p1a: Iron Treads
|move|p2a: Darkrai|Focus Blast|p1a: Iron Treads|[miss]
|-miss|p2a: Darkrai|p1a: Iron Treads
|
|-heal|p1a: Iron Treads|82/100 brn|[from] item: Leftovers
|-damage|p1a: Iron Treads|76/100 brn|[from] brn
|upkeep
|turn|31
|
|t:|1769433167
|move|p1a: Iron Treads|Iron Head|p2a: Darkrai
|-damage|p2a: Darkrai|54/100
|cant|p2a: Darkrai|flinch
|
|-heal|p1a: Iron Treads|82/100 brn|[from] item: Leftovers
|-damage|p1a: Iron Treads|76/100 brn|[from] brn
|upkeep
|turn|32
|
|t:|1769433171
|move|p1a: Iron Treads|Earthquake|p2a: Darkrai
|-damage|p2a: Darkrai|22/100
|move|p2a: Darkrai|Focus Blast|p1a: Iron Treads
|-supereffective|p1a: Iron Treads
|-damage|p1a: Iron Treads|0 fnt
|faint|p1a: Iron Treads
|-end|p1a: Iron Treads|Quark Drive|[silent]
|
|upkeep
|
|t:|1769433174
|switch|p1a: Dragapult|Dragapult, F|100/100
|turn|33
|
|t:|1769433176
|switch|p2a: Corviknight|Corviknight, M|70/100
|-ability|p2a: Corviknight|Pressure
|move|p1a: Dragapult|Sucker Punch||[still]
|-fail|p1a: Dragapult
|
|-heal|p2a: Corviknight|76/100|[from] item: Leftovers
|upkeep
|turn|34
|
|t:|1769433182
|switch|p1a: Suicune|Suicune|32/100
|-ability|p1a: Suicune|Pressure
|move|p2a: Corviknight|U-turn|p1a: Suicune
|-damage|p1a: Suicune|24/100
|
|t:|1769433184
|switch|p2a: Darkrai|Darkrai|22/100|[from] U-turn
|
|-heal|p1a: Suicune|30/100|[from] item: Leftovers
|upkeep
|turn|35
|
|t:|1769433191
|move|p2a: Darkrai|Dark Pulse|p1a: Suicune
|-damage|p1a: Suicune|0 fnt
|faint|p1a: Suicune
|
|upkeep
|
|t:|1769433197
|switch|p1a: Dragapult|Dragapult, F|100/100
|turn|36
|
|t:|1769433203
|switch|p2a: Corviknight|Corviknight, M|76/100
|-ability|p2a: Corviknight|Pressure
|-terastallize|p1a: Dragapult|Dragon
|move|p1a: Dragapult|Dragon Dance|p1a: Dragapult
|-boost|p1a: Dragapult|atk|1
|-boost|p1a: Dragapult|spe|1
|
|-heal|p2a: Corviknight|82/100|[from] item: Leftovers
|upkeep
|turn|37
|
|t:|1769433212
|move|p1a: Dragapult|Dragon Dance|p1a: Dragapult
|-boost|p1a: Dragapult|atk|1
|-boost|p1a: Dragapult|spe|1
|move|p2a: Corviknight|Roost|p2a: Corviknight
|-heal|p2a: Corviknight|100/100
|-singleturn|p2a: Corviknight|move: Roost
|
|upkeep
|turn|38
|
|t:|1769433218
|move|p1a: Dragapult|Phantom Force||[still]
|-prepare|p1a: Dragapult|Phantom Force
|move|p2a: Corviknight|Brave Bird|p1a: Dragapult|[miss]
|-miss|p2a: Corviknight|p1a: Dragapult
|
|upkeep
|turn|39
|
|t:|1769433220
|move|p1a: Dragapult|Phantom Force|p2a: Corviknight|[from] lockedmove
|-damage|p2a: Corviknight|0 fnt
|faint|p2a: Corviknight
|-damage|p1a: Dragapult|91/100|[from] item: Life Orb
|
|upkeep
|
|t:|1769433223
|switch|p2a: Darkrai|Darkrai|22/100
|turn|40
|
|t:|1769433226
|move|p1a: Dragapult|Dragon Darts|p2a: Darkrai
|-damage|p2a: Darkrai|0 fnt
|faint|p2a: Darkrai
|-damage|p1a: Dragapult|81/100|[from] item: Life Orb
|
|win|Aguila74
|raw|Aguila74's rating: 1524 &rarr; <strong>1550</strong><br />(+26 for winning)
|raw|Jahkem's rating: 1623 &rarr; <strong>1597</strong><br />(-26 for losing)
|l|☆Jahkem
|player|p2|
|l|☆Aguila74
|player|p1|
