|j|☆Mario Bronx
|j|☆MechaSixVII
|t:|1769292992
|gametype|singles
|player|p1|Mario Bronx|dancer|1197
|player|p2|MechaSixVII|1|1228
|gen|9
|tier|[Gen 9] OU
|rated|
|rule|HP Percentage Mod: HP is shown in percentages
|rule|Endless Battle Clause: Forcing endless battles is banned
|rule|Species Clause: Limit one of each Pokémon
|rule|OHKO Clause: OHKO moves are banned
|rule|Evasion Items Clause: Evasion items are banned
|rule|Evasion Moves Clause: Evasion moves are banned
|rule|Evasion Abilities Clause: Evasion abilities are banned
|rule|Sleep Moves Clause: Sleep-inducing moves are banned
|clearpoke
|poke|p1|Iron Valiant|
|poke|p1|Clefable, M|
|poke|p1|Hatterene, F|
|poke|p1|Primarina, M|
|poke|p1|Azumarill, M|
|poke|p1|Mimikyu, F|
|poke|p2|Gengar, F|
|poke|p2|Kleavor, M|
|poke|p2|Porygon-Z|
|poke|p2|Scizor, F|
|poke|p2|Malamar, M|
|poke|p2|Mimikyu, F|
|teampreview
|
|t:|1769293020
|teamsize|p1|6
|teamsize|p2|6
|start
|switch|p1a: Hatterene|Hatterene, F|100/100
|switch|p2a: Gengar|Gengar, F|100/100
|turn|1
|
|t:|1769293062
|-terastallize|p1a: Hatterene|Water
|move|p2a: Gengar|Sludge Wave|p1a: Hatterene
|-damage|p1a: Hatterene|40/100
|move|p1a: Hatterene|Psychic Noise|p2a: Gengar
|-supereffective|p2a: Gengar
|-damage|p2a: Gengar|0 fnt
|-start|p1a: Hatterene|Disable|Psychic Noise|[from] ability: Cursed Body|[of] p2a: Gengar
|faint|p2a: Gengar
|
|-heal|p1a: Hatterene|46/100|[from] item: Leftovers
|upkeep
|
|t:|1769293077
|switch|p2a: Kleavor|Kleavor, M|100/100
|turn|2
|
|t:|1769293083
|move|p2a: Kleavor|Stone Axe|p1a: Hatterene
|-damage|p1a: Hatterene|0 fnt
|-sidestart|p1: Mario Bronx|move: Stealth Rock
|faint|p1a: Hatterene
|
|upkeep
|
|t:|1769293120
|switch|p1a: Azumarill|Azumarill, M|100/100
|-damage|p1a: Azumarill|88/100|[from] Stealth Rock
|turn|3
|
|t:|1769293133
|switch|p2a: Scizor|Scizor, F|100/100
|move|p1a: Azumarill|Belly Drum|p1a: Azumarill
|-damage|p1a: Azumarill|38/100
|-setboost|p1a: Azumarill|atk|6|[from] move: Belly Drum
|-enditem|p1a: Azumarill|Sitrus Berry|[eat]
|-heal|p1a: Azumarill|63/100|[from] item: Sitrus Berry
|
|upkeep
|turn|4
|
|t:|1769293146
|move|p2a: Scizor|Bullet Punch|p1a: Azumarill
|-damage|p1a: Azumarill|26/100
|move|p1a: Azumarill|Aqua Jet|p2a: Scizor
|-damage|p2a: Scizor|7/100
|
|upkeep
|turn|5
|
|t:|1769293153
|move|p2a: Scizor|Bullet Punch|p1a: Azumarill
|-damage|p1a: Azumarill|0 fnt
|faint|p1a: Azumarill
|
|upkeep
|
|t:|1769293160
|switch|p1a: Primarina|Primarina, M|100/100
|-damage|p1a: Primarina|88/100|[from] Stealth Rock
|turn|6
|
|t:|1769293165
|move|p2a: Scizor|Bullet Punch|p1a: Primarina
|-damage|p1a: Primarina|45/100
|move|p1a: Primarina|Surf|p2a: Scizor
|-damage|p2a: Scizor|0 fnt
|faint|p2a: Scizor
|
|-heal|p1a: Primarina|51/100|[from] item: Leftovers
|upkeep
|
|t:|1769293181
|switch|p2a: Porygon-Z|Porygon-Z|100/100
|-item|p2a: Porygon-Z|Air Balloon
|turn|7
|
|t:|1769293194
|move|p2a: Porygon-Z|Tri Attack|p1a: Primarina
|-damage|p1a: Primarina|4/100
|-status|p1a: Primarina|frz
|cant|p1a: Primarina|frz
|
|-heal|p1a: Primarina|10/100 frz|[from] item: Leftovers
|upkeep
|turn|8
|
|t:|1769293203
|move|p2a: Porygon-Z|Shadow Ball|p1a: Primarina
|-damage|p1a: Primarina|0 fnt
|faint|p1a: Primarina
|
|upkeep
|
|t:|1769293213
|switch|p1a: Iron Valiant|Iron Valiant|100/100
|-damage|p1a: Iron Valiant|94/100|[from] Stealth Rock
|-enditem|p1a: Iron Valiant|Booster Energy
|-activate|p1a: Iron Valiant|ability: Quark Drive|[fromitem]
|-start|p1a: Iron Valiant|quarkdrivespe
|turn|9
|
|t:|1769293226
|-terastallize|p2a: Porygon-Z|Ghost
|move|p1a: Iron Valiant|Moonblast|p2a: Porygon-Z
|-damage|p2a: Porygon-Z|50/100
|-enditem|p2a: Porygon-Z|Air Balloon
|move|p2a: Porygon-Z|Shadow Ball|p1a: Iron Valiant
|-damage|p1a: Iron Valiant|0 fnt
|faint|p1a: Iron Valiant
|-end|p1a: Iron Valiant|Quark Drive|[silent]
|
|upkeep
|
|t:|1769293238
|switch|p1a: Mimikyu|Mimikyu, F|100/100
|-damage|p1a: Mimikyu|88/100|[from] Stealth Rock
|turn|10
|
|t:|1769293244
|move|p2a: Porygon-Z|Shadow Ball|p1a: Mimikyu
|-activate|p1a: Mimikyu|ability: Disguise
|-damage|p1a: Mimikyu|88/100
|detailschange|p1a: Mimikyu|Mimikyu-Busted, F
|-damage|p1a: Mimikyu|76/100|[from] pokemon: Mimikyu-Busted
|-enditem|p1a: Mimikyu|Red Card|[of] p2a: Porygon-Z
|drag|p2a: Malamar|Malamar, M|100/100
|move|p1a: Mimikyu|Trick Room|p1a: Mimikyu
|-fieldstart|move: Trick Room|[of] p1a: Mimikyu
|
|upkeep
|turn|11
|
|t:|1769293255
|move|p1a: Mimikyu|Play Rough|p2a: Malamar
|-supereffective|p2a: Malamar
|-damage|p2a: Malamar|2/100
|move|p2a: Malamar|Switcheroo|p1a: Mimikyu
|-activate|p2a: Malamar|move: Trick|[of] p1a: Mimikyu
|-item|p1a: Mimikyu|Choice Scarf|[from] move: Switcheroo
|-enditem|p2a: Malamar|Choice Scarf|[silent]|[from] move: Switcheroo
|
|upkeep
|turn|12
|
|t:|1769293268
|switch|p1a: Clefable|Clefable, M|100/100
|move|p2a: Malamar|Disable||[still]
|-fail|p2a: Malamar
|
|upkeep
|turn|13
|
|t:|1769293273
|move|p2a: Malamar|Destiny Bond|p2a: Malamar
|-singlemove|p2a: Malamar|Destiny Bond
|move|p1a: Clefable|Trick|p2a: Malamar
|-activate|p1a: Clefable|move: Trick|[of] p2a: Malamar
|-item|p2a: Malamar|Lagging Tail|[from] move: Trick
|-enditem|p1a: Clefable|Lagging Tail|[silent]|[from] move: Trick
|
|upkeep
|turn|14
|
|t:|1769293289
|move|p1a: Clefable|Calm Mind|p1a: Clefable
|-boost|p1a: Clefable|spa|1
|-boost|p1a: Clefable|spd|1
|move|p2a: Malamar|Superpower|p1a: Clefable
|-resisted|p1a: Clefable
|-damage|p1a: Clefable|82/100
|-boost|p2a: Malamar|atk|1
|-boost|p2a: Malamar|def|1
|
|-fieldend|move: Trick Room
|upkeep
|turn|15
|
|t:|1769293302
|move|p1a: Clefable|Moonblast|p2a: Malamar
|-supereffective|p2a: Malamar
|-damage|p2a: Malamar|0 fnt
|faint|p2a: Malamar
|
|upkeep
|
|t:|1769293308
|switch|p2a: Porygon-Z|Porygon-Z, tera:Ghost|50/100
|turn|16
|
|t:|1769293314
|move|p2a: Porygon-Z|Shadow Ball|p1a: Clefable
|-damage|p1a: Clefable|46/100
|move|p1a: Clefable|Moonblast|p2a: Porygon-Z
|-damage|p2a: Porygon-Z|0 fnt
|faint|p2a: Porygon-Z
|
|upkeep
|
|t:|1769293322
|switch|p2a: Kleavor|Kleavor, M|100/100
|turn|17
|
|t:|1769293328
|move|p2a: Kleavor|Stone Axe|p1a: Clefable
|-damage|p1a: Clefable|0 fnt
|faint|p1a: Clefable
|
|upkeep
|
|t:|1769293332
|switch|p1a: Mimikyu|Mimikyu-Busted, F|76/100
|-damage|p1a: Mimikyu|63/100|[from] Stealth Rock
|turn|18
|
|t:|1769293340
|move|p1a: Mimikyu|Shadow Claw|p2a: Kleavor
|-crit|p2a: Kleavor
|-damage|p2a: Kleavor|44/100
|move|p2a: Kleavor|Night Slash|p1a: Mimikyu
|-damage|p1a: Mimikyu|17/100
|
|upkeep
|turn|19
|
|t:|1769293348
|move|p1a: Mimikyu|Shadow Claw|p2a: Kleavor
|-damage|p2a: Kleavor|7/100
|move|p2a: Kleavor|Night Slash|p1a: Mimikyu
|-crit|p1a: Mimikyu
|-damage|p1a: Mimikyu|0 fnt
|faint|p1a: Mimikyu
|
|win|MechaSixVII
|raw|Mario Bronx's rating: 1197 &rarr; <strong>1174</strong><br />(-23 for losing)
|raw|MechaSixVII's rating: 1228 &rarr; <strong>1251</strong><br />(+23 for winning)
|l|☆Mario Bronx
|player|p1|
