|j|☆Darkmaniman+Minus
|j|☆tomatoparis
|t:|1769371480
|gametype|singles
|player|p1|Darkmaniman+Minus|102|1399
|player|p2|tomatoparis|266|1428
|gen|9
|tier|[Gen 9] OU
|rated|
|rule|HP Percentage Mod: HP is shown in percentages
|rule|Endless Battle Clause: Forcing endless battles is banned
|rule|Species Clause: Limit one of each Pokémon
|rule|OHKO Clause: OHKO moves are banned
|rule|Evasion Items Clause: Evasion items are banned
|rule|Evasion Moves Clause: Evasion moves are banned
|rule|Evasion Abilities Clause: Evasion abilities are banned
|rule|Sleep Moves Clause: Sleep-inducing moves are banned
|clearpoke
|poke|p1|Drifblim, F|
|poke|p1|Rillaboom, F|
|poke|p1|Iron Crown|
|poke|p1|Ninetales-Alola, M|
|poke|p1|Blaziken, F|
|poke|p1|Ting-Lu|
|poke|p2|Pelipper, M|
|poke|p2|Dondozo, M|
|poke|p2|Tyranitar, F|
|poke|p2|Barraskewda, F|
|poke|p2|Kingdra, F|
|poke|p2|Excadrill, M|
|teampreview
|
|t:|1769371490
|teamsize|p1|6
|teamsize|p2|6
|start
|switch|p1a: Curious George|Rillaboom, F, shiny|100/100
|switch|p2a: Excadrill|Excadrill, M|100/100
|-fieldstart|move: Grassy Terrain|[from] ability: Grassy Surge|[of] p1a: Curious George
|turn|1
|
|t:|1769371504
|switch|p2a: Pelipper|Pelipper, M|100/100
|-weather|RainDance|[from] ability: Drizzle|[of] p2a: Pelipper
|move|p1a: Curious George|Knock Off|p2a: Pelipper
|-damage|p2a: Pelipper|81/100
|-enditem|p2a: Pelipper|Damp Rock|[from] move: Knock Off|[of] p1a: Curious George
|
|-weather|RainDance|[upkeep]
|upkeep
|turn|2
|
|t:|1769371515
|switch|p1a: Ninetales|Ninetales-Alola, M|100/100
|-weather|Snowscape|[from] ability: Snow Warning|[of] p1a: Ninetales
|move|p2a: Pelipper|U-turn|p1a: Ninetales
|-resisted|p1a: Ninetales
|-damage|p1a: Ninetales|97/100
|
|t:|1769371525
|switch|p2a: Tyranitar|Tyranitar, F|100/100|[from] U-turn
|-weather|Sandstorm|[from] ability: Sand Stream|[of] p2a: Tyranitar
|
|-weather|Sandstorm|[upkeep]
|-damage|p1a: Ninetales|91/100|[from] Sandstorm
|-heal|p1a: Ninetales|97/100|[from] Grassy Terrain
|upkeep
|turn|3
|
|t:|1769371530
|switch|p1a: Curious George|Rillaboom, F, shiny|100/100
|move|p2a: Tyranitar|Fire Punch|p1a: Curious George
|-supereffective|p1a: Curious George
|-damage|p1a: Curious George|58/100
|
|-weather|Sandstorm|[upkeep]
|-damage|p1a: Curious George|52/100|[from] Sandstorm
|-heal|p1a: Curious George|58/100|[from] Grassy Terrain
|upkeep
|turn|4
|
|t:|1769371540
|move|p1a: Curious George|Leech Seed|p2a: Tyranitar
|-start|p2a: Tyranitar|move: Leech Seed
|move|p2a: Tyranitar|Knock Off|p1a: Curious George
|-damage|p1a: Curious George|16/100
|-enditem|p1a: Curious George|Terrain Extender|[from] move: Knock Off|[of] p2a: Tyranitar
|
|-weather|Sandstorm|[upkeep]
|-damage|p1a: Curious George|10/100|[from] Sandstorm
|-heal|p1a: Curious George|16/100|[from] Grassy Terrain
|-damage|p2a: Tyranitar|88/100|[from] Leech Seed|[of] p1a: Curious George
|-heal|p1a: Curious George|29/100|[silent]
|upkeep
|turn|5
|
|t:|1769371553
|switch|p1a: Blaziken|Blaziken, F|100/100
|switch|p2a: Pelipper|Pelipper, M|81/100
|-weather|RainDance|[from] ability: Drizzle|[of] p2a: Pelipper
|
|-weather|RainDance|[upkeep]
|upkeep
|turn|6
|
|t:|1769371564
|switch|p1a: Ninetales|Ninetales-Alola, M|97/100
|-weather|Snowscape|[from] ability: Snow Warning|[of] p1a: Ninetales
|move|p2a: Pelipper|U-turn|p1a: Ninetales
|-resisted|p1a: Ninetales
|-damage|p1a: Ninetales|94/100
|
|t:|1769371569
|switch|p2a: Tyranitar|Tyranitar, F|88/100|[from] U-turn
|-weather|Sandstorm|[from] ability: Sand Stream|[of] p2a: Tyranitar
|
|-weather|Sandstorm|[upkeep]
|-damage|p1a: Ninetales|88/100|[from] Sandstorm
|-heal|p1a: Ninetales|94/100|[from] Grassy Terrain
|-heal|p2a: Tyranitar|94/100|[from] Grassy Terrain
|upkeep
|turn|7
|
|t:|1769371576
|switch|p1a: Ting-Lu|Ting-Lu|100/100
|-ability|p1a: Ting-Lu|Vessel of Ruin
|move|p2a: Tyranitar|Fire Punch|p1a: Ting-Lu
|-damage|p1a: Ting-Lu|85/100
|
|-weather|Sandstorm|[upkeep]
|-heal|p2a: Tyranitar|100/100|[from] Grassy Terrain
|-heal|p1a: Ting-Lu|91/100|[from] Grassy Terrain
|-heal|p1a: Ting-Lu|97/100|[from] item: Leftovers
|upkeep
|turn|8
|
|t:|1769371579
|move|p2a: Tyranitar|Knock Off|p1a: Ting-Lu
|-resisted|p1a: Ting-Lu
|-damage|p1a: Ting-Lu|82/100
|-enditem|p1a: Ting-Lu|Leftovers|[from] move: Knock Off|[of] p2a: Tyranitar
|move|p1a: Ting-Lu|Stealth Rock|p2a: Tyranitar
|-sidestart|p2: tomatoparis|move: Stealth Rock
|
|-weather|Sandstorm|[upkeep]
|-heal|p1a: Ting-Lu|88/100|[from] Grassy Terrain
|-fieldend|move: Grassy Terrain
|upkeep
|turn|9
|
|t:|1769371590
|switch|p2a: Pelipper|Pelipper, M|81/100
|-damage|p2a: Pelipper|56/100|[from] Stealth Rock
|-weather|RainDance|[from] ability: Drizzle|[of] p2a: Pelipper
|move|p1a: Ting-Lu|Ruination|p2a: Pelipper
|-damage|p2a: Pelipper|28/100
|
|-weather|RainDance|[upkeep]
|upkeep
|turn|10
|
|t:|1769371597
|switch|p1a: Ninetales|Ninetales-Alola, M|94/100
|-weather|Snowscape|[from] ability: Snow Warning|[of] p1a: Ninetales
|move|p2a: Pelipper|U-turn|p1a: Ninetales
|-resisted|p1a: Ninetales
|-damage|p1a: Ninetales|90/100
|
|t:|1769371602
|switch|p2a: Barraskewda|Barraskewda, F|100/100|[from] U-turn
|-damage|p2a: Barraskewda|88/100|[from] Stealth Rock
|
|-weather|Snowscape|[upkeep]
|upkeep
|turn|11
|
|t:|1769371609
|move|p2a: Barraskewda|Poison Jab|p1a: Ninetales
|-supereffective|p1a: Ninetales
|-damage|p1a: Ninetales|15/100
|-status|p1a: Ninetales|psn
|move|p1a: Ninetales|Moonblast|p2a: Barraskewda
|-damage|p2a: Barraskewda|25/100
|
|-weather|Snowscape|[upkeep]
|-damage|p1a: Ninetales|2/100 psn|[from] psn
|upkeep
|turn|12
|
|t:|1769371622
|switch|p2a: Excadrill|Excadrill, M|100/100
|-damage|p2a: Excadrill|97/100|[from] Stealth Rock
|switch|p1a: Curious George|Rillaboom, F, shiny|29/100
|-fieldstart|move: Grassy Terrain|[from] ability: Grassy Surge|[of] p1a: Curious George
|
|-weather|Snowscape|[upkeep]
|-heal|p2a: Excadrill|100/100|[from] Grassy Terrain
|-heal|p1a: Curious George|35/100|[from] Grassy Terrain
|upkeep
|turn|13
|
|t:|1769371625
|move|p2a: Excadrill|Rapid Spin|p1a: Curious George
|-damage|p1a: Curious George|18/100
|-boost|p2a: Excadrill|spe|1
|-sideend|p2: tomatoparis|Stealth Rock|[from] move: Rapid Spin|[of] p2a: Excadrill
|-damage|p2a: Excadrill|91/100|[from] item: Life Orb
|move|p1a: Curious George|Leech Seed|p2a: Excadrill
|-start|p2a: Excadrill|move: Leech Seed
|
|-weather|Snowscape|[upkeep]
|-heal|p2a: Excadrill|97/100|[from] Grassy Terrain
|-heal|p1a: Curious George|24/100|[from] Grassy Terrain
|-damage|p2a: Excadrill|84/100|[from] Leech Seed|[of] p1a: Curious George
|-heal|p1a: Curious George|36/100|[silent]
|upkeep
|turn|14
|
|t:|1769371629
|move|p1a: Curious George|Grassy Glide|p2a: Excadrill
|-damage|p2a: Excadrill|41/100
|move|p2a: Excadrill|Iron Head|p1a: Curious George
|-damage|p1a: Curious George|0 fnt
|faint|p1a: Curious George
|-damage|p2a: Excadrill|32/100|[from] item: Life Orb
|
|-weather|none
|-heal|p2a: Excadrill|38/100|[from] Grassy Terrain
|upkeep
|
|t:|1769371644
|switch|p1a: Drifdoom|Drifblim, F|100/100
|-enditem|p1a: Drifdoom|Grassy Seed
|-boost|p1a: Drifdoom|def|1|[from] item: Grassy Seed
|turn|15
|
|t:|1769371649
|switch|p2a: Tyranitar|Tyranitar, F|100/100
|-weather|Sandstorm|[from] ability: Sand Stream|[of] p2a: Tyranitar
|move|p1a: Drifdoom|Calm Mind|p1a: Drifdoom
|-boost|p1a: Drifdoom|spa|1
|-boost|p1a: Drifdoom|spd|1
|
|-weather|Sandstorm|[upkeep]
|-damage|p1a: Drifdoom|94/100|[from] Sandstorm
|upkeep
|turn|16
|
|t:|1769371652
|move|p1a: Drifdoom|Will-O-Wisp|p2a: Tyranitar
|-status|p2a: Tyranitar|brn
|move|p2a: Tyranitar|Knock Off|p1a: Drifdoom
|-supereffective|p1a: Drifdoom
|-damage|p1a: Drifdoom|64/100
|
|-weather|Sandstorm|[upkeep]
|-damage|p1a: Drifdoom|58/100|[from] Sandstorm
|-damage|p2a: Tyranitar|94/100 brn|[from] brn
|-fieldend|move: Grassy Terrain
|upkeep
|turn|17
|
|t:|1769371657
|move|p1a: Drifdoom|Calm Mind|p1a: Drifdoom
|-boost|p1a: Drifdoom|spa|1
|-boost|p1a: Drifdoom|spd|1
|move|p2a: Tyranitar|Stone Edge|p1a: Drifdoom|[miss]
|-miss|p2a: Tyranitar|p1a: Drifdoom
|
|-weather|Sandstorm|[upkeep]
|-damage|p1a: Drifdoom|52/100|[from] Sandstorm
|-damage|p2a: Tyranitar|88/100 brn|[from] brn
|upkeep
|turn|18
|
|t:|1769371663
|move|p1a: Drifdoom|Strength Sap|p2a: Tyranitar
|-unboost|p2a: Tyranitar|atk|1
|-heal|p1a: Drifdoom|100/100
|move|p2a: Tyranitar|Stone Edge|p1a: Drifdoom|[miss]
|-miss|p2a: Tyranitar|p1a: Drifdoom
|
|-weather|Sandstorm|[upkeep]
|-damage|p1a: Drifdoom|94/100|[from] Sandstorm
|-damage|p2a: Tyranitar|82/100 brn|[from] brn
|upkeep
|turn|19
|
|t:|1769371672
|switch|p2a: Pelipper|Pelipper, M|28/100
|-weather|RainDance|[from] ability: Drizzle|[of] p2a: Pelipper
|move|p1a: Drifdoom|Calm Mind|p1a: Drifdoom
|-boost|p1a: Drifdoom|spa|1
|-boost|p1a: Drifdoom|spd|1
|
|-weather|RainDance|[upkeep]
|upkeep
|turn|20
|
|t:|1769371678
|switch|p2a: Tyranitar|Tyranitar, F|82/100 brn
|-weather|Sandstorm|[from] ability: Sand Stream|[of] p2a: Tyranitar
|move|p1a: Drifdoom|Shadow Ball|p2a: Tyranitar
|-resisted|p2a: Tyranitar
|-damage|p2a: Tyranitar|64/100 brn
|
|-weather|Sandstorm|[upkeep]
|-damage|p1a: Drifdoom|88/100|[from] Sandstorm
|-damage|p2a: Tyranitar|58/100 brn|[from] brn
|upkeep
|turn|21
|
|t:|1769371687
|move|p1a: Drifdoom|Strength Sap|p2a: Tyranitar
|-unboost|p2a: Tyranitar|atk|1
|-heal|p1a: Drifdoom|100/100
|move|p2a: Tyranitar|Stone Edge|p1a: Drifdoom|[miss]
|-miss|p2a: Tyranitar|p1a: Drifdoom
|
|-weather|Sandstorm|[upkeep]
|-damage|p1a: Drifdoom|94/100|[from] Sandstorm
|-damage|p2a: Tyranitar|52/100 brn|[from] brn
|upkeep
|turn|22
|
|t:|1769371694
|move|p1a: Drifdoom|Calm Mind|p1a: Drifdoom
|-boost|p1a: Drifdoom|spa|1
|-boost|p1a: Drifdoom|spd|1
|move|p2a: Tyranitar|Stone Edge|p1a: Drifdoom
|-supereffective|p1a: Drifdoom
|-damage|p1a: Drifdoom|62/100
|
|-weather|Sandstorm|[upkeep]
|-damage|p1a: Drifdoom|56/100|[from] Sandstorm
|-damage|p2a: Tyranitar|46/100 brn|[from] brn
|upkeep
|turn|23
|
|t:|1769371701
|move|p1a: Drifdoom|Strength Sap|p2a: Tyranitar
|-unboost|p2a: Tyranitar|atk|1
|-heal|p1a: Drifdoom|100/100
|move|p2a: Tyranitar|Stone Edge|p1a: Drifdoom|[miss]
|-miss|p2a: Tyranitar|p1a: Drifdoom
|
|-weather|Sandstorm|[upkeep]
|-damage|p1a: Drifdoom|94/100|[from] Sandstorm
|-damage|p2a: Tyranitar|40/100 brn|[from] brn
|upkeep
|turn|24
|
|t:|1769371705
|move|p1a: Drifdoom|Calm Mind|p1a: Drifdoom
|-boost|p1a: Drifdoom|spa|1
|-boost|p1a: Drifdoom|spd|1
|move|p2a: Tyranitar|Stone Edge|p1a: Drifdoom
|-supereffective|p1a: Drifdoom
|-crit|p1a: Drifdoom
|-damage|p1a: Drifdoom|0 fnt
|faint|p1a: Drifdoom
|
|-weather|none
|-damage|p2a: Tyranitar|33/100 brn|[from] brn
|upkeep
|
|t:|1769371708
|switch|p1a: Blaziken|Blaziken, F|100/100
|turn|25
|
|t:|1769371711
|switch|p2a: Dondozo|Dondozo, M|100/100
|move|p1a: Blaziken|Focus Energy|p1a: Blaziken
|-start|p1a: Blaziken|move: Focus Energy
|
|-ability|p1a: Blaziken|Speed Boost|boost
|-boost|p1a: Blaziken|spe|1
|upkeep
|turn|26
|
|t:|1769371785
|move|p1a: Blaziken|Overheat|p2a: Dondozo
|-resisted|p2a: Dondozo
|-crit|p2a: Dondozo
|-damage|p2a: Dondozo|53/100
|-unboost|p1a: Blaziken|spa|2
|move|p2a: Dondozo|Wave Crash|p1a: Blaziken
|-supereffective|p1a: Blaziken
|-damage|p1a: Blaziken|0 fnt
|faint|p1a: Blaziken
|-damage|p2a: Dondozo|33/100|[from] Recoil
|
|upkeep
|
|t:|1769371798
|switch|p1a: Iron Crown|Iron Crown|100/100
|turn|27
|
|t:|1769371801
|switch|p2a: Tyranitar|Tyranitar, F|33/100 brn
|-weather|Sandstorm|[from] ability: Sand Stream|[of] p2a: Tyranitar
|move|p1a: Iron Crown|Agility|p1a: Iron Crown
|-boost|p1a: Iron Crown|spe|2
|
|-weather|Sandstorm|[upkeep]
|-damage|p2a: Tyranitar|27/100 brn|[from] brn
|upkeep
|turn|28
|
|t:|1769371815
|-terastallize|p1a: Iron Crown|Fighting
|move|p1a: Iron Crown|Tera Blast|p2a: Tyranitar|[anim] Tera Blast Fighting
|-supereffective|p2a: Tyranitar
|-damage|p2a: Tyranitar|0 fnt
|faint|p2a: Tyranitar
|
|-weather|Sandstorm|[upkeep]
|-damage|p1a: Iron Crown|94/100|[from] Sandstorm
|upkeep
|
|t:|1769371820
|switch|p2a: Excadrill|Excadrill, M|38/100
|turn|29
|
|t:|1769371824
|move|p2a: Excadrill|Earthquake|p1a: Iron Crown
|-damage|p1a: Iron Crown|40/100
|-damage|p2a: Excadrill|28/100|[from] item: Life Orb
|move|p1a: Iron Crown|Agility|p1a: Iron Crown
|-boost|p1a: Iron Crown|spe|2
|
|-weather|Sandstorm|[upkeep]
|-damage|p1a: Iron Crown|34/100|[from] Sandstorm
|upkeep
|turn|30
|
|t:|1769371831
|move|p1a: Iron Crown|Tera Blast|p2a: Excadrill|[anim] Tera Blast Fighting
|-supereffective|p2a: Excadrill
|-damage|p2a: Excadrill|0 fnt
|faint|p2a: Excadrill
|
|-weather|Sandstorm|[upkeep]
|-damage|p1a: Iron Crown|28/100|[from] Sandstorm
|upkeep
|
|t:|1769371839
|switch|p2a: Dondozo|Dondozo, M|33/100
|turn|31
|
|t:|1769371852
|move|p1a: Iron Crown|Stored Power|p2a: Dondozo
|-damage|p2a: Dondozo|0 fnt
|faint|p2a: Dondozo
|
|-weather|none
|upkeep
|
|t:|1769371860
|switch|p2a: Pelipper|Pelipper, M|28/100
|-weather|RainDance|[from] ability: Drizzle|[of] p2a: Pelipper
|turn|32
|
|t:|1769371867
|switch|p2a: Kingdra|Kingdra, F|100/100
|move|p1a: Iron Crown|Agility|p1a: Iron Crown
|-boost|p1a: Iron Crown|spe|2
|
|-weather|RainDance|[upkeep]
|upkeep
|turn|33
|
|t:|1769371871
|move|p1a: Iron Crown|Stored Power|p2a: Kingdra
|-damage|p2a: Kingdra|22/100
|move|p2a: Kingdra|Surf|p1a: Iron Crown
|-damage|p1a: Iron Crown|0 fnt
|faint|p1a: Iron Crown
|-end|p1a: Iron Crown|Quark Drive|[silent]
|-damage|p2a: Kingdra|12/100|[from] item: Life Orb
|
|-weather|RainDance|[upkeep]
|upkeep
|
|t:|1769371873
|switch|p1a: Ninetales|Ninetales-Alola, M|2/100 psn
|-weather|Snowscape|[from] ability: Snow Warning|[of] p1a: Ninetales
|turn|34
|
|t:|1769371877
|move|p1a: Ninetales|Freeze-Dry|p2a: Kingdra
|-supereffective|p2a: Kingdra
|-damage|p2a: Kingdra|0 fnt
|faint|p2a: Kingdra
|
|-weather|Snowscape|[upkeep]
|-damage|p1a: Ninetales|0 fnt|[from] psn
|faint|p1a: Ninetales
|upkeep
|
|t:|1769371882
|switch|p1a: Ting-Lu|Ting-Lu|88/100
|switch|p2a: Pelipper|Pelipper, M|28/100
|-weather|RainDance|[from] ability: Drizzle|[of] p2a: Pelipper
|-ability|p1a: Ting-Lu|Vessel of Ruin
|turn|35
|
|t:|1769371886
|move|p2a: Pelipper|Hydro Pump|p1a: Ting-Lu
|-supereffective|p1a: Ting-Lu
|-damage|p1a: Ting-Lu|40/100
|move|p1a: Ting-Lu|Stealth Rock|p2a: Pelipper
|-sidestart|p2: tomatoparis|move: Stealth Rock
|
|-weather|RainDance|[upkeep]
|upkeep
|turn|36
|
|t:|1769371891
|move|p2a: Pelipper|Roost|p2a: Pelipper
|-heal|p2a: Pelipper|79/100
|-singleturn|p2a: Pelipper|move: Roost
|move|p1a: Ting-Lu|Stomping Tantrum|p2a: Pelipper
|-damage|p2a: Pelipper|58/100
|
|-weather|RainDance|[upkeep]
|upkeep
|turn|37
|
|t:|1769371894
|move|p2a: Pelipper|Hydro Pump|p1a: Ting-Lu
|-supereffective|p1a: Ting-Lu
|-crit|p1a: Ting-Lu
|-damage|p1a: Ting-Lu|0 fnt
|faint|p1a: Ting-Lu
|
|win|tomatoparis
|raw|Darkmaniman+Minus's rating: 1399 &rarr; <strong>1381</strong><br />(-18 for losing)
|raw|tomatoparis's rating: 1428 &rarr; <strong>1446</strong><br />(+18 for winning)
|l|☆tomatoparis
|player|p2|
|l|☆Darkmaniman+Minus
|player|p1|
