|j|☆Napple09
|j|☆mystery rain ninja
|t:|1769436487
|gametype|singles
|player|p1|Napple09|pokemonbreeder-gen6|1606
|player|p2|mystery rain ninja|janine|1570
|gen|9
|tier|[Gen 9] OU
|rated|
|rule|HP Percentage Mod: HP is shown in percentages
|rule|Endless Battle Clause: Forcing endless battles is banned
|rule|Species Clause: Limit one of each Pokémon
|rule|OHKO Clause: OHKO moves are banned
|rule|Evasion Items Clause: Evasion items are banned
|rule|Evasion Moves Clause: Evasion moves are banned
|rule|Evasion Abilities Clause: Evasion abilities are banned
|rule|Sleep Moves Clause: Sleep-inducing moves are banned
|clearpoke
|poke|p1|Hydrapple, F|
|poke|p1|Great Tusk|
|poke|p1|Lokix, M|
|poke|p1|Cinderace, F|
|poke|p1|Alomomola, M|
|poke|p1|Slowking-Galar, F|
|poke|p2|Pelipper, M|
|poke|p2|Raging Bolt|
|poke|p2|Overqwil, M|
|poke|p2|Barraskewda, M|
|poke|p2|Iron Treads|
|poke|p2|Kingambit, M|
|teampreview
|inactive|Battle timer is ON: inactive players will automatically lose when time's up. (requested by Napple09)
|
|t:|1769436521
|teamsize|p1|6
|teamsize|p2|6
|start
|switch|p1a: 【 Eepy 】|Slowking-Galar, F|100/100
|switch|p2a: Pelipper|Pelipper, M|100/100
|-weather|RainDance|[from] ability: Drizzle|[of] p2a: Pelipper
|turn|1
|
|t:|1769436527
|move|p2a: Pelipper|U-turn|p1a: 【 Eepy 】
|-damage|p1a: 【 Eepy 】|93/100
|
|t:|1769436528
|switch|p2a: Iron Treads|Iron Treads|100/100|[from] U-turn
|-enditem|p2a: Iron Treads|Booster Energy
|-activate|p2a: Iron Treads|ability: Quark Drive|[fromitem]
|-start|p2a: Iron Treads|quarkdrivespe
|move|p1a: 【 Eepy 】|Trick|p2a: Iron Treads
|-activate|p1a: 【 Eepy 】|move: Trick|[of] p2a: Iron Treads
|-item|p2a: Iron Treads|Black Sludge|[from] move: Trick
|-enditem|p1a: 【 Eepy 】|Black Sludge|[silent]|[from] move: Trick
|
|-weather|RainDance|[upkeep]
|-damage|p2a: Iron Treads|88/100|[from] item: Black Sludge
|upkeep
|turn|2
|
|t:|1769436540
|move|p2a: Iron Treads|Stealth Rock|p1a: 【 Eepy 】
|-sidestart|p1: Napple09|move: Stealth Rock
|-prepare|p1a: 【 Eepy 】|Chilly Reception|[premajor]
|move|p1a: 【 Eepy 】|Chilly Reception|p1a: 【 Eepy 】
|-weather|Snowscape
|
|t:|1769436543
|switch|p1a: 【 Tusky 】|Great Tusk|100/100|[from] Chilly Reception
|-damage|p1a: 【 Tusky 】|97/100|[from] Stealth Rock
|
|-weather|Snowscape|[upkeep]
|-damage|p2a: Iron Treads|76/100|[from] item: Black Sludge
|upkeep
|turn|3
|
|t:|1769436554
|-terastallize|p2a: Iron Treads|Ghost
|move|p2a: Iron Treads|Earth Power|p1a: 【 Tusky 】
|-damage|p1a: 【 Tusky 】|52/100
|move|p1a: 【 Tusky 】|Rapid Spin|p2a: Iron Treads
|-immune|p2a: Iron Treads
|
|-weather|Snowscape|[upkeep]
|-damage|p2a: Iron Treads|63/100|[from] item: Black Sludge
|upkeep
|turn|4
|
|t:|1769436569
|-end|p2a: Iron Treads|Quark Drive|[silent]
|switch|p2a: Pelipper|Pelipper, M|100/100
|-weather|RainDance|[from] ability: Drizzle|[of] p2a: Pelipper
|-end|p1a: 【 Tusky 】|Protosynthesis|[silent]
|switch|p1a: 【 Momo 】|Alomomola, M|100/100
|-damage|p1a: 【 Momo 】|88/100|[from] Stealth Rock
|
|-weather|RainDance|[upkeep]
|upkeep
|turn|5
|
|t:|1769436573
|move|p2a: Pelipper|U-turn|p1a: 【 Momo 】
|-damage|p1a: 【 Momo 】|82/100
|
|t:|1769436578
|switch|p2a: Barraskewda|Barraskewda, M|100/100|[from] U-turn
|move|p1a: 【 Momo 】|Flip Turn|p2a: Barraskewda
|-resisted|p2a: Barraskewda
|-damage|p2a: Barraskewda|78/100
|
|t:|1769436585
|switch|p1a: 【 Syrup 】|Hydrapple, F, shiny|100/100|[from] Flip Turn
|-damage|p1a: 【 Syrup 】|88/100|[from] Stealth Rock
|
|-weather|RainDance|[upkeep]
|upkeep
|turn|6
|
|t:|1769436604
|move|p2a: Barraskewda|Flip Turn|p1a: 【 Syrup 】
|-resisted|p1a: 【 Syrup 】
|-damage|p1a: 【 Syrup 】|73/100
|
|t:|1769436609
|switch|p2a: Kingambit|Kingambit, M|100/100|[from] Flip Turn
|move|p1a: 【 Syrup 】|Leaf Storm|p2a: Kingambit|[miss]
|-miss|p1a: 【 Syrup 】|p2a: Kingambit
|
|-weather|RainDance|[upkeep]
|upkeep
|turn|7
|
|t:|1769436617
|move|p1a: 【 Syrup 】|Earth Power|p2a: Kingambit
|-supereffective|p2a: Kingambit
|-damage|p2a: Kingambit|21/100
|-damage|p1a: 【 Syrup 】|63/100|[from] item: Life Orb
|move|p2a: Kingambit|Swords Dance|p2a: Kingambit
|-boost|p2a: Kingambit|atk|2
|
|-weather|RainDance|[upkeep]
|-heal|p2a: Kingambit|28/100|[from] item: Leftovers
|upkeep
|turn|8
|
|t:|1769436624
|switch|p1a: 【 Tusky 】|Great Tusk|52/100
|-damage|p1a: 【 Tusky 】|49/100|[from] Stealth Rock
|move|p2a: Kingambit|Iron Head|p1a: 【 Tusky 】
|-damage|p1a: 【 Tusky 】|0 fnt
|-damage|p2a: Kingambit|11/100|[from] item: Rocky Helmet|[of] p1a: 【 Tusky 】
|faint|p1a: 【 Tusky 】
|-end|p1a: 【 Tusky 】|Protosynthesis|[silent]
|
|-weather|RainDance|[upkeep]
|-heal|p2a: Kingambit|17/100|[from] item: Leftovers
|upkeep
|
|t:|1769436633
|switch|p1a: 【 Luffy 】|Lokix, M|100/100
|-damage|p1a: 【 Luffy 】|76/100|[from] Stealth Rock
|turn|9
|
|t:|1769436641
|-end|p2a: Kingambit|fallenundefined|[silent]
|switch|p2a: Pelipper|Pelipper, M|100/100
|move|p1a: 【 Luffy 】|U-turn|p2a: Pelipper
|-resisted|p2a: Pelipper
|-damage|p2a: Pelipper|58/100
|
|t:|1769436645
|switch|p1a: 【 Eepy 】|Slowking-Galar, F|100/100|[from] U-turn
|-damage|p1a: 【 Eepy 】|88/100|[from] Stealth Rock
|
|-weather|RainDance|[upkeep]
|upkeep
|turn|10
|
|t:|1769436647
|move|p2a: Pelipper|Roost|p2a: Pelipper
|-heal|p2a: Pelipper|100/100
|-singleturn|p2a: Pelipper|move: Roost
|-prepare|p1a: 【 Eepy 】|Chilly Reception|[premajor]
|move|p1a: 【 Eepy 】|Chilly Reception|p1a: 【 Eepy 】
|-weather|Snowscape
|
|t:|1769436651
|switch|p1a: 【 Cindy 】|Cinderace, F|100/100|[from] Chilly Reception
|
|-weather|Snowscape|[upkeep]
|upkeep
|turn|11
|
|t:|1769436656
|move|p1a: 【 Cindy 】|Court Change|p1a: 【 Cindy 】
|-swapsideconditions
|-activate|p1a: 【 Cindy 】|move: Court Change
|move|p2a: Pelipper|U-turn|p1a: 【 Cindy 】
|-resisted|p1a: 【 Cindy 】
|-damage|p1a: 【 Cindy 】|95/100
|
|t:|1769436659
|switch|p2a: Barraskewda|Barraskewda, M|78/100|[from] U-turn
|-damage|p2a: Barraskewda|66/100|[from] Stealth Rock
|
|-weather|Snowscape|[upkeep]
|upkeep
|turn|12
|
|t:|1769436665
|switch|p1a: 【 Syrup 】|Hydrapple, F, shiny|96/100
|move|p2a: Barraskewda|Flip Turn|p1a: 【 Syrup 】
|-resisted|p1a: 【 Syrup 】
|-damage|p1a: 【 Syrup 】|86/100
|
|t:|1769436667
|switch|p2a: Pelipper|Pelipper, M|100/100|[from] Flip Turn
|-damage|p2a: Pelipper|76/100|[from] Stealth Rock
|-weather|RainDance|[from] ability: Drizzle|[of] p2a: Pelipper
|
|-weather|RainDance|[upkeep]
|upkeep
|turn|13
|
|t:|1769436675
|switch|p1a: 【 Eepy 】|Slowking-Galar, F|100/100
|move|p2a: Pelipper|U-turn|p1a: 【 Eepy 】
|-damage|p1a: 【 Eepy 】|93/100
|
|t:|1769436696
|switch|p2a: Iron Treads|Iron Treads, tera:Ghost|63/100|[from] U-turn
|-damage|p2a: Iron Treads|51/100|[from] Stealth Rock
|
|-weather|RainDance|[upkeep]
|-damage|p2a: Iron Treads|38/100|[from] item: Black Sludge
|upkeep
|turn|14
|
|t:|1769436704
|move|p2a: Iron Treads|Rapid Spin|p1a: 【 Eepy 】
|-damage|p1a: 【 Eepy 】|85/100
|-boost|p2a: Iron Treads|spe|1
|-sideend|p2: mystery rain ninja|Stealth Rock|[from] move: Rapid Spin|[of] p2a: Iron Treads
|move|p1a: 【 Eepy 】|Future Sight|p2a: Iron Treads
|-start|p1a: 【 Eepy 】|move: Future Sight
|
|-weather|RainDance|[upkeep]
|-damage|p2a: Iron Treads|26/100|[from] item: Black Sludge
|upkeep
|turn|15
|
|t:|1769436714
|move|p2a: Iron Treads|Stealth Rock|p1a: 【 Eepy 】
|-sidestart|p1: Napple09|move: Stealth Rock
|move|p1a: 【 Eepy 】|Sludge Bomb|p2a: Iron Treads
|-resisted|p2a: Iron Treads
|-damage|p2a: Iron Treads|1/100
|-status|p2a: Iron Treads|psn
|
|-weather|RainDance|[upkeep]
|-damage|p2a: Iron Treads|0 fnt|[from] item: Black Sludge
|faint|p2a: Iron Treads
|-end|p2a: Iron Treads|Quark Drive|[silent]
|upkeep
|
|t:|1769436720
|switch|p2a: Kingambit|Kingambit, M|17/100
|-activate|p2a: Kingambit|ability: Supreme Overlord
|-start|p2a: Kingambit|fallen1|[silent]
|turn|16
|
|t:|1769436749
|-terastallize|p1a: 【 Eepy 】|Dark
|move|p2a: Kingambit|Swords Dance|p2a: Kingambit
|-boost|p2a: Kingambit|atk|2
|-prepare|p1a: 【 Eepy 】|Chilly Reception|[premajor]
|move|p1a: 【 Eepy 】|Chilly Reception|p1a: 【 Eepy 】
|-weather|Snowscape
|
|t:|1769436753
|switch|p1a: 【 Cindy 】|Cinderace, F|95/100|[from] Chilly Reception
|
|-weather|Snowscape|[upkeep]
|-end|p2a: Kingambit|move: Future Sight
|-immune|p2a: Kingambit
|-heal|p2a: Kingambit|24/100|[from] item: Leftovers
|upkeep
|turn|17
|
|t:|1769436757
|move|p1a: 【 Cindy 】|Will-O-Wisp|p2a: Kingambit
|-status|p2a: Kingambit|brn
|move|p2a: Kingambit|Kowtow Cleave|p1a: 【 Cindy 】
|-damage|p1a: 【 Cindy 】|33/100
|
|-weather|Snowscape|[upkeep]
|-heal|p2a: Kingambit|30/100 brn|[from] item: Leftovers
|-damage|p2a: Kingambit|24/100 brn|[from] brn
|upkeep
|turn|18
|
|t:|1769436765
|move|p1a: 【 Cindy 】|Court Change|p1a: 【 Cindy 】
|-swapsideconditions
|-activate|p1a: 【 Cindy 】|move: Court Change
|move|p2a: Kingambit|Kowtow Cleave|p1a: 【 Cindy 】
|-damage|p1a: 【 Cindy 】|0 fnt
|faint|p1a: 【 Cindy 】
|
|-weather|Snowscape|[upkeep]
|-heal|p2a: Kingambit|30/100 brn|[from] item: Leftovers
|-damage|p2a: Kingambit|24/100 brn|[from] brn
|upkeep
|
|t:|1769436773
|switch|p1a: 【 Syrup 】|Hydrapple, F, shiny|100/100
|turn|19
|
|t:|1769436779
|move|p2a: Kingambit|Sucker Punch|p1a: 【 Syrup 】
|-damage|p1a: 【 Syrup 】|62/100
|move|p1a: 【 Syrup 】|Fickle Beam|p2a: Kingambit|[anim] Fickle Beam All Out
|-activate|p1a: 【 Syrup 】|move: Fickle Beam
|-resisted|p2a: Kingambit
|-crit|p2a: Kingambit
|-damage|p2a: Kingambit|0 fnt
|faint|p2a: Kingambit
|-end|p2a: Kingambit|fallen1|[silent]
|-damage|p1a: 【 Syrup 】|52/100|[from] item: Life Orb
|
|-weather|Snowscape|[upkeep]
|upkeep
|
|t:|1769436782
|switch|p2a: Overqwil|Overqwil, M|100/100
|-damage|p2a: Overqwil|88/100|[from] Stealth Rock
|turn|20
|
|t:|1769436803
|move|p2a: Overqwil|Gunk Shot|p1a: 【 Syrup 】|[miss]
|-miss|p2a: Overqwil|p1a: 【 Syrup 】
|move|p1a: 【 Syrup 】|Fickle Beam|p2a: Overqwil|[anim] Fickle Beam All Out
|-activate|p1a: 【 Syrup 】|move: Fickle Beam
|-damage|p2a: Overqwil|0 fnt
|faint|p2a: Overqwil
|-damage|p1a: 【 Syrup 】|42/100|[from] item: Life Orb
|
|-weather|none
|upkeep
|
|t:|1769436814
|switch|p2a: Pelipper|Pelipper, M|76/100
|-damage|p2a: Pelipper|51/100|[from] Stealth Rock
|-weather|RainDance|[from] ability: Drizzle|[of] p2a: Pelipper
|turn|21
|
|t:|1769436820
|switch|p1a: 【 Eepy 】|Slowking-Galar, F, tera:Dark|100/100
|move|p2a: Pelipper|U-turn|p1a: 【 Eepy 】
|-supereffective|p1a: 【 Eepy 】
|-damage|p1a: 【 Eepy 】|86/100
|
|t:|1769436822
|switch|p2a: Barraskewda|Barraskewda, M|66/100|[from] U-turn
|-damage|p2a: Barraskewda|54/100|[from] Stealth Rock
|
|-weather|RainDance|[upkeep]
|upkeep
|turn|22
|
|t:|1769436828
|switch|p1a: 【 Momo 】|Alomomola, M|100/100
|move|p2a: Barraskewda|Flip Turn|p1a: 【 Momo 】
|-resisted|p1a: 【 Momo 】
|-damage|p1a: 【 Momo 】|78/100
|
|t:|1769436830
|switch|p2a: Raging Bolt|Raging Bolt|100/100|[from] Flip Turn
|-damage|p2a: Raging Bolt|88/100|[from] Stealth Rock
|-enditem|p2a: Raging Bolt|Booster Energy
|-activate|p2a: Raging Bolt|ability: Protosynthesis|[fromitem]
|-start|p2a: Raging Bolt|protosynthesisspa
|
|-weather|RainDance|[upkeep]
|upkeep
|turn|23
|
|t:|1769436834
|move|p2a: Raging Bolt|Thunder|p1a: 【 Momo 】
|-supereffective|p1a: 【 Momo 】
|-damage|p1a: 【 Momo 】|0 fnt
|faint|p1a: 【 Momo 】
|
|-weather|RainDance|[upkeep]
|upkeep
|
|t:|1769436838
|switch|p1a: 【 Luffy 】|Lokix, M|76/100
|turn|24
|
|t:|1769436848
|move|p1a: 【 Luffy 】|First Impression|p2a: Raging Bolt
|-damage|p2a: Raging Bolt|30/100
|move|p2a: Raging Bolt|Thunderclap||[still]
|-fail|p2a: Raging Bolt
|
|-weather|RainDance|[upkeep]
|upkeep
|turn|25
|
|t:|1769436853
|switch|p1a: 【 Eepy 】|Slowking-Galar, F, tera:Dark|100/100
|move|p2a: Raging Bolt|Thunder|p1a: 【 Eepy 】
|-damage|p1a: 【 Eepy 】|33/100
|-status|p1a: 【 Eepy 】|par
|
|-weather|RainDance|[upkeep]
|upkeep
|turn|26
|
|t:|1769436860
|move|p2a: Raging Bolt|Thunder|p1a: 【 Eepy 】
|-damage|p1a: 【 Eepy 】|0 fnt
|faint|p1a: 【 Eepy 】
|
|-weather|RainDance|[upkeep]
|upkeep
|
|t:|1769436862
|switch|p1a: 【 Luffy 】|Lokix, M|76/100
|turn|27
|
|t:|1769436872
|move|p1a: 【 Luffy 】|First Impression|p2a: Raging Bolt
|-damage|p2a: Raging Bolt|0 fnt
|faint|p2a: Raging Bolt
|-end|p2a: Raging Bolt|Protosynthesis|[silent]
|
|-weather|RainDance|[upkeep]
|upkeep
|
|t:|1769436874
|switch|p2a: Barraskewda|Barraskewda, M|54/100
|-damage|p2a: Barraskewda|42/100|[from] Stealth Rock
|turn|28
|
|t:|1769436877
|switch|p1a: 【 Syrup 】|Hydrapple, F, shiny|75/100
|move|p2a: Barraskewda|Close Combat|p1a: 【 Syrup 】
|-damage|p1a: 【 Syrup 】|22/100
|-unboost|p2a: Barraskewda|def|1
|-unboost|p2a: Barraskewda|spd|1
|
|-weather|none
|upkeep
|turn|29
|
|t:|1769436885
|move|p2a: Barraskewda|Close Combat|p1a: 【 Syrup 】
|-damage|p1a: 【 Syrup 】|0 fnt
|-unboost|p2a: Barraskewda|def|1
|-unboost|p2a: Barraskewda|spd|1
|faint|p1a: 【 Syrup 】
|
|upkeep
|
|t:|1769436887
|switch|p1a: 【 Luffy 】|Lokix, M|76/100
|turn|30
|
|t:|1769436892
|move|p1a: 【 Luffy 】|First Impression|p2a: Barraskewda
|-damage|p2a: Barraskewda|0 fnt
|faint|p2a: Barraskewda
|
|upkeep
|
|t:|1769436894
|switch|p2a: Pelipper|Pelipper, M|51/100
|-damage|p2a: Pelipper|26/100|[from] Stealth Rock
|-weather|RainDance|[from] ability: Drizzle|[of] p2a: Pelipper
|turn|31
|-message|Napple09 forfeited.
|
|win|mystery rain ninja
|raw|Napple09's rating: 1606 &rarr; <strong>1584</strong><br />(-22 for losing)
|raw|mystery rain ninja's rating: 1570 &rarr; <strong>1592</strong><br />(+22 for winning)
|l|☆Napple09
|player|p1|
|l|☆mystery rain ninja
|player|p2|
