|badge|p1|bronze|gen9ou|100-8
|uhtml|medal-msg|<div class="broadcast-blue">Curious what those medals under the avatar are? PS now has Ladder Seasons! For more information, check out the <a href="https://www.smogon.com/forums/threads/3740067/">thread on Smogon.</a></div>
|j|☆Acastillo631
|j|☆CambridgeFoulPlay
|t:|1769361769
|gametype|singles
|player|p1|Acastillo631|silver|1868
|player|p2|CambridgeFoulPlay|266|1810
|gen|9
|tier|[Gen 9] OU
|rated|
|rule|HP Percentage Mod: HP is shown in percentages
|rule|Endless Battle Clause: Forcing endless battles is banned
|rule|Species Clause: Limit one of each Pokémon
|rule|OHKO Clause: OHKO moves are banned
|rule|Evasion Items Clause: Evasion items are banned
|rule|Evasion Moves Clause: Evasion moves are banned
|rule|Evasion Abilities Clause: Evasion abilities are banned
|rule|Sleep Moves Clause: Sleep-inducing moves are banned
|clearpoke
|poke|p1|Iron Valiant|
|poke|p1|Sinistcha|
|poke|p1|Tyranitar, F|
|poke|p1|Keldeo-Resolute|
|poke|p1|Iron Treads|
|poke|p1|Klefki, M|
|poke|p2|Hydrapple, M|
|poke|p2|Tyranitar, F|
|poke|p2|Moltres|
|poke|p2|Zamazenta-*|
|poke|p2|Slowking-Galar, M|
|poke|p2|Excadrill, F|
|teampreview
|c|☆CambridgeFoulPlay|hf
|inactive|Battle timer is ON: inactive players will automatically lose when time's up. (requested by CambridgeFoulPlay)
|
|t:|1769361778
|teamsize|p1|6
|teamsize|p2|6
|start
|switch|p1a: Redips|Klefki, M|100/100
|switch|p2a: Hydrapple|Hydrapple, M|100/100
|turn|1
|
|t:|1769361785
|move|p1a: Redips|Magnet Rise|p1a: Redips
|-start|p1a: Redips|Magnet Rise
|move|p2a: Hydrapple|Nasty Plot|p2a: Hydrapple
|-boost|p2a: Hydrapple|spa|2
|
|upkeep
|turn|2
|
|t:|1769361788
|move|p1a: Redips|Thunder Wave|p2a: Hydrapple
|-status|p2a: Hydrapple|par
|cant|p2a: Hydrapple|par
|
|upkeep
|turn|3
|
|t:|1769361791
|move|p1a: Redips|Dazzling Gleam|p2a: Hydrapple
|-supereffective|p2a: Hydrapple
|-damage|p2a: Hydrapple|57/100 par
|move|p2a: Hydrapple|Giga Drain|p1a: Redips
|-resisted|p1a: Redips
|-damage|p1a: Redips|60/100
|-heal|p2a: Hydrapple|73/100 par|[from] drain|[of] p1a: Redips
|
|upkeep
|turn|4
|
|t:|1769361797
|-terastallize|p2a: Hydrapple|Poison
|move|p1a: Redips|Dazzling Gleam|p2a: Hydrapple
|-resisted|p2a: Hydrapple
|-damage|p2a: Hydrapple|60/100 par
|cant|p2a: Hydrapple|par
|
|upkeep
|turn|5
|
|t:|1769361803
|move|p1a: Redips|Spikes|p2a: Hydrapple
|-sidestart|p2: CambridgeFoulPlay|Spikes
|move|p2a: Hydrapple|Giga Drain|p1a: Redips
|-resisted|p1a: Redips
|-damage|p1a: Redips|19/100
|-heal|p2a: Hydrapple|77/100 par|[from] drain|[of] p1a: Redips
|
|-end|p1a: Redips|Magnet Rise
|upkeep
|turn|6
|j| faronaan
|
|t:|1769361814
|move|p1a: Redips|Spikes|p2a: Hydrapple
|-sidestart|p2: CambridgeFoulPlay|Spikes
|cant|p2a: Hydrapple|par
|
|upkeep
|turn|7
|
|t:|1769361819
|move|p1a: Redips|Spikes|p2a: Hydrapple
|-sidestart|p2: CambridgeFoulPlay|Spikes
|move|p2a: Hydrapple|Nasty Plot|p2a: Hydrapple
|-boost|p2a: Hydrapple|spa|2
|
|upkeep
|turn|8
|
|t:|1769361821
|move|p1a: Redips|Dazzling Gleam|p2a: Hydrapple
|-resisted|p2a: Hydrapple
|-damage|p2a: Hydrapple|65/100 par
|move|p2a: Hydrapple|Giga Drain|p1a: Redips
|-resisted|p1a: Redips
|-damage|p1a: Redips|0 fnt
|-heal|p2a: Hydrapple|73/100 par|[from] drain|[of] p1a: Redips
|faint|p1a: Redips
|
|upkeep
|
|t:|1769361828
|switch|p1a: Armored Armadillo|Iron Treads|100/100
|-item|p1a: Armored Armadillo|Air Balloon
|turn|9
|
|t:|1769361835
|switch|p2a: Excadrill|Excadrill, F|100/100
|-item|p2a: Excadrill|Air Balloon
|move|p1a: Armored Armadillo|Earthquake|p2a: Excadrill
|-immune|p2a: Excadrill
|
|upkeep
|turn|10
|
|t:|1769361841
|move|p1a: Armored Armadillo|Rapid Spin|p2a: Excadrill
|-resisted|p2a: Excadrill
|-damage|p2a: Excadrill|89/100
|-boost|p1a: Armored Armadillo|spe|1
|-enditem|p2a: Excadrill|Air Balloon
|move|p2a: Excadrill|Swords Dance|p2a: Excadrill
|-boost|p2a: Excadrill|atk|2
|
|upkeep
|turn|11
|
|t:|1769361846
|switch|p2a: Moltres|Moltres|100/100
|move|p1a: Armored Armadillo|Earthquake|p2a: Moltres
|-immune|p2a: Moltres
|
|upkeep
|turn|12
|
|t:|1769361852
|-end|p1a: Armored Armadillo|Quark Drive|[silent]
|switch|p1a: Spiral Pegasus|Keldeo-Resolute|100/100
|move|p2a: Moltres|U-turn|p1a: Spiral Pegasus
|-resisted|p1a: Spiral Pegasus
|-damage|p1a: Spiral Pegasus|92/100
|
|t:|1769361855
|switch|p2a: Zamazenta|Zamazenta|100/100|[from] U-turn
|-damage|p2a: Zamazenta|76/100|[from] Spikes
|-ability|p2a: Zamazenta|Dauntless Shield|boost
|-boost|p2a: Zamazenta|def|1
|
|-heal|p2a: Zamazenta|82/100|[from] item: Leftovers
|upkeep
|turn|13
|
|t:|1769361858
|switch|p1a: Wire Sponge|Sinistcha|100/100
|move|p2a: Zamazenta|Body Press|p1a: Wire Sponge
|-immune|p1a: Wire Sponge
|
|-heal|p2a: Zamazenta|88/100|[from] item: Leftovers
|upkeep
|turn|14
|
|t:|1769361862
|move|p1a: Wire Sponge|Shadow Ball|p2a: Zamazenta
|-damage|p2a: Zamazenta|59/100
|move|p2a: Zamazenta|Roar|p1a: Wire Sponge
|drag|p1a: Armored Armadillo|Iron Treads|100/100
|-item|p1a: Armored Armadillo|Air Balloon
|
|-heal|p2a: Zamazenta|65/100|[from] item: Leftovers
|upkeep
|turn|15
|
|t:|1769361867
|-end|p1a: Armored Armadillo|Quark Drive|[silent]
|switch|p1a: Wire Sponge|Sinistcha|100/100
|move|p2a: Zamazenta|Body Press|p1a: Wire Sponge
|-immune|p1a: Wire Sponge
|
|-heal|p2a: Zamazenta|72/100|[from] item: Leftovers
|upkeep
|turn|16
|
|t:|1769361871
|move|p1a: Wire Sponge|Matcha Gotcha|p2a: Zamazenta
|-damage|p2a: Zamazenta|38/100
|move|p2a: Zamazenta|Roar|p1a: Wire Sponge
|drag|p1a: Armored Armadillo|Iron Treads|100/100
|-item|p1a: Armored Armadillo|Air Balloon
|
|-heal|p2a: Zamazenta|44/100|[from] item: Leftovers
|upkeep
|turn|17
|
|t:|1769361877
|-end|p1a: Armored Armadillo|Quark Drive|[silent]
|switch|p1a: Wire Sponge|Sinistcha|100/100
|move|p2a: Zamazenta|Roar|p1a: Wire Sponge
|drag|p1a: Armored Armadillo|Iron Treads|100/100
|-item|p1a: Armored Armadillo|Air Balloon
|
|-heal|p2a: Zamazenta|51/100|[from] item: Leftovers
|upkeep
|turn|18
|
|t:|1769361880
|-end|p1a: Armored Armadillo|Quark Drive|[silent]
|switch|p1a: Wire Sponge|Sinistcha|100/100
|move|p2a: Zamazenta|Body Press|p1a: Wire Sponge
|-immune|p1a: Wire Sponge
|
|-heal|p2a: Zamazenta|57/100|[from] item: Leftovers
|upkeep
|turn|19
|
|t:|1769361882
|move|p1a: Wire Sponge|Matcha Gotcha|p2a: Zamazenta
|-damage|p2a: Zamazenta|27/100
|move|p2a: Zamazenta|Roar|p1a: Wire Sponge
|drag|p1a: Spiral Pegasus|Keldeo-Resolute|92/100
|
|-heal|p2a: Zamazenta|33/100|[from] item: Leftovers
|upkeep
|turn|20
|
|t:|1769361889
|move|p2a: Zamazenta|Body Press|p1a: Spiral Pegasus
|-damage|p1a: Spiral Pegasus|24/100
|move|p1a: Spiral Pegasus|Surf|p2a: Zamazenta
|-damage|p2a: Zamazenta|0 fnt
|faint|p2a: Zamazenta
|
|upkeep
|
|t:|1769361892
|switch|p2a: Slowking|Slowking-Galar, M|100/100
|-damage|p2a: Slowking|76/100|[from] Spikes
|turn|21
|
|t:|1769361900
|move|p1a: Spiral Pegasus|Flip Turn|p2a: Slowking
|-damage|p2a: Slowking|63/100
|
|t:|1769361904
|switch|p1a: Eregion|Tyranitar, F|100/100|[from] Flip Turn
|-weather|Sandstorm|[from] ability: Sand Stream|[of] p1a: Eregion
|move|p2a: Slowking|Sludge Bomb|p1a: Eregion
|-resisted|p1a: Eregion
|-damage|p1a: Eregion|94/100
|
|-weather|Sandstorm|[upkeep]
|-damage|p2a: Slowking|57/100|[from] Sandstorm
|-heal|p1a: Eregion|99/100|[from] item: Leftovers
|upkeep
|turn|22
|
|t:|1769361913
|switch|p2a: Moltres|Moltres|100/100
|move|p1a: Eregion|Stealth Rock|p2a: Moltres
|-sidestart|p2: CambridgeFoulPlay|move: Stealth Rock
|
|-weather|Sandstorm|[upkeep]
|-damage|p2a: Moltres|94/100|[from] Sandstorm
|-heal|p1a: Eregion|100/100|[from] item: Leftovers
|upkeep
|turn|23
|
|t:|1769361915
|move|p2a: Moltres|U-turn|p1a: Eregion
|-supereffective|p1a: Eregion
|-damage|p1a: Eregion|79/100
|
|t:|1769361918
|switch|p2a: Hydrapple|Hydrapple, M, tera:Poison|100/100 par|[from] U-turn
|move|p1a: Eregion|Knock Off|p2a: Hydrapple
|-damage|p2a: Hydrapple|76/100 par
|-enditem|p2a: Hydrapple|Heavy-Duty Boots|[from] move: Knock Off|[of] p1a: Eregion
|
|-weather|Sandstorm|[upkeep]
|-damage|p2a: Hydrapple|70/100 par|[from] Sandstorm
|-heal|p1a: Eregion|85/100|[from] item: Leftovers
|upkeep
|turn|24
|j| kunkunzhi
|
|t:|1769361923
|cant|p2a: Hydrapple|par
|move|p1a: Eregion|Roar|p2a: Hydrapple
|drag|p2a: Slowking|Slowking-Galar, M|91/100
|-damage|p2a: Slowking|66/100|[from] Spikes
|-damage|p2a: Slowking|53/100|[from] Stealth Rock
|
|-weather|Sandstorm|[upkeep]
|-damage|p2a: Slowking|47/100|[from] Sandstorm
|-heal|p1a: Eregion|91/100|[from] item: Leftovers
|upkeep
|turn|25
|
|t:|1769361926
|switch|p2a: Hydrapple|Hydrapple, M, tera:Poison|100/100 par
|-damage|p2a: Hydrapple|76/100 par|[from] Spikes
|-damage|p2a: Hydrapple|63/100 par|[from] Stealth Rock
|move|p1a: Eregion|Knock Off|p2a: Hydrapple
|-damage|p2a: Hydrapple|46/100 par
|
|-weather|none
|-heal|p1a: Eregion|97/100|[from] item: Leftovers
|upkeep
|turn|26
|
|t:|1769361939
|switch|p1a: Armored Armadillo|Iron Treads|100/100
|-item|p1a: Armored Armadillo|Air Balloon
|move|p2a: Hydrapple|Giga Drain|p1a: Armored Armadillo
|-damage|p1a: Armored Armadillo|52/100
|-heal|p2a: Hydrapple|65/100 par|[from] drain|[of] p1a: Armored Armadillo
|-enditem|p1a: Armored Armadillo|Air Balloon
|
|upkeep
|turn|27
|
|t:|1769361942
|switch|p2a: Moltres|Moltres|94/100
|move|p1a: Armored Armadillo|Earthquake|p2a: Moltres
|-immune|p2a: Moltres
|
|upkeep
|turn|28
|
|t:|1769361945
|move|p1a: Armored Armadillo|Knock Off|p2a: Moltres
|-damage|p2a: Moltres|75/100
|-status|p1a: Armored Armadillo|brn|[from] ability: Flame Body|[of] p2a: Moltres
|-enditem|p2a: Moltres|Heavy-Duty Boots|[from] move: Knock Off|[of] p1a: Armored Armadillo
|move|p2a: Moltres|Flamethrower|p1a: Armored Armadillo
|-supereffective|p1a: Armored Armadillo
|-damage|p1a: Armored Armadillo|0 fnt
|faint|p1a: Armored Armadillo
|-end|p1a: Armored Armadillo|Quark Drive|[silent]
|
|upkeep
|
|t:|1769361948
|switch|p1a: Spiral Pegasus|Keldeo-Resolute|24/100
|turn|29
|
|t:|1769361954
|switch|p2a: Hydrapple|Hydrapple, M, tera:Poison|99/100 par
|-damage|p2a: Hydrapple|74/100 par|[from] Spikes
|-damage|p2a: Hydrapple|61/100 par|[from] Stealth Rock
|move|p1a: Spiral Pegasus|Surf|p2a: Hydrapple
|-damage|p2a: Hydrapple|16/100 par
|
|upkeep
|turn|30
|
|t:|1769361961
|move|p1a: Spiral Pegasus|Surf|p2a: Hydrapple
|-damage|p2a: Hydrapple|0 fnt
|faint|p2a: Hydrapple
|
|upkeep
|
|t:|1769361963
|switch|p2a: Slowking|Slowking-Galar, M|80/100
|-damage|p2a: Slowking|55/100|[from] Spikes
|-damage|p2a: Slowking|43/100|[from] Stealth Rock
|turn|31
|l| kunkunzhi
|
|t:|1769361973
|switch|p1a: Eregion|Tyranitar, F|97/100
|-weather|Sandstorm|[from] ability: Sand Stream|[of] p1a: Eregion
|move|p2a: Slowking|Sludge Bomb|p1a: Eregion
|-resisted|p1a: Eregion
|-damage|p1a: Eregion|91/100
|
|-weather|Sandstorm|[upkeep]
|-damage|p2a: Slowking|37/100|[from] Sandstorm
|-heal|p1a: Eregion|97/100|[from] item: Leftovers
|upkeep
|turn|32
|
|t:|1769361977
|move|p1a: Eregion|Knock Off|p2a: Slowking
|-supereffective|p2a: Slowking
|-crit|p2a: Slowking
|-damage|p2a: Slowking|0 fnt
|-enditem|p2a: Slowking|Assault Vest|[from] move: Knock Off|[of] p1a: Eregion
|faint|p2a: Slowking
|
|-weather|Sandstorm|[upkeep]
|-heal|p1a: Eregion|100/100|[from] item: Leftovers
|upkeep
|
|t:|1769361978
|switch|p2a: Excadrill|Excadrill, F|89/100
|-damage|p2a: Excadrill|64/100|[from] Spikes
|-damage|p2a: Excadrill|61/100|[from] Stealth Rock
|turn|33
|inactive|Acastillo631 has 120 seconds left.
|
|t:|1769362011
|switch|p1a: Wire Sponge|Sinistcha|100/100
|move|p2a: Excadrill|Swords Dance|p2a: Excadrill
|-boost|p2a: Excadrill|atk|2
|
|-weather|Sandstorm|[upkeep]
|-damage|p1a: Wire Sponge|94/100|[from] Sandstorm
|upkeep
|turn|34
|
|t:|1769362014
|move|p2a: Excadrill|Iron Head|p1a: Wire Sponge
|-damage|p1a: Wire Sponge|28/100
|move|p1a: Wire Sponge|Shadow Ball|p2a: Excadrill
|-damage|p2a: Excadrill|17/100
|
|-weather|Sandstorm|[upkeep]
|-damage|p1a: Wire Sponge|22/100|[from] Sandstorm
|upkeep
|turn|35
|
|t:|1769362020
|move|p2a: Excadrill|Rapid Spin|p1a: Wire Sponge
|-immune|p1a: Wire Sponge
|move|p1a: Wire Sponge|Shadow Ball|p2a: Excadrill
|-damage|p2a: Excadrill|0 fnt
|faint|p2a: Excadrill
|
|-weather|none
|upkeep
|
|t:|1769362023
|switch|p2a: Moltres|Moltres|75/100
|-damage|p2a: Moltres|25/100|[from] Stealth Rock
|turn|36
|c|☆Acastillo631|Question
|c|☆Acastillo631|Tera on hydra wasn’t it the first time
|c|☆Acastillo631|why do it again
|
|t:|1769362049
|move|p2a: Moltres|Roost|p2a: Moltres
|-heal|p2a: Moltres|75/100
|-singleturn|p2a: Moltres|move: Roost
|move|p1a: Wire Sponge|Shadow Ball|p2a: Moltres
|-damage|p2a: Moltres|40/100
|
|upkeep
|turn|37
|
|t:|1769362054
|move|p2a: Moltres|Roost|p2a: Moltres
|-heal|p2a: Moltres|90/100
|-singleturn|p2a: Moltres|move: Roost
|move|p1a: Wire Sponge|Shadow Ball|p2a: Moltres
|-crit|p2a: Moltres
|-damage|p2a: Moltres|36/100
|
|upkeep
|turn|38
|
|t:|1769362057
|move|p2a: Moltres|Roost|p2a: Moltres
|-heal|p2a: Moltres|86/100
|-singleturn|p2a: Moltres|move: Roost
|move|p1a: Wire Sponge|Shadow Ball|p2a: Moltres
|-damage|p2a: Moltres|51/100
|
|upkeep
|turn|39
|
|t:|1769362060
|move|p2a: Moltres|Roost|p2a: Moltres
|-heal|p2a: Moltres|100/100
|-singleturn|p2a: Moltres|move: Roost
|move|p1a: Wire Sponge|Shadow Ball|p2a: Moltres
|-damage|p2a: Moltres|69/100
|
|upkeep
|turn|40
|
|t:|1769362063
|move|p2a: Moltres|Roost|p2a: Moltres
|-heal|p2a: Moltres|100/100
|-singleturn|p2a: Moltres|move: Roost
|move|p1a: Wire Sponge|Shadow Ball|p2a: Moltres
|-damage|p2a: Moltres|68/100
|
|upkeep
|turn|41
|
|t:|1769362065
|move|p2a: Moltres|Roost|p2a: Moltres
|-heal|p2a: Moltres|100/100
|-singleturn|p2a: Moltres|move: Roost
|move|p1a: Wire Sponge|Shadow Ball|p2a: Moltres
|-damage|p2a: Moltres|70/100
|
|upkeep
|turn|42
|
|t:|1769362068
|move|p2a: Moltres|Roost|p2a: Moltres
|-heal|p2a: Moltres|100/100
|-singleturn|p2a: Moltres|move: Roost
|move|p1a: Wire Sponge|Shadow Ball|p2a: Moltres
|-damage|p2a: Moltres|70/100
|
|upkeep
|turn|43
|
|t:|1769362071
|move|p2a: Moltres|Roost|p2a: Moltres
|-heal|p2a: Moltres|100/100
|-singleturn|p2a: Moltres|move: Roost
|move|p1a: Wire Sponge|Shadow Ball|p2a: Moltres
|-damage|p2a: Moltres|68/100
|-unboost|p2a: Moltres|spd|1
|
|upkeep
|turn|44
|
|t:|1769362073
|move|p1a: Wire Sponge|Shadow Ball|p2a: Moltres
|-damage|p2a: Moltres|20/100
|-unboost|p2a: Moltres|spd|1
|move|p2a: Moltres|Roar|p1a: Wire Sponge
|drag|p1a: Eregion|Tyranitar, F|100/100
|-weather|Sandstorm|[from] ability: Sand Stream|[of] p1a: Eregion
|
|-weather|Sandstorm|[upkeep]
|-damage|p2a: Moltres|14/100|[from] Sandstorm
|upkeep
|turn|45
|
|t:|1769362083
|move|p2a: Moltres|Flamethrower|p1a: Eregion
|-resisted|p1a: Eregion
|-damage|p1a: Eregion|93/100
|move|p1a: Eregion|Roar|p2a: Moltres
|drag|p2a: Tyranitar|Tyranitar, F|100/100
|-damage|p2a: Tyranitar|76/100|[from] Spikes
|-damage|p2a: Tyranitar|63/100|[from] Stealth Rock
|
|-weather|Sandstorm|[upkeep]
|-heal|p1a: Eregion|99/100|[from] item: Leftovers
|upkeep
|turn|46
|
|t:|1769362089
|move|p2a: Tyranitar|Thunder Wave|p1a: Eregion
|-status|p1a: Eregion|par
|move|p1a: Eregion|Roar|p2a: Tyranitar
|drag|p2a: Moltres|Moltres|14/100
|-damage|p2a: Moltres|0 fnt|[from] Stealth Rock
|faint|p2a: Moltres
|
|-weather|Sandstorm|[upkeep]
|-heal|p1a: Eregion|100/100 par|[from] item: Leftovers
|upkeep
|
|t:|1769362090
|switch|p2a: Tyranitar|Tyranitar, F|63/100
|-damage|p2a: Tyranitar|38/100|[from] Spikes
|-damage|p2a: Tyranitar|26/100|[from] Stealth Rock
|turn|47
|
|t:|1769362096
|move|p2a: Tyranitar|Thunder Wave|p1a: Eregion
|-fail|p1a: Eregion|par
|move|p1a: Eregion|Knock Off|p2a: Tyranitar
|-resisted|p2a: Tyranitar
|-damage|p2a: Tyranitar|11/100
|-enditem|p2a: Tyranitar|Smooth Rock|[from] move: Knock Off|[of] p1a: Eregion
|
|-weather|Sandstorm|[upkeep]
|upkeep
|turn|48
|
|t:|1769362106
|move|p2a: Tyranitar|Thunder Wave|p1a: Eregion
|-fail|p1a: Eregion|par
|move|p1a: Eregion|Knock Off|p2a: Tyranitar
|-resisted|p2a: Tyranitar
|-damage|p2a: Tyranitar|0 fnt
|faint|p2a: Tyranitar
|
|win|Acastillo631
|raw|Acastillo631's rating: 1868 &rarr; <strong>1885</strong><br />(+17 for winning)
|raw|CambridgeFoulPlay's rating: 1810 &rarr; <strong>1793</strong><br />(-17 for losing)
|c|☆CambridgeFoulPlay|gg
