|j|☆bayonettaFan
|j|☆ramu6401
|t:|1769293059
|gametype|singles
|player|p1|bayonettaFan|cogita|1375
|player|p2|ramu6401|backpacker|1439
|gen|9
|tier|[Gen 9] OU
|rated|
|rule|HP Percentage Mod: HP is shown in percentages
|rule|Endless Battle Clause: Forcing endless battles is banned
|rule|Species Clause: Limit one of each Pokémon
|rule|OHKO Clause: OHKO moves are banned
|rule|Evasion Items Clause: Evasion items are banned
|rule|Evasion Moves Clause: Evasion moves are banned
|rule|Evasion Abilities Clause: Evasion abilities are banned
|rule|Sleep Moves Clause: Sleep-inducing moves are banned
|clearpoke
|poke|p1|Porygon-Z|
|poke|p1|Lokix, F|
|poke|p1|Slowking-Galar, M|
|poke|p1|Great Tusk|
|poke|p1|Alomomola, F|
|poke|p1|Cinderace, M|
|poke|p2|Ting-Lu|
|poke|p2|Zamazenta-*|
|poke|p2|Ogerpon-Wellspring, F|
|poke|p2|Dragonite, F|
|poke|p2|Gholdengo|
|poke|p2|Iron Treads|
|teampreview
|inactive|Battle timer is ON: inactive players will automatically lose when time's up. (requested by bayonettaFan)
|
|t:|1769293087
|teamsize|p1|6
|teamsize|p2|6
|start
|switch|p1a: Lokix|Lokix, F|100/100
|switch|p2a: Dragonite|Dragonite, F|100/100
|turn|1
|inactive|ramu6401 has 120 seconds left.
|
|t:|1769293122
|move|p1a: Lokix|U-turn|p2a: Dragonite
|-resisted|p2a: Dragonite
|-damage|p2a: Dragonite|83/100
|
|t:|1769293132
|switch|p1a: Cinderace|Cinderace, M|100/100|[from] U-turn
|move|p2a: Dragonite|Dragon Dance|p2a: Dragonite
|-boost|p2a: Dragonite|atk|1
|-boost|p2a: Dragonite|spe|1
|
|upkeep
|turn|2
|inactive|ramu6401 has 120 seconds left.
|
|t:|1769293163
|switch|p1a: Alomomola|Alomomola, F|100/100
|move|p2a: Dragonite|Earthquake|p1a: Alomomola
|-damage|p1a: Alomomola|76/100
|-enditem|p1a: Alomomola|Eject Button
|
|t:|1769293170
|switch|p1a: Lokix|Lokix, F|100/100
|
|upkeep
|turn|3
|inactive|ramu6401 has 90 seconds left.
|
|t:|1769293200
|-terastallize|p1a: Lokix|Bug
|move|p1a: Lokix|First Impression|p2a: Dragonite
|-resisted|p2a: Dragonite
|-damage|p2a: Dragonite|22/100
|move|p2a: Dragonite|Dragon Dance|p2a: Dragonite
|-boost|p2a: Dragonite|atk|1
|-boost|p2a: Dragonite|spe|1
|
|upkeep
|turn|4
|inactive|ramu6401 has 90 seconds left.
|
|t:|1769293219
|switch|p1a: Alomomola|Alomomola, F|100/100
|move|p2a: Dragonite|Roost|p2a: Dragonite
|-heal|p2a: Dragonite|72/100
|-singleturn|p2a: Dragonite|move: Roost
|
|upkeep
|turn|5
|inactive|ramu6401 has 90 seconds left.
|
|t:|1769293228
|move|p2a: Dragonite|Dragon Dance|p2a: Dragonite
|-boost|p2a: Dragonite|atk|1
|-boost|p2a: Dragonite|spe|1
|move|p1a: Alomomola|Flip Turn|p2a: Dragonite
|-resisted|p2a: Dragonite
|-damage|p2a: Dragonite|65/100
|
|t:|1769293234
|switch|p1a: Great Tusk|Great Tusk|100/100|[from] Flip Turn
|
|upkeep
|turn|6
|inactive|ramu6401 has 90 seconds left.
|
|t:|1769293264
|-terastallize|p2a: Dragonite|Fairy
|move|p2a: Dragonite|Tera Blast|p1a: Great Tusk|[anim] Tera Blast Fairy
|-supereffective|p1a: Great Tusk
|-damage|p1a: Great Tusk|0 fnt
|faint|p1a: Great Tusk
|-end|p1a: Great Tusk|Protosynthesis|[silent]
|
|upkeep
|
|t:|1769293280
|switch|p1a: Lokix|Lokix, F, tera:Bug|100/100
|turn|7
|inactive|ramu6401 has 90 seconds left.
|
|t:|1769293289
|move|p1a: Lokix|First Impression|p2a: Dragonite
|-resisted|p2a: Dragonite
|-damage|p2a: Dragonite|1/100
|move|p2a: Dragonite|Tera Blast|p1a: Lokix|[anim] Tera Blast Fairy
|-damage|p1a: Lokix|0 fnt
|faint|p1a: Lokix
|
|upkeep
|-message|bayonettaFan forfeited.
|
|win|ramu6401
|raw|bayonettaFan's rating: 1375 &rarr; <strong>1359</strong><br />(-16 for losing)
|raw|ramu6401's rating: 1439 &rarr; <strong>1455</strong><br />(+16 for winning)
|l|☆bayonettaFan
|player|p1|
