|j|☆rnaoxmsoc
|j|☆Shuki80
|t:|1769372982
|gametype|singles
|player|p1|rnaoxmsoc|swimmerf-gen4dp|1066
|player|p2|Shuki80|2|1069
|gen|9
|tier|[Gen 9] OU
|rated|
|rule|HP Percentage Mod: HP is shown in percentages
|rule|Endless Battle Clause: Forcing endless battles is banned
|rule|Species Clause: Limit one of each Pokémon
|rule|OHKO Clause: OHKO moves are banned
|rule|Evasion Items Clause: Evasion items are banned
|rule|Evasion Moves Clause: Evasion moves are banned
|rule|Evasion Abilities Clause: Evasion abilities are banned
|rule|Sleep Moves Clause: Sleep-inducing moves are banned
|clearpoke
|poke|p1|Iron Boulder|
|poke|p1|Darkrai|
|poke|p1|Ogerpon-Cornerstone, F|
|poke|p1|Zamazenta-*|
|poke|p1|Weezing-Galar, F|
|poke|p1|Iron Crown|
|poke|p2|Dusclops, M|
|poke|p2|Ditto|
|poke|p2|Hitmontop, M|
|poke|p2|Shaymin|
|poke|p2|Ninetales-Alola, F|
|poke|p2|Entei|
|teampreview
|inactive|Battle timer is ON: inactive players will automatically lose when time's up. (requested by rnaoxmsoc)
|
|t:|1769373011
|teamsize|p1|6
|teamsize|p2|6
|start
|switch|p1a: Darkrai|Darkrai|100/100
|switch|p2a: Ninetales|Ninetales-Alola, F|100/100
|-weather|Snowscape|[from] ability: Snow Warning|[of] p2a: Ninetales
|turn|1
|
|t:|1769373014
|move|p1a: Darkrai|Focus Blast|p2a: Ninetales
|-damage|p2a: Ninetales|48/100
|move|p2a: Ninetales|Aurora Veil|p2a: Ninetales
|-sidestart|p2: Shuki80|move: Aurora Veil
|
|-weather|Snowscape|[upkeep]
|upkeep
|turn|2
|
|t:|1769373029
|-terastallize|p1a: Darkrai|Poison
|move|p1a: Darkrai|Sludge Bomb|p2a: Ninetales
|-supereffective|p2a: Ninetales
|-damage|p2a: Ninetales|0 fnt
|faint|p2a: Ninetales
|
|-weather|Snowscape|[upkeep]
|upkeep
|
|t:|1769373045
|switch|p2a: Shaymin|Shaymin|100/100
|turn|3
|
|t:|1769373049
|move|p2a: Shaymin|Earth Power|p1a: Darkrai
|-supereffective|p1a: Darkrai
|-damage|p1a: Darkrai|35/100
|move|p1a: Darkrai|Sludge Bomb|p2a: Shaymin
|-supereffective|p2a: Shaymin
|-damage|p2a: Shaymin|56/100
|
|-weather|Snowscape|[upkeep]
|upkeep
|turn|4
|
|t:|1769373057
|move|p2a: Shaymin|Earth Power|p1a: Darkrai
|-supereffective|p1a: Darkrai
|-damage|p1a: Darkrai|0 fnt
|faint|p1a: Darkrai
|
|-weather|Snowscape|[upkeep]
|upkeep
|
|t:|1769373068
|switch|p1a: Iron Crown|Iron Crown|100/100
|turn|5
|
|t:|1769373071
|move|p2a: Shaymin|Earth Power|p1a: Iron Crown
|-supereffective|p1a: Iron Crown
|-damage|p1a: Iron Crown|52/100
|move|p1a: Iron Crown|Tachyon Cutter|p2a: Shaymin
|-damage|p2a: Shaymin|39/100
|-crit|p2a: Shaymin
|-damage|p2a: Shaymin|0 fnt
|faint|p2a: Shaymin
|-hitcount|p2: Shaymin|2
|
|-weather|none
|upkeep
|
|t:|1769373078
|switch|p2a: Hitmontop|Hitmontop, M|100/100
|turn|6
|
|t:|1769373086
|-end|p1a: Iron Crown|Quark Drive|[silent]
|switch|p1a: Weezing|Weezing-Galar, F|100/100
|-ability|p1a: Weezing|Neutralizing Gas
|move|p2a: Hitmontop|Fake Out|p1a: Weezing
|-damage|p1a: Weezing|93/100
|
|upkeep
|turn|7
|
|t:|1769373099
|switch|p2a: Entei|Entei|100/100
|move|p1a: Weezing|Defog|p2a: Entei
|-unboost|p2a: Entei|evasion|1
|-sideend|p2: Shuki80|move: Aurora Veil
|
|upkeep
|turn|8
|
|t:|1769373105
|move|p2a: Entei|Sacred Fire|p1a: Weezing
|-damage|p1a: Weezing|44/100
|move|p1a: Weezing|Pain Split|p2a: Entei
|-sethp|p2a: Entei|70/100|[from] move: Pain Split|[silent]
|-sethp|p1a: Weezing|78/100|[from] move: Pain Split
|
|upkeep
|turn|9
|
|t:|1769373115
|switch|p2a: Dusclops|Dusclops, M|100/100
|move|p1a: Weezing|Strange Steam|p2a: Dusclops
|-damage|p2a: Dusclops|88/100
|
|upkeep
|turn|10
|
|t:|1769373121
|move|p1a: Weezing|Pain Split|p2a: Dusclops
|-sethp|p2a: Dusclops|90/100|[from] move: Pain Split|[silent]
|-sethp|p1a: Weezing|76/100|[from] move: Pain Split
|move|p2a: Dusclops|Will-O-Wisp|p1a: Weezing
|-status|p1a: Weezing|brn
|
|-damage|p1a: Weezing|70/100 brn|[from] brn
|upkeep
|turn|11
|
|t:|1769373130
|move|p2a: Dusclops|Protect|p2a: Dusclops
|-singleturn|p2a: Dusclops|Protect
|move|p1a: Weezing|Pain Split|p2a: Dusclops
|-activate|p2a: Dusclops|move: Protect
|
|-damage|p1a: Weezing|64/100 brn|[from] brn
|upkeep
|turn|12
|
|t:|1769373145
|move|p2a: Dusclops|Shadow Sneak|p1a: Weezing
|-damage|p1a: Weezing|58/100 brn
|move|p1a: Weezing|Pain Split|p2a: Dusclops
|-sethp|p2a: Dusclops|79/100|[from] move: Pain Split|[silent]
|-sethp|p1a: Weezing|67/100 brn|[from] move: Pain Split
|
|-damage|p1a: Weezing|61/100 brn|[from] brn
|upkeep
|turn|13
|
|t:|1769373153
|switch|p2a: Entei|Entei|70/100
|move|p1a: Weezing|Strange Steam|p2a: Entei
|-resisted|p2a: Entei
|-damage|p2a: Entei|55/100
|
|-damage|p1a: Weezing|55/100 brn|[from] brn
|upkeep
|turn|14
|
|t:|1769373158
|move|p2a: Entei|Sacred Fire|p1a: Weezing
|-damage|p1a: Weezing|4/100 brn
|move|p1a: Weezing|Strange Steam|p2a: Entei
|-resisted|p2a: Entei
|-damage|p2a: Entei|40/100
|
|-damage|p1a: Weezing|0 fnt|[from] brn
|faint|p1a: Weezing
|-end|p1a: Weezing|ability: Neutralizing Gas
|upkeep
|
|t:|1769373166
|switch|p1a: Ogerpon|Ogerpon-Cornerstone, F|100/100
|turn|15
|
|t:|1769373173
|switch|p2a: Dusclops|Dusclops, M|79/100
|-item|p1a: Ogerpon|Cornerstone Mask|[from] ability: Frisk|[of] p2a: Dusclops
|move|p1a: Ogerpon|Ivy Cudgel|p2a: Dusclops|[anim] Ivy Cudgel Rock
|-damage|p2a: Dusclops|37/100
|
|upkeep
|turn|16
|
|t:|1769373184
|move|p1a: Ogerpon|Ivy Cudgel|p2a: Dusclops|[anim] Ivy Cudgel Rock
|-damage|p2a: Dusclops|0 fnt
|faint|p2a: Dusclops
|
|upkeep
|
|t:|1769373187
|switch|p2a: Hitmontop|Hitmontop, M|100/100
|turn|17
|
|t:|1769373191
|switch|p1a: Iron Crown|Iron Crown|52/100
|move|p2a: Hitmontop|Fake Out|p1a: Iron Crown
|-resisted|p1a: Iron Crown
|-damage|p1a: Iron Crown|42/100
|
|upkeep
|turn|18
|
|t:|1769373196
|move|p2a: Hitmontop|Mach Punch|p1a: Iron Crown
|-damage|p1a: Iron Crown|10/100
|move|p1a: Iron Crown|Tachyon Cutter|p2a: Hitmontop
|-damage|p2a: Hitmontop|59/100
|-damage|p2a: Hitmontop|23/100
|-hitcount|p2a: Hitmontop|2
|
|-heal|p2a: Hitmontop|29/100|[from] item: Leftovers
|upkeep
|turn|19
|
|t:|1769373205
|move|p2a: Hitmontop|Mach Punch|p1a: Iron Crown
|-damage|p1a: Iron Crown|0 fnt
|faint|p1a: Iron Crown
|-end|p1a: Iron Crown|Quark Drive|[silent]
|
|-heal|p2a: Hitmontop|35/100|[from] item: Leftovers
|upkeep
|
|t:|1769373222
|switch|p1a: Iron Boulder|Iron Boulder|100/100
|-enditem|p1a: Iron Boulder|Booster Energy
|-activate|p1a: Iron Boulder|ability: Quark Drive|[fromitem]
|-start|p1a: Iron Boulder|quarkdrivespe
|turn|20
|
|t:|1769373235
|move|p2a: Hitmontop|Sucker Punch|p1a: Iron Boulder
|-supereffective|p1a: Iron Boulder
|-damage|p1a: Iron Boulder|41/100
|move|p1a: Iron Boulder|Sacred Sword|p2a: Hitmontop
|-damage|p2a: Hitmontop|0 fnt
|faint|p2a: Hitmontop
|
|upkeep
|
|t:|1769373244
|switch|p2a: Ditto|Ditto|100/100
|-transform|p2a: Ditto|p1a: Iron Boulder|[from] ability: Imposter
|turn|21
|
|t:|1769373249
|move|p1a: Iron Boulder|Earthquake|p2a: Ditto
|-supereffective|p2a: Ditto
|-damage|p2a: Ditto|14/100
|move|p2a: Ditto|Earthquake|p1a: Iron Boulder
|-supereffective|p1a: Iron Boulder
|-damage|p1a: Iron Boulder|0 fnt
|faint|p1a: Iron Boulder
|-end|p1a: Iron Boulder|Quark Drive|[silent]
|
|upkeep
|
|t:|1769373260
|switch|p1a: Zamazenta|Zamazenta|100/100
|-ability|p1a: Zamazenta|Dauntless Shield|boost
|-boost|p1a: Zamazenta|def|1
|turn|22
|
|t:|1769373267
|move|p2a: Ditto|Mighty Cleave|p1a: Zamazenta
|-resisted|p1a: Zamazenta
|-damage|p1a: Zamazenta|87/100
|move|p1a: Zamazenta|Close Combat|p2a: Ditto
|-damage|p2a: Ditto|0 fnt
|-unboost|p1a: Zamazenta|def|1
|-unboost|p1a: Zamazenta|spd|1
|faint|p2a: Ditto
|-end|p2a: Ditto|Quark Drive|[silent]
|
|upkeep
|
|t:|1769373269
|switch|p2a: Entei|Entei|40/100
|turn|23
|
|t:|1769373271
|-terastallize|p2a: Entei|Normal
|move|p2a: Entei|Extreme Speed|p1a: Zamazenta
|-damage|p1a: Zamazenta|31/100
|move|p1a: Zamazenta|Close Combat|p2a: Entei
|-supereffective|p2a: Entei
|-damage|p2a: Entei|0 fnt
|-unboost|p1a: Zamazenta|def|1
|-unboost|p1a: Zamazenta|spd|1
|faint|p2a: Entei
|
|win|rnaoxmsoc
|raw|rnaoxmsoc's rating: 1066 &rarr; <strong>1096</strong><br />(+30 for winning)
|raw|Shuki80's rating: 1069 &rarr; <strong>1048</strong><br />(-21 for losing)
|l|☆Shuki80
|player|p2|
