|j|☆AtrociousApplin
|j|☆tomzxzx
|t:|1769333704
|gametype|singles
|player|p1|AtrociousApplin|youngster-gen4dp|1094
|player|p2|tomzxzx|101|1083
|gen|9
|tier|[Gen 9] OU
|rated|
|rule|HP Percentage Mod: HP is shown in percentages
|rule|Endless Battle Clause: Forcing endless battles is banned
|rule|Species Clause: Limit one of each Pokémon
|rule|OHKO Clause: OHKO moves are banned
|rule|Evasion Items Clause: Evasion items are banned
|rule|Evasion Moves Clause: Evasion moves are banned
|rule|Evasion Abilities Clause: Evasion abilities are banned
|rule|Sleep Moves Clause: Sleep-inducing moves are banned
|clearpoke
|poke|p1|Dragonite, M|
|poke|p1|Ceruledge, M|
|poke|p1|Meowscarada, F|
|poke|p1|Greninja-*, M|
|poke|p1|Deoxys-Speed|
|poke|p1|Great Tusk|
|poke|p2|Espeon, M|
|poke|p2|Illumise, F|
|poke|p2|Serperior, M|
|poke|p2|Iron Treads|
|poke|p2|Blaziken, M|
|poke|p2|Vaporeon, M|
|teampreview
|inactive|Battle timer is ON: inactive players will automatically lose when time's up. (requested by AtrociousApplin)
|
|t:|1769333719
|teamsize|p1|6
|teamsize|p2|6
|start
|switch|p1a: Rutger|Ceruledge, M|100/100
|switch|p2a: Espeon|Espeon, M|100/100
|turn|1
|
|t:|1769333728
|move|p1a: Rutger|Poltergeist|p2a: Espeon
|-activate|p2a: Espeon|move: Poltergeist|Light Clay
|-supereffective|p2a: Espeon
|-damage|p2a: Espeon|0 fnt
|faint|p2a: Espeon
|
|upkeep
|
|t:|1769333740
|switch|p2a: Iron Treads|Iron Treads|100/100
|-enditem|p2a: Iron Treads|Booster Energy
|-activate|p2a: Iron Treads|ability: Quark Drive|[fromitem]
|-start|p2a: Iron Treads|quarkdrivespe
|turn|2
|
|t:|1769333760
|switch|p1a: Too good 4 UU|Greninja, M|100/100
|move|p2a: Iron Treads|Earthquake|p1a: Too good 4 UU
|-damage|p1a: Too good 4 UU|42/100
|
|upkeep
|turn|3
|inactive|tomzxzx has 120 seconds left.
|
|t:|1769333791
|move|p1a: Too good 4 UU|Water Shuriken|p2a: Iron Treads
|-supereffective|p2a: Iron Treads
|-damage|p2a: Iron Treads|79/100
|-supereffective|p2a: Iron Treads
|-damage|p2a: Iron Treads|56/100
|-supereffective|p2a: Iron Treads
|-damage|p2a: Iron Treads|34/100
|-hitcount|p2a: Iron Treads|3
|-damage|p1a: Too good 4 UU|33/100|[from] item: Life Orb
|move|p2a: Iron Treads|Earthquake|p1a: Too good 4 UU
|-damage|p1a: Too good 4 UU|0 fnt
|faint|p1a: Too good 4 UU
|
|upkeep
|
|t:|1769333806
|switch|p1a: Dragon Dance|Dragonite, M|100/100
|turn|4
|inactive|tomzxzx has 120 seconds left.
|
|t:|1769333828
|move|p2a: Iron Treads|Knock Off|p1a: Dragon Dance
|-damage|p1a: Dragon Dance|88/100
|-enditem|p1a: Dragon Dance|Expert Belt|[from] move: Knock Off|[of] p2a: Iron Treads
|move|p1a: Dragon Dance|Earthquake|p2a: Iron Treads
|-supereffective|p2a: Iron Treads
|-damage|p2a: Iron Treads|0 fnt
|faint|p2a: Iron Treads
|-end|p2a: Iron Treads|Quark Drive|[silent]
|
|upkeep
|
|t:|1769333840
|switch|p2a: Serperior|Serperior, M|100/100
|turn|5
|
|t:|1769333849
|move|p2a: Serperior|Leaf Storm|p1a: Dragon Dance
|-resisted|p1a: Dragon Dance
|-damage|p1a: Dragon Dance|76/100
|-boost|p2a: Serperior|spa|2
|move|p1a: Dragon Dance|Dragon Dance|p1a: Dragon Dance
|-boost|p1a: Dragon Dance|atk|1
|-boost|p1a: Dragon Dance|spe|1
|
|upkeep
|turn|6
|inactive|tomzxzx has 120 seconds left.
|
|t:|1769333872
|move|p1a: Dragon Dance|Dragon Claw|p2a: Serperior
|-damage|p2a: Serperior|14/100
|move|p2a: Serperior|Dragon Pulse|p1a: Dragon Dance
|-supereffective|p1a: Dragon Dance
|-damage|p1a: Dragon Dance|0 fnt
|faint|p1a: Dragon Dance
|
|-heal|p2a: Serperior|20/100|[from] item: Leftovers
|upkeep
|
|t:|1769333884
|switch|p1a: Rutger|Ceruledge, M|100/100
|turn|7
|inactive|tomzxzx has 120 seconds left.
|
|t:|1769333902
|switch|p2a: Vaporeon|Vaporeon, M|100/100
|move|p1a: Rutger|Bitter Blade|p2a: Vaporeon
|-resisted|p2a: Vaporeon
|-damage|p2a: Vaporeon|75/100
|
|upkeep
|turn|8
|
|t:|1769333917
|switch|p1a: Nyx|Meowscarada, F|100/100
|move|p2a: Vaporeon|Acid Armor|p2a: Vaporeon
|-boost|p2a: Vaporeon|def|2
|
|upkeep
|turn|9
|inactive|tomzxzx has 120 seconds left.
|
|t:|1769333929
|switch|p2a: Illumise|Illumise, F|100/100
|move|p1a: Nyx|U-turn|p2a: Illumise
|-start|p1a: Nyx|typechange|Bug|[from] ability: Protean
|-damage|p2a: Illumise|65/100
|
|t:|1769333935
|switch|p1a: Power bank|Deoxys-Speed, shiny|100/100|[from] U-turn
|-ability|p1a: Power bank|Pressure
|
|-heal|p2a: Illumise|71/100|[from] item: Leftovers
|upkeep
|turn|10
|inactive|tomzxzx has 120 seconds left.
|
|t:|1769333975
|-terastallize|p1a: Power bank|Fairy
|move|p2a: Illumise|Thunder Wave|p1a: Power bank
|-status|p1a: Power bank|par
|move|p1a: Power bank|Light Screen|p1a: Power bank
|-sidestart|p1: AtrociousApplin|move: Light Screen
|
|-heal|p2a: Illumise|77/100|[from] item: Leftovers
|upkeep
|turn|11
|
|t:|1769333983
|move|p2a: Illumise|Encore|p1a: Power bank
|-start|p1a: Power bank|Encore
|move|p1a: Power bank|Light Screen||[still]
|-fail|p1a: Power bank
|
|-heal|p2a: Illumise|82/100|[from] item: Leftovers
|upkeep
|turn|12
|
|t:|1769333998
|switch|p1a: Rutger|Ceruledge, M|100/100
|switch|p2a: Blaziken|Blaziken, M|100/100
|
|upkeep
|turn|13
|
|t:|1769334011
|switch|p1a: MAMMOTH|Great Tusk|100/100
|-enditem|p1a: MAMMOTH|Booster Energy
|-activate|p1a: MAMMOTH|ability: Protosynthesis|[fromitem]
|-start|p1a: MAMMOTH|protosynthesisatk
|move|p2a: Blaziken|Protect||[still]
|-fail|p2a: Blaziken
|
|-ability|p2a: Blaziken|Speed Boost|boost
|-boost|p2a: Blaziken|spe|1
|upkeep
|turn|14
|
|t:|1769334036
|-terastallize|p2a: Blaziken|Flying
|move|p2a: Blaziken|Swords Dance|p2a: Blaziken
|-boost|p2a: Blaziken|atk|2
|move|p1a: MAMMOTH|Earthquake|p2a: Blaziken
|-immune|p2a: Blaziken
|
|-ability|p2a: Blaziken|Speed Boost|boost
|-boost|p2a: Blaziken|spe|1
|upkeep
|turn|15
|
|t:|1769334047
|move|p2a: Blaziken|Close Combat|p1a: MAMMOTH
|-damage|p1a: MAMMOTH|26/100
|-unboost|p2a: Blaziken|def|1
|-unboost|p2a: Blaziken|spd|1
|move|p1a: MAMMOTH|Ice Spinner|p2a: Blaziken
|-supereffective|p2a: Blaziken
|-damage|p2a: Blaziken|0 fnt
|faint|p2a: Blaziken
|
|upkeep
|
|t:|1769334053
|switch|p2a: Serperior|Serperior, M|20/100
|turn|16
|
|t:|1769334059
|move|p2a: Serperior|Leaf Storm|p1a: MAMMOTH
|-supereffective|p1a: MAMMOTH
|-damage|p1a: MAMMOTH|0 fnt
|-boost|p2a: Serperior|spa|2
|faint|p1a: MAMMOTH
|-end|p1a: MAMMOTH|Protosynthesis|[silent]
|
|-heal|p2a: Serperior|26/100|[from] item: Leftovers
|upkeep
|
|t:|1769334069
|switch|p1a: Rutger|Ceruledge, M|100/100
|turn|17
|inactive|tomzxzx has 120 seconds left.
|
|t:|1769334091
|move|p2a: Serperior|Dragon Pulse|p1a: Rutger
|-damage|p1a: Rutger|76/100
|move|p1a: Rutger|Bitter Blade|p2a: Serperior
|-supereffective|p2a: Serperior
|-damage|p2a: Serperior|0 fnt
|-heal|p1a: Rutger|89/100|[from] drain|[of] p2a: Serperior
|faint|p2a: Serperior
|
|-sideend|p1: AtrociousApplin|move: Light Screen
|upkeep
|-message|tomzxzx forfeited.
|
|win|AtrociousApplin
|raw|AtrociousApplin's rating: 1094 &rarr; <strong>1119</strong><br />(+25 for winning)
|raw|tomzxzx's rating: 1083 &rarr; <strong>1061</strong><br />(-22 for losing)
|l|☆tomzxzx
|player|p2|
|l|☆AtrociousApplin
|player|p1|
