|j|☆shayundertale
|j|☆asisisi
|t:|1769406158
|gametype|singles
|player|p1|shayundertale|101|1169
|player|p2|asisisi|hooligans|1180
|gen|9
|tier|[Gen 9] OU
|rated|
|rule|HP Percentage Mod: HP is shown in percentages
|rule|Endless Battle Clause: Forcing endless battles is banned
|rule|Species Clause: Limit one of each Pokémon
|rule|OHKO Clause: OHKO moves are banned
|rule|Evasion Items Clause: Evasion items are banned
|rule|Evasion Moves Clause: Evasion moves are banned
|rule|Evasion Abilities Clause: Evasion abilities are banned
|rule|Sleep Moves Clause: Sleep-inducing moves are banned
|clearpoke
|poke|p1|Ceruledge, F|
|poke|p1|Ogerpon-Wellspring, F|
|poke|p1|Hoopa-Unbound|
|poke|p1|Alomomola, M|
|poke|p1|Corviknight, M|
|poke|p1|Kyurem|
|poke|p2|Dondozo, M|
|poke|p2|Garganacl, M|
|poke|p2|Clodsire, M|
|poke|p2|Blissey, F|
|poke|p2|Skeledirge, M|
|poke|p2|Corviknight, M|
|teampreview
|inactive|Battle timer is ON: inactive players will automatically lose when time's up. (requested by shayundertale)
|
|t:|1769406182
|teamsize|p1|6
|teamsize|p2|6
|start
|switch|p1a: Corviknight|Corviknight, M|100/100
|switch|p2a: Clodsire|Clodsire, M|100/100
|-ability|p1a: Corviknight|Pressure
|turn|1
|
|t:|1769406192
|move|p1a: Corviknight|Iron Defense|p1a: Corviknight
|-boost|p1a: Corviknight|def|2
|move|p2a: Clodsire|Toxic Spikes|p1a: Corviknight
|-sidestart|p1: shayundertale|move: Toxic Spikes
|
|upkeep
|turn|2
|
|t:|1769406208
|move|p1a: Corviknight|Iron Defense|p1a: Corviknight
|-boost|p1a: Corviknight|def|2
|move|p2a: Clodsire|Toxic Spikes|p1a: Corviknight
|-sidestart|p1: shayundertale|move: Toxic Spikes
|
|upkeep
|turn|3
|
|t:|1769406218
|switch|p2a: Skeledirge|Skeledirge, M|100/100
|move|p1a: Corviknight|Iron Defense|p1a: Corviknight
|-boost|p1a: Corviknight|def|2
|
|upkeep
|turn|4
|
|t:|1769406224
|move|p1a: Corviknight|Defog|p2a: Skeledirge
|-unboost|p2a: Skeledirge|evasion|1
|-sideend|p1: shayundertale|Toxic Spikes|[from] move: Defog|[of] p1a: Corviknight
|move|p2a: Skeledirge|Substitute|p2a: Skeledirge
|-start|p2a: Skeledirge|Substitute
|-damage|p2a: Skeledirge|75/100
|
|-heal|p2a: Skeledirge|82/100|[from] item: Leftovers
|upkeep
|turn|5
|
|t:|1769406241
|switch|p1a: Hoopa|Hoopa-Unbound|100/100
|move|p2a: Skeledirge|Torch Song|p1a: Hoopa
|-damage|p1a: Hoopa|74/100
|-boost|p2a: Skeledirge|spa|1
|
|-heal|p2a: Skeledirge|88/100|[from] item: Leftovers
|upkeep
|turn|6
|inactive|asisisi has 120 seconds left.
|
|t:|1769406295
|-terastallize|p2a: Skeledirge|Fairy
|move|p1a: Hoopa|Psychic|p2a: Skeledirge
|-end|p2a: Skeledirge|Substitute
|move|p2a: Skeledirge|Torch Song|p1a: Hoopa
|-damage|p1a: Hoopa|34/100
|-boost|p2a: Skeledirge|spa|1
|
|-heal|p2a: Skeledirge|94/100|[from] item: Leftovers
|upkeep
|turn|7
|
|t:|1769406309
|move|p1a: Hoopa|Psychic|p2a: Skeledirge
|-damage|p2a: Skeledirge|0 fnt
|faint|p2a: Skeledirge
|
|upkeep
|
|t:|1769406321
|switch|p2a: Garganacl|Garganacl, M|100/100
|turn|8
|
|t:|1769406341
|move|p1a: Hoopa|Psychic|p2a: Garganacl
|-damage|p2a: Garganacl|19/100
|move|p2a: Garganacl|Salt Cure|p1a: Hoopa
|-damage|p1a: Hoopa|11/100
|-start|p1a: Hoopa|Salt Cure
|
|-heal|p2a: Garganacl|25/100|[from] item: Leftovers
|-damage|p1a: Hoopa|0 fnt|[from] Salt Cure
|faint|p1a: Hoopa
|upkeep
|
|t:|1769406351
|switch|p1a: Ogerpon|Ogerpon-Wellspring, F|100/100
|turn|9
|-message|asisisi forfeited.
|
|win|shayundertale
|raw|shayundertale's rating: 1169 &rarr; <strong>1195</strong><br />(+26 for winning)
|raw|asisisi's rating: 1180 &rarr; <strong>1154</strong><br />(-26 for losing)
|l|☆asisisi
|player|p2|
|l|☆shayundertale
|player|p1|
