|j|☆mio3777
|j|☆Alx12
|t:|1769346909
|gametype|singles
|player|p1|mio3777|169|1663
|player|p2|Alx12|skier|1686
|gen|9
|tier|[Gen 9] OU
|rated|
|rule|HP Percentage Mod: HP is shown in percentages
|rule|Endless Battle Clause: Forcing endless battles is banned
|rule|Species Clause: Limit one of each Pokémon
|rule|OHKO Clause: OHKO moves are banned
|rule|Evasion Items Clause: Evasion items are banned
|rule|Evasion Moves Clause: Evasion moves are banned
|rule|Evasion Abilities Clause: Evasion abilities are banned
|rule|Sleep Moves Clause: Sleep-inducing moves are banned
|clearpoke
|poke|p1|Indeedee, M|
|poke|p1|Polteageist-Antique|
|poke|p1|Cinderace, M|
|poke|p1|Armarouge, M|
|poke|p1|Hawlucha, F|
|poke|p1|Hatterene, F|
|poke|p2|Slither Wing|
|poke|p2|Samurott-Hisui, F|
|poke|p2|Iron Treads|
|poke|p2|Gholdengo|
|poke|p2|Moltres|
|poke|p2|Meowscarada, F|
|teampreview
|
|t:|1769346928
|teamsize|p1|6
|teamsize|p2|6
|start
|switch|p1a: Indeedee|Indeedee, M|100/100
|switch|p2a: Samurott|Samurott-Hisui, F|100/100
|-fieldstart|move: Psychic Terrain|[from] ability: Psychic Surge|[of] p1a: Indeedee
|turn|1
|
|t:|1769346935
|switch|p1a: Armarouge|Armarouge, M|100/100
|move|p2a: Samurott|Ceaseless Edge|p1a: Armarouge
|-supereffective|p1a: Armarouge
|-damage|p1a: Armarouge|8/100
|-ability|p1a: Armarouge|Weak Armor|boost
|-unboost|p1a: Armarouge|def|1
|-boost|p1a: Armarouge|spe|2
|-sidestart|p1: mio3777|Spikes
|
|upkeep
|turn|2
|inactive|Battle timer is ON: inactive players will automatically lose when time's up. (requested by mio3777)
|
|t:|1769346944
|move|p1a: Armarouge|Destiny Bond|p1a: Armarouge
|-singlemove|p1a: Armarouge|Destiny Bond
|move|p2a: Samurott|Knock Off|p1a: Armarouge
|-supereffective|p1a: Armarouge
|-damage|p1a: Armarouge|0 fnt
|-enditem|p1a: Armarouge|Focus Sash|[from] move: Knock Off|[of] p2a: Samurott
|faint|p1a: Armarouge
|-activate|p1a: Armarouge|move: Destiny Bond
|faint|p2a: Samurott
|
|upkeep
|
|t:|1769346955
|switch|p1a: Cinderace|Cinderace, M|100/100
|switch|p2a: Meowscarada|Meowscarada, F|100/100
|turn|3
|
|t:|1769346966
|move|p2a: Meowscarada|U-turn|p1a: Cinderace
|-start|p2a: Meowscarada|typechange|Bug|[from] ability: Protean
|-resisted|p1a: Cinderace
|-damage|p1a: Cinderace|79/100
|
|t:|1769346971
|switch|p2a: Moltres|Moltres|100/100|[from] U-turn
|move|p1a: Cinderace|Court Change|p1a: Cinderace
|-start|p1a: Cinderace|typechange|Normal|[from] ability: Libero
|-swapsideconditions
|-activate|p1a: Cinderace|move: Court Change
|
|upkeep
|turn|4
|
|t:|1769346978
|switch|p1a: Hatterene|Hatterene, F|100/100
|move|p2a: Moltres|Flamethrower|p1a: Hatterene
|-damage|p1a: Hatterene|62/100
|
|upkeep
|turn|5
|
|t:|1769346988
|move|p2a: Moltres|Flamethrower|p1a: Hatterene
|-damage|p1a: Hatterene|20/100
|move|p1a: Hatterene|Expanding Force|p2a: Moltres
|-damage|p2a: Moltres|31/100
|
|upkeep
|turn|6
|-enditem|p1a: Hatterene|Custap Berry|[eat]
|-activate|p1a: Hatterene|item: Custap Berry|[consumed]
|
|t:|1769346997
|move|p1a: Hatterene|Expanding Force|p2a: Moltres
|-damage|p2a: Moltres|0 fnt
|faint|p2a: Moltres
|
|upkeep
|
|t:|1769347006
|switch|p2a: Meowscarada|Meowscarada, F|100/100
|turn|7
|
|t:|1769347016
|move|p1a: Hatterene|Endure|p1a: Hatterene
|-singleturn|p1a: Hatterene|move: Endure
|move|p2a: Meowscarada|Knock Off|p1a: Hatterene
|-start|p2a: Meowscarada|typechange|Dark|[from] ability: Protean
|-activate|p1a: Hatterene|move: Endure
|-damage|p1a: Hatterene|1/100
|
|upkeep
|turn|8
|
|t:|1769347025
|move|p2a: Meowscarada|Knock Off|p1a: Hatterene
|-damage|p1a: Hatterene|0 fnt
|faint|p1a: Hatterene
|
|-fieldend|move: Psychic Terrain
|upkeep
|
|t:|1769347033
|switch|p1a: Indeedee|Indeedee, M|100/100
|-fieldstart|move: Psychic Terrain|[from] ability: Psychic Surge|[of] p1a: Indeedee
|turn|9
|
|t:|1769347038
|switch|p1a: Hawlucha|Hawlucha, F|100/100
|-enditem|p1a: Hawlucha|Psychic Seed
|-boost|p1a: Hawlucha|spd|1|[from] item: Psychic Seed
|move|p2a: Meowscarada|U-turn|p1a: Hawlucha
|-resisted|p1a: Hawlucha
|-damage|p1a: Hawlucha|92/100
|
|t:|1769347042
|switch|p2a: Slither Wing|Slither Wing|100/100|[from] U-turn
|
|upkeep
|turn|10
|
|t:|1769347051
|-terastallize|p2a: Slither Wing|Steel
|move|p1a: Hawlucha|Acrobatics|p2a: Slither Wing
|-resisted|p2a: Slither Wing
|-damage|p2a: Slither Wing|82/100
|move|p2a: Slither Wing|Will-O-Wisp|p1a: Hawlucha
|-status|p1a: Hawlucha|brn
|
|-damage|p1a: Hawlucha|86/100 brn|[from] brn
|upkeep
|turn|11
|
|t:|1769347061
|move|p1a: Hawlucha|Swords Dance|p1a: Hawlucha
|-boost|p1a: Hawlucha|atk|2
|move|p2a: Slither Wing|U-turn|p1a: Hawlucha
|-resisted|p1a: Hawlucha
|-damage|p1a: Hawlucha|76/100 brn
|
|t:|1769347063
|-end|p2a: Slither Wing|Protosynthesis|[silent]
|switch|p2a: Gholdengo|Gholdengo|100/100|[from] U-turn
|-damage|p2a: Gholdengo|88/100|[from] Spikes
|
|-damage|p1a: Hawlucha|70/100 brn|[from] brn
|upkeep
|turn|12
|
|t:|1769347071
|move|p1a: Hawlucha|Fire Punch|p2a: Gholdengo
|-supereffective|p2a: Gholdengo
|-damage|p2a: Gholdengo|42/100
|move|p2a: Gholdengo|Trick|p1a: Hawlucha
|-activate|p2a: Gholdengo|move: Trick|[of] p1a: Hawlucha
|-item|p1a: Hawlucha|Choice Scarf|[from] move: Trick
|-enditem|p2a: Gholdengo|Choice Scarf|[silent]|[from] move: Trick
|
|-damage|p1a: Hawlucha|63/100 brn|[from] brn
|upkeep
|turn|13
|
|t:|1769347088
|move|p1a: Hawlucha|Fire Punch|p2a: Gholdengo
|-supereffective|p2a: Gholdengo
|-damage|p2a: Gholdengo|0 fnt
|faint|p2a: Gholdengo
|
|-damage|p1a: Hawlucha|57/100 brn|[from] brn
|upkeep
|
|t:|1769347094
|switch|p2a: Slither Wing|Slither Wing, tera:Steel|82/100
|turn|14
|
|t:|1769347106
|-terastallize|p1a: Hawlucha|Fire
|move|p1a: Hawlucha|Fire Punch|p2a: Slither Wing
|-supereffective|p2a: Slither Wing
|-damage|p2a: Slither Wing|32/100
|move|p2a: Slither Wing|Morning Sun|p2a: Slither Wing
|-heal|p2a: Slither Wing|82/100
|
|-damage|p1a: Hawlucha|51/100 brn|[from] brn
|upkeep
|turn|15
|
|t:|1769347121
|move|p1a: Hawlucha|Fire Punch|p2a: Slither Wing
|-supereffective|p2a: Slither Wing
|-damage|p2a: Slither Wing|34/100
|move|p2a: Slither Wing|Morning Sun|p2a: Slither Wing
|-heal|p2a: Slither Wing|84/100
|
|-damage|p1a: Hawlucha|45/100 brn|[from] brn
|upkeep
|turn|16
|
|t:|1769347130
|move|p1a: Hawlucha|Fire Punch|p2a: Slither Wing
|-supereffective|p2a: Slither Wing
|-damage|p2a: Slither Wing|33/100
|move|p2a: Slither Wing|Morning Sun|p2a: Slither Wing
|-heal|p2a: Slither Wing|83/100
|
|-damage|p1a: Hawlucha|39/100 brn|[from] brn
|-fieldend|move: Psychic Terrain
|upkeep
|turn|17
|
|t:|1769347139
|move|p1a: Hawlucha|Fire Punch|p2a: Slither Wing
|-supereffective|p2a: Slither Wing
|-damage|p2a: Slither Wing|33/100
|move|p2a: Slither Wing|Morning Sun|p2a: Slither Wing
|-heal|p2a: Slither Wing|83/100
|
|-damage|p1a: Hawlucha|33/100 brn|[from] brn
|upkeep
|turn|18
|
|t:|1769347150
|move|p1a: Hawlucha|Fire Punch|p2a: Slither Wing
|-supereffective|p2a: Slither Wing
|-damage|p2a: Slither Wing|26/100
|move|p2a: Slither Wing|Morning Sun|p2a: Slither Wing
|-heal|p2a: Slither Wing|76/100
|
|-damage|p1a: Hawlucha|27/100 brn|[from] brn
|upkeep
|turn|19
|
|t:|1769347158
|move|p1a: Hawlucha|Fire Punch|p2a: Slither Wing
|-supereffective|p2a: Slither Wing
|-crit|p2a: Slither Wing
|-damage|p2a: Slither Wing|1/100
|-status|p2a: Slither Wing|brn
|move|p2a: Slither Wing|Morning Sun|p2a: Slither Wing
|-heal|p2a: Slither Wing|51/100 brn
|
|-damage|p1a: Hawlucha|21/100 brn|[from] brn
|-damage|p2a: Slither Wing|45/100 brn|[from] brn
|upkeep
|turn|20
|
|t:|1769347170
|move|p1a: Hawlucha|Fire Punch|p2a: Slither Wing
|-supereffective|p2a: Slither Wing
|-damage|p2a: Slither Wing|0 fnt
|faint|p2a: Slither Wing
|-end|p2a: Slither Wing|Protosynthesis|[silent]
|
|-damage|p1a: Hawlucha|15/100 brn|[from] brn
|upkeep
|
|t:|1769347182
|switch|p2a: Iron Treads|Iron Treads|100/100
|-damage|p2a: Iron Treads|88/100|[from] Spikes
|turn|21
|
|t:|1769347186
|move|p1a: Hawlucha|Fire Punch|p2a: Iron Treads
|-supereffective|p2a: Iron Treads
|-damage|p2a: Iron Treads|25/100
|move|p2a: Iron Treads|Rapid Spin|p1a: Hawlucha
|-damage|p1a: Hawlucha|0 fnt
|-boost|p2a: Iron Treads|spe|1
|-sideend|p2: Alx12|Spikes|[from] move: Rapid Spin|[of] p2a: Iron Treads
|faint|p1a: Hawlucha
|
|-heal|p2a: Iron Treads|32/100|[from] item: Leftovers
|upkeep
|
|t:|1769347203
|switch|p1a: Polteageist|Polteageist-Antique|100/100
|turn|22
|
|t:|1769347210
|move|p2a: Iron Treads|Knock Off|p1a: Polteageist
|-supereffective|p1a: Polteageist
|-enditem|p1a: Polteageist|Focus Sash
|-damage|p1a: Polteageist|1/100
|-ability|p1a: Polteageist|Weak Armor|boost
|-unboost|p1a: Polteageist|def|1
|-boost|p1a: Polteageist|spe|2
|move|p1a: Polteageist|Shadow Ball|p2a: Iron Treads
|-damage|p2a: Iron Treads|0 fnt
|faint|p2a: Iron Treads
|-end|p2a: Iron Treads|Quark Drive|[silent]
|
|upkeep
|
|t:|1769347216
|switch|p2a: Meowscarada|Meowscarada, F|100/100
|turn|23
|
|t:|1769347222
|move|p1a: Polteageist|Shadow Ball|p2a: Meowscarada
|-resisted|p2a: Meowscarada
|-damage|p2a: Meowscarada|68/100
|-unboost|p2a: Meowscarada|spd|1
|move|p2a: Meowscarada|Knock Off|p1a: Polteageist
|-start|p2a: Meowscarada|typechange|Dark|[from] ability: Protean
|-supereffective|p1a: Polteageist
|-damage|p1a: Polteageist|0 fnt
|faint|p1a: Polteageist
|
|upkeep
|
|t:|1769347237
|switch|p1a: Cinderace|Cinderace, M|79/100
|turn|24
|
|t:|1769347241
|move|p2a: Meowscarada|Knock Off|p1a: Cinderace
|-damage|p1a: Cinderace|25/100
|-enditem|p1a: Cinderace|Heavy-Duty Boots|[from] move: Knock Off|[of] p2a: Meowscarada
|move|p1a: Cinderace|High Jump Kick|p2a: Meowscarada
|-start|p1a: Cinderace|typechange|Fighting|[from] ability: Libero
|-supereffective|p2a: Meowscarada
|-damage|p2a: Meowscarada|0 fnt
|faint|p2a: Meowscarada
|
|win|mio3777
|raw|mio3777's rating: 1663 &rarr; <strong>1684</strong><br />(+21 for winning)
|raw|Alx12's rating: 1686 &rarr; <strong>1665</strong><br />(-21 for losing)
|l|☆Alx12
|player|p2|
