|j|☆wcpwcplejlej
|j|☆marianorajoykpop
|t:|1769361348
|gametype|singles
|player|p1|wcpwcplejlej|101|1089
|player|p2|marianorajoykpop|170|1133
|gen|9
|tier|[Gen 9] OU
|rated|
|rule|HP Percentage Mod: HP is shown in percentages
|rule|Endless Battle Clause: Forcing endless battles is banned
|rule|Species Clause: Limit one of each Pokémon
|rule|OHKO Clause: OHKO moves are banned
|rule|Evasion Items Clause: Evasion items are banned
|rule|Evasion Moves Clause: Evasion moves are banned
|rule|Evasion Abilities Clause: Evasion abilities are banned
|rule|Sleep Moves Clause: Sleep-inducing moves are banned
|clearpoke
|poke|p1|Garganacl, M|
|poke|p1|Amoonguss, M|
|poke|p1|Incineroar, F|
|poke|p1|Mismagius, M|
|poke|p1|Gliscor, M|
|poke|p1|Toxicroak, F|
|poke|p2|Rhydon, M|
|poke|p2|Darkrai|
|poke|p2|Ceruledge, M|
|poke|p2|Dondozo, F|
|poke|p2|Maushold-Four|
|poke|p2|Latias, F|
|teampreview
|
|t:|1769361365
|teamsize|p1|6
|teamsize|p2|6
|start
|switch|p1a: Garganacl|Garganacl, M|100/100
|switch|p2a: Latias|Latias, F|100/100
|turn|1
|inactive|Battle timer is ON: inactive players will automatically lose when time's up. (requested by marianorajoykpop)
|
|t:|1769361373
|move|p2a: Latias|Aura Sphere|p1a: Garganacl
|-supereffective|p1a: Garganacl
|-damage|p1a: Garganacl|65/100
|move|p1a: Garganacl|Salt Cure|p2a: Latias
|-damage|p2a: Latias|84/100
|-start|p2a: Latias|Salt Cure
|
|-heal|p1a: Garganacl|71/100|[from] item: Leftovers
|-damage|p2a: Latias|72/100|[from] Salt Cure
|upkeep
|turn|2
|
|t:|1769361385
|switch|p2a: Rhydon|Rhydon, M, shiny|100/100
|move|p1a: Garganacl|Stealth Rock|p2a: Rhydon
|-sidestart|p2: marianorajoykpop|move: Stealth Rock
|
|-heal|p1a: Garganacl|77/100|[from] item: Leftovers
|upkeep
|turn|3
|
|t:|1769361396
|move|p2a: Rhydon|Swords Dance|p2a: Rhydon
|-boost|p2a: Rhydon|atk|2
|move|p1a: Garganacl|Salt Cure|p2a: Rhydon
|-resisted|p2a: Rhydon
|-damage|p2a: Rhydon|97/100
|-start|p2a: Rhydon|Salt Cure
|
|-heal|p1a: Garganacl|83/100|[from] item: Leftovers
|-damage|p2a: Rhydon|85/100|[from] Salt Cure
|upkeep
|turn|4
|
|t:|1769361406
|move|p1a: Garganacl|Protect|p1a: Garganacl
|-singleturn|p1a: Garganacl|Protect
|move|p2a: Rhydon|Poison Jab|p1a: Garganacl
|-activate|p1a: Garganacl|move: Protect
|
|-heal|p1a: Garganacl|90/100|[from] item: Leftovers
|-damage|p2a: Rhydon|72/100|[from] Salt Cure
|upkeep
|turn|5
|
|t:|1769361419
|move|p1a: Garganacl|Protect||[still]
|-fail|p1a: Garganacl
|move|p2a: Rhydon|Earthquake|p1a: Garganacl
|-supereffective|p1a: Garganacl
|-damage|p1a: Garganacl|0 fnt
|faint|p1a: Garganacl
|
|-damage|p2a: Rhydon|60/100|[from] Salt Cure
|upkeep
|
|t:|1769361432
|switch|p1a: Incineroar|Incineroar, F|100/100
|-ability|p1a: Incineroar|Intimidate|boost
|-unboost|p2a: Rhydon|atk|1
|turn|6
|
|t:|1769361441
|move|p1a: Incineroar|Parting Shot|p2a: Rhydon
|-unboost|p2a: Rhydon|atk|1
|-unboost|p2a: Rhydon|spa|1
|
|t:|1769361445
|switch|p1a: Gliscor|Gliscor, M|100/100|[from] Parting Shot
|move|p2a: Rhydon|Earthquake|p1a: Gliscor
|-immune|p1a: Gliscor
|
|-damage|p2a: Rhydon|48/100|[from] Salt Cure
|-status|p1a: Gliscor|tox|[from] item: Toxic Orb
|upkeep
|turn|7
|
|t:|1769361460
|-terastallize|p2a: Rhydon|Flying
|move|p1a: Gliscor|Protect|p1a: Gliscor
|-singleturn|p1a: Gliscor|Protect
|move|p2a: Rhydon|Swords Dance|p2a: Rhydon
|-boost|p2a: Rhydon|atk|2
|
|-damage|p2a: Rhydon|36/100|[from] Salt Cure
|upkeep
|turn|8
|
|t:|1769361471
|move|p1a: Gliscor|Protect||[still]
|-fail|p1a: Gliscor
|move|p2a: Rhydon|Fire Punch|p1a: Gliscor
|-damage|p1a: Gliscor|55/100 tox
|
|-heal|p1a: Gliscor|67/100 tox|[from] ability: Poison Heal
|-damage|p2a: Rhydon|23/100|[from] Salt Cure
|upkeep
|turn|9
|
|t:|1769361484
|move|p1a: Gliscor|Knock Off|p2a: Rhydon
|-damage|p2a: Rhydon|14/100
|-enditem|p2a: Rhydon|Eviolite|[from] move: Knock Off|[of] p1a: Gliscor
|move|p2a: Rhydon|Poison Jab|p1a: Gliscor
|-resisted|p1a: Gliscor
|-damage|p1a: Gliscor|43/100 tox
|
|-heal|p1a: Gliscor|56/100 tox|[from] ability: Poison Heal
|-damage|p2a: Rhydon|1/100|[from] Salt Cure
|upkeep
|turn|10
|
|t:|1769361496
|move|p1a: Gliscor|Protect|p1a: Gliscor
|-singleturn|p1a: Gliscor|Protect
|move|p2a: Rhydon|Swords Dance|p2a: Rhydon
|-boost|p2a: Rhydon|atk|2
|
|-heal|p1a: Gliscor|68/100 tox|[from] ability: Poison Heal
|-damage|p2a: Rhydon|0 fnt|[from] Salt Cure
|faint|p2a: Rhydon
|upkeep
|
|t:|1769361502
|switch|p2a: Latias|Latias, F|72/100
|-damage|p2a: Latias|60/100|[from] Stealth Rock
|turn|11
|
|t:|1769361519
|move|p2a: Latias|Ice Beam|p1a: Gliscor
|-supereffective|p1a: Gliscor
|-damage|p1a: Gliscor|0 fnt
|faint|p1a: Gliscor
|
|upkeep
|
|t:|1769361532
|switch|p1a: Mismagius|Mismagius, M|100/100
|turn|12
|
|t:|1769361540
|switch|p2a: Maushold|Maushold-Four|100/100
|-damage|p2a: Maushold|88/100|[from] Stealth Rock
|move|p1a: Mismagius|Protect||[still]
|-fail|p1a: Mismagius
|
|upkeep
|turn|13
|
|t:|1769361549
|move|p2a: Maushold|Tidy Up|p2a: Maushold
|-sideend|p2: marianorajoykpop|Stealth Rock
|-activate|p2a: Maushold|move: Tidy Up
|-boost|p2a: Maushold|atk|1
|-boost|p2a: Maushold|spe|1
|move|p1a: Mismagius|Nasty Plot|p1a: Mismagius
|-boost|p1a: Mismagius|spa|2
|
|upkeep
|turn|14
|
|t:|1769361562
|move|p2a: Maushold|Bullet Seed|p1a: Mismagius
|-damage|p1a: Mismagius|76/100
|-damage|p1a: Mismagius|49/100
|-damage|p1a: Mismagius|23/100
|-damage|p1a: Mismagius|0 fnt
|faint|p1a: Mismagius
|-hitcount|p1: Mismagius|4
|
|upkeep
|
|t:|1769361572
|switch|p1a: Incineroar|Incineroar, F|100/100
|-ability|p1a: Incineroar|Intimidate|boost
|-unboost|p2a: Maushold|atk|1
|turn|15
|
|t:|1769361580
|move|p2a: Maushold|Tidy Up|p2a: Maushold
|-boost|p2a: Maushold|atk|1
|-boost|p2a: Maushold|spe|1
|move|p1a: Incineroar|Parting Shot|p2a: Maushold
|-unboost|p2a: Maushold|atk|1
|-unboost|p2a: Maushold|spa|1
|
|t:|1769361587
|switch|p1a: Amoonguss|Amoonguss, M|100/100|[from] Parting Shot
|
|upkeep
|turn|16
|
|t:|1769361615
|move|p2a: Maushold|Population Bomb|p1a: Amoonguss|[miss]
|-miss|p2a: Maushold|p1a: Amoonguss
|move|p1a: Amoonguss|Foul Play|p2a: Maushold
|-damage|p2a: Maushold|54/100
|
|upkeep
|turn|17
|
|t:|1769361625
|move|p2a: Maushold|Population Bomb|p1a: Amoonguss
|-damage|p1a: Amoonguss|93/100
|-damage|p1a: Amoonguss|85/100
|-damage|p1a: Amoonguss|76/100
|-damage|p1a: Amoonguss|68/100
|-damage|p1a: Amoonguss|60/100
|-damage|p1a: Amoonguss|51/100
|-damage|p1a: Amoonguss|42/100
|-hitcount|p1a: Amoonguss|7
|move|p1a: Amoonguss|Toxic|p2a: Maushold
|-status|p2a: Maushold|tox
|
|-damage|p2a: Maushold|48/100 tox|[from] psn
|upkeep
|turn|18
|
|t:|1769361643
|move|p2a: Maushold|Population Bomb|p1a: Amoonguss
|-damage|p1a: Amoonguss|34/100
|-damage|p1a: Amoonguss|26/100
|-damage|p1a: Amoonguss|19/100
|-damage|p1a: Amoonguss|11/100
|-damage|p1a: Amoonguss|3/100
|-damage|p1a: Amoonguss|0 fnt
|faint|p1a: Amoonguss
|-hitcount|p1: Amoonguss|6
|
|-damage|p2a: Maushold|35/100 tox|[from] psn
|upkeep
|inactive|wcpwcplejlej has 120 seconds left.
|
|t:|1769361658
|switch|p1a: Toxicroak|Toxicroak, F|100/100
|turn|19
|inactive|wcpwcplejlej has 120 seconds left.
|
|t:|1769361674
|move|p1a: Toxicroak|Protect|p1a: Toxicroak
|-singleturn|p1a: Toxicroak|Protect
|move|p2a: Maushold|Tidy Up|p2a: Maushold
|-boost|p2a: Maushold|atk|1
|-boost|p2a: Maushold|spe|1
|
|-damage|p2a: Maushold|17/100 tox|[from] psn
|upkeep
|turn|20
|inactive|wcpwcplejlej has 120 seconds left.
|
|t:|1769361688
|move|p1a: Toxicroak|Protect||[still]
|-fail|p1a: Toxicroak
|move|p2a: Maushold|Bullet Seed|p1a: Toxicroak
|-resisted|p1a: Toxicroak
|-damage|p1a: Toxicroak|94/100
|-resisted|p1a: Toxicroak
|-damage|p1a: Toxicroak|88/100
|-resisted|p1a: Toxicroak
|-damage|p1a: Toxicroak|82/100
|-resisted|p1a: Toxicroak
|-damage|p1a: Toxicroak|76/100
|-hitcount|p1a: Toxicroak|4
|
|-damage|p2a: Maushold|0 fnt|[from] psn
|faint|p2a: Maushold
|upkeep
|
|t:|1769361695
|switch|p2a: Ceruledge|Ceruledge, M|100/100
|turn|21
|inactive|wcpwcplejlej has 120 seconds left.
|
|t:|1769361708
|move|p2a: Ceruledge|Bitter Blade|p1a: Toxicroak
|-damage|p1a: Toxicroak|20/100
|-damage|p2a: Ceruledge|84/100|[from] item: Rocky Helmet|[of] p1a: Toxicroak
|move|p1a: Toxicroak|Toxic|p2a: Ceruledge
|-status|p2a: Ceruledge|tox
|
|-damage|p2a: Ceruledge|78/100 tox|[from] psn
|upkeep
|turn|22
|inactive|wcpwcplejlej has 120 seconds left.
|
|t:|1769361721
|move|p1a: Toxicroak|Protect|p1a: Toxicroak
|-singleturn|p1a: Toxicroak|Protect
|move|p2a: Ceruledge|Shadow Sneak|p1a: Toxicroak
|-activate|p1a: Toxicroak|move: Protect
|
|-damage|p2a: Ceruledge|65/100 tox|[from] psn
|upkeep
|turn|23
|
|t:|1769361729
|move|p1a: Toxicroak|Protect||[still]
|-fail|p1a: Toxicroak
|move|p2a: Ceruledge|Shadow Sneak|p1a: Toxicroak
|-damage|p1a: Toxicroak|0 fnt
|-damage|p2a: Ceruledge|49/100 tox|[from] item: Rocky Helmet|[of] p1a: Toxicroak
|faint|p1a: Toxicroak
|
|-damage|p2a: Ceruledge|30/100 tox|[from] psn
|upkeep
|inactive|wcpwcplejlej has 120 seconds left.
|
|t:|1769361739
|switch|p1a: Incineroar|Incineroar, F|100/100
|-ability|p1a: Incineroar|Intimidate|boost
|-unboost|p2a: Ceruledge|atk|1
|turn|24
|
|t:|1769361748
|move|p1a: Incineroar|Protect|p1a: Incineroar
|-singleturn|p1a: Incineroar|Protect
|move|p2a: Ceruledge|X-Scissor|p1a: Incineroar
|-activate|p1a: Incineroar|move: Protect
|
|-damage|p2a: Ceruledge|6/100 tox|[from] psn
|upkeep
|turn|25
|inactive|wcpwcplejlej has 120 seconds left.
|
|t:|1769361764
|move|p1a: Incineroar|Protect|p1a: Incineroar
|-singleturn|p1a: Incineroar|Protect
|move|p2a: Ceruledge|Bitter Blade|p1a: Incineroar
|-activate|p1a: Incineroar|move: Protect
|
|-damage|p2a: Ceruledge|0 fnt|[from] psn
|faint|p2a: Ceruledge
|upkeep
|
|t:|1769361769
|switch|p2a: Latias|Latias, F|60/100
|turn|26
|inactive|wcpwcplejlej has 120 seconds left.
|
|t:|1769361789
|move|p2a: Latias|Alluring Voice|p1a: Incineroar
|-damage|p1a: Incineroar|76/100
|move|p1a: Incineroar|Knock Off|p2a: Latias
|-supereffective|p2a: Latias
|-damage|p2a: Latias|0 fnt
|-enditem|p2a: Latias|Soul Dew|[from] move: Knock Off|[of] p1a: Incineroar
|faint|p2a: Latias
|
|upkeep
|
|t:|1769361794
|switch|p2a: Darkrai|Darkrai|100/100
|turn|27
|
|t:|1769361807
|move|p2a: Darkrai|Focus Blast|p1a: Incineroar
|-supereffective|p1a: Incineroar
|-crit|p1a: Incineroar
|-damage|p1a: Incineroar|0 fnt
|faint|p1a: Incineroar
|
|win|marianorajoykpop
|raw|wcpwcplejlej's rating: 1089 &rarr; <strong>1069</strong><br />(-20 for losing)
|raw|marianorajoykpop's rating: 1133 &rarr; <strong>1155</strong><br />(+22 for winning)
|l|☆marianorajoykpop
|player|p2|
|l|☆wcpwcplejlej
|player|p1|
|j|☆wcpwcplejlej
|player|p1|wcpwcplejlej|101|
|l|☆wcpwcplejlej
|player|p1|
