|j|☆zabbaman
|j|☆genskialtacc29
|t:|1769413786
|gametype|singles
|player|p1|zabbaman|265|1215
|player|p2|genskialtacc29|jogger|1130
|gen|9
|tier|[Gen 9] OU
|rated|
|rule|HP Percentage Mod: HP is shown in percentages
|rule|Endless Battle Clause: Forcing endless battles is banned
|rule|Species Clause: Limit one of each Pokémon
|rule|OHKO Clause: OHKO moves are banned
|rule|Evasion Items Clause: Evasion items are banned
|rule|Evasion Moves Clause: Evasion moves are banned
|rule|Evasion Abilities Clause: Evasion abilities are banned
|rule|Sleep Moves Clause: Sleep-inducing moves are banned
|clearpoke
|poke|p1|Ceruledge, F|
|poke|p1|Gholdengo|
|poke|p1|Gliscor, M|
|poke|p1|Samurott-Hisui, M|
|poke|p1|Deoxys-Speed|
|poke|p1|Tornadus-Therian, M|
|poke|p2|Scizor, F|
|poke|p2|Mandibuzz, F|
|poke|p2|Feraligatr, M|
|poke|p2|Skeledirge, F|
|poke|p2|Infernape, F|
|poke|p2|Toxapex, F|
|teampreview
|inactive|Battle timer is ON: inactive players will automatically lose when time's up. (requested by zabbaman)
|
|t:|1769413802
|teamsize|p1|6
|teamsize|p2|6
|start
|switch|p1a: Deoxys|Deoxys-Speed|100/100
|switch|p2a: Toxapex|Toxapex, F|100/100
|-ability|p1a: Deoxys|Pressure
|turn|1
|
|t:|1769413813
|move|p1a: Deoxys|Taunt|p2a: Toxapex
|-start|p2a: Toxapex|move: Taunt
|cant|p2a: Toxapex|move: Taunt|Toxic
|
|upkeep
|turn|2
|
|t:|1769413825
|switch|p2a: Scizor|Scizor, F|100/100
|move|p1a: Deoxys|Stealth Rock|p2a: Scizor
|-sidestart|p2: genskialtacc29|move: Stealth Rock
|
|upkeep
|turn|3
|
|t:|1769413834
|switch|p1a: Ceruledge|Ceruledge, F|100/100
|move|p2a: Scizor|Knock Off|p1a: Ceruledge
|-supereffective|p1a: Ceruledge
|-damage|p1a: Ceruledge|18/100
|-enditem|p1a: Ceruledge|Heavy-Duty Boots|[from] move: Knock Off|[of] p2a: Scizor
|-damage|p2a: Scizor|91/100|[from] item: Life Orb
|
|upkeep
|turn|4
|
|t:|1769413856
|switch|p1a: Samurott|Samurott-Hisui, M, shiny|100/100
|move|p2a: Scizor|Bullet Punch|p1a: Samurott
|-resisted|p1a: Samurott
|-damage|p1a: Samurott|74/100
|-damage|p2a: Scizor|81/100|[from] item: Life Orb
|
|upkeep
|turn|5
|
|t:|1769413866
|move|p1a: Samurott|Flip Turn|p2a: Scizor
|-damage|p2a: Scizor|55/100
|
|t:|1769413873
|switch|p1a: Tornadus|Tornadus-Therian, M|100/100|[from] Flip Turn
|move|p2a: Scizor|U-turn|p1a: Tornadus
|-resisted|p1a: Tornadus
|-damage|p1a: Tornadus|73/100
|-damage|p2a: Scizor|45/100|[from] item: Life Orb
|
|t:|1769413881
|switch|p2a: Mandibuzz|Mandibuzz, F|100/100|[from] U-turn
|-damage|p2a: Mandibuzz|75/100|[from] Stealth Rock
|
|-heal|p2a: Mandibuzz|82/100|[from] item: Leftovers
|upkeep
|turn|6
|
|t:|1769413895
|move|p1a: Tornadus|U-turn|p2a: Mandibuzz
|-damage|p2a: Mandibuzz|73/100
|
|t:|1769413898
|switch|p1a: Ceruledge|Ceruledge, F|18/100|[from] U-turn
|move|p2a: Mandibuzz|Defog|p1a: Ceruledge
|-unboost|p1a: Ceruledge|evasion|1
|-sideend|p2: genskialtacc29|Stealth Rock|[from] move: Defog|[of] p2a: Mandibuzz
|
|-heal|p2a: Mandibuzz|79/100|[from] item: Leftovers
|upkeep
|turn|7
|
|t:|1769413909
|switch|p2a: Toxapex|Toxapex, F|100/100
|move|p1a: Ceruledge|Will-O-Wisp|p2a: Toxapex
|-status|p2a: Toxapex|brn
|
|-damage|p2a: Toxapex|95/100 brn|[from] brn
|upkeep
|turn|8
|inactive|zabbaman has 120 seconds left.
|inactive|zabbaman has 90 seconds left.
|
|t:|1769413970
|switch|p2a: Infernape|Infernape, F|100/100
|move|p1a: Ceruledge|Poltergeist|p2a: Infernape
|-activate|p2a: Infernape|move: Poltergeist|Choice Scarf
|-damage|p2a: Infernape|25/100
|
|upkeep
|turn|9
|inactive|zabbaman has 90 seconds left.
|inactive|zabbaman has 60 seconds left.
|inactive|zabbaman has 30 seconds left.
|inactive|zabbaman has 20 seconds left.
|inactive|zabbaman has 15 seconds left.
|
|t:|1769414056
|move|p2a: Infernape|Thunder Punch|p1a: Ceruledge
|-damage|p1a: Ceruledge|0 fnt
|faint|p1a: Ceruledge
|
|upkeep
|inactive|zabbaman has 20 seconds left this turn.
|inactive|zabbaman has 15 seconds left.
|
|t:|1769414064
|switch|p1a: Samurott|Samurott-Hisui, M, shiny|74/100
|turn|10
|inactive|zabbaman has 25 seconds left this turn.
|
|t:|1769414068
|move|p2a: Infernape|Thunder Punch|p1a: Samurott
|-supereffective|p1a: Samurott
|-damage|p1a: Samurott|1/100
|move|p1a: Samurott|Flip Turn|p2a: Infernape
|-supereffective|p2a: Infernape
|-damage|p2a: Infernape|0 fnt
|faint|p2a: Infernape
|inactive|zabbaman has 30 seconds left this turn.
|
|t:|1769414071
|switch|p1a: Deoxys|Deoxys-Speed|100/100|[from] Flip Turn
|-ability|p1a: Deoxys|Pressure
|
|upkeep
|
|t:|1769414093
|switch|p2a: Mandibuzz|Mandibuzz, F|79/100
|turn|11
|
|t:|1769414097
|move|p1a: Deoxys|Taunt|p2a: Mandibuzz
|-start|p2a: Mandibuzz|move: Taunt
|cant|p2a: Mandibuzz|move: Taunt|Taunt
|
|-heal|p2a: Mandibuzz|85/100|[from] item: Leftovers
|upkeep
|turn|12
|
|t:|1769414108
|switch|p2a: Feraligatr|Feraligatr, M|100/100
|move|p1a: Deoxys|Stealth Rock|p2a: Feraligatr
|-sidestart|p2: genskialtacc29|move: Stealth Rock
|
|upkeep
|turn|13
|inactive|zabbaman has 60 seconds left.
|
|t:|1769414116
|move|p1a: Deoxys|Psycho Boost|p2a: Feraligatr
|-damage|p2a: Feraligatr|29/100
|-unboost|p1a: Deoxys|spa|2
|move|p2a: Feraligatr|Dragon Dance|p2a: Feraligatr
|-boost|p2a: Feraligatr|atk|1
|-boost|p2a: Feraligatr|spe|1
|
|upkeep
|turn|14
|
|t:|1769414125
|move|p1a: Deoxys|Superpower|p2a: Feraligatr
|-damage|p2a: Feraligatr|1/100
|-unboost|p1a: Deoxys|atk|1
|-unboost|p1a: Deoxys|def|1
|move|p2a: Feraligatr|Liquidation|p1a: Deoxys
|-enditem|p1a: Deoxys|Focus Sash
|-damage|p1a: Deoxys|1/100
|
|upkeep
|turn|15
|
|t:|1769414137
|move|p1a: Deoxys|Superpower|p2a: Feraligatr
|-damage|p2a: Feraligatr|0 fnt
|-unboost|p1a: Deoxys|atk|1
|-unboost|p1a: Deoxys|def|1
|faint|p2a: Feraligatr
|
|upkeep
|
|t:|1769414144
|switch|p2a: Skeledirge|Skeledirge, F|100/100
|-damage|p2a: Skeledirge|75/100|[from] Stealth Rock
|turn|16
|
|t:|1769414153
|move|p1a: Deoxys|Psycho Boost|p2a: Skeledirge
|-damage|p2a: Skeledirge|34/100
|-unboost|p1a: Deoxys|spa|2
|move|p2a: Skeledirge|Slack Off|p2a: Skeledirge
|-heal|p2a: Skeledirge|84/100
|
|-heal|p2a: Skeledirge|90/100|[from] item: Leftovers
|upkeep
|turn|17
|
|t:|1769414164
|move|p1a: Deoxys|Psycho Boost|p2a: Skeledirge
|-damage|p2a: Skeledirge|45/100
|-unboost|p1a: Deoxys|spa|2
|move|p2a: Skeledirge|Will-O-Wisp|p1a: Deoxys
|-status|p1a: Deoxys|brn
|
|-heal|p2a: Skeledirge|51/100|[from] item: Leftovers
|-damage|p1a: Deoxys|0 fnt|[from] brn
|faint|p1a: Deoxys
|upkeep
|
|t:|1769414167
|switch|p1a: Samurott|Samurott-Hisui, M, shiny|1/100
|turn|18
|
|t:|1769414180
|switch|p2a: Toxapex|Toxapex, F|100/100 brn
|-damage|p2a: Toxapex|88/100 brn|[from] Stealth Rock
|move|p1a: Samurott|Ceaseless Edge|p2a: Toxapex
|-damage|p2a: Toxapex|62/100 brn
|-sidestart|p2: genskialtacc29|Spikes
|
|-heal|p2a: Toxapex|68/100 brn|[from] item: Black Sludge
|-damage|p2a: Toxapex|62/100 brn|[from] brn
|upkeep
|turn|19
|
|t:|1769414191
|switch|p1a: Gliscor|Gliscor, M|100/100
|move|p2a: Toxapex|Baneful Bunker||[still]
|-fail|p2a: Toxapex
|
|-heal|p2a: Toxapex|68/100 brn|[from] item: Black Sludge
|-damage|p2a: Toxapex|62/100 brn|[from] brn
|-status|p1a: Gliscor|tox|[from] item: Toxic Orb
|upkeep
|turn|20
|
|t:|1769414203
|-terastallize|p1a: Gliscor|Normal
|move|p1a: Gliscor|Swords Dance|p1a: Gliscor
|-boost|p1a: Gliscor|atk|2
|move|p2a: Toxapex|Recover|p2a: Toxapex
|-heal|p2a: Toxapex|100/100 brn
|
|-damage|p2a: Toxapex|95/100 brn|[from] brn
|upkeep
|turn|21
|-message|genskialtacc29 forfeited.
|
|win|zabbaman
|raw|zabbaman's rating: 1215 &rarr; <strong>1234</strong><br />(+19 for winning)
|raw|genskialtacc29's rating: 1130 &rarr; <strong>1111</strong><br />(-19 for losing)
|l|☆genskialtacc29
|player|p2|
|l|☆zabbaman
|player|p1|
