|j|☆DiegoRene
|j|☆AliB_16
|t:|1769434038
|gametype|singles
|player|p1|DiegoRene|265|1378
|player|p2|AliB_16|266|1398
|gen|9
|tier|[Gen 9] OU
|rated|
|rule|HP Percentage Mod: HP is shown in percentages
|rule|Endless Battle Clause: Forcing endless battles is banned
|rule|Species Clause: Limit one of each Pokémon
|rule|OHKO Clause: OHKO moves are banned
|rule|Evasion Items Clause: Evasion items are banned
|rule|Evasion Moves Clause: Evasion moves are banned
|rule|Evasion Abilities Clause: Evasion abilities are banned
|rule|Sleep Moves Clause: Sleep-inducing moves are banned
|clearpoke
|poke|p1|Dragonite, M|
|poke|p1|Landorus-Therian, M|
|poke|p1|Gastrodon-East, F|
|poke|p1|Zapdos|
|poke|p1|Umbreon, M|
|poke|p1|Mimikyu, M|
|poke|p2|Kingambit, F|
|poke|p2|Great Tusk|
|poke|p2|Rillaboom, F|
|poke|p2|Enamorus, F|
|poke|p2|Garganacl, M|
|poke|p2|Slowking-Galar, F|
|teampreview
|inactive|Battle timer is ON: inactive players will automatically lose when time's up. (requested by DiegoRene)
|
|t:|1769434063
|teamsize|p1|6
|teamsize|p2|6
|start
|switch|p1a: Landorus|Landorus-Therian, M|100/100
|switch|p2a: Garganacl|Garganacl, M|100/100
|-ability|p1a: Landorus|Intimidate|boost
|-unboost|p2a: Garganacl|atk|1
|turn|1
|
|t:|1769434071
|move|p1a: Landorus|Earthquake|p2a: Garganacl
|-supereffective|p2a: Garganacl
|-damage|p2a: Garganacl|14/100
|move|p2a: Garganacl|Salt Cure|p1a: Landorus
|-damage|p1a: Landorus|89/100
|-start|p1a: Landorus|Salt Cure
|
|-heal|p2a: Garganacl|21/100|[from] item: Leftovers
|-damage|p1a: Landorus|77/100|[from] Salt Cure
|upkeep
|turn|2
|
|t:|1769434081
|switch|p1a: Gastrodon|Gastrodon-East, F|100/100
|move|p2a: Garganacl|Protect||[still]
|-fail|p2a: Garganacl
|
|-heal|p2a: Garganacl|27/100|[from] item: Leftovers
|upkeep
|turn|3
|
|t:|1769434095
|switch|p2a: Rillaboom|Rillaboom, F|100/100
|-fieldstart|move: Grassy Terrain|[from] ability: Grassy Surge|[of] p2a: Rillaboom
|move|p1a: Gastrodon|Earth Power|p2a: Rillaboom
|-resisted|p2a: Rillaboom
|-damage|p2a: Rillaboom|78/100
|
|-heal|p2a: Rillaboom|84/100|[from] Grassy Terrain
|upkeep
|turn|4
|
|t:|1769434103
|switch|p1a: Zapdos|Zapdos|100/100
|move|p2a: Rillaboom|U-turn|p1a: Zapdos
|-resisted|p1a: Zapdos
|-damage|p1a: Zapdos|81/100
|-status|p2a: Rillaboom|par|[from] ability: Static|[of] p1a: Zapdos
|
|t:|1769434113
|switch|p2a: Slowking|Slowking-Galar, F|100/100|[from] U-turn
|
|upkeep
|turn|5
|
|t:|1769434117
|move|p1a: Zapdos|Hurricane|p2a: Slowking|[miss]
|-miss|p1a: Zapdos|p2a: Slowking
|move|p2a: Slowking|Sludge Bomb|p1a: Zapdos
|-damage|p1a: Zapdos|41/100
|
|upkeep
|turn|6
|
|t:|1769434128
|move|p1a: Zapdos|Roost|p1a: Zapdos
|-heal|p1a: Zapdos|91/100
|-singleturn|p1a: Zapdos|move: Roost
|move|p2a: Slowking|Sludge Bomb|p1a: Zapdos
|-damage|p1a: Zapdos|50/100
|-status|p1a: Zapdos|psn
|
|-heal|p1a: Zapdos|57/100 psn|[from] Grassy Terrain
|-damage|p1a: Zapdos|44/100 psn|[from] psn
|upkeep
|turn|7
|
|t:|1769434140
|switch|p1a: Landorus|Landorus-Therian, M|77/100
|-ability|p1a: Landorus|Intimidate|boost
|-unboost|p2a: Slowking|atk|1
|move|p2a: Slowking|Psyshock|p1a: Landorus
|-damage|p1a: Landorus|29/100
|
|-fieldend|move: Grassy Terrain
|upkeep
|turn|8
|
|t:|1769434149
|switch|p2a: Enamorus|Enamorus, F|100/100
|move|p1a: Landorus|U-turn|p2a: Enamorus
|-resisted|p2a: Enamorus
|-damage|p2a: Enamorus|89/100
|
|t:|1769434154
|switch|p1a: Gastrodon|Gastrodon-East, F|100/100|[from] U-turn
|
|upkeep
|turn|9
|
|t:|1769434159
|switch|p2a: Rillaboom|Rillaboom, F|84/100 par
|-fieldstart|move: Grassy Terrain|[from] ability: Grassy Surge|[of] p2a: Rillaboom
|move|p1a: Gastrodon|Ice Beam|p2a: Rillaboom
|-supereffective|p2a: Rillaboom
|-damage|p2a: Rillaboom|23/100 par
|
|-heal|p2a: Rillaboom|29/100 par|[from] Grassy Terrain
|upkeep
|turn|10
|
|t:|1769434179
|-terastallize|p1a: Gastrodon|Steel
|move|p2a: Rillaboom|Grassy Glide|p1a: Gastrodon
|-resisted|p1a: Gastrodon
|-damage|p1a: Gastrodon|70/100
|move|p1a: Gastrodon|Ice Beam|p2a: Rillaboom
|-supereffective|p2a: Rillaboom
|-damage|p2a: Rillaboom|0 fnt
|faint|p2a: Rillaboom
|
|-heal|p1a: Gastrodon|76/100|[from] Grassy Terrain
|-heal|p1a: Gastrodon|82/100|[from] item: Leftovers
|upkeep
|
|t:|1769434187
|switch|p2a: Garganacl|Garganacl, M|27/100
|turn|11
|
|t:|1769434193
|move|p2a: Garganacl|Protect|p2a: Garganacl
|-singleturn|p2a: Garganacl|Protect
|move|p1a: Gastrodon|Earth Power|p2a: Garganacl
|-activate|p2a: Garganacl|move: Protect
|
|-heal|p1a: Gastrodon|88/100|[from] Grassy Terrain
|-heal|p1a: Gastrodon|94/100|[from] item: Leftovers
|-heal|p2a: Garganacl|33/100|[from] Grassy Terrain
|-heal|p2a: Garganacl|39/100|[from] item: Leftovers
|upkeep
|turn|12
|
|t:|1769434205
|-terastallize|p2a: Garganacl|Flying
|move|p1a: Gastrodon|Hydro Pump|p2a: Garganacl|[miss]
|-miss|p1a: Gastrodon|p2a: Garganacl
|move|p2a: Garganacl|Salt Cure|p1a: Gastrodon
|-resisted|p1a: Gastrodon
|-damage|p1a: Gastrodon|86/100
|-start|p1a: Gastrodon|Salt Cure
|
|-heal|p1a: Gastrodon|92/100|[from] Grassy Terrain
|-heal|p1a: Gastrodon|98/100|[from] item: Leftovers
|-heal|p2a: Garganacl|45/100|[from] item: Leftovers
|-damage|p1a: Gastrodon|74/100|[from] Salt Cure
|upkeep
|turn|13
|
|t:|1769434218
|move|p2a: Garganacl|Protect|p2a: Garganacl
|-singleturn|p2a: Garganacl|Protect
|move|p1a: Gastrodon|Ice Beam|p2a: Garganacl
|-activate|p2a: Garganacl|move: Protect
|
|-heal|p1a: Gastrodon|80/100|[from] Grassy Terrain
|-heal|p1a: Gastrodon|86/100|[from] item: Leftovers
|-heal|p2a: Garganacl|51/100|[from] item: Leftovers
|-damage|p1a: Gastrodon|61/100|[from] Salt Cure
|-fieldend|move: Grassy Terrain
|upkeep
|turn|14
|
|t:|1769434228
|move|p1a: Gastrodon|Ice Beam|p2a: Garganacl
|-supereffective|p2a: Garganacl
|-damage|p2a: Garganacl|17/100
|move|p2a: Garganacl|Recover|p2a: Garganacl
|-heal|p2a: Garganacl|67/100
|
|-heal|p1a: Gastrodon|67/100|[from] item: Leftovers
|-heal|p2a: Garganacl|74/100|[from] item: Leftovers
|-damage|p1a: Gastrodon|42/100|[from] Salt Cure
|upkeep
|turn|15
|
|t:|1769434246
|move|p1a: Gastrodon|Recover|p1a: Gastrodon
|-heal|p1a: Gastrodon|92/100
|move|p2a: Garganacl|Stealth Rock|p1a: Gastrodon
|-sidestart|p1: DiegoRene|move: Stealth Rock
|
|-heal|p1a: Gastrodon|98/100|[from] item: Leftovers
|-heal|p2a: Garganacl|80/100|[from] item: Leftovers
|-damage|p1a: Gastrodon|73/100|[from] Salt Cure
|upkeep
|turn|16
|inactive|DiegoRene has 120 seconds left.
|
|t:|1769434272
|switch|p1a: Zapdos|Zapdos|44/100 psn
|move|p2a: Garganacl|Salt Cure|p1a: Zapdos
|-supereffective|p1a: Zapdos
|-damage|p1a: Zapdos|16/100 psn
|-start|p1a: Zapdos|Salt Cure
|
|-heal|p2a: Garganacl|86/100|[from] item: Leftovers
|-damage|p1a: Zapdos|4/100 psn|[from] psn
|-damage|p1a: Zapdos|0 fnt|[from] Salt Cure
|faint|p1a: Zapdos
|upkeep
|inactive|DiegoRene has 120 seconds left.
|
|t:|1769434288
|switch|p1a: Umbreon|Umbreon, M, shiny|100/100
|-damage|p1a: Umbreon|88/100|[from] Stealth Rock
|turn|17
|
|t:|1769434297
|move|p1a: Umbreon|Wish|p1a: Umbreon
|move|p2a: Garganacl|Salt Cure|p1a: Umbreon
|-damage|p1a: Umbreon|77/100
|-start|p1a: Umbreon|Salt Cure
|
|-heal|p1a: Umbreon|83/100|[from] item: Leftovers
|-heal|p2a: Garganacl|92/100|[from] item: Leftovers
|-damage|p1a: Umbreon|71/100|[from] Salt Cure
|upkeep
|turn|18
|
|t:|1769434305
|switch|p1a: Dragonite|Dragonite, M|100/100
|-damage|p1a: Dragonite|75/100|[from] Stealth Rock
|switch|p2a: Slowking|Slowking-Galar, F|100/100
|
|-heal|p1a: Dragonite|100/100|[from] move: Wish|[wisher] Umbreon
|upkeep
|turn|19
|
|t:|1769434317
|move|p1a: Dragonite|Dragon Dance|p1a: Dragonite
|-boost|p1a: Dragonite|atk|1
|-boost|p1a: Dragonite|spe|1
|move|p2a: Slowking|Sludge Bomb|p1a: Dragonite
|-damage|p1a: Dragonite|80/100
|-status|p1a: Dragonite|psn
|
|-damage|p1a: Dragonite|68/100 psn|[from] psn
|upkeep
|turn|20
|c|☆DiegoRene|pfff amazing
|inactive|DiegoRene has 120 seconds left.
|
|t:|1769434333
|switch|p2a: Enamorus|Enamorus, F|89/100
|move|p1a: Dragonite|Earthquake|p2a: Enamorus
|-immune|p2a: Enamorus
|
|-damage|p1a: Dragonite|55/100 psn|[from] psn
|upkeep
|turn|21
|inactive|DiegoRene has 120 seconds left.
|
|t:|1769434346
|switch|p2a: Kingambit|Kingambit, F|100/100
|-activate|p2a: Kingambit|ability: Supreme Overlord
|-start|p2a: Kingambit|fallen1|[silent]
|move|p1a: Dragonite|Extreme Speed|p2a: Kingambit
|-resisted|p2a: Kingambit
|-damage|p2a: Kingambit|83/100
|
|-heal|p2a: Kingambit|89/100|[from] item: Leftovers
|-damage|p1a: Dragonite|43/100 psn|[from] psn
|upkeep
|turn|22
|inactive|DiegoRene has 120 seconds left.
|
|t:|1769434374
|move|p2a: Kingambit|Sucker Punch|p1a: Dragonite
|-damage|p1a: Dragonite|0 fnt
|faint|p1a: Dragonite
|
|-heal|p2a: Kingambit|95/100|[from] item: Leftovers
|upkeep
|l|☆DiegoRene
|inactive|DiegoRene disconnected and has a minute to reconnect!
|player|p1|
|inactive|DiegoRene has 30 seconds to reconnect!
|inactive|DiegoRene has 20 seconds to reconnect!
|inactive|DiegoRene has 15 seconds to reconnect!
|inactive|DiegoRene has 10 seconds to reconnect!
|inactive|DiegoRene has 5 seconds to reconnect!
|-message|DiegoRene lost due to inactivity.
|
|win|AliB_16
|raw|DiegoRene's rating: 1378 &rarr; <strong>1359</strong><br />(-19 for losing)
|raw|AliB_16's rating: 1398 &rarr; <strong>1417</strong><br />(+19 for winning)
