|j|‽resenhudo1234
|j|☆JordBo20
|t:|1769366854
|gametype|singles
|player|p1|resenhudo1234|bruno|1077
|player|p2|JordBo20|169|1000
|gen|9
|tier|[Gen 9] OU
|rated|
|rule|HP Percentage Mod: HP is shown in percentages
|rule|Endless Battle Clause: Forcing endless battles is banned
|rule|Species Clause: Limit one of each Pokémon
|rule|OHKO Clause: OHKO moves are banned
|rule|Evasion Items Clause: Evasion items are banned
|rule|Evasion Moves Clause: Evasion moves are banned
|rule|Evasion Abilities Clause: Evasion abilities are banned
|rule|Sleep Moves Clause: Sleep-inducing moves are banned
|clearpoke
|poke|p1|Tinkaton, F|
|poke|p1|Goodra-Hisui, F|
|poke|p1|Stonjourner, M|
|poke|p1|Swampert, M|
|poke|p1|Iron Moth|
|poke|p1|Grafaiai, M|
|poke|p2|Porygon-Z|
|poke|p2|Klefki, M|
|poke|p2|Slowking-Galar, M|
|poke|p2|Dachsbun, F|
|poke|p2|Umbreon, F|
|poke|p2|Ribombee, F|
|teampreview
|inactive|Battle timer is ON: inactive players will automatically lose when time's up. (requested by JordBo20)
|inactive|resenhudo1234 has 120 seconds left.
|inactive|resenhudo1234 has 90 seconds left.
|
|t:|1769366946
|teamsize|p1|6
|teamsize|p2|6
|start
|switch|p1a: Goodra|Goodra-Hisui, F|100/100
|switch|p2a: Ribombee|Ribombee, F|100/100
|turn|1
|
|t:|1769366955
|move|p2a: Ribombee|Substitute|p2a: Ribombee
|-start|p2a: Ribombee|Substitute
|-damage|p2a: Ribombee|76/100
|move|p1a: Goodra|Sludge Bomb|p2a: Ribombee
|-supereffective|p2a: Ribombee
|-end|p2a: Ribombee|Substitute
|
|-heal|p2a: Ribombee|82/100|[from] item: Leftovers
|upkeep
|turn|2
|
|t:|1769366965
|move|p2a: Ribombee|Grass Knot|p1a: Goodra
|-ability|p1a: Goodra|Sap Sipper|boost
|-boost|p1a: Goodra|atk|1
|move|p1a: Goodra|Sludge Bomb|p2a: Ribombee
|-supereffective|p2a: Ribombee
|-damage|p2a: Ribombee|0 fnt
|faint|p2a: Ribombee
|
|upkeep
|
|t:|1769366974
|switch|p2a: Slowking|Slowking-Galar, M|100/100
|turn|3
|inactive|resenhudo1234 has 120 seconds left.
|
|t:|1769367018
|move|p1a: Goodra|Sludge Bomb|p2a: Slowking
|-resisted|p2a: Slowking
|-damage|p2a: Slowking|92/100
|-enditem|p2a: Slowking|Eject Button
|
|t:|1769367026
|switch|p2a: Klefki|Klefki, M, shiny|100/100
|
|upkeep
|turn|4
|inactive|resenhudo1234 has 120 seconds left.
|inactive|resenhudo1234 has 90 seconds left.
|
|t:|1769367061
|move|p2a: Klefki|Switcheroo|p1a: Goodra
|-activate|p2a: Klefki|move: Trick|[of] p1a: Goodra
|-item|p1a: Goodra|Lagging Tail|[from] move: Switcheroo
|-item|p2a: Klefki|Assault Vest|[from] move: Switcheroo
|move|p1a: Goodra|Flash Cannon|p2a: Klefki
|-damage|p2a: Klefki|74/100
|
|upkeep
|turn|5
|inactive|resenhudo1234 has 90 seconds left.
|
|t:|1769367074
|move|p2a: Klefki|Draining Kiss|p1a: Goodra
|-damage|p1a: Goodra|92/100
|-heal|p2a: Klefki|81/100|[from] drain|[of] p1a: Goodra
|move|p1a: Goodra|Flash Cannon|p2a: Klefki
|-damage|p2a: Klefki|59/100
|
|upkeep
|turn|6
|
|t:|1769367080
|move|p2a: Klefki|Draining Kiss|p1a: Goodra
|-damage|p1a: Goodra|84/100
|-heal|p2a: Klefki|67/100|[from] drain|[of] p1a: Goodra
|move|p1a: Goodra|Flash Cannon|p2a: Klefki
|-damage|p2a: Klefki|40/100
|
|upkeep
|turn|7
|
|t:|1769367093
|switch|p2a: Slowking|Slowking-Galar, M|100/100
|move|p1a: Goodra|Flash Cannon|p2a: Slowking
|-damage|p2a: Slowking|76/100
|
|upkeep
|turn|8
|
|t:|1769367099
|move|p2a: Slowking|Chilling Water|p1a: Goodra
|-resisted|p1a: Goodra
|-damage|p1a: Goodra|79/100
|-unboost|p1a: Goodra|atk|1
|move|p1a: Goodra|Muddy Water|p2a: Slowking|[miss]
|-miss|p1a: Goodra|p2a: Slowking
|
|upkeep
|turn|9
|
|t:|1769367107
|move|p2a: Slowking|Eerie Spell|p1a: Goodra
|-resisted|p1a: Goodra
|-damage|p1a: Goodra|68/100
|-activate|p1a: Goodra|move: Eerie Spell|Muddy Water|3
|move|p1a: Goodra|Muddy Water|p2a: Slowking
|-damage|p2a: Slowking|58/100
|-unboost|p2a: Slowking|accuracy|1
|
|upkeep
|turn|10
|
|t:|1769367115
|move|p2a: Slowking|Slack Off|p2a: Slowking
|-heal|p2a: Slowking|100/100
|move|p1a: Goodra|Muddy Water|p2a: Slowking
|-damage|p2a: Slowking|83/100
|
|upkeep
|turn|11
|inactive|resenhudo1234 has 120 seconds left.
|
|t:|1769367121
|move|p2a: Slowking|Chilling Water|p1a: Goodra
|-resisted|p1a: Goodra
|-damage|p1a: Goodra|63/100
|-unboost|p1a: Goodra|atk|1
|move|p1a: Goodra|Muddy Water|p2a: Slowking
|-crit|p2a: Slowking
|-damage|p2a: Slowking|58/100
|
|upkeep
|turn|12
|
|t:|1769367131
|move|p2a: Slowking|Slack Off|p2a: Slowking
|-heal|p2a: Slowking|100/100
|move|p1a: Goodra|Muddy Water|p2a: Slowking
|-damage|p2a: Slowking|82/100
|
|upkeep
|turn|13
|
|t:|1769367137
|move|p2a: Slowking|Eerie Spell|p1a: Goodra|[miss]
|-miss|p2a: Slowking|p1a: Goodra
|move|p1a: Goodra|Muddy Water|p2a: Slowking
|-damage|p2a: Slowking|64/100
|
|upkeep
|turn|14
|
|t:|1769367142
|move|p2a: Slowking|Eerie Spell|p1a: Goodra|[miss]
|-miss|p2a: Slowking|p1a: Goodra
|move|p1a: Goodra|Muddy Water|p2a: Slowking
|-damage|p2a: Slowking|47/100
|-unboost|p2a: Slowking|accuracy|1
|
|upkeep
|turn|15
|
|t:|1769367151
|switch|p2a: Porygon-Z|Porygon-Z|100/100
|move|p1a: Goodra|Muddy Water|p2a: Porygon-Z
|-damage|p2a: Porygon-Z|67/100
|
|upkeep
|turn|16
|
|t:|1769367176
|move|p2a: Porygon-Z|Charge Beam|p1a: Goodra|[miss]
|-miss|p2a: Porygon-Z|p1a: Goodra
|move|p1a: Goodra|Muddy Water|p2a: Porygon-Z
|-damage|p2a: Porygon-Z|36/100
|
|upkeep
|turn|17
|
|t:|1769367183
|move|p2a: Porygon-Z|Dark Pulse|p1a: Goodra
|-damage|p1a: Goodra|48/100
|move|p1a: Goodra|Muddy Water|p2a: Porygon-Z
|-damage|p2a: Porygon-Z|6/100
|
|upkeep
|turn|18
|
|t:|1769367189
|move|p2a: Porygon-Z|Dark Pulse|p1a: Goodra
|-damage|p1a: Goodra|32/100
|move|p1a: Goodra|Muddy Water|p2a: Porygon-Z
|-crit|p2a: Porygon-Z
|-damage|p2a: Porygon-Z|0 fnt
|faint|p2a: Porygon-Z
|
|upkeep
|
|t:|1769367196
|switch|p2a: Dachsbun|Dachsbun, F, shiny|100/100
|-item|p2a: Dachsbun|Air Balloon
|turn|19
|inactive|resenhudo1234 has 120 seconds left.
|
|t:|1769367235
|-terastallize|p2a: Dachsbun|Steel
|move|p2a: Dachsbun|Body Press|p1a: Goodra
|-supereffective|p1a: Goodra
|-damage|p1a: Goodra|0 fnt
|faint|p1a: Goodra
|
|upkeep
|
|t:|1769367245
|switch|p1a: Iron Moth|Iron Moth, shiny|100/100
|-enditem|p1a: Iron Moth|Booster Energy
|-activate|p1a: Iron Moth|ability: Quark Drive|[fromitem]
|-start|p1a: Iron Moth|quarkdrivespe
|turn|20
|inactive|resenhudo1234 has 120 seconds left.
|
|t:|1769367255
|-terastallize|p1a: Iron Moth|Flying
|move|p1a: Iron Moth|Overheat|p2a: Dachsbun
|-ability|p2a: Dachsbun|Well-Baked Body|boost
|-boost|p2a: Dachsbun|def|2
|move|p2a: Dachsbun|Tera Blast|p1a: Iron Moth|[anim] Tera Blast Steel
|-damage|p1a: Iron Moth|69/100
|
|upkeep
|turn|21
|inactive|resenhudo1234 has 120 seconds left.
|
|t:|1769367280
|move|p1a: Iron Moth|Psychic|p2a: Dachsbun
|-resisted|p2a: Dachsbun
|-damage|p2a: Dachsbun|81/100
|-enditem|p2a: Dachsbun|Air Balloon
|move|p2a: Dachsbun|Trailblaze|p1a: Iron Moth
|-resisted|p1a: Iron Moth
|-crit|p1a: Iron Moth
|-damage|p1a: Iron Moth|59/100
|-boost|p2a: Dachsbun|spe|1
|
|upkeep
|turn|22
|
|t:|1769367292
|move|p1a: Iron Moth|U-turn|p2a: Dachsbun
|-resisted|p2a: Dachsbun
|-damage|p2a: Dachsbun|78/100
|
|t:|1769367297
|-end|p1a: Iron Moth|Quark Drive|[silent]
|switch|p1a: Stonjourner|Stonjourner, M|100/100|[from] U-turn
|move|p2a: Dachsbun|Body Press|p1a: Stonjourner
|-supereffective|p1a: Stonjourner
|-damage|p1a: Stonjourner|55/100
|
|upkeep
|turn|23
|
|t:|1769367309
|move|p2a: Dachsbun|Trailblaze|p1a: Stonjourner
|-supereffective|p1a: Stonjourner
|-damage|p1a: Stonjourner|45/100
|-boost|p2a: Dachsbun|spe|1
|move|p1a: Stonjourner|Body Press|p2a: Dachsbun
|-supereffective|p2a: Dachsbun
|-damage|p2a: Dachsbun|46/100
|
|upkeep
|turn|24
|
|t:|1769367320
|move|p2a: Dachsbun|Body Press|p1a: Stonjourner
|-supereffective|p1a: Stonjourner
|-damage|p1a: Stonjourner|0 fnt
|faint|p1a: Stonjourner
|
|upkeep
|inactive|resenhudo1234 has 90 seconds left.
|
|t:|1769367344
|switch|p1a: Swampert|Swampert, M|100/100
|turn|25
|
|t:|1769367354
|move|p2a: Dachsbun|Trailblaze|p1a: Swampert
|-supereffective|p1a: Swampert
|-damage|p1a: Swampert|63/100
|-boost|p2a: Dachsbun|spe|1
|move|p1a: Swampert|Earthquake|p2a: Dachsbun
|-supereffective|p2a: Dachsbun
|-damage|p2a: Dachsbun|0 fnt
|faint|p2a: Dachsbun
|-damage|p1a: Swampert|54/100|[from] item: Life Orb
|
|upkeep
|
|t:|1769367368
|switch|p2a: Umbreon|Umbreon, F|100/100
|turn|26
|inactive|resenhudo1234 has 90 seconds left.
|
|t:|1769367389
|move|p1a: Swampert|Brick Break|p2a: Umbreon
|-supereffective|p2a: Umbreon
|-damage|p2a: Umbreon|49/100
|-damage|p1a: Swampert|44/100|[from] item: Life Orb
|move|p2a: Umbreon|Foul Play|p1a: Swampert
|-damage|p1a: Swampert|0 fnt
|faint|p1a: Swampert
|
|upkeep
|inactive|resenhudo1234 has 90 seconds left.
|
|t:|1769367398
|switch|p1a: Tinkaton|Tinkaton, F, shiny|100/100
|-ability|p1a: Tinkaton|Mold Breaker
|turn|27
|
|t:|1769367404
|move|p1a: Tinkaton|Play Rough|p2a: Umbreon
|-supereffective|p2a: Umbreon
|-damage|p2a: Umbreon|0 fnt
|faint|p2a: Umbreon
|
|upkeep
|
|t:|1769367410
|switch|p2a: Klefki|Klefki, M, shiny|40/100
|turn|28
|
|t:|1769367423
|move|p1a: Tinkaton|Gigaton Hammer|p2a: Klefki
|-damage|p2a: Klefki|0 fnt
|faint|p2a: Klefki
|
|upkeep
|
|t:|1769367427
|switch|p2a: Slowking|Slowking-Galar, M|80/100
|turn|29
|
|t:|1769367442
|move|p1a: Tinkaton|Foul Play|p2a: Slowking
|-supereffective|p2a: Slowking
|-damage|p2a: Slowking|52/100
|move|p2a: Slowking|Chilling Water|p1a: Tinkaton
|-damage|p1a: Tinkaton|82/100
|-unboost|p1a: Tinkaton|atk|1
|
|upkeep
|turn|30
|
|t:|1769367449
|move|p1a: Tinkaton|Foul Play|p2a: Slowking
|-supereffective|p2a: Slowking
|-damage|p2a: Slowking|24/100
|move|p2a: Slowking|Slack Off|p2a: Slowking
|-heal|p2a: Slowking|74/100
|
|upkeep
|turn|31
|
|t:|1769367464
|move|p1a: Tinkaton|Foul Play|p2a: Slowking
|-supereffective|p2a: Slowking
|-damage|p2a: Slowking|45/100
|move|p2a: Slowking|Chilling Water|p1a: Tinkaton
|-damage|p1a: Tinkaton|63/100
|-unboost|p1a: Tinkaton|atk|1
|
|upkeep
|turn|32
|inactive|resenhudo1234 has 120 seconds left.
|
|t:|1769367475
|switch|p1a: Iron Moth|Iron Moth, shiny, tera:Flying|59/100
|move|p2a: Slowking|Slack Off|p2a: Slowking
|-heal|p2a: Slowking|95/100
|
|upkeep
|turn|33
|inactive|resenhudo1234 has 120 seconds left.
|
|t:|1769367497
|move|p1a: Iron Moth|Overheat|p2a: Slowking
|-damage|p2a: Slowking|44/100
|-unboost|p1a: Iron Moth|spa|2
|move|p2a: Slowking|Sludge Bomb|p1a: Iron Moth
|-damage|p1a: Iron Moth|20/100
|
|upkeep
|turn|34
|
|t:|1769367512
|move|p1a: Iron Moth|Psychic|p2a: Slowking
|-damage|p2a: Slowking|33/100
|move|p2a: Slowking|Slack Off|p2a: Slowking
|-heal|p2a: Slowking|83/100
|
|upkeep
|turn|35
|
|t:|1769367519
|move|p1a: Iron Moth|Overheat|p2a: Slowking
|-damage|p2a: Slowking|60/100
|-unboost|p1a: Iron Moth|spa|2
|move|p2a: Slowking|Eerie Spell|p1a: Iron Moth
|-damage|p1a: Iron Moth|0 fnt
|faint|p1a: Iron Moth
|-end|p1a: Iron Moth|Quark Drive|[silent]
|
|upkeep
|inactive|resenhudo1234 has 90 seconds left.
|
|t:|1769367545
|switch|p1a: Tinkaton|Tinkaton, F, shiny|63/100
|-ability|p1a: Tinkaton|Mold Breaker
|turn|36
|
|t:|1769367549
|move|p1a: Tinkaton|Fake Out|p2a: Slowking
|-damage|p2a: Slowking|50/100
|cant|p2a: Slowking|flinch
|
|upkeep
|turn|37
|
|t:|1769367553
|move|p1a: Tinkaton|Gigaton Hammer|p2a: Slowking
|-damage|p2a: Slowking|0 fnt
|faint|p2a: Slowking
|
|win|resenhudo1234
|raw|resenhudo1234's rating: 1077 &rarr; <strong>1099</strong><br />(+22 for winning)
|raw|JordBo20's rating: 1000 &rarr; <strong>1000</strong><br />(+0 for losing)
|l|☆JordBo20
|player|p2|
