|j|☆1337muffin1337
|j|☆kazcrafte
|t:|1769420304
|gametype|singles
|player|p1|1337muffin1337|misty|1146
|player|p2|kazcrafte|cyrus|1228
|gen|9
|tier|[Gen 9] OU
|rated|
|rule|HP Percentage Mod: HP is shown in percentages
|rule|Endless Battle Clause: Forcing endless battles is banned
|rule|Species Clause: Limit one of each Pokémon
|rule|OHKO Clause: OHKO moves are banned
|rule|Evasion Items Clause: Evasion items are banned
|rule|Evasion Moves Clause: Evasion moves are banned
|rule|Evasion Abilities Clause: Evasion abilities are banned
|rule|Sleep Moves Clause: Sleep-inducing moves are banned
|clearpoke
|poke|p1|Volcanion|
|poke|p1|Lapras, F|
|poke|p1|Espeon, F|
|poke|p1|Darkrai|
|poke|p1|Iron Treads|
|poke|p1|Conkeldurr, M|
|poke|p2|Pecharunt|
|poke|p2|Mabosstiff, M|
|poke|p2|Volcanion|
|poke|p2|Iron Valiant|
|poke|p2|Landorus-Therian, M|
|poke|p2|Deoxys-Speed|
|teampreview
|inactive|Battle timer is ON: inactive players will automatically lose when time's up. (requested by kazcrafte)
|
|t:|1769420311
|teamsize|p1|6
|teamsize|p2|6
|start
|switch|p1a: Conkeldurr|Conkeldurr, M|100/100
|switch|p2a: Landorus|Landorus-Therian, M|100/100
|-ability|p2a: Landorus|Intimidate|boost
|-unboost|p1a: Conkeldurr|atk|1
|turn|1
|
|t:|1769420317
|move|p2a: Landorus|Taunt|p1a: Conkeldurr
|-start|p1a: Conkeldurr|move: Taunt
|move|p1a: Conkeldurr|Ice Punch|p2a: Landorus
|-supereffective|p2a: Landorus
|-damage|p2a: Landorus|0 fnt
|-damage|p1a: Conkeldurr|84/100|[from] item: Rocky Helmet|[of] p2a: Landorus
|faint|p2a: Landorus
|
|upkeep
|inactive|kazcrafte has 120 seconds left.
|
|t:|1769420351
|switch|p2a: Iron Valiant|Iron Valiant|100/100
|-enditem|p2a: Iron Valiant|Booster Energy
|-activate|p2a: Iron Valiant|ability: Quark Drive|[fromitem]
|-start|p2a: Iron Valiant|quarkdrivespe
|turn|2
|
|t:|1769420368
|switch|p1a: Espeon|Espeon, F|100/100
|move|p2a: Iron Valiant|Knock Off|p1a: Espeon
|-supereffective|p1a: Espeon
|-damage|p1a: Espeon|0 fnt
|-enditem|p1a: Espeon|Life Orb|[from] move: Knock Off|[of] p2a: Iron Valiant
|faint|p1a: Espeon
|
|upkeep
|
|t:|1769420375
|switch|p1a: Darkrai|Darkrai|100/100
|turn|3
|
|t:|1769420380
|move|p2a: Iron Valiant|Close Combat|p1a: Darkrai
|-supereffective|p1a: Darkrai
|-enditem|p1a: Darkrai|Focus Sash
|-damage|p1a: Darkrai|1/100
|-unboost|p2a: Iron Valiant|def|1
|-unboost|p2a: Iron Valiant|spd|1
|move|p1a: Darkrai|Sludge Bomb|p2a: Iron Valiant
|-supereffective|p2a: Iron Valiant
|-damage|p2a: Iron Valiant|0 fnt
|faint|p2a: Iron Valiant
|-end|p2a: Iron Valiant|Quark Drive|[silent]
|
|upkeep
|
|t:|1769420388
|switch|p2a: Deoxys|Deoxys-Speed|100/100
|-ability|p2a: Deoxys|Pressure
|turn|4
|
|t:|1769420392
|move|p2a: Deoxys|Knock Off|p1a: Darkrai
|-resisted|p1a: Darkrai
|-crit|p1a: Darkrai
|-damage|p1a: Darkrai|0 fnt
|faint|p1a: Darkrai
|
|upkeep
|
|t:|1769420399
|switch|p1a: Conkeldurr|Conkeldurr, M|84/100
|turn|5
|
|t:|1769420402
|-terastallize|p1a: Conkeldurr|Dark
|move|p2a: Deoxys|Psycho Boost|p1a: Conkeldurr
|-immune|p1a: Conkeldurr
|move|p1a: Conkeldurr|Knock Off|p2a: Deoxys
|-supereffective|p2a: Deoxys
|-damage|p2a: Deoxys|0 fnt
|-enditem|p2a: Deoxys|Eject Pack|[from] move: Knock Off|[of] p1a: Conkeldurr
|faint|p2a: Deoxys
|
|upkeep
|
|t:|1769420408
|switch|p2a: Volcanion|Volcanion|100/100
|turn|6
|
|t:|1769420416
|move|p2a: Volcanion|Will-O-Wisp|p1a: Conkeldurr
|-status|p1a: Conkeldurr|brn
|move|p1a: Conkeldurr|Drain Punch|p2a: Volcanion
|-damage|p2a: Volcanion|80/100
|-heal|p1a: Conkeldurr|93/100 brn|[from] drain|[of] p2a: Volcanion
|
|-heal|p2a: Volcanion|86/100|[from] item: Leftovers
|-damage|p1a: Conkeldurr|87/100 brn|[from] brn
|upkeep
|turn|7
|
|t:|1769420427
|move|p2a: Volcanion|Flamethrower|p1a: Conkeldurr
|-damage|p1a: Conkeldurr|32/100 brn
|move|p1a: Conkeldurr|Knock Off|p2a: Volcanion
|-crit|p2a: Volcanion
|-damage|p2a: Volcanion|54/100
|-enditem|p2a: Volcanion|Leftovers|[from] move: Knock Off|[of] p1a: Conkeldurr
|
|-damage|p1a: Conkeldurr|26/100 brn|[from] brn
|upkeep
|turn|8
|
|t:|1769420435
|move|p2a: Volcanion|Flamethrower|p1a: Conkeldurr
|-damage|p1a: Conkeldurr|0 fnt
|faint|p1a: Conkeldurr
|
|upkeep
|
|t:|1769420444
|switch|p1a: Iron Treads|Iron Treads|100/100
|-enditem|p1a: Iron Treads|Booster Energy
|-activate|p1a: Iron Treads|ability: Quark Drive|[fromitem]
|-start|p1a: Iron Treads|quarkdrivespe
|turn|9
|
|t:|1769420449
|move|p1a: Iron Treads|Supercell Slam|p2a: Volcanion
|-supereffective|p2a: Volcanion
|-damage|p2a: Volcanion|9/100
|move|p2a: Volcanion|Will-O-Wisp|p1a: Iron Treads|[miss]
|-miss|p2a: Volcanion|p1a: Iron Treads
|
|upkeep
|turn|10
|
|t:|1769420455
|move|p1a: Iron Treads|Supercell Slam|p2a: Volcanion
|-supereffective|p2a: Volcanion
|-damage|p2a: Volcanion|0 fnt
|faint|p2a: Volcanion
|
|upkeep
|
|t:|1769420457
|switch|p2a: Mabosstiff|Mabosstiff, M|100/100
|-ability|p2a: Mabosstiff|Intimidate|boost
|-unboost|p1a: Iron Treads|atk|1
|turn|11
|
|t:|1769420474
|-end|p1a: Iron Treads|Quark Drive|[silent]
|switch|p1a: Volcanion|Volcanion|100/100
|move|p2a: Mabosstiff|Jaw Lock|p1a: Volcanion
|-damage|p1a: Volcanion|62/100
|-activate|p2a: Mabosstiff|trapped
|-activate|p1a: Volcanion|trapped
|-damage|p2a: Mabosstiff|84/100|[from] item: Rocky Helmet|[of] p1a: Volcanion
|
|upkeep
|turn|12
|
|t:|1769420484
|move|p2a: Mabosstiff|Trailblaze|p1a: Volcanion
|-damage|p1a: Volcanion|47/100
|-boost|p2a: Mabosstiff|spe|1
|-damage|p2a: Mabosstiff|68/100|[from] item: Rocky Helmet|[of] p1a: Volcanion
|move|p1a: Volcanion|Steam Eruption|p2a: Mabosstiff
|-damage|p2a: Mabosstiff|0 fnt
|faint|p2a: Mabosstiff
|
|upkeep
|
|t:|1769420488
|switch|p2a: Pecharunt|Pecharunt|100/100
|turn|13
|
|t:|1769420497
|move|p2a: Pecharunt|Malignant Chain|p1a: Volcanion
|-damage|p1a: Volcanion|8/100
|move|p1a: Volcanion|Steam Eruption|p2a: Pecharunt
|-damage|p2a: Pecharunt|21/100
|-status|p2a: Pecharunt|brn
|
|-damage|p2a: Pecharunt|15/100 brn|[from] brn
|upkeep
|turn|14
|
|t:|1769420506
|move|p2a: Pecharunt|Shadow Ball|p1a: Volcanion
|-damage|p1a: Volcanion|0 fnt
|faint|p1a: Volcanion
|
|-damage|p2a: Pecharunt|9/100 brn|[from] brn
|upkeep
|
|t:|1769420511
|switch|p1a: Lapras|Lapras, F, shiny|100/100
|turn|15
|
|t:|1769420515
|move|p2a: Pecharunt|Recover|p2a: Pecharunt
|-heal|p2a: Pecharunt|59/100 brn
|move|p1a: Lapras|Brine|p2a: Pecharunt
|-damage|p2a: Pecharunt|26/100 brn
|
|-damage|p2a: Pecharunt|20/100 brn|[from] brn
|upkeep
|turn|16
|
|t:|1769420522
|move|p2a: Pecharunt|Recover|p2a: Pecharunt
|-heal|p2a: Pecharunt|70/100 brn
|move|p1a: Lapras|Brine|p2a: Pecharunt
|-damage|p2a: Pecharunt|41/100 brn
|
|-damage|p2a: Pecharunt|35/100 brn|[from] brn
|upkeep
|turn|17
|
|t:|1769420534
|move|p2a: Pecharunt|Recover|p2a: Pecharunt
|-heal|p2a: Pecharunt|85/100 brn
|move|p1a: Lapras|Brine|p2a: Pecharunt
|-damage|p2a: Pecharunt|53/100 brn
|
|-damage|p2a: Pecharunt|47/100 brn|[from] brn
|upkeep
|turn|18
|
|t:|1769420542
|move|p2a: Pecharunt|Recover|p2a: Pecharunt
|-heal|p2a: Pecharunt|97/100 brn
|move|p1a: Lapras|Brine|p2a: Pecharunt
|-damage|p2a: Pecharunt|69/100 brn
|
|-damage|p2a: Pecharunt|63/100 brn|[from] brn
|upkeep
|turn|19
|
|t:|1769420548
|move|p2a: Pecharunt|Malignant Chain|p1a: Lapras
|-damage|p1a: Lapras|82/100
|-status|p1a: Lapras|tox
|-start|p1a: Lapras|confusion|[from] ability: Poison Puppeteer|[of] p2a: Pecharunt
|-activate|p1a: Lapras|confusion
|-damage|p1a: Lapras|77/100 tox|[from] confusion
|
|-damage|p1a: Lapras|70/100 tox|[from] psn
|-damage|p2a: Pecharunt|57/100 brn|[from] brn
|upkeep
|turn|20
|
|t:|1769420558
|move|p2a: Pecharunt|Recover|p2a: Pecharunt
|-heal|p2a: Pecharunt|100/100 brn
|-activate|p1a: Lapras|confusion
|move|p1a: Lapras|Brine|p2a: Pecharunt
|-damage|p2a: Pecharunt|71/100 brn
|
|-damage|p1a: Lapras|58/100 tox|[from] psn
|-damage|p2a: Pecharunt|65/100 brn|[from] brn
|upkeep
|turn|21
|
|t:|1769420567
|move|p2a: Pecharunt|Nasty Plot|p2a: Pecharunt
|-boost|p2a: Pecharunt|spa|2
|-end|p1a: Lapras|confusion
|move|p1a: Lapras|Brine|p2a: Pecharunt
|-damage|p2a: Pecharunt|36/100 brn
|
|-damage|p1a: Lapras|39/100 tox|[from] psn
|-damage|p2a: Pecharunt|30/100 brn|[from] brn
|upkeep
|turn|22
|
|t:|1769420576
|move|p2a: Pecharunt|Recover|p2a: Pecharunt
|-heal|p2a: Pecharunt|80/100 brn
|move|p1a: Lapras|Brine|p2a: Pecharunt
|-damage|p2a: Pecharunt|50/100 brn
|
|-damage|p1a: Lapras|14/100 tox|[from] psn
|-damage|p2a: Pecharunt|44/100 brn|[from] brn
|upkeep
|turn|23
|
|t:|1769420583
|move|p2a: Pecharunt|Recover|p2a: Pecharunt
|-heal|p2a: Pecharunt|94/100 brn
|move|p1a: Lapras|Brine|p2a: Pecharunt
|-damage|p2a: Pecharunt|66/100 brn
|
|-damage|p1a: Lapras|0 fnt|[from] psn
|faint|p1a: Lapras
|-damage|p2a: Pecharunt|60/100 brn|[from] brn
|upkeep
|
|t:|1769420592
|switch|p1a: Iron Treads|Iron Treads|100/100
|turn|24
|
|t:|1769420598
|-terastallize|p2a: Pecharunt|Fairy
|move|p1a: Iron Treads|Earthquake|p2a: Pecharunt
|-damage|p2a: Pecharunt|25/100 brn
|move|p2a: Pecharunt|Shadow Ball|p1a: Iron Treads
|-damage|p1a: Iron Treads|14/100
|
|-damage|p2a: Pecharunt|19/100 brn|[from] brn
|upkeep
|turn|25
|
|t:|1769420606
|move|p1a: Iron Treads|Earthquake|p2a: Pecharunt
|-damage|p2a: Pecharunt|0 fnt
|faint|p2a: Pecharunt
|
|win|1337muffin1337
|raw|1337muffin1337's rating: 1146 &rarr; <strong>1177</strong><br />(+31 for winning)
|raw|kazcrafte's rating: 1228 &rarr; <strong>1197</strong><br />(-31 for losing)
|l|☆kazcrafte
|player|p2|
|l|☆1337muffin1337
|player|p1|
