|j|☆lousiv
|j|☆m709lkjo
|t:|1769335934
|gametype|singles
|player|p1|lousiv|ltsurge|1337
|player|p2|m709lkjo|265|1334
|gen|9
|tier|[Gen 9] OU
|rated|
|rule|HP Percentage Mod: HP is shown in percentages
|rule|Endless Battle Clause: Forcing endless battles is banned
|rule|Species Clause: Limit one of each Pokémon
|rule|OHKO Clause: OHKO moves are banned
|rule|Evasion Items Clause: Evasion items are banned
|rule|Evasion Moves Clause: Evasion moves are banned
|rule|Evasion Abilities Clause: Evasion abilities are banned
|rule|Sleep Moves Clause: Sleep-inducing moves are banned
|clearpoke
|poke|p1|Skarmory, M|
|poke|p1|Muk-Alola, M|
|poke|p1|Pecharunt|
|poke|p1|Great Tusk|
|poke|p1|Kyurem|
|poke|p1|Rotom-Wash|
|poke|p2|Arcanine-Hisui, F|
|poke|p2|Kleavor, F|
|poke|p2|Scyther, M|
|poke|p2|Hariyama, F|
|poke|p2|Drifblim, F|
|poke|p2|Cottonee, F|
|teampreview
|inactive|Battle timer is ON: inactive players will automatically lose when time's up. (requested by lousiv)
|c|☆m709lkjo|gl hf
|inactive|m709lkjo has 120 seconds left.
|
|t:|1769335967
|teamsize|p1|6
|teamsize|p2|6
|start
|switch|p1a: Skarmory|Skarmory, M|100/100
|switch|p2a: PU|Hariyama, F|100/100
|turn|1
|
|t:|1769335972
|move|p1a: Skarmory|Spikes|p2a: PU
|-sidestart|p2: m709lkjo|Spikes
|move|p2a: PU|Knock Off|p1a: Skarmory
|-damage|p1a: Skarmory|79/100
|-damage|p2a: PU|84/100|[from] item: Rocky Helmet|[of] p1a: Skarmory
|-enditem|p1a: Skarmory|Rocky Helmet|[from] move: Knock Off|[of] p2a: PU
|
|upkeep
|turn|2
|
|t:|1769335979
|switch|p2a: ZU|Drifblim, F|100/100
|move|p1a: Skarmory|Spikes|p2a: ZU
|-sidestart|p2: m709lkjo|Spikes
|
|upkeep
|turn|3
|
|t:|1769335986
|switch|p1a: Kyurem|Kyurem|100/100
|-ability|p1a: Kyurem|Pressure
|move|p2a: ZU|Defog|p1a: Kyurem
|-unboost|p1a: Kyurem|evasion|1
|-sideend|p2: m709lkjo|Spikes|[from] move: Defog|[of] p2a: ZU
|
|upkeep
|turn|4
|
|t:|1769335990
|switch|p2a: PU|Hariyama, F|84/100
|move|p1a: Kyurem|Ice Beam|p2a: PU
|-damage|p2a: PU|62/100
|-status|p2a: PU|frz
|
|upkeep
|turn|5
|
|t:|1769335996
|switch|p1a: Skarmory|Skarmory, M|79/100
|cant|p2a: PU|frz
|
|upkeep
|turn|6
|
|t:|1769335999
|switch|p2a: ZU|Drifblim, F|100/100
|move|p1a: Skarmory|Spikes|p2a: ZU
|-sidestart|p2: m709lkjo|Spikes
|
|upkeep
|turn|7
|
|t:|1769336002
|switch|p1a: Kyurem|Kyurem|100/100
|-ability|p1a: Kyurem|Pressure
|move|p2a: ZU|Will-O-Wisp|p1a: Kyurem
|-status|p1a: Kyurem|brn
|
|-damage|p1a: Kyurem|94/100 brn|[from] brn
|upkeep
|turn|8
|
|t:|1769336016
|switch|p2a: PU|Hariyama, F|62/100 frz
|-damage|p2a: PU|50/100 frz|[from] Spikes
|move|p1a: Kyurem|Ice Beam|p2a: PU
|-damage|p2a: PU|29/100 frz
|
|-damage|p1a: Kyurem|88/100 brn|[from] brn
|upkeep
|turn|9
|
|t:|1769336024
|switch|p1a: Rotom|Rotom-Wash|100/100
|cant|p2a: PU|frz
|
|upkeep
|turn|10
|
|t:|1769336032
|move|p1a: Rotom|Volt Switch|p2a: PU
|-damage|p2a: PU|14/100 frz
|
|t:|1769336036
|switch|p1a: Muk|Muk-Alola, M|100/100|[from] Volt Switch
|cant|p2a: PU|frz
|
|upkeep
|turn|11
|
|t:|1769336039
|move|p1a: Muk|Shadow Sneak|p2a: PU
|-damage|p2a: PU|0 fnt
|faint|p2a: PU
|
|upkeep
|
|t:|1769336060
|switch|p2a: RU|Kleavor, F|100/100
|-damage|p2a: RU|88/100|[from] Spikes
|turn|12
|
|t:|1769336064
|move|p2a: RU|Stone Axe|p1a: Muk
|-damage|p1a: Muk|43/100
|-sidestart|p1: lousiv|move: Stealth Rock
|move|p1a: Muk|Knock Off|p2a: RU
|-damage|p2a: RU|35/100
|-enditem|p2a: RU|Choice Scarf|[from] move: Knock Off|[of] p1a: Muk
|
|upkeep
|turn|13
|
|t:|1769336081
|switch|p1a: Rotom|Rotom-Wash|100/100
|-damage|p1a: Rotom|88/100|[from] Stealth Rock
|move|p2a: RU|U-turn|p1a: Rotom
|-damage|p1a: Rotom|59/100
|inactive|m709lkjo has 120 seconds left.
|inactive|m709lkjo has 90 seconds left.
|
|t:|1769336160
|switch|p2a: LC|Cottonee, F|100/100|[from] U-turn
|-damage|p2a: LC|88/100|[from] Spikes
|
|-heal|p1a: Rotom|66/100|[from] item: Leftovers
|upkeep
|turn|14
|
|t:|1769336170
|move|p2a: LC|Substitute|p2a: LC
|-start|p2a: LC|Substitute
|-damage|p2a: LC|63/100
|move|p1a: Rotom|Volt Switch|p2a: LC
|-resisted|p2a: LC
|-activate|p2a: LC|move: Substitute|[damage]
|
|t:|1769336174
|switch|p1a: Muk|Muk-Alola, M|43/100|[from] Volt Switch
|-damage|p1a: Muk|31/100|[from] Stealth Rock
|
|upkeep
|turn|15
|
|t:|1769336179
|move|p2a: LC|Leech Seed|p1a: Muk
|-hint|Since gen 7, Dark is immune to Prankster moves.
|-immune|p1a: Muk
|move|p1a: Muk|Knock Off|p2a: LC
|-resisted|p2a: LC
|-end|p2a: LC|Substitute
|
|upkeep
|turn|16
|inactive|m709lkjo has 90 seconds left.
|
|t:|1769336191
|switch|p2a: RU|Kleavor, F|35/100
|-damage|p2a: RU|23/100|[from] Spikes
|move|p1a: Muk|Poison Jab|p2a: RU
|-resisted|p2a: RU
|-damage|p2a: RU|0 fnt
|faint|p2a: RU
|
|upkeep
|inactive|m709lkjo has 60 seconds left.
|
|t:|1769336223
|switch|p2a: NU|Scyther, M|100/100
|turn|17
|
|t:|1769336227
|move|p2a: NU|Swords Dance|p2a: NU
|-boost|p2a: NU|atk|2
|move|p1a: Muk|Knock Off|p2a: NU
|-crit|p2a: NU
|-damage|p2a: NU|33/100
|-enditem|p2a: NU|Eviolite|[from] move: Knock Off|[of] p1a: Muk
|
|upkeep
|turn|18
|inactive|m709lkjo has 60 seconds left.
|
|t:|1769336251
|move|p1a: Muk|Shadow Sneak|p2a: NU
|-damage|p2a: NU|13/100
|move|p2a: NU|Dual Wingbeat|p1a: Muk
|-damage|p1a: Muk|0 fnt
|faint|p1a: Muk
|-hitcount|p1: Muk|1
|
|upkeep
|
|t:|1769336257
|switch|p1a: Rotom|Rotom-Wash|66/100
|-damage|p1a: Rotom|53/100|[from] Stealth Rock
|turn|19
|inactive|m709lkjo has 60 seconds left.
|
|t:|1769336283
|move|p2a: NU|Trailblaze|p1a: Rotom
|-supereffective|p1a: Rotom
|-damage|p1a: Rotom|0 fnt
|-boost|p2a: NU|spe|1
|faint|p1a: Rotom
|
|upkeep
|
|t:|1769336287
|switch|p1a: Pecharunt|Pecharunt|100/100
|turn|20
|inactive|m709lkjo has 60 seconds left.
|
|t:|1769336292
|move|p2a: NU|Dual Wingbeat|p1a: Pecharunt
|-damage|p1a: Pecharunt|73/100
|-damage|p1a: Pecharunt|43/100
|-hitcount|p1a: Pecharunt|2
|move|p1a: Pecharunt|Malignant Chain|p2a: NU
|-crit|p2a: NU
|-damage|p2a: NU|0 fnt
|faint|p2a: NU
|
|upkeep
|inactive|m709lkjo has 60 seconds left.
|
|t:|1769336303
|switch|p2a: UU|Arcanine-Hisui, F|100/100
|turn|21
|inactive|m709lkjo has 60 seconds left.
|
|t:|1769336316
|move|p2a: UU|Head Smash|p1a: Pecharunt
|-damage|p1a: Pecharunt|9/100
|move|p1a: Pecharunt|Recover|p1a: Pecharunt
|-heal|p1a: Pecharunt|59/100
|
|upkeep
|turn|22
|inactive|m709lkjo has 60 seconds left.
|
|t:|1769336324
|switch|p2a: LC|Cottonee, F|63/100
|-damage|p2a: LC|51/100|[from] Spikes
|move|p1a: Pecharunt|Recover|p1a: Pecharunt
|-heal|p1a: Pecharunt|100/100
|
|upkeep
|turn|23
|
|t:|1769336328
|move|p2a: LC|Encore|p1a: Pecharunt
|-start|p1a: Pecharunt|Encore
|move|p1a: Pecharunt|Recover||[still]
|-fail|p1a: Pecharunt|heal
|
|upkeep
|turn|24
|
|t:|1769336336
|switch|p1a: Skarmory|Skarmory, M|79/100
|-damage|p1a: Skarmory|67/100|[from] Stealth Rock
|move|p2a: LC|Leech Seed|p1a: Skarmory
|-start|p1a: Skarmory|move: Leech Seed
|
|-damage|p1a: Skarmory|55/100|[from] Leech Seed|[of] p2a: LC
|-heal|p2a: LC|70/100|[silent]
|upkeep
|turn|25
|
|t:|1769336343
|move|p2a: LC|Substitute|p2a: LC
|-start|p2a: LC|Substitute
|-damage|p2a: LC|45/100
|move|p1a: Skarmory|Spikes|p2a: LC
|-sidestart|p2: m709lkjo|Spikes
|
|-damage|p1a: Skarmory|42/100|[from] Leech Seed|[of] p2a: LC
|-heal|p2a: LC|63/100|[silent]
|upkeep
|turn|26
|
|t:|1769336353
|move|p2a: LC|Encore|p1a: Skarmory
|-start|p1a: Skarmory|Encore
|move|p1a: Skarmory|Spikes|p2a: LC
|-sidestart|p2: m709lkjo|Spikes
|
|-damage|p1a: Skarmory|30/100|[from] Leech Seed|[of] p2a: LC
|-heal|p2a: LC|82/100|[silent]
|upkeep
|turn|27
|
|t:|1769336358
|switch|p1a: Great Tusk|Great Tusk|100/100
|move|p2a: LC|Leech Seed|p1a: Great Tusk
|-start|p1a: Great Tusk|move: Leech Seed
|
|-damage|p1a: Great Tusk|88/100|[from] Leech Seed|[of] p2a: LC
|-heal|p2a: LC|100/100|[silent]
|upkeep
|turn|28
|
|t:|1769336362
|move|p1a: Great Tusk|Rapid Spin|p2a: LC
|-activate|p2a: LC|move: Substitute|[damage]
|-end|p1a: Great Tusk|Leech Seed|[from] move: Rapid Spin|[of] p1a: Great Tusk
|-sideend|p1: lousiv|Stealth Rock|[from] move: Rapid Spin|[of] p1a: Great Tusk
|-boost|p1a: Great Tusk|spe|1
|move|p2a: LC|Endeavor|p1a: Great Tusk
|-damage|p1a: Great Tusk|51/100
|
|upkeep
|turn|29
|
|t:|1769336373
|move|p2a: LC|Leech Seed|p1a: Great Tusk|[miss]
|-miss|p2a: LC|p1a: Great Tusk
|move|p1a: Great Tusk|Stealth Rock|p2a: LC
|-sidestart|p2: m709lkjo|move: Stealth Rock
|
|upkeep
|turn|30
|
|t:|1769336378
|move|p2a: LC|Leech Seed|p1a: Great Tusk
|-start|p1a: Great Tusk|move: Leech Seed
|move|p1a: Great Tusk|Ice Spinner|p2a: LC
|-supereffective|p2a: LC
|-end|p2a: LC|Substitute
|
|-damage|p1a: Great Tusk|39/100|[from] Leech Seed|[of] p2a: LC
|upkeep
|turn|31
|
|t:|1769336384
|move|p2a: LC|Substitute|p2a: LC
|-start|p2a: LC|Substitute
|-damage|p2a: LC|76/100
|move|p1a: Great Tusk|Rapid Spin|p2a: LC
|-activate|p2a: LC|move: Substitute|[damage]
|-end|p1a: Great Tusk|Leech Seed|[from] move: Rapid Spin|[of] p1a: Great Tusk
|-boost|p1a: Great Tusk|spe|1
|
|upkeep
|turn|32
|inactive|m709lkjo has 120 seconds left.
|
|t:|1769336392
|move|p2a: LC|Leech Seed|p1a: Great Tusk
|-start|p1a: Great Tusk|move: Leech Seed
|move|p1a: Great Tusk|Rapid Spin|p2a: LC
|-end|p2a: LC|Substitute
|-end|p1a: Great Tusk|Leech Seed|[from] move: Rapid Spin|[of] p1a: Great Tusk
|-boost|p1a: Great Tusk|spe|1
|
|upkeep
|turn|33
|inactive|m709lkjo has 120 seconds left.
|
|t:|1769336408
|switch|p2a: ZU|Drifblim, F|100/100
|move|p1a: Great Tusk|Rapid Spin|p2a: ZU
|-immune|p2a: ZU
|
|upkeep
|turn|34
|
|t:|1769336413
|-end|p1a: Great Tusk|Protosynthesis|[silent]
|switch|p1a: Kyurem|Kyurem|88/100 brn
|-ability|p1a: Kyurem|Pressure
|move|p2a: ZU|Defog|p1a: Kyurem
|-unboost|p1a: Kyurem|evasion|1
|-sideend|p2: m709lkjo|Spikes|[from] move: Defog|[of] p2a: ZU
|-sideend|p2: m709lkjo|Stealth Rock|[from] move: Defog|[of] p2a: ZU
|
|-damage|p1a: Kyurem|82/100 brn|[from] brn
|upkeep
|turn|35
|
|t:|1769336419
|switch|p2a: UU|Arcanine-Hisui, F|100/100
|move|p1a: Kyurem|Draco Meteor|p2a: UU
|-damage|p2a: UU|2/100
|-unboost|p1a: Kyurem|spa|2
|
|-damage|p1a: Kyurem|76/100 brn|[from] brn
|upkeep
|turn|36
|
|t:|1769336437
|switch|p1a: Skarmory|Skarmory, M|30/100
|switch|p2a: LC|Cottonee, F|76/100
|
|upkeep
|turn|37
|
|t:|1769336446
|switch|p2a: UU|Arcanine-Hisui, F|2/100
|move|p1a: Skarmory|Whirlwind|p2a: UU
|drag|p2a: LC|Cottonee, F|76/100
|
|upkeep
|turn|38
|
|t:|1769336452
|move|p2a: LC|Leech Seed|p1a: Skarmory
|-start|p1a: Skarmory|move: Leech Seed
|move|p1a: Skarmory|Roost|p1a: Skarmory
|-heal|p1a: Skarmory|80/100
|-singleturn|p1a: Skarmory|move: Roost
|
|-damage|p1a: Skarmory|68/100|[from] Leech Seed|[of] p2a: LC
|-heal|p2a: LC|94/100|[silent]
|upkeep
|turn|39
|
|t:|1769336465
|switch|p1a: Pecharunt|Pecharunt|100/100
|switch|p2a: UU|Arcanine-Hisui, F|2/100
|
|upkeep
|turn|40
|c|☆m709lkjo|gg
|
|t:|1769336476
|move|p2a: UU|Morning Sun|p2a: UU
|-heal|p2a: UU|52/100
|move|p1a: Pecharunt|Parting Shot|p2a: UU
|-unboost|p2a: UU|atk|1
|-unboost|p2a: UU|spa|1
|
|t:|1769336479
|switch|p1a: Great Tusk|Great Tusk|39/100|[from] Parting Shot
|
|upkeep
|turn|41
|
|t:|1769336482
|switch|p2a: ZU|Drifblim, F|100/100
|move|p1a: Great Tusk|Stealth Rock|p2a: ZU
|-sidestart|p2: m709lkjo|move: Stealth Rock
|
|upkeep
|turn|42
|
|t:|1769336506
|move|p1a: Great Tusk|Ice Spinner|p2a: ZU
|-supereffective|p2a: ZU
|-damage|p2a: ZU|64/100
|move|p2a: ZU|Knock Off|p1a: Great Tusk
|-resisted|p1a: Great Tusk
|-damage|p1a: Great Tusk|33/100
|-enditem|p1a: Great Tusk|Heavy-Duty Boots|[from] move: Knock Off|[of] p2a: ZU
|
|upkeep
|turn|43
|
|t:|1769336514
|move|p1a: Great Tusk|Ice Spinner|p2a: ZU
|-supereffective|p2a: ZU
|-damage|p2a: ZU|24/100
|move|p2a: ZU|Strength Sap|p1a: Great Tusk
|-unboost|p1a: Great Tusk|atk|1
|-heal|p2a: ZU|83/100
|
|upkeep
|turn|44
|
|t:|1769336528
|-end|p1a: Great Tusk|Protosynthesis|[silent]
|switch|p1a: Kyurem|Kyurem|76/100 brn
|-ability|p1a: Kyurem|Pressure
|switch|p2a: UU|Arcanine-Hisui, F|52/100
|
|-damage|p1a: Kyurem|70/100 brn|[from] brn
|upkeep
|turn|45
|
|t:|1769336534
|switch|p1a: Great Tusk|Great Tusk|33/100
|switch|p2a: LC|Cottonee, F|94/100
|-damage|p2a: LC|82/100|[from] Stealth Rock
|
|upkeep
|turn|46
|
|t:|1769336544
|switch|p2a: ZU|Drifblim, F|83/100
|move|p1a: Great Tusk|Ice Spinner|p2a: ZU
|-supereffective|p2a: ZU
|-damage|p2a: ZU|45/100
|
|upkeep
|turn|47
|
|t:|1769336556
|-end|p1a: Great Tusk|Protosynthesis|[silent]
|switch|p1a: Kyurem|Kyurem|70/100 brn
|-ability|p1a: Kyurem|Pressure
|move|p2a: ZU|Strength Sap|p1a: Kyurem
|-unboost|p1a: Kyurem|atk|1
|-heal|p2a: ZU|98/100
|
|-damage|p1a: Kyurem|64/100 brn|[from] brn
|upkeep
|turn|48
|inactive|m709lkjo has 120 seconds left.
|
|t:|1769336601
|switch|p2a: UU|Arcanine-Hisui, F|52/100
|move|p1a: Kyurem|Draco Meteor|p2a: UU
|-damage|p2a: UU|0 fnt
|-unboost|p1a: Kyurem|spa|2
|faint|p2a: UU
|
|-damage|p1a: Kyurem|58/100 brn|[from] brn
|upkeep
|
|t:|1769336604
|switch|p2a: LC|Cottonee, F|82/100
|-damage|p2a: LC|70/100|[from] Stealth Rock
|turn|49
|inactive|m709lkjo has 120 seconds left.
|
|t:|1769336611
|switch|p1a: Pecharunt|Pecharunt|100/100
|move|p2a: LC|Leech Seed|p1a: Pecharunt
|-start|p1a: Pecharunt|move: Leech Seed
|
|-damage|p1a: Pecharunt|88/100|[from] Leech Seed|[of] p2a: LC
|-heal|p2a: LC|91/100|[silent]
|upkeep
|turn|50
|
|t:|1769336619
|move|p2a: LC|Substitute|p2a: LC
|-start|p2a: LC|Substitute
|-damage|p2a: LC|66/100
|move|p1a: Pecharunt|Malignant Chain|p2a: LC
|-supereffective|p2a: LC
|-end|p2a: LC|Substitute
|
|-damage|p1a: Pecharunt|76/100|[from] Leech Seed|[of] p2a: LC
|-heal|p2a: LC|87/100|[silent]
|upkeep
|turn|51
|
|t:|1769336627
|move|p2a: LC|Substitute|p2a: LC
|-start|p2a: LC|Substitute
|-damage|p2a: LC|62/100
|move|p1a: Pecharunt|Malignant Chain|p2a: LC
|-supereffective|p2a: LC
|-end|p2a: LC|Substitute
|
|-damage|p1a: Pecharunt|63/100|[from] Leech Seed|[of] p2a: LC
|-heal|p2a: LC|84/100|[silent]
|upkeep
|turn|52
|
|t:|1769336631
|move|p2a: LC|Substitute|p2a: LC
|-start|p2a: LC|Substitute
|-damage|p2a: LC|59/100
|move|p1a: Pecharunt|Malignant Chain|p2a: LC
|-supereffective|p2a: LC
|-end|p2a: LC|Substitute
|
|-damage|p1a: Pecharunt|51/100|[from] Leech Seed|[of] p2a: LC
|-heal|p2a: LC|80/100|[silent]
|upkeep
|turn|53
|
|t:|1769336634
|move|p2a: LC|Substitute|p2a: LC
|-start|p2a: LC|Substitute
|-damage|p2a: LC|55/100
|move|p1a: Pecharunt|Recover|p1a: Pecharunt
|-heal|p1a: Pecharunt|100/100
|
|-damage|p1a: Pecharunt|88/100|[from] Leech Seed|[of] p2a: LC
|-heal|p2a: LC|77/100|[silent]
|upkeep
|turn|54
|
|t:|1769336643
|move|p2a: LC|Encore|p1a: Pecharunt
|-start|p1a: Pecharunt|Encore
|move|p1a: Pecharunt|Recover|p1a: Pecharunt
|-heal|p1a: Pecharunt|100/100
|
|-damage|p1a: Pecharunt|88/100|[from] Leech Seed|[of] p2a: LC
|-heal|p2a: LC|98/100|[silent]
|upkeep
|turn|55
|
|t:|1769336662
|switch|p1a: Skarmory|Skarmory, M|68/100
|switch|p2a: ZU|Drifblim, F|98/100
|
|upkeep
|turn|56
|
|t:|1769336667
|move|p1a: Skarmory|Brave Bird|p2a: ZU
|-damage|p2a: ZU|71/100
|-damage|p1a: Skarmory|54/100|[from] Recoil
|move|p2a: ZU|Knock Off|p1a: Skarmory
|-damage|p1a: Skarmory|46/100
|
|upkeep
|turn|57
|
|t:|1769336672
|move|p1a: Skarmory|Roost|p1a: Skarmory
|-heal|p1a: Skarmory|96/100
|-singleturn|p1a: Skarmory|move: Roost
|move|p2a: ZU|Strength Sap|p1a: Skarmory
|-unboost|p1a: Skarmory|atk|1
|-heal|p2a: ZU|100/100
|
|upkeep
|turn|58
|
|t:|1769336676
|switch|p1a: Kyurem|Kyurem|58/100 brn
|-ability|p1a: Kyurem|Pressure
|move|p2a: ZU|Will-O-Wisp|p1a: Kyurem|[miss]
|-miss|p2a: ZU|p1a: Kyurem
|
|-damage|p1a: Kyurem|51/100 brn|[from] brn
|upkeep
|turn|59
|
|t:|1769336683
|-terastallize|p2a: ZU|Fighting
|move|p1a: Kyurem|Ice Beam|p2a: ZU
|-damage|p2a: ZU|18/100
|move|p2a: ZU|Knock Off|p1a: Kyurem
|-damage|p1a: Kyurem|34/100 brn
|-enditem|p1a: Kyurem|Choice Specs|[from] move: Knock Off|[of] p2a: ZU
|
|-damage|p1a: Kyurem|28/100 brn|[from] brn
|upkeep
|turn|60
|
|t:|1769336692
|move|p1a: Kyurem|Ice Beam|p2a: ZU
|-damage|p2a: ZU|0 fnt
|faint|p2a: ZU
|
|-damage|p1a: Kyurem|22/100 brn|[from] brn
|upkeep
|c|☆m709lkjo|ff
|c|☆m709lkjo|gg
|
|t:|1769336700
|switch|p2a: LC|Cottonee, F|98/100
|-damage|p2a: LC|86/100|[from] Stealth Rock
|turn|61
|
|t:|1769336707
|move|p2a: LC|Leech Seed|p1a: Kyurem
|-start|p1a: Kyurem|move: Leech Seed
|move|p1a: Kyurem|Ice Beam|p2a: LC
|-supereffective|p2a: LC
|-damage|p2a: LC|0 fnt
|faint|p2a: LC
|
|win|lousiv
|raw|lousiv's rating: 1337 &rarr; <strong>1357</strong><br />(+20 for winning)
|raw|m709lkjo's rating: 1334 &rarr; <strong>1314</strong><br />(-20 for losing)
|l|☆m709lkjo
|player|p2|
|l|☆lousiv
|player|p1|
