|j|☆Jagger is a boss
|j|☆dorda
|t:|1769404146
|gametype|singles
|player|p1|Jagger is a boss|pokekid|1385
|player|p2|dorda|brycenman|1366
|gen|9
|tier|[Gen 9] OU
|rated|
|rule|HP Percentage Mod: HP is shown in percentages
|rule|Endless Battle Clause: Forcing endless battles is banned
|rule|Species Clause: Limit one of each Pokémon
|rule|OHKO Clause: OHKO moves are banned
|rule|Evasion Items Clause: Evasion items are banned
|rule|Evasion Moves Clause: Evasion moves are banned
|rule|Evasion Abilities Clause: Evasion abilities are banned
|rule|Sleep Moves Clause: Sleep-inducing moves are banned
|clearpoke
|poke|p1|Mimikyu, F|
|poke|p1|Zoroark, F|
|poke|p1|Toxapex, M|
|poke|p1|Iron Treads|
|poke|p1|Sandy Shocks|
|poke|p1|Garganacl, F|
|poke|p2|Scizor, M|
|poke|p2|Slowking-Galar, F|
|poke|p2|Kyurem|
|poke|p2|Ogerpon-Wellspring, F|
|poke|p2|Iron Valiant|
|poke|p2|Landorus-Therian, M|
|teampreview
|inactive|Battle timer is ON: inactive players will automatically lose when time's up. (requested by Jagger is a boss)
|l|☆Jagger is a boss
|inactive|Jagger is a boss disconnected and has a minute to reconnect!
|player|p1|
|j|☆Jagger is a boss
|inactive|Jagger is a boss reconnected and has 135 seconds left.
|player|p1|Jagger is a boss|pokekid|
|
|t:|1769404173
|teamsize|p1|6
|teamsize|p2|6
|start
|switch|p1a: Toxapex|Toxapex, M|100/100
|switch|p2a: Landorus|Landorus-Therian, M|100/100
|-ability|p2a: Landorus|Intimidate|boost
|-unboost|p1a: Toxapex|atk|1
|turn|1
|
|t:|1769404185
|move|p1a: Toxapex|Baneful Bunker|p1a: Toxapex
|-singleturn|p1a: Toxapex|move: Protect
|move|p2a: Landorus|Stealth Rock|p1a: Toxapex
|-sidestart|p1: Jagger is a boss|move: Stealth Rock
|
|upkeep
|turn|2
|inactive|dorda has 120 seconds left.
|
|t:|1769404227
|move|p2a: Landorus|Taunt|p1a: Toxapex
|-start|p1a: Toxapex|move: Taunt
|cant|p1a: Toxapex|move: Taunt|Toxic
|
|upkeep
|turn|3
|
|t:|1769404231
|move|p2a: Landorus|Earth Power|p1a: Toxapex
|-supereffective|p1a: Toxapex
|-damage|p1a: Toxapex|49/100
|move|p1a: Toxapex|Infestation|p2a: Landorus
|-resisted|p2a: Landorus
|-damage|p2a: Landorus|99/100
|-activate|p2a: Landorus|move: Infestation|[of] p1a: Toxapex
|
|-heal|p2a: Landorus|100/100|[from] item: Leftovers
|-heal|p1a: Toxapex|55/100|[from] item: Leftovers
|-damage|p2a: Landorus|88/100|[from] move: Infestation|[partiallytrapped]
|upkeep
|turn|4
|
|t:|1769404240
|move|p2a: Landorus|Earth Power|p1a: Toxapex
|-supereffective|p1a: Toxapex
|-damage|p1a: Toxapex|3/100
|move|p1a: Toxapex|Liquidation|p2a: Landorus
|-supereffective|p2a: Landorus
|-damage|p2a: Landorus|54/100
|
|-heal|p2a: Landorus|60/100|[from] item: Leftovers
|-heal|p1a: Toxapex|9/100|[from] item: Leftovers
|-damage|p2a: Landorus|47/100|[from] move: Infestation|[partiallytrapped]
|-end|p1a: Toxapex|move: Taunt
|upkeep
|turn|5
|
|t:|1769404249
|move|p1a: Toxapex|Baneful Bunker|p1a: Toxapex
|-singleturn|p1a: Toxapex|move: Protect
|move|p2a: Landorus|Earth Power|p1a: Toxapex
|-activate|p1a: Toxapex|move: Protect
|
|-heal|p2a: Landorus|53/100|[from] item: Leftovers
|-heal|p1a: Toxapex|15/100|[from] item: Leftovers
|-damage|p2a: Landorus|41/100|[from] move: Infestation|[partiallytrapped]
|upkeep
|turn|6
|c|☆dorda|is your mom named dorit?
|
|t:|1769404265
|switch|p1a: Mimikyu|Mimikyu, F|100/100
|-damage|p1a: Mimikyu|88/100|[from] Stealth Rock
|move|p2a: Landorus|Earth Power|p1a: Mimikyu
|-damage|p1a: Mimikyu|29/100
|replace|p1a: Zoroark|Zoroark, F
|-end|p1a: Zoroark|Illusion
|
|-heal|p2a: Landorus|47/100|[from] item: Leftovers
|-end|p2a: Landorus|Infestation|[partiallytrapped]|[silent]
|upkeep
|turn|7
|
|t:|1769404278
|switch|p2a: Ogerpon|Ogerpon-Wellspring, F|100/100
|move|p1a: Zoroark|Knock Off|p2a: Ogerpon
|-damage|p2a: Ogerpon|42/100
|
|upkeep
|turn|8
|
|t:|1769404284
|switch|p2a: Landorus|Landorus-Therian, M|47/100
|-ability|p2a: Landorus|Intimidate|boost
|-unboost|p1a: Zoroark|atk|1
|move|p1a: Zoroark|Knock Off|p2a: Landorus
|-damage|p2a: Landorus|7/100
|-enditem|p2a: Landorus|Leftovers|[from] move: Knock Off|[of] p1a: Zoroark
|
|upkeep
|turn|9
|
|t:|1769404287
|move|p1a: Zoroark|Knock Off|p2a: Landorus
|-damage|p2a: Landorus|0 fnt
|faint|p2a: Landorus
|
|upkeep
|
|t:|1769404289
|switch|p2a: Scizor|Scizor, M|100/100
|turn|10
|
|t:|1769404293
|switch|p1a: Iron Tusk|Iron Treads|100/100
|-damage|p1a: Iron Tusk|97/100|[from] Stealth Rock
|-enditem|p1a: Iron Tusk|Booster Energy
|-activate|p1a: Iron Tusk|ability: Quark Drive|[fromitem]
|-start|p1a: Iron Tusk|quarkdrivespe
|move|p2a: Scizor|Bullet Punch|p1a: Iron Tusk
|-resisted|p1a: Iron Tusk
|-damage|p1a: Iron Tusk|82/100
|
|upkeep
|turn|11
|
|t:|1769404304
|move|p1a: Iron Tusk|Rapid Spin|p2a: Scizor
|-resisted|p2a: Scizor
|-damage|p2a: Scizor|92/100
|-boost|p1a: Iron Tusk|spe|1
|-sideend|p1: Jagger is a boss|Stealth Rock|[from] move: Rapid Spin|[of] p1a: Iron Tusk
|move|p2a: Scizor|U-turn|p1a: Iron Tusk
|-resisted|p1a: Iron Tusk
|-damage|p1a: Iron Tusk|63/100
|
|t:|1769404311
|switch|p2a: Ogerpon|Ogerpon-Wellspring, F|42/100|[from] U-turn
|
|upkeep
|turn|12
|
|t:|1769404314
|move|p1a: Iron Tusk|Ice Spinner|p2a: Ogerpon
|-damage|p2a: Ogerpon|9/100
|move|p2a: Ogerpon|Ivy Cudgel|p1a: Iron Tusk|[anim] Ivy Cudgel Water
|-supereffective|p1a: Iron Tusk
|-damage|p1a: Iron Tusk|0 fnt
|faint|p1a: Iron Tusk
|-end|p1a: Iron Tusk|Quark Drive|[silent]
|
|upkeep
|
|t:|1769404320
|switch|p1a: Mimikyu|Mimikyu, F|100/100
|turn|13
|inactive|dorda has 120 seconds left.
|inactive|dorda has 90 seconds left.
|
|t:|1769404399
|switch|p2a: Iron Valiant|Iron Valiant|100/100
|-enditem|p2a: Iron Valiant|Booster Energy
|-activate|p2a: Iron Valiant|ability: Quark Drive|[fromitem]
|-start|p2a: Iron Valiant|quarkdrivespe
|move|p1a: Mimikyu|Shadow Sneak|p2a: Iron Valiant
|-damage|p2a: Iron Valiant|80/100
|
|upkeep
|turn|14
|
|t:|1769404403
|move|p2a: Iron Valiant|Encore|p1a: Mimikyu
|-start|p1a: Mimikyu|Encore
|move|p1a: Mimikyu|Shadow Sneak|p2a: Iron Valiant
|-crit|p2a: Iron Valiant
|-damage|p2a: Iron Valiant|46/100
|
|upkeep
|turn|15
|inactive|dorda has 90 seconds left.
|
|t:|1769404409
|switch|p1a: Toxapex|Toxapex, M|49/100
|move|p2a: Iron Valiant|Moonblast|p1a: Toxapex
|-resisted|p1a: Toxapex
|-damage|p1a: Toxapex|30/100
|
|-heal|p1a: Toxapex|37/100|[from] item: Leftovers
|upkeep
|turn|16
|
|t:|1769404417
|move|p1a: Toxapex|Baneful Bunker|p1a: Toxapex
|-singleturn|p1a: Toxapex|move: Protect
|move|p2a: Iron Valiant|Thunderbolt|p1a: Toxapex
|-activate|p1a: Toxapex|move: Protect
|
|-heal|p1a: Toxapex|43/100|[from] item: Leftovers
|upkeep
|turn|17
|inactive|dorda has 90 seconds left.
|inactive|dorda has 60 seconds left.
|
|t:|1769404492
|-end|p2a: Iron Valiant|Quark Drive|[silent]
|switch|p2a: Ogerpon|Ogerpon-Wellspring, F|9/100
|switch|p1a: Toxapex|Toxapex, M|29/100
|
|upkeep
|turn|18
|c|☆Jagger is a boss|Bro: 👵
|c|☆dorda|sorry jagger
|inactive|dorda has 30 seconds left.
|c|☆dorda|im multitasking bad
|
|t:|1769404514
|move|p1a: Toxapex|Sucker Punch|p2a: Ogerpon
|-damage|p2a: Ogerpon|0 fnt
|faint|p2a: Ogerpon
|
|upkeep
|inactive|dorda has 30 seconds left this turn.
|c|☆Jagger is a boss|It’s ok
|inactive|dorda has 20 seconds left.
|
|t:|1769404524
|switch|p2a: Slowking|Slowking-Galar, F|100/100
|turn|19
|inactive|dorda has 30 seconds left this turn.
|c|☆Jagger is a boss|finish ur homework
|inactiveoff|Battle timer is now OFF.
|
|t:|1769404534
|switch|p1a: Idk|Garganacl, F|100/100
|-prepare|p2a: Slowking|Chilly Reception|[premajor]
|move|p2a: Slowking|Chilly Reception|p2a: Slowking
|-weather|Snowscape
|c|☆dorda|its not even homework im like fucking around on garageband making a song
|c|☆dorda|lol
|
|t:|1769404553
|switch|p2a: Iron Valiant|Iron Valiant|46/100|[from] Chilly Reception
|
|-weather|Snowscape|[upkeep]
|upkeep
|turn|20
|
|t:|1769404566
|-terastallize|p1a: Idk|Ghost
|move|p2a: Iron Valiant|Aura Sphere|p1a: Idk
|-immune|p1a: Idk
|move|p1a: Idk|Salt Cure|p2a: Iron Valiant
|-resisted|p2a: Iron Valiant
|-damage|p2a: Iron Valiant|37/100
|-start|p2a: Iron Valiant|Salt Cure
|
|-weather|Snowscape|[upkeep]
|-damage|p2a: Iron Valiant|24/100|[from] Salt Cure
|upkeep
|turn|21
|
|t:|1769404615
|-end|p2a: Iron Valiant|Quark Drive|[silent]
|switch|p2a: Slowking|Slowking-Galar, F|100/100
|switch|p1a: Toxapex|Toxapex, M|76/100
|
|-weather|Snowscape|[upkeep]
|-heal|p1a: Toxapex|82/100|[from] item: Leftovers
|upkeep
|turn|22
|
|t:|1769404628
|switch|p1a: Idk|Garganacl, F|29/100
|move|p2a: Slowking|Future Sight|p1a: Idk
|-start|p2a: Slowking|move: Future Sight
|
|-weather|Snowscape|[upkeep]
|upkeep
|-start|p1a: Idk|typechange|Ghost|[silent]
|turn|23
|
|t:|1769404662
|move|p1a: Idk|Knock Off|p2a: Slowking
|-supereffective|p2a: Slowking
|-damage|p2a: Slowking|0 fnt
|-enditem|p2a: Slowking|Heavy-Duty Boots|[from] move: Knock Off|[of] p1a: Idk
|faint|p2a: Slowking
|
|-weather|none
|upkeep
|c|☆Jagger is a boss|Idk how zoroark works because I thought it was the last team slot but it’s been 3 different things this game
|
|t:|1769404667
|switch|p2a: Scizor|Scizor, M|92/100
|turn|24
|
|t:|1769404672
|move|p2a: Scizor|Bullet Punch|p1a: Idk
|-damage|p1a: Idk|0 fnt
|replace|p1a: Zoroark|Zoroark, F
|-end|p1a: Zoroark|Illusion
|faint|p1a: Zoroark
|
|-hint|Future Sight did not hit because the target is fainted.
|upkeep
|
|t:|1769404678
|switch|p1a: Idk|Garganacl, F, tera:Ghost|100/100
|turn|25
|
|t:|1769404704
|move|p2a: Scizor|Knock Off|p1a: Idk
|-supereffective|p1a: Idk
|-damage|p1a: Idk|54/100
|-enditem|p1a: Idk|Leftovers|[from] move: Knock Off|[of] p2a: Scizor
|move|p1a: Idk|Salt Cure|p2a: Scizor
|-damage|p2a: Scizor|79/100
|-start|p2a: Scizor|Salt Cure
|
|-damage|p2a: Scizor|54/100|[from] Salt Cure
|upkeep
|turn|26
|
|t:|1769404710
|move|p2a: Scizor|U-turn|p1a: Idk
|-resisted|p1a: Idk
|-damage|p1a: Idk|40/100
|
|t:|1769404773
|switch|p2a: Kyurem|Kyurem|100/100|[from] U-turn
|-ability|p2a: Kyurem|Pressure
|move|p1a: Idk|Recover|p1a: Idk
|-heal|p1a: Idk|90/100
|
|upkeep
|turn|27
|
|t:|1769404785
|move|p2a: Kyurem|Blizzard|p1a: Idk|[miss]
|-miss|p2a: Kyurem|p1a: Idk
|move|p1a: Idk|Salt Cure|p2a: Kyurem
|-supereffective|p2a: Kyurem
|-damage|p2a: Kyurem|76/100
|-start|p2a: Kyurem|Salt Cure
|
|-damage|p2a: Kyurem|64/100|[from] Salt Cure
|upkeep
|turn|28
|c|☆dorda|gg
|-message|dorda forfeited.
|
|win|Jagger is a boss
|raw|Jagger is a boss's rating: 1385 &rarr; <strong>1404</strong><br />(+19 for winning)
|raw|dorda's rating: 1366 &rarr; <strong>1347</strong><br />(-19 for losing)
|l|☆dorda
|player|p2|
|l|☆Jagger is a boss
|player|p1|
