|j|☆sjicbzcbzkbzmf
|j|☆borbler
|t:|1769438032
|gametype|singles
|player|p1|sjicbzcbzkbzmf|2|1113
|player|p2|borbler|cyclistf-gen4|1094
|gen|9
|tier|[Gen 9] OU
|rated|
|rule|HP Percentage Mod: HP is shown in percentages
|rule|Endless Battle Clause: Forcing endless battles is banned
|rule|Species Clause: Limit one of each Pokémon
|rule|OHKO Clause: OHKO moves are banned
|rule|Evasion Items Clause: Evasion items are banned
|rule|Evasion Moves Clause: Evasion moves are banned
|rule|Evasion Abilities Clause: Evasion abilities are banned
|rule|Sleep Moves Clause: Sleep-inducing moves are banned
|clearpoke
|poke|p1|Skarmory, M|
|poke|p1|Dondozo, F|
|poke|p1|Gliscor, F|
|poke|p1|Heatran, F|
|poke|p1|Chansey, F|
|poke|p1|Porygon2|
|poke|p2|Pelipper, F|
|poke|p2|Hatterene, F|
|poke|p2|Iron Treads|
|poke|p2|Toxicroak, F|
|poke|p2|Barraskewda, F|
|poke|p2|Zapdos|
|teampreview
|
|t:|1769438044
|teamsize|p1|6
|teamsize|p2|6
|start
|switch|p1a: Skarmory|Skarmory, M|100/100
|switch|p2a: Pelipper|Pelipper, F|100/100
|-weather|RainDance|[from] ability: Drizzle|[of] p2a: Pelipper
|turn|1
|
|t:|1769438052
|move|p1a: Skarmory|Stealth Rock|p2a: Pelipper
|-sidestart|p2: borbler|move: Stealth Rock
|move|p2a: Pelipper|Knock Off|p1a: Skarmory
|-damage|p1a: Skarmory|94/100
|-damage|p2a: Pelipper|84/100|[from] item: Rocky Helmet|[of] p1a: Skarmory
|-enditem|p1a: Skarmory|Rocky Helmet|[from] move: Knock Off|[of] p2a: Pelipper
|
|-weather|RainDance|[upkeep]
|upkeep
|turn|2
|
|t:|1769438060
|move|p2a: Pelipper|U-turn|p1a: Skarmory
|-resisted|p1a: Skarmory
|-damage|p1a: Skarmory|92/100
|
|t:|1769438072
|switch|p2a: Iron Treads|Iron Treads|100/100|[from] U-turn
|-damage|p2a: Iron Treads|98/100|[from] Stealth Rock
|move|p1a: Skarmory|Whirlwind|p2a: Iron Treads
|-end|p2a: Iron Treads|Quark Drive|[silent]
|drag|p2a: Zapdos|Zapdos|100/100
|-damage|p2a: Zapdos|76/100|[from] Stealth Rock
|
|-weather|RainDance|[upkeep]
|upkeep
|turn|3
|
|t:|1769438083
|move|p2a: Zapdos|Weather Ball|p1a: Skarmory
|-damage|p1a: Skarmory|0 fnt
|faint|p1a: Skarmory
|
|-weather|RainDance|[upkeep]
|upkeep
|inactive|Battle timer is ON: inactive players will automatically lose when time's up. (requested by borbler)
|
|t:|1769438092
|switch|p1a: Chansey|Chansey, F|100/100
|turn|4
|
|t:|1769438098
|switch|p2a: Pelipper|Pelipper, F|84/100
|-damage|p2a: Pelipper|59/100|[from] Stealth Rock
|move|p1a: Chansey|Seismic Toss|p2a: Pelipper
|-damage|p2a: Pelipper|28/100
|
|-weather|RainDance|[upkeep]
|upkeep
|turn|5
|
|t:|1769438106
|move|p1a: Chansey|Seismic Toss|p2a: Pelipper
|-damage|p2a: Pelipper|0 fnt
|faint|p2a: Pelipper
|
|-weather|RainDance|[upkeep]
|upkeep
|
|t:|1769438111
|switch|p2a: Toxicroak|Toxicroak, F|100/100
|-damage|p2a: Toxicroak|94/100|[from] Stealth Rock
|turn|6
|
|t:|1769438116
|move|p2a: Toxicroak|Knock Off|p1a: Chansey
|-damage|p1a: Chansey|41/100
|-enditem|p1a: Chansey|Covert Cloak|[from] move: Knock Off|[of] p2a: Toxicroak
|move|p1a: Chansey|Seismic Toss|p2a: Toxicroak
|-damage|p2a: Toxicroak|67/100
|-damage|p1a: Chansey|24/100|[from] item: Rocky Helmet|[of] p2a: Toxicroak
|
|-weather|RainDance|[upkeep]
|-heal|p2a: Toxicroak|80/100|[from] ability: Dry Skin
|upkeep
|turn|7
|
|t:|1769438139
|switch|p1a: Gliscor|Gliscor, F|100/100
|move|p2a: Toxicroak|Knock Off|p1a: Gliscor
|-damage|p1a: Gliscor|86/100
|-enditem|p1a: Gliscor|Toxic Orb|[from] move: Knock Off|[of] p2a: Toxicroak
|
|-weather|RainDance|[upkeep]
|-heal|p2a: Toxicroak|92/100|[from] ability: Dry Skin
|upkeep
|turn|8
|
|t:|1769438154
|switch|p2a: Iron Treads|Iron Treads|98/100
|-damage|p2a: Iron Treads|95/100|[from] Stealth Rock
|move|p1a: Gliscor|Knock Off|p2a: Iron Treads
|-damage|p2a: Iron Treads|76/100
|-enditem|p2a: Iron Treads|Leftovers|[from] move: Knock Off|[of] p1a: Gliscor
|
|-weather|none
|upkeep
|turn|9
|
|t:|1769438171
|move|p2a: Iron Treads|Rapid Spin|p1a: Gliscor
|-damage|p1a: Gliscor|78/100
|-boost|p2a: Iron Treads|spe|1
|-sideend|p2: borbler|Stealth Rock|[from] move: Rapid Spin|[of] p2a: Iron Treads
|move|p1a: Gliscor|Knock Off|p2a: Iron Treads
|-damage|p2a: Iron Treads|64/100
|
|upkeep
|turn|10
|
|t:|1769438181
|-end|p2a: Iron Treads|Quark Drive|[silent]
|switch|p2a: Barraskewda|Barraskewda, F|100/100
|move|p1a: Gliscor|Protect||[still]
|-fail|p1a: Gliscor
|
|upkeep
|turn|11
|
|t:|1769438189
|switch|p1a: Dondozo|Dondozo, F|100/100
|-terastallize|p2a: Barraskewda|Water
|move|p2a: Barraskewda|Flip Turn|p1a: Dondozo
|-resisted|p1a: Dondozo
|-damage|p1a: Dondozo|83/100
|
|t:|1769438191
|switch|p2a: Zapdos|Zapdos|76/100|[from] Flip Turn
|
|-heal|p1a: Dondozo|89/100|[from] item: Leftovers
|upkeep
|turn|12
|
|t:|1769438201
|move|p1a: Dondozo|Protect|p1a: Dondozo
|-singleturn|p1a: Dondozo|Protect
|move|p2a: Zapdos|Hurricane|p1a: Dondozo
|-activate|p1a: Dondozo|move: Protect
|
|-heal|p1a: Dondozo|96/100|[from] item: Leftovers
|upkeep
|turn|13
|
|t:|1769438213
|switch|p1a: Gliscor|Gliscor, F|78/100
|move|p2a: Zapdos|Hurricane|p1a: Gliscor
|-damage|p1a: Gliscor|0 fnt
|faint|p1a: Gliscor
|
|upkeep
|
|t:|1769438228
|switch|p1a: Heatran|Heatran, F|100/100
|turn|14
|
|t:|1769438235
|switch|p2a: Barraskewda|Barraskewda, F, tera:Water|100/100
|move|p1a: Heatran|Fire Spin|p2a: Barraskewda|[miss]
|-miss|p1a: Heatran|p2a: Barraskewda
|
|upkeep
|turn|15
|
|t:|1769438243
|switch|p1a: Dondozo|Dondozo, F|96/100
|move|p2a: Barraskewda|Flip Turn|p1a: Dondozo
|-resisted|p1a: Dondozo
|-damage|p1a: Dondozo|76/100
|
|t:|1769438251
|switch|p2a: Zapdos|Zapdos|76/100|[from] Flip Turn
|
|-heal|p1a: Dondozo|82/100|[from] item: Leftovers
|upkeep
|turn|16
|
|t:|1769438263
|move|p1a: Dondozo|Protect|p1a: Dondozo
|-singleturn|p1a: Dondozo|Protect
|move|p2a: Zapdos|Volt Switch|p1a: Dondozo
|-activate|p1a: Dondozo|move: Protect
|
|-heal|p1a: Dondozo|89/100|[from] item: Leftovers
|upkeep
|turn|17
|
|t:|1769438273
|switch|p1a: Heatran|Heatran, F|100/100
|move|p2a: Zapdos|Volt Switch|p1a: Heatran
|-damage|p1a: Heatran|72/100
|
|t:|1769438277
|switch|p2a: Barraskewda|Barraskewda, F, tera:Water|100/100|[from] Volt Switch
|
|upkeep
|turn|18
|
|t:|1769438286
|switch|p1a: Porygon2|Porygon2|100/100
|move|p2a: Barraskewda|Close Combat|p1a: Porygon2
|-supereffective|p1a: Porygon2
|-damage|p1a: Porygon2|34/100
|-unboost|p2a: Barraskewda|def|1
|-unboost|p2a: Barraskewda|spd|1
|
|upkeep
|turn|19
|
|t:|1769438303
|move|p1a: Porygon2|Protect|p1a: Porygon2
|-singleturn|p1a: Porygon2|Protect
|move|p2a: Barraskewda|Close Combat|p1a: Porygon2
|-activate|p1a: Porygon2|move: Protect
|
|upkeep
|turn|20
|
|t:|1769438314
|switch|p1a: Dondozo|Dondozo, F|89/100
|move|p2a: Barraskewda|Close Combat|p1a: Dondozo
|-damage|p1a: Dondozo|51/100
|-unboost|p2a: Barraskewda|def|1
|-unboost|p2a: Barraskewda|spd|1
|
|-heal|p1a: Dondozo|57/100|[from] item: Leftovers
|upkeep
|turn|21
|
|t:|1769438329
|switch|p2a: Toxicroak|Toxicroak, F|92/100
|move|p1a: Dondozo|Earthquake|p2a: Toxicroak
|-supereffective|p2a: Toxicroak
|-damage|p2a: Toxicroak|38/100
|
|-heal|p1a: Dondozo|63/100|[from] item: Leftovers
|upkeep
|turn|22
|
|t:|1769438337
|move|p2a: Toxicroak|Knock Off|p1a: Dondozo
|-damage|p1a: Dondozo|51/100
|-enditem|p1a: Dondozo|Leftovers|[from] move: Knock Off|[of] p2a: Toxicroak
|move|p1a: Dondozo|Earthquake|p2a: Toxicroak
|-supereffective|p2a: Toxicroak
|-damage|p2a: Toxicroak|0 fnt
|faint|p2a: Toxicroak
|
|upkeep
|
|t:|1769438341
|switch|p2a: Zapdos|Zapdos|76/100
|turn|23
|
|t:|1769438353
|switch|p1a: Heatran|Heatran, F|72/100
|move|p2a: Zapdos|Volt Switch|p1a: Heatran
|-damage|p1a: Heatran|44/100
|
|t:|1769438356
|switch|p2a: Barraskewda|Barraskewda, F, tera:Water|100/100|[from] Volt Switch
|
|upkeep
|turn|24
|
|t:|1769438364
|move|p2a: Barraskewda|Close Combat|p1a: Heatran
|-supereffective|p1a: Heatran
|-damage|p1a: Heatran|0 fnt
|-unboost|p2a: Barraskewda|def|1
|-unboost|p2a: Barraskewda|spd|1
|-status|p2a: Barraskewda|brn|[from] ability: Flame Body|[of] p1a: Heatran
|faint|p1a: Heatran
|
|-damage|p2a: Barraskewda|94/100 brn|[from] brn
|upkeep
|
|t:|1769438373
|switch|p1a: Dondozo|Dondozo, F|51/100
|turn|25
|
|t:|1769438379
|switch|p2a: Zapdos|Zapdos|76/100
|move|p1a: Dondozo|Earthquake|p2a: Zapdos
|-immune|p2a: Zapdos
|
|upkeep
|turn|26
|
|t:|1769438387
|move|p1a: Dondozo|Protect|p1a: Dondozo
|-singleturn|p1a: Dondozo|Protect
|move|p2a: Zapdos|Volt Switch|p1a: Dondozo
|-activate|p1a: Dondozo|move: Protect
|
|upkeep
|turn|27
|
|t:|1769438397
|move|p2a: Zapdos|Volt Switch|p1a: Dondozo
|-supereffective|p1a: Dondozo
|-damage|p1a: Dondozo|0 fnt
|faint|p1a: Dondozo
|
|t:|1769438402
|switch|p2a: Barraskewda|Barraskewda, F, tera:Water|94/100 brn|[from] Volt Switch
|
|-damage|p2a: Barraskewda|88/100 brn|[from] brn
|upkeep
|
|t:|1769438408
|switch|p1a: Chansey|Chansey, F|24/100
|turn|28
|
|t:|1769438411
|move|p2a: Barraskewda|Close Combat|p1a: Chansey
|-supereffective|p1a: Chansey
|-damage|p1a: Chansey|0 fnt
|-unboost|p2a: Barraskewda|def|1
|-unboost|p2a: Barraskewda|spd|1
|faint|p1a: Chansey
|
|-damage|p2a: Barraskewda|82/100 brn|[from] brn
|upkeep
|
|t:|1769438419
|switch|p1a: Porygon2|Porygon2|34/100
|turn|29
|
|t:|1769438422
|move|p1a: Porygon2|Protect|p1a: Porygon2
|-singleturn|p1a: Porygon2|Protect
|move|p2a: Barraskewda|Close Combat|p1a: Porygon2
|-activate|p1a: Porygon2|move: Protect
|
|-damage|p2a: Barraskewda|76/100 brn|[from] brn
|upkeep
|turn|30
|
|t:|1769438429
|move|p2a: Barraskewda|Close Combat|p1a: Porygon2
|-supereffective|p1a: Porygon2
|-damage|p1a: Porygon2|3/100
|-unboost|p2a: Barraskewda|def|1
|-unboost|p2a: Barraskewda|spd|1
|move|p1a: Porygon2|Recover|p1a: Porygon2
|-heal|p1a: Porygon2|53/100
|
|-damage|p2a: Barraskewda|70/100 brn|[from] brn
|upkeep
|turn|31
|
|t:|1769438438
|switch|p2a: Hatterene|Hatterene, F|100/100
|move|p1a: Porygon2|Recover|p1a: Porygon2
|-heal|p1a: Porygon2|100/100
|
|upkeep
|turn|32
|
|t:|1769438447
|move|p1a: Porygon2|Tri Attack|p2a: Hatterene
|-damage|p2a: Hatterene|72/100
|-enditem|p2a: Hatterene|Eject Button
|
|t:|1769438450
|switch|p2a: Barraskewda|Barraskewda, F, tera:Water|70/100 brn
|
|-damage|p2a: Barraskewda|64/100 brn|[from] brn
|upkeep
|turn|33
|
|t:|1769438455
|move|p2a: Barraskewda|Flip Turn|p1a: Porygon2
|-damage|p1a: Porygon2|86/100
|
|t:|1769438458
|switch|p2a: Hatterene|Hatterene, F|72/100|[from] Flip Turn
|move|p1a: Porygon2|Tri Attack|p2a: Hatterene
|-damage|p2a: Hatterene|30/100
|
|upkeep
|turn|34
|
|t:|1769438469
|move|p1a: Porygon2|Tri Attack|p2a: Hatterene
|-damage|p2a: Hatterene|0 fnt
|faint|p2a: Hatterene
|
|upkeep
|
|t:|1769438480
|switch|p2a: Zapdos|Zapdos|76/100
|turn|35
|
|t:|1769438485
|move|p2a: Zapdos|Thunder|p1a: Porygon2
|-damage|p1a: Porygon2|29/100
|move|p1a: Porygon2|Tri Attack|p2a: Zapdos
|-damage|p2a: Zapdos|34/100
|
|upkeep
|turn|36
|
|t:|1769438493
|move|p1a: Porygon2|Protect|p1a: Porygon2
|-singleturn|p1a: Porygon2|Protect
|move|p2a: Zapdos|Thunder|p1a: Porygon2
|-activate|p1a: Porygon2|move: Protect
|
|upkeep
|turn|37
|
|t:|1769438500
|move|p2a: Zapdos|Thunder|p1a: Porygon2|[miss]
|-miss|p2a: Zapdos|p1a: Porygon2
|move|p1a: Porygon2|Ice Beam|p2a: Zapdos
|-supereffective|p2a: Zapdos
|-crit|p2a: Zapdos
|-damage|p2a: Zapdos|0 fnt
|faint|p2a: Zapdos
|
|upkeep
|
|t:|1769438504
|switch|p2a: Barraskewda|Barraskewda, F, tera:Water|64/100 brn
|turn|38
|
|t:|1769438512
|move|p2a: Barraskewda|Liquidation|p1a: Porygon2
|-damage|p1a: Porygon2|7/100
|-unboost|p1a: Porygon2|def|1
|move|p1a: Porygon2|Recover|p1a: Porygon2
|-heal|p1a: Porygon2|57/100
|
|-damage|p2a: Barraskewda|58/100 brn|[from] brn
|upkeep
|turn|39
|
|t:|1769438521
|move|p1a: Porygon2|Protect|p1a: Porygon2
|-singleturn|p1a: Porygon2|Protect
|move|p2a: Barraskewda|Liquidation|p1a: Porygon2
|-activate|p1a: Porygon2|move: Protect
|
|-damage|p2a: Barraskewda|52/100 brn|[from] brn
|upkeep
|turn|40
|c|☆borbler|bro
|
|t:|1769438528
|move|p2a: Barraskewda|Liquidation|p1a: Porygon2
|-damage|p1a: Porygon2|26/100
|move|p1a: Porygon2|Recover|p1a: Porygon2
|-heal|p1a: Porygon2|76/100
|
|-damage|p2a: Barraskewda|46/100 brn|[from] brn
|upkeep
|turn|41
|c|☆borbler|just play the game
|c|☆borbler|this is the worst stall team i have ever seen
|
|t:|1769438536
|move|p1a: Porygon2|Protect|p1a: Porygon2
|-singleturn|p1a: Porygon2|Protect
|move|p2a: Barraskewda|Liquidation|p1a: Porygon2
|-activate|p1a: Porygon2|move: Protect
|
|-damage|p2a: Barraskewda|40/100 brn|[from] brn
|upkeep
|turn|42
|
|t:|1769438543
|move|p2a: Barraskewda|Liquidation|p1a: Porygon2
|-damage|p1a: Porygon2|42/100
|move|p1a: Porygon2|Recover|p1a: Porygon2
|-heal|p1a: Porygon2|92/100
|
|-damage|p2a: Barraskewda|34/100 brn|[from] brn
|upkeep
|turn|43
|
|t:|1769438550
|move|p1a: Porygon2|Protect|p1a: Porygon2
|-singleturn|p1a: Porygon2|Protect
|move|p2a: Barraskewda|Liquidation|p1a: Porygon2
|-activate|p1a: Porygon2|move: Protect
|
|-damage|p2a: Barraskewda|27/100 brn|[from] brn
|upkeep
|turn|44
|
|t:|1769438563
|move|p2a: Barraskewda|Liquidation|p1a: Porygon2
|-damage|p1a: Porygon2|60/100
|move|p1a: Porygon2|Recover|p1a: Porygon2
|-heal|p1a: Porygon2|100/100
|
|-damage|p2a: Barraskewda|21/100 brn|[from] brn
|upkeep
|turn|45
|
|t:|1769438571
|move|p1a: Porygon2|Protect|p1a: Porygon2
|-singleturn|p1a: Porygon2|Protect
|move|p2a: Barraskewda|Liquidation|p1a: Porygon2
|-activate|p1a: Porygon2|move: Protect
|
|-damage|p2a: Barraskewda|15/100 brn|[from] brn
|upkeep
|turn|46
|
|t:|1769438580
|move|p2a: Barraskewda|Liquidation|p1a: Porygon2
|-damage|p1a: Porygon2|66/100
|move|p1a: Porygon2|Ice Beam|p2a: Barraskewda
|-resisted|p2a: Barraskewda
|-damage|p2a: Barraskewda|0 fnt
|faint|p2a: Barraskewda
|
|upkeep
|
|t:|1769438585
|switch|p2a: Iron Treads|Iron Treads|64/100
|turn|47
|
|t:|1769438590
|move|p1a: Porygon2|Protect|p1a: Porygon2
|-singleturn|p1a: Porygon2|Protect
|move|p2a: Iron Treads|Earthquake|p1a: Porygon2
|-activate|p1a: Porygon2|move: Protect
|
|upkeep
|turn|48
|
|t:|1769438596
|move|p2a: Iron Treads|Earthquake|p1a: Porygon2
|-damage|p1a: Porygon2|41/100
|move|p1a: Porygon2|Recover|p1a: Porygon2
|-heal|p1a: Porygon2|91/100
|
|upkeep
|turn|49
|
|t:|1769438603
|move|p2a: Iron Treads|Earthquake|p1a: Porygon2
|-damage|p1a: Porygon2|64/100
|move|p1a: Porygon2|Ice Beam|p2a: Iron Treads
|-damage|p2a: Iron Treads|42/100
|
|upkeep
|turn|50
|
|t:|1769438609
|move|p2a: Iron Treads|Earthquake|p1a: Porygon2
|-damage|p1a: Porygon2|38/100
|move|p1a: Porygon2|Recover|p1a: Porygon2
|-heal|p1a: Porygon2|88/100
|
|upkeep
|turn|51
|
|t:|1769438617
|move|p2a: Iron Treads|Earthquake|p1a: Porygon2
|-damage|p1a: Porygon2|62/100
|move|p1a: Porygon2|Tri Attack|p2a: Iron Treads
|-resisted|p2a: Iron Treads
|-damage|p2a: Iron Treads|28/100
|
|upkeep
|turn|52
|
|t:|1769438625
|move|p2a: Iron Treads|Earthquake|p1a: Porygon2
|-damage|p1a: Porygon2|36/100
|move|p1a: Porygon2|Ice Beam|p2a: Iron Treads
|-damage|p2a: Iron Treads|4/100
|
|upkeep
|turn|53
|
|t:|1769438631
|move|p2a: Iron Treads|Earthquake|p1a: Porygon2
|-damage|p1a: Porygon2|7/100
|move|p1a: Porygon2|Ice Beam|p2a: Iron Treads
|-damage|p2a: Iron Treads|0 fnt
|faint|p2a: Iron Treads
|-end|p2a: Iron Treads|Quark Drive|[silent]
|
|win|sjicbzcbzkbzmf
|raw|sjicbzcbzkbzmf's rating: 1113 &rarr; <strong>1137</strong><br />(+24 for winning)
|raw|borbler's rating: 1094 &rarr; <strong>1071</strong><br />(-23 for losing)
|l|☆borbler
|player|p2|
