|j|☆Gege88
|j|☆ezx vgc
|t:|1769304449
|gametype|singles
|player|p1|Gege88|hiker-gen4|1069
|player|p2|ezx vgc|170|1053
|gen|9
|tier|[Gen 9] OU
|rated|
|rule|HP Percentage Mod: HP is shown in percentages
|rule|Endless Battle Clause: Forcing endless battles is banned
|rule|Species Clause: Limit one of each Pokémon
|rule|OHKO Clause: OHKO moves are banned
|rule|Evasion Items Clause: Evasion items are banned
|rule|Evasion Moves Clause: Evasion moves are banned
|rule|Evasion Abilities Clause: Evasion abilities are banned
|rule|Sleep Moves Clause: Sleep-inducing moves are banned
|clearpoke
|poke|p1|Metagross|
|poke|p1|Staraptor, M|
|poke|p1|Golem, F|
|poke|p1|Delibird, F|
|poke|p1|Kingambit, F|
|poke|p1|Hatterene, F|
|poke|p2|Ceruledge, F|
|poke|p2|Landorus-Therian, M|
|poke|p2|Iron Crown|
|poke|p2|Toxtricity-Low-Key, M|
|poke|p2|Golurk|
|poke|p2|Serperior, F|
|teampreview
|
|t:|1769304484
|teamsize|p1|6
|teamsize|p2|6
|start
|switch|p1a: Suicide lead|Golem, F|100/100
|switch|p2a: Ceruledge|Ceruledge, F, shiny|100/100
|turn|1
|
|t:|1769304513
|switch|p2a: Serperior|Serperior, F|100/100
|move|p1a: Suicide lead|Stealth Rock|p2a: Serperior
|-sidestart|p2: ezx vgc|move: Stealth Rock
|
|upkeep
|turn|2
|
|t:|1769304530
|move|p2a: Serperior|Leaf Storm|p1a: Suicide lead
|-supereffective|p1a: Suicide lead
|-ability|p1a: Suicide lead|Sturdy
|-damage|p1a: Suicide lead|1/100
|-boost|p2a: Serperior|spa|2
|move|p1a: Suicide lead|Earthquake|p2a: Serperior
|-resisted|p2a: Serperior
|-damage|p2a: Serperior|66/100
|
|upkeep
|turn|3
|-enditem|p1a: Suicide lead|Custap Berry|[eat]
|-activate|p1a: Suicide lead|item: Custap Berry|[consumed]
|
|t:|1769304541
|move|p1a: Suicide lead|Explosion|p2a: Serperior
|-damage|p2a: Serperior|0 fnt
|faint|p1a: Suicide lead
|faint|p2a: Serperior
|
|upkeep
|
|t:|1769304556
|switch|p2a: Ceruledge|Ceruledge, F, shiny|100/100
|switch|p1a: un pingouin???|Delibird, F|100/100
|-damage|p2a: Ceruledge|76/100|[from] Stealth Rock
|turn|4
|
|t:|1769304562
|move|p1a: un pingouin???|Destiny Bond|p1a: un pingouin???
|-singlemove|p1a: un pingouin???|Destiny Bond
|move|p2a: Ceruledge|Bitter Blade|p1a: un pingouin???
|-supereffective|p1a: un pingouin???
|-crit|p1a: un pingouin???
|-damage|p1a: un pingouin???|0 fnt
|-heal|p2a: Ceruledge|100/100|[from] drain|[of] p1a: un pingouin???
|faint|p1a: un pingouin???
|-activate|p1a: un pingouin???|move: Destiny Bond
|faint|p2a: Ceruledge
|
|upkeep
|
|t:|1769304575
|switch|p1a: hodor|Staraptor, M|100/100
|switch|p2a: Golurk|Golurk, shiny|100/100
|-damage|p2a: Golurk|95/100|[from] Stealth Rock
|turn|5
|
|t:|1769304619
|switch|p1a: Hatterene|Hatterene, F|100/100
|switch|p2a: Toxtricity|Toxtricity-Low-Key, M|100/100
|-damage|p2a: Toxtricity|88/100|[from] Stealth Rock
|
|upkeep
|turn|6
|
|t:|1769304626
|move|p2a: Toxtricity|Poison Jab|p1a: Hatterene
|-supereffective|p1a: Hatterene
|-damage|p1a: Hatterene|55/100
|move|p1a: Hatterene|Psychic Noise|p2a: Toxtricity
|-supereffective|p2a: Toxtricity
|-damage|p2a: Toxtricity|24/100
|-start|p2a: Toxtricity|move: Heal Block
|
|-heal|p1a: Hatterene|61/100|[from] item: Leftovers
|upkeep
|turn|7
|
|t:|1769304651
|move|p2a: Toxtricity|Poison Jab|p1a: Hatterene
|-supereffective|p1a: Hatterene
|-damage|p1a: Hatterene|17/100
|-status|p1a: Hatterene|psn
|move|p1a: Hatterene|Psychic Noise|p2a: Toxtricity
|-supereffective|p2a: Toxtricity
|-damage|p2a: Toxtricity|0 fnt
|faint|p2a: Toxtricity
|
|-heal|p1a: Hatterene|23/100 psn|[from] item: Leftovers
|-damage|p1a: Hatterene|11/100 psn|[from] psn
|upkeep
|inactive|Battle timer is ON: inactive players will automatically lose when time's up. (requested by Gege88)
|
|t:|1769304702
|switch|p2a: Iron Crown|Iron Crown|100/100
|-damage|p2a: Iron Crown|94/100|[from] Stealth Rock
|-enditem|p2a: Iron Crown|Booster Energy
|-activate|p2a: Iron Crown|ability: Quark Drive|[fromitem]
|-start|p2a: Iron Crown|quarkdrivespa
|turn|8
|
|t:|1769304723
|move|p2a: Iron Crown|Flash Cannon|p1a: Hatterene
|-supereffective|p1a: Hatterene
|-damage|p1a: Hatterene|0 fnt
|faint|p1a: Hatterene
|
|upkeep
|
|t:|1769304727
|switch|p1a: hodor|Staraptor, M|100/100
|turn|9
|
|t:|1769304741
|move|p1a: hodor|Final Gambit|p2a: Iron Crown
|-damage|p2a: Iron Crown|0 fnt
|faint|p1a: hodor
|faint|p2a: Iron Crown
|-end|p2a: Iron Crown|Quark Drive|[silent]
|
|upkeep
|
|t:|1769304759
|switch|p2a: Golurk|Golurk, shiny|95/100
|switch|p1a: dynamite|Metagross|100/100
|-damage|p2a: Golurk|89/100|[from] Stealth Rock
|turn|10
|
|t:|1769304767
|move|p1a: dynamite|Explosion|p2a: Golurk
|-immune|p2a: Golurk
|faint|p1a: dynamite
|move|p2a: Golurk|Knock Off|p1: dynamite|[notarget]
|-fail|p2a: Golurk
|
|upkeep
|j| pkemonplayz
|
|t:|1769304786
|switch|p1a: faut gagner|Kingambit, F|100/100
|-activate|p1a: faut gagner|ability: Supreme Overlord
|-start|p1a: faut gagner|fallen5|[silent]
|turn|11
|
|t:|1769304795
|-terastallize|p1a: faut gagner|Flying
|move|p2a: Golurk|Dynamic Punch|p1a: faut gagner
|-resisted|p1a: faut gagner
|-damage|p1a: faut gagner|86/100
|-start|p1a: faut gagner|confusion
|-activate|p1a: faut gagner|confusion
|move|p1a: faut gagner|Swords Dance|p1a: faut gagner
|-boost|p1a: faut gagner|atk|2
|
|-heal|p1a: faut gagner|93/100|[from] item: Leftovers
|upkeep
|turn|12
|
|t:|1769304810
|-activate|p1a: faut gagner|confusion
|move|p1a: faut gagner|Sucker Punch|p2a: Golurk
|-supereffective|p2a: Golurk
|-damage|p2a: Golurk|0 fnt
|faint|p2a: Golurk
|
|-heal|p1a: faut gagner|99/100|[from] item: Leftovers
|upkeep
|
|t:|1769304818
|switch|p2a: Landorus|Landorus-Therian, M, shiny|100/100
|-ability|p2a: Landorus|Intimidate|boost
|-unboost|p1a: faut gagner|atk|1
|turn|13
|
|t:|1769304838
|-terastallize|p2a: Landorus|Dark
|move|p2a: Landorus|Bulk Up|p2a: Landorus
|-boost|p2a: Landorus|atk|1
|-boost|p2a: Landorus|def|1
|-activate|p1a: faut gagner|confusion
|move|p1a: faut gagner|Iron Head|p2a: Landorus
|-damage|p2a: Landorus|12/100
|
|-heal|p1a: faut gagner|100/100|[from] item: Leftovers
|upkeep
|turn|14
|
|t:|1769304854
|move|p2a: Landorus|Sludge Bomb|p1a: faut gagner
|-damage|p1a: faut gagner|72/100
|-end|p1a: faut gagner|confusion
|move|p1a: faut gagner|Iron Head|p2a: Landorus
|-damage|p2a: Landorus|0 fnt
|faint|p2a: Landorus
|
|win|Gege88
|raw|Gege88's rating: 1069 &rarr; <strong>1097</strong><br />(+28 for winning)
|raw|ezx vgc's rating: 1053 &rarr; <strong>1036</strong><br />(-17 for losing)
