|j|☆kabishouaya
|j|☆ThatRandomMikuFan
|t:|1769334509
|gametype|singles
|player|p1|kabishouaya|rocketgrunt|1347
|player|p2|ThatRandomMikuFan|1|1340
|gen|9
|tier|[Gen 9] OU
|rated|
|rule|HP Percentage Mod: HP is shown in percentages
|rule|Endless Battle Clause: Forcing endless battles is banned
|rule|Species Clause: Limit one of each Pokémon
|rule|OHKO Clause: OHKO moves are banned
|rule|Evasion Items Clause: Evasion items are banned
|rule|Evasion Moves Clause: Evasion moves are banned
|rule|Evasion Abilities Clause: Evasion abilities are banned
|rule|Sleep Moves Clause: Sleep-inducing moves are banned
|clearpoke
|poke|p1|Dragonite, M|
|poke|p1|Ninetales-Alola, F|
|poke|p1|Polteageist|
|poke|p1|Ogerpon-Wellspring, F|
|poke|p1|Iron Treads|
|poke|p1|Kyurem|
|poke|p2|Gallade, M|
|poke|p2|Moltres|
|poke|p2|Landorus-Therian, M|
|poke|p2|Samurott-Hisui, F|
|poke|p2|Gholdengo|
|poke|p2|Dragonite, F|
|teampreview
|
|t:|1769334525
|teamsize|p1|6
|teamsize|p2|6
|start
|switch|p1a: Ninetales|Ninetales-Alola, F|100/100
|switch|p2a: Moltres|Moltres|100/100
|-weather|Snowscape|[from] ability: Snow Warning|[of] p1a: Ninetales
|turn|1
|inactive|Battle timer is ON: inactive players will automatically lose when time's up. (requested by ThatRandomMikuFan)
|
|t:|1769334533
|move|p1a: Ninetales|Aurora Veil|p1a: Ninetales
|-sidestart|p1: kabishouaya|move: Aurora Veil
|move|p2a: Moltres|Flamethrower|p1a: Ninetales
|-supereffective|p1a: Ninetales
|-damage|p1a: Ninetales|57/100
|-status|p1a: Ninetales|brn
|
|-weather|Snowscape|[upkeep]
|-damage|p1a: Ninetales|51/100 brn|[from] brn
|upkeep
|turn|2
|
|t:|1769334542
|move|p1a: Ninetales|Freeze-Dry|p2a: Moltres
|-damage|p2a: Moltres|71/100
|move|p2a: Moltres|Flamethrower|p1a: Ninetales
|-supereffective|p1a: Ninetales
|-damage|p1a: Ninetales|10/100 brn
|
|-weather|Snowscape|[upkeep]
|-damage|p1a: Ninetales|4/100 brn|[from] brn
|upkeep
|turn|3
|
|t:|1769334555
|move|p1a: Ninetales|Freeze-Dry|p2a: Moltres
|-damage|p2a: Moltres|45/100
|move|p2a: Moltres|Roost|p2a: Moltres
|-heal|p2a: Moltres|95/100
|-singleturn|p2a: Moltres|move: Roost
|
|-weather|Snowscape|[upkeep]
|-damage|p1a: Ninetales|0 fnt|[from] brn
|faint|p1a: Ninetales
|upkeep
|
|t:|1769334573
|switch|p1a: Polteageist|Polteageist|100/100
|turn|4
|
|t:|1769334578
|move|p2a: Moltres|U-turn|p1a: Polteageist
|-resisted|p1a: Polteageist
|-damage|p1a: Polteageist|96/100
|-start|p2a: Moltres|Disable|U-turn|[from] ability: Cursed Body|[of] p1a: Polteageist
|
|t:|1769334587
|switch|p2a: Samurott|Samurott-Hisui, F|100/100|[from] U-turn
|move|p1a: Polteageist|Shell Smash|p1a: Polteageist
|-unboost|p1a: Polteageist|def|1
|-unboost|p1a: Polteageist|spd|1
|-boost|p1a: Polteageist|atk|2
|-boost|p1a: Polteageist|spa|2
|-boost|p1a: Polteageist|spe|2
|-enditem|p1a: Polteageist|White Herb
|-clearnegativeboost|p1a: Polteageist|[silent]
|
|-weather|Snowscape|[upkeep]
|upkeep
|turn|5
|
|t:|1769334605
|-terastallize|p1a: Polteageist|Fighting
|move|p1a: Polteageist|Strength Sap|p2a: Samurott
|-unboost|p2a: Samurott|atk|1
|-heal|p1a: Polteageist|100/100
|move|p2a: Samurott|Ceaseless Edge|p1a: Polteageist
|-resisted|p1a: Polteageist
|-damage|p1a: Polteageist|92/100
|-sidestart|p1: kabishouaya|Spikes
|
|-weather|none
|upkeep
|turn|6
|
|t:|1769334624
|move|p1a: Polteageist|Shell Smash|p1a: Polteageist
|-unboost|p1a: Polteageist|def|1
|-unboost|p1a: Polteageist|spd|1
|-boost|p1a: Polteageist|atk|2
|-boost|p1a: Polteageist|spa|2
|-boost|p1a: Polteageist|spe|2
|move|p2a: Samurott|Ceaseless Edge|p1a: Polteageist
|-resisted|p1a: Polteageist
|-damage|p1a: Polteageist|79/100
|-sidestart|p1: kabishouaya|Spikes
|
|upkeep
|turn|7
|
|t:|1769334633
|move|p1a: Polteageist|Strength Sap|p2a: Samurott
|-unboost|p2a: Samurott|atk|1
|-heal|p1a: Polteageist|100/100
|move|p2a: Samurott|Ceaseless Edge|p1a: Polteageist
|-resisted|p1a: Polteageist
|-damage|p1a: Polteageist|91/100
|-sidestart|p1: kabishouaya|Spikes
|
|upkeep
|turn|8
|
|t:|1769334645
|switch|p2a: Dragonite|Dragonite, F|100/100
|move|p1a: Polteageist|Tera Blast|p2a: Dragonite|[anim] Tera Blast Fighting
|-resisted|p2a: Dragonite
|-damage|p2a: Dragonite|75/100
|
|-sideend|p1: kabishouaya|move: Aurora Veil
|upkeep
|turn|9
|
|t:|1769334663
|-terastallize|p2a: Dragonite|Normal
|move|p2a: Dragonite|Extreme Speed|p1a: Polteageist
|-damage|p1a: Polteageist|5/100
|-start|p2a: Dragonite|Disable|Extreme Speed|[from] ability: Cursed Body|[of] p1a: Polteageist
|move|p1a: Polteageist|Shadow Ball|p2a: Dragonite
|-immune|p2a: Dragonite
|
|upkeep
|turn|10
|
|t:|1769334675
|switch|p2a: Gholdengo|Gholdengo|100/100
|-item|p2a: Gholdengo|Air Balloon
|move|p1a: Polteageist|Strength Sap|p2a: Gholdengo
|-immune|p2a: Gholdengo|[from] ability: Good as Gold
|
|upkeep
|turn|11
|
|t:|1769334686
|switch|p2a: Dragonite|Dragonite, F, tera:Normal|75/100
|move|p1a: Polteageist|Tera Blast|p2a: Dragonite|[anim] Tera Blast Fighting
|-supereffective|p2a: Dragonite
|-damage|p2a: Dragonite|0 fnt
|faint|p2a: Dragonite
|
|upkeep
|
|t:|1769334702
|switch|p2a: Gallade|Gallade, M|100/100
|turn|12
|
|t:|1769334710
|move|p1a: Polteageist|Strength Sap|p2a: Gallade
|-unboost|p2a: Gallade|atk|1
|-heal|p1a: Polteageist|100/100
|move|p2a: Gallade|Psycho Cut|p1a: Polteageist
|-supereffective|p1a: Polteageist
|-damage|p1a: Polteageist|0 fnt
|faint|p1a: Polteageist
|
|upkeep
|
|t:|1769334722
|switch|p1a: Dragonite|Dragonite, M|100/100
|turn|13
|
|t:|1769334749
|switch|p2a: Landorus|Landorus-Therian, M|100/100
|-ability|p2a: Landorus|Intimidate|boost
|-unboost|p1a: Dragonite|atk|1
|move|p1a: Dragonite|Dragon Dance|p1a: Dragonite
|-boost|p1a: Dragonite|atk|1
|-boost|p1a: Dragonite|spe|1
|
|upkeep
|turn|14
|
|t:|1769334758
|move|p1a: Dragonite|Dragon Dance|p1a: Dragonite
|-boost|p1a: Dragonite|atk|1
|-boost|p1a: Dragonite|spe|1
|move|p2a: Landorus|U-turn|p1a: Dragonite
|-resisted|p1a: Dragonite
|-damage|p1a: Dragonite|95/100
|
|t:|1769334763
|switch|p2a: Moltres|Moltres|95/100|[from] U-turn
|
|upkeep
|turn|15
|
|t:|1769334777
|move|p1a: Dragonite|Ice Spinner|p2a: Moltres
|-damage|p2a: Moltres|64/100
|move|p2a: Moltres|Will-O-Wisp|p1a: Dragonite|[miss]
|-miss|p2a: Moltres|p1a: Dragonite
|
|upkeep
|turn|16
|
|t:|1769334789
|move|p1a: Dragonite|Extreme Speed|p2a: Moltres
|-damage|p2a: Moltres|34/100
|-status|p1a: Dragonite|brn|[from] ability: Flame Body|[of] p2a: Moltres
|move|p2a: Moltres|Roost|p2a: Moltres
|-heal|p2a: Moltres|84/100
|-singleturn|p2a: Moltres|move: Roost
|
|-damage|p1a: Dragonite|88/100 brn|[from] brn
|upkeep
|turn|17
|
|t:|1769334802
|move|p1a: Dragonite|Dragon Dance|p1a: Dragonite
|-boost|p1a: Dragonite|atk|1
|-boost|p1a: Dragonite|spe|1
|move|p2a: Moltres|Roost|p2a: Moltres
|-heal|p2a: Moltres|100/100
|-singleturn|p2a: Moltres|move: Roost
|
|-damage|p1a: Dragonite|82/100 brn|[from] brn
|upkeep
|turn|18
|
|t:|1769334812
|move|p1a: Dragonite|Dragon Dance|p1a: Dragonite
|-boost|p1a: Dragonite|atk|1
|-boost|p1a: Dragonite|spe|1
|move|p2a: Moltres|U-turn|p1a: Dragonite
|-resisted|p1a: Dragonite
|-damage|p1a: Dragonite|75/100 brn
|
|t:|1769334814
|switch|p2a: Landorus|Landorus-Therian, M|100/100|[from] U-turn
|-ability|p2a: Landorus|Intimidate|boost
|-unboost|p1a: Dragonite|atk|1
|
|-damage|p1a: Dragonite|69/100 brn|[from] brn
|upkeep
|turn|19
|
|t:|1769334824
|move|p1a: Dragonite|Ice Spinner|p2a: Landorus
|-supereffective|p2a: Landorus
|-damage|p2a: Landorus|0 fnt
|-damage|p1a: Dragonite|52/100 brn|[from] item: Rocky Helmet|[of] p2a: Landorus
|faint|p2a: Landorus
|
|-damage|p1a: Dragonite|46/100 brn|[from] brn
|upkeep
|
|t:|1769334835
|switch|p2a: Samurott|Samurott-Hisui, F|100/100
|turn|20
|
|t:|1769334843
|move|p1a: Dragonite|Earthquake|p2a: Samurott
|-damage|p2a: Samurott|59/100
|move|p2a: Samurott|Knock Off|p1a: Dragonite
|-damage|p1a: Dragonite|0 fnt
|-enditem|p1a: Dragonite|Heavy-Duty Boots|[from] move: Knock Off|[of] p2a: Samurott
|faint|p1a: Dragonite
|
|upkeep
|
|t:|1769334852
|switch|p1a: Iron Treads|Iron Treads|100/100
|-damage|p1a: Iron Treads|76/100|[from] Spikes
|-enditem|p1a: Iron Treads|Booster Energy
|-activate|p1a: Iron Treads|ability: Quark Drive|[fromitem]
|-start|p1a: Iron Treads|quarkdrivespe
|turn|21
|
|t:|1769334858
|switch|p2a: Gholdengo|Gholdengo|100/100
|-item|p2a: Gholdengo|Air Balloon
|move|p1a: Iron Treads|Rapid Spin|p2a: Gholdengo
|-immune|p2a: Gholdengo
|
|upkeep
|turn|22
|
|t:|1769334869
|move|p1a: Iron Treads|Stealth Rock|p2a: Gholdengo
|-sidestart|p2: ThatRandomMikuFan|move: Stealth Rock
|move|p2a: Gholdengo|Shadow Ball|p1a: Iron Treads
|-damage|p1a: Iron Treads|7/100
|
|upkeep
|turn|23
|
|t:|1769334875
|move|p1a: Iron Treads|Steel Beam|p2a: Gholdengo
|-resisted|p2a: Gholdengo
|-damage|p2a: Gholdengo|73/100
|-enditem|p2a: Gholdengo|Air Balloon
|-damage|p1a: Iron Treads|0 fnt|[from] steelbeam
|faint|p1a: Iron Treads
|-end|p1a: Iron Treads|Quark Drive|[silent]
|move|p2a: Gholdengo|Shadow Ball|p1: Iron Treads|[notarget]
|-fail|p2a: Gholdengo
|
|upkeep
|
|t:|1769334886
|switch|p1a: Kyurem|Kyurem|100/100
|-damage|p1a: Kyurem|76/100|[from] Spikes
|-ability|p1a: Kyurem|Pressure
|turn|24
|
|t:|1769334892
|move|p1a: Kyurem|Earth Power|p2a: Gholdengo
|-supereffective|p2a: Gholdengo
|-damage|p2a: Gholdengo|8/100
|move|p2a: Gholdengo|Make It Rain|p1a: Kyurem
|-supereffective|p1a: Kyurem
|-damage|p1a: Kyurem|0 fnt
|-unboost|p2a: Gholdengo|spa|1
|faint|p1a: Kyurem
|
|upkeep
|
|t:|1769334902
|switch|p1a: Ogerpon|Ogerpon-Wellspring, F|100/100
|-damage|p1a: Ogerpon|76/100|[from] Spikes
|turn|25
|
|t:|1769334908
|switch|p2a: Moltres|Moltres|100/100
|move|p1a: Ogerpon|Swords Dance|p1a: Ogerpon
|-boost|p1a: Ogerpon|atk|2
|
|upkeep
|turn|26
|
|t:|1769334915
|move|p1a: Ogerpon|Ivy Cudgel|p2a: Moltres|[anim] Ivy Cudgel Water
|-supereffective|p2a: Moltres
|-damage|p2a: Moltres|0 fnt
|faint|p2a: Moltres
|
|upkeep
|
|t:|1769334918
|switch|p2a: Gallade|Gallade, M|100/100
|-damage|p2a: Gallade|94/100|[from] Stealth Rock
|turn|27
|
|t:|1769334927
|move|p2a: Gallade|Sacred Sword|p1a: Ogerpon
|-damage|p1a: Ogerpon|0 fnt
|faint|p1a: Ogerpon
|
|win|ThatRandomMikuFan
|raw|kabishouaya's rating: 1347 &rarr; <strong>1327</strong><br />(-20 for losing)
|raw|ThatRandomMikuFan's rating: 1340 &rarr; <strong>1360</strong><br />(+20 for winning)
|l|☆ThatRandomMikuFan
|player|p2|
|l|☆kabishouaya
|player|p1|
