|j|☆sumni i
|j|☆pospo
|t:|1769411042
|gametype|singles
|player|p1|sumni i|102|1478
|player|p2|pospo|blaine|1430
|gen|9
|tier|[Gen 9] OU
|rated|
|rule|HP Percentage Mod: HP is shown in percentages
|rule|Endless Battle Clause: Forcing endless battles is banned
|rule|Species Clause: Limit one of each Pokémon
|rule|OHKO Clause: OHKO moves are banned
|rule|Evasion Items Clause: Evasion items are banned
|rule|Evasion Moves Clause: Evasion moves are banned
|rule|Evasion Abilities Clause: Evasion abilities are banned
|rule|Sleep Moves Clause: Sleep-inducing moves are banned
|clearpoke
|poke|p1|Ribombee, M|
|poke|p1|Cinderace, F|
|poke|p1|Passimian, M|
|poke|p1|Empoleon, M|
|poke|p1|Iron Hands|
|poke|p1|Serperior, M|
|poke|p2|Hoopa-Unbound|
|poke|p2|Slowking-Galar, F|
|poke|p2|Alomomola, F|
|poke|p2|Zamazenta-*|
|poke|p2|Great Tusk|
|poke|p2|Kingambit, F|
|teampreview
|inactive|Battle timer is ON: inactive players will automatically lose when time's up. (requested by sumni i)
|
|t:|1769411048
|teamsize|p1|6
|teamsize|p2|6
|start
|switch|p1a: Ribombee|Ribombee, M|100/100
|switch|p2a: Slowking|Slowking-Galar, F|100/100
|turn|1
|
|t:|1769411050
|move|p1a: Ribombee|Sticky Web|p2a: Slowking
|-sidestart|p2: pospo|move: Sticky Web
|move|p2a: Slowking|Sludge Bomb|p1a: Ribombee
|-supereffective|p1a: Ribombee
|-enditem|p1a: Ribombee|Focus Sash
|-damage|p1a: Ribombee|1/100
|
|upkeep
|turn|2
|
|t:|1769411054
|move|p1a: Ribombee|Stun Spore|p2a: Slowking|[miss]
|-miss|p1a: Ribombee|p2a: Slowking
|-prepare|p2a: Slowking|Chilly Reception|[premajor]
|move|p2a: Slowking|Chilly Reception|p2a: Slowking
|-weather|Snowscape
|inactive|pospo has 120 seconds left.
|
|t:|1769411090
|switch|p2a: Great Tusk|Great Tusk|100/100|[from] Chilly Reception
|
|-weather|Snowscape|[upkeep]
|upkeep
|turn|3
|
|t:|1769411097
|-terastallize|p1a: Ribombee|Ghost
|-terastallize|p2a: Great Tusk|Steel
|move|p1a: Ribombee|Moonblast|p2a: Great Tusk
|-resisted|p2a: Great Tusk
|-damage|p2a: Great Tusk|69/100
|-unboost|p2a: Great Tusk|spa|1
|move|p2a: Great Tusk|Rapid Spin|p1a: Ribombee
|-immune|p1a: Ribombee
|
|-weather|Snowscape|[upkeep]
|upkeep
|turn|4
|
|t:|1769411105
|move|p1a: Ribombee|Stun Spore|p2a: Great Tusk|[miss]
|-miss|p1a: Ribombee|p2a: Great Tusk
|move|p2a: Great Tusk|Headlong Rush|p1a: Ribombee
|-damage|p1a: Ribombee|0 fnt
|-unboost|p2a: Great Tusk|def|1
|-unboost|p2a: Great Tusk|spd|1
|faint|p1a: Ribombee
|
|-weather|Snowscape|[upkeep]
|upkeep
|
|t:|1769411113
|switch|p1a: Cinderace|Cinderace, F|100/100
|turn|5
|
|t:|1769411116
|-end|p2a: Great Tusk|Protosynthesis|[silent]
|switch|p2a: Alomomola|Alomomola, F|100/100
|move|p1a: Cinderace|Court Change|p1a: Cinderace
|-swapsideconditions
|-activate|p1a: Cinderace|move: Court Change
|
|-weather|Snowscape|[upkeep]
|upkeep
|turn|6
|
|t:|1769411120
|move|p1a: Cinderace|U-turn|p2a: Alomomola
|-damage|p2a: Alomomola|90/100
|
|t:|1769411121
|switch|p1a: Serperior|Serperior, M|100/100|[from] U-turn
|-activate|p1a: Serperior|move: Sticky Web
|-boost|p1a: Serperior|spe|1
|move|p2a: Alomomola|Flip Turn|p1a: Serperior
|-resisted|p1a: Serperior
|-damage|p1a: Serperior|90/100
|
|t:|1769411129
|switch|p2a: Hoopa|Hoopa-Unbound|100/100|[from] Flip Turn
|
|-weather|none
|-heal|p1a: Serperior|96/100|[from] item: Leftovers
|upkeep
|turn|7
|
|t:|1769411133
|move|p1a: Serperior|Leaf Storm|p2a: Hoopa
|-damage|p2a: Hoopa|59/100
|-boost|p1a: Serperior|spa|2
|move|p2a: Hoopa|Hyperspace Fury|p1a: Serperior
|-damage|p1a: Serperior|0 fnt
|-unboost|p2a: Hoopa|def|1
|faint|p1a: Serperior
|
|upkeep
|
|t:|1769411136
|switch|p1a: Iron Hands|Iron Hands|100/100
|-activate|p1a: Iron Hands|move: Sticky Web
|-unboost|p1a: Iron Hands|spe|1
|-enditem|p1a: Iron Hands|Booster Energy
|-activate|p1a: Iron Hands|ability: Quark Drive|[fromitem]
|-start|p1a: Iron Hands|quarkdriveatk
|turn|8
|
|t:|1769411144
|switch|p2a: Zamazenta|Zamazenta|100/100
|-ability|p2a: Zamazenta|Dauntless Shield|boost
|-boost|p2a: Zamazenta|def|1
|move|p1a: Iron Hands|Drain Punch|p2a: Zamazenta
|-damage|p2a: Zamazenta|71/100
|
|-heal|p2a: Zamazenta|77/100|[from] item: Leftovers
|upkeep
|turn|9
|
|t:|1769411148
|move|p2a: Zamazenta|Iron Defense|p2a: Zamazenta
|-boost|p2a: Zamazenta|def|2
|move|p1a: Iron Hands|Swords Dance|p1a: Iron Hands
|-boost|p1a: Iron Hands|atk|2
|
|-heal|p2a: Zamazenta|83/100|[from] item: Leftovers
|upkeep
|turn|10
|
|t:|1769411152
|move|p2a: Zamazenta|Iron Defense|p2a: Zamazenta
|-boost|p2a: Zamazenta|def|2
|move|p1a: Iron Hands|Drain Punch|p2a: Zamazenta
|-damage|p2a: Zamazenta|59/100
|
|-heal|p2a: Zamazenta|65/100|[from] item: Leftovers
|upkeep
|turn|11
|
|t:|1769411154
|move|p2a: Zamazenta|Body Press|p1a: Iron Hands
|-damage|p1a: Iron Hands|10/100
|move|p1a: Iron Hands|Swords Dance|p1a: Iron Hands
|-boost|p1a: Iron Hands|atk|2
|
|-heal|p2a: Zamazenta|71/100|[from] item: Leftovers
|upkeep
|turn|12
|
|t:|1769411158
|move|p2a: Zamazenta|Body Press|p1a: Iron Hands
|-damage|p1a: Iron Hands|0 fnt
|faint|p1a: Iron Hands
|-end|p1a: Iron Hands|Quark Drive|[silent]
|
|-heal|p2a: Zamazenta|77/100|[from] item: Leftovers
|upkeep
|
|t:|1769411160
|switch|p1a: Passimian|Passimian, M|100/100
|-activate|p1a: Passimian|move: Sticky Web
|-unboost|p1a: Passimian|spe|1
|-ability|p1a: Passimian|Defiant|boost
|-boost|p1a: Passimian|atk|2
|turn|13
|
|t:|1769411164
|move|p2a: Zamazenta|Body Press|p1a: Passimian
|-damage|p1a: Passimian|0 fnt
|faint|p1a: Passimian
|
|-heal|p2a: Zamazenta|83/100|[from] item: Leftovers
|upkeep
|
|t:|1769411166
|switch|p1a: Cinderace|Cinderace, F|100/100
|turn|14
|
|t:|1769411168
|move|p2a: Zamazenta|Body Press|p1a: Cinderace
|-damage|p1a: Cinderace|0 fnt
|faint|p1a: Cinderace
|
|-heal|p2a: Zamazenta|89/100|[from] item: Leftovers
|upkeep
|
|t:|1769411169
|switch|p1a: Empoleon|Empoleon, M|100/100
|-activate|p1a: Empoleon|move: Sticky Web
|-unboost|p1a: Empoleon|spe|1
|-ability|p1a: Empoleon|Competitive|boost
|-boost|p1a: Empoleon|spa|2
|turn|15
|
|t:|1769411171
|move|p2a: Zamazenta|Body Press|p1a: Empoleon
|-supereffective|p1a: Empoleon
|-damage|p1a: Empoleon|0 fnt
|faint|p1a: Empoleon
|
|win|pospo
|raw|sumni i's rating: 1478 &rarr; <strong>1455</strong><br />(-23 for losing)
|raw|pospo's rating: 1430 &rarr; <strong>1453</strong><br />(+23 for winning)
|l|☆sumni i
|player|p1|
|l|☆pospo
|player|p2|
