|j|☆Terrtoolllsa
|j|☆clouddaearth
|t:|1769335226
|gametype|singles
|player|p1|Terrtoolllsa|169|1077
|player|p2|clouddaearth|170|1111
|gen|9
|tier|[Gen 9] OU
|rated|
|rule|HP Percentage Mod: HP is shown in percentages
|rule|Endless Battle Clause: Forcing endless battles is banned
|rule|Species Clause: Limit one of each Pokémon
|rule|OHKO Clause: OHKO moves are banned
|rule|Evasion Items Clause: Evasion items are banned
|rule|Evasion Moves Clause: Evasion moves are banned
|rule|Evasion Abilities Clause: Evasion abilities are banned
|rule|Sleep Moves Clause: Sleep-inducing moves are banned
|clearpoke
|poke|p1|Toxapex, F|
|poke|p1|Gliscor, M|
|poke|p1|Slaking, M|
|poke|p1|Heatran, F|
|poke|p1|Great Tusk|
|poke|p1|Alomomola, F|
|poke|p2|Krookodile, M|
|poke|p2|Ribombee, F|
|poke|p2|Bellibolt, F|
|poke|p2|Dragalge, M|
|poke|p2|Sceptile, M|
|poke|p2|Indeedee, M|
|teampreview
|inactive|Battle timer is ON: inactive players will automatically lose when time's up. (requested by clouddaearth)
|
|t:|1769335234
|teamsize|p1|6
|teamsize|p2|6
|start
|switch|p1a: Slaking|Slaking, M|100/100
|switch|p2a: Bellibolt|Bellibolt, F|100/100
|turn|1
|
|t:|1769335242
|move|p1a: Slaking|Earthquake|p2a: Bellibolt
|-supereffective|p2a: Bellibolt
|-damage|p2a: Bellibolt|16/100
|move|p2a: Bellibolt|Toxic|p1a: Slaking
|-status|p1a: Slaking|tox
|
|-heal|p2a: Bellibolt|22/100|[from] item: Leftovers
|-damage|p1a: Slaking|94/100 tox|[from] psn
|upkeep
|turn|2
|
|t:|1769335259
|switch|p1a: Gliscor|Gliscor, M|100/100
|move|p2a: Bellibolt|Slack Off|p2a: Bellibolt
|-heal|p2a: Bellibolt|72/100
|
|-heal|p2a: Bellibolt|78/100|[from] item: Leftovers
|-status|p1a: Gliscor|tox|[from] item: Toxic Orb
|upkeep
|turn|3
|
|t:|1769335268
|switch|p2a: Indeedee|Indeedee, M|100/100
|-fieldstart|move: Psychic Terrain|[from] ability: Psychic Surge|[of] p2a: Indeedee
|move|p1a: Gliscor|Spikes|p2a: Indeedee
|-sidestart|p2: clouddaearth|Spikes
|
|upkeep
|turn|4
|
|t:|1769335277
|move|p2a: Indeedee|Expanding Force|p1a: Gliscor
|-damage|p1a: Gliscor|38/100 tox
|move|p1a: Gliscor|Knock Off|p2a: Indeedee
|-supereffective|p2a: Indeedee
|-damage|p2a: Indeedee|11/100
|-enditem|p2a: Indeedee|Choice Scarf|[from] move: Knock Off|[of] p1a: Gliscor
|
|-heal|p1a: Gliscor|51/100 tox|[from] ability: Poison Heal
|upkeep
|turn|5
|
|t:|1769335287
|move|p1a: Gliscor|Protect|p1a: Gliscor
|-singleturn|p1a: Gliscor|Protect
|move|p2a: Indeedee|Expanding Force|p1a: Gliscor
|-activate|p1a: Gliscor|move: Protect
|
|-heal|p1a: Gliscor|63/100 tox|[from] ability: Poison Heal
|upkeep
|turn|6
|
|t:|1769335301
|move|p2a: Indeedee|Expanding Force|p1a: Gliscor
|-damage|p1a: Gliscor|7/100 tox
|move|p1a: Gliscor|Earthquake|p2a: Indeedee
|-damage|p2a: Indeedee|0 fnt
|faint|p2a: Indeedee
|
|-heal|p1a: Gliscor|19/100 tox|[from] ability: Poison Heal
|upkeep
|
|t:|1769335305
|switch|p2a: Sceptile|Sceptile, M|100/100
|-damage|p2a: Sceptile|88/100|[from] Spikes
|-enditem|p2a: Sceptile|Psychic Seed
|-boost|p2a: Sceptile|spd|1|[from] item: Psychic Seed
|turn|7
|
|t:|1769335321
|switch|p1a: Heatran|Heatran, F|100/100
|move|p2a: Sceptile|Swords Dance|p2a: Sceptile
|-boost|p2a: Sceptile|atk|2
|
|-fieldend|move: Psychic Terrain
|upkeep
|turn|8
|
|t:|1769335330
|-terastallize|p1a: Heatran|Ghost
|move|p2a: Sceptile|Earthquake|p1a: Heatran
|-crit|p1a: Heatran
|-damage|p1a: Heatran|33/100
|move|p1a: Heatran|Lava Plume|p2a: Sceptile
|-supereffective|p2a: Sceptile
|-damage|p2a: Sceptile|22/100
|
|-heal|p1a: Heatran|40/100|[from] item: Leftovers
|upkeep
|turn|9
|
|t:|1769335341
|move|p2a: Sceptile|Acrobatics|p1a: Heatran
|-damage|p1a: Heatran|0 fnt
|faint|p1a: Heatran
|
|upkeep
|
|t:|1769335349
|switch|p1a: Toxapex|Toxapex, F|100/100
|turn|10
|
|t:|1769335355
|move|p2a: Sceptile|Earthquake|p1a: Toxapex
|-supereffective|p1a: Toxapex
|-damage|p1a: Toxapex|8/100
|move|p1a: Toxapex|Poison Jab|p2a: Sceptile
|-supereffective|p2a: Sceptile
|-damage|p2a: Sceptile|0 fnt
|faint|p2a: Sceptile
|
|-heal|p1a: Toxapex|14/100|[from] item: Leftovers
|upkeep
|
|t:|1769335365
|switch|p2a: Ribombee|Ribombee, F|100/100
|-damage|p2a: Ribombee|88/100|[from] Spikes
|turn|11
|
|t:|1769335376
|switch|p1a: Gliscor|Gliscor, M|19/100 tox
|move|p2a: Ribombee|Moonblast|p1a: Gliscor
|-damage|p1a: Gliscor|0 fnt
|faint|p1a: Gliscor
|
|upkeep
|
|t:|1769335385
|switch|p1a: Slaking|Slaking, M|94/100 tox
|turn|12
|
|t:|1769335392
|move|p2a: Ribombee|Moonblast|p1a: Slaking
|-damage|p1a: Slaking|44/100 tox
|-unboost|p1a: Slaking|spa|1
|move|p1a: Slaking|Double-Edge|p2a: Ribombee
|-damage|p2a: Ribombee|0 fnt
|faint|p2a: Ribombee
|-damage|p1a: Slaking|27/100 tox|[from] Recoil
|
|-damage|p1a: Slaking|20/100 tox|[from] psn
|upkeep
|
|t:|1769335404
|switch|p2a: Krookodile|Krookodile, M|100/100
|-damage|p2a: Krookodile|88/100|[from] Spikes
|turn|13
|
|t:|1769335410
|switch|p1a: Alomomola|Alomomola, F|100/100
|move|p2a: Krookodile|Scale Shot|p1a: Alomomola
|-damage|p1a: Alomomola|96/100
|-damage|p1a: Alomomola|92/100
|-damage|p1a: Alomomola|87/100
|-damage|p1a: Alomomola|83/100
|-damage|p1a: Alomomola|79/100
|-hitcount|p1a: Alomomola|5
|-unboost|p2a: Krookodile|def|1
|-boost|p2a: Krookodile|spe|1
|
|upkeep
|turn|14
|
|t:|1769335423
|switch|p2a: Bellibolt|Bellibolt, F|78/100
|-damage|p2a: Bellibolt|66/100|[from] Spikes
|move|p1a: Alomomola|Wish|p1a: Alomomola
|
|-heal|p2a: Bellibolt|72/100|[from] item: Leftovers
|upkeep
|turn|15
|
|t:|1769335445
|switch|p1a: Great Tusk|Great Tusk|100/100
|move|p2a: Bellibolt|Thunder|p1a: Great Tusk
|-immune|p1a: Great Tusk
|
|-heal|p2a: Bellibolt|78/100|[from] item: Leftovers
|upkeep
|turn|16
|
|t:|1769335453
|move|p1a: Great Tusk|Headlong Rush|p2a: Bellibolt
|-supereffective|p2a: Bellibolt
|-damage|p2a: Bellibolt|4/100
|-unboost|p1a: Great Tusk|def|1
|-unboost|p1a: Great Tusk|spd|1
|move|p2a: Bellibolt|Toxic|p1a: Great Tusk
|-status|p1a: Great Tusk|tox
|
|-heal|p2a: Bellibolt|10/100|[from] item: Leftovers
|-damage|p1a: Great Tusk|94/100 tox|[from] psn
|upkeep
|turn|17
|
|t:|1769335465
|move|p1a: Great Tusk|Rapid Spin|p2a: Bellibolt
|-damage|p2a: Bellibolt|0 fnt
|-boost|p1a: Great Tusk|spe|1
|faint|p2a: Bellibolt
|
|-damage|p1a: Great Tusk|82/100 tox|[from] psn
|upkeep
|
|t:|1769335471
|switch|p2a: Dragalge|Dragalge, M|100/100
|-damage|p2a: Dragalge|88/100|[from] Spikes
|turn|18
|
|t:|1769335476
|move|p1a: Great Tusk|Headlong Rush|p2a: Dragalge
|-supereffective|p2a: Dragalge
|-damage|p2a: Dragalge|0 fnt
|-unboost|p1a: Great Tusk|def|1
|-unboost|p1a: Great Tusk|spd|1
|faint|p2a: Dragalge
|
|-damage|p1a: Great Tusk|63/100 tox|[from] psn
|upkeep
|
|t:|1769335480
|switch|p2a: Krookodile|Krookodile, M|88/100
|-damage|p2a: Krookodile|76/100|[from] Spikes
|turn|19
|
|t:|1769335488
|-terastallize|p2a: Krookodile|Dragon
|move|p1a: Great Tusk|Close Combat|p2a: Krookodile
|-damage|p2a: Krookodile|0 fnt
|-unboost|p1a: Great Tusk|def|1
|-unboost|p1a: Great Tusk|spd|1
|faint|p2a: Krookodile
|
|win|Terrtoolllsa
|raw|Terrtoolllsa's rating: 1077 &rarr; <strong>1108</strong><br />(+31 for winning)
|raw|clouddaearth's rating: 1111 &rarr; <strong>1084</strong><br />(-27 for losing)
|l|☆clouddaearth
|player|p2|
|l|☆Terrtoolllsa
|player|p1|
