|j|☆Land Sea Air
|j|☆ape-tickler
|t:|1769335446
|gametype|singles
|player|p1|Land Sea Air|blue|1174
|player|p2|ape-tickler|skyla|1221
|gen|9
|tier|[Gen 9] OU
|rated|
|rule|HP Percentage Mod: HP is shown in percentages
|rule|Endless Battle Clause: Forcing endless battles is banned
|rule|Species Clause: Limit one of each Pokémon
|rule|OHKO Clause: OHKO moves are banned
|rule|Evasion Items Clause: Evasion items are banned
|rule|Evasion Moves Clause: Evasion moves are banned
|rule|Evasion Abilities Clause: Evasion abilities are banned
|rule|Sleep Moves Clause: Sleep-inducing moves are banned
|clearpoke
|poke|p1|Moltres-Galar|
|poke|p1|Gliscor, F|
|poke|p1|Volcanion|
|poke|p1|Forretress, F|
|poke|p1|Haxorus, M|
|poke|p1|Flygon, F|
|poke|p2|Samurott-Hisui, M|
|poke|p2|Iron Moth|
|poke|p2|Garchomp, M|
|poke|p2|Weezing-Galar, F|
|poke|p2|Ting-Lu|
|poke|p2|Gholdengo|
|teampreview
|inactive|Battle timer is ON: inactive players will automatically lose when time's up. (requested by Land Sea Air)
|
|t:|1769335453
|teamsize|p1|6
|teamsize|p2|6
|start
|switch|p1a: Avatar Kyoshi|Flygon, F, shiny|100/100
|switch|p2a: Samurott|Samurott-Hisui, M|100/100
|turn|1
|
|t:|1769335463
|move|p1a: Avatar Kyoshi|U-turn|p2a: Samurott
|-supereffective|p2a: Samurott
|-damage|p2a: Samurott|42/100
|
|t:|1769335468
|switch|p1a: Cao Ren|Forretress, F, shiny|100/100|[from] U-turn
|move|p2a: Samurott|Ceaseless Edge|p1a: Cao Ren
|-damage|p1a: Cao Ren|67/100
|-damage|p2a: Samurott|25/100|[from] item: Rocky Helmet|[of] p1a: Cao Ren
|-sidestart|p1: Land Sea Air|Spikes
|
|upkeep
|turn|2
|
|t:|1769335480
|switch|p2a: Iron Moth|Iron Moth|100/100
|-enditem|p2a: Iron Moth|Booster Energy
|-activate|p2a: Iron Moth|ability: Quark Drive|[fromitem]
|-start|p2a: Iron Moth|quarkdrivespa
|move|p1a: Cao Ren|Rapid Spin|p2a: Iron Moth
|-damage|p2a: Iron Moth|79/100
|-boost|p1a: Cao Ren|spe|1
|-sideend|p1: Land Sea Air|Spikes|[from] move: Rapid Spin|[of] p1a: Cao Ren
|
|upkeep
|turn|3
|
|t:|1769335491
|switch|p1a: Dai Funka|Volcanion|100/100
|move|p2a: Iron Moth|Agility|p2a: Iron Moth
|-boost|p2a: Iron Moth|spe|2
|
|upkeep
|turn|4
|
|t:|1769335502
|move|p2a: Iron Moth|Energy Ball|p1a: Dai Funka
|-damage|p1a: Dai Funka|57/100
|move|p1a: Dai Funka|Steam Eruption|p2a: Iron Moth
|-supereffective|p2a: Iron Moth
|-damage|p2a: Iron Moth|0 fnt
|faint|p2a: Iron Moth
|-end|p2a: Iron Moth|Quark Drive|[silent]
|
|upkeep
|
|t:|1769335516
|switch|p2a: Ting-Lu|Ting-Lu|100/100
|-ability|p2a: Ting-Lu|Vessel of Ruin
|turn|5
|
|t:|1769335522
|move|p1a: Dai Funka|Steam Eruption|p2a: Ting-Lu
|-supereffective|p2a: Ting-Lu
|-damage|p2a: Ting-Lu|25/100
|-status|p2a: Ting-Lu|brn
|move|p2a: Ting-Lu|Earthquake|p1a: Dai Funka
|-supereffective|p1a: Dai Funka
|-damage|p1a: Dai Funka|24/100
|
|-heal|p2a: Ting-Lu|32/100 brn|[from] item: Leftovers
|-damage|p2a: Ting-Lu|25/100 brn|[from] brn
|upkeep
|turn|6
|
|t:|1769335539
|switch|p1a: Scornful Susie|Gliscor, F|100/100
|switch|p2a: Gholdengo|Gholdengo|100/100
|
|-status|p1a: Scornful Susie|tox|[from] item: Toxic Orb
|upkeep
|turn|7
|
|t:|1769335555
|move|p2a: Gholdengo|Shadow Ball|p1a: Scornful Susie
|-damage|p1a: Scornful Susie|42/100 tox
|move|p1a: Scornful Susie|Earthquake|p2a: Gholdengo
|-supereffective|p2a: Gholdengo
|-damage|p2a: Gholdengo|7/100
|
|-heal|p1a: Scornful Susie|55/100 tox|[from] ability: Poison Heal
|upkeep
|turn|8
|
|t:|1769335568
|switch|p1a: Death-Rite Bird|Moltres-Galar|100/100
|move|p2a: Gholdengo|Shadow Ball|p1a: Death-Rite Bird
|-resisted|p1a: Death-Rite Bird
|-damage|p1a: Death-Rite Bird|84/100
|
|upkeep
|turn|9
|
|t:|1769335580
|switch|p2a: Weezing|Weezing-Galar, F, shiny|100/100
|move|p1a: Death-Rite Bird|Agility|p1a: Death-Rite Bird
|-boost|p1a: Death-Rite Bird|spe|2
|
|upkeep
|turn|10
|
|t:|1769335604
|move|p1a: Death-Rite Bird|Air Slash|p2a: Weezing
|-damage|p2a: Weezing|51/100
|move|p2a: Weezing|Strange Steam|p1a: Death-Rite Bird
|-supereffective|p1a: Death-Rite Bird
|-damage|p1a: Death-Rite Bird|18/100
|-ability|p1a: Death-Rite Bird|Berserk|boost
|-boost|p1a: Death-Rite Bird|spa|1
|
|-heal|p2a: Weezing|57/100|[from] item: Black Sludge
|upkeep
|turn|11
|
|t:|1769335619
|move|p1a: Death-Rite Bird|Air Slash|p2a: Weezing
|-damage|p2a: Weezing|0 fnt
|faint|p2a: Weezing
|
|upkeep
|
|t:|1769335624
|switch|p2a: Samurott|Samurott-Hisui, M|25/100
|turn|12
|
|t:|1769335638
|move|p2a: Samurott|Aqua Jet|p1a: Death-Rite Bird
|-damage|p1a: Death-Rite Bird|0 fnt
|faint|p1a: Death-Rite Bird
|
|upkeep
|
|t:|1769335649
|switch|p1a: Cao Ren|Forretress, F, shiny|67/100
|turn|13
|inactive|Land Sea Air has 120 seconds left.
|
|t:|1769335665
|switch|p2a: Garchomp|Garchomp, M|100/100
|move|p1a: Cao Ren|Spikes|p2a: Garchomp
|-sidestart|p2: ape-tickler|Spikes
|
|upkeep
|turn|14
|
|t:|1769335672
|move|p2a: Garchomp|Swords Dance|p2a: Garchomp
|-boost|p2a: Garchomp|atk|2
|move|p1a: Cao Ren|Spikes|p2a: Garchomp
|-sidestart|p2: ape-tickler|Spikes
|
|upkeep
|turn|15
|
|t:|1769335684
|move|p2a: Garchomp|Earthquake|p1a: Cao Ren
|-damage|p1a: Cao Ren|3/100
|move|p1a: Cao Ren|Spikes|p2a: Garchomp
|-sidestart|p2: ape-tickler|Spikes
|
|upkeep
|turn|16
|
|t:|1769335697
|switch|p1a: Scornful Susie|Gliscor, F|55/100 tox
|move|p2a: Garchomp|Scale Shot|p1a: Scornful Susie
|-damage|p1a: Scornful Susie|25/100 tox
|-damage|p1a: Scornful Susie|0 fnt
|faint|p1a: Scornful Susie
|-hitcount|p1: Scornful Susie|2
|-unboost|p2a: Garchomp|def|1
|-boost|p2a: Garchomp|spe|1
|
|upkeep
|inactive|Land Sea Air has 120 seconds left.
|
|t:|1769335708
|switch|p1a: Avatar Kyoshi|Flygon, F, shiny|100/100
|turn|17
|
|t:|1769335714
|move|p1a: Avatar Kyoshi|Outrage|p2a: Garchomp
|-supereffective|p2a: Garchomp
|-damage|p2a: Garchomp|0 fnt
|-damage|p1a: Avatar Kyoshi|88/100|[from] ability: Rough Skin|[of] p2a: Garchomp
|-damage|p1a: Avatar Kyoshi|72/100|[from] item: Rocky Helmet|[of] p2a: Garchomp
|faint|p2a: Garchomp
|
|upkeep
|
|t:|1769335727
|switch|p2a: Samurott|Samurott-Hisui, M|25/100
|-damage|p2a: Samurott|0 fnt|[from] Spikes
|faint|p2a: Samurott
|
|t:|1769335731
|switch|p2a: Gholdengo|Gholdengo|7/100
|-damage|p2a: Gholdengo|0 fnt|[from] Spikes
|faint|p2a: Gholdengo
|
|t:|1769335733
|switch|p2a: Ting-Lu|Ting-Lu|25/100 brn
|-damage|p2a: Ting-Lu|0 fnt|[from] Spikes
|faint|p2a: Ting-Lu
|
|win|Land Sea Air
|raw|Land Sea Air's rating: 1174 &rarr; <strong>1202</strong><br />(+28 for winning)
|raw|ape-tickler's rating: 1221 &rarr; <strong>1193</strong><br />(-28 for losing)
|l|☆ape-tickler
|player|p2|
|c|☆Land Sea Air|gg
|l|☆Land Sea Air
|player|p1|
