|j|☆scrappyflamigo
|j|☆Maxicozie
|t:|1769372039
|gametype|singles
|player|p1|scrappyflamigo|diantha|1579
|player|p2|Maxicozie|n|1571
|gen|9
|tier|[Gen 9] OU
|rated|
|rule|HP Percentage Mod: HP is shown in percentages
|rule|Endless Battle Clause: Forcing endless battles is banned
|rule|Species Clause: Limit one of each Pokémon
|rule|OHKO Clause: OHKO moves are banned
|rule|Evasion Items Clause: Evasion items are banned
|rule|Evasion Moves Clause: Evasion moves are banned
|rule|Evasion Abilities Clause: Evasion abilities are banned
|rule|Sleep Moves Clause: Sleep-inducing moves are banned
|clearpoke
|poke|p1|Great Tusk|
|poke|p1|Pecharunt|
|poke|p1|Iron Valiant|
|poke|p1|Iron Crown|
|poke|p1|Samurott-Hisui, M|
|poke|p1|Dragonite, M|
|poke|p2|Toucannon, F|
|poke|p2|Dragonite, F|
|poke|p2|Zamazenta-*|
|poke|p2|Iron Treads|
|poke|p2|Zapdos|
|poke|p2|Primarina, M|
|teampreview
|inactive|Battle timer is ON: inactive players will automatically lose when time's up. (requested by Maxicozie)
|inactive|scrappyflamigo has 120 seconds left.
|inactive|scrappyflamigo has 90 seconds left.
|inactive|scrappyflamigo has 60 seconds left.
|inactive|scrappyflamigo has 30 seconds left.
|inactive|scrappyflamigo has 20 seconds left.
|inactive|scrappyflamigo has 15 seconds left.
|inactive|scrappyflamigo has 10 seconds left.
|inactive|scrappyflamigo has 5 seconds left.
|
|t:|1769372186
|teamsize|p1|6
|teamsize|p2|6
|start
|switch|p1a: Great Tusk|Great Tusk|100/100
|switch|p2a: Toucannon|Toucannon, F|100/100
|turn|1
|inactive|scrappyflamigo has 60 seconds left.
|inactive|Maxicozie has 120 seconds left.
|inactive|Maxicozie has 90 seconds left.
|inactive|Maxicozie has 60 seconds left.
|inactive|Maxicozie has 30 seconds left.
|inactive|Maxicozie has 20 seconds left.
|inactive|Maxicozie has 15 seconds left.
|
|t:|1769372321
|-end|p1a: Great Tusk|Protosynthesis|[silent]
|switch|p1a: Pecharunt|Pecharunt|100/100
|-singleturn|p2a: Toucannon|move: Beak Blast
|move|p2a: Toucannon|Beak Blast|p1a: Pecharunt
|-damage|p1a: Pecharunt|76/100
|
|upkeep
|turn|2
|inactive|Maxicozie has 25 seconds left this turn.
|
|t:|1769372334
|switch|p2a: Iron Treads|Iron Treads|100/100
|-item|p2a: Iron Treads|Air Balloon
|move|p1a: Pecharunt|Parting Shot|p2a: Iron Treads
|-unboost|p2a: Iron Treads|atk|1
|-unboost|p2a: Iron Treads|spa|1
|inactive|scrappyflamigo has 30 seconds left.
|
|t:|1769372364
|switch|p1a: Samurott|Samurott-Hisui, M, shiny|100/100|[from] Parting Shot
|
|upkeep
|turn|3
|inactive|scrappyflamigo has 30 seconds left.
|inactive|Maxicozie has 30 seconds left.
|inactive|scrappyflamigo has 20 seconds left.
|inactive|Maxicozie has 20 seconds left.
|inactive|Maxicozie has 15 seconds left.
|
|t:|1769372391
|-end|p2a: Iron Treads|Quark Drive|[silent]
|switch|p2a: Primarina|Primarina, M|100/100
|move|p1a: Samurott|Ceaseless Edge|p2a: Primarina
|-resisted|p2a: Primarina
|-damage|p2a: Primarina|67/100
|-sidestart|p2: Maxicozie|Spikes
|
|upkeep
|turn|4
|inactive|scrappyflamigo has 30 seconds left this turn.
|inactive|Maxicozie has 25 seconds left this turn.
|inactive|scrappyflamigo has 20 seconds left.
|
|t:|1769372404
|move|p1a: Samurott|Flip Turn|p2a: Primarina
|-resisted|p2a: Primarina
|-damage|p2a: Primarina|51/100
|inactive|scrappyflamigo has 25 seconds left this turn.
|inactive|scrappyflamigo has 20 seconds left.
|
|t:|1769372410
|switch|p1a: Iron Crown|Iron Crown|100/100|[from] Flip Turn
|move|p2a: Primarina|Moonblast|p1a: Iron Crown
|-resisted|p1a: Iron Crown
|-damage|p1a: Iron Crown|83/100
|
|upkeep
|turn|5
|inactive|scrappyflamigo has 30 seconds left this turn.
|inactive|Maxicozie has 30 seconds left.
|inactive|Maxicozie has 20 seconds left.
|
|t:|1769372432
|switch|p2a: Zapdos|Zapdos|100/100
|move|p1a: Iron Crown|Volt Switch|p2a: Zapdos
|-damage|p2a: Zapdos|73/100
|inactive|scrappyflamigo has 30 seconds left this turn.
|inactive|scrappyflamigo has 20 seconds left.
|inactive|scrappyflamigo has 15 seconds left.
|inactive|scrappyflamigo has 10 seconds left.
|inactive|scrappyflamigo has 5 seconds left.
|
|t:|1769372459
|-end|p1a: Iron Crown|Quark Drive|[silent]
|switch|p1a: Iron Valiant|Iron Valiant, shiny|100/100|[from] Volt Switch
|
|upkeep
|turn|6
|inactive|scrappyflamigo has 15 seconds left this turn.
|inactive|scrappyflamigo has 10 seconds left.
|
|t:|1769372464
|move|p1a: Iron Valiant|Moonblast|p2a: Zapdos
|-damage|p2a: Zapdos|0 fnt
|faint|p2a: Zapdos
|
|upkeep
|
|t:|1769372468
|switch|p2a: Iron Treads|Iron Treads|100/100
|-item|p2a: Iron Treads|Air Balloon
|turn|7
|inactive|scrappyflamigo has 25 seconds left this turn.
|inactive|scrappyflamigo has 20 seconds left.
|inactive|scrappyflamigo has 15 seconds left.
|
|t:|1769372481
|-end|p1a: Iron Valiant|Quark Drive|[silent]
|switch|p1a: Great Tusk|Great Tusk|100/100
|move|p2a: Iron Treads|Knock Off|p1a: Great Tusk
|-resisted|p1a: Great Tusk
|-crit|p1a: Great Tusk
|-damage|p1a: Great Tusk|85/100
|-enditem|p1a: Great Tusk|Heavy-Duty Boots|[from] move: Knock Off|[of] p2a: Iron Treads
|
|upkeep
|turn|8
|inactive|scrappyflamigo has 25 seconds left this turn.
|inactive|scrappyflamigo has 20 seconds left.
|
|t:|1769372494
|-end|p2a: Iron Treads|Quark Drive|[silent]
|switch|p2a: Primarina|Primarina, M|51/100
|-damage|p2a: Primarina|38/100|[from] Spikes
|move|p1a: Great Tusk|Rapid Spin|p2a: Primarina
|-damage|p2a: Primarina|16/100
|-boost|p1a: Great Tusk|spe|1
|
|upkeep
|turn|9
|inactive|scrappyflamigo has 30 seconds left this turn.
|inactive|scrappyflamigo has 20 seconds left.
|inactive|scrappyflamigo has 15 seconds left.
|inactive|scrappyflamigo has 10 seconds left.
|inactive|scrappyflamigo has 5 seconds left.
|
|t:|1769372520
|move|p1a: Great Tusk|Ice Spinner|p2a: Primarina
|-resisted|p2a: Primarina
|-damage|p2a: Primarina|0 fnt
|faint|p2a: Primarina
|
|upkeep
|inactive|Maxicozie has 60 seconds left.
|
|t:|1769372527
|switch|p2a: Toucannon|Toucannon, F|100/100
|turn|10
|inactive|scrappyflamigo has 20 seconds left this turn.
|inactive|scrappyflamigo has 15 seconds left.
|
|t:|1769372533
|-end|p1a: Great Tusk|Protosynthesis|[silent]
|switch|p1a: Pecharunt|Pecharunt|76/100
|-singleturn|p2a: Toucannon|move: Beak Blast
|move|p2a: Toucannon|Beak Blast|p1a: Pecharunt
|-crit|p1a: Pecharunt
|-damage|p1a: Pecharunt|36/100
|
|upkeep
|turn|11
|inactive|scrappyflamigo has 25 seconds left this turn.
|inactive|scrappyflamigo has 20 seconds left.
|
|t:|1769372539
|move|p1a: Pecharunt|Recover|p1a: Pecharunt
|-heal|p1a: Pecharunt|86/100
|move|p2a: Toucannon|Knock Off|p1a: Pecharunt
|-supereffective|p1a: Pecharunt
|-damage|p1a: Pecharunt|53/100
|-damage|p2a: Toucannon|84/100|[from] item: Rocky Helmet|[of] p1a: Pecharunt
|-enditem|p1a: Pecharunt|Rocky Helmet|[from] move: Knock Off|[of] p2a: Toucannon
|
|upkeep
|turn|12
|inactive|scrappyflamigo has 30 seconds left this turn.
|
|t:|1769372546
|switch|p2a: Iron Treads|Iron Treads|100/100
|-item|p2a: Iron Treads|Air Balloon
|move|p1a: Pecharunt|Recover|p1a: Pecharunt
|-heal|p1a: Pecharunt|100/100
|
|upkeep
|turn|13
|inactive|scrappyflamigo has 30 seconds left.
|
|t:|1769372565
|switch|p1a: Great Tusk|Great Tusk|85/100
|move|p2a: Iron Treads|Earthquake|p1a: Great Tusk
|-damage|p1a: Great Tusk|51/100
|
|upkeep
|turn|14
|inactive|scrappyflamigo has 30 seconds left.
|
|t:|1769372574
|-terastallize|p2a: Iron Treads|Flying
|move|p2a: Iron Treads|Earthquake|p1a: Great Tusk
|-damage|p1a: Great Tusk|17/100
|move|p1a: Great Tusk|Rapid Spin|p2a: Iron Treads
|-damage|p2a: Iron Treads|85/100
|-boost|p1a: Great Tusk|spe|1
|-enditem|p2a: Iron Treads|Air Balloon
|
|upkeep
|turn|15
|
|t:|1769372583
|move|p1a: Great Tusk|Ice Spinner|p2a: Iron Treads
|-supereffective|p2a: Iron Treads
|-damage|p2a: Iron Treads|37/100
|move|p2a: Iron Treads|Rapid Spin|p1a: Great Tusk
|-damage|p1a: Great Tusk|5/100
|-boost|p2a: Iron Treads|spe|1
|-sideend|p2: Maxicozie|Spikes|[from] move: Rapid Spin|[of] p2a: Iron Treads
|
|upkeep
|turn|16
|
|t:|1769372590
|move|p2a: Iron Treads|Knock Off|p1a: Great Tusk
|-resisted|p1a: Great Tusk
|-damage|p1a: Great Tusk|0 fnt
|faint|p1a: Great Tusk
|-end|p1a: Great Tusk|Protosynthesis|[silent]
|
|upkeep
|
|t:|1769372594
|switch|p1a: Samurott|Samurott-Hisui, M, shiny|100/100
|turn|17
|
|t:|1769372599
|move|p2a: Iron Treads|Earthquake|p1a: Samurott
|-damage|p1a: Samurott|43/100
|move|p1a: Samurott|Ceaseless Edge|p2a: Iron Treads
|-damage|p2a: Iron Treads|0 fnt
|-sidestart|p2: Maxicozie|Spikes
|faint|p2a: Iron Treads
|-end|p2a: Iron Treads|Quark Drive|[silent]
|
|upkeep
|
|t:|1769372606
|switch|p2a: Dragonite|Dragonite, F|100/100
|turn|18
|inactive|scrappyflamigo has 60 seconds left.
|
|t:|1769372615
|move|p1a: Samurott|Knock Off|p2a: Dragonite
|-damage|p2a: Dragonite|69/100
|-enditem|p2a: Dragonite|Loaded Dice|[from] move: Knock Off|[of] p1a: Samurott
|move|p2a: Dragonite|Dragon Dance|p2a: Dragonite
|-boost|p2a: Dragonite|atk|1
|-boost|p2a: Dragonite|spe|1
|
|upkeep
|turn|19
|inactive|scrappyflamigo has 60 seconds left.
|
|t:|1769372631
|move|p2a: Dragonite|Scale Shot|p1a: Samurott
|-damage|p1a: Samurott|13/100
|-damage|p1a: Samurott|0 fnt
|faint|p1a: Samurott
|-hitcount|p1: Samurott|2
|-unboost|p2a: Dragonite|def|1
|-boost|p2a: Dragonite|spe|1
|
|upkeep
|
|t:|1769372659
|switch|p1a: Pecharunt|Pecharunt|100/100
|turn|20
|
|t:|1769372662
|move|p2a: Dragonite|Scale Shot|p1a: Pecharunt
|-damage|p1a: Pecharunt|89/100
|-damage|p1a: Pecharunt|80/100
|-damage|p1a: Pecharunt|69/100
|-hitcount|p1a: Pecharunt|3
|-unboost|p2a: Dragonite|def|1
|-boost|p2a: Dragonite|spe|1
|move|p1a: Pecharunt|Malignant Chain|p2a: Dragonite
|-damage|p2a: Dragonite|34/100
|
|upkeep
|turn|21
|
|t:|1769372668
|move|p2a: Dragonite|Scale Shot|p1a: Pecharunt
|-damage|p1a: Pecharunt|58/100
|-damage|p1a: Pecharunt|48/100
|-hitcount|p1a: Pecharunt|2
|-unboost|p2a: Dragonite|def|1
|-boost|p2a: Dragonite|spe|1
|move|p1a: Pecharunt|Malignant Chain|p2a: Dragonite
|-damage|p2a: Dragonite|1/100
|
|upkeep
|turn|22
|
|t:|1769372674
|move|p2a: Dragonite|Scale Shot|p1a: Pecharunt
|-damage|p1a: Pecharunt|38/100
|-damage|p1a: Pecharunt|28/100
|-hitcount|p1a: Pecharunt|2
|-unboost|p2a: Dragonite|def|1
|-boost|p2a: Dragonite|spe|1
|move|p1a: Pecharunt|Recover|p1a: Pecharunt
|-heal|p1a: Pecharunt|79/100
|
|upkeep
|turn|23
|
|t:|1769372679
|move|p2a: Dragonite|Scale Shot|p1a: Pecharunt
|-crit|p1a: Pecharunt
|-damage|p1a: Pecharunt|64/100
|-damage|p1a: Pecharunt|54/100
|-damage|p1a: Pecharunt|43/100
|-damage|p1a: Pecharunt|32/100
|-damage|p1a: Pecharunt|21/100
|-hitcount|p1a: Pecharunt|5
|-unboost|p2a: Dragonite|def|1
|-boost|p2a: Dragonite|spe|1
|move|p1a: Pecharunt|Recover|p1a: Pecharunt
|-heal|p1a: Pecharunt|71/100
|
|upkeep
|turn|24
|
|t:|1769372691
|move|p2a: Dragonite|Scale Shot|p1a: Pecharunt
|-damage|p1a: Pecharunt|60/100
|-damage|p1a: Pecharunt|50/100
|-damage|p1a: Pecharunt|40/100
|-hitcount|p1a: Pecharunt|3
|-unboost|p2a: Dragonite|def|1
|move|p1a: Pecharunt|Recover|p1a: Pecharunt
|-heal|p1a: Pecharunt|90/100
|
|upkeep
|turn|25
|
|t:|1769372697
|move|p2a: Dragonite|Scale Shot|p1a: Pecharunt
|-damage|p1a: Pecharunt|79/100
|-damage|p1a: Pecharunt|69/100
|-hitcount|p1a: Pecharunt|2
|move|p1a: Pecharunt|Malignant Chain|p2a: Dragonite
|-damage|p2a: Dragonite|0 fnt
|faint|p2a: Dragonite
|
|upkeep
|
|t:|1769372700
|switch|p2a: Zamazenta|Zamazenta|100/100
|-damage|p2a: Zamazenta|88/100|[from] Spikes
|-ability|p2a: Zamazenta|Dauntless Shield|boost
|-boost|p2a: Zamazenta|def|1
|turn|26
|
|t:|1769372717
|move|p2a: Zamazenta|Psychic Fangs|p1a: Pecharunt
|-supereffective|p1a: Pecharunt
|-damage|p1a: Pecharunt|32/100
|move|p1a: Pecharunt|Recover|p1a: Pecharunt
|-heal|p1a: Pecharunt|82/100
|
|upkeep
|turn|27
|
|t:|1769372726
|switch|p1a: Iron Crown|Iron Crown|83/100
|move|p2a: Zamazenta|Psychic Fangs|p1a: Iron Crown
|-resisted|p1a: Iron Crown
|-damage|p1a: Iron Crown|72/100
|
|upkeep
|turn|28
|
|t:|1769372735
|switch|p2a: Toucannon|Toucannon, F|84/100
|move|p1a: Iron Crown|Psychic Noise|p2a: Toucannon
|-damage|p2a: Toucannon|56/100
|-start|p2a: Toucannon|move: Heal Block
|
|upkeep
|turn|29
|inactive|scrappyflamigo has 90 seconds left.
|
|t:|1769372745
|move|p1a: Iron Crown|Volt Switch|p2a: Toucannon
|-supereffective|p2a: Toucannon
|-damage|p2a: Toucannon|16/100
|
|t:|1769372749
|-end|p1a: Iron Crown|Quark Drive|[silent]
|switch|p1a: Pecharunt|Pecharunt|82/100|[from] Volt Switch
|move|p2a: Toucannon|Knock Off|p1a: Pecharunt
|-supereffective|p1a: Pecharunt
|-damage|p1a: Pecharunt|61/100
|
|-end|p2a: Toucannon|move: Heal Block
|upkeep
|turn|30
|
|t:|1769372754
|move|p1a: Pecharunt|Malignant Chain|p2a: Toucannon
|-damage|p2a: Toucannon|0 fnt
|faint|p2a: Toucannon
|
|upkeep
|-message|Maxicozie forfeited.
|
|win|scrappyflamigo
|raw|scrappyflamigo's rating: 1579 &rarr; <strong>1599</strong><br />(+20 for winning)
|raw|Maxicozie's rating: 1571 &rarr; <strong>1551</strong><br />(-20 for losing)
|l|☆Maxicozie
|player|p2|
