|j|☆SkylarQuantity
|j|☆kuraiyagare
|t:|1769381913
|gametype|singles
|player|p1|SkylarQuantity|flannery|1374
|player|p2|kuraiyagare|mars|1338
|gen|9
|tier|[Gen 9] OU
|rated|
|rule|HP Percentage Mod: HP is shown in percentages
|rule|Endless Battle Clause: Forcing endless battles is banned
|rule|Species Clause: Limit one of each Pokémon
|rule|OHKO Clause: OHKO moves are banned
|rule|Evasion Items Clause: Evasion items are banned
|rule|Evasion Moves Clause: Evasion moves are banned
|rule|Evasion Abilities Clause: Evasion abilities are banned
|rule|Sleep Moves Clause: Sleep-inducing moves are banned
|clearpoke
|poke|p1|Tornadus-Therian, M|
|poke|p1|Hatterene, F|
|poke|p1|Cinderace, F|
|poke|p1|Kingambit, F|
|poke|p1|Zamazenta-*|
|poke|p1|Iron Treads|
|poke|p2|Bastiodon, M|
|poke|p2|Gardevoir, F|
|poke|p2|Talonflame, F|
|poke|p2|Drifblim, M|
|poke|p2|Gyarados, F|
|poke|p2|Houndoom, M|
|teampreview
|
|t:|1769381932
|teamsize|p1|6
|teamsize|p2|6
|start
|switch|p1a: Tread Lightly|Iron Treads|100/100
|switch|p2a: ue shita|Gyarados, F|100/100
|turn|1
|inactive|Battle timer is ON: inactive players will automatically lose when time's up. (requested by kuraiyagare)
|
|t:|1769381945
|move|p2a: ue shita|Dragon Dance|p2a: ue shita
|-boost|p2a: ue shita|atk|1
|-boost|p2a: ue shita|spe|1
|move|p1a: Tread Lightly|Stealth Rock|p2a: ue shita
|-sidestart|p2: kuraiyagare|move: Stealth Rock
|
|upkeep
|turn|2
|
|t:|1769381956
|-end|p1a: Tread Lightly|Quark Drive|[silent]
|switch|p1a: Cool Hat!|Hatterene, F|100/100
|move|p2a: ue shita|Dragon Dance|p2a: ue shita
|-boost|p2a: ue shita|atk|1
|-boost|p2a: ue shita|spe|1
|
|upkeep
|turn|3
|
|t:|1769381962
|-terastallize|p2a: ue shita|Ground
|move|p2a: ue shita|Earthquake|p1a: Cool Hat!
|-damage|p1a: Cool Hat!|1/100
|move|p1a: Cool Hat!|Nuzzle|p2a: ue shita
|-immune|p2a: ue shita
|
|upkeep
|turn|4
|
|t:|1769381972
|move|p2a: ue shita|Waterfall|p1a: Cool Hat!
|-damage|p1a: Cool Hat!|0 fnt
|-damage|p2a: ue shita|84/100|[from] item: Rocky Helmet|[of] p1a: Cool Hat!
|faint|p1a: Cool Hat!
|-ability|p2a: ue shita|Moxie|boost
|-boost|p2a: ue shita|atk|1
|
|-heal|p2a: ue shita|90/100|[from] item: Leftovers
|upkeep
|
|t:|1769381980
|switch|p1a: this is a dog|Zamazenta|100/100
|-ability|p1a: this is a dog|Dauntless Shield|boost
|-boost|p1a: this is a dog|def|1
|turn|5
|
|t:|1769381984
|move|p2a: ue shita|Waterfall|p1a: this is a dog
|-damage|p1a: this is a dog|48/100
|move|p1a: this is a dog|Roar|p2a: ue shita
|drag|p2a: Bastiodon|Bastiodon, M|100/100
|-damage|p2a: Bastiodon|94/100|[from] Stealth Rock
|
|upkeep
|turn|6
|
|t:|1769381994
|move|p1a: this is a dog|Iron Defense|p1a: this is a dog
|-boost|p1a: this is a dog|def|2
|move|p2a: Bastiodon|Roar|p1a: this is a dog
|drag|p1a: Is this a bird????|Tornadus-Therian, M|100/100
|
|upkeep
|turn|7
|inactive|SkylarQuantity has 120 seconds left.
|
|t:|1769382045
|move|p1a: Is this a bird????|Nasty Plot|p1a: Is this a bird????
|-boost|p1a: Is this a bird????|spa|2
|move|p2a: Bastiodon|Stealth Rock|p1a: Is this a bird????
|-sidestart|p1: SkylarQuantity|move: Stealth Rock
|
|upkeep
|turn|8
|
|t:|1769382063
|move|p1a: Is this a bird????|Grass Knot|p2a: Bastiodon
|-damage|p2a: Bastiodon|29/100
|-damage|p1a: Is this a bird????|91/100|[from] item: Life Orb
|move|p2a: Bastiodon|Roar|p1a: Is this a bird????
|drag|p1a: FURRY BAIT.|Cinderace, F|100/100
|
|upkeep
|turn|9
|
|t:|1769382081
|move|p1a: FURRY BAIT.|Pyro Ball|p2a: Bastiodon
|-crit|p2a: Bastiodon
|-damage|p2a: Bastiodon|0 fnt
|faint|p2a: Bastiodon
|
|upkeep
|inactive|kuraiyagare has 120 seconds left.
|
|t:|1769382124
|switch|p2a: Vatra|Talonflame, F|100/100
|turn|10
|
|t:|1769382137
|move|p2a: Vatra|Defog|p1a: FURRY BAIT.
|-unboost|p1a: FURRY BAIT.|evasion|1
|-sideend|p1: SkylarQuantity|Stealth Rock|[from] move: Defog|[of] p2a: Vatra
|-sideend|p2: kuraiyagare|Stealth Rock|[from] move: Defog|[of] p2a: Vatra
|move|p1a: FURRY BAIT.|U-turn|p2a: Vatra
|-start|p1a: FURRY BAIT.|typechange|Bug|[from] ability: Libero
|-resisted|p2a: Vatra
|-damage|p2a: Vatra|87/100
|
|t:|1769382148
|switch|p1a: Is this a bird????|Tornadus-Therian, M|100/100|[from] U-turn
|
|upkeep
|turn|11
|
|t:|1769382161
|move|p2a: Vatra|Flare Blitz|p1a: Is this a bird????
|-damage|p1a: Is this a bird????|40/100
|-damage|p2a: Vatra|66/100|[from] Recoil
|move|p1a: Is this a bird????|Bleakwind Storm|p2a: Vatra
|-damage|p2a: Vatra|0 fnt
|faint|p2a: Vatra
|-damage|p1a: Is this a bird????|30/100|[from] item: Life Orb
|
|upkeep
|inactive|kuraiyagare has 120 seconds left.
|
|t:|1769382172
|switch|p2a: motto sukunai|Houndoom, M|100/100
|turn|12
|inactive|SkylarQuantity has 120 seconds left.
|
|t:|1769382192
|switch|p1a: this is a dog|Zamazenta|48/100
|move|p2a: motto sukunai|Flame Charge|p1a: this is a dog
|-damage|p1a: this is a dog|37/100
|-boost|p2a: motto sukunai|spe|1
|
|upkeep
|turn|13
|
|t:|1769382203
|switch|p2a: drifflim|Drifblim, M|100/100
|move|p1a: this is a dog|Body Press|p2a: drifflim
|-immune|p2a: drifflim
|
|upkeep
|turn|14
|
|t:|1769382214
|switch|p1a: Is this a bird????|Tornadus-Therian, M|63/100
|move|p2a: drifflim|Calm Mind|p2a: drifflim
|-boost|p2a: drifflim|spa|1
|-boost|p2a: drifflim|spd|1
|
|upkeep
|turn|15
|
|t:|1769382222
|move|p1a: Is this a bird????|Nasty Plot|p1a: Is this a bird????
|-boost|p1a: Is this a bird????|spa|2
|move|p2a: drifflim|Thunderbolt|p1a: Is this a bird????
|-supereffective|p1a: Is this a bird????
|-damage|p1a: Is this a bird????|0 fnt
|faint|p1a: Is this a bird????
|
|upkeep
|
|t:|1769382240
|switch|p1a: Shah Mat|Kingambit, F|100/100
|-activate|p1a: Shah Mat|ability: Supreme Overlord
|-start|p1a: Shah Mat|fallen2|[silent]
|turn|16
|inactive|kuraiyagare has 120 seconds left.
|
|t:|1769382300
|switch|p2a: motto sukunai|Houndoom, M|100/100
|move|p1a: Shah Mat|Kowtow Cleave|p2a: motto sukunai
|-resisted|p2a: motto sukunai
|-damage|p2a: motto sukunai|12/100
|
|upkeep
|turn|17
|inactive|SkylarQuantity has 120 seconds left.
|
|t:|1769382322
|move|p1a: Shah Mat|Sucker Punch||[still]
|-fail|p1a: Shah Mat
|move|p2a: motto sukunai|Destiny Bond|p2a: motto sukunai
|-singlemove|p2a: motto sukunai|Destiny Bond
|
|upkeep
|turn|18
|inactive|kuraiyagare has 90 seconds left.
|
|t:|1769382349
|-end|p1a: Shah Mat|fallen2|[silent]
|switch|p1a: this is a dog|Zamazenta|37/100
|move|p2a: motto sukunai|Counter||[still]
|-fail|p2a: motto sukunai
|
|upkeep
|turn|19
|
|t:|1769382358
|move|p1a: this is a dog|Body Press|p2a: motto sukunai
|-supereffective|p2a: motto sukunai
|-damage|p2a: motto sukunai|0 fnt
|faint|p2a: motto sukunai
|
|upkeep
|
|t:|1769382367
|switch|p2a: drifflim|Drifblim, M|100/100
|turn|20
|
|t:|1769382372
|move|p2a: drifflim|Shadow Ball|p1a: this is a dog
|-crit|p1a: this is a dog
|-damage|p1a: this is a dog|0 fnt
|faint|p1a: this is a dog
|
|upkeep
|inactive|SkylarQuantity has 120 seconds left.
|
|t:|1769382402
|switch|p1a: Shah Mat|Kingambit, F|100/100
|-activate|p1a: Shah Mat|ability: Supreme Overlord
|-start|p1a: Shah Mat|fallen3|[silent]
|turn|21
|inactive|kuraiyagare has 120 seconds left.
|
|t:|1769382418
|switch|p2a: Gardenia|Gardevoir, F|100/100
|-ability|p2a: Gardenia|Supreme Overlord|Trace|[from] ability: Trace|[of] p1a: Shah Mat
|-activate|p2a: Gardenia|ability: Supreme Overlord
|-start|p2a: Gardenia|fallen3|[silent]
|move|p1a: Shah Mat|Swords Dance|p1a: Shah Mat
|-boost|p1a: Shah Mat|atk|2
|
|upkeep
|turn|22
|inactive|SkylarQuantity has 120 seconds left.
|
|t:|1769382429
|move|p1a: Shah Mat|Sucker Punch|p2a: Gardenia
|-enditem|p2a: Gardenia|Focus Sash
|-damage|p2a: Gardenia|1/100
|move|p2a: Gardenia|Moonblast|p1a: Shah Mat
|-damage|p1a: Shah Mat|29/100
|
|-heal|p1a: Shah Mat|36/100|[from] item: Leftovers
|upkeep
|turn|23
|inactive|SkylarQuantity has 120 seconds left.
|
|t:|1769382437
|move|p2a: Gardenia|Vacuum Wave|p1a: Shah Mat
|-supereffective|p1a: Shah Mat
|-damage|p1a: Shah Mat|0 fnt
|faint|p1a: Shah Mat
|-end|p1a: Shah Mat|fallen3|[silent]
|
|upkeep
|inactive|SkylarQuantity has 120 seconds left.
|
|t:|1769382447
|switch|p1a: Tread Lightly|Iron Treads|100/100
|turn|24
|
|t:|1769382467
|move|p2a: Gardenia|Vacuum Wave|p1a: Tread Lightly
|-supereffective|p1a: Tread Lightly
|-damage|p1a: Tread Lightly|68/100
|move|p1a: Tread Lightly|Rapid Spin|p2a: Gardenia
|-damage|p2a: Gardenia|0 fnt
|-boost|p1a: Tread Lightly|spe|1
|faint|p2a: Gardenia
|-end|p2a: Gardenia|fallen3|[silent]
|
|-heal|p1a: Tread Lightly|74/100|[from] item: Leftovers
|upkeep
|inactive|kuraiyagare has 120 seconds left.
|
|t:|1769382478
|switch|p2a: drifflim|Drifblim, M|100/100
|turn|25
|
|t:|1769382485
|-end|p1a: Tread Lightly|Quark Drive|[silent]
|switch|p1a: FURRY BAIT.|Cinderace, F|100/100
|move|p2a: drifflim|Shadow Ball|p1a: FURRY BAIT.
|-damage|p1a: FURRY BAIT.|48/100
|
|upkeep
|turn|26
|
|t:|1769382491
|move|p1a: FURRY BAIT.|Sucker Punch||[still]
|-fail|p1a: FURRY BAIT.
|move|p2a: drifflim|Strength Sap|p1a: FURRY BAIT.
|-unboost|p1a: FURRY BAIT.|atk|1
|
|upkeep
|turn|27
|
|t:|1769382505
|switch|p1a: Tread Lightly|Iron Treads|74/100
|move|p2a: drifflim|Shadow Ball|p1a: Tread Lightly
|-damage|p1a: Tread Lightly|44/100
|
|-heal|p1a: Tread Lightly|50/100|[from] item: Leftovers
|upkeep
|turn|28
|inactive|kuraiyagare has 120 seconds left.
|
|t:|1769382535
|move|p1a: Tread Lightly|Ice Spinner|p2a: drifflim
|-supereffective|p2a: drifflim
|-damage|p2a: drifflim|49/100
|-enditem|p2a: drifflim|Weakness Policy
|-boost|p2a: drifflim|atk|2|[from] item: Weakness Policy
|-boost|p2a: drifflim|spa|2|[from] item: Weakness Policy
|move|p2a: drifflim|Strength Sap|p1a: Tread Lightly
|-unboost|p1a: Tread Lightly|atk|1
|-heal|p2a: drifflim|100/100
|
|-heal|p1a: Tread Lightly|57/100|[from] item: Leftovers
|upkeep
|turn|29
|
|t:|1769382548
|-end|p1a: Tread Lightly|Quark Drive|[silent]
|switch|p1a: FURRY BAIT.|Cinderace, F|48/100
|move|p2a: drifflim|Shadow Ball|p1a: FURRY BAIT.
|-damage|p1a: FURRY BAIT.|0 fnt
|faint|p1a: FURRY BAIT.
|
|upkeep
|
|t:|1769382551
|switch|p1a: Tread Lightly|Iron Treads|57/100
|turn|30
|
|t:|1769382563
|move|p2a: drifflim|Shadow Ball|p1a: Tread Lightly
|-damage|p1a: Tread Lightly|0 fnt
|faint|p1a: Tread Lightly
|-end|p1a: Tread Lightly|Quark Drive|[silent]
|
|win|kuraiyagare
|raw|SkylarQuantity's rating: 1374 &rarr; <strong>1352</strong><br />(-22 for losing)
|raw|kuraiyagare's rating: 1338 &rarr; <strong>1360</strong><br />(+22 for winning)
|l|☆SkylarQuantity
|player|p1|
|l|☆kuraiyagare
|player|p2|
