|j|☆zonix14
|j|☆bsgff
|t:|1769324573
|gametype|singles
|player|p1|zonix14|1|1215
|player|p2|bsgff|hilbert|1191
|gen|9
|tier|[Gen 9] OU
|rated|
|rule|HP Percentage Mod: HP is shown in percentages
|rule|Endless Battle Clause: Forcing endless battles is banned
|rule|Species Clause: Limit one of each Pokémon
|rule|OHKO Clause: OHKO moves are banned
|rule|Evasion Items Clause: Evasion items are banned
|rule|Evasion Moves Clause: Evasion moves are banned
|rule|Evasion Abilities Clause: Evasion abilities are banned
|rule|Sleep Moves Clause: Sleep-inducing moves are banned
|clearpoke
|poke|p1|Empoleon, F|
|poke|p1|Masquerain, F|
|poke|p1|Cinderace, F|
|poke|p1|Carbink|
|poke|p1|Serperior, F|
|poke|p1|Indeedee-F, F|
|poke|p2|Corviknight, M|
|poke|p2|Garchomp, M|
|poke|p2|Snorlax, M|
|poke|p2|Alomomola, F|
|poke|p2|Darkrai|
|poke|p2|Hatterene, F|
|teampreview
|inactive|Battle timer is ON: inactive players will automatically lose when time's up. (requested by zonix14)
|
|t:|1769324583
|teamsize|p1|6
|teamsize|p2|6
|start
|switch|p1a: Masquerain|Masquerain, F|100/100
|switch|p2a: Garchomp|Garchomp, M|100/100
|-ability|p1a: Masquerain|Intimidate|boost
|-unboost|p2a: Garchomp|atk|1
|turn|1
|
|t:|1769324597
|switch|p2a: Hatterene|Hatterene, F, shiny|100/100
|move|p1a: Masquerain|Sticky Web|p2a: Hatterene
|move|p2a: Hatterene|Sticky Web|p1a: Masquerain|[from] ability: Magic Bounce
|-sidestart|p1: zonix14|move: Sticky Web
|
|upkeep
|turn|2
|
|t:|1769324617
|switch|p1a: Carbink|Carbink|100/100
|move|p2a: Hatterene|Future Sight|p1a: Carbink
|-start|p2a: Hatterene|move: Future Sight
|
|upkeep
|turn|3
|
|t:|1769324637
|move|p2a: Hatterene|Dazzling Gleam|p1a: Carbink
|-damage|p1a: Carbink|68/100
|move|p1a: Carbink|Trick Room|p1a: Carbink
|-fieldstart|move: Trick Room|[of] p1a: Carbink
|
|upkeep
|turn|4
|
|t:|1769324648
|switch|p2a: Corviknight|Corviknight, M, shiny|100/100
|-ability|p2a: Corviknight|Pressure
|move|p1a: Carbink|Misty Explosion|p2a: Corviknight
|-resisted|p2a: Corviknight
|-damage|p2a: Corviknight|93/100
|faint|p1a: Carbink
|
|-hint|Future Sight did not hit because the target is fainted.
|-heal|p2a: Corviknight|99/100|[from] item: Leftovers
|upkeep
|
|t:|1769324651
|switch|p1a: Empoleon|Empoleon, F|100/100
|-activate|p1a: Empoleon|move: Sticky Web
|-unboost|p1a: Empoleon|spe|1
|-ability|p1a: Empoleon|Competitive|boost
|-boost|p1a: Empoleon|spa|2
|turn|5
|
|t:|1769324658
|switch|p2a: Snorlax|Snorlax, M|100/100
|-terastallize|p1a: Empoleon|Electric
|move|p1a: Empoleon|Tera Blast|p2a: Snorlax|[anim] Tera Blast Electric
|-damage|p2a: Snorlax|66/100
|
|upkeep
|turn|6
|
|t:|1769324666
|move|p1a: Empoleon|Surf|p2a: Snorlax
|-damage|p2a: Snorlax|17/100
|move|p2a: Snorlax|Earthquake|p1a: Empoleon
|-supereffective|p1a: Empoleon
|-damage|p1a: Empoleon|40/100
|
|upkeep
|turn|7
|
|t:|1769324675
|move|p1a: Empoleon|Surf|p2a: Snorlax
|-damage|p2a: Snorlax|0 fnt
|faint|p2a: Snorlax
|
|-fieldend|move: Trick Room
|upkeep
|
|t:|1769324679
|switch|p2a: Garchomp|Garchomp, M|100/100
|turn|8
|
|t:|1769324685
|switch|p1a: Masquerain|Masquerain, F|100/100
|-ability|p1a: Masquerain|Intimidate|boost
|-unboost|p2a: Garchomp|atk|1
|move|p2a: Garchomp|Stealth Rock|p1a: Masquerain
|-sidestart|p1: zonix14|move: Stealth Rock
|
|upkeep
|turn|9
|
|t:|1769324690
|switch|p2a: Hatterene|Hatterene, F, shiny|100/100
|move|p1a: Masquerain|Ice Beam|p2a: Hatterene
|-damage|p2a: Hatterene|72/100
|
|-heal|p2a: Hatterene|78/100|[from] item: Leftovers
|upkeep
|turn|10
|
|t:|1769324696
|move|p1a: Masquerain|Bug Buzz|p2a: Hatterene
|-damage|p2a: Hatterene|37/100
|-unboost|p2a: Hatterene|spd|1
|move|p2a: Hatterene|Dazzling Gleam|p1a: Masquerain
|-damage|p1a: Masquerain|45/100
|
|-heal|p2a: Hatterene|43/100|[from] item: Leftovers
|upkeep
|turn|11
|
|t:|1769324717
|switch|p2a: Darkrai|Darkrai|100/100
|move|p1a: Masquerain|Bug Buzz|p2a: Darkrai
|-supereffective|p2a: Darkrai
|-enditem|p2a: Darkrai|Focus Sash
|-damage|p2a: Darkrai|1/100
|
|upkeep
|turn|12
|
|t:|1769324725
|move|p2a: Darkrai|Dark Pulse|p1a: Masquerain
|-damage|p1a: Masquerain|0 fnt
|faint|p1a: Masquerain
|
|upkeep
|
|t:|1769324727
|switch|p1a: Serperior|Serperior, F|100/100
|-activate|p1a: Serperior|move: Sticky Web
|-boost|p1a: Serperior|spe|1
|-damage|p1a: Serperior|88/100|[from] Stealth Rock
|turn|13
|
|t:|1769324741
|switch|p2a: Corviknight|Corviknight, M, shiny|99/100
|-ability|p2a: Corviknight|Pressure
|move|p1a: Serperior|Leaf Storm|p2a: Corviknight
|-resisted|p2a: Corviknight
|-damage|p2a: Corviknight|90/100
|-boost|p1a: Serperior|spa|2
|
|-heal|p2a: Corviknight|97/100|[from] item: Leftovers
|upkeep
|turn|14
|
|t:|1769324751
|switch|p1a: Cinderace|Cinderace, F|100/100
|-activate|p1a: Cinderace|move: Sticky Web
|-unboost|p1a: Cinderace|spe|1
|-damage|p1a: Cinderace|76/100|[from] Stealth Rock
|move|p2a: Corviknight|Brave Bird|p1a: Cinderace
|-damage|p1a: Cinderace|21/100
|-damage|p2a: Corviknight|83/100|[from] Recoil
|
|-heal|p2a: Corviknight|89/100|[from] item: Leftovers
|upkeep
|turn|15
|
|t:|1769324764
|switch|p2a: Darkrai|Darkrai|1/100
|move|p1a: Cinderace|Pyro Ball|p2a: Darkrai
|-damage|p2a: Darkrai|0 fnt
|faint|p2a: Darkrai
|
|upkeep
|
|t:|1769324767
|switch|p2a: Garchomp|Garchomp, M|100/100
|turn|16
|
|t:|1769324775
|move|p2a: Garchomp|Earthquake|p1a: Cinderace
|-supereffective|p1a: Cinderace
|-damage|p1a: Cinderace|0 fnt
|faint|p1a: Cinderace
|
|upkeep
|
|t:|1769324781
|switch|p1a: Indeedee|Indeedee-F, F|100/100
|-activate|p1a: Indeedee|move: Sticky Web
|-unboost|p1a: Indeedee|spe|1
|-damage|p1a: Indeedee|88/100|[from] Stealth Rock
|-fieldstart|move: Psychic Terrain|[from] ability: Psychic Surge|[of] p1a: Indeedee
|turn|17
|
|t:|1769324785
|-terastallize|p2a: Garchomp|Steel
|move|p2a: Garchomp|Earthquake|p1a: Indeedee
|-damage|p1a: Indeedee|42/100
|move|p1a: Indeedee|Trick Room|p1a: Indeedee
|-fieldstart|move: Trick Room|[of] p1a: Indeedee
|
|upkeep
|turn|18
|
|t:|1769324806
|move|p1a: Indeedee|Healing Wish|p1a: Indeedee
|faint|p1a: Indeedee
|move|p2a: Garchomp|Earthquake|p1: Indeedee|[notarget]
|-fail|p2a: Garchomp
|
|upkeep
|
|t:|1769324810
|switch|p1a: Empoleon|Empoleon, F, tera:Electric|40/100
|-heal|p1a: Empoleon|100/100|[from] move: Healing Wish
|-activate|p1a: Empoleon|move: Sticky Web
|-unboost|p1a: Empoleon|spe|1
|-ability|p1a: Empoleon|Competitive|boost
|-boost|p1a: Empoleon|spa|2
|-damage|p1a: Empoleon|88/100|[from] Stealth Rock
|turn|19
|
|t:|1769324818
|switch|p2a: Hatterene|Hatterene, F, shiny|43/100
|move|p1a: Empoleon|Surf|p2a: Hatterene
|-damage|p2a: Hatterene|0 fnt
|faint|p2a: Hatterene
|
|upkeep
|
|t:|1769324822
|switch|p2a: Alomomola|Alomomola, F|100/100
|turn|20
|
|t:|1769324826
|move|p2a: Alomomola|Protect|p2a: Alomomola
|-singleturn|p2a: Alomomola|Protect
|move|p1a: Empoleon|Tera Blast|p2a: Alomomola|[anim] Tera Blast Electric
|-activate|p2a: Alomomola|move: Protect
|
|upkeep
|turn|21
|
|t:|1769324833
|move|p1a: Empoleon|Surf|p2a: Alomomola
|-resisted|p2a: Alomomola
|-damage|p2a: Alomomola|58/100
|move|p2a: Alomomola|Mirror Coat|p1a: Empoleon
|-damage|p1a: Empoleon|0 fnt
|faint|p1a: Empoleon
|
|-fieldend|move: Trick Room
|-fieldend|move: Psychic Terrain
|upkeep
|
|t:|1769324836
|switch|p1a: Serperior|Serperior, F|88/100
|-activate|p1a: Serperior|move: Sticky Web
|-boost|p1a: Serperior|spe|1
|-damage|p1a: Serperior|76/100|[from] Stealth Rock
|turn|22
|
|t:|1769324843
|move|p1a: Serperior|Leaf Storm|p2a: Alomomola
|-supereffective|p2a: Alomomola
|-damage|p2a: Alomomola|0 fnt
|-boost|p1a: Serperior|spa|2
|faint|p2a: Alomomola
|
|upkeep
|
|t:|1769324847
|switch|p2a: Corviknight|Corviknight, M, shiny|89/100
|-ability|p2a: Corviknight|Pressure
|turn|23
|
|t:|1769324849
|move|p1a: Serperior|Leaf Storm|p2a: Corviknight
|-resisted|p2a: Corviknight
|-damage|p2a: Corviknight|70/100
|-boost|p1a: Serperior|spa|2
|move|p2a: Corviknight|Brave Bird|p1a: Serperior
|-supereffective|p1a: Serperior
|-damage|p1a: Serperior|0 fnt
|faint|p1a: Serperior
|-damage|p2a: Corviknight|52/100|[from] Recoil
|
|win|bsgff
|raw|zonix14's rating: 1215 &rarr; <strong>1190</strong><br />(-25 for losing)
|raw|bsgff's rating: 1215 &rarr; <strong>1240</strong><br />(+25 for winning)
|l|☆zonix14
|player|p1|
|l|☆bsgff
|player|p2|
