|j|☆BIG EURO
|j|☆sveinung12321
|t:|1769355643
|gametype|singles
|player|p1|BIG EURO|gardenia|1397
|player|p2|sveinung12321|169|1353
|gen|9
|tier|[Gen 9] OU
|rated|
|rule|HP Percentage Mod: HP is shown in percentages
|rule|Endless Battle Clause: Forcing endless battles is banned
|rule|Species Clause: Limit one of each Pokémon
|rule|OHKO Clause: OHKO moves are banned
|rule|Evasion Items Clause: Evasion items are banned
|rule|Evasion Moves Clause: Evasion moves are banned
|rule|Evasion Abilities Clause: Evasion abilities are banned
|rule|Sleep Moves Clause: Sleep-inducing moves are banned
|clearpoke
|poke|p1|Rillaboom, F|
|poke|p1|Breloom, F|
|poke|p1|Ogerpon-Wellspring, F|
|poke|p1|Moltres-Galar|
|poke|p1|Deoxys-Speed|
|poke|p1|Enamorus, F|
|poke|p2|Iron Valiant|
|poke|p2|Gliscor, F|
|poke|p2|Alomomola, M|
|poke|p2|Dragapult, F|
|poke|p2|Kingambit, F|
|poke|p2|Corviknight, F|
|teampreview
|inactive|Battle timer is ON: inactive players will automatically lose when time's up. (requested by sveinung12321)
|
|t:|1769355669
|teamsize|p1|6
|teamsize|p2|6
|start
|switch|p1a: Rillaboom|Rillaboom, F|100/100
|switch|p2a: Corviknight|Corviknight, F|100/100
|-fieldstart|move: Grassy Terrain|[from] ability: Grassy Surge|[of] p1a: Rillaboom
|-ability|p2a: Corviknight|Pressure
|turn|1
|
|t:|1769355677
|move|p1a: Rillaboom|U-turn|p2a: Corviknight
|-resisted|p2a: Corviknight
|-damage|p2a: Corviknight|96/100
|
|t:|1769355684
|switch|p1a: Moltres|Moltres-Galar|100/100|[from] U-turn
|move|p2a: Corviknight|Brave Bird|p1a: Moltres
|-damage|p1a: Moltres|57/100
|-damage|p2a: Corviknight|84/100|[from] Recoil
|
|-heal|p2a: Corviknight|90/100|[from] item: Leftovers
|upkeep
|turn|2
|
|t:|1769355692
|switch|p2a: Gliscor|Gliscor, F|100/100
|move|p1a: Moltres|Agility|p1a: Moltres
|-boost|p1a: Moltres|spe|2
|
|-status|p2a: Gliscor|tox|[from] item: Toxic Orb
|upkeep
|turn|3
|
|t:|1769355700
|move|p1a: Moltres|Nasty Plot|p1a: Moltres
|-boost|p1a: Moltres|spa|2
|move|p2a: Gliscor|Toxic|p1a: Moltres
|-status|p1a: Moltres|tox
|
|-damage|p1a: Moltres|51/100 tox|[from] psn
|upkeep
|turn|4
|
|t:|1769355706
|move|p1a: Moltres|Fiery Wrath|p2a: Gliscor
|-damage|p2a: Gliscor|0 fnt
|faint|p2a: Gliscor
|
|-damage|p1a: Moltres|39/100 tox|[from] psn
|upkeep
|-enditem|p1a: Moltres|Sitrus Berry|[eat]
|-heal|p1a: Moltres|63/100 tox|[from] item: Sitrus Berry
|
|t:|1769355712
|switch|p2a: Alomomola|Alomomola, M|100/100
|turn|5
|
|t:|1769355716
|move|p1a: Moltres|Fiery Wrath|p2a: Alomomola
|-damage|p2a: Alomomola|56/100
|move|p2a: Alomomola|Mirror Coat|p1a: Moltres
|-immune|p1a: Moltres
|
|-heal|p2a: Alomomola|62/100|[from] Grassy Terrain
|-damage|p1a: Moltres|45/100 tox|[from] psn
|upkeep
|turn|6
|
|t:|1769355730
|move|p1a: Moltres|Fiery Wrath|p2a: Alomomola
|-damage|p2a: Alomomola|18/100
|move|p2a: Alomomola|Icy Wind|p1a: Moltres
|-supereffective|p1a: Moltres
|-damage|p1a: Moltres|33/100 tox
|-unboost|p1a: Moltres|spe|1
|
|-heal|p2a: Alomomola|24/100|[from] Grassy Terrain
|-damage|p1a: Moltres|8/100 tox|[from] psn
|upkeep
|turn|7
|
|t:|1769355753
|switch|p2a: Iron Valiant|Iron Valiant|100/100
|-enditem|p2a: Iron Valiant|Booster Energy
|-activate|p2a: Iron Valiant|ability: Quark Drive|[fromitem]
|-start|p2a: Iron Valiant|quarkdrivespe
|move|p1a: Moltres|Fiery Wrath|p2a: Iron Valiant
|-resisted|p2a: Iron Valiant
|-crit|p2a: Iron Valiant
|-damage|p2a: Iron Valiant|38/100
|
|-heal|p2a: Iron Valiant|44/100|[from] Grassy Terrain
|-damage|p1a: Moltres|0 fnt|[from] psn
|faint|p1a: Moltres
|upkeep
|
|t:|1769355775
|switch|p1a: Ogerpon|Ogerpon-Wellspring, F|100/100
|turn|8
|inactive|sveinung12321 has 120 seconds left.
|
|t:|1769355806
|move|p1a: Ogerpon|Grassy Glide|p2a: Iron Valiant
|-damage|p2a: Iron Valiant|0 fnt
|faint|p2a: Iron Valiant
|-end|p2a: Iron Valiant|Quark Drive|[silent]
|
|-fieldend|move: Grassy Terrain
|upkeep
|
|t:|1769355814
|switch|p2a: Corviknight|Corviknight, F|90/100
|-ability|p2a: Corviknight|Pressure
|turn|9
|
|t:|1769355824
|switch|p1a: Deoxys|Deoxys-Speed|100/100
|-ability|p1a: Deoxys|Pressure
|move|p2a: Corviknight|Brave Bird|p1a: Deoxys
|-damage|p1a: Deoxys|47/100
|-damage|p2a: Corviknight|80/100|[from] Recoil
|
|-heal|p2a: Corviknight|86/100|[from] item: Leftovers
|upkeep
|turn|10
|
|t:|1769355836
|move|p1a: Deoxys|Stealth Rock|p2a: Corviknight
|-sidestart|p2: sveinung12321|move: Stealth Rock
|move|p2a: Corviknight|U-turn|p1a: Deoxys
|-supereffective|p1a: Deoxys
|-damage|p1a: Deoxys|3/100
|
|t:|1769355839
|switch|p2a: Kingambit|Kingambit, F|100/100|[from] U-turn
|-damage|p2a: Kingambit|94/100|[from] Stealth Rock
|-activate|p2a: Kingambit|ability: Supreme Overlord
|-start|p2a: Kingambit|fallen2|[silent]
|
|-heal|p2a: Kingambit|100/100|[from] item: Leftovers
|upkeep
|turn|11
|
|t:|1769355843
|move|p1a: Deoxys|Spikes|p2a: Kingambit
|-sidestart|p2: sveinung12321|Spikes
|move|p2a: Kingambit|Swords Dance|p2a: Kingambit
|-boost|p2a: Kingambit|atk|2
|
|upkeep
|turn|12
|
|t:|1769355849
|move|p2a: Kingambit|Sucker Punch||[still]
|-fail|p2a: Kingambit
|move|p1a: Deoxys|Spikes|p2a: Kingambit
|-sidestart|p2: sveinung12321|Spikes
|
|upkeep
|turn|13
|
|t:|1769355853
|move|p1a: Deoxys|Thunderbolt|p2a: Kingambit
|-damage|p2a: Kingambit|74/100
|move|p2a: Kingambit|Swords Dance|p2a: Kingambit
|-boost|p2a: Kingambit|atk|2
|
|-heal|p2a: Kingambit|80/100|[from] item: Leftovers
|upkeep
|turn|14
|
|t:|1769355858
|move|p2a: Kingambit|Sucker Punch||[still]
|-fail|p2a: Kingambit
|move|p1a: Deoxys|Spikes|p2a: Kingambit
|-sidestart|p2: sveinung12321|Spikes
|
|-heal|p2a: Kingambit|86/100|[from] item: Leftovers
|upkeep
|turn|15
|
|t:|1769355860
|move|p1a: Deoxys|Thunderbolt|p2a: Kingambit
|-damage|p2a: Kingambit|58/100
|move|p2a: Kingambit|Kowtow Cleave|p1a: Deoxys
|-supereffective|p1a: Deoxys
|-damage|p1a: Deoxys|0 fnt
|faint|p1a: Deoxys
|
|-heal|p2a: Kingambit|64/100|[from] item: Leftovers
|upkeep
|
|t:|1769355885
|switch|p1a: Breloom|Breloom, F|100/100
|turn|16
|
|t:|1769355898
|-terastallize|p2a: Kingambit|Flying
|move|p1a: Breloom|Mach Punch|p2a: Kingambit
|-resisted|p2a: Kingambit
|-damage|p2a: Kingambit|51/100
|move|p2a: Kingambit|Iron Head|p1a: Breloom
|-damage|p1a: Breloom|0 fnt
|faint|p1a: Breloom
|
|-heal|p2a: Kingambit|57/100|[from] item: Leftovers
|upkeep
|
|t:|1769355905
|switch|p1a: Rillaboom|Rillaboom, F|100/100
|-fieldstart|move: Grassy Terrain|[from] ability: Grassy Surge|[of] p1a: Rillaboom
|turn|17
|
|t:|1769355910
|move|p1a: Rillaboom|Grassy Glide|p2a: Kingambit
|-resisted|p2a: Kingambit
|-damage|p2a: Kingambit|43/100
|move|p2a: Kingambit|Kowtow Cleave|p1a: Rillaboom
|-crit|p1a: Rillaboom
|-damage|p1a: Rillaboom|0 fnt
|faint|p1a: Rillaboom
|
|-heal|p2a: Kingambit|49/100|[from] item: Leftovers
|upkeep
|
|t:|1769355916
|switch|p1a: Ogerpon|Ogerpon-Wellspring, F|100/100
|turn|18
|
|t:|1769355920
|-terastallize|p1a: Ogerpon|Water
|detailschange|p1a: Ogerpon|Ogerpon-Wellspring-Tera, F, tera:Water
|-ability|p1a: Ogerpon|Embody Aspect (Wellspring)|boost
|-boost|p1a: Ogerpon|spd|1
|move|p1a: Ogerpon|Ivy Cudgel|p2a: Kingambit|[anim] Ivy Cudgel Water
|-crit|p2a: Kingambit
|-damage|p2a: Kingambit|0 fnt
|faint|p2a: Kingambit
|-end|p2a: Kingambit|fallen2|[silent]
|
|upkeep
|
|t:|1769355925
|switch|p2a: Corviknight|Corviknight, F|86/100
|-damage|p2a: Corviknight|73/100|[from] Stealth Rock
|-ability|p2a: Corviknight|Pressure
|turn|19
|
|t:|1769355933
|move|p1a: Ogerpon|Swords Dance|p1a: Ogerpon
|-boost|p1a: Ogerpon|atk|2
|move|p2a: Corviknight|Defog|p1a: Ogerpon
|-unboost|p1a: Ogerpon|evasion|1
|-sideend|p2: sveinung12321|Spikes|[from] move: Defog|[of] p2a: Corviknight
|-sideend|p2: sveinung12321|Stealth Rock|[from] move: Defog|[of] p2a: Corviknight
|-fieldend|move: Grassy Terrain
|
|-heal|p2a: Corviknight|80/100|[from] item: Leftovers
|upkeep
|turn|20
|
|t:|1769355937
|move|p1a: Ogerpon|Ivy Cudgel|p2a: Corviknight|[anim] Ivy Cudgel Water
|-damage|p2a: Corviknight|0 fnt
|faint|p2a: Corviknight
|
|upkeep
|
|t:|1769355945
|switch|p2a: Dragapult|Dragapult, F|100/100
|turn|21
|
|t:|1769355952
|move|p2a: Dragapult|Draco Meteor|p1a: Ogerpon
|-damage|p1a: Ogerpon|35/100
|-unboost|p2a: Dragapult|spa|2
|move|p1a: Ogerpon|Ivy Cudgel|p2a: Dragapult|[anim] Ivy Cudgel Water
|-resisted|p2a: Dragapult
|-damage|p2a: Dragapult|0 fnt
|faint|p2a: Dragapult
|
|upkeep
|
|t:|1769355955
|switch|p2a: Alomomola|Alomomola, M|58/100
|turn|22
|
|t:|1769355959
|move|p1a: Ogerpon|Grassy Glide|p2a: Alomomola
|-supereffective|p2a: Alomomola
|-damage|p2a: Alomomola|0 fnt
|faint|p2a: Alomomola
|
|win|BIG EURO
|raw|BIG EURO's rating: 1397 &rarr; <strong>1414</strong><br />(+17 for winning)
|raw|sveinung12321's rating: 1353 &rarr; <strong>1336</strong><br />(-17 for losing)
|l|☆sveinung12321
|player|p2|
|l|☆BIG EURO
|player|p1|
