|j|☆123qazwsx
|j|☆nezk025
|t:|1769327478
|gametype|singles
|player|p1|123qazwsx|2|1449
|player|p2|nezk025|nate|1405
|gen|9
|tier|[Gen 9] OU
|rated|
|rule|HP Percentage Mod: HP is shown in percentages
|rule|Endless Battle Clause: Forcing endless battles is banned
|rule|Species Clause: Limit one of each Pokémon
|rule|OHKO Clause: OHKO moves are banned
|rule|Evasion Items Clause: Evasion items are banned
|rule|Evasion Moves Clause: Evasion moves are banned
|rule|Evasion Abilities Clause: Evasion abilities are banned
|rule|Sleep Moves Clause: Sleep-inducing moves are banned
|clearpoke
|poke|p1|Dragonite, F|
|poke|p1|Hatterene, F|
|poke|p1|Great Tusk|
|poke|p1|Ceruledge, M|
|poke|p1|Ting-Lu|
|poke|p1|Kyurem|
|poke|p2|Kommo-o, M|
|poke|p2|Walking Wake|
|poke|p2|Skarmory, F|
|poke|p2|Iron Treads|
|poke|p2|Dragapult, F|
|poke|p2|Kingambit, F|
|teampreview
|c|☆123qazwsx|。
|
|t:|1769327530
|teamsize|p1|6
|teamsize|p2|6
|start
|switch|p1a: Ting-Lu|Ting-Lu|100/100
|switch|p2a: Skarmory|Skarmory, F|100/100
|-ability|p1a: Ting-Lu|Vessel of Ruin
|turn|1
|inactive|Battle timer is ON: inactive players will automatically lose when time's up. (requested by 123qazwsx)
|
|t:|1769327538
|switch|p1a: Hatterene|Hatterene, F|100/100
|move|p2a: Skarmory|Spikes|p1a: Hatterene
|move|p1a: Hatterene|Spikes|p2a: Skarmory|[from] ability: Magic Bounce
|-sidestart|p2: nezk025|Spikes
|
|upkeep
|turn|2
|
|t:|1769327555
|switch|p2a: Kingambit|Kingambit, F|100/100
|-damage|p2a: Kingambit|88/100|[from] Spikes
|move|p1a: Hatterene|Nuzzle|p2a: Kingambit
|-damage|p2a: Kingambit|85/100
|-status|p2a: Kingambit|par
|
|-heal|p2a: Kingambit|92/100 par|[from] item: Leftovers
|upkeep
|turn|3
|
|t:|1769327575
|switch|p1a: Great Tusk|Great Tusk|100/100
|move|p2a: Kingambit|Iron Head|p1a: Great Tusk
|-damage|p1a: Great Tusk|76/100
|
|-heal|p1a: Great Tusk|82/100|[from] item: Leftovers
|-heal|p2a: Kingambit|98/100 par|[from] item: Leftovers
|upkeep
|turn|4
|
|t:|1769327584
|-end|p2a: Kingambit|fallenundefined|[silent]
|switch|p2a: Skarmory|Skarmory, F|100/100
|move|p1a: Great Tusk|Headlong Rush|p2a: Skarmory
|-immune|p2a: Skarmory
|
|-heal|p1a: Great Tusk|89/100|[from] item: Leftovers
|upkeep
|turn|5
|
|t:|1769327597
|-end|p1a: Great Tusk|Protosynthesis|[silent]
|switch|p1a: Hatterene|Hatterene, F|100/100
|switch|p2a: Walking Wake|Walking Wake|100/100
|
|upkeep
|turn|6
|
|t:|1769327604
|-terastallize|p2a: Walking Wake|Water
|move|p2a: Walking Wake|Surf|p1a: Hatterene
|-damage|p1a: Hatterene|58/100
|move|p1a: Hatterene|Draining Kiss|p2a: Walking Wake
|-damage|p2a: Walking Wake|69/100
|-heal|p1a: Hatterene|83/100|[from] drain|[of] p2a: Walking Wake
|
|upkeep
|turn|7
|
|t:|1769327611
|move|p2a: Walking Wake|Knock Off|p1a: Hatterene
|-damage|p1a: Hatterene|64/100
|-enditem|p1a: Hatterene|Assault Vest|[from] move: Knock Off|[of] p2a: Walking Wake
|move|p1a: Hatterene|Nuzzle|p2a: Walking Wake
|-supereffective|p2a: Walking Wake
|-damage|p2a: Walking Wake|61/100
|-status|p2a: Walking Wake|par
|
|upkeep
|turn|8
|
|t:|1769327620
|switch|p1a: Kyurem|Kyurem|100/100
|-ability|p1a: Kyurem|Pressure
|move|p2a: Walking Wake|Draco Meteor|p1a: Kyurem
|-supereffective|p1a: Kyurem
|-damage|p1a: Kyurem|0 fnt
|-unboost|p2a: Walking Wake|spa|2
|faint|p1a: Kyurem
|
|upkeep
|
|t:|1769327632
|switch|p1a: Dragonite|Dragonite, F|100/100
|turn|9
|
|t:|1769327640
|-end|p2a: Walking Wake|Protosynthesis|[silent]
|switch|p2a: Skarmory|Skarmory, F|100/100
|-terastallize|p1a: Dragonite|Fairy
|move|p1a: Dragonite|Dragon Dance|p1a: Dragonite
|-boost|p1a: Dragonite|atk|1
|-boost|p1a: Dragonite|spe|1
|
|upkeep
|turn|10
|inactive|nezk025 has 120 seconds left.
|
|t:|1769327699
|move|p1a: Dragonite|Dragon Dance|p1a: Dragonite
|-boost|p1a: Dragonite|atk|1
|-boost|p1a: Dragonite|spe|1
|move|p2a: Skarmory|Iron Defense|p2a: Skarmory
|-boost|p2a: Skarmory|def|2
|
|upkeep
|turn|11
|inactive|nezk025 has 90 seconds left.
|c|☆nezk025|Pls don't be dtail
|
|t:|1769327731
|move|p1a: Dragonite|Dragon Dance|p1a: Dragonite
|-boost|p1a: Dragonite|atk|1
|-boost|p1a: Dragonite|spe|1
|move|p2a: Skarmory|Iron Defense|p2a: Skarmory
|-boost|p2a: Skarmory|def|2
|
|upkeep
|turn|12
|inactive|nezk025 has 90 seconds left.
|
|t:|1769327738
|move|p1a: Dragonite|Dragon Dance|p1a: Dragonite
|-boost|p1a: Dragonite|atk|1
|-boost|p1a: Dragonite|spe|1
|move|p2a: Skarmory|Iron Defense|p2a: Skarmory
|-boost|p2a: Skarmory|def|2
|
|upkeep
|turn|13
|
|t:|1769327745
|move|p1a: Dragonite|Dragon Dance|p1a: Dragonite
|-boost|p1a: Dragonite|atk|1
|-boost|p1a: Dragonite|spe|1
|move|p2a: Skarmory|Spikes|p1a: Dragonite
|-sidestart|p1: 123qazwsx|Spikes
|
|upkeep
|turn|14
|
|t:|1769327748
|move|p1a: Dragonite|Dragon Dance|p1a: Dragonite
|-boost|p1a: Dragonite|atk|1
|-boost|p1a: Dragonite|spe|1
|move|p2a: Skarmory|Body Press|p1a: Dragonite
|-resisted|p1a: Dragonite
|-damage|p1a: Dragonite|72/100
|
|-heal|p1a: Dragonite|78/100|[from] item: Leftovers
|upkeep
|turn|15
|
|t:|1769327755
|move|p1a: Dragonite|Tera Blast|p2a: Skarmory|[anim] Tera Blast Fairy
|-resisted|p2a: Skarmory
|-damage|p2a: Skarmory|88/100
|move|p2a: Skarmory|Body Press|p1a: Dragonite
|-resisted|p1a: Dragonite
|-damage|p1a: Dragonite|23/100
|
|-heal|p1a: Dragonite|29/100|[from] item: Leftovers
|upkeep
|turn|16
|inactive|nezk025 has 120 seconds left.
|
|t:|1769327763
|move|p1a: Dragonite|Roost|p1a: Dragonite
|-heal|p1a: Dragonite|79/100
|move|p2a: Skarmory|Spikes|p1a: Dragonite
|-sidestart|p1: 123qazwsx|Spikes
|
|-heal|p1a: Dragonite|85/100|[from] item: Leftovers
|upkeep
|turn|17
|
|t:|1769327771
|move|p1a: Dragonite|Roost|p1a: Dragonite
|-heal|p1a: Dragonite|100/100
|move|p2a: Skarmory|Body Press|p1a: Dragonite
|-resisted|p1a: Dragonite
|-damage|p1a: Dragonite|71/100
|
|-heal|p1a: Dragonite|77/100|[from] item: Leftovers
|upkeep
|turn|18
|inactive|nezk025 has 120 seconds left.
|
|t:|1769327809
|move|p1a: Dragonite|Tera Blast|p2a: Skarmory|[anim] Tera Blast Fairy
|-resisted|p2a: Skarmory
|-damage|p2a: Skarmory|75/100
|move|p2a: Skarmory|Spikes|p1a: Dragonite
|-sidestart|p1: 123qazwsx|Spikes
|
|-heal|p1a: Dragonite|83/100|[from] item: Leftovers
|upkeep
|turn|19
|inactive|123qazwsx has 120 seconds left.
|
|t:|1769327845
|move|p1a: Dragonite|Tera Blast|p2a: Skarmory|[anim] Tera Blast Fairy
|-resisted|p2a: Skarmory
|-damage|p2a: Skarmory|60/100
|move|p2a: Skarmory|Body Press|p1a: Dragonite
|-resisted|p1a: Dragonite
|-damage|p1a: Dragonite|25/100
|
|-heal|p1a: Dragonite|31/100|[from] item: Leftovers
|upkeep
|turn|20
|inactive|nezk025 has 90 seconds left.
|
|t:|1769327871
|move|p1a: Dragonite|Roost|p1a: Dragonite
|-heal|p1a: Dragonite|81/100
|move|p2a: Skarmory|Roost|p2a: Skarmory
|-heal|p2a: Skarmory|100/100
|-singleturn|p2a: Skarmory|move: Roost
|
|-heal|p1a: Dragonite|87/100|[from] item: Leftovers
|upkeep
|turn|21
|
|t:|1769327882
|move|p1a: Dragonite|Roost|p1a: Dragonite
|-heal|p1a: Dragonite|100/100
|move|p2a: Skarmory|Body Press|p1a: Dragonite
|-resisted|p1a: Dragonite
|-damage|p1a: Dragonite|72/100
|
|-heal|p1a: Dragonite|78/100|[from] item: Leftovers
|upkeep
|turn|22
|
|t:|1769327894
|move|p1a: Dragonite|Tera Blast|p2a: Skarmory|[anim] Tera Blast Fairy
|-resisted|p2a: Skarmory
|-damage|p2a: Skarmory|87/100
|move|p2a: Skarmory|Body Press|p1a: Dragonite
|-resisted|p1a: Dragonite
|-damage|p1a: Dragonite|25/100
|
|-heal|p1a: Dragonite|31/100|[from] item: Leftovers
|upkeep
|turn|23
|c|☆nezk025|Yo you ain't pp stalling these
|inactive|nezk025 has 90 seconds left.
|inactive|nezk025 has 60 seconds left.
|j| mehvish
|
|t:|1769327957
|move|p1a: Dragonite|Roost|p1a: Dragonite
|-heal|p1a: Dragonite|81/100
|move|p2a: Skarmory|Body Press|p1a: Dragonite
|-resisted|p1a: Dragonite
|-damage|p1a: Dragonite|28/100
|
|-heal|p1a: Dragonite|34/100|[from] item: Leftovers
|upkeep
|turn|24
|c| mehvish|oh
|
|t:|1769327969
|move|p1a: Dragonite|Roost|p1a: Dragonite
|-heal|p1a: Dragonite|84/100
|move|p2a: Skarmory|Body Press|p1a: Dragonite
|-resisted|p1a: Dragonite
|-damage|p1a: Dragonite|32/100
|
|-heal|p1a: Dragonite|38/100|[from] item: Leftovers
|upkeep
|turn|25
|c| mehvish|ma god
|inactive|nezk025 has 60 seconds left.
|c| mehvish|that  poor dragonite
|
|t:|1769327987
|move|p1a: Dragonite|Roost|p1a: Dragonite
|-heal|p1a: Dragonite|88/100
|move|p2a: Skarmory|Body Press|p1a: Dragonite
|-resisted|p1a: Dragonite
|-damage|p1a: Dragonite|29/100
|
|-heal|p1a: Dragonite|35/100|[from] item: Leftovers
|upkeep
|turn|26
|
|t:|1769327995
|move|p1a: Dragonite|Roost|p1a: Dragonite
|-heal|p1a: Dragonite|85/100
|move|p2a: Skarmory|Body Press|p1a: Dragonite
|-resisted|p1a: Dragonite
|-damage|p1a: Dragonite|26/100
|
|-heal|p1a: Dragonite|32/100|[from] item: Leftovers
|upkeep
|turn|27
|
|t:|1769328011
|switch|p1a: Ceruledge|Ceruledge, M|100/100
|-damage|p1a: Ceruledge|76/100|[from] Spikes
|move|p2a: Skarmory|Body Press|p1a: Ceruledge
|-immune|p1a: Ceruledge
|
|upkeep
|turn|28
|
|t:|1769328033
|switch|p2a: Dragapult|Dragapult, F|100/100
|move|p1a: Ceruledge|Swords Dance|p1a: Ceruledge
|-boost|p1a: Ceruledge|atk|2
|
|upkeep
|turn|29
|
|t:|1769328040
|move|p1a: Ceruledge|Shadow Sneak|p2a: Dragapult
|-supereffective|p2a: Dragapult
|-damage|p2a: Dragapult|0 fnt
|faint|p2a: Dragapult
|
|upkeep
|c|☆nezk025|Welp
|c|☆nezk025|It might be ggs
|
|t:|1769328060
|switch|p2a: Iron Treads|Iron Treads|100/100
|-damage|p2a: Iron Treads|88/100|[from] Spikes
|turn|30
|
|t:|1769328065
|move|p2a: Iron Treads|Earthquake|p1a: Ceruledge
|-supereffective|p1a: Ceruledge
|-damage|p1a: Ceruledge|0 fnt
|faint|p1a: Ceruledge
|
|-heal|p2a: Iron Treads|94/100|[from] item: Leftovers
|upkeep
|c|☆nezk025|Oooh
|
|t:|1769328075
|switch|p1a: Great Tusk|Great Tusk|89/100
|-damage|p1a: Great Tusk|64/100|[from] Spikes
|turn|31
|inactive|nezk025 has 90 seconds left.
|
|t:|1769328085
|move|p2a: Iron Treads|Rapid Spin|p1a: Great Tusk
|-damage|p1a: Great Tusk|56/100
|-boost|p2a: Iron Treads|spe|1
|-sideend|p2: nezk025|Spikes|[from] move: Rapid Spin|[of] p2a: Iron Treads
|move|p1a: Great Tusk|Rapid Spin|p2a: Iron Treads
|-resisted|p2a: Iron Treads
|-damage|p2a: Iron Treads|89/100
|-boost|p1a: Great Tusk|spe|1
|-sideend|p1: 123qazwsx|Spikes|[from] move: Rapid Spin|[of] p1a: Great Tusk
|
|-heal|p2a: Iron Treads|95/100|[from] item: Leftovers
|-heal|p1a: Great Tusk|63/100|[from] item: Leftovers
|upkeep
|turn|32
|inactive|nezk025 has 90 seconds left.
|
|t:|1769328094
|-end|p2a: Iron Treads|Quark Drive|[silent]
|switch|p2a: Skarmory|Skarmory, F|87/100
|move|p1a: Great Tusk|Rapid Spin|p2a: Skarmory
|-resisted|p2a: Skarmory
|-damage|p2a: Skarmory|83/100
|-boost|p1a: Great Tusk|spe|1
|-damage|p1a: Great Tusk|46/100|[from] item: Rocky Helmet|[of] p2a: Skarmory
|
|-heal|p1a: Great Tusk|52/100|[from] item: Leftovers
|upkeep
|turn|33
|
|t:|1769328103
|-end|p1a: Great Tusk|Protosynthesis|[silent]
|switch|p1a: Ting-Lu|Ting-Lu|100/100
|-ability|p1a: Ting-Lu|Vessel of Ruin
|move|p2a: Skarmory|Spikes|p1a: Ting-Lu
|-sidestart|p1: 123qazwsx|Spikes
|
|upkeep
|turn|34
|
|t:|1769328115
|move|p2a: Skarmory|Iron Defense|p2a: Skarmory
|-boost|p2a: Skarmory|def|2
|move|p1a: Ting-Lu|Whirlwind|p2a: Skarmory
|drag|p2a: Iron Treads|Iron Treads|95/100
|
|-heal|p2a: Iron Treads|100/100|[from] item: Leftovers
|upkeep
|turn|35
|
|t:|1769328125
|move|p2a: Iron Treads|Stealth Rock|p1a: Ting-Lu
|-sidestart|p1: 123qazwsx|move: Stealth Rock
|move|p1a: Ting-Lu|Earthquake|p2a: Iron Treads
|-supereffective|p2a: Iron Treads
|-damage|p2a: Iron Treads|40/100
|
|-heal|p2a: Iron Treads|46/100|[from] item: Leftovers
|upkeep
|turn|36
|
|t:|1769328137
|-end|p2a: Iron Treads|Quark Drive|[silent]
|switch|p2a: Kommo-o|Kommo-o, M|100/100
|move|p1a: Ting-Lu|Stealth Rock|p2a: Kommo-o
|-sidestart|p2: nezk025|move: Stealth Rock
|
|upkeep
|turn|37
|
|t:|1769328146
|move|p2a: Kommo-o|Drain Punch|p1a: Ting-Lu
|-supereffective|p1a: Ting-Lu
|-damage|p1a: Ting-Lu|68/100
|move|p1a: Ting-Lu|Whirlwind|p2a: Kommo-o
|drag|p2a: Iron Treads|Iron Treads|46/100
|-damage|p2a: Iron Treads|44/100|[from] Stealth Rock
|
|-heal|p2a: Iron Treads|50/100|[from] item: Leftovers
|-heal|p1a: Ting-Lu|74/100|[from] item: Leftovers
|upkeep
|turn|38
|
|t:|1769328154
|-end|p2a: Iron Treads|Quark Drive|[silent]
|switch|p2a: Skarmory|Skarmory, F|83/100
|-damage|p2a: Skarmory|70/100|[from] Stealth Rock
|move|p1a: Ting-Lu|Earthquake|p2a: Skarmory
|-immune|p2a: Skarmory
|
|-heal|p1a: Ting-Lu|80/100|[from] item: Leftovers
|upkeep
|turn|39
|
|t:|1769328166
|switch|p1a: Great Tusk|Great Tusk|52/100
|-damage|p1a: Great Tusk|40/100|[from] Spikes
|-damage|p1a: Great Tusk|37/100|[from] Stealth Rock
|move|p2a: Skarmory|Body Press|p1a: Great Tusk
|-damage|p1a: Great Tusk|22/100
|
|-heal|p1a: Great Tusk|28/100|[from] item: Leftovers
|upkeep
|turn|40
|
|t:|1769328175
|move|p1a: Great Tusk|Rapid Spin|p2a: Skarmory
|-resisted|p2a: Skarmory
|-crit|p2a: Skarmory
|-damage|p2a: Skarmory|63/100
|-boost|p1a: Great Tusk|spe|1
|-damage|p1a: Great Tusk|11/100|[from] item: Rocky Helmet|[of] p2a: Skarmory
|-sideend|p1: 123qazwsx|Spikes|[from] move: Rapid Spin|[of] p1a: Great Tusk
|-sideend|p1: 123qazwsx|Stealth Rock|[from] move: Rapid Spin|[of] p1a: Great Tusk
|move|p2a: Skarmory|Spikes|p1a: Great Tusk
|-sidestart|p1: 123qazwsx|Spikes
|
|-heal|p1a: Great Tusk|18/100|[from] item: Leftovers
|upkeep
|turn|41
|
|t:|1769328178
|move|p1a: Great Tusk|Knock Off|p2a: Skarmory
|-damage|p2a: Skarmory|45/100
|-damage|p1a: Great Tusk|1/100|[from] item: Rocky Helmet|[of] p2a: Skarmory
|-enditem|p2a: Skarmory|Rocky Helmet|[from] move: Knock Off|[of] p1a: Great Tusk
|move|p2a: Skarmory|Spikes|p1a: Great Tusk
|-sidestart|p1: 123qazwsx|Spikes
|
|-heal|p1a: Great Tusk|7/100|[from] item: Leftovers
|upkeep
|turn|42
|
|t:|1769328183
|move|p1a: Great Tusk|Rapid Spin|p2a: Skarmory
|-resisted|p2a: Skarmory
|-damage|p2a: Skarmory|41/100
|-boost|p1a: Great Tusk|spe|1
|-sideend|p1: 123qazwsx|Spikes|[from] move: Rapid Spin|[of] p1a: Great Tusk
|move|p2a: Skarmory|Roost|p2a: Skarmory
|-heal|p2a: Skarmory|91/100
|-singleturn|p2a: Skarmory|move: Roost
|
|-heal|p1a: Great Tusk|13/100|[from] item: Leftovers
|upkeep
|turn|43
|
|t:|1769328187
|-end|p1a: Great Tusk|Protosynthesis|[silent]
|switch|p1a: Hatterene|Hatterene, F|64/100
|move|p2a: Skarmory|Body Press|p1a: Hatterene
|-resisted|p1a: Hatterene
|-damage|p1a: Hatterene|57/100
|
|upkeep
|turn|44
|
|t:|1769328196
|switch|p2a: Kingambit|Kingambit, F|98/100 par
|-damage|p2a: Kingambit|92/100 par|[from] Stealth Rock
|-activate|p2a: Kingambit|ability: Supreme Overlord
|-start|p2a: Kingambit|fallen1|[silent]
|switch|p1a: Ting-Lu|Ting-Lu|80/100
|-ability|p1a: Ting-Lu|Vessel of Ruin
|
|-heal|p1a: Ting-Lu|86/100|[from] item: Leftovers
|-heal|p2a: Kingambit|98/100 par|[from] item: Leftovers
|upkeep
|turn|45
|
|t:|1769328204
|move|p1a: Ting-Lu|Earthquake|p2a: Kingambit
|-supereffective|p2a: Kingambit
|-damage|p2a: Kingambit|41/100 par
|move|p2a: Kingambit|Iron Head|p1a: Ting-Lu
|-damage|p1a: Ting-Lu|58/100
|
|-heal|p1a: Ting-Lu|64/100|[from] item: Leftovers
|-heal|p2a: Kingambit|48/100 par|[from] item: Leftovers
|upkeep
|turn|46
|
|t:|1769328212
|-end|p2a: Kingambit|fallen1|[silent]
|switch|p2a: Skarmory|Skarmory, F|91/100
|-damage|p2a: Skarmory|79/100|[from] Stealth Rock
|move|p1a: Ting-Lu|Earthquake|p2a: Skarmory
|-immune|p2a: Skarmory
|
|-heal|p1a: Ting-Lu|70/100|[from] item: Leftovers
|upkeep
|turn|47
|
|t:|1769328218
|switch|p2a: Walking Wake|Walking Wake, tera:Water|61/100 par
|switch|p1a: Hatterene|Hatterene, F|57/100
|
|upkeep
|turn|48
|l| mehvish
|
|t:|1769328228
|move|p2a: Walking Wake|Surf|p1a: Hatterene
|-damage|p1a: Hatterene|0 fnt
|faint|p1a: Hatterene
|
|upkeep
|
|t:|1769328233
|switch|p1a: Dragonite|Dragonite, F, tera:Fairy|32/100
|turn|49
|j| mehvish
|
|t:|1769328262
|-end|p2a: Walking Wake|Protosynthesis|[silent]
|switch|p2a: Skarmory|Skarmory, F|79/100
|-damage|p2a: Skarmory|67/100|[from] Stealth Rock
|move|p1a: Dragonite|Tera Blast|p2a: Skarmory|[anim] Tera Blast Fairy
|-resisted|p2a: Skarmory
|-damage|p2a: Skarmory|53/100
|
|-heal|p1a: Dragonite|38/100|[from] item: Leftovers
|upkeep
|turn|50
|
|t:|1769328281
|switch|p1a: Great Tusk|Great Tusk|13/100
|move|p2a: Skarmory|Roost|p2a: Skarmory
|-heal|p2a: Skarmory|100/100
|-singleturn|p2a: Skarmory|move: Roost
|
|-heal|p1a: Great Tusk|20/100|[from] item: Leftovers
|upkeep
|turn|51
|
|t:|1769328299
|move|p1a: Great Tusk|Ice Spinner|p2a: Skarmory
|-damage|p2a: Skarmory|86/100
|move|p2a: Skarmory|Body Press|p1a: Great Tusk
|-damage|p1a: Great Tusk|3/100
|
|-heal|p1a: Great Tusk|9/100|[from] item: Leftovers
|upkeep
|turn|52
|
|t:|1769328306
|-end|p1a: Great Tusk|Protosynthesis|[silent]
|switch|p1a: Dragonite|Dragonite, F, tera:Fairy|38/100
|move|p2a: Skarmory|Body Press|p1a: Dragonite
|-resisted|p1a: Dragonite
|-damage|p1a: Dragonite|24/100
|
|-heal|p1a: Dragonite|30/100|[from] item: Leftovers
|upkeep
|turn|53
|
|t:|1769328315
|move|p1a: Dragonite|Tera Blast|p2a: Skarmory|[anim] Tera Blast Fairy
|-resisted|p2a: Skarmory
|-damage|p2a: Skarmory|72/100
|move|p2a: Skarmory|Iron Defense|p2a: Skarmory
|-boost|p2a: Skarmory|def|2
|
|-heal|p1a: Dragonite|36/100|[from] item: Leftovers
|upkeep
|turn|54
|
|t:|1769328325
|switch|p1a: Ting-Lu|Ting-Lu|70/100
|-ability|p1a: Ting-Lu|Vessel of Ruin
|move|p2a: Skarmory|Iron Defense|p2a: Skarmory
|-boost|p2a: Skarmory|def|2
|
|-heal|p1a: Ting-Lu|77/100|[from] item: Leftovers
|upkeep
|turn|55
|
|t:|1769328329
|move|p2a: Skarmory|Body Press|p1a: Ting-Lu
|-supereffective|p1a: Ting-Lu
|-damage|p1a: Ting-Lu|0 fnt
|faint|p1a: Ting-Lu
|
|upkeep
|-message|123qazwsx forfeited.
|
|win|nezk025
|raw|123qazwsx's rating: 1449 &rarr; <strong>1426</strong><br />(-23 for losing)
|raw|nezk025's rating: 1405 &rarr; <strong>1428</strong><br />(+23 for winning)
|l|☆123qazwsx
|player|p1|
