|j|‽Gonzalogaja
|j|☆droppale
|t:|1769358746
|gametype|singles
|player|p1|Gonzalogaja|aaron|1294
|player|p2|droppale|hilbert|1285
|gen|9
|tier|[Gen 9] OU
|rated|
|rule|HP Percentage Mod: HP is shown in percentages
|rule|Endless Battle Clause: Forcing endless battles is banned
|rule|Species Clause: Limit one of each Pokémon
|rule|OHKO Clause: OHKO moves are banned
|rule|Evasion Items Clause: Evasion items are banned
|rule|Evasion Moves Clause: Evasion moves are banned
|rule|Evasion Abilities Clause: Evasion abilities are banned
|rule|Sleep Moves Clause: Sleep-inducing moves are banned
|clearpoke
|poke|p1|Porygon-Z|
|poke|p1|Hatterene, F|
|poke|p1|Corviknight, M|
|poke|p1|Inteleon, M|
|poke|p1|Dragonite, M|
|poke|p1|Tyranitar, M|
|poke|p2|Salamence, F|
|poke|p2|Slowking-Galar, M|
|poke|p2|Kingambit, M|
|poke|p2|Gholdengo|
|poke|p2|Great Tusk|
|poke|p2|Alomomola, M|
|teampreview
|inactive|Battle timer is ON: inactive players will automatically lose when time's up. (requested by Gonzalogaja)
|
|t:|1769358755
|teamsize|p1|6
|teamsize|p2|6
|start
|switch|p1a: Porygon-Z|Porygon-Z|100/100
|switch|p2a: Salamence|Salamence, F|100/100
|-ability|p1a: Porygon-Z|Download|boost
|-boost|p1a: Porygon-Z|atk|1
|-ability|p2a: Salamence|Intimidate|boost
|-unboost|p1a: Porygon-Z|atk|1
|turn|1
|
|t:|1769358761
|move|p1a: Porygon-Z|Ice Beam|p2a: Salamence
|-supereffective|p2a: Salamence
|-damage|p2a: Salamence|0 fnt
|faint|p2a: Salamence
|
|upkeep
|
|t:|1769358765
|switch|p2a: Great Tusk|Great Tusk|100/100
|turn|2
|
|t:|1769358769
|switch|p1a: Corviknight|Corviknight, M, shiny|100/100
|-ability|p1a: Corviknight|Pressure
|move|p2a: Great Tusk|Rapid Spin|p1a: Corviknight
|-resisted|p1a: Corviknight
|-damage|p1a: Corviknight|95/100
|-boost|p2a: Great Tusk|spe|1
|-damage|p2a: Great Tusk|84/100|[from] item: Rocky Helmet|[of] p1a: Corviknight
|
|upkeep
|turn|3
|inactive|droppale has 120 seconds left.
|
|t:|1769358805
|move|p2a: Great Tusk|Close Combat|p1a: Corviknight
|-damage|p1a: Corviknight|58/100
|-unboost|p2a: Great Tusk|def|1
|-unboost|p2a: Great Tusk|spd|1
|-damage|p2a: Great Tusk|68/100|[from] item: Rocky Helmet|[of] p1a: Corviknight
|move|p1a: Corviknight|Brave Bird|p2a: Great Tusk
|-supereffective|p2a: Great Tusk
|-damage|p2a: Great Tusk|0 fnt
|faint|p2a: Great Tusk
|-end|p2a: Great Tusk|Protosynthesis|[silent]
|-damage|p1a: Corviknight|37/100|[from] Recoil
|
|upkeep
|
|t:|1769358813
|switch|p2a: Gholdengo|Gholdengo|100/100
|-item|p2a: Gholdengo|Air Balloon
|turn|4
|
|t:|1769358818
|switch|p1a: Porygon-Z|Porygon-Z|100/100
|-ability|p1a: Porygon-Z|Download|boost
|-boost|p1a: Porygon-Z|spa|1
|move|p2a: Gholdengo|Nasty Plot|p2a: Gholdengo
|-boost|p2a: Gholdengo|spa|2
|
|upkeep
|turn|5
|
|t:|1769358827
|move|p1a: Porygon-Z|Shadow Ball|p2a: Gholdengo
|-supereffective|p2a: Gholdengo
|-damage|p2a: Gholdengo|0 fnt
|-enditem|p2a: Gholdengo|Air Balloon
|faint|p2a: Gholdengo
|
|upkeep
|
|t:|1769358834
|switch|p2a: Kingambit|Kingambit, M|100/100
|-activate|p2a: Kingambit|ability: Supreme Overlord
|-start|p2a: Kingambit|fallen3|[silent]
|-item|p2a: Kingambit|Air Balloon
|turn|6
|
|t:|1769358841
|switch|p1a: Corviknight|Corviknight, M, shiny|37/100
|-ability|p1a: Corviknight|Pressure
|move|p2a: Kingambit|Swords Dance|p2a: Kingambit
|-boost|p2a: Kingambit|atk|2
|
|upkeep
|turn|7
|
|t:|1769358849
|move|p2a: Kingambit|Sucker Punch||[still]
|-fail|p2a: Kingambit
|move|p1a: Corviknight|Roost|p1a: Corviknight
|-heal|p1a: Corviknight|87/100
|-singleturn|p1a: Corviknight|move: Roost
|
|upkeep
|turn|8
|
|t:|1769358853
|move|p1a: Corviknight|Body Press|p2a: Kingambit
|-supereffective|p2a: Kingambit
|-damage|p2a: Kingambit|15/100
|-enditem|p2a: Kingambit|Air Balloon
|move|p2a: Kingambit|Kowtow Cleave|p1a: Corviknight
|-damage|p1a: Corviknight|11/100
|-damage|p2a: Kingambit|0 fnt|[from] item: Rocky Helmet|[of] p1a: Corviknight
|faint|p2a: Kingambit
|-end|p2a: Kingambit|fallen3|[silent]
|
|upkeep
|
|t:|1769358864
|switch|p2a: Slowking|Slowking-Galar, M|100/100
|turn|9
|
|t:|1769358869
|move|p1a: Corviknight|Brave Bird|p2a: Slowking
|-damage|p2a: Slowking|62/100
|-damage|p1a: Corviknight|0 fnt|[from] Recoil
|faint|p1a: Corviknight
|-prepare|p2a: Slowking|Chilly Reception|[premajor]
|move|p2a: Slowking|Chilly Reception|p2a: Slowking
|-weather|Snowscape
|
|t:|1769358877
|switch|p2a: Alomomola|Alomomola, M|100/100|[from] Chilly Reception
|
|-weather|Snowscape|[upkeep]
|upkeep
|
|t:|1769358881
|switch|p1a: Porygon-Z|Porygon-Z|100/100
|-ability|p1a: Porygon-Z|Download|boost
|-boost|p1a: Porygon-Z|atk|1
|turn|10
|
|t:|1769358886
|move|p2a: Alomomola|Protect|p2a: Alomomola
|-singleturn|p2a: Alomomola|Protect
|move|p1a: Porygon-Z|Trick|p2a: Alomomola
|-activate|p2a: Alomomola|move: Protect
|
|-weather|Snowscape|[upkeep]
|upkeep
|turn|11
|
|t:|1769358895
|move|p1a: Porygon-Z|Trick|p2a: Alomomola
|-activate|p1a: Porygon-Z|move: Trick|[of] p2a: Alomomola
|-item|p2a: Alomomola|Choice Scarf|[from] move: Trick
|-item|p1a: Porygon-Z|Rocky Helmet|[from] move: Trick
|move|p2a: Alomomola|Flip Turn|p1a: Porygon-Z
|-damage|p1a: Porygon-Z|75/100
|-damage|p2a: Alomomola|84/100|[from] item: Rocky Helmet|[of] p1a: Porygon-Z
|
|t:|1769358902
|switch|p2a: Slowking|Slowking-Galar, M|95/100|[from] Flip Turn
|
|-weather|Snowscape|[upkeep]
|-heal|p2a: Slowking|100/100|[from] item: Black Sludge
|upkeep
|turn|12
|
|t:|1769358906
|move|p1a: Porygon-Z|Shadow Ball|p2a: Slowking
|-supereffective|p2a: Slowking
|-damage|p2a: Slowking|54/100
|move|p2a: Slowking|Sludge Bomb|p1a: Porygon-Z
|-damage|p1a: Porygon-Z|12/100
|
|-weather|Snowscape|[upkeep]
|-heal|p2a: Slowking|60/100|[from] item: Black Sludge
|upkeep
|turn|13
|
|t:|1769358915
|switch|p1a: Tyranitar|Tyranitar, M, shiny|100/100
|-weather|Sandstorm|[from] ability: Sand Stream|[of] p1a: Tyranitar
|move|p2a: Slowking|Sludge Bomb|p1a: Tyranitar
|-resisted|p1a: Tyranitar
|-damage|p1a: Tyranitar|92/100
|-status|p1a: Tyranitar|psn
|
|-weather|Sandstorm|[upkeep]
|-damage|p2a: Slowking|54/100|[from] Sandstorm
|-heal|p2a: Slowking|60/100|[from] item: Black Sludge
|-damage|p1a: Tyranitar|79/100 psn|[from] psn
|upkeep
|turn|14
|
|t:|1769358927
|switch|p2a: Alomomola|Alomomola, M|100/100
|move|p1a: Tyranitar|Earthquake|p2a: Alomomola
|-damage|p2a: Alomomola|70/100
|
|-weather|Sandstorm|[upkeep]
|-damage|p2a: Alomomola|64/100|[from] Sandstorm
|-damage|p1a: Tyranitar|67/100 psn|[from] psn
|upkeep
|turn|15
|
|t:|1769358934
|switch|p1a: Hatterene|Hatterene, F, shiny|100/100
|move|p2a: Alomomola|Flip Turn|p1a: Hatterene
|-damage|p1a: Hatterene|84/100
|
|t:|1769358940
|switch|p2a: Slowking|Slowking-Galar, M|93/100|[from] Flip Turn
|
|-weather|Sandstorm|[upkeep]
|-damage|p2a: Slowking|87/100|[from] Sandstorm
|-damage|p1a: Hatterene|78/100|[from] Sandstorm
|-heal|p2a: Slowking|93/100|[from] item: Black Sludge
|upkeep
|turn|16
|
|t:|1769358945
|move|p2a: Slowking|Sludge Bomb|p1a: Hatterene
|-supereffective|p1a: Hatterene
|-damage|p1a: Hatterene|0 fnt
|faint|p1a: Hatterene
|
|-weather|Sandstorm|[upkeep]
|-damage|p2a: Slowking|87/100|[from] Sandstorm
|-heal|p2a: Slowking|93/100|[from] item: Black Sludge
|upkeep
|
|t:|1769358957
|switch|p1a: Inteleon|Inteleon, M, shiny|100/100
|turn|17
|
|t:|1769358964
|move|p1a: Inteleon|Shadow Ball|p2a: Slowking
|-supereffective|p2a: Slowking
|-damage|p2a: Slowking|47/100
|-unboost|p2a: Slowking|spd|1
|move|p2a: Slowking|Sludge Bomb|p1a: Inteleon
|-damage|p1a: Inteleon|16/100
|
|-weather|none
|-heal|p2a: Slowking|54/100|[from] item: Black Sludge
|upkeep
|turn|18
|
|t:|1769358973
|switch|p2a: Alomomola|Alomomola, M|98/100
|move|p1a: Inteleon|Shadow Ball|p2a: Alomomola
|-damage|p2a: Alomomola|78/100
|
|upkeep
|turn|19
|
|t:|1769358980
|move|p1a: Inteleon|Shadow Ball|p2a: Alomomola
|-damage|p2a: Alomomola|58/100
|move|p2a: Alomomola|Flip Turn|p1a: Inteleon
|-resisted|p1a: Inteleon
|-damage|p1a: Inteleon|2/100
|
|t:|1769358987
|switch|p2a: Slowking|Slowking-Galar, M|87/100|[from] Flip Turn
|
|-heal|p2a: Slowking|93/100|[from] item: Black Sludge
|upkeep
|turn|20
|
|t:|1769358992
|move|p1a: Inteleon|Shadow Ball|p2a: Slowking
|-supereffective|p2a: Slowking
|-damage|p2a: Slowking|52/100
|move|p2a: Slowking|Future Sight|p1a: Inteleon
|-start|p2a: Slowking|move: Future Sight
|
|-heal|p2a: Slowking|58/100|[from] item: Black Sludge
|upkeep
|turn|21
|
|t:|1769359000
|switch|p2a: Alomomola|Alomomola, M|91/100
|move|p1a: Inteleon|Shadow Ball|p2a: Alomomola
|-damage|p2a: Alomomola|70/100
|
|upkeep
|turn|22
|
|t:|1769359007
|move|p1a: Inteleon|Shadow Ball|p2a: Alomomola
|-damage|p2a: Alomomola|49/100
|move|p2a: Alomomola|Flip Turn|p1a: Inteleon
|-resisted|p1a: Inteleon
|-damage|p1a: Inteleon|0 fnt
|faint|p1a: Inteleon
|
|t:|1769359012
|switch|p2a: Slowking|Slowking-Galar, M|91/100|[from] Flip Turn
|
|-hint|Future Sight did not hit because the target is fainted.
|-heal|p2a: Slowking|97/100|[from] item: Black Sludge
|upkeep
|
|t:|1769359027
|switch|p1a: Porygon-Z|Porygon-Z|12/100
|-ability|p1a: Porygon-Z|Download|boost
|-boost|p1a: Porygon-Z|atk|1
|turn|23
|
|t:|1769359032
|move|p1a: Porygon-Z|Trick|p2a: Slowking
|-activate|p1a: Porygon-Z|move: Trick|[of] p2a: Slowking
|-item|p2a: Slowking|Rocky Helmet|[from] move: Trick
|-item|p1a: Porygon-Z|Black Sludge|[from] move: Trick
|move|p2a: Slowking|Sludge Bomb|p1a: Porygon-Z
|-damage|p1a: Porygon-Z|0 fnt
|faint|p1a: Porygon-Z
|
|upkeep
|
|t:|1769359041
|switch|p1a: Dragonite|Dragonite, M|100/100
|turn|24
|
|t:|1769359044
|move|p1a: Dragonite|Dragon Dance|p1a: Dragonite
|-boost|p1a: Dragonite|atk|1
|-boost|p1a: Dragonite|spe|1
|move|p2a: Slowking|Sludge Bomb|p1a: Dragonite
|-damage|p1a: Dragonite|75/100
|-status|p1a: Dragonite|psn
|
|-damage|p1a: Dragonite|62/100 psn|[from] psn
|upkeep
|turn|25
|
|t:|1769359053
|switch|p2a: Alomomola|Alomomola, M|83/100
|move|p1a: Dragonite|Earthquake|p2a: Alomomola
|-damage|p2a: Alomomola|36/100
|
|-damage|p1a: Dragonite|50/100 psn|[from] psn
|upkeep
|turn|26
|
|t:|1769359066
|-terastallize|p1a: Dragonite|Normal
|move|p1a: Dragonite|Extreme Speed|p2a: Alomomola
|-damage|p2a: Alomomola|0 fnt
|faint|p2a: Alomomola
|
|-damage|p1a: Dragonite|38/100 psn|[from] psn
|upkeep
|
|t:|1769359072
|switch|p2a: Slowking|Slowking-Galar, M|100/100
|turn|27
|
|t:|1769359078
|move|p1a: Dragonite|Earthquake|p2a: Slowking
|-supereffective|p2a: Slowking
|-damage|p2a: Slowking|0 fnt
|faint|p2a: Slowking
|
|win|Gonzalogaja
|raw|Gonzalogaja's rating: 1294 &rarr; <strong>1318</strong><br />(+24 for winning)
|raw|droppale's rating: 1285 &rarr; <strong>1261</strong><br />(-24 for losing)
|l|‽Gonzalogaja
|player|p1|
|l|☆droppale
|player|p2|
