|j|☆ikun ngm
|j|☆velcrostuck
|t:|1769438487
|gametype|singles
|player|p1|ikun ngm|swimmer-gen4|1366
|player|p2|velcrostuck|marlon|1311
|gen|9
|tier|[Gen 9] OU
|rated|
|rule|HP Percentage Mod: HP is shown in percentages
|rule|Endless Battle Clause: Forcing endless battles is banned
|rule|Species Clause: Limit one of each Pokémon
|rule|OHKO Clause: OHKO moves are banned
|rule|Evasion Items Clause: Evasion items are banned
|rule|Evasion Moves Clause: Evasion moves are banned
|rule|Evasion Abilities Clause: Evasion abilities are banned
|rule|Sleep Moves Clause: Sleep-inducing moves are banned
|clearpoke
|poke|p1|Staraptor, F|
|poke|p1|Gholdengo|
|poke|p1|Zapdos-Galar|
|poke|p1|Articuno-Galar|
|poke|p1|Ribombee, M|
|poke|p1|Kilowattrel, M|
|poke|p2|Lokix, M|
|poke|p2|Ting-Lu|
|poke|p2|Latios, M|
|poke|p2|Gliscor, F|
|poke|p2|Iron Moth|
|poke|p2|Garganacl, F|
|teampreview
|inactive|Battle timer is ON: inactive players will automatically lose when time's up. (requested by velcrostuck)
|
|t:|1769438508
|teamsize|p1|6
|teamsize|p2|6
|start
|switch|p1a: Ribombee|Ribombee, M|100/100
|switch|p2a: Gliscor|Gliscor, F|100/100
|turn|1
|
|t:|1769438512
|move|p1a: Ribombee|Stun Spore|p2a: Gliscor
|-status|p2a: Gliscor|par
|move|p2a: Gliscor|Toxic|p1a: Ribombee
|-status|p1a: Ribombee|tox
|
|-damage|p1a: Ribombee|94/100 tox|[from] psn
|upkeep
|turn|2
|
|t:|1769438522
|move|p1a: Ribombee|Sticky Web|p2a: Gliscor
|-sidestart|p2: velcrostuck|move: Sticky Web
|cant|p2a: Gliscor|par
|
|-damage|p1a: Ribombee|82/100 tox|[from] psn
|upkeep
|turn|3
|
|t:|1769438527
|move|p1a: Ribombee|Moonblast|p2a: Gliscor
|-damage|p2a: Gliscor|69/100 par
|move|p2a: Gliscor|Spikes|p1a: Ribombee
|-sidestart|p1: ikun ngm|Spikes
|
|-damage|p1a: Ribombee|64/100 tox|[from] psn
|upkeep
|turn|4
|
|t:|1769438535
|move|p1a: Ribombee|Skill Swap|p2a: Gliscor
|-activate|p1a: Ribombee|move: Skill Swap|Poison Heal|Shield Dust|[of] p2a: Gliscor
|cant|p2a: Gliscor|par
|
|-heal|p1a: Ribombee|76/100 tox|[from] ability: Poison Heal
|upkeep
|turn|5
|
|t:|1769438542
|move|p1a: Ribombee|Moonblast|p2a: Gliscor
|-damage|p2a: Gliscor|36/100 par
|move|p2a: Gliscor|Spikes|p1a: Ribombee
|-sidestart|p1: ikun ngm|Spikes
|
|-heal|p1a: Ribombee|88/100 tox|[from] ability: Poison Heal
|upkeep
|turn|6
|
|t:|1769438549
|move|p1a: Ribombee|Moonblast|p2a: Gliscor
|-damage|p2a: Gliscor|1/100 par
|cant|p2a: Gliscor|par
|
|-heal|p1a: Ribombee|100/100 tox|[from] ability: Poison Heal
|upkeep
|turn|7
|
|t:|1769438555
|move|p1a: Ribombee|Moonblast|p2a: Gliscor
|-damage|p2a: Gliscor|0 fnt
|faint|p2a: Gliscor
|
|upkeep
|
|t:|1769438567
|switch|p2a: Garganacl|Garganacl, F, shiny|100/100
|-activate|p2a: Garganacl|move: Sticky Web
|-unboost|p2a: Garganacl|spe|1
|turn|8
|
|t:|1769438577
|switch|p1a: Zapdos|Zapdos-Galar|100/100
|move|p2a: Garganacl|Salt Cure|p1a: Zapdos
|-damage|p1a: Zapdos|84/100
|-start|p1a: Zapdos|Salt Cure
|
|-damage|p1a: Zapdos|71/100|[from] Salt Cure
|upkeep
|turn|9
|
|t:|1769438587
|move|p1a: Zapdos|Thunderous Kick|p2a: Garganacl
|-supereffective|p2a: Garganacl
|-damage|p2a: Garganacl|7/100
|-unboost|p2a: Garganacl|def|1
|move|p2a: Garganacl|Iron Defense|p2a: Garganacl
|-boost|p2a: Garganacl|def|2
|
|-heal|p2a: Garganacl|13/100|[from] item: Leftovers
|-damage|p1a: Zapdos|59/100|[from] Salt Cure
|upkeep
|turn|10
|
|t:|1769438596
|move|p2a: Garganacl|Protect|p2a: Garganacl
|-singleturn|p2a: Garganacl|Protect
|move|p1a: Zapdos|Thunderous Kick|p2a: Garganacl
|-activate|p2a: Garganacl|move: Protect
|
|-heal|p2a: Garganacl|19/100|[from] item: Leftovers
|-damage|p1a: Zapdos|46/100|[from] Salt Cure
|upkeep
|turn|11
|
|t:|1769438607
|switch|p2a: Ting-Lu|Ting-Lu|100/100
|-activate|p2a: Ting-Lu|move: Sticky Web
|-unboost|p2a: Ting-Lu|spe|1
|-ability|p2a: Ting-Lu|Vessel of Ruin
|move|p1a: Zapdos|Thunderous Kick|p2a: Ting-Lu
|-supereffective|p2a: Ting-Lu
|-damage|p2a: Ting-Lu|30/100
|-unboost|p2a: Ting-Lu|def|1
|
|-heal|p2a: Ting-Lu|36/100|[from] item: Leftovers
|-damage|p1a: Zapdos|34/100|[from] Salt Cure
|upkeep
|turn|12
|
|t:|1769438621
|-terastallize|p2a: Ting-Lu|Ghost
|move|p1a: Zapdos|Thunderous Kick|p2a: Ting-Lu
|-immune|p2a: Ting-Lu
|move|p2a: Ting-Lu|Stealth Rock|p1a: Zapdos
|-sidestart|p1: ikun ngm|move: Stealth Rock
|
|-heal|p2a: Ting-Lu|43/100|[from] item: Leftovers
|-damage|p1a: Zapdos|21/100|[from] Salt Cure
|upkeep
|turn|13
|
|t:|1769438631
|switch|p1a: Staraptor|Staraptor, F|100/100
|-damage|p1a: Staraptor|76/100|[from] Stealth Rock
|move|p2a: Ting-Lu|Whirlwind|p1a: Staraptor
|drag|p1a: Ribombee|Ribombee, M|100/100 tox
|-damage|p1a: Ribombee|84/100 tox|[from] Spikes
|-damage|p1a: Ribombee|59/100 tox|[from] Stealth Rock
|
|-heal|p2a: Ting-Lu|49/100|[from] item: Leftovers
|-damage|p1a: Ribombee|53/100 tox|[from] psn
|upkeep
|turn|14
|
|t:|1769438642
|move|p1a: Ribombee|Stun Spore|p2a: Ting-Lu
|-status|p2a: Ting-Lu|par
|cant|p2a: Ting-Lu|par
|
|-heal|p2a: Ting-Lu|55/100 par|[from] item: Leftovers
|-damage|p1a: Ribombee|41/100 tox|[from] psn
|upkeep
|turn|15
|
|t:|1769438651
|switch|p1a: Staraptor|Staraptor, F|76/100
|-damage|p1a: Staraptor|51/100|[from] Stealth Rock
|move|p2a: Ting-Lu|Ruination|p1a: Staraptor
|-damage|p1a: Staraptor|26/100
|
|-heal|p2a: Ting-Lu|61/100 par|[from] item: Leftovers
|upkeep
|turn|16
|
|t:|1769438661
|move|p1a: Staraptor|Brave Bird|p2a: Ting-Lu
|-damage|p2a: Ting-Lu|0 fnt
|faint|p2a: Ting-Lu
|-damage|p1a: Staraptor|0 fnt|[from] Recoil
|faint|p1a: Staraptor
|
|upkeep
|
|t:|1769438669
|switch|p1a: Ribombee|Ribombee, M|41/100 tox
|switch|p2a: Garganacl|Garganacl, F, shiny|19/100
|-damage|p1a: Ribombee|24/100 tox|[from] Spikes
|-damage|p1a: Ribombee|0 fnt|[from] Stealth Rock
|faint|p1a: Ribombee
|-activate|p2a: Garganacl|move: Sticky Web
|-unboost|p2a: Garganacl|spe|1
|
|t:|1769438683
|switch|p1a: Gholdengo|Gholdengo|100/100
|-damage|p1a: Gholdengo|84/100|[from] Spikes
|-damage|p1a: Gholdengo|78/100|[from] Stealth Rock
|turn|17
|
|t:|1769438688
|move|p2a: Garganacl|Protect|p2a: Garganacl
|-singleturn|p2a: Garganacl|Protect
|move|p1a: Gholdengo|Make It Rain|p2a: Garganacl
|-activate|p2a: Garganacl|move: Protect
|
|-heal|p2a: Garganacl|25/100|[from] item: Leftovers
|upkeep
|turn|18
|
|t:|1769438695
|move|p1a: Gholdengo|Make It Rain|p2a: Garganacl
|-supereffective|p2a: Garganacl
|-damage|p2a: Garganacl|0 fnt
|-unboost|p1a: Gholdengo|spa|1
|faint|p2a: Garganacl
|
|upkeep
|
|t:|1769438720
|switch|p2a: Latios|Latios, M|100/100
|turn|19
|inactive|velcrostuck has 120 seconds left.
|
|t:|1769438746
|move|p2a: Latios|Draco Meteor|p1a: Gholdengo|[miss]
|-miss|p2a: Latios|p1a: Gholdengo
|move|p1a: Gholdengo|Recover|p1a: Gholdengo
|-heal|p1a: Gholdengo|100/100
|
|upkeep
|turn|20
|
|t:|1769438760
|move|p2a: Latios|Draco Meteor|p1a: Gholdengo
|-resisted|p1a: Gholdengo
|-damage|p1a: Gholdengo|69/100
|-unboost|p2a: Latios|spa|2
|-enditem|p1a: Gholdengo|Red Card|[of] p2a: Latios
|drag|p2a: Iron Moth|Iron Moth|100/100
|-activate|p2a: Iron Moth|move: Sticky Web
|-unboost|p2a: Iron Moth|spe|1
|-enditem|p2a: Iron Moth|Booster Energy
|-activate|p2a: Iron Moth|ability: Quark Drive|[fromitem]
|-start|p2a: Iron Moth|quarkdrivespa
|move|p1a: Gholdengo|Shadow Ball|p2a: Iron Moth
|-damage|p2a: Iron Moth|78/100
|
|upkeep
|turn|21
|inactive|velcrostuck has 120 seconds left.
|inactive|velcrostuck has 90 seconds left.
|inactive|velcrostuck has 60 seconds left.
|
|t:|1769438843
|switch|p1a: Kilowattrel|Kilowattrel, M|100/100
|move|p2a: Iron Moth|Fiery Dance|p1a: Kilowattrel
|-damage|p1a: Kilowattrel|12/100
|
|upkeep
|turn|22
|
|t:|1769438857
|move|p1a: Kilowattrel|Hurricane|p2a: Iron Moth
|-crit|p2a: Iron Moth
|-damage|p2a: Iron Moth|0 fnt
|faint|p2a: Iron Moth
|-end|p2a: Iron Moth|Quark Drive|[silent]
|
|upkeep
|
|t:|1769438863
|switch|p2a: Lokix|Lokix, M|100/100
|turn|23
|
|t:|1769438871
|move|p2a: Lokix|First Impression|p1a: Kilowattrel
|-resisted|p1a: Kilowattrel
|-damage|p1a: Kilowattrel|0 fnt
|faint|p1a: Kilowattrel
|
|upkeep
|
|t:|1769438873
|switch|p1a: Zapdos|Zapdos-Galar|21/100
|-damage|p1a: Zapdos|9/100|[from] Stealth Rock
|turn|24
|
|t:|1769438880
|move|p2a: Lokix|Sucker Punch|p1a: Zapdos
|-resisted|p1a: Zapdos
|-damage|p1a: Zapdos|0 fnt
|faint|p1a: Zapdos
|
|upkeep
|
|t:|1769438884
|switch|p1a: Articuno|Articuno-Galar|100/100
|-damage|p1a: Articuno|76/100|[from] Stealth Rock
|turn|25
|inactive|velcrostuck has 60 seconds left.
|
|t:|1769438917
|move|p2a: Lokix|U-turn|p1a: Articuno
|-damage|p1a: Articuno|44/100
|
|t:|1769438919
|switch|p2a: Latios|Latios, M|100/100|[from] U-turn
|move|p1a: Articuno|Agility|p1a: Articuno
|-boost|p1a: Articuno|spe|2
|
|upkeep
|turn|26
|
|t:|1769438928
|move|p1a: Articuno|Stored Power|p2a: Latios
|-resisted|p2a: Latios
|-damage|p2a: Latios|84/100
|move|p2a: Latios|Ice Beam|p1a: Articuno
|-supereffective|p1a: Articuno
|-damage|p1a: Articuno|0 fnt
|faint|p1a: Articuno
|
|upkeep
|
|t:|1769438933
|switch|p1a: Gholdengo|Gholdengo|69/100
|-damage|p1a: Gholdengo|52/100|[from] Spikes
|-damage|p1a: Gholdengo|46/100|[from] Stealth Rock
|turn|27
|
|t:|1769438946
|move|p2a: Latios|Draco Meteor|p1a: Gholdengo
|-resisted|p1a: Gholdengo
|-damage|p1a: Gholdengo|15/100
|-unboost|p2a: Latios|spa|2
|move|p1a: Gholdengo|Recover|p1a: Gholdengo
|-heal|p1a: Gholdengo|65/100
|
|upkeep
|turn|28
|
|t:|1769438953
|move|p2a: Latios|Psychic Noise|p1a: Gholdengo
|-resisted|p1a: Gholdengo
|-damage|p1a: Gholdengo|55/100
|-start|p1a: Gholdengo|move: Heal Block
|cant|p1a: Gholdengo|move: Heal Block|Recover
|
|upkeep
|turn|29
|
|t:|1769438961
|move|p2a: Latios|Psychic Noise|p1a: Gholdengo
|-resisted|p1a: Gholdengo
|-damage|p1a: Gholdengo|46/100
|move|p1a: Gholdengo|Nasty Plot|p1a: Gholdengo
|-boost|p1a: Gholdengo|spa|2
|
|-end|p1a: Gholdengo|move: Heal Block
|upkeep
|turn|30
|
|t:|1769438970
|move|p2a: Latios|Psychic Noise|p1a: Gholdengo
|-resisted|p1a: Gholdengo
|-damage|p1a: Gholdengo|36/100
|-start|p1a: Gholdengo|move: Heal Block
|cant|p1a: Gholdengo|move: Heal Block|Recover
|
|upkeep
|turn|31
|inactive|velcrostuck has 90 seconds left.
|-message|ikun ngm forfeited.
|
|win|velcrostuck
|raw|ikun ngm's rating: 1366 &rarr; <strong>1343</strong><br />(-23 for losing)
|raw|velcrostuck's rating: 1311 &rarr; <strong>1334</strong><br />(+23 for winning)
|l|☆ikun ngm
|player|p1|
|l|☆velcrostuck
|player|p2|
