|j|☆xerkalm
|j|☆NoobishTrainerJoe
|t:|1769298490
|gametype|singles
|player|p1|xerkalm|101|1658
|player|p2|NoobishTrainerJoe|kurt|1671
|gen|9
|tier|[Gen 9] OU
|rated|
|rule|HP Percentage Mod: HP is shown in percentages
|rule|Endless Battle Clause: Forcing endless battles is banned
|rule|Species Clause: Limit one of each Pokémon
|rule|OHKO Clause: OHKO moves are banned
|rule|Evasion Items Clause: Evasion items are banned
|rule|Evasion Moves Clause: Evasion moves are banned
|rule|Evasion Abilities Clause: Evasion abilities are banned
|rule|Sleep Moves Clause: Sleep-inducing moves are banned
|clearpoke
|poke|p1|Comfey, F|
|poke|p1|Whimsicott, F|
|poke|p1|Iron Moth|
|poke|p1|Walking Wake|
|poke|p1|Great Tusk|
|poke|p1|Ninetales, F|
|poke|p2|Hydrapple, M|
|poke|p2|Gliscor, M|
|poke|p2|Slowking-Galar, M|
|poke|p2|Cinderace, M|
|poke|p2|Kingambit, M|
|poke|p2|Iron Valiant|
|teampreview
|inactive|Battle timer is ON: inactive players will automatically lose when time's up. (requested by xerkalm)
|
|t:|1769298508
|teamsize|p1|6
|teamsize|p2|6
|start
|switch|p1a: Ninetales|Ninetales, F|100/100
|switch|p2a: Gliscor|Gliscor, M, shiny|100/100
|-weather|SunnyDay|[from] ability: Drought|[of] p1a: Ninetales
|turn|1
|
|t:|1769298518
|move|p1a: Ninetales|Will-O-Wisp|p2a: Gliscor
|-status|p2a: Gliscor|brn
|move|p2a: Gliscor|Earthquake|p1a: Ninetales
|-supereffective|p1a: Ninetales
|-damage|p1a: Ninetales|50/100
|
|-weather|SunnyDay|[upkeep]
|-damage|p2a: Gliscor|94/100 brn|[from] brn
|upkeep
|turn|2
|
|t:|1769298533
|switch|p1a: Great Tusk|Great Tusk|100/100
|-activate|p1a: Great Tusk|ability: Protosynthesis
|-start|p1a: Great Tusk|protosynthesisspe
|switch|p2a: Iron Valiant|Iron Valiant, shiny|100/100
|-enditem|p2a: Iron Valiant|Booster Energy
|-activate|p2a: Iron Valiant|ability: Quark Drive|[fromitem]
|-start|p2a: Iron Valiant|quarkdrivespe
|
|-weather|SunnyDay|[upkeep]
|upkeep
|turn|3
|
|t:|1769298541
|-end|p1a: Great Tusk|Protosynthesis|[silent]
|switch|p1a: Iron Moth|Iron Moth|100/100
|-enditem|p1a: Iron Moth|Booster Energy
|-activate|p1a: Iron Moth|ability: Quark Drive|[fromitem]
|-start|p1a: Iron Moth|quarkdrivespa
|move|p2a: Iron Valiant|Knock Off|p1a: Iron Moth
|-damage|p1a: Iron Moth|66/100
|
|-weather|SunnyDay|[upkeep]
|upkeep
|turn|4
|
|t:|1769298554
|-end|p2a: Iron Valiant|Quark Drive|[silent]
|switch|p2a: Slowking|Slowking-Galar, M, shiny|100/100
|move|p1a: Iron Moth|Fiery Dance|p2a: Slowking
|-damage|p2a: Slowking|50/100
|-boost|p1a: Iron Moth|spa|1
|
|-weather|SunnyDay|[upkeep]
|upkeep
|turn|5
|
|t:|1769298566
|-terastallize|p2a: Slowking|Water
|move|p1a: Iron Moth|Fiery Dance|p2a: Slowking
|-resisted|p2a: Slowking
|-damage|p2a: Slowking|15/100
|-boost|p1a: Iron Moth|spa|1
|move|p2a: Slowking|Psychic Noise|p1a: Iron Moth
|-supereffective|p1a: Iron Moth
|-damage|p1a: Iron Moth|11/100
|-start|p1a: Iron Moth|move: Heal Block
|
|-weather|SunnyDay|[upkeep]
|upkeep
|turn|6
|j| blackgokuking
|
|t:|1769298581
|switch|p2a: Gliscor|Gliscor, M, shiny|94/100 brn
|move|p1a: Iron Moth|Overheat|p2a: Gliscor
|-crit|p2a: Gliscor
|-damage|p2a: Gliscor|0 fnt
|-unboost|p1a: Iron Moth|spa|2
|faint|p2a: Gliscor
|
|-weather|SunnyDay|[upkeep]
|-end|p1a: Iron Moth|move: Heal Block
|upkeep
|
|t:|1769298584
|switch|p2a: Iron Valiant|Iron Valiant, shiny|100/100
|turn|7
|
|t:|1769298587
|move|p2a: Iron Valiant|Knock Off|p1a: Iron Moth
|-damage|p1a: Iron Moth|0 fnt
|faint|p1a: Iron Moth
|-end|p1a: Iron Moth|Quark Drive|[silent]
|
|-weather|SunnyDay|[upkeep]
|upkeep
|
|t:|1769298590
|switch|p1a: Whimsicott|Whimsicott, F|100/100
|turn|8
|
|t:|1769298595
|-end|p2a: Iron Valiant|Quark Drive|[silent]
|switch|p2a: Cinderace|Cinderace, M, shiny|100/100
|move|p1a: Whimsicott|Moonblast|p2a: Cinderace
|-resisted|p2a: Cinderace
|-crit|p2a: Cinderace
|-damage|p2a: Cinderace|43/100
|-damage|p1a: Whimsicott|91/100|[from] item: Life Orb
|
|-weather|none
|upkeep
|turn|9
|
|t:|1769298601
|switch|p1a: Great Tusk|Great Tusk|100/100
|move|p2a: Cinderace|U-turn|p1a: Great Tusk
|-start|p2a: Cinderace|typechange|Bug|[from] ability: Libero
|-resisted|p1a: Great Tusk
|-damage|p1a: Great Tusk|89/100
|-damage|p2a: Cinderace|27/100|[from] item: Rocky Helmet|[of] p1a: Great Tusk
|
|t:|1769298606
|switch|p2a: Hydrapple|Hydrapple, M, shiny|100/100|[from] U-turn
|
|upkeep
|turn|10
|
|t:|1769298611
|switch|p2a: Cinderace|Cinderace, M, shiny|27/100
|move|p1a: Great Tusk|Ice Spinner|p2a: Cinderace
|-resisted|p2a: Cinderace
|-damage|p2a: Cinderace|11/100
|
|upkeep
|turn|11
|
|t:|1769298617
|switch|p2a: Hydrapple|Hydrapple, M, shiny|100/100
|move|p1a: Great Tusk|Rapid Spin|p2a: Hydrapple
|-damage|p2a: Hydrapple|89/100
|-boost|p1a: Great Tusk|spe|1
|
|upkeep
|turn|12
|
|t:|1769298621
|move|p1a: Great Tusk|Ice Spinner|p2a: Hydrapple
|-supereffective|p2a: Hydrapple
|-damage|p2a: Hydrapple|23/100
|move|p2a: Hydrapple|Giga Drain|p1a: Great Tusk
|-supereffective|p1a: Great Tusk
|-damage|p1a: Great Tusk|0 fnt
|-heal|p2a: Hydrapple|70/100|[from] drain|[of] p1a: Great Tusk
|faint|p1a: Great Tusk
|-end|p1a: Great Tusk|Protosynthesis|[silent]
|-damage|p2a: Hydrapple|60/100|[from] item: Life Orb
|
|upkeep
|
|t:|1769298625
|switch|p1a: Ninetales|Ninetales, F|50/100
|-weather|SunnyDay|[from] ability: Drought|[of] p1a: Ninetales
|turn|13
|
|t:|1769298632
|switch|p1a: Whimsicott|Whimsicott, F|91/100
|move|p2a: Hydrapple|Earth Power|p1a: Whimsicott
|-resisted|p1a: Whimsicott
|-damage|p1a: Whimsicott|62/100
|-damage|p2a: Hydrapple|50/100|[from] item: Life Orb
|
|-weather|SunnyDay|[upkeep]
|upkeep
|turn|14
|
|t:|1769298642
|switch|p2a: Cinderace|Cinderace, M, shiny|11/100
|move|p1a: Whimsicott|Growth|p1a: Whimsicott
|-boost|p1a: Whimsicott|atk|2
|-boost|p1a: Whimsicott|spa|2
|
|-weather|SunnyDay|[upkeep]
|upkeep
|turn|15
|
|t:|1769298649
|move|p2a: Cinderace|Sucker Punch|p1a: Whimsicott
|-start|p2a: Cinderace|typechange|Dark|[from] ability: Libero
|-resisted|p1a: Whimsicott
|-damage|p1a: Whimsicott|38/100
|move|p1a: Whimsicott|Giga Drain|p2a: Cinderace
|-damage|p2a: Cinderace|0 fnt
|-heal|p1a: Whimsicott|43/100|[from] drain|[of] p2a: Cinderace
|faint|p2a: Cinderace
|-damage|p1a: Whimsicott|34/100|[from] item: Life Orb
|
|-weather|SunnyDay|[upkeep]
|upkeep
|
|t:|1769298661
|switch|p2a: Kingambit|Kingambit, M, shiny|100/100
|-activate|p2a: Kingambit|ability: Supreme Overlord
|-start|p2a: Kingambit|fallen2|[silent]
|-item|p2a: Kingambit|Air Balloon
|turn|16
|
|t:|1769298671
|move|p2a: Kingambit|Sucker Punch|p1a: Whimsicott
|-resisted|p1a: Whimsicott
|-damage|p1a: Whimsicott|5/100
|move|p1a: Whimsicott|Moonblast|p2a: Kingambit
|-damage|p2a: Kingambit|0 fnt
|-enditem|p2a: Kingambit|Air Balloon
|faint|p2a: Kingambit
|-end|p2a: Kingambit|fallen2|[silent]
|-damage|p1a: Whimsicott|0 fnt|[from] item: Life Orb
|faint|p1a: Whimsicott
|
|-weather|SunnyDay|[upkeep]
|upkeep
|
|t:|1769298682
|switch|p1a: Walking Wake|Walking Wake|100/100
|switch|p2a: Hydrapple|Hydrapple, M, shiny|83/100
|-activate|p1a: Walking Wake|ability: Protosynthesis
|-start|p1a: Walking Wake|protosynthesisspe
|turn|17
|
|t:|1769298687
|switch|p2a: Iron Valiant|Iron Valiant, shiny|100/100
|move|p1a: Walking Wake|Draco Meteor|p2a: Iron Valiant
|-immune|p2a: Iron Valiant
|
|-weather|SunnyDay|[upkeep]
|upkeep
|turn|18
|
|t:|1769298691
|-end|p2a: Iron Valiant|Quark Drive|[silent]
|switch|p2a: Slowking|Slowking-Galar, M, shiny, tera:Water|48/100
|move|p1a: Walking Wake|Hydro Steam|p2a: Slowking
|-resisted|p2a: Slowking
|-damage|p2a: Slowking|32/100
|
|-weather|SunnyDay|[upkeep]
|upkeep
|turn|19
|
|t:|1769298701
|switch|p2a: Iron Valiant|Iron Valiant, shiny|100/100
|move|p1a: Walking Wake|Draco Meteor|p2a: Iron Valiant
|-immune|p2a: Iron Valiant
|
|-weather|SunnyDay|[upkeep]
|upkeep
|turn|20
|
|t:|1769298706
|-end|p2a: Iron Valiant|Quark Drive|[silent]
|switch|p2a: Slowking|Slowking-Galar, M, shiny, tera:Water|65/100
|move|p1a: Walking Wake|Hydro Steam|p2a: Slowking
|-resisted|p2a: Slowking
|-damage|p2a: Slowking|51/100
|
|-weather|none
|-end|p1a: Walking Wake|Protosynthesis
|upkeep
|turn|21
|
|t:|1769298717
|move|p1a: Walking Wake|Knock Off|p2a: Slowking
|-damage|p2a: Slowking|38/100
|-enditem|p2a: Slowking|Assault Vest|[from] move: Knock Off|[of] p1a: Walking Wake
|move|p2a: Slowking|Whirlpool|p1a: Walking Wake
|-resisted|p1a: Walking Wake
|-damage|p1a: Walking Wake|97/100
|-activate|p1a: Walking Wake|move: Whirlpool|[of] p2a: Slowking
|
|-damage|p1a: Walking Wake|85/100|[from] move: Whirlpool|[partiallytrapped]
|upkeep
|turn|22
|
|t:|1769298726
|switch|p2a: Iron Valiant|Iron Valiant, shiny|100/100
|move|p1a: Walking Wake|Draco Meteor|p2a: Iron Valiant
|-immune|p2a: Iron Valiant
|
|-end|p1a: Walking Wake|Whirlpool|[partiallytrapped]|[silent]
|upkeep
|turn|23
|
|t:|1769298732
|move|p2a: Iron Valiant|Knock Off|p1a: Walking Wake
|-damage|p1a: Walking Wake|58/100
|-enditem|p1a: Walking Wake|Assault Vest|[from] move: Knock Off|[of] p2a: Iron Valiant
|move|p1a: Walking Wake|Hydro Steam|p2a: Iron Valiant
|-damage|p2a: Iron Valiant|21/100
|
|upkeep
|turn|24
|
|t:|1769298738
|move|p2a: Iron Valiant|Moonblast|p1a: Walking Wake
|-supereffective|p1a: Walking Wake
|-damage|p1a: Walking Wake|0 fnt
|faint|p1a: Walking Wake
|-end|p1a: Walking Wake|Protosynthesis|[silent]
|
|upkeep
|
|t:|1769298741
|switch|p1a: Ninetales|Ninetales, F|50/100
|-weather|SunnyDay|[from] ability: Drought|[of] p1a: Ninetales
|turn|25
|
|t:|1769298747
|move|p2a: Iron Valiant|Destiny Bond|p2a: Iron Valiant
|-singlemove|p2a: Iron Valiant|Destiny Bond
|move|p1a: Ninetales|Weather Ball|p2a: Iron Valiant
|-damage|p2a: Iron Valiant|0 fnt
|faint|p2a: Iron Valiant
|-activate|p2a: Iron Valiant|move: Destiny Bond
|-end|p2a: Iron Valiant|Quark Drive|[silent]
|faint|p1a: Ninetales
|
|-weather|SunnyDay|[upkeep]
|upkeep
|
|t:|1769298753
|switch|p2a: Slowking|Slowking-Galar, M, shiny, tera:Water|71/100
|switch|p1a: Comfey|Comfey, F|100/100
|turn|26
|
|t:|1769298758
|-terastallize|p1a: Comfey|Water
|move|p1a: Comfey|Growth|p1a: Comfey
|-boost|p1a: Comfey|atk|2
|-boost|p1a: Comfey|spa|2
|move|p2a: Slowking|Psychic Noise|p1a: Comfey
|-damage|p1a: Comfey|73/100
|-start|p1a: Comfey|move: Heal Block
|
|-weather|SunnyDay|[upkeep]
|upkeep
|turn|27
|
|t:|1769298768
|move|p1a: Comfey|Growth|p1a: Comfey
|-boost|p1a: Comfey|atk|2
|-boost|p1a: Comfey|spa|2
|move|p2a: Slowking|Sludge Bomb|p1a: Comfey
|-damage|p1a: Comfey|39/100
|
|-weather|SunnyDay|[upkeep]
|-end|p1a: Comfey|move: Heal Block
|upkeep
|turn|28
|
|t:|1769298775
|move|p1a: Comfey|Stored Power|p2a: Slowking
|-damage|p2a: Slowking|0 fnt
|faint|p2a: Slowking
|-damage|p1a: Comfey|29/100|[from] item: Life Orb
|
|-weather|SunnyDay|[upkeep]
|upkeep
|
|t:|1769298778
|switch|p2a: Hydrapple|Hydrapple, M, shiny|100/100
|turn|29
|
|t:|1769298781
|move|p1a: Comfey|Draining Kiss|p2a: Hydrapple
|-supereffective|p2a: Hydrapple
|-damage|p2a: Hydrapple|0 fnt
|-heal|p1a: Comfey|100/100|[from] drain|[of] p2a: Hydrapple
|faint|p2a: Hydrapple
|-damage|p1a: Comfey|91/100|[from] item: Life Orb
|
|win|xerkalm
|raw|xerkalm's rating: 1658 &rarr; <strong>1679</strong><br />(+21 for winning)
|raw|NoobishTrainerJoe's rating: 1671 &rarr; <strong>1650</strong><br />(-21 for losing)
|l|☆NoobishTrainerJoe
|player|p2|
|l| blackgokuking
|l|☆xerkalm
|player|p1|
