|j|☆Jrmoore896
|j|☆jtrainer22
|t:|1769415091
|gametype|singles
|player|p1|Jrmoore896|red|1401
|player|p2|jtrainer22|hugh|1371
|gen|9
|tier|[Gen 9] OU
|rated|
|rule|HP Percentage Mod: HP is shown in percentages
|rule|Endless Battle Clause: Forcing endless battles is banned
|rule|Species Clause: Limit one of each Pokémon
|rule|OHKO Clause: OHKO moves are banned
|rule|Evasion Items Clause: Evasion items are banned
|rule|Evasion Moves Clause: Evasion moves are banned
|rule|Evasion Abilities Clause: Evasion abilities are banned
|rule|Sleep Moves Clause: Sleep-inducing moves are banned
|clearpoke
|poke|p1|Gholdengo|
|poke|p1|Hatterene, F|
|poke|p1|Dragapult, M|
|poke|p1|Weezing-Galar, M|
|poke|p1|Blissey, F|
|poke|p1|Kyurem|
|poke|p2|Primarina, M|
|poke|p2|Great Tusk|
|poke|p2|Kingambit, M|
|poke|p2|Slowking-Galar, M|
|poke|p2|Ogerpon, F|
|poke|p2|Enamorus, F|
|teampreview
|c|☆jtrainer22|glhf
|inactive|Battle timer is ON: inactive players will automatically lose when time's up. (requested by jtrainer22)
|
|t:|1769415106
|teamsize|p1|6
|teamsize|p2|6
|start
|switch|p1a: Dragapult|Dragapult, M|100/100
|switch|p2a: Anonymous|Ogerpon, F|100/100
|turn|1
|
|t:|1769415113
|switch|p2a: Overgod|Kingambit, M, shiny|100/100
|move|p1a: Dragapult|U-turn|p2a: Overgod
|-crit|p2a: Overgod
|-damage|p2a: Overgod|60/100
|
|t:|1769415131
|switch|p1a: Kyurem|Kyurem, shiny|100/100|[from] U-turn
|-ability|p1a: Kyurem|Pressure
|
|-heal|p2a: Overgod|66/100|[from] item: Leftovers
|upkeep
|turn|2
|
|t:|1769415139
|move|p1a: Kyurem|Earth Power|p2a: Overgod
|-supereffective|p2a: Overgod
|-damage|p2a: Overgod|0 fnt
|faint|p2a: Overgod
|-end|p2a: Overgod|fallenundefined|[silent]
|
|upkeep
|
|t:|1769415148
|switch|p2a: Mantra|Slowking-Galar, M, shiny|100/100
|turn|3
|
|t:|1769415155
|switch|p1a: Hatterene|Hatterene, F|100/100
|move|p2a: Mantra|Sludge Bomb|p1a: Hatterene
|-supereffective|p1a: Hatterene
|-damage|p1a: Hatterene|30/100
|
|-heal|p1a: Hatterene|36/100|[from] item: Leftovers
|upkeep
|turn|4
|
|t:|1769415170
|switch|p1a: Blissey|Blissey, F|100/100
|move|p2a: Mantra|Sludge Bomb|p1a: Blissey
|-damage|p1a: Blissey|90/100
|
|upkeep
|turn|5
|
|t:|1769415176
|switch|p2a: Celestine|Primarina, M, shiny|100/100
|move|p1a: Blissey|Trick|p2a: Celestine
|-activate|p1a: Blissey|move: Trick|[of] p2a: Celestine
|-item|p2a: Celestine|Choice Scarf|[from] move: Trick
|-item|p1a: Blissey|Leftovers|[from] move: Trick
|
|-heal|p1a: Blissey|96/100|[from] item: Leftovers
|upkeep
|turn|6
|
|t:|1769415189
|move|p2a: Celestine|Whirlpool|p1a: Blissey
|-damage|p1a: Blissey|89/100
|-activate|p1a: Blissey|move: Whirlpool|[of] p2a: Celestine
|move|p1a: Blissey|Stealth Rock|p2a: Celestine
|-sidestart|p2: jtrainer22|move: Stealth Rock
|
|-heal|p1a: Blissey|95/100|[from] item: Leftovers
|-damage|p1a: Blissey|83/100|[from] move: Whirlpool|[partiallytrapped]
|upkeep
|turn|7
|
|t:|1769415204
|move|p2a: Celestine|Whirlpool|p1a: Blissey
|-damage|p1a: Blissey|76/100
|move|p1a: Blissey|Seismic Toss|p2a: Celestine
|-damage|p2a: Celestine|67/100
|
|-heal|p1a: Blissey|82/100|[from] item: Leftovers
|-damage|p1a: Blissey|70/100|[from] move: Whirlpool|[partiallytrapped]
|upkeep
|turn|8
|
|t:|1769415214
|move|p2a: Celestine|Whirlpool|p1a: Blissey
|-damage|p1a: Blissey|63/100
|move|p1a: Blissey|Seismic Toss|p2a: Celestine
|-damage|p2a: Celestine|34/100
|
|-heal|p1a: Blissey|69/100|[from] item: Leftovers
|-damage|p1a: Blissey|56/100|[from] move: Whirlpool|[partiallytrapped]
|upkeep
|turn|9
|
|t:|1769415230
|-terastallize|p2a: Celestine|Ghost
|move|p2a: Celestine|Whirlpool|p1a: Blissey
|-damage|p1a: Blissey|50/100
|move|p1a: Blissey|Soft-Boiled|p1a: Blissey
|-heal|p1a: Blissey|99/100
|
|-heal|p1a: Blissey|100/100|[from] item: Leftovers
|-damage|p1a: Blissey|88/100|[from] move: Whirlpool|[partiallytrapped]
|upkeep
|turn|10
|inactive|Jrmoore896 has 120 seconds left.
|
|t:|1769415257
|switch|p2a: Behemoth|Great Tusk, shiny|100/100
|-damage|p2a: Behemoth|98/100|[from] Stealth Rock
|move|p1a: Blissey|Soft-Boiled|p1a: Blissey
|-heal|p1a: Blissey|100/100
|
|-end|p1a: Blissey|Whirlpool|[partiallytrapped]
|upkeep
|turn|11
|inactive|Jrmoore896 has 120 seconds left.
|
|t:|1769415276
|switch|p1a: Dragapult|Dragapult, M|100/100
|move|p2a: Behemoth|Stealth Rock|p1a: Dragapult
|-sidestart|p1: Jrmoore896|move: Stealth Rock
|
|upkeep
|turn|12
|
|t:|1769415285
|move|p1a: Dragapult|Dragon Darts|p2a: Behemoth
|-damage|p2a: Behemoth|67/100
|-anim|p1a: Dragapult|Dragon Darts|p2a: Behemoth
|-damage|p2a: Behemoth|37/100
|move|p2a: Behemoth|Ice Spinner|p1a: Dragapult
|-supereffective|p1a: Dragapult
|-damage|p1a: Dragapult|27/100
|
|upkeep
|turn|13
|
|t:|1769415296
|switch|p1a: Weezing|Weezing-Galar, M|100/100
|-ability|p1a: Weezing|Neutralizing Gas
|-end|p2a: Behemoth|Protosynthesis|[silent]
|switch|p2a: Gin|Enamorus, F, shiny|100/100
|-damage|p2a: Gin|76/100|[from] Stealth Rock
|
|upkeep
|turn|14
|
|t:|1769415306
|move|p2a: Gin|Earth Power|p1a: Weezing
|-supereffective|p1a: Weezing
|-damage|p1a: Weezing|12/100
|move|p1a: Weezing|Defog|p2a: Gin
|-unboost|p2a: Gin|evasion|1
|-sideend|p2: jtrainer22|Stealth Rock|[from] move: Defog|[of] p1a: Weezing
|-sideend|p1: Jrmoore896|Stealth Rock|[from] move: Defog|[of] p1a: Weezing
|
|upkeep
|turn|15
|
|t:|1769415315
|-end|p1a: Weezing|ability: Neutralizing Gas
|switch|p1a: Blissey|Blissey, F|100/100
|move|p2a: Gin|Earth Power|p1a: Blissey
|-damage|p1a: Blissey|88/100
|
|-heal|p1a: Blissey|94/100|[from] item: Leftovers
|upkeep
|turn|16
|inactive|jtrainer22 has 120 seconds left.
|
|t:|1769415347
|switch|p2a: Celestine|Primarina, M, shiny, tera:Ghost|34/100
|move|p1a: Blissey|Stealth Rock|p2a: Celestine
|-sidestart|p2: jtrainer22|move: Stealth Rock
|
|-heal|p1a: Blissey|100/100|[from] item: Leftovers
|upkeep
|turn|17
|inactive|jtrainer22 has 120 seconds left.
|
|t:|1769415364
|switch|p1a: Dragapult|Dragapult, M|27/100
|move|p2a: Celestine|Whirlpool|p1a: Dragapult
|-resisted|p1a: Dragapult
|-damage|p1a: Dragapult|12/100
|-activate|p1a: Dragapult|move: Whirlpool|[of] p2a: Celestine
|
|-damage|p1a: Dragapult|0 fnt|[from] move: Whirlpool|[partiallytrapped]
|faint|p1a: Dragapult
|upkeep
|
|t:|1769415375
|switch|p1a: Gholdengo|Gholdengo|100/100
|turn|18
|inactive|jtrainer22 has 120 seconds left.
|
|t:|1769415401
|move|p1a: Gholdengo|Shadow Ball|p2a: Celestine
|-supereffective|p2a: Celestine
|-damage|p2a: Celestine|0 fnt
|faint|p2a: Celestine
|
|upkeep
|
|t:|1769415412
|switch|p2a: Anonymous|Ogerpon, F|100/100
|-damage|p2a: Anonymous|88/100|[from] Stealth Rock
|turn|19
|
|t:|1769415421
|switch|p1a: Weezing|Weezing-Galar, M|12/100
|-ability|p1a: Weezing|Neutralizing Gas
|move|p2a: Anonymous|Knock Off|p1a: Weezing
|-resisted|p1a: Weezing
|-damage|p1a: Weezing|0 fnt
|-enditem|p1a: Weezing|Heavy-Duty Boots|[from] move: Knock Off|[of] p2a: Anonymous
|faint|p1a: Weezing
|-end|p1a: Weezing|ability: Neutralizing Gas
|
|upkeep
|
|t:|1769415443
|switch|p1a: Gholdengo|Gholdengo|100/100
|turn|20
|
|t:|1769415449
|-terastallize|p1a: Gholdengo|Steel
|move|p1a: Gholdengo|Make It Rain|p2a: Anonymous
|-damage|p2a: Anonymous|0 fnt
|-unboost|p1a: Gholdengo|spa|1
|faint|p2a: Anonymous
|
|upkeep
|
|t:|1769415453
|switch|p2a: Mantra|Slowking-Galar, M, shiny|100/100
|-damage|p2a: Mantra|88/100|[from] Stealth Rock
|turn|21
|
|t:|1769415471
|switch|p1a: Kyurem|Kyurem, shiny|100/100
|-ability|p1a: Kyurem|Pressure
|move|p2a: Mantra|Psychic Noise|p1a: Kyurem
|-damage|p1a: Kyurem|72/100
|-start|p1a: Kyurem|move: Heal Block
|
|upkeep
|turn|22
|
|t:|1769415484
|move|p1a: Kyurem|Earth Power|p2a: Mantra
|-supereffective|p2a: Mantra
|-damage|p2a: Mantra|36/100
|move|p2a: Mantra|Sludge Bomb|p1a: Kyurem
|-damage|p1a: Kyurem|38/100
|
|-end|p1a: Kyurem|move: Heal Block
|upkeep
|turn|23
|
|t:|1769415494
|switch|p1a: Gholdengo|Gholdengo, tera:Steel|100/100
|switch|p2a: Gin|Enamorus, F, shiny|76/100
|-damage|p2a: Gin|51/100|[from] Stealth Rock
|
|upkeep
|turn|24
|
|t:|1769415504
|switch|p2a: Behemoth|Great Tusk, shiny|37/100
|-damage|p2a: Behemoth|34/100|[from] Stealth Rock
|move|p1a: Gholdengo|Shadow Ball|p2a: Behemoth
|-damage|p2a: Behemoth|0 fnt
|faint|p2a: Behemoth
|-end|p2a: Behemoth|Protosynthesis|[silent]
|
|upkeep
|
|t:|1769415510
|switch|p2a: Gin|Enamorus, F, shiny|51/100
|-damage|p2a: Gin|26/100|[from] Stealth Rock
|turn|25
|
|t:|1769415518
|switch|p1a: Blissey|Blissey, F|100/100
|move|p2a: Gin|Mystical Fire|p1a: Blissey
|-damage|p1a: Blissey|91/100
|-unboost|p1a: Blissey|spa|1
|
|-heal|p1a: Blissey|97/100|[from] item: Leftovers
|upkeep
|turn|26
|
|t:|1769415528
|switch|p2a: Mantra|Slowking-Galar, M, shiny|69/100
|-damage|p2a: Mantra|56/100|[from] Stealth Rock
|move|p1a: Blissey|Seismic Toss|p2a: Mantra
|-damage|p2a: Mantra|31/100
|
|-heal|p1a: Blissey|100/100|[from] item: Leftovers
|upkeep
|turn|27
|
|t:|1769415537
|move|p1a: Blissey|Seismic Toss|p2a: Mantra
|-damage|p2a: Mantra|6/100
|move|p2a: Mantra|Psychic Noise|p1a: Blissey
|-damage|p1a: Blissey|91/100
|-start|p1a: Blissey|move: Heal Block
|
|upkeep
|turn|28
|
|t:|1769415546
|switch|p2a: Gin|Enamorus, F, shiny|26/100
|-damage|p2a: Gin|1/100|[from] Stealth Rock
|move|p1a: Blissey|Seismic Toss|p2a: Gin
|-damage|p2a: Gin|0 fnt
|faint|p2a: Gin
|
|-end|p1a: Blissey|move: Heal Block
|upkeep
|-message|jtrainer22 forfeited.
|
|win|Jrmoore896
|raw|Jrmoore896's rating: 1401 &rarr; <strong>1419</strong><br />(+18 for winning)
|raw|jtrainer22's rating: 1371 &rarr; <strong>1353</strong><br />(-18 for losing)
|l|☆jtrainer22
|player|p2|
