|j|☆godliestwalrus
|j|☆Ahigh
|t:|1769423794
|gametype|singles
|player|p1|godliestwalrus|acerola|1461
|player|p2|Ahigh|2|1416
|gen|9
|tier|[Gen 9] OU
|rated|
|rule|HP Percentage Mod: HP is shown in percentages
|rule|Endless Battle Clause: Forcing endless battles is banned
|rule|Species Clause: Limit one of each Pokémon
|rule|OHKO Clause: OHKO moves are banned
|rule|Evasion Items Clause: Evasion items are banned
|rule|Evasion Moves Clause: Evasion moves are banned
|rule|Evasion Abilities Clause: Evasion abilities are banned
|rule|Sleep Moves Clause: Sleep-inducing moves are banned
|clearpoke
|poke|p1|Primarina, F|
|poke|p1|Jirachi|
|poke|p1|Cinderace, M|
|poke|p1|Weavile, F|
|poke|p1|Landorus-Therian, M|
|poke|p1|Raging Bolt|
|poke|p2|Ogerpon-Wellspring, F|
|poke|p2|Garganacl, M|
|poke|p2|Walking Wake|
|poke|p2|Corviknight, F|
|poke|p2|Gliscor, F|
|poke|p2|Ceruledge, M|
|teampreview
|inactive|Battle timer is ON: inactive players will automatically lose when time's up. (requested by godliestwalrus)
|
|t:|1769423816
|teamsize|p1|6
|teamsize|p2|6
|start
|switch|p1a: Landorus|Landorus-Therian, M|100/100
|switch|p2a: Walking Wake|Walking Wake|100/100
|-ability|p1a: Landorus|Intimidate|boost
|-unboost|p2a: Walking Wake|atk|1
|turn|1
|
|t:|1769423823
|switch|p1a: Primarina|Primarina, F|100/100
|move|p2a: Walking Wake|Flip Turn|p1a: Primarina
|-resisted|p1a: Primarina
|-damage|p1a: Primarina|93/100
|
|t:|1769423831
|-end|p2a: Walking Wake|Protosynthesis|[silent]
|switch|p2a: Ogerpon|Ogerpon-Wellspring, F|100/100|[from] Flip Turn
|
|upkeep
|turn|2
|
|t:|1769423836
|switch|p1a: Cinderace|Cinderace, M|100/100
|move|p2a: Ogerpon|Horn Leech|p1a: Cinderace
|-resisted|p1a: Cinderace
|-damage|p1a: Cinderace|70/100
|
|upkeep
|turn|3
|
|t:|1769423844
|move|p2a: Ogerpon|Spiky Shield|p2a: Ogerpon
|-singleturn|p2a: Ogerpon|move: Protect
|move|p1a: Cinderace|U-turn|p2a: Ogerpon
|-start|p1a: Cinderace|typechange|Bug|[from] ability: Libero
|-activate|p2a: Ogerpon|move: Protect
|-damage|p1a: Cinderace|57/100|[from] Spiky Shield|[of] p2a: Ogerpon
|
|upkeep
|turn|4
|
|t:|1769423854
|switch|p1a: Landorus|Landorus-Therian, M|100/100
|-ability|p1a: Landorus|Intimidate|boost
|-unboost|p2a: Ogerpon|atk|1
|switch|p2a: Corviknight|Corviknight, F|100/100
|-ability|p2a: Corviknight|Pressure
|
|upkeep
|turn|5
|
|t:|1769423862
|move|p1a: Landorus|Stealth Rock|p2a: Corviknight
|-sidestart|p2: Ahigh|move: Stealth Rock
|move|p2a: Corviknight|Defog|p1a: Landorus
|-unboost|p1a: Landorus|evasion|1
|-sideend|p2: Ahigh|Stealth Rock|[from] move: Defog|[of] p2a: Corviknight
|
|upkeep
|turn|6
|
|t:|1769423869
|move|p1a: Landorus|Stealth Rock|p2a: Corviknight
|-sidestart|p2: Ahigh|move: Stealth Rock
|move|p2a: Corviknight|Defog|p1a: Landorus
|-unboost|p1a: Landorus|evasion|1
|-sideend|p2: Ahigh|Stealth Rock|[from] move: Defog|[of] p2a: Corviknight
|
|upkeep
|turn|7
|
|t:|1769423874
|move|p1a: Landorus|Taunt|p2a: Corviknight
|-start|p2a: Corviknight|move: Taunt
|move|p2a: Corviknight|U-turn|p1a: Landorus
|-resisted|p1a: Landorus
|-damage|p1a: Landorus|95/100
|-damage|p2a: Corviknight|84/100|[from] item: Rocky Helmet|[of] p1a: Landorus
|c|☆godliestwalrus|yo
|c|☆godliestwalrus|yo
|
|t:|1769423881
|switch|p2a: Walking Wake|Walking Wake|100/100|[from] U-turn
|
|upkeep
|turn|8
|c|☆godliestwalrus|u gotta die for that
|
|t:|1769423901
|switch|p1a: Primarina|Primarina, F|93/100
|move|p2a: Walking Wake|Hydro Steam|p1a: Primarina
|-resisted|p1a: Primarina
|-damage|p1a: Primarina|80/100
|
|upkeep
|turn|9
|
|t:|1769423921
|move|p2a: Walking Wake|Flip Turn|p1a: Primarina
|-resisted|p1a: Primarina
|-damage|p1a: Primarina|68/100
|
|t:|1769423924
|-end|p2a: Walking Wake|Protosynthesis|[silent]
|switch|p2a: Ogerpon|Ogerpon-Wellspring, F|100/100|[from] Flip Turn
|move|p1a: Primarina|Moonblast|p2a: Ogerpon
|-damage|p2a: Ogerpon|42/100
|
|upkeep
|turn|10
|
|t:|1769423934
|switch|p1a: Landorus|Landorus-Therian, M|95/100
|-ability|p1a: Landorus|Intimidate|boost
|-unboost|p2a: Ogerpon|atk|1
|move|p2a: Ogerpon|Horn Leech|p1a: Landorus
|-damage|p1a: Landorus|71/100
|-heal|p2a: Ogerpon|57/100|[from] drain|[of] p1a: Landorus
|-damage|p2a: Ogerpon|41/100|[from] item: Rocky Helmet|[of] p1a: Landorus
|
|upkeep
|turn|11
|
|t:|1769423949
|switch|p1a: Raging Bolt|Raging Bolt|100/100
|-terastallize|p2a: Ogerpon|Water
|detailschange|p2a: Ogerpon|Ogerpon-Wellspring-Tera, F, tera:Water
|-ability|p2a: Ogerpon|Embody Aspect (Wellspring)|boost
|-boost|p2a: Ogerpon|spd|1
|move|p2a: Ogerpon|Ivy Cudgel|p1a: Raging Bolt|[anim] Ivy Cudgel Water
|-resisted|p1a: Raging Bolt
|-damage|p1a: Raging Bolt|78/100
|
|-heal|p1a: Raging Bolt|84/100|[from] item: Leftovers
|upkeep
|turn|12
|
|t:|1769423960
|switch|p2a: Gliscor|Gliscor, F|100/100
|move|p1a: Raging Bolt|Calm Mind|p1a: Raging Bolt
|-boost|p1a: Raging Bolt|spa|1
|-boost|p1a: Raging Bolt|spd|1
|
|-heal|p1a: Raging Bolt|90/100|[from] item: Leftovers
|-status|p2a: Gliscor|tox|[from] item: Toxic Orb
|upkeep
|turn|13
|j| PepBaldFraud
|
|t:|1769423968
|move|p2a: Gliscor|Toxic|p1a: Raging Bolt
|-status|p1a: Raging Bolt|tox
|move|p1a: Raging Bolt|Draco Meteor|p2a: Gliscor
|-damage|p2a: Gliscor|0 fnt
|-unboost|p1a: Raging Bolt|spa|2
|faint|p2a: Gliscor
|
|-heal|p1a: Raging Bolt|96/100 tox|[from] item: Leftovers
|-damage|p1a: Raging Bolt|90/100 tox|[from] psn
|upkeep
|l| PepBaldFraud
|
|t:|1769423983
|switch|p2a: Walking Wake|Walking Wake|100/100
|turn|14
|
|t:|1769423989
|-end|p1a: Raging Bolt|Protosynthesis|[silent]
|switch|p1a: Primarina|Primarina, F|68/100
|move|p2a: Walking Wake|Flip Turn|p1a: Primarina
|-resisted|p1a: Primarina
|-damage|p1a: Primarina|58/100
|
|t:|1769423995
|-end|p2a: Walking Wake|Protosynthesis|[silent]
|switch|p2a: Ogerpon|Ogerpon-Wellspring-Tera, F, tera:Water|41/100|[from] Flip Turn
|-ability|p2a: Ogerpon|Embody Aspect (Wellspring)|boost
|-boost|p2a: Ogerpon|spd|1
|
|upkeep
|turn|15
|
|t:|1769424009
|switch|p1a: Raging Bolt|Raging Bolt|90/100 tox
|move|p2a: Ogerpon|Horn Leech|p1a: Raging Bolt
|-resisted|p1a: Raging Bolt
|-damage|p1a: Raging Bolt|70/100 tox
|-heal|p2a: Ogerpon|55/100|[from] drain|[of] p1a: Raging Bolt
|
|-heal|p1a: Raging Bolt|76/100 tox|[from] item: Leftovers
|-damage|p1a: Raging Bolt|70/100 tox|[from] psn
|upkeep
|turn|16
|
|t:|1769424021
|move|p2a: Ogerpon|Spiky Shield|p2a: Ogerpon
|-singleturn|p2a: Ogerpon|move: Protect
|move|p1a: Raging Bolt|Thunderbolt|p2a: Ogerpon
|-activate|p2a: Ogerpon|move: Protect
|
|-heal|p1a: Raging Bolt|76/100 tox|[from] item: Leftovers
|-damage|p1a: Raging Bolt|64/100 tox|[from] psn
|upkeep
|turn|17
|
|t:|1769424034
|switch|p2a: Garganacl|Garganacl, M|100/100
|move|p1a: Raging Bolt|Thunderbolt|p2a: Garganacl
|-damage|p2a: Garganacl|57/100
|
|-heal|p1a: Raging Bolt|70/100 tox|[from] item: Leftovers
|-heal|p2a: Garganacl|64/100|[from] item: Leftovers
|-damage|p1a: Raging Bolt|52/100 tox|[from] psn
|upkeep
|turn|18
|
|t:|1769424047
|-end|p1a: Raging Bolt|Protosynthesis|[silent]
|switch|p1a: Landorus|Landorus-Therian, M|71/100
|-ability|p1a: Landorus|Intimidate|boost
|-unboost|p2a: Garganacl|atk|1
|move|p2a: Garganacl|Salt Cure|p1a: Landorus
|-damage|p1a: Landorus|63/100
|-start|p1a: Landorus|Salt Cure
|
|-heal|p2a: Garganacl|70/100|[from] item: Leftovers
|-damage|p1a: Landorus|51/100|[from] Salt Cure
|upkeep
|turn|19
|
|t:|1769424057
|switch|p2a: Corviknight|Corviknight, F|84/100
|-ability|p2a: Corviknight|Pressure
|move|p1a: Landorus|Stealth Rock|p2a: Corviknight
|-sidestart|p2: Ahigh|move: Stealth Rock
|
|-damage|p1a: Landorus|39/100|[from] Salt Cure
|upkeep
|turn|20
|
|t:|1769424066
|switch|p1a: Jirachi|Jirachi|100/100
|move|p2a: Corviknight|U-turn|p1a: Jirachi
|-damage|p1a: Jirachi|89/100
|
|t:|1769424078
|switch|p2a: Ogerpon|Ogerpon-Wellspring-Tera, F, tera:Water|55/100|[from] U-turn
|-damage|p2a: Ogerpon|42/100|[from] Stealth Rock
|-ability|p2a: Ogerpon|Embody Aspect (Wellspring)|boost
|-boost|p2a: Ogerpon|spd|1
|
|-heal|p1a: Jirachi|95/100|[from] item: Leftovers
|upkeep
|turn|21
|
|t:|1769424082
|move|p2a: Ogerpon|Ivy Cudgel|p1a: Jirachi|[anim] Ivy Cudgel Water
|-damage|p1a: Jirachi|24/100
|move|p1a: Jirachi|Wish|p1a: Jirachi
|
|-heal|p1a: Jirachi|30/100|[from] item: Leftovers
|upkeep
|turn|22
|
|t:|1769424089
|switch|p1a: Raging Bolt|Raging Bolt|52/100 tox
|move|p2a: Ogerpon|Ivy Cudgel|p1a: Raging Bolt|[anim] Ivy Cudgel Water
|-resisted|p1a: Raging Bolt
|-damage|p1a: Raging Bolt|19/100 tox
|
|-heal|p1a: Raging Bolt|66/100 tox|[from] move: Wish|[wisher] Jirachi
|-heal|p1a: Raging Bolt|73/100 tox|[from] item: Leftovers
|-damage|p1a: Raging Bolt|66/100 tox|[from] psn
|upkeep
|turn|23
|
|t:|1769424104
|switch|p2a: Garganacl|Garganacl, M|70/100
|-damage|p2a: Garganacl|57/100|[from] Stealth Rock
|-end|p1a: Raging Bolt|Protosynthesis|[silent]
|switch|p1a: Weavile|Weavile, F|100/100
|
|-heal|p2a: Garganacl|64/100|[from] item: Leftovers
|upkeep
|turn|24
|
|t:|1769424123
|move|p1a: Weavile|Knock Off|p2a: Garganacl
|-damage|p2a: Garganacl|32/100
|-enditem|p2a: Garganacl|Leftovers|[from] move: Knock Off|[of] p1a: Weavile
|move|p2a: Garganacl|Body Press|p1a: Weavile
|-supereffective|p1a: Weavile
|-damage|p1a: Weavile|0 fnt
|faint|p1a: Weavile
|
|upkeep
|
|t:|1769424132
|switch|p1a: Primarina|Primarina, F|58/100
|turn|25
|
|t:|1769424137
|move|p1a: Primarina|Psychic Noise|p2a: Garganacl
|-supereffective|p2a: Garganacl
|-crit|p2a: Garganacl
|-damage|p2a: Garganacl|0 fnt
|faint|p2a: Garganacl
|
|upkeep
|
|t:|1769424148
|switch|p2a: Corviknight|Corviknight, F|84/100
|-ability|p2a: Corviknight|Pressure
|turn|26
|
|t:|1769424156
|move|p1a: Primarina|Psychic Noise|p2a: Corviknight
|-damage|p2a: Corviknight|45/100
|-start|p2a: Corviknight|move: Heal Block
|move|p2a: Corviknight|Defog|p1a: Primarina
|-unboost|p1a: Primarina|evasion|1
|-sideend|p2: Ahigh|Stealth Rock|[from] move: Defog|[of] p2a: Corviknight
|
|upkeep
|turn|27
|
|t:|1769424163
|move|p1a: Primarina|Psychic Noise|p2a: Corviknight
|-damage|p2a: Corviknight|7/100
|move|p2a: Corviknight|U-turn|p1a: Primarina
|-resisted|p1a: Primarina
|-damage|p1a: Primarina|48/100
|
|t:|1769424169
|switch|p2a: Ogerpon|Ogerpon-Wellspring-Tera, F, tera:Water|42/100|[from] U-turn
|-ability|p2a: Ogerpon|Embody Aspect (Wellspring)|boost
|-boost|p2a: Ogerpon|spd|1
|
|upkeep
|turn|28
|
|t:|1769424179
|switch|p1a: Jirachi|Jirachi|30/100
|move|p2a: Ogerpon|U-turn|p1a: Jirachi
|-damage|p1a: Jirachi|7/100
|
|t:|1769424186
|switch|p2a: Ceruledge|Ceruledge, M|100/100|[from] U-turn
|
|-heal|p1a: Jirachi|13/100|[from] item: Leftovers
|upkeep
|turn|29
|
|t:|1769424195
|move|p2a: Ceruledge|Swords Dance|p2a: Ceruledge
|-boost|p2a: Ceruledge|atk|2
|move|p1a: Jirachi|Wish|p1a: Jirachi
|
|-heal|p1a: Jirachi|19/100|[from] item: Leftovers
|upkeep
|turn|30
|
|t:|1769424201
|move|p2a: Ceruledge|Close Combat|p1a: Jirachi
|-damage|p1a: Jirachi|0 fnt
|-unboost|p2a: Ceruledge|def|1
|-unboost|p2a: Ceruledge|spd|1
|faint|p1a: Jirachi
|
|upkeep
|
|t:|1769424205
|switch|p1a: Landorus|Landorus-Therian, M|39/100
|-ability|p1a: Landorus|Intimidate|boost
|-unboost|p2a: Ceruledge|atk|1
|turn|31
|
|t:|1769424219
|switch|p1a: Primarina|Primarina, F|48/100
|move|p2a: Ceruledge|Swords Dance|p2a: Ceruledge
|-boost|p2a: Ceruledge|atk|2
|
|upkeep
|turn|32
|
|t:|1769424233
|move|p2a: Ceruledge|Bitter Blade|p1a: Primarina
|-resisted|p1a: Primarina
|-damage|p1a: Primarina|0 fnt
|faint|p1a: Primarina
|
|upkeep
|
|t:|1769424237
|switch|p1a: Landorus|Landorus-Therian, M|39/100
|-ability|p1a: Landorus|Intimidate|boost
|-unboost|p2a: Ceruledge|atk|1
|turn|33
|
|t:|1769424241
|-terastallize|p1a: Landorus|Water
|move|p2a: Ceruledge|Bitter Blade|p1a: Landorus
|-resisted|p1a: Landorus
|-damage|p1a: Landorus|1/100
|-damage|p2a: Ceruledge|84/100|[from] item: Rocky Helmet|[of] p1a: Landorus
|move|p1a: Landorus|Earthquake|p2a: Ceruledge
|-supereffective|p2a: Ceruledge
|-damage|p2a: Ceruledge|0 fnt
|faint|p2a: Ceruledge
|
|upkeep
|
|t:|1769424251
|switch|p2a: Ogerpon|Ogerpon-Wellspring-Tera, F, tera:Water|42/100
|-ability|p2a: Ogerpon|Embody Aspect (Wellspring)|boost
|-boost|p2a: Ogerpon|spd|1
|turn|34
|
|t:|1769424256
|move|p2a: Ogerpon|Horn Leech|p1a: Landorus
|-supereffective|p1a: Landorus
|-damage|p1a: Landorus|0 fnt
|-heal|p2a: Ogerpon|43/100|[from] drain|[of] p1a: Landorus
|-damage|p2a: Ogerpon|26/100|[from] item: Rocky Helmet|[of] p1a: Landorus
|faint|p1a: Landorus
|
|upkeep
|
|t:|1769424263
|switch|p1a: Cinderace|Cinderace, M|57/100
|turn|35
|
|t:|1769424267
|move|p1a: Cinderace|Gunk Shot|p2a: Ogerpon
|-start|p1a: Cinderace|typechange|Poison|[from] ability: Libero
|-damage|p2a: Ogerpon|0 fnt
|faint|p2a: Ogerpon
|detailschange|p2: Ogerpon|Ogerpon-Wellspring, F|[silent]
|
|upkeep
|
|t:|1769424272
|switch|p2a: Corviknight|Corviknight, F|7/100
|-ability|p2a: Corviknight|Pressure
|turn|36
|
|t:|1769424277
|move|p1a: Cinderace|Pyro Ball|p2a: Corviknight|[miss]
|-miss|p1a: Cinderace|p2a: Corviknight
|move|p2a: Corviknight|U-turn|p1a: Cinderace
|-resisted|p1a: Cinderace
|-damage|p1a: Cinderace|46/100
|
|t:|1769424282
|switch|p2a: Walking Wake|Walking Wake|100/100|[from] U-turn
|
|upkeep
|turn|37
|
|t:|1769424287
|move|p1a: Cinderace|Gunk Shot|p2a: Walking Wake
|-damage|p2a: Walking Wake|39/100
|move|p2a: Walking Wake|Hydro Steam|p1a: Cinderace
|-damage|p1a: Cinderace|0 fnt
|faint|p1a: Cinderace
|
|upkeep
|
|t:|1769424292
|switch|p1a: Raging Bolt|Raging Bolt|66/100 tox
|turn|38
|
|t:|1769424306
|move|p1a: Raging Bolt|Thunderclap|p2a: Walking Wake
|-damage|p2a: Walking Wake|0 fnt
|faint|p2a: Walking Wake
|-end|p2a: Walking Wake|Protosynthesis|[silent]
|
|-heal|p1a: Raging Bolt|73/100 tox|[from] item: Leftovers
|-damage|p1a: Raging Bolt|66/100 tox|[from] psn
|upkeep
|-message|Ahigh forfeited.
|
|win|godliestwalrus
|raw|godliestwalrus's rating: 1461 &rarr; <strong>1478</strong><br />(+17 for winning)
|raw|Ahigh's rating: 1416 &rarr; <strong>1399</strong><br />(-17 for losing)
|l|☆Ahigh
|player|p2|
|l|☆godliestwalrus
|player|p1|
