|j|☆bsgff
|j|☆7t 7tce
|t:|1769324217
|gametype|singles
|player|p1|bsgff|hilbert|1165
|player|p2|7t 7tce|firebreather|1182
|gen|9
|tier|[Gen 9] OU
|rated|
|rule|HP Percentage Mod: HP is shown in percentages
|rule|Endless Battle Clause: Forcing endless battles is banned
|rule|Species Clause: Limit one of each Pokémon
|rule|OHKO Clause: OHKO moves are banned
|rule|Evasion Items Clause: Evasion items are banned
|rule|Evasion Moves Clause: Evasion moves are banned
|rule|Evasion Abilities Clause: Evasion abilities are banned
|rule|Sleep Moves Clause: Sleep-inducing moves are banned
|clearpoke
|poke|p1|Corviknight, M|
|poke|p1|Garchomp, M|
|poke|p1|Snorlax, M|
|poke|p1|Alomomola, F|
|poke|p1|Darkrai|
|poke|p1|Hatterene, F|
|poke|p2|Ambipom, F|
|poke|p2|Skeledirge, M|
|poke|p2|Gliscor, F|
|poke|p2|Alomomola, F|
|poke|p2|Ceruledge, M|
|poke|p2|Great Tusk|
|teampreview
|inactive|Battle timer is ON: inactive players will automatically lose when time's up. (requested by 7t 7tce)
|
|t:|1769324229
|teamsize|p1|6
|teamsize|p2|6
|start
|switch|p1a: Hatterene|Hatterene, F, shiny|100/100
|switch|p2a: Ambipom|Ambipom, F|100/100
|turn|1
|
|t:|1769324233
|switch|p1a: Garchomp|Garchomp, M|100/100
|move|p2a: Ambipom|Fake Out|p1a: Garchomp
|-damage|p1a: Garchomp|79/100
|-damage|p2a: Ambipom|88/100|[from] ability: Rough Skin|[of] p1a: Garchomp
|-damage|p2a: Ambipom|72/100|[from] item: Rocky Helmet|[of] p1a: Garchomp
|-damage|p2a: Ambipom|62/100|[from] item: Life Orb
|
|upkeep
|turn|2
|
|t:|1769324244
|switch|p1a: Alomomola|Alomomola, F|100/100
|-terastallize|p2a: Ambipom|Normal
|move|p2a: Ambipom|Double-Edge|p1a: Alomomola
|-damage|p1a: Alomomola|39/100
|-damage|p2a: Ambipom|25/100|[from] Recoil
|-damage|p2a: Ambipom|15/100|[from] item: Life Orb
|
|upkeep
|turn|3
|
|t:|1769324255
|switch|p1a: Corviknight|Corviknight, M, shiny|100/100
|-ability|p1a: Corviknight|Pressure
|move|p2a: Ambipom|Double-Edge|p1a: Corviknight
|-resisted|p1a: Corviknight
|-damage|p1a: Corviknight|65/100
|-damage|p2a: Ambipom|0 fnt|[from] Recoil
|faint|p2a: Ambipom
|
|-heal|p1a: Corviknight|72/100|[from] item: Leftovers
|upkeep
|
|t:|1769324263
|switch|p2a: Ceruledge|Ceruledge, M|100/100
|turn|4
|
|t:|1769324274
|switch|p1a: Garchomp|Garchomp, M|79/100
|move|p2a: Ceruledge|Swords Dance|p2a: Ceruledge
|-boost|p2a: Ceruledge|atk|2
|
|upkeep
|turn|5
|
|t:|1769324282
|switch|p1a: Snorlax|Snorlax, M|100/100
|move|p2a: Ceruledge|Bitter Blade|p1a: Snorlax
|-crit|p1a: Snorlax
|-damage|p1a: Snorlax|50/100
|
|upkeep
|turn|6
|
|t:|1769324294
|switch|p1a: Garchomp|Garchomp, M|79/100
|move|p2a: Ceruledge|Bitter Blade|p1a: Garchomp
|-resisted|p1a: Garchomp
|-damage|p1a: Garchomp|52/100
|-damage|p2a: Ceruledge|88/100|[from] ability: Rough Skin|[of] p1a: Garchomp
|-damage|p2a: Ceruledge|72/100|[from] item: Rocky Helmet|[of] p1a: Garchomp
|
|upkeep
|turn|7
|
|t:|1769324306
|move|p2a: Ceruledge|Poltergeist|p1a: Garchomp
|-activate|p1a: Garchomp|move: Poltergeist|Rocky Helmet
|-damage|p1a: Garchomp|0 fnt
|faint|p1a: Garchomp
|
|upkeep
|
|t:|1769324308
|switch|p1a: Darkrai|Darkrai|100/100
|turn|8
|
|t:|1769324314
|move|p1a: Darkrai|Dark Pulse|p2a: Ceruledge
|-supereffective|p2a: Ceruledge
|-damage|p2a: Ceruledge|0 fnt
|faint|p2a: Ceruledge
|
|upkeep
|
|t:|1769324318
|switch|p2a: Gliscor|Gliscor, F|100/100
|turn|9
|
|t:|1769324321
|move|p1a: Darkrai|Ice Beam|p2a: Gliscor
|-supereffective|p2a: Gliscor
|-damage|p2a: Gliscor|0 fnt
|faint|p2a: Gliscor
|
|upkeep
|
|t:|1769324324
|switch|p2a: Alomomola|Alomomola, F|100/100
|turn|10
|-message|7t 7tce forfeited.
|
|win|bsgff
|raw|bsgff's rating: 1165 &rarr; <strong>1191</strong><br />(+26 for winning)
|raw|7t 7tce's rating: 1182 &rarr; <strong>1156</strong><br />(-26 for losing)
|l|☆7t 7tce
|player|p2|
|l|☆bsgff
|player|p1|
