|j|☆ViciousGengar
|j|☆AFish14
|t:|1769376032
|gametype|singles
|player|p1|ViciousGengar|ghetsis-gen5bw|1487
|player|p2|AFish14|169|1512
|gen|9
|tier|[Gen 9] OU
|rated|
|rule|HP Percentage Mod: HP is shown in percentages
|rule|Endless Battle Clause: Forcing endless battles is banned
|rule|Species Clause: Limit one of each Pokémon
|rule|OHKO Clause: OHKO moves are banned
|rule|Evasion Items Clause: Evasion items are banned
|rule|Evasion Moves Clause: Evasion moves are banned
|rule|Evasion Abilities Clause: Evasion abilities are banned
|rule|Sleep Moves Clause: Sleep-inducing moves are banned
|clearpoke
|poke|p1|Tyranitar, F|
|poke|p1|Excadrill, F|
|poke|p1|Ogerpon-Cornerstone, F|
|poke|p1|Tornadus-Therian, M|
|poke|p1|Toxapex, M|
|poke|p1|Iron Valiant|
|poke|p2|Porygon2|
|poke|p2|Dragonite, F|
|poke|p2|Arcanine, F|
|poke|p2|Gengar, F|
|poke|p2|Iron Valiant|
|poke|p2|Metagross|
|teampreview
|inactive|Battle timer is ON: inactive players will automatically lose when time's up. (requested by AFish14)
|inactive|ViciousGengar also wants the timer to be on.
|
|t:|1769376046
|teamsize|p1|6
|teamsize|p2|6
|start
|switch|p1a: Toxapex|Toxapex, M, shiny|100/100
|switch|p2a: Arcanine|Arcanine, F|100/100
|-ability|p2a: Arcanine|Intimidate|boost
|-unboost|p1a: Toxapex|atk|1
|turn|1
|
|t:|1769376057
|move|p2a: Arcanine|Close Combat|p1a: Toxapex
|-resisted|p1a: Toxapex
|-damage|p1a: Toxapex|81/100
|-unboost|p2a: Arcanine|def|1
|-unboost|p2a: Arcanine|spd|1
|-enditem|p1a: Toxapex|Eject Button
|
|t:|1769376063
|switch|p1a: Tyranitar|Tyranitar, F, shiny|100/100
|-weather|Sandstorm|[from] ability: Sand Stream|[of] p1a: Tyranitar
|
|-weather|Sandstorm|[upkeep]
|-damage|p2a: Arcanine|94/100|[from] Sandstorm
|upkeep
|turn|2
|
|t:|1769376068
|switch|p1a: Toxapex|Toxapex, M, shiny|100/100
|move|p2a: Arcanine|Close Combat|p1a: Toxapex
|-resisted|p1a: Toxapex
|-damage|p1a: Toxapex|82/100
|-unboost|p2a: Arcanine|def|1
|-unboost|p2a: Arcanine|spd|1
|
|-weather|Sandstorm|[upkeep]
|-damage|p2a: Arcanine|88/100|[from] Sandstorm
|-damage|p1a: Toxapex|76/100|[from] Sandstorm
|upkeep
|turn|3
|
|t:|1769376071
|switch|p2a: Porygon2|Porygon2, shiny|100/100
|-ability|p2a: Porygon2|Download|boost
|-boost|p2a: Porygon2|atk|1
|move|p1a: Toxapex|Infestation|p2a: Porygon2
|-damage|p2a: Porygon2|98/100
|-activate|p2a: Porygon2|move: Infestation|[of] p1a: Toxapex
|
|-weather|Sandstorm|[upkeep]
|-damage|p2a: Porygon2|92/100|[from] Sandstorm
|-damage|p1a: Toxapex|70/100|[from] Sandstorm
|-damage|p2a: Porygon2|80/100|[from] move: Infestation|[partiallytrapped]
|upkeep
|turn|4
|
|t:|1769376077
|move|p2a: Porygon2|Discharge|p1a: Toxapex
|-supereffective|p1a: Toxapex
|-damage|p1a: Toxapex|35/100
|move|p1a: Toxapex|Toxic|p2a: Porygon2
|-status|p2a: Porygon2|tox
|
|-weather|Sandstorm|[upkeep]
|-damage|p2a: Porygon2|74/100 tox|[from] Sandstorm
|-damage|p1a: Toxapex|30/100|[from] Sandstorm
|-damage|p2a: Porygon2|68/100 tox|[from] psn
|-damage|p2a: Porygon2|55/100 tox|[from] move: Infestation|[partiallytrapped]
|upkeep
|turn|5
|
|t:|1769376091
|switch|p1a: Excadrill|Excadrill, F, shiny|100/100
|move|p2a: Porygon2|Recover|p2a: Porygon2
|-heal|p2a: Porygon2|100/100 tox
|
|-weather|Sandstorm|[upkeep]
|-damage|p2a: Porygon2|94/100 tox|[from] Sandstorm
|-damage|p2a: Porygon2|82/100 tox|[from] psn
|-end|p2a: Porygon2|Infestation|[partiallytrapped]|[silent]
|upkeep
|turn|6
|
|t:|1769376098
|move|p1a: Excadrill|Substitute|p1a: Excadrill
|-start|p1a: Excadrill|Substitute
|-damage|p1a: Excadrill|76/100
|move|p2a: Porygon2|Ice Beam|p1a: Excadrill
|-end|p1a: Excadrill|Substitute
|
|-weather|Sandstorm|[upkeep]
|-damage|p2a: Porygon2|76/100 tox|[from] Sandstorm
|-heal|p1a: Excadrill|82/100|[from] item: Leftovers
|-damage|p2a: Porygon2|57/100 tox|[from] psn
|upkeep
|turn|7
|
|t:|1769376104
|move|p1a: Excadrill|Earthquake|p2a: Porygon2
|-damage|p2a: Porygon2|20/100 tox
|move|p2a: Porygon2|Ice Beam|p1a: Excadrill
|-damage|p1a: Excadrill|45/100
|
|-weather|Sandstorm|[upkeep]
|-damage|p2a: Porygon2|14/100 tox|[from] Sandstorm
|-heal|p1a: Excadrill|51/100|[from] item: Leftovers
|-damage|p2a: Porygon2|0 fnt|[from] psn
|faint|p2a: Porygon2
|upkeep
|
|t:|1769376110
|switch|p2a: Dragonite|Dragonite, F|100/100
|turn|8
|
|t:|1769376115
|move|p1a: Excadrill|Rock Slide|p2a: Dragonite|[miss]
|-miss|p1a: Excadrill|p2a: Dragonite
|move|p2a: Dragonite|Earthquake|p1a: Excadrill
|-supereffective|p1a: Excadrill
|-damage|p1a: Excadrill|0 fnt
|faint|p1a: Excadrill
|
|-weather|none
|upkeep
|
|t:|1769376121
|switch|p1a: Tyranitar|Tyranitar, F, shiny|100/100
|-weather|Sandstorm|[from] ability: Sand Stream|[of] p1a: Tyranitar
|turn|9
|
|t:|1769376124
|move|p1a: Tyranitar|Stealth Rock|p2a: Dragonite
|-sidestart|p2: AFish14|move: Stealth Rock
|move|p2a: Dragonite|Earthquake|p1a: Tyranitar
|-supereffective|p1a: Tyranitar
|-damage|p1a: Tyranitar|24/100
|
|-weather|Sandstorm|[upkeep]
|-damage|p2a: Dragonite|94/100|[from] Sandstorm
|upkeep
|turn|10
|
|t:|1769376131
|move|p1a: Tyranitar|Ice Punch|p2a: Dragonite
|-supereffective|p2a: Dragonite
|-damage|p2a: Dragonite|0 fnt
|faint|p2a: Dragonite
|
|-weather|Sandstorm|[upkeep]
|upkeep
|
|t:|1769376139
|switch|p2a: Metagross|Metagross|100/100
|-damage|p2a: Metagross|95/100|[from] Stealth Rock
|turn|11
|
|t:|1769376144
|move|p1a: Tyranitar|Knock Off|p2a: Metagross
|-supereffective|p2a: Metagross
|-damage|p2a: Metagross|11/100
|-enditem|p2a: Metagross|Weakness Policy
|-boost|p2a: Metagross|atk|2|[from] item: Weakness Policy
|-boost|p2a: Metagross|spa|2|[from] item: Weakness Policy
|move|p2a: Metagross|Agility|p2a: Metagross
|-boost|p2a: Metagross|spe|2
|
|-weather|Sandstorm|[upkeep]
|upkeep
|turn|12
|
|t:|1769376152
|move|p2a: Metagross|Iron Head|p1a: Tyranitar
|-supereffective|p1a: Tyranitar
|-damage|p1a: Tyranitar|0 fnt
|faint|p1a: Tyranitar
|
|-weather|Sandstorm|[upkeep]
|upkeep
|
|t:|1769376156
|switch|p1a: Iron Valiant|Iron Valiant, shiny|100/100
|turn|13
|
|t:|1769376161
|move|p1a: Iron Valiant|Vacuum Wave|p2a: Metagross
|-damage|p2a: Metagross|0 fnt
|faint|p2a: Metagross
|
|-weather|Sandstorm|[upkeep]
|-damage|p1a: Iron Valiant|94/100|[from] Sandstorm
|upkeep
|
|t:|1769376170
|switch|p2a: Iron Valiant|Iron Valiant|100/100
|-damage|p2a: Iron Valiant|95/100|[from] Stealth Rock
|-enditem|p2a: Iron Valiant|Booster Energy
|-activate|p2a: Iron Valiant|ability: Quark Drive|[fromitem]
|-start|p2a: Iron Valiant|quarkdrivespe
|turn|14
|
|t:|1769376176
|-end|p1a: Iron Valiant|Quark Drive|[silent]
|switch|p1a: Toxapex|Toxapex, M, shiny|63/100
|move|p2a: Iron Valiant|Moonblast|p1a: Toxapex
|-resisted|p1a: Toxapex
|-damage|p1a: Toxapex|46/100
|-unboost|p1a: Toxapex|spa|1
|
|-weather|Sandstorm|[upkeep]
|-damage|p2a: Iron Valiant|89/100|[from] Sandstorm
|-damage|p1a: Toxapex|40/100|[from] Sandstorm
|upkeep
|turn|15
|
|t:|1769376183
|move|p2a: Iron Valiant|Shadow Ball|p1a: Toxapex
|-damage|p1a: Toxapex|22/100
|move|p1a: Toxapex|Recover|p1a: Toxapex
|-heal|p1a: Toxapex|72/100
|
|-weather|Sandstorm|[upkeep]
|-damage|p2a: Iron Valiant|83/100|[from] Sandstorm
|-damage|p1a: Toxapex|66/100|[from] Sandstorm
|upkeep
|turn|16
|
|t:|1769376191
|-end|p2a: Iron Valiant|Quark Drive|[silent]
|switch|p2a: Arcanine|Arcanine, F|88/100
|-damage|p2a: Arcanine|63/100|[from] Stealth Rock
|-ability|p2a: Arcanine|Intimidate|boost
|-unboost|p1a: Toxapex|atk|1
|move|p1a: Toxapex|Toxic|p2a: Arcanine
|-status|p2a: Arcanine|tox
|
|-weather|none
|-damage|p2a: Arcanine|57/100 tox|[from] psn
|upkeep
|turn|17
|
|t:|1769376197
|move|p2a: Arcanine|Wild Charge|p1a: Toxapex
|-supereffective|p1a: Toxapex
|-damage|p1a: Toxapex|8/100
|-damage|p2a: Arcanine|43/100 tox|[from] Recoil
|move|p1a: Toxapex|Infestation|p2a: Arcanine
|-resisted|p2a: Arcanine
|-damage|p2a: Arcanine|42/100 tox
|-activate|p2a: Arcanine|move: Infestation|[of] p1a: Toxapex
|
|-damage|p2a: Arcanine|29/100 tox|[from] psn
|-damage|p2a: Arcanine|17/100 tox|[from] move: Infestation|[partiallytrapped]
|upkeep
|turn|18
|
|t:|1769376215
|move|p2a: Arcanine|Wild Charge|p1a: Toxapex
|-supereffective|p1a: Toxapex
|-damage|p1a: Toxapex|0 fnt
|faint|p1a: Toxapex
|-damage|p2a: Arcanine|15/100 tox|[from] Recoil
|
|-damage|p2a: Arcanine|0 fnt|[from] psn
|faint|p2a: Arcanine
|upkeep
|
|t:|1769376224
|switch|p2a: Gengar|Gengar, F|100/100
|switch|p1a: Iron Valiant|Iron Valiant, shiny|94/100
|-damage|p2a: Gengar|88/100|[from] Stealth Rock
|turn|19
|
|t:|1769376232
|-terastallize|p1a: Iron Valiant|Ghost
|move|p2a: Gengar|Sludge Wave|p1a: Iron Valiant
|-resisted|p1a: Iron Valiant
|-damage|p1a: Iron Valiant|45/100
|move|p1a: Iron Valiant|Shadow Ball|p2a: Gengar
|-supereffective|p2a: Gengar
|-damage|p2a: Gengar|0 fnt
|faint|p2a: Gengar
|
|upkeep
|
|t:|1769376238
|switch|p2a: Iron Valiant|Iron Valiant|83/100
|-damage|p2a: Iron Valiant|77/100|[from] Stealth Rock
|turn|20
|
|t:|1769376246
|move|p1a: Iron Valiant|Shadow Ball|p2a: Iron Valiant
|-damage|p2a: Iron Valiant|0 fnt
|faint|p2a: Iron Valiant
|-end|p2a: Iron Valiant|Quark Drive|[silent]
|
|win|ViciousGengar
|raw|ViciousGengar's rating: 1487 &rarr; <strong>1508</strong><br />(+21 for winning)
|raw|AFish14's rating: 1512 &rarr; <strong>1491</strong><br />(-21 for losing)
|l|☆ViciousGengar
|player|p1|
|l|☆AFish14
|player|p2|
