|j|☆Katcrack
|j|☆Galarapio
|t:|1769438911
|gametype|singles
|player|p1|Katcrack|guitarist|1062
|player|p2|Galarapio|2|1101
|gen|9
|tier|[Gen 9] OU
|rated|
|rule|HP Percentage Mod: HP is shown in percentages
|rule|Endless Battle Clause: Forcing endless battles is banned
|rule|Species Clause: Limit one of each Pokémon
|rule|OHKO Clause: OHKO moves are banned
|rule|Evasion Items Clause: Evasion items are banned
|rule|Evasion Moves Clause: Evasion moves are banned
|rule|Evasion Abilities Clause: Evasion abilities are banned
|rule|Sleep Moves Clause: Sleep-inducing moves are banned
|clearpoke
|poke|p1|Gyarados, F|
|poke|p1|Flareon, M|
|poke|p1|Corviknight, F|
|poke|p1|Meowstic, M|
|poke|p1|Clodsire, M|
|poke|p1|Glaceon, M|
|poke|p2|Araquanid, M|
|poke|p2|Serperior, F|
|poke|p2|Gholdengo|
|poke|p2|Enamorus, F|
|poke|p2|Cinderace, F|
|poke|p2|Dusclops, F|
|teampreview
|inactive|Battle timer is ON: inactive players will automatically lose when time's up. (requested by Katcrack)
|c|☆Katcrack|glhf
|
|t:|1769438920
|teamsize|p1|6
|teamsize|p2|6
|start
|switch|p1a: Clodsire|Clodsire, M|100/100
|switch|p2a: Araquanid|Araquanid, M|100/100
|turn|1
|
|t:|1769438923
|move|p2a: Araquanid|Sticky Web|p1a: Clodsire
|-sidestart|p1: Katcrack|move: Sticky Web
|move|p1a: Clodsire|Stealth Rock|p2a: Araquanid
|-sidestart|p2: Galarapio|move: Stealth Rock
|
|upkeep
|turn|2
|
|t:|1769438935
|switch|p2a: Gholdengo|Gholdengo|100/100
|-damage|p2a: Gholdengo|94/100|[from] Stealth Rock
|-item|p2a: Gholdengo|Air Balloon
|switch|p1a: Corviknight|Corviknight, F|100/100
|-ability|p1a: Corviknight|Pressure
|
|upkeep
|turn|3
|
|t:|1769438942
|move|p2a: Gholdengo|Thunderbolt|p1a: Corviknight
|-supereffective|p1a: Corviknight
|-damage|p1a: Corviknight|51/100
|-status|p1a: Corviknight|par
|cant|p1a: Corviknight|par
|
|-heal|p1a: Corviknight|58/100 par|[from] item: Leftovers
|upkeep
|turn|4
|
|t:|1769438948
|move|p2a: Gholdengo|Nasty Plot|p2a: Gholdengo
|-boost|p2a: Gholdengo|spa|2
|move|p1a: Corviknight|U-turn|p2a: Gholdengo
|-resisted|p2a: Gholdengo
|-damage|p2a: Gholdengo|90/100
|-enditem|p2a: Gholdengo|Air Balloon
|
|t:|1769438954
|switch|p1a: Gyarados|Gyarados, F|100/100|[from] U-turn
|-ability|p1a: Gyarados|Intimidate|boost
|-unboost|p2a: Gholdengo|atk|1
|
|upkeep
|turn|5
|
|t:|1769438961
|-terastallize|p1a: Gyarados|Ground
|move|p2a: Gholdengo|Thunderbolt|p1a: Gyarados
|-immune|p1a: Gyarados
|move|p1a: Gyarados|Dragon Dance|p1a: Gyarados
|-boost|p1a: Gyarados|atk|1
|-boost|p1a: Gyarados|spe|1
|
|upkeep
|turn|6
|
|t:|1769438974
|move|p1a: Gyarados|Dragon Dance|p1a: Gyarados
|-boost|p1a: Gyarados|atk|1
|-boost|p1a: Gyarados|spe|1
|move|p2a: Gholdengo|Shadow Ball|p1a: Gyarados
|-damage|p1a: Gyarados|13/100
|
|upkeep
|turn|7
|
|t:|1769438978
|switch|p2a: Dusclops|Dusclops, F|100/100
|-damage|p2a: Dusclops|88/100|[from] Stealth Rock
|-item|p1a: Gyarados|Heavy-Duty Boots|[from] ability: Frisk|[of] p2a: Dusclops
|move|p1a: Gyarados|Earthquake|p2a: Dusclops
|-damage|p2a: Dusclops|32/100
|
|upkeep
|turn|8
|
|t:|1769438986
|move|p1a: Gyarados|Crunch|p2a: Dusclops
|-supereffective|p2a: Dusclops
|-damage|p2a: Dusclops|0 fnt
|faint|p2a: Dusclops
|
|upkeep
|
|t:|1769438989
|switch|p2a: Cinderace|Cinderace, F|100/100
|turn|9
|
|t:|1769438996
|move|p2a: Cinderace|Sucker Punch|p1a: Gyarados
|-start|p2a: Cinderace|typechange|Dark|[from] ability: Libero
|-damage|p1a: Gyarados|0 fnt
|faint|p1a: Gyarados
|
|upkeep
|
|t:|1769439016
|switch|p1a: Corviknight|Corviknight, F|58/100 par
|-ability|p1a: Corviknight|Pressure
|turn|10
|
|t:|1769439024
|move|p2a: Cinderace|Pyro Ball|p1a: Corviknight
|-supereffective|p1a: Corviknight
|-damage|p1a: Corviknight|1/100 par
|move|p1a: Corviknight|Body Press|p2a: Cinderace
|-supereffective|p2a: Cinderace
|-crit|p2a: Cinderace
|-damage|p2a: Cinderace|16/100
|
|-heal|p1a: Corviknight|7/100 par|[from] item: Leftovers
|upkeep
|turn|11
|
|t:|1769439030
|move|p2a: Cinderace|U-turn|p1a: Corviknight
|-resisted|p1a: Corviknight
|-damage|p1a: Corviknight|3/100 par
|
|t:|1769439037
|switch|p2a: Serperior|Serperior, F|100/100|[from] U-turn
|-damage|p2a: Serperior|88/100|[from] Stealth Rock
|cant|p1a: Corviknight|par
|
|-heal|p2a: Serperior|94/100|[from] item: Leftovers
|-heal|p1a: Corviknight|9/100 par|[from] item: Leftovers
|upkeep
|turn|12
|
|t:|1769439044
|move|p2a: Serperior|Leaf Storm|p1a: Corviknight
|-resisted|p1a: Corviknight
|-damage|p1a: Corviknight|0 fnt
|-boost|p2a: Serperior|spa|2
|faint|p1a: Corviknight
|
|-heal|p2a: Serperior|100/100|[from] item: Leftovers
|upkeep
|
|t:|1769439047
|switch|p1a: Flareon|Flareon, M|100/100
|-activate|p1a: Flareon|move: Sticky Web
|-unboost|p1a: Flareon|spe|1
|turn|13
|
|t:|1769439054
|move|p2a: Serperior|Substitute|p2a: Serperior
|-start|p2a: Serperior|Substitute
|-damage|p2a: Serperior|76/100
|move|p1a: Flareon|Flare Blitz|p2a: Serperior
|-supereffective|p2a: Serperior
|-end|p2a: Serperior|Substitute
|-damage|p1a: Flareon|93/100|[from] Recoil|[of] p2a: Serperior
|
|-heal|p2a: Serperior|82/100|[from] item: Leftovers
|upkeep
|turn|14
|
|t:|1769439066
|move|p2a: Serperior|Substitute|p2a: Serperior
|-start|p2a: Serperior|Substitute
|-damage|p2a: Serperior|57/100
|move|p1a: Flareon|Flare Blitz|p2a: Serperior
|-supereffective|p2a: Serperior
|-end|p2a: Serperior|Substitute
|-damage|p1a: Flareon|86/100|[from] Recoil|[of] p2a: Serperior
|
|-heal|p2a: Serperior|63/100|[from] item: Leftovers
|upkeep
|turn|15
|
|t:|1769439071
|move|p2a: Serperior|Dragon Pulse|p1a: Flareon
|-damage|p1a: Flareon|40/100
|move|p1a: Flareon|Flare Blitz|p2a: Serperior
|-supereffective|p2a: Serperior
|-damage|p2a: Serperior|0 fnt
|faint|p2a: Serperior
|-damage|p1a: Flareon|22/100|[from] Recoil
|
|upkeep
|
|t:|1769439078
|switch|p2a: Gholdengo|Gholdengo|90/100
|-damage|p2a: Gholdengo|84/100|[from] Stealth Rock
|turn|16
|
|t:|1769439088
|switch|p1a: Clodsire|Clodsire, M|100/100
|-activate|p1a: Clodsire|move: Sticky Web
|-unboost|p1a: Clodsire|spe|1
|move|p2a: Gholdengo|Shadow Ball|p1a: Clodsire
|-damage|p1a: Clodsire|67/100
|
|upkeep
|turn|17
|
|t:|1769439094
|move|p2a: Gholdengo|Shadow Ball|p1a: Clodsire
|-damage|p1a: Clodsire|36/100
|move|p1a: Clodsire|Recover|p1a: Clodsire
|-heal|p1a: Clodsire|86/100
|
|upkeep
|turn|18
|
|t:|1769439109
|move|p2a: Gholdengo|Shadow Ball|p1a: Clodsire
|-damage|p1a: Clodsire|49/100
|move|p1a: Clodsire|Haze|p1a: Clodsire
|-clearallboost
|
|upkeep
|turn|19
|
|t:|1769439114
|move|p2a: Gholdengo|Shadow Ball|p1a: Clodsire
|-damage|p1a: Clodsire|13/100
|move|p1a: Clodsire|Recover|p1a: Clodsire
|-heal|p1a: Clodsire|64/100
|
|upkeep
|turn|20
|
|t:|1769439119
|move|p2a: Gholdengo|Shadow Ball|p1a: Clodsire
|-damage|p1a: Clodsire|32/100
|move|p1a: Clodsire|Recover|p1a: Clodsire
|-heal|p1a: Clodsire|82/100
|
|upkeep
|turn|21
|
|t:|1769439126
|move|p2a: Gholdengo|Shadow Ball|p1a: Clodsire
|-damage|p1a: Clodsire|47/100
|move|p1a: Clodsire|Recover|p1a: Clodsire
|-heal|p1a: Clodsire|97/100
|
|upkeep
|turn|22
|
|t:|1769439151
|move|p2a: Gholdengo|Shadow Ball|p1a: Clodsire
|-damage|p1a: Clodsire|65/100
|-unboost|p1a: Clodsire|spd|1
|move|p1a: Clodsire|Recover|p1a: Clodsire
|-heal|p1a: Clodsire|100/100
|
|upkeep
|turn|23
|
|t:|1769439158
|move|p2a: Gholdengo|Shadow Ball|p1a: Clodsire
|-damage|p1a: Clodsire|50/100
|move|p1a: Clodsire|Haze|p1a: Clodsire
|-clearallboost
|
|upkeep
|turn|24
|
|t:|1769439164
|move|p2a: Gholdengo|Shadow Ball|p1a: Clodsire
|-damage|p1a: Clodsire|15/100
|move|p1a: Clodsire|Recover|p1a: Clodsire
|-heal|p1a: Clodsire|65/100
|
|upkeep
|turn|25
|
|t:|1769439170
|move|p2a: Gholdengo|Nasty Plot|p2a: Gholdengo
|-boost|p2a: Gholdengo|spa|2
|move|p1a: Clodsire|Recover|p1a: Clodsire
|-heal|p1a: Clodsire|100/100
|
|upkeep
|turn|26
|
|t:|1769439176
|move|p2a: Gholdengo|Shadow Ball|p1a: Clodsire
|-damage|p1a: Clodsire|69/100
|move|p1a: Clodsire|Haze|p1a: Clodsire
|-clearallboost
|
|upkeep
|turn|27
|
|t:|1769439184
|switch|p1a: Flareon|Flareon, M|22/100
|-activate|p1a: Flareon|move: Sticky Web
|-unboost|p1a: Flareon|spe|1
|move|p2a: Gholdengo|Shadow Ball|p1a: Flareon
|-damage|p1a: Flareon|0 fnt
|faint|p1a: Flareon
|
|upkeep
|
|t:|1769439194
|switch|p1a: Glaceon|Glaceon, M|100/100
|-activate|p1a: Glaceon|move: Sticky Web
|-unboost|p1a: Glaceon|spe|1
|turn|28
|
|t:|1769439200
|move|p2a: Gholdengo|Make It Rain|p1a: Glaceon
|-supereffective|p1a: Glaceon
|-damage|p1a: Glaceon|0 fnt
|-unboost|p2a: Gholdengo|spa|1
|faint|p1a: Glaceon
|
|upkeep
|
|t:|1769439209
|switch|p1a: Meowstic|Meowstic, M|100/100
|-activate|p1a: Meowstic|move: Sticky Web
|-unboost|p1a: Meowstic|spe|1
|turn|29
|
|t:|1769439214
|move|p1a: Meowstic|Light Screen|p1a: Meowstic
|-sidestart|p1: Katcrack|move: Light Screen
|move|p2a: Gholdengo|Nasty Plot|p2a: Gholdengo
|-boost|p2a: Gholdengo|spa|2
|
|upkeep
|turn|30
|
|t:|1769439227
|move|p2a: Gholdengo|Nasty Plot|p2a: Gholdengo
|-boost|p2a: Gholdengo|spa|2
|move|p1a: Meowstic|Psychic|p2a: Gholdengo
|-resisted|p2a: Gholdengo
|-crit|p2a: Gholdengo
|-damage|p2a: Gholdengo|62/100
|
|upkeep
|turn|31
|
|t:|1769439233
|move|p2a: Gholdengo|Shadow Ball|p1a: Meowstic
|-supereffective|p1a: Meowstic
|-damage|p1a: Meowstic|11/100
|move|p1a: Meowstic|Psychic|p2a: Gholdengo
|-resisted|p2a: Gholdengo
|-damage|p2a: Gholdengo|47/100
|
|upkeep
|turn|32
|
|t:|1769439238
|switch|p1a: Clodsire|Clodsire, M|69/100
|-activate|p1a: Clodsire|move: Sticky Web
|-unboost|p1a: Clodsire|spe|1
|move|p2a: Gholdengo|Shadow Ball|p1a: Clodsire
|-damage|p1a: Clodsire|53/100
|
|upkeep
|turn|33
|
|t:|1769439244
|move|p2a: Gholdengo|Shadow Ball|p1a: Clodsire
|-damage|p1a: Clodsire|35/100
|move|p1a: Clodsire|Recover|p1a: Clodsire
|-heal|p1a: Clodsire|85/100
|
|upkeep
|turn|34
|
|t:|1769439250
|move|p2a: Gholdengo|Shadow Ball|p1a: Clodsire
|-damage|p1a: Clodsire|68/100
|move|p1a: Clodsire|Haze|p1a: Clodsire
|-clearallboost
|
|upkeep
|turn|35
|
|t:|1769439262
|move|p2a: Gholdengo|Shadow Ball|p1a: Clodsire
|-damage|p1a: Clodsire|51/100
|move|p1a: Clodsire|Poison Jab|p2a: Gholdengo
|-immune|p2a: Gholdengo
|
|upkeep
|turn|36
|c|☆Galarapio|Forfeit bro
|
|t:|1769439275
|move|p2a: Gholdengo|Shadow Ball|p1a: Clodsire
|-damage|p1a: Clodsire|35/100
|-unboost|p1a: Clodsire|spd|1
|move|p1a: Clodsire|Poison Jab|p2a: Gholdengo
|-immune|p2a: Gholdengo
|
|-sideend|p1: Katcrack|move: Light Screen
|upkeep
|turn|37
|c|☆Katcrack|nah
|c|☆Katcrack|im not going down without giving a fight
|
|t:|1769439291
|move|p2a: Gholdengo|Shadow Ball|p1a: Clodsire
|-damage|p1a: Clodsire|0 fnt
|faint|p1a: Clodsire
|
|upkeep
|
|t:|1769439294
|switch|p1a: Meowstic|Meowstic, M|11/100
|-activate|p1a: Meowstic|move: Sticky Web
|-unboost|p1a: Meowstic|spe|1
|turn|38
|c|☆Katcrack|ggs
|
|t:|1769439307
|move|p2a: Gholdengo|Shadow Ball|p1a: Meowstic
|-supereffective|p1a: Meowstic
|-damage|p1a: Meowstic|0 fnt
|faint|p1a: Meowstic
|
|win|Galarapio
|raw|Katcrack's rating: 1062 &rarr; <strong>1045</strong><br />(-17 for losing)
|raw|Galarapio's rating: 1101 &rarr; <strong>1123</strong><br />(+22 for winning)
|l|☆Galarapio
|player|p2|
|l|☆Katcrack
|player|p1|
