|j|☆d'ent42
|j|☆wallopbros
|t:|1769312492
|gametype|singles
|player|p1|d'ent42|janitor|1256
|player|p2|wallopbros|hilbert|1321
|gen|9
|tier|[Gen 9] OU
|rated|
|rule|HP Percentage Mod: HP is shown in percentages
|rule|Endless Battle Clause: Forcing endless battles is banned
|rule|Species Clause: Limit one of each Pokémon
|rule|OHKO Clause: OHKO moves are banned
|rule|Evasion Items Clause: Evasion items are banned
|rule|Evasion Moves Clause: Evasion moves are banned
|rule|Evasion Abilities Clause: Evasion abilities are banned
|rule|Sleep Moves Clause: Sleep-inducing moves are banned
|clearpoke
|poke|p1|Orthworm, M|
|poke|p1|Dragapult, M|
|poke|p1|Amoonguss, M|
|poke|p1|Hariyama, F|
|poke|p1|Gastrodon, F|
|poke|p1|Dondozo, M|
|poke|p2|Torkoal, F|
|poke|p2|Walking Wake|
|poke|p2|Enamorus, F|
|poke|p2|Dragonite, F|
|poke|p2|Great Tusk|
|poke|p2|Ogerpon-Cornerstone, F|
|teampreview
|inactive|Battle timer is ON: inactive players will automatically lose when time's up. (requested by d'ent42)
|
|t:|1769312505
|teamsize|p1|6
|teamsize|p2|6
|start
|switch|p1a: Gastrodon|Gastrodon, F|100/100
|switch|p2a: Torkoal|Torkoal, F|100/100
|-weather|SunnyDay|[from] ability: Drought|[of] p2a: Torkoal
|turn|1
|
|t:|1769312509
|move|p1a: Gastrodon|Earth Power|p2a: Torkoal
|-supereffective|p2a: Torkoal
|-damage|p2a: Torkoal|18/100
|-unboost|p2a: Torkoal|spd|1
|move|p2a: Torkoal|Stealth Rock|p1a: Gastrodon
|-sidestart|p1: d'ent42|move: Stealth Rock
|
|-weather|SunnyDay|[upkeep]
|upkeep
|turn|2
|
|t:|1769312518
|switch|p2a: Ogerpon|Ogerpon-Cornerstone, F|100/100
|move|p1a: Gastrodon|Stealth Rock|p2a: Ogerpon
|-sidestart|p2: wallopbros|move: Stealth Rock
|
|-weather|SunnyDay|[upkeep]
|upkeep
|turn|3
|
|t:|1769312523
|switch|p1a: Orthworm|Orthworm, M|100/100
|-damage|p1a: Orthworm|94/100|[from] Stealth Rock
|move|p2a: Ogerpon|Swords Dance|p2a: Ogerpon
|-boost|p2a: Ogerpon|atk|2
|
|-weather|SunnyDay|[upkeep]
|-heal|p1a: Orthworm|100/100|[from] item: Leftovers
|upkeep
|turn|4
|
|t:|1769312528
|move|p2a: Ogerpon|Ivy Cudgel|p1a: Orthworm|[anim] Ivy Cudgel Rock
|-resisted|p1a: Orthworm
|-damage|p1a: Orthworm|71/100
|move|p1a: Orthworm|Body Press|p2a: Ogerpon
|-supereffective|p2a: Ogerpon
|-damage|p2a: Ogerpon|19/100
|
|-weather|SunnyDay|[upkeep]
|-heal|p1a: Orthworm|77/100|[from] item: Leftovers
|upkeep
|turn|5
|
|t:|1769312535
|move|p2a: Ogerpon|Horn Leech|p1a: Orthworm
|-resisted|p1a: Orthworm
|-damage|p1a: Orthworm|53/100
|-heal|p2a: Ogerpon|32/100|[from] drain|[of] p1a: Orthworm
|move|p1a: Orthworm|Spikes|p2a: Ogerpon
|-sidestart|p2: wallopbros|Spikes
|
|-weather|SunnyDay|[upkeep]
|-heal|p1a: Orthworm|60/100|[from] item: Leftovers
|upkeep
|turn|6
|
|t:|1769312539
|move|p2a: Ogerpon|Horn Leech|p1a: Orthworm
|-resisted|p1a: Orthworm
|-damage|p1a: Orthworm|34/100
|-heal|p2a: Ogerpon|47/100|[from] drain|[of] p1a: Orthworm
|move|p1a: Orthworm|Spikes|p2a: Ogerpon
|-sidestart|p2: wallopbros|Spikes
|
|-weather|SunnyDay|[upkeep]
|-heal|p1a: Orthworm|40/100|[from] item: Leftovers
|upkeep
|turn|7
|
|t:|1769312546
|move|p2a: Ogerpon|Horn Leech|p1a: Orthworm
|-resisted|p1a: Orthworm
|-damage|p1a: Orthworm|16/100
|-heal|p2a: Ogerpon|61/100|[from] drain|[of] p1a: Orthworm
|move|p1a: Orthworm|Body Press|p2a: Ogerpon
|-supereffective|p2a: Ogerpon
|-damage|p2a: Ogerpon|0 fnt
|faint|p2a: Ogerpon
|
|-weather|SunnyDay|[upkeep]
|-heal|p1a: Orthworm|23/100|[from] item: Leftovers
|upkeep
|
|t:|1769312566
|switch|p2a: Great Tusk|Great Tusk|100/100
|-damage|p2a: Great Tusk|98/100|[from] Stealth Rock
|-damage|p2a: Great Tusk|81/100|[from] Spikes
|-activate|p2a: Great Tusk|ability: Protosynthesis
|-start|p2a: Great Tusk|protosynthesisspe
|turn|8
|
|t:|1769312570
|switch|p1a: Dragapult|Dragapult, M|100/100
|-damage|p1a: Dragapult|88/100|[from] Stealth Rock
|move|p2a: Great Tusk|Bulk Up|p2a: Great Tusk
|-boost|p2a: Great Tusk|atk|1
|-boost|p2a: Great Tusk|def|1
|
|-weather|none
|-end|p2a: Great Tusk|Protosynthesis
|upkeep
|-enditem|p2a: Great Tusk|Booster Energy
|-activate|p2a: Great Tusk|ability: Protosynthesis|[fromitem]
|-start|p2a: Great Tusk|protosynthesisatk
|turn|9
|
|t:|1769312586
|move|p1a: Dragapult|Draco Meteor|p2a: Great Tusk
|-damage|p2a: Great Tusk|0 fnt
|-unboost|p1a: Dragapult|spa|2
|faint|p2a: Great Tusk
|-end|p2a: Great Tusk|Protosynthesis|[silent]
|-damage|p1a: Dragapult|78/100|[from] item: Life Orb
|
|upkeep
|
|t:|1769312597
|switch|p2a: Torkoal|Torkoal, F|18/100
|-damage|p2a: Torkoal|0 fnt|[from] Stealth Rock
|faint|p2a: Torkoal
|
|t:|1769312603
|switch|p2a: Walking Wake|Walking Wake|100/100
|-damage|p2a: Walking Wake|88/100|[from] Stealth Rock
|-damage|p2a: Walking Wake|72/100|[from] Spikes
|turn|10
|
|t:|1769312609
|move|p1a: Dragapult|Draco Meteor|p2a: Walking Wake
|-supereffective|p2a: Walking Wake
|-damage|p2a: Walking Wake|0 fnt
|-unboost|p1a: Dragapult|spa|2
|faint|p2a: Walking Wake
|-end|p2a: Walking Wake|Protosynthesis|[silent]
|-damage|p1a: Dragapult|69/100|[from] item: Life Orb
|
|upkeep
|
|t:|1769312612
|switch|p2a: Dragonite|Dragonite, F|100/100
|-damage|p2a: Dragonite|76/100|[from] Stealth Rock
|turn|11
|
|t:|1769312617
|move|p1a: Dragapult|Draco Meteor|p2a: Dragonite
|-supereffective|p2a: Dragonite
|-damage|p2a: Dragonite|22/100
|-unboost|p1a: Dragapult|spa|2
|-damage|p1a: Dragapult|59/100|[from] item: Life Orb
|move|p2a: Dragonite|Dragon Dance|p2a: Dragonite
|-boost|p2a: Dragonite|atk|1
|-boost|p2a: Dragonite|spe|1
|
|-heal|p2a: Dragonite|28/100|[from] item: Leftovers
|upkeep
|turn|12
|
|t:|1769312627
|switch|p1a: Amoonguss|Amoonguss, M|100/100
|-damage|p1a: Amoonguss|88/100|[from] Stealth Rock
|-terastallize|p2a: Dragonite|Normal
|move|p2a: Dragonite|Dragon Dance|p2a: Dragonite
|-boost|p2a: Dragonite|atk|1
|-boost|p2a: Dragonite|spe|1
|
|-heal|p2a: Dragonite|34/100|[from] item: Leftovers
|-heal|p1a: Amoonguss|94/100|[from] item: Black Sludge
|upkeep
|turn|13
|
|t:|1769312631
|move|p2a: Dragonite|Extreme Speed|p1a: Amoonguss
|-damage|p1a: Amoonguss|20/100
|move|p1a: Amoonguss|Stun Spore|p2a: Dragonite|[miss]
|-miss|p1a: Amoonguss|p2a: Dragonite
|
|-heal|p2a: Dragonite|40/100|[from] item: Leftovers
|-heal|p1a: Amoonguss|26/100|[from] item: Black Sludge
|upkeep
|turn|14
|
|t:|1769312636
|switch|p1a: Dondozo|Dondozo, M|100/100
|-damage|p1a: Dondozo|88/100|[from] Stealth Rock
|move|p2a: Dragonite|Extreme Speed|p1a: Dondozo
|-damage|p1a: Dondozo|65/100
|
|-heal|p2a: Dragonite|47/100|[from] item: Leftovers
|-heal|p1a: Dondozo|71/100|[from] item: Leftovers
|upkeep
|turn|15
|
|t:|1769312639
|move|p2a: Dragonite|Earthquake|p1a: Dondozo
|-damage|p1a: Dondozo|53/100
|move|p1a: Dondozo|Body Press|p2a: Dragonite
|-supereffective|p2a: Dragonite
|-damage|p2a: Dragonite|0 fnt
|faint|p2a: Dragonite
|
|-heal|p1a: Dondozo|59/100|[from] item: Leftovers
|upkeep
|-message|wallopbros forfeited.
|
|win|d'ent42
|raw|d&apos;ent42's rating: 1256 &rarr; <strong>1286</strong><br />(+30 for winning)
|raw|wallopbros's rating: 1321 &rarr; <strong>1297</strong><br />(-24 for losing)
|l|☆wallopbros
|player|p2|
|l|☆d'ent42
|player|p1|
