|j|☆Fhantazy
|j|☆elextronicwaffle
|t:|1769349797
|gametype|singles
|player|p1|Fhantazy|1|1354
|player|p2|elextronicwaffle|170|1405
|gen|9
|tier|[Gen 9] OU
|rated|
|rule|HP Percentage Mod: HP is shown in percentages
|rule|Endless Battle Clause: Forcing endless battles is banned
|rule|Species Clause: Limit one of each Pokémon
|rule|OHKO Clause: OHKO moves are banned
|rule|Evasion Items Clause: Evasion items are banned
|rule|Evasion Moves Clause: Evasion moves are banned
|rule|Evasion Abilities Clause: Evasion abilities are banned
|rule|Sleep Moves Clause: Sleep-inducing moves are banned
|clearpoke
|poke|p1|Ting-Lu|
|poke|p1|Zamazenta-*|
|poke|p1|Kyurem|
|poke|p1|Cinderace, F|
|poke|p1|Delibird, F|
|poke|p1|Darkrai|
|poke|p2|Hydrapple, M|
|poke|p2|Gliscor, M|
|poke|p2|Slowking-Galar, M|
|poke|p2|Cinderace, M|
|poke|p2|Kingambit, M|
|poke|p2|Iron Valiant|
|teampreview
|
|t:|1769349835
|teamsize|p1|6
|teamsize|p2|6
|start
|switch|p1a: Darkrai|Darkrai|100/100
|switch|p2a: Cinderace|Cinderace, M, shiny|100/100
|turn|1
|
|t:|1769349844
|switch|p1a: Zamazenta|Zamazenta|100/100
|-ability|p1a: Zamazenta|Dauntless Shield|boost
|-boost|p1a: Zamazenta|def|1
|move|p2a: Cinderace|U-turn|p1a: Zamazenta
|-start|p2a: Cinderace|typechange|Bug|[from] ability: Libero
|-resisted|p1a: Zamazenta
|-damage|p1a: Zamazenta|89/100
|
|t:|1769349854
|switch|p2a: Gliscor|Gliscor, M, shiny|100/100|[from] U-turn
|
|-status|p2a: Gliscor|tox|[from] item: Toxic Orb
|upkeep
|turn|2
|
|t:|1769349879
|switch|p1a: Delibird|Delibird, F|100/100
|move|p2a: Gliscor|Earthquake|p1a: Delibird
|-immune|p1a: Delibird
|
|upkeep
|turn|3
|
|t:|1769349884
|switch|p2a: Slowking|Slowking-Galar, M, shiny|100/100
|move|p1a: Delibird|Ice Spinner|p2a: Slowking|[miss]
|-miss|p1a: Delibird|p2a: Slowking
|
|upkeep
|turn|4
|
|t:|1769349895
|move|p1a: Delibird|Ice Spinner|p2a: Slowking
|-damage|p2a: Slowking|57/100
|move|p2a: Slowking|Flamethrower|p1a: Delibird
|-supereffective|p1a: Delibird
|-damage|p1a: Delibird|0 fnt
|faint|p1a: Delibird
|
|upkeep
|
|t:|1769349902
|switch|p1a: Ting-Lu|Ting-Lu|100/100
|-ability|p1a: Ting-Lu|Vessel of Ruin
|turn|5
|
|t:|1769349908
|switch|p2a: Gliscor|Gliscor, M, shiny|100/100 tox
|move|p1a: Ting-Lu|Stealth Rock|p2a: Gliscor
|-sidestart|p2: elextronicwaffle|move: Stealth Rock
|
|upkeep
|turn|6
|
|t:|1769349917
|move|p2a: Gliscor|Earthquake|p1a: Ting-Lu
|-damage|p1a: Ting-Lu|81/100
|-enditem|p1a: Ting-Lu|Red Card|[of] p2a: Gliscor
|drag|p2a: Cinderace|Cinderace, M, shiny|100/100
|move|p1a: Ting-Lu|Spikes|p2a: Cinderace
|-sidestart|p2: elextronicwaffle|Spikes
|
|upkeep
|turn|7
|
|t:|1769349931
|move|p2a: Cinderace|U-turn|p1a: Ting-Lu
|-start|p2a: Cinderace|typechange|Bug|[from] ability: Libero
|-supereffective|p1a: Ting-Lu
|-damage|p1a: Ting-Lu|47/100
|
|t:|1769349937
|switch|p2a: Gliscor|Gliscor, M, shiny|100/100 tox|[from] U-turn
|-damage|p2a: Gliscor|88/100 tox|[from] Stealth Rock
|move|p1a: Ting-Lu|Ruination|p2a: Gliscor
|-damage|p2a: Gliscor|44/100 tox
|
|-heal|p2a: Gliscor|57/100 tox|[from] ability: Poison Heal
|upkeep
|turn|8
|
|t:|1769349949
|move|p2a: Gliscor|Protect|p2a: Gliscor
|-singleturn|p2a: Gliscor|Protect
|move|p1a: Ting-Lu|Spikes|p2a: Gliscor
|-sidestart|p2: elextronicwaffle|Spikes
|
|-heal|p2a: Gliscor|69/100 tox|[from] ability: Poison Heal
|upkeep
|turn|9
|
|t:|1769349955
|move|p2a: Gliscor|Earthquake|p1a: Ting-Lu
|-damage|p1a: Ting-Lu|26/100
|move|p1a: Ting-Lu|Ruination|p2a: Gliscor
|-damage|p2a: Gliscor|35/100 tox
|
|-heal|p2a: Gliscor|47/100 tox|[from] ability: Poison Heal
|upkeep
|turn|10
|
|t:|1769349987
|move|p2a: Gliscor|Protect|p2a: Gliscor
|-singleturn|p2a: Gliscor|Protect
|move|p1a: Ting-Lu|Spikes|p2a: Gliscor
|-sidestart|p2: elextronicwaffle|Spikes
|
|-heal|p2a: Gliscor|60/100 tox|[from] ability: Poison Heal
|upkeep
|turn|11
|
|t:|1769349996
|move|p2a: Gliscor|Earthquake|p1a: Ting-Lu
|-damage|p1a: Ting-Lu|3/100
|move|p1a: Ting-Lu|Ruination|p2a: Gliscor|[miss]
|-miss|p1a: Ting-Lu|p2a: Gliscor
|
|-heal|p2a: Gliscor|72/100 tox|[from] ability: Poison Heal
|upkeep
|turn|12
|
|t:|1769350013
|move|p2a: Gliscor|Earthquake|p1a: Ting-Lu
|-damage|p1a: Ting-Lu|0 fnt
|faint|p1a: Ting-Lu
|
|-heal|p2a: Gliscor|84/100 tox|[from] ability: Poison Heal
|upkeep
|
|t:|1769350019
|switch|p1a: Darkrai|Darkrai|100/100
|turn|13
|
|t:|1769350035
|move|p2a: Gliscor|Protect|p2a: Gliscor
|-singleturn|p2a: Gliscor|Protect
|move|p1a: Darkrai|Ice Beam|p2a: Gliscor
|-activate|p2a: Gliscor|move: Protect
|
|-heal|p2a: Gliscor|97/100 tox|[from] ability: Poison Heal
|upkeep
|turn|14
|
|t:|1769350046
|-terastallize|p2a: Gliscor|Fairy
|move|p1a: Darkrai|Dark Pulse|p2a: Gliscor
|-resisted|p2a: Gliscor
|-damage|p2a: Gliscor|63/100 tox
|move|p2a: Gliscor|Tera Blast|p1a: Darkrai|[anim] Tera Blast Fairy
|-supereffective|p1a: Darkrai
|-damage|p1a: Darkrai|15/100
|
|-heal|p2a: Gliscor|75/100 tox|[from] ability: Poison Heal
|upkeep
|turn|15
|
|t:|1769350056
|move|p2a: Gliscor|Protect|p2a: Gliscor
|-singleturn|p2a: Gliscor|Protect
|move|p1a: Darkrai|Sludge Bomb|p2a: Gliscor
|-activate|p2a: Gliscor|move: Protect
|
|-heal|p2a: Gliscor|87/100 tox|[from] ability: Poison Heal
|upkeep
|turn|16
|
|t:|1769350068
|switch|p2a: Kingambit|Kingambit, M, shiny|100/100
|-damage|p2a: Kingambit|94/100|[from] Stealth Rock
|-item|p2a: Kingambit|Air Balloon
|move|p1a: Darkrai|Sludge Bomb|p2a: Kingambit
|-immune|p2a: Kingambit
|
|upkeep
|turn|17
|
|t:|1769350077
|move|p2a: Kingambit|Sucker Punch|p1a: Darkrai
|-resisted|p1a: Darkrai
|-damage|p1a: Darkrai|0 fnt
|faint|p1a: Darkrai
|
|upkeep
|
|t:|1769350079
|switch|p1a: Zamazenta|Zamazenta|89/100
|turn|18
|
|t:|1769350109
|switch|p1a: Kyurem|Kyurem|100/100
|-ability|p1a: Kyurem|Pressure
|-end|p2a: Kingambit|fallenundefined|[silent]
|switch|p2a: Gliscor|Gliscor, M, shiny, tera:Fairy|87/100 tox
|-damage|p2a: Gliscor|75/100 tox|[from] Stealth Rock
|-damage|p2a: Gliscor|50/100 tox|[from] Spikes
|
|-heal|p2a: Gliscor|63/100 tox|[from] ability: Poison Heal
|upkeep
|turn|19
|
|t:|1769350118
|move|p2a: Gliscor|Tera Blast|p1a: Kyurem|[anim] Tera Blast Fairy
|-supereffective|p1a: Kyurem
|-damage|p1a: Kyurem|33/100
|move|p1a: Kyurem|Ice Beam|p2a: Gliscor
|-damage|p2a: Gliscor|0 fnt
|faint|p2a: Gliscor
|
|upkeep
|
|t:|1769350127
|switch|p2a: Cinderace|Cinderace, M, shiny|100/100
|turn|20
|
|t:|1769350136
|move|p2a: Cinderace|Court Change|p2a: Cinderace
|-start|p2a: Cinderace|typechange|Normal|[from] ability: Libero
|-swapsideconditions
|-activate|p2a: Cinderace|move: Court Change
|move|p1a: Kyurem|Ice Beam|p2a: Cinderace
|-damage|p2a: Cinderace|4/100
|
|upkeep
|turn|21
|
|t:|1769350163
|switch|p1a: Cinderace|Cinderace, F|100/100
|move|p2a: Cinderace|Pyro Ball|p1a: Cinderace
|-resisted|p1a: Cinderace
|-damage|p1a: Cinderace|71/100
|
|upkeep
|turn|22
|
|t:|1769350171
|move|p2a: Cinderace|U-turn|p1a: Cinderace
|-resisted|p1a: Cinderace
|-damage|p1a: Cinderace|53/100
|
|t:|1769350174
|switch|p2a: Iron Valiant|Iron Valiant, shiny|100/100|[from] U-turn
|-enditem|p2a: Iron Valiant|Booster Energy
|-activate|p2a: Iron Valiant|ability: Quark Drive|[fromitem]
|-start|p2a: Iron Valiant|quarkdrivespe
|move|p1a: Cinderace|Court Change|p1a: Cinderace
|-start|p1a: Cinderace|typechange|Normal|[from] ability: Libero
|-swapsideconditions
|-activate|p1a: Cinderace|move: Court Change
|
|upkeep
|turn|23
|
|t:|1769350187
|move|p2a: Iron Valiant|Encore|p1a: Cinderace
|-start|p1a: Cinderace|Encore
|move|p1a: Cinderace|Court Change|p1a: Cinderace
|-swapsideconditions
|-activate|p1a: Cinderace|move: Court Change
|
|upkeep
|turn|24
|c|☆Fhantazy|Gg
|
|t:|1769350197
|move|p2a: Iron Valiant|Knock Off|p1a: Cinderace
|-damage|p1a: Cinderace|15/100
|-enditem|p1a: Cinderace|Heavy-Duty Boots|[from] move: Knock Off|[of] p2a: Iron Valiant
|move|p1a: Cinderace|Court Change|p1a: Cinderace
|-swapsideconditions
|-activate|p1a: Cinderace|move: Court Change
|
|upkeep
|turn|25
|
|t:|1769350205
|switch|p1a: Kyurem|Kyurem|33/100
|-ability|p1a: Kyurem|Pressure
|move|p2a: Iron Valiant|Encore||[still]
|-fail|p2a: Iron Valiant
|
|upkeep
|turn|26
|
|t:|1769350215
|switch|p1a: Cinderace|Cinderace, F|15/100
|move|p2a: Iron Valiant|Moonblast|p1a: Cinderace
|-resisted|p1a: Cinderace
|-damage|p1a: Cinderace|0 fnt
|faint|p1a: Cinderace
|
|upkeep
|
|t:|1769350218
|switch|p1a: Zamazenta|Zamazenta|89/100
|turn|27
|
|t:|1769350227
|move|p2a: Iron Valiant|Destiny Bond|p2a: Iron Valiant
|-singlemove|p2a: Iron Valiant|Destiny Bond
|move|p1a: Zamazenta|Heavy Slam|p2a: Iron Valiant
|-supereffective|p2a: Iron Valiant
|-damage|p2a: Iron Valiant|4/100
|
|upkeep
|turn|28
|
|t:|1769350239
|move|p2a: Iron Valiant|Moonblast|p1a: Zamazenta
|-supereffective|p1a: Zamazenta
|-damage|p1a: Zamazenta|33/100
|-unboost|p1a: Zamazenta|spa|1
|move|p1a: Zamazenta|Heavy Slam|p2a: Iron Valiant
|-supereffective|p2a: Iron Valiant
|-damage|p2a: Iron Valiant|0 fnt
|faint|p2a: Iron Valiant
|-end|p2a: Iron Valiant|Quark Drive|[silent]
|
|upkeep
|
|t:|1769350246
|switch|p2a: Cinderace|Cinderace, M, shiny|4/100
|turn|29
|
|t:|1769350254
|switch|p2a: Slowking|Slowking-Galar, M, shiny|90/100
|-damage|p2a: Slowking|78/100|[from] Stealth Rock
|-damage|p2a: Slowking|53/100|[from] Spikes
|move|p1a: Zamazenta|Heavy Slam|p2a: Slowking
|-damage|p2a: Slowking|37/100
|
|upkeep
|turn|30
|
|t:|1769350266
|move|p1a: Zamazenta|Crunch|p2a: Slowking
|-supereffective|p2a: Slowking
|-damage|p2a: Slowking|0 fnt
|faint|p2a: Slowking
|
|upkeep
|
|t:|1769350270
|switch|p2a: Hydrapple|Hydrapple, M, shiny|100/100
|-damage|p2a: Hydrapple|88/100|[from] Stealth Rock
|-damage|p2a: Hydrapple|63/100|[from] Spikes
|turn|31
|
|t:|1769350293
|-terastallize|p1a: Zamazenta|Fighting
|move|p1a: Zamazenta|Close Combat|p2a: Hydrapple
|-damage|p2a: Hydrapple|5/100
|-unboost|p1a: Zamazenta|def|1
|-unboost|p1a: Zamazenta|spd|1
|move|p2a: Hydrapple|Giga Drain|p1a: Zamazenta
|-damage|p1a: Zamazenta|0 fnt
|-heal|p2a: Hydrapple|18/100|[from] drain|[of] p1a: Zamazenta
|faint|p1a: Zamazenta
|-damage|p2a: Hydrapple|8/100|[from] item: Life Orb
|
|upkeep
|
|t:|1769350298
|switch|p1a: Kyurem|Kyurem|33/100
|-ability|p1a: Kyurem|Pressure
|turn|32
|
|t:|1769350307
|move|p1a: Kyurem|Ice Beam|p2a: Hydrapple
|-supereffective|p2a: Hydrapple
|-damage|p2a: Hydrapple|0 fnt
|faint|p2a: Hydrapple
|
|upkeep
|
|t:|1769350310
|switch|p2a: Cinderace|Cinderace, M, shiny|4/100
|turn|33
|
|t:|1769350316
|move|p2a: Cinderace|Court Change|p2a: Cinderace
|-start|p2a: Cinderace|typechange|Normal|[from] ability: Libero
|-swapsideconditions
|-activate|p2a: Cinderace|move: Court Change
|move|p1a: Kyurem|Ice Beam|p2a: Cinderace
|-damage|p2a: Cinderace|0 fnt
|faint|p2a: Cinderace
|
|upkeep
|
|t:|1769350321
|switch|p2a: Kingambit|Kingambit, M, shiny|94/100
|-activate|p2a: Kingambit|ability: Supreme Overlord
|-start|p2a: Kingambit|fallen5|[silent]
|-item|p2a: Kingambit|Air Balloon
|turn|34
|
|t:|1769350328
|move|p2a: Kingambit|Sucker Punch|p1a: Kyurem
|-damage|p1a: Kyurem|0 fnt
|faint|p1a: Kyurem
|
|win|elextronicwaffle
|raw|Fhantazy's rating: 1354 &rarr; <strong>1337</strong><br />(-17 for losing)
|raw|elextronicwaffle's rating: 1405 &rarr; <strong>1422</strong><br />(+17 for winning)
|l|☆Fhantazy
|player|p1|
|l|☆elextronicwaffle
|player|p2|
