|j|☆josephtpg
|j|☆seymourbandz
|t:|1769323541
|gametype|singles
|player|p1|josephtpg|unknown|1505
|player|p2|seymourbandz|janitor|1548
|gen|9
|tier|[Gen 9] OU
|rated|
|rule|HP Percentage Mod: HP is shown in percentages
|rule|Endless Battle Clause: Forcing endless battles is banned
|rule|Species Clause: Limit one of each Pokémon
|rule|OHKO Clause: OHKO moves are banned
|rule|Evasion Items Clause: Evasion items are banned
|rule|Evasion Moves Clause: Evasion moves are banned
|rule|Evasion Abilities Clause: Evasion abilities are banned
|rule|Sleep Moves Clause: Sleep-inducing moves are banned
|clearpoke
|poke|p1|Ogerpon-Wellspring, F|
|poke|p1|Raging Bolt|
|poke|p1|Zamazenta-*|
|poke|p1|Iron Treads|
|poke|p1|Cinderace, F|
|poke|p1|Tornadus-Therian, M|
|poke|p2|Torkoal, F|
|poke|p2|Iron Moth|
|poke|p2|Venusaur, F|
|poke|p2|Walking Wake|
|poke|p2|Hatterene, F|
|poke|p2|Landorus-Therian, M|
|teampreview
|inactive|Battle timer is ON: inactive players will automatically lose when time's up. (requested by josephtpg)
|
|t:|1769323569
|teamsize|p1|6
|teamsize|p2|6
|start
|switch|p1a: Biggest Bird|Tornadus-Therian, M|100/100
|switch|p2a: Torkoal|Torkoal, F|100/100
|-weather|SunnyDay|[from] ability: Drought|[of] p2a: Torkoal
|turn|1
|
|t:|1769323574
|switch|p2a: Hatterene|Hatterene, F|100/100
|move|p1a: Biggest Bird|Heat Wave|p2a: Hatterene|[miss]
|-miss|p1a: Biggest Bird|p2a: Hatterene
|
|-weather|SunnyDay|[upkeep]
|upkeep
|turn|2
|
|t:|1769323579
|move|p1a: Biggest Bird|Heat Wave|p2a: Hatterene
|-damage|p2a: Hatterene|62/100
|-enditem|p2a: Hatterene|Eject Button
|
|t:|1769323588
|switch|p2a: Walking Wake|Walking Wake|100/100
|-activate|p2a: Walking Wake|ability: Protosynthesis
|-start|p2a: Walking Wake|protosynthesisspe
|
|-weather|SunnyDay|[upkeep]
|upkeep
|turn|3
|
|t:|1769323596
|switch|p1a: TreadingOnThinIce|Iron Treads|100/100
|move|p2a: Walking Wake|Draco Meteor|p1a: TreadingOnThinIce
|-resisted|p1a: TreadingOnThinIce
|-damage|p1a: TreadingOnThinIce|65/100
|-unboost|p2a: Walking Wake|spa|2
|
|-weather|SunnyDay|[upkeep]
|upkeep
|turn|4
|
|t:|1769323628
|-end|p2a: Walking Wake|Protosynthesis|[silent]
|switch|p2a: Hatterene|Hatterene, F|62/100
|move|p1a: TreadingOnThinIce|Knock Off|p2a: Hatterene
|-damage|p2a: Hatterene|45/100
|
|-weather|SunnyDay|[upkeep]
|upkeep
|turn|5
|
|t:|1769323637
|-end|p1a: TreadingOnThinIce|Quark Drive|[silent]
|switch|p1a: Half Time|Cinderace, F|100/100
|move|p2a: Hatterene|Healing Wish|p2a: Hatterene
|faint|p2a: Hatterene
|
|-weather|SunnyDay|[upkeep]
|upkeep
|
|t:|1769323649
|switch|p2a: Walking Wake|Walking Wake|100/100
|-activate|p2a: Walking Wake|ability: Protosynthesis
|-start|p2a: Walking Wake|protosynthesisspe
|turn|6
|
|t:|1769323652
|switch|p1a: TreadingOnThinIce|Iron Treads|65/100
|move|p2a: Walking Wake|Draco Meteor|p1a: TreadingOnThinIce
|-resisted|p1a: TreadingOnThinIce
|-damage|p1a: TreadingOnThinIce|28/100
|-unboost|p2a: Walking Wake|spa|2
|
|-weather|SunnyDay|[upkeep]
|upkeep
|turn|7
|
|t:|1769323659
|-end|p2a: Walking Wake|Protosynthesis|[silent]
|switch|p2a: Landorus|Landorus-Therian, M|100/100
|-ability|p2a: Landorus|Intimidate|boost
|-unboost|p1a: TreadingOnThinIce|atk|1
|move|p1a: TreadingOnThinIce|Knock Off|p2a: Landorus
|-damage|p2a: Landorus|77/100
|-damage|p1a: TreadingOnThinIce|11/100|[from] item: Rocky Helmet|[of] p2a: Landorus
|-enditem|p2a: Landorus|Rocky Helmet|[from] move: Knock Off|[of] p1a: TreadingOnThinIce
|
|-weather|SunnyDay|[upkeep]
|upkeep
|turn|8
|
|t:|1769323672
|-end|p1a: TreadingOnThinIce|Quark Drive|[silent]
|switch|p1a: Biggest Bird|Tornadus-Therian, M|100/100
|move|p2a: Landorus|Earthquake|p1a: Biggest Bird
|-immune|p1a: Biggest Bird
|
|-weather|none
|upkeep
|turn|9
|
|t:|1769323678
|move|p1a: Biggest Bird|U-turn|p2a: Landorus
|-resisted|p2a: Landorus
|-damage|p2a: Landorus|69/100
|
|t:|1769323682
|switch|p1a: Half Time|Cinderace, F|100/100|[from] U-turn
|move|p2a: Landorus|U-turn|p1a: Half Time
|-resisted|p1a: Half Time
|-crit|p1a: Half Time
|-damage|p1a: Half Time|76/100
|
|t:|1769323687
|switch|p2a: Torkoal|Torkoal, F|100/100|[from] U-turn
|-weather|SunnyDay|[from] ability: Drought|[of] p2a: Torkoal
|
|-weather|SunnyDay|[upkeep]
|upkeep
|turn|10
|
|t:|1769323698
|switch|p2a: Walking Wake|Walking Wake|100/100
|-activate|p2a: Walking Wake|ability: Protosynthesis
|-start|p2a: Walking Wake|protosynthesisspe
|move|p1a: Half Time|U-turn|p2a: Walking Wake
|-damage|p2a: Walking Wake|80/100
|
|t:|1769323726
|switch|p1a: Bellowing Thunder|Raging Bolt|100/100|[from] U-turn
|-activate|p1a: Bellowing Thunder|ability: Protosynthesis
|-start|p1a: Bellowing Thunder|protosynthesisspa
|
|-weather|SunnyDay|[upkeep]
|upkeep
|turn|11
|
|t:|1769323736
|-end|p1a: Bellowing Thunder|Protosynthesis|[silent]
|switch|p1a: TreadingOnThinIce|Iron Treads|11/100
|-terastallize|p2a: Walking Wake|Fairy
|move|p2a: Walking Wake|Draco Meteor|p1a: TreadingOnThinIce
|-resisted|p1a: TreadingOnThinIce
|-damage|p1a: TreadingOnThinIce|0 fnt
|-unboost|p2a: Walking Wake|spa|2
|faint|p1a: TreadingOnThinIce
|-end|p1a: TreadingOnThinIce|Quark Drive|[silent]
|
|-weather|SunnyDay|[upkeep]
|upkeep
|
|t:|1769323748
|switch|p1a: Half Time|Cinderace, F|76/100
|turn|12
|
|t:|1769323762
|-end|p2a: Walking Wake|Protosynthesis|[silent]
|switch|p2a: Torkoal|Torkoal, F|100/100
|move|p1a: Half Time|Pyro Ball|p2a: Torkoal
|-resisted|p2a: Torkoal
|-crit|p2a: Torkoal
|-damage|p2a: Torkoal|72/100
|
|-weather|SunnyDay|[upkeep]
|upkeep
|turn|13
|
|t:|1769323767
|move|p1a: Half Time|Pyro Ball|p2a: Torkoal
|-resisted|p2a: Torkoal
|-damage|p2a: Torkoal|51/100
|move|p2a: Torkoal|Body Press|p1a: Half Time
|-damage|p1a: Half Time|37/100
|
|-weather|SunnyDay|[upkeep]
|upkeep
|turn|14
|
|t:|1769323771
|move|p1a: Half Time|U-turn|p2a: Torkoal
|-resisted|p2a: Torkoal
|-damage|p2a: Torkoal|45/100
|
|t:|1769323776
|switch|p1a: Biggest Bird|Tornadus-Therian, M|100/100|[from] U-turn
|move|p2a: Torkoal|Body Press|p1a: Biggest Bird
|-resisted|p1a: Biggest Bird
|-damage|p1a: Biggest Bird|82/100
|
|-weather|SunnyDay|[upkeep]
|upkeep
|turn|15
|
|t:|1769323778
|switch|p2a: Landorus|Landorus-Therian, M|69/100
|-heal|p2a: Landorus|100/100|[from] move: Healing Wish
|-ability|p2a: Landorus|Intimidate|boost
|-unboost|p1a: Biggest Bird|atk|1
|move|p1a: Biggest Bird|Bleakwind Storm|p2a: Landorus
|-damage|p2a: Landorus|52/100
|
|-weather|SunnyDay|[upkeep]
|upkeep
|turn|16
|
|t:|1769323789
|move|p1a: Biggest Bird|Heat Wave|p2a: Landorus|[miss]
|-miss|p1a: Biggest Bird|p2a: Landorus
|move|p2a: Landorus|U-turn|p1a: Biggest Bird
|-resisted|p1a: Biggest Bird
|-damage|p1a: Biggest Bird|68/100
|
|t:|1769323794
|switch|p2a: Walking Wake|Walking Wake, tera:Fairy|80/100|[from] U-turn
|-activate|p2a: Walking Wake|ability: Protosynthesis
|-start|p2a: Walking Wake|protosynthesisspe
|
|-weather|none
|-end|p2a: Walking Wake|Protosynthesis
|upkeep
|turn|17
|
|t:|1769323801
|move|p1a: Biggest Bird|Bleakwind Storm|p2a: Walking Wake|[miss]
|-miss|p1a: Biggest Bird|p2a: Walking Wake
|move|p2a: Walking Wake|Draco Meteor|p1a: Biggest Bird
|-damage|p1a: Biggest Bird|0 fnt
|-unboost|p2a: Walking Wake|spa|2
|faint|p1a: Biggest Bird
|
|upkeep
|
|t:|1769323808
|switch|p1a: SomebodyOnceToldMe|Ogerpon-Wellspring, F|100/100
|turn|18
|
|t:|1769323812
|-end|p2a: Walking Wake|Protosynthesis|[silent]
|switch|p2a: Torkoal|Torkoal, F|45/100
|-weather|SunnyDay|[from] ability: Drought|[of] p2a: Torkoal
|move|p1a: SomebodyOnceToldMe|Ivy Cudgel|p2a: Torkoal|[anim] Ivy Cudgel Water
|-supereffective|p2a: Torkoal
|-crit|p2a: Torkoal
|-damage|p2a: Torkoal|0 fnt
|faint|p2a: Torkoal
|
|-weather|SunnyDay|[upkeep]
|upkeep
|
|t:|1769323816
|switch|p2a: Walking Wake|Walking Wake, tera:Fairy|80/100
|-activate|p2a: Walking Wake|ability: Protosynthesis
|-start|p2a: Walking Wake|protosynthesisspe
|turn|19
|
|t:|1769323827
|switch|p1a: Half Time|Cinderace, F|37/100
|move|p2a: Walking Wake|Draco Meteor|p1a: Half Time
|-damage|p1a: Half Time|0 fnt
|-unboost|p2a: Walking Wake|spa|2
|faint|p1a: Half Time
|
|-weather|SunnyDay|[upkeep]
|upkeep
|
|t:|1769323836
|switch|p1a: SomebodyOnceToldMe|Ogerpon-Wellspring, F|100/100
|turn|20
|
|t:|1769323844
|-end|p2a: Walking Wake|Protosynthesis|[silent]
|switch|p2a: Venusaur|Venusaur, F|100/100
|move|p1a: SomebodyOnceToldMe|Power Whip|p2a: Venusaur
|-resisted|p2a: Venusaur
|-damage|p2a: Venusaur|79/100
|
|-weather|SunnyDay|[upkeep]
|upkeep
|turn|21
|
|t:|1769323850
|switch|p1a: Bellowing Thunder|Raging Bolt|100/100
|-activate|p1a: Bellowing Thunder|ability: Protosynthesis
|-start|p1a: Bellowing Thunder|protosynthesisspa
|move|p2a: Venusaur|Growth|p2a: Venusaur
|-boost|p2a: Venusaur|atk|2
|-boost|p2a: Venusaur|spa|2
|
|-weather|SunnyDay|[upkeep]
|upkeep
|turn|22
|
|t:|1769323859
|move|p2a: Venusaur|Earth Power|p1a: Bellowing Thunder
|-supereffective|p1a: Bellowing Thunder
|-damage|p1a: Bellowing Thunder|0 fnt
|faint|p1a: Bellowing Thunder
|-end|p1a: Bellowing Thunder|Protosynthesis|[silent]
|-damage|p2a: Venusaur|69/100|[from] item: Life Orb
|
|-weather|SunnyDay|[upkeep]
|upkeep
|
|t:|1769323862
|switch|p1a: SomebodyOnceToldMe|Ogerpon-Wellspring, F|100/100
|turn|23
|-message|josephtpg forfeited.
|
|win|seymourbandz
|raw|josephtpg's rating: 1505 &rarr; <strong>1487</strong><br />(-18 for losing)
|raw|seymourbandz's rating: 1548 &rarr; <strong>1566</strong><br />(+18 for winning)
|l|☆josephtpg
|player|p1|
|l|☆seymourbandz
|player|p2|
