|j|☆CambridgeFoulPlay
|j|☆jsnsddk
|t:|1769322712
|gametype|singles
|player|p1|CambridgeFoulPlay|266|1644
|player|p2|jsnsddk|2|1636
|gen|9
|tier|[Gen 9] OU
|rated|
|rule|HP Percentage Mod: HP is shown in percentages
|rule|Endless Battle Clause: Forcing endless battles is banned
|rule|Species Clause: Limit one of each Pokémon
|rule|OHKO Clause: OHKO moves are banned
|rule|Evasion Items Clause: Evasion items are banned
|rule|Evasion Moves Clause: Evasion moves are banned
|rule|Evasion Abilities Clause: Evasion abilities are banned
|rule|Sleep Moves Clause: Sleep-inducing moves are banned
|clearpoke
|poke|p1|Hydrapple, M|
|poke|p1|Tyranitar, F|
|poke|p1|Moltres|
|poke|p1|Zamazenta-*|
|poke|p1|Slowking-Galar, F|
|poke|p1|Excadrill, F|
|poke|p2|Dragonite, F|
|poke|p2|Hatterene, F|
|poke|p2|Kingambit, F|
|poke|p2|Iron Crown|
|poke|p2|Crawdaunt, F|
|poke|p2|Manaphy|
|teampreview
|inactive|Battle timer is ON: inactive players will automatically lose when time's up. (requested by jsnsddk)
|
|t:|1769322715
|teamsize|p1|6
|teamsize|p2|6
|start
|switch|p1a: Zamazenta|Zamazenta|100/100
|switch|p2a: Hatterene|Hatterene, F|100/100
|-ability|p1a: Zamazenta|Dauntless Shield|boost
|-boost|p1a: Zamazenta|def|1
|turn|1
|c|☆CambridgeFoulPlay|hf
|inactive|CambridgeFoulPlay also wants the timer to be on.
|
|t:|1769322717
|switch|p1a: Slowking|Slowking-Galar, F|100/100
|move|p2a: Hatterene|Trick Room|p2a: Hatterene
|-fieldstart|move: Trick Room|[of] p2a: Hatterene
|
|upkeep
|turn|2
|
|t:|1769322721
|switch|p2a: Crawdaunt|Crawdaunt, F|100/100
|move|p1a: Slowking|Flamethrower|p2a: Crawdaunt
|-resisted|p2a: Crawdaunt
|-damage|p2a: Crawdaunt|81/100
|-status|p2a: Crawdaunt|brn
|
|-damage|p2a: Crawdaunt|75/100 brn|[from] brn
|upkeep
|turn|3
|
|t:|1769322725
|switch|p1a: Hydrapple|Hydrapple, M|100/100
|move|p2a: Crawdaunt|Knock Off|p1a: Hydrapple
|-damage|p1a: Hydrapple|73/100
|-enditem|p1a: Hydrapple|Heavy-Duty Boots|[from] move: Knock Off|[of] p2a: Crawdaunt
|-damage|p2a: Crawdaunt|65/100 brn|[from] item: Life Orb
|
|-damage|p2a: Crawdaunt|59/100 brn|[from] brn
|upkeep
|turn|4
|
|t:|1769322733
|switch|p2a: Hatterene|Hatterene, F|100/100
|move|p1a: Hydrapple|Nasty Plot|p1a: Hydrapple
|-boost|p1a: Hydrapple|spa|2
|
|upkeep
|turn|5
|
|t:|1769322735
|switch|p1a: Slowking|Slowking-Galar, F|100/100
|move|p2a: Hatterene|Dazzling Gleam|p1a: Slowking
|-resisted|p1a: Slowking
|-crit|p1a: Slowking
|-damage|p1a: Slowking|81/100
|
|-fieldend|move: Trick Room
|upkeep
|turn|6
|
|t:|1769322739
|move|p1a: Slowking|Sludge Bomb|p2a: Hatterene
|-supereffective|p2a: Hatterene
|-damage|p2a: Hatterene|29/100
|move|p2a: Hatterene|Trick Room|p2a: Hatterene
|-fieldstart|move: Trick Room|[of] p2a: Hatterene
|
|upkeep
|turn|7
|
|t:|1769322744
|move|p2a: Hatterene|Healing Wish|p2a: Hatterene
|faint|p2a: Hatterene
|move|p1a: Slowking|Sludge Bomb|p2: Hatterene|[notarget]
|-fail|p1a: Slowking
|
|upkeep
|
|t:|1769322746
|switch|p2a: Crawdaunt|Crawdaunt, F|59/100 brn
|-heal|p2a: Crawdaunt|100/100|[from] move: Healing Wish
|turn|8
|
|t:|1769322749
|switch|p1a: Hydrapple|Hydrapple, M|100/100
|move|p2a: Crawdaunt|Knock Off|p1a: Hydrapple
|-damage|p1a: Hydrapple|63/100
|-damage|p2a: Crawdaunt|90/100|[from] item: Life Orb
|
|upkeep
|turn|9
|j| 16yxy
|
|t:|1769322760
|move|p2a: Crawdaunt|Knock Off|p1a: Hydrapple
|-damage|p1a: Hydrapple|23/100
|-damage|p2a: Crawdaunt|80/100|[from] item: Life Orb
|move|p1a: Hydrapple|Nasty Plot|p1a: Hydrapple
|-boost|p1a: Hydrapple|spa|2
|
|upkeep
|turn|10
|
|t:|1769322765
|switch|p1a: Zamazenta|Zamazenta|100/100
|move|p2a: Crawdaunt|Knock Off|p1a: Zamazenta
|-resisted|p1a: Zamazenta
|-damage|p1a: Zamazenta|67/100
|-enditem|p1a: Zamazenta|Leftovers|[from] move: Knock Off|[of] p2a: Crawdaunt
|-damage|p2a: Crawdaunt|70/100|[from] item: Life Orb
|
|-fieldend|move: Trick Room
|upkeep
|turn|11
|
|t:|1769322775
|move|p2a: Crawdaunt|Aqua Jet|p1a: Zamazenta
|-damage|p1a: Zamazenta|37/100
|-damage|p2a: Crawdaunt|60/100|[from] item: Life Orb
|move|p1a: Zamazenta|Iron Defense|p1a: Zamazenta
|-boost|p1a: Zamazenta|def|2
|
|upkeep
|turn|12
|
|t:|1769322782
|move|p2a: Crawdaunt|Aqua Jet|p1a: Zamazenta
|-damage|p1a: Zamazenta|24/100
|-damage|p2a: Crawdaunt|50/100|[from] item: Life Orb
|move|p1a: Zamazenta|Iron Defense|p1a: Zamazenta
|-boost|p1a: Zamazenta|def|2
|
|upkeep
|turn|13
|
|t:|1769322787
|move|p2a: Crawdaunt|Aqua Jet|p1a: Zamazenta
|-damage|p1a: Zamazenta|13/100
|-damage|p2a: Crawdaunt|40/100|[from] item: Life Orb
|move|p1a: Zamazenta|Body Press|p2a: Crawdaunt
|-supereffective|p2a: Crawdaunt
|-damage|p2a: Crawdaunt|0 fnt
|faint|p2a: Crawdaunt
|
|upkeep
|
|t:|1769322796
|switch|p2a: Dragonite|Dragonite, F|100/100
|turn|14
|
|t:|1769322800
|move|p1a: Zamazenta|Body Press|p2a: Dragonite
|-resisted|p2a: Dragonite
|-damage|p2a: Dragonite|67/100
|move|p2a: Dragonite|Scale Shot|p1a: Zamazenta
|-damage|p1a: Zamazenta|9/100
|-damage|p1a: Zamazenta|5/100
|-damage|p1a: Zamazenta|2/100
|-damage|p1a: Zamazenta|0 fnt
|faint|p1a: Zamazenta
|-hitcount|p1: Zamazenta|4
|-unboost|p2a: Dragonite|def|1
|-boost|p2a: Dragonite|spe|1
|
|upkeep
|
|t:|1769322803
|switch|p1a: Hydrapple|Hydrapple, M|57/100
|turn|15
|
|t:|1769322816
|switch|p1a: Slowking|Slowking-Galar, F|100/100
|-terastallize|p2a: Dragonite|Fire
|move|p2a: Dragonite|Scale Shot|p1a: Slowking
|-damage|p1a: Slowking|90/100
|-damage|p1a: Slowking|78/100
|-damage|p1a: Slowking|67/100
|-crit|p1a: Slowking
|-damage|p1a: Slowking|51/100
|-damage|p1a: Slowking|39/100
|-hitcount|p1a: Slowking|5
|-unboost|p2a: Dragonite|def|1
|-boost|p2a: Dragonite|spe|1
|
|upkeep
|turn|16
|
|t:|1769322821
|switch|p1a: Moltres|Moltres|100/100
|move|p2a: Dragonite|Scale Shot|p1a: Moltres
|-damage|p1a: Moltres|90/100
|-damage|p1a: Moltres|79/100
|-damage|p1a: Moltres|68/100
|-damage|p1a: Moltres|58/100
|-damage|p1a: Moltres|49/100
|-hitcount|p1a: Moltres|5
|-unboost|p2a: Dragonite|def|1
|-boost|p2a: Dragonite|spe|1
|
|upkeep
|turn|17
|
|t:|1769322827
|move|p2a: Dragonite|Scale Shot|p1a: Moltres
|-damage|p1a: Moltres|38/100
|-damage|p1a: Moltres|29/100
|-damage|p1a: Moltres|18/100
|-damage|p1a: Moltres|8/100
|-hitcount|p1a: Moltres|4
|-unboost|p2a: Dragonite|def|1
|-boost|p2a: Dragonite|spe|1
|move|p1a: Moltres|Roost|p1a: Moltres
|-heal|p1a: Moltres|58/100
|-singleturn|p1a: Moltres|move: Roost
|
|upkeep
|turn|18
|
|t:|1769322830
|move|p2a: Dragonite|Encore|p1a: Moltres
|-start|p1a: Moltres|Encore
|move|p1a: Moltres|Roost|p1a: Moltres
|-heal|p1a: Moltres|100/100
|-singleturn|p1a: Moltres|move: Roost
|
|upkeep
|turn|19
|
|t:|1769322832
|switch|p1a: Tyranitar|Tyranitar, F|100/100
|-weather|Sandstorm|[from] ability: Sand Stream|[of] p1a: Tyranitar
|move|p2a: Dragonite|Dragon Dance|p2a: Dragonite
|-boost|p2a: Dragonite|atk|1
|-boost|p2a: Dragonite|spe|1
|
|-weather|Sandstorm|[upkeep]
|-damage|p2a: Dragonite|61/100|[from] Sandstorm
|upkeep
|turn|20
|
|t:|1769322838
|move|p2a: Dragonite|Scale Shot|p1a: Tyranitar
|-damage|p1a: Tyranitar|82/100
|-damage|p1a: Tyranitar|65/100
|-damage|p1a: Tyranitar|49/100
|-damage|p1a: Tyranitar|33/100
|-damage|p1a: Tyranitar|17/100
|-hitcount|p1a: Tyranitar|5
|-unboost|p2a: Dragonite|def|1
|-boost|p2a: Dragonite|spe|1
|move|p1a: Tyranitar|Knock Off|p2a: Dragonite
|-damage|p2a: Dragonite|0 fnt
|-enditem|p2a: Dragonite|Loaded Dice|[from] move: Knock Off|[of] p1a: Tyranitar
|faint|p2a: Dragonite
|
|-weather|Sandstorm|[upkeep]
|upkeep
|
|t:|1769322843
|switch|p2a: Manaphy|Manaphy|100/100
|turn|21
|
|t:|1769322846
|move|p2a: Manaphy|Acid Armor|p2a: Manaphy
|-boost|p2a: Manaphy|def|2
|move|p1a: Tyranitar|Knock Off|p2a: Manaphy
|-damage|p2a: Manaphy|82/100
|-enditem|p2a: Manaphy|Leftovers|[from] move: Knock Off|[of] p1a: Tyranitar
|
|-weather|Sandstorm|[upkeep]
|-damage|p2a: Manaphy|75/100|[from] Sandstorm
|upkeep
|turn|22
|
|t:|1769322849
|move|p2a: Manaphy|Scald|p1a: Tyranitar
|-supereffective|p1a: Tyranitar
|-damage|p1a: Tyranitar|0 fnt
|faint|p1a: Tyranitar
|
|-weather|Sandstorm|[upkeep]
|-damage|p2a: Manaphy|69/100|[from] Sandstorm
|upkeep
|
|t:|1769322852
|switch|p1a: Hydrapple|Hydrapple, M|90/100
|turn|23
|
|t:|1769322876
|move|p2a: Manaphy|Take Heart|p2a: Manaphy
|-boost|p2a: Manaphy|spa|1
|-boost|p2a: Manaphy|spd|1
|move|p1a: Hydrapple|Nasty Plot|p1a: Hydrapple
|-boost|p1a: Hydrapple|spa|2
|
|-weather|Sandstorm|[upkeep]
|-damage|p2a: Manaphy|63/100|[from] Sandstorm
|-damage|p1a: Hydrapple|84/100|[from] Sandstorm
|upkeep
|turn|24
|
|t:|1769322878
|move|p2a: Manaphy|Stored Power|p1a: Hydrapple
|-damage|p1a: Hydrapple|37/100
|move|p1a: Hydrapple|Giga Drain|p2a: Manaphy
|-supereffective|p2a: Manaphy
|-damage|p2a: Manaphy|0 fnt
|-heal|p1a: Hydrapple|67/100|[from] drain|[of] p2a: Manaphy
|faint|p2a: Manaphy
|
|-weather|Sandstorm|[upkeep]
|-damage|p1a: Hydrapple|61/100|[from] Sandstorm
|upkeep
|
|t:|1769322885
|switch|p2a: Kingambit|Kingambit, F|100/100
|-activate|p2a: Kingambit|ability: Supreme Overlord
|-start|p2a: Kingambit|fallen4|[silent]
|turn|25
|
|t:|1769322890
|move|p2a: Kingambit|Kowtow Cleave|p1a: Hydrapple
|-damage|p1a: Hydrapple|9/100
|move|p1a: Hydrapple|Earth Power|p2a: Kingambit
|-supereffective|p2a: Kingambit
|-damage|p2a: Kingambit|0 fnt
|faint|p2a: Kingambit
|-end|p2a: Kingambit|fallen4|[silent]
|
|-weather|Sandstorm|[upkeep]
|-damage|p1a: Hydrapple|3/100|[from] Sandstorm
|upkeep
|
|t:|1769322893
|switch|p2a: Iron Crown|Iron Crown|100/100
|-enditem|p2a: Iron Crown|Booster Energy
|-activate|p2a: Iron Crown|ability: Quark Drive|[fromitem]
|-start|p2a: Iron Crown|quarkdrivespe
|turn|26
|
|t:|1769322903
|move|p2a: Iron Crown|Tachyon Cutter|p1a: Hydrapple
|-damage|p1a: Hydrapple|0 fnt
|faint|p1a: Hydrapple
|-hitcount|p1: Hydrapple|1
|
|-weather|none
|upkeep
|
|t:|1769322905
|switch|p1a: Excadrill|Excadrill, F|100/100
|-item|p1a: Excadrill|Air Balloon
|turn|27
|
|t:|1769322908
|-terastallize|p1a: Excadrill|Fire
|move|p2a: Iron Crown|Focus Blast|p1a: Excadrill|[miss]
|-miss|p2a: Iron Crown|p1a: Excadrill
|move|p1a: Excadrill|Earthquake|p2a: Iron Crown
|-supereffective|p2a: Iron Crown
|-damage|p2a: Iron Crown|0 fnt
|faint|p2a: Iron Crown
|-end|p2a: Iron Crown|Quark Drive|[silent]
|
|win|CambridgeFoulPlay
|raw|CambridgeFoulPlay's rating: 1644 &rarr; <strong>1664</strong><br />(+20 for winning)
|raw|jsnsddk's rating: 1636 &rarr; <strong>1616</strong><br />(-20 for losing)
|c|☆CambridgeFoulPlay|gg
|l|☆CambridgeFoulPlay
|player|p1|
|l| 16yxy
