|j|☆croakie_yt
|j|☆Mojonduroman
|t:|1769391607
|gametype|singles
|player|p1|croakie_yt|102|1225
|player|p2|Mojonduroman|2|1261
|gen|9
|tier|[Gen 9] OU
|rated|
|rule|HP Percentage Mod: HP is shown in percentages
|rule|Endless Battle Clause: Forcing endless battles is banned
|rule|Species Clause: Limit one of each Pokémon
|rule|OHKO Clause: OHKO moves are banned
|rule|Evasion Items Clause: Evasion items are banned
|rule|Evasion Moves Clause: Evasion moves are banned
|rule|Evasion Abilities Clause: Evasion abilities are banned
|rule|Sleep Moves Clause: Sleep-inducing moves are banned
|clearpoke
|poke|p1|Dunsparce, F|
|poke|p1|Palossand, M|
|poke|p1|Arcanine-Hisui, F|
|poke|p1|Infernape, M|
|poke|p1|Tropius, M|
|poke|p1|Haxorus, M|
|poke|p2|Moltres-Galar|
|poke|p2|Ogerpon-Wellspring, F|
|poke|p2|Deoxys-Speed|
|poke|p2|Zamazenta-*|
|poke|p2|Glimmora, F|
|poke|p2|Armarouge, F|
|teampreview
|inactive|Battle timer is ON: inactive players will automatically lose when time's up. (requested by Mojonduroman)
|
|t:|1769391616
|teamsize|p1|6
|teamsize|p2|6
|start
|switch|p1a: Palossand|Palossand, M, shiny|100/100
|switch|p2a: Deoxys|Deoxys-Speed|100/100
|-ability|p2a: Deoxys|Pressure
|turn|1
|
|t:|1769391622
|move|p2a: Deoxys|Reflect|p2a: Deoxys
|-sidestart|p2: Mojonduroman|Reflect
|move|p1a: Palossand|Shadow Ball|p2a: Deoxys
|-supereffective|p2a: Deoxys
|-damage|p2a: Deoxys|23/100
|
|upkeep
|turn|2
|
|t:|1769391627
|move|p2a: Deoxys|Light Screen|p2a: Deoxys
|-sidestart|p2: Mojonduroman|move: Light Screen
|move|p1a: Palossand|Stealth Rock|p2a: Deoxys
|-sidestart|p2: Mojonduroman|move: Stealth Rock
|
|upkeep
|turn|3
|
|t:|1769391630
|move|p2a: Deoxys|Psycho Boost|p1a: Palossand
|-damage|p1a: Palossand|47/100
|-unboost|p2a: Deoxys|spa|2
|move|p1a: Palossand|Shadow Ball|p2a: Deoxys
|-supereffective|p2a: Deoxys
|-damage|p2a: Deoxys|0 fnt
|faint|p2a: Deoxys
|
|-heal|p1a: Palossand|54/100|[from] item: Leftovers
|upkeep
|
|t:|1769391634
|switch|p2a: Shannon|Armarouge, F|100/100
|-damage|p2a: Shannon|76/100|[from] Stealth Rock
|turn|4
|
|t:|1769391638
|move|p2a: Shannon|Psychic Terrain|p2a: Shannon
|-fieldstart|move: Psychic Terrain
|move|p1a: Palossand|Earth Power|p2a: Shannon
|-supereffective|p2a: Shannon
|-damage|p2a: Shannon|30/100
|-enditem|p2a: Shannon|Weakness Policy
|-boost|p2a: Shannon|atk|2|[from] item: Weakness Policy
|-boost|p2a: Shannon|spa|2|[from] item: Weakness Policy
|
|-heal|p1a: Palossand|60/100|[from] item: Leftovers
|upkeep
|turn|5
|
|t:|1769391647
|move|p2a: Shannon|Stored Power|p1a: Palossand
|-damage|p1a: Palossand|0 fnt
|faint|p1a: Palossand
|
|upkeep
|c|☆croakie_yt|nooo
|
|t:|1769391661
|switch|p1a: Infernape|Infernape, M|100/100
|turn|6
|
|t:|1769391664
|move|p2a: Shannon|Endure|p2a: Shannon
|-singleturn|p2a: Shannon|move: Endure
|move|p1a: Infernape|Knock Off|p2a: Shannon
|-supereffective|p2a: Shannon
|-activate|p2a: Shannon|move: Endure
|-damage|p2a: Shannon|1/100
|-ability|p2a: Shannon|Weak Armor|boost
|-unboost|p2a: Shannon|def|1
|-boost|p2a: Shannon|spe|2
|
|upkeep
|turn|7
|
|t:|1769391669
|move|p2a: Shannon|Stored Power|p1a: Infernape
|-supereffective|p1a: Infernape
|-damage|p1a: Infernape|0 fnt
|faint|p1a: Infernape
|
|upkeep
|c|☆Mojonduroman|gg
|
|t:|1769391672
|switch|p1a: Arcanine|Arcanine-Hisui, F|100/100
|turn|8
|
|t:|1769391674
|move|p1a: Arcanine|Extreme Speed|p2a: Shannon
|-activate|p2a: Shannon|move: Psychic Terrain
|move|p2a: Shannon|Stored Power|p1a: Arcanine
|-damage|p1a: Arcanine|0 fnt
|faint|p1a: Arcanine
|
|-sideend|p2: Mojonduroman|Reflect
|-fieldend|move: Psychic Terrain
|upkeep
|c|☆croakie_yt|ight bro
|c|☆croakie_yt|omg
|
|t:|1769391691
|switch|p1a: satan|Dunsparce, F|100/100
|turn|9
|
|t:|1769391696
|move|p2a: Shannon|Stored Power|p1a: satan
|-damage|p1a: satan|0 fnt
|faint|p1a: satan
|
|-sideend|p2: Mojonduroman|move: Light Screen
|upkeep
|
|t:|1769391700
|switch|p1a: big suck|Tropius, M|100/100
|turn|10
|
|t:|1769391702
|move|p2a: Shannon|Armor Cannon|p1a: big suck
|-supereffective|p1a: big suck
|-damage|p1a: big suck|0 fnt
|-unboost|p2a: Shannon|def|1
|-unboost|p2a: Shannon|spd|1
|faint|p1a: big suck
|
|upkeep
|-message|croakie_yt forfeited.
|
|win|Mojonduroman
|raw|croakie_yt's rating: 1225 &rarr; <strong>1203</strong><br />(-22 for losing)
|raw|Mojonduroman's rating: 1261 &rarr; <strong>1283</strong><br />(+22 for winning)
|l|☆croakie_yt
|player|p1|
|l|☆Mojonduroman
|player|p2|
