|inactive|Battle timer is ON: inactive players will automatically lose when time's up.
|t:|1769378843
|gametype|singles
|player|p1|Electric win|#electricwin|
|player|p2|PAIS CORONA VGC|#apismogoni|
|gen|9
|tier|[Gen 9] OU
|rule|HP Percentage Mod: HP is shown in percentages
|rule|Endless Battle Clause: Forcing endless battles is banned
|rule|Species Clause: Limit one of each Pokémon
|rule|OHKO Clause: OHKO moves are banned
|rule|Evasion Items Clause: Evasion items are banned
|rule|Evasion Moves Clause: Evasion moves are banned
|rule|Evasion Abilities Clause: Evasion abilities are banned
|rule|Sleep Moves Clause: Sleep-inducing moves are banned
|clearpoke
|poke|p1|Moltres-Galar|
|poke|p1|Deoxys-Speed|
|poke|p1|Ogerpon-Wellspring, F|
|poke|p1|Ceruledge, F|
|poke|p1|Great Tusk|
|poke|p1|Zamazenta-*|
|poke|p2|Moltres|
|poke|p2|Rillaboom, F|
|poke|p2|Excadrill, F|
|poke|p2|Ogerpon, F|
|poke|p2|Tyranitar, F|
|poke|p2|Primarina, F|
|teampreview
|c|☆PAIS CORONA VGC|hf
|c|☆Electric win|U2
|rated|Smogon Premier League
|inactive|Electric win has 270 seconds left.
|inactive|PAIS CORONA VGC has 270 seconds left.
|inactive|Electric win has 240 seconds left.
|inactive|PAIS CORONA VGC has 240 seconds left.
|inactive|Electric win has 210 seconds left.
|
|t:|1769378952
|teamsize|p1|6
|teamsize|p2|6
|start
|switch|p1a: Zamazenta|Zamazenta|100/100
|switch|p2a: SARA BARBIERI|Primarina, F, shiny|100/100
|-ability|p1a: Zamazenta|Dauntless Shield|boost
|-boost|p1a: Zamazenta|def|1
|turn|1
|
|t:|1769378977
|switch|p1a: Deoxys|Deoxys-Speed|100/100
|-ability|p1a: Deoxys|Pressure
|move|p2a: SARA BARBIERI|Moonblast|p1a: Deoxys
|-damage|p1a: Deoxys|38/100
|-unboost|p1a: Deoxys|spa|1
|
|upkeep
|turn|2
|inactive|PAIS CORONA VGC has 270 seconds left.
|
|t:|1769378999
|move|p1a: Deoxys|Light Screen|p1a: Deoxys
|-sidestart|p1: Electric win|move: Light Screen
|move|p2a: SARA BARBIERI|Moonblast|p1a: Deoxys
|-damage|p1a: Deoxys|9/100
|
|upkeep
|turn|3
|inactive|PAIS CORONA VGC has 270 seconds left.
|
|t:|1769379028
|move|p1a: Deoxys|Reflect|p1a: Deoxys
|-sidestart|p1: Electric win|Reflect
|move|p2a: SARA BARBIERI|Moonblast|p1a: Deoxys
|-damage|p1a: Deoxys|0 fnt
|faint|p1a: Deoxys
|
|upkeep
|inactive|Electric win has 240 seconds left.
|
|t:|1769379062
|switch|p1a: Ogerpon|Ogerpon-Wellspring, F|100/100
|turn|4
|inactive|Electric win has 210 seconds left.
|
|t:|1769379102
|switch|p1a: Ceruledge|Ceruledge, F|100/100
|switch|p2a: VALLETTOPOLI|Rillaboom, F, shiny|100/100
|-fieldstart|move: Grassy Terrain|[from] ability: Grassy Surge|[of] p2a: VALLETTOPOLI
|
|upkeep
|turn|5
|inactive|PAIS CORONA VGC has 240 seconds left.
|inactive|Electric win has 180 seconds left.
|inactive|PAIS CORONA VGC has 210 seconds left.
|
|t:|1769379167
|move|p2a: VALLETTOPOLI|Knock Off|p1a: Ceruledge
|-supereffective|p1a: Ceruledge
|-damage|p1a: Ceruledge|41/100
|-ability|p1a: Ceruledge|Weak Armor|boost
|-unboost|p1a: Ceruledge|def|1
|-boost|p1a: Ceruledge|spe|2
|-enditem|p1a: Ceruledge|Life Orb|[from] move: Knock Off|[of] p2a: VALLETTOPOLI
|-damage|p2a: VALLETTOPOLI|91/100|[from] item: Life Orb
|move|p1a: Ceruledge|Bitter Blade|p2a: VALLETTOPOLI
|-supereffective|p2a: VALLETTOPOLI
|-damage|p2a: VALLETTOPOLI|0 fnt
|-heal|p1a: Ceruledge|93/100|[from] drain|[of] p2a: VALLETTOPOLI
|faint|p2a: VALLETTOPOLI
|
|-heal|p1a: Ceruledge|99/100|[from] Grassy Terrain
|upkeep
|inactive|PAIS CORONA VGC has 180 seconds left.
|
|t:|1769379218
|switch|p2a: AVVOCATO CHIESA|Tyranitar, F, shiny|100/100
|-weather|Sandstorm|[from] ability: Sand Stream|[of] p2a: AVVOCATO CHIESA
|turn|6
|inactive|Electric win has 180 seconds left.
|inactive|PAIS CORONA VGC has 150 seconds left.
|inactive|Electric win has 150 seconds left.
|inactive|PAIS CORONA VGC has 120 seconds left.
|inactive|Electric win has 120 seconds left.
|
|t:|1769379290
|move|p1a: Ceruledge|Close Combat|p2a: AVVOCATO CHIESA
|-supereffective|p2a: AVVOCATO CHIESA
|-damage|p2a: AVVOCATO CHIESA|0 fnt
|-unboost|p1a: Ceruledge|def|1
|-unboost|p1a: Ceruledge|spd|1
|faint|p2a: AVVOCATO CHIESA
|
|-weather|Sandstorm|[upkeep]
|-damage|p1a: Ceruledge|93/100|[from] Sandstorm
|-heal|p1a: Ceruledge|99/100|[from] Grassy Terrain
|upkeep
|
|t:|1769379303
|switch|p2a: FABRIZIO CORONA|Excadrill, F, shiny|100/100
|turn|7
|inactive|Electric win has 120 seconds left.
|inactive|PAIS CORONA VGC has 90 seconds left.
|
|t:|1769379342
|switch|p1a: Zamazenta|Zamazenta|100/100
|move|p2a: FABRIZIO CORONA|High Horsepower|p1a: Zamazenta
|-damage|p1a: Zamazenta|74/100
|
|-weather|Sandstorm|[upkeep]
|-damage|p1a: Zamazenta|68/100|[from] Sandstorm
|-heal|p1a: Zamazenta|74/100|[from] Grassy Terrain
|upkeep
|turn|8
|
|t:|1769379354
|switch|p2a: SARA BARBIERI|Primarina, F, shiny|100/100
|move|p1a: Zamazenta|Stone Edge|p2a: SARA BARBIERI
|-damage|p2a: SARA BARBIERI|38/100
|-damage|p1a: Zamazenta|64/100|[from] item: Life Orb
|
|-weather|Sandstorm|[upkeep]
|-damage|p1a: Zamazenta|58/100|[from] Sandstorm
|-damage|p2a: SARA BARBIERI|32/100|[from] Sandstorm
|-heal|p1a: Zamazenta|64/100|[from] Grassy Terrain
|-heal|p2a: SARA BARBIERI|38/100|[from] Grassy Terrain
|-heal|p2a: SARA BARBIERI|44/100|[from] item: Leftovers
|-fieldend|move: Grassy Terrain
|upkeep
|turn|9
|inactive|PAIS CORONA VGC has 90 seconds left.
|inactive|Electric win has 90 seconds left.
|inactive|PAIS CORONA VGC has 60 seconds left.
|
|t:|1769379401
|move|p1a: Zamazenta|Close Combat|p2a: SARA BARBIERI
|-resisted|p2a: SARA BARBIERI
|-damage|p2a: SARA BARBIERI|0 fnt
|-unboost|p1a: Zamazenta|def|1
|-unboost|p1a: Zamazenta|spd|1
|faint|p2a: SARA BARBIERI
|-damage|p1a: Zamazenta|54/100|[from] item: Life Orb
|
|-weather|Sandstorm|[upkeep]
|-damage|p1a: Zamazenta|48/100|[from] Sandstorm
|-sideend|p1: Electric win|move: Light Screen
|upkeep
|inactive|PAIS CORONA VGC has 60 seconds left.
|
|t:|1769379422
|switch|p2a: ALFONSO|Ogerpon, F|100/100
|turn|10
|
|t:|1769379424
|-terastallize|p2a: ALFONSO|Grass
|detailschange|p2a: ALFONSO|Ogerpon-Teal-Tera, F, tera:Grass
|-ability|p2a: ALFONSO|Embody Aspect (Teal)|boost
|-boost|p2a: ALFONSO|spe|1
|move|p2a: ALFONSO|Ivy Cudgel|p1a: Zamazenta
|-damage|p1a: Zamazenta|0 fnt
|faint|p1a: Zamazenta
|
|-weather|Sandstorm|[upkeep]
|-damage|p2a: ALFONSO|95/100|[from] Sandstorm
|-sideend|p1: Electric win|Reflect
|upkeep
|inactive|Electric win has 90 seconds left.
|inactive|Electric win has 60 seconds left.
|
|t:|1769379471
|switch|p1a: Ceruledge|Ceruledge, F|99/100
|turn|11
|
|t:|1769379481
|switch|p2a: FEDEZ|Moltres, shiny|100/100
|move|p1a: Ceruledge|Bitter Blade|p2a: FEDEZ
|-resisted|p2a: FEDEZ
|-damage|p2a: FEDEZ|73/100
|-heal|p1a: Ceruledge|100/100|[from] drain|[of] p2a: FEDEZ
|
|-weather|Sandstorm|[upkeep]
|-damage|p2a: FEDEZ|67/100|[from] Sandstorm
|-damage|p1a: Ceruledge|94/100|[from] Sandstorm
|upkeep
|turn|12
|inactive|PAIS CORONA VGC has 60 seconds left.
|
|t:|1769379512
|move|p2a: FEDEZ|Hurricane|p1a: Ceruledge
|-damage|p1a: Ceruledge|34/100
|-start|p1a: Ceruledge|confusion
|-activate|p1a: Ceruledge|confusion
|move|p1a: Ceruledge|Poltergeist|p2a: FEDEZ
|-activate|p2a: FEDEZ|move: Poltergeist|Heavy-Duty Boots
|-damage|p2a: FEDEZ|0 fnt
|faint|p2a: FEDEZ
|
|-weather|Sandstorm|[upkeep]
|-damage|p1a: Ceruledge|28/100|[from] Sandstorm
|upkeep
|
|t:|1769379526
|switch|p2a: ALFONSO|Ogerpon-Teal-Tera, F, tera:Grass|95/100
|-ability|p2a: ALFONSO|Embody Aspect (Teal)|boost
|-boost|p2a: ALFONSO|spe|1
|turn|13
|
|t:|1769379529
|move|p2a: ALFONSO|Ivy Cudgel|p1a: Ceruledge
|-resisted|p1a: Ceruledge
|-damage|p1a: Ceruledge|0 fnt
|faint|p1a: Ceruledge
|
|-weather|none
|upkeep
|
|t:|1769379533
|switch|p1a: Moltres|Moltres-Galar|100/100
|turn|14
|inactive|Electric win has 90 seconds left.
|inactive|PAIS CORONA VGC has 60 seconds left.
|inactive|PAIS CORONA VGC has 30 seconds left.
|
|t:|1769379586
|move|p2a: ALFONSO|Ivy Cudgel|p1a: Moltres
|-resisted|p1a: Moltres
|-damage|p1a: Moltres|52/100
|move|p1a: Moltres|Fiery Wrath|p2a: ALFONSO
|-damage|p2a: ALFONSO|44/100
|
|upkeep
|turn|15
|inactive|PAIS CORONA VGC has 30 seconds left.
|inactive|PAIS CORONA VGC has 20 seconds left.
|
|t:|1769379608
|move|p2a: ALFONSO|Ivy Cudgel|p1a: Moltres
|-resisted|p1a: Moltres
|-damage|p1a: Moltres|0 fnt
|faint|p1a: Moltres
|
|upkeep
|inactive|Electric win has 60 seconds left.
|
|t:|1769379625
|switch|p1a: Great Tusk|Great Tusk|100/100
|-enditem|p1a: Great Tusk|Booster Energy
|-activate|p1a: Great Tusk|ability: Protosynthesis|[fromitem]
|-start|p1a: Great Tusk|protosynthesisspe
|turn|16
|inactive|Electric win has 60 seconds left.
|inactive|PAIS CORONA VGC has 30 seconds left.
|inactive|PAIS CORONA VGC has 20 seconds left.
|inactive|PAIS CORONA VGC has 15 seconds left.
|inactive|PAIS CORONA VGC has 10 seconds left.
|
|t:|1769379652
|switch|p2a: FABRIZIO CORONA|Excadrill, F, shiny|100/100
|-terastallize|p1a: Great Tusk|Poison
|move|p1a: Great Tusk|Bulk Up|p1a: Great Tusk
|-boost|p1a: Great Tusk|atk|1
|-boost|p1a: Great Tusk|def|1
|
|upkeep
|turn|17
|inactive|PAIS CORONA VGC has 20 seconds left this turn.
|inactive|Electric win has 60 seconds left.
|inactive|PAIS CORONA VGC has 15 seconds left.
|
|t:|1769379660
|move|p1a: Great Tusk|Headlong Rush|p2a: FABRIZIO CORONA
|-supereffective|p2a: FABRIZIO CORONA
|-damage|p2a: FABRIZIO CORONA|0 fnt
|-unboost|p1a: Great Tusk|def|1
|-unboost|p1a: Great Tusk|spd|1
|faint|p2a: FABRIZIO CORONA
|
|upkeep
|inactive|PAIS CORONA VGC has 20 seconds left this turn.
|
|t:|1769379662
|switch|p2a: ALFONSO|Ogerpon-Teal-Tera, F, tera:Grass|44/100
|-ability|p2a: ALFONSO|Embody Aspect (Teal)|boost
|-boost|p2a: ALFONSO|spe|1
|turn|18
|inactive|PAIS CORONA VGC has 30 seconds left this turn.
|c|☆PAIS CORONA VGC|gg
|inactive|Electric win has 60 seconds left.
|
|t:|1769379680
|move|p2a: ALFONSO|Ivy Cudgel|p1a: Great Tusk
|-resisted|p1a: Great Tusk
|-damage|p1a: Great Tusk|67/100
|move|p1a: Great Tusk|Headlong Rush|p2a: ALFONSO
|-resisted|p2a: ALFONSO
|-damage|p2a: ALFONSO|0 fnt
|-unboost|p1a: Great Tusk|def|1
|-unboost|p1a: Great Tusk|spd|1
|faint|p2a: ALFONSO
|detailschange|p2: ALFONSO|Ogerpon, F|[silent]
|
|win|Electric win
|c|☆Electric win|get what u wished for 
|c|☆Electric win|gg
|player|p2|
