|j|☆Sensig
|j|☆snorlaxpog
|t:|1769318619
|gametype|singles
|player|p1|Sensig|266|1337
|player|p2|snorlaxpog|2|1374
|gen|9
|tier|[Gen 9] OU
|rated|
|rule|HP Percentage Mod: HP is shown in percentages
|rule|Endless Battle Clause: Forcing endless battles is banned
|rule|Species Clause: Limit one of each Pokémon
|rule|OHKO Clause: OHKO moves are banned
|rule|Evasion Items Clause: Evasion items are banned
|rule|Evasion Moves Clause: Evasion moves are banned
|rule|Evasion Abilities Clause: Evasion abilities are banned
|rule|Sleep Moves Clause: Sleep-inducing moves are banned
|clearpoke
|poke|p1|Ogerpon-Wellspring, F|
|poke|p1|Ting-Lu|
|poke|p1|Scizor, M|
|poke|p1|Slowking-Galar, F|
|poke|p1|Zoroark-Hisui, M|
|poke|p1|Moltres|
|poke|p2|Hoopa-Unbound|
|poke|p2|Alomomola, F|
|poke|p2|Zamazenta-*|
|poke|p2|Garchomp, F|
|poke|p2|Kingambit, F|
|poke|p2|Slowking-Galar, F|
|teampreview
|inactive|Battle timer is ON: inactive players will automatically lose when time's up. (requested by snorlaxpog)
|
|t:|1769318636
|teamsize|p1|6
|teamsize|p2|6
|start
|switch|p1a: Ting-Lu|Ting-Lu|100/100
|switch|p2a: Garchomp|Garchomp, F|100/100
|-ability|p1a: Ting-Lu|Vessel of Ruin
|turn|1
|
|t:|1769318644
|move|p2a: Garchomp|Stealth Rock|p1a: Ting-Lu
|-sidestart|p1: Sensig|move: Stealth Rock
|move|p1a: Ting-Lu|Stealth Rock|p2a: Garchomp
|-sidestart|p2: snorlaxpog|move: Stealth Rock
|
|upkeep
|turn|2
|
|t:|1769318650
|move|p1a: Ting-Lu|Ruination|p2a: Garchomp
|-damage|p2a: Garchomp|51/100
|move|p2a: Garchomp|Dragon Tail|p1a: Ting-Lu
|-damage|p1a: Ting-Lu|87/100
|drag|p1a: Slowking|Slowking-Galar, F|100/100
|-damage|p1a: Slowking|88/100|[from] Stealth Rock
|
|-heal|p1a: Slowking|94/100|[from] item: Black Sludge
|upkeep
|turn|3
|
|t:|1769318664
|move|p2a: Garchomp|Earthquake|p1a: Slowking
|-supereffective|p1a: Slowking
|-damage|p1a: Slowking|29/100
|-prepare|p1a: Slowking|Chilly Reception|[premajor]
|move|p1a: Slowking|Chilly Reception|p1a: Slowking
|-weather|Snowscape
|
|t:|1769318689
|switch|p1a: Ogerpon|Ogerpon-Wellspring, F|100/100|[from] Chilly Reception
|-damage|p1a: Ogerpon|88/100|[from] Stealth Rock
|
|-weather|Snowscape|[upkeep]
|upkeep
|turn|4
|
|t:|1769318697
|switch|p2a: Zamazenta|Zamazenta|100/100
|-damage|p2a: Zamazenta|94/100|[from] Stealth Rock
|-ability|p2a: Zamazenta|Dauntless Shield|boost
|-boost|p2a: Zamazenta|def|1
|move|p1a: Ogerpon|Ivy Cudgel|p2a: Zamazenta|[anim] Ivy Cudgel Water
|-damage|p2a: Zamazenta|64/100
|
|-weather|Snowscape|[upkeep]
|-heal|p2a: Zamazenta|70/100|[from] item: Leftovers
|upkeep
|turn|5
|
|t:|1769318714
|switch|p1a: Ting-Lu|Ting-Lu|87/100
|-damage|p1a: Ting-Lu|81/100|[from] Stealth Rock
|-ability|p1a: Ting-Lu|Vessel of Ruin
|move|p2a: Zamazenta|Substitute|p2a: Zamazenta
|-start|p2a: Zamazenta|Substitute
|-damage|p2a: Zamazenta|45/100
|
|-weather|Snowscape|[upkeep]
|-heal|p2a: Zamazenta|52/100|[from] item: Leftovers
|-heal|p1a: Ting-Lu|87/100|[from] item: Leftovers
|upkeep
|turn|6
|
|t:|1769318721
|move|p2a: Zamazenta|Iron Defense|p2a: Zamazenta
|-boost|p2a: Zamazenta|def|2
|move|p1a: Ting-Lu|Whirlwind|p2a: Zamazenta
|drag|p2a: Hoopa|Hoopa-Unbound|100/100
|
|-weather|Snowscape|[upkeep]
|-heal|p1a: Ting-Lu|94/100|[from] item: Leftovers
|upkeep
|turn|7
|
|t:|1769318733
|move|p2a: Hoopa|Drain Punch|p1a: Ting-Lu
|-supereffective|p1a: Ting-Lu
|-damage|p1a: Ting-Lu|64/100
|move|p1a: Ting-Lu|Ruination|p2a: Hoopa
|-damage|p2a: Hoopa|51/100
|
|-weather|none
|-heal|p1a: Ting-Lu|70/100|[from] item: Leftovers
|upkeep
|turn|8
|
|t:|1769318739
|switch|p1a: Moltres|Moltres, shiny|100/100
|-damage|p1a: Moltres|88/100|[from] Stealth Rock
|move|p2a: Hoopa|Drain Punch|p1a: Moltres
|-immune|p1a: Moltres
|
|upkeep
|turn|9
|
|t:|1769318746
|move|p1a: Moltres|Trick|p2a: Hoopa
|-activate|p1a: Moltres|move: Trick|[of] p2a: Hoopa
|-item|p2a: Hoopa|Choice Scarf|[from] move: Trick
|-item|p1a: Moltres|Heavy-Duty Boots|[from] move: Trick
|move|p2a: Hoopa|Thunderbolt|p1a: Moltres
|-damage|p1a: Moltres|0 fnt
|replace|p1a: Zoroark|Zoroark-Hisui, M, shiny
|-end|p1a: Zoroark|Illusion
|faint|p1a: Zoroark
|
|upkeep
|
|t:|1769318757
|switch|p1a: Ting-Lu|Ting-Lu|70/100
|-damage|p1a: Ting-Lu|64/100|[from] Stealth Rock
|-ability|p1a: Ting-Lu|Vessel of Ruin
|turn|10
|
|t:|1769318762
|switch|p2a: Zamazenta|Zamazenta|52/100
|-damage|p2a: Zamazenta|45/100|[from] Stealth Rock
|move|p1a: Ting-Lu|Ruination|p2a: Zamazenta
|-damage|p2a: Zamazenta|23/100
|
|-heal|p2a: Zamazenta|29/100|[from] item: Leftovers
|-heal|p1a: Ting-Lu|70/100|[from] item: Leftovers
|upkeep
|turn|11
|
|t:|1769318775
|switch|p1a: Moltres|Moltres, shiny|100/100
|move|p2a: Zamazenta|Body Press|p1a: Moltres
|-resisted|p1a: Moltres
|-damage|p1a: Moltres|86/100
|
|-heal|p2a: Zamazenta|35/100|[from] item: Leftovers
|upkeep
|turn|12
|
|t:|1769318781
|switch|p2a: Alomomola|Alomomola, F|100/100
|move|p1a: Moltres|Flamethrower|p2a: Alomomola
|-resisted|p2a: Alomomola
|-damage|p2a: Alomomola|83/100
|-status|p2a: Alomomola|brn
|
|-damage|p2a: Alomomola|77/100 brn|[from] brn
|upkeep
|turn|13
|
|t:|1769318787
|move|p1a: Moltres|U-turn|p2a: Alomomola
|-damage|p2a: Alomomola|69/100 brn
|
|t:|1769318790
|switch|p1a: Ogerpon|Ogerpon-Wellspring, F|88/100|[from] U-turn
|-damage|p1a: Ogerpon|76/100|[from] Stealth Rock
|move|p2a: Alomomola|Wish|p2a: Alomomola
|
|-damage|p2a: Alomomola|62/100 brn|[from] brn
|upkeep
|turn|14
|
|t:|1769318797
|switch|p2a: Garchomp|Garchomp, F|51/100
|-damage|p2a: Garchomp|44/100|[from] Stealth Rock
|move|p1a: Ogerpon|Swords Dance|p1a: Ogerpon
|-boost|p1a: Ogerpon|atk|2
|
|-heal|p2a: Garchomp|100/100|[from] move: Wish|[wisher] Alomomola
|upkeep
|turn|15
|
|t:|1769318802
|move|p1a: Ogerpon|Ivy Cudgel|p2a: Garchomp|[anim] Ivy Cudgel Water
|-crit|p2a: Garchomp
|-damage|p2a: Garchomp|0 fnt
|faint|p2a: Garchomp
|
|upkeep
|
|t:|1769318815
|switch|p2a: Zamazenta|Zamazenta|35/100
|-damage|p2a: Zamazenta|29/100|[from] Stealth Rock
|turn|16
|
|t:|1769318821
|move|p2a: Zamazenta|Body Press|p1a: Ogerpon
|-damage|p1a: Ogerpon|23/100
|move|p1a: Ogerpon|Ivy Cudgel|p2a: Zamazenta|[anim] Ivy Cudgel Water
|-damage|p2a: Zamazenta|0 fnt
|faint|p2a: Zamazenta
|
|upkeep
|
|t:|1769318823
|switch|p2a: Hoopa|Hoopa-Unbound|51/100
|-damage|p2a: Hoopa|38/100|[from] Stealth Rock
|turn|17
|
|t:|1769318832
|switch|p1a: Ting-Lu|Ting-Lu|70/100
|-damage|p1a: Ting-Lu|64/100|[from] Stealth Rock
|-ability|p1a: Ting-Lu|Vessel of Ruin
|move|p2a: Hoopa|Knock Off|p1a: Ting-Lu
|-resisted|p1a: Ting-Lu
|-damage|p1a: Ting-Lu|51/100
|-enditem|p1a: Ting-Lu|Leftovers|[from] move: Knock Off|[of] p2a: Hoopa
|
|upkeep
|turn|18
|
|t:|1769318843
|switch|p2a: Alomomola|Alomomola, F|96/100 brn
|move|p1a: Ting-Lu|Ruination|p2a: Alomomola
|-damage|p2a: Alomomola|48/100 brn
|
|-damage|p2a: Alomomola|42/100 brn|[from] brn
|upkeep
|turn|19
|
|t:|1769318856
|switch|p1a: Ogerpon|Ogerpon-Wellspring, F|23/100
|-damage|p1a: Ogerpon|11/100|[from] Stealth Rock
|switch|p2a: Hoopa|Hoopa-Unbound|38/100
|-damage|p2a: Hoopa|26/100|[from] Stealth Rock
|
|upkeep
|turn|20
|
|t:|1769318885
|switch|p1a: Ting-Lu|Ting-Lu|51/100
|-damage|p1a: Ting-Lu|45/100|[from] Stealth Rock
|-ability|p1a: Ting-Lu|Vessel of Ruin
|move|p2a: Hoopa|Drain Punch|p1a: Ting-Lu
|-supereffective|p1a: Ting-Lu
|-damage|p1a: Ting-Lu|17/100
|-heal|p2a: Hoopa|50/100|[from] drain|[of] p1a: Ting-Lu
|
|upkeep
|turn|21
|
|t:|1769318897
|move|p2a: Hoopa|Drain Punch|p1a: Ting-Lu
|-supereffective|p1a: Ting-Lu
|-damage|p1a: Ting-Lu|0 fnt
|-heal|p2a: Hoopa|64/100|[from] drain|[of] p1a: Ting-Lu
|faint|p1a: Ting-Lu
|
|upkeep
|
|t:|1769318904
|switch|p1a: Scizor|Scizor, M, shiny|100/100
|-damage|p1a: Scizor|88/100|[from] Stealth Rock
|turn|22
|
|t:|1769318913
|switch|p2a: Alomomola|Alomomola, F|75/100 brn
|move|p1a: Scizor|Defog|p2a: Alomomola
|-unboost|p2a: Alomomola|evasion|1
|-sideend|p2: snorlaxpog|Stealth Rock|[from] move: Defog|[of] p1a: Scizor
|-sideend|p1: Sensig|Stealth Rock|[from] move: Defog|[of] p1a: Scizor
|
|-damage|p2a: Alomomola|69/100 brn|[from] brn
|upkeep
|turn|23
|
|t:|1769318927
|switch|p1a: Slowking|Slowking-Galar, F|62/100
|move|p2a: Alomomola|Wish|p2a: Alomomola
|
|-heal|p1a: Slowking|68/100|[from] item: Black Sludge
|-damage|p2a: Alomomola|63/100 brn|[from] brn
|upkeep
|turn|24
|
|t:|1769318938
|switch|p2a: Hoopa|Hoopa-Unbound|64/100
|move|p1a: Slowking|Thunder Wave|p2a: Hoopa|[miss]
|-miss|p1a: Slowking|p2a: Hoopa
|
|-heal|p2a: Hoopa|100/100|[from] move: Wish|[wisher] Alomomola
|-heal|p1a: Slowking|74/100|[from] item: Black Sludge
|upkeep
|turn|25
|
|t:|1769318955
|move|p2a: Hoopa|Knock Off|p1a: Slowking
|-supereffective|p1a: Slowking
|-damage|p1a: Slowking|0 fnt
|-enditem|p1a: Slowking|Black Sludge|[from] move: Knock Off|[of] p2a: Hoopa
|faint|p1a: Slowking
|
|upkeep
|
|t:|1769318962
|switch|p1a: Scizor|Scizor, M, shiny|88/100
|turn|26
|
|t:|1769318983
|move|p2a: Hoopa|Knock Off|p1a: Scizor
|-damage|p1a: Scizor|34/100
|-enditem|p1a: Scizor|Choice Band|[from] move: Knock Off|[of] p2a: Hoopa
|move|p1a: Scizor|Knock Off|p2a: Hoopa
|-damage|p2a: Hoopa|34/100
|-enditem|p2a: Hoopa|Choice Scarf|[from] move: Knock Off|[of] p1a: Scizor
|
|upkeep
|turn|27
|
|t:|1769318991
|switch|p2a: Alomomola|Alomomola, F|96/100 brn
|move|p1a: Scizor|Bullet Punch|p2a: Alomomola
|-resisted|p2a: Alomomola
|-damage|p2a: Alomomola|86/100 brn
|
|-damage|p2a: Alomomola|80/100 brn|[from] brn
|upkeep
|turn|28
|
|t:|1769319008
|switch|p1a: Ogerpon|Ogerpon-Wellspring, F|11/100
|move|p2a: Alomomola|Wish|p2a: Alomomola
|
|-damage|p2a: Alomomola|74/100 brn|[from] brn
|upkeep
|turn|29
|
|t:|1769319011
|switch|p2a: Slowking|Slowking-Galar, F|100/100
|move|p1a: Ogerpon|Synthesis|p1a: Ogerpon
|-heal|p1a: Ogerpon|61/100
|
|upkeep
|turn|30
|
|t:|1769319017
|switch|p1a: Scizor|Scizor, M, shiny|34/100
|move|p2a: Slowking|Toxic|p1a: Scizor
|-immune|p1a: Scizor
|
|upkeep
|turn|31
|
|t:|1769319022
|switch|p2a: Alomomola|Alomomola, F|100/100 brn
|move|p1a: Scizor|Knock Off|p2a: Alomomola
|-damage|p2a: Alomomola|78/100 brn
|-enditem|p2a: Alomomola|Heavy-Duty Boots|[from] move: Knock Off|[of] p1a: Scizor
|
|-damage|p2a: Alomomola|72/100 brn|[from] brn
|upkeep
|turn|32
|
|t:|1769319031
|move|p1a: Scizor|Close Combat|p2a: Alomomola
|-damage|p2a: Alomomola|43/100 brn
|-unboost|p1a: Scizor|def|1
|-unboost|p1a: Scizor|spd|1
|move|p2a: Alomomola|Wish|p2a: Alomomola
|
|-damage|p2a: Alomomola|37/100 brn|[from] brn
|upkeep
|turn|33
|
|t:|1769319043
|switch|p1a: Ogerpon|Ogerpon-Wellspring, F|61/100
|move|p2a: Alomomola|Protect||[still]
|-fail|p2a: Alomomola
|
|-heal|p2a: Alomomola|87/100 brn|[from] move: Wish|[wisher] Alomomola
|-damage|p2a: Alomomola|81/100 brn|[from] brn
|upkeep
|turn|34
|
|t:|1769319048
|switch|p2a: Slowking|Slowking-Galar, F|100/100
|move|p1a: Ogerpon|Swords Dance|p1a: Ogerpon
|-boost|p1a: Ogerpon|atk|2
|
|upkeep
|turn|35
|
|t:|1769319054
|-terastallize|p1a: Ogerpon|Water
|detailschange|p1a: Ogerpon|Ogerpon-Wellspring-Tera, F, tera:Water
|-ability|p1a: Ogerpon|Embody Aspect (Wellspring)|boost
|-boost|p1a: Ogerpon|spd|1
|move|p1a: Ogerpon|Ivy Cudgel|p2a: Slowking|[anim] Ivy Cudgel Water
|-damage|p2a: Slowking|0 fnt
|faint|p2a: Slowking
|
|upkeep
|
|t:|1769319073
|switch|p2a: Kingambit|Kingambit, F|100/100
|-activate|p2a: Kingambit|ability: Supreme Overlord
|-start|p2a: Kingambit|fallen3|[silent]
|turn|36
|
|t:|1769319079
|move|p1a: Ogerpon|Synthesis|p1a: Ogerpon
|-heal|p1a: Ogerpon|100/100
|move|p2a: Kingambit|Kowtow Cleave|p1a: Ogerpon
|-damage|p1a: Ogerpon|21/100
|
|upkeep
|turn|37
|
|t:|1769319086
|switch|p1a: Moltres|Moltres, shiny|86/100
|move|p2a: Kingambit|Sucker Punch||[still]
|-fail|p2a: Kingambit
|
|upkeep
|turn|38
|
|t:|1769319093
|-end|p2a: Kingambit|fallen3|[silent]
|switch|p2a: Alomomola|Alomomola, F|100/100 brn
|move|p1a: Moltres|Flamethrower|p2a: Alomomola
|-resisted|p2a: Alomomola
|-damage|p2a: Alomomola|84/100 brn
|
|-damage|p2a: Alomomola|78/100 brn|[from] brn
|upkeep
|turn|39
|
|t:|1769319122
|switch|p2a: Kingambit|Kingambit, F|100/100
|-activate|p2a: Kingambit|ability: Supreme Overlord
|-start|p2a: Kingambit|fallen3|[silent]
|move|p1a: Moltres|U-turn|p2a: Kingambit
|-damage|p2a: Kingambit|90/100
|
|t:|1769319133
|switch|p1a: Scizor|Scizor, M, shiny|34/100|[from] U-turn
|
|-heal|p2a: Kingambit|96/100|[from] item: Leftovers
|upkeep
|turn|40
|
|t:|1769319145
|-terastallize|p2a: Kingambit|Fire
|move|p1a: Scizor|Close Combat|p2a: Kingambit
|-damage|p2a: Kingambit|60/100
|-unboost|p1a: Scizor|def|1
|-unboost|p1a: Scizor|spd|1
|move|p2a: Kingambit|Kowtow Cleave|p1a: Scizor
|-damage|p1a: Scizor|0 fnt
|faint|p1a: Scizor
|
|-heal|p2a: Kingambit|66/100|[from] item: Leftovers
|upkeep
|
|t:|1769319156
|switch|p1a: Ogerpon|Ogerpon-Wellspring-Tera, F, tera:Water|21/100
|-ability|p1a: Ogerpon|Embody Aspect (Wellspring)|boost
|-boost|p1a: Ogerpon|spd|1
|turn|41
|
|t:|1769319173
|move|p2a: Kingambit|Sucker Punch|p1a: Ogerpon
|-damage|p1a: Ogerpon|0 fnt
|faint|p1a: Ogerpon
|detailschange|p1: Ogerpon|Ogerpon-Wellspring, F|[silent]
|
|-heal|p2a: Kingambit|73/100|[from] item: Leftovers
|upkeep
|
|t:|1769319176
|switch|p1a: Moltres|Moltres, shiny|86/100
|turn|42
|
|t:|1769319181
|move|p1a: Moltres|Flamethrower|p2a: Kingambit
|-resisted|p2a: Kingambit
|-damage|p2a: Kingambit|54/100
|move|p2a: Kingambit|Kowtow Cleave|p1a: Moltres
|-damage|p1a: Moltres|39/100
|
|-heal|p2a: Kingambit|61/100|[from] item: Leftovers
|upkeep
|turn|43
|c|☆snorlaxpog|gg
|
|t:|1769319191
|move|p1a: Moltres|Flamethrower|p2a: Kingambit
|-resisted|p2a: Kingambit
|-damage|p2a: Kingambit|43/100
|move|p2a: Kingambit|Kowtow Cleave|p1a: Moltres
|-damage|p1a: Moltres|0 fnt
|faint|p1a: Moltres
|
|win|snorlaxpog
|raw|Sensig's rating: 1337 &rarr; <strong>1319</strong><br />(-18 for losing)
|raw|snorlaxpog's rating: 1374 &rarr; <strong>1392</strong><br />(+18 for winning)
|l|☆Sensig
|player|p1|
|l|☆snorlaxpog
|player|p2|
