|j|☆jsnsddk
|j|☆FirstLightSoulja
|t:|1769321039
|gametype|singles
|player|p1|jsnsddk|2|1596
|player|p2|FirstLightSoulja|giovanni|1614
|gen|9
|tier|[Gen 9] OU
|rated|
|rule|HP Percentage Mod: HP is shown in percentages
|rule|Endless Battle Clause: Forcing endless battles is banned
|rule|Species Clause: Limit one of each Pokémon
|rule|OHKO Clause: OHKO moves are banned
|rule|Evasion Items Clause: Evasion items are banned
|rule|Evasion Moves Clause: Evasion moves are banned
|rule|Evasion Abilities Clause: Evasion abilities are banned
|rule|Sleep Moves Clause: Sleep-inducing moves are banned
|clearpoke
|poke|p1|Dragonite, M|
|poke|p1|Hatterene, F|
|poke|p1|Kingambit, F|
|poke|p1|Iron Crown|
|poke|p1|Crawdaunt, F|
|poke|p1|Manaphy|
|poke|p2|Garchomp, M|
|poke|p2|Sinistcha|
|poke|p2|Iron Valiant|
|poke|p2|Ogerpon-Wellspring, F|
|poke|p2|Slowking-Galar, F|
|poke|p2|Ceruledge, F|
|teampreview
|inactive|Battle timer is ON: inactive players will automatically lose when time's up. (requested by jsnsddk)
|
|t:|1769321062
|teamsize|p1|6
|teamsize|p2|6
|start
|switch|p1a: Hatterene|Hatterene, F|100/100
|switch|p2a: Garchomp|Garchomp, M|100/100
|turn|1
|
|t:|1769321069
|move|p2a: Garchomp|Earthquake|p1a: Hatterene
|-damage|p1a: Hatterene|55/100
|move|p1a: Hatterene|Trick Room|p1a: Hatterene
|-fieldstart|move: Trick Room|[of] p1a: Hatterene
|
|upkeep
|turn|2
|
|t:|1769321077
|switch|p2a: Ceruledge|Ceruledge, F|100/100
|move|p1a: Hatterene|Dazzling Gleam|p2a: Ceruledge
|-resisted|p2a: Ceruledge
|-damage|p2a: Ceruledge|78/100
|
|upkeep
|turn|3
|
|t:|1769321097
|move|p1a: Hatterene|Nuzzle|p2a: Ceruledge
|-damage|p2a: Ceruledge|72/100
|-status|p2a: Ceruledge|par
|cant|p2a: Ceruledge|par
|
|upkeep
|turn|4
|l|☆jsnsddk
|inactive|jsnsddk disconnected and has a minute to reconnect!
|player|p1|
|inactive|jsnsddk has 30 seconds to reconnect!
|inactive|jsnsddk has 20 seconds to reconnect!
|inactive|jsnsddk has 15 seconds to reconnect!
|inactive|jsnsddk has 10 seconds to reconnect!
|inactive|jsnsddk has 5 seconds to reconnect!
|j|☆jsnsddk
|inactive|jsnsddk reconnected and has 95 seconds left.
|player|p1|jsnsddk|2|
|inactive|jsnsddk has 90 seconds left.
|
|t:|1769321164
|move|p1a: Hatterene|Healing Wish|p1a: Hatterene
|faint|p1a: Hatterene
|cant|p2a: Ceruledge|par
|
|upkeep
|
|t:|1769321167
|switch|p1a: Crawdaunt|Crawdaunt, F|100/100
|turn|5
|
|t:|1769321171
|move|p1a: Crawdaunt|Knock Off|p2a: Ceruledge
|-supereffective|p2a: Ceruledge
|-damage|p2a: Ceruledge|0 fnt
|-enditem|p2a: Ceruledge|Heavy-Duty Boots|[from] move: Knock Off|[of] p1a: Crawdaunt
|faint|p2a: Ceruledge
|-damage|p1a: Crawdaunt|90/100|[from] item: Life Orb
|
|-fieldend|move: Trick Room
|upkeep
|
|t:|1769321178
|switch|p2a: Garchomp|Garchomp, M|100/100
|turn|6
|
|t:|1769321181
|move|p1a: Crawdaunt|Knock Off|p2a: Garchomp
|-damage|p2a: Garchomp|20/100
|-damage|p1a: Crawdaunt|78/100|[from] ability: Rough Skin|[of] p2a: Garchomp
|-damage|p1a: Crawdaunt|61/100|[from] item: Rocky Helmet|[of] p2a: Garchomp
|-enditem|p2a: Garchomp|Rocky Helmet|[from] move: Knock Off|[of] p1a: Crawdaunt
|-damage|p1a: Crawdaunt|51/100|[from] item: Life Orb
|move|p2a: Garchomp|Dragon Tail|p1a: Crawdaunt|[miss]
|-miss|p2a: Garchomp|p1a: Crawdaunt
|
|upkeep
|turn|7
|inactive|jsnsddk has 120 seconds left.
|
|t:|1769321198
|move|p2a: Garchomp|Earthquake|p1a: Crawdaunt
|-damage|p1a: Crawdaunt|0 fnt
|faint|p1a: Crawdaunt
|
|upkeep
|inactive|jsnsddk has 120 seconds left.
|
|t:|1769321207
|switch|p1a: Dragonite|Dragonite, M|100/100
|turn|8
|
|t:|1769321209
|move|p1a: Dragonite|Encore|p2a: Garchomp
|-start|p2a: Garchomp|Encore
|move|p2a: Garchomp|Earthquake|p1a: Dragonite
|-immune|p1a: Dragonite
|
|upkeep
|turn|9
|
|t:|1769321216
|switch|p2a: Iron Valiant|Iron Valiant|100/100
|move|p1a: Dragonite|Dragon Dance|p1a: Dragonite
|-boost|p1a: Dragonite|atk|1
|-boost|p1a: Dragonite|spe|1
|
|upkeep
|turn|10
|
|t:|1769321224
|-terastallize|p1a: Dragonite|Fire
|move|p1a: Dragonite|Dragon Dance|p1a: Dragonite
|-boost|p1a: Dragonite|atk|1
|-boost|p1a: Dragonite|spe|1
|move|p2a: Iron Valiant|Moonblast|p1a: Dragonite
|-resisted|p1a: Dragonite
|-damage|p1a: Dragonite|83/100
|
|upkeep
|turn|11
|
|t:|1769321236
|-end|p2a: Iron Valiant|Quark Drive|[silent]
|switch|p2a: Garchomp|Garchomp, M|20/100
|move|p1a: Dragonite|Fire Punch|p2a: Garchomp
|-resisted|p2a: Garchomp
|-damage|p2a: Garchomp|0 fnt
|-damage|p1a: Dragonite|71/100|[from] ability: Rough Skin|[of] p2a: Garchomp
|faint|p2a: Garchomp
|
|upkeep
|
|t:|1769321245
|switch|p2a: Sinistcha|Sinistcha|100/100
|turn|12
|
|t:|1769321250
|move|p1a: Dragonite|Scale Shot|p2a: Sinistcha|[miss]
|-miss|p1a: Dragonite|p2a: Sinistcha
|move|p2a: Sinistcha|Strength Sap|p1a: Dragonite
|-unboost|p1a: Dragonite|atk|1
|
|upkeep
|turn|13
|
|t:|1769321259
|move|p1a: Dragonite|Dragon Dance|p1a: Dragonite
|-boost|p1a: Dragonite|atk|1
|-boost|p1a: Dragonite|spe|1
|move|p2a: Sinistcha|Shadow Ball|p1a: Dragonite
|-damage|p1a: Dragonite|33/100
|
|upkeep
|turn|14
|
|t:|1769321276
|move|p1a: Dragonite|Scale Shot|p2a: Sinistcha
|-damage|p2a: Sinistcha|81/100
|-damage|p2a: Sinistcha|61/100
|-damage|p2a: Sinistcha|41/100
|-damage|p2a: Sinistcha|21/100
|-damage|p2a: Sinistcha|0 fnt
|faint|p2a: Sinistcha
|-hitcount|p2: Sinistcha|5
|-unboost|p1a: Dragonite|def|1
|-boost|p1a: Dragonite|spe|1
|
|upkeep
|
|t:|1769321287
|switch|p2a: Iron Valiant|Iron Valiant|100/100
|turn|15
|
|t:|1769321293
|move|p2a: Iron Valiant|Vacuum Wave|p1a: Dragonite
|-damage|p1a: Dragonite|1/100
|move|p1a: Dragonite|Fire Punch|p2a: Iron Valiant
|-damage|p2a: Iron Valiant|0 fnt
|faint|p2a: Iron Valiant
|-end|p2a: Iron Valiant|Quark Drive|[silent]
|
|upkeep
|-message|FirstLightSoulja forfeited.
|
|win|jsnsddk
|raw|jsnsddk's rating: 1596 &rarr; <strong>1617</strong><br />(+21 for winning)
|raw|FirstLightSoulja's rating: 1614 &rarr; <strong>1593</strong><br />(-21 for losing)
|l|☆FirstLightSoulja
|player|p2|
|l|☆jsnsddk
|player|p1|
