|j|☆lv0ry
|j|☆dragonyuk
|t:|1769437469
|gametype|singles
|player|p1|lv0ry|101|1243
|player|p2|dragonyuk|169|1223
|gen|9
|tier|[Gen 9] OU
|rated|
|rule|HP Percentage Mod: HP is shown in percentages
|rule|Endless Battle Clause: Forcing endless battles is banned
|rule|Species Clause: Limit one of each Pokémon
|rule|OHKO Clause: OHKO moves are banned
|rule|Evasion Items Clause: Evasion items are banned
|rule|Evasion Moves Clause: Evasion moves are banned
|rule|Evasion Abilities Clause: Evasion abilities are banned
|rule|Sleep Moves Clause: Sleep-inducing moves are banned
|clearpoke
|poke|p1|Eelektross, F|
|poke|p1|Deoxys-Speed|
|poke|p1|Iron Valiant|
|poke|p1|Pecharunt|
|poke|p1|Dragonite, M|
|poke|p1|Kingambit, M|
|poke|p2|Magneton|
|poke|p2|Psyduck, F|
|poke|p2|Toxapex, F|
|poke|p2|Zoroark-Hisui, M|
|poke|p2|Maushold|
|poke|p2|Hitmontop, M|
|teampreview
|inactive|Battle timer is ON: inactive players will automatically lose when time's up. (requested by lv0ry)
|
|t:|1769437503
|teamsize|p1|6
|teamsize|p2|6
|start
|switch|p1a: Deoxys|Deoxys-Speed|100/100
|switch|p2a: DA GOAT|Magneton, shiny|100/100
|-ability|p1a: Deoxys|Pressure
|turn|1
|inactive|lv0ry has 120 seconds left.
|
|t:|1769437535
|move|p1a: Deoxys|Light Screen|p1a: Deoxys
|-sidestart|p1: lv0ry|move: Light Screen
|move|p2a: DA GOAT|Thunderbolt|p1a: Deoxys
|-damage|p1a: Deoxys|72/100
|
|upkeep
|turn|2
|
|t:|1769437540
|move|p1a: Deoxys|Reflect|p1a: Deoxys
|-sidestart|p1: lv0ry|Reflect
|move|p2a: DA GOAT|Thunderbolt|p1a: Deoxys
|-damage|p1a: Deoxys|43/100
|
|upkeep
|turn|3
|c|☆dragonyuk|OH NO
|c|☆dragonyuk|THIS SUDDENLY TURNED BAD
|
|t:|1769437549
|move|p1a: Deoxys|Stealth Rock|p2a: DA GOAT
|-sidestart|p2: dragonyuk|move: Stealth Rock
|move|p2a: DA GOAT|Thunderbolt|p1a: Deoxys
|-damage|p1a: Deoxys|16/100
|
|upkeep
|turn|4
|
|t:|1769437555
|switch|p1a: Eelektross|Eelektross, F|100/100
|move|p2a: DA GOAT|Thunderbolt|p1a: Eelektross
|-resisted|p1a: Eelektross
|-damage|p1a: Eelektross|91/100
|
|-heal|p1a: Eelektross|97/100|[from] item: Leftovers
|upkeep
|turn|5
|
|t:|1769437560
|switch|p2a: Beyblade|Hitmontop, M|100/100
|-damage|p2a: Beyblade|94/100|[from] Stealth Rock
|move|p1a: Eelektross|Coil|p1a: Eelektross
|-boost|p1a: Eelektross|atk|1
|-boost|p1a: Eelektross|def|1
|-boost|p1a: Eelektross|accuracy|1
|
|-heal|p2a: Beyblade|100/100|[from] item: Leftovers
|-heal|p1a: Eelektross|100/100|[from] item: Leftovers
|upkeep
|turn|6
|
|t:|1769437574
|move|p2a: Beyblade|Rapid Spin|p1a: Eelektross
|-damage|p1a: Eelektross|91/100
|-boost|p2a: Beyblade|spe|1
|-sideend|p2: dragonyuk|Stealth Rock|[from] move: Rapid Spin|[of] p2a: Beyblade
|move|p1a: Eelektross|Dragon Tail|p2a: Beyblade
|-damage|p2a: Beyblade|73/100
|drag|p2a: Family|Maushold|100/100
|
|-heal|p1a: Eelektross|98/100|[from] item: Leftovers
|upkeep
|turn|7
|
|t:|1769437583
|switch|p2a: DA WALL|Toxapex, F|100/100
|move|p1a: Eelektross|Drain Punch|p2a: DA WALL
|-resisted|p2a: DA WALL
|-damage|p2a: DA WALL|88/100
|-heal|p1a: Eelektross|100/100|[from] drain|[of] p2a: DA WALL
|
|upkeep
|turn|8
|
|t:|1769437587
|move|p1a: Eelektross|Supercell Slam|p2a: DA WALL
|-supereffective|p2a: DA WALL
|-damage|p2a: DA WALL|0 fnt
|faint|p2a: DA WALL
|
|-sideend|p1: lv0ry|move: Light Screen
|upkeep
|
|t:|1769437590
|switch|p2a: Beyblade|Hitmontop, M|100/100
|turn|9
|
|t:|1769437593
|move|p2a: Beyblade|Trick|p1a: Eelektross
|-activate|p2a: Beyblade|move: Trick|[of] p1a: Eelektross
|-item|p1a: Eelektross|Choice Specs|[from] move: Trick
|-item|p2a: Beyblade|Leftovers|[from] move: Trick
|move|p1a: Eelektross|Supercell Slam|p2a: Beyblade
|-damage|p2a: Beyblade|0 fnt
|replace|p2a: Bark bark|Zoroark-Hisui, M
|-end|p2a: Bark bark|Illusion
|faint|p2a: Bark bark
|
|-sideend|p1: lv0ry|Reflect
|upkeep
|
|t:|1769437603
|switch|p2a: FEAR ME|Psyduck, F|100/100
|-ability|p2a: FEAR ME|Cloud Nine
|turn|10
|
|t:|1769437608
|move|p1a: Eelektross|Supercell Slam|p2a: FEAR ME
|-supereffective|p2a: FEAR ME
|-enditem|p2a: FEAR ME|Focus Sash
|-damage|p2a: FEAR ME|1/100
|move|p2a: FEAR ME|Endeavor|p1a: Eelektross
|-damage|p1a: Eelektross|1/100
|
|upkeep
|turn|11
|c|☆dragonyuk|It's so over man
|c|☆dragonyuk|What do
|
|t:|1769437622
|move|p2a: FEAR ME|Vacuum Wave|p1a: Eelektross
|-damage|p1a: Eelektross|0 fnt
|faint|p1a: Eelektross
|
|upkeep
|
|t:|1769437631
|switch|p1a: Dragonite|Dragonite, M|100/100
|turn|12
|
|t:|1769437660
|move|p1a: Dragonite|Extreme Speed|p2a: FEAR ME
|-damage|p2a: FEAR ME|0 fnt
|faint|p2a: FEAR ME
|
|upkeep
|
|t:|1769437661
|switch|p2a: Beyblade|Hitmontop, M|73/100
|turn|13
|
|t:|1769437665
|move|p1a: Dragonite|Dragon Dance|p1a: Dragonite
|-boost|p1a: Dragonite|atk|1
|-boost|p1a: Dragonite|spe|1
|move|p2a: Beyblade|Triple Axel|p1a: Dragonite|[miss]
|-miss|p2a: Beyblade|p1a: Dragonite
|
|-heal|p2a: Beyblade|79/100|[from] item: Leftovers
|upkeep
|turn|14
|c|☆dragonyuk|I actually hate this mon
|c|☆dragonyuk|He misses every crucial triple axel
|
|t:|1769437684
|-terastallize|p1a: Dragonite|Flying
|move|p1a: Dragonite|Tera Blast|p2a: Beyblade|[anim] Tera Blast Flying
|-supereffective|p2a: Beyblade
|-damage|p2a: Beyblade|0 fnt
|faint|p2a: Beyblade
|
|upkeep
|
|t:|1769437688
|switch|p2a: DA GOAT|Magneton, shiny|100/100
|turn|15
|
|t:|1769437696
|move|p2a: DA GOAT|Thunderbolt|p1a: Dragonite
|-supereffective|p1a: Dragonite
|-damage|p1a: Dragonite|57/100
|move|p1a: Dragonite|Earthquake|p2a: DA GOAT
|-supereffective|p2a: DA GOAT
|-ability|p2a: DA GOAT|Sturdy
|-damage|p2a: DA GOAT|1/100
|
|upkeep
|turn|16
|inactive|lv0ry has 120 seconds left.
|
|t:|1769437730
|move|p1a: Dragonite|Extreme Speed|p2a: DA GOAT
|-resisted|p2a: DA GOAT
|-damage|p2a: DA GOAT|0 fnt
|faint|p2a: DA GOAT
|
|upkeep
|
|t:|1769437732
|switch|p2a: Family|Maushold|100/100
|turn|17
|
|t:|1769437738
|-terastallize|p2a: Family|Ghost
|move|p1a: Dragonite|Tera Blast|p2a: Family|[anim] Tera Blast Flying
|-damage|p2a: Family|0 fnt
|faint|p2a: Family
|
|win|lv0ry
|raw|lv0ry's rating: 1243 &rarr; <strong>1267</strong><br />(+24 for winning)
|raw|dragonyuk's rating: 1223 &rarr; <strong>1199</strong><br />(-24 for losing)
|l|☆dragonyuk
|player|p2|
|l|☆lv0ry
|player|p1|
