|j|☆just dum luck
|j|☆dshepart
|t:|1769437081
|gametype|singles
|player|p1|just dum luck|waiter-gen4|1356
|player|p2|dshepart|artist|1372
|gen|9
|tier|[Gen 9] OU
|rated|
|rule|HP Percentage Mod: HP is shown in percentages
|rule|Endless Battle Clause: Forcing endless battles is banned
|rule|Species Clause: Limit one of each Pokémon
|rule|OHKO Clause: OHKO moves are banned
|rule|Evasion Items Clause: Evasion items are banned
|rule|Evasion Moves Clause: Evasion moves are banned
|rule|Evasion Abilities Clause: Evasion abilities are banned
|rule|Sleep Moves Clause: Sleep-inducing moves are banned
|clearpoke
|poke|p1|Pelipper, M|
|poke|p1|Walking Wake|
|poke|p1|Ogerpon, F|
|poke|p1|Tinkaton, F|
|poke|p1|Barraskewda, M|
|poke|p1|Zapdos|
|poke|p2|Azelf|
|poke|p2|Great Tusk|
|poke|p2|Kingambit, F|
|poke|p2|Sinistcha-Masterpiece|
|poke|p2|Walking Wake|
|poke|p2|Dragapult, M|
|teampreview
|inactive|Battle timer is ON: inactive players will automatically lose when time's up. (requested by just dum luck)
|inactive|dshepart has 120 seconds left.
|l|☆just dum luck
|inactive|just dum luck disconnected and has a minute to reconnect!
|player|p1|
|j|☆just dum luck
|inactive|just dum luck reconnected.
|player|p1|just dum luck|waiter-gen4|
|inactive|dshepart has 90 seconds left.
|inactive|dshepart has 60 seconds left.
|inactive|dshepart has 30 seconds left.
|
|t:|1769437249
|teamsize|p1|6
|teamsize|p2|6
|start
|switch|p1a: Tinkaton|Tinkaton, F|100/100
|switch|p2a: Azelf|Azelf|100/100
|-ability|p1a: Tinkaton|Mold Breaker
|turn|1
|
|t:|1769437257
|move|p2a: Azelf|Flamethrower|p1a: Tinkaton
|-supereffective|p1a: Tinkaton
|-damage|p1a: Tinkaton|49/100
|move|p1a: Tinkaton|Stealth Rock|p2a: Azelf
|-sidestart|p2: dshepart|move: Stealth Rock
|
|-heal|p1a: Tinkaton|55/100|[from] item: Leftovers
|upkeep
|turn|2
|
|t:|1769437266
|move|p2a: Azelf|Flamethrower|p1a: Tinkaton
|-supereffective|p1a: Tinkaton
|-damage|p1a: Tinkaton|6/100
|move|p1a: Tinkaton|Encore|p2a: Azelf
|-start|p2a: Azelf|Encore
|
|-heal|p1a: Tinkaton|12/100|[from] item: Leftovers
|upkeep
|turn|3
|
|t:|1769437271
|switch|p1a: Pelipper|Pelipper, M|100/100
|-weather|RainDance|[from] ability: Drizzle|[of] p1a: Pelipper
|move|p2a: Azelf|Flamethrower|p1a: Pelipper
|-resisted|p1a: Pelipper
|-damage|p1a: Pelipper|89/100
|
|-weather|RainDance|[upkeep]
|upkeep
|turn|4
|
|t:|1769437280
|switch|p2a: Walking Wake|Walking Wake|100/100
|-damage|p2a: Walking Wake|88/100|[from] Stealth Rock
|move|p1a: Pelipper|Hurricane|p2a: Walking Wake
|-damage|p2a: Walking Wake|30/100
|-start|p2a: Walking Wake|confusion
|
|-weather|RainDance|[upkeep]
|upkeep
|turn|5
|
|t:|1769437287
|-activate|p2a: Walking Wake|confusion
|-damage|p2a: Walking Wake|22/100|[from] confusion
|move|p1a: Pelipper|Hurricane|p2a: Walking Wake
|-damage|p2a: Walking Wake|0 fnt
|faint|p2a: Walking Wake
|-end|p2a: Walking Wake|Protosynthesis|[silent]
|
|-weather|RainDance|[upkeep]
|upkeep
|inactive|dshepart has 120 seconds left.
|
|t:|1769437293
|switch|p2a: Dragapult|Dragapult, M|100/100
|-damage|p2a: Dragapult|88/100|[from] Stealth Rock
|turn|6
|
|t:|1769437298
|switch|p1a: Tinkaton|Tinkaton, F|12/100
|-ability|p1a: Tinkaton|Mold Breaker
|move|p2a: Dragapult|Shadow Ball|p1a: Tinkaton
|-damage|p1a: Tinkaton|0 fnt
|faint|p1a: Tinkaton
|
|-weather|RainDance|[upkeep]
|upkeep
|
|t:|1769437308
|switch|p1a: Barraskewda|Barraskewda, M|100/100
|turn|7
|
|t:|1769437318
|switch|p2a: Kingambit|Kingambit, F|100/100
|-damage|p2a: Kingambit|94/100|[from] Stealth Rock
|-activate|p2a: Kingambit|ability: Supreme Overlord
|-start|p2a: Kingambit|fallen1|[silent]
|-terastallize|p1a: Barraskewda|Water
|move|p1a: Barraskewda|Flip Turn|p2a: Kingambit
|-damage|p2a: Kingambit|23/100
|
|t:|1769437333
|switch|p1a: Walking Wake|Walking Wake|100/100|[from] Flip Turn
|
|-weather|none
|upkeep
|turn|8
|
|t:|1769437339
|move|p2a: Kingambit|Sucker Punch|p1a: Walking Wake
|-damage|p1a: Walking Wake|48/100
|move|p1a: Walking Wake|Surf|p2a: Kingambit
|-damage|p2a: Kingambit|0 fnt
|faint|p2a: Kingambit
|-end|p2a: Kingambit|fallen1|[silent]
|
|upkeep
|
|t:|1769437347
|switch|p2a: Dragapult|Dragapult, M|88/100
|-damage|p2a: Dragapult|76/100|[from] Stealth Rock
|turn|9
|
|t:|1769437355
|move|p2a: Dragapult|Shadow Ball|p1a: Walking Wake
|-damage|p1a: Walking Wake|0 fnt
|faint|p1a: Walking Wake
|-end|p1a: Walking Wake|Protosynthesis|[silent]
|
|upkeep
|
|t:|1769437360
|switch|p1a: Pelipper|Pelipper, M|89/100
|-weather|RainDance|[from] ability: Drizzle|[of] p1a: Pelipper
|turn|10
|
|t:|1769437363
|move|p2a: Dragapult|Shadow Ball|p1a: Pelipper
|-damage|p1a: Pelipper|12/100
|move|p1a: Pelipper|Hurricane|p2a: Dragapult
|-damage|p2a: Dragapult|0 fnt
|faint|p2a: Dragapult
|
|-weather|RainDance|[upkeep]
|upkeep
|inactive|dshepart has 120 seconds left.
|
|t:|1769437401
|switch|p2a: Azelf|Azelf|100/100
|-damage|p2a: Azelf|88/100|[from] Stealth Rock
|turn|11
|
|t:|1769437415
|move|p2a: Azelf|Thunderbolt|p1a: Pelipper
|-supereffective|p1a: Pelipper
|-damage|p1a: Pelipper|0 fnt
|faint|p1a: Pelipper
|
|-weather|RainDance|[upkeep]
|upkeep
|
|t:|1769437417
|switch|p1a: Barraskewda|Barraskewda, M, tera:Water|100/100
|turn|12
|
|t:|1769437428
|move|p1a: Barraskewda|Flip Turn|p2a: Azelf
|-damage|p2a: Azelf|0 fnt
|faint|p2a: Azelf
|
|t:|1769437432
|switch|p1a: Zapdos|Zapdos|100/100|[from] Flip Turn
|
|-weather|RainDance|[upkeep]
|upkeep
|
|t:|1769437440
|switch|p2a: Sinistcha|Sinistcha-Masterpiece|100/100
|-damage|p2a: Sinistcha|88/100|[from] Stealth Rock
|turn|13
|
|t:|1769437445
|-terastallize|p2a: Sinistcha|Fairy
|move|p1a: Zapdos|Hurricane|p2a: Sinistcha
|-damage|p2a: Sinistcha|25/100
|-start|p2a: Sinistcha|confusion
|-activate|p2a: Sinistcha|confusion
|move|p2a: Sinistcha|Calm Mind|p2a: Sinistcha
|-boost|p2a: Sinistcha|spa|1
|-boost|p2a: Sinistcha|spd|1
|
|-weather|RainDance|[upkeep]
|upkeep
|turn|14
|-message|dshepart forfeited.
|
|win|just dum luck
|raw|just dum luck's rating: 1356 &rarr; <strong>1377</strong><br />(+21 for winning)
|raw|dshepart's rating: 1372 &rarr; <strong>1351</strong><br />(-21 for losing)
|l|☆dshepart
|player|p2|
|l|☆just dum luck
|player|p1|
