|j|☆pogchimp970314
|j|☆DrDuck2004
|t:|1769340629
|gametype|singles
|player|p1|pogchimp970314|elesa-masters|1297
|player|p2|DrDuck2004|riley|1261
|gen|9
|tier|[Gen 9] OU
|rated|
|rule|HP Percentage Mod: HP is shown in percentages
|rule|Endless Battle Clause: Forcing endless battles is banned
|rule|Species Clause: Limit one of each Pokémon
|rule|OHKO Clause: OHKO moves are banned
|rule|Evasion Items Clause: Evasion items are banned
|rule|Evasion Moves Clause: Evasion moves are banned
|rule|Evasion Abilities Clause: Evasion abilities are banned
|rule|Sleep Moves Clause: Sleep-inducing moves are banned
|clearpoke
|poke|p1|Iron Valiant|
|poke|p1|Great Tusk|
|poke|p1|Dragonite, M|
|poke|p1|Deoxys-Speed|
|poke|p1|Glimmora, M|
|poke|p1|Kingambit, M|
|poke|p2|Yanmega, M|
|poke|p2|Rillaboom, M|
|poke|p2|Iron Treads|
|poke|p2|Alomomola, F|
|poke|p2|Moltres|
|poke|p2|Slowking-Galar, M|
|teampreview
|inactive|Battle timer is ON: inactive players will automatically lose when time's up. (requested by pogchimp970314)
|
|t:|1769340635
|teamsize|p1|6
|teamsize|p2|6
|start
|switch|p1a: Deoxys|Deoxys-Speed|100/100
|switch|p2a: special Lokix|Yanmega, M|100/100
|-ability|p1a: Deoxys|Pressure
|turn|1
|
|t:|1769340642
|move|p1a: Deoxys|Light Screen|p1a: Deoxys
|-sidestart|p1: pogchimp970314|move: Light Screen
|move|p2a: special Lokix|Bug Buzz|p1a: Deoxys
|-supereffective|p1a: Deoxys
|-damage|p1a: Deoxys|18/100
|
|upkeep
|turn|2
|
|t:|1769340648
|move|p1a: Deoxys|Reflect|p1a: Deoxys
|-sidestart|p1: pogchimp970314|Reflect
|move|p2a: special Lokix|Bug Buzz|p1a: Deoxys
|-supereffective|p1a: Deoxys
|-damage|p1a: Deoxys|0 fnt
|faint|p1a: Deoxys
|
|upkeep
|
|t:|1769340666
|switch|p1a: Dragonite|Dragonite, M|100/100
|turn|3
|
|t:|1769340670
|switch|p2a: antinite|Alomomola, F|100/100
|move|p1a: Dragonite|Dragon Dance|p1a: Dragonite
|-boost|p1a: Dragonite|atk|1
|-boost|p1a: Dragonite|spe|1
|
|upkeep
|turn|4
|
|t:|1769340676
|move|p1a: Dragonite|Substitute|p1a: Dragonite
|-start|p1a: Dragonite|Substitute
|-damage|p1a: Dragonite|76/100
|move|p2a: antinite|Tickle||[still]
|-fail|p2a: antinite
|
|-heal|p1a: Dragonite|82/100|[from] item: Leftovers
|upkeep
|turn|5
|
|t:|1769340687
|move|p1a: Dragonite|Dragon Dance|p1a: Dragonite
|-boost|p1a: Dragonite|atk|1
|-boost|p1a: Dragonite|spe|1
|move|p2a: antinite|Flip Turn|p1a: Dragonite
|-resisted|p1a: Dragonite
|-activate|p1a: Dragonite|move: Substitute|[damage]
|c|☆pogchimp970314|nice anti dragonite set bro
|
|t:|1769340692
|switch|p2a: Iron Treads|Iron Treads|100/100|[from] Flip Turn
|
|-heal|p1a: Dragonite|88/100|[from] item: Leftovers
|upkeep
|turn|6
|
|t:|1769340702
|move|p1a: Dragonite|Dragon Dance|p1a: Dragonite
|-boost|p1a: Dragonite|atk|1
|-boost|p1a: Dragonite|spe|1
|move|p2a: Iron Treads|Rapid Spin|p1a: Dragonite
|-activate|p1a: Dragonite|move: Substitute|[damage]
|-boost|p2a: Iron Treads|spe|1
|
|-heal|p1a: Dragonite|94/100|[from] item: Leftovers
|upkeep
|turn|7
|
|t:|1769340707
|move|p1a: Dragonite|Dragon Dance|p1a: Dragonite
|-boost|p1a: Dragonite|atk|1
|-boost|p1a: Dragonite|spe|1
|move|p2a: Iron Treads|Rapid Spin|p1a: Dragonite
|-activate|p1a: Dragonite|move: Substitute|[damage]
|-boost|p2a: Iron Treads|spe|1
|
|-heal|p1a: Dragonite|100/100|[from] item: Leftovers
|upkeep
|turn|8
|
|t:|1769340715
|move|p1a: Dragonite|Earthquake|p2a: Iron Treads
|-supereffective|p2a: Iron Treads
|-damage|p2a: Iron Treads|0 fnt
|faint|p2a: Iron Treads
|-end|p2a: Iron Treads|Quark Drive|[silent]
|
|-sideend|p1: pogchimp970314|move: Light Screen
|upkeep
|
|t:|1769340721
|switch|p2a: Moltres|Moltres|100/100
|turn|9
|
|t:|1769340724
|-terastallize|p1a: Dragonite|Flying
|move|p1a: Dragonite|Tera Blast|p2a: Moltres|[anim] Tera Blast Flying
|-crit|p2a: Moltres
|-damage|p2a: Moltres|0 fnt
|faint|p2a: Moltres
|
|-sideend|p1: pogchimp970314|Reflect
|upkeep
|c|☆DrDuck2004|was nt expecting sub on dnite honestly. first time ive come acrosds it
|inactive|DrDuck2004 has 120 seconds left.
|c|☆pogchimp970314|common on screens
|c|☆DrDuck2004|good to know
|
|t:|1769340780
|switch|p2a: Rillaboom|Rillaboom, M|100/100
|-fieldstart|move: Grassy Terrain|[from] ability: Grassy Surge|[of] p2a: Rillaboom
|turn|10
|inactive|pogchimp970314 has 120 seconds left.
|
|t:|1769340814
|move|p2a: Rillaboom|Grassy Glide|p1a: Dragonite
|-resisted|p1a: Dragonite
|-end|p1a: Dragonite|Substitute
|move|p1a: Dragonite|Tera Blast|p2a: Rillaboom|[anim] Tera Blast Flying
|-supereffective|p2a: Rillaboom
|-damage|p2a: Rillaboom|0 fnt
|faint|p2a: Rillaboom
|
|upkeep
|c|☆DrDuck2004|but screens itself isnt a widley used arcatype anymore. i havent comeacross screens since gen 8 lol
|
|t:|1769340830
|switch|p2a: antinite|Alomomola, F|100/100
|turn|11
|c|☆pogchimp970314|screens is really good
|
|t:|1769340841
|move|p1a: Dragonite|Tera Blast|p2a: antinite|[anim] Tera Blast Flying
|-damage|p2a: antinite|6/100
|move|p2a: antinite|Flip Turn|p1a: Dragonite
|-damage|p1a: Dragonite|91/100
|c|☆DrDuck2004|i know i used to use it
|
|t:|1769340853
|switch|p2a: Slowking|Slowking-Galar, M|100/100|[from] Flip Turn
|
|-heal|p1a: Dragonite|97/100|[from] item: Leftovers
|upkeep
|turn|12
|
|t:|1769340869
|-terastallize|p2a: Slowking|Water
|move|p1a: Dragonite|Tera Blast|p2a: Slowking|[anim] Tera Blast Flying
|-damage|p2a: Slowking|0 fnt
|faint|p2a: Slowking
|
|-heal|p1a: Dragonite|100/100|[from] item: Leftovers
|upkeep
|c|☆DrDuck2004|gg
|
|t:|1769340878
|switch|p2a: special Lokix|Yanmega, M|100/100
|turn|13
|
|t:|1769340897
|move|p1a: Dragonite|Tera Blast|p2a: special Lokix|[anim] Tera Blast Flying
|-supereffective|p2a: special Lokix
|-damage|p2a: special Lokix|0 fnt
|faint|p2a: special Lokix
|
|upkeep
|
|t:|1769340901
|switch|p2a: antinite|Alomomola, F|40/100
|turn|14
|inactive|pogchimp970314 has 120 seconds left.
|
|t:|1769340921
|move|p1a: Dragonite|Tera Blast|p2a: antinite|[anim] Tera Blast Flying
|-damage|p2a: antinite|0 fnt
|faint|p2a: antinite
|
|win|pogchimp970314
|raw|pogchimp970314's rating: 1318 &rarr; <strong>1335</strong><br />(+17 for winning)
|raw|DrDuck2004's rating: 1261 &rarr; <strong>1240</strong><br />(-21 for losing)
|l|☆pogchimp970314
|player|p1|
|l|☆DrDuck2004
|player|p2|
