|j|☆suprya
|j|☆vuopuer
|t:|1769304086
|gametype|singles
|player|p1|suprya|wattson|1586
|player|p2|vuopuer|may-masters2|1573
|gen|9
|tier|[Gen 9] OU
|rated|
|rule|HP Percentage Mod: HP is shown in percentages
|rule|Endless Battle Clause: Forcing endless battles is banned
|rule|Species Clause: Limit one of each Pokémon
|rule|OHKO Clause: OHKO moves are banned
|rule|Evasion Items Clause: Evasion items are banned
|rule|Evasion Moves Clause: Evasion moves are banned
|rule|Evasion Abilities Clause: Evasion abilities are banned
|rule|Sleep Moves Clause: Sleep-inducing moves are banned
|clearpoke
|poke|p1|Amoonguss, F|
|poke|p1|Garganacl, F|
|poke|p1|Moltres|
|poke|p1|Great Tusk|
|poke|p1|Iron Crown|
|poke|p1|Darkrai|
|poke|p2|Blaziken, M|
|poke|p2|Kingambit, M|
|poke|p2|Ting-Lu|
|poke|p2|Pecharunt|
|poke|p2|Ogerpon-Wellspring, F|
|poke|p2|Hatterene, F|
|teampreview
|inactive|Battle timer is ON: inactive players will automatically lose when time's up. (requested by suprya)
|
|t:|1769304099
|teamsize|p1|6
|teamsize|p2|6
|start
|switch|p1a: Darkrai|Darkrai|100/100
|switch|p2a: Ting-Lu|Ting-Lu|100/100
|-ability|p2a: Ting-Lu|Vessel of Ruin
|turn|1
|
|t:|1769304105
|move|p1a: Darkrai|Will-O-Wisp|p2a: Ting-Lu
|-status|p2a: Ting-Lu|brn
|move|p2a: Ting-Lu|Stealth Rock|p1a: Darkrai
|-sidestart|p1: suprya|move: Stealth Rock
|
|-damage|p2a: Ting-Lu|94/100 brn|[from] brn
|upkeep
|turn|2
|j| vianney 10
|
|t:|1769304119
|switch|p1a: Amoonguss|Amoonguss, F|100/100
|-damage|p1a: Amoonguss|88/100|[from] Stealth Rock
|move|p2a: Ting-Lu|Earthquake|p1a: Amoonguss
|-damage|p1a: Amoonguss|75/100
|
|-heal|p2a: Ting-Lu|100/100 brn|[from] item: Leftovers
|-damage|p2a: Ting-Lu|94/100 brn|[from] brn
|upkeep
|turn|3
|
|t:|1769304123
|switch|p2a: Pecharunt|Pecharunt|100/100
|move|p1a: Amoonguss|Giga Drain|p2a: Pecharunt
|-resisted|p2a: Pecharunt
|-damage|p2a: Pecharunt|89/100
|-heal|p1a: Amoonguss|80/100|[from] drain|[of] p2a: Pecharunt
|
|upkeep
|turn|4
|
|t:|1769304132
|switch|p1a: Iron Crown|Iron Crown|100/100
|-damage|p1a: Iron Crown|94/100|[from] Stealth Rock
|move|p2a: Pecharunt|Shadow Ball|p1a: Iron Crown
|-supereffective|p1a: Iron Crown
|-damage|p1a: Iron Crown|60/100
|
|upkeep
|turn|5
|
|t:|1769304138
|move|p1a: Iron Crown|Tachyon Cutter|p2a: Pecharunt
|-damage|p2a: Pecharunt|65/100
|-damage|p2a: Pecharunt|39/100
|-hitcount|p2a: Pecharunt|2
|move|p2a: Pecharunt|Shadow Ball|p1a: Iron Crown
|-supereffective|p1a: Iron Crown
|-damage|p1a: Iron Crown|28/100
|
|upkeep
|turn|6
|
|t:|1769304151
|switch|p2a: Blaziken|Blaziken, M, shiny|100/100
|move|p1a: Iron Crown|Tachyon Cutter|p2a: Blaziken
|-resisted|p2a: Blaziken
|-damage|p2a: Blaziken|83/100
|-resisted|p2a: Blaziken
|-damage|p2a: Blaziken|64/100
|-hitcount|p2a: Blaziken|2
|
|upkeep
|turn|7
|
|t:|1769304162
|move|p1a: Iron Crown|Psychic Noise|p2a: Blaziken
|-supereffective|p2a: Blaziken
|-damage|p2a: Blaziken|0 fnt
|faint|p2a: Blaziken
|
|upkeep
|
|t:|1769304167
|switch|p2a: Ogerpon|Ogerpon-Wellspring, F|100/100
|turn|8
|
|t:|1769304172
|-end|p1a: Iron Crown|Quark Drive|[silent]
|switch|p1a: Amoonguss|Amoonguss, F|100/100
|-damage|p1a: Amoonguss|88/100|[from] Stealth Rock
|move|p2a: Ogerpon|Ivy Cudgel|p1a: Amoonguss|[anim] Ivy Cudgel Water
|-resisted|p1a: Amoonguss
|-damage|p1a: Amoonguss|67/100
|
|upkeep
|turn|9
|
|t:|1769304179
|switch|p2a: Pecharunt|Pecharunt|39/100
|move|p1a: Amoonguss|Sludge Bomb|p2a: Pecharunt
|-resisted|p2a: Pecharunt
|-damage|p2a: Pecharunt|32/100
|
|upkeep
|turn|10
|
|t:|1769304183
|switch|p1a: Garganacl|Garganacl, F|100/100
|-damage|p1a: Garganacl|88/100|[from] Stealth Rock
|move|p2a: Pecharunt|Recover|p2a: Pecharunt
|-heal|p2a: Pecharunt|82/100
|
|-heal|p1a: Garganacl|94/100|[from] item: Leftovers
|upkeep
|turn|11
|
|t:|1769304198
|move|p2a: Pecharunt|Parting Shot|p1a: Garganacl
|-unboost|p1a: Garganacl|atk|1
|-unboost|p1a: Garganacl|spa|1
|
|t:|1769304199
|switch|p2a: Hatterene|Hatterene, F|100/100|[from] Parting Shot
|move|p1a: Garganacl|Salt Cure|p2a: Hatterene
|-damage|p2a: Hatterene|93/100
|-start|p2a: Hatterene|Salt Cure
|
|-heal|p1a: Garganacl|100/100|[from] item: Leftovers
|-heal|p2a: Hatterene|99/100|[from] item: Leftovers
|-damage|p2a: Hatterene|87/100|[from] Salt Cure
|upkeep
|turn|12
|
|t:|1769304216
|switch|p1a: Moltres|Moltres|100/100
|move|p2a: Hatterene|Calm Mind|p2a: Hatterene
|-boost|p2a: Hatterene|spa|1
|-boost|p2a: Hatterene|spd|1
|
|-heal|p2a: Hatterene|93/100|[from] item: Leftovers
|-damage|p2a: Hatterene|81/100|[from] Salt Cure
|upkeep
|turn|13
|
|t:|1769304229
|move|p1a: Moltres|Flamethrower|p2a: Hatterene
|-damage|p2a: Hatterene|51/100
|move|p2a: Hatterene|Calm Mind|p2a: Hatterene
|-boost|p2a: Hatterene|spa|1
|-boost|p2a: Hatterene|spd|1
|
|-heal|p2a: Hatterene|57/100|[from] item: Leftovers
|-damage|p2a: Hatterene|45/100|[from] Salt Cure
|upkeep
|turn|14
|
|t:|1769304237
|move|p1a: Moltres|U-turn|p2a: Hatterene
|-damage|p2a: Hatterene|33/100
|
|t:|1769304239
|switch|p1a: Iron Crown|Iron Crown|28/100|[from] U-turn
|-damage|p1a: Iron Crown|22/100|[from] Stealth Rock
|move|p2a: Hatterene|Psychic Noise|p1a: Iron Crown
|-resisted|p1a: Iron Crown
|-damage|p1a: Iron Crown|10/100
|-start|p1a: Iron Crown|move: Heal Block
|
|-heal|p2a: Hatterene|39/100|[from] item: Leftovers
|-damage|p2a: Hatterene|27/100|[from] Salt Cure
|upkeep
|turn|15
|
|t:|1769304250
|switch|p2a: Ogerpon|Ogerpon-Wellspring, F|100/100
|move|p1a: Iron Crown|Tachyon Cutter|p2a: Ogerpon
|-resisted|p2a: Ogerpon
|-damage|p2a: Ogerpon|86/100
|-resisted|p2a: Ogerpon
|-damage|p2a: Ogerpon|70/100
|-hitcount|p2a: Ogerpon|2
|
|-end|p1a: Iron Crown|move: Heal Block
|upkeep
|turn|16
|
|t:|1769304256
|-end|p1a: Iron Crown|Quark Drive|[silent]
|switch|p1a: Amoonguss|Amoonguss, F|99/100
|-damage|p1a: Amoonguss|88/100|[from] Stealth Rock
|move|p2a: Ogerpon|Swords Dance|p2a: Ogerpon
|-boost|p2a: Ogerpon|atk|2
|
|upkeep
|turn|17
|
|t:|1769304261
|move|p2a: Ogerpon|Ivy Cudgel|p1a: Amoonguss|[anim] Ivy Cudgel Water
|-resisted|p1a: Amoonguss
|-damage|p1a: Amoonguss|47/100
|move|p1a: Amoonguss|Sludge Bomb|p2a: Ogerpon
|-supereffective|p2a: Ogerpon
|-damage|p2a: Ogerpon|3/100
|
|upkeep
|turn|18
|
|t:|1769304273
|move|p2a: Ogerpon|Ivy Cudgel|p1a: Amoonguss|[anim] Ivy Cudgel Water
|-resisted|p1a: Amoonguss
|-damage|p1a: Amoonguss|1/100
|move|p1a: Amoonguss|Sludge Bomb|p2a: Ogerpon
|-supereffective|p2a: Ogerpon
|-damage|p2a: Ogerpon|0 fnt
|faint|p2a: Ogerpon
|
|upkeep
|
|t:|1769304279
|switch|p2a: Pecharunt|Pecharunt|82/100
|turn|19
|
|t:|1769304286
|switch|p1a: Garganacl|Garganacl, F|100/100
|-damage|p1a: Garganacl|88/100|[from] Stealth Rock
|move|p2a: Pecharunt|Shadow Ball|p1a: Garganacl
|-damage|p1a: Garganacl|79/100
|-unboost|p1a: Garganacl|spd|1
|
|-heal|p1a: Garganacl|85/100|[from] item: Leftovers
|upkeep
|turn|20
|
|t:|1769304292
|move|p2a: Pecharunt|Parting Shot|p1a: Garganacl
|-unboost|p1a: Garganacl|atk|1
|-unboost|p1a: Garganacl|spa|1
|
|t:|1769304294
|switch|p2a: Hatterene|Hatterene, F|27/100|[from] Parting Shot
|move|p1a: Garganacl|Stealth Rock|p2a: Hatterene
|move|p2a: Hatterene|Stealth Rock||[from] ability: Magic Bounce|[still]
|-fail|p2a: Hatterene
|
|-heal|p1a: Garganacl|91/100|[from] item: Leftovers
|-heal|p2a: Hatterene|33/100|[from] item: Leftovers
|upkeep
|turn|21
|
|t:|1769304304
|move|p1a: Garganacl|Salt Cure|p2a: Hatterene
|-damage|p2a: Hatterene|26/100
|-start|p2a: Hatterene|Salt Cure
|move|p2a: Hatterene|Draining Kiss|p1a: Garganacl
|-damage|p1a: Garganacl|68/100
|-heal|p2a: Hatterene|49/100|[from] drain|[of] p1a: Garganacl
|
|-heal|p1a: Garganacl|74/100|[from] item: Leftovers
|-heal|p2a: Hatterene|55/100|[from] item: Leftovers
|-damage|p2a: Hatterene|43/100|[from] Salt Cure
|upkeep
|turn|22
|
|t:|1769304310
|switch|p1a: Moltres|Moltres|100/100
|move|p2a: Hatterene|Calm Mind|p2a: Hatterene
|-boost|p2a: Hatterene|spa|1
|-boost|p2a: Hatterene|spd|1
|
|-heal|p2a: Hatterene|49/100|[from] item: Leftovers
|-damage|p2a: Hatterene|37/100|[from] Salt Cure
|upkeep
|turn|23
|
|t:|1769304315
|move|p1a: Moltres|Flamethrower|p2a: Hatterene
|-damage|p2a: Hatterene|8/100
|move|p2a: Hatterene|Psychic Noise|p1a: Moltres
|-damage|p1a: Moltres|64/100
|-start|p1a: Moltres|move: Heal Block
|
|-heal|p2a: Hatterene|14/100|[from] item: Leftovers
|-damage|p2a: Hatterene|2/100|[from] Salt Cure
|upkeep
|turn|24
|
|t:|1769304322
|move|p1a: Moltres|U-turn|p2a: Hatterene
|-damage|p2a: Hatterene|0 fnt
|faint|p2a: Hatterene
|
|t:|1769304326
|switch|p1a: Amoonguss|Amoonguss, F|34/100|[from] U-turn
|-damage|p1a: Amoonguss|22/100|[from] Stealth Rock
|
|upkeep
|
|t:|1769304328
|switch|p2a: Kingambit|Kingambit, M|100/100
|-activate|p2a: Kingambit|ability: Supreme Overlord
|-start|p2a: Kingambit|fallen3|[silent]
|turn|25
|
|t:|1769304336
|switch|p1a: Great Tusk|Great Tusk|100/100
|-damage|p1a: Great Tusk|97/100|[from] Stealth Rock
|move|p2a: Kingambit|Kowtow Cleave|p1a: Great Tusk
|-resisted|p1a: Great Tusk
|-damage|p1a: Great Tusk|73/100
|
|-heal|p1a: Great Tusk|79/100|[from] item: Leftovers
|upkeep
|turn|26
|
|t:|1769304350
|-terastallize|p2a: Kingambit|Flying
|move|p1a: Great Tusk|Knock Off|p2a: Kingambit
|-damage|p2a: Kingambit|76/100
|-enditem|p2a: Kingambit|Black Glasses|[from] move: Knock Off|[of] p1a: Great Tusk
|move|p2a: Kingambit|Low Kick|p1a: Great Tusk
|-damage|p1a: Great Tusk|39/100
|
|-heal|p1a: Great Tusk|45/100|[from] item: Leftovers
|upkeep
|turn|27
|
|t:|1769304359
|move|p1a: Great Tusk|Rapid Spin|p2a: Kingambit
|-damage|p2a: Kingambit|64/100
|-boost|p1a: Great Tusk|spe|1
|-sideend|p1: suprya|Stealth Rock|[from] move: Rapid Spin|[of] p1a: Great Tusk
|move|p2a: Kingambit|Swords Dance|p2a: Kingambit
|-boost|p2a: Kingambit|atk|2
|
|-heal|p1a: Great Tusk|52/100|[from] item: Leftovers
|upkeep
|turn|28
|
|t:|1769304366
|-end|p1a: Great Tusk|Protosynthesis|[silent]
|switch|p1a: Iron Crown|Iron Crown|10/100
|move|p2a: Kingambit|Low Kick|p1a: Iron Crown
|-damage|p1a: Iron Crown|0 fnt
|faint|p1a: Iron Crown
|-end|p1a: Iron Crown|Quark Drive|[silent]
|
|upkeep
|
|t:|1769304373
|switch|p1a: Darkrai|Darkrai|100/100
|turn|29
|
|t:|1769304379
|move|p1a: Darkrai|Will-O-Wisp|p2a: Kingambit
|-status|p2a: Kingambit|brn
|move|p2a: Kingambit|Kowtow Cleave|p1a: Darkrai
|-resisted|p1a: Darkrai
|-damage|p1a: Darkrai|61/100
|
|-damage|p2a: Kingambit|58/100 brn|[from] brn
|upkeep
|turn|30
|
|t:|1769304388
|move|p1a: Darkrai|Ice Beam|p2a: Kingambit
|-supereffective|p2a: Kingambit
|-damage|p2a: Kingambit|0 fnt
|faint|p2a: Kingambit
|-end|p2a: Kingambit|fallen3|[silent]
|
|upkeep
|-message|vuopuer forfeited.
|
|win|suprya
|raw|suprya's rating: 1586 &rarr; <strong>1605</strong><br />(+19 for winning)
|raw|vuopuer's rating: 1573 &rarr; <strong>1554</strong><br />(-19 for losing)
|l|☆vuopuer
|player|p2|
|l|☆suprya
|player|p1|
