|j|☆Hammez40
|j|☆Breadbug99
|t:|1769383576
|gametype|singles
|player|p1|Hammez40|harlequin|1241
|player|p2|Breadbug99|skyla|1188
|gen|9
|tier|[Gen 9] OU
|rated|
|rule|HP Percentage Mod: HP is shown in percentages
|rule|Endless Battle Clause: Forcing endless battles is banned
|rule|Species Clause: Limit one of each Pokémon
|rule|OHKO Clause: OHKO moves are banned
|rule|Evasion Items Clause: Evasion items are banned
|rule|Evasion Moves Clause: Evasion moves are banned
|rule|Evasion Abilities Clause: Evasion abilities are banned
|rule|Sleep Moves Clause: Sleep-inducing moves are banned
|clearpoke
|poke|p1|Darkrai|
|poke|p1|Iron Crown|
|poke|p1|Quaquaval, M|
|poke|p1|Gliscor, F|
|poke|p1|Florges, F|
|poke|p1|Pecharunt|
|poke|p2|Primarina, M|
|poke|p2|Great Tusk|
|poke|p2|Dragapult, F|
|poke|p2|Meowscarada, M|
|poke|p2|Heatran, M|
|poke|p2|Wooper, M|
|teampreview
|
|t:|1769383592
|teamsize|p1|6
|teamsize|p2|6
|start
|switch|p1a: dayman wayans|Pecharunt|100/100
|switch|p2a: Mightning LcQueen|Dragapult, F|100/100
|turn|1
|
|t:|1769383607
|move|p2a: Mightning LcQueen|U-turn|p1a: dayman wayans
|-resisted|p1a: dayman wayans
|-damage|p1a: dayman wayans|98/100
|
|t:|1769383611
|switch|p2a: forg|Heatran, M|100/100|[from] U-turn
|-item|p2a: forg|Air Balloon
|move|p1a: dayman wayans|Foul Play|p2a: forg
|-damage|p2a: forg|87/100
|-enditem|p2a: forg|Air Balloon
|
|upkeep
|turn|2
|
|t:|1769383621
|move|p1a: dayman wayans|Parting Shot|p2a: forg
|-unboost|p2a: forg|atk|1
|-unboost|p2a: forg|spa|1
|
|t:|1769383631
|switch|p1a: bat|Gliscor, F|100/100|[from] Parting Shot
|move|p2a: forg|Stealth Rock|p1a: bat
|-sidestart|p1: Hammez40|move: Stealth Rock
|
|-status|p1a: bat|tox|[from] item: Toxic Orb
|upkeep
|turn|3
|
|t:|1769383640
|switch|p2a: The Hasselhoff|Primarina, M|100/100
|move|p1a: bat|Stealth Rock|p2a: The Hasselhoff
|-sidestart|p2: Breadbug99|move: Stealth Rock
|
|upkeep
|turn|4
|
|t:|1769383646
|move|p1a: bat|U-turn|p2a: The Hasselhoff
|-resisted|p2a: The Hasselhoff
|-damage|p2a: The Hasselhoff|91/100
|
|t:|1769383649
|switch|p1a: rosatia|Florges, F, shiny|100/100|[from] U-turn
|-damage|p1a: rosatia|88/100|[from] Stealth Rock
|move|p2a: The Hasselhoff|Flip Turn|p1a: rosatia
|-damage|p1a: rosatia|70/100
|
|t:|1769383660
|switch|p2a: elefint|Great Tusk|100/100|[from] Flip Turn
|-damage|p2a: elefint|98/100|[from] Stealth Rock
|-enditem|p2a: elefint|Booster Energy
|-activate|p2a: elefint|ability: Protosynthesis|[fromitem]
|-start|p2a: elefint|protosynthesisatk
|
|-heal|p1a: rosatia|76/100|[from] item: Leftovers
|upkeep
|turn|5
|
|t:|1769383675
|move|p2a: elefint|Headlong Rush|p1a: rosatia
|-damage|p1a: rosatia|0 fnt
|-unboost|p2a: elefint|def|1
|-unboost|p2a: elefint|spd|1
|faint|p1a: rosatia
|
|upkeep
|
|t:|1769383686
|switch|p1a: elton|Quaquaval, M, shiny|100/100
|-damage|p1a: elton|94/100|[from] Stealth Rock
|turn|6
|
|t:|1769383691
|-end|p2a: elefint|Protosynthesis|[silent]
|switch|p2a: The Hasselhoff|Primarina, M|91/100
|-damage|p2a: The Hasselhoff|79/100|[from] Stealth Rock
|move|p1a: elton|Aqua Step|p2a: The Hasselhoff
|-resisted|p2a: The Hasselhoff
|-damage|p2a: The Hasselhoff|55/100
|-boost|p1a: elton|spe|1
|
|-heal|p1a: elton|100/100|[from] item: Leftovers
|-heal|p2a: The Hasselhoff|61/100|[from] item: Leftovers
|upkeep
|turn|7
|
|t:|1769383715
|switch|p1a: dayman wayans|Pecharunt|98/100
|move|p2a: The Hasselhoff|Draining Kiss|p1a: dayman wayans
|-resisted|p1a: dayman wayans
|-damage|p1a: dayman wayans|84/100
|-heal|p2a: The Hasselhoff|72/100|[from] drain|[of] p1a: dayman wayans
|
|-heal|p2a: The Hasselhoff|78/100|[from] item: Leftovers
|upkeep
|turn|8
|
|t:|1769383724
|move|p1a: dayman wayans|Parting Shot|p2a: The Hasselhoff
|-unboost|p2a: The Hasselhoff|atk|1
|-unboost|p2a: The Hasselhoff|spa|1
|
|t:|1769383728
|switch|p1a: Darius|Darkrai, shiny|100/100|[from] Parting Shot
|-damage|p1a: Darius|88/100|[from] Stealth Rock
|move|p2a: The Hasselhoff|Flip Turn|p1a: Darius
|-damage|p1a: Darius|77/100
|
|t:|1769383734
|switch|p2a: Garfield|Meowscarada, M|100/100|[from] Flip Turn
|-damage|p2a: Garfield|88/100|[from] Stealth Rock
|
|-heal|p1a: Darius|83/100|[from] item: Leftovers
|upkeep
|turn|9
|
|t:|1769383743
|switch|p1a: bat|Gliscor, F|100/100 tox
|-damage|p1a: bat|88/100 tox|[from] Stealth Rock
|move|p2a: Garfield|U-turn|p1a: bat
|-start|p2a: Garfield|typechange|Bug|[from] ability: Protean
|-resisted|p1a: bat
|-damage|p1a: bat|79/100 tox
|
|t:|1769383751
|switch|p2a: The Hasselhoff|Primarina, M|78/100|[from] U-turn
|-damage|p2a: The Hasselhoff|66/100|[from] Stealth Rock
|
|-heal|p2a: The Hasselhoff|72/100|[from] item: Leftovers
|-heal|p1a: bat|92/100 tox|[from] ability: Poison Heal
|upkeep
|turn|10
|
|t:|1769383760
|move|p1a: bat|Toxic|p2a: The Hasselhoff
|-status|p2a: The Hasselhoff|tox
|move|p2a: The Hasselhoff|Hyper Voice|p1a: bat
|-supereffective|p1a: bat
|-damage|p1a: bat|0 fnt
|faint|p1a: bat
|
|-heal|p2a: The Hasselhoff|78/100 tox|[from] item: Leftovers
|-damage|p2a: The Hasselhoff|72/100 tox|[from] psn
|upkeep
|
|t:|1769383772
|switch|p1a: Darius|Darkrai, shiny|83/100
|-damage|p1a: Darius|70/100|[from] Stealth Rock
|turn|11
|
|t:|1769383777
|move|p1a: Darius|Sludge Bomb|p2a: The Hasselhoff
|-supereffective|p2a: The Hasselhoff
|-damage|p2a: The Hasselhoff|23/100 tox
|move|p2a: The Hasselhoff|Flip Turn|p1a: Darius
|-damage|p1a: Darius|53/100
|
|t:|1769383785
|switch|p2a: Garfield|Meowscarada, M|88/100|[from] Flip Turn
|-damage|p2a: Garfield|76/100|[from] Stealth Rock
|
|-heal|p1a: Darius|59/100|[from] item: Leftovers
|upkeep
|turn|12
|
|t:|1769383793
|switch|p1a: dayman wayans|Pecharunt|84/100
|move|p2a: Garfield|U-turn|p1a: dayman wayans
|-start|p2a: Garfield|typechange|Bug|[from] ability: Protean
|-resisted|p1a: dayman wayans
|-damage|p1a: dayman wayans|80/100
|
|t:|1769383804
|switch|p2a: Mightning LcQueen|Dragapult, F|100/100|[from] U-turn
|
|upkeep
|turn|13
|
|t:|1769383817
|-terastallize|p1a: dayman wayans|Dark
|move|p2a: Mightning LcQueen|Shadow Ball|p1a: dayman wayans
|-resisted|p1a: dayman wayans
|-damage|p1a: dayman wayans|63/100
|move|p1a: dayman wayans|Foul Play|p2a: Mightning LcQueen
|-supereffective|p2a: Mightning LcQueen
|-damage|p2a: Mightning LcQueen|0 fnt
|faint|p2a: Mightning LcQueen
|
|upkeep
|
|t:|1769383831
|switch|p2a: elefint|Great Tusk|98/100
|-damage|p2a: elefint|95/100|[from] Stealth Rock
|turn|14
|
|t:|1769383847
|-terastallize|p2a: elefint|Steel
|move|p2a: elefint|Rapid Spin|p1a: dayman wayans
|-damage|p1a: dayman wayans|54/100
|-boost|p2a: elefint|spe|1
|-sideend|p2: Breadbug99|Stealth Rock|[from] move: Rapid Spin|[of] p2a: elefint
|move|p1a: dayman wayans|Parting Shot|p2a: elefint
|-unboost|p2a: elefint|atk|1
|-unboost|p2a: elefint|spa|1
|
|t:|1769383861
|switch|p1a: elton|Quaquaval, M, shiny|100/100|[from] Parting Shot
|-damage|p1a: elton|94/100|[from] Stealth Rock
|
|-heal|p1a: elton|100/100|[from] item: Leftovers
|upkeep
|turn|15
|
|t:|1769383875
|-end|p2a: elefint|Protosynthesis|[silent]
|switch|p2a: blob friend|Wooper, M|100/100
|move|p1a: elton|Close Combat|p2a: blob friend
|-damage|p2a: blob friend|27/100
|-unboost|p1a: elton|def|1
|-unboost|p1a: elton|spd|1
|
|upkeep
|turn|16
|
|t:|1769383882
|switch|p2a: Garfield|Meowscarada, M|76/100
|move|p1a: elton|Close Combat|p2a: Garfield
|-supereffective|p2a: Garfield
|-damage|p2a: Garfield|0 fnt
|-unboost|p1a: elton|def|1
|-unboost|p1a: elton|spd|1
|faint|p2a: Garfield
|-ability|p1a: elton|Moxie|boost
|-boost|p1a: elton|atk|1
|
|upkeep
|
|t:|1769383895
|switch|p2a: elefint|Great Tusk, tera:Steel|95/100
|turn|17
|
|t:|1769383909
|move|p2a: elefint|Headlong Rush|p1a: elton
|-damage|p1a: elton|0 fnt
|-unboost|p2a: elefint|def|1
|-unboost|p2a: elefint|spd|1
|faint|p1a: elton
|
|upkeep
|
|t:|1769383921
|switch|p1a: Darius|Darkrai, shiny|59/100
|-damage|p1a: Darius|46/100|[from] Stealth Rock
|turn|18
|
|t:|1769383928
|-end|p2a: elefint|Protosynthesis|[silent]
|switch|p2a: The Hasselhoff|Primarina, M|23/100 tox
|move|p1a: Darius|Substitute|p1a: Darius
|-start|p1a: Darius|Substitute
|-damage|p1a: Darius|21/100
|
|-heal|p1a: Darius|27/100|[from] item: Leftovers
|-heal|p2a: The Hasselhoff|29/100 tox|[from] item: Leftovers
|-damage|p2a: The Hasselhoff|23/100 tox|[from] psn
|upkeep
|turn|19
|
|t:|1769383937
|move|p1a: Darius|Nasty Plot|p1a: Darius
|-boost|p1a: Darius|spa|2
|move|p2a: The Hasselhoff|Hyper Voice|p1a: Darius
|-damage|p1a: Darius|0 fnt
|faint|p1a: Darius
|
|-heal|p2a: The Hasselhoff|29/100 tox|[from] item: Leftovers
|-damage|p2a: The Hasselhoff|17/100 tox|[from] psn
|upkeep
|
|t:|1769383951
|switch|p1a: bambs|Iron Crown|100/100
|-damage|p1a: bambs|94/100|[from] Stealth Rock
|-enditem|p1a: bambs|Booster Energy
|-activate|p1a: bambs|ability: Quark Drive|[fromitem]
|-start|p1a: bambs|quarkdrivespe
|turn|20
|
|t:|1769383958
|move|p1a: bambs|Calm Mind|p1a: bambs
|-boost|p1a: bambs|spa|1
|-boost|p1a: bambs|spd|1
|move|p2a: The Hasselhoff|Hyper Voice|p1a: bambs
|-damage|p1a: bambs|62/100
|
|-heal|p2a: The Hasselhoff|23/100 tox|[from] item: Leftovers
|-damage|p2a: The Hasselhoff|5/100 tox|[from] psn
|upkeep
|turn|21
|
|t:|1769383969
|move|p1a: bambs|Calm Mind|p1a: bambs
|-boost|p1a: bambs|spa|1
|-boost|p1a: bambs|spd|1
|move|p2a: The Hasselhoff|Hyper Voice|p1a: bambs
|-damage|p1a: bambs|39/100
|
|-heal|p2a: The Hasselhoff|11/100 tox|[from] item: Leftovers
|-damage|p2a: The Hasselhoff|0 fnt|[from] psn
|faint|p2a: The Hasselhoff
|upkeep
|
|t:|1769383978
|switch|p2a: forg|Heatran, M|87/100
|turn|22
|
|t:|1769384003
|move|p1a: bambs|Tachyon Cutter|p2a: forg
|-resisted|p2a: forg
|-damage|p2a: forg|81/100
|-resisted|p2a: forg
|-damage|p2a: forg|73/100
|-hitcount|p2a: forg|2
|move|p2a: forg|Lava Plume|p1a: bambs
|-supereffective|p1a: bambs
|-damage|p1a: bambs|8/100
|
|upkeep
|turn|23
|
|t:|1769384012
|move|p1a: bambs|Stored Power|p2a: forg
|-resisted|p2a: forg
|-damage|p2a: forg|43/100
|move|p2a: forg|Lava Plume|p1a: bambs
|-supereffective|p1a: bambs
|-damage|p1a: bambs|0 fnt
|faint|p1a: bambs
|-end|p1a: bambs|Quark Drive|[silent]
|
|upkeep
|
|t:|1769384017
|switch|p1a: dayman wayans|Pecharunt, tera:Dark|54/100
|turn|24
|
|t:|1769384021
|move|p1a: dayman wayans|Foul Play|p2a: forg
|-damage|p2a: forg|24/100
|move|p2a: forg|Taunt|p1a: dayman wayans
|-start|p1a: dayman wayans|move: Taunt
|
|upkeep
|turn|25
|
|t:|1769384026
|move|p1a: dayman wayans|Foul Play|p2a: forg
|-damage|p2a: forg|5/100
|move|p2a: forg|Lava Plume|p1a: dayman wayans
|-damage|p1a: dayman wayans|18/100
|
|upkeep
|turn|26
|
|t:|1769384032
|move|p1a: dayman wayans|Foul Play|p2a: forg
|-damage|p2a: forg|0 fnt
|faint|p2a: forg
|
|upkeep
|
|t:|1769384038
|switch|p2a: elefint|Great Tusk, tera:Steel|95/100
|turn|27
|
|t:|1769384042
|move|p2a: elefint|Close Combat|p1a: dayman wayans
|-supereffective|p1a: dayman wayans
|-damage|p1a: dayman wayans|0 fnt
|-unboost|p2a: elefint|def|1
|-unboost|p2a: elefint|spd|1
|faint|p1a: dayman wayans
|
|win|Breadbug99
|raw|Hammez40's rating: 1241 &rarr; <strong>1212</strong><br />(-29 for losing)
|raw|Breadbug99's rating: 1188 &rarr; <strong>1217</strong><br />(+29 for winning)
|l|☆Breadbug99
|player|p2|
|l|☆Hammez40
|player|p1|
