|j|☆swl_kitkat
|j|☆APAkshan
|t:|1769341868
|gametype|singles
|player|p1|swl_kitkat|pokemonbreederf-gen4|1466
|player|p2|APAkshan|266|1522
|gen|9
|tier|[Gen 9] OU
|rated|
|rule|HP Percentage Mod: HP is shown in percentages
|rule|Endless Battle Clause: Forcing endless battles is banned
|rule|Species Clause: Limit one of each Pokémon
|rule|OHKO Clause: OHKO moves are banned
|rule|Evasion Items Clause: Evasion items are banned
|rule|Evasion Moves Clause: Evasion moves are banned
|rule|Evasion Abilities Clause: Evasion abilities are banned
|rule|Sleep Moves Clause: Sleep-inducing moves are banned
|clearpoke
|poke|p1|Polteageist|
|poke|p1|Great Tusk|
|poke|p1|Zapdos|
|poke|p1|Cinderace, M|
|poke|p1|Iron Valiant|
|poke|p1|Tyranitar, M|
|poke|p2|Ceruledge, F|
|poke|p2|Kingambit, F|
|poke|p2|Iron Valiant|
|poke|p2|Enamorus, F|
|poke|p2|Raging Bolt|
|poke|p2|Ribombee, M|
|teampreview
|inactive|Battle timer is ON: inactive players will automatically lose when time's up. (requested by APAkshan)
|
|t:|1769341876
|teamsize|p1|6
|teamsize|p2|6
|start
|switch|p1a: Tyranitar|Tyranitar, M|100/100
|switch|p2a: Miraidon 2|Raging Bolt|100/100
|-weather|Sandstorm|[from] ability: Sand Stream|[of] p1a: Tyranitar
|turn|1
|
|t:|1769341882
|move|p2a: Miraidon 2|Volt Switch|p1a: Tyranitar
|-damage|p1a: Tyranitar|63/100
|
|t:|1769341886
|-end|p2a: Miraidon 2|Protosynthesis|[silent]
|switch|p2a: Enamorus|Enamorus, F|100/100|[from] Volt Switch
|move|p1a: Tyranitar|Stone Edge|p2a: Enamorus
|-supereffective|p2a: Enamorus
|-damage|p2a: Enamorus|0 fnt
|faint|p2a: Enamorus
|
|-weather|Sandstorm|[upkeep]
|upkeep
|
|t:|1769341889
|switch|p2a: EVIL BEE >:)|Ribombee, M|100/100
|turn|2
|
|t:|1769341898
|move|p2a: EVIL BEE >:)|Switcheroo|p1a: Tyranitar
|-activate|p2a: EVIL BEE >:)|move: Trick|[of] p1a: Tyranitar
|-item|p1a: Tyranitar|Choice Specs|[from] move: Switcheroo
|-item|p2a: EVIL BEE >:)|Choice Band|[from] move: Switcheroo
|move|p1a: Tyranitar|Stone Edge|p2a: EVIL BEE >:)
|-supereffective|p2a: EVIL BEE >:)
|-damage|p2a: EVIL BEE >:)|0 fnt
|faint|p2a: EVIL BEE >:)
|
|-weather|Sandstorm|[upkeep]
|upkeep
|c|☆swl_kitkat|XD
|
|t:|1769341915
|switch|p2a: Miraidon 2|Raging Bolt|100/100
|turn|3
|
|t:|1769341922
|move|p2a: Miraidon 2|Draco Meteor|p1a: Tyranitar
|-damage|p1a: Tyranitar|0 fnt
|-unboost|p2a: Miraidon 2|spa|2
|faint|p1a: Tyranitar
|
|-weather|Sandstorm|[upkeep]
|-damage|p2a: Miraidon 2|94/100|[from] Sandstorm
|upkeep
|
|t:|1769341936
|switch|p1a: Iron Valiant|Iron Valiant|100/100
|-enditem|p1a: Iron Valiant|Booster Energy
|-activate|p1a: Iron Valiant|ability: Quark Drive|[fromitem]
|-start|p1a: Iron Valiant|quarkdrivespe
|turn|4
|
|t:|1769341941
|-end|p2a: Miraidon 2|Protosynthesis|[silent]
|switch|p2a: Kingambit|Kingambit, F|100/100
|-activate|p2a: Kingambit|ability: Supreme Overlord
|-start|p2a: Kingambit|fallen2|[silent]
|move|p1a: Iron Valiant|Calm Mind|p1a: Iron Valiant
|-boost|p1a: Iron Valiant|spa|1
|-boost|p1a: Iron Valiant|spd|1
|
|-weather|Sandstorm|[upkeep]
|-damage|p1a: Iron Valiant|94/100|[from] Sandstorm
|upkeep
|turn|5
|
|t:|1769341946
|move|p1a: Iron Valiant|Focus Blast|p2a: Kingambit
|-supereffective|p2a: Kingambit
|-damage|p2a: Kingambit|0 fnt
|faint|p2a: Kingambit
|-end|p2a: Kingambit|fallen2|[silent]
|
|-weather|none
|upkeep
|
|t:|1769341949
|switch|p2a: Ceruledge|Ceruledge, F|100/100
|-item|p2a: Ceruledge|Air Balloon
|turn|6
|
|t:|1769341961
|move|p1a: Iron Valiant|Psyshock|p2a: Ceruledge
|-damage|p2a: Ceruledge|40/100
|-enditem|p2a: Ceruledge|Air Balloon
|move|p2a: Ceruledge|Bulk Up|p2a: Ceruledge
|-boost|p2a: Ceruledge|atk|1
|-boost|p2a: Ceruledge|def|1
|
|upkeep
|turn|7
|
|t:|1769341972
|-terastallize|p1a: Iron Valiant|Psychic
|-terastallize|p2a: Ceruledge|Steel
|move|p1a: Iron Valiant|Psyshock|p2a: Ceruledge
|-resisted|p2a: Ceruledge
|-damage|p2a: Ceruledge|12/100
|move|p2a: Ceruledge|Bitter Blade|p1a: Iron Valiant
|-damage|p1a: Iron Valiant|9/100
|-heal|p2a: Ceruledge|54/100|[from] drain|[of] p1a: Iron Valiant
|
|upkeep
|turn|8
|
|t:|1769341983
|move|p2a: Ceruledge|Shadow Sneak|p1a: Iron Valiant
|-supereffective|p1a: Iron Valiant
|-damage|p1a: Iron Valiant|0 fnt
|faint|p1a: Iron Valiant
|-end|p1a: Iron Valiant|Quark Drive|[silent]
|
|upkeep
|
|t:|1769341987
|switch|p1a: Zapdos|Zapdos|100/100
|turn|9
|
|t:|1769341992
|move|p2a: Ceruledge|Bitter Blade|p1a: Zapdos
|-damage|p1a: Zapdos|28/100
|-heal|p2a: Ceruledge|100/100|[from] drain|[of] p1a: Zapdos
|move|p1a: Zapdos|Thunderbolt|p2a: Ceruledge
|-damage|p2a: Ceruledge|46/100
|
|-heal|p1a: Zapdos|35/100|[from] item: Leftovers
|upkeep
|turn|10
|
|t:|1769342001
|move|p2a: Ceruledge|Poltergeist|p1a: Zapdos
|-activate|p1a: Zapdos|move: Poltergeist|Leftovers
|-crit|p1a: Zapdos
|-damage|p1a: Zapdos|0 fnt
|faint|p1a: Zapdos
|
|upkeep
|
|t:|1769342004
|switch|p1a: Tusk|Great Tusk|100/100
|turn|11
|
|t:|1769342009
|move|p2a: Ceruledge|Poltergeist|p1a: Tusk|[miss]
|-miss|p2a: Ceruledge|p1a: Tusk
|move|p1a: Tusk|Body Press|p2a: Ceruledge
|-supereffective|p2a: Ceruledge
|-damage|p2a: Ceruledge|0 fnt
|faint|p2a: Ceruledge
|
|upkeep
|
|t:|1769342012
|switch|p2a: Iron Valiant|Iron Valiant|100/100
|turn|12
|
|t:|1769342016
|move|p2a: Iron Valiant|Moonblast|p1a: Tusk
|-supereffective|p1a: Tusk
|-damage|p1a: Tusk|0 fnt
|faint|p1a: Tusk
|-end|p1a: Tusk|Protosynthesis|[silent]
|
|upkeep
|
|t:|1769342018
|switch|p1a: Cinderace|Cinderace, M|100/100
|turn|13
|
|t:|1769342022
|move|p1a: Cinderace|Pyro Ball|p2a: Iron Valiant
|-damage|p2a: Iron Valiant|25/100
|move|p2a: Iron Valiant|Moonblast|p1a: Cinderace
|-resisted|p1a: Cinderace
|-damage|p1a: Cinderace|46/100
|
|upkeep
|turn|14
|
|t:|1769342028
|move|p1a: Cinderace|Pyro Ball|p2a: Iron Valiant
|-damage|p2a: Iron Valiant|0 fnt
|faint|p2a: Iron Valiant
|-end|p2a: Iron Valiant|Quark Drive|[silent]
|
|upkeep
|
|t:|1769342029
|switch|p2a: Miraidon 2|Raging Bolt|94/100
|turn|15
|
|t:|1769342035
|move|p1a: Cinderace|High Jump Kick|p2a: Miraidon 2
|-start|p1a: Cinderace|typechange|Fighting|[from] ability: Libero
|-damage|p2a: Miraidon 2|36/100
|move|p2a: Miraidon 2|Thunderbolt|p1a: Cinderace
|-damage|p1a: Cinderace|0 fnt
|faint|p1a: Cinderace
|
|upkeep
|
|t:|1769342041
|switch|p1a: Polteabag|Polteageist|100/100
|turn|16
|
|t:|1769342043
|move|p2a: Miraidon 2|Thunderbolt|p1a: Polteabag
|-damage|p1a: Polteabag|12/100
|move|p1a: Polteabag|Shadow Ball|p2a: Miraidon 2
|-damage|p2a: Miraidon 2|0 fnt
|faint|p2a: Miraidon 2
|-end|p2a: Miraidon 2|Protosynthesis|[silent]
|
|win|swl_kitkat
|raw|swl_kitkat's rating: 1466 &rarr; <strong>1489</strong><br />(+23 for winning)
|raw|APAkshan's rating: 1522 &rarr; <strong>1499</strong><br />(-23 for losing)
|l|☆APAkshan
|player|p2|
|l|☆swl_kitkat
|player|p1|
