|j|☆aquariumchef
|j|☆WickedVictory
|t:|1769426040
|gametype|singles
|player|p1|aquariumchef|biker|1131
|player|p2|WickedVictory|giovanni|1121
|gen|9
|tier|[Gen 9] OU
|rated|
|rule|HP Percentage Mod: HP is shown in percentages
|rule|Endless Battle Clause: Forcing endless battles is banned
|rule|Species Clause: Limit one of each Pokémon
|rule|OHKO Clause: OHKO moves are banned
|rule|Evasion Items Clause: Evasion items are banned
|rule|Evasion Moves Clause: Evasion moves are banned
|rule|Evasion Abilities Clause: Evasion abilities are banned
|rule|Sleep Moves Clause: Sleep-inducing moves are banned
|clearpoke
|poke|p1|Ogerpon-Wellspring, F|
|poke|p1|Landorus-Therian, M|
|poke|p1|Iron Crown|
|poke|p1|Corviknight, F|
|poke|p1|Fezandipiti, M|
|poke|p1|Deoxys-Speed|
|poke|p2|Garganacl, M|
|poke|p2|Sudowoodo, L1, M|
|poke|p2|Sylveon, F|
|poke|p2|Cinderace, F|
|poke|p2|Raging Bolt|
|poke|p2|Mandibuzz, F|
|teampreview
|inactive|Battle timer is ON: inactive players will automatically lose when time's up. (requested by aquariumchef)
|
|t:|1769426048
|teamsize|p1|6
|teamsize|p2|6
|start
|switch|p1a: Deoxys|Deoxys-Speed|100/100
|switch|p2a: Sudowoodo|Sudowoodo, L1, M|100/100
|-ability|p1a: Deoxys|Pressure
|turn|1
|
|t:|1769426057
|move|p1a: Deoxys|Knock Off|p2a: Sudowoodo
|-ability|p2a: Sudowoodo|Sturdy
|-damage|p2a: Sudowoodo|9/100
|-enditem|p2a: Sudowoodo|Shell Bell|[from] move: Knock Off|[of] p1a: Deoxys
|move|p2a: Sudowoodo|Endeavor|p1a: Deoxys
|-damage|p1a: Deoxys|1/100
|
|upkeep
|turn|2
|
|t:|1769426069
|move|p2a: Sudowoodo|Sucker Punch|p1a: Deoxys
|-supereffective|p1a: Deoxys
|-damage|p1a: Deoxys|0 fnt
|faint|p1a: Deoxys
|
|upkeep
|
|t:|1769426072
|switch|p1a: John egbert|Ogerpon-Wellspring, F|100/100
|turn|3
|inactive|WickedVictory has 120 seconds left.
|
|t:|1769426105
|move|p1a: John egbert|Trailblaze|p2a: Sudowoodo
|-supereffective|p2a: Sudowoodo
|-crit|p2a: Sudowoodo
|-damage|p2a: Sudowoodo|0 fnt
|-boost|p1a: John egbert|spe|1
|faint|p2a: Sudowoodo
|
|upkeep
|inactive|WickedVictory has 120 seconds left.
|
|t:|1769426131
|switch|p2a: Garganacl|Garganacl, M|100/100
|turn|4
|
|t:|1769426138
|switch|p1a: Bara bait|Landorus-Therian, M|100/100
|-ability|p1a: Bara bait|Intimidate|boost
|-unboost|p2a: Garganacl|atk|1
|-terastallize|p2a: Garganacl|Ghost
|move|p2a: Garganacl|Salt Cure|p1a: Bara bait
|-damage|p1a: Bara bait|92/100
|-start|p1a: Bara bait|Salt Cure
|
|-damage|p1a: Bara bait|79/100|[from] Salt Cure
|upkeep
|turn|5
|
|t:|1769426148
|move|p1a: Bara bait|Stealth Rock|p2a: Garganacl
|-sidestart|p2: WickedVictory|move: Stealth Rock
|move|p2a: Garganacl|Stealth Rock|p1a: Bara bait
|-sidestart|p1: aquariumchef|move: Stealth Rock
|
|-damage|p1a: Bara bait|67/100|[from] Salt Cure
|upkeep
|turn|6
|
|t:|1769426155
|move|p2a: Garganacl|Protect|p2a: Garganacl
|-singleturn|p2a: Garganacl|Protect
|move|p1a: Bara bait|U-turn|p2a: Garganacl
|-activate|p2a: Garganacl|move: Protect
|
|-damage|p1a: Bara bait|55/100|[from] Salt Cure
|upkeep
|turn|7
|inactive|WickedVictory has 120 seconds left.
|
|t:|1769426165
|switch|p1a: Fezandipiti|Fezandipiti, M|100/100
|move|p2a: Garganacl|Salt Cure|p1a: Fezandipiti
|-damage|p1a: Fezandipiti|90/100
|-start|p1a: Fezandipiti|Salt Cure
|
|-damage|p1a: Fezandipiti|78/100|[from] Salt Cure
|upkeep
|turn|8
|
|t:|1769426174
|move|p1a: Fezandipiti|Roost|p1a: Fezandipiti
|-heal|p1a: Fezandipiti|100/100
|-singleturn|p1a: Fezandipiti|move: Roost
|move|p2a: Garganacl|Salt Cure|p1a: Fezandipiti
|-damage|p1a: Fezandipiti|90/100
|
|-damage|p1a: Fezandipiti|78/100|[from] Salt Cure
|upkeep
|turn|9
|
|t:|1769426186
|move|p1a: Fezandipiti|Beat Up|p2a: Garganacl
|-supereffective|p2a: Garganacl
|-damage|p2a: Garganacl|96/100
|-supereffective|p2a: Garganacl
|-damage|p2a: Garganacl|90/100
|-supereffective|p2a: Garganacl
|-damage|p2a: Garganacl|86/100
|-supereffective|p2a: Garganacl
|-damage|p2a: Garganacl|81/100
|-supereffective|p2a: Garganacl
|-damage|p2a: Garganacl|74/100
|-hitcount|p2a: Garganacl|5
|move|p2a: Garganacl|Stealth Rock||[still]
|-fail|p2a: Garganacl
|
|-heal|p2a: Garganacl|80/100|[from] item: Leftovers
|-damage|p1a: Fezandipiti|65/100|[from] Salt Cure
|upkeep
|turn|10
|
|t:|1769426199
|move|p2a: Garganacl|Protect|p2a: Garganacl
|-singleturn|p2a: Garganacl|Protect
|move|p1a: Fezandipiti|Play Rough|p2a: Garganacl
|-activate|p2a: Garganacl|move: Protect
|
|-heal|p2a: Garganacl|86/100|[from] item: Leftovers
|-damage|p1a: Fezandipiti|53/100|[from] Salt Cure
|upkeep
|turn|11
|
|t:|1769426206
|move|p1a: Fezandipiti|Roost|p1a: Fezandipiti
|-heal|p1a: Fezandipiti|100/100
|-singleturn|p1a: Fezandipiti|move: Roost
|move|p2a: Garganacl|Recover|p2a: Garganacl
|-heal|p2a: Garganacl|100/100
|
|-damage|p1a: Fezandipiti|88/100|[from] Salt Cure
|upkeep
|turn|12
|
|t:|1769426215
|move|p1a: Fezandipiti|Play Rough|p2a: Garganacl|[miss]
|-miss|p1a: Fezandipiti|p2a: Garganacl
|move|p2a: Garganacl|Salt Cure|p1a: Fezandipiti
|-damage|p1a: Fezandipiti|79/100
|
|-damage|p1a: Fezandipiti|66/100|[from] Salt Cure
|upkeep
|turn|13
|-message|aquariumchef forfeited.
|
|win|WickedVictory
|raw|aquariumchef's rating: 1131 &rarr; <strong>1105</strong><br />(-26 for losing)
|raw|WickedVictory's rating: 1121 &rarr; <strong>1147</strong><br />(+26 for winning)
|l|☆aquariumchef
|player|p1|
|l|☆WickedVictory
|player|p2|
