|j|‽testingolem
|j|☆The Moz
|t:|1769348464
|gametype|singles
|player|p1|testingolem|scientist-gen4dp|1238
|player|p2|The Moz|brock|1223
|gen|9
|tier|[Gen 9] OU
|rated|
|rule|HP Percentage Mod: HP is shown in percentages
|rule|Endless Battle Clause: Forcing endless battles is banned
|rule|Species Clause: Limit one of each Pokémon
|rule|OHKO Clause: OHKO moves are banned
|rule|Evasion Items Clause: Evasion items are banned
|rule|Evasion Moves Clause: Evasion moves are banned
|rule|Evasion Abilities Clause: Evasion abilities are banned
|rule|Sleep Moves Clause: Sleep-inducing moves are banned
|clearpoke
|poke|p1|Golem-Alola, F|
|poke|p1|Gliscor, F|
|poke|p1|Heatran, M|
|poke|p1|Tornadus-Therian, M|
|poke|p1|Kyurem|
|poke|p1|Quaquaval, F|
|poke|p2|Raging Bolt|
|poke|p2|Feraligatr, M|
|poke|p2|Serperior, M|
|poke|p2|Blaziken, M|
|poke|p2|Glimmora, F|
|poke|p2|Zamazenta-*|
|teampreview
|
|t:|1769348470
|teamsize|p1|6
|teamsize|p2|6
|start
|switch|p1a: Quaquaval|Quaquaval, F|100/100
|switch|p2a: Glimmora|Glimmora, F|100/100
|turn|1
|
|t:|1769348487
|move|p2a: Glimmora|Stealth Rock|p1a: Quaquaval
|-sidestart|p1: testingolem|move: Stealth Rock
|move|p1a: Quaquaval|Aqua Step|p2a: Glimmora
|-supereffective|p2a: Glimmora
|-crit|p2a: Glimmora
|-enditem|p2a: Glimmora|Focus Sash
|-damage|p2a: Glimmora|1/100
|-boost|p1a: Quaquaval|spe|1
|-activate|p2a: Glimmora|ability: Toxic Debris
|-sidestart|p1: testingolem|move: Toxic Spikes
|
|upkeep
|turn|2
|
|t:|1769348497
|move|p1a: Quaquaval|Rapid Spin|p2a: Glimmora
|-resisted|p2a: Glimmora
|-damage|p2a: Glimmora|0 fnt
|-boost|p1a: Quaquaval|spe|1
|-activate|p2a: Glimmora|ability: Toxic Debris
|-sidestart|p1: testingolem|move: Toxic Spikes
|-sideend|p1: testingolem|Toxic Spikes|[from] move: Rapid Spin|[of] p1a: Quaquaval
|-sideend|p1: testingolem|Stealth Rock|[from] move: Rapid Spin|[of] p1a: Quaquaval
|faint|p2a: Glimmora
|-ability|p1a: Quaquaval|Moxie|boost
|-boost|p1a: Quaquaval|atk|1
|
|upkeep
|
|t:|1769348513
|switch|p2a: Serperior|Serperior, M, shiny|100/100
|turn|3
|
|t:|1769348521
|switch|p1a: Heatran|Heatran, M|100/100
|move|p2a: Serperior|Leaf Storm|p1a: Heatran
|-resisted|p1a: Heatran
|-damage|p1a: Heatran|90/100
|-boost|p2a: Serperior|spa|2
|
|-heal|p1a: Heatran|97/100|[from] item: Leftovers
|upkeep
|turn|4
|
|t:|1769348532
|-terastallize|p2a: Serperior|Fire
|move|p1a: Heatran|Protect|p1a: Heatran
|-singleturn|p1a: Heatran|Protect
|move|p2a: Serperior|Leaf Storm|p1a: Heatran
|-activate|p1a: Heatran|move: Protect
|
|-heal|p1a: Heatran|100/100|[from] item: Leftovers
|upkeep
|turn|5
|
|t:|1769348543
|move|p2a: Serperior|Leaf Storm|p1a: Heatran|[miss]
|-miss|p2a: Serperior|p1a: Heatran
|move|p1a: Heatran|Earth Power|p2a: Serperior
|-supereffective|p2a: Serperior
|-damage|p2a: Serperior|31/100
|
|-heal|p2a: Serperior|37/100|[from] item: Leftovers
|upkeep
|turn|6
|
|t:|1769348550
|move|p2a: Serperior|Leaf Storm|p1a: Heatran|[miss]
|-miss|p2a: Serperior|p1a: Heatran
|move|p1a: Heatran|Earth Power|p2a: Serperior
|-supereffective|p2a: Serperior
|-damage|p2a: Serperior|0 fnt
|faint|p2a: Serperior
|
|upkeep
|
|t:|1769348559
|switch|p2a: Zamazenta|Zamazenta|100/100
|-ability|p2a: Zamazenta|Dauntless Shield|boost
|-boost|p2a: Zamazenta|def|1
|turn|7
|
|t:|1769348566
|move|p2a: Zamazenta|Close Combat|p1a: Heatran
|-supereffective|p1a: Heatran
|-damage|p1a: Heatran|0 fnt
|-unboost|p2a: Zamazenta|def|1
|-unboost|p2a: Zamazenta|spd|1
|faint|p1a: Heatran
|
|upkeep
|
|t:|1769348569
|switch|p1a: Tornadus|Tornadus-Therian, M|100/100
|turn|8
|
|t:|1769348574
|move|p2a: Zamazenta|Stone Edge|p1a: Tornadus
|-supereffective|p1a: Tornadus
|-damage|p1a: Tornadus|14/100
|move|p1a: Tornadus|Bleakwind Storm|p2a: Zamazenta
|-supereffective|p2a: Zamazenta
|-damage|p2a: Zamazenta|0 fnt
|faint|p2a: Zamazenta
|
|upkeep
|
|t:|1769348582
|switch|p2a: Raging Bolt|Raging Bolt|100/100
|-enditem|p2a: Raging Bolt|Booster Energy
|-activate|p2a: Raging Bolt|ability: Protosynthesis|[fromitem]
|-start|p2a: Raging Bolt|protosynthesisspa
|turn|9
|
|t:|1769348593
|-terastallize|p1a: Tornadus|Poison
|move|p2a: Raging Bolt|Thunderclap|p1a: Tornadus
|-damage|p1a: Tornadus|0 fnt
|faint|p1a: Tornadus
|
|upkeep
|
|t:|1769348597
|switch|p1a: Kyurem|Kyurem|100/100
|-ability|p1a: Kyurem|Pressure
|turn|10
|
|t:|1769348604
|move|p1a: Kyurem|Freeze-Dry|p2a: Raging Bolt
|-supereffective|p2a: Raging Bolt
|-damage|p2a: Raging Bolt|0 fnt
|faint|p2a: Raging Bolt
|-end|p2a: Raging Bolt|Protosynthesis|[silent]
|
|upkeep
|
|t:|1769348611
|switch|p2a: Blaziken|Blaziken, M, shiny|100/100
|turn|11
|
|t:|1769348619
|move|p1a: Kyurem|Freeze-Dry|p2a: Blaziken
|-resisted|p2a: Blaziken
|-damage|p2a: Blaziken|56/100
|move|p2a: Blaziken|Close Combat|p1a: Kyurem
|-supereffective|p1a: Kyurem
|-damage|p1a: Kyurem|0 fnt
|-unboost|p2a: Blaziken|def|1
|-unboost|p2a: Blaziken|spd|1
|faint|p1a: Kyurem
|
|-ability|p2a: Blaziken|Speed Boost|boost
|-boost|p2a: Blaziken|spe|1
|upkeep
|
|t:|1769348629
|switch|p1a: Gliscor|Gliscor, F|100/100
|turn|12
|
|t:|1769348636
|move|p2a: Blaziken|Close Combat|p1a: Gliscor
|-resisted|p1a: Gliscor
|-crit|p1a: Gliscor
|-damage|p1a: Gliscor|61/100
|-unboost|p2a: Blaziken|def|1
|-unboost|p2a: Blaziken|spd|1
|move|p1a: Gliscor|U-turn|p2a: Blaziken
|-resisted|p2a: Blaziken
|-damage|p2a: Blaziken|45/100
|
|t:|1769348640
|switch|p1a: Quaquaval|Quaquaval, F|100/100|[from] U-turn
|
|-ability|p2a: Blaziken|Speed Boost|boost
|-boost|p2a: Blaziken|spe|1
|upkeep
|turn|13
|
|t:|1769348653
|move|p1a: Quaquaval|Aqua Jet|p2a: Blaziken
|-supereffective|p2a: Blaziken
|-damage|p2a: Blaziken|0 fnt
|faint|p2a: Blaziken
|-ability|p1a: Quaquaval|Moxie|boost
|-boost|p1a: Quaquaval|atk|1
|
|upkeep
|
|t:|1769348660
|switch|p2a: Feraligatr|Feraligatr, M, shiny|100/100
|turn|14
|
|t:|1769348692
|move|p1a: Quaquaval|Knock Off|p2a: Feraligatr
|-damage|p2a: Feraligatr|47/100
|-enditem|p2a: Feraligatr|Life Orb|[from] move: Knock Off|[of] p1a: Quaquaval
|move|p2a: Feraligatr|Dragon Dance|p2a: Feraligatr
|-boost|p2a: Feraligatr|atk|1
|-boost|p2a: Feraligatr|spe|1
|
|upkeep
|turn|15
|
|t:|1769348709
|move|p2a: Feraligatr|Liquidation|p1a: Quaquaval
|-resisted|p1a: Quaquaval
|-damage|p1a: Quaquaval|50/100
|move|p1a: Quaquaval|Aqua Step|p2a: Feraligatr
|-resisted|p2a: Feraligatr
|-damage|p2a: Feraligatr|13/100
|-boost|p1a: Quaquaval|spe|1
|
|upkeep
|turn|16
|
|t:|1769348717
|move|p1a: Quaquaval|Aqua Jet|p2a: Feraligatr
|-resisted|p2a: Feraligatr
|-damage|p2a: Feraligatr|0 fnt
|faint|p2a: Feraligatr
|
|win|testingolem
|raw|testingolem's rating: 1238 &rarr; <strong>1262</strong><br />(+24 for winning)
|raw|The Moz's rating: 1223 &rarr; <strong>1199</strong><br />(-24 for losing)
|l|‽testingolem
|player|p1|
|l|☆The Moz
|player|p2|
