|j|☆qwe1145141919810
|j|☆yule_fffffengbo
|t:|1769431868
|gametype|singles
|player|p1|qwe1145141919810|volkner|
|player|p2|yule_fffffengbo|rika|
|gen|9
|tier|[Gen 9] OU
|rule|HP Percentage Mod: HP is shown in percentages
|rule|Endless Battle Clause: Forcing endless battles is banned
|rule|Species Clause: Limit one of each Pokémon
|rule|OHKO Clause: OHKO moves are banned
|rule|Evasion Items Clause: Evasion items are banned
|rule|Evasion Moves Clause: Evasion moves are banned
|rule|Evasion Abilities Clause: Evasion abilities are banned
|rule|Sleep Moves Clause: Sleep-inducing moves are banned
|clearpoke
|poke|p1|Clodsire, F|
|poke|p1|Kleavor, M|
|poke|p1|Flygon, M|
|poke|p1|Ninetales-Alola, F|
|poke|p1|Iron Valiant|
|poke|p1|Maushold-Four|
|poke|p2|Pelipper, M|
|poke|p2|Zapdos|
|poke|p2|Corviknight, M|
|poke|p2|Clodsire, M|
|poke|p2|Incineroar, M|
|poke|p2|Barraskewda, M|
|teampreview
|l|☆qwe1145141919810
|player|p1|
|j|☆qwe1145141919810
|player|p1|qwe1145141919810|volkner|
|
|t:|1769431891
|teamsize|p1|6
|teamsize|p2|6
|start
|switch|p1a: 我刑奴❤️|Kleavor, M|100/100
|switch|p2a: Zapdos|Zapdos, shiny|100/100
|turn|1
|
|t:|1769431914
|move|p2a: Zapdos|Volt Switch|p1a: 我刑奴❤️
|-damage|p1a: 我刑奴❤️|50/100
|
|t:|1769431924
|switch|p2a: Clodsire|Clodsire, M, shiny|100/100|[from] Volt Switch
|move|p1a: 我刑奴❤️|Stone Axe|p2a: Clodsire|[miss]
|-miss|p1a: 我刑奴❤️|p2a: Clodsire
|
|upkeep
|turn|2
|l|☆qwe1145141919810
|player|p1|
|j|☆qwe1145141919810
|player|p1|qwe1145141919810|volkner|
|
|t:|1769432027
|move|p1a: 我刑奴❤️|Stone Axe|p2a: Clodsire
|-resisted|p2a: Clodsire
|-damage|p2a: Clodsire|70/100
|-sidestart|p2: yule_fffffengbo|move: Stealth Rock
|move|p2a: Clodsire|Stealth Rock|p1a: 我刑奴❤️
|-sidestart|p1: qwe1145141919810|move: Stealth Rock
|
|-heal|p2a: Clodsire|76/100|[from] item: Leftovers
|upkeep
|turn|3
|
|t:|1769432050
|switch|p1a: 喵儿，小智，iu，张老六|Maushold-Four, shiny|100/100
|-damage|p1a: 喵儿，小智，iu，张老六|88/100|[from] Stealth Rock
|move|p2a: Clodsire|Earthquake|p1a: 喵儿，小智，iu，张老六
|-crit|p1a: 喵儿，小智，iu，张老六
|-damage|p1a: 喵儿，小智，iu，张老六|19/100
|
|-heal|p2a: Clodsire|82/100|[from] item: Leftovers
|upkeep
|turn|4
|
|t:|1769432065
|switch|p2a: Corviknight|Corviknight, M, shiny|100/100
|-damage|p2a: Corviknight|88/100|[from] Stealth Rock
|-ability|p2a: Corviknight|Pressure
|move|p1a: 喵儿，小智，iu，张老六|Tidy Up|p1a: 喵儿，小智，iu，张老六
|-sideend|p1: qwe1145141919810|Stealth Rock
|-sideend|p2: yule_fffffengbo|Stealth Rock
|-activate|p1a: 喵儿，小智，iu，张老六|move: Tidy Up
|-boost|p1a: 喵儿，小智，iu，张老六|atk|1
|-boost|p1a: 喵儿，小智，iu，张老六|spe|1
|
|upkeep
|turn|5
|
|t:|1769432080
|move|p1a: 喵儿，小智，iu，张老六|Population Bomb|p2a: Corviknight
|-resisted|p2a: Corviknight
|-damage|p2a: Corviknight|83/100
|-damage|p1a: 喵儿，小智，iu，张老六|3/100|[from] item: Rocky Helmet|[of] p2a: Corviknight
|-resisted|p2a: Corviknight
|-damage|p2a: Corviknight|77/100
|-damage|p1a: 喵儿，小智，iu，张老六|0 fnt|[from] item: Rocky Helmet|[of] p2a: Corviknight
|faint|p1a: 喵儿，小智，iu，张老六
|-hitcount|p2a: Corviknight|2
|move|p2a: Corviknight|U-turn|p1: 喵儿，小智，iu，张老六|[notarget]
|-fail|p2a: Corviknight
|
|upkeep
|
|t:|1769432103
|switch|p1a: 然神无敌牛福|Iron Valiant, shiny|100/100
|-enditem|p1a: 然神无敌牛福|Booster Energy
|-activate|p1a: 然神无敌牛福|ability: Quark Drive|[fromitem]
|-start|p1a: 然神无敌牛福|quarkdrivespe
|turn|6
|
|t:|1769432111
|move|p1a: 然神无敌牛福|Calm Mind|p1a: 然神无敌牛福
|-boost|p1a: 然神无敌牛福|spa|1
|-boost|p1a: 然神无敌牛福|spd|1
|move|p2a: Corviknight|U-turn|p1a: 然神无敌牛福
|-resisted|p1a: 然神无敌牛福
|-crit|p1a: 然神无敌牛福
|-damage|p1a: 然神无敌牛福|94/100
|
|t:|1769432115
|switch|p2a: Clodsire|Clodsire, M, shiny|82/100|[from] U-turn
|
|-heal|p2a: Clodsire|88/100|[from] item: Leftovers
|upkeep
|turn|7
|
|t:|1769432126
|move|p1a: 然神无敌牛福|Moonblast|p2a: Clodsire
|-resisted|p2a: Clodsire
|-damage|p2a: Clodsire|71/100
|-unboost|p2a: Clodsire|spa|1
|move|p2a: Clodsire|Toxic|p1a: 然神无敌牛福
|-status|p1a: 然神无敌牛福|tox
|
|-heal|p2a: Clodsire|77/100|[from] item: Leftovers
|-damage|p1a: 然神无敌牛福|87/100 tox|[from] psn
|upkeep
|turn|8
|
|t:|1769432130
|move|p1a: 然神无敌牛福|Moonblast|p2a: Clodsire
|-resisted|p2a: Clodsire
|-damage|p2a: Clodsire|59/100
|-unboost|p2a: Clodsire|spa|1
|move|p2a: Clodsire|Stealth Rock|p1a: 然神无敌牛福
|-sidestart|p1: qwe1145141919810|move: Stealth Rock
|
|-heal|p2a: Clodsire|66/100|[from] item: Leftovers
|-damage|p1a: 然神无敌牛福|75/100 tox|[from] psn
|upkeep
|turn|9
|
|t:|1769432143
|move|p1a: 然神无敌牛福|Aura Sphere|p2a: Clodsire
|-resisted|p2a: Clodsire
|-damage|p2a: Clodsire|50/100
|move|p2a: Clodsire|Recover|p2a: Clodsire
|-heal|p2a: Clodsire|99/100
|
|-heal|p2a: Clodsire|100/100|[from] item: Leftovers
|-damage|p1a: 然神无敌牛福|56/100 tox|[from] psn
|upkeep
|turn|10
|
|t:|1769432154
|-end|p1a: 然神无敌牛福|Quark Drive|[silent]
|switch|p1a: 我儿子白夜|Flygon, M, shiny|100/100
|-damage|p1a: 我儿子白夜|95/100|[from] Stealth Rock
|move|p2a: Clodsire|Earthquake|p1a: 我儿子白夜
|-immune|p1a: 我儿子白夜|[from] ability: Levitate
|
|upkeep
|turn|11
|
|t:|1769432165
|switch|p2a: Pelipper|Pelipper, M, shiny|100/100
|-weather|RainDance|[from] ability: Drizzle|[of] p2a: Pelipper
|move|p1a: 我儿子白夜|Earthquake|p2a: Pelipper
|-immune|p2a: Pelipper
|
|-weather|RainDance|[upkeep]
|upkeep
|turn|12
|
|t:|1769432177
|switch|p2a: Corviknight|Corviknight, M, shiny|77/100
|-ability|p2a: Corviknight|Pressure
|move|p1a: 我儿子白夜|Dragon Claw|p2a: Corviknight
|-resisted|p2a: Corviknight
|-damage|p2a: Corviknight|62/100
|-damage|p1a: 我儿子白夜|78/100|[from] item: Rocky Helmet|[of] p2a: Corviknight
|-damage|p1a: 我儿子白夜|68/100|[from] item: Life Orb
|
|-weather|RainDance|[upkeep]
|upkeep
|turn|13
|
|t:|1769432189
|move|p1a: 我儿子白夜|Fire Punch|p2a: Corviknight
|-supereffective|p2a: Corviknight
|-damage|p2a: Corviknight|43/100
|-damage|p1a: 我儿子白夜|51/100|[from] item: Rocky Helmet|[of] p2a: Corviknight
|-damage|p1a: 我儿子白夜|42/100|[from] item: Life Orb
|move|p2a: Corviknight|U-turn|p1a: 我儿子白夜
|-damage|p1a: 我儿子白夜|20/100
|
|t:|1769432195
|switch|p2a: Barraskewda|Barraskewda, M, shiny|100/100|[from] U-turn
|
|-weather|RainDance|[upkeep]
|upkeep
|turn|14
|
|t:|1769432207
|move|p2a: Barraskewda|Liquidation|p1a: 我儿子白夜
|-damage|p1a: 我儿子白夜|0 fnt
|faint|p1a: 我儿子白夜
|
|-weather|RainDance|[upkeep]
|upkeep
|
|t:|1769432219
|switch|p1a: 娱乐风波|Clodsire, F|100/100
|-damage|p1a: 娱乐风波|94/100|[from] Stealth Rock
|turn|15
|
|t:|1769432226
|switch|p2a: Clodsire|Clodsire, M, shiny|100/100
|move|p1a: 娱乐风波|Toxic|p2a: Clodsire
|-immune|p2a: Clodsire
|
|-weather|RainDance|[upkeep]
|-heal|p1a: 娱乐风波|100/100|[from] item: Leftovers
|upkeep
|turn|16
|
|t:|1769432236
|move|p2a: Clodsire|Earthquake|p1a: 娱乐风波
|-supereffective|p1a: 娱乐风波
|-damage|p1a: 娱乐风波|44/100
|move|p1a: 娱乐风波|Earthquake|p2a: Clodsire
|-supereffective|p2a: Clodsire
|-damage|p2a: Clodsire|42/100
|
|-weather|RainDance|[upkeep]
|-heal|p2a: Clodsire|48/100|[from] item: Leftovers
|-heal|p1a: 娱乐风波|51/100|[from] item: Leftovers
|upkeep
|turn|17
|
|t:|1769432247
|switch|p1a: 然神无敌牛福|Iron Valiant, shiny|56/100 tox
|-damage|p1a: 然神无敌牛福|50/100 tox|[from] Stealth Rock
|move|p2a: Clodsire|Earthquake|p1a: 然神无敌牛福
|-damage|p1a: 然神无敌牛福|15/100 tox
|
|-weather|RainDance|[upkeep]
|-heal|p2a: Clodsire|54/100|[from] item: Leftovers
|-damage|p1a: 然神无敌牛福|9/100 tox|[from] psn
|upkeep
|turn|18
|
|t:|1769432265
|move|p1a: 然神无敌牛福|Energy Ball|p2a: Clodsire
|-damage|p2a: Clodsire|39/100
|move|p2a: Clodsire|Recover|p2a: Clodsire
|-heal|p2a: Clodsire|89/100
|
|-weather|none
|-heal|p2a: Clodsire|95/100|[from] item: Leftovers
|-damage|p1a: 然神无敌牛福|0 fnt|[from] psn
|faint|p1a: 然神无敌牛福
|-end|p1a: 然神无敌牛福|Quark Drive|[silent]
|upkeep
|
|t:|1769432279
|switch|p1a: 我刑奴❤️|Kleavor, M|50/100
|-damage|p1a: 我刑奴❤️|25/100|[from] Stealth Rock
|turn|19
|
|t:|1769432316
|move|p1a: 我刑奴❤️|Stone Axe|p2a: Clodsire
|-resisted|p2a: Clodsire
|-damage|p2a: Clodsire|62/100
|-sidestart|p2: yule_fffffengbo|move: Stealth Rock
|move|p2a: Clodsire|Earthquake|p1a: 我刑奴❤️
|-damage|p1a: 我刑奴❤️|0 fnt
|faint|p1a: 我刑奴❤️
|
|-heal|p2a: Clodsire|68/100|[from] item: Leftovers
|upkeep
|
|t:|1769432328
|switch|p1a: 我儿子花海|Ninetales-Alola, F, shiny|100/100
|-damage|p1a: 我儿子花海|76/100|[from] Stealth Rock
|-weather|Snowscape|[from] ability: Snow Warning|[of] p1a: 我儿子花海
|turn|20
|
|t:|1769432341
|move|p1a: 我儿子花海|Aurora Veil|p1a: 我儿子花海
|-sidestart|p1: qwe1145141919810|move: Aurora Veil
|move|p2a: Clodsire|Toxic|p1a: 我儿子花海
|-status|p1a: 我儿子花海|tox
|
|-weather|Snowscape|[upkeep]
|-heal|p2a: Clodsire|74/100|[from] item: Leftovers
|-damage|p1a: 我儿子花海|70/100 tox|[from] psn
|upkeep
|turn|21
|
|t:|1769432350
|move|p1a: 我儿子花海|Moonblast|p2a: Clodsire
|-resisted|p2a: Clodsire
|-damage|p2a: Clodsire|67/100
|move|p2a: Clodsire|Recover|p2a: Clodsire
|-heal|p2a: Clodsire|100/100
|
|-weather|Snowscape|[upkeep]
|-damage|p1a: 我儿子花海|58/100 tox|[from] psn
|upkeep
|turn|22
|
|t:|1769432360
|move|p1a: 我儿子花海|Blizzard|p2a: Clodsire
|-supereffective|p2a: Clodsire
|-damage|p2a: Clodsire|66/100
|move|p2a: Clodsire|Earthquake|p1a: 我儿子花海
|-damage|p1a: 我儿子花海|49/100 tox
|
|-weather|Snowscape|[upkeep]
|-heal|p2a: Clodsire|72/100|[from] item: Leftovers
|-damage|p1a: 我儿子花海|31/100 tox|[from] psn
|upkeep
|turn|23
|
|t:|1769432373
|move|p1a: 我儿子花海|Blizzard|p2a: Clodsire
|-supereffective|p2a: Clodsire
|-damage|p2a: Clodsire|39/100
|move|p2a: Clodsire|Recover|p2a: Clodsire
|-heal|p2a: Clodsire|89/100
|
|-weather|Snowscape|[upkeep]
|-heal|p2a: Clodsire|95/100|[from] item: Leftovers
|-damage|p1a: 我儿子花海|7/100 tox|[from] psn
|upkeep
|turn|24
|
|t:|1769432391
|move|p1a: 我儿子花海|Blizzard|p2a: Clodsire
|-supereffective|p2a: Clodsire
|-damage|p2a: Clodsire|63/100
|move|p2a: Clodsire|Recover|p2a: Clodsire
|-heal|p2a: Clodsire|100/100
|
|-weather|Snowscape|[upkeep]
|-damage|p1a: 我儿子花海|0 fnt|[from] psn
|faint|p1a: 我儿子花海
|-sideend|p1: qwe1145141919810|move: Aurora Veil
|upkeep
|
|t:|1769432405
|switch|p1a: 娱乐风波|Clodsire, F|51/100
|-damage|p1a: 娱乐风波|44/100|[from] Stealth Rock
|turn|25
|
|t:|1769432412
|-terastallize|p2a: Clodsire|Flying
|move|p1a: 娱乐风波|Protect|p1a: 娱乐风波
|-singleturn|p1a: 娱乐风波|Protect
|move|p2a: Clodsire|Earthquake|p1a: 娱乐风波
|-activate|p1a: 娱乐风波|move: Protect
|
|-weather|Snowscape|[upkeep]
|-heal|p1a: 娱乐风波|51/100|[from] item: Leftovers
|upkeep
|turn|26
|
|t:|1769432439
|-terastallize|p1a: 娱乐风波|Ground
|move|p2a: Clodsire|Earthquake|p1a: 娱乐风波
|-damage|p1a: 娱乐风波|19/100
|move|p1a: 娱乐风波|Toxic|p2a: Clodsire
|-status|p2a: Clodsire|tox
|
|-weather|Snowscape|[upkeep]
|-heal|p1a: 娱乐风波|25/100|[from] item: Leftovers
|-damage|p2a: Clodsire|94/100 tox|[from] psn
|upkeep
|turn|27
|
|t:|1769432450
|move|p1a: 娱乐风波|Protect|p1a: 娱乐风波
|-singleturn|p1a: 娱乐风波|Protect
|move|p2a: Clodsire|Recover|p2a: Clodsire
|-heal|p2a: Clodsire|100/100 tox
|
|-weather|none
|-heal|p1a: 娱乐风波|32/100|[from] item: Leftovers
|-damage|p2a: Clodsire|88/100 tox|[from] psn
|upkeep
|turn|28
|
|t:|1769432460
|move|p2a: Clodsire|Earthquake|p1a: 娱乐风波
|-damage|p1a: 娱乐风波|2/100
|move|p1a: 娱乐风波|Recover|p1a: 娱乐风波
|-heal|p1a: 娱乐风波|52/100
|
|-heal|p2a: Clodsire|94/100 tox|[from] item: Leftovers
|-heal|p1a: 娱乐风波|58/100|[from] item: Leftovers
|-damage|p2a: Clodsire|75/100 tox|[from] psn
|upkeep
|turn|29
|
|t:|1769432471
|switch|p2a: Corviknight|Corviknight, M, shiny|43/100
|-damage|p2a: Corviknight|31/100|[from] Stealth Rock
|-ability|p2a: Corviknight|Pressure
|move|p1a: 娱乐风波|Recover|p1a: 娱乐风波
|-heal|p1a: 娱乐风波|100/100
|
|upkeep
|turn|30
|
|t:|1769432519
|move|p2a: Corviknight|Defog|p1a: 娱乐风波
|-unboost|p1a: 娱乐风波|evasion|1
|-sideend|p1: qwe1145141919810|Stealth Rock|[from] move: Defog|[of] p2a: Corviknight
|-sideend|p2: yule_fffffengbo|Stealth Rock|[from] move: Defog|[of] p2a: Corviknight
|move|p1a: 娱乐风波|Toxic|p2a: Corviknight
|-immune|p2a: Corviknight
|
|upkeep
|turn|31
|
|t:|1769432529
|move|p2a: Corviknight|Roost|p2a: Corviknight
|-heal|p2a: Corviknight|81/100
|-singleturn|p2a: Corviknight|move: Roost
|move|p1a: 娱乐风波|Earthquake|p2a: Corviknight
|-supereffective|p2a: Corviknight
|-damage|p2a: Corviknight|33/100
|
|upkeep
|turn|32
|
|t:|1769432538
|move|p2a: Corviknight|Body Press|p1a: 娱乐风波
|-damage|p1a: 娱乐风波|70/100
|move|p1a: 娱乐风波|Earthquake|p2a: Corviknight
|-immune|p2a: Corviknight
|
|-heal|p1a: 娱乐风波|76/100|[from] item: Leftovers
|upkeep
|turn|33
|
|t:|1769432547
|move|p2a: Corviknight|U-turn|p1a: 娱乐风波
|-damage|p1a: 娱乐风波|60/100
|
|t:|1769432549
|switch|p2a: Pelipper|Pelipper, M, shiny|100/100|[from] U-turn
|-weather|RainDance|[from] ability: Drizzle|[of] p2a: Pelipper
|move|p1a: 娱乐风波|Earthquake|p2a: Pelipper
|-immune|p2a: Pelipper
|
|-weather|RainDance|[upkeep]
|-heal|p1a: 娱乐风波|66/100|[from] item: Leftovers
|upkeep
|turn|34
|
|t:|1769432565
|switch|p2a: Corviknight|Corviknight, M, shiny|33/100
|-ability|p2a: Corviknight|Pressure
|move|p1a: 娱乐风波|Recover|p1a: 娱乐风波
|-heal|p1a: 娱乐风波|100/100
|
|-weather|RainDance|[upkeep]
|upkeep
|turn|35
|
|t:|1769432575
|move|p2a: Corviknight|Body Press|p1a: 娱乐风波
|-damage|p1a: 娱乐风波|71/100
|move|p1a: 娱乐风波|Earthquake|p2a: Corviknight
|-immune|p2a: Corviknight
|
|-weather|RainDance|[upkeep]
|-heal|p1a: 娱乐风波|77/100|[from] item: Leftovers
|upkeep
|turn|36
|
|t:|1769432584
|move|p2a: Corviknight|Body Press|p1a: 娱乐风波
|-damage|p1a: 娱乐风波|47/100
|move|p1a: 娱乐风波|Earthquake|p2a: Corviknight
|-immune|p2a: Corviknight
|
|-weather|RainDance|[upkeep]
|-heal|p1a: 娱乐风波|53/100|[from] item: Leftovers
|upkeep
|turn|37
|
|t:|1769432599
|switch|p2a: Incineroar|Incineroar, M, shiny|100/100
|-ability|p2a: Incineroar|Intimidate|boost
|-unboost|p1a: 娱乐风波|atk|1
|move|p1a: 娱乐风波|Earthquake|p2a: Incineroar
|-supereffective|p2a: Incineroar
|-damage|p2a: Incineroar|68/100
|
|-weather|RainDance|[upkeep]
|-heal|p1a: 娱乐风波|60/100|[from] item: Leftovers
|upkeep
|turn|38
|
|t:|1769432609
|move|p2a: Incineroar|Will-O-Wisp|p1a: 娱乐风波
|-status|p1a: 娱乐风波|brn
|move|p1a: 娱乐风波|Earthquake|p2a: Incineroar
|-supereffective|p2a: Incineroar
|-damage|p2a: Incineroar|50/100
|
|-weather|RainDance|[upkeep]
|-heal|p1a: 娱乐风波|66/100 brn|[from] item: Leftovers
|-damage|p1a: 娱乐风波|60/100 brn|[from] brn
|upkeep
|turn|39
|
|t:|1769432620
|move|p2a: Incineroar|Parting Shot|p1a: 娱乐风波
|-unboost|p1a: 娱乐风波|atk|1
|-unboost|p1a: 娱乐风波|spa|1
|
|t:|1769432623
|switch|p2a: Corviknight|Corviknight, M, shiny|33/100|[from] Parting Shot
|-ability|p2a: Corviknight|Pressure
|move|p1a: 娱乐风波|Toxic|p2a: Corviknight|[miss]
|-miss|p1a: 娱乐风波|p2a: Corviknight
|
|-weather|RainDance|[upkeep]
|-heal|p1a: 娱乐风波|66/100 brn|[from] item: Leftovers
|-damage|p1a: 娱乐风波|60/100 brn|[from] brn
|upkeep
|turn|40
|
|t:|1769432636
|switch|p2a: Incineroar|Incineroar, M, shiny|50/100
|-ability|p2a: Incineroar|Intimidate|boost
|-unboost|p1a: 娱乐风波|atk|1
|move|p1a: 娱乐风波|Earthquake|p2a: Incineroar
|-supereffective|p2a: Incineroar
|-damage|p2a: Incineroar|39/100
|
|-weather|none
|-heal|p1a: 娱乐风波|66/100 brn|[from] item: Leftovers
|-damage|p1a: 娱乐风波|60/100 brn|[from] brn
|upkeep
|turn|41
|
|t:|1769432648
|move|p2a: Incineroar|Parting Shot|p1a: 娱乐风波
|-unboost|p1a: 娱乐风波|atk|1
|-unboost|p1a: 娱乐风波|spa|1
|
|t:|1769432657
|switch|p2a: Corviknight|Corviknight, M, shiny|33/100|[from] Parting Shot
|-ability|p2a: Corviknight|Pressure
|move|p1a: 娱乐风波|Earthquake|p2a: Corviknight
|-immune|p2a: Corviknight
|
|-heal|p1a: 娱乐风波|66/100 brn|[from] item: Leftovers
|-damage|p1a: 娱乐风波|60/100 brn|[from] brn
|upkeep
|turn|42
|
|t:|1769432698
|move|p2a: Corviknight|Roost|p2a: Corviknight
|-heal|p2a: Corviknight|83/100
|-singleturn|p2a: Corviknight|move: Roost
|move|p1a: 娱乐风波|Earthquake|p2a: Corviknight
|-supereffective|p2a: Corviknight
|-damage|p2a: Corviknight|75/100
|
|-heal|p1a: 娱乐风波|66/100 brn|[from] item: Leftovers
|-damage|p1a: 娱乐风波|60/100 brn|[from] brn
|upkeep
|turn|43
|
|t:|1769432751
|move|p2a: Corviknight|Defog|p1a: 娱乐风波
|-unboost|p1a: 娱乐风波|evasion|1
|move|p1a: 娱乐风波|Toxic|p2a: Corviknight
|-immune|p2a: Corviknight
|
|-heal|p1a: 娱乐风波|66/100 brn|[from] item: Leftovers
|-damage|p1a: 娱乐风波|60/100 brn|[from] brn
|upkeep
|turn|44
|
|t:|1769432761
|move|p2a: Corviknight|Defog|p1a: 娱乐风波
|-unboost|p1a: 娱乐风波|evasion|1
|move|p1a: 娱乐风波|Toxic|p2a: Corviknight
|-immune|p2a: Corviknight
|
|-heal|p1a: 娱乐风波|66/100 brn|[from] item: Leftovers
|-damage|p1a: 娱乐风波|60/100 brn|[from] brn
|upkeep
|turn|45
|
|t:|1769432771
|move|p2a: Corviknight|Defog|p1a: 娱乐风波
|-unboost|p1a: 娱乐风波|evasion|1
|move|p1a: 娱乐风波|Toxic|p2a: Corviknight|[miss]
|-miss|p1a: 娱乐风波|p2a: Corviknight
|
|-heal|p1a: 娱乐风波|66/100 brn|[from] item: Leftovers
|-damage|p1a: 娱乐风波|60/100 brn|[from] brn
|upkeep
|turn|46
|
|t:|1769432787
|move|p2a: Corviknight|Defog|p1a: 娱乐风波
|-unboost|p1a: 娱乐风波|evasion|1
|move|p1a: 娱乐风波|Toxic|p2a: Corviknight
|-immune|p2a: Corviknight
|
|-heal|p1a: 娱乐风波|66/100 brn|[from] item: Leftovers
|-damage|p1a: 娱乐风波|60/100 brn|[from] brn
|upkeep
|turn|47
|
|t:|1769432797
|move|p2a: Corviknight|Defog|p1a: 娱乐风波
|-unboost|p1a: 娱乐风波|evasion|1
|move|p1a: 娱乐风波|Toxic|p2a: Corviknight
|-immune|p2a: Corviknight
|
|-heal|p1a: 娱乐风波|66/100 brn|[from] item: Leftovers
|-damage|p1a: 娱乐风波|60/100 brn|[from] brn
|upkeep
|turn|48
|
|t:|1769432810
|move|p1a: 娱乐风波|Protect|p1a: 娱乐风波
|-singleturn|p1a: 娱乐风波|Protect
|move|p2a: Corviknight|Defog|p1a: 娱乐风波
|-activate|p1a: 娱乐风波|move: Protect
|
|-heal|p1a: 娱乐风波|66/100 brn|[from] item: Leftovers
|-damage|p1a: 娱乐风波|60/100 brn|[from] brn
|upkeep
|turn|49
|
|t:|1769432820
|switch|p2a: Pelipper|Pelipper, M, shiny|100/100
|-weather|RainDance|[from] ability: Drizzle|[of] p2a: Pelipper
|move|p1a: 娱乐风波|Protect||[still]
|-fail|p1a: 娱乐风波
|
|-weather|RainDance|[upkeep]
|-heal|p1a: 娱乐风波|66/100 brn|[from] item: Leftovers
|-damage|p1a: 娱乐风波|60/100 brn|[from] brn
|upkeep
|turn|50
|
|t:|1769432831
|switch|p2a: Barraskewda|Barraskewda, M, shiny|100/100
|move|p1a: 娱乐风波|Protect||[still]
|-fail|p1a: 娱乐风波
|
|-weather|RainDance|[upkeep]
|-heal|p1a: 娱乐风波|66/100 brn|[from] item: Leftovers
|-damage|p1a: 娱乐风波|60/100 brn|[from] brn
|upkeep
|turn|51
|
|t:|1769432842
|move|p1a: 娱乐风波|Protect|p1a: 娱乐风波
|-singleturn|p1a: 娱乐风波|Protect
|move|p2a: Barraskewda|Close Combat|p1a: 娱乐风波
|-activate|p1a: 娱乐风波|move: Protect
|
|-weather|RainDance|[upkeep]
|-heal|p1a: 娱乐风波|66/100 brn|[from] item: Leftovers
|-damage|p1a: 娱乐风波|60/100 brn|[from] brn
|upkeep
|turn|52
|
|t:|1769432852
|move|p1a: 娱乐风波|Protect||[still]
|-fail|p1a: 娱乐风波
|move|p2a: Barraskewda|Close Combat|p1a: 娱乐风波
|-crit|p1a: 娱乐风波
|-damage|p1a: 娱乐风波|0 fnt
|-unboost|p2a: Barraskewda|def|1
|-unboost|p2a: Barraskewda|spd|1
|faint|p1a: 娱乐风波
|
|win|yule_fffffengbo
