|j|☆ntn4life
|j|☆brokensand
|t:|1769399729
|gametype|singles
|player|p1|ntn4life|pokemonranger-gen4|1148
|player|p2|brokensand|102|1098
|gen|9
|tier|[Gen 9] OU
|rated|
|rule|HP Percentage Mod: HP is shown in percentages
|rule|Endless Battle Clause: Forcing endless battles is banned
|rule|Species Clause: Limit one of each Pokémon
|rule|OHKO Clause: OHKO moves are banned
|rule|Evasion Items Clause: Evasion items are banned
|rule|Evasion Moves Clause: Evasion moves are banned
|rule|Evasion Abilities Clause: Evasion abilities are banned
|rule|Sleep Moves Clause: Sleep-inducing moves are banned
|clearpoke
|poke|p1|Ninetales, F|
|poke|p1|Great Tusk|
|poke|p1|Venusaur, F|
|poke|p1|Walking Wake|
|poke|p1|Ceruledge, F|
|poke|p1|Hatterene, F|
|poke|p2|Seviper, F|
|poke|p2|Arbok, F|
|poke|p2|Serperior, M|
|poke|p2|Sandaconda, M|
|poke|p2|Milotic, F|
|poke|p2|Eelektross, F|
|teampreview
|
|t:|1769399744
|teamsize|p1|6
|teamsize|p2|6
|start
|switch|p1a: Great Tusk|Great Tusk|100/100
|switch|p2a: Milotic|Milotic, F|100/100
|turn|1
|
|t:|1769399765
|-end|p1a: Great Tusk|Protosynthesis|[silent]
|switch|p1a: Hatterene|Hatterene, F|100/100
|switch|p2a: Sandaconda|Sandaconda, M|100/100
|
|upkeep
|turn|2
|
|t:|1769399777
|switch|p2a: Arbok|Arbok, F|100/100
|-ability|p2a: Arbok|Intimidate|boost
|-unboost|p1a: Hatterene|atk|1
|switch|p1a: Great Tusk|Great Tusk|100/100
|
|upkeep
|turn|3
|
|t:|1769399789
|switch|p2a: Sandaconda|Sandaconda, M|100/100
|move|p1a: Great Tusk|Stealth Rock|p2a: Sandaconda
|-sidestart|p2: brokensand|move: Stealth Rock
|
|upkeep
|turn|4
|
|t:|1769399795
|move|p1a: Great Tusk|Ice Spinner|p2a: Sandaconda
|-supereffective|p2a: Sandaconda
|-damage|p2a: Sandaconda|71/100
|-damage|p1a: Great Tusk|84/100|[from] item: Rocky Helmet|[of] p2a: Sandaconda
|move|p2a: Sandaconda|Stealth Rock|p1a: Great Tusk
|-sidestart|p1: ntn4life|move: Stealth Rock
|
|upkeep
|turn|5
|
|t:|1769399801
|move|p1a: Great Tusk|Rapid Spin|p2a: Sandaconda
|-damage|p2a: Sandaconda|63/100
|-boost|p1a: Great Tusk|spe|1
|-damage|p1a: Great Tusk|67/100|[from] item: Rocky Helmet|[of] p2a: Sandaconda
|-sideend|p1: ntn4life|Stealth Rock|[from] move: Rapid Spin|[of] p1a: Great Tusk
|move|p2a: Sandaconda|Glare|p1a: Great Tusk
|-status|p1a: Great Tusk|par
|
|upkeep
|turn|6
|
|t:|1769399815
|-end|p1a: Great Tusk|Protosynthesis|[silent]
|switch|p1a: Hatterene|Hatterene, F|100/100
|move|p2a: Sandaconda|Rock Tomb|p1a: Hatterene|[miss]
|-miss|p2a: Sandaconda|p1a: Hatterene
|
|upkeep
|turn|7
|
|t:|1769399825
|switch|p2a: Eelektross|Eelektross, F|100/100
|-damage|p2a: Eelektross|88/100|[from] Stealth Rock
|move|p1a: Hatterene|Psyshock|p2a: Eelektross
|-damage|p2a: Eelektross|44/100
|
|upkeep
|turn|8
|
|t:|1769399836
|move|p2a: Eelektross|Knock Off|p1a: Hatterene
|-damage|p1a: Hatterene|70/100
|-enditem|p1a: Hatterene|Assault Vest|[from] move: Knock Off|[of] p2a: Eelektross
|move|p1a: Hatterene|Psyshock|p2a: Eelektross
|-damage|p2a: Eelektross|0 fnt
|faint|p2a: Eelektross
|
|upkeep
|
|t:|1769399851
|switch|p2a: Serperior|Serperior, M|100/100
|-damage|p2a: Serperior|88/100|[from] Stealth Rock
|turn|9
|
|t:|1769399856
|move|p2a: Serperior|Leaf Storm|p1a: Hatterene
|-crit|p1a: Hatterene
|-damage|p1a: Hatterene|0 fnt
|-boost|p2a: Serperior|spa|2
|faint|p1a: Hatterene
|
|-heal|p2a: Serperior|94/100|[from] item: Leftovers
|upkeep
|
|t:|1769399861
|switch|p1a: Ninetales|Ninetales, F, shiny|100/100
|-weather|SunnyDay|[from] ability: Drought|[of] p1a: Ninetales
|turn|10
|
|t:|1769399872
|switch|p1a: Venusaur|Venusaur, F|100/100
|-terastallize|p2a: Serperior|Dragon
|move|p2a: Serperior|Dragon Pulse|p1a: Venusaur
|-damage|p1a: Venusaur|18/100
|
|-weather|SunnyDay|[upkeep]
|-heal|p2a: Serperior|100/100|[from] item: Leftovers
|upkeep
|turn|11
|
|t:|1769399884
|move|p1a: Venusaur|Earthquake|p2a: Serperior
|-damage|p2a: Serperior|70/100
|-damage|p1a: Venusaur|8/100|[from] item: Life Orb
|move|p2a: Serperior|Dragon Pulse|p1a: Venusaur
|-damage|p1a: Venusaur|0 fnt
|faint|p1a: Venusaur
|
|-weather|SunnyDay|[upkeep]
|-heal|p2a: Serperior|76/100|[from] item: Leftovers
|upkeep
|
|t:|1769399889
|switch|p1a: Walking Wake|Walking Wake|100/100
|-activate|p1a: Walking Wake|ability: Protosynthesis
|-start|p1a: Walking Wake|protosynthesisspe
|turn|12
|
|t:|1769399899
|switch|p2a: Sandaconda|Sandaconda, M|63/100
|-damage|p2a: Sandaconda|57/100|[from] Stealth Rock
|move|p1a: Walking Wake|Draco Meteor|p2a: Sandaconda
|-damage|p2a: Sandaconda|0 fnt
|-unboost|p1a: Walking Wake|spa|2
|faint|p2a: Sandaconda
|
|-weather|SunnyDay|[upkeep]
|upkeep
|
|t:|1769399910
|switch|p2a: Milotic|Milotic, F|100/100
|-damage|p2a: Milotic|88/100|[from] Stealth Rock
|turn|13
|
|t:|1769399917
|move|p1a: Walking Wake|Flip Turn|p2a: Milotic
|-resisted|p2a: Milotic
|-damage|p2a: Milotic|86/100
|
|t:|1769399925
|-end|p1a: Walking Wake|Protosynthesis|[silent]
|switch|p1a: Great Tusk|Great Tusk|67/100 par|[from] Flip Turn
|-activate|p1a: Great Tusk|ability: Protosynthesis
|-start|p1a: Great Tusk|protosynthesisspe
|move|p2a: Milotic|Draining Kiss|p1a: Great Tusk
|-supereffective|p1a: Great Tusk
|-damage|p1a: Great Tusk|37/100 par
|-heal|p2a: Milotic|100/100|[from] drain|[of] p1a: Great Tusk
|-damage|p2a: Milotic|84/100|[from] item: Rocky Helmet|[of] p1a: Great Tusk
|
|-weather|SunnyDay|[upkeep]
|-status|p2a: Milotic|brn|[from] item: Flame Orb
|upkeep
|turn|14
|
|t:|1769399936
|move|p1a: Great Tusk|Headlong Rush|p2a: Milotic
|-crit|p2a: Milotic
|-damage|p2a: Milotic|46/100 brn
|-unboost|p1a: Great Tusk|def|1
|-unboost|p1a: Great Tusk|spd|1
|move|p2a: Milotic|Scald|p1a: Great Tusk
|-supereffective|p1a: Great Tusk
|-damage|p1a: Great Tusk|0 fnt
|faint|p1a: Great Tusk
|-end|p1a: Great Tusk|Protosynthesis|[silent]
|
|-weather|SunnyDay|[upkeep]
|-damage|p2a: Milotic|40/100 brn|[from] brn
|upkeep
|
|t:|1769399947
|switch|p1a: Walking Wake|Walking Wake|100/100
|-activate|p1a: Walking Wake|ability: Protosynthesis
|-start|p1a: Walking Wake|protosynthesisspe
|turn|15
|
|t:|1769399951
|move|p1a: Walking Wake|Hydro Steam|p2a: Milotic
|-resisted|p2a: Milotic
|-damage|p2a: Milotic|15/100 brn
|move|p2a: Milotic|Draining Kiss|p1a: Walking Wake
|-supereffective|p1a: Walking Wake
|-damage|p1a: Walking Wake|72/100
|-heal|p2a: Milotic|33/100 brn|[from] drain|[of] p1a: Walking Wake
|
|-weather|SunnyDay|[upkeep]
|-damage|p2a: Milotic|27/100 brn|[from] brn
|upkeep
|turn|16
|
|t:|1769399965
|move|p1a: Walking Wake|Draco Meteor|p2a: Milotic|[miss]
|-miss|p1a: Walking Wake|p2a: Milotic
|move|p2a: Milotic|Draining Kiss|p1a: Walking Wake
|-supereffective|p1a: Walking Wake
|-crit|p1a: Walking Wake
|-damage|p1a: Walking Wake|32/100
|-heal|p2a: Milotic|53/100 brn|[from] drain|[of] p1a: Walking Wake
|
|-weather|SunnyDay|[upkeep]
|-damage|p2a: Milotic|47/100 brn|[from] brn
|upkeep
|turn|17
|
|t:|1769399976
|move|p1a: Walking Wake|Draco Meteor|p2a: Milotic
|-damage|p2a: Milotic|0 fnt
|-unboost|p1a: Walking Wake|spa|2
|faint|p2a: Milotic
|
|-weather|none
|-end|p1a: Walking Wake|Protosynthesis
|upkeep
|
|t:|1769399998
|switch|p2a: Arbok|Arbok, F|100/100
|-damage|p2a: Arbok|88/100|[from] Stealth Rock
|-ability|p2a: Arbok|Intimidate|boost
|-unboost|p1a: Walking Wake|atk|1
|turn|18
|
|t:|1769400009
|move|p1a: Walking Wake|Flip Turn|p2a: Arbok
|-damage|p2a: Arbok|70/100
|
|t:|1769400013
|-end|p1a: Walking Wake|Protosynthesis|[silent]
|switch|p1a: Ninetales|Ninetales, F, shiny|100/100|[from] Flip Turn
|-weather|SunnyDay|[from] ability: Drought|[of] p1a: Ninetales
|move|p2a: Arbok|Coil|p2a: Arbok
|-boost|p2a: Arbok|atk|1
|-boost|p2a: Arbok|def|1
|-boost|p2a: Arbok|accuracy|1
|
|-weather|SunnyDay|[upkeep]
|-heal|p2a: Arbok|76/100|[from] item: Black Sludge
|upkeep
|turn|19
|
|t:|1769400024
|move|p1a: Ninetales|Encore|p2a: Arbok
|-start|p2a: Arbok|Encore
|move|p2a: Arbok|Coil|p2a: Arbok
|-boost|p2a: Arbok|atk|1
|-boost|p2a: Arbok|def|1
|-boost|p2a: Arbok|accuracy|1
|
|-weather|SunnyDay|[upkeep]
|-heal|p2a: Arbok|82/100|[from] item: Black Sludge
|upkeep
|turn|20
|
|t:|1769400031
|move|p1a: Ninetales|Will-O-Wisp|p2a: Arbok
|-status|p2a: Arbok|brn
|move|p2a: Arbok|Coil|p2a: Arbok
|-boost|p2a: Arbok|atk|1
|-boost|p2a: Arbok|def|1
|-boost|p2a: Arbok|accuracy|1
|
|-weather|SunnyDay|[upkeep]
|-heal|p2a: Arbok|88/100 brn|[from] item: Black Sludge
|-damage|p2a: Arbok|82/100 brn|[from] brn
|upkeep
|turn|21
|
|t:|1769400041
|move|p1a: Ninetales|Weather Ball|p2a: Arbok
|-damage|p2a: Arbok|19/100 brn
|move|p2a: Arbok|Coil|p2a: Arbok
|-boost|p2a: Arbok|atk|1
|-boost|p2a: Arbok|def|1
|-boost|p2a: Arbok|accuracy|1
|
|-weather|SunnyDay|[upkeep]
|-heal|p2a: Arbok|25/100 brn|[from] item: Black Sludge
|-damage|p2a: Arbok|19/100 brn|[from] brn
|-end|p2a: Arbok|Encore
|upkeep
|turn|22
|
|t:|1769400053
|move|p2a: Arbok|Sucker Punch|p1a: Ninetales
|-damage|p1a: Ninetales|58/100
|move|p1a: Ninetales|Weather Ball|p2a: Arbok
|-damage|p2a: Arbok|0 fnt
|faint|p2a: Arbok
|
|-weather|SunnyDay|[upkeep]
|upkeep
|
|t:|1769400061
|switch|p2a: Seviper|Seviper, F|100/100
|-damage|p2a: Seviper|88/100|[from] Stealth Rock
|turn|23
|
|t:|1769400067
|move|p2a: Seviper|Dark Pulse|p1a: Ninetales
|-damage|p1a: Ninetales|36/100
|cant|p1a: Ninetales|flinch
|
|-weather|SunnyDay|[upkeep]
|upkeep
|turn|24
|
|t:|1769400073
|move|p2a: Seviper|Dark Pulse|p1a: Ninetales
|-damage|p1a: Ninetales|13/100
|move|p1a: Ninetales|Healing Wish|p1a: Ninetales
|faint|p1a: Ninetales
|
|-weather|SunnyDay|[upkeep]
|upkeep
|
|t:|1769400078
|switch|p1a: Walking Wake|Walking Wake|32/100
|-heal|p1a: Walking Wake|100/100|[from] move: Healing Wish
|-activate|p1a: Walking Wake|ability: Protosynthesis
|-start|p1a: Walking Wake|protosynthesisspe
|turn|25
|
|t:|1769400085
|move|p1a: Walking Wake|Hydro Steam|p2a: Seviper
|-damage|p2a: Seviper|0 fnt
|faint|p2a: Seviper
|
|-weather|none
|-end|p1a: Walking Wake|Protosynthesis
|upkeep
|
|t:|1769400090
|switch|p2a: Serperior|Serperior, M, tera:Dragon|76/100
|-damage|p2a: Serperior|64/100|[from] Stealth Rock
|turn|26
|
|t:|1769400094
|-terastallize|p1a: Walking Wake|Fairy
|move|p2a: Serperior|Dragon Pulse|p1a: Walking Wake
|-immune|p1a: Walking Wake
|move|p1a: Walking Wake|Draco Meteor|p2a: Serperior
|-supereffective|p2a: Serperior
|-damage|p2a: Serperior|0 fnt
|-unboost|p1a: Walking Wake|spa|2
|faint|p2a: Serperior
|
|win|ntn4life
|raw|ntn4life's rating: 1148 &rarr; <strong>1169</strong><br />(+21 for winning)
|raw|brokensand's rating: 1098 &rarr; <strong>1077</strong><br />(-21 for losing)
|l|☆brokensand
|player|p2|
|l|☆ntn4life
|player|p1|
