|j|☆slash#4700
|j|☆Phillip Blevin
|t:|1769414425
|gametype|singles
|player|p1|slash#4700|265|1456
|player|p2|Phillip Blevin|265|1437
|gen|9
|tier|[Gen 9] OU
|rated|
|rule|HP Percentage Mod: HP is shown in percentages
|rule|Endless Battle Clause: Forcing endless battles is banned
|rule|Species Clause: Limit one of each Pokémon
|rule|OHKO Clause: OHKO moves are banned
|rule|Evasion Items Clause: Evasion items are banned
|rule|Evasion Moves Clause: Evasion moves are banned
|rule|Evasion Abilities Clause: Evasion abilities are banned
|rule|Sleep Moves Clause: Sleep-inducing moves are banned
|clearpoke
|poke|p1|Dragonite, M|
|poke|p1|Ting-Lu|
|poke|p1|Zamazenta-*|
|poke|p1|Gholdengo|
|poke|p1|Pecharunt|
|poke|p1|Clefable, F|
|poke|p2|Iron Hands|
|poke|p2|Mandibuzz, F|
|poke|p2|Garganacl, F|
|poke|p2|Landorus-Therian, M|
|poke|p2|Alomomola, F|
|poke|p2|Dragapult, F|
|teampreview
|inactive|Battle timer is ON: inactive players will automatically lose when time's up. (requested by Phillip Blevin)
|inactive|slash#4700 also wants the timer to be on.
|
|t:|1769414450
|teamsize|p1|6
|teamsize|p2|6
|start
|switch|p1a: Clefable|Clefable, F|100/100
|switch|p2a: Dragapult|Dragapult, F|100/100
|turn|1
|
|t:|1769414462
|move|p2a: Dragapult|U-turn|p1a: Clefable
|-resisted|p1a: Clefable
|-damage|p1a: Clefable|81/100
|
|t:|1769414468
|switch|p2a: Alomomola|Alomomola, F|100/100|[from] U-turn
|move|p1a: Clefable|Knock Off|p2a: Alomomola
|-damage|p2a: Alomomola|92/100
|-enditem|p2a: Alomomola|Heavy-Duty Boots|[from] move: Knock Off|[of] p1a: Clefable
|
|-heal|p1a: Clefable|88/100|[from] item: Leftovers
|upkeep
|turn|2
|
|t:|1769414473
|move|p1a: Clefable|Stealth Rock|p2a: Alomomola
|-sidestart|p2: Phillip Blevin|move: Stealth Rock
|move|p2a: Alomomola|Flip Turn|p1a: Clefable
|-damage|p1a: Clefable|68/100
|
|t:|1769414483
|switch|p2a: Iron Hands|Iron Hands|100/100|[from] Flip Turn
|-damage|p2a: Iron Hands|94/100|[from] Stealth Rock
|
|-heal|p1a: Clefable|74/100|[from] item: Leftovers
|upkeep
|turn|3
|
|t:|1769414496
|switch|p1a: Zamazenta|Zamazenta|100/100
|-ability|p1a: Zamazenta|Dauntless Shield|boost
|-boost|p1a: Zamazenta|def|1
|move|p2a: Iron Hands|Supercell Slam|p1a: Zamazenta
|-damage|p1a: Zamazenta|73/100
|
|-heal|p1a: Zamazenta|79/100|[from] item: Leftovers
|upkeep
|turn|4
|
|t:|1769414504
|-end|p2a: Iron Hands|Quark Drive|[silent]
|switch|p2a: Mandibuzz|Mandibuzz, F|100/100
|move|p1a: Zamazenta|Roar|p2a: Mandibuzz
|drag|p2a: Dragapult|Dragapult, F|100/100
|-damage|p2a: Dragapult|88/100|[from] Stealth Rock
|
|-heal|p1a: Zamazenta|85/100|[from] item: Leftovers
|upkeep
|turn|5
|
|t:|1769414512
|switch|p2a: Mandibuzz|Mandibuzz, F|100/100
|switch|p1a: Clefable|Clefable, F|74/100
|
|-heal|p1a: Clefable|80/100|[from] item: Leftovers
|upkeep
|turn|6
|
|t:|1769414520
|move|p2a: Mandibuzz|Defog|p1a: Clefable
|-unboost|p1a: Clefable|evasion|1
|-sideend|p2: Phillip Blevin|Stealth Rock|[from] move: Defog|[of] p2a: Mandibuzz
|move|p1a: Clefable|Moonblast|p2a: Mandibuzz
|-supereffective|p2a: Mandibuzz
|-damage|p2a: Mandibuzz|45/100
|-unboost|p2a: Mandibuzz|spa|1
|
|-heal|p1a: Clefable|87/100|[from] item: Leftovers
|upkeep
|turn|7
|
|t:|1769414525
|switch|p2a: Alomomola|Alomomola, F|100/100
|move|p1a: Clefable|Stealth Rock|p2a: Alomomola
|-sidestart|p2: Phillip Blevin|move: Stealth Rock
|
|-heal|p1a: Clefable|93/100|[from] item: Leftovers
|upkeep
|turn|8
|
|t:|1769414533
|move|p1a: Clefable|Knock Off|p2a: Alomomola
|-damage|p2a: Alomomola|94/100
|move|p2a: Alomomola|Wish|p2a: Alomomola
|
|-heal|p1a: Clefable|99/100|[from] item: Leftovers
|upkeep
|turn|9
|
|t:|1769414544
|move|p1a: Clefable|Moonblast|p2a: Alomomola
|-damage|p2a: Alomomola|59/100
|move|p2a: Alomomola|Flip Turn|p1a: Clefable
|-damage|p1a: Clefable|80/100
|
|t:|1769414548
|switch|p2a: Mandibuzz|Mandibuzz, F|45/100|[from] Flip Turn
|
|-heal|p2a: Mandibuzz|100/100|[from] move: Wish|[wisher] Alomomola
|-heal|p1a: Clefable|86/100|[from] item: Leftovers
|upkeep
|turn|10
|
|t:|1769414555
|switch|p2a: Alomomola|Alomomola, F|92/100
|-damage|p2a: Alomomola|80/100|[from] Stealth Rock
|move|p1a: Clefable|Moonblast|p2a: Alomomola
|-damage|p2a: Alomomola|43/100
|
|-heal|p1a: Clefable|92/100|[from] item: Leftovers
|upkeep
|turn|11
|
|t:|1769414560
|move|p1a: Clefable|Moonblast|p2a: Alomomola
|-damage|p2a: Alomomola|5/100
|-unboost|p2a: Alomomola|spa|1
|move|p2a: Alomomola|Wish|p2a: Alomomola
|
|-heal|p1a: Clefable|98/100|[from] item: Leftovers
|upkeep
|turn|12
|
|t:|1769414566
|move|p2a: Alomomola|Protect|p2a: Alomomola
|-singleturn|p2a: Alomomola|Protect
|move|p1a: Clefable|Moonblast|p2a: Alomomola
|-activate|p2a: Alomomola|move: Protect
|
|-heal|p2a: Alomomola|55/100|[from] move: Wish|[wisher] Alomomola
|-heal|p1a: Clefable|100/100|[from] item: Leftovers
|upkeep
|turn|13
|
|t:|1769414571
|move|p1a: Clefable|Moonblast|p2a: Alomomola
|-damage|p2a: Alomomola|16/100
|-unboost|p2a: Alomomola|spa|1
|move|p2a: Alomomola|Wish|p2a: Alomomola
|
|upkeep
|turn|14
|
|t:|1769414579
|switch|p2a: Iron Hands|Iron Hands|94/100
|-damage|p2a: Iron Hands|88/100|[from] Stealth Rock
|move|p1a: Clefable|Knock Off|p2a: Iron Hands
|-resisted|p2a: Iron Hands
|-damage|p2a: Iron Hands|82/100
|-enditem|p2a: Iron Hands|Assault Vest|[from] move: Knock Off|[of] p1a: Clefable
|
|-heal|p2a: Iron Hands|100/100|[from] move: Wish|[wisher] Alomomola
|upkeep
|turn|15
|
|t:|1769414591
|switch|p1a: Zamazenta|Zamazenta|85/100
|move|p2a: Iron Hands|Supercell Slam|p1a: Zamazenta
|-damage|p1a: Zamazenta|39/100
|
|-heal|p1a: Zamazenta|46/100|[from] item: Leftovers
|upkeep
|turn|16
|
|t:|1769414599
|move|p2a: Iron Hands|Supercell Slam|p1a: Zamazenta
|-damage|p1a: Zamazenta|0 fnt
|faint|p1a: Zamazenta
|
|upkeep
|
|t:|1769414609
|switch|p1a: Pecharunt|Pecharunt|100/100
|turn|17
|
|t:|1769414617
|-end|p2a: Iron Hands|Quark Drive|[silent]
|switch|p2a: Garganacl|Garganacl, F|100/100
|-damage|p2a: Garganacl|88/100|[from] Stealth Rock
|move|p1a: Pecharunt|Malignant Chain|p2a: Garganacl
|-resisted|p2a: Garganacl
|-damage|p2a: Garganacl|78/100
|
|-heal|p2a: Garganacl|85/100|[from] item: Leftovers
|upkeep
|turn|18
|
|t:|1769414622
|move|p1a: Pecharunt|Parting Shot|p2a: Garganacl
|-unboost|p2a: Garganacl|atk|1
|-unboost|p2a: Garganacl|spa|1
|
|t:|1769414624
|switch|p1a: Clefable|Clefable, F|100/100|[from] Parting Shot
|move|p2a: Garganacl|Salt Cure|p1a: Clefable
|-damage|p1a: Clefable|90/100
|-start|p1a: Clefable|Salt Cure
|
|-heal|p1a: Clefable|96/100|[from] item: Leftovers
|-heal|p2a: Garganacl|91/100|[from] item: Leftovers
|upkeep
|turn|19
|
|t:|1769414635
|switch|p2a: Alomomola|Alomomola, F|49/100
|-damage|p2a: Alomomola|37/100|[from] Stealth Rock
|move|p1a: Clefable|Knock Off|p2a: Alomomola
|-damage|p2a: Alomomola|31/100
|
|-heal|p1a: Clefable|100/100|[from] item: Leftovers
|upkeep
|turn|20
|
|t:|1769414638
|move|p1a: Clefable|Moonblast|p2a: Alomomola
|-damage|p2a: Alomomola|0 fnt
|faint|p2a: Alomomola
|
|upkeep
|
|t:|1769414641
|switch|p2a: Iron Hands|Iron Hands|100/100
|-damage|p2a: Iron Hands|94/100|[from] Stealth Rock
|turn|21
|
|t:|1769414650
|move|p2a: Iron Hands|Earthquake|p1a: Clefable
|-damage|p1a: Clefable|54/100
|move|p1a: Clefable|Moonblast|p2a: Iron Hands
|-supereffective|p2a: Iron Hands
|-damage|p2a: Iron Hands|46/100
|
|-heal|p1a: Clefable|60/100|[from] item: Leftovers
|upkeep
|turn|22
|
|t:|1769414664
|switch|p1a: Pecharunt|Pecharunt|100/100
|move|p2a: Iron Hands|Supercell Slam|p1a: Pecharunt
|-damage|p1a: Pecharunt|74/100
|
|upkeep
|turn|23
|
|t:|1769414675
|move|p1a: Pecharunt|Parting Shot|p2a: Iron Hands
|-unboost|p2a: Iron Hands|atk|1
|-unboost|p2a: Iron Hands|spa|1
|
|t:|1769414682
|switch|p1a: Clefable|Clefable, F|60/100|[from] Parting Shot
|move|p2a: Iron Hands|Earthquake|p1a: Clefable
|-damage|p1a: Clefable|28/100
|
|-heal|p1a: Clefable|34/100|[from] item: Leftovers
|upkeep
|turn|24
|
|t:|1769414687
|move|p2a: Iron Hands|Supercell Slam|p1a: Clefable
|-damage|p1a: Clefable|0 fnt
|faint|p1a: Clefable
|
|upkeep
|
|t:|1769414698
|switch|p1a: Pecharunt|Pecharunt|74/100
|turn|25
|
|t:|1769414704
|-end|p2a: Iron Hands|Quark Drive|[silent]
|switch|p2a: Garganacl|Garganacl, F|91/100
|-damage|p2a: Garganacl|78/100|[from] Stealth Rock
|move|p1a: Pecharunt|Malignant Chain|p2a: Garganacl
|-resisted|p2a: Garganacl
|-damage|p2a: Garganacl|69/100
|
|-heal|p2a: Garganacl|75/100|[from] item: Leftovers
|upkeep
|turn|26
|
|t:|1769414713
|move|p1a: Pecharunt|Parting Shot|p2a: Garganacl
|-unboost|p2a: Garganacl|atk|1
|-unboost|p2a: Garganacl|spa|1
|
|t:|1769414715
|switch|p1a: Ting-Lu|Ting-Lu|100/100|[from] Parting Shot
|-ability|p1a: Ting-Lu|Vessel of Ruin
|move|p2a: Garganacl|Iron Defense|p2a: Garganacl
|-boost|p2a: Garganacl|def|2
|
|-heal|p2a: Garganacl|81/100|[from] item: Leftovers
|upkeep
|turn|27
|
|t:|1769414719
|move|p2a: Garganacl|Body Press|p1a: Ting-Lu
|-supereffective|p1a: Ting-Lu
|-damage|p1a: Ting-Lu|48/100
|move|p1a: Ting-Lu|Whirlwind|p2a: Garganacl
|drag|p2a: Iron Hands|Iron Hands|46/100
|-damage|p2a: Iron Hands|40/100|[from] Stealth Rock
|
|-heal|p1a: Ting-Lu|54/100|[from] item: Leftovers
|upkeep
|turn|28
|
|t:|1769414728
|switch|p1a: Pecharunt|Pecharunt|74/100
|move|p2a: Iron Hands|Earthquake|p1a: Pecharunt
|-supereffective|p1a: Pecharunt
|-crit|p1a: Pecharunt
|-damage|p1a: Pecharunt|12/100
|
|upkeep
|turn|29
|
|t:|1769414738
|-end|p2a: Iron Hands|Quark Drive|[silent]
|switch|p2a: Dragapult|Dragapult, F|88/100
|-damage|p2a: Dragapult|76/100|[from] Stealth Rock
|move|p1a: Pecharunt|Recover|p1a: Pecharunt
|-heal|p1a: Pecharunt|62/100
|
|upkeep
|turn|30
|
|t:|1769414743
|-terastallize|p2a: Dragapult|Ghost
|move|p2a: Dragapult|Tera Blast|p1a: Pecharunt|[anim] Tera Blast Ghost
|-supereffective|p1a: Pecharunt
|-damage|p1a: Pecharunt|0 fnt
|faint|p1a: Pecharunt
|
|upkeep
|
|t:|1769414747
|switch|p1a: Ting-Lu|Ting-Lu|54/100
|-ability|p1a: Ting-Lu|Vessel of Ruin
|turn|31
|
|t:|1769414754
|switch|p2a: Mandibuzz|Mandibuzz, F|100/100
|move|p1a: Ting-Lu|Whirlwind|p2a: Mandibuzz
|drag|p2a: Landorus|Landorus-Therian, M|100/100
|-damage|p2a: Landorus|88/100|[from] Stealth Rock
|-ability|p2a: Landorus|Intimidate|boost
|-unboost|p1a: Ting-Lu|atk|1
|
|-heal|p1a: Ting-Lu|60/100|[from] item: Leftovers
|upkeep
|turn|32
|
|t:|1769414765
|move|p2a: Landorus|Stealth Rock|p1a: Ting-Lu
|-sidestart|p1: slash#4700|move: Stealth Rock
|move|p1a: Ting-Lu|Ruination|p2a: Landorus
|-damage|p2a: Landorus|44/100
|
|-heal|p1a: Ting-Lu|67/100|[from] item: Leftovers
|upkeep
|turn|33
|
|t:|1769414769
|switch|p2a: Iron Hands|Iron Hands|40/100
|-damage|p2a: Iron Hands|34/100|[from] Stealth Rock
|move|p1a: Ting-Lu|Whirlwind|p2a: Iron Hands
|-end|p2a: Iron Hands|Quark Drive|[silent]
|drag|p2a: Garganacl|Garganacl, F|81/100
|-damage|p2a: Garganacl|69/100|[from] Stealth Rock
|
|-heal|p1a: Ting-Lu|73/100|[from] item: Leftovers
|-heal|p2a: Garganacl|75/100|[from] item: Leftovers
|upkeep
|turn|34
|
|t:|1769414773
|move|p1a: Ting-Lu|Ruination|p2a: Garganacl
|-damage|p2a: Garganacl|38/100
|move|p2a: Garganacl|Body Press|p1a: Ting-Lu
|-supereffective|p1a: Ting-Lu
|-damage|p1a: Ting-Lu|47/100
|
|-heal|p1a: Ting-Lu|53/100|[from] item: Leftovers
|-heal|p2a: Garganacl|44/100|[from] item: Leftovers
|upkeep
|turn|35
|
|t:|1769414778
|move|p2a: Garganacl|Recover|p2a: Garganacl
|-heal|p2a: Garganacl|94/100
|move|p1a: Ting-Lu|Whirlwind|p2a: Garganacl
|drag|p2a: Mandibuzz|Mandibuzz, F|100/100
|
|-heal|p1a: Ting-Lu|59/100|[from] item: Leftovers
|upkeep
|turn|36
|
|t:|1769414784
|switch|p1a: Gholdengo|Gholdengo|100/100
|-damage|p1a: Gholdengo|94/100|[from] Stealth Rock
|-item|p1a: Gholdengo|Air Balloon
|move|p2a: Mandibuzz|Defog|p1a: Gholdengo
|-immune|p1a: Gholdengo|[from] ability: Good as Gold
|
|upkeep
|turn|37
|
|t:|1769414789
|move|p1a: Gholdengo|Thunder Wave|p2a: Mandibuzz
|-status|p2a: Mandibuzz|par
|move|p2a: Mandibuzz|Foul Play|p1a: Gholdengo
|-supereffective|p1a: Gholdengo
|-damage|p1a: Gholdengo|66/100
|-enditem|p1a: Gholdengo|Air Balloon
|
|upkeep
|turn|38
|
|t:|1769414796
|switch|p2a: Iron Hands|Iron Hands|34/100
|-damage|p2a: Iron Hands|27/100|[from] Stealth Rock
|move|p1a: Gholdengo|Recover|p1a: Gholdengo
|-heal|p1a: Gholdengo|100/100
|
|upkeep
|turn|39
|
|t:|1769414808
|move|p1a: Gholdengo|Hex|p2a: Iron Hands
|-damage|p2a: Iron Hands|3/100
|move|p2a: Iron Hands|Earthquake|p1a: Gholdengo
|-supereffective|p1a: Gholdengo
|-damage|p1a: Gholdengo|44/100
|
|upkeep
|turn|40
|
|t:|1769414815
|move|p1a: Gholdengo|Hex|p2a: Iron Hands
|-damage|p2a: Iron Hands|0 fnt
|faint|p2a: Iron Hands
|-end|p2a: Iron Hands|Quark Drive|[silent]
|
|upkeep
|
|t:|1769414822
|switch|p2a: Dragapult|Dragapult, F, tera:Ghost|76/100
|-damage|p2a: Dragapult|64/100|[from] Stealth Rock
|turn|41
|
|t:|1769414827
|switch|p1a: Ting-Lu|Ting-Lu|59/100
|-damage|p1a: Ting-Lu|53/100|[from] Stealth Rock
|-ability|p1a: Ting-Lu|Vessel of Ruin
|move|p2a: Dragapult|Tera Blast|p1a: Ting-Lu|[anim] Tera Blast Ghost
|-resisted|p1a: Ting-Lu
|-damage|p1a: Ting-Lu|30/100
|
|-heal|p1a: Ting-Lu|36/100|[from] item: Leftovers
|upkeep
|turn|42
|
|t:|1769414836
|switch|p2a: Landorus|Landorus-Therian, M|44/100
|-damage|p2a: Landorus|32/100|[from] Stealth Rock
|-ability|p2a: Landorus|Intimidate|boost
|-unboost|p1a: Ting-Lu|atk|1
|move|p1a: Ting-Lu|Whirlwind|p2a: Landorus
|drag|p2a: Dragapult|Dragapult, F, tera:Ghost|64/100
|-damage|p2a: Dragapult|51/100|[from] Stealth Rock
|
|-heal|p1a: Ting-Lu|43/100|[from] item: Leftovers
|upkeep
|turn|43
|
|t:|1769414840
|move|p2a: Dragapult|Dragon Darts|p1a: Ting-Lu
|-damage|p1a: Ting-Lu|22/100
|-anim|p2a: Dragapult|Dragon Darts|p1a: Ting-Lu
|-damage|p1a: Ting-Lu|1/100
|move|p1a: Ting-Lu|Whirlwind|p2a: Dragapult
|drag|p2a: Garganacl|Garganacl, F|94/100
|-damage|p2a: Garganacl|82/100|[from] Stealth Rock
|
|-heal|p1a: Ting-Lu|8/100|[from] item: Leftovers
|-heal|p2a: Garganacl|88/100|[from] item: Leftovers
|upkeep
|turn|44
|
|t:|1769414845
|move|p1a: Ting-Lu|Earthquake|p2a: Garganacl
|-supereffective|p2a: Garganacl
|-damage|p2a: Garganacl|56/100
|move|p2a: Garganacl|Body Press|p1a: Ting-Lu
|-supereffective|p1a: Ting-Lu
|-damage|p1a: Ting-Lu|0 fnt
|faint|p1a: Ting-Lu
|
|-heal|p2a: Garganacl|62/100|[from] item: Leftovers
|upkeep
|
|t:|1769414849
|switch|p1a: Gholdengo|Gholdengo|44/100
|-damage|p1a: Gholdengo|38/100|[from] Stealth Rock
|turn|45
|
|t:|1769414851
|move|p1a: Gholdengo|Make It Rain|p2a: Garganacl
|-supereffective|p2a: Garganacl
|-damage|p2a: Garganacl|0 fnt
|-unboost|p1a: Gholdengo|spa|1
|faint|p2a: Garganacl
|
|upkeep
|
|t:|1769414856
|switch|p2a: Dragapult|Dragapult, F, tera:Ghost|51/100
|-damage|p2a: Dragapult|39/100|[from] Stealth Rock
|turn|46
|
|t:|1769414861
|move|p2a: Dragapult|U-turn|p1a: Gholdengo
|-resisted|p1a: Gholdengo
|-damage|p1a: Gholdengo|33/100
|
|t:|1769414864
|switch|p2a: Mandibuzz|Mandibuzz, F|100/100 par|[from] U-turn
|move|p1a: Gholdengo|Thunder Wave|p2a: Mandibuzz
|-fail|p2a: Mandibuzz|par
|
|upkeep
|turn|47
|
|t:|1769414869
|move|p1a: Gholdengo|Recover|p1a: Gholdengo
|-heal|p1a: Gholdengo|83/100
|move|p2a: Mandibuzz|Foul Play|p1a: Gholdengo
|-supereffective|p1a: Gholdengo
|-damage|p1a: Gholdengo|53/100
|
|upkeep
|turn|48
|
|t:|1769414877
|move|p1a: Gholdengo|Recover|p1a: Gholdengo
|-heal|p1a: Gholdengo|100/100
|move|p2a: Mandibuzz|Foul Play|p1a: Gholdengo
|-supereffective|p1a: Gholdengo
|-damage|p1a: Gholdengo|73/100
|
|upkeep
|turn|49
|
|t:|1769414880
|move|p1a: Gholdengo|Hex|p2a: Mandibuzz
|-resisted|p2a: Mandibuzz
|-damage|p2a: Mandibuzz|86/100 par
|cant|p2a: Mandibuzz|par
|
|upkeep
|turn|50
|
|t:|1769414883
|move|p1a: Gholdengo|Hex|p2a: Mandibuzz
|-resisted|p2a: Mandibuzz
|-damage|p2a: Mandibuzz|70/100 par
|cant|p2a: Mandibuzz|par
|
|upkeep
|turn|51
|
|t:|1769414886
|move|p1a: Gholdengo|Hex|p2a: Mandibuzz
|-resisted|p2a: Mandibuzz
|-damage|p2a: Mandibuzz|54/100 par
|move|p2a: Mandibuzz|Roost|p2a: Mandibuzz
|-heal|p2a: Mandibuzz|100/100 par
|-singleturn|p2a: Mandibuzz|move: Roost
|
|upkeep
|turn|52
|
|t:|1769414898
|move|p1a: Gholdengo|Make It Rain|p2a: Mandibuzz
|-damage|p2a: Mandibuzz|73/100 par
|-unboost|p1a: Gholdengo|spa|1
|move|p2a: Mandibuzz|Foul Play|p1a: Gholdengo
|-supereffective|p1a: Gholdengo
|-damage|p1a: Gholdengo|45/100
|
|upkeep
|turn|53
|
|t:|1769414901
|move|p1a: Gholdengo|Recover|p1a: Gholdengo
|-heal|p1a: Gholdengo|95/100
|move|p2a: Mandibuzz|Foul Play|p1a: Gholdengo
|-supereffective|p1a: Gholdengo
|-damage|p1a: Gholdengo|70/100
|
|upkeep
|turn|54
|
|t:|1769414904
|switch|p1a: Dragonite|Dragonite, M|100/100
|move|p2a: Mandibuzz|Foul Play|p1a: Dragonite
|-damage|p1a: Dragonite|74/100
|
|upkeep
|turn|55
|
|t:|1769414909
|cant|p2a: Mandibuzz|par
|move|p1a: Dragonite|Dragon Tail|p2a: Mandibuzz
|-damage|p2a: Mandibuzz|53/100 par
|drag|p2a: Landorus|Landorus-Therian, M|32/100
|-damage|p2a: Landorus|20/100|[from] Stealth Rock
|-ability|p2a: Landorus|Intimidate|boost
|-unboost|p1a: Dragonite|atk|1
|
|upkeep
|turn|56
|
|t:|1769414917
|move|p2a: Landorus|Stone Edge|p1a: Dragonite
|-supereffective|p1a: Dragonite
|-damage|p1a: Dragonite|0 fnt
|faint|p1a: Dragonite
|
|upkeep
|
|t:|1769414920
|switch|p1a: Gholdengo|Gholdengo|70/100
|-damage|p1a: Gholdengo|63/100|[from] Stealth Rock
|turn|57
|
|t:|1769414923
|move|p2a: Landorus|Stone Edge|p1a: Gholdengo
|-resisted|p1a: Gholdengo
|-damage|p1a: Gholdengo|50/100
|move|p1a: Gholdengo|Hex|p2a: Landorus
|-damage|p2a: Landorus|0 fnt
|faint|p2a: Landorus
|
|upkeep
|
|t:|1769414925
|switch|p2a: Dragapult|Dragapult, F, tera:Ghost|39/100
|-damage|p2a: Dragapult|27/100|[from] Stealth Rock
|turn|58
|
|t:|1769414931
|-terastallize|p1a: Gholdengo|Fairy
|move|p2a: Dragapult|Tera Blast|p1a: Gholdengo|[anim] Tera Blast Ghost
|-damage|p1a: Gholdengo|0 fnt
|faint|p1a: Gholdengo
|
|win|Phillip Blevin
|raw|slash#4700's rating: 1456 &rarr; <strong>1435</strong><br />(-21 for losing)
|raw|Phillip Blevin's rating: 1437 &rarr; <strong>1458</strong><br />(+21 for winning)
|l|☆slash#4700
|player|p1|
|l|☆Phillip Blevin
|player|p2|
