|j|☆tommytt22
|j|☆APAkshan
|t:|1769341695
|gametype|singles
|player|p1|tommytt22|2|1498
|player|p2|APAkshan|266|1502
|gen|9
|tier|[Gen 9] OU
|rated|
|rule|HP Percentage Mod: HP is shown in percentages
|rule|Endless Battle Clause: Forcing endless battles is banned
|rule|Species Clause: Limit one of each Pokémon
|rule|OHKO Clause: OHKO moves are banned
|rule|Evasion Items Clause: Evasion items are banned
|rule|Evasion Moves Clause: Evasion moves are banned
|rule|Evasion Abilities Clause: Evasion abilities are banned
|rule|Sleep Moves Clause: Sleep-inducing moves are banned
|clearpoke
|poke|p1|Amoonguss, F|
|poke|p1|Bronzong|
|poke|p1|Samurott-Hisui, F|
|poke|p1|Cinderace, F|
|poke|p1|Skeledirge, M|
|poke|p1|Gliscor, F|
|poke|p2|Ceruledge, M|
|poke|p2|Kingambit, M|
|poke|p2|Iron Valiant|
|poke|p2|Enamorus, F|
|poke|p2|Raging Bolt|
|poke|p2|Ribombee, F|
|teampreview
|inactive|Battle timer is ON: inactive players will automatically lose when time's up. (requested by APAkshan)
|
|t:|1769341706
|teamsize|p1|6
|teamsize|p2|6
|start
|switch|p1a: Amoonguss|Amoonguss, F|100/100
|switch|p2a: Miraidon 2|Raging Bolt|100/100
|turn|1
|
|t:|1769341712
|move|p2a: Miraidon 2|Draco Meteor|p1a: Amoonguss|[miss]
|-miss|p2a: Miraidon 2|p1a: Amoonguss
|move|p1a: Amoonguss|Sludge Bomb|p2a: Miraidon 2
|-damage|p2a: Miraidon 2|74/100
|-status|p2a: Miraidon 2|psn
|
|-damage|p2a: Miraidon 2|62/100 psn|[from] psn
|upkeep
|turn|2
|
|t:|1769341720
|switch|p1a: Gliscor|Gliscor, F|100/100
|move|p2a: Miraidon 2|Draco Meteor|p1a: Gliscor
|-damage|p1a: Gliscor|20/100
|-unboost|p2a: Miraidon 2|spa|2
|
|-damage|p2a: Miraidon 2|50/100 psn|[from] psn
|-status|p1a: Gliscor|tox|[from] item: Toxic Orb
|upkeep
|turn|3
|
|t:|1769341729
|move|p1a: Gliscor|Protect|p1a: Gliscor
|-singleturn|p1a: Gliscor|Protect
|move|p2a: Miraidon 2|Draco Meteor|p1a: Gliscor
|-activate|p1a: Gliscor|move: Protect
|
|-damage|p2a: Miraidon 2|38/100 psn|[from] psn
|-heal|p1a: Gliscor|32/100 tox|[from] ability: Poison Heal
|upkeep
|turn|4
|
|t:|1769341738
|switch|p1a: Bronzong|Bronzong|100/100
|move|p2a: Miraidon 2|Draco Meteor|p1a: Bronzong
|-resisted|p1a: Bronzong
|-damage|p1a: Bronzong|77/100
|-unboost|p2a: Miraidon 2|spa|2
|
|-heal|p1a: Bronzong|83/100|[from] item: Leftovers
|-damage|p2a: Miraidon 2|25/100 psn|[from] psn
|upkeep
|turn|5
|
|t:|1769341746
|-end|p2a: Miraidon 2|Protosynthesis|[silent]
|switch|p2a: Ceruledge|Ceruledge, M|100/100
|-item|p2a: Ceruledge|Air Balloon
|move|p1a: Bronzong|Stealth Rock|p2a: Ceruledge
|-sidestart|p2: APAkshan|move: Stealth Rock
|
|-heal|p1a: Bronzong|90/100|[from] item: Leftovers
|upkeep
|turn|6
|
|t:|1769341760
|move|p2a: Ceruledge|Bulk Up|p2a: Ceruledge
|-boost|p2a: Ceruledge|atk|1
|-boost|p2a: Ceruledge|def|1
|move|p1a: Bronzong|Psychic Noise|p2a: Ceruledge
|-damage|p2a: Ceruledge|75/100
|-start|p2a: Ceruledge|move: Heal Block
|-enditem|p2a: Ceruledge|Air Balloon
|
|-heal|p1a: Bronzong|96/100|[from] item: Leftovers
|upkeep
|turn|7
|
|t:|1769341768
|switch|p1a: Samurott|Samurott-Hisui, F|100/100
|move|p2a: Ceruledge|Poltergeist|p1a: Samurott
|-activate|p1a: Samurott|move: Poltergeist|Assault Vest
|-resisted|p1a: Samurott
|-damage|p1a: Samurott|47/100
|
|-end|p2a: Ceruledge|move: Heal Block
|upkeep
|turn|8
|
|t:|1769341777
|-terastallize|p2a: Ceruledge|Steel
|move|p2a: Ceruledge|Bitter Blade|p1a: Samurott
|-resisted|p1a: Samurott
|-damage|p1a: Samurott|0 fnt
|-heal|p2a: Ceruledge|100/100|[from] drain|[of] p1a: Samurott
|faint|p1a: Samurott
|
|upkeep
|
|t:|1769341800
|switch|p1a: Bronzong|Bronzong|96/100
|turn|9
|
|t:|1769341807
|-terastallize|p1a: Bronzong|Fairy
|move|p2a: Ceruledge|Bulk Up|p2a: Ceruledge
|-boost|p2a: Ceruledge|atk|1
|-boost|p2a: Ceruledge|def|1
|move|p1a: Bronzong|Body Press|p2a: Ceruledge
|-supereffective|p2a: Ceruledge
|-damage|p2a: Ceruledge|63/100
|
|-heal|p1a: Bronzong|100/100|[from] item: Leftovers
|upkeep
|turn|10
|
|t:|1769341812
|move|p2a: Ceruledge|Bitter Blade|p1a: Bronzong
|-damage|p1a: Bronzong|42/100
|-heal|p2a: Ceruledge|97/100|[from] drain|[of] p1a: Bronzong
|move|p1a: Bronzong|Body Press|p2a: Ceruledge
|-supereffective|p2a: Ceruledge
|-damage|p2a: Ceruledge|58/100
|
|-heal|p1a: Bronzong|48/100|[from] item: Leftovers
|upkeep
|turn|11
|
|t:|1769341816
|move|p2a: Ceruledge|Bitter Blade|p1a: Bronzong
|-damage|p1a: Bronzong|0 fnt
|-heal|p2a: Ceruledge|86/100|[from] drain|[of] p1a: Bronzong
|faint|p1a: Bronzong
|
|upkeep
|
|t:|1769341821
|switch|p1a: Skeledirge|Skeledirge, M|100/100
|turn|12
|
|t:|1769341826
|move|p2a: Ceruledge|Poltergeist|p1a: Skeledirge
|-activate|p1a: Skeledirge|move: Poltergeist|Heavy-Duty Boots
|-supereffective|p1a: Skeledirge
|-damage|p1a: Skeledirge|20/100
|move|p1a: Skeledirge|Shadow Ball|p2a: Ceruledge
|-damage|p2a: Ceruledge|53/100
|-unboost|p2a: Ceruledge|spd|1
|
|upkeep
|turn|13
|-message|tommytt22 forfeited.
|
|win|APAkshan
|raw|tommytt22's rating: 1498 &rarr; <strong>1478</strong><br />(-20 for losing)
|raw|APAkshan's rating: 1502 &rarr; <strong>1522</strong><br />(+20 for winning)
|l|☆tommytt22
|player|p1|
|l|☆APAkshan
|player|p2|
