|badge|p2|bronze|gen9ou|100-8
|uhtml|medal-msg|<div class="broadcast-blue">Curious what those medals under the avatar are? PS now has Ladder Seasons! For more information, check out the <a href="https://www.smogon.com/forums/threads/3740067/">thread on Smogon.</a></div>
|j|☆scribeofrevocis
|j|☆Acastillo631
|t:|1769394605
|gametype|singles
|player|p1|scribeofrevocis|gardenia|1757
|player|p2|Acastillo631|silver|1930
|gen|9
|tier|[Gen 9] OU
|rated|
|rule|HP Percentage Mod: HP is shown in percentages
|rule|Endless Battle Clause: Forcing endless battles is banned
|rule|Species Clause: Limit one of each Pokémon
|rule|OHKO Clause: OHKO moves are banned
|rule|Evasion Items Clause: Evasion items are banned
|rule|Evasion Moves Clause: Evasion moves are banned
|rule|Evasion Abilities Clause: Evasion abilities are banned
|rule|Sleep Moves Clause: Sleep-inducing moves are banned
|clearpoke
|poke|p1|Iron Crown|
|poke|p1|Cinderace, M|
|poke|p1|Landorus-Therian, M|
|poke|p1|Ogerpon-Wellspring, F|
|poke|p1|Dragapult, F|
|poke|p1|Kingambit, M|
|poke|p2|Iron Valiant|
|poke|p2|Sinistcha|
|poke|p2|Tyranitar, M|
|poke|p2|Keldeo-Resolute|
|poke|p2|Iron Treads|
|poke|p2|Klefki, F|
|teampreview
|inactive|Battle timer is ON: inactive players will automatically lose when time's up. (requested by scribeofrevocis)
|
|t:|1769394642
|teamsize|p1|6
|teamsize|p2|6
|start
|switch|p1a: Triassic Triangle|Dragapult, F|100/100
|switch|p2a: Redips|Klefki, F|100/100
|turn|1
|
|t:|1769394646
|switch|p1a: El Gambito|Kingambit, M|100/100
|move|p2a: Redips|Thunder Wave|p1a: El Gambito
|-hint|Since gen 7, Dark is immune to Prankster moves.
|-immune|p1a: El Gambito
|
|upkeep
|turn|2
|j| Malintent
|
|t:|1769394675
|move|p2a: Redips|Spikes|p1a: El Gambito
|-sidestart|p1: scribeofrevocis|Spikes
|move|p1a: El Gambito|Iron Head|p2a: Redips
|-damage|p2a: Redips|62/100
|-damage|p1a: El Gambito|84/100|[from] item: Rocky Helmet|[of] p2a: Redips
|
|upkeep
|turn|3
|
|t:|1769394681
|move|p2a: Redips|Dazzling Gleam|p1a: El Gambito
|-damage|p1a: El Gambito|57/100
|move|p1a: El Gambito|Swords Dance|p1a: El Gambito
|-boost|p1a: El Gambito|atk|2
|
|upkeep
|turn|4
|
|t:|1769394688
|switch|p2a: Spiral Pegasus|Keldeo-Resolute|100/100
|move|p1a: El Gambito|Iron Head|p2a: Spiral Pegasus
|-resisted|p2a: Spiral Pegasus
|-damage|p2a: Spiral Pegasus|42/100
|
|upkeep
|turn|5
|
|t:|1769394693
|-end|p1a: El Gambito|fallenundefined|[silent]
|switch|p1a: Triassic Triangle|Dragapult, F|100/100
|move|p2a: Spiral Pegasus|Vacuum Wave|p1a: Triassic Triangle
|-immune|p1a: Triassic Triangle
|
|upkeep
|turn|6
|j| lyj174
|
|t:|1769394698
|switch|p2a: Eregion|Tyranitar, M|100/100
|-weather|Sandstorm|[from] ability: Sand Stream|[of] p2a: Eregion
|move|p1a: Triassic Triangle|U-turn|p2a: Eregion
|-supereffective|p2a: Eregion
|-damage|p2a: Eregion|70/100
|
|t:|1769394705
|switch|p1a: Leaf|Ogerpon-Wellspring, F|100/100|[from] U-turn
|-damage|p1a: Leaf|88/100|[from] Spikes
|
|-weather|Sandstorm|[upkeep]
|-damage|p1a: Leaf|82/100|[from] Sandstorm
|-heal|p2a: Eregion|76/100|[from] item: Leftovers
|upkeep
|turn|7
|j| sagdomz2
|
|t:|1769394718
|switch|p2a: Wire Sponge|Sinistcha|100/100
|move|p1a: Leaf|Knock Off|p2a: Wire Sponge
|-supereffective|p2a: Wire Sponge
|-crit|p2a: Wire Sponge
|-damage|p2a: Wire Sponge|17/100
|-enditem|p2a: Wire Sponge|Heavy-Duty Boots|[from] move: Knock Off|[of] p1a: Leaf
|
|-weather|Sandstorm|[upkeep]
|-damage|p1a: Leaf|76/100|[from] Sandstorm
|-damage|p2a: Wire Sponge|11/100|[from] Sandstorm
|upkeep
|turn|8
|
|t:|1769394725
|move|p1a: Leaf|U-turn|p2a: Wire Sponge
|-damage|p2a: Wire Sponge|0 fnt
|faint|p2a: Wire Sponge
|
|t:|1769394731
|switch|p1a: Triple T|Landorus-Therian, M|100/100|[from] U-turn
|
|-weather|Sandstorm|[upkeep]
|upkeep
|
|t:|1769394744
|switch|p2a: Armored Armadillo|Iron Treads|100/100
|-item|p2a: Armored Armadillo|Air Balloon
|turn|9
|
|t:|1769394750
|move|p2a: Armored Armadillo|Knock Off|p1a: Triple T
|-crit|p1a: Triple T
|-damage|p1a: Triple T|54/100
|-damage|p2a: Armored Armadillo|84/100|[from] item: Rocky Helmet|[of] p1a: Triple T
|-enditem|p1a: Triple T|Rocky Helmet|[from] move: Knock Off|[of] p2a: Armored Armadillo
|move|p1a: Triple T|U-turn|p2a: Armored Armadillo
|-resisted|p2a: Armored Armadillo
|-damage|p2a: Armored Armadillo|75/100
|-enditem|p2a: Armored Armadillo|Air Balloon
|
|t:|1769394756
|switch|p1a: Leaf|Ogerpon-Wellspring, F|76/100|[from] U-turn
|-damage|p1a: Leaf|64/100|[from] Spikes
|
|-weather|Sandstorm|[upkeep]
|-damage|p1a: Leaf|58/100|[from] Sandstorm
|upkeep
|turn|10
|
|t:|1769394771
|-end|p2a: Armored Armadillo|Quark Drive|[silent]
|switch|p2a: Redips|Klefki, F|62/100
|move|p1a: Leaf|Ivy Cudgel|p2a: Redips|[anim] Ivy Cudgel Water
|-damage|p2a: Redips|14/100
|
|-weather|none
|upkeep
|turn|11
|
|t:|1769394775
|switch|p1a: Triple T|Landorus-Therian, M|54/100
|-ability|p1a: Triple T|Intimidate|boost
|-unboost|p2a: Redips|atk|1
|move|p2a: Redips|Thunder Wave|p1a: Triple T
|-immune|p1a: Triple T
|
|upkeep
|turn|12
|
|t:|1769394780
|move|p2a: Redips|Spikes|p1a: Triple T
|-sidestart|p1: scribeofrevocis|Spikes
|move|p1a: Triple T|Earth Power|p2a: Redips
|-supereffective|p2a: Redips
|-damage|p2a: Redips|0 fnt
|faint|p2a: Redips
|
|upkeep
|
|t:|1769394785
|switch|p2a: Spiral Pegasus|Keldeo-Resolute|42/100
|turn|13
|
|t:|1769394804
|move|p2a: Spiral Pegasus|Secret Sword|p1a: Triple T
|-resisted|p1a: Triple T
|-damage|p1a: Triple T|34/100
|move|p1a: Triple T|Earth Power|p2a: Spiral Pegasus
|-damage|p2a: Spiral Pegasus|7/100
|
|upkeep
|turn|14
|
|t:|1769394808
|move|p2a: Spiral Pegasus|Secret Sword|p1a: Triple T
|-resisted|p1a: Triple T
|-damage|p1a: Triple T|15/100
|move|p1a: Triple T|U-turn|p2a: Spiral Pegasus
|-resisted|p2a: Spiral Pegasus
|-damage|p2a: Spiral Pegasus|0 fnt
|faint|p2a: Spiral Pegasus
|
|t:|1769394812
|switch|p1a: Ace|Cinderace, M|100/100|[from] U-turn
|
|upkeep
|
|t:|1769394823
|switch|p2a: Sage Harpuia|Iron Valiant|100/100
|-enditem|p2a: Sage Harpuia|Booster Energy
|-activate|p2a: Sage Harpuia|ability: Quark Drive|[fromitem]
|-start|p2a: Sage Harpuia|quarkdrivespe
|turn|15
|
|t:|1769394825
|move|p2a: Sage Harpuia|Moonblast|p1a: Ace
|-resisted|p1a: Ace
|-damage|p1a: Ace|70/100
|move|p1a: Ace|Pyro Ball|p2a: Sage Harpuia
|-damage|p2a: Sage Harpuia|36/100
|
|upkeep
|turn|16
|
|t:|1769394829
|move|p2a: Sage Harpuia|Close Combat|p1a: Ace
|-damage|p1a: Ace|6/100
|-unboost|p2a: Sage Harpuia|def|1
|-unboost|p2a: Sage Harpuia|spd|1
|move|p1a: Ace|Court Change|p1a: Ace
|-swapsideconditions
|-activate|p1a: Ace|move: Court Change
|
|upkeep
|turn|17
|
|t:|1769394832
|move|p2a: Sage Harpuia|Moonblast|p1a: Ace
|-resisted|p1a: Ace
|-damage|p1a: Ace|0 fnt
|faint|p1a: Ace
|
|upkeep
|
|t:|1769394833
|switch|p1a: Plastic Trees|Iron Crown|100/100
|turn|18
|
|t:|1769394856
|move|p2a: Sage Harpuia|Destiny Bond|p2a: Sage Harpuia
|-singlemove|p2a: Sage Harpuia|Destiny Bond
|move|p1a: Plastic Trees|Tachyon Cutter|p2a: Sage Harpuia
|-supereffective|p2a: Sage Harpuia
|-damage|p2a: Sage Harpuia|0 fnt
|faint|p2a: Sage Harpuia
|-activate|p2a: Sage Harpuia|move: Destiny Bond
|-end|p2a: Sage Harpuia|Quark Drive|[silent]
|faint|p1a: Plastic Trees
|-end|p1a: Plastic Trees|Quark Drive|[silent]
|-hitcount|p2: Sage Harpuia|1
|
|upkeep
|-message|Acastillo631 forfeited.
|
|win|scribeofrevocis
|raw|scribeofrevocis's rating: 1757 &rarr; <strong>1786</strong><br />(+29 for winning)
|raw|Acastillo631's rating: 1930 &rarr; <strong>1901</strong><br />(-29 for losing)
|l|☆Acastillo631
|player|p2|
|l| lyj174
|l|☆scribeofrevocis
|player|p1|
|j|☆scribeofrevocis
|player|p1|scribeofrevocis|gardenia|
