|j|☆Noraa J Simpson
|j|☆Saxymarsh
|t:|1769383301
|gametype|singles
|player|p1|Noraa J Simpson|silver|1276
|player|p2|Saxymarsh|norman|1306
|gen|9
|tier|[Gen 9] OU
|rated|
|rule|HP Percentage Mod: HP is shown in percentages
|rule|Endless Battle Clause: Forcing endless battles is banned
|rule|Species Clause: Limit one of each Pokémon
|rule|OHKO Clause: OHKO moves are banned
|rule|Evasion Items Clause: Evasion items are banned
|rule|Evasion Moves Clause: Evasion moves are banned
|rule|Evasion Abilities Clause: Evasion abilities are banned
|rule|Sleep Moves Clause: Sleep-inducing moves are banned
|clearpoke
|poke|p1|Dragapult, F|
|poke|p1|Scizor, F|
|poke|p1|Clodsire, F|
|poke|p1|Gastrodon-East, M|
|poke|p1|Excadrill, F|
|poke|p1|Tyranitar, M|
|poke|p2|Landorus-Therian, M|
|poke|p2|Glimmora, M|
|poke|p2|Cinderace, F|
|poke|p2|Ogerpon-Wellspring, F|
|poke|p2|Pecharunt|
|poke|p2|Meowscarada, M|
|teampreview
|inactive|Battle timer is ON: inactive players will automatically lose when time's up. (requested by Saxymarsh)
|inactive|Saxymarsh has 120 seconds left.
|
|t:|1769383335
|teamsize|p1|6
|teamsize|p2|6
|start
|switch|p1a: Barroso|Clodsire, F, shiny|100/100
|switch|p2a: Ogerpon|Ogerpon-Wellspring, F|100/100
|turn|1
|
|t:|1769383359
|switch|p2a: Meowscarada|Meowscarada, M|100/100
|move|p1a: Barroso|Stealth Rock|p2a: Meowscarada
|-sidestart|p2: Saxymarsh|move: Stealth Rock
|
|upkeep
|turn|2
|
|t:|1769383369
|switch|p1a: Tenazas|Scizor, F|100/100
|move|p2a: Meowscarada|Triple Axel|p1a: Tenazas
|-start|p2a: Meowscarada|typechange|Ice|[from] ability: Protean
|-resisted|p1a: Tenazas
|-damage|p1a: Tenazas|96/100
|-resisted|p1a: Tenazas
|-damage|p1a: Tenazas|87/100
|-resisted|p1a: Tenazas
|-damage|p1a: Tenazas|72/100
|-hitcount|p1a: Tenazas|3
|
|upkeep
|turn|3
|
|t:|1769383389
|switch|p2a: Cinderace|Cinderace, F|100/100
|move|p1a: Tenazas|Bullet Punch|p2a: Cinderace
|-resisted|p2a: Cinderace
|-damage|p2a: Cinderace|78/100
|
|upkeep
|turn|4
|
|t:|1769383399
|switch|p1a: Rockzilla|Tyranitar, M|100/100
|-weather|Sandstorm|[from] ability: Sand Stream|[of] p1a: Rockzilla
|move|p2a: Cinderace|Court Change|p2a: Cinderace
|-start|p2a: Cinderace|typechange|Normal|[from] ability: Libero
|-swapsideconditions
|-activate|p2a: Cinderace|move: Court Change
|
|-weather|Sandstorm|[upkeep]
|-damage|p2a: Cinderace|72/100|[from] Sandstorm
|upkeep
|turn|5
|
|t:|1769383413
|move|p2a: Cinderace|U-turn|p1a: Rockzilla
|-supereffective|p1a: Rockzilla
|-damage|p1a: Rockzilla|57/100
|inactive|Saxymarsh has 120 seconds left.
|
|t:|1769383425
|switch|p2a: Meowscarada|Meowscarada, M|100/100|[from] U-turn
|move|p1a: Rockzilla|Dragon Dance|p1a: Rockzilla
|-boost|p1a: Rockzilla|atk|1
|-boost|p1a: Rockzilla|spe|1
|
|-weather|Sandstorm|[upkeep]
|-damage|p2a: Meowscarada|95/100|[from] Sandstorm
|upkeep
|turn|6
|inactive|Saxymarsh has 120 seconds left.
|
|t:|1769383435
|move|p2a: Meowscarada|Flower Trick|p1a: Rockzilla
|-start|p2a: Meowscarada|typechange|Grass|[from] ability: Protean
|-supereffective|p1a: Rockzilla
|-crit|p1a: Rockzilla
|-damage|p1a: Rockzilla|0 fnt
|faint|p1a: Rockzilla
|
|-weather|Sandstorm|[upkeep]
|-damage|p2a: Meowscarada|89/100|[from] Sandstorm
|upkeep
|
|t:|1769383440
|switch|p1a: Ironhide|Excadrill, F, shiny|100/100
|-damage|p1a: Ironhide|97/100|[from] Stealth Rock
|turn|7
|inactive|Saxymarsh has 120 seconds left.
|
|t:|1769383478
|switch|p2a: Cinderace|Cinderace, F|72/100
|move|p1a: Ironhide|Rapid Spin|p2a: Cinderace
|-damage|p2a: Cinderace|33/100
|-boost|p1a: Ironhide|spe|1
|-sideend|p1: Noraa J Simpson|Stealth Rock|[from] move: Rapid Spin|[of] p1a: Ironhide
|-damage|p1a: Ironhide|87/100|[from] item: Life Orb
|
|-weather|Sandstorm|[upkeep]
|-damage|p2a: Cinderace|27/100|[from] Sandstorm
|upkeep
|turn|8
|
|t:|1769383492
|move|p1a: Ironhide|Earthquake|p2a: Cinderace
|-supereffective|p2a: Cinderace
|-damage|p2a: Cinderace|0 fnt
|faint|p2a: Cinderace
|-damage|p1a: Ironhide|78/100|[from] item: Life Orb
|
|-weather|Sandstorm|[upkeep]
|upkeep
|
|t:|1769383505
|switch|p2a: Landorus|Landorus-Therian, M|100/100
|-ability|p2a: Landorus|Intimidate|boost
|-unboost|p1a: Ironhide|atk|1
|turn|9
|inactive|Saxymarsh has 90 seconds left.
|
|t:|1769383542
|switch|p1a: Tenazas|Scizor, F|72/100
|move|p2a: Landorus|U-turn|p1a: Tenazas
|-resisted|p1a: Tenazas
|-damage|p1a: Tenazas|61/100
|
|t:|1769383551
|switch|p2a: Pecharunt|Pecharunt|100/100|[from] U-turn
|
|-weather|Sandstorm|[upkeep]
|-damage|p2a: Pecharunt|94/100|[from] Sandstorm
|upkeep
|turn|10
|
|t:|1769383568
|-terastallize|p2a: Pecharunt|Ghost
|move|p2a: Pecharunt|Parting Shot|p1a: Tenazas
|-unboost|p1a: Tenazas|atk|1
|-unboost|p1a: Tenazas|spa|1
|
|t:|1769383575
|switch|p2a: Meowscarada|Meowscarada, M|89/100|[from] Parting Shot
|move|p1a: Tenazas|Knock Off|p2a: Meowscarada
|-resisted|p2a: Meowscarada
|-damage|p2a: Meowscarada|71/100
|-enditem|p2a: Meowscarada|Heavy-Duty Boots|[from] move: Knock Off|[of] p1a: Tenazas
|
|-weather|Sandstorm|[upkeep]
|-damage|p2a: Meowscarada|65/100|[from] Sandstorm
|upkeep
|turn|11
|
|t:|1769383588
|move|p2a: Meowscarada|Triple Axel|p1a: Tenazas
|-start|p2a: Meowscarada|typechange|Ice|[from] ability: Protean
|-resisted|p1a: Tenazas
|-damage|p1a: Tenazas|57/100
|-resisted|p1a: Tenazas
|-damage|p1a: Tenazas|48/100
|-resisted|p1a: Tenazas
|-damage|p1a: Tenazas|35/100
|-hitcount|p1a: Tenazas|3
|move|p1a: Tenazas|U-turn|p2a: Meowscarada
|-damage|p2a: Meowscarada|27/100
|
|t:|1769383598
|switch|p1a: Dragaputo|Dragapult, F, shiny|100/100|[from] U-turn
|
|-weather|none
|upkeep
|turn|12
|inactive|Saxymarsh has 60 seconds left.
|
|t:|1769383630
|switch|p2a: Glimmora|Glimmora, M|100/100
|move|p1a: Dragaputo|Dragon Darts|p2a: Glimmora
|-damage|p2a: Glimmora|76/100
|-anim|p1a: Dragaputo|Dragon Darts|p2a: Glimmora
|-damage|p2a: Glimmora|50/100
|
|upkeep
|turn|13
|
|t:|1769383641
|move|p1a: Dragaputo|Dragon Darts|p2a: Glimmora
|-damage|p2a: Glimmora|26/100
|-anim|p1a: Dragaputo|Dragon Darts|p2a: Glimmora
|-damage|p2a: Glimmora|0 fnt
|faint|p2a: Glimmora
|
|upkeep
|
|t:|1769383663
|switch|p2a: Ogerpon|Ogerpon-Wellspring, F|100/100
|turn|14
|
|t:|1769383668
|move|p1a: Dragaputo|Will-O-Wisp|p2a: Ogerpon
|-status|p2a: Ogerpon|brn
|move|p2a: Ogerpon|Play Rough|p1a: Dragaputo
|-supereffective|p1a: Dragaputo
|-damage|p1a: Dragaputo|46/100
|-enditem|p1a: Dragaputo|Sitrus Berry|[eat]
|-heal|p1a: Dragaputo|71/100|[from] item: Sitrus Berry
|
|-damage|p2a: Ogerpon|95/100 brn|[from] brn
|upkeep
|turn|15
|
|t:|1769383681
|move|p1a: Dragaputo|Hex|p2a: Ogerpon
|-damage|p2a: Ogerpon|40/100 brn
|move|p2a: Ogerpon|Trailblaze|p1a: Dragaputo
|-resisted|p1a: Dragaputo
|-damage|p1a: Dragaputo|60/100
|-boost|p2a: Ogerpon|spe|1
|
|-damage|p2a: Ogerpon|34/100 brn|[from] brn
|upkeep
|turn|16
|
|t:|1769383691
|move|p2a: Ogerpon|Play Rough|p1a: Dragaputo
|-supereffective|p1a: Dragaputo
|-damage|p1a: Dragaputo|5/100
|move|p1a: Dragaputo|Hex|p2a: Ogerpon
|-damage|p2a: Ogerpon|0 fnt
|faint|p2a: Ogerpon
|
|upkeep
|
|t:|1769383704
|switch|p2a: Landorus|Landorus-Therian, M|100/100
|-ability|p2a: Landorus|Intimidate|boost
|-fail|p1a: Dragaputo|unboost|[from] ability: Clear Body|[of] p1a: Dragaputo
|turn|17
|
|t:|1769383715
|move|p1a: Dragaputo|Will-O-Wisp|p2a: Landorus|[miss]
|-miss|p1a: Dragaputo|p2a: Landorus
|move|p2a: Landorus|Earth Power|p1a: Dragaputo
|-damage|p1a: Dragaputo|0 fnt
|faint|p1a: Dragaputo
|
|upkeep
|
|t:|1769383720
|switch|p1a: Babas|Gastrodon-East, M|100/100
|turn|18
|
|t:|1769383731
|move|p2a: Landorus|U-turn|p1a: Babas
|-damage|p1a: Babas|78/100
|-damage|p2a: Landorus|84/100|[from] item: Rocky Helmet|[of] p1a: Babas
|
|t:|1769383736
|switch|p2a: Pecharunt|Pecharunt, tera:Ghost|94/100|[from] U-turn
|move|p1a: Babas|Ice Beam|p2a: Pecharunt
|-damage|p2a: Pecharunt|65/100
|
|upkeep
|turn|19
|
|t:|1769383744
|move|p2a: Pecharunt|Malignant Chain|p1a: Babas
|-resisted|p1a: Babas
|-damage|p1a: Babas|62/100
|move|p1a: Babas|Hydro Pump|p2a: Pecharunt
|-damage|p2a: Pecharunt|16/100
|
|upkeep
|turn|20
|inactive|Saxymarsh has 60 seconds left.
|
|t:|1769383752
|move|p2a: Pecharunt|Recover|p2a: Pecharunt
|-heal|p2a: Pecharunt|66/100
|move|p1a: Babas|Recover|p1a: Babas
|-heal|p1a: Babas|100/100
|
|upkeep
|turn|21
|
|t:|1769383760
|move|p2a: Pecharunt|Malignant Chain|p1a: Babas
|-resisted|p1a: Babas
|-damage|p1a: Babas|85/100
|move|p1a: Babas|Earth Power|p2a: Pecharunt
|-damage|p2a: Pecharunt|26/100
|
|upkeep
|turn|22
|
|t:|1769383768
|move|p2a: Pecharunt|Recover|p2a: Pecharunt
|-heal|p2a: Pecharunt|76/100
|move|p1a: Babas|Hydro Pump|p2a: Pecharunt
|-damage|p2a: Pecharunt|24/100
|
|upkeep
|turn|23
|
|t:|1769383774
|move|p2a: Pecharunt|Recover|p2a: Pecharunt
|-heal|p2a: Pecharunt|74/100
|move|p1a: Babas|Hydro Pump|p2a: Pecharunt
|-damage|p2a: Pecharunt|25/100
|
|upkeep
|turn|24
|
|t:|1769383781
|move|p2a: Pecharunt|Parting Shot|p1a: Babas
|-unboost|p1a: Babas|atk|1
|-unboost|p1a: Babas|spa|1
|
|t:|1769383784
|switch|p2a: Meowscarada|Meowscarada, M|27/100|[from] Parting Shot
|move|p1a: Babas|Ice Beam|p2a: Meowscarada
|-supereffective|p2a: Meowscarada
|-damage|p2a: Meowscarada|0 fnt
|faint|p2a: Meowscarada
|
|upkeep
|
|t:|1769383796
|switch|p2a: Landorus|Landorus-Therian, M|84/100
|-ability|p2a: Landorus|Intimidate|boost
|-unboost|p1a: Babas|atk|1
|turn|25
|
|t:|1769383806
|switch|p1a: Barroso|Clodsire, F, shiny|100/100
|move|p2a: Landorus|U-turn|p1a: Barroso
|-resisted|p1a: Barroso
|-damage|p1a: Barroso|90/100
|
|t:|1769383812
|switch|p2a: Pecharunt|Pecharunt, tera:Ghost|25/100|[from] U-turn
|
|-heal|p1a: Barroso|96/100|[from] item: Black Sludge
|upkeep
|turn|26
|inactive|Saxymarsh has 90 seconds left.
|
|t:|1769383820
|move|p2a: Pecharunt|Recover|p2a: Pecharunt
|-heal|p2a: Pecharunt|75/100
|move|p1a: Barroso|Stealth Rock|p2a: Pecharunt
|-sidestart|p2: Saxymarsh|move: Stealth Rock
|
|-heal|p1a: Barroso|100/100|[from] item: Black Sludge
|upkeep
|turn|27
|
|t:|1769383829
|switch|p1a: Tenazas|Scizor, F|35/100
|move|p2a: Pecharunt|Parting Shot|p1a: Tenazas
|-unboost|p1a: Tenazas|atk|1
|-unboost|p1a: Tenazas|spa|1
|
|t:|1769383835
|switch|p2a: Landorus|Landorus-Therian, M|84/100|[from] Parting Shot
|-damage|p2a: Landorus|72/100|[from] Stealth Rock
|-ability|p2a: Landorus|Intimidate|boost
|-unboost|p1a: Tenazas|atk|1
|
|upkeep
|turn|28
|
|t:|1769383846
|switch|p1a: Barroso|Clodsire, F, shiny|100/100
|move|p2a: Landorus|Earth Power|p1a: Barroso
|-supereffective|p1a: Barroso
|-damage|p1a: Barroso|64/100
|
|-heal|p1a: Barroso|71/100|[from] item: Black Sludge
|upkeep
|turn|29
|
|t:|1769383854
|move|p2a: Landorus|Earth Power|p1a: Barroso
|-supereffective|p1a: Barroso
|-damage|p1a: Barroso|39/100
|move|p1a: Barroso|Gunk Shot|p2a: Landorus
|-resisted|p2a: Landorus
|-damage|p2a: Landorus|57/100
|
|-heal|p1a: Barroso|45/100|[from] item: Black Sludge
|upkeep
|turn|30
|
|t:|1769383863
|move|p2a: Landorus|Earth Power|p1a: Barroso
|-supereffective|p1a: Barroso
|-damage|p1a: Barroso|10/100
|move|p1a: Barroso|Gunk Shot|p2a: Landorus
|-resisted|p2a: Landorus
|-damage|p2a: Landorus|42/100
|
|-heal|p1a: Barroso|16/100|[from] item: Black Sludge
|upkeep
|turn|31
|
|t:|1769383872
|move|p2a: Landorus|Earth Power|p1a: Barroso
|-supereffective|p1a: Barroso
|-damage|p1a: Barroso|0 fnt
|faint|p1a: Barroso
|
|upkeep
|
|t:|1769383887
|switch|p1a: Babas|Gastrodon-East, M|85/100
|turn|32
|inactive|Saxymarsh has 120 seconds left.
|
|t:|1769383894
|move|p2a: Landorus|U-turn|p1a: Babas
|-damage|p1a: Babas|65/100
|-damage|p2a: Landorus|26/100|[from] item: Rocky Helmet|[of] p1a: Babas
|
|t:|1769383898
|switch|p2a: Pecharunt|Pecharunt, tera:Ghost|75/100|[from] U-turn
|-damage|p2a: Pecharunt|63/100|[from] Stealth Rock
|move|p1a: Babas|Ice Beam|p2a: Pecharunt
|-damage|p2a: Pecharunt|38/100
|
|upkeep
|turn|33
|
|t:|1769383908
|switch|p1a: Tenazas|Scizor, F|35/100
|move|p2a: Pecharunt|Recover|p2a: Pecharunt
|-heal|p2a: Pecharunt|88/100
|
|upkeep
|turn|34
|
|t:|1769383919
|move|p2a: Pecharunt|Hex|p1a: Tenazas
|-damage|p1a: Tenazas|14/100
|move|p1a: Tenazas|Knock Off|p2a: Pecharunt
|-supereffective|p2a: Pecharunt
|-damage|p2a: Pecharunt|53/100
|-damage|p1a: Tenazas|0 fnt|[from] item: Rocky Helmet|[of] p2a: Pecharunt
|faint|p1a: Tenazas
|
|upkeep
|
|t:|1769383934
|switch|p1a: Ironhide|Excadrill, F, shiny|78/100
|turn|35
|
|t:|1769383943
|move|p1a: Ironhide|Iron Head|p2a: Pecharunt
|-damage|p2a: Pecharunt|26/100
|-damage|p1a: Ironhide|61/100|[from] item: Rocky Helmet|[of] p2a: Pecharunt
|-damage|p1a: Ironhide|51/100|[from] item: Life Orb
|move|p2a: Pecharunt|Recover|p2a: Pecharunt
|-heal|p2a: Pecharunt|76/100
|
|upkeep
|turn|36
|
|t:|1769383956
|move|p1a: Ironhide|Earthquake|p2a: Pecharunt
|-damage|p2a: Pecharunt|43/100
|-damage|p1a: Ironhide|41/100|[from] item: Life Orb
|move|p2a: Pecharunt|Hex|p1a: Ironhide
|-damage|p1a: Ironhide|7/100
|
|upkeep
|turn|37
|
|t:|1769383970
|move|p1a: Ironhide|Earthquake|p2a: Pecharunt
|-damage|p2a: Pecharunt|5/100
|-damage|p1a: Ironhide|0 fnt|[from] item: Life Orb
|faint|p1a: Ironhide
|move|p2a: Pecharunt|Hex|p1: Ironhide|[notarget]
|-fail|p2a: Pecharunt
|
|upkeep
|
|t:|1769383976
|switch|p1a: Babas|Gastrodon-East, M|65/100
|turn|38
|
|t:|1769383980
|move|p2a: Pecharunt|Recover|p2a: Pecharunt
|-heal|p2a: Pecharunt|55/100
|move|p1a: Babas|Ice Beam|p2a: Pecharunt
|-damage|p2a: Pecharunt|28/100
|
|upkeep
|turn|39
|
|t:|1769383987
|move|p2a: Pecharunt|Recover|p2a: Pecharunt
|-heal|p2a: Pecharunt|78/100
|move|p1a: Babas|Recover|p1a: Babas
|-heal|p1a: Babas|100/100
|
|upkeep
|turn|40
|
|t:|1769383993
|move|p2a: Pecharunt|Malignant Chain|p1a: Babas
|-resisted|p1a: Babas
|-damage|p1a: Babas|87/100
|-status|p1a: Babas|tox
|-start|p1a: Babas|confusion|[from] ability: Poison Puppeteer|[of] p2a: Pecharunt
|-activate|p1a: Babas|confusion
|move|p1a: Babas|Hydro Pump|p2a: Pecharunt
|-damage|p2a: Pecharunt|24/100
|
|-damage|p1a: Babas|81/100 tox|[from] psn
|upkeep
|turn|41
|
|t:|1769384012
|move|p2a: Pecharunt|Parting Shot|p1a: Babas
|-unboost|p1a: Babas|atk|1
|-unboost|p1a: Babas|spa|1
|
|t:|1769384015
|switch|p2a: Landorus|Landorus-Therian, M|26/100|[from] Parting Shot
|-damage|p2a: Landorus|14/100|[from] Stealth Rock
|-ability|p2a: Landorus|Intimidate|boost
|-unboost|p1a: Babas|atk|1
|-end|p1a: Babas|confusion
|move|p1a: Babas|Hydro Pump|p2a: Landorus
|-supereffective|p2a: Landorus
|-damage|p2a: Landorus|0 fnt
|faint|p2a: Landorus
|
|-damage|p1a: Babas|68/100 tox|[from] psn
|upkeep
|
|t:|1769384030
|switch|p2a: Pecharunt|Pecharunt, tera:Ghost|24/100
|-damage|p2a: Pecharunt|12/100|[from] Stealth Rock
|turn|42
|
|t:|1769384037
|move|p2a: Pecharunt|Hex|p1a: Babas
|-damage|p1a: Babas|20/100 tox
|move|p1a: Babas|Earth Power|p2a: Pecharunt
|-damage|p2a: Pecharunt|0 fnt
|faint|p2a: Pecharunt
|
|win|Noraa J Simpson
|raw|Noraa J Simpson's rating: 1276 &rarr; <strong>1303</strong><br />(+27 for winning)
|raw|Saxymarsh's rating: 1306 &rarr; <strong>1284</strong><br />(-22 for losing)
|c|☆Noraa J Simpson|Good game
|c|☆Saxymarsh|gg
|l|☆Noraa J Simpson
|player|p1|
|l|☆Saxymarsh
|player|p2|
