|j|☆nicewarmb33r
|j|☆zazeraptor
|t:|1769396789
|gametype|singles
|player|p1|nicewarmb33r|101|1351
|player|p2|zazeraptor|miku-ghost|1382
|gen|9
|tier|[Gen 9] OU
|rated|
|rule|HP Percentage Mod: HP is shown in percentages
|rule|Endless Battle Clause: Forcing endless battles is banned
|rule|Species Clause: Limit one of each Pokémon
|rule|OHKO Clause: OHKO moves are banned
|rule|Evasion Items Clause: Evasion items are banned
|rule|Evasion Moves Clause: Evasion moves are banned
|rule|Evasion Abilities Clause: Evasion abilities are banned
|rule|Sleep Moves Clause: Sleep-inducing moves are banned
|clearpoke
|poke|p1|Rotom-Wash|
|poke|p1|Garganacl, M|
|poke|p1|Walking Wake|
|poke|p1|Corviknight, F|
|poke|p1|Clefable, F|
|poke|p1|Ninetales, F|
|poke|p2|Kingambit, M|
|poke|p2|Ogerpon-Cornerstone, F|
|poke|p2|Slowking-Galar, M|
|poke|p2|Enamorus, F|
|poke|p2|Corviknight, F|
|poke|p2|Great Tusk|
|teampreview
|inactive|Battle timer is ON: inactive players will automatically lose when time's up. (requested by zazeraptor)
|
|t:|1769396800
|teamsize|p1|6
|teamsize|p2|6
|start
|switch|p1a: Rotom|Rotom-Wash|100/100
|switch|p2a: Great Tusk|Great Tusk|100/100
|turn|1
|
|t:|1769396808
|-end|p2a: Great Tusk|Protosynthesis|[silent]
|switch|p2a: Slowking|Slowking-Galar, M|100/100
|move|p1a: Rotom|Will-O-Wisp|p2a: Slowking|[miss]
|-miss|p1a: Rotom|p2a: Slowking
|
|upkeep
|turn|2
|
|t:|1769396825
|move|p1a: Rotom|Will-O-Wisp|p2a: Slowking
|-status|p2a: Slowking|brn
|move|p2a: Slowking|Sludge Bomb|p1a: Rotom
|-damage|p1a: Rotom|55/100
|
|-damage|p2a: Slowking|94/100 brn|[from] brn
|upkeep
|turn|3
|
|t:|1769396842
|move|p1a: Rotom|Volt Switch|p2a: Slowking
|-crit|p2a: Slowking
|-damage|p2a: Slowking|73/100 brn
|
|t:|1769396847
|switch|p1a: Corviknight|Corviknight, F|100/100|[from] Volt Switch
|move|p2a: Slowking|Psychic Noise|p1a: Corviknight
|-resisted|p1a: Corviknight
|-damage|p1a: Corviknight|82/100
|-start|p1a: Corviknight|move: Heal Block
|
|-damage|p2a: Slowking|67/100 brn|[from] brn
|upkeep
|turn|4
|
|t:|1769396856
|move|p1a: Corviknight|Bulk Up|p1a: Corviknight
|-boost|p1a: Corviknight|atk|1
|-boost|p1a: Corviknight|def|1
|move|p2a: Slowking|Flamethrower|p1a: Corviknight
|-supereffective|p1a: Corviknight
|-damage|p1a: Corviknight|18/100
|
|-damage|p2a: Slowking|61/100 brn|[from] brn
|-end|p1a: Corviknight|move: Heal Block
|upkeep
|turn|5
|
|t:|1769396872
|move|p1a: Corviknight|Brave Bird|p2a: Slowking
|-damage|p2a: Slowking|0 fnt
|faint|p2a: Slowking
|-damage|p1a: Corviknight|1/100|[from] Recoil
|
|-heal|p1a: Corviknight|7/100|[from] item: Leftovers
|upkeep
|inactive|zazeraptor has 120 seconds left.
|
|t:|1769396901
|switch|p2a: Enamorus|Enamorus, F|100/100
|turn|6
|inactive|zazeraptor has 120 seconds left.
|
|t:|1769396915
|switch|p1a: Garganacl|Garganacl, M|100/100
|-item|p1a: Garganacl|Air Balloon
|move|p2a: Enamorus|Moonblast|p1a: Garganacl
|-damage|p1a: Garganacl|62/100
|-unboost|p1a: Garganacl|spa|1
|-enditem|p1a: Garganacl|Air Balloon
|
|upkeep
|turn|7
|
|t:|1769396925
|switch|p2a: Great Tusk|Great Tusk|100/100
|move|p1a: Garganacl|Salt Cure|p2a: Great Tusk
|-resisted|p2a: Great Tusk
|-damage|p2a: Great Tusk|98/100
|-start|p2a: Great Tusk|Salt Cure
|
|-damage|p2a: Great Tusk|86/100|[from] Salt Cure
|upkeep
|turn|8
|
|t:|1769396934
|switch|p1a: Rotom|Rotom-Wash|55/100
|move|p2a: Great Tusk|Stealth Rock|p1a: Rotom
|-sidestart|p1: nicewarmb33r|move: Stealth Rock
|
|-damage|p2a: Great Tusk|74/100|[from] Salt Cure
|upkeep
|turn|9
|
|t:|1769396945
|-end|p2a: Great Tusk|Protosynthesis|[silent]
|switch|p2a: Ogerpon|Ogerpon-Cornerstone, F|100/100
|move|p1a: Rotom|Will-O-Wisp|p2a: Ogerpon|[miss]
|-miss|p1a: Rotom|p2a: Ogerpon
|
|upkeep
|turn|10
|inactive|nicewarmb33r has 120 seconds left.
|
|t:|1769396979
|switch|p2a: Enamorus|Enamorus, F|100/100
|switch|p1a: Ninetales|Ninetales, F|100/100
|-weather|SunnyDay|[from] ability: Drought|[of] p1a: Ninetales
|
|-weather|SunnyDay|[upkeep]
|upkeep
|turn|11
|inactive|nicewarmb33r has 120 seconds left.
|
|t:|1769396992
|move|p2a: Enamorus|Moonblast|p1a: Ninetales
|-resisted|p1a: Ninetales
|-damage|p1a: Ninetales|75/100
|-unboost|p1a: Ninetales|spa|1
|move|p1a: Ninetales|Calm Mind|p1a: Ninetales
|-boost|p1a: Ninetales|spa|1
|-boost|p1a: Ninetales|spd|1
|
|-weather|SunnyDay|[upkeep]
|upkeep
|turn|12
|inactive|nicewarmb33r has 120 seconds left.
|
|t:|1769397007
|switch|p2a: Ogerpon|Ogerpon-Cornerstone, F|100/100
|move|p1a: Ninetales|Flamethrower|p2a: Ogerpon
|-damage|p2a: Ogerpon|51/100
|
|-weather|SunnyDay|[upkeep]
|upkeep
|turn|13
|inactive|nicewarmb33r has 120 seconds left.
|
|t:|1769397029
|-terastallize|p1a: Ninetales|Fire
|move|p2a: Ogerpon|Ivy Cudgel|p1a: Ninetales|[anim] Ivy Cudgel Rock
|-supereffective|p1a: Ninetales
|-damage|p1a: Ninetales|0 fnt
|faint|p1a: Ninetales
|
|-weather|SunnyDay|[upkeep]
|upkeep
|c|☆zazeraptor|why
|inactive|nicewarmb33r has 90 seconds left.
|c|☆nicewarmb33r|forgot the switch
|inactive|nicewarmb33r has 60 seconds left.
|
|t:|1769397090
|switch|p1a: Clefable|Clefable, F|100/100
|-damage|p1a: Clefable|88/100|[from] Stealth Rock
|turn|14
|c|☆zazeraptor|what switch
|
|t:|1769397102
|switch|p2a: Corviknight|Corviknight, F|100/100
|move|p1a: Clefable|Moonblast|p2a: Corviknight
|-resisted|p2a: Corviknight
|-crit|p2a: Corviknight
|-damage|p2a: Corviknight|68/100
|
|-weather|none
|upkeep
|turn|15
|
|t:|1769397114
|switch|p1a: Rotom|Rotom-Wash|55/100
|-damage|p1a: Rotom|43/100|[from] Stealth Rock
|-enditem|p1a: Rotom|Sitrus Berry|[eat]
|-heal|p1a: Rotom|68/100|[from] item: Sitrus Berry
|move|p2a: Corviknight|Roost|p2a: Corviknight
|-heal|p2a: Corviknight|100/100
|-singleturn|p2a: Corviknight|move: Roost
|
|upkeep
|turn|16
|
|t:|1769397123
|switch|p2a: Great Tusk|Great Tusk|74/100
|move|p1a: Rotom|Will-O-Wisp|p2a: Great Tusk
|-status|p2a: Great Tusk|brn
|
|-damage|p2a: Great Tusk|67/100 brn|[from] brn
|upkeep
|turn|17
|inactive|nicewarmb33r has 60 seconds left.
|
|t:|1769397137
|move|p2a: Great Tusk|Close Combat|p1a: Rotom
|-damage|p1a: Rotom|40/100
|-unboost|p2a: Great Tusk|def|1
|-unboost|p2a: Great Tusk|spd|1
|move|p1a: Rotom|Hydro Pump|p2a: Great Tusk|[miss]
|-miss|p1a: Rotom|p2a: Great Tusk
|
|-damage|p2a: Great Tusk|61/100 brn|[from] brn
|upkeep
|turn|18
|inactive|nicewarmb33r has 60 seconds left.
|
|t:|1769397152
|switch|p1a: Clefable|Clefable, F|88/100
|-damage|p1a: Clefable|76/100|[from] Stealth Rock
|move|p2a: Great Tusk|Close Combat|p1a: Clefable
|-resisted|p1a: Clefable
|-damage|p1a: Clefable|56/100
|-unboost|p2a: Great Tusk|def|1
|-unboost|p2a: Great Tusk|spd|1
|-damage|p2a: Great Tusk|45/100 brn|[from] item: Rocky Helmet|[of] p1a: Clefable
|
|-damage|p2a: Great Tusk|39/100 brn|[from] brn
|upkeep
|turn|19
|inactive|nicewarmb33r has 60 seconds left.
|
|t:|1769397168
|move|p2a: Great Tusk|Headlong Rush|p1a: Clefable
|-damage|p1a: Clefable|20/100
|-unboost|p2a: Great Tusk|def|1
|-unboost|p2a: Great Tusk|spd|1
|-damage|p2a: Great Tusk|22/100 brn|[from] item: Rocky Helmet|[of] p1a: Clefable
|move|p1a: Clefable|Stealth Rock|p2a: Great Tusk
|-sidestart|p2: zazeraptor|move: Stealth Rock
|
|-damage|p2a: Great Tusk|16/100 brn|[from] brn
|upkeep
|turn|20
|inactive|nicewarmb33r has 60 seconds left.
|
|t:|1769397179
|move|p2a: Great Tusk|Close Combat|p1a: Clefable
|-resisted|p1a: Clefable
|-damage|p1a: Clefable|1/100
|-unboost|p2a: Great Tusk|def|1
|-unboost|p2a: Great Tusk|spd|1
|-damage|p2a: Great Tusk|0 fnt|[from] item: Rocky Helmet|[of] p1a: Clefable
|faint|p2a: Great Tusk
|-end|p2a: Great Tusk|Protosynthesis|[silent]
|move|p1a: Clefable|Moonlight|p1a: Clefable
|-heal|p1a: Clefable|51/100
|
|upkeep
|
|t:|1769397189
|switch|p2a: Kingambit|Kingambit, M, shiny|100/100
|-damage|p2a: Kingambit|94/100|[from] Stealth Rock
|-activate|p2a: Kingambit|ability: Supreme Overlord
|-start|p2a: Kingambit|fallen2|[silent]
|turn|21
|inactive|nicewarmb33r has 60 seconds left.
|
|t:|1769397204
|switch|p1a: Garganacl|Garganacl, M|62/100
|-damage|p1a: Garganacl|50/100|[from] Stealth Rock
|move|p2a: Kingambit|Iron Head|p1a: Garganacl
|-supereffective|p1a: Garganacl
|-damage|p1a: Garganacl|0 fnt
|faint|p1a: Garganacl
|
|upkeep
|inactive|nicewarmb33r has 60 seconds left.
|
|t:|1769397213
|switch|p1a: Walking Wake|Walking Wake|100/100
|-damage|p1a: Walking Wake|88/100|[from] Stealth Rock
|turn|22
|
|t:|1769397221
|-end|p2a: Kingambit|fallen2|[silent]
|switch|p2a: Corviknight|Corviknight, F|100/100
|-damage|p2a: Corviknight|88/100|[from] Stealth Rock
|move|p1a: Walking Wake|Sunny Day|p1a: Walking Wake
|-weather|SunnyDay
|-activate|p1a: Walking Wake|ability: Protosynthesis
|-start|p1a: Walking Wake|protosynthesisspa
|
|-weather|SunnyDay|[upkeep]
|upkeep
|turn|23
|j| HIAFH
|
|t:|1769397233
|move|p1a: Walking Wake|Weather Ball|p2a: Corviknight
|-supereffective|p2a: Corviknight
|-damage|p2a: Corviknight|0 fnt
|faint|p2a: Corviknight
|
|-weather|SunnyDay|[upkeep]
|upkeep
|
|t:|1769397241
|switch|p2a: Enamorus|Enamorus, F|100/100
|-damage|p2a: Enamorus|76/100|[from] Stealth Rock
|turn|24
|
|t:|1769397251
|move|p2a: Enamorus|Moonblast|p1a: Walking Wake
|-supereffective|p1a: Walking Wake
|-damage|p1a: Walking Wake|0 fnt
|faint|p1a: Walking Wake
|-end|p1a: Walking Wake|Protosynthesis|[silent]
|
|-weather|SunnyDay|[upkeep]
|upkeep
|-message|nicewarmb33r forfeited.
|
|win|zazeraptor
|raw|nicewarmb33r's rating: 1351 &rarr; <strong>1333</strong><br />(-18 for losing)
|raw|zazeraptor's rating: 1382 &rarr; <strong>1400</strong><br />(+18 for winning)
|l|☆nicewarmb33r
|player|p1|
|l|☆zazeraptor
|player|p2|
