|badge|p1|bronze|gen9ou|100-8
|uhtml|medal-msg|<div class="broadcast-blue">Curious what those medals under the avatar are? PS now has Ladder Seasons! For more information, check out the <a href="https://www.smogon.com/forums/threads/3740067/">thread on Smogon.</a></div>
|j|☆Eel56
|j|‽machopped unc
|t:|1769406546
|gametype|singles
|player|p1|Eel56|1|1825
|player|p2|machopped unc|clown|1747
|gen|9
|tier|[Gen 9] OU
|rated|
|rule|HP Percentage Mod: HP is shown in percentages
|rule|Endless Battle Clause: Forcing endless battles is banned
|rule|Species Clause: Limit one of each Pokémon
|rule|OHKO Clause: OHKO moves are banned
|rule|Evasion Items Clause: Evasion items are banned
|rule|Evasion Moves Clause: Evasion moves are banned
|rule|Evasion Abilities Clause: Evasion abilities are banned
|rule|Sleep Moves Clause: Sleep-inducing moves are banned
|clearpoke
|poke|p1|Pecharunt|
|poke|p1|Kingambit, F|
|poke|p1|Volcanion|
|poke|p1|Iron Valiant|
|poke|p1|Landorus-Therian, M|
|poke|p1|Deoxys-Speed|
|poke|p2|Glimmora, M|
|poke|p2|Araquanid, M|
|poke|p2|Darkrai|
|poke|p2|Dragonite, M|
|poke|p2|Gholdengo|
|poke|p2|Great Tusk|
|teampreview
|inactive|Battle timer is ON: inactive players will automatically lose when time's up. (requested by machopped unc)
|
|t:|1769406577
|teamsize|p1|6
|teamsize|p2|6
|start
|switch|p1a: Volcanion|Volcanion|100/100
|switch|p2a: Darkrai|Darkrai|100/100
|turn|1
|
|t:|1769406588
|move|p2a: Darkrai|Dark Pulse|p1a: Volcanion
|-damage|p1a: Volcanion|50/100
|move|p1a: Volcanion|Steam Eruption|p2a: Darkrai
|-damage|p2a: Darkrai|20/100
|
|-heal|p1a: Volcanion|56/100|[from] item: Leftovers
|upkeep
|turn|2
|
|t:|1769406600
|move|p2a: Darkrai|Dark Pulse|p1a: Volcanion
|-damage|p1a: Volcanion|5/100
|move|p1a: Volcanion|Flamethrower|p2a: Darkrai
|-damage|p2a: Darkrai|0 fnt
|faint|p2a: Darkrai
|
|-heal|p1a: Volcanion|12/100|[from] item: Leftovers
|upkeep
|
|t:|1769406613
|switch|p2a: Glimmora|Glimmora, M|100/100
|turn|3
|j| Asrzzz
|
|t:|1769406620
|move|p2a: Glimmora|Meteor Beam||[still]
|-prepare|p2a: Glimmora|Meteor Beam
|-boost|p2a: Glimmora|spa|1
|-enditem|p2a: Glimmora|Power Herb
|-anim|p2a: Glimmora|Meteor Beam|p1a: Volcanion
|-supereffective|p1a: Volcanion
|-crit|p1a: Volcanion
|-damage|p1a: Volcanion|0 fnt
|faint|p1a: Volcanion
|
|upkeep
|j| Lvl Hexx
|
|t:|1769406631
|switch|p1a: Landorus|Landorus-Therian, M|100/100
|-ability|p1a: Landorus|Intimidate|boost
|-unboost|p2a: Glimmora|atk|1
|turn|4
|
|t:|1769406637
|switch|p2a: Araquanid|Araquanid, M|100/100
|move|p1a: Landorus|Earthquake|p2a: Araquanid
|-resisted|p2a: Araquanid
|-damage|p2a: Araquanid|75/100
|
|upkeep
|turn|5
|l| Lvl Hexx
|
|t:|1769406644
|move|p1a: Landorus|Taunt|p2a: Araquanid
|-start|p2a: Araquanid|move: Taunt
|cant|p2a: Araquanid|move: Taunt|Sticky Web
|
|upkeep
|turn|6
|
|t:|1769406650
|move|p1a: Landorus|U-turn|p2a: Araquanid
|-damage|p2a: Araquanid|52/100
|
|t:|1769406655
|switch|p1a: Kingambit|Kingambit, F|100/100|[from] U-turn
|-activate|p1a: Kingambit|ability: Supreme Overlord
|-start|p1a: Kingambit|fallen1|[silent]
|move|p2a: Araquanid|Surf|p1a: Kingambit
|-damage|p1a: Kingambit|39/100
|
|-heal|p1a: Kingambit|45/100|[from] item: Leftovers
|upkeep
|turn|7
|
|t:|1769406678
|move|p1a: Kingambit|Iron Head|p2a: Araquanid
|-resisted|p2a: Araquanid
|-crit|p2a: Araquanid
|-damage|p2a: Araquanid|14/100
|move|p2a: Araquanid|Surf|p1a: Kingambit
|-damage|p1a: Kingambit|0 fnt
|faint|p1a: Kingambit
|-end|p1a: Kingambit|fallen1|[silent]
|
|-end|p2a: Araquanid|move: Taunt
|upkeep
|
|t:|1769406692
|switch|p1a: Landorus|Landorus-Therian, M|100/100
|-ability|p1a: Landorus|Intimidate|boost
|-unboost|p2a: Araquanid|atk|1
|turn|8
|-enditem|p2a: Araquanid|Custap Berry|[eat]
|-activate|p2a: Araquanid|item: Custap Berry|[consumed]
|
|t:|1769406700
|move|p2a: Araquanid|Surf|p1a: Landorus
|-supereffective|p1a: Landorus
|-crit|p1a: Landorus
|-damage|p1a: Landorus|0 fnt
|faint|p1a: Landorus
|
|upkeep
|-message|Eel56 forfeited.
|
|win|machopped unc
|raw|Eel56's rating: 1825 &rarr; <strong>1801</strong><br />(-24 for losing)
|raw|machopped unc's rating: 1747 &rarr; <strong>1771</strong><br />(+24 for winning)
|l|☆Eel56
|player|p1|
|l| Asrzzz
|l|‽machopped unc
|player|p2|
