|j|☆YumeKasumi76
|j|☆testthoitestthoi2
|t:|1769415401
|gametype|singles
|player|p1|YumeKasumi76|170|1224
|player|p2|testthoitestthoi2|266|1256
|gen|9
|tier|[Gen 9] OU
|rated|
|rule|HP Percentage Mod: HP is shown in percentages
|rule|Endless Battle Clause: Forcing endless battles is banned
|rule|Species Clause: Limit one of each Pokémon
|rule|OHKO Clause: OHKO moves are banned
|rule|Evasion Items Clause: Evasion items are banned
|rule|Evasion Moves Clause: Evasion moves are banned
|rule|Evasion Abilities Clause: Evasion abilities are banned
|rule|Sleep Moves Clause: Sleep-inducing moves are banned
|clearpoke
|poke|p1|Dragapult, M|
|poke|p1|Bisharp, F|
|poke|p1|Glimmora, F|
|poke|p1|Entei|
|poke|p1|Veluza, F|
|poke|p1|Braviary-Hisui, M|
|poke|p2|Iron Valiant|
|poke|p2|Excadrill, M|
|poke|p2|Tyranitar, F|
|poke|p2|Tornadus-Therian, M|
|poke|p2|Ogerpon-Cornerstone, F|
|poke|p2|Toxapex, M|
|teampreview
|
|t:|1769415417
|teamsize|p1|6
|teamsize|p2|6
|start
|switch|p1a: Bellator|Bisharp, F, shiny|100/100
|switch|p2a: Tyranitar|Tyranitar, F|100/100
|-weather|Sandstorm|[from] ability: Sand Stream|[of] p2a: Tyranitar
|turn|1
|inactive|Battle timer is ON: inactive players will automatically lose when time's up. (requested by YumeKasumi76)
|
|t:|1769415425
|switch|p2a: Toxapex|Toxapex, M|100/100
|switch|p1a: Hikari|Glimmora, F|100/100
|
|-weather|Sandstorm|[upkeep]
|-damage|p2a: Toxapex|95/100|[from] Sandstorm
|upkeep
|turn|2
|
|t:|1769415444
|switch|p1a: Bellator|Bisharp, F, shiny|100/100
|move|p2a: Toxapex|Toxic Spikes|p1a: Bellator
|-sidestart|p1: YumeKasumi76|move: Toxic Spikes
|
|-weather|Sandstorm|[upkeep]
|-damage|p2a: Toxapex|89/100|[from] Sandstorm
|upkeep
|turn|3
|
|t:|1769415465
|switch|p2a: Excadrill|Excadrill, M|100/100
|move|p1a: Bellator|Stealth Rock|p2a: Excadrill
|-sidestart|p2: testthoitestthoi2|move: Stealth Rock
|
|-weather|Sandstorm|[upkeep]
|upkeep
|turn|4
|
|t:|1769415487
|-terastallize|p1a: Bellator|Ghost
|move|p2a: Excadrill|Substitute|p2a: Excadrill
|-start|p2a: Excadrill|Substitute
|-damage|p2a: Excadrill|76/100
|move|p1a: Bellator|Swords Dance|p1a: Bellator
|-boost|p1a: Bellator|atk|2
|
|-weather|Sandstorm|[upkeep]
|-damage|p1a: Bellator|94/100|[from] Sandstorm
|-heal|p2a: Excadrill|82/100|[from] item: Leftovers
|upkeep
|turn|5
|
|t:|1769415499
|move|p2a: Excadrill|Earthquake|p1a: Bellator
|-damage|p1a: Bellator|54/100
|move|p1a: Bellator|Iron Head|p2a: Excadrill
|-resisted|p2a: Excadrill
|-end|p2a: Excadrill|Substitute
|
|-weather|Sandstorm|[upkeep]
|-damage|p1a: Bellator|48/100|[from] Sandstorm
|-heal|p2a: Excadrill|88/100|[from] item: Leftovers
|upkeep
|turn|6
|
|t:|1769415524
|move|p2a: Excadrill|Substitute|p2a: Excadrill
|-start|p2a: Excadrill|Substitute
|-damage|p2a: Excadrill|63/100
|move|p1a: Bellator|Iron Head|p2a: Excadrill
|-resisted|p2a: Excadrill
|-end|p2a: Excadrill|Substitute
|
|-weather|Sandstorm|[upkeep]
|-damage|p1a: Bellator|42/100|[from] Sandstorm
|-heal|p2a: Excadrill|69/100|[from] item: Leftovers
|upkeep
|turn|7
|
|t:|1769415536
|move|p2a: Excadrill|Substitute|p2a: Excadrill
|-start|p2a: Excadrill|Substitute
|-damage|p2a: Excadrill|44/100
|move|p1a: Bellator|Iron Head|p2a: Excadrill
|-resisted|p2a: Excadrill
|-end|p2a: Excadrill|Substitute
|
|-weather|Sandstorm|[upkeep]
|-damage|p1a: Bellator|36/100|[from] Sandstorm
|-heal|p2a: Excadrill|50/100|[from] item: Leftovers
|upkeep
|turn|8
|inactive|testthoitestthoi2 has 120 seconds left.
|l|☆testthoitestthoi2
|inactive|testthoitestthoi2 disconnected and has a minute to reconnect!
|player|p2|
|j|☆testthoitestthoi2
|inactive|testthoitestthoi2 reconnected and has 110 seconds left.
|player|p2|testthoitestthoi2|266|
|
|t:|1769415564
|move|p1a: Bellator|Sucker Punch|p2a: Excadrill
|-damage|p2a: Excadrill|0 fnt
|faint|p2a: Excadrill
|
|-weather|none
|upkeep
|
|t:|1769415571
|switch|p2a: Tyranitar|Tyranitar, F|100/100
|-damage|p2a: Tyranitar|88/100|[from] Stealth Rock
|-weather|Sandstorm|[from] ability: Sand Stream|[of] p2a: Tyranitar
|turn|9
|
|t:|1769415579
|switch|p1a: Hikari|Glimmora, F|100/100
|-sideend|p1: YumeKasumi76|move: Toxic Spikes|[of] p1a: Hikari
|move|p2a: Tyranitar|Knock Off|p1a: Hikari
|-damage|p1a: Hikari|34/100
|-activate|p1a: Hikari|ability: Toxic Debris
|-sidestart|p2: testthoitestthoi2|move: Toxic Spikes
|-enditem|p1a: Hikari|Power Herb|[from] move: Knock Off|[of] p2a: Tyranitar
|
|-weather|Sandstorm|[upkeep]
|upkeep
|turn|10
|inactive|testthoitestthoi2 has 120 seconds left.
|
|t:|1769415593
|move|p1a: Hikari|Earth Power|p2a: Tyranitar
|-supereffective|p2a: Tyranitar
|-damage|p2a: Tyranitar|47/100
|move|p2a: Tyranitar|Knock Off|p1a: Hikari
|-damage|p1a: Hikari|0 fnt
|-activate|p1a: Hikari|ability: Toxic Debris
|-sidestart|p2: testthoitestthoi2|move: Toxic Spikes
|faint|p1a: Hikari
|
|-weather|Sandstorm|[upkeep]
|upkeep
|
|t:|1769415601
|switch|p1a: Railgun|Dragapult, M|100/100
|turn|11
|
|t:|1769415606
|switch|p2a: Toxapex|Toxapex, M|100/100
|-damage|p2a: Toxapex|88/100|[from] Stealth Rock
|-sideend|p2: testthoitestthoi2|move: Toxic Spikes|[of] p2a: Toxapex
|move|p1a: Railgun|Reflect|p1a: Railgun
|-sidestart|p1: YumeKasumi76|Reflect
|
|-weather|Sandstorm|[upkeep]
|-damage|p1a: Railgun|94/100|[from] Sandstorm
|-damage|p2a: Toxapex|82/100|[from] Sandstorm
|upkeep
|turn|12
|
|t:|1769415616
|switch|p1a: Bellator|Bisharp, F, shiny, tera:Ghost|36/100
|move|p2a: Toxapex|Toxic|p1a: Bellator
|-status|p1a: Bellator|tox
|
|-weather|Sandstorm|[upkeep]
|-damage|p1a: Bellator|30/100 tox|[from] Sandstorm
|-damage|p2a: Toxapex|76/100|[from] Sandstorm
|-damage|p1a: Bellator|24/100 tox|[from] psn
|upkeep
|turn|13
|
|t:|1769415626
|move|p1a: Bellator|Iron Head|p2a: Toxapex
|-resisted|p2a: Toxapex
|-damage|p2a: Toxapex|62/100
|-enditem|p2a: Toxapex|Eject Button
|
|t:|1769415631
|switch|p2a: Tornadus|Tornadus-Therian, M|100/100
|-damage|p2a: Tornadus|76/100|[from] Stealth Rock
|
|-weather|Sandstorm|[upkeep]
|-damage|p2a: Tornadus|70/100|[from] Sandstorm
|-damage|p1a: Bellator|18/100 tox|[from] Sandstorm
|-damage|p1a: Bellator|6/100 tox|[from] psn
|upkeep
|turn|14
|
|t:|1769415645
|move|p2a: Tornadus|Weather Ball|p1a: Bellator
|-damage|p1a: Bellator|0 fnt
|faint|p1a: Bellator
|
|-weather|Sandstorm|[upkeep]
|-damage|p2a: Tornadus|64/100|[from] Sandstorm
|upkeep
|
|t:|1769415664
|switch|p1a: Riamare|Veluza, F, shiny|100/100
|turn|15
|
|t:|1769415670
|switch|p2a: Toxapex|Toxapex, M|95/100
|-damage|p2a: Toxapex|83/100|[from] Stealth Rock
|move|p1a: Riamare|Fillet Away|p1a: Riamare
|-boost|p1a: Riamare|atk|2
|-boost|p1a: Riamare|spa|2
|-boost|p1a: Riamare|spe|2
|-damage|p1a: Riamare|50/100
|-enditem|p1a: Riamare|Sitrus Berry|[eat]
|-heal|p1a: Riamare|75/100|[from] item: Sitrus Berry
|
|-weather|Sandstorm|[upkeep]
|-damage|p1a: Riamare|69/100|[from] Sandstorm
|-damage|p2a: Toxapex|77/100|[from] Sandstorm
|upkeep
|turn|16
|
|t:|1769415684
|move|p1a: Riamare|Stored Power|p2a: Toxapex
|-supereffective|p2a: Toxapex
|-damage|p2a: Toxapex|0 fnt
|faint|p2a: Toxapex
|
|-weather|none
|upkeep
|
|t:|1769415691
|switch|p2a: Tyranitar|Tyranitar, F|47/100
|-damage|p2a: Tyranitar|35/100|[from] Stealth Rock
|-weather|Sandstorm|[from] ability: Sand Stream|[of] p2a: Tyranitar
|turn|17
|
|t:|1769415698
|move|p1a: Riamare|Aqua Cutter|p2a: Tyranitar
|-supereffective|p2a: Tyranitar
|-damage|p2a: Tyranitar|0 fnt
|faint|p2a: Tyranitar
|
|-weather|Sandstorm|[upkeep]
|-damage|p1a: Riamare|63/100|[from] Sandstorm
|upkeep
|
|t:|1769415709
|switch|p2a: Iron Valiant|Iron Valiant|100/100
|-damage|p2a: Iron Valiant|94/100|[from] Stealth Rock
|turn|18
|
|t:|1769415715
|move|p1a: Riamare|Stored Power|p2a: Iron Valiant
|-supereffective|p2a: Iron Valiant
|-damage|p2a: Iron Valiant|0 fnt
|faint|p2a: Iron Valiant
|-end|p2a: Iron Valiant|Quark Drive|[silent]
|
|-weather|Sandstorm|[upkeep]
|-damage|p1a: Riamare|57/100|[from] Sandstorm
|-sideend|p1: YumeKasumi76|Reflect
|upkeep
|-message|testthoitestthoi2 forfeited.
|
|win|YumeKasumi76
|raw|YumeKasumi76's rating: 1224 &rarr; <strong>1251</strong><br />(+27 for winning)
|raw|testthoitestthoi2's rating: 1256 &rarr; <strong>1229</strong><br />(-27 for losing)
|l|☆testthoitestthoi2
|player|p2|
|l|☆YumeKasumi76
|player|p1|
