|j|☆Zettaaa
|j|☆HypernovaFr
|t:|1769350503
|gametype|singles
|player|p1|Zettaaa|brawly|1264
|player|p2|HypernovaFr|bellelba|1287
|gen|9
|tier|[Gen 9] OU
|rated|
|rule|HP Percentage Mod: HP is shown in percentages
|rule|Endless Battle Clause: Forcing endless battles is banned
|rule|Species Clause: Limit one of each Pokémon
|rule|OHKO Clause: OHKO moves are banned
|rule|Evasion Items Clause: Evasion items are banned
|rule|Evasion Moves Clause: Evasion moves are banned
|rule|Evasion Abilities Clause: Evasion abilities are banned
|rule|Sleep Moves Clause: Sleep-inducing moves are banned
|clearpoke
|poke|p1|Weavile, F|
|poke|p1|Zoroark-Hisui, F|
|poke|p1|Orthworm, M|
|poke|p1|Slither Wing|
|poke|p1|Fezandipiti, M|
|poke|p1|Lycanroc-Dusk, F|
|poke|p2|Zoroark-Hisui, M|
|poke|p2|Dragapult, F|
|poke|p2|Gastrodon, F|
|poke|p2|Incineroar, M|
|poke|p2|Enamorus, F|
|poke|p2|Magnezone|
|teampreview
|inactive|Battle timer is ON: inactive players will automatically lose when time's up. (requested by HypernovaFr)
|c|☆HypernovaFr|gl hf
|
|t:|1769350518
|teamsize|p1|6
|teamsize|p2|6
|start
|switch|p1a: Fezandipiti|Fezandipiti, M|100/100
|switch|p2a: Terminator|Magnezone, shiny|100/100
|turn|1
|
|t:|1769350527
|move|p1a: Fezandipiti|U-turn|p2a: Terminator
|-resisted|p2a: Terminator
|-damage|p2a: Terminator|91/100
|
|t:|1769350534
|switch|p1a: Lycanroc|Lycanroc-Dusk, F|100/100|[from] U-turn
|move|p2a: Terminator|Volt Switch|p1a: Lycanroc
|-damage|p1a: Lycanroc|0 fnt
|faint|p1a: Lycanroc
|
|t:|1769350543
|switch|p2a: Diarhée|Gastrodon, F, shiny|100/100|[from] Volt Switch
|
|upkeep
|
|t:|1769350549
|switch|p1a: Slither Wing|Slither Wing|100/100
|turn|2
|
|t:|1769350557
|switch|p2a: Tacos|Incineroar, M, shiny|100/100
|-ability|p2a: Tacos|Intimidate|boost
|-unboost|p1a: Slither Wing|atk|1
|move|p1a: Slither Wing|First Impression|p2a: Tacos
|-damage|p2a: Tacos|58/100
|-damage|p1a: Slither Wing|91/100|[from] item: Life Orb
|
|upkeep
|turn|3
|
|t:|1769350571
|-end|p1a: Slither Wing|Protosynthesis|[silent]
|switch|p1a: Fezandipiti|Fezandipiti, M|100/100
|move|p2a: Tacos|Flare Blitz|p1a: Fezandipiti
|-damage|p1a: Fezandipiti|49/100
|-damage|p2a: Tacos|41/100|[from] Recoil
|
|-heal|p1a: Fezandipiti|55/100|[from] item: Black Sludge
|upkeep
|turn|4
|
|t:|1769350584
|move|p1a: Fezandipiti|Roost|p1a: Fezandipiti
|-heal|p1a: Fezandipiti|100/100
|-singleturn|p1a: Fezandipiti|move: Roost
|move|p2a: Tacos|Flare Blitz|p1a: Fezandipiti
|-damage|p1a: Fezandipiti|44/100
|-damage|p2a: Tacos|23/100|[from] Recoil
|
|-heal|p1a: Fezandipiti|50/100|[from] item: Black Sludge
|upkeep
|turn|5
|
|t:|1769350593
|move|p1a: Fezandipiti|Roost|p1a: Fezandipiti
|-heal|p1a: Fezandipiti|99/100
|-singleturn|p1a: Fezandipiti|move: Roost
|move|p2a: Tacos|Parting Shot|p1a: Fezandipiti
|-unboost|p1a: Fezandipiti|atk|1
|-unboost|p1a: Fezandipiti|spa|1
|
|t:|1769350599
|switch|p2a: Terminator|Magnezone, shiny|91/100|[from] Parting Shot
|
|-heal|p1a: Fezandipiti|100/100|[from] item: Black Sludge
|upkeep
|turn|6
|
|t:|1769350613
|move|p1a: Fezandipiti|U-turn|p2a: Terminator
|-resisted|p2a: Terminator
|-damage|p2a: Terminator|84/100
|
|t:|1769350630
|switch|p1a: Slither Wing|Slither Wing|91/100|[from] U-turn
|move|p2a: Terminator|Thunderbolt|p1a: Slither Wing
|-damage|p1a: Slither Wing|1/100
|
|upkeep
|turn|7
|
|t:|1769350641
|switch|p2a: Tacos|Incineroar, M, shiny|23/100
|-ability|p2a: Tacos|Intimidate|boost
|-unboost|p1a: Slither Wing|atk|1
|move|p1a: Slither Wing|Close Combat|p2a: Tacos
|-supereffective|p2a: Tacos
|-damage|p2a: Tacos|0 fnt
|-unboost|p1a: Slither Wing|def|1
|-unboost|p1a: Slither Wing|spd|1
|faint|p2a: Tacos
|-damage|p1a: Slither Wing|0 fnt|[from] item: Life Orb
|faint|p1a: Slither Wing
|-end|p1a: Slither Wing|Protosynthesis|[silent]
|
|upkeep
|
|t:|1769350649
|switch|p2a: Mirage|Dragapult, F, shiny|100/100
|switch|p1a: Fezandipiti|Fezandipiti, M|100/100
|turn|8
|
|t:|1769350658
|move|p2a: Mirage|U-turn|p1a: Fezandipiti
|-resisted|p1a: Fezandipiti
|-damage|p1a: Fezandipiti|82/100
|replace|p1a: Zoroark|Zoroark-Hisui, F
|-end|p1a: Zoroark|Illusion
|
|t:|1769350662
|switch|p2a: Diarhée|Gastrodon, F, shiny|100/100|[from] U-turn
|move|p1a: Zoroark|Shadow Ball|p2a: Diarhée
|-immune|p2a: Diarhée
|
|upkeep
|turn|9
|
|t:|1769350677
|switch|p1a: Weavile|Weavile, F|100/100
|-ability|p1a: Weavile|Pressure
|move|p2a: Diarhée|Psychic|p1a: Weavile
|-immune|p1a: Weavile
|
|upkeep
|turn|10
|
|t:|1769350685
|switch|p2a: Diarhée|Gastrodon, F, shiny|100/100
|move|p1a: Weavile|Knock Off|p2a: Diarhée
|-damage|p2a: Diarhée|61/100
|-enditem|p2a: Diarhée|Leftovers|[from] move: Knock Off|[of] p1a: Weavile
|
|upkeep
|turn|11
|
|t:|1769350705
|move|p1a: Weavile|Ice Spinner|p2a: Diarhée
|-damage|p2a: Diarhée|26/100
|move|p2a: Diarhée|Recover|p2a: Diarhée
|-heal|p2a: Diarhée|76/100
|
|upkeep
|turn|12
|
|t:|1769350714
|switch|p1a: Fezandipiti|Fezandipiti, M|100/100
|move|p2a: Diarhée|Chilling Water|p1a: Fezandipiti
|-damage|p1a: Fezandipiti|89/100
|-unboost|p1a: Fezandipiti|atk|1
|
|-heal|p1a: Fezandipiti|95/100|[from] item: Black Sludge
|upkeep
|turn|13
|
|t:|1769350725
|-terastallize|p2a: Diarhée|Poison
|move|p1a: Fezandipiti|Beat Up|p2a: Diarhée
|-damage|p2a: Diarhée|74/100
|-damage|p2a: Diarhée|72/100
|-damage|p2a: Diarhée|70/100
|-damage|p2a: Diarhée|67/100
|-hitcount|p2a: Diarhée|4
|move|p2a: Diarhée|Earth Power|p1a: Fezandipiti
|-supereffective|p1a: Fezandipiti
|-damage|p1a: Fezandipiti|58/100
|
|-heal|p1a: Fezandipiti|64/100|[from] item: Black Sludge
|upkeep
|turn|14
|
|t:|1769350737
|move|p1a: Fezandipiti|U-turn|p2a: Diarhée
|-resisted|p2a: Diarhée
|-damage|p2a: Diarhée|62/100
|
|t:|1769350747
|switch|p1a: Orthworm|Orthworm, M|100/100|[from] U-turn
|move|p2a: Diarhée|Earth Power|p1a: Orthworm
|-immune|p1a: Orthworm|[from] ability: Earth Eater
|
|upkeep
|turn|15
|
|t:|1769350758
|move|p1a: Orthworm|Stealth Rock|p2a: Diarhée
|-sidestart|p2: HypernovaFr|move: Stealth Rock
|move|p2a: Diarhée|Recover|p2a: Diarhée
|-heal|p2a: Diarhée|100/100
|
|upkeep
|turn|16
|
|t:|1769350771
|switch|p1a: Weavile|Weavile, F|82/100
|move|p2a: Diarhée|Chilling Water|p1a: Weavile
|-damage|p1a: Weavile|47/100
|-unboost|p1a: Weavile|atk|1
|replace|p1a: Zoroark|Zoroark-Hisui, F
|-end|p1a: Zoroark|Illusion
|
|upkeep
|turn|17
|
|t:|1769350789
|switch|p2a: Diarhée|Gastrodon, F, shiny|100/100
|-damage|p2a: Diarhée|88/100|[from] Stealth Rock
|move|p1a: Zoroark|Trick|p2a: Diarhée
|-activate|p1a: Zoroark|move: Trick|[of] p2a: Diarhée
|-item|p2a: Diarhée|Choice Specs|[from] move: Trick
|-item|p1a: Zoroark|Choice Scarf|[from] move: Trick
|
|upkeep
|-start|p2a: Diarhée|typechange|Poison|[silent]
|turn|18
|
|t:|1769350806
|move|p1a: Zoroark|Flamethrower|p2a: Diarhée
|-damage|p2a: Diarhée|30/100
|-status|p2a: Diarhée|brn
|replace|p2a: Tokyo Hotel|Zoroark-Hisui, M, shiny
|-end|p2a: Tokyo Hotel|Illusion
|move|p2a: Tokyo Hotel|Focus Blast|p1a: Zoroark
|-immune|p1a: Zoroark
|
|-damage|p2a: Tokyo Hotel|24/100 brn|[from] brn
|upkeep
|turn|19
|
|t:|1769350818
|move|p1a: Zoroark|Flamethrower|p2a: Tokyo Hotel
|-damage|p2a: Tokyo Hotel|0 fnt
|faint|p2a: Tokyo Hotel
|
|upkeep
|
|t:|1769350823
|switch|p2a: Mirage|Dragapult, F, shiny|100/100
|-damage|p2a: Mirage|88/100|[from] Stealth Rock
|turn|20
|
|t:|1769350835
|switch|p1a: Fezandipiti|Fezandipiti, M|64/100
|move|p2a: Mirage|Flamethrower|p1a: Fezandipiti
|-damage|p1a: Fezandipiti|39/100
|
|-heal|p1a: Fezandipiti|45/100|[from] item: Black Sludge
|upkeep
|turn|21
|
|t:|1769350843
|switch|p2a: Terminator|Magnezone, shiny|84/100
|-damage|p2a: Terminator|78/100|[from] Stealth Rock
|move|p1a: Fezandipiti|Roost|p1a: Fezandipiti
|-heal|p1a: Fezandipiti|95/100
|-singleturn|p1a: Fezandipiti|move: Roost
|
|-heal|p1a: Fezandipiti|100/100|[from] item: Black Sludge
|upkeep
|turn|22
|
|t:|1769350855
|move|p1a: Fezandipiti|U-turn|p2a: Terminator
|-resisted|p2a: Terminator
|-damage|p2a: Terminator|69/100
|
|t:|1769350862
|switch|p1a: Orthworm|Orthworm, M|100/100|[from] U-turn
|move|p2a: Terminator|Volt Switch|p1a: Orthworm
|-damage|p1a: Orthworm|0 fnt
|faint|p1a: Orthworm
|
|t:|1769350866
|switch|p2a: Mirage|Dragapult, F, shiny|88/100|[from] Volt Switch
|-damage|p2a: Mirage|76/100|[from] Stealth Rock
|
|upkeep
|
|t:|1769350871
|switch|p1a: Weavile|Weavile, F|47/100
|turn|23
|
|t:|1769350881
|move|p1a: Weavile|Shadow Ball|p2a: Mirage
|-supereffective|p2a: Mirage
|-damage|p2a: Mirage|0 fnt
|faint|p2a: Mirage
|
|upkeep
|
|t:|1769350887
|switch|p2a: Sida|Enamorus, F|100/100
|-damage|p2a: Sida|76/100|[from] Stealth Rock
|turn|24
|
|t:|1769350892
|move|p1a: Weavile|Shadow Ball|p2a: Sida
|-damage|p2a: Sida|20/100
|move|p2a: Sida|Earth Power|p1a: Weavile
|-damage|p1a: Weavile|0 fnt
|replace|p1a: Zoroark|Zoroark-Hisui, F
|-end|p1a: Zoroark|Illusion
|faint|p1a: Zoroark
|
|upkeep
|
|t:|1769350904
|switch|p1a: Weavile|Weavile, F|100/100
|-ability|p1a: Weavile|Pressure
|turn|25
|
|t:|1769350912
|move|p1a: Weavile|Fake Out|p2a: Sida
|-damage|p2a: Sida|0 fnt
|faint|p2a: Sida
|
|upkeep
|
|t:|1769350915
|switch|p2a: Diarhée|Gastrodon, F, shiny, tera:Poison|100/100
|-damage|p2a: Diarhée|88/100|[from] Stealth Rock
|turn|26
|
|t:|1769350926
|move|p1a: Weavile|Ice Spinner|p2a: Diarhée
|-damage|p2a: Diarhée|57/100
|move|p2a: Diarhée|Chilling Water|p1a: Weavile
|-damage|p1a: Weavile|79/100
|-unboost|p1a: Weavile|atk|1
|
|upkeep
|turn|27
|
|t:|1769350934
|move|p1a: Weavile|Ice Spinner|p2a: Diarhée
|-damage|p2a: Diarhée|36/100
|move|p2a: Diarhée|Recover|p2a: Diarhée
|-heal|p2a: Diarhée|86/100
|
|upkeep
|turn|28
|
|t:|1769350941
|move|p1a: Weavile|Ice Spinner|p2a: Diarhée
|-damage|p2a: Diarhée|65/100
|move|p2a: Diarhée|Chilling Water|p1a: Weavile
|-damage|p1a: Weavile|57/100
|-unboost|p1a: Weavile|atk|1
|
|upkeep
|turn|29
|
|t:|1769350945
|move|p1a: Weavile|Ice Spinner|p2a: Diarhée
|-damage|p2a: Diarhée|49/100
|move|p2a: Diarhée|Earth Power|p1a: Weavile
|-damage|p1a: Weavile|20/100
|
|upkeep
|turn|30
|
|t:|1769350950
|move|p1a: Weavile|Ice Spinner|p2a: Diarhée
|-damage|p2a: Diarhée|34/100
|move|p2a: Diarhée|Recover|p2a: Diarhée
|-heal|p2a: Diarhée|84/100
|
|upkeep
|turn|31
|
|t:|1769350955
|move|p1a: Weavile|Ice Spinner|p2a: Diarhée
|-crit|p2a: Diarhée
|-damage|p2a: Diarhée|33/100
|move|p2a: Diarhée|Chilling Water|p1a: Weavile
|-damage|p1a: Weavile|0 fnt
|faint|p1a: Weavile
|
|upkeep
|
|t:|1769350962
|switch|p1a: Fezandipiti|Fezandipiti, M|100/100
|turn|32
|
|t:|1769350973
|move|p1a: Fezandipiti|U-turn|p2a: Diarhée
|-resisted|p2a: Diarhée
|-damage|p2a: Diarhée|26/100
|move|p2a: Diarhée|Recover|p2a: Diarhée
|-heal|p2a: Diarhée|76/100
|
|upkeep
|turn|33
|-message|Zettaaa forfeited.
|
|win|HypernovaFr
|raw|Zettaaa's rating: 1264 &rarr; <strong>1241</strong><br />(-23 for losing)
|raw|HypernovaFr's rating: 1287 &rarr; <strong>1310</strong><br />(+23 for winning)
|l|☆Zettaaa
|player|p1|
|c|☆HypernovaFr|gg
|l|☆HypernovaFr
|player|p2|
