|j|☆haitianprinc3
|j|☆OUmonster2341
|t:|1769370915
|gametype|singles
|player|p1|haitianprinc3|marshal|1382
|player|p2|OUmonster2341|brycenman|1461
|gen|9
|tier|[Gen 9] OU
|rated|
|rule|HP Percentage Mod: HP is shown in percentages
|rule|Endless Battle Clause: Forcing endless battles is banned
|rule|Species Clause: Limit one of each Pokémon
|rule|OHKO Clause: OHKO moves are banned
|rule|Evasion Items Clause: Evasion items are banned
|rule|Evasion Moves Clause: Evasion moves are banned
|rule|Evasion Abilities Clause: Evasion abilities are banned
|rule|Sleep Moves Clause: Sleep-inducing moves are banned
|clearpoke
|poke|p1|Politoed, M|
|poke|p1|Landorus-Therian, M|
|poke|p1|Goodra, M|
|poke|p1|Kingdra, F|
|poke|p1|Azumarill, F|
|poke|p1|Overqwil, M|
|poke|p2|Tyranitar, M|
|poke|p2|Excadrill, M|
|poke|p2|Iron Valiant|
|poke|p2|Iron Boulder|
|poke|p2|Zapdos|
|poke|p2|Ogerpon, F|
|teampreview
|inactive|Battle timer is ON: inactive players will automatically lose when time's up. (requested by OUmonster2341)
|inactive|OUmonster2341 has 120 seconds left.
|
|t:|1769370949
|teamsize|p1|6
|teamsize|p2|6
|start
|switch|p1a: Politoed|Politoed, M|100/100
|switch|p2a: Zapdos|Zapdos|100/100
|-weather|RainDance|[from] ability: Drizzle|[of] p1a: Politoed
|turn|1
|inactive|haitianprinc3 has 120 seconds left.
|
|t:|1769370982
|switch|p1a: Goodra|Goodra, M|100/100
|move|p2a: Zapdos|Hurricane|p1a: Goodra
|-damage|p1a: Goodra|60/100
|-start|p1a: Goodra|confusion
|
|-weather|RainDance|[upkeep]
|upkeep
|turn|2
|inactive|haitianprinc3 has 120 seconds left.
|
|t:|1769370999
|move|p2a: Zapdos|Volt Switch|p1a: Goodra
|-resisted|p1a: Goodra
|-damage|p1a: Goodra|48/100
|
|t:|1769371001
|switch|p2a: Iron Valiant|Iron Valiant|100/100|[from] Volt Switch
|-activate|p1a: Goodra|confusion
|move|p1a: Goodra|Draco Meteor|p2a: Iron Valiant
|-immune|p2a: Iron Valiant
|
|-weather|RainDance|[upkeep]
|upkeep
|turn|3
|inactive|haitianprinc3 has 120 seconds left.
|
|t:|1769371020
|switch|p1a: Politoed|Politoed, M|100/100
|move|p2a: Iron Valiant|Thunderbolt|p1a: Politoed
|-supereffective|p1a: Politoed
|-damage|p1a: Politoed|26/100
|-status|p1a: Politoed|par
|
|-weather|RainDance|[upkeep]
|upkeep
|turn|4
|inactive|haitianprinc3 has 120 seconds left.
|
|t:|1769371033
|-end|p2a: Iron Valiant|Quark Drive|[silent]
|switch|p2a: Zapdos|Zapdos|100/100
|switch|p1a: Landorus|Landorus-Therian, M|100/100
|-ability|p1a: Landorus|Intimidate|boost
|-unboost|p2a: Zapdos|atk|1
|
|-weather|RainDance|[upkeep]
|upkeep
|turn|5
|inactive|haitianprinc3 has 120 seconds left.
|
|t:|1769371042
|move|p1a: Landorus|Stone Edge|p2a: Zapdos
|-supereffective|p2a: Zapdos
|-damage|p2a: Zapdos|15/100
|move|p2a: Zapdos|Hurricane|p1a: Landorus
|-damage|p1a: Landorus|23/100
|-start|p1a: Landorus|confusion
|
|-weather|RainDance|[upkeep]
|upkeep
|turn|6
|
|t:|1769371050
|-activate|p1a: Landorus|confusion
|move|p1a: Landorus|Stone Edge|p2a: Zapdos
|-supereffective|p2a: Zapdos
|-damage|p2a: Zapdos|0 fnt
|faint|p2a: Zapdos
|
|-weather|RainDance|[upkeep]
|upkeep
|
|t:|1769371063
|switch|p2a: Excadrill|Excadrill, M, shiny|100/100
|turn|7
|inactive|haitianprinc3 has 120 seconds left.
|
|t:|1769371086
|switch|p1a: Kingdra|Kingdra, F|100/100
|move|p2a: Excadrill|Substitute|p2a: Excadrill
|-start|p2a: Excadrill|Substitute
|-damage|p2a: Excadrill|76/100
|
|-weather|RainDance|[upkeep]
|-heal|p2a: Excadrill|82/100|[from] item: Leftovers
|upkeep
|turn|8
|
|t:|1769371093
|move|p1a: Kingdra|Flip Turn|p2a: Excadrill
|-supereffective|p2a: Excadrill
|-end|p2a: Excadrill|Substitute
|
|t:|1769371102
|switch|p1a: Landorus|Landorus-Therian, M|23/100|[from] Flip Turn
|-ability|p1a: Landorus|Intimidate|boost
|-unboost|p2a: Excadrill|atk|1
|move|p2a: Excadrill|Earthquake|p1a: Landorus
|-immune|p1a: Landorus
|
|-weather|none
|-heal|p2a: Excadrill|88/100|[from] item: Leftovers
|upkeep
|turn|9
|
|t:|1769371115
|-terastallize|p2a: Excadrill|Flying
|move|p1a: Landorus|Earthquake|p2a: Excadrill
|-immune|p2a: Excadrill
|move|p2a: Excadrill|Rock Slide|p1a: Landorus
|-damage|p1a: Landorus|0 fnt
|faint|p1a: Landorus
|
|-heal|p2a: Excadrill|94/100|[from] item: Leftovers
|upkeep
|inactive|haitianprinc3 has 120 seconds left.
|
|t:|1769371127
|switch|p1a: Politoed|Politoed, M|26/100 par
|-weather|RainDance|[from] ability: Drizzle|[of] p1a: Politoed
|turn|10
|
|t:|1769371133
|move|p2a: Excadrill|Earthquake|p1a: Politoed
|-damage|p1a: Politoed|0 fnt
|faint|p1a: Politoed
|
|-weather|RainDance|[upkeep]
|-heal|p2a: Excadrill|99/100|[from] item: Leftovers
|upkeep
|
|t:|1769371141
|switch|p1a: Kingdra|Kingdra, F|100/100
|turn|11
|
|t:|1769371151
|switch|p2a: Tyranitar|Tyranitar, M|100/100
|-weather|Sandstorm|[from] ability: Sand Stream|[of] p2a: Tyranitar
|-terastallize|p1a: Kingdra|Water
|move|p1a: Kingdra|Surf|p2a: Tyranitar
|-supereffective|p2a: Tyranitar
|-damage|p2a: Tyranitar|0 fnt
|faint|p2a: Tyranitar
|
|-weather|Sandstorm|[upkeep]
|-damage|p1a: Kingdra|94/100|[from] Sandstorm
|upkeep
|
|t:|1769371155
|switch|p2a: Ogerpon|Ogerpon, F|100/100
|turn|12
|
|t:|1769371167
|switch|p1a: Goodra|Goodra, M|48/100
|move|p2a: Ogerpon|Ivy Cudgel|p1a: Goodra
|-ability|p1a: Goodra|Sap Sipper|boost
|-boost|p1a: Goodra|atk|1
|
|-weather|Sandstorm|[upkeep]
|-damage|p2a: Ogerpon|95/100|[from] Sandstorm
|-damage|p1a: Goodra|42/100|[from] Sandstorm
|upkeep
|turn|13
|
|t:|1769371179
|switch|p2a: Iron Valiant|Iron Valiant|100/100
|move|p1a: Goodra|Sludge Wave|p2a: Iron Valiant
|-supereffective|p2a: Iron Valiant
|-damage|p2a: Iron Valiant|0 fnt
|faint|p2a: Iron Valiant
|-end|p2a: Iron Valiant|Quark Drive|[silent]
|
|-weather|Sandstorm|[upkeep]
|-damage|p1a: Goodra|36/100|[from] Sandstorm
|upkeep
|
|t:|1769371188
|switch|p2a: Excadrill|Excadrill, M, shiny, tera:Flying|99/100
|turn|14
|
|t:|1769371201
|move|p2a: Excadrill|Earthquake|p1a: Goodra
|-damage|p1a: Goodra|0 fnt
|faint|p1a: Goodra
|
|-weather|Sandstorm|[upkeep]
|-heal|p2a: Excadrill|100/100|[from] item: Leftovers
|upkeep
|
|t:|1769371208
|switch|p1a: Azumarill|Azumarill, F|100/100
|turn|15
|
|t:|1769371216
|move|p2a: Excadrill|Earthquake|p1a: Azumarill
|-damage|p1a: Azumarill|39/100
|move|p1a: Azumarill|Knock Off|p2a: Excadrill
|-damage|p2a: Excadrill|46/100
|-enditem|p2a: Excadrill|Leftovers|[from] move: Knock Off|[of] p1a: Azumarill
|
|-weather|Sandstorm|[upkeep]
|-damage|p1a: Azumarill|33/100|[from] Sandstorm
|upkeep
|turn|16
|
|t:|1769371224
|move|p1a: Azumarill|Aqua Jet|p2a: Excadrill
|-damage|p2a: Excadrill|8/100
|move|p2a: Excadrill|Earthquake|p1a: Azumarill
|-damage|p1a: Azumarill|0 fnt
|faint|p1a: Azumarill
|
|-weather|Sandstorm|[upkeep]
|upkeep
|
|t:|1769371233
|switch|p1a: Overqwil|Overqwil, M|100/100
|turn|17
|
|t:|1769371245
|move|p2a: Excadrill|Earthquake|p1a: Overqwil
|-supereffective|p1a: Overqwil
|-damage|p1a: Overqwil|0 fnt
|faint|p1a: Overqwil
|
|-weather|Sandstorm|[upkeep]
|upkeep
|
|t:|1769371249
|switch|p1a: Kingdra|Kingdra, F, tera:Water|94/100
|turn|18
|
|t:|1769371277
|move|p2a: Excadrill|Rock Slide|p1a: Kingdra
|-damage|p1a: Kingdra|57/100
|move|p1a: Kingdra|Ice Beam|p2a: Excadrill
|-supereffective|p2a: Excadrill
|-damage|p2a: Excadrill|0 fnt
|faint|p2a: Excadrill
|
|-weather|none
|upkeep
|
|t:|1769371282
|switch|p2a: Iron Boulder|Iron Boulder|100/100
|-enditem|p2a: Iron Boulder|Booster Energy
|-activate|p2a: Iron Boulder|ability: Quark Drive|[fromitem]
|-start|p2a: Iron Boulder|quarkdrivespe
|turn|19
|
|t:|1769371287
|move|p2a: Iron Boulder|Mighty Cleave|p1a: Kingdra
|-damage|p1a: Kingdra|4/100
|move|p1a: Kingdra|Ice Beam|p2a: Iron Boulder
|-damage|p2a: Iron Boulder|57/100
|
|upkeep
|turn|20
|
|t:|1769371295
|move|p2a: Iron Boulder|Earthquake|p1a: Kingdra
|-damage|p1a: Kingdra|0 fnt
|faint|p1a: Kingdra
|
|win|OUmonster2341
|raw|haitianprinc3's rating: 1382 &rarr; <strong>1366</strong><br />(-16 for losing)
|raw|OUmonster2341's rating: 1461 &rarr; <strong>1477</strong><br />(+16 for winning)
|l|☆OUmonster2341
|player|p2|
|l|☆haitianprinc3
|player|p1|
