|j|☆Matrixmarion
|j|☆KING丶3266926956今余
|t:|1769349556
|gametype|singles
|player|p1|Matrixmarion|veteran|1267
|player|p2|KING丶3266926956今余|dawn|1214
|gen|9
|tier|[Gen 9] OU
|rated|
|rule|HP Percentage Mod: HP is shown in percentages
|rule|Endless Battle Clause: Forcing endless battles is banned
|rule|Species Clause: Limit one of each Pokémon
|rule|OHKO Clause: OHKO moves are banned
|rule|Evasion Items Clause: Evasion items are banned
|rule|Evasion Moves Clause: Evasion moves are banned
|rule|Evasion Abilities Clause: Evasion abilities are banned
|rule|Sleep Moves Clause: Sleep-inducing moves are banned
|clearpoke
|poke|p1|Dragapult, M|
|poke|p1|Slowking-Galar, F|
|poke|p1|Corviknight, F|
|poke|p1|Darkrai|
|poke|p1|Gliscor, M|
|poke|p1|Dondozo, M|
|poke|p2|Luxray, M|
|poke|p2|Noctowl, F|
|poke|p2|Alomomola, F|
|poke|p2|Meowstic, M|
|poke|p2|Incineroar, F|
|poke|p2|Meowscarada, M|
|teampreview
|inactive|Battle timer is ON: inactive players will automatically lose when time's up. (requested by KING丶3266926956今余)
|
|t:|1769349563
|teamsize|p1|6
|teamsize|p2|6
|start
|switch|p1a: Gliscor|Gliscor, M|100/100
|switch|p2a: Meowstic|Meowstic, M|100/100
|turn|1
|
|t:|1769349567
|move|p2a: Meowstic|Trick|p1a: Gliscor
|-activate|p2a: Meowstic|move: Trick|[of] p1a: Gliscor
|-item|p1a: Gliscor|Choice Specs|[from] move: Trick
|-item|p2a: Meowstic|Toxic Orb|[from] move: Trick
|move|p1a: Gliscor|Knock Off|p2a: Meowstic
|-supereffective|p2a: Meowstic
|-damage|p2a: Meowstic|31/100
|-enditem|p2a: Meowstic|Toxic Orb|[from] move: Knock Off|[of] p1a: Gliscor
|
|upkeep
|turn|2
|inactive|KING丶3266926956今余 has 120 seconds left.
|
|t:|1769349599
|switch|p2a: Incineroar|Incineroar, F|100/100
|-ability|p2a: Incineroar|Intimidate|boost
|-unboost|p1a: Gliscor|atk|1
|move|p1a: Gliscor|Knock Off|p2a: Incineroar
|-resisted|p2a: Incineroar
|-damage|p2a: Incineroar|93/100
|-enditem|p2a: Incineroar|Heavy-Duty Boots|[from] move: Knock Off|[of] p1a: Gliscor
|
|upkeep
|turn|3
|
|t:|1769349608
|switch|p1a: Dondozo|Dondozo, M|100/100
|move|p2a: Incineroar|Will-O-Wisp|p1a: Dondozo
|-status|p1a: Dondozo|brn
|
|-damage|p1a: Dondozo|94/100 brn|[from] brn
|upkeep
|turn|4
|
|t:|1769349617
|move|p2a: Incineroar|Knock Off|p1a: Dondozo
|-damage|p1a: Dondozo|70/100 brn
|-enditem|p1a: Dondozo|Leftovers|[from] move: Knock Off|[of] p2a: Incineroar
|move|p1a: Dondozo|Curse|p1a: Dondozo
|-unboost|p1a: Dondozo|spe|1
|-boost|p1a: Dondozo|atk|1
|-boost|p1a: Dondozo|def|1
|
|-damage|p1a: Dondozo|64/100 brn|[from] brn
|upkeep
|turn|5
|
|t:|1769349622
|move|p2a: Incineroar|Parting Shot|p1a: Dondozo
|-unboost|p1a: Dondozo|atk|1
|-unboost|p1a: Dondozo|spa|1
|
|t:|1769349627
|switch|p2a: Alomomola|Alomomola, F|100/100|[from] Parting Shot
|move|p1a: Dondozo|Rest|p1a: Dondozo
|-status|p1a: Dondozo|slp|[from] move: Rest
|-heal|p1a: Dondozo|100/100 slp|[silent]
|
|upkeep
|turn|6
|
|t:|1769349635
|cant|p1a: Dondozo|slp
|move|p1a: Dondozo|Sleep Talk|p1a: Dondozo
|move|p1a: Dondozo|Curse|p1a: Dondozo|[from] move: Sleep Talk
|-unboost|p1a: Dondozo|spe|1
|-boost|p1a: Dondozo|atk|1
|-boost|p1a: Dondozo|def|1
|move|p2a: Alomomola|Flip Turn|p1a: Dondozo
|-resisted|p1a: Dondozo
|-damage|p1a: Dondozo|98/100 slp
|
|t:|1769349641
|switch|p2a: Meowscarada|Meowscarada, M|100/100|[from] Flip Turn
|
|upkeep
|turn|7
|
|t:|1769349646
|move|p2a: Meowscarada|Flower Trick|p1a: Dondozo
|-start|p2a: Meowscarada|typechange|Grass|[from] ability: Protean
|-supereffective|p1a: Dondozo
|-crit|p1a: Dondozo
|-damage|p1a: Dondozo|9/100 slp
|cant|p1a: Dondozo|slp
|move|p1a: Dondozo|Sleep Talk|p1a: Dondozo
|move|p1a: Dondozo|Rest||[from] move: Sleep Talk|[still]
|-fail|p1a: Dondozo
|
|upkeep
|turn|8
|
|t:|1769349660
|switch|p2a: Incineroar|Incineroar, F|93/100
|-ability|p2a: Incineroar|Intimidate|boost
|-unboost|p1a: Dondozo|atk|1
|switch|p1a: Corviknight|Corviknight, F|100/100
|-ability|p1a: Corviknight|Pressure
|
|upkeep
|turn|9
|
|t:|1769349667
|move|p1a: Corviknight|U-turn|p2a: Incineroar
|-damage|p2a: Incineroar|82/100
|
|t:|1769349670
|switch|p1a: Dondozo|Dondozo, M|9/100 slp|[from] U-turn
|move|p2a: Incineroar|Will-O-Wisp||[still]
|-fail|p2a: Incineroar
|
|upkeep
|turn|10
|
|t:|1769349682
|move|p2a: Incineroar|Flare Blitz|p1a: Dondozo
|-resisted|p1a: Dondozo
|-damage|p1a: Dondozo|0 fnt
|faint|p1a: Dondozo
|-damage|p2a: Incineroar|79/100|[from] Recoil
|
|upkeep
|
|t:|1769349687
|switch|p1a: Dragapult|Dragapult, M|100/100
|turn|11
|
|t:|1769349695
|switch|p1a: Gliscor|Gliscor, M|100/100
|-terastallize|p2a: Incineroar|Fairy
|move|p2a: Incineroar|Knock Off|p1a: Gliscor
|-damage|p1a: Gliscor|63/100
|-enditem|p1a: Gliscor|Choice Specs|[from] move: Knock Off|[of] p2a: Incineroar
|
|upkeep
|turn|12
|c|☆KING丶3266926956今余|666
|
|t:|1769349714
|move|p1a: Gliscor|Earthquake|p2a: Incineroar
|-damage|p2a: Incineroar|45/100
|move|p2a: Incineroar|Parting Shot|p1a: Gliscor
|-unboost|p1a: Gliscor|atk|1
|-unboost|p1a: Gliscor|spa|1
|
|t:|1769349729
|switch|p2a: Meowscarada|Meowscarada, M|100/100|[from] Parting Shot
|
|upkeep
|turn|13
|
|t:|1769349757
|move|p1a: Gliscor|Protect|p1a: Gliscor
|-singleturn|p1a: Gliscor|Protect
|move|p2a: Meowscarada|U-turn|p1a: Gliscor
|-start|p2a: Meowscarada|typechange|Bug|[from] ability: Protean
|-activate|p1a: Gliscor|move: Protect
|
|upkeep
|turn|14
|
|t:|1769349762
|move|p2a: Meowscarada|U-turn|p1a: Gliscor
|-resisted|p1a: Gliscor
|-damage|p1a: Gliscor|40/100
|
|t:|1769349767
|switch|p2a: Alomomola|Alomomola, F|100/100|[from] U-turn
|move|p1a: Gliscor|Swords Dance|p1a: Gliscor
|-boost|p1a: Gliscor|atk|2
|
|upkeep
|turn|15
|
|t:|1769349777
|move|p1a: Gliscor|Knock Off|p2a: Alomomola
|-damage|p2a: Alomomola|74/100
|-enditem|p2a: Alomomola|Lagging Tail|[from] move: Knock Off|[of] p1a: Gliscor
|move|p2a: Alomomola|Ice Beam|p1a: Gliscor
|-supereffective|p1a: Gliscor
|-damage|p1a: Gliscor|0 fnt
|faint|p1a: Gliscor
|
|upkeep
|
|t:|1769349784
|switch|p1a: Darkrai|Darkrai|100/100
|turn|16
|
|t:|1769349788
|move|p1a: Darkrai|Charge Beam|p2a: Alomomola
|-supereffective|p2a: Alomomola
|-damage|p2a: Alomomola|30/100
|move|p2a: Alomomola|Flip Turn|p1a: Darkrai
|-damage|p1a: Darkrai|80/100
|
|t:|1769349797
|switch|p2a: Luxray|Luxray, M|100/100|[from] Flip Turn
|
|-status|p2a: Luxray|brn|[from] item: Flame Orb
|upkeep
|turn|17
|
|t:|1769349801
|switch|p1a: Corviknight|Corviknight, F|100/100
|-ability|p1a: Corviknight|Pressure
|move|p2a: Luxray|Play Rough|p1a: Corviknight
|-resisted|p1a: Corviknight
|-damage|p1a: Corviknight|87/100
|-damage|p2a: Luxray|84/100 brn|[from] item: Rocky Helmet|[of] p1a: Corviknight
|
|-damage|p2a: Luxray|78/100 brn|[from] brn
|upkeep
|turn|18
|
|t:|1769349816
|switch|p2a: Alomomola|Alomomola, F|64/100
|move|p1a: Corviknight|U-turn|p2a: Alomomola
|-damage|p2a: Alomomola|53/100
|
|t:|1769349820
|switch|p1a: Darkrai|Darkrai|80/100|[from] U-turn
|
|upkeep
|turn|19
|
|t:|1769349831
|move|p1a: Darkrai|Dark Pulse|p2a: Alomomola
|-damage|p2a: Alomomola|3/100
|move|p2a: Alomomola|Flip Turn|p1a: Darkrai
|-damage|p1a: Darkrai|58/100
|
|t:|1769349843
|switch|p2a: Noctowl|Noctowl, F|100/100|[from] Flip Turn
|
|upkeep
|turn|20
|
|t:|1769349851
|move|p1a: Darkrai|Dark Pulse|p2a: Noctowl
|-damage|p2a: Noctowl|31/100
|move|p2a: Noctowl|Hyper Voice|p1a: Darkrai
|-damage|p1a: Darkrai|8/100
|
|upkeep
|turn|21
|
|t:|1769349863
|switch|p2a: Incineroar|Incineroar, F, tera:Fairy|45/100
|-ability|p2a: Incineroar|Intimidate|boost
|-unboost|p1a: Darkrai|atk|1
|move|p1a: Darkrai|Dark Pulse|p2a: Incineroar
|-resisted|p2a: Incineroar
|-damage|p2a: Incineroar|20/100
|
|upkeep
|turn|22
|
|t:|1769349882
|switch|p2a: Noctowl|Noctowl, F|31/100
|move|p1a: Darkrai|Dark Pulse|p2a: Noctowl
|-damage|p2a: Noctowl|0 fnt
|faint|p2a: Noctowl
|
|upkeep
|
|t:|1769349887
|switch|p2a: Meowscarada|Meowscarada, M|100/100
|turn|23
|
|t:|1769349909
|switch|p1a: Corviknight|Corviknight, F|87/100
|-ability|p1a: Corviknight|Pressure
|switch|p2a: Alomomola|Alomomola, F|36/100
|
|upkeep
|turn|24
|
|t:|1769349918
|move|p1a: Corviknight|Brave Bird|p2a: Alomomola
|-damage|p2a: Alomomola|11/100
|-damage|p1a: Corviknight|76/100|[from] Recoil
|move|p2a: Alomomola|Wish|p2a: Alomomola
|
|upkeep
|turn|25
|
|t:|1769349928
|switch|p2a: Incineroar|Incineroar, F, tera:Fairy|20/100
|-ability|p2a: Incineroar|Intimidate|boost
|-unboost|p1a: Corviknight|atk|1
|move|p1a: Corviknight|U-turn|p2a: Incineroar
|-resisted|p2a: Incineroar
|-damage|p2a: Incineroar|16/100
|
|t:|1769349937
|switch|p1a: Darkrai|Darkrai|8/100|[from] U-turn
|
|-heal|p2a: Incineroar|83/100|[from] move: Wish|[wisher] Alomomola
|upkeep
|turn|26
|
|t:|1769349943
|move|p1a: Darkrai|Sludge Bomb|p2a: Incineroar
|-supereffective|p2a: Incineroar
|-damage|p2a: Incineroar|0 fnt
|faint|p2a: Incineroar
|
|upkeep
|
|t:|1769349947
|switch|p2a: Meowscarada|Meowscarada, M|100/100
|turn|27
|
|t:|1769349959
|move|p2a: Meowscarada|Sucker Punch|p1a: Darkrai
|-start|p2a: Meowscarada|typechange|Dark|[from] ability: Protean
|-resisted|p1a: Darkrai
|-damage|p1a: Darkrai|0 fnt
|faint|p1a: Darkrai
|
|upkeep
|
|t:|1769349962
|switch|p1a: Slowking|Slowking-Galar, F|100/100
|turn|28
|
|t:|1769349968
|switch|p2a: Meowstic|Meowstic, M|31/100
|move|p1a: Slowking|Thunder Wave|p2a: Meowstic|[miss]
|-miss|p1a: Slowking|p2a: Meowstic
|
|upkeep
|turn|29
|l|☆Matrixmarion
|inactive|Matrixmarion disconnected and has a minute to reconnect!
|player|p1|
|j|☆Matrixmarion
|inactive|Matrixmarion reconnected and has 105 seconds left.
|player|p1|Matrixmarion|veteran|
|
|t:|1769350021
|move|p2a: Meowstic|Light Screen|p2a: Meowstic
|-sidestart|p2: KING丶3266926956今余|move: Light Screen
|-prepare|p1a: Slowking|Chilly Reception|[premajor]
|move|p1a: Slowking|Chilly Reception|p1a: Slowking
|-weather|Snowscape
|l|☆Matrixmarion
|inactive|Matrixmarion disconnected and has a minute to reconnect!
|player|p1|
|j|☆Matrixmarion
|inactive|Matrixmarion reconnected and has 85 seconds left.
|player|p1|Matrixmarion|veteran|
|
|t:|1769350051
|switch|p1a: Dragapult|Dragapult, M|100/100|[from] Chilly Reception
|
|-weather|Snowscape|[upkeep]
|upkeep
|turn|30
|
|t:|1769350055
|move|p2a: Meowstic|Trick|p1a: Dragapult
|-activate|p2a: Meowstic|move: Trick|[of] p1a: Dragapult
|-enditem|p1a: Dragapult|Choice Band|[silent]|[from] move: Trick
|-item|p2a: Meowstic|Choice Band|[from] move: Trick
|move|p1a: Dragapult|Dragon Darts|p2a: Meowstic
|-damage|p2a: Meowstic|0 fnt
|faint|p2a: Meowstic
|
|-weather|Snowscape|[upkeep]
|upkeep
|
|t:|1769350067
|switch|p2a: Meowscarada|Meowscarada, M|100/100
|turn|31
|
|t:|1769350072
|move|p2a: Meowscarada|Sucker Punch|p1a: Dragapult
|-start|p2a: Meowscarada|typechange|Dark|[from] ability: Protean
|-supereffective|p1a: Dragapult
|-damage|p1a: Dragapult|0 fnt
|faint|p1a: Dragapult
|
|-weather|Snowscape|[upkeep]
|upkeep
|
|t:|1769350079
|switch|p1a: Corviknight|Corviknight, F|76/100
|-ability|p1a: Corviknight|Pressure
|turn|32
|
|t:|1769350088
|switch|p2a: Alomomola|Alomomola, F|45/100
|move|p1a: Corviknight|U-turn|p2a: Alomomola
|-damage|p2a: Alomomola|34/100
|
|t:|1769350095
|switch|p1a: Slowking|Slowking-Galar, F|100/100|[from] U-turn
|
|-weather|Snowscape|[upkeep]
|upkeep
|turn|33
|
|t:|1769350098
|move|p2a: Alomomola|Wish|p2a: Alomomola
|move|p1a: Slowking|Psychic Noise|p2a: Alomomola
|-damage|p2a: Alomomola|22/100
|-start|p2a: Alomomola|move: Heal Block
|
|-weather|none
|-sideend|p2: KING丶3266926956今余|move: Light Screen
|upkeep
|turn|34
|inactive|Matrixmarion has 120 seconds left.
|
|t:|1769350108
|move|p2a: Alomomola|Flip Turn|p1a: Slowking
|-damage|p1a: Slowking|82/100
|
|t:|1769350114
|switch|p2a: Luxray|Luxray, M|78/100 brn|[from] Flip Turn
|move|p1a: Slowking|Sludge Bomb|p2a: Luxray
|-damage|p2a: Luxray|35/100 brn
|
|-heal|p2a: Luxray|100/100 brn|[from] move: Wish|[wisher] Alomomola
|-heal|p1a: Slowking|88/100|[from] item: Leftovers
|-damage|p2a: Luxray|95/100 brn|[from] brn
|upkeep
|turn|35
|
|t:|1769350125
|move|p2a: Luxray|Crunch|p1a: Slowking
|-supereffective|p1a: Slowking
|-damage|p1a: Slowking|0 fnt
|faint|p1a: Slowking
|
|-damage|p2a: Luxray|89/100 brn|[from] brn
|upkeep
|
|t:|1769350128
|switch|p1a: Corviknight|Corviknight, F|76/100
|-ability|p1a: Corviknight|Pressure
|turn|36
|
|t:|1769350133
|-terastallize|p1a: Corviknight|Poison
|move|p2a: Luxray|Crunch|p1a: Corviknight
|-damage|p1a: Corviknight|50/100
|-unboost|p1a: Corviknight|def|1
|-damage|p2a: Luxray|72/100 brn|[from] item: Rocky Helmet|[of] p1a: Corviknight
|move|p1a: Corviknight|Roost|p1a: Corviknight
|-heal|p1a: Corviknight|99/100
|
|-damage|p2a: Luxray|66/100 brn|[from] brn
|upkeep
|turn|37
|
|t:|1769350141
|move|p2a: Luxray|Facade|p1a: Corviknight
|-damage|p1a: Corviknight|28/100
|-damage|p2a: Luxray|49/100 brn|[from] item: Rocky Helmet|[of] p1a: Corviknight
|move|p1a: Corviknight|Brave Bird|p2a: Luxray
|-resisted|p2a: Luxray
|-damage|p2a: Luxray|22/100 brn
|-damage|p1a: Corviknight|21/100|[from] Recoil
|
|-damage|p2a: Luxray|16/100 brn|[from] brn
|upkeep
|turn|38
|
|t:|1769350155
|move|p2a: Luxray|Facade|p1a: Corviknight
|-damage|p1a: Corviknight|0 fnt
|-damage|p2a: Luxray|0 fnt|[from] item: Rocky Helmet|[of] p1a: Corviknight
|faint|p1a: Corviknight
|faint|p2a: Luxray
|
|win|KING丶3266926956今余
|raw|Matrixmarion's rating: 1267 &rarr; <strong>1238</strong><br />(-29 for losing)
|raw|KING丶3266926956今余's rating: 1214 &rarr; <strong>1243</strong><br />(+29 for winning)
|c|☆KING丶3266926956今余|gg
|l|☆Matrixmarion
|player|p1|
|l|☆KING丶3266926956今余
|player|p2|
