|j|☆mckilly
|j|☆fck_yellow_magic
|t:|1769335555
|gametype|singles
|player|p1|mckilly|wally|1468
|player|p2|fck_yellow_magic|janitor-gen9|1634
|gen|9
|tier|[Gen 9] OU
|rated|
|rule|HP Percentage Mod: HP is shown in percentages
|rule|Endless Battle Clause: Forcing endless battles is banned
|rule|Species Clause: Limit one of each Pokémon
|rule|OHKO Clause: OHKO moves are banned
|rule|Evasion Items Clause: Evasion items are banned
|rule|Evasion Moves Clause: Evasion moves are banned
|rule|Evasion Abilities Clause: Evasion abilities are banned
|rule|Sleep Moves Clause: Sleep-inducing moves are banned
|clearpoke
|poke|p1|Heatran, F|
|poke|p1|Pecharunt|
|poke|p1|Iron Valiant|
|poke|p1|Great Tusk|
|poke|p1|Zapdos|
|poke|p1|Weavile, M|
|poke|p2|Clodsire, M|
|poke|p2|Conkeldurr, F|
|poke|p2|Zapdos|
|poke|p2|Skarmory, F|
|poke|p2|Sinistcha|
|poke|p2|Ceruledge, F|
|teampreview
|inactive|Battle timer is ON: inactive players will automatically lose when time's up. (requested by mckilly)
|
|t:|1769335574
|teamsize|p1|6
|teamsize|p2|6
|start
|switch|p1a: Weavile|Weavile, M|100/100
|switch|p2a: Wide Shoulder|Conkeldurr, F|100/100
|-ability|p1a: Weavile|Pressure
|turn|1
|
|t:|1769335580
|move|p1a: Weavile|Knock Off|p2a: Wide Shoulder
|-resisted|p2a: Wide Shoulder
|-damage|p2a: Wide Shoulder|82/100
|-enditem|p2a: Wide Shoulder|Assault Vest|[from] move: Knock Off|[of] p1a: Weavile
|move|p2a: Wide Shoulder|Knock Off|p1a: Weavile
|-resisted|p1a: Weavile
|-damage|p1a: Weavile|74/100
|-enditem|p1a: Weavile|Focus Sash|[from] move: Knock Off|[of] p2a: Wide Shoulder
|
|upkeep
|turn|2
|
|t:|1769335590
|move|p2a: Wide Shoulder|Mach Punch|p1a: Weavile
|-supereffective|p1a: Weavile
|-damage|p1a: Weavile|0 fnt
|faint|p1a: Weavile
|
|upkeep
|
|t:|1769335594
|switch|p1a: Zapdos|Zapdos|100/100
|turn|3
|
|t:|1769335599
|move|p1a: Zapdos|Air Cutter|p2a: Wide Shoulder
|-supereffective|p2a: Wide Shoulder
|-damage|p2a: Wide Shoulder|30/100
|move|p2a: Wide Shoulder|Knock Off|p1a: Zapdos
|-damage|p1a: Zapdos|60/100
|-enditem|p1a: Zapdos|Heavy-Duty Boots|[from] move: Knock Off|[of] p2a: Wide Shoulder
|
|upkeep
|turn|4
|
|t:|1769335607
|switch|p2a: Fat Body|Clodsire, M|100/100
|move|p1a: Zapdos|Volt Switch|p2a: Fat Body
|-immune|p2a: Fat Body
|
|upkeep
|turn|5
|
|t:|1769335612
|switch|p1a: Pecharunt|Pecharunt|100/100
|switch|p2a: Rolling Thunder|Zapdos|100/100
|-ability|p2a: Rolling Thunder|Pressure
|
|upkeep
|turn|6
|
|t:|1769335623
|move|p2a: Rolling Thunder|Hurricane|p1a: Pecharunt
|-damage|p1a: Pecharunt|13/100
|-start|p1a: Pecharunt|confusion
|-activate|p1a: Pecharunt|confusion
|move|p1a: Pecharunt|Parting Shot|p2a: Rolling Thunder
|-unboost|p2a: Rolling Thunder|atk|1
|-unboost|p2a: Rolling Thunder|spa|1
|
|t:|1769335629
|switch|p1a: Zapdos|Zapdos|60/100|[from] Parting Shot
|
|upkeep
|turn|7
|
|t:|1769335634
|switch|p2a: Fat Body|Clodsire, M|100/100
|move|p1a: Zapdos|Roost|p1a: Zapdos
|-heal|p1a: Zapdos|100/100
|-singleturn|p1a: Zapdos|move: Roost
|
|upkeep
|turn|8
|
|t:|1769335641
|move|p1a: Zapdos|Thunderbolt|p2a: Fat Body
|-immune|p2a: Fat Body
|move|p2a: Fat Body|Earthquake|p1a: Zapdos
|-immune|p1a: Zapdos
|
|upkeep
|turn|9
|
|t:|1769335648
|switch|p1a: Pecharunt|Pecharunt|13/100
|move|p2a: Fat Body|Toxic|p1a: Pecharunt
|-immune|p1a: Pecharunt
|
|-heal|p1a: Pecharunt|19/100|[from] item: Leftovers
|upkeep
|turn|10
|
|t:|1769335654
|move|p1a: Pecharunt|Recover|p1a: Pecharunt
|-heal|p1a: Pecharunt|69/100
|move|p2a: Fat Body|Stealth Rock|p1a: Pecharunt
|-sidestart|p1: mckilly|move: Stealth Rock
|
|-heal|p1a: Pecharunt|75/100|[from] item: Leftovers
|upkeep
|turn|11
|
|t:|1769335662
|switch|p2a: Metal Wing|Skarmory, F|100/100
|move|p1a: Pecharunt|Parting Shot|p2a: Metal Wing
|-unboost|p2a: Metal Wing|atk|1
|-unboost|p2a: Metal Wing|spa|1
|
|t:|1769335668
|switch|p1a: Great Tusk|Great Tusk|100/100|[from] Parting Shot
|-damage|p1a: Great Tusk|98/100|[from] Stealth Rock
|
|-heal|p1a: Great Tusk|100/100|[from] item: Leftovers
|upkeep
|turn|12
|
|t:|1769335674
|switch|p2a: Rolling Thunder|Zapdos|100/100
|-ability|p2a: Rolling Thunder|Pressure
|move|p1a: Great Tusk|Stealth Rock|p2a: Rolling Thunder
|-sidestart|p2: fck_yellow_magic|move: Stealth Rock
|
|upkeep
|turn|13
|
|t:|1769335681
|-end|p1a: Great Tusk|Protosynthesis|[silent]
|switch|p1a: Zapdos|Zapdos|100/100
|-damage|p1a: Zapdos|76/100|[from] Stealth Rock
|move|p2a: Rolling Thunder|Hurricane|p1a: Zapdos|[miss]
|-miss|p2a: Rolling Thunder|p1a: Zapdos
|
|upkeep
|turn|14
|
|t:|1769335688
|move|p2a: Rolling Thunder|Hurricane|p1a: Zapdos
|-resisted|p1a: Zapdos
|-damage|p1a: Zapdos|29/100
|move|p1a: Zapdos|Thunderbolt|p2a: Rolling Thunder
|-damage|p2a: Rolling Thunder|44/100
|
|upkeep
|turn|15
|
|t:|1769335695
|switch|p1a: Great Tusk|Great Tusk|100/100
|-damage|p1a: Great Tusk|98/100|[from] Stealth Rock
|move|p2a: Rolling Thunder|Hurricane|p1a: Great Tusk
|-supereffective|p1a: Great Tusk
|-damage|p1a: Great Tusk|0 fnt
|faint|p1a: Great Tusk
|-end|p1a: Great Tusk|Protosynthesis|[silent]
|
|upkeep
|
|t:|1769335706
|switch|p1a: Heatran|Heatran, F|100/100
|-damage|p1a: Heatran|88/100|[from] Stealth Rock
|-item|p1a: Heatran|Air Balloon
|turn|16
|
|t:|1769335722
|move|p2a: Rolling Thunder|Hurricane|p1a: Heatran
|-resisted|p1a: Heatran
|-damage|p1a: Heatran|55/100
|-enditem|p1a: Heatran|Air Balloon
|move|p1a: Heatran|Lava Plume|p2a: Rolling Thunder
|-damage|p2a: Rolling Thunder|0 fnt
|faint|p2a: Rolling Thunder
|
|upkeep
|
|t:|1769335733
|switch|p2a: Fat Body|Clodsire, M|100/100
|-damage|p2a: Fat Body|94/100|[from] Stealth Rock
|turn|17
|
|t:|1769335738
|move|p1a: Heatran|Scorching Sands|p2a: Fat Body
|-supereffective|p2a: Fat Body
|-damage|p2a: Fat Body|57/100
|move|p2a: Fat Body|Earthquake|p1a: Heatran
|-supereffective|p1a: Heatran
|-damage|p1a: Heatran|0 fnt
|faint|p1a: Heatran
|
|-heal|p2a: Fat Body|63/100|[from] item: Leftovers
|upkeep
|
|t:|1769335749
|switch|p1a: Zapdos|Zapdos|29/100
|-damage|p1a: Zapdos|4/100|[from] Stealth Rock
|turn|18
|
|t:|1769335753
|move|p1a: Zapdos|Roost|p1a: Zapdos
|-heal|p1a: Zapdos|54/100
|-singleturn|p1a: Zapdos|move: Roost
|move|p2a: Fat Body|Toxic|p1a: Zapdos
|-status|p1a: Zapdos|tox
|
|-heal|p2a: Fat Body|69/100|[from] item: Leftovers
|-damage|p1a: Zapdos|48/100 tox|[from] psn
|upkeep
|turn|19
|
|t:|1769335762
|move|p1a: Zapdos|Roost|p1a: Zapdos
|-heal|p1a: Zapdos|98/100 tox
|-singleturn|p1a: Zapdos|move: Roost
|move|p2a: Fat Body|Toxic|p1a: Zapdos
|-fail|p1a: Zapdos|tox
|
|-heal|p2a: Fat Body|76/100|[from] item: Leftovers
|-damage|p1a: Zapdos|85/100 tox|[from] psn
|upkeep
|turn|20
|
|t:|1769335771
|switch|p1a: Pecharunt|Pecharunt|75/100
|-damage|p1a: Pecharunt|63/100|[from] Stealth Rock
|move|p2a: Fat Body|Earthquake|p1a: Pecharunt
|-supereffective|p1a: Pecharunt
|-damage|p1a: Pecharunt|32/100
|
|-heal|p1a: Pecharunt|38/100|[from] item: Leftovers
|-heal|p2a: Fat Body|82/100|[from] item: Leftovers
|upkeep
|turn|21
|
|t:|1769335782
|move|p1a: Pecharunt|Hex|p2a: Fat Body
|-damage|p2a: Fat Body|61/100
|move|p2a: Fat Body|Earthquake|p1a: Pecharunt
|-supereffective|p1a: Pecharunt
|-damage|p1a: Pecharunt|6/100
|
|-heal|p1a: Pecharunt|12/100|[from] item: Leftovers
|-heal|p2a: Fat Body|67/100|[from] item: Leftovers
|upkeep
|turn|22
|
|t:|1769335789
|switch|p2a: Metal Wing|Skarmory, F|100/100
|-damage|p2a: Metal Wing|88/100|[from] Stealth Rock
|move|p1a: Pecharunt|Recover|p1a: Pecharunt
|-heal|p1a: Pecharunt|62/100
|
|-heal|p1a: Pecharunt|68/100|[from] item: Leftovers
|-heal|p2a: Metal Wing|94/100|[from] item: Leftovers
|upkeep
|turn|23
|
|t:|1769335798
|move|p1a: Pecharunt|Parting Shot|p2a: Metal Wing
|-unboost|p2a: Metal Wing|atk|1
|-unboost|p2a: Metal Wing|spa|1
|
|t:|1769335801
|switch|p1a: Zapdos|Zapdos|85/100 tox|[from] Parting Shot
|-damage|p1a: Zapdos|60/100 tox|[from] Stealth Rock
|move|p2a: Metal Wing|Spikes|p1a: Zapdos
|-sidestart|p1: mckilly|Spikes
|
|-heal|p2a: Metal Wing|99/100|[from] item: Leftovers
|-damage|p1a: Zapdos|54/100 tox|[from] psn
|upkeep
|turn|24
|
|t:|1769335810
|switch|p2a: Fat Body|Clodsire, M|67/100
|-damage|p2a: Fat Body|61/100|[from] Stealth Rock
|move|p1a: Zapdos|Thunderbolt|p2a: Fat Body
|-immune|p2a: Fat Body
|
|-heal|p2a: Fat Body|67/100|[from] item: Leftovers
|-damage|p1a: Zapdos|42/100 tox|[from] psn
|upkeep
|turn|25
|-message|mckilly forfeited.
|
|win|fck_yellow_magic
|raw|mckilly's rating: 1468 &rarr; <strong>1457</strong><br />(-11 for losing)
|raw|fck_yellow_magic's rating: 1634 &rarr; <strong>1645</strong><br />(+11 for winning)
|l|☆mckilly
|player|p1|
|l|☆fck_yellow_magic
|player|p2|
