|j|☆Skayboy31
|j|☆dragonyuk
|t:|1769294567
|gametype|singles
|player|p1|Skayboy31|lucas|1245
|player|p2|dragonyuk|169|1184
|gen|9
|tier|[Gen 9] OU
|rated|
|rule|HP Percentage Mod: HP is shown in percentages
|rule|Endless Battle Clause: Forcing endless battles is banned
|rule|Species Clause: Limit one of each Pokémon
|rule|OHKO Clause: OHKO moves are banned
|rule|Evasion Items Clause: Evasion items are banned
|rule|Evasion Moves Clause: Evasion moves are banned
|rule|Evasion Abilities Clause: Evasion abilities are banned
|rule|Sleep Moves Clause: Sleep-inducing moves are banned
|clearpoke
|poke|p1|Walking Wake|
|poke|p1|Amoonguss, F|
|poke|p1|Ceruledge, M|
|poke|p1|Hatterene, F|
|poke|p1|Torkoal, F|
|poke|p1|Kingambit, M|
|poke|p2|Eelektross, F|
|poke|p2|Shiftry, M|
|poke|p2|Torkoal, F|
|poke|p2|Mimikyu, F|
|poke|p2|Arboliva, M|
|poke|p2|Cinderace, F|
|teampreview
|inactive|Battle timer is ON: inactive players will automatically lose when time's up. (requested by dragonyuk)
|
|t:|1769294575
|teamsize|p1|6
|teamsize|p2|6
|start
|switch|p1a: Torkoal|Torkoal, F|100/100
|switch|p2a: Immortal|Arboliva, M|100/100
|-weather|SunnyDay|[from] ability: Drought|[of] p1a: Torkoal
|turn|1
|
|t:|1769294583
|move|p2a: Immortal|Leech Seed|p1a: Torkoal|[miss]
|-miss|p2a: Immortal|p1a: Torkoal
|move|p1a: Torkoal|Eruption|p2a: Immortal
|-supereffective|p2a: Immortal
|-damage|p2a: Immortal|17/100
|-enditem|p2a: Immortal|Sitrus Berry|[eat]
|-heal|p2a: Immortal|42/100|[from] item: Sitrus Berry
|
|-weather|SunnyDay|[upkeep]
|-item|p2a: Immortal|Sitrus Berry|[from] ability: Harvest
|upkeep
|-enditem|p2a: Immortal|Sitrus Berry|[eat]
|-heal|p2a: Immortal|67/100|[from] item: Sitrus Berry
|turn|2
|
|t:|1769294596
|move|p2a: Immortal|Earth Power|p1a: Torkoal
|-supereffective|p1a: Torkoal
|-damage|p1a: Torkoal|31/100
|move|p1a: Torkoal|Eruption|p2a: Immortal
|-supereffective|p2a: Immortal
|-damage|p2a: Immortal|37/100
|
|-weather|SunnyDay|[upkeep]
|-item|p2a: Immortal|Sitrus Berry|[from] ability: Harvest
|upkeep
|-enditem|p2a: Immortal|Sitrus Berry|[eat]
|-heal|p2a: Immortal|62/100|[from] item: Sitrus Berry
|turn|3
|
|t:|1769294609
|switch|p1a: Walking Wake|Walking Wake|100/100
|-activate|p1a: Walking Wake|ability: Protosynthesis
|-start|p1a: Walking Wake|protosynthesisspe
|move|p2a: Immortal|Leech Seed|p1a: Walking Wake
|-start|p1a: Walking Wake|move: Leech Seed
|
|-weather|SunnyDay|[upkeep]
|-damage|p1a: Walking Wake|88/100|[from] Leech Seed|[of] p2a: Immortal
|-heal|p2a: Immortal|73/100|[silent]
|-item|p2a: Immortal|Sitrus Berry|[from] ability: Harvest
|upkeep
|turn|4
|
|t:|1769294620
|move|p2a: Immortal|Protect|p2a: Immortal
|-singleturn|p2a: Immortal|Protect
|move|p1a: Walking Wake|Flamethrower|p2a: Immortal
|-activate|p2a: Immortal|move: Protect
|
|-weather|SunnyDay|[upkeep]
|-damage|p1a: Walking Wake|76/100|[from] Leech Seed|[of] p2a: Immortal
|-heal|p2a: Immortal|85/100|[silent]
|upkeep
|turn|5
|
|t:|1769294632
|switch|p2a: Bunny|Cinderace, F|100/100
|move|p1a: Walking Wake|Flamethrower|p2a: Bunny
|-resisted|p2a: Bunny
|-damage|p2a: Bunny|50/100
|
|-weather|SunnyDay|[upkeep]
|-damage|p1a: Walking Wake|64/100|[from] Leech Seed|[of] p2a: Bunny
|-heal|p2a: Bunny|63/100|[silent]
|upkeep
|turn|6
|
|t:|1769294645
|-end|p1a: Walking Wake|Protosynthesis|[silent]
|switch|p1a: Torkoal|Torkoal, F|31/100
|switch|p2a: Mooooo|Torkoal, F|100/100
|
|-weather|SunnyDay|[upkeep]
|upkeep
|turn|7
|
|t:|1769294653
|switch|p1a: Walking Wake|Walking Wake|64/100
|-activate|p1a: Walking Wake|ability: Protosynthesis
|-start|p1a: Walking Wake|protosynthesisspe
|move|p2a: Mooooo|Stealth Rock|p1a: Walking Wake
|-sidestart|p1: Skayboy31|move: Stealth Rock
|
|-weather|SunnyDay|[upkeep]
|upkeep
|turn|8
|
|t:|1769294661
|move|p1a: Walking Wake|Hydro Steam|p2a: Mooooo
|-supereffective|p2a: Mooooo
|-damage|p2a: Mooooo|0 fnt
|faint|p2a: Mooooo
|
|-weather|none
|-end|p1a: Walking Wake|Protosynthesis
|upkeep
|
|t:|1769294675
|switch|p2a: Immortal|Arboliva, M|85/100
|turn|9
|
|t:|1769294679
|move|p1a: Walking Wake|Hydro Steam|p2a: Immortal
|-resisted|p2a: Immortal
|-damage|p2a: Immortal|66/100
|move|p2a: Immortal|Leech Seed|p1a: Walking Wake
|-start|p1a: Walking Wake|move: Leech Seed
|
|-damage|p1a: Walking Wake|51/100|[from] Leech Seed|[of] p2a: Immortal
|-heal|p2a: Immortal|77/100|[silent]
|upkeep
|turn|10
|
|t:|1769294688
|-end|p1a: Walking Wake|Protosynthesis|[silent]
|switch|p1a: Torkoal|Torkoal, F|31/100
|-damage|p1a: Torkoal|6/100|[from] Stealth Rock
|-weather|SunnyDay|[from] ability: Drought|[of] p1a: Torkoal
|move|p2a: Immortal|Earth Power|p1a: Torkoal
|-supereffective|p1a: Torkoal
|-damage|p1a: Torkoal|0 fnt
|faint|p1a: Torkoal
|
|-weather|SunnyDay|[upkeep]
|upkeep
|
|t:|1769294699
|switch|p1a: Walking Wake|Walking Wake|51/100
|-damage|p1a: Walking Wake|39/100|[from] Stealth Rock
|-activate|p1a: Walking Wake|ability: Protosynthesis
|-start|p1a: Walking Wake|protosynthesisspe
|turn|11
|
|t:|1769294706
|switch|p2a: Bunny|Cinderace, F|63/100
|move|p1a: Walking Wake|Hydro Steam|p2a: Bunny
|-supereffective|p2a: Bunny
|-damage|p2a: Bunny|0 fnt
|faint|p2a: Bunny
|
|-weather|SunnyDay|[upkeep]
|upkeep
|
|t:|1769294710
|switch|p2a: Reaper|Shiftry, M|100/100
|turn|12
|
|t:|1769294727
|move|p1a: Walking Wake|Hydro Steam|p2a: Reaper
|-resisted|p2a: Reaper
|-damage|p2a: Reaper|23/100
|move|p2a: Reaper|Knock Off|p1a: Walking Wake
|-damage|p1a: Walking Wake|0 fnt
|-enditem|p1a: Walking Wake|Choice Specs|[from] move: Knock Off|[of] p2a: Reaper
|faint|p1a: Walking Wake
|-end|p1a: Walking Wake|Protosynthesis|[silent]
|-damage|p2a: Reaper|13/100|[from] item: Life Orb
|
|-weather|SunnyDay|[upkeep]
|upkeep
|
|t:|1769294739
|switch|p1a: Amoonguss|Amoonguss, F|100/100
|-damage|p1a: Amoonguss|88/100|[from] Stealth Rock
|turn|13
|
|t:|1769294746
|move|p2a: Reaper|Explosion|p1a: Amoonguss
|-damage|p1a: Amoonguss|6/100
|faint|p2a: Reaper
|-enditem|p1a: Amoonguss|Eject Button
|
|t:|1769294755
|switch|p1a: Ceruledge|Ceruledge, M|100/100
|-damage|p1a: Ceruledge|76/100|[from] Stealth Rock
|
|-weather|SunnyDay|[upkeep]
|upkeep
|
|t:|1769294760
|switch|p2a: Cutie Patootie|Mimikyu, F|100/100
|turn|14
|
|t:|1769294767
|move|p1a: Ceruledge|Shadow Sneak|p2a: Cutie Patootie
|-activate|p2a: Cutie Patootie|ability: Disguise
|-damage|p2a: Cutie Patootie|100/100
|detailschange|p2a: Cutie Patootie|Mimikyu-Busted, F
|-damage|p2a: Cutie Patootie|88/100|[from] pokemon: Mimikyu-Busted
|move|p2a: Cutie Patootie|Curse|p1a: Ceruledge
|-start|p1a: Ceruledge|Curse|[of] p2a: Cutie Patootie
|-damage|p2a: Cutie Patootie|38/100
|
|-weather|SunnyDay|[upkeep]
|-damage|p1a: Ceruledge|51/100|[from] Curse
|upkeep
|turn|15
|
|t:|1769294779
|switch|p2a: Immortal|Arboliva, M|77/100
|move|p1a: Ceruledge|Shadow Sneak|p2a: Immortal
|-immune|p2a: Immortal
|
|-weather|SunnyDay|[upkeep]
|-damage|p1a: Ceruledge|26/100|[from] Curse
|upkeep
|turn|16
|
|t:|1769294787
|move|p2a: Immortal|Protect|p2a: Immortal
|-singleturn|p2a: Immortal|Protect
|move|p1a: Ceruledge|Bitter Blade|p2a: Immortal
|-activate|p2a: Immortal|move: Protect
|
|-weather|SunnyDay|[upkeep]
|-damage|p1a: Ceruledge|2/100|[from] Curse
|upkeep
|turn|17
|
|t:|1769294802
|switch|p2a: Cutie Patootie|Mimikyu-Busted, F|38/100
|move|p1a: Ceruledge|Bitter Blade|p2a: Cutie Patootie
|-damage|p2a: Cutie Patootie|0 fnt
|-heal|p1a: Ceruledge|18/100|[from] drain|[of] p2a: Cutie Patootie
|faint|p2a: Cutie Patootie
|
|-weather|none
|-damage|p1a: Ceruledge|0 fnt|[from] Curse
|faint|p1a: Ceruledge
|upkeep
|
|t:|1769294818
|switch|p2a: zap|Eelektross, F|100/100
|switch|p1a: Amoonguss|Amoonguss, F|39/100
|-damage|p1a: Amoonguss|26/100|[from] Stealth Rock
|turn|18
|
|t:|1769294826
|move|p2a: zap|Coil|p2a: zap
|-boost|p2a: zap|atk|1
|-boost|p2a: zap|def|1
|-boost|p2a: zap|accuracy|1
|move|p1a: Amoonguss|Sludge Bomb|p2a: zap
|-crit|p2a: zap
|-damage|p2a: zap|50/100
|
|-heal|p2a: zap|56/100|[from] item: Leftovers
|upkeep
|turn|19
|
|t:|1769294836
|move|p2a: zap|Coil|p2a: zap
|-boost|p2a: zap|atk|1
|-boost|p2a: zap|def|1
|-boost|p2a: zap|accuracy|1
|move|p1a: Amoonguss|Toxic|p2a: zap
|-status|p2a: zap|tox
|
|-heal|p2a: zap|62/100 tox|[from] item: Leftovers
|-damage|p2a: zap|56/100 tox|[from] psn
|upkeep
|turn|20
|
|t:|1769294846
|-terastallize|p2a: zap|Electric
|move|p2a: zap|Zap Cannon|p1a: Amoonguss
|-resisted|p1a: Amoonguss
|-damage|p1a: Amoonguss|0 fnt
|faint|p1a: Amoonguss
|
|-heal|p2a: zap|62/100 tox|[from] item: Leftovers
|-damage|p2a: zap|50/100 tox|[from] psn
|upkeep
|
|t:|1769294862
|switch|p1a: Kingambit|Kingambit, M|100/100
|-damage|p1a: Kingambit|94/100|[from] Stealth Rock
|-activate|p1a: Kingambit|ability: Supreme Overlord
|-start|p1a: Kingambit|fallen4|[silent]
|turn|21
|
|t:|1769294876
|move|p1a: Kingambit|Swords Dance|p1a: Kingambit
|-boost|p1a: Kingambit|atk|2
|move|p2a: zap|Drain Punch|p1a: Kingambit
|-supereffective|p1a: Kingambit
|-damage|p1a: Kingambit|0 fnt
|-heal|p2a: zap|95/100 tox|[from] drain|[of] p1a: Kingambit
|faint|p1a: Kingambit
|-end|p1a: Kingambit|fallen4|[silent]
|
|-heal|p2a: zap|100/100 tox|[from] item: Leftovers
|-damage|p2a: zap|82/100 tox|[from] psn
|upkeep
|
|t:|1769294888
|switch|p1a: Hatterene|Hatterene, F|100/100
|-damage|p1a: Hatterene|88/100|[from] Stealth Rock
|turn|22
|
|t:|1769294895
|move|p2a: zap|Zap Cannon|p1a: Hatterene
|-damage|p1a: Hatterene|18/100
|-status|p1a: Hatterene|par
|move|p1a: Hatterene|Draining Kiss|p2a: zap
|-damage|p2a: zap|54/100 tox
|-heal|p1a: Hatterene|42/100 par|[from] drain|[of] p2a: zap
|
|-heal|p2a: zap|60/100 tox|[from] item: Leftovers
|-heal|p1a: Hatterene|48/100 par|[from] item: Leftovers
|-damage|p2a: zap|35/100 tox|[from] psn
|upkeep
|turn|23
|-message|Skayboy31 forfeited.
|
|win|dragonyuk
|raw|Skayboy31's rating: 1245 &rarr; <strong>1216</strong><br />(-29 for losing)
|raw|dragonyuk's rating: 1184 &rarr; <strong>1213</strong><br />(+29 for winning)
|l|☆Skayboy31
|player|p1|
|l|☆dragonyuk
|player|p2|
