|j|☆UR FUKN RAPlST3828
|j|☆Nowa Man
|t:|1769346871
|gametype|singles
|player|p1|UR FUKN RAPlST3828|170|1107
|player|p2|Nowa Man|hiker-gen4|1109
|gen|9
|tier|[Gen 9] OU
|rated|
|rule|HP Percentage Mod: HP is shown in percentages
|rule|Endless Battle Clause: Forcing endless battles is banned
|rule|Species Clause: Limit one of each Pokémon
|rule|OHKO Clause: OHKO moves are banned
|rule|Evasion Items Clause: Evasion items are banned
|rule|Evasion Moves Clause: Evasion moves are banned
|rule|Evasion Abilities Clause: Evasion abilities are banned
|rule|Sleep Moves Clause: Sleep-inducing moves are banned
|clearpoke
|poke|p1|Barraskewda, F|
|poke|p1|Iron Treads|
|poke|p1|Hatterene, F|
|poke|p1|Zapdos|
|poke|p1|Pelipper, M|
|poke|p1|Toxicroak, F|
|poke|p2|Ditto|
|poke|p2|Staraptor, M|
|poke|p2|Zoroark-Hisui, F|
|poke|p2|Tauros, M|
|poke|p2|Cinccino, M|
|poke|p2|Pyroar, M|
|teampreview
|inactive|Battle timer is ON: inactive players will automatically lose when time's up. (requested by Nowa Man)
|
|t:|1769346884
|teamsize|p1|6
|teamsize|p2|6
|start
|switch|p1a: Pelipper|Pelipper, M, shiny|100/100
|switch|p2a: Cinccino|Cinccino, M|100/100
|-weather|RainDance|[from] ability: Drizzle|[of] p1a: Pelipper
|turn|1
|
|t:|1769346902
|switch|p1a: Iron Treads|Iron Treads, shiny|100/100
|-terastallize|p2a: Cinccino|Grass
|move|p2a: Cinccino|Tidy Up|p2a: Cinccino
|-boost|p2a: Cinccino|atk|1
|-boost|p2a: Cinccino|spe|1
|
|-weather|RainDance|[upkeep]
|upkeep
|turn|2
|
|t:|1769346912
|-end|p1a: Iron Treads|Quark Drive|[silent]
|switch|p1a: Toxicroak|Toxicroak, F, shiny|100/100
|move|p2a: Cinccino|Bullet Seed|p1a: Toxicroak
|-resisted|p1a: Toxicroak
|-damage|p1a: Toxicroak|91/100
|-resisted|p1a: Toxicroak
|-damage|p1a: Toxicroak|80/100
|-resisted|p1a: Toxicroak
|-damage|p1a: Toxicroak|71/100
|-resisted|p1a: Toxicroak
|-damage|p1a: Toxicroak|60/100
|-resisted|p1a: Toxicroak
|-damage|p1a: Toxicroak|50/100
|-hitcount|p1a: Toxicroak|5
|
|-weather|RainDance|[upkeep]
|-heal|p1a: Toxicroak|62/100|[from] ability: Dry Skin
|upkeep
|turn|3
|
|t:|1769346920
|move|p2a: Cinccino|Tail Slap|p1a: Toxicroak
|-damage|p1a: Toxicroak|39/100
|-damage|p2a: Cinccino|84/100|[from] item: Rocky Helmet|[of] p1a: Toxicroak
|-damage|p1a: Toxicroak|19/100
|-damage|p2a: Cinccino|68/100|[from] item: Rocky Helmet|[of] p1a: Toxicroak
|-damage|p1a: Toxicroak|0 fnt
|-damage|p2a: Cinccino|51/100|[from] item: Rocky Helmet|[of] p1a: Toxicroak
|faint|p1a: Toxicroak
|-hitcount|p1: Toxicroak|3
|
|-weather|RainDance|[upkeep]
|upkeep
|
|t:|1769346928
|switch|p1a: Barraskewda|Barraskewda, F, shiny|100/100
|turn|4
|
|t:|1769346935
|move|p1a: Barraskewda|Liquidation|p2a: Cinccino
|-resisted|p2a: Cinccino
|-damage|p2a: Cinccino|0 fnt
|faint|p2a: Cinccino
|
|-weather|RainDance|[upkeep]
|upkeep
|
|t:|1769346947
|switch|p2a: Ditto|Ditto|100/100
|-transform|p2a: Ditto|p1a: Barraskewda|[from] ability: Imposter
|turn|5
|
|t:|1769346970
|switch|p1a: Pelipper|Pelipper, M, shiny|100/100
|move|p2a: Ditto|Liquidation|p1a: Pelipper
|-resisted|p1a: Pelipper
|-damage|p1a: Pelipper|65/100
|-unboost|p1a: Pelipper|def|1
|
|-weather|RainDance|[upkeep]
|upkeep
|turn|6
|
|t:|1769346994
|switch|p1a: Hatterene|Hatterene, F, shiny|100/100
|move|p2a: Ditto|Liquidation|p1a: Hatterene
|-damage|p1a: Hatterene|36/100
|-enditem|p1a: Hatterene|Eject Button
|
|t:|1769347003
|switch|p1a: Pelipper|Pelipper, M, shiny|65/100
|
|-weather|RainDance|[upkeep]
|upkeep
|turn|7
|
|t:|1769347009
|move|p2a: Ditto|Liquidation|p1a: Pelipper
|-resisted|p1a: Pelipper
|-damage|p1a: Pelipper|26/100
|move|p1a: Pelipper|Hurricane|p2a: Ditto
|-crit|p2a: Ditto
|-damage|p2a: Ditto|0 fnt
|faint|p2a: Ditto
|
|-weather|RainDance|[upkeep]
|upkeep
|
|t:|1769347035
|switch|p2a: Tauros|Tauros, M|100/100
|turn|8
|
|t:|1769347041
|switch|p1a: Hatterene|Hatterene, F, shiny|36/100
|move|p2a: Tauros|Body Slam|p1a: Hatterene
|-damage|p1a: Hatterene|0 fnt
|faint|p1a: Hatterene
|
|-weather|none
|upkeep
|
|t:|1769347054
|switch|p1a: Barraskewda|Barraskewda, F, shiny|100/100
|turn|9
|
|t:|1769347066
|switch|p2a: Staraptor|Staraptor, M|100/100
|move|p1a: Barraskewda|Flip Turn|p2a: Staraptor
|-damage|p2a: Staraptor|43/100
|
|t:|1769347069
|switch|p1a: Pelipper|Pelipper, M, shiny|26/100|[from] Flip Turn
|-weather|RainDance|[from] ability: Drizzle|[of] p1a: Pelipper
|
|-weather|RainDance|[upkeep]
|-heal|p2a: Staraptor|49/100|[from] item: Leftovers
|upkeep
|turn|10
|
|t:|1769347083
|switch|p1a: Iron Treads|Iron Treads, shiny|100/100
|move|p2a: Staraptor|Brave Bird|p1a: Iron Treads
|-resisted|p1a: Iron Treads
|-damage|p1a: Iron Treads|72/100
|-damage|p2a: Staraptor|39/100|[from] Recoil
|
|-weather|RainDance|[upkeep]
|-heal|p2a: Staraptor|45/100|[from] item: Leftovers
|-heal|p1a: Iron Treads|78/100|[from] item: Leftovers
|upkeep
|turn|11
|
|t:|1769347094
|move|p2a: Staraptor|Close Combat|p1a: Iron Treads
|-supereffective|p1a: Iron Treads
|-damage|p1a: Iron Treads|20/100
|-unboost|p2a: Staraptor|def|1
|-unboost|p2a: Staraptor|spd|1
|move|p1a: Iron Treads|Volt Switch|p2a: Staraptor
|-supereffective|p2a: Staraptor
|-damage|p2a: Staraptor|0 fnt
|faint|p2a: Staraptor
|
|t:|1769347103
|-end|p1a: Iron Treads|Quark Drive|[silent]
|switch|p1a: Barraskewda|Barraskewda, F, shiny|100/100|[from] Volt Switch
|
|-weather|RainDance|[upkeep]
|upkeep
|
|t:|1769347123
|switch|p2a: Tauros|Tauros, M|100/100
|turn|12
|
|t:|1769347129
|-terastallize|p1a: Barraskewda|Water
|move|p1a: Barraskewda|Flip Turn|p2a: Tauros
|-damage|p2a: Tauros|0 fnt
|faint|p2a: Tauros
|
|t:|1769347135
|switch|p1a: Zapdos|Zapdos, shiny|100/100|[from] Flip Turn
|
|-weather|RainDance|[upkeep]
|upkeep
|
|t:|1769347142
|switch|p2a: Pyroar|Pyroar, M|100/100
|turn|13
|
|t:|1769347150
|move|p1a: Zapdos|Thunder|p2a: Pyroar
|-damage|p2a: Pyroar|3/100
|-status|p2a: Pyroar|par
|move|p2a: Pyroar|Hyper Voice|p1a: Zapdos
|-damage|p1a: Zapdos|16/100
|
|-weather|RainDance|[upkeep]
|upkeep
|turn|14
|
|t:|1769347160
|move|p1a: Zapdos|Thunder|p2a: Pyroar
|-damage|p2a: Pyroar|0 fnt
|faint|p2a: Pyroar
|
|-weather|RainDance|[upkeep]
|upkeep
|
|t:|1769347165
|switch|p2a: Zoroark|Zoroark-Hisui, F|100/100
|turn|15
|
|t:|1769347170
|move|p2a: Zoroark|Hyper Voice|p1a: Zapdos
|-damage|p1a: Zapdos|0 fnt
|faint|p1a: Zapdos
|-damage|p2a: Zoroark|91/100|[from] item: Life Orb
|
|-weather|RainDance|[upkeep]
|upkeep
|
|t:|1769347173
|switch|p1a: Barraskewda|Barraskewda, F, shiny, tera:Water|100/100
|turn|16
|
|t:|1769347181
|move|p1a: Barraskewda|Liquidation|p2a: Zoroark
|-damage|p2a: Zoroark|0 fnt
|faint|p2a: Zoroark
|
|win|UR FUKN RAPlST3828
|raw|UR FUKN RAPlST3828's rating: 1107 &rarr; <strong>1132</strong><br />(+25 for winning)
|raw|Nowa Man's rating: 1109 &rarr; <strong>1084</strong><br />(-25 for losing)
|l|☆Nowa Man
|player|p2|
