|j|☆blzh
|j|☆INTZ2902
|t:|1769404463
|gametype|singles
|player|p1|blzh|101|1098
|player|p2|INTZ2902|266|1143
|gen|9
|tier|[Gen 9] OU
|rated|
|rule|HP Percentage Mod: HP is shown in percentages
|rule|Endless Battle Clause: Forcing endless battles is banned
|rule|Species Clause: Limit one of each Pokémon
|rule|OHKO Clause: OHKO moves are banned
|rule|Evasion Items Clause: Evasion items are banned
|rule|Evasion Moves Clause: Evasion moves are banned
|rule|Evasion Abilities Clause: Evasion abilities are banned
|rule|Sleep Moves Clause: Sleep-inducing moves are banned
|clearpoke
|poke|p1|Sceptile, M|
|poke|p1|Tentacruel, F|
|poke|p1|Garchomp, M|
|poke|p1|Espeon, M|
|poke|p1|Umbreon, M|
|poke|p1|Chandelure, M|
|poke|p2|Zapdos|
|poke|p2|Hatterene, F|
|poke|p2|Garchomp, F|
|poke|p2|Umbreon, M|
|poke|p2|Scizor, M|
|poke|p2|Zoroark-Hisui, F|
|teampreview
|inactive|Battle timer is ON: inactive players will automatically lose when time's up. (requested by blzh)
|
|t:|1769404485
|teamsize|p1|6
|teamsize|p2|6
|start
|switch|p1a: Garchomp|Garchomp, M|100/100
|switch|p2a: Hatterene|Hatterene, F|100/100
|turn|1
|
|t:|1769404493
|move|p2a: Hatterene|Will-O-Wisp|p1a: Garchomp
|-status|p1a: Garchomp|brn
|move|p1a: Garchomp|Iron Head|p2a: Hatterene
|-damage|p2a: Hatterene|75/100
|replace|p2a: Zoroark|Zoroark-Hisui, F
|-end|p2a: Zoroark|Illusion
|
|-damage|p1a: Garchomp|94/100 brn|[from] brn
|upkeep
|turn|2
|
|t:|1769404515
|switch|p2a: Zapdos|Zapdos|100/100
|move|p1a: Garchomp|Stealth Rock|p2a: Zapdos
|-sidestart|p2: INTZ2902|move: Stealth Rock
|
|-damage|p1a: Garchomp|88/100 brn|[from] brn
|upkeep
|turn|3
|
|t:|1769404524
|switch|p1a: Tentacruel|Tentacruel, F|100/100
|move|p2a: Zapdos|Heat Wave|p1a: Tentacruel
|-resisted|p1a: Tentacruel
|-damage|p1a: Tentacruel|93/100
|
|-heal|p1a: Tentacruel|99/100|[from] item: Black Sludge
|upkeep
|turn|4
|
|t:|1769404532
|move|p2a: Zapdos|Thunder Wave|p1a: Tentacruel
|-status|p1a: Tentacruel|par
|cant|p1a: Tentacruel|par
|
|-heal|p1a: Tentacruel|100/100 par|[from] item: Black Sludge
|upkeep
|turn|5
|
|t:|1769404538
|move|p2a: Zapdos|Thunderbolt|p1a: Tentacruel
|-supereffective|p1a: Tentacruel
|-damage|p1a: Tentacruel|58/100 par
|move|p1a: Tentacruel|Whirlpool|p2a: Zapdos
|-damage|p2a: Zapdos|91/100
|-activate|p2a: Zapdos|move: Whirlpool|[of] p1a: Tentacruel
|
|-heal|p2a: Zapdos|97/100|[from] item: Leftovers
|-heal|p1a: Tentacruel|64/100 par|[from] item: Black Sludge
|-damage|p2a: Zapdos|85/100|[from] move: Whirlpool|[partiallytrapped]
|upkeep
|turn|6
|
|t:|1769404549
|move|p2a: Zapdos|Thunderbolt|p1a: Tentacruel
|-supereffective|p1a: Tentacruel
|-damage|p1a: Tentacruel|16/100 par
|cant|p1a: Tentacruel|par
|
|-heal|p2a: Zapdos|91/100|[from] item: Leftovers
|-heal|p1a: Tentacruel|22/100 par|[from] item: Black Sludge
|-damage|p2a: Zapdos|78/100|[from] move: Whirlpool|[partiallytrapped]
|upkeep
|turn|7
|
|t:|1769404557
|move|p1a: Tentacruel|Protect|p1a: Tentacruel
|-singleturn|p1a: Tentacruel|Protect
|move|p2a: Zapdos|Thunderbolt|p1a: Tentacruel
|-activate|p1a: Tentacruel|move: Protect
|
|-heal|p2a: Zapdos|85/100|[from] item: Leftovers
|-heal|p1a: Tentacruel|28/100 par|[from] item: Black Sludge
|-damage|p2a: Zapdos|72/100|[from] move: Whirlpool|[partiallytrapped]
|upkeep
|turn|8
|
|t:|1769404566
|-terastallize|p1a: Tentacruel|Ground
|move|p2a: Zapdos|Thunderbolt|p1a: Tentacruel
|-immune|p1a: Tentacruel
|move|p1a: Tentacruel|Toxic|p2a: Zapdos
|-status|p2a: Zapdos|tox
|
|-heal|p2a: Zapdos|78/100 tox|[from] item: Leftovers
|-damage|p1a: Tentacruel|16/100 par|[from] item: Black Sludge
|-damage|p2a: Zapdos|72/100 tox|[from] psn
|-damage|p2a: Zapdos|60/100 tox|[from] move: Whirlpool|[partiallytrapped]
|upkeep
|turn|9
|
|t:|1769404583
|move|p1a: Tentacruel|Protect|p1a: Tentacruel
|-singleturn|p1a: Tentacruel|Protect
|move|p2a: Zapdos|Roost|p2a: Zapdos
|-heal|p2a: Zapdos|100/100 tox
|-singleturn|p2a: Zapdos|move: Roost
|
|-damage|p1a: Tentacruel|3/100 par|[from] item: Black Sludge
|-damage|p2a: Zapdos|88/100 tox|[from] psn
|-damage|p2a: Zapdos|75/100 tox|[from] move: Whirlpool|[partiallytrapped]
|upkeep
|turn|10
|
|t:|1769404596
|switch|p1a: Garchomp|Garchomp, M|88/100 brn
|move|p2a: Zapdos|Heat Wave|p1a: Garchomp
|-resisted|p1a: Garchomp
|-damage|p1a: Garchomp|73/100 brn
|
|-heal|p2a: Zapdos|82/100 tox|[from] item: Leftovers
|-damage|p2a: Zapdos|63/100 tox|[from] psn
|-damage|p1a: Garchomp|67/100 brn|[from] brn
|-end|p2a: Zapdos|Whirlpool|[partiallytrapped]
|upkeep
|turn|11
|
|t:|1769404609
|switch|p2a: Umbreon|Umbreon, M|100/100
|-damage|p2a: Umbreon|88/100|[from] Stealth Rock
|move|p1a: Garchomp|Iron Head|p2a: Umbreon
|-damage|p2a: Umbreon|81/100
|
|-heal|p2a: Umbreon|87/100|[from] item: Leftovers
|-damage|p1a: Garchomp|61/100 brn|[from] brn
|upkeep
|turn|12
|
|t:|1769404622
|switch|p1a: Umbreon|Umbreon, M|100/100
|move|p2a: Umbreon|Wish|p2a: Umbreon
|
|-heal|p2a: Umbreon|93/100|[from] item: Leftovers
|upkeep
|turn|13
|
|t:|1769404628
|move|p2a: Umbreon|Toxic|p1a: Umbreon
|-status|p1a: Umbreon|tox
|move|p1a: Umbreon|Toxic|p2a: Umbreon
|-status|p2a: Umbreon|tox
|-activate|p2a: Umbreon|ability: Synchronize
|-fail|p1a: Umbreon|tox
|
|-heal|p2a: Umbreon|100/100 tox|[from] move: Wish|[wisher] Umbreon
|-damage|p2a: Umbreon|94/100 tox|[from] psn
|-damage|p1a: Umbreon|94/100 tox|[from] psn
|upkeep
|turn|14
|
|t:|1769404640
|switch|p1a: Sceptile|Sceptile, M|100/100
|move|p2a: Umbreon|Wish|p2a: Umbreon
|
|-heal|p2a: Umbreon|100/100 tox|[from] item: Leftovers
|-damage|p2a: Umbreon|88/100 tox|[from] psn
|upkeep
|turn|15
|
|t:|1769404648
|switch|p2a: Garchomp|Garchomp, F|100/100
|-damage|p2a: Garchomp|94/100|[from] Stealth Rock
|move|p1a: Sceptile|Substitute|p1a: Sceptile
|-start|p1a: Sceptile|Substitute
|-damage|p1a: Sceptile|75/100
|
|-heal|p2a: Garchomp|100/100|[from] move: Wish|[wisher] Umbreon
|-heal|p1a: Sceptile|82/100|[from] item: Leftovers
|upkeep
|turn|16
|
|t:|1769404659
|move|p1a: Sceptile|Leech Seed|p2a: Garchomp
|-start|p2a: Garchomp|move: Leech Seed
|move|p2a: Garchomp|Flamethrower|p1a: Sceptile
|-supereffective|p1a: Sceptile
|-end|p1a: Sceptile|Substitute
|
|-heal|p1a: Sceptile|88/100|[from] item: Leftovers
|-damage|p2a: Garchomp|88/100|[from] Leech Seed|[of] p1a: Sceptile
|-heal|p1a: Sceptile|100/100|[silent]
|upkeep
|turn|17
|
|t:|1769404669
|move|p1a: Sceptile|Protect|p1a: Sceptile
|-singleturn|p1a: Sceptile|Protect
|move|p2a: Garchomp|Flamethrower|p1a: Sceptile
|-activate|p1a: Sceptile|move: Protect
|
|-damage|p2a: Garchomp|76/100|[from] Leech Seed|[of] p1a: Sceptile
|upkeep
|turn|18
|
|t:|1769404685
|switch|p2a: Umbreon|Umbreon, M|88/100 tox
|-damage|p2a: Umbreon|76/100 tox|[from] Stealth Rock
|move|p1a: Sceptile|Substitute|p1a: Sceptile
|-start|p1a: Sceptile|Substitute
|-damage|p1a: Sceptile|75/100
|
|-heal|p1a: Sceptile|82/100|[from] item: Leftovers
|-heal|p2a: Umbreon|82/100 tox|[from] item: Leftovers
|-damage|p2a: Umbreon|76/100 tox|[from] psn
|upkeep
|turn|19
|
|t:|1769404694
|move|p1a: Sceptile|Leech Seed|p2a: Umbreon
|-start|p2a: Umbreon|move: Leech Seed
|move|p2a: Umbreon|Wish|p2a: Umbreon
|
|-heal|p1a: Sceptile|88/100|[from] item: Leftovers
|-heal|p2a: Umbreon|82/100 tox|[from] item: Leftovers
|-damage|p2a: Umbreon|70/100 tox|[from] Leech Seed|[of] p1a: Sceptile
|-heal|p1a: Sceptile|100/100|[silent]
|-damage|p2a: Umbreon|57/100 tox|[from] psn
|upkeep
|turn|20
|
|t:|1769404705
|switch|p2a: Hatterene|Hatterene, F|100/100
|-damage|p2a: Hatterene|88/100|[from] Stealth Rock
|move|p1a: Sceptile|Giga Drain|p2a: Hatterene
|-damage|p2a: Hatterene|67/100
|
|-heal|p2a: Hatterene|100/100|[from] move: Wish|[wisher] Umbreon
|upkeep
|turn|21
|
|t:|1769404714
|move|p1a: Sceptile|Giga Drain|p2a: Hatterene
|-damage|p2a: Hatterene|79/100
|move|p2a: Hatterene|Calm Mind|p2a: Hatterene
|-boost|p2a: Hatterene|spa|1
|-boost|p2a: Hatterene|spd|1
|
|-heal|p2a: Hatterene|85/100|[from] item: Leftovers
|upkeep
|turn|22
|
|t:|1769404722
|switch|p1a: Chandelure|Chandelure, M|100/100
|move|p2a: Hatterene|Calm Mind|p2a: Hatterene
|-boost|p2a: Hatterene|spa|1
|-boost|p2a: Hatterene|spd|1
|
|-heal|p2a: Hatterene|91/100|[from] item: Leftovers
|upkeep
|turn|23
|
|t:|1769404733
|move|p1a: Chandelure|Shadow Ball|p2a: Hatterene
|-supereffective|p2a: Hatterene
|-damage|p2a: Hatterene|56/100
|move|p2a: Hatterene|Draining Kiss|p1a: Chandelure
|-resisted|p1a: Chandelure
|-damage|p1a: Chandelure|69/100
|-heal|p2a: Hatterene|75/100|[from] drain|[of] p1a: Chandelure
|
|-heal|p2a: Hatterene|81/100|[from] item: Leftovers
|upkeep
|turn|24
|
|t:|1769404742
|move|p1a: Chandelure|Shadow Ball|p2a: Hatterene
|-supereffective|p2a: Hatterene
|-damage|p2a: Hatterene|45/100
|move|p2a: Hatterene|Draining Kiss|p1a: Chandelure
|-resisted|p1a: Chandelure
|-damage|p1a: Chandelure|38/100
|-heal|p2a: Hatterene|64/100|[from] drain|[of] p1a: Chandelure
|
|-heal|p2a: Hatterene|70/100|[from] item: Leftovers
|upkeep
|turn|25
|-message|blzh forfeited.
|
|win|INTZ2902
|raw|blzh's rating: 1098 &rarr; <strong>1076</strong><br />(-22 for losing)
|raw|INTZ2902's rating: 1143 &rarr; <strong>1165</strong><br />(+22 for winning)
|l|☆blzh
|player|p1|
|l|☆INTZ2902
|player|p2|
