|j|☆Scambo
|j|☆volcoabuser
|t:|1769404487
|gametype|singles
|player|p1|Scambo|265|1133
|player|p2|volcoabuser|102|1158
|gen|9
|tier|[Gen 9] OU
|rated|
|rule|HP Percentage Mod: HP is shown in percentages
|rule|Endless Battle Clause: Forcing endless battles is banned
|rule|Species Clause: Limit one of each Pokémon
|rule|OHKO Clause: OHKO moves are banned
|rule|Evasion Items Clause: Evasion items are banned
|rule|Evasion Moves Clause: Evasion moves are banned
|rule|Evasion Abilities Clause: Evasion abilities are banned
|rule|Sleep Moves Clause: Sleep-inducing moves are banned
|clearpoke
|poke|p1|Hatterene, F|
|poke|p1|Great Tusk|
|poke|p1|Dragonite, F|
|poke|p1|Skarmory, F|
|poke|p1|Gholdengo|
|poke|p1|Darkrai|
|poke|p2|Kommo-o, F|
|poke|p2|Lokix, M|
|poke|p2|Latios, M|
|poke|p2|Ceruledge, F|
|poke|p2|Lycanroc-Dusk, M|
|poke|p2|Primarina, M|
|teampreview
|inactive|Battle timer is ON: inactive players will automatically lose when time's up. (requested by Scambo)
|inactive|volcoabuser has 120 seconds left.
|
|t:|1769404520
|teamsize|p1|6
|teamsize|p2|6
|start
|switch|p1a: Great Tusk|Great Tusk|100/100
|switch|p2a: Ceruledge|Ceruledge, F|100/100
|turn|1
|
|t:|1769404530
|move|p1a: Great Tusk|Stealth Rock|p2a: Ceruledge
|-sidestart|p2: volcoabuser|move: Stealth Rock
|move|p2a: Ceruledge|Poltergeist|p1a: Great Tusk
|-activate|p1a: Great Tusk|move: Poltergeist|Rocky Helmet
|-damage|p1a: Great Tusk|63/100
|
|upkeep
|turn|2
|
|t:|1769404551
|-end|p1a: Great Tusk|Protosynthesis|[silent]
|switch|p1a: Dragonite|Dragonite, F|100/100
|switch|p2a: Primarina|Primarina, M|100/100
|-damage|p2a: Primarina|88/100|[from] Stealth Rock
|
|-heal|p2a: Primarina|94/100|[from] item: Leftovers
|upkeep
|turn|3
|inactive|Scambo has 120 seconds left.
|
|t:|1769404571
|-terastallize|p1a: Dragonite|Normal
|move|p1a: Dragonite|Extreme Speed|p2a: Primarina
|-damage|p2a: Primarina|42/100
|move|p2a: Primarina|Whirlpool|p1a: Dragonite
|-damage|p1a: Dragonite|94/100
|-activate|p1a: Dragonite|move: Whirlpool|[of] p2a: Primarina
|
|-heal|p2a: Primarina|48/100|[from] item: Leftovers
|-damage|p1a: Dragonite|81/100|[from] move: Whirlpool|[partiallytrapped]
|upkeep
|turn|4
|inactive|Scambo has 120 seconds left.
|
|t:|1769404584
|-terastallize|p2a: Primarina|Ghost
|move|p1a: Dragonite|Extreme Speed|p2a: Primarina
|-immune|p2a: Primarina
|move|p2a: Primarina|Draining Kiss|p1a: Dragonite
|-damage|p1a: Dragonite|59/100
|-heal|p2a: Primarina|67/100|[from] drain|[of] p1a: Dragonite
|
|-heal|p2a: Primarina|73/100|[from] item: Leftovers
|-damage|p1a: Dragonite|47/100|[from] move: Whirlpool|[partiallytrapped]
|upkeep
|turn|5
|inactive|Scambo has 120 seconds left.
|
|t:|1769404602
|move|p1a: Dragonite|Roost|p1a: Dragonite
|-heal|p1a: Dragonite|97/100
|move|p2a: Primarina|Draining Kiss|p1a: Dragonite
|-damage|p1a: Dragonite|75/100
|-heal|p2a: Primarina|93/100|[from] drain|[of] p1a: Dragonite
|
|-heal|p2a: Primarina|99/100|[from] item: Leftovers
|-damage|p1a: Dragonite|62/100|[from] move: Whirlpool|[partiallytrapped]
|upkeep
|turn|6
|inactive|Scambo has 120 seconds left.
|
|t:|1769404615
|move|p2a: Primarina|Psychic Noise|p1a: Dragonite
|-damage|p1a: Dragonite|27/100
|-start|p1a: Dragonite|move: Heal Block
|move|p1a: Dragonite|Dragon Tail|p2a: Primarina
|-damage|p2a: Primarina|62/100
|drag|p2a: Lokix|Lokix, M|100/100
|-damage|p2a: Lokix|75/100|[from] Stealth Rock
|
|-end|p1a: Dragonite|Whirlpool|[partiallytrapped]|[silent]
|upkeep
|turn|7
|inactive|Scambo has 120 seconds left.
|
|t:|1769404632
|switch|p1a: Skarmory|Skarmory, F|100/100
|move|p2a: Lokix|First Impression|p1a: Skarmory
|-resisted|p1a: Skarmory
|-damage|p1a: Skarmory|83/100
|-damage|p2a: Lokix|59/100|[from] item: Rocky Helmet|[of] p1a: Skarmory
|-damage|p2a: Lokix|49/100|[from] item: Life Orb
|
|upkeep
|turn|8
|
|t:|1769404642
|move|p2a: Lokix|U-turn|p1a: Skarmory
|-resisted|p1a: Skarmory
|-damage|p1a: Skarmory|69/100
|-damage|p2a: Lokix|33/100|[from] item: Rocky Helmet|[of] p1a: Skarmory
|-damage|p2a: Lokix|23/100|[from] item: Life Orb
|
|t:|1769404648
|switch|p2a: Latios|Latios, M|100/100|[from] U-turn
|-damage|p2a: Latios|88/100|[from] Stealth Rock
|move|p1a: Skarmory|Spikes|p2a: Latios
|-sidestart|p2: volcoabuser|Spikes
|
|upkeep
|turn|9
|inactive|Scambo has 120 seconds left.
|
|t:|1769404667
|move|p2a: Latios|Thunderbolt|p1a: Skarmory
|-supereffective|p1a: Skarmory
|-damage|p1a: Skarmory|0 fnt
|faint|p1a: Skarmory
|
|upkeep
|
|t:|1769404679
|switch|p1a: Hatterene|Hatterene, F|100/100
|turn|10
|
|t:|1769404698
|switch|p2a: Lokix|Lokix, M|23/100
|-damage|p2a: Lokix|0 fnt|[from] Stealth Rock
|faint|p2a: Lokix
|move|p1a: Hatterene|Nuzzle|p2: Lokix|[notarget]
|-fail|p1a: Hatterene
|
|upkeep
|
|t:|1769404709
|switch|p2a: Ceruledge|Ceruledge, F|100/100
|-damage|p2a: Ceruledge|76/100|[from] Stealth Rock
|-damage|p2a: Ceruledge|63/100|[from] Spikes
|turn|11
|inactive|Scambo has 120 seconds left.
|
|t:|1769404721
|move|p2a: Ceruledge|Iron Head|p1a: Hatterene
|-supereffective|p1a: Hatterene
|-damage|p1a: Hatterene|48/100
|-damage|p2a: Ceruledge|47/100|[from] item: Rocky Helmet|[of] p1a: Hatterene
|move|p1a: Hatterene|Draining Kiss|p2a: Ceruledge
|-resisted|p2a: Ceruledge
|-damage|p2a: Ceruledge|38/100
|-heal|p1a: Hatterene|54/100|[from] drain|[of] p2a: Ceruledge
|
|upkeep
|turn|12
|inactive|Scambo has 120 seconds left.
|
|t:|1769404751
|switch|p1a: Great Tusk|Great Tusk|63/100
|move|p2a: Ceruledge|Poltergeist|p1a: Great Tusk
|-activate|p1a: Great Tusk|move: Poltergeist|Rocky Helmet
|-damage|p1a: Great Tusk|23/100
|
|upkeep
|turn|13
|
|t:|1769404767
|move|p1a: Great Tusk|Ice Spinner|p2a: Ceruledge
|-resisted|p2a: Ceruledge
|-damage|p2a: Ceruledge|25/100
|move|p2a: Ceruledge|Poltergeist|p1a: Great Tusk
|-activate|p1a: Great Tusk|move: Poltergeist|Rocky Helmet
|-damage|p1a: Great Tusk|0 fnt
|faint|p1a: Great Tusk
|-end|p1a: Great Tusk|Protosynthesis|[silent]
|
|upkeep
|
|t:|1769404784
|switch|p1a: Dragonite|Dragonite, F, tera:Normal|27/100
|turn|14
|
|t:|1769404789
|move|p2a: Ceruledge|Bitter Blade|p1a: Dragonite
|-damage|p1a: Dragonite|0 fnt
|-heal|p2a: Ceruledge|43/100|[from] drain|[of] p1a: Dragonite
|faint|p1a: Dragonite
|
|upkeep
|
|t:|1769404805
|switch|p1a: Hatterene|Hatterene, F|54/100
|turn|15
|
|t:|1769404812
|move|p2a: Ceruledge|Iron Head|p1a: Hatterene
|-supereffective|p1a: Hatterene
|-damage|p1a: Hatterene|1/100
|-damage|p2a: Ceruledge|27/100|[from] item: Rocky Helmet|[of] p1a: Hatterene
|move|p1a: Hatterene|Nuzzle|p2a: Ceruledge
|-damage|p2a: Ceruledge|22/100
|-status|p2a: Ceruledge|par
|
|upkeep
|turn|16
|inactive|Scambo has 90 seconds left.
|
|t:|1769404834
|cant|p2a: Ceruledge|par
|move|p1a: Hatterene|Draining Kiss|p2a: Ceruledge
|-resisted|p2a: Ceruledge
|-damage|p2a: Ceruledge|13/100 par
|-heal|p1a: Hatterene|7/100|[from] drain|[of] p2a: Ceruledge
|
|upkeep
|turn|17
|inactive|Scambo has 90 seconds left.
|
|t:|1769404849
|cant|p2a: Ceruledge|par
|move|p1a: Hatterene|Psychic Noise|p2a: Ceruledge
|-damage|p2a: Ceruledge|0 fnt
|faint|p2a: Ceruledge
|
|upkeep
|
|t:|1769404870
|switch|p2a: Primarina|Primarina, M, tera:Ghost|62/100
|-damage|p2a: Primarina|50/100|[from] Stealth Rock
|-damage|p2a: Primarina|38/100|[from] Spikes
|turn|18
|
|t:|1769404880
|move|p2a: Primarina|Psychic Noise|p1a: Hatterene
|-damage|p1a: Hatterene|0 fnt
|faint|p1a: Hatterene
|
|-heal|p2a: Primarina|44/100|[from] item: Leftovers
|upkeep
|inactive|Scambo has 90 seconds left.
|
|t:|1769404902
|switch|p1a: Darkrai|Darkrai, shiny|100/100
|turn|19
|inactive|Scambo has 90 seconds left.
|
|t:|1769404908
|move|p1a: Darkrai|Knock Off|p2a: Primarina
|-supereffective|p2a: Primarina
|-damage|p2a: Primarina|0 fnt
|-enditem|p2a: Primarina|Leftovers|[from] move: Knock Off|[of] p1a: Darkrai
|faint|p2a: Primarina
|
|upkeep
|
|t:|1769404926
|switch|p2a: Kommo-o|Kommo-o, F|100/100
|-damage|p2a: Kommo-o|94/100|[from] Stealth Rock
|-damage|p2a: Kommo-o|82/100|[from] Spikes
|turn|20
|
|t:|1769404935
|switch|p1a: Gholdengo|Gholdengo|100/100
|-item|p1a: Gholdengo|Air Balloon
|move|p2a: Kommo-o|Substitute|p2a: Kommo-o
|-start|p2a: Kommo-o|Substitute
|-damage|p2a: Kommo-o|57/100
|
|-heal|p2a: Kommo-o|63/100|[from] item: Leftovers
|upkeep
|turn|21
|
|t:|1769404949
|move|p1a: Gholdengo|Nasty Plot|p1a: Gholdengo
|-boost|p1a: Gholdengo|spa|2
|move|p2a: Kommo-o|Dragon Tail|p1a: Gholdengo
|-resisted|p1a: Gholdengo
|-damage|p1a: Gholdengo|89/100
|-enditem|p1a: Gholdengo|Air Balloon
|drag|p1a: Darkrai|Darkrai, shiny|100/100
|
|-heal|p2a: Kommo-o|69/100|[from] item: Leftovers
|upkeep
|turn|22
|
|t:|1769404962
|move|p1a: Darkrai|Knock Off|p2a: Kommo-o
|-resisted|p2a: Kommo-o
|-activate|p2a: Kommo-o|move: Substitute|[damage]
|move|p2a: Kommo-o|Iron Defense|p2a: Kommo-o
|-boost|p2a: Kommo-o|def|2
|
|-heal|p2a: Kommo-o|76/100|[from] item: Leftovers
|upkeep
|turn|23
|
|t:|1769404975
|move|p1a: Darkrai|Ice Beam|p2a: Kommo-o
|-supereffective|p2a: Kommo-o
|-end|p2a: Kommo-o|Substitute
|move|p2a: Kommo-o|Iron Defense|p2a: Kommo-o
|-boost|p2a: Kommo-o|def|2
|
|-heal|p2a: Kommo-o|82/100|[from] item: Leftovers
|upkeep
|turn|24
|
|t:|1769404986
|move|p1a: Darkrai|Will-O-Wisp|p2a: Kommo-o
|-status|p2a: Kommo-o|brn
|move|p2a: Kommo-o|Body Press|p1a: Darkrai
|-supereffective|p1a: Darkrai
|-damage|p1a: Darkrai|0 fnt
|faint|p1a: Darkrai
|
|-heal|p2a: Kommo-o|88/100 brn|[from] item: Leftovers
|-damage|p2a: Kommo-o|82/100 brn|[from] brn
|upkeep
|
|t:|1769404995
|switch|p1a: Gholdengo|Gholdengo|89/100
|turn|25
|
|t:|1769405004
|move|p1a: Gholdengo|Dazzling Gleam|p2a: Kommo-o
|-supereffective|p2a: Kommo-o
|-damage|p2a: Kommo-o|0 fnt
|faint|p2a: Kommo-o
|
|upkeep
|
|t:|1769405017
|switch|p2a: Lycanroc|Lycanroc-Dusk, M|100/100
|-damage|p2a: Lycanroc|88/100|[from] Stealth Rock
|-damage|p2a: Lycanroc|76/100|[from] Spikes
|turn|26
|
|t:|1769405023
|move|p2a: Lycanroc|Drill Run|p1a: Gholdengo
|-supereffective|p1a: Gholdengo
|-damage|p1a: Gholdengo|30/100
|move|p1a: Gholdengo|Shadow Ball|p2a: Lycanroc
|-damage|p2a: Lycanroc|0 fnt
|faint|p2a: Lycanroc
|
|upkeep
|
|t:|1769405030
|switch|p2a: Latios|Latios, M|88/100
|-damage|p2a: Latios|76/100|[from] Stealth Rock
|turn|27
|
|t:|1769405037
|move|p2a: Latios|Luster Purge|p1a: Gholdengo
|-resisted|p1a: Gholdengo
|-damage|p1a: Gholdengo|0 fnt
|faint|p1a: Gholdengo
|
|win|volcoabuser
|raw|Scambo's rating: 1133 &rarr; <strong>1110</strong><br />(-23 for losing)
|raw|volcoabuser's rating: 1158 &rarr; <strong>1181</strong><br />(+23 for winning)
|l|☆Scambo
|player|p1|
|c|☆volcoabuser|gg
|l|☆volcoabuser
|player|p2|
