|j|☆sumni i
|j|☆no_dupes
|t:|1769409795
|gametype|singles
|player|p1|sumni i|102|1477
|player|p2|no_dupes|brock-gen2|1426
|gen|9
|tier|[Gen 9] OU
|rated|
|rule|HP Percentage Mod: HP is shown in percentages
|rule|Endless Battle Clause: Forcing endless battles is banned
|rule|Species Clause: Limit one of each Pokémon
|rule|OHKO Clause: OHKO moves are banned
|rule|Evasion Items Clause: Evasion items are banned
|rule|Evasion Moves Clause: Evasion moves are banned
|rule|Evasion Abilities Clause: Evasion abilities are banned
|rule|Sleep Moves Clause: Sleep-inducing moves are banned
|clearpoke
|poke|p1|Scizor, F|
|poke|p1|Rillaboom, F|
|poke|p1|Arcanine-Hisui, F|
|poke|p1|Ribombee, F|
|poke|p1|Slowking-Galar, F|
|poke|p1|Alomomola, F|
|poke|p2|Great Tusk|
|poke|p2|Hatterene, F|
|poke|p2|Charizard, M|
|poke|p2|Walking Wake|
|poke|p2|Torkoal, F|
|poke|p2|Fezandipiti, M|
|teampreview
|inactive|Battle timer is ON: inactive players will automatically lose when time's up. (requested by sumni i)
|
|t:|1769409800
|teamsize|p1|6
|teamsize|p2|6
|start
|switch|p1a: Arcanine|Arcanine-Hisui, F|100/100
|switch|p2a: Torkoal|Torkoal, F|100/100
|-weather|SunnyDay|[from] ability: Drought|[of] p2a: Torkoal
|turn|1
|
|t:|1769409804
|switch|p2a: Great Tusk|Great Tusk|100/100
|-activate|p2a: Great Tusk|ability: Protosynthesis
|-start|p2a: Great Tusk|protosynthesisdef
|move|p1a: Arcanine|Head Smash|p2a: Great Tusk
|-resisted|p2a: Great Tusk
|-damage|p2a: Great Tusk|94/100
|
|-weather|SunnyDay|[upkeep]
|-heal|p2a: Great Tusk|99/100|[from] item: Leftovers
|upkeep
|turn|2
|
|t:|1769409814
|switch|p1a: Rillaboom|Rillaboom, F|100/100
|-fieldstart|move: Grassy Terrain|[from] ability: Grassy Surge|[of] p1a: Rillaboom
|-end|p2a: Great Tusk|Protosynthesis|[silent]
|switch|p2a: Emperor|Charizard, M, shiny|100/100
|
|-weather|SunnyDay|[upkeep]
|-damage|p2a: Emperor|88/100|[from] ability: Solar Power|[of] p2a: Emperor
|upkeep
|turn|3
|
|t:|1769409822
|switch|p1a: Arcanine|Arcanine-Hisui, F|100/100
|move|p2a: Emperor|Solar Beam||[still]
|-prepare|p2a: Emperor|Solar Beam
|-anim|p2a: Emperor|Solar Beam|p1a: Arcanine
|-damage|p1a: Arcanine|0 fnt
|faint|p1a: Arcanine
|
|-weather|SunnyDay|[upkeep]
|-damage|p2a: Emperor|76/100|[from] ability: Solar Power|[of] p2a: Emperor
|upkeep
|
|t:|1769409825
|switch|p1a: Ribombee|Ribombee, F|100/100
|turn|4
|
|t:|1769409829
|switch|p2a: Hatterene|Hatterene, F|100/100
|move|p1a: Ribombee|Sticky Web|p2a: Hatterene
|move|p2a: Hatterene|Sticky Web|p1a: Ribombee|[from] ability: Magic Bounce
|-sidestart|p1: sumni i|move: Sticky Web
|
|-weather|SunnyDay|[upkeep]
|upkeep
|turn|5
|
|t:|1769409832
|move|p1a: Ribombee|Skill Swap|p2a: Hatterene
|-activate|p1a: Ribombee|move: Skill Swap|Magic Bounce|Shield Dust|[of] p2a: Hatterene
|move|p2a: Hatterene|Psychic Noise|p1a: Ribombee
|-damage|p1a: Ribombee|40/100
|-start|p1a: Ribombee|move: Heal Block
|
|-weather|SunnyDay|[upkeep]
|upkeep
|turn|6
|
|t:|1769409841
|switch|p2a: Torkoal|Torkoal, F|100/100
|move|p1a: Ribombee|Sticky Web|p2a: Torkoal
|-sidestart|p2: no_dupes|move: Sticky Web
|
|-weather|SunnyDay|[upkeep]
|-end|p1a: Ribombee|move: Heal Block
|upkeep
|turn|7
|
|t:|1769409847
|move|p1a: Ribombee|U-turn|p2a: Torkoal
|-resisted|p2a: Torkoal
|-damage|p2a: Torkoal|97/100
|
|t:|1769409848
|switch|p1a: Slowking|Slowking-Galar, F|100/100|[from] U-turn
|move|p2a: Torkoal|Stealth Rock|p1a: Slowking
|-sidestart|p1: sumni i|move: Stealth Rock
|
|-weather|SunnyDay|[upkeep]
|-heal|p2a: Torkoal|100/100|[from] Grassy Terrain
|upkeep
|turn|8
|
|t:|1769409851
|move|p2a: Torkoal|Rapid Spin|p1a: Slowking
|-damage|p1a: Slowking|92/100
|-boost|p2a: Torkoal|spe|1
|-sideend|p2: no_dupes|Sticky Web|[from] move: Rapid Spin|[of] p2a: Torkoal
|move|p1a: Slowking|Future Sight|p2a: Torkoal
|-start|p1a: Slowking|move: Future Sight
|
|-weather|none
|-heal|p1a: Slowking|98/100|[from] Grassy Terrain
|upkeep
|turn|9
|
|t:|1769409858
|move|p2a: Torkoal|Lava Plume|p1a: Slowking
|-damage|p1a: Slowking|84/100
|-prepare|p1a: Slowking|Chilly Reception|[premajor]
|move|p1a: Slowking|Chilly Reception|p1a: Slowking
|-weather|Snowscape
|
|t:|1769409862
|switch|p1a: Ribombee|Ribombee, F|40/100|[from] Chilly Reception
|-activate|p1a: Ribombee|move: Sticky Web
|-unboost|p1a: Ribombee|spe|1
|-damage|p1a: Ribombee|15/100|[from] Stealth Rock
|
|-weather|Snowscape|[upkeep]
|-heal|p1a: Ribombee|22/100|[from] Grassy Terrain
|-fieldend|move: Grassy Terrain
|upkeep
|turn|10
|
|t:|1769409868
|switch|p2a: Hatterene|Hatterene, F|100/100
|move|p1a: Ribombee|Skill Swap|p2a: Hatterene
|-activate|p1a: Ribombee|move: Skill Swap|Magic Bounce|Shield Dust|[of] p2a: Hatterene
|
|-weather|Snowscape|[upkeep]
|-end|p2a: Hatterene|move: Future Sight
|-resisted|p2a: Hatterene
|-damage|p2a: Hatterene|78/100
|upkeep
|turn|11
|
|t:|1769409873
|switch|p2a: Torkoal|Torkoal, F|100/100
|-weather|SunnyDay|[from] ability: Drought|[of] p2a: Torkoal
|move|p1a: Ribombee|U-turn|p2a: Torkoal
|-resisted|p2a: Torkoal
|-damage|p2a: Torkoal|97/100
|
|t:|1769409875
|switch|p1a: Slowking|Slowking-Galar, F|100/100|[from] U-turn
|
|-weather|SunnyDay|[upkeep]
|upkeep
|turn|12
|
|t:|1769409880
|switch|p2a: Great Tusk|Great Tusk|99/100
|-activate|p2a: Great Tusk|ability: Protosynthesis
|-start|p2a: Great Tusk|protosynthesisdef
|move|p1a: Slowking|Future Sight|p2a: Great Tusk
|-start|p1a: Slowking|move: Future Sight
|
|-weather|SunnyDay|[upkeep]
|-heal|p2a: Great Tusk|100/100|[from] item: Leftovers
|upkeep
|turn|13
|
|t:|1769409886
|switch|p1a: Ribombee|Ribombee, F|22/100
|-activate|p1a: Ribombee|move: Sticky Web
|-unboost|p1a: Ribombee|spe|1
|-damage|p1a: Ribombee|0 fnt|[from] Stealth Rock
|faint|p1a: Ribombee
|move|p2a: Great Tusk|Headlong Rush|p1: Ribombee|[notarget]
|-fail|p2a: Great Tusk
|
|-weather|SunnyDay|[upkeep]
|upkeep
|
|t:|1769409888
|switch|p1a: Rillaboom|Rillaboom, F|100/100
|-activate|p1a: Rillaboom|move: Sticky Web
|-unboost|p1a: Rillaboom|spe|1
|-damage|p1a: Rillaboom|88/100|[from] Stealth Rock
|-fieldstart|move: Grassy Terrain|[from] ability: Grassy Surge|[of] p1a: Rillaboom
|turn|14
|
|t:|1769409895
|-end|p2a: Great Tusk|Protosynthesis|[silent]
|switch|p2a: Hatterene|Hatterene, F|78/100
|move|p1a: Rillaboom|Knock Off|p2a: Hatterene
|-damage|p2a: Hatterene|48/100
|-enditem|p2a: Hatterene|Eject Button|[from] move: Knock Off|[of] p1a: Rillaboom
|
|-weather|SunnyDay|[upkeep]
|-end|p2a: Hatterene|move: Future Sight
|-resisted|p2a: Hatterene
|-damage|p2a: Hatterene|27/100
|-heal|p1a: Rillaboom|94/100|[from] Grassy Terrain
|-heal|p2a: Hatterene|33/100|[from] Grassy Terrain
|upkeep
|turn|15
|
|t:|1769409898
|move|p1a: Rillaboom|U-turn|p2a: Hatterene
|-damage|p2a: Hatterene|9/100
|
|t:|1769409900
|switch|p1a: Slowking|Slowking-Galar, F|100/100|[from] U-turn
|move|p2a: Hatterene|Nuzzle|p1a: Slowking
|-damage|p1a: Slowking|97/100
|-status|p1a: Slowking|par
|
|-weather|SunnyDay|[upkeep]
|-heal|p2a: Hatterene|15/100|[from] Grassy Terrain
|-heal|p1a: Slowking|100/100 par|[from] Grassy Terrain
|upkeep
|turn|16
|
|t:|1769409903
|move|p2a: Hatterene|Healing Wish|p2a: Hatterene
|faint|p2a: Hatterene
|move|p1a: Slowking|Future Sight|p2: Hatterene
|-start|p1a: Slowking|move: Future Sight
|
|-weather|SunnyDay|[upkeep]
|upkeep
|
|t:|1769409906
|switch|p2a: Emperor|Charizard, M, shiny|76/100
|-heal|p2a: Emperor|100/100|[from] move: Healing Wish
|turn|17
|
|t:|1769409913
|move|p2a: Emperor|Overheat|p1a: Slowking
|-damage|p1a: Slowking|0 fnt
|-unboost|p2a: Emperor|spa|2
|faint|p1a: Slowking
|
|-weather|SunnyDay|[upkeep]
|-damage|p2a: Emperor|88/100|[from] ability: Solar Power|[of] p2a: Emperor
|upkeep
|
|t:|1769409917
|switch|p1a: Alomomola|Alomomola, F|100/100
|-activate|p1a: Alomomola|move: Sticky Web
|-unboost|p1a: Alomomola|spe|1
|-damage|p1a: Alomomola|88/100|[from] Stealth Rock
|turn|18
|
|t:|1769409922
|move|p2a: Emperor|Overheat|p1a: Alomomola
|-resisted|p1a: Alomomola
|-damage|p1a: Alomomola|61/100
|-unboost|p2a: Emperor|spa|2
|move|p1a: Alomomola|Flip Turn|p2a: Emperor
|-supereffective|p2a: Emperor
|-damage|p2a: Emperor|66/100
|
|t:|1769409926
|switch|p1a: Rillaboom|Rillaboom, F|94/100|[from] Flip Turn
|-activate|p1a: Rillaboom|move: Sticky Web
|-unboost|p1a: Rillaboom|spe|1
|-damage|p1a: Rillaboom|82/100|[from] Stealth Rock
|
|-weather|none
|-end|p2a: Emperor|move: Future Sight
|-damage|p2a: Emperor|9/100
|-heal|p1a: Rillaboom|88/100|[from] Grassy Terrain
|upkeep
|turn|19
|
|t:|1769409931
|move|p1a: Rillaboom|Grassy Glide|p2a: Emperor
|-resisted|p2a: Emperor
|-crit|p2a: Emperor
|-damage|p2a: Emperor|0 fnt
|faint|p2a: Emperor
|
|-heal|p1a: Rillaboom|94/100|[from] Grassy Terrain
|upkeep
|
|t:|1769409933
|switch|p2a: Torkoal|Torkoal, F|97/100
|-weather|SunnyDay|[from] ability: Drought|[of] p2a: Torkoal
|turn|20
|
|t:|1769409936
|move|p1a: Rillaboom|U-turn|p2a: Torkoal
|-resisted|p2a: Torkoal
|-damage|p2a: Torkoal|90/100
|
|t:|1769409938
|switch|p1a: Alomomola|Alomomola, F|94/100|[from] U-turn
|-activate|p1a: Alomomola|move: Sticky Web
|-unboost|p1a: Alomomola|spe|1
|-damage|p1a: Alomomola|82/100|[from] Stealth Rock
|move|p2a: Torkoal|Lava Plume|p1a: Alomomola
|-resisted|p1a: Alomomola
|-damage|p1a: Alomomola|71/100
|-status|p1a: Alomomola|brn
|
|-weather|SunnyDay|[upkeep]
|-heal|p1a: Alomomola|77/100 brn|[from] Grassy Terrain
|-heal|p2a: Torkoal|96/100|[from] Grassy Terrain
|-damage|p1a: Alomomola|71/100 brn|[from] brn
|upkeep
|turn|21
|
|t:|1769409945
|move|p1a: Alomomola|Body Slam|p2a: Torkoal
|-damage|p2a: Torkoal|91/100
|move|p2a: Torkoal|Body Press|p1a: Alomomola
|-damage|p1a: Alomomola|49/100 brn
|
|-weather|SunnyDay|[upkeep]
|-heal|p1a: Alomomola|56/100 brn|[from] Grassy Terrain
|-heal|p2a: Torkoal|97/100|[from] Grassy Terrain
|-damage|p1a: Alomomola|49/100 brn|[from] brn
|-fieldend|move: Grassy Terrain
|upkeep
|turn|22
|
|t:|1769409950
|move|p1a: Alomomola|Flip Turn|p2a: Torkoal
|-supereffective|p2a: Torkoal
|-damage|p2a: Torkoal|93/100
|
|t:|1769409952
|switch|p1a: Rillaboom|Rillaboom, F|94/100|[from] Flip Turn
|-activate|p1a: Rillaboom|move: Sticky Web
|-unboost|p1a: Rillaboom|spe|1
|-damage|p1a: Rillaboom|81/100|[from] Stealth Rock
|-fieldstart|move: Grassy Terrain|[from] ability: Grassy Surge|[of] p1a: Rillaboom
|move|p2a: Torkoal|Lava Plume|p1a: Rillaboom
|-supereffective|p1a: Rillaboom
|-damage|p1a: Rillaboom|0 fnt
|faint|p1a: Rillaboom
|
|-weather|SunnyDay|[upkeep]
|-heal|p2a: Torkoal|99/100|[from] Grassy Terrain
|upkeep
|
|t:|1769409955
|switch|p1a: Alomomola|Alomomola, F|83/100 brn
|-activate|p1a: Alomomola|move: Sticky Web
|-unboost|p1a: Alomomola|spe|1
|-damage|p1a: Alomomola|70/100 brn|[from] Stealth Rock
|turn|23
|
|t:|1769409960
|move|p1a: Alomomola|Scald|p2a: Torkoal
|-supereffective|p2a: Torkoal
|-damage|p2a: Torkoal|82/100
|move|p2a: Torkoal|Body Press|p1a: Alomomola
|-damage|p1a: Alomomola|50/100 brn
|
|-weather|SunnyDay|[upkeep]
|-heal|p1a: Alomomola|56/100 brn|[from] Grassy Terrain
|-heal|p2a: Torkoal|88/100|[from] Grassy Terrain
|-damage|p1a: Alomomola|50/100 brn|[from] brn
|upkeep
|turn|24
|
|t:|1769409967
|move|p1a: Alomomola|Flip Turn|p2a: Torkoal
|-supereffective|p2a: Torkoal
|-damage|p2a: Torkoal|83/100
|
|t:|1769409969
|switch|p1a: Scizor|Scizor, F|100/100|[from] Flip Turn
|-activate|p1a: Scizor|move: Sticky Web
|-unboost|p1a: Scizor|spe|1
|-damage|p1a: Scizor|88/100|[from] Stealth Rock
|move|p2a: Torkoal|Body Press|p1a: Scizor
|-damage|p1a: Scizor|55/100
|
|-weather|SunnyDay|[upkeep]
|-heal|p1a: Scizor|61/100|[from] Grassy Terrain
|-heal|p2a: Torkoal|89/100|[from] Grassy Terrain
|upkeep
|turn|25
|
|t:|1769409971
|switch|p2a: Fez And Ipiti|Fezandipiti, M|100/100
|move|p1a: Scizor|U-turn|p2a: Fez And Ipiti
|-resisted|p2a: Fez And Ipiti
|-damage|p2a: Fez And Ipiti|84/100
|
|t:|1769409973
|switch|p1a: Alomomola|Alomomola, F|83/100 brn|[from] U-turn
|-activate|p1a: Alomomola|move: Sticky Web
|-unboost|p1a: Alomomola|spe|1
|-damage|p1a: Alomomola|71/100 brn|[from] Stealth Rock
|
|-weather|SunnyDay|[upkeep]
|-heal|p2a: Fez And Ipiti|90/100|[from] Grassy Terrain
|-heal|p1a: Alomomola|77/100 brn|[from] Grassy Terrain
|-damage|p1a: Alomomola|71/100 brn|[from] brn
|upkeep
|turn|26
|
|t:|1769409978
|move|p2a: Fez And Ipiti|Play Rough|p1a: Alomomola
|-damage|p1a: Alomomola|52/100 brn
|move|p1a: Alomomola|Flip Turn|p2a: Fez And Ipiti
|-damage|p2a: Fez And Ipiti|86/100
|
|t:|1769409981
|switch|p1a: Scizor|Scizor, F|61/100|[from] Flip Turn
|-activate|p1a: Scizor|move: Sticky Web
|-unboost|p1a: Scizor|spe|1
|-damage|p1a: Scizor|48/100|[from] Stealth Rock
|
|-weather|SunnyDay|[upkeep]
|-heal|p2a: Fez And Ipiti|92/100|[from] Grassy Terrain
|-heal|p1a: Scizor|55/100|[from] Grassy Terrain
|upkeep
|turn|27
|
|t:|1769409985
|-terastallize|p1a: Scizor|Steel
|move|p1a: Scizor|Bullet Punch|p2a: Fez And Ipiti
|-supereffective|p2a: Fez And Ipiti
|-damage|p2a: Fez And Ipiti|0 fnt
|faint|p2a: Fez And Ipiti
|
|-weather|none
|-heal|p1a: Scizor|61/100|[from] Grassy Terrain
|upkeep
|
|t:|1769409989
|switch|p2a: Great Tusk|Great Tusk|100/100
|turn|28
|
|t:|1769409992
|move|p1a: Scizor|Bullet Punch|p2a: Great Tusk
|-damage|p2a: Great Tusk|67/100
|move|p2a: Great Tusk|Headlong Rush|p1a: Scizor
|-supereffective|p1a: Scizor
|-damage|p1a: Scizor|0 fnt
|-unboost|p2a: Great Tusk|def|1
|-unboost|p2a: Great Tusk|spd|1
|faint|p1a: Scizor
|
|-heal|p2a: Great Tusk|74/100|[from] Grassy Terrain
|-heal|p2a: Great Tusk|80/100|[from] item: Leftovers
|upkeep
|
|t:|1769409995
|switch|p1a: Alomomola|Alomomola, F|86/100 brn
|-activate|p1a: Alomomola|move: Sticky Web
|-unboost|p1a: Alomomola|spe|1
|-damage|p1a: Alomomola|73/100 brn|[from] Stealth Rock
|turn|29
|
|t:|1769409999
|move|p2a: Great Tusk|Headlong Rush|p1a: Alomomola
|-damage|p1a: Alomomola|41/100 brn
|-unboost|p2a: Great Tusk|def|1
|-unboost|p2a: Great Tusk|spd|1
|move|p1a: Alomomola|Scald|p2a: Great Tusk
|-supereffective|p2a: Great Tusk
|-damage|p2a: Great Tusk|13/100
|
|-heal|p2a: Great Tusk|20/100|[from] Grassy Terrain
|-heal|p2a: Great Tusk|26/100|[from] item: Leftovers
|-heal|p1a: Alomomola|47/100 brn|[from] Grassy Terrain
|-damage|p1a: Alomomola|41/100 brn|[from] brn
|-fieldend|move: Grassy Terrain
|upkeep
|turn|30
|c|☆sumni i|Gg
|c|☆no_dupes|gg
|-message|sumni i forfeited.
|
|win|no_dupes
|raw|sumni i's rating: 1477 &rarr; <strong>1454</strong><br />(-23 for losing)
|raw|no_dupes's rating: 1426 &rarr; <strong>1449</strong><br />(+23 for winning)
|l|☆sumni i
|player|p1|
