|j|☆jsxlllll
|j|☆Niroglift
|t:|1769419430
|gametype|singles
|player|p1|jsxlllll|170|1544
|player|p2|Niroglift|emmet|1653
|gen|9
|tier|[Gen 9] OU
|rated|
|rule|HP Percentage Mod: HP is shown in percentages
|rule|Endless Battle Clause: Forcing endless battles is banned
|rule|Species Clause: Limit one of each Pokémon
|rule|OHKO Clause: OHKO moves are banned
|rule|Evasion Items Clause: Evasion items are banned
|rule|Evasion Moves Clause: Evasion moves are banned
|rule|Evasion Abilities Clause: Evasion abilities are banned
|rule|Sleep Moves Clause: Sleep-inducing moves are banned
|clearpoke
|poke|p1|Sandy Shocks|
|poke|p1|Scizor, F|
|poke|p1|Manaphy|
|poke|p1|Latios, M|
|poke|p1|Ogerpon, F|
|poke|p1|Iron Jugulis|
|poke|p2|Clodsire, F|
|poke|p2|Gliscor, M|
|poke|p2|Weezing-Galar, M|
|poke|p2|Dondozo, M|
|poke|p2|Corviknight, M|
|poke|p2|Blissey, F|
|teampreview
|
|t:|1769419447
|teamsize|p1|6
|teamsize|p2|6
|start
|switch|p1a: Sandy Shocks|Sandy Shocks|100/100
|switch|p2a: Blissey|Blissey, F|100/100
|-enditem|p1a: Sandy Shocks|Booster Energy
|-activate|p1a: Sandy Shocks|ability: Protosynthesis|[fromitem]
|-start|p1a: Sandy Shocks|protosynthesisspe
|turn|1
|
|t:|1769419454
|move|p1a: Sandy Shocks|Stealth Rock|p2a: Blissey
|-sidestart|p2: Niroglift|move: Stealth Rock
|move|p2a: Blissey|Stealth Rock|p1a: Sandy Shocks
|-sidestart|p1: jsxlllll|move: Stealth Rock
|
|upkeep
|turn|2
|
|t:|1769419458
|switch|p2a: Da Scor|Gliscor, M|100/100
|-damage|p2a: Da Scor|88/100|[from] Stealth Rock
|move|p1a: Sandy Shocks|Spikes|p2a: Da Scor
|-sidestart|p2: Niroglift|Spikes
|
|-status|p2a: Da Scor|tox|[from] item: Toxic Orb
|upkeep
|turn|3
|
|t:|1769419463
|move|p2a: Da Scor|Protect|p2a: Da Scor
|-singleturn|p2a: Da Scor|Protect
|move|p1a: Sandy Shocks|Spikes|p2a: Da Scor
|-sidestart|p2: Niroglift|Spikes
|
|-heal|p2a: Da Scor|100/100 tox|[from] ability: Poison Heal
|upkeep
|turn|4
|
|t:|1769419465
|move|p1a: Sandy Shocks|Spikes|p2a: Da Scor
|-sidestart|p2: Niroglift|Spikes
|move|p2a: Da Scor|Toxic|p1a: Sandy Shocks
|-status|p1a: Sandy Shocks|tox
|
|-damage|p1a: Sandy Shocks|94/100 tox|[from] psn
|upkeep
|turn|5
|
|t:|1769419472
|-end|p1a: Sandy Shocks|Protosynthesis|[silent]
|switch|p1a: Scizor|Scizor, F|100/100
|-damage|p1a: Scizor|88/100|[from] Stealth Rock
|move|p2a: Da Scor|Knock Off|p1a: Scizor
|-damage|p1a: Scizor|67/100
|-enditem|p1a: Scizor|Sitrus Berry|[from] move: Knock Off|[of] p2a: Da Scor
|
|upkeep
|turn|6
|
|t:|1769419479
|switch|p2a: Weezing|Weezing-Galar, M|100/100
|-ability|p2a: Weezing|Neutralizing Gas
|move|p1a: Scizor|Swords Dance|p1a: Scizor
|-boost|p1a: Scizor|atk|2
|
|upkeep
|turn|7
|
|t:|1769419489
|-terastallize|p1a: Scizor|Fire
|move|p1a: Scizor|Swords Dance|p1a: Scizor
|-boost|p1a: Scizor|atk|2
|move|p2a: Weezing|Will-O-Wisp|p1a: Scizor
|-immune|p1a: Scizor
|
|upkeep
|turn|8
|
|t:|1769419498
|move|p1a: Scizor|Knock Off|p2a: Weezing
|-resisted|p2a: Weezing
|-damage|p2a: Weezing|65/100
|-enditem|p2a: Weezing|Heavy-Duty Boots|[from] move: Knock Off|[of] p1a: Scizor
|move|p2a: Weezing|Defog|p1a: Scizor
|-unboost|p1a: Scizor|evasion|1
|-sideend|p1: jsxlllll|Stealth Rock|[from] move: Defog|[of] p2a: Weezing
|-sideend|p2: Niroglift|Spikes|[from] move: Defog|[of] p2a: Weezing
|-sideend|p2: Niroglift|Stealth Rock|[from] move: Defog|[of] p2a: Weezing
|
|upkeep
|turn|9
|
|t:|1769419501
|-end|p2a: Weezing|ability: Neutralizing Gas
|switch|p2a: Dondozo|Dondozo, M|100/100
|move|p1a: Scizor|Bullet Punch|p2a: Dondozo
|-resisted|p2a: Dondozo
|-damage|p2a: Dondozo|93/100
|
|-heal|p2a: Dondozo|99/100|[from] item: Leftovers
|upkeep
|turn|10
|
|t:|1769419506
|move|p1a: Scizor|Knock Off|p2a: Dondozo
|-damage|p2a: Dondozo|84/100
|-enditem|p2a: Dondozo|Leftovers|[from] move: Knock Off|[of] p1a: Scizor
|move|p2a: Dondozo|Waterfall|p1a: Scizor
|-supereffective|p1a: Scizor
|-damage|p1a: Scizor|10/100
|
|upkeep
|turn|11
|
|t:|1769419513
|move|p1a: Scizor|Close Combat|p2a: Dondozo
|-damage|p2a: Dondozo|65/100
|-unboost|p1a: Scizor|def|1
|-unboost|p1a: Scizor|spd|1
|move|p2a: Dondozo|Waterfall|p1a: Scizor
|-supereffective|p1a: Scizor
|-damage|p1a: Scizor|0 fnt
|faint|p1a: Scizor
|
|upkeep
|
|t:|1769419516
|switch|p1a: Sandy Shocks|Sandy Shocks|94/100 tox
|turn|12
|
|t:|1769419524
|switch|p2a: Blissey|Blissey, F|100/100
|move|p1a: Sandy Shocks|Stealth Rock|p2a: Blissey
|-sidestart|p2: Niroglift|move: Stealth Rock
|
|-damage|p1a: Sandy Shocks|88/100 tox|[from] psn
|upkeep
|turn|13
|
|t:|1769419528
|move|p1a: Sandy Shocks|Spikes|p2a: Blissey
|-sidestart|p2: Niroglift|Spikes
|move|p2a: Blissey|Stealth Rock|p1a: Sandy Shocks
|-sidestart|p1: jsxlllll|move: Stealth Rock
|
|-damage|p1a: Sandy Shocks|76/100 tox|[from] psn
|upkeep
|turn|14
|
|t:|1769419532
|switch|p2a: Da Scor|Gliscor, M|100/100 tox
|-damage|p2a: Da Scor|88/100 tox|[from] Stealth Rock
|move|p1a: Sandy Shocks|Spikes|p2a: Da Scor
|-sidestart|p2: Niroglift|Spikes
|
|-damage|p1a: Sandy Shocks|57/100 tox|[from] psn
|-heal|p2a: Da Scor|100/100 tox|[from] ability: Poison Heal
|upkeep
|turn|15
|
|t:|1769419535
|move|p1a: Sandy Shocks|Spikes|p2a: Da Scor
|-sidestart|p2: Niroglift|Spikes
|move|p2a: Da Scor|Spikes|p1a: Sandy Shocks
|-sidestart|p1: jsxlllll|Spikes
|
|-damage|p1a: Sandy Shocks|32/100 tox|[from] psn
|upkeep
|turn|16
|
|t:|1769419538
|move|p1a: Sandy Shocks|Earth Power|p2a: Da Scor
|-immune|p2a: Da Scor
|move|p2a: Da Scor|Spikes|p1a: Sandy Shocks
|-sidestart|p1: jsxlllll|Spikes
|
|-damage|p1a: Sandy Shocks|1/100 tox|[from] psn
|upkeep
|turn|17
|
|t:|1769419544
|move|p1a: Sandy Shocks|Earth Power|p2a: Da Scor
|-immune|p2a: Da Scor
|move|p2a: Da Scor|Spikes|p1a: Sandy Shocks
|-sidestart|p1: jsxlllll|Spikes
|
|-damage|p1a: Sandy Shocks|0 fnt|[from] psn
|faint|p1a: Sandy Shocks
|-end|p1a: Sandy Shocks|Protosynthesis|[silent]
|upkeep
|
|t:|1769419556
|switch|p1a: Latios|Latios, M|100/100
|-damage|p1a: Latios|88/100|[from] Stealth Rock
|turn|18
|
|t:|1769419560
|move|p1a: Latios|Agility|p1a: Latios
|-boost|p1a: Latios|spe|2
|move|p2a: Da Scor|Toxic|p1a: Latios
|-status|p1a: Latios|tox
|
|-damage|p1a: Latios|82/100 tox|[from] psn
|upkeep
|turn|19
|
|t:|1769419563
|switch|p2a: Da Cloddening|Clodsire, F, shiny|100/100
|-damage|p2a: Da Cloddening|94/100|[from] Stealth Rock
|-damage|p2a: Da Cloddening|69/100|[from] Spikes
|move|p1a: Latios|Calm Mind|p1a: Latios
|-boost|p1a: Latios|spa|1
|-boost|p1a: Latios|spd|1
|
|-heal|p2a: Da Cloddening|75/100|[from] item: Leftovers
|-damage|p1a: Latios|70/100 tox|[from] psn
|upkeep
|turn|20
|
|t:|1769419566
|-terastallize|p2a: Da Cloddening|Dark
|move|p1a: Latios|Calm Mind|p1a: Latios
|-boost|p1a: Latios|spa|1
|-boost|p1a: Latios|spd|1
|move|p2a: Da Cloddening|Amnesia|p2a: Da Cloddening
|-boost|p2a: Da Cloddening|spd|2
|
|-heal|p2a: Da Cloddening|82/100|[from] item: Leftovers
|-damage|p1a: Latios|52/100 tox|[from] psn
|upkeep
|turn|21
|
|t:|1769419574
|switch|p1a: Ogerpon|Ogerpon, F|100/100
|-damage|p1a: Ogerpon|88/100|[from] Stealth Rock
|-damage|p1a: Ogerpon|63/100|[from] Spikes
|move|p2a: Da Cloddening|Amnesia|p2a: Da Cloddening
|-boost|p2a: Da Cloddening|spd|2
|-enditem|p1a: Ogerpon|Mirror Herb
|-boost|p1a: Ogerpon|spd|2|[from] item: Mirror Herb
|
|-heal|p2a: Da Cloddening|88/100|[from] item: Leftovers
|upkeep
|turn|22
|
|t:|1769419582
|switch|p2a: Corviknight|Corviknight, M, shiny|100/100
|-damage|p2a: Corviknight|88/100|[from] Stealth Rock
|-ability|p2a: Corviknight|Pressure
|move|p1a: Ogerpon|Encore||[still]
|-fail|p1a: Ogerpon
|
|-heal|p2a: Corviknight|94/100|[from] item: Leftovers
|upkeep
|turn|23
|
|t:|1769419587
|move|p1a: Ogerpon|Swords Dance|p1a: Ogerpon
|-boost|p1a: Ogerpon|atk|2
|move|p2a: Corviknight|Defog|p1a: Ogerpon
|-unboost|p1a: Ogerpon|evasion|1
|-ability|p1a: Ogerpon|Defiant|boost
|-boost|p1a: Ogerpon|atk|2
|-sideend|p1: jsxlllll|Spikes|[from] move: Defog|[of] p2a: Corviknight
|-sideend|p1: jsxlllll|Stealth Rock|[from] move: Defog|[of] p2a: Corviknight
|-sideend|p2: Niroglift|Spikes|[from] move: Defog|[of] p2a: Corviknight
|-sideend|p2: Niroglift|Stealth Rock|[from] move: Defog|[of] p2a: Corviknight
|
|-heal|p2a: Corviknight|100/100|[from] item: Leftovers
|upkeep
|turn|24
|
|t:|1769419593
|switch|p2a: Weezing|Weezing-Galar, M|65/100
|-ability|p2a: Weezing|Neutralizing Gas
|move|p1a: Ogerpon|Encore||[still]
|-fail|p1a: Ogerpon
|
|upkeep
|turn|25
|
|t:|1769419599
|move|p1a: Ogerpon|Rock Tomb|p2a: Weezing|[miss]
|-miss|p1a: Ogerpon|p2a: Weezing
|move|p2a: Weezing|Will-O-Wisp|p1a: Ogerpon
|-status|p1a: Ogerpon|brn
|
|-damage|p1a: Ogerpon|57/100 brn|[from] brn
|upkeep
|turn|26
|-message|jsxlllll forfeited.
|
|win|Niroglift
|raw|jsxlllll's rating: 1544 &rarr; <strong>1530</strong><br />(-14 for losing)
|raw|Niroglift's rating: 1653 &rarr; <strong>1667</strong><br />(+14 for winning)
|l|☆jsxlllll
|player|p1|
|l|☆Niroglift
|player|p2|
