|j|☆skibidi cupcake
|j|☆papmsmon
|t:|1769335019
|gametype|singles
|player|p1|skibidi cupcake|bruno|1077
|player|p2|papmsmon|kimonogirl|1082
|gen|9
|tier|[Gen 9] OU
|rated|
|rule|HP Percentage Mod: HP is shown in percentages
|rule|Endless Battle Clause: Forcing endless battles is banned
|rule|Species Clause: Limit one of each Pokémon
|rule|OHKO Clause: OHKO moves are banned
|rule|Evasion Items Clause: Evasion items are banned
|rule|Evasion Moves Clause: Evasion moves are banned
|rule|Evasion Abilities Clause: Evasion abilities are banned
|rule|Sleep Moves Clause: Sleep-inducing moves are banned
|clearpoke
|poke|p1|Arboliva, F|
|poke|p1|Incineroar, M|
|poke|p1|Slowking-Galar, F|
|poke|p1|Thundurus-Therian, M|
|poke|p1|Gholdengo|
|poke|p1|Gliscor, F|
|poke|p2|Klefki, M|
|poke|p2|Sylveon, M|
|poke|p2|Weezing-Galar, M|
|poke|p2|Florges-White, F|
|poke|p2|Azumarill, F|
|poke|p2|Clefable, M|
|teampreview
|inactive|Battle timer is ON: inactive players will automatically lose when time's up. (requested by papmsmon)
|inactive|skibidi cupcake also wants the timer to be on.
|
|t:|1769335025
|teamsize|p1|6
|teamsize|p2|6
|start
|switch|p1a: Slowking|Slowking-Galar, F|100/100
|switch|p2a: Klefki|Klefki, M|100/100
|turn|1
|
|t:|1769335034
|move|p2a: Klefki|Switcheroo|p1a: Slowking
|-activate|p2a: Klefki|move: Trick|[of] p1a: Slowking
|-item|p1a: Slowking|Sticky Barb|[from] move: Switcheroo
|-item|p2a: Klefki|Heavy-Duty Boots|[from] move: Switcheroo
|-prepare|p1a: Slowking|Chilly Reception|[premajor]
|move|p1a: Slowking|Chilly Reception|p1a: Slowking
|-weather|Snowscape
|inactive|skibidi cupcake has 120 seconds left.
|
|t:|1769335072
|switch|p1a: Thundurus|Thundurus-Therian, M|100/100|[from] Chilly Reception
|
|-weather|Snowscape|[upkeep]
|upkeep
|turn|2
|inactive|skibidi cupcake has 120 seconds left.
|
|t:|1769335091
|move|p2a: Klefki|Spikes|p1a: Thundurus
|-sidestart|p1: skibidi cupcake|Spikes
|move|p1a: Thundurus|Thunderbolt|p2a: Klefki
|-damage|p2a: Klefki|35/100
|
|-weather|Snowscape|[upkeep]
|upkeep
|turn|3
|
|t:|1769335099
|move|p2a: Klefki|Spikes|p1a: Thundurus
|-sidestart|p1: skibidi cupcake|Spikes
|move|p1a: Thundurus|Thunderbolt|p2a: Klefki
|-damage|p2a: Klefki|0 fnt
|faint|p2a: Klefki
|
|-weather|Snowscape|[upkeep]
|upkeep
|
|t:|1769335113
|switch|p2a: Sylveon|Sylveon, M|100/100
|turn|4
|
|t:|1769335121
|switch|p1a: Incineroar|Incineroar, M|100/100
|-damage|p1a: Incineroar|84/100|[from] Spikes
|-ability|p1a: Incineroar|Intimidate|boost
|-unboost|p2a: Sylveon|atk|1
|move|p2a: Sylveon|Hyper Voice|p1a: Incineroar
|-damage|p1a: Incineroar|26/100
|-enditem|p1a: Incineroar|Eject Button
|
|t:|1769335129
|switch|p1a: Thundurus|Thundurus-Therian, M|100/100
|
|-weather|Snowscape|[upkeep]
|upkeep
|turn|5
|
|t:|1769335136
|move|p1a: Thundurus|Sludge Bomb|p2a: Sylveon
|-supereffective|p2a: Sylveon
|-damage|p2a: Sylveon|52/100
|move|p2a: Sylveon|Hyper Voice|p1a: Thundurus
|-damage|p1a: Thundurus|0 fnt
|faint|p1a: Thundurus
|
|-weather|none
|upkeep
|
|t:|1769335148
|switch|p1a: Gholdengo|Gholdengo|100/100
|-damage|p1a: Gholdengo|84/100|[from] Spikes
|turn|6
|
|t:|1769335160
|switch|p2a: Azumarill|Azumarill, F|100/100
|move|p1a: Gholdengo|Make It Rain|p2a: Azumarill
|-damage|p2a: Azumarill|31/100
|-unboost|p1a: Gholdengo|spa|1
|
|upkeep
|turn|7
|
|t:|1769335173
|switch|p1a: Arboliva|Arboliva, F|100/100
|-damage|p1a: Arboliva|84/100|[from] Spikes
|move|p2a: Azumarill|Aqua Jet|p1a: Arboliva
|-resisted|p1a: Arboliva
|-damage|p1a: Arboliva|69/100
|
|upkeep
|turn|8
|
|t:|1769335182
|switch|p2a: Weezing|Weezing-Galar, M|100/100
|move|p1a: Arboliva|Strength Sap|p2a: Weezing
|-unboost|p2a: Weezing|atk|1
|-heal|p1a: Arboliva|100/100
|
|upkeep
|turn|9
|
|t:|1769335201
|move|p2a: Weezing|Flamethrower|p1a: Arboliva
|-supereffective|p1a: Arboliva
|-damage|p1a: Arboliva|56/100
|-status|p1a: Arboliva|brn
|move|p1a: Arboliva|Leech Seed|p2a: Weezing|[miss]
|-miss|p1a: Arboliva|p2a: Weezing
|
|-damage|p1a: Arboliva|50/100 brn|[from] brn
|upkeep
|-enditem|p1a: Arboliva|Sitrus Berry|[eat]
|-heal|p1a: Arboliva|75/100 brn|[from] item: Sitrus Berry
|turn|10
|
|t:|1769335215
|move|p2a: Weezing|Flamethrower|p1a: Arboliva
|-supereffective|p1a: Arboliva
|-damage|p1a: Arboliva|33/100 brn
|move|p1a: Arboliva|Leech Seed|p2a: Weezing
|-start|p2a: Weezing|move: Leech Seed
|
|-damage|p2a: Weezing|88/100|[from] Leech Seed|[of] p1a: Arboliva
|-heal|p1a: Arboliva|45/100 brn|[silent]
|-damage|p1a: Arboliva|39/100 brn|[from] brn
|-item|p1a: Arboliva|Sitrus Berry|[from] ability: Harvest
|upkeep
|-enditem|p1a: Arboliva|Sitrus Berry|[eat]
|-heal|p1a: Arboliva|64/100 brn|[from] item: Sitrus Berry
|turn|11
|
|t:|1769335231
|-terastallize|p1a: Arboliva|Ghost
|move|p2a: Weezing|Flamethrower|p1a: Arboliva
|-damage|p1a: Arboliva|39/100 brn
|move|p1a: Arboliva|Synthesis|p1a: Arboliva
|-heal|p1a: Arboliva|89/100 brn
|
|-damage|p2a: Weezing|76/100|[from] Leech Seed|[of] p1a: Arboliva
|-heal|p1a: Arboliva|100/100 brn|[silent]
|-damage|p1a: Arboliva|94/100 brn|[from] brn
|-item|p1a: Arboliva|Sitrus Berry|[from] ability: Harvest
|upkeep
|turn|12
|
|t:|1769335247
|move|p2a: Weezing|Strange Steam|p1a: Arboliva
|-damage|p1a: Arboliva|61/100 brn
|move|p1a: Arboliva|Hyper Voice|p2a: Weezing
|-damage|p2a: Weezing|22/100
|
|-damage|p2a: Weezing|10/100|[from] Leech Seed|[of] p1a: Arboliva
|-heal|p1a: Arboliva|72/100 brn|[silent]
|-damage|p1a: Arboliva|66/100 brn|[from] brn
|upkeep
|turn|13
|
|t:|1769335254
|move|p2a: Weezing|Strange Steam|p1a: Arboliva
|-damage|p1a: Arboliva|29/100 brn
|-enditem|p1a: Arboliva|Sitrus Berry|[eat]
|-heal|p1a: Arboliva|54/100 brn|[from] item: Sitrus Berry
|move|p1a: Arboliva|Strength Sap|p2a: Weezing
|-unboost|p2a: Weezing|atk|1
|-heal|p1a: Arboliva|85/100 brn
|
|-damage|p2a: Weezing|0 fnt|[from] Leech Seed|[of] p1a: Arboliva
|-heal|p1a: Arboliva|94/100 brn|[silent]
|faint|p2a: Weezing
|-damage|p1a: Arboliva|87/100 brn|[from] brn
|upkeep
|
|t:|1769335266
|switch|p2a: Azumarill|Azumarill, F|31/100
|turn|14
|
|t:|1769335272
|move|p2a: Azumarill|Liquidation|p1a: Arboliva
|-damage|p1a: Arboliva|32/100 brn
|move|p1a: Arboliva|Hyper Voice|p2a: Azumarill
|-damage|p2a: Azumarill|0 fnt
|faint|p2a: Azumarill
|
|-damage|p1a: Arboliva|26/100 brn|[from] brn
|upkeep
|
|t:|1769335280
|switch|p2a: Florges|Florges-White, F|100/100
|turn|15
|
|t:|1769335287
|move|p2a: Florges|Moonblast|p1a: Arboliva
|-damage|p1a: Arboliva|0 fnt
|faint|p1a: Arboliva
|
|upkeep
|
|t:|1769335301
|switch|p1a: Gholdengo|Gholdengo|84/100
|-damage|p1a: Gholdengo|68/100|[from] Spikes
|turn|16
|
|t:|1769335308
|move|p1a: Gholdengo|Make It Rain|p2a: Florges
|-supereffective|p2a: Florges
|-damage|p2a: Florges|7/100
|-unboost|p1a: Gholdengo|spa|1
|move|p2a: Florges|Calm Mind|p2a: Florges
|-boost|p2a: Florges|spa|1
|-boost|p2a: Florges|spd|1
|
|-heal|p2a: Florges|13/100|[from] item: Leftovers
|upkeep
|turn|17
|
|t:|1769335315
|move|p1a: Gholdengo|Make It Rain|p2a: Florges
|-supereffective|p2a: Florges
|-damage|p2a: Florges|0 fnt
|-unboost|p1a: Gholdengo|spa|1
|faint|p2a: Florges
|
|upkeep
|
|t:|1769335317
|switch|p2a: Sylveon|Sylveon, M|52/100
|turn|18
|
|t:|1769335322
|move|p1a: Gholdengo|Recover|p1a: Gholdengo
|-heal|p1a: Gholdengo|100/100
|move|p2a: Sylveon|Shadow Ball|p1a: Gholdengo
|-supereffective|p1a: Gholdengo
|-damage|p1a: Gholdengo|12/100
|-unboost|p1a: Gholdengo|spd|1
|
|upkeep
|turn|19
|
|t:|1769335331
|switch|p1a: Incineroar|Incineroar, M|26/100
|-damage|p1a: Incineroar|10/100|[from] Spikes
|-ability|p1a: Incineroar|Intimidate|boost
|-unboost|p2a: Sylveon|atk|1
|move|p2a: Sylveon|Shadow Ball|p1a: Incineroar
|-resisted|p1a: Incineroar
|-damage|p1a: Incineroar|0 fnt
|faint|p1a: Incineroar
|
|upkeep
|
|t:|1769335340
|switch|p1a: Slowking|Slowking-Galar, F|100/100
|-damage|p1a: Slowking|84/100|[from] Spikes
|turn|20
|
|t:|1769335348
|move|p2a: Sylveon|Shadow Ball|p1a: Slowking
|-supereffective|p1a: Slowking
|-damage|p1a: Slowking|15/100
|move|p1a: Slowking|Ice Beam|p2a: Sylveon
|-crit|p2a: Sylveon
|-damage|p2a: Sylveon|27/100
|
|-damage|p1a: Slowking|3/100|[from] item: Sticky Barb
|upkeep
|turn|21
|
|t:|1769335359
|move|p2a: Sylveon|Shadow Ball|p1a: Slowking
|-supereffective|p1a: Slowking
|-damage|p1a: Slowking|0 fnt
|faint|p1a: Slowking
|
|upkeep
|
|t:|1769335362
|switch|p1a: Gliscor|Gliscor, F|100/100
|turn|22
|
|t:|1769335369
|move|p1a: Gliscor|Substitute|p1a: Gliscor
|-start|p1a: Gliscor|Substitute
|-damage|p1a: Gliscor|75/100
|move|p2a: Sylveon|Shadow Ball|p1a: Gliscor
|-end|p1a: Gliscor|Substitute
|
|-status|p1a: Gliscor|tox|[from] item: Toxic Orb
|upkeep
|turn|23
|
|t:|1769335378
|move|p1a: Gliscor|Protect|p1a: Gliscor
|-singleturn|p1a: Gliscor|Protect
|move|p2a: Sylveon|Shadow Ball|p1a: Gliscor
|-activate|p1a: Gliscor|move: Protect
|
|-heal|p1a: Gliscor|88/100 tox|[from] ability: Poison Heal
|upkeep
|turn|24
|
|t:|1769335384
|move|p1a: Gliscor|Earthquake|p2a: Sylveon
|-damage|p2a: Sylveon|0 fnt
|faint|p2a: Sylveon
|
|-heal|p1a: Gliscor|99/100 tox|[from] ability: Poison Heal
|upkeep
|
|t:|1769335386
|switch|p2a: Clefable|Clefable, M|100/100
|turn|25
|
|t:|1769335393
|move|p1a: Gliscor|Substitute|p1a: Gliscor
|-start|p1a: Gliscor|Substitute
|-damage|p1a: Gliscor|75/100 tox
|move|p2a: Clefable|Moonblast|p1a: Gliscor
|-end|p1a: Gliscor|Substitute
|
|-heal|p1a: Gliscor|87/100 tox|[from] ability: Poison Heal
|upkeep
|turn|26
|
|t:|1769335408
|-terastallize|p2a: Clefable|Fairy
|move|p1a: Gliscor|Swords Dance|p1a: Gliscor
|-boost|p1a: Gliscor|atk|2
|move|p2a: Clefable|Moonblast|p1a: Gliscor
|-damage|p1a: Gliscor|10/100 tox
|-unboost|p1a: Gliscor|spa|1
|
|-heal|p1a: Gliscor|22/100 tox|[from] ability: Poison Heal
|upkeep
|turn|27
|
|t:|1769335419
|move|p1a: Gliscor|Earthquake|p2a: Clefable
|-damage|p2a: Clefable|1/100
|move|p2a: Clefable|Moonblast|p1a: Gliscor
|-damage|p1a: Gliscor|0 fnt
|faint|p1a: Gliscor
|
|upkeep
|
|t:|1769335425
|switch|p1a: Gholdengo|Gholdengo|12/100
|-damage|p1a: Gholdengo|0 fnt|[from] Spikes
|faint|p1a: Gholdengo
|
|win|papmsmon
|raw|skibidi cupcake's rating: 1077 &rarr; <strong>1056</strong><br />(-21 for losing)
|raw|papmsmon's rating: 1082 &rarr; <strong>1109</strong><br />(+27 for winning)
|c|☆skibidi cupcake|Gg
|l|☆skibidi cupcake
|player|p1|
|l|☆papmsmon
|player|p2|
