|j|☆MiaTaylor612
|j|☆murchy
|t:|1769447369
|gametype|singles
|player|p1|MiaTaylor612|lady-gen4|1744
|player|p2|murchy|2|1644
|gen|9
|tier|[Gen 9] OU
|rated|
|rule|HP Percentage Mod: HP is shown in percentages
|rule|Endless Battle Clause: Forcing endless battles is banned
|rule|Species Clause: Limit one of each Pokémon
|rule|OHKO Clause: OHKO moves are banned
|rule|Evasion Items Clause: Evasion items are banned
|rule|Evasion Moves Clause: Evasion moves are banned
|rule|Evasion Abilities Clause: Evasion abilities are banned
|rule|Sleep Moves Clause: Sleep-inducing moves are banned
|clearpoke
|poke|p1|Hoopa-Unbound|
|poke|p1|Weezing-Galar, F|
|poke|p1|Iron Treads|
|poke|p1|Alomomola, M|
|poke|p1|Zapdos|
|poke|p1|Zamazenta-*|
|poke|p2|Gliscor, F|
|poke|p2|Clodsire, F|
|poke|p2|Toxapex, M|
|poke|p2|Corviknight, M|
|poke|p2|Dondozo, M|
|poke|p2|Ting-Lu|
|teampreview
|inactive|Battle timer is ON: inactive players will automatically lose when time's up. (requested by MiaTaylor612)
|
|t:|1769447389
|teamsize|p1|6
|teamsize|p2|6
|start
|switch|p1a: Wishmaster|Hoopa-Unbound|100/100
|switch|p2a: Ting-Lu|Ting-Lu|100/100
|-ability|p2a: Ting-Lu|Vessel of Ruin
|turn|1
|
|t:|1769447418
|move|p1a: Wishmaster|Knock Off|p2a: Ting-Lu
|-resisted|p2a: Ting-Lu
|-damage|p2a: Ting-Lu|88/100
|-enditem|p2a: Ting-Lu|Heavy-Duty Boots|[from] move: Knock Off|[of] p1a: Wishmaster
|move|p2a: Ting-Lu|Ruination|p1a: Wishmaster
|-damage|p1a: Wishmaster|50/100
|
|upkeep
|turn|2
|
|t:|1769447430
|switch|p1a: Alomomola|Alomomola, M|100/100
|move|p2a: Ting-Lu|Stealth Rock|p1a: Alomomola
|-sidestart|p1: MiaTaylor612|move: Stealth Rock
|
|upkeep
|turn|3
|inactive|MiaTaylor612 has 120 seconds left.
|
|t:|1769447465
|switch|p2a: Toxapex|Toxapex, M|100/100
|move|p1a: Alomomola|Scald|p2a: Toxapex
|-resisted|p2a: Toxapex
|-damage|p2a: Toxapex|95/100
|-status|p2a: Toxapex|brn
|
|-heal|p2a: Toxapex|100/100 brn|[from] item: Leftovers
|-damage|p2a: Toxapex|94/100 brn|[from] brn
|upkeep
|turn|4
|
|t:|1769447486
|switch|p1a: Iron Treads|Iron Treads|100/100
|-damage|p1a: Iron Treads|98/100|[from] Stealth Rock
|move|p2a: Toxapex|Infestation|p1a: Iron Treads
|-resisted|p1a: Iron Treads
|-damage|p1a: Iron Treads|96/100
|-activate|p1a: Iron Treads|move: Infestation|[of] p2a: Toxapex
|
|-heal|p1a: Iron Treads|100/100|[from] item: Leftovers
|-heal|p2a: Toxapex|100/100 brn|[from] item: Leftovers
|-damage|p2a: Toxapex|94/100 brn|[from] brn
|-damage|p1a: Iron Treads|88/100|[from] move: Infestation|[partiallytrapped]
|upkeep
|turn|5
|inactive|MiaTaylor612 has 90 seconds left.
|
|t:|1769447538
|switch|p2a: Gliscor|Gliscor, F|100/100
|move|p1a: Iron Treads|Rapid Spin|p2a: Gliscor
|-damage|p2a: Gliscor|90/100
|-boost|p1a: Iron Treads|spe|1
|-sideend|p1: MiaTaylor612|Stealth Rock|[from] move: Rapid Spin|[of] p1a: Iron Treads
|-end|p1a: Iron Treads|Infestation|[partiallytrapped]
|
|-heal|p1a: Iron Treads|94/100|[from] item: Leftovers
|-status|p2a: Gliscor|tox|[from] item: Toxic Orb
|upkeep
|turn|6
|
|t:|1769447549
|move|p1a: Iron Treads|Ice Spinner|p2a: Gliscor
|-supereffective|p2a: Gliscor
|-damage|p2a: Gliscor|30/100 tox
|move|p2a: Gliscor|Knock Off|p1a: Iron Treads
|-damage|p1a: Iron Treads|78/100
|-enditem|p1a: Iron Treads|Leftovers|[from] move: Knock Off|[of] p2a: Gliscor
|
|-heal|p2a: Gliscor|43/100 tox|[from] ability: Poison Heal
|upkeep
|turn|7
|
|t:|1769447556
|-end|p1a: Iron Treads|Quark Drive|[silent]
|switch|p1a: Weezing|Weezing-Galar, F|100/100
|-ability|p1a: Weezing|Neutralizing Gas
|move|p2a: Gliscor|Protect||[still]
|-fail|p2a: Gliscor
|
|-damage|p2a: Gliscor|30/100 tox|[from] psn
|upkeep
|turn|8
|
|t:|1769447560
|switch|p2a: Ting-Lu|Ting-Lu|88/100
|move|p1a: Weezing|Sludge Bomb|p2a: Ting-Lu
|-resisted|p2a: Ting-Lu
|-damage|p2a: Ting-Lu|79/100
|-status|p2a: Ting-Lu|psn
|
|-damage|p2a: Ting-Lu|67/100 psn|[from] psn
|upkeep
|turn|9
|
|t:|1769447566
|-end|p1a: Weezing|ability: Neutralizing Gas
|-ability|p2a: Ting-Lu|Vessel of Ruin
|switch|p1a: Alomomola|Alomomola, M|100/100
|move|p2a: Ting-Lu|Stealth Rock|p1a: Alomomola
|-sidestart|p1: MiaTaylor612|move: Stealth Rock
|
|-damage|p2a: Ting-Lu|54/100 psn|[from] psn
|upkeep
|turn|10
|
|t:|1769447571
|move|p2a: Ting-Lu|Ruination|p1a: Alomomola
|-damage|p1a: Alomomola|50/100
|move|p1a: Alomomola|Flip Turn|p2a: Ting-Lu
|-supereffective|p2a: Ting-Lu
|-damage|p2a: Ting-Lu|36/100 psn
|
|t:|1769447577
|switch|p1a: Wishmaster|Hoopa-Unbound|50/100|[from] Flip Turn
|-damage|p1a: Wishmaster|38/100|[from] Stealth Rock
|
|-damage|p2a: Ting-Lu|23/100 psn|[from] psn
|upkeep
|turn|11
|
|t:|1769447583
|switch|p2a: Corviknight|Corviknight, M|100/100
|-ability|p2a: Corviknight|Pressure
|move|p1a: Wishmaster|Drain Punch|p2a: Corviknight
|-damage|p2a: Corviknight|77/100
|-heal|p1a: Wishmaster|51/100|[from] drain|[of] p2a: Corviknight
|
|-heal|p2a: Corviknight|83/100|[from] item: Leftovers
|upkeep
|turn|12
|
|t:|1769447587
|-terastallize|p1a: Wishmaster|Fairy
|move|p1a: Wishmaster|Thunderbolt|p2a: Corviknight
|-supereffective|p2a: Corviknight
|-damage|p2a: Corviknight|33/100
|-status|p2a: Corviknight|par
|move|p2a: Corviknight|Brave Bird|p1a: Wishmaster
|-damage|p1a: Wishmaster|0 fnt
|faint|p1a: Wishmaster
|-damage|p2a: Corviknight|18/100 par|[from] Recoil
|
|-heal|p2a: Corviknight|25/100 par|[from] item: Leftovers
|upkeep
|inactive|MiaTaylor612 has 120 seconds left.
|
|t:|1769447603
|switch|p1a: Zapdos|Zapdos|100/100
|turn|13
|
|t:|1769447616
|switch|p2a: Clodsire|Clodsire, F|100/100
|move|p1a: Zapdos|Hurricane|p2a: Clodsire|[miss]
|-miss|p1a: Zapdos|p2a: Clodsire
|
|upkeep
|turn|14
|
|t:|1769447623
|switch|p1a: Alomomola|Alomomola, M|84/100
|-damage|p1a: Alomomola|71/100|[from] Stealth Rock
|move|p2a: Clodsire|Spikes|p1a: Alomomola
|-sidestart|p1: MiaTaylor612|Spikes
|
|upkeep
|turn|15
|
|t:|1769447627
|move|p1a: Alomomola|Scald|p2a: Clodsire
|-supereffective|p2a: Clodsire
|-damage|p2a: Clodsire|87/100
|move|p2a: Clodsire|Poison Jab|p1a: Alomomola
|-damage|p1a: Alomomola|55/100
|
|upkeep
|turn|16
|
|t:|1769447634
|switch|p2a: Corviknight|Corviknight, M|25/100 par
|-ability|p2a: Corviknight|Pressure
|move|p1a: Alomomola|Flip Turn|p2a: Corviknight
|-damage|p2a: Corviknight|10/100 par
|
|t:|1769447642
|switch|p1a: Iron Treads|Iron Treads|78/100|[from] Flip Turn
|-damage|p1a: Iron Treads|75/100|[from] Stealth Rock
|-damage|p1a: Iron Treads|63/100|[from] Spikes
|
|-heal|p2a: Corviknight|16/100 par|[from] item: Leftovers
|upkeep
|turn|17
|
|t:|1769447644
|move|p1a: Iron Treads|Ice Spinner|p2a: Corviknight
|-damage|p2a: Corviknight|0 fnt
|faint|p2a: Corviknight
|
|upkeep
|
|t:|1769447654
|switch|p2a: Dondozo|Dondozo, M|100/100
|turn|18
|
|t:|1769447666
|-end|p1a: Iron Treads|Quark Drive|[silent]
|switch|p1a: Weezing|Weezing-Galar, F|100/100
|-ability|p1a: Weezing|Neutralizing Gas
|move|p2a: Dondozo|Waterfall|p1a: Weezing
|-damage|p1a: Weezing|81/100
|
|upkeep
|turn|19
|
|t:|1769447673
|switch|p2a: Clodsire|Clodsire, F|87/100
|move|p1a: Weezing|Defog|p2a: Clodsire
|-unboost|p2a: Clodsire|evasion|1
|-sideend|p1: MiaTaylor612|Spikes|[from] move: Defog|[of] p1a: Weezing
|-sideend|p1: MiaTaylor612|Stealth Rock|[from] move: Defog|[of] p1a: Weezing
|
|upkeep
|turn|20
|
|t:|1769447681
|move|p1a: Weezing|Will-O-Wisp|p2a: Clodsire
|-status|p2a: Clodsire|brn
|move|p2a: Clodsire|Earthquake|p1a: Weezing
|-supereffective|p1a: Weezing
|-damage|p1a: Weezing|61/100
|
|-damage|p2a: Clodsire|81/100 brn|[from] brn
|upkeep
|turn|21
|
|t:|1769447686
|move|p1a: Weezing|Sludge Bomb|p2a: Clodsire
|-resisted|p2a: Clodsire
|-damage|p2a: Clodsire|78/100 brn
|move|p2a: Clodsire|Earthquake|p1a: Weezing
|-supereffective|p1a: Weezing
|-damage|p1a: Weezing|42/100
|
|-damage|p2a: Clodsire|72/100 brn|[from] brn
|upkeep
|turn|22
|
|t:|1769447689
|move|p1a: Weezing|Pain Split|p2a: Clodsire
|-sethp|p2a: Clodsire|51/100 brn|[from] move: Pain Split|[silent]
|-sethp|p1a: Weezing|70/100|[from] move: Pain Split
|move|p2a: Clodsire|Spikes|p1a: Weezing
|-sidestart|p1: MiaTaylor612|Spikes
|
|-damage|p2a: Clodsire|45/100 brn|[from] brn
|upkeep
|turn|23
|
|t:|1769447694
|move|p1a: Weezing|Defog|p2a: Clodsire
|-unboost|p2a: Clodsire|evasion|1
|-sideend|p1: MiaTaylor612|Spikes|[from] move: Defog|[of] p1a: Weezing
|move|p2a: Clodsire|Recover|p2a: Clodsire
|-heal|p2a: Clodsire|95/100 brn
|
|-damage|p2a: Clodsire|89/100 brn|[from] brn
|upkeep
|turn|24
|
|t:|1769447701
|switch|p2a: Toxapex|Toxapex, M|100/100 brn
|move|p1a: Weezing|Sludge Bomb|p2a: Toxapex
|-resisted|p2a: Toxapex
|-damage|p2a: Toxapex|91/100 brn
|
|-heal|p2a: Toxapex|97/100 brn|[from] item: Leftovers
|-damage|p2a: Toxapex|91/100 brn|[from] brn
|upkeep
|turn|25
|
|t:|1769447705
|-end|p1a: Weezing|ability: Neutralizing Gas
|switch|p1a: Alomomola|Alomomola, M|89/100
|move|p2a: Toxapex|Infestation|p1a: Alomomola
|-damage|p1a: Alomomola|87/100
|-activate|p1a: Alomomola|move: Infestation|[of] p2a: Toxapex
|
|-heal|p2a: Toxapex|97/100 brn|[from] item: Leftovers
|-damage|p2a: Toxapex|91/100 brn|[from] brn
|-damage|p1a: Alomomola|74/100|[from] move: Infestation|[partiallytrapped]
|upkeep
|turn|26
|
|t:|1769447709
|move|p1a: Alomomola|Flip Turn|p2a: Toxapex
|-resisted|p2a: Toxapex
|-damage|p2a: Toxapex|85/100 brn
|
|t:|1769447711
|switch|p1a: Iron Treads|Iron Treads|63/100|[from] Flip Turn
|move|p2a: Toxapex|Toxic|p1a: Iron Treads
|-immune|p1a: Iron Treads
|
|-heal|p2a: Toxapex|91/100 brn|[from] item: Leftovers
|-damage|p2a: Toxapex|85/100 brn|[from] brn
|upkeep
|turn|27
|
|t:|1769447715
|move|p1a: Iron Treads|Stealth Rock|p2a: Toxapex
|-sidestart|p2: murchy|move: Stealth Rock
|move|p2a: Toxapex|Infestation|p1a: Iron Treads
|-resisted|p1a: Iron Treads
|-damage|p1a: Iron Treads|61/100
|-activate|p1a: Iron Treads|move: Infestation|[of] p2a: Toxapex
|
|-heal|p2a: Toxapex|91/100 brn|[from] item: Leftovers
|-damage|p2a: Toxapex|85/100 brn|[from] brn
|-damage|p1a: Iron Treads|49/100|[from] move: Infestation|[partiallytrapped]
|upkeep
|turn|28
|
|t:|1769447718
|move|p2a: Toxapex|Baneful Bunker|p2a: Toxapex
|-singleturn|p2a: Toxapex|move: Protect
|move|p1a: Iron Treads|Earthquake|p2a: Toxapex
|-activate|p2a: Toxapex|move: Protect
|
|-heal|p2a: Toxapex|91/100 brn|[from] item: Leftovers
|-damage|p2a: Toxapex|85/100 brn|[from] brn
|-damage|p1a: Iron Treads|37/100|[from] move: Infestation|[partiallytrapped]
|upkeep
|turn|29
|
|t:|1769447724
|switch|p2a: Dondozo|Dondozo, M|100/100
|move|p1a: Iron Treads|Ice Spinner|p2a: Dondozo
|-resisted|p2a: Dondozo
|-damage|p2a: Dondozo|96/100
|
|-end|p1a: Iron Treads|Infestation|[partiallytrapped]|[silent]
|upkeep
|turn|30
|
|t:|1769447728
|-end|p1a: Iron Treads|Quark Drive|[silent]
|switch|p1a: Zapdos|Zapdos|100/100
|move|p2a: Dondozo|Waterfall|p1a: Zapdos
|-damage|p1a: Zapdos|69/100
|-status|p2a: Dondozo|par|[from] ability: Static|[of] p1a: Zapdos
|
|upkeep
|turn|31
|
|t:|1769447737
|switch|p2a: Clodsire|Clodsire, F|89/100 brn
|move|p1a: Zapdos|Hurricane|p2a: Clodsire
|-damage|p2a: Clodsire|61/100 brn
|
|-damage|p2a: Clodsire|55/100 brn|[from] brn
|upkeep
|turn|32
|
|t:|1769447743
|move|p1a: Zapdos|Hurricane|p2a: Clodsire|[miss]
|-miss|p1a: Zapdos|p2a: Clodsire
|move|p2a: Clodsire|Recover|p2a: Clodsire
|-heal|p2a: Clodsire|100/100 brn
|
|-damage|p2a: Clodsire|94/100 brn|[from] brn
|upkeep
|turn|33
|
|t:|1769447748
|switch|p1a: Alomomola|Alomomola, M|100/100
|move|p2a: Clodsire|Spikes|p1a: Alomomola
|-sidestart|p1: MiaTaylor612|Spikes
|
|-damage|p2a: Clodsire|88/100 brn|[from] brn
|upkeep
|turn|34
|
|t:|1769447752
|move|p1a: Alomomola|Flip Turn|p2a: Clodsire
|-supereffective|p2a: Clodsire
|-damage|p2a: Clodsire|50/100 brn
|
|t:|1769447758
|switch|p1a: Zapdos|Zapdos|69/100|[from] Flip Turn
|move|p2a: Clodsire|Spikes|p1a: Zapdos
|-sidestart|p1: MiaTaylor612|Spikes
|
|-damage|p2a: Clodsire|43/100 brn|[from] brn
|upkeep
|turn|35
|
|t:|1769447760
|move|p1a: Zapdos|Hurricane|p2a: Clodsire
|-damage|p2a: Clodsire|15/100 brn
|-start|p2a: Clodsire|confusion
|-activate|p2a: Clodsire|confusion
|move|p2a: Clodsire|Recover|p2a: Clodsire
|-heal|p2a: Clodsire|66/100 brn
|
|-damage|p2a: Clodsire|59/100 brn|[from] brn
|upkeep
|turn|36
|
|t:|1769447768
|switch|p1a: Alomomola|Alomomola, M|100/100
|-damage|p1a: Alomomola|84/100|[from] Spikes
|-activate|p2a: Clodsire|confusion
|move|p2a: Clodsire|Recover|p2a: Clodsire
|-heal|p2a: Clodsire|100/100 brn
|
|-damage|p2a: Clodsire|94/100 brn|[from] brn
|upkeep
|turn|37
|
|t:|1769447782
|switch|p2a: Toxapex|Toxapex, M|100/100 brn
|-damage|p2a: Toxapex|88/100 brn|[from] Stealth Rock
|move|p1a: Alomomola|Flip Turn|p2a: Toxapex
|-resisted|p2a: Toxapex
|-damage|p2a: Toxapex|83/100 brn
|
|t:|1769447784
|switch|p1a: Zapdos|Zapdos|69/100|[from] Flip Turn
|
|-heal|p2a: Toxapex|89/100 brn|[from] item: Leftovers
|-damage|p2a: Toxapex|83/100 brn|[from] brn
|upkeep
|turn|38
|
|t:|1769447789
|move|p1a: Zapdos|Volt Switch|p2a: Toxapex
|-supereffective|p2a: Toxapex
|-damage|p2a: Toxapex|31/100 brn
|
|t:|1769447795
|switch|p1a: Alomomola|Alomomola, M|100/100|[from] Volt Switch
|-damage|p1a: Alomomola|84/100|[from] Spikes
|move|p2a: Toxapex|Toxic|p1a: Alomomola
|-status|p1a: Alomomola|tox
|
|-heal|p2a: Toxapex|37/100 brn|[from] item: Leftovers
|-damage|p1a: Alomomola|78/100 tox|[from] psn
|-damage|p2a: Toxapex|31/100 brn|[from] brn
|upkeep
|turn|39
|
|t:|1769447800
|switch|p2a: Dondozo|Dondozo, M|96/100 par
|move|p1a: Alomomola|Flip Turn|p2a: Dondozo
|-resisted|p2a: Dondozo
|-damage|p2a: Dondozo|92/100 par
|
|t:|1769447809
|switch|p1a: Zapdos|Zapdos|69/100|[from] Flip Turn
|
|upkeep
|turn|40
|
|t:|1769447814
|switch|p2a: Clodsire|Clodsire, F|94/100 brn
|move|p1a: Zapdos|Hurricane|p2a: Clodsire
|-damage|p2a: Clodsire|67/100 brn
|-start|p2a: Clodsire|confusion
|
|-damage|p2a: Clodsire|61/100 brn|[from] brn
|upkeep
|turn|41
|
|t:|1769447819
|move|p1a: Zapdos|Hurricane|p2a: Clodsire|[miss]
|-miss|p1a: Zapdos|p2a: Clodsire
|-activate|p2a: Clodsire|confusion
|move|p2a: Clodsire|Recover|p2a: Clodsire
|-heal|p2a: Clodsire|100/100 brn
|
|-damage|p2a: Clodsire|94/100 brn|[from] brn
|upkeep
|turn|42
|
|t:|1769447826
|switch|p2a: Ting-Lu|Ting-Lu|23/100 psn
|-damage|p2a: Ting-Lu|17/100 psn|[from] Stealth Rock
|-ability|p2a: Ting-Lu|Vessel of Ruin
|move|p1a: Zapdos|Hurricane|p2a: Ting-Lu|[miss]
|-miss|p1a: Zapdos|p2a: Ting-Lu
|
|-damage|p2a: Ting-Lu|4/100 psn|[from] psn
|upkeep
|turn|43
|
|t:|1769447832
|move|p1a: Zapdos|Heat Wave|p2a: Ting-Lu
|-damage|p2a: Ting-Lu|0 fnt
|faint|p2a: Ting-Lu
|
|upkeep
|
|t:|1769447841
|switch|p2a: Clodsire|Clodsire, F|94/100 brn
|turn|44
|
|t:|1769447844
|switch|p1a: Alomomola|Alomomola, M|100/100 tox
|-damage|p1a: Alomomola|84/100 tox|[from] Spikes
|move|p2a: Clodsire|Poison Jab|p1a: Alomomola
|-damage|p1a: Alomomola|77/100 tox
|
|-damage|p1a: Alomomola|71/100 tox|[from] psn
|-damage|p2a: Clodsire|88/100 brn|[from] brn
|upkeep
|turn|45
|
|t:|1769447851
|switch|p2a: Dondozo|Dondozo, M|92/100 par
|move|p1a: Alomomola|Flip Turn|p2a: Dondozo
|-resisted|p2a: Dondozo
|-damage|p2a: Dondozo|89/100 par
|
|t:|1769447854
|switch|p1a: Zapdos|Zapdos|69/100|[from] Flip Turn
|
|upkeep
|turn|46
|
|t:|1769447856
|switch|p2a: Clodsire|Clodsire, F|88/100 brn
|move|p1a: Zapdos|Hurricane|p2a: Clodsire
|-damage|p2a: Clodsire|61/100 brn
|
|-damage|p2a: Clodsire|55/100 brn|[from] brn
|upkeep
|turn|47
|
|t:|1769447867
|switch|p1a: Weezing|Weezing-Galar, F|70/100
|-ability|p1a: Weezing|Neutralizing Gas
|switch|p2a: Gliscor|Gliscor, F|30/100 tox
|-damage|p2a: Gliscor|18/100 tox|[from] Stealth Rock
|
|-damage|p2a: Gliscor|12/100 tox|[from] psn
|upkeep
|turn|48
|-message|murchy forfeited.
|
|win|MiaTaylor612
|raw|MiaTaylor612's rating: 1744 &rarr; <strong>1758</strong><br />(+14 for winning)
|raw|murchy's rating: 1644 &rarr; <strong>1630</strong><br />(-14 for losing)
|l|☆murchy
|player|p2|
|l|☆MiaTaylor612
|player|p1|
