|j|☆Shoejob
|j|☆Cotowol
|t:|1769362813
|gametype|singles
|player|p1|Shoejob|1|1236
|player|p2|Cotowol|acetrainer-gen4dp|1241
|gen|9
|tier|[Gen 9] OU
|rated|
|rule|HP Percentage Mod: HP is shown in percentages
|rule|Endless Battle Clause: Forcing endless battles is banned
|rule|Species Clause: Limit one of each Pokémon
|rule|OHKO Clause: OHKO moves are banned
|rule|Evasion Items Clause: Evasion items are banned
|rule|Evasion Moves Clause: Evasion moves are banned
|rule|Evasion Abilities Clause: Evasion abilities are banned
|rule|Sleep Moves Clause: Sleep-inducing moves are banned
|clearpoke
|poke|p1|Muk-Alola, M|
|poke|p1|Vileplume, M|
|poke|p1|Ambipom, F|
|poke|p1|Great Tusk|
|poke|p1|Dragonite, M|
|poke|p1|Heatran, M|
|poke|p2|Rillaboom, F|
|poke|p2|Slowking, M|
|poke|p2|Moltres|
|poke|p2|Kyurem|
|poke|p2|Gholdengo|
|poke|p2|Landorus-Therian, M|
|teampreview
|
|t:|1769362824
|teamsize|p1|6
|teamsize|p2|6
|start
|switch|p1a: Heatran|Heatran, M|100/100
|switch|p2a: Landorus|Landorus-Therian, M|100/100
|-ability|p2a: Landorus|Intimidate|boost
|-unboost|p1a: Heatran|atk|1
|turn|1
|inactive|Battle timer is ON: inactive players will automatically lose when time's up. (requested by Cotowol)
|
|t:|1769362833
|move|p2a: Landorus|Earth Power|p1a: Heatran
|-supereffective|p1a: Heatran
|-damage|p1a: Heatran|0 fnt
|faint|p1a: Heatran
|
|upkeep
|
|t:|1769362837
|switch|p1a: Ambipom|Ambipom, F|100/100
|turn|2
|
|t:|1769362842
|-terastallize|p1a: Ambipom|Normal
|move|p1a: Ambipom|Covet|p2a: Landorus
|-damage|p2a: Landorus|41/100
|-damage|p1a: Ambipom|84/100|[from] item: Rocky Helmet|[of] p2a: Landorus
|move|p2a: Landorus|Stealth Rock|p1a: Ambipom
|-sidestart|p1: Shoejob|move: Stealth Rock
|
|upkeep
|turn|3
|
|t:|1769362850
|switch|p2a: Gholdengo|Gholdengo|100/100
|-item|p2a: Gholdengo|Air Balloon
|move|p1a: Ambipom|Covet|p2a: Gholdengo
|-immune|p2a: Gholdengo
|
|upkeep
|turn|4
|
|t:|1769362858
|switch|p1a: Muk|Muk-Alola, M|100/100
|-damage|p1a: Muk|88/100|[from] Stealth Rock
|move|p2a: Gholdengo|Nasty Plot|p2a: Gholdengo
|-boost|p2a: Gholdengo|spa|2
|
|upkeep
|turn|5
|
|t:|1769362866
|move|p2a: Gholdengo|Make It Rain|p1a: Muk
|-damage|p1a: Muk|24/100
|-unboost|p2a: Gholdengo|spa|1
|move|p1a: Muk|Knock Off|p2a: Gholdengo
|-supereffective|p2a: Gholdengo
|-damage|p2a: Gholdengo|0 fnt
|-enditem|p2a: Gholdengo|Air Balloon
|faint|p2a: Gholdengo
|
|upkeep
|
|t:|1769362878
|switch|p2a: Landorus|Landorus-Therian, M|41/100
|-ability|p2a: Landorus|Intimidate|boost
|-unboost|p1a: Muk|atk|1
|turn|6
|
|t:|1769362884
|move|p2a: Landorus|Earth Power|p1a: Muk
|-supereffective|p1a: Muk
|-damage|p1a: Muk|0 fnt
|faint|p1a: Muk
|
|upkeep
|
|t:|1769362887
|switch|p1a: Great Tusk|Great Tusk|100/100
|-damage|p1a: Great Tusk|97/100|[from] Stealth Rock
|-enditem|p1a: Great Tusk|Booster Energy
|-activate|p1a: Great Tusk|ability: Protosynthesis|[fromitem]
|-start|p1a: Great Tusk|protosynthesisatk
|turn|7
|
|t:|1769362897
|move|p2a: Landorus|U-turn|p1a: Great Tusk
|-resisted|p1a: Great Tusk
|-damage|p1a: Great Tusk|91/100
|
|t:|1769362902
|switch|p2a: Slowking|Slowking, M|100/100|[from] U-turn
|move|p1a: Great Tusk|Rapid Spin|p2a: Slowking
|-damage|p2a: Slowking|82/100
|-boost|p1a: Great Tusk|spe|1
|-sideend|p1: Shoejob|Stealth Rock|[from] move: Rapid Spin|[of] p1a: Great Tusk
|
|upkeep
|turn|8
|
|t:|1769362912
|move|p1a: Great Tusk|Earthquake|p2a: Slowking
|-damage|p2a: Slowking|31/100
|move|p2a: Slowking|Scald|p1a: Great Tusk
|-supereffective|p1a: Great Tusk
|-damage|p1a: Great Tusk|17/100
|
|upkeep
|turn|9
|
|t:|1769362924
|switch|p2a: Moltres|Moltres|100/100
|move|p1a: Great Tusk|Close Combat|p2a: Moltres
|-resisted|p2a: Moltres
|-damage|p2a: Moltres|67/100
|-unboost|p1a: Great Tusk|def|1
|-unboost|p1a: Great Tusk|spd|1
|
|upkeep
|turn|10
|
|t:|1769362936
|-end|p1a: Great Tusk|Protosynthesis|[silent]
|switch|p1a: Dragonite|Dragonite, M, shiny|100/100
|move|p2a: Moltres|Flamethrower|p1a: Dragonite
|-resisted|p1a: Dragonite
|-damage|p1a: Dragonite|91/100
|
|upkeep
|turn|11
|
|t:|1769362945
|move|p1a: Dragonite|Waterfall|p2a: Moltres
|-supereffective|p2a: Moltres
|-damage|p2a: Moltres|25/100
|-status|p1a: Dragonite|brn|[from] ability: Flame Body|[of] p2a: Moltres
|cant|p2a: Moltres|flinch
|
|-damage|p1a: Dragonite|85/100 brn|[from] brn
|upkeep
|turn|12
|
|t:|1769362958
|switch|p2a: Kyurem|Kyurem|100/100
|-ability|p2a: Kyurem|Pressure
|move|p1a: Dragonite|Waterfall|p2a: Kyurem
|-resisted|p2a: Kyurem
|-damage|p2a: Kyurem|93/100
|
|-damage|p1a: Dragonite|79/100 brn|[from] brn
|upkeep
|turn|13
|
|t:|1769362969
|switch|p1a: Ambipom|Ambipom, F, tera:Normal|84/100
|move|p2a: Kyurem|Icicle Spear|p1a: Ambipom
|-damage|p1a: Ambipom|60/100
|-damage|p1a: Ambipom|38/100
|-damage|p1a: Ambipom|18/100
|-damage|p1a: Ambipom|0 fnt
|faint|p1a: Ambipom
|-hitcount|p1: Ambipom|4
|
|upkeep
|
|t:|1769362974
|switch|p1a: Dragonite|Dragonite, M, shiny|79/100 brn
|turn|14
|
|t:|1769362983
|move|p1a: Dragonite|Outrage|p2a: Kyurem
|-supereffective|p2a: Kyurem
|-damage|p2a: Kyurem|27/100
|move|p2a: Kyurem|Icicle Spear|p1a: Dragonite
|-supereffective|p1a: Dragonite
|-damage|p1a: Dragonite|25/100 brn
|-supereffective|p1a: Dragonite
|-damage|p1a: Dragonite|0 fnt
|faint|p1a: Dragonite
|-hitcount|p1: Dragonite|2
|
|upkeep
|
|t:|1769362992
|switch|p1a: Vileplume|Vileplume, M|100/100
|turn|15
|
|t:|1769362995
|move|p2a: Kyurem|Icicle Spear|p1a: Vileplume
|-supereffective|p1a: Vileplume
|-damage|p1a: Vileplume|80/100
|-supereffective|p1a: Vileplume
|-damage|p1a: Vileplume|59/100
|-supereffective|p1a: Vileplume
|-damage|p1a: Vileplume|41/100
|-supereffective|p1a: Vileplume
|-damage|p1a: Vileplume|19/100
|-supereffective|p1a: Vileplume
|-damage|p1a: Vileplume|0 fnt
|faint|p1a: Vileplume
|-hitcount|p1: Vileplume|5
|
|upkeep
|-message|Shoejob forfeited.
|
|win|Cotowol
|raw|Shoejob's rating: 1236 &rarr; <strong>1211</strong><br />(-25 for losing)
|raw|Cotowol's rating: 1241 &rarr; <strong>1266</strong><br />(+25 for winning)
|l|☆Shoejob
|player|p1|
