|j|☆suifenli
|j|☆jsxlllll
|t:|1769405177
|gametype|singles
|player|p1|suifenli|n|1498
|player|p2|jsxlllll|102|1494
|gen|9
|tier|[Gen 9] OU
|rated|
|rule|HP Percentage Mod: HP is shown in percentages
|rule|Endless Battle Clause: Forcing endless battles is banned
|rule|Species Clause: Limit one of each Pokémon
|rule|OHKO Clause: OHKO moves are banned
|rule|Evasion Items Clause: Evasion items are banned
|rule|Evasion Moves Clause: Evasion moves are banned
|rule|Evasion Abilities Clause: Evasion abilities are banned
|rule|Sleep Moves Clause: Sleep-inducing moves are banned
|clearpoke
|poke|p1|Zamazenta-*|
|poke|p1|Sableye, M|
|poke|p1|Enamorus, F|
|poke|p1|Bellossom, F|
|poke|p1|Garganacl, M|
|poke|p1|Latias, F|
|poke|p2|Sandy Shocks|
|poke|p2|Scizor, F|
|poke|p2|Manaphy|
|poke|p2|Latios, M|
|poke|p2|Ogerpon, F|
|poke|p2|Iron Jugulis|
|teampreview
|inactive|Battle timer is ON: inactive players will automatically lose when time's up. (requested by suifenli)
|
|t:|1769405188
|teamsize|p1|6
|teamsize|p2|6
|start
|switch|p1a: Sableye|Sableye, M|100/100
|switch|p2a: Sandy Shocks|Sandy Shocks|100/100
|-enditem|p2a: Sandy Shocks|Booster Energy
|-activate|p2a: Sandy Shocks|ability: Protosynthesis|[fromitem]
|-start|p2a: Sandy Shocks|protosynthesisspe
|turn|1
|
|t:|1769405192
|move|p2a: Sandy Shocks|Stealth Rock|p1a: Sableye
|-sidestart|p1: suifenli|move: Stealth Rock
|move|p1a: Sableye|Metal Burst||[still]
|-fail|p1a: Sableye
|
|upkeep
|turn|2
|
|t:|1769405197
|move|p1a: Sableye|Encore|p2a: Sandy Shocks
|-start|p2a: Sandy Shocks|Encore
|move|p2a: Sandy Shocks|Stealth Rock||[still]
|-fail|p2a: Sandy Shocks
|
|upkeep
|turn|3
|
|t:|1769405206
|-end|p2a: Sandy Shocks|Protosynthesis|[silent]
|switch|p2a: Scizor|Scizor, F|100/100
|move|p1a: Sableye|Reflect|p1a: Sableye
|-sidestart|p1: suifenli|Reflect
|
|upkeep
|turn|4
|
|t:|1769405212
|switch|p2a: Manaphy|Manaphy|100/100
|move|p1a: Sableye|Metal Burst||[still]
|-fail|p1a: Sableye
|
|upkeep
|turn|5
|
|t:|1769405218
|move|p2a: Manaphy|Tail Glow|p2a: Manaphy
|-boost|p2a: Manaphy|spa|3
|move|p1a: Sableye|Metal Burst||[still]
|-fail|p1a: Sableye
|
|upkeep
|turn|6
|
|t:|1769405233
|move|p1a: Sableye|Encore|p2a: Manaphy
|-start|p2a: Manaphy|Encore
|move|p2a: Manaphy|Tail Glow|p2a: Manaphy
|-boost|p2a: Manaphy|spa|3
|
|upkeep
|turn|7
|
|t:|1769405246
|switch|p2a: Sandy Shocks|Sandy Shocks|100/100
|move|p1a: Sableye|Thunder Wave|p2a: Sandy Shocks
|-immune|p2a: Sandy Shocks
|
|-sideend|p1: suifenli|Reflect
|upkeep
|turn|8
|
|t:|1769405251
|move|p2a: Sandy Shocks|Earth Power|p1a: Sableye
|-damage|p1a: Sableye|33/100
|move|p1a: Sableye|Metal Burst|p2a: Sandy Shocks
|-damage|p2a: Sandy Shocks|6/100
|
|upkeep
|turn|9
|
|t:|1769405258
|move|p1a: Sableye|Reflect|p1a: Sableye
|-sidestart|p1: suifenli|Reflect
|move|p2a: Sandy Shocks|Discharge|p1a: Sableye
|-damage|p1a: Sableye|0 fnt
|faint|p1a: Sableye
|
|upkeep
|
|t:|1769405274
|switch|p1a: Bellossom|Bellossom, F|100/100
|-damage|p1a: Bellossom|88/100|[from] Stealth Rock
|turn|10
|
|t:|1769405280
|move|p2a: Sandy Shocks|Spikes|p1a: Bellossom
|-sidestart|p1: suifenli|Spikes
|move|p1a: Bellossom|Quiver Dance|p1a: Bellossom
|-boost|p1a: Bellossom|spa|1
|-boost|p1a: Bellossom|spd|1
|-boost|p1a: Bellossom|spe|1
|
|upkeep
|turn|11
|
|t:|1769405300
|move|p2a: Sandy Shocks|Earth Power|p1a: Bellossom
|-resisted|p1a: Bellossom
|-damage|p1a: Bellossom|73/100
|move|p1a: Bellossom|Quiver Dance|p1a: Bellossom
|-boost|p1a: Bellossom|spa|1
|-boost|p1a: Bellossom|spd|1
|-boost|p1a: Bellossom|spe|1
|
|upkeep
|turn|12
|
|t:|1769405304
|move|p2a: Sandy Shocks|Spikes|p1a: Bellossom
|-sidestart|p1: suifenli|Spikes
|move|p1a: Bellossom|Strength Sap|p2a: Sandy Shocks
|-unboost|p2a: Sandy Shocks|atk|1
|-heal|p1a: Bellossom|100/100
|
|upkeep
|turn|13
|
|t:|1769405307
|move|p2a: Sandy Shocks|Discharge|p1a: Bellossom
|-resisted|p1a: Bellossom
|-damage|p1a: Bellossom|91/100
|move|p1a: Bellossom|Quiver Dance|p1a: Bellossom
|-boost|p1a: Bellossom|spa|1
|-boost|p1a: Bellossom|spd|1
|-boost|p1a: Bellossom|spe|1
|
|-sideend|p1: suifenli|Reflect
|upkeep
|turn|14
|
|t:|1769405310
|move|p1a: Bellossom|Quiver Dance|p1a: Bellossom
|-boost|p1a: Bellossom|spa|1
|-boost|p1a: Bellossom|spd|1
|-boost|p1a: Bellossom|spe|1
|move|p2a: Sandy Shocks|Discharge|p1a: Bellossom
|-resisted|p1a: Bellossom
|-damage|p1a: Bellossom|85/100
|
|upkeep
|turn|15
|
|t:|1769405313
|move|p1a: Bellossom|Quiver Dance|p1a: Bellossom
|-boost|p1a: Bellossom|spa|1
|-boost|p1a: Bellossom|spd|1
|-boost|p1a: Bellossom|spe|1
|move|p2a: Sandy Shocks|Discharge|p1a: Bellossom
|-resisted|p1a: Bellossom
|-damage|p1a: Bellossom|80/100
|-status|p1a: Bellossom|par
|
|upkeep
|turn|16
|
|t:|1769405319
|move|p2a: Sandy Shocks|Discharge|p1a: Bellossom
|-resisted|p1a: Bellossom
|-damage|p1a: Bellossom|75/100 par
|move|p1a: Bellossom|Ingrain|p1a: Bellossom
|-start|p1a: Bellossom|move: Ingrain
|
|-heal|p1a: Bellossom|81/100 par|[from] Ingrain
|upkeep
|turn|17
|
|t:|1769405332
|move|p2a: Sandy Shocks|Discharge|p1a: Bellossom
|-resisted|p1a: Bellossom
|-damage|p1a: Bellossom|76/100 par
|cant|p1a: Bellossom|par
|
|-heal|p1a: Bellossom|82/100 par|[from] Ingrain
|upkeep
|turn|18
|
|t:|1769405337
|move|p2a: Sandy Shocks|Discharge|p1a: Bellossom
|-resisted|p1a: Bellossom
|-damage|p1a: Bellossom|77/100 par
|move|p1a: Bellossom|Strength Sap|p2a: Sandy Shocks
|-unboost|p2a: Sandy Shocks|atk|1
|-heal|p1a: Bellossom|100/100 par
|
|upkeep
|turn|19
|
|t:|1769405345
|move|p2a: Sandy Shocks|Spikes|p1a: Bellossom
|-sidestart|p1: suifenli|Spikes
|move|p1a: Bellossom|Giga Drain|p2a: Sandy Shocks
|-supereffective|p2a: Sandy Shocks
|-damage|p2a: Sandy Shocks|0 fnt
|faint|p2a: Sandy Shocks
|-end|p2a: Sandy Shocks|Protosynthesis|[silent]
|
|upkeep
|
|t:|1769405361
|switch|p2a: Scizor|Scizor, F|100/100
|turn|20
|
|t:|1769405370
|move|p1a: Bellossom|Strength Sap|p2a: Scizor
|-unboost|p2a: Scizor|atk|1
|move|p2a: Scizor|Swords Dance|p2a: Scizor
|-boost|p2a: Scizor|atk|2
|
|upkeep
|turn|21
|
|t:|1769405373
|move|p1a: Bellossom|Giga Drain|p2a: Scizor
|-resisted|p2a: Scizor
|-damage|p2a: Scizor|74/100
|move|p2a: Scizor|Swords Dance|p2a: Scizor
|-boost|p2a: Scizor|atk|2
|
|upkeep
|turn|22
|
|t:|1769405381
|-terastallize|p1a: Bellossom|Steel
|cant|p1a: Bellossom|par
|move|p2a: Scizor|Swords Dance|p2a: Scizor
|-boost|p2a: Scizor|atk|2
|
|upkeep
|turn|23
|
|t:|1769405387
|move|p1a: Bellossom|Strength Sap|p2a: Scizor
|-unboost|p2a: Scizor|atk|1
|move|p2a: Scizor|Knock Off|p1a: Bellossom
|-damage|p1a: Bellossom|26/100 par
|-enditem|p1a: Bellossom|Kee Berry|[from] move: Knock Off|[of] p2a: Scizor
|
|-heal|p1a: Bellossom|33/100 par|[from] Ingrain
|upkeep
|turn|24
|
|t:|1769405395
|move|p1a: Bellossom|Strength Sap|p2a: Scizor
|-unboost|p2a: Scizor|atk|1
|-heal|p1a: Bellossom|100/100 par
|move|p2a: Scizor|Swords Dance|p2a: Scizor
|-boost|p2a: Scizor|atk|2
|
|upkeep
|turn|25
|
|t:|1769405398
|cant|p1a: Bellossom|par
|move|p2a: Scizor|Close Combat|p1a: Bellossom
|-supereffective|p1a: Bellossom
|-damage|p1a: Bellossom|0 fnt
|-unboost|p2a: Scizor|def|1
|-unboost|p2a: Scizor|spd|1
|faint|p1a: Bellossom
|
|upkeep
|
|t:|1769405405
|switch|p1a: Zamazenta|Zamazenta|100/100
|-damage|p1a: Zamazenta|94/100|[from] Stealth Rock
|-damage|p1a: Zamazenta|69/100|[from] Spikes
|-ability|p1a: Zamazenta|Dauntless Shield|boost
|-boost|p1a: Zamazenta|def|1
|turn|26
|
|t:|1769405408
|move|p2a: Scizor|Bullet Punch|p1a: Zamazenta
|-damage|p1a: Zamazenta|6/100
|move|p1a: Zamazenta|Body Press|p2a: Scizor
|-damage|p2a: Scizor|0 fnt
|faint|p2a: Scizor
|
|-heal|p1a: Zamazenta|12/100|[from] item: Leftovers
|upkeep
|inactive|jsxlllll has 120 seconds left.
|
|t:|1769405438
|switch|p2a: Iron Jugulis|Iron Jugulis|100/100
|-enditem|p2a: Iron Jugulis|Booster Energy
|-activate|p2a: Iron Jugulis|ability: Quark Drive|[fromitem]
|-start|p2a: Iron Jugulis|quarkdrivespe
|turn|27
|
|t:|1769405451
|move|p2a: Iron Jugulis|Earth Power|p1a: Zamazenta
|-damage|p1a: Zamazenta|0 fnt
|faint|p1a: Zamazenta
|
|upkeep
|
|t:|1769405458
|switch|p1a: Enamorus|Enamorus, F|100/100
|-damage|p1a: Enamorus|76/100|[from] Stealth Rock
|turn|28
|
|t:|1769405463
|move|p2a: Iron Jugulis|Hurricane|p1a: Enamorus
|-damage|p1a: Enamorus|2/100
|-start|p1a: Enamorus|confusion
|-activate|p1a: Enamorus|confusion
|-damage|p1a: Enamorus|0 fnt|[from] confusion
|faint|p1a: Enamorus
|
|upkeep
|
|t:|1769405471
|switch|p1a: Garganacl|Garganacl, M|100/100
|-damage|p1a: Garganacl|88/100|[from] Stealth Rock
|-damage|p1a: Garganacl|63/100|[from] Spikes
|turn|29
|
|t:|1769405477
|move|p2a: Iron Jugulis|Taunt|p1a: Garganacl
|-start|p1a: Garganacl|move: Taunt
|cant|p1a: Garganacl|move: Taunt|Recover
|
|upkeep
|turn|30
|
|t:|1769405482
|move|p2a: Iron Jugulis|Earth Power|p1a: Garganacl
|-supereffective|p1a: Garganacl
|-damage|p1a: Garganacl|27/100
|move|p1a: Garganacl|Salt Cure|p2a: Iron Jugulis
|-supereffective|p2a: Iron Jugulis
|-damage|p2a: Iron Jugulis|65/100
|-start|p2a: Iron Jugulis|Salt Cure
|
|-damage|p2a: Iron Jugulis|53/100|[from] Salt Cure
|upkeep
|turn|31
|
|t:|1769405488
|move|p2a: Iron Jugulis|Earth Power|p1a: Garganacl
|-supereffective|p1a: Garganacl
|-damage|p1a: Garganacl|0 fnt
|faint|p1a: Garganacl
|
|-damage|p2a: Iron Jugulis|40/100|[from] Salt Cure
|upkeep
|
|t:|1769405490
|switch|p1a: Latias|Latias, F|100/100
|-damage|p1a: Latias|88/100|[from] Stealth Rock
|turn|32
|
|t:|1769405494
|move|p2a: Iron Jugulis|Dark Pulse|p1a: Latias
|-supereffective|p1a: Latias
|-damage|p1a: Latias|32/100
|move|p1a: Latias|Calm Mind|p1a: Latias
|-boost|p1a: Latias|spa|1
|-boost|p1a: Latias|spd|1
|
|-damage|p2a: Iron Jugulis|28/100|[from] Salt Cure
|upkeep
|turn|33
|
|t:|1769405500
|move|p2a: Iron Jugulis|Taunt|p1a: Latias
|-start|p1a: Latias|move: Taunt
|cant|p1a: Latias|move: Taunt|Agility
|
|-damage|p2a: Iron Jugulis|15/100|[from] Salt Cure
|upkeep
|turn|34
|
|t:|1769405502
|move|p2a: Iron Jugulis|Dark Pulse|p1a: Latias
|-supereffective|p1a: Latias
|-damage|p1a: Latias|0 fnt
|faint|p1a: Latias
|
|win|jsxlllll
|raw|suifenli's rating: 1498 &rarr; <strong>1478</strong><br />(-20 for losing)
|raw|jsxlllll's rating: 1494 &rarr; <strong>1514</strong><br />(+20 for winning)
|l|☆suifenli
|player|p1|
|l|☆jsxlllll
|player|p2|
