|j|☆OP Sand
|j|☆FirstLightSoulja
|t:|1769319323
|gametype|singles
|player|p1|OP Sand|giovanni-masters|1583
|player|p2|FirstLightSoulja|giovanni|1613
|gen|9
|tier|[Gen 9] OU
|rated|
|rule|HP Percentage Mod: HP is shown in percentages
|rule|Endless Battle Clause: Forcing endless battles is banned
|rule|Species Clause: Limit one of each Pokémon
|rule|OHKO Clause: OHKO moves are banned
|rule|Evasion Items Clause: Evasion items are banned
|rule|Evasion Moves Clause: Evasion moves are banned
|rule|Evasion Abilities Clause: Evasion abilities are banned
|rule|Sleep Moves Clause: Sleep-inducing moves are banned
|clearpoke
|poke|p1|Excadrill, F|
|poke|p1|Tyranitar, M|
|poke|p1|Kyurem|
|poke|p1|Hawlucha, M|
|poke|p1|Pawmot, F|
|poke|p1|Leavanny, F|
|poke|p2|Garchomp, F|
|poke|p2|Sinistcha|
|poke|p2|Iron Valiant|
|poke|p2|Ogerpon-Wellspring, F|
|poke|p2|Slowking-Galar, F|
|poke|p2|Ceruledge, F|
|teampreview
|inactive|Battle timer is ON: inactive players will automatically lose when time's up. (requested by OP Sand)
|
|t:|1769319339
|teamsize|p1|6
|teamsize|p2|6
|start
|switch|p1a: Frieza|Kyurem, shiny|100/100
|switch|p2a: Iron Valiant|Iron Valiant|100/100
|-ability|p1a: Frieza|Pressure
|turn|1
|
|t:|1769319352
|switch|p1a: The sandstorm|Tyranitar, M, shiny|100/100
|-weather|Sandstorm|[from] ability: Sand Stream|[of] p1a: The sandstorm
|move|p2a: Iron Valiant|Moonblast|p1a: The sandstorm
|-supereffective|p1a: The sandstorm
|-damage|p1a: The sandstorm|8/100
|-unboost|p1a: The sandstorm|spa|1
|
|-weather|Sandstorm|[upkeep]
|-damage|p2a: Iron Valiant|94/100|[from] Sandstorm
|upkeep
|turn|2
|
|t:|1769319371
|move|p2a: Iron Valiant|Moonblast|p1a: The sandstorm
|-supereffective|p1a: The sandstorm
|-damage|p1a: The sandstorm|0 fnt
|faint|p1a: The sandstorm
|
|-weather|Sandstorm|[upkeep]
|-damage|p2a: Iron Valiant|88/100|[from] Sandstorm
|upkeep
|
|t:|1769319374
|switch|p1a: OP|Excadrill, F|100/100
|turn|3
|
|t:|1769319385
|-end|p2a: Iron Valiant|Quark Drive|[silent]
|switch|p2a: Sinistcha|Sinistcha|100/100
|move|p1a: OP|Iron Head|p2a: Sinistcha
|-damage|p2a: Sinistcha|49/100
|-damage|p1a: OP|84/100|[from] item: Rocky Helmet|[of] p2a: Sinistcha
|
|-weather|Sandstorm|[upkeep]
|-damage|p2a: Sinistcha|43/100|[from] Sandstorm
|upkeep
|turn|4
|
|t:|1769319406
|switch|p2a: Garchomp|Garchomp, F|100/100
|move|p1a: OP|Iron Head|p2a: Garchomp
|-damage|p2a: Garchomp|38/100
|-damage|p1a: OP|71/100|[from] ability: Rough Skin|[of] p2a: Garchomp
|-damage|p1a: OP|55/100|[from] item: Rocky Helmet|[of] p2a: Garchomp
|
|-weather|Sandstorm|[upkeep]
|upkeep
|turn|5
|
|t:|1769319425
|switch|p2a: Ogerpon|Ogerpon-Wellspring, F|100/100
|move|p1a: OP|Iron Head|p2a: Ogerpon
|-resisted|p2a: Ogerpon
|-damage|p2a: Ogerpon|51/100
|
|-weather|Sandstorm|[upkeep]
|-damage|p2a: Ogerpon|45/100|[from] Sandstorm
|upkeep
|turn|6
|
|t:|1769319441
|move|p1a: OP|Iron Head|p2a: Ogerpon
|-resisted|p2a: Ogerpon
|-damage|p2a: Ogerpon|3/100
|move|p2a: Ogerpon|Ivy Cudgel|p1a: OP|[anim] Ivy Cudgel Water
|-supereffective|p1a: OP
|-damage|p1a: OP|0 fnt
|faint|p1a: OP
|
|-weather|Sandstorm|[upkeep]
|-damage|p2a: Ogerpon|0 fnt|[from] Sandstorm
|faint|p2a: Ogerpon
|upkeep
|
|t:|1769319453
|switch|p2a: Iron Valiant|Iron Valiant|88/100
|switch|p1a: Itachi|Hawlucha, M, shiny|100/100
|-ability|p1a: Itachi|Mold Breaker
|turn|7
|
|t:|1769319459
|-terastallize|p2a: Iron Valiant|Fairy
|move|p1a: Itachi|Brave Bird|p2a: Iron Valiant
|-damage|p2a: Iron Valiant|13/100
|-damage|p1a: Itachi|77/100|[from] Recoil
|move|p2a: Iron Valiant|Moonblast|p1a: Itachi
|-supereffective|p1a: Itachi
|-damage|p1a: Itachi|0 fnt
|faint|p1a: Itachi
|
|-weather|Sandstorm|[upkeep]
|-damage|p2a: Iron Valiant|7/100|[from] Sandstorm
|upkeep
|
|t:|1769319467
|switch|p1a: Leavanny|Leavanny, F|100/100
|turn|8
|
|t:|1769319480
|-end|p2a: Iron Valiant|Quark Drive|[silent]
|switch|p2a: Sinistcha|Sinistcha|43/100
|move|p1a: Leavanny|Knock Off|p2a: Sinistcha
|-supereffective|p2a: Sinistcha
|-damage|p2a: Sinistcha|2/100
|-damage|p1a: Leavanny|84/100|[from] item: Rocky Helmet|[of] p2a: Sinistcha
|-enditem|p2a: Sinistcha|Rocky Helmet|[from] move: Knock Off|[of] p1a: Leavanny
|
|-weather|none
|upkeep
|turn|9
|
|t:|1769319488
|move|p1a: Leavanny|Knock Off|p2a: Sinistcha
|-supereffective|p2a: Sinistcha
|-damage|p2a: Sinistcha|0 fnt
|faint|p2a: Sinistcha
|
|upkeep
|
|t:|1769319493
|switch|p2a: Garchomp|Garchomp, F|38/100
|turn|10
|
|t:|1769319503
|switch|p1a: Porunga|Pawmot, F|100/100
|move|p2a: Garchomp|Spikes|p1a: Porunga
|-sidestart|p1: OP Sand|Spikes
|
|upkeep
|turn|11
|
|t:|1769319508
|-terastallize|p1a: Porunga|Grass
|move|p1a: Porunga|Revival Blessing|p1a: Porunga
|-enditem|p1a: Porunga|Leppa Berry|[eat]
|-activate|p1a: Porunga|item: Leppa Berry|Revival Blessing|[consumed]
|
|t:|1769319514
|-heal|p1: OP|50/100|[from] move: Revival Blessing
|move|p2a: Garchomp|Earthquake|p1a: Porunga
|-resisted|p1a: Porunga
|-damage|p1a: Porunga|70/100
|
|upkeep
|turn|12
|
|t:|1769319521
|move|p1a: Porunga|Revival Blessing|p1a: Porunga
|
|t:|1769319523
|-heal|p1: The sandstorm|50/100|[from] move: Revival Blessing
|move|p2a: Garchomp|Stealth Rock|p1a: Porunga
|-sidestart|p1: OP Sand|move: Stealth Rock
|
|upkeep
|turn|13
|
|t:|1769319528
|move|p1a: Porunga|Rest|p1a: Porunga
|-status|p1a: Porunga|slp|[from] move: Rest
|-heal|p1a: Porunga|100/100 slp|[silent]
|move|p2a: Garchomp|Spikes|p1a: Porunga
|-sidestart|p1: OP Sand|Spikes
|
|upkeep
|turn|14
|
|t:|1769319534
|cant|p1a: Porunga|slp
|move|p1a: Porunga|Sleep Talk|p1a: Porunga
|move|p1a: Porunga|Revival Blessing|p1a: Porunga|[from] move: Sleep Talk
|j| idonteatpets
|
|t:|1769319539
|-heal|p1: Itachi|50/100|[from] move: Revival Blessing
|move|p2a: Garchomp|Spikes|p1a: Porunga
|-sidestart|p1: OP Sand|Spikes
|
|upkeep
|turn|15
|c|☆OP Sand|:)
|
|t:|1769319555
|switch|p1a: The sandstorm|Tyranitar, M, shiny|50/100
|-damage|p1a: The sandstorm|25/100|[from] Spikes
|-damage|p1a: The sandstorm|13/100|[from] Stealth Rock
|-weather|Sandstorm|[from] ability: Sand Stream|[of] p1a: The sandstorm
|move|p2a: Garchomp|Dragon Tail|p1a: The sandstorm
|-damage|p1a: The sandstorm|0 fnt
|faint|p1a: The sandstorm
|
|-weather|Sandstorm|[upkeep]
|upkeep
|
|t:|1769319565
|switch|p1a: Itachi|Hawlucha, M, shiny|50/100
|-damage|p1a: Itachi|38/100|[from] Stealth Rock
|-ability|p1a: Itachi|Mold Breaker
|turn|16
|
|t:|1769319571
|move|p1a: Itachi|Defog|p2a: Garchomp
|-unboost|p2a: Garchomp|evasion|1
|-sideend|p1: OP Sand|Spikes|[from] move: Defog|[of] p1a: Itachi
|-sideend|p1: OP Sand|Stealth Rock|[from] move: Defog|[of] p1a: Itachi
|move|p2a: Garchomp|Dragon Tail|p1a: Itachi
|-damage|p1a: Itachi|1/100
|drag|p1a: Leavanny|Leavanny, F|84/100
|
|-weather|Sandstorm|[upkeep]
|upkeep
|turn|17
|
|t:|1769319582
|move|p1a: Leavanny|Sticky Web|p2a: Garchomp
|-sidestart|p2: FirstLightSoulja|move: Sticky Web
|move|p2a: Garchomp|Stealth Rock|p1a: Leavanny
|-sidestart|p1: OP Sand|move: Stealth Rock
|
|-weather|Sandstorm|[upkeep]
|upkeep
|turn|18
|
|t:|1769319587
|switch|p1a: Itachi|Hawlucha, M, shiny|1/100
|-damage|p1a: Itachi|0 fnt|[from] Stealth Rock
|faint|p1a: Itachi
|move|p2a: Garchomp|Spikes|p1: Itachi
|-sidestart|p1: OP Sand|Spikes
|
|-weather|Sandstorm|[upkeep]
|upkeep
|
|t:|1769319592
|switch|p1a: OP|Excadrill, F|50/100
|-damage|p1a: OP|47/100|[from] Stealth Rock
|-damage|p1a: OP|35/100|[from] Spikes
|turn|19
|
|t:|1769319605
|move|p1a: OP|Earthquake|p2a: Garchomp
|-damage|p2a: Garchomp|0 fnt
|faint|p2a: Garchomp
|
|-weather|Sandstorm|[upkeep]
|upkeep
|
|t:|1769319609
|switch|p2a: Iron Valiant|Iron Valiant, tera:Fairy|7/100
|-activate|p2a: Iron Valiant|move: Sticky Web
|-unboost|p2a: Iron Valiant|spe|1
|turn|20
|
|t:|1769319613
|move|p2a: Iron Valiant|Vacuum Wave|p1a: OP
|-supereffective|p1a: OP
|-damage|p1a: OP|0 fnt
|faint|p1a: OP
|
|-weather|Sandstorm|[upkeep]
|-damage|p2a: Iron Valiant|1/100|[from] Sandstorm
|upkeep
|
|t:|1769319628
|switch|p1a: Porunga|Pawmot, F, tera:Grass|100/100 slp
|-damage|p1a: Porunga|88/100 slp|[from] Stealth Rock
|-damage|p1a: Porunga|76/100 slp|[from] Spikes
|turn|21
|
|t:|1769319633
|-end|p2a: Iron Valiant|Quark Drive|[silent]
|switch|p2a: Ceruledge|Ceruledge, F|100/100
|cant|p1a: Porunga|slp
|move|p1a: Porunga|Sleep Talk|p1a: Porunga
|move|p1a: Porunga|Revival Blessing|p1a: Porunga|[from] move: Sleep Talk
|j| iamfrhaan007
|
|t:|1769319646
|-heal|p1: OP|50/100|[from] move: Revival Blessing
|
|-weather|Sandstorm|[upkeep]
|-damage|p1a: Porunga|70/100 slp|[from] Sandstorm
|-damage|p2a: Ceruledge|95/100|[from] Sandstorm
|upkeep
|turn|22
|
|t:|1769319656
|switch|p1a: Leavanny|Leavanny, F|84/100
|-damage|p1a: Leavanny|59/100|[from] Stealth Rock
|-damage|p1a: Leavanny|47/100|[from] Spikes
|move|p2a: Ceruledge|Swords Dance|p2a: Ceruledge
|-boost|p2a: Ceruledge|atk|2
|
|-weather|none
|upkeep
|turn|23
|
|t:|1769319670
|move|p2a: Ceruledge|Shadow Sneak|p1a: Leavanny
|-damage|p1a: Leavanny|0 fnt
|faint|p1a: Leavanny
|
|upkeep
|
|t:|1769319685
|switch|p1a: Frieza|Kyurem, shiny|100/100
|-damage|p1a: Frieza|76/100|[from] Stealth Rock
|-damage|p1a: Frieza|63/100|[from] Spikes
|-ability|p1a: Frieza|Pressure
|turn|24
|
|t:|1769319694
|move|p1a: Frieza|Earth Power|p2a: Ceruledge
|-supereffective|p2a: Ceruledge
|-damage|p2a: Ceruledge|16/100
|move|p2a: Ceruledge|Bitter Blade|p1a: Frieza
|-damage|p1a: Frieza|0 fnt
|-heal|p2a: Ceruledge|54/100|[from] drain|[of] p1a: Frieza
|faint|p1a: Frieza
|
|upkeep
|c|☆FirstLightSoulja|10 v 6 of doom
|inactive|OP Sand has 120 seconds left.
|l| iamfrhaan007
|inactive|OP Sand has 90 seconds left.
|j| iamfrhaan007
|inactive|OP Sand has 60 seconds left.
|-message|OP Sand forfeited.
|
|win|FirstLightSoulja
|raw|OP Sand's rating: 1583 &rarr; <strong>1565</strong><br />(-18 for losing)
|raw|FirstLightSoulja's rating: 1613 &rarr; <strong>1631</strong><br />(+18 for winning)
|l|☆OP Sand
|player|p1|
|l|☆FirstLightSoulja
|player|p2|
|l| iamfrhaan007
