|j|☆gfitzy
|j|☆kind slender man
|t:|1769318691
|gametype|singles
|player|p1|gfitzy|cynthia-masters|1383
|player|p2|kind slender man|rye|1317
|gen|9
|tier|[Gen 9] OU
|rated|
|rule|HP Percentage Mod: HP is shown in percentages
|rule|Endless Battle Clause: Forcing endless battles is banned
|rule|Species Clause: Limit one of each Pokémon
|rule|OHKO Clause: OHKO moves are banned
|rule|Evasion Items Clause: Evasion items are banned
|rule|Evasion Moves Clause: Evasion moves are banned
|rule|Evasion Abilities Clause: Evasion abilities are banned
|rule|Sleep Moves Clause: Sleep-inducing moves are banned
|clearpoke
|poke|p1|Carbink, L1|
|poke|p1|Braviary-Hisui, M|
|poke|p1|Ursaluna, M|
|poke|p1|Kingambit, M|
|poke|p1|Iron Hands|
|poke|p1|Hatterene, F|
|poke|p2|Great Tusk|
|poke|p2|Landorus-Therian, M|
|poke|p2|Slowking-Galar, M|
|poke|p2|Ogerpon-Wellspring, F|
|poke|p2|Raging Bolt|
|poke|p2|Kingambit, F|
|teampreview
|inactive|Battle timer is ON: inactive players will automatically lose when time's up. (requested by kind slender man)
|
|t:|1769318715
|teamsize|p1|6
|teamsize|p2|6
|start
|switch|p1a: The Bink|Carbink, L1, shiny|100/100
|switch|p2a: Ogerpon|Ogerpon-Wellspring, F|100/100
|turn|1
|
|t:|1769318724
|move|p2a: Ogerpon|U-turn|p1a: The Bink
|-resisted|p1a: The Bink
|-ability|p1a: The Bink|Sturdy
|-damage|p1a: The Bink|9/100
|
|t:|1769318738
|switch|p2a: Landorus|Landorus-Therian, M|100/100|[from] U-turn
|-ability|p2a: Landorus|Intimidate|boost
|-unboost|p1a: The Bink|atk|1
|move|p1a: The Bink|Trick Room|p1a: The Bink
|-fieldstart|move: Trick Room|[of] p1a: The Bink
|
|-damage|p1a: The Bink|0 fnt|[from] item: Black Sludge
|faint|p1a: The Bink
|upkeep
|
|t:|1769318751
|switch|p1a: Bonnie|Iron Hands|100/100
|-enditem|p1a: Bonnie|Booster Energy
|-activate|p1a: Bonnie|ability: Quark Drive|[fromitem]
|-start|p1a: Bonnie|quarkdriveatk
|turn|2
|
|t:|1769318763
|move|p1a: Bonnie|Ice Punch|p2a: Landorus
|-supereffective|p2a: Landorus
|-damage|p2a: Landorus|0 fnt
|faint|p2a: Landorus
|
|upkeep
|
|t:|1769318766
|switch|p2a: Great Tusk|Great Tusk|100/100
|turn|3
|
|t:|1769318775
|-terastallize|p1a: Bonnie|Flying
|move|p1a: Bonnie|Ice Punch|p2a: Great Tusk
|-supereffective|p2a: Great Tusk
|-damage|p2a: Great Tusk|52/100
|-damage|p1a: Bonnie|84/100|[from] item: Rocky Helmet|[of] p2a: Great Tusk
|move|p2a: Great Tusk|Headlong Rush|p1a: Bonnie
|-immune|p1a: Bonnie
|
|upkeep
|turn|4
|
|t:|1769318786
|move|p1a: Bonnie|Ice Punch|p2a: Great Tusk
|-supereffective|p2a: Great Tusk
|-damage|p2a: Great Tusk|7/100
|-damage|p1a: Bonnie|67/100|[from] item: Rocky Helmet|[of] p2a: Great Tusk
|move|p2a: Great Tusk|Ice Spinner|p1a: Bonnie
|-supereffective|p1a: Bonnie
|-damage|p1a: Bonnie|31/100
|
|upkeep
|turn|5
|
|t:|1769318798
|-end|p2a: Great Tusk|Protosynthesis|[silent]
|switch|p2a: Slowking|Slowking-Galar, M|100/100
|move|p1a: Bonnie|Drain Punch|p2a: Slowking
|-resisted|p2a: Slowking
|-damage|p2a: Slowking|89/100
|-heal|p1a: Bonnie|36/100|[from] drain|[of] p2a: Slowking
|
|-fieldend|move: Trick Room
|upkeep
|turn|6
|
|t:|1769318813
|switch|p2a: Great Tusk|Great Tusk|7/100
|move|p1a: Bonnie|Thunder Punch|p2a: Great Tusk
|-immune|p2a: Great Tusk
|
|upkeep
|turn|7
|
|t:|1769318820
|move|p2a: Great Tusk|Ice Spinner|p1a: Bonnie
|-supereffective|p1a: Bonnie
|-damage|p1a: Bonnie|4/100
|move|p1a: Bonnie|Ice Punch|p2a: Great Tusk
|-supereffective|p2a: Great Tusk
|-damage|p2a: Great Tusk|0 fnt
|-damage|p1a: Bonnie|0 fnt|[from] item: Rocky Helmet|[of] p2a: Great Tusk
|faint|p2a: Great Tusk
|-end|p2a: Great Tusk|Protosynthesis|[silent]
|faint|p1a: Bonnie
|-end|p1a: Bonnie|Quark Drive|[silent]
|
|upkeep
|
|t:|1769318830
|switch|p2a: Kingambit|Kingambit, F|100/100
|switch|p1a: Chica|Hatterene, F|100/100
|-activate|p2a: Kingambit|ability: Supreme Overlord
|-start|p2a: Kingambit|fallen2|[silent]
|turn|8
|
|t:|1769318843
|move|p2a: Kingambit|Iron Head|p1a: Chica
|-supereffective|p1a: Chica
|-enditem|p1a: Chica|Focus Sash
|-damage|p1a: Chica|1/100
|move|p1a: Chica|Trick Room|p1a: Chica
|-fieldstart|move: Trick Room|[of] p1a: Chica
|
|upkeep
|turn|9
|c|☆kind slender man|freddy
|
|t:|1769318854
|move|p1a: Chica|Healing Wish|p1a: Chica
|faint|p1a: Chica
|move|p2a: Kingambit|Swords Dance|p2a: Kingambit
|-boost|p2a: Kingambit|atk|2
|
|upkeep
|c|☆kind slender man|freddy
|c|☆kind slender man|you must find my pages
|
|t:|1769318863
|switch|p1a: Freddy|Ursaluna, M|100/100
|turn|10
|c|☆kind slender man|freddy
|c|☆gfitzy|hor hor hor hor hor hor hor hor hor hor
|c|☆kind slender man|find my pages
|
|t:|1769318876
|move|p1a: Freddy|Headlong Rush|p2a: Kingambit
|-supereffective|p2a: Kingambit
|-damage|p2a: Kingambit|0 fnt
|-unboost|p1a: Freddy|def|1
|-unboost|p1a: Freddy|spd|1
|faint|p2a: Kingambit
|-end|p2a: Kingambit|fallen2|[silent]
|
|-status|p1a: Freddy|brn|[from] item: Flame Orb
|upkeep
|
|t:|1769318886
|switch|p2a: Slowking|Slowking-Galar, M|100/100
|turn|11
|
|t:|1769318894
|move|p2a: Slowking|Future Sight|p1a: Freddy
|-start|p2a: Slowking|move: Future Sight
|move|p1a: Freddy|Facade|p2a: Slowking
|-damage|p2a: Slowking|0 fnt
|faint|p2a: Slowking
|
|-damage|p1a: Freddy|94/100 brn|[from] brn
|upkeep
|
|t:|1769318899
|switch|p2a: Raging Bolt|Raging Bolt|100/100
|-enditem|p2a: Raging Bolt|Booster Energy
|-activate|p2a: Raging Bolt|ability: Protosynthesis|[fromitem]
|-start|p2a: Raging Bolt|protosynthesisspa
|turn|12
|c|☆kind slender man|im really bad
|
|t:|1769318921
|move|p1a: Freddy|Facade|p2a: Raging Bolt
|-damage|p2a: Raging Bolt|0 fnt
|faint|p2a: Raging Bolt
|-end|p2a: Raging Bolt|Protosynthesis|[silent]
|
|-damage|p1a: Freddy|88/100 brn|[from] brn
|-fieldend|move: Trick Room
|upkeep
|
|t:|1769318923
|switch|p2a: Ogerpon|Ogerpon-Wellspring, F|100/100
|turn|13
|j| pueb
|
|t:|1769318931
|move|p2a: Ogerpon|Ivy Cudgel|p1a: Freddy|[anim] Ivy Cudgel Water
|-supereffective|p1a: Freddy
|-damage|p1a: Freddy|0 fnt
|faint|p1a: Freddy
|
|-hint|Future Sight did not hit because the target is fainted.
|upkeep
|
|t:|1769318937
|switch|p1a: William Afton|Kingambit, M|100/100
|-activate|p1a: William Afton|ability: Supreme Overlord
|-start|p1a: William Afton|fallen4|[silent]
|turn|14
|
|t:|1769318945
|-terastallize|p2a: Ogerpon|Water
|detailschange|p2a: Ogerpon|Ogerpon-Wellspring-Tera, F, tera:Water
|-ability|p2a: Ogerpon|Embody Aspect (Wellspring)|boost
|-boost|p2a: Ogerpon|spd|1
|move|p2a: Ogerpon|Ivy Cudgel|p1a: William Afton|[anim] Ivy Cudgel Water
|-damage|p1a: William Afton|36/100
|move|p1a: William Afton|Kowtow Cleave|p2a: Ogerpon
|-damage|p2a: Ogerpon|0 fnt
|faint|p2a: Ogerpon
|detailschange|p2: Ogerpon|Ogerpon-Wellspring, F|[silent]
|
|win|gfitzy
|raw|gfitzy's rating: 1383 &rarr; <strong>1399</strong><br />(+16 for winning)
|raw|kind slender man's rating: 1317 &rarr; <strong>1301</strong><br />(-16 for losing)
|l|☆kind slender man
|player|p2|
|l|☆gfitzy
|player|p1|
|l| pueb
