|j|☆newacount2
|j|☆cospway
|t:|1769320971
|gametype|singles
|player|p1|newacount2|lance|1288
|player|p2|cospway|iris-gen5bw2|1255
|gen|9
|tier|[Gen 9] OU
|rated|
|rule|HP Percentage Mod: HP is shown in percentages
|rule|Endless Battle Clause: Forcing endless battles is banned
|rule|Species Clause: Limit one of each Pokémon
|rule|OHKO Clause: OHKO moves are banned
|rule|Evasion Items Clause: Evasion items are banned
|rule|Evasion Moves Clause: Evasion moves are banned
|rule|Evasion Abilities Clause: Evasion abilities are banned
|rule|Sleep Moves Clause: Sleep-inducing moves are banned
|clearpoke
|poke|p1|Great Tusk|
|poke|p1|Pecharunt|
|poke|p1|Iron Valiant|
|poke|p1|Iron Crown|
|poke|p1|Samurott-Hisui, M|
|poke|p1|Dragonite, M|
|poke|p2|Cresselia, F|
|poke|p2|Jirachi|
|poke|p2|Gholdengo|
|poke|p2|Kingambit, F|
|poke|p2|Hoopa-Unbound|
|poke|p2|Azumarill, F|
|teampreview
|inactive|Battle timer is ON: inactive players will automatically lose when time's up. (requested by newacount2)
|
|t:|1769320995
|teamsize|p1|6
|teamsize|p2|6
|start
|switch|p1a: Samurott|Samurott-Hisui, M, shiny|100/100
|switch|p2a: Jirachi|Jirachi|100/100
|turn|1
|
|t:|1769321009
|move|p1a: Samurott|Ceaseless Edge|p2a: Jirachi
|-supereffective|p2a: Jirachi
|-enditem|p2a: Jirachi|Colbur Berry|[eat]
|-enditem|p2a: Jirachi|Colbur Berry|[weaken]
|-damage|p2a: Jirachi|61/100
|-sidestart|p2: cospway|Spikes
|move|p2a: Jirachi|Trick Room|p2a: Jirachi
|-fieldstart|move: Trick Room|[of] p2a: Jirachi
|
|upkeep
|turn|2
|
|t:|1769321027
|move|p2a: Jirachi|Stealth Rock|p1a: Samurott
|-sidestart|p1: newacount2|move: Stealth Rock
|move|p1a: Samurott|Knock Off|p2a: Jirachi
|-supereffective|p2a: Jirachi
|-damage|p2a: Jirachi|6/100
|
|upkeep
|turn|3
|
|t:|1769321036
|move|p2a: Jirachi|U-turn|p1a: Samurott
|-supereffective|p1a: Samurott
|-damage|p1a: Samurott|57/100
|
|t:|1769321045
|switch|p2a: Azumarill|Azumarill, F|100/100|[from] U-turn
|-damage|p2a: Azumarill|88/100|[from] Spikes
|move|p1a: Samurott|Ceaseless Edge|p2a: Azumarill
|-resisted|p2a: Azumarill
|-damage|p2a: Azumarill|56/100
|-sidestart|p2: cospway|Spikes
|
|upkeep
|turn|4
|
|t:|1769321062
|switch|p1a: Pecharunt|Pecharunt|100/100
|-damage|p1a: Pecharunt|88/100|[from] Stealth Rock
|move|p2a: Azumarill|Play Rough|p1a: Pecharunt
|-resisted|p1a: Pecharunt
|-damage|p1a: Pecharunt|68/100
|-damage|p2a: Azumarill|39/100|[from] item: Rocky Helmet|[of] p1a: Pecharunt
|
|upkeep
|turn|5
|
|t:|1769321071
|switch|p2a: Jirachi|Jirachi|6/100
|-damage|p2a: Jirachi|0 fnt|[from] Spikes
|faint|p2a: Jirachi
|move|p1a: Pecharunt|Recover|p1a: Pecharunt
|-heal|p1a: Pecharunt|100/100
|
|-fieldend|move: Trick Room
|upkeep
|
|t:|1769321085
|switch|p2a: Kingambit|Kingambit, F|100/100
|-damage|p2a: Kingambit|84/100|[from] Spikes
|-activate|p2a: Kingambit|ability: Supreme Overlord
|-start|p2a: Kingambit|fallen1|[silent]
|turn|6
|
|t:|1769321093
|move|p1a: Pecharunt|Parting Shot|p2a: Kingambit
|-unboost|p2a: Kingambit|atk|1
|-unboost|p2a: Kingambit|spa|1
|
|t:|1769321099
|switch|p1a: Great Tusk|Great Tusk, shiny|100/100|[from] Parting Shot
|move|p2a: Kingambit|Swords Dance|p2a: Kingambit
|-boost|p2a: Kingambit|atk|2
|
|-heal|p2a: Kingambit|90/100|[from] item: Leftovers
|upkeep
|turn|7
|
|t:|1769321111
|-terastallize|p2a: Kingambit|Fairy
|move|p1a: Great Tusk|Rapid Spin|p2a: Kingambit
|-damage|p2a: Kingambit|78/100
|-boost|p1a: Great Tusk|spe|1
|-sideend|p1: newacount2|Stealth Rock|[from] move: Rapid Spin|[of] p1a: Great Tusk
|move|p2a: Kingambit|Tera Blast|p1a: Great Tusk|[anim] Tera Blast Fairy
|-supereffective|p1a: Great Tusk
|-crit|p1a: Great Tusk
|-damage|p1a: Great Tusk|0 fnt
|faint|p1a: Great Tusk
|-end|p1a: Great Tusk|Protosynthesis|[silent]
|
|-heal|p2a: Kingambit|84/100|[from] item: Leftovers
|upkeep
|
|t:|1769321122
|switch|p1a: Pecharunt|Pecharunt|100/100
|turn|8
|
|t:|1769321128
|move|p1a: Pecharunt|Malignant Chain|p2a: Kingambit
|-supereffective|p2a: Kingambit
|-damage|p2a: Kingambit|19/100
|move|p2a: Kingambit|Kowtow Cleave|p1a: Pecharunt
|-supereffective|p1a: Pecharunt
|-damage|p1a: Pecharunt|17/100
|-damage|p2a: Kingambit|2/100|[from] item: Rocky Helmet|[of] p1a: Pecharunt
|
|-heal|p2a: Kingambit|8/100|[from] item: Leftovers
|upkeep
|turn|9
|
|t:|1769321138
|move|p1a: Pecharunt|Recover|p1a: Pecharunt
|-heal|p1a: Pecharunt|67/100
|move|p2a: Kingambit|Kowtow Cleave|p1a: Pecharunt
|-supereffective|p1a: Pecharunt
|-damage|p1a: Pecharunt|0 fnt
|-damage|p2a: Kingambit|0 fnt|[from] item: Rocky Helmet|[of] p1a: Pecharunt
|faint|p1a: Pecharunt
|faint|p2a: Kingambit
|-end|p2a: Kingambit|fallen1|[silent]
|
|upkeep
|
|t:|1769321148
|switch|p1a: Samurott|Samurott-Hisui, M, shiny|57/100
|switch|p2a: Azumarill|Azumarill, F|39/100
|-damage|p2a: Azumarill|23/100|[from] Spikes
|turn|10
|
|t:|1769321160
|move|p1a: Samurott|Ceaseless Edge|p2a: Azumarill
|-resisted|p2a: Azumarill
|-damage|p2a: Azumarill|0 fnt
|-sidestart|p2: cospway|Spikes
|faint|p2a: Azumarill
|
|upkeep
|
|t:|1769321166
|switch|p2a: Cresselia|Cresselia, F|100/100
|turn|11
|inactive|cospway has 120 seconds left.
|
|t:|1769321202
|switch|p2a: Hoopa|Hoopa-Unbound|100/100
|-damage|p2a: Hoopa|75/100|[from] Spikes
|move|p1a: Samurott|Knock Off|p2a: Hoopa
|-damage|p2a: Hoopa|0 fnt
|-enditem|p2a: Hoopa|Room Service|[from] move: Knock Off|[of] p1a: Samurott
|faint|p2a: Hoopa
|
|upkeep
|-message|cospway forfeited.
|
|win|newacount2
|raw|newacount2's rating: 1288 &rarr; <strong>1311</strong><br />(+23 for winning)
|raw|cospway's rating: 1255 &rarr; <strong>1232</strong><br />(-23 for losing)
|l|☆cospway
|player|p2|
|l|☆newacount2
|player|p1|
