|j|☆blzh
|j|☆lZanel
|t:|1769413605
|gametype|singles
|player|p1|blzh|101|1114
|player|p2|lZanel|101|1064
|gen|9
|tier|[Gen 9] OU
|rated|
|rule|HP Percentage Mod: HP is shown in percentages
|rule|Endless Battle Clause: Forcing endless battles is banned
|rule|Species Clause: Limit one of each Pokémon
|rule|OHKO Clause: OHKO moves are banned
|rule|Evasion Items Clause: Evasion items are banned
|rule|Evasion Moves Clause: Evasion moves are banned
|rule|Evasion Abilities Clause: Evasion abilities are banned
|rule|Sleep Moves Clause: Sleep-inducing moves are banned
|clearpoke
|poke|p1|Sceptile, M|
|poke|p1|Tentacruel, F|
|poke|p1|Garchomp, F|
|poke|p1|Espeon, M|
|poke|p1|Umbreon, F|
|poke|p1|Chandelure, F|
|poke|p2|Raichu, M|
|poke|p2|Garganacl, M|
|poke|p2|Dragapult, M|
|poke|p2|Regice|
|poke|p2|Cloyster, M|
|poke|p2|Tentacruel, M|
|teampreview
|inactive|Battle timer is ON: inactive players will automatically lose when time's up. (requested by blzh)
|
|t:|1769413616
|teamsize|p1|6
|teamsize|p2|6
|start
|switch|p1a: Sceptile|Sceptile, M|100/100
|switch|p2a: Dragapult|Dragapult, M|100/100
|turn|1
|
|t:|1769413627
|-terastallize|p1a: Sceptile|Steel
|move|p2a: Dragapult|Outrage|p1a: Sceptile
|-resisted|p1a: Sceptile
|-damage|p1a: Sceptile|59/100
|move|p1a: Sceptile|Substitute|p1a: Sceptile
|-start|p1a: Sceptile|Substitute
|-damage|p1a: Sceptile|34/100
|
|-heal|p1a: Sceptile|40/100|[from] item: Leftovers
|upkeep
|turn|2
|
|t:|1769413636
|move|p2a: Dragapult|Outrage|p1a: Sceptile|[from] lockedmove
|-resisted|p1a: Sceptile
|-end|p1a: Sceptile|Substitute
|-start|p2a: Dragapult|confusion|[fatigue]
|move|p1a: Sceptile|Leech Seed|p2a: Dragapult
|-start|p2a: Dragapult|move: Leech Seed
|
|-heal|p1a: Sceptile|46/100|[from] item: Leftovers
|-damage|p2a: Dragapult|88/100|[from] Leech Seed|[of] p1a: Sceptile
|-heal|p1a: Sceptile|57/100|[silent]
|upkeep
|turn|3
|
|t:|1769413647
|move|p1a: Sceptile|Protect|p1a: Sceptile
|-singleturn|p1a: Sceptile|Protect
|-activate|p2a: Dragapult|confusion
|-damage|p2a: Dragapult|67/100|[from] confusion
|
|-heal|p1a: Sceptile|63/100|[from] item: Leftovers
|-damage|p2a: Dragapult|55/100|[from] Leech Seed|[of] p1a: Sceptile
|-heal|p1a: Sceptile|75/100|[silent]
|upkeep
|turn|4
|
|t:|1769413655
|-activate|p2a: Dragapult|confusion
|-damage|p2a: Dragapult|32/100|[from] confusion
|move|p1a: Sceptile|Substitute|p1a: Sceptile
|-start|p1a: Sceptile|Substitute
|-damage|p1a: Sceptile|50/100
|
|-heal|p1a: Sceptile|56/100|[from] item: Leftovers
|-damage|p2a: Dragapult|20/100|[from] Leech Seed|[of] p1a: Sceptile
|-heal|p1a: Sceptile|68/100|[silent]
|upkeep
|turn|5
|
|t:|1769413664
|-activate|p2a: Dragapult|confusion
|move|p2a: Dragapult|Outrage|p1a: Sceptile
|-resisted|p1a: Sceptile
|-end|p1a: Sceptile|Substitute
|move|p1a: Sceptile|Giga Drain|p2a: Dragapult
|-resisted|p2a: Dragapult
|-damage|p2a: Dragapult|3/100
|-heal|p1a: Sceptile|75/100|[from] drain|[of] p2a: Dragapult
|
|-heal|p1a: Sceptile|82/100|[from] item: Leftovers
|-damage|p2a: Dragapult|0 fnt|[from] Leech Seed|[of] p1a: Sceptile
|-heal|p1a: Sceptile|84/100|[silent]
|faint|p2a: Dragapult
|upkeep
|
|t:|1769413676
|switch|p2a: Cloyster|Cloyster, M, shiny|100/100
|turn|6
|
|t:|1769413682
|move|p1a: Sceptile|Leech Seed|p2a: Cloyster
|-start|p2a: Cloyster|move: Leech Seed
|move|p2a: Cloyster|Light Screen|p2a: Cloyster
|-sidestart|p2: lZanel|move: Light Screen
|
|-heal|p1a: Sceptile|90/100|[from] item: Leftovers
|-damage|p2a: Cloyster|88/100|[from] Leech Seed|[of] p1a: Sceptile
|-heal|p1a: Sceptile|98/100|[silent]
|upkeep
|turn|7
|
|t:|1769413688
|move|p1a: Sceptile|Substitute|p1a: Sceptile
|-start|p1a: Sceptile|Substitute
|-damage|p1a: Sceptile|74/100
|move|p2a: Cloyster|Icicle Spear|p1a: Sceptile
|-resisted|p1a: Sceptile
|-activate|p1a: Sceptile|move: Substitute|[damage]
|-resisted|p1a: Sceptile
|-activate|p1a: Sceptile|move: Substitute|[damage]
|-resisted|p1a: Sceptile
|-activate|p1a: Sceptile|move: Substitute|[damage]
|-resisted|p1a: Sceptile
|-end|p1a: Sceptile|Substitute
|-resisted|p1a: Sceptile
|-damage|p1a: Sceptile|66/100
|-hitcount|p1a: Sceptile|5
|
|-heal|p1a: Sceptile|72/100|[from] item: Leftovers
|-damage|p2a: Cloyster|76/100|[from] Leech Seed|[of] p1a: Sceptile
|-heal|p1a: Sceptile|81/100|[silent]
|upkeep
|turn|8
|
|t:|1769413702
|move|p1a: Sceptile|Substitute|p1a: Sceptile
|-start|p1a: Sceptile|Substitute
|-damage|p1a: Sceptile|56/100
|move|p2a: Cloyster|Icicle Spear|p1a: Sceptile
|-resisted|p1a: Sceptile
|-activate|p1a: Sceptile|move: Substitute|[damage]
|-resisted|p1a: Sceptile
|-activate|p1a: Sceptile|move: Substitute|[damage]
|-resisted|p1a: Sceptile
|-activate|p1a: Sceptile|move: Substitute|[damage]
|-resisted|p1a: Sceptile
|-end|p1a: Sceptile|Substitute
|-resisted|p1a: Sceptile
|-damage|p1a: Sceptile|48/100
|-hitcount|p1a: Sceptile|5
|
|-heal|p1a: Sceptile|54/100|[from] item: Leftovers
|-damage|p2a: Cloyster|63/100|[from] Leech Seed|[of] p1a: Sceptile
|-heal|p1a: Sceptile|63/100|[silent]
|upkeep
|turn|9
|
|t:|1769413713
|move|p1a: Sceptile|Protect|p1a: Sceptile
|-singleturn|p1a: Sceptile|Protect
|move|p2a: Cloyster|Icicle Spear|p1a: Sceptile
|-activate|p1a: Sceptile|move: Protect
|
|-heal|p1a: Sceptile|69/100|[from] item: Leftovers
|-damage|p2a: Cloyster|51/100|[from] Leech Seed|[of] p1a: Sceptile
|-heal|p1a: Sceptile|78/100|[silent]
|upkeep
|turn|10
|
|t:|1769413721
|move|p1a: Sceptile|Substitute|p1a: Sceptile
|-start|p1a: Sceptile|Substitute
|-damage|p1a: Sceptile|53/100
|move|p2a: Cloyster|Icicle Spear|p1a: Sceptile
|-resisted|p1a: Sceptile
|-activate|p1a: Sceptile|move: Substitute|[damage]
|-resisted|p1a: Sceptile
|-activate|p1a: Sceptile|move: Substitute|[damage]
|-resisted|p1a: Sceptile
|-activate|p1a: Sceptile|move: Substitute|[damage]
|-resisted|p1a: Sceptile
|-end|p1a: Sceptile|Substitute
|-resisted|p1a: Sceptile
|-damage|p1a: Sceptile|46/100
|-hitcount|p1a: Sceptile|5
|
|-heal|p1a: Sceptile|52/100|[from] item: Leftovers
|-damage|p2a: Cloyster|39/100|[from] Leech Seed|[of] p1a: Sceptile
|-heal|p1a: Sceptile|61/100|[silent]
|-sideend|p2: lZanel|move: Light Screen
|upkeep
|turn|11
|
|t:|1769413739
|move|p1a: Sceptile|Giga Drain|p2a: Cloyster
|-supereffective|p2a: Cloyster
|-damage|p2a: Cloyster|0 fnt
|-heal|p1a: Sceptile|74/100|[from] drain|[of] p2a: Cloyster
|faint|p2a: Cloyster
|
|-heal|p1a: Sceptile|80/100|[from] item: Leftovers
|upkeep
|
|t:|1769413748
|switch|p2a: Regice|Regice|100/100
|turn|12
|
|t:|1769413752
|move|p1a: Sceptile|Leech Seed|p2a: Regice
|-start|p2a: Regice|move: Leech Seed
|move|p2a: Regice|Thunder Wave|p1a: Sceptile
|-status|p1a: Sceptile|par
|
|-heal|p1a: Sceptile|86/100 par|[from] item: Leftovers
|-damage|p2a: Regice|88/100|[from] Leech Seed|[of] p1a: Sceptile
|-heal|p1a: Sceptile|97/100 par|[silent]
|upkeep
|turn|13
|
|t:|1769413762
|move|p1a: Sceptile|Substitute|p1a: Sceptile
|-start|p1a: Sceptile|Substitute
|-damage|p1a: Sceptile|72/100 par
|move|p2a: Regice|Ice Beam|p1a: Sceptile
|-resisted|p1a: Sceptile
|-activate|p1a: Sceptile|move: Substitute|[damage]
|
|-heal|p1a: Sceptile|78/100 par|[from] item: Leftovers
|-damage|p2a: Regice|76/100|[from] Leech Seed|[of] p1a: Sceptile
|-heal|p1a: Sceptile|89/100 par|[silent]
|upkeep
|turn|14
|
|t:|1769413773
|move|p1a: Sceptile|Giga Drain|p2a: Regice
|-damage|p2a: Regice|62/100
|-heal|p1a: Sceptile|96/100 par|[from] drain|[of] p2a: Regice
|move|p2a: Regice|Ice Beam|p1a: Sceptile
|-resisted|p1a: Sceptile
|-end|p1a: Sceptile|Substitute
|
|-heal|p1a: Sceptile|100/100 par|[from] item: Leftovers
|-damage|p2a: Regice|50/100|[from] Leech Seed|[of] p1a: Sceptile
|upkeep
|turn|15
|
|t:|1769413781
|move|p1a: Sceptile|Substitute|p1a: Sceptile
|-start|p1a: Sceptile|Substitute
|-damage|p1a: Sceptile|76/100 par
|move|p2a: Regice|Ice Beam|p1a: Sceptile
|-resisted|p1a: Sceptile
|-activate|p1a: Sceptile|move: Substitute|[damage]
|
|-heal|p1a: Sceptile|82/100 par|[from] item: Leftovers
|-damage|p2a: Regice|37/100|[from] Leech Seed|[of] p1a: Sceptile
|-heal|p1a: Sceptile|93/100 par|[silent]
|upkeep
|turn|16
|
|t:|1769413786
|move|p1a: Sceptile|Giga Drain|p2a: Regice
|-damage|p2a: Regice|21/100
|-heal|p1a: Sceptile|99/100 par|[from] drain|[of] p2a: Regice
|move|p2a: Regice|Ice Beam|p1a: Sceptile
|-resisted|p1a: Sceptile
|-end|p1a: Sceptile|Substitute
|
|-heal|p1a: Sceptile|100/100 par|[from] item: Leftovers
|-damage|p2a: Regice|9/100|[from] Leech Seed|[of] p1a: Sceptile
|upkeep
|turn|17
|
|t:|1769413791
|move|p1a: Sceptile|Substitute|p1a: Sceptile
|-start|p1a: Sceptile|Substitute
|-damage|p1a: Sceptile|76/100 par
|move|p2a: Regice|Ice Beam|p1a: Sceptile
|-resisted|p1a: Sceptile
|-activate|p1a: Sceptile|move: Substitute|[damage]
|
|-heal|p1a: Sceptile|82/100 par|[from] item: Leftovers
|-damage|p2a: Regice|0 fnt|[from] Leech Seed|[of] p1a: Sceptile
|-heal|p1a: Sceptile|89/100 par|[silent]
|faint|p2a: Regice
|upkeep
|
|t:|1769413794
|switch|p2a: Raichu|Raichu, M, shiny|100/100
|turn|18
|
|t:|1769413798
|move|p2a: Raichu|Volt Tackle|p1a: Sceptile
|-end|p1a: Sceptile|Substitute
|-damage|p2a: Raichu|99/100|[from] Recoil|[of] p1a: Sceptile
|cant|p1a: Sceptile|par
|
|-heal|p1a: Sceptile|95/100 par|[from] item: Leftovers
|upkeep
|turn|19
|
|t:|1769413805
|move|p2a: Raichu|Volt Tackle|p1a: Sceptile
|-damage|p1a: Sceptile|25/100 par
|-damage|p2a: Raichu|70/100|[from] Recoil
|move|p1a: Sceptile|Leech Seed|p2a: Raichu|[miss]
|-miss|p1a: Sceptile|p2a: Raichu
|
|-heal|p1a: Sceptile|31/100 par|[from] item: Leftovers
|upkeep
|turn|20
|
|t:|1769413813
|switch|p1a: Garchomp|Garchomp, F|100/100
|move|p2a: Raichu|Volt Tackle|p1a: Garchomp
|-immune|p1a: Garchomp
|
|upkeep
|turn|21
|
|t:|1769413821
|move|p2a: Raichu|Thunder Wave|p1a: Garchomp
|-immune|p1a: Garchomp
|move|p1a: Garchomp|Earthquake|p2a: Raichu
|-supereffective|p2a: Raichu
|-damage|p2a: Raichu|0 fnt
|faint|p2a: Raichu
|
|upkeep
|
|t:|1769413830
|switch|p2a: Garganacl|Garganacl, M|100/100
|turn|22
|
|t:|1769413859
|switch|p1a: Tentacruel|Tentacruel, F|100/100
|move|p2a: Garganacl|Salt Cure|p1a: Tentacruel
|-damage|p1a: Tentacruel|82/100
|-start|p1a: Tentacruel|Salt Cure
|
|-heal|p1a: Tentacruel|88/100|[from] item: Black Sludge
|-damage|p1a: Tentacruel|63/100|[from] Salt Cure
|upkeep
|turn|23
|
|t:|1769413867
|move|p2a: Garganacl|Protect|p2a: Garganacl
|-singleturn|p2a: Garganacl|Protect
|move|p1a: Tentacruel|Surf|p2a: Garganacl
|-activate|p2a: Garganacl|move: Protect
|
|-heal|p1a: Tentacruel|69/100|[from] item: Black Sludge
|-damage|p1a: Tentacruel|44/100|[from] Salt Cure
|upkeep
|turn|24
|inactive|blzh has 120 seconds left.
|
|t:|1769413897
|move|p1a: Tentacruel|Surf|p2a: Garganacl
|-supereffective|p2a: Garganacl
|-damage|p2a: Garganacl|55/100
|move|p2a: Garganacl|Stealth Rock|p1a: Tentacruel
|-sidestart|p1: blzh|move: Stealth Rock
|
|-heal|p1a: Tentacruel|50/100|[from] item: Black Sludge
|-heal|p2a: Garganacl|61/100|[from] item: Leftovers
|-damage|p1a: Tentacruel|25/100|[from] Salt Cure
|upkeep
|turn|25
|inactive|blzh has 120 seconds left.
|
|t:|1769413907
|switch|p1a: Chandelure|Chandelure, F|100/100
|-damage|p1a: Chandelure|76/100|[from] Stealth Rock
|move|p2a: Garganacl|Recover|p2a: Garganacl
|-heal|p2a: Garganacl|100/100
|
|upkeep
|turn|26
|
|t:|1769413914
|move|p1a: Chandelure|Energy Ball|p2a: Garganacl
|-supereffective|p2a: Garganacl
|-damage|p2a: Garganacl|40/100
|move|p2a: Garganacl|Salt Cure|p1a: Chandelure
|-supereffective|p1a: Chandelure
|-damage|p1a: Chandelure|34/100
|-start|p1a: Chandelure|Salt Cure
|
|-heal|p2a: Garganacl|46/100|[from] item: Leftovers
|-damage|p1a: Chandelure|22/100|[from] Salt Cure
|upkeep
|turn|27
|
|t:|1769413923
|switch|p1a: Sceptile|Sceptile, M, tera:Steel|31/100 par
|-damage|p1a: Sceptile|25/100 par|[from] Stealth Rock
|move|p2a: Garganacl|Protect||[still]
|-fail|p2a: Garganacl
|
|-heal|p1a: Sceptile|31/100 par|[from] item: Leftovers
|-heal|p2a: Garganacl|53/100|[from] item: Leftovers
|upkeep
|turn|28
|
|t:|1769413933
|move|p1a: Sceptile|Substitute|p1a: Sceptile
|-start|p1a: Sceptile|Substitute
|-damage|p1a: Sceptile|7/100 par
|move|p2a: Garganacl|Salt Cure|p1a: Sceptile
|-resisted|p1a: Sceptile
|-activate|p1a: Sceptile|move: Substitute|[damage]
|
|-heal|p1a: Sceptile|13/100 par|[from] item: Leftovers
|-heal|p2a: Garganacl|59/100|[from] item: Leftovers
|upkeep
|turn|29
|
|t:|1769413950
|cant|p1a: Sceptile|par
|move|p2a: Garganacl|Recover|p2a: Garganacl
|-heal|p2a: Garganacl|100/100
|
|-heal|p1a: Sceptile|19/100 par|[from] item: Leftovers
|upkeep
|turn|30
|
|t:|1769413957
|move|p1a: Sceptile|Leech Seed|p2a: Garganacl
|-start|p2a: Garganacl|move: Leech Seed
|move|p2a: Garganacl|Salt Cure|p1a: Sceptile
|-resisted|p1a: Sceptile
|-activate|p1a: Sceptile|move: Substitute|[damage]
|
|-heal|p1a: Sceptile|25/100 par|[from] item: Leftovers
|-damage|p2a: Garganacl|88/100|[from] Leech Seed|[of] p1a: Sceptile
|-heal|p1a: Sceptile|37/100 par|[silent]
|upkeep
|turn|31
|
|t:|1769413967
|switch|p2a: Tentacruel|Tentacruel, M, shiny|100/100
|move|p1a: Sceptile|Giga Drain|p2a: Tentacruel
|-damage|p2a: Tentacruel|78/100
|-heal|p1a: Sceptile|47/100 par|[from] drain|[of] p2a: Tentacruel
|
|-heal|p1a: Sceptile|54/100 par|[from] item: Leftovers
|upkeep
|turn|32
|
|t:|1769413979
|move|p2a: Tentacruel|Surf|p1a: Sceptile
|-end|p1a: Sceptile|Substitute
|cant|p1a: Sceptile|par
|
|-heal|p1a: Sceptile|60/100 par|[from] item: Leftovers
|upkeep
|turn|33
|
|t:|1769413988
|move|p2a: Tentacruel|Toxic||[still]
|-fail|p2a: Tentacruel
|move|p1a: Sceptile|Substitute|p1a: Sceptile
|-start|p1a: Sceptile|Substitute
|-damage|p1a: Sceptile|35/100 par
|
|-heal|p1a: Sceptile|41/100 par|[from] item: Leftovers
|upkeep
|turn|34
|
|t:|1769413992
|move|p2a: Tentacruel|Toxic||[still]
|-fail|p2a: Tentacruel
|move|p1a: Sceptile|Leech Seed|p2a: Tentacruel
|-start|p2a: Tentacruel|move: Leech Seed
|
|-heal|p1a: Sceptile|47/100 par|[from] item: Leftovers
|-damage|p2a: Tentacruel|65/100|[from] Leech Seed|[of] p1a: Sceptile
|-heal|p1a: Sceptile|58/100 par|[silent]
|upkeep
|turn|35
|
|t:|1769413996
|move|p2a: Tentacruel|Toxic Spikes|p1a: Sceptile
|-sidestart|p1: blzh|move: Toxic Spikes
|move|p1a: Sceptile|Giga Drain|p2a: Tentacruel
|-damage|p2a: Tentacruel|43/100
|-heal|p1a: Sceptile|68/100 par|[from] drain|[of] p2a: Tentacruel
|
|-heal|p1a: Sceptile|74/100 par|[from] item: Leftovers
|-damage|p2a: Tentacruel|31/100|[from] Leech Seed|[of] p1a: Sceptile
|-heal|p1a: Sceptile|85/100 par|[silent]
|upkeep
|turn|36
|
|t:|1769414001
|move|p2a: Tentacruel|Protect|p2a: Tentacruel
|-singleturn|p2a: Tentacruel|Protect
|cant|p1a: Sceptile|par
|
|-heal|p1a: Sceptile|91/100 par|[from] item: Leftovers
|-damage|p2a: Tentacruel|19/100|[from] Leech Seed|[of] p1a: Sceptile
|-heal|p1a: Sceptile|100/100 par|[silent]
|upkeep
|turn|37
|
|t:|1769414004
|move|p2a: Tentacruel|Surf|p1a: Sceptile
|-end|p1a: Sceptile|Substitute
|move|p1a: Sceptile|Giga Drain|p2a: Tentacruel
|-damage|p2a: Tentacruel|0 fnt
|faint|p2a: Tentacruel
|
|upkeep
|
|t:|1769414008
|switch|p2a: Garganacl|Garganacl, M|88/100
|turn|38
|l|☆lZanel
|inactive|lZanel disconnected and has a minute to reconnect!
|player|p2|
|inactive|lZanel has 30 seconds to reconnect!
|inactive|lZanel has 20 seconds to reconnect!
|inactive|lZanel has 15 seconds to reconnect!
|inactive|lZanel has 10 seconds to reconnect!
|inactive|lZanel has 5 seconds to reconnect!
|-message|lZanel lost due to inactivity.
|
|win|blzh
|raw|blzh's rating: 1114 &rarr; <strong>1135</strong><br />(+21 for winning)
|raw|lZanel's rating: 1064 &rarr; <strong>1047</strong><br />(-17 for losing)
|l|☆blzh
|player|p1|
