|j|☆sunside moonside
|j|☆flagfrog
|t:|1769408831
|gametype|singles
|player|p1|sunside moonside|rosa|1302
|player|p2|flagfrog|falkner|1308
|gen|9
|tier|[Gen 9] OU
|rated|
|rule|HP Percentage Mod: HP is shown in percentages
|rule|Endless Battle Clause: Forcing endless battles is banned
|rule|Species Clause: Limit one of each Pokémon
|rule|OHKO Clause: OHKO moves are banned
|rule|Evasion Items Clause: Evasion items are banned
|rule|Evasion Moves Clause: Evasion moves are banned
|rule|Evasion Abilities Clause: Evasion abilities are banned
|rule|Sleep Moves Clause: Sleep-inducing moves are banned
|clearpoke
|poke|p1|Araquanid, F|
|poke|p1|Great Tusk|
|poke|p1|Enamorus, F|
|poke|p1|Glimmora, M|
|poke|p1|Gholdengo|
|poke|p1|Dragonite, M|
|poke|p2|Slowking-Galar, M|
|poke|p2|Zamazenta-*|
|poke|p2|Gliscor, F|
|poke|p2|Kyurem|
|poke|p2|Sinistcha-Masterpiece|
|poke|p2|Samurott-Hisui, F|
|teampreview
|inactive|Battle timer is ON: inactive players will automatically lose when time's up. (requested by flagfrog)
|inactive|sunside moonside also wants the timer to be on.
|
|t:|1769408848
|teamsize|p1|6
|teamsize|p2|6
|start
|switch|p1a: Araquanid|Araquanid, F, shiny|100/100
|switch|p2a: Kyurem|Kyurem|100/100
|-ability|p2a: Kyurem|Pressure
|turn|1
|
|t:|1769408854
|move|p2a: Kyurem|Substitute|p2a: Kyurem
|-start|p2a: Kyurem|Substitute
|-damage|p2a: Kyurem|76/100
|move|p1a: Araquanid|Sticky Web|p2a: Kyurem
|-sidestart|p2: flagfrog|move: Sticky Web
|
|upkeep
|turn|2
|
|t:|1769408858
|move|p2a: Kyurem|Freeze-Dry|p1a: Araquanid
|-supereffective|p1a: Araquanid
|-damage|p1a: Araquanid|56/100
|-enditem|p1a: Araquanid|Red Card|[of] p2a: Kyurem
|drag|p2a: Zamazenta|Zamazenta|100/100
|-ability|p2a: Zamazenta|Dauntless Shield|boost
|-boost|p2a: Zamazenta|def|1
|move|p1a: Araquanid|Surf|p2a: Zamazenta
|-damage|p2a: Zamazenta|69/100
|
|upkeep
|turn|3
|
|t:|1769408868
|move|p2a: Zamazenta|Stone Edge|p1a: Araquanid
|-supereffective|p1a: Araquanid
|-damage|p1a: Araquanid|0 fnt
|faint|p1a: Araquanid
|
|upkeep
|
|t:|1769408874
|switch|p1a: Enamorus|Enamorus, F|100/100
|turn|4
|
|t:|1769408884
|switch|p2a: 寒言卜策|Slowking-Galar, M|100/100
|move|p1a: Enamorus|Earth Power|p2a: 寒言卜策
|-supereffective|p2a: 寒言卜策
|-damage|p2a: 寒言卜策|44/100
|
|upkeep
|turn|5
|
|t:|1769408902
|switch|p1a: Great Tusk|Great Tusk, shiny|100/100
|-enditem|p1a: Great Tusk|Booster Energy
|-activate|p1a: Great Tusk|ability: Protosynthesis|[fromitem]
|-start|p1a: Great Tusk|protosynthesisatk
|switch|p2a: Gliscor|Gliscor, F, shiny|100/100
|
|-status|p2a: Gliscor|tox|[from] item: Toxic Orb
|upkeep
|turn|6
|
|t:|1769408913
|switch|p2a: Sinistcha|Sinistcha-Masterpiece|100/100
|move|p1a: Great Tusk|Ice Spinner|p2a: Sinistcha
|-supereffective|p2a: Sinistcha
|-damage|p2a: Sinistcha|51/100
|
|upkeep
|turn|7
|
|t:|1769408929
|-end|p1a: Great Tusk|Protosynthesis|[silent]
|switch|p1a: Gholdengo|Gholdengo, shiny|100/100
|-item|p1a: Gholdengo|Air Balloon
|move|p2a: Sinistcha|Strength Sap|p1a: Gholdengo
|-immune|p1a: Gholdengo|[from] ability: Good as Gold
|
|upkeep
|turn|8
|
|t:|1769408944
|switch|p2a: Samurott|Samurott-Hisui, F|100/100
|move|p1a: Gholdengo|Dazzling Gleam|p2a: Samurott
|-supereffective|p2a: Samurott
|-damage|p2a: Samurott|23/100
|
|upkeep
|turn|9
|inactive|sunside moonside has 120 seconds left.
|
|t:|1769408966
|move|p2a: Samurott|Ceaseless Edge|p1a: Gholdengo
|-supereffective|p1a: Gholdengo
|-damage|p1a: Gholdengo|0 fnt
|-enditem|p1a: Gholdengo|Air Balloon
|-sidestart|p1: sunside moonside|Spikes
|faint|p1a: Gholdengo
|
|upkeep
|inactive|sunside moonside has 120 seconds left.
|
|t:|1769408984
|switch|p1a: Great Tusk|Great Tusk, shiny|100/100
|-damage|p1a: Great Tusk|88/100|[from] Spikes
|turn|10
|inactive|flagfrog has 120 seconds left.
|
|t:|1769409030
|switch|p2a: Sinistcha|Sinistcha-Masterpiece|51/100
|move|p1a: Great Tusk|Ice Spinner|p2a: Sinistcha
|-supereffective|p2a: Sinistcha
|-damage|p2a: Sinistcha|12/100
|
|upkeep
|turn|11
|inactive|sunside moonside has 120 seconds left.
|
|t:|1769409037
|move|p1a: Great Tusk|Ice Spinner|p2a: Sinistcha
|-supereffective|p2a: Sinistcha
|-damage|p2a: Sinistcha|0 fnt
|faint|p2a: Sinistcha
|
|upkeep
|
|t:|1769409049
|switch|p2a: Kyurem|Kyurem|76/100
|-ability|p2a: Kyurem|Pressure
|turn|12
|inactive|sunside moonside has 120 seconds left.
|
|t:|1769409074
|move|p1a: Great Tusk|Headlong Rush|p2a: Kyurem
|-damage|p2a: Kyurem|17/100
|-unboost|p1a: Great Tusk|def|1
|-unboost|p1a: Great Tusk|spd|1
|move|p2a: Kyurem|Freeze-Dry|p1a: Great Tusk
|-supereffective|p1a: Great Tusk
|-damage|p1a: Great Tusk|0 fnt
|faint|p1a: Great Tusk
|-end|p1a: Great Tusk|Protosynthesis|[silent]
|
|upkeep
|
|t:|1769409081
|switch|p1a: Enamorus|Enamorus, F|100/100
|turn|13
|inactive|sunside moonside has 120 seconds left.
|
|t:|1769409096
|switch|p2a: 寒言卜策|Slowking-Galar, M|78/100
|-terastallize|p1a: Enamorus|Fairy
|move|p1a: Enamorus|Moonblast|p2a: 寒言卜策
|-resisted|p2a: 寒言卜策
|-damage|p2a: 寒言卜策|48/100
|
|upkeep
|turn|14
|
|t:|1769409105
|switch|p1a: Glimmora|Glimmora, M, shiny|100/100
|-damage|p1a: Glimmora|88/100|[from] Spikes
|move|p2a: 寒言卜策|Thunder Wave|p1a: Glimmora
|-status|p1a: Glimmora|par
|
|upkeep
|turn|15
|
|t:|1769409123
|move|p1a: Glimmora|Meteor Beam||[still]
|-prepare|p1a: Glimmora|Meteor Beam
|-boost|p1a: Glimmora|spa|1
|-enditem|p1a: Glimmora|Power Herb
|-anim|p1a: Glimmora|Meteor Beam|p2a: 寒言卜策
|-damage|p2a: 寒言卜策|0 fnt
|faint|p2a: 寒言卜策
|
|upkeep
|inactive|flagfrog has 120 seconds left.
|inactive|flagfrog has 90 seconds left.
|
|t:|1769409170
|switch|p2a: Samurott|Samurott-Hisui, F|23/100
|turn|16
|
|t:|1769409177
|move|p2a: Samurott|Aqua Cutter|p1a: Glimmora
|-supereffective|p1a: Glimmora
|-damage|p1a: Glimmora|0 fnt
|-activate|p1a: Glimmora|ability: Toxic Debris
|-sidestart|p2: flagfrog|move: Toxic Spikes
|faint|p1a: Glimmora
|
|upkeep
|
|t:|1769409182
|switch|p1a: Enamorus|Enamorus, F, tera:Fairy|100/100
|-damage|p1a: Enamorus|88/100|[from] Spikes
|turn|17
|
|t:|1769409188
|move|p1a: Enamorus|Moonblast|p2a: Samurott
|-supereffective|p2a: Samurott
|-damage|p2a: Samurott|0 fnt
|faint|p2a: Samurott
|
|upkeep
|
|t:|1769409190
|switch|p2a: Gliscor|Gliscor, F, shiny|100/100 tox
|turn|18
|
|t:|1769409194
|move|p1a: Enamorus|Moonblast|p2a: Gliscor
|-damage|p2a: Gliscor|15/100 tox
|move|p2a: Gliscor|Stealth Rock|p1a: Enamorus
|-sidestart|p1: sunside moonside|move: Stealth Rock
|
|-heal|p2a: Gliscor|28/100 tox|[from] ability: Poison Heal
|upkeep
|turn|19
|
|t:|1769409202
|move|p1a: Enamorus|Moonblast|p2a: Gliscor
|-damage|p2a: Gliscor|0 fnt
|faint|p2a: Gliscor
|
|upkeep
|
|t:|1769409205
|switch|p2a: Zamazenta|Zamazenta|69/100
|turn|20
|
|t:|1769409209
|move|p2a: Zamazenta|Heavy Slam|p1a: Enamorus
|-supereffective|p1a: Enamorus
|-damage|p1a: Enamorus|0 fnt
|faint|p1a: Enamorus
|
|upkeep
|
|t:|1769409213
|switch|p1a: Dragonite|Dragonite, M, shiny|100/100
|-damage|p1a: Dragonite|76/100|[from] Stealth Rock
|turn|21
|
|t:|1769409218
|move|p2a: Zamazenta|Stone Edge|p1a: Dragonite
|-supereffective|p1a: Dragonite
|-damage|p1a: Dragonite|16/100
|move|p1a: Dragonite|Dragon Dance|p1a: Dragonite
|-boost|p1a: Dragonite|atk|1
|-boost|p1a: Dragonite|spe|1
|
|-heal|p1a: Dragonite|22/100|[from] item: Leftovers
|upkeep
|turn|22
|
|t:|1769409224
|-terastallize|p2a: Zamazenta|Steel
|move|p2a: Zamazenta|Crunch|p1a: Dragonite
|-damage|p1a: Dragonite|0 fnt
|faint|p1a: Dragonite
|
|win|flagfrog
|raw|sunside moonside's rating: 1302 &rarr; <strong>1282</strong><br />(-20 for losing)
|raw|flagfrog's rating: 1308 &rarr; <strong>1328</strong><br />(+20 for winning)
|c|☆flagfrog|gg
