|j|☆Barabas Dantioch
|j|☆InahaFrost
|t:|1769361387
|gametype|singles
|player|p1|Barabas Dantioch|ghetsis|1410
|player|p2|InahaFrost|n|1399
|gen|9
|tier|[Gen 9] OU
|rated|
|rule|HP Percentage Mod: HP is shown in percentages
|rule|Endless Battle Clause: Forcing endless battles is banned
|rule|Species Clause: Limit one of each Pokémon
|rule|OHKO Clause: OHKO moves are banned
|rule|Evasion Items Clause: Evasion items are banned
|rule|Evasion Moves Clause: Evasion moves are banned
|rule|Evasion Abilities Clause: Evasion abilities are banned
|rule|Sleep Moves Clause: Sleep-inducing moves are banned
|clearpoke
|poke|p1|Hydrapple, F|
|poke|p1|Slowking-Galar, F|
|poke|p1|Moltres|
|poke|p1|Kingambit, M|
|poke|p1|Great Tusk|
|poke|p1|Keldeo-Resolute|
|poke|p2|Tyranitar, M|
|poke|p2|Minior-Indigo|
|poke|p2|Garganacl, F|
|poke|p2|Ogerpon-Cornerstone, F|
|poke|p2|Iron Boulder|
|poke|p2|Kleavor, M|
|teampreview
|inactive|Battle timer is ON: inactive players will automatically lose when time's up. (requested by Barabas Dantioch)
|
|t:|1769361398
|teamsize|p1|6
|teamsize|p2|6
|start
|switch|p1a: Keldeo|Keldeo-Resolute|100/100
|switch|p2a: Ogerpon|Ogerpon-Cornerstone, F|100/100
|turn|1
|
|t:|1769361404
|move|p1a: Keldeo|Vacuum Wave|p2a: Ogerpon
|-supereffective|p2a: Ogerpon
|-damage|p2a: Ogerpon|50/100
|move|p2a: Ogerpon|Horn Leech|p1a: Keldeo
|-supereffective|p1a: Keldeo
|-damage|p1a: Keldeo|0 fnt
|-heal|p2a: Ogerpon|100/100|[from] drain|[of] p1a: Keldeo
|faint|p1a: Keldeo
|
|upkeep
|
|t:|1769361409
|switch|p1a: Hydrapple|Hydrapple, F|100/100
|turn|2
|
|t:|1769361416
|move|p2a: Ogerpon|Knock Off|p1a: Hydrapple
|-damage|p1a: Hydrapple|78/100
|-enditem|p1a: Hydrapple|Heavy-Duty Boots|[from] move: Knock Off|[of] p2a: Ogerpon
|move|p1a: Hydrapple|Giga Drain|p2a: Ogerpon
|-damage|p2a: Ogerpon|68/100
|-heal|p1a: Hydrapple|90/100|[from] drain|[of] p2a: Ogerpon
|
|upkeep
|turn|3
|
|t:|1769361425
|move|p2a: Ogerpon|Encore|p1a: Hydrapple
|-start|p1a: Hydrapple|Encore
|move|p1a: Hydrapple|Giga Drain|p2a: Ogerpon
|-damage|p2a: Ogerpon|34/100
|-heal|p1a: Hydrapple|100/100|[from] drain|[of] p2a: Ogerpon
|
|upkeep
|turn|4
|
|t:|1769361430
|switch|p2a: Minior|Minior-Indigo|100/100
|-formechange|p2a: Minior|Minior-Meteor||[from] ability: Shields Down
|move|p1a: Hydrapple|Giga Drain|p2a: Minior
|-damage|p2a: Minior|59/100
|
|upkeep
|turn|5
|
|t:|1769361437
|switch|p1a: Slowking|Slowking-Galar, F|100/100
|-terastallize|p2a: Minior|Flying
|move|p2a: Minior|Shell Smash|p2a: Minior
|-unboost|p2a: Minior|def|1
|-unboost|p2a: Minior|spd|1
|-boost|p2a: Minior|atk|2
|-boost|p2a: Minior|spa|2
|-boost|p2a: Minior|spe|2
|-enditem|p2a: Minior|White Herb
|-clearnegativeboost|p2a: Minior|[silent]
|
|upkeep
|turn|6
|
|t:|1769361443
|move|p2a: Minior|Scorching Sands|p1a: Slowking
|-supereffective|p1a: Slowking
|-damage|p1a: Slowking|68/100
|move|p1a: Slowking|Ice Beam|p2a: Minior
|-supereffective|p2a: Minior
|-damage|p2a: Minior|0 fnt
|faint|p2a: Minior
|
|upkeep
|
|t:|1769361449
|switch|p2a: Ogerpon|Ogerpon-Cornerstone, F|34/100
|turn|7
|
|t:|1769361452
|switch|p1a: Hydrapple|Hydrapple, F|100/100
|move|p2a: Ogerpon|Knock Off|p1a: Hydrapple
|-damage|p1a: Hydrapple|85/100
|
|upkeep
|turn|8
|
|t:|1769361454
|move|p2a: Ogerpon|Ivy Cudgel|p1a: Hydrapple|[anim] Ivy Cudgel Rock
|-damage|p1a: Hydrapple|54/100
|move|p1a: Hydrapple|Giga Drain|p2a: Ogerpon
|-damage|p2a: Ogerpon|0 fnt
|-heal|p1a: Hydrapple|67/100|[from] drain|[of] p2a: Ogerpon
|faint|p2a: Ogerpon
|
|upkeep
|
|t:|1769361463
|switch|p2a: Kleavor|Kleavor, M|100/100
|turn|9
|
|t:|1769361467
|switch|p1a: Great Tusk|Great Tusk|100/100
|move|p2a: Kleavor|Stone Axe|p1a: Great Tusk
|-resisted|p1a: Great Tusk
|-damage|p1a: Great Tusk|92/100
|-damage|p2a: Kleavor|84/100|[from] item: Rocky Helmet|[of] p1a: Great Tusk
|-sidestart|p1: Barabas Dantioch|move: Stealth Rock
|
|upkeep
|turn|10
|
|t:|1769361472
|switch|p2a: Garganacl|Garganacl, F|100/100
|move|p1a: Great Tusk|Stealth Rock|p2a: Garganacl
|-sidestart|p2: InahaFrost|move: Stealth Rock
|
|upkeep
|turn|11
|
|t:|1769361477
|move|p1a: Great Tusk|Rapid Spin|p2a: Garganacl
|-resisted|p2a: Garganacl
|-damage|p2a: Garganacl|96/100
|-boost|p1a: Great Tusk|spe|1
|-sideend|p1: Barabas Dantioch|Stealth Rock|[from] move: Rapid Spin|[of] p1a: Great Tusk
|move|p2a: Garganacl|Iron Defense|p2a: Garganacl
|-boost|p2a: Garganacl|def|2
|
|-heal|p2a: Garganacl|100/100|[from] item: Leftovers
|upkeep
|turn|12
|
|t:|1769361483
|-end|p1a: Great Tusk|Protosynthesis|[silent]
|switch|p1a: Hydrapple|Hydrapple, F|99/100
|move|p2a: Garganacl|Iron Defense|p2a: Garganacl
|-boost|p2a: Garganacl|def|2
|
|upkeep
|turn|13
|
|t:|1769361485
|move|p1a: Hydrapple|Nasty Plot|p1a: Hydrapple
|-boost|p1a: Hydrapple|spa|2
|move|p2a: Garganacl|Salt Cure|p1a: Hydrapple
|-damage|p1a: Hydrapple|93/100
|-start|p1a: Hydrapple|Salt Cure
|
|-damage|p1a: Hydrapple|80/100|[from] Salt Cure
|upkeep
|turn|14
|
|t:|1769361496
|move|p1a: Hydrapple|Giga Drain|p2a: Garganacl
|-supereffective|p2a: Garganacl
|-damage|p2a: Garganacl|19/100
|-heal|p1a: Hydrapple|100/100|[from] drain|[of] p2a: Garganacl
|move|p2a: Garganacl|Body Press|p1a: Hydrapple
|-damage|p1a: Hydrapple|62/100
|
|-heal|p2a: Garganacl|25/100|[from] item: Leftovers
|-damage|p1a: Hydrapple|50/100|[from] Salt Cure
|upkeep
|turn|15
|
|t:|1769361500
|move|p1a: Hydrapple|Giga Drain|p2a: Garganacl
|-supereffective|p2a: Garganacl
|-damage|p2a: Garganacl|0 fnt
|-heal|p1a: Hydrapple|62/100|[from] drain|[of] p2a: Garganacl
|faint|p2a: Garganacl
|
|-damage|p1a: Hydrapple|49/100|[from] Salt Cure
|upkeep
|
|t:|1769361502
|switch|p2a: Kleavor|Kleavor, M|84/100
|-damage|p2a: Kleavor|59/100|[from] Stealth Rock
|turn|16
|
|t:|1769361505
|switch|p1a: Great Tusk|Great Tusk|92/100
|move|p2a: Kleavor|U-turn|p1a: Great Tusk
|-resisted|p1a: Great Tusk
|-damage|p1a: Great Tusk|79/100
|-damage|p2a: Kleavor|43/100|[from] item: Rocky Helmet|[of] p1a: Great Tusk
|
|t:|1769361509
|switch|p2a: Iron Boulder|Iron Boulder|100/100|[from] U-turn
|-damage|p2a: Iron Boulder|88/100|[from] Stealth Rock
|-enditem|p2a: Iron Boulder|Booster Energy
|-activate|p2a: Iron Boulder|ability: Quark Drive|[fromitem]
|-start|p2a: Iron Boulder|quarkdrivespe
|
|upkeep
|turn|17
|
|t:|1769361513
|move|p2a: Iron Boulder|Swords Dance|p2a: Iron Boulder
|-boost|p2a: Iron Boulder|atk|2
|move|p1a: Great Tusk|Body Press|p2a: Iron Boulder
|-damage|p2a: Iron Boulder|24/100
|
|upkeep
|turn|18
|
|t:|1769361517
|move|p2a: Iron Boulder|Zen Headbutt|p1a: Great Tusk
|-supereffective|p1a: Great Tusk
|-damage|p1a: Great Tusk|2/100
|-damage|p2a: Iron Boulder|8/100|[from] item: Rocky Helmet|[of] p1a: Great Tusk
|move|p1a: Great Tusk|Body Press|p2a: Iron Boulder
|-damage|p2a: Iron Boulder|0 fnt
|faint|p2a: Iron Boulder
|-end|p2a: Iron Boulder|Quark Drive|[silent]
|
|upkeep
|-message|InahaFrost forfeited.
|
|win|Barabas Dantioch
|raw|Barabas Dantioch's rating: 1410 &rarr; <strong>1429</strong><br />(+19 for winning)
|raw|InahaFrost's rating: 1399 &rarr; <strong>1380</strong><br />(-19 for losing)
|l|☆InahaFrost
|player|p2|
|l|☆Barabas Dantioch
|player|p1|
