|j|☆Srposi
|j|☆its called
|t:|1769376542
|gametype|singles
|player|p1|Srposi|2|1185
|player|p2|its called|blue|1205
|gen|9
|tier|[Gen 9] OU
|rated|
|rule|HP Percentage Mod: HP is shown in percentages
|rule|Endless Battle Clause: Forcing endless battles is banned
|rule|Species Clause: Limit one of each Pokémon
|rule|OHKO Clause: OHKO moves are banned
|rule|Evasion Items Clause: Evasion items are banned
|rule|Evasion Moves Clause: Evasion moves are banned
|rule|Evasion Abilities Clause: Evasion abilities are banned
|rule|Sleep Moves Clause: Sleep-inducing moves are banned
|clearpoke
|poke|p1|Keldeo-Resolute|
|poke|p1|Rillaboom, M|
|poke|p1|Clodsire, F|
|poke|p1|Armarouge, M|
|poke|p1|Cyclizar, M|
|poke|p1|Hydreigon, F|
|poke|p2|Alomomola, M|
|poke|p2|Blissey, F|
|poke|p2|Clodsire, M|
|poke|p2|Gliscor, F|
|poke|p2|Dondozo, F|
|poke|p2|Muk, F|
|teampreview
|inactive|Battle timer is ON: inactive players will automatically lose when time's up. (requested by its called)
|
|t:|1769376551
|teamsize|p1|6
|teamsize|p2|6
|start
|switch|p1a: Keldeo|Keldeo-Resolute|100/100
|switch|p2a: Gliscor|Gliscor, F|100/100
|turn|1
|
|t:|1769376556
|move|p2a: Gliscor|Protect|p2a: Gliscor
|-singleturn|p2a: Gliscor|Protect
|move|p1a: Keldeo|Surf|p2a: Gliscor
|-activate|p2a: Gliscor|move: Protect
|
|-status|p2a: Gliscor|tox|[from] item: Toxic Orb
|upkeep
|turn|2
|
|t:|1769376571
|switch|p1a: Rillaboom|Rillaboom, M|100/100
|-fieldstart|move: Grassy Terrain|[from] ability: Grassy Surge|[of] p1a: Rillaboom
|switch|p2a: Alomomola|Alomomola, M|100/100
|
|upkeep
|turn|3
|
|t:|1769376579
|move|p2a: Alomomola|Protect|p2a: Alomomola
|-singleturn|p2a: Alomomola|Protect
|move|p1a: Rillaboom|U-turn|p2a: Alomomola
|-activate|p2a: Alomomola|move: Protect
|
|upkeep
|turn|4
|
|t:|1769376587
|switch|p2a: Gliscor|Gliscor, F|100/100 tox
|move|p1a: Rillaboom|U-turn|p2a: Gliscor
|-resisted|p2a: Gliscor
|-damage|p2a: Gliscor|89/100 tox
|
|t:|1769376603
|switch|p1a: Keldeo|Keldeo-Resolute|100/100|[from] U-turn
|
|-heal|p2a: Gliscor|100/100 tox|[from] ability: Poison Heal
|upkeep
|turn|5
|
|t:|1769376611
|switch|p1a: Hydreigon|Hydreigon, F|100/100
|switch|p2a: Alomomola|Alomomola, M|100/100
|
|upkeep
|turn|6
|
|t:|1769376618
|switch|p2a: Blissey|Blissey, F|100/100
|move|p1a: Hydreigon|Dark Pulse|p2a: Blissey
|-damage|p2a: Blissey|82/100
|
|-heal|p2a: Blissey|88/100|[from] Grassy Terrain
|-fieldend|move: Grassy Terrain
|upkeep
|turn|7
|
|t:|1769376627
|switch|p1a: Clodsire|Clodsire, F|100/100
|move|p2a: Blissey|Stealth Rock|p1a: Clodsire
|-sidestart|p1: Srposi|move: Stealth Rock
|
|upkeep
|turn|8
|
|t:|1769376635
|switch|p2a: Gliscor|Gliscor, F|100/100 tox
|move|p1a: Clodsire|Stealth Rock|p2a: Gliscor
|-sidestart|p2: its called|move: Stealth Rock
|
|upkeep
|turn|9
|
|t:|1769376643
|switch|p1a: Rillaboom|Rillaboom, M|100/100
|-damage|p1a: Rillaboom|88/100|[from] Stealth Rock
|-fieldstart|move: Grassy Terrain|[from] ability: Grassy Surge|[of] p1a: Rillaboom
|move|p2a: Gliscor|Spikes|p1a: Rillaboom
|-sidestart|p1: Srposi|Spikes
|
|-heal|p1a: Rillaboom|94/100|[from] Grassy Terrain
|upkeep
|turn|10
|
|t:|1769376654
|switch|p1a: Cyclizar|Cyclizar, M|100/100
|-damage|p1a: Cyclizar|88/100|[from] Stealth Rock
|-damage|p1a: Cyclizar|76/100|[from] Spikes
|move|p2a: Gliscor|Protect||[still]
|-fail|p2a: Gliscor
|
|-heal|p1a: Cyclizar|82/100|[from] Grassy Terrain
|-heal|p1a: Cyclizar|88/100|[from] item: Leftovers
|upkeep
|turn|11
|
|t:|1769376664
|move|p1a: Cyclizar|Rapid Spin|p2a: Gliscor
|-damage|p2a: Gliscor|87/100 tox
|-boost|p1a: Cyclizar|spe|1
|-sideend|p1: Srposi|Spikes|[from] move: Rapid Spin|[of] p1a: Cyclizar
|-sideend|p1: Srposi|Stealth Rock|[from] move: Rapid Spin|[of] p1a: Cyclizar
|move|p2a: Gliscor|Knock Off|p1a: Cyclizar
|-damage|p1a: Cyclizar|52/100
|-enditem|p1a: Cyclizar|Leftovers|[from] move: Knock Off|[of] p2a: Gliscor
|
|-heal|p1a: Cyclizar|59/100|[from] Grassy Terrain
|-heal|p2a: Gliscor|99/100 tox|[from] ability: Poison Heal
|upkeep
|turn|12
|
|t:|1769376688
|switch|p1a: Hydreigon|Hydreigon, F|100/100
|move|p2a: Gliscor|Spikes|p1a: Hydreigon
|-sidestart|p1: Srposi|Spikes
|
|-heal|p2a: Gliscor|100/100 tox|[from] ability: Poison Heal
|upkeep
|turn|13
|
|t:|1769376697
|switch|p1a: Rillaboom|Rillaboom, M|94/100
|-damage|p1a: Rillaboom|82/100|[from] Spikes
|move|p2a: Gliscor|Protect||[still]
|-fail|p2a: Gliscor
|
|-heal|p1a: Rillaboom|88/100|[from] Grassy Terrain
|-fieldend|move: Grassy Terrain
|upkeep
|turn|14
|
|t:|1769376708
|move|p2a: Gliscor|Protect|p2a: Gliscor
|-singleturn|p2a: Gliscor|Protect
|move|p1a: Rillaboom|Wood Hammer|p2a: Gliscor
|-activate|p2a: Gliscor|move: Protect
|
|upkeep
|turn|15
|
|t:|1769376715
|move|p1a: Rillaboom|Wood Hammer|p2a: Gliscor
|-damage|p2a: Gliscor|39/100 tox
|-damage|p1a: Rillaboom|67/100|[from] Recoil
|move|p2a: Gliscor|Knock Off|p1a: Rillaboom
|-damage|p1a: Rillaboom|44/100
|-enditem|p1a: Rillaboom|Choice Band|[from] move: Knock Off|[of] p2a: Gliscor
|
|-heal|p2a: Gliscor|51/100 tox|[from] ability: Poison Heal
|upkeep
|turn|16
|
|t:|1769376728
|switch|p1a: Cyclizar|Cyclizar, M|92/100
|-damage|p1a: Cyclizar|79/100|[from] Spikes
|move|p2a: Gliscor|Protect||[still]
|-fail|p2a: Gliscor
|
|-heal|p2a: Gliscor|64/100 tox|[from] ability: Poison Heal
|upkeep
|turn|17
|
|t:|1769376736
|move|p2a: Gliscor|Protect|p2a: Gliscor
|-singleturn|p2a: Gliscor|Protect
|move|p1a: Cyclizar|Taunt|p2a: Gliscor
|-activate|p2a: Gliscor|move: Protect
|
|-heal|p2a: Gliscor|76/100 tox|[from] ability: Poison Heal
|upkeep
|turn|18
|
|t:|1769376746
|move|p1a: Cyclizar|Rapid Spin|p2a: Gliscor
|-damage|p2a: Gliscor|64/100 tox
|-boost|p1a: Cyclizar|spe|1
|-sideend|p1: Srposi|Spikes|[from] move: Rapid Spin|[of] p1a: Cyclizar
|move|p2a: Gliscor|Poison Jab|p1a: Cyclizar
|-damage|p1a: Cyclizar|48/100
|
|-heal|p2a: Gliscor|77/100 tox|[from] ability: Poison Heal
|upkeep
|turn|19
|
|t:|1769376758
|switch|p1a: Keldeo|Keldeo-Resolute|100/100
|move|p2a: Gliscor|Spikes|p1a: Keldeo
|-sidestart|p1: Srposi|Spikes
|
|-heal|p2a: Gliscor|89/100 tox|[from] ability: Poison Heal
|upkeep
|turn|20
|
|t:|1769376779
|switch|p1a: Rillaboom|Rillaboom, M|44/100
|-damage|p1a: Rillaboom|32/100|[from] Spikes
|-fieldstart|move: Grassy Terrain|[from] ability: Grassy Surge|[of] p1a: Rillaboom
|switch|p2a: Alomomola|Alomomola, M|100/100
|
|-heal|p1a: Rillaboom|38/100|[from] Grassy Terrain
|upkeep
|turn|21
|
|t:|1769376796
|switch|p2a: Muk|Muk, F|100/100
|move|p1a: Rillaboom|U-turn|p2a: Muk
|-resisted|p2a: Muk
|-damage|p2a: Muk|91/100
|inactive|Srposi has 120 seconds left.
|
|t:|1769376814
|switch|p1a: Keldeo|Keldeo-Resolute|100/100|[from] U-turn
|-damage|p1a: Keldeo|88/100|[from] Spikes
|
|-heal|p1a: Keldeo|94/100|[from] Grassy Terrain
|-heal|p2a: Muk|97/100|[from] Grassy Terrain
|upkeep
|turn|22
|inactive|Srposi has 120 seconds left.
|
|t:|1769376821
|switch|p2a: Alomomola|Alomomola, M|100/100
|move|p1a: Keldeo|Flip Turn|p2a: Alomomola
|-resisted|p2a: Alomomola
|-damage|p2a: Alomomola|97/100
|inactive|Srposi has 120 seconds left.
|
|t:|1769376832
|switch|p1a: Hydreigon|Hydreigon, F|100/100|[from] Flip Turn
|
|-heal|p2a: Alomomola|100/100|[from] Grassy Terrain
|upkeep
|turn|23
|inactive|Srposi has 120 seconds left.
|
|t:|1769376840
|switch|p2a: Blissey|Blissey, F|88/100
|move|p1a: Hydreigon|Draco Meteor|p2a: Blissey|[miss]
|-miss|p1a: Hydreigon|p2a: Blissey
|
|-heal|p2a: Blissey|94/100|[from] Grassy Terrain
|upkeep
|turn|24
|
|t:|1769376847
|move|p1a: Hydreigon|Draco Meteor|p2a: Blissey
|-damage|p2a: Blissey|62/100
|-unboost|p1a: Hydreigon|spa|2
|move|p2a: Blissey|Stealth Rock|p1a: Hydreigon
|-sidestart|p1: Srposi|move: Stealth Rock
|
|-heal|p2a: Blissey|68/100|[from] Grassy Terrain
|-fieldend|move: Grassy Terrain
|upkeep
|turn|25
|
|t:|1769376857
|switch|p1a: Cyclizar|Cyclizar, M|81/100
|-damage|p1a: Cyclizar|69/100|[from] Spikes
|-damage|p1a: Cyclizar|56/100|[from] Stealth Rock
|move|p2a: Blissey|Seismic Toss|p1a: Cyclizar
|-damage|p1a: Cyclizar|21/100
|
|upkeep
|turn|26
|
|t:|1769376873
|-terastallize|p2a: Blissey|Ghost
|move|p1a: Cyclizar|U-turn|p2a: Blissey
|-resisted|p2a: Blissey
|-damage|p2a: Blissey|57/100
|inactive|Srposi has 120 seconds left.
|
|t:|1769376884
|switch|p1a: Clodsire|Clodsire, F|100/100|[from] U-turn
|-damage|p1a: Clodsire|88/100|[from] Spikes
|-damage|p1a: Clodsire|82/100|[from] Stealth Rock
|move|p2a: Blissey|Seismic Toss|p1a: Clodsire
|-damage|p1a: Clodsire|57/100
|
|-heal|p1a: Clodsire|63/100|[from] item: Black Sludge
|upkeep
|turn|27
|inactive|Srposi has 120 seconds left.
|
|t:|1769376902
|switch|p1a: Keldeo|Keldeo-Resolute|94/100
|-damage|p1a: Keldeo|82/100|[from] Spikes
|-damage|p1a: Keldeo|76/100|[from] Stealth Rock
|move|p2a: Blissey|Soft-Boiled|p2a: Blissey
|-heal|p2a: Blissey|100/100
|
|upkeep
|turn|28
|inactive|Srposi has 120 seconds left.
|
|t:|1769376920
|move|p1a: Keldeo|Flip Turn|p2a: Blissey
|-damage|p2a: Blissey|85/100
|
|t:|1769376924
|switch|p1a: Hydreigon|Hydreigon, F|100/100|[from] Flip Turn
|-damage|p1a: Hydreigon|88/100|[from] Stealth Rock
|move|p2a: Blissey|Seismic Toss|p1a: Hydreigon
|-damage|p1a: Hydreigon|57/100
|
|upkeep
|turn|29
|inactive|Srposi has 120 seconds left.
|
|t:|1769376933
|move|p1a: Hydreigon|Dark Pulse|p2a: Blissey
|-supereffective|p2a: Blissey
|-damage|p2a: Blissey|49/100
|move|p2a: Blissey|Seismic Toss|p1a: Hydreigon
|-damage|p1a: Hydreigon|27/100
|
|upkeep
|turn|30
|
|t:|1769376943
|move|p1a: Hydreigon|Dark Pulse|p2a: Blissey
|-supereffective|p2a: Blissey
|-damage|p2a: Blissey|15/100
|cant|p2a: Blissey|flinch
|
|upkeep
|turn|31
|-message|its called forfeited.
|
|win|Srposi
|raw|Srposi's rating: 1185 &rarr; <strong>1211</strong><br />(+26 for winning)
|raw|its called's rating: 1205 &rarr; <strong>1179</strong><br />(-26 for losing)
|l|☆its called
|player|p2|
|l|☆Srposi
|player|p1|
