|j|☆Evioliths for win
|j|☆John orb
|t:|1769367922
|gametype|singles
|player|p1|Evioliths for win|ninjaboy|1212
|player|p2|John orb|li|1265
|gen|9
|tier|[Gen 9] OU
|rated|
|rule|HP Percentage Mod: HP is shown in percentages
|rule|Endless Battle Clause: Forcing endless battles is banned
|rule|Species Clause: Limit one of each Pokémon
|rule|OHKO Clause: OHKO moves are banned
|rule|Evasion Items Clause: Evasion items are banned
|rule|Evasion Moves Clause: Evasion moves are banned
|rule|Evasion Abilities Clause: Evasion abilities are banned
|rule|Sleep Moves Clause: Sleep-inducing moves are banned
|clearpoke
|poke|p1|Darkrai|
|poke|p1|Gliscor, F|
|poke|p1|Goodra, M|
|poke|p1|Weezing-Galar, F|
|poke|p1|Vikavolt, F|
|poke|p1|Naclstack, M|
|poke|p2|Glastrier|
|poke|p2|Gholdengo|
|poke|p2|Landorus-Therian, M|
|poke|p2|Cinderace, M|
|poke|p2|Iron Valiant|
|poke|p2|Deoxys-Speed|
|teampreview
|
|t:|1769367927
|teamsize|p1|6
|teamsize|p2|6
|start
|switch|p1a: Vikavolt|Vikavolt, F|100/100
|switch|p2a: Deoxys|Deoxys-Speed|100/100
|-ability|p2a: Deoxys|Pressure
|turn|1
|
|t:|1769367934
|move|p2a: Deoxys|Spikes|p1a: Vikavolt
|-sidestart|p1: Evioliths for win|Spikes
|move|p1a: Vikavolt|Sticky Web|p2a: Deoxys
|-sidestart|p2: John orb|move: Sticky Web
|
|upkeep
|turn|2
|
|t:|1769367942
|move|p2a: Deoxys|Spikes|p1a: Vikavolt
|-sidestart|p1: Evioliths for win|Spikes
|move|p1a: Vikavolt|Bug Buzz|p2a: Deoxys
|-supereffective|p2a: Deoxys
|-damage|p2a: Deoxys|0 fnt
|faint|p2a: Deoxys
|
|upkeep
|
|t:|1769367950
|switch|p2a: Glastrier|Glastrier|100/100
|-activate|p2a: Glastrier|move: Sticky Web
|-unboost|p2a: Glastrier|spe|1
|turn|3
|
|t:|1769367955
|move|p1a: Vikavolt|Thunderbolt|p2a: Glastrier
|-damage|p2a: Glastrier|67/100
|move|p2a: Glastrier|Curse|p2a: Glastrier
|-unboost|p2a: Glastrier|spe|1
|-boost|p2a: Glastrier|atk|1
|-boost|p2a: Glastrier|def|1
|
|-heal|p2a: Glastrier|74/100|[from] item: Leftovers
|upkeep
|turn|4
|
|t:|1769367959
|move|p1a: Vikavolt|Thunderbolt|p2a: Glastrier
|-damage|p2a: Glastrier|40/100
|move|p2a: Glastrier|Curse|p2a: Glastrier
|-unboost|p2a: Glastrier|spe|1
|-boost|p2a: Glastrier|atk|1
|-boost|p2a: Glastrier|def|1
|
|-heal|p2a: Glastrier|46/100|[from] item: Leftovers
|upkeep
|turn|5
|
|t:|1769367961
|move|p1a: Vikavolt|Thunderbolt|p2a: Glastrier
|-damage|p2a: Glastrier|17/100
|move|p2a: Glastrier|Rest|p2a: Glastrier
|-status|p2a: Glastrier|slp|[from] move: Rest
|-heal|p2a: Glastrier|100/100 slp|[silent]
|
|upkeep
|turn|6
|
|t:|1769367967
|move|p1a: Vikavolt|Thunderbolt|p2a: Glastrier
|-damage|p2a: Glastrier|66/100 slp
|cant|p2a: Glastrier|slp
|
|-heal|p2a: Glastrier|73/100 slp|[from] item: Leftovers
|upkeep
|turn|7
|
|t:|1769367969
|move|p1a: Vikavolt|Thunderbolt|p2a: Glastrier
|-damage|p2a: Glastrier|40/100 slp
|cant|p2a: Glastrier|slp
|
|-heal|p2a: Glastrier|46/100 slp|[from] item: Leftovers
|upkeep
|turn|8
|
|t:|1769367971
|move|p1a: Vikavolt|Thunderbolt|p2a: Glastrier
|-damage|p2a: Glastrier|14/100 slp
|-curestatus|p2a: Glastrier|slp|[msg]
|move|p2a: Glastrier|Rest|p2a: Glastrier
|-status|p2a: Glastrier|slp|[from] move: Rest
|-heal|p2a: Glastrier|100/100 slp|[silent]
|
|upkeep
|turn|9
|
|t:|1769367975
|move|p1a: Vikavolt|Thunderbolt|p2a: Glastrier
|-damage|p2a: Glastrier|67/100 slp
|cant|p2a: Glastrier|slp
|
|-heal|p2a: Glastrier|74/100 slp|[from] item: Leftovers
|upkeep
|turn|10
|
|t:|1769367977
|move|p1a: Vikavolt|Thunderbolt|p2a: Glastrier
|-damage|p2a: Glastrier|42/100 slp
|cant|p2a: Glastrier|slp
|
|-heal|p2a: Glastrier|48/100 slp|[from] item: Leftovers
|upkeep
|turn|11
|
|t:|1769367979
|move|p1a: Vikavolt|Thunderbolt|p2a: Glastrier
|-damage|p2a: Glastrier|17/100 slp
|-curestatus|p2a: Glastrier|slp|[msg]
|move|p2a: Glastrier|Rest|p2a: Glastrier
|-status|p2a: Glastrier|slp|[from] move: Rest
|-heal|p2a: Glastrier|100/100 slp|[silent]
|
|upkeep
|turn|12
|
|t:|1769367983
|move|p1a: Vikavolt|Thunderbolt|p2a: Glastrier
|-damage|p2a: Glastrier|66/100 slp
|cant|p2a: Glastrier|slp
|
|-heal|p2a: Glastrier|72/100 slp|[from] item: Leftovers
|upkeep
|turn|13
|
|t:|1769367985
|move|p1a: Vikavolt|Thunderbolt|p2a: Glastrier
|-damage|p2a: Glastrier|42/100 slp
|cant|p2a: Glastrier|slp
|
|-heal|p2a: Glastrier|48/100 slp|[from] item: Leftovers
|upkeep
|turn|14
|
|t:|1769367987
|move|p1a: Vikavolt|Thunderbolt|p2a: Glastrier
|-damage|p2a: Glastrier|17/100 slp
|-curestatus|p2a: Glastrier|slp|[msg]
|move|p2a: Glastrier|Rest|p2a: Glastrier
|-status|p2a: Glastrier|slp|[from] move: Rest
|-heal|p2a: Glastrier|100/100 slp|[silent]
|
|upkeep
|turn|15
|
|t:|1769367989
|move|p1a: Vikavolt|Bug Buzz|p2a: Glastrier
|-damage|p2a: Glastrier|69/100 slp
|cant|p2a: Glastrier|slp
|
|-heal|p2a: Glastrier|75/100 slp|[from] item: Leftovers
|upkeep
|turn|16
|
|t:|1769367992
|move|p1a: Vikavolt|Bug Buzz|p2a: Glastrier
|-damage|p2a: Glastrier|41/100 slp
|cant|p2a: Glastrier|slp
|
|-heal|p2a: Glastrier|47/100 slp|[from] item: Leftovers
|upkeep
|turn|17
|
|t:|1769367994
|move|p1a: Vikavolt|Bug Buzz|p2a: Glastrier
|-damage|p2a: Glastrier|13/100 slp
|-curestatus|p2a: Glastrier|slp|[msg]
|move|p2a: Glastrier|Icicle Crash|p1a: Vikavolt
|-enditem|p1a: Vikavolt|Focus Sash
|-damage|p1a: Vikavolt|1/100
|
|-heal|p2a: Glastrier|20/100|[from] item: Leftovers
|upkeep
|turn|18
|-message|John orb forfeited.
|
|win|Evioliths for win
|raw|Evioliths for win's rating: 1212 &rarr; <strong>1241</strong><br />(+29 for winning)
|raw|John orb's rating: 1265 &rarr; <strong>1236</strong><br />(-29 for losing)
|l|☆John orb
|player|p2|
|l|☆Evioliths for win
|player|p1|
