|j|☆Dhoom Again
|j|☆lsb_0
|t:|1769440897
|gametype|singles
|player|p1|Dhoom Again|argenta|1502
|player|p2|lsb_0|zinzolin|1469
|gen|9
|tier|[Gen 9] OU
|rated|
|rule|HP Percentage Mod: HP is shown in percentages
|rule|Endless Battle Clause: Forcing endless battles is banned
|rule|Species Clause: Limit one of each Pokémon
|rule|OHKO Clause: OHKO moves are banned
|rule|Evasion Items Clause: Evasion items are banned
|rule|Evasion Moves Clause: Evasion moves are banned
|rule|Evasion Abilities Clause: Evasion abilities are banned
|rule|Sleep Moves Clause: Sleep-inducing moves are banned
|clearpoke
|poke|p1|Grimmsnarl, M|
|poke|p1|Gholdengo|
|poke|p1|Garchomp, F|
|poke|p1|Ogerpon, F|
|poke|p1|Iron Valiant|
|poke|p1|Primarina, M|
|poke|p2|Indeedee, M|
|poke|p2|Hatterene, F|
|poke|p2|Ursaluna, F|
|poke|p2|Iron Hands|
|poke|p2|Hoopa-Unbound|
|poke|p2|Mimikyu, F|
|teampreview
|inactive|Battle timer is ON: inactive players will automatically lose when time's up. (requested by lsb_0)
|
|t:|1769440931
|teamsize|p1|6
|teamsize|p2|6
|start
|switch|p1a: PataPataPatapon|Ogerpon, F|100/100
|switch|p2a: LEBRON|Iron Hands, shiny|100/100
|-enditem|p2a: LEBRON|Booster Energy
|-activate|p2a: LEBRON|ability: Quark Drive|[fromitem]
|-start|p2a: LEBRON|quarkdriveatk
|turn|1
|
|t:|1769440945
|move|p1a: PataPataPatapon|U-turn|p2a: LEBRON
|-resisted|p2a: LEBRON
|-damage|p2a: LEBRON|88/100
|
|t:|1769440953
|switch|p1a: Cielo|Gholdengo|100/100|[from] U-turn
|move|p2a: LEBRON|Ice Punch|p1a: Cielo
|-resisted|p1a: Cielo
|-damage|p1a: Cielo|78/100
|
|upkeep
|turn|2
|
|t:|1769440961
|move|p1a: Cielo|Make It Rain|p2a: LEBRON
|-resisted|p2a: LEBRON
|-damage|p2a: LEBRON|52/100
|-unboost|p1a: Cielo|spa|1
|move|p2a: LEBRON|Supercell Slam|p1a: Cielo
|-damage|p1a: Cielo|0 fnt
|faint|p1a: Cielo
|
|upkeep
|
|t:|1769440965
|switch|p1a: Ouch|Garchomp, F|100/100
|turn|3
|
|t:|1769440973
|-terastallize|p2a: LEBRON|Flying
|move|p1a: Ouch|Earthquake|p2a: LEBRON
|-immune|p2a: LEBRON
|move|p2a: LEBRON|Ice Punch|p1a: Ouch
|-supereffective|p1a: Ouch
|-damage|p1a: Ouch|6/100
|-damage|p2a: LEBRON|40/100|[from] ability: Rough Skin|[of] p1a: Ouch
|-damage|p2a: LEBRON|23/100|[from] item: Rocky Helmet|[of] p1a: Ouch
|
|upkeep
|turn|4
|
|t:|1769440979
|move|p1a: Ouch|Stealth Rock|p2a: LEBRON
|-sidestart|p2: lsb_0|move: Stealth Rock
|move|p2a: LEBRON|Ice Punch|p1a: Ouch
|-supereffective|p1a: Ouch
|-damage|p1a: Ouch|0 fnt
|-damage|p2a: LEBRON|10/100|[from] ability: Rough Skin|[of] p1a: Ouch
|-damage|p2a: LEBRON|0 fnt|[from] item: Rocky Helmet|[of] p1a: Ouch
|faint|p1a: Ouch
|faint|p2a: LEBRON
|-end|p2a: LEBRON|Quark Drive|[silent]
|
|upkeep
|
|t:|1769440990
|switch|p1a: Protoman|Iron Valiant|100/100
|switch|p2a: Mimi|Mimikyu, F, shiny|100/100
|-damage|p2a: Mimi|88/100|[from] Stealth Rock
|turn|5
|
|t:|1769440994
|move|p1a: Protoman|Knock Off|p2a: Mimi
|-activate|p2a: Mimi|ability: Disguise
|-damage|p2a: Mimi|88/100
|-enditem|p2a: Mimi|Red Card|[from] move: Knock Off|[of] p1a: Protoman
|detailschange|p2a: Mimi|Mimikyu-Busted, F, shiny
|-damage|p2a: Mimi|76/100|[from] pokemon: Mimikyu-Busted
|move|p2a: Mimi|Trick Room|p2a: Mimi
|-fieldstart|move: Trick Room|[of] p2a: Mimi
|
|upkeep
|turn|6
|
|t:|1769441006
|move|p2a: Mimi|Destiny Bond|p2a: Mimi
|-singlemove|p2a: Mimi|Destiny Bond
|move|p1a: Protoman|Knock Off|p2a: Mimi
|-damage|p2a: Mimi|58/100
|
|upkeep
|turn|7
|
|t:|1769441020
|move|p2a: Mimi|Play Rough|p1a: Protoman
|-supereffective|p1a: Protoman
|-damage|p1a: Protoman|30/100
|move|p1a: Protoman|Knock Off|p2a: Mimi
|-damage|p2a: Mimi|41/100
|
|upkeep
|turn|8
|
|t:|1769441029
|-end|p1a: Protoman|Quark Drive|[silent]
|switch|p1a: Sound the Alarm|Primarina, M|100/100
|move|p2a: Mimi|Play Rough|p1a: Sound the Alarm
|-damage|p1a: Sound the Alarm|76/100
|
|-heal|p1a: Sound the Alarm|82/100|[from] item: Leftovers
|upkeep
|turn|9
|
|t:|1769441033
|move|p1a: Sound the Alarm|Substitute|p1a: Sound the Alarm
|-start|p1a: Sound the Alarm|Substitute
|-damage|p1a: Sound the Alarm|57/100
|move|p2a: Mimi|Destiny Bond|p2a: Mimi
|-singlemove|p2a: Mimi|Destiny Bond
|
|-heal|p1a: Sound the Alarm|63/100|[from] item: Leftovers
|-fieldend|move: Trick Room
|upkeep
|turn|10
|
|t:|1769441037
|move|p1a: Sound the Alarm|Calm Mind|p1a: Sound the Alarm
|-boost|p1a: Sound the Alarm|spa|1
|-boost|p1a: Sound the Alarm|spd|1
|move|p2a: Mimi|Trick Room|p2a: Mimi
|-fieldstart|move: Trick Room|[of] p2a: Mimi
|
|-heal|p1a: Sound the Alarm|69/100|[from] item: Leftovers
|upkeep
|turn|11
|
|t:|1769441041
|move|p1a: Sound the Alarm|Calm Mind|p1a: Sound the Alarm
|-boost|p1a: Sound the Alarm|spa|1
|-boost|p1a: Sound the Alarm|spd|1
|move|p2a: Mimi|Curse|p1a: Sound the Alarm
|-start|p1a: Sound the Alarm|Curse|[of] p2a: Mimi
|-damage|p2a: Mimi|0 fnt
|faint|p2a: Mimi
|
|-heal|p1a: Sound the Alarm|75/100|[from] item: Leftovers
|-damage|p1a: Sound the Alarm|50/100|[from] Curse
|upkeep
|
|t:|1769441055
|switch|p2a: Subaru|Indeedee, M, shiny|100/100
|-damage|p2a: Subaru|88/100|[from] Stealth Rock
|-fieldstart|move: Psychic Terrain|[from] ability: Psychic Surge|[of] p2a: Subaru
|turn|12
|
|t:|1769441060
|move|p1a: Sound the Alarm|Draining Kiss|p2a: Subaru
|-damage|p2a: Subaru|43/100
|-heal|p1a: Sound the Alarm|80/100|[from] drain|[of] p2a: Subaru
|move|p2a: Subaru|Encore|p1a: Sound the Alarm
|-start|p1a: Sound the Alarm|Encore
|
|-heal|p1a: Sound the Alarm|86/100|[from] item: Leftovers
|-damage|p1a: Sound the Alarm|61/100|[from] Curse
|upkeep
|turn|13
|
|t:|1769441065
|switch|p2a: Satella|Hatterene, F, shiny|100/100
|-damage|p2a: Satella|88/100|[from] Stealth Rock
|move|p1a: Sound the Alarm|Draining Kiss|p2a: Satella
|-crit|p2a: Satella
|-damage|p2a: Satella|19/100
|-heal|p1a: Sound the Alarm|100/100|[from] drain|[of] p2a: Satella
|
|-damage|p1a: Sound the Alarm|75/100|[from] Curse
|upkeep
|turn|14
|
|t:|1769441075
|move|p2a: Satella|Expanding Force|p1a: Sound the Alarm
|-end|p1a: Sound the Alarm|Substitute
|-damage|p2a: Satella|9/100|[from] item: Life Orb
|move|p1a: Sound the Alarm|Draining Kiss|p2a: Satella
|-damage|p2a: Satella|0 fnt
|-heal|p1a: Sound the Alarm|81/100|[from] drain|[of] p2a: Satella
|faint|p2a: Satella
|
|-heal|p1a: Sound the Alarm|87/100|[from] item: Leftovers
|-damage|p1a: Sound the Alarm|62/100|[from] Curse
|-fieldend|move: Trick Room
|upkeep
|
|t:|1769441081
|switch|p2a: Subaru|Indeedee, M, shiny|43/100
|-damage|p2a: Subaru|31/100|[from] Stealth Rock
|turn|15
|
|t:|1769441083
|move|p1a: Sound the Alarm|Draining Kiss|p2a: Subaru
|-damage|p2a: Subaru|0 fnt
|-heal|p1a: Sound the Alarm|82/100|[from] drain|[of] p2a: Subaru
|faint|p2a: Subaru
|
|-heal|p1a: Sound the Alarm|88/100|[from] item: Leftovers
|-damage|p1a: Sound the Alarm|63/100|[from] Curse
|-end|p1a: Sound the Alarm|Encore
|upkeep
|
|t:|1769441086
|switch|p2a: Crashout YN|Ursaluna, F, shiny|100/100
|-damage|p2a: Crashout YN|94/100|[from] Stealth Rock
|turn|16
|
|t:|1769441092
|move|p1a: Sound the Alarm|Psychic Noise|p2a: Crashout YN
|-supereffective|p2a: Crashout YN
|-damage|p2a: Crashout YN|0 fnt
|faint|p2a: Crashout YN
|
|-heal|p1a: Sound the Alarm|69/100|[from] item: Leftovers
|-damage|p1a: Sound the Alarm|44/100|[from] Curse
|upkeep
|
|t:|1769441098
|switch|p2a: King Von|Hoopa-Unbound|100/100
|-damage|p2a: King Von|88/100|[from] Stealth Rock
|-enditem|p2a: King Von|Psychic Seed
|-boost|p2a: King Von|spd|1|[from] item: Psychic Seed
|turn|17
|
|t:|1769441102
|move|p1a: Sound the Alarm|Draining Kiss|p2a: King Von
|-supereffective|p2a: King Von
|-damage|p2a: King Von|43/100
|-heal|p1a: Sound the Alarm|78/100|[from] drain|[of] p2a: King Von
|move|p2a: King Von|Expanding Force|p1a: Sound the Alarm
|-damage|p1a: Sound the Alarm|38/100
|-item|p2a: King Von|Leftovers|[from] ability: Magician|[of] p1a: Sound the Alarm
|
|-heal|p2a: King Von|49/100|[from] item: Leftovers
|-damage|p1a: Sound the Alarm|13/100|[from] Curse
|upkeep
|turn|18
|
|t:|1769441112
|move|p1a: Sound the Alarm|Draining Kiss|p2a: King Von
|-supereffective|p2a: King Von
|-damage|p2a: King Von|3/100
|-heal|p1a: Sound the Alarm|48/100|[from] drain|[of] p2a: King Von
|move|p2a: King Von|Expanding Force|p1a: Sound the Alarm
|-damage|p1a: Sound the Alarm|4/100
|
|-heal|p2a: King Von|9/100|[from] item: Leftovers
|-damage|p1a: Sound the Alarm|0 fnt|[from] Curse
|faint|p1a: Sound the Alarm
|upkeep
|
|t:|1769441118
|switch|p1a: Protoman|Iron Valiant|30/100
|turn|19
|
|t:|1769441120
|move|p1a: Protoman|Moonblast|p2a: King Von
|-supereffective|p2a: King Von
|-damage|p2a: King Von|0 fnt
|faint|p2a: King Von
|
|win|Dhoom Again
|raw|Dhoom Again's rating: 1502 &rarr; <strong>1520</strong><br />(+18 for winning)
|raw|lsb_0's rating: 1469 &rarr; <strong>1451</strong><br />(-18 for losing)
|l|☆lsb_0
|player|p2|
|l|☆Dhoom Again
|player|p1|
