|j|☆flapple1
|j|‽LT_Alt1
|t:|1769406597
|gametype|singles
|player|p1|flapple1|#bdplxmausholds|1570
|player|p2|LT_Alt1|169|1626
|gen|9
|tier|[Gen 9] OU
|rated|
|rule|HP Percentage Mod: HP is shown in percentages
|rule|Endless Battle Clause: Forcing endless battles is banned
|rule|Species Clause: Limit one of each Pokémon
|rule|OHKO Clause: OHKO moves are banned
|rule|Evasion Items Clause: Evasion items are banned
|rule|Evasion Moves Clause: Evasion moves are banned
|rule|Evasion Abilities Clause: Evasion abilities are banned
|rule|Sleep Moves Clause: Sleep-inducing moves are banned
|clearpoke
|poke|p1|Zamazenta-*|
|poke|p1|Kyurem|
|poke|p1|Iron Treads|
|poke|p1|Tornadus-Therian, M|
|poke|p1|Pecharunt|
|poke|p1|Ting-Lu|
|poke|p2|Darkrai|
|poke|p2|Slowking-Galar, F|
|poke|p2|Gholdengo|
|poke|p2|Iron Treads|
|poke|p2|Raging Bolt|
|poke|p2|Gliscor, F|
|teampreview
|inactive|Battle timer is ON: inactive players will automatically lose when time's up. (requested by flapple1)
|
|t:|1769406624
|teamsize|p1|6
|teamsize|p2|6
|start
|switch|p1a: Iron Treads|Iron Treads|100/100
|switch|p2a: Slowking|Slowking-Galar, F|100/100
|turn|1
|j| Huboy
|
|t:|1769406630
|move|p1a: Iron Treads|Stealth Rock|p2a: Slowking
|-sidestart|p2: LT_Alt1|move: Stealth Rock
|move|p2a: Slowking|Ice Beam|p1a: Iron Treads
|-damage|p1a: Iron Treads|80/100
|
|-heal|p1a: Iron Treads|86/100|[from] item: Leftovers
|upkeep
|turn|2
|
|t:|1769406635
|move|p1a: Iron Treads|Earthquake|p2a: Slowking
|-supereffective|p2a: Slowking
|-damage|p2a: Slowking|22/100
|-prepare|p2a: Slowking|Chilly Reception|[premajor]
|move|p2a: Slowking|Chilly Reception|p2a: Slowking
|-weather|Snowscape
|
|t:|1769406638
|switch|p2a: Darkrai|Darkrai|100/100|[from] Chilly Reception
|-damage|p2a: Darkrai|88/100|[from] Stealth Rock
|
|-weather|Snowscape|[upkeep]
|-heal|p2a: Darkrai|94/100|[from] item: Leftovers
|-heal|p1a: Iron Treads|92/100|[from] item: Leftovers
|upkeep
|turn|3
|
|t:|1769406648
|move|p2a: Darkrai|Nasty Plot|p2a: Darkrai
|-boost|p2a: Darkrai|spa|2
|move|p1a: Iron Treads|Earthquake|p2a: Darkrai
|-damage|p2a: Darkrai|40/100
|
|-weather|Snowscape|[upkeep]
|-heal|p2a: Darkrai|46/100|[from] item: Leftovers
|-heal|p1a: Iron Treads|98/100|[from] item: Leftovers
|upkeep
|turn|4
|inactive|flapple1 has 120 seconds left.
|
|t:|1769406690
|-end|p1a: Iron Treads|Quark Drive|[silent]
|switch|p1a: Tornadus|Tornadus-Therian, M|100/100
|move|p2a: Darkrai|Focus Blast|p1a: Tornadus|[miss]
|-miss|p2a: Darkrai|p1a: Tornadus
|
|-weather|Snowscape|[upkeep]
|-heal|p2a: Darkrai|52/100|[from] item: Leftovers
|upkeep
|turn|5
|
|t:|1769406703
|switch|p1a: Zamazenta|Zamazenta|100/100
|-ability|p1a: Zamazenta|Dauntless Shield|boost
|-boost|p1a: Zamazenta|def|1
|move|p2a: Darkrai|Ice Beam|p1a: Zamazenta
|-damage|p1a: Zamazenta|48/100
|
|-weather|Snowscape|[upkeep]
|-heal|p1a: Zamazenta|55/100|[from] item: Leftovers
|-heal|p2a: Darkrai|58/100|[from] item: Leftovers
|upkeep
|turn|6
|
|t:|1769406713
|move|p1a: Zamazenta|Body Press|p2a: Darkrai
|-supereffective|p2a: Darkrai
|-damage|p2a: Darkrai|0 fnt
|faint|p2a: Darkrai
|
|-weather|none
|-heal|p1a: Zamazenta|61/100|[from] item: Leftovers
|upkeep
|
|t:|1769406720
|switch|p2a: Gholdengo|Gholdengo|100/100
|-damage|p2a: Gholdengo|94/100|[from] Stealth Rock
|turn|7
|
|t:|1769406729
|move|p2a: Gholdengo|Trick|p1a: Zamazenta
|-activate|p2a: Gholdengo|move: Trick|[of] p1a: Zamazenta
|-item|p1a: Zamazenta|Choice Scarf|[from] move: Trick
|-item|p2a: Gholdengo|Leftovers|[from] move: Trick
|move|p1a: Zamazenta|Crunch|p2a: Gholdengo
|-supereffective|p2a: Gholdengo
|-damage|p2a: Gholdengo|48/100
|
|-heal|p2a: Gholdengo|54/100|[from] item: Leftovers
|upkeep
|turn|8
|
|t:|1769406741
|switch|p1a: Iron Treads|Iron Treads|98/100
|move|p2a: Gholdengo|Make It Rain|p1a: Iron Treads
|-resisted|p1a: Iron Treads
|-damage|p1a: Iron Treads|66/100
|-unboost|p2a: Gholdengo|spa|1
|
|-heal|p2a: Gholdengo|60/100|[from] item: Leftovers
|-heal|p1a: Iron Treads|72/100|[from] item: Leftovers
|upkeep
|turn|9
|
|t:|1769406751
|-end|p1a: Iron Treads|Quark Drive|[silent]
|switch|p1a: Tornadus|Tornadus-Therian, M|100/100
|move|p2a: Gholdengo|Shadow Ball|p1a: Tornadus
|-damage|p1a: Tornadus|71/100
|
|-heal|p2a: Gholdengo|66/100|[from] item: Leftovers
|upkeep
|turn|10
|j| firecharmander004
|
|t:|1769406763
|switch|p2a: Iron Treads|Iron Treads|100/100
|move|p1a: Tornadus|Knock Off|p2a: Iron Treads
|-damage|p2a: Iron Treads|85/100
|-enditem|p2a: Iron Treads|Heavy-Duty Boots|[from] move: Knock Off|[of] p1a: Tornadus
|
|upkeep
|turn|11
|
|t:|1769406769
|switch|p1a: Pecharunt|Pecharunt|100/100
|move|p2a: Iron Treads|Rock Tomb|p1a: Pecharunt
|-damage|p1a: Pecharunt|92/100
|
|upkeep
|turn|12
|
|t:|1769406778
|move|p2a: Iron Treads|Earthquake|p1a: Pecharunt
|-supereffective|p1a: Pecharunt
|-damage|p1a: Pecharunt|52/100
|move|p1a: Pecharunt|Shadow Ball|p2a: Iron Treads
|-damage|p2a: Iron Treads|54/100
|
|upkeep
|turn|13
|
|t:|1769406783
|-end|p2a: Iron Treads|Quark Drive|[silent]
|switch|p2a: Gliscor|Gliscor, F|100/100
|-damage|p2a: Gliscor|88/100|[from] Stealth Rock
|move|p1a: Pecharunt|Recover|p1a: Pecharunt
|-heal|p1a: Pecharunt|100/100
|
|-status|p2a: Gliscor|tox|[from] item: Toxic Orb
|upkeep
|turn|14
|
|t:|1769406794
|switch|p1a: Kyurem|Kyurem|100/100
|-ability|p1a: Kyurem|Pressure
|move|p2a: Gliscor|Spikes|p1a: Kyurem
|-sidestart|p1: flapple1|Spikes
|
|-heal|p2a: Gliscor|100/100 tox|[from] ability: Poison Heal
|upkeep
|turn|15
|
|t:|1769406813
|move|p1a: Kyurem|Ice Beam|p2a: Gliscor
|-supereffective|p2a: Gliscor
|-damage|p2a: Gliscor|0 fnt
|faint|p2a: Gliscor
|
|upkeep
|
|t:|1769406816
|switch|p2a: Iron Treads|Iron Treads|54/100
|-damage|p2a: Iron Treads|51/100|[from] Stealth Rock
|turn|16
|
|t:|1769406823
|move|p2a: Iron Treads|Rapid Spin|p1a: Kyurem
|-damage|p1a: Kyurem|91/100
|-boost|p2a: Iron Treads|spe|1
|-sideend|p2: LT_Alt1|Stealth Rock|[from] move: Rapid Spin|[of] p2a: Iron Treads
|move|p1a: Kyurem|Ice Beam|p2a: Iron Treads
|-damage|p2a: Iron Treads|0 fnt
|faint|p2a: Iron Treads
|-end|p2a: Iron Treads|Quark Drive|[silent]
|
|upkeep
|
|t:|1769406826
|switch|p2a: Gholdengo|Gholdengo|66/100
|turn|17
|l| Huboy
|
|t:|1769406837
|switch|p1a: Zamazenta|Zamazenta|61/100
|-damage|p1a: Zamazenta|48/100|[from] Spikes
|move|p2a: Gholdengo|Nasty Plot|p2a: Gholdengo
|-boost|p2a: Gholdengo|spa|2
|
|-heal|p2a: Gholdengo|72/100|[from] item: Leftovers
|upkeep
|turn|18
|
|t:|1769406845
|move|p1a: Zamazenta|Crunch|p2a: Gholdengo
|-supereffective|p2a: Gholdengo
|-damage|p2a: Gholdengo|26/100
|move|p2a: Gholdengo|Shadow Ball|p1a: Zamazenta
|-damage|p1a: Zamazenta|0 fnt
|faint|p1a: Zamazenta
|
|-heal|p2a: Gholdengo|32/100|[from] item: Leftovers
|upkeep
|
|t:|1769406860
|switch|p1a: Ting-Lu|Ting-Lu|100/100
|-damage|p1a: Ting-Lu|88/100|[from] Spikes
|-ability|p1a: Ting-Lu|Vessel of Ruin
|turn|19
|
|t:|1769406863
|move|p2a: Gholdengo|Make It Rain|p1a: Ting-Lu
|-damage|p1a: Ting-Lu|26/100
|-unboost|p2a: Gholdengo|spa|1
|move|p1a: Ting-Lu|Earthquake|p2a: Gholdengo
|-supereffective|p2a: Gholdengo
|-damage|p2a: Gholdengo|0 fnt
|faint|p2a: Gholdengo
|
|-heal|p1a: Ting-Lu|33/100|[from] item: Leftovers
|upkeep
|
|t:|1769406866
|switch|p2a: Slowking|Slowking-Galar, F|55/100
|turn|20
|
|t:|1769406872
|move|p1a: Ting-Lu|Spikes|p2a: Slowking
|-sidestart|p2: LT_Alt1|Spikes
|move|p2a: Slowking|Future Sight|p1a: Ting-Lu
|-start|p2a: Slowking|move: Future Sight
|
|-heal|p1a: Ting-Lu|39/100|[from] item: Leftovers
|-heal|p2a: Slowking|61/100|[from] item: Leftovers
|upkeep
|turn|21
|
|t:|1769406875
|move|p1a: Ting-Lu|Spikes|p2a: Slowking
|-sidestart|p2: LT_Alt1|Spikes
|move|p2a: Slowking|Ice Beam|p1a: Ting-Lu
|-supereffective|p1a: Ting-Lu
|-damage|p1a: Ting-Lu|17/100
|
|-heal|p1a: Ting-Lu|23/100|[from] item: Leftovers
|-heal|p2a: Slowking|67/100|[from] item: Leftovers
|upkeep
|turn|22
|
|t:|1769406879
|move|p1a: Ting-Lu|Spikes|p2a: Slowking
|-sidestart|p2: LT_Alt1|Spikes
|move|p2a: Slowking|Ice Beam|p1a: Ting-Lu
|-supereffective|p1a: Ting-Lu
|-damage|p1a: Ting-Lu|3/100
|
|-end|p1a: Ting-Lu|move: Future Sight
|-immune|p1a: Ting-Lu
|-heal|p1a: Ting-Lu|10/100|[from] item: Leftovers
|-heal|p2a: Slowking|73/100|[from] item: Leftovers
|upkeep
|turn|23
|
|t:|1769406886
|move|p1a: Ting-Lu|Earthquake|p2a: Slowking
|-supereffective|p2a: Slowking
|-damage|p2a: Slowking|9/100
|move|p2a: Slowking|Future Sight|p1a: Ting-Lu
|-start|p2a: Slowking|move: Future Sight
|
|-heal|p1a: Ting-Lu|16/100|[from] item: Leftovers
|-heal|p2a: Slowking|15/100|[from] item: Leftovers
|upkeep
|turn|24
|
|t:|1769406895
|move|p1a: Ting-Lu|Earthquake|p2a: Slowking
|-supereffective|p2a: Slowking
|-damage|p2a: Slowking|0 fnt
|faint|p2a: Slowking
|
|-heal|p1a: Ting-Lu|22/100|[from] item: Leftovers
|upkeep
|
|t:|1769406896
|switch|p2a: Raging Bolt|Raging Bolt|100/100
|-damage|p2a: Raging Bolt|76/100|[from] Spikes
|turn|25
|
|t:|1769406899
|-terastallize|p2a: Raging Bolt|Bug
|move|p2a: Raging Bolt|Calm Mind|p2a: Raging Bolt
|-boost|p2a: Raging Bolt|spa|1
|-boost|p2a: Raging Bolt|spd|1
|move|p1a: Ting-Lu|Ruination|p2a: Raging Bolt
|-damage|p2a: Raging Bolt|38/100
|
|-end|p1a: Ting-Lu|move: Future Sight
|-immune|p1a: Ting-Lu
|-heal|p2a: Raging Bolt|44/100|[from] item: Leftovers
|-heal|p1a: Ting-Lu|28/100|[from] item: Leftovers
|upkeep
|turn|26
|
|t:|1769406913
|switch|p1a: Tornadus|Tornadus-Therian, M|100/100
|move|p2a: Raging Bolt|Calm Mind|p2a: Raging Bolt
|-boost|p2a: Raging Bolt|spa|1
|-boost|p2a: Raging Bolt|spd|1
|
|-heal|p2a: Raging Bolt|50/100|[from] item: Leftovers
|upkeep
|turn|27
|
|t:|1769406918
|move|p2a: Raging Bolt|Thunderclap||[still]
|-fail|p2a: Raging Bolt
|move|p1a: Tornadus|Taunt|p2a: Raging Bolt
|-start|p2a: Raging Bolt|move: Taunt
|
|-heal|p2a: Raging Bolt|57/100|[from] item: Leftovers
|upkeep
|turn|28
|inactive|flapple1 has 120 seconds left.
|
|t:|1769406949
|-terastallize|p1a: Tornadus|Steel
|move|p2a: Raging Bolt|Thunderclap|p1a: Tornadus
|-damage|p1a: Tornadus|14/100
|move|p1a: Tornadus|Knock Off|p2a: Raging Bolt
|-damage|p2a: Raging Bolt|38/100
|-enditem|p2a: Raging Bolt|Leftovers|[from] move: Knock Off|[of] p1a: Tornadus
|
|upkeep
|turn|29
|inactive|flapple1 has 120 seconds left.
|
|t:|1769406961
|move|p2a: Raging Bolt|Thunderclap||[still]
|-fail|p2a: Raging Bolt
|move|p1a: Tornadus|Nasty Plot|p1a: Tornadus
|-boost|p1a: Tornadus|spa|2
|
|upkeep
|turn|30
|
|t:|1769406968
|move|p1a: Tornadus|Bleakwind Storm|p2a: Raging Bolt
|-supereffective|p2a: Raging Bolt
|-damage|p2a: Raging Bolt|0 fnt
|faint|p2a: Raging Bolt
|-end|p2a: Raging Bolt|Protosynthesis|[silent]
|
|win|flapple1
|raw|flapple1's rating: 1570 &rarr; <strong>1593</strong><br />(+23 for winning)
|raw|LT_Alt1's rating: 1626 &rarr; <strong>1603</strong><br />(-23 for losing)
|l|‽LT_Alt1
|player|p2|
|l|☆flapple1
|player|p1|
|l| firecharmander004
