|j|☆capitolg
|j|☆Scambo
|t:|1769296744
|gametype|singles
|player|p1|capitolg|265|1063
|player|p2|Scambo|1|1082
|gen|9
|tier|[Gen 9] OU
|rated|
|rule|HP Percentage Mod: HP is shown in percentages
|rule|Endless Battle Clause: Forcing endless battles is banned
|rule|Species Clause: Limit one of each Pokémon
|rule|OHKO Clause: OHKO moves are banned
|rule|Evasion Items Clause: Evasion items are banned
|rule|Evasion Moves Clause: Evasion moves are banned
|rule|Evasion Abilities Clause: Evasion abilities are banned
|rule|Sleep Moves Clause: Sleep-inducing moves are banned
|clearpoke
|poke|p1|Leavanny, F|
|poke|p1|Cinderace, M|
|poke|p1|Empoleon, M|
|poke|p1|Gothitelle, M|
|poke|p1|Mimikyu, F|
|poke|p1|Kilowattrel, F|
|poke|p2|Ogerpon-Wellspring, F|
|poke|p2|Gholdengo|
|poke|p2|Gliscor, M|
|poke|p2|Iron Treads|
|poke|p2|Zapdos|
|poke|p2|Rillaboom, M|
|teampreview
|inactive|Battle timer is ON: inactive players will automatically lose when time's up. (requested by capitolg)
|
|t:|1769296767
|teamsize|p1|6
|teamsize|p2|6
|start
|switch|p1a: Leavanny|Leavanny, F|100/100
|switch|p2a: Iron Treads|Iron Treads|100/100
|turn|1
|
|t:|1769296774
|move|p1a: Leavanny|Sticky Web|p2a: Iron Treads
|-sidestart|p2: Scambo|move: Sticky Web
|move|p2a: Iron Treads|Stealth Rock|p1a: Leavanny
|-sidestart|p1: capitolg|move: Stealth Rock
|
|upkeep
|turn|2
|
|t:|1769296782
|switch|p1a: Mimikyu|Mimikyu, F|100/100
|-damage|p1a: Mimikyu|88/100|[from] Stealth Rock
|move|p2a: Iron Treads|Ice Spinner|p1a: Mimikyu
|-activate|p1a: Mimikyu|ability: Disguise
|-damage|p1a: Mimikyu|88/100
|detailschange|p1a: Mimikyu|Mimikyu-Busted, F
|-damage|p1a: Mimikyu|76/100|[from] pokemon: Mimikyu-Busted
|
|upkeep
|turn|3
|
|t:|1769296801
|move|p2a: Iron Treads|Earthquake|p1a: Mimikyu
|-damage|p1a: Mimikyu|29/100
|move|p1a: Mimikyu|Drain Punch|p2a: Iron Treads
|-supereffective|p2a: Iron Treads
|-damage|p2a: Iron Treads|56/100
|-heal|p1a: Mimikyu|56/100|[from] drain|[of] p2a: Iron Treads
|-damage|p1a: Mimikyu|46/100|[from] item: Life Orb
|
|-heal|p2a: Iron Treads|62/100|[from] item: Leftovers
|upkeep
|turn|4
|
|t:|1769296817
|move|p2a: Iron Treads|Earthquake|p1a: Mimikyu
|-crit|p1a: Mimikyu
|-damage|p1a: Mimikyu|0 fnt
|faint|p1a: Mimikyu
|
|-heal|p2a: Iron Treads|68/100|[from] item: Leftovers
|upkeep
|
|t:|1769296819
|switch|p1a: Cinderace|Cinderace, M|100/100
|turn|5
|
|t:|1769296831
|-terastallize|p2a: Iron Treads|Ghost
|move|p1a: Cinderace|Court Change|p1a: Cinderace
|-start|p1a: Cinderace|typechange|Normal|[from] ability: Libero
|-swapsideconditions
|-activate|p1a: Cinderace|move: Court Change
|move|p2a: Iron Treads|Rapid Spin|p1a: Cinderace
|-damage|p1a: Cinderace|83/100
|-boost|p2a: Iron Treads|spe|1
|-sideend|p2: Scambo|Stealth Rock|[from] move: Rapid Spin|[of] p2a: Iron Treads
|
|-heal|p2a: Iron Treads|74/100|[from] item: Leftovers
|upkeep
|turn|6
|
|t:|1769296855
|move|p2a: Iron Treads|Earthquake|p1a: Cinderace
|-damage|p1a: Cinderace|34/100
|move|p1a: Cinderace|Taunt|p2a: Iron Treads
|-start|p2a: Iron Treads|move: Taunt
|
|-heal|p2a: Iron Treads|81/100|[from] item: Leftovers
|upkeep
|turn|7
|inactive|Scambo has 120 seconds left.
|
|t:|1769296897
|move|p1a: Cinderace|Sucker Punch|p2a: Iron Treads
|-supereffective|p2a: Iron Treads
|-damage|p2a: Iron Treads|47/100
|move|p2a: Iron Treads|Earthquake|p1a: Cinderace
|-damage|p1a: Cinderace|0 fnt
|faint|p1a: Cinderace
|
|-heal|p2a: Iron Treads|54/100|[from] item: Leftovers
|upkeep
|
|t:|1769296904
|switch|p1a: Gothitelle|Gothitelle, M|100/100
|-activate|p1a: Gothitelle|move: Sticky Web
|-unboost|p1a: Gothitelle|spe|1
|-ability|p1a: Gothitelle|Competitive|boost
|-boost|p1a: Gothitelle|spa|2
|turn|8
|inactive|Scambo has 90 seconds left.
|
|t:|1769296924
|-end|p2a: Iron Treads|Quark Drive|[silent]
|switch|p2a: Ogerpon|Ogerpon-Wellspring, F|100/100
|move|p1a: Gothitelle|Trick Room|p1a: Gothitelle
|-fieldstart|move: Trick Room|[of] p1a: Gothitelle
|
|upkeep
|turn|9
|
|t:|1769296931
|move|p1a: Gothitelle|Psyshock|p2a: Ogerpon
|-damage|p2a: Ogerpon|8/100
|move|p2a: Ogerpon|Knock Off|p1a: Gothitelle
|-supereffective|p1a: Gothitelle
|-damage|p1a: Gothitelle|23/100
|-enditem|p1a: Gothitelle|Terrain Extender|[from] move: Knock Off|[of] p2a: Ogerpon
|
|upkeep
|turn|10
|inactive|Scambo has 90 seconds left.
|
|t:|1769296955
|switch|p2a: Iron Treads|Iron Treads, tera:Ghost|54/100
|move|p1a: Gothitelle|Dark Pulse|p2a: Iron Treads
|-supereffective|p2a: Iron Treads
|-damage|p2a: Iron Treads|0 fnt
|faint|p2a: Iron Treads
|-end|p2a: Iron Treads|Quark Drive|[silent]
|
|upkeep
|
|t:|1769296966
|switch|p2a: Rillaboom|Rillaboom, M|100/100
|-fieldstart|move: Grassy Terrain|[from] ability: Grassy Surge|[of] p2a: Rillaboom
|turn|11
|
|t:|1769296971
|move|p2a: Rillaboom|Grassy Glide|p1a: Gothitelle
|-damage|p1a: Gothitelle|0 fnt
|faint|p1a: Gothitelle
|
|upkeep
|
|t:|1769296973
|switch|p1a: Leavanny|Leavanny, F|100/100
|-activate|p1a: Leavanny|move: Sticky Web
|-unboost|p1a: Leavanny|spe|1
|turn|12
|inactive|Scambo has 90 seconds left.
|
|t:|1769296991
|switch|p2a: Zapdos|Zapdos|100/100
|move|p1a: Leavanny|Triple Axel|p2a: Zapdos|[miss]
|-miss|p1a: Leavanny|p2a: Zapdos
|
|-fieldend|move: Trick Room
|upkeep
|turn|13
|inactive|Scambo has 90 seconds left.
|
|t:|1769297005
|move|p1a: Leavanny|Triple Axel|p2a: Zapdos|[miss]
|-miss|p1a: Leavanny|p2a: Zapdos
|move|p2a: Zapdos|Heat Wave|p1a: Leavanny
|-supereffective|p1a: Leavanny
|-damage|p1a: Leavanny|0 fnt
|faint|p1a: Leavanny
|
|upkeep
|
|t:|1769297007
|switch|p1a: Kilowattrel|Kilowattrel, F|100/100
|turn|14
|inactive|Scambo has 90 seconds left.
|
|t:|1769297022
|-terastallize|p1a: Kilowattrel|Ground
|move|p1a: Kilowattrel|Volt Switch|p2a: Zapdos
|-damage|p2a: Zapdos|63/100
|
|t:|1769297024
|switch|p1a: Empoleon|Empoleon, M|100/100|[from] Volt Switch
|-activate|p1a: Empoleon|move: Sticky Web
|-unboost|p1a: Empoleon|spe|1
|-ability|p1a: Empoleon|Competitive|boost
|-boost|p1a: Empoleon|spa|2
|move|p2a: Zapdos|Heat Wave|p1a: Empoleon
|-damage|p1a: Empoleon|79/100
|
|-heal|p1a: Empoleon|85/100|[from] Grassy Terrain
|upkeep
|turn|15
|inactive|Scambo has 90 seconds left.
|
|t:|1769297040
|move|p2a: Zapdos|Volt Switch|p1a: Empoleon
|-supereffective|p1a: Empoleon
|-damage|p1a: Empoleon|40/100
|
|t:|1769297058
|switch|p2a: Rillaboom|Rillaboom, M|100/100|[from] Volt Switch
|move|p1a: Empoleon|Ice Beam|p2a: Rillaboom
|-supereffective|p2a: Rillaboom
|-damage|p2a: Rillaboom|3/100
|
|-heal|p2a: Rillaboom|10/100|[from] Grassy Terrain
|-heal|p1a: Empoleon|46/100|[from] Grassy Terrain
|-fieldend|move: Grassy Terrain
|upkeep
|turn|16
|
|t:|1769297070
|move|p1a: Empoleon|Vacuum Wave|p2a: Rillaboom
|-damage|p2a: Rillaboom|0 fnt
|faint|p2a: Rillaboom
|
|upkeep
|
|t:|1769297078
|switch|p2a: Zapdos|Zapdos|63/100
|turn|17
|
|t:|1769297086
|move|p2a: Zapdos|Thunderbolt|p1a: Empoleon
|-supereffective|p1a: Empoleon
|-crit|p1a: Empoleon
|-damage|p1a: Empoleon|0 fnt
|faint|p1a: Empoleon
|
|upkeep
|
|t:|1769297088
|switch|p1a: Kilowattrel|Kilowattrel, F, tera:Ground|100/100
|-activate|p1a: Kilowattrel|move: Sticky Web
|-unboost|p1a: Kilowattrel|spe|1
|-ability|p1a: Kilowattrel|Competitive|boost
|-boost|p1a: Kilowattrel|spa|2
|-enditem|p1a: Kilowattrel|White Herb
|-clearnegativeboost|p1a: Kilowattrel|[silent]
|turn|18
|inactive|Scambo has 90 seconds left.
|
|t:|1769297108
|move|p1a: Kilowattrel|Air Slash|p2a: Zapdos
|-resisted|p2a: Zapdos
|-damage|p2a: Zapdos|21/100
|move|p2a: Zapdos|Hurricane|p1a: Kilowattrel
|-damage|p1a: Kilowattrel|0 fnt
|faint|p1a: Kilowattrel
|
|win|Scambo
|raw|capitolg's rating: 1063 &rarr; <strong>1045</strong><br />(-18 for losing)
|raw|Scambo's rating: 1082 &rarr; <strong>1108</strong><br />(+26 for winning)
|l|☆capitolg
|player|p1|
|l|☆Scambo
|player|p2|
