|j|☆jiyurey
|j|☆1.x.10
|t:|1769420927
|gametype|singles
|player|p1|jiyurey|shadowtriad|1108
|player|p2|1.x.10|1|1159
|gen|9
|tier|[Gen 9] OU
|rated|
|rule|HP Percentage Mod: HP is shown in percentages
|rule|Endless Battle Clause: Forcing endless battles is banned
|rule|Species Clause: Limit one of each Pokémon
|rule|OHKO Clause: OHKO moves are banned
|rule|Evasion Items Clause: Evasion items are banned
|rule|Evasion Moves Clause: Evasion moves are banned
|rule|Evasion Abilities Clause: Evasion abilities are banned
|rule|Sleep Moves Clause: Sleep-inducing moves are banned
|clearpoke
|poke|p1|Great Tusk|
|poke|p1|Garganacl, M|
|poke|p1|Dragapult, M|
|poke|p1|Kingambit, M|
|poke|p1|Dondozo, M|
|poke|p1|Darkrai|
|poke|p2|Tinkaton, F|
|poke|p2|Furret, M|
|poke|p2|Cinderace, M|
|poke|p2|Dragapult, F|
|poke|p2|Primarina, F|
|poke|p2|Kilowattrel, M|
|teampreview
|inactive|Battle timer is ON: inactive players will automatically lose when time's up. (requested by 1.x.10)
|
|t:|1769420958
|teamsize|p1|6
|teamsize|p2|6
|start
|switch|p1a: Great Tusk|Great Tusk|100/100
|switch|p2a: Kilowattrel|Kilowattrel, M|100/100
|-enditem|p1a: Great Tusk|Booster Energy
|-activate|p1a: Great Tusk|ability: Protosynthesis|[fromitem]
|-start|p1a: Great Tusk|protosynthesisatk
|turn|1
|
|t:|1769420970
|move|p2a: Kilowattrel|Air Slash|p1a: Great Tusk
|-supereffective|p1a: Great Tusk
|-damage|p1a: Great Tusk|0 fnt
|faint|p1a: Great Tusk
|-end|p1a: Great Tusk|Protosynthesis|[silent]
|
|upkeep
|
|t:|1769420977
|switch|p1a: Garganacl|Garganacl, M|100/100
|turn|2
|
|t:|1769420988
|move|p2a: Kilowattrel|Electro Ball|p1a: Garganacl
|-damage|p1a: Garganacl|67/100
|move|p1a: Garganacl|Iron Defense|p1a: Garganacl
|-boost|p1a: Garganacl|def|2
|
|-heal|p1a: Garganacl|73/100|[from] item: Leftovers
|upkeep
|turn|3
|
|t:|1769420997
|move|p2a: Kilowattrel|Tailwind|p2a: Kilowattrel
|-sidestart|p2: 1.x.10|move: Tailwind
|move|p1a: Garganacl|Salt Cure|p2a: Kilowattrel
|-supereffective|p2a: Kilowattrel
|-damage|p2a: Kilowattrel|54/100
|-start|p2a: Kilowattrel|Salt Cure
|
|-heal|p1a: Garganacl|79/100|[from] item: Leftovers
|-damage|p2a: Kilowattrel|41/100|[from] Salt Cure
|upkeep
|turn|4
|
|t:|1769421013
|move|p2a: Kilowattrel|Electro Ball|p1a: Garganacl
|-damage|p1a: Garganacl|35/100
|move|p1a: Garganacl|Recover|p1a: Garganacl
|-heal|p1a: Garganacl|85/100
|
|-heal|p1a: Garganacl|91/100|[from] item: Leftovers
|-damage|p2a: Kilowattrel|29/100|[from] Salt Cure
|upkeep
|turn|5
|
|t:|1769421026
|switch|p2a: Primarina|Primarina, F|100/100
|move|p1a: Garganacl|Iron Defense|p1a: Garganacl
|-boost|p1a: Garganacl|def|2
|
|-heal|p1a: Garganacl|97/100|[from] item: Leftovers
|upkeep
|turn|6
|
|t:|1769421036
|move|p2a: Primarina|Sparkling Aria|p1a: Garganacl
|-supereffective|p1a: Garganacl
|-damage|p1a: Garganacl|24/100
|move|p1a: Garganacl|Body Press|p2a: Primarina
|-resisted|p2a: Primarina
|-damage|p2a: Primarina|57/100
|
|-heal|p2a: Primarina|63/100|[from] item: Leftovers
|-heal|p1a: Garganacl|30/100|[from] item: Leftovers
|-sideend|p2: 1.x.10|move: Tailwind
|upkeep
|turn|7
|
|t:|1769421047
|switch|p1a: Dondozo|Dondozo, M|100/100
|move|p2a: Primarina|Moonblast|p1a: Dondozo
|-damage|p1a: Dondozo|53/100
|-unboost|p1a: Dondozo|spa|1
|
|-heal|p2a: Primarina|69/100|[from] item: Leftovers
|-heal|p1a: Dondozo|59/100|[from] item: Leftovers
|upkeep
|turn|8
|inactive|jiyurey has 120 seconds left.
|
|t:|1769421073
|-terastallize|p1a: Dondozo|Grass
|move|p2a: Primarina|Energy Ball|p1a: Dondozo
|-resisted|p1a: Dondozo
|-damage|p1a: Dondozo|43/100
|-unboost|p1a: Dondozo|spd|1
|move|p1a: Dondozo|Wave Crash|p2a: Primarina
|-resisted|p2a: Primarina
|-damage|p2a: Primarina|45/100
|-damage|p1a: Dondozo|37/100|[from] Recoil
|
|-heal|p2a: Primarina|51/100|[from] item: Leftovers
|-heal|p1a: Dondozo|43/100|[from] item: Leftovers
|upkeep
|turn|9
|inactive|jiyurey has 120 seconds left.
|
|t:|1769421087
|move|p2a: Primarina|Moonblast|p1a: Dondozo
|-damage|p1a: Dondozo|0 fnt
|faint|p1a: Dondozo
|
|-heal|p2a: Primarina|57/100|[from] item: Leftovers
|upkeep
|inactive|jiyurey has 120 seconds left.
|inactive|jiyurey has 90 seconds left.
|
|t:|1769421124
|switch|p1a: Dragapult|Dragapult, M|100/100
|turn|10
|
|t:|1769421129
|move|p1a: Dragapult|U-turn|p2a: Primarina
|-resisted|p2a: Primarina
|-damage|p2a: Primarina|47/100
|
|t:|1769421136
|switch|p1a: Garganacl|Garganacl, M|30/100|[from] U-turn
|move|p2a: Primarina|Moonblast|p1a: Garganacl
|-damage|p1a: Garganacl|0 fnt
|faint|p1a: Garganacl
|
|-heal|p2a: Primarina|53/100|[from] item: Leftovers
|upkeep
|inactive|jiyurey has 90 seconds left.
|
|t:|1769421148
|switch|p1a: Kingambit|Kingambit, M|100/100
|-activate|p1a: Kingambit|ability: Supreme Overlord
|-start|p1a: Kingambit|fallen3|[silent]
|turn|11
|
|t:|1769421154
|switch|p2a: Kilowattrel|Kilowattrel, M|29/100
|move|p1a: Kingambit|Iron Head|p2a: Kilowattrel
|-resisted|p2a: Kilowattrel
|-damage|p2a: Kilowattrel|0 fnt
|faint|p2a: Kilowattrel
|
|upkeep
|
|t:|1769421161
|switch|p2a: Furret|Furret, M|100/100
|turn|12
|
|t:|1769421166
|move|p2a: Furret|Reversal|p1a: Kingambit
|-supereffective|p1a: Kingambit
|-damage|p1a: Kingambit|87/100
|move|p1a: Kingambit|Swords Dance|p1a: Kingambit
|-boost|p1a: Kingambit|atk|2
|
|upkeep
|turn|13
|inactive|jiyurey has 90 seconds left.
|
|t:|1769421219
|move|p2a: Furret|Knock Off|p1a: Kingambit
|-resisted|p1a: Kingambit
|-damage|p1a: Kingambit|78/100
|-enditem|p1a: Kingambit|Black Glasses|[from] move: Knock Off|[of] p2a: Furret
|move|p1a: Kingambit|Kowtow Cleave|p2a: Furret
|-enditem|p2a: Furret|Focus Sash
|-damage|p2a: Furret|1/100
|
|upkeep
|turn|14
|
|t:|1769421237
|move|p1a: Kingambit|Sucker Punch||[still]
|-fail|p1a: Kingambit
|move|p2a: Furret|Tidy Up|p2a: Furret
|-boost|p2a: Furret|atk|1
|-boost|p2a: Furret|spe|1
|
|upkeep
|turn|15
|
|t:|1769421245
|move|p1a: Kingambit|Sucker Punch||[still]
|-fail|p1a: Kingambit
|move|p2a: Furret|Tidy Up|p2a: Furret
|-boost|p2a: Furret|atk|1
|-boost|p2a: Furret|spe|1
|
|upkeep
|turn|16
|
|t:|1769421252
|move|p1a: Kingambit|Sucker Punch|p2a: Furret
|-damage|p2a: Furret|0 fnt
|faint|p2a: Furret
|
|upkeep
|
|t:|1769421255
|switch|p2a: Cinderace|Cinderace, M|100/100
|turn|17
|
|t:|1769421265
|-terastallize|p2a: Cinderace|Fighting
|move|p2a: Cinderace|High Jump Kick|p1a: Kingambit
|-supereffective|p1a: Kingambit
|-damage|p1a: Kingambit|0 fnt
|faint|p1a: Kingambit
|-end|p1a: Kingambit|fallen3|[silent]
|
|upkeep
|
|t:|1769421273
|switch|p1a: Dragapult|Dragapult, M|100/100
|turn|18
|inactive|jiyurey has 90 seconds left.
|
|t:|1769421289
|switch|p2a: Tinkaton|Tinkaton, F|100/100
|-ability|p2a: Tinkaton|Mold Breaker
|move|p1a: Dragapult|Shadow Ball|p2a: Tinkaton
|-damage|p2a: Tinkaton|63/100
|
|upkeep
|turn|19
|
|t:|1769421297
|move|p1a: Dragapult|Flamethrower|p2a: Tinkaton
|-supereffective|p2a: Tinkaton
|-damage|p2a: Tinkaton|10/100
|-enditem|p2a: Tinkaton|Salac Berry|[eat]
|-boost|p2a: Tinkaton|spe|1|[from] item: Salac Berry
|move|p2a: Tinkaton|Play Rough|p1a: Dragapult
|-supereffective|p1a: Dragapult
|-damage|p1a: Dragapult|13/100
|
|upkeep
|turn|20
|inactive|jiyurey has 90 seconds left.
|
|t:|1769421307
|move|p2a: Tinkaton|Play Rough|p1a: Dragapult
|-supereffective|p1a: Dragapult
|-damage|p1a: Dragapult|0 fnt
|faint|p1a: Dragapult
|
|upkeep
|inactive|jiyurey has 90 seconds left.
|
|t:|1769421324
|switch|p1a: Darkrai|Darkrai|100/100
|turn|21
|
|t:|1769421337
|move|p2a: Tinkaton|Gigaton Hammer|p1a: Darkrai
|-damage|p1a: Darkrai|23/100
|move|p1a: Darkrai|Sludge Bomb|p2a: Tinkaton
|-immune|p2a: Tinkaton
|
|-heal|p1a: Darkrai|29/100|[from] item: Leftovers
|upkeep
|turn|22
|-message|jiyurey forfeited.
|
|win|1.x.10
|raw|jiyurey's rating: 1108 &rarr; <strong>1087</strong><br />(-21 for losing)
|raw|1.x.10's rating: 1159 &rarr; <strong>1180</strong><br />(+21 for winning)
|c|☆1.x.10|gg
|l|☆1.x.10
|player|p2|
