|j|☆reversetracebaxks
|j|☆ManInBlack14
|t:|1769422765
|gametype|singles
|player|p1|reversetracebaxks|170|
|player|p2|ManInBlack14|red|
|gen|9
|tier|[Gen 9] OU
|rule|HP Percentage Mod: HP is shown in percentages
|rule|Endless Battle Clause: Forcing endless battles is banned
|rule|Species Clause: Limit one of each Pokémon
|rule|OHKO Clause: OHKO moves are banned
|rule|Evasion Items Clause: Evasion items are banned
|rule|Evasion Moves Clause: Evasion moves are banned
|rule|Evasion Abilities Clause: Evasion abilities are banned
|rule|Sleep Moves Clause: Sleep-inducing moves are banned
|clearpoke
|poke|p1|Darkrai|
|poke|p1|Gholdengo|
|poke|p1|Great Tusk|
|poke|p1|Skarmory, F|
|poke|p1|Slowking-Galar, F|
|poke|p1|Dragonite, F|
|poke|p2|Blissey, F|
|poke|p2|Clodsire, M|
|poke|p2|Dondozo, M|
|poke|p2|Weezing-Galar, F|
|poke|p2|Gliscor, F|
|poke|p2|Alomomola, F|
|teampreview
|inactive|Battle timer is ON: inactive players will automatically lose when time's up. (requested by ManInBlack14)
|
|t:|1769422780
|teamsize|p1|6
|teamsize|p2|6
|start
|switch|p1a: Great Wall|Great Tusk|100/100
|switch|p2a: Clodsire|Clodsire, M|100/100
|turn|1
|
|t:|1769422785
|switch|p2a: Alomomola|Alomomola, F|100/100
|move|p1a: Great Wall|Stealth Rock|p2a: Alomomola
|-sidestart|p2: ManInBlack14|move: Stealth Rock
|
|upkeep
|turn|2
|
|t:|1769422791
|-end|p1a: Great Wall|Protosynthesis|[silent]
|switch|p1a: Glowrious King|Slowking-Galar, F|100/100
|move|p2a: Alomomola|Flip Turn|p1a: Glowrious King
|-damage|p1a: Glowrious King|83/100
|
|t:|1769422800
|switch|p2a: Gliscor|Gliscor, F|100/100|[from] Flip Turn
|-damage|p2a: Gliscor|88/100|[from] Stealth Rock
|
|-status|p2a: Gliscor|tox|[from] item: Toxic Orb
|upkeep
|turn|3
|
|t:|1769422803
|move|p2a: Gliscor|Spikes|p1a: Glowrious King
|-sidestart|p1: reversetracebaxks|Spikes
|move|p1a: Glowrious King|Ice Beam|p2a: Gliscor
|-supereffective|p2a: Gliscor
|-damage|p2a: Gliscor|0 fnt
|faint|p2a: Gliscor
|
|upkeep
|
|t:|1769422808
|switch|p2a: Clodsire|Clodsire, M|100/100
|turn|4
|
|t:|1769422811
|move|p1a: Glowrious King|Psyshock|p2a: Clodsire
|-supereffective|p2a: Clodsire
|-damage|p2a: Clodsire|15/100
|move|p2a: Clodsire|Earthquake|p1a: Glowrious King
|-supereffective|p1a: Glowrious King
|-damage|p1a: Glowrious King|27/100
|
|upkeep
|turn|5
|
|t:|1769422821
|switch|p1a: Skarmface|Skarmory, F|100/100
|-terastallize|p2a: Clodsire|Dark
|move|p2a: Clodsire|Earthquake|p1a: Skarmface
|-immune|p1a: Skarmface
|
|upkeep
|turn|6
|
|t:|1769422826
|switch|p2a: Alomomola|Alomomola, F|100/100
|move|p1a: Skarmface|Body Press|p2a: Alomomola
|-damage|p2a: Alomomola|80/100
|
|upkeep
|turn|7
|-message|ManInBlack14 forfeited.
|
|win|reversetracebaxks
|l|☆ManInBlack14
|player|p2|
