|j|☆KungFuBeer
|j|☆kfkzzl
|t:|1769317366
|gametype|singles
|player|p1|KungFuBeer|blackbelt|1421
|player|p2|kfkzzl|265|1402
|gen|9
|tier|[Gen 9] OU
|rated|
|rule|HP Percentage Mod: HP is shown in percentages
|rule|Endless Battle Clause: Forcing endless battles is banned
|rule|Species Clause: Limit one of each Pokémon
|rule|OHKO Clause: OHKO moves are banned
|rule|Evasion Items Clause: Evasion items are banned
|rule|Evasion Moves Clause: Evasion moves are banned
|rule|Evasion Abilities Clause: Evasion abilities are banned
|rule|Sleep Moves Clause: Sleep-inducing moves are banned
|clearpoke
|poke|p1|Great Tusk|
|poke|p1|Pecharunt|
|poke|p1|Iron Valiant|
|poke|p1|Iron Crown|
|poke|p1|Samurott-Hisui, M|
|poke|p1|Dragonite, M|
|poke|p2|Sandy Shocks|
|poke|p2|Scizor, M|
|poke|p2|Manaphy|
|poke|p2|Latios, M|
|poke|p2|Ogerpon, F|
|poke|p2|Iron Jugulis|
|teampreview
|inactive|Battle timer is ON: inactive players will automatically lose when time's up. (requested by kfkzzl)
|
|t:|1769317385
|teamsize|p1|6
|teamsize|p2|6
|start
|switch|p1a: Great Tusk|Great Tusk|100/100
|switch|p2a: Ogerpon|Ogerpon, F|100/100
|turn|1
|
|t:|1769317399
|-end|p1a: Great Tusk|Protosynthesis|[silent]
|switch|p1a: Pecharunt|Pecharunt|100/100
|move|p2a: Ogerpon|Ivy Cudgel|p1a: Pecharunt
|-resisted|p1a: Pecharunt
|-damage|p1a: Pecharunt|85/100
|-damage|p2a: Ogerpon|91/100|[from] item: Life Orb
|
|upkeep
|turn|2
|
|t:|1769317414
|switch|p2a: Sandy Shocks|Sandy Shocks|100/100
|-enditem|p2a: Sandy Shocks|Booster Energy
|-activate|p2a: Sandy Shocks|ability: Protosynthesis|[fromitem]
|-start|p2a: Sandy Shocks|protosynthesisspe
|move|p1a: Pecharunt|Parting Shot|p2a: Sandy Shocks
|-unboost|p2a: Sandy Shocks|atk|1
|-unboost|p2a: Sandy Shocks|spa|1
|
|t:|1769317419
|switch|p1a: Dragonite|Dragonite, M|100/100|[from] Parting Shot
|
|upkeep
|turn|3
|
|t:|1769317429
|move|p2a: Sandy Shocks|Discharge|p1a: Dragonite
|-damage|p1a: Dragonite|88/100
|move|p1a: Dragonite|Dragon Dance|p1a: Dragonite
|-boost|p1a: Dragonite|atk|1
|-boost|p1a: Dragonite|spe|1
|
|upkeep
|turn|4
|
|t:|1769317436
|-end|p2a: Sandy Shocks|Protosynthesis|[silent]
|switch|p2a: Manaphy|Manaphy|100/100
|move|p1a: Dragonite|Earthquake|p2a: Manaphy
|-damage|p2a: Manaphy|50/100
|-enditem|p2a: Manaphy|Sitrus Berry|[eat]
|-heal|p2a: Manaphy|75/100|[from] item: Sitrus Berry
|
|upkeep
|turn|5
|
|t:|1769317445
|move|p1a: Dragonite|Dragon Dance|p1a: Dragonite
|-boost|p1a: Dragonite|atk|1
|-boost|p1a: Dragonite|spe|1
|move|p2a: Manaphy|Ice Beam|p1a: Dragonite
|-supereffective|p1a: Dragonite
|-damage|p1a: Dragonite|0 fnt
|faint|p1a: Dragonite
|
|upkeep
|
|t:|1769317455
|switch|p1a: Pecharunt|Pecharunt|85/100
|turn|6
|
|t:|1769317476
|move|p2a: Manaphy|Tail Glow|p2a: Manaphy
|-boost|p2a: Manaphy|spa|3
|move|p1a: Pecharunt|Malignant Chain|p2a: Manaphy
|-damage|p2a: Manaphy|41/100
|
|upkeep
|turn|7
|
|t:|1769317488
|move|p2a: Manaphy|Surf|p1a: Pecharunt
|-damage|p1a: Pecharunt|0 fnt
|faint|p1a: Pecharunt
|
|upkeep
|
|t:|1769317506
|switch|p1a: Iron Crown|Iron Crown|100/100
|turn|8
|
|t:|1769317511
|move|p2a: Manaphy|Surf|p1a: Iron Crown
|-damage|p1a: Iron Crown|30/100
|move|p1a: Iron Crown|Volt Switch|p2a: Manaphy
|-supereffective|p2a: Manaphy
|-damage|p2a: Manaphy|0 fnt
|faint|p2a: Manaphy
|
|t:|1769317515
|-end|p1a: Iron Crown|Quark Drive|[silent]
|switch|p1a: Samurott|Samurott-Hisui, M|100/100|[from] Volt Switch
|
|upkeep
|
|t:|1769317522
|switch|p2a: Ogerpon|Ogerpon, F|91/100
|turn|9
|
|t:|1769317532
|-terastallize|p2a: Ogerpon|Grass
|detailschange|p2a: Ogerpon|Ogerpon-Teal-Tera, F, tera:Grass
|-ability|p2a: Ogerpon|Embody Aspect (Teal)|boost
|-boost|p2a: Ogerpon|spe|1
|-terastallize|p1a: Samurott|Dark
|move|p1a: Samurott|Sucker Punch|p2a: Ogerpon
|-crit|p2a: Ogerpon
|-damage|p2a: Ogerpon|0 fnt
|faint|p2a: Ogerpon
|detailschange|p2: Ogerpon|Ogerpon, F|[silent]
|
|upkeep
|
|t:|1769317541
|switch|p2a: Scizor|Scizor, M|100/100
|turn|10
|
|t:|1769317546
|switch|p1a: Great Tusk|Great Tusk|100/100
|move|p2a: Scizor|Swords Dance|p2a: Scizor
|-boost|p2a: Scizor|atk|2
|
|upkeep
|turn|11
|
|t:|1769317552
|move|p1a: Great Tusk|Headlong Rush|p2a: Scizor
|-damage|p2a: Scizor|42/100
|-unboost|p1a: Great Tusk|def|1
|-unboost|p1a: Great Tusk|spd|1
|-enditem|p2a: Scizor|Sitrus Berry|[eat]
|-heal|p2a: Scizor|67/100|[from] item: Sitrus Berry
|move|p2a: Scizor|Close Combat|p1a: Great Tusk
|-damage|p1a: Great Tusk|0 fnt
|-unboost|p2a: Scizor|def|1
|-unboost|p2a: Scizor|spd|1
|faint|p1a: Great Tusk
|-end|p1a: Great Tusk|Protosynthesis|[silent]
|
|upkeep
|
|t:|1769317566
|switch|p1a: Iron Crown|Iron Crown|30/100
|turn|12
|
|t:|1769317576
|move|p2a: Scizor|Bullet Punch|p1a: Iron Crown
|-resisted|p1a: Iron Crown
|-damage|p1a: Iron Crown|0 fnt
|faint|p1a: Iron Crown
|-end|p1a: Iron Crown|Quark Drive|[silent]
|
|upkeep
|
|t:|1769317580
|switch|p1a: Iron Valiant|Iron Valiant|100/100
|turn|13
|
|t:|1769317584
|move|p1a: Iron Valiant|Vacuum Wave|p2a: Scizor
|-damage|p2a: Scizor|15/100
|move|p2a: Scizor|Bullet Punch|p1a: Iron Valiant
|-supereffective|p1a: Iron Valiant
|-damage|p1a: Iron Valiant|0 fnt
|faint|p1a: Iron Valiant
|-end|p1a: Iron Valiant|Quark Drive|[silent]
|
|upkeep
|
|t:|1769317587
|switch|p1a: Samurott|Samurott-Hisui, M, tera:Dark|100/100
|turn|14
|
|t:|1769317592
|move|p1a: Samurott|Sucker Punch|p2a: Scizor
|-damage|p2a: Scizor|0 fnt
|faint|p2a: Scizor
|
|upkeep
|
|t:|1769317598
|switch|p2a: Sandy Shocks|Sandy Shocks|100/100
|turn|15
|
|t:|1769317605
|move|p1a: Samurott|Sucker Punch|p2a: Sandy Shocks
|-damage|p2a: Sandy Shocks|36/100
|move|p2a: Sandy Shocks|Earth Power|p1a: Samurott
|-damage|p1a: Samurott|35/100
|
|upkeep
|turn|16
|
|t:|1769317610
|move|p1a: Samurott|Sucker Punch|p2a: Sandy Shocks
|-damage|p2a: Sandy Shocks|0 fnt
|faint|p2a: Sandy Shocks
|-end|p2a: Sandy Shocks|Protosynthesis|[silent]
|
|upkeep
|
|t:|1769317612
|switch|p2a: Iron Jugulis|Iron Jugulis|100/100
|-enditem|p2a: Iron Jugulis|Booster Energy
|-activate|p2a: Iron Jugulis|ability: Quark Drive|[fromitem]
|-start|p2a: Iron Jugulis|quarkdrivespe
|turn|17
|
|t:|1769317617
|move|p2a: Iron Jugulis|Earth Power|p1a: Samurott
|-damage|p1a: Samurott|0 fnt
|faint|p1a: Samurott
|
|win|kfkzzl
|raw|KungFuBeer's rating: 1421 &rarr; <strong>1400</strong><br />(-21 for losing)
|raw|kfkzzl's rating: 1402 &rarr; <strong>1423</strong><br />(+21 for winning)
|l|☆kfkzzl
|player|p2|
|l|☆KungFuBeer
|player|p1|
