|j|☆Richard Fondler
|j|☆ADHDinglenuts
|t:|1769418832
|gametype|singles
|player|p1|Richard Fondler|pryce|1151
|player|p2|ADHDinglenuts|2|1160
|gen|9
|tier|[Gen 9] OU
|rated|
|rule|HP Percentage Mod: HP is shown in percentages
|rule|Endless Battle Clause: Forcing endless battles is banned
|rule|Species Clause: Limit one of each Pokémon
|rule|OHKO Clause: OHKO moves are banned
|rule|Evasion Items Clause: Evasion items are banned
|rule|Evasion Moves Clause: Evasion moves are banned
|rule|Evasion Abilities Clause: Evasion abilities are banned
|rule|Sleep Moves Clause: Sleep-inducing moves are banned
|clearpoke
|poke|p1|Tentacruel, F|
|poke|p1|Zapdos|
|poke|p1|Arbok, F|
|poke|p1|Sinistcha-Masterpiece|
|poke|p1|Great Tusk|
|poke|p1|Spidops, F|
|poke|p2|Tyranitar, F|
|poke|p2|Ceruledge, F|
|poke|p2|Gholdengo|
|poke|p2|Kyurem|
|poke|p2|Ogerpon-Wellspring, F|
|poke|p2|Great Tusk|
|teampreview
|
|t:|1769418854
|teamsize|p1|6
|teamsize|p2|6
|start
|switch|p1a: Spidops|Spidops, F|100/100
|switch|p2a: Tyranitar|Tyranitar, F|100/100
|-weather|Sandstorm|[from] ability: Sand Stream|[of] p2a: Tyranitar
|turn|1
|
|t:|1769418869
|move|p2a: Tyranitar|Stone Edge|p1a: Spidops|[miss]
|-miss|p2a: Tyranitar|p1a: Spidops
|move|p1a: Spidops|Sticky Web|p2a: Tyranitar
|-sidestart|p2: ADHDinglenuts|move: Sticky Web
|
|-weather|Sandstorm|[upkeep]
|-damage|p1a: Spidops|94/100|[from] Sandstorm
|upkeep
|turn|2
|
|t:|1769418879
|switch|p1a: Great Tusk|Great Tusk|100/100
|move|p2a: Tyranitar|Stone Edge|p1a: Great Tusk|[miss]
|-miss|p2a: Tyranitar|p1a: Great Tusk
|
|-weather|Sandstorm|[upkeep]
|upkeep
|turn|3
|
|t:|1769418890
|switch|p2a: Gholdengo|Gholdengo|100/100
|-item|p2a: Gholdengo|Air Balloon
|move|p1a: Great Tusk|Rapid Spin|p2a: Gholdengo
|-immune|p2a: Gholdengo
|
|-weather|Sandstorm|[upkeep]
|upkeep
|turn|4
|
|t:|1769418902
|move|p1a: Great Tusk|Ice Spinner|p2a: Gholdengo
|-resisted|p2a: Gholdengo
|-damage|p2a: Gholdengo|86/100
|-enditem|p2a: Gholdengo|Air Balloon
|move|p2a: Gholdengo|Make It Rain|p1a: Great Tusk
|-damage|p1a: Great Tusk|25/100
|-unboost|p2a: Gholdengo|spa|1
|
|-weather|Sandstorm|[upkeep]
|upkeep
|turn|5
|
|t:|1769418914
|switch|p2a: Ogerpon|Ogerpon-Wellspring, F|100/100
|-activate|p2a: Ogerpon|move: Sticky Web
|-unboost|p2a: Ogerpon|spe|1
|move|p1a: Great Tusk|Headlong Rush|p2a: Ogerpon
|-resisted|p2a: Ogerpon
|-damage|p2a: Ogerpon|52/100
|-unboost|p1a: Great Tusk|def|1
|-unboost|p1a: Great Tusk|spd|1
|
|-weather|none
|upkeep
|turn|6
|
|t:|1769418934
|move|p1a: Great Tusk|Close Combat|p2a: Ogerpon
|-damage|p2a: Ogerpon|0 fnt
|-unboost|p1a: Great Tusk|def|1
|-unboost|p1a: Great Tusk|spd|1
|faint|p2a: Ogerpon
|
|upkeep
|
|t:|1769418940
|switch|p2a: Great Tusk|Great Tusk|100/100
|-activate|p2a: Great Tusk|move: Sticky Web
|-unboost|p2a: Great Tusk|spe|1
|-enditem|p2a: Great Tusk|Booster Energy
|-activate|p2a: Great Tusk|ability: Protosynthesis|[fromitem]
|-start|p2a: Great Tusk|protosynthesisatk
|turn|7
|
|t:|1769418967
|-end|p1a: Great Tusk|Protosynthesis|[silent]
|switch|p1a: Zapdos|Zapdos|100/100
|-end|p2a: Great Tusk|Protosynthesis|[silent]
|switch|p2a: Ceruledge|Ceruledge, F|100/100
|-activate|p2a: Ceruledge|move: Sticky Web
|-unboost|p2a: Ceruledge|spe|1
|
|upkeep
|turn|8
|
|t:|1769418979
|move|p1a: Zapdos|Volt Switch|p2a: Ceruledge
|-damage|p2a: Ceruledge|61/100
|
|t:|1769418983
|switch|p1a: Arbok|Arbok, F|100/100|[from] Volt Switch
|-ability|p1a: Arbok|Intimidate|boost
|-unboost|p2a: Ceruledge|atk|1
|move|p2a: Ceruledge|Bitter Blade|p1a: Arbok
|-damage|p1a: Arbok|55/100
|-heal|p2a: Ceruledge|87/100|[from] drain|[of] p1a: Arbok
|-damage|p2a: Ceruledge|77/100|[from] item: Life Orb
|
|-heal|p1a: Arbok|61/100|[from] item: Black Sludge
|upkeep
|turn|9
|
|t:|1769418996
|switch|p2a: Great Tusk|Great Tusk|100/100
|-activate|p2a: Great Tusk|move: Sticky Web
|-unboost|p2a: Great Tusk|spe|1
|move|p1a: Arbok|Protect||[still]
|-fail|p1a: Arbok
|
|-heal|p1a: Arbok|67/100|[from] item: Black Sludge
|upkeep
|turn|10
|
|t:|1769419014
|-terastallize|p1a: Arbok|Grass
|move|p2a: Great Tusk|Rapid Spin|p1a: Arbok
|-damage|p1a: Arbok|50/100
|-boost|p2a: Great Tusk|spe|1
|-sideend|p2: ADHDinglenuts|Sticky Web|[from] move: Rapid Spin|[of] p2a: Great Tusk
|move|p1a: Arbok|Coil|p1a: Arbok
|-boost|p1a: Arbok|atk|1
|-boost|p1a: Arbok|def|1
|-boost|p1a: Arbok|accuracy|1
|
|-damage|p1a: Arbok|38/100|[from] item: Black Sludge
|upkeep
|turn|11
|-message|Richard Fondler forfeited.
|
|win|ADHDinglenuts
|raw|Richard Fondler's rating: 1151 &rarr; <strong>1127</strong><br />(-24 for losing)
|raw|ADHDinglenuts's rating: 1160 &rarr; <strong>1184</strong><br />(+24 for winning)
|l|☆Richard Fondler
|player|p1|
|l|☆ADHDinglenuts
|player|p2|
