|j|☆LaportaPotty
|j|☆sableye555
|t:|1769318047
|gametype|singles
|player|p1|LaportaPotty|169|1462
|player|p2|sableye555|gentleman-gen4|1418
|gen|9
|tier|[Gen 9] OU
|rated|
|rule|HP Percentage Mod: HP is shown in percentages
|rule|Endless Battle Clause: Forcing endless battles is banned
|rule|Species Clause: Limit one of each Pokémon
|rule|OHKO Clause: OHKO moves are banned
|rule|Evasion Items Clause: Evasion items are banned
|rule|Evasion Moves Clause: Evasion moves are banned
|rule|Evasion Abilities Clause: Evasion abilities are banned
|rule|Sleep Moves Clause: Sleep-inducing moves are banned
|clearpoke
|poke|p1|Okidogi, M|
|poke|p1|Ting-Lu|
|poke|p1|Raging Bolt|
|poke|p1|Moltres|
|poke|p1|Sinistcha|
|poke|p1|Iron Treads|
|poke|p2|Slowking-Galar, M|
|poke|p2|Lokix, M|
|poke|p2|Iron Moth|
|poke|p2|Ogerpon-Wellspring, F|
|poke|p2|Iron Valiant|
|poke|p2|Cinderace, F|
|teampreview
|inactive|Battle timer is ON: inactive players will automatically lose when time's up. (requested by sableye555)
|
|t:|1769318056
|teamsize|p1|6
|teamsize|p2|6
|start
|switch|p1a: Ting-Lu|Ting-Lu|100/100
|switch|p2a: Slowking|Slowking-Galar, M, shiny|100/100
|-ability|p1a: Ting-Lu|Vessel of Ruin
|turn|1
|
|t:|1769318064
|move|p1a: Ting-Lu|Earthquake|p2a: Slowking
|-supereffective|p2a: Slowking
|-damage|p2a: Slowking|40/100
|move|p2a: Slowking|Toxic|p1a: Ting-Lu
|-status|p1a: Ting-Lu|tox
|
|-heal|p2a: Slowking|46/100|[from] item: Leftovers
|-damage|p1a: Ting-Lu|94/100 tox|[from] psn
|upkeep
|turn|2
|
|t:|1769318076
|switch|p2a: Ogerpon|Ogerpon-Wellspring, F|100/100
|move|p1a: Ting-Lu|Earthquake|p2a: Ogerpon
|-resisted|p2a: Ogerpon
|-damage|p2a: Ogerpon|75/100
|
|-damage|p1a: Ting-Lu|82/100 tox|[from] psn
|upkeep
|turn|3
|
|t:|1769318090
|switch|p2a: BigXthaBug|Lokix, M|100/100
|switch|p1a: Sinistcha|Sinistcha|100/100
|
|upkeep
|turn|4
|
|t:|1769318096
|switch|p1a: Moltres|Moltres|100/100
|-terastallize|p2a: BigXthaBug|Bug
|move|p2a: BigXthaBug|U-turn|p1a: Moltres
|-resisted|p1a: Moltres
|-damage|p1a: Moltres|78/100
|-status|p2a: BigXthaBug|brn|[from] ability: Flame Body|[of] p1a: Moltres
|c|☆sableye555|100% burn every time lol
|inactive|sableye555 has 120 seconds left.
|
|t:|1769318130
|switch|p2a: Slowking|Slowking-Galar, M, shiny|79/100|[from] U-turn
|
|-heal|p2a: Slowking|85/100|[from] item: Leftovers
|upkeep
|turn|5
|
|t:|1769318149
|switch|p1a: Iron Treads|Iron Treads|100/100
|move|p2a: Slowking|Toxic|p1a: Iron Treads
|-immune|p1a: Iron Treads
|
|-heal|p2a: Slowking|91/100|[from] item: Leftovers
|upkeep
|turn|6
|
|t:|1769318161
|switch|p2a: Ogerpon|Ogerpon-Wellspring, F|75/100
|move|p1a: Iron Treads|Rapid Spin|p2a: Ogerpon
|-damage|p2a: Ogerpon|54/100
|-boost|p1a: Iron Treads|spe|1
|
|upkeep
|turn|7
|
|t:|1769318182
|-terastallize|p1a: Iron Treads|Steel
|move|p1a: Iron Treads|Ice Spinner|p2a: Ogerpon
|-damage|p2a: Ogerpon|22/100
|move|p2a: Ogerpon|Ivy Cudgel|p1a: Iron Treads|[anim] Ivy Cudgel Water
|-damage|p1a: Iron Treads|45/100
|
|upkeep
|turn|8
|inactive|sableye555 has 120 seconds left.
|inactive|LaportaPotty has 120 seconds left.
|
|t:|1769318210
|switch|p2a: BigXthaBug|Lokix, M, tera:Bug|100/100 brn
|move|p1a: Iron Treads|Earthquake|p2a: BigXthaBug
|-resisted|p2a: BigXthaBug
|-damage|p2a: BigXthaBug|64/100 brn
|
|-damage|p2a: BigXthaBug|58/100 brn|[from] brn
|upkeep
|turn|9
|inactive|sableye555 has 120 seconds left.
|
|t:|1769318223
|move|p1a: Iron Treads|Iron Head|p2a: BigXthaBug
|-damage|p2a: BigXthaBug|0 fnt
|faint|p2a: BigXthaBug
|
|upkeep
|
|t:|1769318226
|switch|p2a: Iron Valiant|Iron Valiant|100/100
|-enditem|p2a: Iron Valiant|Booster Energy
|-activate|p2a: Iron Valiant|ability: Quark Drive|[fromitem]
|-start|p2a: Iron Valiant|quarkdrivespe
|turn|10
|
|t:|1769318233
|-end|p1a: Iron Treads|Quark Drive|[silent]
|switch|p1a: Moltres|Moltres|78/100
|move|p2a: Iron Valiant|Vacuum Wave|p1a: Moltres
|-resisted|p1a: Moltres
|-damage|p1a: Moltres|69/100
|
|upkeep
|turn|11
|
|t:|1769318241
|move|p2a: Iron Valiant|Calm Mind|p2a: Iron Valiant
|-boost|p2a: Iron Valiant|spa|1
|-boost|p2a: Iron Valiant|spd|1
|move|p1a: Moltres|Roost|p1a: Moltres
|-heal|p1a: Moltres|100/100
|-singleturn|p1a: Moltres|move: Roost
|
|upkeep
|turn|12
|
|t:|1769318247
|move|p2a: Iron Valiant|Calm Mind|p2a: Iron Valiant
|-boost|p2a: Iron Valiant|spa|1
|-boost|p2a: Iron Valiant|spd|1
|move|p1a: Moltres|Roar|p2a: Iron Valiant
|-end|p2a: Iron Valiant|Quark Drive|[silent]
|drag|p2a: Slowking|Slowking-Galar, M, shiny|100/100
|
|upkeep
|turn|13
|
|t:|1769318254
|switch|p1a: Ting-Lu|Ting-Lu|82/100 tox
|-ability|p1a: Ting-Lu|Vessel of Ruin
|-prepare|p2a: Slowking|Chilly Reception|[premajor]
|move|p2a: Slowking|Chilly Reception|p2a: Slowking
|-weather|Snowscape
|
|t:|1769318259
|switch|p2a: Iron Valiant|Iron Valiant|100/100|[from] Chilly Reception
|
|-weather|Snowscape|[upkeep]
|-damage|p1a: Ting-Lu|76/100 tox|[from] psn
|upkeep
|turn|14
|
|t:|1769318268
|move|p2a: Iron Valiant|Calm Mind|p2a: Iron Valiant
|-boost|p2a: Iron Valiant|spa|1
|-boost|p2a: Iron Valiant|spd|1
|move|p1a: Ting-Lu|Spikes|p2a: Iron Valiant
|-sidestart|p2: sableye555|Spikes
|
|-weather|Snowscape|[upkeep]
|-damage|p1a: Ting-Lu|63/100 tox|[from] psn
|upkeep
|turn|15
|
|t:|1769318278
|switch|p1a: Okidogi|Okidogi, M|100/100
|move|p2a: Iron Valiant|Moonblast|p1a: Okidogi
|-damage|p1a: Okidogi|51/100
|
|-weather|Snowscape|[upkeep]
|upkeep
|turn|16
|
|t:|1769318286
|move|p2a: Iron Valiant|Moonblast|p1a: Okidogi
|-damage|p1a: Okidogi|0 fnt
|faint|p1a: Okidogi
|
|-weather|Snowscape|[upkeep]
|upkeep
|
|t:|1769318289
|switch|p1a: Moltres|Moltres|100/100
|turn|17
|
|t:|1769318295
|move|p2a: Iron Valiant|Shadow Ball|p1a: Moltres
|-damage|p1a: Moltres|61/100
|move|p1a: Moltres|Flamethrower|p2a: Iron Valiant
|-damage|p2a: Iron Valiant|52/100
|
|-weather|none
|upkeep
|turn|18
|
|t:|1769318306
|move|p2a: Iron Valiant|Calm Mind|p2a: Iron Valiant
|-boost|p2a: Iron Valiant|spa|1
|-boost|p2a: Iron Valiant|spd|1
|move|p1a: Moltres|Roar|p2a: Iron Valiant
|-end|p2a: Iron Valiant|Quark Drive|[silent]
|drag|p2a: Iron Moth|Iron Moth|100/100
|-damage|p2a: Iron Moth|88/100|[from] Spikes
|-enditem|p2a: Iron Moth|Booster Energy
|-activate|p2a: Iron Moth|ability: Quark Drive|[fromitem]
|-start|p2a: Iron Moth|quarkdrivespe
|
|upkeep
|turn|19
|
|t:|1769318313
|move|p2a: Iron Moth|Discharge|p1a: Moltres
|-supereffective|p1a: Moltres
|-damage|p1a: Moltres|2/100
|move|p1a: Moltres|Roost|p1a: Moltres
|-heal|p1a: Moltres|52/100
|-singleturn|p1a: Moltres|move: Roost
|
|upkeep
|turn|20
|
|t:|1769318321
|switch|p1a: Ting-Lu|Ting-Lu|63/100 tox
|-ability|p1a: Ting-Lu|Vessel of Ruin
|move|p2a: Iron Moth|Fiery Dance|p1a: Ting-Lu
|-damage|p1a: Ting-Lu|47/100 tox
|-boost|p2a: Iron Moth|spa|1
|-enditem|p1a: Ting-Lu|Red Card|[of] p2a: Iron Moth
|-end|p2a: Iron Moth|Quark Drive|[silent]
|drag|p2a: Slowking|Slowking-Galar, M, shiny|100/100
|-damage|p2a: Slowking|88/100|[from] Spikes
|
|-heal|p2a: Slowking|94/100|[from] item: Leftovers
|-damage|p1a: Ting-Lu|41/100 tox|[from] psn
|upkeep
|turn|21
|
|t:|1769318336
|switch|p2a: Ogerpon|Ogerpon-Wellspring, F|22/100
|-damage|p2a: Ogerpon|10/100|[from] Spikes
|move|p1a: Ting-Lu|Earthquake|p2a: Ogerpon
|-resisted|p2a: Ogerpon
|-damage|p2a: Ogerpon|0 fnt
|faint|p2a: Ogerpon
|
|-damage|p1a: Ting-Lu|29/100 tox|[from] psn
|upkeep
|
|t:|1769318342
|switch|p2a: Cinderace|Cinderace, F|100/100
|turn|22
|
|t:|1769318345
|move|p2a: Cinderace|U-turn|p1a: Ting-Lu
|-start|p2a: Cinderace|typechange|Bug|[from] ability: Libero
|-supereffective|p1a: Ting-Lu
|-damage|p1a: Ting-Lu|0 fnt
|faint|p1a: Ting-Lu
|
|t:|1769318350
|switch|p2a: Slowking|Slowking-Galar, M, shiny|100/100|[from] U-turn
|-damage|p2a: Slowking|88/100|[from] Spikes
|
|-heal|p2a: Slowking|94/100|[from] item: Leftovers
|upkeep
|
|t:|1769318355
|switch|p1a: Iron Treads|Iron Treads, tera:Steel|45/100
|turn|23
|
|t:|1769318360
|move|p1a: Iron Treads|Rapid Spin|p2a: Slowking
|-damage|p2a: Slowking|82/100
|-boost|p1a: Iron Treads|spe|1
|move|p2a: Slowking|Flamethrower|p1a: Iron Treads
|-supereffective|p1a: Iron Treads
|-damage|p1a: Iron Treads|0 fnt
|faint|p1a: Iron Treads
|-end|p1a: Iron Treads|Quark Drive|[silent]
|
|-heal|p2a: Slowking|88/100|[from] item: Leftovers
|upkeep
|
|t:|1769318364
|switch|p1a: Raging Bolt|Raging Bolt|100/100
|-enditem|p1a: Raging Bolt|Booster Energy
|-activate|p1a: Raging Bolt|ability: Protosynthesis|[fromitem]
|-start|p1a: Raging Bolt|protosynthesisspa
|turn|24
|
|t:|1769318370
|move|p1a: Raging Bolt|Calm Mind|p1a: Raging Bolt
|-boost|p1a: Raging Bolt|spa|1
|-boost|p1a: Raging Bolt|spd|1
|move|p2a: Slowking|Toxic|p1a: Raging Bolt
|-status|p1a: Raging Bolt|tox
|
|-heal|p2a: Slowking|94/100|[from] item: Leftovers
|-damage|p1a: Raging Bolt|94/100 tox|[from] psn
|upkeep
|turn|25
|
|t:|1769318379
|move|p1a: Raging Bolt|Thunderbolt|p2a: Slowking
|-damage|p2a: Slowking|13/100
|-prepare|p2a: Slowking|Chilly Reception|[premajor]
|move|p2a: Slowking|Chilly Reception|p2a: Slowking
|-weather|Snowscape
|
|t:|1769318393
|switch|p2a: Iron Valiant|Iron Valiant|52/100|[from] Chilly Reception
|-damage|p2a: Iron Valiant|39/100|[from] Spikes
|
|-weather|Snowscape|[upkeep]
|-damage|p1a: Raging Bolt|82/100 tox|[from] psn
|upkeep
|turn|26
|
|t:|1769318399
|move|p2a: Iron Valiant|Vacuum Wave|p1a: Raging Bolt
|-damage|p1a: Raging Bolt|71/100 tox
|move|p1a: Raging Bolt|Thunderbolt|p2a: Iron Valiant
|-damage|p2a: Iron Valiant|0 fnt
|faint|p2a: Iron Valiant
|-end|p2a: Iron Valiant|Quark Drive|[silent]
|
|-weather|Snowscape|[upkeep]
|-damage|p1a: Raging Bolt|52/100 tox|[from] psn
|upkeep
|
|t:|1769318410
|switch|p2a: Cinderace|Cinderace, F|100/100
|turn|27
|
|t:|1769318419
|move|p1a: Raging Bolt|Thunderclap|p2a: Cinderace
|-damage|p2a: Cinderace|0 fnt
|faint|p2a: Cinderace
|
|-weather|Snowscape|[upkeep]
|-damage|p1a: Raging Bolt|28/100 tox|[from] psn
|upkeep
|
|t:|1769318425
|switch|p2a: Iron Moth|Iron Moth|88/100
|-damage|p2a: Iron Moth|76/100|[from] Spikes
|turn|28
|
|t:|1769318430
|-end|p2a: Iron Moth|Quark Drive|[silent]
|switch|p2a: Slowking|Slowking-Galar, M, shiny|46/100
|-damage|p2a: Slowking|34/100|[from] Spikes
|move|p1a: Raging Bolt|Thunderbolt|p2a: Slowking
|-damage|p2a: Slowking|0 fnt
|faint|p2a: Slowking
|
|-weather|Snowscape|[upkeep]
|-damage|p1a: Raging Bolt|0 fnt|[from] psn
|faint|p1a: Raging Bolt
|-end|p1a: Raging Bolt|Protosynthesis|[silent]
|upkeep
|
|t:|1769318441
|switch|p1a: Sinistcha|Sinistcha|100/100
|switch|p2a: Iron Moth|Iron Moth|76/100
|-damage|p2a: Iron Moth|63/100|[from] Spikes
|turn|29
|
|t:|1769318452
|move|p2a: Iron Moth|Fiery Dance|p1a: Sinistcha
|-supereffective|p1a: Sinistcha
|-damage|p1a: Sinistcha|57/100
|move|p1a: Sinistcha|Scald|p2a: Iron Moth
|-supereffective|p2a: Iron Moth
|-damage|p2a: Iron Moth|22/100
|
|-weather|none
|upkeep
|turn|30
|
|t:|1769318461
|move|p2a: Iron Moth|Fiery Dance|p1a: Sinistcha
|-supereffective|p1a: Sinistcha
|-damage|p1a: Sinistcha|7/100
|move|p1a: Sinistcha|Strength Sap|p2a: Iron Moth
|-unboost|p2a: Iron Moth|atk|1
|-heal|p1a: Sinistcha|45/100
|
|upkeep
|turn|31
|
|t:|1769318468
|move|p2a: Iron Moth|Fiery Dance|p1a: Sinistcha
|-supereffective|p1a: Sinistcha
|-damage|p1a: Sinistcha|0 fnt
|faint|p1a: Sinistcha
|
|upkeep
|
|t:|1769318470
|switch|p1a: Moltres|Moltres|52/100
|turn|32
|
|t:|1769318476
|move|p2a: Iron Moth|Discharge|p1a: Moltres
|-supereffective|p1a: Moltres
|-damage|p1a: Moltres|0 fnt
|faint|p1a: Moltres
|
|win|sableye555
|raw|LaportaPotty's rating: 1462 &rarr; <strong>1439</strong><br />(-23 for losing)
|raw|sableye555's rating: 1418 &rarr; <strong>1441</strong><br />(+23 for winning)
|l|☆LaportaPotty
|player|p1|
|l|☆sableye555
|player|p2|
