|j|☆kshuaib734
|j|☆Einarorn1
|t:|1769347693
|gametype|singles
|player|p1|kshuaib734|steven|1547
|player|p2|Einarorn1|1|1504
|gen|9
|tier|[Gen 9] OU
|rated|
|rule|HP Percentage Mod: HP is shown in percentages
|rule|Endless Battle Clause: Forcing endless battles is banned
|rule|Species Clause: Limit one of each Pokémon
|rule|OHKO Clause: OHKO moves are banned
|rule|Evasion Items Clause: Evasion items are banned
|rule|Evasion Moves Clause: Evasion moves are banned
|rule|Evasion Abilities Clause: Evasion abilities are banned
|rule|Sleep Moves Clause: Sleep-inducing moves are banned
|clearpoke
|poke|p1|Tyranitar, M|
|poke|p1|Thundurus, M|
|poke|p1|Pelipper, F|
|poke|p1|Quaquaval, F|
|poke|p1|Kingdra, M|
|poke|p1|Excadrill, M|
|poke|p2|Garchomp, F|
|poke|p2|Iron Valiant|
|poke|p2|Tyranitar, M|
|poke|p2|Rotom-Wash|
|poke|p2|Pecharunt|
|poke|p2|Corviknight, M|
|teampreview
|inactive|Battle timer is ON: inactive players will automatically lose when time's up. (requested by kshuaib734)
|
|t:|1769347723
|teamsize|p1|6
|teamsize|p2|6
|start
|switch|p1a: King Tyrant|Tyranitar, M|100/100
|switch|p2a: Garchomp|Garchomp, F|100/100
|-weather|Sandstorm|[from] ability: Sand Stream|[of] p1a: King Tyrant
|turn|1
|
|t:|1769347729
|move|p2a: Garchomp|Earthquake|p1a: King Tyrant
|-supereffective|p1a: King Tyrant
|-damage|p1a: King Tyrant|41/100
|-enditem|p1a: King Tyrant|Weakness Policy
|-boost|p1a: King Tyrant|atk|2|[from] item: Weakness Policy
|-boost|p1a: King Tyrant|spa|2|[from] item: Weakness Policy
|move|p1a: King Tyrant|Ice Beam|p2a: Garchomp
|-supereffective|p2a: Garchomp
|-damage|p2a: Garchomp|0 fnt
|faint|p2a: Garchomp
|
|-weather|Sandstorm|[upkeep]
|upkeep
|
|t:|1769347742
|switch|p2a: Rotom|Rotom-Wash|100/100
|turn|2
|
|t:|1769347748
|move|p2a: Rotom|Hydro Pump|p1a: King Tyrant
|-supereffective|p1a: King Tyrant
|-damage|p1a: King Tyrant|0 fnt
|faint|p1a: King Tyrant
|
|-weather|Sandstorm|[upkeep]
|-damage|p2a: Rotom|94/100|[from] Sandstorm
|upkeep
|
|t:|1769347762
|switch|p1a: Tyrant's Enforcer|Thundurus, M|100/100
|turn|3
|
|t:|1769347769
|move|p2a: Rotom|Hydro Pump|p1a: Tyrant's Enforcer
|-damage|p1a: Tyrant's Enforcer|29/100
|move|p1a: Tyrant's Enforcer|Volt Switch|p2a: Rotom
|-damage|p2a: Rotom|46/100
|
|t:|1769347777
|switch|p1a: Tyrant's Legacy|Excadrill, M|100/100|[from] Volt Switch
|
|-weather|Sandstorm|[upkeep]
|-damage|p2a: Rotom|40/100|[from] Sandstorm
|upkeep
|turn|4
|
|t:|1769347783
|-terastallize|p1a: Tyrant's Legacy|Electric
|move|p1a: Tyrant's Legacy|Tera Blast|p2a: Rotom|[anim] Tera Blast Electric
|-damage|p2a: Rotom|0 fnt
|faint|p2a: Rotom
|-damage|p1a: Tyrant's Legacy|91/100|[from] item: Life Orb
|
|-weather|Sandstorm|[upkeep]
|upkeep
|inactive|Einarorn1 has 120 seconds left.
|
|t:|1769347822
|switch|p2a: Corviknight|Corviknight, M|100/100
|-ability|p2a: Corviknight|Pressure
|turn|5
|
|t:|1769347831
|move|p1a: Tyrant's Legacy|Tera Blast|p2a: Corviknight|[anim] Tera Blast Electric
|-supereffective|p2a: Corviknight
|-damage|p2a: Corviknight|33/100
|-damage|p1a: Tyrant's Legacy|81/100|[from] item: Life Orb
|move|p2a: Corviknight|U-turn|p1a: Tyrant's Legacy
|-damage|p1a: Tyrant's Legacy|60/100
|
|t:|1769347839
|switch|p2a: Iron Valiant|Iron Valiant, shiny|100/100|[from] U-turn
|-enditem|p2a: Iron Valiant|Booster Energy
|-activate|p2a: Iron Valiant|ability: Quark Drive|[fromitem]
|-start|p2a: Iron Valiant|quarkdrivespe
|
|-weather|none
|upkeep
|turn|6
|
|t:|1769347860
|switch|p1a: Tyrant's Enforcer|Thundurus, M|29/100
|move|p2a: Iron Valiant|Close Combat|p1a: Tyrant's Enforcer
|-resisted|p1a: Tyrant's Enforcer
|-damage|p1a: Tyrant's Enforcer|0 fnt
|-unboost|p2a: Iron Valiant|def|1
|-unboost|p2a: Iron Valiant|spd|1
|-enditem|p1a: Tyrant's Enforcer|Jaboca Berry|[eat]
|-damage|p2a: Iron Valiant|88/100|[from] item: Jaboca Berry|[of] p1a: Tyrant's Enforcer
|faint|p1a: Tyrant's Enforcer
|
|upkeep
|
|t:|1769347870
|switch|p1a: Tyrant's Downpour|Pelipper, F|100/100
|-weather|RainDance|[from] ability: Drizzle|[of] p1a: Tyrant's Downpour
|turn|7
|
|t:|1769347881
|-end|p2a: Iron Valiant|Quark Drive|[silent]
|switch|p2a: Corviknight|Corviknight, M|33/100
|-ability|p2a: Corviknight|Pressure
|move|p1a: Tyrant's Downpour|Weather Ball|p2a: Corviknight
|-damage|p2a: Corviknight|0 fnt
|faint|p2a: Corviknight
|
|-weather|RainDance|[upkeep]
|upkeep
|
|t:|1769347893
|switch|p2a: Tyranitar|Tyranitar, M|100/100
|-weather|Sandstorm|[from] ability: Sand Stream|[of] p2a: Tyranitar
|turn|8
|
|t:|1769347905
|switch|p1a: Tyrant's Vengeance|Kingdra, M|100/100
|move|p2a: Tyranitar|Knock Off|p1a: Tyrant's Vengeance
|-damage|p1a: Tyrant's Vengeance|37/100
|-enditem|p1a: Tyrant's Vengeance|Life Orb|[from] move: Knock Off|[of] p2a: Tyranitar
|
|-weather|Sandstorm|[upkeep]
|-damage|p1a: Tyrant's Vengeance|31/100|[from] Sandstorm
|upkeep
|turn|9
|
|t:|1769347925
|move|p1a: Tyrant's Vengeance|Scald|p2a: Tyranitar
|-supereffective|p2a: Tyranitar
|-damage|p2a: Tyranitar|54/100
|-status|p2a: Tyranitar|brn
|move|p2a: Tyranitar|Knock Off|p1a: Tyrant's Vengeance
|-damage|p1a: Tyrant's Vengeance|9/100
|
|-weather|Sandstorm|[upkeep]
|-damage|p1a: Tyrant's Vengeance|3/100|[from] Sandstorm
|-damage|p2a: Tyranitar|48/100 brn|[from] brn
|upkeep
|turn|10
|
|t:|1769347940
|move|p1a: Tyrant's Vengeance|Scald|p2a: Tyranitar
|-supereffective|p2a: Tyranitar
|-damage|p2a: Tyranitar|5/100 brn
|move|p2a: Tyranitar|Ice Beam|p1a: Tyrant's Vengeance
|-damage|p1a: Tyrant's Vengeance|0 fnt
|faint|p1a: Tyrant's Vengeance
|
|-weather|Sandstorm|[upkeep]
|-damage|p2a: Tyranitar|0 fnt|[from] brn
|faint|p2a: Tyranitar
|upkeep
|inactive|kshuaib734 has 120 seconds left.
|
|t:|1769347950
|switch|p1a: Tyrant's Legacy|Excadrill, M, tera:Electric|60/100
|switch|p2a: Pecharunt|Pecharunt|100/100
|turn|11
|inactive|kshuaib734 has 120 seconds left.
|
|t:|1769347965
|-terastallize|p2a: Pecharunt|Dark
|move|p1a: Tyrant's Legacy|Earthquake|p2a: Pecharunt
|-damage|p2a: Pecharunt|43/100
|-damage|p1a: Tyrant's Legacy|50/100|[from] item: Life Orb
|move|p2a: Pecharunt|Malignant Chain|p1a: Tyrant's Legacy
|-damage|p1a: Tyrant's Legacy|0 fnt
|faint|p1a: Tyrant's Legacy
|
|-weather|Sandstorm|[upkeep]
|-damage|p2a: Pecharunt|37/100|[from] Sandstorm
|upkeep
|inactive|kshuaib734 has 120 seconds left.
|inactive|kshuaib734 has 90 seconds left.
|
|t:|1769348001
|switch|p1a: Tyrant's Endgame|Quaquaval, F|100/100
|turn|12
|
|t:|1769348013
|move|p2a: Pecharunt|Recover|p2a: Pecharunt
|-heal|p2a: Pecharunt|88/100
|move|p1a: Tyrant's Endgame|Close Combat|p2a: Pecharunt
|-supereffective|p2a: Pecharunt
|-damage|p2a: Pecharunt|0 fnt
|-unboost|p1a: Tyrant's Endgame|def|1
|-unboost|p1a: Tyrant's Endgame|spd|1
|faint|p2a: Pecharunt
|-ability|p1a: Tyrant's Endgame|Moxie|boost
|-boost|p1a: Tyrant's Endgame|atk|1
|-damage|p1a: Tyrant's Endgame|91/100|[from] item: Life Orb
|
|-weather|none
|upkeep
|
|t:|1769348016
|switch|p2a: Iron Valiant|Iron Valiant, shiny|88/100
|turn|13
|
|t:|1769348026
|move|p1a: Tyrant's Endgame|Aqua Jet|p2a: Iron Valiant
|-damage|p2a: Iron Valiant|35/100
|-damage|p1a: Tyrant's Endgame|81/100|[from] item: Life Orb
|move|p2a: Iron Valiant|Moonblast|p1a: Tyrant's Endgame
|-supereffective|p1a: Tyrant's Endgame
|-damage|p1a: Tyrant's Endgame|0 fnt
|faint|p1a: Tyrant's Endgame
|
|upkeep
|
|t:|1769348039
|switch|p1a: Tyrant's Downpour|Pelipper, F|100/100
|-weather|RainDance|[from] ability: Drizzle|[of] p1a: Tyrant's Downpour
|turn|14
|
|t:|1769348045
|move|p2a: Iron Valiant|Swords Dance|p2a: Iron Valiant
|-boost|p2a: Iron Valiant|atk|2
|move|p1a: Tyrant's Downpour|Weather Ball|p2a: Iron Valiant
|-crit|p2a: Iron Valiant
|-damage|p2a: Iron Valiant|0 fnt
|faint|p2a: Iron Valiant
|-end|p2a: Iron Valiant|Quark Drive|[silent]
|
|win|kshuaib734
|raw|kshuaib734's rating: 1547 &rarr; <strong>1565</strong><br />(+18 for winning)
|raw|Einarorn1's rating: 1504 &rarr; <strong>1486</strong><br />(-18 for losing)
|l|☆Einarorn1
|player|p2|
|l|☆kshuaib734
|player|p1|
