|j|☆CambridgeFoulPlay
|j|☆OP Sand
|t:|1769326060
|gametype|singles
|player|p1|CambridgeFoulPlay|266|1621
|player|p2|OP Sand|giovanni-masters|1651
|gen|9
|tier|[Gen 9] OU
|rated|
|rule|HP Percentage Mod: HP is shown in percentages
|rule|Endless Battle Clause: Forcing endless battles is banned
|rule|Species Clause: Limit one of each Pokémon
|rule|OHKO Clause: OHKO moves are banned
|rule|Evasion Items Clause: Evasion items are banned
|rule|Evasion Moves Clause: Evasion moves are banned
|rule|Evasion Abilities Clause: Evasion abilities are banned
|rule|Sleep Moves Clause: Sleep-inducing moves are banned
|clearpoke
|poke|p1|Hydrapple, M|
|poke|p1|Tyranitar, F|
|poke|p1|Moltres|
|poke|p1|Zamazenta-*|
|poke|p1|Slowking-Galar, F|
|poke|p1|Excadrill, F|
|poke|p2|Excadrill, F|
|poke|p2|Tyranitar, M|
|poke|p2|Kyurem|
|poke|p2|Hawlucha, M|
|poke|p2|Pawmot, M|
|poke|p2|Greninja-*, M|
|teampreview
|inactive|Battle timer is ON: inactive players will automatically lose when time's up. (requested by OP Sand)
|c|☆CambridgeFoulPlay|hf
|inactive|CambridgeFoulPlay also wants the timer to be on.
|
|t:|1769326080
|teamsize|p1|6
|teamsize|p2|6
|start
|switch|p1a: Zamazenta|Zamazenta|100/100
|switch|p2a: Frieza|Kyurem, shiny|100/100
|-ability|p1a: Zamazenta|Dauntless Shield|boost
|-boost|p1a: Zamazenta|def|1
|-ability|p2a: Frieza|Pressure
|turn|1
|
|t:|1769326086
|switch|p2a: Itachi|Hawlucha, M, shiny|100/100
|-ability|p2a: Itachi|Mold Breaker
|move|p1a: Zamazenta|Body Press|p2a: Itachi
|-resisted|p2a: Itachi
|-damage|p2a: Itachi|59/100
|-enditem|p2a: Itachi|Red Card|[of] p1a: Zamazenta
|drag|p1a: Slowking|Slowking-Galar, F|100/100
|
|upkeep
|turn|2
|
|t:|1769326089
|switch|p2a: Shukaku|Tyranitar, M, shiny|100/100
|-weather|Sandstorm|[from] ability: Sand Stream|[of] p2a: Shukaku
|move|p1a: Slowking|Ice Beam|p2a: Shukaku
|-damage|p2a: Shukaku|85/100
|-status|p2a: Shukaku|frz
|
|-weather|Sandstorm|[upkeep]
|-damage|p1a: Slowking|94/100|[from] Sandstorm
|upkeep
|turn|3
|
|t:|1769326099
|switch|p2a: OP|Excadrill, F|100/100
|switch|p1a: Zamazenta|Zamazenta|100/100
|
|-weather|Sandstorm|[upkeep]
|-damage|p1a: Zamazenta|94/100|[from] Sandstorm
|-heal|p1a: Zamazenta|100/100|[from] item: Leftovers
|upkeep
|turn|4
|
|t:|1769326103
|move|p2a: OP|Iron Head|p1a: Zamazenta
|-damage|p1a: Zamazenta|47/100
|move|p1a: Zamazenta|Iron Defense|p1a: Zamazenta
|-boost|p1a: Zamazenta|def|2
|
|-weather|Sandstorm|[upkeep]
|-damage|p1a: Zamazenta|41/100|[from] Sandstorm
|-heal|p1a: Zamazenta|47/100|[from] item: Leftovers
|upkeep
|turn|5
|
|t:|1769326112
|switch|p2a: Itachi|Hawlucha, M, shiny|59/100
|-ability|p2a: Itachi|Mold Breaker
|move|p1a: Zamazenta|Body Press|p2a: Itachi
|-resisted|p2a: Itachi
|-damage|p2a: Itachi|2/100
|
|-weather|Sandstorm|[upkeep]
|-damage|p1a: Zamazenta|41/100|[from] Sandstorm
|-damage|p2a: Itachi|0 fnt|[from] Sandstorm
|faint|p2a: Itachi
|-heal|p1a: Zamazenta|47/100|[from] item: Leftovers
|upkeep
|
|t:|1769326139
|switch|p2a: Frieza|Kyurem, shiny|100/100
|-ability|p2a: Frieza|Pressure
|turn|6
|
|t:|1769326142
|-terastallize|p2a: Frieza|Ghost
|move|p1a: Zamazenta|Body Press|p2a: Frieza
|-immune|p2a: Frieza
|move|p2a: Frieza|Freeze-Dry|p1a: Zamazenta
|-damage|p1a: Zamazenta|11/100
|
|-weather|Sandstorm|[upkeep]
|-damage|p1a: Zamazenta|5/100|[from] Sandstorm
|-damage|p2a: Frieza|94/100|[from] Sandstorm
|-heal|p1a: Zamazenta|11/100|[from] item: Leftovers
|upkeep
|turn|7
|
|t:|1769326147
|switch|p2a: Greninja|Greninja, M|100/100
|move|p1a: Zamazenta|Crunch|p2a: Greninja
|-resisted|p2a: Greninja
|-damage|p2a: Greninja|82/100
|
|-weather|Sandstorm|[upkeep]
|-damage|p1a: Zamazenta|5/100|[from] Sandstorm
|-damage|p2a: Greninja|76/100|[from] Sandstorm
|-heal|p1a: Zamazenta|11/100|[from] item: Leftovers
|upkeep
|turn|8
|
|t:|1769326151
|move|p2a: Greninja|Water Shuriken|p1a: Zamazenta
|-start|p2a: Greninja|typechange|Water|[from] ability: Protean
|-damage|p1a: Zamazenta|2/100
|-damage|p1a: Zamazenta|0 fnt
|faint|p1a: Zamazenta
|-hitcount|p1: Zamazenta|2
|
|-weather|Sandstorm|[upkeep]
|-damage|p2a: Greninja|70/100|[from] Sandstorm
|upkeep
|
|t:|1769326154
|switch|p1a: Tyranitar|Tyranitar, F|100/100
|turn|9
|
|t:|1769326159
|switch|p2a: Porunga|Pawmot, M|100/100
|move|p1a: Tyranitar|Knock Off|p2a: Porunga
|-resisted|p2a: Porunga
|-damage|p2a: Porunga|69/100
|-enditem|p2a: Porunga|Leppa Berry|[from] move: Knock Off|[of] p1a: Tyranitar
|
|-weather|none
|upkeep
|turn|10
|
|t:|1769326162
|switch|p1a: Slowking|Slowking-Galar, F|100/100
|move|p2a: Porunga|Revival Blessing|p2a: Porunga
|
|t:|1769326167
|-heal|p2: Itachi|50/100|[from] move: Revival Blessing
|
|upkeep
|turn|11
|
|t:|1769326173
|switch|p2a: Greninja|Greninja, M|70/100
|move|p1a: Slowking|Flamethrower|p2a: Greninja
|-resisted|p2a: Greninja
|-damage|p2a: Greninja|50/100
|
|upkeep
|turn|12
|
|t:|1769326180
|move|p2a: Greninja|Surf|p1a: Slowking
|-start|p2a: Greninja|typechange|Water|[from] ability: Protean
|-damage|p1a: Slowking|70/100
|move|p1a: Slowking|Sludge Bomb|p2a: Greninja
|-damage|p2a: Greninja|0 fnt
|faint|p2a: Greninja
|
|upkeep
|
|t:|1769326190
|switch|p2a: Frieza|Kyurem, shiny, tera:Ghost|94/100
|-ability|p2a: Frieza|Pressure
|turn|13
|
|t:|1769326193
|switch|p1a: Tyranitar|Tyranitar, F|100/100
|-weather|Sandstorm|[from] ability: Sand Stream|[of] p1a: Tyranitar
|move|p2a: Frieza|Earth Power|p1a: Tyranitar
|-supereffective|p1a: Tyranitar
|-damage|p1a: Tyranitar|67/100
|-unboost|p1a: Tyranitar|spd|1
|
|-weather|Sandstorm|[upkeep]
|-damage|p2a: Frieza|88/100|[from] Sandstorm
|upkeep
|turn|14
|
|t:|1769326204
|switch|p2a: Porunga|Pawmot, M|69/100
|move|p1a: Tyranitar|Knock Off|p2a: Porunga
|-resisted|p2a: Porunga
|-damage|p2a: Porunga|49/100
|
|-weather|Sandstorm|[upkeep]
|-damage|p2a: Porunga|43/100|[from] Sandstorm
|upkeep
|turn|15
|
|t:|1769326207
|switch|p1a: Slowking|Slowking-Galar, F|100/100
|move|p2a: Porunga|Rest|p2a: Porunga
|-status|p2a: Porunga|slp|[from] move: Rest
|-heal|p2a: Porunga|100/100 slp|[silent]
|
|-weather|Sandstorm|[upkeep]
|-damage|p2a: Porunga|95/100 slp|[from] Sandstorm
|-damage|p1a: Slowking|94/100|[from] Sandstorm
|upkeep
|turn|16
|
|t:|1769326211
|switch|p1a: Excadrill|Excadrill, F|100/100
|-item|p1a: Excadrill|Air Balloon
|cant|p2a: Porunga|slp
|move|p2a: Porunga|Sleep Talk|p2a: Porunga
|move|p2a: Porunga|Rest||[from] move: Sleep Talk|[still]
|-fail|p2a: Porunga
|
|-weather|Sandstorm|[upkeep]
|-damage|p2a: Porunga|89/100 slp|[from] Sandstorm
|upkeep
|turn|17
|c|☆OP Sand|So
|c|☆OP Sand|y get a freeze
|c|☆OP Sand|and no gren
|c|☆OP Sand|Carry as usual
|inactive|OP Sand has 120 seconds left.
|
|t:|1769326246
|switch|p2a: Itachi|Hawlucha, M, shiny|50/100
|-ability|p2a: Itachi|Mold Breaker
|move|p1a: Excadrill|Swords Dance|p1a: Excadrill
|-boost|p1a: Excadrill|atk|2
|
|-weather|Sandstorm|[upkeep]
|-damage|p2a: Itachi|44/100|[from] Sandstorm
|upkeep
|turn|18
|inactive|OP Sand has 120 seconds left.
|
|t:|1769326253
|switch|p2a: OP|Excadrill, F|100/100
|move|p1a: Excadrill|Iron Head|p2a: OP
|-resisted|p2a: OP
|-damage|p2a: OP|38/100
|
|-weather|Sandstorm|[upkeep]
|upkeep
|turn|19
|
|t:|1769326259
|switch|p2a: Itachi|Hawlucha, M, shiny|44/100
|-ability|p2a: Itachi|Mold Breaker
|move|p1a: Excadrill|Iron Head|p2a: Itachi
|-damage|p2a: Itachi|0 fnt
|faint|p2a: Itachi
|
|-weather|Sandstorm|[upkeep]
|upkeep
|inactive|OP Sand has 120 seconds left.
|
|t:|1769326270
|switch|p2a: OP|Excadrill, F|38/100
|turn|20
|
|t:|1769326276
|move|p1a: Excadrill|Earthquake|p2a: OP
|-supereffective|p2a: OP
|-damage|p2a: OP|0 fnt
|faint|p2a: OP
|
|-weather|none
|upkeep
|
|t:|1769326279
|switch|p2a: Frieza|Kyurem, shiny, tera:Ghost|88/100
|-ability|p2a: Frieza|Pressure
|turn|21
|
|t:|1769326281
|move|p1a: Excadrill|Earthquake|p2a: Frieza
|-damage|p2a: Frieza|0 fnt
|faint|p2a: Frieza
|
|upkeep
|c|☆OP Sand|K
|-message|OP Sand forfeited.
|
|win|CambridgeFoulPlay
|raw|CambridgeFoulPlay's rating: 1621 &rarr; <strong>1643</strong><br />(+22 for winning)
|raw|OP Sand's rating: 1651 &rarr; <strong>1629</strong><br />(-22 for losing)
|c|☆CambridgeFoulPlay|gg
|l|☆OP Sand
|player|p2|
