|j|☆unilens
|j|☆bruh_eggs
|t:|1769425227
|gametype|singles
|player|p1|unilens|backersf|1583
|player|p2|bruh_eggs|juggler|1548
|gen|9
|tier|[Gen 9] OU
|rated|
|rule|HP Percentage Mod: HP is shown in percentages
|rule|Endless Battle Clause: Forcing endless battles is banned
|rule|Species Clause: Limit one of each Pokémon
|rule|OHKO Clause: OHKO moves are banned
|rule|Evasion Items Clause: Evasion items are banned
|rule|Evasion Moves Clause: Evasion moves are banned
|rule|Evasion Abilities Clause: Evasion abilities are banned
|rule|Sleep Moves Clause: Sleep-inducing moves are banned
|clearpoke
|poke|p1|Great Tusk|
|poke|p1|Zamazenta-*|
|poke|p1|Alomomola, F|
|poke|p1|Lokix, M|
|poke|p1|Dragapult, F|
|poke|p1|Corviknight, M|
|poke|p2|Great Tusk|
|poke|p2|Rillaboom, F|
|poke|p2|Gholdengo|
|poke|p2|Heatran, F|
|poke|p2|Darkrai|
|poke|p2|Samurott-Hisui, F|
|teampreview
|inactive|Battle timer is ON: inactive players will automatically lose when time's up. (requested by bruh_eggs)
|inactive|unilens also wants the timer to be on.
|
|t:|1769425252
|teamsize|p1|6
|teamsize|p2|6
|start
|switch|p1a: Dancing Lion|Dragapult, F|100/100
|switch|p2a: Metallica|Heatran, F|100/100
|-item|p2a: Metallica|Air Balloon
|turn|1
|inactive|unilens has 120 seconds left.
|
|t:|1769425283
|move|p1a: Dancing Lion|U-turn|p2a: Metallica
|-resisted|p2a: Metallica
|-damage|p2a: Metallica|97/100
|-enditem|p2a: Metallica|Air Balloon
|
|t:|1769425287
|switch|p1a: Fishy|Alomomola, F|100/100|[from] U-turn
|move|p2a: Metallica|Stealth Rock|p1a: Fishy
|-sidestart|p1: unilens|move: Stealth Rock
|
|upkeep
|turn|2
|
|t:|1769425290
|switch|p2a: Samurott|Samurott-Hisui, F|100/100
|move|p1a: Fishy|Flip Turn|p2a: Samurott
|-resisted|p2a: Samurott
|-damage|p2a: Samurott|92/100
|
|t:|1769425293
|switch|p1a: PP Killer|Corviknight, M|100/100|[from] Flip Turn
|-damage|p1a: PP Killer|88/100|[from] Stealth Rock
|-ability|p1a: PP Killer|Pressure
|
|upkeep
|turn|3
|
|t:|1769425297
|move|p2a: Samurott|Flip Turn|p1a: PP Killer
|-damage|p1a: PP Killer|74/100
|-damage|p2a: Samurott|75/100|[from] item: Rocky Helmet|[of] p1a: PP Killer
|
|t:|1769425301
|switch|p2a: Marilyn Manson|Gholdengo|100/100|[from] Flip Turn
|move|p1a: PP Killer|Defog|p2a: Marilyn Manson
|-immune|p2a: Marilyn Manson|[from] ability: Good as Gold
|
|upkeep
|turn|4
|
|t:|1769425308
|switch|p2a: Forever|Rillaboom, F|100/100
|-fieldstart|move: Grassy Terrain|[from] ability: Grassy Surge|[of] p2a: Forever
|switch|p1a: Fishy|Alomomola, F|100/100
|-damage|p1a: Fishy|88/100|[from] Stealth Rock
|
|-heal|p1a: Fishy|94/100|[from] Grassy Terrain
|upkeep
|turn|5
|
|t:|1769425312
|switch|p1a: PP Killer|Corviknight, M|74/100
|-damage|p1a: PP Killer|61/100|[from] Stealth Rock
|-ability|p1a: PP Killer|Pressure
|move|p2a: Forever|U-turn|p1a: PP Killer
|-resisted|p1a: PP Killer
|-damage|p1a: PP Killer|58/100
|-damage|p2a: Forever|84/100|[from] item: Rocky Helmet|[of] p1a: PP Killer
|j| whatsupmathletes
|
|t:|1769425317
|switch|p2a: Marilyn Manson|Gholdengo|100/100|[from] U-turn
|-enditem|p2a: Marilyn Manson|Grassy Seed
|-boost|p2a: Marilyn Manson|def|1|[from] item: Grassy Seed
|
|upkeep
|turn|6
|j| opthebestkkj
|
|t:|1769425324
|switch|p1a: Fishy|Alomomola, F|100/100
|-damage|p1a: Fishy|88/100|[from] Stealth Rock
|move|p2a: Marilyn Manson|Nasty Plot|p2a: Marilyn Manson
|-boost|p2a: Marilyn Manson|spa|2
|
|-heal|p1a: Fishy|94/100|[from] Grassy Terrain
|upkeep
|turn|7
|
|t:|1769425329
|move|p2a: Marilyn Manson|Nasty Plot|p2a: Marilyn Manson
|-boost|p2a: Marilyn Manson|spa|2
|move|p1a: Fishy|Flip Turn|p2a: Marilyn Manson
|-damage|p2a: Marilyn Manson|93/100
|
|t:|1769425334
|switch|p1a: Not so great|Great Tusk, shiny|100/100|[from] Flip Turn
|
|-heal|p2a: Marilyn Manson|99/100|[from] Grassy Terrain
|upkeep
|turn|8
|
|t:|1769425337
|move|p1a: Not so great|Headlong Rush|p2a: Marilyn Manson
|-supereffective|p2a: Marilyn Manson
|-damage|p2a: Marilyn Manson|42/100
|-unboost|p1a: Not so great|def|1
|-unboost|p1a: Not so great|spd|1
|move|p2a: Marilyn Manson|Make It Rain|p1a: Not so great
|-damage|p1a: Not so great|0 fnt
|-unboost|p2a: Marilyn Manson|spa|1
|faint|p1a: Not so great
|-end|p1a: Not so great|Protosynthesis|[silent]
|
|-heal|p2a: Marilyn Manson|48/100|[from] Grassy Terrain
|-fieldend|move: Grassy Terrain
|upkeep
|
|t:|1769425341
|switch|p1a: Dancing Lion|Dragapult, F|100/100
|-damage|p1a: Dancing Lion|88/100|[from] Stealth Rock
|turn|9
|
|t:|1769425350
|switch|p2a: Metallica|Heatran, F|97/100
|move|p1a: Dancing Lion|Shadow Ball|p2a: Metallica
|-damage|p2a: Metallica|62/100
|-unboost|p2a: Metallica|spd|1
|
|upkeep
|turn|10
|
|t:|1769425369
|switch|p1a: Fishy|Alomomola, F|100/100
|-damage|p1a: Fishy|88/100|[from] Stealth Rock
|switch|p2a: Samurott|Samurott-Hisui, F|75/100
|
|upkeep
|turn|11
|
|t:|1769425372
|move|p2a: Samurott|Ceaseless Edge|p1a: Fishy
|-crit|p1a: Fishy
|-damage|p1a: Fishy|43/100
|-sidestart|p1: unilens|Spikes
|move|p1a: Fishy|Flip Turn|p2a: Samurott
|-resisted|p2a: Samurott
|-damage|p2a: Samurott|66/100
|j| official beef
|
|t:|1769425382
|switch|p1a: PP Killer|Corviknight, M|58/100|[from] Flip Turn
|-damage|p1a: PP Killer|45/100|[from] Stealth Rock
|-ability|p1a: PP Killer|Pressure
|
|upkeep
|turn|12
|
|t:|1769425386
|move|p2a: Samurott|Flip Turn|p1a: PP Killer
|-damage|p1a: PP Killer|29/100
|-damage|p2a: Samurott|50/100|[from] item: Rocky Helmet|[of] p1a: PP Killer
|
|t:|1769425389
|switch|p2a: Marilyn Manson|Gholdengo|48/100|[from] Flip Turn
|move|p1a: PP Killer|Roost|p1a: PP Killer
|-heal|p1a: PP Killer|79/100
|-singleturn|p1a: PP Killer|move: Roost
|
|upkeep
|turn|13
|
|t:|1769425393
|move|p2a: Marilyn Manson|Recover|p2a: Marilyn Manson
|-heal|p2a: Marilyn Manson|98/100
|move|p1a: PP Killer|U-turn|p2a: Marilyn Manson
|-resisted|p2a: Marilyn Manson
|-damage|p2a: Marilyn Manson|95/100
|
|t:|1769425404
|switch|p1a: Peakaboo|Lokix, M|100/100|[from] U-turn
|-damage|p1a: Peakaboo|76/100|[from] Stealth Rock
|-damage|p1a: Peakaboo|63/100|[from] Spikes
|
|upkeep
|turn|14
|c|☆bruh_eggs|Oh we got an audience, what's up yall
|
|t:|1769425411
|switch|p2a: Ball Breaker|Great Tusk|100/100
|move|p1a: Peakaboo|Knock Off|p2a: Ball Breaker
|-resisted|p2a: Ball Breaker
|-damage|p2a: Ball Breaker|56/100
|-damage|p1a: Peakaboo|47/100|[from] item: Rocky Helmet|[of] p2a: Ball Breaker
|-enditem|p2a: Ball Breaker|Rocky Helmet|[from] move: Knock Off|[of] p1a: Peakaboo
|
|upkeep
|turn|15
|
|t:|1769425419
|switch|p1a: PP Killer|Corviknight, M|79/100
|-damage|p1a: PP Killer|66/100|[from] Stealth Rock
|-ability|p1a: PP Killer|Pressure
|move|p2a: Ball Breaker|Knock Off|p1a: PP Killer
|-damage|p1a: PP Killer|49/100
|-damage|p2a: Ball Breaker|40/100|[from] item: Rocky Helmet|[of] p1a: PP Killer
|-enditem|p1a: PP Killer|Rocky Helmet|[from] move: Knock Off|[of] p2a: Ball Breaker
|
|upkeep
|turn|16
|
|t:|1769425427
|-end|p2a: Ball Breaker|Protosynthesis|[silent]
|switch|p2a: Marilyn Manson|Gholdengo|95/100
|move|p1a: PP Killer|U-turn|p2a: Marilyn Manson
|-resisted|p2a: Marilyn Manson
|-damage|p2a: Marilyn Manson|93/100
|
|t:|1769425430
|switch|p1a: Dancing Lion|Dragapult, F|88/100|[from] U-turn
|-damage|p1a: Dancing Lion|76/100|[from] Stealth Rock
|-damage|p1a: Dancing Lion|64/100|[from] Spikes
|
|upkeep
|turn|17
|
|t:|1769425438
|switch|p2a: Forever|Rillaboom, F|84/100
|-fieldstart|move: Grassy Terrain|[from] ability: Grassy Surge|[of] p2a: Forever
|move|p1a: Dancing Lion|U-turn|p2a: Forever
|-supereffective|p2a: Forever
|-damage|p2a: Forever|49/100
|
|t:|1769425444
|switch|p1a: PP Killer|Corviknight, M|49/100|[from] U-turn
|-damage|p1a: PP Killer|37/100|[from] Stealth Rock
|-ability|p1a: PP Killer|Pressure
|
|-heal|p2a: Forever|55/100|[from] Grassy Terrain
|-heal|p2a: Forever|61/100|[from] item: Leftovers
|upkeep
|turn|18
|
|t:|1769425446
|move|p2a: Forever|U-turn|p1a: PP Killer
|-resisted|p1a: PP Killer
|-damage|p1a: PP Killer|33/100
|
|t:|1769425450
|switch|p2a: Marilyn Manson|Gholdengo|93/100|[from] U-turn
|move|p1a: PP Killer|Roost|p1a: PP Killer
|-heal|p1a: PP Killer|83/100
|-singleturn|p1a: PP Killer|move: Roost
|
|-heal|p2a: Marilyn Manson|99/100|[from] Grassy Terrain
|-heal|p1a: PP Killer|89/100|[from] Grassy Terrain
|upkeep
|turn|19
|
|t:|1769425454
|move|p2a: Marilyn Manson|Nasty Plot|p2a: Marilyn Manson
|-boost|p2a: Marilyn Manson|spa|2
|move|p1a: PP Killer|U-turn|p2a: Marilyn Manson
|-resisted|p2a: Marilyn Manson
|-damage|p2a: Marilyn Manson|97/100
|
|t:|1769425468
|switch|p1a: Dancing Lion|Dragapult, F|64/100|[from] U-turn
|-damage|p1a: Dancing Lion|51/100|[from] Stealth Rock
|-damage|p1a: Dancing Lion|39/100|[from] Spikes
|
|-heal|p1a: Dancing Lion|45/100|[from] Grassy Terrain
|-heal|p2a: Marilyn Manson|100/100|[from] Grassy Terrain
|upkeep
|turn|20
|
|t:|1769425479
|-terastallize|p1a: Dancing Lion|Ghost
|-terastallize|p2a: Marilyn Manson|Fairy
|move|p1a: Dancing Lion|Shadow Ball|p2a: Marilyn Manson
|-damage|p2a: Marilyn Manson|30/100
|move|p2a: Marilyn Manson|Shadow Ball|p1a: Dancing Lion
|-supereffective|p1a: Dancing Lion
|-damage|p1a: Dancing Lion|0 fnt
|faint|p1a: Dancing Lion
|
|-heal|p2a: Marilyn Manson|36/100|[from] Grassy Terrain
|upkeep
|
|t:|1769425487
|switch|p1a: Good boi|Zamazenta|100/100
|-damage|p1a: Good boi|94/100|[from] Stealth Rock
|-damage|p1a: Good boi|82/100|[from] Spikes
|-ability|p1a: Good boi|Dauntless Shield|boost
|-boost|p1a: Good boi|def|1
|turn|21
|
|t:|1769425493
|switch|p2a: Ball Breaker|Great Tusk|40/100
|move|p1a: Good boi|Heavy Slam|p2a: Ball Breaker
|-damage|p2a: Ball Breaker|33/100
|
|-heal|p1a: Good boi|88/100|[from] Grassy Terrain
|-heal|p1a: Good boi|94/100|[from] item: Leftovers
|-heal|p2a: Ball Breaker|39/100|[from] Grassy Terrain
|-fieldend|move: Grassy Terrain
|upkeep
|turn|22
|
|t:|1769425497
|move|p1a: Good boi|Substitute|p1a: Good boi
|-start|p1a: Good boi|Substitute
|-damage|p1a: Good boi|69/100
|move|p2a: Ball Breaker|Headlong Rush|p1a: Good boi
|-activate|p1a: Good boi|move: Substitute|[damage]
|-unboost|p2a: Ball Breaker|def|1
|-unboost|p2a: Ball Breaker|spd|1
|
|-heal|p1a: Good boi|75/100|[from] item: Leftovers
|upkeep
|turn|23
|
|t:|1769425506
|move|p1a: Good boi|Iron Defense|p1a: Good boi
|-boost|p1a: Good boi|def|2
|move|p2a: Ball Breaker|Headlong Rush|p1a: Good boi
|-crit|p1a: Good boi
|-end|p1a: Good boi|Substitute
|-unboost|p2a: Ball Breaker|def|1
|-unboost|p2a: Ball Breaker|spd|1
|
|-heal|p1a: Good boi|82/100|[from] item: Leftovers
|upkeep
|turn|24
|
|t:|1769425513
|-end|p2a: Ball Breaker|Protosynthesis|[silent]
|switch|p2a: Forever|Rillaboom, F|61/100
|-fieldstart|move: Grassy Terrain|[from] ability: Grassy Surge|[of] p2a: Forever
|move|p1a: Good boi|Substitute|p1a: Good boi
|-start|p1a: Good boi|Substitute
|-damage|p1a: Good boi|57/100
|
|-heal|p1a: Good boi|63/100|[from] Grassy Terrain
|-heal|p1a: Good boi|69/100|[from] item: Leftovers
|-heal|p2a: Forever|67/100|[from] Grassy Terrain
|-heal|p2a: Forever|73/100|[from] item: Leftovers
|upkeep
|turn|25
|
|t:|1769425516
|move|p1a: Good boi|Body Press|p2a: Forever
|-damage|p2a: Forever|0 fnt
|faint|p2a: Forever
|
|-heal|p1a: Good boi|75/100|[from] Grassy Terrain
|-heal|p1a: Good boi|81/100|[from] item: Leftovers
|upkeep
|
|t:|1769425519
|switch|p2a: Marilyn Manson|Gholdengo, tera:Fairy|36/100
|turn|26
|
|t:|1769425525
|move|p1a: Good boi|Heavy Slam|p2a: Marilyn Manson
|-supereffective|p2a: Marilyn Manson
|-damage|p2a: Marilyn Manson|0 fnt
|faint|p2a: Marilyn Manson
|
|-heal|p1a: Good boi|88/100|[from] Grassy Terrain
|-heal|p1a: Good boi|94/100|[from] item: Leftovers
|upkeep
|
|t:|1769425528
|switch|p2a: Death 13|Darkrai|100/100
|turn|27
|-message|bruh_eggs forfeited.
|
|win|unilens
|raw|unilens's rating: 1583 &rarr; <strong>1601</strong><br />(+18 for winning)
|raw|bruh_eggs's rating: 1548 &rarr; <strong>1530</strong><br />(-18 for losing)
|l|☆bruh_eggs
|player|p2|
|c| opthebestkkj|uff
|l|☆unilens
|player|p1|
|l| whatsupmathletes
|l| opthebestkkj
