|j|☆Jahkem
|j|☆Crooksieee
|t:|1769397263
|gametype|singles
|player|p1|Jahkem|morty-masters|1669
|player|p2|Crooksieee|170|1658
|gen|9
|tier|[Gen 9] OU
|rated|
|rule|HP Percentage Mod: HP is shown in percentages
|rule|Endless Battle Clause: Forcing endless battles is banned
|rule|Species Clause: Limit one of each Pokémon
|rule|OHKO Clause: OHKO moves are banned
|rule|Evasion Items Clause: Evasion items are banned
|rule|Evasion Moves Clause: Evasion moves are banned
|rule|Evasion Abilities Clause: Evasion abilities are banned
|rule|Sleep Moves Clause: Sleep-inducing moves are banned
|clearpoke
|poke|p1|Alomomola, F|
|poke|p1|Weezing-Galar, M|
|poke|p1|Gliscor, F|
|poke|p1|Corviknight, M|
|poke|p1|Ogerpon, F|
|poke|p1|Darkrai|
|poke|p2|Tyranitar, M|
|poke|p2|Glimmora, M|
|poke|p2|Great Tusk|
|poke|p2|Gholdengo|
|poke|p2|Corviknight, M|
|poke|p2|Ogerpon-Wellspring, F|
|teampreview
|
|t:|1769397307
|teamsize|p1|6
|teamsize|p2|6
|start
|switch|p1a: Darkrai|Darkrai|100/100
|switch|p2a: Ogerpon|Ogerpon-Wellspring, F|100/100
|turn|1
|
|t:|1769397321
|switch|p2a: Tyranitar|Tyranitar, M|100/100
|-weather|Sandstorm|[from] ability: Sand Stream|[of] p2a: Tyranitar
|move|p1a: Darkrai|Focus Blast|p2a: Tyranitar
|-supereffective|p2a: Tyranitar
|-crit|p2a: Tyranitar
|-damage|p2a: Tyranitar|0 fnt
|faint|p2a: Tyranitar
|
|-weather|Sandstorm|[upkeep]
|-damage|p1a: Darkrai|94/100|[from] Sandstorm
|upkeep
|
|t:|1769397333
|switch|p2a: Glimmora|Glimmora, M|100/100
|turn|2
|
|t:|1769397342
|switch|p1a: Gliscor|Gliscor, F|100/100
|move|p2a: Glimmora|Power Gem|p1a: Gliscor
|-damage|p1a: Gliscor|55/100
|
|-weather|Sandstorm|[upkeep]
|-status|p1a: Gliscor|tox|[from] item: Toxic Orb
|upkeep
|turn|3
|
|t:|1769397356
|switch|p2a: Ogerpon|Ogerpon-Wellspring, F|100/100
|move|p1a: Gliscor|Toxic|p2a: Ogerpon|[miss]
|-miss|p1a: Gliscor|p2a: Ogerpon
|
|-weather|Sandstorm|[upkeep]
|-damage|p2a: Ogerpon|95/100|[from] Sandstorm
|-heal|p1a: Gliscor|68/100 tox|[from] ability: Poison Heal
|upkeep
|turn|4
|
|t:|1769397373
|switch|p1a: Weezing|Weezing-Galar, M|100/100
|-ability|p1a: Weezing|Neutralizing Gas
|move|p2a: Ogerpon|Swords Dance|p2a: Ogerpon
|-boost|p2a: Ogerpon|atk|2
|
|-weather|Sandstorm|[upkeep]
|-damage|p2a: Ogerpon|89/100|[from] Sandstorm
|-damage|p1a: Weezing|94/100|[from] Sandstorm
|-heal|p1a: Weezing|100/100|[from] item: Leftovers
|upkeep
|turn|5
|
|t:|1769397387
|switch|p2a: Glimmora|Glimmora, M|100/100
|move|p1a: Weezing|Will-O-Wisp|p2a: Glimmora
|-status|p2a: Glimmora|brn
|
|-weather|none
|-damage|p2a: Glimmora|94/100 brn|[from] brn
|upkeep
|turn|6
|
|t:|1769397397
|-end|p1a: Weezing|ability: Neutralizing Gas
|switch|p1a: Gliscor|Gliscor, F|68/100 tox
|move|p2a: Glimmora|Power Gem|p1a: Gliscor
|-damage|p1a: Gliscor|28/100 tox
|
|-heal|p1a: Gliscor|41/100 tox|[from] ability: Poison Heal
|-damage|p2a: Glimmora|88/100 brn|[from] brn
|upkeep
|turn|7
|
|t:|1769397408
|switch|p2a: Corviknight|Corviknight, M|100/100
|-ability|p2a: Corviknight|Pressure
|move|p1a: Gliscor|Earthquake|p2a: Corviknight
|-immune|p2a: Corviknight
|
|-heal|p1a: Gliscor|53/100 tox|[from] ability: Poison Heal
|upkeep
|turn|8
|
|t:|1769397421
|move|p1a: Gliscor|Protect|p1a: Gliscor
|-singleturn|p1a: Gliscor|Protect
|move|p2a: Corviknight|Bulk Up|p2a: Corviknight
|-boost|p2a: Corviknight|atk|1
|-boost|p2a: Corviknight|def|1
|
|-heal|p1a: Gliscor|66/100 tox|[from] ability: Poison Heal
|upkeep
|turn|9
|
|t:|1769397433
|switch|p1a: Ogerpon|Ogerpon, F|100/100
|move|p2a: Corviknight|Brave Bird|p1a: Ogerpon
|-supereffective|p1a: Ogerpon
|-damage|p1a: Ogerpon|0 fnt
|faint|p1a: Ogerpon
|-damage|p2a: Corviknight|76/100|[from] Recoil
|
|upkeep
|
|t:|1769397436
|switch|p1a: Darkrai|Darkrai|94/100
|turn|10
|
|t:|1769397463
|switch|p1a: Alomomola|Alomomola, F|100/100
|move|p2a: Corviknight|U-turn|p1a: Alomomola
|-damage|p1a: Alomomola|90/100
|-damage|p2a: Corviknight|59/100|[from] item: Rocky Helmet|[of] p1a: Alomomola
|
|t:|1769397470
|switch|p2a: Ogerpon|Ogerpon-Wellspring, F|89/100|[from] U-turn
|
|upkeep
|turn|11
|
|t:|1769397481
|move|p2a: Ogerpon|Swords Dance|p2a: Ogerpon
|-boost|p2a: Ogerpon|atk|2
|move|p1a: Alomomola|Tickle|p2a: Ogerpon
|-unboost|p2a: Ogerpon|atk|1
|-unboost|p2a: Ogerpon|def|1
|
|upkeep
|turn|12
|
|t:|1769397493
|switch|p1a: Weezing|Weezing-Galar, M|100/100
|-ability|p1a: Weezing|Neutralizing Gas
|move|p2a: Ogerpon|Trailblaze|p1a: Weezing
|-resisted|p1a: Weezing
|-damage|p1a: Weezing|86/100
|-boost|p2a: Ogerpon|spe|1
|
|-heal|p1a: Weezing|92/100|[from] item: Leftovers
|upkeep
|turn|13
|
|t:|1769397512
|switch|p2a: Glimmora|Glimmora, M|88/100 brn
|-end|p1a: Weezing|ability: Neutralizing Gas
|switch|p1a: Darkrai|Darkrai|94/100
|
|-damage|p2a: Glimmora|82/100 brn|[from] brn
|upkeep
|turn|14
|
|t:|1769397522
|move|p1a: Darkrai|Dark Pulse|p2a: Glimmora
|-damage|p2a: Glimmora|31/100 brn
|move|p2a: Glimmora|Power Gem|p1a: Darkrai
|-damage|p1a: Darkrai|36/100
|
|-damage|p2a: Glimmora|25/100 brn|[from] brn
|upkeep
|turn|15
|
|t:|1769397536
|switch|p2a: Great Tusk|Great Tusk|100/100
|move|p1a: Darkrai|Dark Pulse|p2a: Great Tusk
|-resisted|p2a: Great Tusk
|-damage|p2a: Great Tusk|66/100
|
|upkeep
|turn|16
|j| Nitro611
|
|t:|1769397549
|switch|p1a: Alomomola|Alomomola, F|100/100
|move|p2a: Great Tusk|Stealth Rock|p1a: Alomomola
|-sidestart|p1: Jahkem|move: Stealth Rock
|
|upkeep
|turn|17
|
|t:|1769397555
|-end|p2a: Great Tusk|Protosynthesis|[silent]
|switch|p2a: Ogerpon|Ogerpon-Wellspring, F|89/100
|move|p1a: Alomomola|Tickle|p2a: Ogerpon
|-unboost|p2a: Ogerpon|atk|1
|-unboost|p2a: Ogerpon|def|1
|
|upkeep
|turn|18
|
|t:|1769397565
|move|p2a: Ogerpon|Knock Off|p1a: Alomomola
|-damage|p1a: Alomomola|88/100
|-damage|p2a: Ogerpon|72/100|[from] item: Rocky Helmet|[of] p1a: Alomomola
|-enditem|p1a: Alomomola|Rocky Helmet|[from] move: Knock Off|[of] p2a: Ogerpon
|move|p1a: Alomomola|Wish|p1a: Alomomola
|
|upkeep
|turn|19
|
|t:|1769397576
|switch|p1a: Darkrai|Darkrai|36/100
|-damage|p1a: Darkrai|23/100|[from] Stealth Rock
|move|p2a: Ogerpon|Swords Dance|p2a: Ogerpon
|-boost|p2a: Ogerpon|atk|2
|
|-heal|p1a: Darkrai|100/100|[from] move: Wish|[wisher] Alomomola
|upkeep
|turn|20
|
|t:|1769397594
|-terastallize|p1a: Darkrai|Dark
|-terastallize|p2a: Ogerpon|Water
|detailschange|p2a: Ogerpon|Ogerpon-Wellspring-Tera, F, tera:Water
|-ability|p2a: Ogerpon|Embody Aspect (Wellspring)|boost
|-boost|p2a: Ogerpon|spd|1
|move|p1a: Darkrai|Dark Pulse|p2a: Ogerpon
|-damage|p2a: Ogerpon|4/100
|move|p2a: Ogerpon|Trailblaze|p1a: Darkrai
|-damage|p1a: Darkrai|41/100
|-boost|p2a: Ogerpon|spe|1
|
|upkeep
|turn|21
|
|t:|1769397610
|switch|p1a: Gliscor|Gliscor, F|66/100 tox
|-damage|p1a: Gliscor|53/100 tox|[from] Stealth Rock
|move|p2a: Ogerpon|Ivy Cudgel|p1a: Gliscor|[anim] Ivy Cudgel Water
|-supereffective|p1a: Gliscor
|-damage|p1a: Gliscor|0 fnt
|faint|p1a: Gliscor
|
|upkeep
|
|t:|1769397612
|switch|p1a: Corviknight|Corviknight, M|100/100
|-damage|p1a: Corviknight|88/100|[from] Stealth Rock
|-ability|p1a: Corviknight|Pressure
|turn|22
|
|t:|1769397636
|switch|p2a: Corviknight|Corviknight, M|59/100
|-ability|p2a: Corviknight|Pressure
|move|p1a: Corviknight|U-turn|p2a: Corviknight
|-resisted|p2a: Corviknight
|-damage|p2a: Corviknight|57/100
|-damage|p1a: Corviknight|72/100|[from] item: Rocky Helmet|[of] p2a: Corviknight
|
|t:|1769397642
|switch|p1a: Alomomola|Alomomola, F|100/100|[from] U-turn
|-damage|p1a: Alomomola|88/100|[from] Stealth Rock
|
|upkeep
|turn|23
|
|t:|1769397649
|move|p2a: Corviknight|Roost|p2a: Corviknight
|-heal|p2a: Corviknight|100/100
|-singleturn|p2a: Corviknight|move: Roost
|move|p1a: Alomomola|Wish|p1a: Alomomola
|
|upkeep
|turn|24
|
|t:|1769397656
|switch|p1a: Corviknight|Corviknight, M|72/100
|-damage|p1a: Corviknight|59/100|[from] Stealth Rock
|-ability|p1a: Corviknight|Pressure
|move|p2a: Corviknight|Bulk Up|p2a: Corviknight
|-boost|p2a: Corviknight|atk|1
|-boost|p2a: Corviknight|def|1
|
|-heal|p1a: Corviknight|100/100|[from] move: Wish|[wisher] Alomomola
|upkeep
|turn|25
|
|t:|1769397668
|move|p1a: Corviknight|Defog|p2a: Corviknight
|-unboost|p2a: Corviknight|evasion|1
|-sideend|p1: Jahkem|Stealth Rock|[from] move: Defog|[of] p1a: Corviknight
|move|p2a: Corviknight|Bulk Up|p2a: Corviknight
|-boost|p2a: Corviknight|atk|1
|-boost|p2a: Corviknight|def|1
|
|upkeep
|turn|26
|
|t:|1769397677
|move|p1a: Corviknight|U-turn|p2a: Corviknight
|-resisted|p2a: Corviknight
|-damage|p2a: Corviknight|99/100
|-damage|p1a: Corviknight|84/100|[from] item: Rocky Helmet|[of] p2a: Corviknight
|
|t:|1769397679
|switch|p1a: Weezing|Weezing-Galar, M|92/100|[from] U-turn
|-ability|p1a: Weezing|Neutralizing Gas
|move|p2a: Corviknight|Bulk Up|p2a: Corviknight
|-boost|p2a: Corviknight|atk|1
|-boost|p2a: Corviknight|def|1
|
|-heal|p1a: Weezing|98/100|[from] item: Leftovers
|upkeep
|turn|27
|
|t:|1769397691
|move|p1a: Weezing|Will-O-Wisp|p2a: Corviknight
|-status|p2a: Corviknight|brn
|move|p2a: Corviknight|Brave Bird|p1a: Weezing
|-damage|p1a: Weezing|67/100
|-damage|p2a: Corviknight|91/100 brn|[from] Recoil
|
|-heal|p1a: Weezing|73/100|[from] item: Leftovers
|-damage|p2a: Corviknight|85/100 brn|[from] brn
|upkeep
|turn|28
|j| Ssul
|
|t:|1769397702
|-end|p1a: Weezing|ability: Neutralizing Gas
|-ability|p2a: Corviknight|Pressure
|switch|p1a: Alomomola|Alomomola, F|100/100
|move|p2a: Corviknight|Brave Bird|p1a: Alomomola
|-damage|p1a: Alomomola|76/100
|-damage|p2a: Corviknight|74/100 brn|[from] Recoil
|
|-damage|p2a: Corviknight|68/100 brn|[from] brn
|upkeep
|turn|29
|
|t:|1769397714
|move|p2a: Corviknight|Bulk Up|p2a: Corviknight
|-boost|p2a: Corviknight|atk|1
|-boost|p2a: Corviknight|def|1
|move|p1a: Alomomola|Wish|p1a: Alomomola
|
|-damage|p2a: Corviknight|62/100 brn|[from] brn
|upkeep
|turn|30
|
|t:|1769397723
|switch|p1a: Weezing|Weezing-Galar, M|73/100
|-ability|p1a: Weezing|Neutralizing Gas
|move|p2a: Corviknight|Roost|p2a: Corviknight
|-heal|p2a: Corviknight|100/100 brn
|-singleturn|p2a: Corviknight|move: Roost
|
|-heal|p1a: Weezing|100/100|[from] move: Wish|[wisher] Alomomola
|-damage|p2a: Corviknight|94/100 brn|[from] brn
|upkeep
|turn|31
|
|t:|1769397739
|-end|p1a: Weezing|ability: Neutralizing Gas
|-ability|p2a: Corviknight|Pressure
|switch|p1a: Alomomola|Alomomola, F|100/100
|move|p2a: Corviknight|Bulk Up|p2a: Corviknight
|-boost|p2a: Corviknight|atk|1
|-boost|p2a: Corviknight|def|1
|
|-damage|p2a: Corviknight|88/100 brn|[from] brn
|upkeep
|turn|32
|
|t:|1769397750
|move|p2a: Corviknight|Brave Bird|p1a: Alomomola
|-damage|p1a: Alomomola|68/100
|-damage|p2a: Corviknight|74/100 brn|[from] Recoil
|move|p1a: Alomomola|Wish|p1a: Alomomola
|
|-damage|p2a: Corviknight|68/100 brn|[from] brn
|upkeep
|turn|33
|
|t:|1769397758
|move|p2a: Corviknight|Bulk Up|p2a: Corviknight
|-boost|p2a: Corviknight|atk|1
|-boost|p2a: Corviknight|def|1
|move|p1a: Alomomola|Flip Turn|p2a: Corviknight
|-damage|p2a: Corviknight|65/100 brn
|-damage|p1a: Alomomola|52/100|[from] item: Rocky Helmet|[of] p2a: Corviknight
|
|t:|1769397762
|switch|p1a: Darkrai|Darkrai, tera:Dark|41/100|[from] Flip Turn
|
|-heal|p1a: Darkrai|100/100|[from] move: Wish|[wisher] Alomomola
|-damage|p2a: Corviknight|59/100 brn|[from] brn
|upkeep
|turn|34
|
|t:|1769397780
|move|p1a: Darkrai|Dark Pulse|p2a: Corviknight
|-damage|p2a: Corviknight|0 fnt
|faint|p2a: Corviknight
|
|upkeep
|
|t:|1769397786
|switch|p2a: Great Tusk|Great Tusk|66/100
|turn|35
|
|t:|1769397797
|switch|p1a: Corviknight|Corviknight, M|84/100
|-ability|p1a: Corviknight|Pressure
|-end|p2a: Great Tusk|Protosynthesis|[silent]
|switch|p2a: Gholdengo|Gholdengo|100/100
|
|-heal|p1a: Corviknight|90/100|[from] item: Leftovers
|upkeep
|turn|36
|
|t:|1769397806
|move|p2a: Gholdengo|Thunder Wave|p1a: Corviknight
|-status|p1a: Corviknight|par
|cant|p1a: Corviknight|par
|
|-heal|p1a: Corviknight|96/100 par|[from] item: Leftovers
|upkeep
|turn|37
|
|t:|1769397814
|move|p2a: Gholdengo|Thunder Wave|p1a: Corviknight
|-fail|p1a: Corviknight|par
|cant|p1a: Corviknight|par
|
|-heal|p1a: Corviknight|100/100 par|[from] item: Leftovers
|upkeep
|turn|38
|
|t:|1769397825
|switch|p2a: Glimmora|Glimmora, M|25/100 brn
|cant|p1a: Corviknight|par
|
|-damage|p2a: Glimmora|19/100 brn|[from] brn
|upkeep
|turn|39
|
|t:|1769397832
|switch|p1a: Darkrai|Darkrai, tera:Dark|100/100
|move|p2a: Glimmora|Power Gem|p1a: Darkrai
|-damage|p1a: Darkrai|41/100
|
|-damage|p2a: Glimmora|13/100 brn|[from] brn
|upkeep
|turn|40
|
|t:|1769397841
|move|p1a: Darkrai|Dark Pulse|p2a: Glimmora
|-damage|p2a: Glimmora|0 fnt
|faint|p2a: Glimmora
|
|upkeep
|
|t:|1769397855
|switch|p2a: Great Tusk|Great Tusk|66/100
|turn|41
|
|t:|1769397867
|switch|p1a: Corviknight|Corviknight, M|100/100 par
|-ability|p1a: Corviknight|Pressure
|move|p2a: Great Tusk|Stealth Rock|p1a: Corviknight
|-sidestart|p1: Jahkem|move: Stealth Rock
|
|upkeep
|turn|42
|
|t:|1769397874
|-end|p2a: Great Tusk|Protosynthesis|[silent]
|switch|p2a: Gholdengo|Gholdengo|100/100
|move|p1a: Corviknight|Brave Bird|p2a: Gholdengo
|-resisted|p2a: Gholdengo
|-damage|p2a: Gholdengo|86/100
|-damage|p1a: Corviknight|96/100 par|[from] Recoil
|
|-heal|p2a: Gholdengo|92/100|[from] item: Leftovers
|-heal|p1a: Corviknight|100/100 par|[from] item: Leftovers
|upkeep
|turn|43
|
|t:|1769397885
|move|p2a: Gholdengo|Nasty Plot|p2a: Gholdengo
|-boost|p2a: Gholdengo|spa|2
|move|p1a: Corviknight|U-turn|p2a: Gholdengo
|-resisted|p2a: Gholdengo
|-damage|p2a: Gholdengo|89/100
|
|t:|1769397888
|switch|p1a: Darkrai|Darkrai, tera:Dark|41/100|[from] U-turn
|-damage|p1a: Darkrai|29/100|[from] Stealth Rock
|
|-heal|p2a: Gholdengo|95/100|[from] item: Leftovers
|upkeep
|turn|44
|
|t:|1769397899
|switch|p2a: Ogerpon|Ogerpon-Wellspring-Tera, F, tera:Water|4/100
|-ability|p2a: Ogerpon|Embody Aspect (Wellspring)|boost
|-boost|p2a: Ogerpon|spd|1
|move|p1a: Darkrai|Dark Pulse|p2a: Ogerpon
|-damage|p2a: Ogerpon|0 fnt
|faint|p2a: Ogerpon
|detailschange|p2: Ogerpon|Ogerpon-Wellspring, F|[silent]
|
|upkeep
|
|t:|1769397909
|switch|p2a: Great Tusk|Great Tusk|66/100
|turn|45
|
|t:|1769397915
|switch|p1a: Alomomola|Alomomola, F|85/100
|-damage|p1a: Alomomola|73/100|[from] Stealth Rock
|-end|p2a: Great Tusk|Protosynthesis|[silent]
|switch|p2a: Gholdengo|Gholdengo|95/100
|
|-heal|p2a: Gholdengo|100/100|[from] item: Leftovers
|upkeep
|turn|46
|
|t:|1769397928
|move|p2a: Gholdengo|Thunder Wave|p1a: Alomomola
|-status|p1a: Alomomola|par
|move|p1a: Alomomola|Flip Turn|p2a: Gholdengo
|-damage|p2a: Gholdengo|86/100
|
|t:|1769397934
|switch|p1a: Darkrai|Darkrai, tera:Dark|29/100|[from] Flip Turn
|-damage|p1a: Darkrai|17/100|[from] Stealth Rock
|
|-heal|p2a: Gholdengo|92/100|[from] item: Leftovers
|upkeep
|turn|47
|
|t:|1769397942
|switch|p2a: Great Tusk|Great Tusk|66/100
|move|p1a: Darkrai|Dark Pulse|p2a: Great Tusk
|-resisted|p2a: Great Tusk
|-damage|p2a: Great Tusk|20/100
|
|upkeep
|turn|48
|
|t:|1769397955
|move|p1a: Darkrai|Dark Pulse|p2a: Great Tusk
|-resisted|p2a: Great Tusk
|-damage|p2a: Great Tusk|0 fnt
|faint|p2a: Great Tusk
|-end|p2a: Great Tusk|Protosynthesis|[silent]
|
|upkeep
|l| Nitro611
|l| Ssul
|j| Ssul
|c|☆Crooksieee|Metronome ?
|
|t:|1769397966
|switch|p2a: Gholdengo|Gholdengo|92/100
|turn|49
|
|t:|1769397975
|move|p1a: Darkrai|Dark Pulse|p2a: Gholdengo
|-supereffective|p2a: Gholdengo
|-damage|p2a: Gholdengo|0 fnt
|faint|p2a: Gholdengo
|
|win|Jahkem
|raw|Jahkem's rating: 1669 &rarr; <strong>1688</strong><br />(+19 for winning)
|raw|Crooksieee's rating: 1658 &rarr; <strong>1639</strong><br />(-19 for losing)
|c|☆Crooksieee|Gg
|l|☆Crooksieee
|player|p2|
|c|☆Jahkem|gg
|l|☆Jahkem
|player|p1|
