|j|☆mother3part2
|j|☆SSS101
|t:|1769447098
|gametype|singles
|player|p1|mother3part2|102|1522
|player|p2|SSS101|hilbert|1560
|gen|9
|tier|[Gen 9] OU
|rated|
|rule|HP Percentage Mod: HP is shown in percentages
|rule|Endless Battle Clause: Forcing endless battles is banned
|rule|Species Clause: Limit one of each Pokémon
|rule|OHKO Clause: OHKO moves are banned
|rule|Evasion Items Clause: Evasion items are banned
|rule|Evasion Moves Clause: Evasion moves are banned
|rule|Evasion Abilities Clause: Evasion abilities are banned
|rule|Sleep Moves Clause: Sleep-inducing moves are banned
|clearpoke
|poke|p1|Landorus-Therian, M|
|poke|p1|Samurott-Hisui, F|
|poke|p1|Gholdengo|
|poke|p1|Thundurus-Therian, M|
|poke|p1|Scizor, M|
|poke|p1|Zamazenta-*|
|poke|p2|Greninja-*, M|
|poke|p2|Serperior, M|
|poke|p2|Ceruledge, F|
|poke|p2|Glimmora, M|
|poke|p2|Kilowattrel, M|
|poke|p2|Zoroark-Hisui, M|
|teampreview
|inactive|Battle timer is ON: inactive players will automatically lose when time's up. (requested by SSS101)
|
|t:|1769447108
|teamsize|p1|6
|teamsize|p2|6
|start
|switch|p1a: Material Girl|Gholdengo|100/100
|switch|p2a: Serperior|Serperior, M, shiny|100/100
|turn|1
|j| js_redstar
|
|t:|1769447119
|move|p1a: Material Girl|Thunder Wave|p2a: Serperior
|-status|p2a: Serperior|par
|cant|p2a: Serperior|par
|
|upkeep
|turn|2
|
|t:|1769447127
|switch|p1a: I Float Alone|Thundurus-Therian, M|100/100
|move|p2a: Serperior|Taunt|p1a: I Float Alone
|-start|p1a: I Float Alone|move: Taunt
|
|upkeep
|turn|3
|
|t:|1769447133
|move|p1a: I Float Alone|Knock Off|p2a: Serperior
|-damage|p2a: Serperior|74/100 par
|-enditem|p2a: Serperior|Miracle Seed|[from] move: Knock Off|[of] p1a: I Float Alone
|cant|p2a: Serperior|par
|
|upkeep
|turn|4
|
|t:|1769447140
|move|p1a: I Float Alone|Volt Switch|p2a: Serperior
|-resisted|p2a: Serperior
|-damage|p2a: Serperior|49/100 par
|
|t:|1769447143
|switch|p1a: Joe le Taxi|Scizor, M|100/100|[from] Volt Switch
|move|p2a: Serperior|Dragon Pulse|p1a: Joe le Taxi
|-resisted|p1a: Joe le Taxi
|-damage|p1a: Joe le Taxi|86/100
|
|upkeep
|turn|5
|
|t:|1769447154
|move|p1a: Joe le Taxi|U-turn|p2a: Serperior
|-supereffective|p2a: Serperior
|-damage|p2a: Serperior|0 fnt
|faint|p2a: Serperior
|
|t:|1769447163
|switch|p1a: I Float Alone|Thundurus-Therian, M|100/100|[from] U-turn
|
|upkeep
|
|t:|1769447171
|switch|p2a: Glimmora|Glimmora, M|100/100
|-item|p2a: Glimmora|Air Balloon
|turn|6
|
|t:|1769447177
|move|p1a: I Float Alone|Volt Switch|p2a: Glimmora
|-damage|p2a: Glimmora|59/100
|-enditem|p2a: Glimmora|Air Balloon
|
|t:|1769447183
|switch|p1a: Material Girl|Gholdengo|100/100|[from] Volt Switch
|move|p2a: Glimmora|Power Gem|p1a: Material Girl
|-resisted|p1a: Material Girl
|-damage|p1a: Material Girl|75/100
|
|upkeep
|turn|7
|
|t:|1769447194
|move|p1a: Material Girl|Make It Rain|p2a: Glimmora
|-supereffective|p2a: Glimmora
|-damage|p2a: Glimmora|0 fnt
|-unboost|p1a: Material Girl|spa|1
|faint|p2a: Glimmora
|
|upkeep
|
|t:|1769447203
|switch|p2a: Greninja|Greninja, M|100/100
|turn|8
|
|t:|1769447208
|switch|p1a: Real Folks Blues|Samurott-Hisui, F|100/100
|move|p2a: Greninja|Surf|p1a: Real Folks Blues
|-resisted|p1a: Real Folks Blues
|-damage|p1a: Real Folks Blues|65/100
|
|upkeep
|turn|9
|
|t:|1769447215
|move|p2a: Greninja|Surf|p1a: Real Folks Blues
|-resisted|p1a: Real Folks Blues
|-damage|p1a: Real Folks Blues|29/100
|move|p1a: Real Folks Blues|Ceaseless Edge|p2a: Greninja
|-resisted|p2a: Greninja
|-damage|p2a: Greninja|60/100
|-sidestart|p2: SSS101|Spikes
|
|upkeep
|turn|10
|
|t:|1769447222
|move|p1a: Real Folks Blues|Sucker Punch|p2a: Greninja
|-resisted|p2a: Greninja
|-damage|p2a: Greninja|33/100
|move|p2a: Greninja|Surf|p1a: Real Folks Blues
|-resisted|p1a: Real Folks Blues
|-damage|p1a: Real Folks Blues|0 fnt
|faint|p1a: Real Folks Blues
|-ability|p2a: Greninja|Battle Bond|boost
|-boost|p2a: Greninja|atk|1
|-boost|p2a: Greninja|spa|1
|-boost|p2a: Greninja|spe|1
|-activate|p2a: Greninja|ability: Battle Bond
|
|upkeep
|
|t:|1769447240
|switch|p1a: Joe le Taxi|Scizor, M|86/100
|turn|11
|
|t:|1769447245
|-terastallize|p2a: Greninja|Water
|move|p2a: Greninja|Surf|p1a: Joe le Taxi
|-damage|p1a: Joe le Taxi|0 fnt
|faint|p1a: Joe le Taxi
|
|upkeep
|l| js_redstar
|
|t:|1769447270
|switch|p1a: No Children|Zamazenta|100/100
|-ability|p1a: No Children|Dauntless Shield|boost
|-boost|p1a: No Children|def|1
|turn|12
|
|t:|1769447291
|move|p2a: Greninja|Surf|p1a: No Children
|-damage|p1a: No Children|18/100
|move|p1a: No Children|Body Press|p2a: Greninja
|-damage|p2a: Greninja|0 fnt
|faint|p2a: Greninja
|
|-heal|p1a: No Children|24/100|[from] item: Leftovers
|upkeep
|
|t:|1769447301
|switch|p2a: Kilowattrel|Kilowattrel, M|100/100
|turn|13
|
|t:|1769447305
|switch|p1a: I Float Alone|Thundurus-Therian, M|100/100
|move|p2a: Kilowattrel|Air Slash|p1a: I Float Alone
|-resisted|p1a: I Float Alone
|-damage|p1a: I Float Alone|76/100
|
|upkeep
|turn|14
|
|t:|1769447313
|move|p2a: Kilowattrel|Tailwind|p2a: Kilowattrel
|-sidestart|p2: SSS101|move: Tailwind
|-start|p2a: Kilowattrel|Charge|Tailwind|[from] ability: Wind Power
|move|p1a: I Float Alone|Knock Off|p2a: Kilowattrel
|-damage|p2a: Kilowattrel|60/100
|-enditem|p2a: Kilowattrel|Magnet|[from] move: Knock Off|[of] p1a: I Float Alone
|
|upkeep
|turn|15
|
|t:|1769447326
|move|p2a: Kilowattrel|Air Slash|p1a: I Float Alone
|-resisted|p1a: I Float Alone
|-damage|p1a: I Float Alone|53/100
|cant|p1a: I Float Alone|flinch
|
|upkeep
|turn|16
|
|t:|1769447333
|move|p2a: Kilowattrel|Air Slash|p1a: I Float Alone
|-resisted|p1a: I Float Alone
|-damage|p1a: I Float Alone|29/100
|cant|p1a: I Float Alone|flinch
|
|upkeep
|turn|17
|
|t:|1769447339
|move|p2a: Kilowattrel|Air Slash|p1a: I Float Alone
|-resisted|p1a: I Float Alone
|-damage|p1a: I Float Alone|5/100
|cant|p1a: I Float Alone|flinch
|
|-sideend|p2: SSS101|move: Tailwind
|upkeep
|turn|18
|
|t:|1769447346
|move|p2a: Kilowattrel|Air Slash|p1a: I Float Alone
|-resisted|p1a: I Float Alone
|-damage|p1a: I Float Alone|0 fnt
|faint|p1a: I Float Alone
|
|upkeep
|
|t:|1769447348
|switch|p1a: Material Girl|Gholdengo|75/100
|turn|19
|
|t:|1769447353
|move|p1a: Material Girl|Shadow Ball|p2a: Kilowattrel
|-damage|p2a: Kilowattrel|0 fnt
|faint|p2a: Kilowattrel
|
|upkeep
|
|t:|1769447359
|switch|p2a: Ceruledge|Ceruledge, F, shiny|100/100
|-damage|p2a: Ceruledge|88/100|[from] Spikes
|turn|20
|
|t:|1769447364
|switch|p1a: Space Lion|Landorus-Therian, M|100/100
|-ability|p1a: Space Lion|Intimidate|boost
|-unboost|p2a: Ceruledge|atk|1
|move|p2a: Ceruledge|Bitter Malice|p1a: Space Lion
|-damage|p1a: Space Lion|51/100
|-unboost|p1a: Space Lion|atk|1
|
|upkeep
|turn|21
|
|t:|1769447377
|move|p2a: Ceruledge|Nasty Plot|p2a: Ceruledge
|-boost|p2a: Ceruledge|spa|2
|move|p1a: Space Lion|Earthquake|p2a: Ceruledge
|-damage|p2a: Ceruledge|27/100
|replace|p2a: Zoroark|Zoroark-Hisui, M
|-end|p2a: Zoroark|Illusion
|
|upkeep
|turn|22
|
|t:|1769447385
|move|p2a: Zoroark|Bitter Malice|p1a: Space Lion
|-damage|p1a: Space Lion|0 fnt
|faint|p1a: Space Lion
|
|upkeep
|
|t:|1769447387
|switch|p1a: Material Girl|Gholdengo|75/100
|turn|23
|
|t:|1769447394
|move|p1a: Material Girl|Make It Rain|p2a: Zoroark
|-damage|p2a: Zoroark|0 fnt
|-unboost|p1a: Material Girl|spa|1
|faint|p2a: Zoroark
|
|upkeep
|
|t:|1769447401
|switch|p2a: Ceruledge|Ceruledge, F, shiny|100/100
|-damage|p2a: Ceruledge|88/100|[from] Spikes
|turn|24
|
|t:|1769447405
|switch|p1a: No Children|Zamazenta|24/100
|move|p2a: Ceruledge|Swords Dance|p2a: Ceruledge
|-boost|p2a: Ceruledge|atk|2
|
|-heal|p1a: No Children|30/100|[from] item: Leftovers
|upkeep
|turn|25
|
|t:|1769447416
|move|p2a: Ceruledge|Shadow Sneak|p1a: No Children
|-crit|p1a: No Children
|-damage|p1a: No Children|0 fnt
|faint|p1a: No Children
|
|upkeep
|
|t:|1769447417
|switch|p1a: Material Girl|Gholdengo|75/100
|turn|26
|
|t:|1769447423
|-terastallize|p1a: Material Girl|Fairy
|move|p2a: Ceruledge|Shadow Sneak|p1a: Material Girl
|-damage|p1a: Material Girl|31/100
|move|p1a: Material Girl|Shadow Ball|p2a: Ceruledge
|-supereffective|p2a: Ceruledge
|-damage|p2a: Ceruledge|0 fnt
|faint|p2a: Ceruledge
|
|win|mother3part2
|raw|mother3part2's rating: 1522 &rarr; <strong>1544</strong><br />(+22 for winning)
|raw|SSS101's rating: 1560 &rarr; <strong>1538</strong><br />(-22 for losing)
|l|☆mother3part2
|player|p1|
|l|☆SSS101
|player|p2|
