|j|☆ppbloodboy2
|j|☆alcampeon21
|t:|1769397790
|gametype|singles
|player|p1|ppbloodboy2|rocketgrunt|1227
|player|p2|alcampeon21|1|1170
|gen|9
|tier|[Gen 9] OU
|rated|
|rule|HP Percentage Mod: HP is shown in percentages
|rule|Endless Battle Clause: Forcing endless battles is banned
|rule|Species Clause: Limit one of each Pokémon
|rule|OHKO Clause: OHKO moves are banned
|rule|Evasion Items Clause: Evasion items are banned
|rule|Evasion Moves Clause: Evasion moves are banned
|rule|Evasion Abilities Clause: Evasion abilities are banned
|rule|Sleep Moves Clause: Sleep-inducing moves are banned
|clearpoke
|poke|p1|Dodrio, F|
|poke|p1|Cinderace, M|
|poke|p1|Pecharunt|
|poke|p1|Hariyama, M|
|poke|p1|Haxorus, M|
|poke|p1|Weavile, M|
|poke|p2|Blaziken, M|
|poke|p2|Dragonite, M|
|poke|p2|Eelektross, F|
|poke|p2|Tyranitar, M|
|poke|p2|Garchomp, M|
|poke|p2|Greninja-*, M|
|teampreview
|
|t:|1769397804
|teamsize|p1|6
|teamsize|p2|6
|start
|switch|p1a: Dodrio|Dodrio, F|100/100
|switch|p2a: Eelektross|Eelektross, F|100/100
|turn|1
|
|t:|1769397820
|move|p1a: Dodrio|Thrash|p2a: Eelektross
|-damage|p2a: Eelektross|32/100
|move|p2a: Eelektross|Charge Beam|p1a: Dodrio
|-supereffective|p1a: Dodrio
|-damage|p1a: Dodrio|9/100
|-enditem|p1a: Dodrio|Wiki Berry|[eat]
|-heal|p1a: Dodrio|42/100|[from] item: Wiki Berry
|-start|p1a: Dodrio|confusion
|
|-heal|p2a: Eelektross|38/100|[from] item: Leftovers
|upkeep
|turn|2
|
|t:|1769397830
|-activate|p1a: Dodrio|confusion
|move|p1a: Dodrio|Thrash|p2a: Eelektross|[from] lockedmove
|-damage|p2a: Eelektross|0 fnt
|faint|p2a: Eelektross
|
|upkeep
|
|t:|1769397840
|switch|p2a: Blaziken|Blaziken, M|100/100
|turn|3
|
|t:|1769397843
|move|p2a: Blaziken|Protect|p2a: Blaziken
|-singleturn|p2a: Blaziken|Protect
|-activate|p1a: Dodrio|confusion
|move|p1a: Dodrio|Thrash|p2a: Blaziken|[from] lockedmove
|-activate|p2a: Blaziken|move: Protect
|
|-ability|p2a: Blaziken|Speed Boost|boost
|-boost|p2a: Blaziken|spe|1
|upkeep
|turn|4
|
|t:|1769397860
|move|p2a: Blaziken|Blaze Kick|p1a: Dodrio|[miss]
|-miss|p2a: Blaziken|p1a: Dodrio
|-activate|p1a: Dodrio|confusion
|-damage|p1a: Dodrio|20/100|[from] confusion
|
|-ability|p2a: Blaziken|Speed Boost|boost
|-boost|p2a: Blaziken|spe|1
|upkeep
|turn|5
|
|t:|1769397872
|move|p2a: Blaziken|Blaze Kick|p1a: Dodrio
|-damage|p1a: Dodrio|0 fnt
|faint|p1a: Dodrio
|
|-ability|p2a: Blaziken|Speed Boost|boost
|-boost|p2a: Blaziken|spe|1
|upkeep
|
|t:|1769397890
|switch|p1a: Pecharunt|Pecharunt|100/100
|turn|6
|
|t:|1769397893
|move|p2a: Blaziken|Knock Off|p1a: Pecharunt
|-supereffective|p1a: Pecharunt
|-crit|p1a: Pecharunt
|-damage|p1a: Pecharunt|54/100
|-damage|p2a: Blaziken|84/100|[from] item: Rocky Helmet|[of] p1a: Pecharunt
|-enditem|p1a: Pecharunt|Rocky Helmet|[from] move: Knock Off|[of] p2a: Blaziken
|move|p1a: Pecharunt|Malignant Chain|p2a: Blaziken
|-damage|p2a: Blaziken|34/100
|
|-ability|p2a: Blaziken|Speed Boost|boost
|-boost|p2a: Blaziken|spe|1
|upkeep
|turn|7
|
|t:|1769397903
|move|p2a: Blaziken|Blaze Kick|p1a: Pecharunt
|-damage|p1a: Pecharunt|32/100
|move|p1a: Pecharunt|Recover|p1a: Pecharunt
|-heal|p1a: Pecharunt|82/100
|
|-ability|p2a: Blaziken|Speed Boost|boost
|-boost|p2a: Blaziken|spe|1
|upkeep
|turn|8
|
|t:|1769397914
|switch|p2a: Tyranitar|Tyranitar, M|100/100
|-weather|Sandstorm|[from] ability: Sand Stream|[of] p2a: Tyranitar
|move|p1a: Pecharunt|Malignant Chain|p2a: Tyranitar
|-resisted|p2a: Tyranitar
|-damage|p2a: Tyranitar|92/100
|
|-weather|Sandstorm|[upkeep]
|-damage|p1a: Pecharunt|76/100|[from] Sandstorm
|upkeep
|turn|9
|
|t:|1769397925
|move|p1a: Pecharunt|Parting Shot|p2a: Tyranitar
|-unboost|p2a: Tyranitar|atk|1
|-unboost|p2a: Tyranitar|spa|1
|
|t:|1769397936
|switch|p1a: Weavile|Weavile, M|100/100|[from] Parting Shot
|-ability|p1a: Weavile|Pressure
|move|p2a: Tyranitar|Earthquake|p1a: Weavile
|-damage|p1a: Weavile|39/100
|
|-weather|Sandstorm|[upkeep]
|-damage|p1a: Weavile|33/100|[from] Sandstorm
|upkeep
|turn|10
|
|t:|1769397956
|move|p1a: Weavile|Low Kick|p2a: Tyranitar
|-supereffective|p2a: Tyranitar
|-damage|p2a: Tyranitar|0 fnt
|faint|p2a: Tyranitar
|
|-weather|Sandstorm|[upkeep]
|-damage|p1a: Weavile|26/100|[from] Sandstorm
|upkeep
|
|t:|1769397973
|switch|p2a: Blaziken|Blaziken, M|34/100
|turn|11
|
|t:|1769397981
|switch|p1a: Pecharunt|Pecharunt|76/100
|move|p2a: Blaziken|Blaze Kick|p1a: Pecharunt
|-damage|p1a: Pecharunt|57/100
|
|-weather|Sandstorm|[upkeep]
|-damage|p2a: Blaziken|28/100|[from] Sandstorm
|-damage|p1a: Pecharunt|50/100|[from] Sandstorm
|-ability|p2a: Blaziken|Speed Boost|boost
|-boost|p2a: Blaziken|spe|1
|upkeep
|turn|12
|
|t:|1769397994
|move|p2a: Blaziken|Knock Off|p1a: Pecharunt
|-supereffective|p1a: Pecharunt
|-damage|p1a: Pecharunt|29/100
|move|p1a: Pecharunt|Recover|p1a: Pecharunt
|-heal|p1a: Pecharunt|79/100
|
|-weather|none
|-ability|p2a: Blaziken|Speed Boost|boost
|-boost|p2a: Blaziken|spe|1
|upkeep
|turn|13
|
|t:|1769398003
|switch|p2a: Dragonite|Dragonite, M|100/100
|move|p1a: Pecharunt|Malignant Chain|p2a: Dragonite
|-damage|p2a: Dragonite|84/100
|
|-heal|p2a: Dragonite|90/100|[from] item: Leftovers
|upkeep
|turn|14
|
|t:|1769398014
|move|p2a: Dragonite|Dragon Dance|p2a: Dragonite
|-boost|p2a: Dragonite|atk|1
|-boost|p2a: Dragonite|spe|1
|move|p1a: Pecharunt|Parting Shot|p2a: Dragonite
|-unboost|p2a: Dragonite|atk|1
|-unboost|p2a: Dragonite|spa|1
|
|t:|1769398023
|switch|p1a: Haxorus|Haxorus, M|100/100|[from] Parting Shot
|-ability|p1a: Haxorus|Mold Breaker
|
|-heal|p2a: Dragonite|96/100|[from] item: Leftovers
|upkeep
|turn|15
|
|t:|1769398029
|move|p1a: Haxorus|Outrage|p2a: Dragonite
|-supereffective|p2a: Dragonite
|-damage|p2a: Dragonite|0 fnt
|faint|p2a: Dragonite
|
|upkeep
|
|t:|1769398034
|switch|p2a: Garchomp|Garchomp, M|100/100
|turn|16
|
|t:|1769398037
|move|p1a: Haxorus|Outrage|p2a: Garchomp|[from] lockedmove
|-supereffective|p2a: Garchomp
|-damage|p2a: Garchomp|0 fnt
|-damage|p1a: Haxorus|88/100|[from] ability: Rough Skin|[of] p2a: Garchomp
|faint|p2a: Garchomp
|
|upkeep
|
|t:|1769398042
|switch|p2a: Greninja|Greninja, M|100/100
|turn|17
|
|t:|1769398045
|move|p1a: Haxorus|Outrage|p2a: Greninja|[from] lockedmove
|-damage|p2a: Greninja|0 fnt
|faint|p2a: Greninja
|-start|p1a: Haxorus|confusion|[fatigue]
|
|upkeep
|
|t:|1769398050
|switch|p2a: Blaziken|Blaziken, M|28/100
|turn|18
|
|t:|1769398054
|-activate|p1a: Haxorus|confusion
|move|p1a: Haxorus|Outrage|p2a: Blaziken
|-damage|p2a: Blaziken|0 fnt
|faint|p2a: Blaziken
|
|win|ppbloodboy2
|raw|ppbloodboy2's rating: 1227 &rarr; <strong>1248</strong><br />(+21 for winning)
|raw|alcampeon21's rating: 1170 &rarr; <strong>1149</strong><br />(-21 for losing)
|l|☆alcampeon21
|player|p2|
|l|☆ppbloodboy2
|player|p1|
