|j|☆ElAllerano
|j|☆quinlanding
|t:|1769375674
|gametype|singles
|player|p1|ElAllerano|cynthia-gen4|1224
|player|p2|quinlanding|medium|1209
|gen|9
|tier|[Gen 9] OU
|rated|
|rule|HP Percentage Mod: HP is shown in percentages
|rule|Endless Battle Clause: Forcing endless battles is banned
|rule|Species Clause: Limit one of each Pokémon
|rule|OHKO Clause: OHKO moves are banned
|rule|Evasion Items Clause: Evasion items are banned
|rule|Evasion Moves Clause: Evasion moves are banned
|rule|Evasion Abilities Clause: Evasion abilities are banned
|rule|Sleep Moves Clause: Sleep-inducing moves are banned
|clearpoke
|poke|p1|Garchomp, M|
|poke|p1|Corviknight, M|
|poke|p1|Weavile, M|
|poke|p1|Toxapex, M|
|poke|p1|Iron Valiant|
|poke|p1|Rillaboom, M|
|poke|p2|Grimmsnarl, M|
|poke|p2|Gengar, F|
|poke|p2|Mew|
|poke|p2|Moltres|
|poke|p2|Ting-Lu|
|poke|p2|Walking Wake|
|teampreview
|inactive|Battle timer is ON: inactive players will automatically lose when time's up. (requested by ElAllerano)
|
|t:|1769375692
|teamsize|p1|6
|teamsize|p2|6
|start
|switch|p1a: Toxapex|Toxapex, M, shiny|100/100
|switch|p2a: Ting-Lu|Ting-Lu|100/100
|-ability|p2a: Ting-Lu|Vessel of Ruin
|turn|1
|
|t:|1769375701
|move|p2a: Ting-Lu|Earthquake|p1a: Toxapex
|-supereffective|p1a: Toxapex
|-damage|p1a: Toxapex|43/100
|move|p1a: Toxapex|Infestation|p2a: Ting-Lu
|-supereffective|p2a: Ting-Lu
|-damage|p2a: Ting-Lu|96/100
|-activate|p2a: Ting-Lu|move: Infestation|[of] p1a: Toxapex
|
|-heal|p1a: Toxapex|50/100|[from] item: Leftovers
|-damage|p2a: Ting-Lu|84/100|[from] move: Infestation|[partiallytrapped]
|upkeep
|turn|2
|
|t:|1769375713
|switch|p1a: Corviknight|Corviknight, M, shiny|100/100
|-ability|p1a: Corviknight|Pressure
|move|p2a: Ting-Lu|Stealth Rock|p1a: Corviknight
|-sidestart|p1: ElAllerano|move: Stealth Rock
|
|-end|p2a: Ting-Lu|Infestation|[partiallytrapped]|[silent]
|upkeep
|turn|3
|
|t:|1769375721
|switch|p2a: Moltres|Moltres|100/100
|move|p1a: Corviknight|Iron Defense|p1a: Corviknight
|-boost|p1a: Corviknight|def|2
|
|upkeep
|turn|4
|
|t:|1769375735
|switch|p1a: Toxapex|Toxapex, M, shiny|83/100
|-damage|p1a: Toxapex|70/100|[from] Stealth Rock
|move|p2a: Moltres|Hurricane|p1a: Toxapex
|-damage|p1a: Toxapex|21/100
|
|-heal|p1a: Toxapex|27/100|[from] item: Leftovers
|upkeep
|turn|5
|
|t:|1769375746
|switch|p1a: Corviknight|Corviknight, M, shiny|100/100
|-damage|p1a: Corviknight|88/100|[from] Stealth Rock
|-ability|p1a: Corviknight|Pressure
|move|p2a: Moltres|Hurricane|p1a: Corviknight
|-resisted|p1a: Corviknight
|-damage|p1a: Corviknight|67/100
|-start|p1a: Corviknight|confusion
|
|upkeep
|turn|6
|
|t:|1769375757
|move|p2a: Moltres|Overheat|p1a: Corviknight|[miss]
|-miss|p2a: Moltres|p1a: Corviknight
|-activate|p1a: Corviknight|confusion
|move|p1a: Corviknight|Defog|p2a: Moltres
|-unboost|p2a: Moltres|evasion|1
|-sideend|p1: ElAllerano|Stealth Rock|[from] move: Defog|[of] p1a: Corviknight
|
|upkeep
|turn|7
|inactive|ElAllerano has 120 seconds left.
|
|t:|1769375787
|switch|p1a: Garchomp|Garchomp, M|100/100
|move|p2a: Moltres|Hurricane|p1a: Garchomp
|-damage|p1a: Garchomp|28/100
|
|upkeep
|turn|8
|inactive|ElAllerano has 120 seconds left.
|
|t:|1769375803
|move|p1a: Garchomp|Outrage|p2a: Moltres
|-damage|p2a: Moltres|42/100
|move|p2a: Moltres|Overheat|p1a: Garchomp
|-resisted|p1a: Garchomp
|-damage|p1a: Garchomp|0 fnt
|-unboost|p2a: Moltres|spa|2
|faint|p1a: Garchomp
|
|upkeep
|
|t:|1769375830
|switch|p1a: Weavile|Weavile, M|100/100
|-ability|p1a: Weavile|Pressure
|turn|9
|
|t:|1769375853
|switch|p2a: Ting-Lu|Ting-Lu|84/100
|-ability|p2a: Ting-Lu|Vessel of Ruin
|move|p1a: Weavile|Knock Off|p2a: Ting-Lu
|-resisted|p2a: Ting-Lu
|-damage|p2a: Ting-Lu|65/100
|-enditem|p2a: Ting-Lu|Heavy-Duty Boots|[from] move: Knock Off|[of] p1a: Weavile
|
|upkeep
|turn|10
|
|t:|1769375864
|switch|p1a: Corviknight|Corviknight, M, shiny|67/100
|-ability|p1a: Corviknight|Pressure
|move|p2a: Ting-Lu|Stealth Rock|p1a: Corviknight
|-sidestart|p1: ElAllerano|move: Stealth Rock
|
|upkeep
|turn|11
|
|t:|1769375871
|switch|p2a: Moltres|Moltres|42/100
|move|p1a: Corviknight|Defog|p2a: Moltres
|-unboost|p2a: Moltres|evasion|1
|-sideend|p1: ElAllerano|Stealth Rock|[from] move: Defog|[of] p1a: Corviknight
|
|upkeep
|turn|12
|inactive|ElAllerano has 120 seconds left.
|
|t:|1769375895
|switch|p1a: Iron Valiant|Iron Valiant, shiny|100/100
|-enditem|p1a: Iron Valiant|Booster Energy
|-activate|p1a: Iron Valiant|ability: Quark Drive|[fromitem]
|-start|p1a: Iron Valiant|quarkdrivespe
|move|p2a: Moltres|Roost|p2a: Moltres
|-heal|p2a: Moltres|92/100
|-singleturn|p2a: Moltres|move: Roost
|
|upkeep
|turn|13
|
|t:|1769375907
|move|p1a: Iron Valiant|Calm Mind|p1a: Iron Valiant
|-boost|p1a: Iron Valiant|spa|1
|-boost|p1a: Iron Valiant|spd|1
|move|p2a: Moltres|Hurricane|p1a: Iron Valiant
|-supereffective|p1a: Iron Valiant
|-damage|p1a: Iron Valiant|0 fnt
|faint|p1a: Iron Valiant
|-end|p1a: Iron Valiant|Quark Drive|[silent]
|
|upkeep
|c|☆quinlanding|god i love this moltres
|
|t:|1769375922
|switch|p1a: Toxapex|Toxapex, M, shiny|60/100
|turn|14
|c|☆quinlanding|im sorry ive been so lucky
|
|t:|1769375925
|move|p2a: Moltres|Hurricane|p1a: Toxapex
|-damage|p1a: Toxapex|6/100
|move|p1a: Toxapex|Toxic|p2a: Moltres
|-status|p2a: Moltres|tox
|
|-heal|p1a: Toxapex|12/100|[from] item: Leftovers
|-damage|p2a: Moltres|86/100 tox|[from] psn
|upkeep
|turn|15
|
|t:|1769375936
|switch|p1a: Corviknight|Corviknight, M, shiny|67/100
|-ability|p1a: Corviknight|Pressure
|move|p2a: Moltres|Overheat|p1a: Corviknight
|-supereffective|p1a: Corviknight
|-damage|p1a: Corviknight|0 fnt
|-unboost|p2a: Moltres|spa|2
|faint|p1a: Corviknight
|
|-damage|p2a: Moltres|74/100 tox|[from] psn
|upkeep
|
|t:|1769375951
|switch|p1a: Rillaboom|Rillaboom, M, shiny|100/100
|-fieldstart|move: Grassy Terrain|[from] ability: Grassy Surge|[of] p1a: Rillaboom
|turn|16
|
|t:|1769375961
|move|p1a: Rillaboom|Fake Out|p2a: Moltres
|-damage|p2a: Moltres|60/100 tox
|cant|p2a: Moltres|flinch
|
|-damage|p2a: Moltres|41/100 tox|[from] psn
|upkeep
|turn|17
|
|t:|1769375978
|-terastallize|p1a: Rillaboom|Normal
|move|p1a: Rillaboom|Grassy Glide|p2a: Moltres
|-resisted|p2a: Moltres
|-damage|p2a: Moltres|33/100 tox
|-status|p1a: Rillaboom|brn|[from] ability: Flame Body|[of] p2a: Moltres
|move|p2a: Moltres|Roost|p2a: Moltres
|-heal|p2a: Moltres|83/100 tox
|-singleturn|p2a: Moltres|move: Roost
|
|-heal|p2a: Moltres|89/100 tox|[from] Grassy Terrain
|-damage|p2a: Moltres|65/100 tox|[from] psn
|-damage|p1a: Rillaboom|94/100 brn|[from] brn
|upkeep
|turn|18
|c|☆quinlanding|ohh i was thinking of doing fake out
|
|t:|1769375993
|move|p1a: Rillaboom|U-turn|p2a: Moltres
|-resisted|p2a: Moltres
|-damage|p2a: Moltres|62/100 tox
|
|t:|1769375997
|switch|p1a: Toxapex|Toxapex, M, shiny|45/100|[from] U-turn
|move|p2a: Moltres|U-turn|p1a: Toxapex
|-resisted|p1a: Toxapex
|-damage|p1a: Toxapex|41/100
|
|t:|1769376007
|switch|p2a: Mew|Mew|100/100|[from] U-turn
|
|-heal|p1a: Toxapex|47/100|[from] Grassy Terrain
|-heal|p1a: Toxapex|53/100|[from] item: Leftovers
|upkeep
|turn|19
|
|t:|1769376017
|move|p2a: Mew|Dragon Dance|p2a: Mew
|-boost|p2a: Mew|atk|1
|-boost|p2a: Mew|spe|1
|move|p1a: Toxapex|Recover|p1a: Toxapex
|-heal|p1a: Toxapex|100/100
|
|upkeep
|turn|20
|inactive|quinlanding has 120 seconds left.
|
|t:|1769376048
|move|p2a: Mew|Dragon Dance|p2a: Mew
|-boost|p2a: Mew|atk|1
|-boost|p2a: Mew|spe|1
|move|p1a: Toxapex|Infestation|p2a: Mew
|-supereffective|p2a: Mew
|-damage|p2a: Mew|95/100
|-activate|p2a: Mew|move: Infestation|[of] p1a: Toxapex
|
|-heal|p2a: Mew|100/100|[from] Grassy Terrain
|-damage|p2a: Mew|88/100|[from] move: Infestation|[partiallytrapped]
|upkeep
|turn|21
|inactive|ElAllerano has 120 seconds left.
|
|t:|1769376060
|move|p2a: Mew|Bullet Seed|p1a: Toxapex
|-damage|p1a: Toxapex|89/100
|-damage|p1a: Toxapex|77/100
|-damage|p1a: Toxapex|65/100
|-damage|p1a: Toxapex|52/100
|-damage|p1a: Toxapex|39/100
|-hitcount|p1a: Toxapex|5
|move|p1a: Toxapex|Haze|p1a: Toxapex
|-clearallboost
|
|-heal|p2a: Mew|94/100|[from] Grassy Terrain
|-heal|p1a: Toxapex|45/100|[from] Grassy Terrain
|-heal|p1a: Toxapex|51/100|[from] item: Leftovers
|-damage|p2a: Mew|82/100|[from] move: Infestation|[partiallytrapped]
|upkeep
|turn|22
|inactive|ElAllerano has 120 seconds left.
|inactive|quinlanding has 120 seconds left.
|
|t:|1769376082
|move|p2a: Mew|Dragon Dance|p2a: Mew
|-boost|p2a: Mew|atk|1
|-boost|p2a: Mew|spe|1
|move|p1a: Toxapex|Toxic|p2a: Mew
|-status|p2a: Mew|tox
|-activate|p2a: Mew|ability: Synchronize
|-immune|p1a: Toxapex
|
|-heal|p2a: Mew|88/100 tox|[from] Grassy Terrain
|-heal|p1a: Toxapex|58/100|[from] Grassy Terrain
|-heal|p1a: Toxapex|64/100|[from] item: Leftovers
|-damage|p2a: Mew|82/100 tox|[from] psn
|-damage|p2a: Mew|70/100 tox|[from] move: Infestation|[partiallytrapped]
|upkeep
|turn|23
|
|t:|1769376097
|move|p2a: Mew|Bullet Seed|p1a: Toxapex
|-damage|p1a: Toxapex|55/100
|-damage|p1a: Toxapex|46/100
|-damage|p1a: Toxapex|36/100
|-damage|p1a: Toxapex|26/100
|-damage|p1a: Toxapex|17/100
|-hitcount|p1a: Toxapex|5
|move|p1a: Toxapex|Haze|p1a: Toxapex
|-clearallboost
|
|-heal|p2a: Mew|76/100 tox|[from] Grassy Terrain
|-heal|p1a: Toxapex|23/100|[from] Grassy Terrain
|-heal|p1a: Toxapex|29/100|[from] item: Leftovers
|-damage|p2a: Mew|64/100 tox|[from] psn
|-damage|p2a: Mew|51/100 tox|[from] move: Infestation|[partiallytrapped]
|-fieldend|move: Grassy Terrain
|upkeep
|turn|24
|
|t:|1769376117
|move|p2a: Mew|Earthquake|p1a: Toxapex
|-supereffective|p1a: Toxapex
|-damage|p1a: Toxapex|0 fnt
|faint|p1a: Toxapex
|
|-damage|p2a: Mew|33/100 tox|[from] psn
|-end|p2a: Mew|Infestation|[partiallytrapped]|[silent]
|upkeep
|
|t:|1769376125
|switch|p1a: Weavile|Weavile, M|100/100
|-ability|p1a: Weavile|Pressure
|turn|25
|
|t:|1769376137
|move|p1a: Weavile|Triple Axel|p2a: Mew
|-crit|p2a: Mew
|-damage|p2a: Mew|8/100 tox
|-hitcount|p2a: Mew|1
|move|p2a: Mew|Earthquake|p1a: Weavile
|-damage|p1a: Weavile|45/100
|
|-damage|p2a: Mew|0 fnt|[from] psn
|faint|p2a: Mew
|upkeep
|
|t:|1769376147
|switch|p2a: Walking Wake|Walking Wake|100/100
|turn|26
|
|t:|1769376152
|move|p2a: Walking Wake|Flamethrower|p1a: Weavile
|-supereffective|p1a: Weavile
|-damage|p1a: Weavile|0 fnt
|faint|p1a: Weavile
|
|upkeep
|inactive|ElAllerano has 120 seconds left.
|
|t:|1769376157
|switch|p1a: Rillaboom|Rillaboom, M, shiny, tera:Normal|94/100 brn
|-fieldstart|move: Grassy Terrain|[from] ability: Grassy Surge|[of] p1a: Rillaboom
|turn|27
|
|t:|1769376164
|-end|p2a: Walking Wake|Protosynthesis|[silent]
|switch|p2a: Gengar|Gengar, F|100/100
|move|p1a: Rillaboom|Fake Out|p2a: Gengar
|-immune|p2a: Gengar
|
|-heal|p1a: Rillaboom|100/100 brn|[from] Grassy Terrain
|-damage|p1a: Rillaboom|94/100 brn|[from] brn
|upkeep
|turn|28
|
|t:|1769376173
|move|p2a: Gengar|Disable|p1a: Rillaboom
|-start|p1a: Rillaboom|Disable|Fake Out
|move|p1a: Rillaboom|U-turn|p2a: Gengar
|-resisted|p2a: Gengar
|-damage|p2a: Gengar|96/100
|
|-heal|p2a: Gengar|100/100|[from] Grassy Terrain
|-heal|p1a: Rillaboom|100/100 brn|[from] Grassy Terrain
|-damage|p1a: Rillaboom|94/100 brn|[from] brn
|upkeep
|turn|29
|c|☆quinlanding|gg
|
|t:|1769376183
|switch|p2a: Grimmsnarl|Grimmsnarl, M|100/100
|move|p1a: Rillaboom|Grassy Glide|p2a: Grimmsnarl
|-damage|p2a: Grimmsnarl|81/100
|
|-heal|p1a: Rillaboom|100/100 brn|[from] Grassy Terrain
|-heal|p2a: Grimmsnarl|87/100|[from] Grassy Terrain
|-damage|p1a: Rillaboom|94/100 brn|[from] brn
|upkeep
|turn|30
|
|t:|1769376193
|move|p1a: Rillaboom|Wood Hammer|p2a: Grimmsnarl
|-damage|p2a: Grimmsnarl|40/100
|-damage|p1a: Rillaboom|76/100 brn|[from] Recoil
|move|p2a: Grimmsnarl|Play Rough|p1a: Rillaboom
|-damage|p1a: Rillaboom|29/100 brn
|
|-heal|p1a: Rillaboom|35/100 brn|[from] Grassy Terrain
|-heal|p2a: Grimmsnarl|46/100|[from] Grassy Terrain
|-damage|p1a: Rillaboom|29/100 brn|[from] brn
|upkeep
|turn|31
|
|t:|1769376205
|-terastallize|p2a: Grimmsnarl|Dark
|move|p2a: Grimmsnarl|Sucker Punch|p1a: Rillaboom
|-damage|p1a: Rillaboom|0 fnt
|faint|p1a: Rillaboom
|
|win|quinlanding
|raw|ElAllerano's rating: 1224 &rarr; <strong>1198</strong><br />(-26 for losing)
|raw|quinlanding's rating: 1209 &rarr; <strong>1235</strong><br />(+26 for winning)
|l|☆ElAllerano
|player|p1|
