|j|☆Wellez
|j|☆flygonisdragon
|t:|1769327712
|gametype|singles
|player|p1|Wellez|266|1553
|player|p2|flygonisdragon|alder|1633
|gen|9
|tier|[Gen 9] OU
|rated|
|rule|HP Percentage Mod: HP is shown in percentages
|rule|Endless Battle Clause: Forcing endless battles is banned
|rule|Species Clause: Limit one of each Pokémon
|rule|OHKO Clause: OHKO moves are banned
|rule|Evasion Items Clause: Evasion items are banned
|rule|Evasion Moves Clause: Evasion moves are banned
|rule|Evasion Abilities Clause: Evasion abilities are banned
|rule|Sleep Moves Clause: Sleep-inducing moves are banned
|clearpoke
|poke|p1|Torkoal, M|
|poke|p1|Hatterene, F|
|poke|p1|Walking Wake|
|poke|p1|Raging Bolt|
|poke|p1|Ceruledge, F|
|poke|p1|Cinderace, M|
|poke|p2|Meloetta|
|poke|p2|Volcanion|
|poke|p2|Kyurem|
|poke|p2|Kommo-o, M|
|poke|p2|Hatterene, F|
|poke|p2|Cinderace, F|
|teampreview
|inactive|Battle timer is ON: inactive players will automatically lose when time's up. (requested by Wellez)
|inactive|Wellez has 120 seconds left.
|
|t:|1769327755
|teamsize|p1|6
|teamsize|p2|6
|start
|switch|p1a: Raging Bolt|Raging Bolt|100/100
|switch|p2a: Meloetta|Meloetta, shiny|100/100
|turn|1
|
|t:|1769327762
|move|p2a: Meloetta|Knock Off|p1a: Raging Bolt
|-damage|p1a: Raging Bolt|83/100
|-enditem|p1a: Raging Bolt|Life Orb|[from] move: Knock Off|[of] p2a: Meloetta
|move|p1a: Raging Bolt|Thunderbolt|p2a: Meloetta
|-damage|p2a: Meloetta|54/100
|
|upkeep
|turn|2
|j| qwe Hdm
|
|t:|1769327769
|move|p2a: Meloetta|Relic Song|p1a: Raging Bolt
|-crit|p1a: Raging Bolt
|-damage|p1a: Raging Bolt|26/100
|-formechange|p2a: Meloetta|Meloetta-Pirouette|[msg]
|move|p1a: Raging Bolt|Draco Meteor|p2a: Meloetta
|-damage|p2a: Meloetta|0 fnt
|-unboost|p1a: Raging Bolt|spa|2
|faint|p2a: Meloetta
|
|upkeep
|
|t:|1769327797
|switch|p2a: Kyurem|Kyurem|100/100
|-ability|p2a: Kyurem|Pressure
|turn|3
|
|t:|1769327807
|-end|p1a: Raging Bolt|Protosynthesis|[silent]
|switch|p1a: Hatterene|Hatterene, F|100/100
|move|p2a: Kyurem|Substitute|p2a: Kyurem
|-start|p2a: Kyurem|Substitute
|-damage|p2a: Kyurem|75/100
|
|-heal|p2a: Kyurem|82/100|[from] item: Leftovers
|upkeep
|turn|4
|
|t:|1769327815
|switch|p1a: Torkoal|Torkoal, M|100/100
|-weather|SunnyDay|[from] ability: Drought|[of] p1a: Torkoal
|move|p2a: Kyurem|Freeze-Dry|p1a: Torkoal
|-resisted|p1a: Torkoal
|-damage|p1a: Torkoal|85/100
|
|-weather|SunnyDay|[upkeep]
|-heal|p2a: Kyurem|88/100|[from] item: Leftovers
|upkeep
|turn|5
|
|t:|1769327825
|switch|p1a: Hatterene|Hatterene, F|100/100
|move|p2a: Kyurem|Earth Power|p1a: Hatterene
|-damage|p1a: Hatterene|71/100
|-enditem|p1a: Hatterene|Eject Button
|
|t:|1769327851
|switch|p1a: Torkoal|Torkoal, M|85/100
|
|-weather|SunnyDay|[upkeep]
|-heal|p2a: Kyurem|94/100|[from] item: Leftovers
|upkeep
|turn|6
|
|t:|1769327856
|move|p2a: Kyurem|Earth Power|p1a: Torkoal
|-supereffective|p1a: Torkoal
|-damage|p1a: Torkoal|30/100
|move|p1a: Torkoal|Body Press|p2a: Kyurem
|-supereffective|p2a: Kyurem
|-end|p2a: Kyurem|Substitute
|
|-weather|SunnyDay|[upkeep]
|-heal|p2a: Kyurem|99/100|[from] item: Leftovers
|upkeep
|turn|7
|
|t:|1769327866
|switch|p1a: Hatterene|Hatterene, F|71/100
|move|p2a: Kyurem|Substitute|p2a: Kyurem
|-start|p2a: Kyurem|Substitute
|-damage|p2a: Kyurem|75/100
|
|-weather|SunnyDay|[upkeep]
|-heal|p2a: Kyurem|81/100|[from] item: Leftovers
|upkeep
|turn|8
|
|t:|1769327876
|move|p2a: Kyurem|Protect|p2a: Kyurem
|-singleturn|p2a: Kyurem|Protect
|move|p1a: Hatterene|Mystical Fire|p2a: Kyurem
|-activate|p2a: Kyurem|move: Protect
|
|-weather|SunnyDay|[upkeep]
|-heal|p2a: Kyurem|88/100|[from] item: Leftovers
|upkeep
|turn|9
|
|t:|1769327881
|move|p2a: Kyurem|Earth Power|p1a: Hatterene
|-damage|p1a: Hatterene|41/100
|move|p1a: Hatterene|Draining Kiss|p2a: Kyurem
|-supereffective|p2a: Kyurem
|-end|p2a: Kyurem|Substitute
|-heal|p1a: Hatterene|65/100|[from] drain|[of] p2a: Kyurem
|
|-weather|SunnyDay|[upkeep]
|-heal|p2a: Kyurem|94/100|[from] item: Leftovers
|upkeep
|turn|10
|
|t:|1769327889
|move|p2a: Kyurem|Substitute|p2a: Kyurem
|-start|p2a: Kyurem|Substitute
|-damage|p2a: Kyurem|69/100
|move|p1a: Hatterene|Mystical Fire|p2a: Kyurem
|-end|p2a: Kyurem|Substitute
|
|-weather|SunnyDay|[upkeep]
|-heal|p2a: Kyurem|75/100|[from] item: Leftovers
|upkeep
|turn|11
|
|t:|1769327891
|move|p2a: Kyurem|Protect|p2a: Kyurem
|-singleturn|p2a: Kyurem|Protect
|move|p1a: Hatterene|Draining Kiss|p2a: Kyurem
|-activate|p2a: Kyurem|move: Protect
|
|-weather|none
|-heal|p2a: Kyurem|81/100|[from] item: Leftovers
|upkeep
|turn|12
|
|t:|1769327897
|switch|p2a: Volcanion|Volcanion|100/100
|move|p1a: Hatterene|Draining Kiss|p2a: Volcanion
|-resisted|p2a: Volcanion
|-damage|p2a: Volcanion|87/100
|-heal|p1a: Hatterene|75/100|[from] drain|[of] p2a: Volcanion
|
|upkeep
|turn|13
|
|t:|1769327904
|switch|p1a: Walking Wake|Walking Wake|100/100
|move|p2a: Volcanion|Sludge Bomb|p1a: Walking Wake
|-damage|p1a: Walking Wake|43/100
|-status|p1a: Walking Wake|psn
|
|-damage|p1a: Walking Wake|30/100 psn|[from] psn
|upkeep
|turn|14
|
|t:|1769327913
|switch|p2a: Hatterene|Hatterene, F|100/100
|move|p1a: Walking Wake|Dragon Pulse|p2a: Hatterene
|-immune|p2a: Hatterene
|
|-damage|p1a: Walking Wake|18/100 psn|[from] psn
|upkeep
|turn|15
|
|t:|1769327918
|switch|p2a: Volcanion|Volcanion|87/100
|move|p1a: Walking Wake|Hydro Steam|p2a: Volcanion
|-heal|p2a: Volcanion|100/100|[from] ability: Water Absorb|[of] p1a: Walking Wake
|
|-damage|p1a: Walking Wake|6/100 psn|[from] psn
|upkeep
|turn|16
|
|t:|1769327923
|-end|p1a: Walking Wake|Protosynthesis|[silent]
|switch|p1a: Hatterene|Hatterene, F|75/100
|move|p2a: Volcanion|Sludge Bomb|p1a: Hatterene
|-supereffective|p1a: Hatterene
|-damage|p1a: Hatterene|0 fnt
|faint|p1a: Hatterene
|
|upkeep
|
|t:|1769327929
|switch|p1a: Raging Bolt|Raging Bolt|26/100
|turn|17
|inactive|flygonisdragon has 120 seconds left.
|
|t:|1769327963
|switch|p2a: Cinderace|Cinderace, F|100/100
|move|p1a: Raging Bolt|Thunderbolt|p2a: Cinderace
|-damage|p2a: Cinderace|37/100
|
|upkeep
|turn|18
|inactive|flygonisdragon has 120 seconds left.
|
|t:|1769327973
|move|p2a: Cinderace|Will-O-Wisp|p1a: Raging Bolt
|-status|p1a: Raging Bolt|brn
|move|p1a: Raging Bolt|Thunderbolt|p2a: Cinderace
|-damage|p2a: Cinderace|0 fnt
|faint|p2a: Cinderace
|
|-damage|p1a: Raging Bolt|20/100 brn|[from] brn
|upkeep
|l| qwe Hdm
|inactive|flygonisdragon has 120 seconds left.
|
|t:|1769327981
|switch|p2a: Kyurem|Kyurem|81/100
|-ability|p2a: Kyurem|Pressure
|turn|19
|
|t:|1769327985
|move|p2a: Kyurem|Protect|p2a: Kyurem
|-singleturn|p2a: Kyurem|Protect
|move|p1a: Raging Bolt|Draco Meteor|p2a: Kyurem
|-activate|p2a: Kyurem|move: Protect
|
|-heal|p2a: Kyurem|87/100|[from] item: Leftovers
|-damage|p1a: Raging Bolt|14/100 brn|[from] brn
|upkeep
|turn|20
|
|t:|1769327989
|move|p2a: Kyurem|Substitute|p2a: Kyurem
|-start|p2a: Kyurem|Substitute
|-damage|p2a: Kyurem|62/100
|move|p1a: Raging Bolt|Thunderbolt|p2a: Kyurem
|-resisted|p2a: Kyurem
|-activate|p2a: Kyurem|move: Substitute|[damage]
|
|-heal|p2a: Kyurem|69/100|[from] item: Leftovers
|-damage|p1a: Raging Bolt|7/100 brn|[from] brn
|upkeep
|turn|21
|
|t:|1769327993
|move|p2a: Kyurem|Protect|p2a: Kyurem
|-singleturn|p2a: Kyurem|Protect
|move|p1a: Raging Bolt|Thunderclap||[still]
|-fail|p1a: Raging Bolt
|
|-heal|p2a: Kyurem|75/100|[from] item: Leftovers
|-damage|p1a: Raging Bolt|1/100 brn|[from] brn
|upkeep
|turn|22
|
|t:|1769327997
|move|p1a: Raging Bolt|Thunderclap|p2a: Kyurem
|-resisted|p2a: Kyurem
|-end|p2a: Kyurem|Substitute
|move|p2a: Kyurem|Freeze-Dry|p1a: Raging Bolt
|-supereffective|p1a: Raging Bolt
|-damage|p1a: Raging Bolt|0 fnt
|faint|p1a: Raging Bolt
|-end|p1a: Raging Bolt|Protosynthesis|[silent]
|
|-heal|p2a: Kyurem|81/100|[from] item: Leftovers
|upkeep
|
|t:|1769328004
|switch|p1a: Ceruledge|Ceruledge, F|100/100
|turn|23
|
|t:|1769328018
|move|p2a: Kyurem|Earth Power|p1a: Ceruledge
|-supereffective|p1a: Ceruledge
|-damage|p1a: Ceruledge|25/100
|move|p1a: Ceruledge|Swords Dance|p1a: Ceruledge
|-boost|p1a: Ceruledge|atk|2
|
|-heal|p2a: Kyurem|87/100|[from] item: Leftovers
|upkeep
|turn|24
|
|t:|1769328026
|move|p1a: Ceruledge|Shadow Sneak|p2a: Kyurem
|-damage|p2a: Kyurem|46/100
|move|p2a: Kyurem|Earth Power|p1a: Ceruledge
|-supereffective|p1a: Ceruledge
|-damage|p1a: Ceruledge|0 fnt
|faint|p1a: Ceruledge
|
|-heal|p2a: Kyurem|52/100|[from] item: Leftovers
|upkeep
|-message|Wellez forfeited.
|
|win|flygonisdragon
|raw|Wellez's rating: 1553 &rarr; <strong>1538</strong><br />(-15 for losing)
|raw|flygonisdragon's rating: 1633 &rarr; <strong>1648</strong><br />(+15 for winning)
|l|☆Wellez
|player|p1|
|l|☆flygonisdragon
|player|p2|
