|j|☆alburker
|j|☆Sontrad
|t:|1769307719
|gametype|singles
|player|p1|alburker|janitor|
|player|p2|Sontrad|volkner|
|gen|9
|tier|[Gen 9] OU
|rule|HP Percentage Mod: HP is shown in percentages
|rule|Endless Battle Clause: Forcing endless battles is banned
|rule|Species Clause: Limit one of each Pokémon
|rule|OHKO Clause: OHKO moves are banned
|rule|Evasion Items Clause: Evasion items are banned
|rule|Evasion Moves Clause: Evasion moves are banned
|rule|Evasion Abilities Clause: Evasion abilities are banned
|rule|Sleep Moves Clause: Sleep-inducing moves are banned
|clearpoke
|poke|p1|Zamazenta-*|
|poke|p1|Great Tusk|
|poke|p1|Gholdengo|
|poke|p1|Meowscarada, F|
|poke|p1|Skeledirge, F|
|poke|p1|Iron Valiant|
|poke|p2|Great Tusk|
|poke|p2|Iron Valiant|
|poke|p2|Kingambit, M|
|poke|p2|Gholdengo|
|poke|p2|Ting-Lu|
|poke|p2|Dragapult, M|
|teampreview
|l|☆alburker
|player|p1|
|j|☆alburker
|player|p1|alburker|janitor|
|
|t:|1769307737
|teamsize|p1|6
|teamsize|p2|6
|start
|switch|p1a: Great Tusk|Great Tusk|100/100
|switch|p2a: Great Tusk|Great Tusk, shiny|100/100
|turn|1
|
|t:|1769307770
|move|p1a: Great Tusk|Earthquake|p2a: Great Tusk
|-damage|p2a: Great Tusk|75/100
|move|p2a: Great Tusk|Stealth Rock|p1a: Great Tusk
|-sidestart|p1: alburker|move: Stealth Rock
|
|-heal|p2a: Great Tusk|82/100|[from] item: Leftovers
|upkeep
|turn|2
|
|t:|1769307779
|move|p1a: Great Tusk|Rapid Spin|p2a: Great Tusk
|-damage|p2a: Great Tusk|73/100
|-boost|p1a: Great Tusk|spe|1
|-sideend|p1: alburker|Stealth Rock|[from] move: Rapid Spin|[of] p1a: Great Tusk
|move|p2a: Great Tusk|Rapid Spin|p1a: Great Tusk
|-damage|p1a: Great Tusk|90/100
|-boost|p2a: Great Tusk|spe|1
|
|-heal|p2a: Great Tusk|80/100|[from] item: Leftovers
|upkeep
|turn|3
|
|t:|1769307796
|move|p1a: Great Tusk|Ice Spinner|p2a: Great Tusk
|-supereffective|p2a: Great Tusk
|-damage|p2a: Great Tusk|51/100
|move|p2a: Great Tusk|Earthquake|p1a: Great Tusk
|-damage|p1a: Great Tusk|55/100
|
|-heal|p2a: Great Tusk|58/100|[from] item: Leftovers
|upkeep
|turn|4
|
|t:|1769307814
|move|p1a: Great Tusk|Earthquake|p2a: Great Tusk
|-damage|p2a: Great Tusk|33/100
|move|p2a: Great Tusk|Earthquake|p1a: Great Tusk
|-damage|p1a: Great Tusk|24/100
|
|-heal|p2a: Great Tusk|39/100|[from] item: Leftovers
|upkeep
|turn|5
|
|t:|1769307832
|-end|p1a: Great Tusk|Protosynthesis|[silent]
|switch|p1a: Zamazenta|Zamazenta|100/100
|-ability|p1a: Zamazenta|Dauntless Shield|boost
|-boost|p1a: Zamazenta|def|1
|move|p2a: Great Tusk|Earthquake|p1a: Zamazenta
|-damage|p1a: Zamazenta|83/100
|
|-heal|p1a: Zamazenta|89/100|[from] item: Leftovers
|-heal|p2a: Great Tusk|45/100|[from] item: Leftovers
|upkeep
|turn|6
|
|t:|1769307842
|move|p1a: Zamazenta|Body Press|p2a: Great Tusk
|-damage|p2a: Great Tusk|15/100
|move|p2a: Great Tusk|Stealth Rock|p1a: Zamazenta
|-sidestart|p1: alburker|move: Stealth Rock
|
|-heal|p1a: Zamazenta|95/100|[from] item: Leftovers
|-heal|p2a: Great Tusk|21/100|[from] item: Leftovers
|upkeep
|turn|7
|
|t:|1769307851
|move|p1a: Zamazenta|Body Press|p2a: Great Tusk
|-damage|p2a: Great Tusk|0 fnt
|faint|p2a: Great Tusk
|-end|p2a: Great Tusk|Protosynthesis|[silent]
|
|-heal|p1a: Zamazenta|100/100|[from] item: Leftovers
|upkeep
|
|t:|1769307881
|switch|p2a: Dragapult|Dragapult, M, shiny|100/100
|turn|8
|
|t:|1769307897
|move|p2a: Dragapult|Shadow Ball|p1a: Zamazenta
|-damage|p1a: Zamazenta|56/100
|move|p1a: Zamazenta|Substitute|p1a: Zamazenta
|-start|p1a: Zamazenta|Substitute
|-damage|p1a: Zamazenta|31/100
|
|-heal|p1a: Zamazenta|37/100|[from] item: Leftovers
|upkeep
|turn|9
|
|t:|1769307908
|move|p2a: Dragapult|Shadow Ball|p1a: Zamazenta
|-damage|p1a: Zamazenta|0 fnt
|faint|p1a: Zamazenta
|
|upkeep
|
|t:|1769307915
|switch|p1a: Great Tusk|Great Tusk|24/100
|turn|10
|
|t:|1769307918
|move|p2a: Dragapult|Shadow Ball|p1a: Great Tusk
|-damage|p1a: Great Tusk|0 fnt
|faint|p1a: Great Tusk
|-end|p1a: Great Tusk|Protosynthesis|[silent]
|
|upkeep
|
|t:|1769307937
|switch|p1a: Gholdengo|Gholdengo|100/100
|-damage|p1a: Gholdengo|94/100|[from] Stealth Rock
|-item|p1a: Gholdengo|Air Balloon
|turn|11
|
|t:|1769307988
|move|p2a: Dragapult|Shadow Ball|p1a: Gholdengo
|-supereffective|p1a: Gholdengo
|-damage|p1a: Gholdengo|0 fnt
|-enditem|p1a: Gholdengo|Air Balloon
|faint|p1a: Gholdengo
|
|upkeep
|
|t:|1769307996
|switch|p1a: Skeledirge|Skeledirge, F|100/100
|turn|12
|
|t:|1769308015
|move|p2a: Dragapult|Shadow Ball|p1a: Skeledirge
|-supereffective|p1a: Skeledirge
|-damage|p1a: Skeledirge|1/100
|move|p1a: Skeledirge|Will-O-Wisp|p2a: Dragapult
|-status|p2a: Dragapult|brn
|
|-damage|p2a: Dragapult|95/100 brn|[from] brn
|upkeep
|turn|13
|
|t:|1769308024
|move|p2a: Dragapult|Shadow Ball|p1a: Skeledirge
|-supereffective|p1a: Skeledirge
|-damage|p1a: Skeledirge|0 fnt
|faint|p1a: Skeledirge
|
|-damage|p2a: Dragapult|89/100 brn|[from] brn
|upkeep
|
|t:|1769308035
|switch|p1a: Meowscarada|Meowscarada, F|100/100
|-damage|p1a: Meowscarada|88/100|[from] Stealth Rock
|turn|14
|
|t:|1769308048
|move|p2a: Dragapult|Shadow Ball|p1a: Meowscarada
|-resisted|p1a: Meowscarada
|-damage|p1a: Meowscarada|45/100
|move|p1a: Meowscarada|Flower Trick|p2a: Dragapult
|-start|p1a: Meowscarada|typechange|Grass|[from] ability: Protean
|-resisted|p2a: Dragapult
|-crit|p2a: Dragapult
|-damage|p2a: Dragapult|57/100 brn
|
|-damage|p2a: Dragapult|51/100 brn|[from] brn
|upkeep
|turn|15
|
|t:|1769308068
|switch|p1a: Iron Valiant|Iron Valiant|100/100
|-damage|p1a: Iron Valiant|94/100|[from] Stealth Rock
|move|p2a: Dragapult|Shadow Ball|p1a: Iron Valiant
|-damage|p1a: Iron Valiant|6/100
|
|-damage|p2a: Dragapult|45/100 brn|[from] brn
|upkeep
|turn|16
|
|t:|1769308091
|move|p1a: Iron Valiant|Aura Sphere|p2a: Dragapult
|-immune|p2a: Dragapult
|move|p2a: Dragapult|Shadow Ball|p1a: Iron Valiant
|-damage|p1a: Iron Valiant|0 fnt
|faint|p1a: Iron Valiant
|-end|p1a: Iron Valiant|Quark Drive|[silent]
|
|-damage|p2a: Dragapult|39/100 brn|[from] brn
|upkeep
|
|t:|1769308101
|switch|p1a: Meowscarada|Meowscarada, F|45/100
|-damage|p1a: Meowscarada|33/100|[from] Stealth Rock
|turn|17
|
|t:|1769308112
|-terastallize|p1a: Meowscarada|Grass
|move|p2a: Dragapult|Shadow Ball|p1a: Meowscarada
|-damage|p1a: Meowscarada|0 fnt
|faint|p1a: Meowscarada
|
|win|Sontrad
|l|☆alburker
|player|p1|
|j|☆alburker
|player|p1|alburker|janitor|
