|j|☆H00M4N_B31NG
|j|☆TotallySkilled
|t:|1769319265
|gametype|singles
|player|p1|H00M4N_B31NG|unknown|1450
|player|p2|TotallySkilled|guzma|1506
|gen|9
|tier|[Gen 9] OU
|rated|
|rule|HP Percentage Mod: HP is shown in percentages
|rule|Endless Battle Clause: Forcing endless battles is banned
|rule|Species Clause: Limit one of each Pokémon
|rule|OHKO Clause: OHKO moves are banned
|rule|Evasion Items Clause: Evasion items are banned
|rule|Evasion Moves Clause: Evasion moves are banned
|rule|Evasion Abilities Clause: Evasion abilities are banned
|rule|Sleep Moves Clause: Sleep-inducing moves are banned
|clearpoke
|poke|p1|Tinkaton, F|
|poke|p1|Ogerpon, F|
|poke|p1|Great Tusk|
|poke|p1|Pecharunt|
|poke|p1|Alomomola, M|
|poke|p1|Hydreigon, M|
|poke|p2|Grimmsnarl, M|
|poke|p2|Great Tusk|
|poke|p2|Pecharunt|
|poke|p2|Farigiraf, M|
|poke|p2|Raging Bolt|
|poke|p2|Kingambit, F|
|teampreview
|c|☆H00M4N_B31NG|gl hf
|c|☆TotallySkilled|u2
|c|☆H00M4N_B31NG|ty
|inactive|Battle timer is ON: inactive players will automatically lose when time's up. (requested by H00M4N_B31NG)
|inactive|TotallySkilled has 120 seconds left.
|
|t:|1769319328
|teamsize|p1|6
|teamsize|p2|6
|start
|switch|p1a: Pink Bonk|Tinkaton, F, shiny|100/100
|switch|p2a: DNA|Great Tusk, shiny|100/100
|-item|p1a: Pink Bonk|Air Balloon
|-enditem|p2a: DNA|Booster Energy
|-activate|p2a: DNA|ability: Protosynthesis|[fromitem]
|-start|p2a: DNA|protosynthesisspe
|turn|1
|inactive|H00M4N_B31NG has 120 seconds left.
|inactive|H00M4N_B31NG has 90 seconds left.
|inactive|H00M4N_B31NG has 60 seconds left.
|
|t:|1769319430
|switch|p1a: Urple Bonk|Pecharunt|100/100
|move|p2a: DNA|Stealth Rock|p1a: Urple Bonk
|-sidestart|p1: H00M4N_B31NG|move: Stealth Rock
|
|upkeep
|turn|2
|
|t:|1769319442
|-end|p2a: DNA|Protosynthesis|[silent]
|switch|p2a: Blue Cross|Kingambit, F, shiny|100/100
|switch|p1a: Triple Bonk|Hydreigon, M, shiny|100/100
|-damage|p1a: Triple Bonk|88/100|[from] Stealth Rock
|
|upkeep
|turn|3
|
|t:|1769319466
|-end|p2a: Blue Cross|fallenundefined|[silent]
|switch|p2a: Malevolent Kitchen|Pecharunt|100/100
|-item|p2a: Malevolent Kitchen|Air Balloon
|move|p1a: Triple Bonk|Earth Power|p2a: Malevolent Kitchen
|-immune|p2a: Malevolent Kitchen
|
|upkeep
|turn|4
|inactive|H00M4N_B31NG has 60 seconds left.
|
|t:|1769319484
|switch|p1a: Pink Bonk|Tinkaton, F, shiny|100/100
|-damage|p1a: Pink Bonk|94/100|[from] Stealth Rock
|-item|p1a: Pink Bonk|Air Balloon
|switch|p2a: Mahoraga|Grimmsnarl, M, shiny|100/100
|
|upkeep
|turn|5
|
|t:|1769319493
|move|p2a: Mahoraga|Parting Shot|p1a: Pink Bonk
|-unboost|p1a: Pink Bonk|atk|1
|-unboost|p1a: Pink Bonk|spa|1
|
|t:|1769319495
|switch|p2a: DNA|Great Tusk, shiny|100/100|[from] Parting Shot
|move|p1a: Pink Bonk|Stealth Rock|p2a: DNA
|-sidestart|p2: TotallySkilled|move: Stealth Rock
|
|upkeep
|turn|6
|
|t:|1769319509
|switch|p1a: Urple Bonk|Pecharunt|100/100
|-damage|p1a: Urple Bonk|88/100|[from] Stealth Rock
|move|p2a: DNA|Rapid Spin|p1a: Urple Bonk
|-immune|p1a: Urple Bonk
|
|upkeep
|turn|7
|
|t:|1769319523
|switch|p1a: Triple Bonk|Hydreigon, M, shiny|88/100
|-damage|p1a: Triple Bonk|76/100|[from] Stealth Rock
|move|p2a: DNA|Headlong Rush|p1a: Triple Bonk
|-immune|p1a: Triple Bonk|[from] ability: Levitate
|
|upkeep
|turn|8
|
|t:|1769319533
|move|p1a: Triple Bonk|Draco Meteor|p2a: DNA
|-damage|p2a: DNA|0 fnt
|-unboost|p1a: Triple Bonk|spa|2
|faint|p2a: DNA
|-end|p2a: DNA|Protosynthesis|[silent]
|
|upkeep
|
|t:|1769319536
|switch|p2a: Kali Uchis|Raging Bolt|100/100
|-damage|p2a: Kali Uchis|88/100|[from] Stealth Rock
|-enditem|p2a: Kali Uchis|Booster Energy
|-activate|p2a: Kali Uchis|ability: Protosynthesis|[fromitem]
|-start|p2a: Kali Uchis|protosynthesisspa
|turn|9
|c|☆TotallySkilled|mislclick :(
|
|t:|1769319554
|switch|p1a: Pink Bonk|Tinkaton, F, shiny|94/100
|-damage|p1a: Pink Bonk|88/100|[from] Stealth Rock
|-item|p1a: Pink Bonk|Air Balloon
|move|p2a: Kali Uchis|Thunderbolt|p1a: Pink Bonk
|-damage|p1a: Pink Bonk|15/100
|-enditem|p1a: Pink Bonk|Air Balloon
|
|upkeep
|turn|10
|inactive|H00M4N_B31NG has 60 seconds left.
|
|t:|1769319578
|move|p2a: Kali Uchis|Thunderclap|p1a: Pink Bonk
|-damage|p1a: Pink Bonk|0 fnt
|faint|p1a: Pink Bonk
|
|upkeep
|inactive|H00M4N_B31NG has 60 seconds left.
|
|t:|1769319600
|switch|p1a: Triple Bonk|Hydreigon, M, shiny|76/100
|-damage|p1a: Triple Bonk|64/100|[from] Stealth Rock
|turn|11
|
|t:|1769319605
|-end|p2a: Kali Uchis|Protosynthesis|[silent]
|switch|p2a: Blue Cross|Kingambit, F, shiny|100/100
|-damage|p2a: Blue Cross|94/100|[from] Stealth Rock
|-activate|p2a: Blue Cross|ability: Supreme Overlord
|-start|p2a: Blue Cross|fallen1|[silent]
|move|p1a: Triple Bonk|Draco Meteor|p2a: Blue Cross
|-resisted|p2a: Blue Cross
|-damage|p2a: Blue Cross|42/100
|-unboost|p1a: Triple Bonk|spa|2
|
|upkeep
|turn|12
|inactive|H00M4N_B31NG has 60 seconds left.
|
|t:|1769319617
|switch|p1a: Prehistoric Bonk|Great Tusk, shiny|100/100
|-end|p2a: Blue Cross|fallen1|[silent]
|switch|p2a: Mahoraga|Grimmsnarl, M, shiny|100/100
|-damage|p2a: Mahoraga|88/100|[from] Stealth Rock
|
|upkeep
|turn|13
|inactive|H00M4N_B31NG has 60 seconds left.
|
|t:|1769319624
|move|p2a: Mahoraga|Reflect|p2a: Mahoraga
|-sidestart|p2: TotallySkilled|Reflect
|move|p1a: Prehistoric Bonk|Rapid Spin|p2a: Mahoraga
|-damage|p2a: Mahoraga|77/100
|-boost|p1a: Prehistoric Bonk|spe|1
|-sideend|p1: H00M4N_B31NG|Stealth Rock|[from] move: Rapid Spin|[of] p1a: Prehistoric Bonk
|
|upkeep
|turn|14
|
|t:|1769319631
|-end|p1a: Prehistoric Bonk|Protosynthesis|[silent]
|switch|p1a: Urple Bonk|Pecharunt|88/100
|move|p2a: Mahoraga|Light Screen|p2a: Mahoraga
|-sidestart|p2: TotallySkilled|move: Light Screen
|
|upkeep
|turn|15
|
|t:|1769319644
|move|p2a: Mahoraga|Parting Shot|p1a: Urple Bonk
|-unboost|p1a: Urple Bonk|atk|1
|-unboost|p1a: Urple Bonk|spa|1
|
|t:|1769319648
|switch|p2a: Blue Cross|Kingambit, F, shiny|42/100|[from] Parting Shot
|-damage|p2a: Blue Cross|36/100|[from] Stealth Rock
|-activate|p2a: Blue Cross|ability: Supreme Overlord
|-start|p2a: Blue Cross|fallen1|[silent]
|move|p1a: Urple Bonk|Parting Shot|p2a: Blue Cross
|-unboost|p2a: Blue Cross|atk|1
|-unboost|p2a: Blue Cross|spa|1
|inactive|H00M4N_B31NG has 60 seconds left.
|
|t:|1769319670
|switch|p1a: Triple Bonk|Hydreigon, M, shiny|64/100|[from] Parting Shot
|
|upkeep
|turn|16
|
|t:|1769319678
|-end|p2a: Blue Cross|fallen1|[silent]
|switch|p2a: Malevolent Kitchen|Pecharunt|100/100
|-damage|p2a: Malevolent Kitchen|88/100|[from] Stealth Rock
|-item|p2a: Malevolent Kitchen|Air Balloon
|move|p1a: Triple Bonk|Earth Power|p2a: Malevolent Kitchen
|-immune|p2a: Malevolent Kitchen
|
|upkeep
|turn|17
|
|t:|1769319696
|switch|p1a: Feesch Bonk|Alomomola, M, shiny|100/100
|move|p2a: Malevolent Kitchen|Malignant Chain|p1a: Feesch Bonk
|-damage|p1a: Feesch Bonk|86/100
|
|upkeep
|turn|18
|
|t:|1769319702
|move|p2a: Malevolent Kitchen|Malignant Chain|p1a: Feesch Bonk
|-damage|p1a: Feesch Bonk|70/100
|move|p1a: Feesch Bonk|Flip Turn|p2a: Malevolent Kitchen
|-damage|p2a: Malevolent Kitchen|83/100
|-enditem|p2a: Malevolent Kitchen|Air Balloon
|
|t:|1769319706
|switch|p1a: Triple Bonk|Hydreigon, M, shiny|64/100|[from] Flip Turn
|
|upkeep
|turn|19
|
|t:|1769319710
|move|p1a: Triple Bonk|Earth Power|p2a: Malevolent Kitchen
|-supereffective|p2a: Malevolent Kitchen
|-damage|p2a: Malevolent Kitchen|36/100
|move|p2a: Malevolent Kitchen|Malignant Chain|p1a: Triple Bonk
|-damage|p1a: Triple Bonk|27/100
|-status|p1a: Triple Bonk|tox
|-start|p1a: Triple Bonk|confusion|[from] ability: Poison Puppeteer|[of] p2a: Malevolent Kitchen
|
|-damage|p1a: Triple Bonk|21/100 tox|[from] psn
|upkeep
|turn|20
|inactive|H00M4N_B31NG has 90 seconds left.
|
|t:|1769319719
|switch|p1a: Urple Bonk|Pecharunt|88/100
|move|p2a: Malevolent Kitchen|Recover|p2a: Malevolent Kitchen
|-heal|p2a: Malevolent Kitchen|86/100
|
|-sideend|p2: TotallySkilled|Reflect
|upkeep
|turn|21
|
|t:|1769319726
|move|p2a: Malevolent Kitchen|Shadow Ball|p1a: Urple Bonk
|-supereffective|p1a: Urple Bonk
|-damage|p1a: Urple Bonk|40/100
|move|p1a: Urple Bonk|Parting Shot|p2a: Malevolent Kitchen
|-unboost|p2a: Malevolent Kitchen|atk|1
|-unboost|p2a: Malevolent Kitchen|spa|1
|
|t:|1769319730
|switch|p1a: Triple Bonk|Hydreigon, M, shiny|21/100 tox|[from] Parting Shot
|
|-damage|p1a: Triple Bonk|15/100 tox|[from] psn
|-sideend|p2: TotallySkilled|move: Light Screen
|upkeep
|turn|22
|
|t:|1769319736
|switch|p2a: Kali Uchis|Raging Bolt|88/100
|-damage|p2a: Kali Uchis|76/100|[from] Stealth Rock
|move|p1a: Triple Bonk|Earth Power|p2a: Kali Uchis
|-supereffective|p2a: Kali Uchis
|-damage|p2a: Kali Uchis|0 fnt
|faint|p2a: Kali Uchis
|-end|p2a: Kali Uchis|Protosynthesis|[silent]
|
|-damage|p1a: Triple Bonk|3/100 tox|[from] psn
|upkeep
|
|t:|1769319739
|switch|p2a: Mahoraga|Grimmsnarl, M, shiny|77/100
|-damage|p2a: Mahoraga|65/100|[from] Stealth Rock
|turn|23
|inactive|H00M4N_B31NG has 120 seconds left.
|
|t:|1769319747
|switch|p1a: Urple Bonk|Pecharunt|40/100
|move|p2a: Mahoraga|Light Screen|p2a: Mahoraga
|-sidestart|p2: TotallySkilled|move: Light Screen
|
|upkeep
|turn|24
|
|t:|1769319754
|move|p2a: Mahoraga|Parting Shot|p1a: Urple Bonk
|-unboost|p1a: Urple Bonk|atk|1
|-unboost|p1a: Urple Bonk|spa|1
|
|t:|1769319755
|switch|p2a: Blue Cross|Kingambit, F, shiny|36/100|[from] Parting Shot
|-damage|p2a: Blue Cross|30/100|[from] Stealth Rock
|-activate|p2a: Blue Cross|ability: Supreme Overlord
|-start|p2a: Blue Cross|fallen2|[silent]
|move|p1a: Urple Bonk|Recover|p1a: Urple Bonk
|-heal|p1a: Urple Bonk|90/100
|
|upkeep
|turn|25
|
|t:|1769319767
|switch|p1a: Prehistoric Bonk|Great Tusk, shiny|100/100
|-end|p2a: Blue Cross|fallen2|[silent]
|switch|p2a: Mahoraga|Grimmsnarl, M, shiny|65/100
|-damage|p2a: Mahoraga|52/100|[from] Stealth Rock
|
|upkeep
|turn|26
|
|t:|1769319775
|-end|p1a: Prehistoric Bonk|Protosynthesis|[silent]
|switch|p1a: Urple Bonk|Pecharunt|90/100
|move|p2a: Mahoraga|Reflect|p2a: Mahoraga
|-sidestart|p2: TotallySkilled|Reflect
|
|upkeep
|turn|27
|
|t:|1769319786
|move|p1a: Urple Bonk|Parting Shot|p2a: Mahoraga
|-unboost|p2a: Mahoraga|atk|1
|-unboost|p2a: Mahoraga|spa|1
|
|t:|1769319794
|switch|p1a: Triple Bonk|Hydreigon, M, shiny|3/100 tox|[from] Parting Shot
|move|p2a: Mahoraga|Spirit Break|p1a: Triple Bonk
|-supereffective|p1a: Triple Bonk
|-damage|p1a: Triple Bonk|0 fnt
|faint|p1a: Triple Bonk
|
|upkeep
|
|t:|1769319806
|switch|p1a: Feesch Bonk|Alomomola, M, shiny|100/100
|turn|28
|
|t:|1769319810
|switch|p2a: Malevolent Kitchen|Pecharunt|86/100
|-damage|p2a: Malevolent Kitchen|74/100|[from] Stealth Rock
|move|p1a: Feesch Bonk|Flip Turn|p2a: Malevolent Kitchen
|-damage|p2a: Malevolent Kitchen|69/100
|inactive|H00M4N_B31NG has 120 seconds left.
|
|t:|1769319853
|switch|p1a: Urple Bonk|Pecharunt|90/100|[from] Flip Turn
|
|upkeep
|turn|29
|
|t:|1769319859
|move|p2a: Malevolent Kitchen|Nasty Plot|p2a: Malevolent Kitchen
|-boost|p2a: Malevolent Kitchen|spa|2
|move|p1a: Urple Bonk|Parting Shot|p2a: Malevolent Kitchen
|-unboost|p2a: Malevolent Kitchen|atk|1
|-unboost|p2a: Malevolent Kitchen|spa|1
|inactive|H00M4N_B31NG has 120 seconds left.
|
|t:|1769319867
|switch|p1a: Feesch Bonk|Alomomola, M, shiny|100/100|[from] Parting Shot
|
|upkeep
|turn|30
|
|t:|1769319887
|move|p2a: Malevolent Kitchen|Malignant Chain|p1a: Feesch Bonk
|-damage|p1a: Feesch Bonk|78/100
|move|p1a: Feesch Bonk|Mirror Coat|p2a: Malevolent Kitchen
|-damage|p2a: Malevolent Kitchen|6/100
|
|-sideend|p2: TotallySkilled|move: Light Screen
|upkeep
|turn|31
|
|t:|1769319895
|move|p2a: Malevolent Kitchen|Recover|p2a: Malevolent Kitchen
|-heal|p2a: Malevolent Kitchen|56/100
|move|p1a: Feesch Bonk|Flip Turn|p2a: Malevolent Kitchen
|-damage|p2a: Malevolent Kitchen|51/100
|inactive|H00M4N_B31NG has 120 seconds left.
|
|t:|1769319921
|switch|p1a: Green Bonk|Ogerpon, F|100/100|[from] Flip Turn
|
|upkeep
|turn|32
|
|t:|1769319924
|move|p1a: Green Bonk|U-turn|p2a: Malevolent Kitchen
|-resisted|p2a: Malevolent Kitchen
|-damage|p2a: Malevolent Kitchen|49/100
|
|t:|1769319928
|switch|p1a: Feesch Bonk|Alomomola, M, shiny|100/100|[from] U-turn
|move|p2a: Malevolent Kitchen|Malignant Chain|p1a: Feesch Bonk
|-damage|p1a: Feesch Bonk|77/100
|-status|p1a: Feesch Bonk|tox
|-start|p1a: Feesch Bonk|confusion|[from] ability: Poison Puppeteer|[of] p2a: Malevolent Kitchen
|
|-damage|p1a: Feesch Bonk|71/100 tox|[from] psn
|upkeep
|turn|33
|
|t:|1769319934
|move|p2a: Malevolent Kitchen|Recover|p2a: Malevolent Kitchen
|-heal|p2a: Malevolent Kitchen|99/100
|-activate|p1a: Feesch Bonk|confusion
|move|p1a: Feesch Bonk|Flip Turn|p2a: Malevolent Kitchen
|-damage|p2a: Malevolent Kitchen|93/100
|
|t:|1769319942
|switch|p1a: Prehistoric Bonk|Great Tusk, shiny|100/100|[from] Flip Turn
|
|-sideend|p2: TotallySkilled|Reflect
|upkeep
|turn|34
|
|t:|1769319953
|switch|p2a: Blue Cross|Kingambit, F, shiny|30/100
|-damage|p2a: Blue Cross|24/100|[from] Stealth Rock
|-activate|p2a: Blue Cross|ability: Supreme Overlord
|-start|p2a: Blue Cross|fallen2|[silent]
|move|p1a: Prehistoric Bonk|Headlong Rush|p2a: Blue Cross
|-supereffective|p2a: Blue Cross
|-damage|p2a: Blue Cross|0 fnt
|-unboost|p1a: Prehistoric Bonk|def|1
|-unboost|p1a: Prehistoric Bonk|spd|1
|faint|p2a: Blue Cross
|-end|p2a: Blue Cross|fallen2|[silent]
|
|upkeep
|
|t:|1769319954
|switch|p2a: Mahoraga|Grimmsnarl, M, shiny|52/100
|-damage|p2a: Mahoraga|40/100|[from] Stealth Rock
|turn|35
|
|t:|1769319962
|move|p2a: Mahoraga|Reflect|p2a: Mahoraga
|-sidestart|p2: TotallySkilled|Reflect
|move|p1a: Prehistoric Bonk|Close Combat|p2a: Mahoraga
|-damage|p2a: Mahoraga|3/100
|-unboost|p1a: Prehistoric Bonk|def|1
|-unboost|p1a: Prehistoric Bonk|spd|1
|
|upkeep
|turn|36
|
|t:|1769319974
|move|p2a: Mahoraga|Light Screen|p2a: Mahoraga
|-sidestart|p2: TotallySkilled|move: Light Screen
|move|p1a: Prehistoric Bonk|Rapid Spin|p2a: Mahoraga
|-damage|p2a: Mahoraga|0 fnt
|-boost|p1a: Prehistoric Bonk|spe|1
|faint|p2a: Mahoraga
|
|upkeep
|
|t:|1769319976
|switch|p2a: Malevolent Kitchen|Pecharunt|93/100
|-damage|p2a: Malevolent Kitchen|81/100|[from] Stealth Rock
|turn|37
|
|t:|1769319987
|move|p1a: Prehistoric Bonk|Headlong Rush|p2a: Malevolent Kitchen
|-supereffective|p2a: Malevolent Kitchen
|-damage|p2a: Malevolent Kitchen|43/100
|-unboost|p1a: Prehistoric Bonk|def|1
|-unboost|p1a: Prehistoric Bonk|spd|1
|move|p2a: Malevolent Kitchen|Malignant Chain|p1a: Prehistoric Bonk
|-resisted|p1a: Prehistoric Bonk
|-damage|p1a: Prehistoric Bonk|37/100
|
|upkeep
|turn|38
|
|t:|1769319995
|move|p1a: Prehistoric Bonk|Headlong Rush|p2a: Malevolent Kitchen
|-supereffective|p2a: Malevolent Kitchen
|-damage|p2a: Malevolent Kitchen|7/100
|-unboost|p1a: Prehistoric Bonk|def|1
|-unboost|p1a: Prehistoric Bonk|spd|1
|move|p2a: Malevolent Kitchen|Recover|p2a: Malevolent Kitchen
|-heal|p2a: Malevolent Kitchen|57/100
|
|upkeep
|turn|39
|
|t:|1769320000
|move|p1a: Prehistoric Bonk|Headlong Rush|p2a: Malevolent Kitchen
|-supereffective|p2a: Malevolent Kitchen
|-damage|p2a: Malevolent Kitchen|18/100
|-unboost|p1a: Prehistoric Bonk|def|1
|-unboost|p1a: Prehistoric Bonk|spd|1
|move|p2a: Malevolent Kitchen|Recover|p2a: Malevolent Kitchen
|-heal|p2a: Malevolent Kitchen|68/100
|
|upkeep
|turn|40
|
|t:|1769320005
|move|p1a: Prehistoric Bonk|Headlong Rush|p2a: Malevolent Kitchen
|-supereffective|p2a: Malevolent Kitchen
|-damage|p2a: Malevolent Kitchen|29/100
|-unboost|p1a: Prehistoric Bonk|def|1
|-unboost|p1a: Prehistoric Bonk|spd|1
|move|p2a: Malevolent Kitchen|Shadow Ball|p1a: Prehistoric Bonk
|-damage|p1a: Prehistoric Bonk|0 fnt
|faint|p1a: Prehistoric Bonk
|-end|p1a: Prehistoric Bonk|Protosynthesis|[silent]
|
|upkeep
|
|t:|1769320010
|switch|p1a: Green Bonk|Ogerpon, F|100/100
|turn|41
|
|t:|1769320014
|move|p1a: Green Bonk|Knock Off|p2a: Malevolent Kitchen
|-supereffective|p2a: Malevolent Kitchen
|-damage|p2a: Malevolent Kitchen|11/100
|move|p2a: Malevolent Kitchen|Recover|p2a: Malevolent Kitchen
|-heal|p2a: Malevolent Kitchen|61/100
|
|upkeep
|turn|42
|
|t:|1769320024
|switch|p1a: Feesch Bonk|Alomomola, M, shiny|100/100 tox
|move|p2a: Malevolent Kitchen|Nasty Plot|p2a: Malevolent Kitchen
|-boost|p2a: Malevolent Kitchen|spa|2
|
|-damage|p1a: Feesch Bonk|94/100 tox|[from] psn
|-sideend|p2: TotallySkilled|Reflect
|upkeep
|turn|43
|
|t:|1769320034
|move|p2a: Malevolent Kitchen|Recover|p2a: Malevolent Kitchen
|-heal|p2a: Malevolent Kitchen|100/100
|move|p1a: Feesch Bonk|Mirror Coat||[still]
|-fail|p1a: Feesch Bonk
|
|-damage|p1a: Feesch Bonk|82/100 tox|[from] psn
|-sideend|p2: TotallySkilled|move: Light Screen
|upkeep
|turn|44
|
|t:|1769320038
|move|p2a: Malevolent Kitchen|Nasty Plot|p2a: Malevolent Kitchen
|-boost|p2a: Malevolent Kitchen|spa|2
|move|p1a: Feesch Bonk|Mirror Coat||[still]
|-fail|p1a: Feesch Bonk
|
|-damage|p1a: Feesch Bonk|63/100 tox|[from] psn
|upkeep
|turn|45
|
|t:|1769320040
|move|p2a: Malevolent Kitchen|Nasty Plot|p2a: Malevolent Kitchen
|-boost|p2a: Malevolent Kitchen|spa|2
|move|p1a: Feesch Bonk|Mirror Coat||[still]
|-fail|p1a: Feesch Bonk
|
|-damage|p1a: Feesch Bonk|39/100 tox|[from] psn
|upkeep
|turn|46
|
|t:|1769320044
|move|p2a: Malevolent Kitchen|Shadow Ball|p1a: Feesch Bonk
|-damage|p1a: Feesch Bonk|0 fnt
|faint|p1a: Feesch Bonk
|
|upkeep
|-message|H00M4N_B31NG forfeited.
|
|win|TotallySkilled
|raw|H00M4N_B31NG's rating: 1450 &rarr; <strong>1433</strong><br />(-17 for losing)
|raw|TotallySkilled's rating: 1506 &rarr; <strong>1523</strong><br />(+17 for winning)
|l|☆H00M4N_B31NG
|player|p1|
|l|☆TotallySkilled
|player|p2|
