|j|☆fraaaxn
|j|☆Scarfire
|t:|1769389636
|gametype|singles
|player|p1|fraaaxn|2|
|player|p2|Scarfire|#mplixhonchkrows|
|gen|9
|tier|[Gen 9] OU
|rule|HP Percentage Mod: HP is shown in percentages
|rule|Endless Battle Clause: Forcing endless battles is banned
|rule|Species Clause: Limit one of each Pokémon
|rule|OHKO Clause: OHKO moves are banned
|rule|Evasion Items Clause: Evasion items are banned
|rule|Evasion Moves Clause: Evasion moves are banned
|rule|Evasion Abilities Clause: Evasion abilities are banned
|rule|Sleep Moves Clause: Sleep-inducing moves are banned
|clearpoke
|poke|p1|Tyranitar, M|
|poke|p1|Excadrill, M|
|poke|p1|Iron Valiant|
|poke|p1|Zapdos|
|poke|p1|Ogerpon, F|
|poke|p1|Toxapex, F|
|poke|p2|Kingambit, M|
|poke|p2|Iron Valiant|
|poke|p2|Dragonite, M|
|poke|p2|Ceruledge, M|
|poke|p2|Great Tusk|
|poke|p2|Deoxys-Speed|
|teampreview
|inactive|Battle timer is ON: inactive players will automatically lose when time's up. (requested by fraaaxn)
|c|☆fraaaxn|hf
|j| rockpon2
|c|☆Scarfire|u2
|inactive|fraaaxn has 270 seconds left.
|inactive|Scarfire has 270 seconds left.
|inactive|Scarfire has 240 seconds left.
|inactive|Scarfire has 210 seconds left.
|
|t:|1769389731
|teamsize|p1|6
|teamsize|p2|6
|start
|switch|p1a: Ogerpon|Ogerpon, F|100/100
|switch|p2a: Deoxys|Deoxys-Speed|100/100
|-ability|p2a: Deoxys|Pressure
|turn|1
|inactive|Scarfire has 270 seconds left.
|j| reze from csm
|inactive|fraaaxn has 270 seconds left.
|
|t:|1769389782
|switch|p2a: Iron Valiant|Iron Valiant|100/100
|-enditem|p2a: Iron Valiant|Booster Energy
|-activate|p2a: Iron Valiant|ability: Quark Drive|[fromitem]
|-start|p2a: Iron Valiant|quarkdrivespe
|-terastallize|p1a: Ogerpon|Grass
|detailschange|p1a: Ogerpon|Ogerpon-Teal-Tera, F, tera:Grass
|-ability|p1a: Ogerpon|Embody Aspect (Teal)|boost
|-boost|p1a: Ogerpon|spe|1
|move|p1a: Ogerpon|Ivy Cudgel|p2a: Iron Valiant
|-damage|p2a: Iron Valiant|0 fnt
|faint|p2a: Iron Valiant
|-end|p2a: Iron Valiant|Quark Drive|[silent]
|
|upkeep
|inactive|Scarfire has 240 seconds left.
|
|t:|1769389818
|switch|p2a: Ceruledge|Ceruledge, M|100/100
|-item|p2a: Ceruledge|Air Balloon
|turn|2
|
|t:|1769389825
|switch|p1a: Tyranitar|Tyranitar, M|100/100
|-weather|Sandstorm|[from] ability: Sand Stream|[of] p1a: Tyranitar
|move|p2a: Ceruledge|Swords Dance|p2a: Ceruledge
|-boost|p2a: Ceruledge|atk|2
|
|-weather|Sandstorm|[upkeep]
|-damage|p2a: Ceruledge|94/100|[from] Sandstorm
|upkeep
|turn|3
|inactive|fraaaxn has 270 seconds left.
|
|t:|1769389840
|switch|p2a: Great Tusk|Great Tusk|100/100
|-enditem|p2a: Great Tusk|Booster Energy
|-activate|p2a: Great Tusk|ability: Protosynthesis|[fromitem]
|-start|p2a: Great Tusk|protosynthesisspe
|switch|p1a: Toxapex|Toxapex, F|100/100
|
|-weather|Sandstorm|[upkeep]
|-damage|p1a: Toxapex|95/100|[from] Sandstorm
|upkeep
|turn|4
|inactive|fraaaxn has 270 seconds left.
|inactive|Scarfire has 210 seconds left.
|
|t:|1769389871
|switch|p1a: Zapdos|Zapdos|100/100
|move|p2a: Great Tusk|Stealth Rock|p1a: Zapdos
|-sidestart|p1: fraaaxn|move: Stealth Rock
|
|-weather|Sandstorm|[upkeep]
|-damage|p1a: Zapdos|94/100|[from] Sandstorm
|upkeep
|turn|5
|inactive|Scarfire has 210 seconds left.
|
|t:|1769389907
|move|p2a: Great Tusk|Ice Spinner|p1a: Zapdos
|-supereffective|p1a: Zapdos
|-damage|p1a: Zapdos|41/100
|move|p1a: Zapdos|Hurricane|p2a: Great Tusk|[miss]
|-miss|p1a: Zapdos|p2a: Great Tusk
|
|-weather|Sandstorm|[upkeep]
|-damage|p1a: Zapdos|34/100|[from] Sandstorm
|upkeep
|turn|6
|inactive|Scarfire has 180 seconds left.
|
|t:|1769389928
|switch|p1a: Toxapex|Toxapex, F|100/100
|-damage|p1a: Toxapex|88/100|[from] Stealth Rock
|move|p2a: Great Tusk|Rapid Spin|p1a: Toxapex
|-damage|p1a: Toxapex|77/100
|-boost|p2a: Great Tusk|spe|1
|-enditem|p1a: Toxapex|Eject Button
|inactive|fraaaxn has 240 seconds left.
|
|t:|1769389955
|switch|p1a: Iron Valiant|Iron Valiant|100/100
|-damage|p1a: Iron Valiant|94/100|[from] Stealth Rock
|
|-weather|Sandstorm|[upkeep]
|-damage|p1a: Iron Valiant|88/100|[from] Sandstorm
|upkeep
|turn|7
|
|t:|1769389963
|move|p2a: Great Tusk|Headlong Rush|p1a: Iron Valiant
|-damage|p1a: Iron Valiant|20/100
|-unboost|p2a: Great Tusk|def|1
|-unboost|p2a: Great Tusk|spd|1
|move|p1a: Iron Valiant|Moonblast|p2a: Great Tusk
|-supereffective|p2a: Great Tusk
|-damage|p2a: Great Tusk|0 fnt
|faint|p2a: Great Tusk
|-end|p2a: Great Tusk|Protosynthesis|[silent]
|
|-weather|Sandstorm|[upkeep]
|-damage|p1a: Iron Valiant|13/100|[from] Sandstorm
|upkeep
|inactive|Scarfire has 180 seconds left.
|
|t:|1769390001
|switch|p2a: Deoxys|Deoxys-Speed|100/100
|-ability|p2a: Deoxys|Pressure
|turn|8
|
|t:|1769390012
|-end|p1a: Iron Valiant|Quark Drive|[silent]
|switch|p1a: Excadrill|Excadrill, M|100/100
|-damage|p1a: Excadrill|97/100|[from] Stealth Rock
|move|p2a: Deoxys|Ice Beam|p1a: Excadrill
|-damage|p1a: Excadrill|57/100
|-status|p1a: Excadrill|frz
|-damage|p2a: Deoxys|91/100|[from] item: Life Orb
|
|-weather|Sandstorm|[upkeep]
|-damage|p2a: Deoxys|84/100|[from] Sandstorm
|-heal|p1a: Excadrill|63/100 frz|[from] item: Leftovers
|upkeep
|turn|9
|c|☆Scarfire|im sry man
|inactive|fraaaxn has 240 seconds left.
|
|t:|1769390054
|cant|p1a: Excadrill|frz
|move|p2a: Deoxys|Superpower|p1a: Excadrill
|-supereffective|p1a: Excadrill
|-damage|p1a: Excadrill|0 fnt
|-unboost|p2a: Deoxys|atk|1
|-unboost|p2a: Deoxys|def|1
|faint|p1a: Excadrill
|-damage|p2a: Deoxys|74/100|[from] item: Life Orb
|
|-weather|none
|upkeep
|
|t:|1769390069
|switch|p1a: Ogerpon|Ogerpon-Teal-Tera, F, tera:Grass|100/100
|-damage|p1a: Ogerpon|88/100|[from] Stealth Rock
|-ability|p1a: Ogerpon|Embody Aspect (Teal)|boost
|-boost|p1a: Ogerpon|spe|1
|turn|10
|
|t:|1769390075
|switch|p2a: Ceruledge|Ceruledge, M|94/100
|-item|p2a: Ceruledge|Air Balloon
|move|p1a: Ogerpon|Knock Off|p2a: Ceruledge
|-supereffective|p2a: Ceruledge
|-damage|p2a: Ceruledge|0 fnt
|-enditem|p2a: Ceruledge|Air Balloon
|faint|p2a: Ceruledge
|
|upkeep
|
|t:|1769390084
|switch|p2a: Kingambit|Kingambit, M|100/100
|turn|11
|
|t:|1769390097
|switch|p1a: Iron Valiant|Iron Valiant|13/100
|-damage|p1a: Iron Valiant|7/100|[from] Stealth Rock
|move|p2a: Kingambit|Kowtow Cleave|p1a: Iron Valiant
|-resisted|p1a: Iron Valiant
|-damage|p1a: Iron Valiant|0 fnt
|faint|p1a: Iron Valiant
|-end|p1a: Iron Valiant|Quark Drive|[silent]
|
|upkeep
|inactive|fraaaxn has 210 seconds left.
|
|t:|1769390131
|switch|p1a: Ogerpon|Ogerpon-Teal-Tera, F, tera:Grass|88/100
|-damage|p1a: Ogerpon|76/100|[from] Stealth Rock
|-ability|p1a: Ogerpon|Embody Aspect (Teal)|boost
|-boost|p1a: Ogerpon|spe|1
|turn|12
|inactive|Scarfire has 180 seconds left.
|inactive|Scarfire has 150 seconds left.
|
|t:|1769390174
|move|p2a: Kingambit|Sucker Punch|p1a: Ogerpon
|-damage|p1a: Ogerpon|7/100
|move|p1a: Ogerpon|Low Kick|p2a: Kingambit
|-supereffective|p2a: Kingambit
|-damage|p2a: Kingambit|0 fnt
|faint|p2a: Kingambit
|
|upkeep
|
|t:|1769390180
|switch|p2a: Dragonite|Dragonite, M|100/100
|turn|13
|inactive|Scarfire has 150 seconds left.
|inactive|fraaaxn has 210 seconds left.
|
|t:|1769390202
|switch|p1a: Zapdos|Zapdos|34/100
|move|p2a: Dragonite|Dragon Dance|p2a: Dragonite
|-boost|p2a: Dragonite|atk|1
|-boost|p2a: Dragonite|spe|1
|
|upkeep
|turn|14
|inactive|Scarfire has 150 seconds left.
|
|t:|1769390216
|move|p2a: Dragonite|Extreme Speed|p1a: Zapdos
|-damage|p1a: Zapdos|0 fnt
|faint|p1a: Zapdos
|
|upkeep
|inactive|fraaaxn has 210 seconds left.
|
|t:|1769390226
|switch|p1a: Tyranitar|Tyranitar, M|100/100
|-damage|p1a: Tyranitar|88/100|[from] Stealth Rock
|-weather|Sandstorm|[from] ability: Sand Stream|[of] p1a: Tyranitar
|turn|15
|
|t:|1769390236
|-terastallize|p2a: Dragonite|Normal
|move|p2a: Dragonite|Earthquake|p1a: Tyranitar
|-supereffective|p1a: Tyranitar
|-damage|p1a: Tyranitar|1/100
|move|p1a: Tyranitar|Stone Edge|p2a: Dragonite
|-damage|p2a: Dragonite|78/100
|
|-weather|Sandstorm|[upkeep]
|-damage|p2a: Dragonite|72/100|[from] Sandstorm
|upkeep
|turn|16
|
|t:|1769390244
|move|p2a: Dragonite|Extreme Speed|p1a: Tyranitar
|-resisted|p1a: Tyranitar
|-damage|p1a: Tyranitar|0 fnt
|faint|p1a: Tyranitar
|
|-weather|Sandstorm|[upkeep]
|-damage|p2a: Dragonite|66/100|[from] Sandstorm
|upkeep
|
|t:|1769390247
|switch|p1a: Ogerpon|Ogerpon-Teal-Tera, F, tera:Grass|7/100
|-damage|p1a: Ogerpon|0 fnt|[from] Stealth Rock
|faint|p1a: Ogerpon
|detailschange|p1: Ogerpon|Ogerpon, F|[silent]
|
|t:|1769390249
|switch|p1a: Toxapex|Toxapex, F|100/100
|-damage|p1a: Toxapex|88/100|[from] Stealth Rock
|turn|17
|c|☆fraaaxn|ggs
|
|t:|1769390253
|move|p2a: Dragonite|Earthquake|p1a: Toxapex
|-supereffective|p1a: Toxapex
|-damage|p1a: Toxapex|0 fnt
|faint|p1a: Toxapex
|
|win|Scarfire
|c|☆Scarfire|gg, sorry 4 this one
|l| reze from csm
|c|☆fraaaxn|it happens
|c|☆fraaaxn|honestly the hurricane miss hurt more than the freeze
|c|☆Scarfire|yeah def
|c|☆fraaaxn|def couldve played it better
|c|☆fraaaxn|thanks for the games
|c|☆Scarfire|you too
|l|☆fraaaxn
|player|p1|
