|j|☆zazeraptor
|j|☆sableye555
|t:|1769327487
|gametype|singles
|player|p1|zazeraptor|miku-ghost|1297
|player|p2|sableye555|gentleman-gen4|1267
|gen|9
|tier|[Gen 9] OU
|rated|
|rule|HP Percentage Mod: HP is shown in percentages
|rule|Endless Battle Clause: Forcing endless battles is banned
|rule|Species Clause: Limit one of each Pokémon
|rule|OHKO Clause: OHKO moves are banned
|rule|Evasion Items Clause: Evasion items are banned
|rule|Evasion Moves Clause: Evasion moves are banned
|rule|Evasion Abilities Clause: Evasion abilities are banned
|rule|Sleep Moves Clause: Sleep-inducing moves are banned
|clearpoke
|poke|p1|Kingambit, F|
|poke|p1|Ogerpon-Cornerstone, F|
|poke|p1|Slowking-Galar, M|
|poke|p1|Walking Wake|
|poke|p1|Skarmory, F|
|poke|p1|Great Tusk|
|poke|p2|Ninetales-Alola, F|
|poke|p2|Cetitan, M|
|poke|p2|Kyurem|
|poke|p2|Slowking-Galar, M|
|poke|p2|Hatterene, F|
|poke|p2|Cinderace, F|
|teampreview
|inactive|Battle timer is ON: inactive players will automatically lose when time's up. (requested by sableye555)
|
|t:|1769327500
|teamsize|p1|6
|teamsize|p2|6
|start
|switch|p1a: Slowking|Slowking-Galar, M|100/100
|switch|p2a: Ninetales|Ninetales-Alola, F, shiny|100/100
|-weather|Snowscape|[from] ability: Snow Warning|[of] p2a: Ninetales
|turn|1
|
|t:|1769327506
|move|p2a: Ninetales|Aurora Veil|p2a: Ninetales
|-sidestart|p2: sableye555|move: Aurora Veil
|move|p1a: Slowking|Sludge Bomb|p2a: Ninetales
|-supereffective|p2a: Ninetales
|-damage|p2a: Ninetales|57/100
|
|-weather|Snowscape|[upkeep]
|upkeep
|turn|2
|
|t:|1769327531
|switch|p2a: Kyurem|Kyurem, shiny|100/100
|-ability|p2a: Kyurem|Pressure
|move|p1a: Slowking|Shadow Ball|p2a: Kyurem
|-damage|p2a: Kyurem|88/100
|
|-weather|Snowscape|[upkeep]
|upkeep
|turn|3
|
|t:|1769327551
|switch|p1a: Skarmory|Skarmory, F|100/100
|move|p2a: Kyurem|Blizzard|p1a: Skarmory
|-damage|p1a: Skarmory|0 fnt
|faint|p1a: Skarmory
|
|-weather|Snowscape|[upkeep]
|upkeep
|
|t:|1769327557
|switch|p1a: Slowking|Slowking-Galar, M|100/100
|turn|4
|
|t:|1769327563
|move|p2a: Kyurem|Blizzard|p1a: Slowking
|-damage|p1a: Slowking|59/100
|move|p1a: Slowking|Sludge Bomb|p2a: Kyurem
|-damage|p2a: Kyurem|66/100
|-status|p2a: Kyurem|psn
|
|-weather|Snowscape|[upkeep]
|-damage|p2a: Kyurem|54/100 psn|[from] psn
|upkeep
|turn|5
|
|t:|1769327580
|move|p2a: Kyurem|Blizzard|p1a: Slowking
|-damage|p1a: Slowking|13/100
|move|p1a: Slowking|Sludge Bomb|p2a: Kyurem
|-damage|p2a: Kyurem|32/100 psn
|
|-weather|Snowscape|[upkeep]
|-damage|p2a: Kyurem|20/100 psn|[from] psn
|-sideend|p2: sableye555|move: Aurora Veil
|upkeep
|turn|6
|
|t:|1769327593
|switch|p1a: Kingambit|Kingambit, F, shiny|100/100
|-activate|p1a: Kingambit|ability: Supreme Overlord
|-start|p1a: Kingambit|fallen1|[silent]
|move|p2a: Kyurem|Blizzard|p1a: Kingambit
|-resisted|p1a: Kingambit
|-damage|p1a: Kingambit|60/100
|
|-weather|Snowscape|[upkeep]
|-damage|p2a: Kyurem|7/100 psn|[from] psn
|upkeep
|turn|7
|
|t:|1769327601
|-end|p1a: Kingambit|fallen1|[silent]
|switch|p1a: Slowking|Slowking-Galar, M|47/100
|move|p2a: Kyurem|Blizzard|p1a: Slowking
|-crit|p1a: Slowking
|-damage|p1a: Slowking|0 fnt
|faint|p1a: Slowking
|
|-weather|Snowscape|[upkeep]
|-damage|p2a: Kyurem|0 fnt|[from] psn
|faint|p2a: Kyurem
|upkeep
|
|t:|1769327610
|switch|p2a: Cinderace|Cinderace, F|100/100
|switch|p1a: Ogerpon|Ogerpon-Cornerstone, F|100/100
|turn|8
|
|t:|1769327621
|switch|p1a: Great Tusk|Great Tusk|100/100
|move|p2a: Cinderace|U-turn|p1a: Great Tusk
|-start|p2a: Cinderace|typechange|Bug|[from] ability: Libero
|-resisted|p1a: Great Tusk
|-damage|p1a: Great Tusk|91/100
|
|t:|1769327631
|switch|p2a: Slowking|Slowking-Galar, M, shiny|100/100|[from] U-turn
|
|-weather|none
|upkeep
|turn|9
|
|t:|1769327635
|move|p1a: Great Tusk|Stealth Rock|p2a: Slowking
|-sidestart|p2: sableye555|move: Stealth Rock
|-prepare|p2a: Slowking|Chilly Reception|[premajor]
|move|p2a: Slowking|Chilly Reception|p2a: Slowking
|-weather|Snowscape
|
|t:|1769327638
|switch|p2a: Cetitan|Cetitan, M|100/100|[from] Chilly Reception
|-damage|p2a: Cetitan|76/100|[from] Stealth Rock
|
|-weather|Snowscape|[upkeep]
|upkeep
|turn|10
|
|t:|1769327643
|-terastallize|p2a: Cetitan|Ice
|move|p2a: Cetitan|Icicle Spear|p1a: Great Tusk
|-supereffective|p1a: Great Tusk
|-damage|p1a: Great Tusk|72/100
|-supereffective|p1a: Great Tusk
|-damage|p1a: Great Tusk|50/100
|-supereffective|p1a: Great Tusk
|-damage|p1a: Great Tusk|26/100
|-supereffective|p1a: Great Tusk
|-damage|p1a: Great Tusk|5/100
|-supereffective|p1a: Great Tusk
|-damage|p1a: Great Tusk|0 fnt
|faint|p1a: Great Tusk
|-end|p1a: Great Tusk|Protosynthesis|[silent]
|-hitcount|p1: Great Tusk|5
|
|-weather|Snowscape|[upkeep]
|upkeep
|
|t:|1769327660
|switch|p1a: Walking Wake|Walking Wake|100/100
|turn|11
|
|t:|1769327666
|move|p2a: Cetitan|Icicle Spear|p1a: Walking Wake
|-damage|p1a: Walking Wake|82/100
|-damage|p1a: Walking Wake|62/100
|-hitcount|p1a: Walking Wake|2
|move|p1a: Walking Wake|Flamethrower|p2a: Cetitan
|-supereffective|p2a: Cetitan
|-damage|p2a: Cetitan|0 fnt
|faint|p2a: Cetitan
|
|-weather|Snowscape|[upkeep]
|upkeep
|
|t:|1769327678
|switch|p2a: Ninetales|Ninetales-Alola, F, shiny|57/100
|-damage|p2a: Ninetales|32/100|[from] Stealth Rock
|turn|12
|
|t:|1769327686
|move|p1a: Walking Wake|Flamethrower|p2a: Ninetales
|-supereffective|p2a: Ninetales
|-damage|p2a: Ninetales|0 fnt
|faint|p2a: Ninetales
|
|-weather|Snowscape|[upkeep]
|upkeep
|
|t:|1769327698
|switch|p2a: Cinderace|Cinderace, F|100/100
|turn|13
|
|t:|1769327704
|move|p2a: Cinderace|Court Change|p2a: Cinderace
|-start|p2a: Cinderace|typechange|Normal|[from] ability: Libero
|-swapsideconditions
|-activate|p2a: Cinderace|move: Court Change
|move|p1a: Walking Wake|Flamethrower|p2a: Cinderace
|-damage|p2a: Cinderace|38/100
|
|-weather|none
|upkeep
|turn|14
|
|t:|1769327714
|switch|p2a: Slowking|Slowking-Galar, M, shiny|100/100
|move|p1a: Walking Wake|Flamethrower|p2a: Slowking
|-damage|p2a: Slowking|66/100
|
|-heal|p2a: Slowking|72/100|[from] item: Leftovers
|upkeep
|turn|15
|
|t:|1769327722
|-end|p1a: Walking Wake|Protosynthesis|[silent]
|switch|p1a: Kingambit|Kingambit, F, shiny|60/100
|-damage|p1a: Kingambit|54/100|[from] Stealth Rock
|-activate|p1a: Kingambit|ability: Supreme Overlord
|-start|p1a: Kingambit|fallen3|[silent]
|-prepare|p2a: Slowking|Chilly Reception|[premajor]
|move|p2a: Slowking|Chilly Reception|p2a: Slowking
|-weather|Snowscape
|
|t:|1769327724
|switch|p2a: Cinderace|Cinderace, F|38/100|[from] Chilly Reception
|
|-weather|Snowscape|[upkeep]
|upkeep
|turn|16
|
|t:|1769327729
|move|p1a: Kingambit|Sucker Punch|p2a: Cinderace
|-damage|p2a: Cinderace|0 fnt
|faint|p2a: Cinderace
|
|-weather|Snowscape|[upkeep]
|upkeep
|
|t:|1769327732
|switch|p2a: Hatterene|Hatterene, F|100/100
|turn|17
|
|t:|1769327735
|move|p1a: Kingambit|Iron Head|p2a: Hatterene
|-supereffective|p2a: Hatterene
|-damage|p2a: Hatterene|6/100
|move|p2a: Hatterene|Mystical Fire|p1a: Kingambit
|-supereffective|p1a: Kingambit
|-damage|p1a: Kingambit|9/100
|-unboost|p1a: Kingambit|spa|1
|
|-weather|Snowscape|[upkeep]
|-heal|p2a: Hatterene|12/100|[from] item: Leftovers
|upkeep
|turn|18
|
|t:|1769327744
|move|p1a: Kingambit|Iron Head|p2a: Hatterene
|-supereffective|p2a: Hatterene
|-damage|p2a: Hatterene|0 fnt
|faint|p2a: Hatterene
|
|-weather|Snowscape|[upkeep]
|upkeep
|
|t:|1769327747
|switch|p2a: Slowking|Slowking-Galar, M, shiny|100/100
|turn|19
|
|t:|1769327751
|move|p1a: Kingambit|Sucker Punch||[still]
|-fail|p1a: Kingambit
|move|p2a: Slowking|Slack Off||[still]
|-fail|p2a: Slowking|heal
|
|-weather|none
|upkeep
|turn|20
|
|t:|1769327762
|-end|p1a: Kingambit|fallen3|[silent]
|switch|p1a: Ogerpon|Ogerpon-Cornerstone, F|100/100
|-damage|p1a: Ogerpon|88/100|[from] Stealth Rock
|move|p2a: Slowking|Toxic|p1a: Ogerpon
|-status|p1a: Ogerpon|tox
|
|-damage|p1a: Ogerpon|82/100 tox|[from] psn
|upkeep
|turn|21
|
|t:|1769327771
|move|p1a: Ogerpon|Encore|p2a: Slowking
|-start|p2a: Slowking|Encore
|move|p2a: Slowking|Toxic|p1a: Ogerpon
|-fail|p1a: Ogerpon|tox
|
|-damage|p1a: Ogerpon|70/100 tox|[from] psn
|upkeep
|turn|22
|
|t:|1769327773
|move|p1a: Ogerpon|Swords Dance|p1a: Ogerpon
|-boost|p1a: Ogerpon|atk|2
|move|p2a: Slowking|Toxic|p1a: Ogerpon
|-fail|p1a: Ogerpon|tox
|
|-damage|p1a: Ogerpon|52/100 tox|[from] psn
|upkeep
|turn|23
|
|t:|1769327778
|move|p1a: Ogerpon|Swords Dance|p1a: Ogerpon
|-boost|p1a: Ogerpon|atk|2
|move|p2a: Slowking|Toxic|p1a: Ogerpon
|-fail|p1a: Ogerpon|tox
|
|-damage|p1a: Ogerpon|29/100 tox|[from] psn
|-end|p2a: Slowking|Encore
|upkeep
|turn|24
|
|t:|1769327781
|move|p1a: Ogerpon|Ivy Cudgel|p2a: Slowking|[anim] Ivy Cudgel Rock
|-damage|p2a: Slowking|0 fnt
|faint|p2a: Slowking
|
|win|zazeraptor
|raw|zazeraptor's rating: 1297 &rarr; <strong>1320</strong><br />(+23 for winning)
|raw|sableye555's rating: 1267 &rarr; <strong>1244</strong><br />(-23 for losing)
|l|☆sableye555
|player|p2|
|l|☆zazeraptor
|player|p1|
