|j|☆rugster555
|j|☆Tungsten Daniel
|t:|1769410906
|gametype|singles
|player|p1|rugster555|ninjaboy|1478
|player|p2|Tungsten Daniel|102|1445
|gen|9
|tier|[Gen 9] OU
|rated|
|rule|HP Percentage Mod: HP is shown in percentages
|rule|Endless Battle Clause: Forcing endless battles is banned
|rule|Species Clause: Limit one of each Pokémon
|rule|OHKO Clause: OHKO moves are banned
|rule|Evasion Items Clause: Evasion items are banned
|rule|Evasion Moves Clause: Evasion moves are banned
|rule|Evasion Abilities Clause: Evasion abilities are banned
|rule|Sleep Moves Clause: Sleep-inducing moves are banned
|clearpoke
|poke|p1|Kyurem|
|poke|p1|Cinderace, M|
|poke|p1|Tornadus-Therian, M|
|poke|p1|Hatterene, F|
|poke|p1|Great Tusk|
|poke|p1|Kingambit, F|
|poke|p2|Hydrapple, M|
|poke|p2|Tyranitar, F|
|poke|p2|Moltres|
|poke|p2|Zamazenta-*|
|poke|p2|Slowking-Galar, F|
|poke|p2|Excadrill, F|
|teampreview
|inactive|Battle timer is ON: inactive players will automatically lose when time's up. (requested by rugster555)
|
|t:|1769410917
|teamsize|p1|6
|teamsize|p2|6
|start
|switch|p1a: Tornadus|Tornadus-Therian, M|100/100
|switch|p2a: Moltres|Moltres|100/100
|turn|1
|
|t:|1769410926
|move|p1a: Tornadus|Knock Off|p2a: Moltres
|-damage|p2a: Moltres|85/100
|-enditem|p2a: Moltres|Heavy-Duty Boots|[from] move: Knock Off|[of] p1a: Tornadus
|move|p2a: Moltres|U-turn|p1a: Tornadus
|-resisted|p1a: Tornadus
|-crit|p1a: Tornadus
|-damage|p1a: Tornadus|87/100
|
|t:|1769410938
|switch|p2a: Tyranitar|Tyranitar, F|100/100|[from] U-turn
|-weather|Sandstorm|[from] ability: Sand Stream|[of] p2a: Tyranitar
|
|-weather|Sandstorm|[upkeep]
|-damage|p1a: Tornadus|81/100|[from] Sandstorm
|upkeep
|turn|2
|
|t:|1769410945
|switch|p2a: Slowking|Slowking-Galar, F|100/100
|move|p1a: Tornadus|U-turn|p2a: Slowking
|-damage|p2a: Slowking|89/100
|
|t:|1769410954
|switch|p1a: Kingambit|Kingambit, F, shiny|100/100|[from] U-turn
|
|-weather|Sandstorm|[upkeep]
|-damage|p2a: Slowking|83/100|[from] Sandstorm
|upkeep
|turn|3
|
|t:|1769410972
|move|p1a: Kingambit|Kowtow Cleave|p2a: Slowking
|-supereffective|p2a: Slowking
|-damage|p2a: Slowking|11/100
|move|p2a: Slowking|Flamethrower|p1a: Kingambit
|-supereffective|p1a: Kingambit
|-damage|p1a: Kingambit|51/100
|
|-weather|Sandstorm|[upkeep]
|-damage|p2a: Slowking|5/100|[from] Sandstorm
|-heal|p1a: Kingambit|58/100|[from] item: Leftovers
|upkeep
|turn|4
|j| nana baba
|j| Venom15
|
|t:|1769410982
|switch|p2a: Moltres|Moltres|85/100
|move|p1a: Kingambit|Tera Blast|p2a: Moltres
|-damage|p2a: Moltres|75/100
|
|-weather|Sandstorm|[upkeep]
|-damage|p2a: Moltres|69/100|[from] Sandstorm
|-heal|p1a: Kingambit|64/100|[from] item: Leftovers
|upkeep
|turn|5
|
|t:|1769410995
|-end|p1a: Kingambit|fallenundefined|[silent]
|switch|p1a: Tornadus|Tornadus-Therian, M|100/100
|move|p2a: Moltres|Flamethrower|p1a: Tornadus
|-damage|p1a: Tornadus|74/100
|
|-weather|Sandstorm|[upkeep]
|-damage|p1a: Tornadus|68/100|[from] Sandstorm
|-damage|p2a: Moltres|63/100|[from] Sandstorm
|upkeep
|turn|6
|
|t:|1769411003
|move|p1a: Tornadus|Bleakwind Storm|p2a: Moltres
|-damage|p2a: Moltres|26/100
|move|p2a: Moltres|Roost|p2a: Moltres
|-heal|p2a: Moltres|76/100
|-singleturn|p2a: Moltres|move: Roost
|
|-weather|Sandstorm|[upkeep]
|-damage|p1a: Tornadus|62/100|[from] Sandstorm
|-damage|p2a: Moltres|70/100|[from] Sandstorm
|upkeep
|turn|7
|
|t:|1769411012
|move|p1a: Tornadus|Bleakwind Storm|p2a: Moltres
|-damage|p2a: Moltres|31/100
|move|p2a: Moltres|U-turn|p1a: Tornadus
|-resisted|p1a: Tornadus
|-damage|p1a: Tornadus|53/100
|
|t:|1769411025
|switch|p2a: Excadrill|Excadrill, F|100/100|[from] U-turn
|-item|p2a: Excadrill|Air Balloon
|
|-weather|Sandstorm|[upkeep]
|-damage|p1a: Tornadus|47/100|[from] Sandstorm
|upkeep
|turn|8
|
|t:|1769411035
|switch|p1a: Great Tusk|Great Tusk|100/100
|move|p2a: Excadrill|Iron Head|p1a: Great Tusk
|-damage|p1a: Great Tusk|73/100
|-damage|p2a: Excadrill|84/100|[from] item: Rocky Helmet|[of] p1a: Great Tusk
|
|-weather|none
|upkeep
|turn|9
|
|t:|1769411045
|switch|p2a: Moltres|Moltres|31/100
|move|p1a: Great Tusk|Rapid Spin|p2a: Moltres
|-damage|p2a: Moltres|21/100
|-boost|p1a: Great Tusk|spe|1
|
|upkeep
|turn|10
|j| nitroLazer120
|
|t:|1769411054
|move|p1a: Great Tusk|Stealth Rock|p2a: Moltres
|-sidestart|p2: Tungsten Daniel|move: Stealth Rock
|move|p2a: Moltres|Roost|p2a: Moltres
|-heal|p2a: Moltres|71/100
|-singleturn|p2a: Moltres|move: Roost
|
|upkeep
|turn|11
|
|t:|1769411068
|-end|p1a: Great Tusk|Protosynthesis|[silent]
|switch|p1a: Cinderace|Cinderace, M, shiny|100/100
|move|p2a: Moltres|Flamethrower|p1a: Cinderace
|-resisted|p1a: Cinderace
|-crit|p1a: Cinderace
|-damage|p1a: Cinderace|64/100
|
|upkeep
|turn|12
|
|t:|1769411080
|switch|p1a: Great Tusk|Great Tusk|73/100
|move|p2a: Moltres|U-turn|p1a: Great Tusk
|-resisted|p1a: Great Tusk
|-damage|p1a: Great Tusk|68/100
|-damage|p2a: Moltres|55/100|[from] item: Rocky Helmet|[of] p1a: Great Tusk
|
|t:|1769411084
|switch|p2a: Hydrapple|Hydrapple, M|100/100|[from] U-turn
|
|upkeep
|turn|13
|
|t:|1769411097
|-end|p1a: Great Tusk|Protosynthesis|[silent]
|switch|p1a: Tornadus|Tornadus-Therian, M|80/100
|move|p2a: Hydrapple|Giga Drain|p1a: Tornadus
|-resisted|p1a: Tornadus
|-damage|p1a: Tornadus|70/100
|
|upkeep
|turn|14
|
|t:|1769411103
|switch|p2a: Tyranitar|Tyranitar, F|100/100
|-damage|p2a: Tyranitar|88/100|[from] Stealth Rock
|-weather|Sandstorm|[from] ability: Sand Stream|[of] p2a: Tyranitar
|move|p1a: Tornadus|Bleakwind Storm|p2a: Tyranitar
|-resisted|p2a: Tyranitar
|-damage|p2a: Tyranitar|80/100
|
|-weather|Sandstorm|[upkeep]
|-damage|p1a: Tornadus|63/100|[from] Sandstorm
|upkeep
|turn|15
|
|t:|1769411113
|move|p1a: Tornadus|U-turn|p2a: Tyranitar
|-supereffective|p2a: Tyranitar
|-damage|p2a: Tyranitar|57/100
|
|t:|1769411117
|switch|p1a: Great Tusk|Great Tusk|68/100|[from] U-turn
|move|p2a: Tyranitar|Stealth Rock|p1a: Great Tusk
|-sidestart|p1: rugster555|move: Stealth Rock
|
|-weather|Sandstorm|[upkeep]
|upkeep
|turn|16
|
|t:|1769411126
|move|p1a: Great Tusk|Headlong Rush|p2a: Tyranitar
|-supereffective|p2a: Tyranitar
|-damage|p2a: Tyranitar|0 fnt
|-unboost|p1a: Great Tusk|def|1
|-unboost|p1a: Great Tusk|spd|1
|faint|p2a: Tyranitar
|
|-weather|Sandstorm|[upkeep]
|upkeep
|
|t:|1769411129
|switch|p2a: Excadrill|Excadrill, F|84/100
|-damage|p2a: Excadrill|81/100|[from] Stealth Rock
|-item|p2a: Excadrill|Air Balloon
|turn|17
|
|t:|1769411142
|move|p2a: Excadrill|Swords Dance|p2a: Excadrill
|-boost|p2a: Excadrill|atk|2
|move|p1a: Great Tusk|Rapid Spin|p2a: Excadrill
|-resisted|p2a: Excadrill
|-damage|p2a: Excadrill|70/100
|-boost|p1a: Great Tusk|spe|1
|-enditem|p2a: Excadrill|Air Balloon
|-sideend|p1: rugster555|Stealth Rock|[from] move: Rapid Spin|[of] p1a: Great Tusk
|
|-weather|Sandstorm|[upkeep]
|upkeep
|turn|18
|
|t:|1769411159
|move|p2a: Excadrill|Earthquake|p1a: Great Tusk
|-damage|p1a: Great Tusk|0 fnt
|faint|p1a: Great Tusk
|-end|p1a: Great Tusk|Protosynthesis|[silent]
|
|-weather|Sandstorm|[upkeep]
|upkeep
|
|t:|1769411164
|switch|p1a: Tornadus|Tornadus-Therian, M|97/100
|turn|19
|c| Venom15|You had to switch tusk out I think
|
|t:|1769411189
|switch|p1a: Kingambit|Kingambit, F, shiny|64/100
|-activate|p1a: Kingambit|ability: Supreme Overlord
|-start|p1a: Kingambit|fallen1|[silent]
|-terastallize|p2a: Excadrill|Fire
|move|p2a: Excadrill|Rapid Spin|p1a: Kingambit
|-resisted|p1a: Kingambit
|-damage|p1a: Kingambit|50/100
|-boost|p2a: Excadrill|spe|1
|-sideend|p2: Tungsten Daniel|Stealth Rock|[from] move: Rapid Spin|[of] p2a: Excadrill
|
|-weather|Sandstorm|[upkeep]
|-heal|p1a: Kingambit|56/100|[from] item: Leftovers
|upkeep
|turn|20
|inactive|Tungsten Daniel has 120 seconds left.
|
|t:|1769411210
|move|p1a: Kingambit|Sucker Punch|p2a: Excadrill
|-damage|p2a: Excadrill|9/100
|move|p2a: Excadrill|Earthquake|p1a: Kingambit
|-supereffective|p1a: Kingambit
|-damage|p1a: Kingambit|0 fnt
|faint|p1a: Kingambit
|-end|p1a: Kingambit|fallen1|[silent]
|
|-weather|Sandstorm|[upkeep]
|upkeep
|
|t:|1769411219
|switch|p1a: Hatterene|Hatterene, F|100/100
|turn|21
|
|t:|1769411227
|-terastallize|p1a: Hatterene|Flying
|move|p2a: Excadrill|Iron Head|p1a: Hatterene
|-damage|p1a: Hatterene|27/100
|cant|p1a: Hatterene|flinch
|
|-weather|none
|-heal|p1a: Hatterene|33/100|[from] item: Leftovers
|upkeep
|turn|22
|
|t:|1769411237
|switch|p1a: Cinderace|Cinderace, M, shiny|64/100
|move|p2a: Excadrill|Iron Head|p1a: Cinderace
|-resisted|p1a: Cinderace
|-damage|p1a: Cinderace|13/100
|
|upkeep
|turn|23
|-message|rugster555 forfeited.
|
|win|Tungsten Daniel
|raw|rugster555's rating: 1478 &rarr; <strong>1456</strong><br />(-22 for losing)
|raw|Tungsten Daniel's rating: 1445 &rarr; <strong>1467</strong><br />(+22 for winning)
|l|☆rugster555
|player|p1|
|l|☆Tungsten Daniel
|player|p2|
|l| Venom15
