|j|☆arroyofran2
|j|☆Team10thPlanet
|t:|1769356603
|gametype|singles
|player|p1|arroyofran2|fisherman|1502
|player|p2|Team10thPlanet|alder|1579
|gen|9
|tier|[Gen 9] OU
|rated|
|rule|HP Percentage Mod: HP is shown in percentages
|rule|Endless Battle Clause: Forcing endless battles is banned
|rule|Species Clause: Limit one of each Pokémon
|rule|OHKO Clause: OHKO moves are banned
|rule|Evasion Items Clause: Evasion items are banned
|rule|Evasion Moves Clause: Evasion moves are banned
|rule|Evasion Abilities Clause: Evasion abilities are banned
|rule|Sleep Moves Clause: Sleep-inducing moves are banned
|clearpoke
|poke|p1|Politoed, M|
|poke|p1|Kilowattrel, F|
|poke|p1|Iron Crown|
|poke|p1|Rillaboom, F|
|poke|p1|Hawlucha, M|
|poke|p1|Landorus-Therian, M|
|poke|p2|Dragonite, F|
|poke|p2|Zamazenta-*|
|poke|p2|Araquanid, F|
|poke|p2|Iron Treads|
|poke|p2|Zapdos|
|poke|p2|Thundurus, M|
|teampreview
|
|t:|1769356623
|teamsize|p1|6
|teamsize|p2|6
|start
|switch|p1a: Landorus|Landorus-Therian, M|100/100
|switch|p2a: Iron Treads|Iron Treads|100/100
|-ability|p1a: Landorus|Intimidate|boost
|-unboost|p2a: Iron Treads|atk|1
|-enditem|p2a: Iron Treads|Booster Energy
|-activate|p2a: Iron Treads|ability: Quark Drive|[fromitem]
|-start|p2a: Iron Treads|quarkdrivespe
|turn|1
|
|t:|1769356646
|-terastallize|p2a: Iron Treads|Ghost
|move|p2a: Iron Treads|Ice Spinner|p1a: Landorus
|-supereffective|p1a: Landorus
|-damage|p1a: Landorus|29/100
|-damage|p2a: Iron Treads|84/100|[from] item: Rocky Helmet|[of] p1a: Landorus
|move|p1a: Landorus|Earthquake|p2a: Iron Treads
|-damage|p2a: Iron Treads|38/100
|
|upkeep
|turn|2
|
|t:|1769356659
|switch|p1a: Politoed|Politoed, M|100/100
|-weather|RainDance|[from] ability: Drizzle|[of] p1a: Politoed
|move|p2a: Iron Treads|Ice Spinner|p1a: Politoed
|-resisted|p1a: Politoed
|-damage|p1a: Politoed|91/100
|
|-weather|RainDance|[upkeep]
|upkeep
|turn|3
|
|t:|1769356683
|move|p2a: Iron Treads|Endeavor|p1a: Politoed
|-damage|p1a: Politoed|32/100
|move|p1a: Politoed|Weather Ball|p2a: Iron Treads
|-damage|p2a: Iron Treads|0 fnt
|faint|p2a: Iron Treads
|-end|p2a: Iron Treads|Quark Drive|[silent]
|
|-weather|RainDance|[upkeep]
|upkeep
|
|t:|1769356698
|switch|p2a: PlsNoHatt&Ace|Araquanid, F, shiny|100/100
|turn|4
|
|t:|1769356703
|switch|p1a: Landorus|Landorus-Therian, M|29/100
|-ability|p1a: Landorus|Intimidate|boost
|-unboost|p2a: PlsNoHatt&Ace|atk|1
|move|p2a: PlsNoHatt&Ace|Surf|p1a: Landorus
|-supereffective|p1a: Landorus
|-damage|p1a: Landorus|0 fnt
|faint|p1a: Landorus
|
|-weather|RainDance|[upkeep]
|upkeep
|
|t:|1769356719
|switch|p1a: Kilowattrel|Kilowattrel, F, shiny|100/100
|turn|5
|
|t:|1769356736
|move|p2a: PlsNoHatt&Ace|Endure|p2a: PlsNoHatt&Ace
|-singleturn|p2a: PlsNoHatt&Ace|move: Endure
|move|p1a: Kilowattrel|Volt Switch|p2a: PlsNoHatt&Ace
|-supereffective|p2a: PlsNoHatt&Ace
|-damage|p2a: PlsNoHatt&Ace|28/100
|
|t:|1769356741
|switch|p1a: Iron Crown|Iron Crown|100/100|[from] Volt Switch
|
|-weather|RainDance|[upkeep]
|upkeep
|turn|6
|
|t:|1769356752
|switch|p2a: Zamazenta|Zamazenta|100/100
|-ability|p2a: Zamazenta|Dauntless Shield|boost
|-boost|p2a: Zamazenta|def|1
|move|p1a: Iron Crown|Volt Switch|p2a: Zamazenta
|-damage|p2a: Zamazenta|85/100
|
|t:|1769356759
|-end|p1a: Iron Crown|Quark Drive|[silent]
|switch|p1a: Kilowattrel|Kilowattrel, F, shiny|100/100|[from] Volt Switch
|
|-weather|RainDance|[upkeep]
|upkeep
|turn|7
|
|t:|1769356771
|-terastallize|p1a: Kilowattrel|Electric
|move|p2a: Zamazenta|Stone Edge|p1a: Kilowattrel|[miss]
|-miss|p2a: Zamazenta|p1a: Kilowattrel
|move|p1a: Kilowattrel|Thunder|p2a: Zamazenta
|-crit|p2a: Zamazenta
|-damage|p2a: Zamazenta|0 fnt
|faint|p2a: Zamazenta
|
|-weather|RainDance|[upkeep]
|upkeep
|
|t:|1769356807
|switch|p2a: Dragonite|Dragonite, F|100/100
|turn|8
|
|t:|1769356813
|move|p1a: Kilowattrel|Thunder|p2a: Dragonite
|-damage|p2a: Dragonite|55/100
|move|p2a: Dragonite|Outrage|p1a: Kilowattrel
|-damage|p1a: Kilowattrel|0 fnt
|faint|p1a: Kilowattrel
|
|-weather|RainDance|[upkeep]
|upkeep
|
|t:|1769356826
|switch|p1a: Iron Crown|Iron Crown|100/100
|turn|9
|
|t:|1769356829
|move|p1a: Iron Crown|Tachyon Cutter|p2a: Dragonite
|-damage|p2a: Dragonite|32/100
|-damage|p2a: Dragonite|10/100
|-hitcount|p2a: Dragonite|2
|move|p2a: Dragonite|Outrage|p1a: Iron Crown|[from] lockedmove
|-resisted|p1a: Iron Crown
|-damage|p1a: Iron Crown|44/100
|
|-weather|none
|upkeep
|turn|10
|
|t:|1769356839
|move|p1a: Iron Crown|Tachyon Cutter|p2a: Dragonite
|-damage|p2a: Dragonite|0 fnt
|faint|p2a: Dragonite
|-hitcount|p2: Dragonite|1
|
|upkeep
|
|t:|1769356845
|switch|p2a: Thundurus|Thundurus, M|100/100
|turn|11
|
|t:|1769356850
|move|p2a: Thundurus|Thunder Wave|p1a: Iron Crown
|-status|p1a: Iron Crown|par
|cant|p1a: Iron Crown|par
|
|upkeep
|turn|12
|
|t:|1769356859
|move|p2a: Thundurus|Nasty Plot|p2a: Thundurus
|-boost|p2a: Thundurus|spa|2
|move|p1a: Iron Crown|Future Sight|p2a: Thundurus
|-start|p1a: Iron Crown|move: Future Sight
|
|upkeep
|turn|13
|
|t:|1769356868
|move|p2a: Thundurus|Thunderbolt|p1a: Iron Crown
|-damage|p1a: Iron Crown|0 fnt
|faint|p1a: Iron Crown
|-end|p1a: Iron Crown|Quark Drive|[silent]
|
|upkeep
|
|t:|1769356873
|switch|p1a: Politoed|Politoed, M|32/100
|-weather|RainDance|[from] ability: Drizzle|[of] p1a: Politoed
|turn|14
|
|t:|1769356878
|move|p2a: Thundurus|Thunderbolt|p1a: Politoed
|-supereffective|p1a: Politoed
|-damage|p1a: Politoed|0 fnt
|faint|p1a: Politoed
|
|-weather|RainDance|[upkeep]
|-end|p2a: Thundurus|move: Future Sight
|-damage|p2a: Thundurus|50/100
|upkeep
|
|t:|1769356881
|switch|p1a: Rillaboom|Rillaboom, F|100/100
|-fieldstart|move: Grassy Terrain|[from] ability: Grassy Surge|[of] p1a: Rillaboom
|turn|15
|
|t:|1769356897
|move|p2a: Thundurus|Thunder Wave|p1a: Rillaboom
|-status|p1a: Rillaboom|par
|move|p1a: Rillaboom|Knock Off|p2a: Thundurus
|-damage|p2a: Thundurus|0 fnt
|-enditem|p2a: Thundurus|Heavy-Duty Boots|[from] move: Knock Off|[of] p1a: Rillaboom
|faint|p2a: Thundurus
|-damage|p1a: Rillaboom|91/100 par|[from] item: Life Orb
|
|-weather|RainDance|[upkeep]
|-heal|p1a: Rillaboom|97/100 par|[from] Grassy Terrain
|upkeep
|
|t:|1769356909
|switch|p2a: Zapdos|Zapdos|100/100
|turn|16
|
|t:|1769356915
|move|p2a: Zapdos|Hurricane|p1a: Rillaboom
|-supereffective|p1a: Rillaboom
|-damage|p1a: Rillaboom|0 fnt
|faint|p1a: Rillaboom
|
|-weather|RainDance|[upkeep]
|upkeep
|-message|arroyofran2 forfeited.
|
|win|Team10thPlanet
|raw|arroyofran2's rating: 1502 &rarr; <strong>1486</strong><br />(-16 for losing)
|raw|Team10thPlanet's rating: 1579 &rarr; <strong>1595</strong><br />(+16 for winning)
|l|☆arroyofran2
|player|p1|
|l|☆Team10thPlanet
|player|p2|
|j|☆Team10thPlanet
|player|p2|Team10thPlanet|alder|
