|j|☆scarlet chains
|j|☆mrporksin
|t:|1769350298
|gametype|singles
|player|p1|scarlet chains|170|1422
|player|p2|mrporksin|102|1400
|gen|9
|tier|[Gen 9] OU
|rated|
|rule|HP Percentage Mod: HP is shown in percentages
|rule|Endless Battle Clause: Forcing endless battles is banned
|rule|Species Clause: Limit one of each Pokémon
|rule|OHKO Clause: OHKO moves are banned
|rule|Evasion Items Clause: Evasion items are banned
|rule|Evasion Moves Clause: Evasion moves are banned
|rule|Evasion Abilities Clause: Evasion abilities are banned
|rule|Sleep Moves Clause: Sleep-inducing moves are banned
|clearpoke
|poke|p1|Rillaboom, F|
|poke|p1|Salamence, F|
|poke|p1|Glimmora, F|
|poke|p1|Alomomola, M|
|poke|p1|Iron Crown|
|poke|p1|Lycanroc-Dusk, M|
|poke|p2|Garchomp, M|
|poke|p2|Ceruledge, F|
|poke|p2|Deoxys-Speed|
|poke|p2|Blaziken, M|
|poke|p2|Raging Bolt|
|poke|p2|Cryogonal|
|teampreview
|inactive|Battle timer is ON: inactive players will automatically lose when time's up. (requested by scarlet chains)
|
|t:|1769350325
|teamsize|p1|6
|teamsize|p2|6
|start
|switch|p1a: Glimmora|Glimmora, F|100/100
|switch|p2a: Garchomp|Garchomp, M|100/100
|turn|1
|
|t:|1769350335
|switch|p1a: Rillaboom|Rillaboom, F|100/100
|-fieldstart|move: Grassy Terrain|[from] ability: Grassy Surge|[of] p1a: Rillaboom
|move|p2a: Garchomp|Stealth Rock|p1a: Rillaboom
|-sidestart|p1: scarlet chains|move: Stealth Rock
|
|upkeep
|turn|2
|
|t:|1769350341
|move|p1a: Rillaboom|Wood Hammer|p2a: Garchomp
|-damage|p2a: Garchomp|16/100
|-damage|p1a: Rillaboom|88/100|[from] ability: Rough Skin|[of] p2a: Garchomp
|-damage|p1a: Rillaboom|72/100|[from] item: Rocky Helmet|[of] p2a: Garchomp
|-damage|p1a: Rillaboom|37/100|[from] Recoil
|move|p2a: Garchomp|Spikes|p1a: Rillaboom
|-sidestart|p1: scarlet chains|Spikes
|
|-heal|p1a: Rillaboom|44/100|[from] Grassy Terrain
|-heal|p2a: Garchomp|22/100|[from] Grassy Terrain
|upkeep
|turn|3
|
|t:|1769350350
|move|p1a: Rillaboom|Wood Hammer|p2a: Garchomp
|-damage|p2a: Garchomp|0 fnt
|-damage|p1a: Rillaboom|31/100|[from] ability: Rough Skin|[of] p2a: Garchomp
|-damage|p1a: Rillaboom|15/100|[from] item: Rocky Helmet|[of] p2a: Garchomp
|faint|p2a: Garchomp
|-damage|p1a: Rillaboom|6/100|[from] Recoil
|
|-heal|p1a: Rillaboom|12/100|[from] Grassy Terrain
|upkeep
|
|t:|1769350359
|switch|p2a: Cryogonal|Cryogonal|100/100
|turn|4
|
|t:|1769350366
|switch|p1a: Alomomola|Alomomola, M|100/100
|-damage|p1a: Alomomola|88/100|[from] Stealth Rock
|-damage|p1a: Alomomola|76/100|[from] Spikes
|move|p2a: Cryogonal|Freeze-Dry|p1a: Alomomola
|-supereffective|p1a: Alomomola
|-damage|p1a: Alomomola|47/100
|
|-heal|p1a: Alomomola|53/100|[from] Grassy Terrain
|upkeep
|turn|5
|
|t:|1769350375
|switch|p2a: Ceruledge|Ceruledge, F|100/100
|move|p1a: Alomomola|Flip Turn|p2a: Ceruledge
|-supereffective|p2a: Ceruledge
|-damage|p2a: Ceruledge|58/100
|-ability|p2a: Ceruledge|Weak Armor|boost
|-unboost|p2a: Ceruledge|def|1
|-boost|p2a: Ceruledge|spe|2
|
|t:|1769350397
|switch|p1a: Salamence|Salamence, F|100/100|[from] Flip Turn
|-damage|p1a: Salamence|76/100|[from] Stealth Rock
|
|-heal|p2a: Ceruledge|64/100|[from] Grassy Terrain
|-heal|p2a: Ceruledge|70/100|[from] item: Leftovers
|-fieldend|move: Grassy Terrain
|upkeep
|turn|6
|
|t:|1769350414
|switch|p2a: Cryogonal|Cryogonal|100/100
|move|p1a: Salamence|Dual Wingbeat|p2a: Cryogonal
|-damage|p2a: Cryogonal|41/100
|-damage|p2a: Cryogonal|0 fnt
|faint|p2a: Cryogonal
|-ability|p1a: Salamence|Moxie|boost
|-boost|p1a: Salamence|atk|1
|-hitcount|p2: Cryogonal|2
|
|upkeep
|
|t:|1769350420
|switch|p2a: Deoxys|Deoxys-Speed|100/100
|-ability|p2a: Deoxys|Pressure
|turn|7
|
|t:|1769350437
|move|p2a: Deoxys|Psycho Boost|p1a: Salamence
|-damage|p1a: Salamence|0 fnt
|-unboost|p2a: Deoxys|spa|2
|faint|p1a: Salamence
|-damage|p2a: Deoxys|91/100|[from] item: Life Orb
|
|upkeep
|
|t:|1769350443
|switch|p1a: Iron Crown|Iron Crown|100/100
|-damage|p1a: Iron Crown|94/100|[from] Stealth Rock
|-damage|p1a: Iron Crown|82/100|[from] Spikes
|-enditem|p1a: Iron Crown|Booster Energy
|-activate|p1a: Iron Crown|ability: Quark Drive|[fromitem]
|-start|p1a: Iron Crown|quarkdrivespe
|turn|8
|
|t:|1769350449
|switch|p2a: Raging Bolt|Raging Bolt|100/100
|move|p1a: Iron Crown|Calm Mind|p1a: Iron Crown
|-boost|p1a: Iron Crown|spa|1
|-boost|p1a: Iron Crown|spd|1
|
|upkeep
|turn|9
|
|t:|1769350454
|move|p1a: Iron Crown|Calm Mind|p1a: Iron Crown
|-boost|p1a: Iron Crown|spa|1
|-boost|p1a: Iron Crown|spd|1
|move|p2a: Raging Bolt|Calm Mind|p2a: Raging Bolt
|-boost|p2a: Raging Bolt|spa|1
|-boost|p2a: Raging Bolt|spd|1
|
|upkeep
|turn|10
|
|t:|1769350460
|move|p1a: Iron Crown|Calm Mind|p1a: Iron Crown
|-boost|p1a: Iron Crown|spa|1
|-boost|p1a: Iron Crown|spd|1
|move|p2a: Raging Bolt|Calm Mind|p2a: Raging Bolt
|-boost|p2a: Raging Bolt|spa|1
|-boost|p2a: Raging Bolt|spd|1
|
|upkeep
|turn|11
|
|t:|1769350466
|move|p1a: Iron Crown|Calm Mind|p1a: Iron Crown
|-boost|p1a: Iron Crown|spa|1
|-boost|p1a: Iron Crown|spd|1
|move|p2a: Raging Bolt|Calm Mind|p2a: Raging Bolt
|-boost|p2a: Raging Bolt|spa|1
|-boost|p2a: Raging Bolt|spd|1
|
|upkeep
|turn|12
|
|t:|1769350472
|move|p1a: Iron Crown|Calm Mind|p1a: Iron Crown
|-boost|p1a: Iron Crown|spa|1
|-boost|p1a: Iron Crown|spd|1
|move|p2a: Raging Bolt|Thunderbolt|p1a: Iron Crown
|-damage|p1a: Iron Crown|53/100
|
|upkeep
|turn|13
|
|t:|1769350477
|move|p1a: Iron Crown|Stored Power|p2a: Raging Bolt
|-damage|p2a: Raging Bolt|0 fnt
|faint|p2a: Raging Bolt
|-end|p2a: Raging Bolt|Protosynthesis|[silent]
|
|upkeep
|
|t:|1769350496
|switch|p2a: Ceruledge|Ceruledge, F|70/100
|turn|14
|
|t:|1769350504
|move|p2a: Ceruledge|Shadow Sneak|p1a: Iron Crown
|-supereffective|p1a: Iron Crown
|-damage|p1a: Iron Crown|7/100
|move|p1a: Iron Crown|Stored Power|p2a: Ceruledge
|-damage|p2a: Ceruledge|0 fnt
|faint|p2a: Ceruledge
|
|upkeep
|
|t:|1769350513
|switch|p2a: Deoxys|Deoxys-Speed|91/100
|-ability|p2a: Deoxys|Pressure
|turn|15
|
|t:|1769350518
|move|p1a: Iron Crown|Stored Power|p2a: Deoxys
|-resisted|p2a: Deoxys
|-crit|p2a: Deoxys
|-damage|p2a: Deoxys|0 fnt
|faint|p2a: Deoxys
|
|upkeep
|
|t:|1769350521
|switch|p2a: Blaziken|Blaziken, M, shiny|100/100
|turn|16
|
|t:|1769350525
|move|p1a: Iron Crown|Stored Power|p2a: Blaziken
|-supereffective|p2a: Blaziken
|-damage|p2a: Blaziken|0 fnt
|faint|p2a: Blaziken
|
|win|scarlet chains
|raw|scarlet chains's rating: 1422 &rarr; <strong>1441</strong><br />(+19 for winning)
|raw|mrporksin's rating: 1400 &rarr; <strong>1381</strong><br />(-19 for losing)
|l|☆mrporksin
|player|p2|
|l|☆scarlet chains
|player|p1|
