|j|☆youraveragegohard
|j|☆damppip
|t:|1769318100
|gametype|singles
|player|p1|youraveragegohard|dawn|1075
|player|p2|damppip|ethan|1108
|gen|9
|tier|[Gen 9] OU
|rated|
|rule|HP Percentage Mod: HP is shown in percentages
|rule|Endless Battle Clause: Forcing endless battles is banned
|rule|Species Clause: Limit one of each Pokémon
|rule|OHKO Clause: OHKO moves are banned
|rule|Evasion Items Clause: Evasion items are banned
|rule|Evasion Moves Clause: Evasion moves are banned
|rule|Evasion Abilities Clause: Evasion abilities are banned
|rule|Sleep Moves Clause: Sleep-inducing moves are banned
|clearpoke
|poke|p1|Gholdengo|
|poke|p1|Great Tusk|
|poke|p1|Slowking-Galar, M|
|poke|p1|Dragapult, M|
|poke|p1|Kingambit, F|
|poke|p1|Ogerpon-Wellspring, F|
|poke|p2|Garchomp, M|
|poke|p2|Garganacl, M|
|poke|p2|Corviknight, F|
|poke|p2|Raging Bolt|
|poke|p2|Skeledirge, M|
|poke|p2|Rillaboom, F|
|teampreview
|
|t:|1769318136
|teamsize|p1|6
|teamsize|p2|6
|start
|switch|p1a: Great Tusk|Great Tusk|100/100
|switch|p2a: gen|Garganacl, M, shiny|100/100
|turn|1
|
|t:|1769318154
|move|p1a: Great Tusk|Rapid Spin|p2a: gen
|-resisted|p2a: gen
|-damage|p2a: gen|95/100
|-boost|p1a: Great Tusk|spe|1
|move|p2a: gen|Stealth Rock|p1a: Great Tusk
|-sidestart|p1: youraveragegohard|move: Stealth Rock
|
|-heal|p2a: gen|100/100|[from] item: Leftovers
|upkeep
|turn|2
|
|t:|1769318170
|-end|p1a: Great Tusk|Protosynthesis|[silent]
|switch|p1a: Slowking|Slowking-Galar, M|100/100
|-damage|p1a: Slowking|88/100|[from] Stealth Rock
|move|p2a: gen|Salt Cure|p1a: Slowking
|-damage|p1a: Slowking|75/100
|-start|p1a: Slowking|Salt Cure
|
|-damage|p1a: Slowking|62/100|[from] Salt Cure
|upkeep
|turn|3
|
|t:|1769318191
|move|p2a: gen|Protect|p2a: gen
|-singleturn|p2a: gen|Protect
|move|p1a: Slowking|Future Sight|p2a: gen
|-start|p1a: Slowking|move: Future Sight
|
|-damage|p1a: Slowking|50/100|[from] Salt Cure
|upkeep
|turn|4
|inactive|Battle timer is ON: inactive players will automatically lose when time's up. (requested by damppip)
|
|t:|1769318200
|switch|p1a: Ogerpon|Ogerpon-Wellspring, F|100/100
|-damage|p1a: Ogerpon|88/100|[from] Stealth Rock
|move|p2a: gen|Salt Cure|p1a: Ogerpon
|-damage|p1a: Ogerpon|70/100
|-start|p1a: Ogerpon|Salt Cure
|
|-damage|p1a: Ogerpon|45/100|[from] Salt Cure
|upkeep
|turn|5
|
|t:|1769318209
|move|p1a: Ogerpon|Spiky Shield|p1a: Ogerpon
|-singleturn|p1a: Ogerpon|move: Protect
|move|p2a: gen|Protect||[still]
|-fail|p2a: gen
|
|-end|p2a: gen|move: Future Sight
|-damage|p2a: gen|70/100
|-heal|p2a: gen|76/100|[from] item: Leftovers
|-damage|p1a: Ogerpon|20/100|[from] Salt Cure
|upkeep
|turn|6
|
|t:|1769318220
|move|p1a: Ogerpon|Ivy Cudgel|p2a: gen|[anim] Ivy Cudgel Water
|-supereffective|p2a: gen
|-damage|p2a: gen|6/100
|move|p2a: gen|Recover|p2a: gen
|-heal|p2a: gen|56/100
|
|-heal|p2a: gen|62/100|[from] item: Leftovers
|-damage|p1a: Ogerpon|0 fnt|[from] Salt Cure
|faint|p1a: Ogerpon
|upkeep
|
|t:|1769318231
|switch|p1a: Dragapult|Dragapult, M|100/100
|-damage|p1a: Dragapult|88/100|[from] Stealth Rock
|turn|7
|c|☆damppip|ohh freaking god
|
|t:|1769318246
|move|p1a: Dragapult|U-turn|p2a: gen
|-damage|p2a: gen|50/100
|
|t:|1769318260
|switch|p1a: Gholdengo|Gholdengo|100/100|[from] U-turn
|-damage|p1a: Gholdengo|94/100|[from] Stealth Rock
|-item|p1a: Gholdengo|Air Balloon
|move|p2a: gen|Salt Cure|p1a: Gholdengo
|-resisted|p1a: Gholdengo
|-damage|p1a: Gholdengo|88/100
|-start|p1a: Gholdengo|Salt Cure
|-enditem|p1a: Gholdengo|Air Balloon
|
|-heal|p2a: gen|56/100|[from] item: Leftovers
|-damage|p1a: Gholdengo|63/100|[from] Salt Cure
|upkeep
|turn|8
|
|t:|1769318271
|move|p2a: gen|Protect|p2a: gen
|-singleturn|p2a: gen|Protect
|move|p1a: Gholdengo|Make It Rain|p2a: gen
|-activate|p2a: gen|move: Protect
|
|-heal|p2a: gen|62/100|[from] item: Leftovers
|-damage|p1a: Gholdengo|38/100|[from] Salt Cure
|upkeep
|turn|9
|
|t:|1769318282
|move|p1a: Gholdengo|Shadow Ball|p2a: gen
|-damage|p2a: gen|48/100
|move|p2a: gen|Recover|p2a: gen
|-heal|p2a: gen|98/100
|
|-heal|p2a: gen|100/100|[from] item: Leftovers
|-damage|p1a: Gholdengo|13/100|[from] Salt Cure
|upkeep
|turn|10
|
|t:|1769318290
|move|p2a: gen|Protect|p2a: gen
|-singleturn|p2a: gen|Protect
|move|p1a: Gholdengo|Nasty Plot|p1a: Gholdengo
|-boost|p1a: Gholdengo|spa|2
|
|-damage|p1a: Gholdengo|0 fnt|[from] Salt Cure
|faint|p1a: Gholdengo
|upkeep
|
|t:|1769318302
|switch|p1a: Great Tusk|Great Tusk|100/100
|-damage|p1a: Great Tusk|98/100|[from] Stealth Rock
|turn|11
|
|t:|1769318317
|move|p1a: Great Tusk|Knock Off|p2a: gen
|-damage|p2a: gen|80/100
|-enditem|p2a: gen|Leftovers|[from] move: Knock Off|[of] p1a: Great Tusk
|move|p2a: gen|Salt Cure|p1a: Great Tusk
|-resisted|p1a: Great Tusk
|-damage|p1a: Great Tusk|95/100
|-start|p1a: Great Tusk|Salt Cure
|
|-heal|p1a: Great Tusk|100/100|[from] item: Leftovers
|-damage|p1a: Great Tusk|88/100|[from] Salt Cure
|upkeep
|turn|12
|
|t:|1769318326
|-end|p1a: Great Tusk|Protosynthesis|[silent]
|switch|p1a: Slowking|Slowking-Galar, M|83/100
|-damage|p1a: Slowking|71/100|[from] Stealth Rock
|move|p2a: gen|Protect||[still]
|-fail|p2a: gen
|
|upkeep
|turn|13
|
|t:|1769318338
|move|p2a: gen|Salt Cure|p1a: Slowking
|-damage|p1a: Slowking|56/100
|-start|p1a: Slowking|Salt Cure
|move|p1a: Slowking|Future Sight|p2a: gen
|-start|p1a: Slowking|move: Future Sight
|
|-damage|p1a: Slowking|44/100|[from] Salt Cure
|upkeep
|turn|14
|
|t:|1769318348
|switch|p1a: Dragapult|Dragapult, M|88/100
|-damage|p1a: Dragapult|76/100|[from] Stealth Rock
|move|p2a: gen|Recover|p2a: gen
|-heal|p2a: gen|100/100
|
|upkeep
|turn|15
|
|t:|1769318358
|move|p1a: Dragapult|U-turn|p2a: gen
|-damage|p2a: gen|89/100
|inactive|youraveragegohard has 120 seconds left.
|
|t:|1769318393
|switch|p1a: Slowking|Slowking-Galar, M|77/100|[from] U-turn
|-damage|p1a: Slowking|64/100|[from] Stealth Rock
|move|p2a: gen|Salt Cure|p1a: Slowking
|-damage|p1a: Slowking|50/100
|-start|p1a: Slowking|Salt Cure
|
|-end|p2a: gen|move: Future Sight
|-damage|p2a: gen|59/100
|-damage|p1a: Slowking|37/100|[from] Salt Cure
|upkeep
|turn|16
|inactive|youraveragegohard has 120 seconds left.
|
|t:|1769318407
|move|p2a: gen|Recover|p2a: gen
|-heal|p2a: gen|100/100
|move|p1a: Slowking|Sludge Bomb|p2a: gen
|-resisted|p2a: gen
|-damage|p2a: gen|89/100
|
|-damage|p1a: Slowking|25/100|[from] Salt Cure
|upkeep
|turn|17
|inactive|youraveragegohard has 120 seconds left.
|
|t:|1769318418
|move|p2a: gen|Salt Cure|p1a: Slowking
|-damage|p1a: Slowking|10/100
|move|p1a: Slowking|Future Sight|p2a: gen
|-start|p1a: Slowking|move: Future Sight
|
|-damage|p1a: Slowking|0 fnt|[from] Salt Cure
|faint|p1a: Slowking
|upkeep
|inactive|youraveragegohard has 120 seconds left.
|
|t:|1769318433
|switch|p1a: Great Tusk|Great Tusk|88/100
|-damage|p1a: Great Tusk|85/100|[from] Stealth Rock
|turn|18
|inactive|youraveragegohard has 120 seconds left.
|
|t:|1769318442
|move|p1a: Great Tusk|Rapid Spin|p2a: gen
|-resisted|p2a: gen
|-damage|p2a: gen|84/100
|-boost|p1a: Great Tusk|spe|1
|-sideend|p1: youraveragegohard|Stealth Rock|[from] move: Rapid Spin|[of] p1a: Great Tusk
|move|p2a: gen|Salt Cure|p1a: Great Tusk
|-resisted|p1a: Great Tusk
|-damage|p1a: Great Tusk|83/100
|-start|p1a: Great Tusk|Salt Cure
|
|-heal|p1a: Great Tusk|89/100|[from] item: Leftovers
|-damage|p1a: Great Tusk|77/100|[from] Salt Cure
|upkeep
|turn|19
|inactive|youraveragegohard has 120 seconds left.
|
|t:|1769318457
|move|p1a: Great Tusk|Close Combat|p2a: gen
|-supereffective|p2a: gen
|-damage|p2a: gen|0 fnt
|-unboost|p1a: Great Tusk|def|1
|-unboost|p1a: Great Tusk|spd|1
|faint|p2a: gen
|
|-hint|Future Sight did not hit because the target is fainted.
|-heal|p1a: Great Tusk|83/100|[from] item: Leftovers
|-damage|p1a: Great Tusk|71/100|[from] Salt Cure
|upkeep
|
|t:|1769318477
|switch|p2a: drege|Skeledirge, M|100/100
|turn|20
|
|t:|1769318490
|-end|p1a: Great Tusk|Protosynthesis|[silent]
|switch|p1a: Dragapult|Dragapult, M|76/100
|move|p2a: drege|Will-O-Wisp|p1a: Dragapult
|-status|p1a: Dragapult|brn
|
|-damage|p1a: Dragapult|70/100 brn|[from] brn
|upkeep
|turn|21
|
|t:|1769318502
|move|p1a: Dragapult|U-turn|p2a: drege
|-resisted|p2a: drege
|-damage|p2a: drege|99/100
|
|t:|1769318516
|switch|p1a: Kingambit|Kingambit, F|100/100|[from] U-turn
|-activate|p1a: Kingambit|ability: Supreme Overlord
|-start|p1a: Kingambit|fallen3|[silent]
|move|p2a: drege|Torch Song|p1a: Kingambit
|-supereffective|p1a: Kingambit
|-damage|p1a: Kingambit|42/100
|-boost|p2a: drege|spa|1
|
|-heal|p2a: drege|100/100|[from] item: Leftovers
|upkeep
|turn|22
|inactive|youraveragegohard has 120 seconds left.
|
|t:|1769318534
|move|p1a: Kingambit|Sucker Punch||[still]
|-fail|p1a: Kingambit
|move|p2a: drege|Will-O-Wisp|p1a: Kingambit
|-status|p1a: Kingambit|brn
|
|-damage|p1a: Kingambit|36/100 brn|[from] brn
|upkeep
|turn|23
|
|t:|1769318542
|move|p2a: drege|Torch Song|p1a: Kingambit
|-supereffective|p1a: Kingambit
|-crit|p1a: Kingambit
|-damage|p1a: Kingambit|0 fnt
|-boost|p2a: drege|spa|1
|faint|p1a: Kingambit
|-end|p1a: Kingambit|fallen3|[silent]
|
|upkeep
|-message|youraveragegohard forfeited.
|
|win|damppip
|raw|youraveragegohard's rating: 1075 &rarr; <strong>1056</strong><br />(-19 for losing)
|raw|damppip's rating: 1108 &rarr; <strong>1131</strong><br />(+23 for winning)
|l|☆youraveragegohard
|player|p1|
