|j|☆dblockgoat
|j|☆trizegard
|t:|1769365624
|gametype|singles
|player|p1|dblockgoat|zinzolin|1480
|player|p2|trizegard|102|1443
|gen|9
|tier|[Gen 9] OU
|rated|
|rule|HP Percentage Mod: HP is shown in percentages
|rule|Endless Battle Clause: Forcing endless battles is banned
|rule|Species Clause: Limit one of each Pokémon
|rule|OHKO Clause: OHKO moves are banned
|rule|Evasion Items Clause: Evasion items are banned
|rule|Evasion Moves Clause: Evasion moves are banned
|rule|Evasion Abilities Clause: Evasion abilities are banned
|rule|Sleep Moves Clause: Sleep-inducing moves are banned
|clearpoke
|poke|p1|Samurott-Hisui, M|
|poke|p1|Gholdengo|
|poke|p1|Dragonite, M|
|poke|p1|Iron Valiant|
|poke|p1|Kingambit, M|
|poke|p1|Iron Moth|
|poke|p2|Alomomola, F|
|poke|p2|Moltres|
|poke|p2|Kingambit, F|
|poke|p2|Great Tusk|
|poke|p2|Ogerpon, F|
|poke|p2|Muk-Alola, M|
|teampreview
|inactive|Battle timer is ON: inactive players will automatically lose when time's up. (requested by trizegard)
|inactive|dblockgoat also wants the timer to be on.
|inactive|dblockgoat has 120 seconds left.
|
|t:|1769365660
|teamsize|p1|6
|teamsize|p2|6
|start
|switch|p1a: Iron Moth|Iron Moth|100/100
|switch|p2a: Ogerpon|Ogerpon, F|100/100
|-enditem|p1a: Iron Moth|Booster Energy
|-activate|p1a: Iron Moth|ability: Quark Drive|[fromitem]
|-start|p1a: Iron Moth|quarkdrivespa
|turn|1
|
|t:|1769365666
|switch|p2a: Alomomola|Alomomola, F|100/100
|move|p1a: Iron Moth|Fiery Dance|p2a: Alomomola
|-resisted|p2a: Alomomola
|-damage|p2a: Alomomola|84/100
|-boost|p1a: Iron Moth|spa|1
|
|upkeep
|turn|2
|inactive|dblockgoat has 120 seconds left.
|inactive|dblockgoat has 90 seconds left.
|inactive|dblockgoat has 60 seconds left.
|
|t:|1769365756
|-terastallize|p1a: Iron Moth|Grass
|move|p1a: Iron Moth|Energy Ball|p2a: Alomomola
|-supereffective|p2a: Alomomola
|-damage|p2a: Alomomola|0 fnt
|faint|p2a: Alomomola
|
|upkeep
|
|t:|1769365770
|switch|p2a: Muk|Muk-Alola, M|100/100
|turn|3
|inactive|dblockgoat has 60 seconds left.
|
|t:|1769365788
|move|p1a: Iron Moth|Fiery Dance|p2a: Muk
|-damage|p2a: Muk|56/100
|move|p2a: Muk|Poison Jab|p1a: Iron Moth
|-supereffective|p1a: Iron Moth
|-damage|p1a: Iron Moth|0 fnt
|faint|p1a: Iron Moth
|-end|p1a: Iron Moth|Quark Drive|[silent]
|
|upkeep
|inactive|dblockgoat has 60 seconds left.
|
|t:|1769365794
|switch|p1a: Dragonite|Dragonite, M|100/100
|turn|4
|
|t:|1769365799
|move|p1a: Dragonite|Dragon Dance|p1a: Dragonite
|-boost|p1a: Dragonite|atk|1
|-boost|p1a: Dragonite|spe|1
|move|p2a: Muk|Knock Off|p1a: Dragonite
|-damage|p1a: Dragonite|75/100
|-enditem|p1a: Dragonite|Heavy-Duty Boots|[from] move: Knock Off|[of] p2a: Muk
|
|upkeep
|turn|5
|
|t:|1769365813
|move|p1a: Dragonite|Earthquake|p2a: Muk
|-supereffective|p2a: Muk
|-damage|p2a: Muk|0 fnt
|faint|p2a: Muk
|
|upkeep
|
|t:|1769365816
|switch|p2a: Moltres|Moltres|100/100
|turn|6
|
|t:|1769365818
|move|p1a: Dragonite|Extreme Speed|p2a: Moltres
|-damage|p2a: Moltres|69/100
|move|p2a: Moltres|Will-O-Wisp|p1a: Dragonite
|-status|p1a: Dragonite|brn
|
|-damage|p1a: Dragonite|69/100 brn|[from] brn
|upkeep
|turn|7
|
|t:|1769365822
|move|p1a: Dragonite|Extreme Speed|p2a: Moltres
|-damage|p2a: Moltres|55/100
|move|p2a: Moltres|U-turn|p1a: Dragonite
|-resisted|p1a: Dragonite
|-damage|p1a: Dragonite|61/100 brn
|
|t:|1769365828
|switch|p2a: Great Tusk|Great Tusk|100/100|[from] U-turn
|-enditem|p2a: Great Tusk|Booster Energy
|-activate|p2a: Great Tusk|ability: Protosynthesis|[fromitem]
|-start|p2a: Great Tusk|protosynthesisatk
|
|-damage|p1a: Dragonite|54/100 brn|[from] brn
|upkeep
|turn|8
|
|t:|1769365832
|switch|p1a: Gholdengo|Gholdengo|100/100
|move|p2a: Great Tusk|Stealth Rock|p1a: Gholdengo
|-sidestart|p1: dblockgoat|move: Stealth Rock
|
|upkeep
|turn|9
|
|t:|1769365835
|move|p1a: Gholdengo|Trick|p2a: Great Tusk
|-activate|p1a: Gholdengo|move: Trick|[of] p2a: Great Tusk
|-item|p2a: Great Tusk|Choice Scarf|[from] move: Trick
|-enditem|p1a: Gholdengo|Choice Scarf|[silent]|[from] move: Trick
|move|p2a: Great Tusk|Headlong Rush|p1a: Gholdengo
|-supereffective|p1a: Gholdengo
|-damage|p1a: Gholdengo|0 fnt
|-unboost|p2a: Great Tusk|def|1
|-unboost|p2a: Great Tusk|spd|1
|faint|p1a: Gholdengo
|
|upkeep
|
|t:|1769365839
|switch|p1a: Dragonite|Dragonite, M|54/100 brn
|-damage|p1a: Dragonite|30/100 brn|[from] Stealth Rock
|turn|10
|
|t:|1769365843
|-end|p2a: Great Tusk|Protosynthesis|[silent]
|switch|p2a: Moltres|Moltres|55/100
|move|p1a: Dragonite|Roost|p1a: Dragonite
|-heal|p1a: Dragonite|80/100 brn
|-singleturn|p1a: Dragonite|move: Roost
|
|-damage|p1a: Dragonite|74/100 brn|[from] brn
|upkeep
|turn|11
|
|t:|1769365845
|move|p1a: Dragonite|Roost|p1a: Dragonite
|-heal|p1a: Dragonite|100/100 brn
|-singleturn|p1a: Dragonite|move: Roost
|move|p2a: Moltres|Roost|p2a: Moltres
|-heal|p2a: Moltres|100/100
|-singleturn|p2a: Moltres|move: Roost
|
|-damage|p1a: Dragonite|94/100 brn|[from] brn
|upkeep
|turn|12
|
|t:|1769365849
|move|p1a: Dragonite|Dragon Dance|p1a: Dragonite
|-boost|p1a: Dragonite|atk|1
|-boost|p1a: Dragonite|spe|1
|move|p2a: Moltres|U-turn|p1a: Dragonite
|-resisted|p1a: Dragonite
|-damage|p1a: Dragonite|86/100 brn
|
|t:|1769365856
|switch|p2a: Kingambit|Kingambit, F|100/100|[from] U-turn
|-activate|p2a: Kingambit|ability: Supreme Overlord
|-start|p2a: Kingambit|fallen2|[silent]
|
|-damage|p1a: Dragonite|80/100 brn|[from] brn
|upkeep
|turn|13
|
|t:|1769365858
|move|p1a: Dragonite|Earthquake|p2a: Kingambit
|-supereffective|p2a: Kingambit
|-damage|p2a: Kingambit|63/100
|move|p2a: Kingambit|Kowtow Cleave|p1a: Dragonite
|-damage|p1a: Dragonite|6/100 brn
|
|-damage|p1a: Dragonite|0 fnt|[from] brn
|faint|p1a: Dragonite
|upkeep
|
|t:|1769365861
|switch|p1a: Iron Valiant|Iron Valiant|100/100
|-damage|p1a: Iron Valiant|94/100|[from] Stealth Rock
|-enditem|p1a: Iron Valiant|Booster Energy
|-activate|p1a: Iron Valiant|ability: Quark Drive|[fromitem]
|-start|p1a: Iron Valiant|quarkdrivespe
|turn|14
|
|t:|1769365865
|-end|p2a: Kingambit|fallen2|[silent]
|switch|p2a: Moltres|Moltres|100/100
|move|p1a: Iron Valiant|Moonblast|p2a: Moltres
|-resisted|p2a: Moltres
|-damage|p2a: Moltres|78/100
|
|upkeep
|turn|15
|inactive|dblockgoat has 120 seconds left.
|inactive|dblockgoat has 90 seconds left.
|inactive|dblockgoat has 60 seconds left.
|inactive|dblockgoat has 30 seconds left.
|inactive|dblockgoat has 20 seconds left.
|inactive|dblockgoat has 15 seconds left.
|inactive|dblockgoat has 10 seconds left.
|inactive|dblockgoat has 5 seconds left.
|-message|dblockgoat lost due to inactivity.
|
|win|trizegard
|raw|dblockgoat's rating: 1480 &rarr; <strong>1458</strong><br />(-22 for losing)
|raw|trizegard's rating: 1443 &rarr; <strong>1465</strong><br />(+22 for winning)
|l|☆trizegard
|player|p2|
|j| Le_Q_94
