|j|☆vacineee
|j|☆alex12381723898
|t:|1769411449
|gametype|singles
|player|p1|vacineee|parasollady-gen4|1537
|player|p2|alex12381723898|101|1611
|gen|9
|tier|[Gen 9] OU
|rated|
|rule|HP Percentage Mod: HP is shown in percentages
|rule|Endless Battle Clause: Forcing endless battles is banned
|rule|Species Clause: Limit one of each Pokémon
|rule|OHKO Clause: OHKO moves are banned
|rule|Evasion Items Clause: Evasion items are banned
|rule|Evasion Moves Clause: Evasion moves are banned
|rule|Evasion Abilities Clause: Evasion abilities are banned
|rule|Sleep Moves Clause: Sleep-inducing moves are banned
|clearpoke
|poke|p1|Hoopa-Unbound|
|poke|p1|Rillaboom, F|
|poke|p1|Iron Hands|
|poke|p1|Slowking-Galar, M|
|poke|p1|Great Tusk|
|poke|p1|Heatran, M|
|poke|p2|Landorus-Therian, M|
|poke|p2|Sinistcha|
|poke|p2|Tinkaton, F|
|poke|p2|Moltres|
|poke|p2|Samurott-Hisui, M|
|poke|p2|Hydreigon, M|
|teampreview
|
|t:|1769411460
|teamsize|p1|6
|teamsize|p2|6
|start
|switch|p1a: Great Tusk|Great Tusk|100/100
|switch|p2a: Enten|Landorus-Therian, M, shiny|100/100
|-ability|p2a: Enten|Intimidate|boost
|-unboost|p1a: Great Tusk|atk|1
|-enditem|p1a: Great Tusk|Booster Energy
|-activate|p1a: Great Tusk|ability: Protosynthesis|[fromitem]
|-start|p1a: Great Tusk|protosynthesisspe
|turn|1
|
|t:|1769411465
|move|p2a: Enten|Grass Knot|p1a: Great Tusk
|-supereffective|p1a: Great Tusk
|-damage|p1a: Great Tusk|22/100
|move|p1a: Great Tusk|Bulk Up|p1a: Great Tusk
|-boost|p1a: Great Tusk|atk|1
|-boost|p1a: Great Tusk|def|1
|
|upkeep
|turn|2
|
|t:|1769411474
|switch|p2a: Sagittarius|Sinistcha, shiny|100/100
|-end|p1a: Great Tusk|Protosynthesis|[silent]
|switch|p1a: Rillaboom|Rillaboom, F|100/100
|-fieldstart|move: Grassy Terrain|[from] ability: Grassy Surge|[of] p1a: Rillaboom
|
|upkeep
|turn|3
|
|t:|1769411477
|switch|p2a: Phoenix|Moltres, shiny|100/100
|move|p1a: Rillaboom|Knock Off|p2a: Phoenix
|-damage|p2a: Phoenix|52/100
|-enditem|p2a: Phoenix|Heavy-Duty Boots|[from] move: Knock Off|[of] p1a: Rillaboom
|
|upkeep
|turn|4
|
|t:|1769411485
|switch|p1a: Heatran|Heatran, M|100/100
|-item|p1a: Heatran|Air Balloon
|move|p2a: Phoenix|Roost|p2a: Phoenix
|-heal|p2a: Phoenix|100/100
|-singleturn|p2a: Phoenix|move: Roost
|
|upkeep
|turn|5
|
|t:|1769411491
|move|p2a: Phoenix|U-turn|p1a: Heatran
|-resisted|p1a: Heatran
|-damage|p1a: Heatran|98/100
|-enditem|p1a: Heatran|Air Balloon
|
|t:|1769411493
|switch|p2a: Jack Sparrow|Samurott-Hisui, M, shiny|100/100|[from] U-turn
|move|p1a: Heatran|Magma Storm|p2a: Jack Sparrow
|-resisted|p2a: Jack Sparrow
|-damage|p2a: Jack Sparrow|69/100
|-activate|p2a: Jack Sparrow|move: Magma Storm|[of] p1a: Heatran
|
|-heal|p2a: Jack Sparrow|75/100|[from] Grassy Terrain
|-heal|p1a: Heatran|100/100|[from] Grassy Terrain
|-damage|p2a: Jack Sparrow|62/100|[from] move: Magma Storm|[partiallytrapped]
|upkeep
|turn|6
|
|t:|1769411499
|switch|p1a: Iron Hands|Iron Hands, shiny|100/100
|move|p2a: Jack Sparrow|Ceaseless Edge|p1a: Iron Hands
|-resisted|p1a: Iron Hands
|-damage|p1a: Iron Hands|83/100
|-sidestart|p1: vacineee|Spikes
|
|-heal|p2a: Jack Sparrow|69/100|[from] Grassy Terrain
|-heal|p1a: Iron Hands|89/100|[from] Grassy Terrain
|-end|p2a: Jack Sparrow|Magma Storm|[partiallytrapped]|[silent]
|-fieldend|move: Grassy Terrain
|upkeep
|turn|7
|
|t:|1769411505
|move|p2a: Jack Sparrow|Knock Off|p1a: Iron Hands
|-resisted|p1a: Iron Hands
|-damage|p1a: Iron Hands|70/100
|-enditem|p1a: Iron Hands|Lum Berry|[from] move: Knock Off|[of] p2a: Jack Sparrow
|move|p1a: Iron Hands|Swords Dance|p1a: Iron Hands
|-boost|p1a: Iron Hands|atk|2
|
|upkeep
|turn|8
|
|t:|1769411515
|switch|p2a: Smile.exe|Tinkaton, F, shiny|100/100
|-item|p2a: Smile.exe|Air Balloon
|move|p1a: Iron Hands|Drain Punch|p2a: Smile.exe
|-damage|p2a: Smile.exe|0 fnt
|-heal|p1a: Iron Hands|100/100|[from] drain|[of] p2a: Smile.exe
|-enditem|p2a: Smile.exe|Air Balloon
|faint|p2a: Smile.exe
|
|upkeep
|inactive|Battle timer is ON: inactive players will automatically lose when time's up. (requested by vacineee)
|
|t:|1769411538
|switch|p2a: Enten|Landorus-Therian, M, shiny|100/100
|-ability|p2a: Enten|Intimidate|boost
|-unboost|p1a: Iron Hands|atk|1
|turn|9
|
|t:|1769411542
|move|p2a: Enten|U-turn|p1a: Iron Hands
|-resisted|p1a: Iron Hands
|-damage|p1a: Iron Hands|91/100
|
|t:|1769411546
|switch|p2a: Phoenix|Moltres, shiny|100/100|[from] U-turn
|move|p1a: Iron Hands|Ice Punch|p2a: Phoenix
|-damage|p2a: Phoenix|62/100
|
|upkeep
|turn|10
|
|t:|1769411552
|move|p2a: Phoenix|U-turn|p1a: Iron Hands
|-resisted|p1a: Iron Hands
|-damage|p1a: Iron Hands|86/100
|
|t:|1769411553
|switch|p2a: Enten|Landorus-Therian, M, shiny|100/100|[from] U-turn
|-ability|p2a: Enten|Intimidate|boost
|-unboost|p1a: Iron Hands|atk|1
|move|p1a: Iron Hands|Swords Dance|p1a: Iron Hands
|-boost|p1a: Iron Hands|atk|2
|
|upkeep
|turn|11
|
|t:|1769411559
|-terastallize|p2a: Enten|Ground
|move|p2a: Enten|Earthquake|p1a: Iron Hands
|-supereffective|p1a: Iron Hands
|-damage|p1a: Iron Hands|0 fnt
|faint|p1a: Iron Hands
|-end|p1a: Iron Hands|Quark Drive|[silent]
|
|upkeep
|
|t:|1769411566
|switch|p1a: Rillaboom|Rillaboom, F|100/100
|-damage|p1a: Rillaboom|88/100|[from] Spikes
|-fieldstart|move: Grassy Terrain|[from] ability: Grassy Surge|[of] p1a: Rillaboom
|turn|12
|
|t:|1769411582
|switch|p2a: Phoenix|Moltres, shiny|62/100
|move|p1a: Rillaboom|Wood Hammer|p2a: Phoenix
|-resisted|p2a: Phoenix
|-damage|p2a: Phoenix|35/100
|-damage|p1a: Rillaboom|79/100|[from] Recoil
|
|-heal|p1a: Rillaboom|85/100|[from] Grassy Terrain
|upkeep
|turn|13
|
|t:|1769411589
|switch|p1a: Slowking|Slowking-Galar, M|100/100
|move|p2a: Phoenix|Roost|p2a: Phoenix
|-heal|p2a: Phoenix|85/100
|-singleturn|p2a: Phoenix|move: Roost
|
|-heal|p2a: Phoenix|91/100|[from] Grassy Terrain
|upkeep
|turn|14
|
|t:|1769411598
|move|p2a: Phoenix|U-turn|p1a: Slowking
|-damage|p1a: Slowking|85/100
|
|t:|1769411601
|switch|p2a: Jack Sparrow|Samurott-Hisui, M, shiny|69/100|[from] U-turn
|-prepare|p1a: Slowking|Chilly Reception|[premajor]
|move|p1a: Slowking|Chilly Reception|p1a: Slowking
|-weather|Snowscape
|
|t:|1769411616
|switch|p1a: Rillaboom|Rillaboom, F|85/100|[from] Chilly Reception
|-damage|p1a: Rillaboom|72/100|[from] Spikes
|
|-weather|Snowscape|[upkeep]
|-heal|p2a: Jack Sparrow|75/100|[from] Grassy Terrain
|-heal|p1a: Rillaboom|79/100|[from] Grassy Terrain
|upkeep
|turn|15
|
|t:|1769411624
|switch|p1a: Hoopa|Hoopa-Unbound|100/100
|-damage|p1a: Hoopa|88/100|[from] Spikes
|-enditem|p1a: Hoopa|Grassy Seed
|-boost|p1a: Hoopa|def|1|[from] item: Grassy Seed
|switch|p2a: Phoenix|Moltres, shiny|91/100
|
|-weather|Snowscape|[upkeep]
|-heal|p1a: Hoopa|94/100|[from] Grassy Terrain
|upkeep
|turn|16
|
|t:|1769411649
|-terastallize|p1a: Hoopa|Fighting
|move|p2a: Phoenix|U-turn|p1a: Hoopa
|-resisted|p1a: Hoopa
|-damage|p1a: Hoopa|88/100
|inactive|alex12381723898 has 120 seconds left.
|j| Thiev3ry
|
|t:|1769411664
|switch|p2a: Enten|Landorus-Therian, M, shiny, tera:Ground|100/100|[from] U-turn
|-ability|p2a: Enten|Intimidate|boost
|-unboost|p1a: Hoopa|atk|1
|move|p1a: Hoopa|Psychic Noise|p2a: Enten
|-damage|p2a: Enten|21/100
|-start|p2a: Enten|move: Heal Block
|-item|p1a: Hoopa|Choice Scarf|[from] ability: Magician|[of] p2a: Enten
|
|-weather|Snowscape|[upkeep]
|-heal|p1a: Hoopa|94/100|[from] Grassy Terrain
|-fieldend|move: Grassy Terrain
|upkeep
|turn|17
|inactive|alex12381723898 has 120 seconds left.
|l| Thiev3ry
|
|t:|1769411691
|move|p2a: Enten|U-turn|p1a: Hoopa
|-resisted|p1a: Hoopa
|-damage|p1a: Hoopa|83/100
|
|t:|1769411699
|switch|p2a: Hybrid|Hydreigon, M, shiny|100/100|[from] U-turn
|move|p1a: Hoopa|Dark Pulse|p2a: Hybrid
|-resisted|p2a: Hybrid
|-damage|p2a: Hybrid|69/100
|
|-weather|Snowscape|[upkeep]
|upkeep
|turn|18
|
|t:|1769411709
|switch|p1a: Great Tusk|Great Tusk|22/100
|-damage|p1a: Great Tusk|9/100|[from] Spikes
|move|p2a: Hybrid|Draco Meteor|p1a: Great Tusk
|-damage|p1a: Great Tusk|0 fnt
|-unboost|p2a: Hybrid|spa|2
|faint|p1a: Great Tusk
|-end|p1a: Great Tusk|Protosynthesis|[silent]
|
|-weather|none
|upkeep
|
|t:|1769411718
|switch|p1a: Heatran|Heatran, M|100/100
|-damage|p1a: Heatran|88/100|[from] Spikes
|turn|19
|
|t:|1769411723
|switch|p2a: Phoenix|Moltres, shiny|91/100
|move|p1a: Heatran|Stealth Rock|p2a: Phoenix
|-sidestart|p2: alex12381723898|move: Stealth Rock
|
|upkeep
|turn|20
|
|t:|1769411729
|move|p2a: Phoenix|Scorching Sands|p1a: Heatran
|-supereffective|p1a: Heatran
|-damage|p1a: Heatran|37/100
|move|p1a: Heatran|Taunt|p2a: Phoenix
|-start|p2a: Phoenix|move: Taunt
|
|upkeep
|turn|21
|
|t:|1769411733
|switch|p1a: Slowking|Slowking-Galar, M|100/100
|move|p2a: Phoenix|Scorching Sands|p1a: Slowking
|-supereffective|p1a: Slowking
|-damage|p1a: Slowking|77/100
|-status|p1a: Slowking|brn
|
|-damage|p1a: Slowking|71/100 brn|[from] brn
|upkeep
|turn|22
|
|t:|1769411743
|move|p2a: Phoenix|Flamethrower|p1a: Slowking
|-damage|p1a: Slowking|50/100 brn
|-prepare|p1a: Slowking|Chilly Reception|[premajor]
|move|p1a: Slowking|Chilly Reception|p1a: Slowking
|-weather|Snowscape
|
|t:|1769411746
|switch|p1a: Hoopa|Hoopa-Unbound, tera:Fighting|83/100|[from] Chilly Reception
|-damage|p1a: Hoopa|70/100|[from] Spikes
|
|-weather|Snowscape|[upkeep]
|upkeep
|turn|23
|
|t:|1769411757
|move|p1a: Hoopa|Dark Pulse|p2a: Phoenix
|-damage|p2a: Phoenix|40/100
|move|p2a: Phoenix|Flamethrower|p1a: Hoopa
|-damage|p1a: Hoopa|40/100
|
|-weather|Snowscape|[upkeep]
|-end|p2a: Phoenix|move: Taunt
|upkeep
|turn|24
|
|t:|1769411780
|switch|p1a: Heatran|Heatran, M|37/100
|-damage|p1a: Heatran|25/100|[from] Spikes
|move|p2a: Phoenix|Flamethrower|p1a: Heatran
|-start|p1a: Heatran|ability: Flash Fire
|
|-weather|Snowscape|[upkeep]
|upkeep
|turn|25
|
|t:|1769411790
|move|p2a: Phoenix|Scorching Sands|p1a: Heatran
|-supereffective|p1a: Heatran
|-damage|p1a: Heatran|0 fnt
|faint|p1a: Heatran
|
|-weather|Snowscape|[upkeep]
|upkeep
|
|t:|1769411791
|switch|p1a: Hoopa|Hoopa-Unbound, tera:Fighting|40/100
|-damage|p1a: Hoopa|28/100|[from] Spikes
|turn|26
|
|t:|1769411799
|move|p1a: Hoopa|Psychic Noise|p2a: Phoenix
|-damage|p2a: Phoenix|0 fnt
|faint|p2a: Phoenix
|
|-weather|none
|upkeep
|
|t:|1769411809
|switch|p2a: Jack Sparrow|Samurott-Hisui, M, shiny|75/100
|turn|27
|
|t:|1769411813
|switch|p1a: Rillaboom|Rillaboom, F|79/100
|-damage|p1a: Rillaboom|66/100|[from] Spikes
|-fieldstart|move: Grassy Terrain|[from] ability: Grassy Surge|[of] p1a: Rillaboom
|move|p2a: Jack Sparrow|Ceaseless Edge|p1a: Rillaboom
|-damage|p1a: Rillaboom|10/100
|-sidestart|p1: vacineee|Spikes
|
|-heal|p2a: Jack Sparrow|81/100|[from] Grassy Terrain
|-heal|p1a: Rillaboom|16/100|[from] Grassy Terrain
|upkeep
|turn|28
|
|t:|1769411822
|move|p1a: Rillaboom|Grassy Glide|p2a: Jack Sparrow
|-supereffective|p2a: Jack Sparrow
|-damage|p2a: Jack Sparrow|0 fnt
|faint|p2a: Jack Sparrow
|
|-heal|p1a: Rillaboom|22/100|[from] Grassy Terrain
|upkeep
|
|t:|1769411830
|switch|p2a: Sagittarius|Sinistcha, shiny|100/100
|turn|29
|
|t:|1769411834
|switch|p1a: Hoopa|Hoopa-Unbound, tera:Fighting|28/100
|-damage|p1a: Hoopa|12/100|[from] Spikes
|move|p2a: Sagittarius|Shadow Ball|p1a: Hoopa
|-damage|p1a: Hoopa|0 fnt
|faint|p1a: Hoopa
|
|upkeep
|
|t:|1769411837
|switch|p1a: Slowking|Slowking-Galar, M|83/100 brn
|turn|30
|
|t:|1769411842
|move|p2a: Sagittarius|Shadow Ball|p1a: Slowking
|-supereffective|p1a: Slowking
|-damage|p1a: Slowking|43/100 brn
|move|p1a: Slowking|Thunder Wave|p2a: Sagittarius
|-status|p2a: Sagittarius|par
|
|-heal|p1a: Slowking|49/100 brn|[from] Grassy Terrain
|-damage|p1a: Slowking|43/100 brn|[from] brn
|upkeep
|turn|31
|
|t:|1769411853
|move|p2a: Sagittarius|Shadow Ball|p1a: Slowking
|-supereffective|p1a: Slowking
|-damage|p1a: Slowking|2/100 brn
|-prepare|p1a: Slowking|Chilly Reception|[premajor]
|move|p1a: Slowking|Chilly Reception|p1a: Slowking
|-weather|Snowscape
|
|t:|1769411856
|switch|p1a: Rillaboom|Rillaboom, F|22/100|[from] Chilly Reception
|-damage|p1a: Rillaboom|6/100|[from] Spikes
|
|-weather|Snowscape|[upkeep]
|-heal|p1a: Rillaboom|12/100|[from] Grassy Terrain
|-fieldend|move: Grassy Terrain
|upkeep
|turn|32
|
|t:|1769411867
|move|p1a: Rillaboom|Knock Off|p2a: Sagittarius
|-supereffective|p2a: Sagittarius
|-damage|p2a: Sagittarius|24/100 par
|-enditem|p2a: Sagittarius|Heavy-Duty Boots|[from] move: Knock Off|[of] p1a: Rillaboom
|move|p2a: Sagittarius|Shadow Ball|p1a: Rillaboom
|-damage|p1a: Rillaboom|0 fnt
|faint|p1a: Rillaboom
|
|-weather|Snowscape|[upkeep]
|upkeep
|
|t:|1769411870
|switch|p1a: Slowking|Slowking-Galar, M|35/100 brn
|turn|33
|-message|vacineee forfeited.
|
|win|alex12381723898
|raw|vacineee's rating: 1537 &rarr; <strong>1521</strong><br />(-16 for losing)
|raw|alex12381723898's rating: 1611 &rarr; <strong>1627</strong><br />(+16 for winning)
|l|☆vacineee
|player|p1|
|l|☆alex12381723898
|player|p2|
