|j|☆buster the laddy
|j|☆scarlet chains
|t:|1769350756
|gametype|singles
|player|p1|buster the laddy|102|1415
|player|p2|scarlet chains|170|1459
|gen|9
|tier|[Gen 9] OU
|rated|
|rule|HP Percentage Mod: HP is shown in percentages
|rule|Endless Battle Clause: Forcing endless battles is banned
|rule|Species Clause: Limit one of each Pokémon
|rule|OHKO Clause: OHKO moves are banned
|rule|Evasion Items Clause: Evasion items are banned
|rule|Evasion Moves Clause: Evasion moves are banned
|rule|Evasion Abilities Clause: Evasion abilities are banned
|rule|Sleep Moves Clause: Sleep-inducing moves are banned
|clearpoke
|poke|p1|Tyranitar, F|
|poke|p1|Iron Valiant|
|poke|p1|Garchomp, F|
|poke|p1|Heatran, F|
|poke|p1|Excadrill, M|
|poke|p1|Rotom-Wash|
|poke|p2|Rillaboom, F|
|poke|p2|Salamence, F|
|poke|p2|Glimmora, M|
|poke|p2|Alomomola, M|
|poke|p2|Iron Crown|
|poke|p2|Lycanroc-Dusk, F|
|teampreview
|inactive|Battle timer is ON: inactive players will automatically lose when time's up. (requested by scarlet chains)
|
|t:|1769350766
|teamsize|p1|6
|teamsize|p2|6
|start
|switch|p1a: Rotom|Rotom-Wash|100/100
|switch|p2a: Rillaboom|Rillaboom, F|100/100
|-fieldstart|move: Grassy Terrain|[from] ability: Grassy Surge|[of] p2a: Rillaboom
|turn|1
|inactive|buster the laddy has 120 seconds left.
|
|t:|1769350798
|switch|p1a: Heatran|Heatran, F|100/100
|move|p2a: Rillaboom|U-turn|p1a: Heatran
|-resisted|p1a: Heatran
|-damage|p1a: Heatran|91/100
|inactive|scarlet chains has 120 seconds left.
|inactive|scarlet chains has 90 seconds left.
|
|t:|1769350863
|switch|p2a: Lycanroc|Lycanroc-Dusk, F|100/100|[from] U-turn
|
|-heal|p1a: Heatran|97/100|[from] Grassy Terrain
|-heal|p1a: Heatran|100/100|[from] item: Leftovers
|upkeep
|turn|2
|inactive|buster the laddy has 120 seconds left.
|
|t:|1769350882
|move|p2a: Lycanroc|Close Combat|p1a: Heatran
|-supereffective|p1a: Heatran
|-damage|p1a: Heatran|0 fnt
|-unboost|p2a: Lycanroc|def|1
|-unboost|p2a: Lycanroc|spd|1
|faint|p1a: Heatran
|
|upkeep
|inactive|buster the laddy has 120 seconds left.
|
|t:|1769350896
|switch|p1a: Rotom|Rotom-Wash|100/100
|turn|3
|
|t:|1769350921
|switch|p2a: Alomomola|Alomomola, M|100/100
|move|p1a: Rotom|Volt Switch|p2a: Alomomola
|-supereffective|p2a: Alomomola
|-damage|p2a: Alomomola|74/100
|
|t:|1769350927
|switch|p1a: Garchomp|Garchomp, F|100/100|[from] Volt Switch
|
|-heal|p2a: Alomomola|80/100|[from] Grassy Terrain
|upkeep
|turn|4
|
|t:|1769350936
|move|p1a: Garchomp|Spikes|p2a: Alomomola
|-sidestart|p2: scarlet chains|Spikes
|move|p2a: Alomomola|Flip Turn|p1a: Garchomp
|-damage|p1a: Garchomp|88/100
|-damage|p2a: Alomomola|67/100|[from] ability: Rough Skin|[of] p1a: Garchomp
|-damage|p2a: Alomomola|51/100|[from] item: Rocky Helmet|[of] p1a: Garchomp
|inactive|scarlet chains has 90 seconds left.
|
|t:|1769350962
|switch|p2a: Rillaboom|Rillaboom, F|100/100|[from] Flip Turn
|-damage|p2a: Rillaboom|88/100|[from] Spikes
|
|-heal|p2a: Rillaboom|94/100|[from] Grassy Terrain
|-heal|p1a: Garchomp|94/100|[from] Grassy Terrain
|upkeep
|turn|5
|
|t:|1769350974
|-terastallize|p2a: Rillaboom|Grass
|move|p2a: Rillaboom|Wood Hammer|p1a: Garchomp
|-damage|p1a: Garchomp|0 fnt
|-damage|p2a: Rillaboom|82/100|[from] ability: Rough Skin|[of] p1a: Garchomp
|-damage|p2a: Rillaboom|66/100|[from] item: Rocky Helmet|[of] p1a: Garchomp
|faint|p1a: Garchomp
|-damage|p2a: Rillaboom|27/100|[from] Recoil
|
|-heal|p2a: Rillaboom|34/100|[from] Grassy Terrain
|-fieldend|move: Grassy Terrain
|upkeep
|
|t:|1769350994
|switch|p1a: Excadrill|Excadrill, M|100/100
|-item|p1a: Excadrill|Air Balloon
|turn|6
|
|t:|1769351002
|move|p1a: Excadrill|Iron Head|p2a: Rillaboom
|-damage|p2a: Rillaboom|0 fnt
|faint|p2a: Rillaboom
|
|upkeep
|
|t:|1769351006
|switch|p2a: Salamence|Salamence, F|100/100
|turn|7
|
|t:|1769351015
|move|p1a: Excadrill|Rapid Spin|p2a: Salamence
|-damage|p2a: Salamence|78/100
|-boost|p1a: Excadrill|spe|1
|move|p2a: Salamence|Dragon Dance|p2a: Salamence
|-boost|p2a: Salamence|atk|1
|-boost|p2a: Salamence|spe|1
|
|upkeep
|turn|8
|
|t:|1769351025
|move|p1a: Excadrill|Iron Head|p2a: Salamence
|-damage|p2a: Salamence|25/100
|cant|p2a: Salamence|flinch
|
|upkeep
|turn|9
|
|t:|1769351030
|move|p1a: Excadrill|Iron Head|p2a: Salamence
|-damage|p2a: Salamence|0 fnt
|faint|p2a: Salamence
|
|upkeep
|
|t:|1769351034
|switch|p2a: Iron Crown|Iron Crown|100/100
|-damage|p2a: Iron Crown|88/100|[from] Spikes
|-enditem|p2a: Iron Crown|Booster Energy
|-activate|p2a: Iron Crown|ability: Quark Drive|[fromitem]
|-start|p2a: Iron Crown|quarkdrivespe
|turn|10
|
|t:|1769351042
|move|p2a: Iron Crown|Focus Blast|p1a: Excadrill|[miss]
|-miss|p2a: Iron Crown|p1a: Excadrill
|move|p1a: Excadrill|Earthquake|p2a: Iron Crown
|-supereffective|p2a: Iron Crown
|-damage|p2a: Iron Crown|0 fnt
|faint|p2a: Iron Crown
|-end|p2a: Iron Crown|Quark Drive|[silent]
|
|upkeep
|-message|scarlet chains forfeited.
|
|win|buster the laddy
|raw|buster the laddy's rating: 1415 &rarr; <strong>1438</strong><br />(+23 for winning)
|raw|scarlet chains's rating: 1459 &rarr; <strong>1436</strong><br />(-23 for losing)
|l|☆scarlet chains
|player|p2|
|l|☆buster the laddy
|player|p1|
