|j|☆STAR-iin
|j|☆kindetsu
|t:|1769406208
|gametype|singles
|player|p1|STAR-iin|misty-lgpe|1181
|player|p2|kindetsu|lance-masters2|1217
|gen|9
|tier|[Gen 9] OU
|rated|
|rule|HP Percentage Mod: HP is shown in percentages
|rule|Endless Battle Clause: Forcing endless battles is banned
|rule|Species Clause: Limit one of each Pokémon
|rule|OHKO Clause: OHKO moves are banned
|rule|Evasion Items Clause: Evasion items are banned
|rule|Evasion Moves Clause: Evasion moves are banned
|rule|Evasion Abilities Clause: Evasion abilities are banned
|rule|Sleep Moves Clause: Sleep-inducing moves are banned
|clearpoke
|poke|p1|Pelipper, M|
|poke|p1|Sliggoo, F|
|poke|p1|Floatzel, F|
|poke|p1|Raging Bolt|
|poke|p1|Kingambit, M|
|poke|p1|Kleavor, F|
|poke|p2|Regidrago|
|poke|p2|Iron Crown|
|poke|p2|Volcanion|
|poke|p2|Torkoal, M|
|poke|p2|Iron Valiant|
|poke|p2|Latios, M|
|teampreview
|
|t:|1769406212
|teamsize|p1|6
|teamsize|p2|6
|start
|switch|p1a: Pelipper|Pelipper, M|100/100
|switch|p2a: Regidrago|Regidrago|100/100
|-weather|RainDance|[from] ability: Drizzle|[of] p1a: Pelipper
|turn|1
|inactive|Battle timer is ON: inactive players will automatically lose when time's up. (requested by kindetsu)
|
|t:|1769406222
|move|p2a: Regidrago|Dragon Energy|p1a: Pelipper
|-crit|p1a: Pelipper
|-damage|p1a: Pelipper|0 fnt
|faint|p1a: Pelipper
|
|-weather|RainDance|[upkeep]
|upkeep
|
|t:|1769406228
|switch|p1a: Kleavor|Kleavor, F|100/100
|turn|2
|
|t:|1769406234
|switch|p2a: Armin Schwitz|Iron Crown|100/100
|move|p1a: Kleavor|X-Scissor|p2a: Armin Schwitz
|-damage|p2a: Armin Schwitz|40/100
|
|-weather|RainDance|[upkeep]
|-heal|p2a: Armin Schwitz|47/100|[from] item: Leftovers
|upkeep
|turn|3
|
|t:|1769406247
|-end|p2a: Armin Schwitz|Quark Drive|[silent]
|switch|p2a: Torkoal|Torkoal, M|100/100
|-weather|SunnyDay|[from] ability: Drought|[of] p2a: Torkoal
|move|p1a: Kleavor|X-Scissor|p2a: Torkoal
|-resisted|p2a: Torkoal
|-damage|p2a: Torkoal|81/100
|
|-weather|SunnyDay|[upkeep]
|upkeep
|turn|4
|
|t:|1769406257
|switch|p1a: Sliggoo|Sliggoo, F|100/100
|move|p2a: Torkoal|Stealth Rock|p1a: Sliggoo
|-sidestart|p1: STAR-iin|move: Stealth Rock
|
|-weather|SunnyDay|[upkeep]
|upkeep
|turn|5
|
|t:|1769406269
|switch|p2a: Armin Schwitz|Iron Crown|47/100
|move|p1a: Sliggoo|Toxic|p2a: Armin Schwitz
|-immune|p2a: Armin Schwitz
|
|-weather|SunnyDay|[upkeep]
|-heal|p2a: Armin Schwitz|53/100|[from] item: Leftovers
|upkeep
|turn|6
|
|t:|1769406274
|move|p2a: Armin Schwitz|Tachyon Cutter|p1a: Sliggoo
|-damage|p1a: Sliggoo|90/100
|-damage|p1a: Sliggoo|79/100
|-hitcount|p1a: Sliggoo|2
|move|p1a: Sliggoo|Dragon Pulse|p2a: Armin Schwitz
|-resisted|p2a: Armin Schwitz
|-damage|p2a: Armin Schwitz|43/100
|
|-weather|SunnyDay|[upkeep]
|-heal|p2a: Armin Schwitz|49/100|[from] item: Leftovers
|upkeep
|turn|7
|
|t:|1769406279
|move|p2a: Armin Schwitz|Psyshock|p1a: Sliggoo
|-damage|p1a: Sliggoo|33/100
|move|p1a: Sliggoo|Muddy Water|p2a: Armin Schwitz
|-damage|p2a: Armin Schwitz|42/100
|
|-weather|none
|-heal|p2a: Armin Schwitz|49/100|[from] item: Leftovers
|upkeep
|turn|8
|
|t:|1769406287
|move|p2a: Armin Schwitz|Psyshock|p1a: Sliggoo
|-damage|p1a: Sliggoo|0 fnt
|faint|p1a: Sliggoo
|
|-heal|p2a: Armin Schwitz|55/100|[from] item: Leftovers
|upkeep
|
|t:|1769406300
|switch|p1a: Kingambit|Kingambit, M|100/100
|-damage|p1a: Kingambit|94/100|[from] Stealth Rock
|-activate|p1a: Kingambit|ability: Supreme Overlord
|-start|p1a: Kingambit|fallen2|[silent]
|turn|9
|
|t:|1769406311
|move|p2a: Armin Schwitz|Volt Switch|p1a: Kingambit
|-damage|p1a: Kingambit|72/100
|
|t:|1769406314
|-end|p2a: Armin Schwitz|Quark Drive|[silent]
|switch|p2a: Torkoal|Torkoal, M|81/100|[from] Volt Switch
|-weather|SunnyDay|[from] ability: Drought|[of] p2a: Torkoal
|move|p1a: Kingambit|Iron Head|p2a: Torkoal
|-resisted|p2a: Torkoal
|-damage|p2a: Torkoal|64/100
|
|-weather|SunnyDay|[upkeep]
|upkeep
|turn|10
|
|t:|1769406321
|move|p1a: Kingambit|Swords Dance|p1a: Kingambit
|-boost|p1a: Kingambit|atk|2
|move|p2a: Torkoal|Flamethrower|p1a: Kingambit
|-supereffective|p1a: Kingambit
|-damage|p1a: Kingambit|0 fnt
|faint|p1a: Kingambit
|-end|p1a: Kingambit|fallen2|[silent]
|
|-weather|SunnyDay|[upkeep]
|upkeep
|-message|STAR-iin forfeited.
|
|win|kindetsu
|raw|STAR-iin's rating: 1181 &rarr; <strong>1159</strong><br />(-22 for losing)
|raw|kindetsu's rating: 1217 &rarr; <strong>1239</strong><br />(+22 for winning)
|l|☆STAR-iin
|player|p1|
|l|☆kindetsu
|player|p2|
