|j|☆l'agent_yoshimbo
|j|☆bigpapajugnut
|t:|1769399904
|gametype|singles
|player|p1|l'agent_yoshimbo|drayden|1128
|player|p2|bigpapajugnut|2|1178
|gen|9
|tier|[Gen 9] OU
|rated|
|rule|HP Percentage Mod: HP is shown in percentages
|rule|Endless Battle Clause: Forcing endless battles is banned
|rule|Species Clause: Limit one of each Pokémon
|rule|OHKO Clause: OHKO moves are banned
|rule|Evasion Items Clause: Evasion items are banned
|rule|Evasion Moves Clause: Evasion moves are banned
|rule|Evasion Abilities Clause: Evasion abilities are banned
|rule|Sleep Moves Clause: Sleep-inducing moves are banned
|clearpoke
|poke|p1|Latias, F|
|poke|p1|Garchomp, F|
|poke|p1|Thundurus-Therian, M|
|poke|p1|Slowking-Galar, F|
|poke|p1|Garganacl, F|
|poke|p1|Rillaboom, M|
|poke|p2|Ceruledge, F|
|poke|p2|Tyranitar, M|
|poke|p2|Kingambit, F|
|poke|p2|Zapdos|
|poke|p2|Iron Valiant|
|poke|p2|Clefable, F|
|teampreview
|
|t:|1769399908
|teamsize|p1|6
|teamsize|p2|6
|start
|switch|p1a: Garchomp|Garchomp, F|100/100
|switch|p2a: Clefable|Clefable, F|100/100
|turn|1
|
|t:|1769399915
|switch|p1a: Rillaboom|Rillaboom, M|100/100
|-fieldstart|move: Grassy Terrain|[from] ability: Grassy Surge|[of] p1a: Rillaboom
|move|p2a: Clefable|Stealth Rock|p1a: Rillaboom
|-sidestart|p1: l'agent_yoshimbo|move: Stealth Rock
|
|upkeep
|turn|2
|
|t:|1769399920
|move|p1a: Rillaboom|Knock Off|p2a: Clefable
|-resisted|p2a: Clefable
|-damage|p2a: Clefable|89/100
|-enditem|p2a: Clefable|Leftovers|[from] move: Knock Off|[of] p1a: Rillaboom
|move|p2a: Clefable|Thunder Wave|p1a: Rillaboom
|-status|p1a: Rillaboom|par
|
|-heal|p2a: Clefable|95/100|[from] Grassy Terrain
|upkeep
|turn|3
|
|t:|1769399927
|move|p2a: Clefable|Moonblast|p1a: Rillaboom
|-damage|p1a: Rillaboom|86/100 par
|-unboost|p1a: Rillaboom|spa|1
|move|p1a: Rillaboom|U-turn|p2a: Clefable
|-resisted|p2a: Clefable
|-damage|p2a: Clefable|88/100
|
|t:|1769399936
|switch|p1a: Garganacl|Garganacl, F|100/100|[from] U-turn
|-damage|p1a: Garganacl|88/100|[from] Stealth Rock
|
|-heal|p2a: Clefable|94/100|[from] Grassy Terrain
|-heal|p1a: Garganacl|94/100|[from] Grassy Terrain
|-heal|p1a: Garganacl|100/100|[from] item: Leftovers
|upkeep
|turn|4
|
|t:|1769399946
|move|p2a: Clefable|Moonblast|p1a: Garganacl
|-damage|p1a: Garganacl|80/100
|-unboost|p1a: Garganacl|spa|1
|move|p1a: Garganacl|Salt Cure|p2a: Clefable
|-damage|p2a: Clefable|83/100
|-start|p2a: Clefable|Salt Cure
|
|-heal|p2a: Clefable|89/100|[from] Grassy Terrain
|-heal|p1a: Garganacl|86/100|[from] Grassy Terrain
|-heal|p1a: Garganacl|93/100|[from] item: Leftovers
|upkeep
|turn|5
|
|t:|1769399955
|switch|p2a: Kingambit|Kingambit, F|100/100
|move|p1a: Garganacl|Iron Defense|p1a: Garganacl
|-boost|p1a: Garganacl|def|2
|
|-heal|p1a: Garganacl|99/100|[from] Grassy Terrain
|-heal|p1a: Garganacl|100/100|[from] item: Leftovers
|-fieldend|move: Grassy Terrain
|upkeep
|turn|6
|
|t:|1769399963
|move|p2a: Kingambit|Iron Head|p1a: Garganacl
|-supereffective|p1a: Garganacl
|-damage|p1a: Garganacl|71/100
|cant|p1a: Garganacl|flinch
|
|-heal|p1a: Garganacl|77/100|[from] item: Leftovers
|upkeep
|turn|7
|
|t:|1769399969
|move|p2a: Kingambit|Iron Head|p1a: Garganacl
|-supereffective|p1a: Garganacl
|-damage|p1a: Garganacl|44/100
|move|p1a: Garganacl|Body Press|p2a: Kingambit
|-supereffective|p2a: Kingambit
|-damage|p2a: Kingambit|0 fnt
|faint|p2a: Kingambit
|-end|p2a: Kingambit|fallenundefined|[silent]
|
|-heal|p1a: Garganacl|50/100|[from] item: Leftovers
|upkeep
|
|t:|1769399978
|switch|p2a: Iron Valiant|Iron Valiant|100/100
|-enditem|p2a: Iron Valiant|Booster Energy
|-activate|p2a: Iron Valiant|ability: Quark Drive|[fromitem]
|-start|p2a: Iron Valiant|quarkdrivespe
|turn|8
|
|t:|1769399988
|move|p2a: Iron Valiant|Encore|p1a: Garganacl
|-start|p1a: Garganacl|Encore
|move|p1a: Garganacl|Body Press|p2a: Iron Valiant
|-resisted|p2a: Iron Valiant
|-damage|p2a: Iron Valiant|69/100
|
|-heal|p1a: Garganacl|56/100|[from] item: Leftovers
|upkeep
|turn|9
|
|t:|1769399994
|move|p2a: Iron Valiant|Close Combat|p1a: Garganacl
|-supereffective|p1a: Garganacl
|-damage|p1a: Garganacl|22/100
|-unboost|p2a: Iron Valiant|def|1
|-unboost|p2a: Iron Valiant|spd|1
|move|p1a: Garganacl|Body Press|p2a: Iron Valiant
|-resisted|p2a: Iron Valiant
|-crit|p2a: Iron Valiant
|-damage|p2a: Iron Valiant|2/100
|
|-heal|p1a: Garganacl|28/100|[from] item: Leftovers
|upkeep
|turn|10
|
|t:|1769400003
|move|p2a: Iron Valiant|Close Combat|p1a: Garganacl
|-supereffective|p1a: Garganacl
|-damage|p1a: Garganacl|0 fnt
|-unboost|p2a: Iron Valiant|def|1
|-unboost|p2a: Iron Valiant|spd|1
|faint|p1a: Garganacl
|
|upkeep
|
|t:|1769400007
|switch|p1a: Rillaboom|Rillaboom, M|86/100 par
|-damage|p1a: Rillaboom|73/100 par|[from] Stealth Rock
|-fieldstart|move: Grassy Terrain|[from] ability: Grassy Surge|[of] p1a: Rillaboom
|turn|11
|
|t:|1769400016
|move|p1a: Rillaboom|Grassy Glide|p2a: Iron Valiant
|-damage|p2a: Iron Valiant|0 fnt
|faint|p2a: Iron Valiant
|-end|p2a: Iron Valiant|Quark Drive|[silent]
|
|-heal|p1a: Rillaboom|79/100 par|[from] Grassy Terrain
|upkeep
|
|t:|1769400020
|switch|p2a: Zapdos|Zapdos|100/100
|-ability|p2a: Zapdos|Pressure
|turn|12
|
|t:|1769400025
|move|p2a: Zapdos|Hurricane|p1a: Rillaboom|[miss]
|-miss|p2a: Zapdos|p1a: Rillaboom
|move|p1a: Rillaboom|Knock Off|p2a: Zapdos
|-damage|p2a: Zapdos|73/100
|-enditem|p2a: Zapdos|Assault Vest|[from] move: Knock Off|[of] p1a: Rillaboom
|
|-heal|p1a: Rillaboom|86/100 par|[from] Grassy Terrain
|upkeep
|turn|13
|
|t:|1769400031
|move|p2a: Zapdos|Hurricane|p1a: Rillaboom
|-supereffective|p1a: Rillaboom
|-damage|p1a: Rillaboom|29/100 par
|move|p1a: Rillaboom|Drum Beating|p2a: Zapdos
|-resisted|p2a: Zapdos
|-damage|p2a: Zapdos|48/100
|-unboost|p2a: Zapdos|spe|1
|
|-heal|p1a: Rillaboom|35/100 par|[from] Grassy Terrain
|upkeep
|turn|14
|
|t:|1769400043
|move|p2a: Zapdos|Hurricane|p1a: Rillaboom|[miss]
|-miss|p2a: Zapdos|p1a: Rillaboom
|move|p1a: Rillaboom|Drum Beating|p2a: Zapdos
|-resisted|p2a: Zapdos
|-damage|p2a: Zapdos|25/100
|-unboost|p2a: Zapdos|spe|1
|
|-heal|p1a: Rillaboom|42/100 par|[from] Grassy Terrain
|upkeep
|turn|15
|
|t:|1769400047
|move|p2a: Zapdos|Hurricane|p1a: Rillaboom
|-supereffective|p1a: Rillaboom
|-damage|p1a: Rillaboom|0 fnt
|faint|p1a: Rillaboom
|
|-fieldend|move: Grassy Terrain
|upkeep
|
|t:|1769400055
|switch|p1a: Thundurus|Thundurus-Therian, M|100/100
|-damage|p1a: Thundurus|76/100|[from] Stealth Rock
|turn|16
|
|t:|1769400058
|move|p1a: Thundurus|Volt Switch|p2a: Zapdos
|-damage|p2a: Zapdos|0 fnt
|faint|p2a: Zapdos
|
|t:|1769400061
|switch|p1a: Slowking|Slowking-Galar, F|100/100|[from] Volt Switch
|
|upkeep
|
|t:|1769400073
|switch|p2a: Ceruledge|Ceruledge, F|100/100
|turn|17
|
|t:|1769400078
|move|p2a: Ceruledge|Poltergeist|p1a: Slowking
|-activate|p1a: Slowking|move: Poltergeist|Heavy-Duty Boots
|-supereffective|p1a: Slowking
|-damage|p1a: Slowking|6/100
|move|p1a: Slowking|Toxic|p2a: Ceruledge
|-status|p2a: Ceruledge|tox
|
|-damage|p2a: Ceruledge|94/100 tox|[from] psn
|upkeep
|turn|18
|
|t:|1769400085
|move|p2a: Ceruledge|Shadow Sneak|p1a: Slowking
|-supereffective|p1a: Slowking
|-damage|p1a: Slowking|0 fnt
|faint|p1a: Slowking
|
|-damage|p2a: Ceruledge|82/100 tox|[from] psn
|upkeep
|
|t:|1769400089
|switch|p1a: Garchomp|Garchomp, F|100/100
|-damage|p1a: Garchomp|94/100|[from] Stealth Rock
|turn|19
|
|t:|1769400095
|switch|p2a: Clefable|Clefable, F|89/100
|move|p1a: Garchomp|Dragon Tail|p2a: Clefable
|-immune|p2a: Clefable
|
|upkeep
|turn|20
|
|t:|1769400103
|move|p1a: Garchomp|Earthquake|p2a: Clefable
|-crit|p2a: Clefable
|-damage|p2a: Clefable|42/100
|move|p2a: Clefable|Moonblast|p1a: Garchomp
|-supereffective|p1a: Garchomp
|-damage|p1a: Garchomp|37/100
|
|upkeep
|turn|21
|
|t:|1769400110
|move|p1a: Garchomp|Earthquake|p2a: Clefable
|-damage|p2a: Clefable|7/100
|move|p2a: Clefable|Moonlight|p2a: Clefable
|-heal|p2a: Clefable|57/100
|
|upkeep
|turn|22
|
|t:|1769400114
|move|p1a: Garchomp|Swords Dance|p1a: Garchomp
|-boost|p1a: Garchomp|atk|2
|move|p2a: Clefable|Moonlight|p2a: Clefable
|-heal|p2a: Clefable|100/100
|
|upkeep
|turn|23
|
|t:|1769400117
|move|p1a: Garchomp|Earthquake|p2a: Clefable
|-damage|p2a: Clefable|32/100
|move|p2a: Clefable|Moonblast|p1a: Garchomp
|-supereffective|p1a: Garchomp
|-damage|p1a: Garchomp|0 fnt
|faint|p1a: Garchomp
|
|upkeep
|
|t:|1769400121
|switch|p1a: Latias|Latias, F|100/100
|-damage|p1a: Latias|88/100|[from] Stealth Rock
|turn|24
|
|t:|1769400125
|-terastallize|p1a: Latias|Steel
|move|p1a: Latias|Calm Mind|p1a: Latias
|-boost|p1a: Latias|spa|1
|-boost|p1a: Latias|spd|1
|move|p2a: Clefable|Thunder Wave|p1a: Latias
|-status|p1a: Latias|par
|
|-heal|p1a: Latias|94/100 par|[from] item: Leftovers
|upkeep
|turn|25
|
|t:|1769400132
|switch|p2a: Ceruledge|Ceruledge, F|82/100 tox
|cant|p1a: Latias|par
|
|-heal|p1a: Latias|100/100 par|[from] item: Leftovers
|-damage|p2a: Ceruledge|76/100 tox|[from] psn
|upkeep
|turn|26
|
|t:|1769400139
|switch|p1a: Thundurus|Thundurus-Therian, M|76/100
|-damage|p1a: Thundurus|51/100|[from] Stealth Rock
|move|p2a: Ceruledge|Bitter Blade|p1a: Thundurus
|-damage|p1a: Thundurus|0 fnt
|-heal|p2a: Ceruledge|100/100 tox|[from] drain|[of] p1a: Thundurus
|faint|p1a: Thundurus
|
|-damage|p2a: Ceruledge|88/100 tox|[from] psn
|upkeep
|
|t:|1769400141
|switch|p1a: Latias|Latias, F, tera:Steel|100/100 par
|-damage|p1a: Latias|94/100 par|[from] Stealth Rock
|turn|27
|
|t:|1769400147
|-terastallize|p2a: Ceruledge|Fire
|move|p2a: Ceruledge|Bitter Blade|p1a: Latias
|-supereffective|p1a: Latias
|-damage|p1a: Latias|0 fnt
|-heal|p2a: Ceruledge|100/100 tox|[from] drain|[of] p1a: Latias
|faint|p1a: Latias
|
|win|bigpapajugnut
|raw|l&apos;agent_yoshimbo's rating: 1128 &rarr; <strong>1107</strong><br />(-21 for losing)
|raw|bigpapajugnut's rating: 1178 &rarr; <strong>1199</strong><br />(+21 for winning)
