|j|☆Blungebobb
|j|☆klini
|t:|1769421439
|gametype|singles
|player|p1|Blungebobb|steven|1395
|player|p2|klini|morgan|1338
|gen|9
|tier|[Gen 9] OU
|rated|
|rule|HP Percentage Mod: HP is shown in percentages
|rule|Endless Battle Clause: Forcing endless battles is banned
|rule|Species Clause: Limit one of each Pokémon
|rule|OHKO Clause: OHKO moves are banned
|rule|Evasion Items Clause: Evasion items are banned
|rule|Evasion Moves Clause: Evasion moves are banned
|rule|Evasion Abilities Clause: Evasion abilities are banned
|rule|Sleep Moves Clause: Sleep-inducing moves are banned
|clearpoke
|poke|p1|Landorus-Therian, M|
|poke|p1|Pelipper, M|
|poke|p1|Barraskewda, M|
|poke|p1|Ludicolo, M|
|poke|p1|Basculegion-F, F|
|poke|p1|Iron Treads|
|poke|p2|Great Tusk|
|poke|p2|Ogerpon-Wellspring, F|
|poke|p2|Iron Valiant|
|poke|p2|Slowking-Galar, F|
|poke|p2|Kyurem|
|poke|p2|Skarmory, M|
|teampreview
|inactive|Battle timer is ON: inactive players will automatically lose when time's up. (requested by klini)
|
|t:|1769421475
|teamsize|p1|6
|teamsize|p2|6
|start
|switch|p1a: Pelipper|Pelipper, M|100/100
|switch|p2a: Slowking|Slowking-Galar, F|100/100
|-weather|RainDance|[from] ability: Drizzle|[of] p1a: Pelipper
|turn|1
|
|t:|1769421490
|move|p1a: Pelipper|U-turn|p2a: Slowking
|-damage|p2a: Slowking|91/100
|
|t:|1769421496
|switch|p1a: Iron Treads|Iron Treads|100/100|[from] U-turn
|-prepare|p2a: Slowking|Chilly Reception|[premajor]
|move|p2a: Slowking|Chilly Reception|p2a: Slowking
|-weather|Snowscape
|
|t:|1769421505
|switch|p2a: Ogerpon|Ogerpon-Wellspring, F|100/100|[from] Chilly Reception
|
|-weather|Snowscape|[upkeep]
|upkeep
|turn|2
|
|t:|1769421513
|-end|p1a: Iron Treads|Quark Drive|[silent]
|switch|p1a: Pelipper|Pelipper, M|100/100
|-weather|RainDance|[from] ability: Drizzle|[of] p1a: Pelipper
|move|p2a: Ogerpon|Ivy Cudgel|p1a: Pelipper|[anim] Ivy Cudgel Water
|-resisted|p1a: Pelipper
|-damage|p1a: Pelipper|69/100
|
|-weather|RainDance|[upkeep]
|upkeep
|turn|3
|
|t:|1769421525
|switch|p2a: Slowking|Slowking-Galar, F|100/100
|move|p1a: Pelipper|U-turn|p2a: Slowking
|-damage|p2a: Slowking|91/100
|
|t:|1769421531
|switch|p1a: Basculegion|Basculegion-F, F|100/100|[from] U-turn
|
|-weather|RainDance|[upkeep]
|upkeep
|turn|4
|
|t:|1769421544
|-terastallize|p2a: Slowking|Water
|move|p1a: Basculegion|Shadow Ball|p2a: Slowking
|-damage|p2a: Slowking|61/100
|-unboost|p2a: Slowking|spd|1
|-damage|p1a: Basculegion|91/100|[from] item: Life Orb
|-prepare|p2a: Slowking|Chilly Reception|[premajor]
|move|p2a: Slowking|Chilly Reception|p2a: Slowking
|-weather|Snowscape
|
|t:|1769421562
|switch|p2a: Kyurem|Kyurem|100/100|[from] Chilly Reception
|-ability|p2a: Kyurem|Pressure
|
|-weather|Snowscape|[upkeep]
|upkeep
|turn|5
|
|t:|1769421567
|switch|p1a: Iron Treads|Iron Treads|100/100
|move|p2a: Kyurem|Freeze-Dry|p1a: Iron Treads
|-damage|p1a: Iron Treads|70/100
|-status|p1a: Iron Treads|frz
|
|-weather|Snowscape|[upkeep]
|upkeep
|turn|6
|
|t:|1769421577
|move|p2a: Kyurem|Freeze-Dry|p1a: Iron Treads
|-damage|p1a: Iron Treads|43/100 frz
|cant|p1a: Iron Treads|frz
|
|-weather|Snowscape|[upkeep]
|upkeep
|turn|7
|
|t:|1769421582
|move|p2a: Kyurem|Freeze-Dry|p1a: Iron Treads
|-damage|p1a: Iron Treads|14/100 frz
|cant|p1a: Iron Treads|frz
|
|-weather|Snowscape|[upkeep]
|upkeep
|turn|8
|
|t:|1769421587
|move|p2a: Kyurem|Freeze-Dry|p1a: Iron Treads
|-damage|p1a: Iron Treads|0 fnt
|faint|p1a: Iron Treads
|-end|p1a: Iron Treads|Quark Drive|[silent]
|
|-weather|none
|upkeep
|
|t:|1769421592
|switch|p1a: Barraskewda|Barraskewda, M|100/100
|turn|9
|
|t:|1769421595
|switch|p2a: Skarmory|Skarmory, M|100/100
|move|p1a: Barraskewda|Close Combat|p2a: Skarmory
|-damage|p2a: Skarmory|62/100
|-unboost|p1a: Barraskewda|def|1
|-unboost|p1a: Barraskewda|spd|1
|-damage|p1a: Barraskewda|84/100|[from] item: Rocky Helmet|[of] p2a: Skarmory
|
|upkeep
|turn|10
|
|t:|1769421602
|switch|p1a: Pelipper|Pelipper, M|69/100
|-weather|RainDance|[from] ability: Drizzle|[of] p1a: Pelipper
|move|p2a: Skarmory|Stealth Rock|p1a: Pelipper
|-sidestart|p1: Blungebobb|move: Stealth Rock
|
|-weather|RainDance|[upkeep]
|upkeep
|turn|11
|
|t:|1769421610
|switch|p2a: Slowking|Slowking-Galar, F, tera:Water|95/100
|move|p1a: Pelipper|U-turn|p2a: Slowking
|-damage|p2a: Slowking|86/100
|
|t:|1769421619
|switch|p1a: Ludicolo|Ludicolo, M|100/100|[from] U-turn
|-damage|p1a: Ludicolo|88/100|[from] Stealth Rock
|
|-weather|RainDance|[upkeep]
|upkeep
|turn|12
|
|t:|1769421629
|move|p1a: Ludicolo|Giga Drain|p2a: Slowking
|-supereffective|p2a: Slowking
|-damage|p2a: Slowking|36/100
|-heal|p1a: Ludicolo|100/100|[from] drain|[of] p2a: Slowking
|-damage|p1a: Ludicolo|91/100|[from] item: Life Orb
|-prepare|p2a: Slowking|Chilly Reception|[premajor]
|move|p2a: Slowking|Chilly Reception|p2a: Slowking
|-weather|Snowscape
|
|t:|1769421637
|switch|p2a: Kyurem|Kyurem|100/100|[from] Chilly Reception
|-ability|p2a: Kyurem|Pressure
|
|-weather|Snowscape|[upkeep]
|upkeep
|turn|13
|
|t:|1769421643
|switch|p1a: Pelipper|Pelipper, M|69/100
|-damage|p1a: Pelipper|44/100|[from] Stealth Rock
|-weather|RainDance|[from] ability: Drizzle|[of] p1a: Pelipper
|move|p2a: Kyurem|Freeze-Dry|p1a: Pelipper
|-supereffective|p1a: Pelipper
|-damage|p1a: Pelipper|0 fnt
|faint|p1a: Pelipper
|
|-weather|RainDance|[upkeep]
|upkeep
|
|t:|1769421654
|switch|p1a: Barraskewda|Barraskewda, M|84/100
|-damage|p1a: Barraskewda|72/100|[from] Stealth Rock
|turn|14
|
|t:|1769421680
|switch|p2a: Skarmory|Skarmory, M|62/100
|move|p1a: Barraskewda|Close Combat|p2a: Skarmory
|-damage|p2a: Skarmory|19/100
|-unboost|p1a: Barraskewda|def|1
|-unboost|p1a: Barraskewda|spd|1
|-damage|p1a: Barraskewda|56/100|[from] item: Rocky Helmet|[of] p2a: Skarmory
|
|-weather|RainDance|[upkeep]
|upkeep
|turn|15
|inactive|klini has 120 seconds left.
|
|t:|1769421708
|switch|p2a: Iron Valiant|Iron Valiant|100/100
|-enditem|p2a: Iron Valiant|Booster Energy
|-activate|p2a: Iron Valiant|ability: Quark Drive|[fromitem]
|-start|p2a: Iron Valiant|quarkdrivespe
|move|p1a: Barraskewda|Close Combat|p2a: Iron Valiant
|-resisted|p2a: Iron Valiant
|-damage|p2a: Iron Valiant|56/100
|-unboost|p1a: Barraskewda|def|1
|-unboost|p1a: Barraskewda|spd|1
|
|-weather|RainDance|[upkeep]
|upkeep
|turn|16
|
|t:|1769421724
|switch|p1a: Landorus|Landorus-Therian, M|100/100
|-damage|p1a: Landorus|88/100|[from] Stealth Rock
|-ability|p1a: Landorus|Intimidate|boost
|-unboost|p2a: Iron Valiant|atk|1
|move|p2a: Iron Valiant|Moonblast|p1a: Landorus
|-damage|p1a: Landorus|29/100
|
|-weather|RainDance|[upkeep]
|upkeep
|turn|17
|
|t:|1769421731
|move|p2a: Iron Valiant|Moonblast|p1a: Landorus
|-damage|p1a: Landorus|0 fnt
|faint|p1a: Landorus
|
|-weather|RainDance|[upkeep]
|upkeep
|
|t:|1769421734
|switch|p1a: Ludicolo|Ludicolo, M|91/100
|-damage|p1a: Ludicolo|78/100|[from] Stealth Rock
|turn|18
|
|t:|1769421745
|-end|p2a: Iron Valiant|Quark Drive|[silent]
|switch|p2a: Skarmory|Skarmory, M|19/100
|move|p1a: Ludicolo|Giga Drain|p2a: Skarmory
|-resisted|p2a: Skarmory
|-damage|p2a: Skarmory|5/100
|-heal|p1a: Ludicolo|86/100|[from] drain|[of] p2a: Skarmory
|-damage|p1a: Ludicolo|76/100|[from] item: Life Orb
|
|-weather|RainDance|[upkeep]
|upkeep
|turn|19
|
|t:|1769421752
|move|p1a: Ludicolo|Giga Drain|p2a: Skarmory
|-resisted|p2a: Skarmory
|-damage|p2a: Skarmory|0 fnt
|-heal|p1a: Ludicolo|79/100|[from] drain|[of] p2a: Skarmory
|faint|p2a: Skarmory
|-damage|p1a: Ludicolo|69/100|[from] item: Life Orb
|
|-weather|RainDance|[upkeep]
|upkeep
|
|t:|1769421756
|switch|p2a: Slowking|Slowking-Galar, F, tera:Water|69/100
|turn|20
|
|t:|1769421763
|move|p1a: Ludicolo|Giga Drain|p2a: Slowking
|-supereffective|p2a: Slowking
|-damage|p2a: Slowking|17/100
|-heal|p1a: Ludicolo|100/100|[from] drain|[of] p2a: Slowking
|-damage|p1a: Ludicolo|91/100|[from] item: Life Orb
|-prepare|p2a: Slowking|Chilly Reception|[premajor]
|move|p2a: Slowking|Chilly Reception|p2a: Slowking
|-weather|Snowscape
|
|t:|1769421767
|switch|p2a: Kyurem|Kyurem|100/100|[from] Chilly Reception
|-ability|p2a: Kyurem|Pressure
|
|-weather|Snowscape|[upkeep]
|upkeep
|turn|21
|
|t:|1769421774
|move|p2a: Kyurem|Freeze-Dry|p1a: Ludicolo
|-supereffective|p1a: Ludicolo
|-damage|p1a: Ludicolo|0 fnt
|faint|p1a: Ludicolo
|
|-weather|Snowscape|[upkeep]
|upkeep
|-message|Blungebobb forfeited.
|
|win|klini
|raw|Blungebobb's rating: 1395 &rarr; <strong>1372</strong><br />(-23 for losing)
|raw|klini's rating: 1338 &rarr; <strong>1361</strong><br />(+23 for winning)
|l|☆Blungebobb
|player|p1|
|l|☆klini
|player|p2|
