|j|☆aquagoboom
|j|☆SquilliamTG
|t:|1769406282
|gametype|singles
|player|p1|aquagoboom|170|1524
|player|p2|SquilliamTG|silver|1569
|gen|9
|tier|[Gen 9] OU
|rated|
|rule|HP Percentage Mod: HP is shown in percentages
|rule|Endless Battle Clause: Forcing endless battles is banned
|rule|Species Clause: Limit one of each Pokémon
|rule|OHKO Clause: OHKO moves are banned
|rule|Evasion Items Clause: Evasion items are banned
|rule|Evasion Moves Clause: Evasion moves are banned
|rule|Evasion Abilities Clause: Evasion abilities are banned
|rule|Sleep Moves Clause: Sleep-inducing moves are banned
|clearpoke
|poke|p1|Tyranitar, M|
|poke|p1|Excadrill, M|
|poke|p1|Iron Valiant|
|poke|p1|Toxapex, M|
|poke|p1|Tornadus-Therian, M|
|poke|p1|Ogerpon-Cornerstone, F|
|poke|p2|Great Tusk|
|poke|p2|Magnezone|
|poke|p2|Slowking-Galar, M|
|poke|p2|Dragonite, F|
|poke|p2|Alomomola, M|
|poke|p2|Zamazenta-*|
|teampreview
|inactive|Battle timer is ON: inactive players will automatically lose when time's up. (requested by SquilliamTG)
|
|t:|1769406298
|teamsize|p1|6
|teamsize|p2|6
|start
|switch|p1a: Tyranitar|Tyranitar, M, shiny|100/100
|switch|p2a: Great Tusk|Great Tusk|100/100
|-weather|Sandstorm|[from] ability: Sand Stream|[of] p1a: Tyranitar
|turn|1
|
|t:|1769406305
|switch|p1a: Toxapex|Toxapex, M, shiny|100/100
|move|p2a: Great Tusk|Stealth Rock|p1a: Toxapex
|-sidestart|p1: aquagoboom|move: Stealth Rock
|
|-weather|Sandstorm|[upkeep]
|-damage|p1a: Toxapex|95/100|[from] Sandstorm
|upkeep
|turn|2
|
|t:|1769406319
|-end|p2a: Great Tusk|Protosynthesis|[silent]
|switch|p2a: Slowking|Slowking-Galar, M|100/100
|move|p1a: Toxapex|Toxic|p2a: Slowking
|-immune|p2a: Slowking
|
|-weather|Sandstorm|[upkeep]
|-damage|p1a: Toxapex|89/100|[from] Sandstorm
|-damage|p2a: Slowking|94/100|[from] Sandstorm
|upkeep
|turn|3
|
|t:|1769406326
|switch|p1a: Excadrill|Excadrill, M, shiny|100/100
|-damage|p1a: Excadrill|97/100|[from] Stealth Rock
|-prepare|p2a: Slowking|Chilly Reception|[premajor]
|move|p2a: Slowking|Chilly Reception|p2a: Slowking
|-weather|Snowscape
|
|t:|1769406333
|switch|p2a: Zamazenta|Zamazenta|100/100|[from] Chilly Reception
|-ability|p2a: Zamazenta|Dauntless Shield|boost
|-boost|p2a: Zamazenta|def|1
|
|-weather|Snowscape|[upkeep]
|-heal|p1a: Excadrill|100/100|[from] item: Leftovers
|upkeep
|turn|4
|
|t:|1769406340
|switch|p1a: Toxapex|Toxapex, M, shiny|100/100
|-damage|p1a: Toxapex|88/100|[from] Stealth Rock
|move|p2a: Zamazenta|Close Combat|p1a: Toxapex
|-resisted|p1a: Toxapex
|-damage|p1a: Toxapex|60/100
|-unboost|p2a: Zamazenta|def|1
|-unboost|p2a: Zamazenta|spd|1
|-enditem|p1a: Toxapex|Eject Button
|
|t:|1769406344
|switch|p1a: Tornadus|Tornadus-Therian, M|100/100
|-damage|p1a: Tornadus|76/100|[from] Stealth Rock
|
|-weather|Snowscape|[upkeep]
|upkeep
|turn|5
|
|t:|1769406354
|switch|p2a: Slowking|Slowking-Galar, M|100/100
|move|p1a: Tornadus|U-turn|p2a: Slowking
|-damage|p2a: Slowking|86/100
|
|t:|1769406359
|switch|p1a: Excadrill|Excadrill, M, shiny|100/100|[from] U-turn
|-damage|p1a: Excadrill|97/100|[from] Stealth Rock
|
|-weather|Snowscape|[upkeep]
|-heal|p1a: Excadrill|100/100|[from] item: Leftovers
|upkeep
|turn|6
|
|t:|1769406366
|switch|p2a: Alomomola|Alomomola, M|100/100
|move|p1a: Excadrill|Rapid Spin|p2a: Alomomola
|-crit|p2a: Alomomola
|-damage|p2a: Alomomola|84/100
|-boost|p1a: Excadrill|spe|1
|-sideend|p1: aquagoboom|Stealth Rock|[from] move: Rapid Spin|[of] p1a: Excadrill
|
|-weather|Snowscape|[upkeep]
|upkeep
|turn|7
|
|t:|1769406373
|move|p1a: Excadrill|Substitute|p1a: Excadrill
|-start|p1a: Excadrill|Substitute
|-damage|p1a: Excadrill|76/100
|move|p2a: Alomomola|Scald|p1a: Excadrill
|-supereffective|p1a: Excadrill
|-end|p1a: Excadrill|Substitute
|
|-weather|none
|-heal|p1a: Excadrill|82/100|[from] item: Leftovers
|upkeep
|turn|8
|
|t:|1769406382
|switch|p1a: Tyranitar|Tyranitar, M, shiny|100/100
|-weather|Sandstorm|[from] ability: Sand Stream|[of] p1a: Tyranitar
|move|p2a: Alomomola|Flip Turn|p1a: Tyranitar
|-supereffective|p1a: Tyranitar
|-damage|p1a: Tyranitar|69/100
|
|t:|1769406389
|switch|p2a: Great Tusk|Great Tusk|100/100|[from] Flip Turn
|
|-weather|Sandstorm|[upkeep]
|upkeep
|turn|9
|
|t:|1769406394
|move|p2a: Great Tusk|Stealth Rock|p1a: Tyranitar
|-sidestart|p1: aquagoboom|move: Stealth Rock
|move|p1a: Tyranitar|Ice Punch|p2a: Great Tusk
|-supereffective|p2a: Great Tusk
|-damage|p2a: Great Tusk|54/100
|
|-weather|Sandstorm|[upkeep]
|upkeep
|turn|10
|
|t:|1769406404
|switch|p1a: Tornadus|Tornadus-Therian, M|100/100
|-damage|p1a: Tornadus|76/100|[from] Stealth Rock
|move|p2a: Great Tusk|Ice Spinner|p1a: Tornadus
|-supereffective|p1a: Tornadus
|-damage|p1a: Tornadus|0 fnt
|faint|p1a: Tornadus
|
|-weather|Sandstorm|[upkeep]
|upkeep
|
|t:|1769406411
|switch|p1a: Excadrill|Excadrill, M, shiny|82/100
|-damage|p1a: Excadrill|79/100|[from] Stealth Rock
|turn|11
|
|t:|1769406425
|-terastallize|p1a: Excadrill|Ground
|move|p1a: Excadrill|Earthquake|p2a: Great Tusk
|-damage|p2a: Great Tusk|1/100
|move|p2a: Great Tusk|Ice Spinner|p1a: Excadrill
|-supereffective|p1a: Excadrill
|-damage|p1a: Excadrill|2/100
|
|-weather|Sandstorm|[upkeep]
|-heal|p1a: Excadrill|8/100|[from] item: Leftovers
|upkeep
|turn|12
|
|t:|1769406434
|-end|p2a: Great Tusk|Protosynthesis|[silent]
|switch|p2a: Alomomola|Alomomola, M|100/100
|move|p1a: Excadrill|Rapid Spin|p2a: Alomomola
|-damage|p2a: Alomomola|91/100
|-boost|p1a: Excadrill|spe|1
|-sideend|p1: aquagoboom|Stealth Rock|[from] move: Rapid Spin|[of] p1a: Excadrill
|
|-weather|Sandstorm|[upkeep]
|-damage|p2a: Alomomola|84/100|[from] Sandstorm
|-heal|p1a: Excadrill|14/100|[from] item: Leftovers
|upkeep
|turn|13
|
|t:|1769406444
|move|p1a: Excadrill|Earthquake|p2a: Alomomola
|-damage|p2a: Alomomola|44/100
|move|p2a: Alomomola|Flip Turn|p1a: Excadrill
|-supereffective|p1a: Excadrill
|-damage|p1a: Excadrill|0 fnt
|faint|p1a: Excadrill
|
|t:|1769406458
|switch|p2a: Magnezone|Magnezone|100/100|[from] Flip Turn
|
|-weather|Sandstorm|[upkeep]
|upkeep
|
|t:|1769406464
|switch|p1a: Ogerpon|Ogerpon-Cornerstone, F|100/100
|turn|14
|
|t:|1769406467
|move|p1a: Ogerpon|Low Kick|p2a: Magnezone
|-supereffective|p2a: Magnezone
|-damage|p2a: Magnezone|12/100
|move|p2a: Magnezone|Volt Switch|p1a: Ogerpon
|-resisted|p1a: Ogerpon
|-damage|p1a: Ogerpon|81/100
|
|t:|1769406473
|switch|p2a: Zamazenta|Zamazenta|100/100|[from] Volt Switch
|
|-weather|Sandstorm|[upkeep]
|-damage|p2a: Zamazenta|94/100|[from] Sandstorm
|upkeep
|turn|15
|
|t:|1769406482
|switch|p2a: Slowking|Slowking-Galar, M|100/100
|switch|p1a: Toxapex|Toxapex, M, shiny|93/100
|
|-weather|none
|upkeep
|turn|16
|
|t:|1769406488
|switch|p1a: Ogerpon|Ogerpon-Cornerstone, F|81/100
|-prepare|p2a: Slowking|Chilly Reception|[premajor]
|move|p2a: Slowking|Chilly Reception|p2a: Slowking
|-weather|Snowscape
|
|t:|1769406493
|switch|p2a: Zamazenta|Zamazenta|94/100|[from] Chilly Reception
|
|-weather|Snowscape|[upkeep]
|upkeep
|turn|17
|
|t:|1769406497
|switch|p1a: Toxapex|Toxapex, M, shiny|100/100
|move|p2a: Zamazenta|Close Combat|p1a: Toxapex
|-resisted|p1a: Toxapex
|-damage|p1a: Toxapex|71/100
|-unboost|p2a: Zamazenta|def|1
|-unboost|p2a: Zamazenta|spd|1
|
|-weather|Snowscape|[upkeep]
|upkeep
|turn|18
|
|t:|1769406505
|switch|p2a: Slowking|Slowking-Galar, M|100/100
|switch|p1a: Tyranitar|Tyranitar, M, shiny|69/100
|-weather|Sandstorm|[from] ability: Sand Stream|[of] p1a: Tyranitar
|
|-weather|Sandstorm|[upkeep]
|-damage|p2a: Slowking|94/100|[from] Sandstorm
|upkeep
|turn|19
|
|t:|1769406514
|switch|p2a: Alomomola|Alomomola, M|78/100
|move|p1a: Tyranitar|Knock Off|p2a: Alomomola
|-damage|p2a: Alomomola|47/100
|-enditem|p2a: Alomomola|Heavy-Duty Boots|[from] move: Knock Off|[of] p1a: Tyranitar
|
|-weather|Sandstorm|[upkeep]
|-damage|p2a: Alomomola|41/100|[from] Sandstorm
|upkeep
|turn|20
|
|t:|1769406523
|move|p1a: Tyranitar|Stealth Rock|p2a: Alomomola
|-sidestart|p2: SquilliamTG|move: Stealth Rock
|move|p2a: Alomomola|Flip Turn|p1a: Tyranitar
|-supereffective|p1a: Tyranitar
|-damage|p1a: Tyranitar|41/100
|
|t:|1769406528
|switch|p2a: Great Tusk|Great Tusk|1/100|[from] Flip Turn
|
|-weather|Sandstorm|[upkeep]
|upkeep
|turn|21
|
|t:|1769406543
|move|p2a: Great Tusk|Headlong Rush|p1a: Tyranitar
|-supereffective|p1a: Tyranitar
|-damage|p1a: Tyranitar|0 fnt
|-unboost|p2a: Great Tusk|def|1
|-unboost|p2a: Great Tusk|spd|1
|faint|p1a: Tyranitar
|
|-weather|Sandstorm|[upkeep]
|upkeep
|j| UltraEmo
|
|t:|1769406550
|switch|p1a: Ogerpon|Ogerpon-Cornerstone, F|81/100
|turn|22
|
|t:|1769406565
|-end|p2a: Great Tusk|Protosynthesis|[silent]
|switch|p2a: Magnezone|Magnezone|12/100
|-damage|p2a: Magnezone|6/100|[from] Stealth Rock
|move|p1a: Ogerpon|Knock Off|p2a: Magnezone
|-damage|p2a: Magnezone|0 fnt
|-enditem|p2a: Magnezone|Choice Specs|[from] move: Knock Off|[of] p1a: Ogerpon
|faint|p2a: Magnezone
|
|-weather|Sandstorm|[upkeep]
|upkeep
|
|t:|1769406574
|switch|p2a: Zamazenta|Zamazenta|94/100
|-damage|p2a: Zamazenta|88/100|[from] Stealth Rock
|turn|23
|
|t:|1769406582
|switch|p2a: Great Tusk|Great Tusk|1/100
|move|p1a: Ogerpon|Knock Off|p2a: Great Tusk
|-resisted|p2a: Great Tusk
|-damage|p2a: Great Tusk|0 fnt
|-enditem|p2a: Great Tusk|Heavy-Duty Boots|[from] move: Knock Off|[of] p1a: Ogerpon
|faint|p2a: Great Tusk
|-end|p2a: Great Tusk|Protosynthesis|[silent]
|
|-weather|Sandstorm|[upkeep]
|upkeep
|
|t:|1769406593
|switch|p2a: Dragonite|Dragonite, F|100/100
|turn|24
|
|t:|1769406601
|-terastallize|p2a: Dragonite|Normal
|move|p1a: Ogerpon|Ivy Cudgel|p2a: Dragonite|[anim] Ivy Cudgel Rock
|-damage|p2a: Dragonite|70/100
|move|p2a: Dragonite|Dragon Dance|p2a: Dragonite
|-boost|p2a: Dragonite|atk|1
|-boost|p2a: Dragonite|spe|1
|
|-weather|Sandstorm|[upkeep]
|-damage|p2a: Dragonite|63/100|[from] Sandstorm
|upkeep
|turn|25
|
|t:|1769406609
|move|p2a: Dragonite|Earthquake|p1a: Ogerpon
|-damage|p1a: Ogerpon|15/100
|move|p1a: Ogerpon|Low Kick|p2a: Dragonite
|-supereffective|p2a: Dragonite
|-damage|p2a: Dragonite|0 fnt
|faint|p2a: Dragonite
|
|-weather|none
|upkeep
|
|t:|1769406616
|switch|p2a: Zamazenta|Zamazenta|88/100
|-damage|p2a: Zamazenta|82/100|[from] Stealth Rock
|turn|26
|
|t:|1769406622
|switch|p1a: Toxapex|Toxapex, M, shiny|100/100
|move|p2a: Zamazenta|Close Combat|p1a: Toxapex
|-resisted|p1a: Toxapex
|-damage|p1a: Toxapex|74/100
|-unboost|p2a: Zamazenta|def|1
|-unboost|p2a: Zamazenta|spd|1
|
|upkeep
|turn|27
|
|t:|1769406630
|switch|p2a: Slowking|Slowking-Galar, M|100/100
|switch|p1a: Ogerpon|Ogerpon-Cornerstone, F|15/100
|
|upkeep
|turn|28
|
|t:|1769406636
|switch|p2a: Zamazenta|Zamazenta|82/100
|-damage|p2a: Zamazenta|76/100|[from] Stealth Rock
|move|p1a: Ogerpon|Knock Off|p2a: Zamazenta
|-resisted|p2a: Zamazenta
|-damage|p2a: Zamazenta|59/100
|-enditem|p2a: Zamazenta|Choice Band|[from] move: Knock Off|[of] p1a: Ogerpon
|
|upkeep
|turn|29
|
|t:|1769406644
|switch|p2a: Slowking|Slowking-Galar, M|100/100
|switch|p1a: Toxapex|Toxapex, M, shiny|100/100
|
|upkeep
|turn|30
|
|t:|1769406650
|move|p1a: Toxapex|Haze|p1a: Toxapex
|-clearallboost
|move|p2a: Slowking|Future Sight|p1a: Toxapex
|-start|p2a: Slowking|move: Future Sight
|
|upkeep
|turn|31
|l| UltraEmo
|
|t:|1769406656
|move|p1a: Toxapex|Toxic|p2a: Slowking
|-immune|p2a: Slowking
|move|p2a: Slowking|Sludge Bomb|p1a: Toxapex
|-resisted|p1a: Toxapex
|-damage|p1a: Toxapex|89/100
|
|upkeep
|turn|32
|
|t:|1769406663
|move|p1a: Toxapex|Toxic|p2a: Slowking
|-immune|p2a: Slowking
|move|p2a: Slowking|Sludge Bomb|p1a: Toxapex
|-resisted|p1a: Toxapex
|-damage|p1a: Toxapex|77/100
|
|-end|p1a: Toxapex|move: Future Sight
|-supereffective|p1a: Toxapex
|-damage|p1a: Toxapex|13/100
|upkeep
|turn|33
|
|t:|1769406670
|switch|p1a: Ogerpon|Ogerpon-Cornerstone, F|15/100
|move|p2a: Slowking|Sludge Bomb|p1a: Ogerpon
|-damage|p1a: Ogerpon|0 fnt
|faint|p1a: Ogerpon
|
|upkeep
|
|t:|1769406675
|switch|p1a: Iron Valiant|Iron Valiant, shiny|100/100
|turn|34
|
|t:|1769406678
|move|p1a: Iron Valiant|Shadow Ball|p2a: Slowking
|-supereffective|p2a: Slowking
|-damage|p2a: Slowking|56/100
|move|p2a: Slowking|Sludge Bomb|p1a: Iron Valiant
|-supereffective|p1a: Iron Valiant
|-damage|p1a: Iron Valiant|0 fnt
|faint|p1a: Iron Valiant
|-end|p1a: Iron Valiant|Quark Drive|[silent]
|
|upkeep
|-message|aquagoboom forfeited.
|
|win|SquilliamTG
|raw|aquagoboom's rating: 1524 &rarr; <strong>1507</strong><br />(-17 for losing)
|raw|SquilliamTG's rating: 1569 &rarr; <strong>1586</strong><br />(+17 for winning)
|l|☆aquagoboom
|player|p1|
|l|☆SquilliamTG
|player|p2|
