|j|☆VulneratusOdin
|j|☆pospo
|t:|1769433321
|gametype|singles
|player|p1|VulneratusOdin|shadowtriad|1396
|player|p2|pospo|blaine|1445
|gen|9
|tier|[Gen 9] OU
|rated|
|rule|HP Percentage Mod: HP is shown in percentages
|rule|Endless Battle Clause: Forcing endless battles is banned
|rule|Species Clause: Limit one of each Pokémon
|rule|OHKO Clause: OHKO moves are banned
|rule|Evasion Items Clause: Evasion items are banned
|rule|Evasion Moves Clause: Evasion moves are banned
|rule|Evasion Abilities Clause: Evasion abilities are banned
|rule|Sleep Moves Clause: Sleep-inducing moves are banned
|clearpoke
|poke|p1|Hatterene, F|
|poke|p1|Tyranitar, M|
|poke|p1|Darkrai|
|poke|p1|Excadrill, M|
|poke|p1|Ceruledge, M|
|poke|p1|Infernape, M|
|poke|p2|Hoopa-Unbound|
|poke|p2|Slowking-Galar, F|
|poke|p2|Alomomola, F|
|poke|p2|Zamazenta-*|
|poke|p2|Great Tusk|
|poke|p2|Kingambit, F|
|teampreview
|inactive|Battle timer is ON: inactive players will automatically lose when time's up. (requested by VulneratusOdin)
|
|t:|1769433337
|teamsize|p1|6
|teamsize|p2|6
|start
|switch|p1a: Darkrai|Darkrai|100/100
|switch|p2a: Slowking|Slowking-Galar, F|100/100
|turn|1
|
|t:|1769433349
|move|p1a: Darkrai|Dark Pulse|p2a: Slowking
|-supereffective|p2a: Slowking
|-damage|p2a: Slowking|27/100
|-prepare|p2a: Slowking|Chilly Reception|[premajor]
|move|p2a: Slowking|Chilly Reception|p2a: Slowking
|-weather|Snowscape
|
|t:|1769433354
|switch|p2a: Hoopa|Hoopa-Unbound|100/100|[from] Chilly Reception
|
|-weather|Snowscape|[upkeep]
|upkeep
|turn|2
|
|t:|1769433362
|move|p1a: Darkrai|Dark Pulse|p2a: Hoopa
|-damage|p2a: Hoopa|42/100
|move|p2a: Hoopa|Drain Punch|p1a: Darkrai
|-supereffective|p1a: Darkrai
|-damage|p1a: Darkrai|0 fnt
|-heal|p2a: Hoopa|89/100|[from] drain|[of] p1a: Darkrai
|faint|p1a: Darkrai
|
|-weather|Snowscape|[upkeep]
|upkeep
|inactive|VulneratusOdin has 120 seconds left.
|
|t:|1769433394
|switch|p1a: Hatterene|Hatterene, F, shiny|100/100
|turn|3
|
|t:|1769433406
|switch|p2a: Great Tusk|Great Tusk|100/100
|move|p1a: Hatterene|Draining Kiss|p2a: Great Tusk
|-supereffective|p2a: Great Tusk
|-damage|p2a: Great Tusk|21/100
|
|-weather|Snowscape|[upkeep]
|upkeep
|turn|4
|
|t:|1769433409
|-end|p2a: Great Tusk|Protosynthesis|[silent]
|switch|p2a: Slowking|Slowking-Galar, F|60/100
|move|p1a: Hatterene|Draining Kiss|p2a: Slowking
|-resisted|p2a: Slowking
|-damage|p2a: Slowking|51/100
|
|-weather|Snowscape|[upkeep]
|upkeep
|turn|5
|
|t:|1769433421
|move|p1a: Hatterene|Mystical Fire|p2a: Slowking
|-damage|p2a: Slowking|34/100
|-unboost|p2a: Slowking|spa|1
|move|p2a: Slowking|Future Sight|p1a: Hatterene
|-start|p2a: Slowking|move: Future Sight
|
|-weather|none
|upkeep
|turn|6
|
|t:|1769433435
|move|p1a: Hatterene|Mystical Fire|p2a: Slowking
|-crit|p2a: Slowking
|-damage|p2a: Slowking|10/100
|-unboost|p2a: Slowking|spa|1
|-prepare|p2a: Slowking|Chilly Reception|[premajor]
|move|p2a: Slowking|Chilly Reception|p2a: Slowking
|-weather|Snowscape
|
|t:|1769433439
|switch|p2a: Hoopa|Hoopa-Unbound|89/100|[from] Chilly Reception
|
|-weather|Snowscape|[upkeep]
|upkeep
|turn|7
|
|t:|1769433443
|switch|p1a: Tyranitar|Tyranitar, M|100/100
|-weather|Sandstorm|[from] ability: Sand Stream|[of] p1a: Tyranitar
|move|p2a: Hoopa|Hyperspace Fury|p1a: Tyranitar
|-resisted|p1a: Tyranitar
|-damage|p1a: Tyranitar|67/100
|-unboost|p2a: Hoopa|def|1
|
|-weather|Sandstorm|[upkeep]
|-damage|p2a: Hoopa|83/100|[from] Sandstorm
|-end|p1a: Tyranitar|move: Future Sight
|-immune|p1a: Tyranitar
|-heal|p1a: Tyranitar|73/100|[from] item: Leftovers
|upkeep
|turn|8
|inactive|VulneratusOdin has 120 seconds left.
|
|t:|1769433492
|switch|p2a: Alomomola|Alomomola, F|100/100
|-terastallize|p1a: Tyranitar|Fighting
|move|p1a: Tyranitar|Knock Off|p2a: Alomomola
|-damage|p2a: Alomomola|77/100
|-enditem|p2a: Alomomola|Heavy-Duty Boots|[from] move: Knock Off|[of] p1a: Tyranitar
|
|-weather|Sandstorm|[upkeep]
|-damage|p1a: Tyranitar|67/100|[from] Sandstorm
|-damage|p2a: Alomomola|71/100|[from] Sandstorm
|-heal|p1a: Tyranitar|73/100|[from] item: Leftovers
|upkeep
|turn|9
|
|t:|1769433500
|move|p1a: Tyranitar|Thunder Wave|p2a: Alomomola
|-status|p2a: Alomomola|par
|move|p2a: Alomomola|Tickle|p1a: Tyranitar
|-unboost|p1a: Tyranitar|atk|1
|-unboost|p1a: Tyranitar|def|1
|
|-weather|Sandstorm|[upkeep]
|-damage|p1a: Tyranitar|67/100|[from] Sandstorm
|-damage|p2a: Alomomola|64/100 par|[from] Sandstorm
|-heal|p1a: Tyranitar|73/100|[from] item: Leftovers
|upkeep
|turn|10
|inactive|VulneratusOdin has 120 seconds left.
|
|t:|1769433511
|switch|p1a: Excadrill|Excadrill, M|100/100
|move|p2a: Alomomola|Flip Turn|p1a: Excadrill
|-supereffective|p1a: Excadrill
|-damage|p1a: Excadrill|68/100
|
|t:|1769433515
|switch|p2a: Zamazenta|Zamazenta|100/100|[from] Flip Turn
|-ability|p2a: Zamazenta|Dauntless Shield|boost
|-boost|p2a: Zamazenta|def|1
|
|-weather|Sandstorm|[upkeep]
|-damage|p2a: Zamazenta|94/100|[from] Sandstorm
|-heal|p2a: Zamazenta|100/100|[from] item: Leftovers
|upkeep
|turn|11
|
|t:|1769433524
|move|p1a: Excadrill|Earthquake|p2a: Zamazenta
|-damage|p2a: Zamazenta|60/100
|move|p2a: Zamazenta|Roar|p1a: Excadrill
|drag|p1a: Infernape|Infernape, M|100/100
|
|-weather|none
|-heal|p2a: Zamazenta|66/100|[from] item: Leftovers
|upkeep
|turn|12
|
|t:|1769433536
|move|p2a: Zamazenta|Iron Defense|p2a: Zamazenta
|-boost|p2a: Zamazenta|def|2
|move|p1a: Infernape|Fire Blast|p2a: Zamazenta
|-damage|p2a: Zamazenta|21/100
|
|-heal|p2a: Zamazenta|27/100|[from] item: Leftovers
|upkeep
|turn|13
|
|t:|1769433540
|move|p2a: Zamazenta|Body Press|p1a: Infernape
|-crit|p1a: Infernape
|-enditem|p1a: Infernape|Focus Sash
|-damage|p1a: Infernape|1/100
|move|p1a: Infernape|Fire Blast|p2a: Zamazenta
|-damage|p2a: Zamazenta|0 fnt
|faint|p2a: Zamazenta
|
|upkeep
|
|t:|1769433546
|switch|p2a: Slowking|Slowking-Galar, F|43/100
|turn|14
|
|t:|1769433557
|switch|p1a: Tyranitar|Tyranitar, M, tera:Fighting|73/100
|-weather|Sandstorm|[from] ability: Sand Stream|[of] p1a: Tyranitar
|switch|p2a: Alomomola|Alomomola, F|98/100 par
|
|-weather|Sandstorm|[upkeep]
|-damage|p1a: Tyranitar|67/100|[from] Sandstorm
|-damage|p2a: Alomomola|92/100 par|[from] Sandstorm
|-heal|p1a: Tyranitar|73/100|[from] item: Leftovers
|upkeep
|turn|15
|
|t:|1769433561
|move|p1a: Tyranitar|Knock Off|p2a: Alomomola
|-damage|p2a: Alomomola|73/100 par
|cant|p2a: Alomomola|par
|
|-weather|Sandstorm|[upkeep]
|-damage|p1a: Tyranitar|67/100|[from] Sandstorm
|-damage|p2a: Alomomola|67/100 par|[from] Sandstorm
|-heal|p1a: Tyranitar|73/100|[from] item: Leftovers
|upkeep
|turn|16
|
|t:|1769433569
|move|p1a: Tyranitar|Stealth Rock|p2a: Alomomola
|-sidestart|p2: pospo|move: Stealth Rock
|cant|p2a: Alomomola|par
|
|-weather|Sandstorm|[upkeep]
|-damage|p1a: Tyranitar|67/100|[from] Sandstorm
|-damage|p2a: Alomomola|61/100 par|[from] Sandstorm
|-heal|p1a: Tyranitar|73/100|[from] item: Leftovers
|upkeep
|turn|17
|
|t:|1769433580
|switch|p1a: Excadrill|Excadrill, M|68/100
|cant|p2a: Alomomola|par
|
|-weather|Sandstorm|[upkeep]
|-damage|p2a: Alomomola|55/100 par|[from] Sandstorm
|upkeep
|turn|18
|
|t:|1769433585
|move|p1a: Excadrill|Earthquake|p2a: Alomomola
|-damage|p2a: Alomomola|5/100 par
|move|p2a: Alomomola|Flip Turn|p1a: Excadrill
|-supereffective|p1a: Excadrill
|-damage|p1a: Excadrill|30/100
|
|t:|1769433588
|switch|p2a: Great Tusk|Great Tusk|21/100|[from] Flip Turn
|
|-weather|none
|upkeep
|turn|19
|inactive|VulneratusOdin has 120 seconds left.
|inactive|VulneratusOdin has 90 seconds left.
|
|t:|1769433653
|switch|p1a: Tyranitar|Tyranitar, M, tera:Fighting|73/100
|-weather|Sandstorm|[from] ability: Sand Stream|[of] p1a: Tyranitar
|move|p2a: Great Tusk|Headlong Rush|p1a: Tyranitar
|-damage|p1a: Tyranitar|24/100
|-unboost|p2a: Great Tusk|def|1
|-unboost|p2a: Great Tusk|spd|1
|
|-weather|Sandstorm|[upkeep]
|-damage|p1a: Tyranitar|17/100|[from] Sandstorm
|-heal|p1a: Tyranitar|24/100|[from] item: Leftovers
|upkeep
|turn|20
|inactive|VulneratusOdin has 90 seconds left.
|
|t:|1769433676
|move|p2a: Great Tusk|Headlong Rush|p1a: Tyranitar
|-damage|p1a: Tyranitar|0 fnt
|-unboost|p2a: Great Tusk|def|1
|-unboost|p2a: Great Tusk|spd|1
|faint|p1a: Tyranitar
|
|-weather|Sandstorm|[upkeep]
|upkeep
|
|t:|1769433680
|switch|p1a: Excadrill|Excadrill, M|30/100
|turn|21
|
|t:|1769433687
|move|p1a: Excadrill|Earthquake|p2a: Great Tusk
|-damage|p2a: Great Tusk|0 fnt
|faint|p2a: Great Tusk
|-end|p2a: Great Tusk|Protosynthesis|[silent]
|
|-weather|Sandstorm|[upkeep]
|upkeep
|
|t:|1769433691
|switch|p2a: Kingambit|Kingambit, F|100/100
|-damage|p2a: Kingambit|94/100|[from] Stealth Rock
|-activate|p2a: Kingambit|ability: Supreme Overlord
|-start|p2a: Kingambit|fallen2|[silent]
|turn|22
|inactive|VulneratusOdin has 90 seconds left.
|
|t:|1769433707
|move|p2a: Kingambit|Sucker Punch|p1a: Excadrill
|-damage|p1a: Excadrill|0 fnt
|faint|p1a: Excadrill
|
|-weather|Sandstorm|[upkeep]
|-heal|p2a: Kingambit|100/100|[from] item: Leftovers
|upkeep
|inactive|VulneratusOdin has 90 seconds left.
|
|t:|1769433713
|switch|p1a: Infernape|Infernape, M|1/100
|turn|23
|
|t:|1769433717
|move|p2a: Kingambit|Sucker Punch||[still]
|-fail|p2a: Kingambit
|move|p1a: Infernape|Nasty Plot|p1a: Infernape
|-boost|p1a: Infernape|spa|2
|
|-weather|none
|upkeep
|turn|24
|
|t:|1769433725
|move|p1a: Infernape|Vacuum Wave|p2a: Kingambit
|-supereffective|p2a: Kingambit
|-crit|p2a: Kingambit
|-damage|p2a: Kingambit|0 fnt
|faint|p2a: Kingambit
|-end|p2a: Kingambit|fallen2|[silent]
|
|upkeep
|
|t:|1769433730
|switch|p2a: Slowking|Slowking-Galar, F|77/100
|turn|25
|
|t:|1769433733
|move|p1a: Infernape|Fire Blast|p2a: Slowking|[miss]
|-miss|p1a: Infernape|p2a: Slowking
|move|p2a: Slowking|Sludge Bomb|p1a: Infernape
|-damage|p1a: Infernape|0 fnt
|faint|p1a: Infernape
|
|upkeep
|inactive|VulneratusOdin has 120 seconds left.
|c|☆VulneratusOdin|luckyyy
|
|t:|1769433745
|switch|p1a: Ceruledge|Ceruledge, M|100/100
|turn|26
|inactive|VulneratusOdin has 120 seconds left.
|
|t:|1769433755
|-terastallize|p2a: Slowking|Water
|move|p1a: Ceruledge|Swords Dance|p1a: Ceruledge
|-boost|p1a: Ceruledge|atk|2
|move|p2a: Slowking|Future Sight|p1a: Ceruledge
|-start|p2a: Slowking|move: Future Sight
|
|upkeep
|turn|27
|inactive|VulneratusOdin has 120 seconds left.
|inactive|VulneratusOdin has 90 seconds left.
|
|t:|1769433809
|switch|p2a: Alomomola|Alomomola, F|38/100 par
|-damage|p2a: Alomomola|26/100 par|[from] Stealth Rock
|move|p1a: Ceruledge|Close Combat|p2a: Alomomola
|-damage|p2a: Alomomola|0 fnt
|-unboost|p1a: Ceruledge|def|1
|-unboost|p1a: Ceruledge|spd|1
|faint|p2a: Alomomola
|
|upkeep
|
|t:|1769433822
|switch|p2a: Slowking|Slowking-Galar, F, tera:Water|100/100
|turn|28
|inactive|VulneratusOdin has 90 seconds left.
|
|t:|1769433835
|move|p1a: Ceruledge|Close Combat|p2a: Slowking
|-damage|p2a: Slowking|6/100
|-unboost|p1a: Ceruledge|def|1
|-unboost|p1a: Ceruledge|spd|1
|move|p2a: Slowking|Future Sight||[still]
|-fail|p2a: Slowking
|
|-end|p1a: Ceruledge|move: Future Sight
|-enditem|p1a: Ceruledge|Focus Sash
|-damage|p1a: Ceruledge|1/100
|upkeep
|turn|29
|inactive|VulneratusOdin has 90 seconds left.
|
|t:|1769433846
|move|p1a: Ceruledge|Close Combat|p2a: Slowking
|-damage|p2a: Slowking|0 fnt
|-unboost|p1a: Ceruledge|def|1
|-unboost|p1a: Ceruledge|spd|1
|faint|p2a: Slowking
|
|upkeep
|
|t:|1769433848
|switch|p2a: Hoopa|Hoopa-Unbound|83/100
|-damage|p2a: Hoopa|70/100|[from] Stealth Rock
|turn|30
|inactive|VulneratusOdin has 90 seconds left.
|
|t:|1769433886
|move|p1a: Ceruledge|Close Combat|p2a: Hoopa
|-damage|p2a: Hoopa|0 fnt
|-unboost|p1a: Ceruledge|def|1
|-unboost|p1a: Ceruledge|spd|1
|faint|p2a: Hoopa
|
|win|VulneratusOdin
|raw|VulneratusOdin's rating: 1396 &rarr; <strong>1419</strong><br />(+23 for winning)
|raw|pospo's rating: 1445 &rarr; <strong>1422</strong><br />(-23 for losing)
|l|☆VulneratusOdin
|player|p1|
|l|☆pospo
|player|p2|
