|j|☆ShadowFerretofD00M
|j|☆brickforbrains
|t:|1769397881
|gametype|singles
|player|p1|ShadowFerretofD00M|unknown|1459
|player|p2|brickforbrains|clerk|1481
|gen|9
|tier|[Gen 9] OU
|rated|
|rule|HP Percentage Mod: HP is shown in percentages
|rule|Endless Battle Clause: Forcing endless battles is banned
|rule|Species Clause: Limit one of each Pokémon
|rule|OHKO Clause: OHKO moves are banned
|rule|Evasion Items Clause: Evasion items are banned
|rule|Evasion Moves Clause: Evasion moves are banned
|rule|Evasion Abilities Clause: Evasion abilities are banned
|rule|Sleep Moves Clause: Sleep-inducing moves are banned
|clearpoke
|poke|p1|Latios, M|
|poke|p1|Zamazenta-*|
|poke|p1|Iron Treads|
|poke|p1|Pecharunt|
|poke|p1|Alomomola, F|
|poke|p1|Cinderace, M|
|poke|p2|Landorus-Therian, M|
|poke|p2|Revavroom, M|
|poke|p2|Kyurem|
|poke|p2|Hatterene, F|
|poke|p2|Iron Valiant|
|poke|p2|Dragonite, F|
|teampreview
|inactive|Battle timer is ON: inactive players will automatically lose when time's up. (requested by brickforbrains)
|inactive|ShadowFerretofD00M also wants the timer to be on.
|c|☆ShadowFerretofD00M|glhf
|c|☆brickforbrains|u2
|
|t:|1769397904
|teamsize|p1|6
|teamsize|p2|6
|start
|switch|p1a: Cinderace|Cinderace, M|100/100
|switch|p2a: Landorus|Landorus-Therian, M|100/100
|-ability|p2a: Landorus|Intimidate|boost
|-unboost|p1a: Cinderace|atk|1
|turn|1
|
|t:|1769397914
|move|p1a: Cinderace|U-turn|p2a: Landorus
|-start|p1a: Cinderace|typechange|Bug|[from] ability: Libero
|-resisted|p2a: Landorus
|-damage|p2a: Landorus|90/100
|-damage|p1a: Cinderace|84/100|[from] item: Rocky Helmet|[of] p2a: Landorus
|
|t:|1769397916
|switch|p1a: Alomomola|Alomomola, F|100/100|[from] U-turn
|move|p2a: Landorus|U-turn|p1a: Alomomola
|-damage|p1a: Alomomola|89/100
|
|t:|1769397932
|switch|p2a: Hatterene|Hatterene, F|100/100|[from] U-turn
|
|upkeep
|turn|2
|
|t:|1769397938
|move|p1a: Alomomola|Flip Turn|p2a: Hatterene
|-damage|p2a: Hatterene|82/100
|
|t:|1769397940
|switch|p1a: Iron Treads|Iron Treads|100/100|[from] Flip Turn
|move|p2a: Hatterene|Nuzzle|p1a: Iron Treads
|-immune|p1a: Iron Treads
|
|upkeep
|turn|3
|
|t:|1769397946
|move|p1a: Iron Treads|Knock Off|p2a: Hatterene
|-damage|p2a: Hatterene|48/100
|-enditem|p2a: Hatterene|Assault Vest|[from] move: Knock Off|[of] p1a: Iron Treads
|move|p2a: Hatterene|Mystical Fire|p1a: Iron Treads
|-supereffective|p1a: Iron Treads
|-damage|p1a: Iron Treads|23/100
|-unboost|p1a: Iron Treads|spa|1
|
|-heal|p1a: Iron Treads|29/100|[from] item: Leftovers
|upkeep
|turn|4
|
|t:|1769397955
|move|p1a: Iron Treads|Stealth Rock|p2a: Hatterene
|move|p2a: Hatterene|Stealth Rock|p1a: Iron Treads|[from] ability: Magic Bounce
|-sidestart|p1: ShadowFerretofD00M|move: Stealth Rock
|move|p2a: Hatterene|Mystical Fire|p1a: Iron Treads
|-supereffective|p1a: Iron Treads
|-damage|p1a: Iron Treads|0 fnt
|faint|p1a: Iron Treads
|-end|p1a: Iron Treads|Quark Drive|[silent]
|
|upkeep
|c|☆ShadowFerretofD00M|nooooo i meant to eq
|
|t:|1769397970
|switch|p1a: Cinderace|Cinderace, M|84/100
|turn|5
|
|t:|1769397985
|move|p1a: Cinderace|Pyro Ball|p2a: Hatterene
|-damage|p2a: Hatterene|0 fnt
|faint|p2a: Hatterene
|
|upkeep
|
|t:|1769397989
|switch|p2a: Landorus|Landorus-Therian, M|90/100
|-ability|p2a: Landorus|Intimidate|boost
|-unboost|p1a: Cinderace|atk|1
|turn|6
|
|t:|1769397992
|move|p1a: Cinderace|Court Change|p1a: Cinderace
|-start|p1a: Cinderace|typechange|Normal|[from] ability: Libero
|-swapsideconditions
|-activate|p1a: Cinderace|move: Court Change
|move|p2a: Landorus|U-turn|p1a: Cinderace
|-damage|p1a: Cinderace|59/100
|
|t:|1769398018
|switch|p2a: Iron Valiant|Iron Valiant|100/100|[from] U-turn
|-damage|p2a: Iron Valiant|94/100|[from] Stealth Rock
|-enditem|p2a: Iron Valiant|Booster Energy
|-activate|p2a: Iron Valiant|ability: Quark Drive|[fromitem]
|-start|p2a: Iron Valiant|quarkdrivespe
|
|upkeep
|turn|7
|
|t:|1769398028
|switch|p1a: Alomomola|Alomomola, F|100/100
|move|p2a: Iron Valiant|Calm Mind|p2a: Iron Valiant
|-boost|p2a: Iron Valiant|spa|1
|-boost|p2a: Iron Valiant|spd|1
|
|upkeep
|turn|8
|inactive|ShadowFerretofD00M has 120 seconds left.
|
|t:|1769398063
|move|p2a: Iron Valiant|Thunderbolt|p1a: Alomomola
|-supereffective|p1a: Alomomola
|-damage|p1a: Alomomola|51/100
|move|p1a: Alomomola|Mirror Coat|p2a: Iron Valiant
|-damage|p2a: Iron Valiant|0 fnt
|faint|p2a: Iron Valiant
|-end|p2a: Iron Valiant|Quark Drive|[silent]
|
|upkeep
|
|t:|1769398074
|switch|p2a: Revavroom|Revavroom, M|100/100
|-damage|p2a: Revavroom|95/100|[from] Stealth Rock
|-item|p2a: Revavroom|Air Balloon
|turn|9
|
|t:|1769398082
|move|p2a: Revavroom|Shift Gear|p2a: Revavroom
|-boost|p2a: Revavroom|spe|2
|-boost|p2a: Revavroom|atk|1
|move|p1a: Alomomola|Flip Turn|p2a: Revavroom
|-damage|p2a: Revavroom|74/100
|-enditem|p2a: Revavroom|Air Balloon
|inactive|ShadowFerretofD00M has 120 seconds left.
|
|t:|1769398109
|switch|p1a: Pecharunt|Pecharunt|100/100|[from] Flip Turn
|
|upkeep
|turn|10
|
|t:|1769398117
|move|p2a: Revavroom|Shift Gear|p2a: Revavroom
|-boost|p2a: Revavroom|spe|2
|-boost|p2a: Revavroom|atk|1
|move|p1a: Pecharunt|Foul Play|p2a: Revavroom
|-damage|p2a: Revavroom|0 fnt
|faint|p2a: Revavroom
|
|upkeep
|
|t:|1769398130
|switch|p2a: Kyurem|Kyurem|100/100
|-damage|p2a: Kyurem|76/100|[from] Stealth Rock
|-ability|p2a: Kyurem|Pressure
|turn|11
|
|t:|1769398134
|move|p2a: Kyurem|Dragon Dance|p2a: Kyurem
|-boost|p2a: Kyurem|atk|1
|-boost|p2a: Kyurem|spe|1
|move|p1a: Pecharunt|Parting Shot|p2a: Kyurem
|-unboost|p2a: Kyurem|atk|1
|-unboost|p2a: Kyurem|spa|1
|
|t:|1769398139
|switch|p1a: Zamazenta|Zamazenta|100/100|[from] Parting Shot
|-ability|p1a: Zamazenta|Dauntless Shield|boost
|-boost|p1a: Zamazenta|def|1
|
|upkeep
|turn|12
|
|t:|1769398145
|move|p2a: Kyurem|Icicle Spear|p1a: Zamazenta
|-damage|p1a: Zamazenta|93/100
|-damage|p1a: Zamazenta|86/100
|-damage|p1a: Zamazenta|78/100
|-damage|p1a: Zamazenta|71/100
|-damage|p1a: Zamazenta|63/100
|-hitcount|p1a: Zamazenta|5
|move|p1a: Zamazenta|Body Press|p2a: Kyurem
|-supereffective|p2a: Kyurem
|-damage|p2a: Kyurem|0 fnt
|faint|p2a: Kyurem
|
|-heal|p1a: Zamazenta|70/100|[from] item: Leftovers
|upkeep
|
|t:|1769398150
|switch|p2a: Landorus|Landorus-Therian, M|90/100
|-damage|p2a: Landorus|78/100|[from] Stealth Rock
|-ability|p2a: Landorus|Intimidate|boost
|-unboost|p1a: Zamazenta|atk|1
|turn|13
|
|t:|1769398156
|move|p1a: Zamazenta|Iron Defense|p1a: Zamazenta
|-boost|p1a: Zamazenta|def|2
|move|p2a: Landorus|Earth Power|p1a: Zamazenta
|-damage|p1a: Zamazenta|44/100
|
|-heal|p1a: Zamazenta|50/100|[from] item: Leftovers
|upkeep
|turn|14
|
|t:|1769398162
|move|p1a: Zamazenta|Body Press|p2a: Landorus
|-resisted|p2a: Landorus
|-damage|p2a: Landorus|39/100
|-damage|p1a: Zamazenta|34/100|[from] item: Rocky Helmet|[of] p2a: Landorus
|move|p2a: Landorus|Earth Power|p1a: Zamazenta
|-damage|p1a: Zamazenta|10/100
|
|-heal|p1a: Zamazenta|16/100|[from] item: Leftovers
|upkeep
|turn|15
|
|t:|1769398169
|move|p1a: Zamazenta|Body Press|p2a: Landorus
|-resisted|p2a: Landorus
|-damage|p2a: Landorus|0 fnt
|-damage|p1a: Zamazenta|0 fnt|[from] item: Rocky Helmet|[of] p2a: Landorus
|faint|p2a: Landorus
|faint|p1a: Zamazenta
|
|upkeep
|
|t:|1769398177
|switch|p1a: Alomomola|Alomomola, F|85/100
|switch|p2a: Dragonite|Dragonite, F|100/100
|-damage|p2a: Dragonite|76/100|[from] Stealth Rock
|turn|16
|
|t:|1769398181
|move|p2a: Dragonite|Dragon Dance|p2a: Dragonite
|-boost|p2a: Dragonite|atk|1
|-boost|p2a: Dragonite|spe|1
|move|p1a: Alomomola|Flip Turn|p2a: Dragonite
|-resisted|p2a: Dragonite
|-damage|p2a: Dragonite|67/100
|
|t:|1769398188
|switch|p1a: Pecharunt|Pecharunt|100/100|[from] Flip Turn
|
|upkeep
|turn|17
|
|t:|1769398216
|-terastallize|p1a: Pecharunt|Dark
|move|p2a: Dragonite|Scale Shot|p1a: Pecharunt|[miss]
|-miss|p2a: Dragonite|p1a: Pecharunt
|move|p1a: Pecharunt|Foul Play|p2a: Dragonite
|-damage|p2a: Dragonite|0 fnt
|faint|p2a: Dragonite
|
|win|ShadowFerretofD00M
|raw|ShadowFerretofD00M's rating: 1459 &rarr; <strong>1480</strong><br />(+21 for winning)
|raw|brickforbrains's rating: 1481 &rarr; <strong>1460</strong><br />(-21 for losing)
|l|☆brickforbrains
|player|p2|
|c|☆ShadowFerretofD00M|gg
|l|☆ShadowFerretofD00M
|player|p1|
