|j|☆TheTempest77
|j|☆cycleevanescent
|t:|1769328368
|gametype|singles
|player|p1|TheTempest77|fantina|1160
|player|p2|cycleevanescent|1|1189
|gen|9
|tier|[Gen 9] OU
|rated|
|rule|HP Percentage Mod: HP is shown in percentages
|rule|Endless Battle Clause: Forcing endless battles is banned
|rule|Species Clause: Limit one of each Pokémon
|rule|OHKO Clause: OHKO moves are banned
|rule|Evasion Items Clause: Evasion items are banned
|rule|Evasion Moves Clause: Evasion moves are banned
|rule|Evasion Abilities Clause: Evasion abilities are banned
|rule|Sleep Moves Clause: Sleep-inducing moves are banned
|clearpoke
|poke|p1|Zamazenta-*|
|poke|p1|Kyurem|
|poke|p1|Iron Treads|
|poke|p1|Tornadus-Therian, M|
|poke|p1|Pecharunt|
|poke|p1|Ting-Lu|
|poke|p2|Pecharunt|
|poke|p2|Mabosstiff, M|
|poke|p2|Volcanion|
|poke|p2|Iron Valiant|
|poke|p2|Landorus-Therian, M|
|poke|p2|Deoxys-Speed|
|teampreview
|inactive|Battle timer is ON: inactive players will automatically lose when time's up. (requested by TheTempest77)
|
|t:|1769328385
|teamsize|p1|6
|teamsize|p2|6
|start
|switch|p1a: Ting-Lu|Ting-Lu|100/100
|switch|p2a: Landorus|Landorus-Therian, M|100/100
|-ability|p2a: Landorus|Intimidate|boost
|-unboost|p1a: Ting-Lu|atk|1
|-ability|p1a: Ting-Lu|Vessel of Ruin
|turn|1
|inactive|TheTempest77 has 120 seconds left.
|inactive|cycleevanescent has 120 seconds left.
|
|t:|1769328431
|move|p2a: Landorus|Stealth Rock|p1a: Ting-Lu
|-sidestart|p1: TheTempest77|move: Stealth Rock
|move|p1a: Ting-Lu|Spikes|p2a: Landorus
|-sidestart|p2: cycleevanescent|Spikes
|
|upkeep
|turn|2
|inactive|TheTempest77 has 120 seconds left.
|
|t:|1769328441
|move|p2a: Landorus|Taunt|p1a: Ting-Lu
|-start|p1a: Ting-Lu|move: Taunt
|cant|p1a: Ting-Lu|move: Taunt|Spikes
|
|upkeep
|turn|3
|
|t:|1769328449
|move|p2a: Landorus|U-turn|p1a: Ting-Lu
|-supereffective|p1a: Ting-Lu
|-damage|p1a: Ting-Lu|79/100
|
|t:|1769328452
|switch|p2a: Deoxys|Deoxys-Speed|100/100|[from] U-turn
|-damage|p2a: Deoxys|88/100|[from] Spikes
|-ability|p2a: Deoxys|Pressure
|move|p1a: Ting-Lu|Ruination|p2a: Deoxys
|-damage|p2a: Deoxys|44/100
|
|-heal|p1a: Ting-Lu|86/100|[from] item: Leftovers
|upkeep
|turn|4
|inactive|TheTempest77 has 120 seconds left.
|
|t:|1769328473
|move|p2a: Deoxys|Spikes|p1a: Ting-Lu
|-sidestart|p1: TheTempest77|Spikes
|move|p1a: Ting-Lu|Earthquake|p2a: Deoxys
|-damage|p2a: Deoxys|2/100
|
|-heal|p1a: Ting-Lu|92/100|[from] item: Leftovers
|-end|p1a: Ting-Lu|move: Taunt
|upkeep
|turn|5
|inactive|TheTempest77 has 120 seconds left.
|
|t:|1769328490
|move|p2a: Deoxys|Spikes|p1a: Ting-Lu
|-sidestart|p1: TheTempest77|Spikes
|move|p1a: Ting-Lu|Earthquake|p2a: Deoxys
|-damage|p2a: Deoxys|0 fnt
|faint|p2a: Deoxys
|
|-heal|p1a: Ting-Lu|98/100|[from] item: Leftovers
|upkeep
|inactive|cycleevanescent has 120 seconds left.
|
|t:|1769328523
|switch|p2a: Volcanion|Volcanion|100/100
|-damage|p2a: Volcanion|88/100|[from] Spikes
|turn|6
|inactive|TheTempest77 has 120 seconds left.
|inactive|TheTempest77 has 90 seconds left.
|
|t:|1769328566
|move|p2a: Volcanion|Taunt|p1a: Ting-Lu
|-start|p1a: Ting-Lu|move: Taunt
|cant|p1a: Ting-Lu|move: Taunt|Whirlwind
|
|-heal|p2a: Volcanion|94/100|[from] item: Leftovers
|-heal|p1a: Ting-Lu|100/100|[from] item: Leftovers
|upkeep
|turn|7
|inactive|cycleevanescent has 120 seconds left.
|inactive|TheTempest77 has 90 seconds left.
|inactive|cycleevanescent has 90 seconds left.
|
|t:|1769328608
|move|p2a: Volcanion|Steam Eruption|p1a: Ting-Lu
|-supereffective|p1a: Ting-Lu
|-damage|p1a: Ting-Lu|52/100
|move|p1a: Ting-Lu|Ruination|p2a: Volcanion|[miss]
|-miss|p1a: Ting-Lu|p2a: Volcanion
|
|-heal|p2a: Volcanion|99/100|[from] item: Leftovers
|-heal|p1a: Ting-Lu|59/100|[from] item: Leftovers
|upkeep
|turn|8
|inactive|cycleevanescent has 90 seconds left.
|inactive|TheTempest77 has 90 seconds left.
|inactive|TheTempest77 has 60 seconds left.
|
|t:|1769328663
|switch|p1a: Tornadus|Tornadus-Therian, M|100/100
|move|p2a: Volcanion|Will-O-Wisp|p1a: Tornadus
|-status|p1a: Tornadus|brn
|
|-heal|p2a: Volcanion|100/100|[from] item: Leftovers
|-damage|p1a: Tornadus|94/100 brn|[from] brn
|upkeep
|turn|9
|inactive|cycleevanescent has 90 seconds left.
|inactive|cycleevanescent has 60 seconds left.
|
|t:|1769328699
|move|p1a: Tornadus|Knock Off|p2a: Volcanion
|-damage|p2a: Volcanion|93/100
|-enditem|p2a: Volcanion|Leftovers|[from] move: Knock Off|[of] p1a: Tornadus
|move|p2a: Volcanion|Steam Eruption|p1a: Tornadus
|-damage|p1a: Tornadus|41/100 brn
|
|-damage|p1a: Tornadus|35/100 brn|[from] brn
|upkeep
|turn|10
|
|t:|1769328725
|switch|p1a: Kyurem|Kyurem|100/100
|-damage|p1a: Kyurem|76/100|[from] Stealth Rock
|-damage|p1a: Kyurem|59/100|[from] Spikes
|-ability|p1a: Kyurem|Pressure
|move|p2a: Volcanion|Steam Eruption|p1a: Kyurem
|-resisted|p1a: Kyurem
|-damage|p1a: Kyurem|42/100
|
|upkeep
|turn|11
|inactive|TheTempest77 has 30 seconds left.
|
|t:|1769328741
|move|p1a: Kyurem|Earth Power|p2a: Volcanion
|-supereffective|p2a: Volcanion
|-crit|p2a: Volcanion
|-damage|p2a: Volcanion|0 fnt
|faint|p2a: Volcanion
|
|upkeep
|inactive|cycleevanescent has 60 seconds left.
|
|t:|1769328751
|switch|p2a: Landorus|Landorus-Therian, M|100/100
|-ability|p2a: Landorus|Intimidate|boost
|-unboost|p1a: Kyurem|atk|1
|turn|12
|
|t:|1769328758
|switch|p1a: Iron Treads|Iron Treads|100/100
|-damage|p1a: Iron Treads|97/100|[from] Stealth Rock
|-damage|p1a: Iron Treads|81/100|[from] Spikes
|move|p2a: Landorus|U-turn|p1a: Iron Treads
|-resisted|p1a: Iron Treads
|-damage|p1a: Iron Treads|72/100
|
|t:|1769328765
|switch|p2a: Mabosstiff|Mabosstiff, M, shiny|100/100|[from] U-turn
|-damage|p2a: Mabosstiff|88/100|[from] Spikes
|-ability|p2a: Mabosstiff|Intimidate|boost
|-unboost|p1a: Iron Treads|atk|1
|
|-heal|p1a: Iron Treads|78/100|[from] item: Leftovers
|upkeep
|turn|13
|
|t:|1769328776
|move|p1a: Iron Treads|Rapid Spin|p2a: Mabosstiff
|-damage|p2a: Mabosstiff|78/100
|-boost|p1a: Iron Treads|spe|1
|-sideend|p1: TheTempest77|Spikes|[from] move: Rapid Spin|[of] p1a: Iron Treads
|-sideend|p1: TheTempest77|Stealth Rock|[from] move: Rapid Spin|[of] p1a: Iron Treads
|-enditem|p2a: Mabosstiff|Kee Berry|[eat]
|-boost|p2a: Mabosstiff|def|1|[from] item: Kee Berry
|move|p2a: Mabosstiff|Jaw Lock|p1a: Iron Treads
|-damage|p1a: Iron Treads|47/100
|-activate|p2a: Mabosstiff|trapped
|-activate|p1a: Iron Treads|trapped
|
|-heal|p1a: Iron Treads|53/100|[from] item: Leftovers
|upkeep
|turn|14
|c|☆cycleevanescent|thank you for signing up for free setup mabostiff
|inactive|cycleevanescent has 60 seconds left.
|inactive|TheTempest77 has 30 seconds left.
|
|t:|1769328804
|move|p1a: Iron Treads|Stealth Rock|p2a: Mabosstiff
|-sidestart|p2: cycleevanescent|move: Stealth Rock
|move|p2a: Mabosstiff|Hone Claws|p2a: Mabosstiff
|-boost|p2a: Mabosstiff|atk|1
|-boost|p2a: Mabosstiff|accuracy|1
|
|-heal|p1a: Iron Treads|59/100|[from] item: Leftovers
|upkeep
|turn|15
|c|☆TheTempest77|im still new to this format lol
|c|☆cycleevanescent|:P
|inactive|TheTempest77 has 30 seconds left.
|
|t:|1769328822
|move|p1a: Iron Treads|Earthquake|p2a: Mabosstiff
|-damage|p2a: Mabosstiff|56/100
|move|p2a: Mabosstiff|Trailblaze|p1a: Iron Treads
|-damage|p1a: Iron Treads|38/100
|-boost|p2a: Mabosstiff|spe|1
|
|-heal|p1a: Iron Treads|44/100|[from] item: Leftovers
|upkeep
|turn|16
|c|☆cycleevanescent|It's a team based on Iron Treads or Great Tusk
|inactive|TheTempest77 has 30 seconds left.
|c|☆cycleevanescent|I put a lot of hazard and then I set up a lot
|
|t:|1769328835
|move|p1a: Iron Treads|Earthquake|p2a: Mabosstiff
|-damage|p2a: Mabosstiff|34/100
|move|p2a: Mabosstiff|Hone Claws|p2a: Mabosstiff
|-boost|p2a: Mabosstiff|atk|1
|-boost|p2a: Mabosstiff|accuracy|1
|
|-heal|p1a: Iron Treads|50/100|[from] item: Leftovers
|upkeep
|turn|17
|inactive|TheTempest77 has 30 seconds left.
|
|t:|1769328846
|-terastallize|p2a: Mabosstiff|Bug
|move|p1a: Iron Treads|Earthquake|p2a: Mabosstiff
|-resisted|p2a: Mabosstiff
|-damage|p2a: Mabosstiff|24/100
|move|p2a: Mabosstiff|Hone Claws|p2a: Mabosstiff
|-boost|p2a: Mabosstiff|atk|1
|-boost|p2a: Mabosstiff|accuracy|1
|
|-heal|p1a: Iron Treads|57/100|[from] item: Leftovers
|upkeep
|turn|18
|inactive|TheTempest77 has 30 seconds left.
|c|☆cycleevanescent|should have tera earlier though
|inactive|TheTempest77 has 20 seconds left.
|
|t:|1769328863
|move|p1a: Iron Treads|Ice Spinner|p2a: Mabosstiff
|-damage|p2a: Mabosstiff|14/100
|move|p2a: Mabosstiff|Trailblaze|p1a: Iron Treads
|-damage|p1a: Iron Treads|25/100
|-boost|p2a: Mabosstiff|spe|1
|
|-heal|p1a: Iron Treads|31/100|[from] item: Leftovers
|upkeep
|turn|19
|inactive|TheTempest77 has 30 seconds left this turn.
|
|t:|1769328872
|move|p2a: Mabosstiff|Rest|p2a: Mabosstiff
|-status|p2a: Mabosstiff|slp|[from] move: Rest
|-heal|p2a: Mabosstiff|100/100 slp|[silent]
|move|p1a: Iron Treads|Ice Spinner|p2a: Mabosstiff
|-damage|p2a: Mabosstiff|89/100 slp
|
|-heal|p1a: Iron Treads|38/100|[from] item: Leftovers
|upkeep
|turn|20
|inactive|TheTempest77 has 30 seconds left.
|inactive|TheTempest77 has 20 seconds left.
|
|t:|1769328889
|cant|p2a: Mabosstiff|slp
|move|p1a: Iron Treads|Ice Spinner|p2a: Mabosstiff
|-damage|p2a: Mabosstiff|78/100 slp
|
|-heal|p1a: Iron Treads|44/100|[from] item: Leftovers
|upkeep
|turn|21
|inactive|TheTempest77 has 30 seconds left this turn.
|
|t:|1769328895
|cant|p2a: Mabosstiff|slp
|move|p1a: Iron Treads|Ice Spinner|p2a: Mabosstiff
|-damage|p2a: Mabosstiff|68/100 slp
|
|-heal|p1a: Iron Treads|50/100|[from] item: Leftovers
|upkeep
|turn|22
|inactive|TheTempest77 has 30 seconds left.
|
|t:|1769328904
|-curestatus|p2a: Mabosstiff|slp|[msg]
|move|p2a: Mabosstiff|Trailblaze|p1a: Iron Treads
|-damage|p1a: Iron Treads|14/100
|-boost|p2a: Mabosstiff|spe|1
|move|p1a: Iron Treads|Ice Spinner|p2a: Mabosstiff
|-damage|p2a: Mabosstiff|56/100
|
|-heal|p1a: Iron Treads|20/100|[from] item: Leftovers
|upkeep
|turn|23
|inactive|cycleevanescent has 90 seconds left.
|inactive|TheTempest77 has 30 seconds left.
|
|t:|1769328917
|move|p2a: Mabosstiff|Hone Claws|p2a: Mabosstiff
|-boost|p2a: Mabosstiff|atk|1
|-boost|p2a: Mabosstiff|accuracy|1
|move|p1a: Iron Treads|Ice Spinner|p2a: Mabosstiff
|-damage|p2a: Mabosstiff|45/100
|
|-heal|p1a: Iron Treads|26/100|[from] item: Leftovers
|upkeep
|turn|24
|inactive|cycleevanescent has 90 seconds left.
|c|☆cycleevanescent|sorry I have to max set up because Zamazenta is scary
|inactive|TheTempest77 has 30 seconds left.
|
|t:|1769328929
|move|p2a: Mabosstiff|Hone Claws|p2a: Mabosstiff
|-boost|p2a: Mabosstiff|atk|1
|-boost|p2a: Mabosstiff|accuracy|1
|move|p1a: Iron Treads|Ice Spinner|p2a: Mabosstiff
|-damage|p2a: Mabosstiff|33/100
|
|-heal|p1a: Iron Treads|32/100|[from] item: Leftovers
|upkeep
|turn|25
|c|☆TheTempest77|valid
|
|t:|1769328937
|move|p2a: Mabosstiff|Hone Claws|p2a: Mabosstiff
|-boost|p2a: Mabosstiff|atk|1
|-boost|p2a: Mabosstiff|accuracy|1
|move|p1a: Iron Treads|Ice Spinner|p2a: Mabosstiff
|-damage|p2a: Mabosstiff|23/100
|
|-heal|p1a: Iron Treads|39/100|[from] item: Leftovers
|upkeep
|turn|26
|
|t:|1769328945
|move|p2a: Mabosstiff|Rest|p2a: Mabosstiff
|-status|p2a: Mabosstiff|slp|[from] move: Rest
|-heal|p2a: Mabosstiff|100/100 slp|[silent]
|move|p1a: Iron Treads|Ice Spinner|p2a: Mabosstiff
|-damage|p2a: Mabosstiff|90/100 slp
|
|-heal|p1a: Iron Treads|45/100|[from] item: Leftovers
|upkeep
|turn|27
|
|t:|1769328954
|cant|p2a: Mabosstiff|slp
|move|p1a: Iron Treads|Ice Spinner|p2a: Mabosstiff
|-damage|p2a: Mabosstiff|79/100 slp
|
|-heal|p1a: Iron Treads|51/100|[from] item: Leftovers
|upkeep
|turn|28
|
|t:|1769328962
|cant|p2a: Mabosstiff|slp
|move|p1a: Iron Treads|Ice Spinner|p2a: Mabosstiff
|-damage|p2a: Mabosstiff|68/100 slp
|
|-heal|p1a: Iron Treads|57/100|[from] item: Leftovers
|upkeep
|turn|29
|
|t:|1769328969
|-curestatus|p2a: Mabosstiff|slp|[msg]
|move|p2a: Mabosstiff|Jaw Lock|p1a: Iron Treads
|-damage|p1a: Iron Treads|0 fnt
|faint|p1a: Iron Treads
|-end|p1a: Iron Treads|Quark Drive|[silent]
|
|upkeep
|c|☆cycleevanescent|let's pray for the sweep
|
|t:|1769328979
|switch|p1a: Pecharunt|Pecharunt|100/100
|turn|30
|
|t:|1769328997
|-terastallize|p1a: Pecharunt|Water
|move|p2a: Mabosstiff|Jaw Lock|p1a: Pecharunt
|-damage|p1a: Pecharunt|9/100
|-activate|p2a: Mabosstiff|trapped
|-activate|p1a: Pecharunt|trapped
|move|p1a: Pecharunt|Malignant Chain|p2a: Mabosstiff
|-damage|p2a: Mabosstiff|31/100
|-status|p2a: Mabosstiff|tox
|-start|p2a: Mabosstiff|confusion|[from] ability: Poison Puppeteer|[of] p1a: Pecharunt
|
|-damage|p2a: Mabosstiff|25/100 tox|[from] psn
|upkeep
|turn|31
|c|☆cycleevanescent|hahahaha
|
|t:|1769329013
|-activate|p2a: Mabosstiff|confusion
|move|p2a: Mabosstiff|Rest|p2a: Mabosstiff
|-status|p2a: Mabosstiff|slp|[from] move: Rest
|-heal|p2a: Mabosstiff|100/100 slp|[silent]
|move|p1a: Pecharunt|Recover|p1a: Pecharunt
|-heal|p1a: Pecharunt|59/100
|
|upkeep
|turn|32
|c|☆cycleevanescent|close
|c|☆cycleevanescent|damn
|c|☆cycleevanescent|this Pecharunt is tanky huh
|
|t:|1769329027
|cant|p2a: Mabosstiff|slp
|move|p1a: Pecharunt|Recover|p1a: Pecharunt
|-heal|p1a: Pecharunt|100/100
|
|upkeep
|turn|33
|c|☆TheTempest77|yeah
|c|☆TheTempest77|stall god
|c|☆cycleevanescent|:D
|
|t:|1769329039
|cant|p2a: Mabosstiff|slp
|move|p1a: Pecharunt|Malignant Chain|p2a: Mabosstiff
|-damage|p2a: Mabosstiff|57/100 slp
|
|upkeep
|turn|34
|c|☆cycleevanescent|and cool utility
|
|t:|1769329050
|-curestatus|p2a: Mabosstiff|slp|[msg]
|-end|p2a: Mabosstiff|confusion
|move|p2a: Mabosstiff|Jaw Lock|p1a: Pecharunt
|-damage|p1a: Pecharunt|15/100
|move|p1a: Pecharunt|Nasty Plot|p1a: Pecharunt
|-boost|p1a: Pecharunt|spa|2
|
|upkeep
|turn|35
|c|☆cycleevanescent|in case you are interested I have 300% accuracy on Jaw Lock
|c|☆TheTempest77|lmao
|
|t:|1769329074
|move|p2a: Mabosstiff|Trailblaze|p1a: Pecharunt
|-supereffective|p1a: Pecharunt
|-damage|p1a: Pecharunt|0 fnt
|-boost|p2a: Mabosstiff|spe|1
|faint|p1a: Pecharunt
|
|upkeep
|c|☆cycleevanescent|:D
|
|t:|1769329089
|switch|p1a: Zamazenta|Zamazenta|100/100
|-ability|p1a: Zamazenta|Dauntless Shield|boost
|-boost|p1a: Zamazenta|def|1
|turn|36
|c|☆cycleevanescent|That Mabosstiff set is honestly genius
|
|t:|1769329097
|move|p2a: Mabosstiff|Jaw Lock|p1a: Zamazenta
|-resisted|p1a: Zamazenta
|-damage|p1a: Zamazenta|56/100
|-activate|p2a: Mabosstiff|trapped
|-activate|p1a: Zamazenta|trapped
|move|p1a: Zamazenta|Roar|p2a: Mabosstiff
|drag|p2a: Iron Valiant|Iron Valiant|100/100
|-damage|p2a: Iron Valiant|88/100|[from] Spikes
|-damage|p2a: Iron Valiant|82/100|[from] Stealth Rock
|-enditem|p2a: Iron Valiant|Booster Energy
|-activate|p2a: Iron Valiant|ability: Quark Drive|[fromitem]
|-start|p2a: Iron Valiant|quarkdrivespe
|
|-heal|p1a: Zamazenta|62/100|[from] item: Leftovers
|upkeep
|turn|37
|c|☆cycleevanescent|noooooh
|c|☆cycleevanescent|My little boi
|
|t:|1769329115
|move|p2a: Iron Valiant|Moonblast|p1a: Zamazenta
|-supereffective|p1a: Zamazenta
|-damage|p1a: Zamazenta|0 fnt
|faint|p1a: Zamazenta
|
|upkeep
|
|t:|1769329120
|switch|p1a: Tornadus|Tornadus-Therian, M|68/100 brn
|turn|38
|c|☆cycleevanescent|I don't0 think I will be able to set up again lmao
|c|☆TheTempest77|you still got it tho I think
|
|t:|1769329141
|-end|p2a: Iron Valiant|Quark Drive|[silent]
|switch|p2a: Mabosstiff|Mabosstiff, M, shiny, tera:Bug|57/100
|-damage|p2a: Mabosstiff|44/100|[from] Spikes
|-damage|p2a: Mabosstiff|19/100|[from] Stealth Rock
|-ability|p2a: Mabosstiff|Intimidate|boost
|-unboost|p1a: Tornadus|atk|1
|move|p1a: Tornadus|Bleakwind Storm|p2a: Mabosstiff
|-supereffective|p2a: Mabosstiff
|-damage|p2a: Mabosstiff|0 fnt
|faint|p2a: Mabosstiff
|
|-damage|p1a: Tornadus|62/100 brn|[from] brn
|upkeep
|c|☆TheTempest77|rip dog
|c|☆cycleevanescent|I don't know Tornadus too much
|inactive|cycleevanescent has 120 seconds left.
|
|t:|1769329158
|switch|p2a: Pecharunt|Pecharunt|100/100
|turn|39
|
|t:|1769329172
|switch|p1a: Ting-Lu|Ting-Lu|59/100
|-ability|p1a: Ting-Lu|Vessel of Ruin
|move|p2a: Pecharunt|Malignant Chain|p1a: Ting-Lu
|-resisted|p1a: Ting-Lu
|-damage|p1a: Ting-Lu|50/100
|-status|p1a: Ting-Lu|tox
|-start|p1a: Ting-Lu|confusion|[from] ability: Poison Puppeteer|[of] p2a: Pecharunt
|
|-heal|p1a: Ting-Lu|56/100 tox|[from] item: Leftovers
|-damage|p1a: Ting-Lu|50/100 tox|[from] psn
|upkeep
|turn|40
|
|t:|1769329190
|move|p2a: Pecharunt|Nasty Plot|p2a: Pecharunt
|-boost|p2a: Pecharunt|spa|2
|-activate|p1a: Ting-Lu|confusion
|-damage|p1a: Ting-Lu|45/100 tox|[from] confusion
|
|-heal|p1a: Ting-Lu|52/100 tox|[from] item: Leftovers
|-damage|p1a: Ting-Lu|39/100 tox|[from] psn
|upkeep
|turn|41
|
|t:|1769329199
|move|p2a: Pecharunt|Malignant Chain|p1a: Ting-Lu
|-resisted|p1a: Ting-Lu
|-damage|p1a: Ting-Lu|21/100 tox
|-activate|p1a: Ting-Lu|confusion
|move|p1a: Ting-Lu|Ruination|p2a: Pecharunt
|-damage|p2a: Pecharunt|50/100
|
|-heal|p1a: Ting-Lu|27/100 tox|[from] item: Leftovers
|-damage|p1a: Ting-Lu|9/100 tox|[from] psn
|upkeep
|turn|42
|
|t:|1769329210
|move|p2a: Pecharunt|Shadow Ball|p1a: Ting-Lu
|-resisted|p1a: Ting-Lu
|-damage|p1a: Ting-Lu|0 fnt
|faint|p1a: Ting-Lu
|
|upkeep
|
|t:|1769329224
|switch|p1a: Kyurem|Kyurem|42/100
|-ability|p1a: Kyurem|Pressure
|turn|43
|
|t:|1769329231
|move|p2a: Pecharunt|Malignant Chain|p1a: Kyurem
|-damage|p1a: Kyurem|0 fnt
|faint|p1a: Kyurem
|
|upkeep
|
|t:|1769329234
|switch|p1a: Tornadus|Tornadus-Therian, M|95/100 brn
|turn|44
|inactive|TheTempest77 has 60 seconds left.
|
|t:|1769329240
|move|p1a: Tornadus|Nasty Plot|p1a: Tornadus
|-boost|p1a: Tornadus|spa|2
|move|p2a: Pecharunt|Recover|p2a: Pecharunt
|-heal|p2a: Pecharunt|100/100
|
|-damage|p1a: Tornadus|89/100 brn|[from] brn
|upkeep
|turn|45
|
|t:|1769329249
|move|p1a: Tornadus|Bleakwind Storm|p2a: Pecharunt
|-damage|p2a: Pecharunt|12/100
|move|p2a: Pecharunt|Shadow Ball|p1a: Tornadus
|-damage|p1a: Tornadus|25/100 brn
|
|-damage|p1a: Tornadus|19/100 brn|[from] brn
|upkeep
|turn|46
|
|t:|1769329259
|move|p1a: Tornadus|Bleakwind Storm|p2a: Pecharunt
|-damage|p2a: Pecharunt|0 fnt
|faint|p2a: Pecharunt
|
|-damage|p1a: Tornadus|13/100 brn|[from] brn
|upkeep
|
|t:|1769329264
|switch|p2a: Iron Valiant|Iron Valiant|82/100
|-damage|p2a: Iron Valiant|69/100|[from] Spikes
|-damage|p2a: Iron Valiant|63/100|[from] Stealth Rock
|turn|47
|c|☆cycleevanescent|close game
|c|☆cycleevanescent|nice roar on Zamazenta
|c|☆TheTempest77|ggs tho
|c|☆cycleevanescent|I should try to chip it a bit more before releasing the doggy
|
|t:|1769329285
|move|p1a: Tornadus|Bleakwind Storm|p2a: Iron Valiant
|-supereffective|p2a: Iron Valiant
|-damage|p2a: Iron Valiant|0 fnt
|faint|p2a: Iron Valiant
|-end|p2a: Iron Valiant|Quark Drive|[silent]
|
|-damage|p1a: Tornadus|7/100 brn|[from] brn
|upkeep
|c|☆cycleevanescent|not sure I win :P
|c|☆cycleevanescent|gg
|
|t:|1769329298
|switch|p2a: Landorus|Landorus-Therian, M|100/100
|-damage|p2a: Landorus|88/100|[from] Stealth Rock
|-ability|p2a: Landorus|Intimidate|boost
|-unboost|p1a: Tornadus|atk|1
|turn|48
|c|☆TheTempest77|surely
|
|t:|1769329310
|move|p1a: Tornadus|Bleakwind Storm|p2a: Landorus
|-damage|p2a: Landorus|9/100
|-unboost|p2a: Landorus|spe|1
|move|p2a: Landorus|U-turn|p1a: Tornadus
|-resisted|p1a: Tornadus
|-damage|p1a: Tornadus|0 fnt
|faint|p1a: Tornadus
|
|win|cycleevanescent
|raw|TheTempest77's rating: 1160 &rarr; <strong>1137</strong><br />(-23 for losing)
|raw|cycleevanescent's rating: 1189 &rarr; <strong>1212</strong><br />(+23 for winning)
|c|☆TheTempest77|off
|c|☆cycleevanescent|see close
|c|☆TheTempest77|close
|c|☆cycleevanescent|GG WP
|c|☆TheTempest77|gg
|c|☆cycleevanescent|great game
|l|☆TheTempest77
|player|p1|
|c|☆cycleevanescent|cya :)))
|l|☆cycleevanescent
|player|p2|
