|j|☆Vega_M2
|j|☆masterinfini
|t:|1769365411
|gametype|singles
|player|p1|Vega_M2|byron|1356
|player|p2|masterinfini|101|1381
|gen|9
|tier|[Gen 9] OU
|rated|
|rule|HP Percentage Mod: HP is shown in percentages
|rule|Endless Battle Clause: Forcing endless battles is banned
|rule|Species Clause: Limit one of each Pokémon
|rule|OHKO Clause: OHKO moves are banned
|rule|Evasion Items Clause: Evasion items are banned
|rule|Evasion Moves Clause: Evasion moves are banned
|rule|Evasion Abilities Clause: Evasion abilities are banned
|rule|Sleep Moves Clause: Sleep-inducing moves are banned
|clearpoke
|poke|p1|Pelipper, M|
|poke|p1|Keldeo|
|poke|p1|Overqwil, F|
|poke|p1|Pecharunt|
|poke|p1|Raging Bolt|
|poke|p1|Heatran, F|
|poke|p2|Tyranitar, F|
|poke|p2|Gholdengo|
|poke|p2|Samurott-Hisui, M|
|poke|p2|Glimmora, M|
|poke|p2|Sinistcha|
|poke|p2|Great Tusk|
|teampreview
|inactive|Battle timer is ON: inactive players will automatically lose when time's up. (requested by Vega_M2)
|
|t:|1769365428
|teamsize|p1|6
|teamsize|p2|6
|start
|switch|p1a: Heatran|Heatran, F|100/100
|switch|p2a: Samurott|Samurott-Hisui, M|100/100
|turn|1
|
|t:|1769365438
|switch|p1a: Keldeo|Keldeo|100/100
|move|p2a: Samurott|Ceaseless Edge|p1a: Keldeo
|-resisted|p1a: Keldeo
|-damage|p1a: Keldeo|79/100
|-ability|p1a: Keldeo|Justified|boost
|-boost|p1a: Keldeo|atk|1
|-sidestart|p1: Vega_M2|Spikes
|
|upkeep
|turn|2
|
|t:|1769365453
|switch|p2a: Sinistcha|Sinistcha|100/100
|move|p1a: Keldeo|Vacuum Wave|p2a: Sinistcha
|-immune|p2a: Sinistcha
|
|upkeep
|turn|3
|
|t:|1769365459
|switch|p1a: Pelipper|Pelipper, M|100/100
|-weather|RainDance|[from] ability: Drizzle|[of] p1a: Pelipper
|move|p2a: Sinistcha|Matcha Gotcha|p1a: Pelipper
|-damage|p1a: Pelipper|54/100
|
|-weather|RainDance|[upkeep]
|upkeep
|turn|4
|
|t:|1769365474
|switch|p2a: Tyranitar|Tyranitar, F|100/100
|-weather|Sandstorm|[from] ability: Sand Stream|[of] p2a: Tyranitar
|switch|p1a: Pecharunt|Pecharunt|100/100
|-item|p1a: Pecharunt|Air Balloon
|
|-weather|Sandstorm|[upkeep]
|-damage|p1a: Pecharunt|94/100|[from] Sandstorm
|upkeep
|turn|5
|
|t:|1769365488
|switch|p2a: Glimmora|Glimmora, M|100/100
|move|p1a: Pecharunt|Parting Shot|p2a: Glimmora
|-unboost|p2a: Glimmora|atk|1
|-unboost|p2a: Glimmora|spa|1
|
|t:|1769365496
|switch|p1a: Heatran|Heatran, F|100/100|[from] Parting Shot
|-damage|p1a: Heatran|88/100|[from] Spikes
|
|-weather|Sandstorm|[upkeep]
|-heal|p1a: Heatran|94/100|[from] item: Leftovers
|upkeep
|turn|6
|
|t:|1769365514
|move|p2a: Glimmora|Earth Power|p1a: Heatran
|-supereffective|p1a: Heatran
|-damage|p1a: Heatran|33/100
|move|p1a: Heatran|Flash Cannon|p2a: Glimmora
|-supereffective|p2a: Glimmora
|-damage|p2a: Glimmora|35/100
|
|-weather|Sandstorm|[upkeep]
|-heal|p1a: Heatran|39/100|[from] item: Leftovers
|upkeep
|turn|7
|
|t:|1769365523
|switch|p1a: Pelipper|Pelipper, M|54/100
|-weather|RainDance|[from] ability: Drizzle|[of] p1a: Pelipper
|move|p2a: Glimmora|Earth Power|p1a: Pelipper
|-immune|p1a: Pelipper
|
|-weather|RainDance|[upkeep]
|upkeep
|turn|8
|
|t:|1769365539
|switch|p2a: Samurott|Samurott-Hisui, M|100/100
|switch|p1a: Pecharunt|Pecharunt|94/100
|-item|p1a: Pecharunt|Air Balloon
|
|-weather|RainDance|[upkeep]
|upkeep
|turn|9
|
|t:|1769365547
|move|p1a: Pecharunt|Malignant Chain|p2a: Samurott
|-damage|p2a: Samurott|76/100
|move|p2a: Samurott|Ceaseless Edge|p1a: Pecharunt
|-supereffective|p1a: Pecharunt
|-crit|p1a: Pecharunt
|-damage|p1a: Pecharunt|25/100
|-enditem|p1a: Pecharunt|Air Balloon
|-sidestart|p1: Vega_M2|Spikes
|
|-weather|RainDance|[upkeep]
|upkeep
|turn|10
|
|t:|1769365557
|move|p1a: Pecharunt|Malignant Chain|p2a: Samurott
|-damage|p2a: Samurott|50/100
|move|p2a: Samurott|Ceaseless Edge|p1a: Pecharunt
|-supereffective|p1a: Pecharunt
|-damage|p1a: Pecharunt|0 fnt
|-sidestart|p1: Vega_M2|Spikes
|faint|p1a: Pecharunt
|
|-weather|RainDance|[upkeep]
|upkeep
|
|t:|1769365565
|switch|p1a: Overqwil|Overqwil, F|100/100
|-damage|p1a: Overqwil|76/100|[from] Spikes
|turn|11
|
|t:|1769365577
|switch|p2a: Gholdengo|Gholdengo|100/100
|move|p1a: Overqwil|Fell Stinger|p2a: Gholdengo
|-resisted|p2a: Gholdengo
|-damage|p2a: Gholdengo|97/100
|-damage|p1a: Overqwil|66/100|[from] item: Life Orb
|
|-weather|RainDance|[upkeep]
|-heal|p2a: Gholdengo|100/100|[from] item: Leftovers
|upkeep
|turn|12
|
|t:|1769365590
|move|p1a: Overqwil|Crunch|p2a: Gholdengo
|-supereffective|p2a: Gholdengo
|-damage|p2a: Gholdengo|14/100
|-damage|p1a: Overqwil|56/100|[from] item: Life Orb
|move|p2a: Gholdengo|Make It Rain|p1a: Overqwil
|-damage|p1a: Overqwil|0 fnt
|-unboost|p2a: Gholdengo|spa|1
|faint|p1a: Overqwil
|
|-weather|RainDance|[upkeep]
|-heal|p2a: Gholdengo|20/100|[from] item: Leftovers
|upkeep
|
|t:|1769365602
|switch|p1a: Keldeo|Keldeo|79/100
|-damage|p1a: Keldeo|54/100|[from] Spikes
|turn|13
|
|t:|1769365606
|switch|p2a: Sinistcha|Sinistcha|100/100
|move|p1a: Keldeo|Surf|p2a: Sinistcha
|-resisted|p2a: Sinistcha
|-damage|p2a: Sinistcha|35/100
|
|-weather|RainDance|[upkeep]
|-heal|p2a: Sinistcha|41/100|[from] item: Leftovers
|upkeep
|turn|14
|
|t:|1769365614
|switch|p2a: Samurott|Samurott-Hisui, M|50/100
|move|p1a: Keldeo|Surf|p2a: Samurott
|-resisted|p2a: Samurott
|-damage|p2a: Samurott|20/100
|
|-weather|none
|upkeep
|turn|15
|
|t:|1769365620
|move|p1a: Keldeo|Surf|p2a: Samurott
|-resisted|p2a: Samurott
|-damage|p2a: Samurott|0 fnt
|faint|p2a: Samurott
|
|upkeep
|
|t:|1769365623
|switch|p2a: Sinistcha|Sinistcha|41/100
|turn|16
|
|t:|1769365627
|switch|p1a: Heatran|Heatran, F|39/100
|-damage|p1a: Heatran|14/100|[from] Spikes
|move|p2a: Sinistcha|Strength Sap|p1a: Heatran
|-unboost|p1a: Heatran|atk|1
|-heal|p2a: Sinistcha|89/100
|
|-heal|p1a: Heatran|21/100|[from] item: Leftovers
|-heal|p2a: Sinistcha|95/100|[from] item: Leftovers
|upkeep
|turn|17
|
|t:|1769365639
|move|p1a: Heatran|Magma Storm|p2a: Sinistcha
|-supereffective|p2a: Sinistcha
|-damage|p2a: Sinistcha|30/100
|-activate|p2a: Sinistcha|move: Magma Storm|[of] p1a: Heatran
|move|p2a: Sinistcha|Calm Mind|p2a: Sinistcha
|-boost|p2a: Sinistcha|spa|1
|-boost|p2a: Sinistcha|spd|1
|
|-heal|p1a: Heatran|27/100|[from] item: Leftovers
|-heal|p2a: Sinistcha|36/100|[from] item: Leftovers
|-damage|p2a: Sinistcha|24/100|[from] move: Magma Storm|[partiallytrapped]
|upkeep
|turn|18
|
|t:|1769365649
|move|p1a: Heatran|Flash Cannon|p2a: Sinistcha
|-damage|p2a: Sinistcha|0 fnt
|faint|p2a: Sinistcha
|
|-heal|p1a: Heatran|33/100|[from] item: Leftovers
|upkeep
|
|t:|1769365654
|switch|p2a: Great Tusk|Great Tusk|100/100
|turn|19
|
|t:|1769365658
|switch|p1a: Pelipper|Pelipper, M|54/100
|-weather|RainDance|[from] ability: Drizzle|[of] p1a: Pelipper
|move|p2a: Great Tusk|Stealth Rock|p1a: Pelipper
|-sidestart|p1: Vega_M2|move: Stealth Rock
|
|-weather|RainDance|[upkeep]
|upkeep
|turn|20
|
|t:|1769365671
|move|p2a: Great Tusk|Rapid Spin|p1a: Pelipper
|-damage|p1a: Pelipper|42/100
|-boost|p2a: Great Tusk|spe|1
|move|p1a: Pelipper|Hurricane|p2a: Great Tusk
|-supereffective|p2a: Great Tusk
|-damage|p2a: Great Tusk|12/100
|
|-weather|RainDance|[upkeep]
|-heal|p2a: Great Tusk|18/100|[from] item: Leftovers
|upkeep
|turn|21
|
|t:|1769365689
|-end|p2a: Great Tusk|Protosynthesis|[silent]
|switch|p2a: Tyranitar|Tyranitar, F|100/100
|-weather|Sandstorm|[from] ability: Sand Stream|[of] p2a: Tyranitar
|move|p1a: Pelipper|Hurricane|p2a: Tyranitar
|-resisted|p2a: Tyranitar
|-damage|p2a: Tyranitar|89/100
|-start|p2a: Tyranitar|confusion
|
|-weather|Sandstorm|[upkeep]
|-damage|p1a: Pelipper|35/100|[from] Sandstorm
|-heal|p2a: Tyranitar|96/100|[from] item: Leftovers
|upkeep
|turn|22
|
|t:|1769365701
|switch|p1a: Keldeo|Keldeo|54/100
|-damage|p1a: Keldeo|29/100|[from] Spikes
|-damage|p1a: Keldeo|23/100|[from] Stealth Rock
|-activate|p2a: Tyranitar|confusion
|move|p2a: Tyranitar|Dragon Dance|p2a: Tyranitar
|-boost|p2a: Tyranitar|atk|1
|-boost|p2a: Tyranitar|spe|1
|
|-weather|Sandstorm|[upkeep]
|-damage|p1a: Keldeo|17/100|[from] Sandstorm
|-heal|p2a: Tyranitar|100/100|[from] item: Leftovers
|upkeep
|turn|23
|
|t:|1769365713
|move|p1a: Keldeo|Aura Sphere|p2a: Tyranitar
|-supereffective|p2a: Tyranitar
|-damage|p2a: Tyranitar|0 fnt
|faint|p2a: Tyranitar
|
|-weather|Sandstorm|[upkeep]
|-damage|p1a: Keldeo|10/100|[from] Sandstorm
|upkeep
|
|t:|1769365723
|switch|p2a: Glimmora|Glimmora, M|35/100
|turn|24
|
|t:|1769365727
|move|p1a: Keldeo|Aura Sphere|p2a: Glimmora
|-damage|p2a: Glimmora|0 fnt
|faint|p2a: Glimmora
|
|-weather|Sandstorm|[upkeep]
|-damage|p1a: Keldeo|4/100|[from] Sandstorm
|upkeep
|
|t:|1769365732
|switch|p2a: Gholdengo|Gholdengo|20/100
|turn|25
|
|t:|1769365735
|move|p1a: Keldeo|Aura Sphere|p2a: Gholdengo
|-immune|p2a: Gholdengo
|move|p2a: Gholdengo|Recover|p2a: Gholdengo
|-heal|p2a: Gholdengo|70/100
|
|-weather|none
|-heal|p2a: Gholdengo|76/100|[from] item: Leftovers
|upkeep
|turn|26
|
|t:|1769365742
|switch|p1a: Pelipper|Pelipper, M|35/100
|-damage|p1a: Pelipper|11/100|[from] Stealth Rock
|-weather|RainDance|[from] ability: Drizzle|[of] p1a: Pelipper
|move|p2a: Gholdengo|Nasty Plot|p2a: Gholdengo
|-boost|p2a: Gholdengo|spa|2
|
|-weather|RainDance|[upkeep]
|-heal|p2a: Gholdengo|82/100|[from] item: Leftovers
|upkeep
|turn|27
|
|t:|1769365755
|move|p2a: Gholdengo|Shadow Ball|p1a: Pelipper
|-damage|p1a: Pelipper|0 fnt
|faint|p1a: Pelipper
|
|-weather|RainDance|[upkeep]
|-heal|p2a: Gholdengo|88/100|[from] item: Leftovers
|upkeep
|
|t:|1769365762
|switch|p1a: Raging Bolt|Raging Bolt|100/100
|-damage|p1a: Raging Bolt|76/100|[from] Spikes
|-damage|p1a: Raging Bolt|63/100|[from] Stealth Rock
|turn|28
|
|t:|1769365771
|move|p2a: Gholdengo|Shadow Ball|p1a: Raging Bolt
|-damage|p1a: Raging Bolt|26/100
|move|p1a: Raging Bolt|Weather Ball|p2a: Gholdengo
|-damage|p2a: Gholdengo|31/100
|
|-weather|RainDance|[upkeep]
|-heal|p2a: Gholdengo|37/100|[from] item: Leftovers
|upkeep
|turn|29
|
|t:|1769365781
|move|p1a: Raging Bolt|Thunderclap|p2a: Gholdengo
|-damage|p2a: Gholdengo|0 fnt
|faint|p2a: Gholdengo
|
|-weather|RainDance|[upkeep]
|upkeep
|
|t:|1769365785
|switch|p2a: Great Tusk|Great Tusk|18/100
|turn|30
|
|t:|1769365794
|move|p2a: Great Tusk|Headlong Rush|p1a: Raging Bolt
|-supereffective|p1a: Raging Bolt
|-damage|p1a: Raging Bolt|0 fnt
|-unboost|p2a: Great Tusk|def|1
|-unboost|p2a: Great Tusk|spd|1
|faint|p1a: Raging Bolt
|-end|p1a: Raging Bolt|Protosynthesis|[silent]
|
|-weather|RainDance|[upkeep]
|-heal|p2a: Great Tusk|24/100|[from] item: Leftovers
|upkeep
|
|t:|1769365806
|switch|p1a: Keldeo|Keldeo|4/100
|-damage|p1a: Keldeo|0 fnt|[from] Spikes
|faint|p1a: Keldeo
|-message|Vega_M2 forfeited.
|
|win|masterinfini
|raw|Vega_M2's rating: 1356 &rarr; <strong>1337</strong><br />(-19 for losing)
|raw|masterinfini's rating: 1381 &rarr; <strong>1400</strong><br />(+19 for winning)
|l|☆Vega_M2
|player|p1|
|l|☆masterinfini
|player|p2|
