|j|☆TheAlphil44
|j|☆nahuel1234567
|t:|1769320564
|gametype|singles
|player|p1|TheAlphil44|acetrainer-gen4|1103
|player|p2|nahuel1234567|266|1158
|gen|9
|tier|[Gen 9] OU
|rated|
|rule|HP Percentage Mod: HP is shown in percentages
|rule|Endless Battle Clause: Forcing endless battles is banned
|rule|Species Clause: Limit one of each Pokémon
|rule|OHKO Clause: OHKO moves are banned
|rule|Evasion Items Clause: Evasion items are banned
|rule|Evasion Moves Clause: Evasion moves are banned
|rule|Evasion Abilities Clause: Evasion abilities are banned
|rule|Sleep Moves Clause: Sleep-inducing moves are banned
|clearpoke
|poke|p1|Cinderace, F|
|poke|p1|Inteleon, M|
|poke|p1|Meowscarada, F|
|poke|p1|Corviknight, M|
|poke|p1|Hatterene, F|
|poke|p1|Garganacl, M|
|poke|p2|Venusaur, F|
|poke|p2|Ninetales, M|
|poke|p2|Exeggutor, M|
|poke|p2|Sableye, F|
|poke|p2|Swampert, F|
|poke|p2|Emboar, F|
|teampreview
|
|t:|1769320577
|teamsize|p1|6
|teamsize|p2|6
|start
|switch|p1a: Hatterene|Hatterene, F|100/100
|switch|p2a: Stitch|Sableye, F|100/100
|turn|1
|
|t:|1769320584
|switch|p1a: Garganacl|Garganacl, M|100/100
|move|p2a: Stitch|Sunny Day|p2a: Stitch
|-weather|SunnyDay
|
|-weather|SunnyDay|[upkeep]
|upkeep
|turn|2
|
|t:|1769320593
|switch|p2a: BruteRoot|Venusaur, F|100/100
|move|p1a: Garganacl|Salt Cure|p2a: BruteRoot
|-damage|p2a: BruteRoot|81/100
|-start|p2a: BruteRoot|Salt Cure
|
|-weather|SunnyDay|[upkeep]
|-damage|p2a: BruteRoot|69/100|[from] Salt Cure
|upkeep
|turn|3
|
|t:|1769320603
|move|p1a: Garganacl|Protect|p1a: Garganacl
|-singleturn|p1a: Garganacl|Protect
|move|p2a: BruteRoot|Growth|p2a: BruteRoot
|-boost|p2a: BruteRoot|atk|2
|-boost|p2a: BruteRoot|spa|2
|
|-weather|SunnyDay|[upkeep]
|-damage|p2a: BruteRoot|57/100|[from] Salt Cure
|upkeep
|turn|4
|
|t:|1769320615
|-terastallize|p1a: Garganacl|Ghost
|move|p2a: BruteRoot|Solar Beam||[still]
|-prepare|p2a: BruteRoot|Solar Beam
|-anim|p2a: BruteRoot|Solar Beam|p1a: Garganacl
|-damage|p1a: Garganacl|0 fnt
|faint|p1a: Garganacl
|-damage|p2a: BruteRoot|47/100|[from] item: Life Orb
|
|-weather|SunnyDay|[upkeep]
|-damage|p2a: BruteRoot|34/100|[from] Salt Cure
|upkeep
|
|t:|1769320628
|switch|p1a: Cinderace|Cinderace, F|100/100
|turn|5
|
|t:|1769320634
|move|p1a: Cinderace|Sucker Punch|p2a: BruteRoot
|-start|p1a: Cinderace|typechange|Dark|[from] ability: Libero
|-damage|p2a: BruteRoot|0 fnt
|faint|p2a: BruteRoot
|
|-weather|none
|upkeep
|
|t:|1769320639
|switch|p2a: Stitch|Sableye, F|100/100
|turn|6
|
|t:|1769320647
|switch|p1a: Meowscarada|Meowscarada, F|100/100
|move|p2a: Stitch|Sunny Day|p2a: Stitch
|-weather|SunnyDay
|
|-weather|SunnyDay|[upkeep]
|upkeep
|turn|7
|
|t:|1769320656
|move|p2a: Stitch|Will-O-Wisp|p1a: Meowscarada
|-hint|Since gen 7, Dark is immune to Prankster moves.
|-immune|p1a: Meowscarada
|move|p1a: Meowscarada|Knock Off|p2a: Stitch
|-start|p1a: Meowscarada|typechange|Dark|[from] ability: Protean
|-damage|p2a: Stitch|35/100
|-enditem|p2a: Stitch|Red Card|[from] move: Knock Off|[of] p1a: Meowscarada
|
|-weather|SunnyDay|[upkeep]
|upkeep
|turn|8
|
|t:|1769320669
|switch|p2a: Chris P|Emboar, F, shiny|100/100
|move|p1a: Meowscarada|Knock Off|p2a: Chris P
|-resisted|p2a: Chris P
|-damage|p2a: Chris P|64/100
|-enditem|p2a: Chris P|Choice Scarf|[from] move: Knock Off|[of] p1a: Meowscarada
|
|-weather|SunnyDay|[upkeep]
|upkeep
|turn|9
|
|t:|1769320680
|switch|p1a: Cinderace|Cinderace, F|100/100
|-terastallize|p2a: Chris P|Fire
|move|p2a: Chris P|Flare Blitz|p1a: Cinderace
|-resisted|p1a: Cinderace
|-damage|p1a: Cinderace|0 fnt
|faint|p1a: Cinderace
|-damage|p2a: Chris P|37/100|[from] Recoil
|
|-weather|SunnyDay|[upkeep]
|upkeep
|
|t:|1769320696
|switch|p1a: Corviknight|Corviknight, M|100/100
|turn|10
|
|t:|1769320703
|move|p2a: Chris P|Flare Blitz|p1a: Corviknight
|-supereffective|p1a: Corviknight
|-damage|p1a: Corviknight|0 fnt
|-damage|p2a: Chris P|20/100|[from] item: Rocky Helmet|[of] p1a: Corviknight
|faint|p1a: Corviknight
|-damage|p2a: Chris P|0 fnt|[from] Recoil
|faint|p2a: Chris P
|
|-weather|none
|upkeep
|
|t:|1769320718
|switch|p2a: Mozilla|Ninetales, M, shiny|100/100
|switch|p1a: Meowscarada|Meowscarada, F|100/100
|-weather|SunnyDay|[from] ability: Drought|[of] p2a: Mozilla
|turn|11
|
|t:|1769320724
|move|p1a: Meowscarada|Knock Off|p2a: Mozilla
|-start|p1a: Meowscarada|typechange|Dark|[from] ability: Protean
|-damage|p2a: Mozilla|20/100
|-enditem|p2a: Mozilla|Heat Rock|[from] move: Knock Off|[of] p1a: Meowscarada
|move|p2a: Mozilla|Solar Beam||[still]
|-prepare|p2a: Mozilla|Solar Beam
|-anim|p2a: Mozilla|Solar Beam|p1a: Meowscarada
|-damage|p1a: Meowscarada|49/100
|
|-weather|SunnyDay|[upkeep]
|upkeep
|turn|12
|
|t:|1769320737
|move|p1a: Meowscarada|Knock Off|p2a: Mozilla
|-damage|p2a: Mozilla|0 fnt
|faint|p2a: Mozilla
|
|-weather|SunnyDay|[upkeep]
|upkeep
|
|t:|1769320739
|switch|p2a: Faceplant|Exeggutor, M, shiny|100/100
|turn|13
|
|t:|1769320745
|move|p2a: Faceplant|Energy Ball|p1a: Meowscarada
|-damage|p1a: Meowscarada|0 fnt
|faint|p1a: Meowscarada
|-damage|p2a: Faceplant|91/100|[from] item: Life Orb
|
|-weather|SunnyDay|[upkeep]
|upkeep
|
|t:|1769320753
|switch|p1a: Hatterene|Hatterene, F|100/100
|turn|14
|
|t:|1769320758
|move|p2a: Faceplant|Growth|p2a: Faceplant
|-boost|p2a: Faceplant|atk|2
|-boost|p2a: Faceplant|spa|2
|move|p1a: Hatterene|Calm Mind|p1a: Hatterene
|-boost|p1a: Hatterene|spa|1
|-boost|p1a: Hatterene|spd|1
|
|-weather|SunnyDay|[upkeep]
|upkeep
|turn|15
|
|t:|1769320766
|move|p2a: Faceplant|Energy Ball|p1a: Hatterene
|-damage|p1a: Hatterene|10/100
|-damage|p2a: Faceplant|81/100|[from] item: Life Orb
|move|p1a: Hatterene|Calm Mind|p1a: Hatterene
|-boost|p1a: Hatterene|spa|1
|-boost|p1a: Hatterene|spd|1
|
|-weather|SunnyDay|[upkeep]
|-heal|p1a: Hatterene|16/100|[from] item: Leftovers
|upkeep
|turn|16
|
|t:|1769320776
|move|p2a: Faceplant|Energy Ball|p1a: Hatterene
|-damage|p1a: Hatterene|0 fnt
|faint|p1a: Hatterene
|-damage|p2a: Faceplant|71/100|[from] item: Life Orb
|
|-weather|SunnyDay|[upkeep]
|upkeep
|
|t:|1769320784
|switch|p1a: Inteleon|Inteleon, M|100/100
|turn|17
|
|t:|1769320789
|move|p2a: Faceplant|Energy Ball|p1a: Inteleon
|-supereffective|p1a: Inteleon
|-damage|p1a: Inteleon|0 fnt
|faint|p1a: Inteleon
|-damage|p2a: Faceplant|61/100|[from] item: Life Orb
|
|win|nahuel1234567
|raw|TheAlphil44's rating: 1103 &rarr; <strong>1082</strong><br />(-21 for losing)
|raw|nahuel1234567's rating: 1158 &rarr; <strong>1179</strong><br />(+21 for winning)
|l|☆nahuel1234567
|player|p2|
|l|☆TheAlphil44
|player|p1|
