|j|☆crownecker
|j|☆JAXI0N
|t:|1769348140
|gametype|singles
|player|p1|crownecker|169|1337
|player|p2|JAXI0N|worker|1376
|gen|9
|tier|[Gen 9] OU
|rated|
|rule|HP Percentage Mod: HP is shown in percentages
|rule|Endless Battle Clause: Forcing endless battles is banned
|rule|Species Clause: Limit one of each Pokémon
|rule|OHKO Clause: OHKO moves are banned
|rule|Evasion Items Clause: Evasion items are banned
|rule|Evasion Moves Clause: Evasion moves are banned
|rule|Evasion Abilities Clause: Evasion abilities are banned
|rule|Sleep Moves Clause: Sleep-inducing moves are banned
|clearpoke
|poke|p1|Hydrapple, M|
|poke|p1|Gliscor, M|
|poke|p1|Slowking-Galar, M|
|poke|p1|Cinderace, M|
|poke|p1|Kingambit, M|
|poke|p1|Iron Valiant|
|poke|p2|Garganacl, M|
|poke|p2|Zapdos|
|poke|p2|Iron Treads|
|poke|p2|Landorus-Therian, M|
|poke|p2|Ogerpon-Wellspring, F|
|poke|p2|Slowbro-Galar, F|
|teampreview
|inactive|Battle timer is ON: inactive players will automatically lose when time's up. (requested by JAXI0N)
|inactive|crownecker also wants the timer to be on.
|
|t:|1769348151
|teamsize|p1|6
|teamsize|p2|6
|start
|switch|p1a: Gliscor|Gliscor, M, shiny|100/100
|switch|p2a: Slowbro|Slowbro-Galar, F|100/100
|turn|1
|-activate|p2a: Slowbro|item: Quick Claw
|
|t:|1769348158
|move|p2a: Slowbro|Nasty Plot|p2a: Slowbro
|-boost|p2a: Slowbro|spa|2
|move|p1a: Gliscor|Earthquake|p2a: Slowbro
|-supereffective|p2a: Slowbro
|-damage|p2a: Slowbro|16/100
|
|-status|p1a: Gliscor|tox|[from] item: Toxic Orb
|upkeep
|turn|2
|
|t:|1769348168
|switch|p1a: Slowking|Slowking-Galar, M, shiny|100/100
|move|p2a: Slowbro|Ice Beam|p1a: Slowking
|-damage|p1a: Slowking|69/100
|
|upkeep
|turn|3
|
|t:|1769348184
|move|p1a: Slowking|Psychic Noise|p2a: Slowbro
|-damage|p2a: Slowbro|0 fnt
|faint|p2a: Slowbro
|
|upkeep
|
|t:|1769348188
|switch|p2a: Landorus|Landorus-Therian, M|100/100
|-ability|p2a: Landorus|Intimidate|boost
|-unboost|p1a: Slowking|atk|1
|turn|4
|
|t:|1769348198
|switch|p1a: Hydrapple|Hydrapple, M, shiny|100/100
|move|p2a: Landorus|U-turn|p1a: Hydrapple
|-supereffective|p1a: Hydrapple
|-damage|p1a: Hydrapple|53/100
|
|t:|1769348204
|switch|p2a: Ogerpon|Ogerpon-Wellspring, F|100/100|[from] U-turn
|
|upkeep
|turn|5
|
|t:|1769348219
|switch|p1a: Slowking|Slowking-Galar, M, shiny|100/100
|move|p2a: Ogerpon|U-turn|p1a: Slowking
|-damage|p1a: Slowking|79/100
|
|t:|1769348222
|switch|p2a: Landorus|Landorus-Therian, M|100/100|[from] U-turn
|-ability|p2a: Landorus|Intimidate|boost
|-unboost|p1a: Slowking|atk|1
|
|upkeep
|turn|6
|
|t:|1769348231
|switch|p1a: Gliscor|Gliscor, M, shiny|100/100 tox
|move|p2a: Landorus|Earthquake|p1a: Gliscor
|-immune|p1a: Gliscor
|
|upkeep
|turn|7
|
|t:|1769348241
|switch|p2a: Garganacl|Garganacl, M|100/100
|move|p1a: Gliscor|Protect||[still]
|-fail|p1a: Gliscor
|
|upkeep
|turn|8
|
|t:|1769348247
|move|p1a: Gliscor|Swords Dance|p1a: Gliscor
|-boost|p1a: Gliscor|atk|2
|move|p2a: Garganacl|Salt Cure|p1a: Gliscor
|-damage|p1a: Gliscor|87/100 tox
|-start|p1a: Gliscor|Salt Cure
|
|-heal|p1a: Gliscor|99/100 tox|[from] ability: Poison Heal
|-damage|p1a: Gliscor|87/100 tox|[from] Salt Cure
|upkeep
|turn|9
|
|t:|1769348252
|-terastallize|p2a: Garganacl|Water
|move|p1a: Gliscor|Swords Dance|p1a: Gliscor
|-boost|p1a: Gliscor|atk|2
|move|p2a: Garganacl|Curse|p2a: Garganacl
|-unboost|p2a: Garganacl|spe|1
|-boost|p2a: Garganacl|atk|1
|-boost|p2a: Garganacl|def|1
|
|-heal|p1a: Gliscor|99/100 tox|[from] ability: Poison Heal
|-damage|p1a: Gliscor|87/100 tox|[from] Salt Cure
|upkeep
|turn|10
|
|t:|1769348256
|move|p1a: Gliscor|Earthquake|p2a: Garganacl
|-damage|p2a: Garganacl|47/100
|move|p2a: Garganacl|Curse|p2a: Garganacl
|-unboost|p2a: Garganacl|spe|1
|-boost|p2a: Garganacl|atk|1
|-boost|p2a: Garganacl|def|1
|
|-heal|p2a: Garganacl|53/100|[from] item: Leftovers
|-heal|p1a: Gliscor|99/100 tox|[from] ability: Poison Heal
|-damage|p1a: Gliscor|87/100 tox|[from] Salt Cure
|upkeep
|turn|11
|
|t:|1769348261
|move|p1a: Gliscor|Earthquake|p2a: Garganacl
|-damage|p2a: Garganacl|12/100
|move|p2a: Garganacl|Recover|p2a: Garganacl
|-heal|p2a: Garganacl|62/100
|
|-heal|p2a: Garganacl|68/100|[from] item: Leftovers
|-heal|p1a: Gliscor|99/100 tox|[from] ability: Poison Heal
|-damage|p1a: Gliscor|87/100 tox|[from] Salt Cure
|upkeep
|turn|12
|
|t:|1769348265
|move|p1a: Gliscor|Swords Dance|p1a: Gliscor
|-boost|p1a: Gliscor|atk|2
|move|p2a: Garganacl|Curse|p2a: Garganacl
|-unboost|p2a: Garganacl|spe|1
|-boost|p2a: Garganacl|atk|1
|-boost|p2a: Garganacl|def|1
|
|-heal|p2a: Garganacl|74/100|[from] item: Leftovers
|-heal|p1a: Gliscor|99/100 tox|[from] ability: Poison Heal
|-damage|p1a: Gliscor|87/100 tox|[from] Salt Cure
|upkeep
|turn|13
|
|t:|1769348268
|move|p1a: Gliscor|Earthquake|p2a: Garganacl
|-damage|p2a: Garganacl|29/100
|move|p2a: Garganacl|Recover|p2a: Garganacl
|-heal|p2a: Garganacl|79/100
|
|-heal|p2a: Garganacl|85/100|[from] item: Leftovers
|-heal|p1a: Gliscor|99/100 tox|[from] ability: Poison Heal
|-damage|p1a: Gliscor|87/100 tox|[from] Salt Cure
|upkeep
|turn|14
|
|t:|1769348275
|switch|p1a: Hydrapple|Hydrapple, M, shiny|86/100
|move|p2a: Garganacl|Curse|p2a: Garganacl
|-unboost|p2a: Garganacl|spe|1
|-boost|p2a: Garganacl|atk|1
|-boost|p2a: Garganacl|def|1
|
|-heal|p2a: Garganacl|91/100|[from] item: Leftovers
|upkeep
|turn|15
|
|t:|1769348280
|move|p1a: Hydrapple|Giga Drain|p2a: Garganacl
|-supereffective|p2a: Garganacl
|-damage|p2a: Garganacl|16/100
|-heal|p1a: Hydrapple|100/100|[from] drain|[of] p2a: Garganacl
|-damage|p1a: Hydrapple|91/100|[from] item: Life Orb
|move|p2a: Garganacl|Salt Cure|p1a: Hydrapple
|-damage|p1a: Hydrapple|59/100
|-start|p1a: Hydrapple|Salt Cure
|
|-heal|p2a: Garganacl|22/100|[from] item: Leftovers
|-damage|p1a: Hydrapple|47/100|[from] Salt Cure
|upkeep
|turn|16
|
|t:|1769348288
|switch|p2a: Landorus|Landorus-Therian, M|100/100
|-ability|p2a: Landorus|Intimidate|boost
|-unboost|p1a: Hydrapple|atk|1
|move|p1a: Hydrapple|Giga Drain|p2a: Landorus
|-damage|p2a: Landorus|27/100
|-heal|p1a: Hydrapple|75/100|[from] drain|[of] p2a: Landorus
|-damage|p1a: Hydrapple|65/100|[from] item: Life Orb
|
|-damage|p1a: Hydrapple|53/100|[from] Salt Cure
|upkeep
|turn|17
|
|t:|1769348293
|switch|p1a: Gliscor|Gliscor, M, shiny|87/100 tox
|move|p2a: Landorus|U-turn|p1a: Gliscor
|-resisted|p1a: Gliscor
|-damage|p1a: Gliscor|74/100 tox
|-message|JAXI0N forfeited.
|
|win|crownecker
|raw|crownecker's rating: 1337 &rarr; <strong>1359</strong><br />(+22 for winning)
|raw|JAXI0N's rating: 1376 &rarr; <strong>1354</strong><br />(-22 for losing)
|l|☆JAXI0N
|player|p2|
|l|☆crownecker
|player|p1|
