|j|☆slave of society
|j|☆fdxjnf
|t:|1769312013
|gametype|singles
|player|p1|slave of society|shadowtriad|1047
|player|p2|fdxjnf|170|1048
|gen|9
|tier|[Gen 9] OU
|rated|
|rule|HP Percentage Mod: HP is shown in percentages
|rule|Endless Battle Clause: Forcing endless battles is banned
|rule|Species Clause: Limit one of each Pokémon
|rule|OHKO Clause: OHKO moves are banned
|rule|Evasion Items Clause: Evasion items are banned
|rule|Evasion Moves Clause: Evasion moves are banned
|rule|Evasion Abilities Clause: Evasion abilities are banned
|rule|Sleep Moves Clause: Sleep-inducing moves are banned
|clearpoke
|poke|p1|Deoxys-Speed|
|poke|p1|Ceruledge, M|
|poke|p1|Zamazenta-*|
|poke|p1|Ogerpon-Wellspring, F|
|poke|p1|Glimmora, F|
|poke|p1|Moltres-Galar|
|poke|p2|Staraptor, M|
|poke|p2|Rhydon, M|
|poke|p2|Hypno, M|
|poke|p2|Exeggutor, F|
|poke|p2|Arcanine, F|
|poke|p2|Gyarados, F|
|teampreview
|
|t:|1769312022
|teamsize|p1|6
|teamsize|p2|6
|start
|switch|p1a: Deoxys|Deoxys-Speed|100/100
|switch|p2a: Gyarados|Gyarados, F|100/100
|-ability|p1a: Deoxys|Pressure
|turn|1
|
|t:|1769312029
|move|p1a: Deoxys|Taunt|p2a: Gyarados
|-start|p2a: Gyarados|move: Taunt
|cant|p2a: Gyarados|move: Taunt|Dragon Dance
|
|upkeep
|turn|2
|
|t:|1769312034
|move|p1a: Deoxys|Reflect|p1a: Deoxys
|-sidestart|p1: slave of society|Reflect
|move|p2a: Gyarados|Crunch|p1a: Deoxys
|-supereffective|p1a: Deoxys
|-damage|p1a: Deoxys|64/100
|-unboost|p1a: Deoxys|def|1
|
|upkeep
|turn|3
|
|t:|1769312044
|switch|p1a: Moltres|Moltres-Galar|100/100
|move|p2a: Gyarados|Crunch|p1a: Moltres
|-resisted|p1a: Moltres
|-damage|p1a: Moltres|92/100
|
|-end|p2a: Gyarados|move: Taunt
|upkeep
|turn|4
|
|t:|1769312055
|move|p1a: Moltres|Agility|p1a: Moltres
|-boost|p1a: Moltres|spe|2
|move|p2a: Gyarados|Dragon Dance|p2a: Gyarados
|-boost|p2a: Gyarados|atk|1
|-boost|p2a: Gyarados|spe|1
|
|upkeep
|turn|5
|
|t:|1769312065
|move|p1a: Moltres|Nasty Plot|p1a: Moltres
|-boost|p1a: Moltres|spa|2
|move|p2a: Gyarados|Dragon Dance|p2a: Gyarados
|-boost|p2a: Gyarados|atk|1
|-boost|p2a: Gyarados|spe|1
|
|upkeep
|turn|6
|
|t:|1769312080
|-terastallize|p1a: Moltres|Fairy
|-terastallize|p2a: Gyarados|Water
|move|p1a: Moltres|Tera Blast|p2a: Gyarados|[anim] Tera Blast Fairy
|-damage|p2a: Gyarados|21/100
|move|p2a: Gyarados|Waterfall|p1a: Moltres
|-damage|p1a: Moltres|19/100
|-ability|p1a: Moltres|Berserk|boost
|-boost|p1a: Moltres|spa|1
|-enditem|p1a: Moltres|Sitrus Berry|[eat]
|-heal|p1a: Moltres|44/100|[from] item: Sitrus Berry
|
|upkeep
|turn|7
|
|t:|1769312094
|move|p1a: Moltres|Tera Blast|p2a: Gyarados|[anim] Tera Blast Fairy
|-damage|p2a: Gyarados|0 fnt
|faint|p2a: Gyarados
|
|upkeep
|
|t:|1769312100
|switch|p2a: Rhydon|Rhydon, M|100/100
|turn|8
|
|t:|1769312128
|move|p1a: Moltres|Tera Blast|p2a: Rhydon|[anim] Tera Blast Fairy
|-damage|p2a: Rhydon|0 fnt
|faint|p2a: Rhydon
|
|upkeep
|inactive|Battle timer is ON: inactive players will automatically lose when time's up. (requested by fdxjnf)
|
|t:|1769312138
|switch|p2a: Arcanine|Arcanine, F|100/100
|-ability|p2a: Arcanine|Intimidate|boost
|-unboost|p1a: Moltres|atk|1
|turn|9
|
|t:|1769312152
|move|p2a: Arcanine|Extreme Speed|p1a: Moltres
|-damage|p1a: Moltres|28/100
|move|p1a: Moltres|Fiery Wrath|p2a: Arcanine
|-crit|p2a: Arcanine
|-damage|p2a: Arcanine|0 fnt
|faint|p2a: Arcanine
|
|-sideend|p1: slave of society|Reflect
|upkeep
|
|t:|1769312162
|switch|p2a: Exeggutor|Exeggutor, F|100/100
|turn|10
|
|t:|1769312165
|move|p1a: Moltres|Fiery Wrath|p2a: Exeggutor
|-supereffective|p2a: Exeggutor
|-enditem|p2a: Exeggutor|Focus Sash
|-damage|p2a: Exeggutor|1/100
|cant|p2a: Exeggutor|flinch
|
|upkeep
|turn|11
|
|t:|1769312176
|move|p1a: Moltres|Fiery Wrath|p2a: Exeggutor
|-supereffective|p2a: Exeggutor
|-damage|p2a: Exeggutor|0 fnt
|faint|p2a: Exeggutor
|
|upkeep
|
|t:|1769312183
|switch|p2a: Staraptor|Staraptor, M|100/100
|-ability|p2a: Staraptor|Intimidate|boost
|-unboost|p1a: Moltres|atk|1
|turn|12
|
|t:|1769312187
|move|p1a: Moltres|Fiery Wrath|p2a: Staraptor
|-damage|p2a: Staraptor|0 fnt
|faint|p2a: Staraptor
|
|upkeep
|
|t:|1769312192
|switch|p2a: Hypno|Hypno, M|100/100
|turn|13
|
|t:|1769312199
|move|p1a: Moltres|Fiery Wrath|p2a: Hypno
|-supereffective|p2a: Hypno
|-crit|p2a: Hypno
|-damage|p2a: Hypno|0 fnt
|faint|p2a: Hypno
|
|win|slave of society
|raw|slave of society's rating: 1047 &rarr; <strong>1080</strong><br />(+33 for winning)
|raw|fdxjnf's rating: 1048 &rarr; <strong>1031</strong><br />(-17 for losing)
