|j|☆toipers_1
|j|☆FRANC1109
|t:|1769368087
|gametype|singles
|player|p1|toipers_1|steven|1096
|player|p2|FRANC1109|benga|1119
|gen|9
|tier|[Gen 9] OU
|rated|
|rule|HP Percentage Mod: HP is shown in percentages
|rule|Endless Battle Clause: Forcing endless battles is banned
|rule|Species Clause: Limit one of each Pokémon
|rule|OHKO Clause: OHKO moves are banned
|rule|Evasion Items Clause: Evasion items are banned
|rule|Evasion Moves Clause: Evasion moves are banned
|rule|Evasion Abilities Clause: Evasion abilities are banned
|rule|Sleep Moves Clause: Sleep-inducing moves are banned
|clearpoke
|poke|p1|Lycanroc-Dusk, F|
|poke|p1|Ceruledge, F|
|poke|p1|Kingambit, M|
|poke|p1|Toxtricity-Low-Key, F|
|poke|p1|Mudsdale, F|
|poke|p1|Clawitzer, F|
|poke|p2|Noivern, M|
|poke|p2|Tsareena, F|
|poke|p2|Lucario, F|
|poke|p2|Grimmsnarl, M|
|poke|p2|Dudunsparce-*, F|
|poke|p2|Volcanion|
|teampreview
|c|☆FRANC1109|Ayoo Clawitzer
|
|t:|1769368106
|teamsize|p1|6
|teamsize|p2|6
|start
|switch|p1a: Lycanroc|Lycanroc-Dusk, F, shiny|100/100
|switch|p2a: Boopy|Dudunsparce-Three-Segment, F, shiny|100/100
|turn|1
|inactive|Battle timer is ON: inactive players will automatically lose when time's up. (requested by FRANC1109)
|
|t:|1769368139
|move|p1a: Lycanroc|Close Combat|p2a: Boopy
|-supereffective|p2a: Boopy
|-damage|p2a: Boopy|36/100
|-unboost|p1a: Lycanroc|def|1
|-unboost|p1a: Lycanroc|spd|1
|-damage|p1a: Lycanroc|84/100|[from] item: Rocky Helmet|[of] p2a: Boopy
|move|p2a: Boopy|Stealth Rock|p1a: Lycanroc
|-sidestart|p1: toipers_1|move: Stealth Rock
|
|upkeep
|turn|2
|
|t:|1769368146
|-terastallize|p2a: Boopy|Fairy
|move|p1a: Lycanroc|Close Combat|p2a: Boopy
|-resisted|p2a: Boopy
|-damage|p2a: Boopy|18/100
|-unboost|p1a: Lycanroc|def|1
|-unboost|p1a: Lycanroc|spd|1
|-damage|p1a: Lycanroc|68/100|[from] item: Rocky Helmet|[of] p2a: Boopy
|move|p2a: Boopy|Roost|p2a: Boopy
|-heal|p2a: Boopy|68/100
|
|upkeep
|turn|3
|
|t:|1769368157
|move|p1a: Lycanroc|Rock Tomb|p2a: Boopy
|-damage|p2a: Boopy|46/100
|-unboost|p2a: Boopy|spe|1
|move|p2a: Boopy|Roost|p2a: Boopy
|-heal|p2a: Boopy|96/100
|
|upkeep
|turn|4
|
|t:|1769368165
|move|p1a: Lycanroc|Rock Tomb|p2a: Boopy
|-damage|p2a: Boopy|76/100
|-unboost|p2a: Boopy|spe|1
|move|p2a: Boopy|Body Press|p1a: Lycanroc
|-supereffective|p1a: Lycanroc
|-damage|p1a: Lycanroc|0 fnt
|faint|p1a: Lycanroc
|
|upkeep
|
|t:|1769368173
|switch|p1a: Kingambit|Kingambit, M|100/100
|-damage|p1a: Kingambit|94/100|[from] Stealth Rock
|-activate|p1a: Kingambit|ability: Supreme Overlord
|-start|p1a: Kingambit|fallen1|[silent]
|turn|5
|
|t:|1769368181
|switch|p2a: Grimmsnarl|Grimmsnarl, M|100/100
|move|p1a: Kingambit|Swords Dance|p1a: Kingambit
|-boost|p1a: Kingambit|atk|2
|
|upkeep
|turn|6
|
|t:|1769368185
|move|p2a: Grimmsnarl|Reflect|p2a: Grimmsnarl
|-sidestart|p2: FRANC1109|Reflect
|move|p1a: Kingambit|Iron Head|p2a: Grimmsnarl
|-supereffective|p2a: Grimmsnarl
|-damage|p2a: Grimmsnarl|15/100
|
|upkeep
|turn|7
|
|t:|1769368192
|switch|p2a: Ringotty|Volcanion|100/100
|move|p1a: Kingambit|Iron Head|p2a: Ringotty
|-resisted|p2a: Ringotty
|-damage|p2a: Ringotty|90/100
|
|upkeep
|turn|8
|
|t:|1769368199
|-terastallize|p1a: Kingambit|Dark
|move|p2a: Ringotty|Flamethrower|p1a: Kingambit
|-damage|p1a: Kingambit|59/100
|move|p1a: Kingambit|Swords Dance|p1a: Kingambit
|-boost|p1a: Kingambit|atk|2
|
|upkeep
|turn|9
|
|t:|1769368224
|move|p2a: Ringotty|Steam Eruption|p1a: Kingambit
|-damage|p1a: Kingambit|16/100
|move|p1a: Kingambit|Swords Dance|p1a: Kingambit
|-boost|p1a: Kingambit|atk|2
|
|upkeep
|turn|10
|
|t:|1769368231
|move|p1a: Kingambit|Sucker Punch|p2a: Ringotty
|-damage|p2a: Ringotty|2/100
|move|p2a: Ringotty|Steam Eruption|p1a: Kingambit
|-damage|p1a: Kingambit|0 fnt
|faint|p1a: Kingambit
|-end|p1a: Kingambit|fallen1|[silent]
|
|upkeep
|
|t:|1769368242
|switch|p1a: Clawitzer|Clawitzer, F|100/100
|-damage|p1a: Clawitzer|88/100|[from] Stealth Rock
|turn|11
|
|t:|1769368253
|move|p2a: Ringotty|Sludge Bomb|p1a: Clawitzer
|-damage|p1a: Clawitzer|61/100
|move|p1a: Clawitzer|Ice Beam|p2a: Ringotty
|-resisted|p2a: Ringotty
|-damage|p2a: Ringotty|0 fnt
|faint|p2a: Ringotty
|
|-heal|p1a: Clawitzer|67/100|[from] item: Leftovers
|upkeep
|
|t:|1769368270
|switch|p2a: Slayee|Tsareena, F, shiny|100/100
|turn|12
|
|t:|1769368273
|move|p2a: Slayee|Petal Blizzard|p1a: Clawitzer
|-supereffective|p1a: Clawitzer
|-damage|p1a: Clawitzer|0 fnt
|faint|p1a: Clawitzer
|
|upkeep
|
|t:|1769368276
|switch|p1a: Ceruledge|Ceruledge, F, shiny|100/100
|-damage|p1a: Ceruledge|76/100|[from] Stealth Rock
|turn|13
|
|t:|1769368287
|move|p1a: Ceruledge|Bitter Blade|p2a: Slayee
|-supereffective|p2a: Slayee
|-damage|p2a: Slayee|47/100
|-heal|p1a: Ceruledge|100/100|[from] drain|[of] p2a: Slayee
|move|p2a: Slayee|U-turn|p1a: Ceruledge
|-resisted|p1a: Ceruledge
|-damage|p1a: Ceruledge|91/100
|-ability|p1a: Ceruledge|Weak Armor|boost
|-unboost|p1a: Ceruledge|def|1
|-boost|p1a: Ceruledge|spe|2
|
|t:|1769368307
|switch|p2a: Boopy|Dudunsparce-Three-Segment, F, shiny, tera:Fairy|76/100|[from] U-turn
|
|-sideend|p2: FRANC1109|Reflect
|upkeep
|turn|14
|
|t:|1769368316
|move|p1a: Ceruledge|Bitter Blade|p2a: Boopy
|-damage|p2a: Boopy|48/100
|-heal|p1a: Ceruledge|100/100|[from] drain|[of] p2a: Boopy
|-damage|p1a: Ceruledge|84/100|[from] item: Rocky Helmet|[of] p2a: Boopy
|move|p2a: Boopy|Toxic|p1a: Ceruledge|[miss]
|-miss|p2a: Boopy|p1a: Ceruledge
|
|upkeep
|turn|15
|
|t:|1769368329
|move|p1a: Ceruledge|Bitter Blade|p2a: Boopy
|-damage|p2a: Boopy|21/100
|-heal|p1a: Ceruledge|100/100|[from] drain|[of] p2a: Boopy
|-damage|p1a: Ceruledge|84/100|[from] item: Rocky Helmet|[of] p2a: Boopy
|move|p2a: Boopy|Toxic|p1a: Ceruledge
|-status|p1a: Ceruledge|tox
|
|-damage|p1a: Ceruledge|78/100 tox|[from] psn
|upkeep
|turn|16
|
|t:|1769368340
|switch|p2a: Grimmsnarl|Grimmsnarl, M|15/100
|move|p1a: Ceruledge|Bitter Blade|p2a: Grimmsnarl
|-damage|p2a: Grimmsnarl|0 fnt
|-heal|p1a: Ceruledge|88/100 tox|[from] drain|[of] p2a: Grimmsnarl
|faint|p2a: Grimmsnarl
|
|-damage|p1a: Ceruledge|75/100 tox|[from] psn
|upkeep
|
|t:|1769368352
|switch|p2a: Draggar|Noivern, M|100/100
|turn|17
|
|t:|1769368357
|move|p1a: Ceruledge|Shadow Claw|p2a: Draggar
|-damage|p2a: Draggar|49/100
|move|p2a: Draggar|Air Slash|p1a: Ceruledge
|-damage|p1a: Ceruledge|34/100 tox
|
|-damage|p1a: Ceruledge|16/100 tox|[from] psn
|upkeep
|turn|18
|
|t:|1769368365
|move|p1a: Ceruledge|Shadow Claw|p2a: Draggar
|-damage|p2a: Draggar|4/100
|move|p2a: Draggar|Dragon Pulse|p1a: Ceruledge
|-damage|p1a: Ceruledge|0 fnt
|faint|p1a: Ceruledge
|
|upkeep
|
|t:|1769368371
|switch|p1a: Mudsdale|Mudsdale, F|100/100
|-damage|p1a: Mudsdale|94/100|[from] Stealth Rock
|turn|19
|
|t:|1769368381
|move|p2a: Draggar|Boomburst|p1a: Mudsdale
|-damage|p1a: Mudsdale|56/100
|-ability|p1a: Mudsdale|Stamina|boost
|-boost|p1a: Mudsdale|def|1
|-enditem|p2a: Draggar|Throat Spray
|-boost|p2a: Draggar|spa|1|[from] item: Throat Spray
|move|p1a: Mudsdale|Smack Down|p2a: Draggar
|-supereffective|p2a: Draggar
|-damage|p2a: Draggar|0 fnt
|faint|p2a: Draggar
|
|upkeep
|
|t:|1769368393
|switch|p2a: Slayee|Tsareena, F, shiny|47/100
|turn|20
|
|t:|1769368400
|move|p2a: Slayee|Petal Blizzard|p1a: Mudsdale
|-supereffective|p1a: Mudsdale
|-damage|p1a: Mudsdale|8/100
|-ability|p1a: Mudsdale|Stamina|boost
|-boost|p1a: Mudsdale|def|1
|-enditem|p1a: Mudsdale|Aguav Berry|[eat]
|-heal|p1a: Mudsdale|41/100|[from] item: Aguav Berry
|move|p1a: Mudsdale|Close Combat|p2a: Slayee
|-damage|p2a: Slayee|0 fnt
|-unboost|p1a: Mudsdale|def|1
|-unboost|p1a: Mudsdale|spd|1
|faint|p2a: Slayee
|
|upkeep
|
|t:|1769368413
|switch|p2a: Boopy|Dudunsparce-Three-Segment, F, shiny, tera:Fairy|21/100
|turn|21
|
|t:|1769368416
|move|p2a: Boopy|Roost|p2a: Boopy
|-heal|p2a: Boopy|71/100
|move|p1a: Mudsdale|Earthquake|p2a: Boopy
|-damage|p2a: Boopy|36/100
|
|upkeep
|turn|22
|
|t:|1769368421
|move|p2a: Boopy|Roost|p2a: Boopy
|-heal|p2a: Boopy|86/100
|move|p1a: Mudsdale|Curse|p1a: Mudsdale
|-unboost|p1a: Mudsdale|spe|1
|-boost|p1a: Mudsdale|atk|1
|-boost|p1a: Mudsdale|def|1
|
|upkeep
|turn|23
|
|t:|1769368429
|move|p2a: Boopy|Body Press|p1a: Mudsdale
|-damage|p1a: Mudsdale|32/100
|-ability|p1a: Mudsdale|Stamina|boost
|-boost|p1a: Mudsdale|def|1
|move|p1a: Mudsdale|Earthquake|p2a: Boopy
|-damage|p2a: Boopy|35/100
|
|upkeep
|turn|24
|
|t:|1769368437
|move|p2a: Boopy|Body Press|p1a: Mudsdale
|-crit|p1a: Mudsdale
|-damage|p1a: Mudsdale|6/100
|-ability|p1a: Mudsdale|Stamina|boost
|-boost|p1a: Mudsdale|def|1
|move|p1a: Mudsdale|Curse|p1a: Mudsdale
|-unboost|p1a: Mudsdale|spe|1
|-boost|p1a: Mudsdale|atk|1
|-boost|p1a: Mudsdale|def|1
|
|upkeep
|turn|25
|
|t:|1769368446
|move|p2a: Boopy|Body Press|p1a: Mudsdale
|-damage|p1a: Mudsdale|1/100
|-ability|p1a: Mudsdale|Stamina|boost
|-boost|p1a: Mudsdale|def|1
|move|p1a: Mudsdale|Earthquake|p2a: Boopy
|-damage|p2a: Boopy|0 fnt
|faint|p2a: Boopy
|
|upkeep
|inactive|FRANC1109 has 120 seconds left.
|inactive|FRANC1109 has 90 seconds left.
|inactive|FRANC1109 has 60 seconds left.
|inactive|FRANC1109 has 30 seconds left.
|inactive|FRANC1109 has 20 seconds left.
|inactive|FRANC1109 has 15 seconds left.
|inactive|FRANC1109 has 10 seconds left.
|inactive|FRANC1109 has 5 seconds left.
|-message|FRANC1109 lost due to inactivity.
|
|win|toipers_1
|raw|toipers_1's rating: 1096 &rarr; <strong>1123</strong><br />(+27 for winning)
|raw|FRANC1109's rating: 1119 &rarr; <strong>1092</strong><br />(-27 for losing)
|l|☆toipers_1
|player|p1|
|l|☆FRANC1109
|player|p2|
