|j|☆pokemayakumo
|j|☆FirstLightSoulja
|t:|1769345976
|gametype|singles
|player|p1|pokemayakumo|caitlin|1612
|player|p2|FirstLightSoulja|giovanni|1665
|gen|9
|tier|[Gen 9] OU
|rated|
|rule|HP Percentage Mod: HP is shown in percentages
|rule|Endless Battle Clause: Forcing endless battles is banned
|rule|Species Clause: Limit one of each Pokémon
|rule|OHKO Clause: OHKO moves are banned
|rule|Evasion Items Clause: Evasion items are banned
|rule|Evasion Moves Clause: Evasion moves are banned
|rule|Evasion Abilities Clause: Evasion abilities are banned
|rule|Sleep Moves Clause: Sleep-inducing moves are banned
|clearpoke
|poke|p1|Ditto|
|poke|p1|Kingambit, M|
|poke|p1|Ninetales-Alola, F|
|poke|p1|Rillaboom, M|
|poke|p1|Cinderace, M|
|poke|p1|Manaphy|
|poke|p2|Garchomp, M|
|poke|p2|Sinistcha|
|poke|p2|Iron Valiant|
|poke|p2|Ogerpon-Wellspring, F|
|poke|p2|Slowking-Galar, M|
|poke|p2|Ceruledge, F|
|teampreview
|inactive|Battle timer is ON: inactive players will automatically lose when time's up. (requested by pokemayakumo)
|
|t:|1769346010
|teamsize|p1|6
|teamsize|p2|6
|start
|switch|p1a: Ninetales|Ninetales-Alola, F|100/100
|switch|p2a: Ceruledge|Ceruledge, F|100/100
|-weather|Snowscape|[from] ability: Snow Warning|[of] p1a: Ninetales
|turn|1
|
|t:|1769346016
|move|p1a: Ninetales|Aurora Veil|p1a: Ninetales
|-sidestart|p1: pokemayakumo|move: Aurora Veil
|move|p2a: Ceruledge|Bitter Blade|p1a: Ninetales
|-supereffective|p1a: Ninetales
|-damage|p1a: Ninetales|63/100
|
|-weather|Snowscape|[upkeep]
|upkeep
|turn|2
|
|t:|1769346024
|move|p1a: Ninetales|Encore|p2a: Ceruledge
|-start|p2a: Ceruledge|Encore
|move|p2a: Ceruledge|Bitter Blade|p1a: Ninetales
|-supereffective|p1a: Ninetales
|-damage|p1a: Ninetales|21/100
|
|-weather|Snowscape|[upkeep]
|upkeep
|turn|3
|
|t:|1769346039
|switch|p1a: Manaphy|Manaphy|100/100
|switch|p2a: Slowking|Slowking-Galar, M|100/100
|
|-weather|Snowscape|[upkeep]
|upkeep
|turn|4
|
|t:|1769346046
|move|p1a: Manaphy|Substitute|p1a: Manaphy
|-start|p1a: Manaphy|Substitute
|-damage|p1a: Manaphy|76/100
|-prepare|p2a: Slowking|Chilly Reception|[premajor]
|move|p2a: Slowking|Chilly Reception|p2a: Slowking
|
|t:|1769346051
|switch|p2a: Ogerpon|Ogerpon-Wellspring, F|100/100|[from] Chilly Reception
|
|-weather|Snowscape|[upkeep]
|-heal|p1a: Manaphy|82/100|[from] item: Leftovers
|upkeep
|turn|5
|
|t:|1769346058
|move|p2a: Ogerpon|Taunt|p1a: Manaphy
|-start|p1a: Manaphy|move: Taunt
|cant|p1a: Manaphy|move: Taunt|Tail Glow
|
|-weather|none
|-heal|p1a: Manaphy|88/100|[from] item: Leftovers
|upkeep
|turn|6
|
|t:|1769346064
|move|p2a: Ogerpon|Horn Leech|p1a: Manaphy
|-supereffective|p1a: Manaphy
|-end|p1a: Manaphy|Substitute
|move|p1a: Manaphy|Alluring Voice|p2a: Ogerpon
|-damage|p2a: Ogerpon|71/100
|
|-heal|p1a: Manaphy|94/100|[from] item: Leftovers
|upkeep
|turn|7
|
|t:|1769346071
|switch|p1a: Cinderace|Cinderace, M|100/100
|move|p2a: Ogerpon|Horn Leech|p1a: Cinderace
|-resisted|p1a: Cinderace
|-damage|p1a: Cinderace|84/100
|-heal|p2a: Ogerpon|79/100|[from] drain|[of] p1a: Cinderace
|
|upkeep
|turn|8
|
|t:|1769346080
|switch|p2a: Ceruledge|Ceruledge, F|100/100
|move|p1a: Cinderace|Gunk Shot|p2a: Ceruledge|[miss]
|-start|p1a: Cinderace|typechange|Poison|[from] ability: Libero
|-miss|p1a: Cinderace|p2a: Ceruledge
|
|-sideend|p1: pokemayakumo|move: Aurora Veil
|upkeep
|turn|9
|
|t:|1769346091
|move|p2a: Ceruledge|Shadow Sneak|p1a: Cinderace
|-damage|p1a: Cinderace|53/100
|move|p1a: Cinderace|Pyro Ball|p2a: Ceruledge
|-start|p2a: Ceruledge|ability: Flash Fire
|
|upkeep
|turn|10
|
|t:|1769346104
|-terastallize|p1a: Cinderace|Ground
|move|p1a: Cinderace|Tera Blast|p2a: Ceruledge|[anim] Tera Blast Ground
|-supereffective|p2a: Ceruledge
|-damage|p2a: Ceruledge|10/100
|move|p2a: Ceruledge|Close Combat|p1a: Cinderace
|-damage|p1a: Cinderace|0 fnt
|-unboost|p2a: Ceruledge|def|1
|-unboost|p2a: Ceruledge|spd|1
|faint|p1a: Cinderace
|
|upkeep
|
|t:|1769346106
|switch|p1a: Ditto|Ditto|100/100
|-transform|p1a: Ditto|p2a: Ceruledge|[from] ability: Imposter
|turn|11
|
|t:|1769346116
|move|p2a: Ceruledge|Shadow Sneak|p1a: Ditto
|-supereffective|p1a: Ditto
|-damage|p1a: Ditto|4/100
|move|p1a: Ditto|Shadow Sneak|p2a: Ceruledge
|-supereffective|p2a: Ceruledge
|-damage|p2a: Ceruledge|0 fnt
|faint|p2a: Ceruledge
|
|upkeep
|
|t:|1769346122
|switch|p2a: Garchomp|Garchomp, M|100/100
|turn|12
|
|t:|1769346127
|move|p1a: Ditto|Shadow Sneak|p2a: Garchomp
|-damage|p2a: Garchomp|82/100
|-damage|p1a: Ditto|0 fnt|[from] ability: Rough Skin|[of] p2a: Garchomp
|faint|p1a: Ditto
|move|p2a: Garchomp|Stealth Rock|p1: Ditto
|-sidestart|p1: pokemayakumo|move: Stealth Rock
|
|upkeep
|-message|pokemayakumo forfeited.
|
|win|FirstLightSoulja
|raw|pokemayakumo's rating: 1612 &rarr; <strong>1595</strong><br />(-17 for losing)
|raw|FirstLightSoulja's rating: 1665 &rarr; <strong>1682</strong><br />(+17 for winning)
|l|☆pokemayakumo
|player|p1|
