|j|☆Praise The Salt
|j|☆Yaoshi
|t:|1769443688
|gametype|singles
|player|p1|Praise The Salt|102|1578
|player|p2|Yaoshi|silver-masters|1625
|gen|9
|tier|[Gen 9] OU
|rated|
|rule|HP Percentage Mod: HP is shown in percentages
|rule|Endless Battle Clause: Forcing endless battles is banned
|rule|Species Clause: Limit one of each Pokémon
|rule|OHKO Clause: OHKO moves are banned
|rule|Evasion Items Clause: Evasion items are banned
|rule|Evasion Moves Clause: Evasion moves are banned
|rule|Evasion Abilities Clause: Evasion abilities are banned
|rule|Sleep Moves Clause: Sleep-inducing moves are banned
|clearpoke
|poke|p1|Corviknight, F|
|poke|p1|Hoopa-Unbound|
|poke|p1|Kingambit, F|
|poke|p1|Landorus-Therian, M|
|poke|p1|Rotom-Wash|
|poke|p1|Slowking-Galar, F|
|poke|p2|Cinderace, F|
|poke|p2|Dragonite, M|
|poke|p2|Iron Valiant|
|poke|p2|Snorlax, F|
|poke|p2|Primarina, M|
|poke|p2|Skarmory, M|
|teampreview
|inactive|Battle timer is ON: inactive players will automatically lose when time's up. (requested by Yaoshi)
|
|t:|1769443701
|teamsize|p1|6
|teamsize|p2|6
|start
|switch|p1a: Landorus|Landorus-Therian, M|100/100
|switch|p2a: One Hit Wonder|Cinderace, F|100/100
|-ability|p1a: Landorus|Intimidate|boost
|-unboost|p2a: One Hit Wonder|atk|1
|turn|1
|inactive|Praise The Salt has 120 seconds left.
|
|t:|1769443751
|switch|p2a: Skarmory|Skarmory, M|100/100
|move|p1a: Landorus|U-turn|p2a: Skarmory
|-resisted|p2a: Skarmory
|-damage|p2a: Skarmory|97/100
|-damage|p1a: Landorus|84/100|[from] item: Rocky Helmet|[of] p2a: Skarmory
|
|t:|1769443754
|switch|p1a: Hoopa|Hoopa-Unbound|100/100|[from] U-turn
|
|upkeep
|turn|2
|inactive|Yaoshi has 120 seconds left.
|
|t:|1769443801
|switch|p2a: Homerun|Snorlax, F, shiny|100/100
|move|p1a: Hoopa|Psyshock|p2a: Homerun
|-damage|p2a: Homerun|26/100
|-enditem|p2a: Homerun|Figy Berry|[eat]
|-heal|p2a: Homerun|60/100|[from] item: Figy Berry
|
|upkeep
|turn|3
|
|t:|1769443819
|switch|p2a: One Hit Wonder|Cinderace, F|100/100
|move|p1a: Hoopa|Psyshock|p2a: One Hit Wonder
|-damage|p2a: One Hit Wonder|0 fnt
|faint|p2a: One Hit Wonder
|
|upkeep
|
|t:|1769443826
|switch|p2a: Ohtani|Dragonite, M|100/100
|turn|4
|inactive|Praise The Salt has 120 seconds left.
|
|t:|1769443837
|switch|p1a: Rotom|Rotom-Wash|100/100
|-terastallize|p2a: Ohtani|Normal
|move|p2a: Ohtani|Extreme Speed|p1a: Rotom
|-damage|p1a: Rotom|42/100
|
|-heal|p1a: Rotom|49/100|[from] item: Leftovers
|upkeep
|turn|5
|inactive|Praise The Salt has 120 seconds left.
|
|t:|1769443849
|switch|p1a: Corviknight|Corviknight, F|100/100
|-ability|p1a: Corviknight|Pressure
|move|p2a: Ohtani|Extreme Speed|p1a: Corviknight
|-resisted|p1a: Corviknight
|-damage|p1a: Corviknight|81/100
|
|-heal|p1a: Corviknight|87/100|[from] item: Leftovers
|upkeep
|turn|6
|
|t:|1769443853
|switch|p2a: Ayami Sato|Primarina, M, shiny|100/100
|move|p1a: Corviknight|U-turn|p2a: Ayami Sato
|-resisted|p2a: Ayami Sato
|-damage|p2a: Ayami Sato|95/100
|inactive|Praise The Salt has 120 seconds left.
|
|t:|1769443863
|switch|p1a: Hoopa|Hoopa-Unbound|100/100|[from] U-turn
|
|-heal|p2a: Ayami Sato|100/100|[from] item: Leftovers
|upkeep
|turn|7
|
|t:|1769443869
|move|p1a: Hoopa|Psyshock|p2a: Ayami Sato
|-crit|p2a: Ayami Sato
|-damage|p2a: Ayami Sato|0 fnt
|faint|p2a: Ayami Sato
|
|upkeep
|
|t:|1769443875
|switch|p2a: Ohtani|Dragonite, M, tera:Normal|100/100
|turn|8
|
|t:|1769443881
|switch|p1a: Rotom|Rotom-Wash|49/100
|move|p2a: Ohtani|Fire Punch|p1a: Rotom
|-resisted|p1a: Rotom
|-damage|p1a: Rotom|30/100
|
|-heal|p1a: Rotom|36/100|[from] item: Leftovers
|upkeep
|turn|9
|
|t:|1769443886
|switch|p2a: Babe Ruth|Iron Valiant, shiny|100/100
|-enditem|p2a: Babe Ruth|Booster Energy
|-activate|p2a: Babe Ruth|ability: Quark Drive|[fromitem]
|-start|p2a: Babe Ruth|quarkdrivespe
|move|p1a: Rotom|Volt Switch|p2a: Babe Ruth
|-damage|p2a: Babe Ruth|53/100
|
|t:|1769443892
|switch|p1a: Slowking|Slowking-Galar, F|100/100|[from] Volt Switch
|
|upkeep
|turn|10
|
|t:|1769443896
|move|p2a: Babe Ruth|Destiny Bond|p2a: Babe Ruth
|-singlemove|p2a: Babe Ruth|Destiny Bond
|move|p1a: Slowking|Flamethrower|p2a: Babe Ruth
|-damage|p2a: Babe Ruth|0 fnt
|faint|p2a: Babe Ruth
|-activate|p2a: Babe Ruth|move: Destiny Bond
|-end|p2a: Babe Ruth|Quark Drive|[silent]
|faint|p1a: Slowking
|
|upkeep
|
|t:|1769443904
|switch|p2a: Ohtani|Dragonite, M, tera:Normal|100/100
|switch|p1a: Rotom|Rotom-Wash|36/100
|turn|11
|
|t:|1769443911
|-terastallize|p1a: Rotom|Steel
|move|p2a: Ohtani|Extreme Speed|p1a: Rotom
|-resisted|p1a: Rotom
|-damage|p1a: Rotom|6/100
|move|p1a: Rotom|Will-O-Wisp|p2a: Ohtani
|-status|p2a: Ohtani|brn
|
|-heal|p1a: Rotom|12/100|[from] item: Leftovers
|-damage|p2a: Ohtani|94/100 brn|[from] brn
|upkeep
|turn|12
|
|t:|1769443918
|move|p2a: Ohtani|Extreme Speed|p1a: Rotom
|-resisted|p1a: Rotom
|-damage|p1a: Rotom|0 fnt
|faint|p1a: Rotom
|
|-damage|p2a: Ohtani|88/100 brn|[from] brn
|upkeep
|
|t:|1769443922
|switch|p1a: Corviknight|Corviknight, F|87/100
|-ability|p1a: Corviknight|Pressure
|turn|13
|
|t:|1769443926
|switch|p2a: Skarmory|Skarmory, M|97/100
|move|p1a: Corviknight|U-turn|p2a: Skarmory
|-resisted|p2a: Skarmory
|-damage|p2a: Skarmory|95/100
|-damage|p1a: Corviknight|70/100|[from] item: Rocky Helmet|[of] p2a: Skarmory
|
|t:|1769443929
|switch|p1a: Hoopa|Hoopa-Unbound|100/100|[from] U-turn
|
|upkeep
|turn|14
|-message|Yaoshi forfeited.
|
|win|Praise The Salt
|raw|Praise The Salt's rating: 1578 &rarr; <strong>1601</strong><br />(+23 for winning)
|raw|Yaoshi's rating: 1625 &rarr; <strong>1602</strong><br />(-23 for losing)
|l|☆Yaoshi
|player|p2|
|l|☆Praise The Salt
|player|p1|
