|j|☆LYHtyt
|j|☆420Pimmelberger
|t:|1769335566
|gametype|singles
|player|p1|LYHtyt|hilbert|1084
|player|p2|420Pimmelberger|102|1136
|gen|9
|tier|[Gen 9] OU
|rated|
|rule|HP Percentage Mod: HP is shown in percentages
|rule|Endless Battle Clause: Forcing endless battles is banned
|rule|Species Clause: Limit one of each Pokémon
|rule|OHKO Clause: OHKO moves are banned
|rule|Evasion Items Clause: Evasion items are banned
|rule|Evasion Moves Clause: Evasion moves are banned
|rule|Evasion Abilities Clause: Evasion abilities are banned
|rule|Sleep Moves Clause: Sleep-inducing moves are banned
|clearpoke
|poke|p1|Dragapult, M|
|poke|p1|Dragonite, F|
|poke|p1|Gholdengo|
|poke|p1|Scizor, F|
|poke|p1|Garchomp, F|
|poke|p1|Tyranitar, F|
|poke|p2|Crabominable, M|
|poke|p2|Polteageist|
|poke|p2|Clodsire, M|
|poke|p2|Exeggutor, M|
|poke|p2|Dondozo, F|
|poke|p2|Kingambit, F|
|teampreview
|
|t:|1769335589
|teamsize|p1|6
|teamsize|p2|6
|start
|switch|p1a: Dragapult|Dragapult, M|100/100
|switch|p2a: Handsome Boi|Crabominable, M|100/100
|turn|1
|
|t:|1769335610
|move|p1a: Dragapult|Will-O-Wisp|p2a: Handsome Boi
|-status|p2a: Handsome Boi|brn
|move|p2a: Handsome Boi|Knock Off|p1a: Dragapult
|-supereffective|p1a: Dragapult
|-damage|p1a: Dragapult|28/100
|-enditem|p1a: Dragapult|Focus Sash|[from] move: Knock Off|[of] p2a: Handsome Boi
|
|-damage|p2a: Handsome Boi|94/100 brn|[from] brn
|upkeep
|turn|2
|
|t:|1769335635
|switch|p1a: Tyranitar|Tyranitar, F|100/100
|-weather|Sandstorm|[from] ability: Sand Stream|[of] p1a: Tyranitar
|move|p2a: Handsome Boi|Knock Off|p1a: Tyranitar
|-resisted|p1a: Tyranitar
|-damage|p1a: Tyranitar|89/100
|-enditem|p1a: Tyranitar|Weakness Policy|[from] move: Knock Off|[of] p2a: Handsome Boi
|
|-weather|Sandstorm|[upkeep]
|-damage|p2a: Handsome Boi|88/100 brn|[from] Sandstorm
|-damage|p2a: Handsome Boi|82/100 brn|[from] brn
|upkeep
|turn|3
|
|t:|1769335654
|switch|p2a: The Don|Dondozo, F|100/100
|move|p1a: Tyranitar|Earthquake|p2a: The Don
|-damage|p2a: The Don|82/100
|
|-weather|Sandstorm|[upkeep]
|-damage|p2a: The Don|76/100|[from] Sandstorm
|-heal|p2a: The Don|82/100|[from] item: Leftovers
|upkeep
|turn|4
|
|t:|1769335668
|switch|p1a: Gholdengo|Gholdengo|100/100
|move|p2a: The Don|Curse|p2a: The Don
|-unboost|p2a: The Don|spe|1
|-boost|p2a: The Don|atk|1
|-boost|p2a: The Don|def|1
|
|-weather|Sandstorm|[upkeep]
|-damage|p2a: The Don|76/100|[from] Sandstorm
|-heal|p2a: The Don|82/100|[from] item: Leftovers
|upkeep
|turn|5
|
|t:|1769335687
|switch|p2a: Handsome Boi|Crabominable, M|82/100 brn
|move|p1a: Gholdengo|Nasty Plot|p1a: Gholdengo
|-boost|p1a: Gholdengo|spa|2
|
|-weather|Sandstorm|[upkeep]
|-damage|p2a: Handsome Boi|76/100 brn|[from] Sandstorm
|-damage|p2a: Handsome Boi|70/100 brn|[from] brn
|upkeep
|turn|6
|
|t:|1769335703
|move|p1a: Gholdengo|Make It Rain|p2a: Handsome Boi
|-supereffective|p2a: Handsome Boi
|-damage|p2a: Handsome Boi|0 fnt
|-unboost|p1a: Gholdengo|spa|1
|faint|p2a: Handsome Boi
|-damage|p1a: Gholdengo|91/100|[from] item: Life Orb
|
|-weather|none
|upkeep
|
|t:|1769335711
|switch|p2a: Swagsire|Clodsire, M|100/100
|turn|7
|
|t:|1769335724
|move|p1a: Gholdengo|Make It Rain|p2a: Swagsire
|-damage|p2a: Swagsire|55/100
|-unboost|p1a: Gholdengo|spa|1
|-damage|p1a: Gholdengo|81/100|[from] item: Life Orb
|move|p2a: Swagsire|Earthquake|p1a: Gholdengo
|-supereffective|p1a: Gholdengo
|-damage|p1a: Gholdengo|18/100
|
|upkeep
|turn|8
|
|t:|1769335736
|switch|p1a: Dragonite|Dragonite, F|100/100
|move|p2a: Swagsire|Recover|p2a: Swagsire
|-heal|p2a: Swagsire|100/100
|
|upkeep
|turn|9
|
|t:|1769335755
|move|p1a: Dragonite|Scale Shot|p2a: Swagsire
|-damage|p2a: Swagsire|85/100
|-damage|p2a: Swagsire|68/100
|-damage|p2a: Swagsire|51/100
|-damage|p2a: Swagsire|35/100
|-hitcount|p2a: Swagsire|4
|-unboost|p1a: Dragonite|def|1
|-boost|p1a: Dragonite|spe|1
|move|p2a: Swagsire|Toxic|p1a: Dragonite
|-status|p1a: Dragonite|tox
|
|-damage|p1a: Dragonite|94/100 tox|[from] psn
|upkeep
|turn|10
|
|t:|1769335772
|switch|p2a: The Don|Dondozo, F|82/100
|move|p1a: Dragonite|Scale Shot|p2a: The Don
|-damage|p2a: The Don|75/100
|-damage|p2a: The Don|69/100
|-damage|p2a: The Don|62/100
|-damage|p2a: The Don|54/100
|-hitcount|p2a: The Don|4
|-unboost|p1a: Dragonite|def|1
|-boost|p1a: Dragonite|spe|1
|
|-heal|p2a: The Don|60/100|[from] item: Leftovers
|-damage|p1a: Dragonite|82/100 tox|[from] psn
|upkeep
|turn|11
|
|t:|1769335792
|move|p1a: Dragonite|Extreme Speed|p2a: The Don
|-damage|p2a: The Don|46/100
|move|p2a: The Don|Waterfall|p1a: Dragonite
|-resisted|p1a: Dragonite
|-damage|p1a: Dragonite|70/100 tox
|
|-heal|p2a: The Don|52/100|[from] item: Leftovers
|-damage|p1a: Dragonite|52/100 tox|[from] psn
|upkeep
|turn|12
|
|t:|1769335806
|switch|p1a: Scizor|Scizor, F|100/100
|move|p2a: The Don|Rest|p2a: The Don
|-status|p2a: The Don|slp|[from] move: Rest
|-heal|p2a: The Don|100/100 slp|[silent]
|
|upkeep
|turn|13
|
|t:|1769335817
|move|p1a: Scizor|Swords Dance|p1a: Scizor
|-boost|p1a: Scizor|atk|2
|cant|p2a: The Don|slp
|move|p2a: The Don|Sleep Talk|p2a: The Don
|move|p2a: The Don|Waterfall|p1a: Scizor|[from] move: Sleep Talk
|-damage|p1a: Scizor|71/100
|
|upkeep
|turn|14
|
|t:|1769335828
|move|p1a: Scizor|Bullet Punch|p2a: The Don
|-resisted|p2a: The Don
|-damage|p2a: The Don|93/100 slp
|cant|p2a: The Don|slp
|move|p2a: The Don|Sleep Talk|p2a: The Don
|move|p2a: The Don|Rest||[from] move: Sleep Talk|[still]
|-fail|p2a: The Don
|
|-heal|p2a: The Don|99/100 slp|[from] item: Leftovers
|upkeep
|turn|15
|
|t:|1769335840
|move|p1a: Scizor|Close Combat|p2a: The Don
|-damage|p2a: The Don|80/100 slp
|-unboost|p1a: Scizor|def|1
|-unboost|p1a: Scizor|spd|1
|-curestatus|p2a: The Don|slp|[msg]
|move|p2a: The Don|Curse|p2a: The Don
|-unboost|p2a: The Don|spe|1
|-boost|p2a: The Don|atk|1
|-boost|p2a: The Don|def|1
|
|-heal|p2a: The Don|86/100|[from] item: Leftovers
|upkeep
|turn|16
|inactive|Battle timer is ON: inactive players will automatically lose when time's up. (requested by 420Pimmelberger)
|
|t:|1769335880
|switch|p1a: Dragapult|Dragapult, M|28/100
|move|p2a: The Don|Waterfall|p1a: Dragapult
|-resisted|p1a: Dragapult
|-damage|p1a: Dragapult|0 fnt
|faint|p1a: Dragapult
|
|-heal|p2a: The Don|92/100|[from] item: Leftovers
|upkeep
|
|t:|1769335903
|switch|p1a: Tyranitar|Tyranitar, F|89/100
|-weather|Sandstorm|[from] ability: Sand Stream|[of] p1a: Tyranitar
|turn|17
|
|t:|1769335917
|-terastallize|p1a: Tyranitar|Flying
|move|p1a: Tyranitar|Knock Off|p2a: The Don
|-damage|p2a: The Don|75/100
|-enditem|p2a: The Don|Leftovers|[from] move: Knock Off|[of] p1a: Tyranitar
|move|p2a: The Don|Curse|p2a: The Don
|-unboost|p2a: The Don|spe|1
|-boost|p2a: The Don|atk|1
|-boost|p2a: The Don|def|1
|
|-weather|Sandstorm|[upkeep]
|-damage|p1a: Tyranitar|83/100|[from] Sandstorm
|-damage|p2a: The Don|69/100|[from] Sandstorm
|upkeep
|turn|18
|
|t:|1769335931
|move|p1a: Tyranitar|Stealth Rock|p2a: The Don
|-sidestart|p2: 420Pimmelberger|move: Stealth Rock
|move|p2a: The Don|Waterfall|p1a: Tyranitar
|-damage|p1a: Tyranitar|39/100
|
|-weather|Sandstorm|[upkeep]
|-damage|p1a: Tyranitar|33/100|[from] Sandstorm
|-damage|p2a: The Don|63/100|[from] Sandstorm
|upkeep
|turn|19
|
|t:|1769335941
|switch|p1a: Garchomp|Garchomp, F|100/100
|move|p2a: The Don|Rest|p2a: The Don
|-status|p2a: The Don|slp|[from] move: Rest
|-heal|p2a: The Don|100/100 slp|[silent]
|
|-weather|Sandstorm|[upkeep]
|-damage|p2a: The Don|94/100 slp|[from] Sandstorm
|upkeep
|turn|20
|
|t:|1769335957
|move|p1a: Garchomp|Outrage|p2a: The Don
|-damage|p2a: The Don|80/100 slp
|cant|p2a: The Don|slp
|move|p2a: The Don|Sleep Talk|p2a: The Don
|move|p2a: The Don|Waterfall|p1a: Garchomp|[from] move: Sleep Talk
|-damage|p1a: Garchomp|45/100
|-damage|p2a: The Don|68/100 slp|[from] ability: Rough Skin|[of] p1a: Garchomp
|
|-weather|Sandstorm|[upkeep]
|-damage|p2a: The Don|61/100 slp|[from] Sandstorm
|upkeep
|turn|21
|
|t:|1769335971
|move|p1a: Garchomp|Outrage|p2a: The Don|[from] lockedmove
|-damage|p2a: The Don|47/100 slp
|cant|p2a: The Don|slp
|move|p2a: The Don|Sleep Talk|p2a: The Don
|move|p2a: The Don|Curse|p2a: The Don|[from] move: Sleep Talk
|-unboost|p2a: The Don|spe|1
|-boost|p2a: The Don|atk|1
|-boost|p2a: The Don|def|1
|
|-weather|none
|upkeep
|turn|22
|
|t:|1769335991
|move|p1a: Garchomp|Outrage|p2a: The Don|[from] lockedmove
|-damage|p2a: The Don|36/100 slp
|-start|p1a: Garchomp|confusion|[fatigue]
|-curestatus|p2a: The Don|slp|[msg]
|move|p2a: The Don|Rest|p2a: The Don
|-status|p2a: The Don|slp|[from] move: Rest
|-heal|p2a: The Don|100/100 slp|[silent]
|
|upkeep
|turn|23
|
|t:|1769336004
|switch|p1a: Gholdengo|Gholdengo|18/100
|cant|p2a: The Don|slp
|move|p2a: The Don|Sleep Talk|p2a: The Don
|move|p2a: The Don|Waterfall|p1a: Gholdengo|[from] move: Sleep Talk
|-damage|p1a: Gholdengo|0 fnt
|faint|p1a: Gholdengo
|
|upkeep
|
|t:|1769336024
|switch|p1a: Dragonite|Dragonite, F|52/100 tox
|turn|24
|
|t:|1769336031
|move|p1a: Dragonite|Extreme Speed|p2a: The Don
|-damage|p2a: The Don|95/100 slp
|cant|p2a: The Don|slp
|move|p2a: The Don|Sleep Talk|p2a: The Don
|move|p2a: The Don|Curse|p2a: The Don|[from] move: Sleep Talk
|-unboost|p2a: The Don|spe|1
|-boost|p2a: The Don|atk|1
|-boost|p2a: The Don|def|1
|
|-damage|p1a: Dragonite|45/100 tox|[from] psn
|upkeep
|turn|25
|
|t:|1769336045
|move|p1a: Dragonite|Extreme Speed|p2a: The Don
|-damage|p2a: The Don|90/100 slp
|-curestatus|p2a: The Don|slp|[msg]
|move|p2a: The Don|Curse|p2a: The Don
|-unboost|p2a: The Don|spe|1
|-boost|p2a: The Don|atk|1
|-boost|p2a: The Don|def|1
|
|-damage|p1a: Dragonite|33/100 tox|[from] psn
|upkeep
|turn|26
|inactive|LYHtyt has 120 seconds left.
|inactive|LYHtyt has 90 seconds left.
|inactive|LYHtyt has 60 seconds left.
|
|t:|1769336141
|move|p1a: Dragonite|Extreme Speed|p2a: The Don
|-damage|p2a: The Don|86/100
|move|p2a: The Don|Curse|p2a: The Don
|-unboost|p2a: The Don|spe|1
|-boost|p2a: The Don|atk|1
|-boost|p2a: The Don|def|1
|
|-damage|p1a: Dragonite|14/100 tox|[from] psn
|upkeep
|turn|27
|c|☆420Pimmelberger|gg my friend
|inactive|LYHtyt has 30 seconds left.
|inactive|LYHtyt has 20 seconds left.
|
|t:|1769336176
|move|p1a: Dragonite|Extreme Speed|p2a: The Don
|-damage|p2a: The Don|83/100
|move|p2a: The Don|Waterfall|p1a: Dragonite
|-resisted|p1a: Dragonite
|-damage|p1a: Dragonite|0 fnt
|faint|p1a: Dragonite
|
|upkeep
|inactive|LYHtyt has 25 seconds left this turn.
|inactive|LYHtyt has 20 seconds left.
|inactive|LYHtyt has 15 seconds left.
|inactive|LYHtyt has 10 seconds left.
|
|t:|1769336193
|switch|p1a: Scizor|Scizor, F|71/100
|turn|28
|inactive|LYHtyt has 20 seconds left this turn.
|inactive|LYHtyt has 15 seconds left.
|inactive|LYHtyt has 10 seconds left.
|inactive|LYHtyt has 5 seconds left.
|
|t:|1769336210
|move|p1a: Scizor|Defog|p2a: The Don
|-unboost|p2a: The Don|evasion|1
|-sideend|p2: 420Pimmelberger|Stealth Rock|[from] move: Defog|[of] p1a: Scizor
|move|p2a: The Don|Waterfall|p1a: Scizor
|-damage|p1a: Scizor|0 fnt
|faint|p1a: Scizor
|
|upkeep
|inactive|LYHtyt has 10 seconds left this turn.
|inactive|LYHtyt has 5 seconds left.
|-message|LYHtyt lost due to inactivity.
|
|win|420Pimmelberger
|raw|LYHtyt's rating: 1084 &rarr; <strong>1065</strong><br />(-19 for losing)
|raw|420Pimmelberger's rating: 1136 &rarr; <strong>1157</strong><br />(+21 for winning)
|l|☆LYHtyt
|player|p1|
|l|☆420Pimmelberger
|player|p2|
