|j|☆boctordognor
|j|☆Girovisk
|t:|1769300338
|gametype|singles
|player|p1|boctordognor|firebreather|1285
|player|p2|Girovisk|veteran|1291
|gen|9
|tier|[Gen 9] OU
|rated|
|rule|HP Percentage Mod: HP is shown in percentages
|rule|Endless Battle Clause: Forcing endless battles is banned
|rule|Species Clause: Limit one of each Pokémon
|rule|OHKO Clause: OHKO moves are banned
|rule|Evasion Items Clause: Evasion items are banned
|rule|Evasion Moves Clause: Evasion moves are banned
|rule|Evasion Abilities Clause: Evasion abilities are banned
|rule|Sleep Moves Clause: Sleep-inducing moves are banned
|clearpoke
|poke|p1|Weezing-Galar, M|
|poke|p1|Alomomola, F|
|poke|p1|Primarina, F|
|poke|p1|Rillaboom, F|
|poke|p1|Ursaluna, M|
|poke|p1|Dragonite, F|
|poke|p2|Maushold-Four|
|poke|p2|Goodra-Hisui, M|
|poke|p2|Comfey, F|
|poke|p2|Oricorio-Pom-Pom, M|
|poke|p2|Mimikyu, M|
|poke|p2|Muk-Alola, F|
|teampreview
|inactive|Battle timer is ON: inactive players will automatically lose when time's up. (requested by Girovisk)
|
|t:|1769300363
|teamsize|p1|6
|teamsize|p2|6
|start
|switch|p1a: Primarina|Primarina, F|100/100
|switch|p2a: Goodra|Goodra-Hisui, M|100/100
|turn|1
|
|t:|1769300367
|move|p1a: Primarina|Flip Turn|p2a: Goodra
|-resisted|p2a: Goodra
|-damage|p2a: Goodra|92/100
|
|t:|1769300375
|switch|p1a: Weezing|Weezing-Galar, M|100/100|[from] Flip Turn
|move|p2a: Goodra|Curse|p2a: Goodra
|-unboost|p2a: Goodra|spe|1
|-boost|p2a: Goodra|atk|1
|-boost|p2a: Goodra|def|1
|
|-heal|p2a: Goodra|98/100|[from] item: Leftovers
|upkeep
|turn|2
|
|t:|1769300382
|move|p1a: Weezing|Will-O-Wisp|p2a: Goodra
|-status|p2a: Goodra|brn
|move|p2a: Goodra|Gyro Ball|p1a: Weezing
|-supereffective|p1a: Weezing
|-damage|p1a: Weezing|76/100
|
|-heal|p2a: Goodra|100/100 brn|[from] item: Leftovers
|-damage|p2a: Goodra|95/100 brn|[from] brn
|upkeep
|turn|3
|
|t:|1769300391
|switch|p2a: Oricorio|Oricorio-Pom-Pom, M|100/100
|move|p1a: Weezing|Pain Split|p2a: Oricorio
|-sethp|p2a: Oricorio|92/100|[from] move: Pain Split|[silent]
|-sethp|p1a: Weezing|84/100|[from] move: Pain Split
|
|-heal|p2a: Oricorio|98/100|[from] item: Leftovers
|upkeep
|turn|4
|
|t:|1769300399
|move|p2a: Oricorio|Quiver Dance|p2a: Oricorio
|-boost|p2a: Oricorio|spa|1
|-boost|p2a: Oricorio|spd|1
|-boost|p2a: Oricorio|spe|1
|move|p1a: Weezing|Sludge Bomb|p2a: Oricorio
|-damage|p2a: Oricorio|72/100
|
|-heal|p2a: Oricorio|78/100|[from] item: Leftovers
|upkeep
|turn|5
|
|t:|1769300408
|switch|p1a: Primarina|Primarina, F|100/100
|move|p2a: Oricorio|Quiver Dance|p2a: Oricorio
|-boost|p2a: Oricorio|spa|1
|-boost|p2a: Oricorio|spd|1
|-boost|p2a: Oricorio|spe|1
|
|-heal|p2a: Oricorio|85/100|[from] item: Leftovers
|upkeep
|turn|6
|
|t:|1769300419
|move|p2a: Oricorio|Revelation Dance|p1a: Primarina
|-supereffective|p1a: Primarina
|-damage|p1a: Primarina|24/100
|move|p1a: Primarina|Flip Turn|p2a: Oricorio
|-damage|p2a: Oricorio|62/100
|
|t:|1769300428
|switch|p1a: Dragonite|Dragonite, F|100/100|[from] Flip Turn
|
|-heal|p2a: Oricorio|68/100|[from] item: Leftovers
|upkeep
|turn|7
|
|t:|1769300437
|move|p2a: Oricorio|Air Slash|p1a: Dragonite
|-damage|p1a: Dragonite|79/100
|move|p1a: Dragonite|Dragon Dance|p1a: Dragonite
|-boost|p1a: Dragonite|atk|1
|-boost|p1a: Dragonite|spe|1
|-activate|p2a: Oricorio|ability: Dancer
|move|p2a: Oricorio|Dragon Dance|p2a: Oricorio|[from] ability: Dancer
|-boost|p2a: Oricorio|atk|1
|-boost|p2a: Oricorio|spe|1
|
|-heal|p2a: Oricorio|75/100|[from] item: Leftovers
|upkeep
|turn|8
|
|t:|1769300444
|-terastallize|p1a: Dragonite|Normal
|move|p1a: Dragonite|Extreme Speed|p2a: Oricorio
|-damage|p2a: Oricorio|8/100
|move|p2a: Oricorio|Air Slash|p1a: Dragonite
|-damage|p1a: Dragonite|35/100
|
|-heal|p2a: Oricorio|15/100|[from] item: Leftovers
|upkeep
|turn|9
|
|t:|1769300451
|switch|p2a: Mimikyu|Mimikyu, M|100/100
|move|p1a: Dragonite|Extreme Speed|p2a: Mimikyu
|-immune|p2a: Mimikyu
|
|upkeep
|turn|10
|
|t:|1769300456
|move|p2a: Mimikyu|Bulk Up|p2a: Mimikyu
|-boost|p2a: Mimikyu|atk|1
|-boost|p2a: Mimikyu|def|1
|move|p1a: Dragonite|Roost|p1a: Dragonite
|-heal|p1a: Dragonite|85/100
|
|upkeep
|turn|11
|
|t:|1769300462
|move|p2a: Mimikyu|Bulk Up|p2a: Mimikyu
|-boost|p2a: Mimikyu|atk|1
|-boost|p2a: Mimikyu|def|1
|move|p1a: Dragonite|Earthquake|p2a: Mimikyu
|-activate|p2a: Mimikyu|ability: Disguise
|-damage|p2a: Mimikyu|100/100
|detailschange|p2a: Mimikyu|Mimikyu-Busted, M
|-damage|p2a: Mimikyu|88/100|[from] pokemon: Mimikyu-Busted
|
|-heal|p2a: Mimikyu|94/100|[from] item: Leftovers
|upkeep
|turn|12
|
|t:|1769300475
|move|p2a: Mimikyu|Bulk Up|p2a: Mimikyu
|-boost|p2a: Mimikyu|atk|1
|-boost|p2a: Mimikyu|def|1
|move|p1a: Dragonite|Dragon Dance|p1a: Dragonite
|-boost|p1a: Dragonite|atk|1
|-boost|p1a: Dragonite|spe|1
|
|-heal|p2a: Mimikyu|99/100|[from] item: Leftovers
|upkeep
|turn|13
|
|t:|1769300480
|move|p1a: Dragonite|Roost|p1a: Dragonite
|-heal|p1a: Dragonite|100/100
|move|p2a: Mimikyu|Drain Punch|p1a: Dragonite
|-supereffective|p1a: Dragonite
|-damage|p1a: Dragonite|54/100
|-heal|p2a: Mimikyu|100/100|[from] drain|[of] p1a: Dragonite
|
|upkeep
|turn|14
|
|t:|1769300492
|switch|p1a: Weezing|Weezing-Galar, M|84/100
|move|p2a: Mimikyu|Drain Punch|p1a: Weezing
|-resisted|p1a: Weezing
|-damage|p1a: Weezing|75/100
|
|upkeep
|turn|15
|
|t:|1769300508
|switch|p2a: Goodra|Goodra-Hisui, M|95/100 brn
|move|p1a: Weezing|Will-O-Wisp|p2a: Goodra
|-fail|p2a: Goodra|brn
|
|-heal|p2a: Goodra|100/100 brn|[from] item: Leftovers
|-damage|p2a: Goodra|95/100 brn|[from] brn
|upkeep
|turn|16
|
|t:|1769300515
|switch|p1a: Alomomola|Alomomola, F|100/100
|move|p2a: Goodra|Thunder Punch|p1a: Alomomola
|-supereffective|p1a: Alomomola
|-damage|p1a: Alomomola|88/100
|
|-heal|p2a: Goodra|100/100 brn|[from] item: Leftovers
|-damage|p2a: Goodra|95/100 brn|[from] brn
|upkeep
|turn|17
|inactive|Girovisk has 120 seconds left.
|inactive|Girovisk has 90 seconds left.
|l|☆boctordognor
|inactive|boctordognor disconnected and has a minute to reconnect!
|player|p1|
|j|☆boctordognor
|inactive|boctordognor reconnected.
|player|p1|boctordognor|firebreather|
|
|t:|1769300596
|switch|p2a: Oricorio|Oricorio-Pom-Pom, M|15/100
|move|p1a: Alomomola|Wish|p1a: Alomomola
|
|-heal|p2a: Oricorio|21/100|[from] item: Leftovers
|upkeep
|turn|18
|
|t:|1769300603
|move|p2a: Oricorio|Roost|p2a: Oricorio
|-heal|p2a: Oricorio|71/100
|-singleturn|p2a: Oricorio|move: Roost
|move|p1a: Alomomola|Flip Turn|p2a: Oricorio
|-damage|p2a: Oricorio|53/100
|
|t:|1769300613
|switch|p1a: Dragonite|Dragonite, F, tera:Normal|54/100|[from] Flip Turn
|
|-heal|p1a: Dragonite|100/100|[from] move: Wish|[wisher] Alomomola
|-heal|p2a: Oricorio|59/100|[from] item: Leftovers
|upkeep
|turn|19
|inactive|Girovisk has 90 seconds left.
|
|t:|1769300627
|switch|p2a: Mimikyu|Mimikyu-Busted, M|100/100
|move|p1a: Dragonite|Earthquake|p2a: Mimikyu
|-damage|p2a: Mimikyu|40/100
|
|-heal|p2a: Mimikyu|46/100|[from] item: Leftovers
|upkeep
|turn|20
|
|t:|1769300637
|switch|p1a: Weezing|Weezing-Galar, M|75/100
|move|p2a: Mimikyu|Drain Punch|p1a: Weezing
|-resisted|p1a: Weezing
|-damage|p1a: Weezing|72/100
|-heal|p2a: Mimikyu|48/100|[from] drain|[of] p1a: Weezing
|
|-heal|p2a: Mimikyu|54/100|[from] item: Leftovers
|upkeep
|turn|21
|
|t:|1769300644
|switch|p2a: Goodra|Goodra-Hisui, M|95/100 brn
|move|p1a: Weezing|Pain Split|p2a: Goodra
|-sethp|p2a: Goodra|87/100 brn|[from] move: Pain Split|[silent]
|-sethp|p1a: Weezing|79/100|[from] move: Pain Split
|
|-heal|p2a: Goodra|93/100 brn|[from] item: Leftovers
|-damage|p2a: Goodra|87/100 brn|[from] brn
|upkeep
|turn|22
|inactive|Girovisk has 90 seconds left.
|inactive|Girovisk has 60 seconds left.
|inactive|Girovisk has 30 seconds left.
|
|t:|1769300729
|switch|p1a: Alomomola|Alomomola, F|100/100
|move|p2a: Goodra|Gyro Ball|p1a: Alomomola
|-resisted|p1a: Alomomola
|-damage|p1a: Alomomola|99/100
|
|-heal|p2a: Goodra|93/100 brn|[from] item: Leftovers
|-damage|p2a: Goodra|87/100 brn|[from] brn
|upkeep
|turn|23
|inactive|boctordognor has 120 seconds left.
|
|t:|1769300755
|move|p1a: Alomomola|Wish|p1a: Alomomola
|move|p2a: Goodra|Thunder Punch|p1a: Alomomola
|-supereffective|p1a: Alomomola
|-crit|p1a: Alomomola
|-damage|p1a: Alomomola|80/100
|-status|p1a: Alomomola|par
|
|-heal|p2a: Goodra|93/100 brn|[from] item: Leftovers
|-damage|p2a: Goodra|87/100 brn|[from] brn
|upkeep
|turn|24
|
|t:|1769300760
|switch|p2a: Mimikyu|Mimikyu-Busted, M|54/100
|move|p1a: Alomomola|Flip Turn|p2a: Mimikyu
|-damage|p2a: Mimikyu|25/100
|
|t:|1769300766
|switch|p1a: Primarina|Primarina, F|24/100|[from] Flip Turn
|
|-heal|p1a: Primarina|100/100|[from] move: Wish|[wisher] Alomomola
|-heal|p2a: Mimikyu|31/100|[from] item: Leftovers
|upkeep
|turn|25
|
|t:|1769300775
|switch|p2a: Goodra|Goodra-Hisui, M|87/100 brn
|move|p1a: Primarina|Flip Turn|p2a: Goodra
|-resisted|p2a: Goodra
|-damage|p2a: Goodra|79/100 brn
|
|t:|1769300782
|switch|p1a: Ursaluna|Ursaluna, M|100/100|[from] Flip Turn
|
|-heal|p2a: Goodra|85/100 brn|[from] item: Leftovers
|-damage|p2a: Goodra|79/100 brn|[from] brn
|-status|p1a: Ursaluna|brn|[from] item: Flame Orb
|upkeep
|turn|26
|inactive|Girovisk has 60 seconds left.
|
|t:|1769300789
|move|p1a: Ursaluna|Swords Dance|p1a: Ursaluna
|-boost|p1a: Ursaluna|atk|2
|move|p2a: Goodra|Body Press|p1a: Ursaluna
|-supereffective|p1a: Ursaluna
|-damage|p1a: Ursaluna|85/100 brn
|
|-heal|p2a: Goodra|85/100 brn|[from] item: Leftovers
|-damage|p1a: Ursaluna|79/100 brn|[from] brn
|-damage|p2a: Goodra|79/100 brn|[from] brn
|upkeep
|turn|27
|
|t:|1769300799
|move|p1a: Ursaluna|Facade|p2a: Goodra
|-resisted|p2a: Goodra
|-damage|p2a: Goodra|0 fnt
|faint|p2a: Goodra
|
|-damage|p1a: Ursaluna|73/100 brn|[from] brn
|upkeep
|
|t:|1769300804
|switch|p2a: Maushold|Maushold-Four|100/100
|turn|28
|
|t:|1769300811
|move|p2a: Maushold|Bullet Seed|p1a: Ursaluna
|-supereffective|p1a: Ursaluna
|-damage|p1a: Ursaluna|57/100 brn
|-supereffective|p1a: Ursaluna
|-damage|p1a: Ursaluna|42/100 brn
|-hitcount|p1a: Ursaluna|2
|move|p1a: Ursaluna|Facade|p2a: Maushold
|-damage|p2a: Maushold|0 fnt
|faint|p2a: Maushold
|
|-damage|p1a: Ursaluna|36/100 brn|[from] brn
|upkeep
|
|t:|1769300831
|switch|p2a: Comfey|Comfey, F|100/100
|turn|29
|
|t:|1769300836
|move|p2a: Comfey|Giga Drain|p1a: Ursaluna
|-supereffective|p1a: Ursaluna
|-damage|p1a: Ursaluna|0 fnt
|faint|p1a: Ursaluna
|
|upkeep
|
|t:|1769300843
|switch|p1a: Weezing|Weezing-Galar, M|79/100
|turn|30
|inactive|Girovisk has 90 seconds left.
|
|t:|1769300854
|switch|p2a: Oricorio|Oricorio-Pom-Pom, M|59/100
|move|p1a: Weezing|Will-O-Wisp|p2a: Oricorio
|-status|p2a: Oricorio|brn
|
|-heal|p2a: Oricorio|66/100 brn|[from] item: Leftovers
|-damage|p2a: Oricorio|59/100 brn|[from] brn
|upkeep
|turn|31
|inactive|Girovisk has 90 seconds left.
|
|t:|1769300867
|switch|p1a: Dragonite|Dragonite, F, tera:Normal|100/100
|move|p2a: Oricorio|Quiver Dance|p2a: Oricorio
|-boost|p2a: Oricorio|spa|1
|-boost|p2a: Oricorio|spd|1
|-boost|p2a: Oricorio|spe|1
|
|-heal|p2a: Oricorio|66/100 brn|[from] item: Leftovers
|-damage|p2a: Oricorio|59/100 brn|[from] brn
|upkeep
|turn|32
|
|t:|1769300880
|move|p1a: Dragonite|Extreme Speed|p2a: Oricorio
|-damage|p2a: Oricorio|13/100 brn
|move|p2a: Oricorio|Revelation Dance|p1a: Dragonite
|-damage|p1a: Dragonite|81/100
|
|-heal|p2a: Oricorio|19/100 brn|[from] item: Leftovers
|-damage|p2a: Oricorio|13/100 brn|[from] brn
|upkeep
|turn|33
|
|t:|1769300889
|move|p1a: Dragonite|Extreme Speed|p2a: Oricorio
|-damage|p2a: Oricorio|0 fnt
|faint|p2a: Oricorio
|
|upkeep
|
|t:|1769300890
|switch|p2a: Mimikyu|Mimikyu-Busted, M|31/100
|turn|34
|
|t:|1769300896
|move|p2a: Mimikyu|Drain Punch|p1a: Dragonite
|-supereffective|p1a: Dragonite
|-damage|p1a: Dragonite|46/100
|-heal|p2a: Mimikyu|57/100|[from] drain|[of] p1a: Dragonite
|move|p1a: Dragonite|Roost|p1a: Dragonite
|-heal|p1a: Dragonite|96/100
|
|-heal|p2a: Mimikyu|63/100|[from] item: Leftovers
|upkeep
|turn|35
|
|t:|1769300900
|switch|p1a: Weezing|Weezing-Galar, M|79/100
|move|p2a: Mimikyu|Drain Punch|p1a: Weezing
|-resisted|p1a: Weezing
|-damage|p1a: Weezing|75/100
|-heal|p2a: Mimikyu|66/100|[from] drain|[of] p1a: Weezing
|
|-heal|p2a: Mimikyu|72/100|[from] item: Leftovers
|upkeep
|turn|36
|inactive|Girovisk has 120 seconds left.
|
|t:|1769300918
|move|p2a: Mimikyu|Shadow Sneak|p1a: Weezing
|-damage|p1a: Weezing|63/100
|move|p1a: Weezing|Will-O-Wisp|p2a: Mimikyu
|-status|p2a: Mimikyu|brn
|
|-heal|p2a: Mimikyu|78/100 brn|[from] item: Leftovers
|-damage|p2a: Mimikyu|72/100 brn|[from] brn
|upkeep
|turn|37
|-message|Girovisk forfeited.
|
|win|boctordognor
|raw|boctordognor's rating: 1285 &rarr; <strong>1310</strong><br />(+25 for winning)
|raw|Girovisk's rating: 1291 &rarr; <strong>1266</strong><br />(-25 for losing)
|l|☆Girovisk
|player|p2|
|l|☆boctordognor
|player|p1|
