|j|☆Marceeisanut
|j|☆awerpc
|t:|1769372309
|gametype|singles
|player|p1|Marceeisanut|102|1196
|player|p2|awerpc|2|1180
|gen|9
|tier|[Gen 9] OU
|rated|
|rule|HP Percentage Mod: HP is shown in percentages
|rule|Endless Battle Clause: Forcing endless battles is banned
|rule|Species Clause: Limit one of each Pokémon
|rule|OHKO Clause: OHKO moves are banned
|rule|Evasion Items Clause: Evasion items are banned
|rule|Evasion Moves Clause: Evasion moves are banned
|rule|Evasion Abilities Clause: Evasion abilities are banned
|rule|Sleep Moves Clause: Sleep-inducing moves are banned
|clearpoke
|poke|p1|Whiscash, M|
|poke|p1|Slowking-Galar, F|
|poke|p1|Corviknight, M|
|poke|p1|Ursaluna, F|
|poke|p1|Cresselia, F|
|poke|p1|Kingambit, M|
|poke|p2|Cinderace, F|
|poke|p2|Mandibuzz, F|
|poke|p2|Excadrill, F|
|poke|p2|Primarina, F|
|poke|p2|Dragapult, M|
|poke|p2|Rillaboom, F|
|teampreview
|inactive|Battle timer is ON: inactive players will automatically lose when time's up. (requested by Marceeisanut)
|
|t:|1769372325
|teamsize|p1|6
|teamsize|p2|6
|start
|switch|p1a: Whiscash|Whiscash, M|100/100
|switch|p2a: Cinderace|Cinderace, F|100/100
|turn|1
|
|t:|1769372341
|move|p2a: Cinderace|U-turn|p1a: Whiscash
|-start|p2a: Cinderace|typechange|Bug|[from] ability: Libero
|-damage|p1a: Whiscash|67/100
|
|t:|1769372344
|switch|p2a: Rillaboom|Rillaboom, F|100/100|[from] U-turn
|-fieldstart|move: Grassy Terrain|[from] ability: Grassy Surge|[of] p2a: Rillaboom
|move|p1a: Whiscash|Stealth Rock|p2a: Rillaboom
|-sidestart|p2: awerpc|move: Stealth Rock
|
|-heal|p1a: Whiscash|73/100|[from] Grassy Terrain
|-heal|p1a: Whiscash|79/100|[from] item: Leftovers
|upkeep
|turn|2
|
|t:|1769372356
|switch|p1a: Corviknight|Corviknight, M|100/100
|-ability|p1a: Corviknight|Pressure
|move|p2a: Rillaboom|Knock Off|p1a: Corviknight
|-damage|p1a: Corviknight|67/100
|-damage|p2a: Rillaboom|84/100|[from] item: Rocky Helmet|[of] p1a: Corviknight
|-enditem|p1a: Corviknight|Rocky Helmet|[from] move: Knock Off|[of] p2a: Rillaboom
|
|-heal|p2a: Rillaboom|90/100|[from] Grassy Terrain
|upkeep
|turn|3
|
|t:|1769372370
|switch|p2a: Mandibuzz|Mandibuzz, F, shiny|100/100
|-damage|p2a: Mandibuzz|76/100|[from] Stealth Rock
|move|p1a: Corviknight|U-turn|p2a: Mandibuzz
|-damage|p2a: Mandibuzz|68/100
|-damage|p1a: Corviknight|51/100|[from] item: Rocky Helmet|[of] p2a: Mandibuzz
|
|t:|1769372385
|switch|p1a: Whiscash|Whiscash, M|79/100|[from] U-turn
|
|-heal|p1a: Whiscash|85/100|[from] Grassy Terrain
|-heal|p1a: Whiscash|92/100|[from] item: Leftovers
|upkeep
|turn|4
|
|t:|1769372397
|move|p2a: Mandibuzz|Roost|p2a: Mandibuzz
|-heal|p2a: Mandibuzz|100/100
|-singleturn|p2a: Mandibuzz|move: Roost
|move|p1a: Whiscash|Curse|p1a: Whiscash
|-unboost|p1a: Whiscash|spe|1
|-boost|p1a: Whiscash|atk|1
|-boost|p1a: Whiscash|def|1
|
|-heal|p1a: Whiscash|98/100|[from] Grassy Terrain
|-heal|p1a: Whiscash|100/100|[from] item: Leftovers
|upkeep
|turn|5
|
|t:|1769372421
|move|p2a: Mandibuzz|U-turn|p1a: Whiscash
|-damage|p1a: Whiscash|92/100
|
|t:|1769372425
|switch|p2a: Rillaboom|Rillaboom, F|90/100|[from] U-turn
|-damage|p2a: Rillaboom|78/100|[from] Stealth Rock
|move|p1a: Whiscash|Curse|p1a: Whiscash
|-unboost|p1a: Whiscash|spe|1
|-boost|p1a: Whiscash|atk|1
|-boost|p1a: Whiscash|def|1
|
|-heal|p2a: Rillaboom|84/100|[from] Grassy Terrain
|-heal|p1a: Whiscash|99/100|[from] Grassy Terrain
|-heal|p1a: Whiscash|100/100|[from] item: Leftovers
|-fieldend|move: Grassy Terrain
|upkeep
|turn|6
|
|t:|1769372445
|-terastallize|p1a: Whiscash|Grass
|move|p2a: Rillaboom|Grassy Glide|p1a: Whiscash
|-resisted|p1a: Whiscash
|-damage|p1a: Whiscash|89/100
|move|p1a: Whiscash|Liquidation|p2a: Rillaboom
|-resisted|p2a: Rillaboom
|-damage|p2a: Rillaboom|45/100
|
|-heal|p1a: Whiscash|95/100|[from] item: Leftovers
|upkeep
|turn|7
|
|t:|1769372457
|switch|p2a: Mandibuzz|Mandibuzz, F, shiny|100/100
|-damage|p2a: Mandibuzz|76/100|[from] Stealth Rock
|move|p1a: Whiscash|Liquidation|p2a: Mandibuzz
|-damage|p2a: Mandibuzz|39/100
|-damage|p1a: Whiscash|79/100|[from] item: Rocky Helmet|[of] p2a: Mandibuzz
|
|-heal|p1a: Whiscash|85/100|[from] item: Leftovers
|upkeep
|turn|8
|
|t:|1769372467
|move|p2a: Mandibuzz|Roost|p2a: Mandibuzz
|-heal|p2a: Mandibuzz|89/100
|-singleturn|p2a: Mandibuzz|move: Roost
|move|p1a: Whiscash|Liquidation|p2a: Mandibuzz
|-damage|p2a: Mandibuzz|53/100
|-unboost|p2a: Mandibuzz|def|1
|-damage|p1a: Whiscash|68/100|[from] item: Rocky Helmet|[of] p2a: Mandibuzz
|
|-heal|p1a: Whiscash|74/100|[from] item: Leftovers
|upkeep
|turn|9
|
|t:|1769372482
|move|p2a: Mandibuzz|Defog|p1a: Whiscash
|-unboost|p1a: Whiscash|evasion|1
|-sideend|p2: awerpc|Stealth Rock|[from] move: Defog|[of] p2a: Mandibuzz
|move|p1a: Whiscash|Curse|p1a: Whiscash
|-unboost|p1a: Whiscash|spe|1
|-boost|p1a: Whiscash|atk|1
|-boost|p1a: Whiscash|def|1
|
|-heal|p1a: Whiscash|80/100|[from] item: Leftovers
|upkeep
|turn|10
|
|t:|1769372495
|move|p2a: Mandibuzz|Roost|p2a: Mandibuzz
|-heal|p2a: Mandibuzz|100/100
|-singleturn|p2a: Mandibuzz|move: Roost
|move|p1a: Whiscash|Liquidation|p2a: Mandibuzz
|-damage|p2a: Mandibuzz|28/100
|-damage|p1a: Whiscash|64/100|[from] item: Rocky Helmet|[of] p2a: Mandibuzz
|
|-heal|p1a: Whiscash|70/100|[from] item: Leftovers
|upkeep
|turn|11
|
|t:|1769372506
|move|p2a: Mandibuzz|Foul Play|p1a: Whiscash
|-damage|p1a: Whiscash|33/100
|move|p1a: Whiscash|Curse|p1a: Whiscash
|-unboost|p1a: Whiscash|spe|1
|-boost|p1a: Whiscash|atk|1
|-boost|p1a: Whiscash|def|1
|
|-heal|p1a: Whiscash|39/100|[from] item: Leftovers
|upkeep
|turn|12
|
|t:|1769372530
|move|p2a: Mandibuzz|Roost|p2a: Mandibuzz
|-heal|p2a: Mandibuzz|78/100
|-singleturn|p2a: Mandibuzz|move: Roost
|move|p1a: Whiscash|Liquidation|p2a: Mandibuzz
|-damage|p2a: Mandibuzz|0 fnt
|-damage|p1a: Whiscash|22/100|[from] item: Rocky Helmet|[of] p2a: Mandibuzz
|faint|p2a: Mandibuzz
|
|-heal|p1a: Whiscash|28/100|[from] item: Leftovers
|upkeep
|inactive|awerpc has 120 seconds left.
|
|t:|1769372549
|switch|p2a: Cinderace|Cinderace, F|100/100
|turn|13
|inactive|awerpc has 120 seconds left.
|
|t:|1769372554
|move|p2a: Cinderace|Pyro Ball|p1a: Whiscash
|-supereffective|p1a: Whiscash
|-damage|p1a: Whiscash|0 fnt
|faint|p1a: Whiscash
|
|upkeep
|
|t:|1769372567
|switch|p1a: Slowking|Slowking-Galar, F|100/100
|turn|14
|inactive|awerpc has 120 seconds left.
|
|t:|1769372598
|move|p2a: Cinderace|U-turn|p1a: Slowking
|-start|p2a: Cinderace|typechange|Bug|[from] ability: Libero
|-damage|p1a: Slowking|65/100
|
|t:|1769372604
|switch|p2a: Dragapult|Dragapult, M|100/100|[from] U-turn
|move|p1a: Slowking|Trick Room|p1a: Slowking
|-fieldstart|move: Trick Room|[of] p1a: Slowking
|
|upkeep
|turn|15
|
|t:|1769372619
|-prepare|p1a: Slowking|Chilly Reception|[premajor]
|move|p1a: Slowking|Chilly Reception|p1a: Slowking
|-weather|Snowscape
|
|t:|1769372621
|switch|p1a: Ursaluna|Ursaluna, F|100/100|[from] Chilly Reception
|move|p2a: Dragapult|Shadow Ball|p1a: Ursaluna
|-immune|p1a: Ursaluna
|
|-weather|Snowscape|[upkeep]
|-status|p1a: Ursaluna|brn|[from] item: Flame Orb
|upkeep
|turn|16
|
|t:|1769372640
|switch|p2a: Primarina|Primarina, F|100/100
|move|p1a: Ursaluna|Ice Punch|p2a: Primarina
|-resisted|p2a: Primarina
|-damage|p2a: Primarina|76/100
|
|-weather|Snowscape|[upkeep]
|-damage|p1a: Ursaluna|94/100 brn|[from] brn
|upkeep
|turn|17
|
|t:|1769372652
|move|p1a: Ursaluna|Facade|p2a: Primarina
|-damage|p2a: Primarina|0 fnt
|faint|p2a: Primarina
|
|-weather|Snowscape|[upkeep]
|-damage|p1a: Ursaluna|88/100 brn|[from] brn
|upkeep
|
|t:|1769372661
|switch|p2a: Rillaboom|Rillaboom, F|45/100
|-fieldstart|move: Grassy Terrain|[from] ability: Grassy Surge|[of] p2a: Rillaboom
|turn|18
|
|t:|1769372671
|switch|p1a: Corviknight|Corviknight, M|51/100
|-ability|p1a: Corviknight|Pressure
|move|p2a: Rillaboom|Grassy Glide|p1a: Corviknight
|-resisted|p1a: Corviknight
|-damage|p1a: Corviknight|41/100
|
|-weather|Snowscape|[upkeep]
|-heal|p2a: Rillaboom|51/100|[from] Grassy Terrain
|-fieldend|move: Trick Room
|upkeep
|turn|19
|
|t:|1769372685
|switch|p2a: Excadrill|Excadrill, F|100/100
|-ability|p2a: Excadrill|Mold Breaker
|move|p1a: Corviknight|Roost|p1a: Corviknight
|-heal|p1a: Corviknight|91/100
|-singleturn|p1a: Corviknight|move: Roost
|
|-weather|none
|-heal|p1a: Corviknight|97/100|[from] Grassy Terrain
|upkeep
|turn|20
|
|t:|1769372699
|move|p2a: Excadrill|Stealth Rock|p1a: Corviknight
|-sidestart|p1: Marceeisanut|move: Stealth Rock
|move|p1a: Corviknight|U-turn|p2a: Excadrill
|-resisted|p2a: Excadrill
|-damage|p2a: Excadrill|91/100
|
|t:|1769372702
|switch|p1a: Slowking|Slowking-Galar, F|98/100|[from] U-turn
|
|-heal|p2a: Excadrill|97/100|[from] Grassy Terrain
|-heal|p1a: Slowking|100/100|[from] Grassy Terrain
|upkeep
|turn|21
|inactive|awerpc has 120 seconds left.
|
|t:|1769372724
|move|p2a: Excadrill|Earthquake|p1a: Slowking
|-supereffective|p1a: Slowking
|-damage|p1a: Slowking|45/100
|move|p1a: Slowking|Trick Room|p1a: Slowking
|-fieldstart|move: Trick Room|[of] p1a: Slowking
|
|-heal|p1a: Slowking|51/100|[from] Grassy Terrain
|-heal|p2a: Excadrill|100/100|[from] Grassy Terrain
|upkeep
|turn|22
|
|t:|1769372733
|switch|p1a: Ursaluna|Ursaluna, F|88/100 brn
|-damage|p1a: Ursaluna|82/100 brn|[from] Stealth Rock
|move|p2a: Excadrill|Earthquake|p1a: Ursaluna
|-damage|p1a: Ursaluna|66/100 brn
|
|-heal|p1a: Ursaluna|72/100 brn|[from] Grassy Terrain
|-damage|p1a: Ursaluna|66/100 brn|[from] brn
|-fieldend|move: Grassy Terrain
|upkeep
|turn|23
|
|t:|1769372753
|move|p1a: Ursaluna|Headlong Rush|p2a: Excadrill
|-supereffective|p2a: Excadrill
|-enditem|p2a: Excadrill|Focus Sash
|-damage|p2a: Excadrill|1/100
|-unboost|p1a: Ursaluna|def|1
|-unboost|p1a: Ursaluna|spd|1
|move|p2a: Excadrill|Rapid Spin|p1a: Ursaluna
|-damage|p1a: Ursaluna|49/100 brn
|-boost|p2a: Excadrill|spe|1
|
|-damage|p1a: Ursaluna|43/100 brn|[from] brn
|upkeep
|turn|24
|inactive|awerpc has 90 seconds left.
|
|t:|1769372804
|move|p1a: Ursaluna|Ice Punch|p2a: Excadrill
|-damage|p2a: Excadrill|0 fnt
|faint|p2a: Excadrill
|
|-damage|p1a: Ursaluna|37/100 brn|[from] brn
|upkeep
|
|t:|1769372811
|switch|p2a: Rillaboom|Rillaboom, F|51/100
|-fieldstart|move: Grassy Terrain|[from] ability: Grassy Surge|[of] p2a: Rillaboom
|turn|25
|
|t:|1769372820
|switch|p1a: Corviknight|Corviknight, M|97/100
|-damage|p1a: Corviknight|85/100|[from] Stealth Rock
|-ability|p1a: Corviknight|Pressure
|move|p2a: Rillaboom|Grassy Glide|p1a: Corviknight
|-resisted|p1a: Corviknight
|-damage|p1a: Corviknight|76/100
|
|-heal|p2a: Rillaboom|57/100|[from] Grassy Terrain
|-fieldend|move: Trick Room
|upkeep
|turn|26
|
|t:|1769372837
|switch|p2a: Cinderace|Cinderace, F|100/100
|move|p1a: Corviknight|Defog|p2a: Cinderace
|-unboost|p2a: Cinderace|evasion|1
|-sideend|p1: Marceeisanut|Stealth Rock|[from] move: Defog|[of] p1a: Corviknight
|-fieldend|move: Grassy Terrain
|
|upkeep
|turn|27
|
|t:|1769372847
|move|p2a: Cinderace|Pyro Ball|p1a: Corviknight
|-supereffective|p1a: Corviknight
|-damage|p1a: Corviknight|7/100
|move|p1a: Corviknight|U-turn|p2a: Cinderace
|-resisted|p2a: Cinderace
|-damage|p2a: Cinderace|90/100
|
|t:|1769372850
|switch|p1a: Cresselia|Cresselia, F|100/100|[from] U-turn
|
|upkeep
|turn|28
|
|t:|1769372858
|move|p2a: Cinderace|U-turn|p1a: Cresselia
|-start|p2a: Cinderace|typechange|Bug|[from] ability: Libero
|-supereffective|p1a: Cresselia
|-damage|p1a: Cresselia|48/100
|
|t:|1769372865
|switch|p2a: Dragapult|Dragapult, M|100/100|[from] U-turn
|move|p1a: Cresselia|Trick Room|p1a: Cresselia
|-fieldstart|move: Trick Room|[of] p1a: Cresselia
|
|upkeep
|turn|29
|
|t:|1769372874
|switch|p2a: Rillaboom|Rillaboom, F|57/100
|-fieldstart|move: Grassy Terrain|[from] ability: Grassy Surge|[of] p2a: Rillaboom
|move|p1a: Cresselia|Lunar Dance|p1a: Cresselia
|faint|p1a: Cresselia
|
|-heal|p2a: Rillaboom|64/100|[from] Grassy Terrain
|upkeep
|
|t:|1769372876
|switch|p1a: Ursaluna|Ursaluna, F|37/100 brn
|-heal|p1a: Ursaluna|100/100|[from] move: Lunar Dance
|turn|30
|inactive|awerpc has 90 seconds left.
|
|t:|1769372893
|move|p1a: Ursaluna|Protect|p1a: Ursaluna
|-singleturn|p1a: Ursaluna|Protect
|move|p2a: Rillaboom|Grassy Glide|p1a: Ursaluna
|-activate|p1a: Ursaluna|move: Protect
|
|-heal|p2a: Rillaboom|70/100|[from] Grassy Terrain
|-status|p1a: Ursaluna|brn|[from] item: Flame Orb
|upkeep
|turn|31
|
|t:|1769372903
|move|p2a: Rillaboom|Grassy Glide|p1a: Ursaluna
|-supereffective|p1a: Ursaluna
|-damage|p1a: Ursaluna|21/100 brn
|move|p1a: Ursaluna|Facade|p2a: Rillaboom
|-damage|p2a: Rillaboom|0 fnt
|faint|p2a: Rillaboom
|
|-heal|p1a: Ursaluna|27/100 brn|[from] Grassy Terrain
|-damage|p1a: Ursaluna|21/100 brn|[from] brn
|upkeep
|
|t:|1769372925
|switch|p2a: Cinderace|Cinderace, F|90/100
|turn|32
|
|t:|1769372935
|switch|p1a: Corviknight|Corviknight, M|7/100
|-ability|p1a: Corviknight|Pressure
|move|p2a: Cinderace|U-turn|p1a: Corviknight
|-start|p2a: Cinderace|typechange|Bug|[from] ability: Libero
|-resisted|p1a: Corviknight
|-damage|p1a: Corviknight|2/100
|
|t:|1769372944
|switch|p2a: Dragapult|Dragapult, M|100/100|[from] U-turn
|
|-fieldend|move: Trick Room
|upkeep
|turn|33
|
|t:|1769372950
|move|p2a: Dragapult|U-turn|p1a: Corviknight
|-resisted|p1a: Corviknight
|-damage|p1a: Corviknight|0 fnt
|faint|p1a: Corviknight
|
|t:|1769372955
|switch|p2a: Cinderace|Cinderace, F|90/100|[from] U-turn
|
|-heal|p2a: Cinderace|96/100|[from] Grassy Terrain
|-fieldend|move: Grassy Terrain
|upkeep
|
|t:|1769372958
|switch|p1a: Slowking|Slowking-Galar, F|85/100
|turn|34
|inactive|awerpc has 90 seconds left.
|
|t:|1769372966
|move|p2a: Cinderace|U-turn|p1a: Slowking
|-start|p2a: Cinderace|typechange|Bug|[from] ability: Libero
|-damage|p1a: Slowking|48/100
|
|t:|1769372970
|switch|p2a: Dragapult|Dragapult, M|100/100|[from] U-turn
|move|p1a: Slowking|Trick Room|p1a: Slowking
|-fieldstart|move: Trick Room|[of] p1a: Slowking
|
|upkeep
|turn|35
|
|t:|1769372982
|move|p1a: Slowking|Psychic Noise|p2a: Dragapult
|-damage|p2a: Dragapult|65/100
|-start|p2a: Dragapult|move: Heal Block
|move|p2a: Dragapult|Shadow Ball|p1a: Slowking
|-supereffective|p1a: Slowking
|-damage|p1a: Slowking|0 fnt
|faint|p1a: Slowking
|
|upkeep
|
|t:|1769372985
|switch|p1a: Ursaluna|Ursaluna, F|21/100 brn
|turn|36
|
|t:|1769373001
|move|p1a: Ursaluna|Headlong Rush|p2a: Dragapult
|-damage|p2a: Dragapult|0 fnt
|-unboost|p1a: Ursaluna|def|1
|-unboost|p1a: Ursaluna|spd|1
|faint|p2a: Dragapult
|
|-damage|p1a: Ursaluna|15/100 brn|[from] brn
|upkeep
|
|t:|1769373010
|switch|p2a: Cinderace|Cinderace, F|96/100
|turn|37
|
|t:|1769373023
|move|p1a: Ursaluna|Facade|p2a: Cinderace
|-damage|p2a: Cinderace|0 fnt
|faint|p2a: Cinderace
|
|win|Marceeisanut
|raw|Marceeisanut's rating: 1196 &rarr; <strong>1220</strong><br />(+24 for winning)
|raw|awerpc's rating: 1180 &rarr; <strong>1156</strong><br />(-24 for losing)
|l|☆Marceeisanut
|player|p1|
|l|☆awerpc
|player|p2|
