|j|☆Lobsta96
|j|☆T-Garchomp
|t:|1769374128
|gametype|singles
|player|p1|Lobsta96|marshal|
|player|p2|T-Garchomp|ghetsis-gen5bw|
|gen|9
|tier|[Gen 9] OU
|rule|HP Percentage Mod: HP is shown in percentages
|rule|Endless Battle Clause: Forcing endless battles is banned
|rule|Species Clause: Limit one of each Pokémon
|rule|OHKO Clause: OHKO moves are banned
|rule|Evasion Items Clause: Evasion items are banned
|rule|Evasion Moves Clause: Evasion moves are banned
|rule|Evasion Abilities Clause: Evasion abilities are banned
|rule|Sleep Moves Clause: Sleep-inducing moves are banned
|clearpoke
|poke|p1|Greninja-*, M|
|poke|p1|Heatran, M|
|poke|p1|Gliscor, F|
|poke|p1|Enamorus, F|
|poke|p1|Gholdengo|
|poke|p1|Great Tusk|
|poke|p2|Zamazenta-*|
|poke|p2|Kyurem|
|poke|p2|Iron Treads|
|poke|p2|Tornadus-Therian, M|
|poke|p2|Pecharunt|
|poke|p2|Ting-Lu|
|teampreview
|inactive|Battle timer is ON: inactive players will automatically lose when time's up. (requested by Lobsta96)
|inactive|Lobsta96 has 270 seconds left.
|inactive|T-Garchomp has 270 seconds left.
|inactive|Lobsta96 has 240 seconds left.
|inactive|T-Garchomp has 240 seconds left.
|j| Kwaga
|j| Yarm
|j| seaean
|j| Stall Ambassador
|inactive|Lobsta96 has 210 seconds left.
|inactive|T-Garchomp has 210 seconds left.
|j| tryingnfailing
|j| Honourial
|l| Honourial
|j| ATulk
|inactive|Lobsta96 has 180 seconds left.
|
|t:|1769374261
|teamsize|p1|6
|teamsize|p2|6
|start
|switch|p1a: L-Garchomp|Gliscor, F|100/100
|switch|p2a: Kyurem|Kyurem|100/100
|-ability|p2a: Kyurem|Pressure
|turn|1
|l| tryingnfailing
|
|t:|1769374273
|move|p1a: L-Garchomp|Protect|p1a: L-Garchomp
|-singleturn|p1a: L-Garchomp|Protect
|move|p2a: Kyurem|Ice Beam|p1a: L-Garchomp
|-activate|p1a: L-Garchomp|move: Protect
|
|-status|p1a: L-Garchomp|tox|[from] item: Toxic Orb
|upkeep
|turn|2
|j| CloudyEJ
|j| lambdaequation
|
|t:|1769374288
|switch|p1a: Heatran|Heatran, M|100/100
|move|p2a: Kyurem|Body Press|p1a: Heatran
|-supereffective|p1a: Heatran
|-damage|p1a: Heatran|57/100
|
|-heal|p1a: Heatran|63/100|[from] item: Leftovers
|upkeep
|turn|3
|c| ATulk|Dam it he had to choose another not so good water aka gren
|j| tryingnfailing
|j| Honourial
|inactive|Lobsta96 has 240 seconds left.
|
|t:|1769374308
|-terastallize|p1a: Heatran|Fairy
|move|p1a: Heatran|Magma Storm|p2a: Kyurem
|-damage|p2a: Kyurem|65/100
|-activate|p2a: Kyurem|move: Magma Storm|[of] p1a: Heatran
|move|p2a: Kyurem|Earth Power|p1a: Heatran
|-damage|p1a: Heatran|33/100
|
|-heal|p1a: Heatran|39/100|[from] item: Leftovers
|-damage|p2a: Kyurem|53/100|[from] move: Magma Storm|[partiallytrapped]
|upkeep
|turn|4
|
|t:|1769374318
|move|p1a: Heatran|Earth Power|p2a: Kyurem
|-damage|p2a: Kyurem|34/100
|move|p2a: Kyurem|Ice Beam|p1a: Heatran
|-damage|p1a: Heatran|0 fnt
|faint|p1a: Heatran
|
|-end|p2a: Kyurem|Magma Storm|[partiallytrapped]|[silent]
|upkeep
|
|t:|1769374325
|switch|p1a: King-slayer|Greninja, M|100/100
|turn|5
|c| ATulk|Waste of a tera
|inactive|T-Garchomp has 270 seconds left.
|
|t:|1769374335
|move|p1a: King-slayer|Night Slash|p2a: Kyurem
|-damage|p2a: Kyurem|5/100
|-damage|p1a: King-slayer|91/100|[from] item: Life Orb
|move|p2a: Kyurem|Body Press|p1a: King-slayer
|-supereffective|p1a: King-slayer
|-damage|p1a: King-slayer|23/100
|
|upkeep
|turn|6
|
|t:|1769374345
|move|p1a: King-slayer|Liquidation|p2a: Kyurem
|-resisted|p2a: Kyurem
|-damage|p2a: Kyurem|0 fnt
|faint|p2a: Kyurem
|-ability|p1a: King-slayer|Battle Bond|boost
|-boost|p1a: King-slayer|atk|1
|-boost|p1a: King-slayer|spa|1
|-boost|p1a: King-slayer|spe|1
|-activate|p1a: King-slayer|ability: Battle Bond
|-damage|p1a: King-slayer|13/100|[from] item: Life Orb
|
|upkeep
|
|t:|1769374355
|switch|p2a: Zamazenta|Zamazenta|100/100
|-ability|p2a: Zamazenta|Dauntless Shield|boost
|-boost|p2a: Zamazenta|def|1
|turn|7
|
|t:|1769374360
|move|p1a: King-slayer|Liquidation|p2a: Zamazenta
|-damage|p2a: Zamazenta|62/100
|-damage|p1a: King-slayer|3/100|[from] item: Life Orb
|move|p2a: Zamazenta|Iron Defense|p2a: Zamazenta
|-boost|p2a: Zamazenta|def|2
|
|-heal|p2a: Zamazenta|68/100|[from] item: Leftovers
|upkeep
|turn|8
|
|t:|1769374363
|move|p1a: King-slayer|Liquidation|p2a: Zamazenta
|-damage|p2a: Zamazenta|46/100
|-damage|p1a: King-slayer|0 fnt|[from] item: Life Orb
|faint|p1a: King-slayer
|move|p2a: Zamazenta|Body Press|p1: King-slayer|[notarget]
|-fail|p2a: Zamazenta
|
|-heal|p2a: Zamazenta|53/100|[from] item: Leftovers
|upkeep
|
|t:|1769374366
|switch|p1a: Enamorus|Enamorus, F|100/100
|turn|9
|
|t:|1769374371
|switch|p2a: Pecharunt|Pecharunt|100/100
|move|p1a: Enamorus|Earth Power|p2a: Pecharunt
|-supereffective|p2a: Pecharunt
|-damage|p2a: Pecharunt|28/100
|
|upkeep
|turn|10
|c| Kwaga|the king isnt playing around
|
|t:|1769374376
|move|p1a: Enamorus|Earth Power|p2a: Pecharunt
|-supereffective|p2a: Pecharunt
|-damage|p2a: Pecharunt|0 fnt
|faint|p2a: Pecharunt
|
|upkeep
|
|t:|1769374382
|switch|p2a: Iron Treads|Iron Treads|100/100
|turn|11
|
|t:|1769374389
|switch|p1a: L-Garchomp|Gliscor, F|100/100 tox
|move|p2a: Iron Treads|Ice Spinner|p1a: L-Garchomp
|-supereffective|p1a: L-Garchomp
|-damage|p1a: L-Garchomp|25/100 tox
|
|-heal|p1a: L-Garchomp|38/100 tox|[from] ability: Poison Heal
|upkeep
|turn|12
|
|t:|1769374397
|switch|p1a: Great Tusk|Great Tusk|100/100
|move|p2a: Iron Treads|Stealth Rock|p1a: Great Tusk
|-sidestart|p1: Lobsta96|move: Stealth Rock
|
|upkeep
|turn|13
|
|t:|1769374403
|-end|p2a: Iron Treads|Quark Drive|[silent]
|switch|p2a: Ting-Lu|Ting-Lu|100/100
|-ability|p2a: Ting-Lu|Vessel of Ruin
|move|p1a: Great Tusk|Rapid Spin|p2a: Ting-Lu
|-damage|p2a: Ting-Lu|94/100
|-boost|p1a: Great Tusk|spe|1
|-sideend|p1: Lobsta96|Stealth Rock|[from] move: Rapid Spin|[of] p1a: Great Tusk
|
|-heal|p2a: Ting-Lu|99/100|[from] item: Leftovers
|upkeep
|turn|14
|c| ATulk|W names
|
|t:|1769374413
|move|p1a: Great Tusk|Knock Off|p2a: Ting-Lu
|-resisted|p2a: Ting-Lu
|-damage|p2a: Ting-Lu|94/100
|-enditem|p2a: Ting-Lu|Leftovers|[from] move: Knock Off|[of] p1a: Great Tusk
|move|p2a: Ting-Lu|Ruination|p1a: Great Tusk
|-damage|p1a: Great Tusk|50/100
|
|upkeep
|turn|15
|
|t:|1769374419
|move|p1a: Great Tusk|Stealth Rock|p2a: Ting-Lu
|-sidestart|p2: T-Garchomp|move: Stealth Rock
|move|p2a: Ting-Lu|Earthquake|p1a: Great Tusk
|-damage|p1a: Great Tusk|29/100
|
|upkeep
|turn|16
|l| tryingnfailing
|
|t:|1769374426
|-end|p1a: Great Tusk|Protosynthesis|[silent]
|switch|p1a: L-Garchomp|Gliscor, F|38/100 tox
|move|p2a: Ting-Lu|Earthquake|p1a: L-Garchomp
|-immune|p1a: L-Garchomp
|
|-heal|p1a: L-Garchomp|50/100 tox|[from] ability: Poison Heal
|upkeep
|turn|17
|
|t:|1769374434
|move|p1a: L-Garchomp|Spikes|p2a: Ting-Lu
|-sidestart|p2: T-Garchomp|Spikes
|move|p2a: Ting-Lu|Whirlwind|p1a: L-Garchomp
|drag|p1a: Gholdengo|Gholdengo|100/100
|-item|p1a: Gholdengo|Air Balloon
|
|upkeep
|turn|18
|
|t:|1769374441
|switch|p1a: L-Garchomp|Gliscor, F|50/100 tox
|move|p2a: Ting-Lu|Ruination|p1a: L-Garchomp
|-damage|p1a: L-Garchomp|25/100 tox
|
|-heal|p1a: L-Garchomp|38/100 tox|[from] ability: Poison Heal
|upkeep
|turn|19
|
|t:|1769374449
|move|p1a: L-Garchomp|Spikes|p2a: Ting-Lu
|-sidestart|p2: T-Garchomp|Spikes
|move|p2a: Ting-Lu|Whirlwind|p1a: L-Garchomp
|drag|p1a: Gholdengo|Gholdengo|100/100
|-item|p1a: Gholdengo|Air Balloon
|
|upkeep
|turn|20
|
|t:|1769374460
|switch|p1a: L-Garchomp|Gliscor, F|38/100 tox
|switch|p2a: Iron Treads|Iron Treads|100/100
|-damage|p2a: Iron Treads|97/100|[from] Stealth Rock
|-damage|p2a: Iron Treads|81/100|[from] Spikes
|
|-heal|p2a: Iron Treads|87/100|[from] item: Leftovers
|-heal|p1a: L-Garchomp|50/100 tox|[from] ability: Poison Heal
|upkeep
|turn|21
|
|t:|1769374465
|move|p1a: L-Garchomp|Protect|p1a: L-Garchomp
|-singleturn|p1a: L-Garchomp|Protect
|move|p2a: Iron Treads|Ice Spinner|p1a: L-Garchomp
|-activate|p1a: L-Garchomp|move: Protect
|
|-heal|p2a: Iron Treads|93/100|[from] item: Leftovers
|-heal|p1a: L-Garchomp|63/100 tox|[from] ability: Poison Heal
|upkeep
|turn|22
|
|t:|1769374469
|move|p2a: Iron Treads|Ice Spinner|p1a: L-Garchomp
|-supereffective|p1a: L-Garchomp
|-damage|p1a: L-Garchomp|0 fnt
|faint|p1a: L-Garchomp
|
|-heal|p2a: Iron Treads|99/100|[from] item: Leftovers
|upkeep
|
|t:|1769374475
|switch|p1a: Great Tusk|Great Tusk|29/100
|turn|23
|
|t:|1769374482
|-end|p2a: Iron Treads|Quark Drive|[silent]
|switch|p2a: Tornadus|Tornadus-Therian, M|100/100
|move|p1a: Great Tusk|Knock Off|p2a: Tornadus
|-damage|p2a: Tornadus|67/100
|-enditem|p2a: Tornadus|Heavy-Duty Boots|[from] move: Knock Off|[of] p1a: Great Tusk
|
|upkeep
|turn|24
|
|t:|1769374495
|-end|p1a: Great Tusk|Protosynthesis|[silent]
|switch|p1a: Gholdengo|Gholdengo|100/100
|-item|p1a: Gholdengo|Air Balloon
|move|p2a: Tornadus|Bleakwind Storm|p1a: Gholdengo
|-resisted|p1a: Gholdengo
|-damage|p1a: Gholdengo|81/100
|-enditem|p1a: Gholdengo|Air Balloon
|
|upkeep
|turn|25
|
|t:|1769374506
|move|p2a: Tornadus|Taunt|p1a: Gholdengo
|-immune|p1a: Gholdengo|[from] ability: Good as Gold
|move|p1a: Gholdengo|Make It Rain|p2a: Tornadus
|-crit|p2a: Tornadus
|-damage|p2a: Tornadus|0 fnt
|-unboost|p1a: Gholdengo|spa|1
|faint|p2a: Tornadus
|
|upkeep
|l| Stall Ambassador
|
|t:|1769374518
|switch|p2a: Iron Treads|Iron Treads|99/100
|-damage|p2a: Iron Treads|96/100|[from] Stealth Rock
|-damage|p2a: Iron Treads|80/100|[from] Spikes
|turn|26
|c|☆Lobsta96|you Royalled fucked up
|j| Stall Ambassador
|
|t:|1769374525
|move|p2a: Iron Treads|Ice Spinner|p1a: Gholdengo
|-resisted|p1a: Gholdengo
|-damage|p1a: Gholdengo|72/100
|move|p1a: Gholdengo|Recover|p1a: Gholdengo
|-heal|p1a: Gholdengo|100/100
|
|-heal|p2a: Iron Treads|86/100|[from] item: Leftovers
|upkeep
|turn|27
|
|t:|1769374529
|move|p2a: Iron Treads|Earthquake|p1a: Gholdengo
|-supereffective|p1a: Gholdengo
|-damage|p1a: Gholdengo|42/100
|move|p1a: Gholdengo|Hex|p2a: Iron Treads
|-damage|p2a: Iron Treads|68/100
|
|-heal|p2a: Iron Treads|75/100|[from] item: Leftovers
|upkeep
|turn|28
|c| Kwaga|dont ever count the king out
|
|t:|1769374535
|switch|p1a: Great Tusk|Great Tusk|29/100
|move|p2a: Iron Treads|Earthquake|p1a: Great Tusk
|-damage|p1a: Great Tusk|2/100
|
|-heal|p2a: Iron Treads|81/100|[from] item: Leftovers
|upkeep
|turn|29
|c| ATulk|No eq what
|
|t:|1769374541
|-end|p1a: Great Tusk|Protosynthesis|[silent]
|switch|p1a: Gholdengo|Gholdengo|42/100
|move|p2a: Iron Treads|Rapid Spin|p1a: Gholdengo
|-immune|p1a: Gholdengo
|
|-heal|p2a: Iron Treads|87/100|[from] item: Leftovers
|upkeep
|turn|30
|
|t:|1769374545
|switch|p1a: Enamorus|Enamorus, F|100/100
|move|p2a: Iron Treads|Earthquake|p1a: Enamorus
|-immune|p1a: Enamorus
|
|-heal|p2a: Iron Treads|93/100|[from] item: Leftovers
|upkeep
|turn|31
|
|t:|1769374549
|move|p1a: Enamorus|Earth Power|p2a: Iron Treads
|-supereffective|p2a: Iron Treads
|-damage|p2a: Iron Treads|22/100
|move|p2a: Iron Treads|Ice Spinner|p1a: Enamorus
|-supereffective|p1a: Enamorus
|-damage|p1a: Enamorus|26/100
|
|-heal|p2a: Iron Treads|28/100|[from] item: Leftovers
|upkeep
|turn|32
|c| ATulk|Nvm
|j| lpgm10
|
|t:|1769374560
|-end|p2a: Iron Treads|Quark Drive|[silent]
|switch|p2a: Zamazenta|Zamazenta|53/100
|-damage|p2a: Zamazenta|46/100|[from] Stealth Rock
|-damage|p2a: Zamazenta|30/100|[from] Spikes
|move|p1a: Enamorus|Earth Power|p2a: Zamazenta
|-damage|p2a: Zamazenta|0 fnt
|faint|p2a: Zamazenta
|
|upkeep
|c|☆T-Garchomp|Legit misclick
|c|☆T-Garchomp|wow
|l| Honourial
|l| lpgm10
|
|t:|1769374576
|switch|p2a: Iron Treads|Iron Treads|28/100
|-damage|p2a: Iron Treads|25/100|[from] Stealth Rock
|-damage|p2a: Iron Treads|9/100|[from] Spikes
|turn|33
|
|t:|1769374579
|move|p1a: Enamorus|Earth Power|p2a: Iron Treads
|-supereffective|p2a: Iron Treads
|-damage|p2a: Iron Treads|0 fnt
|faint|p2a: Iron Treads
|-end|p2a: Iron Treads|Quark Drive|[silent]
|
|upkeep
|-message|T-Garchomp forfeited.
|
|win|Lobsta96
|l|☆T-Garchomp
|player|p2|
|c| Kwaga|the king has fallen
|l| Kwaga
|l| ATulk
|l| Yarm
|l|☆Lobsta96
|player|p1|
|l| seaean
|l| Stall Ambassador
