|j|☆badatgames2911
|j|☆adobo809
|t:|1769322133
|gametype|singles
|player|p1|badatgames2911|hiker-gen4|1131
|player|p2|adobo809|juan|1097
|gen|9
|tier|[Gen 9] OU
|rated|
|rule|HP Percentage Mod: HP is shown in percentages
|rule|Endless Battle Clause: Forcing endless battles is banned
|rule|Species Clause: Limit one of each Pokémon
|rule|OHKO Clause: OHKO moves are banned
|rule|Evasion Items Clause: Evasion items are banned
|rule|Evasion Moves Clause: Evasion moves are banned
|rule|Evasion Abilities Clause: Evasion abilities are banned
|rule|Sleep Moves Clause: Sleep-inducing moves are banned
|clearpoke
|poke|p1|Conkeldurr, M|
|poke|p1|Noivern, F|
|poke|p1|Heatran, F|
|poke|p1|Mandibuzz, F|
|poke|p1|Mamoswine, F|
|poke|p1|Drednaw, M|
|poke|p2|Ambipom, M|
|poke|p2|Glimmora, M|
|poke|p2|Heatran, F|
|poke|p2|Ogerpon-Wellspring, F|
|poke|p2|Hatterene, F|
|poke|p2|Dragapult, M|
|teampreview
|
|t:|1769322140
|teamsize|p1|6
|teamsize|p2|6
|start
|switch|p1a: Linkon Logs|Conkeldurr, M|100/100
|switch|p2a: Ambipom|Ambipom, M, shiny|100/100
|turn|1
|
|t:|1769322147
|move|p2a: Ambipom|Fake Out|p1a: Linkon Logs
|-damage|p1a: Linkon Logs|65/100
|-damage|p2a: Ambipom|91/100|[from] item: Life Orb
|cant|p1a: Linkon Logs|flinch
|
|-status|p1a: Linkon Logs|brn|[from] item: Flame Orb
|upkeep
|turn|2
|
|t:|1769322151
|move|p2a: Ambipom|U-turn|p1a: Linkon Logs
|-resisted|p1a: Linkon Logs
|-damage|p1a: Linkon Logs|52/100 brn
|-damage|p2a: Ambipom|81/100|[from] item: Life Orb
|
|t:|1769322153
|switch|p2a: Dragapult|Dragapult, M|100/100|[from] U-turn
|move|p1a: Linkon Logs|Drain Punch|p2a: Dragapult
|-immune|p2a: Dragapult
|
|-damage|p1a: Linkon Logs|46/100 brn|[from] brn
|upkeep
|turn|3
|
|t:|1769322162
|move|p2a: Dragapult|Dragon Darts|p1a: Linkon Logs
|-damage|p1a: Linkon Logs|23/100 brn
|-anim|p2a: Dragapult|Dragon Darts|p1a: Linkon Logs
|-damage|p1a: Linkon Logs|0 fnt
|faint|p1a: Linkon Logs
|
|upkeep
|
|t:|1769322167
|switch|p1a: Yummy|Drednaw, M|100/100
|turn|4
|
|t:|1769322173
|move|p2a: Dragapult|Dragon Darts|p1a: Yummy
|-damage|p1a: Yummy|66/100
|-anim|p2a: Dragapult|Dragon Darts|p1a: Yummy
|-damage|p1a: Yummy|33/100
|move|p1a: Yummy|Shell Smash|p1a: Yummy
|-unboost|p1a: Yummy|def|1
|-unboost|p1a: Yummy|spd|1
|-boost|p1a: Yummy|atk|2
|-boost|p1a: Yummy|spa|2
|-boost|p1a: Yummy|spe|2
|
|upkeep
|turn|5
|
|t:|1769322202
|move|p1a: Yummy|Ice Fang|p2a: Dragapult
|-supereffective|p2a: Dragapult
|-damage|p2a: Dragapult|0 fnt
|faint|p2a: Dragapult
|
|upkeep
|
|t:|1769322206
|switch|p2a: Glimmora|Glimmora, M|100/100
|turn|6
|
|t:|1769322210
|move|p1a: Yummy|Liquidation|p2a: Glimmora
|-supereffective|p2a: Glimmora
|-enditem|p2a: Glimmora|Focus Sash
|-damage|p2a: Glimmora|1/100
|-activate|p2a: Glimmora|ability: Toxic Debris
|-sidestart|p1: badatgames2911|move: Toxic Spikes
|move|p2a: Glimmora|Mortal Spin|p1a: Yummy
|-resisted|p1a: Yummy
|-damage|p1a: Yummy|25/100
|-status|p1a: Yummy|psn
|
|-damage|p1a: Yummy|13/100 psn|[from] psn
|upkeep
|turn|7
|
|t:|1769322223
|move|p2a: Glimmora|Spiky Shield|p2a: Glimmora
|-singleturn|p2a: Glimmora|move: Protect
|move|p1a: Yummy|Liquidation|p2a: Glimmora
|-activate|p2a: Glimmora|move: Protect
|-damage|p1a: Yummy|0 fnt|[from] Spiky Shield|[of] p2a: Glimmora
|faint|p1a: Yummy
|
|upkeep
|
|t:|1769322236
|switch|p1a: Slim Pickins|Mandibuzz, F|100/100
|turn|8
|
|t:|1769322246
|move|p2a: Glimmora|Mortal Spin|p1a: Slim Pickins
|-damage|p1a: Slim Pickins|95/100
|-status|p1a: Slim Pickins|psn
|move|p1a: Slim Pickins|Foul Play|p2a: Glimmora
|-damage|p2a: Glimmora|0 fnt
|-activate|p2a: Glimmora|ability: Toxic Debris
|-sidestart|p1: badatgames2911|move: Toxic Spikes
|faint|p2a: Glimmora
|
|-heal|p1a: Slim Pickins|100/100 psn|[from] item: Leftovers
|-damage|p1a: Slim Pickins|88/100 psn|[from] psn
|upkeep
|
|t:|1769322260
|switch|p2a: Ambipom|Ambipom, M, shiny|81/100
|turn|9
|
|t:|1769322271
|-terastallize|p1a: Slim Pickins|Ghost
|move|p2a: Ambipom|Fake Out|p1a: Slim Pickins
|-immune|p1a: Slim Pickins
|move|p1a: Slim Pickins|Defog|p2a: Ambipom
|-unboost|p2a: Ambipom|evasion|1
|-sideend|p1: badatgames2911|Toxic Spikes|[from] move: Defog|[of] p1a: Slim Pickins
|
|-heal|p1a: Slim Pickins|94/100 psn|[from] item: Leftovers
|-damage|p1a: Slim Pickins|82/100 psn|[from] psn
|upkeep
|turn|10
|
|t:|1769322285
|move|p2a: Ambipom|Triple Axel|p1a: Slim Pickins
|-damage|p1a: Slim Pickins|75/100 psn
|-damage|p1a: Slim Pickins|61/100 psn
|-damage|p1a: Slim Pickins|42/100 psn
|-hitcount|p1a: Slim Pickins|3
|-damage|p2a: Ambipom|71/100|[from] item: Life Orb
|move|p1a: Slim Pickins|Foul Play|p2a: Ambipom
|-damage|p2a: Ambipom|1/100
|
|-heal|p1a: Slim Pickins|48/100 psn|[from] item: Leftovers
|-damage|p1a: Slim Pickins|35/100 psn|[from] psn
|upkeep
|turn|11
|
|t:|1769322296
|move|p2a: Ambipom|U-turn|p1a: Slim Pickins
|-resisted|p1a: Slim Pickins
|-damage|p1a: Slim Pickins|27/100 psn
|-damage|p2a: Ambipom|0 fnt|[from] item: Life Orb
|faint|p2a: Ambipom
|move|p1a: Slim Pickins|Foul Play|p2: Ambipom|[notarget]
|-fail|p1a: Slim Pickins
|
|-heal|p1a: Slim Pickins|34/100 psn|[from] item: Leftovers
|-damage|p1a: Slim Pickins|21/100 psn|[from] psn
|upkeep
|
|t:|1769322310
|switch|p2a: Ogerpon|Ogerpon-Wellspring, F|100/100
|turn|12
|
|t:|1769322314
|move|p2a: Ogerpon|Spiky Shield|p2a: Ogerpon
|-singleturn|p2a: Ogerpon|move: Protect
|move|p1a: Slim Pickins|Foul Play|p2a: Ogerpon
|-activate|p2a: Ogerpon|move: Protect
|-damage|p1a: Slim Pickins|9/100 psn|[from] Spiky Shield|[of] p2a: Ogerpon
|
|-heal|p1a: Slim Pickins|15/100 psn|[from] item: Leftovers
|-damage|p1a: Slim Pickins|2/100 psn|[from] psn
|upkeep
|turn|13
|
|t:|1769322327
|switch|p2a: Heatran|Heatran, F|100/100
|-item|p2a: Heatran|Air Balloon
|move|p1a: Slim Pickins|Foul Play|p2a: Heatran
|-damage|p2a: Heatran|83/100
|-enditem|p2a: Heatran|Air Balloon
|
|-heal|p1a: Slim Pickins|8/100 psn|[from] item: Leftovers
|-damage|p1a: Slim Pickins|0 fnt|[from] psn
|faint|p1a: Slim Pickins
|upkeep
|
|t:|1769322332
|switch|p1a: Gammoth|Mamoswine, F|100/100
|turn|14
|
|t:|1769322343
|-terastallize|p2a: Heatran|Grass
|move|p1a: Gammoth|Earthquake|p2a: Heatran
|-resisted|p2a: Heatran
|-damage|p2a: Heatran|62/100
|move|p2a: Heatran|Magma Storm|p1a: Gammoth
|-supereffective|p1a: Gammoth
|-damage|p1a: Gammoth|20/100
|-activate|p1a: Gammoth|move: Magma Storm|[of] p2a: Heatran
|
|-damage|p1a: Gammoth|8/100|[from] move: Magma Storm|[partiallytrapped]
|upkeep
|turn|15
|
|t:|1769322353
|move|p2a: Heatran|Protect|p2a: Heatran
|-singleturn|p2a: Heatran|Protect
|move|p1a: Gammoth|Icicle Crash|p2a: Heatran
|-activate|p2a: Heatran|move: Protect
|
|-damage|p1a: Gammoth|0 fnt|[from] move: Magma Storm|[partiallytrapped]
|faint|p1a: Gammoth
|upkeep
|
|t:|1769322360
|switch|p1a: Doombox|Noivern, F|100/100
|turn|16
|
|t:|1769322364
|move|p1a: Doombox|Air Slash|p2a: Heatran
|-supereffective|p2a: Heatran
|-damage|p2a: Heatran|0 fnt
|faint|p2a: Heatran
|
|upkeep
|
|t:|1769322368
|switch|p2a: Hatterene|Hatterene, F|100/100
|turn|17
|
|t:|1769322371
|switch|p1a: Rakna|Heatran, F|100/100
|move|p2a: Hatterene|Trick Room|p2a: Hatterene
|-fieldstart|move: Trick Room|[of] p2a: Hatterene
|
|upkeep
|turn|18
|
|t:|1769322378
|move|p2a: Hatterene|Psychic Noise|p1a: Rakna
|-resisted|p1a: Rakna
|-damage|p1a: Rakna|87/100
|-start|p1a: Rakna|move: Heal Block
|move|p1a: Rakna|Substitute|p1a: Rakna
|-start|p1a: Rakna|Substitute
|-damage|p1a: Rakna|62/100
|
|upkeep
|turn|19
|
|t:|1769322387
|move|p2a: Hatterene|Psychic Noise|p1a: Rakna
|-resisted|p1a: Rakna
|-damage|p1a: Rakna|49/100
|move|p1a: Rakna|Flash Cannon|p2a: Hatterene
|-supereffective|p2a: Hatterene
|-damage|p2a: Hatterene|15/100
|-unboost|p2a: Hatterene|spd|1
|
|-heal|p2a: Hatterene|21/100|[from] item: Leftovers
|-end|p1a: Rakna|move: Heal Block
|upkeep
|turn|20
|
|t:|1769322394
|move|p2a: Hatterene|Psychic Noise|p1a: Rakna
|-resisted|p1a: Rakna
|-damage|p1a: Rakna|34/100
|-start|p1a: Rakna|move: Heal Block
|move|p1a: Rakna|Flash Cannon|p2a: Hatterene
|-supereffective|p2a: Hatterene
|-damage|p2a: Hatterene|0 fnt
|faint|p2a: Hatterene
|
|upkeep
|
|t:|1769322402
|switch|p2a: Ogerpon|Ogerpon-Wellspring, F|100/100
|turn|21
|
|t:|1769322405
|move|p2a: Ogerpon|Spiky Shield|p2a: Ogerpon
|-singleturn|p2a: Ogerpon|move: Protect
|move|p1a: Rakna|Flamethrower|p2a: Ogerpon
|-activate|p2a: Ogerpon|move: Protect
|
|-end|p1a: Rakna|move: Heal Block
|-fieldend|move: Trick Room
|upkeep
|turn|22
|
|t:|1769322413
|move|p2a: Ogerpon|Ivy Cudgel|p1a: Rakna|[anim] Ivy Cudgel Water
|-supereffective|p1a: Rakna
|-end|p1a: Rakna|Substitute
|move|p1a: Rakna|Flamethrower|p2a: Ogerpon
|-damage|p2a: Ogerpon|49/100
|
|-heal|p1a: Rakna|40/100|[from] item: Leftovers
|upkeep
|turn|23
|
|t:|1769322416
|move|p2a: Ogerpon|Ivy Cudgel|p1a: Rakna|[anim] Ivy Cudgel Water
|-supereffective|p1a: Rakna
|-damage|p1a: Rakna|0 fnt
|faint|p1a: Rakna
|
|upkeep
|
|t:|1769322418
|switch|p1a: Doombox|Noivern, F|100/100
|turn|24
|
|t:|1769322422
|move|p2a: Ogerpon|Spiky Shield|p2a: Ogerpon
|-singleturn|p2a: Ogerpon|move: Protect
|move|p1a: Doombox|Air Slash|p2a: Ogerpon
|-activate|p2a: Ogerpon|move: Protect
|
|upkeep
|turn|25
|
|t:|1769322428
|move|p1a: Doombox|Air Slash|p2a: Ogerpon|[miss]
|-miss|p1a: Doombox|p2a: Ogerpon
|move|p2a: Ogerpon|Knock Off|p1a: Doombox
|-damage|p1a: Doombox|52/100
|-enditem|p1a: Doombox|Choice Specs|[from] move: Knock Off|[of] p2a: Ogerpon
|
|upkeep
|turn|26
|
|t:|1769322439
|move|p1a: Doombox|Air Slash|p2a: Ogerpon
|-supereffective|p2a: Ogerpon
|-damage|p2a: Ogerpon|0 fnt
|faint|p2a: Ogerpon
|
|win|badatgames2911
|raw|badatgames2911's rating: 1131 &rarr; <strong>1154</strong><br />(+23 for winning)
|raw|adobo809's rating: 1097 &rarr; <strong>1075</strong><br />(-22 for losing)
|l|☆adobo809
|player|p2|
|l|☆badatgames2911
|player|p1|
