|j|☆I-fear-the-weak
|j|☆spunder_policy
|t:|1769303075
|gametype|singles
|player|p1|I-fear-the-weak|101|1618
|player|p2|spunder_policy|170|1736
|gen|9
|tier|[Gen 9] OU
|rated|
|rule|HP Percentage Mod: HP is shown in percentages
|rule|Endless Battle Clause: Forcing endless battles is banned
|rule|Species Clause: Limit one of each Pokémon
|rule|OHKO Clause: OHKO moves are banned
|rule|Evasion Items Clause: Evasion items are banned
|rule|Evasion Moves Clause: Evasion moves are banned
|rule|Evasion Abilities Clause: Evasion abilities are banned
|rule|Sleep Moves Clause: Sleep-inducing moves are banned
|clearpoke
|poke|p1|Great Tusk|
|poke|p1|Garganacl, F|
|poke|p1|Keldeo-Resolute|
|poke|p1|Zapdos|
|poke|p1|Dragapult, M|
|poke|p1|Iron Crown|
|poke|p2|Zoroark-Hisui, M|
|poke|p2|Mesprit|
|poke|p2|Alomomola, F|
|poke|p2|Goodra-Hisui, F|
|poke|p2|Thundurus, M|
|poke|p2|Blaziken, M|
|teampreview
|inactive|Battle timer is ON: inactive players will automatically lose when time's up. (requested by spunder_policy)
|
|t:|1769303090
|teamsize|p1|6
|teamsize|p2|6
|start
|switch|p1a: Iron Crown|Iron Crown|100/100
|switch|p2a: Mesprit|Mesprit|100/100
|turn|1
|
|t:|1769303096
|move|p1a: Iron Crown|Volt Switch|p2a: Mesprit
|-damage|p2a: Mesprit|72/100
|
|t:|1769303100
|-end|p1a: Iron Crown|Quark Drive|[silent]
|switch|p1a: Garganacl|Garganacl, F|100/100|[from] Volt Switch
|move|p2a: Mesprit|Stealth Rock|p1a: Garganacl
|-sidestart|p1: I-fear-the-weak|move: Stealth Rock
|
|upkeep
|turn|2
|
|t:|1769303104
|move|p2a: Mesprit|Psychic Noise|p1a: Garganacl
|-damage|p1a: Garganacl|80/100
|-start|p1a: Garganacl|move: Heal Block
|move|p1a: Garganacl|Stealth Rock|p2a: Mesprit
|-sidestart|p2: spunder_policy|move: Stealth Rock
|
|upkeep
|turn|3
|
|t:|1769303109
|move|p2a: Mesprit|Psychic Noise|p1a: Garganacl
|-damage|p1a: Garganacl|62/100
|move|p1a: Garganacl|Salt Cure|p2a: Mesprit
|-damage|p2a: Mesprit|62/100
|-start|p2a: Mesprit|Salt Cure
|
|-damage|p2a: Mesprit|50/100|[from] Salt Cure
|-end|p1a: Garganacl|move: Heal Block
|upkeep
|turn|4
|
|t:|1769303113
|switch|p1a: Iron Crown|Iron Crown|100/100
|-damage|p1a: Iron Crown|94/100|[from] Stealth Rock
|move|p2a: Mesprit|Psychic Noise|p1a: Iron Crown
|-resisted|p1a: Iron Crown
|-damage|p1a: Iron Crown|87/100
|-start|p1a: Iron Crown|move: Heal Block
|
|-damage|p2a: Mesprit|38/100|[from] Salt Cure
|upkeep
|turn|5
|
|t:|1769303120
|move|p1a: Iron Crown|Tachyon Cutter|p2a: Mesprit
|-damage|p2a: Mesprit|4/100
|-damage|p2a: Mesprit|0 fnt
|faint|p2a: Mesprit
|-hitcount|p2: Mesprit|2
|
|-end|p1a: Iron Crown|move: Heal Block
|upkeep
|
|t:|1769303124
|switch|p2a: Blaziken|Blaziken, M|100/100
|turn|6
|
|t:|1769303128
|-end|p1a: Iron Crown|Quark Drive|[silent]
|switch|p1a: Zapdos|Zapdos|100/100
|move|p2a: Blaziken|Overheat|p1a: Zapdos
|-damage|p1a: Zapdos|42/100
|-unboost|p2a: Blaziken|spa|2
|
|-ability|p2a: Blaziken|Speed Boost|boost
|-boost|p2a: Blaziken|spe|1
|upkeep
|turn|7
|
|t:|1769303138
|move|p2a: Blaziken|U-turn|p1a: Zapdos
|-resisted|p1a: Zapdos
|-damage|p1a: Zapdos|34/100
|
|t:|1769303140
|switch|p2a: Goodra|Goodra-Hisui, F|100/100|[from] U-turn
|move|p1a: Zapdos|Roost|p1a: Zapdos
|-heal|p1a: Zapdos|85/100
|-singleturn|p1a: Zapdos|move: Roost
|
|upkeep
|turn|8
|
|t:|1769303145
|move|p1a: Zapdos|Thunder Wave|p2a: Goodra
|-status|p2a: Goodra|par
|cant|p2a: Goodra|par
|
|upkeep
|turn|9
|
|t:|1769303150
|move|p1a: Zapdos|Volt Switch|p2a: Goodra
|-resisted|p2a: Goodra
|-damage|p2a: Goodra|91/100 par
|
|t:|1769303152
|switch|p1a: Garganacl|Garganacl, F|62/100|[from] Volt Switch
|move|p2a: Goodra|Knock Off|p1a: Garganacl
|-damage|p1a: Garganacl|47/100
|-enditem|p1a: Garganacl|Heavy-Duty Boots|[from] move: Knock Off|[of] p2a: Goodra
|
|upkeep
|turn|10
|
|t:|1769303160
|switch|p2a: Blaziken|Blaziken, M|100/100
|move|p1a: Garganacl|Salt Cure|p2a: Blaziken
|-damage|p2a: Blaziken|81/100
|-start|p2a: Blaziken|Salt Cure
|
|-damage|p2a: Blaziken|69/100|[from] Salt Cure
|upkeep
|turn|11
|
|t:|1769303166
|-terastallize|p2a: Blaziken|Ground
|move|p2a: Blaziken|Earthquake|p1a: Garganacl
|-supereffective|p1a: Garganacl
|-damage|p1a: Garganacl|0 fnt
|faint|p1a: Garganacl
|
|-damage|p2a: Blaziken|57/100|[from] Salt Cure
|-ability|p2a: Blaziken|Speed Boost|boost
|-boost|p2a: Blaziken|spe|1
|upkeep
|
|t:|1769303179
|switch|p1a: Dragapult|Dragapult, M|100/100
|turn|12
|
|t:|1769303182
|move|p2a: Blaziken|Protect|p2a: Blaziken
|-singleturn|p2a: Blaziken|Protect
|move|p1a: Dragapult|Dragon Darts|p2a: Blaziken
|-activate|p2a: Blaziken|move: Protect
|
|-damage|p2a: Blaziken|44/100|[from] Salt Cure
|-ability|p2a: Blaziken|Speed Boost|boost
|-boost|p2a: Blaziken|spe|1
|upkeep
|turn|13
|
|t:|1769303185
|switch|p1a: Zapdos|Zapdos|85/100
|move|p2a: Blaziken|U-turn|p1a: Zapdos
|-resisted|p1a: Zapdos
|-damage|p1a: Zapdos|77/100
|
|t:|1769303190
|switch|p2a: Goodra|Goodra-Hisui, F|91/100 par|[from] U-turn
|
|upkeep
|turn|14
|
|t:|1769303193
|move|p1a: Zapdos|Volt Switch|p2a: Goodra
|-resisted|p2a: Goodra
|-damage|p2a: Goodra|81/100 par
|
|t:|1769303205
|switch|p1a: Keldeo|Keldeo-Resolute|100/100|[from] Volt Switch
|-damage|p1a: Keldeo|94/100|[from] Stealth Rock
|move|p2a: Goodra|Surf|p1a: Keldeo
|-resisted|p1a: Keldeo
|-damage|p1a: Keldeo|79/100
|
|upkeep
|turn|15
|
|t:|1769303209
|move|p1a: Keldeo|Surf|p2a: Goodra
|-resisted|p2a: Goodra
|-damage|p2a: Goodra|58/100 par
|cant|p2a: Goodra|par
|
|upkeep
|turn|16
|
|t:|1769303212
|switch|p2a: Alomomola|Alomomola, F|100/100
|move|p1a: Keldeo|Surf|p2a: Alomomola
|-resisted|p2a: Alomomola
|-damage|p2a: Alomomola|75/100
|
|upkeep
|turn|17
|
|t:|1769303216
|switch|p1a: Zapdos|Zapdos|77/100
|move|p2a: Alomomola|Scald|p1a: Zapdos
|-crit|p1a: Zapdos
|-damage|p1a: Zapdos|58/100
|
|upkeep
|turn|18
|
|t:|1769303219
|move|p1a: Zapdos|Volt Switch|p2a: Alomomola
|-supereffective|p2a: Alomomola
|-damage|p2a: Alomomola|30/100
|
|t:|1769303222
|switch|p1a: Dragapult|Dragapult, M|100/100|[from] Volt Switch
|move|p2a: Alomomola|Scald|p1a: Dragapult
|-resisted|p1a: Dragapult
|-damage|p1a: Dragapult|92/100
|
|upkeep
|turn|19
|
|t:|1769303225
|switch|p2a: Thundurus|Thundurus, M|100/100
|move|p1a: Dragapult|Will-O-Wisp|p2a: Thundurus
|-status|p2a: Thundurus|brn
|
|-damage|p2a: Thundurus|94/100 brn|[from] brn
|upkeep
|turn|20
|
|t:|1769303228
|move|p2a: Thundurus|Thunder Wave|p1a: Dragapult
|-status|p1a: Dragapult|par
|move|p1a: Dragapult|Hex|p2a: Thundurus
|-damage|p2a: Thundurus|39/100 brn
|
|-damage|p2a: Thundurus|33/100 brn|[from] brn
|upkeep
|turn|21
|
|t:|1769303233
|move|p2a: Thundurus|U-turn|p1a: Dragapult
|-resisted|p1a: Dragapult
|-damage|p1a: Dragapult|86/100 par
|
|t:|1769303234
|switch|p2a: Blaziken|Blaziken, M|100/100|[from] U-turn
|cant|p1a: Dragapult|par
|
|upkeep
|-start|p2a: Blaziken|typechange|Ground|[silent]
|turn|22
|
|t:|1769303238
|move|p2a: Blaziken|Hex|p1a: Dragapult
|-supereffective|p1a: Dragapult
|-damage|p1a: Dragapult|0 fnt
|faint|p1a: Dragapult
|
|upkeep
|
|t:|1769303241
|switch|p1a: Zapdos|Zapdos|58/100
|turn|23
|
|t:|1769303248
|move|p2a: Blaziken|Will-O-Wisp|p1a: Zapdos
|-status|p1a: Zapdos|brn
|move|p1a: Zapdos|Hurricane|p2a: Blaziken
|-damage|p2a: Blaziken|6/100
|replace|p2a: Zoroark|Zoroark-Hisui, M
|-end|p2a: Zoroark|Illusion
|
|-damage|p1a: Zapdos|52/100 brn|[from] brn
|upkeep
|turn|24
|
|t:|1769303252
|move|p2a: Zoroark|Hex|p1a: Zapdos
|-damage|p1a: Zapdos|0 fnt
|faint|p1a: Zapdos
|
|upkeep
|
|t:|1769303257
|switch|p1a: Great Tusk|Great Tusk|100/100
|turn|25
|
|t:|1769303266
|move|p2a: Zoroark|Tera Blast|p1a: Great Tusk
|-damage|p1a: Great Tusk|42/100
|move|p1a: Great Tusk|Ice Spinner|p2a: Zoroark
|-damage|p2a: Zoroark|0 fnt
|faint|p2a: Zoroark
|
|upkeep
|
|t:|1769303270
|switch|p2a: Blaziken|Blaziken, M, tera:Ground|44/100
|turn|26
|
|t:|1769303276
|move|p2a: Blaziken|Protect|p2a: Blaziken
|-singleturn|p2a: Blaziken|Protect
|move|p1a: Great Tusk|Rapid Spin|p2a: Blaziken
|-activate|p2a: Blaziken|move: Protect
|
|-ability|p2a: Blaziken|Speed Boost|boost
|-boost|p2a: Blaziken|spe|1
|upkeep
|turn|27
|
|t:|1769303278
|move|p2a: Blaziken|Overheat|p1a: Great Tusk
|-damage|p1a: Great Tusk|0 fnt
|-unboost|p2a: Blaziken|spa|2
|faint|p1a: Great Tusk
|-end|p1a: Great Tusk|Protosynthesis|[silent]
|
|-ability|p2a: Blaziken|Speed Boost|boost
|-boost|p2a: Blaziken|spe|1
|upkeep
|
|t:|1769303282
|switch|p1a: Keldeo|Keldeo-Resolute|79/100
|-damage|p1a: Keldeo|73/100|[from] Stealth Rock
|turn|28
|
|t:|1769303289
|move|p2a: Blaziken|Protect|p2a: Blaziken
|-singleturn|p2a: Blaziken|Protect
|move|p1a: Keldeo|Vacuum Wave|p2a: Blaziken
|-activate|p2a: Blaziken|move: Protect
|
|-ability|p2a: Blaziken|Speed Boost|boost
|-boost|p2a: Blaziken|spe|1
|upkeep
|turn|29
|
|t:|1769303294
|switch|p2a: Thundurus|Thundurus, M|33/100 brn
|move|p1a: Keldeo|Vacuum Wave|p2a: Thundurus
|-resisted|p2a: Thundurus
|-damage|p2a: Thundurus|14/100 brn
|
|-damage|p2a: Thundurus|8/100 brn|[from] brn
|upkeep
|turn|30
|
|t:|1769303299
|move|p2a: Thundurus|Thunder Wave|p1a: Keldeo
|-status|p1a: Keldeo|par
|move|p1a: Keldeo|Vacuum Wave|p2a: Thundurus
|-resisted|p2a: Thundurus
|-damage|p2a: Thundurus|0 fnt
|faint|p2a: Thundurus
|
|upkeep
|
|t:|1769303301
|switch|p2a: Alomomola|Alomomola, F|63/100
|turn|31
|
|t:|1769303307
|switch|p1a: Iron Crown|Iron Crown|87/100
|-damage|p1a: Iron Crown|81/100|[from] Stealth Rock
|move|p2a: Alomomola|Flip Turn|p1a: Iron Crown
|-damage|p1a: Iron Crown|64/100
|
|t:|1769303309
|switch|p2a: Blaziken|Blaziken, M, tera:Ground|44/100|[from] Flip Turn
|
|upkeep
|turn|32
|
|t:|1769303318
|move|p2a: Blaziken|Protect|p2a: Blaziken
|-singleturn|p2a: Blaziken|Protect
|move|p1a: Iron Crown|Tachyon Cutter|p2a: Blaziken
|-activate|p2a: Blaziken|move: Protect
|
|-ability|p2a: Blaziken|Speed Boost|boost
|-boost|p2a: Blaziken|spe|1
|upkeep
|turn|33
|
|t:|1769303325
|move|p2a: Blaziken|U-turn|p1a: Iron Crown
|-damage|p1a: Iron Crown|41/100
|
|t:|1769303327
|switch|p2a: Alomomola|Alomomola, F|97/100|[from] U-turn
|move|p1a: Iron Crown|Tachyon Cutter|p2a: Alomomola
|-resisted|p2a: Alomomola
|-damage|p2a: Alomomola|82/100
|-resisted|p2a: Alomomola
|-damage|p2a: Alomomola|68/100
|-hitcount|p2a: Alomomola|2
|
|upkeep
|turn|34
|
|t:|1769303333
|-terastallize|p1a: Iron Crown|Steel
|move|p1a: Iron Crown|Tachyon Cutter|p2a: Alomomola
|-resisted|p2a: Alomomola
|-damage|p2a: Alomomola|49/100
|-resisted|p2a: Alomomola
|-damage|p2a: Alomomola|31/100
|-hitcount|p2a: Alomomola|2
|move|p2a: Alomomola|Flip Turn|p1a: Iron Crown
|-damage|p1a: Iron Crown|23/100
|
|t:|1769303335
|switch|p2a: Blaziken|Blaziken, M, tera:Ground|44/100|[from] Flip Turn
|
|upkeep
|turn|35
|
|t:|1769303337
|move|p2a: Blaziken|Protect|p2a: Blaziken
|-singleturn|p2a: Blaziken|Protect
|move|p1a: Iron Crown|Tachyon Cutter|p2a: Blaziken
|-activate|p2a: Blaziken|move: Protect
|
|-ability|p2a: Blaziken|Speed Boost|boost
|-boost|p2a: Blaziken|spe|1
|upkeep
|turn|36
|
|t:|1769303340
|move|p2a: Blaziken|Earthquake|p1a: Iron Crown
|-supereffective|p1a: Iron Crown
|-damage|p1a: Iron Crown|0 fnt
|faint|p1a: Iron Crown
|-end|p1a: Iron Crown|Quark Drive|[silent]
|
|-ability|p2a: Blaziken|Speed Boost|boost
|-boost|p2a: Blaziken|spe|1
|upkeep
|
|t:|1769303342
|switch|p1a: Keldeo|Keldeo-Resolute|73/100 par
|-damage|p1a: Keldeo|67/100 par|[from] Stealth Rock
|turn|37
|
|t:|1769303344
|move|p2a: Blaziken|Protect|p2a: Blaziken
|-singleturn|p2a: Blaziken|Protect
|move|p1a: Keldeo|Secret Sword|p2a: Blaziken
|-activate|p2a: Blaziken|move: Protect
|
|-ability|p2a: Blaziken|Speed Boost|boost
|-boost|p2a: Blaziken|spe|1
|upkeep
|turn|38
|-message|I-fear-the-weak forfeited.
|
|win|spunder_policy
|raw|I-fear-the-weak's rating: 1618 &rarr; <strong>1605</strong><br />(-13 for losing)
|raw|spunder_policy's rating: 1736 &rarr; <strong>1749</strong><br />(+13 for winning)
|l|☆I-fear-the-weak
|player|p1|
