|j|☆Napple09
|j|☆Teefryingpan
|t:|1769317190
|gametype|singles
|player|p1|Napple09|pokemonbreeder-gen6|1624
|player|p2|Teefryingpan|101|1578
|gen|9
|tier|[Gen 9] OU
|rated|
|rule|HP Percentage Mod: HP is shown in percentages
|rule|Endless Battle Clause: Forcing endless battles is banned
|rule|Species Clause: Limit one of each Pokémon
|rule|OHKO Clause: OHKO moves are banned
|rule|Evasion Items Clause: Evasion items are banned
|rule|Evasion Moves Clause: Evasion moves are banned
|rule|Evasion Abilities Clause: Evasion abilities are banned
|rule|Sleep Moves Clause: Sleep-inducing moves are banned
|clearpoke
|poke|p1|Hydrapple, F|
|poke|p1|Great Tusk|
|poke|p1|Lokix, F|
|poke|p1|Cinderace, M|
|poke|p1|Alomomola, M|
|poke|p1|Slowking-Galar, M|
|poke|p2|Samurott-Hisui, F|
|poke|p2|Dragapult, M|
|poke|p2|Enamorus, F|
|poke|p2|Scizor, M|
|poke|p2|Iron Treads|
|poke|p2|Ogerpon-Wellspring, F|
|teampreview
|inactive|Battle timer is ON: inactive players will automatically lose when time's up. (requested by Teefryingpan)
|
|t:|1769317208
|teamsize|p1|6
|teamsize|p2|6
|start
|switch|p1a: 【 Cindy 】|Cinderace, M|100/100
|switch|p2a: Iron Treads|Iron Treads|100/100
|turn|1
|
|t:|1769317212
|-end|p2a: Iron Treads|Quark Drive|[silent]
|switch|p2a: Dragapult|Dragapult, M|100/100
|move|p1a: 【 Cindy 】|Will-O-Wisp|p2a: Dragapult
|-status|p2a: Dragapult|brn
|
|-damage|p2a: Dragapult|95/100 brn|[from] brn
|upkeep
|turn|2
|
|t:|1769317217
|switch|p1a: 【 Momo 】|Alomomola, M|100/100
|move|p2a: Dragapult|U-turn|p1a: 【 Momo 】
|-damage|p1a: 【 Momo 】|94/100
|
|t:|1769317220
|switch|p2a: Scizor|Scizor, M|100/100|[from] U-turn
|
|upkeep
|turn|3
|
|t:|1769317223
|switch|p1a: 【 Tusky 】|Great Tusk|100/100
|move|p2a: Scizor|U-turn|p1a: 【 Tusky 】
|-resisted|p1a: 【 Tusky 】
|-damage|p1a: 【 Tusky 】|82/100
|-damage|p2a: Scizor|84/100|[from] item: Rocky Helmet|[of] p1a: 【 Tusky 】
|
|t:|1769317232
|switch|p2a: Ogerpon|Ogerpon-Wellspring, F|100/100|[from] U-turn
|
|upkeep
|turn|4
|
|t:|1769317236
|-end|p1a: 【 Tusky 】|Protosynthesis|[silent]
|switch|p1a: 【 Syrup 】|Hydrapple, F|100/100
|move|p2a: Ogerpon|Knock Off|p1a: 【 Syrup 】
|-damage|p1a: 【 Syrup 】|70/100
|-enditem|p1a: 【 Syrup 】|Life Orb|[from] move: Knock Off|[of] p2a: Ogerpon
|
|upkeep
|turn|5
|
|t:|1769317245
|switch|p2a: Iron Treads|Iron Treads|100/100
|move|p1a: 【 Syrup 】|Leaf Storm|p2a: Iron Treads
|-damage|p2a: Iron Treads|24/100
|-unboost|p1a: 【 Syrup 】|spa|2
|
|upkeep
|turn|6
|
|t:|1769317253
|-end|p2a: Iron Treads|Quark Drive|[silent]
|switch|p2a: Enamorus|Enamorus, F|100/100
|switch|p1a: 【 Tusky 】|Great Tusk|82/100
|
|upkeep
|turn|7
|
|t:|1769317257
|switch|p2a: Samurott|Samurott-Hisui, F|100/100
|-end|p1a: 【 Tusky 】|Protosynthesis|[silent]
|switch|p1a: 【 Eepy 】|Slowking-Galar, M|100/100
|
|upkeep
|turn|8
|
|t:|1769317264
|move|p2a: Samurott|Ceaseless Edge|p1a: 【 Eepy 】
|-supereffective|p1a: 【 Eepy 】
|-crit|p1a: 【 Eepy 】
|-damage|p1a: 【 Eepy 】|6/100
|-sidestart|p1: Napple09|Spikes
|move|p1a: 【 Eepy 】|Trick|p2a: Samurott
|-activate|p1a: 【 Eepy 】|move: Trick|[of] p2a: Samurott
|-item|p2a: Samurott|Black Sludge|[from] move: Trick
|-item|p1a: 【 Eepy 】|Rocky Helmet|[from] move: Trick
|
|-damage|p2a: Samurott|88/100|[from] item: Black Sludge
|upkeep
|turn|9
|
|t:|1769317276
|switch|p1a: 【 Tusky 】|Great Tusk|82/100
|-damage|p1a: 【 Tusky 】|70/100|[from] Spikes
|move|p2a: Samurott|Ceaseless Edge|p1a: 【 Tusky 】
|-resisted|p1a: 【 Tusky 】
|-damage|p1a: 【 Tusky 】|56/100
|-damage|p2a: Samurott|72/100|[from] item: Rocky Helmet|[of] p1a: 【 Tusky 】
|-sidestart|p1: Napple09|Spikes
|
|-damage|p2a: Samurott|59/100|[from] item: Black Sludge
|upkeep
|turn|10
|
|t:|1769317282
|switch|p2a: Dragapult|Dragapult, M|95/100 brn
|move|p1a: 【 Tusky 】|Headlong Rush|p2a: Dragapult
|-damage|p2a: Dragapult|25/100 brn
|-unboost|p1a: 【 Tusky 】|def|1
|-unboost|p1a: 【 Tusky 】|spd|1
|
|-damage|p2a: Dragapult|19/100 brn|[from] brn
|upkeep
|turn|11
|
|t:|1769317294
|-end|p1a: 【 Tusky 】|Protosynthesis|[silent]
|switch|p1a: 【 Momo 】|Alomomola, M|100/100
|-damage|p1a: 【 Momo 】|84/100|[from] Spikes
|move|p2a: Dragapult|Shadow Ball|p1a: 【 Momo 】
|-damage|p1a: 【 Momo 】|57/100
|
|-damage|p2a: Dragapult|13/100 brn|[from] brn
|upkeep
|turn|12
|
|t:|1769317301
|switch|p2a: Ogerpon|Ogerpon-Wellspring, F|100/100
|switch|p1a: 【 Cindy 】|Cinderace, M|100/100
|
|upkeep
|turn|13
|
|t:|1769317306
|move|p1a: 【 Cindy 】|U-turn|p2a: Ogerpon
|-supereffective|p2a: Ogerpon
|-damage|p2a: Ogerpon|55/100
|
|t:|1769317310
|switch|p1a: 【 Syrup 】|Hydrapple, F|100/100|[from] U-turn
|-damage|p1a: 【 Syrup 】|84/100|[from] Spikes
|move|p2a: Ogerpon|Ivy Cudgel|p1a: 【 Syrup 】|[anim] Ivy Cudgel Water
|-resisted|p1a: 【 Syrup 】
|-damage|p1a: 【 Syrup 】|71/100
|
|upkeep
|turn|14
|
|t:|1769317320
|switch|p2a: Scizor|Scizor, M|84/100
|move|p1a: 【 Syrup 】|Earth Power|p2a: Scizor
|-damage|p2a: Scizor|39/100
|
|upkeep
|turn|15
|inactive|Napple09 has 120 seconds left.
|
|t:|1769317353
|switch|p1a: 【 Eepy 】|Slowking-Galar, M|39/100
|-damage|p1a: 【 Eepy 】|23/100|[from] Spikes
|move|p2a: Scizor|U-turn|p1a: 【 Eepy 】
|-damage|p1a: 【 Eepy 】|0 fnt
|-damage|p2a: Scizor|23/100|[from] item: Rocky Helmet|[of] p1a: 【 Eepy 】
|faint|p1a: 【 Eepy 】
|
|t:|1769317358
|switch|p2a: Enamorus|Enamorus, F|100/100|[from] U-turn
|
|upkeep
|inactive|Napple09 has 120 seconds left.
|
|t:|1769317369
|switch|p1a: 【 Momo 】|Alomomola, M|91/100
|-damage|p1a: 【 Momo 】|74/100|[from] Spikes
|turn|16
|
|t:|1769317377
|move|p2a: Enamorus|Moonblast|p1a: 【 Momo 】
|-damage|p1a: 【 Momo 】|47/100
|move|p1a: 【 Momo 】|Mirror Coat|p2a: Enamorus
|-damage|p2a: Enamorus|11/100
|
|upkeep
|turn|17
|
|t:|1769317383
|switch|p2a: Ogerpon|Ogerpon-Wellspring, F|55/100
|switch|p1a: 【 Cindy 】|Cinderace, M|100/100
|
|upkeep
|turn|18
|
|t:|1769317392
|switch|p2a: Dragapult|Dragapult, M|13/100 brn
|move|p1a: 【 Cindy 】|U-turn|p2a: Dragapult
|-resisted|p2a: Dragapult
|-damage|p2a: Dragapult|2/100 brn
|
|t:|1769317410
|switch|p1a: 【 Luffy 】|Lokix, F|100/100|[from] U-turn
|-damage|p1a: 【 Luffy 】|84/100|[from] Spikes
|
|-damage|p2a: Dragapult|0 fnt|[from] brn
|faint|p2a: Dragapult
|upkeep
|
|t:|1769317420
|switch|p2a: Enamorus|Enamorus, F|11/100
|turn|19
|
|t:|1769317423
|move|p1a: 【 Luffy 】|First Impression|p2a: Enamorus
|-resisted|p2a: Enamorus
|-damage|p2a: Enamorus|0 fnt
|faint|p2a: Enamorus
|
|upkeep
|
|t:|1769317430
|switch|p2a: Ogerpon|Ogerpon-Wellspring, F|55/100
|turn|20
|
|t:|1769317443
|switch|p2a: Scizor|Scizor, M|23/100
|switch|p1a: 【 Syrup 】|Hydrapple, F|100/100
|-damage|p1a: 【 Syrup 】|84/100|[from] Spikes
|
|upkeep
|turn|21
|
|t:|1769317450
|switch|p1a: 【 Tusky 】|Great Tusk|56/100
|-damage|p1a: 【 Tusky 】|40/100|[from] Spikes
|move|p2a: Scizor|U-turn|p1a: 【 Tusky 】
|-resisted|p1a: 【 Tusky 】
|-damage|p1a: 【 Tusky 】|21/100
|-damage|p2a: Scizor|7/100|[from] item: Rocky Helmet|[of] p1a: 【 Tusky 】
|
|t:|1769317455
|switch|p2a: Iron Treads|Iron Treads|24/100|[from] U-turn
|
|upkeep
|turn|22
|
|t:|1769317462
|move|p2a: Iron Treads|Earthquake|p1a: 【 Tusky 】
|-damage|p1a: 【 Tusky 】|0 fnt
|faint|p1a: 【 Tusky 】
|-end|p1a: 【 Tusky 】|Protosynthesis|[silent]
|
|upkeep
|
|t:|1769317465
|switch|p1a: 【 Cindy 】|Cinderace, M|100/100
|turn|23
|
|t:|1769317475
|move|p1a: 【 Cindy 】|Pyro Ball|p2a: Iron Treads
|-supereffective|p2a: Iron Treads
|-damage|p2a: Iron Treads|0 fnt
|faint|p2a: Iron Treads
|-end|p2a: Iron Treads|Quark Drive|[silent]
|
|upkeep
|
|t:|1769317477
|switch|p2a: Ogerpon|Ogerpon-Wellspring, F|55/100
|turn|24
|
|t:|1769317490
|-terastallize|p1a: 【 Cindy 】|Flying
|move|p1a: 【 Cindy 】|Court Change|p1a: 【 Cindy 】
|-swapsideconditions
|-activate|p1a: 【 Cindy 】|move: Court Change
|move|p2a: Ogerpon|Ivy Cudgel|p1a: 【 Cindy 】|[anim] Ivy Cudgel Water
|-damage|p1a: 【 Cindy 】|33/100
|
|upkeep
|turn|25
|-message|Teefryingpan forfeited.
|
|win|Napple09
|raw|Napple09's rating: 1624 &rarr; <strong>1641</strong><br />(+17 for winning)
|raw|Teefryingpan's rating: 1578 &rarr; <strong>1561</strong><br />(-17 for losing)
|l|☆Teefryingpan
|player|p2|
|l|☆Napple09
|player|p1|
