|j|☆sableye555
|j|☆kayjulers
|t:|1769322832
|gametype|singles
|player|p1|sableye555|gentleman-gen4|1418
|player|p2|kayjulers|clair|1483
|gen|9
|tier|[Gen 9] OU
|rated|
|rule|HP Percentage Mod: HP is shown in percentages
|rule|Endless Battle Clause: Forcing endless battles is banned
|rule|Species Clause: Limit one of each Pokémon
|rule|OHKO Clause: OHKO moves are banned
|rule|Evasion Items Clause: Evasion items are banned
|rule|Evasion Moves Clause: Evasion moves are banned
|rule|Evasion Abilities Clause: Evasion abilities are banned
|rule|Sleep Moves Clause: Sleep-inducing moves are banned
|clearpoke
|poke|p1|Slowking-Galar, M|
|poke|p1|Lokix, M|
|poke|p1|Ogerpon-Wellspring, F|
|poke|p1|Cinderace, F|
|poke|p1|Garganacl, M|
|poke|p1|Ditto|
|poke|p2|Raging Bolt|
|poke|p2|Hydrapple, F|
|poke|p2|Cryogonal|
|poke|p2|Landorus-Therian, M|
|poke|p2|Enamorus, F|
|poke|p2|Kingambit, M|
|teampreview
|inactive|Battle timer is ON: inactive players will automatically lose when time's up. (requested by sableye555)
|
|t:|1769322837
|teamsize|p1|6
|teamsize|p2|6
|start
|switch|p1a: BigXthaBug|Lokix, M|100/100
|switch|p2a: Landorus|Landorus-Therian, M|100/100
|-ability|p2a: Landorus|Intimidate|boost
|-unboost|p1a: BigXthaBug|atk|1
|turn|1
|
|t:|1769322859
|move|p1a: BigXthaBug|U-turn|p2a: Landorus
|-resisted|p2a: Landorus
|-damage|p2a: Landorus|79/100
|-damage|p1a: BigXthaBug|84/100|[from] item: Rocky Helmet|[of] p2a: Landorus
|
|t:|1769322865
|switch|p1a: Ogerpon|Ogerpon-Wellspring, F|100/100|[from] U-turn
|move|p2a: Landorus|Stealth Rock|p1a: Ogerpon
|-sidestart|p1: sableye555|move: Stealth Rock
|
|upkeep
|turn|2
|
|t:|1769322872
|switch|p2a: Hydrapple|Hydrapple, F|100/100
|move|p1a: Ogerpon|Ivy Cudgel|p2a: Hydrapple|[anim] Ivy Cudgel Water
|-resisted|p2a: Hydrapple
|-damage|p2a: Hydrapple|90/100
|
|upkeep
|turn|3
|
|t:|1769322893
|switch|p1a: Cinderace|Cinderace, F|100/100
|move|p2a: Hydrapple|Fickle Beam|p1a: Cinderace
|-damage|p1a: Cinderace|33/100
|
|upkeep
|turn|4
|
|t:|1769322903
|move|p1a: Cinderace|Court Change|p1a: Cinderace
|-start|p1a: Cinderace|typechange|Normal|[from] ability: Libero
|-swapsideconditions
|-activate|p1a: Cinderace|move: Court Change
|move|p2a: Hydrapple|Fickle Beam|p1a: Cinderace
|-crit|p1a: Cinderace
|-damage|p1a: Cinderace|0 fnt
|faint|p1a: Cinderace
|
|upkeep
|
|t:|1769322910
|switch|p1a: BigXthaBug|Lokix, M|84/100
|turn|5
|
|t:|1769322913
|switch|p2a: Landorus|Landorus-Therian, M|79/100
|-damage|p2a: Landorus|66/100|[from] Stealth Rock
|-ability|p2a: Landorus|Intimidate|boost
|-unboost|p1a: BigXthaBug|atk|1
|-terastallize|p1a: BigXthaBug|Bug
|move|p1a: BigXthaBug|U-turn|p2a: Landorus
|-resisted|p2a: Landorus
|-damage|p2a: Landorus|34/100
|-damage|p1a: BigXthaBug|67/100|[from] item: Rocky Helmet|[of] p2a: Landorus
|
|t:|1769322923
|switch|p1a: Ogerpon|Ogerpon-Wellspring, F|100/100|[from] U-turn
|
|upkeep
|turn|6
|
|t:|1769322932
|switch|p2a: Hydrapple|Hydrapple, F|100/100
|-damage|p2a: Hydrapple|88/100|[from] Stealth Rock
|move|p1a: Ogerpon|Swords Dance|p1a: Ogerpon
|-boost|p1a: Ogerpon|atk|2
|
|upkeep
|turn|7
|
|t:|1769322941
|move|p1a: Ogerpon|Low Kick|p2a: Hydrapple
|-damage|p2a: Hydrapple|44/100
|move|p2a: Hydrapple|Leaf Storm|p1a: Ogerpon
|-damage|p1a: Ogerpon|20/100
|-unboost|p2a: Hydrapple|spa|2
|
|upkeep
|turn|8
|
|t:|1769322951
|switch|p2a: Landorus|Landorus-Therian, M|34/100
|-damage|p2a: Landorus|22/100|[from] Stealth Rock
|-ability|p2a: Landorus|Intimidate|boost
|-unboost|p1a: Ogerpon|atk|1
|move|p1a: Ogerpon|Low Kick|p2a: Landorus
|-resisted|p2a: Landorus
|-damage|p2a: Landorus|5/100
|-damage|p1a: Ogerpon|3/100|[from] item: Rocky Helmet|[of] p2a: Landorus
|
|upkeep
|turn|9
|
|t:|1769322963
|switch|p1a: The Blob|Ditto|100/100
|-transform|p1a: The Blob|p2a: Landorus|[from] ability: Imposter
|-ability|p1a: The Blob|Intimidate|boost
|-unboost|p2a: Landorus|atk|1
|move|p2a: Landorus|Stealth Rock|p1a: The Blob
|-sidestart|p1: sableye555|move: Stealth Rock
|
|upkeep
|turn|10
|
|t:|1769322971
|move|p1a: The Blob|U-turn|p2a: Landorus
|-resisted|p2a: Landorus
|-damage|p2a: Landorus|0 fnt
|-damage|p1a: The Blob|84/100|[from] item: Rocky Helmet|[of] p2a: Landorus
|faint|p2a: Landorus
|
|t:|1769322975
|switch|p1a: Garganacl|Garganacl, M|100/100|[from] U-turn
|-damage|p1a: Garganacl|88/100|[from] Stealth Rock
|
|-heal|p1a: Garganacl|94/100|[from] item: Leftovers
|upkeep
|
|t:|1769322984
|switch|p2a: Hydrapple|Hydrapple, F|78/100
|-damage|p2a: Hydrapple|65/100|[from] Stealth Rock
|turn|11
|
|t:|1769322992
|move|p2a: Hydrapple|Hydro Pump|p1a: Garganacl
|-supereffective|p1a: Garganacl
|-damage|p1a: Garganacl|39/100
|move|p1a: Garganacl|Salt Cure|p2a: Hydrapple
|-damage|p2a: Hydrapple|55/100
|-start|p2a: Hydrapple|Salt Cure
|
|-heal|p1a: Garganacl|45/100|[from] item: Leftovers
|-damage|p2a: Hydrapple|43/100|[from] Salt Cure
|upkeep
|turn|12
|
|t:|1769322998
|move|p1a: Garganacl|Protect|p1a: Garganacl
|-singleturn|p1a: Garganacl|Protect
|move|p2a: Hydrapple|Hydro Pump|p1a: Garganacl
|-activate|p1a: Garganacl|move: Protect
|
|-heal|p1a: Garganacl|51/100|[from] item: Leftovers
|-damage|p2a: Hydrapple|30/100|[from] Salt Cure
|upkeep
|turn|13
|
|t:|1769323012
|switch|p1a: Ogerpon|Ogerpon-Wellspring, F|3/100
|-damage|p1a: Ogerpon|0 fnt|[from] Stealth Rock
|faint|p1a: Ogerpon
|move|p2a: Hydrapple|Leaf Storm|p1: Ogerpon|[notarget]
|-fail|p2a: Hydrapple
|
|-damage|p2a: Hydrapple|18/100|[from] Salt Cure
|upkeep
|
|t:|1769323023
|switch|p1a: Garganacl|Garganacl, M|51/100
|-damage|p1a: Garganacl|39/100|[from] Stealth Rock
|turn|14
|
|t:|1769323028
|switch|p2a: Cryogonal|Cryogonal|100/100
|move|p1a: Garganacl|Protect||[still]
|-fail|p1a: Garganacl
|
|-heal|p1a: Garganacl|45/100|[from] item: Leftovers
|upkeep
|turn|15
|
|t:|1769323033
|move|p2a: Cryogonal|Rapid Spin|p1a: Garganacl
|-resisted|p1a: Garganacl
|-damage|p1a: Garganacl|43/100
|-boost|p2a: Cryogonal|spe|1
|-sideend|p2: kayjulers|Stealth Rock|[from] move: Rapid Spin|[of] p2a: Cryogonal
|move|p1a: Garganacl|Recover|p1a: Garganacl
|-heal|p1a: Garganacl|93/100
|
|-heal|p1a: Garganacl|99/100|[from] item: Leftovers
|upkeep
|turn|16
|
|t:|1769323040
|move|p2a: Cryogonal|Freeze-Dry|p1a: Garganacl
|-damage|p1a: Garganacl|84/100
|move|p1a: Garganacl|Salt Cure|p2a: Cryogonal
|-supereffective|p2a: Cryogonal
|-damage|p2a: Cryogonal|67/100
|-start|p2a: Cryogonal|Salt Cure
|
|-heal|p1a: Garganacl|90/100|[from] item: Leftovers
|-damage|p2a: Cryogonal|55/100|[from] Salt Cure
|upkeep
|turn|17
|
|t:|1769323047
|move|p2a: Cryogonal|Freeze-Dry|p1a: Garganacl
|-damage|p1a: Garganacl|74/100
|move|p1a: Garganacl|Stealth Rock|p2a: Cryogonal
|-sidestart|p2: kayjulers|move: Stealth Rock
|
|-heal|p1a: Garganacl|80/100|[from] item: Leftovers
|-damage|p2a: Cryogonal|43/100|[from] Salt Cure
|upkeep
|turn|18
|
|t:|1769323050
|move|p1a: Garganacl|Protect|p1a: Garganacl
|-singleturn|p1a: Garganacl|Protect
|move|p2a: Cryogonal|Freeze-Dry|p1a: Garganacl
|-activate|p1a: Garganacl|move: Protect
|
|-heal|p1a: Garganacl|87/100|[from] item: Leftovers
|-damage|p2a: Cryogonal|30/100|[from] Salt Cure
|upkeep
|turn|19
|
|t:|1769323055
|move|p2a: Cryogonal|Rapid Spin|p1a: Garganacl
|-resisted|p1a: Garganacl
|-damage|p1a: Garganacl|85/100
|-boost|p2a: Cryogonal|spe|1
|-sideend|p2: kayjulers|Stealth Rock|[from] move: Rapid Spin|[of] p2a: Cryogonal
|move|p1a: Garganacl|Stealth Rock|p2a: Cryogonal
|-sidestart|p2: kayjulers|move: Stealth Rock
|
|-heal|p1a: Garganacl|91/100|[from] item: Leftovers
|-damage|p2a: Cryogonal|18/100|[from] Salt Cure
|upkeep
|turn|20
|
|t:|1769323059
|move|p1a: Garganacl|Protect|p1a: Garganacl
|-singleturn|p1a: Garganacl|Protect
|move|p2a: Cryogonal|Rapid Spin|p1a: Garganacl
|-activate|p1a: Garganacl|move: Protect
|
|-heal|p1a: Garganacl|97/100|[from] item: Leftovers
|-damage|p2a: Cryogonal|5/100|[from] Salt Cure
|upkeep
|turn|21
|
|t:|1769323061
|move|p2a: Cryogonal|Rapid Spin|p1a: Garganacl
|-resisted|p1a: Garganacl
|-damage|p1a: Garganacl|95/100
|-boost|p2a: Cryogonal|spe|1
|-sideend|p2: kayjulers|Stealth Rock|[from] move: Rapid Spin|[of] p2a: Cryogonal
|move|p1a: Garganacl|Stealth Rock|p2a: Cryogonal
|-sidestart|p2: kayjulers|move: Stealth Rock
|
|-heal|p1a: Garganacl|100/100|[from] item: Leftovers
|-damage|p2a: Cryogonal|0 fnt|[from] Salt Cure
|faint|p2a: Cryogonal
|upkeep
|
|t:|1769323065
|switch|p2a: Raging Bolt|Raging Bolt|100/100
|-damage|p2a: Raging Bolt|88/100|[from] Stealth Rock
|-enditem|p2a: Raging Bolt|Booster Energy
|-activate|p2a: Raging Bolt|ability: Protosynthesis|[fromitem]
|-start|p2a: Raging Bolt|protosynthesisspa
|turn|22
|
|t:|1769323070
|move|p2a: Raging Bolt|Thunderbolt|p1a: Garganacl
|-damage|p1a: Garganacl|57/100
|move|p1a: Garganacl|Salt Cure|p2a: Raging Bolt
|-damage|p2a: Raging Bolt|75/100
|-start|p2a: Raging Bolt|Salt Cure
|
|-heal|p1a: Garganacl|63/100|[from] item: Leftovers
|-damage|p2a: Raging Bolt|63/100|[from] Salt Cure
|upkeep
|turn|23
|
|t:|1769323077
|-end|p2a: Raging Bolt|Protosynthesis|[silent]
|switch|p2a: Hydrapple|Hydrapple, F|51/100
|-damage|p2a: Hydrapple|39/100|[from] Stealth Rock
|move|p1a: Garganacl|Protect||[still]
|-fail|p1a: Garganacl
|
|-heal|p1a: Garganacl|69/100|[from] item: Leftovers
|upkeep
|turn|24
|
|t:|1769323081
|move|p2a: Hydrapple|Leaf Storm|p1a: Garganacl
|-supereffective|p1a: Garganacl
|-damage|p1a: Garganacl|0 fnt
|-unboost|p2a: Hydrapple|spa|2
|faint|p1a: Garganacl
|
|upkeep
|
|t:|1769323085
|switch|p1a: Slowking|Slowking-Galar, M, shiny|100/100
|-damage|p1a: Slowking|88/100|[from] Stealth Rock
|turn|25
|
|t:|1769323088
|switch|p2a: Kingambit|Kingambit, M|100/100
|-damage|p2a: Kingambit|94/100|[from] Stealth Rock
|-activate|p2a: Kingambit|ability: Supreme Overlord
|-start|p2a: Kingambit|fallen2|[silent]
|move|p1a: Slowking|Flamethrower|p2a: Kingambit
|-supereffective|p2a: Kingambit
|-damage|p2a: Kingambit|41/100
|
|-heal|p1a: Slowking|94/100|[from] item: Leftovers
|upkeep
|turn|26
|
|t:|1769323100
|move|p2a: Kingambit|Kowtow Cleave|p1a: Slowking
|-supereffective|p1a: Slowking
|-crit|p1a: Slowking
|-damage|p1a: Slowking|0 fnt
|faint|p1a: Slowking
|
|upkeep
|-message|sableye555 forfeited.
|
|win|kayjulers
|raw|sableye555's rating: 1418 &rarr; <strong>1402</strong><br />(-16 for losing)
|raw|kayjulers's rating: 1483 &rarr; <strong>1499</strong><br />(+16 for winning)
|l|☆sableye555
|player|p1|
|l|☆kayjulers
|player|p2|
