|j|☆Futa_Goon_Cave
|j|☆Schrosch
|t:|1769320707
|gametype|singles
|player|p1|Futa_Goon_Cave|giovanni|1144
|player|p2|Schrosch|169|1119
|gen|9
|tier|[Gen 9] OU
|rated|
|rule|HP Percentage Mod: HP is shown in percentages
|rule|Endless Battle Clause: Forcing endless battles is banned
|rule|Species Clause: Limit one of each Pokémon
|rule|OHKO Clause: OHKO moves are banned
|rule|Evasion Items Clause: Evasion items are banned
|rule|Evasion Moves Clause: Evasion moves are banned
|rule|Evasion Abilities Clause: Evasion abilities are banned
|rule|Sleep Moves Clause: Sleep-inducing moves are banned
|clearpoke
|poke|p1|Hydrapple, M|
|poke|p1|Slowking, M|
|poke|p1|Great Tusk|
|poke|p1|Moltres|
|poke|p1|Zamazenta-*|
|poke|p1|Kingambit, M|
|poke|p2|Porygon-Z|
|poke|p2|Gardevoir, M|
|poke|p2|Probopass, M|
|poke|p2|Corviknight, M|
|poke|p2|Serperior, F|
|poke|p2|Flygon, F|
|teampreview
|
|t:|1769320734
|teamsize|p1|6
|teamsize|p2|6
|start
|switch|p1a: Moltres|Moltres|100/100
|switch|p2a: Flygon|Flygon, F|100/100
|turn|1
|
|t:|1769320754
|move|p2a: Flygon|Stealth Rock|p1a: Moltres
|-sidestart|p1: Futa_Goon_Cave|move: Stealth Rock
|move|p1a: Moltres|U-turn|p2a: Flygon
|-damage|p2a: Flygon|80/100
|inactive|Battle timer is ON: inactive players will automatically lose when time's up. (requested by Schrosch)
|
|t:|1769320795
|switch|p1a: Zamazenta|Zamazenta|100/100|[from] U-turn
|-damage|p1a: Zamazenta|94/100|[from] Stealth Rock
|-ability|p1a: Zamazenta|Dauntless Shield|boost
|-boost|p1a: Zamazenta|def|1
|
|-heal|p2a: Flygon|86/100|[from] item: Leftovers
|upkeep
|turn|2
|
|t:|1769320816
|switch|p2a: Gardevoir|Gardevoir, M|100/100
|-ability|p2a: Gardevoir|Dauntless Shield|Trace|[from] ability: Trace|[of] p1a: Zamazenta
|-ability|p2a: Gardevoir|Dauntless Shield|boost
|-boost|p2a: Gardevoir|def|1
|move|p1a: Zamazenta|Ice Fang|p2a: Gardevoir|[miss]
|-miss|p1a: Zamazenta|p2a: Gardevoir
|
|upkeep
|turn|3
|
|t:|1769320831
|switch|p1a: Slowking|Slowking, M|100/100
|move|p2a: Gardevoir|Moonblast|p1a: Slowking
|-damage|p1a: Slowking|75/100
|
|upkeep
|turn|4
|inactive|Schrosch has 120 seconds left.
|
|t:|1769320847
|move|p2a: Gardevoir|Trick|p1a: Slowking
|-activate|p2a: Gardevoir|move: Trick|[of] p1a: Slowking
|-item|p1a: Slowking|Pecha Berry|[from] move: Trick
|-item|p2a: Gardevoir|Heavy-Duty Boots|[from] move: Trick
|-prepare|p1a: Slowking|Chilly Reception|[premajor]
|move|p1a: Slowking|Chilly Reception|p1a: Slowking
|-weather|Snowscape
|inactive|Futa_Goon_Cave has 120 seconds left.
|
|t:|1769320875
|switch|p1a: Kingambit|Kingambit, M|100/100|[from] Chilly Reception
|-damage|p1a: Kingambit|94/100|[from] Stealth Rock
|
|-weather|Snowscape|[upkeep]
|-heal|p1a: Kingambit|100/100|[from] item: Leftovers
|upkeep
|turn|5
|inactive|Futa_Goon_Cave has 120 seconds left.
|
|t:|1769320890
|move|p2a: Gardevoir|Will-O-Wisp|p1a: Kingambit|[miss]
|-miss|p2a: Gardevoir|p1a: Kingambit
|move|p1a: Kingambit|Iron Head|p2a: Gardevoir
|-supereffective|p2a: Gardevoir
|-damage|p2a: Gardevoir|18/100
|
|-weather|Snowscape|[upkeep]
|upkeep
|turn|6
|
|t:|1769320899
|-end|p1a: Kingambit|fallenundefined|[silent]
|switch|p1a: Moltres|Moltres|100/100
|move|p2a: Gardevoir|Will-O-Wisp|p1a: Moltres
|-immune|p1a: Moltres
|
|-weather|Snowscape|[upkeep]
|upkeep
|turn|7
|
|t:|1769320916
|switch|p2a: Probopass|Probopass, M|100/100
|move|p1a: Moltres|Flamethrower|p2a: Probopass
|-damage|p2a: Probopass|75/100
|
|-weather|Snowscape|[upkeep]
|upkeep
|turn|8
|inactive|Futa_Goon_Cave has 120 seconds left.
|
|t:|1769320943
|move|p1a: Moltres|U-turn|p2a: Probopass
|-resisted|p2a: Probopass
|-damage|p2a: Probopass|70/100
|
|t:|1769320947
|switch|p1a: Great Tusk|Great Tusk|100/100|[from] U-turn
|move|p2a: Probopass|Thunderbolt|p1a: Great Tusk
|-immune|p1a: Great Tusk
|
|-weather|none
|upkeep
|turn|9
|inactive|Futa_Goon_Cave has 120 seconds left.
|
|t:|1769320959
|switch|p2a: Corviknight|Corviknight, M|100/100
|-ability|p2a: Corviknight|Pressure
|move|p1a: Great Tusk|Rapid Spin|p2a: Corviknight
|-resisted|p2a: Corviknight
|-damage|p2a: Corviknight|96/100
|-boost|p1a: Great Tusk|spe|1
|-damage|p1a: Great Tusk|84/100|[from] item: Rocky Helmet|[of] p2a: Corviknight
|-sideend|p1: Futa_Goon_Cave|Stealth Rock|[from] move: Rapid Spin|[of] p1a: Great Tusk
|
|upkeep
|turn|10
|inactive|Futa_Goon_Cave has 120 seconds left.
|
|t:|1769320972
|-end|p1a: Great Tusk|Protosynthesis|[silent]
|switch|p1a: Moltres|Moltres|100/100
|move|p2a: Corviknight|U-turn|p1a: Moltres
|-resisted|p1a: Moltres
|-damage|p1a: Moltres|98/100
|inactive|Schrosch has 120 seconds left.
|
|t:|1769320999
|switch|p2a: Porygon-Z|Porygon-Z|100/100|[from] U-turn
|
|upkeep
|turn|11
|inactive|Schrosch has 120 seconds left.
|
|t:|1769321009
|switch|p1a: Kingambit|Kingambit, M|100/100
|move|p2a: Porygon-Z|Thunderbolt|p1a: Kingambit
|-damage|p1a: Kingambit|69/100
|-status|p1a: Kingambit|par
|
|-heal|p1a: Kingambit|75/100 par|[from] item: Leftovers
|upkeep
|turn|12
|inactive|Schrosch has 120 seconds left.
|
|t:|1769321020
|switch|p2a: Probopass|Probopass, M|70/100
|move|p1a: Kingambit|Kowtow Cleave|p2a: Probopass
|-damage|p2a: Probopass|39/100
|
|-heal|p1a: Kingambit|81/100 par|[from] item: Leftovers
|upkeep
|turn|13
|inactive|Schrosch has 120 seconds left.
|
|t:|1769321031
|move|p2a: Probopass|Body Press|p1a: Kingambit
|-supereffective|p1a: Kingambit
|-damage|p1a: Kingambit|0 fnt
|faint|p1a: Kingambit
|-end|p1a: Kingambit|fallenundefined|[silent]
|
|upkeep
|
|t:|1769321046
|switch|p1a: Hydrapple|Hydrapple, M|100/100
|turn|14
|inactive|Schrosch has 120 seconds left.
|
|t:|1769321065
|switch|p2a: Corviknight|Corviknight, M|96/100
|-ability|p2a: Corviknight|Pressure
|move|p1a: Hydrapple|Earth Power|p2a: Corviknight
|-immune|p2a: Corviknight
|
|upkeep
|turn|15
|inactive|Schrosch has 120 seconds left.
|
|t:|1769321084
|move|p2a: Corviknight|U-turn|p1a: Hydrapple
|-supereffective|p1a: Hydrapple
|-damage|p1a: Hydrapple|77/100
|
|t:|1769321093
|switch|p2a: Gardevoir|Gardevoir, M|18/100|[from] U-turn
|-ability|p2a: Gardevoir|Regenerator|Trace|[from] ability: Trace|[of] p1a: Hydrapple
|move|p1a: Hydrapple|Nasty Plot|p1a: Hydrapple
|-boost|p1a: Hydrapple|spa|2
|
|upkeep
|turn|16
|inactive|Schrosch has 120 seconds left.
|
|t:|1769321108
|switch|p2a: Corviknight|Corviknight, M|96/100
|-ability|p2a: Corviknight|Pressure
|-terastallize|p1a: Hydrapple|Poison
|move|p1a: Hydrapple|Earth Power|p2a: Corviknight
|-immune|p2a: Corviknight
|
|upkeep
|turn|17
|inactive|Schrosch has 120 seconds left.
|
|t:|1769321126
|move|p2a: Corviknight|U-turn|p1a: Hydrapple
|-resisted|p1a: Hydrapple
|-damage|p1a: Hydrapple|71/100
|
|t:|1769321137
|switch|p2a: Porygon-Z|Porygon-Z|100/100|[from] U-turn
|move|p1a: Hydrapple|Fickle Beam|p2a: Porygon-Z
|-damage|p2a: Porygon-Z|0 fnt
|faint|p2a: Porygon-Z
|-damage|p1a: Hydrapple|61/100|[from] item: Life Orb
|
|upkeep
|
|t:|1769321144
|switch|p2a: Flygon|Flygon, F|86/100
|turn|18
|
|t:|1769321150
|switch|p1a: Moltres|Moltres|98/100
|move|p2a: Flygon|Earthquake|p1a: Moltres
|-immune|p1a: Moltres
|
|-heal|p2a: Flygon|92/100|[from] item: Leftovers
|upkeep
|turn|19
|inactive|Schrosch has 120 seconds left.
|
|t:|1769321172
|move|p2a: Flygon|Stealth Rock|p1a: Moltres
|-sidestart|p1: Futa_Goon_Cave|move: Stealth Rock
|move|p1a: Moltres|U-turn|p2a: Flygon
|-damage|p2a: Flygon|72/100
|
|t:|1769321182
|switch|p1a: Zamazenta|Zamazenta|94/100|[from] U-turn
|-damage|p1a: Zamazenta|88/100|[from] Stealth Rock
|
|-heal|p2a: Flygon|78/100|[from] item: Leftovers
|upkeep
|turn|20
|
|t:|1769321203
|switch|p2a: Gardevoir|Gardevoir, M|51/100
|-ability|p2a: Gardevoir|Dauntless Shield|Trace|[from] ability: Trace|[of] p1a: Zamazenta
|move|p1a: Zamazenta|Close Combat|p2a: Gardevoir
|-resisted|p2a: Gardevoir
|-damage|p2a: Gardevoir|23/100
|-unboost|p1a: Zamazenta|def|1
|-unboost|p1a: Zamazenta|spd|1
|
|upkeep
|turn|21
|
|t:|1769321218
|switch|p2a: Corviknight|Corviknight, M|96/100
|-ability|p2a: Corviknight|Pressure
|move|p1a: Zamazenta|Close Combat|p2a: Corviknight
|-damage|p2a: Corviknight|42/100
|-unboost|p1a: Zamazenta|def|1
|-unboost|p1a: Zamazenta|spd|1
|-damage|p1a: Zamazenta|72/100|[from] item: Rocky Helmet|[of] p2a: Corviknight
|
|upkeep
|turn|22
|inactive|Schrosch has 90 seconds left.
|
|t:|1769321242
|switch|p2a: Serperior|Serperior, F|100/100
|move|p1a: Zamazenta|Close Combat|p2a: Serperior
|-damage|p2a: Serperior|1/100
|-unboost|p1a: Zamazenta|def|1
|-unboost|p1a: Zamazenta|spd|1
|
|upkeep
|turn|23
|
|t:|1769321251
|move|p1a: Zamazenta|Close Combat|p2a: Serperior
|-damage|p2a: Serperior|0 fnt
|-unboost|p1a: Zamazenta|def|1
|-unboost|p1a: Zamazenta|spd|1
|faint|p2a: Serperior
|
|upkeep
|
|t:|1769321256
|switch|p2a: Flygon|Flygon, F|78/100
|turn|24
|inactive|Schrosch has 90 seconds left.
|
|t:|1769321294
|move|p2a: Flygon|First Impression|p1a: Zamazenta
|-resisted|p1a: Zamazenta
|-damage|p1a: Zamazenta|35/100
|move|p1a: Zamazenta|Close Combat|p2a: Flygon
|-damage|p2a: Flygon|0 fnt
|-unboost|p1a: Zamazenta|def|1
|-unboost|p1a: Zamazenta|spd|1
|faint|p2a: Flygon
|
|upkeep
|
|t:|1769321306
|switch|p2a: Probopass|Probopass, M|39/100
|turn|25
|
|t:|1769321311
|-terastallize|p2a: Probopass|Flying
|move|p1a: Zamazenta|Close Combat|p2a: Probopass
|-resisted|p2a: Probopass
|-damage|p2a: Probopass|13/100
|-unboost|p1a: Zamazenta|def|1
|-unboost|p1a: Zamazenta|spd|1
|move|p2a: Probopass|Earth Power|p1a: Zamazenta
|-damage|p1a: Zamazenta|0 fnt
|faint|p1a: Zamazenta
|
|upkeep
|
|t:|1769321330
|switch|p1a: Great Tusk|Great Tusk|84/100
|turn|26
|
|t:|1769321338
|switch|p2a: Corviknight|Corviknight, M|42/100
|-ability|p2a: Corviknight|Pressure
|move|p1a: Great Tusk|Ice Spinner|p2a: Corviknight
|-damage|p2a: Corviknight|27/100
|-damage|p1a: Great Tusk|67/100|[from] item: Rocky Helmet|[of] p2a: Corviknight
|
|upkeep
|turn|27
|inactive|Schrosch has 90 seconds left.
|
|t:|1769321348
|-end|p1a: Great Tusk|Protosynthesis|[silent]
|switch|p1a: Moltres|Moltres|98/100
|move|p2a: Corviknight|Roost|p2a: Corviknight
|-heal|p2a: Corviknight|77/100
|-singleturn|p2a: Corviknight|move: Roost
|
|upkeep
|turn|28
|inactive|Schrosch has 90 seconds left.
|j| TransGirlHexManiac
|c| TransGirlHexManiac|Have fun!
|
|t:|1769321373
|move|p1a: Moltres|Flamethrower|p2a: Corviknight
|-supereffective|p2a: Corviknight
|-damage|p2a: Corviknight|9/100
|move|p2a: Corviknight|Brave Bird|p1a: Moltres
|-damage|p1a: Moltres|72/100
|-damage|p2a: Corviknight|1/100|[from] Recoil
|
|upkeep
|turn|29
|-message|Schrosch forfeited.
|
|win|Futa_Goon_Cave
|raw|Futa_Goon_Cave's rating: 1144 &rarr; <strong>1167</strong><br />(+23 for winning)
|raw|Schrosch's rating: 1119 &rarr; <strong>1096</strong><br />(-23 for losing)
|l|☆Schrosch
|player|p2|
|l|☆Futa_Goon_Cave
|player|p1|
|l| TransGirlHexManiac
