|j|☆Palm X
|j|☆Yaoshi
|t:|1769363353
|gametype|singles
|player|p1|Palm X|caitlin|1640
|player|p2|Yaoshi|silver-masters|1653
|gen|9
|tier|[Gen 9] OU
|rated|
|rule|HP Percentage Mod: HP is shown in percentages
|rule|Endless Battle Clause: Forcing endless battles is banned
|rule|Species Clause: Limit one of each Pokémon
|rule|OHKO Clause: OHKO moves are banned
|rule|Evasion Items Clause: Evasion items are banned
|rule|Evasion Moves Clause: Evasion moves are banned
|rule|Evasion Abilities Clause: Evasion abilities are banned
|rule|Sleep Moves Clause: Sleep-inducing moves are banned
|clearpoke
|poke|p1|Meowscarada, M|
|poke|p1|Ting-Lu|
|poke|p1|Gholdengo|
|poke|p1|Ogerpon-Wellspring, F|
|poke|p1|Dragonite, F|
|poke|p1|Clefable, F|
|poke|p2|Cinderace, M|
|poke|p2|Darkrai|
|poke|p2|Dragonite, M|
|poke|p2|Snorlax, M|
|poke|p2|Primarina, F|
|poke|p2|Skarmory, M|
|teampreview
|inactive|Battle timer is ON: inactive players will automatically lose when time's up. (requested by Palm X)
|inactive|Yaoshi also wants the timer to be on.
|j| AdmiradorDeMessi
|
|t:|1769363374
|teamsize|p1|6
|teamsize|p2|6
|start
|switch|p1a: WalkEmDownClef'|Clefable, F|100/100
|switch|p2a: One Hit Wonder|Cinderace, M|100/100
|turn|1
|
|t:|1769363381
|move|p2a: One Hit Wonder|Pyro Ball|p1a: WalkEmDownClef'
|-damage|p1a: WalkEmDownClef'|49/100
|move|p1a: WalkEmDownClef'|Knock Off|p2a: One Hit Wonder
|-damage|p2a: One Hit Wonder|79/100
|-enditem|p2a: One Hit Wonder|Heavy-Duty Boots|[from] move: Knock Off|[of] p1a: WalkEmDownClef'
|
|-heal|p1a: WalkEmDownClef'|55/100|[from] item: Leftovers
|upkeep
|turn|2
|
|t:|1769363387
|switch|p1a: Up Bowl On Em'|Ting-Lu|100/100
|-ability|p1a: Up Bowl On Em'|Vessel of Ruin
|move|p2a: One Hit Wonder|Pyro Ball|p1a: Up Bowl On Em'
|-damage|p1a: Up Bowl On Em'|69/100
|
|-heal|p1a: Up Bowl On Em'|75/100|[from] item: Leftovers
|upkeep
|turn|3
|
|t:|1769363401
|switch|p2a: Oz Smith|Skarmory, M, shiny|100/100
|move|p1a: Up Bowl On Em'|Ruination|p2a: Oz Smith
|-damage|p2a: Oz Smith|51/100
|
|-heal|p1a: Up Bowl On Em'|81/100|[from] item: Leftovers
|upkeep
|turn|4
|
|t:|1769363405
|move|p2a: Oz Smith|Body Press|p1a: Up Bowl On Em'
|-supereffective|p1a: Up Bowl On Em'
|-damage|p1a: Up Bowl On Em'|45/100
|move|p1a: Up Bowl On Em'|Stealth Rock|p2a: Oz Smith
|-sidestart|p2: Yaoshi|move: Stealth Rock
|
|-heal|p1a: Up Bowl On Em'|51/100|[from] item: Leftovers
|upkeep
|turn|5
|
|t:|1769363410
|move|p2a: Oz Smith|Roost|p2a: Oz Smith
|-heal|p2a: Oz Smith|100/100
|-singleturn|p2a: Oz Smith|move: Roost
|move|p1a: Up Bowl On Em'|Spikes|p2a: Oz Smith
|-sidestart|p2: Yaoshi|Spikes
|
|-heal|p1a: Up Bowl On Em'|57/100|[from] item: Leftovers
|upkeep
|turn|6
|j| firecharmander004
|
|t:|1769363437
|switch|p2a: One Hit Wonder|Cinderace, M|79/100
|-damage|p2a: One Hit Wonder|54/100|[from] Stealth Rock
|-damage|p2a: One Hit Wonder|42/100|[from] Spikes
|switch|p1a: WalkEmDownClef'|Clefable, F|55/100
|
|-heal|p1a: WalkEmDownClef'|61/100|[from] item: Leftovers
|upkeep
|turn|7
|
|t:|1769363443
|move|p2a: One Hit Wonder|Court Change|p2a: One Hit Wonder
|-start|p2a: One Hit Wonder|typechange|Normal|[from] ability: Libero
|-swapsideconditions
|-activate|p2a: One Hit Wonder|move: Court Change
|move|p1a: WalkEmDownClef'|Moonlight|p1a: WalkEmDownClef'
|-heal|p1a: WalkEmDownClef'|100/100
|
|upkeep
|turn|8
|inactive|Yaoshi has 120 seconds left.
|
|t:|1769363483
|switch|p2a: Homerun|Snorlax, M, shiny|100/100
|move|p1a: WalkEmDownClef'|Calm Mind|p1a: WalkEmDownClef'
|-boost|p1a: WalkEmDownClef'|spa|1
|-boost|p1a: WalkEmDownClef'|spd|1
|
|upkeep
|turn|9
|
|t:|1769363490
|move|p1a: WalkEmDownClef'|Knock Off|p2a: Homerun
|-damage|p2a: Homerun|85/100
|-enditem|p2a: Homerun|Figy Berry|[from] move: Knock Off|[of] p1a: WalkEmDownClef'
|move|p2a: Homerun|Body Slam|p1a: WalkEmDownClef'
|-damage|p1a: WalkEmDownClef'|77/100
|
|-heal|p1a: WalkEmDownClef'|83/100|[from] item: Leftovers
|upkeep
|turn|10
|
|t:|1769363500
|switch|p1a: Up Bowl On Em'|Ting-Lu|57/100
|-damage|p1a: Up Bowl On Em'|51/100|[from] Stealth Rock
|-damage|p1a: Up Bowl On Em'|38/100|[from] Spikes
|-ability|p1a: Up Bowl On Em'|Vessel of Ruin
|move|p2a: Homerun|Body Slam|p1a: Up Bowl On Em'
|-damage|p1a: Up Bowl On Em'|20/100
|
|-heal|p1a: Up Bowl On Em'|27/100|[from] item: Leftovers
|upkeep
|turn|11
|inactive|Yaoshi has 120 seconds left.
|
|t:|1769363537
|move|p1a: Up Bowl On Em'|Stealth Rock|p2a: Homerun
|-sidestart|p2: Yaoshi|move: Stealth Rock
|move|p2a: Homerun|Body Slam|p1a: Up Bowl On Em'
|-damage|p1a: Up Bowl On Em'|9/100
|
|-heal|p1a: Up Bowl On Em'|15/100|[from] item: Leftovers
|upkeep
|turn|12
|inactive|Yaoshi has 90 seconds left.
|inactive|Yaoshi has 60 seconds left.
|
|t:|1769363597
|move|p1a: Up Bowl On Em'|Spikes|p2a: Homerun
|-sidestart|p2: Yaoshi|Spikes
|move|p2a: Homerun|Body Slam|p1a: Up Bowl On Em'
|-damage|p1a: Up Bowl On Em'|0 fnt
|faint|p1a: Up Bowl On Em'
|
|upkeep
|
|t:|1769363601
|switch|p1a: What Is An Opp|Meowscarada, M|100/100
|turn|13
|
|t:|1769363613
|switch|p2a: Oz Smith|Skarmory, M, shiny|100/100
|-damage|p2a: Oz Smith|88/100|[from] Stealth Rock
|move|p1a: What Is An Opp|Toxic Spikes|p2a: Oz Smith
|-start|p1a: What Is An Opp|typechange|Poison|[from] ability: Protean
|-sidestart|p2: Yaoshi|move: Toxic Spikes
|
|upkeep
|turn|14
|
|t:|1769363620
|move|p1a: What Is An Opp|Knock Off|p2a: Oz Smith
|-damage|p2a: Oz Smith|68/100
|-damage|p1a: What Is An Opp|84/100|[from] item: Rocky Helmet|[of] p2a: Oz Smith
|-enditem|p2a: Oz Smith|Rocky Helmet|[from] move: Knock Off|[of] p1a: What Is An Opp
|move|p2a: Oz Smith|Whirlwind|p1a: What Is An Opp
|drag|p1a: YG 400|Dragonite, F|100/100
|
|upkeep
|turn|15
|
|t:|1769363626
|switch|p1a: Give Kirk or Die|Gholdengo|100/100
|-damage|p1a: Give Kirk or Die|94/100|[from] Stealth Rock
|-damage|p1a: Give Kirk or Die|82/100|[from] Spikes
|move|p2a: Oz Smith|Roost|p2a: Oz Smith
|-heal|p2a: Oz Smith|100/100
|-singleturn|p2a: Oz Smith|move: Roost
|
|upkeep
|turn|16
|inactive|Yaoshi has 90 seconds left.
|
|t:|1769363635
|switch|p2a: Homerun|Snorlax, M, shiny|85/100
|-damage|p2a: Homerun|73/100|[from] Stealth Rock
|-damage|p2a: Homerun|61/100|[from] Spikes
|-status|p2a: Homerun|psn
|move|p1a: Give Kirk or Die|Shadow Ball|p2a: Homerun
|-immune|p2a: Homerun
|
|-damage|p2a: Homerun|48/100 psn|[from] psn
|upkeep
|turn|17
|
|t:|1769363641
|switch|p1a: BoySlowDown😭😂✌️|Ogerpon-Wellspring, F|100/100
|-damage|p1a: BoySlowDown😭😂✌️|88/100|[from] Stealth Rock
|-damage|p1a: BoySlowDown😭😂✌️|76/100|[from] Spikes
|move|p2a: Homerun|Earthquake|p1a: BoySlowDown😭😂✌️
|-resisted|p1a: BoySlowDown😭😂✌️
|-damage|p1a: BoySlowDown😭😂✌️|57/100
|
|-damage|p2a: Homerun|36/100 psn|[from] psn
|upkeep
|turn|18
|
|t:|1769363647
|move|p1a: BoySlowDown😭😂✌️|Swords Dance|p1a: BoySlowDown😭😂✌️
|-boost|p1a: BoySlowDown😭😂✌️|atk|2
|move|p2a: Homerun|Body Slam|p1a: BoySlowDown😭😂✌️
|-damage|p1a: BoySlowDown😭😂✌️|14/100
|
|-damage|p2a: Homerun|23/100 psn|[from] psn
|upkeep
|turn|19
|
|t:|1769363650
|move|p1a: BoySlowDown😭😂✌️|Horn Leech|p2a: Homerun
|-damage|p2a: Homerun|0 fnt
|-heal|p1a: BoySlowDown😭😂✌️|34/100|[from] drain|[of] p2a: Homerun
|faint|p2a: Homerun
|
|upkeep
|
|t:|1769363664
|switch|p2a: One Hit Wonder|Cinderace, M|42/100
|-damage|p2a: One Hit Wonder|17/100|[from] Stealth Rock
|-damage|p2a: One Hit Wonder|4/100|[from] Spikes
|-status|p2a: One Hit Wonder|psn
|turn|20
|
|t:|1769363668
|move|p2a: One Hit Wonder|Sucker Punch|p1a: BoySlowDown😭😂✌️
|-start|p2a: One Hit Wonder|typechange|Dark|[from] ability: Libero
|-damage|p1a: BoySlowDown😭😂✌️|0 fnt
|faint|p1a: BoySlowDown😭😂✌️
|
|-damage|p2a: One Hit Wonder|0 fnt|[from] psn
|faint|p2a: One Hit Wonder
|upkeep
|inactive|Yaoshi has 120 seconds left.
|
|t:|1769363684
|switch|p1a: Give Kirk or Die|Gholdengo|82/100
|switch|p2a: Babe Ruth|Darkrai, shiny|100/100
|-damage|p1a: Give Kirk or Die|76/100|[from] Stealth Rock
|-damage|p1a: Give Kirk or Die|64/100|[from] Spikes
|-damage|p2a: Babe Ruth|88/100|[from] Stealth Rock
|-damage|p2a: Babe Ruth|76/100|[from] Spikes
|-status|p2a: Babe Ruth|psn
|turn|21
|
|t:|1769363691
|move|p1a: Give Kirk or Die|Make It Rain|p2a: Babe Ruth
|-damage|p2a: Babe Ruth|0 fnt
|-unboost|p1a: Give Kirk or Die|spa|1
|faint|p2a: Babe Ruth
|
|upkeep
|inactive|Yaoshi has 120 seconds left.
|
|t:|1769363697
|switch|p2a: Ohtani|Dragonite, M|100/100
|-damage|p2a: Ohtani|76/100|[from] Stealth Rock
|turn|22
|
|t:|1769363702
|move|p1a: Give Kirk or Die|Make It Rain|p2a: Ohtani
|-damage|p2a: Ohtani|41/100
|-unboost|p1a: Give Kirk or Die|spa|1
|move|p2a: Ohtani|Outrage|p1a: Give Kirk or Die
|-resisted|p1a: Give Kirk or Die
|-damage|p1a: Give Kirk or Die|2/100
|
|upkeep
|turn|23
|
|t:|1769363707
|move|p1a: Give Kirk or Die|Make It Rain|p2a: Ohtani
|-damage|p2a: Ohtani|12/100
|-unboost|p1a: Give Kirk or Die|spa|1
|move|p2a: Ohtani|Outrage|p1a: Give Kirk or Die|[from] lockedmove
|-resisted|p1a: Give Kirk or Die
|-damage|p1a: Give Kirk or Die|0 fnt
|faint|p1a: Give Kirk or Die
|-start|p2a: Ohtani|confusion|[fatigue]
|
|upkeep
|
|t:|1769363711
|switch|p1a: What Is An Opp|Meowscarada, M|84/100
|turn|24
|
|t:|1769363716
|move|p1a: What Is An Opp|U-turn|p2a: Ohtani
|-start|p1a: What Is An Opp|typechange|Bug|[from] ability: Protean
|-resisted|p2a: Ohtani
|-damage|p2a: Ohtani|0 fnt
|faint|p2a: Ohtani
|
|t:|1769363719
|switch|p1a: WalkEmDownClef'|Clefable, F|83/100|[from] U-turn
|
|-heal|p1a: WalkEmDownClef'|89/100|[from] item: Leftovers
|upkeep
|
|t:|1769363740
|switch|p2a: Ayami Sato|Primarina, F, shiny|100/100
|-damage|p2a: Ayami Sato|88/100|[from] Stealth Rock
|-damage|p2a: Ayami Sato|76/100|[from] Spikes
|-status|p2a: Ayami Sato|psn
|turn|25
|
|t:|1769363746
|move|p2a: Ayami Sato|Calm Mind|p2a: Ayami Sato
|-boost|p2a: Ayami Sato|spa|1
|-boost|p2a: Ayami Sato|spd|1
|move|p1a: WalkEmDownClef'|Knock Off|p2a: Ayami Sato
|-resisted|p2a: Ayami Sato
|-damage|p2a: Ayami Sato|69/100 psn
|-enditem|p2a: Ayami Sato|Leftovers|[from] move: Knock Off|[of] p1a: WalkEmDownClef'
|
|-heal|p1a: WalkEmDownClef'|95/100|[from] item: Leftovers
|-damage|p2a: Ayami Sato|57/100 psn|[from] psn
|upkeep
|turn|26
|
|t:|1769363762
|move|p1a: WalkEmDownClef'|Calm Mind|p1a: WalkEmDownClef'
|-boost|p1a: WalkEmDownClef'|spa|1
|-boost|p1a: WalkEmDownClef'|spd|1
|move|p2a: Ayami Sato|Calm Mind|p2a: Ayami Sato
|-boost|p2a: Ayami Sato|spa|1
|-boost|p2a: Ayami Sato|spd|1
|
|-heal|p1a: WalkEmDownClef'|100/100|[from] item: Leftovers
|-damage|p2a: Ayami Sato|45/100 psn|[from] psn
|upkeep
|turn|27
|
|t:|1769363765
|move|p2a: Ayami Sato|Draining Kiss|p1a: WalkEmDownClef'
|-damage|p1a: WalkEmDownClef'|74/100
|-heal|p2a: Ayami Sato|66/100 psn|[from] drain|[of] p1a: WalkEmDownClef'
|move|p1a: WalkEmDownClef'|Calm Mind|p1a: WalkEmDownClef'
|-boost|p1a: WalkEmDownClef'|spa|1
|-boost|p1a: WalkEmDownClef'|spd|1
|
|-heal|p1a: WalkEmDownClef'|80/100|[from] item: Leftovers
|-damage|p2a: Ayami Sato|54/100 psn|[from] psn
|upkeep
|turn|28
|
|t:|1769363769
|move|p2a: Ayami Sato|Calm Mind|p2a: Ayami Sato
|-boost|p2a: Ayami Sato|spa|1
|-boost|p2a: Ayami Sato|spd|1
|move|p1a: WalkEmDownClef'|Calm Mind|p1a: WalkEmDownClef'
|-boost|p1a: WalkEmDownClef'|spa|1
|-boost|p1a: WalkEmDownClef'|spd|1
|
|-heal|p1a: WalkEmDownClef'|86/100|[from] item: Leftovers
|-damage|p2a: Ayami Sato|42/100 psn|[from] psn
|upkeep
|turn|29
|
|t:|1769363773
|move|p1a: WalkEmDownClef'|Calm Mind|p1a: WalkEmDownClef'
|-boost|p1a: WalkEmDownClef'|spa|1
|-boost|p1a: WalkEmDownClef'|spd|1
|move|p2a: Ayami Sato|Calm Mind|p2a: Ayami Sato
|-boost|p2a: Ayami Sato|spa|1
|-boost|p2a: Ayami Sato|spd|1
|
|-heal|p1a: WalkEmDownClef'|92/100|[from] item: Leftovers
|-damage|p2a: Ayami Sato|29/100 psn|[from] psn
|upkeep
|turn|30
|
|t:|1769363776
|move|p2a: Ayami Sato|Calm Mind|p2a: Ayami Sato
|-boost|p2a: Ayami Sato|spa|1
|-boost|p2a: Ayami Sato|spd|1
|move|p1a: WalkEmDownClef'|Calm Mind|p1a: WalkEmDownClef'
|-boost|p1a: WalkEmDownClef'|spa|1
|-boost|p1a: WalkEmDownClef'|spd|1
|
|-heal|p1a: WalkEmDownClef'|98/100|[from] item: Leftovers
|-damage|p2a: Ayami Sato|17/100 psn|[from] psn
|upkeep
|turn|31
|
|t:|1769363779
|move|p2a: Ayami Sato|Draining Kiss|p1a: WalkEmDownClef'
|-damage|p1a: WalkEmDownClef'|78/100
|-heal|p2a: Ayami Sato|34/100 psn|[from] drain|[of] p1a: WalkEmDownClef'
|move|p1a: WalkEmDownClef'|Calm Mind|p1a: WalkEmDownClef'
|-boost|p1a: WalkEmDownClef'|spa|1
|-boost|p1a: WalkEmDownClef'|spd|1
|
|-heal|p1a: WalkEmDownClef'|84/100|[from] item: Leftovers
|-damage|p2a: Ayami Sato|21/100 psn|[from] psn
|upkeep
|turn|32
|
|t:|1769363782
|move|p1a: WalkEmDownClef'|Moonblast|p2a: Ayami Sato
|-damage|p2a: Ayami Sato|0 fnt
|faint|p2a: Ayami Sato
|
|-heal|p1a: WalkEmDownClef'|90/100|[from] item: Leftovers
|upkeep
|
|t:|1769363786
|switch|p2a: Oz Smith|Skarmory, M, shiny|100/100
|-damage|p2a: Oz Smith|88/100|[from] Stealth Rock
|turn|33
|
|t:|1769363790
|move|p2a: Oz Smith|Body Press|p1a: WalkEmDownClef'
|-resisted|p1a: WalkEmDownClef'
|-damage|p1a: WalkEmDownClef'|78/100
|move|p1a: WalkEmDownClef'|Moonblast|p2a: Oz Smith
|-resisted|p2a: Oz Smith
|-damage|p2a: Oz Smith|0 fnt
|faint|p2a: Oz Smith
|
|win|Palm X
|raw|Palm X's rating: 1640 &rarr; <strong>1659</strong><br />(+19 for winning)
|raw|Yaoshi's rating: 1629 &rarr; <strong>1610</strong><br />(-19 for losing)
|c|☆Palm X|gg
|l|☆Yaoshi
|player|p2|
|c|☆Palm X|yeesh
|c|☆Palm X|i made this in 30 secs
|c|☆Palm X|i was scared it wasnt gonna work lmao
|l|☆Palm X
|player|p1|
