|j|☆TheCoatOfChaos
|j|☆adam_mbrki
|t:|1769375233
|gametype|singles
|player|p1|TheCoatOfChaos|riley|1219
|player|p2|adam_mbrki|iris-gen5bw2|1246
|gen|9
|tier|[Gen 9] OU
|rated|
|rule|HP Percentage Mod: HP is shown in percentages
|rule|Endless Battle Clause: Forcing endless battles is banned
|rule|Species Clause: Limit one of each Pokémon
|rule|OHKO Clause: OHKO moves are banned
|rule|Evasion Items Clause: Evasion items are banned
|rule|Evasion Moves Clause: Evasion moves are banned
|rule|Evasion Abilities Clause: Evasion abilities are banned
|rule|Sleep Moves Clause: Sleep-inducing moves are banned
|clearpoke
|poke|p1|Araquanid, F|
|poke|p1|Lucario, M|
|poke|p1|Glimmora, F|
|poke|p1|Dragapult, M|
|poke|p1|Oricorio-Pom-Pom, F|
|poke|p1|Garganacl, F|
|poke|p2|Latios, M|
|poke|p2|Kingambit, M|
|poke|p2|Iron Treads|
|poke|p2|Toxapex, M|
|poke|p2|Hawlucha, M|
|poke|p2|Zapdos|
|teampreview
|inactive|Battle timer is ON: inactive players will automatically lose when time's up. (requested by adam_mbrki)
|inactive|TheCoatOfChaos has 120 seconds left.
|
|t:|1769375333
|teamsize|p1|6
|teamsize|p2|6
|start
|switch|p1a: Garganacl|Garganacl, F|100/100
|switch|p2a: Hawlucha|Hawlucha, M|100/100
|turn|1
|inactive|TheCoatOfChaos has 120 seconds left.
|
|t:|1769375383
|move|p2a: Hawlucha|Mean Look|p1a: Garganacl
|-activate|p1a: Garganacl|trapped
|move|p1a: Garganacl|Curse|p1a: Garganacl
|-unboost|p1a: Garganacl|spe|1
|-boost|p1a: Garganacl|atk|1
|-boost|p1a: Garganacl|def|1
|
|upkeep
|turn|2
|
|t:|1769375392
|move|p2a: Hawlucha|Encore|p1a: Garganacl
|-start|p1a: Garganacl|Encore
|move|p1a: Garganacl|Curse|p1a: Garganacl
|-unboost|p1a: Garganacl|spe|1
|-boost|p1a: Garganacl|atk|1
|-boost|p1a: Garganacl|def|1
|
|upkeep
|turn|3
|
|t:|1769375398
|move|p2a: Hawlucha|Bulk Up|p2a: Hawlucha
|-boost|p2a: Hawlucha|atk|1
|-boost|p2a: Hawlucha|def|1
|move|p1a: Garganacl|Curse|p1a: Garganacl
|-unboost|p1a: Garganacl|spe|1
|-boost|p1a: Garganacl|atk|1
|-boost|p1a: Garganacl|def|1
|
|upkeep
|turn|4
|inactive|TheCoatOfChaos has 120 seconds left.
|
|t:|1769375407
|-terastallize|p1a: Garganacl|Ghost
|move|p2a: Hawlucha|Bulk Up|p2a: Hawlucha
|-boost|p2a: Hawlucha|atk|1
|-boost|p2a: Hawlucha|def|1
|move|p1a: Garganacl|Curse|p2a: Hawlucha
|-start|p2a: Hawlucha|Curse|[of] p1a: Garganacl
|-damage|p1a: Garganacl|50/100
|
|-heal|p1a: Garganacl|57/100|[from] item: Leftovers
|-damage|p2a: Hawlucha|76/100|[from] Curse
|-end|p1a: Garganacl|Encore
|upkeep
|turn|5
|inactive|TheCoatOfChaos has 120 seconds left.
|
|t:|1769375434
|switch|p1a: Glimmora|Glimmora, F|100/100
|move|p2a: Hawlucha|Acrobatics|p1a: Glimmora
|-resisted|p1a: Glimmora
|-crit|p1a: Glimmora
|-damage|p1a: Glimmora|62/100
|-activate|p1a: Glimmora|ability: Toxic Debris
|-sidestart|p2: adam_mbrki|move: Toxic Spikes
|
|-damage|p2a: Hawlucha|51/100|[from] Curse
|upkeep
|turn|6
|inactive|TheCoatOfChaos has 120 seconds left.
|
|t:|1769375445
|move|p1a: Glimmora|Power Gem|p2a: Hawlucha
|-damage|p2a: Hawlucha|0 fnt
|faint|p2a: Hawlucha
|
|upkeep
|
|t:|1769375449
|switch|p2a: Latios|Latios, M|100/100
|turn|7
|
|t:|1769375460
|switch|p1a: Araquanid|Araquanid, F|100/100
|move|p2a: Latios|Draco Meteor|p1a: Araquanid
|-damage|p1a: Araquanid|59/100
|-unboost|p2a: Latios|spa|2
|
|upkeep
|turn|8
|
|t:|1769375479
|switch|p2a: Zapdos|Zapdos|100/100
|move|p1a: Araquanid|Leech Life|p2a: Zapdos
|-resisted|p2a: Zapdos
|-damage|p2a: Zapdos|89/100
|-heal|p1a: Araquanid|66/100|[from] drain|[of] p2a: Zapdos
|
|upkeep
|turn|9
|
|t:|1769375489
|switch|p1a: Dragapult|Dragapult, M|100/100
|move|p2a: Zapdos|Hurricane|p1a: Dragapult
|-damage|p1a: Dragapult|40/100
|
|upkeep
|turn|10
|
|t:|1769375497
|move|p1a: Dragapult|Dragon Darts|p2a: Zapdos
|-damage|p2a: Zapdos|70/100
|-anim|p1a: Dragapult|Dragon Darts|p2a: Zapdos
|-damage|p2a: Zapdos|51/100
|move|p2a: Zapdos|Volt Switch|p1a: Dragapult
|-resisted|p1a: Dragapult
|-damage|p1a: Dragapult|21/100
|
|t:|1769375505
|switch|p2a: Iron Treads|Iron Treads|100/100|[from] Volt Switch
|-enditem|p2a: Iron Treads|Booster Energy
|-activate|p2a: Iron Treads|ability: Quark Drive|[fromitem]
|-start|p2a: Iron Treads|quarkdrivespe
|
|upkeep
|turn|11
|
|t:|1769375519
|move|p1a: Dragapult|Sucker Punch|p2a: Iron Treads
|-damage|p2a: Iron Treads|82/100
|move|p2a: Iron Treads|Iron Head|p1a: Dragapult
|-damage|p1a: Dragapult|0 fnt
|faint|p1a: Dragapult
|
|upkeep
|
|t:|1769375526
|switch|p1a: Araquanid|Araquanid, F|66/100
|turn|12
|
|t:|1769375537
|move|p2a: Iron Treads|Rapid Spin|p1a: Araquanid
|-damage|p1a: Araquanid|49/100
|-boost|p2a: Iron Treads|spe|1
|-sideend|p2: adam_mbrki|Toxic Spikes|[from] move: Rapid Spin|[of] p2a: Iron Treads
|move|p1a: Araquanid|Liquidation|p2a: Iron Treads
|-supereffective|p2a: Iron Treads
|-damage|p2a: Iron Treads|0 fnt
|faint|p2a: Iron Treads
|-end|p2a: Iron Treads|Quark Drive|[silent]
|
|upkeep
|
|t:|1769375550
|switch|p2a: Latios|Latios, M|100/100
|turn|13
|
|t:|1769375554
|move|p2a: Latios|Thunderbolt|p1a: Araquanid
|-supereffective|p1a: Araquanid
|-damage|p1a: Araquanid|14/100
|move|p1a: Araquanid|Leech Life|p2a: Latios
|-supereffective|p2a: Latios
|-damage|p2a: Latios|10/100
|-heal|p1a: Araquanid|54/100|[from] drain|[of] p2a: Latios
|
|upkeep
|turn|14
|
|t:|1769375571
|move|p2a: Latios|Draco Meteor|p1a: Araquanid
|-damage|p1a: Araquanid|9/100
|-unboost|p2a: Latios|spa|2
|move|p1a: Araquanid|Leech Life|p2a: Latios
|-supereffective|p2a: Latios
|-damage|p2a: Latios|0 fnt
|-heal|p1a: Araquanid|14/100|[from] drain|[of] p2a: Latios
|faint|p2a: Latios
|
|upkeep
|
|t:|1769375582
|switch|p2a: Kingambit|Kingambit, M|100/100
|-activate|p2a: Kingambit|ability: Supreme Overlord
|-start|p2a: Kingambit|fallen3|[silent]
|-item|p2a: Kingambit|Air Balloon
|turn|15
|
|t:|1769375592
|move|p2a: Kingambit|Swords Dance|p2a: Kingambit
|-boost|p2a: Kingambit|atk|2
|move|p1a: Araquanid|Liquidation|p2a: Kingambit
|-damage|p2a: Kingambit|46/100
|-unboost|p2a: Kingambit|def|1
|-enditem|p2a: Kingambit|Air Balloon
|
|upkeep
|turn|16
|
|t:|1769375602
|move|p2a: Kingambit|Iron Head|p1a: Araquanid
|-resisted|p1a: Araquanid
|-damage|p1a: Araquanid|0 fnt
|faint|p1a: Araquanid
|
|upkeep
|
|t:|1769375610
|switch|p1a: Glimmora|Glimmora, F|62/100
|turn|17
|
|t:|1769375616
|move|p2a: Kingambit|Sucker Punch|p1a: Glimmora
|-damage|p1a: Glimmora|0 fnt
|-activate|p1a: Glimmora|ability: Toxic Debris
|-sidestart|p2: adam_mbrki|move: Toxic Spikes
|faint|p1a: Glimmora
|
|upkeep
|
|t:|1769375621
|switch|p1a: Lucario|Lucario, M|100/100
|turn|18
|
|t:|1769375625
|-terastallize|p2a: Kingambit|Ghost
|move|p1a: Lucario|Aura Sphere|p2a: Kingambit
|-immune|p2a: Kingambit
|move|p2a: Kingambit|Low Kick|p1a: Lucario
|-supereffective|p1a: Lucario
|-damage|p1a: Lucario|0 fnt
|faint|p1a: Lucario
|
|upkeep
|
|t:|1769375634
|switch|p1a: Garganacl|Garganacl, F, tera:Ghost|57/100
|turn|19
|
|t:|1769375647
|move|p2a: Kingambit|Iron Head|p1a: Garganacl
|-damage|p1a: Garganacl|0 fnt
|faint|p1a: Garganacl
|
|upkeep
|
|t:|1769375651
|switch|p1a: Oricorio|Oricorio-Pom-Pom, F|100/100
|turn|20
|
|t:|1769375655
|move|p2a: Kingambit|Sucker Punch|p1a: Oricorio
|-damage|p1a: Oricorio|0 fnt
|faint|p1a: Oricorio
|
|win|adam_mbrki
|raw|TheCoatOfChaos's rating: 1219 &rarr; <strong>1196</strong><br />(-23 for losing)
|raw|adam_mbrki's rating: 1246 &rarr; <strong>1269</strong><br />(+23 for winning)
|l|☆TheCoatOfChaos
|player|p1|
|c|☆adam_mbrki|sucker god
|l|☆adam_mbrki
|player|p2|
