|j|☆maximilk
|j|☆uscboarder
|t:|1769319521
|gametype|singles
|player|p1|maximilk|veteran|1513
|player|p2|uscboarder|musician|1459
|gen|9
|tier|[Gen 9] OU
|rated|
|rule|HP Percentage Mod: HP is shown in percentages
|rule|Endless Battle Clause: Forcing endless battles is banned
|rule|Species Clause: Limit one of each Pokémon
|rule|OHKO Clause: OHKO moves are banned
|rule|Evasion Items Clause: Evasion items are banned
|rule|Evasion Moves Clause: Evasion moves are banned
|rule|Evasion Abilities Clause: Evasion abilities are banned
|rule|Sleep Moves Clause: Sleep-inducing moves are banned
|clearpoke
|poke|p1|Iron Boulder|
|poke|p1|Iron Moth|
|poke|p1|Tornadus-Therian, M|
|poke|p1|Gliscor, M|
|poke|p1|Meowscarada, F|
|poke|p1|Primarina, M|
|poke|p2|Chesnaught, F|
|poke|p2|Garganacl, F|
|poke|p2|Weezing-Galar, F|
|poke|p2|Dragonite, M|
|poke|p2|Araquanid, F|
|poke|p2|Gholdengo|
|teampreview
|
|t:|1769319535
|teamsize|p1|6
|teamsize|p2|6
|start
|switch|p1a: Tornadus|Tornadus-Therian, M|100/100
|switch|p2a: Araquanid|Araquanid, F|100/100
|turn|1
|
|t:|1769319537
|move|p1a: Tornadus|Taunt|p2a: Araquanid
|-start|p2a: Araquanid|move: Taunt
|move|p2a: Araquanid|Liquidation|p1a: Tornadus
|-damage|p1a: Tornadus|0 fnt
|faint|p1a: Tornadus
|
|upkeep
|
|t:|1769319559
|switch|p1a: Meowscarada|Meowscarada, F|100/100
|turn|2
|
|t:|1769319570
|switch|p2a: Weezing|Weezing-Galar, F|100/100
|-ability|p2a: Weezing|Neutralizing Gas
|move|p1a: Meowscarada|U-turn|p2a: Weezing
|-resisted|p2a: Weezing
|-damage|p2a: Weezing|96/100
|-damage|p1a: Meowscarada|84/100|[from] item: Rocky Helmet|[of] p2a: Weezing
|
|t:|1769319578
|switch|p1a: Gliscor|Gliscor, M|100/100|[from] U-turn
|
|-status|p1a: Gliscor|tox|[from] item: Toxic Orb
|upkeep
|turn|3
|inactive|Battle timer is ON: inactive players will automatically lose when time's up. (requested by uscboarder)
|
|t:|1769319582
|move|p1a: Gliscor|Stealth Rock|p2a: Weezing
|-sidestart|p2: uscboarder|move: Stealth Rock
|move|p2a: Weezing|Strange Steam|p1a: Gliscor
|-damage|p1a: Gliscor|68/100 tox
|
|-damage|p1a: Gliscor|62/100 tox|[from] psn
|upkeep
|turn|4
|
|t:|1769319589
|switch|p1a: Primarina|Primarina, M|100/100
|move|p2a: Weezing|Defog|p1a: Primarina
|-unboost|p1a: Primarina|evasion|1
|-sideend|p2: uscboarder|Stealth Rock|[from] move: Defog|[of] p2a: Weezing
|
|upkeep
|turn|5
|
|t:|1769319593
|switch|p1a: Gliscor|Gliscor, M|62/100 tox
|move|p2a: Weezing|Toxic|p1a: Gliscor
|-fail|p1a: Gliscor|tox
|
|-damage|p1a: Gliscor|56/100 tox|[from] psn
|upkeep
|turn|6
|
|t:|1769319596
|move|p1a: Gliscor|Stealth Rock|p2a: Weezing
|-sidestart|p2: uscboarder|move: Stealth Rock
|move|p2a: Weezing|Strange Steam|p1a: Gliscor
|-damage|p1a: Gliscor|25/100 tox
|
|-damage|p1a: Gliscor|12/100 tox|[from] psn
|upkeep
|turn|7
|
|t:|1769319603
|switch|p1a: Iron Moth|Iron Moth|100/100
|move|p2a: Weezing|Defog|p1a: Iron Moth
|-unboost|p1a: Iron Moth|evasion|1
|-sideend|p2: uscboarder|Stealth Rock|[from] move: Defog|[of] p2a: Weezing
|
|upkeep
|turn|8
|
|t:|1769319606
|-end|p2a: Weezing|ability: Neutralizing Gas
|switch|p2a: Garganacl|Garganacl, F|100/100
|-enditem|p1a: Iron Moth|Booster Energy
|-activate|p1a: Iron Moth|ability: Quark Drive|[fromitem]
|-start|p1a: Iron Moth|quarkdrivespa
|move|p1a: Iron Moth|Agility|p1a: Iron Moth
|-boost|p1a: Iron Moth|spe|2
|
|upkeep
|turn|9
|
|t:|1769319611
|move|p1a: Iron Moth|Fiery Dance|p2a: Garganacl
|-resisted|p2a: Garganacl
|-damage|p2a: Garganacl|80/100
|-boost|p1a: Iron Moth|spa|1
|move|p2a: Garganacl|Salt Cure|p1a: Iron Moth
|-supereffective|p1a: Iron Moth
|-damage|p1a: Iron Moth|58/100
|-start|p1a: Iron Moth|Salt Cure
|
|-heal|p2a: Garganacl|87/100|[from] item: Leftovers
|-damage|p1a: Iron Moth|46/100|[from] Salt Cure
|upkeep
|turn|10
|
|t:|1769319623
|move|p2a: Garganacl|Protect|p2a: Garganacl
|-singleturn|p2a: Garganacl|Protect
|move|p1a: Iron Moth|Dazzling Gleam|p2a: Garganacl
|-activate|p2a: Garganacl|move: Protect
|
|-heal|p2a: Garganacl|93/100|[from] item: Leftovers
|-damage|p1a: Iron Moth|33/100|[from] Salt Cure
|upkeep
|turn|11
|
|t:|1769319631
|move|p1a: Iron Moth|Dazzling Gleam|p2a: Garganacl
|-damage|p2a: Garganacl|48/100
|move|p2a: Garganacl|Recover|p2a: Garganacl
|-heal|p2a: Garganacl|98/100
|
|-heal|p2a: Garganacl|100/100|[from] item: Leftovers
|-damage|p1a: Iron Moth|21/100|[from] Salt Cure
|upkeep
|turn|12
|
|t:|1769319639
|move|p1a: Iron Moth|Dazzling Gleam|p2a: Garganacl
|-damage|p2a: Garganacl|60/100
|move|p2a: Garganacl|Recover|p2a: Garganacl
|-heal|p2a: Garganacl|100/100
|
|-damage|p1a: Iron Moth|8/100|[from] Salt Cure
|upkeep
|turn|13
|
|t:|1769319642
|move|p2a: Garganacl|Protect|p2a: Garganacl
|-singleturn|p2a: Garganacl|Protect
|move|p1a: Iron Moth|Dazzling Gleam|p2a: Garganacl
|-activate|p2a: Garganacl|move: Protect
|
|-damage|p1a: Iron Moth|0 fnt|[from] Salt Cure
|faint|p1a: Iron Moth
|-end|p1a: Iron Moth|Quark Drive|[silent]
|upkeep
|
|t:|1769319644
|switch|p1a: Primarina|Primarina, M|100/100
|turn|14
|
|t:|1769319649
|move|p1a: Primarina|Sparkling Aria|p2a: Garganacl
|-supereffective|p2a: Garganacl
|-damage|p2a: Garganacl|50/100
|move|p2a: Garganacl|Salt Cure|p1a: Primarina
|-damage|p1a: Primarina|85/100
|-start|p1a: Primarina|Salt Cure
|
|-heal|p2a: Garganacl|56/100|[from] item: Leftovers
|-damage|p1a: Primarina|60/100|[from] Salt Cure
|upkeep
|turn|15
|
|t:|1769319658
|switch|p1a: Meowscarada|Meowscarada, F|84/100
|move|p2a: Garganacl|Protect||[still]
|-fail|p2a: Garganacl
|
|-heal|p2a: Garganacl|62/100|[from] item: Leftovers
|upkeep
|turn|16
|
|t:|1769319661
|switch|p2a: Weezing|Weezing-Galar, F|96/100
|-ability|p2a: Weezing|Neutralizing Gas
|move|p1a: Meowscarada|Flower Trick|p2a: Weezing
|-resisted|p2a: Weezing
|-crit|p2a: Weezing
|-damage|p2a: Weezing|74/100
|
|upkeep
|turn|17
|
|t:|1769319670
|move|p1a: Meowscarada|U-turn|p2a: Weezing
|-resisted|p2a: Weezing
|-damage|p2a: Weezing|69/100
|-damage|p1a: Meowscarada|68/100|[from] item: Rocky Helmet|[of] p2a: Weezing
|
|t:|1769319677
|switch|p1a: Primarina|Primarina, M|60/100|[from] U-turn
|move|p2a: Weezing|Will-O-Wisp|p1a: Primarina
|-status|p1a: Primarina|brn
|
|-damage|p1a: Primarina|54/100 brn|[from] brn
|upkeep
|turn|18
|
|t:|1769319687
|-end|p2a: Weezing|ability: Neutralizing Gas
|switch|p2a: Araquanid|Araquanid, F|100/100
|move|p1a: Primarina|Sparkling Aria|p2a: Araquanid
|-resisted|p2a: Araquanid
|-damage|p2a: Araquanid|86/100
|
|-damage|p1a: Primarina|48/100 brn|[from] brn
|upkeep
|turn|19
|
|t:|1769319694
|move|p1a: Primarina|Moonblast|p2a: Araquanid
|-damage|p2a: Araquanid|56/100
|-unboost|p2a: Araquanid|spa|1
|move|p2a: Araquanid|Liquidation|p1a: Primarina
|-resisted|p1a: Primarina
|-damage|p1a: Primarina|0 fnt
|faint|p1a: Primarina
|
|upkeep
|
|t:|1769319702
|switch|p1a: Meowscarada|Meowscarada, F|68/100
|turn|20
|
|t:|1769319705
|switch|p2a: Weezing|Weezing-Galar, F|69/100
|-ability|p2a: Weezing|Neutralizing Gas
|move|p1a: Meowscarada|U-turn|p2a: Weezing
|-resisted|p2a: Weezing
|-damage|p2a: Weezing|64/100
|-damage|p1a: Meowscarada|51/100|[from] item: Rocky Helmet|[of] p2a: Weezing
|
|t:|1769319707
|switch|p1a: Iron Boulder|Iron Boulder|100/100|[from] U-turn
|
|upkeep
|turn|21
|
|t:|1769319715
|move|p1a: Iron Boulder|Psycho Cut|p2a: Weezing
|-supereffective|p2a: Weezing
|-damage|p2a: Weezing|0 fnt
|faint|p2a: Weezing
|-end|p2a: Weezing|ability: Neutralizing Gas
|-enditem|p1a: Iron Boulder|Booster Energy
|-activate|p1a: Iron Boulder|ability: Quark Drive|[fromitem]
|-start|p1a: Iron Boulder|quarkdrivespe
|
|upkeep
|
|t:|1769319731
|switch|p2a: Gholdengo|Gholdengo|100/100
|turn|22
|
|t:|1769319743
|-end|p1a: Iron Boulder|Quark Drive|[silent]
|switch|p1a: Meowscarada|Meowscarada, F|51/100
|move|p2a: Gholdengo|Thunder Wave|p1a: Meowscarada
|-status|p1a: Meowscarada|par
|
|upkeep
|turn|23
|
|t:|1769319748
|switch|p2a: Chesnaught|Chesnaught, F|100/100
|move|p1a: Meowscarada|Knock Off|p2a: Chesnaught
|-start|p1a: Meowscarada|typechange|Dark|[from] ability: Protean
|-resisted|p2a: Chesnaught
|-damage|p2a: Chesnaught|87/100
|-damage|p1a: Meowscarada|35/100 par|[from] item: Rocky Helmet|[of] p2a: Chesnaught
|-enditem|p2a: Chesnaught|Rocky Helmet|[from] move: Knock Off|[of] p1a: Meowscarada
|
|upkeep
|turn|24
|
|t:|1769319760
|move|p2a: Chesnaught|Iron Defense|p2a: Chesnaught
|-boost|p2a: Chesnaught|def|2
|cant|p1a: Meowscarada|par
|
|upkeep
|turn|25
|-message|maximilk forfeited.
|
|win|uscboarder
|raw|maximilk's rating: 1513 &rarr; <strong>1490</strong><br />(-23 for losing)
|raw|uscboarder's rating: 1459 &rarr; <strong>1482</strong><br />(+23 for winning)
|l|☆maximilk
|player|p1|
|l|☆uscboarder
|player|p2|
