|j|☆kykygangsta
|j|☆poktt
|t:|1769375604
|gametype|singles
|player|p1|kykygangsta|furisodegirl-black|1125
|player|p2|poktt|dawn|1132
|gen|9
|tier|[Gen 9] OU
|rated|
|rule|HP Percentage Mod: HP is shown in percentages
|rule|Endless Battle Clause: Forcing endless battles is banned
|rule|Species Clause: Limit one of each Pokémon
|rule|OHKO Clause: OHKO moves are banned
|rule|Evasion Items Clause: Evasion items are banned
|rule|Evasion Moves Clause: Evasion moves are banned
|rule|Evasion Abilities Clause: Evasion abilities are banned
|rule|Sleep Moves Clause: Sleep-inducing moves are banned
|clearpoke
|poke|p1|Thundurus-Therian, M|
|poke|p1|Zapdos|
|poke|p1|Rotom-Wash|
|poke|p1|Rillaboom, F|
|poke|p1|Iron Hands|
|poke|p1|Pawmot, M|
|poke|p2|Flareon, F|
|poke|p2|Dragonite, F|
|poke|p2|Scizor, F|
|poke|p2|Empoleon, M|
|poke|p2|Gardevoir, F|
|poke|p2|Torterra, F|
|teampreview
|
|t:|1769375610
|teamsize|p1|6
|teamsize|p2|6
|start
|switch|p1a: Thundurus|Thundurus-Therian, M|100/100
|switch|p2a: Empoleon|Empoleon, M|100/100
|turn|1
|
|t:|1769375619
|move|p1a: Thundurus|Volt Switch|p2a: Empoleon
|-supereffective|p2a: Empoleon
|-damage|p2a: Empoleon|26/100
|
|t:|1769375626
|switch|p1a: Pawmot|Pawmot, M|100/100|[from] Volt Switch
|move|p2a: Empoleon|Stealth Rock|p1a: Pawmot
|-sidestart|p1: kykygangsta|move: Stealth Rock
|
|-heal|p2a: Empoleon|32/100|[from] item: Leftovers
|upkeep
|turn|2
|
|t:|1769375636
|move|p1a: Pawmot|Fake Out|p2a: Empoleon
|-resisted|p2a: Empoleon
|-damage|p2a: Empoleon|23/100
|-damage|p1a: Pawmot|91/100|[from] item: Life Orb
|cant|p2a: Empoleon|flinch
|
|-heal|p2a: Empoleon|30/100|[from] item: Leftovers
|upkeep
|turn|3
|
|t:|1769375643
|move|p1a: Pawmot|Mach Punch|p2a: Empoleon
|-supereffective|p2a: Empoleon
|-damage|p2a: Empoleon|0 fnt
|faint|p2a: Empoleon
|-damage|p1a: Pawmot|81/100|[from] item: Life Orb
|
|upkeep
|
|t:|1769375646
|switch|p2a: Torterra|Torterra, F|100/100
|turn|4
|
|t:|1769375651
|move|p1a: Pawmot|Ice Punch|p2a: Torterra
|-supereffective|p2a: Torterra
|-damage|p2a: Torterra|0 fnt
|faint|p2a: Torterra
|-damage|p1a: Pawmot|71/100|[from] item: Life Orb
|
|upkeep
|
|t:|1769375656
|switch|p2a: Dragonite|Dragonite, F|100/100
|turn|5
|
|t:|1769375662
|switch|p1a: Rillaboom|Rillaboom, F|100/100
|-damage|p1a: Rillaboom|88/100|[from] Stealth Rock
|-fieldstart|move: Grassy Terrain|[from] ability: Grassy Surge|[of] p1a: Rillaboom
|-enditem|p1a: Rillaboom|Grassy Seed
|-boost|p1a: Rillaboom|def|1|[from] item: Grassy Seed
|-terastallize|p2a: Dragonite|Dragon
|move|p2a: Dragonite|Dragon Dance|p2a: Dragonite
|-boost|p2a: Dragonite|atk|1
|-boost|p2a: Dragonite|spe|1
|
|-heal|p1a: Rillaboom|94/100|[from] Grassy Terrain
|upkeep
|turn|6
|
|t:|1769375675
|-terastallize|p1a: Rillaboom|Electric
|move|p1a: Rillaboom|Fake Out|p2a: Dragonite
|-damage|p2a: Dragonite|93/100
|cant|p2a: Dragonite|flinch
|
|-heal|p2a: Dragonite|99/100|[from] Grassy Terrain
|-heal|p1a: Rillaboom|100/100|[from] Grassy Terrain
|upkeep
|turn|7
|
|t:|1769375683
|move|p2a: Dragonite|Dragon Dance|p2a: Dragonite
|-boost|p2a: Dragonite|atk|1
|-boost|p2a: Dragonite|spe|1
|move|p1a: Rillaboom|U-turn|p2a: Dragonite
|-damage|p2a: Dragonite|73/100
|
|t:|1769375690
|switch|p1a: Pawmot|Pawmot, M|71/100|[from] U-turn
|-damage|p1a: Pawmot|65/100|[from] Stealth Rock
|
|-heal|p2a: Dragonite|79/100|[from] Grassy Terrain
|-heal|p1a: Pawmot|71/100|[from] Grassy Terrain
|upkeep
|turn|8
|
|t:|1769375697
|move|p1a: Pawmot|Fake Out|p2a: Dragonite
|-damage|p2a: Dragonite|61/100
|-damage|p1a: Pawmot|61/100|[from] item: Life Orb
|cant|p2a: Dragonite|flinch
|
|-heal|p2a: Dragonite|67/100|[from] Grassy Terrain
|-heal|p1a: Pawmot|67/100|[from] Grassy Terrain
|upkeep
|turn|9
|
|t:|1769375704
|move|p2a: Dragonite|Extreme Speed|p1a: Pawmot
|-damage|p1a: Pawmot|0 fnt
|faint|p1a: Pawmot
|
|-heal|p2a: Dragonite|73/100|[from] Grassy Terrain
|-fieldend|move: Grassy Terrain
|upkeep
|
|t:|1769375710
|switch|p1a: Rotom|Rotom-Wash|100/100
|-damage|p1a: Rotom|88/100|[from] Stealth Rock
|turn|10
|
|t:|1769375716
|move|p2a: Dragonite|Outrage|p1a: Rotom
|-damage|p1a: Rotom|0 fnt
|faint|p1a: Rotom
|
|upkeep
|
|t:|1769375727
|switch|p1a: Iron Hands|Iron Hands|100/100
|-damage|p1a: Iron Hands|94/100|[from] Stealth Rock
|-enditem|p1a: Iron Hands|Booster Energy
|-activate|p1a: Iron Hands|ability: Quark Drive|[fromitem]
|-start|p1a: Iron Hands|quarkdrivedef
|turn|11
|
|t:|1769375741
|move|p1a: Iron Hands|Fake Out|p2a: Dragonite
|-damage|p2a: Dragonite|59/100
|cant|p2a: Dragonite|flinch
|
|upkeep
|turn|12
|
|t:|1769375746
|move|p2a: Dragonite|Outrage|p1a: Iron Hands
|-damage|p1a: Iron Hands|34/100
|move|p1a: Iron Hands|Drain Punch|p2a: Dragonite
|-damage|p2a: Dragonite|23/100
|-heal|p1a: Iron Hands|46/100|[from] drain|[of] p2a: Dragonite
|
|upkeep
|turn|13
|
|t:|1769375753
|move|p2a: Dragonite|Outrage|p1a: Iron Hands|[from] lockedmove
|-damage|p1a: Iron Hands|0 fnt
|faint|p1a: Iron Hands
|-end|p1a: Iron Hands|Quark Drive|[silent]
|
|upkeep
|
|t:|1769375759
|switch|p1a: Rillaboom|Rillaboom, F, tera:Electric|100/100
|-damage|p1a: Rillaboom|88/100|[from] Stealth Rock
|-fieldstart|move: Grassy Terrain|[from] ability: Grassy Surge|[of] p1a: Rillaboom
|turn|14
|
|t:|1769375764
|move|p1a: Rillaboom|Fake Out|p2a: Dragonite
|-damage|p2a: Dragonite|8/100
|cant|p2a: Dragonite|flinch
|
|-heal|p2a: Dragonite|14/100|[from] Grassy Terrain
|-heal|p1a: Rillaboom|94/100|[from] Grassy Terrain
|-start|p2a: Dragonite|confusion|[fatigue]
|upkeep
|turn|15
|
|t:|1769375771
|-activate|p2a: Dragonite|confusion
|-damage|p2a: Dragonite|0 fnt|[from] confusion
|faint|p2a: Dragonite
|move|p1a: Rillaboom|Grassy Glide|p2: Dragonite|[notarget]
|-fail|p1a: Rillaboom
|
|-heal|p1a: Rillaboom|100/100|[from] Grassy Terrain
|upkeep
|
|t:|1769375779
|switch|p2a: Gardevoir|Gardevoir, F|100/100
|-ability|p2a: Gardevoir|Grassy Surge|Trace|[from] ability: Trace|[of] p1a: Rillaboom
|turn|16
|
|t:|1769375787
|move|p2a: Gardevoir|Moonblast|p1a: Rillaboom
|-damage|p1a: Rillaboom|39/100
|move|p1a: Rillaboom|Wood Hammer|p2a: Gardevoir
|-damage|p2a: Gardevoir|0 fnt
|faint|p2a: Gardevoir
|-damage|p1a: Rillaboom|12/100|[from] Recoil
|
|-heal|p1a: Rillaboom|18/100|[from] Grassy Terrain
|upkeep
|
|t:|1769375795
|switch|p2a: Flareon|Flareon, F|100/100
|turn|17
|
|t:|1769375799
|move|p2a: Flareon|Quick Attack|p1a: Rillaboom
|-damage|p1a: Rillaboom|2/100
|move|p1a: Rillaboom|U-turn|p2a: Flareon
|-resisted|p2a: Flareon
|-damage|p2a: Flareon|81/100
|
|t:|1769375805
|switch|p1a: Thundurus|Thundurus-Therian, M|100/100|[from] U-turn
|-damage|p1a: Thundurus|76/100|[from] Stealth Rock
|
|-heal|p2a: Flareon|87/100|[from] Grassy Terrain
|-status|p2a: Flareon|tox|[from] item: Toxic Orb
|upkeep
|turn|18
|
|t:|1769375814
|move|p2a: Flareon|Quick Attack|p1a: Thundurus
|-damage|p1a: Thundurus|41/100
|-enditem|p1a: Thundurus|Sitrus Berry|[eat]
|-heal|p1a: Thundurus|66/100|[from] item: Sitrus Berry
|move|p1a: Thundurus|Volt Switch|p2a: Flareon
|-damage|p2a: Flareon|50/100 tox
|
|t:|1769375820
|switch|p1a: Rillaboom|Rillaboom, F, tera:Electric|2/100|[from] Volt Switch
|-damage|p1a: Rillaboom|0 fnt|[from] Stealth Rock
|faint|p1a: Rillaboom
|
|-heal|p2a: Flareon|56/100 tox|[from] Grassy Terrain
|-damage|p2a: Flareon|50/100 tox|[from] psn
|-fieldend|move: Grassy Terrain
|upkeep
|
|t:|1769375828
|switch|p1a: Zapdos|Zapdos|100/100
|-ability|p1a: Zapdos|Pressure
|turn|19
|
|t:|1769375832
|move|p2a: Flareon|Quick Attack|p1a: Zapdos
|-damage|p1a: Zapdos|80/100
|move|p1a: Zapdos|Roost|p1a: Zapdos
|-heal|p1a: Zapdos|100/100
|-singleturn|p1a: Zapdos|move: Roost
|
|-damage|p2a: Flareon|38/100 tox|[from] psn
|upkeep
|turn|20
|
|t:|1769375840
|move|p1a: Zapdos|Roost||[still]
|-fail|p1a: Zapdos|heal
|move|p2a: Flareon|Flare Blitz|p1a: Zapdos
|-damage|p1a: Zapdos|5/100
|-damage|p2a: Flareon|2/100 tox|[from] Recoil
|
|-damage|p2a: Flareon|0 fnt|[from] psn
|faint|p2a: Flareon
|upkeep
|
|t:|1769375847
|switch|p2a: Scizor|Scizor, F|100/100
|turn|21
|
|t:|1769375850
|move|p2a: Scizor|Bullet Punch|p1a: Zapdos
|-resisted|p1a: Zapdos
|-damage|p1a: Zapdos|0 fnt
|faint|p1a: Zapdos
|
|upkeep
|
|t:|1769375854
|switch|p1a: Thundurus|Thundurus-Therian, M|66/100
|-damage|p1a: Thundurus|41/100|[from] Stealth Rock
|turn|22
|
|t:|1769375858
|move|p2a: Scizor|Bullet Punch|p1a: Thundurus
|-resisted|p1a: Thundurus
|-damage|p1a: Thundurus|0 fnt
|faint|p1a: Thundurus
|
|win|poktt
|raw|kykygangsta's rating: 1125 &rarr; <strong>1101</strong><br />(-24 for losing)
|raw|poktt's rating: 1132 &rarr; <strong>1156</strong><br />(+24 for winning)
|c|☆kykygangsta|gg
|l|☆kykygangsta
|player|p1|
|c|☆poktt|gg
|l|☆poktt
|player|p2|
