|j|☆KingCSAlt
|j|☆SweetPoison12
|t:|1769383527
|gametype|singles
|player|p1|KingCSAlt|psychicf|1388
|player|p2|SweetPoison12|miku-ghost|1406
|gen|9
|tier|[Gen 9] OU
|rated|
|rule|HP Percentage Mod: HP is shown in percentages
|rule|Endless Battle Clause: Forcing endless battles is banned
|rule|Species Clause: Limit one of each Pokémon
|rule|OHKO Clause: OHKO moves are banned
|rule|Evasion Items Clause: Evasion items are banned
|rule|Evasion Moves Clause: Evasion moves are banned
|rule|Evasion Abilities Clause: Evasion abilities are banned
|rule|Sleep Moves Clause: Sleep-inducing moves are banned
|clearpoke
|poke|p1|Diancie|
|poke|p1|Garchomp, M|
|poke|p1|Rillaboom, F|
|poke|p1|Hatterene, F|
|poke|p1|Iron Hands|
|poke|p1|Crawdaunt, M|
|poke|p2|Meowscarada, F|
|poke|p2|Pecharunt|
|poke|p2|Heatran, F|
|poke|p2|Raging Bolt|
|poke|p2|Great Tusk|
|poke|p2|Iron Valiant|
|teampreview
|inactive|Battle timer is ON: inactive players will automatically lose when time's up. (requested by KingCSAlt)
|inactive|SweetPoison12 also wants the timer to be on.
|
|t:|1769383533
|teamsize|p1|6
|teamsize|p2|6
|start
|switch|p1a: Garchomp|Garchomp, M|100/100
|switch|p2a: Iron Valiant|Iron Valiant|100/100
|turn|1
|
|t:|1769383541
|move|p2a: Iron Valiant|Trick|p1a: Garchomp
|-activate|p2a: Iron Valiant|move: Trick|[of] p1a: Garchomp
|-item|p1a: Garchomp|Sticky Barb|[from] move: Trick
|-item|p2a: Iron Valiant|Rocky Helmet|[from] move: Trick
|move|p1a: Garchomp|Stealth Rock|p2a: Iron Valiant
|-sidestart|p2: SweetPoison12|move: Stealth Rock
|
|-damage|p1a: Garchomp|88/100|[from] item: Sticky Barb
|upkeep
|turn|2
|
|t:|1769383553
|move|p2a: Iron Valiant|Spirit Break|p1a: Garchomp
|-supereffective|p1a: Garchomp
|-damage|p1a: Garchomp|42/100
|-unboost|p1a: Garchomp|spa|1
|-damage|p2a: Iron Valiant|88/100|[from] ability: Rough Skin|[of] p1a: Garchomp
|move|p1a: Garchomp|Earthquake|p2a: Iron Valiant
|-damage|p2a: Iron Valiant|36/100
|
|-damage|p1a: Garchomp|30/100|[from] item: Sticky Barb
|upkeep
|turn|3
|
|t:|1769383561
|move|p2a: Iron Valiant|Spirit Break|p1a: Garchomp
|-supereffective|p1a: Garchomp
|-damage|p1a: Garchomp|0 fnt
|-damage|p2a: Iron Valiant|23/100|[from] ability: Rough Skin|[of] p1a: Garchomp
|faint|p1a: Garchomp
|
|upkeep
|
|t:|1769383573
|switch|p1a: Diancie|Diancie, shiny|100/100
|turn|4
|
|t:|1769383576
|move|p2a: Iron Valiant|Knock Off|p1a: Diancie
|-resisted|p1a: Diancie
|-crit|p1a: Diancie
|-damage|p1a: Diancie|82/100
|-enditem|p1a: Diancie|Power Herb|[from] move: Knock Off|[of] p2a: Iron Valiant
|move|p1a: Diancie|Trick Room|p1a: Diancie
|-fieldstart|move: Trick Room|[of] p1a: Diancie
|
|upkeep
|turn|5
|
|t:|1769383583
|move|p1a: Diancie|Moonblast|p2a: Iron Valiant
|-supereffective|p2a: Iron Valiant
|-damage|p2a: Iron Valiant|0 fnt
|faint|p2a: Iron Valiant
|-end|p2a: Iron Valiant|Quark Drive|[silent]
|
|upkeep
|
|t:|1769383592
|switch|p2a: Pecharunt|Pecharunt|100/100
|turn|6
|
|t:|1769383597
|move|p1a: Diancie|Meteor Beam||[still]
|-prepare|p1a: Diancie|Meteor Beam
|-boost|p1a: Diancie|spa|1
|move|p2a: Pecharunt|Malignant Chain|p1a: Diancie
|-crit|p1a: Diancie
|-damage|p1a: Diancie|27/100
|-status|p1a: Diancie|tox
|-start|p1a: Diancie|confusion|[from] ability: Poison Puppeteer|[of] p2a: Pecharunt
|
|-damage|p1a: Diancie|21/100 tox|[from] psn
|upkeep
|turn|7
|
|t:|1769383607
|-activate|p1a: Diancie|confusion
|-damage|p1a: Diancie|14/100 tox|[from] confusion
|move|p2a: Pecharunt|Shadow Ball|p1a: Diancie
|-damage|p1a: Diancie|0 fnt
|faint|p1a: Diancie
|
|upkeep
|
|t:|1769383610
|switch|p1a: Crawdaunt|Crawdaunt, M|100/100
|turn|8
|
|t:|1769383623
|move|p1a: Crawdaunt|Knock Off|p2a: Pecharunt
|-supereffective|p2a: Pecharunt
|-damage|p2a: Pecharunt|0 fnt
|-enditem|p2a: Pecharunt|Heavy-Duty Boots|[from] move: Knock Off|[of] p1a: Crawdaunt
|faint|p2a: Pecharunt
|
|-fieldend|move: Trick Room
|upkeep
|
|t:|1769383626
|switch|p2a: Meowscarada|Meowscarada, F|100/100
|-damage|p2a: Meowscarada|88/100|[from] Stealth Rock
|turn|9
|inactive|KingCSAlt has 120 seconds left.
|
|t:|1769383656
|switch|p1a: Iron Hands|Iron Hands, shiny|100/100
|-enditem|p1a: Iron Hands|Booster Energy
|-activate|p1a: Iron Hands|ability: Quark Drive|[fromitem]
|-start|p1a: Iron Hands|quarkdriveatk
|move|p2a: Meowscarada|U-turn|p1a: Iron Hands
|-start|p2a: Meowscarada|typechange|Bug|[from] ability: Protean
|-resisted|p1a: Iron Hands
|-damage|p1a: Iron Hands|84/100
|
|t:|1769383663
|switch|p2a: Heatran|Heatran, F|100/100|[from] U-turn
|
|upkeep
|turn|10
|
|t:|1769383670
|move|p2a: Heatran|Will-O-Wisp|p1a: Iron Hands
|-status|p1a: Iron Hands|brn
|move|p1a: Iron Hands|Drain Punch|p2a: Heatran
|-supereffective|p2a: Heatran
|-damage|p2a: Heatran|44/100
|-heal|p1a: Iron Hands|100/100 brn|[from] drain|[of] p2a: Heatran
|
|-damage|p1a: Iron Hands|94/100 brn|[from] brn
|upkeep
|turn|11
|
|t:|1769383678
|move|p2a: Heatran|Magma Storm|p1a: Iron Hands
|-damage|p1a: Iron Hands|46/100 brn
|-activate|p1a: Iron Hands|move: Magma Storm|[of] p2a: Heatran
|move|p1a: Iron Hands|Swords Dance|p1a: Iron Hands
|-boost|p1a: Iron Hands|atk|2
|
|-damage|p1a: Iron Hands|40/100 brn|[from] brn
|-damage|p1a: Iron Hands|28/100 brn|[from] move: Magma Storm|[partiallytrapped]
|upkeep
|turn|12
|
|t:|1769383683
|move|p2a: Heatran|Earth Power|p1a: Iron Hands
|-supereffective|p1a: Iron Hands
|-damage|p1a: Iron Hands|0 fnt
|faint|p1a: Iron Hands
|-end|p1a: Iron Hands|Quark Drive|[silent]
|
|upkeep
|
|t:|1769383708
|switch|p1a: Rillaboom|Rillaboom, F, shiny|100/100
|-fieldstart|move: Grassy Terrain|[from] ability: Grassy Surge|[of] p1a: Rillaboom
|turn|13
|
|t:|1769383711
|move|p2a: Heatran|Will-O-Wisp|p1a: Rillaboom|[miss]
|-miss|p2a: Heatran|p1a: Rillaboom
|move|p1a: Rillaboom|Low Kick|p2a: Heatran
|-supereffective|p2a: Heatran
|-damage|p2a: Heatran|0 fnt
|faint|p2a: Heatran
|
|upkeep
|
|t:|1769383715
|switch|p2a: Meowscarada|Meowscarada, F|88/100
|-damage|p2a: Meowscarada|76/100|[from] Stealth Rock
|turn|14
|
|t:|1769383734
|move|p1a: Rillaboom|Grassy Glide|p2a: Meowscarada
|-resisted|p2a: Meowscarada
|-damage|p2a: Meowscarada|46/100
|move|p2a: Meowscarada|U-turn|p1a: Rillaboom
|-start|p2a: Meowscarada|typechange|Bug|[from] ability: Protean
|-supereffective|p1a: Rillaboom
|-damage|p1a: Rillaboom|1/100
|
|t:|1769383738
|switch|p2a: Great Tusk|Great Tusk|100/100|[from] U-turn
|-damage|p2a: Great Tusk|98/100|[from] Stealth Rock
|
|-heal|p2a: Great Tusk|100/100|[from] Grassy Terrain
|-heal|p1a: Rillaboom|7/100|[from] Grassy Terrain
|upkeep
|turn|15
|
|t:|1769383748
|move|p1a: Rillaboom|Grassy Glide|p2a: Great Tusk
|-supereffective|p2a: Great Tusk
|-damage|p2a: Great Tusk|41/100
|move|p2a: Great Tusk|Rapid Spin|p1a: Rillaboom
|-damage|p1a: Rillaboom|0 fnt
|-boost|p2a: Great Tusk|spe|1
|-sideend|p2: SweetPoison12|Stealth Rock|[from] move: Rapid Spin|[of] p2a: Great Tusk
|faint|p1a: Rillaboom
|
|-heal|p2a: Great Tusk|47/100|[from] Grassy Terrain
|-heal|p2a: Great Tusk|53/100|[from] item: Leftovers
|upkeep
|
|t:|1769383753
|switch|p1a: Hatterene|Hatterene, F, shiny|100/100
|turn|16
|
|t:|1769383777
|move|p2a: Great Tusk|Earthquake|p1a: Hatterene
|-damage|p1a: Hatterene|68/100
|move|p1a: Hatterene|Trick Room|p1a: Hatterene
|-fieldstart|move: Trick Room|[of] p1a: Hatterene
|
|-heal|p1a: Hatterene|74/100|[from] Grassy Terrain
|-heal|p1a: Hatterene|80/100|[from] item: Leftovers
|-heal|p2a: Great Tusk|59/100|[from] Grassy Terrain
|-heal|p2a: Great Tusk|66/100|[from] item: Leftovers
|upkeep
|turn|17
|
|t:|1769383787
|move|p1a: Hatterene|Dazzling Gleam|p2a: Great Tusk
|-supereffective|p2a: Great Tusk
|-damage|p2a: Great Tusk|0 fnt
|faint|p2a: Great Tusk
|-end|p2a: Great Tusk|Protosynthesis|[silent]
|
|-heal|p1a: Hatterene|86/100|[from] Grassy Terrain
|-heal|p1a: Hatterene|92/100|[from] item: Leftovers
|upkeep
|
|t:|1769383794
|switch|p2a: Meowscarada|Meowscarada, F|46/100
|turn|18
|
|t:|1769383797
|move|p1a: Hatterene|Dazzling Gleam|p2a: Meowscarada
|-supereffective|p2a: Meowscarada
|-damage|p2a: Meowscarada|0 fnt
|faint|p2a: Meowscarada
|
|-heal|p1a: Hatterene|98/100|[from] Grassy Terrain
|-heal|p1a: Hatterene|100/100|[from] item: Leftovers
|upkeep
|
|t:|1769383799
|switch|p2a: Raging Bolt|Raging Bolt|100/100
|-enditem|p2a: Raging Bolt|Booster Energy
|-activate|p2a: Raging Bolt|ability: Protosynthesis|[fromitem]
|-start|p2a: Raging Bolt|protosynthesisspa
|turn|19
|
|t:|1769383803
|-terastallize|p2a: Raging Bolt|Fairy
|move|p1a: Hatterene|Dazzling Gleam|p2a: Raging Bolt
|-damage|p2a: Raging Bolt|63/100
|move|p2a: Raging Bolt|Calm Mind|p2a: Raging Bolt
|-boost|p2a: Raging Bolt|spa|1
|-boost|p2a: Raging Bolt|spd|1
|
|-heal|p2a: Raging Bolt|69/100|[from] Grassy Terrain
|upkeep
|turn|20
|
|t:|1769383826
|move|p1a: Hatterene|Psychic Noise|p2a: Raging Bolt
|-damage|p2a: Raging Bolt|44/100
|-start|p2a: Raging Bolt|move: Heal Block
|move|p2a: Raging Bolt|Thunderbolt|p1a: Hatterene
|-damage|p1a: Hatterene|0 fnt
|faint|p1a: Hatterene
|
|-fieldend|move: Trick Room
|-fieldend|move: Grassy Terrain
|upkeep
|
|t:|1769383836
|switch|p1a: Crawdaunt|Crawdaunt, M|100/100
|turn|21
|
|t:|1769383851
|-terastallize|p1a: Crawdaunt|Water
|move|p1a: Crawdaunt|Aqua Jet|p2a: Raging Bolt
|-damage|p2a: Raging Bolt|0 fnt
|faint|p2a: Raging Bolt
|-end|p2a: Raging Bolt|Protosynthesis|[silent]
|
|win|KingCSAlt
|raw|KingCSAlt's rating: 1388 &rarr; <strong>1409</strong><br />(+21 for winning)
|raw|SweetPoison12's rating: 1406 &rarr; <strong>1385</strong><br />(-21 for losing)
|l|☆SweetPoison12
|player|p2|
|l|☆KingCSAlt
|player|p1|
