|j|☆lordweirdo17
|j|☆quehahah
|t:|1769371148
|gametype|singles
|player|p1|lordweirdo17|fisherman-gen4|1156
|player|p2|quehahah|169|1188
|gen|9
|tier|[Gen 9] OU
|rated|
|rule|HP Percentage Mod: HP is shown in percentages
|rule|Endless Battle Clause: Forcing endless battles is banned
|rule|Species Clause: Limit one of each Pokémon
|rule|OHKO Clause: OHKO moves are banned
|rule|Evasion Items Clause: Evasion items are banned
|rule|Evasion Moves Clause: Evasion moves are banned
|rule|Evasion Abilities Clause: Evasion abilities are banned
|rule|Sleep Moves Clause: Sleep-inducing moves are banned
|clearpoke
|poke|p1|Iron Valiant|
|poke|p1|Great Tusk|
|poke|p1|Kingambit, F|
|poke|p1|Alomomola, F|
|poke|p1|Moltres|
|poke|p1|Hoopa-Unbound|
|poke|p2|Araquanid, F|
|poke|p2|Alomomola, M|
|poke|p2|Magnezone|
|poke|p2|Regidrago|
|poke|p2|Dondozo, F|
|poke|p2|Clodsire, M|
|teampreview
|inactive|Battle timer is ON: inactive players will automatically lose when time's up. (requested by lordweirdo17)
|inactive|quehahah has 120 seconds left.
|
|t:|1769371196
|teamsize|p1|6
|teamsize|p2|6
|start
|switch|p1a: Kaiba|Iron Valiant, shiny|100/100
|switch|p2a: Araquanid|Araquanid, F|100/100
|-enditem|p1a: Kaiba|Booster Energy
|-activate|p1a: Kaiba|ability: Quark Drive|[fromitem]
|-start|p1a: Kaiba|quarkdrivespe
|turn|1
|
|t:|1769371207
|move|p1a: Kaiba|Calm Mind|p1a: Kaiba
|-boost|p1a: Kaiba|spa|1
|-boost|p1a: Kaiba|spd|1
|move|p2a: Araquanid|Mirror Coat||[still]
|-fail|p2a: Araquanid
|
|upkeep
|turn|2
|
|t:|1769371216
|switch|p2a: Clodsire|Clodsire, M|100/100
|move|p1a: Kaiba|Calm Mind|p1a: Kaiba
|-boost|p1a: Kaiba|spa|1
|-boost|p1a: Kaiba|spd|1
|
|upkeep
|turn|3
|
|t:|1769371231
|-end|p1a: Kaiba|Quark Drive|[silent]
|switch|p1a: Alomomola|Alomomola, F|100/100
|move|p2a: Clodsire|Stockpile|p2a: Clodsire
|-start|p2a: Clodsire|stockpile1
|-boost|p2a: Clodsire|def|1
|-boost|p2a: Clodsire|spd|1
|
|upkeep
|turn|4
|
|t:|1769371239
|move|p1a: Alomomola|Flip Turn|p2a: Clodsire
|-supereffective|p2a: Clodsire
|-damage|p2a: Clodsire|81/100
|
|t:|1769371244
|switch|p1a: Hoopa|Hoopa-Unbound|100/100|[from] Flip Turn
|move|p2a: Clodsire|Toxic|p1a: Hoopa
|-status|p1a: Hoopa|tox
|
|-heal|p2a: Clodsire|87/100|[from] item: Leftovers
|-damage|p1a: Hoopa|95/100 tox|[from] psn
|upkeep
|turn|5
|
|t:|1769371255
|move|p1a: Hoopa|Hyperspace Fury|p2a: Clodsire
|-damage|p2a: Clodsire|40/100
|-unboost|p1a: Hoopa|def|1
|move|p2a: Clodsire|Recover|p2a: Clodsire
|-heal|p2a: Clodsire|90/100
|
|-heal|p2a: Clodsire|96/100|[from] item: Leftovers
|-damage|p1a: Hoopa|83/100 tox|[from] psn
|upkeep
|turn|6
|
|t:|1769371270
|switch|p1a: Kaiba|Iron Valiant, shiny|100/100
|move|p2a: Clodsire|Stockpile|p2a: Clodsire
|-start|p2a: Clodsire|stockpile2
|-boost|p2a: Clodsire|def|1
|-boost|p2a: Clodsire|spd|1
|
|-heal|p2a: Clodsire|100/100|[from] item: Leftovers
|upkeep
|turn|7
|
|t:|1769371278
|move|p1a: Kaiba|Encore|p2a: Clodsire
|-start|p2a: Clodsire|Encore
|move|p2a: Clodsire|Stockpile|p2a: Clodsire
|-start|p2a: Clodsire|stockpile3
|-boost|p2a: Clodsire|def|1
|-boost|p2a: Clodsire|spd|1
|
|upkeep
|turn|8
|
|t:|1769371286
|move|p1a: Kaiba|Calm Mind|p1a: Kaiba
|-boost|p1a: Kaiba|spa|1
|-boost|p1a: Kaiba|spd|1
|move|p2a: Clodsire|Stockpile||[still]
|-fail|p2a: Clodsire
|
|upkeep
|turn|9
|
|t:|1769371291
|move|p1a: Kaiba|Calm Mind|p1a: Kaiba
|-boost|p1a: Kaiba|spa|1
|-boost|p1a: Kaiba|spd|1
|move|p2a: Clodsire|Stockpile||[still]
|-fail|p2a: Clodsire
|
|-end|p2a: Clodsire|Encore
|upkeep
|turn|10
|
|t:|1769371298
|move|p1a: Kaiba|Encore|p2a: Clodsire
|-start|p2a: Clodsire|Encore
|move|p2a: Clodsire|Stockpile||[still]
|-fail|p2a: Clodsire
|
|upkeep
|turn|11
|
|t:|1769371303
|move|p1a: Kaiba|Calm Mind|p1a: Kaiba
|-boost|p1a: Kaiba|spa|1
|-boost|p1a: Kaiba|spd|1
|move|p2a: Clodsire|Stockpile||[still]
|-fail|p2a: Clodsire
|
|upkeep
|turn|12
|
|t:|1769371310
|move|p1a: Kaiba|Calm Mind|p1a: Kaiba
|-boost|p1a: Kaiba|spa|1
|-boost|p1a: Kaiba|spd|1
|move|p2a: Clodsire|Stockpile||[still]
|-fail|p2a: Clodsire
|
|-end|p2a: Clodsire|Encore
|upkeep
|turn|13
|
|t:|1769371326
|move|p1a: Kaiba|Encore|p2a: Clodsire
|-start|p2a: Clodsire|Encore
|move|p2a: Clodsire|Stockpile||[still]
|-fail|p2a: Clodsire
|
|upkeep
|turn|14
|
|t:|1769371331
|move|p1a: Kaiba|Calm Mind|p1a: Kaiba
|-boost|p1a: Kaiba|spa|1
|-boost|p1a: Kaiba|spd|1
|move|p2a: Clodsire|Stockpile||[still]
|-fail|p2a: Clodsire
|
|upkeep
|turn|15
|
|t:|1769371337
|move|p1a: Kaiba|Calm Mind|p1a: Kaiba
|-boost|p1a: Kaiba|spa|1
|-boost|p1a: Kaiba|spd|1
|move|p2a: Clodsire|Stockpile||[still]
|-fail|p2a: Clodsire
|
|-end|p2a: Clodsire|Encore
|upkeep
|turn|16
|
|t:|1769371345
|move|p1a: Kaiba|Encore|p2a: Clodsire
|-start|p2a: Clodsire|Encore
|move|p2a: Clodsire|Stockpile||[still]
|-fail|p2a: Clodsire
|
|upkeep
|turn|17
|
|t:|1769371350
|move|p1a: Kaiba|Shadow Ball|p2a: Clodsire
|-damage|p2a: Clodsire|94/100
|move|p2a: Clodsire|Stockpile||[still]
|-fail|p2a: Clodsire
|
|-heal|p2a: Clodsire|99/100|[from] item: Leftovers
|upkeep
|turn|18
|
|t:|1769371358
|move|p1a: Kaiba|Shadow Ball|p2a: Clodsire
|-damage|p2a: Clodsire|94/100
|move|p2a: Clodsire|Stockpile||[still]
|-fail|p2a: Clodsire
|
|-heal|p2a: Clodsire|99/100|[from] item: Leftovers
|-end|p2a: Clodsire|Encore
|upkeep
|turn|19
|
|t:|1769371378
|move|p1a: Kaiba|Encore|p2a: Clodsire
|-start|p2a: Clodsire|Encore
|move|p2a: Clodsire|Stockpile||[still]
|-fail|p2a: Clodsire
|
|-heal|p2a: Clodsire|100/100|[from] item: Leftovers
|upkeep
|turn|20
|
|t:|1769371386
|-end|p1a: Kaiba|Quark Drive|[silent]
|switch|p1a: Hoopa|Hoopa-Unbound|83/100 tox
|move|p2a: Clodsire|Stockpile||[still]
|-fail|p2a: Clodsire
|
|-damage|p1a: Hoopa|77/100 tox|[from] psn
|upkeep
|turn|21
|
|t:|1769371395
|move|p1a: Hoopa|Hyperspace Fury|p2a: Clodsire
|-damage|p2a: Clodsire|71/100
|-unboost|p1a: Hoopa|def|1
|move|p2a: Clodsire|Stockpile||[still]
|-fail|p2a: Clodsire
|
|-heal|p2a: Clodsire|77/100|[from] item: Leftovers
|-damage|p1a: Hoopa|65/100 tox|[from] psn
|-end|p2a: Clodsire|Encore
|upkeep
|turn|22
|-message|lordweirdo17 forfeited.
|
|win|quehahah
|raw|lordweirdo17's rating: 1156 &rarr; <strong>1133</strong><br />(-23 for losing)
|raw|quehahah's rating: 1188 &rarr; <strong>1211</strong><br />(+23 for winning)
|l|☆lordweirdo17
|player|p1|
