|j|☆palcom
|j|☆DVoid_Champion
|t:|1769440835
|gametype|singles
|player|p1|palcom|101|1338
|player|p2|DVoid_Champion|gambler|1295
|gen|9
|tier|[Gen 9] OU
|rated|
|rule|HP Percentage Mod: HP is shown in percentages
|rule|Endless Battle Clause: Forcing endless battles is banned
|rule|Species Clause: Limit one of each Pokémon
|rule|OHKO Clause: OHKO moves are banned
|rule|Evasion Items Clause: Evasion items are banned
|rule|Evasion Moves Clause: Evasion moves are banned
|rule|Evasion Abilities Clause: Evasion abilities are banned
|rule|Sleep Moves Clause: Sleep-inducing moves are banned
|clearpoke
|poke|p1|Scrafty, F|
|poke|p1|Iron Valiant|
|poke|p1|Cobalion|
|poke|p1|Terrakion|
|poke|p1|Toxicroak, M|
|poke|p1|Flamigo, F|
|poke|p2|Corviknight, M|
|poke|p2|Iron Valiant|
|poke|p2|Pawmot, M|
|poke|p2|Kingambit, M|
|poke|p2|Dragonite, M|
|poke|p2|Iron Moth|
|teampreview
|inactive|Battle timer is ON: inactive players will automatically lose when time's up. (requested by palcom)
|
|t:|1769440842
|teamsize|p1|6
|teamsize|p2|6
|start
|switch|p1a: Cobalion|Cobalion|100/100
|switch|p2a: Neon Reaper|Iron Valiant|100/100
|-enditem|p2a: Neon Reaper|Booster Energy
|-activate|p2a: Neon Reaper|ability: Quark Drive|[fromitem]
|-start|p2a: Neon Reaper|quarkdrivespe
|turn|1
|
|t:|1769440861
|move|p2a: Neon Reaper|Aura Sphere|p1a: Cobalion
|-supereffective|p1a: Cobalion
|-damage|p1a: Cobalion|12/100
|move|p1a: Cobalion|Thunder Wave|p2a: Neon Reaper
|-status|p2a: Neon Reaper|par
|
|-heal|p1a: Cobalion|18/100|[from] item: Leftovers
|upkeep
|turn|2
|
|t:|1769440876
|move|p1a: Cobalion|Stealth Rock|p2a: Neon Reaper
|-sidestart|p2: DVoid_Champion|move: Stealth Rock
|move|p2a: Neon Reaper|Aura Sphere|p1a: Cobalion
|-supereffective|p1a: Cobalion
|-damage|p1a: Cobalion|0 fnt
|faint|p1a: Cobalion
|
|upkeep
|
|t:|1769440882
|switch|p1a: Iron Valiant|Iron Valiant|100/100
|turn|3
|
|t:|1769440891
|move|p1a: Iron Valiant|Moonblast|p2a: Neon Reaper
|-supereffective|p2a: Neon Reaper
|-damage|p2a: Neon Reaper|0 fnt
|faint|p2a: Neon Reaper
|-end|p2a: Neon Reaper|Quark Drive|[silent]
|
|upkeep
|inactive|DVoid_Champion has 120 seconds left.
|
|t:|1769440927
|switch|p2a: Silver Raven|Corviknight, M, shiny|100/100
|-damage|p2a: Silver Raven|88/100|[from] Stealth Rock
|-ability|p2a: Silver Raven|Pressure
|turn|4
|inactive|DVoid_Champion has 120 seconds left.
|
|t:|1769440933
|move|p1a: Iron Valiant|Thunderbolt|p2a: Silver Raven
|-supereffective|p2a: Silver Raven
|-damage|p2a: Silver Raven|42/100
|move|p2a: Silver Raven|Iron Defense|p2a: Silver Raven
|-boost|p2a: Silver Raven|def|2
|
|upkeep
|turn|5
|
|t:|1769440939
|move|p1a: Iron Valiant|Thunderbolt|p2a: Silver Raven
|-supereffective|p2a: Silver Raven
|-damage|p2a: Silver Raven|0 fnt
|faint|p2a: Silver Raven
|
|upkeep
|
|t:|1769440944
|switch|p2a: Sunflare|Iron Moth|100/100
|-damage|p2a: Sunflare|76/100|[from] Stealth Rock
|-item|p2a: Sunflare|Air Balloon
|turn|6
|inactive|palcom has 120 seconds left.
|
|t:|1769440979
|-end|p1a: Iron Valiant|Quark Drive|[silent]
|switch|p1a: Terrakion|Terrakion|100/100
|move|p2a: Sunflare|Sludge Wave|p1a: Terrakion
|-resisted|p1a: Terrakion
|-damage|p1a: Terrakion|83/100
|
|upkeep
|turn|7
|inactive|palcom has 120 seconds left.
|
|t:|1769440989
|move|p2a: Sunflare|Toxic|p1a: Terrakion
|-status|p1a: Terrakion|tox
|move|p1a: Terrakion|Stone Edge|p2a: Sunflare
|-supereffective|p2a: Sunflare
|-damage|p2a: Sunflare|0 fnt
|-enditem|p2a: Sunflare|Air Balloon
|faint|p2a: Sunflare
|-end|p2a: Sunflare|Quark Drive|[silent]
|
|-damage|p1a: Terrakion|77/100 tox|[from] psn
|upkeep
|
|t:|1769440996
|switch|p2a: VoltDash|Pawmot, M|100/100
|-damage|p2a: VoltDash|94/100|[from] Stealth Rock
|turn|8
|inactive|palcom has 120 seconds left.
|
|t:|1769441012
|move|p2a: VoltDash|Fake Out|p1a: Terrakion
|-resisted|p1a: Terrakion
|-damage|p1a: Terrakion|72/100 tox
|cant|p1a: Terrakion|flinch
|
|-damage|p1a: Terrakion|60/100 tox|[from] psn
|upkeep
|turn|9
|
|t:|1769441019
|move|p2a: VoltDash|Protect|p2a: VoltDash
|-singleturn|p2a: VoltDash|Protect
|move|p1a: Terrakion|Earthquake|p2a: VoltDash
|-activate|p2a: VoltDash|move: Protect
|
|-damage|p1a: Terrakion|41/100 tox|[from] psn
|upkeep
|turn|10
|
|t:|1769441026
|move|p2a: VoltDash|Revival Blessing|p2a: VoltDash
|-enditem|p2a: VoltDash|Leppa Berry|[eat]
|-activate|p2a: VoltDash|item: Leppa Berry|Revival Blessing|[consumed]
|
|t:|1769441030
|-heal|p2: Neon Reaper|50/100|[from] move: Revival Blessing
|move|p1a: Terrakion|Earthquake|p2a: VoltDash
|-supereffective|p2a: VoltDash
|-damage|p2a: VoltDash|0 fnt
|faint|p2a: VoltDash
|
|-damage|p1a: Terrakion|16/100 tox|[from] psn
|upkeep
|
|t:|1769441035
|switch|p2a: Neon Reaper|Iron Valiant|50/100
|-damage|p2a: Neon Reaper|44/100|[from] Stealth Rock
|turn|11
|
|t:|1769441048
|move|p2a: Neon Reaper|Aura Sphere|p1a: Terrakion
|-supereffective|p1a: Terrakion
|-damage|p1a: Terrakion|0 fnt
|faint|p1a: Terrakion
|
|upkeep
|
|t:|1769441060
|switch|p1a: Flamigo|Flamigo, F|100/100
|turn|12
|
|t:|1769441074
|move|p1a: Flamigo|Brave Bird|p2a: Neon Reaper
|-supereffective|p2a: Neon Reaper
|-damage|p2a: Neon Reaper|0 fnt
|faint|p2a: Neon Reaper
|-end|p2a: Neon Reaper|Quark Drive|[silent]
|-damage|p1a: Flamigo|87/100|[from] Recoil
|
|upkeep
|
|t:|1769441079
|switch|p2a: Dragoon|Dragonite, M|100/100
|turn|13
|
|t:|1769441086
|move|p1a: Flamigo|Brave Bird|p2a: Dragoon
|-damage|p2a: Dragoon|70/100
|-damage|p1a: Flamigo|76/100|[from] Recoil
|move|p2a: Dragoon|Earthquake|p1a: Flamigo
|-immune|p1a: Flamigo
|
|upkeep
|turn|14
|
|t:|1769441092
|move|p1a: Flamigo|Brave Bird|p2a: Dragoon
|-damage|p2a: Dragoon|2/100
|-damage|p1a: Flamigo|52/100|[from] Recoil
|move|p2a: Dragoon|Roost|p2a: Dragoon
|-heal|p2a: Dragoon|52/100
|-singleturn|p2a: Dragoon|move: Roost
|
|upkeep
|turn|15
|
|t:|1769441100
|move|p2a: Dragoon|Extreme Speed|p1a: Flamigo
|-damage|p1a: Flamigo|7/100
|move|p1a: Flamigo|Brave Bird|p2a: Dragoon
|-damage|p2a: Dragoon|0 fnt
|faint|p2a: Dragoon
|-damage|p1a: Flamigo|0 fnt|[from] Recoil
|faint|p1a: Flamigo
|
|upkeep
|
|t:|1769441110
|switch|p1a: Scrafty|Scrafty, F|100/100
|switch|p2a: TheFinalOverlord|Kingambit, M|100/100
|-damage|p2a: TheFinalOverlord|94/100|[from] Stealth Rock
|-activate|p2a: TheFinalOverlord|ability: Supreme Overlord
|-start|p2a: TheFinalOverlord|fallen5|[silent]
|turn|16
|
|t:|1769441122
|-terastallize|p2a: TheFinalOverlord|Flying
|move|p1a: Scrafty|Drain Punch|p2a: TheFinalOverlord
|-resisted|p2a: TheFinalOverlord
|-damage|p2a: TheFinalOverlord|82/100
|move|p2a: TheFinalOverlord|Swords Dance|p2a: TheFinalOverlord
|-boost|p2a: TheFinalOverlord|atk|2
|
|-heal|p2a: TheFinalOverlord|88/100|[from] item: Leftovers
|upkeep
|turn|17
|
|t:|1769441136
|move|p1a: Scrafty|Knock Off|p2a: TheFinalOverlord
|-damage|p2a: TheFinalOverlord|56/100
|-enditem|p2a: TheFinalOverlord|Leftovers|[from] move: Knock Off|[of] p1a: Scrafty
|move|p2a: TheFinalOverlord|Iron Defense|p2a: TheFinalOverlord
|-boost|p2a: TheFinalOverlord|def|2
|
|upkeep
|turn|18
|
|t:|1769441144
|move|p1a: Scrafty|Poison Jab|p2a: TheFinalOverlord
|-damage|p2a: TheFinalOverlord|47/100
|move|p2a: TheFinalOverlord|Iron Defense|p2a: TheFinalOverlord
|-boost|p2a: TheFinalOverlord|def|2
|
|upkeep
|turn|19
|
|t:|1769441150
|move|p1a: Scrafty|Poison Jab|p2a: TheFinalOverlord
|-damage|p2a: TheFinalOverlord|41/100
|move|p2a: TheFinalOverlord|Iron Defense|p2a: TheFinalOverlord
|-boost|p2a: TheFinalOverlord|def|2
|
|upkeep
|turn|20
|
|t:|1769441155
|move|p1a: Scrafty|Poison Jab|p2a: TheFinalOverlord
|-damage|p2a: TheFinalOverlord|37/100
|-status|p2a: TheFinalOverlord|psn
|move|p2a: TheFinalOverlord|Swords Dance|p2a: TheFinalOverlord
|-boost|p2a: TheFinalOverlord|atk|2
|
|-damage|p2a: TheFinalOverlord|24/100 psn|[from] psn
|upkeep
|turn|21
|
|t:|1769441170
|move|p1a: Scrafty|Knock Off|p2a: TheFinalOverlord
|-damage|p2a: TheFinalOverlord|18/100 psn
|move|p2a: TheFinalOverlord|Tera Blast|p1a: Scrafty|[anim] Tera Blast Flying
|-supereffective|p1a: Scrafty
|-damage|p1a: Scrafty|0 fnt
|faint|p1a: Scrafty
|
|-damage|p2a: TheFinalOverlord|6/100 psn|[from] psn
|upkeep
|
|t:|1769441178
|switch|p1a: Toxicroak|Toxicroak, M|100/100
|-item|p1a: Toxicroak|Air Balloon
|turn|22
|
|t:|1769441183
|move|p1a: Toxicroak|Sucker Punch|p2a: TheFinalOverlord
|-damage|p2a: TheFinalOverlord|1/100 psn
|move|p2a: TheFinalOverlord|Sucker Punch||[still]
|-fail|p2a: TheFinalOverlord
|
|-damage|p2a: TheFinalOverlord|0 fnt|[from] psn
|faint|p2a: TheFinalOverlord
|-end|p2a: TheFinalOverlord|fallen5|[silent]
|
|win|palcom
|raw|palcom's rating: 1338 &rarr; <strong>1356</strong><br />(+18 for winning)
|raw|DVoid_Champion's rating: 1295 &rarr; <strong>1273</strong><br />(-22 for losing)
|l|☆DVoid_Champion
|player|p2|
|l|☆palcom
|player|p1|
