|j|☆BOTBarrel
|j|☆agent pod
|t:|1769383236
|gametype|singles
|player|p1|BOTBarrel|265|1508
|player|p2|agent pod|rancher|1492
|gen|9
|tier|[Gen 9] OU
|rated|
|rule|HP Percentage Mod: HP is shown in percentages
|rule|Endless Battle Clause: Forcing endless battles is banned
|rule|Species Clause: Limit one of each Pokémon
|rule|OHKO Clause: OHKO moves are banned
|rule|Evasion Items Clause: Evasion items are banned
|rule|Evasion Moves Clause: Evasion moves are banned
|rule|Evasion Abilities Clause: Evasion abilities are banned
|rule|Sleep Moves Clause: Sleep-inducing moves are banned
|clearpoke
|poke|p1|Indeedee, M|
|poke|p1|Ursaluna, M|
|poke|p1|Hoopa-Unbound|
|poke|p1|Hatterene, F|
|poke|p1|Iron Hands|
|poke|p1|Cresselia, F|
|poke|p2|Great Tusk|
|poke|p2|Slither Wing|
|poke|p2|Toxapex, M|
|poke|p2|Necrozma|
|poke|p2|Cloyster, M|
|poke|p2|Ogerpon-Cornerstone, F|
|teampreview
|inactive|Battle timer is ON: inactive players will automatically lose when time's up. (requested by BOTBarrel)
|
|t:|1769383267
|teamsize|p1|6
|teamsize|p2|6
|start
|switch|p1a: GKMC|Indeedee, M|100/100
|switch|p2a: Toxapex|Toxapex, M|100/100
|-fieldstart|move: Psychic Terrain|[from] ability: Psychic Surge|[of] p1a: GKMC
|turn|1
|
|t:|1769383271
|switch|p2a: Necrozma|Necrozma|100/100
|move|p1a: GKMC|Trick Room|p1a: GKMC
|-fieldstart|move: Trick Room|[of] p1a: GKMC
|
|upkeep
|turn|2
|
|t:|1769383279
|switch|p1a: Undun|Hoopa-Unbound|100/100
|move|p2a: Necrozma|Photon Geyser|p1a: Undun
|-immune|p1a: Undun
|
|upkeep
|turn|3
|
|t:|1769383291
|move|p2a: Necrozma|Heat Wave|p1a: Undun
|-damage|p1a: Undun|67/100
|move|p1a: Undun|Expanding Force|p2a: Necrozma
|-resisted|p2a: Necrozma
|-damage|p2a: Necrozma|43/100
|-damage|p1a: Undun|57/100|[from] item: Life Orb
|
|upkeep
|turn|4
|
|t:|1769383303
|move|p2a: Necrozma|Heat Wave|p1a: Undun
|-crit|p1a: Undun
|-damage|p1a: Undun|6/100
|move|p1a: Undun|Expanding Force|p2a: Necrozma
|-resisted|p2a: Necrozma
|-damage|p2a: Necrozma|0 fnt
|faint|p2a: Necrozma
|-damage|p1a: Undun|0 fnt|[from] item: Life Orb
|faint|p1a: Undun
|
|upkeep
|
|t:|1769383324
|switch|p2a: Ogerpon|Ogerpon-Cornerstone, F|100/100
|switch|p1a: SIMBI|Hatterene, F|100/100
|turn|5
|
|t:|1769383330
|move|p1a: SIMBI|Expanding Force|p2a: Ogerpon
|-ability|p2a: Ogerpon|Sturdy
|-damage|p2a: Ogerpon|1/100
|-damage|p1a: SIMBI|91/100|[from] item: Life Orb
|move|p2a: Ogerpon|Swords Dance|p2a: Ogerpon
|-boost|p2a: Ogerpon|atk|2
|
|-fieldend|move: Trick Room
|upkeep
|turn|6
|
|t:|1769383338
|switch|p1a: College Dropout|Ursaluna, M|100/100
|move|p2a: Ogerpon|Ivy Cudgel|p1a: College Dropout|[anim] Ivy Cudgel Rock
|-resisted|p1a: College Dropout
|-damage|p1a: College Dropout|61/100
|
|-status|p1a: College Dropout|brn|[from] item: Flame Orb
|upkeep
|turn|7
|inactive|agent pod has 120 seconds left.
|
|t:|1769383368
|move|p2a: Ogerpon|Power Whip|p1a: College Dropout
|-supereffective|p1a: College Dropout
|-damage|p1a: College Dropout|0 fnt
|faint|p1a: College Dropout
|
|upkeep
|
|t:|1769383372
|switch|p1a: Forever Story|Cresselia, F|100/100
|turn|8
|
|t:|1769383382
|move|p2a: Ogerpon|Knock Off|p1a: Forever Story
|-supereffective|p1a: Forever Story
|-enditem|p1a: Forever Story|Colbur Berry|[eat]
|-enditem|p1a: Forever Story|Colbur Berry|[weaken]
|-damage|p1a: Forever Story|62/100
|move|p1a: Forever Story|Trick Room|p1a: Forever Story
|-fieldstart|move: Trick Room|[of] p1a: Forever Story
|
|-fieldend|move: Psychic Terrain
|upkeep
|turn|9
|
|t:|1769383395
|switch|p1a: GKMC|Indeedee, M|100/100
|-fieldstart|move: Psychic Terrain|[from] ability: Psychic Surge|[of] p1a: GKMC
|move|p2a: Ogerpon|Power Whip|p1a: GKMC
|-damage|p1a: GKMC|0 fnt
|faint|p1a: GKMC
|
|upkeep
|
|t:|1769383416
|switch|p1a: SIMBI|Hatterene, F|91/100
|turn|10
|
|t:|1769383420
|move|p1a: SIMBI|Expanding Force|p2a: Ogerpon
|-damage|p2a: Ogerpon|0 fnt
|faint|p2a: Ogerpon
|-damage|p1a: SIMBI|81/100|[from] item: Life Orb
|
|upkeep
|
|t:|1769383440
|switch|p2a: Slither Wing|Slither Wing|100/100
|turn|11
|
|t:|1769383445
|-terastallize|p2a: Slither Wing|Steel
|move|p1a: SIMBI|Expanding Force|p2a: Slither Wing
|-resisted|p2a: Slither Wing
|-damage|p2a: Slither Wing|60/100
|-damage|p1a: SIMBI|71/100|[from] item: Life Orb
|move|p2a: Slither Wing|U-turn|p1a: SIMBI
|-damage|p1a: SIMBI|24/100
|
|t:|1769383450
|-end|p2a: Slither Wing|Protosynthesis|[silent]
|switch|p2a: Cloyster|Cloyster, M|100/100|[from] U-turn
|
|upkeep
|turn|12
|
|t:|1769383456
|move|p1a: SIMBI|Expanding Force|p2a: Cloyster
|-enditem|p2a: Cloyster|Focus Sash
|-damage|p2a: Cloyster|1/100
|-damage|p1a: SIMBI|14/100|[from] item: Life Orb
|move|p2a: Cloyster|Shell Smash|p2a: Cloyster
|-unboost|p2a: Cloyster|def|1
|-unboost|p2a: Cloyster|spd|1
|-boost|p2a: Cloyster|atk|2
|-boost|p2a: Cloyster|spa|2
|-boost|p2a: Cloyster|spe|2
|
|-fieldend|move: Trick Room
|upkeep
|turn|13
|
|t:|1769383466
|switch|p1a: Piñata|Iron Hands|100/100
|-enditem|p1a: Piñata|Booster Energy
|-activate|p1a: Piñata|ability: Quark Drive|[fromitem]
|-start|p1a: Piñata|quarkdriveatk
|move|p2a: Cloyster|Icicle Spear|p1a: Piñata
|-damage|p1a: Piñata|83/100
|-damage|p1a: Piñata|68/100
|-damage|p1a: Piñata|50/100
|-damage|p1a: Piñata|34/100
|-crit|p1a: Piñata
|-damage|p1a: Piñata|11/100
|-hitcount|p1a: Piñata|5
|
|upkeep
|turn|14
|
|t:|1769383469
|move|p2a: Cloyster|Icicle Spear|p1a: Piñata
|-damage|p1a: Piñata|0 fnt
|faint|p1a: Piñata
|-end|p1a: Piñata|Quark Drive|[silent]
|-hitcount|p1: Piñata|1
|
|upkeep
|
|t:|1769383471
|switch|p1a: Forever Story|Cresselia, F|62/100
|turn|15
|
|t:|1769383473
|move|p2a: Cloyster|Icicle Spear|p1a: Forever Story
|-damage|p1a: Forever Story|50/100
|-damage|p1a: Forever Story|38/100
|-damage|p1a: Forever Story|24/100
|-damage|p1a: Forever Story|12/100
|-damage|p1a: Forever Story|0 fnt
|faint|p1a: Forever Story
|-hitcount|p1: Forever Story|5
|
|upkeep
|l|☆BOTBarrel
|inactive|BOTBarrel disconnected and has a minute to reconnect!
|player|p1|
|inactive|BOTBarrel has 30 seconds to reconnect!
|inactive|BOTBarrel has 20 seconds to reconnect!
|inactive|BOTBarrel has 15 seconds to reconnect!
|inactive|BOTBarrel has 10 seconds to reconnect!
|inactive|BOTBarrel has 5 seconds to reconnect!
|-message|BOTBarrel lost due to inactivity.
|
|win|agent pod
|raw|BOTBarrel's rating: 1508 &rarr; <strong>1487</strong><br />(-21 for losing)
|raw|agent pod's rating: 1492 &rarr; <strong>1513</strong><br />(+21 for winning)
|l|☆agent pod
|player|p2|
