|j|☆DeeDzss
|j|☆dmttrunks97
|t:|1769317183
|gametype|singles
|player|p1|DeeDzss|lucas|1238
|player|p2|dmttrunks97|ingo|1241
|gen|9
|tier|[Gen 9] OU
|rated|
|rule|HP Percentage Mod: HP is shown in percentages
|rule|Endless Battle Clause: Forcing endless battles is banned
|rule|Species Clause: Limit one of each Pokémon
|rule|OHKO Clause: OHKO moves are banned
|rule|Evasion Items Clause: Evasion items are banned
|rule|Evasion Moves Clause: Evasion moves are banned
|rule|Evasion Abilities Clause: Evasion abilities are banned
|rule|Sleep Moves Clause: Sleep-inducing moves are banned
|clearpoke
|poke|p1|Hoopa-Unbound|
|poke|p1|Landorus-Therian, M|
|poke|p1|Weavile, F|
|poke|p1|Tyranitar, M|
|poke|p1|Excadrill, M|
|poke|p1|Okidogi, M|
|poke|p2|Hoopa-Unbound|
|poke|p2|Hatterene, F|
|poke|p2|Ursaluna, M|
|poke|p2|Cresselia, F|
|poke|p2|Pelipper, F|
|poke|p2|Keldeo-Resolute|
|teampreview
|inactive|Battle timer is ON: inactive players will automatically lose when time's up. (requested by DeeDzss)
|
|t:|1769317197
|teamsize|p1|6
|teamsize|p2|6
|start
|switch|p1a: Weavile|Weavile, F|100/100
|switch|p2a: Hatterene|Hatterene, F|100/100
|-ability|p1a: Weavile|Pressure
|turn|1
|
|t:|1769317204
|move|p1a: Weavile|Swords Dance|p1a: Weavile
|-boost|p1a: Weavile|atk|2
|move|p2a: Hatterene|Trick Room|p2a: Hatterene
|-fieldstart|move: Trick Room|[of] p2a: Hatterene
|
|upkeep
|turn|2
|
|t:|1769317211
|move|p2a: Hatterene|Dazzling Gleam|p1a: Weavile
|-supereffective|p1a: Weavile
|-damage|p1a: Weavile|0 fnt
|faint|p1a: Weavile
|
|upkeep
|c|☆dmttrunks97|why
|
|t:|1769317229
|switch|p1a: Tyranitar|Tyranitar, M|100/100
|-weather|Sandstorm|[from] ability: Sand Stream|[of] p1a: Tyranitar
|turn|3
|
|t:|1769317238
|switch|p2a: Keldeo|Keldeo-Resolute|100/100
|move|p1a: Tyranitar|Knock Off|p2a: Keldeo
|-resisted|p2a: Keldeo
|-damage|p2a: Keldeo|77/100
|-ability|p2a: Keldeo|Justified|boost
|-boost|p2a: Keldeo|atk|1
|-enditem|p2a: Keldeo|Leftovers|[from] move: Knock Off|[of] p1a: Tyranitar
|
|-weather|Sandstorm|[upkeep]
|-damage|p2a: Keldeo|70/100|[from] Sandstorm
|upkeep
|turn|4
|
|t:|1769317248
|move|p1a: Tyranitar|Thunder Wave|p2a: Keldeo
|-status|p2a: Keldeo|par
|move|p2a: Keldeo|Surf|p1a: Tyranitar
|-supereffective|p1a: Tyranitar
|-damage|p1a: Tyranitar|50/100
|
|-weather|Sandstorm|[upkeep]
|-damage|p2a: Keldeo|64/100 par|[from] Sandstorm
|upkeep
|turn|5
|
|t:|1769317267
|move|p2a: Keldeo|Vacuum Wave|p1a: Tyranitar
|-supereffective|p1a: Tyranitar
|-damage|p1a: Tyranitar|5/100
|move|p1a: Tyranitar|Earthquake|p2a: Keldeo
|-damage|p2a: Keldeo|30/100 par
|
|-weather|Sandstorm|[upkeep]
|-damage|p2a: Keldeo|23/100 par|[from] Sandstorm
|-fieldend|move: Trick Room
|upkeep
|turn|6
|
|t:|1769317275
|switch|p1a: Okidogi|Okidogi, M|100/100
|cant|p2a: Keldeo|par
|
|-weather|Sandstorm|[upkeep]
|-damage|p1a: Okidogi|94/100|[from] Sandstorm
|-damage|p2a: Keldeo|17/100 par|[from] Sandstorm
|-heal|p1a: Okidogi|100/100|[from] item: Leftovers
|upkeep
|turn|7
|
|t:|1769317283
|move|p1a: Okidogi|Bulk Up|p1a: Okidogi
|-boost|p1a: Okidogi|atk|1
|-boost|p1a: Okidogi|def|1
|cant|p2a: Keldeo|par
|
|-weather|Sandstorm|[upkeep]
|-damage|p1a: Okidogi|94/100|[from] Sandstorm
|-damage|p2a: Keldeo|11/100 par|[from] Sandstorm
|-heal|p1a: Okidogi|100/100|[from] item: Leftovers
|upkeep
|turn|8
|
|t:|1769317291
|move|p1a: Okidogi|Bulk Up|p1a: Okidogi
|-boost|p1a: Okidogi|atk|1
|-boost|p1a: Okidogi|def|1
|move|p2a: Keldeo|Surf|p1a: Okidogi
|-damage|p1a: Okidogi|62/100
|
|-weather|Sandstorm|[upkeep]
|-damage|p1a: Okidogi|56/100|[from] Sandstorm
|-damage|p2a: Keldeo|5/100 par|[from] Sandstorm
|-heal|p1a: Okidogi|62/100|[from] item: Leftovers
|upkeep
|turn|9
|
|t:|1769317304
|move|p1a: Okidogi|Drain Punch|p2a: Keldeo
|-damage|p2a: Keldeo|0 fnt
|-heal|p1a: Okidogi|64/100|[from] drain|[of] p2a: Keldeo
|faint|p2a: Keldeo
|
|-weather|Sandstorm|[upkeep]
|-damage|p1a: Okidogi|58/100|[from] Sandstorm
|-heal|p1a: Okidogi|64/100|[from] item: Leftovers
|upkeep
|
|t:|1769317312
|switch|p2a: Hatterene|Hatterene, F|100/100
|turn|10
|
|t:|1769317315
|-terastallize|p1a: Okidogi|Water
|move|p1a: Okidogi|Poison Jab|p2a: Hatterene
|-supereffective|p2a: Hatterene
|-enditem|p2a: Hatterene|Focus Sash
|-damage|p2a: Hatterene|1/100
|move|p2a: Hatterene|Trick Room|p2a: Hatterene
|-fieldstart|move: Trick Room|[of] p2a: Hatterene
|
|-weather|none
|-heal|p1a: Okidogi|70/100|[from] item: Leftovers
|upkeep
|turn|11
|
|t:|1769317336
|move|p2a: Hatterene|Psychic Noise|p1a: Okidogi
|-damage|p1a: Okidogi|31/100
|-start|p1a: Okidogi|move: Heal Block
|cant|p1a: Okidogi|move: Heal Block|Drain Punch
|
|upkeep
|turn|12
|
|t:|1769317345
|move|p2a: Hatterene|Psychic Noise|p1a: Okidogi
|-damage|p1a: Okidogi|0 fnt
|faint|p1a: Okidogi
|
|upkeep
|
|t:|1769317351
|switch|p1a: Tyranitar|Tyranitar, M|5/100
|-weather|Sandstorm|[from] ability: Sand Stream|[of] p1a: Tyranitar
|turn|13
|
|t:|1769317358
|switch|p1a: Excadrill|Excadrill, M|100/100
|-item|p1a: Excadrill|Air Balloon
|move|p2a: Hatterene|Dazzling Gleam|p1a: Excadrill
|-resisted|p1a: Excadrill
|-damage|p1a: Excadrill|68/100
|-enditem|p1a: Excadrill|Air Balloon
|
|-weather|Sandstorm|[upkeep]
|-damage|p2a: Hatterene|0 fnt|[from] Sandstorm
|faint|p2a: Hatterene
|upkeep
|
|t:|1769317362
|switch|p2a: Hoopa|Hoopa-Unbound|100/100
|turn|14
|
|t:|1769317380
|switch|p1a: Tyranitar|Tyranitar, M|5/100
|move|p2a: Hoopa|Hyperspace Fury|p1a: Tyranitar
|-resisted|p1a: Tyranitar
|-damage|p1a: Tyranitar|0 fnt
|-unboost|p2a: Hoopa|def|1
|faint|p1a: Tyranitar
|-enditem|p2a: Hoopa|Eject Pack
|
|t:|1769317385
|switch|p2a: Cresselia|Cresselia, F|100/100
|
|-weather|Sandstorm|[upkeep]
|-damage|p2a: Cresselia|94/100|[from] Sandstorm
|-fieldend|move: Trick Room
|upkeep
|
|t:|1769317396
|switch|p1a: Excadrill|Excadrill, M|68/100
|turn|15
|
|t:|1769317400
|move|p1a: Excadrill|Swords Dance|p1a: Excadrill
|-boost|p1a: Excadrill|atk|2
|move|p2a: Cresselia|Trick Room|p2a: Cresselia
|-fieldstart|move: Trick Room|[of] p2a: Cresselia
|
|-weather|Sandstorm|[upkeep]
|-damage|p2a: Cresselia|88/100|[from] Sandstorm
|upkeep
|turn|16
|
|t:|1769317408
|move|p2a: Cresselia|Lunar Dance|p2a: Cresselia
|faint|p2a: Cresselia
|move|p1a: Excadrill|Iron Head|p2: Cresselia|[notarget]
|-fail|p1a: Excadrill
|
|-weather|Sandstorm|[upkeep]
|upkeep
|
|t:|1769317414
|switch|p2a: Hoopa|Hoopa-Unbound|100/100
|-heal|p2a: Hoopa|100/100|[from] move: Lunar Dance
|turn|17
|
|t:|1769317422
|switch|p1a: Landorus|Landorus-Therian, M|100/100
|-ability|p1a: Landorus|Intimidate|boost
|-unboost|p2a: Hoopa|atk|1
|move|p2a: Hoopa|Drain Punch|p1a: Landorus
|-resisted|p1a: Landorus
|-damage|p1a: Landorus|88/100
|-item|p2a: Hoopa|Heavy-Duty Boots|[from] ability: Magician|[of] p1a: Landorus
|
|-weather|Sandstorm|[upkeep]
|-damage|p2a: Hoopa|94/100|[from] Sandstorm
|upkeep
|turn|18
|
|t:|1769317435
|move|p2a: Hoopa|Hyperspace Fury|p1a: Landorus
|-damage|p1a: Landorus|32/100
|-unboost|p2a: Hoopa|def|1
|move|p1a: Landorus|Stealth Rock|p2a: Hoopa
|-sidestart|p2: dmttrunks97|move: Stealth Rock
|
|-weather|Sandstorm|[upkeep]
|-damage|p2a: Hoopa|88/100|[from] Sandstorm
|upkeep
|turn|19
|
|t:|1769317446
|move|p2a: Hoopa|Hyperspace Fury|p1a: Landorus
|-damage|p1a: Landorus|0 fnt
|-unboost|p2a: Hoopa|def|1
|faint|p1a: Landorus
|
|-weather|Sandstorm|[upkeep]
|-damage|p2a: Hoopa|82/100|[from] Sandstorm
|-fieldend|move: Trick Room
|upkeep
|
|t:|1769317454
|switch|p1a: Excadrill|Excadrill, M|68/100
|turn|20
|
|t:|1769317469
|move|p1a: Excadrill|Iron Head|p2a: Hoopa
|-damage|p2a: Hoopa|0 fnt
|faint|p2a: Hoopa
|
|-weather|none
|upkeep
|
|t:|1769317473
|switch|p2a: Ursaluna|Ursaluna, M|100/100
|-damage|p2a: Ursaluna|94/100|[from] Stealth Rock
|turn|21
|
|t:|1769317479
|move|p2a: Ursaluna|Protect|p2a: Ursaluna
|-singleturn|p2a: Ursaluna|Protect
|move|p1a: Excadrill|Earthquake|p2a: Ursaluna
|-activate|p2a: Ursaluna|move: Protect
|
|-status|p2a: Ursaluna|brn|[from] item: Flame Orb
|upkeep
|turn|22
|
|t:|1769317486
|switch|p2a: Pelipper|Pelipper, F|100/100
|-damage|p2a: Pelipper|76/100|[from] Stealth Rock
|-weather|RainDance|[from] ability: Drizzle|[of] p2a: Pelipper
|move|p1a: Excadrill|Swords Dance|p1a: Excadrill
|-boost|p1a: Excadrill|atk|2
|
|-weather|RainDance|[upkeep]
|upkeep
|turn|23
|
|t:|1769317495
|move|p1a: Excadrill|Rock Slide|p2a: Pelipper
|-supereffective|p2a: Pelipper
|-damage|p2a: Pelipper|0 fnt
|faint|p2a: Pelipper
|
|-weather|RainDance|[upkeep]
|upkeep
|
|t:|1769317497
|switch|p2a: Ursaluna|Ursaluna, M|94/100 brn
|-damage|p2a: Ursaluna|88/100 brn|[from] Stealth Rock
|turn|24
|-message|dmttrunks97 forfeited.
|
|win|DeeDzss
|raw|DeeDzss's rating: 1238 &rarr; <strong>1263</strong><br />(+25 for winning)
|raw|dmttrunks97's rating: 1241 &rarr; <strong>1216</strong><br />(-25 for losing)
|l|☆dmttrunks97
|player|p2|
|l|☆DeeDzss
|player|p1|
