|j|☆Pablofromportluis
|j|☆NoPuesVale
|t:|1769413917
|gametype|singles
|player|p1|Pablofromportluis|blackbelt-gen4dp|1137
|player|p2|NoPuesVale|lance|1154
|gen|9
|tier|[Gen 9] OU
|rated|
|rule|HP Percentage Mod: HP is shown in percentages
|rule|Endless Battle Clause: Forcing endless battles is banned
|rule|Species Clause: Limit one of each Pokémon
|rule|OHKO Clause: OHKO moves are banned
|rule|Evasion Items Clause: Evasion items are banned
|rule|Evasion Moves Clause: Evasion moves are banned
|rule|Evasion Abilities Clause: Evasion abilities are banned
|rule|Sleep Moves Clause: Sleep-inducing moves are banned
|clearpoke
|poke|p1|Rillaboom, F|
|poke|p1|Great Tusk|
|poke|p1|Mandibuzz, F|
|poke|p1|Pecharunt|
|poke|p1|Heatran, F|
|poke|p1|Primarina, F|
|poke|p2|Cloyster, M|
|poke|p2|Tsareena, F|
|poke|p2|Iron Treads|
|poke|p2|Typhlosion-Hisui, M|
|poke|p2|Garchomp, F|
|poke|p2|Yanmega, F|
|teampreview
|inactive|Battle timer is ON: inactive players will automatically lose when time's up. (requested by NoPuesVale)
|
|t:|1769413926
|teamsize|p1|6
|teamsize|p2|6
|start
|switch|p1a: Rillaboom|Rillaboom, F|100/100
|switch|p2a: Garchomp|Garchomp, F|100/100
|-fieldstart|move: Grassy Terrain|[from] ability: Grassy Surge|[of] p1a: Rillaboom
|turn|1
|
|t:|1769413932
|switch|p1a: Primarina|Primarina, F|100/100
|move|p2a: Garchomp|Stealth Rock|p1a: Primarina
|-sidestart|p1: Pablofromportluis|move: Stealth Rock
|
|upkeep
|turn|2
|
|t:|1769413941
|switch|p2a: Tsareena|Tsareena, F|100/100
|move|p1a: Primarina|Substitute|p1a: Primarina
|-start|p1a: Primarina|Substitute
|-damage|p1a: Primarina|76/100
|
|-heal|p1a: Primarina|82/100|[from] Grassy Terrain
|-heal|p1a: Primarina|88/100|[from] item: Leftovers
|upkeep
|turn|3
|
|t:|1769413949
|move|p2a: Tsareena|Trailblaze|p1a: Primarina
|-supereffective|p1a: Primarina
|-end|p1a: Primarina|Substitute
|-boost|p2a: Tsareena|spe|1
|move|p1a: Primarina|Moonblast|p2a: Tsareena
|-damage|p2a: Tsareena|37/100
|
|-heal|p2a: Tsareena|43/100|[from] Grassy Terrain
|-heal|p2a: Tsareena|49/100|[from] item: Leftovers
|-heal|p1a: Primarina|94/100|[from] Grassy Terrain
|-heal|p1a: Primarina|100/100|[from] item: Leftovers
|upkeep
|turn|4
|
|t:|1769413963
|switch|p1a: Mandibuzz|Mandibuzz, F|100/100
|move|p2a: Tsareena|Trailblaze|p1a: Mandibuzz
|-resisted|p1a: Mandibuzz
|-damage|p1a: Mandibuzz|92/100
|-boost|p2a: Tsareena|spe|1
|
|-heal|p2a: Tsareena|55/100|[from] Grassy Terrain
|-heal|p2a: Tsareena|61/100|[from] item: Leftovers
|upkeep
|turn|5
|
|t:|1769413967
|move|p2a: Tsareena|Triple Axel|p1a: Mandibuzz
|-supereffective|p1a: Mandibuzz
|-damage|p1a: Mandibuzz|84/100
|-supereffective|p1a: Mandibuzz
|-damage|p1a: Mandibuzz|69/100
|-supereffective|p1a: Mandibuzz
|-damage|p1a: Mandibuzz|46/100
|-hitcount|p1a: Mandibuzz|3
|move|p1a: Mandibuzz|U-turn|p2a: Tsareena
|-supereffective|p2a: Tsareena
|-damage|p2a: Tsareena|35/100
|
|t:|1769413975
|switch|p1a: Pecharunt|Pecharunt|100/100|[from] U-turn
|-damage|p1a: Pecharunt|88/100|[from] Stealth Rock
|
|-heal|p2a: Tsareena|40/100|[from] Grassy Terrain
|-heal|p2a: Tsareena|46/100|[from] item: Leftovers
|-heal|p1a: Pecharunt|94/100|[from] Grassy Terrain
|-heal|p1a: Pecharunt|99/100|[from] item: Leftovers
|upkeep
|turn|6
|
|t:|1769413982
|move|p2a: Tsareena|Knock Off|p1a: Pecharunt
|-supereffective|p1a: Pecharunt
|-damage|p1a: Pecharunt|53/100
|-enditem|p1a: Pecharunt|Leftovers|[from] move: Knock Off|[of] p2a: Tsareena
|move|p1a: Pecharunt|Malignant Chain|p2a: Tsareena
|-supereffective|p2a: Tsareena
|-damage|p2a: Tsareena|0 fnt
|faint|p2a: Tsareena
|
|-heal|p1a: Pecharunt|59/100|[from] Grassy Terrain
|upkeep
|
|t:|1769413993
|switch|p2a: Iron Treads|Iron Treads|100/100
|-enditem|p2a: Iron Treads|Booster Energy
|-activate|p2a: Iron Treads|ability: Quark Drive|[fromitem]
|-start|p2a: Iron Treads|quarkdriveatk
|turn|7
|inactive|Pablofromportluis has 120 seconds left.
|
|t:|1769414029
|switch|p1a: Great Tusk|Great Tusk|100/100
|-damage|p1a: Great Tusk|98/100|[from] Stealth Rock
|move|p2a: Iron Treads|Rapid Spin|p1a: Great Tusk
|-damage|p1a: Great Tusk|83/100
|-boost|p2a: Iron Treads|spe|1
|
|-heal|p1a: Great Tusk|89/100|[from] Grassy Terrain
|-heal|p1a: Great Tusk|96/100|[from] item: Leftovers
|upkeep
|turn|8
|inactive|Pablofromportluis has 120 seconds left.
|
|t:|1769414042
|-end|p2a: Iron Treads|Quark Drive|[silent]
|switch|p2a: Garchomp|Garchomp, F|100/100
|move|p1a: Great Tusk|Headlong Rush|p2a: Garchomp
|-damage|p2a: Garchomp|63/100
|-unboost|p1a: Great Tusk|def|1
|-unboost|p1a: Great Tusk|spd|1
|-damage|p1a: Great Tusk|83/100|[from] ability: Rough Skin|[of] p2a: Garchomp
|-damage|p1a: Great Tusk|67/100|[from] item: Rocky Helmet|[of] p2a: Garchomp
|
|-heal|p1a: Great Tusk|73/100|[from] Grassy Terrain
|-heal|p1a: Great Tusk|79/100|[from] item: Leftovers
|-heal|p2a: Garchomp|69/100|[from] Grassy Terrain
|-fieldend|move: Grassy Terrain
|upkeep
|turn|9
|inactive|Pablofromportluis has 120 seconds left.
|
|t:|1769414054
|move|p1a: Great Tusk|Rapid Spin|p2a: Garchomp
|-damage|p2a: Garchomp|57/100
|-boost|p1a: Great Tusk|spe|1
|-damage|p1a: Great Tusk|67/100|[from] ability: Rough Skin|[of] p2a: Garchomp
|-damage|p1a: Great Tusk|50/100|[from] item: Rocky Helmet|[of] p2a: Garchomp
|-sideend|p1: Pablofromportluis|Stealth Rock|[from] move: Rapid Spin|[of] p1a: Great Tusk
|move|p2a: Garchomp|Spikes|p1a: Great Tusk
|-sidestart|p1: Pablofromportluis|Spikes
|
|-heal|p1a: Great Tusk|56/100|[from] item: Leftovers
|upkeep
|turn|10
|
|t:|1769414063
|move|p1a: Great Tusk|Bulk Up|p1a: Great Tusk
|-boost|p1a: Great Tusk|atk|1
|-boost|p1a: Great Tusk|def|1
|move|p2a: Garchomp|Earthquake|p1a: Great Tusk
|-damage|p1a: Great Tusk|24/100
|
|-heal|p1a: Great Tusk|30/100|[from] item: Leftovers
|upkeep
|turn|11
|
|t:|1769414072
|move|p1a: Great Tusk|Ice Spinner|p2a: Garchomp
|-supereffective|p2a: Garchomp
|-damage|p2a: Garchomp|0 fnt
|-damage|p1a: Great Tusk|18/100|[from] ability: Rough Skin|[of] p2a: Garchomp
|-damage|p1a: Great Tusk|1/100|[from] item: Rocky Helmet|[of] p2a: Garchomp
|faint|p2a: Garchomp
|
|-heal|p1a: Great Tusk|7/100|[from] item: Leftovers
|upkeep
|
|t:|1769414083
|switch|p2a: Cloyster|Cloyster, M|100/100
|turn|12
|
|t:|1769414105
|move|p1a: Great Tusk|Rapid Spin|p2a: Cloyster
|-damage|p2a: Cloyster|81/100
|-boost|p1a: Great Tusk|spe|1
|-sideend|p1: Pablofromportluis|Spikes|[from] move: Rapid Spin|[of] p1a: Great Tusk
|move|p2a: Cloyster|Shell Smash|p2a: Cloyster
|-unboost|p2a: Cloyster|def|1
|-unboost|p2a: Cloyster|spd|1
|-boost|p2a: Cloyster|atk|2
|-boost|p2a: Cloyster|spa|2
|-boost|p2a: Cloyster|spe|2
|
|-heal|p1a: Great Tusk|13/100|[from] item: Leftovers
|upkeep
|turn|13
|
|t:|1769414111
|move|p1a: Great Tusk|Headlong Rush|p2a: Cloyster
|-damage|p2a: Cloyster|0 fnt
|-unboost|p1a: Great Tusk|def|1
|-unboost|p1a: Great Tusk|spd|1
|faint|p2a: Cloyster
|
|-heal|p1a: Great Tusk|20/100|[from] item: Leftovers
|upkeep
|-message|NoPuesVale forfeited.
|
|win|Pablofromportluis
|raw|Pablofromportluis's rating: 1137 &rarr; <strong>1163</strong><br />(+26 for winning)
|raw|NoPuesVale's rating: 1154 &rarr; <strong>1128</strong><br />(-26 for losing)
|l|☆NoPuesVale
|player|p2|
|l|☆Pablofromportluis
|player|p1|
