|j|☆kykygangsta
|j|☆blackzxz
|t:|1769379549
|gametype|singles
|player|p1|kykygangsta|furisodegirl-black|1106
|player|p2|blackzxz|ghetsis|1064
|gen|9
|tier|[Gen 9] OU
|rated|
|rule|HP Percentage Mod: HP is shown in percentages
|rule|Endless Battle Clause: Forcing endless battles is banned
|rule|Species Clause: Limit one of each Pokémon
|rule|OHKO Clause: OHKO moves are banned
|rule|Evasion Items Clause: Evasion items are banned
|rule|Evasion Moves Clause: Evasion moves are banned
|rule|Evasion Abilities Clause: Evasion abilities are banned
|rule|Sleep Moves Clause: Sleep-inducing moves are banned
|clearpoke
|poke|p1|Breloom, M|
|poke|p1|Great Tusk|
|poke|p1|Iron Valiant|
|poke|p1|Okidogi, M|
|poke|p1|Slither Wing|
|poke|p1|Quaquaval, F|
|poke|p2|Fezandipiti, M|
|poke|p2|Kingambit, M|
|poke|p2|Zoroark-Hisui, F|
|poke|p2|Kleavor, M|
|poke|p2|Decidueye-Hisui, M|
|poke|p2|Tatsugiri, M|
|teampreview
|
|t:|1769379569
|teamsize|p1|6
|teamsize|p2|6
|start
|switch|p1a: Breloom|Breloom, M|100/100
|switch|p2a: Kingambit|Kingambit, M|100/100
|turn|1
|
|t:|1769379580
|move|p2a: Kingambit|Extrasensory|p1a: Breloom
|-supereffective|p1a: Breloom
|-enditem|p1a: Breloom|Focus Sash
|-damage|p1a: Breloom|1/100
|move|p1a: Breloom|Bullet Seed|p2a: Kingambit
|-damage|p2a: Kingambit|59/100
|replace|p2a: Zoroark|Zoroark-Hisui, F
|-end|p2a: Zoroark|Illusion
|-damage|p2a: Zoroark|20/100
|-damage|p2a: Zoroark|0 fnt
|faint|p2a: Zoroark
|-hitcount|p2: Zoroark|3
|
|upkeep
|
|t:|1769379594
|switch|p2a: Kleavor|Kleavor, M|100/100
|turn|2
|
|t:|1769379601
|move|p1a: Breloom|Mach Punch|p2a: Kleavor
|-damage|p2a: Kleavor|61/100
|move|p2a: Kleavor|Trailblaze|p1a: Breloom
|-resisted|p1a: Breloom
|-damage|p1a: Breloom|0 fnt
|-boost|p2a: Kleavor|spe|1
|faint|p1a: Breloom
|-damage|p2a: Kleavor|51/100|[from] item: Life Orb
|
|upkeep
|
|t:|1769379618
|switch|p1a: Slither Wing|Slither Wing|100/100
|turn|3
|
|t:|1769379623
|move|p1a: Slither Wing|First Impression|p2a: Kleavor
|-damage|p2a: Kleavor|0 fnt
|faint|p2a: Kleavor
|
|upkeep
|
|t:|1769379632
|switch|p2a: Fezandipiti|Fezandipiti, M|100/100
|turn|4
|
|t:|1769379637
|move|p1a: Slither Wing|U-turn|p2a: Fezandipiti
|-resisted|p2a: Fezandipiti
|-damage|p2a: Fezandipiti|89/100
|
|t:|1769379645
|-end|p1a: Slither Wing|Protosynthesis|[silent]
|switch|p1a: Okidogi|Okidogi, M|100/100|[from] U-turn
|move|p2a: Fezandipiti|Play Rough|p1a: Okidogi
|-damage|p1a: Okidogi|53/100
|-damage|p2a: Fezandipiti|79/100|[from] item: Life Orb
|
|upkeep
|turn|5
|
|t:|1769379654
|move|p1a: Okidogi|Poison Jab|p2a: Fezandipiti
|-damage|p2a: Fezandipiti|27/100
|move|p2a: Fezandipiti|Play Rough|p1a: Okidogi
|-damage|p1a: Okidogi|6/100
|-damage|p2a: Fezandipiti|17/100|[from] item: Life Orb
|
|upkeep
|turn|6
|
|t:|1769379661
|move|p1a: Okidogi|Poison Jab|p2a: Fezandipiti
|-damage|p2a: Fezandipiti|0 fnt
|faint|p2a: Fezandipiti
|
|upkeep
|
|t:|1769379669
|switch|p2a: Tatsugiri|Tatsugiri, M|100/100
|turn|7
|
|t:|1769379674
|move|p1a: Okidogi|Knock Off|p2a: Tatsugiri
|-damage|p2a: Tatsugiri|43/100
|-enditem|p2a: Tatsugiri|Assault Vest|[from] move: Knock Off|[of] p1a: Okidogi
|move|p2a: Tatsugiri|Chilling Water|p1a: Okidogi
|-damage|p1a: Okidogi|0 fnt
|faint|p1a: Okidogi
|
|upkeep
|
|t:|1769379681
|switch|p1a: Slither Wing|Slither Wing|100/100
|turn|8
|
|t:|1769379687
|-terastallize|p2a: Tatsugiri|Steel
|move|p1a: Slither Wing|First Impression|p2a: Tatsugiri
|-resisted|p2a: Tatsugiri
|-damage|p2a: Tatsugiri|0 fnt
|faint|p2a: Tatsugiri
|
|upkeep
|
|t:|1769379694
|switch|p2a: Decidueye|Decidueye-Hisui, M|100/100
|turn|9
|-message|blackzxz forfeited.
|
|win|kykygangsta
|raw|kykygangsta's rating: 1106 &rarr; <strong>1128</strong><br />(+22 for winning)
|raw|blackzxz's rating: 1064 &rarr; <strong>1047</strong><br />(-17 for losing)
|l|☆blackzxz
|player|p2|
|l|☆kykygangsta
|player|p1|
