|j|☆big bod3
|j|☆ukyiuiktgkju
|t:|1769368285
|gametype|singles
|player|p1|big bod3|marshal|1085
|player|p2|ukyiuiktgkju|266|1128
|gen|9
|tier|[Gen 9] OU
|rated|
|rule|HP Percentage Mod: HP is shown in percentages
|rule|Endless Battle Clause: Forcing endless battles is banned
|rule|Species Clause: Limit one of each Pokémon
|rule|OHKO Clause: OHKO moves are banned
|rule|Evasion Items Clause: Evasion items are banned
|rule|Evasion Moves Clause: Evasion moves are banned
|rule|Evasion Abilities Clause: Evasion abilities are banned
|rule|Sleep Moves Clause: Sleep-inducing moves are banned
|clearpoke
|poke|p1|Drifblim, M|
|poke|p1|Tyranitar, M|
|poke|p1|Dondozo, M|
|poke|p1|Great Tusk|
|poke|p1|Dragonite, F|
|poke|p1|Iron Valiant|
|poke|p2|Iron Valiant|
|poke|p2|Okidogi, M|
|poke|p2|Keldeo-Resolute|
|poke|p2|Iron Hands|
|poke|p2|Hawlucha, M|
|poke|p2|Great Tusk|
|teampreview
|
|t:|1769368329
|teamsize|p1|6
|teamsize|p2|6
|start
|switch|p1a: ᛃTtar|Tyranitar, M|100/100
|switch|p2a: Keldeo|Keldeo-Resolute|100/100
|-weather|Sandstorm|[from] ability: Sand Stream|[of] p1a: ᛃTtar
|turn|1
|
|t:|1769368353
|switch|p1a: ᛃᛚgrunderRoots|Great Tusk|100/100
|-item|p1a: ᛃᛚgrunderRoots|Air Balloon
|move|p2a: Keldeo|Calm Mind|p2a: Keldeo
|-boost|p2a: Keldeo|spa|1
|-boost|p2a: Keldeo|spd|1
|
|-weather|Sandstorm|[upkeep]
|-damage|p2a: Keldeo|94/100|[from] Sandstorm
|-heal|p2a: Keldeo|100/100|[from] item: Leftovers
|upkeep
|turn|2
|
|t:|1769368368
|-terastallize|p1a: ᛃᛚgrunderRoots|Water
|move|p2a: Keldeo|Surf|p1a: ᛃᛚgrunderRoots
|-resisted|p1a: ᛃᛚgrunderRoots
|-damage|p1a: ᛃᛚgrunderRoots|56/100
|-enditem|p1a: ᛃᛚgrunderRoots|Air Balloon
|move|p1a: ᛃᛚgrunderRoots|Bulk Up|p1a: ᛃᛚgrunderRoots
|-boost|p1a: ᛃᛚgrunderRoots|atk|1
|-boost|p1a: ᛃᛚgrunderRoots|def|1
|
|-weather|Sandstorm|[upkeep]
|-damage|p2a: Keldeo|94/100|[from] Sandstorm
|-damage|p1a: ᛃᛚgrunderRoots|49/100|[from] Sandstorm
|-heal|p2a: Keldeo|100/100|[from] item: Leftovers
|upkeep
|turn|3
|
|t:|1769368392
|move|p2a: Keldeo|Surf|p1a: ᛃᛚgrunderRoots
|-resisted|p1a: ᛃᛚgrunderRoots
|-damage|p1a: ᛃᛚgrunderRoots|4/100
|move|p1a: ᛃᛚgrunderRoots|Bulldoze|p2a: Keldeo
|-damage|p2a: Keldeo|38/100
|-unboost|p2a: Keldeo|spe|1
|
|-weather|Sandstorm|[upkeep]
|-damage|p2a: Keldeo|32/100|[from] Sandstorm
|-damage|p1a: ᛃᛚgrunderRoots|0 fnt|[from] Sandstorm
|faint|p1a: ᛃᛚgrunderRoots
|-end|p1a: ᛃᛚgrunderRoots|Protosynthesis|[silent]
|-heal|p2a: Keldeo|38/100|[from] item: Leftovers
|upkeep
|
|t:|1769368413
|switch|p1a: ᛏCrown|Dragonite, F, shiny|100/100
|turn|4
|
|t:|1769368421
|switch|p2a: Great Tusk|Great Tusk|100/100
|-enditem|p2a: Great Tusk|Booster Energy
|-activate|p2a: Great Tusk|ability: Protosynthesis|[fromitem]
|-start|p2a: Great Tusk|protosynthesisatk
|move|p1a: ᛏCrown|Dragon Claw|p2a: Great Tusk
|-damage|p2a: Great Tusk|69/100
|
|-weather|Sandstorm|[upkeep]
|-damage|p1a: ᛏCrown|94/100|[from] Sandstorm
|-heal|p1a: ᛏCrown|100/100|[from] item: Leftovers
|upkeep
|turn|5
|
|t:|1769368435
|move|p2a: Great Tusk|Ice Spinner|p1a: ᛏCrown
|-supereffective|p1a: ᛏCrown
|-damage|p1a: ᛏCrown|22/100
|move|p1a: ᛏCrown|Dragon Dance|p1a: ᛏCrown
|-boost|p1a: ᛏCrown|atk|1
|-boost|p1a: ᛏCrown|spe|1
|
|-weather|none
|-heal|p1a: ᛏCrown|28/100|[from] item: Leftovers
|upkeep
|turn|6
|
|t:|1769368445
|move|p1a: ᛏCrown|Dragon Claw|p2a: Great Tusk
|-damage|p2a: Great Tusk|17/100
|move|p2a: Great Tusk|Ice Spinner|p1a: ᛏCrown
|-supereffective|p1a: ᛏCrown
|-damage|p1a: ᛏCrown|0 fnt
|faint|p1a: ᛏCrown
|
|upkeep
|
|t:|1769368456
|switch|p1a: ᛚDon|Dondozo, M|100/100
|turn|7
|
|t:|1769368465
|-end|p2a: Great Tusk|Protosynthesis|[silent]
|switch|p2a: Iron Valiant|Iron Valiant|100/100
|-enditem|p2a: Iron Valiant|Booster Energy
|-activate|p2a: Iron Valiant|ability: Quark Drive|[fromitem]
|-start|p2a: Iron Valiant|quarkdrivespe
|move|p1a: ᛚDon|Liquidation|p2a: Iron Valiant
|-damage|p2a: Iron Valiant|50/100
|-unboost|p2a: Iron Valiant|def|1
|
|upkeep
|turn|8
|
|t:|1769368475
|move|p2a: Iron Valiant|Energy Ball|p1a: ᛚDon
|-supereffective|p1a: ᛚDon
|-damage|p1a: ᛚDon|43/100
|move|p1a: ᛚDon|Avalanche|p2a: Iron Valiant
|-damage|p2a: Iron Valiant|5/100
|
|-heal|p1a: ᛚDon|49/100|[from] item: Leftovers
|upkeep
|turn|9
|
|t:|1769368489
|switch|p1a: ᛃTtar|Tyranitar, M|100/100
|-weather|Sandstorm|[from] ability: Sand Stream|[of] p1a: ᛃTtar
|move|p2a: Iron Valiant|Energy Ball|p1a: ᛃTtar
|-supereffective|p1a: ᛃTtar
|-damage|p1a: ᛃTtar|63/100
|
|-weather|Sandstorm|[upkeep]
|-damage|p2a: Iron Valiant|0 fnt|[from] Sandstorm
|faint|p2a: Iron Valiant
|-end|p2a: Iron Valiant|Quark Drive|[silent]
|-heal|p1a: ᛃTtar|70/100|[from] item: Leftovers
|upkeep
|
|t:|1769368501
|switch|p2a: Great Tusk|Great Tusk|17/100
|turn|10
|
|t:|1769368511
|switch|p1a: ᛖᛏᛇAydrift|Drifblim, M|100/100
|move|p2a: Great Tusk|Ice Spinner|p1a: ᛖᛏᛇAydrift
|-supereffective|p1a: ᛖᛏᛇAydrift
|-damage|p1a: ᛖᛏᛇAydrift|27/100
|
|-weather|Sandstorm|[upkeep]
|-damage|p1a: ᛖᛏᛇAydrift|21/100|[from] Sandstorm
|-heal|p1a: ᛖᛏᛇAydrift|27/100|[from] item: Leftovers
|upkeep
|turn|11
|
|t:|1769368523
|move|p2a: Great Tusk|Ice Spinner|p1a: ᛖᛏᛇAydrift
|-supereffective|p1a: ᛖᛏᛇAydrift
|-damage|p1a: ᛖᛏᛇAydrift|0 fnt
|-damage|p2a: Great Tusk|0 fnt|[from] ability: Aftermath|[of] p1a: ᛖᛏᛇAydrift
|faint|p1a: ᛖᛏᛇAydrift
|faint|p2a: Great Tusk
|-end|p2a: Great Tusk|Protosynthesis|[silent]
|
|-weather|Sandstorm|[upkeep]
|upkeep
|
|t:|1769368534
|switch|p2a: Okidogi|Okidogi, M|100/100
|switch|p1a: ᛚDon|Dondozo, M|49/100
|turn|12
|
|t:|1769368546
|move|p2a: Okidogi|Poison Jab|p1a: ᛚDon
|-damage|p1a: ᛚDon|26/100
|-status|p1a: ᛚDon|psn
|move|p1a: ᛚDon|Wave Crash|p2a: Okidogi
|-damage|p2a: Okidogi|56/100
|-damage|p1a: ᛚDon|16/100 psn|[from] Recoil
|
|-weather|Sandstorm|[upkeep]
|-damage|p2a: Okidogi|50/100|[from] Sandstorm
|-damage|p1a: ᛚDon|10/100 psn|[from] Sandstorm
|-heal|p1a: ᛚDon|16/100 psn|[from] item: Leftovers
|-damage|p1a: ᛚDon|3/100 psn|[from] psn
|upkeep
|turn|13
|
|t:|1769368564
|move|p2a: Okidogi|Poison Jab|p1a: ᛚDon
|-damage|p1a: ᛚDon|0 fnt
|faint|p1a: ᛚDon
|
|-weather|none
|upkeep
|
|t:|1769368572
|switch|p1a: ᚹᛋWarlight|Iron Valiant|100/100
|turn|14
|
|t:|1769368580
|move|p1a: ᚹᛋWarlight|Dazzling Gleam|p2a: Okidogi
|-damage|p2a: Okidogi|24/100
|move|p2a: Okidogi|Poison Jab|p1a: ᚹᛋWarlight
|-supereffective|p1a: ᚹᛋWarlight
|-damage|p1a: ᚹᛋWarlight|0 fnt
|faint|p1a: ᚹᛋWarlight
|-end|p1a: ᚹᛋWarlight|Quark Drive|[silent]
|
|upkeep
|
|t:|1769368586
|switch|p1a: ᛃTtar|Tyranitar, M|70/100
|-weather|Sandstorm|[from] ability: Sand Stream|[of] p1a: ᛃTtar
|turn|15
|
|t:|1769368595
|move|p1a: ᛃTtar|Earthquake|p2a: Okidogi
|-supereffective|p2a: Okidogi
|-damage|p2a: Okidogi|0 fnt
|faint|p2a: Okidogi
|
|-weather|Sandstorm|[upkeep]
|-heal|p1a: ᛃTtar|76/100|[from] item: Leftovers
|upkeep
|
|t:|1769368617
|switch|p2a: Keldeo|Keldeo-Resolute|38/100
|turn|16
|
|t:|1769368631
|move|p2a: Keldeo|Secret Sword|p1a: ᛃTtar
|-supereffective|p1a: ᛃTtar
|-damage|p1a: ᛃTtar|0 fnt
|faint|p1a: ᛃTtar
|
|win|ukyiuiktgkju
|raw|big bod3's rating: 1085 &rarr; <strong>1065</strong><br />(-20 for losing)
|raw|ukyiuiktgkju's rating: 1128 &rarr; <strong>1150</strong><br />(+22 for winning)
