|j|☆C. Eclipse
|j|☆JD2Sleepy
|t:|1769303081
|gametype|singles
|player|p1|C. Eclipse|koga|1503
|player|p2|JD2Sleepy|blackbelt-gen4dp|1525
|gen|9
|tier|[Gen 9] OU
|rated|
|rule|HP Percentage Mod: HP is shown in percentages
|rule|Endless Battle Clause: Forcing endless battles is banned
|rule|Species Clause: Limit one of each Pokémon
|rule|OHKO Clause: OHKO moves are banned
|rule|Evasion Items Clause: Evasion items are banned
|rule|Evasion Moves Clause: Evasion moves are banned
|rule|Evasion Abilities Clause: Evasion abilities are banned
|rule|Sleep Moves Clause: Sleep-inducing moves are banned
|clearpoke
|poke|p1|Darkrai|
|poke|p1|Dragonite, M|
|poke|p1|Araquanid, M|
|poke|p1|Gholdengo|
|poke|p1|Glimmora, M|
|poke|p1|Great Tusk|
|poke|p2|Ninetales-Alola, F|
|poke|p2|Ceruledge, F|
|poke|p2|Furret, F|
|poke|p2|Enamorus, F|
|poke|p2|Raging Bolt|
|poke|p2|Kingambit, M|
|teampreview
|inactive|Battle timer is ON: inactive players will automatically lose when time's up. (requested by C. Eclipse)
|
|t:|1769303090
|teamsize|p1|6
|teamsize|p2|6
|start
|switch|p1a: Gholdengo|Gholdengo|100/100
|switch|p2a: Kurama|Ninetales-Alola, F|100/100
|-weather|Snowscape|[from] ability: Snow Warning|[of] p2a: Kurama
|-item|p1a: Gholdengo|Air Balloon
|turn|1
|
|t:|1769303095
|move|p2a: Kurama|Aurora Veil|p2a: Kurama
|-sidestart|p2: JD2Sleepy|move: Aurora Veil
|move|p1a: Gholdengo|Make It Rain|p2a: Kurama
|-supereffective|p2a: Kurama
|-damage|p2a: Kurama|0 fnt
|-unboost|p1a: Gholdengo|spa|1
|faint|p2a: Kurama
|
|-weather|Snowscape|[upkeep]
|upkeep
|
|t:|1769303098
|switch|p2a: Gët Busy|Ceruledge, F|100/100
|turn|2
|
|t:|1769303100
|switch|p1a: Araquanid|Araquanid, M, shiny|100/100
|move|p2a: Gët Busy|Swords Dance|p2a: Gët Busy
|-boost|p2a: Gët Busy|atk|2
|
|-weather|Snowscape|[upkeep]
|upkeep
|turn|3
|
|t:|1769303104
|move|p2a: Gët Busy|Poltergeist|p1a: Araquanid
|-activate|p1a: Araquanid|move: Poltergeist|Red Card
|-damage|p1a: Araquanid|0 fnt
|faint|p1a: Araquanid
|-damage|p2a: Gët Busy|91/100|[from] item: Life Orb
|
|-weather|Snowscape|[upkeep]
|upkeep
|
|t:|1769303107
|switch|p1a: Glimmora|Glimmora, M, shiny|100/100
|turn|4
|
|t:|1769303109
|move|p1a: Glimmora|Meteor Beam||[still]
|-prepare|p1a: Glimmora|Meteor Beam
|-boost|p1a: Glimmora|spa|1
|-enditem|p1a: Glimmora|Power Herb
|-anim|p1a: Glimmora|Meteor Beam|p2a: Gët Busy
|-supereffective|p2a: Gët Busy
|-damage|p2a: Gët Busy|0 fnt
|faint|p2a: Gët Busy
|
|-weather|Snowscape|[upkeep]
|upkeep
|
|t:|1769303113
|switch|p2a: Komi|Enamorus, F|100/100
|turn|5
|
|t:|1769303116
|switch|p1a: Gholdengo|Gholdengo|100/100
|-item|p1a: Gholdengo|Air Balloon
|move|p2a: Komi|Calm Mind|p2a: Komi
|-boost|p2a: Komi|spa|1
|-boost|p2a: Komi|spd|1
|
|-weather|none
|upkeep
|turn|6
|
|t:|1769303122
|move|p2a: Komi|Moonblast|p1a: Gholdengo
|-resisted|p1a: Gholdengo
|-damage|p1a: Gholdengo|49/100
|-enditem|p1a: Gholdengo|Air Balloon
|move|p1a: Gholdengo|Make It Rain|p2a: Komi
|-supereffective|p2a: Komi
|-damage|p2a: Komi|36/100
|-unboost|p1a: Gholdengo|spa|1
|-enditem|p2a: Komi|Sitrus Berry|[eat]
|-heal|p2a: Komi|61/100|[from] item: Sitrus Berry
|
|upkeep
|turn|7
|
|t:|1769303126
|switch|p1a: Glimmora|Glimmora, M, shiny|100/100
|move|p2a: Komi|Moonblast|p1a: Glimmora
|-resisted|p1a: Glimmora
|-damage|p1a: Glimmora|47/100
|-unboost|p1a: Glimmora|spa|1
|
|upkeep
|turn|8
|
|t:|1769303128
|move|p2a: Komi|Moonblast|p1a: Glimmora
|-resisted|p1a: Glimmora
|-damage|p1a: Glimmora|0 fnt
|faint|p1a: Glimmora
|
|-sideend|p2: JD2Sleepy|move: Aurora Veil
|upkeep
|
|t:|1769303132
|switch|p1a: Darkrai|Darkrai, shiny|100/100
|turn|9
|j| Nikator98
|
|t:|1769303136
|move|p1a: Darkrai|Ice Beam|p2a: Komi
|-supereffective|p2a: Komi
|-damage|p2a: Komi|6/100
|move|p2a: Komi|Moonblast|p1a: Darkrai
|-supereffective|p1a: Darkrai
|-damage|p1a: Darkrai|0 fnt
|faint|p1a: Darkrai
|
|upkeep
|
|t:|1769303140
|switch|p1a: Great Tusk|Great Tusk|100/100
|-enditem|p1a: Great Tusk|Booster Energy
|-activate|p1a: Great Tusk|ability: Protosynthesis|[fromitem]
|-start|p1a: Great Tusk|protosynthesisspe
|turn|10
|l| Nikator98
|
|t:|1769303144
|move|p1a: Great Tusk|Ice Spinner|p2a: Komi
|-supereffective|p2a: Komi
|-damage|p2a: Komi|0 fnt
|faint|p2a: Komi
|
|upkeep
|
|t:|1769303145
|switch|p2a: All Dae|Raging Bolt|100/100
|-enditem|p2a: All Dae|Booster Energy
|-activate|p2a: All Dae|ability: Protosynthesis|[fromitem]
|-start|p2a: All Dae|protosynthesisspa
|turn|11
|
|t:|1769303152
|move|p1a: Great Tusk|Headlong Rush|p2a: All Dae
|-supereffective|p2a: All Dae
|-damage|p2a: All Dae|0 fnt
|-unboost|p1a: Great Tusk|def|1
|-unboost|p1a: Great Tusk|spd|1
|faint|p2a: All Dae
|-end|p2a: All Dae|Protosynthesis|[silent]
|
|upkeep
|
|t:|1769303157
|switch|p2a: Koko|Furret, F|100/100
|turn|12
|
|t:|1769303160
|move|p1a: Great Tusk|Bulk Up|p1a: Great Tusk
|-boost|p1a: Great Tusk|atk|1
|-boost|p1a: Great Tusk|def|1
|move|p2a: Koko|Tidy Up|p2a: Koko
|-boost|p2a: Koko|atk|1
|-boost|p2a: Koko|spe|1
|
|upkeep
|turn|13
|
|t:|1769303162
|move|p1a: Great Tusk|Headlong Rush|p2a: Koko
|-damage|p2a: Koko|0 fnt
|-unboost|p1a: Great Tusk|def|1
|-unboost|p1a: Great Tusk|spd|1
|faint|p2a: Koko
|
|upkeep
|
|t:|1769303164
|switch|p2a: 平和|Kingambit, M|100/100
|-activate|p2a: 平和|ability: Supreme Overlord
|-start|p2a: 平和|fallen5|[silent]
|turn|14
|
|t:|1769303167
|move|p1a: Great Tusk|Bulk Up|p1a: Great Tusk
|-boost|p1a: Great Tusk|atk|1
|-boost|p1a: Great Tusk|def|1
|move|p2a: 平和|Iron Head|p1a: Great Tusk
|-damage|p1a: Great Tusk|58/100
|
|upkeep
|turn|15
|
|t:|1769303170
|move|p1a: Great Tusk|Bulk Up|p1a: Great Tusk
|-boost|p1a: Great Tusk|atk|1
|-boost|p1a: Great Tusk|def|1
|move|p2a: 平和|Iron Head|p1a: Great Tusk
|-damage|p1a: Great Tusk|28/100
|
|upkeep
|turn|16
|
|t:|1769303172
|move|p1a: Great Tusk|Headlong Rush|p2a: 平和
|-supereffective|p2a: 平和
|-damage|p2a: 平和|0 fnt
|-unboost|p1a: Great Tusk|def|1
|-unboost|p1a: Great Tusk|spd|1
|faint|p2a: 平和
|-end|p2a: 平和|fallen5|[silent]
|
|win|C. Eclipse
|raw|C. Eclipse's rating: 1503 &rarr; <strong>1524</strong><br />(+21 for winning)
|raw|JD2Sleepy's rating: 1525 &rarr; <strong>1504</strong><br />(-21 for losing)
|l|☆C. Eclipse
|player|p1|
