|j|☆SSS101
|j|‽josephtpg
|t:|1769444599
|gametype|singles
|player|p1|SSS101|hilbert|1518
|player|p2|josephtpg|101|1509
|gen|9
|tier|[Gen 9] OU
|rated|
|rule|HP Percentage Mod: HP is shown in percentages
|rule|Endless Battle Clause: Forcing endless battles is banned
|rule|Species Clause: Limit one of each Pokémon
|rule|OHKO Clause: OHKO moves are banned
|rule|Evasion Items Clause: Evasion items are banned
|rule|Evasion Moves Clause: Evasion moves are banned
|rule|Evasion Abilities Clause: Evasion abilities are banned
|rule|Sleep Moves Clause: Sleep-inducing moves are banned
|clearpoke
|poke|p1|Greninja-*, M|
|poke|p1|Serperior, M|
|poke|p1|Ceruledge, F|
|poke|p1|Glimmora, M|
|poke|p1|Kilowattrel, M|
|poke|p1|Zoroark-Hisui, M|
|poke|p2|Ogerpon-Wellspring, F|
|poke|p2|Zamazenta-*|
|poke|p2|Raging Bolt|
|poke|p2|Iron Treads|
|poke|p2|Cinderace, M|
|poke|p2|Tornadus-Therian, M|
|teampreview
|inactive|Battle timer is ON: inactive players will automatically lose when time's up. (requested by SSS101)
|inactive|josephtpg also wants the timer to be on.
|inactive|josephtpg has 120 seconds left.
|inactive|josephtpg has 90 seconds left.
|inactive|josephtpg has 60 seconds left.
|inactive|josephtpg has 30 seconds left.
|
|t:|1769444727
|teamsize|p1|6
|teamsize|p2|6
|start
|switch|p1a: Serperior|Serperior, M, shiny|100/100
|switch|p2a: Ogerpon|Ogerpon-Wellspring, F|100/100
|turn|1
|
|t:|1769444733
|switch|p2a: Cinderace|Cinderace, M|100/100
|move|p1a: Serperior|Leaf Storm|p2a: Cinderace
|-resisted|p2a: Cinderace
|-damage|p2a: Cinderace|67/100
|-boost|p1a: Serperior|spa|2
|
|upkeep
|turn|2
|
|t:|1769444741
|-terastallize|p1a: Serperior|Dragon
|move|p2a: Cinderace|Pyro Ball|p1a: Serperior
|-resisted|p1a: Serperior
|-damage|p1a: Serperior|72/100
|move|p1a: Serperior|Leaf Storm|p2a: Cinderace
|-resisted|p2a: Cinderace
|-damage|p2a: Cinderace|0 fnt
|-boost|p1a: Serperior|spa|2
|faint|p2a: Cinderace
|
|upkeep
|
|t:|1769444751
|switch|p2a: Iron Treads|Iron Treads|100/100
|turn|3
|inactive|josephtpg has 90 seconds left.
|
|t:|1769444768
|move|p1a: Serperior|Leaf Storm|p2a: Iron Treads|[miss]
|-miss|p1a: Serperior|p2a: Iron Treads
|move|p2a: Iron Treads|Ice Spinner|p1a: Serperior
|-supereffective|p1a: Serperior
|-damage|p1a: Serperior|10/100
|
|upkeep
|turn|4
|
|t:|1769444774
|move|p1a: Serperior|Giga Drain|p2a: Iron Treads
|-damage|p2a: Iron Treads|36/100
|-heal|p1a: Serperior|53/100|[from] drain|[of] p2a: Iron Treads
|move|p2a: Iron Treads|Knock Off|p1a: Serperior
|-damage|p1a: Serperior|17/100
|-enditem|p1a: Serperior|Miracle Seed|[from] move: Knock Off|[of] p2a: Iron Treads
|
|upkeep
|turn|5
|
|t:|1769444783
|move|p1a: Serperior|Leaf Storm|p2a: Iron Treads
|-damage|p2a: Iron Treads|0 fnt
|-boost|p1a: Serperior|spa|2
|faint|p2a: Iron Treads
|-end|p2a: Iron Treads|Quark Drive|[silent]
|
|upkeep
|
|t:|1769444785
|switch|p2a: Tornadus|Tornadus-Therian, M|100/100
|turn|6
|
|t:|1769444792
|move|p2a: Tornadus|U-turn|p1a: Serperior
|-damage|p1a: Serperior|0 fnt
|faint|p1a: Serperior
|
|t:|1769444801
|switch|p2a: Raging Bolt|Raging Bolt|100/100|[from] U-turn
|
|upkeep
|
|t:|1769444808
|switch|p1a: Glimmora|Glimmora, M|100/100
|-item|p1a: Glimmora|Air Balloon
|turn|7
|inactive|josephtpg has 120 seconds left.
|
|t:|1769444823
|-end|p2a: Raging Bolt|Protosynthesis|[silent]
|switch|p2a: Ogerpon|Ogerpon-Wellspring, F|100/100
|move|p1a: Glimmora|Mortal Spin|p2a: Ogerpon
|-supereffective|p2a: Ogerpon
|-damage|p2a: Ogerpon|83/100
|-status|p2a: Ogerpon|psn
|
|-damage|p2a: Ogerpon|70/100 psn|[from] psn
|upkeep
|turn|8
|inactive|josephtpg has 120 seconds left.
|
|t:|1769444833
|move|p2a: Ogerpon|Ivy Cudgel|p1a: Glimmora|[anim] Ivy Cudgel Water
|-supereffective|p1a: Glimmora
|-crit|p1a: Glimmora
|-damage|p1a: Glimmora|0 fnt
|-activate|p1a: Glimmora|ability: Toxic Debris
|-sidestart|p2: josephtpg|move: Toxic Spikes
|-enditem|p1a: Glimmora|Air Balloon
|faint|p1a: Glimmora
|
|-damage|p2a: Ogerpon|58/100 psn|[from] psn
|upkeep
|
|t:|1769444852
|switch|p1a: Ceruledge|Ceruledge, F, shiny|100/100
|turn|9
|
|t:|1769444856
|move|p2a: Ogerpon|Ivy Cudgel|p1a: Ceruledge|[anim] Ivy Cudgel Water
|-supereffective|p1a: Ceruledge
|-enditem|p1a: Ceruledge|Focus Sash
|-damage|p1a: Ceruledge|1/100
|-ability|p1a: Ceruledge|Weak Armor|boost
|-unboost|p1a: Ceruledge|def|1
|-boost|p1a: Ceruledge|spe|2
|move|p1a: Ceruledge|Swords Dance|p1a: Ceruledge
|-boost|p1a: Ceruledge|atk|2
|
|-damage|p2a: Ogerpon|46/100 psn|[from] psn
|upkeep
|turn|10
|
|t:|1769444868
|move|p1a: Ceruledge|Bitter Blade|p2a: Ogerpon
|-damage|p2a: Ogerpon|0 fnt
|-heal|p1a: Ceruledge|24/100|[from] drain|[of] p2a: Ogerpon
|faint|p2a: Ogerpon
|
|upkeep
|
|t:|1769444871
|switch|p2a: Zamazenta|Zamazenta|100/100
|-status|p2a: Zamazenta|psn
|-ability|p2a: Zamazenta|Dauntless Shield|boost
|-boost|p2a: Zamazenta|def|1
|turn|11
|
|t:|1769444879
|move|p1a: Ceruledge|Bitter Blade|p2a: Zamazenta
|-damage|p2a: Zamazenta|56/100 psn
|-heal|p1a: Ceruledge|54/100|[from] drain|[of] p2a: Zamazenta
|move|p2a: Zamazenta|Crunch|p1a: Ceruledge
|-supereffective|p1a: Ceruledge
|-damage|p1a: Ceruledge|0 fnt
|faint|p1a: Ceruledge
|
|-heal|p2a: Zamazenta|63/100 psn|[from] item: Leftovers
|-damage|p2a: Zamazenta|50/100 psn|[from] psn
|upkeep
|
|t:|1769444891
|switch|p1a: Greninja|Greninja, M|100/100
|turn|12
|
|t:|1769444894
|move|p2a: Zamazenta|Body Press|p1a: Greninja
|-immune|p1a: Greninja
|move|p1a: Greninja|Bitter Malice|p2a: Zamazenta
|-damage|p2a: Zamazenta|13/100 psn
|-unboost|p2a: Zamazenta|atk|1
|
|-heal|p2a: Zamazenta|19/100 psn|[from] item: Leftovers
|-damage|p2a: Zamazenta|7/100 psn|[from] psn
|upkeep
|turn|13
|
|t:|1769444911
|switch|p1a: Kilowattrel|Kilowattrel, M|100/100
|move|p2a: Zamazenta|Crunch|p1a: Kilowattrel
|-damage|p1a: Kilowattrel|75/100
|
|-heal|p2a: Zamazenta|13/100 psn|[from] item: Leftovers
|-damage|p2a: Zamazenta|0 fnt|[from] psn
|faint|p2a: Zamazenta
|upkeep
|
|t:|1769444916
|switch|p2a: Raging Bolt|Raging Bolt|100/100
|-status|p2a: Raging Bolt|psn
|turn|14
|
|t:|1769444925
|switch|p1a: Greninja|Greninja, M|100/100
|move|p2a: Raging Bolt|Draco Meteor|p1a: Greninja
|-damage|p1a: Greninja|0 fnt
|-unboost|p2a: Raging Bolt|spa|2
|replace|p1a: Zoroark|Zoroark-Hisui, M
|-end|p1a: Zoroark|Illusion
|faint|p1a: Zoroark
|
|-damage|p2a: Raging Bolt|88/100 psn|[from] psn
|upkeep
|
|t:|1769444937
|switch|p1a: Greninja|Greninja, M|100/100
|turn|15
|
|t:|1769444950
|-end|p2a: Raging Bolt|Protosynthesis|[silent]
|switch|p2a: Tornadus|Tornadus-Therian, M|100/100
|move|p1a: Greninja|Ice Beam|p2a: Tornadus
|-supereffective|p2a: Tornadus
|-damage|p2a: Tornadus|46/100
|
|upkeep
|turn|16
|
|t:|1769444961
|-terastallize|p2a: Tornadus|Steel
|move|p1a: Greninja|Ice Beam|p2a: Tornadus
|-resisted|p2a: Tornadus
|-damage|p2a: Tornadus|32/100
|move|p2a: Tornadus|Bleakwind Storm|p1a: Greninja|[miss]
|-miss|p2a: Tornadus|p1a: Greninja
|
|upkeep
|turn|17
|
|t:|1769444972
|move|p1a: Greninja|Surf|p2a: Tornadus
|-damage|p2a: Tornadus|0 fnt
|faint|p2a: Tornadus
|-ability|p1a: Greninja|Battle Bond|boost
|-boost|p1a: Greninja|atk|1
|-boost|p1a: Greninja|spa|1
|-boost|p1a: Greninja|spe|1
|-activate|p1a: Greninja|ability: Battle Bond
|
|upkeep
|
|t:|1769444975
|switch|p2a: Raging Bolt|Raging Bolt|88/100 psn
|turn|18
|
|t:|1769444982
|move|p1a: Greninja|Dark Pulse|p2a: Raging Bolt
|-damage|p2a: Raging Bolt|38/100 psn
|cant|p2a: Raging Bolt|flinch
|
|-damage|p2a: Raging Bolt|26/100 psn|[from] psn
|upkeep
|turn|19
|-message|josephtpg forfeited.
|
|win|SSS101
|raw|SSS101's rating: 1518 &rarr; <strong>1537</strong><br />(+19 for winning)
|raw|josephtpg's rating: 1509 &rarr; <strong>1490</strong><br />(-19 for losing)
|l|‽josephtpg
|player|p2|
|l|☆SSS101
|player|p1|
