|j|☆suifenli
|j|☆abhii.g
|t:|1769402936
|gametype|singles
|player|p1|suifenli|n|1562
|player|p2|abhii.g|bruno|1524
|gen|9
|tier|[Gen 9] OU
|rated|
|rule|HP Percentage Mod: HP is shown in percentages
|rule|Endless Battle Clause: Forcing endless battles is banned
|rule|Species Clause: Limit one of each Pokémon
|rule|OHKO Clause: OHKO moves are banned
|rule|Evasion Items Clause: Evasion items are banned
|rule|Evasion Moves Clause: Evasion moves are banned
|rule|Evasion Abilities Clause: Evasion abilities are banned
|rule|Sleep Moves Clause: Sleep-inducing moves are banned
|clearpoke
|poke|p1|Zamazenta-*|
|poke|p1|Sableye, F|
|poke|p1|Enamorus, F|
|poke|p1|Bellossom, F|
|poke|p1|Garganacl, M|
|poke|p1|Latias, F|
|poke|p2|Garchomp, M|
|poke|p2|Darkrai|
|poke|p2|Iron Treads|
|poke|p2|Meowscarada, F|
|poke|p2|Sylveon, M|
|poke|p2|Slowking, F|
|teampreview
|inactive|Battle timer is ON: inactive players will automatically lose when time's up. (requested by suifenli)
|
|t:|1769402957
|teamsize|p1|6
|teamsize|p2|6
|start
|switch|p1a: Enamorus|Enamorus, F|100/100
|switch|p2a: Darkrai|Darkrai|100/100
|turn|1
|
|t:|1769402966
|switch|p2a: Iron Treads|Iron Treads|100/100
|-item|p2a: Iron Treads|Air Balloon
|move|p1a: Enamorus|Moonblast|p2a: Iron Treads
|-resisted|p2a: Iron Treads
|-damage|p2a: Iron Treads|64/100
|-enditem|p2a: Iron Treads|Air Balloon
|
|upkeep
|turn|2
|
|t:|1769402974
|move|p1a: Enamorus|Moonblast|p2a: Iron Treads
|-resisted|p2a: Iron Treads
|-damage|p2a: Iron Treads|29/100
|move|p2a: Iron Treads|Knock Off|p1a: Enamorus
|-resisted|p1a: Enamorus
|-damage|p1a: Enamorus|82/100
|-enditem|p1a: Enamorus|Choice Scarf|[from] move: Knock Off|[of] p2a: Iron Treads
|
|upkeep
|turn|3
|
|t:|1769402981
|move|p2a: Iron Treads|Ice Spinner|p1a: Enamorus
|-supereffective|p1a: Enamorus
|-damage|p1a: Enamorus|18/100
|move|p1a: Enamorus|Moonblast|p2a: Iron Treads
|-resisted|p2a: Iron Treads
|-damage|p2a: Iron Treads|0 fnt
|faint|p2a: Iron Treads
|-end|p2a: Iron Treads|Quark Drive|[silent]
|
|upkeep
|
|t:|1769402987
|switch|p2a: Meowscarada|Meowscarada, F|100/100
|turn|4
|
|t:|1769402993
|move|p2a: Meowscarada|Knock Off|p1a: Enamorus
|-start|p2a: Meowscarada|typechange|Dark|[from] ability: Protean
|-resisted|p1a: Enamorus
|-damage|p1a: Enamorus|0 fnt
|faint|p1a: Enamorus
|
|upkeep
|
|t:|1769403002
|switch|p1a: Bellossom|Bellossom, F|100/100
|turn|5
|
|t:|1769403006
|move|p2a: Meowscarada|U-turn|p1a: Bellossom
|-supereffective|p1a: Bellossom
|-damage|p1a: Bellossom|66/100
|-enditem|p1a: Bellossom|Kee Berry|[eat]
|-boost|p1a: Bellossom|def|1|[from] item: Kee Berry
|
|t:|1769403010
|switch|p2a: Darkrai|Darkrai|100/100|[from] U-turn
|move|p1a: Bellossom|Quiver Dance|p1a: Bellossom
|-boost|p1a: Bellossom|spa|1
|-boost|p1a: Bellossom|spd|1
|-boost|p1a: Bellossom|spe|1
|
|upkeep
|turn|6
|
|t:|1769403014
|-terastallize|p1a: Bellossom|Steel
|move|p2a: Darkrai|Trick|p1a: Bellossom
|-activate|p2a: Darkrai|move: Trick|[of] p1a: Bellossom
|-item|p1a: Bellossom|Choice Scarf|[from] move: Trick
|-enditem|p2a: Darkrai|Choice Scarf|[silent]|[from] move: Trick
|move|p1a: Bellossom|Quiver Dance|p1a: Bellossom
|-boost|p1a: Bellossom|spa|1
|-boost|p1a: Bellossom|spd|1
|-boost|p1a: Bellossom|spe|1
|
|upkeep
|turn|7
|
|t:|1769403023
|move|p1a: Bellossom|Quiver Dance|p1a: Bellossom
|-boost|p1a: Bellossom|spa|1
|-boost|p1a: Bellossom|spd|1
|-boost|p1a: Bellossom|spe|1
|move|p2a: Darkrai|Dark Pulse|p1a: Bellossom
|-damage|p1a: Bellossom|51/100
|
|upkeep
|turn|8
|c|☆abhii.g|are u serious?
|
|t:|1769403031
|switch|p2a: Garchomp|Garchomp, M|100/100
|move|p1a: Bellossom|Quiver Dance|p1a: Bellossom
|-boost|p1a: Bellossom|spa|1
|-boost|p1a: Bellossom|spd|1
|-boost|p1a: Bellossom|spe|1
|
|upkeep
|turn|9
|
|t:|1769403036
|switch|p1a: Sableye|Sableye, F|100/100
|move|p2a: Garchomp|Stealth Rock|p1a: Sableye
|-sidestart|p1: suifenli|move: Stealth Rock
|
|upkeep
|turn|10
|
|t:|1769403041
|switch|p2a: Darkrai|Darkrai|100/100
|move|p1a: Sableye|Encore|p2a: Darkrai
|-hint|Since gen 7, Dark is immune to Prankster moves.
|-immune|p2a: Darkrai
|
|upkeep
|turn|11
|
|t:|1769403046
|move|p2a: Darkrai|Will-O-Wisp|p1a: Sableye
|-status|p1a: Sableye|brn
|move|p1a: Sableye|Metal Burst||[still]
|-fail|p1a: Sableye
|
|-damage|p1a: Sableye|94/100 brn|[from] brn
|upkeep
|turn|12
|c|☆abhii.g|hmm..
|
|t:|1769403066
|move|p1a: Sableye|Reflect|p1a: Sableye
|-sidestart|p1: suifenli|Reflect
|move|p2a: Darkrai|Trick|p1a: Sableye
|-activate|p2a: Darkrai|move: Trick|[of] p1a: Sableye
|-enditem|p1a: Sableye|Focus Sash|[silent]|[from] move: Trick
|-item|p2a: Darkrai|Focus Sash|[from] move: Trick
|
|-damage|p1a: Sableye|88/100 brn|[from] brn
|upkeep
|turn|13
|
|t:|1769403082
|switch|p2a: Garchomp|Garchomp, M|100/100
|switch|p1a: Bellossom|Bellossom, F, tera:Steel|51/100
|-damage|p1a: Bellossom|45/100|[from] Stealth Rock
|
|upkeep
|turn|14
|
|t:|1769403096
|switch|p2a: Sylveon|Sylveon, M, shiny|100/100
|move|p1a: Bellossom|Giga Drain|p2a: Sylveon
|-damage|p2a: Sylveon|85/100
|-heal|p1a: Bellossom|53/100|[from] drain|[of] p2a: Sylveon
|
|-heal|p2a: Sylveon|91/100|[from] item: Leftovers
|upkeep
|turn|15
|
|t:|1769403101
|move|p1a: Bellossom|Giga Drain|p2a: Sylveon
|-damage|p2a: Sylveon|75/100
|-heal|p1a: Bellossom|62/100|[from] drain|[of] p2a: Sylveon
|move|p2a: Sylveon|Calm Mind|p2a: Sylveon
|-boost|p2a: Sylveon|spa|1
|-boost|p2a: Sylveon|spd|1
|
|-heal|p2a: Sylveon|81/100|[from] item: Leftovers
|upkeep
|turn|16
|j| qianxiao7274
|
|t:|1769403106
|switch|p1a: Sableye|Sableye, F|88/100 brn
|-damage|p1a: Sableye|75/100 brn|[from] Stealth Rock
|move|p2a: Sylveon|Wish|p2a: Sylveon
|
|-heal|p2a: Sylveon|87/100|[from] item: Leftovers
|-damage|p1a: Sableye|69/100 brn|[from] brn
|-sideend|p1: suifenli|Reflect
|upkeep
|turn|17
|
|t:|1769403113
|switch|p2a: Garchomp|Garchomp, M|100/100
|move|p1a: Sableye|Encore||[still]
|-fail|p1a: Sableye
|
|-damage|p1a: Sableye|63/100 brn|[from] brn
|upkeep
|turn|18
|
|t:|1769403118
|switch|p1a: Zamazenta|Zamazenta|100/100
|-damage|p1a: Zamazenta|94/100|[from] Stealth Rock
|-ability|p1a: Zamazenta|Dauntless Shield|boost
|-boost|p1a: Zamazenta|def|1
|move|p2a: Garchomp|Spikes|p1a: Zamazenta
|-sidestart|p1: suifenli|Spikes
|
|-heal|p1a: Zamazenta|100/100|[from] item: Leftovers
|upkeep
|turn|19
|
|t:|1769403122
|move|p1a: Zamazenta|Substitute|p1a: Zamazenta
|-start|p1a: Zamazenta|Substitute
|-damage|p1a: Zamazenta|76/100
|move|p2a: Garchomp|Dragon Tail|p1a: Zamazenta
|-activate|p1a: Zamazenta|move: Substitute|[damage]
|
|-heal|p1a: Zamazenta|82/100|[from] item: Leftovers
|upkeep
|turn|20
|
|t:|1769403127
|switch|p2a: Sylveon|Sylveon, M, shiny|87/100
|move|p1a: Zamazenta|Iron Defense|p1a: Zamazenta
|-boost|p1a: Zamazenta|def|2
|
|-heal|p1a: Zamazenta|88/100|[from] item: Leftovers
|-heal|p2a: Sylveon|93/100|[from] item: Leftovers
|upkeep
|turn|21
|
|t:|1769403138
|move|p1a: Zamazenta|Body Press|p2a: Sylveon
|-resisted|p2a: Sylveon
|-damage|p2a: Sylveon|54/100
|move|p2a: Sylveon|Hyper Voice|p1a: Zamazenta
|-supereffective|p1a: Zamazenta
|-damage|p1a: Zamazenta|34/100
|
|-heal|p1a: Zamazenta|40/100|[from] item: Leftovers
|-heal|p2a: Sylveon|60/100|[from] item: Leftovers
|upkeep
|turn|22
|
|t:|1769403143
|move|p1a: Zamazenta|Body Press|p2a: Sylveon
|-resisted|p2a: Sylveon
|-damage|p2a: Sylveon|24/100
|move|p2a: Sylveon|Wish|p2a: Sylveon
|
|-heal|p1a: Zamazenta|47/100|[from] item: Leftovers
|-heal|p2a: Sylveon|30/100|[from] item: Leftovers
|upkeep
|turn|23
|
|t:|1769403158
|move|p2a: Sylveon|Protect|p2a: Sylveon
|-singleturn|p2a: Sylveon|Protect
|move|p1a: Zamazenta|Iron Defense|p1a: Zamazenta
|-boost|p1a: Zamazenta|def|2
|
|-heal|p2a: Sylveon|80/100|[from] move: Wish|[wisher] Sylveon
|-heal|p1a: Zamazenta|53/100|[from] item: Leftovers
|-heal|p2a: Sylveon|86/100|[from] item: Leftovers
|upkeep
|turn|24
|
|t:|1769403165
|move|p1a: Zamazenta|Body Press|p2a: Sylveon
|-resisted|p2a: Sylveon
|-damage|p2a: Sylveon|34/100
|move|p2a: Sylveon|Hyper Voice|p1a: Zamazenta
|-supereffective|p1a: Zamazenta
|-damage|p1a: Zamazenta|0 fnt
|faint|p1a: Zamazenta
|
|-heal|p2a: Sylveon|40/100|[from] item: Leftovers
|upkeep
|
|t:|1769403171
|switch|p1a: Latias|Latias, F|100/100
|-damage|p1a: Latias|88/100|[from] Stealth Rock
|turn|25
|
|t:|1769403177
|move|p1a: Latias|Calm Mind|p1a: Latias
|-boost|p1a: Latias|spa|1
|-boost|p1a: Latias|spd|1
|move|p2a: Sylveon|Wish|p2a: Sylveon
|
|-heal|p2a: Sylveon|46/100|[from] item: Leftovers
|upkeep
|turn|26
|
|t:|1769403183
|move|p1a: Latias|Calm Mind|p1a: Latias
|-boost|p1a: Latias|spa|1
|-boost|p1a: Latias|spd|1
|move|p2a: Sylveon|Calm Mind|p2a: Sylveon
|-boost|p2a: Sylveon|spa|1
|-boost|p2a: Sylveon|spd|1
|
|-heal|p2a: Sylveon|96/100|[from] move: Wish|[wisher] Sylveon
|-heal|p2a: Sylveon|100/100|[from] item: Leftovers
|upkeep
|turn|27
|
|t:|1769403189
|switch|p2a: Meowscarada|Meowscarada, F|100/100
|move|p1a: Latias|Calm Mind|p1a: Latias
|-boost|p1a: Latias|spa|1
|-boost|p1a: Latias|spd|1
|
|upkeep
|turn|28
|
|t:|1769403195
|move|p2a: Meowscarada|Knock Off|p1a: Latias
|-start|p2a: Meowscarada|typechange|Dark|[from] ability: Protean
|-supereffective|p1a: Latias
|-damage|p1a: Latias|23/100
|-enditem|p1a: Latias|Kee Berry|[from] move: Knock Off|[of] p2a: Meowscarada
|move|p1a: Latias|Agility|p1a: Latias
|-boost|p1a: Latias|spe|2
|
|upkeep
|turn|29
|
|t:|1769403207
|move|p1a: Latias|Draining Kiss|p2a: Meowscarada
|-supereffective|p2a: Meowscarada
|-damage|p2a: Meowscarada|10/100
|-heal|p1a: Latias|78/100|[from] drain|[of] p2a: Meowscarada
|move|p2a: Meowscarada|U-turn|p1a: Latias
|-supereffective|p1a: Latias
|-damage|p1a: Latias|47/100
|
|t:|1769403212
|switch|p2a: Garchomp|Garchomp, M|100/100|[from] U-turn
|
|upkeep
|turn|30
|
|t:|1769403222
|-terastallize|p2a: Garchomp|Ghost
|move|p1a: Latias|Stored Power|p2a: Garchomp
|-damage|p2a: Garchomp|0 fnt
|faint|p2a: Garchomp
|
|upkeep
|
|t:|1769403234
|switch|p2a: Meowscarada|Meowscarada, F|10/100
|turn|31
|
|t:|1769403238
|move|p2a: Meowscarada|Sucker Punch|p1a: Latias
|-start|p2a: Meowscarada|typechange|Dark|[from] ability: Protean
|-supereffective|p1a: Latias
|-damage|p1a: Latias|0 fnt
|faint|p1a: Latias
|
|upkeep
|
|t:|1769403252
|switch|p1a: Garganacl|Garganacl, M|100/100
|-damage|p1a: Garganacl|88/100|[from] Stealth Rock
|-damage|p1a: Garganacl|76/100|[from] Spikes
|turn|32
|
|t:|1769403261
|move|p2a: Meowscarada|U-turn|p1a: Garganacl
|-damage|p1a: Garganacl|62/100
|
|t:|1769403263
|switch|p2a: Darkrai|Darkrai|100/100|[from] U-turn
|move|p1a: Garganacl|Iron Defense|p1a: Garganacl
|-boost|p1a: Garganacl|def|2
|
|upkeep
|turn|33
|
|t:|1769403269
|move|p2a: Darkrai|Dark Pulse|p1a: Garganacl
|-damage|p1a: Garganacl|34/100
|move|p1a: Garganacl|Recover|p1a: Garganacl
|-heal|p1a: Garganacl|84/100
|
|upkeep
|turn|34
|
|t:|1769403273
|switch|p2a: Slowking|Slowking, F, shiny|100/100
|move|p1a: Garganacl|Iron Defense|p1a: Garganacl
|-boost|p1a: Garganacl|def|2
|
|upkeep
|turn|35
|
|t:|1769403278
|move|p1a: Garganacl|Salt Cure|p2a: Slowking
|-damage|p2a: Slowking|88/100
|-start|p2a: Slowking|Salt Cure
|move|p2a: Slowking|Scald|p1a: Garganacl
|-supereffective|p1a: Garganacl
|-damage|p1a: Garganacl|47/100
|
|-damage|p2a: Slowking|63/100|[from] Salt Cure
|upkeep
|turn|36
|
|t:|1769403284
|move|p1a: Garganacl|Recover|p1a: Garganacl
|-heal|p1a: Garganacl|97/100
|move|p2a: Slowking|Scald|p1a: Garganacl
|-supereffective|p1a: Garganacl
|-damage|p1a: Garganacl|60/100
|
|-damage|p2a: Slowking|38/100|[from] Salt Cure
|upkeep
|turn|37
|
|t:|1769403289
|move|p1a: Garganacl|Recover|p1a: Garganacl
|-heal|p1a: Garganacl|100/100
|move|p2a: Slowking|Future Sight|p1a: Garganacl
|-start|p2a: Slowking|move: Future Sight
|
|-damage|p2a: Slowking|13/100|[from] Salt Cure
|upkeep
|turn|38
|
|t:|1769403293
|move|p1a: Garganacl|Body Press|p2a: Slowking
|-resisted|p2a: Slowking
|-damage|p2a: Slowking|0 fnt
|faint|p2a: Slowking
|
|upkeep
|
|t:|1769403300
|switch|p2a: Meowscarada|Meowscarada, F|10/100
|turn|39
|
|t:|1769403306
|move|p2a: Meowscarada|Flower Trick|p1a: Garganacl
|-start|p2a: Meowscarada|typechange|Grass|[from] ability: Protean
|-supereffective|p1a: Garganacl
|-crit|p1a: Garganacl
|-damage|p1a: Garganacl|32/100
|move|p1a: Garganacl|Body Press|p2a: Meowscarada
|-damage|p2a: Meowscarada|0 fnt
|faint|p2a: Meowscarada
|
|-end|p1a: Garganacl|move: Future Sight
|-damage|p1a: Garganacl|2/100
|upkeep
|
|t:|1769403314
|switch|p2a: Darkrai|Darkrai|100/100
|turn|40
|
|t:|1769403318
|move|p2a: Darkrai|Dark Pulse|p1a: Garganacl
|-damage|p1a: Garganacl|0 fnt
|faint|p1a: Garganacl
|
|upkeep
|
|t:|1769403324
|switch|p1a: Bellossom|Bellossom, F, tera:Steel|62/100
|-damage|p1a: Bellossom|56/100|[from] Stealth Rock
|-damage|p1a: Bellossom|44/100|[from] Spikes
|turn|41
|
|t:|1769403330
|switch|p2a: Sylveon|Sylveon, M, shiny|100/100
|move|p1a: Bellossom|Giga Drain|p2a: Sylveon
|-damage|p2a: Sylveon|83/100
|-heal|p1a: Bellossom|53/100|[from] drain|[of] p2a: Sylveon
|
|-heal|p2a: Sylveon|90/100|[from] item: Leftovers
|upkeep
|turn|42
|
|t:|1769403336
|move|p1a: Bellossom|Giga Drain|p2a: Sylveon
|-crit|p2a: Sylveon
|-damage|p2a: Sylveon|66/100
|-heal|p1a: Bellossom|67/100|[from] drain|[of] p2a: Sylveon
|move|p2a: Sylveon|Hyper Voice|p1a: Bellossom
|-resisted|p1a: Bellossom
|-damage|p1a: Bellossom|47/100
|
|-heal|p2a: Sylveon|72/100|[from] item: Leftovers
|upkeep
|turn|43
|
|t:|1769403339
|move|p1a: Bellossom|Giga Drain|p2a: Sylveon
|-damage|p2a: Sylveon|55/100
|-heal|p1a: Bellossom|56/100|[from] drain|[of] p2a: Sylveon
|move|p2a: Sylveon|Wish|p2a: Sylveon
|
|-heal|p2a: Sylveon|61/100|[from] item: Leftovers
|upkeep
|turn|44
|
|t:|1769403342
|move|p1a: Bellossom|Giga Drain|p2a: Sylveon
|-damage|p2a: Sylveon|44/100
|-heal|p1a: Bellossom|66/100|[from] drain|[of] p2a: Sylveon
|move|p2a: Sylveon|Calm Mind|p2a: Sylveon
|-boost|p2a: Sylveon|spa|1
|-boost|p2a: Sylveon|spd|1
|
|-heal|p2a: Sylveon|94/100|[from] move: Wish|[wisher] Sylveon
|-heal|p2a: Sylveon|99/100|[from] item: Leftovers
|upkeep
|turn|45
|
|t:|1769403346
|switch|p1a: Sableye|Sableye, F|63/100 brn
|-damage|p1a: Sableye|50/100 brn|[from] Stealth Rock
|-damage|p1a: Sableye|38/100 brn|[from] Spikes
|move|p2a: Sylveon|Hyper Voice|p1a: Sableye
|-supereffective|p1a: Sableye
|-damage|p1a: Sableye|0 fnt
|faint|p1a: Sableye
|
|-heal|p2a: Sylveon|100/100|[from] item: Leftovers
|upkeep
|
|t:|1769403349
|switch|p1a: Bellossom|Bellossom, F, tera:Steel|66/100
|-damage|p1a: Bellossom|60/100|[from] Stealth Rock
|-damage|p1a: Bellossom|47/100|[from] Spikes
|turn|46
|
|t:|1769403352
|move|p1a: Bellossom|Giga Drain|p2a: Sylveon
|-damage|p2a: Sylveon|90/100
|-heal|p1a: Bellossom|53/100|[from] drain|[of] p2a: Sylveon
|move|p2a: Sylveon|Calm Mind|p2a: Sylveon
|-boost|p2a: Sylveon|spa|1
|-boost|p2a: Sylveon|spd|1
|
|-heal|p2a: Sylveon|96/100|[from] item: Leftovers
|upkeep
|turn|47
|
|t:|1769403357
|move|p1a: Bellossom|Giga Drain|p2a: Sylveon
|-damage|p2a: Sylveon|87/100
|-heal|p1a: Bellossom|58/100|[from] drain|[of] p2a: Sylveon
|move|p2a: Sylveon|Calm Mind|p2a: Sylveon
|-boost|p2a: Sylveon|spa|1
|-boost|p2a: Sylveon|spd|1
|
|-heal|p2a: Sylveon|93/100|[from] item: Leftovers
|upkeep
|turn|48
|
|t:|1769403359
|move|p1a: Bellossom|Giga Drain|p2a: Sylveon
|-damage|p2a: Sylveon|86/100
|-heal|p1a: Bellossom|62/100|[from] drain|[of] p2a: Sylveon
|move|p2a: Sylveon|Calm Mind|p2a: Sylveon
|-boost|p2a: Sylveon|spa|1
|-boost|p2a: Sylveon|spd|1
|
|-heal|p2a: Sylveon|92/100|[from] item: Leftovers
|upkeep
|turn|49
|-message|suifenli forfeited.
|
|win|abhii.g
|raw|suifenli's rating: 1562 &rarr; <strong>1540</strong><br />(-22 for losing)
|raw|abhii.g's rating: 1524 &rarr; <strong>1546</strong><br />(+22 for winning)
|l|☆suifenli
|player|p1|
|c|☆abhii.g|how did u reach 1562
