|j|☆AFish14
|j|☆saibayman
|t:|1769374837
|gametype|singles
|player|p1|AFish14|169|1475
|player|p2|saibayman|265|1437
|gen|9
|tier|[Gen 9] OU
|rated|
|rule|HP Percentage Mod: HP is shown in percentages
|rule|Endless Battle Clause: Forcing endless battles is banned
|rule|Species Clause: Limit one of each Pokémon
|rule|OHKO Clause: OHKO moves are banned
|rule|Evasion Items Clause: Evasion items are banned
|rule|Evasion Moves Clause: Evasion moves are banned
|rule|Evasion Abilities Clause: Evasion abilities are banned
|rule|Sleep Moves Clause: Sleep-inducing moves are banned
|clearpoke
|poke|p1|Porygon2|
|poke|p1|Dragonite, F|
|poke|p1|Arcanine, F|
|poke|p1|Gengar, F|
|poke|p1|Iron Valiant|
|poke|p1|Metagross|
|poke|p2|Tyranitar, M|
|poke|p2|Great Tusk|
|poke|p2|Slowking-Galar, F|
|poke|p2|Gholdengo|
|poke|p2|Greninja-*, M|
|poke|p2|Moltres|
|teampreview
|inactive|Battle timer is ON: inactive players will automatically lose when time's up. (requested by saibayman)
|
|t:|1769374857
|teamsize|p1|6
|teamsize|p2|6
|start
|switch|p1a: Arcanine|Arcanine, F|100/100
|switch|p2a: Great Tusk|Great Tusk|100/100
|-ability|p1a: Arcanine|Intimidate|boost
|-unboost|p2a: Great Tusk|atk|1
|turn|1
|
|t:|1769374864
|move|p1a: Arcanine|Flare Blitz|p2a: Great Tusk
|-damage|p2a: Great Tusk|59/100
|-damage|p1a: Arcanine|82/100|[from] Recoil
|move|p2a: Great Tusk|Earthquake|p1a: Arcanine
|-supereffective|p1a: Arcanine
|-damage|p1a: Arcanine|2/100
|
|-heal|p2a: Great Tusk|65/100|[from] item: Leftovers
|upkeep
|turn|2
|
|t:|1769374875
|-end|p2a: Great Tusk|Protosynthesis|[silent]
|switch|p2a: Tyranitar|Tyranitar, M|100/100
|-weather|Sandstorm|[from] ability: Sand Stream|[of] p2a: Tyranitar
|move|p1a: Arcanine|Flare Blitz|p2a: Tyranitar
|-resisted|p2a: Tyranitar
|-damage|p2a: Tyranitar|76/100
|-damage|p1a: Arcanine|0 fnt|[from] item: Rocky Helmet|[of] p2a: Tyranitar
|faint|p1a: Arcanine
|
|-weather|Sandstorm|[upkeep]
|upkeep
|
|t:|1769374881
|switch|p1a: Metagross|Metagross|100/100
|turn|3
|
|t:|1769374896
|move|p1a: Metagross|Agility|p1a: Metagross
|-boost|p1a: Metagross|spe|2
|move|p2a: Tyranitar|Knock Off|p1a: Metagross
|-supereffective|p1a: Metagross
|-damage|p1a: Metagross|38/100
|-enditem|p1a: Metagross|Weakness Policy
|-boost|p1a: Metagross|atk|2|[from] item: Weakness Policy
|-boost|p1a: Metagross|spa|2|[from] item: Weakness Policy
|
|-weather|Sandstorm|[upkeep]
|upkeep
|turn|4
|
|t:|1769374908
|move|p1a: Metagross|Iron Head|p2a: Tyranitar
|-supereffective|p2a: Tyranitar
|-damage|p2a: Tyranitar|0 fnt
|-damage|p1a: Metagross|21/100|[from] item: Rocky Helmet|[of] p2a: Tyranitar
|faint|p2a: Tyranitar
|
|-weather|Sandstorm|[upkeep]
|upkeep
|
|t:|1769374919
|switch|p2a: Gholdengo|Gholdengo|100/100
|turn|5
|
|t:|1769374922
|move|p2a: Gholdengo|Shadow Ball|p1a: Metagross
|-supereffective|p1a: Metagross
|-damage|p1a: Metagross|0 fnt
|faint|p1a: Metagross
|
|-weather|Sandstorm|[upkeep]
|upkeep
|
|t:|1769374931
|switch|p1a: Porygon2|Porygon2, shiny|100/100
|-ability|p1a: Porygon2|Download|boost
|-boost|p1a: Porygon2|spa|1
|turn|6
|inactive|saibayman has 120 seconds left.
|
|t:|1769374961
|switch|p2a: Moltres|Moltres|100/100
|move|p1a: Porygon2|Shadow Ball|p2a: Moltres
|-damage|p2a: Moltres|74/100
|
|-weather|none
|upkeep
|turn|7
|
|t:|1769374969
|move|p2a: Moltres|Will-O-Wisp|p1a: Porygon2
|-status|p1a: Porygon2|brn
|move|p1a: Porygon2|Discharge|p2a: Moltres
|-supereffective|p2a: Moltres
|-damage|p2a: Moltres|17/100
|-status|p2a: Moltres|par
|
|-damage|p1a: Porygon2|94/100 brn|[from] brn
|upkeep
|turn|8
|
|t:|1769374983
|switch|p2a: Slowking|Slowking-Galar, F|100/100
|move|p1a: Porygon2|Ice Beam|p2a: Slowking
|-damage|p2a: Slowking|78/100
|
|-damage|p1a: Porygon2|88/100 brn|[from] brn
|upkeep
|turn|9
|
|t:|1769374996
|move|p1a: Porygon2|Shadow Ball|p2a: Slowking
|-supereffective|p2a: Slowking
|-damage|p2a: Slowking|40/100
|move|p2a: Slowking|Sludge Bomb|p1a: Porygon2
|-crit|p1a: Porygon2
|-damage|p1a: Porygon2|42/100 brn
|
|-damage|p1a: Porygon2|36/100 brn|[from] brn
|upkeep
|turn|10
|
|t:|1769375005
|switch|p2a: Greninja|Greninja, M|100/100
|move|p1a: Porygon2|Recover|p1a: Porygon2
|-heal|p1a: Porygon2|86/100 brn
|
|-damage|p1a: Porygon2|80/100 brn|[from] brn
|upkeep
|turn|11
|
|t:|1769375025
|move|p2a: Greninja|Dark Pulse|p1a: Porygon2
|-damage|p1a: Porygon2|57/100 brn
|move|p1a: Porygon2|Discharge|p2a: Greninja
|-supereffective|p2a: Greninja
|-enditem|p2a: Greninja|Focus Sash
|-damage|p2a: Greninja|1/100
|
|-damage|p1a: Porygon2|50/100 brn|[from] brn
|upkeep
|turn|12
|inactive|saibayman has 120 seconds left.
|
|t:|1769375056
|switch|p2a: Slowking|Slowking-Galar, F|73/100
|move|p1a: Porygon2|Recover|p1a: Porygon2
|-heal|p1a: Porygon2|100/100 brn
|
|-damage|p1a: Porygon2|94/100 brn|[from] brn
|upkeep
|turn|13
|
|t:|1769375068
|switch|p2a: Greninja|Greninja, M|1/100
|move|p1a: Porygon2|Shadow Ball|p2a: Greninja
|-resisted|p2a: Greninja
|-damage|p2a: Greninja|0 fnt
|faint|p2a: Greninja
|
|-damage|p1a: Porygon2|88/100 brn|[from] brn
|upkeep
|
|t:|1769375079
|switch|p2a: Gholdengo|Gholdengo|100/100
|turn|14
|
|t:|1769375085
|-terastallize|p2a: Gholdengo|Fairy
|move|p2a: Gholdengo|Trick|p1a: Porygon2
|-activate|p2a: Gholdengo|move: Trick|[of] p1a: Porygon2
|-item|p1a: Porygon2|Choice Scarf|[from] move: Trick
|-item|p2a: Gholdengo|Eviolite|[from] move: Trick
|move|p1a: Porygon2|Shadow Ball|p2a: Gholdengo
|-damage|p2a: Gholdengo|58/100
|
|-damage|p1a: Porygon2|82/100 brn|[from] brn
|upkeep
|turn|15
|
|t:|1769375095
|move|p2a: Gholdengo|Make It Rain|p1a: Porygon2
|-damage|p1a: Porygon2|23/100 brn
|-unboost|p2a: Gholdengo|spa|1
|move|p1a: Porygon2|Shadow Ball|p2a: Gholdengo
|-damage|p2a: Gholdengo|13/100
|
|-damage|p1a: Porygon2|17/100 brn|[from] brn
|upkeep
|turn|16
|
|t:|1769375107
|move|p2a: Gholdengo|Make It Rain|p1a: Porygon2
|-damage|p1a: Porygon2|0 fnt
|-unboost|p2a: Gholdengo|spa|1
|faint|p1a: Porygon2
|
|upkeep
|
|t:|1769375113
|switch|p1a: Iron Valiant|Iron Valiant|100/100
|-enditem|p1a: Iron Valiant|Booster Energy
|-activate|p1a: Iron Valiant|ability: Quark Drive|[fromitem]
|-start|p1a: Iron Valiant|quarkdrivespe
|turn|17
|
|t:|1769375118
|switch|p2a: Moltres|Moltres|17/100 par
|move|p1a: Iron Valiant|Calm Mind|p1a: Iron Valiant
|-boost|p1a: Iron Valiant|spa|1
|-boost|p1a: Iron Valiant|spd|1
|
|upkeep
|turn|18
|inactive|saibayman has 120 seconds left.
|
|t:|1769375125
|move|p1a: Iron Valiant|Calm Mind|p1a: Iron Valiant
|-boost|p1a: Iron Valiant|spa|1
|-boost|p1a: Iron Valiant|spd|1
|move|p2a: Moltres|Roost|p2a: Moltres
|-heal|p2a: Moltres|68/100 par
|-singleturn|p2a: Moltres|move: Roost
|
|upkeep
|turn|19
|
|t:|1769375133
|move|p1a: Iron Valiant|Shadow Ball|p2a: Moltres
|-damage|p2a: Moltres|32/100 par
|move|p2a: Moltres|Air Slash|p1a: Iron Valiant
|-supereffective|p1a: Iron Valiant
|-damage|p1a: Iron Valiant|46/100
|
|upkeep
|turn|20
|
|t:|1769375140
|move|p1a: Iron Valiant|Shadow Ball|p2a: Moltres
|-damage|p2a: Moltres|0 fnt
|faint|p2a: Moltres
|
|upkeep
|
|t:|1769375145
|switch|p2a: Slowking|Slowking-Galar, F|100/100
|turn|21
|
|t:|1769375149
|move|p1a: Iron Valiant|Shadow Ball|p2a: Slowking
|-supereffective|p2a: Slowking
|-damage|p2a: Slowking|44/100
|move|p2a: Slowking|Sludge Bomb|p1a: Iron Valiant
|-supereffective|p1a: Iron Valiant
|-damage|p1a: Iron Valiant|0 fnt
|faint|p1a: Iron Valiant
|-end|p1a: Iron Valiant|Quark Drive|[silent]
|
|upkeep
|
|t:|1769375153
|switch|p1a: Gengar|Gengar, F|100/100
|turn|22
|
|t:|1769375159
|move|p1a: Gengar|Shadow Ball|p2a: Slowking
|-supereffective|p2a: Slowking
|-damage|p2a: Slowking|0 fnt
|faint|p2a: Slowking
|
|upkeep
|-message|saibayman forfeited.
|
|win|AFish14
|raw|AFish14's rating: 1475 &rarr; <strong>1493</strong><br />(+18 for winning)
|raw|saibayman's rating: 1437 &rarr; <strong>1419</strong><br />(-18 for losing)
|l|☆saibayman
|player|p2|
|l|☆AFish14
|player|p1|
