|j|☆Auburn Hills
|j|☆two time frank
|t:|1769443342
|gametype|singles
|player|p1|Auburn Hills|alder|1711
|player|p2|two time frank|ghetsis-gen5bw|1653
|gen|9
|tier|[Gen 9] OU
|rated|
|rule|HP Percentage Mod: HP is shown in percentages
|rule|Endless Battle Clause: Forcing endless battles is banned
|rule|Species Clause: Limit one of each Pokémon
|rule|OHKO Clause: OHKO moves are banned
|rule|Evasion Items Clause: Evasion items are banned
|rule|Evasion Moves Clause: Evasion moves are banned
|rule|Evasion Abilities Clause: Evasion abilities are banned
|rule|Sleep Moves Clause: Sleep-inducing moves are banned
|clearpoke
|poke|p1|Iron Moth|
|poke|p1|Umbreon, F|
|poke|p1|Garchomp, M|
|poke|p1|Glimmora, M|
|poke|p1|Gholdengo|
|poke|p1|Dragonite, M|
|poke|p2|Tinkaton, F|
|poke|p2|Ogerpon, F|
|poke|p2|Great Tusk|
|poke|p2|Pecharunt|
|poke|p2|Alomomola, M|
|poke|p2|Hydreigon, M|
|teampreview
|
|t:|1769443360
|teamsize|p1|6
|teamsize|p2|6
|start
|switch|p1a: Rat Tally|Garchomp, M|100/100
|switch|p2a: Hybrid|Hydreigon, M, shiny|100/100
|turn|1
|
|t:|1769443367
|move|p1a: Rat Tally|Scale Shot|p2a: Hybrid
|-supereffective|p2a: Hybrid
|-damage|p2a: Hybrid|70/100
|-supereffective|p2a: Hybrid
|-damage|p2a: Hybrid|40/100
|-supereffective|p2a: Hybrid
|-damage|p2a: Hybrid|7/100
|-supereffective|p2a: Hybrid
|-damage|p2a: Hybrid|0 fnt
|faint|p2a: Hybrid
|-hitcount|p2: Hybrid|4
|-unboost|p1a: Rat Tally|def|1
|-boost|p1a: Rat Tally|spe|1
|
|upkeep
|
|t:|1769443382
|switch|p2a: Smile.exe|Tinkaton, F, shiny|100/100
|-item|p2a: Smile.exe|Air Balloon
|turn|2
|j| Nikator98
|j| firecharmander004
|
|t:|1769443388
|move|p1a: Rat Tally|Tera Blast|p2a: Smile.exe
|-resisted|p2a: Smile.exe
|-damage|p2a: Smile.exe|93/100
|-enditem|p2a: Smile.exe|Air Balloon
|move|p2a: Smile.exe|Stealth Rock|p1a: Rat Tally
|-sidestart|p1: Auburn Hills|move: Stealth Rock
|
|upkeep
|turn|3
|
|t:|1769443393
|-terastallize|p2a: Smile.exe|Ice
|move|p1a: Rat Tally|Earthquake|p2a: Smile.exe
|-damage|p2a: Smile.exe|26/100
|move|p2a: Smile.exe|Ice Hammer|p1a: Rat Tally|[miss]
|-miss|p2a: Smile.exe|p1a: Rat Tally
|
|upkeep
|turn|4
|
|t:|1769443399
|switch|p2a: Pisces|Alomomola, M, shiny|100/100
|move|p1a: Rat Tally|Scale Shot|p2a: Pisces
|-damage|p2a: Pisces|91/100
|-damage|p2a: Pisces|81/100
|-damage|p2a: Pisces|71/100
|-damage|p2a: Pisces|61/100
|-damage|p2a: Pisces|52/100
|-hitcount|p2a: Pisces|5
|-unboost|p1a: Rat Tally|def|1
|-boost|p1a: Rat Tally|spe|1
|
|upkeep
|turn|5
|l| Nikator98
|
|t:|1769443420
|move|p1a: Rat Tally|Swords Dance|p1a: Rat Tally
|-boost|p1a: Rat Tally|atk|2
|move|p2a: Pisces|Play Rough|p1a: Rat Tally|[miss]
|-miss|p2a: Pisces|p1a: Rat Tally
|
|upkeep
|turn|6
|j| Nikator98
|c|☆two time frank|fuckoff
|-message|two time frank forfeited.
|
|win|Auburn Hills
|raw|Auburn Hills's rating: 1711 &rarr; <strong>1728</strong><br />(+17 for winning)
|raw|two time frank's rating: 1653 &rarr; <strong>1636</strong><br />(-17 for losing)
|l|☆Auburn Hills
|player|p1|
|l| Nikator98
|c|☆two time frank|POS
|l|☆two time frank
|player|p2|
|l| firecharmander004
