|j|☆Leap Call
|j|☆ernozo
|t:|1769440684
|gametype|singles
|player|p1|Leap Call|265|1491
|player|p2|ernozo|grusha|1463
|gen|9
|tier|[Gen 9] OU
|rated|
|rule|HP Percentage Mod: HP is shown in percentages
|rule|Endless Battle Clause: Forcing endless battles is banned
|rule|Species Clause: Limit one of each Pokémon
|rule|OHKO Clause: OHKO moves are banned
|rule|Evasion Items Clause: Evasion items are banned
|rule|Evasion Moves Clause: Evasion moves are banned
|rule|Evasion Abilities Clause: Evasion abilities are banned
|rule|Sleep Moves Clause: Sleep-inducing moves are banned
|clearpoke
|poke|p1|Cinderace, F|
|poke|p1|Lokix, M|
|poke|p1|Corviknight, M|
|poke|p1|Garganacl, M|
|poke|p1|Dragapult, F|
|poke|p1|Empoleon, F|
|poke|p2|Ninetales-Alola, F|
|poke|p2|Frosmoth, M|
|poke|p2|Froslass, F|
|poke|p2|Glastrier|
|poke|p2|Kyurem|
|poke|p2|Cloyster, M|
|teampreview
|inactive|Battle timer is ON: inactive players will automatically lose when time's up. (requested by Leap Call)
|
|t:|1769440719
|teamsize|p1|6
|teamsize|p2|6
|start
|switch|p1a: Empoleon|Empoleon, F|100/100
|switch|p2a: Froslass|Froslass, F|100/100
|turn|1
|
|t:|1769440723
|move|p2a: Froslass|Spikes|p1a: Empoleon
|-sidestart|p1: Leap Call|Spikes
|move|p1a: Empoleon|Surf|p2a: Froslass
|-damage|p2a: Froslass|52/100
|-start|p1a: Empoleon|Disable|Surf|[from] ability: Cursed Body|[of] p2a: Froslass
|
|upkeep
|turn|2
|
|t:|1769440746
|move|p2a: Froslass|Spikes|p1a: Empoleon
|-sidestart|p1: Leap Call|Spikes
|move|p1a: Empoleon|Roar|p2a: Froslass
|drag|p2a: Ninetales|Ninetales-Alola, F|100/100
|-weather|Snowscape|[from] ability: Snow Warning|[of] p2a: Ninetales
|
|-weather|Snowscape|[upkeep]
|upkeep
|turn|3
|
|t:|1769440751
|switch|p1a: Soul of Cinder|Cinderace, F|100/100
|move|p2a: Ninetales|Aurora Veil|p2a: Ninetales
|-sidestart|p2: ernozo|move: Aurora Veil
|
|-weather|Snowscape|[upkeep]
|upkeep
|turn|4
|
|t:|1769440755
|move|p1a: Soul of Cinder|Court Change|p1a: Soul of Cinder
|-start|p1a: Soul of Cinder|typechange|Normal|[from] ability: Libero
|-swapsideconditions
|-activate|p1a: Soul of Cinder|move: Court Change
|move|p2a: Ninetales|Encore|p1a: Soul of Cinder
|-start|p1a: Soul of Cinder|Encore
|
|-weather|Snowscape|[upkeep]
|upkeep
|turn|5
|
|t:|1769440763
|switch|p1a: Empoleon|Empoleon, F|100/100
|move|p2a: Ninetales|Aurora Veil|p2a: Ninetales
|-sidestart|p2: ernozo|move: Aurora Veil
|
|-weather|Snowscape|[upkeep]
|upkeep
|turn|6
|
|t:|1769440766
|switch|p2a: Froslass|Froslass, F|52/100
|-damage|p2a: Froslass|35/100|[from] Spikes
|move|p1a: Empoleon|Stealth Rock|p2a: Froslass
|-sidestart|p2: ernozo|move: Stealth Rock
|
|-weather|none
|upkeep
|turn|7
|
|t:|1769440770
|move|p2a: Froslass|Spikes|p1a: Empoleon
|-sidestart|p1: Leap Call|Spikes
|move|p1a: Empoleon|Roar|p2a: Froslass
|drag|p2a: Cloyster|Cloyster, M|100/100
|-damage|p2a: Cloyster|84/100|[from] Spikes
|-damage|p2a: Cloyster|59/100|[from] Stealth Rock
|
|upkeep
|turn|8
|
|t:|1769440774
|move|p2a: Cloyster|Shell Smash|p2a: Cloyster
|-unboost|p2a: Cloyster|def|1
|-unboost|p2a: Cloyster|spd|1
|-boost|p2a: Cloyster|atk|2
|-boost|p2a: Cloyster|spa|2
|-boost|p2a: Cloyster|spe|2
|move|p1a: Empoleon|Roar|p2a: Cloyster
|drag|p2a: Froslass|Froslass, F|35/100
|-damage|p2a: Froslass|18/100|[from] Spikes
|-damage|p2a: Froslass|0 fnt|[from] Stealth Rock
|faint|p2a: Froslass
|
|upkeep
|
|t:|1769440785
|switch|p2a: Glastrier|Glastrier|100/100
|-damage|p2a: Glastrier|84/100|[from] Spikes
|-damage|p2a: Glastrier|59/100|[from] Stealth Rock
|turn|9
|
|t:|1769440789
|move|p2a: Glastrier|Close Combat|p1a: Empoleon
|-supereffective|p1a: Empoleon
|-damage|p1a: Empoleon|54/100
|-unboost|p2a: Glastrier|def|1
|-unboost|p2a: Glastrier|spd|1
|move|p1a: Empoleon|Roar|p2a: Glastrier
|drag|p2a: Kyurem|Kyurem|100/100
|-damage|p2a: Kyurem|84/100|[from] Spikes
|-damage|p2a: Kyurem|59/100|[from] Stealth Rock
|-ability|p2a: Kyurem|Pressure
|
|-heal|p1a: Empoleon|60/100|[from] item: Leftovers
|upkeep
|turn|10
|
|t:|1769440803
|move|p2a: Kyurem|Freeze-Dry|p1a: Empoleon
|-damage|p1a: Empoleon|51/100
|move|p1a: Empoleon|Roar|p2a: Kyurem
|drag|p2a: Frosmoth|Frosmoth, M|100/100
|
|-heal|p1a: Empoleon|57/100|[from] item: Leftovers
|-sideend|p1: Leap Call|move: Aurora Veil
|upkeep
|turn|11
|
|t:|1769440811
|move|p2a: Frosmoth|Ice Beam|p1a: Empoleon
|-resisted|p1a: Empoleon
|-damage|p1a: Empoleon|51/100
|move|p1a: Empoleon|Roar|p2a: Frosmoth
|drag|p2a: Glastrier|Glastrier|59/100
|-damage|p2a: Glastrier|42/100|[from] Spikes
|-damage|p2a: Glastrier|18/100|[from] Stealth Rock
|
|-heal|p1a: Empoleon|57/100|[from] item: Leftovers
|upkeep
|turn|12
|
|t:|1769440819
|move|p2a: Glastrier|Close Combat|p1a: Empoleon
|-supereffective|p1a: Empoleon
|-damage|p1a: Empoleon|0 fnt
|-unboost|p2a: Glastrier|def|1
|-unboost|p2a: Glastrier|spd|1
|faint|p1a: Empoleon
|-ability|p2a: Glastrier|Chilling Neigh|boost
|-boost|p2a: Glastrier|atk|1
|
|-sideend|p2: ernozo|move: Aurora Veil
|upkeep
|
|t:|1769440828
|switch|p1a: Soul of Cinder|Cinderace, F|100/100
|turn|13
|
|t:|1769440832
|move|p1a: Soul of Cinder|Pyro Ball|p2a: Glastrier
|-supereffective|p2a: Glastrier
|-damage|p2a: Glastrier|0 fnt
|faint|p2a: Glastrier
|
|upkeep
|
|t:|1769440835
|switch|p2a: Ninetales|Ninetales-Alola, F|100/100
|-damage|p2a: Ninetales|84/100|[from] Spikes
|-damage|p2a: Ninetales|59/100|[from] Stealth Rock
|-weather|Snowscape|[from] ability: Snow Warning|[of] p2a: Ninetales
|turn|14
|
|t:|1769440839
|move|p1a: Soul of Cinder|Pyro Ball|p2a: Ninetales
|-supereffective|p2a: Ninetales
|-damage|p2a: Ninetales|0 fnt
|faint|p2a: Ninetales
|
|-weather|Snowscape|[upkeep]
|upkeep
|
|t:|1769440843
|switch|p2a: Cloyster|Cloyster, M|59/100
|-damage|p2a: Cloyster|42/100|[from] Spikes
|-damage|p2a: Cloyster|18/100|[from] Stealth Rock
|turn|15
|
|t:|1769440864
|move|p1a: Soul of Cinder|Pyro Ball|p2a: Cloyster
|-damage|p2a: Cloyster|0 fnt
|faint|p2a: Cloyster
|
|-weather|Snowscape|[upkeep]
|upkeep
|
|t:|1769440868
|switch|p2a: Kyurem|Kyurem|59/100
|-damage|p2a: Kyurem|42/100|[from] Spikes
|-damage|p2a: Kyurem|18/100|[from] Stealth Rock
|-ability|p2a: Kyurem|Pressure
|turn|16
|
|t:|1769440881
|move|p1a: Soul of Cinder|Sucker Punch|p2a: Kyurem
|-start|p1a: Soul of Cinder|typechange|Dark|[from] ability: Libero
|-crit|p2a: Kyurem
|-damage|p2a: Kyurem|0 fnt
|faint|p2a: Kyurem
|
|-weather|Snowscape|[upkeep]
|upkeep
|
|t:|1769440885
|switch|p2a: Frosmoth|Frosmoth, M|100/100
|turn|17
|
|t:|1769440887
|-terastallize|p2a: Frosmoth|Ground
|move|p1a: Soul of Cinder|Pyro Ball|p2a: Frosmoth
|-damage|p2a: Frosmoth|36/100
|move|p2a: Frosmoth|Quiver Dance|p2a: Frosmoth
|-boost|p2a: Frosmoth|spa|1
|-boost|p2a: Frosmoth|spd|1
|-boost|p2a: Frosmoth|spe|1
|
|-weather|Snowscape|[upkeep]
|upkeep
|turn|18
|
|t:|1769440894
|move|p1a: Soul of Cinder|Sucker Punch||[still]
|-fail|p1a: Soul of Cinder
|move|p2a: Frosmoth|Substitute|p2a: Frosmoth
|-start|p2a: Frosmoth|Substitute
|-damage|p2a: Frosmoth|11/100
|
|-weather|none
|upkeep
|turn|19
|
|t:|1769440897
|move|p2a: Frosmoth|Ice Beam|p1a: Soul of Cinder
|-damage|p1a: Soul of Cinder|1/100
|-status|p1a: Soul of Cinder|frz
|-curestatus|p1a: Soul of Cinder|frz|[from] move: Pyro Ball
|move|p1a: Soul of Cinder|Pyro Ball|p2a: Frosmoth|[miss]
|-miss|p1a: Soul of Cinder|p2a: Frosmoth
|
|upkeep
|turn|20
|
|t:|1769440905
|move|p1a: Soul of Cinder|Sucker Punch|p2a: Frosmoth
|-end|p2a: Frosmoth|Substitute
|move|p2a: Frosmoth|Ice Beam|p1a: Soul of Cinder
|-damage|p1a: Soul of Cinder|0 fnt
|faint|p1a: Soul of Cinder
|
|upkeep
|
|t:|1769440909
|switch|p1a: Ejac|Dragapult, F, shiny|100/100
|-damage|p1a: Ejac|88/100|[from] Spikes
|turn|21
|-message|ernozo forfeited.
|
|win|Leap Call
|raw|Leap Call's rating: 1491 &rarr; <strong>1509</strong><br />(+18 for winning)
|raw|ernozo's rating: 1463 &rarr; <strong>1445</strong><br />(-18 for losing)
|l|☆ernozo
|player|p2|
|l|☆Leap Call
|player|p1|
