|j|☆thepope9
|j|☆bballtjh123
|t:|1769321375
|gametype|singles
|player|p1|thepope9|benga|1322
|player|p2|bballtjh123|265|1257
|gen|9
|tier|[Gen 9] OU
|rated|
|rule|HP Percentage Mod: HP is shown in percentages
|rule|Endless Battle Clause: Forcing endless battles is banned
|rule|Species Clause: Limit one of each Pokémon
|rule|OHKO Clause: OHKO moves are banned
|rule|Evasion Items Clause: Evasion items are banned
|rule|Evasion Moves Clause: Evasion moves are banned
|rule|Evasion Abilities Clause: Evasion abilities are banned
|rule|Sleep Moves Clause: Sleep-inducing moves are banned
|clearpoke
|poke|p1|Malamar, F|
|poke|p1|Serperior, F|
|poke|p1|Enamorus, F|
|poke|p1|Ribombee, M|
|poke|p1|Iron Valiant|
|poke|p1|Cinderace, F|
|poke|p2|Kyurem|
|poke|p2|Slowking-Galar, M|
|poke|p2|Great Tusk|
|poke|p2|Rillaboom, F|
|poke|p2|Kingambit, F|
|poke|p2|Moltres|
|teampreview
|inactive|Battle timer is ON: inactive players will automatically lose when time's up. (requested by bballtjh123)
|
|t:|1769321391
|teamsize|p1|6
|teamsize|p2|6
|start
|switch|p1a: Iron Valiant|Iron Valiant|100/100
|switch|p2a: Great Tusk|Great Tusk|100/100
|-enditem|p1a: Iron Valiant|Booster Energy
|-activate|p1a: Iron Valiant|ability: Quark Drive|[fromitem]
|-start|p1a: Iron Valiant|quarkdrivespe
|turn|1
|
|t:|1769321411
|-end|p2a: Great Tusk|Protosynthesis|[silent]
|switch|p2a: Slowking|Slowking-Galar, M|100/100
|move|p1a: Iron Valiant|Liquidation|p2a: Slowking
|-damage|p2a: Slowking|68/100
|
|upkeep
|turn|2
|
|t:|1769321435
|move|p1a: Iron Valiant|Thunder Punch|p2a: Slowking
|-damage|p2a: Slowking|41/100
|move|p2a: Slowking|Thunder Wave|p1a: Iron Valiant
|-status|p1a: Iron Valiant|par
|
|upkeep
|turn|3
|
|t:|1769321445
|cant|p1a: Iron Valiant|par
|-prepare|p2a: Slowking|Chilly Reception|[premajor]
|move|p2a: Slowking|Chilly Reception|p2a: Slowking
|-weather|Snowscape
|inactive|bballtjh123 has 120 seconds left.
|
|t:|1769321482
|switch|p2a: Rillaboom|Rillaboom, F|100/100|[from] Chilly Reception
|-fieldstart|move: Grassy Terrain|[from] ability: Grassy Surge|[of] p2a: Rillaboom
|
|-weather|Snowscape|[upkeep]
|upkeep
|turn|4
|
|t:|1769321492
|cant|p1a: Iron Valiant|par
|move|p2a: Rillaboom|Wood Hammer|p1a: Iron Valiant
|-damage|p1a: Iron Valiant|0 fnt
|faint|p1a: Iron Valiant
|-end|p1a: Iron Valiant|Quark Drive|[silent]
|-damage|p2a: Rillaboom|72/100|[from] Recoil
|
|-weather|Snowscape|[upkeep]
|-heal|p2a: Rillaboom|79/100|[from] Grassy Terrain
|upkeep
|
|t:|1769321502
|switch|p1a: Ribombee|Ribombee, M|100/100
|turn|5
|
|t:|1769321510
|switch|p2a: Slowking|Slowking-Galar, M|74/100
|move|p1a: Ribombee|Sticky Web|p2a: Slowking
|-sidestart|p2: bballtjh123|move: Sticky Web
|
|-weather|Snowscape|[upkeep]
|-heal|p2a: Slowking|80/100|[from] Grassy Terrain
|upkeep
|turn|6
|inactive|bballtjh123 has 120 seconds left.
|
|t:|1769321532
|move|p1a: Ribombee|Bug Buzz|p2a: Slowking
|-damage|p2a: Slowking|57/100
|move|p2a: Slowking|Thunder Wave|p1a: Ribombee
|-status|p1a: Ribombee|par
|
|-weather|Snowscape|[upkeep]
|-heal|p2a: Slowking|63/100|[from] Grassy Terrain
|upkeep
|turn|7
|inactive|bballtjh123 has 120 seconds left.
|
|t:|1769321543
|move|p1a: Ribombee|Bug Buzz|p2a: Slowking
|-damage|p2a: Slowking|41/100
|-prepare|p2a: Slowking|Chilly Reception|[premajor]
|move|p2a: Slowking|Chilly Reception|p2a: Slowking
|inactive|bballtjh123 has 120 seconds left.
|
|t:|1769321556
|switch|p2a: Great Tusk|Great Tusk|100/100|[from] Chilly Reception
|
|-weather|none
|-fieldend|move: Grassy Terrain
|upkeep
|turn|8
|inactive|bballtjh123 has 120 seconds left.
|
|t:|1769321564
|move|p2a: Great Tusk|Rapid Spin|p1a: Ribombee
|-damage|p1a: Ribombee|64/100 par
|-boost|p2a: Great Tusk|spe|1
|-sideend|p2: bballtjh123|Sticky Web|[from] move: Rapid Spin|[of] p2a: Great Tusk
|move|p1a: Ribombee|Moonblast|p2a: Great Tusk
|-supereffective|p2a: Great Tusk
|-damage|p2a: Great Tusk|0 fnt
|faint|p2a: Great Tusk
|-end|p2a: Great Tusk|Protosynthesis|[silent]
|
|upkeep
|inactive|bballtjh123 has 120 seconds left.
|
|t:|1769321582
|switch|p2a: Kyurem|Kyurem, shiny|100/100
|-ability|p2a: Kyurem|Pressure
|turn|9
|
|t:|1769321596
|move|p2a: Kyurem|Ice Beam|p1a: Ribombee
|-damage|p1a: Ribombee|0 fnt
|faint|p1a: Ribombee
|
|upkeep
|
|t:|1769321618
|switch|p1a: Malamar|Malamar, F|100/100
|turn|10
|inactive|bballtjh123 has 120 seconds left.
|
|t:|1769321630
|-terastallize|p2a: Kyurem|Ice
|move|p2a: Kyurem|Ice Beam|p1a: Malamar
|-damage|p1a: Malamar|31/100
|move|p1a: Malamar|Superpower|p2a: Kyurem
|-supereffective|p2a: Kyurem
|-damage|p2a: Kyurem|54/100
|-boost|p1a: Malamar|atk|1
|-boost|p1a: Malamar|def|1
|
|-heal|p1a: Malamar|37/100|[from] item: Leftovers
|upkeep
|turn|11
|inactive|bballtjh123 has 120 seconds left.
|
|t:|1769321643
|move|p2a: Kyurem|Ice Beam|p1a: Malamar
|-damage|p1a: Malamar|0 fnt
|faint|p1a: Malamar
|
|upkeep
|
|t:|1769321655
|switch|p1a: Enamorus|Enamorus, F|100/100
|turn|12
|inactive|bballtjh123 has 120 seconds left.
|
|t:|1769321675
|switch|p2a: Kingambit|Kingambit, F|100/100
|-activate|p2a: Kingambit|ability: Supreme Overlord
|-start|p2a: Kingambit|fallen1|[silent]
|move|p1a: Enamorus|Superpower|p2a: Kingambit
|-supereffective|p2a: Kingambit
|-damage|p2a: Kingambit|0 fnt
|-boost|p1a: Enamorus|atk|1
|-boost|p1a: Enamorus|def|1
|faint|p2a: Kingambit
|-end|p2a: Kingambit|fallen1|[silent]
|
|upkeep
|inactive|bballtjh123 has 120 seconds left.
|
|t:|1769321697
|switch|p2a: Slowking|Slowking-Galar, M|74/100
|turn|13
|
|t:|1769321708
|move|p1a: Enamorus|Superpower|p2a: Slowking
|-resisted|p2a: Slowking
|-crit|p2a: Slowking
|-damage|p2a: Slowking|48/100
|-boost|p1a: Enamorus|atk|1
|-boost|p1a: Enamorus|def|1
|move|p2a: Slowking|Thunder Wave|p1a: Enamorus
|-status|p1a: Enamorus|par
|
|upkeep
|turn|14
|
|t:|1769321720
|move|p1a: Enamorus|Iron Head|p2a: Slowking
|-damage|p2a: Slowking|0 fnt
|faint|p2a: Slowking
|
|upkeep
|
|t:|1769321735
|switch|p2a: Kyurem|Kyurem, shiny, tera:Ice|54/100
|-ability|p2a: Kyurem|Pressure
|turn|15
|
|t:|1769321741
|move|p2a: Kyurem|Ice Beam|p1a: Enamorus
|-supereffective|p1a: Enamorus
|-damage|p1a: Enamorus|0 fnt
|faint|p1a: Enamorus
|
|upkeep
|
|t:|1769321754
|switch|p1a: Cinderace|Cinderace, F|100/100
|turn|16
|inactive|bballtjh123 has 120 seconds left.
|
|t:|1769321768
|switch|p2a: Moltres|Moltres|100/100
|move|p1a: Cinderace|Fire Punch|p2a: Moltres
|-resisted|p2a: Moltres
|-damage|p2a: Moltres|89/100
|
|upkeep
|turn|17
|inactive|bballtjh123 has 120 seconds left.
|
|t:|1769321788
|move|p1a: Cinderace|Facade|p2a: Moltres
|-start|p1a: Cinderace|typechange|Normal|[from] ability: Libero
|-damage|p2a: Moltres|67/100
|move|p2a: Moltres|Flamethrower|p1a: Cinderace
|-damage|p1a: Cinderace|45/100
|
|upkeep
|turn|18
|inactive|bballtjh123 has 120 seconds left.
|
|t:|1769321800
|move|p1a: Cinderace|Facade|p2a: Moltres
|-damage|p2a: Moltres|43/100
|move|p2a: Moltres|Roost|p2a: Moltres
|-heal|p2a: Moltres|93/100
|-singleturn|p2a: Moltres|move: Roost
|
|upkeep
|turn|19
|
|t:|1769321814
|move|p1a: Cinderace|Facade|p2a: Moltres
|-damage|p2a: Moltres|69/100
|move|p2a: Moltres|Flamethrower|p1a: Cinderace
|-damage|p1a: Cinderace|0 fnt
|faint|p1a: Cinderace
|
|upkeep
|
|t:|1769321822
|switch|p1a: Serperior|Serperior, F|100/100
|turn|20
|
|t:|1769321837
|-terastallize|p1a: Serperior|Grass
|move|p1a: Serperior|Leaf Storm|p2a: Moltres
|-resisted|p2a: Moltres
|-damage|p2a: Moltres|47/100
|-boost|p1a: Serperior|spa|2
|-damage|p1a: Serperior|91/100|[from] item: Life Orb
|move|p2a: Moltres|Flamethrower|p1a: Serperior
|-supereffective|p1a: Serperior
|-damage|p1a: Serperior|6/100
|
|upkeep
|turn|21
|
|t:|1769321852
|move|p1a: Serperior|Dragon Pulse|p2a: Moltres
|-damage|p2a: Moltres|0 fnt
|faint|p2a: Moltres
|-damage|p1a: Serperior|0 fnt|[from] item: Life Orb
|faint|p1a: Serperior
|
|win|bballtjh123
|raw|thepope9's rating: 1322 &rarr; <strong>1298</strong><br />(-24 for losing)
|raw|bballtjh123's rating: 1257 &rarr; <strong>1287</strong><br />(+30 for winning)
|l|☆bballtjh123
|player|p2|
