|j|☆GorLeon
|j|☆KING丶3266926956今余
|t:|1769343400
|gametype|singles
|player|p1|GorLeon|dragontamer|1288
|player|p2|KING丶3266926956今余|dawn|1267
|gen|9
|tier|[Gen 9] OU
|rated|
|rule|HP Percentage Mod: HP is shown in percentages
|rule|Endless Battle Clause: Forcing endless battles is banned
|rule|Species Clause: Limit one of each Pokémon
|rule|OHKO Clause: OHKO moves are banned
|rule|Evasion Items Clause: Evasion items are banned
|rule|Evasion Moves Clause: Evasion moves are banned
|rule|Evasion Abilities Clause: Evasion abilities are banned
|rule|Sleep Moves Clause: Sleep-inducing moves are banned
|clearpoke
|poke|p1|Slowking-Galar, F|
|poke|p1|Mandibuzz, F|
|poke|p1|Magnezone|
|poke|p1|Great Tusk|
|poke|p1|Rillaboom, F|
|poke|p1|Dragapult, M|
|poke|p2|Luxray, F|
|poke|p2|Noctowl, M|
|poke|p2|Alomomola, F|
|poke|p2|Meowstic, M|
|poke|p2|Incineroar, M|
|poke|p2|Meowscarada, F|
|teampreview
|inactive|Battle timer is ON: inactive players will automatically lose when time's up. (requested by GorLeon)
|inactive|KING丶3266926956今余 also wants the timer to be on.
|c|☆GorLeon|gl hf
|
|t:|1769343416
|teamsize|p1|6
|teamsize|p2|6
|start
|switch|p1a: Rillaboom|Rillaboom, F|100/100
|switch|p2a: Incineroar|Incineroar, M|100/100
|-fieldstart|move: Grassy Terrain|[from] ability: Grassy Surge|[of] p1a: Rillaboom
|-ability|p2a: Incineroar|Intimidate|boost
|-unboost|p1a: Rillaboom|atk|1
|turn|1
|
|t:|1769343425
|move|p1a: Rillaboom|U-turn|p2a: Incineroar
|-damage|p2a: Incineroar|82/100
|
|t:|1769343434
|switch|p1a: Great Tusk|Great Tusk|100/100|[from] U-turn
|move|p2a: Incineroar|Will-O-Wisp|p1a: Great Tusk
|-status|p1a: Great Tusk|brn
|
|-heal|p2a: Incineroar|88/100|[from] Grassy Terrain
|-damage|p1a: Great Tusk|94/100 brn|[from] brn
|upkeep
|turn|2
|
|t:|1769343446
|move|p1a: Great Tusk|Rapid Spin|p2a: Incineroar
|-damage|p2a: Incineroar|83/100
|-boost|p1a: Great Tusk|spe|1
|move|p2a: Incineroar|Parting Shot|p1a: Great Tusk
|-unboost|p1a: Great Tusk|atk|1
|-unboost|p1a: Great Tusk|spa|1
|
|t:|1769343456
|switch|p2a: Luxray|Luxray, F|100/100|[from] Parting Shot
|
|-heal|p1a: Great Tusk|100/100 brn|[from] Grassy Terrain
|-damage|p1a: Great Tusk|94/100 brn|[from] brn
|-status|p2a: Luxray|brn|[from] item: Flame Orb
|upkeep
|turn|3
|
|t:|1769343462
|switch|p2a: Incineroar|Incineroar, M|83/100
|-ability|p2a: Incineroar|Intimidate|boost
|-unboost|p1a: Great Tusk|atk|1
|move|p1a: Great Tusk|Headlong Rush|p2a: Incineroar
|-supereffective|p2a: Incineroar
|-damage|p2a: Incineroar|63/100
|-unboost|p1a: Great Tusk|def|1
|-unboost|p1a: Great Tusk|spd|1
|
|-heal|p1a: Great Tusk|100/100 brn|[from] Grassy Terrain
|-heal|p2a: Incineroar|69/100|[from] Grassy Terrain
|-damage|p1a: Great Tusk|94/100 brn|[from] brn
|upkeep
|turn|4
|
|t:|1769343476
|move|p1a: Great Tusk|Headlong Rush|p2a: Incineroar
|-supereffective|p2a: Incineroar
|-damage|p2a: Incineroar|48/100
|-unboost|p1a: Great Tusk|def|1
|-unboost|p1a: Great Tusk|spd|1
|move|p2a: Incineroar|Will-O-Wisp|p1a: Great Tusk
|-fail|p1a: Great Tusk|brn
|
|-heal|p1a: Great Tusk|100/100 brn|[from] Grassy Terrain
|-heal|p2a: Incineroar|55/100|[from] Grassy Terrain
|-damage|p1a: Great Tusk|94/100 brn|[from] brn
|upkeep
|turn|5
|
|t:|1769343489
|move|p1a: Great Tusk|Headlong Rush|p2a: Incineroar
|-supereffective|p2a: Incineroar
|-damage|p2a: Incineroar|36/100
|-unboost|p1a: Great Tusk|def|1
|-unboost|p1a: Great Tusk|spd|1
|move|p2a: Incineroar|Parting Shot|p1a: Great Tusk
|-unboost|p1a: Great Tusk|atk|1
|-unboost|p1a: Great Tusk|spa|1
|
|t:|1769343497
|switch|p2a: Alomomola|Alomomola, F|100/100|[from] Parting Shot
|
|-heal|p1a: Great Tusk|100/100 brn|[from] Grassy Terrain
|-damage|p1a: Great Tusk|94/100 brn|[from] brn
|-fieldend|move: Grassy Terrain
|upkeep
|turn|6
|
|t:|1769343505
|-end|p1a: Great Tusk|Protosynthesis|[silent]
|switch|p1a: Magnezone|Magnezone|100/100
|move|p2a: Alomomola|Wish|p2a: Alomomola
|
|upkeep
|turn|7
|
|t:|1769343518
|switch|p2a: Luxray|Luxray, F|100/100 brn
|move|p1a: Magnezone|Volt Switch|p2a: Luxray
|-resisted|p2a: Luxray
|-damage|p2a: Luxray|50/100 brn
|
|t:|1769343527
|switch|p1a: Dragapult|Dragapult, M|100/100|[from] Volt Switch
|
|-heal|p2a: Luxray|100/100 brn|[from] move: Wish|[wisher] Alomomola
|-damage|p2a: Luxray|95/100 brn|[from] brn
|upkeep
|turn|8
|
|t:|1769343536
|move|p1a: Dragapult|Dragon Darts|p2a: Luxray
|-damage|p2a: Luxray|34/100 brn
|-anim|p1a: Dragapult|Dragon Darts|p2a: Luxray
|-damage|p2a: Luxray|0 fnt
|faint|p2a: Luxray
|
|upkeep
|
|t:|1769343550
|switch|p2a: Alomomola|Alomomola, F|100/100
|turn|9
|
|t:|1769343555
|switch|p1a: Slowking|Slowking-Galar, F|100/100
|move|p2a: Alomomola|Flip Turn|p1a: Slowking
|-damage|p1a: Slowking|86/100
|
|t:|1769343562
|switch|p2a: Meowscarada|Meowscarada, F|100/100|[from] Flip Turn
|
|upkeep
|turn|10
|
|t:|1769343567
|switch|p1a: Great Tusk|Great Tusk|94/100 brn
|move|p2a: Meowscarada|U-turn|p1a: Great Tusk
|-start|p2a: Meowscarada|typechange|Bug|[from] ability: Protean
|-resisted|p1a: Great Tusk
|-damage|p1a: Great Tusk|83/100 brn
|
|t:|1769343576
|switch|p2a: Alomomola|Alomomola, F|100/100|[from] U-turn
|
|-heal|p1a: Great Tusk|89/100 brn|[from] item: Leftovers
|-damage|p1a: Great Tusk|83/100 brn|[from] brn
|upkeep
|turn|11
|
|t:|1769343588
|-end|p1a: Great Tusk|Protosynthesis|[silent]
|switch|p1a: Slowking|Slowking-Galar, F|100/100
|move|p2a: Alomomola|Wish|p2a: Alomomola
|
|upkeep
|turn|12
|
|t:|1769343595
|move|p1a: Slowking|Toxic|p2a: Alomomola
|-status|p2a: Alomomola|tox
|move|p2a: Alomomola|Flip Turn|p1a: Slowking
|-damage|p1a: Slowking|86/100
|
|t:|1769343601
|switch|p2a: Incineroar|Incineroar, M|36/100|[from] Flip Turn
|-ability|p2a: Incineroar|Intimidate|boost
|-unboost|p1a: Slowking|atk|1
|
|-heal|p2a: Incineroar|100/100|[from] move: Wish|[wisher] Alomomola
|upkeep
|turn|13
|
|t:|1769343606
|move|p2a: Incineroar|Knock Off|p1a: Slowking
|-supereffective|p1a: Slowking
|-damage|p1a: Slowking|17/100
|-enditem|p1a: Slowking|Heavy-Duty Boots|[from] move: Knock Off|[of] p2a: Incineroar
|-prepare|p1a: Slowking|Chilly Reception|[premajor]
|move|p1a: Slowking|Chilly Reception|p1a: Slowking
|-weather|Snowscape
|
|t:|1769343610
|switch|p1a: Dragapult|Dragapult, M|100/100|[from] Chilly Reception
|
|-weather|Snowscape|[upkeep]
|upkeep
|turn|14
|
|t:|1769343619
|move|p1a: Dragapult|U-turn|p2a: Incineroar
|-damage|p2a: Incineroar|71/100
|
|t:|1769343624
|switch|p1a: Great Tusk|Great Tusk|83/100 brn|[from] U-turn
|move|p2a: Incineroar|Will-O-Wisp|p1a: Great Tusk
|-fail|p1a: Great Tusk|brn
|
|-weather|Snowscape|[upkeep]
|-heal|p1a: Great Tusk|89/100 brn|[from] item: Leftovers
|-damage|p1a: Great Tusk|83/100 brn|[from] brn
|upkeep
|turn|15
|
|t:|1769343633
|move|p1a: Great Tusk|Headlong Rush|p2a: Incineroar
|-supereffective|p2a: Incineroar
|-damage|p2a: Incineroar|30/100
|-unboost|p1a: Great Tusk|def|1
|-unboost|p1a: Great Tusk|spd|1
|move|p2a: Incineroar|Parting Shot|p1a: Great Tusk
|-unboost|p1a: Great Tusk|atk|1
|-unboost|p1a: Great Tusk|spa|1
|
|t:|1769343638
|switch|p2a: Alomomola|Alomomola, F|100/100 tox|[from] Parting Shot
|
|-weather|Snowscape|[upkeep]
|-heal|p1a: Great Tusk|89/100 brn|[from] item: Leftovers
|-damage|p2a: Alomomola|94/100 tox|[from] psn
|-damage|p1a: Great Tusk|83/100 brn|[from] brn
|upkeep
|turn|16
|
|t:|1769343643
|-end|p1a: Great Tusk|Protosynthesis|[silent]
|switch|p1a: Slowking|Slowking-Galar, F|50/100
|move|p2a: Alomomola|Wish|p2a: Alomomola
|
|-weather|Snowscape|[upkeep]
|-damage|p2a: Alomomola|82/100 tox|[from] psn
|upkeep
|turn|17
|
|t:|1769343653
|move|p1a: Slowking|Sludge Bomb|p2a: Alomomola
|-damage|p2a: Alomomola|54/100 tox
|move|p2a: Alomomola|Flip Turn|p1a: Slowking
|-damage|p1a: Slowking|33/100
|
|t:|1769343660
|switch|p2a: Incineroar|Incineroar, M|30/100|[from] Flip Turn
|-ability|p2a: Incineroar|Intimidate|boost
|-unboost|p1a: Slowking|atk|1
|
|-weather|none
|-heal|p2a: Incineroar|98/100|[from] move: Wish|[wisher] Alomomola
|upkeep
|turn|18
|
|t:|1769343665
|switch|p1a: Great Tusk|Great Tusk|83/100 brn
|move|p2a: Incineroar|Knock Off|p1a: Great Tusk
|-resisted|p1a: Great Tusk
|-damage|p1a: Great Tusk|72/100 brn
|-enditem|p1a: Great Tusk|Leftovers|[from] move: Knock Off|[of] p2a: Incineroar
|
|-damage|p1a: Great Tusk|66/100 brn|[from] brn
|upkeep
|turn|19
|
|t:|1769343677
|switch|p2a: Alomomola|Alomomola, F|88/100 tox
|move|p1a: Great Tusk|Ice Spinner|p2a: Alomomola
|-resisted|p2a: Alomomola
|-damage|p2a: Alomomola|84/100 tox
|
|-damage|p2a: Alomomola|77/100 tox|[from] psn
|-damage|p1a: Great Tusk|60/100 brn|[from] brn
|upkeep
|turn|20
|
|t:|1769343688
|-end|p1a: Great Tusk|Protosynthesis|[silent]
|switch|p1a: Slowking|Slowking-Galar, F|67/100
|move|p2a: Alomomola|Flip Turn|p1a: Slowking
|-damage|p1a: Slowking|51/100
|
|t:|1769343693
|switch|p2a: Meowscarada|Meowscarada, F|100/100|[from] Flip Turn
|
|upkeep
|turn|21
|
|t:|1769343698
|switch|p1a: Great Tusk|Great Tusk|60/100 brn
|move|p2a: Meowscarada|U-turn|p1a: Great Tusk
|-start|p2a: Meowscarada|typechange|Bug|[from] ability: Protean
|-resisted|p1a: Great Tusk
|-damage|p1a: Great Tusk|47/100 brn
|
|t:|1769343707
|switch|p2a: Incineroar|Incineroar, M|98/100|[from] U-turn
|-ability|p2a: Incineroar|Intimidate|boost
|-unboost|p1a: Great Tusk|atk|1
|
|-damage|p1a: Great Tusk|41/100 brn|[from] brn
|upkeep
|turn|22
|
|t:|1769343719
|move|p1a: Great Tusk|Headlong Rush|p2a: Incineroar
|-supereffective|p2a: Incineroar
|-damage|p2a: Incineroar|74/100
|-unboost|p1a: Great Tusk|def|1
|-unboost|p1a: Great Tusk|spd|1
|move|p2a: Incineroar|Parting Shot|p1a: Great Tusk
|-unboost|p1a: Great Tusk|atk|1
|-unboost|p1a: Great Tusk|spa|1
|
|t:|1769343728
|switch|p2a: Alomomola|Alomomola, F|100/100 tox|[from] Parting Shot
|
|-damage|p2a: Alomomola|94/100 tox|[from] psn
|-damage|p1a: Great Tusk|35/100 brn|[from] brn
|upkeep
|turn|23
|
|t:|1769343732
|-end|p1a: Great Tusk|Protosynthesis|[silent]
|switch|p1a: Slowking|Slowking-Galar, F|85/100
|move|p2a: Alomomola|Flip Turn|p1a: Slowking
|-damage|p1a: Slowking|69/100
|
|t:|1769343756
|switch|p2a: Meowscarada|Meowscarada, F|100/100|[from] Flip Turn
|
|upkeep
|turn|24
|
|t:|1769343761
|switch|p1a: Great Tusk|Great Tusk|35/100 brn
|move|p2a: Meowscarada|U-turn|p1a: Great Tusk
|-start|p2a: Meowscarada|typechange|Bug|[from] ability: Protean
|-resisted|p1a: Great Tusk
|-damage|p1a: Great Tusk|22/100 brn
|
|t:|1769343770
|switch|p2a: Alomomola|Alomomola, F|100/100 tox|[from] U-turn
|
|-damage|p2a: Alomomola|94/100 tox|[from] psn
|-damage|p1a: Great Tusk|16/100 brn|[from] brn
|upkeep
|turn|25
|
|t:|1769343784
|move|p1a: Great Tusk|Headlong Rush|p2a: Alomomola
|-damage|p2a: Alomomola|77/100 tox
|-unboost|p1a: Great Tusk|def|1
|-unboost|p1a: Great Tusk|spd|1
|move|p2a: Alomomola|Flip Turn|p1a: Great Tusk
|-supereffective|p1a: Great Tusk
|-damage|p1a: Great Tusk|0 fnt
|faint|p1a: Great Tusk
|-end|p1a: Great Tusk|Protosynthesis|[silent]
|
|t:|1769343796
|switch|p2a: Meowscarada|Meowscarada, F|100/100|[from] Flip Turn
|
|upkeep
|
|t:|1769343820
|switch|p1a: Magnezone|Magnezone|100/100
|turn|26
|
|t:|1769343827
|move|p2a: Meowscarada|U-turn|p1a: Magnezone
|-start|p2a: Meowscarada|typechange|Bug|[from] ability: Protean
|-resisted|p1a: Magnezone
|-damage|p1a: Magnezone|76/100
|
|t:|1769343834
|switch|p2a: Incineroar|Incineroar, M|74/100|[from] U-turn
|-ability|p2a: Incineroar|Intimidate|boost
|-unboost|p1a: Magnezone|atk|1
|move|p1a: Magnezone|Volt Switch|p2a: Incineroar
|-damage|p2a: Incineroar|9/100
|
|t:|1769343845
|switch|p1a: Dragapult|Dragapult, M|100/100|[from] Volt Switch
|
|upkeep
|turn|27
|
|t:|1769343852
|switch|p2a: Alomomola|Alomomola, F|100/100 tox
|move|p1a: Dragapult|U-turn|p2a: Alomomola
|-damage|p2a: Alomomola|73/100 tox
|
|t:|1769343857
|switch|p1a: Rillaboom|Rillaboom, F|100/100|[from] U-turn
|-fieldstart|move: Grassy Terrain|[from] ability: Grassy Surge|[of] p1a: Rillaboom
|
|-heal|p2a: Alomomola|79/100 tox|[from] Grassy Terrain
|-damage|p2a: Alomomola|73/100 tox|[from] psn
|upkeep
|turn|28
|
|t:|1769343862
|-terastallize|p2a: Alomomola|Dragon
|move|p1a: Rillaboom|Wood Hammer|p2a: Alomomola
|-resisted|p2a: Alomomola
|-damage|p2a: Alomomola|28/100 tox
|-damage|p1a: Rillaboom|77/100|[from] Recoil
|move|p2a: Alomomola|Flip Turn|p1a: Rillaboom
|-resisted|p1a: Rillaboom
|-damage|p1a: Rillaboom|69/100
|
|t:|1769343872
|switch|p2a: Meowscarada|Meowscarada, F|100/100|[from] Flip Turn
|
|-heal|p1a: Rillaboom|75/100|[from] Grassy Terrain
|upkeep
|turn|29
|
|t:|1769343880
|switch|p1a: Magnezone|Magnezone|76/100
|move|p2a: Meowscarada|Triple Axel|p1a: Magnezone
|-start|p2a: Meowscarada|typechange|Ice|[from] ability: Protean
|-resisted|p1a: Magnezone
|-damage|p1a: Magnezone|69/100
|-resisted|p1a: Magnezone
|-damage|p1a: Magnezone|53/100
|-resisted|p1a: Magnezone
|-damage|p1a: Magnezone|30/100
|-hitcount|p1a: Magnezone|3
|
|-heal|p1a: Magnezone|36/100|[from] Grassy Terrain
|upkeep
|turn|30
|
|t:|1769343895
|move|p2a: Meowscarada|Triple Axel|p1a: Magnezone
|-resisted|p1a: Magnezone
|-damage|p1a: Magnezone|29/100
|-resisted|p1a: Magnezone
|-damage|p1a: Magnezone|14/100
|-resisted|p1a: Magnezone
|-damage|p1a: Magnezone|0 fnt
|faint|p1a: Magnezone
|-hitcount|p1: Magnezone|3
|
|upkeep
|
|t:|1769343905
|switch|p1a: Dragapult|Dragapult, M|100/100
|turn|31
|
|t:|1769343923
|switch|p2a: Noctowl|Noctowl, M|100/100
|move|p1a: Dragapult|Dragon Darts|p2a: Noctowl
|-damage|p2a: Noctowl|27/100
|-anim|p1a: Dragapult|Dragon Darts|p2a: Noctowl
|-damage|p2a: Noctowl|0 fnt
|faint|p2a: Noctowl
|
|-fieldend|move: Grassy Terrain
|upkeep
|
|t:|1769343935
|switch|p2a: Meowstic|Meowstic, M|100/100
|turn|32
|
|t:|1769343942
|switch|p1a: Mandibuzz|Mandibuzz, F|100/100
|move|p2a: Meowstic|Trick|p1a: Mandibuzz
|-hint|Since gen 7, Dark is immune to Prankster moves.
|-immune|p1a: Mandibuzz
|
|upkeep
|turn|33
|
|t:|1769343965
|switch|p2a: Alomomola|Alomomola, F, tera:Dragon|62/100 tox
|switch|p1a: Rillaboom|Rillaboom, F|75/100
|-fieldstart|move: Grassy Terrain|[from] ability: Grassy Surge|[of] p1a: Rillaboom
|
|-heal|p1a: Rillaboom|81/100|[from] Grassy Terrain
|-heal|p2a: Alomomola|68/100 tox|[from] Grassy Terrain
|-damage|p2a: Alomomola|62/100 tox|[from] psn
|upkeep
|turn|34
|
|t:|1769343977
|move|p1a: Rillaboom|Wood Hammer|p2a: Alomomola
|-resisted|p2a: Alomomola
|-damage|p2a: Alomomola|17/100 tox
|-damage|p1a: Rillaboom|58/100|[from] Recoil
|move|p2a: Alomomola|Flip Turn|p1a: Rillaboom
|-resisted|p1a: Rillaboom
|-damage|p1a: Rillaboom|49/100
|
|t:|1769343988
|switch|p2a: Meowscarada|Meowscarada, F|100/100|[from] Flip Turn
|
|-heal|p1a: Rillaboom|55/100|[from] Grassy Terrain
|upkeep
|turn|35
|
|t:|1769343995
|switch|p1a: Slowking|Slowking-Galar, F|100/100
|move|p2a: Meowscarada|Triple Axel|p1a: Slowking
|-start|p2a: Meowscarada|typechange|Ice|[from] ability: Protean
|-damage|p1a: Slowking|87/100
|-damage|p1a: Slowking|61/100
|-damage|p1a: Slowking|24/100
|-hitcount|p1a: Slowking|3
|
|-heal|p1a: Slowking|30/100|[from] Grassy Terrain
|upkeep
|turn|36
|
|t:|1769344008
|move|p2a: Meowscarada|Triple Axel|p1a: Slowking
|-damage|p1a: Slowking|18/100
|-damage|p1a: Slowking|0 fnt
|faint|p1a: Slowking
|-hitcount|p1: Slowking|2
|
|upkeep
|
|t:|1769344013
|switch|p1a: Dragapult|Dragapult, M|100/100
|turn|37
|
|t:|1769344020
|switch|p2a: Meowstic|Meowstic, M|100/100
|move|p1a: Dragapult|Dragon Darts|p2a: Meowstic
|-damage|p2a: Meowstic|52/100
|-anim|p1a: Dragapult|Dragon Darts|p2a: Meowstic
|-damage|p2a: Meowstic|0 fnt
|faint|p2a: Meowstic
|
|-fieldend|move: Grassy Terrain
|upkeep
|
|t:|1769344032
|switch|p2a: Meowscarada|Meowscarada, F|100/100
|turn|38
|
|t:|1769344037
|switch|p1a: Mandibuzz|Mandibuzz, F|100/100
|move|p2a: Meowscarada|Sucker Punch||[still]
|-fail|p2a: Meowscarada
|
|upkeep
|turn|39
|
|t:|1769344045
|switch|p2a: Incineroar|Incineroar, M|9/100
|-ability|p2a: Incineroar|Intimidate|boost
|-unboost|p1a: Mandibuzz|atk|1
|switch|p1a: Rillaboom|Rillaboom, F|55/100
|-fieldstart|move: Grassy Terrain|[from] ability: Grassy Surge|[of] p1a: Rillaboom
|
|-heal|p1a: Rillaboom|61/100|[from] Grassy Terrain
|-heal|p2a: Incineroar|15/100|[from] Grassy Terrain
|upkeep
|turn|40
|
|t:|1769344055
|move|p1a: Rillaboom|U-turn|p2a: Incineroar
|-damage|p2a: Incineroar|0 fnt
|faint|p2a: Incineroar
|
|t:|1769344061
|switch|p1a: Dragapult|Dragapult, M|100/100|[from] U-turn
|
|upkeep
|
|t:|1769344066
|switch|p2a: Meowscarada|Meowscarada, F|100/100
|turn|41
|
|t:|1769344095
|switch|p1a: Mandibuzz|Mandibuzz, F|100/100
|switch|p2a: Alomomola|Alomomola, F, tera:Dragon|50/100 tox
|
|-heal|p2a: Alomomola|56/100 tox|[from] Grassy Terrain
|-damage|p2a: Alomomola|50/100 tox|[from] psn
|upkeep
|turn|42
|
|t:|1769344116
|move|p1a: Mandibuzz|Iron Defense|p1a: Mandibuzz
|-boost|p1a: Mandibuzz|def|2
|move|p2a: Alomomola|Flip Turn|p1a: Mandibuzz
|-damage|p1a: Mandibuzz|96/100
|
|t:|1769344121
|switch|p2a: Meowscarada|Meowscarada, F|100/100|[from] Flip Turn
|
|upkeep
|turn|43
|c|☆KING丶3266926956今余|？？？
|inactive|KING丶3266926956今余 has 120 seconds left.
|
|t:|1769344162
|move|p2a: Meowscarada|Triple Axel|p1a: Mandibuzz
|-start|p2a: Meowscarada|typechange|Ice|[from] ability: Protean
|-supereffective|p1a: Mandibuzz
|-damage|p1a: Mandibuzz|88/100
|-supereffective|p1a: Mandibuzz
|-damage|p1a: Mandibuzz|72/100
|-supereffective|p1a: Mandibuzz
|-damage|p1a: Mandibuzz|48/100
|-hitcount|p1a: Mandibuzz|3
|move|p1a: Mandibuzz|Foul Play|p2a: Meowscarada
|-damage|p2a: Meowscarada|29/100
|
|-heal|p2a: Meowscarada|35/100|[from] Grassy Terrain
|-fieldend|move: Grassy Terrain
|upkeep
|turn|44
|
|t:|1769344183
|move|p2a: Meowscarada|Triple Axel|p1a: Mandibuzz
|-supereffective|p1a: Mandibuzz
|-damage|p1a: Mandibuzz|40/100
|-supereffective|p1a: Mandibuzz
|-damage|p1a: Mandibuzz|24/100
|-supereffective|p1a: Mandibuzz
|-crit|p1a: Mandibuzz
|-damage|p1a: Mandibuzz|0 fnt
|faint|p1a: Mandibuzz
|-hitcount|p1: Mandibuzz|3
|
|upkeep
|
|t:|1769344191
|switch|p1a: Dragapult|Dragapult, M|100/100
|turn|45
|
|t:|1769344197
|switch|p2a: Alomomola|Alomomola, F, tera:Dragon|83/100 tox
|move|p1a: Dragapult|Dragon Darts|p2a: Alomomola
|-supereffective|p2a: Alomomola
|-damage|p2a: Alomomola|28/100 tox
|-anim|p1a: Dragapult|Dragon Darts|p2a: Alomomola
|-supereffective|p2a: Alomomola
|-damage|p2a: Alomomola|0 fnt
|faint|p2a: Alomomola
|
|upkeep
|
|t:|1769344204
|switch|p2a: Meowscarada|Meowscarada, F|35/100
|turn|46
|
|t:|1769344215
|move|p1a: Dragapult|Dragon Darts|p2a: Meowscarada
|-damage|p2a: Meowscarada|0 fnt
|faint|p2a: Meowscarada
|
|win|GorLeon
|raw|GorLeon's rating: 1288 &rarr; <strong>1311</strong><br />(+23 for winning)
|raw|KING丶3266926956今余's rating: 1267 &rarr; <strong>1244</strong><br />(-23 for losing)
|c|☆GorLeon|gg
|c|☆KING丶3266926956今余|gg
