|j|☆xhwqqq
|j|☆Bossun267
|t:|1769334979
|gametype|singles
|player|p1|xhwqqq|170|1161
|player|p2|Bossun267|boarder|1131
|gen|9
|tier|[Gen 9] OU
|rated|
|rule|HP Percentage Mod: HP is shown in percentages
|rule|Endless Battle Clause: Forcing endless battles is banned
|rule|Species Clause: Limit one of each Pokémon
|rule|OHKO Clause: OHKO moves are banned
|rule|Evasion Items Clause: Evasion items are banned
|rule|Evasion Moves Clause: Evasion moves are banned
|rule|Evasion Abilities Clause: Evasion abilities are banned
|rule|Sleep Moves Clause: Sleep-inducing moves are banned
|clearpoke
|poke|p1|Walking Wake|
|poke|p1|Pelipper, F|
|poke|p1|Kingdra, F|
|poke|p1|Toxapex, M|
|poke|p1|Beartic, F|
|poke|p1|Torterra, F|
|poke|p2|Ceruledge, M|
|poke|p2|Ogerpon-Wellspring, F|
|poke|p2|Rotom-Wash|
|poke|p2|Dragonite, M|
|poke|p2|Gholdengo|
|poke|p2|Great Tusk|
|teampreview
|inactive|Battle timer is ON: inactive players will automatically lose when time's up. (requested by Bossun267)
|inactive|xhwqqq also wants the timer to be on.
|
|t:|1769334994
|teamsize|p1|6
|teamsize|p2|6
|start
|switch|p1a: Pelipper|Pelipper, F|100/100
|switch|p2a: Great Tusk|Great Tusk, shiny|100/100
|-weather|RainDance|[from] ability: Drizzle|[of] p1a: Pelipper
|-enditem|p2a: Great Tusk|Booster Energy
|-activate|p2a: Great Tusk|ability: Protosynthesis|[fromitem]
|-start|p2a: Great Tusk|protosynthesisatk
|turn|1
|
|t:|1769335017
|move|p1a: Pelipper|Hurricane|p2a: Great Tusk
|-supereffective|p2a: Great Tusk
|-damage|p2a: Great Tusk|0 fnt
|faint|p2a: Great Tusk
|-end|p2a: Great Tusk|Protosynthesis|[silent]
|
|-weather|RainDance|[upkeep]
|upkeep
|
|t:|1769335022
|switch|p2a: Ogerpon|Ogerpon-Wellspring, F|100/100
|turn|2
|
|t:|1769335026
|move|p1a: Pelipper|Hurricane|p2a: Ogerpon
|-supereffective|p2a: Ogerpon
|-damage|p2a: Ogerpon|0 fnt
|faint|p2a: Ogerpon
|
|-weather|RainDance|[upkeep]
|upkeep
|
|t:|1769335031
|switch|p2a: Rotom|Rotom-Wash|100/100
|turn|3
|
|t:|1769335035
|switch|p1a: Torterra|Torterra, F|100/100
|move|p2a: Rotom|Volt Switch|p1a: Torterra
|-immune|p1a: Torterra
|
|-weather|RainDance|[upkeep]
|upkeep
|turn|4
|
|t:|1769335042
|-terastallize|p1a: Torterra|Grass
|move|p1a: Torterra|Shell Smash|p1a: Torterra
|-unboost|p1a: Torterra|def|1
|-unboost|p1a: Torterra|spd|1
|-boost|p1a: Torterra|atk|2
|-boost|p1a: Torterra|spa|2
|-boost|p1a: Torterra|spe|2
|-enditem|p1a: Torterra|White Herb
|-clearnegativeboost|p1a: Torterra|[silent]
|move|p2a: Rotom|Hydro Pump|p1a: Torterra
|-resisted|p1a: Torterra
|-damage|p1a: Torterra|64/100
|
|-weather|RainDance|[upkeep]
|upkeep
|turn|5
|
|t:|1769335056
|move|p1a: Torterra|Seed Bomb|p2a: Rotom
|-supereffective|p2a: Rotom
|-damage|p2a: Rotom|0 fnt
|faint|p2a: Rotom
|
|-weather|none
|upkeep
|
|t:|1769335062
|switch|p2a: Ceruledge|Ceruledge, M, shiny|100/100
|turn|6
|
|t:|1769335065
|move|p1a: Torterra|Rock Blast|p2a: Ceruledge
|-supereffective|p2a: Ceruledge
|-damage|p2a: Ceruledge|51/100
|-ability|p2a: Ceruledge|Weak Armor|boost
|-unboost|p2a: Ceruledge|def|1
|-boost|p2a: Ceruledge|spe|2
|-supereffective|p2a: Ceruledge
|-damage|p2a: Ceruledge|0 fnt
|faint|p2a: Ceruledge
|-hitcount|p2: Ceruledge|2
|
|upkeep
|
|t:|1769335074
|switch|p2a: Gholdengo|Gholdengo|100/100
|turn|7
|
|t:|1769335078
|move|p1a: Torterra|Earthquake|p2a: Gholdengo
|-supereffective|p2a: Gholdengo
|-damage|p2a: Gholdengo|0 fnt
|faint|p2a: Gholdengo
|
|upkeep
|
|t:|1769335082
|switch|p2a: Dragonite|Dragonite, M|100/100
|turn|8
|
|t:|1769335085
|move|p1a: Torterra|Rock Blast|p2a: Dragonite|[miss]
|-miss|p1a: Torterra|p2a: Dragonite
|move|p2a: Dragonite|Dragon Dance|p2a: Dragonite
|-boost|p2a: Dragonite|atk|1
|-boost|p2a: Dragonite|spe|1
|
|upkeep
|turn|9
|
|t:|1769335091
|move|p1a: Torterra|Rock Blast|p2a: Dragonite
|-supereffective|p2a: Dragonite
|-crit|p2a: Dragonite
|-damage|p2a: Dragonite|46/100
|-supereffective|p2a: Dragonite
|-damage|p2a: Dragonite|6/100
|-supereffective|p2a: Dragonite
|-damage|p2a: Dragonite|0 fnt
|faint|p2a: Dragonite
|-hitcount|p2: Dragonite|3
|
|win|xhwqqq
|raw|xhwqqq's rating: 1161 &rarr; <strong>1184</strong><br />(+23 for winning)
|raw|Bossun267's rating: 1131 &rarr; <strong>1108</strong><br />(-23 for losing)
|l|☆Bossun267
|player|p2|
|l|☆xhwqqq
|player|p1|
