|j|☆McGibbletz
|j|☆ladderingwithpgonz
|t:|1769376707
|gametype|singles
|player|p1|McGibbletz|janitor|1261
|player|p2|ladderingwithpgonz|265|1303
|gen|9
|tier|[Gen 9] OU
|rated|
|rule|HP Percentage Mod: HP is shown in percentages
|rule|Endless Battle Clause: Forcing endless battles is banned
|rule|Species Clause: Limit one of each Pokémon
|rule|OHKO Clause: OHKO moves are banned
|rule|Evasion Items Clause: Evasion items are banned
|rule|Evasion Moves Clause: Evasion moves are banned
|rule|Evasion Abilities Clause: Evasion abilities are banned
|rule|Sleep Moves Clause: Sleep-inducing moves are banned
|clearpoke
|poke|p1|Tinkaton, F|
|poke|p1|Ogerpon-Wellspring, F|
|poke|p1|Moltres|
|poke|p1|Garganacl, F|
|poke|p1|Conkeldurr, M|
|poke|p1|Ditto|
|poke|p2|Landorus-Therian, M|
|poke|p2|Meowscarada, M|
|poke|p2|Iron Treads|
|poke|p2|Gholdengo|
|poke|p2|Raging Bolt|
|poke|p2|Dragonite, F|
|teampreview
|
|t:|1769376743
|teamsize|p1|6
|teamsize|p2|6
|start
|switch|p1a: Garganacl|Garganacl, F|100/100
|switch|p2a: Landorus|Landorus-Therian, M, shiny|100/100
|-ability|p2a: Landorus|Intimidate|boost
|-unboost|p1a: Garganacl|atk|1
|turn|1
|
|t:|1769376752
|move|p2a: Landorus|Taunt|p1a: Garganacl
|-start|p1a: Garganacl|move: Taunt
|move|p1a: Garganacl|Avalanche|p2a: Landorus
|-supereffective|p2a: Landorus
|-damage|p2a: Landorus|66/100
|-damage|p1a: Garganacl|84/100|[from] item: Rocky Helmet|[of] p2a: Landorus
|
|upkeep
|turn|2
|
|t:|1769376761
|move|p2a: Landorus|Stealth Rock|p1a: Garganacl
|-sidestart|p1: McGibbletz|move: Stealth Rock
|move|p1a: Garganacl|Salt Cure|p2a: Landorus
|-damage|p2a: Landorus|57/100
|-start|p2a: Landorus|Salt Cure
|
|-damage|p2a: Landorus|45/100|[from] Salt Cure
|upkeep
|turn|3
|
|t:|1769376772
|switch|p2a: Gholdengo|Gholdengo, shiny|100/100
|move|p1a: Garganacl|Avalanche|p2a: Gholdengo
|-resisted|p2a: Gholdengo
|-damage|p2a: Gholdengo|95/100
|
|-end|p1a: Garganacl|move: Taunt
|upkeep
|turn|4
|
|t:|1769376782
|move|p2a: Gholdengo|Trick|p1a: Garganacl
|-activate|p2a: Gholdengo|move: Trick|[of] p1a: Garganacl
|-item|p1a: Garganacl|Choice Scarf|[from] move: Trick
|-item|p2a: Gholdengo|Rocky Helmet|[from] move: Trick
|move|p1a: Garganacl|Stealth Rock|p2a: Gholdengo
|-sidestart|p2: ladderingwithpgonz|move: Stealth Rock
|
|upkeep
|turn|5
|
|t:|1769376795
|switch|p1a: Moltres|Moltres|100/100
|move|p2a: Gholdengo|Make It Rain|p1a: Moltres
|-resisted|p1a: Moltres
|-damage|p1a: Moltres|78/100
|-unboost|p2a: Gholdengo|spa|1
|
|upkeep
|turn|6
|
|t:|1769376812
|switch|p2a: Raging Bolt|Raging Bolt|100/100
|move|p1a: Moltres|Scorching Sands|p2a: Raging Bolt
|-supereffective|p2a: Raging Bolt
|-damage|p2a: Raging Bolt|65/100
|-status|p2a: Raging Bolt|brn
|
|-damage|p2a: Raging Bolt|59/100 brn|[from] brn
|upkeep
|turn|7
|
|t:|1769376822
|switch|p1a: Tinkaton|Tinkaton, F, shiny|100/100
|-damage|p1a: Tinkaton|94/100|[from] Stealth Rock
|-ability|p1a: Tinkaton|Mold Breaker
|move|p2a: Raging Bolt|Volt Switch|p1a: Tinkaton
|-damage|p1a: Tinkaton|65/100
|
|t:|1769376831
|-end|p2a: Raging Bolt|Protosynthesis|[silent]
|switch|p2a: Iron Treads|Iron Treads|100/100|[from] Volt Switch
|-damage|p2a: Iron Treads|97/100|[from] Stealth Rock
|
|-heal|p2a: Iron Treads|100/100|[from] item: Leftovers
|upkeep
|turn|8
|
|t:|1769376843
|move|p1a: Tinkaton|Fake Out|p2a: Iron Treads
|-resisted|p2a: Iron Treads
|-damage|p2a: Iron Treads|97/100
|cant|p2a: Iron Treads|flinch
|
|-heal|p2a: Iron Treads|100/100|[from] item: Leftovers
|upkeep
|turn|9
|
|t:|1769376851
|-terastallize|p1a: Tinkaton|Fairy
|move|p2a: Iron Treads|Earthquake|p1a: Tinkaton
|-damage|p1a: Tinkaton|11/100
|move|p1a: Tinkaton|Knock Off|p2a: Iron Treads
|-damage|p2a: Iron Treads|84/100
|-enditem|p2a: Iron Treads|Leftovers|[from] move: Knock Off|[of] p1a: Tinkaton
|
|upkeep
|turn|10
|
|t:|1769376862
|move|p2a: Iron Treads|Rapid Spin|p1a: Tinkaton
|-damage|p1a: Tinkaton|0 fnt
|-boost|p2a: Iron Treads|spe|1
|-sideend|p2: ladderingwithpgonz|Stealth Rock|[from] move: Rapid Spin|[of] p2a: Iron Treads
|faint|p1a: Tinkaton
|
|upkeep
|
|t:|1769376868
|switch|p1a: Ditto|Ditto, shiny|100/100
|-damage|p1a: Ditto|88/100|[from] Stealth Rock
|-transform|p1a: Ditto|p2a: Iron Treads|[from] ability: Imposter
|turn|11
|
|t:|1769376878
|-end|p2a: Iron Treads|Quark Drive|[silent]
|switch|p2a: Landorus|Landorus-Therian, M, shiny|45/100
|-ability|p2a: Landorus|Intimidate|boost
|-unboost|p1a: Ditto|atk|1
|move|p1a: Ditto|Rapid Spin|p2a: Landorus
|-damage|p2a: Landorus|37/100
|-boost|p1a: Ditto|spe|1
|-damage|p1a: Ditto|71/100|[from] item: Rocky Helmet|[of] p2a: Landorus
|-sideend|p1: McGibbletz|Stealth Rock|[from] move: Rapid Spin|[of] p1a: Ditto
|
|upkeep
|turn|12
|
|t:|1769376890
|-end|p1a: Ditto|Quark Drive|[silent]
|switch|p1a: Ogerpon|Ogerpon-Wellspring, F|100/100
|-terastallize|p2a: Landorus|Ghost
|move|p2a: Landorus|Stealth Rock|p1a: Ogerpon
|-sidestart|p1: McGibbletz|move: Stealth Rock
|
|upkeep
|turn|13
|
|t:|1769376899
|switch|p2a: Meowscarada|Meowscarada, M, shiny|100/100
|move|p1a: Ogerpon|Knock Off|p2a: Meowscarada
|-resisted|p2a: Meowscarada
|-damage|p2a: Meowscarada|72/100
|-enditem|p2a: Meowscarada|Heavy-Duty Boots|[from] move: Knock Off|[of] p1a: Ogerpon
|
|upkeep
|turn|14
|
|t:|1769376911
|switch|p1a: Conkeldurr|Conkeldurr, M|100/100
|-damage|p1a: Conkeldurr|94/100|[from] Stealth Rock
|move|p2a: Meowscarada|Knock Off|p1a: Conkeldurr
|-start|p2a: Meowscarada|typechange|Dark|[from] ability: Protean
|-resisted|p1a: Conkeldurr
|-damage|p1a: Conkeldurr|74/100
|-enditem|p1a: Conkeldurr|Flame Orb|[from] move: Knock Off|[of] p2a: Meowscarada
|
|upkeep
|turn|15
|
|t:|1769376926
|switch|p2a: Landorus|Landorus-Therian, M, shiny, tera:Ghost|37/100
|-ability|p2a: Landorus|Intimidate|boost
|-unboost|p1a: Conkeldurr|atk|1
|move|p1a: Conkeldurr|Mach Punch|p2a: Landorus
|-immune|p2a: Landorus
|
|upkeep
|turn|16
|
|t:|1769376938
|switch|p1a: Ogerpon|Ogerpon-Wellspring, F|100/100
|-damage|p1a: Ogerpon|88/100|[from] Stealth Rock
|move|p2a: Landorus|U-turn|p1a: Ogerpon
|-supereffective|p1a: Ogerpon
|-damage|p1a: Ogerpon|40/100
|
|t:|1769376948
|switch|p2a: Meowscarada|Meowscarada, M, shiny|72/100|[from] U-turn
|
|upkeep
|turn|17
|
|t:|1769376953
|switch|p1a: Moltres|Moltres|78/100
|move|p2a: Meowscarada|Flower Trick|p1a: Moltres
|-start|p2a: Meowscarada|typechange|Grass|[from] ability: Protean
|-resisted|p1a: Moltres
|-crit|p1a: Moltres
|-damage|p1a: Moltres|65/100
|
|upkeep
|turn|18
|
|t:|1769376965
|switch|p2a: Raging Bolt|Raging Bolt|59/100 brn
|move|p1a: Moltres|Flamethrower|p2a: Raging Bolt
|-resisted|p2a: Raging Bolt
|-damage|p2a: Raging Bolt|42/100 brn
|
|-damage|p2a: Raging Bolt|36/100 brn|[from] brn
|upkeep
|turn|19
|
|t:|1769376976
|switch|p1a: Ditto|Ditto, shiny|71/100
|-damage|p1a: Ditto|59/100|[from] Stealth Rock
|-transform|p1a: Ditto|p2a: Raging Bolt|[from] ability: Imposter
|move|p2a: Raging Bolt|Volt Switch|p1a: Ditto
|-resisted|p1a: Ditto
|-damage|p1a: Ditto|45/100
|
|t:|1769376985
|-end|p2a: Raging Bolt|Protosynthesis|[silent]
|switch|p2a: Iron Treads|Iron Treads|84/100|[from] Volt Switch
|
|upkeep
|turn|20
|
|t:|1769376998
|-end|p1a: Ditto|Protosynthesis|[silent]
|switch|p1a: Moltres|Moltres|65/100
|move|p2a: Iron Treads|Knock Off|p1a: Moltres
|-crit|p1a: Moltres
|-damage|p1a: Moltres|28/100
|-enditem|p1a: Moltres|Heavy-Duty Boots|[from] move: Knock Off|[of] p2a: Iron Treads
|
|upkeep
|turn|21
|
|t:|1769377013
|move|p2a: Iron Treads|Ice Spinner|p1a: Moltres
|-damage|p1a: Moltres|9/100
|move|p1a: Moltres|Flamethrower|p2a: Iron Treads
|-supereffective|p2a: Iron Treads
|-damage|p2a: Iron Treads|0 fnt
|faint|p2a: Iron Treads
|-end|p2a: Iron Treads|Quark Drive|[silent]
|
|upkeep
|
|t:|1769377018
|switch|p2a: Meowscarada|Meowscarada, M, shiny|72/100
|turn|22
|
|t:|1769377024
|move|p2a: Meowscarada|Flower Trick|p1a: Moltres
|-start|p2a: Meowscarada|typechange|Grass|[from] ability: Protean
|-resisted|p1a: Moltres
|-crit|p1a: Moltres
|-damage|p1a: Moltres|0 fnt
|faint|p1a: Moltres
|
|upkeep
|
|t:|1769377049
|switch|p1a: Ditto|Ditto, shiny|45/100
|-damage|p1a: Ditto|33/100|[from] Stealth Rock
|-transform|p1a: Ditto|p2a: Meowscarada|[from] ability: Imposter
|turn|23
|inactive|Battle timer is ON: inactive players will automatically lose when time's up. (requested by ladderingwithpgonz)
|
|t:|1769377057
|switch|p2a: Landorus|Landorus-Therian, M, shiny, tera:Ghost|37/100
|-ability|p2a: Landorus|Intimidate|boost
|-unboost|p1a: Ditto|atk|1
|move|p1a: Ditto|U-turn|p2a: Landorus
|-start|p1a: Ditto|typechange|Bug|[from] ability: Protean
|-resisted|p2a: Landorus
|-damage|p2a: Landorus|27/100
|-damage|p1a: Ditto|16/100|[from] item: Rocky Helmet|[of] p2a: Landorus
|l|☆ladderingwithpgonz
|inactive|ladderingwithpgonz disconnected and has a minute to reconnect!
|player|p2|
|
|t:|1769377070
|switch|p1a: Ogerpon|Ogerpon-Wellspring, F|40/100|[from] U-turn
|-damage|p1a: Ogerpon|28/100|[from] Stealth Rock
|
|upkeep
|turn|24
|j|☆ladderingwithpgonz
|inactive|ladderingwithpgonz reconnected and has 135 seconds left.
|player|p2|ladderingwithpgonz|265|
|inactive|ladderingwithpgonz has 120 seconds left.
|
|t:|1769377109
|switch|p2a: Raging Bolt|Raging Bolt|36/100 brn
|move|p1a: Ogerpon|Horn Leech|p2a: Raging Bolt
|-resisted|p2a: Raging Bolt
|-damage|p2a: Raging Bolt|16/100 brn
|-heal|p1a: Ogerpon|42/100|[from] drain|[of] p2a: Raging Bolt
|
|-damage|p2a: Raging Bolt|10/100 brn|[from] brn
|upkeep
|turn|25
|
|t:|1769377121
|move|p2a: Raging Bolt|Thunderclap|p1a: Ogerpon
|-damage|p1a: Ogerpon|0 fnt
|faint|p1a: Ogerpon
|
|-damage|p2a: Raging Bolt|4/100 brn|[from] brn
|upkeep
|
|t:|1769377131
|switch|p1a: Ditto|Ditto, shiny|16/100
|-damage|p1a: Ditto|4/100|[from] Stealth Rock
|-transform|p1a: Ditto|p2a: Raging Bolt|[from] ability: Imposter
|turn|26
|
|t:|1769377140
|move|p1a: Ditto|Thunderbolt|p2a: Raging Bolt
|-resisted|p2a: Raging Bolt
|-damage|p2a: Raging Bolt|0 fnt
|faint|p2a: Raging Bolt
|-end|p2a: Raging Bolt|Protosynthesis|[silent]
|
|upkeep
|
|t:|1769377149
|switch|p2a: Meowscarada|Meowscarada, M, shiny|72/100
|turn|27
|
|t:|1769377160
|move|p2a: Meowscarada|Spikes|p1a: Ditto
|-start|p2a: Meowscarada|typechange|Ground|[from] ability: Protean
|-sidestart|p1: McGibbletz|Spikes
|move|p1a: Ditto|Thunderbolt|p2a: Meowscarada
|-immune|p2a: Meowscarada
|
|upkeep
|turn|28
|inactive|ladderingwithpgonz has 120 seconds left.
|
|t:|1769377214
|move|p2a: Meowscarada|Spikes|p1a: Ditto
|-sidestart|p1: McGibbletz|Spikes
|move|p1a: Ditto|Thunderbolt|p2a: Meowscarada
|-immune|p2a: Meowscarada
|
|upkeep
|turn|29
|-message|McGibbletz forfeited.
|
|win|ladderingwithpgonz
|raw|McGibbletz's rating: 1261 &rarr; <strong>1239</strong><br />(-22 for losing)
|raw|ladderingwithpgonz's rating: 1303 &rarr; <strong>1321</strong><br />(+18 for winning)
|l|☆McGibbletz
|player|p1|
