|j|☆OP Sand
|j|☆apple_tonks
|t:|1769406729
|gametype|singles
|player|p1|OP Sand|giovanni-masters|1674
|player|p2|apple_tonks|ethan|1735
|gen|9
|tier|[Gen 9] OU
|rated|
|rule|HP Percentage Mod: HP is shown in percentages
|rule|Endless Battle Clause: Forcing endless battles is banned
|rule|Species Clause: Limit one of each Pokémon
|rule|OHKO Clause: OHKO moves are banned
|rule|Evasion Items Clause: Evasion items are banned
|rule|Evasion Moves Clause: Evasion moves are banned
|rule|Evasion Abilities Clause: Evasion abilities are banned
|rule|Sleep Moves Clause: Sleep-inducing moves are banned
|clearpoke
|poke|p1|Excadrill, M|
|poke|p1|Tyranitar, M|
|poke|p1|Kyurem|
|poke|p1|Hawlucha, M|
|poke|p1|Pawmot, F|
|poke|p1|Greninja-*, F|
|poke|p2|Alomomola, F|
|poke|p2|Dragapult, M|
|poke|p2|Cinderace, M|
|poke|p2|Kyurem|
|poke|p2|Goodra-Hisui, F|
|poke|p2|Landorus-Therian, M|
|teampreview
|inactive|Battle timer is ON: inactive players will automatically lose when time's up. (requested by OP Sand)
|
|t:|1769406739
|teamsize|p1|6
|teamsize|p2|6
|start
|switch|p1a: Frieza|Kyurem, shiny|100/100
|switch|p2a: Landorus|Landorus-Therian, M|100/100
|-ability|p2a: Landorus|Intimidate|boost
|-unboost|p1a: Frieza|atk|1
|-ability|p1a: Frieza|Pressure
|turn|1
|
|t:|1769406744
|switch|p2a: Goodra|Goodra-Hisui, F|100/100
|move|p1a: Frieza|Earth Power|p2a: Goodra
|-supereffective|p2a: Goodra
|-damage|p2a: Goodra|66/100
|
|upkeep
|turn|2
|
|t:|1769406757
|switch|p1a: Shukaku|Tyranitar, M, shiny|100/100
|-weather|Sandstorm|[from] ability: Sand Stream|[of] p1a: Shukaku
|switch|p2a: Landorus|Landorus-Therian, M|100/100
|-ability|p2a: Landorus|Intimidate|boost
|-unboost|p1a: Shukaku|atk|1
|
|-weather|Sandstorm|[upkeep]
|upkeep
|turn|3
|
|t:|1769406760
|move|p2a: Landorus|U-turn|p1a: Shukaku
|-supereffective|p1a: Shukaku
|-damage|p1a: Shukaku|50/100
|
|t:|1769406762
|switch|p2a: Alomomola|Alomomola, F, shiny|100/100|[from] U-turn
|move|p1a: Shukaku|Ice Beam|p2a: Alomomola
|-resisted|p2a: Alomomola
|-damage|p2a: Alomomola|84/100
|
|-weather|Sandstorm|[upkeep]
|-damage|p2a: Alomomola|78/100|[from] Sandstorm
|upkeep
|turn|4
|
|t:|1769406766
|move|p1a: Shukaku|Thunder Wave|p2a: Alomomola
|-status|p2a: Alomomola|par
|move|p2a: Alomomola|Wish|p2a: Alomomola
|
|-weather|Sandstorm|[upkeep]
|-damage|p2a: Alomomola|72/100 par|[from] Sandstorm
|upkeep
|turn|5
|
|t:|1769406769
|move|p1a: Shukaku|Stealth Rock|p2a: Alomomola
|-sidestart|p2: apple_tonks|move: Stealth Rock
|move|p2a: Alomomola|Flip Turn|p1a: Shukaku
|-supereffective|p1a: Shukaku
|-damage|p1a: Shukaku|29/100
|j| KappaHalo
|
|t:|1769406772
|switch|p2a: Goodra|Goodra-Hisui, F|66/100|[from] Flip Turn
|-damage|p2a: Goodra|60/100|[from] Stealth Rock
|
|-weather|Sandstorm|[upkeep]
|-heal|p2a: Goodra|100/100|[from] move: Wish|[wisher] Alomomola
|upkeep
|turn|6
|
|t:|1769406774
|switch|p2a: Alomomola|Alomomola, F, shiny|100/100 par
|move|p1a: Shukaku|Thunder Wave|p2a: Alomomola
|-fail|p2a: Alomomola|par
|
|-weather|Sandstorm|[upkeep]
|-damage|p2a: Alomomola|94/100 par|[from] Sandstorm
|upkeep
|turn|7
|
|t:|1769406777
|switch|p1a: Frieza|Kyurem, shiny|100/100
|-ability|p1a: Frieza|Pressure
|move|p2a: Alomomola|Flip Turn|p1a: Frieza
|-resisted|p1a: Frieza
|-damage|p1a: Frieza|93/100
|
|t:|1769406781
|switch|p2a: Dragapult|Dragapult, M|100/100|[from] Flip Turn
|
|-weather|Sandstorm|[upkeep]
|-damage|p2a: Dragapult|95/100|[from] Sandstorm
|-damage|p1a: Frieza|87/100|[from] Sandstorm
|upkeep
|turn|8
|
|t:|1769406786
|-terastallize|p1a: Frieza|Ghost
|move|p2a: Dragapult|Dragon Darts|p1a: Frieza
|-damage|p1a: Frieza|65/100
|-anim|p2a: Dragapult|Dragon Darts|p1a: Frieza
|-damage|p1a: Frieza|46/100
|move|p1a: Frieza|Freeze-Dry|p2a: Dragapult
|-supereffective|p2a: Dragapult
|-damage|p2a: Dragapult|0 fnt
|faint|p2a: Dragapult
|
|-weather|Sandstorm|[upkeep]
|-damage|p1a: Frieza|40/100|[from] Sandstorm
|upkeep
|
|t:|1769406791
|switch|p2a: Cinderace|Cinderace, M|100/100
|turn|9
|
|t:|1769406794
|move|p2a: Cinderace|Court Change|p2a: Cinderace
|-swapsideconditions
|-activate|p2a: Cinderace|move: Court Change
|move|p1a: Frieza|Earth Power|p2a: Cinderace
|-supereffective|p2a: Cinderace
|-damage|p2a: Cinderace|2/100
|
|-weather|none
|upkeep
|turn|10
|
|t:|1769406798
|switch|p1a: Shukaku|Tyranitar, M, shiny|29/100
|-damage|p1a: Shukaku|16/100|[from] Stealth Rock
|-weather|Sandstorm|[from] ability: Sand Stream|[of] p1a: Shukaku
|move|p2a: Cinderace|Pyro Ball|p1a: Shukaku|[miss]
|-miss|p2a: Cinderace|p1a: Shukaku
|
|-weather|Sandstorm|[upkeep]
|-damage|p2a: Cinderace|0 fnt|[from] Sandstorm
|faint|p2a: Cinderace
|upkeep
|
|t:|1769406802
|switch|p2a: Landorus|Landorus-Therian, M|100/100
|-ability|p2a: Landorus|Intimidate|boost
|-unboost|p1a: Shukaku|atk|1
|turn|11
|
|t:|1769406805
|switch|p1a: Itachi|Hawlucha, M, shiny|100/100
|-damage|p1a: Itachi|88/100|[from] Stealth Rock
|-ability|p1a: Itachi|Mold Breaker
|move|p2a: Landorus|U-turn|p1a: Itachi
|-resisted|p1a: Itachi
|-damage|p1a: Itachi|75/100
|-enditem|p1a: Itachi|Red Card|[of] p2a: Landorus
|drag|p2a: Alomomola|Alomomola, F, shiny|100/100 par
|
|-weather|Sandstorm|[upkeep]
|-damage|p1a: Itachi|69/100|[from] Sandstorm
|-damage|p2a: Alomomola|94/100 par|[from] Sandstorm
|upkeep
|turn|12
|
|t:|1769406811
|move|p1a: Itachi|Defog|p2a: Alomomola
|-unboost|p2a: Alomomola|evasion|1
|-sideend|p1: OP Sand|Stealth Rock|[from] move: Defog|[of] p1a: Itachi
|move|p2a: Alomomola|Scald|p1a: Itachi
|-damage|p1a: Itachi|47/100
|
|-weather|Sandstorm|[upkeep]
|-damage|p1a: Itachi|41/100|[from] Sandstorm
|-damage|p2a: Alomomola|88/100 par|[from] Sandstorm
|upkeep
|turn|13
|
|t:|1769406818
|switch|p1a: Greninja|Greninja, F|100/100
|move|p2a: Alomomola|Scald|p1a: Greninja
|-resisted|p1a: Greninja
|-damage|p1a: Greninja|90/100
|-status|p1a: Greninja|brn
|
|-weather|Sandstorm|[upkeep]
|-damage|p1a: Greninja|84/100 brn|[from] Sandstorm
|-damage|p2a: Alomomola|82/100 par|[from] Sandstorm
|-damage|p1a: Greninja|78/100 brn|[from] brn
|upkeep
|turn|14
|
|t:|1769406826
|move|p1a: Greninja|Dark Pulse|p2a: Alomomola
|-start|p1a: Greninja|typechange|Dark|[from] ability: Protean
|-damage|p2a: Alomomola|23/100 par
|cant|p2a: Alomomola|flinch
|
|-weather|Sandstorm|[upkeep]
|-damage|p1a: Greninja|72/100 brn|[from] Sandstorm
|-damage|p2a: Alomomola|17/100 par|[from] Sandstorm
|-damage|p1a: Greninja|66/100 brn|[from] brn
|upkeep
|turn|15
|
|t:|1769406832
|switch|p2a: Goodra|Goodra-Hisui, F|100/100
|move|p1a: Greninja|Dark Pulse|p2a: Goodra
|-damage|p2a: Goodra|79/100
|
|-weather|Sandstorm|[upkeep]
|-damage|p1a: Greninja|60/100 brn|[from] Sandstorm
|-damage|p1a: Greninja|54/100 brn|[from] brn
|upkeep
|turn|16
|
|t:|1769406840
|switch|p1a: Itachi|Hawlucha, M, shiny|41/100
|-ability|p1a: Itachi|Mold Breaker
|switch|p2a: Alomomola|Alomomola, F, shiny|50/100 par
|
|-weather|Sandstorm|[upkeep]
|-damage|p1a: Itachi|35/100|[from] Sandstorm
|-damage|p2a: Alomomola|44/100 par|[from] Sandstorm
|upkeep
|turn|17
|j| Huboy
|
|t:|1769406843
|move|p1a: Itachi|Brave Bird|p2a: Alomomola
|-damage|p2a: Alomomola|17/100 par
|-damage|p1a: Itachi|19/100|[from] Recoil
|move|p2a: Alomomola|Flip Turn|p1a: Itachi
|-damage|p1a: Itachi|0 fnt
|faint|p1a: Itachi
|
|t:|1769406854
|switch|p2a: Landorus|Landorus-Therian, M|100/100|[from] Flip Turn
|
|-weather|none
|upkeep
|
|t:|1769406860
|switch|p1a: Greninja|Greninja, F|54/100 brn
|turn|18
|
|t:|1769406864
|switch|p2a: Goodra|Goodra-Hisui, F|79/100
|move|p1a: Greninja|Dark Pulse|p2a: Goodra
|-start|p1a: Greninja|typechange|Dark|[from] ability: Protean
|-damage|p2a: Goodra|57/100
|
|-damage|p1a: Greninja|48/100 brn|[from] brn
|upkeep
|turn|19
|
|t:|1769406874
|move|p1a: Greninja|Dark Pulse|p2a: Goodra
|-damage|p2a: Goodra|32/100
|cant|p2a: Goodra|flinch
|
|-damage|p1a: Greninja|42/100 brn|[from] brn
|upkeep
|turn|20
|
|t:|1769406879
|move|p1a: Greninja|Dark Pulse|p2a: Goodra
|-damage|p2a: Goodra|9/100
|move|p2a: Goodra|Flash Cannon|p1a: Greninja
|-damage|p1a: Greninja|0 fnt
|faint|p1a: Greninja
|
|upkeep
|
|t:|1769406882
|switch|p1a: Frieza|Kyurem, shiny, tera:Ghost|40/100
|-ability|p1a: Frieza|Pressure
|turn|21
|
|t:|1769406888
|move|p1a: Frieza|Freeze-Dry|p2a: Goodra
|-damage|p2a: Goodra|0 fnt
|faint|p2a: Goodra
|
|upkeep
|
|t:|1769406890
|switch|p2a: Kyurem|Kyurem|100/100
|-ability|p2a: Kyurem|Pressure
|turn|22
|
|t:|1769406894
|switch|p1a: Shukaku|Tyranitar, M, shiny|16/100
|-weather|Sandstorm|[from] ability: Sand Stream|[of] p1a: Shukaku
|-terastallize|p2a: Kyurem|Steel
|move|p2a: Kyurem|Dragon Dance|p2a: Kyurem
|-boost|p2a: Kyurem|atk|1
|-boost|p2a: Kyurem|spe|1
|
|-weather|Sandstorm|[upkeep]
|upkeep
|turn|23
|
|t:|1769406900
|move|p2a: Kyurem|Substitute|p2a: Kyurem
|-start|p2a: Kyurem|Substitute
|-damage|p2a: Kyurem|76/100
|move|p1a: Shukaku|Roar|p2a: Kyurem
|drag|p2a: Landorus|Landorus-Therian, M|100/100
|-ability|p2a: Landorus|Intimidate|boost
|-unboost|p1a: Shukaku|atk|1
|
|-weather|Sandstorm|[upkeep]
|upkeep
|turn|24
|l| Huboy
|c|☆OP Sand|Nuuu
|
|t:|1769406923
|switch|p2a: Alomomola|Alomomola, F, shiny|51/100 par
|move|p1a: Shukaku|Ice Beam|p2a: Alomomola
|-resisted|p2a: Alomomola
|-damage|p2a: Alomomola|35/100 par
|
|-weather|Sandstorm|[upkeep]
|-damage|p2a: Alomomola|29/100 par|[from] Sandstorm
|upkeep
|turn|25
|
|t:|1769406927
|move|p1a: Shukaku|Stealth Rock|p2a: Alomomola
|-sidestart|p2: apple_tonks|move: Stealth Rock
|move|p2a: Alomomola|Flip Turn|p1a: Shukaku
|-supereffective|p1a: Shukaku
|-damage|p1a: Shukaku|0 fnt
|faint|p1a: Shukaku
|
|t:|1769406931
|switch|p2a: Kyurem|Kyurem, tera:Steel|76/100|[from] Flip Turn
|-damage|p2a: Kyurem|69/100|[from] Stealth Rock
|-ability|p2a: Kyurem|Pressure
|
|-weather|Sandstorm|[upkeep]
|-heal|p2a: Kyurem|76/100|[from] item: Leftovers
|upkeep
|
|t:|1769406933
|switch|p1a: OP|Excadrill, M|100/100
|turn|26
|
|t:|1769406937
|switch|p2a: Landorus|Landorus-Therian, M|100/100
|-damage|p2a: Landorus|88/100|[from] Stealth Rock
|-ability|p2a: Landorus|Intimidate|boost
|-unboost|p1a: OP|atk|1
|move|p1a: OP|Earthquake|p2a: Landorus
|-immune|p2a: Landorus
|
|-weather|Sandstorm|[upkeep]
|upkeep
|turn|27
|
|t:|1769406941
|switch|p1a: Frieza|Kyurem, shiny, tera:Ghost|40/100
|-ability|p1a: Frieza|Pressure
|move|p2a: Landorus|Earthquake|p1a: Frieza
|-damage|p1a: Frieza|0 fnt
|faint|p1a: Frieza
|
|-weather|Sandstorm|[upkeep]
|upkeep
|
|t:|1769406944
|switch|p1a: OP|Excadrill, M|100/100
|turn|28
|
|t:|1769406945
|move|p1a: OP|Iron Head|p2a: Landorus
|-damage|p2a: Landorus|10/100
|move|p2a: Landorus|Earthquake|p1a: OP
|-supereffective|p1a: OP
|-damage|p1a: OP|0 fnt
|faint|p1a: OP
|
|-weather|Sandstorm|[upkeep]
|upkeep
|
|t:|1769406948
|switch|p1a: Porunga|Pawmot, F|100/100
|turn|29
|
|t:|1769406951
|move|p1a: Porunga|Metronome|p1a: Porunga
|move|p1a: Porunga|Parting Shot|p2a: Landorus|[from] move: Metronome
|-unboost|p2a: Landorus|atk|1
|-unboost|p2a: Landorus|spa|1
|move|p2a: Landorus|Earthquake|p1a: Porunga
|-supereffective|p1a: Porunga
|-damage|p1a: Porunga|0 fnt
|faint|p1a: Porunga
|
|win|apple_tonks
|raw|OP Sand's rating: 1674 &rarr; <strong>1657</strong><br />(-17 for losing)
|raw|apple_tonks's rating: 1735 &rarr; <strong>1752</strong><br />(+17 for winning)
|c|☆OP Sand|Gg
|l|☆apple_tonks
|player|p2|
|l|☆OP Sand
|player|p1|
