|j|☆FlamingWraithSeer
|j|☆Kumaxou
|t:|1769442964
|gametype|singles
|player|p1|FlamingWraithSeer|265|1377
|player|p2|Kumaxou|kiawe|1412
|gen|9
|tier|[Gen 9] OU
|rated|
|rule|HP Percentage Mod: HP is shown in percentages
|rule|Endless Battle Clause: Forcing endless battles is banned
|rule|Species Clause: Limit one of each Pokémon
|rule|OHKO Clause: OHKO moves are banned
|rule|Evasion Items Clause: Evasion items are banned
|rule|Evasion Moves Clause: Evasion moves are banned
|rule|Evasion Abilities Clause: Evasion abilities are banned
|rule|Sleep Moves Clause: Sleep-inducing moves are banned
|clearpoke
|poke|p1|Torkoal, M|
|poke|p1|Lilligant-Hisui, F|
|poke|p1|Zarude|
|poke|p1|Ninetales, F|
|poke|p1|Walking Wake|
|poke|p1|Raging Bolt|
|poke|p2|Kingambit, M|
|poke|p2|Great Tusk|
|poke|p2|Slowking-Galar, F|
|poke|p2|Samurott-Hisui, F|
|poke|p2|Iron Moth|
|poke|p2|Zapdos|
|teampreview
|c|☆FlamingWraithSeer|glhf
|c|☆Kumaxou|glhf
|
|t:|1769442984
|teamsize|p1|6
|teamsize|p2|6
|start
|switch|p1a: Torky|Torkoal, M|100/100
|switch|p2a: Samurott|Samurott-Hisui, F|100/100
|-weather|SunnyDay|[from] ability: Drought|[of] p1a: Torky
|turn|1
|
|t:|1769442991
|move|p2a: Samurott|Knock Off|p1a: Torky
|-damage|p1a: Torky|69/100
|-enditem|p1a: Torky|Heat Rock|[from] move: Knock Off|[of] p2a: Samurott
|move|p1a: Torky|Body Press|p2a: Samurott
|-supereffective|p2a: Samurott
|-damage|p2a: Samurott|32/100
|
|-weather|SunnyDay|[upkeep]
|upkeep
|turn|2
|
|t:|1769443003
|switch|p2a: Slowking|Slowking-Galar, F|100/100
|move|p1a: Torky|Body Press|p2a: Slowking
|-resisted|p2a: Slowking
|-damage|p2a: Slowking|93/100
|
|-weather|SunnyDay|[upkeep]
|upkeep
|turn|3
|
|t:|1769443015
|switch|p1a: Tigre|Raging Bolt|100/100
|-activate|p1a: Tigre|ability: Protosynthesis
|-start|p1a: Tigre|protosynthesisspa
|-prepare|p2a: Slowking|Chilly Reception|[premajor]
|move|p2a: Slowking|Chilly Reception|p2a: Slowking
|-weather|Snowscape
|-end|p1a: Tigre|Protosynthesis
|
|t:|1769443024
|switch|p2a: Great Tusk|Great Tusk|100/100|[from] Chilly Reception
|
|-weather|Snowscape|[upkeep]
|upkeep
|turn|4
|
|t:|1769443040
|-terastallize|p1a: Tigre|Grass
|move|p2a: Great Tusk|Headlong Rush|p1a: Tigre
|-resisted|p1a: Tigre
|-damage|p1a: Tigre|73/100
|-unboost|p2a: Great Tusk|def|1
|-unboost|p2a: Great Tusk|spd|1
|move|p1a: Tigre|Draco Meteor|p2a: Great Tusk
|-crit|p2a: Great Tusk
|-damage|p2a: Great Tusk|0 fnt
|-unboost|p1a: Tigre|spa|2
|faint|p2a: Great Tusk
|-end|p2a: Great Tusk|Protosynthesis|[silent]
|
|-weather|Snowscape|[upkeep]
|upkeep
|
|t:|1769443055
|switch|p2a: Samurott|Samurott-Hisui, F|32/100
|turn|5
|
|t:|1769443069
|move|p2a: Samurott|Ceaseless Edge|p1a: Tigre
|-damage|p1a: Tigre|28/100
|-sidestart|p1: FlamingWraithSeer|Spikes
|move|p1a: Tigre|Volt Switch|p2a: Samurott
|-supereffective|p2a: Samurott
|-damage|p2a: Samurott|0 fnt
|faint|p2a: Samurott
|
|t:|1769443077
|-end|p1a: Tigre|Protosynthesis|[silent]
|switch|p1a: Torky|Torkoal, M|69/100|[from] Volt Switch
|-damage|p1a: Torky|57/100|[from] Spikes
|-weather|SunnyDay|[from] ability: Drought|[of] p1a: Torky
|
|-weather|SunnyDay|[upkeep]
|upkeep
|
|t:|1769443083
|switch|p2a: Iron Moth|Iron Moth|100/100
|turn|6
|
|t:|1769443087
|move|p2a: Iron Moth|Fiery Dance|p1a: Torky
|-resisted|p1a: Torky
|-damage|p1a: Torky|0 fnt
|-boost|p2a: Iron Moth|spa|1
|faint|p1a: Torky
|
|-weather|SunnyDay|[upkeep]
|upkeep
|
|t:|1769443103
|switch|p1a: Foxglove|Lilligant-Hisui, F|100/100
|-damage|p1a: Foxglove|88/100|[from] Spikes
|turn|7
|
|t:|1769443116
|-end|p2a: Iron Moth|Quark Drive|[silent]
|switch|p2a: Zapdos|Zapdos|100/100
|move|p1a: Foxglove|Solar Blade||[still]
|-prepare|p1a: Foxglove|Solar Blade
|-anim|p1a: Foxglove|Solar Blade|p2a: Zapdos
|-resisted|p2a: Zapdos
|-damage|p2a: Zapdos|74/100
|-status|p1a: Foxglove|par|[from] ability: Static|[of] p2a: Zapdos
|-damage|p1a: Foxglove|78/100 par|[from] item: Life Orb
|
|-weather|SunnyDay|[upkeep]
|upkeep
|turn|8
|
|t:|1769443123
|cant|p1a: Foxglove|par
|move|p2a: Zapdos|Volt Switch|p1a: Foxglove
|-resisted|p1a: Foxglove
|-damage|p1a: Foxglove|59/100 par
|
|t:|1769443132
|switch|p2a: Iron Moth|Iron Moth|100/100|[from] Volt Switch
|
|-weather|SunnyDay|[upkeep]
|upkeep
|turn|9
|
|t:|1769443140
|move|p2a: Iron Moth|Sludge Wave|p1a: Foxglove
|-supereffective|p1a: Foxglove
|-damage|p1a: Foxglove|0 fnt
|faint|p1a: Foxglove
|
|-weather|none
|upkeep
|
|t:|1769443144
|switch|p1a: Ninex|Ninetales, F, shiny|100/100
|-damage|p1a: Ninex|88/100|[from] Spikes
|-weather|SunnyDay|[from] ability: Drought|[of] p1a: Ninex
|turn|10
|
|t:|1769443151
|move|p2a: Iron Moth|Sludge Wave|p1a: Ninex
|-damage|p1a: Ninex|1/100
|-status|p1a: Ninex|psn
|move|p1a: Ninex|Extrasensory|p2a: Iron Moth
|-supereffective|p2a: Iron Moth
|-damage|p2a: Iron Moth|62/100
|
|-weather|SunnyDay|[upkeep]
|-damage|p1a: Ninex|0 fnt|[from] psn
|faint|p1a: Ninex
|upkeep
|
|t:|1769443164
|switch|p1a: Suicunee|Walking Wake|100/100
|-damage|p1a: Suicunee|88/100|[from] Spikes
|-activate|p1a: Suicunee|ability: Protosynthesis
|-start|p1a: Suicunee|protosynthesisspe
|turn|11
|
|t:|1769443184
|-end|p2a: Iron Moth|Quark Drive|[silent]
|switch|p2a: Zapdos|Zapdos|74/100
|move|p1a: Suicunee|Hydro Steam|p2a: Zapdos
|-damage|p2a: Zapdos|20/100
|
|-weather|SunnyDay|[upkeep]
|upkeep
|turn|12
|
|t:|1769443189
|move|p1a: Suicunee|Hydro Steam|p2a: Zapdos
|-crit|p2a: Zapdos
|-damage|p2a: Zapdos|0 fnt
|faint|p2a: Zapdos
|
|-weather|SunnyDay|[upkeep]
|upkeep
|
|t:|1769443190
|switch|p2a: Slowking|Slowking-Galar, F|100/100
|turn|13
|
|t:|1769443200
|-end|p1a: Suicunee|Protosynthesis|[silent]
|switch|p1a: Zaza|Zarude|100/100
|-damage|p1a: Zaza|88/100|[from] Spikes
|-prepare|p2a: Slowking|Chilly Reception|[premajor]
|move|p2a: Slowking|Chilly Reception|p2a: Slowking
|-weather|Snowscape
|
|t:|1769443207
|switch|p2a: Iron Moth|Iron Moth|62/100|[from] Chilly Reception
|
|-weather|Snowscape|[upkeep]
|upkeep
|turn|14
|
|t:|1769443222
|move|p2a: Iron Moth|Sludge Wave|p1a: Zaza
|-supereffective|p1a: Zaza
|-damage|p1a: Zaza|0 fnt
|faint|p1a: Zaza
|
|-weather|Snowscape|[upkeep]
|upkeep
|c|☆FlamingWraithSeer|ggs
|
|t:|1769443229
|switch|p1a: Suicunee|Walking Wake|88/100
|-damage|p1a: Suicunee|76/100|[from] Spikes
|turn|15
|
|t:|1769443237
|-end|p2a: Iron Moth|Quark Drive|[silent]
|switch|p2a: Slowking|Slowking-Galar, F|100/100
|move|p1a: Suicunee|Draco Meteor|p2a: Slowking
|-damage|p2a: Slowking|64/100
|-unboost|p1a: Suicunee|spa|2
|
|-weather|Snowscape|[upkeep]
|upkeep
|turn|16
|
|t:|1769443246
|-end|p1a: Suicunee|Protosynthesis|[silent]
|switch|p1a: Tigre|Raging Bolt, tera:Grass|28/100
|-damage|p1a: Tigre|16/100|[from] Spikes
|move|p2a: Slowking|Future Sight|p1a: Tigre
|-start|p2a: Slowking|move: Future Sight
|
|-weather|Snowscape|[upkeep]
|upkeep
|turn|17
|
|t:|1769443252
|move|p1a: Tigre|Draco Meteor|p2a: Slowking
|-damage|p2a: Slowking|16/100
|-unboost|p1a: Tigre|spa|2
|move|p2a: Slowking|Ice Beam|p1a: Tigre
|-supereffective|p1a: Tigre
|-damage|p1a: Tigre|0 fnt
|faint|p1a: Tigre
|-end|p1a: Tigre|Protosynthesis|[silent]
|
|-weather|none
|upkeep
|
|t:|1769443255
|switch|p1a: Suicunee|Walking Wake|76/100
|-damage|p1a: Suicunee|63/100|[from] Spikes
|turn|18
|
|t:|1769443260
|move|p1a: Suicunee|Hydro Steam|p2a: Slowking
|-damage|p2a: Slowking|0 fnt
|faint|p2a: Slowking
|
|-end|p1a: Suicunee|move: Future Sight
|-damage|p1a: Suicunee|29/100
|upkeep
|
|t:|1769443264
|switch|p2a: Iron Moth|Iron Moth|62/100
|turn|19
|
|t:|1769443266
|move|p2a: Iron Moth|Sludge Wave|p1a: Suicunee
|-damage|p1a: Suicunee|0 fnt
|faint|p1a: Suicunee
|-end|p1a: Suicunee|Protosynthesis|[silent]
|
|win|Kumaxou
|raw|FlamingWraithSeer's rating: 1377 &rarr; <strong>1359</strong><br />(-18 for losing)
|raw|Kumaxou's rating: 1412 &rarr; <strong>1430</strong><br />(+18 for winning)
|c|☆Kumaxou|ggs
|c|☆FlamingWraithSeer|gg
|l|☆FlamingWraithSeer
|player|p1|
|l|☆Kumaxou
|player|p2|
