|j|☆KennoJex
|j|☆DAYCARE CLR
|t:|1769325984
|gametype|singles
|player|p1|KennoJex|1|1513
|player|p2|DAYCARE CLR|2|1568
|gen|9
|tier|[Gen 9] OU
|rated|
|rule|HP Percentage Mod: HP is shown in percentages
|rule|Endless Battle Clause: Forcing endless battles is banned
|rule|Species Clause: Limit one of each Pokémon
|rule|OHKO Clause: OHKO moves are banned
|rule|Evasion Items Clause: Evasion items are banned
|rule|Evasion Moves Clause: Evasion moves are banned
|rule|Evasion Abilities Clause: Evasion abilities are banned
|rule|Sleep Moves Clause: Sleep-inducing moves are banned
|clearpoke
|poke|p1|Clefable, M|
|poke|p1|Samurott-Hisui, F|
|poke|p1|Pecharunt|
|poke|p1|Great Tusk|
|poke|p1|Tornadus-Therian, M|
|poke|p1|Iron Crown|
|poke|p2|Ceruledge, M|
|poke|p2|Hatterene, F|
|poke|p2|Ninetales-Alola, F|
|poke|p2|Darkrai|
|poke|p2|Zamazenta-*|
|poke|p2|Kyurem|
|teampreview
|inactive|Battle timer is ON: inactive players will automatically lose when time's up. (requested by DAYCARE CLR)
|
|t:|1769326001
|teamsize|p1|6
|teamsize|p2|6
|start
|switch|p1a: Iron Crown|Iron Crown|100/100
|switch|p2a: Ninetales|Ninetales-Alola, F|100/100
|-weather|Snowscape|[from] ability: Snow Warning|[of] p2a: Ninetales
|turn|1
|
|t:|1769326013
|move|p2a: Ninetales|Aurora Veil|p2a: Ninetales
|-sidestart|p2: DAYCARE CLR|move: Aurora Veil
|move|p1a: Iron Crown|Tachyon Cutter|p2a: Ninetales
|-supereffective|p2a: Ninetales
|-damage|p2a: Ninetales|28/100
|-supereffective|p2a: Ninetales
|-damage|p2a: Ninetales|0 fnt
|faint|p2a: Ninetales
|-hitcount|p2: Ninetales|2
|
|-weather|Snowscape|[upkeep]
|upkeep
|
|t:|1769326022
|switch|p2a: Ceruledge|Ceruledge, M|100/100
|turn|2
|
|t:|1769326030
|-end|p1a: Iron Crown|Quark Drive|[silent]
|switch|p1a: Clefable|Clefable, M|100/100
|move|p2a: Ceruledge|Swords Dance|p2a: Ceruledge
|-boost|p2a: Ceruledge|atk|2
|
|-weather|Snowscape|[upkeep]
|upkeep
|turn|3
|
|t:|1769326037
|move|p2a: Ceruledge|Poltergeist|p1a: Clefable
|-activate|p1a: Clefable|move: Poltergeist|Leftovers
|-damage|p1a: Clefable|10/100
|move|p1a: Clefable|Thunder Wave|p2a: Ceruledge|[miss]
|-miss|p1a: Clefable|p2a: Ceruledge
|
|-weather|Snowscape|[upkeep]
|-heal|p1a: Clefable|16/100|[from] item: Leftovers
|upkeep
|turn|4
|inactive|KennoJex has 120 seconds left.
|
|t:|1769326070
|switch|p1a: Great Tusk|Great Tusk|100/100
|move|p2a: Ceruledge|Bitter Blade|p1a: Great Tusk
|-damage|p1a: Great Tusk|37/100
|
|-weather|Snowscape|[upkeep]
|upkeep
|turn|5
|inactive|KennoJex has 120 seconds left.
|
|t:|1769326081
|move|p1a: Great Tusk|Headlong Rush|p2a: Ceruledge
|-supereffective|p2a: Ceruledge
|-damage|p2a: Ceruledge|19/100
|-unboost|p1a: Great Tusk|def|1
|-unboost|p1a: Great Tusk|spd|1
|-ability|p2a: Ceruledge|Weak Armor|boost
|-unboost|p2a: Ceruledge|def|1
|-boost|p2a: Ceruledge|spe|2
|move|p2a: Ceruledge|Bitter Blade|p1a: Great Tusk
|-damage|p1a: Great Tusk|0 fnt
|-heal|p2a: Ceruledge|42/100|[from] drain|[of] p1a: Great Tusk
|faint|p1a: Great Tusk
|-end|p1a: Great Tusk|Protosynthesis|[silent]
|
|-weather|none
|upkeep
|
|t:|1769326085
|switch|p1a: Samurott|Samurott-Hisui, F|100/100
|turn|6
|
|t:|1769326097
|move|p2a: Ceruledge|Swords Dance|p2a: Ceruledge
|-boost|p2a: Ceruledge|atk|2
|move|p1a: Samurott|Knock Off|p2a: Ceruledge
|-supereffective|p2a: Ceruledge
|-damage|p2a: Ceruledge|0 fnt
|-enditem|p2a: Ceruledge|Focus Sash|[from] move: Knock Off|[of] p1a: Samurott
|faint|p2a: Ceruledge
|
|upkeep
|
|t:|1769326116
|switch|p2a: Zamazenta|Zamazenta|100/100
|-ability|p2a: Zamazenta|Dauntless Shield|boost
|-boost|p2a: Zamazenta|def|1
|turn|7
|
|t:|1769326123
|switch|p2a: Darkrai|Darkrai|100/100
|switch|p1a: Pecharunt|Pecharunt|100/100
|
|upkeep
|turn|8
|
|t:|1769326133
|switch|p1a: Samurott|Samurott-Hisui, F|100/100
|move|p2a: Darkrai|Nasty Plot|p2a: Darkrai
|-boost|p2a: Darkrai|spa|2
|
|-sideend|p2: DAYCARE CLR|move: Aurora Veil
|upkeep
|turn|9
|
|t:|1769326138
|move|p2a: Darkrai|Focus Blast|p1a: Samurott
|-supereffective|p1a: Samurott
|-damage|p1a: Samurott|0 fnt
|faint|p1a: Samurott
|
|upkeep
|
|t:|1769326155
|switch|p1a: Iron Crown|Iron Crown|100/100
|turn|10
|
|t:|1769326182
|-terastallize|p1a: Iron Crown|Steel
|move|p2a: Darkrai|Focus Blast|p1a: Iron Crown|[miss]
|-miss|p2a: Darkrai|p1a: Iron Crown
|move|p1a: Iron Crown|Tachyon Cutter|p2a: Darkrai
|-damage|p2a: Darkrai|38/100
|-damage|p2a: Darkrai|0 fnt
|faint|p2a: Darkrai
|-hitcount|p2: Darkrai|2
|
|upkeep
|inactive|DAYCARE CLR has 120 seconds left.
|
|t:|1769326210
|switch|p2a: Zamazenta|Zamazenta|100/100
|turn|11
|inactive|DAYCARE CLR has 90 seconds left.
|
|t:|1769326239
|-end|p1a: Iron Crown|Quark Drive|[silent]
|switch|p1a: Pecharunt|Pecharunt|100/100
|move|p2a: Zamazenta|Body Press|p1a: Pecharunt
|-immune|p1a: Pecharunt
|
|upkeep
|turn|12
|
|t:|1769326244
|move|p2a: Zamazenta|Iron Defense|p2a: Zamazenta
|-boost|p2a: Zamazenta|def|2
|move|p1a: Pecharunt|Malignant Chain|p2a: Zamazenta
|-damage|p2a: Zamazenta|75/100
|
|upkeep
|turn|13
|
|t:|1769326247
|move|p2a: Zamazenta|Crunch|p1a: Pecharunt
|-supereffective|p1a: Pecharunt
|-damage|p1a: Pecharunt|79/100
|move|p1a: Pecharunt|Malignant Chain|p2a: Zamazenta
|-damage|p2a: Zamazenta|53/100
|
|upkeep
|turn|14
|
|t:|1769326251
|move|p2a: Zamazenta|Crunch|p1a: Pecharunt
|-supereffective|p1a: Pecharunt
|-damage|p1a: Pecharunt|59/100
|move|p1a: Pecharunt|Malignant Chain|p2a: Zamazenta
|-damage|p2a: Zamazenta|29/100
|
|upkeep
|turn|15
|
|t:|1769326259
|move|p2a: Zamazenta|Rest|p2a: Zamazenta
|-status|p2a: Zamazenta|slp|[from] move: Rest
|-heal|p2a: Zamazenta|100/100 slp|[silent]
|-enditem|p2a: Zamazenta|Chesto Berry|[eat]
|-curestatus|p2a: Zamazenta|slp|[msg]
|move|p1a: Pecharunt|Recover|p1a: Pecharunt
|-heal|p1a: Pecharunt|100/100
|
|upkeep
|turn|16
|
|t:|1769326262
|move|p2a: Zamazenta|Crunch|p1a: Pecharunt
|-supereffective|p1a: Pecharunt
|-damage|p1a: Pecharunt|82/100
|move|p1a: Pecharunt|Malignant Chain|p2a: Zamazenta
|-damage|p2a: Zamazenta|78/100
|
|upkeep
|turn|17
|
|t:|1769326265
|move|p2a: Zamazenta|Crunch|p1a: Pecharunt
|-supereffective|p1a: Pecharunt
|-damage|p1a: Pecharunt|60/100
|move|p1a: Pecharunt|Malignant Chain|p2a: Zamazenta
|-damage|p2a: Zamazenta|56/100
|
|upkeep
|turn|18
|
|t:|1769326268
|move|p2a: Zamazenta|Crunch|p1a: Pecharunt
|-supereffective|p1a: Pecharunt
|-damage|p1a: Pecharunt|40/100
|-unboost|p1a: Pecharunt|def|1
|move|p1a: Pecharunt|Recover|p1a: Pecharunt
|-heal|p1a: Pecharunt|90/100
|
|upkeep
|turn|19
|
|t:|1769326272
|switch|p1a: Tornadus|Tornadus-Therian, M|100/100
|move|p2a: Zamazenta|Crunch|p1a: Tornadus
|-damage|p1a: Tornadus|78/100
|
|upkeep
|turn|20
|
|t:|1769326278
|switch|p1a: Pecharunt|Pecharunt|90/100
|move|p2a: Zamazenta|Body Press|p1a: Pecharunt
|-immune|p1a: Pecharunt
|
|upkeep
|turn|21
|
|t:|1769326281
|move|p2a: Zamazenta|Crunch|p1a: Pecharunt
|-supereffective|p1a: Pecharunt
|-damage|p1a: Pecharunt|72/100
|move|p1a: Pecharunt|Parting Shot|p2a: Zamazenta
|-unboost|p2a: Zamazenta|atk|1
|-unboost|p2a: Zamazenta|spa|1
|
|t:|1769326283
|switch|p1a: Tornadus|Tornadus-Therian, M|100/100|[from] Parting Shot
|
|upkeep
|turn|22
|
|t:|1769326290
|switch|p2a: Hatterene|Hatterene, F|100/100
|move|p1a: Tornadus|Bleakwind Storm|p2a: Hatterene
|-damage|p2a: Hatterene|62/100
|
|-heal|p2a: Hatterene|68/100|[from] item: Leftovers
|upkeep
|turn|23
|
|t:|1769326309
|move|p1a: Tornadus|U-turn|p2a: Hatterene
|-damage|p2a: Hatterene|56/100
|inactive|KennoJex has 120 seconds left.
|
|t:|1769326345
|switch|p1a: Clefable|Clefable, M|16/100|[from] U-turn
|move|p2a: Hatterene|Psyshock|p1a: Clefable
|-damage|p1a: Clefable|0 fnt
|faint|p1a: Clefable
|
|-heal|p2a: Hatterene|62/100|[from] item: Leftovers
|upkeep
|
|t:|1769326349
|switch|p1a: Iron Crown|Iron Crown, tera:Steel|100/100
|turn|24
|
|t:|1769326355
|move|p1a: Iron Crown|Volt Switch|p2a: Hatterene
|-damage|p2a: Hatterene|26/100
|
|t:|1769326362
|-end|p1a: Iron Crown|Quark Drive|[silent]
|switch|p1a: Pecharunt|Pecharunt|72/100|[from] Volt Switch
|move|p2a: Hatterene|Mystical Fire|p1a: Pecharunt
|-damage|p1a: Pecharunt|48/100
|-unboost|p1a: Pecharunt|spa|1
|
|-heal|p2a: Hatterene|32/100|[from] item: Leftovers
|upkeep
|turn|25
|
|t:|1769326368
|move|p1a: Pecharunt|Malignant Chain|p2a: Hatterene
|-supereffective|p2a: Hatterene
|-damage|p2a: Hatterene|0 fnt
|faint|p2a: Hatterene
|
|upkeep
|
|t:|1769326374
|switch|p2a: Kyurem|Kyurem|100/100
|-ability|p2a: Kyurem|Pressure
|turn|26
|
|t:|1769326379
|move|p2a: Kyurem|Dragon Dance|p2a: Kyurem
|-boost|p2a: Kyurem|atk|1
|-boost|p2a: Kyurem|spe|1
|move|p1a: Pecharunt|Malignant Chain|p2a: Kyurem
|-damage|p2a: Kyurem|83/100
|
|upkeep
|turn|27
|
|t:|1769326392
|move|p2a: Kyurem|Dragon Dance|p2a: Kyurem
|-boost|p2a: Kyurem|atk|1
|-boost|p2a: Kyurem|spe|1
|move|p1a: Pecharunt|Recover|p1a: Pecharunt
|-heal|p1a: Pecharunt|98/100
|
|upkeep
|turn|28
|
|t:|1769326394
|move|p2a: Kyurem|Icicle Spear|p1a: Pecharunt
|-damage|p1a: Pecharunt|84/100
|-damage|p1a: Pecharunt|70/100
|-damage|p1a: Pecharunt|56/100
|-damage|p1a: Pecharunt|42/100
|-hitcount|p1a: Pecharunt|4
|move|p1a: Pecharunt|Parting Shot|p2a: Kyurem
|-unboost|p2a: Kyurem|atk|1
|-unboost|p2a: Kyurem|spa|1
|
|t:|1769326397
|switch|p1a: Iron Crown|Iron Crown, tera:Steel|100/100|[from] Parting Shot
|
|upkeep
|turn|29
|
|t:|1769326404
|-terastallize|p2a: Kyurem|Fire
|move|p2a: Kyurem|Tera Blast|p1a: Iron Crown|[anim] Tera Blast Fire
|-supereffective|p1a: Iron Crown
|-damage|p1a: Iron Crown|0 fnt
|faint|p1a: Iron Crown
|-end|p1a: Iron Crown|Quark Drive|[silent]
|
|upkeep
|-message|KennoJex forfeited.
|
|win|DAYCARE CLR
|raw|KennoJex's rating: 1513 &rarr; <strong>1496</strong><br />(-17 for losing)
|raw|DAYCARE CLR's rating: 1568 &rarr; <strong>1585</strong><br />(+17 for winning)
|l|☆KennoJex
|player|p1|
|l|☆DAYCARE CLR
|player|p2|
|j|☆KennoJex
|player|p1|KennoJex|1|
