|inactive|Battle timer is ON: inactive players will automatically lose when time's up.
|t:|1769360142
|gametype|singles
|player|p1|twash|#twash|
|player|p2|daharan0|#bdplxmausholds|
|gen|9
|tier|[Gen 9] OU
|rule|HP Percentage Mod: HP is shown in percentages
|rule|Endless Battle Clause: Forcing endless battles is banned
|rule|Species Clause: Limit one of each Pokémon
|rule|OHKO Clause: OHKO moves are banned
|rule|Evasion Items Clause: Evasion items are banned
|rule|Evasion Moves Clause: Evasion moves are banned
|rule|Evasion Abilities Clause: Evasion abilities are banned
|rule|Sleep Moves Clause: Sleep-inducing moves are banned
|clearpoke
|poke|p1|Enamorus, F|
|poke|p1|Primarina, M|
|poke|p1|Great Tusk|
|poke|p1|Slowking-Galar, M|
|poke|p1|Ogerpon, F|
|poke|p1|Kingambit, M|
|poke|p2|Great Tusk|
|poke|p2|Kingambit, M|
|poke|p2|Cinderace, M|
|poke|p2|Latias, F|
|poke|p2|Kyurem|
|poke|p2|Slowking-Galar, F|
|teampreview
|c|☆daharan0|hf
|c|☆twash|gl
|c|☆twash|cinderace seems v good
|c|☆twash|i like it
|inactive|twash has 270 seconds left.
|inactive|daharan0 has 270 seconds left.
|c|☆daharan0|idk, i never play ou
|inactive|daharan0 has 240 seconds left.
|c|+Lazuli|it is very good
|
|t:|1769360230
|teamsize|p1|6
|teamsize|p2|6
|start
|switch|p1a: Primarina|Primarina, M|100/100
|switch|p2a: Cinderace|Cinderace, M|100/100
|turn|1
|inactive|twash has 270 seconds left.
|
|t:|1769360274
|move|p2a: Cinderace|U-turn|p1a: Primarina
|-start|p2a: Cinderace|typechange|Bug|[from] ability: Libero
|-resisted|p1a: Primarina
|-damage|p1a: Primarina|77/100
|
|t:|1769360289
|switch|p2a: Slowking|Slowking-Galar, F|100/100|[from] U-turn
|move|p1a: Primarina|Psychic Noise|p2a: Slowking
|-damage|p2a: Slowking|79/100
|-start|p2a: Slowking|move: Heal Block
|
|-heal|p1a: Primarina|83/100|[from] item: Leftovers
|upkeep
|turn|2
|inactive|twash has 270 seconds left.
|
|t:|1769360305
|switch|p1a: Slowking|Slowking-Galar, M, shiny|100/100
|move|p2a: Slowking|Flamethrower|p1a: Slowking
|-damage|p1a: Slowking|85/100
|
|-end|p2a: Slowking|move: Heal Block
|upkeep
|turn|3
|
|t:|1769360322
|move|p1a: Slowking|Psychic Noise|p2a: Slowking
|-damage|p2a: Slowking|65/100
|-start|p2a: Slowking|move: Heal Block
|move|p2a: Slowking|Psyshock|p1a: Slowking
|-damage|p1a: Slowking|60/100
|
|upkeep
|turn|4
|inactive|daharan0 has 270 seconds left.
|
|t:|1769360374
|move|p2a: Slowking|Flamethrower|p1a: Slowking
|-damage|p1a: Slowking|46/100
|move|p1a: Slowking|Flamethrower|p2a: Slowking
|-damage|p2a: Slowking|55/100
|-status|p2a: Slowking|brn
|
|-damage|p2a: Slowking|48/100 brn|[from] brn
|-end|p2a: Slowking|move: Heal Block
|upkeep
|turn|5
|
|t:|1769360398
|switch|p1a: Primarina|Primarina, M|83/100
|move|p2a: Slowking|Sludge Bomb|p1a: Primarina
|-supereffective|p1a: Primarina
|-damage|p1a: Primarina|0 fnt
|faint|p1a: Primarina
|
|-damage|p2a: Slowking|42/100 brn|[from] brn
|upkeep
|
|t:|1769360404
|switch|p1a: Great Tusk|Great Tusk, shiny|100/100
|turn|6
|
|t:|1769360418
|switch|p2a: Great Tusk|Great Tusk|100/100
|move|p1a: Great Tusk|Ice Spinner|p2a: Great Tusk
|-supereffective|p2a: Great Tusk
|-damage|p2a: Great Tusk|64/100
|
|-heal|p2a: Great Tusk|70/100|[from] item: Leftovers
|upkeep
|turn|7
|inactive|twash has 240 seconds left.
|
|t:|1769360456
|-end|p2a: Great Tusk|Protosynthesis|[silent]
|switch|p2a: Latias|Latias, F|100/100
|move|p1a: Great Tusk|Ice Spinner|p2a: Latias
|-supereffective|p2a: Latias
|-damage|p2a: Latias|27/100
|
|upkeep
|turn|8
|inactive|twash has 210 seconds left.
|inactive|twash has 180 seconds left.
|
|t:|1769360520
|switch|p2a: Kyurem|Kyurem|100/100
|-ability|p2a: Kyurem|Pressure
|-end|p1a: Great Tusk|Protosynthesis|[silent]
|switch|p1a: Enamorus|Enamorus, F, shiny|100/100
|
|upkeep
|turn|9
|
|t:|1769360545
|switch|p2a: Slowking|Slowking-Galar, F|76/100 brn
|move|p1a: Enamorus|Moonblast|p2a: Slowking
|-resisted|p2a: Slowking
|-damage|p2a: Slowking|62/100 brn
|-unboost|p2a: Slowking|spa|1
|
|-damage|p2a: Slowking|56/100 brn|[from] brn
|upkeep
|turn|10
|inactive|twash has 150 seconds left.
|
|t:|1769360580
|switch|p2a: Cinderace|Cinderace, M|100/100
|move|p1a: Enamorus|Moonblast|p2a: Cinderace
|-resisted|p2a: Cinderace
|-damage|p2a: Cinderace|57/100
|
|upkeep
|turn|11
|inactive|twash has 120 seconds left.
|
|t:|1769360620
|move|p1a: Enamorus|Moonblast|p2a: Cinderace
|-resisted|p2a: Cinderace
|-damage|p2a: Cinderace|20/100
|move|p2a: Cinderace|Pyro Ball|p1a: Enamorus
|-damage|p1a: Enamorus|11/100
|
|upkeep
|turn|12
|
|t:|1769360630
|switch|p2a: Slowking|Slowking-Galar, F|90/100 brn
|move|p1a: Enamorus|Moonblast|p2a: Slowking
|-resisted|p2a: Slowking
|-damage|p2a: Slowking|77/100 brn
|
|-damage|p2a: Slowking|71/100 brn|[from] brn
|upkeep
|turn|13
|
|t:|1769360649
|switch|p1a: Slowking|Slowking-Galar, M, shiny|79/100
|move|p2a: Slowking|Ice Beam|p1a: Slowking
|-damage|p1a: Slowking|64/100
|-status|p1a: Slowking|frz
|
|-damage|p2a: Slowking|64/100 brn|[from] brn
|upkeep
|turn|14
|
|t:|1769360668
|switch|p2a: Kyurem|Kyurem|100/100
|-ability|p2a: Kyurem|Pressure
|cant|p1a: Slowking|frz
|
|upkeep
|turn|15
|c|☆daharan0|mb
|c|+sulfura152|Da hareng 
|c|+akotellete|lucktar
|c|☆twash|no need to apol
|c|+sulfura152|Fr
|inactive|twash has 90 seconds left.
|
|t:|1769360695
|switch|p1a: Enamorus|Enamorus, F, shiny|11/100
|move|p2a: Kyurem|Freeze-Dry|p1a: Enamorus
|-supereffective|p1a: Enamorus
|-damage|p1a: Enamorus|0 fnt
|faint|p1a: Enamorus
|
|upkeep
|c|+akotellete|no no he should apologize
|inactive|twash has 60 seconds left.
|
|t:|1769360729
|switch|p1a: Kingambit|Kingambit, M, shiny|100/100
|-activate|p1a: Kingambit|ability: Supreme Overlord
|-start|p1a: Kingambit|fallen2|[silent]
|turn|16
|inactive|twash has 60 seconds left.
|
|t:|1769360745
|move|p2a: Kyurem|Earth Power|p1a: Kingambit
|-supereffective|p1a: Kingambit
|-damage|p1a: Kingambit|43/100
|move|p1a: Kingambit|Iron Head|p2a: Kyurem
|-supereffective|p2a: Kyurem
|-damage|p2a: Kyurem|0 fnt
|faint|p2a: Kyurem
|
|-heal|p1a: Kingambit|50/100|[from] item: Leftovers
|upkeep
|inactive|daharan0 has 240 seconds left.
|
|t:|1769360761
|switch|p2a: Great Tusk|Great Tusk|70/100
|turn|17
|inactive|daharan0 has 240 seconds left.
|inactive|twash has 60 seconds left.
|
|t:|1769360781
|-end|p1a: Kingambit|fallen2|[silent]
|switch|p1a: Slowking|Slowking-Galar, M, shiny|98/100 frz
|move|p2a: Great Tusk|Headlong Rush|p1a: Slowking
|-supereffective|p1a: Slowking
|-damage|p1a: Slowking|18/100 frz
|-unboost|p2a: Great Tusk|def|1
|-unboost|p2a: Great Tusk|spd|1
|
|-heal|p2a: Great Tusk|76/100|[from] item: Leftovers
|upkeep
|turn|18
|inactive|twash has 60 seconds left.
|
|t:|1769360791
|move|p2a: Great Tusk|Headlong Rush|p1a: Slowking
|-supereffective|p1a: Slowking
|-damage|p1a: Slowking|0 fnt
|-unboost|p2a: Great Tusk|def|1
|-unboost|p2a: Great Tusk|spd|1
|faint|p1a: Slowking
|
|-heal|p2a: Great Tusk|82/100|[from] item: Leftovers
|upkeep
|inactive|twash has 60 seconds left.
|
|t:|1769360805
|switch|p1a: Great Tusk|Great Tusk, shiny|100/100
|turn|19
|inactive|twash has 60 seconds left.
|inactive|daharan0 has 240 seconds left.
|
|t:|1769360827
|-end|p2a: Great Tusk|Protosynthesis|[silent]
|switch|p2a: Cinderace|Cinderace, M|20/100
|move|p1a: Great Tusk|Rapid Spin|p2a: Cinderace
|-crit|p2a: Cinderace
|-damage|p2a: Cinderace|0 fnt
|-boost|p1a: Great Tusk|spe|1
|faint|p2a: Cinderace
|
|upkeep
|inactive|daharan0 has 240 seconds left.
|
|t:|1769360836
|switch|p2a: Latias|Latias, F|27/100
|turn|20
|inactive|twash has 60 seconds left.
|
|t:|1769360861
|-end|p1a: Great Tusk|Protosynthesis|[silent]
|switch|p1a: Kingambit|Kingambit, M, shiny|50/100
|-activate|p1a: Kingambit|ability: Supreme Overlord
|-start|p1a: Kingambit|fallen3|[silent]
|move|p2a: Latias|Trick|p1a: Kingambit
|-activate|p2a: Latias|move: Trick|[of] p1a: Kingambit
|-item|p1a: Kingambit|Choice Scarf|[from] move: Trick
|-item|p2a: Latias|Leftovers|[from] move: Trick
|
|-heal|p2a: Latias|33/100|[from] item: Leftovers
|upkeep
|turn|21
|inactive|twash has 60 seconds left.
|c|+sulfura152|Ako advice for ost ?
|inactive|daharan0 has 240 seconds left.
|c|+sulfura152|What is your plan for your next game ?
|
|t:|1769360891
|switch|p2a: Great Tusk|Great Tusk|82/100
|move|p1a: Kingambit|Iron Head|p2a: Great Tusk
|-crit|p2a: Great Tusk
|-damage|p2a: Great Tusk|23/100
|
|-heal|p2a: Great Tusk|29/100|[from] item: Leftovers
|upkeep
|turn|22
|inactive|daharan0 has 240 seconds left.
|inactive|twash has 30 seconds left.
|
|t:|1769360909
|-terastallize|p1a: Kingambit|Ghost
|move|p2a: Great Tusk|Headlong Rush|p1a: Kingambit
|-damage|p1a: Kingambit|12/100
|-unboost|p2a: Great Tusk|def|1
|-unboost|p2a: Great Tusk|spd|1
|move|p1a: Kingambit|Iron Head|p2a: Great Tusk
|-damage|p2a: Great Tusk|0 fnt
|faint|p2a: Great Tusk
|-end|p2a: Great Tusk|Protosynthesis|[silent]
|
|upkeep
|
|t:|1769360933
|switch|p2a: Latias|Latias, F|33/100
|turn|23
|
|t:|1769360944
|move|p2a: Latias|Mist Ball|p1a: Kingambit
|-damage|p1a: Kingambit|0 fnt
|faint|p1a: Kingambit
|-end|p1a: Kingambit|fallen3|[silent]
|
|-heal|p2a: Latias|39/100|[from] item: Leftovers
|upkeep
|inactive|twash has 30 seconds left.
|
|t:|1769360961
|switch|p1a: Ogerpon|Ogerpon, F|100/100
|turn|24
|inactive|twash has 30 seconds left.
|inactive|daharan0 has 240 seconds left.
|
|t:|1769360973
|move|p2a: Latias|Mist Ball|p1a: Ogerpon
|-damage|p1a: Ogerpon|48/100
|move|p1a: Ogerpon|Knock Off|p2a: Latias
|-supereffective|p2a: Latias
|-damage|p2a: Latias|0 fnt
|-enditem|p2a: Latias|Leftovers|[from] move: Knock Off|[of] p1a: Ogerpon
|faint|p2a: Latias
|
|upkeep
|inactive|daharan0 has 240 seconds left.
|
|t:|1769360981
|switch|p2a: Slowking|Slowking-Galar, F|98/100 brn
|turn|25
|
|t:|1769360985
|move|p1a: Ogerpon|Knock Off|p2a: Slowking
|-supereffective|p2a: Slowking
|-damage|p2a: Slowking|0 fnt
|-enditem|p2a: Slowking|Assault Vest|[from] move: Knock Off|[of] p1a: Ogerpon
|faint|p2a: Slowking
|
|upkeep
|
|t:|1769360989
|switch|p2a: Kingambit|Kingambit, M|100/100
|-activate|p2a: Kingambit|ability: Supreme Overlord
|-start|p2a: Kingambit|fallen5|[silent]
|turn|26
|
|t:|1769361006
|switch|p1a: Great Tusk|Great Tusk, shiny|100/100
|move|p2a: Kingambit|Swords Dance|p2a: Kingambit
|-boost|p2a: Kingambit|atk|2
|
|upkeep
|turn|27
|
|t:|1769361017
|-terastallize|p2a: Kingambit|Dark
|move|p1a: Great Tusk|Headlong Rush|p2a: Kingambit
|-damage|p2a: Kingambit|45/100
|-unboost|p1a: Great Tusk|def|1
|-unboost|p1a: Great Tusk|spd|1
|move|p2a: Kingambit|Iron Head|p1a: Great Tusk
|-damage|p1a: Great Tusk|0 fnt
|-damage|p2a: Kingambit|28/100|[from] item: Rocky Helmet|[of] p1a: Great Tusk
|faint|p1a: Great Tusk
|-end|p1a: Great Tusk|Protosynthesis|[silent]
|
|upkeep
|
|t:|1769361022
|switch|p1a: Ogerpon|Ogerpon, F|48/100
|turn|28
|c|☆twash|gg
|c|☆twash|gl
|c|☆daharan0|ggs
|c|☆daharan0|thx
|inactive|daharan0 has 270 seconds left.
|
|t:|1769361032
|move|p2a: Kingambit|Sucker Punch|p1a: Ogerpon
|-damage|p1a: Ogerpon|0 fnt
|faint|p1a: Ogerpon
|
|win|daharan0
|player|p1|
