|j|☆nottrigate
|j|☆Vencious1506
|t:|1769300075
|gametype|singles
|player|p1|nottrigate|101|1063
|player|p2|Vencious1506|falkner|1088
|gen|9
|tier|[Gen 9] OU
|rated|
|rule|HP Percentage Mod: HP is shown in percentages
|rule|Endless Battle Clause: Forcing endless battles is banned
|rule|Species Clause: Limit one of each Pokémon
|rule|OHKO Clause: OHKO moves are banned
|rule|Evasion Items Clause: Evasion items are banned
|rule|Evasion Moves Clause: Evasion moves are banned
|rule|Evasion Abilities Clause: Evasion abilities are banned
|rule|Sleep Moves Clause: Sleep-inducing moves are banned
|clearpoke
|poke|p1|Snorlax, F|
|poke|p1|Victreebel, M|
|poke|p1|Quagsire, M|
|poke|p1|Espeon, M|
|poke|p1|Vaporeon, M|
|poke|p1|Weezing-Galar, F|
|poke|p2|Heatran, F|
|poke|p2|Dragapult, F|
|poke|p2|Landorus-Therian, M|
|poke|p2|Skarmory, F|
|poke|p2|Gliscor, M|
|poke|p2|Primarina, M|
|teampreview
|
|t:|1769300084
|teamsize|p1|6
|teamsize|p2|6
|start
|switch|p1a: Espeon|Espeon, M|100/100
|switch|p2a: Skarmory|Skarmory, F|100/100
|turn|1
|
|t:|1769300101
|move|p1a: Espeon|Shadow Ball|p2a: Skarmory
|-damage|p2a: Skarmory|44/100
|move|p2a: Skarmory|Stealth Rock|p1a: Espeon
|move|p1a: Espeon|Stealth Rock|p2a: Skarmory|[from] ability: Magic Bounce
|-sidestart|p2: Vencious1506|move: Stealth Rock
|
|-heal|p2a: Skarmory|50/100|[from] item: Leftovers
|upkeep
|turn|2
|
|t:|1769300113
|move|p1a: Espeon|Shadow Ball|p2a: Skarmory
|-damage|p2a: Skarmory|0 fnt
|faint|p2a: Skarmory
|
|upkeep
|
|t:|1769300127
|switch|p2a: Dragapult|Dragapult, F|100/100
|-damage|p2a: Dragapult|88/100|[from] Stealth Rock
|turn|3
|
|t:|1769300138
|switch|p1a: Victreebel|Victreebel, M|100/100
|move|p2a: Dragapult|U-turn|p1a: Victreebel
|-damage|p1a: Victreebel|81/100
|
|t:|1769300145
|switch|p2a: Heatran|Heatran, F, shiny|100/100|[from] U-turn
|-damage|p2a: Heatran|88/100|[from] Stealth Rock
|
|-heal|p2a: Heatran|94/100|[from] item: Leftovers
|-heal|p1a: Victreebel|87/100|[from] item: Leftovers
|upkeep
|turn|4
|
|t:|1769300157
|switch|p1a: Vaporeon|Vaporeon, M|100/100
|move|p2a: Heatran|Earth Power|p1a: Vaporeon
|-damage|p1a: Vaporeon|82/100
|
|-heal|p2a: Heatran|100/100|[from] item: Leftovers
|-heal|p1a: Vaporeon|88/100|[from] item: Leftovers
|upkeep
|turn|5
|
|t:|1769300169
|move|p2a: Heatran|Protect|p2a: Heatran
|-singleturn|p2a: Heatran|Protect
|move|p1a: Vaporeon|Scald|p2a: Heatran
|-activate|p2a: Heatran|move: Protect
|
|-heal|p1a: Vaporeon|95/100|[from] item: Leftovers
|upkeep
|turn|6
|
|t:|1769300184
|switch|p2a: Gliscor|Gliscor, M|100/100
|-damage|p2a: Gliscor|88/100|[from] Stealth Rock
|move|p1a: Vaporeon|Calm Mind|p1a: Vaporeon
|-boost|p1a: Vaporeon|spa|1
|-boost|p1a: Vaporeon|spd|1
|
|-heal|p1a: Vaporeon|100/100|[from] item: Leftovers
|-status|p2a: Gliscor|tox|[from] item: Toxic Orb
|upkeep
|turn|7
|
|t:|1769300198
|move|p2a: Gliscor|Protect|p2a: Gliscor
|-singleturn|p2a: Gliscor|Protect
|move|p1a: Vaporeon|Scald|p2a: Gliscor
|-activate|p2a: Gliscor|move: Protect
|
|-heal|p2a: Gliscor|100/100 tox|[from] ability: Poison Heal
|upkeep
|turn|8
|
|t:|1769300209
|move|p2a: Gliscor|Toxic|p1a: Vaporeon
|-status|p1a: Vaporeon|tox
|move|p1a: Vaporeon|Scald|p2a: Gliscor
|-supereffective|p2a: Gliscor
|-damage|p2a: Gliscor|0 fnt
|faint|p2a: Gliscor
|
|-damage|p1a: Vaporeon|94/100 tox|[from] psn
|upkeep
|
|t:|1769300221
|switch|p2a: Primarina|Primarina, M|100/100
|-damage|p2a: Primarina|88/100|[from] Stealth Rock
|turn|9
|
|t:|1769300232
|move|p1a: Vaporeon|Calm Mind|p1a: Vaporeon
|-boost|p1a: Vaporeon|spa|1
|-boost|p1a: Vaporeon|spd|1
|move|p2a: Primarina|Ice Beam|p1a: Vaporeon
|-resisted|p1a: Vaporeon
|-damage|p1a: Vaporeon|87/100 tox
|
|-heal|p1a: Vaporeon|94/100 tox|[from] item: Leftovers
|-damage|p1a: Vaporeon|81/100 tox|[from] psn
|upkeep
|turn|10
|
|t:|1769300245
|move|p1a: Vaporeon|Alluring Voice|p2a: Primarina
|-damage|p2a: Primarina|66/100
|move|p2a: Primarina|Moonblast|p1a: Vaporeon
|-damage|p1a: Vaporeon|59/100 tox
|
|-heal|p1a: Vaporeon|65/100 tox|[from] item: Leftovers
|-damage|p1a: Vaporeon|47/100 tox|[from] psn
|upkeep
|turn|11
|
|t:|1769300265
|switch|p1a: Espeon|Espeon, M|100/100
|move|p2a: Primarina|Psychic|p1a: Espeon
|-resisted|p1a: Espeon
|-damage|p1a: Espeon|80/100
|
|upkeep
|turn|12
|inactive|Battle timer is ON: inactive players will automatically lose when time's up. (requested by nottrigate)
|
|t:|1769300291
|move|p1a: Espeon|Psychic|p2a: Primarina
|-damage|p2a: Primarina|29/100
|move|p2a: Primarina|Sparkling Aria|p1a: Espeon
|-damage|p1a: Espeon|0 fnt
|faint|p1a: Espeon
|
|upkeep
|inactive|nottrigate has 120 seconds left.
|
|t:|1769300323
|switch|p1a: Snorlax|Snorlax, F|100/100
|turn|13
|
|t:|1769300348
|move|p2a: Primarina|Moonblast|p1a: Snorlax
|-damage|p1a: Snorlax|76/100
|move|p1a: Snorlax|Curse|p1a: Snorlax
|-unboost|p1a: Snorlax|spe|1
|-boost|p1a: Snorlax|atk|1
|-boost|p1a: Snorlax|def|1
|
|-heal|p1a: Snorlax|82/100|[from] item: Leftovers
|upkeep
|turn|14
|
|t:|1769300368
|switch|p2a: Landorus|Landorus-Therian, M, shiny|100/100
|-damage|p2a: Landorus|88/100|[from] Stealth Rock
|-ability|p2a: Landorus|Intimidate|boost
|-unboost|p1a: Snorlax|atk|1
|move|p1a: Snorlax|Curse|p1a: Snorlax
|-unboost|p1a: Snorlax|spe|1
|-boost|p1a: Snorlax|atk|1
|-boost|p1a: Snorlax|def|1
|
|-heal|p1a: Snorlax|88/100|[from] item: Leftovers
|upkeep
|turn|15
|inactive|Vencious1506 has 120 seconds left.
|
|t:|1769300387
|move|p2a: Landorus|Stone Edge|p1a: Snorlax
|-damage|p1a: Snorlax|72/100
|move|p1a: Snorlax|Curse|p1a: Snorlax
|-unboost|p1a: Snorlax|spe|1
|-boost|p1a: Snorlax|atk|1
|-boost|p1a: Snorlax|def|1
|
|-heal|p1a: Snorlax|79/100|[from] item: Leftovers
|upkeep
|turn|16
|inactive|Vencious1506 has 120 seconds left.
|
|t:|1769300399
|move|p2a: Landorus|Stone Edge|p1a: Snorlax
|-crit|p1a: Snorlax
|-damage|p1a: Snorlax|23/100
|move|p1a: Snorlax|Body Slam|p2a: Landorus
|-damage|p2a: Landorus|9/100
|-status|p2a: Landorus|par
|
|-heal|p1a: Snorlax|30/100|[from] item: Leftovers
|upkeep
|turn|17
|inactive|Vencious1506 has 120 seconds left.
|
|t:|1769300410
|cant|p2a: Landorus|par
|move|p1a: Snorlax|Rest|p1a: Snorlax
|-status|p1a: Snorlax|slp|[from] move: Rest
|-heal|p1a: Snorlax|100/100 slp|[silent]
|
|upkeep
|turn|18
|inactive|Vencious1506 has 120 seconds left.
|
|t:|1769300423
|cant|p2a: Landorus|par
|cant|p1a: Snorlax|slp
|
|upkeep
|turn|19
|
|t:|1769300433
|switch|p2a: Dragapult|Dragapult, F|88/100
|-damage|p2a: Dragapult|76/100|[from] Stealth Rock
|cant|p1a: Snorlax|slp
|
|upkeep
|turn|20
|
|t:|1769300443
|move|p2a: Dragapult|Draco Meteor|p1a: Snorlax
|-damage|p1a: Snorlax|58/100 slp
|-unboost|p2a: Dragapult|spa|2
|-curestatus|p1a: Snorlax|slp|[msg]
|move|p1a: Snorlax|Earthquake|p2a: Dragapult
|-damage|p2a: Dragapult|0 fnt
|faint|p2a: Dragapult
|
|-heal|p1a: Snorlax|64/100|[from] item: Leftovers
|upkeep
|inactive|Vencious1506 has 120 seconds left.
|
|t:|1769300461
|switch|p2a: Heatran|Heatran, F, shiny|100/100
|-damage|p2a: Heatran|88/100|[from] Stealth Rock
|turn|21
|inactive|Vencious1506 has 120 seconds left.
|
|t:|1769300474
|move|p2a: Heatran|Protect|p2a: Heatran
|-singleturn|p2a: Heatran|Protect
|move|p1a: Snorlax|Earthquake|p2a: Heatran
|-activate|p2a: Heatran|move: Protect
|
|-heal|p2a: Heatran|94/100|[from] item: Leftovers
|-heal|p1a: Snorlax|70/100|[from] item: Leftovers
|upkeep
|turn|22
|inactive|Vencious1506 has 120 seconds left.
|
|t:|1769300498
|move|p2a: Heatran|Magma Storm|p1a: Snorlax
|-damage|p1a: Snorlax|60/100
|-activate|p1a: Snorlax|move: Magma Storm|[of] p2a: Heatran
|move|p1a: Snorlax|Curse|p1a: Snorlax
|-unboost|p1a: Snorlax|spe|1
|-boost|p1a: Snorlax|atk|1
|-boost|p1a: Snorlax|def|1
|
|-heal|p2a: Heatran|100/100|[from] item: Leftovers
|-heal|p1a: Snorlax|66/100|[from] item: Leftovers
|-damage|p1a: Snorlax|54/100|[from] move: Magma Storm|[partiallytrapped]
|upkeep
|turn|23
|inactive|Vencious1506 has 90 seconds left.
|
|t:|1769300549
|move|p2a: Heatran|Taunt|p1a: Snorlax
|-start|p1a: Snorlax|move: Taunt
|move|p1a: Snorlax|Earthquake|p2a: Heatran
|-supereffective|p2a: Heatran
|-damage|p2a: Heatran|0 fnt
|faint|p2a: Heatran
|
|-heal|p1a: Snorlax|60/100|[from] item: Leftovers
|-end|p1a: Snorlax|Magma Storm|[partiallytrapped]|[silent]
|upkeep
|inactive|Vencious1506 has 60 seconds left.
|
|t:|1769300560
|switch|p2a: Primarina|Primarina, M|29/100
|-damage|p2a: Primarina|17/100|[from] Stealth Rock
|turn|24
|inactive|Vencious1506 has 60 seconds left.
|
|t:|1769300579
|move|p2a: Primarina|Moonblast|p1a: Snorlax
|-damage|p1a: Snorlax|34/100
|move|p1a: Snorlax|Body Slam|p2a: Primarina
|-damage|p2a: Primarina|0 fnt
|faint|p2a: Primarina
|
|-heal|p1a: Snorlax|40/100|[from] item: Leftovers
|upkeep
|inactive|Vencious1506 has 30 seconds left.
|inactive|Vencious1506 has 20 seconds left.
|inactive|Vencious1506 has 15 seconds left.
|inactive|Vencious1506 has 10 seconds left.
|inactive|Vencious1506 has 5 seconds left.
|-message|Vencious1506 lost due to inactivity.
|
|win|nottrigate
|raw|nottrigate's rating: 1063 &rarr; <strong>1096</strong><br />(+33 for winning)
|raw|Vencious1506's rating: 1088 &rarr; <strong>1063</strong><br />(-25 for losing)
|l|☆nottrigate
|player|p1|
|l|☆Vencious1506
|player|p2|
