|j|☆rblt ryo
|j|☆Auburn Hills
|t:|1769386970
|gametype|singles
|player|p1|rblt ryo|dawn|1870
|player|p2|Auburn Hills|alder|1838
|gen|9
|tier|[Gen 9] OU
|rated|
|rule|HP Percentage Mod: HP is shown in percentages
|rule|Endless Battle Clause: Forcing endless battles is banned
|rule|Species Clause: Limit one of each Pokémon
|rule|OHKO Clause: OHKO moves are banned
|rule|Evasion Items Clause: Evasion items are banned
|rule|Evasion Moves Clause: Evasion moves are banned
|rule|Evasion Abilities Clause: Evasion abilities are banned
|rule|Sleep Moves Clause: Sleep-inducing moves are banned
|clearpoke
|poke|p1|Volcanion|
|poke|p1|Slowking-Galar, F|
|poke|p1|Zamazenta-*|
|poke|p1|Corviknight, F|
|poke|p1|Hatterene, F|
|poke|p1|Ting-Lu|
|poke|p2|Iron Moth|
|poke|p2|Umbreon, M|
|poke|p2|Garchomp, F|
|poke|p2|Glimmora, F|
|poke|p2|Gholdengo|
|poke|p2|Dragonite, M|
|teampreview
|inactive|Battle timer is ON: inactive players will automatically lose when time's up. (requested by Auburn Hills)
|inactive|rblt ryo has 120 seconds left.
|
|t:|1769387026
|teamsize|p1|6
|teamsize|p2|6
|start
|switch|p1a: Ting-Lu|Ting-Lu|100/100
|switch|p2a: Julia Jacklin|Glimmora, F|100/100
|-ability|p1a: Ting-Lu|Vessel of Ruin
|turn|1
|
|t:|1769387033
|move|p2a: Julia Jacklin|Mortal Spin|p1a: Ting-Lu
|-resisted|p1a: Ting-Lu
|-damage|p1a: Ting-Lu|99/100
|-status|p1a: Ting-Lu|psn
|move|p1a: Ting-Lu|Earthquake|p2a: Julia Jacklin
|-supereffective|p2a: Julia Jacklin
|-enditem|p2a: Julia Jacklin|Focus Sash
|-damage|p2a: Julia Jacklin|1/100
|-activate|p2a: Julia Jacklin|ability: Toxic Debris
|-sidestart|p1: rblt ryo|move: Toxic Spikes
|
|-heal|p1a: Ting-Lu|100/100 psn|[from] item: Leftovers
|-damage|p1a: Ting-Lu|88/100 psn|[from] psn
|upkeep
|turn|2
|j| mega dondozo ex
|
|t:|1769387053
|switch|p1a: Slowking|Slowking-Galar, F, shiny|100/100
|-sideend|p1: rblt ryo|move: Toxic Spikes|[of] p1a: Slowking
|move|p2a: Julia Jacklin|Stealth Rock|p1a: Slowking
|-sidestart|p1: rblt ryo|move: Stealth Rock
|
|upkeep
|turn|3
|
|t:|1769387059
|switch|p2a: Smino|Gholdengo|100/100
|move|p1a: Slowking|Sludge Bomb|p2a: Smino
|-immune|p2a: Smino
|
|upkeep
|turn|4
|
|t:|1769387063
|move|p2a: Smino|Shadow Ball|p1a: Slowking
|-supereffective|p1a: Slowking
|-damage|p1a: Slowking|37/100
|-unboost|p1a: Slowking|spd|1
|-prepare|p1a: Slowking|Chilly Reception|[premajor]
|move|p1a: Slowking|Chilly Reception|p1a: Slowking
|-weather|Snowscape
|
|t:|1769387077
|switch|p1a: Zamazenta|Zamazenta|100/100|[from] Chilly Reception
|-damage|p1a: Zamazenta|94/100|[from] Stealth Rock
|-ability|p1a: Zamazenta|Dauntless Shield|boost
|-boost|p1a: Zamazenta|def|1
|
|-weather|Snowscape|[upkeep]
|upkeep
|turn|5
|
|t:|1769387081
|-terastallize|p1a: Zamazenta|Dark
|move|p2a: Smino|Shadow Ball|p1a: Zamazenta
|-resisted|p1a: Zamazenta
|-damage|p1a: Zamazenta|76/100
|move|p1a: Zamazenta|Crunch|p2a: Smino
|-supereffective|p2a: Smino
|-damage|p2a: Smino|0 fnt
|faint|p2a: Smino
|
|-weather|Snowscape|[upkeep]
|upkeep
|
|t:|1769387088
|switch|p2a: Carly Rae|Iron Moth|100/100
|-enditem|p2a: Carly Rae|Booster Energy
|-activate|p2a: Carly Rae|ability: Quark Drive|[fromitem]
|-start|p2a: Carly Rae|quarkdrivespe
|turn|6
|
|t:|1769387118
|move|p2a: Carly Rae|Dazzling Gleam|p1a: Zamazenta
|-supereffective|p1a: Zamazenta
|-damage|p1a: Zamazenta|26/100
|move|p1a: Zamazenta|Crunch|p2a: Carly Rae
|-damage|p2a: Carly Rae|2/100
|
|-weather|Snowscape|[upkeep]
|upkeep
|turn|7
|
|t:|1769387132
|move|p2a: Carly Rae|Fiery Dance|p1a: Zamazenta
|-damage|p1a: Zamazenta|0 fnt
|faint|p1a: Zamazenta
|
|-weather|Snowscape|[upkeep]
|upkeep
|
|t:|1769387134
|switch|p1a: Ting-Lu|Ting-Lu|88/100 psn
|-damage|p1a: Ting-Lu|82/100 psn|[from] Stealth Rock
|-ability|p1a: Ting-Lu|Vessel of Ruin
|turn|8
|
|t:|1769387138
|move|p2a: Carly Rae|Morning Sun|p2a: Carly Rae
|-heal|p2a: Carly Rae|27/100
|move|p1a: Ting-Lu|Earthquake|p2a: Carly Rae
|-supereffective|p2a: Carly Rae
|-damage|p2a: Carly Rae|0 fnt
|faint|p2a: Carly Rae
|-end|p2a: Carly Rae|Quark Drive|[silent]
|
|-weather|none
|-heal|p1a: Ting-Lu|88/100 psn|[from] item: Leftovers
|-damage|p1a: Ting-Lu|76/100 psn|[from] psn
|upkeep
|
|t:|1769387141
|switch|p2a: Julia Jacklin|Glimmora, F|1/100
|turn|9
|
|t:|1769387148
|move|p2a: Julia Jacklin|Earth Power|p1a: Ting-Lu
|-damage|p1a: Ting-Lu|62/100 psn
|move|p1a: Ting-Lu|Rest|p1a: Ting-Lu
|-status|p1a: Ting-Lu|slp|[from] move: Rest
|-heal|p1a: Ting-Lu|100/100 slp|[silent]
|
|upkeep
|turn|10
|
|t:|1769387154
|switch|p2a: Rat Tally|Garchomp, F|100/100
|cant|p1a: Ting-Lu|slp
|move|p1a: Ting-Lu|Sleep Talk|p1a: Ting-Lu
|move|p1a: Ting-Lu|Payback|p2a: Rat Tally|[from] move: Sleep Talk
|-damage|p2a: Rat Tally|83/100
|-damage|p1a: Ting-Lu|88/100 slp|[from] ability: Rough Skin|[of] p2a: Rat Tally
|
|-heal|p1a: Ting-Lu|94/100 slp|[from] item: Leftovers
|upkeep
|turn|11
|
|t:|1769387177
|switch|p1a: Corviknight|Corviknight, F, shiny|100/100
|-damage|p1a: Corviknight|88/100|[from] Stealth Rock
|-ability|p1a: Corviknight|Pressure
|move|p2a: Rat Tally|Swords Dance|p2a: Rat Tally
|-boost|p2a: Rat Tally|atk|2
|
|upkeep
|turn|12
|
|t:|1769387182
|move|p2a: Rat Tally|Swords Dance|p2a: Rat Tally
|-boost|p2a: Rat Tally|atk|2
|move|p1a: Corviknight|Iron Defense|p1a: Corviknight
|-boost|p1a: Corviknight|def|2
|
|upkeep
|turn|13
|
|t:|1769387185
|-terastallize|p2a: Rat Tally|Electric
|move|p2a: Rat Tally|Tera Blast|p1a: Corviknight|[anim] Tera Blast Electric
|-supereffective|p1a: Corviknight
|-damage|p1a: Corviknight|15/100
|move|p1a: Corviknight|Iron Defense|p1a: Corviknight
|-boost|p1a: Corviknight|def|2
|
|upkeep
|turn|14
|
|t:|1769387195
|move|p2a: Rat Tally|Scale Shot|p1a: Corviknight
|-resisted|p1a: Corviknight
|-damage|p1a: Corviknight|11/100
|-resisted|p1a: Corviknight
|-damage|p1a: Corviknight|6/100
|-resisted|p1a: Corviknight
|-damage|p1a: Corviknight|3/100
|-resisted|p1a: Corviknight
|-damage|p1a: Corviknight|0 fnt
|faint|p1a: Corviknight
|-hitcount|p1: Corviknight|4
|-unboost|p2a: Rat Tally|def|1
|-boost|p2a: Rat Tally|spe|1
|
|upkeep
|
|t:|1769387203
|switch|p1a: Ting-Lu|Ting-Lu|94/100 slp
|-damage|p1a: Ting-Lu|88/100 slp|[from] Stealth Rock
|-ability|p1a: Ting-Lu|Vessel of Ruin
|turn|15
|
|t:|1769387206
|move|p2a: Rat Tally|Earthquake|p1a: Ting-Lu
|-damage|p1a: Ting-Lu|0 fnt
|faint|p1a: Ting-Lu
|
|upkeep
|c|☆Auburn Hills|gg
|-message|rblt ryo forfeited.
|
|win|Auburn Hills
|raw|rblt ryo's rating: 1870 &rarr; <strong>1848</strong><br />(-22 for losing)
|raw|Auburn Hills's rating: 1838 &rarr; <strong>1860</strong><br />(+22 for winning)
|l| mega dondozo ex
|l|☆Auburn Hills
|player|p2|
