|j|☆NicheLadder
|j|☆poketrep
|t:|1769303332
|gametype|singles
|player|p1|NicheLadder|170|1638
|player|p2|poketrep|swimmerf|1676
|gen|9
|tier|[Gen 9] OU
|rated|
|rule|HP Percentage Mod: HP is shown in percentages
|rule|Endless Battle Clause: Forcing endless battles is banned
|rule|Species Clause: Limit one of each Pokémon
|rule|OHKO Clause: OHKO moves are banned
|rule|Evasion Items Clause: Evasion items are banned
|rule|Evasion Moves Clause: Evasion moves are banned
|rule|Evasion Abilities Clause: Evasion abilities are banned
|rule|Sleep Moves Clause: Sleep-inducing moves are banned
|clearpoke
|poke|p1|Kingambit, M|
|poke|p1|Corviknight, F|
|poke|p1|Cinderace, M|
|poke|p1|Sylveon, F|
|poke|p1|Darkrai|
|poke|p1|Alomomola, F|
|poke|p2|Rabsca, M|
|poke|p2|Slowking-Galar, F|
|poke|p2|Ursaluna, M|
|poke|p2|Azumarill, F|
|poke|p2|Mimikyu, F|
|poke|p2|Kingambit, M|
|teampreview
|inactive|Battle timer is ON: inactive players will automatically lose when time's up. (requested by NicheLadder)
|
|t:|1769303336
|teamsize|p1|6
|teamsize|p2|6
|start
|switch|p1a: Sylveon|Sylveon, F|100/100
|switch|p2a: Chad|Azumarill, F|100/100
|turn|1
|j| Noname0028
|
|t:|1769303364
|switch|p1a: Corviknight|Corviknight, F|100/100
|-ability|p1a: Corviknight|Pressure
|move|p2a: Chad|Knock Off|p1a: Corviknight
|-damage|p1a: Corviknight|74/100
|-damage|p2a: Chad|84/100|[from] item: Rocky Helmet|[of] p1a: Corviknight
|-enditem|p1a: Corviknight|Rocky Helmet|[from] move: Knock Off|[of] p2a: Chad
|
|upkeep
|turn|2
|
|t:|1769303370
|move|p1a: Corviknight|U-turn|p2a: Chad
|-resisted|p2a: Chad
|-damage|p2a: Chad|77/100
|
|t:|1769303372
|switch|p1a: Alomomola|Alomomola, F|100/100|[from] U-turn
|move|p2a: Chad|Knock Off|p1a: Alomomola
|-damage|p1a: Alomomola|73/100
|-enditem|p1a: Alomomola|Assault Vest|[from] move: Knock Off|[of] p2a: Chad
|
|upkeep
|turn|3
|
|t:|1769303383
|move|p1a: Alomomola|Flip Turn|p2a: Chad
|-resisted|p2a: Chad
|-damage|p2a: Chad|68/100
|
|t:|1769303388
|switch|p1a: Corviknight|Corviknight, F|74/100|[from] Flip Turn
|-ability|p1a: Corviknight|Pressure
|move|p2a: Chad|Knock Off|p1a: Corviknight
|-damage|p1a: Corviknight|58/100
|
|upkeep
|turn|4
|
|t:|1769303391
|switch|p2a: Burr|Slowking-Galar, F|100/100
|move|p1a: Corviknight|Roost|p1a: Corviknight
|-heal|p1a: Corviknight|100/100
|-singleturn|p1a: Corviknight|move: Roost
|
|upkeep
|turn|5
|
|t:|1769303393
|switch|p1a: Kingambit|Kingambit, M|100/100
|move|p2a: Burr|Trick Room|p2a: Burr
|-fieldstart|move: Trick Room|[of] p2a: Burr
|
|upkeep
|turn|6
|
|t:|1769303399
|move|p2a: Burr|Fire Blast|p1a: Kingambit
|-supereffective|p1a: Kingambit
|-damage|p1a: Kingambit|0 fnt
|faint|p1a: Kingambit
|-end|p1a: Kingambit|fallenundefined|[silent]
|-damage|p2a: Burr|91/100|[from] item: Life Orb
|
|upkeep
|
|t:|1769303412
|switch|p1a: Alomomola|Alomomola, F|100/100
|turn|7
|j| Cursed16
|inactive|poketrep has 120 seconds left.
|l| Cursed16
|l|☆poketrep
|inactive|poketrep disconnected and has a minute to reconnect!
|player|p2|
|j|☆poketrep
|inactive|poketrep reconnected and has 95 seconds left.
|player|p2|poketrep|swimmerf|
|inactive|poketrep has 90 seconds left.
|inactive|poketrep has 60 seconds left.
|
|t:|1769303532
|switch|p2a: Village Crusher|Ursaluna, M|100/100
|move|p1a: Alomomola|Mirror Coat||[still]
|-fail|p1a: Alomomola
|
|-status|p2a: Village Crusher|brn|[from] item: Flame Orb
|upkeep
|turn|8
|
|t:|1769303540
|move|p2a: Village Crusher|Swords Dance|p2a: Village Crusher
|-boost|p2a: Village Crusher|atk|2
|move|p1a: Alomomola|Flip Turn|p2a: Village Crusher
|-supereffective|p2a: Village Crusher
|-damage|p2a: Village Crusher|75/100 brn
|
|t:|1769303545
|switch|p1a: Corviknight|Corviknight, F|100/100|[from] Flip Turn
|-ability|p1a: Corviknight|Pressure
|
|-damage|p2a: Village Crusher|69/100 brn|[from] brn
|upkeep
|turn|9
|
|t:|1769303550
|-terastallize|p2a: Village Crusher|Normal
|move|p2a: Village Crusher|Facade|p1a: Corviknight
|-resisted|p1a: Corviknight
|-damage|p1a: Corviknight|2/100
|move|p1a: Corviknight|Iron Defense|p1a: Corviknight
|-boost|p1a: Corviknight|def|2
|
|-damage|p2a: Village Crusher|63/100 brn|[from] brn
|-fieldend|move: Trick Room
|upkeep
|turn|10
|j| averyradiant
|
|t:|1769303559
|move|p1a: Corviknight|Roost|p1a: Corviknight
|-heal|p1a: Corviknight|52/100
|-singleturn|p1a: Corviknight|move: Roost
|move|p2a: Village Crusher|Headlong Rush|p1a: Corviknight
|-supereffective|p1a: Corviknight
|-damage|p1a: Corviknight|0 fnt
|-unboost|p2a: Village Crusher|def|1
|-unboost|p2a: Village Crusher|spd|1
|faint|p1a: Corviknight
|
|-damage|p2a: Village Crusher|57/100 brn|[from] brn
|upkeep
|l| averyradiant
|
|t:|1769303563
|switch|p1a: Sylveon|Sylveon, F|100/100
|turn|11
|
|t:|1769303568
|switch|p2a: Burr|Slowking-Galar, F|100/100
|-terastallize|p1a: Sylveon|Fairy
|move|p1a: Sylveon|Hyper Voice|p2a: Burr
|-resisted|p2a: Burr
|-damage|p2a: Burr|59/100
|
|upkeep
|turn|12
|
|t:|1769303576
|move|p1a: Sylveon|Hyper Voice|p2a: Burr
|-resisted|p2a: Burr
|-damage|p2a: Burr|12/100
|move|p2a: Burr|Trick Room|p2a: Burr
|-fieldstart|move: Trick Room|[of] p2a: Burr
|
|upkeep
|turn|13
|
|t:|1769303579
|switch|p1a: Alomomola|Alomomola, F|100/100
|move|p2a: Burr|Sludge Wave|p1a: Alomomola
|-damage|p1a: Alomomola|49/100
|-damage|p2a: Burr|3/100|[from] item: Life Orb
|
|upkeep
|turn|14
|
|t:|1769303591
|switch|p2a: Chad|Azumarill, F|68/100
|move|p1a: Alomomola|Flip Turn|p2a: Chad
|-resisted|p2a: Chad
|-damage|p2a: Chad|60/100
|
|t:|1769303598
|switch|p1a: Sylveon|Sylveon, F, tera:Fairy|100/100|[from] Flip Turn
|
|upkeep
|turn|15
|
|t:|1769303608
|switch|p1a: Alomomola|Alomomola, F|82/100
|move|p2a: Chad|Knock Off|p1a: Alomomola
|-damage|p1a: Alomomola|65/100
|
|upkeep
|turn|16
|
|t:|1769303616
|move|p2a: Chad|Play Rough|p1a: Alomomola
|-damage|p1a: Alomomola|27/100
|move|p1a: Alomomola|Flip Turn|p2a: Chad
|-resisted|p2a: Chad
|-damage|p2a: Chad|52/100
|
|t:|1769303619
|switch|p1a: Sylveon|Sylveon, F, tera:Fairy|100/100|[from] Flip Turn
|
|-fieldend|move: Trick Room
|upkeep
|turn|17
|inactive|poketrep has 120 seconds left.
|
|t:|1769303636
|move|p1a: Sylveon|Hyper Voice|p2a: Chad
|-damage|p2a: Chad|0 fnt
|faint|p2a: Chad
|
|upkeep
|
|t:|1769303645
|switch|p2a: Decoy|Mimikyu, F|100/100
|turn|18
|
|t:|1769303649
|move|p1a: Sylveon|Hyper Voice|p2a: Decoy
|-activate|p2a: Decoy|ability: Disguise
|-damage|p2a: Decoy|100/100
|detailschange|p2a: Decoy|Mimikyu-Busted, F
|-damage|p2a: Decoy|88/100|[from] pokemon: Mimikyu-Busted
|move|p2a: Decoy|Trick Room|p2a: Decoy
|-fieldstart|move: Trick Room|[of] p2a: Decoy
|
|upkeep
|turn|19
|
|t:|1769303659
|switch|p1a: Alomomola|Alomomola, F|60/100
|switch|p2a: Shogun|Kingambit, M|100/100
|-activate|p2a: Shogun|ability: Supreme Overlord
|-start|p2a: Shogun|fallen1|[silent]
|
|upkeep
|turn|20
|
|t:|1769303667
|move|p2a: Shogun|Kowtow Cleave|p1a: Alomomola
|-damage|p1a: Alomomola|14/100
|move|p1a: Alomomola|Flip Turn|p2a: Shogun
|-damage|p2a: Shogun|89/100
|
|t:|1769303673
|switch|p1a: Cinderace|Cinderace, M|100/100|[from] Flip Turn
|
|upkeep
|turn|21
|
|t:|1769303677
|move|p2a: Shogun|Iron Head|p1a: Cinderace
|-resisted|p1a: Cinderace
|-damage|p1a: Cinderace|65/100
|cant|p1a: Cinderace|flinch
|
|upkeep
|turn|22
|
|t:|1769303697
|move|p1a: Cinderace|Sucker Punch|p2a: Shogun
|-start|p1a: Cinderace|typechange|Dark|[from] ability: Libero
|-resisted|p2a: Shogun
|-damage|p2a: Shogun|78/100
|move|p2a: Shogun|Kowtow Cleave|p1a: Cinderace
|-resisted|p1a: Cinderace
|-damage|p1a: Cinderace|15/100
|
|-fieldend|move: Trick Room
|upkeep
|turn|23
|
|t:|1769303710
|-end|p2a: Shogun|fallen1|[silent]
|switch|p2a: Atonement|Rabsca, M|100/100
|move|p1a: Cinderace|Pyro Ball|p2a: Atonement|[miss]
|-miss|p1a: Cinderace|p2a: Atonement
|
|upkeep
|turn|24
|
|t:|1769303717
|move|p1a: Cinderace|Pyro Ball|p2a: Atonement
|-supereffective|p2a: Atonement
|-damage|p2a: Atonement|39/100
|move|p2a: Atonement|Trick Room|p2a: Atonement
|-fieldstart|move: Trick Room|[of] p2a: Atonement
|
|upkeep
|turn|25
|
|t:|1769303724
|move|p2a: Atonement|Revival Blessing|p2a: Atonement
|
|t:|1769303725
|-heal|p2: Chad|50/100|[from] move: Revival Blessing
|move|p1a: Cinderace|U-turn|p2a: Atonement
|-supereffective|p2a: Atonement
|-damage|p2a: Atonement|1/100
|inactive|NicheLadder has 120 seconds left.
|
|t:|1769303763
|switch|p1a: Alomomola|Alomomola, F|47/100|[from] U-turn
|
|upkeep
|turn|26
|
|t:|1769303775
|move|p2a: Atonement|Future Sight|p1a: Alomomola
|-start|p2a: Atonement|move: Future Sight
|move|p1a: Alomomola|Flip Turn|p2a: Atonement
|-damage|p2a: Atonement|0 fnt
|faint|p2a: Atonement
|inactive|NicheLadder has 120 seconds left.
|l|☆NicheLadder
|inactive|NicheLadder disconnected and has a minute to reconnect!
|player|p1|
|j|☆NicheLadder
|inactive|NicheLadder reconnected and has 105 seconds left.
|player|p1|NicheLadder|170|
|inactive|NicheLadder has 90 seconds left.
|
|t:|1769303823
|switch|p1a: Cinderace|Cinderace, M|15/100|[from] Flip Turn
|
|upkeep
|
|t:|1769303832
|switch|p2a: Village Crusher|Ursaluna, M, tera:Normal|57/100 brn
|turn|27
|
|t:|1769303838
|move|p1a: Cinderace|Sucker Punch|p2a: Village Crusher
|-start|p1a: Cinderace|typechange|Dark|[from] ability: Libero
|-damage|p2a: Village Crusher|34/100 brn
|move|p2a: Village Crusher|Facade|p1a: Cinderace
|-damage|p1a: Cinderace|0 fnt
|faint|p1a: Cinderace
|
|-damage|p2a: Village Crusher|28/100 brn|[from] brn
|upkeep
|
|t:|1769303847
|switch|p1a: Alomomola|Alomomola, F|80/100
|turn|28
|
|t:|1769303849
|move|p2a: Village Crusher|Facade|p1a: Alomomola
|-damage|p1a: Alomomola|0 fnt
|faint|p1a: Alomomola
|
|-hint|Future Sight did not hit because the target is fainted.
|-damage|p2a: Village Crusher|22/100 brn|[from] brn
|-fieldend|move: Trick Room
|upkeep
|
|t:|1769303852
|switch|p1a: Sylveon|Sylveon, F, tera:Fairy|100/100
|turn|29
|
|t:|1769303861
|switch|p2a: Decoy|Mimikyu-Busted, F|88/100
|move|p1a: Sylveon|Hyper Voice|p2a: Decoy
|-damage|p2a: Decoy|0 fnt
|faint|p2a: Decoy
|
|upkeep
|
|t:|1769303865
|switch|p2a: Burr|Slowking-Galar, F|36/100
|turn|30
|
|t:|1769303867
|switch|p2a: Chad|Azumarill, F|50/100
|move|p1a: Sylveon|Hyper Voice|p2a: Chad
|-damage|p2a: Chad|0 fnt
|faint|p2a: Chad
|
|upkeep
|
|t:|1769303870
|switch|p2a: Burr|Slowking-Galar, F|69/100
|turn|31
|
|t:|1769303875
|switch|p1a: Darkrai|Darkrai|100/100
|move|p2a: Burr|Trick Room|p2a: Burr
|-fieldstart|move: Trick Room|[of] p2a: Burr
|
|upkeep
|turn|32
|
|t:|1769303882
|move|p2a: Burr|Sludge Wave|p1a: Darkrai
|-damage|p1a: Darkrai|21/100
|-status|p1a: Darkrai|psn
|-damage|p2a: Burr|59/100|[from] item: Life Orb
|move|p1a: Darkrai|Dark Pulse|p2a: Burr
|-supereffective|p2a: Burr
|-damage|p2a: Burr|0 fnt
|faint|p2a: Burr
|
|-damage|p1a: Darkrai|8/100 psn|[from] psn
|upkeep
|
|t:|1769303886
|switch|p2a: Shogun|Kingambit, M|78/100
|-activate|p2a: Shogun|ability: Supreme Overlord
|-start|p2a: Shogun|fallen5|[silent]
|turn|33
|
|t:|1769303888
|move|p2a: Shogun|Iron Head|p1a: Darkrai
|-damage|p1a: Darkrai|0 fnt
|faint|p1a: Darkrai
|
|upkeep
|
|t:|1769303890
|switch|p1a: Sylveon|Sylveon, F, tera:Fairy|100/100
|turn|34
|
|t:|1769303894
|move|p2a: Shogun|Iron Head|p1a: Sylveon
|-supereffective|p1a: Sylveon
|-damage|p1a: Sylveon|0 fnt
|faint|p1a: Sylveon
|
|win|poketrep
|raw|NicheLadder's rating: 1638 &rarr; <strong>1620</strong><br />(-18 for losing)
|raw|poketrep's rating: 1676 &rarr; <strong>1694</strong><br />(+18 for winning)
|l|☆NicheLadder
|player|p1|
|l|☆poketrep
|player|p2|
|l| Noname0028
