|j|☆Bug Trainer Barry
|j|☆patea viejitas
|t:|1769447685
|gametype|singles
|player|p1|Bug Trainer Barry|bugcatcher-gen4dp|1305
|player|p2|patea viejitas|ltsurge|1301
|gen|9
|tier|[Gen 9] OU
|rated|
|rule|HP Percentage Mod: HP is shown in percentages
|rule|Endless Battle Clause: Forcing endless battles is banned
|rule|Species Clause: Limit one of each Pokémon
|rule|OHKO Clause: OHKO moves are banned
|rule|Evasion Items Clause: Evasion items are banned
|rule|Evasion Moves Clause: Evasion moves are banned
|rule|Evasion Abilities Clause: Evasion abilities are banned
|rule|Sleep Moves Clause: Sleep-inducing moves are banned
|clearpoke
|poke|p1|Illumise, F|
|poke|p1|Lokix, M|
|poke|p1|Forretress, F|
|poke|p1|Yanmega, F|
|poke|p1|Araquanid, M|
|poke|p1|Slither Wing|
|poke|p2|Dragapult, M|
|poke|p2|Skeledirge, M|
|poke|p2|Dragonite, M|
|poke|p2|Samurott-Hisui, M|
|poke|p2|Great Tusk|
|poke|p2|Gholdengo|
|teampreview
|
|t:|1769447692
|teamsize|p1|6
|teamsize|p2|6
|start
|switch|p1a: Lokix|Lokix, M|100/100
|switch|p2a: Samurott|Samurott-Hisui, M|100/100
|turn|1
|
|t:|1769447696
|move|p1a: Lokix|U-turn|p2a: Samurott
|-supereffective|p2a: Samurott
|-enditem|p2a: Samurott|Focus Sash
|-damage|p2a: Samurott|1/100
|
|t:|1769447698
|switch|p1a: Forretress|Forretress, F|100/100|[from] U-turn
|move|p2a: Samurott|Ceaseless Edge|p1a: Forretress|[miss]
|-miss|p2a: Samurott|p1a: Forretress
|
|upkeep
|turn|2
|
|t:|1769447703
|move|p2a: Samurott|Ceaseless Edge|p1a: Forretress
|-damage|p1a: Forretress|76/100
|-damage|p2a: Samurott|0 fnt|[from] item: Rocky Helmet|[of] p1a: Forretress
|faint|p2a: Samurott
|move|p1a: Forretress|Stealth Rock|p2: Samurott
|-sidestart|p2: patea viejitas|move: Stealth Rock
|
|upkeep
|
|t:|1769447709
|switch|p2a: Skeledirge|Skeledirge, M|100/100
|-damage|p2a: Skeledirge|75/100|[from] Stealth Rock
|turn|3
|
|t:|1769447713
|switch|p1a: Araquanid|Araquanid, M|100/100
|move|p2a: Skeledirge|Will-O-Wisp|p1a: Araquanid
|-immune|p1a: Araquanid|[from] ability: Water Bubble
|
|-heal|p2a: Skeledirge|82/100|[from] item: Leftovers
|upkeep
|turn|4
|
|t:|1769447718
|switch|p2a: Dragonite|Dragonite, M|100/100
|move|p1a: Araquanid|Surf|p2a: Dragonite
|-resisted|p2a: Dragonite
|-damage|p2a: Dragonite|86/100
|
|upkeep
|turn|5
|
|t:|1769447725
|move|p2a: Dragonite|Dragon Dance|p2a: Dragonite
|-boost|p2a: Dragonite|atk|1
|-boost|p2a: Dragonite|spe|1
|move|p1a: Araquanid|Sticky Web|p2a: Dragonite
|-sidestart|p2: patea viejitas|move: Sticky Web
|
|upkeep
|turn|6
|
|t:|1769447728
|switch|p1a: Illumise|Illumise, F|100/100
|move|p2a: Dragonite|Dragon Dance|p2a: Dragonite
|-boost|p2a: Dragonite|atk|1
|-boost|p2a: Dragonite|spe|1
|
|upkeep
|turn|7
|
|t:|1769447733
|move|p1a: Illumise|Encore|p2a: Dragonite
|-start|p2a: Dragonite|Encore
|move|p2a: Dragonite|Dragon Dance|p2a: Dragonite
|-boost|p2a: Dragonite|atk|1
|-boost|p2a: Dragonite|spe|1
|
|upkeep
|turn|8
|
|t:|1769447736
|move|p2a: Dragonite|Dragon Dance|p2a: Dragonite
|-boost|p2a: Dragonite|atk|1
|-boost|p2a: Dragonite|spe|1
|move|p1a: Illumise|U-turn|p2a: Dragonite
|-resisted|p2a: Dragonite
|-damage|p2a: Dragonite|78/100
|
|t:|1769447739
|switch|p1a: Lokix|Lokix, M|100/100|[from] U-turn
|
|upkeep
|turn|9
|
|t:|1769447742
|move|p2a: Dragonite|Dragon Dance|p2a: Dragonite
|-boost|p2a: Dragonite|atk|1
|-boost|p2a: Dragonite|spe|1
|move|p1a: Lokix|U-turn|p2a: Dragonite
|-resisted|p2a: Dragonite
|-damage|p2a: Dragonite|30/100
|
|t:|1769447745
|switch|p1a: Illumise|Illumise, F|100/100|[from] U-turn
|
|-end|p2a: Dragonite|Encore
|upkeep
|turn|10
|
|t:|1769447747
|-terastallize|p2a: Dragonite|Normal
|move|p2a: Dragonite|Extreme Speed|p1a: Illumise
|-damage|p1a: Illumise|0 fnt
|faint|p1a: Illumise
|
|upkeep
|
|t:|1769447757
|switch|p1a: Araquanid|Araquanid, M|100/100
|turn|11
|
|t:|1769447762
|-terastallize|p1a: Araquanid|Ghost
|move|p2a: Dragonite|Extreme Speed|p1a: Araquanid
|-immune|p1a: Araquanid
|move|p1a: Araquanid|Surf|p2a: Dragonite
|-damage|p2a: Dragonite|0 fnt
|faint|p2a: Dragonite
|
|upkeep
|
|t:|1769447766
|switch|p2a: Gholdengo|Gholdengo|100/100
|-damage|p2a: Gholdengo|94/100|[from] Stealth Rock
|-activate|p2a: Gholdengo|move: Sticky Web
|-unboost|p2a: Gholdengo|spe|1
|turn|12
|
|t:|1769447779
|switch|p1a: Forretress|Forretress, F|76/100
|move|p2a: Gholdengo|Shadow Ball|p1a: Forretress
|-damage|p1a: Forretress|18/100
|
|upkeep
|turn|13
|
|t:|1769447782
|move|p2a: Gholdengo|Shadow Ball|p1a: Forretress
|-damage|p1a: Forretress|0 fnt
|faint|p1a: Forretress
|
|upkeep
|
|t:|1769447785
|switch|p1a: Lokix|Lokix, M|100/100
|turn|14
|
|t:|1769447788
|switch|p2a: Great Tusk|Great Tusk|100/100
|-damage|p2a: Great Tusk|98/100|[from] Stealth Rock
|-activate|p2a: Great Tusk|move: Sticky Web
|-unboost|p2a: Great Tusk|spe|1
|-enditem|p2a: Great Tusk|Booster Energy
|-activate|p2a: Great Tusk|ability: Protosynthesis|[fromitem]
|-start|p2a: Great Tusk|protosynthesisatk
|move|p1a: Lokix|Knock Off|p2a: Great Tusk
|-resisted|p2a: Great Tusk
|-damage|p2a: Great Tusk|64/100
|
|upkeep
|turn|15
|
|t:|1769447792
|switch|p1a: Araquanid|Araquanid, M, tera:Ghost|100/100
|move|p2a: Great Tusk|Rapid Spin|p1a: Araquanid
|-immune|p1a: Araquanid
|
|upkeep
|turn|16
|
|t:|1769447796
|move|p2a: Great Tusk|Stealth Rock|p1a: Araquanid
|-sidestart|p1: Bug Trainer Barry|move: Stealth Rock
|move|p1a: Araquanid|Surf|p2a: Great Tusk
|-supereffective|p2a: Great Tusk
|-damage|p2a: Great Tusk|0 fnt
|faint|p2a: Great Tusk
|-end|p2a: Great Tusk|Protosynthesis|[silent]
|
|upkeep
|
|t:|1769447799
|switch|p2a: Gholdengo|Gholdengo|94/100
|-damage|p2a: Gholdengo|88/100|[from] Stealth Rock
|-activate|p2a: Gholdengo|move: Sticky Web
|-unboost|p2a: Gholdengo|spe|1
|turn|17
|
|t:|1769447807
|move|p2a: Gholdengo|Shadow Ball|p1a: Araquanid
|-supereffective|p1a: Araquanid
|-damage|p1a: Araquanid|36/100
|move|p1a: Araquanid|Surf|p2a: Gholdengo
|-damage|p2a: Gholdengo|27/100
|
|upkeep
|turn|18
|
|t:|1769447811
|move|p1a: Araquanid|Endure|p1a: Araquanid
|-singleturn|p1a: Araquanid|move: Endure
|move|p2a: Gholdengo|Shadow Ball|p1a: Araquanid
|-supereffective|p1a: Araquanid
|-activate|p1a: Araquanid|move: Endure
|-damage|p1a: Araquanid|1/100
|
|upkeep
|turn|19
|-enditem|p1a: Araquanid|Custap Berry|[eat]
|-activate|p1a: Araquanid|item: Custap Berry|[consumed]
|
|t:|1769447814
|move|p1a: Araquanid|Surf|p2a: Gholdengo
|-damage|p2a: Gholdengo|0 fnt
|faint|p2a: Gholdengo
|
|upkeep
|
|t:|1769447818
|switch|p2a: Dragapult|Dragapult, M|100/100
|-damage|p2a: Dragapult|88/100|[from] Stealth Rock
|-activate|p2a: Dragapult|move: Sticky Web
|-fail|p2a: Dragapult|unboost|[from] ability: Clear Body|[of] p2a: Dragapult
|turn|20
|
|t:|1769447823
|move|p2a: Dragapult|U-turn|p1a: Araquanid
|-resisted|p1a: Araquanid
|-damage|p1a: Araquanid|0 fnt
|faint|p1a: Araquanid
|-damage|p2a: Dragapult|78/100|[from] item: Life Orb
|
|t:|1769447825
|switch|p2a: Skeledirge|Skeledirge, M|82/100|[from] U-turn
|-damage|p2a: Skeledirge|57/100|[from] Stealth Rock
|-activate|p2a: Skeledirge|move: Sticky Web
|-unboost|p2a: Skeledirge|spe|1
|
|-heal|p2a: Skeledirge|63/100|[from] item: Leftovers
|upkeep
|
|t:|1769447828
|switch|p1a: Lokix|Lokix, M|100/100
|-damage|p1a: Lokix|76/100|[from] Stealth Rock
|turn|21
|
|t:|1769447833
|move|p1a: Lokix|Knock Off|p2a: Skeledirge
|-supereffective|p2a: Skeledirge
|-damage|p2a: Skeledirge|0 fnt
|-enditem|p2a: Skeledirge|Leftovers|[from] move: Knock Off|[of] p1a: Lokix
|faint|p2a: Skeledirge
|
|upkeep
|
|t:|1769447835
|switch|p2a: Dragapult|Dragapult, M|78/100
|-damage|p2a: Dragapult|66/100|[from] Stealth Rock
|-activate|p2a: Dragapult|move: Sticky Web
|-fail|p2a: Dragapult|unboost|[from] ability: Clear Body|[of] p2a: Dragapult
|turn|22
|
|t:|1769447840
|switch|p1a: Slither Wing|Slither Wing|100/100
|-damage|p1a: Slither Wing|88/100|[from] Stealth Rock
|-enditem|p1a: Slither Wing|Booster Energy
|-activate|p1a: Slither Wing|ability: Protosynthesis|[fromitem]
|-start|p1a: Slither Wing|protosynthesisatk
|move|p2a: Dragapult|Dragon Darts|p1a: Slither Wing
|-damage|p1a: Slither Wing|52/100
|-anim|p2a: Dragapult|Dragon Darts|p1a: Slither Wing
|-damage|p1a: Slither Wing|14/100
|-damage|p2a: Dragapult|56/100|[from] item: Life Orb
|
|upkeep
|turn|23
|
|t:|1769447844
|move|p2a: Dragapult|Dragon Darts|p1a: Slither Wing
|-damage|p1a: Slither Wing|0 fnt
|faint|p1a: Slither Wing
|-end|p1a: Slither Wing|Protosynthesis|[silent]
|-damage|p2a: Dragapult|47/100|[from] item: Life Orb
|
|upkeep
|
|t:|1769447848
|switch|p1a: Yanmega|Yanmega, F|100/100
|-damage|p1a: Yanmega|51/100|[from] Stealth Rock
|turn|24
|
|t:|1769447852
|move|p2a: Dragapult|Dragon Darts|p1a: Yanmega
|-damage|p1a: Yanmega|9/100
|-anim|p2a: Dragapult|Dragon Darts|p1a: Yanmega
|-damage|p1a: Yanmega|0 fnt
|faint|p1a: Yanmega
|-damage|p2a: Dragapult|37/100|[from] item: Life Orb
|
|upkeep
|
|t:|1769447853
|switch|p1a: Lokix|Lokix, M|76/100
|-damage|p1a: Lokix|51/100|[from] Stealth Rock
|turn|25
|
|t:|1769447856
|move|p1a: Lokix|First Impression|p2a: Dragapult
|-resisted|p2a: Dragapult
|-damage|p2a: Dragapult|0 fnt
|faint|p2a: Dragapult
|
|win|Bug Trainer Barry
|raw|Bug Trainer Barry's rating: 1305 &rarr; <strong>1325</strong><br />(+20 for winning)
|raw|patea viejitas's rating: 1301 &rarr; <strong>1281</strong><br />(-20 for losing)
|c|☆patea viejitas|gg
|c|☆Bug Trainer Barry|ggs
|c|☆patea viejitas|nice team
|c|☆Bug Trainer Barry|ty
