|j|☆klefki_did_it
|j|☆hotdog49
|t:|1769314533
|gametype|singles
|player|p1|klefki_did_it|skier|1278
|player|p2|hotdog49|2|1305
|gen|9
|tier|[Gen 9] OU
|rated|
|rule|HP Percentage Mod: HP is shown in percentages
|rule|Endless Battle Clause: Forcing endless battles is banned
|rule|Species Clause: Limit one of each Pokémon
|rule|OHKO Clause: OHKO moves are banned
|rule|Evasion Items Clause: Evasion items are banned
|rule|Evasion Moves Clause: Evasion moves are banned
|rule|Evasion Abilities Clause: Evasion abilities are banned
|rule|Sleep Moves Clause: Sleep-inducing moves are banned
|clearpoke
|poke|p1|Zweilous, F|
|poke|p1|Mienshao, F|
|poke|p1|Flapple, F|
|poke|p1|Sandy Shocks|
|poke|p1|Hitmonlee, M|
|poke|p1|Staraptor, M|
|poke|p2|Primarina, M|
|poke|p2|Great Tusk|
|poke|p2|Kingambit, M|
|poke|p2|Slowking-Galar, M|
|poke|p2|Ogerpon, F|
|poke|p2|Enamorus, F|
|teampreview
|inactive|Battle timer is ON: inactive players will automatically lose when time's up. (requested by klefki_did_it)
|
|t:|1769314546
|teamsize|p1|6
|teamsize|p2|6
|start
|switch|p1a: Flapple|Flapple, F, shiny|100/100
|switch|p2a: Ogerpon|Ogerpon, F|100/100
|turn|1
|
|t:|1769314562
|move|p1a: Flapple|Grav Apple|p2a: Ogerpon
|-resisted|p2a: Ogerpon
|-damage|p2a: Ogerpon|67/100
|-unboost|p2a: Ogerpon|def|1
|-ability|p2a: Ogerpon|Defiant|boost
|-boost|p2a: Ogerpon|atk|2
|move|p2a: Ogerpon|U-turn|p1a: Flapple
|-supereffective|p1a: Flapple
|-damage|p1a: Flapple|0 fnt
|faint|p1a: Flapple
|
|t:|1769314580
|switch|p2a: Great Tusk|Great Tusk, shiny|100/100|[from] U-turn
|
|upkeep
|
|t:|1769314585
|switch|p1a: Staraptor|Staraptor, M, shiny|100/100
|turn|2
|
|t:|1769314596
|move|p1a: Staraptor|Brave Bird|p2a: Great Tusk
|-supereffective|p2a: Great Tusk
|-crit|p2a: Great Tusk
|-damage|p2a: Great Tusk|0 fnt
|-damage|p1a: Staraptor|84/100|[from] item: Rocky Helmet|[of] p2a: Great Tusk
|faint|p2a: Great Tusk
|-end|p2a: Great Tusk|Protosynthesis|[silent]
|-damage|p1a: Staraptor|45/100|[from] Recoil
|
|upkeep
|
|t:|1769314601
|switch|p2a: Enamorus|Enamorus, F, shiny|100/100
|turn|3
|
|t:|1769314605
|move|p2a: Enamorus|Moonblast|p1a: Staraptor
|-damage|p1a: Staraptor|0 fnt
|faint|p1a: Staraptor
|
|upkeep
|
|t:|1769314610
|switch|p1a: Sandy Shocks|Sandy Shocks, shiny|100/100
|turn|4
|
|t:|1769314618
|switch|p2a: Slowking|Slowking-Galar, M, shiny|100/100
|move|p1a: Sandy Shocks|Volt Switch|p2a: Slowking
|-damage|p2a: Slowking|81/100
|
|t:|1769314626
|-end|p1a: Sandy Shocks|Protosynthesis|[silent]
|switch|p1a: Zweilous|Zweilous, F, shiny|100/100|[from] Volt Switch
|
|upkeep
|turn|5
|
|t:|1769314636
|move|p1a: Zweilous|Crunch|p2a: Slowking
|-supereffective|p2a: Slowking
|-damage|p2a: Slowking|19/100
|move|p2a: Slowking|Ice Beam|p1a: Zweilous
|-supereffective|p1a: Zweilous
|-damage|p1a: Zweilous|25/100
|
|upkeep
|turn|6
|
|t:|1769314646
|switch|p2a: Primarina|Primarina, M, shiny|100/100
|move|p1a: Zweilous|Crunch|p2a: Primarina
|-resisted|p2a: Primarina
|-damage|p2a: Primarina|66/100
|
|-heal|p2a: Primarina|72/100|[from] item: Leftovers
|upkeep
|turn|7
|
|t:|1769314649
|move|p1a: Zweilous|Crunch|p2a: Primarina
|-resisted|p2a: Primarina
|-damage|p2a: Primarina|37/100
|move|p2a: Primarina|Psychic Noise|p1a: Zweilous
|-resisted|p1a: Zweilous
|-damage|p1a: Zweilous|0 fnt
|faint|p1a: Zweilous
|
|-heal|p2a: Primarina|43/100|[from] item: Leftovers
|upkeep
|
|t:|1769314657
|switch|p1a: Hitmonlee|Hitmonlee, M, shiny|100/100
|turn|8
|
|t:|1769314676
|move|p1a: Hitmonlee|Axe Kick|p2a: Primarina
|-resisted|p2a: Primarina
|-damage|p2a: Primarina|0 fnt
|faint|p2a: Primarina
|
|upkeep
|
|t:|1769314678
|switch|p2a: Enamorus|Enamorus, F, shiny|100/100
|turn|9
|
|t:|1769314684
|move|p2a: Enamorus|Moonblast|p1a: Hitmonlee
|-supereffective|p1a: Hitmonlee
|-damage|p1a: Hitmonlee|0 fnt
|faint|p1a: Hitmonlee
|
|upkeep
|
|t:|1769314694
|switch|p1a: Mienshao|Mienshao, F, shiny|100/100
|turn|10
|
|t:|1769314719
|move|p1a: Mienshao|Stone Edge|p2a: Enamorus
|-supereffective|p2a: Enamorus
|-crit|p2a: Enamorus
|-damage|p2a: Enamorus|0 fnt
|faint|p2a: Enamorus
|
|upkeep
|
|t:|1769314727
|switch|p2a: Ogerpon|Ogerpon, F|67/100
|turn|11
|
|t:|1769314730
|move|p1a: Mienshao|Stone Edge|p2a: Ogerpon
|-damage|p2a: Ogerpon|26/100
|move|p2a: Ogerpon|Ivy Cudgel|p1a: Mienshao
|-damage|p1a: Mienshao|0 fnt
|faint|p1a: Mienshao
|
|upkeep
|
|t:|1769314736
|switch|p1a: Sandy Shocks|Sandy Shocks, shiny|100/100
|turn|12
|
|t:|1769314751
|-terastallize|p1a: Sandy Shocks|Electric
|move|p1a: Sandy Shocks|Volt Switch|p2a: Ogerpon
|-resisted|p2a: Ogerpon
|-damage|p2a: Ogerpon|0 fnt
|faint|p2a: Ogerpon
|
|upkeep
|
|t:|1769314757
|switch|p2a: Kingambit|Kingambit, M, shiny|100/100
|-activate|p2a: Kingambit|ability: Supreme Overlord
|-start|p2a: Kingambit|fallen4|[silent]
|turn|13
|
|t:|1769314761
|move|p1a: Sandy Shocks|Volt Switch|p2a: Kingambit
|-damage|p2a: Kingambit|55/100
|move|p2a: Kingambit|Kowtow Cleave|p1a: Sandy Shocks
|-damage|p1a: Sandy Shocks|23/100
|
|-heal|p2a: Kingambit|61/100|[from] item: Leftovers
|upkeep
|turn|14
|
|t:|1769314768
|move|p2a: Kingambit|Sucker Punch|p1a: Sandy Shocks
|-damage|p1a: Sandy Shocks|0 fnt
|faint|p1a: Sandy Shocks
|-end|p1a: Sandy Shocks|Protosynthesis|[silent]
|
|win|hotdog49
|raw|klefki_did_it's rating: 1278 &rarr; <strong>1255</strong><br />(-23 for losing)
|raw|hotdog49's rating: 1305 &rarr; <strong>1323</strong><br />(+18 for winning)
|l|☆klefki_did_it
|player|p1|
|l|☆hotdog49
|player|p2|
