|j|☆iemonemon
|j|☆bigter
|t:|1769323234
|gametype|singles
|player|p1|iemonemon|clown|1364
|player|p2|bigter|hoopster|1299
|gen|9
|tier|[Gen 9] OU
|rated|
|rule|HP Percentage Mod: HP is shown in percentages
|rule|Endless Battle Clause: Forcing endless battles is banned
|rule|Species Clause: Limit one of each Pokémon
|rule|OHKO Clause: OHKO moves are banned
|rule|Evasion Items Clause: Evasion items are banned
|rule|Evasion Moves Clause: Evasion moves are banned
|rule|Evasion Abilities Clause: Evasion abilities are banned
|rule|Sleep Moves Clause: Sleep-inducing moves are banned
|clearpoke
|poke|p1|Hatterene, F|
|poke|p1|Ursaluna, M|
|poke|p1|Porygon2|
|poke|p1|Cresselia, F|
|poke|p1|Iron Hands|
|poke|p1|Volcanion|
|poke|p2|Dragonite, F|
|poke|p2|Gholdengo|
|poke|p2|Regidrago|
|poke|p2|Scizor, M|
|poke|p2|Ting-Lu|
|poke|p2|Weezing-Galar, M|
|teampreview
|inactive|Battle timer is ON: inactive players will automatically lose when time's up. (requested by bigter)
|inactive|iemonemon also wants the timer to be on.
|inactive|iemonemon has 120 seconds left.
|inactive|bigter has 120 seconds left.
|
|t:|1769323277
|teamsize|p1|6
|teamsize|p2|6
|start
|switch|p1a: Brand|Hatterene, F, shiny|100/100
|switch|p2a: Scizor|Scizor, M|100/100
|turn|1
|
|t:|1769323294
|switch|p1a: Saturn|Volcanion|100/100
|move|p2a: Scizor|Knock Off|p1a: Saturn
|-damage|p1a: Saturn|57/100
|-enditem|p1a: Saturn|Choice Specs|[from] move: Knock Off|[of] p2a: Scizor
|
|upkeep
|turn|2
|
|t:|1769323306
|switch|p2a: Ting-Lu|Ting-Lu|100/100
|-ability|p2a: Ting-Lu|Vessel of Ruin
|move|p1a: Saturn|Flamethrower|p2a: Ting-Lu
|-crit|p2a: Ting-Lu
|-damage|p2a: Ting-Lu|70/100
|
|-heal|p2a: Ting-Lu|76/100|[from] item: Leftovers
|upkeep
|turn|3
|
|t:|1769323324
|move|p1a: Saturn|Steam Eruption|p2a: Ting-Lu
|-supereffective|p2a: Ting-Lu
|-damage|p2a: Ting-Lu|25/100
|-status|p2a: Ting-Lu|brn
|move|p2a: Ting-Lu|Stealth Rock|p1a: Saturn
|-sidestart|p1: iemonemon|move: Stealth Rock
|
|-heal|p2a: Ting-Lu|32/100 brn|[from] item: Leftovers
|-damage|p2a: Ting-Lu|25/100 brn|[from] brn
|upkeep
|turn|4
|
|t:|1769323331
|switch|p2a: Dragonite|Dragonite, F|100/100
|move|p1a: Saturn|Steam Eruption|p2a: Dragonite
|-resisted|p2a: Dragonite
|-damage|p2a: Dragonite|85/100
|
|upkeep
|turn|5
|
|t:|1769323348
|move|p2a: Dragonite|Dragon Dance|p2a: Dragonite
|-boost|p2a: Dragonite|atk|1
|-boost|p2a: Dragonite|spe|1
|move|p1a: Saturn|Sludge Bomb|p2a: Dragonite
|-damage|p2a: Dragonite|51/100
|-status|p2a: Dragonite|psn
|
|-damage|p2a: Dragonite|38/100 psn|[from] psn
|upkeep
|turn|6
|
|t:|1769323353
|move|p2a: Dragonite|Earthquake|p1a: Saturn
|-supereffective|p1a: Saturn
|-damage|p1a: Saturn|0 fnt
|faint|p1a: Saturn
|
|-damage|p2a: Dragonite|26/100 psn|[from] psn
|upkeep
|
|t:|1769323365
|switch|p1a: TARS|Porygon2|100/100
|-damage|p1a: TARS|88/100|[from] Stealth Rock
|-ability|p1a: TARS|Download|boost
|-boost|p1a: TARS|atk|1
|turn|7
|
|t:|1769323381
|move|p2a: Dragonite|Earthquake|p1a: TARS
|-damage|p1a: TARS|50/100
|move|p1a: TARS|Trick Room|p1a: TARS
|-fieldstart|move: Trick Room|[of] p1a: TARS
|
|-damage|p2a: Dragonite|14/100 psn|[from] psn
|upkeep
|turn|8
|
|t:|1769323401
|move|p2a: Dragonite|Extreme Speed|p1a: TARS
|-damage|p1a: TARS|16/100
|move|p1a: TARS|Ice Beam|p2a: Dragonite
|-supereffective|p2a: Dragonite
|-damage|p2a: Dragonite|0 fnt
|faint|p2a: Dragonite
|
|upkeep
|
|t:|1769323406
|switch|p2a: Scizor|Scizor, M|100/100
|turn|9
|
|t:|1769323414
|move|p2a: Scizor|Bullet Punch|p1a: TARS
|-damage|p1a: TARS|0 fnt
|faint|p1a: TARS
|
|upkeep
|inactive|iemonemon has 120 seconds left.
|
|t:|1769323474
|switch|p1a: Mann|Ursaluna, M|100/100
|-damage|p1a: Mann|94/100|[from] Stealth Rock
|turn|10
|inactive|iemonemon has 90 seconds left.
|inactive|bigter has 120 seconds left.
|
|t:|1769323507
|switch|p2a: Ting-Lu|Ting-Lu|25/100 brn
|-ability|p2a: Ting-Lu|Vessel of Ruin
|move|p1a: Mann|Fire Punch|p2a: Ting-Lu
|-damage|p2a: Ting-Lu|8/100 brn
|
|-heal|p2a: Ting-Lu|15/100 brn|[from] item: Leftovers
|-damage|p2a: Ting-Lu|8/100 brn|[from] brn
|-status|p1a: Mann|brn|[from] item: Flame Orb
|upkeep
|turn|11
|inactive|iemonemon has 90 seconds left.
|inactive|bigter has 120 seconds left.
|
|t:|1769323538
|switch|p1a: Brand|Hatterene, F, shiny|100/100
|-damage|p1a: Brand|88/100|[from] Stealth Rock
|move|p2a: Ting-Lu|Ruination|p1a: Brand
|-damage|p1a: Brand|44/100
|
|-heal|p2a: Ting-Lu|15/100 brn|[from] item: Leftovers
|-damage|p2a: Ting-Lu|8/100 brn|[from] brn
|-fieldend|move: Trick Room
|upkeep
|turn|12
|
|t:|1769323549
|move|p2a: Ting-Lu|Earthquake|p1a: Brand
|-damage|p1a: Brand|24/100
|move|p1a: Brand|Trick Room|p1a: Brand
|-fieldstart|move: Trick Room|[of] p1a: Brand
|
|-heal|p2a: Ting-Lu|15/100 brn|[from] item: Leftovers
|-damage|p2a: Ting-Lu|8/100 brn|[from] brn
|upkeep
|turn|13
|
|t:|1769323564
|switch|p2a: Weezing|Weezing-Galar, M|100/100
|-ability|p2a: Weezing|Neutralizing Gas
|move|p1a: Brand|Healing Wish|p1a: Brand
|faint|p1a: Brand
|
|upkeep
|inactive|iemonemon has 60 seconds left.
|
|t:|1769323606
|switch|p1a: Miller|Cresselia, F, shiny|100/100
|-damage|p1a: Miller|88/100|[from] Stealth Rock
|turn|14
|
|t:|1769323620
|-end|p2a: Weezing|ability: Neutralizing Gas
|switch|p2a: Ting-Lu|Ting-Lu|8/100 brn
|-ability|p2a: Ting-Lu|Vessel of Ruin
|move|p1a: Miller|Psychic|p2a: Ting-Lu
|-immune|p2a: Ting-Lu
|
|-heal|p2a: Ting-Lu|15/100 brn|[from] item: Leftovers
|-damage|p2a: Ting-Lu|8/100 brn|[from] brn
|upkeep
|turn|15
|
|t:|1769323639
|move|p2a: Ting-Lu|Ruination|p1a: Miller
|-damage|p1a: Miller|44/100
|move|p1a: Miller|Moonblast|p2a: Ting-Lu
|-supereffective|p2a: Ting-Lu
|-damage|p2a: Ting-Lu|0 fnt
|faint|p2a: Ting-Lu
|
|upkeep
|inactive|bigter has 90 seconds left.
|
|t:|1769323654
|switch|p2a: Gholdengo|Gholdengo|100/100
|turn|16
|
|t:|1769323663
|switch|p1a: Mann|Ursaluna, M|94/100 brn
|-heal|p1a: Mann|100/100|[from] move: Healing Wish
|-damage|p1a: Mann|94/100|[from] Stealth Rock
|move|p2a: Gholdengo|Make It Rain|p1a: Mann
|-damage|p1a: Mann|19/100
|-unboost|p2a: Gholdengo|spa|1
|
|-fieldend|move: Trick Room
|-status|p1a: Mann|brn|[from] item: Flame Orb
|upkeep
|turn|17
|inactive|iemonemon has 60 seconds left.
|inactive|bigter has 90 seconds left.
|
|t:|1769323694
|switch|p1a: CASE|Iron Hands|100/100
|-damage|p1a: CASE|94/100|[from] Stealth Rock
|-enditem|p1a: CASE|Booster Energy
|-activate|p1a: CASE|ability: Quark Drive|[fromitem]
|-start|p1a: CASE|quarkdriveatk
|move|p2a: Gholdengo|Make It Rain|p1a: CASE
|-resisted|p1a: CASE
|-damage|p1a: CASE|71/100
|-unboost|p2a: Gholdengo|spa|1
|
|upkeep
|turn|18
|inactive|bigter has 60 seconds left.
|inactive|iemonemon has 60 seconds left.
|
|t:|1769323725
|move|p2a: Gholdengo|Nasty Plot|p2a: Gholdengo
|-boost|p2a: Gholdengo|spa|2
|move|p1a: CASE|Swords Dance|p1a: CASE
|-boost|p1a: CASE|atk|2
|
|upkeep
|turn|19
|
|t:|1769323730
|move|p2a: Gholdengo|Make It Rain|p1a: CASE
|-resisted|p1a: CASE
|-damage|p1a: CASE|36/100
|-unboost|p2a: Gholdengo|spa|1
|move|p1a: CASE|Wild Charge|p2a: Gholdengo
|-damage|p2a: Gholdengo|0 fnt
|faint|p2a: Gholdengo
|-damage|p1a: CASE|20/100|[from] Recoil
|
|upkeep
|inactive|bigter has 60 seconds left.
|
|t:|1769323749
|switch|p2a: Regidrago|Regidrago, shiny|100/100
|turn|20
|
|t:|1769323754
|move|p2a: Regidrago|Dragon Energy|p1a: CASE
|-damage|p1a: CASE|0 fnt
|faint|p1a: CASE
|-end|p1a: CASE|Quark Drive|[silent]
|
|upkeep
|
|t:|1769323757
|switch|p1a: Miller|Cresselia, F, shiny|44/100
|-damage|p1a: Miller|32/100|[from] Stealth Rock
|turn|21
|inactive|iemonemon has 90 seconds left.
|
|t:|1769323764
|switch|p2a: Scizor|Scizor, M|100/100
|-terastallize|p1a: Miller|Fairy
|move|p1a: Miller|Trick Room|p1a: Miller
|-fieldstart|move: Trick Room|[of] p1a: Miller
|
|upkeep
|turn|22
|
|t:|1769323773
|move|p2a: Scizor|Bullet Punch|p1a: Miller
|-supereffective|p1a: Miller
|-damage|p1a: Miller|0 fnt
|faint|p1a: Miller
|
|upkeep
|c|☆bigter|gg
|
|t:|1769323777
|switch|p1a: Mann|Ursaluna, M|19/100 brn
|-damage|p1a: Mann|13/100 brn|[from] Stealth Rock
|turn|23
|
|t:|1769323781
|move|p2a: Scizor|Bullet Punch|p1a: Mann
|-damage|p1a: Mann|0 fnt
|faint|p1a: Mann
|
|win|bigter
|raw|iemonemon's rating: 1364 &rarr; <strong>1340</strong><br />(-24 for losing)
|raw|bigter's rating: 1299 &rarr; <strong>1329</strong><br />(+30 for winning)
|l|☆iemonemon
|player|p1|
|l|☆bigter
|player|p2|
