|j|☆Markizbi
|j|☆boom moon
|t:|1769432441
|gametype|singles
|player|p1|Markizbi|hilbert|1247
|player|p2|boom moon|266|1204
|gen|9
|tier|[Gen 9] OU
|rated|
|rule|HP Percentage Mod: HP is shown in percentages
|rule|Endless Battle Clause: Forcing endless battles is banned
|rule|Species Clause: Limit one of each Pokémon
|rule|OHKO Clause: OHKO moves are banned
|rule|Evasion Items Clause: Evasion items are banned
|rule|Evasion Moves Clause: Evasion moves are banned
|rule|Evasion Abilities Clause: Evasion abilities are banned
|rule|Sleep Moves Clause: Sleep-inducing moves are banned
|clearpoke
|poke|p1|Hatterene, F|
|poke|p1|Torkoal, F|
|poke|p1|Zoroark-Hisui, F|
|poke|p1|Magnezone|
|poke|p1|Iron Valiant|
|poke|p1|Donphan, F|
|poke|p2|Gliscor, M|
|poke|p2|Gogoat, F|
|poke|p2|Mamoswine, M|
|poke|p2|Toedscruel, M|
|poke|p2|Toxicroak, F|
|poke|p2|Arbok, M|
|teampreview
|inactive|Battle timer is ON: inactive players will automatically lose when time's up. (requested by boom moon)
|
|t:|1769432462
|teamsize|p1|6
|teamsize|p2|6
|start
|switch|p1a: Hatterene|Hatterene, F|100/100
|switch|p2a: Toedscruel|Toedscruel, M|100/100
|turn|1
|
|t:|1769432467
|move|p2a: Toedscruel|Stun Spore|p1a: Hatterene
|-status|p1a: Hatterene|par
|move|p1a: Hatterene|Trick Room|p1a: Hatterene
|-fieldstart|move: Trick Room|[of] p1a: Hatterene
|
|upkeep
|turn|2
|
|t:|1769432476
|move|p1a: Hatterene|Healing Wish|p1a: Hatterene
|faint|p1a: Hatterene
|move|p2a: Toedscruel|Spikes|p1: Hatterene
|-sidestart|p1: Markizbi|Spikes
|
|upkeep
|
|t:|1769432480
|switch|p1a: Torkoal|Torkoal, F|100/100
|-damage|p1a: Torkoal|88/100|[from] Spikes
|-weather|SunnyDay|[from] ability: Drought|[of] p1a: Torkoal
|turn|3
|
|t:|1769432488
|move|p1a: Torkoal|Eruption|p2a: Toedscruel
|-supereffective|p2a: Toedscruel
|-damage|p2a: Toedscruel|0 fnt
|faint|p2a: Toedscruel
|
|-weather|SunnyDay|[upkeep]
|upkeep
|
|t:|1769432501
|switch|p2a: Toxicroak|Toxicroak, F, shiny|100/100
|turn|4
|
|t:|1769432510
|move|p2a: Toxicroak|Vacuum Wave|p1a: Torkoal
|-damage|p1a: Torkoal|66/100
|move|p1a: Torkoal|Eruption|p2a: Toxicroak
|-damage|p2a: Toxicroak|0 fnt
|faint|p2a: Toxicroak
|
|-weather|SunnyDay|[upkeep]
|upkeep
|
|t:|1769432522
|switch|p2a: Mamoswine|Mamoswine, M|100/100
|turn|5
|
|t:|1769432530
|switch|p1a: Donphan|Donphan, F|100/100
|-damage|p1a: Donphan|88/100|[from] Spikes
|move|p2a: Mamoswine|Ice Shard|p1a: Donphan
|-supereffective|p1a: Donphan
|-damage|p1a: Donphan|50/100
|
|-weather|SunnyDay|[upkeep]
|-fieldend|move: Trick Room
|upkeep
|turn|6
|
|t:|1769432545
|move|p2a: Mamoswine|Icicle Spear|p1a: Donphan
|-supereffective|p1a: Donphan
|-damage|p1a: Donphan|28/100
|-supereffective|p1a: Donphan
|-damage|p1a: Donphan|6/100
|-supereffective|p1a: Donphan
|-crit|p1a: Donphan
|-damage|p1a: Donphan|0 fnt
|faint|p1a: Donphan
|-hitcount|p1: Donphan|3
|
|-weather|SunnyDay|[upkeep]
|upkeep
|
|t:|1769432555
|switch|p1a: Torkoal|Torkoal, F|100/100
|-damage|p1a: Torkoal|88/100|[from] Spikes
|turn|7
|
|t:|1769432563
|move|p1a: Torkoal|Shadow Ball|p2a: Mamoswine
|-damage|p2a: Mamoswine|43/100
|move|p2a: Mamoswine|Earthquake|p1a: Torkoal
|-damage|p1a: Torkoal|0 fnt
|replace|p1a: Zoroark|Zoroark-Hisui, F
|-end|p1a: Zoroark|Illusion
|faint|p1a: Zoroark
|
|-weather|none
|upkeep
|
|t:|1769432569
|switch|p1a: Iron Valiant|Iron Valiant|100/100
|-damage|p1a: Iron Valiant|88/100|[from] Spikes
|turn|8
|
|t:|1769432587
|move|p2a: Mamoswine|Ice Shard|p1a: Iron Valiant
|-damage|p1a: Iron Valiant|57/100
|move|p1a: Iron Valiant|Moonblast|p2a: Mamoswine
|-damage|p2a: Mamoswine|0 fnt
|faint|p2a: Mamoswine
|-damage|p1a: Iron Valiant|47/100|[from] item: Life Orb
|
|upkeep
|
|t:|1769432600
|switch|p2a: Arbok|Arbok, M|100/100
|turn|9
|
|t:|1769432608
|move|p2a: Arbok|Coil|p2a: Arbok
|-boost|p2a: Arbok|atk|1
|-boost|p2a: Arbok|def|1
|-boost|p2a: Arbok|accuracy|1
|move|p1a: Iron Valiant|Trick Room|p1a: Iron Valiant
|-fieldstart|move: Trick Room|[of] p1a: Iron Valiant
|
|upkeep
|turn|10
|
|t:|1769432616
|-end|p1a: Iron Valiant|Quark Drive|[silent]
|switch|p1a: Magnezone|Magnezone|100/100
|-damage|p1a: Magnezone|88/100|[from] Spikes
|move|p2a: Arbok|Gunk Shot|p1a: Magnezone
|-immune|p1a: Magnezone
|
|upkeep
|turn|11
|
|t:|1769432622
|switch|p2a: Gliscor|Gliscor, M|100/100
|move|p1a: Magnezone|Thunderbolt|p2a: Gliscor
|-immune|p2a: Gliscor
|
|-status|p2a: Gliscor|tox|[from] item: Toxic Orb
|upkeep
|turn|12
|
|t:|1769432633
|switch|p1a: Torkoal|Torkoal, F|66/100
|-heal|p1a: Torkoal|100/100|[from] move: Healing Wish
|-damage|p1a: Torkoal|88/100|[from] Spikes
|-weather|SunnyDay|[from] ability: Drought|[of] p1a: Torkoal
|move|p2a: Gliscor|Earthquake|p1a: Torkoal
|-supereffective|p1a: Torkoal
|-damage|p1a: Torkoal|35/100
|
|-weather|SunnyDay|[upkeep]
|upkeep
|turn|13
|
|t:|1769432641
|-terastallize|p1a: Torkoal|Fire
|-terastallize|p2a: Gliscor|Water
|move|p1a: Torkoal|Flamethrower|p2a: Gliscor
|-resisted|p2a: Gliscor
|-damage|p2a: Gliscor|27/100 tox
|move|p2a: Gliscor|Earthquake|p1a: Torkoal
|-supereffective|p1a: Torkoal
|-crit|p1a: Torkoal
|-damage|p1a: Torkoal|0 fnt
|faint|p1a: Torkoal
|
|-weather|SunnyDay|[upkeep]
|-heal|p2a: Gliscor|39/100 tox|[from] ability: Poison Heal
|-fieldend|move: Trick Room
|upkeep
|
|t:|1769432652
|switch|p1a: Iron Valiant|Iron Valiant|47/100
|-damage|p1a: Iron Valiant|35/100|[from] Spikes
|turn|14
|
|t:|1769432663
|move|p1a: Iron Valiant|Close Combat|p2a: Gliscor
|-damage|p2a: Gliscor|0 fnt
|-unboost|p1a: Iron Valiant|def|1
|-unboost|p1a: Iron Valiant|spd|1
|faint|p2a: Gliscor
|-damage|p1a: Iron Valiant|25/100|[from] item: Life Orb
|
|-weather|SunnyDay|[upkeep]
|upkeep
|
|t:|1769432667
|switch|p2a: Arbok|Arbok, M|100/100
|turn|15
|
|t:|1769432676
|move|p1a: Iron Valiant|Knock Off|p2a: Arbok
|-damage|p2a: Arbok|16/100
|-enditem|p2a: Arbok|Leftovers|[from] move: Knock Off|[of] p1a: Iron Valiant
|-damage|p1a: Iron Valiant|15/100|[from] item: Life Orb
|move|p2a: Arbok|Coil|p2a: Arbok
|-boost|p2a: Arbok|atk|1
|-boost|p2a: Arbok|def|1
|-boost|p2a: Arbok|accuracy|1
|
|-weather|SunnyDay|[upkeep]
|upkeep
|turn|16
|
|t:|1769432682
|move|p1a: Iron Valiant|Knock Off|p2a: Arbok
|-damage|p2a: Arbok|0 fnt
|faint|p2a: Arbok
|-damage|p1a: Iron Valiant|6/100|[from] item: Life Orb
|
|-weather|none
|upkeep
|
|t:|1769432684
|switch|p2a: Gogoat|Gogoat, F|100/100
|turn|17
|
|t:|1769432690
|move|p1a: Iron Valiant|Close Combat|p2a: Gogoat
|-damage|p2a: Gogoat|45/100
|-unboost|p1a: Iron Valiant|def|1
|-unboost|p1a: Iron Valiant|spd|1
|-damage|p1a: Iron Valiant|0 fnt|[from] item: Life Orb
|faint|p1a: Iron Valiant
|-end|p1a: Iron Valiant|Quark Drive|[silent]
|move|p2a: Gogoat|Milk Drink|p2a: Gogoat
|-heal|p2a: Gogoat|95/100
|
|upkeep
|
|t:|1769432697
|switch|p1a: Magnezone|Magnezone|88/100
|-damage|p1a: Magnezone|75/100|[from] Spikes
|turn|18
|
|t:|1769432704
|move|p2a: Gogoat|Bulk Up|p2a: Gogoat
|-boost|p2a: Gogoat|atk|1
|-boost|p2a: Gogoat|def|1
|move|p1a: Magnezone|Flash Cannon|p2a: Gogoat
|-damage|p2a: Gogoat|64/100
|
|upkeep
|turn|19
|
|t:|1769432707
|move|p2a: Gogoat|Leaf Blade|p1a: Magnezone
|-resisted|p1a: Magnezone
|-crit|p1a: Magnezone
|-damage|p1a: Magnezone|49/100
|move|p1a: Magnezone|Flash Cannon|p2a: Gogoat
|-damage|p2a: Gogoat|29/100
|
|upkeep
|turn|20
|
|t:|1769432711
|move|p2a: Gogoat|Milk Drink|p2a: Gogoat
|-heal|p2a: Gogoat|79/100
|move|p1a: Magnezone|Flash Cannon|p2a: Gogoat
|-damage|p2a: Gogoat|43/100
|
|upkeep
|turn|21
|
|t:|1769432713
|move|p2a: Gogoat|Milk Drink|p2a: Gogoat
|-heal|p2a: Gogoat|93/100
|move|p1a: Magnezone|Flash Cannon|p2a: Gogoat
|-damage|p2a: Gogoat|59/100
|-unboost|p2a: Gogoat|spd|1
|
|upkeep
|turn|22
|
|t:|1769432719
|move|p2a: Gogoat|Leaf Blade|p1a: Magnezone
|-resisted|p1a: Magnezone
|-damage|p1a: Magnezone|33/100
|move|p1a: Magnezone|Flash Cannon|p2a: Gogoat
|-damage|p2a: Gogoat|13/100
|
|upkeep
|turn|23
|
|t:|1769432724
|move|p2a: Gogoat|Leaf Blade|p1a: Magnezone
|-resisted|p1a: Magnezone
|-damage|p1a: Magnezone|16/100
|move|p1a: Magnezone|Flash Cannon|p2a: Gogoat
|-damage|p2a: Gogoat|0 fnt
|faint|p2a: Gogoat
|
|win|Markizbi
|raw|Markizbi's rating: 1247 &rarr; <strong>1269</strong><br />(+22 for winning)
|raw|boom moon's rating: 1204 &rarr; <strong>1182</strong><br />(-22 for losing)
|l|☆boom moon
|player|p2|
|l|☆Markizbi
|player|p1|
