|j|‽Pingunos117
|j|☆Octogecko
|t:|1769443147
|gametype|singles
|player|p1|Pingunos117|rosa|1471
|player|p2|Octogecko|101|1490
|gen|9
|tier|[Gen 9] OU
|rated|
|rule|HP Percentage Mod: HP is shown in percentages
|rule|Endless Battle Clause: Forcing endless battles is banned
|rule|Species Clause: Limit one of each Pokémon
|rule|OHKO Clause: OHKO moves are banned
|rule|Evasion Items Clause: Evasion items are banned
|rule|Evasion Moves Clause: Evasion moves are banned
|rule|Evasion Abilities Clause: Evasion abilities are banned
|rule|Sleep Moves Clause: Sleep-inducing moves are banned
|clearpoke
|poke|p1|Moltres-Galar|
|poke|p1|Ceruledge, M|
|poke|p1|Latias, F|
|poke|p1|Great Tusk|
|poke|p1|Dragapult, M|
|poke|p1|Gholdengo|
|poke|p2|Meowscarada, F|
|poke|p2|Dragapult, F|
|poke|p2|Corviknight, M|
|poke|p2|Primarina, F|
|poke|p2|Glimmora, M|
|poke|p2|Cinderace, M|
|teampreview
|inactive|Battle timer is ON: inactive players will automatically lose when time's up. (requested by Octogecko)
|
|t:|1769443166
|teamsize|p1|6
|teamsize|p2|6
|start
|switch|p1a: Dragapult|Dragapult, M|100/100
|switch|p2a: Glimmora|Glimmora, M|100/100
|turn|1
|
|t:|1769443175
|move|p1a: Dragapult|Draco Meteor|p2a: Glimmora
|-damage|p2a: Glimmora|22/100
|-unboost|p1a: Dragapult|spa|2
|move|p2a: Glimmora|Stealth Rock|p1a: Dragapult
|-sidestart|p1: Pingunos117|move: Stealth Rock
|
|upkeep
|turn|2
|
|t:|1769443183
|switch|p2a: Primarina|Primarina, F|100/100
|move|p1a: Dragapult|Draco Meteor|p2a: Primarina
|-immune|p2a: Primarina
|
|upkeep
|turn|3
|
|t:|1769443187
|move|p1a: Dragapult|Light Screen|p1a: Dragapult
|-sidestart|p1: Pingunos117|move: Light Screen
|move|p2a: Primarina|Flip Turn|p1a: Dragapult
|-resisted|p1a: Dragapult
|-damage|p1a: Dragapult|91/100
|
|t:|1769443192
|switch|p2a: Lupin|Meowscarada, F, shiny|100/100|[from] Flip Turn
|
|upkeep
|turn|4
|
|t:|1769443194
|move|p2a: Lupin|Knock Off|p1a: Dragapult
|-start|p2a: Lupin|typechange|Dark|[from] ability: Protean
|-supereffective|p1a: Dragapult
|-damage|p1a: Dragapult|0 fnt
|-enditem|p1a: Dragapult|Light Clay|[from] move: Knock Off|[of] p2a: Lupin
|faint|p1a: Dragapult
|
|upkeep
|
|t:|1769443207
|switch|p1a: Moltres|Moltres-Galar, shiny|100/100
|-damage|p1a: Moltres|76/100|[from] Stealth Rock
|turn|5
|
|t:|1769443214
|switch|p2a: Corviknight|Corviknight, M|100/100
|-ability|p2a: Corviknight|Pressure
|move|p1a: Moltres|Agility|p1a: Moltres
|-boost|p1a: Moltres|spe|2
|
|upkeep
|turn|6
|
|t:|1769443218
|move|p1a: Moltres|Nasty Plot|p1a: Moltres
|-boost|p1a: Moltres|spa|2
|move|p2a: Corviknight|Body Press|p1a: Moltres
|-damage|p1a: Moltres|44/100
|-ability|p1a: Moltres|Berserk|boost
|-boost|p1a: Moltres|spa|1
|-enditem|p1a: Moltres|Sitrus Berry|[eat]
|-heal|p1a: Moltres|69/100|[from] item: Sitrus Berry
|
|upkeep
|turn|7
|
|t:|1769443228
|move|p1a: Moltres|Fiery Wrath|p2a: Corviknight
|-damage|p2a: Corviknight|4/100
|cant|p2a: Corviknight|flinch
|
|upkeep
|turn|8
|
|t:|1769443233
|move|p1a: Moltres|Fiery Wrath|p2a: Corviknight
|-damage|p2a: Corviknight|0 fnt
|faint|p2a: Corviknight
|
|upkeep
|
|t:|1769443240
|switch|p2a: Primarina|Primarina, F|100/100
|turn|9
|
|t:|1769443248
|-terastallize|p1a: Moltres|Fairy
|move|p1a: Moltres|Tera Blast|p2a: Primarina|[anim] Tera Blast Fairy
|-damage|p2a: Primarina|43/100
|move|p2a: Primarina|Moonblast|p1a: Moltres
|-damage|p1a: Moltres|45/100
|-unboost|p1a: Moltres|spa|1
|-ability|p1a: Moltres|Berserk|boost
|-boost|p1a: Moltres|spa|1
|
|upkeep
|turn|10
|
|t:|1769443260
|-terastallize|p2a: Primarina|Poison
|move|p1a: Moltres|Tera Blast|p2a: Primarina|[anim] Tera Blast Fairy
|-resisted|p2a: Primarina
|-damage|p2a: Primarina|11/100
|move|p2a: Primarina|Moonblast|p1a: Moltres
|-damage|p1a: Moltres|23/100
|
|-sideend|p1: Pingunos117|move: Light Screen
|upkeep
|turn|11
|
|t:|1769443269
|move|p1a: Moltres|Fiery Wrath|p2a: Primarina
|-damage|p2a: Primarina|0 fnt
|faint|p2a: Primarina
|
|upkeep
|
|t:|1769443287
|switch|p2a: Lupin|Meowscarada, F, shiny|100/100
|turn|12
|
|t:|1769443290
|move|p2a: Lupin|Play Rough|p1a: Moltres
|-start|p2a: Lupin|typechange|Fairy|[from] ability: Protean
|-damage|p1a: Moltres|0 fnt
|faint|p1a: Moltres
|
|upkeep
|
|t:|1769443298
|switch|p1a: Gholdengo|Gholdengo|100/100
|-damage|p1a: Gholdengo|94/100|[from] Stealth Rock
|-item|p1a: Gholdengo|Air Balloon
|turn|13
|
|t:|1769443304
|switch|p2a: Glimmora|Glimmora, M|22/100
|move|p1a: Gholdengo|Nasty Plot|p1a: Gholdengo
|-boost|p1a: Gholdengo|spa|2
|
|upkeep
|turn|14
|
|t:|1769443311
|move|p2a: Glimmora|Power Gem|p1a: Gholdengo
|-resisted|p1a: Gholdengo
|-damage|p1a: Gholdengo|75/100
|-enditem|p1a: Gholdengo|Air Balloon
|move|p1a: Gholdengo|Shadow Ball|p2a: Glimmora
|-damage|p2a: Glimmora|0 fnt
|faint|p2a: Glimmora
|
|upkeep
|
|t:|1769443318
|switch|p2a: Dragapult|Dragapult, F|100/100
|turn|15
|
|t:|1769443321
|move|p2a: Dragapult|Shadow Ball|p1a: Gholdengo
|-supereffective|p1a: Gholdengo
|-damage|p1a: Gholdengo|0 fnt
|faint|p1a: Gholdengo
|
|upkeep
|
|t:|1769443337
|switch|p1a: Great Tusk|Great Tusk, shiny|100/100
|-damage|p1a: Great Tusk|98/100|[from] Stealth Rock
|-enditem|p1a: Great Tusk|Booster Energy
|-activate|p1a: Great Tusk|ability: Protosynthesis|[fromitem]
|-start|p1a: Great Tusk|protosynthesisatk
|turn|16
|
|t:|1769443340
|move|p2a: Dragapult|Shadow Ball|p1a: Great Tusk
|-damage|p1a: Great Tusk|22/100
|move|p1a: Great Tusk|Headlong Rush|p2a: Dragapult
|-damage|p2a: Dragapult|0 fnt
|-unboost|p1a: Great Tusk|def|1
|-unboost|p1a: Great Tusk|spd|1
|faint|p2a: Dragapult
|
|upkeep
|
|t:|1769443351
|switch|p2a: Lupin|Meowscarada, F, shiny|100/100
|turn|17
|
|t:|1769443358
|move|p2a: Lupin|Knock Off|p1a: Great Tusk
|-start|p2a: Lupin|typechange|Dark|[from] ability: Protean
|-resisted|p1a: Great Tusk
|-damage|p1a: Great Tusk|4/100
|move|p1a: Great Tusk|Ice Spinner|p2a: Lupin
|-damage|p2a: Lupin|46/100
|
|upkeep
|turn|18
|
|t:|1769443365
|move|p2a: Lupin|Knock Off|p1a: Great Tusk
|-resisted|p1a: Great Tusk
|-damage|p1a: Great Tusk|0 fnt
|faint|p1a: Great Tusk
|-end|p1a: Great Tusk|Protosynthesis|[silent]
|
|upkeep
|
|t:|1769443379
|switch|p1a: Latias|Latias, F, shiny|100/100
|-damage|p1a: Latias|88/100|[from] Stealth Rock
|turn|19
|
|t:|1769443381
|move|p2a: Lupin|Knock Off|p1a: Latias
|-supereffective|p1a: Latias
|-damage|p1a: Latias|0 fnt
|-enditem|p1a: Latias|Weakness Policy|[from] move: Knock Off|[of] p2a: Lupin
|faint|p1a: Latias
|
|upkeep
|
|t:|1769443383
|switch|p1a: Ceruledge|Ceruledge, M|100/100
|-damage|p1a: Ceruledge|76/100|[from] Stealth Rock
|turn|20
|
|t:|1769443385
|move|p2a: Lupin|Knock Off|p1a: Ceruledge
|-supereffective|p1a: Ceruledge
|-damage|p1a: Ceruledge|0 fnt
|-enditem|p1a: Ceruledge|Life Orb|[from] move: Knock Off|[of] p2a: Lupin
|faint|p1a: Ceruledge
|
|win|Octogecko
|raw|Pingunos117's rating: 1471 &rarr; <strong>1452</strong><br />(-19 for losing)
|raw|Octogecko's rating: 1490 &rarr; <strong>1509</strong><br />(+19 for winning)
|l|‽Pingunos117
|player|p1|
