|j|☆InDaHouseSun
|j|☆the.ramen.gang
|t:|1769383816
|gametype|singles
|player|p1|InDaHouseSun|biker-gen4|1177
|player|p2|the.ramen.gang|169|1175
|gen|9
|tier|[Gen 9] OU
|rated|
|rule|HP Percentage Mod: HP is shown in percentages
|rule|Endless Battle Clause: Forcing endless battles is banned
|rule|Species Clause: Limit one of each Pokémon
|rule|OHKO Clause: OHKO moves are banned
|rule|Evasion Items Clause: Evasion items are banned
|rule|Evasion Moves Clause: Evasion moves are banned
|rule|Evasion Abilities Clause: Evasion abilities are banned
|rule|Sleep Moves Clause: Sleep-inducing moves are banned
|clearpoke
|poke|p1|Great Tusk|
|poke|p1|Raging Bolt|
|poke|p1|Samurott-Hisui, M|
|poke|p1|Kingambit, F|
|poke|p1|Ogerpon-Wellspring, F|
|poke|p1|Moltres|
|poke|p2|Sandslash, M|
|poke|p2|Blastoise, F|
|poke|p2|Kricketune, M|
|poke|p2|Incineroar, M|
|poke|p2|Golduck, M|
|poke|p2|Slowbro-Galar, F|
|teampreview
|inactive|Battle timer is ON: inactive players will automatically lose when time's up. (requested by the.ramen.gang)
|
|t:|1769383827
|teamsize|p1|6
|teamsize|p2|6
|start
|switch|p1a: Samurott|Samurott-Hisui, M|100/100
|switch|p2a: Kricketune|Kricketune, M|100/100
|turn|1
|
|t:|1769383835
|switch|p1a: Great Tusk|Great Tusk|100/100
|move|p2a: Kricketune|Sticky Web|p1a: Great Tusk
|-sidestart|p1: InDaHouseSun|move: Sticky Web
|
|upkeep
|turn|2
|
|t:|1769383841
|move|p1a: Great Tusk|Rapid Spin|p2a: Kricketune
|-damage|p2a: Kricketune|68/100
|-boost|p1a: Great Tusk|spe|1
|-sideend|p1: InDaHouseSun|Sticky Web|[from] move: Rapid Spin|[of] p1a: Great Tusk
|move|p2a: Kricketune|Lunge|p1a: Great Tusk
|-resisted|p1a: Great Tusk
|-damage|p1a: Great Tusk|88/100
|-unboost|p1a: Great Tusk|atk|1
|
|upkeep
|turn|3
|
|t:|1769383853
|move|p1a: Great Tusk|Stealth Rock|p2a: Kricketune
|-sidestart|p2: the.ramen.gang|move: Stealth Rock
|move|p2a: Kricketune|Sticky Web|p1a: Great Tusk
|-sidestart|p1: InDaHouseSun|move: Sticky Web
|
|upkeep
|turn|4
|
|t:|1769383858
|move|p1a: Great Tusk|Rapid Spin|p2a: Kricketune
|-damage|p2a: Kricketune|43/100
|-boost|p1a: Great Tusk|spe|1
|-sideend|p1: InDaHouseSun|Sticky Web|[from] move: Rapid Spin|[of] p1a: Great Tusk
|move|p2a: Kricketune|Lunge|p1a: Great Tusk
|-resisted|p1a: Great Tusk
|-damage|p1a: Great Tusk|75/100
|-unboost|p1a: Great Tusk|atk|1
|
|upkeep
|turn|5
|
|t:|1769383867
|move|p1a: Great Tusk|Rapid Spin|p2a: Kricketune
|-damage|p2a: Kricketune|25/100
|-boost|p1a: Great Tusk|spe|1
|move|p2a: Kricketune|Sticky Web|p1a: Great Tusk
|-sidestart|p1: InDaHouseSun|move: Sticky Web
|
|upkeep
|turn|6
|
|t:|1769383873
|move|p1a: Great Tusk|Rapid Spin|p2a: Kricketune
|-damage|p2a: Kricketune|6/100
|-boost|p1a: Great Tusk|spe|1
|-sideend|p1: InDaHouseSun|Sticky Web|[from] move: Rapid Spin|[of] p1a: Great Tusk
|move|p2a: Kricketune|Knock Off|p1a: Great Tusk
|-resisted|p1a: Great Tusk
|-damage|p1a: Great Tusk|66/100
|-enditem|p1a: Great Tusk|Heavy-Duty Boots|[from] move: Knock Off|[of] p2a: Kricketune
|
|upkeep
|turn|7
|
|t:|1769383882
|move|p1a: Great Tusk|Rapid Spin|p2a: Kricketune
|-damage|p2a: Kricketune|0 fnt
|-boost|p1a: Great Tusk|spe|1
|faint|p2a: Kricketune
|
|upkeep
|
|t:|1769383885
|switch|p2a: Blastoise|Blastoise, F|100/100
|-damage|p2a: Blastoise|88/100|[from] Stealth Rock
|turn|8
|
|t:|1769383897
|-end|p1a: Great Tusk|Protosynthesis|[silent]
|switch|p1a: Raging Bolt|Raging Bolt|100/100
|move|p2a: Blastoise|Shell Smash|p2a: Blastoise
|-unboost|p2a: Blastoise|def|1
|-unboost|p2a: Blastoise|spd|1
|-boost|p2a: Blastoise|atk|2
|-boost|p2a: Blastoise|spa|2
|-boost|p2a: Blastoise|spe|2
|-enditem|p2a: Blastoise|White Herb
|-clearnegativeboost|p2a: Blastoise|[silent]
|
|upkeep
|turn|9
|
|t:|1769383908
|-terastallize|p2a: Blastoise|Electric
|move|p1a: Raging Bolt|Thunderclap||[still]
|-fail|p1a: Raging Bolt
|move|p2a: Blastoise|Shell Smash|p2a: Blastoise
|-unboost|p2a: Blastoise|def|1
|-unboost|p2a: Blastoise|spd|1
|-boost|p2a: Blastoise|atk|2
|-boost|p2a: Blastoise|spa|2
|-boost|p2a: Blastoise|spe|2
|
|upkeep
|turn|10
|
|t:|1769383929
|move|p2a: Blastoise|Ice Beam|p1a: Raging Bolt
|-supereffective|p1a: Raging Bolt
|-damage|p1a: Raging Bolt|0 fnt
|faint|p1a: Raging Bolt
|-end|p1a: Raging Bolt|Protosynthesis|[silent]
|
|upkeep
|
|t:|1769383943
|switch|p1a: Kingambit|Kingambit, F|100/100
|-activate|p1a: Kingambit|ability: Supreme Overlord
|-start|p1a: Kingambit|fallen1|[silent]
|turn|11
|
|t:|1769383949
|move|p1a: Kingambit|Sucker Punch|p2a: Blastoise
|-damage|p2a: Blastoise|7/100
|move|p2a: Blastoise|Hydro Pump|p1a: Kingambit
|-damage|p1a: Kingambit|0 fnt
|faint|p1a: Kingambit
|-end|p1a: Kingambit|fallen1|[silent]
|
|upkeep
|
|t:|1769383956
|switch|p1a: Samurott|Samurott-Hisui, M|100/100
|turn|12
|
|t:|1769383961
|move|p1a: Samurott|Aqua Jet|p2a: Blastoise
|-damage|p2a: Blastoise|0 fnt
|faint|p2a: Blastoise
|
|upkeep
|
|t:|1769383965
|switch|p2a: Incineroar|Incineroar, M|100/100
|-damage|p2a: Incineroar|76/100|[from] Stealth Rock
|-ability|p2a: Incineroar|Intimidate|boost
|-unboost|p1a: Samurott|atk|1
|-item|p2a: Incineroar|Air Balloon
|turn|13
|
|t:|1769383973
|move|p2a: Incineroar|Fake Out|p1a: Samurott
|-damage|p1a: Samurott|81/100
|cant|p1a: Samurott|flinch
|
|upkeep
|turn|14
|
|t:|1769383979
|move|p1a: Samurott|Aqua Jet|p2a: Incineroar
|-supereffective|p2a: Incineroar
|-damage|p2a: Incineroar|52/100
|-enditem|p2a: Incineroar|Air Balloon
|move|p2a: Incineroar|Knock Off|p1a: Samurott
|-resisted|p1a: Samurott
|-damage|p1a: Samurott|49/100
|-enditem|p1a: Samurott|Heavy-Duty Boots|[from] move: Knock Off|[of] p2a: Incineroar
|
|upkeep
|turn|15
|
|t:|1769383999
|switch|p1a: Ogerpon|Ogerpon-Wellspring, F|100/100
|move|p2a: Incineroar|Knock Off|p1a: Ogerpon
|-damage|p1a: Ogerpon|58/100
|
|upkeep
|turn|16
|
|t:|1769384013
|move|p1a: Ogerpon|Ivy Cudgel|p2a: Incineroar|[anim] Ivy Cudgel Water
|-supereffective|p2a: Incineroar
|-damage|p2a: Incineroar|0 fnt
|faint|p2a: Incineroar
|
|upkeep
|
|t:|1769384019
|switch|p2a: Golduck|Golduck, M|100/100
|-damage|p2a: Golduck|88/100|[from] Stealth Rock
|-ability|p2a: Golduck|Cloud Nine
|turn|17
|
|t:|1769384027
|move|p1a: Ogerpon|Power Whip|p2a: Golduck
|-supereffective|p2a: Golduck
|-damage|p2a: Golduck|0 fnt
|faint|p2a: Golduck
|
|upkeep
|
|t:|1769384030
|switch|p2a: Sandslash|Sandslash, M|100/100
|turn|18
|
|t:|1769384035
|move|p1a: Ogerpon|Power Whip|p2a: Sandslash
|-supereffective|p2a: Sandslash
|-damage|p2a: Sandslash|12/100
|move|p2a: Sandslash|Rapid Spin|p1a: Ogerpon
|-damage|p1a: Ogerpon|44/100
|-boost|p2a: Sandslash|spe|1
|-sideend|p2: the.ramen.gang|Stealth Rock|[from] move: Rapid Spin|[of] p2a: Sandslash
|
|upkeep
|turn|19
|
|t:|1769384044
|move|p1a: Ogerpon|U-turn|p2a: Sandslash
|-damage|p2a: Sandslash|0 fnt
|faint|p2a: Sandslash
|
|t:|1769384054
|switch|p1a: Moltres|Moltres|100/100|[from] U-turn
|
|upkeep
|
|t:|1769384056
|switch|p2a: Slowbro|Slowbro-Galar, F|100/100
|turn|20
|
|t:|1769384061
|move|p1a: Moltres|Will-O-Wisp|p2a: Slowbro
|-status|p2a: Slowbro|brn
|move|p2a: Slowbro|Belly Drum|p2a: Slowbro
|-damage|p2a: Slowbro|50/100 brn
|-setboost|p2a: Slowbro|atk|6|[from] move: Belly Drum
|
|-damage|p2a: Slowbro|44/100 brn|[from] brn
|upkeep
|turn|21
|
|t:|1769384072
|move|p1a: Moltres|Flamethrower|p2a: Slowbro
|-damage|p2a: Slowbro|15/100 brn
|move|p2a: Slowbro|Slack Off|p2a: Slowbro
|-heal|p2a: Slowbro|65/100 brn
|
|-damage|p2a: Slowbro|59/100 brn|[from] brn
|upkeep
|turn|22
|
|t:|1769384088
|switch|p1a: Great Tusk|Great Tusk|66/100
|move|p2a: Slowbro|Slack Off|p2a: Slowbro
|-heal|p2a: Slowbro|100/100 brn
|
|-damage|p2a: Slowbro|94/100 brn|[from] brn
|upkeep
|turn|23
|-activate|p2a: Slowbro|ability: Quick Draw
|
|t:|1769384096
|move|p2a: Slowbro|Zen Headbutt|p1a: Great Tusk
|-supereffective|p1a: Great Tusk
|-damage|p1a: Great Tusk|0 fnt
|faint|p1a: Great Tusk
|-end|p1a: Great Tusk|Protosynthesis|[silent]
|
|-damage|p2a: Slowbro|88/100 brn|[from] brn
|upkeep
|
|t:|1769384118
|switch|p1a: Ogerpon|Ogerpon-Wellspring, F|44/100
|turn|24
|
|t:|1769384121
|move|p1a: Ogerpon|Knock Off|p2a: Slowbro
|-supereffective|p2a: Slowbro
|-damage|p2a: Slowbro|15/100 brn
|-enditem|p2a: Slowbro|Quick Claw|[from] move: Knock Off|[of] p1a: Ogerpon
|move|p2a: Slowbro|Zen Headbutt|p1a: Ogerpon
|-damage|p1a: Ogerpon|0 fnt
|faint|p1a: Ogerpon
|
|-damage|p2a: Slowbro|9/100 brn|[from] brn
|upkeep
|
|t:|1769384132
|switch|p1a: Samurott|Samurott-Hisui, M|49/100
|turn|25
|
|t:|1769384135
|move|p1a: Samurott|Aqua Jet|p2a: Slowbro
|-damage|p2a: Slowbro|0 fnt
|faint|p2a: Slowbro
|
|win|InDaHouseSun
|raw|InDaHouseSun's rating: 1177 &rarr; <strong>1202</strong><br />(+25 for winning)
|raw|the.ramen.gang's rating: 1175 &rarr; <strong>1150</strong><br />(-25 for losing)
|l|☆InDaHouseSun
|player|p1|
|l|☆the.ramen.gang
|player|p2|
