|j|☆waha8
|j|☆nimjaisugly
|t:|1769407769
|gametype|singles
|player|p1|waha8|265|1484
|player|p2|nimjaisugly|clavell-s|1569
|gen|9
|tier|[Gen 9] OU
|rated|
|rule|HP Percentage Mod: HP is shown in percentages
|rule|Endless Battle Clause: Forcing endless battles is banned
|rule|Species Clause: Limit one of each Pokémon
|rule|OHKO Clause: OHKO moves are banned
|rule|Evasion Items Clause: Evasion items are banned
|rule|Evasion Moves Clause: Evasion moves are banned
|rule|Evasion Abilities Clause: Evasion abilities are banned
|rule|Sleep Moves Clause: Sleep-inducing moves are banned
|clearpoke
|poke|p1|Garchomp, M|
|poke|p1|Skeledirge, F|
|poke|p1|Ogerpon-Wellspring, F|
|poke|p1|Gholdengo|
|poke|p1|Cinderace, F|
|poke|p1|Ribombee, F|
|poke|p2|Scyther, F|
|poke|p2|Kleavor, M|
|poke|p2|Scizor, F|
|poke|p2|Alomomola, M|
|poke|p2|Ursaluna, F|
|poke|p2|Dragapult, F|
|teampreview
|inactive|Battle timer is ON: inactive players will automatically lose when time's up. (requested by nimjaisugly)
|
|t:|1769407779
|teamsize|p1|6
|teamsize|p2|6
|start
|switch|p1a: RunJollyChomp|Garchomp, M|100/100
|switch|p2a: Dragapult|Dragapult, F|100/100
|turn|1
|
|t:|1769407784
|switch|p1a: Mavis|Ribombee, F|100/100
|move|p2a: Dragapult|Draco Meteor|p1a: Mavis
|-immune|p1a: Mavis
|
|upkeep
|turn|2
|
|t:|1769407790
|switch|p2a: Scizor|Scizor, F|100/100
|move|p1a: Mavis|Sticky Web|p2a: Scizor
|-sidestart|p2: nimjaisugly|move: Sticky Web
|
|upkeep
|turn|3
|
|t:|1769407796
|switch|p1a: ReverseUNO|Cinderace, F|100/100
|move|p2a: Scizor|Defog|p1a: ReverseUNO
|-unboost|p1a: ReverseUNO|evasion|1
|-sideend|p2: nimjaisugly|Sticky Web|[from] move: Defog|[of] p2a: Scizor
|
|upkeep
|turn|4
|
|t:|1769407805
|switch|p1a: Mavis|Ribombee, F|100/100
|switch|p2a: Alomomola|Alomomola, M|100/100
|
|upkeep
|turn|5
|
|t:|1769407810
|switch|p2a: Scizor|Scizor, F|100/100
|move|p1a: Mavis|Trick|p2a: Scizor
|-activate|p1a: Mavis|move: Trick|[of] p2a: Scizor
|-item|p2a: Scizor|Choice Scarf|[from] move: Trick
|-item|p1a: Mavis|Heavy-Duty Boots|[from] move: Trick
|
|upkeep
|turn|6
|
|t:|1769407817
|move|p2a: Scizor|Bullet Punch|p1a: Mavis
|-supereffective|p1a: Mavis
|-damage|p1a: Mavis|0 fnt
|faint|p1a: Mavis
|
|upkeep
|
|t:|1769407825
|switch|p1a: RunJollyChomp|Garchomp, M|100/100
|turn|7
|
|t:|1769407836
|switch|p2a: Alomomola|Alomomola, M|100/100
|move|p1a: RunJollyChomp|Swords Dance|p1a: RunJollyChomp
|-boost|p1a: RunJollyChomp|atk|2
|
|upkeep
|turn|8
|
|t:|1769407863
|-terastallize|p2a: Alomomola|Fairy
|move|p1a: RunJollyChomp|Scale Shot|p2a: Alomomola
|-immune|p2a: Alomomola
|move|p2a: Alomomola|Scald|p1a: RunJollyChomp
|-damage|p1a: RunJollyChomp|85/100
|
|upkeep
|turn|9
|
|t:|1769407870
|move|p1a: RunJollyChomp|Earthquake|p2a: Alomomola
|-damage|p2a: Alomomola|18/100
|move|p2a: Alomomola|Scald|p1a: RunJollyChomp
|-damage|p1a: RunJollyChomp|71/100
|
|upkeep
|turn|10
|
|t:|1769407876
|switch|p2a: Scyther|Scyther, F|100/100
|move|p1a: RunJollyChomp|Fire Fang|p2a: Scyther
|-supereffective|p2a: Scyther
|-damage|p2a: Scyther|0 fnt
|faint|p2a: Scyther
|
|upkeep
|
|t:|1769407883
|switch|p2a: Dragapult|Dragapult, F|100/100
|turn|11
|
|t:|1769407888
|-terastallize|p1a: RunJollyChomp|Fire
|move|p2a: Dragapult|Draco Meteor|p1a: RunJollyChomp
|-damage|p1a: RunJollyChomp|0 fnt
|-unboost|p2a: Dragapult|spa|2
|faint|p1a: RunJollyChomp
|
|upkeep
|
|t:|1769407899
|switch|p1a: Orochimaru|Ogerpon-Wellspring, F|100/100
|turn|12
|
|t:|1769407902
|switch|p2a: Scizor|Scizor, F|100/100
|move|p1a: Orochimaru|Swords Dance|p1a: Orochimaru
|-boost|p1a: Orochimaru|atk|2
|
|upkeep
|turn|13
|
|t:|1769407908
|move|p1a: Orochimaru|Ivy Cudgel|p2a: Scizor|[anim] Ivy Cudgel Water
|-crit|p2a: Scizor
|-damage|p2a: Scizor|0 fnt
|faint|p2a: Scizor
|
|upkeep
|
|t:|1769407917
|switch|p2a: Ursaluna|Ursaluna, F|100/100
|turn|14
|
|t:|1769407924
|move|p1a: Orochimaru|Ivy Cudgel|p2a: Ursaluna|[anim] Ivy Cudgel Water
|-supereffective|p2a: Ursaluna
|-damage|p2a: Ursaluna|0 fnt
|faint|p2a: Ursaluna
|
|upkeep
|
|t:|1769407926
|switch|p2a: Dragapult|Dragapult, F|100/100
|turn|15
|
|t:|1769407937
|switch|p1a: ReverseUNO|Cinderace, F|100/100
|move|p2a: Dragapult|U-turn|p1a: ReverseUNO
|-resisted|p1a: ReverseUNO
|-damage|p1a: ReverseUNO|88/100
|
|t:|1769407943
|switch|p2a: Kleavor|Kleavor, M|100/100|[from] U-turn
|
|upkeep
|turn|16
|
|t:|1769407946
|move|p1a: ReverseUNO|Low Kick|p2a: Kleavor
|-start|p1a: ReverseUNO|typechange|Fighting|[from] ability: Libero
|-damage|p2a: Kleavor|49/100
|move|p2a: Kleavor|Stone Axe|p1a: ReverseUNO
|-resisted|p1a: ReverseUNO
|-damage|p1a: ReverseUNO|50/100
|-sidestart|p1: waha8|move: Stealth Rock
|
|upkeep
|turn|17
|
|t:|1769407959
|switch|p2a: Dragapult|Dragapult, F|100/100
|move|p1a: ReverseUNO|Court Change|p1a: ReverseUNO
|-swapsideconditions
|-activate|p1a: ReverseUNO|move: Court Change
|
|upkeep
|turn|18
|
|t:|1769407966
|switch|p2a: Kleavor|Kleavor, M|49/100
|move|p1a: ReverseUNO|Pyro Ball|p2a: Kleavor
|-damage|p2a: Kleavor|4/100
|
|upkeep
|turn|19
|
|t:|1769407971
|move|p1a: ReverseUNO|Pyro Ball|p2a: Kleavor
|-damage|p2a: Kleavor|0 fnt
|faint|p2a: Kleavor
|
|upkeep
|
|t:|1769407976
|switch|p2a: Dragapult|Dragapult, F|100/100
|-damage|p2a: Dragapult|88/100|[from] Stealth Rock
|turn|20
|
|t:|1769407981
|move|p2a: Dragapult|Shadow Ball|p1a: ReverseUNO
|-crit|p1a: ReverseUNO
|-damage|p1a: ReverseUNO|0 fnt
|faint|p1a: ReverseUNO
|
|upkeep
|
|t:|1769407986
|switch|p1a: Orochimaru|Ogerpon-Wellspring, F|100/100
|turn|21
|
|t:|1769407994
|move|p2a: Dragapult|Shadow Ball|p1a: Orochimaru
|-damage|p1a: Orochimaru|37/100
|-unboost|p1a: Orochimaru|spd|1
|move|p1a: Orochimaru|Trailblaze|p2a: Dragapult
|-resisted|p2a: Dragapult
|-damage|p2a: Dragapult|68/100
|-boost|p1a: Orochimaru|spe|1
|
|upkeep
|turn|22
|
|t:|1769408002
|move|p1a: Orochimaru|Ivy Cudgel|p2a: Dragapult|[anim] Ivy Cudgel Water
|-resisted|p2a: Dragapult
|-damage|p2a: Dragapult|25/100
|move|p2a: Dragapult|Shadow Ball|p1a: Orochimaru
|-damage|p1a: Orochimaru|0 fnt
|faint|p1a: Orochimaru
|
|upkeep
|c|☆waha8|gg
|
|t:|1769408009
|switch|p1a: KeepTheChange|Gholdengo|100/100
|turn|23
|
|t:|1769408014
|switch|p2a: Alomomola|Alomomola, M, tera:Fairy|52/100
|-damage|p2a: Alomomola|39/100|[from] Stealth Rock
|move|p1a: KeepTheChange|Shadow Ball|p2a: Alomomola
|-damage|p2a: Alomomola|0 fnt
|faint|p2a: Alomomola
|
|upkeep
|-message|nimjaisugly forfeited.
|
|win|waha8
|raw|waha8's rating: 1484 &rarr; <strong>1509</strong><br />(+25 for winning)
|raw|nimjaisugly's rating: 1569 &rarr; <strong>1544</strong><br />(-25 for losing)
|l|☆nimjaisugly
|player|p2|
