|j|☆HotWalnuts
|j|☆SlimyTime
|t:|1769313880
|gametype|singles
|player|p1|HotWalnuts|unknown|1669
|player|p2|SlimyTime|ltsurge|1577
|gen|9
|tier|[Gen 9] OU
|rated|
|rule|HP Percentage Mod: HP is shown in percentages
|rule|Endless Battle Clause: Forcing endless battles is banned
|rule|Species Clause: Limit one of each Pokémon
|rule|OHKO Clause: OHKO moves are banned
|rule|Evasion Items Clause: Evasion items are banned
|rule|Evasion Moves Clause: Evasion moves are banned
|rule|Evasion Abilities Clause: Evasion abilities are banned
|rule|Sleep Moves Clause: Sleep-inducing moves are banned
|clearpoke
|poke|p1|Gholdengo|
|poke|p1|Ogerpon, F|
|poke|p1|Rillaboom, M|
|poke|p1|Samurott-Hisui, M|
|poke|p1|Glimmora, M|
|poke|p1|Raging Bolt|
|poke|p2|Rillaboom, F|
|poke|p2|Slowking, M|
|poke|p2|Kyurem|
|poke|p2|Corviknight, F|
|poke|p2|Ting-Lu|
|poke|p2|Cinderace, M|
|teampreview
|inactive|Battle timer is ON: inactive players will automatically lose when time's up. (requested by HotWalnuts)
|
|t:|1769313894
|teamsize|p1|6
|teamsize|p2|6
|start
|switch|p1a: Ogerpon|Ogerpon, F|100/100
|switch|p2a: Kyurem|Kyurem|100/100
|-ability|p2a: Kyurem|Pressure
|turn|1
|
|t:|1769313897
|move|p2a: Kyurem|Protect|p2a: Kyurem
|-singleturn|p2a: Kyurem|Protect
|move|p1a: Ogerpon|Superpower|p2a: Kyurem
|-activate|p2a: Kyurem|move: Protect
|
|upkeep
|turn|2
|
|t:|1769313903
|switch|p1a: Samurott|Samurott-Hisui, M, shiny|100/100
|switch|p2a: Corviknight|Corviknight, F|100/100
|-ability|p2a: Corviknight|Pressure
|
|upkeep
|turn|3
|
|t:|1769313908
|move|p1a: Samurott|Ceaseless Edge|p2a: Corviknight
|-damage|p2a: Corviknight|65/100
|-damage|p1a: Samurott|84/100|[from] item: Rocky Helmet|[of] p2a: Corviknight
|-sidestart|p2: SlimyTime|Spikes
|move|p2a: Corviknight|Body Press|p1a: Samurott
|-supereffective|p1a: Samurott
|-damage|p1a: Samurott|22/100
|
|upkeep
|turn|4
|
|t:|1769313913
|switch|p1a: Gholdengo|Gholdengo, shiny|100/100
|move|p2a: Corviknight|Roost|p2a: Corviknight
|-heal|p2a: Corviknight|100/100
|-singleturn|p2a: Corviknight|move: Roost
|
|upkeep
|turn|5
|
|t:|1769313921
|switch|p2a: Ting-Lu|Ting-Lu|100/100
|-damage|p2a: Ting-Lu|88/100|[from] Spikes
|-ability|p2a: Ting-Lu|Vessel of Ruin
|move|p1a: Gholdengo|Shadow Ball|p2a: Ting-Lu
|-resisted|p2a: Ting-Lu
|-damage|p2a: Ting-Lu|81/100
|
|-heal|p2a: Ting-Lu|87/100|[from] item: Leftovers
|upkeep
|turn|6
|
|t:|1769313924
|switch|p1a: Rillaboom|Rillaboom, M, shiny|100/100
|-fieldstart|move: Grassy Terrain|[from] ability: Grassy Surge|[of] p1a: Rillaboom
|move|p2a: Ting-Lu|Ruination|p1a: Rillaboom|[miss]
|-miss|p2a: Ting-Lu|p1a: Rillaboom
|
|-heal|p2a: Ting-Lu|93/100|[from] Grassy Terrain
|-heal|p2a: Ting-Lu|99/100|[from] item: Leftovers
|upkeep
|turn|7
|
|t:|1769313928
|switch|p2a: Corviknight|Corviknight, F|100/100
|-ability|p2a: Corviknight|Pressure
|move|p1a: Rillaboom|Swords Dance|p1a: Rillaboom
|-boost|p1a: Rillaboom|atk|2
|
|upkeep
|turn|8
|
|t:|1769313937
|-terastallize|p1a: Rillaboom|Electric
|move|p1a: Rillaboom|Tera Blast|p2a: Corviknight|[anim] Tera Blast Electric
|-supereffective|p2a: Corviknight
|-damage|p2a: Corviknight|0 fnt
|faint|p2a: Corviknight
|-damage|p1a: Rillaboom|91/100|[from] item: Life Orb
|
|-heal|p1a: Rillaboom|97/100|[from] Grassy Terrain
|upkeep
|
|t:|1769313947
|switch|p2a: Kyurem|Kyurem|100/100
|-damage|p2a: Kyurem|88/100|[from] Spikes
|-ability|p2a: Kyurem|Pressure
|turn|9
|
|t:|1769313954
|move|p2a: Kyurem|Protect|p2a: Kyurem
|-singleturn|p2a: Kyurem|Protect
|move|p1a: Rillaboom|High Horsepower|p2a: Kyurem
|-activate|p2a: Kyurem|move: Protect
|
|-heal|p2a: Kyurem|94/100|[from] Grassy Terrain
|-heal|p2a: Kyurem|100/100|[from] item: Leftovers
|-heal|p1a: Rillaboom|100/100|[from] Grassy Terrain
|upkeep
|turn|10
|
|t:|1769313970
|-terastallize|p2a: Kyurem|Ground
|move|p2a: Kyurem|Earth Power|p1a: Rillaboom
|-supereffective|p1a: Rillaboom
|-damage|p1a: Rillaboom|0 fnt
|faint|p1a: Rillaboom
|
|-fieldend|move: Grassy Terrain
|upkeep
|
|t:|1769313981
|switch|p1a: Ogerpon|Ogerpon, F|100/100
|turn|11
|
|t:|1769313994
|move|p2a: Kyurem|Protect|p2a: Kyurem
|-singleturn|p2a: Kyurem|Protect
|move|p1a: Ogerpon|Ivy Cudgel|p2a: Kyurem
|-activate|p2a: Kyurem|move: Protect
|
|upkeep
|turn|12
|
|t:|1769313999
|switch|p2a: Cinderace|Cinderace, M|100/100
|move|p1a: Ogerpon|Ivy Cudgel|p2a: Cinderace
|-resisted|p2a: Cinderace
|-damage|p2a: Cinderace|55/100
|
|upkeep
|turn|13
|
|t:|1769314006
|switch|p1a: Glimmora|Glimmora, M, shiny|100/100
|move|p2a: Cinderace|Will-O-Wisp|p1a: Glimmora
|-status|p1a: Glimmora|brn
|
|-damage|p1a: Glimmora|94/100 brn|[from] brn
|upkeep
|turn|14
|
|t:|1769314012
|switch|p2a: Kyurem|Kyurem, tera:Ground|100/100
|-damage|p2a: Kyurem|88/100|[from] Spikes
|-ability|p2a: Kyurem|Pressure
|move|p1a: Glimmora|Power Gem|p2a: Kyurem
|-resisted|p2a: Kyurem
|-damage|p2a: Kyurem|73/100
|
|-heal|p2a: Kyurem|79/100|[from] item: Leftovers
|-damage|p1a: Glimmora|88/100 brn|[from] brn
|upkeep
|turn|15
|
|t:|1769314025
|switch|p1a: Samurott|Samurott-Hisui, M, shiny|22/100
|move|p2a: Kyurem|Substitute|p2a: Kyurem
|-start|p2a: Kyurem|Substitute
|-damage|p2a: Kyurem|54/100
|
|-heal|p2a: Kyurem|60/100|[from] item: Leftovers
|upkeep
|turn|16
|
|t:|1769314030
|move|p2a: Kyurem|Protect|p2a: Kyurem
|-singleturn|p2a: Kyurem|Protect
|move|p1a: Samurott|Sucker Punch||[still]
|-fail|p1a: Samurott
|
|-heal|p2a: Kyurem|67/100|[from] item: Leftovers
|upkeep
|turn|17
|
|t:|1769314032
|move|p1a: Samurott|Sucker Punch|p2a: Kyurem
|-end|p2a: Kyurem|Substitute
|move|p2a: Kyurem|Freeze-Dry|p1a: Samurott
|-supereffective|p1a: Samurott
|-damage|p1a: Samurott|0 fnt
|faint|p1a: Samurott
|
|-heal|p2a: Kyurem|73/100|[from] item: Leftovers
|upkeep
|
|t:|1769314035
|switch|p1a: Ogerpon|Ogerpon, F|100/100
|turn|18
|
|t:|1769314038
|move|p2a: Kyurem|Protect|p2a: Kyurem
|-singleturn|p2a: Kyurem|Protect
|move|p1a: Ogerpon|Ivy Cudgel|p2a: Kyurem
|-activate|p2a: Kyurem|move: Protect
|
|-heal|p2a: Kyurem|79/100|[from] item: Leftovers
|upkeep
|turn|19
|
|t:|1769314047
|switch|p2a: Cinderace|Cinderace, M|55/100
|move|p1a: Ogerpon|Ivy Cudgel|p2a: Cinderace
|-resisted|p2a: Cinderace
|-damage|p2a: Cinderace|8/100
|
|upkeep
|turn|20
|
|t:|1769314053
|switch|p1a: Glimmora|Glimmora, M, shiny|88/100 brn
|move|p2a: Cinderace|Court Change|p2a: Cinderace
|-swapsideconditions
|-activate|p2a: Cinderace|move: Court Change
|
|-damage|p1a: Glimmora|82/100 brn|[from] brn
|upkeep
|turn|21
|
|t:|1769314058
|switch|p2a: Kyurem|Kyurem, tera:Ground|79/100
|-ability|p2a: Kyurem|Pressure
|move|p1a: Glimmora|Mortal Spin|p2a: Kyurem
|-resisted|p2a: Kyurem
|-damage|p2a: Kyurem|78/100
|-status|p2a: Kyurem|psn
|-sideend|p1: HotWalnuts|Spikes|[from] move: Mortal Spin|[of] p1a: Glimmora
|
|-heal|p2a: Kyurem|84/100 psn|[from] item: Leftovers
|-damage|p2a: Kyurem|72/100 psn|[from] psn
|-damage|p1a: Glimmora|76/100 brn|[from] brn
|upkeep
|turn|22
|
|t:|1769314060
|move|p2a: Kyurem|Substitute|p2a: Kyurem
|-start|p2a: Kyurem|Substitute
|-damage|p2a: Kyurem|47/100 psn
|move|p1a: Glimmora|Stealth Rock|p2a: Kyurem
|-sidestart|p2: SlimyTime|move: Stealth Rock
|
|-heal|p2a: Kyurem|53/100 psn|[from] item: Leftovers
|-damage|p2a: Kyurem|40/100 psn|[from] psn
|-damage|p1a: Glimmora|69/100 brn|[from] brn
|upkeep
|turn|23
|
|t:|1769314072
|move|p2a: Kyurem|Earth Power|p1a: Glimmora
|-supereffective|p1a: Glimmora
|-damage|p1a: Glimmora|0 fnt
|faint|p1a: Glimmora
|
|-heal|p2a: Kyurem|47/100 psn|[from] item: Leftovers
|-damage|p2a: Kyurem|34/100 psn|[from] psn
|upkeep
|
|t:|1769314080
|switch|p1a: Ogerpon|Ogerpon, F|100/100
|turn|24
|
|t:|1769314084
|move|p1a: Ogerpon|Ivy Cudgel|p2a: Kyurem
|-supereffective|p2a: Kyurem
|-end|p2a: Kyurem|Substitute
|move|p2a: Kyurem|Earth Power|p1a: Ogerpon
|-resisted|p1a: Ogerpon
|-damage|p1a: Ogerpon|75/100
|
|-heal|p2a: Kyurem|40/100 psn|[from] item: Leftovers
|-damage|p2a: Kyurem|28/100 psn|[from] psn
|upkeep
|turn|25
|
|t:|1769314087
|move|p1a: Ogerpon|Ivy Cudgel|p2a: Kyurem
|-supereffective|p2a: Kyurem
|-crit|p2a: Kyurem
|-damage|p2a: Kyurem|0 fnt
|faint|p2a: Kyurem
|
|upkeep
|
|t:|1769314096
|switch|p2a: Cinderace|Cinderace, M|8/100
|turn|26
|
|t:|1769314103
|move|p2a: Cinderace|Pyro Ball|p1a: Ogerpon
|-supereffective|p1a: Ogerpon
|-damage|p1a: Ogerpon|0 fnt
|faint|p1a: Ogerpon
|
|upkeep
|
|t:|1769314106
|switch|p1a: Raging Bolt|Raging Bolt|100/100
|-enditem|p1a: Raging Bolt|Booster Energy
|-activate|p1a: Raging Bolt|ability: Protosynthesis|[fromitem]
|-start|p1a: Raging Bolt|protosynthesisspa
|turn|27
|
|t:|1769314114
|move|p2a: Cinderace|Will-O-Wisp|p1a: Raging Bolt
|-status|p1a: Raging Bolt|brn
|move|p1a: Raging Bolt|Calm Mind|p1a: Raging Bolt
|-boost|p1a: Raging Bolt|spa|1
|-boost|p1a: Raging Bolt|spd|1
|
|-damage|p1a: Raging Bolt|94/100 brn|[from] brn
|upkeep
|turn|28
|
|t:|1769314118
|move|p2a: Cinderace|Court Change|p2a: Cinderace
|-swapsideconditions
|-activate|p2a: Cinderace|move: Court Change
|move|p1a: Raging Bolt|Dragon Pulse|p2a: Cinderace
|-damage|p2a: Cinderace|0 fnt
|faint|p2a: Cinderace
|
|-damage|p1a: Raging Bolt|88/100 brn|[from] brn
|upkeep
|
|t:|1769314122
|switch|p2a: Ting-Lu|Ting-Lu|99/100
|-ability|p2a: Ting-Lu|Vessel of Ruin
|turn|29
|
|t:|1769314125
|move|p1a: Raging Bolt|Dragon Pulse|p2a: Ting-Lu
|-damage|p2a: Ting-Lu|57/100
|move|p2a: Ting-Lu|Earthquake|p1a: Raging Bolt
|-supereffective|p1a: Raging Bolt
|-damage|p1a: Raging Bolt|18/100 brn
|
|-heal|p2a: Ting-Lu|63/100|[from] item: Leftovers
|-damage|p1a: Raging Bolt|12/100 brn|[from] brn
|upkeep
|turn|30
|
|t:|1769314130
|switch|p2a: Slowking|Slowking, M|100/100
|move|p1a: Raging Bolt|Dragon Pulse|p2a: Slowking
|-damage|p2a: Slowking|27/100
|
|-damage|p1a: Raging Bolt|6/100 brn|[from] brn
|upkeep
|turn|31
|
|t:|1769314133
|move|p1a: Raging Bolt|Dragon Pulse|p2a: Slowking
|-damage|p2a: Slowking|0 fnt
|faint|p2a: Slowking
|
|-damage|p1a: Raging Bolt|0 fnt|[from] brn
|faint|p1a: Raging Bolt
|-end|p1a: Raging Bolt|Protosynthesis|[silent]
|upkeep
|
|t:|1769314135
|switch|p1a: Gholdengo|Gholdengo, shiny|100/100
|switch|p2a: Rillaboom|Rillaboom, F|100/100
|-fieldstart|move: Grassy Terrain|[from] ability: Grassy Surge|[of] p2a: Rillaboom
|-enditem|p1a: Gholdengo|Grassy Seed
|-boost|p1a: Gholdengo|def|1|[from] item: Grassy Seed
|-damage|p1a: Gholdengo|94/100|[from] Stealth Rock
|turn|32
|
|t:|1769314140
|move|p2a: Rillaboom|U-turn|p1a: Gholdengo
|-resisted|p1a: Gholdengo
|-damage|p1a: Gholdengo|90/100
|
|t:|1769314141
|switch|p2a: Ting-Lu|Ting-Lu|63/100|[from] U-turn
|-ability|p2a: Ting-Lu|Vessel of Ruin
|move|p1a: Gholdengo|Nasty Plot|p1a: Gholdengo
|-boost|p1a: Gholdengo|spa|2
|
|-heal|p1a: Gholdengo|96/100|[from] Grassy Terrain
|-heal|p2a: Ting-Lu|69/100|[from] Grassy Terrain
|-heal|p2a: Ting-Lu|75/100|[from] item: Leftovers
|upkeep
|turn|33
|j| Kwaga
|
|t:|1769314149
|move|p1a: Gholdengo|Nasty Plot|p1a: Gholdengo
|-boost|p1a: Gholdengo|spa|2
|move|p2a: Ting-Lu|Ruination|p1a: Gholdengo
|-damage|p1a: Gholdengo|49/100
|
|-heal|p1a: Gholdengo|55/100|[from] Grassy Terrain
|-heal|p2a: Ting-Lu|81/100|[from] Grassy Terrain
|-heal|p2a: Ting-Lu|88/100|[from] item: Leftovers
|upkeep
|turn|34
|
|t:|1769314153
|move|p1a: Gholdengo|Recover|p1a: Gholdengo
|-heal|p1a: Gholdengo|100/100
|move|p2a: Ting-Lu|Ruination|p1a: Gholdengo
|-damage|p1a: Gholdengo|51/100
|
|-heal|p1a: Gholdengo|57/100|[from] Grassy Terrain
|-heal|p2a: Ting-Lu|94/100|[from] Grassy Terrain
|-heal|p2a: Ting-Lu|99/100|[from] item: Leftovers
|upkeep
|turn|35
|
|t:|1769314157
|move|p1a: Gholdengo|Dazzling Gleam|p2a: Ting-Lu
|-supereffective|p2a: Ting-Lu
|-damage|p2a: Ting-Lu|42/100
|move|p2a: Ting-Lu|Ruination|p1a: Gholdengo
|-damage|p1a: Gholdengo|29/100
|
|-heal|p1a: Gholdengo|35/100|[from] Grassy Terrain
|-heal|p2a: Ting-Lu|48/100|[from] Grassy Terrain
|-heal|p2a: Ting-Lu|54/100|[from] item: Leftovers
|upkeep
|turn|36
|
|t:|1769314161
|move|p1a: Gholdengo|Recover|p1a: Gholdengo
|-heal|p1a: Gholdengo|85/100
|move|p2a: Ting-Lu|Earthquake|p1a: Gholdengo
|-supereffective|p1a: Gholdengo
|-damage|p1a: Gholdengo|69/100
|
|-heal|p1a: Gholdengo|75/100|[from] Grassy Terrain
|-heal|p2a: Ting-Lu|60/100|[from] Grassy Terrain
|-heal|p2a: Ting-Lu|67/100|[from] item: Leftovers
|-fieldend|move: Grassy Terrain
|upkeep
|turn|37
|
|t:|1769314165
|move|p1a: Gholdengo|Dazzling Gleam|p2a: Ting-Lu
|-supereffective|p2a: Ting-Lu
|-damage|p2a: Ting-Lu|12/100
|move|p2a: Ting-Lu|Earthquake|p1a: Gholdengo
|-supereffective|p1a: Gholdengo
|-damage|p1a: Gholdengo|38/100
|
|-heal|p2a: Ting-Lu|18/100|[from] item: Leftovers
|upkeep
|turn|38
|
|t:|1769314170
|move|p1a: Gholdengo|Recover|p1a: Gholdengo
|-heal|p1a: Gholdengo|88/100
|move|p2a: Ting-Lu|Earthquake|p1a: Gholdengo
|-supereffective|p1a: Gholdengo
|-damage|p1a: Gholdengo|56/100
|
|-heal|p2a: Ting-Lu|25/100|[from] item: Leftovers
|upkeep
|turn|39
|
|t:|1769314172
|move|p1a: Gholdengo|Dazzling Gleam|p2a: Ting-Lu
|-supereffective|p2a: Ting-Lu
|-damage|p2a: Ting-Lu|0 fnt
|faint|p2a: Ting-Lu
|
|upkeep
|
|t:|1769314176
|switch|p2a: Rillaboom|Rillaboom, F|100/100
|-fieldstart|move: Grassy Terrain|[from] ability: Grassy Surge|[of] p2a: Rillaboom
|turn|40
|
|t:|1769314178
|move|p2a: Rillaboom|Knock Off|p1a: Gholdengo
|-supereffective|p1a: Gholdengo
|-damage|p1a: Gholdengo|25/100
|move|p1a: Gholdengo|Shadow Ball|p2a: Rillaboom
|-crit|p2a: Rillaboom
|-damage|p2a: Rillaboom|0 fnt
|faint|p2a: Rillaboom
|
|win|HotWalnuts
|raw|HotWalnuts's rating: 1669 &rarr; <strong>1684</strong><br />(+15 for winning)
|raw|SlimyTime's rating: 1577 &rarr; <strong>1562</strong><br />(-15 for losing)
|l|☆SlimyTime
|player|p2|
|l|☆HotWalnuts
|player|p1|
|l| Kwaga
