|j|☆Nabuhai
|j|☆kuraiyagare
|t:|1769438175
|gametype|singles
|player|p1|Nabuhai|parasollady|1365
|player|p2|kuraiyagare|mars|1328
|gen|9
|tier|[Gen 9] OU
|rated|
|rule|HP Percentage Mod: HP is shown in percentages
|rule|Endless Battle Clause: Forcing endless battles is banned
|rule|Species Clause: Limit one of each Pokémon
|rule|OHKO Clause: OHKO moves are banned
|rule|Evasion Items Clause: Evasion items are banned
|rule|Evasion Moves Clause: Evasion moves are banned
|rule|Evasion Abilities Clause: Evasion abilities are banned
|rule|Sleep Moves Clause: Sleep-inducing moves are banned
|clearpoke
|poke|p1|Pelipper, M|
|poke|p1|Iron Treads|
|poke|p1|Zapdos|
|poke|p1|Barraskewda, M|
|poke|p1|Scizor, M|
|poke|p1|Keldeo-Resolute|
|poke|p2|Bastiodon, F|
|poke|p2|Gardevoir, F|
|poke|p2|Talonflame, F|
|poke|p2|Drifblim, F|
|poke|p2|Gyarados, M|
|poke|p2|Houndoom, M|
|teampreview
|
|t:|1769438188
|teamsize|p1|6
|teamsize|p2|6
|start
|switch|p1a: Barraskewda|Barraskewda, M|100/100
|switch|p2a: drifflim|Drifblim, F|100/100
|turn|1
|inactive|Battle timer is ON: inactive players will automatically lose when time's up. (requested by kuraiyagare)
|
|t:|1769438197
|move|p1a: Barraskewda|Flip Turn|p2a: drifflim
|-damage|p2a: drifflim|41/100
|
|t:|1769438202
|switch|p1a: Iron Treads|Iron Treads|100/100|[from] Flip Turn
|move|p2a: drifflim|Strength Sap|p1a: Iron Treads
|-unboost|p1a: Iron Treads|atk|1
|-heal|p2a: drifflim|99/100
|
|upkeep
|turn|2
|
|t:|1769438221
|move|p1a: Iron Treads|Knock Off|p2a: drifflim
|-supereffective|p2a: drifflim
|-damage|p2a: drifflim|60/100
|-enditem|p2a: drifflim|Weakness Policy
|-boost|p2a: drifflim|atk|2|[from] item: Weakness Policy
|-boost|p2a: drifflim|spa|2|[from] item: Weakness Policy
|move|p2a: drifflim|Calm Mind|p2a: drifflim
|-boost|p2a: drifflim|spa|1
|-boost|p2a: drifflim|spd|1
|
|upkeep
|turn|3
|
|t:|1769438231
|-end|p1a: Iron Treads|Quark Drive|[silent]
|switch|p1a: Pelipper|Pelipper, M|100/100
|-weather|RainDance|[from] ability: Drizzle|[of] p1a: Pelipper
|move|p2a: drifflim|Strength Sap|p1a: Pelipper
|-unboost|p1a: Pelipper|atk|1
|-heal|p2a: drifflim|91/100
|
|-weather|RainDance|[upkeep]
|upkeep
|turn|4
|
|t:|1769438239
|move|p2a: drifflim|Shadow Ball|p1a: Pelipper
|-damage|p1a: Pelipper|0 fnt
|faint|p1a: Pelipper
|
|-weather|RainDance|[upkeep]
|upkeep
|
|t:|1769438248
|switch|p1a: Barraskewda|Barraskewda, M|100/100
|turn|5
|
|t:|1769438252
|-terastallize|p1a: Barraskewda|Water
|move|p1a: Barraskewda|Liquidation|p2a: drifflim
|-damage|p2a: drifflim|0 fnt
|faint|p2a: drifflim
|
|-weather|RainDance|[upkeep]
|upkeep
|
|t:|1769438257
|switch|p2a: Bastiodon|Bastiodon, F|100/100
|turn|6
|
|t:|1769438265
|switch|p1a: Scizor|Scizor, M|100/100
|move|p2a: Bastiodon|Metal Burst||[still]
|-fail|p2a: Bastiodon
|
|-weather|RainDance|[upkeep]
|upkeep
|turn|7
|
|t:|1769438271
|move|p1a: Scizor|U-turn|p2a: Bastiodon
|-resisted|p2a: Bastiodon
|-damage|p2a: Bastiodon|90/100
|
|t:|1769438286
|switch|p1a: Keldeo|Keldeo-Resolute|100/100|[from] U-turn
|move|p2a: Bastiodon|Stealth Rock|p1a: Keldeo
|-sidestart|p1: Nabuhai|move: Stealth Rock
|
|-weather|RainDance|[upkeep]
|upkeep
|turn|8
|
|t:|1769438299
|move|p1a: Keldeo|Secret Sword|p2a: Bastiodon
|-supereffective|p2a: Bastiodon
|-damage|p2a: Bastiodon|0 fnt
|faint|p2a: Bastiodon
|
|-weather|RainDance|[upkeep]
|upkeep
|
|t:|1769438304
|switch|p2a: Gardenia|Gardevoir, F|100/100
|-ability|p2a: Gardenia|Justified|Trace|[from] ability: Trace|[of] p1a: Keldeo
|turn|9
|
|t:|1769438325
|switch|p1a: Iron Treads|Iron Treads|100/100
|-damage|p1a: Iron Treads|98/100|[from] Stealth Rock
|move|p2a: Gardenia|Moonblast|p1a: Iron Treads
|-resisted|p1a: Iron Treads
|-damage|p1a: Iron Treads|76/100
|-unboost|p1a: Iron Treads|spa|1
|
|-weather|RainDance|[upkeep]
|-heal|p1a: Iron Treads|82/100|[from] item: Leftovers
|upkeep
|turn|10
|
|t:|1769438335
|switch|p2a: ue shita|Gyarados, M|100/100
|move|p1a: Iron Treads|Knock Off|p2a: ue shita
|-damage|p2a: ue shita|68/100
|-enditem|p2a: ue shita|Leftovers|[from] move: Knock Off|[of] p1a: Iron Treads
|
|-weather|none
|-heal|p1a: Iron Treads|88/100|[from] item: Leftovers
|upkeep
|turn|11
|
|t:|1769438343
|-end|p1a: Iron Treads|Quark Drive|[silent]
|switch|p1a: Zapdos|Zapdos|100/100
|-damage|p1a: Zapdos|76/100|[from] Stealth Rock
|move|p2a: ue shita|Dragon Dance|p2a: ue shita
|-boost|p2a: ue shita|atk|1
|-boost|p2a: ue shita|spe|1
|
|upkeep
|turn|12
|
|t:|1769438355
|-terastallize|p2a: ue shita|Ground
|move|p2a: ue shita|Ice Fang|p1a: Zapdos
|-supereffective|p1a: Zapdos
|-damage|p1a: Zapdos|21/100
|-damage|p2a: ue shita|52/100|[from] item: Rocky Helmet|[of] p1a: Zapdos
|-status|p2a: ue shita|par|[from] ability: Static|[of] p1a: Zapdos
|move|p1a: Zapdos|Volt Switch|p2a: ue shita
|-immune|p2a: ue shita
|
|upkeep
|turn|13
|
|t:|1769438371
|switch|p1a: Keldeo|Keldeo-Resolute|100/100
|-damage|p1a: Keldeo|94/100|[from] Stealth Rock
|move|p2a: ue shita|Waterfall|p1a: Keldeo
|-resisted|p1a: Keldeo
|-damage|p1a: Keldeo|53/100
|
|upkeep
|turn|14
|
|t:|1769438378
|move|p1a: Keldeo|Surf|p2a: ue shita
|-supereffective|p2a: ue shita
|-damage|p2a: ue shita|0 fnt
|faint|p2a: ue shita
|
|upkeep
|
|t:|1769438381
|switch|p2a: Vatra|Talonflame, F|100/100
|turn|15
|
|t:|1769438390
|switch|p1a: Zapdos|Zapdos|21/100
|-damage|p1a: Zapdos|0 fnt|[from] Stealth Rock
|faint|p1a: Zapdos
|move|p2a: Vatra|Brave Bird|p1: Zapdos|[notarget]
|-fail|p2a: Vatra
|
|upkeep
|
|t:|1769438412
|switch|p1a: Iron Treads|Iron Treads|88/100
|-damage|p1a: Iron Treads|86/100|[from] Stealth Rock
|turn|16
|inactive|kuraiyagare has 120 seconds left.
|
|t:|1769438466
|move|p2a: Vatra|Flare Blitz|p1a: Iron Treads
|-supereffective|p1a: Iron Treads
|-damage|p1a: Iron Treads|19/100
|-status|p1a: Iron Treads|brn
|-damage|p2a: Vatra|72/100|[from] Recoil
|move|p1a: Iron Treads|Stealth Rock|p2a: Vatra
|-sidestart|p2: kuraiyagare|move: Stealth Rock
|
|-heal|p1a: Iron Treads|25/100 brn|[from] item: Leftovers
|-damage|p1a: Iron Treads|19/100 brn|[from] brn
|upkeep
|turn|17
|
|t:|1769438481
|move|p2a: Vatra|Defog|p1a: Iron Treads
|-unboost|p1a: Iron Treads|evasion|1
|-sideend|p1: Nabuhai|Stealth Rock|[from] move: Defog|[of] p2a: Vatra
|-sideend|p2: kuraiyagare|Stealth Rock|[from] move: Defog|[of] p2a: Vatra
|move|p1a: Iron Treads|Knock Off|p2a: Vatra
|-damage|p2a: Vatra|53/100
|-enditem|p2a: Vatra|Heavy-Duty Boots|[from] move: Knock Off|[of] p1a: Iron Treads
|
|-heal|p1a: Iron Treads|25/100 brn|[from] item: Leftovers
|-damage|p1a: Iron Treads|19/100 brn|[from] brn
|upkeep
|turn|18
|
|t:|1769438491
|move|p2a: Vatra|Brave Bird|p1a: Iron Treads
|-resisted|p1a: Iron Treads
|-damage|p1a: Iron Treads|1/100 brn
|-damage|p2a: Vatra|45/100|[from] Recoil
|move|p1a: Iron Treads|Stealth Rock|p2a: Vatra
|-sidestart|p2: kuraiyagare|move: Stealth Rock
|
|-heal|p1a: Iron Treads|7/100 brn|[from] item: Leftovers
|-damage|p1a: Iron Treads|1/100 brn|[from] brn
|upkeep
|turn|19
|
|t:|1769438509
|move|p2a: Vatra|Defog|p1a: Iron Treads
|-unboost|p1a: Iron Treads|evasion|1
|-sideend|p2: kuraiyagare|Stealth Rock|[from] move: Defog|[of] p2a: Vatra
|move|p1a: Iron Treads|Stealth Rock|p2a: Vatra
|-sidestart|p2: kuraiyagare|move: Stealth Rock
|
|-heal|p1a: Iron Treads|7/100 brn|[from] item: Leftovers
|-damage|p1a: Iron Treads|1/100 brn|[from] brn
|upkeep
|turn|20
|inactive|kuraiyagare has 120 seconds left.
|
|t:|1769438524
|move|p2a: Vatra|Defog|p1a: Iron Treads
|-unboost|p1a: Iron Treads|evasion|1
|-sideend|p2: kuraiyagare|Stealth Rock|[from] move: Defog|[of] p2a: Vatra
|move|p1a: Iron Treads|Stealth Rock|p2a: Vatra
|-sidestart|p2: kuraiyagare|move: Stealth Rock
|
|-heal|p1a: Iron Treads|7/100 brn|[from] item: Leftovers
|-damage|p1a: Iron Treads|1/100 brn|[from] brn
|upkeep
|turn|21
|
|t:|1769438531
|move|p2a: Vatra|Defog|p1a: Iron Treads
|-unboost|p1a: Iron Treads|evasion|1
|-sideend|p2: kuraiyagare|Stealth Rock|[from] move: Defog|[of] p2a: Vatra
|move|p1a: Iron Treads|Stealth Rock|p2a: Vatra
|-sidestart|p2: kuraiyagare|move: Stealth Rock
|
|-heal|p1a: Iron Treads|7/100 brn|[from] item: Leftovers
|-damage|p1a: Iron Treads|1/100 brn|[from] brn
|upkeep
|turn|22
|
|t:|1769438539
|move|p2a: Vatra|Flare Blitz|p1a: Iron Treads
|-supereffective|p1a: Iron Treads
|-damage|p1a: Iron Treads|0 fnt
|faint|p1a: Iron Treads
|-end|p1a: Iron Treads|Quark Drive|[silent]
|-damage|p2a: Vatra|45/100|[from] Recoil
|
|upkeep
|inactive|Nabuhai has 120 seconds left.
|
|t:|1769438571
|switch|p1a: Barraskewda|Barraskewda, M, tera:Water|100/100
|turn|23
|
|t:|1769438590
|move|p2a: Vatra|Brave Bird|p1a: Barraskewda
|-damage|p1a: Barraskewda|6/100
|-damage|p2a: Vatra|17/100|[from] Recoil
|move|p1a: Barraskewda|Liquidation|p2a: Vatra
|-supereffective|p2a: Vatra
|-crit|p2a: Vatra
|-damage|p2a: Vatra|0 fnt
|faint|p2a: Vatra
|
|upkeep
|
|t:|1769438594
|switch|p2a: Gardenia|Gardevoir, F|100/100
|-damage|p2a: Gardenia|88/100|[from] Stealth Rock
|-ability|p2a: Gardenia|Swift Swim|Trace|[from] ability: Trace|[of] p1a: Barraskewda
|turn|24
|inactive|Nabuhai has 120 seconds left.
|
|t:|1769438624
|move|p2a: Gardenia|Vacuum Wave|p1a: Barraskewda
|-damage|p1a: Barraskewda|0 fnt
|faint|p1a: Barraskewda
|
|upkeep
|
|t:|1769438629
|switch|p1a: Keldeo|Keldeo-Resolute|53/100
|turn|25
|inactive|Nabuhai has 120 seconds left.
|inactive|kuraiyagare has 120 seconds left.
|
|t:|1769438666
|move|p1a: Keldeo|Surf|p2a: Gardenia
|-damage|p2a: Gardenia|8/100
|move|p2a: Gardenia|Moonblast|p1a: Keldeo
|-supereffective|p1a: Keldeo
|-damage|p1a: Keldeo|0 fnt
|faint|p1a: Keldeo
|
|upkeep
|inactive|Nabuhai has 120 seconds left.
|
|t:|1769438682
|switch|p1a: Scizor|Scizor, M|100/100
|turn|26
|inactive|kuraiyagare has 120 seconds left.
|
|t:|1769438718
|move|p2a: Gardenia|Vacuum Wave|p1a: Scizor
|-damage|p1a: Scizor|83/100
|move|p1a: Scizor|Swords Dance|p1a: Scizor
|-boost|p1a: Scizor|atk|2
|
|-heal|p1a: Scizor|89/100|[from] item: Leftovers
|upkeep
|turn|27
|inactive|Nabuhai has 120 seconds left.
|
|t:|1769438747
|move|p1a: Scizor|Bullet Punch|p2a: Gardenia
|-supereffective|p2a: Gardenia
|-damage|p2a: Gardenia|0 fnt
|faint|p2a: Gardenia
|
|-heal|p1a: Scizor|95/100|[from] item: Leftovers
|upkeep
|
|t:|1769438767
|switch|p2a: motto sukunai|Houndoom, M|100/100
|-damage|p2a: motto sukunai|76/100|[from] Stealth Rock
|turn|28
|
|t:|1769438771
|move|p1a: Scizor|Bullet Punch|p2a: motto sukunai
|-resisted|p2a: motto sukunai
|-damage|p2a: motto sukunai|0 fnt
|faint|p2a: motto sukunai
|
|win|Nabuhai
|raw|Nabuhai's rating: 1365 &rarr; <strong>1383</strong><br />(+18 for winning)
|raw|kuraiyagare's rating: 1328 &rarr; <strong>1310</strong><br />(-18 for losing)
|l|☆kuraiyagare
|player|p2|
|l|☆Nabuhai
|player|p1|
