|j|☆BurlyNut
|j|☆Pem779567 phone
|t:|1769407632
|gametype|singles
|player|p1|BurlyNut|steven|1154
|player|p2|Pem779567 phone|1|1198
|gen|9
|tier|[Gen 9] OU
|rated|
|rule|HP Percentage Mod: HP is shown in percentages
|rule|Endless Battle Clause: Forcing endless battles is banned
|rule|Species Clause: Limit one of each Pokémon
|rule|OHKO Clause: OHKO moves are banned
|rule|Evasion Items Clause: Evasion items are banned
|rule|Evasion Moves Clause: Evasion moves are banned
|rule|Evasion Abilities Clause: Evasion abilities are banned
|rule|Sleep Moves Clause: Sleep-inducing moves are banned
|clearpoke
|poke|p1|Deoxys-Speed|
|poke|p1|Barraskewda, M|
|poke|p1|Weavile, F|
|poke|p1|Electrode-Hisui|
|poke|p1|Iron Valiant|
|poke|p1|Dragapult, M|
|poke|p2|Samurott-Hisui, F|
|poke|p2|Slowking-Galar, F|
|poke|p2|Entei|
|poke|p2|Rillaboom, M|
|poke|p2|Salamence, F|
|poke|p2|Ninetales-Alola, M|
|teampreview
|inactive|Battle timer is ON: inactive players will automatically lose when time's up. (requested by Pem779567 phone)
|inactive|BurlyNut also wants the timer to be on.
|
|t:|1769407643
|teamsize|p1|6
|teamsize|p2|6
|start
|switch|p1a: Electrode|Electrode-Hisui, shiny|100/100
|switch|p2a: Samurott|Samurott-Hisui, F|100/100
|turn|1
|
|t:|1769407656
|switch|p2a: Slowking|Slowking-Galar, F, shiny|100/100
|move|p1a: Electrode|Charge Beam|p2a: Slowking
|-damage|p2a: Slowking|87/100
|
|-heal|p2a: Slowking|93/100|[from] item: Leftovers
|upkeep
|turn|2
|
|t:|1769407676
|move|p1a: Electrode|Leech Seed|p2a: Slowking
|-start|p2a: Slowking|move: Leech Seed
|move|p2a: Slowking|Toxic|p1a: Electrode
|-status|p1a: Electrode|tox
|
|-heal|p2a: Slowking|99/100|[from] item: Leftovers
|-damage|p2a: Slowking|87/100|[from] Leech Seed|[of] p1a: Electrode
|-damage|p1a: Electrode|94/100 tox|[from] psn
|upkeep
|turn|3
|
|t:|1769407687
|move|p1a: Electrode|Charge Beam|p2a: Slowking
|-damage|p2a: Slowking|75/100
|-boost|p1a: Electrode|spa|1
|move|p2a: Slowking|Future Sight|p1a: Electrode
|-start|p2a: Slowking|move: Future Sight
|
|-heal|p1a: Electrode|100/100 tox|[from] item: Leftovers
|-heal|p2a: Slowking|81/100|[from] item: Leftovers
|-damage|p2a: Slowking|68/100|[from] Leech Seed|[of] p1a: Electrode
|-damage|p1a: Electrode|88/100 tox|[from] psn
|upkeep
|turn|4
|
|t:|1769407699
|switch|p2a: Entei|Entei|100/100
|move|p1a: Electrode|Charge Beam|p2a: Entei
|-damage|p2a: Entei|62/100
|-boost|p1a: Electrode|spa|1
|
|-heal|p1a: Electrode|94/100 tox|[from] item: Leftovers
|-damage|p1a: Electrode|76/100 tox|[from] psn
|upkeep
|turn|5
|
|t:|1769407721
|move|p1a: Electrode|Discharge|p2a: Entei
|-damage|p2a: Entei|0 fnt
|faint|p2a: Entei
|
|-end|p1a: Electrode|move: Future Sight
|-damage|p1a: Electrode|3/100 tox
|-heal|p1a: Electrode|9/100 tox|[from] item: Leftovers
|-damage|p1a: Electrode|0 fnt|[from] psn
|faint|p1a: Electrode
|upkeep
|
|t:|1769407736
|switch|p1a: Dragapult|Dragapult, M, shiny|100/100
|switch|p2a: Samurott|Samurott-Hisui, F|100/100
|turn|6
|
|t:|1769407755
|move|p2a: Samurott|Ceaseless Edge|p1a: Dragapult
|-supereffective|p1a: Dragapult
|-crit|p1a: Dragapult
|-damage|p1a: Dragapult|0 fnt
|-sidestart|p1: BurlyNut|Spikes
|faint|p1a: Dragapult
|
|upkeep
|
|t:|1769407768
|switch|p1a: Iron Valiant|Iron Valiant, shiny|100/100
|-damage|p1a: Iron Valiant|88/100|[from] Spikes
|-enditem|p1a: Iron Valiant|Booster Energy
|-activate|p1a: Iron Valiant|ability: Quark Drive|[fromitem]
|-start|p1a: Iron Valiant|quarkdrivespe
|turn|7
|inactive|Pem779567 phone has 120 seconds left.
|
|t:|1769407792
|move|p1a: Iron Valiant|Calm Mind|p1a: Iron Valiant
|-boost|p1a: Iron Valiant|spa|1
|-boost|p1a: Iron Valiant|spd|1
|move|p2a: Samurott|Ceaseless Edge|p1a: Iron Valiant
|-resisted|p1a: Iron Valiant
|-damage|p1a: Iron Valiant|75/100
|-sidestart|p1: BurlyNut|Spikes
|
|upkeep
|turn|8
|
|t:|1769407806
|switch|p2a: Slowking|Slowking-Galar, F, shiny|100/100
|move|p1a: Iron Valiant|Calm Mind|p1a: Iron Valiant
|-boost|p1a: Iron Valiant|spa|1
|-boost|p1a: Iron Valiant|spd|1
|
|upkeep
|turn|9
|
|t:|1769407818
|move|p1a: Iron Valiant|Psychic|p2a: Slowking
|-damage|p2a: Slowking|66/100
|move|p2a: Slowking|Toxic|p1a: Iron Valiant
|-status|p1a: Iron Valiant|tox
|
|-heal|p2a: Slowking|72/100|[from] item: Leftovers
|-damage|p1a: Iron Valiant|68/100 tox|[from] psn
|upkeep
|turn|10
|
|t:|1769407837
|move|p1a: Iron Valiant|Moonblast|p2a: Slowking
|-resisted|p2a: Slowking
|-damage|p2a: Slowking|46/100
|move|p2a: Slowking|Future Sight|p1a: Iron Valiant
|-start|p2a: Slowking|move: Future Sight
|
|-heal|p2a: Slowking|52/100|[from] item: Leftovers
|-damage|p1a: Iron Valiant|56/100 tox|[from] psn
|upkeep
|turn|11
|
|t:|1769407848
|move|p1a: Iron Valiant|Psychic|p2a: Slowking
|-damage|p2a: Slowking|15/100
|-prepare|p2a: Slowking|Chilly Reception|[premajor]
|move|p2a: Slowking|Chilly Reception|p2a: Slowking
|-weather|Snowscape
|
|t:|1769407872
|switch|p2a: Samurott|Samurott-Hisui, F|100/100|[from] Chilly Reception
|
|-weather|Snowscape|[upkeep]
|-damage|p1a: Iron Valiant|37/100 tox|[from] psn
|upkeep
|turn|12
|
|t:|1769407880
|move|p1a: Iron Valiant|Moonblast|p2a: Samurott
|-supereffective|p2a: Samurott
|-damage|p2a: Samurott|0 fnt
|faint|p2a: Samurott
|
|-weather|Snowscape|[upkeep]
|-end|p1a: Iron Valiant|move: Future Sight
|-supereffective|p1a: Iron Valiant
|-damage|p1a: Iron Valiant|0 fnt
|faint|p1a: Iron Valiant
|-end|p1a: Iron Valiant|Quark Drive|[silent]
|upkeep
|
|t:|1769407906
|switch|p1a: Weavile|Weavile, F, shiny|100/100
|switch|p2a: Slowking|Slowking-Galar, F, shiny|48/100
|-damage|p1a: Weavile|84/100|[from] Spikes
|turn|13
|inactive|BurlyNut has 120 seconds left.
|
|t:|1769407922
|move|p1a: Weavile|Throat Chop|p2a: Slowking
|-supereffective|p2a: Slowking
|-damage|p2a: Slowking|0 fnt
|faint|p2a: Slowking
|
|-weather|Snowscape|[upkeep]
|upkeep
|
|t:|1769407941
|switch|p2a: Ninetales|Ninetales-Alola, M|100/100
|turn|14
|
|t:|1769407950
|move|p1a: Weavile|Poison Jab|p2a: Ninetales
|-supereffective|p2a: Ninetales
|-damage|p2a: Ninetales|50/100
|move|p2a: Ninetales|Moonblast|p1a: Weavile
|-supereffective|p1a: Weavile
|-damage|p1a: Weavile|0 fnt
|faint|p1a: Weavile
|
|-weather|Snowscape|[upkeep]
|upkeep
|
|t:|1769407960
|switch|p1a: Deoxys|Deoxys-Speed, shiny|100/100
|-ability|p1a: Deoxys|Pressure
|-item|p1a: Deoxys|Air Balloon
|turn|15
|
|t:|1769407986
|move|p1a: Deoxys|Charge Beam|p2a: Ninetales
|-damage|p2a: Ninetales|33/100
|move|p2a: Ninetales|Aurora Veil|p2a: Ninetales
|-sidestart|p2: Pem779567 phone|move: Aurora Veil
|
|-weather|none
|upkeep
|turn|16
|
|t:|1769407994
|move|p1a: Deoxys|Charge Beam|p2a: Ninetales
|-damage|p2a: Ninetales|24/100
|move|p2a: Ninetales|Moonblast|p1a: Deoxys
|-damage|p1a: Deoxys|48/100
|-enditem|p1a: Deoxys|Air Balloon
|
|upkeep
|turn|17
|inactive|Pem779567 phone has 120 seconds left.
|
|t:|1769408028
|move|p1a: Deoxys|Psychic|p2a: Ninetales
|-damage|p2a: Ninetales|0 fnt
|faint|p2a: Ninetales
|
|upkeep
|
|t:|1769408031
|switch|p2a: Rillaboom|Rillaboom, M|100/100
|-fieldstart|move: Grassy Terrain|[from] ability: Grassy Surge|[of] p2a: Rillaboom
|turn|18
|
|t:|1769408037
|move|p1a: Deoxys|Ice Beam|p2a: Rillaboom
|-supereffective|p2a: Rillaboom
|-damage|p2a: Rillaboom|64/100
|move|p2a: Rillaboom|Drum Beating|p1a: Deoxys
|-damage|p1a: Deoxys|0 fnt
|faint|p1a: Deoxys
|
|-heal|p2a: Rillaboom|71/100|[from] Grassy Terrain
|upkeep
|
|t:|1769408049
|switch|p1a: Barraskewda|Barraskewda, M, shiny|100/100
|-damage|p1a: Barraskewda|84/100|[from] Spikes
|turn|19
|
|t:|1769408058
|move|p2a: Rillaboom|Grassy Glide|p1a: Barraskewda
|-supereffective|p1a: Barraskewda
|-crit|p1a: Barraskewda
|-damage|p1a: Barraskewda|0 fnt
|faint|p1a: Barraskewda
|
|win|Pem779567 phone
|raw|BurlyNut's rating: 1154 &rarr; <strong>1132</strong><br />(-22 for losing)
|raw|Pem779567 phone's rating: 1198 &rarr; <strong>1220</strong><br />(+22 for winning)
|l|☆Pem779567 phone
|player|p2|
|l|☆BurlyNut
|player|p1|
