|j|☆miggy009
|j|☆ghidorahstan69
|t:|1769351846
|gametype|singles
|player|p1|miggy009|swimmer-gen4dp|1096
|player|p2|ghidorahstan69|cynthia|1107
|gen|9
|tier|[Gen 9] OU
|rated|
|rule|HP Percentage Mod: HP is shown in percentages
|rule|Endless Battle Clause: Forcing endless battles is banned
|rule|Species Clause: Limit one of each Pokémon
|rule|OHKO Clause: OHKO moves are banned
|rule|Evasion Items Clause: Evasion items are banned
|rule|Evasion Moves Clause: Evasion moves are banned
|rule|Evasion Abilities Clause: Evasion abilities are banned
|rule|Sleep Moves Clause: Sleep-inducing moves are banned
|clearpoke
|poke|p1|Gallade, M|
|poke|p1|Grimmsnarl, M|
|poke|p1|Clodsire, F|
|poke|p1|Dragapult, M|
|poke|p1|Galvantula, M|
|poke|p1|Golurk|
|poke|p2|Alomomola, M|
|poke|p2|Tornadus-Therian, M|
|poke|p2|Poliwrath, M|
|poke|p2|Weezing-Galar, F|
|poke|p2|Goodra-Hisui, M|
|poke|p2|Hatterene, F|
|teampreview
|inactive|Battle timer is ON: inactive players will automatically lose when time's up. (requested by ghidorahstan69)
|
|t:|1769351862
|teamsize|p1|6
|teamsize|p2|6
|start
|switch|p1a: Grimmsnarl|Grimmsnarl, M, shiny|100/100
|switch|p2a: Hatterene|Hatterene, F|100/100
|turn|1
|
|t:|1769351870
|move|p1a: Grimmsnarl|Trick|p2a: Hatterene
|-activate|p1a: Grimmsnarl|move: Trick|[of] p2a: Hatterene
|-item|p2a: Hatterene|Choice Scarf|[from] move: Trick
|-item|p1a: Grimmsnarl|Leftovers|[from] move: Trick
|move|p2a: Hatterene|Nuzzle|p1a: Grimmsnarl
|-damage|p1a: Grimmsnarl|97/100
|-status|p1a: Grimmsnarl|par
|
|-heal|p1a: Grimmsnarl|100/100 par|[from] item: Leftovers
|upkeep
|turn|2
|
|t:|1769351883
|switch|p2a: Poliwrath|Poliwrath, M|100/100
|move|p1a: Grimmsnarl|Parting Shot|p2a: Poliwrath
|-unboost|p2a: Poliwrath|atk|1
|-unboost|p2a: Poliwrath|spa|1
|
|t:|1769351894
|switch|p1a: Galli|Galvantula, M, shiny|100/100|[from] Parting Shot
|
|upkeep
|turn|3
|
|t:|1769351901
|switch|p2a: Hatterene|Hatterene, F|100/100
|move|p1a: Galli|Thunder|p2a: Hatterene
|-damage|p2a: Hatterene|52/100
|
|upkeep
|turn|4
|
|t:|1769351911
|switch|p1a: Grimmsnarl|Grimmsnarl, M, shiny|100/100 par
|move|p2a: Hatterene|Psyshock|p1a: Grimmsnarl
|-immune|p1a: Grimmsnarl
|
|upkeep
|turn|5
|
|t:|1769351923
|switch|p2a: Weezing|Weezing-Galar, F|100/100
|-ability|p2a: Weezing|Neutralizing Gas
|-item|p2a: Weezing|Air Balloon
|move|p1a: Grimmsnarl|Thunder Wave|p2a: Weezing
|-status|p2a: Weezing|par
|
|upkeep
|turn|6
|
|t:|1769351934
|-end|p2a: Weezing|ability: Neutralizing Gas
|switch|p2a: Alomomola|Alomomola, M, shiny|100/100
|move|p1a: Grimmsnarl|Parting Shot|p2a: Alomomola
|-unboost|p2a: Alomomola|atk|1
|-unboost|p2a: Alomomola|spa|1
|
|t:|1769351944
|switch|p1a: Galli|Galvantula, M, shiny|100/100|[from] Parting Shot
|
|upkeep
|turn|7
|
|t:|1769351950
|move|p1a: Galli|Thunder|p2a: Alomomola
|-supereffective|p2a: Alomomola
|-damage|p2a: Alomomola|0 fnt
|faint|p2a: Alomomola
|
|upkeep
|
|t:|1769351954
|switch|p2a: Poliwrath|Poliwrath, M|100/100
|turn|8
|
|t:|1769351959
|-terastallize|p2a: Poliwrath|Ground
|move|p1a: Galli|Thunder|p2a: Poliwrath
|-immune|p2a: Poliwrath
|move|p2a: Poliwrath|Belly Drum|p2a: Poliwrath
|-damage|p2a: Poliwrath|50/100
|-setboost|p2a: Poliwrath|atk|6|[from] move: Belly Drum
|-enditem|p2a: Poliwrath|Sitrus Berry|[eat]
|-heal|p2a: Poliwrath|75/100|[from] item: Sitrus Berry
|
|upkeep
|turn|9
|
|t:|1769351972
|move|p1a: Galli|Energy Ball|p2a: Poliwrath
|-supereffective|p2a: Poliwrath
|-damage|p2a: Poliwrath|12/100
|move|p2a: Poliwrath|Earthquake|p1a: Galli
|-enditem|p1a: Galli|Focus Sash
|-damage|p1a: Galli|1/100
|
|upkeep
|turn|10
|-message|ghidorahstan69 forfeited.
|
|win|miggy009
|raw|miggy009's rating: 1096 &rarr; <strong>1122</strong><br />(+26 for winning)
|raw|ghidorahstan69's rating: 1107 &rarr; <strong>1081</strong><br />(-26 for losing)
|l|☆ghidorahstan69
|player|p2|
