|j|☆Unskilled2004
|j|☆2001civic
|t:|1769438890
|gametype|singles
|player|p1|Unskilled2004|101|1619
|player|p2|2001civic|169|1678
|gen|9
|tier|[Gen 9] OU
|rated|
|rule|HP Percentage Mod: HP is shown in percentages
|rule|Endless Battle Clause: Forcing endless battles is banned
|rule|Species Clause: Limit one of each Pokémon
|rule|OHKO Clause: OHKO moves are banned
|rule|Evasion Items Clause: Evasion items are banned
|rule|Evasion Moves Clause: Evasion moves are banned
|rule|Evasion Abilities Clause: Evasion abilities are banned
|rule|Sleep Moves Clause: Sleep-inducing moves are banned
|clearpoke
|poke|p1|Hydreigon, M|
|poke|p1|Great Tusk|
|poke|p1|Lokix, M|
|poke|p1|Dragapult, M|
|poke|p1|Pecharunt|
|poke|p1|Heatran, F|
|poke|p2|Rhyperior, M|
|poke|p2|Enamorus, F|
|poke|p2|Okidogi, M|
|poke|p2|Ribombee, M|
|poke|p2|Gholdengo|
|poke|p2|Ogerpon-Wellspring, F|
|teampreview
|inactive|Battle timer is ON: inactive players will automatically lose when time's up. (requested by Unskilled2004)
|
|t:|1769438917
|teamsize|p1|6
|teamsize|p2|6
|start
|switch|p1a: Pecharunt|Pecharunt|100/100
|switch|p2a: Ribombee|Ribombee, M|100/100
|turn|1
|
|t:|1769438921
|move|p2a: Ribombee|Light Screen|p2a: Ribombee
|-sidestart|p2: 2001civic|move: Light Screen
|move|p1a: Pecharunt|Malignant Chain|p2a: Ribombee
|-supereffective|p2a: Ribombee
|-damage|p2a: Ribombee|54/100
|
|upkeep
|turn|2
|
|t:|1769438929
|move|p2a: Ribombee|Sticky Web|p1a: Pecharunt
|-sidestart|p1: Unskilled2004|move: Sticky Web
|move|p1a: Pecharunt|Malignant Chain|p2a: Ribombee
|-supereffective|p2a: Ribombee
|-damage|p2a: Ribombee|7/100
|
|upkeep
|turn|3
|
|t:|1769438933
|move|p2a: Ribombee|Reflect|p2a: Ribombee
|-sidestart|p2: 2001civic|Reflect
|move|p1a: Pecharunt|Malignant Chain|p2a: Ribombee
|-supereffective|p2a: Ribombee
|-damage|p2a: Ribombee|0 fnt
|faint|p2a: Ribombee
|
|upkeep
|
|t:|1769438946
|switch|p2a: Okidogi|Okidogi, M|100/100
|turn|4
|
|t:|1769438949
|move|p2a: Okidogi|Bulk Up|p2a: Okidogi
|-boost|p2a: Okidogi|atk|1
|-boost|p2a: Okidogi|def|1
|move|p1a: Pecharunt|Parting Shot|p2a: Okidogi
|-unboost|p2a: Okidogi|atk|1
|-unboost|p2a: Okidogi|spa|1
|
|t:|1769438975
|switch|p1a: Great Tusk|Great Tusk|100/100|[from] Parting Shot
|
|upkeep
|turn|5
|
|t:|1769438979
|move|p1a: Great Tusk|Rapid Spin|p2a: Okidogi
|-damage|p2a: Okidogi|96/100
|-boost|p1a: Great Tusk|spe|1
|-sideend|p1: Unskilled2004|Sticky Web|[from] move: Rapid Spin|[of] p1a: Great Tusk
|move|p2a: Okidogi|Bulk Up|p2a: Okidogi
|-boost|p2a: Okidogi|atk|1
|-boost|p2a: Okidogi|def|1
|
|-heal|p2a: Okidogi|100/100|[from] item: Leftovers
|upkeep
|turn|6
|
|t:|1769438988
|move|p1a: Great Tusk|Stealth Rock|p2a: Okidogi
|-sidestart|p2: 2001civic|move: Stealth Rock
|move|p2a: Okidogi|Bulk Up|p2a: Okidogi
|-boost|p2a: Okidogi|atk|1
|-boost|p2a: Okidogi|def|1
|
|upkeep
|turn|7
|
|t:|1769438993
|move|p1a: Great Tusk|Headlong Rush|p2a: Okidogi
|-supereffective|p2a: Okidogi
|-damage|p2a: Okidogi|81/100
|-unboost|p1a: Great Tusk|def|1
|-unboost|p1a: Great Tusk|spd|1
|move|p2a: Okidogi|Bulk Up|p2a: Okidogi
|-boost|p2a: Okidogi|atk|1
|-boost|p2a: Okidogi|def|1
|
|-heal|p2a: Okidogi|87/100|[from] item: Leftovers
|upkeep
|turn|8
|
|t:|1769439010
|move|p1a: Great Tusk|Headlong Rush|p2a: Okidogi
|-supereffective|p2a: Okidogi
|-damage|p2a: Okidogi|70/100
|-unboost|p1a: Great Tusk|def|1
|-unboost|p1a: Great Tusk|spd|1
|move|p2a: Okidogi|Bulk Up|p2a: Okidogi
|-boost|p2a: Okidogi|atk|1
|-boost|p2a: Okidogi|def|1
|
|-heal|p2a: Okidogi|77/100|[from] item: Leftovers
|-sideend|p2: 2001civic|move: Light Screen
|upkeep
|turn|9
|
|t:|1769439014
|move|p1a: Great Tusk|Headlong Rush|p2a: Okidogi
|-supereffective|p2a: Okidogi
|-damage|p2a: Okidogi|62/100
|-unboost|p1a: Great Tusk|def|1
|-unboost|p1a: Great Tusk|spd|1
|move|p2a: Okidogi|Drain Punch|p1a: Great Tusk
|-damage|p1a: Great Tusk|0 fnt
|-heal|p2a: Okidogi|100/100|[from] drain|[of] p1a: Great Tusk
|faint|p1a: Great Tusk
|-end|p1a: Great Tusk|Protosynthesis|[silent]
|
|upkeep
|
|t:|1769439017
|switch|p1a: Pecharunt|Pecharunt|100/100
|turn|10
|
|t:|1769439033
|move|p2a: Okidogi|Taunt|p1a: Pecharunt
|-start|p1a: Pecharunt|move: Taunt
|move|p1a: Pecharunt|Foul Play|p2a: Okidogi
|-resisted|p2a: Okidogi
|-damage|p2a: Okidogi|96/100
|
|-heal|p2a: Okidogi|100/100|[from] item: Leftovers
|-sideend|p2: 2001civic|Reflect
|upkeep
|turn|11
|
|t:|1769439040
|move|p2a: Okidogi|Knock Off|p1a: Pecharunt
|-supereffective|p1a: Pecharunt
|-damage|p1a: Pecharunt|29/100
|-enditem|p1a: Pecharunt|Heavy-Duty Boots|[from] move: Knock Off|[of] p2a: Okidogi
|move|p1a: Pecharunt|Foul Play|p2a: Okidogi
|-resisted|p2a: Okidogi
|-damage|p2a: Okidogi|92/100
|
|-heal|p2a: Okidogi|98/100|[from] item: Leftovers
|upkeep
|turn|12
|
|t:|1769439044
|move|p2a: Okidogi|Knock Off|p1a: Pecharunt
|-supereffective|p1a: Pecharunt
|-damage|p1a: Pecharunt|0 fnt
|faint|p1a: Pecharunt
|
|-heal|p2a: Okidogi|100/100|[from] item: Leftovers
|upkeep
|
|t:|1769439048
|switch|p1a: Hydreigon|Hydreigon, M|100/100
|turn|13
|
|t:|1769439051
|move|p1a: Hydreigon|Draco Meteor|p2a: Okidogi
|-damage|p2a: Okidogi|22/100
|-unboost|p1a: Hydreigon|spa|2
|move|p2a: Okidogi|Drain Punch|p1a: Hydreigon
|-supereffective|p1a: Hydreigon
|-damage|p1a: Hydreigon|0 fnt
|-heal|p2a: Okidogi|65/100|[from] drain|[of] p1a: Hydreigon
|faint|p1a: Hydreigon
|
|-heal|p2a: Okidogi|71/100|[from] item: Leftovers
|upkeep
|
|t:|1769439054
|switch|p1a: Dragapult|Dragapult, M|100/100
|turn|14
|
|t:|1769439057
|move|p1a: Dragapult|Draco Meteor|p2a: Okidogi
|-damage|p2a: Okidogi|0 fnt
|-unboost|p1a: Dragapult|spa|2
|faint|p2a: Okidogi
|
|upkeep
|
|t:|1769439066
|switch|p2a: Ogerpon|Ogerpon-Wellspring, F|100/100
|-damage|p2a: Ogerpon|88/100|[from] Stealth Rock
|turn|15
|
|t:|1769439070
|switch|p1a: Lokix|Lokix, M|100/100
|move|p2a: Ogerpon|Ivy Cudgel|p1a: Lokix|[anim] Ivy Cudgel Water
|-damage|p1a: Lokix|15/100
|
|upkeep
|turn|16
|
|t:|1769439076
|switch|p2a: Rhyperior|Rhyperior, M|100/100
|-damage|p2a: Rhyperior|94/100|[from] Stealth Rock
|move|p1a: Lokix|U-turn|p2a: Rhyperior
|-damage|p2a: Rhyperior|61/100
|
|t:|1769439079
|switch|p1a: Dragapult|Dragapult, M|100/100|[from] U-turn
|
|-heal|p2a: Rhyperior|67/100|[from] item: Leftovers
|upkeep
|turn|17
|
|t:|1769439087
|switch|p2a: Gholdengo|Gholdengo|100/100
|-damage|p2a: Gholdengo|94/100|[from] Stealth Rock
|-item|p2a: Gholdengo|Air Balloon
|-terastallize|p1a: Dragapult|Ghost
|move|p1a: Dragapult|Shadow Ball|p2a: Gholdengo
|-supereffective|p2a: Gholdengo
|-damage|p2a: Gholdengo|0 fnt
|-enditem|p2a: Gholdengo|Air Balloon
|faint|p2a: Gholdengo
|
|upkeep
|
|t:|1769439101
|switch|p2a: Ogerpon|Ogerpon-Wellspring, F|88/100
|-damage|p2a: Ogerpon|76/100|[from] Stealth Rock
|turn|18
|
|t:|1769439105
|-terastallize|p2a: Ogerpon|Water
|detailschange|p2a: Ogerpon|Ogerpon-Wellspring-Tera, F, tera:Water
|-ability|p2a: Ogerpon|Embody Aspect (Wellspring)|boost
|-boost|p2a: Ogerpon|spd|1
|move|p1a: Dragapult|Shadow Ball|p2a: Ogerpon
|-damage|p2a: Ogerpon|21/100
|-unboost|p2a: Ogerpon|spd|1
|move|p2a: Ogerpon|Ivy Cudgel|p1a: Dragapult|[anim] Ivy Cudgel Water
|-damage|p1a: Dragapult|0 fnt
|faint|p1a: Dragapult
|
|upkeep
|
|t:|1769439108
|switch|p1a: Lokix|Lokix, M|15/100
|turn|19
|
|t:|1769439113
|move|p1a: Lokix|First Impression|p2a: Ogerpon
|-damage|p2a: Ogerpon|0 fnt
|faint|p2a: Ogerpon
|detailschange|p2: Ogerpon|Ogerpon-Wellspring, F|[silent]
|
|upkeep
|
|t:|1769439118
|switch|p2a: Rhyperior|Rhyperior, M|67/100
|-damage|p2a: Rhyperior|61/100|[from] Stealth Rock
|turn|20
|
|t:|1769439122
|move|p1a: Lokix|First Impression||[still]
|-hint|First Impression only works on your first turn out.
|-fail|p1a: Lokix
|move|p2a: Rhyperior|Earthquake|p1a: Lokix
|-resisted|p1a: Lokix
|-damage|p1a: Lokix|0 fnt
|faint|p1a: Lokix
|
|-heal|p2a: Rhyperior|67/100|[from] item: Leftovers
|upkeep
|
|t:|1769439123
|switch|p1a: Heatran|Heatran, F|100/100
|turn|21
|
|t:|1769439125
|move|p1a: Heatran|Earth Power|p2a: Rhyperior
|-supereffective|p2a: Rhyperior
|-damage|p2a: Rhyperior|0 fnt
|faint|p2a: Rhyperior
|
|upkeep
|
|t:|1769439128
|switch|p2a: Enamorus|Enamorus, F|100/100
|-damage|p2a: Enamorus|76/100|[from] Stealth Rock
|turn|22
|
|t:|1769439130
|move|p2a: Enamorus|Earth Power|p1a: Heatran
|-supereffective|p1a: Heatran
|-crit|p1a: Heatran
|-damage|p1a: Heatran|0 fnt
|faint|p1a: Heatran
|
|win|2001civic
|raw|Unskilled2004's rating: 1619 &rarr; <strong>1602</strong><br />(-17 for losing)
|raw|2001civic's rating: 1678 &rarr; <strong>1695</strong><br />(+17 for winning)
|l|☆Unskilled2004
|player|p1|
|l|☆2001civic
|player|p2|
