|j|☆butterchicken786
|j|☆rubyred1203
|t:|1769293277
|gametype|singles
|player|p1|butterchicken786|brycenman|1148
|player|p2|rubyred1203|101|1085
|gen|9
|tier|[Gen 9] OU
|rated|
|rule|HP Percentage Mod: HP is shown in percentages
|rule|Endless Battle Clause: Forcing endless battles is banned
|rule|Species Clause: Limit one of each Pokémon
|rule|OHKO Clause: OHKO moves are banned
|rule|Evasion Items Clause: Evasion items are banned
|rule|Evasion Moves Clause: Evasion moves are banned
|rule|Evasion Abilities Clause: Evasion abilities are banned
|rule|Sleep Moves Clause: Sleep-inducing moves are banned
|clearpoke
|poke|p1|Tyranitar, F|
|poke|p1|Pecharunt|
|poke|p1|Excadrill, M|
|poke|p1|Clefable, M|
|poke|p1|Landorus-Therian, M|
|poke|p1|Dragonite, M|
|poke|p2|Walking Wake|
|poke|p2|Sawsbuck-Winter, M|
|poke|p2|Skeledirge, F|
|poke|p2|Slither Wing|
|poke|p2|Ninetales, F|
|poke|p2|Great Tusk|
|teampreview
|inactive|Battle timer is ON: inactive players will automatically lose when time's up. (requested by rubyred1203)
|
|t:|1769293284
|teamsize|p1|6
|teamsize|p2|6
|start
|switch|p1a: Landorus|Landorus-Therian, M|100/100
|switch|p2a: Ninetales|Ninetales, F|100/100
|-ability|p1a: Landorus|Intimidate|boost
|-unboost|p2a: Ninetales|atk|1
|-weather|SunnyDay|[from] ability: Drought|[of] p2a: Ninetales
|turn|1
|
|t:|1769293294
|switch|p2a: Walking Wake|Walking Wake|100/100
|-activate|p2a: Walking Wake|ability: Protosynthesis
|-start|p2a: Walking Wake|protosynthesisspe
|move|p1a: Landorus|Earthquake|p2a: Walking Wake
|-damage|p2a: Walking Wake|36/100
|
|-weather|SunnyDay|[upkeep]
|upkeep
|turn|2
|
|t:|1769293306
|switch|p1a: Tyranitar|Tyranitar, F|100/100
|-weather|Sandstorm|[from] ability: Sand Stream|[of] p1a: Tyranitar
|-end|p2a: Walking Wake|Protosynthesis
|move|p2a: Walking Wake|Hydro Steam|p1a: Tyranitar
|-supereffective|p1a: Tyranitar
|-damage|p1a: Tyranitar|46/100
|
|-weather|Sandstorm|[upkeep]
|-damage|p2a: Walking Wake|30/100|[from] Sandstorm
|upkeep
|turn|3
|
|t:|1769293320
|switch|p1a: Clefable|Clefable, M|100/100
|move|p2a: Walking Wake|Hydro Steam|p1a: Clefable
|-damage|p1a: Clefable|61/100
|
|-weather|Sandstorm|[upkeep]
|-damage|p2a: Walking Wake|24/100|[from] Sandstorm
|upkeep
|turn|4
|
|t:|1769293324
|-end|p2a: Walking Wake|Protosynthesis|[silent]
|switch|p2a: Ninetales|Ninetales, F|100/100
|-weather|SunnyDay|[from] ability: Drought|[of] p2a: Ninetales
|move|p1a: Clefable|Moonblast|p2a: Ninetales
|-resisted|p2a: Ninetales
|-crit|p2a: Ninetales
|-damage|p2a: Ninetales|62/100
|
|-weather|SunnyDay|[upkeep]
|upkeep
|turn|5
|
|t:|1769293336
|switch|p1a: Tyranitar|Tyranitar, F|46/100
|-weather|Sandstorm|[from] ability: Sand Stream|[of] p1a: Tyranitar
|move|p2a: Ninetales|Disable||[still]
|-fail|p2a: Ninetales
|
|-weather|Sandstorm|[upkeep]
|-damage|p2a: Ninetales|56/100|[from] Sandstorm
|upkeep
|turn|6
|
|t:|1769293341
|switch|p2a: Great Tusk|Great Tusk, shiny|100/100
|move|p1a: Tyranitar|Stealth Rock|p2a: Great Tusk
|-sidestart|p2: rubyred1203|move: Stealth Rock
|
|-weather|Sandstorm|[upkeep]
|upkeep
|turn|7
|
|t:|1769293352
|switch|p1a: Pecharunt|Pecharunt|100/100
|move|p2a: Great Tusk|Headlong Rush|p1a: Pecharunt
|-supereffective|p1a: Pecharunt
|-damage|p1a: Pecharunt|5/100
|-unboost|p2a: Great Tusk|def|1
|-unboost|p2a: Great Tusk|spd|1
|-damage|p2a: Great Tusk|84/100|[from] item: Rocky Helmet|[of] p1a: Pecharunt
|
|-weather|Sandstorm|[upkeep]
|-damage|p1a: Pecharunt|0 fnt|[from] Sandstorm
|faint|p1a: Pecharunt
|upkeep
|
|t:|1769293357
|switch|p1a: Landorus|Landorus-Therian, M|100/100
|-ability|p1a: Landorus|Intimidate|boost
|-unboost|p2a: Great Tusk|atk|1
|turn|8
|
|t:|1769293376
|-end|p2a: Great Tusk|Protosynthesis|[silent]
|switch|p2a: Walking Wake|Walking Wake|24/100
|-damage|p2a: Walking Wake|11/100|[from] Stealth Rock
|-terastallize|p1a: Landorus|Flying
|move|p1a: Landorus|Tera Blast|p2a: Walking Wake|[anim] Tera Blast Flying
|-damage|p2a: Walking Wake|0 fnt
|faint|p2a: Walking Wake
|-end|p2a: Walking Wake|Protosynthesis|[silent]
|
|-weather|Sandstorm|[upkeep]
|-damage|p1a: Landorus|95/100|[from] Sandstorm
|upkeep
|
|t:|1769293395
|switch|p2a: Great Tusk|Great Tusk, shiny|84/100
|-damage|p2a: Great Tusk|81/100|[from] Stealth Rock
|turn|9
|
|t:|1769293404
|-terastallize|p2a: Great Tusk|Ice
|move|p1a: Landorus|Tera Blast|p2a: Great Tusk|[anim] Tera Blast Flying
|-damage|p2a: Great Tusk|33/100
|move|p2a: Great Tusk|Ice Spinner|p1a: Landorus
|-supereffective|p1a: Landorus
|-damage|p1a: Landorus|0 fnt
|faint|p1a: Landorus
|
|-weather|Sandstorm|[upkeep]
|-damage|p2a: Great Tusk|26/100|[from] Sandstorm
|upkeep
|
|t:|1769293409
|switch|p1a: Excadrill|Excadrill, M|100/100
|turn|10
|
|t:|1769293418
|-end|p2a: Great Tusk|Protosynthesis|[silent]
|switch|p2a: Ninetales|Ninetales, F|56/100
|-damage|p2a: Ninetales|31/100|[from] Stealth Rock
|-weather|SunnyDay|[from] ability: Drought|[of] p2a: Ninetales
|move|p1a: Excadrill|Earthquake|p2a: Ninetales
|-supereffective|p2a: Ninetales
|-damage|p2a: Ninetales|0 fnt
|faint|p2a: Ninetales
|
|-weather|SunnyDay|[upkeep]
|upkeep
|
|t:|1769293422
|switch|p2a: Sawsbuck|Sawsbuck-Winter, M, shiny|100/100
|-damage|p2a: Sawsbuck|88/100|[from] Stealth Rock
|turn|11
|
|t:|1769293427
|switch|p1a: Tyranitar|Tyranitar, F|46/100
|-weather|Sandstorm|[from] ability: Sand Stream|[of] p1a: Tyranitar
|move|p2a: Sawsbuck|Trailblaze|p1a: Tyranitar
|-supereffective|p1a: Tyranitar
|-damage|p1a: Tyranitar|0 fnt
|-boost|p2a: Sawsbuck|spe|1
|faint|p1a: Tyranitar
|-damage|p2a: Sawsbuck|78/100|[from] item: Life Orb
|
|-weather|Sandstorm|[upkeep]
|-damage|p2a: Sawsbuck|72/100|[from] Sandstorm
|upkeep
|
|t:|1769293433
|switch|p1a: Dragonite|Dragonite, M|100/100
|turn|12
|
|t:|1769293440
|move|p2a: Sawsbuck|Tera Blast|p1a: Dragonite
|-damage|p1a: Dragonite|87/100
|-damage|p2a: Sawsbuck|62/100|[from] item: Life Orb
|move|p1a: Dragonite|Dragon Dance|p1a: Dragonite
|-boost|p1a: Dragonite|atk|1
|-boost|p1a: Dragonite|spe|1
|
|-weather|Sandstorm|[upkeep]
|-damage|p2a: Sawsbuck|56/100|[from] Sandstorm
|-damage|p1a: Dragonite|81/100|[from] Sandstorm
|upkeep
|turn|13
|
|t:|1769293445
|move|p2a: Sawsbuck|Tera Blast|p1a: Dragonite
|-damage|p1a: Dragonite|57/100
|-damage|p2a: Sawsbuck|46/100|[from] item: Life Orb
|move|p1a: Dragonite|Dragon Dance|p1a: Dragonite
|-boost|p1a: Dragonite|atk|1
|-boost|p1a: Dragonite|spe|1
|
|-weather|Sandstorm|[upkeep]
|-damage|p1a: Dragonite|50/100|[from] Sandstorm
|-damage|p2a: Sawsbuck|40/100|[from] Sandstorm
|upkeep
|turn|14
|
|t:|1769293453
|move|p1a: Dragonite|Extreme Speed|p2a: Sawsbuck
|-damage|p2a: Sawsbuck|0 fnt
|faint|p2a: Sawsbuck
|
|-weather|Sandstorm|[upkeep]
|-damage|p1a: Dragonite|44/100|[from] Sandstorm
|upkeep
|
|t:|1769293456
|switch|p2a: Slither Wing|Slither Wing|100/100
|-damage|p2a: Slither Wing|88/100|[from] Stealth Rock
|turn|15
|
|t:|1769293460
|move|p1a: Dragonite|Extreme Speed|p2a: Slither Wing
|-damage|p2a: Slither Wing|0 fnt
|faint|p2a: Slither Wing
|-end|p2a: Slither Wing|Protosynthesis|[silent]
|
|-weather|Sandstorm|[upkeep]
|-damage|p1a: Dragonite|38/100|[from] Sandstorm
|upkeep
|-message|rubyred1203 forfeited.
|
|win|butterchicken786
|raw|butterchicken786's rating: 1148 &rarr; <strong>1169</strong><br />(+21 for winning)
|raw|rubyred1203's rating: 1085 &rarr; <strong>1066</strong><br />(-19 for losing)
|l|☆rubyred1203
|player|p2|
|l|☆butterchicken786
|player|p1|
