|j|☆Insane2468
|j|☆Ninjashaw
|t:|1769301017
|gametype|singles
|player|p1|Insane2468|2|1111
|player|p2|Ninjashaw|266|1172
|gen|9
|tier|[Gen 9] OU
|rated|
|rule|HP Percentage Mod: HP is shown in percentages
|rule|Endless Battle Clause: Forcing endless battles is banned
|rule|Species Clause: Limit one of each Pokémon
|rule|OHKO Clause: OHKO moves are banned
|rule|Evasion Items Clause: Evasion items are banned
|rule|Evasion Moves Clause: Evasion moves are banned
|rule|Evasion Abilities Clause: Evasion abilities are banned
|rule|Sleep Moves Clause: Sleep-inducing moves are banned
|clearpoke
|poke|p1|Glimmora, M|
|poke|p1|Serperior, F|
|poke|p1|Ceruledge, M|
|poke|p1|Gholdengo|
|poke|p1|Raging Bolt|
|poke|p1|Kingambit, F|
|poke|p2|Skeledirge, M|
|poke|p2|Honchkrow, F|
|poke|p2|Kingambit, M|
|poke|p2|Garganacl, F|
|poke|p2|Glimmora, M|
|poke|p2|Grimmsnarl, M|
|teampreview
|
|t:|1769301022
|teamsize|p1|6
|teamsize|p2|6
|start
|switch|p1a: Glimmora|Glimmora, M|100/100
|switch|p2a: Glimmora|Glimmora, M, shiny|100/100
|turn|1
|
|t:|1769301029
|-terastallize|p2a: Glimmora|Water
|move|p1a: Glimmora|Earth Power|p2a: Glimmora
|-damage|p2a: Glimmora|71/100
|move|p2a: Glimmora|Earth Power|p1a: Glimmora
|-supereffective|p1a: Glimmora
|-enditem|p1a: Glimmora|Focus Sash
|-damage|p1a: Glimmora|1/100
|
|upkeep
|turn|2
|
|t:|1769301040
|move|p1a: Glimmora|Stealth Rock|p2a: Glimmora
|-sidestart|p2: Ninjashaw|move: Stealth Rock
|move|p2a: Glimmora|Mortal Spin|p1a: Glimmora
|-resisted|p1a: Glimmora
|-damage|p1a: Glimmora|0 fnt
|-activate|p1a: Glimmora|ability: Toxic Debris
|-sidestart|p2: Ninjashaw|move: Toxic Spikes
|-sideend|p2: Ninjashaw|Toxic Spikes|[from] move: Mortal Spin|[of] p2a: Glimmora
|-sideend|p2: Ninjashaw|Stealth Rock|[from] move: Mortal Spin|[of] p2a: Glimmora
|faint|p1a: Glimmora
|
|upkeep
|
|t:|1769301043
|switch|p1a: Serperior|Serperior, F|100/100
|turn|3
|
|t:|1769301060
|move|p1a: Serperior|Substitute|p1a: Serperior
|-start|p1a: Serperior|Substitute
|-damage|p1a: Serperior|76/100
|move|p2a: Glimmora|Mortal Spin|p1a: Serperior
|-supereffective|p1a: Serperior
|-activate|p1a: Serperior|move: Substitute|[damage]
|
|-heal|p1a: Serperior|82/100|[from] item: Leftovers
|upkeep
|turn|4
|
|t:|1769301069
|move|p1a: Serperior|Leech Seed|p2a: Glimmora
|-start|p2a: Glimmora|move: Leech Seed
|move|p2a: Glimmora|Dazzling Gleam|p1a: Serperior
|-crit|p1a: Serperior
|-end|p1a: Serperior|Substitute
|
|-heal|p1a: Serperior|88/100|[from] item: Leftovers
|-damage|p2a: Glimmora|58/100|[from] Leech Seed|[of] p1a: Serperior
|-heal|p1a: Serperior|100/100|[silent]
|upkeep
|turn|5
|
|t:|1769301075
|move|p1a: Serperior|Substitute|p1a: Serperior
|-start|p1a: Serperior|Substitute
|-damage|p1a: Serperior|76/100
|move|p2a: Glimmora|Dazzling Gleam|p1a: Serperior
|-end|p1a: Serperior|Substitute
|
|-heal|p1a: Serperior|82/100|[from] item: Leftovers
|-damage|p2a: Glimmora|46/100|[from] Leech Seed|[of] p1a: Serperior
|-heal|p1a: Serperior|95/100|[silent]
|upkeep
|turn|6
|
|t:|1769301082
|move|p1a: Serperior|Leaf Storm|p2a: Glimmora
|-supereffective|p2a: Glimmora
|-damage|p2a: Glimmora|0 fnt
|-boost|p1a: Serperior|spa|2
|faint|p2a: Glimmora
|
|-heal|p1a: Serperior|100/100|[from] item: Leftovers
|upkeep
|
|t:|1769301085
|switch|p2a: Skeledirge|Skeledirge, M|100/100
|turn|7
|
|t:|1769301089
|move|p1a: Serperior|Substitute|p1a: Serperior
|-start|p1a: Serperior|Substitute
|-damage|p1a: Serperior|76/100
|move|p2a: Skeledirge|Torch Song|p1a: Serperior
|-supereffective|p1a: Serperior
|-damage|p1a: Serperior|0 fnt
|-boost|p2a: Skeledirge|spa|1
|faint|p1a: Serperior
|-enditem|p2a: Skeledirge|Throat Spray
|-boost|p2a: Skeledirge|spa|1|[from] item: Throat Spray
|
|upkeep
|
|t:|1769301097
|switch|p1a: Ceruledge|Ceruledge, M|100/100
|turn|8
|
|t:|1769301101
|move|p1a: Ceruledge|Bitter Blade|p2a: Skeledirge
|-resisted|p2a: Skeledirge
|-damage|p2a: Skeledirge|80/100
|move|p2a: Skeledirge|Shadow Ball|p1a: Ceruledge
|-supereffective|p1a: Ceruledge
|-damage|p1a: Ceruledge|0 fnt
|faint|p1a: Ceruledge
|
|upkeep
|
|t:|1769301107
|switch|p1a: Raging Bolt|Raging Bolt|100/100
|-enditem|p1a: Raging Bolt|Booster Energy
|-activate|p1a: Raging Bolt|ability: Protosynthesis|[fromitem]
|-start|p1a: Raging Bolt|protosynthesisspa
|turn|9
|
|t:|1769301111
|move|p1a: Raging Bolt|Thunderclap|p2a: Skeledirge
|-damage|p2a: Skeledirge|29/100
|move|p2a: Skeledirge|Scorching Sands|p1a: Raging Bolt
|-supereffective|p1a: Raging Bolt
|-damage|p1a: Raging Bolt|15/100
|
|upkeep
|turn|10
|
|t:|1769301117
|move|p1a: Raging Bolt|Thunderclap|p2a: Skeledirge
|-damage|p2a: Skeledirge|0 fnt
|faint|p2a: Skeledirge
|
|upkeep
|
|t:|1769301121
|switch|p2a: Garganacl|Garganacl, F|100/100
|turn|11
|
|t:|1769301126
|move|p1a: Raging Bolt|Draco Meteor|p2a: Garganacl
|-damage|p2a: Garganacl|11/100
|-unboost|p1a: Raging Bolt|spa|2
|move|p2a: Garganacl|Salt Cure|p1a: Raging Bolt
|-damage|p1a: Raging Bolt|0 fnt
|faint|p1a: Raging Bolt
|-end|p1a: Raging Bolt|Protosynthesis|[silent]
|
|upkeep
|
|t:|1769301130
|switch|p1a: Gholdengo|Gholdengo|100/100
|-item|p1a: Gholdengo|Air Balloon
|turn|12
|
|t:|1769301133
|move|p1a: Gholdengo|Nasty Plot|p1a: Gholdengo
|-boost|p1a: Gholdengo|spa|2
|move|p2a: Garganacl|Salt Cure|p1a: Gholdengo
|-resisted|p1a: Gholdengo
|-crit|p1a: Gholdengo
|-damage|p1a: Gholdengo|82/100
|-start|p1a: Gholdengo|Salt Cure
|-enditem|p1a: Gholdengo|Air Balloon
|
|-damage|p1a: Gholdengo|58/100|[from] Salt Cure
|upkeep
|turn|13
|
|t:|1769301143
|move|p1a: Gholdengo|Shadow Ball|p2a: Garganacl
|-damage|p2a: Garganacl|0 fnt
|faint|p2a: Garganacl
|
|-damage|p1a: Gholdengo|33/100|[from] Salt Cure
|upkeep
|
|t:|1769301149
|switch|p2a: Grimmsnarl|Grimmsnarl, M|100/100
|turn|14
|
|t:|1769301157
|move|p1a: Gholdengo|Make It Rain|p2a: Grimmsnarl
|-supereffective|p2a: Grimmsnarl
|-damage|p2a: Grimmsnarl|0 fnt
|-unboost|p1a: Gholdengo|spa|1
|faint|p2a: Grimmsnarl
|
|-damage|p1a: Gholdengo|8/100|[from] Salt Cure
|upkeep
|
|t:|1769301165
|switch|p2a: Honchkrow|Honchkrow, F|100/100
|turn|15
|
|t:|1769301169
|move|p2a: Honchkrow|Sucker Punch||[still]
|-fail|p2a: Honchkrow
|move|p1a: Gholdengo|Recover|p1a: Gholdengo
|-heal|p1a: Gholdengo|58/100
|
|-damage|p1a: Gholdengo|34/100|[from] Salt Cure
|upkeep
|turn|16
|
|t:|1769301176
|move|p1a: Gholdengo|Recover|p1a: Gholdengo
|-heal|p1a: Gholdengo|84/100
|move|p2a: Honchkrow|Night Slash|p1a: Gholdengo
|-supereffective|p1a: Gholdengo
|-crit|p1a: Gholdengo
|-damage|p1a: Gholdengo|0 fnt
|faint|p1a: Gholdengo
|
|upkeep
|
|t:|1769301180
|switch|p1a: Kingambit|Kingambit, F|100/100
|-activate|p1a: Kingambit|ability: Supreme Overlord
|-start|p1a: Kingambit|fallen5|[silent]
|turn|17
|
|t:|1769301185
|move|p2a: Honchkrow|Brave Bird|p1a: Kingambit
|-resisted|p1a: Kingambit
|-damage|p1a: Kingambit|74/100
|-damage|p2a: Honchkrow|90/100|[from] Recoil
|move|p1a: Kingambit|Swords Dance|p1a: Kingambit
|-boost|p1a: Kingambit|atk|2
|
|upkeep
|turn|18
|
|t:|1769301193
|move|p2a: Honchkrow|Night Slash|p1a: Kingambit
|-resisted|p1a: Kingambit
|-crit|p1a: Kingambit
|-damage|p1a: Kingambit|53/100
|move|p1a: Kingambit|Swords Dance|p1a: Kingambit
|-boost|p1a: Kingambit|atk|2
|
|upkeep
|turn|19
|
|t:|1769301213
|-terastallize|p1a: Kingambit|Dark
|move|p1a: Kingambit|Sucker Punch||[still]
|-fail|p1a: Kingambit
|move|p2a: Honchkrow|Haze|p2a: Honchkrow
|-clearallboost
|
|upkeep
|turn|20
|
|t:|1769301219
|move|p2a: Honchkrow|Brave Bird|p1a: Kingambit
|-damage|p1a: Kingambit|0 fnt
|faint|p1a: Kingambit
|-end|p1a: Kingambit|fallen5|[silent]
|-damage|p2a: Honchkrow|70/100|[from] Recoil
|
|win|Ninjashaw
|raw|Insane2468's rating: 1111 &rarr; <strong>1090</strong><br />(-21 for losing)
|raw|Ninjashaw's rating: 1172 &rarr; <strong>1193</strong><br />(+21 for winning)
|l|☆Insane2468
|player|p1|
|l|☆Ninjashaw
|player|p2|
