|j|☆hackingefidiant
|j|☆GreninjaMyFav
|t:|1769397997
|gametype|singles
|player|p1|hackingefidiant|unknownf|1451
|player|p2|GreninjaMyFav|skyla|1595
|gen|9
|tier|[Gen 9] OU
|rated|
|rule|HP Percentage Mod: HP is shown in percentages
|rule|Endless Battle Clause: Forcing endless battles is banned
|rule|Species Clause: Limit one of each Pokémon
|rule|OHKO Clause: OHKO moves are banned
|rule|Evasion Items Clause: Evasion items are banned
|rule|Evasion Moves Clause: Evasion moves are banned
|rule|Evasion Abilities Clause: Evasion abilities are banned
|rule|Sleep Moves Clause: Sleep-inducing moves are banned
|clearpoke
|poke|p1|Kyurem|
|poke|p1|Slowking-Galar, M|
|poke|p1|Alomomola, M|
|poke|p1|Great Tusk|
|poke|p1|Samurott-Hisui, M|
|poke|p1|Enamorus, F|
|poke|p2|Rillaboom, F|
|poke|p2|Gholdengo|
|poke|p2|Greninja-*, M|
|poke|p2|Heatran, M|
|poke|p2|Great Tusk|
|poke|p2|Ogerpon, F|
|teampreview
|
|t:|1769398009
|teamsize|p1|6
|teamsize|p2|6
|start
|switch|p1a: Kyurem|Kyurem|100/100
|switch|p2a: Greninja|Greninja, M|100/100
|-ability|p1a: Kyurem|Pressure
|turn|1
|
|t:|1769398014
|move|p2a: Greninja|Ice Beam|p1a: Kyurem
|-start|p2a: Greninja|typechange|Ice|[from] ability: Protean
|-damage|p1a: Kyurem|42/100
|move|p1a: Kyurem|Freeze-Dry|p2a: Greninja
|-resisted|p2a: Greninja
|-damage|p2a: Greninja|56/100
|
|upkeep
|turn|2
|
|t:|1769398025
|switch|p2a: Heatran|Heatran, M|100/100
|switch|p1a: Slowking|Slowking-Galar, M|100/100
|
|upkeep
|turn|3
|
|t:|1769398029
|move|p2a: Heatran|Stealth Rock|p1a: Slowking
|-sidestart|p1: hackingefidiant|move: Stealth Rock
|-prepare|p1a: Slowking|Chilly Reception|[premajor]
|move|p1a: Slowking|Chilly Reception|p1a: Slowking
|-weather|Snowscape
|
|t:|1769398047
|switch|p1a: Samurott|Samurott-Hisui, M|100/100|[from] Chilly Reception
|-damage|p1a: Samurott|88/100|[from] Stealth Rock
|
|-weather|Snowscape|[upkeep]
|upkeep
|turn|4
|j| HIAFH
|
|t:|1769398055
|switch|p2a: Great Tusk|Great Tusk|100/100
|move|p1a: Samurott|Razor Shell|p2a: Great Tusk
|-supereffective|p2a: Great Tusk
|-damage|p2a: Great Tusk|0 fnt
|faint|p2a: Great Tusk
|-end|p2a: Great Tusk|Protosynthesis|[silent]
|
|-weather|Snowscape|[upkeep]
|upkeep
|
|t:|1769398066
|switch|p2a: Greninja|Greninja, M|56/100
|turn|5
|
|t:|1769398081
|switch|p2a: Rillaboom|Rillaboom, F|100/100
|-fieldstart|move: Grassy Terrain|[from] ability: Grassy Surge|[of] p2a: Rillaboom
|switch|p1a: Slowking|Slowking-Galar, M|100/100
|
|-weather|Snowscape|[upkeep]
|upkeep
|turn|6
|
|t:|1769398113
|switch|p1a: Alomomola|Alomomola, M|100/100
|-damage|p1a: Alomomola|88/100|[from] Stealth Rock
|move|p2a: Rillaboom|Knock Off|p1a: Alomomola
|-damage|p1a: Alomomola|61/100
|-damage|p2a: Rillaboom|84/100|[from] item: Rocky Helmet|[of] p1a: Alomomola
|-enditem|p1a: Alomomola|Rocky Helmet|[from] move: Knock Off|[of] p2a: Rillaboom
|
|-weather|Snowscape|[upkeep]
|-heal|p2a: Rillaboom|90/100|[from] Grassy Terrain
|-heal|p1a: Alomomola|68/100|[from] Grassy Terrain
|upkeep
|turn|7
|inactive|Battle timer is ON: inactive players will automatically lose when time's up. (requested by GreninjaMyFav)
|
|t:|1769398126
|switch|p2a: Ogerpon|Ogerpon, F|100/100
|move|p1a: Alomomola|Flip Turn|p2a: Ogerpon
|-resisted|p2a: Ogerpon
|-damage|p2a: Ogerpon|89/100
|
|t:|1769398155
|switch|p1a: Slowking|Slowking-Galar, M|100/100|[from] Flip Turn
|
|-weather|none
|-heal|p2a: Ogerpon|95/100|[from] Grassy Terrain
|-heal|p2a: Ogerpon|100/100|[from] item: Leftovers
|upkeep
|turn|8
|
|t:|1769398165
|move|p2a: Ogerpon|Substitute|p2a: Ogerpon
|-start|p2a: Ogerpon|Substitute
|-damage|p2a: Ogerpon|76/100
|move|p1a: Slowking|Sludge Bomb|p2a: Ogerpon
|-supereffective|p2a: Ogerpon
|-end|p2a: Ogerpon|Substitute
|
|-heal|p2a: Ogerpon|82/100|[from] Grassy Terrain
|-heal|p2a: Ogerpon|88/100|[from] item: Leftovers
|upkeep
|turn|9
|
|t:|1769398172
|move|p2a: Ogerpon|Substitute|p2a: Ogerpon
|-start|p2a: Ogerpon|Substitute
|-damage|p2a: Ogerpon|63/100
|move|p1a: Slowking|Sludge Bomb|p2a: Ogerpon
|-supereffective|p2a: Ogerpon
|-end|p2a: Ogerpon|Substitute
|
|-heal|p2a: Ogerpon|69/100|[from] Grassy Terrain
|-heal|p2a: Ogerpon|75/100|[from] item: Leftovers
|-fieldend|move: Grassy Terrain
|upkeep
|turn|10
|
|t:|1769398178
|switch|p2a: Gholdengo|Gholdengo|100/100
|-item|p2a: Gholdengo|Air Balloon
|move|p1a: Slowking|Sludge Bomb|p2a: Gholdengo
|-immune|p2a: Gholdengo
|
|upkeep
|turn|11
|
|t:|1769398182
|move|p2a: Gholdengo|Thunder Wave|p1a: Slowking
|-status|p1a: Slowking|par
|move|p1a: Slowking|Ice Beam|p2a: Gholdengo
|-resisted|p2a: Gholdengo
|-damage|p2a: Gholdengo|89/100
|-status|p2a: Gholdengo|frz
|-enditem|p2a: Gholdengo|Air Balloon
|
|upkeep
|turn|12
|
|t:|1769398188
|cant|p2a: Gholdengo|frz
|-prepare|p1a: Slowking|Chilly Reception|[premajor]
|move|p1a: Slowking|Chilly Reception|p1a: Slowking
|-weather|Snowscape
|
|t:|1769398195
|switch|p1a: Samurott|Samurott-Hisui, M|88/100|[from] Chilly Reception
|-damage|p1a: Samurott|76/100|[from] Stealth Rock
|
|-weather|Snowscape|[upkeep]
|upkeep
|turn|13
|
|t:|1769398202
|switch|p2a: Greninja|Greninja, M|56/100
|move|p1a: Samurott|Ceaseless Edge|p2a: Greninja
|-resisted|p2a: Greninja
|-damage|p2a: Greninja|0 fnt
|-sidestart|p2: GreninjaMyFav|Spikes
|faint|p2a: Greninja
|
|-weather|Snowscape|[upkeep]
|upkeep
|
|t:|1769398209
|switch|p2a: Ogerpon|Ogerpon, F|75/100
|-damage|p2a: Ogerpon|62/100|[from] Spikes
|turn|14
|
|t:|1769398218
|switch|p1a: Kyurem|Kyurem|42/100
|-damage|p1a: Kyurem|17/100|[from] Stealth Rock
|-ability|p1a: Kyurem|Pressure
|move|p2a: Ogerpon|Substitute|p2a: Ogerpon
|-start|p2a: Ogerpon|Substitute
|-damage|p2a: Ogerpon|37/100
|
|-weather|Snowscape|[upkeep]
|-heal|p2a: Ogerpon|43/100|[from] item: Leftovers
|upkeep
|turn|15
|
|t:|1769398222
|move|p2a: Ogerpon|Swords Dance|p2a: Ogerpon
|-boost|p2a: Ogerpon|atk|2
|move|p1a: Kyurem|Ice Beam|p2a: Ogerpon
|-supereffective|p2a: Ogerpon
|-end|p2a: Ogerpon|Substitute
|
|-weather|Snowscape|[upkeep]
|-heal|p2a: Ogerpon|49/100|[from] item: Leftovers
|upkeep
|turn|16
|
|t:|1769398226
|-terastallize|p2a: Ogerpon|Grass
|detailschange|p2a: Ogerpon|Ogerpon-Teal-Tera, F, tera:Grass
|-ability|p2a: Ogerpon|Embody Aspect (Teal)|boost
|-boost|p2a: Ogerpon|spe|1
|move|p2a: Ogerpon|Knock Off|p1a: Kyurem
|-damage|p1a: Kyurem|0 fnt
|-enditem|p1a: Kyurem|Choice Specs|[from] move: Knock Off|[of] p2a: Ogerpon
|faint|p1a: Kyurem
|
|-weather|none
|-heal|p2a: Ogerpon|55/100|[from] item: Leftovers
|upkeep
|inactive|hackingefidiant has 120 seconds left.
|inactive|hackingefidiant has 90 seconds left.
|
|t:|1769398304
|switch|p1a: Great Tusk|Great Tusk|100/100
|turn|17
|
|t:|1769398309
|-terastallize|p1a: Great Tusk|Steel
|move|p2a: Ogerpon|Substitute|p2a: Ogerpon
|-start|p2a: Ogerpon|Substitute
|-damage|p2a: Ogerpon|30/100
|move|p1a: Great Tusk|Ice Spinner|p2a: Ogerpon
|-supereffective|p2a: Ogerpon
|-end|p2a: Ogerpon|Substitute
|
|-heal|p2a: Ogerpon|36/100|[from] item: Leftovers
|upkeep
|turn|18
|
|t:|1769398315
|switch|p2a: Gholdengo|Gholdengo|89/100 frz
|-damage|p2a: Gholdengo|76/100 frz|[from] Spikes
|move|p1a: Great Tusk|Ice Spinner|p2a: Gholdengo
|-resisted|p2a: Gholdengo
|-damage|p2a: Gholdengo|68/100 frz
|
|upkeep
|turn|19
|
|t:|1769398326
|move|p1a: Great Tusk|Headlong Rush|p2a: Gholdengo
|-supereffective|p2a: Gholdengo
|-damage|p2a: Gholdengo|0 fnt
|-unboost|p1a: Great Tusk|def|1
|-unboost|p1a: Great Tusk|spd|1
|faint|p2a: Gholdengo
|
|upkeep
|
|t:|1769398332
|switch|p2a: Rillaboom|Rillaboom, F|90/100
|-damage|p2a: Rillaboom|78/100|[from] Spikes
|-fieldstart|move: Grassy Terrain|[from] ability: Grassy Surge|[of] p2a: Rillaboom
|turn|20
|
|t:|1769398340
|-end|p1a: Great Tusk|Protosynthesis|[silent]
|switch|p1a: Alomomola|Alomomola, M|100/100
|-damage|p1a: Alomomola|88/100|[from] Stealth Rock
|move|p2a: Rillaboom|Wood Hammer|p1a: Alomomola
|-supereffective|p1a: Alomomola
|-damage|p1a: Alomomola|0 fnt
|faint|p1a: Alomomola
|-damage|p2a: Rillaboom|33/100|[from] Recoil
|
|-heal|p2a: Rillaboom|39/100|[from] Grassy Terrain
|upkeep
|inactive|hackingefidiant has 90 seconds left.
|
|t:|1769398367
|switch|p1a: Great Tusk|Great Tusk, tera:Steel|100/100
|turn|21
|-message|GreninjaMyFav forfeited.
|
|win|hackingefidiant
|raw|hackingefidiant's rating: 1451 &rarr; <strong>1479</strong><br />(+28 for winning)
|raw|GreninjaMyFav's rating: 1595 &rarr; <strong>1567</strong><br />(-28 for losing)
|l|☆GreninjaMyFav
|player|p2|
