|j|☆empire902
|j|☆llnate4L
|t:|1769324399
|gametype|singles
|player|p1|empire902|169|1136
|player|p2|llnate4L|gentleman-gen4|1158
|gen|9
|tier|[Gen 9] OU
|rated|
|rule|HP Percentage Mod: HP is shown in percentages
|rule|Endless Battle Clause: Forcing endless battles is banned
|rule|Species Clause: Limit one of each Pokémon
|rule|OHKO Clause: OHKO moves are banned
|rule|Evasion Items Clause: Evasion items are banned
|rule|Evasion Moves Clause: Evasion moves are banned
|rule|Evasion Abilities Clause: Evasion abilities are banned
|rule|Sleep Moves Clause: Sleep-inducing moves are banned
|clearpoke
|poke|p1|Ambipom, F|
|poke|p1|Conkeldurr, F|
|poke|p1|Reuniclus, M|
|poke|p1|Muk-Alola, M|
|poke|p1|Slowking, M|
|poke|p1|Hoopa-Unbound|
|poke|p2|Primarina, F|
|poke|p2|Rhyperior, M|
|poke|p2|Metagross|
|poke|p2|Talonflame, M|
|poke|p2|Tsareena, F|
|poke|p2|Drifblim, F|
|teampreview
|
|t:|1769324417
|teamsize|p1|6
|teamsize|p2|6
|start
|switch|p1a: Slowking|Slowking, M|100/100
|switch|p2a: Rhyperior|Rhyperior, M|100/100
|turn|1
|
|t:|1769324434
|switch|p2a: Tsareena|Tsareena, F, shiny|100/100
|move|p1a: Slowking|Trick Room|p1a: Slowking
|-fieldstart|move: Trick Room|[of] p1a: Slowking
|
|upkeep
|turn|2
|
|t:|1769324454
|switch|p1a: Muk|Muk-Alola, M|100/100
|move|p2a: Tsareena|Rapid Spin|p1a: Muk
|-damage|p1a: Muk|83/100
|-boost|p2a: Tsareena|spe|1
|
|upkeep
|turn|3
|
|t:|1769324466
|move|p1a: Muk|Fire Punch|p2a: Tsareena
|-supereffective|p2a: Tsareena
|-damage|p2a: Tsareena|47/100
|move|p2a: Tsareena|High Jump Kick|p1a: Muk
|-damage|p1a: Muk|28/100
|-enditem|p1a: Muk|Aguav Berry|[eat]
|-heal|p1a: Muk|61/100|[from] item: Aguav Berry
|
|upkeep
|turn|4
|
|t:|1769324477
|move|p1a: Muk|Fire Punch|p2a: Tsareena
|-supereffective|p2a: Tsareena
|-damage|p2a: Tsareena|0 fnt
|faint|p2a: Tsareena
|
|upkeep
|
|t:|1769324490
|switch|p2a: Rhyperior|Rhyperior, M|100/100
|turn|5
|
|t:|1769324496
|switch|p1a: Slowking|Slowking, M|100/100
|-terastallize|p2a: Rhyperior|Ground
|move|p2a: Rhyperior|Earthquake|p1a: Slowking
|-damage|p1a: Slowking|25/100
|
|-heal|p1a: Slowking|31/100|[from] item: Leftovers
|-fieldend|move: Trick Room
|upkeep
|turn|6
|
|t:|1769324506
|move|p2a: Rhyperior|Earthquake|p1a: Slowking
|-damage|p1a: Slowking|0 fnt
|faint|p1a: Slowking
|
|upkeep
|
|t:|1769324514
|switch|p1a: Reuniclus|Reuniclus, M, shiny|100/100
|turn|7
|
|t:|1769324518
|move|p2a: Rhyperior|Earthquake|p1a: Reuniclus
|-damage|p1a: Reuniclus|24/100
|move|p1a: Reuniclus|Trick Room|p1a: Reuniclus
|-fieldstart|move: Trick Room|[of] p1a: Reuniclus
|
|upkeep
|turn|8
|
|t:|1769324526
|move|p1a: Reuniclus|Energy Ball|p2a: Rhyperior
|-supereffective|p2a: Rhyperior
|-damage|p2a: Rhyperior|50/100
|move|p2a: Rhyperior|Earthquake|p1a: Reuniclus
|-damage|p1a: Reuniclus|0 fnt
|faint|p1a: Reuniclus
|
|upkeep
|
|t:|1769324535
|switch|p1a: Conkeldurr|Conkeldurr, F|100/100
|turn|9
|
|t:|1769324542
|move|p1a: Conkeldurr|Ice Punch|p2a: Rhyperior
|-supereffective|p2a: Rhyperior
|-damage|p2a: Rhyperior|19/100
|-status|p2a: Rhyperior|frz
|-curestatus|p2a: Rhyperior|frz|[msg]
|move|p2a: Rhyperior|Earthquake|p1a: Conkeldurr
|-damage|p1a: Conkeldurr|34/100
|
|-status|p1a: Conkeldurr|brn|[from] item: Flame Orb
|upkeep
|turn|10
|
|t:|1769324559
|move|p1a: Conkeldurr|Ice Punch|p2a: Rhyperior
|-supereffective|p2a: Rhyperior
|-damage|p2a: Rhyperior|0 fnt
|faint|p2a: Rhyperior
|
|-damage|p1a: Conkeldurr|28/100 brn|[from] brn
|upkeep
|
|t:|1769324576
|switch|p2a: Metagross|Metagross, shiny|100/100
|turn|11
|
|t:|1769324605
|move|p1a: Conkeldurr|Earthquake|p2a: Metagross
|-supereffective|p2a: Metagross
|-damage|p2a: Metagross|27/100
|-enditem|p2a: Metagross|Weakness Policy
|-boost|p2a: Metagross|atk|2|[from] item: Weakness Policy
|-boost|p2a: Metagross|spa|2|[from] item: Weakness Policy
|move|p2a: Metagross|Heavy Slam|p1a: Conkeldurr
|-damage|p1a: Conkeldurr|0 fnt
|faint|p1a: Conkeldurr
|
|-fieldend|move: Trick Room
|upkeep
|inactive|Battle timer is ON: inactive players will automatically lose when time's up. (requested by llnate4L)
|
|t:|1769324616
|switch|p1a: Muk|Muk-Alola, M|61/100
|turn|12
|
|t:|1769324621
|move|p2a: Metagross|Earthquake|p1a: Muk
|-supereffective|p1a: Muk
|-damage|p1a: Muk|0 fnt
|faint|p1a: Muk
|
|upkeep
|
|t:|1769324626
|switch|p1a: Hoopa|Hoopa-Unbound|100/100
|turn|13
|inactive|llnate4L has 120 seconds left.
|
|t:|1769324662
|move|p2a: Metagross|Earthquake|p1a: Hoopa
|-damage|p1a: Hoopa|3/100
|move|p1a: Hoopa|Hyperspace Fury|p2a: Metagross
|-supereffective|p2a: Metagross
|-damage|p2a: Metagross|0 fnt
|-unboost|p1a: Hoopa|def|1
|faint|p2a: Metagross
|
|upkeep
|
|t:|1769324672
|switch|p2a: Talonflame|Talonflame, M|100/100
|turn|14
|
|t:|1769324681
|move|p2a: Talonflame|Brave Bird|p1a: Hoopa
|-damage|p1a: Hoopa|0 fnt
|faint|p1a: Hoopa
|-damage|p2a: Talonflame|99/100|[from] Recoil
|-damage|p2a: Talonflame|90/100|[from] item: Life Orb
|
|upkeep
|
|t:|1769324687
|switch|p1a: Ambipom|Ambipom, F|100/100
|turn|15
|
|t:|1769324695
|move|p1a: Ambipom|Fake Out|p2a: Talonflame
|-damage|p2a: Talonflame|36/100
|-damage|p1a: Ambipom|91/100|[from] item: Life Orb
|cant|p2a: Talonflame|flinch
|
|upkeep
|turn|16
|
|t:|1769324701
|move|p2a: Talonflame|Brave Bird|p1a: Ambipom
|-damage|p1a: Ambipom|1/100
|-damage|p2a: Talonflame|7/100|[from] Recoil
|-damage|p2a: Talonflame|0 fnt|[from] item: Life Orb
|faint|p2a: Talonflame
|move|p1a: Ambipom|Last Resort|p2: Talonflame|[notarget]
|-fail|p1a: Ambipom
|
|upkeep
|
|t:|1769324713
|switch|p2a: Drifblim|Drifblim, F|100/100
|turn|17
|
|t:|1769324716
|move|p1a: Ambipom|Last Resort|p2a: Drifblim
|-immune|p2a: Drifblim
|move|p2a: Drifblim|Thunderbolt|p1a: Ambipom
|-damage|p1a: Ambipom|0 fnt
|faint|p1a: Ambipom
|
|win|llnate4L
|raw|empire902's rating: 1136 &rarr; <strong>1113</strong><br />(-23 for losing)
|raw|llnate4L's rating: 1158 &rarr; <strong>1181</strong><br />(+23 for winning)
|l|☆empire902
|player|p1|
|l|☆llnate4L
|player|p2|
