|j|☆Jonpollonmorcillon
|j|☆Mateamdetente
|t:|1769407089
|gametype|singles
|player|p1|Jonpollonmorcillon|harlequin|1213
|player|p2|Mateamdetente|169|1139
|gen|9
|tier|[Gen 9] OU
|rated|
|rule|HP Percentage Mod: HP is shown in percentages
|rule|Endless Battle Clause: Forcing endless battles is banned
|rule|Species Clause: Limit one of each Pokémon
|rule|OHKO Clause: OHKO moves are banned
|rule|Evasion Items Clause: Evasion items are banned
|rule|Evasion Moves Clause: Evasion moves are banned
|rule|Evasion Abilities Clause: Evasion abilities are banned
|rule|Sleep Moves Clause: Sleep-inducing moves are banned
|clearpoke
|poke|p1|Bronzong|
|poke|p1|Ursaluna, F|
|poke|p1|Volcanion|
|poke|p1|Hatterene, F|
|poke|p1|Porygon2|
|poke|p1|Breloom, M|
|poke|p2|Garganacl, M|
|poke|p2|Darkrai|
|poke|p2|Great Tusk|
|poke|p2|Hatterene, F|
|poke|p2|Tornadus-Therian, M|
|poke|p2|Dragonite, M|
|teampreview
|
|t:|1769407095
|teamsize|p1|6
|teamsize|p2|6
|start
|switch|p1a: Hatterene|Hatterene, F|100/100
|switch|p2a: Great Tusk|Great Tusk|100/100
|-enditem|p2a: Great Tusk|Booster Energy
|-activate|p2a: Great Tusk|ability: Protosynthesis|[fromitem]
|-start|p2a: Great Tusk|protosynthesisatk
|turn|1
|inactive|Battle timer is ON: inactive players will automatically lose when time's up. (requested by Mateamdetente)
|
|t:|1769407112
|move|p2a: Great Tusk|Headlong Rush|p1a: Hatterene
|-damage|p1a: Hatterene|31/100
|-unboost|p2a: Great Tusk|def|1
|-unboost|p2a: Great Tusk|spd|1
|move|p1a: Hatterene|Trick Room|p1a: Hatterene
|-fieldstart|move: Trick Room|[of] p1a: Hatterene
|
|-heal|p1a: Hatterene|37/100|[from] item: Leftovers
|upkeep
|turn|2
|
|t:|1769407124
|-end|p2a: Great Tusk|Protosynthesis|[silent]
|switch|p2a: Garganacl|Garganacl, M, shiny|100/100
|move|p1a: Hatterene|Draining Kiss|p2a: Garganacl
|-crit|p2a: Garganacl
|-damage|p2a: Garganacl|78/100
|-heal|p1a: Hatterene|59/100|[from] drain|[of] p2a: Garganacl
|
|-heal|p1a: Hatterene|65/100|[from] item: Leftovers
|-heal|p2a: Garganacl|84/100|[from] item: Leftovers
|upkeep
|turn|3
|
|t:|1769407135
|switch|p1a: Volcanion|Volcanion|100/100
|move|p2a: Garganacl|Stealth Rock|p1a: Volcanion
|-sidestart|p1: Jonpollonmorcillon|move: Stealth Rock
|
|-heal|p2a: Garganacl|91/100|[from] item: Leftovers
|upkeep
|turn|4
|
|t:|1769407149
|-terastallize|p2a: Garganacl|Water
|move|p2a: Garganacl|Salt Cure|p1a: Volcanion
|-supereffective|p1a: Volcanion
|-damage|p1a: Volcanion|79/100
|-start|p1a: Volcanion|Salt Cure
|move|p1a: Volcanion|Steam Eruption|p2a: Garganacl
|-resisted|p2a: Garganacl
|-damage|p2a: Garganacl|70/100
|
|-heal|p2a: Garganacl|76/100|[from] item: Leftovers
|-damage|p1a: Volcanion|54/100|[from] Salt Cure
|upkeep
|turn|5
|
|t:|1769407175
|switch|p1a: Bronzong|Bronzong|100/100
|-damage|p1a: Bronzong|94/100|[from] Stealth Rock
|move|p2a: Garganacl|Salt Cure|p1a: Bronzong
|-resisted|p1a: Bronzong
|-damage|p1a: Bronzong|89/100
|-start|p1a: Bronzong|Salt Cure
|
|-heal|p1a: Bronzong|95/100|[from] item: Leftovers
|-heal|p2a: Garganacl|82/100|[from] item: Leftovers
|-damage|p1a: Bronzong|70/100|[from] Salt Cure
|-fieldend|move: Trick Room
|upkeep
|turn|6
|
|t:|1769407193
|switch|p2a: Tornadus|Tornadus-Therian, M, shiny|100/100
|move|p1a: Bronzong|Trick Room|p1a: Bronzong
|-fieldstart|move: Trick Room|[of] p1a: Bronzong
|
|-heal|p1a: Bronzong|76/100|[from] item: Leftovers
|-damage|p1a: Bronzong|51/100|[from] Salt Cure
|upkeep
|turn|7
|
|t:|1769407202
|switch|p1a: Volcanion|Volcanion|54/100
|-damage|p1a: Volcanion|29/100|[from] Stealth Rock
|move|p2a: Tornadus|Knock Off|p1a: Volcanion
|-damage|p1a: Volcanion|13/100
|-enditem|p1a: Volcanion|Assault Vest|[from] move: Knock Off|[of] p2a: Tornadus
|
|upkeep
|turn|8
|
|t:|1769407216
|switch|p1a: Breloom|Breloom, M|100/100
|-damage|p1a: Breloom|94/100|[from] Stealth Rock
|switch|p2a: Garganacl|Garganacl, M, shiny, tera:Water|82/100
|
|-heal|p2a: Garganacl|88/100|[from] item: Leftovers
|-status|p1a: Breloom|tox|[from] item: Toxic Orb
|upkeep
|turn|9
|
|t:|1769407227
|move|p2a: Garganacl|Salt Cure|p1a: Breloom
|-resisted|p1a: Breloom
|-damage|p1a: Breloom|86/100 tox
|-start|p1a: Breloom|Salt Cure
|move|p1a: Breloom|Seed Bomb|p2a: Garganacl
|-supereffective|p2a: Garganacl
|-damage|p2a: Garganacl|25/100
|
|-heal|p2a: Garganacl|31/100|[from] item: Leftovers
|-heal|p1a: Breloom|98/100 tox|[from] ability: Poison Heal
|-damage|p1a: Breloom|86/100 tox|[from] Salt Cure
|upkeep
|turn|10
|
|t:|1769407242
|switch|p2a: Tornadus|Tornadus-Therian, M, shiny|100/100
|move|p1a: Breloom|Stone Edge|p2a: Tornadus
|-supereffective|p2a: Tornadus
|-damage|p2a: Tornadus|12/100
|
|-heal|p1a: Breloom|98/100 tox|[from] ability: Poison Heal
|-damage|p1a: Breloom|86/100 tox|[from] Salt Cure
|-fieldend|move: Trick Room
|upkeep
|turn|11
|
|t:|1769407256
|move|p1a: Breloom|Mach Punch|p2a: Tornadus
|-resisted|p2a: Tornadus
|-damage|p2a: Tornadus|0 fnt
|faint|p2a: Tornadus
|
|-heal|p1a: Breloom|98/100 tox|[from] ability: Poison Heal
|-damage|p1a: Breloom|86/100 tox|[from] Salt Cure
|upkeep
|
|t:|1769407264
|switch|p2a: Hatterene|Hatterene, F, shiny|100/100
|turn|12
|inactive|Jonpollonmorcillon has 120 seconds left.
|
|t:|1769407285
|-terastallize|p1a: Breloom|Steel
|move|p1a: Breloom|Seed Bomb|p2a: Hatterene
|-damage|p2a: Hatterene|65/100
|move|p2a: Hatterene|Future Sight|p1a: Breloom
|-start|p2a: Hatterene|move: Future Sight
|
|-heal|p1a: Breloom|98/100 tox|[from] ability: Poison Heal
|-damage|p1a: Breloom|73/100 tox|[from] Salt Cure
|upkeep
|turn|13
|inactive|Jonpollonmorcillon has 120 seconds left.
|
|t:|1769407302
|switch|p1a: Bronzong|Bronzong|51/100
|-damage|p1a: Bronzong|45/100|[from] Stealth Rock
|switch|p2a: Great Tusk|Great Tusk|100/100
|
|-heal|p1a: Bronzong|51/100|[from] item: Leftovers
|upkeep
|turn|14
|
|t:|1769407311
|move|p2a: Great Tusk|Close Combat|p1a: Bronzong
|-damage|p1a: Bronzong|0 fnt
|-unboost|p2a: Great Tusk|def|1
|-unboost|p2a: Great Tusk|spd|1
|faint|p1a: Bronzong
|
|-hint|Future Sight did not hit because the target is fainted.
|upkeep
|inactive|Jonpollonmorcillon has 120 seconds left.
|
|t:|1769407322
|switch|p1a: Hatterene|Hatterene, F|65/100
|-damage|p1a: Hatterene|53/100|[from] Stealth Rock
|turn|15
|
|t:|1769407329
|move|p2a: Great Tusk|Headlong Rush|p1a: Hatterene
|-crit|p1a: Hatterene
|-damage|p1a: Hatterene|0 fnt
|-unboost|p2a: Great Tusk|def|1
|-unboost|p2a: Great Tusk|spd|1
|faint|p1a: Hatterene
|
|upkeep
|
|t:|1769407339
|switch|p1a: Porygon2|Porygon2|100/100
|-damage|p1a: Porygon2|88/100|[from] Stealth Rock
|-ability|p1a: Porygon2|Download|boost
|-boost|p1a: Porygon2|spa|1
|turn|16
|
|t:|1769407358
|move|p2a: Great Tusk|Close Combat|p1a: Porygon2
|-supereffective|p1a: Porygon2
|-damage|p1a: Porygon2|10/100
|-unboost|p2a: Great Tusk|def|1
|-unboost|p2a: Great Tusk|spd|1
|move|p1a: Porygon2|Trick Room|p1a: Porygon2
|-fieldstart|move: Trick Room|[of] p1a: Porygon2
|
|upkeep
|turn|17
|
|t:|1769407365
|-end|p2a: Great Tusk|Protosynthesis|[silent]
|switch|p2a: Hatterene|Hatterene, F, shiny|65/100
|move|p1a: Porygon2|Ice Beam|p2a: Hatterene
|-crit|p2a: Hatterene
|-damage|p2a: Hatterene|0 fnt
|faint|p2a: Hatterene
|
|upkeep
|
|t:|1769407371
|switch|p2a: Garganacl|Garganacl, M, shiny, tera:Water|31/100
|turn|18
|
|t:|1769407377
|move|p1a: Porygon2|Tri Attack|p2a: Garganacl
|-damage|p2a: Garganacl|0 fnt
|faint|p2a: Garganacl
|
|upkeep
|
|t:|1769407385
|switch|p2a: Great Tusk|Great Tusk|100/100
|turn|19
|
|t:|1769407394
|-end|p2a: Great Tusk|Protosynthesis|[silent]
|switch|p2a: Darkrai|Darkrai|100/100
|move|p1a: Porygon2|Ice Beam|p2a: Darkrai
|-damage|p2a: Darkrai|46/100
|
|upkeep
|turn|20
|
|t:|1769407405
|switch|p2a: Dragonite|Dragonite, M, shiny|100/100
|move|p1a: Porygon2|Ice Beam|p2a: Dragonite
|-supereffective|p2a: Dragonite
|-damage|p2a: Dragonite|17/100
|
|-fieldend|move: Trick Room
|upkeep
|turn|21
|
|t:|1769407418
|move|p2a: Dragonite|Extreme Speed|p1a: Porygon2
|-damage|p1a: Porygon2|0 fnt
|faint|p1a: Porygon2
|
|upkeep
|
|t:|1769407427
|switch|p1a: Breloom|Breloom, M, tera:Steel|73/100 tox
|-damage|p1a: Breloom|67/100 tox|[from] Stealth Rock
|turn|22
|
|t:|1769407434
|move|p1a: Breloom|Mach Punch|p2a: Dragonite
|-resisted|p2a: Dragonite
|-damage|p2a: Dragonite|6/100
|move|p2a: Dragonite|Roost|p2a: Dragonite
|-heal|p2a: Dragonite|56/100
|-singleturn|p2a: Dragonite|move: Roost
|
|-heal|p1a: Breloom|80/100 tox|[from] ability: Poison Heal
|upkeep
|turn|23
|
|t:|1769407444
|move|p2a: Dragonite|Roost|p2a: Dragonite
|-heal|p2a: Dragonite|100/100
|-singleturn|p2a: Dragonite|move: Roost
|move|p1a: Breloom|Stone Edge|p2a: Dragonite|[miss]
|-miss|p1a: Breloom|p2a: Dragonite
|
|-heal|p1a: Breloom|92/100 tox|[from] ability: Poison Heal
|upkeep
|turn|24
|
|t:|1769407454
|move|p2a: Dragonite|Earthquake|p1a: Breloom
|-supereffective|p1a: Breloom
|-damage|p1a: Breloom|0 fnt
|faint|p1a: Breloom
|
|upkeep
|
|t:|1769407459
|switch|p1a: Ursaluna|Ursaluna, F|100/100
|-damage|p1a: Ursaluna|94/100|[from] Stealth Rock
|turn|25
|
|t:|1769407469
|move|p2a: Dragonite|Dragon Dance|p2a: Dragonite
|-boost|p2a: Dragonite|atk|1
|-boost|p2a: Dragonite|spe|1
|move|p1a: Ursaluna|Swords Dance|p1a: Ursaluna
|-boost|p1a: Ursaluna|atk|2
|
|-status|p1a: Ursaluna|brn|[from] item: Flame Orb
|upkeep
|turn|26
|
|t:|1769407479
|move|p2a: Dragonite|Earthquake|p1a: Ursaluna
|-damage|p1a: Ursaluna|55/100 brn
|move|p1a: Ursaluna|Facade|p2a: Dragonite
|-damage|p2a: Dragonite|0 fnt
|faint|p2a: Dragonite
|
|-damage|p1a: Ursaluna|49/100 brn|[from] brn
|upkeep
|
|t:|1769407484
|switch|p2a: Great Tusk|Great Tusk|100/100
|turn|27
|
|t:|1769407491
|move|p2a: Great Tusk|Close Combat|p1a: Ursaluna
|-supereffective|p1a: Ursaluna
|-damage|p1a: Ursaluna|0 fnt
|-unboost|p2a: Great Tusk|def|1
|-unboost|p2a: Great Tusk|spd|1
|faint|p1a: Ursaluna
|
|upkeep
|
|t:|1769407498
|switch|p1a: Volcanion|Volcanion|13/100
|-damage|p1a: Volcanion|0 fnt|[from] Stealth Rock
|faint|p1a: Volcanion
|
|win|Mateamdetente
|raw|Jonpollonmorcillon's rating: 1213 &rarr; <strong>1183</strong><br />(-30 for losing)
|raw|Mateamdetente's rating: 1139 &rarr; <strong>1169</strong><br />(+30 for winning)
|l|☆Jonpollonmorcillon
|player|p1|
|j|☆Jonpollonmorcillon
|player|p1|Jonpollonmorcillon|harlequin|
|l|☆Jonpollonmorcillon
|player|p1|
|l|☆Mateamdetente
|player|p2|
