|j|☆V.XIII Chimerex
|j|☆clsxmn4保姆曼波侠
|t:|1769345335
|gametype|singles
|player|p1|V.XIII Chimerex|lucas|1000
|player|p2|clsxmn4保姆曼波侠|parasollady|1070
|gen|9
|tier|[Gen 9] OU
|rated|
|rule|HP Percentage Mod: HP is shown in percentages
|rule|Endless Battle Clause: Forcing endless battles is banned
|rule|Species Clause: Limit one of each Pokémon
|rule|OHKO Clause: OHKO moves are banned
|rule|Evasion Items Clause: Evasion items are banned
|rule|Evasion Moves Clause: Evasion moves are banned
|rule|Evasion Abilities Clause: Evasion abilities are banned
|rule|Sleep Moves Clause: Sleep-inducing moves are banned
|clearpoke
|poke|p1|Iron Valiant|
|poke|p1|Samurott-Hisui, F|
|poke|p1|Dragonite, M|
|poke|p1|Pecharunt|
|poke|p1|Great Tusk|
|poke|p1|Kingambit, F|
|poke|p2|Landorus-Therian, M|
|poke|p2|Alomomola, F|
|poke|p2|Iron Treads|
|poke|p2|Gholdengo|
|poke|p2|Rotom-Heat|
|poke|p2|Ogerpon-Wellspring, F|
|teampreview
|
|t:|1769345374
|teamsize|p1|6
|teamsize|p2|6
|start
|switch|p1a: Melt|Pecharunt|100/100
|switch|p2a: Ogerpon|Ogerpon-Wellspring, F|100/100
|turn|1
|
|t:|1769345384
|switch|p2a: Gholdengo|Gholdengo, shiny|100/100
|move|p1a: Melt|Parting Shot|p2a: Gholdengo
|-immune|p2a: Gholdengo|[from] ability: Good as Gold
|
|upkeep
|turn|2
|
|t:|1769345392
|switch|p1a: Ai|Kingambit, F|100/100
|move|p2a: Gholdengo|Shadow Ball|p1a: Ai
|-resisted|p1a: Ai
|-damage|p1a: Ai|83/100
|
|-heal|p1a: Ai|89/100|[from] item: Leftovers
|upkeep
|turn|3
|
|t:|1769345437
|move|p2a: Gholdengo|Focus Blast|p1a: Ai
|-supereffective|p1a: Ai
|-damage|p1a: Ai|0 fnt
|faint|p1a: Ai
|-end|p1a: Ai|fallenundefined|[silent]
|
|upkeep
|inactive|Battle timer is ON: inactive players will automatically lose when time's up. (requested by clsxmn4保姆曼波侠)
|
|t:|1769345475
|switch|p1a: Akane|Samurott-Hisui, F|100/100
|turn|4
|c|☆clsxmn4保姆曼波侠|中国有句古话，风浪越大鱼越贵
|
|t:|1769345504
|switch|p2a: Ogerpon|Ogerpon-Wellspring, F|100/100
|move|p1a: Akane|Knock Off|p2a: Ogerpon
|-damage|p2a: Ogerpon|63/100
|
|upkeep
|turn|5
|
|t:|1769345511
|switch|p1a: Melt|Pecharunt|100/100
|move|p2a: Ogerpon|Horn Leech|p1a: Melt
|-resisted|p1a: Melt
|-damage|p1a: Melt|88/100
|-heal|p2a: Ogerpon|70/100|[from] drain|[of] p1a: Melt
|
|upkeep
|turn|6
|
|t:|1769345522
|switch|p2a: Iron Treads|Iron Treads|100/100
|move|p1a: Melt|Shadow Ball|p2a: Iron Treads
|-damage|p2a: Iron Treads|81/100
|
|upkeep
|turn|7
|
|t:|1769345530
|move|p1a: Melt|Parting Shot|p2a: Iron Treads
|-unboost|p2a: Iron Treads|atk|1
|-unboost|p2a: Iron Treads|spa|1
|
|t:|1769345541
|switch|p1a: Kana|Great Tusk|100/100|[from] Parting Shot
|move|p2a: Iron Treads|Knock Off|p1a: Kana
|-resisted|p1a: Kana
|-damage|p1a: Kana|93/100
|-damage|p2a: Iron Treads|65/100|[from] item: Rocky Helmet|[of] p1a: Kana
|-enditem|p1a: Kana|Rocky Helmet|[from] move: Knock Off|[of] p2a: Iron Treads
|
|upkeep
|turn|8
|
|t:|1769345551
|-end|p2a: Iron Treads|Quark Drive|[silent]
|switch|p2a: Rotom|Rotom-Heat|100/100
|move|p1a: Kana|Stealth Rock|p2a: Rotom
|-sidestart|p2: clsxmn4保姆曼波侠|move: Stealth Rock
|
|upkeep
|turn|9
|
|t:|1769345571
|-end|p1a: Kana|Protosynthesis|[silent]
|switch|p1a: Melt|Pecharunt|88/100
|move|p2a: Rotom|Will-O-Wisp|p1a: Melt
|-status|p1a: Melt|brn
|
|-damage|p1a: Melt|82/100 brn|[from] brn
|upkeep
|turn|10
|
|t:|1769345582
|move|p1a: Melt|Parting Shot|p2a: Rotom
|-unboost|p2a: Rotom|atk|1
|-unboost|p2a: Rotom|spa|1
|
|t:|1769345586
|switch|p1a: Kana|Great Tusk|93/100|[from] Parting Shot
|move|p2a: Rotom|Volt Switch|p1a: Kana
|-immune|p1a: Kana
|
|upkeep
|turn|11
|
|t:|1769345598
|-end|p1a: Kana|Protosynthesis|[silent]
|switch|p1a: Melt|Pecharunt|82/100 brn
|move|p2a: Rotom|Will-O-Wisp|p1a: Melt|[miss]
|-miss|p2a: Rotom|p1a: Melt
|
|-damage|p1a: Melt|76/100 brn|[from] brn
|upkeep
|turn|12
|
|t:|1769345606
|move|p1a: Melt|Malignant Chain|p2a: Rotom
|-damage|p2a: Rotom|65/100
|move|p2a: Rotom|Volt Switch|p1a: Melt
|-damage|p1a: Melt|59/100 brn
|
|t:|1769345613
|switch|p2a: Gholdengo|Gholdengo, shiny|100/100|[from] Volt Switch
|-damage|p2a: Gholdengo|94/100|[from] Stealth Rock
|
|-damage|p1a: Melt|53/100 brn|[from] brn
|upkeep
|turn|13
|
|t:|1769345623
|switch|p1a: Akane|Samurott-Hisui, F|100/100
|move|p2a: Gholdengo|Shadow Ball|p1a: Akane
|-resisted|p1a: Akane
|-damage|p1a: Akane|71/100
|
|upkeep
|turn|14
|
|t:|1769345636
|switch|p2a: Alomomola|Alomomola, F|100/100
|-damage|p2a: Alomomola|88/100|[from] Stealth Rock
|move|p1a: Akane|Ceaseless Edge|p2a: Alomomola
|-damage|p2a: Alomomola|60/100
|-damage|p1a: Akane|54/100|[from] item: Rocky Helmet|[of] p2a: Alomomola
|-sidestart|p2: clsxmn4保姆曼波侠|Spikes
|
|upkeep
|turn|15
|
|t:|1769345648
|move|p1a: Akane|Knock Off|p2a: Alomomola
|-damage|p2a: Alomomola|33/100
|-damage|p1a: Akane|38/100|[from] item: Rocky Helmet|[of] p2a: Alomomola
|-enditem|p2a: Alomomola|Rocky Helmet|[from] move: Knock Off|[of] p1a: Akane
|move|p2a: Alomomola|Flip Turn|p1a: Akane
|-resisted|p1a: Akane
|-damage|p1a: Akane|27/100
|
|t:|1769345659
|switch|p2a: Landorus|Landorus-Therian, M|100/100|[from] Flip Turn
|-damage|p2a: Landorus|88/100|[from] Stealth Rock
|-ability|p2a: Landorus|Intimidate|boost
|-unboost|p1a: Akane|atk|1
|
|upkeep
|turn|16
|
|t:|1769345667
|switch|p1a: Aqua|Dragonite, M|100/100
|move|p2a: Landorus|Earthquake|p1a: Aqua
|-immune|p1a: Aqua
|
|upkeep
|turn|17
|
|t:|1769345677
|switch|p2a: Rotom|Rotom-Heat|65/100
|move|p1a: Aqua|Dragon Tail|p2a: Rotom
|-damage|p2a: Rotom|34/100
|drag|p2a: Iron Treads|Iron Treads|65/100
|-damage|p2a: Iron Treads|62/100|[from] Stealth Rock
|-damage|p2a: Iron Treads|49/100|[from] Spikes
|
|upkeep
|turn|18
|
|t:|1769345689
|move|p2a: Iron Treads|Rapid Spin|p1a: Aqua
|-damage|p1a: Aqua|93/100
|-boost|p2a: Iron Treads|spe|1
|-sideend|p2: clsxmn4保姆曼波侠|Spikes|[from] move: Rapid Spin|[of] p2a: Iron Treads
|-sideend|p2: clsxmn4保姆曼波侠|Stealth Rock|[from] move: Rapid Spin|[of] p2a: Iron Treads
|move|p1a: Aqua|Earthquake|p2a: Iron Treads
|-supereffective|p2a: Iron Treads
|-damage|p2a: Iron Treads|0 fnt
|faint|p2a: Iron Treads
|-end|p2a: Iron Treads|Quark Drive|[silent]
|
|upkeep
|
|t:|1769345700
|switch|p2a: Landorus|Landorus-Therian, M|88/100
|-ability|p2a: Landorus|Intimidate|boost
|-unboost|p1a: Aqua|atk|1
|turn|19
|
|t:|1769345711
|move|p2a: Landorus|Outrage|p1a: Aqua
|-supereffective|p1a: Aqua
|-damage|p1a: Aqua|0 fnt
|faint|p1a: Aqua
|
|upkeep
|
|t:|1769345717
|switch|p1a: Ruby|Iron Valiant, shiny|100/100
|turn|20
|
|t:|1769345728
|move|p2a: Landorus|Outrage|p1a: Ruby|[from] lockedmove
|-immune|p1a: Ruby
|move|p1a: Ruby|Moonblast|p2a: Landorus
|-damage|p2a: Landorus|5/100
|-unboost|p2a: Landorus|spa|1
|
|upkeep
|turn|21
|
|t:|1769345739
|switch|p2a: Gholdengo|Gholdengo, shiny|94/100
|-end|p1a: Ruby|Quark Drive|[silent]
|switch|p1a: Akane|Samurott-Hisui, F|27/100
|
|upkeep
|turn|22
|
|t:|1769345752
|switch|p2a: Ogerpon|Ogerpon-Wellspring, F|70/100
|move|p1a: Akane|Ceaseless Edge|p2a: Ogerpon
|-damage|p2a: Ogerpon|10/100
|-sidestart|p2: clsxmn4保姆曼波侠|Spikes
|
|upkeep
|turn|23
|
|t:|1769345760
|switch|p1a: Melt|Pecharunt|53/100 brn
|move|p2a: Ogerpon|Horn Leech|p1a: Melt
|-resisted|p1a: Melt
|-crit|p1a: Melt
|-damage|p1a: Melt|32/100 brn
|-heal|p2a: Ogerpon|24/100|[from] drain|[of] p1a: Melt
|
|-damage|p1a: Melt|25/100 brn|[from] brn
|upkeep
|turn|24
|
|t:|1769345772
|move|p2a: Ogerpon|Ivy Cudgel|p1a: Melt|[anim] Ivy Cudgel Water
|-crit|p1a: Melt
|-damage|p1a: Melt|0 fnt
|faint|p1a: Melt
|
|upkeep
|
|t:|1769345781
|switch|p1a: Ruby|Iron Valiant, shiny|100/100
|turn|25
|
|t:|1769345802
|switch|p2a: Gholdengo|Gholdengo, shiny|94/100
|-damage|p2a: Gholdengo|82/100|[from] Spikes
|move|p1a: Ruby|Shadow Ball|p2a: Gholdengo
|-supereffective|p2a: Gholdengo
|-crit|p2a: Gholdengo
|-damage|p2a: Gholdengo|0 fnt
|faint|p2a: Gholdengo
|
|upkeep
|
|t:|1769345810
|switch|p2a: Alomomola|Alomomola, F|66/100
|-damage|p2a: Alomomola|54/100|[from] Spikes
|turn|26
|
|t:|1769345825
|-end|p1a: Ruby|Quark Drive|[silent]
|switch|p1a: Kana|Great Tusk|93/100
|switch|p2a: Rotom|Rotom-Heat|34/100
|
|upkeep
|turn|27
|
|t:|1769345833
|move|p1a: Kana|Stealth Rock|p2a: Rotom
|-sidestart|p2: clsxmn4保姆曼波侠|move: Stealth Rock
|move|p2a: Rotom|Pain Split|p1a: Kana
|-sethp|p1a: Kana|56/100|[from] move: Pain Split|[silent]
|-sethp|p2a: Rotom|100/100|[from] move: Pain Split
|
|upkeep
|turn|28
|
|t:|1769345857
|-end|p1a: Kana|Protosynthesis|[silent]
|switch|p1a: Ruby|Iron Valiant, shiny|100/100
|move|p2a: Rotom|Will-O-Wisp|p1a: Ruby|[miss]
|-miss|p2a: Rotom|p1a: Ruby
|
|upkeep
|turn|29
|
|t:|1769345868
|move|p1a: Ruby|Trick|p2a: Rotom
|-activate|p1a: Ruby|move: Trick|[of] p2a: Rotom
|-item|p2a: Rotom|Choice Specs|[from] move: Trick
|-item|p1a: Ruby|Heavy-Duty Boots|[from] move: Trick
|move|p2a: Rotom|Volt Switch|p1a: Ruby
|-damage|p1a: Ruby|31/100
|
|t:|1769345876
|switch|p2a: Alomomola|Alomomola, F|87/100|[from] Volt Switch
|-damage|p2a: Alomomola|75/100|[from] Spikes
|-damage|p2a: Alomomola|62/100|[from] Stealth Rock
|
|upkeep
|turn|30
|
|t:|1769345892
|-end|p1a: Ruby|Quark Drive|[silent]
|switch|p1a: Kana|Great Tusk|56/100
|move|p2a: Alomomola|Flip Turn|p1a: Kana
|-supereffective|p1a: Kana
|-damage|p1a: Kana|35/100
|
|t:|1769345904
|switch|p2a: Rotom|Rotom-Heat|100/100|[from] Flip Turn
|-damage|p2a: Rotom|76/100|[from] Stealth Rock
|
|upkeep
|turn|31
|
|t:|1769345912
|move|p1a: Kana|Rapid Spin|p2a: Rotom
|-damage|p2a: Rotom|61/100
|-boost|p1a: Kana|spe|1
|move|p2a: Rotom|Overheat|p1a: Kana
|-damage|p1a: Kana|0 fnt
|-unboost|p2a: Rotom|spa|2
|faint|p1a: Kana
|-end|p1a: Kana|Protosynthesis|[silent]
|
|upkeep
|
|t:|1769345919
|switch|p1a: Akane|Samurott-Hisui, F|27/100
|turn|32
|
|t:|1769345923
|move|p1a: Akane|Ceaseless Edge|p2a: Rotom
|-damage|p2a: Rotom|16/100
|-sidestart|p2: clsxmn4保姆曼波侠|Spikes
|move|p2a: Rotom|Overheat|p1a: Akane
|-resisted|p1a: Akane
|-damage|p1a: Akane|0 fnt
|-unboost|p2a: Rotom|spa|2
|faint|p1a: Akane
|
|upkeep
|
|t:|1769345931
|switch|p1a: Ruby|Iron Valiant, shiny|31/100
|turn|33
|
|t:|1769345937
|move|p1a: Ruby|Shadow Ball|p2a: Rotom
|-damage|p2a: Rotom|0 fnt
|faint|p2a: Rotom
|
|upkeep
|
|t:|1769345945
|switch|p2a: Alomomola|Alomomola, F|95/100
|-damage|p2a: Alomomola|79/100|[from] Spikes
|-damage|p2a: Alomomola|66/100|[from] Stealth Rock
|turn|34
|
|t:|1769345954
|move|p1a: Ruby|Moonblast|p2a: Alomomola
|-damage|p2a: Alomomola|23/100
|-unboost|p2a: Alomomola|spa|1
|move|p2a: Alomomola|Mirror Coat|p1a: Ruby
|-damage|p1a: Ruby|0 fnt
|faint|p1a: Ruby
|-end|p1a: Ruby|Quark Drive|[silent]
|
|win|clsxmn4保姆曼波侠
|raw|V.XIII Chimerex's rating: 1000 &rarr; <strong>1000</strong><br />(+0 for losing)
|raw|clsxmn4保姆曼波侠's rating: 1070 &rarr; <strong>1094</strong><br />(+24 for winning)
|l|☆V.XIII Chimerex
|player|p1|
