|j|☆Downtownclown
|j|☆DcBaker
|t:|1769391211
|gametype|singles
|player|p1|Downtownclown|101|1348
|player|p2|DcBaker|pokemonrangerf|1296
|gen|9
|tier|[Gen 9] OU
|rated|
|rule|HP Percentage Mod: HP is shown in percentages
|rule|Endless Battle Clause: Forcing endless battles is banned
|rule|Species Clause: Limit one of each Pokémon
|rule|OHKO Clause: OHKO moves are banned
|rule|Evasion Items Clause: Evasion items are banned
|rule|Evasion Moves Clause: Evasion moves are banned
|rule|Evasion Abilities Clause: Evasion abilities are banned
|rule|Sleep Moves Clause: Sleep-inducing moves are banned
|clearpoke
|poke|p1|Blastoise, M|
|poke|p1|Quaquaval, F|
|poke|p1|Lycanroc-Dusk, F|
|poke|p1|Iron Crown|
|poke|p1|Darkrai|
|poke|p1|Enamorus, F|
|poke|p2|Hydrapple, M|
|poke|p2|Gliscor, M|
|poke|p2|Slowking-Galar, M|
|poke|p2|Cinderace, M|
|poke|p2|Kingambit, M|
|poke|p2|Iron Valiant|
|teampreview
|inactive|Battle timer is ON: inactive players will automatically lose when time's up. (requested by Downtownclown)
|
|t:|1769391230
|teamsize|p1|6
|teamsize|p2|6
|start
|switch|p1a: Lycanroc|Lycanroc-Dusk, F|100/100
|switch|p2a: Goob|Hydrapple, M, shiny|100/100
|turn|1
|
|t:|1769391244
|move|p1a: Lycanroc|Stealth Rock|p2a: Goob
|-sidestart|p2: DcBaker|move: Stealth Rock
|move|p2a: Goob|Giga Drain|p1a: Lycanroc
|-supereffective|p1a: Lycanroc
|-enditem|p1a: Lycanroc|Focus Sash
|-damage|p1a: Lycanroc|1/100
|-damage|p2a: Goob|91/100|[from] item: Life Orb
|
|upkeep
|turn|2
|
|t:|1769391253
|move|p1a: Lycanroc|Endeavor|p2a: Goob
|-damage|p2a: Goob|1/100
|move|p2a: Goob|Giga Drain|p1a: Lycanroc
|-supereffective|p1a: Lycanroc
|-damage|p1a: Lycanroc|0 fnt
|-heal|p2a: Goob|1/100|[from] drain|[of] p1a: Lycanroc
|faint|p1a: Lycanroc
|-damage|p2a: Goob|0 fnt|[from] item: Life Orb
|faint|p2a: Goob
|
|upkeep
|c|☆Downtownclown|dope shint
|c|☆Downtownclown|shiny
|c|☆DcBaker|gg
|c|☆DcBaker|thanks twin
|
|t:|1769391268
|switch|p1a: Enamorus|Enamorus, F|100/100
|switch|p2a: Ice Man|Slowking-Galar, M, shiny|100/100
|-damage|p2a: Ice Man|88/100|[from] Stealth Rock
|turn|3
|
|t:|1769391275
|move|p1a: Enamorus|Earth Power|p2a: Ice Man
|-supereffective|p2a: Ice Man
|-damage|p2a: Ice Man|43/100
|-damage|p1a: Enamorus|91/100|[from] item: Life Orb
|move|p2a: Ice Man|Sludge Bomb|p1a: Enamorus
|-supereffective|p1a: Enamorus
|-damage|p1a: Enamorus|0 fnt
|faint|p1a: Enamorus
|
|upkeep
|
|t:|1769391288
|switch|p1a: Darkrai|Darkrai|100/100
|turn|4
|
|t:|1769391301
|move|p1a: Darkrai|Psyshock|p2a: Ice Man
|-damage|p2a: Ice Man|9/100
|move|p2a: Ice Man|Whirlpool|p1a: Darkrai|[miss]
|-miss|p2a: Ice Man|p1a: Darkrai
|
|upkeep
|turn|5
|
|t:|1769391309
|switch|p1a: Blastoise|Blastoise, M|100/100
|move|p2a: Ice Man|Whirlpool|p1a: Blastoise
|-resisted|p1a: Blastoise
|-damage|p1a: Blastoise|96/100
|-activate|p1a: Blastoise|move: Whirlpool|[of] p2a: Ice Man
|
|-damage|p1a: Blastoise|83/100|[from] move: Whirlpool|[partiallytrapped]
|upkeep
|turn|6
|
|t:|1769391317
|move|p1a: Blastoise|Shell Smash|p1a: Blastoise
|-unboost|p1a: Blastoise|def|1
|-unboost|p1a: Blastoise|spd|1
|-boost|p1a: Blastoise|atk|2
|-boost|p1a: Blastoise|spa|2
|-boost|p1a: Blastoise|spe|2
|-enditem|p1a: Blastoise|White Herb
|-clearnegativeboost|p1a: Blastoise|[silent]
|move|p2a: Ice Man|Sludge Bomb|p1a: Blastoise
|-damage|p1a: Blastoise|44/100
|
|-damage|p1a: Blastoise|32/100|[from] move: Whirlpool|[partiallytrapped]
|upkeep
|turn|7
|
|t:|1769391329
|move|p1a: Blastoise|Surf|p2a: Ice Man
|-damage|p2a: Ice Man|0 fnt
|faint|p2a: Ice Man
|
|-end|p1a: Blastoise|Whirlpool|[partiallytrapped]|[silent]
|upkeep
|
|t:|1769391342
|switch|p2a: IShowSpeed|Cinderace, M, shiny|100/100
|turn|8
|
|t:|1769391349
|move|p2a: IShowSpeed|Sucker Punch||[still]
|-fail|p2a: IShowSpeed
|move|p1a: Blastoise|Shell Smash|p1a: Blastoise
|-unboost|p1a: Blastoise|def|1
|-unboost|p1a: Blastoise|spd|1
|-boost|p1a: Blastoise|atk|2
|-boost|p1a: Blastoise|spa|2
|-boost|p1a: Blastoise|spe|2
|
|upkeep
|turn|9
|
|t:|1769391366
|move|p2a: IShowSpeed|Sucker Punch||[still]
|-fail|p2a: IShowSpeed
|move|p1a: Blastoise|Shell Smash|p1a: Blastoise
|-unboost|p1a: Blastoise|def|1
|-unboost|p1a: Blastoise|spd|1
|-boost|p1a: Blastoise|atk|2
|-boost|p1a: Blastoise|spa|2
|-boost|p1a: Blastoise|spe|2
|
|upkeep
|turn|10
|c|☆Downtownclown|dun dun dun
|inactive|Downtownclown has 120 seconds left.
|
|t:|1769391393
|move|p2a: IShowSpeed|Sucker Punch|p1a: Blastoise
|-start|p2a: IShowSpeed|typechange|Dark|[from] ability: Libero
|-damage|p1a: Blastoise|0 fnt
|faint|p1a: Blastoise
|
|upkeep
|inactive|Downtownclown has 120 seconds left.
|
|t:|1769391401
|switch|p1a: Quaquaval|Quaquaval, F|100/100
|turn|11
|
|t:|1769391408
|move|p2a: IShowSpeed|Court Change|p2a: IShowSpeed
|-swapsideconditions
|-activate|p2a: IShowSpeed|move: Court Change
|move|p1a: Quaquaval|Aqua Step|p2a: IShowSpeed
|-damage|p2a: IShowSpeed|41/100
|-boost|p1a: Quaquaval|spe|1
|
|upkeep
|turn|12
|
|t:|1769391415
|move|p1a: Quaquaval|Aqua Step|p2a: IShowSpeed
|-damage|p2a: IShowSpeed|0 fnt
|-boost|p1a: Quaquaval|spe|1
|faint|p2a: IShowSpeed
|-ability|p1a: Quaquaval|Moxie|boost
|-boost|p1a: Quaquaval|atk|1
|
|upkeep
|
|t:|1769391419
|switch|p2a: Lebron|Iron Valiant, shiny|100/100
|-enditem|p2a: Lebron|Booster Energy
|-activate|p2a: Lebron|ability: Quark Drive|[fromitem]
|-start|p2a: Lebron|quarkdrivespe
|turn|13
|c|☆Downtownclown|crap i changed tera andnow i dont know
|inactive|Downtownclown has 120 seconds left.
|c|☆DcBaker|you got this man
|c|☆DcBaker|WE are going to win this
|c|☆Downtownclown|lololol
|c|☆Downtownclown|fuck it we ball
|
|t:|1769391478
|move|p1a: Quaquaval|Aqua Step|p2a: Lebron
|-damage|p2a: Lebron|27/100
|-boost|p1a: Quaquaval|spe|1
|move|p2a: Lebron|Moonblast|p1a: Quaquaval
|-supereffective|p1a: Quaquaval
|-damage|p1a: Quaquaval|0 fnt
|faint|p1a: Quaquaval
|
|upkeep
|
|t:|1769391486
|switch|p1a: Iron Crown|Iron Crown|100/100
|-damage|p1a: Iron Crown|94/100|[from] Stealth Rock
|-enditem|p1a: Iron Crown|Booster Energy
|-activate|p1a: Iron Crown|ability: Quark Drive|[fromitem]
|-start|p1a: Iron Crown|quarkdrivespe
|turn|14
|inactive|Downtownclown has 90 seconds left.
|c|☆Downtownclown|rapid spin was probably the play there honestly
|
|t:|1769391515
|move|p2a: Lebron|Destiny Bond|p2a: Lebron
|-singlemove|p2a: Lebron|Destiny Bond
|move|p1a: Iron Crown|Calm Mind|p1a: Iron Crown
|-boost|p1a: Iron Crown|spa|1
|-boost|p1a: Iron Crown|spd|1
|
|upkeep
|turn|15
|
|t:|1769391526
|move|p2a: Lebron|Knock Off|p1a: Iron Crown
|-supereffective|p1a: Iron Crown
|-damage|p1a: Iron Crown|56/100
|move|p1a: Iron Crown|Calm Mind|p1a: Iron Crown
|-boost|p1a: Iron Crown|spa|1
|-boost|p1a: Iron Crown|spd|1
|
|upkeep
|turn|16
|inactive|Downtownclown has 90 seconds left.
|c|☆Downtownclown|mixed tooo?
|c|☆Downtownclown|dang
|c|☆DcBaker|its lebron
|
|t:|1769391555
|-terastallize|p1a: Iron Crown|Flying
|move|p2a: Lebron|Destiny Bond|p2a: Lebron
|-singlemove|p2a: Lebron|Destiny Bond
|move|p1a: Iron Crown|Iron Defense|p1a: Iron Crown
|-boost|p1a: Iron Crown|def|2
|
|upkeep
|turn|17
|
|t:|1769391562
|move|p2a: Lebron|Moonblast|p1a: Iron Crown
|-damage|p1a: Iron Crown|35/100
|move|p1a: Iron Crown|Iron Defense|p1a: Iron Crown
|-boost|p1a: Iron Crown|def|2
|
|upkeep
|turn|18
|
|t:|1769391574
|move|p2a: Lebron|Encore|p1a: Iron Crown
|-start|p1a: Iron Crown|Encore
|move|p1a: Iron Crown|Iron Defense|p1a: Iron Crown
|-boost|p1a: Iron Crown|def|2
|
|upkeep
|turn|19
|c|☆Downtownclown|and encore
|c|☆Downtownclown|was this cooked up in a lab to beat me lol
|
|t:|1769391596
|move|p2a: Lebron|Moonblast|p1a: Iron Crown
|-damage|p1a: Iron Crown|13/100
|-unboost|p1a: Iron Crown|spa|1
|move|p1a: Iron Crown|Iron Defense|p1a: Iron Crown
|-boost|p1a: Iron Crown|def|0
|
|upkeep
|turn|20
|
|t:|1769391602
|move|p2a: Lebron|Moonblast|p1a: Iron Crown
|-damage|p1a: Iron Crown|0 fnt
|faint|p1a: Iron Crown
|-end|p1a: Iron Crown|Quark Drive|[silent]
|
|upkeep
|
|t:|1769391606
|switch|p1a: Darkrai|Darkrai|100/100
|-damage|p1a: Darkrai|88/100|[from] Stealth Rock
|turn|21
|
|t:|1769391614
|move|p2a: Lebron|Moonblast|p1a: Darkrai
|-supereffective|p1a: Darkrai
|-damage|p1a: Darkrai|0 fnt
|faint|p1a: Darkrai
|
|win|DcBaker
|raw|Downtownclown's rating: 1348 &rarr; <strong>1325</strong><br />(-23 for losing)
|raw|DcBaker's rating: 1296 &rarr; <strong>1325</strong><br />(+29 for winning)
