|j|☆Ryan Cowtinho
|j|☆Vandosaurus
|t:|1769372872
|gametype|singles
|player|p1|Ryan Cowtinho|2|1612
|player|p2|Vandosaurus|blaine|1622
|gen|9
|tier|[Gen 9] OU
|rated|
|rule|HP Percentage Mod: HP is shown in percentages
|rule|Endless Battle Clause: Forcing endless battles is banned
|rule|Species Clause: Limit one of each Pokémon
|rule|OHKO Clause: OHKO moves are banned
|rule|Evasion Items Clause: Evasion items are banned
|rule|Evasion Moves Clause: Evasion moves are banned
|rule|Evasion Abilities Clause: Evasion abilities are banned
|rule|Sleep Moves Clause: Sleep-inducing moves are banned
|clearpoke
|poke|p1|Tyranitar, M|
|poke|p1|Excadrill, F|
|poke|p1|Ogerpon-Wellspring, F|
|poke|p1|Pecharunt|
|poke|p1|Skarmory, M|
|poke|p1|Zamazenta-*|
|poke|p2|Meowscarada, M|
|poke|p2|Clodsire, M|
|poke|p2|Corviknight, F|
|poke|p2|Iron Moth|
|poke|p2|Weezing-Galar, M|
|poke|p2|Tornadus-Therian, M|
|teampreview
|
|t:|1769372882
|teamsize|p1|6
|teamsize|p2|6
|start
|switch|p1a: Tyranitar|Tyranitar, M|100/100
|switch|p2a: Arthur|Tornadus-Therian, M|100/100
|-weather|Sandstorm|[from] ability: Sand Stream|[of] p1a: Tyranitar
|turn|1
|
|t:|1769372912
|move|p2a: Arthur|U-turn|p1a: Tyranitar
|-supereffective|p1a: Tyranitar
|-damage|p1a: Tyranitar|80/100
|
|t:|1769372920
|switch|p2a: Felix|Corviknight, F|100/100|[from] U-turn
|-ability|p2a: Felix|Pressure
|move|p1a: Tyranitar|Stealth Rock|p2a: Felix
|-sidestart|p2: Vandosaurus|move: Stealth Rock
|
|-weather|Sandstorm|[upkeep]
|upkeep
|turn|2
|
|t:|1769372936
|move|p2a: Felix|U-turn|p1a: Tyranitar
|-supereffective|p1a: Tyranitar
|-damage|p1a: Tyranitar|56/100
|
|t:|1769372942
|switch|p2a: Bong|Weezing-Galar, M|100/100|[from] U-turn
|-ability|p2a: Bong|Neutralizing Gas
|move|p1a: Tyranitar|Knock Off|p2a: Bong
|-resisted|p2a: Bong
|-damage|p2a: Bong|86/100
|-enditem|p2a: Bong|Heavy-Duty Boots|[from] move: Knock Off|[of] p1a: Tyranitar
|
|-weather|Sandstorm|[upkeep]
|-damage|p2a: Bong|80/100|[from] Sandstorm
|upkeep
|turn|3
|
|t:|1769372950
|switch|p1a: Pecharunt|Pecharunt|100/100
|move|p2a: Bong|Will-O-Wisp|p1a: Pecharunt|[miss]
|-miss|p2a: Bong|p1a: Pecharunt
|
|-weather|Sandstorm|[upkeep]
|-damage|p1a: Pecharunt|94/100|[from] Sandstorm
|-damage|p2a: Bong|74/100|[from] Sandstorm
|upkeep
|turn|4
|
|t:|1769372959
|-end|p2a: Bong|ability: Neutralizing Gas
|switch|p2a: Mephistopheles|Clodsire, M|100/100
|-damage|p2a: Mephistopheles|94/100|[from] Stealth Rock
|move|p1a: Pecharunt|Nasty Plot|p1a: Pecharunt
|-boost|p1a: Pecharunt|spa|2
|
|-weather|Sandstorm|[upkeep]
|-damage|p1a: Pecharunt|88/100|[from] Sandstorm
|-heal|p2a: Mephistopheles|100/100|[from] item: Leftovers
|upkeep
|turn|5
|
|t:|1769372962
|switch|p1a: Excadrill|Excadrill, F|100/100
|-item|p1a: Excadrill|Air Balloon
|move|p2a: Mephistopheles|Earthquake|p1a: Excadrill
|-immune|p1a: Excadrill
|
|-weather|Sandstorm|[upkeep]
|upkeep
|turn|6
|
|t:|1769372967
|switch|p1a: Ogerpon|Ogerpon-Wellspring, F|100/100
|switch|p2a: Felix|Corviknight, F|100/100
|-damage|p2a: Felix|88/100|[from] Stealth Rock
|-ability|p2a: Felix|Pressure
|
|-weather|Sandstorm|[upkeep]
|-damage|p1a: Ogerpon|95/100|[from] Sandstorm
|upkeep
|turn|7
|
|t:|1769372973
|switch|p2a: Mephistopheles|Clodsire, M|100/100
|-damage|p2a: Mephistopheles|94/100|[from] Stealth Rock
|-terastallize|p1a: Ogerpon|Water
|detailschange|p1a: Ogerpon|Ogerpon-Wellspring-Tera, F, tera:Water
|-ability|p1a: Ogerpon|Embody Aspect (Wellspring)|boost
|-boost|p1a: Ogerpon|spd|1
|move|p1a: Ogerpon|Ivy Cudgel|p2a: Mephistopheles|[anim] Ivy Cudgel Water
|-heal|p2a: Mephistopheles|100/100|[from] ability: Water Absorb|[of] p1a: Ogerpon
|
|-weather|Sandstorm|[upkeep]
|-damage|p1a: Ogerpon|89/100|[from] Sandstorm
|upkeep
|turn|8
|
|t:|1769372986
|move|p1a: Ogerpon|Power Whip|p2a: Mephistopheles
|-damage|p2a: Mephistopheles|25/100
|move|p2a: Mephistopheles|Toxic|p1a: Ogerpon
|-status|p1a: Ogerpon|tox
|
|-weather|none
|-heal|p2a: Mephistopheles|31/100|[from] item: Leftovers
|-damage|p1a: Ogerpon|83/100 tox|[from] psn
|upkeep
|turn|9
|
|t:|1769372992
|move|p1a: Ogerpon|Knock Off|p2a: Mephistopheles
|-damage|p2a: Mephistopheles|0 fnt
|-enditem|p2a: Mephistopheles|Leftovers|[from] move: Knock Off|[of] p1a: Ogerpon
|faint|p2a: Mephistopheles
|
|-damage|p1a: Ogerpon|71/100 tox|[from] psn
|upkeep
|
|t:|1769372998
|switch|p2a: Señor Gatito|Meowscarada, M|100/100
|-damage|p2a: Señor Gatito|88/100|[from] Stealth Rock
|turn|10
|
|t:|1769373005
|switch|p1a: Skarmory|Skarmory, M|100/100
|move|p2a: Señor Gatito|Knock Off|p1a: Skarmory
|-start|p2a: Señor Gatito|typechange|Dark|[from] ability: Protean
|-damage|p1a: Skarmory|60/100
|-damage|p2a: Señor Gatito|72/100|[from] item: Rocky Helmet|[of] p1a: Skarmory
|-enditem|p1a: Skarmory|Rocky Helmet|[from] move: Knock Off|[of] p2a: Señor Gatito
|
|upkeep
|turn|11
|
|t:|1769373018
|switch|p2a: Bong|Weezing-Galar, M|74/100
|-ability|p2a: Bong|Neutralizing Gas
|-damage|p2a: Bong|62/100|[from] Stealth Rock
|move|p1a: Skarmory|Roost|p1a: Skarmory
|-heal|p1a: Skarmory|100/100
|-singleturn|p1a: Skarmory|move: Roost
|
|upkeep
|turn|12
|
|t:|1769373023
|switch|p1a: Ogerpon|Ogerpon-Wellspring-Tera, F, tera:Water|71/100 tox
|move|p2a: Bong|Will-O-Wisp||[still]
|-fail|p2a: Bong
|
|-damage|p1a: Ogerpon|65/100 tox|[from] psn
|upkeep
|turn|13
|
|t:|1769373029
|move|p1a: Ogerpon|Ivy Cudgel|p2a: Bong|[anim] Ivy Cudgel Water
|-damage|p2a: Bong|7/100
|move|p2a: Bong|Defog|p1a: Ogerpon
|-unboost|p1a: Ogerpon|evasion|1
|-sideend|p2: Vandosaurus|Stealth Rock|[from] move: Defog|[of] p2a: Bong
|
|-damage|p1a: Ogerpon|53/100 tox|[from] psn
|upkeep
|turn|14
|
|t:|1769373038
|move|p1a: Ogerpon|Knock Off|p2a: Bong
|-resisted|p2a: Bong
|-damage|p2a: Bong|0 fnt
|faint|p2a: Bong
|-end|p2a: Bong|ability: Neutralizing Gas
|-ability|p1a: Ogerpon|Embody Aspect (Wellspring)|boost
|-boost|p1a: Ogerpon|spd|1
|
|-damage|p1a: Ogerpon|35/100 tox|[from] psn
|upkeep
|
|t:|1769373041
|switch|p2a: Señor Gatito|Meowscarada, M|72/100
|turn|15
|
|t:|1769373044
|switch|p1a: Skarmory|Skarmory, M|100/100
|move|p2a: Señor Gatito|Triple Axel|p1a: Skarmory
|-start|p2a: Señor Gatito|typechange|Ice|[from] ability: Protean
|-damage|p1a: Skarmory|91/100
|-damage|p1a: Skarmory|73/100
|-damage|p1a: Skarmory|48/100
|-hitcount|p1a: Skarmory|3
|
|upkeep
|turn|16
|
|t:|1769373054
|switch|p1a: Tyranitar|Tyranitar, M|56/100
|-weather|Sandstorm|[from] ability: Sand Stream|[of] p1a: Tyranitar
|move|p2a: Señor Gatito|Triple Axel|p1a: Tyranitar
|-damage|p1a: Tyranitar|46/100
|-damage|p1a: Tyranitar|26/100
|-damage|p1a: Tyranitar|0 fnt
|faint|p1a: Tyranitar
|-hitcount|p1: Tyranitar|3
|
|-weather|Sandstorm|[upkeep]
|-damage|p2a: Señor Gatito|66/100|[from] Sandstorm
|upkeep
|
|t:|1769373057
|switch|p1a: Excadrill|Excadrill, F|100/100
|-item|p1a: Excadrill|Air Balloon
|turn|17
|
|t:|1769373070
|switch|p1a: Ogerpon|Ogerpon-Wellspring-Tera, F, tera:Water|35/100 tox
|-ability|p1a: Ogerpon|Embody Aspect (Wellspring)|boost
|-boost|p1a: Ogerpon|spd|1
|switch|p2a: Felix|Corviknight, F|88/100
|-ability|p2a: Felix|Pressure
|
|-weather|Sandstorm|[upkeep]
|-damage|p1a: Ogerpon|29/100 tox|[from] Sandstorm
|-damage|p1a: Ogerpon|23/100 tox|[from] psn
|upkeep
|turn|18
|
|t:|1769373077
|move|p1a: Ogerpon|Ivy Cudgel|p2a: Felix|[anim] Ivy Cudgel Water
|-crit|p2a: Felix
|-damage|p2a: Felix|20/100
|move|p2a: Felix|Roost|p2a: Felix
|-heal|p2a: Felix|70/100
|-singleturn|p2a: Felix|move: Roost
|
|-weather|Sandstorm|[upkeep]
|-damage|p1a: Ogerpon|17/100 tox|[from] Sandstorm
|-damage|p1a: Ogerpon|5/100 tox|[from] psn
|upkeep
|turn|19
|
|t:|1769373081
|move|p1a: Ogerpon|Ivy Cudgel|p2a: Felix|[anim] Ivy Cudgel Water
|-damage|p2a: Felix|19/100
|move|p2a: Felix|Roost|p2a: Felix
|-heal|p2a: Felix|69/100
|-singleturn|p2a: Felix|move: Roost
|
|-weather|Sandstorm|[upkeep]
|-damage|p1a: Ogerpon|0 fnt|[from] Sandstorm
|faint|p1a: Ogerpon
|detailschange|p1: Ogerpon|Ogerpon-Wellspring, F|[silent]
|upkeep
|
|t:|1769373083
|switch|p1a: Pecharunt|Pecharunt|88/100
|turn|20
|
|t:|1769373089
|switch|p2a: Arthur|Tornadus-Therian, M|100/100
|move|p1a: Pecharunt|Nasty Plot|p1a: Pecharunt
|-boost|p1a: Pecharunt|spa|2
|
|-weather|Sandstorm|[upkeep]
|-damage|p2a: Arthur|94/100|[from] Sandstorm
|-damage|p1a: Pecharunt|82/100|[from] Sandstorm
|upkeep
|turn|21
|
|t:|1769373094
|move|p2a: Arthur|Bleakwind Storm|p1a: Pecharunt
|-damage|p1a: Pecharunt|48/100
|move|p1a: Pecharunt|Malignant Chain|p2a: Arthur
|-damage|p2a: Arthur|49/100
|
|-weather|Sandstorm|[upkeep]
|-damage|p2a: Arthur|42/100|[from] Sandstorm
|-damage|p1a: Pecharunt|42/100|[from] Sandstorm
|upkeep
|turn|22
|
|t:|1769373112
|move|p2a: Arthur|U-turn|p1a: Pecharunt
|-resisted|p1a: Pecharunt
|-damage|p1a: Pecharunt|39/100
|
|t:|1769373115
|switch|p2a: Señor Gatito|Meowscarada, M|66/100|[from] U-turn
|move|p1a: Pecharunt|Malignant Chain|p2a: Señor Gatito
|-supereffective|p2a: Señor Gatito
|-damage|p2a: Señor Gatito|0 fnt
|faint|p2a: Señor Gatito
|
|-weather|Sandstorm|[upkeep]
|-damage|p1a: Pecharunt|33/100|[from] Sandstorm
|upkeep
|
|t:|1769373126
|switch|p2a: Hollow Knight III|Iron Moth|100/100
|-enditem|p2a: Hollow Knight III|Booster Energy
|-activate|p2a: Hollow Knight III|ability: Quark Drive|[fromitem]
|-start|p2a: Hollow Knight III|quarkdrivespe
|turn|23
|
|t:|1769373132
|move|p2a: Hollow Knight III|Fiery Dance|p1a: Pecharunt
|-damage|p1a: Pecharunt|0 fnt
|-boost|p2a: Hollow Knight III|spa|1
|faint|p1a: Pecharunt
|
|-weather|none
|upkeep
|
|t:|1769373135
|switch|p1a: Zamazenta|Zamazenta|100/100
|-ability|p1a: Zamazenta|Dauntless Shield|boost
|-boost|p1a: Zamazenta|def|1
|turn|24
|
|t:|1769373144
|move|p2a: Hollow Knight III|Substitute|p2a: Hollow Knight III
|-start|p2a: Hollow Knight III|Substitute
|-damage|p2a: Hollow Knight III|76/100
|move|p1a: Zamazenta|Stone Edge|p2a: Hollow Knight III
|-supereffective|p2a: Hollow Knight III
|-end|p2a: Hollow Knight III|Substitute
|
|upkeep
|turn|25
|
|t:|1769373152
|-terastallize|p2a: Hollow Knight III|Fairy
|move|p2a: Hollow Knight III|Dazzling Gleam|p1a: Zamazenta
|-supereffective|p1a: Zamazenta
|-damage|p1a: Zamazenta|0 fnt
|faint|p1a: Zamazenta
|
|upkeep
|-message|Ryan Cowtinho forfeited.
|
|win|Vandosaurus
|raw|Ryan Cowtinho's rating: 1612 &rarr; <strong>1593</strong><br />(-19 for losing)
|raw|Vandosaurus's rating: 1622 &rarr; <strong>1641</strong><br />(+19 for winning)
|l|☆Ryan Cowtinho
|player|p1|
|l|☆Vandosaurus
|player|p2|
