|j|☆charizardfirex1
|j|☆Duaii
|t:|1769318944
|gametype|singles
|player|p1|charizardfirex1|102|1054
|player|p2|Duaii|lady|1101
|gen|9
|tier|[Gen 9] OU
|rated|
|rule|HP Percentage Mod: HP is shown in percentages
|rule|Endless Battle Clause: Forcing endless battles is banned
|rule|Species Clause: Limit one of each Pokémon
|rule|OHKO Clause: OHKO moves are banned
|rule|Evasion Items Clause: Evasion items are banned
|rule|Evasion Moves Clause: Evasion moves are banned
|rule|Evasion Abilities Clause: Evasion abilities are banned
|rule|Sleep Moves Clause: Sleep-inducing moves are banned
|clearpoke
|poke|p1|Charizard, M|
|poke|p1|Pelipper, F|
|poke|p1|Empoleon, M|
|poke|p1|Luvdisc, F|
|poke|p1|Virizion|
|poke|p1|Cryogonal|
|poke|p2|Meowscarada, F|
|poke|p2|Chandelure, M|
|poke|p2|Great Tusk|
|poke|p2|Primarina, F|
|poke|p2|Corviknight, M|
|poke|p2|Slowking-Galar, F|
|teampreview
|
|t:|1769318962
|teamsize|p1|6
|teamsize|p2|6
|start
|switch|p1a: SWV|Pelipper, F|100/100
|switch|p2a: Meowscarada|Meowscarada, F, shiny|100/100
|-weather|RainDance|[from] ability: Drizzle|[of] p1a: SWV
|turn|1
|
|t:|1769318972
|move|p2a: Meowscarada|Thunder Punch|p1a: SWV
|-start|p2a: Meowscarada|typechange|Electric|[from] ability: Protean
|-supereffective|p1a: SWV
|-damage|p1a: SWV|0 fnt
|faint|p1a: SWV
|
|-weather|RainDance|[upkeep]
|upkeep
|
|t:|1769318983
|switch|p1a: Virizion|Virizion|100/100
|turn|2
|
|t:|1769318991
|switch|p2a: Chandelure|Chandelure, M|100/100
|move|p1a: Virizion|Swords Dance|p1a: Virizion
|-boost|p1a: Virizion|atk|2
|
|-weather|RainDance|[upkeep]
|upkeep
|turn|3
|
|t:|1769319004
|move|p2a: Chandelure|Trick|p1a: Virizion
|-activate|p2a: Chandelure|move: Trick|[of] p1a: Virizion
|-item|p1a: Virizion|Choice Scarf|[from] move: Trick
|-item|p2a: Chandelure|Lum Berry|[from] move: Trick
|move|p1a: Virizion|Stone Edge|p2a: Chandelure
|-supereffective|p2a: Chandelure
|-damage|p2a: Chandelure|0 fnt
|faint|p2a: Chandelure
|
|-weather|RainDance|[upkeep]
|upkeep
|
|t:|1769319023
|switch|p2a: Corviknight|Corviknight, M, shiny|100/100
|-ability|p2a: Corviknight|Pressure
|turn|4
|
|t:|1769319031
|move|p1a: Virizion|Stone Edge|p2a: Corviknight
|-damage|p2a: Corviknight|70/100
|move|p2a: Corviknight|Brave Bird|p1a: Virizion
|-supereffective|p1a: Virizion
|-damage|p1a: Virizion|0 fnt
|faint|p1a: Virizion
|-damage|p2a: Corviknight|44/100|[from] Recoil
|
|-weather|RainDance|[upkeep]
|upkeep
|
|t:|1769319040
|switch|p1a: Aquazard|Charizard, M, shiny|100/100
|turn|5
|
|t:|1769319045
|-terastallize|p1a: Aquazard|Water
|move|p1a: Aquazard|Weather Ball|p2a: Corviknight
|-damage|p2a: Corviknight|0 fnt
|faint|p2a: Corviknight
|-damage|p1a: Aquazard|91/100|[from] item: Life Orb
|
|-weather|RainDance|[upkeep]
|upkeep
|
|t:|1769319055
|switch|p2a: Meowscarada|Meowscarada, F, shiny|100/100
|turn|6
|
|t:|1769319062
|move|p2a: Meowscarada|Thunder Punch|p1a: Aquazard
|-start|p2a: Meowscarada|typechange|Electric|[from] ability: Protean
|-supereffective|p1a: Aquazard
|-damage|p1a: Aquazard|0 fnt
|faint|p1a: Aquazard
|
|-weather|RainDance|[upkeep]
|upkeep
|
|t:|1769319073
|switch|p1a: 15 Luv|Luvdisc, F, shiny|100/100
|turn|7
|
|t:|1769319078
|switch|p1a: Cryogonal|Cryogonal|100/100
|move|p2a: Meowscarada|Thunder Punch|p1a: Cryogonal
|-damage|p1a: Cryogonal|16/100
|
|-weather|RainDance|[upkeep]
|upkeep
|turn|8
|
|t:|1769319086
|move|p2a: Meowscarada|Thunder Punch|p1a: Cryogonal
|-damage|p1a: Cryogonal|0 fnt
|faint|p1a: Cryogonal
|
|-weather|none
|upkeep
|
|t:|1769319088
|switch|p1a: Mambo|Empoleon, M|100/100
|turn|9
|
|t:|1769319092
|move|p2a: Meowscarada|Thunder Punch|p1a: Mambo
|-supereffective|p1a: Mambo
|-damage|p1a: Mambo|0 fnt
|faint|p1a: Mambo
|
|upkeep
|
|t:|1769319095
|switch|p1a: 15 Luv|Luvdisc, F, shiny|100/100
|turn|10
|
|t:|1769319099
|move|p2a: Meowscarada|Thunder Punch|p1a: 15 Luv
|-supereffective|p1a: 15 Luv
|-damage|p1a: 15 Luv|0 fnt
|faint|p1a: 15 Luv
|
|win|Duaii
|raw|charizardfirex1's rating: 1054 &rarr; <strong>1038</strong><br />(-16 for losing)
|raw|Duaii's rating: 1101 &rarr; <strong>1123</strong><br />(+22 for winning)
