|j|☆ryuzomishima
|j|☆RomK20
|t:|1769363427
|gametype|singles
|player|p1|ryuzomishima|dawn-gen4pt|1061
|player|p2|RomK20|benga|1052
|gen|9
|tier|[Gen 9] OU
|rated|
|rule|HP Percentage Mod: HP is shown in percentages
|rule|Endless Battle Clause: Forcing endless battles is banned
|rule|Species Clause: Limit one of each Pokémon
|rule|OHKO Clause: OHKO moves are banned
|rule|Evasion Items Clause: Evasion items are banned
|rule|Evasion Moves Clause: Evasion moves are banned
|rule|Evasion Abilities Clause: Evasion abilities are banned
|rule|Sleep Moves Clause: Sleep-inducing moves are banned
|clearpoke
|poke|p1|Jolteon, M|
|poke|p1|Blaziken, F|
|poke|p1|Dragapult, F|
|poke|p1|Empoleon, F|
|poke|p1|Cramorant, M|
|poke|p1|Oinkologne-F, F|
|poke|p2|Great Tusk|
|poke|p2|Kingambit, M|
|poke|p2|Iron Moth|
|poke|p2|Quagsire, M|
|poke|p2|Gliscor, M|
|poke|p2|Dragonite, M|
|teampreview
|
|t:|1769363431
|teamsize|p1|6
|teamsize|p2|6
|start
|switch|p1a: Dragapult|Dragapult, F|100/100
|switch|p2a: Great Tusk|Great Tusk, shiny|100/100
|turn|1
|
|t:|1769363437
|move|p1a: Dragapult|Reflect|p1a: Dragapult
|-sidestart|p1: ryuzomishima|Reflect
|move|p2a: Great Tusk|Stealth Rock|p1a: Dragapult
|-sidestart|p1: ryuzomishima|move: Stealth Rock
|
|upkeep
|turn|2
|
|t:|1769363448
|-end|p2a: Great Tusk|Protosynthesis|[silent]
|switch|p2a: Gliscor|Gliscor, M, shiny|100/100
|move|p1a: Dragapult|Light Screen|p1a: Dragapult
|-sidestart|p1: ryuzomishima|move: Light Screen
|
|-status|p2a: Gliscor|tox|[from] item: Toxic Orb
|upkeep
|turn|3
|inactive|Battle timer is ON: inactive players will automatically lose when time's up. (requested by RomK20)
|inactive|ryuzomishima has 120 seconds left.
|
|t:|1769363529
|switch|p1a: Cramorant|Cramorant, M|100/100
|-damage|p1a: Cramorant|76/100|[from] Stealth Rock
|move|p2a: Gliscor|Toxic Spikes|p1a: Cramorant
|-sidestart|p1: ryuzomishima|move: Toxic Spikes
|
|upkeep
|turn|4
|
|t:|1769363546
|move|p1a: Cramorant|Surf|p2a: Gliscor
|-formechange|p1a: Cramorant|Cramorant-Gulping|
|-supereffective|p2a: Gliscor
|-damage|p2a: Gliscor|0 fnt
|faint|p2a: Gliscor
|
|upkeep
|
|t:|1769363554
|switch|p2a: Iron Moth|Iron Moth, shiny|100/100
|turn|5
|inactive|ryuzomishima has 120 seconds left.
|
|t:|1769363586
|switch|p1a: Jolteon|Jolteon, M|100/100
|-damage|p1a: Jolteon|88/100|[from] Stealth Rock
|-status|p1a: Jolteon|psn
|move|p2a: Iron Moth|Energy Ball|p1a: Jolteon
|-damage|p1a: Jolteon|69/100 psn
|
|-damage|p1a: Jolteon|57/100 psn|[from] psn
|upkeep
|turn|6
|inactive|ryuzomishima has 120 seconds left.
|
|t:|1769363607
|-end|p2a: Iron Moth|Quark Drive|[silent]
|switch|p2a: Quagsire|Quagsire, M, shiny|100/100
|-terastallize|p1a: Jolteon|Electric
|move|p1a: Jolteon|Thunder|p2a: Quagsire
|-immune|p2a: Quagsire
|
|-damage|p1a: Jolteon|45/100 psn|[from] psn
|upkeep
|turn|7
|
|t:|1769363619
|move|p1a: Jolteon|Calm Mind|p1a: Jolteon
|-boost|p1a: Jolteon|spa|1
|-boost|p1a: Jolteon|spd|1
|move|p2a: Quagsire|Spikes|p1a: Jolteon
|-sidestart|p1: ryuzomishima|Spikes
|
|-damage|p1a: Jolteon|33/100 psn|[from] psn
|upkeep
|turn|8
|
|t:|1769363627
|move|p1a: Jolteon|Alluring Voice|p2a: Quagsire
|-damage|p2a: Quagsire|59/100
|move|p2a: Quagsire|Spikes|p1a: Jolteon
|-sidestart|p1: ryuzomishima|Spikes
|
|-heal|p2a: Quagsire|65/100|[from] item: Leftovers
|-damage|p1a: Jolteon|20/100 psn|[from] psn
|-sideend|p1: ryuzomishima|Reflect
|upkeep
|turn|9
|inactive|ryuzomishima has 120 seconds left.
|
|t:|1769363639
|move|p1a: Jolteon|Alluring Voice|p2a: Quagsire
|-damage|p2a: Quagsire|20/100
|move|p2a: Quagsire|Recover|p2a: Quagsire
|-heal|p2a: Quagsire|70/100
|
|-heal|p2a: Quagsire|76/100|[from] item: Leftovers
|-damage|p1a: Jolteon|8/100 psn|[from] psn
|-sideend|p1: ryuzomishima|move: Light Screen
|upkeep
|turn|10
|inactive|ryuzomishima has 120 seconds left.
|
|t:|1769363656
|move|p1a: Jolteon|Alluring Voice|p2a: Quagsire
|-damage|p2a: Quagsire|35/100
|move|p2a: Quagsire|Recover|p2a: Quagsire
|-heal|p2a: Quagsire|85/100
|
|-heal|p2a: Quagsire|91/100|[from] item: Leftovers
|-damage|p1a: Jolteon|0 fnt|[from] psn
|faint|p1a: Jolteon
|upkeep
|
|t:|1769363674
|switch|p1a: Dragapult|Dragapult, F|100/100
|-damage|p1a: Dragapult|88/100|[from] Stealth Rock
|-status|p1a: Dragapult|psn
|-damage|p1a: Dragapult|72/100 psn|[from] Spikes
|turn|11
|
|t:|1769363686
|move|p1a: Dragapult|Dragon Dance|p1a: Dragapult
|-boost|p1a: Dragapult|atk|1
|-boost|p1a: Dragapult|spe|1
|move|p2a: Quagsire|Spikes|p1a: Dragapult
|-sidestart|p1: ryuzomishima|Spikes
|
|-heal|p2a: Quagsire|97/100|[from] item: Leftovers
|-damage|p1a: Dragapult|59/100 psn|[from] psn
|upkeep
|turn|12
|
|t:|1769363696
|move|p1a: Dragapult|Reflect|p1a: Dragapult
|-sidestart|p1: ryuzomishima|Reflect
|move|p2a: Quagsire|Spikes||[still]
|-fail|p2a: Quagsire
|
|-heal|p2a: Quagsire|100/100|[from] item: Leftovers
|-damage|p1a: Dragapult|47/100 psn|[from] psn
|upkeep
|turn|13
|
|t:|1769363704
|move|p1a: Dragapult|Dragon Darts|p2a: Quagsire
|-damage|p2a: Quagsire|72/100
|-anim|p1a: Dragapult|Dragon Darts|p2a: Quagsire
|-damage|p2a: Quagsire|41/100
|move|p2a: Quagsire|Counter|p1a: Dragapult
|-immune|p1a: Dragapult
|
|-heal|p2a: Quagsire|47/100|[from] item: Leftovers
|-damage|p1a: Dragapult|35/100 psn|[from] psn
|upkeep
|turn|14
|inactive|ryuzomishima has 120 seconds left.
|
|t:|1769363715
|move|p1a: Dragapult|Dragon Darts|p2a: Quagsire
|-damage|p2a: Quagsire|18/100
|-anim|p1a: Dragapult|Dragon Darts|p2a: Quagsire
|-damage|p2a: Quagsire|0 fnt
|faint|p2a: Quagsire
|
|-damage|p1a: Dragapult|23/100 psn|[from] psn
|upkeep
|
|t:|1769363728
|switch|p2a: Iron Moth|Iron Moth, shiny|100/100
|turn|15
|
|t:|1769363733
|move|p1a: Dragapult|Light Screen|p1a: Dragapult
|-sidestart|p1: ryuzomishima|move: Light Screen
|move|p2a: Iron Moth|Electric Terrain|p2a: Iron Moth
|-fieldstart|move: Electric Terrain
|-activate|p2a: Iron Moth|ability: Quark Drive
|-start|p2a: Iron Moth|quarkdrivespa
|
|-damage|p1a: Dragapult|10/100 psn|[from] psn
|upkeep
|turn|16
|
|t:|1769363741
|move|p1a: Dragapult|Dragon Darts|p2a: Iron Moth
|-damage|p2a: Iron Moth|25/100
|-anim|p1a: Dragapult|Dragon Darts|p2a: Iron Moth
|-damage|p2a: Iron Moth|0 fnt
|faint|p2a: Iron Moth
|-end|p2a: Iron Moth|Quark Drive|[silent]
|
|-damage|p1a: Dragapult|0 fnt|[from] psn
|faint|p1a: Dragapult
|upkeep
|
|t:|1769363756
|switch|p2a: Dragonite|Dragonite, M, shiny|100/100
|switch|p1a: Blaziken|Blaziken, F|100/100
|-damage|p1a: Blaziken|88/100|[from] Stealth Rock
|-status|p1a: Blaziken|psn
|-damage|p1a: Blaziken|63/100 psn|[from] Spikes
|turn|17
|
|t:|1769363772
|switch|p1a: Cramorant|Cramorant, M|76/100
|-damage|p1a: Cramorant|51/100|[from] Stealth Rock
|move|p2a: Dragonite|Dragon Dance|p2a: Dragonite
|-boost|p2a: Dragonite|atk|1
|-boost|p2a: Dragonite|spe|1
|
|upkeep
|turn|18
|
|t:|1769363781
|move|p2a: Dragonite|Extreme Speed|p1a: Cramorant
|-damage|p1a: Cramorant|5/100
|move|p1a: Cramorant|Blizzard|p2a: Dragonite
|-supereffective|p2a: Dragonite
|-damage|p2a: Dragonite|17/100
|
|upkeep
|turn|19
|
|t:|1769363797
|move|p2a: Dragonite|Extreme Speed|p1a: Cramorant
|-damage|p1a: Cramorant|0 fnt
|faint|p1a: Cramorant
|
|-sideend|p1: ryuzomishima|Reflect
|-fieldend|move: Electric Terrain
|upkeep
|
|t:|1769363804
|switch|p1a: Blaziken|Blaziken, F|63/100 psn
|-damage|p1a: Blaziken|51/100 psn|[from] Stealth Rock
|-damage|p1a: Blaziken|26/100 psn|[from] Spikes
|turn|20
|
|t:|1769363812
|move|p2a: Dragonite|Extreme Speed|p1a: Blaziken
|-damage|p1a: Blaziken|0 fnt
|faint|p1a: Blaziken
|
|upkeep
|
|t:|1769363818
|switch|p1a: Oinkologne|Oinkologne-F, F|100/100
|-damage|p1a: Oinkologne|88/100|[from] Stealth Rock
|-status|p1a: Oinkologne|psn
|-damage|p1a: Oinkologne|63/100 psn|[from] Spikes
|turn|21
|
|t:|1769363826
|move|p2a: Dragonite|Extreme Speed|p1a: Oinkologne
|-damage|p1a: Oinkologne|12/100 psn
|move|p1a: Oinkologne|Play Rough|p2a: Dragonite
|-supereffective|p2a: Dragonite
|-damage|p2a: Dragonite|0 fnt
|faint|p2a: Dragonite
|
|-heal|p1a: Oinkologne|19/100 psn|[from] item: Leftovers
|-damage|p1a: Oinkologne|6/100 psn|[from] psn
|upkeep
|
|t:|1769363836
|switch|p2a: Great Tusk|Great Tusk, shiny|100/100
|turn|22
|
|t:|1769363845
|move|p2a: Great Tusk|Earthquake|p1a: Oinkologne
|-damage|p1a: Oinkologne|0 fnt
|faint|p1a: Oinkologne
|
|-sideend|p1: ryuzomishima|move: Light Screen
|upkeep
|
|t:|1769363851
|switch|p1a: Empoleon|Empoleon, F|100/100
|-damage|p1a: Empoleon|94/100|[from] Stealth Rock
|-damage|p1a: Empoleon|69/100|[from] Spikes
|turn|23
|
|t:|1769363860
|move|p2a: Great Tusk|Ice Spinner|p1a: Empoleon
|-resisted|p1a: Empoleon
|-damage|p1a: Empoleon|62/100
|move|p1a: Empoleon|Hydro Pump|p2a: Great Tusk
|-supereffective|p2a: Great Tusk
|-damage|p2a: Great Tusk|0 fnt
|faint|p2a: Great Tusk
|-end|p2a: Great Tusk|Protosynthesis|[silent]
|
|upkeep
|
|t:|1769363867
|switch|p2a: Kingambit|Kingambit, M, shiny|100/100
|-activate|p2a: Kingambit|ability: Supreme Overlord
|-start|p2a: Kingambit|fallen5|[silent]
|turn|24
|
|t:|1769363872
|move|p1a: Empoleon|Hydro Pump|p2a: Kingambit
|-damage|p2a: Kingambit|21/100
|move|p2a: Kingambit|Swords Dance|p2a: Kingambit
|-boost|p2a: Kingambit|atk|2
|
|-heal|p2a: Kingambit|27/100|[from] item: Leftovers
|upkeep
|turn|25
|
|t:|1769363881
|-terastallize|p2a: Kingambit|Dark
|move|p2a: Kingambit|Sucker Punch|p1a: Empoleon
|-damage|p1a: Empoleon|0 fnt
|faint|p1a: Empoleon
|
|win|RomK20
|raw|ryuzomishima's rating: 1061 &rarr; <strong>1041</strong><br />(-20 for losing)
|raw|RomK20's rating: 1052 &rarr; <strong>1085</strong><br />(+33 for winning)
|l|☆RomK20
|player|p2|
|l|☆ryuzomishima
|player|p1|
