|j|☆Maxcolor
|j|☆Adieie
|t:|1769350237
|gametype|singles
|player|p1|Maxcolor|ghetsis|1358
|player|p2|Adieie|ingo|1362
|gen|9
|tier|[Gen 9] OU
|rated|
|rule|HP Percentage Mod: HP is shown in percentages
|rule|Endless Battle Clause: Forcing endless battles is banned
|rule|Species Clause: Limit one of each Pokémon
|rule|OHKO Clause: OHKO moves are banned
|rule|Evasion Items Clause: Evasion items are banned
|rule|Evasion Moves Clause: Evasion moves are banned
|rule|Evasion Abilities Clause: Evasion abilities are banned
|rule|Sleep Moves Clause: Sleep-inducing moves are banned
|clearpoke
|poke|p1|Mimikyu, M|
|poke|p1|Lokix, F|
|poke|p1|Noivern, M|
|poke|p1|Vileplume, F|
|poke|p1|Iron Crown|
|poke|p1|Zamazenta-*|
|poke|p2|Primarina, M|
|poke|p2|Raging Bolt|
|poke|p2|Gholdengo|
|poke|p2|Great Tusk|
|poke|p2|Moltres|
|poke|p2|Ogerpon-Wellspring, F|
|teampreview
|inactive|Battle timer is ON: inactive players will automatically lose when time's up. (requested by Maxcolor)
|
|t:|1769350245
|teamsize|p1|6
|teamsize|p2|6
|start
|switch|p1a: Lokix|Lokix, F|100/100
|switch|p2a: Ogerpon|Ogerpon-Wellspring, F|100/100
|turn|1
|
|t:|1769350248
|switch|p2a: Moltres|Moltres|100/100
|move|p1a: Lokix|U-turn|p2a: Moltres
|-resisted|p2a: Moltres
|-damage|p2a: Moltres|87/100
|
|t:|1769350258
|switch|p1a: Noivern|Noivern, M|100/100|[from] U-turn
|
|upkeep
|turn|2
|
|t:|1769350263
|move|p1a: Noivern|Draco Meteor|p2a: Moltres
|-damage|p2a: Moltres|21/100
|-unboost|p1a: Noivern|spa|2
|move|p2a: Moltres|U-turn|p1a: Noivern
|-resisted|p1a: Noivern
|-damage|p1a: Noivern|90/100
|
|t:|1769350269
|switch|p2a: Primarina|Primarina, M|100/100|[from] U-turn
|
|upkeep
|turn|3
|
|t:|1769350273
|switch|p1a: Vileplume|Vileplume, F|100/100
|move|p2a: Primarina|Whirlpool|p1a: Vileplume
|-resisted|p1a: Vileplume
|-damage|p1a: Vileplume|93/100
|-activate|p1a: Vileplume|move: Whirlpool|[of] p2a: Primarina
|
|-damage|p1a: Vileplume|81/100|[from] move: Whirlpool|[partiallytrapped]
|upkeep
|turn|4
|
|t:|1769350282
|switch|p2a: Moltres|Moltres|21/100
|move|p1a: Vileplume|Giga Drain|p2a: Moltres
|-resisted|p2a: Moltres
|-damage|p2a: Moltres|14/100
|-heal|p1a: Vileplume|86/100|[from] drain|[of] p2a: Moltres
|
|-end|p1a: Vileplume|Whirlpool|[partiallytrapped]|[silent]
|upkeep
|turn|5
|
|t:|1769350292
|move|p2a: Moltres|Roost|p2a: Moltres
|-heal|p2a: Moltres|64/100
|-singleturn|p2a: Moltres|move: Roost
|move|p1a: Vileplume|Leech Seed|p2a: Moltres
|-start|p2a: Moltres|move: Leech Seed
|
|-damage|p2a: Moltres|51/100|[from] Leech Seed|[of] p1a: Vileplume
|-heal|p1a: Vileplume|100/100|[silent]
|upkeep
|turn|6
|
|t:|1769350298
|switch|p1a: Zamazenta|Zamazenta|100/100
|-ability|p1a: Zamazenta|Dauntless Shield|boost
|-boost|p1a: Zamazenta|def|1
|move|p2a: Moltres|Roost|p2a: Moltres
|-heal|p2a: Moltres|100/100
|-singleturn|p2a: Moltres|move: Roost
|
|-damage|p2a: Moltres|88/100|[from] Leech Seed|[of] p1a: Zamazenta
|upkeep
|turn|7
|
|t:|1769350304
|move|p1a: Zamazenta|Substitute|p1a: Zamazenta
|-start|p1a: Zamazenta|Substitute
|-damage|p1a: Zamazenta|76/100
|move|p2a: Moltres|Roar|p1a: Zamazenta
|drag|p1a: Lokix|Lokix, F|100/100
|
|-damage|p2a: Moltres|76/100|[from] Leech Seed|[of] p1a: Lokix
|upkeep
|turn|8
|
|t:|1769350314
|switch|p2a: Primarina|Primarina, M|100/100
|move|p1a: Lokix|U-turn|p2a: Primarina
|-resisted|p2a: Primarina
|-damage|p2a: Primarina|67/100
|
|t:|1769350318
|switch|p1a: Vileplume|Vileplume, F|100/100|[from] U-turn
|
|-heal|p2a: Primarina|73/100|[from] item: Leftovers
|upkeep
|turn|9
|
|t:|1769350327
|switch|p2a: Ogerpon|Ogerpon-Wellspring, F|100/100
|move|p1a: Vileplume|Leech Seed|p2a: Ogerpon
|-immune|p2a: Ogerpon
|
|upkeep
|turn|10
|
|t:|1769350331
|move|p2a: Ogerpon|Knock Off|p1a: Vileplume
|-damage|p1a: Vileplume|63/100
|-damage|p2a: Ogerpon|84/100|[from] item: Rocky Helmet|[of] p1a: Vileplume
|-enditem|p1a: Vileplume|Rocky Helmet|[from] move: Knock Off|[of] p2a: Ogerpon
|move|p1a: Vileplume|Giga Drain|p2a: Ogerpon
|-damage|p2a: Ogerpon|52/100
|-heal|p1a: Vileplume|80/100|[from] drain|[of] p2a: Ogerpon
|
|upkeep
|turn|11
|
|t:|1769350340
|move|p2a: Ogerpon|Spikes|p1a: Vileplume
|-sidestart|p1: Maxcolor|Spikes
|move|p1a: Vileplume|Giga Drain|p2a: Ogerpon
|-damage|p2a: Ogerpon|16/100
|-heal|p1a: Vileplume|98/100|[from] drain|[of] p2a: Ogerpon
|
|upkeep
|turn|12
|
|t:|1769350344
|move|p2a: Ogerpon|U-turn|p1a: Vileplume
|-damage|p1a: Vileplume|71/100
|
|t:|1769350348
|switch|p2a: Moltres|Moltres|76/100|[from] U-turn
|move|p1a: Vileplume|Giga Drain|p2a: Moltres
|-resisted|p2a: Moltres
|-crit|p2a: Moltres
|-damage|p2a: Moltres|66/100
|-heal|p1a: Vileplume|78/100|[from] drain|[of] p2a: Moltres
|
|upkeep
|turn|13
|
|t:|1769350357
|switch|p1a: Noivern|Noivern, M|90/100
|move|p2a: Moltres|Flamethrower|p1a: Noivern
|-resisted|p1a: Noivern
|-damage|p1a: Noivern|66/100
|
|upkeep
|turn|14
|
|t:|1769350362
|switch|p2a: Primarina|Primarina, M|73/100
|move|p1a: Noivern|Defog|p2a: Primarina
|-unboost|p2a: Primarina|evasion|1
|-sideend|p1: Maxcolor|Spikes|[from] move: Defog|[of] p1a: Noivern
|
|-heal|p2a: Primarina|79/100|[from] item: Leftovers
|upkeep
|turn|15
|
|t:|1769350371
|switch|p1a: Vileplume|Vileplume, F|78/100
|move|p2a: Primarina|Whirlpool|p1a: Vileplume
|-resisted|p1a: Vileplume
|-damage|p1a: Vileplume|71/100
|-activate|p1a: Vileplume|move: Whirlpool|[of] p2a: Primarina
|
|-heal|p2a: Primarina|85/100|[from] item: Leftovers
|-damage|p1a: Vileplume|59/100|[from] move: Whirlpool|[partiallytrapped]
|upkeep
|turn|16
|
|t:|1769350376
|move|p2a: Primarina|Calm Mind|p2a: Primarina
|-boost|p2a: Primarina|spa|1
|-boost|p2a: Primarina|spd|1
|move|p1a: Vileplume|Strength Sap|p2a: Primarina
|-unboost|p2a: Primarina|atk|1
|-heal|p1a: Vileplume|100/100
|
|-heal|p2a: Primarina|91/100|[from] item: Leftovers
|-damage|p1a: Vileplume|88/100|[from] move: Whirlpool|[partiallytrapped]
|upkeep
|turn|17
|
|t:|1769350379
|move|p2a: Primarina|Calm Mind|p2a: Primarina
|-boost|p2a: Primarina|spa|1
|-boost|p2a: Primarina|spd|1
|move|p1a: Vileplume|Leech Seed|p2a: Primarina
|-start|p2a: Primarina|move: Leech Seed
|
|-heal|p2a: Primarina|97/100|[from] item: Leftovers
|-damage|p2a: Primarina|85/100|[from] Leech Seed|[of] p1a: Vileplume
|-heal|p1a: Vileplume|100/100|[silent]
|-damage|p1a: Vileplume|88/100|[from] move: Whirlpool|[partiallytrapped]
|upkeep
|turn|18
|
|t:|1769350383
|move|p2a: Primarina|Psychic Noise|p1a: Vileplume
|-resisted|p1a: Vileplume
|-damage|p1a: Vileplume|57/100
|-start|p1a: Vileplume|move: Heal Block
|cant|p1a: Vileplume|move: Heal Block|Giga Drain
|
|-heal|p2a: Primarina|91/100|[from] item: Leftovers
|-damage|p2a: Primarina|79/100|[from] Leech Seed|[of] p1a: Vileplume
|-damage|p1a: Vileplume|45/100|[from] move: Whirlpool|[partiallytrapped]
|upkeep
|turn|19
|
|t:|1769350394
|move|p2a: Primarina|Psychic Noise|p1a: Vileplume
|-resisted|p1a: Vileplume
|-damage|p1a: Vileplume|12/100
|move|p1a: Vileplume|Moonblast|p2a: Primarina
|-damage|p2a: Primarina|69/100
|
|-heal|p2a: Primarina|75/100|[from] item: Leftovers
|-damage|p2a: Primarina|63/100|[from] Leech Seed|[of] p1a: Vileplume
|-end|p1a: Vileplume|Whirlpool|[partiallytrapped]
|-end|p1a: Vileplume|move: Heal Block
|upkeep
|turn|20
|
|t:|1769350413
|switch|p1a: Iron Crown|Iron Crown|100/100
|-enditem|p1a: Iron Crown|Booster Energy
|-activate|p1a: Iron Crown|ability: Quark Drive|[fromitem]
|-start|p1a: Iron Crown|quarkdrivespe
|move|p2a: Primarina|Draining Kiss|p1a: Iron Crown
|-resisted|p1a: Iron Crown
|-damage|p1a: Iron Crown|81/100
|-heal|p2a: Primarina|75/100|[from] drain|[of] p1a: Iron Crown
|
|-heal|p2a: Primarina|82/100|[from] item: Leftovers
|-damage|p2a: Primarina|69/100|[from] Leech Seed|[of] p1a: Iron Crown
|-heal|p1a: Iron Crown|95/100|[silent]
|upkeep
|turn|21
|
|t:|1769350419
|move|p1a: Iron Crown|Calm Mind|p1a: Iron Crown
|-boost|p1a: Iron Crown|spa|1
|-boost|p1a: Iron Crown|spd|1
|move|p2a: Primarina|Whirlpool|p1a: Iron Crown
|-crit|p1a: Iron Crown
|-damage|p1a: Iron Crown|53/100
|-activate|p1a: Iron Crown|move: Whirlpool|[of] p2a: Primarina
|
|-heal|p2a: Primarina|75/100|[from] item: Leftovers
|-damage|p2a: Primarina|63/100|[from] Leech Seed|[of] p1a: Iron Crown
|-heal|p1a: Iron Crown|67/100|[silent]
|-damage|p1a: Iron Crown|54/100|[from] move: Whirlpool|[partiallytrapped]
|upkeep
|turn|22
|
|t:|1769350426
|move|p1a: Iron Crown|Psyshock|p2a: Primarina
|-damage|p2a: Primarina|21/100
|move|p2a: Primarina|Psychic Noise|p1a: Iron Crown
|-damage|p1a: Iron Crown|15/100
|-start|p1a: Iron Crown|move: Heal Block
|
|-heal|p2a: Primarina|27/100|[from] item: Leftovers
|-damage|p2a: Primarina|14/100|[from] Leech Seed|[of] p1a: Iron Crown
|-damage|p1a: Iron Crown|3/100|[from] move: Whirlpool|[partiallytrapped]
|upkeep
|turn|23
|
|t:|1769350431
|move|p1a: Iron Crown|Psyshock|p2a: Primarina
|-damage|p2a: Primarina|0 fnt
|faint|p2a: Primarina
|
|-end|p1a: Iron Crown|Whirlpool|[partiallytrapped]|[silent]
|-end|p1a: Iron Crown|move: Heal Block
|upkeep
|
|t:|1769350436
|switch|p2a: Raging Bolt|Raging Bolt|100/100
|turn|24
|
|t:|1769350439
|move|p2a: Raging Bolt|Thunderclap|p1a: Iron Crown
|-damage|p1a: Iron Crown|0 fnt
|faint|p1a: Iron Crown
|-end|p1a: Iron Crown|Quark Drive|[silent]
|
|upkeep
|
|t:|1769350445
|switch|p1a: Mimikyu|Mimikyu, M, shiny|100/100
|turn|25
|
|t:|1769350451
|-end|p2a: Raging Bolt|Protosynthesis|[silent]
|switch|p2a: Ogerpon|Ogerpon-Wellspring, F|16/100
|move|p1a: Mimikyu|Play Rough|p2a: Ogerpon|[miss]
|-miss|p1a: Mimikyu|p2a: Ogerpon
|
|upkeep
|turn|26
|
|t:|1769350454
|move|p1a: Mimikyu|Shadow Sneak|p2a: Ogerpon
|-damage|p2a: Ogerpon|0 fnt
|faint|p2a: Ogerpon
|-damage|p1a: Mimikyu|91/100|[from] item: Life Orb
|
|upkeep
|
|t:|1769350462
|switch|p2a: Raging Bolt|Raging Bolt|100/100
|turn|27
|
|t:|1769350472
|move|p1a: Mimikyu|Play Rough|p2a: Raging Bolt
|-supereffective|p2a: Raging Bolt
|-damage|p2a: Raging Bolt|12/100
|-damage|p1a: Mimikyu|81/100|[from] item: Life Orb
|move|p2a: Raging Bolt|Volt Switch|p1a: Mimikyu
|-activate|p1a: Mimikyu|ability: Disguise
|-damage|p1a: Mimikyu|81/100
|detailschange|p1a: Mimikyu|Mimikyu-Busted, M, shiny
|-damage|p1a: Mimikyu|68/100|[from] pokemon: Mimikyu-Busted
|
|t:|1769350478
|-end|p2a: Raging Bolt|Protosynthesis|[silent]
|switch|p2a: Great Tusk|Great Tusk|100/100|[from] Volt Switch
|-enditem|p2a: Great Tusk|Booster Energy
|-activate|p2a: Great Tusk|ability: Protosynthesis|[fromitem]
|-start|p2a: Great Tusk|protosynthesisspe
|
|upkeep
|turn|28
|
|t:|1769350506
|switch|p1a: Noivern|Noivern, M|66/100
|move|p2a: Great Tusk|Headlong Rush|p1a: Noivern
|-immune|p1a: Noivern
|
|upkeep
|turn|29
|
|t:|1769350512
|move|p2a: Great Tusk|Ice Spinner|p1a: Noivern
|-supereffective|p1a: Noivern
|-damage|p1a: Noivern|0 fnt
|faint|p1a: Noivern
|
|upkeep
|
|t:|1769350517
|switch|p1a: Zamazenta|Zamazenta|76/100
|turn|30
|
|t:|1769350521
|move|p2a: Great Tusk|Headlong Rush|p1a: Zamazenta
|-damage|p1a: Zamazenta|34/100
|-unboost|p2a: Great Tusk|def|1
|-unboost|p2a: Great Tusk|spd|1
|move|p1a: Zamazenta|Iron Defense|p1a: Zamazenta
|-boost|p1a: Zamazenta|def|2
|
|-heal|p1a: Zamazenta|40/100|[from] item: Leftovers
|upkeep
|turn|31
|
|t:|1769350527
|move|p2a: Great Tusk|Headlong Rush|p1a: Zamazenta
|-damage|p1a: Zamazenta|19/100
|-unboost|p2a: Great Tusk|def|1
|-unboost|p2a: Great Tusk|spd|1
|move|p1a: Zamazenta|Body Press|p2a: Great Tusk
|-damage|p2a: Great Tusk|19/100
|
|-heal|p1a: Zamazenta|25/100|[from] item: Leftovers
|upkeep
|turn|32
|
|t:|1769350532
|move|p2a: Great Tusk|Headlong Rush|p1a: Zamazenta
|-damage|p1a: Zamazenta|4/100
|-unboost|p2a: Great Tusk|def|1
|-unboost|p2a: Great Tusk|spd|1
|move|p1a: Zamazenta|Body Press|p2a: Great Tusk
|-damage|p2a: Great Tusk|0 fnt
|faint|p2a: Great Tusk
|-end|p2a: Great Tusk|Protosynthesis|[silent]
|
|-heal|p1a: Zamazenta|11/100|[from] item: Leftovers
|upkeep
|
|t:|1769350536
|switch|p2a: Raging Bolt|Raging Bolt|12/100
|turn|33
|
|t:|1769350543
|move|p2a: Raging Bolt|Thunderclap||[still]
|-fail|p2a: Raging Bolt
|move|p1a: Zamazenta|Iron Defense|p1a: Zamazenta
|-boost|p1a: Zamazenta|def|2
|
|-heal|p1a: Zamazenta|17/100|[from] item: Leftovers
|upkeep
|turn|34
|
|t:|1769350550
|-end|p2a: Raging Bolt|Protosynthesis|[silent]
|switch|p2a: Moltres|Moltres|66/100
|move|p1a: Zamazenta|Body Press|p2a: Moltres
|-resisted|p2a: Moltres
|-damage|p2a: Moltres|33/100
|
|-heal|p1a: Zamazenta|23/100|[from] item: Leftovers
|upkeep
|turn|35
|
|t:|1769350560
|move|p1a: Zamazenta|Body Press|p2a: Moltres
|-resisted|p2a: Moltres
|-damage|p2a: Moltres|0 fnt
|-status|p1a: Zamazenta|brn|[from] ability: Flame Body|[of] p2a: Moltres
|faint|p2a: Moltres
|
|-heal|p1a: Zamazenta|29/100 brn|[from] item: Leftovers
|-damage|p1a: Zamazenta|23/100 brn|[from] brn
|upkeep
|
|t:|1769350566
|switch|p2a: Gholdengo|Gholdengo|100/100
|-item|p2a: Gholdengo|Air Balloon
|turn|36
|
|t:|1769350569
|move|p1a: Zamazenta|Crunch|p2a: Gholdengo
|-supereffective|p2a: Gholdengo
|-damage|p2a: Gholdengo|84/100
|-enditem|p2a: Gholdengo|Air Balloon
|move|p2a: Gholdengo|Recover|p2a: Gholdengo
|-heal|p2a: Gholdengo|100/100
|
|-heal|p1a: Zamazenta|29/100 brn|[from] item: Leftovers
|-damage|p1a: Zamazenta|23/100 brn|[from] brn
|upkeep
|turn|37
|
|t:|1769350576
|move|p1a: Zamazenta|Crunch|p2a: Gholdengo
|-supereffective|p2a: Gholdengo
|-damage|p2a: Gholdengo|85/100
|move|p2a: Gholdengo|Hex|p1a: Zamazenta
|-damage|p1a: Zamazenta|0 fnt
|faint|p1a: Zamazenta
|
|upkeep
|
|t:|1769350583
|switch|p1a: Lokix|Lokix, F|100/100
|turn|38
|
|t:|1769350588
|move|p1a: Lokix|Knock Off|p2a: Gholdengo
|-supereffective|p2a: Gholdengo
|-damage|p2a: Gholdengo|35/100
|move|p2a: Gholdengo|Make It Rain|p1a: Lokix
|-damage|p1a: Lokix|0 fnt
|-unboost|p2a: Gholdengo|spa|1
|faint|p1a: Lokix
|
|upkeep
|
|t:|1769350596
|switch|p1a: Mimikyu|Mimikyu-Busted, M, shiny|68/100
|turn|39
|
|t:|1769350601
|-terastallize|p2a: Gholdengo|Fairy
|move|p1a: Mimikyu|Shadow Sneak|p2a: Gholdengo
|-damage|p2a: Gholdengo|20/100
|-damage|p1a: Mimikyu|58/100|[from] item: Life Orb
|move|p2a: Gholdengo|Recover|p2a: Gholdengo
|-heal|p2a: Gholdengo|70/100
|
|upkeep
|turn|40
|
|t:|1769350610
|move|p1a: Mimikyu|Play Rough|p2a: Gholdengo
|-damage|p2a: Gholdengo|33/100
|-damage|p1a: Mimikyu|48/100|[from] item: Life Orb
|move|p2a: Gholdengo|Thunder Wave|p1a: Mimikyu
|-status|p1a: Mimikyu|par
|
|upkeep
|turn|41
|
|t:|1769350618
|move|p2a: Gholdengo|Recover|p2a: Gholdengo
|-heal|p2a: Gholdengo|83/100
|move|p1a: Mimikyu|Swords Dance|p1a: Mimikyu
|-boost|p1a: Mimikyu|atk|2
|
|upkeep
|turn|42
|
|t:|1769350620
|move|p2a: Gholdengo|Hex|p1a: Mimikyu
|-supereffective|p1a: Mimikyu
|-damage|p1a: Mimikyu|0 fnt
|faint|p1a: Mimikyu
|
|upkeep
|
|t:|1769350623
|switch|p1a: Vileplume|Vileplume, F|12/100
|turn|43
|
|t:|1769350626
|move|p2a: Gholdengo|Make It Rain|p1a: Vileplume
|-damage|p1a: Vileplume|0 fnt
|-unboost|p2a: Gholdengo|spa|1
|faint|p1a: Vileplume
|
|win|Adieie
|raw|Maxcolor's rating: 1358 &rarr; <strong>1338</strong><br />(-20 for losing)
|raw|Adieie's rating: 1362 &rarr; <strong>1382</strong><br />(+20 for winning)
|l|☆Maxcolor
|player|p1|
|l|☆Adieie
|player|p2|
