|j|☆Rheinharut35
|j|☆dsppp
|t:|1769428072
|gametype|singles
|player|p1|Rheinharut35|marley|1468
|player|p2|dsppp|266|1492
|gen|9
|tier|[Gen 9] OU
|rated|
|rule|HP Percentage Mod: HP is shown in percentages
|rule|Endless Battle Clause: Forcing endless battles is banned
|rule|Species Clause: Limit one of each Pokémon
|rule|OHKO Clause: OHKO moves are banned
|rule|Evasion Items Clause: Evasion items are banned
|rule|Evasion Moves Clause: Evasion moves are banned
|rule|Evasion Abilities Clause: Evasion abilities are banned
|rule|Sleep Moves Clause: Sleep-inducing moves are banned
|clearpoke
|poke|p1|Torkoal, F|
|poke|p1|Ninetales, M|
|poke|p1|Walking Wake|
|poke|p1|Lilligant-Hisui, F|
|poke|p1|Great Tusk|
|poke|p1|Skeledirge, M|
|poke|p2|Samurott-Hisui, M|
|poke|p2|Pecharunt|
|poke|p2|Ceruledge, M|
|poke|p2|Zamazenta-*|
|poke|p2|Hatterene, F|
|poke|p2|Landorus-Therian, M|
|teampreview
|inactive|Battle timer is ON: inactive players will automatically lose when time's up. (requested by Rheinharut35)
|
|t:|1769428078
|teamsize|p1|6
|teamsize|p2|6
|start
|switch|p1a: Torkoal|Torkoal, F|100/100
|switch|p2a: Samurott|Samurott-Hisui, M|100/100
|-weather|SunnyDay|[from] ability: Drought|[of] p1a: Torkoal
|turn|1
|
|t:|1769428082
|move|p2a: Samurott|Knock Off|p1a: Torkoal
|-damage|p1a: Torkoal|73/100
|-enditem|p1a: Torkoal|Heat Rock|[from] move: Knock Off|[of] p2a: Samurott
|move|p1a: Torkoal|Body Press|p2a: Samurott
|-supereffective|p2a: Samurott
|-damage|p2a: Samurott|30/100
|
|-weather|SunnyDay|[upkeep]
|upkeep
|turn|2
|
|t:|1769428095
|move|p2a: Samurott|Ceaseless Edge|p1a: Torkoal
|-damage|p1a: Torkoal|49/100
|-sidestart|p1: Rheinharut35|Spikes
|move|p1a: Torkoal|Stealth Rock|p2a: Samurott
|-sidestart|p2: dsppp|move: Stealth Rock
|
|-weather|SunnyDay|[upkeep]
|upkeep
|turn|3
|
|t:|1769428104
|move|p2a: Samurott|Ceaseless Edge|p1a: Torkoal|[miss]
|-miss|p2a: Samurott|p1a: Torkoal
|move|p1a: Torkoal|Body Press|p2a: Samurott
|-supereffective|p2a: Samurott
|-damage|p2a: Samurott|0 fnt
|faint|p2a: Samurott
|
|-weather|SunnyDay|[upkeep]
|upkeep
|
|t:|1769428114
|switch|p2a: Landorus|Landorus-Therian, M|100/100
|-damage|p2a: Landorus|88/100|[from] Stealth Rock
|-ability|p2a: Landorus|Intimidate|boost
|-unboost|p1a: Torkoal|atk|1
|turn|4
|
|t:|1769428120
|switch|p1a: Great Tusk|Great Tusk, shiny|100/100
|-damage|p1a: Great Tusk|88/100|[from] Spikes
|-activate|p1a: Great Tusk|ability: Protosynthesis
|-start|p1a: Great Tusk|protosynthesisatk
|move|p2a: Landorus|Earth Power|p1a: Great Tusk
|-damage|p1a: Great Tusk|43/100
|
|-weather|SunnyDay|[upkeep]
|upkeep
|turn|5
|
|t:|1769428140
|move|p2a: Landorus|Earth Power|p1a: Great Tusk
|-damage|p1a: Great Tusk|0 fnt
|faint|p1a: Great Tusk
|-end|p1a: Great Tusk|Protosynthesis|[silent]
|
|-weather|SunnyDay|[upkeep]
|upkeep
|
|t:|1769428151
|switch|p1a: Walking Wake|Walking Wake|100/100
|-damage|p1a: Walking Wake|88/100|[from] Spikes
|-activate|p1a: Walking Wake|ability: Protosynthesis
|-start|p1a: Walking Wake|protosynthesisspa
|turn|6
|
|t:|1769428161
|move|p1a: Walking Wake|Hydro Steam|p2a: Landorus
|-supereffective|p2a: Landorus
|-damage|p2a: Landorus|0 fnt
|faint|p2a: Landorus
|
|-weather|SunnyDay|[upkeep]
|upkeep
|
|t:|1769428171
|switch|p2a: Hatterene|Hatterene, F|100/100
|-damage|p2a: Hatterene|88/100|[from] Stealth Rock
|turn|7
|
|t:|1769428175
|move|p1a: Walking Wake|Hydro Steam|p2a: Hatterene
|-damage|p2a: Hatterene|8/100
|move|p2a: Hatterene|Draining Kiss|p1a: Walking Wake
|-supereffective|p1a: Walking Wake
|-damage|p1a: Walking Wake|31/100
|-heal|p2a: Hatterene|54/100|[from] drain|[of] p1a: Walking Wake
|
|-weather|SunnyDay|[upkeep]
|upkeep
|turn|8
|
|t:|1769428180
|-terastallize|p2a: Hatterene|Water
|move|p1a: Walking Wake|Hydro Steam|p2a: Hatterene
|-resisted|p2a: Hatterene
|-damage|p2a: Hatterene|16/100
|move|p2a: Hatterene|Draining Kiss|p1a: Walking Wake
|-supereffective|p1a: Walking Wake
|-damage|p1a: Walking Wake|0 fnt
|-heal|p2a: Hatterene|40/100|[from] drain|[of] p1a: Walking Wake
|faint|p1a: Walking Wake
|-end|p1a: Walking Wake|Protosynthesis|[silent]
|
|-weather|none
|upkeep
|
|t:|1769428194
|switch|p1a: Lilligant|Lilligant-Hisui, F|100/100
|-damage|p1a: Lilligant|88/100|[from] Spikes
|turn|9
|
|t:|1769428200
|switch|p1a: Ninetales|Ninetales, M, shiny|100/100
|-damage|p1a: Ninetales|88/100|[from] Spikes
|-weather|SunnyDay|[from] ability: Drought|[of] p1a: Ninetales
|move|p2a: Hatterene|Psyshock|p1a: Ninetales
|-damage|p1a: Ninetales|32/100
|
|-weather|SunnyDay|[upkeep]
|upkeep
|turn|10
|
|t:|1769428218
|move|p1a: Ninetales|Overheat|p2a: Hatterene
|-resisted|p2a: Hatterene
|-damage|p2a: Hatterene|24/100
|-unboost|p1a: Ninetales|spa|2
|-enditem|p1a: Ninetales|Eject Pack
|
|t:|1769428226
|switch|p1a: Torkoal|Torkoal, F|49/100
|-damage|p1a: Torkoal|37/100|[from] Spikes
|move|p2a: Hatterene|Psyshock|p1a: Torkoal
|-damage|p1a: Torkoal|11/100
|
|-weather|SunnyDay|[upkeep]
|upkeep
|turn|11
|
|t:|1769428233
|move|p2a: Hatterene|Draining Kiss|p1a: Torkoal
|-resisted|p1a: Torkoal
|-damage|p1a: Torkoal|0 fnt
|-heal|p2a: Hatterene|33/100|[from] drain|[of] p1a: Torkoal
|faint|p1a: Torkoal
|
|-weather|SunnyDay|[upkeep]
|upkeep
|
|t:|1769428237
|switch|p1a: Lilligant|Lilligant-Hisui, F|88/100
|-damage|p1a: Lilligant|76/100|[from] Spikes
|turn|12
|
|t:|1769428242
|move|p1a: Lilligant|Solar Blade||[still]
|-prepare|p1a: Lilligant|Solar Blade
|-anim|p1a: Lilligant|Solar Blade|p2a: Hatterene
|-supereffective|p2a: Hatterene
|-damage|p2a: Hatterene|0 fnt
|faint|p2a: Hatterene
|-damage|p1a: Lilligant|66/100|[from] item: Life Orb
|
|-weather|SunnyDay|[upkeep]
|upkeep
|
|t:|1769428244
|switch|p2a: Zamazenta|Zamazenta|100/100
|-damage|p2a: Zamazenta|95/100|[from] Stealth Rock
|-ability|p2a: Zamazenta|Dauntless Shield|boost
|-boost|p2a: Zamazenta|def|1
|turn|13
|
|t:|1769428250
|move|p1a: Lilligant|Close Combat|p2a: Zamazenta
|-damage|p2a: Zamazenta|51/100
|-unboost|p1a: Lilligant|def|1
|-unboost|p1a: Lilligant|spd|1
|-damage|p1a: Lilligant|56/100|[from] item: Life Orb
|move|p2a: Zamazenta|Close Combat|p1a: Lilligant
|-damage|p1a: Lilligant|0 fnt
|-unboost|p2a: Zamazenta|def|1
|-unboost|p2a: Zamazenta|spd|1
|faint|p1a: Lilligant
|-damage|p2a: Zamazenta|41/100|[from] item: Life Orb
|
|-weather|none
|upkeep
|
|t:|1769428260
|switch|p1a: Ninetales|Ninetales, M, shiny|32/100
|-damage|p1a: Ninetales|20/100|[from] Spikes
|-weather|SunnyDay|[from] ability: Drought|[of] p1a: Ninetales
|turn|14
|
|t:|1769428270
|move|p2a: Zamazenta|Crunch|p1a: Ninetales
|-damage|p1a: Ninetales|0 fnt
|faint|p1a: Ninetales
|-damage|p2a: Zamazenta|31/100|[from] item: Life Orb
|
|-weather|SunnyDay|[upkeep]
|upkeep
|
|t:|1769428273
|switch|p1a: Skeledirge|Skeledirge, M, shiny|100/100
|-damage|p1a: Skeledirge|88/100|[from] Spikes
|turn|15
|
|t:|1769428280
|-terastallize|p1a: Skeledirge|Fire
|move|p2a: Zamazenta|Crunch|p1a: Skeledirge
|-damage|p1a: Skeledirge|57/100
|-damage|p2a: Zamazenta|21/100|[from] item: Life Orb
|move|p1a: Skeledirge|Torch Song|p2a: Zamazenta
|-damage|p2a: Zamazenta|0 fnt
|-boost|p1a: Skeledirge|spa|1
|faint|p2a: Zamazenta
|
|-weather|SunnyDay|[upkeep]
|upkeep
|
|t:|1769428285
|switch|p2a: Pecharunt|Pecharunt|100/100
|turn|16
|
|t:|1769428288
|move|p1a: Skeledirge|Torch Song|p2a: Pecharunt
|-damage|p2a: Pecharunt|0 fnt
|-boost|p1a: Skeledirge|spa|1
|faint|p2a: Pecharunt
|
|-weather|SunnyDay|[upkeep]
|upkeep
|
|t:|1769428290
|switch|p2a: Ceruledge|Ceruledge, M|100/100
|-damage|p2a: Ceruledge|76/100|[from] Stealth Rock
|turn|17
|
|t:|1769428295
|move|p1a: Skeledirge|Torch Song|p2a: Ceruledge
|-resisted|p2a: Ceruledge
|-damage|p2a: Ceruledge|0 fnt
|-boost|p1a: Skeledirge|spa|1
|faint|p2a: Ceruledge
|
|win|Rheinharut35
|raw|Rheinharut35's rating: 1468 &rarr; <strong>1489</strong><br />(+21 for winning)
|raw|dsppp's rating: 1492 &rarr; <strong>1471</strong><br />(-21 for losing)
|l|☆dsppp
|player|p2|
|l|☆Rheinharut35
|player|p1|
