|j|☆lordhuggies
|j|☆el_dakka
|t:|1769350175
|gametype|singles
|player|p1|lordhuggies|n|1338
|player|p2|el_dakka|hilda|1334
|gen|9
|tier|[Gen 9] OU
|rated|
|rule|HP Percentage Mod: HP is shown in percentages
|rule|Endless Battle Clause: Forcing endless battles is banned
|rule|Species Clause: Limit one of each Pokémon
|rule|OHKO Clause: OHKO moves are banned
|rule|Evasion Items Clause: Evasion items are banned
|rule|Evasion Moves Clause: Evasion moves are banned
|rule|Evasion Abilities Clause: Evasion abilities are banned
|rule|Sleep Moves Clause: Sleep-inducing moves are banned
|clearpoke
|poke|p1|Tyranitar, M|
|poke|p1|Gholdengo|
|poke|p1|Zamazenta-*|
|poke|p1|Rillaboom, F|
|poke|p1|Garchomp, F|
|poke|p1|Zapdos|
|poke|p2|Ribombee, F|
|poke|p2|Cinderace, M|
|poke|p2|Serperior, M|
|poke|p2|Mimikyu, M|
|poke|p2|Dragapult, F|
|poke|p2|Bisharp, M|
|teampreview
|
|t:|1769350184
|teamsize|p1|6
|teamsize|p2|6
|start
|switch|p1a: Zapdos|Zapdos|100/100
|switch|p2a: Ribombee|Ribombee, F|100/100
|turn|1
|
|t:|1769350192
|move|p2a: Ribombee|Sticky Web|p1a: Zapdos
|-sidestart|p1: lordhuggies|move: Sticky Web
|move|p1a: Zapdos|Heat Wave|p2a: Ribombee
|-supereffective|p2a: Ribombee
|-enditem|p2a: Ribombee|Focus Sash
|-damage|p2a: Ribombee|1/100
|
|upkeep
|turn|2
|
|t:|1769350200
|move|p2a: Ribombee|Moonblast|p1a: Zapdos
|-damage|p1a: Zapdos|61/100
|move|p1a: Zapdos|Volt Switch|p2a: Ribombee
|-damage|p2a: Ribombee|0 fnt
|faint|p2a: Ribombee
|
|t:|1769350216
|switch|p1a: Gholdengo|Gholdengo|100/100|[from] Volt Switch
|-item|p1a: Gholdengo|Air Balloon
|
|upkeep
|
|t:|1769350221
|switch|p2a: Cinderace|Cinderace, M|100/100
|turn|3
|inactive|Battle timer is ON: inactive players will automatically lose when time's up. (requested by el_dakka)
|inactive|lordhuggies has 120 seconds left.
|
|t:|1769350284
|switch|p1a: Garchomp|Garchomp, F|100/100
|-activate|p1a: Garchomp|move: Sticky Web
|-unboost|p1a: Garchomp|spe|1
|move|p2a: Cinderace|Pyro Ball|p1a: Garchomp
|-resisted|p1a: Garchomp
|-damage|p1a: Garchomp|84/100
|-status|p1a: Garchomp|brn
|
|-damage|p1a: Garchomp|78/100 brn|[from] brn
|upkeep
|turn|4
|
|t:|1769350297
|move|p2a: Cinderace|Court Change|p2a: Cinderace
|-swapsideconditions
|-activate|p2a: Cinderace|move: Court Change
|move|p1a: Garchomp|Stealth Rock|p2a: Cinderace
|-sidestart|p2: el_dakka|move: Stealth Rock
|
|-damage|p1a: Garchomp|72/100 brn|[from] brn
|upkeep
|turn|5
|
|t:|1769350304
|move|p2a: Cinderace|Court Change|p2a: Cinderace
|-swapsideconditions
|-activate|p2a: Cinderace|move: Court Change
|move|p1a: Garchomp|Spikes|p2a: Cinderace
|-sidestart|p2: el_dakka|Spikes
|
|-damage|p1a: Garchomp|65/100 brn|[from] brn
|upkeep
|turn|6
|
|t:|1769350311
|move|p2a: Cinderace|U-turn|p1a: Garchomp
|-damage|p1a: Garchomp|50/100 brn
|-damage|p2a: Cinderace|88/100|[from] ability: Rough Skin|[of] p1a: Garchomp
|-damage|p2a: Cinderace|72/100|[from] item: Rocky Helmet|[of] p1a: Garchomp
|
|t:|1769350316
|switch|p2a: Serperior|Serperior, M|100/100|[from] U-turn
|-damage|p2a: Serperior|88/100|[from] Spikes
|move|p1a: Garchomp|Spikes|p2a: Serperior
|-sidestart|p2: el_dakka|Spikes
|
|-heal|p2a: Serperior|94/100|[from] item: Leftovers
|-damage|p1a: Garchomp|44/100 brn|[from] brn
|upkeep
|turn|7
|
|t:|1769350326
|move|p2a: Serperior|Leaf Storm|p1a: Garchomp
|-damage|p1a: Garchomp|0 fnt
|-boost|p2a: Serperior|spa|2
|faint|p1a: Garchomp
|
|-heal|p2a: Serperior|100/100|[from] item: Leftovers
|upkeep
|
|t:|1769350337
|switch|p1a: Zapdos|Zapdos|61/100
|turn|8
|
|t:|1769350347
|-terastallize|p2a: Serperior|Fire
|move|p2a: Serperior|Tera Blast|p1a: Zapdos|[anim] Tera Blast Fire
|-damage|p1a: Zapdos|0 fnt
|faint|p1a: Zapdos
|
|upkeep
|
|t:|1769350358
|switch|p1a: Tyranitar|Tyranitar, M|100/100
|-weather|Sandstorm|[from] ability: Sand Stream|[of] p1a: Tyranitar
|turn|9
|
|t:|1769350369
|-terastallize|p1a: Tyranitar|Fighting
|move|p2a: Serperior|Leaf Storm|p1a: Tyranitar
|-damage|p1a: Tyranitar|6/100
|-boost|p2a: Serperior|spa|2
|move|p1a: Tyranitar|Stone Edge|p2a: Serperior
|-supereffective|p2a: Serperior
|-damage|p2a: Serperior|0 fnt
|faint|p2a: Serperior
|
|-weather|Sandstorm|[upkeep]
|-damage|p1a: Tyranitar|0 fnt|[from] Sandstorm
|faint|p1a: Tyranitar
|upkeep
|
|t:|1769350386
|switch|p2a: Cinderace|Cinderace, M|72/100
|switch|p1a: Zamazenta|Zamazenta|100/100
|-ability|p1a: Zamazenta|Dauntless Shield|boost
|-boost|p1a: Zamazenta|def|1
|turn|10
|
|t:|1769350393
|move|p1a: Zamazenta|Close Combat|p2a: Cinderace
|-damage|p2a: Cinderace|0 fnt
|-unboost|p1a: Zamazenta|def|1
|-unboost|p1a: Zamazenta|spd|1
|faint|p2a: Cinderace
|
|-weather|Sandstorm|[upkeep]
|-damage|p1a: Zamazenta|94/100|[from] Sandstorm
|upkeep
|
|t:|1769350401
|switch|p2a: Mimikyu|Mimikyu, M|100/100
|-damage|p2a: Mimikyu|84/100|[from] Spikes
|turn|11
|
|t:|1769350407
|switch|p1a: Gholdengo|Gholdengo|100/100
|-damage|p1a: Gholdengo|94/100|[from] Stealth Rock
|-item|p1a: Gholdengo|Air Balloon
|move|p2a: Mimikyu|Play Rough|p1a: Gholdengo
|-resisted|p1a: Gholdengo
|-damage|p1a: Gholdengo|82/100
|-unboost|p1a: Gholdengo|atk|1
|-enditem|p1a: Gholdengo|Air Balloon
|
|-weather|Sandstorm|[upkeep]
|-damage|p2a: Mimikyu|78/100|[from] Sandstorm
|upkeep
|turn|12
|
|t:|1769350421
|move|p2a: Mimikyu|Shadow Claw|p1a: Gholdengo
|-supereffective|p1a: Gholdengo
|-damage|p1a: Gholdengo|44/100
|move|p1a: Gholdengo|Thunder Wave|p2a: Mimikyu
|-status|p2a: Mimikyu|par
|
|-weather|Sandstorm|[upkeep]
|-damage|p2a: Mimikyu|72/100 par|[from] Sandstorm
|upkeep
|turn|13
|
|t:|1769350430
|move|p1a: Gholdengo|Hex|p2a: Mimikyu
|-activate|p2a: Mimikyu|ability: Disguise
|-damage|p2a: Mimikyu|72/100 par
|detailschange|p2a: Mimikyu|Mimikyu-Busted, M
|-damage|p2a: Mimikyu|60/100 par|[from] pokemon: Mimikyu-Busted
|-enditem|p2a: Mimikyu|Red Card|[of] p1a: Gholdengo
|drag|p1a: Zamazenta|Zamazenta|94/100
|cant|p2a: Mimikyu|par
|
|-weather|none
|upkeep
|turn|14
|
|t:|1769350441
|move|p1a: Zamazenta|Crunch|p2a: Mimikyu
|-damage|p2a: Mimikyu|14/100 par
|cant|p2a: Mimikyu|par
|
|upkeep
|turn|15
|
|t:|1769350447
|move|p1a: Zamazenta|Crunch|p2a: Mimikyu
|-damage|p2a: Mimikyu|0 fnt
|faint|p2a: Mimikyu
|
|upkeep
|
|t:|1769350454
|switch|p2a: Bisharp|Bisharp, M|100/100
|-damage|p2a: Bisharp|84/100|[from] Spikes
|turn|16
|
|t:|1769350461
|move|p1a: Zamazenta|Close Combat|p2a: Bisharp
|-supereffective|p2a: Bisharp
|-damage|p2a: Bisharp|0 fnt
|-unboost|p1a: Zamazenta|def|1
|-unboost|p1a: Zamazenta|spd|1
|faint|p2a: Bisharp
|
|upkeep
|
|t:|1769350468
|switch|p2a: Dragapult|Dragapult, F|100/100
|-damage|p2a: Dragapult|84/100|[from] Spikes
|turn|17
|
|t:|1769350473
|switch|p1a: Gholdengo|Gholdengo|44/100
|-activate|p1a: Gholdengo|move: Sticky Web
|-unboost|p1a: Gholdengo|spe|1
|-damage|p1a: Gholdengo|38/100|[from] Stealth Rock
|move|p2a: Dragapult|Hydro Pump|p1a: Gholdengo
|-damage|p1a: Gholdengo|0 fnt
|faint|p1a: Gholdengo
|-damage|p2a: Dragapult|74/100|[from] item: Life Orb
|
|upkeep
|
|t:|1769350481
|switch|p1a: Zamazenta|Zamazenta|94/100
|turn|18
|
|t:|1769350486
|move|p2a: Dragapult|Hydro Pump|p1a: Zamazenta
|-damage|p1a: Zamazenta|57/100
|-damage|p2a: Dragapult|65/100|[from] item: Life Orb
|move|p1a: Zamazenta|Crunch|p2a: Dragapult
|-supereffective|p2a: Dragapult
|-damage|p2a: Dragapult|0 fnt
|faint|p2a: Dragapult
|
|win|lordhuggies
|raw|lordhuggies's rating: 1338 &rarr; <strong>1358</strong><br />(+20 for winning)
|raw|el_dakka's rating: 1334 &rarr; <strong>1314</strong><br />(-20 for losing)
|l|☆el_dakka
|player|p2|
|l|☆lordhuggies
|player|p1|
