|j|☆gfitzy
|j|☆pueb
|t:|1769321295
|gametype|singles
|player|p1|gfitzy|cynthia-masters|
|player|p2|pueb|ethan|
|gen|9
|tier|[Gen 9] OU
|rule|HP Percentage Mod: HP is shown in percentages
|rule|Endless Battle Clause: Forcing endless battles is banned
|rule|Species Clause: Limit one of each Pokémon
|rule|OHKO Clause: OHKO moves are banned
|rule|Evasion Items Clause: Evasion items are banned
|rule|Evasion Moves Clause: Evasion moves are banned
|rule|Evasion Abilities Clause: Evasion abilities are banned
|rule|Sleep Moves Clause: Sleep-inducing moves are banned
|clearpoke
|poke|p1|Carbink, L1|
|poke|p1|Braviary-Hisui, M|
|poke|p1|Ursaluna, M|
|poke|p1|Kingambit, M|
|poke|p1|Iron Hands|
|poke|p1|Hatterene, F|
|poke|p2|Salazzle, F|
|poke|p2|Grimmsnarl, M|
|poke|p2|Kingambit, F|
|poke|p2|Dragonite, M|
|poke|p2|Iron Valiant|
|poke|p2|Great Tusk|
|teampreview
|
|t:|1769321307
|teamsize|p1|6
|teamsize|p2|6
|start
|switch|p1a: The Bink|Carbink, L1, shiny|100/100
|switch|p2a: p diddy|Grimmsnarl, M|100/100
|turn|1
|
|t:|1769321316
|move|p2a: p diddy|Reflect|p2a: p diddy
|-sidestart|p2: pueb|Reflect
|move|p1a: The Bink|Trick Room|p1a: The Bink
|-fieldstart|move: Trick Room|[of] p1a: The Bink
|
|-damage|p1a: The Bink|92/100|[from] item: Black Sludge
|upkeep
|turn|2
|
|t:|1769321324
|move|p2a: p diddy|Light Screen|p2a: p diddy
|-sidestart|p2: pueb|move: Light Screen
|move|p1a: The Bink|Endeavor|p2a: p diddy
|-damage|p2a: p diddy|3/100
|
|-damage|p1a: The Bink|84/100|[from] item: Black Sludge
|upkeep
|turn|3
|
|t:|1769321334
|switch|p1a: Balloon Boy|Braviary-Hisui, M, shiny|100/100
|move|p2a: p diddy|Spirit Break|p1a: Balloon Boy
|-damage|p1a: Balloon Boy|66/100
|-unboost|p1a: Balloon Boy|spa|1
|
|upkeep
|turn|4
|
|t:|1769321344
|move|p1a: Balloon Boy|Vacuum Wave|p2a: p diddy
|-damage|p2a: p diddy|0 fnt
|faint|p2a: p diddy
|-damage|p1a: Balloon Boy|56/100|[from] item: Life Orb
|
|upkeep
|
|t:|1769321352
|switch|p2a: fat fuck.|Dragonite, M|100/100
|turn|5
|
|t:|1769321369
|switch|p1a: Freddy|Ursaluna, M|100/100
|move|p2a: fat fuck.|Extreme Speed|p1a: Freddy
|-crit|p1a: Freddy
|-damage|p1a: Freddy|65/100
|
|-fieldend|move: Trick Room
|-status|p1a: Freddy|brn|[from] item: Flame Orb
|upkeep
|turn|6
|
|t:|1769321390
|move|p2a: fat fuck.|Dragon Dance|p2a: fat fuck.
|-boost|p2a: fat fuck.|atk|1
|-boost|p2a: fat fuck.|spe|1
|move|p1a: Freddy|Facade|p2a: fat fuck.
|-damage|p2a: fat fuck.|64/100
|
|-damage|p1a: Freddy|59/100 brn|[from] brn
|upkeep
|turn|7
|
|t:|1769321404
|move|p2a: fat fuck.|Earthquake|p1a: Freddy
|-damage|p1a: Freddy|16/100 brn
|move|p1a: Freddy|Facade|p2a: fat fuck.
|-damage|p2a: fat fuck.|0 fnt
|faint|p2a: fat fuck.
|
|-damage|p1a: Freddy|10/100 brn|[from] brn
|upkeep
|
|t:|1769321413
|switch|p2a: manny|Great Tusk|100/100
|turn|8
|
|t:|1769321423
|switch|p1a: Balloon Boy|Braviary-Hisui, M, shiny|56/100
|move|p2a: manny|Headlong Rush|p1a: Balloon Boy
|-immune|p1a: Balloon Boy
|
|-sideend|p2: pueb|Reflect
|upkeep
|turn|9
|
|t:|1769321438
|-end|p2a: manny|Protosynthesis|[silent]
|switch|p2a: samurai jack|Kingambit, F|100/100
|-activate|p2a: samurai jack|ability: Supreme Overlord
|-start|p2a: samurai jack|fallen2|[silent]
|move|p1a: Balloon Boy|Psychic|p2a: samurai jack
|-immune|p2a: samurai jack
|
|-sideend|p2: pueb|move: Light Screen
|upkeep
|turn|10
|
|t:|1769321452
|-terastallize|p1a: Balloon Boy|Fighting
|move|p1a: Balloon Boy|Vacuum Wave|p2a: samurai jack
|-supereffective|p2a: samurai jack
|-damage|p2a: samurai jack|0 fnt
|faint|p2a: samurai jack
|-end|p2a: samurai jack|fallen2|[silent]
|-damage|p1a: Balloon Boy|46/100|[from] item: Life Orb
|
|upkeep
|
|t:|1769321459
|switch|p2a: robotic twink|Iron Valiant|100/100
|-enditem|p2a: robotic twink|Booster Energy
|-activate|p2a: robotic twink|ability: Quark Drive|[fromitem]
|-start|p2a: robotic twink|quarkdrivespe
|turn|11
|
|t:|1769321467
|move|p2a: robotic twink|Destiny Bond|p2a: robotic twink
|-singlemove|p2a: robotic twink|Destiny Bond
|move|p1a: Balloon Boy|Psychic|p2a: robotic twink
|-supereffective|p2a: robotic twink
|-damage|p2a: robotic twink|0 fnt
|faint|p2a: robotic twink
|-activate|p2a: robotic twink|move: Destiny Bond
|-end|p2a: robotic twink|Quark Drive|[silent]
|faint|p1a: Balloon Boy
|
|upkeep
|
|t:|1769321476
|switch|p2a: bill cosby|Salazzle, F|100/100
|switch|p1a: Chica|Hatterene, F|100/100
|turn|12
|
|t:|1769321488
|move|p2a: bill cosby|Flamethrower|p1a: Chica
|-damage|p1a: Chica|58/100
|-status|p1a: Chica|brn
|move|p1a: Chica|Trick Room|p1a: Chica
|-fieldstart|move: Trick Room|[of] p1a: Chica
|
|-damage|p1a: Chica|52/100 brn|[from] brn
|upkeep
|turn|13
|
|t:|1769321498
|-terastallize|p2a: bill cosby|Ghost
|move|p1a: Chica|Healing Wish|p1a: Chica
|faint|p1a: Chica
|move|p2a: bill cosby|Sludge Wave|p1: Chica|[notarget]
|-fail|p2a: bill cosby
|
|upkeep
|
|t:|1769321504
|switch|p1a: Bonnie|Iron Hands|100/100
|-enditem|p1a: Bonnie|Booster Energy
|-activate|p1a: Bonnie|ability: Quark Drive|[fromitem]
|-start|p1a: Bonnie|quarkdriveatk
|turn|14
|
|t:|1769321512
|move|p1a: Bonnie|Ice Punch|p2a: bill cosby
|-damage|p2a: bill cosby|29/100
|move|p2a: bill cosby|Toxic|p1a: Bonnie
|-status|p1a: Bonnie|tox
|
|-damage|p1a: Bonnie|94/100 tox|[from] psn
|upkeep
|turn|15
|
|t:|1769321520
|move|p2a: bill cosby|Protect|p2a: bill cosby
|-singleturn|p2a: bill cosby|Protect
|move|p1a: Bonnie|Ice Punch|p2a: bill cosby
|-activate|p2a: bill cosby|move: Protect
|
|-damage|p1a: Bonnie|82/100 tox|[from] psn
|upkeep
|turn|16
|
|t:|1769321527
|move|p2a: bill cosby|Protect|p2a: bill cosby
|-singleturn|p2a: bill cosby|Protect
|move|p1a: Bonnie|Ice Punch|p2a: bill cosby
|-activate|p2a: bill cosby|move: Protect
|
|-damage|p1a: Bonnie|63/100 tox|[from] psn
|-fieldend|move: Trick Room
|upkeep
|turn|17
|
|t:|1769321537
|move|p2a: bill cosby|Sludge Wave|p1a: Bonnie
|-damage|p1a: Bonnie|30/100 tox
|move|p1a: Bonnie|Ice Punch|p2a: bill cosby
|-damage|p2a: bill cosby|0 fnt
|faint|p2a: bill cosby
|
|-damage|p1a: Bonnie|5/100 tox|[from] psn
|upkeep
|
|t:|1769321545
|switch|p2a: manny|Great Tusk|100/100
|turn|18
|
|t:|1769321553
|move|p2a: manny|Headlong Rush|p1a: Bonnie
|-supereffective|p1a: Bonnie
|-damage|p1a: Bonnie|0 fnt
|-unboost|p2a: manny|def|1
|-unboost|p2a: manny|spd|1
|faint|p1a: Bonnie
|-end|p1a: Bonnie|Quark Drive|[silent]
|
|upkeep
|
|t:|1769321560
|switch|p1a: The Bink|Carbink, L1, shiny|84/100
|-heal|p1a: The Bink|100/100|[from] move: Healing Wish
|turn|19
|
|t:|1769321567
|move|p2a: manny|Headlong Rush|p1a: The Bink
|-supereffective|p1a: The Bink
|-ability|p1a: The Bink|Sturdy
|-damage|p1a: The Bink|9/100
|-unboost|p2a: manny|def|1
|-unboost|p2a: manny|spd|1
|move|p1a: The Bink|Trick Room|p1a: The Bink
|-fieldstart|move: Trick Room|[of] p1a: The Bink
|
|-damage|p1a: The Bink|0 fnt|[from] item: Black Sludge
|faint|p1a: The Bink
|upkeep
|
|t:|1769321581
|switch|p1a: Freddy|Ursaluna, M|10/100 brn
|turn|20
|
|t:|1769321585
|move|p1a: Freddy|Facade|p2a: manny
|-damage|p2a: manny|0 fnt
|faint|p2a: manny
|-end|p2a: manny|Protosynthesis|[silent]
|
|win|gfitzy
|l|☆pueb
|player|p2|
