|j|☆jl_kec
|j|☆Fatty Mama
|t:|1769376437
|gametype|singles
|player|p1|jl_kec|265|1252
|player|p2|Fatty Mama|touristf2|1200
|gen|9
|tier|[Gen 9] OU
|rated|
|rule|HP Percentage Mod: HP is shown in percentages
|rule|Endless Battle Clause: Forcing endless battles is banned
|rule|Species Clause: Limit one of each Pokémon
|rule|OHKO Clause: OHKO moves are banned
|rule|Evasion Items Clause: Evasion items are banned
|rule|Evasion Moves Clause: Evasion moves are banned
|rule|Evasion Abilities Clause: Evasion abilities are banned
|rule|Sleep Moves Clause: Sleep-inducing moves are banned
|clearpoke
|poke|p1|Meowscarada, F|
|poke|p1|Tyranitar, M|
|poke|p1|Excadrill, M|
|poke|p1|Diancie|
|poke|p1|Darkrai|
|poke|p1|Moltres|
|poke|p2|Slowking-Galar, M|
|poke|p2|Alomomola, M|
|poke|p2|Pecharunt|
|poke|p2|Cinderace, F|
|poke|p2|Samurott-Hisui, F|
|poke|p2|Landorus-Therian, M|
|teampreview
|inactive|Battle timer is ON: inactive players will automatically lose when time's up. (requested by Fatty Mama)
|
|t:|1769376458
|teamsize|p1|6
|teamsize|p2|6
|start
|switch|p1a: Meowscarada|Meowscarada, F, shiny|100/100
|switch|p2a: Samurott|Samurott-Hisui, F|100/100
|turn|1
|
|t:|1769376473
|move|p2a: Samurott|Flip Turn|p1a: Meowscarada
|-resisted|p1a: Meowscarada
|-damage|p1a: Meowscarada|78/100
|
|t:|1769376489
|switch|p2a: Pecharunt|Pecharunt|100/100|[from] Flip Turn
|move|p1a: Meowscarada|Flower Trick|p2a: Pecharunt
|-start|p1a: Meowscarada|typechange|Grass|[from] ability: Protean
|-resisted|p2a: Pecharunt
|-crit|p2a: Pecharunt
|-damage|p2a: Pecharunt|90/100
|
|upkeep
|turn|2
|inactive|Fatty Mama has 120 seconds left.
|
|t:|1769376505
|move|p1a: Meowscarada|Knock Off|p2a: Pecharunt
|-supereffective|p2a: Pecharunt
|-damage|p2a: Pecharunt|64/100
|-enditem|p2a: Pecharunt|Heavy-Duty Boots|[from] move: Knock Off|[of] p1a: Meowscarada
|move|p2a: Pecharunt|Parting Shot|p1a: Meowscarada
|-unboost|p1a: Meowscarada|atk|1
|-unboost|p1a: Meowscarada|spa|1
|inactive|Fatty Mama has 120 seconds left.
|
|t:|1769376521
|switch|p2a: Landorus|Landorus-Therian, M|100/100|[from] Parting Shot
|-ability|p2a: Landorus|Intimidate|boost
|-unboost|p1a: Meowscarada|atk|1
|
|upkeep
|turn|3
|
|t:|1769376538
|move|p1a: Meowscarada|U-turn|p2a: Landorus
|-resisted|p2a: Landorus
|-damage|p2a: Landorus|94/100
|-damage|p1a: Meowscarada|62/100|[from] item: Rocky Helmet|[of] p2a: Landorus
|
|t:|1769376541
|switch|p1a: Darkrai|Darkrai|100/100|[from] U-turn
|move|p2a: Landorus|U-turn|p1a: Darkrai
|-supereffective|p1a: Darkrai
|-damage|p1a: Darkrai|34/100
|
|t:|1769376556
|switch|p2a: Samurott|Samurott-Hisui, F|100/100|[from] U-turn
|
|-heal|p1a: Darkrai|40/100|[from] item: Leftovers
|upkeep
|turn|4
|
|t:|1769376571
|switch|p1a: Meowscarada|Meowscarada, F, shiny|62/100
|move|p2a: Samurott|Razor Shell|p1a: Meowscarada
|-resisted|p1a: Meowscarada
|-damage|p1a: Meowscarada|20/100
|-unboost|p1a: Meowscarada|def|1
|
|upkeep
|turn|5
|
|t:|1769376587
|move|p2a: Samurott|Razor Shell|p1a: Meowscarada
|-resisted|p1a: Meowscarada
|-damage|p1a: Meowscarada|0 fnt
|faint|p1a: Meowscarada
|
|upkeep
|
|t:|1769376611
|switch|p1a: Tyranitar|Tyranitar, M, shiny|100/100
|-weather|Sandstorm|[from] ability: Sand Stream|[of] p1a: Tyranitar
|turn|6
|
|t:|1769376626
|move|p2a: Samurott|Razor Shell|p1a: Tyranitar
|-supereffective|p1a: Tyranitar
|-damage|p1a: Tyranitar|19/100
|-unboost|p1a: Tyranitar|def|1
|move|p1a: Tyranitar|Knock Off|p2a: Samurott
|-resisted|p2a: Samurott
|-damage|p2a: Samurott|75/100
|-enditem|p2a: Samurott|Choice Scarf|[from] move: Knock Off|[of] p1a: Tyranitar
|
|-weather|Sandstorm|[upkeep]
|-damage|p2a: Samurott|68/100|[from] Sandstorm
|upkeep
|turn|7
|inactive|Fatty Mama has 90 seconds left.
|
|t:|1769376643
|move|p2a: Samurott|Ceaseless Edge|p1a: Tyranitar
|-resisted|p1a: Tyranitar
|-damage|p1a: Tyranitar|0 fnt
|-sidestart|p1: jl_kec|Spikes
|faint|p1a: Tyranitar
|
|-weather|Sandstorm|[upkeep]
|-damage|p2a: Samurott|62/100|[from] Sandstorm
|upkeep
|
|t:|1769376646
|switch|p1a: Excadrill|Excadrill, M, shiny|100/100
|-item|p1a: Excadrill|Air Balloon
|turn|8
|inactive|Fatty Mama has 90 seconds left.
|
|t:|1769376662
|switch|p2a: Landorus|Landorus-Therian, M|94/100
|-ability|p2a: Landorus|Intimidate|boost
|-unboost|p1a: Excadrill|atk|1
|-terastallize|p1a: Excadrill|Ghost
|move|p1a: Excadrill|Swords Dance|p1a: Excadrill
|-boost|p1a: Excadrill|atk|2
|
|-weather|Sandstorm|[upkeep]
|upkeep
|turn|9
|inactive|Fatty Mama has 90 seconds left.
|
|t:|1769376677
|move|p1a: Excadrill|Iron Head|p2a: Landorus
|-damage|p2a: Landorus|18/100
|-damage|p1a: Excadrill|84/100|[from] item: Rocky Helmet|[of] p2a: Landorus
|move|p2a: Landorus|U-turn|p1a: Excadrill
|-resisted|p1a: Excadrill
|-damage|p1a: Excadrill|66/100
|-enditem|p1a: Excadrill|Air Balloon
|n|☆Fatty Mama|fattymama
|
|t:|1769376694
|switch|p2a: Cinderace|Cinderace, F|100/100|[from] U-turn
|
|-weather|Sandstorm|[upkeep]
|-damage|p2a: Cinderace|95/100|[from] Sandstorm
|upkeep
|turn|10
|
|t:|1769376709
|move|p2a: Cinderace|Sucker Punch|p1a: Excadrill
|-start|p2a: Cinderace|typechange|Dark|[from] ability: Libero
|-supereffective|p1a: Excadrill
|-damage|p1a: Excadrill|0 fnt
|faint|p1a: Excadrill
|
|-weather|Sandstorm|[upkeep]
|-damage|p2a: Cinderace|89/100|[from] Sandstorm
|upkeep
|
|t:|1769376725
|switch|p1a: Moltres|Moltres, shiny|100/100
|turn|11
|
|t:|1769376740
|switch|p2a: Alomomola|Alomomola, M|100/100
|move|p1a: Moltres|U-turn|p2a: Alomomola
|-damage|p2a: Alomomola|91/100
|
|t:|1769376750
|switch|p1a: Diancie|Diancie, shiny|100/100|[from] U-turn
|-damage|p1a: Diancie|88/100|[from] Spikes
|
|-weather|Sandstorm|[upkeep]
|-damage|p2a: Alomomola|85/100|[from] Sandstorm
|-heal|p1a: Diancie|94/100|[from] item: Leftovers
|upkeep
|turn|12
|
|t:|1769376765
|move|p1a: Diancie|Diamond Storm|p2a: Alomomola
|-damage|p2a: Alomomola|63/100
|-boost|p1a: Diancie|def|2
|move|p2a: Alomomola|Flip Turn|p1a: Diancie
|-supereffective|p1a: Diancie
|-damage|p1a: Diancie|80/100
|inactive|Fatty Mama has 60 seconds left.
|
|t:|1769376782
|switch|p2a: Pecharunt|Pecharunt|64/100|[from] Flip Turn
|
|-weather|Sandstorm|[upkeep]
|-damage|p2a: Pecharunt|58/100|[from] Sandstorm
|-heal|p1a: Diancie|87/100|[from] item: Leftovers
|upkeep
|turn|13
|inactive|Fatty Mama has 60 seconds left.
|
|t:|1769376797
|move|p2a: Pecharunt|Toxic|p1a: Diancie
|-status|p1a: Diancie|tox
|-start|p1a: Diancie|confusion|[from] ability: Poison Puppeteer|[of] p2a: Pecharunt
|-activate|p1a: Diancie|confusion
|move|p1a: Diancie|Diamond Storm|p2a: Pecharunt
|-damage|p2a: Pecharunt|41/100
|
|-weather|none
|-heal|p1a: Diancie|93/100 tox|[from] item: Leftovers
|-damage|p1a: Diancie|87/100 tox|[from] psn
|upkeep
|turn|14
|inactive|Fatty Mama has 60 seconds left.
|
|t:|1769376812
|move|p2a: Pecharunt|Recover|p2a: Pecharunt
|-heal|p2a: Pecharunt|91/100
|-activate|p1a: Diancie|confusion
|move|p1a: Diancie|Encore|p2a: Pecharunt
|-start|p2a: Pecharunt|Encore
|
|-heal|p1a: Diancie|93/100 tox|[from] item: Leftovers
|-damage|p1a: Diancie|80/100 tox|[from] psn
|upkeep
|turn|15
|
|t:|1769376827
|switch|p2a: Slowking|Slowking-Galar, M|100/100
|switch|p1a: Darkrai|Darkrai|40/100
|-damage|p1a: Darkrai|27/100|[from] Spikes
|
|-heal|p1a: Darkrai|33/100|[from] item: Leftovers
|upkeep
|turn|16
|
|t:|1769376836
|move|p1a: Darkrai|Dark Pulse|p2a: Slowking
|-supereffective|p2a: Slowking
|-damage|p2a: Slowking|48/100
|move|p2a: Slowking|Sludge Bomb|p1a: Darkrai
|-damage|p1a: Darkrai|0 fnt
|faint|p1a: Darkrai
|
|upkeep
|
|t:|1769376842
|switch|p1a: Moltres|Moltres, shiny|100/100
|turn|17
|
|t:|1769376850
|move|p1a: Moltres|Flamethrower|p2a: Slowking
|-damage|p2a: Slowking|26/100
|-prepare|p2a: Slowking|Chilly Reception|[premajor]
|move|p2a: Slowking|Chilly Reception|p2a: Slowking
|-weather|Snowscape
|inactive|Fatty Mama has 60 seconds left.
|
|t:|1769376865
|switch|p2a: Samurott|Samurott-Hisui, F|62/100|[from] Chilly Reception
|
|-weather|Snowscape|[upkeep]
|upkeep
|turn|18
|inactive|Fatty Mama has 60 seconds left.
|
|t:|1769376879
|-terastallize|p2a: Samurott|Water
|move|p2a: Samurott|Razor Shell|p1a: Moltres
|-supereffective|p1a: Moltres
|-damage|p1a: Moltres|4/100
|-unboost|p1a: Moltres|def|1
|move|p1a: Moltres|Flamethrower|p2a: Samurott
|-resisted|p2a: Samurott
|-damage|p2a: Samurott|36/100
|
|-weather|Snowscape|[upkeep]
|upkeep
|turn|19
|inactive|Fatty Mama has 60 seconds left.
|
|t:|1769376894
|move|p2a: Samurott|Ceaseless Edge|p1a: Moltres
|-damage|p1a: Moltres|0 fnt
|-sidestart|p1: jl_kec|Spikes
|faint|p1a: Moltres
|
|-weather|Snowscape|[upkeep]
|upkeep
|
|t:|1769376898
|switch|p1a: Diancie|Diancie, shiny|80/100 tox
|-damage|p1a: Diancie|64/100 tox|[from] Spikes
|turn|20
|inactive|Fatty Mama has 60 seconds left.
|
|t:|1769376909
|move|p2a: Samurott|Razor Shell|p1a: Diancie|[miss]
|-miss|p2a: Samurott|p1a: Diancie
|move|p1a: Diancie|Body Press|p2a: Samurott
|-crit|p2a: Samurott
|-damage|p2a: Samurott|0 fnt
|faint|p2a: Samurott
|
|-weather|Snowscape|[upkeep]
|-heal|p1a: Diancie|70/100 tox|[from] item: Leftovers
|-damage|p1a: Diancie|64/100 tox|[from] psn
|upkeep
|inactive|Fatty Mama has 60 seconds left.
|
|t:|1769376916
|switch|p2a: Landorus|Landorus-Therian, M|18/100
|-ability|p2a: Landorus|Intimidate|boost
|-fail|p1a: Diancie|unboost|[from] ability: Clear Body|[of] p1a: Diancie
|turn|21
|
|t:|1769376920
|move|p2a: Landorus|Earthquake|p1a: Diancie
|-supereffective|p1a: Diancie
|-damage|p1a: Diancie|0 fnt
|faint|p1a: Diancie
|
|win|Fatty Mama
|raw|jl_kec's rating: 1252 &rarr; <strong>1223</strong><br />(-29 for losing)
|raw|Fatty Mama's rating: 1200 &rarr; <strong>1229</strong><br />(+29 for winning)
|l|☆jl_kec
|player|p1|
