|badge|p1|bronze|gen9ou|100-8
|uhtml|medal-msg|<div class="broadcast-blue">Curious what those medals under the avatar are? PS now has Ladder Seasons! For more information, check out the <a href="https://www.smogon.com/forums/threads/3740067/">thread on Smogon.</a></div>
|j|☆CambridgeFoulPlay
|j|☆Qazxcdewsf
|t:|1769347768
|gametype|singles
|player|p1|CambridgeFoulPlay|266|1757
|player|p2|Qazxcdewsf|169|1644
|gen|9
|tier|[Gen 9] OU
|rated|
|rule|HP Percentage Mod: HP is shown in percentages
|rule|Endless Battle Clause: Forcing endless battles is banned
|rule|Species Clause: Limit one of each Pokémon
|rule|OHKO Clause: OHKO moves are banned
|rule|Evasion Items Clause: Evasion items are banned
|rule|Evasion Moves Clause: Evasion moves are banned
|rule|Evasion Abilities Clause: Evasion abilities are banned
|rule|Sleep Moves Clause: Sleep-inducing moves are banned
|clearpoke
|poke|p1|Hydrapple, M|
|poke|p1|Tyranitar, F|
|poke|p1|Moltres|
|poke|p1|Zamazenta-*|
|poke|p1|Slowking-Galar, M|
|poke|p1|Excadrill, F|
|poke|p2|Great Tusk|
|poke|p2|Excadrill, M|
|poke|p2|Tyranitar, M|
|poke|p2|Samurott-Hisui, M|
|poke|p2|Rillaboom, M|
|poke|p2|Slowking-Galar, F|
|teampreview
|c|☆CambridgeFoulPlay|hf
|inactive|Battle timer is ON: inactive players will automatically lose when time's up. (requested by CambridgeFoulPlay)
|inactive|Qazxcdewsf has 120 seconds left.
|inactive|Qazxcdewsf has 90 seconds left.
|j| hbgzd
|j| mega dondozo ex
|l| mega dondozo ex
|
|t:|1769347845
|teamsize|p1|6
|teamsize|p2|6
|start
|switch|p1a: Zamazenta|Zamazenta|100/100
|switch|p2a: Tyranitar|Tyranitar, M|100/100
|-ability|p1a: Zamazenta|Dauntless Shield|boost
|-boost|p1a: Zamazenta|def|1
|-weather|Sandstorm|[from] ability: Sand Stream|[of] p2a: Tyranitar
|turn|1
|
|t:|1769347853
|switch|p2a: Slowking|Slowking-Galar, F|100/100
|move|p1a: Zamazenta|Body Press|p2a: Slowking
|-resisted|p2a: Slowking
|-damage|p2a: Slowking|91/100
|
|-weather|Sandstorm|[upkeep]
|-damage|p1a: Zamazenta|94/100|[from] Sandstorm
|-damage|p2a: Slowking|85/100|[from] Sandstorm
|-heal|p1a: Zamazenta|100/100|[from] item: Leftovers
|upkeep
|turn|2
|
|t:|1769347869
|move|p1a: Zamazenta|Crunch|p2a: Slowking
|-supereffective|p2a: Slowking
|-enditem|p2a: Slowking|Colbur Berry|[eat]
|-enditem|p2a: Slowking|Colbur Berry|[weaken]
|-damage|p2a: Slowking|69/100
|-prepare|p2a: Slowking|Chilly Reception|[premajor]
|move|p2a: Slowking|Chilly Reception|p2a: Slowking
|-weather|Snowscape
|j| pooheadahh
|
|t:|1769347886
|switch|p2a: Samurott|Samurott-Hisui, M|100/100|[from] Chilly Reception
|
|-weather|Snowscape|[upkeep]
|upkeep
|turn|3
|
|t:|1769347892
|switch|p2a: Slowking|Slowking-Galar, F|100/100
|move|p1a: Zamazenta|Crunch|p2a: Slowking
|-supereffective|p2a: Slowking
|-damage|p2a: Slowking|67/100
|
|-weather|Snowscape|[upkeep]
|upkeep
|turn|4
|j| Zuhaitz01
|
|t:|1769347897
|move|p1a: Zamazenta|Crunch|p2a: Slowking
|-supereffective|p2a: Slowking
|-damage|p2a: Slowking|38/100
|move|p2a: Slowking|Psychic Noise|p1a: Zamazenta
|-supereffective|p1a: Zamazenta
|-damage|p1a: Zamazenta|45/100
|-start|p1a: Zamazenta|move: Heal Block
|
|-weather|Snowscape|[upkeep]
|upkeep
|turn|5
|
|t:|1769347905
|move|p1a: Zamazenta|Crunch|p2a: Slowking
|-supereffective|p2a: Slowking
|-crit|p2a: Slowking
|-damage|p2a: Slowking|0 fnt
|faint|p2a: Slowking
|
|-weather|Snowscape|[upkeep]
|-end|p1a: Zamazenta|move: Heal Block
|upkeep
|
|t:|1769347927
|switch|p2a: Great Tusk|Great Tusk|100/100
|-enditem|p2a: Great Tusk|Booster Energy
|-activate|p2a: Great Tusk|ability: Protosynthesis|[fromitem]
|-start|p2a: Great Tusk|protosynthesisatk
|turn|6
|
|t:|1769347932
|move|p1a: Zamazenta|Iron Defense|p1a: Zamazenta
|-boost|p1a: Zamazenta|def|2
|move|p2a: Great Tusk|Headlong Rush|p1a: Zamazenta
|-damage|p1a: Zamazenta|20/100
|-unboost|p2a: Great Tusk|def|1
|-unboost|p2a: Great Tusk|spd|1
|
|-weather|none
|-heal|p1a: Zamazenta|26/100|[from] item: Leftovers
|upkeep
|turn|7
|
|t:|1769347945
|move|p1a: Zamazenta|Body Press|p2a: Great Tusk
|-damage|p2a: Great Tusk|2/100
|move|p2a: Great Tusk|Headlong Rush|p1a: Zamazenta
|-damage|p1a: Zamazenta|0 fnt
|-unboost|p2a: Great Tusk|def|1
|-unboost|p2a: Great Tusk|spd|1
|faint|p1a: Zamazenta
|
|upkeep
|
|t:|1769347948
|switch|p1a: Excadrill|Excadrill, F|100/100
|-item|p1a: Excadrill|Air Balloon
|turn|8
|
|t:|1769347955
|-end|p2a: Great Tusk|Protosynthesis|[silent]
|switch|p2a: Rillaboom|Rillaboom, M|100/100
|-fieldstart|move: Grassy Terrain|[from] ability: Grassy Surge|[of] p2a: Rillaboom
|move|p1a: Excadrill|Iron Head|p2a: Rillaboom
|-damage|p2a: Rillaboom|56/100
|
|-heal|p2a: Rillaboom|63/100|[from] Grassy Terrain
|upkeep
|turn|9
|
|t:|1769347968
|switch|p1a: Hydrapple|Hydrapple, M|100/100
|switch|p2a: Great Tusk|Great Tusk|2/100
|
|-heal|p2a: Great Tusk|9/100|[from] Grassy Terrain
|upkeep
|turn|10
|
|t:|1769347972
|switch|p1a: Moltres|Moltres|100/100
|move|p2a: Great Tusk|Ice Spinner|p1a: Moltres
|-damage|p1a: Moltres|78/100
|-fieldend|move: Grassy Terrain
|
|upkeep
|turn|11
|
|t:|1769347983
|-end|p2a: Great Tusk|Protosynthesis|[silent]
|switch|p2a: Tyranitar|Tyranitar, M|100/100
|-weather|Sandstorm|[from] ability: Sand Stream|[of] p2a: Tyranitar
|move|p1a: Moltres|Roost|p1a: Moltres
|-heal|p1a: Moltres|100/100
|-singleturn|p1a: Moltres|move: Roost
|
|-weather|Sandstorm|[upkeep]
|-damage|p1a: Moltres|94/100|[from] Sandstorm
|upkeep
|turn|12
|
|t:|1769347996
|move|p1a: Moltres|U-turn|p2a: Tyranitar
|-supereffective|p2a: Tyranitar
|-damage|p2a: Tyranitar|77/100
|
|t:|1769347999
|switch|p1a: Tyranitar|Tyranitar, F|100/100|[from] U-turn
|move|p2a: Tyranitar|Fire Blast|p1a: Tyranitar
|-resisted|p1a: Tyranitar
|-damage|p1a: Tyranitar|93/100
|
|-weather|Sandstorm|[upkeep]
|upkeep
|turn|13
|
|t:|1769348004
|switch|p2a: Samurott|Samurott-Hisui, M|100/100
|move|p1a: Tyranitar|Stealth Rock|p2a: Samurott
|-sidestart|p2: Qazxcdewsf|move: Stealth Rock
|
|-weather|Sandstorm|[upkeep]
|-damage|p2a: Samurott|94/100|[from] Sandstorm
|upkeep
|turn|14
|
|t:|1769348012
|switch|p1a: Hydrapple|Hydrapple, M|100/100
|move|p2a: Samurott|Ceaseless Edge|p1a: Hydrapple
|-damage|p1a: Hydrapple|72/100
|-sidestart|p1: CambridgeFoulPlay|Spikes
|
|-weather|Sandstorm|[upkeep]
|-damage|p2a: Samurott|88/100|[from] Sandstorm
|-damage|p1a: Hydrapple|66/100|[from] Sandstorm
|upkeep
|turn|15
|
|t:|1769348024
|-terastallize|p2a: Samurott|Poison
|move|p2a: Samurott|Ceaseless Edge|p1a: Hydrapple
|-damage|p1a: Hydrapple|38/100
|-sidestart|p1: CambridgeFoulPlay|Spikes
|move|p1a: Hydrapple|Giga Drain|p2a: Samurott
|-resisted|p2a: Samurott
|-damage|p2a: Samurott|75/100
|-heal|p1a: Hydrapple|44/100|[from] drain|[of] p2a: Samurott
|
|-weather|none
|upkeep
|turn|16
|
|t:|1769348035
|switch|p2a: Rillaboom|Rillaboom, M|63/100
|-damage|p2a: Rillaboom|50/100|[from] Stealth Rock
|-fieldstart|move: Grassy Terrain|[from] ability: Grassy Surge|[of] p2a: Rillaboom
|switch|p1a: Moltres|Moltres|94/100
|
|-heal|p2a: Rillaboom|56/100|[from] Grassy Terrain
|upkeep
|turn|17
|
|t:|1769348050
|switch|p2a: Great Tusk|Great Tusk|9/100
|-damage|p2a: Great Tusk|6/100|[from] Stealth Rock
|move|p1a: Moltres|U-turn|p2a: Great Tusk
|-resisted|p2a: Great Tusk
|-damage|p2a: Great Tusk|1/100
|
|t:|1769348053
|switch|p1a: Excadrill|Excadrill, F|100/100|[from] U-turn
|-item|p1a: Excadrill|Air Balloon
|
|-heal|p2a: Great Tusk|7/100|[from] Grassy Terrain
|upkeep
|turn|18
|
|t:|1769348059
|move|p1a: Excadrill|Rapid Spin|p2a: Great Tusk
|-damage|p2a: Great Tusk|0 fnt
|-boost|p1a: Excadrill|spe|1
|-sideend|p1: CambridgeFoulPlay|Spikes|[from] move: Rapid Spin|[of] p1a: Excadrill
|faint|p2a: Great Tusk
|-end|p2a: Great Tusk|Protosynthesis|[silent]
|
|upkeep
|
|t:|1769348065
|switch|p2a: Samurott|Samurott-Hisui, M, tera:Poison|75/100
|-damage|p2a: Samurott|63/100|[from] Stealth Rock
|turn|19
|
|t:|1769348071
|move|p1a: Excadrill|Iron Head|p2a: Samurott
|-damage|p2a: Samurott|17/100
|cant|p2a: Samurott|flinch
|
|-heal|p2a: Samurott|23/100|[from] Grassy Terrain
|upkeep
|turn|20
|-message|Qazxcdewsf forfeited.
|
|win|CambridgeFoulPlay
|raw|CambridgeFoulPlay's rating: 1757 &rarr; <strong>1771</strong><br />(+14 for winning)
|raw|Qazxcdewsf's rating: 1644 &rarr; <strong>1630</strong><br />(-14 for losing)
|c|☆CambridgeFoulPlay|gg
