|j|☆morningflowersx
|j|☆topai69
|t:|1769438377
|gametype|singles
|player|p1|morningflowersx|2|1132
|player|p2|topai69|170|1144
|gen|9
|tier|[Gen 9] OU
|rated|
|rule|HP Percentage Mod: HP is shown in percentages
|rule|Endless Battle Clause: Forcing endless battles is banned
|rule|Species Clause: Limit one of each Pokémon
|rule|OHKO Clause: OHKO moves are banned
|rule|Evasion Items Clause: Evasion items are banned
|rule|Evasion Moves Clause: Evasion moves are banned
|rule|Evasion Abilities Clause: Evasion abilities are banned
|rule|Sleep Moves Clause: Sleep-inducing moves are banned
|clearpoke
|poke|p1|Muk-Alola, F|
|poke|p1|Quaquaval, F|
|poke|p1|Oricorio-Pom-Pom, F|
|poke|p1|Chandelure, M|
|poke|p1|Ting-Lu|
|poke|p1|Weezing-Galar, F|
|poke|p2|Hydrapple, F|
|poke|p2|Slowking-Galar, F|
|poke|p2|Cinderace, F|
|poke|p2|Lokix, F|
|poke|p2|Raging Bolt|
|poke|p2|Gliscor, F|
|teampreview
|inactive|Battle timer is ON: inactive players will automatically lose when time's up. (requested by morningflowersx)
|
|t:|1769438388
|teamsize|p1|6
|teamsize|p2|6
|start
|switch|p1a: Weezing|Weezing-Galar, F|100/100
|switch|p2a: Lokix|Lokix, F|100/100
|turn|1
|
|t:|1769438396
|move|p2a: Lokix|U-turn|p1a: Weezing
|-resisted|p1a: Weezing
|-damage|p1a: Weezing|87/100
|
|t:|1769438403
|switch|p2a: Slowking|Slowking-Galar, F|100/100|[from] U-turn
|move|p1a: Weezing|Will-O-Wisp|p2a: Slowking|[miss]
|-miss|p1a: Weezing|p2a: Slowking
|
|-heal|p1a: Weezing|93/100|[from] item: Black Sludge
|upkeep
|turn|2
|
|t:|1769438412
|switch|p1a: cityboy|Muk-Alola, F|100/100
|move|p2a: Slowking|Psychic Noise|p1a: cityboy
|-immune|p1a: cityboy
|
|upkeep
|turn|3
|
|t:|1769438430
|switch|p2a: Cinderace|Cinderace, F|100/100
|move|p1a: cityboy|Knock Off|p2a: Cinderace
|-damage|p2a: Cinderace|41/100
|-enditem|p2a: Cinderace|Heavy-Duty Boots|[from] move: Knock Off|[of] p1a: cityboy
|
|upkeep
|turn|4
|
|t:|1769438444
|switch|p1a: Weezing|Weezing-Galar, F|93/100
|move|p2a: Cinderace|Will-O-Wisp|p1a: Weezing
|-status|p1a: Weezing|brn
|
|-heal|p1a: Weezing|99/100 brn|[from] item: Black Sludge
|-damage|p1a: Weezing|93/100 brn|[from] brn
|upkeep
|turn|5
|
|t:|1769438455
|move|p2a: Cinderace|U-turn|p1a: Weezing
|-start|p2a: Cinderace|typechange|Bug|[from] ability: Libero
|-resisted|p1a: Weezing
|-damage|p1a: Weezing|89/100 brn
|
|t:|1769438464
|switch|p2a: Gliscor|Gliscor, F|100/100|[from] U-turn
|move|p1a: Weezing|Flamethrower|p2a: Gliscor
|-damage|p2a: Gliscor|86/100
|
|-heal|p1a: Weezing|95/100 brn|[from] item: Black Sludge
|-damage|p1a: Weezing|89/100 brn|[from] brn
|-status|p2a: Gliscor|tox|[from] item: Toxic Orb
|upkeep
|turn|6
|
|t:|1769438484
|move|p2a: Gliscor|U-turn|p1a: Weezing
|-resisted|p1a: Weezing
|-damage|p1a: Weezing|86/100 brn
|
|t:|1769438495
|switch|p2a: Slowking|Slowking-Galar, F|100/100|[from] U-turn
|move|p1a: Weezing|Pain Split|p2a: Slowking
|-sethp|p2a: Slowking|87/100|[from] move: Pain Split|[silent]
|-sethp|p1a: Weezing|100/100 brn|[from] move: Pain Split
|
|-heal|p2a: Slowking|93/100|[from] item: Leftovers
|-damage|p1a: Weezing|95/100 brn|[from] brn
|upkeep
|turn|7
|
|t:|1769438504
|switch|p1a: Ting-Lu|Ting-Lu|100/100
|-ability|p1a: Ting-Lu|Vessel of Ruin
|-prepare|p2a: Slowking|Chilly Reception|[premajor]
|move|p2a: Slowking|Chilly Reception|p2a: Slowking
|-weather|Snowscape
|
|t:|1769438512
|switch|p2a: Hydrapple|Hydrapple, F|100/100|[from] Chilly Reception
|
|-weather|Snowscape|[upkeep]
|upkeep
|turn|8
|
|t:|1769438520
|switch|p1a: cityboy|Muk-Alola, F|100/100
|move|p2a: Hydrapple|Nasty Plot|p2a: Hydrapple
|-boost|p2a: Hydrapple|spa|2
|
|-weather|Snowscape|[upkeep]
|upkeep
|turn|9
|
|t:|1769438532
|-terastallize|p2a: Hydrapple|Steel
|move|p2a: Hydrapple|Giga Drain|p1a: cityboy
|-resisted|p1a: cityboy
|-damage|p1a: cityboy|77/100
|-damage|p2a: Hydrapple|91/100|[from] item: Life Orb
|move|p1a: cityboy|Poison Jab|p2a: Hydrapple
|-immune|p2a: Hydrapple
|
|-weather|Snowscape|[upkeep]
|upkeep
|turn|10
|
|t:|1769438541
|move|p2a: Hydrapple|Earth Power|p1a: cityboy
|-supereffective|p1a: cityboy
|-damage|p1a: cityboy|0 fnt
|faint|p1a: cityboy
|-damage|p2a: Hydrapple|81/100|[from] item: Life Orb
|
|-weather|Snowscape|[upkeep]
|upkeep
|
|t:|1769438558
|switch|p1a: Chandelure|Chandelure, M|100/100
|turn|11
|
|t:|1769438566
|switch|p2a: Cinderace|Cinderace, F|41/100
|move|p1a: Chandelure|Flamethrower|p2a: Cinderace
|-resisted|p2a: Cinderace
|-crit|p2a: Cinderace
|-damage|p2a: Cinderace|0 fnt
|faint|p2a: Cinderace
|
|-weather|none
|upkeep
|
|t:|1769438570
|switch|p2a: Slowking|Slowking-Galar, F|100/100
|turn|12
|
|t:|1769438580
|switch|p1a: Ting-Lu|Ting-Lu|100/100
|-ability|p1a: Ting-Lu|Vessel of Ruin
|move|p2a: Slowking|Thunder Wave|p1a: Ting-Lu
|-immune|p1a: Ting-Lu
|
|upkeep
|turn|13
|
|t:|1769438588
|move|p1a: Ting-Lu|Stealth Rock|p2a: Slowking
|-sidestart|p2: topai69|move: Stealth Rock
|-prepare|p2a: Slowking|Chilly Reception|[premajor]
|move|p2a: Slowking|Chilly Reception|p2a: Slowking
|-weather|Snowscape
|
|t:|1769438593
|switch|p2a: Hydrapple|Hydrapple, F, tera:Steel|100/100|[from] Chilly Reception
|-damage|p2a: Hydrapple|94/100|[from] Stealth Rock
|
|-weather|Snowscape|[upkeep]
|upkeep
|turn|14
|
|t:|1769438601
|move|p2a: Hydrapple|Giga Drain|p1a: Ting-Lu
|-supereffective|p1a: Ting-Lu
|-damage|p1a: Ting-Lu|62/100
|-heal|p2a: Hydrapple|100/100|[from] drain|[of] p1a: Ting-Lu
|-damage|p2a: Hydrapple|91/100|[from] item: Life Orb
|move|p1a: Ting-Lu|Whirlwind|p2a: Hydrapple
|drag|p2a: Raging Bolt|Raging Bolt|100/100
|-damage|p2a: Raging Bolt|88/100|[from] Stealth Rock
|
|-weather|Snowscape|[upkeep]
|-heal|p1a: Ting-Lu|68/100|[from] item: Leftovers
|upkeep
|turn|15
|
|t:|1769438612
|switch|p1a: Quaquaval|Quaquaval, F|100/100
|move|p2a: Raging Bolt|Draco Meteor|p1a: Quaquaval
|-damage|p1a: Quaquaval|0 fnt
|-unboost|p2a: Raging Bolt|spa|2
|faint|p1a: Quaquaval
|
|-weather|Snowscape|[upkeep]
|upkeep
|
|t:|1769438620
|switch|p1a: palantir|Oricorio-Pom-Pom, F, shiny|100/100
|turn|16
|
|t:|1769438627
|move|p1a: palantir|Quiver Dance|p1a: palantir
|-boost|p1a: palantir|spa|1
|-boost|p1a: palantir|spd|1
|-boost|p1a: palantir|spe|1
|move|p2a: Raging Bolt|Draco Meteor|p1a: palantir
|-damage|p1a: palantir|42/100
|-unboost|p2a: Raging Bolt|spa|2
|
|-weather|Snowscape|[upkeep]
|upkeep
|turn|17
|
|t:|1769438636
|move|p1a: palantir|Quiver Dance|p1a: palantir
|-boost|p1a: palantir|spa|1
|-boost|p1a: palantir|spd|1
|-boost|p1a: palantir|spe|1
|move|p2a: Raging Bolt|Draco Meteor|p1a: palantir
|-damage|p1a: palantir|11/100
|-unboost|p2a: Raging Bolt|spa|2
|
|-weather|none
|upkeep
|turn|18
|
|t:|1769438646
|-terastallize|p1a: palantir|Ground
|move|p1a: palantir|Revelation Dance|p2a: Raging Bolt
|-supereffective|p2a: Raging Bolt
|-damage|p2a: Raging Bolt|0 fnt
|faint|p2a: Raging Bolt
|-end|p2a: Raging Bolt|Protosynthesis|[silent]
|
|upkeep
|
|t:|1769438656
|switch|p2a: Lokix|Lokix, F|100/100
|-damage|p2a: Lokix|76/100|[from] Stealth Rock
|turn|19
|
|t:|1769438661
|switch|p1a: Weezing|Weezing-Galar, F|95/100 brn
|move|p2a: Lokix|First Impression|p1a: Weezing
|-resisted|p1a: Weezing
|-damage|p1a: Weezing|77/100 brn
|
|-heal|p1a: Weezing|83/100 brn|[from] item: Black Sludge
|-damage|p1a: Weezing|77/100 brn|[from] brn
|upkeep
|turn|20
|
|t:|1769438678
|switch|p2a: Gliscor|Gliscor, F|86/100 tox
|-damage|p2a: Gliscor|73/100 tox|[from] Stealth Rock
|move|p1a: Weezing|Flamethrower|p2a: Gliscor
|-damage|p2a: Gliscor|58/100 tox
|
|-heal|p1a: Weezing|83/100 brn|[from] item: Black Sludge
|-heal|p2a: Gliscor|71/100 tox|[from] ability: Poison Heal
|-damage|p1a: Weezing|77/100 brn|[from] brn
|upkeep
|turn|21
|
|t:|1769438692
|move|p2a: Gliscor|U-turn|p1a: Weezing
|-resisted|p1a: Weezing
|-damage|p1a: Weezing|75/100 brn
|
|t:|1769438696
|switch|p2a: Slowking|Slowking-Galar, F|100/100|[from] U-turn
|-damage|p2a: Slowking|88/100|[from] Stealth Rock
|move|p1a: Weezing|Flamethrower|p2a: Slowking
|-damage|p2a: Slowking|78/100
|
|-heal|p1a: Weezing|81/100 brn|[from] item: Black Sludge
|-heal|p2a: Slowking|84/100|[from] item: Leftovers
|-damage|p1a: Weezing|75/100 brn|[from] brn
|upkeep
|turn|22
|
|t:|1769438707
|switch|p1a: Ting-Lu|Ting-Lu|68/100
|-ability|p1a: Ting-Lu|Vessel of Ruin
|move|p2a: Slowking|Psychic Noise|p1a: Ting-Lu
|-immune|p1a: Ting-Lu
|
|-heal|p1a: Ting-Lu|74/100|[from] item: Leftovers
|-heal|p2a: Slowking|90/100|[from] item: Leftovers
|upkeep
|turn|23
|
|t:|1769438719
|move|p1a: Ting-Lu|Ruination|p2a: Slowking
|-damage|p2a: Slowking|45/100
|move|p2a: Slowking|Sludge Bomb|p1a: Ting-Lu
|-resisted|p1a: Ting-Lu
|-damage|p1a: Ting-Lu|68/100
|
|-heal|p1a: Ting-Lu|74/100|[from] item: Leftovers
|-heal|p2a: Slowking|52/100|[from] item: Leftovers
|upkeep
|turn|24
|
|t:|1769438730
|move|p1a: Ting-Lu|Ruination|p2a: Slowking
|-damage|p2a: Slowking|26/100
|-prepare|p2a: Slowking|Chilly Reception|[premajor]
|move|p2a: Slowking|Chilly Reception|p2a: Slowking
|-weather|Snowscape
|
|t:|1769438745
|switch|p2a: Hydrapple|Hydrapple, F, tera:Steel|100/100|[from] Chilly Reception
|-damage|p2a: Hydrapple|94/100|[from] Stealth Rock
|
|-weather|Snowscape|[upkeep]
|-heal|p1a: Ting-Lu|80/100|[from] item: Leftovers
|upkeep
|turn|25
|
|t:|1769438753
|switch|p1a: palantir|Oricorio-Pom-Pom, F, shiny, tera:Ground|11/100
|move|p2a: Hydrapple|Nasty Plot|p2a: Hydrapple
|-boost|p2a: Hydrapple|spa|2
|
|-weather|Snowscape|[upkeep]
|upkeep
|turn|26
|
|t:|1769438759
|move|p1a: palantir|Revelation Dance|p2a: Hydrapple
|-supereffective|p2a: Hydrapple
|-damage|p2a: Hydrapple|12/100
|move|p2a: Hydrapple|Giga Drain|p1a: palantir
|-supereffective|p1a: palantir
|-damage|p1a: palantir|0 fnt
|-heal|p2a: Hydrapple|15/100|[from] drain|[of] p1a: palantir
|faint|p1a: palantir
|-damage|p2a: Hydrapple|6/100|[from] item: Life Orb
|
|-weather|Snowscape|[upkeep]
|upkeep
|
|t:|1769438770
|switch|p1a: Chandelure|Chandelure, M|100/100
|turn|27
|
|t:|1769438778
|switch|p2a: Slowking|Slowking-Galar, F|59/100
|-damage|p2a: Slowking|47/100|[from] Stealth Rock
|move|p1a: Chandelure|Shadow Ball|p2a: Slowking
|-supereffective|p2a: Slowking
|-damage|p2a: Slowking|0 fnt
|faint|p2a: Slowking
|
|-weather|Snowscape|[upkeep]
|upkeep
|
|t:|1769438785
|switch|p2a: Gliscor|Gliscor, F|71/100 tox
|-damage|p2a: Gliscor|58/100 tox|[from] Stealth Rock
|turn|28
|
|t:|1769438794
|switch|p1a: Weezing|Weezing-Galar, F|75/100 brn
|move|p2a: Gliscor|Toxic||[still]
|-fail|p2a: Gliscor
|
|-weather|none
|-heal|p1a: Weezing|81/100 brn|[from] item: Black Sludge
|-heal|p2a: Gliscor|71/100 tox|[from] ability: Poison Heal
|-damage|p1a: Weezing|75/100 brn|[from] brn
|upkeep
|turn|29
|
|t:|1769438804
|move|p2a: Gliscor|Protect|p2a: Gliscor
|-singleturn|p2a: Gliscor|Protect
|move|p1a: Weezing|Flamethrower|p2a: Gliscor
|-activate|p2a: Gliscor|move: Protect
|
|-heal|p1a: Weezing|81/100 brn|[from] item: Black Sludge
|-heal|p2a: Gliscor|83/100 tox|[from] ability: Poison Heal
|-damage|p1a: Weezing|75/100 brn|[from] brn
|upkeep
|turn|30
|
|t:|1769438820
|switch|p1a: Chandelure|Chandelure, M|100/100
|move|p2a: Gliscor|Earthquake|p1a: Chandelure
|-supereffective|p1a: Chandelure
|-damage|p1a: Chandelure|0 fnt
|faint|p1a: Chandelure
|
|-heal|p2a: Gliscor|96/100 tox|[from] ability: Poison Heal
|upkeep
|c|☆morningflowersx|w predict
|
|t:|1769438836
|switch|p1a: Ting-Lu|Ting-Lu|80/100
|-ability|p1a: Ting-Lu|Vessel of Ruin
|turn|31
|c|☆topai69|tbf
|c|☆topai69|i was trying to pp stall
|-message|morningflowersx forfeited.
|
|win|topai69
|raw|morningflowersx's rating: 1132 &rarr; <strong>1108</strong><br />(-24 for losing)
|raw|topai69's rating: 1144 &rarr; <strong>1168</strong><br />(+24 for winning)
|l|☆morningflowersx
|player|p1|
|l|☆topai69
|player|p2|
