|j|☆106abd
|j|☆SayD-6720
|t:|1769321630
|gametype|singles
|player|p1|106abd|hilbert-wonderlauncher|1315
|player|p2|SayD-6720|ghetsis-gen5bw|1334
|gen|9
|tier|[Gen 9] OU
|rated|
|rule|HP Percentage Mod: HP is shown in percentages
|rule|Endless Battle Clause: Forcing endless battles is banned
|rule|Species Clause: Limit one of each Pokémon
|rule|OHKO Clause: OHKO moves are banned
|rule|Evasion Items Clause: Evasion items are banned
|rule|Evasion Moves Clause: Evasion moves are banned
|rule|Evasion Abilities Clause: Evasion abilities are banned
|rule|Sleep Moves Clause: Sleep-inducing moves are banned
|clearpoke
|poke|p1|Whimsicott, M|
|poke|p1|Garganacl, M|
|poke|p1|Dragapult, M|
|poke|p1|Talonflame, M|
|poke|p1|Kingambit, M|
|poke|p1|Greninja-*, M|
|poke|p2|Ting-Lu|
|poke|p2|Zamazenta-*|
|poke|p2|Ogerpon-Wellspring, F|
|poke|p2|Dragonite, F|
|poke|p2|Gholdengo|
|poke|p2|Iron Treads|
|teampreview
|inactive|Battle timer is ON: inactive players will automatically lose when time's up. (requested by 106abd)
|
|t:|1769321659
|teamsize|p1|6
|teamsize|p2|6
|start
|switch|p1a: Dragapult|Dragapult, M|100/100
|switch|p2a: Iron Treads|Iron Treads|100/100
|-item|p2a: Iron Treads|Air Balloon
|turn|1
|
|t:|1769321664
|move|p1a: Dragapult|U-turn|p2a: Iron Treads
|-resisted|p2a: Iron Treads
|-damage|p2a: Iron Treads|90/100
|-enditem|p2a: Iron Treads|Air Balloon
|
|t:|1769321672
|switch|p1a: Greninja|Greninja, M, shiny|100/100|[from] U-turn
|move|p2a: Iron Treads|Knock Off|p1a: Greninja
|-resisted|p1a: Greninja
|-damage|p1a: Greninja|78/100
|-enditem|p1a: Greninja|Life Orb|[from] move: Knock Off|[of] p2a: Iron Treads
|
|upkeep
|turn|2
|
|t:|1769321693
|-end|p2a: Iron Treads|Quark Drive|[silent]
|switch|p2a: Gholdengo|Gholdengo|100/100
|move|p1a: Greninja|Ice Beam|p2a: Gholdengo
|-start|p1a: Greninja|typechange|Ice|[from] ability: Protean
|-resisted|p2a: Gholdengo
|-damage|p2a: Gholdengo|76/100
|
|upkeep
|turn|3
|
|t:|1769321701
|move|p2a: Gholdengo|Make It Rain|p1a: Greninja
|-supereffective|p1a: Greninja
|-damage|p1a: Greninja|0 fnt
|-unboost|p2a: Gholdengo|spa|1
|faint|p1a: Greninja
|
|upkeep
|
|t:|1769321704
|switch|p1a: Garganacl|Garganacl, M|100/100
|turn|4
|
|t:|1769321712
|switch|p2a: Ting-Lu|Ting-Lu|100/100
|-ability|p2a: Ting-Lu|Vessel of Ruin
|move|p1a: Garganacl|Salt Cure|p2a: Ting-Lu
|-resisted|p2a: Ting-Lu
|-damage|p2a: Ting-Lu|97/100
|-start|p2a: Ting-Lu|Salt Cure
|-enditem|p2a: Ting-Lu|Red Card|[of] p1a: Garganacl
|drag|p1a: Talonflame|Talonflame, M|100/100
|
|-damage|p2a: Ting-Lu|85/100|[from] Salt Cure
|upkeep
|turn|5
|
|t:|1769321714
|move|p1a: Talonflame|Will-O-Wisp|p2a: Ting-Lu
|-status|p2a: Ting-Lu|brn
|move|p2a: Ting-Lu|Stealth Rock|p1a: Talonflame
|-sidestart|p1: 106abd|move: Stealth Rock
|
|-damage|p2a: Ting-Lu|79/100 brn|[from] brn
|-damage|p2a: Ting-Lu|66/100 brn|[from] Salt Cure
|upkeep
|turn|6
|
|t:|1769321717
|move|p1a: Talonflame|Defog|p2a: Ting-Lu
|-unboost|p2a: Ting-Lu|evasion|1
|-sideend|p1: 106abd|Stealth Rock|[from] move: Defog|[of] p1a: Talonflame
|move|p2a: Ting-Lu|Spikes|p1a: Talonflame
|-sidestart|p1: 106abd|Spikes
|
|-damage|p2a: Ting-Lu|60/100 brn|[from] brn
|-damage|p2a: Ting-Lu|48/100 brn|[from] Salt Cure
|upkeep
|turn|7
|
|t:|1769321728
|switch|p2a: Iron Treads|Iron Treads|90/100
|move|p1a: Talonflame|Fire Spin|p2a: Iron Treads
|-supereffective|p2a: Iron Treads
|-damage|p2a: Iron Treads|69/100
|-activate|p2a: Iron Treads|move: Fire Spin|[of] p1a: Talonflame
|
|-damage|p2a: Iron Treads|57/100|[from] move: Fire Spin|[partiallytrapped]
|upkeep
|turn|8
|
|t:|1769321731
|move|p2a: Iron Treads|Knock Off|p1a: Talonflame
|-damage|p1a: Talonflame|75/100
|-status|p2a: Iron Treads|brn|[from] ability: Flame Body|[of] p1a: Talonflame
|-enditem|p1a: Talonflame|Heavy-Duty Boots|[from] move: Knock Off|[of] p2a: Iron Treads
|move|p1a: Talonflame|Will-O-Wisp|p2a: Iron Treads|[miss]
|-miss|p1a: Talonflame|p2a: Iron Treads
|
|-damage|p2a: Iron Treads|50/100 brn|[from] brn
|-damage|p2a: Iron Treads|38/100 brn|[from] move: Fire Spin|[partiallytrapped]
|upkeep
|turn|9
|
|t:|1769321740
|move|p2a: Iron Treads|Knock Off|p1a: Talonflame
|-damage|p1a: Talonflame|67/100
|move|p1a: Talonflame|Defog|p2a: Iron Treads
|-unboost|p2a: Iron Treads|evasion|1
|-sideend|p1: 106abd|Spikes|[from] move: Defog|[of] p1a: Talonflame
|
|-damage|p2a: Iron Treads|32/100 brn|[from] brn
|-damage|p2a: Iron Treads|19/100 brn|[from] move: Fire Spin|[partiallytrapped]
|upkeep
|turn|10
|
|t:|1769321742
|move|p2a: Iron Treads|Rapid Spin|p1a: Talonflame
|-damage|p1a: Talonflame|61/100
|-boost|p2a: Iron Treads|spe|1
|-end|p2a: Iron Treads|Fire Spin|[partiallytrapped]
|move|p1a: Talonflame|Roost|p1a: Talonflame
|-heal|p1a: Talonflame|100/100
|-singleturn|p1a: Talonflame|move: Roost
|
|-damage|p2a: Iron Treads|13/100 brn|[from] brn
|upkeep
|turn|11
|
|t:|1769321746
|move|p2a: Iron Treads|Rapid Spin|p1a: Talonflame
|-damage|p1a: Talonflame|94/100
|-boost|p2a: Iron Treads|spe|1
|move|p1a: Talonflame|Fire Spin|p2a: Iron Treads
|-supereffective|p2a: Iron Treads
|-damage|p2a: Iron Treads|0 fnt
|faint|p2a: Iron Treads
|-end|p2a: Iron Treads|Quark Drive|[silent]
|
|upkeep
|
|t:|1769321756
|switch|p2a: Gholdengo|Gholdengo|76/100
|turn|12
|
|t:|1769321761
|switch|p1a: Kingambit|Kingambit, M|100/100
|-activate|p1a: Kingambit|ability: Supreme Overlord
|-start|p1a: Kingambit|fallen1|[silent]
|move|p2a: Gholdengo|Trick|p1a: Kingambit
|-activate|p2a: Gholdengo|move: Trick|[of] p1a: Kingambit
|-item|p1a: Kingambit|Choice Scarf|[from] move: Trick
|-item|p2a: Gholdengo|Leftovers|[from] move: Trick
|
|-heal|p2a: Gholdengo|82/100|[from] item: Leftovers
|upkeep
|turn|13
|
|t:|1769321770
|switch|p2a: Zamazenta|Zamazenta|100/100
|-ability|p2a: Zamazenta|Dauntless Shield|boost
|-boost|p2a: Zamazenta|def|1
|move|p1a: Kingambit|Iron Head|p2a: Zamazenta
|-damage|p2a: Zamazenta|73/100
|
|-heal|p2a: Zamazenta|79/100|[from] item: Leftovers
|upkeep
|turn|14
|
|t:|1769321780
|switch|p2a: Ting-Lu|Ting-Lu|48/100 brn
|-ability|p2a: Ting-Lu|Vessel of Ruin
|-end|p1a: Kingambit|fallen1|[silent]
|switch|p1a: Talonflame|Talonflame, M|94/100
|
|-damage|p2a: Ting-Lu|42/100 brn|[from] brn
|upkeep
|turn|15
|
|t:|1769321788
|move|p1a: Talonflame|Fire Spin|p2a: Ting-Lu
|-damage|p2a: Ting-Lu|37/100 brn
|-activate|p2a: Ting-Lu|move: Fire Spin|[of] p1a: Talonflame
|move|p2a: Ting-Lu|Ruination|p1a: Talonflame
|-damage|p1a: Talonflame|47/100
|
|-damage|p2a: Ting-Lu|31/100 brn|[from] brn
|-damage|p2a: Ting-Lu|19/100 brn|[from] move: Fire Spin|[partiallytrapped]
|upkeep
|turn|16
|
|t:|1769321793
|move|p1a: Talonflame|Roost|p1a: Talonflame
|-heal|p1a: Talonflame|97/100
|-singleturn|p1a: Talonflame|move: Roost
|move|p2a: Ting-Lu|Stealth Rock|p1a: Talonflame
|-sidestart|p1: 106abd|move: Stealth Rock
|
|-damage|p2a: Ting-Lu|13/100 brn|[from] brn
|-damage|p2a: Ting-Lu|0 fnt|[from] move: Fire Spin|[partiallytrapped]
|faint|p2a: Ting-Lu
|upkeep
|
|t:|1769321797
|switch|p2a: Dragonite|Dragonite, F|100/100
|turn|17
|
|t:|1769321802
|switch|p2a: Gholdengo|Gholdengo|82/100
|move|p1a: Talonflame|Will-O-Wisp|p2a: Gholdengo
|-immune|p2a: Gholdengo|[from] ability: Good as Gold
|
|-heal|p2a: Gholdengo|88/100|[from] item: Leftovers
|upkeep
|turn|18
|
|t:|1769321809
|move|p1a: Talonflame|Defog|p2a: Gholdengo
|-immune|p2a: Gholdengo|[from] ability: Good as Gold
|move|p2a: Gholdengo|Shadow Ball|p1a: Talonflame
|-damage|p1a: Talonflame|42/100
|-unboost|p1a: Talonflame|spd|1
|
|-heal|p2a: Gholdengo|94/100|[from] item: Leftovers
|upkeep
|turn|19
|
|t:|1769321812
|move|p1a: Talonflame|Roost|p1a: Talonflame
|-heal|p1a: Talonflame|93/100
|-singleturn|p1a: Talonflame|move: Roost
|move|p2a: Gholdengo|Shadow Ball|p1a: Talonflame
|-crit|p1a: Talonflame
|-damage|p1a: Talonflame|0 fnt
|faint|p1a: Talonflame
|
|-heal|p2a: Gholdengo|99/100|[from] item: Leftovers
|upkeep
|
|t:|1769321829
|switch|p1a: Kingambit|Kingambit, M|100/100
|-damage|p1a: Kingambit|94/100|[from] Stealth Rock
|-activate|p1a: Kingambit|ability: Supreme Overlord
|-start|p1a: Kingambit|fallen2|[silent]
|turn|20
|
|t:|1769321833
|switch|p2a: Zamazenta|Zamazenta|79/100
|move|p1a: Kingambit|Kowtow Cleave|p2a: Zamazenta
|-resisted|p2a: Zamazenta
|-damage|p2a: Zamazenta|57/100
|
|-heal|p2a: Zamazenta|63/100|[from] item: Leftovers
|upkeep
|turn|21
|
|t:|1769321838
|-end|p1a: Kingambit|fallen2|[silent]
|switch|p1a: Dragapult|Dragapult, M|100/100
|-damage|p1a: Dragapult|88/100|[from] Stealth Rock
|move|p2a: Zamazenta|Crunch|p1a: Dragapult
|-supereffective|p1a: Dragapult
|-damage|p1a: Dragapult|32/100
|
|-heal|p2a: Zamazenta|69/100|[from] item: Leftovers
|upkeep
|turn|22
|
|t:|1769321843
|move|p1a: Dragapult|Thunder Wave|p2a: Zamazenta
|-status|p2a: Zamazenta|par
|move|p2a: Zamazenta|Crunch|p1a: Dragapult
|-supereffective|p1a: Dragapult
|-damage|p1a: Dragapult|0 fnt
|faint|p1a: Dragapult
|
|-heal|p2a: Zamazenta|75/100 par|[from] item: Leftovers
|upkeep
|
|t:|1769321846
|switch|p1a: Whimsicott|Whimsicott, M|100/100
|-damage|p1a: Whimsicott|88/100|[from] Stealth Rock
|turn|23
|
|t:|1769321849
|switch|p2a: Gholdengo|Gholdengo|99/100
|move|p1a: Whimsicott|Shadow Ball|p2a: Gholdengo
|-supereffective|p2a: Gholdengo
|-damage|p2a: Gholdengo|37/100
|
|-heal|p2a: Gholdengo|43/100|[from] item: Leftovers
|upkeep
|turn|24
|
|t:|1769321855
|move|p1a: Whimsicott|Shadow Ball|p2a: Gholdengo
|-supereffective|p2a: Gholdengo
|-damage|p2a: Gholdengo|0 fnt
|faint|p2a: Gholdengo
|
|upkeep
|
|t:|1769321859
|switch|p2a: Ogerpon|Ogerpon-Wellspring, F|100/100
|turn|25
|
|t:|1769321871
|switch|p1a: Garganacl|Garganacl, M|100/100
|-damage|p1a: Garganacl|88/100|[from] Stealth Rock
|move|p2a: Ogerpon|Play Rough|p1a: Garganacl
|-damage|p1a: Garganacl|66/100
|
|-heal|p1a: Garganacl|72/100|[from] item: Leftovers
|upkeep
|turn|26
|
|t:|1769321881
|-terastallize|p2a: Ogerpon|Water
|detailschange|p2a: Ogerpon|Ogerpon-Wellspring-Tera, F, tera:Water
|-ability|p2a: Ogerpon|Embody Aspect (Wellspring)|boost
|-boost|p2a: Ogerpon|spd|1
|move|p1a: Garganacl|Protect|p1a: Garganacl
|-singleturn|p1a: Garganacl|Protect
|move|p2a: Ogerpon|Ivy Cudgel|p1a: Garganacl|[anim] Ivy Cudgel Water
|-activate|p1a: Garganacl|move: Protect
|
|-heal|p1a: Garganacl|78/100|[from] item: Leftovers
|upkeep
|turn|27
|
|t:|1769321889
|-terastallize|p1a: Garganacl|Ghost
|move|p2a: Ogerpon|Taunt|p1a: Garganacl
|-start|p1a: Garganacl|move: Taunt
|cant|p1a: Garganacl|move: Taunt|Recover
|
|-heal|p1a: Garganacl|84/100|[from] item: Leftovers
|upkeep
|turn|28
|
|t:|1769321895
|move|p2a: Ogerpon|Ivy Cudgel|p1a: Garganacl|[anim] Ivy Cudgel Water
|-damage|p1a: Garganacl|34/100
|move|p1a: Garganacl|Salt Cure|p2a: Ogerpon
|-damage|p2a: Ogerpon|83/100
|-start|p2a: Ogerpon|Salt Cure
|
|-heal|p1a: Garganacl|41/100|[from] item: Leftovers
|-damage|p2a: Ogerpon|58/100|[from] Salt Cure
|upkeep
|turn|29
|
|t:|1769321900
|move|p2a: Ogerpon|Ivy Cudgel|p1a: Garganacl|[anim] Ivy Cudgel Water
|-damage|p1a: Garganacl|0 fnt
|faint|p1a: Garganacl
|
|-damage|p2a: Ogerpon|33/100|[from] Salt Cure
|upkeep
|
|t:|1769321904
|switch|p1a: Whimsicott|Whimsicott, M|88/100
|-damage|p1a: Whimsicott|76/100|[from] Stealth Rock
|turn|30
|
|t:|1769321909
|move|p1a: Whimsicott|Moonblast|p2a: Ogerpon
|-damage|p2a: Ogerpon|0 fnt
|faint|p2a: Ogerpon
|detailschange|p2: Ogerpon|Ogerpon-Wellspring, F|[silent]
|
|upkeep
|
|t:|1769321913
|switch|p2a: Dragonite|Dragonite, F|100/100
|turn|31
|
|t:|1769321917
|move|p1a: Whimsicott|Moonblast|p2a: Dragonite
|-supereffective|p2a: Dragonite
|-damage|p2a: Dragonite|58/100
|-unboost|p2a: Dragonite|spa|1
|move|p2a: Dragonite|Dragon Dance|p2a: Dragonite
|-boost|p2a: Dragonite|atk|1
|-boost|p2a: Dragonite|spe|1
|
|upkeep
|turn|32
|
|t:|1769321920
|move|p1a: Whimsicott|Moonblast|p2a: Dragonite
|-supereffective|p2a: Dragonite
|-damage|p2a: Dragonite|0 fnt
|faint|p2a: Dragonite
|
|upkeep
|-message|SayD-6720 forfeited.
|
|win|106abd
|raw|106abd's rating: 1315 &rarr; <strong>1336</strong><br />(+21 for winning)
|raw|SayD-6720's rating: 1334 &rarr; <strong>1313</strong><br />(-21 for losing)
|l|☆SayD-6720
|player|p2|
|l|☆106abd
|player|p1|
