|j|☆maravive23
|j|☆chopinthe3rd
|t:|1769381653
|gametype|singles
|player|p1|maravive23|266|1131
|player|p2|chopinthe3rd|marshal|1099
|gen|9
|tier|[Gen 9] OU
|rated|
|rule|HP Percentage Mod: HP is shown in percentages
|rule|Endless Battle Clause: Forcing endless battles is banned
|rule|Species Clause: Limit one of each Pokémon
|rule|OHKO Clause: OHKO moves are banned
|rule|Evasion Items Clause: Evasion items are banned
|rule|Evasion Moves Clause: Evasion moves are banned
|rule|Evasion Abilities Clause: Evasion abilities are banned
|rule|Sleep Moves Clause: Sleep-inducing moves are banned
|clearpoke
|poke|p1|Wartortle, F|
|poke|p1|Tyranitar, M|
|poke|p1|Raichu-Alola, M|
|poke|p1|Blaziken, M|
|poke|p1|Dudunsparce-*, M|
|poke|p1|Pelipper, F|
|poke|p2|Falinks|
|poke|p2|Crawdaunt, M|
|poke|p2|Arcanine, M|
|poke|p2|Sceptile, M|
|poke|p2|Swampert, F|
|poke|p2|Staraptor, M|
|teampreview
|c|☆chopinthe3rd|Cool team
|
|t:|1769381673
|teamsize|p1|6
|teamsize|p2|6
|start
|switch|p1a: Pelipper|Pelipper, F|100/100
|switch|p2a: Staraptor|Staraptor, M|100/100
|-weather|RainDance|[from] ability: Drizzle|[of] p1a: Pelipper
|turn|1
|
|t:|1769381702
|move|p2a: Staraptor|Brave Bird|p1a: Pelipper
|-damage|p1a: Pelipper|36/100
|-damage|p2a: Staraptor|78/100|[from] Recoil
|move|p1a: Pelipper|Knock Off|p2a: Staraptor
|-damage|p2a: Staraptor|58/100
|-enditem|p2a: Staraptor|Sharp Beak|[from] move: Knock Off|[of] p1a: Pelipper
|
|-weather|RainDance|[upkeep]
|upkeep
|turn|2
|
|t:|1769381719
|move|p2a: Staraptor|Double-Edge|p1a: Pelipper
|-damage|p1a: Pelipper|0 fnt
|faint|p1a: Pelipper
|-damage|p2a: Staraptor|46/100|[from] Recoil
|
|-weather|RainDance|[upkeep]
|upkeep
|
|t:|1769381729
|switch|p1a: Wartortle|Wartortle, F, shiny|100/100
|turn|3
|
|t:|1769381735
|move|p2a: Staraptor|Brave Bird|p1a: Wartortle
|-damage|p1a: Wartortle|39/100
|-damage|p2a: Staraptor|25/100|[from] Recoil
|move|p1a: Wartortle|Chilling Water|p2a: Staraptor
|-damage|p2a: Staraptor|0 fnt
|faint|p2a: Staraptor
|
|-weather|RainDance|[upkeep]
|-heal|p1a: Wartortle|45/100|[from] ability: Rain Dish
|upkeep
|
|t:|1769381747
|switch|p2a: Crawdaunt|Crawdaunt, M|100/100
|turn|4
|
|t:|1769381759
|switch|p1a: Raichu|Raichu-Alola, M|100/100
|move|p2a: Crawdaunt|Knock Off|p1a: Raichu
|-supereffective|p1a: Raichu
|-damage|p1a: Raichu|0 fnt
|-enditem|p1a: Raichu|Life Orb|[from] move: Knock Off|[of] p2a: Crawdaunt
|faint|p1a: Raichu
|
|-weather|RainDance|[upkeep]
|upkeep
|
|t:|1769381762
|switch|p1a: Dudunsparce|Dudunsparce, M|100/100
|turn|5
|
|t:|1769381771
|move|p2a: Crawdaunt|Liquidation|p1a: Dudunsparce
|-damage|p1a: Dudunsparce|10/100
|move|p1a: Dudunsparce|Coil|p1a: Dudunsparce
|-boost|p1a: Dudunsparce|atk|1
|-boost|p1a: Dudunsparce|def|1
|-boost|p1a: Dudunsparce|accuracy|1
|
|-weather|RainDance|[upkeep]
|-heal|p1a: Dudunsparce|16/100|[from] item: Leftovers
|upkeep
|turn|6
|-message|maravive23 forfeited.
|
|win|chopinthe3rd
|raw|maravive23's rating: 1131 &rarr; <strong>1104</strong><br />(-27 for losing)
|raw|chopinthe3rd's rating: 1099 &rarr; <strong>1126</strong><br />(+27 for winning)
|l|☆maravive23
|player|p1|
|l|☆chopinthe3rd
|player|p2|
