|j|☆Renjor leienda
|j|☆toxel.png
|t:|1769384828
|gametype|singles
|player|p1|Renjor leienda|265|1444
|player|p2|toxel.png|roxie|1394
|gen|9
|tier|[Gen 9] OU
|rated|
|rule|HP Percentage Mod: HP is shown in percentages
|rule|Endless Battle Clause: Forcing endless battles is banned
|rule|Species Clause: Limit one of each Pokémon
|rule|OHKO Clause: OHKO moves are banned
|rule|Evasion Items Clause: Evasion items are banned
|rule|Evasion Moves Clause: Evasion moves are banned
|rule|Evasion Abilities Clause: Evasion abilities are banned
|rule|Sleep Moves Clause: Sleep-inducing moves are banned
|clearpoke
|poke|p1|Iron Valiant|
|poke|p1|Excadrill, M|
|poke|p1|Tyranitar, M|
|poke|p1|Tornadus-Therian, M|
|poke|p1|Ogerpon-Cornerstone, F|
|poke|p1|Toxapex, M|
|poke|p2|Grimmsnarl, M|
|poke|p2|Toxtricity, M|
|poke|p2|Dragonite, M|
|poke|p2|Incineroar, M|
|poke|p2|Weavile, M|
|poke|p2|Corviknight, F|
|teampreview
|
|t:|1769384834
|teamsize|p1|6
|teamsize|p2|6
|start
|switch|p1a: Tyranitar|Tyranitar, M, shiny|100/100
|switch|p2a: ♪ Chop Suey!|Grimmsnarl, M|100/100
|-weather|Sandstorm|[from] ability: Sand Stream|[of] p1a: Tyranitar
|turn|1
|inactive|Battle timer is ON: inactive players will automatically lose when time's up. (requested by toxel.png)
|
|t:|1769384840
|switch|p1a: Excadrill|Excadrill, M, shiny|100/100
|move|p2a: ♪ Chop Suey!|Spirit Break|p1a: Excadrill
|-resisted|p1a: Excadrill
|-damage|p1a: Excadrill|78/100
|-unboost|p1a: Excadrill|spa|1
|
|-weather|Sandstorm|[upkeep]
|-damage|p2a: ♪ Chop Suey!|94/100|[from] Sandstorm
|-heal|p1a: Excadrill|84/100|[from] item: Leftovers
|upkeep
|turn|2
|
|t:|1769384843
|move|p2a: ♪ Chop Suey!|Parting Shot|p1a: Excadrill
|-unboost|p1a: Excadrill|atk|1
|-unboost|p1a: Excadrill|spa|1
|
|t:|1769384846
|switch|p2a: ♪ Still Shinin’|Corviknight, F|100/100|[from] Parting Shot
|-ability|p2a: ♪ Still Shinin’|Pressure
|move|p1a: Excadrill|Swords Dance|p1a: Excadrill
|-boost|p1a: Excadrill|atk|2
|
|-weather|Sandstorm|[upkeep]
|-heal|p1a: Excadrill|91/100|[from] item: Leftovers
|upkeep
|turn|3
|
|t:|1769384850
|switch|p1a: Toxapex|Toxapex, M, shiny|100/100
|move|p2a: ♪ Still Shinin’|Body Press|p1a: Toxapex
|-resisted|p1a: Toxapex
|-damage|p1a: Toxapex|92/100
|-enditem|p1a: Toxapex|Eject Button
|
|t:|1769384853
|switch|p1a: Tornadus|Tornadus-Therian, M, shiny|100/100
|
|-weather|Sandstorm|[upkeep]
|-damage|p1a: Tornadus|94/100|[from] Sandstorm
|upkeep
|turn|4
|
|t:|1769384856
|move|p1a: Tornadus|Heat Wave|p2a: ♪ Still Shinin’
|-supereffective|p2a: ♪ Still Shinin’
|-damage|p2a: ♪ Still Shinin’|12/100
|move|p2a: ♪ Still Shinin’|U-turn|p1a: Tornadus
|-resisted|p1a: Tornadus
|-damage|p1a: Tornadus|85/100
|
|t:|1769384861
|switch|p2a: ♪ One Beer|Incineroar, M|100/100|[from] U-turn
|-ability|p2a: ♪ One Beer|Intimidate|boost
|-unboost|p1a: Tornadus|atk|1
|
|-weather|Sandstorm|[upkeep]
|-damage|p1a: Tornadus|79/100|[from] Sandstorm
|-damage|p2a: ♪ One Beer|94/100|[from] Sandstorm
|upkeep
|turn|5
|
|t:|1769384866
|switch|p1a: Toxapex|Toxapex, M, shiny|100/100
|move|p2a: ♪ One Beer|Knock Off|p1a: Toxapex
|-damage|p1a: Toxapex|85/100
|
|-weather|Sandstorm|[upkeep]
|-damage|p2a: ♪ One Beer|88/100|[from] Sandstorm
|-damage|p1a: Toxapex|79/100|[from] Sandstorm
|upkeep
|turn|6
|
|t:|1769384875
|switch|p1a: Tornadus|Tornadus-Therian, M, shiny|100/100
|move|p2a: ♪ One Beer|Parting Shot|p1a: Tornadus
|-unboost|p1a: Tornadus|atk|1
|-unboost|p1a: Tornadus|spa|1
|
|t:|1769384880
|switch|p2a: ♪ King Von|Weavile, M|100/100|[from] Parting Shot
|-ability|p2a: ♪ King Von|Pressure
|
|-weather|Sandstorm|[upkeep]
|-damage|p2a: ♪ King Von|94/100|[from] Sandstorm
|-damage|p1a: Tornadus|94/100|[from] Sandstorm
|upkeep
|turn|7
|
|t:|1769384887
|switch|p1a: Toxapex|Toxapex, M, shiny|100/100
|move|p2a: ♪ King Von|Ice Shard|p1a: Toxapex
|-resisted|p1a: Toxapex
|-damage|p1a: Toxapex|92/100
|
|-weather|Sandstorm|[upkeep]
|-damage|p2a: ♪ King Von|88/100|[from] Sandstorm
|-damage|p1a: Toxapex|86/100|[from] Sandstorm
|upkeep
|turn|8
|
|t:|1769384894
|switch|p2a: ♪ Still Shinin’|Corviknight, F|12/100
|-ability|p2a: ♪ Still Shinin’|Pressure
|move|p1a: Toxapex|Toxic Spikes|p2a: ♪ Still Shinin’
|-sidestart|p2: toxel.png|move: Toxic Spikes
|
|-weather|none
|upkeep
|turn|9
|
|t:|1769384898
|switch|p1a: Tornadus|Tornadus-Therian, M, shiny|100/100
|move|p2a: ♪ Still Shinin’|Roost|p2a: ♪ Still Shinin’
|-heal|p2a: ♪ Still Shinin’|62/100
|-singleturn|p2a: ♪ Still Shinin’|move: Roost
|
|upkeep
|turn|10
|
|t:|1769384901
|switch|p2a: ♪ One Beer|Incineroar, M|88/100
|-ability|p2a: ♪ One Beer|Intimidate|boost
|-unboost|p1a: Tornadus|atk|1
|move|p1a: Tornadus|Bleakwind Storm|p2a: ♪ One Beer
|-damage|p2a: ♪ One Beer|38/100
|-unboost|p2a: ♪ One Beer|spe|1
|
|upkeep
|turn|11
|
|t:|1769384907
|move|p1a: Tornadus|Bleakwind Storm|p2a: ♪ One Beer
|-damage|p2a: ♪ One Beer|0 fnt
|faint|p2a: ♪ One Beer
|
|upkeep
|
|t:|1769384911
|switch|p2a: ♪ Stricken|Toxtricity, M|100/100
|-sideend|p2: toxel.png|move: Toxic Spikes|[of] p2a: ♪ Stricken
|turn|12
|
|t:|1769384915
|switch|p1a: Excadrill|Excadrill, M, shiny|91/100
|move|p2a: ♪ Stricken|Boomburst|p1a: Excadrill
|-resisted|p1a: Excadrill
|-damage|p1a: Excadrill|28/100
|
|-heal|p1a: Excadrill|35/100|[from] item: Leftovers
|upkeep
|turn|13
|
|t:|1769384922
|switch|p2a: ♪ Still Shinin’|Corviknight, F|62/100
|-ability|p2a: ♪ Still Shinin’|Pressure
|move|p1a: Excadrill|Earthquake|p2a: ♪ Still Shinin’
|-immune|p2a: ♪ Still Shinin’
|
|-heal|p1a: Excadrill|41/100|[from] item: Leftovers
|upkeep
|turn|14
|
|t:|1769384930
|switch|p1a: Toxapex|Toxapex, M, shiny|100/100
|move|p2a: ♪ Still Shinin’|U-turn|p1a: Toxapex
|-resisted|p1a: Toxapex
|-damage|p1a: Toxapex|96/100
|
|t:|1769384933
|switch|p2a: ♪ Stricken|Toxtricity, M|100/100|[from] U-turn
|
|upkeep
|turn|15
|
|t:|1769384941
|move|p2a: ♪ Stricken|Overdrive|p1a: Toxapex
|-supereffective|p1a: Toxapex
|-damage|p1a: Toxapex|0 fnt
|faint|p1a: Toxapex
|
|upkeep
|
|t:|1769384944
|switch|p1a: Tyranitar|Tyranitar, M, shiny|100/100
|-weather|Sandstorm|[from] ability: Sand Stream|[of] p1a: Tyranitar
|turn|16
|
|t:|1769384954
|switch|p2a: ♪ Still Shinin’|Corviknight, F|62/100
|-ability|p2a: ♪ Still Shinin’|Pressure
|move|p1a: Tyranitar|Stealth Rock|p2a: ♪ Still Shinin’
|-sidestart|p2: toxel.png|move: Stealth Rock
|
|-weather|Sandstorm|[upkeep]
|upkeep
|turn|17
|
|t:|1769384965
|switch|p1a: Tornadus|Tornadus-Therian, M, shiny|100/100
|move|p2a: ♪ Still Shinin’|Defog|p1a: Tornadus
|-unboost|p1a: Tornadus|evasion|1
|-sideend|p2: toxel.png|Stealth Rock|[from] move: Defog|[of] p2a: ♪ Still Shinin’
|
|-weather|Sandstorm|[upkeep]
|-damage|p1a: Tornadus|94/100|[from] Sandstorm
|upkeep
|turn|18
|
|t:|1769384981
|switch|p2a: ♪ Chop Suey!|Grimmsnarl, M|94/100
|move|p1a: Tornadus|Bleakwind Storm|p2a: ♪ Chop Suey!
|-damage|p2a: ♪ Chop Suey!|45/100
|
|-weather|Sandstorm|[upkeep]
|-damage|p1a: Tornadus|88/100|[from] Sandstorm
|-damage|p2a: ♪ Chop Suey!|39/100|[from] Sandstorm
|upkeep
|turn|19
|
|t:|1769384987
|move|p2a: ♪ Chop Suey!|Thunder Wave|p1a: Tornadus
|-status|p1a: Tornadus|par
|move|p1a: Tornadus|Bleakwind Storm|p2a: ♪ Chop Suey!
|-damage|p2a: ♪ Chop Suey!|0 fnt
|faint|p2a: ♪ Chop Suey!
|
|-weather|Sandstorm|[upkeep]
|-damage|p1a: Tornadus|82/100 par|[from] Sandstorm
|upkeep
|
|t:|1769384993
|switch|p2a: ♪ Stricken|Toxtricity, M|100/100
|turn|20
|
|t:|1769385003
|switch|p1a: Tyranitar|Tyranitar, M, shiny|100/100
|move|p2a: ♪ Stricken|Boomburst|p1a: Tyranitar
|-resisted|p1a: Tyranitar
|-damage|p1a: Tyranitar|70/100
|
|-weather|Sandstorm|[upkeep]
|-damage|p2a: ♪ Stricken|94/100|[from] Sandstorm
|upkeep
|turn|21
|
|t:|1769385010
|switch|p2a: ♪ Still Shinin’|Corviknight, F|62/100
|-ability|p2a: ♪ Still Shinin’|Pressure
|move|p1a: Tyranitar|Stone Edge|p2a: ♪ Still Shinin’|[miss]
|-miss|p1a: Tyranitar|p2a: ♪ Still Shinin’
|
|-weather|Sandstorm|[upkeep]
|upkeep
|turn|22
|
|t:|1769385019
|switch|p1a: Tornadus|Tornadus-Therian, M, shiny|100/100 par
|move|p2a: ♪ Still Shinin’|U-turn|p1a: Tornadus
|-resisted|p1a: Tornadus
|-damage|p1a: Tornadus|90/100 par
|
|t:|1769385029
|switch|p2a: ♪ King Von|Weavile, M|88/100|[from] U-turn
|-ability|p2a: ♪ King Von|Pressure
|
|-weather|Sandstorm|[upkeep]
|-damage|p2a: ♪ King Von|82/100|[from] Sandstorm
|-damage|p1a: Tornadus|84/100 par|[from] Sandstorm
|upkeep
|turn|23
|
|t:|1769385037
|move|p2a: ♪ King Von|Triple Axel|p1a: Tornadus
|-supereffective|p1a: Tornadus
|-damage|p1a: Tornadus|44/100 par
|-supereffective|p1a: Tornadus
|-damage|p1a: Tornadus|0 fnt
|faint|p1a: Tornadus
|-hitcount|p1: Tornadus|2
|
|-weather|none
|upkeep
|
|t:|1769385042
|switch|p1a: Iron Valiant|Iron Valiant, shiny|100/100
|turn|24
|
|t:|1769385047
|switch|p2a: ♪ Still Shinin’|Corviknight, F|62/100
|-ability|p2a: ♪ Still Shinin’|Pressure
|move|p1a: Iron Valiant|Vacuum Wave|p2a: ♪ Still Shinin’
|-crit|p2a: ♪ Still Shinin’
|-damage|p2a: ♪ Still Shinin’|20/100
|
|upkeep
|turn|25
|
|t:|1769385050
|move|p1a: Iron Valiant|Vacuum Wave|p2a: ♪ Still Shinin’
|-damage|p2a: ♪ Still Shinin’|0 fnt
|faint|p2a: ♪ Still Shinin’
|
|upkeep
|
|t:|1769385054
|switch|p2a: ♪ Aeriels|Dragonite, M|100/100
|turn|26
|
|t:|1769385057
|-end|p1a: Iron Valiant|Quark Drive|[silent]
|switch|p1a: Tyranitar|Tyranitar, M, shiny|70/100
|-weather|Sandstorm|[from] ability: Sand Stream|[of] p1a: Tyranitar
|-terastallize|p2a: ♪ Aeriels|Flying
|move|p2a: ♪ Aeriels|Dragon Dance|p2a: ♪ Aeriels
|-boost|p2a: ♪ Aeriels|atk|1
|-boost|p2a: ♪ Aeriels|spe|1
|
|-weather|Sandstorm|[upkeep]
|-damage|p2a: ♪ Aeriels|94/100|[from] Sandstorm
|upkeep
|turn|27
|
|t:|1769385063
|-terastallize|p1a: Tyranitar|Bug
|move|p2a: ♪ Aeriels|Earthquake|p1a: Tyranitar
|-resisted|p1a: Tyranitar
|-damage|p1a: Tyranitar|42/100
|move|p1a: Tyranitar|Ice Punch|p2a: ♪ Aeriels
|-supereffective|p2a: ♪ Aeriels
|-damage|p2a: ♪ Aeriels|28/100
|
|-weather|Sandstorm|[upkeep]
|-damage|p2a: ♪ Aeriels|22/100|[from] Sandstorm
|-damage|p1a: Tyranitar|35/100|[from] Sandstorm
|upkeep
|turn|28
|
|t:|1769385070
|move|p2a: ♪ Aeriels|Tera Blast|p1a: Tyranitar|[anim] Tera Blast Flying
|-supereffective|p1a: Tyranitar
|-damage|p1a: Tyranitar|0 fnt
|faint|p1a: Tyranitar
|
|-weather|Sandstorm|[upkeep]
|-damage|p2a: ♪ Aeriels|16/100|[from] Sandstorm
|upkeep
|
|t:|1769385072
|switch|p1a: Excadrill|Excadrill, M, shiny|41/100
|turn|29
|
|t:|1769385081
|move|p1a: Excadrill|Rock Slide|p2a: ♪ Aeriels
|-supereffective|p2a: ♪ Aeriels
|-damage|p2a: ♪ Aeriels|0 fnt
|faint|p2a: ♪ Aeriels
|
|-weather|Sandstorm|[upkeep]
|-heal|p1a: Excadrill|47/100|[from] item: Leftovers
|upkeep
|
|t:|1769385084
|switch|p2a: ♪ King Von|Weavile, M|82/100
|-ability|p2a: ♪ King Von|Pressure
|turn|30
|
|t:|1769385086
|move|p2a: ♪ King Von|Ice Shard|p1a: Excadrill
|-damage|p1a: Excadrill|1/100
|move|p1a: Excadrill|Rock Slide|p2a: ♪ King Von
|-supereffective|p2a: ♪ King Von
|-damage|p2a: ♪ King Von|0 fnt
|faint|p2a: ♪ King Von
|
|-weather|Sandstorm|[upkeep]
|-heal|p1a: Excadrill|7/100|[from] item: Leftovers
|upkeep
|c|☆toxel.png|lucky
|
|t:|1769385100
|switch|p2a: ♪ Stricken|Toxtricity, M|94/100
|turn|31
|
|t:|1769385106
|move|p1a: Excadrill|Earthquake|p2a: ♪ Stricken
|-supereffective|p2a: ♪ Stricken
|-damage|p2a: ♪ Stricken|0 fnt
|faint|p2a: ♪ Stricken
|
|win|Renjor leienda
|raw|Renjor leienda's rating: 1444 &rarr; <strong>1461</strong><br />(+17 for winning)
|raw|toxel.png's rating: 1394 &rarr; <strong>1377</strong><br />(-17 for losing)
|c|☆toxel.png|GGs
|c|☆Renjor leienda|Gg
|l|☆Renjor leienda
|player|p1|
|l|☆toxel.png
|player|p2|
