|j|☆brodiewhat
|j|☆lolcano46
|t:|1769308099
|gametype|singles
|player|p1|brodiewhat|fisherman-gen4|1522
|player|p2|lolcano46|fisherman-gen4|1547
|gen|9
|tier|[Gen 9] OU
|rated|
|rule|HP Percentage Mod: HP is shown in percentages
|rule|Endless Battle Clause: Forcing endless battles is banned
|rule|Species Clause: Limit one of each Pokémon
|rule|OHKO Clause: OHKO moves are banned
|rule|Evasion Items Clause: Evasion items are banned
|rule|Evasion Moves Clause: Evasion moves are banned
|rule|Evasion Abilities Clause: Evasion abilities are banned
|rule|Sleep Moves Clause: Sleep-inducing moves are banned
|clearpoke
|poke|p1|Snorlax, M|
|poke|p1|Rillaboom, M|
|poke|p1|Great Tusk|
|poke|p1|Ting-Lu|
|poke|p1|Gholdengo|
|poke|p1|Greninja-*, M|
|poke|p2|Azelf|
|poke|p2|Ogerpon-Wellspring, F|
|poke|p2|Scizor, M|
|poke|p2|Gengar, M|
|poke|p2|Raging Bolt|
|poke|p2|Cinderace, F|
|teampreview
|inactive|Battle timer is ON: inactive players will automatically lose when time's up. (requested by lolcano46)
|inactive|brodiewhat also wants the timer to be on.
|
|t:|1769308109
|teamsize|p1|6
|teamsize|p2|6
|start
|switch|p1a: Snorlax|Snorlax, M|100/100
|switch|p2a: Cinderace|Cinderace, F|100/100
|turn|1
|
|t:|1769308120
|move|p2a: Cinderace|Will-O-Wisp|p1a: Snorlax
|-status|p1a: Snorlax|brn
|move|p1a: Snorlax|Body Slam|p2a: Cinderace
|-damage|p2a: Cinderace|72/100
|-status|p2a: Cinderace|par
|
|-damage|p1a: Snorlax|94/100 brn|[from] brn
|upkeep
|turn|2
|
|t:|1769308131
|move|p2a: Cinderace|Pyro Ball|p1a: Snorlax
|-damage|p1a: Snorlax|70/100 brn
|move|p1a: Snorlax|High Horsepower|p2a: Cinderace|[miss]
|-miss|p1a: Snorlax|p2a: Cinderace
|
|-damage|p1a: Snorlax|64/100 brn|[from] brn
|upkeep
|turn|3
|
|t:|1769308138
|cant|p2a: Cinderace|par
|move|p1a: Snorlax|Body Slam|p2a: Cinderace
|-damage|p2a: Cinderace|41/100 par
|
|-damage|p1a: Snorlax|58/100 brn|[from] brn
|upkeep
|turn|4
|
|t:|1769308144
|move|p2a: Cinderace|Pyro Ball|p1a: Snorlax
|-damage|p1a: Snorlax|35/100 brn
|move|p1a: Snorlax|High Horsepower|p2a: Cinderace
|-supereffective|p2a: Cinderace
|-damage|p2a: Cinderace|0 fnt
|faint|p2a: Cinderace
|
|-damage|p1a: Snorlax|29/100 brn|[from] brn
|upkeep
|
|t:|1769308151
|switch|p2a: Ogerpon|Ogerpon-Wellspring, F|100/100
|turn|5
|
|t:|1769308153
|move|p2a: Ogerpon|Ivy Cudgel|p1a: Snorlax|[anim] Ivy Cudgel Water
|-damage|p1a: Snorlax|0 fnt
|faint|p1a: Snorlax
|
|upkeep
|
|t:|1769308160
|switch|p1a: Gholdengo|Gholdengo|100/100
|turn|6
|
|t:|1769308163
|move|p2a: Ogerpon|Ivy Cudgel|p1a: Gholdengo|[anim] Ivy Cudgel Water
|-damage|p1a: Gholdengo|64/100
|move|p1a: Gholdengo|Thunder Wave|p2a: Ogerpon|[miss]
|-miss|p1a: Gholdengo|p2a: Ogerpon
|
|-heal|p1a: Gholdengo|70/100|[from] item: Leftovers
|upkeep
|turn|7
|
|t:|1769308170
|switch|p2a: Raging Bolt|Raging Bolt|100/100
|-enditem|p2a: Raging Bolt|Booster Energy
|-activate|p2a: Raging Bolt|ability: Protosynthesis|[fromitem]
|-start|p2a: Raging Bolt|protosynthesisspa
|move|p1a: Gholdengo|Thunder Wave|p2a: Raging Bolt
|-immune|p2a: Raging Bolt
|
|-heal|p1a: Gholdengo|76/100|[from] item: Leftovers
|upkeep
|turn|8
|
|t:|1769308180
|switch|p1a: Ting-Lu|Ting-Lu|100/100
|-ability|p1a: Ting-Lu|Vessel of Ruin
|move|p2a: Raging Bolt|Dragon Pulse|p1a: Ting-Lu
|-damage|p1a: Ting-Lu|73/100
|
|-heal|p1a: Ting-Lu|79/100|[from] item: Leftovers
|upkeep
|turn|9
|
|t:|1769308189
|move|p2a: Raging Bolt|Dragon Pulse|p1a: Ting-Lu
|-crit|p1a: Ting-Lu
|-damage|p1a: Ting-Lu|40/100
|move|p1a: Ting-Lu|Stealth Rock|p2a: Raging Bolt
|-sidestart|p2: lolcano46|move: Stealth Rock
|
|-heal|p1a: Ting-Lu|46/100|[from] item: Leftovers
|upkeep
|turn|10
|
|t:|1769308194
|-end|p2a: Raging Bolt|Protosynthesis|[silent]
|switch|p2a: Azelf|Azelf|100/100
|-damage|p2a: Azelf|88/100|[from] Stealth Rock
|move|p1a: Ting-Lu|Ruination|p2a: Azelf|[miss]
|-miss|p1a: Ting-Lu|p2a: Azelf
|
|-heal|p1a: Ting-Lu|52/100|[from] item: Leftovers
|upkeep
|turn|11
|
|t:|1769308198
|move|p2a: Azelf|Dazzling Gleam|p1a: Ting-Lu
|-supereffective|p1a: Ting-Lu
|-damage|p1a: Ting-Lu|25/100
|move|p1a: Ting-Lu|Heavy Slam|p2a: Azelf
|-damage|p2a: Azelf|42/100
|
|-heal|p1a: Ting-Lu|31/100|[from] item: Leftovers
|upkeep
|turn|12
|
|t:|1769308204
|-terastallize|p2a: Azelf|Fairy
|move|p2a: Azelf|Dazzling Gleam|p1a: Ting-Lu
|-supereffective|p1a: Ting-Lu
|-damage|p1a: Ting-Lu|0 fnt
|faint|p1a: Ting-Lu
|
|upkeep
|
|t:|1769308222
|switch|p1a: Greninja|Greninja, M|100/100
|turn|13
|
|t:|1769308225
|switch|p2a: Raging Bolt|Raging Bolt|100/100
|-damage|p2a: Raging Bolt|88/100|[from] Stealth Rock
|move|p1a: Greninja|Dark Pulse|p2a: Raging Bolt
|-damage|p2a: Raging Bolt|35/100
|
|upkeep
|turn|14
|
|t:|1769308232
|switch|p1a: Great Tusk|Great Tusk|100/100
|move|p2a: Raging Bolt|Thunderbolt|p1a: Great Tusk
|-immune|p1a: Great Tusk
|
|upkeep
|turn|15
|
|t:|1769308238
|-end|p2a: Raging Bolt|Protosynthesis|[silent]
|switch|p2a: Azelf|Azelf, tera:Fairy|42/100
|-damage|p2a: Azelf|30/100|[from] Stealth Rock
|move|p1a: Great Tusk|Ice Spinner|p2a: Azelf
|-damage|p2a: Azelf|0 fnt
|faint|p2a: Azelf
|
|upkeep
|
|t:|1769308241
|switch|p2a: Ogerpon|Ogerpon-Wellspring, F|100/100
|-damage|p2a: Ogerpon|88/100|[from] Stealth Rock
|turn|16
|
|t:|1769308248
|-end|p1a: Great Tusk|Protosynthesis|[silent]
|switch|p1a: Gholdengo|Gholdengo|76/100
|move|p2a: Ogerpon|Swords Dance|p2a: Ogerpon
|-boost|p2a: Ogerpon|atk|2
|
|-heal|p1a: Gholdengo|82/100|[from] item: Leftovers
|upkeep
|turn|17
|
|t:|1769308253
|move|p2a: Ogerpon|Ivy Cudgel|p1a: Gholdengo|[anim] Ivy Cudgel Water
|-damage|p1a: Gholdengo|0 fnt
|faint|p1a: Gholdengo
|
|upkeep
|j| learningstall67
|l| learningstall67
|
|t:|1769308259
|switch|p1a: Rillaboom|Rillaboom, M|100/100
|-fieldstart|move: Grassy Terrain|[from] ability: Grassy Surge|[of] p1a: Rillaboom
|turn|18
|
|t:|1769308264
|switch|p2a: Raging Bolt|Raging Bolt|35/100
|-damage|p2a: Raging Bolt|22/100|[from] Stealth Rock
|-terastallize|p1a: Rillaboom|Grass
|move|p1a: Rillaboom|Grassy Glide|p2a: Raging Bolt
|-resisted|p2a: Raging Bolt
|-damage|p2a: Raging Bolt|0 fnt
|faint|p2a: Raging Bolt
|-end|p2a: Raging Bolt|Protosynthesis|[silent]
|
|upkeep
|
|t:|1769308266
|switch|p2a: Gengar|Gengar, M|100/100
|-damage|p2a: Gengar|88/100|[from] Stealth Rock
|turn|19
|
|t:|1769308276
|move|p1a: Rillaboom|Grassy Glide|p2a: Gengar
|-resisted|p2a: Gengar
|-damage|p2a: Gengar|8/100
|-start|p1a: Rillaboom|Disable|Grassy Glide|[from] ability: Cursed Body|[of] p2a: Gengar
|move|p2a: Gengar|Sludge Bomb|p1a: Rillaboom
|-supereffective|p1a: Rillaboom
|-damage|p1a: Rillaboom|0 fnt
|faint|p1a: Rillaboom
|
|-heal|p2a: Gengar|14/100|[from] Grassy Terrain
|upkeep
|
|t:|1769308290
|switch|p1a: Greninja|Greninja, M|100/100
|turn|20
|
|t:|1769308293
|move|p2a: Gengar|Sludge Bomb|p1a: Greninja
|-damage|p1a: Greninja|26/100
|move|p1a: Greninja|Dark Pulse|p2a: Gengar
|-supereffective|p2a: Gengar
|-damage|p2a: Gengar|0 fnt
|faint|p2a: Gengar
|-ability|p1a: Greninja|Battle Bond|boost
|-boost|p1a: Greninja|atk|1
|-boost|p1a: Greninja|spa|1
|-boost|p1a: Greninja|spe|1
|-activate|p1a: Greninja|ability: Battle Bond
|
|-heal|p1a: Greninja|32/100|[from] Grassy Terrain
|upkeep
|
|t:|1769308299
|switch|p2a: Scizor|Scizor, M|100/100
|-damage|p2a: Scizor|88/100|[from] Stealth Rock
|turn|21
|
|t:|1769308307
|move|p2a: Scizor|Bullet Punch|p1a: Greninja
|-resisted|p1a: Greninja
|-damage|p1a: Greninja|0 fnt
|faint|p1a: Greninja
|
|-heal|p2a: Scizor|94/100|[from] Grassy Terrain
|upkeep
|
|t:|1769308309
|switch|p1a: Great Tusk|Great Tusk|100/100
|turn|22
|
|t:|1769308315
|move|p1a: Great Tusk|Rapid Spin|p2a: Scizor
|-resisted|p2a: Scizor
|-damage|p2a: Scizor|85/100
|-boost|p1a: Great Tusk|spe|1
|move|p2a: Scizor|Swords Dance|p2a: Scizor
|-boost|p2a: Scizor|atk|2
|
|-heal|p2a: Scizor|91/100|[from] Grassy Terrain
|-fieldend|move: Grassy Terrain
|upkeep
|turn|23
|
|t:|1769308320
|move|p2a: Scizor|Bullet Punch|p1a: Great Tusk
|-damage|p1a: Great Tusk|47/100
|move|p1a: Great Tusk|Knock Off|p2a: Scizor
|-damage|p2a: Scizor|53/100
|-enditem|p2a: Scizor|Punching Glove|[from] move: Knock Off|[of] p1a: Great Tusk
|
|upkeep
|turn|24
|
|t:|1769308325
|move|p2a: Scizor|Bullet Punch|p1a: Great Tusk
|-damage|p1a: Great Tusk|0 fnt
|faint|p1a: Great Tusk
|-end|p1a: Great Tusk|Protosynthesis|[silent]
|
|win|lolcano46
|raw|brodiewhat's rating: 1522 &rarr; <strong>1503</strong><br />(-19 for losing)
|raw|lolcano46's rating: 1547 &rarr; <strong>1566</strong><br />(+19 for winning)
|l|☆brodiewhat
|player|p1|
|l|☆lolcano46
|player|p2|
