|j|☆davikksston
|j|☆f4l1l0u
|t:|1769443817
|gametype|singles
|player|p1|davikksston|steven|1102
|player|p2|f4l1l0u|pokemaniac|1063
|gen|9
|tier|[Gen 9] OU
|rated|
|rule|HP Percentage Mod: HP is shown in percentages
|rule|Endless Battle Clause: Forcing endless battles is banned
|rule|Species Clause: Limit one of each Pokémon
|rule|OHKO Clause: OHKO moves are banned
|rule|Evasion Items Clause: Evasion items are banned
|rule|Evasion Moves Clause: Evasion moves are banned
|rule|Evasion Abilities Clause: Evasion abilities are banned
|rule|Sleep Moves Clause: Sleep-inducing moves are banned
|clearpoke
|poke|p1|Darkrai|
|poke|p1|Hippowdon, F|
|poke|p1|Tentacruel, F|
|poke|p1|Skarmory, M|
|poke|p1|Ceruledge, F|
|poke|p1|Dragonite, M|
|poke|p2|Clodsire, M|
|poke|p2|Quaquaval, M|
|poke|p2|Maushold-Four|
|poke|p2|Gardevoir, M|
|poke|p2|Cinderace, M|
|poke|p2|Sinistcha-Masterpiece|
|teampreview
|
|t:|1769443830
|teamsize|p1|6
|teamsize|p2|6
|start
|switch|p1a: Skarmory|Skarmory, M|100/100
|switch|p2a: Bassirou|Clodsire, M|100/100
|turn|1
|
|t:|1769443839
|switch|p2a: Femboy|Gardevoir, M, shiny|100/100
|-ability|p2a: Femboy|Sturdy|Trace|[from] ability: Trace|[of] p1a: Skarmory
|move|p1a: Skarmory|Stealth Rock|p2a: Femboy
|-sidestart|p2: f4l1l0u|move: Stealth Rock
|
|upkeep
|turn|2
|
|t:|1769443849
|move|p2a: Femboy|Mystical Fire|p1a: Skarmory
|-supereffective|p1a: Skarmory
|-damage|p1a: Skarmory|36/100
|-unboost|p1a: Skarmory|spa|1
|move|p1a: Skarmory|Brave Bird|p2a: Femboy
|-damage|p2a: Femboy|31/100
|-damage|p1a: Skarmory|17/100|[from] Recoil
|
|upkeep
|turn|3
|
|t:|1769443860
|switch|p1a: Tentacruel|Tentacruel, F|100/100
|move|p2a: Femboy|Mystical Fire|p1a: Tentacruel
|-resisted|p1a: Tentacruel
|-damage|p1a: Tentacruel|90/100
|
|upkeep
|turn|4
|
|t:|1769443896
|switch|p2a: Bassirou|Clodsire, M|100/100
|-damage|p2a: Bassirou|94/100|[from] Stealth Rock
|move|p1a: Tentacruel|Sludge Bomb|p2a: Bassirou
|-resisted|p2a: Bassirou
|-damage|p2a: Bassirou|88/100
|
|-heal|p2a: Bassirou|95/100|[from] item: Leftovers
|upkeep
|turn|5
|
|t:|1769443904
|switch|p2a: Femboy|Gardevoir, M, shiny|31/100
|-damage|p2a: Femboy|19/100|[from] Stealth Rock
|-ability|p2a: Femboy|Clear Body|Trace|[from] ability: Trace|[of] p1a: Tentacruel
|move|p1a: Tentacruel|Flip Turn|p2a: Femboy
|-crit|p2a: Femboy
|-damage|p2a: Femboy|0 fnt
|faint|p2a: Femboy
|
|t:|1769443916
|switch|p1a: Hippowdon|Hippowdon, F|100/100|[from] Flip Turn
|-weather|Sandstorm|[from] ability: Sand Stream|[of] p1a: Hippowdon
|
|-weather|Sandstorm|[upkeep]
|upkeep
|
|t:|1769443919
|switch|p2a: Mégazord|Quaquaval, M|100/100
|-damage|p2a: Mégazord|94/100|[from] Stealth Rock
|turn|6
|
|t:|1769443923
|switch|p1a: Skarmory|Skarmory, M|17/100
|move|p2a: Mégazord|Aqua Step|p1a: Skarmory
|-damage|p1a: Skarmory|0 fnt
|-boost|p2a: Mégazord|spe|1
|-damage|p2a: Mégazord|78/100|[from] item: Rocky Helmet|[of] p1a: Skarmory
|faint|p1a: Skarmory
|-ability|p2a: Mégazord|Moxie|boost
|-boost|p2a: Mégazord|atk|1
|
|-weather|Sandstorm|[upkeep]
|-damage|p2a: Mégazord|72/100|[from] Sandstorm
|upkeep
|
|t:|1769443930
|switch|p1a: Garibaldo|Dragonite, M, shiny|100/100
|turn|7
|
|t:|1769443936
|-terastallize|p1a: Garibaldo|Normal
|move|p1a: Garibaldo|Extreme Speed|p2a: Mégazord
|-damage|p2a: Mégazord|14/100
|move|p2a: Mégazord|Triple Axel|p1a: Garibaldo
|-damage|p1a: Garibaldo|95/100
|-damage|p1a: Garibaldo|71/100
|-damage|p1a: Garibaldo|36/100
|-hitcount|p1a: Garibaldo|3
|
|-weather|Sandstorm|[upkeep]
|-damage|p2a: Mégazord|8/100|[from] Sandstorm
|-damage|p1a: Garibaldo|29/100|[from] Sandstorm
|-heal|p1a: Garibaldo|36/100|[from] item: Leftovers
|upkeep
|turn|8
|
|t:|1769443945
|move|p1a: Garibaldo|Extreme Speed|p2a: Mégazord
|-damage|p2a: Mégazord|0 fnt
|faint|p2a: Mégazord
|
|-weather|Sandstorm|[upkeep]
|-damage|p1a: Garibaldo|29/100|[from] Sandstorm
|-heal|p1a: Garibaldo|36/100|[from] item: Leftovers
|upkeep
|
|t:|1769443948
|switch|p2a: Le Kiricrew|Maushold-Four|100/100
|-damage|p2a: Le Kiricrew|88/100|[from] Stealth Rock
|turn|9
|
|t:|1769443962
|switch|p1a: Hippowdon|Hippowdon, F|100/100
|-terastallize|p2a: Le Kiricrew|Ghost
|move|p2a: Le Kiricrew|Tidy Up|p2a: Le Kiricrew
|-sideend|p2: f4l1l0u|Stealth Rock
|-activate|p2a: Le Kiricrew|move: Tidy Up
|-boost|p2a: Le Kiricrew|atk|1
|-boost|p2a: Le Kiricrew|spe|1
|
|-weather|none
|upkeep
|turn|10
|
|t:|1769443969
|move|p2a: Le Kiricrew|Population Bomb|p1a: Hippowdon
|-damage|p1a: Hippowdon|92/100
|-damage|p1a: Hippowdon|84/100
|-damage|p1a: Hippowdon|75/100
|-damage|p1a: Hippowdon|67/100
|-damage|p1a: Hippowdon|59/100
|-damage|p1a: Hippowdon|51/100
|-damage|p1a: Hippowdon|42/100
|-damage|p1a: Hippowdon|32/100
|-damage|p1a: Hippowdon|24/100
|-damage|p1a: Hippowdon|15/100
|-hitcount|p1a: Hippowdon|10
|move|p1a: Hippowdon|Earthquake|p2a: Le Kiricrew
|-damage|p2a: Le Kiricrew|30/100
|
|-heal|p1a: Hippowdon|21/100|[from] item: Leftovers
|upkeep
|turn|11
|
|t:|1769443985
|move|p2a: Le Kiricrew|Population Bomb|p1a: Hippowdon
|-damage|p1a: Hippowdon|12/100
|-damage|p1a: Hippowdon|4/100
|-damage|p1a: Hippowdon|0 fnt
|faint|p1a: Hippowdon
|-hitcount|p1: Hippowdon|3
|
|upkeep
|
|t:|1769443993
|switch|p1a: Ceruledge|Ceruledge, F|100/100
|turn|12
|
|t:|1769443997
|move|p1a: Ceruledge|Shadow Sneak|p2a: Le Kiricrew
|-supereffective|p2a: Le Kiricrew
|-damage|p2a: Le Kiricrew|0 fnt
|faint|p2a: Le Kiricrew
|
|upkeep
|
|t:|1769444003
|switch|p2a: Bassirou|Clodsire, M|95/100
|turn|13
|
|t:|1769444007
|switch|p1a: Tentacruel|Tentacruel, F|90/100
|move|p2a: Bassirou|Amnesia|p2a: Bassirou
|-boost|p2a: Bassirou|spd|2
|
|-heal|p2a: Bassirou|100/100|[from] item: Leftovers
|upkeep
|turn|14
|
|t:|1769444014
|move|p1a: Tentacruel|Flip Turn|p2a: Bassirou
|-supereffective|p2a: Bassirou
|-damage|p2a: Bassirou|78/100
|
|t:|1769444020
|switch|p1a: Ceruledge|Ceruledge, F|100/100|[from] Flip Turn
|move|p2a: Bassirou|Earthquake|p1a: Ceruledge
|-supereffective|p1a: Ceruledge
|-damage|p1a: Ceruledge|20/100
|-ability|p1a: Ceruledge|Weak Armor|boost
|-unboost|p1a: Ceruledge|def|1
|-boost|p1a: Ceruledge|spe|2
|
|-heal|p2a: Bassirou|84/100|[from] item: Leftovers
|upkeep
|turn|15
|
|t:|1769444034
|move|p1a: Ceruledge|Shadow Claw|p2a: Bassirou
|-damage|p2a: Bassirou|60/100
|move|p2a: Bassirou|Gunk Shot|p1a: Ceruledge
|-resisted|p1a: Ceruledge
|-damage|p1a: Ceruledge|0 fnt
|faint|p1a: Ceruledge
|
|-heal|p2a: Bassirou|67/100|[from] item: Leftovers
|upkeep
|
|t:|1769444039
|switch|p1a: Garibaldo|Dragonite, M, shiny, tera:Normal|36/100
|turn|16
|
|t:|1769444049
|move|p1a: Garibaldo|Earthquake|p2a: Bassirou
|-supereffective|p2a: Bassirou
|-damage|p2a: Bassirou|22/100
|move|p2a: Bassirou|Recover|p2a: Bassirou
|-heal|p2a: Bassirou|72/100
|
|-heal|p1a: Garibaldo|42/100|[from] item: Leftovers
|-heal|p2a: Bassirou|79/100|[from] item: Leftovers
|upkeep
|turn|17
|
|t:|1769444054
|move|p1a: Garibaldo|Earthquake|p2a: Bassirou
|-supereffective|p2a: Bassirou
|-damage|p2a: Bassirou|32/100
|move|p2a: Bassirou|Earthquake|p1a: Garibaldo
|-damage|p1a: Garibaldo|15/100
|
|-heal|p1a: Garibaldo|22/100|[from] item: Leftovers
|-heal|p2a: Bassirou|38/100|[from] item: Leftovers
|upkeep
|turn|18
|
|t:|1769444059
|move|p1a: Garibaldo|Earthquake|p2a: Bassirou
|-supereffective|p2a: Bassirou
|-damage|p2a: Bassirou|0 fnt
|faint|p2a: Bassirou
|
|-heal|p1a: Garibaldo|28/100|[from] item: Leftovers
|upkeep
|
|t:|1769444064
|switch|p2a: Attaya|Sinistcha-Masterpiece, shiny|100/100
|turn|19
|
|t:|1769444070
|move|p1a: Garibaldo|Dragon Claw|p2a: Attaya
|-damage|p2a: Attaya|65/100
|move|p2a: Attaya|Calm Mind|p2a: Attaya
|-boost|p2a: Attaya|spa|1
|-boost|p2a: Attaya|spd|1
|
|-heal|p1a: Garibaldo|34/100|[from] item: Leftovers
|-heal|p2a: Attaya|71/100|[from] item: Leftovers
|upkeep
|turn|20
|
|t:|1769444075
|move|p1a: Garibaldo|Dragon Dance|p1a: Garibaldo
|-boost|p1a: Garibaldo|atk|1
|-boost|p1a: Garibaldo|spe|1
|move|p2a: Attaya|Strength Sap|p1a: Garibaldo
|-unboost|p1a: Garibaldo|atk|1
|-heal|p2a: Attaya|100/100
|
|-heal|p1a: Garibaldo|40/100|[from] item: Leftovers
|upkeep
|turn|21
|
|t:|1769444086
|move|p1a: Garibaldo|Dragon Claw|p2a: Attaya
|-damage|p2a: Attaya|60/100
|move|p2a: Attaya|Matcha Gotcha|p1a: Garibaldo
|-damage|p1a: Garibaldo|0 fnt
|-heal|p2a: Attaya|81/100|[from] drain|[of] p1a: Garibaldo
|faint|p1a: Garibaldo
|
|-heal|p2a: Attaya|87/100|[from] item: Leftovers
|upkeep
|
|t:|1769444091
|switch|p1a: Darkrai|Darkrai|100/100
|turn|22
|
|t:|1769444097
|move|p1a: Darkrai|Dark Pulse|p2a: Attaya
|-supereffective|p2a: Attaya
|-damage|p2a: Attaya|36/100
|move|p2a: Attaya|Calm Mind|p2a: Attaya
|-boost|p2a: Attaya|spa|1
|-boost|p2a: Attaya|spd|1
|
|-heal|p2a: Attaya|42/100|[from] item: Leftovers
|upkeep
|turn|23
|
|t:|1769444103
|move|p1a: Darkrai|Dark Pulse|p2a: Attaya
|-supereffective|p2a: Attaya
|-damage|p2a: Attaya|7/100
|move|p2a: Attaya|Strength Sap|p1a: Darkrai
|-unboost|p1a: Darkrai|atk|1
|-heal|p2a: Attaya|55/100
|
|-heal|p2a: Attaya|61/100|[from] item: Leftovers
|upkeep
|turn|24
|
|t:|1769444110
|move|p1a: Darkrai|Dark Pulse|p2a: Attaya
|-supereffective|p2a: Attaya
|-damage|p2a: Attaya|26/100
|move|p2a: Attaya|Matcha Gotcha|p1a: Darkrai|[miss]
|-miss|p2a: Attaya|p1a: Darkrai
|
|-heal|p2a: Attaya|32/100|[from] item: Leftovers
|upkeep
|turn|25
|
|t:|1769444116
|move|p1a: Darkrai|Dark Pulse|p2a: Attaya
|-supereffective|p2a: Attaya
|-damage|p2a: Attaya|0 fnt
|faint|p2a: Attaya
|
|upkeep
|
|t:|1769444119
|switch|p2a: Pessi|Cinderace, M, shiny|100/100
|turn|26
|
|t:|1769444122
|switch|p1a: Tentacruel|Tentacruel, F|90/100
|move|p2a: Pessi|U-turn|p1a: Tentacruel
|-start|p2a: Pessi|typechange|Bug|[from] ability: Libero
|-resisted|p1a: Tentacruel
|-damage|p1a: Tentacruel|65/100
|-damage|p2a: Pessi|84/100|[from] item: Rocky Helmet|[of] p1a: Tentacruel
|
|upkeep
|turn|27
|
|t:|1769444136
|move|p2a: Pessi|U-turn|p1a: Tentacruel
|-resisted|p1a: Tentacruel
|-damage|p1a: Tentacruel|37/100
|-damage|p2a: Pessi|67/100|[from] item: Rocky Helmet|[of] p1a: Tentacruel
|move|p1a: Tentacruel|Sludge Bomb|p2a: Pessi
|-damage|p2a: Pessi|23/100
|
|upkeep
|turn|28
|
|t:|1769444145
|move|p2a: Pessi|U-turn|p1a: Tentacruel
|-resisted|p1a: Tentacruel
|-damage|p1a: Tentacruel|11/100
|-damage|p2a: Pessi|7/100|[from] item: Rocky Helmet|[of] p1a: Tentacruel
|move|p1a: Tentacruel|Sludge Bomb|p2a: Pessi
|-crit|p2a: Pessi
|-damage|p2a: Pessi|0 fnt
|faint|p2a: Pessi
|
|win|davikksston
|raw|davikksston's rating: 1102 &rarr; <strong>1124</strong><br />(+22 for winning)
|raw|f4l1l0u's rating: 1063 &rarr; <strong>1046</strong><br />(-17 for losing)
|l|☆f4l1l0u
|player|p2|
|l|☆davikksston
|player|p1|
|j|☆davikksston
|player|p1|davikksston|steven|
