|j|☆4G3NC Teo
|j|☆Metroshock
|t:|1769406038
|gametype|singles
|player|p1|4G3NC Teo|iris-gen5bw2|1466
|player|p2|Metroshock|miku-fire|1436
|gen|9
|tier|[Gen 9] OU
|rated|
|rule|HP Percentage Mod: HP is shown in percentages
|rule|Endless Battle Clause: Forcing endless battles is banned
|rule|Species Clause: Limit one of each Pokémon
|rule|OHKO Clause: OHKO moves are banned
|rule|Evasion Items Clause: Evasion items are banned
|rule|Evasion Moves Clause: Evasion moves are banned
|rule|Evasion Abilities Clause: Evasion abilities are banned
|rule|Sleep Moves Clause: Sleep-inducing moves are banned
|clearpoke
|poke|p1|Quaquaval, M|
|poke|p1|Dragapult, F|
|poke|p1|Ursaluna, F|
|poke|p1|Sinistcha-Masterpiece|
|poke|p1|Tinkaton, F|
|poke|p1|Iron Treads|
|poke|p2|Grimmsnarl, M|
|poke|p2|Kyurem|
|poke|p2|Hawlucha, F|
|poke|p2|Rillaboom, F|
|poke|p2|Gholdengo|
|poke|p2|Heatran, F|
|teampreview
|inactive|Battle timer is ON: inactive players will automatically lose when time's up. (requested by Metroshock)
|
|t:|1769406043
|teamsize|p1|6
|teamsize|p2|6
|start
|switch|p1a: Another Stone|Tinkaton, F|100/100
|switch|p2a: Heatran|Heatran, F|100/100
|turn|1
|
|t:|1769406058
|switch|p1a: Billie Toppy|Ursaluna, F|100/100
|move|p2a: Heatran|Lava Plume|p1a: Billie Toppy
|-crit|p1a: Billie Toppy
|-damage|p1a: Billie Toppy|67/100
|
|upkeep
|turn|2
|
|t:|1769406068
|switch|p2a: The Wretched Ape|Rillaboom, F|100/100
|-fieldstart|move: Grassy Terrain|[from] ability: Grassy Surge|[of] p2a: The Wretched Ape
|move|p1a: Billie Toppy|Supercell Slam|p2a: The Wretched Ape
|-resisted|p2a: The Wretched Ape
|-damage|p2a: The Wretched Ape|81/100
|
|-heal|p2a: The Wretched Ape|87/100|[from] Grassy Terrain
|-heal|p1a: Billie Toppy|73/100|[from] Grassy Terrain
|upkeep
|turn|3
|
|t:|1769406084
|switch|p1a: Another Stone|Tinkaton, F|100/100
|move|p2a: The Wretched Ape|U-turn|p1a: Another Stone
|-resisted|p1a: Another Stone
|-damage|p1a: Another Stone|89/100
|
|t:|1769406086
|switch|p2a: Heatran|Heatran, F|100/100|[from] U-turn
|
|-heal|p1a: Another Stone|95/100|[from] Grassy Terrain
|-heal|p1a: Another Stone|100/100|[from] item: Leftovers
|upkeep
|turn|4
|
|t:|1769406092
|switch|p1a: Billie Toppy|Ursaluna, F|73/100
|move|p2a: Heatran|Lava Plume|p1a: Billie Toppy
|-damage|p1a: Billie Toppy|50/100
|-status|p1a: Billie Toppy|brn
|
|-heal|p1a: Billie Toppy|56/100 brn|[from] Grassy Terrain
|-damage|p1a: Billie Toppy|50/100 brn|[from] brn
|upkeep
|turn|5
|
|t:|1769406099
|switch|p2a: THE MONAYYYY|Gholdengo|100/100
|move|p1a: Billie Toppy|Headlong Rush|p2a: THE MONAYYYY
|-supereffective|p2a: THE MONAYYYY
|-damage|p2a: THE MONAYYYY|0 fnt
|-unboost|p1a: Billie Toppy|def|1
|-unboost|p1a: Billie Toppy|spd|1
|faint|p2a: THE MONAYYYY
|
|-heal|p1a: Billie Toppy|56/100 brn|[from] Grassy Terrain
|-damage|p1a: Billie Toppy|50/100 brn|[from] brn
|upkeep
|
|t:|1769406105
|switch|p2a: The Wretched Ape|Rillaboom, F|87/100
|turn|6
|
|t:|1769406109
|switch|p1a: Another Stone|Tinkaton, F|100/100
|move|p2a: The Wretched Ape|U-turn|p1a: Another Stone
|-resisted|p1a: Another Stone
|-damage|p1a: Another Stone|90/100
|
|t:|1769406111
|switch|p2a: Heatran|Heatran, F|100/100|[from] U-turn
|
|-heal|p1a: Another Stone|96/100|[from] Grassy Terrain
|-heal|p1a: Another Stone|100/100|[from] item: Leftovers
|-fieldend|move: Grassy Terrain
|upkeep
|turn|7
|
|t:|1769406117
|switch|p1a: Numb|Dragapult, F|100/100
|move|p2a: Heatran|Lava Plume|p1a: Numb
|-resisted|p1a: Numb
|-damage|p1a: Numb|70/100
|-status|p1a: Numb|brn
|
|-damage|p1a: Numb|64/100 brn|[from] brn
|upkeep
|turn|8
|
|t:|1769406124
|switch|p2a: Screener|Grimmsnarl, M|100/100
|move|p1a: Numb|Shadow Ball|p2a: Screener
|-resisted|p2a: Screener
|-damage|p2a: Screener|78/100
|
|-damage|p1a: Numb|58/100 brn|[from] brn
|upkeep
|turn|9
|
|t:|1769406129
|switch|p1a: Another Stone|Tinkaton, F|100/100
|move|p2a: Screener|Light Screen|p2a: Screener
|-sidestart|p2: Metroshock|move: Light Screen
|
|upkeep
|turn|10
|
|t:|1769406135
|move|p2a: Screener|Parting Shot|p1a: Another Stone
|-unboost|p1a: Another Stone|atk|1
|-unboost|p1a: Another Stone|spa|1
|
|t:|1769406136
|switch|p2a: Heatran|Heatran, F|100/100|[from] Parting Shot
|move|p1a: Another Stone|Knock Off|p2a: Heatran
|-damage|p2a: Heatran|91/100
|-enditem|p2a: Heatran|Leftovers|[from] move: Knock Off|[of] p1a: Another Stone
|
|upkeep
|turn|11
|
|t:|1769406145
|move|p1a: Another Stone|Stealth Rock|p2a: Heatran
|-sidestart|p2: Metroshock|move: Stealth Rock
|move|p2a: Heatran|Lava Plume|p1a: Another Stone
|-supereffective|p1a: Another Stone
|-damage|p1a: Another Stone|33/100
|
|-heal|p1a: Another Stone|39/100|[from] item: Leftovers
|upkeep
|turn|12
|
|t:|1769406149
|move|p1a: Another Stone|Thunder Wave|p2a: Heatran
|-status|p2a: Heatran|par
|cant|p2a: Heatran|par
|
|-heal|p1a: Another Stone|45/100|[from] item: Leftovers
|upkeep
|turn|13
|
|t:|1769406154
|switch|p1a: Billie Toppy|Ursaluna, F|50/100 brn
|move|p2a: Heatran|Lava Plume|p1a: Billie Toppy
|-damage|p1a: Billie Toppy|24/100 brn
|
|-damage|p1a: Billie Toppy|18/100 brn|[from] brn
|upkeep
|turn|14
|
|t:|1769406166
|switch|p2a: The Wretched Ape|Rillaboom, F|87/100
|-damage|p2a: The Wretched Ape|75/100|[from] Stealth Rock
|-fieldstart|move: Grassy Terrain|[from] ability: Grassy Surge|[of] p2a: The Wretched Ape
|move|p1a: Billie Toppy|Headlong Rush|p2a: The Wretched Ape
|-resisted|p2a: The Wretched Ape
|-damage|p2a: The Wretched Ape|26/100
|-unboost|p1a: Billie Toppy|def|1
|-unboost|p1a: Billie Toppy|spd|1
|
|-heal|p2a: The Wretched Ape|32/100|[from] Grassy Terrain
|-heal|p1a: Billie Toppy|24/100 brn|[from] Grassy Terrain
|-damage|p1a: Billie Toppy|18/100 brn|[from] brn
|upkeep
|turn|15
|
|t:|1769406171
|move|p2a: The Wretched Ape|U-turn|p1a: Billie Toppy
|-damage|p1a: Billie Toppy|0 fnt
|faint|p1a: Billie Toppy
|
|t:|1769406178
|switch|p2a: Screener|Grimmsnarl, M|78/100|[from] U-turn
|-damage|p2a: Screener|65/100|[from] Stealth Rock
|
|-heal|p2a: Screener|71/100|[from] Grassy Terrain
|upkeep
|
|t:|1769406182
|switch|p1a: Another Stone|Tinkaton, F|45/100
|turn|16
|
|t:|1769406186
|move|p2a: Screener|Reflect|p2a: Screener
|-sidestart|p2: Metroshock|Reflect
|move|p1a: Another Stone|Knock Off|p2a: Screener
|-resisted|p2a: Screener
|-damage|p2a: Screener|69/100
|-enditem|p2a: Screener|Light Clay|[from] move: Knock Off|[of] p1a: Another Stone
|
|-heal|p1a: Another Stone|51/100|[from] Grassy Terrain
|-heal|p1a: Another Stone|57/100|[from] item: Leftovers
|-heal|p2a: Screener|75/100|[from] Grassy Terrain
|-sideend|p2: Metroshock|move: Light Screen
|upkeep
|turn|17
|
|t:|1769406190
|move|p2a: Screener|Parting Shot|p1a: Another Stone
|-unboost|p1a: Another Stone|atk|1
|-unboost|p1a: Another Stone|spa|1
|
|t:|1769406193
|switch|p2a: Heatran|Heatran, F|91/100 par|[from] Parting Shot
|-damage|p2a: Heatran|78/100 par|[from] Stealth Rock
|move|p1a: Another Stone|Thunder Wave|p2a: Heatran
|-fail|p2a: Heatran|par
|
|-heal|p1a: Another Stone|63/100|[from] Grassy Terrain
|-heal|p1a: Another Stone|69/100|[from] item: Leftovers
|-heal|p2a: Heatran|85/100 par|[from] Grassy Terrain
|upkeep
|turn|18
|
|t:|1769406199
|switch|p1a: Numb|Dragapult, F|58/100 brn
|move|p2a: Heatran|Lava Plume|p1a: Numb
|-resisted|p1a: Numb
|-damage|p1a: Numb|30/100 brn
|
|-heal|p1a: Numb|36/100 brn|[from] Grassy Terrain
|-heal|p2a: Heatran|91/100 par|[from] Grassy Terrain
|-damage|p1a: Numb|30/100 brn|[from] brn
|-fieldend|move: Grassy Terrain
|upkeep
|turn|19
|
|t:|1769406203
|move|p1a: Numb|Shadow Ball|p2a: Heatran
|-damage|p2a: Heatran|46/100 par
|-unboost|p2a: Heatran|spd|1
|cant|p2a: Heatran|par
|
|-damage|p1a: Numb|24/100 brn|[from] brn
|upkeep
|turn|20
|
|t:|1769406211
|switch|p2a: Screener|Grimmsnarl, M|75/100
|-damage|p2a: Screener|63/100|[from] Stealth Rock
|move|p1a: Numb|Shadow Ball|p2a: Screener
|-resisted|p2a: Screener
|-damage|p2a: Screener|40/100
|
|-damage|p1a: Numb|18/100 brn|[from] brn
|upkeep
|turn|21
|
|t:|1769406216
|move|p2a: Screener|Light Screen|p2a: Screener
|-sidestart|p2: Metroshock|move: Light Screen
|move|p1a: Numb|Shadow Ball|p2a: Screener
|-resisted|p2a: Screener
|-damage|p2a: Screener|16/100
|
|-damage|p1a: Numb|12/100 brn|[from] brn
|upkeep
|turn|22
|
|t:|1769406220
|move|p2a: Screener|Parting Shot|p1a: Numb
|-unboost|p1a: Numb|atk|1
|-unboost|p1a: Numb|spa|1
|
|t:|1769406223
|switch|p2a: The Wretched Ape|Rillaboom, F|32/100|[from] Parting Shot
|-damage|p2a: The Wretched Ape|20/100|[from] Stealth Rock
|-fieldstart|move: Grassy Terrain|[from] ability: Grassy Surge|[of] p2a: The Wretched Ape
|move|p1a: Numb|Shadow Ball|p2a: The Wretched Ape
|-damage|p2a: The Wretched Ape|0 fnt
|faint|p2a: The Wretched Ape
|
|-heal|p1a: Numb|18/100 brn|[from] Grassy Terrain
|-damage|p1a: Numb|12/100 brn|[from] brn
|upkeep
|
|t:|1769406225
|switch|p2a: Mega!!!|Hawlucha, F|100/100
|-damage|p2a: Mega!!!|88/100|[from] Stealth Rock
|-enditem|p2a: Mega!!!|Grassy Seed
|-boost|p2a: Mega!!!|def|1|[from] item: Grassy Seed
|turn|23
|
|t:|1769406228
|move|p2a: Mega!!!|Swords Dance|p2a: Mega!!!
|-boost|p2a: Mega!!!|atk|2
|move|p1a: Numb|Shadow Ball|p2a: Mega!!!
|-damage|p2a: Mega!!!|35/100
|-unboost|p2a: Mega!!!|spd|1
|
|-heal|p1a: Numb|18/100 brn|[from] Grassy Terrain
|-damage|p1a: Numb|12/100 brn|[from] brn
|-sideend|p2: Metroshock|Reflect
|upkeep
|turn|24
|
|t:|1769406234
|move|p2a: Mega!!!|Acrobatics|p1a: Numb
|-damage|p1a: Numb|0 fnt
|faint|p1a: Numb
|
|upkeep
|
|t:|1769406237
|switch|p1a: Seranade of Water|Quaquaval, M|100/100
|turn|25
|
|t:|1769406242
|move|p2a: Mega!!!|Close Combat|p1a: Seranade of Water
|-enditem|p1a: Seranade of Water|Focus Sash
|-damage|p1a: Seranade of Water|1/100
|-unboost|p2a: Mega!!!|def|1
|-unboost|p2a: Mega!!!|spd|1
|move|p1a: Seranade of Water|Aqua Step|p2a: Mega!!!
|-damage|p2a: Mega!!!|0 fnt
|-boost|p1a: Seranade of Water|spe|1
|faint|p2a: Mega!!!
|-ability|p1a: Seranade of Water|Moxie|boost
|-boost|p1a: Seranade of Water|atk|1
|
|-heal|p1a: Seranade of Water|7/100|[from] Grassy Terrain
|-sideend|p2: Metroshock|move: Light Screen
|upkeep
|
|t:|1769406252
|switch|p2a: Screener|Grimmsnarl, M|16/100
|-damage|p2a: Screener|4/100|[from] Stealth Rock
|turn|26
|
|t:|1769406255
|move|p2a: Screener|Reflect|p2a: Screener
|-sidestart|p2: Metroshock|Reflect
|move|p1a: Seranade of Water|Aqua Step|p2a: Screener
|-damage|p2a: Screener|0 fnt
|-boost|p1a: Seranade of Water|spe|1
|faint|p2a: Screener
|-ability|p1a: Seranade of Water|Moxie|boost
|-boost|p1a: Seranade of Water|atk|1
|
|-heal|p1a: Seranade of Water|13/100|[from] Grassy Terrain
|-fieldend|move: Grassy Terrain
|upkeep
|
|t:|1769406258
|switch|p2a: Beamer|Kyurem|100/100
|-damage|p2a: Beamer|76/100|[from] Stealth Rock
|-ability|p2a: Beamer|Pressure
|turn|27
|
|t:|1769406264
|-terastallize|p2a: Beamer|Ground
|move|p1a: Seranade of Water|Close Combat|p2a: Beamer
|-damage|p2a: Beamer|22/100
|-unboost|p1a: Seranade of Water|def|1
|-unboost|p1a: Seranade of Water|spd|1
|move|p2a: Beamer|Scale Shot|p1a: Seranade of Water
|-damage|p1a: Seranade of Water|0 fnt
|faint|p1a: Seranade of Water
|-hitcount|p1: Seranade of Water|1
|-unboost|p2a: Beamer|def|1
|-boost|p2a: Beamer|spe|1
|
|upkeep
|
|t:|1769406270
|switch|p1a: Porcelain|Iron Treads|100/100
|-enditem|p1a: Porcelain|Booster Energy
|-activate|p1a: Porcelain|ability: Quark Drive|[fromitem]
|-start|p1a: Porcelain|quarkdrivespe
|turn|28
|
|t:|1769406275
|move|p1a: Porcelain|Ice Spinner|p2a: Beamer
|-supereffective|p2a: Beamer
|-damage|p2a: Beamer|0 fnt
|faint|p2a: Beamer
|
|upkeep
|c|☆4G3NC Teo|ggs
|
|t:|1769406277
|switch|p2a: Heatran|Heatran, F|46/100 par
|-damage|p2a: Heatran|34/100 par|[from] Stealth Rock
|turn|29
|
|t:|1769406278
|move|p1a: Porcelain|Earthquake|p2a: Heatran
|-supereffective|p2a: Heatran
|-damage|p2a: Heatran|0 fnt
|faint|p2a: Heatran
|
|win|4G3NC Teo
|raw|4G3NC Teo's rating: 1466 &rarr; <strong>1484</strong><br />(+18 for winning)
|raw|Metroshock's rating: 1436 &rarr; <strong>1418</strong><br />(-18 for losing)
|l|☆4G3NC Teo
|player|p1|
|l|☆Metroshock
|player|p2|
