|j|☆ikthoizzykil
|j|☆cospway
|t:|1769333390
|gametype|singles
|player|p1|ikthoizzykil|pokemaniac-gen3rs|1417
|player|p2|cospway|iris-gen5bw2|1425
|gen|9
|tier|[Gen 9] OU
|rated|
|rule|HP Percentage Mod: HP is shown in percentages
|rule|Endless Battle Clause: Forcing endless battles is banned
|rule|Species Clause: Limit one of each Pokémon
|rule|OHKO Clause: OHKO moves are banned
|rule|Evasion Items Clause: Evasion items are banned
|rule|Evasion Moves Clause: Evasion moves are banned
|rule|Evasion Abilities Clause: Evasion abilities are banned
|rule|Sleep Moves Clause: Sleep-inducing moves are banned
|clearpoke
|poke|p1|Ogerpon-Wellspring, F|
|poke|p1|Thundurus-Therian, M|
|poke|p1|Cinderace, F|
|poke|p1|Kyurem|
|poke|p1|Slowking-Galar, M|
|poke|p1|Kingambit, M|
|poke|p2|Cresselia, F|
|poke|p2|Mew|
|poke|p2|Gholdengo|
|poke|p2|Kingambit, F|
|poke|p2|Hoopa-Unbound|
|poke|p2|Azumarill, F|
|teampreview
|inactive|Battle timer is ON: inactive players will automatically lose when time's up. (requested by ikthoizzykil)
|inactive|ikthoizzykil has 120 seconds left.
|
|t:|1769333433
|teamsize|p1|6
|teamsize|p2|6
|start
|switch|p1a: Thundurus|Thundurus-Therian, M|100/100
|switch|p2a: Mew|Mew|100/100
|turn|1
|
|t:|1769333446
|move|p1a: Thundurus|Wildbolt Storm|p2a: Mew
|-damage|p2a: Mew|35/100
|move|p2a: Mew|Trick Room|p2a: Mew
|-fieldstart|move: Trick Room|[of] p2a: Mew
|
|upkeep
|turn|2
|
|t:|1769333452
|move|p2a: Mew|Stealth Rock|p1a: Thundurus
|-sidestart|p1: ikthoizzykil|move: Stealth Rock
|move|p1a: Thundurus|Wildbolt Storm|p2a: Mew
|-damage|p2a: Mew|0 fnt
|faint|p2a: Mew
|
|upkeep
|
|t:|1769333475
|switch|p2a: Hoopa|Hoopa-Unbound|100/100
|-enditem|p2a: Hoopa|Room Service
|-unboost|p2a: Hoopa|spe|1|[from] item: Room Service
|turn|3
|
|t:|1769333500
|move|p2a: Hoopa|Hyperspace Fury|p1a: Thundurus
|-damage|p1a: Thundurus|6/100
|-unboost|p2a: Hoopa|def|1
|-item|p2a: Hoopa|Choice Specs|[from] ability: Magician|[of] p1a: Thundurus
|move|p1a: Thundurus|Wildbolt Storm|p2a: Hoopa
|-damage|p2a: Hoopa|52/100
|
|upkeep
|turn|4
|inactive|ikthoizzykil has 120 seconds left.
|
|t:|1769333518
|move|p2a: Hoopa|Hyperspace Fury|p1a: Thundurus
|-damage|p1a: Thundurus|0 fnt
|-unboost|p2a: Hoopa|def|1
|faint|p1a: Thundurus
|
|upkeep
|
|t:|1769333523
|switch|p1a: Kingambit|Kingambit, M|100/100
|-damage|p1a: Kingambit|94/100|[from] Stealth Rock
|-activate|p1a: Kingambit|ability: Supreme Overlord
|-start|p1a: Kingambit|fallen1|[silent]
|turn|5
|
|t:|1769333534
|switch|p2a: Kingambit|Kingambit, F|100/100
|-activate|p2a: Kingambit|ability: Supreme Overlord
|-start|p2a: Kingambit|fallen1|[silent]
|move|p1a: Kingambit|Iron Head|p2a: Kingambit
|-resisted|p2a: Kingambit
|-damage|p2a: Kingambit|82/100
|
|-heal|p2a: Kingambit|88/100|[from] item: Leftovers
|-heal|p1a: Kingambit|100/100|[from] item: Leftovers
|-fieldend|move: Trick Room
|upkeep
|turn|6
|
|t:|1769333549
|-end|p1a: Kingambit|fallen1|[silent]
|switch|p1a: Cinderace|Cinderace, F|100/100
|move|p2a: Kingambit|Swords Dance|p2a: Kingambit
|-boost|p2a: Kingambit|atk|2
|
|-heal|p2a: Kingambit|94/100|[from] item: Leftovers
|upkeep
|turn|7
|
|t:|1769333563
|-terastallize|p2a: Kingambit|Fairy
|move|p1a: Cinderace|Will-O-Wisp|p2a: Kingambit
|-status|p2a: Kingambit|brn
|move|p2a: Kingambit|Tera Blast|p1a: Cinderace|[anim] Tera Blast Fairy
|-resisted|p1a: Cinderace
|-damage|p1a: Cinderace|70/100
|
|-heal|p2a: Kingambit|100/100 brn|[from] item: Leftovers
|-damage|p2a: Kingambit|94/100 brn|[from] brn
|upkeep
|turn|8
|
|t:|1769333574
|move|p2a: Kingambit|Sucker Punch||[still]
|-fail|p2a: Kingambit
|move|p1a: Cinderace|Court Change|p1a: Cinderace
|-swapsideconditions
|-activate|p1a: Cinderace|move: Court Change
|
|-heal|p2a: Kingambit|100/100 brn|[from] item: Leftovers
|-damage|p2a: Kingambit|94/100 brn|[from] brn
|upkeep
|turn|9
|
|t:|1769333582
|move|p1a: Cinderace|U-turn|p2a: Kingambit
|-resisted|p2a: Kingambit
|-damage|p2a: Kingambit|87/100 brn
|
|t:|1769333596
|switch|p1a: Ogerpon|Ogerpon-Wellspring, F|100/100|[from] U-turn
|move|p2a: Kingambit|Kowtow Cleave|p1a: Ogerpon
|-damage|p1a: Ogerpon|40/100
|
|-heal|p2a: Kingambit|93/100 brn|[from] item: Leftovers
|-damage|p2a: Kingambit|87/100 brn|[from] brn
|upkeep
|turn|10
|
|t:|1769333606
|move|p1a: Ogerpon|Synthesis|p1a: Ogerpon
|-heal|p1a: Ogerpon|90/100
|move|p2a: Kingambit|Kowtow Cleave|p1a: Ogerpon
|-crit|p1a: Ogerpon
|-damage|p1a: Ogerpon|3/100
|
|-heal|p2a: Kingambit|93/100 brn|[from] item: Leftovers
|-damage|p2a: Kingambit|87/100 brn|[from] brn
|upkeep
|turn|11
|
|t:|1769333617
|switch|p1a: Kingambit|Kingambit, M|100/100
|-activate|p1a: Kingambit|ability: Supreme Overlord
|-start|p1a: Kingambit|fallen1|[silent]
|move|p2a: Kingambit|Kowtow Cleave|p1a: Kingambit
|-resisted|p1a: Kingambit
|-damage|p1a: Kingambit|82/100
|
|-heal|p1a: Kingambit|88/100|[from] item: Leftovers
|-heal|p2a: Kingambit|93/100 brn|[from] item: Leftovers
|-damage|p2a: Kingambit|87/100 brn|[from] brn
|upkeep
|turn|12
|
|t:|1769333627
|move|p1a: Kingambit|Swords Dance|p1a: Kingambit
|-boost|p1a: Kingambit|atk|2
|move|p2a: Kingambit|Tera Blast|p1a: Kingambit|[anim] Tera Blast Fairy
|-damage|p1a: Kingambit|52/100
|
|-heal|p1a: Kingambit|58/100|[from] item: Leftovers
|-heal|p2a: Kingambit|93/100 brn|[from] item: Leftovers
|-damage|p2a: Kingambit|87/100 brn|[from] brn
|upkeep
|turn|13
|
|t:|1769333641
|move|p1a: Kingambit|Iron Head|p2a: Kingambit
|-supereffective|p2a: Kingambit
|-damage|p2a: Kingambit|0 fnt
|faint|p2a: Kingambit
|-end|p2a: Kingambit|fallen1|[silent]
|
|-heal|p1a: Kingambit|64/100|[from] item: Leftovers
|upkeep
|
|t:|1769333655
|switch|p2a: Cresselia|Cresselia, F|100/100
|-damage|p2a: Cresselia|88/100|[from] Stealth Rock
|turn|14
|
|t:|1769333660
|move|p1a: Kingambit|Kowtow Cleave|p2a: Cresselia
|-supereffective|p2a: Cresselia
|-damage|p2a: Cresselia|0 fnt
|faint|p2a: Cresselia
|
|-heal|p1a: Kingambit|70/100|[from] item: Leftovers
|upkeep
|
|t:|1769333664
|switch|p2a: Azumarill|Azumarill, F|100/100
|-damage|p2a: Azumarill|88/100|[from] Stealth Rock
|turn|15
|
|t:|1769333670
|move|p1a: Kingambit|Iron Head|p2a: Azumarill
|-damage|p2a: Azumarill|0 fnt
|faint|p2a: Azumarill
|
|-heal|p1a: Kingambit|76/100|[from] item: Leftovers
|upkeep
|-message|cospway forfeited.
|
|win|ikthoizzykil
|raw|ikthoizzykil's rating: 1417 &rarr; <strong>1437</strong><br />(+20 for winning)
|raw|cospway's rating: 1425 &rarr; <strong>1405</strong><br />(-20 for losing)
|l|☆cospway
|player|p2|
