|j|☆big bod3
|j|☆Nopehomo
|t:|1769299337
|gametype|singles
|player|p1|big bod3|marshal|1000
|player|p2|Nopehomo|265|1040
|gen|9
|tier|[Gen 9] OU
|rated|
|rule|HP Percentage Mod: HP is shown in percentages
|rule|Endless Battle Clause: Forcing endless battles is banned
|rule|Species Clause: Limit one of each Pokémon
|rule|OHKO Clause: OHKO moves are banned
|rule|Evasion Items Clause: Evasion items are banned
|rule|Evasion Moves Clause: Evasion moves are banned
|rule|Evasion Abilities Clause: Evasion abilities are banned
|rule|Sleep Moves Clause: Sleep-inducing moves are banned
|clearpoke
|poke|p1|Drifblim, M|
|poke|p1|Tyranitar, F|
|poke|p1|Dondozo, M|
|poke|p1|Great Tusk|
|poke|p1|Dragonite, M|
|poke|p1|Iron Valiant|
|poke|p2|Glimmora, F|
|poke|p2|Samurott-Hisui, F|
|poke|p2|Dragapult, F|
|poke|p2|Hatterene, F|
|poke|p2|Landorus-Therian, M|
|poke|p2|Zapdos|
|teampreview
|inactive|Battle timer is ON: inactive players will automatically lose when time's up. (requested by Nopehomo)
|
|t:|1769299344
|teamsize|p1|6
|teamsize|p2|6
|start
|switch|p1a: ᛃᛚgrunderRoots|Great Tusk|100/100
|switch|p2a: Glimmora|Glimmora, F|100/100
|-item|p1a: ᛃᛚgrunderRoots|Air Balloon
|turn|1
|
|t:|1769299358
|move|p2a: Glimmora|Toxic|p1a: ᛃᛚgrunderRoots
|-status|p1a: ᛃᛚgrunderRoots|tox
|move|p1a: ᛃᛚgrunderRoots|Bulk Up|p1a: ᛃᛚgrunderRoots
|-boost|p1a: ᛃᛚgrunderRoots|atk|1
|-boost|p1a: ᛃᛚgrunderRoots|def|1
|
|-damage|p1a: ᛃᛚgrunderRoots|94/100 tox|[from] psn
|upkeep
|turn|2
|
|t:|1769299369
|switch|p2a: Hatterene|Hatterene, F, shiny|100/100
|move|p1a: ᛃᛚgrunderRoots|Bulk Up|p1a: ᛃᛚgrunderRoots
|-boost|p1a: ᛃᛚgrunderRoots|atk|1
|-boost|p1a: ᛃᛚgrunderRoots|def|1
|
|-damage|p1a: ᛃᛚgrunderRoots|82/100 tox|[from] psn
|upkeep
|turn|3
|
|t:|1769299391
|move|p1a: ᛃᛚgrunderRoots|Ice Spinner|p2a: Hatterene
|-damage|p2a: Hatterene|37/100
|-damage|p1a: ᛃᛚgrunderRoots|65/100 tox|[from] item: Rocky Helmet|[of] p2a: Hatterene
|move|p2a: Hatterene|Psychic|p1a: ᛃᛚgrunderRoots
|-supereffective|p1a: ᛃᛚgrunderRoots
|-damage|p1a: ᛃᛚgrunderRoots|0 fnt
|-enditem|p1a: ᛃᛚgrunderRoots|Air Balloon
|faint|p1a: ᛃᛚgrunderRoots
|-end|p1a: ᛃᛚgrunderRoots|Protosynthesis|[silent]
|
|upkeep
|
|t:|1769299402
|switch|p1a: ᛏCrown|Dragonite, M, shiny|100/100
|turn|4
|
|t:|1769299410
|move|p1a: ᛏCrown|Dragon Dance|p1a: ᛏCrown
|-boost|p1a: ᛏCrown|atk|1
|-boost|p1a: ᛏCrown|spe|1
|move|p2a: Hatterene|Dazzling Gleam|p1a: ᛏCrown
|-supereffective|p1a: ᛏCrown
|-damage|p1a: ᛏCrown|54/100
|
|-heal|p1a: ᛏCrown|60/100|[from] item: Leftovers
|upkeep
|turn|5
|
|t:|1769299421
|move|p1a: ᛏCrown|Extreme Speed|p2a: Hatterene
|-damage|p2a: Hatterene|0 fnt
|-damage|p1a: ᛏCrown|44/100|[from] item: Rocky Helmet|[of] p2a: Hatterene
|faint|p2a: Hatterene
|
|-heal|p1a: ᛏCrown|50/100|[from] item: Leftovers
|upkeep
|
|t:|1769299429
|switch|p2a: Glimmora|Glimmora, F|100/100
|turn|6
|
|t:|1769299440
|-terastallize|p1a: ᛏCrown|Dragon
|-terastallize|p2a: Glimmora|Ghost
|move|p1a: ᛏCrown|Dragon Dance|p1a: ᛏCrown
|-boost|p1a: ᛏCrown|atk|1
|-boost|p1a: ᛏCrown|spe|1
|move|p2a: Glimmora|Toxic|p1a: ᛏCrown
|-status|p1a: ᛏCrown|tox
|
|-heal|p1a: ᛏCrown|56/100 tox|[from] item: Leftovers
|-damage|p1a: ᛏCrown|50/100 tox|[from] psn
|upkeep
|turn|7
|
|t:|1769299455
|move|p1a: ᛏCrown|Dragon Claw|p2a: Glimmora
|-damage|p2a: Glimmora|0 fnt
|-damage|p1a: ᛏCrown|34/100 tox|[from] item: Rocky Helmet|[of] p2a: Glimmora
|-activate|p2a: Glimmora|ability: Toxic Debris
|-sidestart|p1: big bod3|move: Toxic Spikes
|faint|p2a: Glimmora
|
|-heal|p1a: ᛏCrown|40/100 tox|[from] item: Leftovers
|-damage|p1a: ᛏCrown|27/100 tox|[from] psn
|upkeep
|
|t:|1769299474
|switch|p2a: Samurott|Samurott-Hisui, F|100/100
|turn|8
|
|t:|1769299479
|move|p1a: ᛏCrown|Dragon Claw|p2a: Samurott
|-damage|p2a: Samurott|0 fnt
|faint|p2a: Samurott
|
|-heal|p1a: ᛏCrown|34/100 tox|[from] item: Leftovers
|-damage|p1a: ᛏCrown|15/100 tox|[from] psn
|upkeep
|
|t:|1769299491
|switch|p2a: Zapdos|Zapdos, shiny|100/100
|turn|9
|
|t:|1769299496
|move|p1a: ᛏCrown|Dragon Claw|p2a: Zapdos
|-damage|p2a: Zapdos|0 fnt
|faint|p2a: Zapdos
|
|-heal|p1a: ᛏCrown|21/100 tox|[from] item: Leftovers
|-damage|p1a: ᛏCrown|0 fnt|[from] psn
|faint|p1a: ᛏCrown
|upkeep
|
|t:|1769299507
|switch|p2a: Landorus|Landorus-Therian, M|100/100
|switch|p1a: ᛖᛏᛇAydrift|Drifblim, M|100/100
|-ability|p2a: Landorus|Intimidate|boost
|-unboost|p1a: ᛖᛏᛇAydrift|atk|1
|turn|10
|
|t:|1769299521
|move|p2a: Landorus|Swords Dance|p2a: Landorus
|-boost|p2a: Landorus|atk|2
|move|p1a: ᛖᛏᛇAydrift|Knock Off|p2a: Landorus
|-crit|p2a: Landorus
|-damage|p2a: Landorus|72/100
|-enditem|p2a: Landorus|Life Orb|[from] move: Knock Off|[of] p1a: ᛖᛏᛇAydrift
|
|upkeep
|turn|11
|
|t:|1769299529
|move|p2a: Landorus|Smack Down|p1a: ᛖᛏᛇAydrift
|-supereffective|p1a: ᛖᛏᛇAydrift
|-damage|p1a: ᛖᛏᛇAydrift|4/100
|-start|p1a: ᛖᛏᛇAydrift|Smack Down
|move|p1a: ᛖᛏᛇAydrift|Destiny Bond|p1a: ᛖᛏᛇAydrift
|-singlemove|p1a: ᛖᛏᛇAydrift|Destiny Bond
|
|-heal|p1a: ᛖᛏᛇAydrift|10/100|[from] item: Leftovers
|upkeep
|turn|12
|
|t:|1769299542
|move|p2a: Landorus|Swords Dance|p2a: Landorus
|-boost|p2a: Landorus|atk|2
|move|p1a: ᛖᛏᛇAydrift|Clear Smog|p2a: Landorus
|-resisted|p2a: Landorus
|-damage|p2a: Landorus|64/100
|-clearboost|p2a: Landorus
|
|-heal|p1a: ᛖᛏᛇAydrift|17/100|[from] item: Leftovers
|upkeep
|turn|13
|
|t:|1769299556
|switch|p1a: ᛚDon|Dondozo, M|100/100
|-status|p1a: ᛚDon|psn
|move|p2a: Landorus|Swords Dance|p2a: Landorus
|-boost|p2a: Landorus|atk|2
|
|-damage|p1a: ᛚDon|88/100 psn|[from] psn
|upkeep
|turn|14
|
|t:|1769299567
|switch|p2a: Dragapult|Dragapult, F|100/100
|move|p1a: ᛚDon|Surf|p2a: Dragapult
|-resisted|p2a: Dragapult
|-damage|p2a: Dragapult|86/100
|
|-heal|p1a: ᛚDon|94/100 psn|[from] item: Leftovers
|-damage|p1a: ᛚDon|82/100 psn|[from] psn
|upkeep
|turn|15
|
|t:|1769299578
|switch|p1a: ᚹᛋWarlight|Iron Valiant|100/100
|-status|p1a: ᚹᛋWarlight|psn
|move|p2a: Dragapult|Phantom Force||[still]
|-prepare|p2a: Dragapult|Phantom Force
|
|-damage|p1a: ᚹᛋWarlight|88/100 psn|[from] psn
|upkeep
|turn|16
|
|t:|1769299588
|move|p2a: Dragapult|Phantom Force|p1a: ᚹᛋWarlight|[from] lockedmove
|-damage|p1a: ᚹᛋWarlight|0 fnt
|faint|p1a: ᚹᛋWarlight
|-end|p1a: ᚹᛋWarlight|Quark Drive|[silent]
|
|upkeep
|
|t:|1769299594
|switch|p1a: ᛖᛏᛇAydrift|Drifblim, M|17/100
|turn|17
|
|t:|1769299598
|move|p2a: Dragapult|Phantom Force||[still]
|-prepare|p2a: Dragapult|Phantom Force
|move|p1a: ᛖᛏᛇAydrift|Destiny Bond|p1a: ᛖᛏᛇAydrift
|-singlemove|p1a: ᛖᛏᛇAydrift|Destiny Bond
|
|-heal|p1a: ᛖᛏᛇAydrift|23/100|[from] item: Leftovers
|upkeep
|turn|18
|
|t:|1769299605
|move|p2a: Dragapult|Phantom Force|p1a: ᛖᛏᛇAydrift|[from] lockedmove
|-supereffective|p1a: ᛖᛏᛇAydrift
|-damage|p1a: ᛖᛏᛇAydrift|0 fnt
|-damage|p2a: Dragapult|61/100|[from] ability: Aftermath|[of] p1a: ᛖᛏᛇAydrift
|faint|p1a: ᛖᛏᛇAydrift
|-activate|p1a: ᛖᛏᛇAydrift|move: Destiny Bond
|faint|p2a: Dragapult
|
|upkeep
|
|t:|1769299616
|switch|p2a: Landorus|Landorus-Therian, M|64/100
|switch|p1a: ᛚDon|Dondozo, M|82/100 psn
|-ability|p2a: Landorus|Intimidate|boost
|-unboost|p1a: ᛚDon|atk|1
|turn|19
|
|t:|1769299624
|move|p2a: Landorus|Grass Knot|p1a: ᛚDon
|-supereffective|p1a: ᛚDon
|-damage|p1a: ᛚDon|25/100 psn
|move|p1a: ᛚDon|Surf|p2a: Landorus
|-supereffective|p2a: Landorus
|-damage|p2a: Landorus|0 fnt
|faint|p2a: Landorus
|
|win|big bod3
|raw|big bod3's rating: 1000 &rarr; <strong>1045</strong><br />(+45 for winning)
|raw|Nopehomo's rating: 1040 &rarr; <strong>1022</strong><br />(-18 for losing)
|l|☆Nopehomo
|player|p2|
