|j|☆slave of society
|j|☆brickforbrains
|t:|1769371722
|gametype|singles
|player|p1|slave of society|shadowtriad|1427
|player|p2|brickforbrains|clerk|1378
|gen|9
|tier|[Gen 9] OU
|rated|
|rule|HP Percentage Mod: HP is shown in percentages
|rule|Endless Battle Clause: Forcing endless battles is banned
|rule|Species Clause: Limit one of each Pokémon
|rule|OHKO Clause: OHKO moves are banned
|rule|Evasion Items Clause: Evasion items are banned
|rule|Evasion Moves Clause: Evasion moves are banned
|rule|Evasion Abilities Clause: Evasion abilities are banned
|rule|Sleep Moves Clause: Sleep-inducing moves are banned
|clearpoke
|poke|p1|Ceruledge, M|
|poke|p1|Hatterene, F|
|poke|p1|Ninetales-Alola, F|
|poke|p1|Darkrai|
|poke|p1|Zamazenta-*|
|poke|p1|Kyurem|
|poke|p2|Landorus-Therian, M|
|poke|p2|Revavroom, M|
|poke|p2|Kyurem|
|poke|p2|Hatterene, F|
|poke|p2|Iron Valiant|
|poke|p2|Dragonite, F|
|teampreview
|inactive|Battle timer is ON: inactive players will automatically lose when time's up. (requested by brickforbrains)
|inactive|slave of society has 120 seconds left.
|
|t:|1769371753
|teamsize|p1|6
|teamsize|p2|6
|start
|switch|p1a: Ninetales|Ninetales-Alola, F|100/100
|switch|p2a: Revavroom|Revavroom, M|100/100
|-weather|Snowscape|[from] ability: Snow Warning|[of] p1a: Ninetales
|-item|p2a: Revavroom|Air Balloon
|turn|1
|
|t:|1769371759
|move|p1a: Ninetales|Aurora Veil|p1a: Ninetales
|-sidestart|p1: slave of society|move: Aurora Veil
|move|p2a: Revavroom|Shift Gear|p2a: Revavroom
|-boost|p2a: Revavroom|spe|2
|-boost|p2a: Revavroom|atk|1
|
|-weather|Snowscape|[upkeep]
|upkeep
|turn|2
|
|t:|1769371762
|switch|p1a: Zamazenta|Zamazenta|100/100
|-ability|p1a: Zamazenta|Dauntless Shield|boost
|-boost|p1a: Zamazenta|def|1
|move|p2a: Revavroom|Iron Head|p1a: Zamazenta
|-damage|p1a: Zamazenta|85/100
|
|-weather|Snowscape|[upkeep]
|upkeep
|turn|3
|
|t:|1769371771
|switch|p2a: Hatterene|Hatterene, F|100/100
|move|p1a: Zamazenta|Iron Defense|p1a: Zamazenta
|-boost|p1a: Zamazenta|def|2
|
|-weather|Snowscape|[upkeep]
|upkeep
|turn|4
|
|t:|1769371779
|switch|p1a: Hatterene|Hatterene, F|100/100
|move|p2a: Hatterene|Draining Kiss|p1a: Hatterene
|-damage|p1a: Hatterene|87/100
|
|-weather|Snowscape|[upkeep]
|-heal|p1a: Hatterene|93/100|[from] item: Leftovers
|upkeep
|turn|5
|
|t:|1769371787
|move|p1a: Hatterene|Calm Mind|p1a: Hatterene
|-boost|p1a: Hatterene|spa|1
|-boost|p1a: Hatterene|spd|1
|move|p2a: Hatterene|Nuzzle|p1a: Hatterene
|-damage|p1a: Hatterene|91/100
|-status|p1a: Hatterene|par
|
|-weather|none
|-heal|p1a: Hatterene|97/100 par|[from] item: Leftovers
|upkeep
|turn|6
|
|t:|1769371794
|switch|p2a: Revavroom|Revavroom, M|100/100
|-item|p2a: Revavroom|Air Balloon
|move|p1a: Hatterene|Mystical Fire|p2a: Revavroom
|-supereffective|p2a: Revavroom
|-damage|p2a: Revavroom|16/100
|-unboost|p2a: Revavroom|spa|1
|-enditem|p2a: Revavroom|Air Balloon
|
|-heal|p1a: Hatterene|100/100 par|[from] item: Leftovers
|upkeep
|turn|7
|inactive|brickforbrains has 120 seconds left.
|
|t:|1769371845
|move|p2a: Revavroom|Gunk Shot|p1a: Hatterene
|-supereffective|p1a: Hatterene
|-damage|p1a: Hatterene|45/100 par
|move|p1a: Hatterene|Psyshock|p2a: Revavroom
|-damage|p2a: Revavroom|0 fnt
|faint|p2a: Revavroom
|
|-heal|p1a: Hatterene|51/100 par|[from] item: Leftovers
|upkeep
|inactive|brickforbrains has 90 seconds left.
|
|t:|1769371880
|switch|p2a: Kyurem|Kyurem|100/100
|-ability|p2a: Kyurem|Pressure
|turn|8
|
|t:|1769371903
|move|p2a: Kyurem|Dragon Dance|p2a: Kyurem
|-boost|p2a: Kyurem|atk|1
|-boost|p2a: Kyurem|spe|1
|cant|p1a: Hatterene|par
|
|-heal|p1a: Hatterene|57/100 par|[from] item: Leftovers
|-sideend|p1: slave of society|move: Aurora Veil
|upkeep
|turn|9
|
|t:|1769371908
|move|p2a: Kyurem|Icicle Spear|p1a: Hatterene
|-damage|p1a: Hatterene|39/100 par
|-damage|p1a: Hatterene|21/100 par
|-crit|p1a: Hatterene
|-damage|p1a: Hatterene|0 fnt
|faint|p1a: Hatterene
|-hitcount|p1: Hatterene|3
|
|upkeep
|
|t:|1769371917
|switch|p1a: Ninetales|Ninetales-Alola, F|100/100
|-weather|Snowscape|[from] ability: Snow Warning|[of] p1a: Ninetales
|turn|10
|inactive|brickforbrains has 90 seconds left.
|
|t:|1769371947
|-terastallize|p2a: Kyurem|Electric
|move|p2a: Kyurem|Tera Blast|p1a: Ninetales|[anim] Tera Blast Electric
|-damage|p1a: Ninetales|43/100
|move|p1a: Ninetales|Encore|p2a: Kyurem
|-start|p2a: Kyurem|Encore
|
|-weather|Snowscape|[upkeep]
|upkeep
|turn|11
|
|t:|1769371958
|move|p2a: Kyurem|Tera Blast|p1a: Ninetales|[anim] Tera Blast Electric
|-damage|p1a: Ninetales|0 fnt
|faint|p1a: Ninetales
|
|-weather|Snowscape|[upkeep]
|upkeep
|
|t:|1769371959
|switch|p1a: Kyurem|Kyurem|100/100
|-ability|p1a: Kyurem|Pressure
|turn|12
|
|t:|1769371963
|move|p2a: Kyurem|Tera Blast|p1a: Kyurem|[anim] Tera Blast Electric
|-resisted|p1a: Kyurem
|-damage|p1a: Kyurem|77/100
|move|p1a: Kyurem|Dragon Dance|p1a: Kyurem
|-boost|p1a: Kyurem|atk|1
|-boost|p1a: Kyurem|spe|1
|
|-weather|Snowscape|[upkeep]
|upkeep
|turn|13
|
|t:|1769371968
|move|p1a: Kyurem|Dragon Dance|p1a: Kyurem
|-boost|p1a: Kyurem|atk|1
|-boost|p1a: Kyurem|spe|1
|move|p2a: Kyurem|Tera Blast|p1a: Kyurem|[anim] Tera Blast Electric
|-resisted|p1a: Kyurem
|-damage|p1a: Kyurem|57/100
|
|-weather|Snowscape|[upkeep]
|-end|p2a: Kyurem|Encore
|upkeep
|turn|14
|
|t:|1769371972
|move|p1a: Kyurem|Icicle Spear|p2a: Kyurem
|-damage|p2a: Kyurem|72/100
|-damage|p2a: Kyurem|45/100
|-damage|p2a: Kyurem|20/100
|-damage|p2a: Kyurem|0 fnt
|faint|p2a: Kyurem
|-hitcount|p2: Kyurem|4
|
|-weather|none
|upkeep
|inactive|brickforbrains has 120 seconds left.
|
|t:|1769372002
|switch|p2a: Iron Valiant|Iron Valiant|100/100
|-enditem|p2a: Iron Valiant|Booster Energy
|-activate|p2a: Iron Valiant|ability: Quark Drive|[fromitem]
|-start|p2a: Iron Valiant|quarkdrivespe
|turn|15
|
|t:|1769372006
|move|p1a: Kyurem|Icicle Spear|p2a: Iron Valiant
|-crit|p2a: Iron Valiant
|-damage|p2a: Iron Valiant|40/100
|-damage|p2a: Iron Valiant|1/100
|-damage|p2a: Iron Valiant|0 fnt
|faint|p2a: Iron Valiant
|-end|p2a: Iron Valiant|Quark Drive|[silent]
|-hitcount|p2: Iron Valiant|3
|
|upkeep
|
|t:|1769372015
|switch|p2a: Hatterene|Hatterene, F|100/100
|turn|16
|
|t:|1769372032
|move|p1a: Kyurem|Icicle Spear|p2a: Hatterene
|-damage|p2a: Hatterene|67/100
|-damage|p2a: Hatterene|36/100
|-damage|p2a: Hatterene|6/100
|-crit|p2a: Hatterene
|-damage|p2a: Hatterene|0 fnt
|faint|p2a: Hatterene
|-hitcount|p2: Hatterene|4
|
|upkeep
|inactive|brickforbrains has 120 seconds left.
|
|t:|1769372040
|switch|p2a: Dragonite|Dragonite, F|100/100
|turn|17
|
|t:|1769372045
|move|p1a: Kyurem|Icicle Spear|p2a: Dragonite
|-supereffective|p2a: Dragonite
|-damage|p2a: Dragonite|37/100
|-supereffective|p2a: Dragonite
|-damage|p2a: Dragonite|0 fnt
|faint|p2a: Dragonite
|-hitcount|p2: Dragonite|2
|
|upkeep
|
|t:|1769372047
|switch|p2a: Landorus|Landorus-Therian, M|100/100
|-ability|p2a: Landorus|Intimidate|boost
|-unboost|p1a: Kyurem|atk|1
|turn|18
|
|t:|1769372049
|move|p1a: Kyurem|Icicle Spear|p2a: Landorus
|-supereffective|p2a: Landorus
|-damage|p2a: Landorus|11/100
|-supereffective|p2a: Landorus
|-damage|p2a: Landorus|0 fnt
|faint|p2a: Landorus
|-hitcount|p2: Landorus|2
|
|win|slave of society
|raw|slave of society's rating: 1427 &rarr; <strong>1444</strong><br />(+17 for winning)
|raw|brickforbrains's rating: 1378 &rarr; <strong>1361</strong><br />(-17 for losing)
