|j|☆youseeme20226
|j|☆auaulog
|t:|1769419943
|gametype|singles
|player|p1|youseeme20226|266|1182
|player|p2|auaulog|170|1140
|gen|9
|tier|[Gen 9] OU
|rated|
|rule|HP Percentage Mod: HP is shown in percentages
|rule|Endless Battle Clause: Forcing endless battles is banned
|rule|Species Clause: Limit one of each Pokémon
|rule|OHKO Clause: OHKO moves are banned
|rule|Evasion Items Clause: Evasion items are banned
|rule|Evasion Moves Clause: Evasion moves are banned
|rule|Evasion Abilities Clause: Evasion abilities are banned
|rule|Sleep Moves Clause: Sleep-inducing moves are banned
|clearpoke
|poke|p1|Dodrio, M|
|poke|p1|Latios, M|
|poke|p1|Glastrier|
|poke|p1|Honchkrow, F|
|poke|p1|Bastiodon, M|
|poke|p1|Victreebel, F|
|poke|p2|Galvantula, M|
|poke|p2|Torkoal, M|
|poke|p2|Dragonite, M|
|poke|p2|Raging Bolt|
|poke|p2|Gyarados, F|
|poke|p2|Iron Moth|
|teampreview
|inactive|Battle timer is ON: inactive players will automatically lose when time's up. (requested by auaulog)
|inactive|youseeme20226 also wants the timer to be on.
|
|t:|1769419990
|teamsize|p1|6
|teamsize|p2|6
|start
|switch|p1a: Latios|Latios, M|100/100
|switch|p2a: Galvantula|Galvantula, M|100/100
|turn|1
|
|t:|1769420005
|move|p1a: Latios|Luster Purge|p2a: Galvantula
|-enditem|p2a: Galvantula|Focus Sash
|-damage|p2a: Galvantula|1/100
|-unboost|p2a: Galvantula|spd|1
|move|p2a: Galvantula|Thunder Wave|p1a: Latios
|-status|p1a: Latios|par
|
|upkeep
|turn|2
|
|t:|1769420014
|move|p2a: Galvantula|Sticky Web|p1a: Latios
|-sidestart|p1: youseeme20226|move: Sticky Web
|cant|p1a: Latios|par
|
|upkeep
|turn|3
|
|t:|1769420025
|move|p2a: Galvantula|Pounce|p1a: Latios
|-supereffective|p1a: Latios
|-damage|p1a: Latios|45/100 par
|-unboost|p1a: Latios|spe|1
|move|p1a: Latios|Charge Beam|p2a: Galvantula
|-resisted|p2a: Galvantula
|-crit|p2a: Galvantula
|-damage|p2a: Galvantula|0 fnt
|-boost|p1a: Latios|spa|1
|faint|p2a: Galvantula
|
|upkeep
|
|t:|1769420040
|switch|p2a: Gyarados|Gyarados, F, shiny|100/100
|turn|4
|
|t:|1769420044
|move|p2a: Gyarados|Scale Shot|p1a: Latios
|-supereffective|p1a: Latios
|-damage|p1a: Latios|17/100 par
|-supereffective|p1a: Latios
|-damage|p1a: Latios|0 fnt
|faint|p1a: Latios
|-ability|p2a: Gyarados|Moxie|boost
|-boost|p2a: Gyarados|atk|1
|-hitcount|p1: Latios|2
|-unboost|p2a: Gyarados|def|1
|-boost|p2a: Gyarados|spe|1
|
|upkeep
|
|t:|1769420071
|switch|p1a: Bastiodon|Bastiodon, M|100/100
|-activate|p1a: Bastiodon|move: Sticky Web
|-unboost|p1a: Bastiodon|spe|1
|turn|5
|
|t:|1769420079
|move|p2a: Gyarados|Earthquake|p1a: Bastiodon
|-supereffective|p1a: Bastiodon
|-ability|p1a: Bastiodon|Sturdy
|-damage|p1a: Bastiodon|1/100
|move|p1a: Bastiodon|Metal Burst|p2a: Gyarados
|-damage|p2a: Gyarados|0 fnt
|faint|p2a: Gyarados
|
|upkeep
|
|t:|1769420094
|switch|p2a: Torkoal|Torkoal, M|100/100
|-weather|SunnyDay|[from] ability: Drought|[of] p2a: Torkoal
|turn|6
|
|t:|1769420102
|move|p2a: Torkoal|Will-O-Wisp|p1a: Bastiodon
|-status|p1a: Bastiodon|brn
|move|p1a: Bastiodon|Meteor Beam||[still]
|-prepare|p1a: Bastiodon|Meteor Beam
|-boost|p1a: Bastiodon|spa|1
|-enditem|p1a: Bastiodon|Power Herb
|-anim|p1a: Bastiodon|Meteor Beam|p2a: Torkoal
|-supereffective|p2a: Torkoal
|-damage|p2a: Torkoal|0 fnt
|faint|p2a: Torkoal
|
|-weather|SunnyDay|[upkeep]
|-damage|p1a: Bastiodon|0 fnt|[from] brn
|faint|p1a: Bastiodon
|upkeep
|inactive|auaulog has 120 seconds left.
|inactive|auaulog has 90 seconds left.
|
|t:|1769420168
|switch|p1a: Victreebel|Victreebel, F|100/100
|switch|p2a: Raging Bolt|Raging Bolt|100/100
|-activate|p1a: Victreebel|move: Sticky Web
|-unboost|p1a: Victreebel|spe|1
|-activate|p2a: Raging Bolt|ability: Protosynthesis
|-start|p2a: Raging Bolt|protosynthesisspa
|turn|7
|
|t:|1769420181
|move|p1a: Victreebel|Sludge Wave|p2a: Raging Bolt
|-damage|p2a: Raging Bolt|61/100
|-damage|p1a: Victreebel|91/100|[from] item: Life Orb
|move|p2a: Raging Bolt|Dragon Pulse|p1a: Victreebel
|-damage|p1a: Victreebel|0 fnt
|faint|p1a: Victreebel
|
|-weather|SunnyDay|[upkeep]
|upkeep
|
|t:|1769420200
|switch|p1a: Honchkrow|Honchkrow, F|100/100
|turn|8
|
|t:|1769420205
|move|p2a: Raging Bolt|Thunderclap|p1a: Honchkrow
|-supereffective|p1a: Honchkrow
|-enditem|p1a: Honchkrow|Focus Sash
|-damage|p1a: Honchkrow|1/100
|move|p1a: Honchkrow|Comeuppance|p2a: Raging Bolt
|-damage|p2a: Raging Bolt|0 fnt
|faint|p2a: Raging Bolt
|-end|p2a: Raging Bolt|Protosynthesis|[silent]
|-ability|p1a: Honchkrow|Moxie|boost
|-boost|p1a: Honchkrow|atk|1
|
|-weather|SunnyDay|[upkeep]
|upkeep
|inactive|auaulog has 90 seconds left.
|
|t:|1769420217
|switch|p2a: Iron Moth|Iron Moth|100/100
|-enditem|p2a: Iron Moth|Booster Energy
|-activate|p2a: Iron Moth|ability: Quark Drive|[fromitem]
|-start|p2a: Iron Moth|quarkdrivespa
|turn|9
|
|t:|1769420225
|move|p1a: Honchkrow|Sucker Punch|p2a: Iron Moth
|-damage|p2a: Iron Moth|6/100
|move|p2a: Iron Moth|Fiery Dance|p1a: Honchkrow
|-damage|p1a: Honchkrow|0 fnt
|-boost|p2a: Iron Moth|spa|1
|faint|p1a: Honchkrow
|
|-weather|SunnyDay|[upkeep]
|upkeep
|
|t:|1769420234
|switch|p1a: Dodrio|Dodrio, M|100/100
|turn|10
|inactive|auaulog has 90 seconds left.
|
|t:|1769420257
|move|p1a: Dodrio|Endure|p1a: Dodrio
|-singleturn|p1a: Dodrio|move: Endure
|move|p2a: Iron Moth|Fiery Dance|p1a: Dodrio
|-activate|p1a: Dodrio|move: Endure
|-damage|p1a: Dodrio|1/100
|-enditem|p1a: Dodrio|Wiki Berry|[eat]
|-heal|p1a: Dodrio|34/100|[from] item: Wiki Berry
|-start|p1a: Dodrio|confusion
|
|-weather|SunnyDay|[upkeep]
|upkeep
|turn|11
|inactive|auaulog has 90 seconds left.
|
|t:|1769420273
|-activate|p1a: Dodrio|confusion
|move|p1a: Dodrio|Drill Peck|p2a: Iron Moth
|-damage|p2a: Iron Moth|0 fnt
|faint|p2a: Iron Moth
|-end|p2a: Iron Moth|Quark Drive|[silent]
|
|-weather|SunnyDay|[upkeep]
|upkeep
|
|t:|1769420281
|switch|p2a: Dragonite|Dragonite, M|100/100
|turn|12
|inactive|auaulog has 90 seconds left.
|
|t:|1769420290
|-activate|p1a: Dodrio|confusion
|move|p1a: Dodrio|Thrash|p2a: Dragonite
|-damage|p2a: Dragonite|71/100
|move|p2a: Dragonite|Dragon Dance|p2a: Dragonite
|-boost|p2a: Dragonite|atk|1
|-boost|p2a: Dragonite|spe|1
|
|-weather|SunnyDay|[upkeep]
|-heal|p2a: Dragonite|78/100|[from] item: Leftovers
|upkeep
|turn|13
|inactive|auaulog has 90 seconds left.
|
|t:|1769420301
|-terastallize|p2a: Dragonite|Flying
|move|p2a: Dragonite|Tera Blast|p1a: Dodrio|[anim] Tera Blast Flying
|-damage|p1a: Dodrio|0 fnt
|faint|p1a: Dodrio
|
|-weather|none
|-heal|p2a: Dragonite|84/100|[from] item: Leftovers
|upkeep
|
|t:|1769420305
|switch|p1a: Glastrier|Glastrier|100/100
|-activate|p1a: Glastrier|move: Sticky Web
|-unboost|p1a: Glastrier|spe|1
|turn|14
|
|t:|1769420313
|-terastallize|p1a: Glastrier|Ice
|move|p2a: Dragonite|Tera Blast|p1a: Glastrier|[anim] Tera Blast Flying
|-damage|p1a: Glastrier|47/100
|move|p1a: Glastrier|Avalanche|p2a: Dragonite
|-supereffective|p2a: Dragonite
|-damage|p2a: Dragonite|0 fnt
|faint|p2a: Dragonite
|
|win|youseeme20226
|raw|youseeme20226's rating: 1182 &rarr; <strong>1204</strong><br />(+22 for winning)
|raw|auaulog's rating: 1140 &rarr; <strong>1118</strong><br />(-22 for losing)
|l|☆auaulog
|player|p2|
|l|☆youseeme20226
|player|p1|
