|j|☆sutetchi
|j|☆thededooo
|t:|1769447430
|gametype|singles
|player|p1|sutetchi|red|1118
|player|p2|thededooo|cynthia-gen4|1138
|gen|9
|tier|[Gen 9] OU
|rated|
|rule|HP Percentage Mod: HP is shown in percentages
|rule|Endless Battle Clause: Forcing endless battles is banned
|rule|Species Clause: Limit one of each Pokémon
|rule|OHKO Clause: OHKO moves are banned
|rule|Evasion Items Clause: Evasion items are banned
|rule|Evasion Moves Clause: Evasion moves are banned
|rule|Evasion Abilities Clause: Evasion abilities are banned
|rule|Sleep Moves Clause: Sleep-inducing moves are banned
|clearpoke
|poke|p1|Dondozo, M|
|poke|p1|Ceruledge, F|
|poke|p1|Corviknight, F|
|poke|p1|Eiscue, M|
|poke|p1|Gliscor, F|
|poke|p1|Toxapex, F|
|poke|p2|Ogerpon, F|
|poke|p2|Rillaboom, F|
|poke|p2|Samurott-Hisui, F|
|poke|p2|Glimmora, M|
|poke|p2|Raging Bolt|
|poke|p2|Gholdengo|
|teampreview
|inactive|Battle timer is ON: inactive players will automatically lose when time's up. (requested by thededooo)
|
|t:|1769447444
|teamsize|p1|6
|teamsize|p2|6
|start
|switch|p1a: Toxapex|Toxapex, F|100/100
|switch|p2a: Glimmora|Glimmora, M|100/100
|turn|1
|
|t:|1769447458
|switch|p2a: Samurott|Samurott-Hisui, F|100/100
|switch|p1a: Corviknight|Corviknight, F|100/100
|-ability|p1a: Corviknight|Pressure
|
|upkeep
|turn|2
|
|t:|1769447468
|move|p2a: Samurott|Ceaseless Edge|p1a: Corviknight
|-damage|p1a: Corviknight|65/100
|-sidestart|p1: sutetchi|Spikes
|move|p1a: Corviknight|Iron Defense|p1a: Corviknight
|-boost|p1a: Corviknight|def|2
|
|-heal|p1a: Corviknight|71/100|[from] item: Leftovers
|upkeep
|turn|3
|
|t:|1769447480
|switch|p2a: Raging Bolt|Raging Bolt|100/100
|-enditem|p2a: Raging Bolt|Booster Energy
|-activate|p2a: Raging Bolt|ability: Protosynthesis|[fromitem]
|-start|p2a: Raging Bolt|protosynthesisspa
|move|p1a: Corviknight|Body Press|p2a: Raging Bolt
|-damage|p2a: Raging Bolt|52/100
|
|-heal|p1a: Corviknight|77/100|[from] item: Leftovers
|upkeep
|turn|4
|
|t:|1769447490
|-terastallize|p1a: Corviknight|Fighting
|move|p2a: Raging Bolt|Thunderbolt|p1a: Corviknight
|-damage|p1a: Corviknight|8/100
|move|p1a: Corviknight|Body Press|p2a: Raging Bolt
|-damage|p2a: Raging Bolt|0 fnt
|faint|p2a: Raging Bolt
|-end|p2a: Raging Bolt|Protosynthesis|[silent]
|
|-heal|p1a: Corviknight|15/100|[from] item: Leftovers
|upkeep
|
|t:|1769447512
|switch|p2a: Gholdengo|Gholdengo|100/100
|turn|5
|
|t:|1769447516
|switch|p1a: Ceruledge|Ceruledge, F|100/100
|-damage|p1a: Ceruledge|88/100|[from] Spikes
|move|p2a: Gholdengo|Shadow Ball|p1a: Ceruledge
|-supereffective|p1a: Ceruledge
|-damage|p1a: Ceruledge|10/100
|-damage|p2a: Gholdengo|91/100|[from] item: Life Orb
|
|upkeep
|turn|6
|
|t:|1769447531
|switch|p1a: Gliscor|Gliscor, F|100/100
|-terastallize|p2a: Gholdengo|Steel
|move|p2a: Gholdengo|Shadow Ball|p1a: Gliscor
|-damage|p1a: Gliscor|51/100
|-damage|p2a: Gholdengo|81/100|[from] item: Life Orb
|
|-status|p1a: Gliscor|tox|[from] item: Toxic Orb
|upkeep
|turn|7
|
|t:|1769447553
|switch|p2a: Samurott|Samurott-Hisui, F|100/100
|move|p1a: Gliscor|Earthquake|p2a: Samurott
|-crit|p2a: Samurott
|-damage|p2a: Samurott|28/100
|
|-heal|p1a: Gliscor|64/100 tox|[from] ability: Poison Heal
|upkeep
|turn|8
|
|t:|1769447563
|move|p1a: Gliscor|Protect|p1a: Gliscor
|-singleturn|p1a: Gliscor|Protect
|move|p2a: Samurott|Sucker Punch||[still]
|-fail|p2a: Samurott
|
|-heal|p1a: Gliscor|76/100 tox|[from] ability: Poison Heal
|upkeep
|turn|9
|
|t:|1769447584
|move|p2a: Samurott|Sucker Punch||[still]
|-fail|p2a: Samurott
|move|p1a: Gliscor|Spikes|p2a: Samurott
|-sidestart|p2: thededooo|Spikes
|
|-heal|p1a: Gliscor|89/100 tox|[from] ability: Poison Heal
|upkeep
|turn|10
|
|t:|1769447596
|move|p2a: Samurott|Sucker Punch||[still]
|-fail|p2a: Samurott
|move|p1a: Gliscor|Spikes|p2a: Samurott
|-sidestart|p2: thededooo|Spikes
|
|-heal|p1a: Gliscor|100/100 tox|[from] ability: Poison Heal
|upkeep
|turn|11
|
|t:|1769447607
|move|p2a: Samurott|Sucker Punch||[still]
|-fail|p2a: Samurott
|move|p1a: Gliscor|Spikes|p2a: Samurott
|-sidestart|p2: thededooo|Spikes
|
|upkeep
|turn|12
|
|t:|1769447618
|switch|p1a: Toxapex|Toxapex, F|100/100
|-damage|p1a: Toxapex|88/100|[from] Spikes
|move|p2a: Samurott|Ceaseless Edge|p1a: Toxapex
|-damage|p1a: Toxapex|45/100
|-sidestart|p1: sutetchi|Spikes
|
|-heal|p1a: Toxapex|51/100|[from] item: Leftovers
|upkeep
|turn|13
|
|t:|1769447632
|move|p2a: Samurott|Knock Off|p1a: Toxapex
|-damage|p1a: Toxapex|4/100
|-enditem|p1a: Toxapex|Leftovers|[from] move: Knock Off|[of] p2a: Samurott
|move|p1a: Toxapex|Poison Jab|p2a: Samurott
|-damage|p2a: Samurott|1/100
|
|upkeep
|turn|14
|
|t:|1769447647
|switch|p1a: Dondozo|Dondozo, M|100/100
|-damage|p1a: Dondozo|84/100|[from] Spikes
|move|p2a: Samurott|Ceaseless Edge|p1a: Dondozo|[miss]
|-miss|p2a: Samurott|p1a: Dondozo
|
|-heal|p1a: Dondozo|90/100|[from] item: Leftovers
|upkeep
|turn|15
|
|t:|1769447658
|move|p2a: Samurott|Sucker Punch|p1a: Dondozo
|-damage|p1a: Dondozo|71/100
|move|p1a: Dondozo|Body Press|p2a: Samurott
|-supereffective|p2a: Samurott
|-damage|p2a: Samurott|0 fnt
|faint|p2a: Samurott
|
|-heal|p1a: Dondozo|78/100|[from] item: Leftovers
|upkeep
|
|t:|1769447671
|switch|p2a: Rillaboom|Rillaboom, F, shiny|100/100
|-damage|p2a: Rillaboom|76/100|[from] Spikes
|-fieldstart|move: Grassy Terrain|[from] ability: Grassy Surge|[of] p2a: Rillaboom
|turn|16
|
|t:|1769447677
|move|p2a: Rillaboom|Grassy Glide|p1a: Dondozo
|-supereffective|p1a: Dondozo
|-damage|p1a: Dondozo|31/100
|-damage|p2a: Rillaboom|66/100|[from] item: Life Orb
|move|p1a: Dondozo|Avalanche|p2a: Rillaboom
|-supereffective|p2a: Rillaboom
|-damage|p2a: Rillaboom|9/100
|
|-heal|p2a: Rillaboom|15/100|[from] Grassy Terrain
|-heal|p1a: Dondozo|37/100|[from] Grassy Terrain
|-heal|p1a: Dondozo|43/100|[from] item: Leftovers
|upkeep
|turn|17
|
|t:|1769447703
|move|p2a: Rillaboom|Grassy Glide|p1a: Dondozo
|-supereffective|p1a: Dondozo
|-damage|p1a: Dondozo|0 fnt
|faint|p1a: Dondozo
|-damage|p2a: Rillaboom|5/100|[from] item: Life Orb
|
|-heal|p2a: Rillaboom|11/100|[from] Grassy Terrain
|upkeep
|
|t:|1769447712
|switch|p1a: Gliscor|Gliscor, F|100/100 tox
|turn|18
|
|t:|1769447719
|move|p2a: Rillaboom|Grassy Glide|p1a: Gliscor
|-damage|p1a: Gliscor|56/100 tox
|-damage|p2a: Rillaboom|1/100|[from] item: Life Orb
|move|p1a: Gliscor|Knock Off|p2a: Rillaboom
|-damage|p2a: Rillaboom|0 fnt
|-enditem|p2a: Rillaboom|Life Orb|[from] move: Knock Off|[of] p1a: Gliscor
|faint|p2a: Rillaboom
|
|-heal|p1a: Gliscor|69/100 tox|[from] ability: Poison Heal
|upkeep
|
|t:|1769447732
|switch|p2a: Glimmora|Glimmora, M|100/100
|-damage|p2a: Glimmora|76/100|[from] Spikes
|turn|19
|
|t:|1769447741
|move|p1a: Gliscor|Earthquake|p2a: Glimmora
|-supereffective|p2a: Glimmora
|-damage|p2a: Glimmora|14/100
|-activate|p2a: Glimmora|ability: Toxic Debris
|-sidestart|p1: sutetchi|move: Toxic Spikes
|-enditem|p2a: Glimmora|Red Card|[of] p1a: Gliscor
|drag|p1a: Corviknight|Corviknight, F, tera:Fighting|15/100
|-damage|p1a: Corviknight|0 fnt|[from] Spikes
|faint|p1a: Corviknight
|move|p2a: Glimmora|Power Gem|p1: Corviknight|[notarget]
|-fail|p2a: Glimmora
|
|-heal|p2a: Glimmora|20/100|[from] Grassy Terrain
|upkeep
|
|t:|1769447753
|switch|p1a: Gliscor|Gliscor, F|69/100 tox
|turn|20
|
|t:|1769447757
|move|p1a: Gliscor|Earthquake|p2a: Glimmora
|-supereffective|p2a: Glimmora
|-damage|p2a: Glimmora|0 fnt
|-activate|p2a: Glimmora|ability: Toxic Debris
|-sidestart|p1: sutetchi|move: Toxic Spikes
|faint|p2a: Glimmora
|
|-heal|p1a: Gliscor|81/100 tox|[from] ability: Poison Heal
|-fieldend|move: Grassy Terrain
|upkeep
|
|t:|1769447760
|switch|p2a: Ogerpon|Ogerpon, F|100/100
|-damage|p2a: Ogerpon|76/100|[from] Spikes
|turn|21
|
|t:|1769447768
|move|p1a: Gliscor|Protect|p1a: Gliscor
|-singleturn|p1a: Gliscor|Protect
|move|p2a: Ogerpon|Rock Tomb|p1a: Gliscor
|-activate|p1a: Gliscor|move: Protect
|
|-heal|p1a: Gliscor|94/100 tox|[from] ability: Poison Heal
|upkeep
|turn|22
|
|t:|1769447785
|switch|p1a: Eiscue|Eiscue, M|100/100
|-damage|p1a: Eiscue|84/100|[from] Spikes
|-status|p1a: Eiscue|tox
|move|p2a: Ogerpon|Rock Tomb|p1a: Eiscue
|-activate|p1a: Eiscue|ability: Ice Face
|-damage|p1a: Eiscue|84/100 tox
|-unboost|p1a: Eiscue|spe|1
|detailschange|p1a: Eiscue|Eiscue-Noice, M
|
|-heal|p1a: Eiscue|90/100 tox|[from] item: Leftovers
|-damage|p1a: Eiscue|84/100 tox|[from] psn
|upkeep
|turn|23
|
|t:|1769447801
|move|p2a: Ogerpon|Rock Tomb|p1a: Eiscue
|-supereffective|p1a: Eiscue
|-damage|p1a: Eiscue|0 fnt
|faint|p1a: Eiscue
|
|upkeep
|
|t:|1769447808
|switch|p1a: Toxapex|Toxapex, F|37/100
|-damage|p1a: Toxapex|21/100|[from] Spikes
|-sideend|p1: sutetchi|move: Toxic Spikes|[of] p1a: Toxapex
|turn|24
|
|t:|1769447815
|move|p2a: Ogerpon|Rock Tomb|p1a: Toxapex
|-damage|p1a: Toxapex|0 fnt
|faint|p1a: Toxapex
|
|upkeep
|
|t:|1769447820
|switch|p1a: Ceruledge|Ceruledge, F|10/100
|-damage|p1a: Ceruledge|0 fnt|[from] Spikes
|faint|p1a: Ceruledge
|
|t:|1769447824
|switch|p1a: Gliscor|Gliscor, F|94/100 tox
|turn|25
|
|t:|1769447828
|move|p2a: Ogerpon|Rock Tomb|p1a: Gliscor
|-damage|p1a: Gliscor|68/100 tox
|-unboost|p1a: Gliscor|spe|1
|move|p1a: Gliscor|Earthquake|p2a: Ogerpon
|-resisted|p2a: Ogerpon
|-damage|p2a: Ogerpon|55/100
|
|-heal|p1a: Gliscor|81/100 tox|[from] ability: Poison Heal
|upkeep
|turn|26
|
|t:|1769447838
|move|p2a: Ogerpon|Rock Tomb|p1a: Gliscor
|-damage|p1a: Gliscor|56/100 tox
|-unboost|p1a: Gliscor|spe|1
|move|p1a: Gliscor|Knock Off|p2a: Ogerpon
|-damage|p2a: Ogerpon|27/100
|-enditem|p2a: Ogerpon|Choice Band|[from] move: Knock Off|[of] p1a: Gliscor
|
|-heal|p1a: Gliscor|68/100 tox|[from] ability: Poison Heal
|upkeep
|turn|27
|
|t:|1769447858
|move|p2a: Ogerpon|Superpower|p1a: Gliscor
|-resisted|p1a: Gliscor
|-damage|p1a: Gliscor|51/100 tox
|-unboost|p2a: Ogerpon|atk|1
|-unboost|p2a: Ogerpon|def|1
|move|p1a: Gliscor|Earthquake|p2a: Ogerpon
|-resisted|p2a: Ogerpon
|-crit|p2a: Ogerpon
|-damage|p2a: Ogerpon|0 fnt
|faint|p2a: Ogerpon
|
|-heal|p1a: Gliscor|64/100 tox|[from] ability: Poison Heal
|upkeep
|
|t:|1769447864
|switch|p2a: Gholdengo|Gholdengo, tera:Steel|81/100
|-damage|p2a: Gholdengo|56/100|[from] Spikes
|turn|28
|
|t:|1769447875
|move|p2a: Gholdengo|Make It Rain|p1a: Gliscor
|-damage|p1a: Gliscor|0 fnt
|-unboost|p2a: Gholdengo|spa|1
|faint|p1a: Gliscor
|-damage|p2a: Gholdengo|46/100|[from] item: Life Orb
|
|win|thededooo
|raw|sutetchi's rating: 1118 &rarr; <strong>1094</strong><br />(-24 for losing)
|raw|thededooo's rating: 1138 &rarr; <strong>1162</strong><br />(+24 for winning)
|c|☆thededooo|gggss
|c|☆sutetchi|gg
|l|☆sutetchi
|player|p1|
