|j|☆itkenreiza
|j|☆slash#4700
|t:|1769427422
|gametype|singles
|player|p1|itkenreiza|169|1464
|player|p2|slash#4700|265|1489
|gen|9
|tier|[Gen 9] OU
|rated|
|rule|HP Percentage Mod: HP is shown in percentages
|rule|Endless Battle Clause: Forcing endless battles is banned
|rule|Species Clause: Limit one of each Pokémon
|rule|OHKO Clause: OHKO moves are banned
|rule|Evasion Items Clause: Evasion items are banned
|rule|Evasion Moves Clause: Evasion moves are banned
|rule|Evasion Abilities Clause: Evasion abilities are banned
|rule|Sleep Moves Clause: Sleep-inducing moves are banned
|clearpoke
|poke|p1|Kyurem|
|poke|p1|Ogerpon-Cornerstone, F|
|poke|p1|Gholdengo|
|poke|p1|Heatran, F|
|poke|p1|Rotom-Wash|
|poke|p1|Great Tusk|
|poke|p2|Dragonite, M|
|poke|p2|Ting-Lu|
|poke|p2|Zamazenta-*|
|poke|p2|Gholdengo|
|poke|p2|Pecharunt|
|poke|p2|Clefable, F|
|teampreview
|inactive|Battle timer is ON: inactive players will automatically lose when time's up. (requested by slash#4700)
|inactive|itkenreiza also wants the timer to be on.
|
|t:|1769427436
|teamsize|p1|6
|teamsize|p2|6
|start
|switch|p1a: Ogerpon|Ogerpon-Cornerstone, F|100/100
|switch|p2a: Zamazenta|Zamazenta|100/100
|-ability|p2a: Zamazenta|Dauntless Shield|boost
|-boost|p2a: Zamazenta|def|1
|turn|1
|
|t:|1769427445
|switch|p1a: Rotom|Rotom-Wash|100/100
|move|p2a: Zamazenta|Crunch|p1a: Rotom
|-damage|p1a: Rotom|81/100
|-unboost|p1a: Rotom|def|1
|-damage|p2a: Zamazenta|84/100|[from] item: Rocky Helmet|[of] p1a: Rotom
|
|-heal|p2a: Zamazenta|90/100|[from] item: Leftovers
|upkeep
|turn|2
|
|t:|1769427453
|switch|p2a: Clefable|Clefable, F|100/100
|move|p1a: Rotom|Will-O-Wisp|p2a: Clefable
|-status|p2a: Clefable|brn
|
|upkeep
|turn|3
|
|t:|1769427458
|move|p1a: Rotom|Volt Switch|p2a: Clefable
|-damage|p2a: Clefable|85/100 brn
|
|t:|1769427461
|switch|p1a: Heatran|Heatran, F|100/100|[from] Volt Switch
|move|p2a: Clefable|Stealth Rock|p1a: Heatran
|-sidestart|p1: itkenreiza|move: Stealth Rock
|
|-heal|p2a: Clefable|91/100 brn|[from] item: Leftovers
|upkeep
|turn|4
|
|t:|1769427468
|switch|p1a: Ogerpon|Ogerpon-Cornerstone, F|100/100
|-damage|p1a: Ogerpon|88/100|[from] Stealth Rock
|switch|p2a: Ting-Lu|Ting-Lu|100/100
|-ability|p2a: Ting-Lu|Vessel of Ruin
|
|upkeep
|turn|5
|
|t:|1769427474
|switch|p2a: Pecharunt|Pecharunt|100/100
|move|p1a: Ogerpon|Horn Leech|p2a: Pecharunt
|-resisted|p2a: Pecharunt
|-damage|p2a: Pecharunt|89/100
|-heal|p1a: Ogerpon|95/100|[from] drain|[of] p2a: Pecharunt
|
|upkeep
|turn|6
|
|t:|1769427480
|switch|p1a: Heatran|Heatran, F|100/100
|-damage|p1a: Heatran|88/100|[from] Stealth Rock
|move|p2a: Pecharunt|Malignant Chain|p1a: Heatran
|-immune|p1a: Heatran
|
|upkeep
|turn|7
|
|t:|1769427487
|switch|p1a: Ogerpon|Ogerpon-Cornerstone, F|95/100
|-damage|p1a: Ogerpon|83/100|[from] Stealth Rock
|move|p2a: Pecharunt|Parting Shot|p1a: Ogerpon
|-unboost|p1a: Ogerpon|atk|1
|-unboost|p1a: Ogerpon|spa|1
|
|t:|1769427489
|switch|p2a: Zamazenta|Zamazenta|90/100|[from] Parting Shot
|
|-heal|p2a: Zamazenta|96/100|[from] item: Leftovers
|upkeep
|turn|8
|
|t:|1769427494
|switch|p1a: Rotom|Rotom-Wash|81/100
|-damage|p1a: Rotom|69/100|[from] Stealth Rock
|move|p2a: Zamazenta|Crunch|p1a: Rotom
|-damage|p1a: Rotom|49/100
|-damage|p2a: Zamazenta|80/100|[from] item: Rocky Helmet|[of] p1a: Rotom
|
|-heal|p2a: Zamazenta|86/100|[from] item: Leftovers
|upkeep
|turn|9
|
|t:|1769427498
|switch|p2a: Clefable|Clefable, F|91/100 brn
|move|p1a: Rotom|Pain Split|p2a: Clefable
|-sethp|p2a: Clefable|60/100 brn|[from] move: Pain Split|[silent]
|-sethp|p1a: Rotom|98/100|[from] move: Pain Split
|
|-heal|p2a: Clefable|66/100 brn|[from] item: Leftovers
|upkeep
|turn|10
|
|t:|1769427503
|move|p1a: Rotom|Hydro Pump|p2a: Clefable
|-damage|p2a: Clefable|40/100 brn
|move|p2a: Clefable|Knock Off|p1a: Rotom
|-damage|p1a: Rotom|91/100
|-enditem|p1a: Rotom|Rocky Helmet|[from] move: Knock Off|[of] p2a: Clefable
|
|-heal|p2a: Clefable|46/100 brn|[from] item: Leftovers
|upkeep
|turn|11
|
|t:|1769427510
|move|p1a: Rotom|Volt Switch|p2a: Clefable
|-damage|p2a: Clefable|30/100 brn
|
|t:|1769427513
|switch|p1a: Ogerpon|Ogerpon-Cornerstone, F|83/100|[from] Volt Switch
|-damage|p1a: Ogerpon|71/100|[from] Stealth Rock
|move|p2a: Clefable|Moonlight|p2a: Clefable
|-heal|p2a: Clefable|80/100 brn
|
|-heal|p2a: Clefable|87/100 brn|[from] item: Leftovers
|upkeep
|turn|12
|
|t:|1769427519
|switch|p2a: Pecharunt|Pecharunt|89/100
|move|p1a: Ogerpon|Swords Dance|p1a: Ogerpon
|-boost|p1a: Ogerpon|atk|2
|
|upkeep
|turn|13
|
|t:|1769427525
|move|p1a: Ogerpon|Ivy Cudgel|p2a: Pecharunt|[anim] Ivy Cudgel Rock
|-damage|p2a: Pecharunt|35/100
|move|p2a: Pecharunt|Foul Play|p1a: Ogerpon
|-crit|p1a: Ogerpon
|-damage|p1a: Ogerpon|0 fnt
|faint|p1a: Ogerpon
|
|upkeep
|
|t:|1769427538
|switch|p1a: Heatran|Heatran, F|88/100
|-damage|p1a: Heatran|76/100|[from] Stealth Rock
|turn|14
|
|t:|1769427541
|move|p2a: Pecharunt|Parting Shot|p1a: Heatran
|-unboost|p1a: Heatran|atk|1
|-unboost|p1a: Heatran|spa|1
|
|t:|1769427543
|switch|p2a: Ting-Lu|Ting-Lu|100/100|[from] Parting Shot
|-ability|p2a: Ting-Lu|Vessel of Ruin
|move|p1a: Heatran|Magma Storm|p2a: Ting-Lu|[miss]
|-miss|p1a: Heatran|p2a: Ting-Lu
|
|upkeep
|turn|15
|
|t:|1769427549
|switch|p1a: Rotom|Rotom-Wash|91/100
|-damage|p1a: Rotom|79/100|[from] Stealth Rock
|move|p2a: Ting-Lu|Spikes|p1a: Rotom
|-sidestart|p1: itkenreiza|Spikes
|
|upkeep
|turn|16
|
|t:|1769427557
|switch|p2a: Clefable|Clefable, F|87/100 brn
|move|p1a: Rotom|Will-O-Wisp|p2a: Clefable
|-fail|p2a: Clefable|brn
|
|-heal|p2a: Clefable|93/100 brn|[from] item: Leftovers
|upkeep
|turn|17
|
|t:|1769427567
|switch|p1a: Heatran|Heatran, F|76/100
|-damage|p1a: Heatran|64/100|[from] Stealth Rock
|-damage|p1a: Heatran|51/100|[from] Spikes
|move|p2a: Clefable|Moonblast|p1a: Heatran
|-resisted|p1a: Heatran
|-damage|p1a: Heatran|48/100
|-unboost|p1a: Heatran|spa|1
|
|-heal|p2a: Clefable|99/100 brn|[from] item: Leftovers
|upkeep
|turn|18
|
|t:|1769427572
|switch|p1a: Kyurem|Kyurem|100/100
|-damage|p1a: Kyurem|76/100|[from] Stealth Rock
|-damage|p1a: Kyurem|63/100|[from] Spikes
|-ability|p1a: Kyurem|Pressure
|switch|p2a: Ting-Lu|Ting-Lu|100/100
|-ability|p2a: Ting-Lu|Vessel of Ruin
|
|upkeep
|turn|19
|
|t:|1769427579
|move|p1a: Kyurem|Icicle Spear|p2a: Ting-Lu
|-supereffective|p2a: Ting-Lu
|-damage|p2a: Ting-Lu|84/100
|-supereffective|p2a: Ting-Lu
|-damage|p2a: Ting-Lu|69/100
|-supereffective|p2a: Ting-Lu
|-damage|p2a: Ting-Lu|53/100
|-supereffective|p2a: Ting-Lu
|-damage|p2a: Ting-Lu|36/100
|-supereffective|p2a: Ting-Lu
|-damage|p2a: Ting-Lu|21/100
|-hitcount|p2a: Ting-Lu|5
|move|p2a: Ting-Lu|Whirlwind|p1a: Kyurem
|drag|p1a: Heatran|Heatran, F|48/100
|-damage|p1a: Heatran|36/100|[from] Stealth Rock
|-damage|p1a: Heatran|23/100|[from] Spikes
|
|-heal|p2a: Ting-Lu|27/100|[from] item: Leftovers
|upkeep
|turn|20
|
|t:|1769427589
|move|p1a: Heatran|Magma Storm|p2a: Ting-Lu|[miss]
|-miss|p1a: Heatran|p2a: Ting-Lu
|move|p2a: Ting-Lu|Whirlwind|p1a: Heatran
|drag|p1a: Gholdengo|Gholdengo|100/100
|-damage|p1a: Gholdengo|94/100|[from] Stealth Rock
|-item|p1a: Gholdengo|Air Balloon
|
|-heal|p2a: Ting-Lu|33/100|[from] item: Leftovers
|upkeep
|turn|21
|
|t:|1769427593
|move|p1a: Gholdengo|Nasty Plot|p1a: Gholdengo
|-boost|p1a: Gholdengo|spa|2
|move|p2a: Ting-Lu|Ruination|p1a: Gholdengo
|-damage|p1a: Gholdengo|48/100
|-enditem|p1a: Gholdengo|Air Balloon
|
|-heal|p2a: Ting-Lu|39/100|[from] item: Leftovers
|upkeep
|turn|22
|
|t:|1769427603
|move|p1a: Gholdengo|Recover|p1a: Gholdengo
|-heal|p1a: Gholdengo|98/100
|move|p2a: Ting-Lu|Earthquake|p1a: Gholdengo
|-supereffective|p1a: Gholdengo
|-damage|p1a: Gholdengo|45/100
|
|-heal|p2a: Ting-Lu|46/100|[from] item: Leftovers
|upkeep
|turn|23
|
|t:|1769427606
|move|p1a: Gholdengo|Dazzling Gleam|p2a: Ting-Lu
|-supereffective|p2a: Ting-Lu
|-damage|p2a: Ting-Lu|3/100
|move|p2a: Ting-Lu|Earthquake|p1a: Gholdengo
|-supereffective|p1a: Gholdengo
|-damage|p1a: Gholdengo|0 fnt
|faint|p1a: Gholdengo
|
|-heal|p2a: Ting-Lu|9/100|[from] item: Leftovers
|upkeep
|-message|itkenreiza forfeited.
|
|win|slash#4700
|raw|itkenreiza's rating: 1464 &rarr; <strong>1445</strong><br />(-19 for losing)
|raw|slash#4700's rating: 1489 &rarr; <strong>1508</strong><br />(+19 for winning)
|l|☆itkenreiza
|player|p1|
|l|☆slash#4700
|player|p2|
