|j|☆VIXperation
|j|☆help!7777
|t:|1769352594
|gametype|singles
|player|p1|VIXperation|hooligans|1281
|player|p2|help!7777|dawn|1300
|gen|9
|tier|[Gen 9] OU
|rated|
|rule|HP Percentage Mod: HP is shown in percentages
|rule|Endless Battle Clause: Forcing endless battles is banned
|rule|Species Clause: Limit one of each Pokémon
|rule|OHKO Clause: OHKO moves are banned
|rule|Evasion Items Clause: Evasion items are banned
|rule|Evasion Moves Clause: Evasion moves are banned
|rule|Evasion Abilities Clause: Evasion abilities are banned
|rule|Sleep Moves Clause: Sleep-inducing moves are banned
|clearpoke
|poke|p1|Slowking-Galar, F|
|poke|p1|Dondozo, F|
|poke|p1|Meowscarada, F|
|poke|p1|Corviknight, F|
|poke|p1|Iron Moth|
|poke|p1|Sandy Shocks|
|poke|p2|Garganacl, M|
|poke|p2|Corviknight, F|
|poke|p2|Quagsire, M|
|poke|p2|Gholdengo|
|poke|p2|Toxapex, F|
|poke|p2|Rillaboom, M|
|teampreview
|
|t:|1769352606
|teamsize|p1|6
|teamsize|p2|6
|start
|switch|p1a: Slowking|Slowking-Galar, F|100/100
|switch|p2a: Rillaboom|Rillaboom, M, shiny|100/100
|-fieldstart|move: Grassy Terrain|[from] ability: Grassy Surge|[of] p2a: Rillaboom
|turn|1
|
|t:|1769352618
|move|p2a: Rillaboom|Leech Seed|p1a: Slowking
|-start|p1a: Slowking|move: Leech Seed
|move|p1a: Slowking|Trick|p2a: Rillaboom
|-activate|p1a: Slowking|move: Trick|[of] p2a: Rillaboom
|-item|p2a: Rillaboom|Black Sludge|[from] move: Trick
|-item|p1a: Slowking|Leftovers|[from] move: Trick
|
|-damage|p2a: Rillaboom|88/100|[from] item: Black Sludge
|-damage|p1a: Slowking|88/100|[from] Leech Seed|[of] p2a: Rillaboom
|-heal|p2a: Rillaboom|99/100|[silent]
|upkeep
|turn|2
|
|t:|1769352627
|switch|p1a: Corviknight|Corviknight, F|100/100
|-ability|p1a: Corviknight|Pressure
|move|p2a: Rillaboom|Knock Off|p1a: Corviknight
|-damage|p1a: Corviknight|79/100
|-enditem|p1a: Corviknight|Leftovers|[from] move: Knock Off|[of] p2a: Rillaboom
|
|-heal|p2a: Rillaboom|100/100|[from] Grassy Terrain
|-damage|p2a: Rillaboom|88/100|[from] item: Black Sludge
|upkeep
|turn|3
|
|t:|1769352641
|switch|p2a: Garganacl|Garganacl, M, shiny|100/100
|move|p1a: Corviknight|U-turn|p2a: Garganacl
|-damage|p2a: Garganacl|92/100
|
|t:|1769352655
|switch|p1a: Meowscarada|Meowscarada, F|100/100|[from] U-turn
|
|-heal|p2a: Garganacl|99/100|[from] Grassy Terrain
|-heal|p2a: Garganacl|100/100|[from] item: Leftovers
|upkeep
|turn|4
|
|t:|1769352663
|switch|p2a: Rillaboom|Rillaboom, M, shiny|88/100
|move|p1a: Meowscarada|Flower Trick|p2a: Rillaboom
|-start|p1a: Meowscarada|typechange|Grass|[from] ability: Protean
|-resisted|p2a: Rillaboom
|-crit|p2a: Rillaboom
|-damage|p2a: Rillaboom|41/100
|
|-heal|p2a: Rillaboom|47/100|[from] Grassy Terrain
|-damage|p2a: Rillaboom|34/100|[from] item: Black Sludge
|upkeep
|turn|5
|
|t:|1769352674
|move|p2a: Rillaboom|Protect|p2a: Rillaboom
|-singleturn|p2a: Rillaboom|Protect
|move|p1a: Meowscarada|Flower Trick|p2a: Rillaboom
|-activate|p2a: Rillaboom|move: Protect
|
|-heal|p2a: Rillaboom|41/100|[from] Grassy Terrain
|-damage|p2a: Rillaboom|28/100|[from] item: Black Sludge
|-fieldend|move: Grassy Terrain
|upkeep
|turn|6
|
|t:|1769352684
|switch|p1a: Corviknight|Corviknight, F|79/100
|-ability|p1a: Corviknight|Pressure
|switch|p2a: Corviknight|Corviknight, F, shiny|100/100
|-ability|p2a: Corviknight|Pressure
|
|upkeep
|turn|7
|
|t:|1769352699
|move|p2a: Corviknight|U-turn|p1a: Corviknight
|-resisted|p1a: Corviknight
|-damage|p1a: Corviknight|76/100
|
|t:|1769352705
|switch|p2a: Garganacl|Garganacl, M, shiny|100/100|[from] U-turn
|move|p1a: Corviknight|U-turn|p2a: Garganacl
|-damage|p2a: Garganacl|93/100
|
|t:|1769352724
|switch|p1a: Meowscarada|Meowscarada, F|100/100|[from] U-turn
|
|-heal|p2a: Garganacl|99/100|[from] item: Leftovers
|upkeep
|turn|8
|l|☆help!7777
|player|p2|
|inactive|Battle timer is ON: inactive players will automatically lose when time's up. (requested by VIXperation)
|j|☆help!7777
|inactive|help!7777 reconnected and has 130 seconds left.
|player|p2|help!7777|dawn|
|inactive|help!7777 has 120 seconds left.
|
|t:|1769352820
|move|p1a: Meowscarada|Knock Off|p2a: Garganacl
|-start|p1a: Meowscarada|typechange|Dark|[from] ability: Protean
|-damage|p2a: Garganacl|63/100
|-enditem|p2a: Garganacl|Leftovers|[from] move: Knock Off|[of] p1a: Meowscarada
|move|p2a: Garganacl|Salt Cure|p1a: Meowscarada
|-damage|p1a: Meowscarada|79/100
|-start|p1a: Meowscarada|Salt Cure
|
|-damage|p1a: Meowscarada|67/100|[from] Salt Cure
|upkeep
|turn|9
|
|t:|1769352831
|switch|p1a: Corviknight|Corviknight, F|76/100
|-ability|p1a: Corviknight|Pressure
|move|p2a: Garganacl|Protect||[still]
|-fail|p2a: Garganacl
|
|upkeep
|turn|10
|
|t:|1769352838
|move|p1a: Corviknight|U-turn|p2a: Garganacl
|-damage|p2a: Garganacl|56/100
|
|t:|1769352844
|switch|p1a: Sandy Shocks|Sandy Shocks|100/100|[from] U-turn
|move|p2a: Garganacl|Salt Cure|p1a: Sandy Shocks
|-resisted|p1a: Sandy Shocks
|-damage|p1a: Sandy Shocks|93/100
|-start|p1a: Sandy Shocks|Salt Cure
|
|-damage|p1a: Sandy Shocks|81/100|[from] Salt Cure
|upkeep
|turn|11
|
|t:|1769352854
|move|p2a: Garganacl|Protect|p2a: Garganacl
|-singleturn|p2a: Garganacl|Protect
|move|p1a: Sandy Shocks|Volt Switch|p2a: Garganacl
|-activate|p2a: Garganacl|move: Protect
|
|-damage|p1a: Sandy Shocks|68/100|[from] Salt Cure
|upkeep
|turn|12
|
|t:|1769352862
|switch|p2a: Quagsire|Quagsire, M, shiny|100/100
|move|p1a: Sandy Shocks|Volt Switch|p2a: Quagsire
|-immune|p2a: Quagsire
|
|-damage|p1a: Sandy Shocks|56/100|[from] Salt Cure
|upkeep
|turn|13
|
|t:|1769352870
|-end|p1a: Sandy Shocks|Protosynthesis|[silent]
|switch|p1a: Corviknight|Corviknight, F|76/100
|-ability|p1a: Corviknight|Pressure
|move|p2a: Quagsire|Spikes|p1a: Corviknight
|-sidestart|p1: VIXperation|Spikes
|
|upkeep
|turn|14
|
|t:|1769352882
|move|p1a: Corviknight|Defog|p2a: Quagsire
|-unboost|p2a: Quagsire|evasion|1
|-sideend|p1: VIXperation|Spikes|[from] move: Defog|[of] p1a: Corviknight
|move|p2a: Quagsire|Spikes|p1a: Corviknight
|-sidestart|p1: VIXperation|Spikes
|
|upkeep
|turn|15
|
|t:|1769352887
|move|p1a: Corviknight|Defog|p2a: Quagsire
|-unboost|p2a: Quagsire|evasion|1
|-sideend|p1: VIXperation|Spikes|[from] move: Defog|[of] p1a: Corviknight
|move|p2a: Quagsire|Spikes|p1a: Corviknight
|-sidestart|p1: VIXperation|Spikes
|
|upkeep
|turn|16
|
|t:|1769352894
|switch|p1a: Slowking|Slowking-Galar, F|100/100
|-damage|p1a: Slowking|88/100|[from] Spikes
|move|p2a: Quagsire|Spikes|p1a: Slowking
|-sidestart|p1: VIXperation|Spikes
|
|-heal|p1a: Slowking|94/100|[from] item: Leftovers
|upkeep
|turn|17
|
|t:|1769352902
|move|p2a: Quagsire|Earthquake|p1a: Slowking
|-supereffective|p1a: Slowking
|-damage|p1a: Slowking|27/100
|move|p1a: Slowking|Toxic|p2a: Quagsire
|-status|p2a: Quagsire|tox
|
|-heal|p1a: Slowking|33/100|[from] item: Leftovers
|-damage|p2a: Quagsire|94/100 tox|[from] psn
|upkeep
|turn|18
|
|t:|1769352914
|switch|p1a: Corviknight|Corviknight, F|76/100
|-ability|p1a: Corviknight|Pressure
|move|p2a: Quagsire|Earthquake|p1a: Corviknight
|-immune|p1a: Corviknight
|
|-heal|p2a: Quagsire|100/100 tox|[from] item: Leftovers
|-damage|p2a: Quagsire|88/100 tox|[from] psn
|upkeep
|turn|19
|
|t:|1769352924
|switch|p2a: Gholdengo|Gholdengo, shiny|100/100
|move|p1a: Corviknight|U-turn|p2a: Gholdengo
|-resisted|p2a: Gholdengo
|-damage|p2a: Gholdengo|98/100
|
|t:|1769352929
|switch|p1a: Iron Moth|Iron Moth|100/100|[from] U-turn
|-damage|p1a: Iron Moth|84/100|[from] Spikes
|
|-heal|p2a: Gholdengo|100/100|[from] item: Leftovers
|upkeep
|turn|20
|
|t:|1769352938
|switch|p2a: Toxapex|Toxapex, F, shiny|100/100
|-terastallize|p1a: Iron Moth|Fire
|move|p1a: Iron Moth|Overheat|p2a: Toxapex
|-resisted|p2a: Toxapex
|-damage|p2a: Toxapex|41/100
|-unboost|p1a: Iron Moth|spa|2
|
|-heal|p2a: Toxapex|47/100|[from] item: Leftovers
|upkeep
|turn|21
|
|t:|1769352949
|-end|p1a: Iron Moth|Quark Drive|[silent]
|switch|p1a: Corviknight|Corviknight, F|76/100
|-ability|p1a: Corviknight|Pressure
|move|p2a: Toxapex|Infestation|p1a: Corviknight
|-resisted|p1a: Corviknight
|-damage|p1a: Corviknight|76/100
|-activate|p1a: Corviknight|move: Infestation|[of] p2a: Toxapex
|
|-heal|p2a: Toxapex|53/100|[from] item: Leftovers
|-damage|p1a: Corviknight|63/100|[from] move: Infestation|[partiallytrapped]
|upkeep
|turn|22
|
|t:|1769352970
|move|p1a: Corviknight|Defog|p2a: Toxapex
|-unboost|p2a: Toxapex|evasion|1
|-sideend|p1: VIXperation|Spikes|[from] move: Defog|[of] p1a: Corviknight
|move|p2a: Toxapex|Recover|p2a: Toxapex
|-heal|p2a: Toxapex|100/100
|
|-damage|p1a: Corviknight|51/100|[from] move: Infestation|[partiallytrapped]
|upkeep
|turn|23
|
|t:|1769352981
|move|p2a: Toxapex|Baneful Bunker|p2a: Toxapex
|-singleturn|p2a: Toxapex|move: Protect
|move|p1a: Corviknight|Roost|p1a: Corviknight
|-heal|p1a: Corviknight|100/100
|-singleturn|p1a: Corviknight|move: Roost
|
|-damage|p1a: Corviknight|88/100|[from] move: Infestation|[partiallytrapped]
|upkeep
|turn|24
|
|t:|1769352991
|move|p1a: Corviknight|U-turn|p2a: Toxapex
|-resisted|p2a: Toxapex
|-damage|p2a: Toxapex|96/100
|
|t:|1769352994
|switch|p1a: Slowking|Slowking-Galar, F|66/100|[from] U-turn
|move|p2a: Toxapex|Liquidation|p1a: Slowking
|-damage|p1a: Slowking|45/100
|
|-heal|p2a: Toxapex|100/100|[from] item: Leftovers
|-heal|p1a: Slowking|52/100|[from] item: Leftovers
|upkeep
|turn|25
|
|t:|1769353007
|move|p2a: Toxapex|Infestation|p1a: Slowking
|-crit|p1a: Slowking
|-damage|p1a: Slowking|49/100
|-activate|p1a: Slowking|move: Infestation|[of] p2a: Toxapex
|-prepare|p1a: Slowking|Chilly Reception|[premajor]
|move|p1a: Slowking|Chilly Reception|p1a: Slowking
|-weather|Snowscape
|
|t:|1769353013
|switch|p1a: Sandy Shocks|Sandy Shocks|56/100|[from] Chilly Reception
|
|-weather|Snowscape|[upkeep]
|upkeep
|turn|26
|
|t:|1769353022
|-end|p1a: Sandy Shocks|Protosynthesis|[silent]
|switch|p1a: Iron Moth|Iron Moth, tera:Fire|84/100
|move|p2a: Toxapex|Baneful Bunker||[still]
|-fail|p2a: Toxapex
|
|-weather|Snowscape|[upkeep]
|upkeep
|turn|27
|
|t:|1769353031
|-end|p1a: Iron Moth|Quark Drive|[silent]
|switch|p1a: Corviknight|Corviknight, F|88/100
|-ability|p1a: Corviknight|Pressure
|move|p2a: Toxapex|Liquidation|p1a: Corviknight
|-damage|p1a: Corviknight|75/100
|
|-weather|Snowscape|[upkeep]
|upkeep
|turn|28
|
|t:|1769353040
|switch|p1a: Slowking|Slowking-Galar, F|82/100
|move|p2a: Toxapex|Infestation|p1a: Slowking
|-damage|p1a: Slowking|80/100
|-activate|p1a: Slowking|move: Infestation|[of] p2a: Toxapex
|
|-weather|Snowscape|[upkeep]
|-heal|p1a: Slowking|86/100|[from] item: Leftovers
|-damage|p1a: Slowking|74/100|[from] move: Infestation|[partiallytrapped]
|upkeep
|turn|29
|
|t:|1769353051
|move|p2a: Toxapex|Liquidation|p1a: Slowking
|-damage|p1a: Slowking|54/100
|move|p1a: Slowking|Thunder Wave|p2a: Toxapex
|-status|p2a: Toxapex|par
|
|-weather|none
|-heal|p1a: Slowking|60/100|[from] item: Leftovers
|-damage|p1a: Slowking|47/100|[from] move: Infestation|[partiallytrapped]
|upkeep
|turn|30
|
|t:|1769353061
|-prepare|p1a: Slowking|Chilly Reception|[premajor]
|move|p1a: Slowking|Chilly Reception|p1a: Slowking
|-weather|Snowscape
|
|t:|1769353066
|switch|p1a: Corviknight|Corviknight, F|75/100|[from] Chilly Reception
|-ability|p1a: Corviknight|Pressure
|move|p2a: Toxapex|Infestation|p1a: Corviknight
|-resisted|p1a: Corviknight
|-damage|p1a: Corviknight|74/100
|-activate|p1a: Corviknight|move: Infestation|[of] p2a: Toxapex
|
|-weather|Snowscape|[upkeep]
|-damage|p1a: Corviknight|62/100|[from] move: Infestation|[partiallytrapped]
|upkeep
|turn|31
|
|t:|1769353078
|move|p2a: Toxapex|Baneful Bunker|p2a: Toxapex
|-singleturn|p2a: Toxapex|move: Protect
|move|p1a: Corviknight|Roost|p1a: Corviknight
|-heal|p1a: Corviknight|100/100
|-singleturn|p1a: Corviknight|move: Roost
|
|-weather|Snowscape|[upkeep]
|-damage|p1a: Corviknight|88/100|[from] move: Infestation|[partiallytrapped]
|upkeep
|turn|32
|
|t:|1769353086
|move|p1a: Corviknight|U-turn|p2a: Toxapex
|-resisted|p2a: Toxapex
|-crit|p2a: Toxapex
|-damage|p2a: Toxapex|94/100 par
|
|t:|1769353090
|switch|p1a: Slowking|Slowking-Galar, F|81/100|[from] U-turn
|cant|p2a: Toxapex|par
|
|-weather|Snowscape|[upkeep]
|-heal|p1a: Slowking|87/100|[from] item: Leftovers
|-heal|p2a: Toxapex|100/100 par|[from] item: Leftovers
|upkeep
|turn|33
|
|t:|1769353097
|switch|p2a: Garganacl|Garganacl, M, shiny|56/100
|move|p1a: Slowking|Trick|p2a: Garganacl
|-activate|p1a: Slowking|move: Trick|[of] p2a: Garganacl
|-item|p2a: Garganacl|Leftovers|[from] move: Trick
|-enditem|p1a: Slowking|Leftovers|[silent]|[from] move: Trick
|
|-weather|Snowscape|[upkeep]
|-heal|p2a: Garganacl|62/100|[from] item: Leftovers
|upkeep
|turn|34
|
|t:|1769353114
|move|p2a: Garganacl|Stealth Rock|p1a: Slowking
|-sidestart|p1: VIXperation|move: Stealth Rock
|move|p1a: Slowking|Trick|p2a: Garganacl
|-activate|p1a: Slowking|move: Trick|[of] p2a: Garganacl
|-enditem|p2a: Garganacl|Leftovers|[silent]|[from] move: Trick
|-item|p1a: Slowking|Leftovers|[from] move: Trick
|
|-weather|none
|-heal|p1a: Slowking|93/100|[from] item: Leftovers
|upkeep
|turn|35
|
|t:|1769353122
|move|p2a: Garganacl|Salt Cure|p1a: Slowking
|-damage|p1a: Slowking|79/100
|-start|p1a: Slowking|Salt Cure
|-prepare|p1a: Slowking|Chilly Reception|[premajor]
|move|p1a: Slowking|Chilly Reception|p1a: Slowking
|-weather|Snowscape
|
|t:|1769353128
|switch|p1a: Corviknight|Corviknight, F|88/100|[from] Chilly Reception
|-damage|p1a: Corviknight|75/100|[from] Stealth Rock
|-ability|p1a: Corviknight|Pressure
|
|-weather|Snowscape|[upkeep]
|upkeep
|turn|36
|
|t:|1769353135
|move|p1a: Corviknight|Defog|p2a: Garganacl
|-unboost|p2a: Garganacl|evasion|1
|-sideend|p1: VIXperation|Stealth Rock|[from] move: Defog|[of] p1a: Corviknight
|move|p2a: Garganacl|Salt Cure|p1a: Corviknight
|-damage|p1a: Corviknight|68/100
|-start|p1a: Corviknight|Salt Cure
|
|-weather|Snowscape|[upkeep]
|-damage|p1a: Corviknight|43/100|[from] Salt Cure
|upkeep
|turn|37
|
|t:|1769353144
|switch|p1a: Iron Moth|Iron Moth, tera:Fire|84/100
|move|p2a: Garganacl|Protect||[still]
|-fail|p2a: Garganacl
|
|-weather|Snowscape|[upkeep]
|upkeep
|turn|38
|
|t:|1769353154
|move|p2a: Garganacl|Protect|p2a: Garganacl
|-singleturn|p2a: Garganacl|Protect
|move|p1a: Iron Moth|Overheat|p2a: Garganacl
|-activate|p2a: Garganacl|move: Protect
|
|-weather|Snowscape|[upkeep]
|upkeep
|turn|39
|
|t:|1769353164
|move|p1a: Iron Moth|Overheat|p2a: Garganacl
|-resisted|p2a: Garganacl
|-crit|p2a: Garganacl
|-damage|p2a: Garganacl|0 fnt
|-unboost|p1a: Iron Moth|spa|2
|faint|p2a: Garganacl
|
|-weather|none
|upkeep
|
|t:|1769353174
|switch|p2a: Quagsire|Quagsire, M, shiny|88/100 tox
|turn|40
|
|t:|1769353180
|-end|p1a: Iron Moth|Quark Drive|[silent]
|switch|p1a: Corviknight|Corviknight, F|43/100
|-ability|p1a: Corviknight|Pressure
|move|p2a: Quagsire|Spikes|p1a: Corviknight
|-sidestart|p1: VIXperation|Spikes
|
|-heal|p2a: Quagsire|94/100 tox|[from] item: Leftovers
|-damage|p2a: Quagsire|88/100 tox|[from] psn
|upkeep
|turn|41
|
|t:|1769353190
|switch|p2a: Gholdengo|Gholdengo, shiny|100/100
|move|p1a: Corviknight|Roost|p1a: Corviknight
|-heal|p1a: Corviknight|93/100
|-singleturn|p1a: Corviknight|move: Roost
|
|upkeep
|turn|42
|
|t:|1769353198
|move|p2a: Gholdengo|Thunder Wave|p1a: Corviknight
|-status|p1a: Corviknight|par
|move|p1a: Corviknight|U-turn|p2a: Gholdengo
|-resisted|p2a: Gholdengo
|-damage|p2a: Gholdengo|98/100
|
|t:|1769353205
|switch|p1a: Meowscarada|Meowscarada, F|67/100|[from] U-turn
|-damage|p1a: Meowscarada|55/100|[from] Spikes
|
|-heal|p2a: Gholdengo|100/100|[from] item: Leftovers
|upkeep
|turn|43
|
|t:|1769353212
|switch|p2a: Toxapex|Toxapex, F, shiny|100/100 par
|move|p1a: Meowscarada|U-turn|p2a: Toxapex
|-start|p1a: Meowscarada|typechange|Bug|[from] ability: Protean
|-resisted|p2a: Toxapex
|-damage|p2a: Toxapex|85/100 par
|
|t:|1769353220
|switch|p1a: Corviknight|Corviknight, F|93/100 par|[from] U-turn
|-ability|p1a: Corviknight|Pressure
|
|-heal|p2a: Toxapex|91/100 par|[from] item: Leftovers
|upkeep
|turn|44
|
|t:|1769353227
|move|p1a: Corviknight|Defog|p2a: Toxapex
|-unboost|p2a: Toxapex|evasion|1
|-sideend|p1: VIXperation|Spikes|[from] move: Defog|[of] p1a: Corviknight
|move|p2a: Toxapex|Infestation|p1a: Corviknight
|-resisted|p1a: Corviknight
|-damage|p1a: Corviknight|92/100 par
|-activate|p1a: Corviknight|move: Infestation|[of] p2a: Toxapex
|
|-heal|p2a: Toxapex|97/100 par|[from] item: Leftovers
|-damage|p1a: Corviknight|79/100 par|[from] move: Infestation|[partiallytrapped]
|upkeep
|turn|45
|
|t:|1769353238
|cant|p1a: Corviknight|par
|move|p2a: Toxapex|Liquidation|p1a: Corviknight
|-damage|p1a: Corviknight|67/100 par
|-unboost|p1a: Corviknight|def|1
|
|-heal|p2a: Toxapex|100/100 par|[from] item: Leftovers
|-damage|p1a: Corviknight|55/100 par|[from] move: Infestation|[partiallytrapped]
|upkeep
|turn|46
|
|t:|1769353248
|cant|p2a: Toxapex|par
|cant|p1a: Corviknight|par
|
|-damage|p1a: Corviknight|42/100 par|[from] move: Infestation|[partiallytrapped]
|upkeep
|turn|47
|
|t:|1769353255
|move|p2a: Toxapex|Baneful Bunker|p2a: Toxapex
|-singleturn|p2a: Toxapex|move: Protect
|move|p1a: Corviknight|Roost|p1a: Corviknight
|-heal|p1a: Corviknight|92/100 par
|-singleturn|p1a: Corviknight|move: Roost
|
|-damage|p1a: Corviknight|80/100 par|[from] move: Infestation|[partiallytrapped]
|upkeep
|turn|48
|
|t:|1769353263
|move|p1a: Corviknight|U-turn|p2a: Toxapex
|-resisted|p2a: Toxapex
|-damage|p2a: Toxapex|96/100 par
|
|t:|1769353267
|switch|p1a: Slowking|Slowking-Galar, F|100/100|[from] U-turn
|move|p2a: Toxapex|Liquidation|p1a: Slowking
|-damage|p1a: Slowking|80/100
|
|-heal|p1a: Slowking|87/100|[from] item: Leftovers
|-heal|p2a: Toxapex|100/100 par|[from] item: Leftovers
|upkeep
|turn|49
|
|t:|1769353277
|switch|p2a: Gholdengo|Gholdengo, shiny|100/100
|-prepare|p1a: Slowking|Chilly Reception|[premajor]
|move|p1a: Slowking|Chilly Reception|p1a: Slowking
|-weather|Snowscape
|
|t:|1769353287
|switch|p1a: Meowscarada|Meowscarada, F|55/100|[from] Chilly Reception
|
|-weather|Snowscape|[upkeep]
|upkeep
|turn|50
|
|t:|1769353297
|move|p1a: Meowscarada|Knock Off|p2a: Gholdengo
|-start|p1a: Meowscarada|typechange|Dark|[from] ability: Protean
|-supereffective|p2a: Gholdengo
|-damage|p2a: Gholdengo|0 fnt
|-enditem|p2a: Gholdengo|Leftovers|[from] move: Knock Off|[of] p1a: Meowscarada
|faint|p2a: Gholdengo
|
|-weather|Snowscape|[upkeep]
|upkeep
|-message|help!7777 forfeited.
|
|win|VIXperation
|raw|VIXperation's rating: 1281 &rarr; <strong>1307</strong><br />(+26 for winning)
|raw|help!7777's rating: 1300 &rarr; <strong>1274</strong><br />(-26 for losing)
|l|☆help!7777
|player|p2|
|l|☆VIXperation
|player|p1|
