|j|‽undftd1
|j|☆Chorley Cakes
|t:|1769351311
|gametype|singles
|player|p1|undftd1|102|1477
|player|p2|Chorley Cakes|waiter-gen4|1475
|gen|9
|tier|[Gen 9] OU
|rated|
|rule|HP Percentage Mod: HP is shown in percentages
|rule|Endless Battle Clause: Forcing endless battles is banned
|rule|Species Clause: Limit one of each Pokémon
|rule|OHKO Clause: OHKO moves are banned
|rule|Evasion Items Clause: Evasion items are banned
|rule|Evasion Moves Clause: Evasion moves are banned
|rule|Evasion Abilities Clause: Evasion abilities are banned
|rule|Sleep Moves Clause: Sleep-inducing moves are banned
|clearpoke
|poke|p1|Raging Bolt|
|poke|p1|Landorus-Therian, M|
|poke|p1|Darkrai|
|poke|p1|Torkoal, M|
|poke|p1|Zapdos|
|poke|p1|Walking Wake|
|poke|p2|Pelipper, M|
|poke|p2|Barraskewda, F|
|poke|p2|Raging Bolt|
|poke|p2|Toxicroak, F|
|poke|p2|Empoleon, F|
|poke|p2|Great Tusk|
|teampreview
|inactive|Battle timer is ON: inactive players will automatically lose when time's up. (requested by Chorley Cakes)
|c|☆Chorley Cakes|hf
|
|t:|1769351333
|teamsize|p1|6
|teamsize|p2|6
|start
|switch|p1a: Zapdos|Zapdos, shiny|100/100
|switch|p2a: Raging Bolt|Raging Bolt|100/100
|turn|1
|
|t:|1769351351
|switch|p1a: Torkoal|Torkoal, M|100/100
|-weather|SunnyDay|[from] ability: Drought|[of] p1a: Torkoal
|-activate|p2a: Raging Bolt|ability: Protosynthesis
|-start|p2a: Raging Bolt|protosynthesisspa
|move|p2a: Raging Bolt|Dragon Pulse|p1a: Torkoal
|-damage|p1a: Torkoal|35/100
|
|-weather|SunnyDay|[upkeep]
|upkeep
|turn|2
|
|t:|1769351360
|move|p2a: Raging Bolt|Dragon Pulse|p1a: Torkoal
|-crit|p1a: Torkoal
|-damage|p1a: Torkoal|0 fnt
|faint|p1a: Torkoal
|
|-weather|SunnyDay|[upkeep]
|upkeep
|
|t:|1769351389
|switch|p1a: Darkrai|Darkrai|100/100
|turn|3
|
|t:|1769351415
|-terastallize|p1a: Darkrai|Fairy
|move|p2a: Raging Bolt|Dragon Pulse|p1a: Darkrai
|-immune|p1a: Darkrai
|move|p1a: Darkrai|Tera Blast|p2a: Raging Bolt|[anim] Tera Blast Fairy
|-supereffective|p2a: Raging Bolt
|-damage|p2a: Raging Bolt|0 fnt
|faint|p2a: Raging Bolt
|-end|p2a: Raging Bolt|Protosynthesis|[silent]
|-damage|p1a: Darkrai|91/100|[from] item: Life Orb
|
|-weather|SunnyDay|[upkeep]
|upkeep
|
|t:|1769351422
|switch|p2a: Empoleon|Empoleon, F|100/100
|-item|p2a: Empoleon|Air Balloon
|turn|4
|
|t:|1769351437
|move|p1a: Darkrai|Dark Pulse|p2a: Empoleon
|-damage|p2a: Empoleon|60/100
|-enditem|p2a: Empoleon|Air Balloon
|-damage|p1a: Darkrai|81/100|[from] item: Life Orb
|move|p2a: Empoleon|Stealth Rock|p1a: Darkrai
|-sidestart|p1: undftd1|move: Stealth Rock
|
|-weather|SunnyDay|[upkeep]
|upkeep
|turn|5
|
|t:|1769351446
|move|p1a: Darkrai|Focus Blast|p2a: Empoleon
|-supereffective|p2a: Empoleon
|-damage|p2a: Empoleon|0 fnt
|faint|p2a: Empoleon
|-damage|p1a: Darkrai|71/100|[from] item: Life Orb
|
|-weather|SunnyDay|[upkeep]
|upkeep
|
|t:|1769351449
|switch|p2a: Pelipper|Pelipper, M|100/100
|-weather|RainDance|[from] ability: Drizzle|[of] p2a: Pelipper
|turn|6
|
|t:|1769351453
|move|p1a: Darkrai|Tera Blast|p2a: Pelipper|[anim] Tera Blast Fairy
|-damage|p2a: Pelipper|21/100
|-damage|p1a: Darkrai|62/100|[from] item: Life Orb
|move|p2a: Pelipper|U-turn|p1a: Darkrai
|-resisted|p1a: Darkrai
|-damage|p1a: Darkrai|55/100
|
|t:|1769351457
|switch|p2a: Barraskewda|Barraskewda, F|100/100|[from] U-turn
|
|-weather|RainDance|[upkeep]
|upkeep
|turn|7
|
|t:|1769351464
|move|p2a: Barraskewda|Flip Turn|p1a: Darkrai
|-damage|p1a: Darkrai|0 fnt
|faint|p1a: Darkrai
|
|t:|1769351481
|switch|p2a: Toxicroak|Toxicroak, F|100/100|[from] Flip Turn
|
|-weather|RainDance|[upkeep]
|upkeep
|
|t:|1769351490
|switch|p1a: Landorus|Landorus-Therian, M, shiny|100/100
|-damage|p1a: Landorus|88/100|[from] Stealth Rock
|-ability|p1a: Landorus|Intimidate|boost
|-unboost|p2a: Toxicroak|atk|1
|turn|8
|
|t:|1769351502
|switch|p2a: Great Tusk|Great Tusk|100/100
|move|p1a: Landorus|U-turn|p2a: Great Tusk
|-resisted|p2a: Great Tusk
|-damage|p2a: Great Tusk|92/100
|
|t:|1769351505
|switch|p1a: Walking Wake|Walking Wake|100/100|[from] U-turn
|
|-weather|RainDance|[upkeep]
|upkeep
|turn|9
|
|t:|1769351517
|-end|p2a: Great Tusk|Protosynthesis|[silent]
|switch|p2a: Toxicroak|Toxicroak, F|100/100
|move|p1a: Walking Wake|Hydro Steam|p2a: Toxicroak
|-immune|p2a: Toxicroak|[from] ability: Dry Skin
|
|-weather|RainDance|[upkeep]
|upkeep
|turn|10
|
|t:|1769351522
|move|p1a: Walking Wake|Dragon Pulse|p2a: Toxicroak
|-damage|p2a: Toxicroak|43/100
|move|p2a: Toxicroak|Knock Off|p1a: Walking Wake
|-damage|p1a: Walking Wake|73/100
|-enditem|p1a: Walking Wake|Heavy-Duty Boots|[from] move: Knock Off|[of] p2a: Toxicroak
|
|-weather|RainDance|[upkeep]
|-heal|p2a: Toxicroak|55/100|[from] ability: Dry Skin
|upkeep
|turn|11
|inactive|Chorley Cakes has 120 seconds left.
|inactive|Chorley Cakes has 90 seconds left.
|
|t:|1769351585
|move|p1a: Walking Wake|Agility|p1a: Walking Wake
|-boost|p1a: Walking Wake|spe|2
|move|p2a: Toxicroak|Toxic|p1a: Walking Wake
|-status|p1a: Walking Wake|tox
|
|-weather|RainDance|[upkeep]
|-heal|p2a: Toxicroak|68/100|[from] ability: Dry Skin
|-damage|p1a: Walking Wake|67/100 tox|[from] psn
|upkeep
|turn|12
|inactive|Chorley Cakes has 90 seconds left.
|
|t:|1769351597
|move|p1a: Walking Wake|Dragon Pulse|p2a: Toxicroak
|-damage|p2a: Toxicroak|9/100
|move|p2a: Toxicroak|Drain Punch|p1a: Walking Wake
|-damage|p1a: Walking Wake|34/100 tox
|-heal|p2a: Toxicroak|24/100|[from] drain|[of] p1a: Walking Wake
|
|-weather|RainDance|[upkeep]
|-heal|p2a: Toxicroak|37/100|[from] ability: Dry Skin
|-damage|p1a: Walking Wake|22/100 tox|[from] psn
|upkeep
|turn|13
|inactive|Chorley Cakes has 90 seconds left.
|
|t:|1769351623
|move|p1a: Walking Wake|Dragon Pulse|p2a: Toxicroak
|-damage|p2a: Toxicroak|0 fnt
|faint|p2a: Toxicroak
|
|-weather|none
|-damage|p1a: Walking Wake|3/100 tox|[from] psn
|upkeep
|
|t:|1769351625
|switch|p2a: Barraskewda|Barraskewda, F|100/100
|turn|14
|
|t:|1769351653
|move|p2a: Barraskewda|Aqua Jet|p1a: Walking Wake
|-resisted|p1a: Walking Wake
|-damage|p1a: Walking Wake|0 fnt
|faint|p1a: Walking Wake
|-end|p1a: Walking Wake|Protosynthesis|[silent]
|
|upkeep
|
|t:|1769351657
|switch|p1a: Landorus|Landorus-Therian, M, shiny|88/100
|-damage|p1a: Landorus|76/100|[from] Stealth Rock
|-ability|p1a: Landorus|Intimidate|boost
|-unboost|p2a: Barraskewda|atk|1
|turn|15
|
|t:|1769351660
|switch|p2a: Pelipper|Pelipper, M|21/100
|-weather|RainDance|[from] ability: Drizzle|[of] p2a: Pelipper
|move|p1a: Landorus|Stone Edge|p2a: Pelipper
|-supereffective|p2a: Pelipper
|-crit|p2a: Pelipper
|-damage|p2a: Pelipper|0 fnt
|faint|p2a: Pelipper
|
|-weather|RainDance|[upkeep]
|upkeep
|
|t:|1769351666
|switch|p2a: Barraskewda|Barraskewda, F|100/100
|turn|16
|
|t:|1769351669
|switch|p1a: Zapdos|Zapdos, shiny|100/100
|move|p2a: Barraskewda|Flip Turn|p1a: Zapdos
|-damage|p1a: Zapdos|10/100
|inactive|Chorley Cakes has 90 seconds left.
|
|t:|1769351674
|switch|p2a: Great Tusk|Great Tusk|92/100|[from] Flip Turn
|
|-weather|RainDance|[upkeep]
|upkeep
|turn|17
|
|t:|1769351681
|move|p2a: Great Tusk|Ice Spinner|p1a: Zapdos
|-supereffective|p1a: Zapdos
|-damage|p1a: Zapdos|0 fnt
|faint|p1a: Zapdos
|
|-weather|RainDance|[upkeep]
|upkeep
|
|t:|1769351685
|switch|p1a: Landorus|Landorus-Therian, M, shiny|76/100
|-damage|p1a: Landorus|64/100|[from] Stealth Rock
|-ability|p1a: Landorus|Intimidate|boost
|-unboost|p2a: Great Tusk|atk|1
|turn|18
|
|t:|1769351690
|move|p1a: Landorus|Earthquake|p2a: Great Tusk
|-damage|p2a: Great Tusk|59/100
|move|p2a: Great Tusk|Ice Spinner|p1a: Landorus
|-supereffective|p1a: Landorus
|-damage|p1a: Landorus|0 fnt
|faint|p1a: Landorus
|
|-weather|RainDance|[upkeep]
|upkeep
|
|t:|1769351694
|switch|p1a: Raging Bolt|Raging Bolt|100/100
|-damage|p1a: Raging Bolt|88/100|[from] Stealth Rock
|turn|19
|
|t:|1769351700
|move|p2a: Great Tusk|Headlong Rush|p1a: Raging Bolt
|-supereffective|p1a: Raging Bolt
|-damage|p1a: Raging Bolt|36/100
|-unboost|p2a: Great Tusk|def|1
|-unboost|p2a: Great Tusk|spd|1
|move|p1a: Raging Bolt|Weather Ball|p2a: Great Tusk
|-supereffective|p2a: Great Tusk
|-damage|p2a: Great Tusk|0 fnt
|faint|p2a: Great Tusk
|-end|p2a: Great Tusk|Protosynthesis|[silent]
|
|-weather|RainDance|[upkeep]
|upkeep
|inactive|Chorley Cakes has 120 seconds left.
|c|☆Chorley Cakes|max def max hp bolt is......something
|
|t:|1769351744
|switch|p2a: Barraskewda|Barraskewda, F|100/100
|turn|20
|
|t:|1769351756
|-terastallize|p2a: Barraskewda|Water
|move|p2a: Barraskewda|Aqua Jet|p1a: Raging Bolt
|-resisted|p1a: Raging Bolt
|-damage|p1a: Raging Bolt|10/100
|move|p1a: Raging Bolt|Thunderclap||[still]
|-fail|p1a: Raging Bolt
|
|-weather|RainDance|[upkeep]
|upkeep
|turn|21
|
|t:|1769351761
|move|p2a: Barraskewda|Aqua Jet|p1a: Raging Bolt
|-resisted|p1a: Raging Bolt
|-damage|p1a: Raging Bolt|0 fnt
|faint|p1a: Raging Bolt
|-end|p1a: Raging Bolt|Protosynthesis|[silent]
|
|win|Chorley Cakes
|raw|undftd1's rating: 1477 &rarr; <strong>1457</strong><br />(-20 for losing)
|raw|Chorley Cakes's rating: 1475 &rarr; <strong>1495</strong><br />(+20 for winning)
|l|‽undftd1
|player|p1|
|c|☆Chorley Cakes|gg
|l|☆Chorley Cakes
|player|p2|
