|j|☆haitianprinc3
|j|☆saibayman
|t:|1769375169
|gametype|singles
|player|p1|haitianprinc3|marshal|1366
|player|p2|saibayman|265|1419
|gen|9
|tier|[Gen 9] OU
|rated|
|rule|HP Percentage Mod: HP is shown in percentages
|rule|Endless Battle Clause: Forcing endless battles is banned
|rule|Species Clause: Limit one of each Pokémon
|rule|OHKO Clause: OHKO moves are banned
|rule|Evasion Items Clause: Evasion items are banned
|rule|Evasion Moves Clause: Evasion moves are banned
|rule|Evasion Abilities Clause: Evasion abilities are banned
|rule|Sleep Moves Clause: Sleep-inducing moves are banned
|clearpoke
|poke|p1|Politoed, F|
|poke|p1|Landorus-Therian, M|
|poke|p1|Goodra, F|
|poke|p1|Kingdra, F|
|poke|p1|Azumarill, M|
|poke|p1|Ninetales-Alola, F|
|poke|p2|Tyranitar, M|
|poke|p2|Great Tusk|
|poke|p2|Slowking-Galar, F|
|poke|p2|Gholdengo|
|poke|p2|Greninja-*, M|
|poke|p2|Moltres|
|teampreview
|inactive|Battle timer is ON: inactive players will automatically lose when time's up. (requested by saibayman)
|j| doozymeow
|
|t:|1769375197
|teamsize|p1|6
|teamsize|p2|6
|start
|switch|p1a: Kingdra|Kingdra, F, shiny|100/100
|switch|p2a: Slowking|Slowking-Galar, F|100/100
|turn|1
|
|t:|1769375203
|move|p1a: Kingdra|Flip Turn|p2a: Slowking
|-damage|p2a: Slowking|80/100
|
|t:|1769375213
|switch|p1a: Azumarill|Azumarill, M|100/100|[from] Flip Turn
|move|p2a: Slowking|Sludge Bomb|p1a: Azumarill
|-supereffective|p1a: Azumarill
|-damage|p1a: Azumarill|44/100
|
|upkeep
|turn|2
|
|t:|1769375220
|move|p1a: Azumarill|Knock Off|p2a: Slowking
|-supereffective|p2a: Slowking
|-damage|p2a: Slowking|0 fnt
|-enditem|p2a: Slowking|Assault Vest|[from] move: Knock Off|[of] p1a: Azumarill
|faint|p2a: Slowking
|
|upkeep
|
|t:|1769375227
|switch|p2a: Gholdengo|Gholdengo|100/100
|turn|3
|
|t:|1769375231
|move|p2a: Gholdengo|Make It Rain|p1a: Azumarill
|-crit|p1a: Azumarill
|-damage|p1a: Azumarill|0 fnt
|-unboost|p2a: Gholdengo|spa|1
|faint|p1a: Azumarill
|
|upkeep
|
|t:|1769375240
|switch|p1a: Politoed|Politoed, F, shiny|100/100
|-weather|RainDance|[from] ability: Drizzle|[of] p1a: Politoed
|turn|4
|
|t:|1769375246
|switch|p2a: Tyranitar|Tyranitar, M|100/100
|-weather|Sandstorm|[from] ability: Sand Stream|[of] p2a: Tyranitar
|move|p1a: Politoed|Surf|p2a: Tyranitar
|-supereffective|p2a: Tyranitar
|-damage|p2a: Tyranitar|51/100
|
|-weather|Sandstorm|[upkeep]
|-damage|p1a: Politoed|94/100|[from] Sandstorm
|upkeep
|turn|5
|
|t:|1769375258
|move|p1a: Politoed|Surf|p2a: Tyranitar
|-supereffective|p2a: Tyranitar
|-damage|p2a: Tyranitar|8/100
|move|p2a: Tyranitar|Knock Off|p1a: Politoed
|-damage|p1a: Politoed|44/100
|-enditem|p1a: Politoed|Damp Rock|[from] move: Knock Off|[of] p2a: Tyranitar
|
|-weather|Sandstorm|[upkeep]
|-damage|p1a: Politoed|38/100|[from] Sandstorm
|upkeep
|turn|6
|
|t:|1769375268
|switch|p2a: Greninja|Greninja, M|100/100
|move|p1a: Politoed|Surf|p2a: Greninja
|-resisted|p2a: Greninja
|-damage|p2a: Greninja|70/100
|
|-weather|Sandstorm|[upkeep]
|-damage|p2a: Greninja|64/100|[from] Sandstorm
|-damage|p1a: Politoed|32/100|[from] Sandstorm
|upkeep
|turn|7
|
|t:|1769375277
|switch|p1a: Goodra|Goodra, F|100/100
|move|p2a: Greninja|Dark Pulse|p1a: Goodra
|-damage|p1a: Goodra|73/100
|
|-weather|Sandstorm|[upkeep]
|-damage|p2a: Greninja|58/100|[from] Sandstorm
|-damage|p1a: Goodra|67/100|[from] Sandstorm
|upkeep
|turn|8
|
|t:|1769375286
|move|p2a: Greninja|Ice Beam|p1a: Goodra
|-supereffective|p1a: Goodra
|-damage|p1a: Goodra|24/100
|move|p1a: Goodra|Draco Meteor|p2a: Greninja
|-damage|p2a: Greninja|0 fnt
|-unboost|p1a: Goodra|spa|2
|faint|p2a: Greninja
|
|-weather|none
|upkeep
|
|t:|1769375297
|switch|p2a: Great Tusk|Great Tusk|100/100
|turn|9
|
|t:|1769375305
|switch|p1a: Politoed|Politoed, F, shiny|32/100
|-weather|RainDance|[from] ability: Drizzle|[of] p1a: Politoed
|move|p2a: Great Tusk|Rapid Spin|p1a: Politoed
|-damage|p1a: Politoed|15/100
|-boost|p2a: Great Tusk|spe|1
|
|-weather|RainDance|[upkeep]
|upkeep
|turn|10
|
|t:|1769375317
|move|p2a: Great Tusk|Rapid Spin|p1a: Politoed
|-crit|p1a: Politoed
|-damage|p1a: Politoed|0 fnt
|-boost|p2a: Great Tusk|spe|1
|faint|p1a: Politoed
|
|-weather|RainDance|[upkeep]
|upkeep
|
|t:|1769375320
|switch|p1a: Kingdra|Kingdra, F, shiny|100/100
|turn|11
|
|t:|1769375327
|-end|p2a: Great Tusk|Protosynthesis|[silent]
|switch|p2a: Tyranitar|Tyranitar, M|8/100
|-weather|Sandstorm|[from] ability: Sand Stream|[of] p2a: Tyranitar
|move|p1a: Kingdra|Surf|p2a: Tyranitar
|-supereffective|p2a: Tyranitar
|-damage|p2a: Tyranitar|0 fnt
|faint|p2a: Tyranitar
|
|-weather|Sandstorm|[upkeep]
|-damage|p1a: Kingdra|94/100|[from] Sandstorm
|upkeep
|
|t:|1769375339
|switch|p2a: Gholdengo|Gholdengo|100/100
|turn|12
|
|t:|1769375356
|switch|p1a: Goodra|Goodra, F|24/100
|-terastallize|p2a: Gholdengo|Fairy
|move|p2a: Gholdengo|Dazzling Gleam|p1a: Goodra
|-supereffective|p1a: Goodra
|-damage|p1a: Goodra|0 fnt
|faint|p1a: Goodra
|
|-weather|Sandstorm|[upkeep]
|-damage|p2a: Gholdengo|94/100|[from] Sandstorm
|upkeep
|
|t:|1769375371
|switch|p1a: Landorus|Landorus-Therian, M|100/100
|-ability|p1a: Landorus|Intimidate|boost
|-unboost|p2a: Gholdengo|atk|1
|turn|13
|
|t:|1769375375
|switch|p2a: Great Tusk|Great Tusk|100/100
|move|p1a: Landorus|Earthquake|p2a: Great Tusk
|-crit|p2a: Great Tusk
|-damage|p2a: Great Tusk|58/100
|
|-weather|Sandstorm|[upkeep]
|-heal|p2a: Great Tusk|64/100|[from] item: Leftovers
|upkeep
|turn|14
|
|t:|1769375385
|switch|p1a: Kingdra|Kingdra, F, shiny|94/100
|-end|p2a: Great Tusk|Protosynthesis|[silent]
|switch|p2a: Moltres|Moltres|100/100
|
|-weather|Sandstorm|[upkeep]
|-damage|p1a: Kingdra|88/100|[from] Sandstorm
|-damage|p2a: Moltres|94/100|[from] Sandstorm
|upkeep
|turn|15
|
|t:|1769375393
|move|p1a: Kingdra|Surf|p2a: Moltres
|-supereffective|p2a: Moltres
|-damage|p2a: Moltres|6/100
|move|p2a: Moltres|Will-O-Wisp|p1a: Kingdra
|-status|p1a: Kingdra|brn
|
|-weather|none
|-damage|p1a: Kingdra|82/100 brn|[from] brn
|upkeep
|turn|16
|
|t:|1769375404
|switch|p2a: Great Tusk|Great Tusk|64/100
|move|p1a: Kingdra|Surf|p2a: Great Tusk
|-supereffective|p2a: Great Tusk
|-damage|p2a: Great Tusk|0 fnt
|faint|p2a: Great Tusk
|-end|p2a: Great Tusk|Protosynthesis|[silent]
|
|-damage|p1a: Kingdra|76/100 brn|[from] brn
|upkeep
|
|t:|1769375415
|switch|p2a: Gholdengo|Gholdengo, tera:Fairy|94/100
|turn|17
|
|t:|1769375419
|move|p2a: Gholdengo|Make It Rain|p1a: Kingdra
|-resisted|p1a: Kingdra
|-damage|p1a: Kingdra|40/100 brn
|-unboost|p2a: Gholdengo|spa|1
|move|p1a: Kingdra|Surf|p2a: Gholdengo
|-damage|p2a: Gholdengo|16/100
|
|-damage|p1a: Kingdra|33/100 brn|[from] brn
|upkeep
|turn|18
|-message|saibayman forfeited.
|
|win|haitianprinc3
|raw|haitianprinc3's rating: 1366 &rarr; <strong>1389</strong><br />(+23 for winning)
|raw|saibayman's rating: 1419 &rarr; <strong>1396</strong><br />(-23 for losing)
|l|☆saibayman
|player|p2|
|l|☆haitianprinc3
|player|p1|
|l| doozymeow
|j| doozymeow
|l| doozymeow
