|j|☆saucelikexan
|j|☆snorlax47
|t:|1769378354
|gametype|singles
|player|p1|saucelikexan|byron|1080
|player|p2|snorlax47|dancer|1121
|gen|9
|tier|[Gen 9] OU
|rated|
|rule|HP Percentage Mod: HP is shown in percentages
|rule|Endless Battle Clause: Forcing endless battles is banned
|rule|Species Clause: Limit one of each Pokémon
|rule|OHKO Clause: OHKO moves are banned
|rule|Evasion Items Clause: Evasion items are banned
|rule|Evasion Moves Clause: Evasion moves are banned
|rule|Evasion Abilities Clause: Evasion abilities are banned
|rule|Sleep Moves Clause: Sleep-inducing moves are banned
|clearpoke
|poke|p1|Incineroar, M|
|poke|p1|Zapdos|
|poke|p1|Grafaiai, M|
|poke|p1|Ivysaur, M|
|poke|p1|Clefable, M|
|poke|p1|Tyranitar, M|
|poke|p2|Lucario, M|
|poke|p2|Orthworm, F|
|poke|p2|Chandelure, F|
|poke|p2|Dondozo, F|
|poke|p2|Goodra, M|
|poke|p2|Regice|
|teampreview
|inactive|Battle timer is ON: inactive players will automatically lose when time's up. (requested by saucelikexan)
|
|t:|1769378366
|teamsize|p1|6
|teamsize|p2|6
|start
|switch|p1a: Incineroar|Incineroar, M|100/100
|switch|p2a: Lucario|Lucario, M|100/100
|-ability|p1a: Incineroar|Intimidate|boost
|-unboost|p2a: Lucario|atk|1
|turn|1
|
|t:|1769378385
|switch|p2a: Dondozo|Dondozo, F|100/100
|move|p1a: Incineroar|Sunny Day|p1a: Incineroar
|-weather|SunnyDay
|
|-weather|SunnyDay|[upkeep]
|upkeep
|turn|2
|
|t:|1769378393
|move|p1a: Incineroar|Will-O-Wisp|p2a: Dondozo
|-status|p2a: Dondozo|brn
|move|p2a: Dondozo|Body Press|p1a: Incineroar
|-supereffective|p1a: Incineroar
|-damage|p1a: Incineroar|75/100
|
|-weather|SunnyDay|[upkeep]
|-damage|p2a: Dondozo|94/100 brn|[from] brn
|upkeep
|turn|3
|
|t:|1769378404
|move|p1a: Incineroar|Parting Shot|p2a: Dondozo
|-unboost|p2a: Dondozo|atk|1
|-unboost|p2a: Dondozo|spa|1
|
|t:|1769378408
|switch|p1a: Ivysaur|Ivysaur, M|100/100|[from] Parting Shot
|move|p2a: Dondozo|Body Press|p1a: Ivysaur
|-resisted|p1a: Ivysaur
|-damage|p1a: Ivysaur|93/100
|
|-weather|SunnyDay|[upkeep]
|-heal|p2a: Dondozo|100/100 brn|[from] item: Leftovers
|-damage|p2a: Dondozo|94/100 brn|[from] brn
|upkeep
|turn|4
|
|t:|1769378418
|switch|p2a: Regice|Regice|100/100
|move|p1a: Ivysaur|Growth|p1a: Ivysaur
|-boost|p1a: Ivysaur|atk|2
|-boost|p1a: Ivysaur|spa|2
|
|-weather|SunnyDay|[upkeep]
|upkeep
|turn|5
|
|t:|1769378425
|move|p1a: Ivysaur|Weather Ball|p2a: Regice
|-supereffective|p2a: Regice
|-damage|p2a: Regice|44/100
|-enditem|p2a: Regice|Weakness Policy
|-boost|p2a: Regice|atk|2|[from] item: Weakness Policy
|-boost|p2a: Regice|spa|2|[from] item: Weakness Policy
|move|p2a: Regice|Ice Beam|p1a: Ivysaur
|-supereffective|p1a: Ivysaur
|-damage|p1a: Ivysaur|0 fnt
|faint|p1a: Ivysaur
|
|-weather|SunnyDay|[upkeep]
|upkeep
|
|t:|1769378445
|switch|p1a: Clefable|Clefable, M|100/100
|turn|6
|
|t:|1769378453
|move|p1a: Clefable|Charge Beam|p2a: Regice
|-damage|p2a: Regice|37/100
|-boost|p1a: Clefable|spa|1
|move|p2a: Regice|Flash Cannon|p1a: Clefable
|-supereffective|p1a: Clefable
|-damage|p1a: Clefable|69/100
|
|-weather|SunnyDay|[upkeep]
|upkeep
|turn|7
|
|t:|1769378466
|move|p1a: Clefable|Moonblast|p2a: Regice
|-damage|p2a: Regice|11/100
|move|p2a: Regice|Flash Cannon|p1a: Clefable
|-supereffective|p1a: Clefable
|-damage|p1a: Clefable|37/100
|
|-weather|SunnyDay|[upkeep]
|upkeep
|turn|8
|
|t:|1769378477
|move|p1a: Clefable|Charge Beam|p2a: Regice
|-damage|p2a: Regice|2/100
|-boost|p1a: Clefable|spa|1
|move|p2a: Regice|Flash Cannon|p1a: Clefable
|-supereffective|p1a: Clefable
|-damage|p1a: Clefable|5/100
|
|-weather|none
|upkeep
|turn|9
|
|t:|1769378483
|move|p1a: Clefable|Ice Beam|p2a: Regice
|-resisted|p2a: Regice
|-damage|p2a: Regice|0 fnt
|faint|p2a: Regice
|
|upkeep
|
|t:|1769378487
|switch|p2a: Lucario|Lucario, M|100/100
|turn|10
|
|t:|1769378496
|-terastallize|p1a: Clefable|Ghost
|move|p2a: Lucario|Agility|p2a: Lucario
|-boost|p2a: Lucario|spe|2
|move|p1a: Clefable|Moonblast|p2a: Lucario
|-enditem|p2a: Lucario|Focus Sash
|-damage|p2a: Lucario|1/100
|
|upkeep
|turn|11
|
|t:|1769378508
|move|p2a: Lucario|Extreme Speed|p1a: Clefable
|-immune|p1a: Clefable
|move|p1a: Clefable|Ice Beam|p2a: Lucario
|-resisted|p2a: Lucario
|-damage|p2a: Lucario|0 fnt
|faint|p2a: Lucario
|
|upkeep
|
|t:|1769378518
|switch|p2a: Chandelure|Chandelure, F|100/100
|turn|12
|
|t:|1769378522
|move|p2a: Chandelure|Shadow Ball|p1a: Clefable
|-supereffective|p1a: Clefable
|-damage|p1a: Clefable|0 fnt
|faint|p1a: Clefable
|
|upkeep
|
|t:|1769378535
|switch|p1a: Tyranitar|Tyranitar, M|100/100
|-ability|p1a: Tyranitar|Unnerve
|turn|13
|
|t:|1769378544
|switch|p2a: Dondozo|Dondozo, F|94/100 brn
|move|p1a: Tyranitar|Iron Defense|p1a: Tyranitar
|-boost|p1a: Tyranitar|def|2
|
|-heal|p2a: Dondozo|100/100 brn|[from] item: Leftovers
|-damage|p2a: Dondozo|94/100 brn|[from] brn
|upkeep
|turn|14
|
|t:|1769378555
|move|p1a: Tyranitar|Iron Defense|p1a: Tyranitar
|-boost|p1a: Tyranitar|def|2
|move|p2a: Dondozo|Body Press|p1a: Tyranitar
|-supereffective|p1a: Tyranitar
|-damage|p1a: Tyranitar|66/100
|-enditem|p1a: Tyranitar|Weakness Policy
|-boost|p1a: Tyranitar|atk|2|[from] item: Weakness Policy
|-boost|p1a: Tyranitar|spa|2|[from] item: Weakness Policy
|
|-heal|p2a: Dondozo|100/100 brn|[from] item: Leftovers
|-damage|p2a: Dondozo|94/100 brn|[from] brn
|upkeep
|turn|15
|
|t:|1769378565
|move|p1a: Tyranitar|Thunderbolt|p2a: Dondozo
|-supereffective|p2a: Dondozo
|-damage|p2a: Dondozo|46/100 brn
|move|p2a: Dondozo|Rest|p2a: Dondozo
|-status|p2a: Dondozo|slp|[from] move: Rest
|-heal|p2a: Dondozo|100/100 slp|[silent]
|
|upkeep
|turn|16
|
|t:|1769378575
|move|p1a: Tyranitar|Iron Defense|p1a: Tyranitar
|-boost|p1a: Tyranitar|def|2
|cant|p2a: Dondozo|slp
|move|p2a: Dondozo|Sleep Talk|p2a: Dondozo
|move|p2a: Dondozo|Liquidation|p1a: Tyranitar|[from] move: Sleep Talk
|-supereffective|p1a: Tyranitar
|-damage|p1a: Tyranitar|27/100
|
|upkeep
|turn|17
|
|t:|1769378586
|move|p1a: Tyranitar|Thunderbolt|p2a: Dondozo
|-supereffective|p2a: Dondozo
|-damage|p2a: Dondozo|53/100 slp
|cant|p2a: Dondozo|slp
|move|p2a: Dondozo|Sleep Talk|p2a: Dondozo
|move|p2a: Dondozo|Rest||[from] move: Sleep Talk|[still]
|-fail|p2a: Dondozo
|
|-heal|p2a: Dondozo|59/100 slp|[from] item: Leftovers
|upkeep
|turn|18
|
|t:|1769378596
|move|p1a: Tyranitar|Thunderbolt|p2a: Dondozo
|-supereffective|p2a: Dondozo
|-damage|p2a: Dondozo|13/100 slp
|-curestatus|p2a: Dondozo|slp|[msg]
|move|p2a: Dondozo|Body Press|p1a: Tyranitar
|-supereffective|p1a: Tyranitar
|-damage|p1a: Tyranitar|0 fnt
|faint|p1a: Tyranitar
|
|-heal|p2a: Dondozo|20/100|[from] item: Leftovers
|upkeep
|
|t:|1769378606
|switch|p1a: Zapdos|Zapdos|100/100
|turn|19
|
|t:|1769378610
|switch|p2a: Goodra|Goodra, M|100/100
|move|p1a: Zapdos|Volt Switch|p2a: Goodra
|-resisted|p2a: Goodra
|-damage|p2a: Goodra|90/100
|
|t:|1769378616
|switch|p1a: Grafaiai|Grafaiai, M|100/100|[from] Volt Switch
|
|upkeep
|turn|20
|inactive|saucelikexan has 120 seconds left.
|inactive|saucelikexan has 90 seconds left.
|inactive|saucelikexan has 60 seconds left.
|
|t:|1769378708
|switch|p2a: Orthworm|Orthworm, F|100/100
|move|p1a: Grafaiai|Swords Dance|p1a: Grafaiai
|-boost|p1a: Grafaiai|atk|2
|
|upkeep
|turn|21
|inactive|saucelikexan has 60 seconds left.
|
|t:|1769378724
|move|p1a: Grafaiai|Knock Off|p2a: Orthworm
|-damage|p2a: Orthworm|75/100
|-enditem|p2a: Orthworm|Assault Vest|[from] move: Knock Off|[of] p1a: Grafaiai
|move|p2a: Orthworm|Dig||[still]
|-prepare|p2a: Orthworm|Dig
|
|upkeep
|turn|22
|inactive|saucelikexan has 60 seconds left.
|
|t:|1769378742
|switch|p1a: Zapdos|Zapdos|100/100
|move|p2a: Orthworm|Dig|p1a: Zapdos|[from] lockedmove
|-immune|p1a: Zapdos
|
|upkeep
|turn|23
|inactive|saucelikexan has 60 seconds left.
|
|t:|1769378752
|switch|p1a: Incineroar|Incineroar, M|75/100
|-ability|p1a: Incineroar|Intimidate|boost
|-unboost|p2a: Orthworm|atk|1
|move|p2a: Orthworm|Rock Blast|p1a: Incineroar
|-supereffective|p1a: Incineroar
|-damage|p1a: Incineroar|66/100
|-supereffective|p1a: Incineroar
|-damage|p1a: Incineroar|57/100
|-supereffective|p1a: Incineroar
|-damage|p1a: Incineroar|49/100
|-hitcount|p1a: Incineroar|3
|
|upkeep
|turn|24
|inactive|saucelikexan has 60 seconds left.
|
|t:|1769378770
|switch|p2a: Chandelure|Chandelure, F|100/100
|move|p1a: Incineroar|Will-O-Wisp|p2a: Chandelure
|-start|p2a: Chandelure|ability: Flash Fire
|
|upkeep
|turn|25
|inactive|saucelikexan has 60 seconds left.
|l|☆saucelikexan
|inactive|saucelikexan disconnected and has a minute to reconnect!
|player|p1|
|inactive|saucelikexan has 30 seconds left.
|inactive|saucelikexan has 20 seconds left.
|inactive|saucelikexan has 15 seconds left.
|inactive|saucelikexan has 10 seconds left.
|inactive|saucelikexan has 5 seconds left.
|-message|saucelikexan lost due to inactivity.
|
|win|snorlax47
|raw|saucelikexan's rating: 1080 &rarr; <strong>1061</strong><br />(-19 for losing)
|raw|snorlax47's rating: 1121 &rarr; <strong>1143</strong><br />(+22 for winning)
|l|☆snorlax47
|player|p2|
