|j|☆Yappyy
|j|☆Leriskato
|t:|1769346853
|gametype|singles
|player|p1|Yappyy|170|1408
|player|p2|Leriskato|hoopster|1331
|gen|9
|tier|[Gen 9] OU
|rated|
|rule|HP Percentage Mod: HP is shown in percentages
|rule|Endless Battle Clause: Forcing endless battles is banned
|rule|Species Clause: Limit one of each Pokémon
|rule|OHKO Clause: OHKO moves are banned
|rule|Evasion Items Clause: Evasion items are banned
|rule|Evasion Moves Clause: Evasion moves are banned
|rule|Evasion Abilities Clause: Evasion abilities are banned
|rule|Sleep Moves Clause: Sleep-inducing moves are banned
|clearpoke
|poke|p1|Dragapult, F|
|poke|p1|Alomomola, F|
|poke|p1|Ogerpon-Wellspring, F|
|poke|p1|Kingambit, M|
|poke|p1|Great Tusk|
|poke|p1|Gholdengo|
|poke|p2|Minior|
|poke|p2|Gholdengo|
|poke|p2|Maushold|
|poke|p2|Ninetales-Alola, M|
|poke|p2|Kyurem|
|poke|p2|Glimmora, F|
|teampreview
|inactive|Battle timer is ON: inactive players will automatically lose when time's up. (requested by Yappyy)
|
|t:|1769346861
|teamsize|p1|6
|teamsize|p2|6
|start
|switch|p1a: Great Tusk|Great Tusk|100/100
|switch|p2a: Ninetales|Ninetales-Alola, M|100/100
|-weather|Snowscape|[from] ability: Snow Warning|[of] p2a: Ninetales
|turn|1
|
|t:|1769346864
|move|p2a: Ninetales|Aurora Veil|p2a: Ninetales
|-sidestart|p2: Leriskato|move: Aurora Veil
|move|p1a: Great Tusk|Stealth Rock|p2a: Ninetales
|-sidestart|p2: Leriskato|move: Stealth Rock
|
|-weather|Snowscape|[upkeep]
|upkeep
|turn|2
|
|t:|1769346869
|-end|p1a: Great Tusk|Protosynthesis|[silent]
|switch|p1a: Gholdengo|Gholdengo|100/100
|-item|p1a: Gholdengo|Air Balloon
|move|p2a: Ninetales|Blizzard|p1a: Gholdengo
|-resisted|p1a: Gholdengo
|-damage|p1a: Gholdengo|80/100
|-enditem|p1a: Gholdengo|Air Balloon
|
|-weather|Snowscape|[upkeep]
|upkeep
|turn|3
|
|t:|1769346882
|switch|p2a: Gholdengo|Gholdengo|100/100
|-damage|p2a: Gholdengo|94/100|[from] Stealth Rock
|-item|p2a: Gholdengo|Air Balloon
|move|p1a: Gholdengo|Nasty Plot|p1a: Gholdengo
|-boost|p1a: Gholdengo|spa|2
|
|-weather|Snowscape|[upkeep]
|upkeep
|turn|4
|
|t:|1769346891
|-terastallize|p2a: Gholdengo|Grass
|move|p2a: Gholdengo|Shadow Ball|p1a: Gholdengo
|-supereffective|p1a: Gholdengo
|-damage|p1a: Gholdengo|0 fnt
|faint|p1a: Gholdengo
|
|-weather|Snowscape|[upkeep]
|upkeep
|
|t:|1769346900
|switch|p1a: Kingambit|Kingambit, M|100/100
|-activate|p1a: Kingambit|ability: Supreme Overlord
|-start|p1a: Kingambit|fallen1|[silent]
|turn|5
|
|t:|1769346909
|switch|p2a: Minior|Minior|100/100
|-damage|p2a: Minior|76/100|[from] Stealth Rock
|-formechange|p2a: Minior|Minior-Meteor||[from] ability: Shields Down
|move|p1a: Kingambit|Kowtow Cleave|p2a: Minior
|-damage|p2a: Minior|42/100
|
|-weather|none
|-formechange|p2a: Minior|Minior||[from] ability: Shields Down
|upkeep
|turn|6
|
|t:|1769346933
|move|p2a: Minior|Shell Smash|p2a: Minior
|-unboost|p2a: Minior|def|1
|-unboost|p2a: Minior|spd|1
|-boost|p2a: Minior|atk|2
|-boost|p2a: Minior|spa|2
|-boost|p2a: Minior|spe|2
|-enditem|p2a: Minior|White Herb
|-clearnegativeboost|p2a: Minior|[silent]
|move|p1a: Kingambit|Iron Head|p2a: Minior
|-supereffective|p2a: Minior
|-damage|p2a: Minior|0 fnt
|faint|p2a: Minior
|
|upkeep
|
|t:|1769346944
|switch|p2a: Ninetales|Ninetales-Alola, M|100/100
|-damage|p2a: Ninetales|76/100|[from] Stealth Rock
|-weather|Snowscape|[from] ability: Snow Warning|[of] p2a: Ninetales
|turn|7
|
|t:|1769346956
|move|p2a: Ninetales|Freeze-Dry|p1a: Kingambit
|-resisted|p1a: Kingambit
|-damage|p1a: Kingambit|87/100
|-status|p1a: Kingambit|frz
|cant|p1a: Kingambit|frz
|
|-weather|Snowscape|[upkeep]
|-heal|p1a: Kingambit|93/100 frz|[from] item: Leftovers
|upkeep
|turn|8
|
|t:|1769346962
|move|p2a: Ninetales|Dazzling Gleam|p1a: Kingambit
|-damage|p1a: Kingambit|66/100 frz
|-curestatus|p1a: Kingambit|frz|[msg]
|move|p1a: Kingambit|Iron Head|p2a: Ninetales
|-supereffective|p2a: Ninetales
|-damage|p2a: Ninetales|0 fnt
|faint|p2a: Ninetales
|
|-weather|Snowscape|[upkeep]
|-heal|p1a: Kingambit|72/100|[from] item: Leftovers
|-sideend|p2: Leriskato|move: Aurora Veil
|upkeep
|
|t:|1769346968
|switch|p2a: Glimmora|Glimmora, F|100/100
|-damage|p2a: Glimmora|88/100|[from] Stealth Rock
|-item|p2a: Glimmora|Air Balloon
|turn|9
|
|t:|1769346975
|-end|p1a: Kingambit|fallen1|[silent]
|switch|p1a: Vera|Ogerpon-Wellspring, F|100/100
|move|p2a: Glimmora|Stealth Rock|p1a: Vera
|-sidestart|p1: Yappyy|move: Stealth Rock
|
|-weather|Snowscape|[upkeep]
|upkeep
|turn|10
|
|t:|1769346980
|move|p1a: Vera|Ivy Cudgel|p2a: Glimmora|[anim] Ivy Cudgel Water
|-supereffective|p2a: Glimmora
|-damage|p2a: Glimmora|0 fnt
|-activate|p2a: Glimmora|ability: Toxic Debris
|-sidestart|p1: Yappyy|move: Toxic Spikes
|-enditem|p2a: Glimmora|Air Balloon
|faint|p2a: Glimmora
|
|-weather|Snowscape|[upkeep]
|upkeep
|
|t:|1769346989
|switch|p2a: Kyurem|Kyurem|100/100
|-damage|p2a: Kyurem|76/100|[from] Stealth Rock
|-ability|p2a: Kyurem|Pressure
|turn|11
|
|t:|1769346993
|move|p1a: Vera|Play Rough|p2a: Kyurem|[miss]
|-miss|p1a: Vera|p2a: Kyurem
|move|p2a: Kyurem|Dragon Dance|p2a: Kyurem
|-boost|p2a: Kyurem|atk|1
|-boost|p2a: Kyurem|spe|1
|
|-weather|none
|upkeep
|turn|12
|
|t:|1769347002
|move|p2a: Kyurem|Scale Shot|p1a: Vera
|-damage|p1a: Vera|73/100
|-damage|p1a: Vera|44/100
|-damage|p1a: Vera|18/100
|-damage|p1a: Vera|0 fnt
|faint|p1a: Vera
|-hitcount|p1: Vera|4
|-unboost|p2a: Kyurem|def|1
|-boost|p2a: Kyurem|spe|1
|
|upkeep
|
|t:|1769347005
|switch|p1a: Dragapult|Dragapult, F|100/100
|turn|13
|
|t:|1769347010
|-terastallize|p1a: Dragapult|Steel
|move|p2a: Kyurem|Icicle Spear|p1a: Dragapult
|-resisted|p1a: Dragapult
|-crit|p1a: Dragapult
|-damage|p1a: Dragapult|83/100
|-resisted|p1a: Dragapult
|-damage|p1a: Dragapult|70/100
|-resisted|p1a: Dragapult
|-crit|p1a: Dragapult
|-damage|p1a: Dragapult|51/100
|-resisted|p1a: Dragapult
|-damage|p1a: Dragapult|37/100
|-resisted|p1a: Dragapult
|-damage|p1a: Dragapult|25/100
|-hitcount|p1a: Dragapult|5
|move|p1a: Dragapult|Will-O-Wisp|p2a: Kyurem
|-status|p2a: Kyurem|brn
|
|-damage|p2a: Kyurem|70/100 brn|[from] brn
|upkeep
|turn|14
|
|t:|1769347021
|move|p2a: Kyurem|Scale Shot|p1a: Dragapult|[miss]
|-miss|p2a: Kyurem|p1a: Dragapult
|move|p1a: Dragapult|Hex|p2a: Kyurem
|-damage|p2a: Kyurem|27/100 brn
|
|-damage|p2a: Kyurem|20/100 brn|[from] brn
|upkeep
|turn|15
|
|t:|1769347026
|move|p2a: Kyurem|Scale Shot|p1a: Dragapult
|-resisted|p1a: Dragapult
|-damage|p1a: Dragapult|18/100
|-resisted|p1a: Dragapult
|-damage|p1a: Dragapult|13/100
|-resisted|p1a: Dragapult
|-damage|p1a: Dragapult|7/100
|-resisted|p1a: Dragapult
|-damage|p1a: Dragapult|0 fnt
|faint|p1a: Dragapult
|-hitcount|p1: Dragapult|4
|-unboost|p2a: Kyurem|def|1
|-boost|p2a: Kyurem|spe|1
|
|-damage|p2a: Kyurem|14/100 brn|[from] brn
|upkeep
|
|t:|1769347030
|switch|p1a: Aloe|Alomomola, F|100/100
|turn|16
|
|t:|1769347036
|move|p2a: Kyurem|Scale Shot|p1a: Aloe
|-damage|p1a: Aloe|95/100
|-damage|p1a: Aloe|89/100
|-damage|p1a: Aloe|83/100
|-damage|p1a: Aloe|78/100
|-damage|p1a: Aloe|71/100
|-hitcount|p1a: Aloe|5
|-unboost|p2a: Kyurem|def|1
|-boost|p2a: Kyurem|spe|1
|move|p1a: Aloe|Wish|p1a: Aloe
|
|-damage|p2a: Kyurem|8/100 brn|[from] brn
|upkeep
|turn|17
|
|t:|1769347044
|move|p2a: Kyurem|Scale Shot|p1a: Aloe
|-damage|p1a: Aloe|65/100
|-damage|p1a: Aloe|60/100
|-damage|p1a: Aloe|53/100
|-damage|p1a: Aloe|47/100
|-hitcount|p1a: Aloe|4
|-unboost|p2a: Kyurem|def|1
|-boost|p2a: Kyurem|spe|1
|move|p1a: Aloe|Flip Turn|p2a: Kyurem
|-resisted|p2a: Kyurem
|-damage|p2a: Kyurem|0 fnt
|faint|p2a: Kyurem
|
|t:|1769347046
|switch|p1a: Kingambit|Kingambit, M|72/100|[from] Flip Turn
|-damage|p1a: Kingambit|66/100|[from] Stealth Rock
|-activate|p1a: Kingambit|ability: Supreme Overlord
|-start|p1a: Kingambit|fallen3|[silent]
|
|-heal|p1a: Kingambit|100/100|[from] move: Wish|[wisher] Aloe
|upkeep
|
|t:|1769347053
|switch|p2a: Gholdengo|Gholdengo, tera:Grass|94/100
|-damage|p2a: Gholdengo|82/100|[from] Stealth Rock
|-item|p2a: Gholdengo|Air Balloon
|turn|18
|
|t:|1769347059
|move|p2a: Gholdengo|Nasty Plot|p2a: Gholdengo
|-boost|p2a: Gholdengo|spa|2
|move|p1a: Kingambit|Kowtow Cleave|p2a: Gholdengo
|-damage|p2a: Gholdengo|11/100
|-enditem|p2a: Gholdengo|Air Balloon
|
|upkeep
|turn|19
|
|t:|1769347064
|move|p2a: Gholdengo|Thunderbolt|p1a: Kingambit
|-damage|p1a: Kingambit|39/100
|move|p1a: Kingambit|Swords Dance|p1a: Kingambit
|-boost|p1a: Kingambit|atk|2
|
|-heal|p1a: Kingambit|45/100|[from] item: Leftovers
|upkeep
|turn|20
|
|t:|1769347070
|move|p1a: Kingambit|Sucker Punch|p2a: Gholdengo
|-damage|p2a: Gholdengo|0 fnt
|faint|p2a: Gholdengo
|
|-heal|p1a: Kingambit|51/100|[from] item: Leftovers
|upkeep
|
|t:|1769347072
|switch|p2a: Maushold|Maushold|100/100
|-damage|p2a: Maushold|88/100|[from] Stealth Rock
|turn|21
|
|t:|1769347076
|-end|p1a: Kingambit|fallen3|[silent]
|switch|p1a: Great Tusk|Great Tusk|100/100
|move|p2a: Maushold|Tidy Up|p2a: Maushold
|-sideend|p2: Leriskato|Stealth Rock
|-sideend|p1: Yappyy|Toxic Spikes
|-sideend|p1: Yappyy|Stealth Rock
|-activate|p2a: Maushold|move: Tidy Up
|-boost|p2a: Maushold|atk|1
|-boost|p2a: Maushold|spe|1
|
|upkeep
|turn|22
|
|t:|1769347083
|move|p2a: Maushold|Bullet Seed|p1a: Great Tusk
|-supereffective|p1a: Great Tusk
|-damage|p1a: Great Tusk|81/100
|-supereffective|p1a: Great Tusk
|-damage|p1a: Great Tusk|61/100
|-supereffective|p1a: Great Tusk
|-damage|p1a: Great Tusk|40/100
|-supereffective|p1a: Great Tusk
|-damage|p1a: Great Tusk|22/100
|-hitcount|p1a: Great Tusk|4
|move|p1a: Great Tusk|Headlong Rush|p2a: Maushold
|-damage|p2a: Maushold|0 fnt
|-unboost|p1a: Great Tusk|def|1
|-unboost|p1a: Great Tusk|spd|1
|faint|p2a: Maushold
|
|win|Yappyy
|raw|Yappyy's rating: 1394 &rarr; <strong>1410</strong><br />(+16 for winning)
|raw|Leriskato's rating: 1331 &rarr; <strong>1315</strong><br />(-16 for losing)
|l|☆Leriskato
|player|p2|
|l|☆Yappyy
|player|p1|
|j|☆Yappyy
|player|p1|Yappyy|170|
|l|☆Yappyy
|player|p1|
