|j|☆Lpluc
|j|☆cisp001
|t:|1769317989
|gametype|singles
|player|p1|Lpluc|2|1071
|player|p2|cisp001|n-masters|1138
|gen|9
|tier|[Gen 9] OU
|rated|
|rule|HP Percentage Mod: HP is shown in percentages
|rule|Endless Battle Clause: Forcing endless battles is banned
|rule|Species Clause: Limit one of each Pokémon
|rule|OHKO Clause: OHKO moves are banned
|rule|Evasion Items Clause: Evasion items are banned
|rule|Evasion Moves Clause: Evasion moves are banned
|rule|Evasion Abilities Clause: Evasion abilities are banned
|rule|Sleep Moves Clause: Sleep-inducing moves are banned
|clearpoke
|poke|p1|Quilladin, M|
|poke|p1|Wartortle, M|
|poke|p1|Brionne, F|
|poke|p1|Servine, F|
|poke|p1|Pignite, M|
|poke|p1|Combusken, M|
|poke|p2|Latios, M|
|poke|p2|Rotom-Wash|
|poke|p2|Gholdengo|
|poke|p2|Ting-Lu|
|poke|p2|Iron Valiant|
|poke|p2|Hydreigon, M|
|teampreview
|c|☆cisp001|2nd stage
|
|t:|1769318011
|teamsize|p1|6
|teamsize|p2|6
|start
|switch|p1a: Quilladin|Quilladin, M, shiny|100/100
|switch|p2a: LuLu|Ting-Lu|100/100
|-ability|p2a: LuLu|Vessel of Ruin
|turn|1
|c|☆Lpluc|Yesss
|c|☆Lpluc|glhf
|
|t:|1769318029
|-terastallize|p2a: LuLu|Poison
|move|p1a: Quilladin|Leech Seed|p2a: LuLu
|-start|p2a: LuLu|move: Leech Seed
|move|p2a: LuLu|Stealth Rock|p1a: Quilladin
|-sidestart|p1: Lpluc|move: Stealth Rock
|
|-damage|p2a: LuLu|88/100|[from] Leech Seed|[of] p1a: Quilladin
|upkeep
|turn|2
|
|t:|1769318040
|switch|p1a: Wartortle|Wartortle, M, shiny|100/100
|-damage|p1a: Wartortle|88/100|[from] Stealth Rock
|move|p2a: LuLu|Stealth Rock||[still]
|-fail|p2a: LuLu
|
|-heal|p2a: LuLu|94/100|[from] item: Leftovers
|-damage|p2a: LuLu|82/100|[from] Leech Seed|[of] p1a: Wartortle
|-heal|p1a: Wartortle|100/100|[silent]
|upkeep
|turn|3
|c|☆cisp001|I didn't know I put rocks up
|
|t:|1769318060
|switch|p2a: Bottom-Wash|Rotom-Wash|100/100
|move|p1a: Wartortle|Flip Turn|p2a: Bottom-Wash
|-resisted|p2a: Bottom-Wash
|-crit|p2a: Bottom-Wash
|-damage|p2a: Bottom-Wash|86/100
|
|t:|1769318069
|switch|p1a: Servine|Servine, F, shiny|100/100|[from] Flip Turn
|-damage|p1a: Servine|88/100|[from] Stealth Rock
|
|-heal|p2a: Bottom-Wash|93/100|[from] item: Leftovers
|upkeep
|turn|4
|
|t:|1769318081
|move|p1a: Servine|Substitute|p1a: Servine
|-start|p1a: Servine|Substitute
|-damage|p1a: Servine|63/100
|move|p2a: Bottom-Wash|Volt Switch|p1a: Servine
|-resisted|p1a: Servine
|-activate|p1a: Servine|move: Substitute|[damage]
|
|t:|1769318089
|switch|p2a: Shmatios|Latios, M|100/100|[from] Volt Switch
|
|upkeep
|turn|5
|
|t:|1769318094
|move|p2a: Shmatios|Luster Purge|p1a: Servine
|-end|p1a: Servine|Substitute
|move|p1a: Servine|Glare|p2a: Shmatios
|-status|p2a: Shmatios|par
|
|upkeep
|turn|6
|
|t:|1769318105
|switch|p1a: Wartortle|Wartortle, M, shiny|100/100
|-damage|p1a: Wartortle|88/100|[from] Stealth Rock
|move|p2a: Shmatios|Luster Purge|p1a: Wartortle
|-damage|p1a: Wartortle|49/100
|-unboost|p1a: Wartortle|spd|1
|
|upkeep
|turn|7
|
|t:|1769318117
|switch|p2a: Bottom-Wash|Rotom-Wash|93/100
|move|p1a: Wartortle|Rapid Spin|p2a: Bottom-Wash
|-damage|p2a: Bottom-Wash|82/100
|-boost|p1a: Wartortle|spe|1
|-sideend|p1: Lpluc|Stealth Rock|[from] move: Rapid Spin|[of] p1a: Wartortle
|
|-heal|p2a: Bottom-Wash|89/100|[from] item: Leftovers
|upkeep
|turn|8
|
|t:|1769318128
|switch|p1a: Quilladin|Quilladin, M, shiny|100/100
|move|p2a: Bottom-Wash|Volt Switch|p1a: Quilladin
|-resisted|p1a: Quilladin
|-damage|p1a: Quilladin|92/100
|
|t:|1769318134
|switch|p2a: LuLu|Ting-Lu, tera:Poison|82/100|[from] Volt Switch
|-ability|p2a: LuLu|Vessel of Ruin
|
|-heal|p2a: LuLu|88/100|[from] item: Leftovers
|upkeep
|turn|9
|
|t:|1769318142
|move|p1a: Quilladin|Leech Seed|p2a: LuLu
|-start|p2a: LuLu|move: Leech Seed
|move|p2a: LuLu|Stealth Rock|p1a: Quilladin
|-sidestart|p1: Lpluc|move: Stealth Rock
|
|-heal|p2a: LuLu|94/100|[from] item: Leftovers
|-damage|p2a: LuLu|82/100|[from] Leech Seed|[of] p1a: Quilladin
|-heal|p1a: Quilladin|100/100|[silent]
|upkeep
|turn|10
|
|t:|1769318151
|switch|p1a: Brionne|Brionne, F, shiny|100/100
|-damage|p1a: Brionne|88/100|[from] Stealth Rock
|move|p2a: LuLu|Ruination|p1a: Brionne
|-damage|p1a: Brionne|44/100
|
|-heal|p2a: LuLu|88/100|[from] item: Leftovers
|-damage|p2a: LuLu|76/100|[from] Leech Seed|[of] p1a: Brionne
|-heal|p1a: Brionne|64/100|[silent]
|upkeep
|turn|11
|
|t:|1769318162
|switch|p2a: Bottom-Wash|Rotom-Wash|89/100
|move|p1a: Brionne|Hyper Voice|p2a: Bottom-Wash
|-resisted|p2a: Bottom-Wash
|-damage|p2a: Bottom-Wash|71/100
|
|-heal|p2a: Bottom-Wash|77/100|[from] item: Leftovers
|upkeep
|turn|12
|
|t:|1769318171
|switch|p1a: Quilladin|Quilladin, M, shiny|100/100
|-damage|p1a: Quilladin|88/100|[from] Stealth Rock
|move|p2a: Bottom-Wash|Will-O-Wisp|p1a: Quilladin
|-status|p1a: Quilladin|brn
|
|-heal|p2a: Bottom-Wash|83/100|[from] item: Leftovers
|-damage|p1a: Quilladin|82/100 brn|[from] brn
|upkeep
|turn|13
|
|t:|1769318185
|move|p2a: Bottom-Wash|Volt Switch|p1a: Quilladin
|-resisted|p1a: Quilladin
|-damage|p1a: Quilladin|74/100 brn
|
|t:|1769318191
|switch|p2a: MissThang|Iron Valiant|100/100|[from] Volt Switch
|move|p1a: Quilladin|Leech Seed|p2a: MissThang
|-start|p2a: MissThang|move: Leech Seed
|
|-damage|p2a: MissThang|88/100|[from] Leech Seed|[of] p1a: Quilladin
|-heal|p1a: Quilladin|85/100 brn|[silent]
|-damage|p1a: Quilladin|79/100 brn|[from] brn
|upkeep
|turn|14
|
|t:|1769318205
|move|p2a: MissThang|Moonblast|p1a: Quilladin
|-damage|p1a: Quilladin|47/100 brn
|move|p1a: Quilladin|Bulk Up|p1a: Quilladin
|-boost|p1a: Quilladin|atk|1
|-boost|p1a: Quilladin|def|1
|
|-damage|p2a: MissThang|76/100|[from] Leech Seed|[of] p1a: Quilladin
|-heal|p1a: Quilladin|58/100 brn|[silent]
|-damage|p1a: Quilladin|52/100 brn|[from] brn
|upkeep
|turn|15
|
|t:|1769318218
|move|p2a: MissThang|Moonblast|p1a: Quilladin
|-damage|p1a: Quilladin|20/100 brn
|move|p1a: Quilladin|Wood Hammer|p2a: MissThang
|-damage|p2a: MissThang|43/100
|-damage|p1a: Quilladin|11/100 brn|[from] Recoil
|
|-damage|p2a: MissThang|31/100|[from] Leech Seed|[of] p1a: Quilladin
|-heal|p1a: Quilladin|22/100 brn|[silent]
|-damage|p1a: Quilladin|16/100 brn|[from] brn
|upkeep
|turn|16
|
|t:|1769318231
|move|p2a: MissThang|Moonblast|p1a: Quilladin
|-damage|p1a: Quilladin|0 fnt
|faint|p1a: Quilladin
|
|upkeep
|
|t:|1769318234
|switch|p1a: Combusken|Combusken, M, shiny|100/100
|-damage|p1a: Combusken|88/100|[from] Stealth Rock
|turn|17
|
|t:|1769318242
|move|p1a: Combusken|Protect|p1a: Combusken
|-singleturn|p1a: Combusken|Protect
|move|p2a: MissThang|Close Combat|p1a: Combusken
|-activate|p1a: Combusken|move: Protect
|
|-damage|p2a: MissThang|18/100|[from] Leech Seed|[of] p1a: Combusken
|-heal|p1a: Combusken|100/100|[silent]
|-ability|p1a: Combusken|Speed Boost|boost
|-boost|p1a: Combusken|spe|1
|upkeep
|turn|18
|
|t:|1769318261
|-end|p2a: MissThang|Quark Drive|[silent]
|switch|p2a: LuLu|Ting-Lu, tera:Poison|76/100
|-ability|p2a: LuLu|Vessel of Ruin
|move|p1a: Combusken|Bulk Up|p1a: Combusken
|-boost|p1a: Combusken|atk|1
|-boost|p1a: Combusken|def|1
|
|-heal|p2a: LuLu|82/100|[from] item: Leftovers
|-ability|p1a: Combusken|Speed Boost|boost
|-boost|p1a: Combusken|spe|1
|upkeep
|turn|19
|
|t:|1769318277
|-terastallize|p1a: Combusken|Fire
|move|p1a: Combusken|Flare Blitz|p2a: LuLu
|-damage|p2a: LuLu|23/100
|-damage|p1a: Combusken|62/100|[from] Recoil
|move|p2a: LuLu|Whirlwind|p1a: Combusken
|drag|p1a: Servine|Servine, F, shiny|63/100
|-damage|p1a: Servine|51/100|[from] Stealth Rock
|
|-heal|p2a: LuLu|29/100|[from] item: Leftovers
|upkeep
|turn|20
|
|t:|1769318292
|switch|p2a: Shmoldengo|Gholdengo|100/100
|-item|p2a: Shmoldengo|Air Balloon
|move|p1a: Servine|Glare|p2a: Shmoldengo
|-immune|p2a: Shmoldengo|[from] ability: Good as Gold
|
|upkeep
|turn|21
|
|t:|1769318301
|move|p1a: Servine|Leaf Storm|p2a: Shmoldengo
|-resisted|p2a: Shmoldengo
|-damage|p2a: Shmoldengo|86/100
|-boost|p1a: Servine|spa|2
|-enditem|p2a: Shmoldengo|Air Balloon
|move|p2a: Shmoldengo|Thunder Wave|p1a: Servine|[miss]
|-miss|p2a: Shmoldengo|p1a: Servine
|
|upkeep
|turn|22
|c|☆Lpluc|Noice
|
|t:|1769318322
|move|p1a: Servine|Substitute|p1a: Servine
|-start|p1a: Servine|Substitute
|-damage|p1a: Servine|26/100
|move|p2a: Shmoldengo|Thunder Wave||[still]
|-fail|p2a: Shmoldengo
|
|upkeep
|turn|23
|
|t:|1769318330
|move|p1a: Servine|Giga Drain|p2a: Shmoldengo
|-resisted|p2a: Shmoldengo
|-damage|p2a: Shmoldengo|68/100
|-heal|p1a: Servine|36/100|[from] drain|[of] p2a: Shmoldengo
|move|p2a: Shmoldengo|Hex|p1a: Servine
|-end|p1a: Servine|Substitute
|
|upkeep
|turn|24
|
|t:|1769318339
|move|p1a: Servine|Leaf Storm|p2a: Shmoldengo
|-resisted|p2a: Shmoldengo
|-damage|p2a: Shmoldengo|38/100
|-boost|p1a: Servine|spa|2
|move|p2a: Shmoldengo|Hex|p1a: Servine
|-damage|p1a: Servine|8/100
|
|upkeep
|turn|25
|
|t:|1769318353
|move|p1a: Servine|Leaf Storm|p2a: Shmoldengo
|-resisted|p2a: Shmoldengo
|-damage|p2a: Shmoldengo|0 fnt
|-boost|p1a: Servine|spa|2
|faint|p2a: Shmoldengo
|
|upkeep
|
|t:|1769318361
|switch|p2a: MissThang|Iron Valiant|18/100
|turn|26
|
|t:|1769318367
|move|p2a: MissThang|Moonblast|p1a: Servine
|-damage|p1a: Servine|0 fnt
|faint|p1a: Servine
|
|upkeep
|
|t:|1769318376
|switch|p1a: Pignite|Pignite, M, shiny|100/100
|-damage|p1a: Pignite|88/100|[from] Stealth Rock
|turn|27
|
|t:|1769318380
|move|p2a: MissThang|Moonblast|p1a: Pignite
|-damage|p1a: Pignite|54/100
|-unboost|p1a: Pignite|spa|1
|move|p1a: Pignite|Flame Charge|p2a: MissThang
|-damage|p2a: MissThang|0 fnt
|-boost|p1a: Pignite|spe|1
|faint|p2a: MissThang
|-end|p2a: MissThang|Quark Drive|[silent]
|
|upkeep
|
|t:|1769318390
|switch|p2a: Bottom-Wash|Rotom-Wash|83/100
|turn|28
|
|t:|1769318398
|move|p1a: Pignite|Trailblaze|p2a: Bottom-Wash
|-supereffective|p2a: Bottom-Wash
|-damage|p2a: Bottom-Wash|64/100
|-boost|p1a: Pignite|spe|1
|move|p2a: Bottom-Wash|Hydro Pump|p1a: Pignite
|-supereffective|p1a: Pignite
|-damage|p1a: Pignite|1/100
|
|-heal|p2a: Bottom-Wash|71/100|[from] item: Leftovers
|upkeep
|turn|29
|
|t:|1769318409
|move|p1a: Pignite|Drain Punch|p2a: Bottom-Wash
|-damage|p2a: Bottom-Wash|51/100
|-heal|p1a: Pignite|11/100|[from] drain|[of] p2a: Bottom-Wash
|move|p2a: Bottom-Wash|Volt Switch|p1a: Pignite
|-crit|p1a: Pignite
|-damage|p1a: Pignite|0 fnt
|faint|p1a: Pignite
|
|t:|1769318419
|switch|p2a: Shmatios|Latios, M|100/100 par|[from] Volt Switch
|
|upkeep
|
|t:|1769318424
|switch|p1a: Brionne|Brionne, F, shiny|64/100
|-damage|p1a: Brionne|52/100|[from] Stealth Rock
|turn|30
|
|t:|1769318433
|cant|p2a: Shmatios|par
|move|p1a: Brionne|Moonblast|p2a: Shmatios
|-supereffective|p2a: Shmatios
|-damage|p2a: Shmatios|50/100 par
|-unboost|p2a: Shmatios|spa|1
|
|upkeep
|turn|31
|
|t:|1769318442
|move|p2a: Shmatios|Draco Meteor|p1a: Brionne
|-damage|p1a: Brionne|16/100
|-unboost|p2a: Shmatios|spa|2
|move|p1a: Brionne|Moonblast|p2a: Shmatios
|-supereffective|p2a: Shmatios
|-damage|p2a: Shmatios|0 fnt
|faint|p2a: Shmatios
|
|upkeep
|
|t:|1769318453
|switch|p2a: Bottom-Wash|Rotom-Wash|51/100
|turn|32
|
|t:|1769318459
|move|p2a: Bottom-Wash|Volt Switch|p1a: Brionne
|-supereffective|p1a: Brionne
|-damage|p1a: Brionne|0 fnt
|faint|p1a: Brionne
|
|t:|1769318464
|switch|p2a: LuLu|Ting-Lu, tera:Poison|29/100|[from] Volt Switch
|-ability|p2a: LuLu|Vessel of Ruin
|
|-heal|p2a: LuLu|35/100|[from] item: Leftovers
|upkeep
|
|t:|1769318470
|switch|p1a: Wartortle|Wartortle, M, shiny|49/100
|-damage|p1a: Wartortle|37/100|[from] Stealth Rock
|turn|33
|
|t:|1769318478
|move|p1a: Wartortle|Rapid Spin|p2a: LuLu
|-damage|p2a: LuLu|29/100
|-boost|p1a: Wartortle|spe|1
|-sideend|p1: Lpluc|Stealth Rock|[from] move: Rapid Spin|[of] p1a: Wartortle
|move|p2a: LuLu|Whirlwind|p1a: Wartortle
|drag|p1a: Combusken|Combusken, M, shiny, tera:Fire|62/100
|
|-heal|p2a: LuLu|35/100|[from] item: Leftovers
|upkeep
|turn|34
|
|t:|1769318489
|move|p1a: Combusken|Bulk Up|p1a: Combusken
|-boost|p1a: Combusken|atk|1
|-boost|p1a: Combusken|def|1
|move|p2a: LuLu|Earthquake|p1a: Combusken
|-supereffective|p1a: Combusken
|-damage|p1a: Combusken|2/100
|
|-heal|p2a: LuLu|41/100|[from] item: Leftovers
|-ability|p1a: Combusken|Speed Boost|boost
|-boost|p1a: Combusken|spe|1
|upkeep
|turn|35
|
|t:|1769318499
|move|p1a: Combusken|Flare Blitz|p2a: LuLu
|-damage|p2a: LuLu|0 fnt
|faint|p2a: LuLu
|-damage|p1a: Combusken|0 fnt|[from] Recoil
|faint|p1a: Combusken
|
|upkeep
|
|t:|1769318507
|switch|p1a: Wartortle|Wartortle, M, shiny|37/100
|switch|p2a: 3HeadedSnake|Hydreigon, M|100/100
|turn|36
|c|☆Lpluc|Ggwp
|
|t:|1769318524
|move|p2a: 3HeadedSnake|Draco Meteor|p1a: Wartortle
|-damage|p1a: Wartortle|0 fnt
|-unboost|p2a: 3HeadedSnake|spa|2
|faint|p1a: Wartortle
|
|win|cisp001
|raw|Lpluc's rating: 1071 &rarr; <strong>1054</strong><br />(-17 for losing)
|raw|cisp001's rating: 1138 &rarr; <strong>1158</strong><br />(+20 for winning)
|l|☆Lpluc
|player|p1|
|c|☆cisp001|gg
|l|☆cisp001
|player|p2|
