|j|☆kabutopzboy
|j|☆Vandenta
|t:|1769372933
|gametype|singles
|player|p1|kabutopzboy|acetrainer-gen4|1346
|player|p2|Vandenta|ghetsis-gen5bw|1325
|gen|9
|tier|[Gen 9] OU
|rated|
|rule|HP Percentage Mod: HP is shown in percentages
|rule|Endless Battle Clause: Forcing endless battles is banned
|rule|Species Clause: Limit one of each Pokémon
|rule|OHKO Clause: OHKO moves are banned
|rule|Evasion Items Clause: Evasion items are banned
|rule|Evasion Moves Clause: Evasion moves are banned
|rule|Evasion Abilities Clause: Evasion abilities are banned
|rule|Sleep Moves Clause: Sleep-inducing moves are banned
|clearpoke
|poke|p1|Bisharp, F|
|poke|p1|Pelipper, F|
|poke|p1|Great Tusk|
|poke|p1|Galvantula, F|
|poke|p1|Rillaboom, M|
|poke|p1|Chesnaught, F|
|poke|p2|Dragonite, F|
|poke|p2|Beartic, M|
|poke|p2|Slowking, M|
|poke|p2|Salazzle, F|
|poke|p2|Hydreigon, M|
|poke|p2|Corviknight, M|
|teampreview
|inactive|Battle timer is ON: inactive players will automatically lose when time's up. (requested by Vandenta)
|
|t:|1769372944
|teamsize|p1|6
|teamsize|p2|6
|start
|switch|p1a: Pelipper|Pelipper, F|100/100
|switch|p2a: Slowking|Slowking, M|100/100
|-weather|RainDance|[from] ability: Drizzle|[of] p1a: Pelipper
|turn|1
|
|t:|1769372951
|move|p1a: Pelipper|Hurricane|p2a: Slowking
|-damage|p2a: Slowking|40/100
|-prepare|p2a: Slowking|Chilly Reception|[premajor]
|move|p2a: Slowking|Chilly Reception|p2a: Slowking
|-weather|Snowscape
|
|t:|1769372954
|switch|p2a: Beartic|Beartic, M|100/100|[from] Chilly Reception
|
|-weather|Snowscape|[upkeep]
|upkeep
|turn|2
|
|t:|1769372965
|switch|p1a: Bisharp|Bisharp, F|100/100
|move|p2a: Beartic|Swords Dance|p2a: Beartic
|-boost|p2a: Beartic|atk|2
|
|-weather|Snowscape|[upkeep]
|upkeep
|turn|3
|
|t:|1769372971
|-terastallize|p1a: Bisharp|Fairy
|move|p2a: Beartic|Earthquake|p1a: Bisharp
|-damage|p1a: Bisharp|37/100
|move|p1a: Bisharp|Iron Head|p2a: Beartic
|-supereffective|p2a: Beartic
|-damage|p2a: Beartic|27/100
|
|-weather|Snowscape|[upkeep]
|upkeep
|turn|4
|
|t:|1769372984
|move|p1a: Bisharp|Sucker Punch|p2a: Beartic
|-damage|p2a: Beartic|0 fnt
|faint|p2a: Beartic
|
|-weather|Snowscape|[upkeep]
|upkeep
|
|t:|1769372993
|switch|p2a: Hydreigon|Hydreigon, M, shiny|100/100
|turn|5
|
|t:|1769373004
|move|p2a: Hydreigon|Flash Cannon|p1a: Bisharp
|-supereffective|p1a: Bisharp
|-damage|p1a: Bisharp|0 fnt
|faint|p1a: Bisharp
|
|-weather|Snowscape|[upkeep]
|upkeep
|inactive|kabutopzboy has 120 seconds left.
|
|t:|1769373036
|switch|p1a: Rillaboom|Rillaboom, M|100/100
|-fieldstart|move: Grassy Terrain|[from] ability: Grassy Surge|[of] p1a: Rillaboom
|turn|6
|inactive|kabutopzboy has 120 seconds left.
|
|t:|1769373041
|switch|p2a: Corviknight|Corviknight, M|100/100
|-ability|p2a: Corviknight|Pressure
|move|p1a: Rillaboom|U-turn|p2a: Corviknight
|-resisted|p2a: Corviknight
|-damage|p2a: Corviknight|96/100
|-damage|p1a: Rillaboom|84/100|[from] item: Rocky Helmet|[of] p2a: Corviknight
|inactive|kabutopzboy has 120 seconds left.
|
|t:|1769373048
|switch|p1a: Chesnaught|Chesnaught, F|100/100|[from] U-turn
|
|-weather|Snowscape|[upkeep]
|upkeep
|turn|7
|
|t:|1769373056
|switch|p1a: Pelipper|Pelipper, F|100/100
|-weather|RainDance|[from] ability: Drizzle|[of] p1a: Pelipper
|move|p2a: Corviknight|Brave Bird|p1a: Pelipper
|-damage|p1a: Pelipper|52/100
|-damage|p2a: Corviknight|85/100|[from] Recoil
|
|-weather|RainDance|[upkeep]
|upkeep
|turn|8
|
|t:|1769373064
|move|p1a: Pelipper|Surf|p2a: Corviknight
|-damage|p2a: Corviknight|6/100
|move|p2a: Corviknight|U-turn|p1a: Pelipper
|-resisted|p1a: Pelipper
|-crit|p1a: Pelipper
|-damage|p1a: Pelipper|36/100
|
|t:|1769373068
|switch|p2a: Slowking|Slowking, M|73/100|[from] U-turn
|
|-weather|RainDance|[upkeep]
|-heal|p2a: Slowking|79/100|[from] Grassy Terrain
|upkeep
|turn|9
|
|t:|1769373074
|switch|p1a: Galvantula|Galvantula, F|100/100
|-prepare|p2a: Slowking|Chilly Reception|[premajor]
|move|p2a: Slowking|Chilly Reception|p2a: Slowking
|-weather|Snowscape
|
|t:|1769373085
|switch|p2a: Hydreigon|Hydreigon, M, shiny|100/100|[from] Chilly Reception
|
|-weather|Snowscape|[upkeep]
|upkeep
|turn|10
|
|t:|1769373092
|move|p2a: Hydreigon|Dark Pulse|p1a: Galvantula
|-damage|p1a: Galvantula|20/100
|move|p1a: Galvantula|Sticky Web|p2a: Hydreigon
|-sidestart|p2: Vandenta|move: Sticky Web
|
|-weather|Snowscape|[upkeep]
|-heal|p1a: Galvantula|26/100|[from] Grassy Terrain
|upkeep
|turn|11
|
|t:|1769373100
|switch|p1a: Great Tusk|Great Tusk|100/100
|-enditem|p1a: Great Tusk|Booster Energy
|-activate|p1a: Great Tusk|ability: Protosynthesis|[fromitem]
|-start|p1a: Great Tusk|protosynthesisspe
|move|p2a: Hydreigon|Dark Pulse|p1a: Great Tusk
|-resisted|p1a: Great Tusk
|-damage|p1a: Great Tusk|70/100
|
|-weather|Snowscape|[upkeep]
|-heal|p1a: Great Tusk|76/100|[from] Grassy Terrain
|upkeep
|turn|12
|
|t:|1769373109
|switch|p2a: Slowking|Slowking, M|100/100
|-activate|p2a: Slowking|move: Sticky Web
|-unboost|p2a: Slowking|spe|1
|move|p1a: Great Tusk|Bulk Up|p1a: Great Tusk
|-boost|p1a: Great Tusk|atk|1
|-boost|p1a: Great Tusk|def|1
|
|-weather|Snowscape|[upkeep]
|-heal|p1a: Great Tusk|82/100|[from] Grassy Terrain
|upkeep
|turn|13
|
|t:|1769373119
|-end|p1a: Great Tusk|Protosynthesis|[silent]
|switch|p1a: Pelipper|Pelipper, F|36/100
|-weather|RainDance|[from] ability: Drizzle|[of] p1a: Pelipper
|move|p2a: Slowking|Scald|p1a: Pelipper
|-resisted|p1a: Pelipper
|-damage|p1a: Pelipper|0 fnt
|faint|p1a: Pelipper
|
|-weather|RainDance|[upkeep]
|-fieldend|move: Grassy Terrain
|upkeep
|
|t:|1769373129
|switch|p1a: Rillaboom|Rillaboom, M|84/100
|-fieldstart|move: Grassy Terrain|[from] ability: Grassy Surge|[of] p1a: Rillaboom
|turn|14
|
|t:|1769373142
|switch|p1a: Chesnaught|Chesnaught, F|100/100
|switch|p2a: Corviknight|Corviknight, M|6/100
|-ability|p2a: Corviknight|Pressure
|
|-weather|RainDance|[upkeep]
|upkeep
|turn|15
|
|t:|1769373153
|move|p1a: Chesnaught|Grassy Glide|p2a: Corviknight
|-resisted|p2a: Corviknight
|-damage|p2a: Corviknight|0 fnt
|-damage|p1a: Chesnaught|84/100|[from] item: Rocky Helmet|[of] p2a: Corviknight
|faint|p2a: Corviknight
|
|-weather|RainDance|[upkeep]
|-heal|p1a: Chesnaught|90/100|[from] Grassy Terrain
|upkeep
|
|t:|1769373176
|switch|p2a: Salazzle|Salazzle, F|100/100
|turn|16
|
|t:|1769373181
|move|p2a: Salazzle|Toxic|p1a: Chesnaught
|-status|p1a: Chesnaught|tox
|move|p1a: Chesnaught|Belly Drum|p1a: Chesnaught
|-damage|p1a: Chesnaught|40/100 tox
|-setboost|p1a: Chesnaught|atk|6|[from] move: Belly Drum
|-enditem|p1a: Chesnaught|Sitrus Berry|[eat]
|-heal|p1a: Chesnaught|65/100 tox|[from] item: Sitrus Berry
|
|-weather|RainDance|[upkeep]
|-heal|p1a: Chesnaught|71/100 tox|[from] Grassy Terrain
|-damage|p1a: Chesnaught|65/100 tox|[from] psn
|upkeep
|turn|17
|
|t:|1769373193
|move|p1a: Chesnaught|Grassy Glide|p2a: Salazzle
|-resisted|p2a: Salazzle
|-damage|p2a: Salazzle|50/100
|move|p2a: Salazzle|Encore|p1a: Chesnaught
|-start|p1a: Chesnaught|Encore
|
|-weather|none
|-heal|p2a: Salazzle|56/100|[from] Grassy Terrain
|-heal|p1a: Chesnaught|71/100 tox|[from] Grassy Terrain
|-damage|p1a: Chesnaught|59/100 tox|[from] psn
|upkeep
|turn|18
|
|t:|1769373202
|move|p2a: Salazzle|Protect|p2a: Salazzle
|-singleturn|p2a: Salazzle|Protect
|move|p1a: Chesnaught|Grassy Glide|p2a: Salazzle
|-activate|p2a: Salazzle|move: Protect
|
|-heal|p2a: Salazzle|62/100|[from] Grassy Terrain
|-heal|p1a: Chesnaught|65/100 tox|[from] Grassy Terrain
|-damage|p1a: Chesnaught|47/100 tox|[from] psn
|upkeep
|turn|19
|
|t:|1769373225
|move|p2a: Salazzle|Protect|p2a: Salazzle
|-singleturn|p2a: Salazzle|Protect
|move|p1a: Chesnaught|Grassy Glide|p2a: Salazzle
|-activate|p2a: Salazzle|move: Protect
|
|-heal|p2a: Salazzle|69/100|[from] Grassy Terrain
|-heal|p1a: Chesnaught|53/100 tox|[from] Grassy Terrain
|-damage|p1a: Chesnaught|29/100 tox|[from] psn
|upkeep
|turn|20
|
|t:|1769373234
|move|p1a: Chesnaught|Grassy Glide|p2a: Salazzle
|-resisted|p2a: Salazzle
|-damage|p2a: Salazzle|16/100
|move|p2a: Salazzle|Overheat|p1a: Chesnaught
|-supereffective|p1a: Chesnaught
|-damage|p1a: Chesnaught|0 fnt
|-unboost|p2a: Salazzle|spa|2
|faint|p1a: Chesnaught
|
|-heal|p2a: Salazzle|23/100|[from] Grassy Terrain
|upkeep
|
|t:|1769373249
|switch|p1a: Rillaboom|Rillaboom, M|84/100
|turn|21
|
|t:|1769373254
|move|p2a: Salazzle|Toxic|p1a: Rillaboom
|-status|p1a: Rillaboom|tox
|move|p1a: Rillaboom|Wood Hammer|p2a: Salazzle
|-resisted|p2a: Salazzle
|-damage|p2a: Salazzle|0 fnt
|faint|p2a: Salazzle
|-damage|p1a: Rillaboom|77/100 tox|[from] Recoil
|
|-heal|p1a: Rillaboom|83/100 tox|[from] Grassy Terrain
|-damage|p1a: Rillaboom|77/100 tox|[from] psn
|-fieldend|move: Grassy Terrain
|upkeep
|
|t:|1769373265
|switch|p2a: Hydreigon|Hydreigon, M, shiny|100/100
|turn|22
|
|t:|1769373271
|-terastallize|p2a: Hydreigon|Fire
|move|p2a: Hydreigon|Flamethrower|p1a: Rillaboom
|-supereffective|p1a: Rillaboom
|-damage|p1a: Rillaboom|0 fnt
|faint|p1a: Rillaboom
|
|upkeep
|
|t:|1769373279
|switch|p1a: Great Tusk|Great Tusk|82/100
|turn|23
|
|t:|1769373286
|switch|p2a: Slowking|Slowking, M|100/100
|-activate|p2a: Slowking|move: Sticky Web
|-unboost|p2a: Slowking|spe|1
|move|p1a: Great Tusk|Bulk Up|p1a: Great Tusk
|-boost|p1a: Great Tusk|atk|1
|-boost|p1a: Great Tusk|def|1
|
|upkeep
|turn|24
|
|t:|1769373294
|move|p1a: Great Tusk|Headlong Rush|p2a: Slowking
|-damage|p2a: Slowking|41/100
|-unboost|p1a: Great Tusk|def|1
|-unboost|p1a: Great Tusk|spd|1
|move|p2a: Slowking|Scald|p1a: Great Tusk
|-supereffective|p1a: Great Tusk
|-damage|p1a: Great Tusk|0 fnt
|faint|p1a: Great Tusk
|-end|p1a: Great Tusk|Protosynthesis|[silent]
|
|upkeep
|
|t:|1769373302
|switch|p1a: Galvantula|Galvantula, F|26/100
|turn|25
|
|t:|1769373306
|move|p1a: Galvantula|Giga Drain|p2a: Slowking
|-supereffective|p2a: Slowking
|-damage|p2a: Slowking|9/100
|-heal|p1a: Galvantula|48/100|[from] drain|[of] p2a: Slowking
|move|p2a: Slowking|Scald|p1a: Galvantula
|-damage|p1a: Galvantula|0 fnt
|faint|p1a: Galvantula
|
|win|Vandenta
|raw|kabutopzboy's rating: 1346 &rarr; <strong>1325</strong><br />(-21 for losing)
|raw|Vandenta's rating: 1325 &rarr; <strong>1346</strong><br />(+21 for winning)
|l|☆kabutopzboy
|player|p1|
|l|☆Vandenta
|player|p2|
