|j|☆Daxer17x
|j|☆xen769
|t:|1769438726
|gametype|singles
|player|p1|Daxer17x|169|1415
|player|p2|xen769|medium|1461
|gen|9
|tier|[Gen 9] OU
|rated|
|rule|HP Percentage Mod: HP is shown in percentages
|rule|Endless Battle Clause: Forcing endless battles is banned
|rule|Species Clause: Limit one of each Pokémon
|rule|OHKO Clause: OHKO moves are banned
|rule|Evasion Items Clause: Evasion items are banned
|rule|Evasion Moves Clause: Evasion moves are banned
|rule|Evasion Abilities Clause: Evasion abilities are banned
|rule|Sleep Moves Clause: Sleep-inducing moves are banned
|clearpoke
|poke|p1|Kingambit, M|
|poke|p1|Raging Bolt|
|poke|p1|Great Tusk|
|poke|p1|Torkoal, F|
|poke|p1|Tornadus-Therian, M|
|poke|p1|Walking Wake|
|poke|p2|Slowking-Galar, M|
|poke|p2|Moltres|
|poke|p2|Tyranitar, M|
|poke|p2|Ursaluna, M|
|poke|p2|Bronzong|
|poke|p2|Primarina, M|
|teampreview
|
|t:|1769438775
|teamsize|p1|6
|teamsize|p2|6
|start
|switch|p1a: Walking Wake|Walking Wake|100/100
|switch|p2a: Slowking|Slowking-Galar, M, shiny|100/100
|turn|1
|
|t:|1769438782
|move|p1a: Walking Wake|Flip Turn|p2a: Slowking
|-damage|p2a: Slowking|85/100
|
|t:|1769438793
|-end|p1a: Walking Wake|Protosynthesis|[silent]
|switch|p1a: Torkoal|Torkoal, F|100/100|[from] Flip Turn
|-weather|SunnyDay|[from] ability: Drought|[of] p1a: Torkoal
|move|p2a: Slowking|Trick Room|p2a: Slowking
|-fieldstart|move: Trick Room|[of] p2a: Slowking
|
|-weather|SunnyDay|[upkeep]
|upkeep
|turn|2
|
|t:|1769438800
|move|p1a: Torkoal|Stealth Rock|p2a: Slowking
|-sidestart|p2: xen769|move: Stealth Rock
|-prepare|p2a: Slowking|Chilly Reception|[premajor]
|move|p2a: Slowking|Chilly Reception|p2a: Slowking
|-weather|Snowscape
|
|t:|1769438813
|switch|p2a: Primarina|Primarina, M, shiny|100/100|[from] Chilly Reception
|-damage|p2a: Primarina|88/100|[from] Stealth Rock
|
|-weather|Snowscape|[upkeep]
|upkeep
|turn|3
|
|t:|1769438849
|switch|p1a: Kingambit|Kingambit, M|100/100
|move|p2a: Primarina|Sparkling Aria|p1a: Kingambit
|-damage|p1a: Kingambit|41/100
|
|-weather|Snowscape|[upkeep]
|upkeep
|turn|4
|
|t:|1769438894
|switch|p2a: Moltres|Moltres, shiny|100/100
|move|p1a: Kingambit|Iron Head|p2a: Moltres
|-resisted|p2a: Moltres
|-damage|p2a: Moltres|76/100
|
|-weather|Snowscape|[upkeep]
|upkeep
|turn|5
|
|t:|1769438907
|-end|p1a: Kingambit|fallenundefined|[silent]
|switch|p1a: Tornadus|Tornadus-Therian, M|100/100
|move|p2a: Moltres|Flamethrower|p1a: Tornadus
|-damage|p1a: Tornadus|52/100
|
|-weather|Snowscape|[upkeep]
|-fieldend|move: Trick Room
|upkeep
|turn|6
|
|t:|1769438916
|move|p1a: Tornadus|Knock Off|p2a: Moltres
|-damage|p2a: Moltres|57/100
|-enditem|p2a: Moltres|Heavy-Duty Boots|[from] move: Knock Off|[of] p1a: Tornadus
|move|p2a: Moltres|Weather Ball|p1a: Tornadus
|-supereffective|p1a: Tornadus
|-crit|p1a: Tornadus
|-damage|p1a: Tornadus|0 fnt
|faint|p1a: Tornadus
|
|-weather|none
|upkeep
|
|t:|1769438928
|switch|p1a: Walking Wake|Walking Wake|100/100
|turn|7
|
|t:|1769438939
|switch|p2a: Primarina|Primarina, M, shiny|88/100
|-damage|p2a: Primarina|76/100|[from] Stealth Rock
|move|p1a: Walking Wake|Hydro Steam|p2a: Primarina
|-resisted|p2a: Primarina
|-damage|p2a: Primarina|58/100
|
|upkeep
|turn|8
|
|t:|1769438948
|move|p1a: Walking Wake|Flip Turn|p2a: Primarina
|-resisted|p2a: Primarina
|-damage|p2a: Primarina|50/100
|
|t:|1769438962
|-end|p1a: Walking Wake|Protosynthesis|[silent]
|switch|p1a: Great Tusk|Great Tusk|100/100|[from] Flip Turn
|move|p2a: Primarina|Moonblast|p1a: Great Tusk
|-supereffective|p1a: Great Tusk
|-damage|p1a: Great Tusk|0 fnt
|faint|p1a: Great Tusk
|-end|p1a: Great Tusk|Protosynthesis|[silent]
|
|upkeep
|
|t:|1769438974
|switch|p1a: Torkoal|Torkoal, F|100/100
|-weather|SunnyDay|[from] ability: Drought|[of] p1a: Torkoal
|turn|9
|
|t:|1769438982
|move|p2a: Primarina|Flip Turn|p1a: Torkoal
|-supereffective|p1a: Torkoal
|-damage|p1a: Torkoal|90/100
|
|t:|1769438984
|switch|p2a: Tyranitar|Tyranitar, M, shiny|100/100|[from] Flip Turn
|-damage|p2a: Tyranitar|88/100|[from] Stealth Rock
|-weather|Sandstorm|[from] ability: Sand Stream|[of] p2a: Tyranitar
|move|p1a: Torkoal|Lava Plume|p2a: Tyranitar
|-resisted|p2a: Tyranitar
|-damage|p2a: Tyranitar|82/100
|
|-weather|Sandstorm|[upkeep]
|-damage|p1a: Torkoal|84/100|[from] Sandstorm
|upkeep
|turn|10
|
|t:|1769438991
|-terastallize|p1a: Torkoal|Flying
|move|p2a: Tyranitar|High Horsepower|p1a: Torkoal
|-immune|p1a: Torkoal
|move|p1a: Torkoal|Will-O-Wisp|p2a: Tyranitar
|-status|p2a: Tyranitar|brn
|
|-weather|Sandstorm|[upkeep]
|-damage|p1a: Torkoal|78/100|[from] Sandstorm
|-damage|p2a: Tyranitar|76/100 brn|[from] brn
|upkeep
|turn|11
|
|t:|1769439004
|switch|p1a: Walking Wake|Walking Wake|100/100
|move|p2a: Tyranitar|Knock Off|p1a: Walking Wake
|-damage|p1a: Walking Wake|71/100
|-enditem|p1a: Walking Wake|Wise Glasses|[from] move: Knock Off|[of] p2a: Tyranitar
|
|-weather|Sandstorm|[upkeep]
|-damage|p1a: Walking Wake|65/100|[from] Sandstorm
|-damage|p2a: Tyranitar|70/100 brn|[from] brn
|upkeep
|turn|12
|
|t:|1769439008
|move|p1a: Walking Wake|Flip Turn|p2a: Tyranitar
|-supereffective|p2a: Tyranitar
|-damage|p2a: Tyranitar|42/100 brn
|
|t:|1769439012
|-end|p1a: Walking Wake|Protosynthesis|[silent]
|switch|p1a: Torkoal|Torkoal, F, tera:Flying|78/100|[from] Flip Turn
|-weather|SunnyDay|[from] ability: Drought|[of] p1a: Torkoal
|move|p2a: Tyranitar|Rest|p2a: Tyranitar
|-status|p2a: Tyranitar|slp|[from] move: Rest
|-heal|p2a: Tyranitar|100/100 slp|[silent]
|-enditem|p2a: Tyranitar|Chesto Berry|[eat]
|-curestatus|p2a: Tyranitar|slp|[msg]
|
|-weather|SunnyDay|[upkeep]
|upkeep
|turn|13
|
|t:|1769439018
|move|p2a: Tyranitar|Stone Edge|p1a: Torkoal
|-supereffective|p1a: Torkoal
|-damage|p1a: Torkoal|17/100
|move|p1a: Torkoal|Will-O-Wisp|p2a: Tyranitar
|-status|p2a: Tyranitar|brn
|
|-weather|SunnyDay|[upkeep]
|-damage|p2a: Tyranitar|94/100 brn|[from] brn
|upkeep
|turn|14
|
|t:|1769439031
|switch|p1a: Walking Wake|Walking Wake|65/100
|-activate|p1a: Walking Wake|ability: Protosynthesis
|-start|p1a: Walking Wake|protosynthesisspe
|move|p2a: Tyranitar|Knock Off|p1a: Walking Wake
|-damage|p1a: Walking Wake|44/100
|
|-weather|SunnyDay|[upkeep]
|-damage|p2a: Tyranitar|88/100 brn|[from] brn
|upkeep
|turn|15
|
|t:|1769439049
|switch|p2a: Primarina|Primarina, M, shiny|50/100
|-damage|p2a: Primarina|37/100|[from] Stealth Rock
|move|p1a: Walking Wake|Hydro Steam|p2a: Primarina
|-resisted|p2a: Primarina
|-damage|p2a: Primarina|12/100
|
|-weather|SunnyDay|[upkeep]
|upkeep
|turn|16
|-enditem|p2a: Primarina|Custap Berry|[eat]
|-activate|p2a: Primarina|item: Custap Berry|[consumed]
|
|t:|1769439055
|move|p2a: Primarina|Moonblast|p1a: Walking Wake
|-supereffective|p1a: Walking Wake
|-damage|p1a: Walking Wake|0 fnt
|faint|p1a: Walking Wake
|-end|p1a: Walking Wake|Protosynthesis|[silent]
|
|-weather|SunnyDay|[upkeep]
|upkeep
|
|t:|1769439061
|switch|p1a: Raging Bolt|Raging Bolt|100/100
|-activate|p1a: Raging Bolt|ability: Protosynthesis
|-start|p1a: Raging Bolt|protosynthesisspa
|turn|17
|
|t:|1769439068
|move|p1a: Raging Bolt|Volt Switch|p2a: Primarina
|-supereffective|p2a: Primarina
|-damage|p2a: Primarina|0 fnt
|faint|p2a: Primarina
|
|t:|1769439073
|-end|p1a: Raging Bolt|Protosynthesis|[silent]
|switch|p1a: Kingambit|Kingambit, M|41/100|[from] Volt Switch
|-activate|p1a: Kingambit|ability: Supreme Overlord
|-start|p1a: Kingambit|fallen3|[silent]
|
|-weather|SunnyDay|[upkeep]
|upkeep
|
|t:|1769439088
|switch|p2a: Bronzong|Bronzong, shiny|100/100
|-damage|p2a: Bronzong|94/100|[from] Stealth Rock
|turn|18
|
|t:|1769439096
|-terastallize|p2a: Bronzong|Fighting
|move|p1a: Kingambit|Kowtow Cleave|p2a: Bronzong
|-resisted|p2a: Bronzong
|-damage|p2a: Bronzong|69/100
|move|p2a: Bronzong|Trick Room|p2a: Bronzong
|-fieldstart|move: Trick Room|[of] p2a: Bronzong
|
|-weather|SunnyDay|[upkeep]
|upkeep
|turn|19
|
|t:|1769439103
|move|p2a: Bronzong|Iron Defense|p2a: Bronzong
|-boost|p2a: Bronzong|def|2
|move|p1a: Kingambit|Swords Dance|p1a: Kingambit
|-boost|p1a: Kingambit|atk|2
|
|-weather|none
|upkeep
|turn|20
|
|t:|1769439114
|move|p1a: Kingambit|Sucker Punch|p2a: Bronzong
|-resisted|p2a: Bronzong
|-damage|p2a: Bronzong|47/100
|move|p2a: Bronzong|Body Press|p1a: Kingambit
|-supereffective|p1a: Kingambit
|-damage|p1a: Kingambit|0 fnt
|faint|p1a: Kingambit
|-end|p1a: Kingambit|fallen3|[silent]
|
|upkeep
|
|t:|1769439122
|switch|p1a: Torkoal|Torkoal, F, tera:Flying|17/100
|-weather|SunnyDay|[from] ability: Drought|[of] p1a: Torkoal
|turn|21
|
|t:|1769439130
|move|p1a: Torkoal|Lava Plume|p2a: Bronzong
|-damage|p2a: Bronzong|16/100
|-status|p2a: Bronzong|brn
|move|p2a: Bronzong|Body Press|p1a: Torkoal
|-resisted|p1a: Torkoal
|-damage|p1a: Torkoal|4/100
|
|-weather|SunnyDay|[upkeep]
|-damage|p2a: Bronzong|10/100 brn|[from] brn
|upkeep
|turn|22
|
|t:|1769439140
|move|p1a: Torkoal|Lava Plume|p2a: Bronzong
|-damage|p2a: Bronzong|0 fnt
|faint|p2a: Bronzong
|
|-weather|SunnyDay|[upkeep]
|-fieldend|move: Trick Room
|upkeep
|
|t:|1769439144
|switch|p2a: Tyranitar|Tyranitar, M, shiny|88/100 brn
|-damage|p2a: Tyranitar|76/100 brn|[from] Stealth Rock
|-weather|Sandstorm|[from] ability: Sand Stream|[of] p2a: Tyranitar
|turn|23
|
|t:|1769439150
|switch|p1a: Raging Bolt|Raging Bolt|100/100
|move|p2a: Tyranitar|Knock Off|p1a: Raging Bolt
|-damage|p1a: Raging Bolt|72/100
|-enditem|p1a: Raging Bolt|Choice Specs|[from] move: Knock Off|[of] p2a: Tyranitar
|
|-weather|Sandstorm|[upkeep]
|-damage|p1a: Raging Bolt|66/100|[from] Sandstorm
|-damage|p2a: Tyranitar|70/100 brn|[from] brn
|upkeep
|turn|24
|
|t:|1769439166
|move|p1a: Raging Bolt|Volt Switch|p2a: Tyranitar
|-damage|p2a: Tyranitar|47/100 brn
|
|t:|1769439169
|-end|p1a: Raging Bolt|Protosynthesis|[silent]
|switch|p1a: Torkoal|Torkoal, F, tera:Flying|4/100|[from] Volt Switch
|-weather|SunnyDay|[from] ability: Drought|[of] p1a: Torkoal
|move|p2a: Tyranitar|Rest|p2a: Tyranitar
|-status|p2a: Tyranitar|slp|[from] move: Rest
|-heal|p2a: Tyranitar|100/100 slp|[silent]
|
|-weather|SunnyDay|[upkeep]
|upkeep
|turn|25
|
|t:|1769439196
|switch|p2a: Moltres|Moltres, shiny|57/100
|-damage|p2a: Moltres|7/100|[from] Stealth Rock
|switch|p1a: Raging Bolt|Raging Bolt|66/100
|-activate|p1a: Raging Bolt|ability: Protosynthesis
|-start|p1a: Raging Bolt|protosynthesisspa
|
|-weather|SunnyDay|[upkeep]
|upkeep
|turn|26
|
|t:|1769439203
|move|p1a: Raging Bolt|Volt Switch|p2a: Moltres
|-supereffective|p2a: Moltres
|-damage|p2a: Moltres|0 fnt
|faint|p2a: Moltres
|
|t:|1769439205
|-end|p1a: Raging Bolt|Protosynthesis|[silent]
|switch|p1a: Torkoal|Torkoal, F, tera:Flying|4/100|[from] Volt Switch
|
|-weather|SunnyDay|[upkeep]
|upkeep
|
|t:|1769439209
|switch|p2a: Ursaluna|Ursaluna, M, shiny|100/100
|-damage|p2a: Ursaluna|94/100|[from] Stealth Rock
|turn|27
|
|t:|1769439223
|move|p2a: Ursaluna|Ice Punch|p1a: Torkoal
|-supereffective|p1a: Torkoal
|-damage|p1a: Torkoal|0 fnt
|faint|p1a: Torkoal
|
|-weather|SunnyDay|[upkeep]
|-status|p2a: Ursaluna|brn|[from] item: Flame Orb
|upkeep
|
|t:|1769439225
|switch|p1a: Raging Bolt|Raging Bolt|66/100
|-activate|p1a: Raging Bolt|ability: Protosynthesis
|-start|p1a: Raging Bolt|protosynthesisspa
|turn|28
|
|t:|1769439231
|move|p1a: Raging Bolt|Draco Meteor|p2a: Ursaluna
|-damage|p2a: Ursaluna|0 fnt
|-unboost|p1a: Raging Bolt|spa|2
|faint|p2a: Ursaluna
|
|-weather|SunnyDay|[upkeep]
|upkeep
|
|t:|1769439239
|switch|p2a: Tyranitar|Tyranitar, M, shiny|100/100 slp
|-damage|p2a: Tyranitar|88/100 slp|[from] Stealth Rock
|-weather|Sandstorm|[from] ability: Sand Stream|[of] p2a: Tyranitar
|-end|p1a: Raging Bolt|Protosynthesis
|turn|29
|
|t:|1769439258
|move|p1a: Raging Bolt|Thunderbolt|p2a: Tyranitar
|-damage|p2a: Tyranitar|75/100 slp
|cant|p2a: Tyranitar|slp
|
|-weather|Sandstorm|[upkeep]
|-damage|p1a: Raging Bolt|60/100|[from] Sandstorm
|upkeep
|turn|30
|
|t:|1769439262
|move|p1a: Raging Bolt|Draco Meteor|p2a: Tyranitar
|-crit|p2a: Tyranitar
|-damage|p2a: Tyranitar|16/100 slp
|-unboost|p1a: Raging Bolt|spa|2
|cant|p2a: Tyranitar|slp
|
|-weather|Sandstorm|[upkeep]
|-damage|p1a: Raging Bolt|54/100|[from] Sandstorm
|upkeep
|turn|31
|
|t:|1769439267
|move|p1a: Raging Bolt|Thunderbolt|p2a: Tyranitar
|-damage|p2a: Tyranitar|6/100 slp
|-curestatus|p2a: Tyranitar|slp|[msg]
|move|p2a: Tyranitar|Rest|p2a: Tyranitar
|-status|p2a: Tyranitar|slp|[from] move: Rest
|-heal|p2a: Tyranitar|100/100 slp|[silent]
|
|-weather|Sandstorm|[upkeep]
|-damage|p1a: Raging Bolt|48/100|[from] Sandstorm
|upkeep
|turn|32
|
|t:|1769439272
|move|p1a: Raging Bolt|Draco Meteor|p2a: Tyranitar
|-damage|p2a: Tyranitar|87/100 slp
|-unboost|p1a: Raging Bolt|spa|2
|cant|p2a: Tyranitar|slp
|
|-weather|Sandstorm|[upkeep]
|-damage|p1a: Raging Bolt|42/100|[from] Sandstorm
|upkeep
|turn|33
|-message|Daxer17x forfeited.
|
|win|xen769
|raw|Daxer17x's rating: 1415 &rarr; <strong>1398</strong><br />(-17 for losing)
|raw|xen769's rating: 1461 &rarr; <strong>1478</strong><br />(+17 for winning)
|l|☆Daxer17x
|player|p1|
