|j|☆BlRD BOY
|j|‽machopped unc
|t:|1769394955
|gametype|singles
|player|p1|BlRD BOY|brycen|1794
|player|p2|machopped unc|clown|1723
|gen|9
|tier|[Gen 9] OU
|rated|
|rule|HP Percentage Mod: HP is shown in percentages
|rule|Endless Battle Clause: Forcing endless battles is banned
|rule|Species Clause: Limit one of each Pokémon
|rule|OHKO Clause: OHKO moves are banned
|rule|Evasion Items Clause: Evasion items are banned
|rule|Evasion Moves Clause: Evasion moves are banned
|rule|Evasion Abilities Clause: Evasion abilities are banned
|rule|Sleep Moves Clause: Sleep-inducing moves are banned
|clearpoke
|poke|p1|Kyurem|
|poke|p1|Rillaboom, M|
|poke|p1|Kingambit, M|
|poke|p1|Slowking-Galar, M|
|poke|p1|Enamorus, F|
|poke|p1|Great Tusk|
|poke|p2|Rillaboom, M|
|poke|p2|Grimmsnarl, M|
|poke|p2|Raging Bolt|
|poke|p2|Glimmora, F|
|poke|p2|Great Tusk|
|poke|p2|Deoxys-Speed|
|teampreview
|c|☆BlRD BOY|glhf
|
|t:|1769394967
|teamsize|p1|6
|teamsize|p2|6
|start
|switch|p1a: Rillaboom|Rillaboom, M|100/100
|switch|p2a: Grimmsnarl|Grimmsnarl, M|100/100
|-fieldstart|move: Grassy Terrain|[from] ability: Grassy Surge|[of] p1a: Rillaboom
|turn|1
|
|t:|1769394970
|move|p2a: Grimmsnarl|Reflect|p2a: Grimmsnarl
|-sidestart|p2: machopped unc|Reflect
|move|p1a: Rillaboom|Knock Off|p2a: Grimmsnarl
|-resisted|p2a: Grimmsnarl
|-damage|p2a: Grimmsnarl|90/100
|-enditem|p2a: Grimmsnarl|Light Clay|[from] move: Knock Off|[of] p1a: Rillaboom
|
|-heal|p2a: Grimmsnarl|96/100|[from] Grassy Terrain
|upkeep
|turn|2
|
|t:|1769394986
|switch|p1a: Enamorus|Enamorus, F|100/100
|move|p2a: Grimmsnarl|Light Screen|p2a: Grimmsnarl
|-sidestart|p2: machopped unc|move: Light Screen
|
|-heal|p2a: Grimmsnarl|100/100|[from] Grassy Terrain
|upkeep
|turn|3
|
|t:|1769394994
|switch|p2a: Glimmora|Glimmora, F|100/100
|move|p1a: Enamorus|Earth Power|p2a: Glimmora
|-supereffective|p2a: Glimmora
|-damage|p2a: Glimmora|14/100
|
|-heal|p2a: Glimmora|20/100|[from] Grassy Terrain
|upkeep
|turn|4
|
|t:|1769395002
|move|p1a: Enamorus|Earth Power|p2a: Glimmora
|-supereffective|p2a: Glimmora
|-damage|p2a: Glimmora|0 fnt
|faint|p2a: Glimmora
|
|upkeep
|
|t:|1769395031
|switch|p2a: Deoxys|Deoxys-Speed|100/100
|-ability|p2a: Deoxys|Pressure
|turn|5
|
|t:|1769395037
|move|p1a: Enamorus|Earth Power|p2a: Deoxys
|-damage|p2a: Deoxys|74/100
|move|p2a: Deoxys|Nasty Plot|p2a: Deoxys
|-boost|p2a: Deoxys|spa|2
|
|-heal|p2a: Deoxys|80/100|[from] Grassy Terrain
|-fieldend|move: Grassy Terrain
|upkeep
|turn|6
|j| lyj174
|
|t:|1769395046
|switch|p1a: Kingambit|Kingambit, M, shiny|100/100
|move|p2a: Deoxys|Shadow Ball|p1a: Kingambit
|-resisted|p1a: Kingambit
|-damage|p1a: Kingambit|62/100
|-damage|p2a: Deoxys|70/100|[from] item: Life Orb
|
|-sideend|p2: machopped unc|move: Light Screen
|upkeep
|turn|7
|
|t:|1769395050
|move|p2a: Deoxys|Focus Blast|p1a: Kingambit
|-supereffective|p1a: Kingambit
|-damage|p1a: Kingambit|0 fnt
|faint|p1a: Kingambit
|-end|p1a: Kingambit|fallenundefined|[silent]
|-damage|p2a: Deoxys|60/100|[from] item: Life Orb
|
|upkeep
|
|t:|1769395055
|switch|p1a: Enamorus|Enamorus, F|100/100
|turn|8
|
|t:|1769395068
|move|p1a: Enamorus|Moonblast|p2a: Deoxys
|-damage|p2a: Deoxys|0 fnt
|faint|p2a: Deoxys
|
|-sideend|p2: machopped unc|Reflect
|upkeep
|
|t:|1769395070
|switch|p2a: Grimmsnarl|Grimmsnarl, M|100/100
|turn|9
|
|t:|1769395073
|move|p2a: Grimmsnarl|Light Screen|p2a: Grimmsnarl
|-sidestart|p2: machopped unc|move: Light Screen
|move|p1a: Enamorus|Moonblast|p2a: Grimmsnarl
|-supereffective|p2a: Grimmsnarl
|-damage|p2a: Grimmsnarl|31/100
|
|upkeep
|turn|10
|
|t:|1769395078
|move|p2a: Grimmsnarl|Reflect|p2a: Grimmsnarl
|-sidestart|p2: machopped unc|Reflect
|move|p1a: Enamorus|Moonblast|p2a: Grimmsnarl
|-supereffective|p2a: Grimmsnarl
|-damage|p2a: Grimmsnarl|0 fnt
|faint|p2a: Grimmsnarl
|
|upkeep
|
|t:|1769395093
|switch|p2a: Rillaboom|Rillaboom, M|100/100
|-fieldstart|move: Grassy Terrain|[from] ability: Grassy Surge|[of] p2a: Rillaboom
|turn|11
|
|t:|1769395099
|move|p1a: Enamorus|Moonblast|p2a: Rillaboom
|-damage|p2a: Rillaboom|61/100
|move|p2a: Rillaboom|Swords Dance|p2a: Rillaboom
|-boost|p2a: Rillaboom|atk|2
|
|-heal|p2a: Rillaboom|67/100|[from] Grassy Terrain
|upkeep
|turn|12
|j| Winoenah
|j| electronno
|l| Winoenah
|
|t:|1769395137
|move|p1a: Enamorus|Moonblast|p2a: Rillaboom
|-damage|p2a: Rillaboom|31/100
|move|p2a: Rillaboom|Swords Dance|p2a: Rillaboom
|-boost|p2a: Rillaboom|atk|2
|
|-heal|p2a: Rillaboom|37/100|[from] Grassy Terrain
|upkeep
|turn|13
|
|t:|1769395149
|switch|p1a: Slowking|Slowking-Galar, M, shiny|100/100
|move|p2a: Rillaboom|Grassy Glide|p1a: Slowking
|-resisted|p1a: Slowking
|-damage|p1a: Slowking|25/100
|-damage|p2a: Rillaboom|27/100|[from] item: Life Orb
|
|-heal|p2a: Rillaboom|33/100|[from] Grassy Terrain
|-heal|p1a: Slowking|31/100|[from] Grassy Terrain
|-sideend|p2: machopped unc|move: Light Screen
|upkeep
|turn|14
|j| XChaosblazer
|
|t:|1769395156
|move|p2a: Rillaboom|Grassy Glide|p1a: Slowking
|-resisted|p1a: Slowking
|-damage|p1a: Slowking|0 fnt
|faint|p1a: Slowking
|-damage|p2a: Rillaboom|23/100|[from] item: Life Orb
|
|-heal|p2a: Rillaboom|29/100|[from] Grassy Terrain
|-sideend|p2: machopped unc|Reflect
|upkeep
|
|t:|1769395158
|switch|p1a: Kyurem|Kyurem|100/100
|-ability|p1a: Kyurem|Pressure
|turn|15
|
|t:|1769395162
|move|p2a: Rillaboom|Grassy Glide|p1a: Kyurem
|-resisted|p1a: Kyurem
|-damage|p1a: Kyurem|31/100
|-damage|p2a: Rillaboom|19/100|[from] item: Life Orb
|move|p1a: Kyurem|Icicle Spear|p2a: Rillaboom
|-supereffective|p2a: Rillaboom
|-damage|p2a: Rillaboom|0 fnt
|faint|p2a: Rillaboom
|-hitcount|p2: Rillaboom|1
|
|-heal|p1a: Kyurem|37/100|[from] Grassy Terrain
|-fieldend|move: Grassy Terrain
|upkeep
|
|t:|1769395167
|switch|p2a: Great Tusk|Great Tusk|100/100
|-enditem|p2a: Great Tusk|Booster Energy
|-activate|p2a: Great Tusk|ability: Protosynthesis|[fromitem]
|-start|p2a: Great Tusk|protosynthesisspe
|turn|16
|
|t:|1769395181
|-terastallize|p1a: Kyurem|Ghost
|move|p2a: Great Tusk|Bulk Up|p2a: Great Tusk
|-boost|p2a: Great Tusk|atk|1
|-boost|p2a: Great Tusk|def|1
|move|p1a: Kyurem|Icicle Spear|p2a: Great Tusk
|-supereffective|p2a: Great Tusk
|-damage|p2a: Great Tusk|89/100
|-supereffective|p2a: Great Tusk
|-damage|p2a: Great Tusk|77/100
|-supereffective|p2a: Great Tusk
|-damage|p2a: Great Tusk|67/100
|-supereffective|p2a: Great Tusk
|-damage|p2a: Great Tusk|57/100
|-supereffective|p2a: Great Tusk
|-damage|p2a: Great Tusk|46/100
|-hitcount|p2a: Great Tusk|5
|
|upkeep
|turn|17
|
|t:|1769395188
|move|p2a: Great Tusk|Head Smash|p1a: Kyurem
|-damage|p1a: Kyurem|0 fnt
|faint|p1a: Kyurem
|-damage|p2a: Great Tusk|30/100|[from] Recoil
|
|upkeep
|
|t:|1769395190
|switch|p1a: Enamorus|Enamorus, F|100/100
|turn|18
|
|t:|1769395198
|move|p1a: Enamorus|Moonblast|p2a: Great Tusk
|-supereffective|p2a: Great Tusk
|-damage|p2a: Great Tusk|0 fnt
|faint|p2a: Great Tusk
|-end|p2a: Great Tusk|Protosynthesis|[silent]
|
|upkeep
|
|t:|1769395199
|switch|p2a: Raging Bolt|Raging Bolt|100/100
|-enditem|p2a: Raging Bolt|Booster Energy
|-activate|p2a: Raging Bolt|ability: Protosynthesis|[fromitem]
|-start|p2a: Raging Bolt|protosynthesisspa
|turn|19
|
|t:|1769395204
|move|p2a: Raging Bolt|Thunderclap|p1a: Enamorus
|-supereffective|p1a: Enamorus
|-damage|p1a: Enamorus|0 fnt
|faint|p1a: Enamorus
|
|upkeep
|
|t:|1769395207
|switch|p1a: Great Tusk|Great Tusk|100/100
|-enditem|p1a: Great Tusk|Booster Energy
|-activate|p1a: Great Tusk|ability: Protosynthesis|[fromitem]
|-start|p1a: Great Tusk|protosynthesisspe
|turn|20
|
|t:|1769395219
|-terastallize|p2a: Raging Bolt|Bug
|move|p1a: Great Tusk|Headlong Rush|p2a: Raging Bolt
|-resisted|p2a: Raging Bolt
|-damage|p2a: Raging Bolt|77/100
|-unboost|p1a: Great Tusk|def|1
|-unboost|p1a: Great Tusk|spd|1
|move|p2a: Raging Bolt|Dragon Pulse|p1a: Great Tusk
|-damage|p1a: Great Tusk|0 fnt
|faint|p1a: Great Tusk
|-end|p1a: Great Tusk|Protosynthesis|[silent]
|
|upkeep
|
|t:|1769395225
|switch|p1a: Rillaboom|Rillaboom, M|100/100
|-fieldstart|move: Grassy Terrain|[from] ability: Grassy Surge|[of] p1a: Rillaboom
|turn|21
|l| electronno
|
|t:|1769395230
|move|p1a: Rillaboom|Wood Hammer|p2a: Raging Bolt
|-resisted|p2a: Raging Bolt
|-damage|p2a: Raging Bolt|22/100
|-damage|p1a: Rillaboom|80/100|[from] Recoil
|move|p2a: Raging Bolt|Dragon Pulse|p1a: Rillaboom
|-damage|p1a: Rillaboom|0 fnt
|faint|p1a: Rillaboom
|
|win|machopped unc
|raw|BlRD BOY's rating: 1794 &rarr; <strong>1770</strong><br />(-24 for losing)
|raw|machopped unc's rating: 1723 &rarr; <strong>1747</strong><br />(+24 for winning)
|l|☆BlRD BOY
|player|p1|
|l| lyj174
|l| XChaosblazer
