|j|‽yesterdaymister
|j|☆raviolikid
|t:|1769371157
|gametype|singles
|player|p1|yesterdaymister|266|1823
|player|p2|raviolikid|zinnia|1683
|gen|9
|tier|[Gen 9] OU
|rated|
|rule|HP Percentage Mod: HP is shown in percentages
|rule|Endless Battle Clause: Forcing endless battles is banned
|rule|Species Clause: Limit one of each Pokémon
|rule|OHKO Clause: OHKO moves are banned
|rule|Evasion Items Clause: Evasion items are banned
|rule|Evasion Moves Clause: Evasion moves are banned
|rule|Evasion Abilities Clause: Evasion abilities are banned
|rule|Sleep Moves Clause: Sleep-inducing moves are banned
|clearpoke
|poke|p1|Ninetales, M|
|poke|p1|Ceruledge, F|
|poke|p1|Venusaur, F|
|poke|p1|Hatterene, F|
|poke|p1|Great Tusk|
|poke|p1|Walking Wake|
|poke|p2|Pecharunt|
|poke|p2|Kingambit, F|
|poke|p2|Volcanion|
|poke|p2|Iron Valiant|
|poke|p2|Landorus-Therian, M|
|poke|p2|Deoxys-Speed|
|teampreview
|inactive|Battle timer is ON: inactive players will automatically lose when time's up. (requested by raviolikid)
|inactive|yesterdaymister also wants the timer to be on.
|
|t:|1769371184
|teamsize|p1|6
|teamsize|p2|6
|start
|switch|p1a: Ninetales|Ninetales, M|100/100
|switch|p2a: Deoxys|Deoxys-Speed|100/100
|-ability|p2a: Deoxys|Pressure
|-weather|SunnyDay|[from] ability: Drought|[of] p1a: Ninetales
|turn|1
|
|t:|1769371193
|switch|p1a: Hatterene|Hatterene, F|100/100
|move|p2a: Deoxys|Knock Off|p1a: Hatterene
|-damage|p1a: Hatterene|77/100
|-enditem|p1a: Hatterene|Eject Button|[from] move: Knock Off|[of] p2a: Deoxys
|
|-weather|SunnyDay|[upkeep]
|upkeep
|turn|2
|
|t:|1769371200
|move|p2a: Deoxys|Psycho Boost|p1a: Hatterene|[miss]
|-miss|p2a: Deoxys|p1a: Hatterene
|move|p1a: Hatterene|Nuzzle|p2a: Deoxys
|-damage|p2a: Deoxys|94/100
|-status|p2a: Deoxys|par
|
|-weather|SunnyDay|[upkeep]
|upkeep
|turn|3
|
|t:|1769371208
|cant|p2a: Deoxys|par
|move|p1a: Hatterene|Dazzling Gleam|p2a: Deoxys
|-damage|p2a: Deoxys|32/100 par
|
|-weather|SunnyDay|[upkeep]
|upkeep
|turn|4
|
|t:|1769371214
|move|p2a: Deoxys|Psycho Boost|p1a: Hatterene
|-resisted|p1a: Hatterene
|-damage|p1a: Hatterene|49/100
|-unboost|p2a: Deoxys|spa|2
|-enditem|p2a: Deoxys|Eject Pack
|
|t:|1769371220
|switch|p2a: Volcanion|Volcanion|100/100
|move|p1a: Hatterene|Dazzling Gleam|p2a: Volcanion
|-resisted|p2a: Volcanion
|-damage|p2a: Volcanion|82/100
|
|-weather|SunnyDay|[upkeep]
|-heal|p2a: Volcanion|88/100|[from] item: Leftovers
|upkeep
|turn|5
|
|t:|1769371225
|move|p2a: Volcanion|Flamethrower|p1a: Hatterene
|-damage|p1a: Hatterene|0 fnt
|faint|p1a: Hatterene
|
|-weather|SunnyDay|[upkeep]
|-heal|p2a: Volcanion|94/100|[from] item: Leftovers
|upkeep
|
|t:|1769371230
|switch|p1a: Walking Wake|Walking Wake|100/100
|-activate|p1a: Walking Wake|ability: Protosynthesis
|-start|p1a: Walking Wake|protosynthesisspa
|turn|6
|
|t:|1769371236
|switch|p2a: Deoxys|Deoxys-Speed|32/100 par
|-ability|p2a: Deoxys|Pressure
|move|p1a: Walking Wake|Draco Meteor|p2a: Deoxys
|-damage|p2a: Deoxys|0 fnt
|-unboost|p1a: Walking Wake|spa|2
|faint|p2a: Deoxys
|
|-weather|SunnyDay|[upkeep]
|upkeep
|
|t:|1769371245
|switch|p2a: Iron Valiant|Iron Valiant|100/100
|-enditem|p2a: Iron Valiant|Booster Energy
|-activate|p2a: Iron Valiant|ability: Quark Drive|[fromitem]
|-start|p2a: Iron Valiant|quarkdrivespe
|turn|7
|
|t:|1769371255
|-end|p1a: Walking Wake|Protosynthesis|[silent]
|switch|p1a: Venusaur|Venusaur, F|100/100
|move|p2a: Iron Valiant|Knock Off|p1a: Venusaur
|-damage|p1a: Venusaur|56/100
|-enditem|p1a: Venusaur|Life Orb|[from] move: Knock Off|[of] p2a: Iron Valiant
|
|-weather|SunnyDay|[upkeep]
|upkeep
|turn|8
|inactive|raviolikid has 120 seconds left.
|
|t:|1769371287
|-end|p2a: Iron Valiant|Quark Drive|[silent]
|switch|p2a: Pecharunt|Pecharunt|100/100
|move|p1a: Venusaur|Sludge Bomb|p2a: Pecharunt
|-resisted|p2a: Pecharunt
|-damage|p2a: Pecharunt|89/100
|
|-weather|none
|upkeep
|turn|9
|
|t:|1769371291
|switch|p1a: Ninetales|Ninetales, M|100/100
|-weather|SunnyDay|[from] ability: Drought|[of] p1a: Ninetales
|move|p2a: Pecharunt|Shadow Ball|p1a: Ninetales
|-damage|p1a: Ninetales|72/100
|
|-weather|SunnyDay|[upkeep]
|upkeep
|turn|10
|
|t:|1769371303
|move|p1a: Ninetales|Encore|p2a: Pecharunt
|-start|p2a: Pecharunt|Encore
|move|p2a: Pecharunt|Shadow Ball|p1a: Ninetales
|-damage|p1a: Ninetales|42/100
|
|-weather|SunnyDay|[upkeep]
|upkeep
|turn|11
|
|t:|1769371314
|switch|p1a: Walking Wake|Walking Wake|100/100
|-activate|p1a: Walking Wake|ability: Protosynthesis
|-start|p1a: Walking Wake|protosynthesisspa
|move|p2a: Pecharunt|Shadow Ball|p1a: Walking Wake
|-crit|p1a: Walking Wake
|-damage|p1a: Walking Wake|53/100
|-unboost|p1a: Walking Wake|spd|1
|
|-weather|SunnyDay|[upkeep]
|upkeep
|turn|12
|
|t:|1769371321
|move|p1a: Walking Wake|Flamethrower|p2a: Pecharunt
|-damage|p2a: Pecharunt|0 fnt
|faint|p2a: Pecharunt
|
|-weather|SunnyDay|[upkeep]
|upkeep
|
|t:|1769371325
|switch|p2a: Volcanion|Volcanion|94/100
|turn|13
|
|t:|1769371332
|-end|p1a: Walking Wake|Protosynthesis|[silent]
|switch|p1a: Great Tusk|Great Tusk|100/100
|-activate|p1a: Great Tusk|ability: Protosynthesis
|-start|p1a: Great Tusk|protosynthesisspe
|move|p2a: Volcanion|Steam Eruption|p1a: Great Tusk
|-supereffective|p1a: Great Tusk
|-damage|p1a: Great Tusk|29/100
|-status|p1a: Great Tusk|brn
|
|-weather|SunnyDay|[upkeep]
|-heal|p2a: Volcanion|99/100|[from] item: Leftovers
|-damage|p1a: Great Tusk|22/100 brn|[from] brn
|upkeep
|turn|14
|
|t:|1769371341
|switch|p2a: Landorus|Landorus-Therian, M|100/100
|-ability|p2a: Landorus|Intimidate|boost
|-unboost|p1a: Great Tusk|atk|1
|move|p1a: Great Tusk|Stealth Rock|p2a: Landorus
|-sidestart|p2: raviolikid|move: Stealth Rock
|
|-weather|SunnyDay|[upkeep]
|-damage|p1a: Great Tusk|16/100 brn|[from] brn
|upkeep
|turn|15
|
|t:|1769371350
|move|p1a: Great Tusk|Ice Spinner|p2a: Landorus
|-supereffective|p2a: Landorus
|-damage|p2a: Landorus|69/100
|-damage|p1a: Great Tusk|0 fnt|[from] item: Rocky Helmet|[of] p2a: Landorus
|faint|p1a: Great Tusk
|-end|p1a: Great Tusk|Protosynthesis|[silent]
|move|p2a: Landorus|Stealth Rock|p1: Great Tusk
|-sidestart|p1: yesterdaymister|move: Stealth Rock
|
|-weather|SunnyDay|[upkeep]
|upkeep
|
|t:|1769371357
|switch|p1a: Venusaur|Venusaur, F|56/100
|-damage|p1a: Venusaur|44/100|[from] Stealth Rock
|turn|16
|
|t:|1769371364
|move|p1a: Venusaur|Giga Drain|p2a: Landorus
|-damage|p2a: Landorus|27/100
|-heal|p1a: Venusaur|70/100|[from] drain|[of] p2a: Landorus
|move|p2a: Landorus|Earthquake|p1a: Venusaur
|-damage|p1a: Venusaur|6/100
|
|-weather|none
|upkeep
|turn|17
|
|t:|1769371372
|switch|p1a: Ninetales|Ninetales, M|42/100
|-damage|p1a: Ninetales|17/100|[from] Stealth Rock
|-weather|SunnyDay|[from] ability: Drought|[of] p1a: Ninetales
|move|p2a: Landorus|Earthquake|p1a: Ninetales
|-supereffective|p1a: Ninetales
|-damage|p1a: Ninetales|0 fnt
|faint|p1a: Ninetales
|
|-weather|SunnyDay|[upkeep]
|upkeep
|
|t:|1769371375
|switch|p1a: Walking Wake|Walking Wake|53/100
|-damage|p1a: Walking Wake|41/100|[from] Stealth Rock
|-activate|p1a: Walking Wake|ability: Protosynthesis
|-start|p1a: Walking Wake|protosynthesisspa
|turn|18
|
|t:|1769371381
|move|p1a: Walking Wake|Hydro Steam|p2a: Landorus
|-supereffective|p2a: Landorus
|-damage|p2a: Landorus|0 fnt
|faint|p2a: Landorus
|
|-weather|SunnyDay|[upkeep]
|upkeep
|
|t:|1769371384
|switch|p2a: Volcanion|Volcanion|99/100
|-damage|p2a: Volcanion|75/100|[from] Stealth Rock
|turn|19
|
|t:|1769371388
|-end|p1a: Walking Wake|Protosynthesis|[silent]
|switch|p1a: Venusaur|Venusaur, F|6/100
|-damage|p1a: Venusaur|0 fnt|[from] Stealth Rock
|faint|p1a: Venusaur
|move|p2a: Volcanion|Steam Eruption|p1: Venusaur|[notarget]
|-fail|p2a: Volcanion
|
|-weather|SunnyDay|[upkeep]
|-heal|p2a: Volcanion|81/100|[from] item: Leftovers
|upkeep
|
|t:|1769371398
|switch|p1a: Walking Wake|Walking Wake|41/100
|-damage|p1a: Walking Wake|29/100|[from] Stealth Rock
|-activate|p1a: Walking Wake|ability: Protosynthesis
|-start|p1a: Walking Wake|protosynthesisspa
|turn|20
|
|t:|1769371406
|switch|p2a: Iron Valiant|Iron Valiant|100/100
|-damage|p2a: Iron Valiant|94/100|[from] Stealth Rock
|move|p1a: Walking Wake|Dragon Pulse|p2a: Iron Valiant
|-immune|p2a: Iron Valiant
|
|-weather|SunnyDay|[upkeep]
|upkeep
|turn|21
|
|t:|1769371412
|move|p2a: Iron Valiant|Moonblast|p1a: Walking Wake
|-supereffective|p1a: Walking Wake
|-damage|p1a: Walking Wake|0 fnt
|faint|p1a: Walking Wake
|-end|p1a: Walking Wake|Protosynthesis|[silent]
|
|-weather|SunnyDay|[upkeep]
|upkeep
|
|t:|1769371416
|switch|p1a: Ceruledge|Ceruledge, F|100/100
|-damage|p1a: Ceruledge|76/100|[from] Stealth Rock
|turn|22
|
|t:|1769371421
|-terastallize|p1a: Ceruledge|Fairy
|move|p2a: Iron Valiant|Moonblast|p1a: Ceruledge
|-damage|p1a: Ceruledge|31/100
|-unboost|p1a: Ceruledge|spa|1
|move|p1a: Ceruledge|Swords Dance|p1a: Ceruledge
|-boost|p1a: Ceruledge|atk|2
|
|-weather|SunnyDay|[upkeep]
|upkeep
|turn|23
|
|t:|1769371425
|move|p2a: Iron Valiant|Encore|p1a: Ceruledge
|-start|p1a: Ceruledge|Encore
|move|p1a: Ceruledge|Swords Dance|p1a: Ceruledge
|-boost|p1a: Ceruledge|atk|2
|
|-weather|SunnyDay|[upkeep]
|upkeep
|turn|24
|
|t:|1769371427
|move|p2a: Iron Valiant|Moonblast|p1a: Ceruledge
|-damage|p1a: Ceruledge|0 fnt
|faint|p1a: Ceruledge
|
|win|raviolikid
|raw|yesterdaymister's rating: 1823 &rarr; <strong>1795</strong><br />(-28 for losing)
|raw|raviolikid's rating: 1683 &rarr; <strong>1711</strong><br />(+28 for winning)
|l|‽yesterdaymister
|player|p1|
