|j|☆Pem779567 phone
|j|☆sasuarez
|t:|1769408886
|gametype|singles
|player|p1|Pem779567 phone|1|1141
|player|p2|sasuarez|fisherman-gen4|1076
|gen|9
|tier|[Gen 9] OU
|rated|
|rule|HP Percentage Mod: HP is shown in percentages
|rule|Endless Battle Clause: Forcing endless battles is banned
|rule|Species Clause: Limit one of each Pokémon
|rule|OHKO Clause: OHKO moves are banned
|rule|Evasion Items Clause: Evasion items are banned
|rule|Evasion Moves Clause: Evasion moves are banned
|rule|Evasion Abilities Clause: Evasion abilities are banned
|rule|Sleep Moves Clause: Sleep-inducing moves are banned
|clearpoke
|poke|p1|Samurott-Hisui, M|
|poke|p1|Slowking-Galar, F|
|poke|p1|Entei|
|poke|p1|Rillaboom, F|
|poke|p1|Salamence, M|
|poke|p1|Ninetales-Alola, M|
|poke|p2|Maushold-Four|
|poke|p2|Farigiraf, F|
|poke|p2|Zoroark-Hisui, F|
|poke|p2|Grafaiai, F|
|poke|p2|Zangoose, F|
|poke|p2|Arboliva, F|
|teampreview
|inactive|Battle timer is ON: inactive players will automatically lose when time's up. (requested by Pem779567 phone)
|
|t:|1769408895
|teamsize|p1|6
|teamsize|p2|6
|start
|switch|p1a: Samurott|Samurott-Hisui, M|100/100
|switch|p2a: Zangoose|Zangoose, F, shiny|100/100
|turn|1
|
|t:|1769408899
|move|p1a: Samurott|Sacred Sword|p2a: Zangoose
|-supereffective|p2a: Zangoose
|-damage|p2a: Zangoose|0 fnt
|faint|p2a: Zangoose
|
|upkeep
|
|t:|1769408904
|switch|p2a: Maushold|Maushold-Four, shiny|100/100
|turn|2
|
|t:|1769408908
|move|p1a: Samurott|Sacred Sword|p2a: Maushold
|-immune|p2a: Maushold
|move|p2a: Maushold|Nasty Plot|p2a: Maushold
|-boost|p2a: Maushold|spa|2
|
|upkeep
|turn|3
|
|t:|1769408917
|switch|p1a: Slowking|Slowking-Galar, F, shiny|100/100
|move|p2a: Maushold|Hyper Voice|p1a: Slowking
|-damage|p1a: Slowking|49/100
|
|-heal|p1a: Slowking|55/100|[from] item: Leftovers
|upkeep
|turn|4
|
|t:|1769408924
|move|p2a: Maushold|Bitter Malice|p1a: Slowking
|-supereffective|p1a: Slowking
|-damage|p1a: Slowking|0 fnt
|faint|p1a: Slowking
|
|upkeep
|
|t:|1769408946
|switch|p1a: Samurott|Samurott-Hisui, M|100/100
|turn|5
|
|t:|1769408954
|move|p1a: Samurott|Ceaseless Edge|p2a: Maushold
|-supereffective|p2a: Maushold
|-enditem|p2a: Maushold|Focus Sash
|-damage|p2a: Maushold|1/100
|replace|p2a: Zoroark|Zoroark-Hisui, F, shiny
|-end|p2a: Zoroark|Illusion
|-sidestart|p2: sasuarez|Spikes
|move|p2a: Zoroark|Hyper Voice|p1a: Samurott
|-damage|p1a: Samurott|0 fnt
|faint|p1a: Samurott
|
|upkeep
|
|t:|1769408963
|switch|p1a: Rillaboom|Rillaboom, F|100/100
|-fieldstart|move: Grassy Terrain|[from] ability: Grassy Surge|[of] p1a: Rillaboom
|turn|6
|
|t:|1769408966
|move|p1a: Rillaboom|Grassy Glide|p2a: Zoroark
|-damage|p2a: Zoroark|0 fnt
|faint|p2a: Zoroark
|
|upkeep
|
|t:|1769408972
|switch|p2a: Maushold|Maushold-Four, shiny|100/100
|-damage|p2a: Maushold|88/100|[from] Spikes
|turn|7
|
|t:|1769408981
|move|p2a: Maushold|Tidy Up|p2a: Maushold
|-sideend|p2: sasuarez|Spikes
|-activate|p2a: Maushold|move: Tidy Up
|-boost|p2a: Maushold|atk|1
|-boost|p2a: Maushold|spe|1
|move|p1a: Rillaboom|Drum Beating|p2a: Maushold
|-damage|p2a: Maushold|0 fnt
|faint|p2a: Maushold
|
|upkeep
|
|t:|1769408993
|switch|p2a: Grafaiai|Grafaiai, F|100/100
|turn|8
|inactive|Pem779567 phone has 120 seconds left.
|
|t:|1769409031
|move|p2a: Grafaiai|Knock Off|p1a: Rillaboom
|-damage|p1a: Rillaboom|72/100
|-enditem|p1a: Rillaboom|Miracle Seed|[from] move: Knock Off|[of] p2a: Grafaiai
|move|p1a: Rillaboom|Knock Off|p2a: Grafaiai
|-damage|p2a: Grafaiai|43/100
|-enditem|p2a: Grafaiai|Focus Sash|[from] move: Knock Off|[of] p1a: Rillaboom
|
|-heal|p2a: Grafaiai|49/100|[from] Grassy Terrain
|-heal|p1a: Rillaboom|79/100|[from] Grassy Terrain
|upkeep
|turn|9
|inactive|Pem779567 phone has 120 seconds left.
|
|t:|1769409044
|move|p2a: Grafaiai|Parting Shot|p1a: Rillaboom
|-unboost|p1a: Rillaboom|atk|1
|-unboost|p1a: Rillaboom|spa|1
|
|t:|1769409047
|switch|p2a: Farigiraf|Farigiraf, F, shiny|100/100|[from] Parting Shot
|move|p1a: Rillaboom|Drum Beating|p2a: Farigiraf
|-damage|p2a: Farigiraf|63/100
|-unboost|p2a: Farigiraf|spe|1
|
|-heal|p1a: Rillaboom|85/100|[from] Grassy Terrain
|-heal|p2a: Farigiraf|69/100|[from] Grassy Terrain
|-heal|p2a: Farigiraf|75/100|[from] item: Leftovers
|upkeep
|turn|10
|
|t:|1769409062
|move|p1a: Rillaboom|Knock Off|p2a: Farigiraf
|-supereffective|p2a: Farigiraf
|-damage|p2a: Farigiraf|28/100
|-enditem|p2a: Farigiraf|Leftovers|[from] move: Knock Off|[of] p1a: Rillaboom
|move|p2a: Farigiraf|Hyper Voice|p1a: Rillaboom
|-damage|p1a: Rillaboom|25/100
|
|-heal|p1a: Rillaboom|31/100|[from] Grassy Terrain
|-heal|p2a: Farigiraf|35/100|[from] Grassy Terrain
|-fieldend|move: Grassy Terrain
|upkeep
|turn|11
|
|t:|1769409078
|move|p1a: Rillaboom|Knock Off|p2a: Farigiraf
|-supereffective|p2a: Farigiraf
|-damage|p2a: Farigiraf|3/100
|move|p2a: Farigiraf|Hyper Voice|p1a: Rillaboom
|-damage|p1a: Rillaboom|0 fnt
|faint|p1a: Rillaboom
|
|upkeep
|
|t:|1769409081
|switch|p1a: Entei|Entei|100/100
|turn|12
|
|t:|1769409095
|move|p1a: Entei|Sacred Fire|p2a: Farigiraf
|-damage|p2a: Farigiraf|0 fnt
|faint|p2a: Farigiraf
|
|upkeep
|
|t:|1769409100
|switch|p2a: Grafaiai|Grafaiai, F|49/100
|turn|13
|
|t:|1769409104
|move|p2a: Grafaiai|Parting Shot|p1a: Entei
|-unboost|p1a: Entei|atk|1
|-unboost|p1a: Entei|spa|1
|
|t:|1769409107
|switch|p2a: Arboliva|Arboliva, F, shiny|100/100|[from] Parting Shot
|move|p1a: Entei|Sacred Fire|p2a: Arboliva
|-supereffective|p2a: Arboliva
|-damage|p2a: Arboliva|30/100
|-fieldstart|move: Grassy Terrain|[from] ability: Seed Sower|[of] p2a: Arboliva
|
|-heal|p2a: Arboliva|36/100|[from] Grassy Terrain
|-heal|p2a: Arboliva|42/100|[from] item: Leftovers
|upkeep
|turn|14
|
|t:|1769409121
|-terastallize|p2a: Arboliva|Electric
|move|p1a: Entei|Sacred Fire|p2a: Arboliva
|-damage|p2a: Arboliva|5/100
|move|p2a: Arboliva|Leech Seed|p1a: Entei
|-start|p1a: Entei|move: Leech Seed
|
|-heal|p2a: Arboliva|11/100|[from] Grassy Terrain
|-heal|p2a: Arboliva|17/100|[from] item: Leftovers
|-damage|p1a: Entei|88/100|[from] Leech Seed|[of] p2a: Arboliva
|-heal|p2a: Arboliva|30/100|[silent]
|upkeep
|turn|15
|
|t:|1769409131
|switch|p1a: Ninetales|Ninetales-Alola, M|100/100
|-weather|Snowscape|[from] ability: Snow Warning|[of] p1a: Ninetales
|move|p2a: Arboliva|Earth Power|p1a: Ninetales
|-crit|p1a: Ninetales
|-damage|p1a: Ninetales|54/100
|
|-weather|Snowscape|[upkeep]
|-heal|p1a: Ninetales|60/100|[from] Grassy Terrain
|-heal|p2a: Arboliva|36/100|[from] Grassy Terrain
|-heal|p2a: Arboliva|42/100|[from] item: Leftovers
|upkeep
|turn|16
|
|t:|1769409147
|move|p1a: Ninetales|Aurora Veil|p1a: Ninetales
|-sidestart|p1: Pem779567 phone|move: Aurora Veil
|move|p2a: Arboliva|Strength Sap|p1a: Ninetales
|-unboost|p1a: Ninetales|atk|1
|-heal|p2a: Arboliva|77/100
|
|-weather|Snowscape|[upkeep]
|-heal|p1a: Ninetales|66/100|[from] Grassy Terrain
|-heal|p2a: Arboliva|83/100|[from] Grassy Terrain
|-heal|p2a: Arboliva|89/100|[from] item: Leftovers
|upkeep
|turn|17
|
|t:|1769409155
|move|p1a: Ninetales|Encore|p2a: Arboliva
|-start|p2a: Arboliva|Encore
|move|p2a: Arboliva|Strength Sap|p1a: Ninetales
|-unboost|p1a: Ninetales|atk|1
|-heal|p2a: Arboliva|100/100
|
|-weather|Snowscape|[upkeep]
|-heal|p1a: Ninetales|72/100|[from] Grassy Terrain
|-fieldend|move: Grassy Terrain
|upkeep
|turn|18
|
|t:|1769409164
|move|p1a: Ninetales|Moonblast|p2a: Arboliva
|-damage|p2a: Arboliva|69/100
|-fieldstart|move: Grassy Terrain|[from] ability: Seed Sower|[of] p2a: Arboliva
|move|p2a: Arboliva|Strength Sap|p1a: Ninetales
|-unboost|p1a: Ninetales|atk|1
|-heal|p2a: Arboliva|87/100
|
|-weather|Snowscape|[upkeep]
|-heal|p1a: Ninetales|78/100|[from] Grassy Terrain
|-heal|p2a: Arboliva|93/100|[from] Grassy Terrain
|-heal|p2a: Arboliva|99/100|[from] item: Leftovers
|upkeep
|turn|19
|
|t:|1769409175
|move|p1a: Ninetales|Freeze-Dry|p2a: Arboliva
|-damage|p2a: Arboliva|75/100
|-status|p2a: Arboliva|frz
|cant|p2a: Arboliva|frz
|
|-weather|none
|-heal|p1a: Ninetales|84/100|[from] Grassy Terrain
|-heal|p2a: Arboliva|81/100 frz|[from] Grassy Terrain
|-heal|p2a: Arboliva|87/100 frz|[from] item: Leftovers
|-end|p2a: Arboliva|Encore
|upkeep
|turn|20
|
|t:|1769409188
|move|p1a: Ninetales|Moonblast|p2a: Arboliva
|-damage|p2a: Arboliva|55/100 frz
|cant|p2a: Arboliva|frz
|
|-heal|p1a: Ninetales|90/100|[from] Grassy Terrain
|-heal|p2a: Arboliva|61/100 frz|[from] Grassy Terrain
|-heal|p2a: Arboliva|67/100 frz|[from] item: Leftovers
|upkeep
|turn|21
|
|t:|1769409197
|move|p1a: Ninetales|Moonblast|p2a: Arboliva
|-damage|p2a: Arboliva|35/100 frz
|cant|p2a: Arboliva|frz
|
|-heal|p1a: Ninetales|96/100|[from] Grassy Terrain
|-heal|p2a: Arboliva|42/100 frz|[from] Grassy Terrain
|-heal|p2a: Arboliva|48/100 frz|[from] item: Leftovers
|upkeep
|turn|22
|
|t:|1769409204
|move|p1a: Ninetales|Moonblast|p2a: Arboliva
|-damage|p2a: Arboliva|17/100 frz
|-curestatus|p2a: Arboliva|frz|[msg]
|move|p2a: Arboliva|Leech Seed|p1a: Ninetales
|-start|p1a: Ninetales|move: Leech Seed
|
|-heal|p1a: Ninetales|100/100|[from] Grassy Terrain
|-heal|p2a: Arboliva|23/100|[from] Grassy Terrain
|-heal|p2a: Arboliva|29/100|[from] item: Leftovers
|-damage|p1a: Ninetales|88/100|[from] Leech Seed|[of] p2a: Arboliva
|-heal|p2a: Arboliva|39/100|[silent]
|-fieldend|move: Grassy Terrain
|upkeep
|turn|23
|
|t:|1769409216
|move|p1a: Ninetales|Encore|p2a: Arboliva
|-start|p2a: Arboliva|Encore
|move|p2a: Arboliva|Leech Seed||[still]
|-fail|p2a: Arboliva
|
|-heal|p2a: Arboliva|45/100|[from] item: Leftovers
|-damage|p1a: Ninetales|76/100|[from] Leech Seed|[of] p2a: Arboliva
|-heal|p2a: Arboliva|55/100|[silent]
|-sideend|p1: Pem779567 phone|move: Aurora Veil
|upkeep
|turn|24
|
|t:|1769409224
|move|p1a: Ninetales|Moonblast|p2a: Arboliva
|-damage|p2a: Arboliva|24/100
|-fieldstart|move: Grassy Terrain|[from] ability: Seed Sower|[of] p2a: Arboliva
|move|p2a: Arboliva|Leech Seed||[still]
|-fail|p2a: Arboliva
|
|-heal|p1a: Ninetales|82/100|[from] Grassy Terrain
|-heal|p2a: Arboliva|30/100|[from] Grassy Terrain
|-heal|p2a: Arboliva|37/100|[from] item: Leftovers
|-damage|p1a: Ninetales|70/100|[from] Leech Seed|[of] p2a: Arboliva
|-heal|p2a: Arboliva|46/100|[silent]
|upkeep
|turn|25
|
|t:|1769409235
|move|p1a: Ninetales|Freeze-Dry|p2a: Arboliva
|-damage|p2a: Arboliva|21/100
|move|p2a: Arboliva|Leech Seed||[still]
|-fail|p2a: Arboliva
|
|-heal|p1a: Ninetales|76/100|[from] Grassy Terrain
|-heal|p2a: Arboliva|27/100|[from] Grassy Terrain
|-heal|p2a: Arboliva|34/100|[from] item: Leftovers
|-damage|p1a: Ninetales|64/100|[from] Leech Seed|[of] p2a: Arboliva
|-heal|p2a: Arboliva|43/100|[silent]
|-end|p2a: Arboliva|Encore
|upkeep
|turn|26
|
|t:|1769409249
|move|p1a: Ninetales|Encore|p2a: Arboliva
|-start|p2a: Arboliva|Encore
|move|p2a: Arboliva|Leech Seed||[still]
|-fail|p2a: Arboliva
|
|-heal|p1a: Ninetales|69/100|[from] Grassy Terrain
|-heal|p2a: Arboliva|49/100|[from] Grassy Terrain
|-heal|p2a: Arboliva|55/100|[from] item: Leftovers
|-damage|p1a: Ninetales|57/100|[from] Leech Seed|[of] p2a: Arboliva
|-heal|p2a: Arboliva|65/100|[silent]
|upkeep
|turn|27
|c|☆sasuarez|zzz
|
|t:|1769409261
|move|p1a: Ninetales|Freeze-Dry|p2a: Arboliva
|-damage|p2a: Arboliva|43/100
|move|p2a: Arboliva|Leech Seed||[still]
|-fail|p2a: Arboliva
|
|-heal|p1a: Ninetales|63/100|[from] Grassy Terrain
|-heal|p2a: Arboliva|49/100|[from] Grassy Terrain
|-heal|p2a: Arboliva|55/100|[from] item: Leftovers
|-damage|p1a: Ninetales|51/100|[from] Leech Seed|[of] p2a: Arboliva
|-heal|p2a: Arboliva|65/100|[silent]
|upkeep
|turn|28
|
|t:|1769409271
|move|p1a: Ninetales|Freeze-Dry|p2a: Arboliva
|-damage|p2a: Arboliva|40/100
|move|p2a: Arboliva|Leech Seed||[still]
|-fail|p2a: Arboliva
|
|-heal|p1a: Ninetales|57/100|[from] Grassy Terrain
|-heal|p2a: Arboliva|46/100|[from] Grassy Terrain
|-heal|p2a: Arboliva|52/100|[from] item: Leftovers
|-damage|p1a: Ninetales|45/100|[from] Leech Seed|[of] p2a: Arboliva
|-heal|p2a: Arboliva|62/100|[silent]
|-end|p2a: Arboliva|Encore
|-fieldend|move: Grassy Terrain
|upkeep
|turn|29
|
|t:|1769409289
|switch|p2a: Grafaiai|Grafaiai, F|49/100
|move|p1a: Ninetales|Encore||[still]
|-fail|p1a: Ninetales
|
|-damage|p1a: Ninetales|33/100|[from] Leech Seed|[of] p2a: Grafaiai
|-heal|p2a: Grafaiai|62/100|[silent]
|upkeep
|turn|30
|
|t:|1769409296
|move|p2a: Grafaiai|Taunt|p1a: Ninetales
|-start|p1a: Ninetales|move: Taunt
|move|p1a: Ninetales|Moonblast|p2a: Grafaiai
|-resisted|p2a: Grafaiai
|-damage|p2a: Grafaiai|30/100
|
|-damage|p1a: Ninetales|20/100|[from] Leech Seed|[of] p2a: Grafaiai
|-heal|p2a: Grafaiai|43/100|[silent]
|upkeep
|turn|31
|
|t:|1769409305
|move|p2a: Grafaiai|Knock Off|p1a: Ninetales
|-resisted|p1a: Ninetales
|-damage|p1a: Ninetales|1/100
|-enditem|p1a: Ninetales|Light Clay|[from] move: Knock Off|[of] p2a: Grafaiai
|move|p1a: Ninetales|Freeze-Dry|p2a: Grafaiai
|-damage|p2a: Grafaiai|0 fnt
|faint|p2a: Grafaiai
|
|upkeep
|
|t:|1769409312
|switch|p2a: Arboliva|Arboliva, F, shiny, tera:Electric|62/100
|turn|32
|
|t:|1769409323
|move|p1a: Ninetales|Moonblast|p2a: Arboliva
|-damage|p2a: Arboliva|28/100
|-fieldstart|move: Grassy Terrain|[from] ability: Seed Sower|[of] p2a: Arboliva
|move|p2a: Arboliva|Strength Sap|p1a: Ninetales
|-unboost|p1a: Ninetales|atk|1
|-heal|p2a: Arboliva|42/100
|
|-heal|p1a: Ninetales|7/100|[from] Grassy Terrain
|-heal|p2a: Arboliva|48/100|[from] Grassy Terrain
|-heal|p2a: Arboliva|54/100|[from] item: Leftovers
|-damage|p1a: Ninetales|0 fnt|[from] Leech Seed|[of] p2a: Arboliva
|-heal|p2a: Arboliva|60/100|[silent]
|faint|p1a: Ninetales
|upkeep
|
|t:|1769409337
|switch|p1a: Entei|Entei|88/100
|turn|33
|
|t:|1769409349
|move|p1a: Entei|Sacred Fire|p2a: Arboliva
|-damage|p2a: Arboliva|5/100
|move|p2a: Arboliva|Leech Seed|p1a: Entei|[miss]
|-miss|p2a: Arboliva|p1a: Entei
|
|-heal|p1a: Entei|94/100|[from] Grassy Terrain
|-heal|p2a: Arboliva|11/100|[from] Grassy Terrain
|-heal|p2a: Arboliva|17/100|[from] item: Leftovers
|upkeep
|turn|34
|
|t:|1769409358
|move|p1a: Entei|Sacred Fire|p2a: Arboliva
|-damage|p2a: Arboliva|0 fnt
|faint|p2a: Arboliva
|
|win|Pem779567 phone
|raw|Pem779567 phone's rating: 1141 &rarr; <strong>1161</strong><br />(+20 for winning)
|raw|sasuarez's rating: 1076 &rarr; <strong>1059</strong><br />(-17 for losing)
|l|☆Pem779567 phone
|player|p1|
|l|☆sasuarez
|player|p2|
