|j|☆sideper
|j|☆auaulog
|t:|1769343178
|gametype|singles
|player|p1|sideper|265|1102
|player|p2|auaulog|101|1156
|gen|9
|tier|[Gen 9] OU
|rated|
|rule|HP Percentage Mod: HP is shown in percentages
|rule|Endless Battle Clause: Forcing endless battles is banned
|rule|Species Clause: Limit one of each Pokémon
|rule|OHKO Clause: OHKO moves are banned
|rule|Evasion Items Clause: Evasion items are banned
|rule|Evasion Moves Clause: Evasion moves are banned
|rule|Evasion Abilities Clause: Evasion abilities are banned
|rule|Sleep Moves Clause: Sleep-inducing moves are banned
|clearpoke
|poke|p1|Incineroar, F|
|poke|p1|Amoonguss, F|
|poke|p1|Gliscor, M|
|poke|p1|Arboliva, M|
|poke|p1|Torkoal, F|
|poke|p1|Kommo-o, M|
|poke|p2|Toxtricity, F|
|poke|p2|Revavroom, F|
|poke|p2|Serperior, M|
|poke|p2|Corviknight, F|
|poke|p2|Polteageist|
|poke|p2|Iron Hands|
|teampreview
|inactive|Battle timer is ON: inactive players will automatically lose when time's up. (requested by auaulog)
|
|t:|1769343192
|teamsize|p1|6
|teamsize|p2|6
|start
|switch|p1a: Gliscor|Gliscor, M|100/100
|switch|p2a: Polteageist|Polteageist|100/100
|turn|1
|
|t:|1769343200
|move|p1a: Gliscor|Stealth Rock|p2a: Polteageist
|-sidestart|p2: auaulog|move: Stealth Rock
|move|p2a: Polteageist|Shell Smash|p2a: Polteageist
|-unboost|p2a: Polteageist|def|1
|-unboost|p2a: Polteageist|spd|1
|-boost|p2a: Polteageist|atk|2
|-boost|p2a: Polteageist|spa|2
|-boost|p2a: Polteageist|spe|2
|
|-status|p1a: Gliscor|tox|[from] item: Toxic Orb
|upkeep
|turn|2
|
|t:|1769343216
|move|p2a: Polteageist|Shadow Ball|p1a: Gliscor
|-damage|p1a: Gliscor|0 fnt
|faint|p1a: Gliscor
|
|upkeep
|
|t:|1769343227
|switch|p1a: Kommo-o|Kommo-o, M|100/100
|turn|3
|
|t:|1769343231
|-terastallize|p1a: Kommo-o|Electric
|move|p2a: Polteageist|Shadow Ball|p1a: Kommo-o
|-immune|p1a: Kommo-o|[from] ability: Bulletproof
|move|p1a: Kommo-o|Substitute|p1a: Kommo-o
|-start|p1a: Kommo-o|Substitute
|-damage|p1a: Kommo-o|75/100
|
|upkeep
|turn|4
|
|t:|1769343246
|move|p2a: Polteageist|Stored Power|p1a: Kommo-o
|-end|p1a: Kommo-o|Substitute
|move|p1a: Kommo-o|Belly Drum|p1a: Kommo-o
|-damage|p1a: Kommo-o|25/100
|-setboost|p1a: Kommo-o|atk|6|[from] move: Belly Drum
|-enditem|p1a: Kommo-o|Sitrus Berry|[eat]
|-heal|p1a: Kommo-o|50/100|[from] item: Sitrus Berry
|
|upkeep
|turn|5
|
|t:|1769343256
|move|p2a: Polteageist|Stored Power|p1a: Kommo-o
|-damage|p1a: Kommo-o|0 fnt
|faint|p1a: Kommo-o
|
|upkeep
|
|t:|1769343259
|switch|p1a: Incineroar|Incineroar, F|100/100
|-ability|p1a: Incineroar|Intimidate|boost
|-unboost|p2a: Polteageist|atk|1
|turn|6
|
|t:|1769343271
|move|p2a: Polteageist|Shadow Ball|p1a: Incineroar
|-resisted|p1a: Incineroar
|-damage|p1a: Incineroar|60/100
|move|p1a: Incineroar|Darkest Lariat|p2a: Polteageist
|-supereffective|p2a: Polteageist
|-enditem|p2a: Polteageist|Focus Sash
|-damage|p2a: Polteageist|1/100
|-ability|p2a: Polteageist|Weak Armor|boost
|-unboost|p2a: Polteageist|def|1
|-boost|p2a: Polteageist|spe|2
|
|upkeep
|turn|7
|
|t:|1769343283
|move|p2a: Polteageist|Shadow Ball|p1a: Incineroar
|-resisted|p1a: Incineroar
|-damage|p1a: Incineroar|19/100
|move|p1a: Incineroar|Darkest Lariat|p2a: Polteageist
|-supereffective|p2a: Polteageist
|-damage|p2a: Polteageist|0 fnt
|faint|p2a: Polteageist
|
|upkeep
|
|t:|1769343303
|switch|p2a: Corviknight|Corviknight, F|100/100
|-damage|p2a: Corviknight|88/100|[from] Stealth Rock
|turn|8
|
|t:|1769343310
|switch|p1a: Torkoal|Torkoal, F|100/100
|-weather|SunnyDay|[from] ability: Drought|[of] p1a: Torkoal
|move|p2a: Corviknight|Reflect|p2a: Corviknight
|-sidestart|p2: auaulog|Reflect
|
|-weather|SunnyDay|[upkeep]
|upkeep
|turn|9
|
|t:|1769343319
|move|p2a: Corviknight|Light Screen|p2a: Corviknight
|-sidestart|p2: auaulog|move: Light Screen
|move|p1a: Torkoal|Weather Ball|p2a: Corviknight
|-supereffective|p2a: Corviknight
|-damage|p2a: Corviknight|33/100
|
|-weather|SunnyDay|[upkeep]
|upkeep
|turn|10
|
|t:|1769343328
|move|p2a: Corviknight|Roost|p2a: Corviknight
|-heal|p2a: Corviknight|84/100
|-singleturn|p2a: Corviknight|move: Roost
|move|p1a: Torkoal|Weather Ball|p2a: Corviknight
|-supereffective|p2a: Corviknight
|-damage|p2a: Corviknight|33/100
|
|-weather|SunnyDay|[upkeep]
|upkeep
|turn|11
|
|t:|1769343338
|move|p2a: Corviknight|U-turn|p1a: Torkoal
|-resisted|p1a: Torkoal
|-damage|p1a: Torkoal|95/100
|
|t:|1769343342
|switch|p2a: Iron Hands|Iron Hands|100/100|[from] U-turn
|-damage|p2a: Iron Hands|94/100|[from] Stealth Rock
|-enditem|p2a: Iron Hands|Booster Energy
|-activate|p2a: Iron Hands|ability: Quark Drive|[fromitem]
|-start|p2a: Iron Hands|quarkdrivedef
|move|p1a: Torkoal|Weather Ball|p2a: Iron Hands
|-damage|p2a: Iron Hands|73/100
|
|-weather|SunnyDay|[upkeep]
|upkeep
|turn|12
|
|t:|1769343356
|move|p2a: Iron Hands|Swords Dance|p2a: Iron Hands
|-boost|p2a: Iron Hands|atk|2
|move|p1a: Torkoal|Clear Smog|p2a: Iron Hands
|-damage|p2a: Iron Hands|67/100
|-clearboost|p2a: Iron Hands
|
|-weather|none
|upkeep
|turn|13
|
|t:|1769343374
|switch|p1a: Incineroar|Incineroar, F|19/100
|-ability|p1a: Incineroar|Intimidate|boost
|-unboost|p2a: Iron Hands|atk|1
|move|p2a: Iron Hands|Swords Dance|p2a: Iron Hands
|-boost|p2a: Iron Hands|atk|2
|
|upkeep
|turn|14
|
|t:|1769343382
|move|p1a: Incineroar|Fake Out|p2a: Iron Hands
|-damage|p2a: Iron Hands|65/100
|cant|p2a: Iron Hands|flinch
|
|upkeep
|turn|15
|
|t:|1769343390
|move|p1a: Incineroar|Parting Shot|p2a: Iron Hands
|-unboost|p2a: Iron Hands|atk|1
|-unboost|p2a: Iron Hands|spa|1
|
|t:|1769343394
|switch|p1a: Torkoal|Torkoal, F|95/100|[from] Parting Shot
|-weather|SunnyDay|[from] ability: Drought|[of] p1a: Torkoal
|move|p2a: Iron Hands|Drain Punch|p1a: Torkoal
|-damage|p1a: Torkoal|67/100
|-heal|p2a: Iron Hands|75/100|[from] drain|[of] p1a: Torkoal
|
|-weather|SunnyDay|[upkeep]
|-sideend|p2: auaulog|Reflect
|upkeep
|turn|16
|
|t:|1769343407
|move|p2a: Iron Hands|Drain Punch|p1a: Torkoal
|-damage|p1a: Torkoal|41/100
|-heal|p2a: Iron Hands|84/100|[from] drain|[of] p1a: Torkoal
|move|p1a: Torkoal|Solar Beam||[still]
|-prepare|p1a: Torkoal|Solar Beam
|-anim|p1a: Torkoal|Solar Beam|p2a: Iron Hands
|-damage|p2a: Iron Hands|71/100
|
|-weather|SunnyDay|[upkeep]
|-sideend|p2: auaulog|move: Light Screen
|upkeep
|turn|17
|
|t:|1769343419
|switch|p1a: Arboliva|Arboliva, M|100/100
|move|p2a: Iron Hands|Drain Punch|p1a: Arboliva
|-supereffective|p1a: Arboliva
|-damage|p1a: Arboliva|30/100
|-heal|p2a: Iron Hands|98/100|[from] drain|[of] p1a: Arboliva
|-enditem|p1a: Arboliva|Sitrus Berry|[eat]
|-heal|p1a: Arboliva|55/100|[from] item: Sitrus Berry
|
|-weather|SunnyDay|[upkeep]
|-item|p1a: Arboliva|Sitrus Berry|[from] ability: Harvest
|upkeep
|turn|18
|
|t:|1769343431
|move|p2a: Iron Hands|Drain Punch|p1a: Arboliva
|-supereffective|p1a: Arboliva
|-damage|p1a: Arboliva|0 fnt
|-heal|p2a: Iron Hands|100/100|[from] drain|[of] p1a: Arboliva
|faint|p1a: Arboliva
|
|-weather|SunnyDay|[upkeep]
|upkeep
|
|t:|1769343434
|switch|p1a: Amoonguss|Amoonguss, F|100/100
|turn|19
|l|☆sideper
|inactive|sideper disconnected and has a minute to reconnect!
|player|p1|
|
|t:|1769343451
|move|p2a: Iron Hands|Ice Punch|p1a: Amoonguss
|-supereffective|p1a: Amoonguss
|-damage|p1a: Amoonguss|53/100
|move|p1a: Amoonguss|Stun Spore|p2a: Iron Hands
|-immune|p2a: Iron Hands
|
|-weather|none
|-heal|p1a: Amoonguss|59/100|[from] item: Leftovers
|upkeep
|turn|20
|inactive|sideper has 30 seconds to reconnect!
|inactive|sideper has 20 seconds to reconnect!
|inactive|sideper has 15 seconds to reconnect!
|inactive|sideper has 10 seconds to reconnect!
|inactive|sideper has 5 seconds to reconnect!
|-message|sideper lost due to inactivity.
|
|win|auaulog
|raw|sideper's rating: 1102 &rarr; <strong>1081</strong><br />(-21 for losing)
|raw|auaulog's rating: 1156 &rarr; <strong>1177</strong><br />(+21 for winning)
|l|☆auaulog
|player|p2|
