|j|☆BlazikenNuggies
|j|☆Ru1ned
|t:|1769446984
|gametype|singles
|player|p1|BlazikenNuggies|2|1127
|player|p2|Ru1ned|blue|1077
|gen|9
|tier|[Gen 9] OU
|rated|
|rule|HP Percentage Mod: HP is shown in percentages
|rule|Endless Battle Clause: Forcing endless battles is banned
|rule|Species Clause: Limit one of each Pokémon
|rule|OHKO Clause: OHKO moves are banned
|rule|Evasion Items Clause: Evasion items are banned
|rule|Evasion Moves Clause: Evasion moves are banned
|rule|Evasion Abilities Clause: Evasion abilities are banned
|rule|Sleep Moves Clause: Sleep-inducing moves are banned
|clearpoke
|poke|p1|Gholdengo|
|poke|p1|Blaziken, F|
|poke|p1|Scizor, F|
|poke|p1|Azumarill, F|
|poke|p1|Tinkaton, F|
|poke|p1|Minccino, M|
|poke|p2|Espeon, M|
|poke|p2|Ceruledge, M|
|poke|p2|Grimmsnarl, M|
|poke|p2|Dragapult, M|
|poke|p2|Raging Bolt|
|poke|p2|Glimmora, M|
|teampreview
|inactive|Battle timer is ON: inactive players will automatically lose when time's up. (requested by Ru1ned)
|
|t:|1769447000
|teamsize|p1|6
|teamsize|p2|6
|start
|switch|p1a: Glitter Lucky|Tinkaton, F|100/100
|switch|p2a: Glimmora|Glimmora, M, shiny|100/100
|turn|1
|
|t:|1769447013
|move|p1a: Glitter Lucky|Gigaton Hammer|p2a: Glimmora
|-supereffective|p2a: Glimmora
|-enditem|p2a: Glimmora|Focus Sash
|-damage|p2a: Glimmora|1/100
|-activate|p2a: Glimmora|ability: Toxic Debris
|-sidestart|p1: BlazikenNuggies|move: Toxic Spikes
|-damage|p1a: Glitter Lucky|91/100|[from] item: Life Orb
|move|p2a: Glimmora|Stealth Rock|p1a: Glitter Lucky
|-sidestart|p1: BlazikenNuggies|move: Stealth Rock
|
|upkeep
|turn|2
|
|t:|1769447020
|move|p1a: Glitter Lucky|Play Rough|p2a: Glimmora
|-resisted|p2a: Glimmora
|-damage|p2a: Glimmora|0 fnt
|-activate|p2a: Glimmora|ability: Toxic Debris
|-sidestart|p1: BlazikenNuggies|move: Toxic Spikes
|faint|p2a: Glimmora
|-damage|p1a: Glitter Lucky|81/100|[from] item: Life Orb
|
|upkeep
|
|t:|1769447028
|switch|p2a: Espeon|Espeon, M, shiny|100/100
|turn|3
|
|t:|1769447035
|move|p2a: Espeon|Shadow Ball|p1a: Glitter Lucky
|-crit|p1a: Glitter Lucky
|-damage|p1a: Glitter Lucky|21/100
|-damage|p2a: Espeon|91/100|[from] item: Life Orb
|move|p1a: Glitter Lucky|Swords Dance|p1a: Glitter Lucky
|-boost|p1a: Glitter Lucky|atk|2
|
|upkeep
|turn|4
|
|t:|1769447044
|move|p2a: Espeon|Shadow Ball|p1a: Glitter Lucky
|-damage|p1a: Glitter Lucky|0 fnt
|faint|p1a: Glitter Lucky
|-damage|p2a: Espeon|81/100|[from] item: Life Orb
|
|upkeep
|
|t:|1769447053
|switch|p1a: Glitter Peace|Gholdengo|100/100
|-damage|p1a: Glitter Peace|94/100|[from] Stealth Rock
|turn|5
|
|t:|1769447057
|move|p1a: Glitter Peace|Shadow Ball|p2a: Espeon
|-supereffective|p2a: Espeon
|-damage|p2a: Espeon|0 fnt
|faint|p2a: Espeon
|
|upkeep
|
|t:|1769447063
|switch|p2a: Grimmsnarl|Grimmsnarl, M, shiny|100/100
|turn|6
|
|t:|1769447068
|switch|p1a: Glitter Spring|Scizor, F, shiny|100/100
|-damage|p1a: Glitter Spring|88/100|[from] Stealth Rock
|move|p2a: Grimmsnarl|Light Screen|p2a: Grimmsnarl
|-sidestart|p2: Ru1ned|move: Light Screen
|
|upkeep
|turn|7
|
|t:|1769447076
|move|p1a: Glitter Spring|Bullet Punch|p2a: Grimmsnarl
|-supereffective|p2a: Grimmsnarl
|-damage|p2a: Grimmsnarl|35/100
|move|p2a: Grimmsnarl|Taunt|p1a: Glitter Spring
|-start|p1a: Glitter Spring|move: Taunt
|
|upkeep
|turn|8
|
|t:|1769447083
|switch|p2a: Raging Bolt|Raging Bolt|100/100
|-enditem|p2a: Raging Bolt|Booster Energy
|-activate|p2a: Raging Bolt|ability: Protosynthesis|[fromitem]
|-start|p2a: Raging Bolt|protosynthesisspa
|move|p1a: Glitter Spring|Bullet Punch|p2a: Raging Bolt
|-resisted|p2a: Raging Bolt
|-damage|p2a: Raging Bolt|86/100
|
|upkeep
|turn|9
|
|t:|1769447092
|move|p2a: Raging Bolt|Calm Mind|p2a: Raging Bolt
|-boost|p2a: Raging Bolt|spa|1
|-boost|p2a: Raging Bolt|spd|1
|move|p1a: Glitter Spring|Close Combat|p2a: Raging Bolt
|-damage|p2a: Raging Bolt|48/100
|-unboost|p1a: Glitter Spring|def|1
|-unboost|p1a: Glitter Spring|spd|1
|
|upkeep
|turn|10
|
|t:|1769447100
|move|p2a: Raging Bolt|Thunderbolt|p1a: Glitter Spring
|-damage|p1a: Glitter Spring|0 fnt
|faint|p1a: Glitter Spring
|
|upkeep
|
|t:|1769447104
|switch|p1a: Glitter Peace|Gholdengo|94/100
|-damage|p1a: Glitter Peace|88/100|[from] Stealth Rock
|turn|11
|
|t:|1769447110
|move|p2a: Raging Bolt|Thunderclap|p1a: Glitter Peace
|-damage|p1a: Glitter Peace|4/100
|move|p1a: Glitter Peace|Make It Rain|p2a: Raging Bolt
|-resisted|p2a: Raging Bolt
|-damage|p2a: Raging Bolt|39/100
|-unboost|p1a: Glitter Peace|spa|1
|
|upkeep
|turn|12
|
|t:|1769447119
|move|p2a: Raging Bolt|Thunderclap|p1a: Glitter Peace
|-damage|p1a: Glitter Peace|0 fnt
|faint|p1a: Glitter Peace
|
|upkeep
|
|t:|1769447131
|switch|p1a: Glitter Breeze|Azumarill, F|100/100
|-status|p1a: Glitter Breeze|tox
|-damage|p1a: Glitter Breeze|88/100 tox|[from] Stealth Rock
|turn|13
|
|t:|1769447141
|move|p2a: Raging Bolt|Thunderbolt|p1a: Glitter Breeze
|-supereffective|p1a: Glitter Breeze
|-damage|p1a: Glitter Breeze|0 fnt
|faint|p1a: Glitter Breeze
|
|-sideend|p2: Ru1ned|move: Light Screen
|upkeep
|
|t:|1769447144
|switch|p1a: Glitter Sunny|Blaziken, F|100/100
|-status|p1a: Glitter Sunny|tox
|-damage|p1a: Glitter Sunny|88/100 tox|[from] Stealth Rock
|turn|14
|
|t:|1769447150
|move|p1a: Glitter Sunny|Protect|p1a: Glitter Sunny
|-singleturn|p1a: Glitter Sunny|Protect
|move|p2a: Raging Bolt|Thunderclap||[still]
|-fail|p2a: Raging Bolt
|
|-damage|p1a: Glitter Sunny|82/100 tox|[from] psn
|-ability|p1a: Glitter Sunny|Speed Boost|boost
|-boost|p1a: Glitter Sunny|spe|1
|upkeep
|turn|15
|
|t:|1769447160
|-terastallize|p1a: Glitter Sunny|Dragon
|move|p1a: Glitter Sunny|Close Combat|p2a: Raging Bolt
|-damage|p2a: Raging Bolt|0 fnt
|-unboost|p1a: Glitter Sunny|def|1
|-unboost|p1a: Glitter Sunny|spd|1
|faint|p2a: Raging Bolt
|-end|p2a: Raging Bolt|Protosynthesis|[silent]
|-damage|p1a: Glitter Sunny|72/100 tox|[from] item: Life Orb
|
|-damage|p1a: Glitter Sunny|60/100 tox|[from] psn
|-ability|p1a: Glitter Sunny|Speed Boost|boost
|-boost|p1a: Glitter Sunny|spe|1
|upkeep
|
|t:|1769447169
|switch|p2a: Grimmsnarl|Grimmsnarl, M, shiny|35/100
|turn|16
|
|t:|1769447173
|move|p2a: Grimmsnarl|Reflect|p2a: Grimmsnarl
|-sidestart|p2: Ru1ned|Reflect
|move|p1a: Glitter Sunny|Flare Blitz|p2a: Grimmsnarl
|-damage|p2a: Grimmsnarl|0 fnt
|faint|p2a: Grimmsnarl
|-damage|p1a: Glitter Sunny|47/100 tox|[from] Recoil
|-damage|p1a: Glitter Sunny|37/100 tox|[from] item: Life Orb
|
|-damage|p1a: Glitter Sunny|19/100 tox|[from] psn
|-ability|p1a: Glitter Sunny|Speed Boost|boost
|-boost|p1a: Glitter Sunny|spe|1
|upkeep
|
|t:|1769447190
|switch|p2a: Dragapult|Dragapult, M|100/100
|turn|17
|
|t:|1769447197
|move|p1a: Glitter Sunny|Flare Blitz|p2a: Dragapult
|-resisted|p2a: Dragapult
|-damage|p2a: Dragapult|76/100
|-damage|p1a: Glitter Sunny|10/100 tox|[from] Recoil
|-damage|p1a: Glitter Sunny|0 fnt|[from] item: Life Orb
|faint|p1a: Glitter Sunny
|move|p2a: Dragapult|Dragon Darts|p1: Glitter Sunny|[notarget]
|-fail|p2a: Dragapult
|
|-heal|p2a: Dragapult|82/100|[from] item: Leftovers
|upkeep
|
|t:|1769447200
|switch|p1a: Candy|Minccino, M, shiny|100/100
|-status|p1a: Candy|tox
|-damage|p1a: Candy|88/100 tox|[from] Stealth Rock
|turn|18
|
|t:|1769447206
|move|p2a: Dragapult|Dragon Darts|p1a: Candy
|-damage|p1a: Candy|25/100 tox
|-anim|p2a: Dragapult|Dragon Darts|p1a: Candy
|-damage|p1a: Candy|0 fnt
|faint|p1a: Candy
|
|win|Ru1ned
|raw|BlazikenNuggies's rating: 1127 &rarr; <strong>1098</strong><br />(-29 for losing)
|raw|Ru1ned's rating: 1077 &rarr; <strong>1110</strong><br />(+33 for winning)
|l|☆BlazikenNuggies
|player|p1|
|l|☆Ru1ned
|player|p2|
