|j|☆IronEyeJoe
|j|☆MangLe12138
|t:|1769328761
|gametype|singles
|player|p1|IronEyeJoe|wallace|1305
|player|p2|MangLe12138|pokefan|1338
|gen|9
|tier|[Gen 9] OU
|rated|
|rule|HP Percentage Mod: HP is shown in percentages
|rule|Endless Battle Clause: Forcing endless battles is banned
|rule|Species Clause: Limit one of each Pokémon
|rule|OHKO Clause: OHKO moves are banned
|rule|Evasion Items Clause: Evasion items are banned
|rule|Evasion Moves Clause: Evasion moves are banned
|rule|Evasion Abilities Clause: Evasion abilities are banned
|rule|Sleep Moves Clause: Sleep-inducing moves are banned
|clearpoke
|poke|p1|Charizard, M|
|poke|p1|Snorlax, F|
|poke|p1|Blastoise, F|
|poke|p1|Venusaur, F|
|poke|p1|Pikachu, M|
|poke|p1|Espeon, F|
|poke|p2|Pelipper, M|
|poke|p2|Iron Treads|
|poke|p2|Dragapult, M|
|poke|p2|Keldeo-Resolute|
|poke|p2|Raging Bolt|
|poke|p2|Lokix, F|
|teampreview
|inactive|Battle timer is ON: inactive players will automatically lose when time's up. (requested by MangLe12138)
|
|t:|1769328775
|teamsize|p1|6
|teamsize|p2|6
|start
|switch|p1a: Espeon|Espeon, F|100/100
|switch|p2a: Iron Treads|Iron Treads|100/100
|turn|1
|l|☆MangLe12138
|inactive|MangLe12138 disconnected and has a minute to reconnect!
|player|p2|
|j|☆MangLe12138
|inactive|MangLe12138 reconnected and has 130 seconds left.
|player|p2|MangLe12138|pokefan|
|
|t:|1769328800
|switch|p1a: Blastoise|Blastoise, F|100/100
|move|p2a: Iron Treads|Knock Off|p1a: Blastoise
|-damage|p1a: Blastoise|72/100
|-enditem|p1a: Blastoise|Heavy-Duty Boots|[from] move: Knock Off|[of] p2a: Iron Treads
|
|upkeep
|turn|2
|
|t:|1769328814
|-end|p2a: Iron Treads|Quark Drive|[silent]
|switch|p2a: Pelipper|Pelipper, M|100/100
|-weather|RainDance|[from] ability: Drizzle|[of] p2a: Pelipper
|move|p1a: Blastoise|Shell Smash|p1a: Blastoise
|-unboost|p1a: Blastoise|def|1
|-unboost|p1a: Blastoise|spd|1
|-boost|p1a: Blastoise|atk|2
|-boost|p1a: Blastoise|spa|2
|-boost|p1a: Blastoise|spe|2
|
|-weather|RainDance|[upkeep]
|upkeep
|turn|3
|
|t:|1769328821
|move|p1a: Blastoise|Surf|p2a: Pelipper
|-resisted|p2a: Pelipper
|-damage|p2a: Pelipper|23/100
|move|p2a: Pelipper|Hurricane|p1a: Blastoise
|-damage|p1a: Blastoise|11/100
|-start|p1a: Blastoise|confusion
|
|-weather|RainDance|[upkeep]
|upkeep
|turn|4
|
|t:|1769328831
|-activate|p1a: Blastoise|confusion
|-damage|p1a: Blastoise|0 fnt|[from] confusion
|faint|p1a: Blastoise
|move|p2a: Pelipper|Hurricane|p1: Blastoise|[notarget]
|-fail|p2a: Pelipper
|
|-weather|RainDance|[upkeep]
|upkeep
|
|t:|1769328851
|switch|p1a: Snorlax|Snorlax, F|100/100
|turn|5
|
|t:|1769328869
|move|p2a: Pelipper|U-turn|p1a: Snorlax
|-damage|p1a: Snorlax|92/100
|
|t:|1769328873
|switch|p2a: Keldeo|Keldeo-Resolute|100/100|[from] U-turn
|move|p1a: Snorlax|Curse|p1a: Snorlax
|-unboost|p1a: Snorlax|spe|1
|-boost|p1a: Snorlax|atk|1
|-boost|p1a: Snorlax|def|1
|
|-weather|RainDance|[upkeep]
|upkeep
|turn|6
|
|t:|1769328888
|-terastallize|p1a: Snorlax|Ghost
|move|p2a: Keldeo|Surf|p1a: Snorlax
|-damage|p1a: Snorlax|49/100
|move|p1a: Snorlax|Body Slam|p2a: Keldeo
|-damage|p2a: Keldeo|44/100
|-status|p2a: Keldeo|par
|
|-weather|RainDance|[upkeep]
|upkeep
|turn|7
|
|t:|1769328901
|move|p2a: Keldeo|Surf|p1a: Snorlax
|-damage|p1a: Snorlax|4/100
|move|p1a: Snorlax|Rest|p1a: Snorlax
|-status|p1a: Snorlax|slp|[from] move: Rest
|-heal|p1a: Snorlax|100/100 slp|[silent]
|-enditem|p1a: Snorlax|Chesto Berry|[eat]
|-curestatus|p1a: Snorlax|slp|[msg]
|
|-weather|RainDance|[upkeep]
|upkeep
|turn|8
|
|t:|1769328911
|move|p2a: Keldeo|Surf|p1a: Snorlax
|-damage|p1a: Snorlax|56/100
|move|p1a: Snorlax|Body Slam|p2a: Keldeo
|-damage|p2a: Keldeo|0 fnt
|faint|p2a: Keldeo
|
|-weather|RainDance|[upkeep]
|upkeep
|
|t:|1769328923
|switch|p2a: Raging Bolt|Raging Bolt|100/100
|-enditem|p2a: Raging Bolt|Booster Energy
|-activate|p2a: Raging Bolt|ability: Protosynthesis|[fromitem]
|-start|p2a: Raging Bolt|protosynthesisspa
|turn|9
|
|t:|1769328932
|move|p2a: Raging Bolt|Thunder|p1a: Snorlax
|-damage|p1a: Snorlax|20/100
|-status|p1a: Snorlax|par
|move|p1a: Snorlax|Body Slam|p2a: Raging Bolt
|-damage|p2a: Raging Bolt|55/100
|
|-weather|none
|upkeep
|turn|10
|
|t:|1769328941
|move|p2a: Raging Bolt|Dragon Pulse|p1a: Snorlax
|-damage|p1a: Snorlax|0 fnt
|faint|p1a: Snorlax
|
|upkeep
|
|t:|1769328945
|switch|p1a: Venusaur|Venusaur, F|100/100
|turn|11
|
|t:|1769328956
|move|p2a: Raging Bolt|Dragon Pulse|p1a: Venusaur
|-damage|p1a: Venusaur|53/100
|move|p1a: Venusaur|Leech Seed|p2a: Raging Bolt
|-start|p2a: Raging Bolt|move: Leech Seed
|
|-heal|p1a: Venusaur|59/100|[from] item: Leftovers
|-damage|p2a: Raging Bolt|43/100|[from] Leech Seed|[of] p1a: Venusaur
|-heal|p1a: Venusaur|73/100|[silent]
|upkeep
|turn|12
|
|t:|1769328964
|-end|p2a: Raging Bolt|Protosynthesis|[silent]
|switch|p2a: Pelipper|Pelipper, M|23/100
|-weather|RainDance|[from] ability: Drizzle|[of] p2a: Pelipper
|move|p1a: Venusaur|Substitute|p1a: Venusaur
|-start|p1a: Venusaur|Substitute
|-damage|p1a: Venusaur|48/100
|
|-weather|RainDance|[upkeep]
|-heal|p1a: Venusaur|54/100|[from] item: Leftovers
|upkeep
|turn|13
|
|t:|1769328976
|move|p1a: Venusaur|Sludge Bomb|p2a: Pelipper
|-damage|p2a: Pelipper|0 fnt
|faint|p2a: Pelipper
|
|-weather|RainDance|[upkeep]
|-heal|p1a: Venusaur|60/100|[from] item: Leftovers
|upkeep
|
|t:|1769328992
|switch|p2a: Dragapult|Dragapult, M|100/100
|turn|14
|
|t:|1769328998
|move|p1a: Venusaur|Protect|p1a: Venusaur
|-singleturn|p1a: Venusaur|Protect
|move|p2a: Dragapult|Dragon Darts|p1a: Venusaur
|-activate|p1a: Venusaur|move: Protect
|
|-weather|RainDance|[upkeep]
|-heal|p1a: Venusaur|66/100|[from] item: Leftovers
|upkeep
|turn|15
|
|t:|1769329003
|move|p2a: Dragapult|Dragon Darts|p1a: Venusaur
|-damage|p1a: Venusaur|34/100
|-anim|p2a: Dragapult|Dragon Darts|p1a: Venusaur
|-damage|p1a: Venusaur|5/100
|move|p1a: Venusaur|Leech Seed|p2a: Dragapult
|-start|p2a: Dragapult|move: Leech Seed
|
|-weather|RainDance|[upkeep]
|-heal|p1a: Venusaur|11/100|[from] item: Leftovers
|-damage|p2a: Dragapult|88/100|[from] Leech Seed|[of] p1a: Venusaur
|-heal|p1a: Venusaur|22/100|[silent]
|upkeep
|turn|16
|
|t:|1769329012
|switch|p2a: Iron Treads|Iron Treads|100/100
|move|p1a: Venusaur|Protect||[still]
|-fail|p1a: Venusaur
|
|-weather|RainDance|[upkeep]
|-heal|p1a: Venusaur|28/100|[from] item: Leftovers
|upkeep
|turn|17
|
|t:|1769329022
|move|p2a: Iron Treads|Stealth Rock|p1a: Venusaur
|-sidestart|p1: IronEyeJoe|move: Stealth Rock
|move|p1a: Venusaur|Leech Seed|p2a: Iron Treads
|-start|p2a: Iron Treads|move: Leech Seed
|
|-weather|RainDance|[upkeep]
|-heal|p1a: Venusaur|34/100|[from] item: Leftovers
|-damage|p2a: Iron Treads|88/100|[from] Leech Seed|[of] p1a: Venusaur
|-heal|p1a: Venusaur|47/100|[silent]
|upkeep
|turn|18
|
|t:|1769329031
|-end|p2a: Iron Treads|Quark Drive|[silent]
|switch|p2a: Dragapult|Dragapult, M|88/100
|move|p1a: Venusaur|Leech Seed|p2a: Dragapult
|-start|p2a: Dragapult|move: Leech Seed
|
|-weather|RainDance|[upkeep]
|-heal|p1a: Venusaur|53/100|[from] item: Leftovers
|-damage|p2a: Dragapult|76/100|[from] Leech Seed|[of] p1a: Venusaur
|-heal|p1a: Venusaur|64/100|[silent]
|upkeep
|turn|19
|
|t:|1769329038
|move|p1a: Venusaur|Protect|p1a: Venusaur
|-singleturn|p1a: Venusaur|Protect
|move|p2a: Dragapult|Dragon Darts|p1a: Venusaur
|-activate|p1a: Venusaur|move: Protect
|
|-weather|none
|-heal|p1a: Venusaur|70/100|[from] item: Leftovers
|-damage|p2a: Dragapult|64/100|[from] Leech Seed|[of] p1a: Venusaur
|-heal|p1a: Venusaur|81/100|[silent]
|upkeep
|turn|20
|
|t:|1769329044
|move|p2a: Dragapult|Dragon Darts|p1a: Venusaur
|-damage|p1a: Venusaur|53/100
|-anim|p2a: Dragapult|Dragon Darts|p1a: Venusaur
|-damage|p1a: Venusaur|25/100
|move|p1a: Venusaur|Sludge Bomb|p2a: Dragapult
|-resisted|p2a: Dragapult
|-damage|p2a: Dragapult|41/100
|
|-heal|p1a: Venusaur|31/100|[from] item: Leftovers
|-damage|p2a: Dragapult|28/100|[from] Leech Seed|[of] p1a: Venusaur
|-heal|p1a: Venusaur|42/100|[silent]
|upkeep
|turn|21
|
|t:|1769329055
|switch|p2a: Lokix|Lokix, F|100/100
|move|p1a: Venusaur|Protect||[still]
|-fail|p1a: Venusaur
|
|-heal|p1a: Venusaur|48/100|[from] item: Leftovers
|upkeep
|turn|22
|
|t:|1769329060
|move|p2a: Lokix|First Impression|p1a: Venusaur
|-end|p1a: Venusaur|Substitute
|-damage|p2a: Lokix|91/100|[from] item: Life Orb
|move|p1a: Venusaur|Leech Seed|p2a: Lokix
|-start|p2a: Lokix|move: Leech Seed
|
|-heal|p1a: Venusaur|54/100|[from] item: Leftovers
|-damage|p2a: Lokix|78/100|[from] Leech Seed|[of] p1a: Venusaur
|-heal|p1a: Venusaur|64/100|[silent]
|upkeep
|turn|23
|
|t:|1769329068
|move|p1a: Venusaur|Protect|p1a: Venusaur
|-singleturn|p1a: Venusaur|Protect
|move|p2a: Lokix|Knock Off|p1a: Venusaur
|-activate|p1a: Venusaur|move: Protect
|
|-heal|p1a: Venusaur|70/100|[from] item: Leftovers
|-damage|p2a: Lokix|66/100|[from] Leech Seed|[of] p1a: Venusaur
|-heal|p1a: Venusaur|79/100|[silent]
|upkeep
|turn|24
|
|t:|1769329089
|move|p2a: Lokix|Knock Off|p1a: Venusaur
|-damage|p1a: Venusaur|22/100
|-enditem|p1a: Venusaur|Leftovers|[from] move: Knock Off|[of] p2a: Lokix
|-damage|p2a: Lokix|56/100|[from] item: Life Orb
|move|p1a: Venusaur|Sludge Bomb|p2a: Lokix
|-damage|p2a: Lokix|0 fnt
|faint|p2a: Lokix
|
|upkeep
|
|t:|1769329093
|switch|p2a: Dragapult|Dragapult, M|28/100
|turn|25
|
|t:|1769329103
|move|p2a: Dragapult|Dragon Darts|p1a: Venusaur
|-damage|p1a: Venusaur|0 fnt
|faint|p1a: Venusaur
|
|upkeep
|
|t:|1769329111
|switch|p1a: Charizard|Charizard, M|100/100
|turn|26
|
|t:|1769329126
|move|p2a: Dragapult|Dragon Darts|p1a: Charizard
|-damage|p1a: Charizard|62/100
|-anim|p2a: Dragapult|Dragon Darts|p1a: Charizard
|-damage|p1a: Charizard|23/100
|move|p1a: Charizard|Dragon Dance|p1a: Charizard
|-boost|p1a: Charizard|atk|1
|-boost|p1a: Charizard|spe|1
|
|upkeep
|turn|27
|
|t:|1769329135
|move|p2a: Dragapult|Endure|p2a: Dragapult
|-singleturn|p2a: Dragapult|move: Endure
|move|p1a: Charizard|Earthquake|p2a: Dragapult
|-activate|p2a: Dragapult|move: Endure
|-damage|p2a: Dragapult|1/100
|
|upkeep
|turn|28
|-enditem|p2a: Dragapult|Custap Berry|[eat]
|-activate|p2a: Dragapult|item: Custap Berry|[consumed]
|
|t:|1769329141
|move|p2a: Dragapult|Dragon Darts|p1a: Charizard
|-damage|p1a: Charizard|0 fnt
|faint|p1a: Charizard
|
|upkeep
|
|t:|1769329151
|switch|p1a: Espeon|Espeon, F|100/100
|-damage|p1a: Espeon|88/100|[from] Stealth Rock
|turn|29
|
|t:|1769329156
|-terastallize|p2a: Dragapult|Ghost
|move|p2a: Dragapult|Tera Blast|p1a: Espeon|[anim] Tera Blast Ghost
|-supereffective|p1a: Espeon
|-damage|p1a: Espeon|0 fnt
|faint|p1a: Espeon
|
|upkeep
|-message|IronEyeJoe forfeited.
|
|win|MangLe12138
|raw|IronEyeJoe's rating: 1305 &rarr; <strong>1287</strong><br />(-18 for losing)
|raw|MangLe12138's rating: 1338 &rarr; <strong>1356</strong><br />(+18 for winning)
|l|☆IronEyeJoe
|player|p1|
|l|☆MangLe12138
|player|p2|
