|j|☆CambridgeFoulPlay
|j|☆Chigusa_24zono
|t:|1769334554
|gametype|singles
|player|p1|CambridgeFoulPlay|266|1729
|player|p2|Chigusa_24zono|lass|1670
|gen|9
|tier|[Gen 9] OU
|rated|
|rule|HP Percentage Mod: HP is shown in percentages
|rule|Endless Battle Clause: Forcing endless battles is banned
|rule|Species Clause: Limit one of each Pokémon
|rule|OHKO Clause: OHKO moves are banned
|rule|Evasion Items Clause: Evasion items are banned
|rule|Evasion Moves Clause: Evasion moves are banned
|rule|Evasion Abilities Clause: Evasion abilities are banned
|rule|Sleep Moves Clause: Sleep-inducing moves are banned
|clearpoke
|poke|p1|Hydrapple, M|
|poke|p1|Tyranitar, F|
|poke|p1|Moltres|
|poke|p1|Zamazenta-*|
|poke|p1|Slowking-Galar, F|
|poke|p1|Excadrill, F|
|poke|p2|Iron Jugulis|
|poke|p2|Sandy Shocks|
|poke|p2|Manaphy|
|poke|p2|Latios, M|
|poke|p2|Scizor, F|
|poke|p2|Ogerpon, F|
|teampreview
|inactive|Battle timer is ON: inactive players will automatically lose when time's up. (requested by Chigusa_24zono)
|c|☆CambridgeFoulPlay|hf
|inactive|CambridgeFoulPlay also wants the timer to be on.
|
|t:|1769334562
|teamsize|p1|6
|teamsize|p2|6
|start
|switch|p1a: Zamazenta|Zamazenta|100/100
|switch|p2a: Sandy Shocks|Sandy Shocks, shiny|100/100
|-ability|p1a: Zamazenta|Dauntless Shield|boost
|-boost|p1a: Zamazenta|def|1
|-enditem|p2a: Sandy Shocks|Booster Energy
|-activate|p2a: Sandy Shocks|ability: Protosynthesis|[fromitem]
|-start|p2a: Sandy Shocks|protosynthesisspe
|turn|1
|
|t:|1769334568
|move|p2a: Sandy Shocks|Stealth Rock|p1a: Zamazenta
|-sidestart|p1: CambridgeFoulPlay|move: Stealth Rock
|move|p1a: Zamazenta|Body Press|p2a: Sandy Shocks
|-damage|p2a: Sandy Shocks|34/100
|
|upkeep
|turn|2
|
|t:|1769334573
|move|p2a: Sandy Shocks|Spikes|p1a: Zamazenta
|-sidestart|p1: CambridgeFoulPlay|Spikes
|move|p1a: Zamazenta|Body Press|p2a: Sandy Shocks
|-damage|p2a: Sandy Shocks|0 fnt
|faint|p2a: Sandy Shocks
|-end|p2a: Sandy Shocks|Protosynthesis|[silent]
|
|upkeep
|
|t:|1769334578
|switch|p2a: Latios|Latios, M, shiny|100/100
|turn|3
|
|t:|1769334580
|switch|p1a: Tyranitar|Tyranitar, F|100/100
|-damage|p1a: Tyranitar|88/100|[from] Stealth Rock
|-damage|p1a: Tyranitar|76/100|[from] Spikes
|-weather|Sandstorm|[from] ability: Sand Stream|[of] p1a: Tyranitar
|move|p2a: Latios|Agility|p2a: Latios
|-boost|p2a: Latios|spe|2
|
|-weather|Sandstorm|[upkeep]
|-damage|p2a: Latios|94/100|[from] Sandstorm
|upkeep
|turn|4
|
|t:|1769334586
|-terastallize|p2a: Latios|Fighting
|move|p2a: Latios|Calm Mind|p2a: Latios
|-boost|p2a: Latios|spa|1
|-boost|p2a: Latios|spd|1
|move|p1a: Tyranitar|Knock Off|p2a: Latios
|-resisted|p2a: Latios
|-damage|p2a: Latios|74/100
|-enditem|p2a: Latios|Weakness Policy|[from] move: Knock Off|[of] p1a: Tyranitar
|
|-weather|Sandstorm|[upkeep]
|-damage|p2a: Latios|68/100|[from] Sandstorm
|upkeep
|turn|5
|
|t:|1769334590
|switch|p1a: Excadrill|Excadrill, F|100/100
|-damage|p1a: Excadrill|97/100|[from] Stealth Rock
|-item|p1a: Excadrill|Air Balloon
|move|p2a: Latios|Aura Sphere|p1a: Excadrill
|-supereffective|p1a: Excadrill
|-damage|p1a: Excadrill|0 fnt
|-enditem|p1a: Excadrill|Air Balloon
|faint|p1a: Excadrill
|
|-weather|Sandstorm|[upkeep]
|-damage|p2a: Latios|62/100|[from] Sandstorm
|upkeep
|
|t:|1769334591
|switch|p1a: Slowking|Slowking-Galar, F|100/100
|-damage|p1a: Slowking|88/100|[from] Stealth Rock
|-damage|p1a: Slowking|76/100|[from] Spikes
|turn|6
|
|t:|1769334595
|move|p2a: Latios|Stored Power|p1a: Slowking
|-damage|p1a: Slowking|39/100
|move|p1a: Slowking|Sludge Bomb|p2a: Latios
|-damage|p2a: Latios|41/100
|
|-weather|Sandstorm|[upkeep]
|-damage|p2a: Latios|35/100|[from] Sandstorm
|-damage|p1a: Slowking|33/100|[from] Sandstorm
|upkeep
|turn|7
|
|t:|1769334598
|switch|p1a: Tyranitar|Tyranitar, F|76/100
|-damage|p1a: Tyranitar|63/100|[from] Stealth Rock
|-damage|p1a: Tyranitar|51/100|[from] Spikes
|move|p2a: Latios|Stored Power|p1a: Tyranitar
|-immune|p1a: Tyranitar
|
|-weather|Sandstorm|[upkeep]
|-damage|p2a: Latios|29/100|[from] Sandstorm
|upkeep
|turn|8
|
|t:|1769334601
|move|p2a: Latios|Aura Sphere|p1a: Tyranitar
|-supereffective|p1a: Tyranitar
|-damage|p1a: Tyranitar|0 fnt
|faint|p1a: Tyranitar
|
|-weather|Sandstorm|[upkeep]
|-damage|p2a: Latios|22/100|[from] Sandstorm
|upkeep
|
|t:|1769334602
|switch|p1a: Slowking|Slowking-Galar, F|67/100
|-damage|p1a: Slowking|54/100|[from] Stealth Rock
|-damage|p1a: Slowking|42/100|[from] Spikes
|turn|9
|
|t:|1769334604
|move|p2a: Latios|Stored Power|p1a: Slowking
|-damage|p1a: Slowking|6/100
|move|p1a: Slowking|Psyshock|p2a: Latios
|-supereffective|p2a: Latios
|-damage|p2a: Latios|0 fnt
|faint|p2a: Latios
|
|-weather|Sandstorm|[upkeep]
|-damage|p1a: Slowking|0 fnt|[from] Sandstorm
|faint|p1a: Slowking
|upkeep
|
|t:|1769334613
|switch|p2a: Iron Jugulis|Iron Jugulis, shiny|100/100
|switch|p1a: Zamazenta|Zamazenta|100/100
|-damage|p1a: Zamazenta|94/100|[from] Stealth Rock
|-damage|p1a: Zamazenta|82/100|[from] Spikes
|-enditem|p2a: Iron Jugulis|Booster Energy
|-activate|p2a: Iron Jugulis|ability: Quark Drive|[fromitem]
|-start|p2a: Iron Jugulis|quarkdrivespe
|turn|10
|
|t:|1769334615
|-terastallize|p1a: Zamazenta|Fire
|move|p2a: Iron Jugulis|Hurricane|p1a: Zamazenta
|-damage|p1a: Zamazenta|33/100
|-start|p1a: Zamazenta|confusion
|-activate|p1a: Zamazenta|confusion
|move|p1a: Zamazenta|Body Press|p2a: Iron Jugulis
|-damage|p2a: Iron Jugulis|59/100
|
|-weather|none
|-heal|p1a: Zamazenta|39/100|[from] item: Leftovers
|upkeep
|turn|11
|
|t:|1769334621
|move|p2a: Iron Jugulis|Earth Power|p1a: Zamazenta
|-supereffective|p1a: Zamazenta
|-damage|p1a: Zamazenta|0 fnt
|faint|p1a: Zamazenta
|
|upkeep
|
|t:|1769334623
|switch|p1a: Moltres|Moltres|100/100
|turn|12
|
|t:|1769334629
|move|p2a: Iron Jugulis|Taunt|p1a: Moltres
|-start|p1a: Moltres|move: Taunt
|move|p1a: Moltres|Flamethrower|p2a: Iron Jugulis
|-damage|p2a: Iron Jugulis|15/100
|
|upkeep
|turn|13
|
|t:|1769334632
|move|p2a: Iron Jugulis|Dark Pulse|p1a: Moltres
|-damage|p1a: Moltres|61/100
|move|p1a: Moltres|U-turn|p2a: Iron Jugulis
|-damage|p2a: Iron Jugulis|0 fnt
|faint|p2a: Iron Jugulis
|-end|p2a: Iron Jugulis|Quark Drive|[silent]
|
|t:|1769334634
|switch|p1a: Hydrapple|Hydrapple, M|100/100|[from] U-turn
|
|upkeep
|j| MakX70
|
|t:|1769334645
|switch|p2a: Scizor|Scizor, F, shiny|100/100
|turn|14
|
|t:|1769334648
|switch|p1a: Moltres|Moltres|61/100
|move|p2a: Scizor|Swords Dance|p2a: Scizor
|-boost|p2a: Scizor|atk|2
|
|upkeep
|turn|15
|
|t:|1769334654
|switch|p2a: Manaphy|Manaphy, shiny|100/100
|move|p1a: Moltres|Roost|p1a: Moltres
|-heal|p1a: Moltres|100/100
|-singleturn|p1a: Moltres|move: Roost
|
|upkeep
|turn|16
|
|t:|1769334656
|move|p2a: Manaphy|Tail Glow|p2a: Manaphy
|-boost|p2a: Manaphy|spa|3
|move|p1a: Moltres|Roar|p2a: Manaphy
|drag|p2a: Ogerpon|Ogerpon, F|100/100
|
|upkeep
|turn|17
|
|t:|1769334659
|move|p2a: Ogerpon|Rock Tomb|p1a: Moltres
|-supereffective|p1a: Moltres
|-damage|p1a: Moltres|23/100
|-unboost|p1a: Moltres|spe|1
|-damage|p2a: Ogerpon|91/100|[from] item: Life Orb
|move|p1a: Moltres|Roar|p2a: Ogerpon
|drag|p2a: Manaphy|Manaphy, shiny|100/100
|
|upkeep
|turn|18
|
|t:|1769334662
|switch|p1a: Hydrapple|Hydrapple, M|100/100
|move|p2a: Manaphy|Tail Glow|p2a: Manaphy
|-boost|p2a: Manaphy|spa|3
|
|upkeep
|turn|19
|l| MakX70
|
|t:|1769334664
|move|p2a: Manaphy|Ice Beam|p1a: Hydrapple
|-supereffective|p1a: Hydrapple
|-damage|p1a: Hydrapple|0 fnt
|faint|p1a: Hydrapple
|
|upkeep
|
|t:|1769334666
|switch|p1a: Moltres|Moltres|23/100
|turn|20
|
|t:|1769334668
|move|p2a: Manaphy|Surf|p1a: Moltres
|-supereffective|p1a: Moltres
|-damage|p1a: Moltres|0 fnt
|faint|p1a: Moltres
|
|win|Chigusa_24zono
|raw|CambridgeFoulPlay's rating: 1729 &rarr; <strong>1706</strong><br />(-23 for losing)
|raw|Chigusa_24zono's rating: 1670 &rarr; <strong>1693</strong><br />(+23 for winning)
|c|☆CambridgeFoulPlay|gg
|l|☆CambridgeFoulPlay
|player|p1|
|c|☆Chigusa_24zono|gg
|l|☆Chigusa_24zono
|player|p2|
