|j|☆mrlordmouse
|j|☆Purpleaxolotl48
|t:|1769378822
|gametype|singles
|player|p1|mrlordmouse|266|1365
|player|p2|Purpleaxolotl48|workerice|1355
|gen|9
|tier|[Gen 9] OU
|rated|
|rule|HP Percentage Mod: HP is shown in percentages
|rule|Endless Battle Clause: Forcing endless battles is banned
|rule|Species Clause: Limit one of each Pokémon
|rule|OHKO Clause: OHKO moves are banned
|rule|Evasion Items Clause: Evasion items are banned
|rule|Evasion Moves Clause: Evasion moves are banned
|rule|Evasion Abilities Clause: Evasion abilities are banned
|rule|Sleep Moves Clause: Sleep-inducing moves are banned
|clearpoke
|poke|p1|Hoopa-Unbound|
|poke|p1|Moltres|
|poke|p1|Dragapult, M|
|poke|p1|Primarina, M|
|poke|p1|Cinderace, F|
|poke|p1|Gliscor, M|
|poke|p2|Komala, M|
|poke|p2|Swampert, M|
|poke|p2|Whimsicott, F|
|poke|p2|Frosmoth, F|
|poke|p2|Garganacl, F|
|poke|p2|Skeledirge, M|
|teampreview
|inactive|Battle timer is ON: inactive players will automatically lose when time's up. (requested by Purpleaxolotl48)
|
|t:|1769378846
|teamsize|p1|6
|teamsize|p2|6
|start
|switch|p1a: Cinderace|Cinderace, F|100/100
|switch|p2a: Tumble|Whimsicott, F|100/100
|turn|1
|
|t:|1769378849
|move|p2a: Tumble|Substitute|p2a: Tumble
|-start|p2a: Tumble|Substitute
|-damage|p2a: Tumble|76/100
|move|p1a: Cinderace|Pyro Ball|p2a: Tumble
|-supereffective|p2a: Tumble
|-end|p2a: Tumble|Substitute
|
|-heal|p2a: Tumble|82/100|[from] item: Leftovers
|upkeep
|turn|2
|
|t:|1769378855
|switch|p2a: Skeledirge|Skeledirge, M|100/100
|move|p1a: Cinderace|Pyro Ball|p2a: Skeledirge
|-resisted|p2a: Skeledirge
|-damage|p2a: Skeledirge|84/100
|
|upkeep
|turn|3
|
|t:|1769378858
|move|p1a: Cinderace|U-turn|p2a: Skeledirge
|-start|p1a: Cinderace|typechange|Bug|[from] ability: Libero
|-resisted|p2a: Skeledirge
|-damage|p2a: Skeledirge|79/100
|
|t:|1769378860
|switch|p1a: Gliscor|Gliscor, M|100/100|[from] U-turn
|move|p2a: Skeledirge|Torch Song|p1a: Gliscor
|-damage|p1a: Gliscor|75/100
|-boost|p2a: Skeledirge|spa|1
|
|-status|p1a: Gliscor|tox|[from] item: Toxic Orb
|upkeep
|turn|4
|
|t:|1769378864
|move|p1a: Gliscor|Knock Off|p2a: Skeledirge
|-supereffective|p2a: Skeledirge
|-damage|p2a: Skeledirge|51/100
|-enditem|p2a: Skeledirge|Heavy-Duty Boots|[from] move: Knock Off|[of] p1a: Gliscor
|move|p2a: Skeledirge|Hex|p1a: Gliscor
|-damage|p1a: Gliscor|16/100 tox
|
|-heal|p1a: Gliscor|28/100 tox|[from] ability: Poison Heal
|upkeep
|turn|5
|
|t:|1769378872
|move|p1a: Gliscor|Protect|p1a: Gliscor
|-singleturn|p1a: Gliscor|Protect
|move|p2a: Skeledirge|Slack Off|p2a: Skeledirge
|-heal|p2a: Skeledirge|100/100
|
|-heal|p1a: Gliscor|41/100 tox|[from] ability: Poison Heal
|upkeep
|turn|6
|
|t:|1769378879
|switch|p1a: Hoopa|Hoopa-Unbound|100/100
|move|p2a: Skeledirge|Hex|p1a: Hoopa
|-crit|p1a: Hoopa
|-damage|p1a: Hoopa|54/100
|
|upkeep
|turn|7
|
|t:|1769378884
|switch|p2a: Tumble|Whimsicott, F|82/100
|move|p1a: Hoopa|Hyperspace Fury|p2a: Tumble
|-resisted|p2a: Tumble
|-damage|p2a: Tumble|38/100
|-unboost|p1a: Hoopa|def|1
|
|-heal|p2a: Tumble|44/100|[from] item: Leftovers
|upkeep
|turn|8
|
|t:|1769378887
|switch|p1a: Gliscor|Gliscor, M|41/100 tox
|move|p2a: Tumble|Moonblast|p1a: Gliscor
|-damage|p1a: Gliscor|18/100 tox
|
|-heal|p2a: Tumble|51/100|[from] item: Leftovers
|-heal|p1a: Gliscor|30/100 tox|[from] ability: Poison Heal
|upkeep
|turn|9
|
|t:|1769378892
|move|p2a: Tumble|Substitute|p2a: Tumble
|-start|p2a: Tumble|Substitute
|-damage|p2a: Tumble|26/100
|move|p1a: Gliscor|Stealth Rock|p2a: Tumble
|-sidestart|p2: Purpleaxolotl48|move: Stealth Rock
|
|-heal|p2a: Tumble|32/100|[from] item: Leftovers
|-heal|p1a: Gliscor|43/100 tox|[from] ability: Poison Heal
|upkeep
|turn|10
|
|t:|1769378896
|move|p1a: Gliscor|Protect|p1a: Gliscor
|-singleturn|p1a: Gliscor|Protect
|move|p2a: Tumble|Leech Seed|p1a: Gliscor
|-activate|p1a: Gliscor|move: Protect
|
|-heal|p2a: Tumble|38/100|[from] item: Leftovers
|-heal|p1a: Gliscor|55/100 tox|[from] ability: Poison Heal
|upkeep
|turn|11
|
|t:|1769378904
|switch|p1a: Moltres|Moltres|100/100
|move|p2a: Tumble|Leech Seed|p1a: Moltres
|-start|p1a: Moltres|move: Leech Seed
|
|-heal|p2a: Tumble|44/100|[from] item: Leftovers
|-damage|p1a: Moltres|88/100|[from] Leech Seed|[of] p2a: Tumble
|-heal|p2a: Tumble|59/100|[silent]
|upkeep
|turn|12
|
|t:|1769378907
|move|p2a: Tumble|Moonblast|p1a: Moltres
|-resisted|p1a: Moltres
|-damage|p1a: Moltres|75/100
|move|p1a: Moltres|Roar|p2a: Tumble
|drag|p2a: Garganacl|Garganacl, F|100/100
|-damage|p2a: Garganacl|88/100|[from] Stealth Rock
|
|-damage|p1a: Moltres|62/100|[from] Leech Seed|[of] p2a: Garganacl
|-heal|p2a: Garganacl|99/100|[silent]
|upkeep
|turn|13
|
|t:|1769378912
|move|p1a: Moltres|U-turn|p2a: Garganacl
|-damage|p2a: Garganacl|90/100
|-damage|p1a: Moltres|46/100|[from] item: Rocky Helmet|[of] p2a: Garganacl
|
|t:|1769378915
|switch|p1a: Gliscor|Gliscor, M|55/100 tox|[from] U-turn
|move|p2a: Garganacl|Salt Cure|p1a: Gliscor
|-damage|p1a: Gliscor|45/100 tox
|-start|p1a: Gliscor|Salt Cure
|
|-heal|p1a: Gliscor|58/100 tox|[from] ability: Poison Heal
|-damage|p1a: Gliscor|45/100 tox|[from] Salt Cure
|upkeep
|turn|14
|
|t:|1769378919
|move|p1a: Gliscor|Knock Off|p2a: Garganacl
|-damage|p2a: Garganacl|75/100
|-damage|p1a: Gliscor|29/100 tox|[from] item: Rocky Helmet|[of] p2a: Garganacl
|-enditem|p2a: Garganacl|Rocky Helmet|[from] move: Knock Off|[of] p1a: Gliscor
|move|p2a: Garganacl|Iron Defense|p2a: Garganacl
|-boost|p2a: Garganacl|def|2
|
|-heal|p1a: Gliscor|41/100 tox|[from] ability: Poison Heal
|-damage|p1a: Gliscor|29/100 tox|[from] Salt Cure
|upkeep
|turn|15
|
|t:|1769378932
|switch|p1a: Moltres|Moltres|46/100
|move|p2a: Garganacl|Iron Defense|p2a: Garganacl
|-boost|p2a: Garganacl|def|2
|
|upkeep
|turn|16
|
|t:|1769378935
|move|p2a: Garganacl|Salt Cure|p1a: Moltres
|-supereffective|p1a: Moltres
|-damage|p1a: Moltres|7/100
|-start|p1a: Moltres|Salt Cure
|move|p1a: Moltres|Roar|p2a: Garganacl
|drag|p2a: Frosmoth|Frosmoth, F|100/100
|
|-damage|p1a: Moltres|0 fnt|[from] Salt Cure
|faint|p1a: Moltres
|upkeep
|
|t:|1769378938
|switch|p1a: Cinderace|Cinderace, F|100/100
|turn|17
|
|t:|1769378943
|switch|p2a: Skeledirge|Skeledirge, M|100/100
|-damage|p2a: Skeledirge|76/100|[from] Stealth Rock
|move|p1a: Cinderace|Pyro Ball|p2a: Skeledirge
|-resisted|p2a: Skeledirge
|-damage|p2a: Skeledirge|59/100
|
|upkeep
|turn|18
|
|t:|1769378948
|move|p1a: Cinderace|Sucker Punch||[still]
|-fail|p1a: Cinderace
|move|p2a: Skeledirge|Slack Off|p2a: Skeledirge
|-heal|p2a: Skeledirge|100/100
|
|upkeep
|turn|19
|
|t:|1769378951
|move|p1a: Cinderace|Sucker Punch|p2a: Skeledirge
|-start|p1a: Cinderace|typechange|Dark|[from] ability: Libero
|-supereffective|p2a: Skeledirge
|-damage|p2a: Skeledirge|61/100
|move|p2a: Skeledirge|Torch Song|p1a: Cinderace
|-damage|p1a: Cinderace|55/100
|-boost|p2a: Skeledirge|spa|1
|
|upkeep
|turn|20
|
|t:|1769378955
|move|p1a: Cinderace|U-turn|p2a: Skeledirge
|-resisted|p2a: Skeledirge
|-damage|p2a: Skeledirge|58/100
|
|t:|1769378956
|switch|p1a: Primarina|Primarina, M|100/100|[from] U-turn
|move|p2a: Skeledirge|Slack Off|p2a: Skeledirge
|-heal|p2a: Skeledirge|100/100
|
|upkeep
|turn|21
|
|t:|1769378960
|switch|p2a: Komala|Komala, M|100/100
|-damage|p2a: Komala|88/100|[from] Stealth Rock
|-ability|p2a: Komala|Comatose
|move|p1a: Primarina|Surf|p2a: Komala
|-damage|p2a: Komala|47/100
|
|-heal|p2a: Komala|53/100|[from] item: Leftovers
|upkeep
|turn|22
|
|t:|1769378967
|move|p1a: Primarina|Moonblast|p2a: Komala
|-crit|p2a: Komala
|-damage|p2a: Komala|0 fnt
|faint|p2a: Komala
|
|upkeep
|
|t:|1769378970
|switch|p2a: Swampert|Swampert, M|100/100
|-damage|p2a: Swampert|94/100|[from] Stealth Rock
|turn|23
|
|t:|1769378975
|move|p1a: Primarina|Moonblast|p2a: Swampert
|-damage|p2a: Swampert|41/100
|move|p2a: Swampert|Stealth Rock|p1a: Primarina
|-sidestart|p1: mrlordmouse|move: Stealth Rock
|
|-heal|p2a: Swampert|48/100|[from] item: Leftovers
|upkeep
|turn|24
|
|t:|1769378978
|move|p1a: Primarina|Moonblast|p2a: Swampert
|-damage|p2a: Swampert|0 fnt
|faint|p2a: Swampert
|
|upkeep
|
|t:|1769378983
|switch|p2a: Frosmoth|Frosmoth, F|100/100
|turn|25
|
|t:|1769378986
|move|p2a: Frosmoth|Quiver Dance|p2a: Frosmoth
|-boost|p2a: Frosmoth|spa|1
|-boost|p2a: Frosmoth|spd|1
|-boost|p2a: Frosmoth|spe|1
|move|p1a: Primarina|Flip Turn|p2a: Frosmoth
|-damage|p2a: Frosmoth|73/100
|
|t:|1769378990
|switch|p1a: Dragapult|Dragapult, M|100/100|[from] Flip Turn
|-damage|p1a: Dragapult|88/100|[from] Stealth Rock
|
|upkeep
|turn|26
|
|t:|1769378995
|-terastallize|p2a: Frosmoth|Ground
|move|p1a: Dragapult|Flamethrower|p2a: Frosmoth
|-damage|p2a: Frosmoth|59/100
|move|p2a: Frosmoth|Ice Beam|p1a: Dragapult
|-supereffective|p1a: Dragapult
|-damage|p1a: Dragapult|0 fnt
|faint|p1a: Dragapult
|
|upkeep
|
|t:|1769379002
|switch|p1a: Hoopa|Hoopa-Unbound|54/100
|-damage|p1a: Hoopa|41/100|[from] Stealth Rock
|turn|27
|
|t:|1769379006
|move|p2a: Frosmoth|Bug Buzz|p1a: Hoopa
|-supereffective|p1a: Hoopa
|-damage|p1a: Hoopa|0 fnt
|faint|p1a: Hoopa
|
|upkeep
|
|t:|1769379010
|switch|p1a: Primarina|Primarina, M|100/100
|-damage|p1a: Primarina|88/100|[from] Stealth Rock
|turn|28
|
|t:|1769379021
|move|p2a: Frosmoth|Tera Blast|p1a: Primarina|[anim] Tera Blast Ground
|-damage|p1a: Primarina|50/100
|move|p1a: Primarina|Surf|p2a: Frosmoth
|-supereffective|p2a: Frosmoth
|-damage|p2a: Frosmoth|17/100
|
|upkeep
|turn|29
|
|t:|1769379028
|switch|p1a: Gliscor|Gliscor, M|29/100 tox
|-damage|p1a: Gliscor|16/100 tox|[from] Stealth Rock
|move|p2a: Frosmoth|Tera Blast|p1a: Gliscor|[anim] Tera Blast Ground
|-immune|p1a: Gliscor
|
|-heal|p1a: Gliscor|29/100 tox|[from] ability: Poison Heal
|upkeep
|turn|30
|
|t:|1769379032
|move|p1a: Gliscor|Protect|p1a: Gliscor
|-singleturn|p1a: Gliscor|Protect
|move|p2a: Frosmoth|Quiver Dance|p2a: Frosmoth
|-boost|p2a: Frosmoth|spa|1
|-boost|p2a: Frosmoth|spd|1
|-boost|p2a: Frosmoth|spe|1
|
|-heal|p1a: Gliscor|41/100 tox|[from] ability: Poison Heal
|upkeep
|turn|31
|
|t:|1769379044
|-terastallize|p1a: Gliscor|Water
|move|p2a: Frosmoth|Ice Beam|p1a: Gliscor
|-resisted|p1a: Gliscor
|-damage|p1a: Gliscor|0 fnt
|faint|p1a: Gliscor
|
|upkeep
|-message|mrlordmouse forfeited.
|
|win|Purpleaxolotl48
|raw|mrlordmouse's rating: 1365 &rarr; <strong>1344</strong><br />(-21 for losing)
|raw|Purpleaxolotl48's rating: 1355 &rarr; <strong>1376</strong><br />(+21 for winning)
|l|☆mrlordmouse
|player|p1|
|l|☆Purpleaxolotl48
|player|p2|
