|j|☆The baked bean
|j|☆enzofm15
|t:|1769386792
|gametype|singles
|player|p1|The baked bean|169|1462
|player|p2|enzofm15|2|1512
|gen|9
|tier|[Gen 9] OU
|rated|
|rule|HP Percentage Mod: HP is shown in percentages
|rule|Endless Battle Clause: Forcing endless battles is banned
|rule|Species Clause: Limit one of each Pokémon
|rule|OHKO Clause: OHKO moves are banned
|rule|Evasion Items Clause: Evasion items are banned
|rule|Evasion Moves Clause: Evasion moves are banned
|rule|Evasion Abilities Clause: Evasion abilities are banned
|rule|Sleep Moves Clause: Sleep-inducing moves are banned
|clearpoke
|poke|p1|Tornadus, M|
|poke|p1|Poliwrath, F|
|poke|p1|Ogerpon-Wellspring, F|
|poke|p1|Kingambit, M|
|poke|p1|Dragapult, M|
|poke|p1|Zapdos|
|poke|p2|Mamoswine, M|
|poke|p2|Empoleon, F|
|poke|p2|Zapdos|
|poke|p2|Ceruledge, M|
|poke|p2|Skarmory, M|
|poke|p2|Zamazenta-*|
|teampreview
|inactive|Battle timer is ON: inactive players will automatically lose when time's up. (requested by The baked bean)
|
|t:|1769386806
|teamsize|p1|6
|teamsize|p2|6
|start
|switch|p1a: Dragapult|Dragapult, M|100/100
|switch|p2a: Mamoswine|Mamoswine, M|100/100
|turn|1
|
|t:|1769386814
|switch|p2a: Empoleon|Empoleon, F|100/100
|move|p1a: Dragapult|Shadow Ball|p2a: Empoleon
|-damage|p2a: Empoleon|63/100
|-unboost|p2a: Empoleon|spd|1
|-ability|p2a: Empoleon|Competitive|boost
|-boost|p2a: Empoleon|spa|2
|
|-heal|p2a: Empoleon|70/100|[from] item: Leftovers
|upkeep
|turn|2
|
|t:|1769386826
|move|p1a: Dragapult|Shadow Ball|p2a: Empoleon
|-damage|p2a: Empoleon|15/100
|-unboost|p2a: Empoleon|spd|1
|-ability|p2a: Empoleon|Competitive|boost
|-boost|p2a: Empoleon|spa|2
|move|p2a: Empoleon|Ice Beam|p1a: Dragapult
|-supereffective|p1a: Dragapult
|-damage|p1a: Dragapult|0 fnt
|faint|p1a: Dragapult
|
|-heal|p2a: Empoleon|21/100|[from] item: Leftovers
|upkeep
|
|t:|1769386843
|switch|p1a: Ogerpon|Ogerpon-Wellspring, F|100/100
|turn|3
|
|t:|1769386848
|switch|p2a: Skarmory|Skarmory, M|100/100
|move|p1a: Ogerpon|Horn Leech|p2a: Skarmory
|-resisted|p2a: Skarmory
|-damage|p2a: Skarmory|94/100
|-damage|p1a: Ogerpon|84/100|[from] item: Rocky Helmet|[of] p2a: Skarmory
|
|upkeep
|turn|4
|
|t:|1769386857
|switch|p1a: Zapdos|Zapdos|100/100
|-ability|p1a: Zapdos|Pressure
|move|p2a: Skarmory|Spikes|p1a: Zapdos
|-sidestart|p1: The baked bean|Spikes
|
|upkeep
|turn|5
|
|t:|1769386865
|switch|p2a: Mamoswine|Mamoswine, M|100/100
|move|p1a: Zapdos|Hurricane|p2a: Mamoswine
|-crit|p2a: Mamoswine
|-damage|p2a: Mamoswine|0 fnt
|faint|p2a: Mamoswine
|
|upkeep
|
|t:|1769386882
|switch|p2a: Zapdos|Zapdos|100/100
|turn|6
|
|t:|1769386889
|move|p1a: Zapdos|Volt Switch|p2a: Zapdos
|-damage|p2a: Zapdos|66/100
|
|t:|1769386894
|switch|p1a: Ogerpon|Ogerpon-Wellspring, F|84/100|[from] Volt Switch
|-damage|p1a: Ogerpon|72/100|[from] Spikes
|move|p2a: Zapdos|Volt Switch|p1a: Ogerpon
|-damage|p1a: Ogerpon|41/100
|
|t:|1769386904
|switch|p2a: Skarmory|Skarmory, M|94/100|[from] Volt Switch
|
|upkeep
|turn|7
|
|t:|1769386909
|move|p1a: Ogerpon|Knock Off|p2a: Skarmory
|-damage|p2a: Skarmory|74/100
|-damage|p1a: Ogerpon|24/100|[from] item: Rocky Helmet|[of] p2a: Skarmory
|-enditem|p2a: Skarmory|Rocky Helmet|[from] move: Knock Off|[of] p1a: Ogerpon
|move|p2a: Skarmory|Brave Bird|p1a: Ogerpon
|-supereffective|p1a: Ogerpon
|-damage|p1a: Ogerpon|0 fnt
|faint|p1a: Ogerpon
|-damage|p2a: Skarmory|67/100|[from] Recoil
|
|upkeep
|
|t:|1769386920
|switch|p1a: Tornadus|Tornadus, M|100/100
|turn|8
|
|t:|1769386926
|switch|p2a: Zapdos|Zapdos|66/100
|move|p1a: Tornadus|Rain Dance|p1a: Tornadus
|-weather|RainDance
|
|-weather|RainDance|[upkeep]
|upkeep
|turn|9
|
|t:|1769386932
|move|p1a: Tornadus|Weather Ball|p2a: Zapdos
|-damage|p2a: Zapdos|20/100
|move|p2a: Zapdos|Roost|p2a: Zapdos
|-heal|p2a: Zapdos|70/100
|-singleturn|p2a: Zapdos|move: Roost
|
|-weather|RainDance|[upkeep]
|upkeep
|turn|10
|
|t:|1769386942
|move|p1a: Tornadus|Weather Ball|p2a: Zapdos
|-damage|p2a: Zapdos|22/100
|move|p2a: Zapdos|Volt Switch|p1a: Tornadus
|-supereffective|p1a: Tornadus
|-damage|p1a: Tornadus|20/100
|
|t:|1769386945
|switch|p2a: Ceruledge|Ceruledge, M|100/100|[from] Volt Switch
|
|-weather|RainDance|[upkeep]
|upkeep
|turn|11
|
|t:|1769386954
|move|p2a: Ceruledge|Shadow Sneak|p1a: Tornadus
|-damage|p1a: Tornadus|0 fnt
|faint|p1a: Tornadus
|
|-weather|RainDance|[upkeep]
|upkeep
|
|t:|1769386961
|switch|p1a: Poliwrath|Poliwrath, F|100/100
|-damage|p1a: Poliwrath|88/100|[from] Spikes
|turn|12
|
|t:|1769386983
|switch|p2a: Zapdos|Zapdos|22/100
|move|p1a: Poliwrath|Bulk Up|p1a: Poliwrath
|-boost|p1a: Poliwrath|atk|1
|-boost|p1a: Poliwrath|def|1
|
|-weather|RainDance|[upkeep]
|upkeep
|turn|13
|
|t:|1769386992
|move|p1a: Poliwrath|Liquidation|p2a: Zapdos
|-damage|p2a: Zapdos|0 fnt
|-status|p1a: Poliwrath|par|[from] ability: Static|[of] p2a: Zapdos
|faint|p2a: Zapdos
|-damage|p1a: Poliwrath|78/100 par|[from] item: Life Orb
|
|-weather|RainDance|[upkeep]
|upkeep
|
|t:|1769387000
|switch|p2a: Skarmory|Skarmory, M|67/100
|turn|14
|
|t:|1769387008
|move|p2a: Skarmory|Brave Bird|p1a: Poliwrath
|-supereffective|p1a: Poliwrath
|-damage|p1a: Poliwrath|36/100 par
|-damage|p2a: Skarmory|51/100|[from] Recoil
|move|p1a: Poliwrath|Drain Punch|p2a: Skarmory
|-damage|p2a: Skarmory|13/100
|-heal|p1a: Poliwrath|52/100 par|[from] drain|[of] p2a: Skarmory
|-damage|p1a: Poliwrath|42/100 par|[from] item: Life Orb
|
|-weather|RainDance|[upkeep]
|upkeep
|turn|15
|
|t:|1769387020
|move|p2a: Skarmory|Brave Bird|p1a: Poliwrath
|-supereffective|p1a: Poliwrath
|-damage|p1a: Poliwrath|5/100 par
|-damage|p2a: Skarmory|0 fnt|[from] Recoil
|faint|p2a: Skarmory
|cant|p1a: Poliwrath|par
|
|-weather|none
|upkeep
|
|t:|1769387029
|switch|p2a: Ceruledge|Ceruledge, M|100/100
|turn|16
|
|t:|1769387033
|move|p2a: Ceruledge|Bitter Blade|p1a: Poliwrath
|-resisted|p1a: Poliwrath
|-damage|p1a: Poliwrath|0 fnt
|faint|p1a: Poliwrath
|
|upkeep
|
|t:|1769387041
|switch|p1a: Zapdos|Zapdos|100/100
|-ability|p1a: Zapdos|Pressure
|turn|17
|
|t:|1769387047
|move|p1a: Zapdos|Thunder Wave|p2a: Ceruledge
|-status|p2a: Ceruledge|par
|move|p2a: Ceruledge|Poltergeist|p1a: Zapdos
|-activate|p1a: Zapdos|move: Poltergeist|Heavy-Duty Boots
|-damage|p1a: Zapdos|38/100
|
|upkeep
|turn|18
|
|t:|1769387056
|move|p1a: Zapdos|Thunder|p2a: Ceruledge|[miss]
|-miss|p1a: Zapdos|p2a: Ceruledge
|move|p2a: Ceruledge|Swords Dance|p2a: Ceruledge
|-boost|p2a: Ceruledge|atk|2
|
|upkeep
|turn|19
|
|t:|1769387064
|move|p2a: Ceruledge|Shadow Sneak|p1a: Zapdos
|-damage|p1a: Zapdos|0 fnt
|faint|p1a: Zapdos
|
|upkeep
|
|t:|1769387069
|switch|p1a: Kingambit|Kingambit, M|100/100
|-damage|p1a: Kingambit|88/100|[from] Spikes
|-activate|p1a: Kingambit|ability: Supreme Overlord
|-start|p1a: Kingambit|fallen5|[silent]
|turn|20
|
|t:|1769387075
|move|p2a: Ceruledge|Bitter Blade|p1a: Kingambit
|-supereffective|p1a: Kingambit
|-damage|p1a: Kingambit|0 fnt
|faint|p1a: Kingambit
|-end|p1a: Kingambit|fallen5|[silent]
|
|win|enzofm15
|raw|The baked bean's rating: 1462 &rarr; <strong>1445</strong><br />(-17 for losing)
|raw|enzofm15's rating: 1512 &rarr; <strong>1529</strong><br />(+17 for winning)
|l|☆The baked bean
|player|p1|
|l|☆enzofm15
|player|p2|
