|j|☆sofbar
|j|☆lbdrinkingpower
|t:|1769348836
|gametype|singles
|player|p1|sofbar|miku-water|1475
|player|p2|lbdrinkingpower|rocketgrunt|1459
|gen|9
|tier|[Gen 9] OU
|rated|
|rule|HP Percentage Mod: HP is shown in percentages
|rule|Endless Battle Clause: Forcing endless battles is banned
|rule|Species Clause: Limit one of each Pokémon
|rule|OHKO Clause: OHKO moves are banned
|rule|Evasion Items Clause: Evasion items are banned
|rule|Evasion Moves Clause: Evasion moves are banned
|rule|Evasion Abilities Clause: Evasion abilities are banned
|rule|Sleep Moves Clause: Sleep-inducing moves are banned
|clearpoke
|poke|p1|Tyranitar, M|
|poke|p1|Forretress, M|
|poke|p1|Latios, M|
|poke|p1|Darkrai|
|poke|p1|Corviknight, F|
|poke|p1|Raging Bolt|
|poke|p2|Gholdengo|
|poke|p2|Ting-Lu|
|poke|p2|Meowscarada, F|
|poke|p2|Moltres|
|poke|p2|Dragonite, F|
|poke|p2|Dondozo, F|
|teampreview
|inactive|Battle timer is ON: inactive players will automatically lose when time's up. (requested by sofbar)
|
|t:|1769348844
|teamsize|p1|6
|teamsize|p2|6
|start
|switch|p1a: Forretress|Forretress, M|100/100
|switch|p2a: Meowscarada|Meowscarada, F|100/100
|turn|1
|
|t:|1769348851
|move|p2a: Meowscarada|U-turn|p1a: Forretress
|-resisted|p1a: Forretress
|-damage|p1a: Forretress|95/100
|-damage|p2a: Meowscarada|84/100|[from] item: Rocky Helmet|[of] p1a: Forretress
|
|t:|1769348855
|switch|p2a: Moltres|Moltres|100/100|[from] U-turn
|move|p1a: Forretress|Stealth Rock|p2a: Moltres
|-sidestart|p2: lbdrinkingpower|move: Stealth Rock
|
|upkeep
|turn|2
|
|t:|1769348860
|switch|p1a: Tyranitar|Tyranitar, M, shiny|100/100
|-weather|Sandstorm|[from] ability: Sand Stream|[of] p1a: Tyranitar
|move|p2a: Moltres|U-turn|p1a: Tyranitar
|-supereffective|p1a: Tyranitar
|-damage|p1a: Tyranitar|77/100
|
|t:|1769348877
|switch|p2a: Meowscarada|Meowscarada, F|84/100|[from] U-turn
|
|-weather|Sandstorm|[upkeep]
|-damage|p2a: Meowscarada|78/100|[from] Sandstorm
|upkeep
|turn|3
|
|t:|1769348882
|switch|p1a: Forretress|Forretress, M|95/100
|move|p2a: Meowscarada|Flower Trick|p1a: Forretress
|-resisted|p1a: Forretress
|-crit|p1a: Forretress
|-damage|p1a: Forretress|88/100
|
|-weather|Sandstorm|[upkeep]
|-damage|p2a: Meowscarada|72/100|[from] Sandstorm
|upkeep
|turn|4
|
|t:|1769348887
|switch|p2a: Moltres|Moltres|100/100
|move|p1a: Forretress|Volt Switch|p2a: Moltres
|-supereffective|p2a: Moltres
|-damage|p2a: Moltres|83/100
|
|t:|1769348900
|switch|p1a: Latios|Latios, M|100/100|[from] Volt Switch
|
|-weather|Sandstorm|[upkeep]
|-damage|p1a: Latios|95/100|[from] Sandstorm
|-damage|p2a: Moltres|77/100|[from] Sandstorm
|upkeep
|turn|5
|
|t:|1769348904
|move|p1a: Latios|Draco Meteor|p2a: Moltres
|-damage|p2a: Moltres|3/100
|-unboost|p1a: Latios|spa|2
|move|p2a: Moltres|U-turn|p1a: Latios
|-supereffective|p1a: Latios
|-damage|p1a: Latios|53/100
|
|t:|1769348921
|switch|p2a: Gholdengo|Gholdengo|100/100|[from] U-turn
|-damage|p2a: Gholdengo|94/100|[from] Stealth Rock
|
|-weather|Sandstorm|[upkeep]
|-damage|p1a: Latios|47/100|[from] Sandstorm
|upkeep
|turn|6
|
|t:|1769348927
|switch|p1a: Forretress|Forretress, M|88/100
|move|p2a: Gholdengo|Make It Rain|p1a: Forretress
|-resisted|p1a: Forretress
|-damage|p1a: Forretress|50/100
|-unboost|p2a: Gholdengo|spa|1
|
|-weather|none
|upkeep
|turn|7
|
|t:|1769348934
|switch|p2a: Ting-Lu|Ting-Lu|100/100
|-damage|p2a: Ting-Lu|94/100|[from] Stealth Rock
|-ability|p2a: Ting-Lu|Vessel of Ruin
|move|p1a: Forretress|Volt Switch|p2a: Ting-Lu
|-immune|p2a: Ting-Lu
|
|-heal|p2a: Ting-Lu|100/100|[from] item: Leftovers
|upkeep
|turn|8
|
|t:|1769348939
|move|p2a: Ting-Lu|Stealth Rock|p1a: Forretress
|-sidestart|p1: sofbar|move: Stealth Rock
|move|p1a: Forretress|Body Press|p2a: Ting-Lu
|-supereffective|p2a: Ting-Lu
|-damage|p2a: Ting-Lu|71/100
|
|-heal|p2a: Ting-Lu|77/100|[from] item: Leftovers
|upkeep
|turn|9
|
|t:|1769348943
|move|p2a: Ting-Lu|Earthquake|p1a: Forretress
|-damage|p1a: Forretress|31/100
|move|p1a: Forretress|Volt Switch|p2a: Ting-Lu
|-immune|p2a: Ting-Lu
|
|-heal|p2a: Ting-Lu|83/100|[from] item: Leftovers
|upkeep
|turn|10
|
|t:|1769348950
|switch|p2a: Moltres|Moltres|3/100
|move|p1a: Forretress|Rapid Spin|p2a: Moltres
|-damage|p2a: Moltres|0 fnt
|-boost|p1a: Forretress|spe|1
|-sideend|p1: sofbar|Stealth Rock|[from] move: Rapid Spin|[of] p1a: Forretress
|faint|p2a: Moltres
|
|upkeep
|
|t:|1769348965
|switch|p2a: Dragonite|Dragonite, F|100/100
|turn|11
|
|t:|1769348972
|move|p2a: Dragonite|Earthquake|p1a: Forretress
|-damage|p1a: Forretress|11/100
|move|p1a: Forretress|Volt Switch|p2a: Dragonite
|-damage|p2a: Dragonite|95/100
|
|t:|1769348977
|switch|p1a: Latios|Latios, M|47/100|[from] Volt Switch
|
|upkeep
|turn|12
|
|t:|1769348982
|switch|p2a: Ting-Lu|Ting-Lu|83/100
|-damage|p2a: Ting-Lu|77/100|[from] Stealth Rock
|-ability|p2a: Ting-Lu|Vessel of Ruin
|move|p1a: Latios|Draco Meteor|p2a: Ting-Lu
|-damage|p2a: Ting-Lu|34/100
|-unboost|p1a: Latios|spa|2
|
|-heal|p2a: Ting-Lu|40/100|[from] item: Leftovers
|upkeep
|turn|13
|
|t:|1769348994
|switch|p1a: Forretress|Forretress, M|11/100
|move|p2a: Ting-Lu|Stealth Rock|p1a: Forretress
|-sidestart|p1: sofbar|move: Stealth Rock
|
|-heal|p2a: Ting-Lu|46/100|[from] item: Leftovers
|upkeep
|turn|14
|
|t:|1769348998
|move|p2a: Ting-Lu|Earthquake|p1a: Forretress
|-damage|p1a: Forretress|0 fnt
|faint|p1a: Forretress
|
|-heal|p2a: Ting-Lu|52/100|[from] item: Leftovers
|upkeep
|
|t:|1769349009
|switch|p1a: Corviknight|Corviknight, F|100/100
|-damage|p1a: Corviknight|88/100|[from] Stealth Rock
|turn|15
|
|t:|1769349015
|move|p1a: Corviknight|U-turn|p2a: Ting-Lu
|-supereffective|p2a: Ting-Lu
|-damage|p2a: Ting-Lu|39/100
|
|t:|1769349018
|switch|p1a: Latios|Latios, M|47/100|[from] U-turn
|-damage|p1a: Latios|34/100|[from] Stealth Rock
|move|p2a: Ting-Lu|Spikes|p1a: Latios
|-sidestart|p1: sofbar|Spikes
|
|-heal|p2a: Ting-Lu|45/100|[from] item: Leftovers
|upkeep
|turn|16
|
|t:|1769349027
|switch|p2a: Gholdengo|Gholdengo|94/100
|-damage|p2a: Gholdengo|88/100|[from] Stealth Rock
|move|p1a: Latios|Draco Meteor|p2a: Gholdengo|[miss]
|-miss|p1a: Latios|p2a: Gholdengo
|
|upkeep
|turn|17
|
|t:|1769349032
|move|p1a: Latios|Draco Meteor|p2a: Gholdengo
|-resisted|p2a: Gholdengo
|-damage|p2a: Gholdengo|40/100
|-unboost|p1a: Latios|spa|2
|move|p2a: Gholdengo|Recover|p2a: Gholdengo
|-heal|p2a: Gholdengo|90/100
|
|upkeep
|turn|18
|
|t:|1769349038
|switch|p1a: Darkrai|Darkrai|100/100
|-damage|p1a: Darkrai|88/100|[from] Stealth Rock
|-damage|p1a: Darkrai|76/100|[from] Spikes
|move|p2a: Gholdengo|Make It Rain|p1a: Darkrai
|-damage|p1a: Darkrai|5/100
|-unboost|p2a: Gholdengo|spa|1
|
|upkeep
|turn|19
|
|t:|1769349047
|switch|p2a: Ting-Lu|Ting-Lu|45/100
|-damage|p2a: Ting-Lu|39/100|[from] Stealth Rock
|-ability|p2a: Ting-Lu|Vessel of Ruin
|move|p1a: Darkrai|Nasty Plot|p1a: Darkrai
|-boost|p1a: Darkrai|spa|2
|
|-heal|p2a: Ting-Lu|45/100|[from] item: Leftovers
|upkeep
|turn|20
|
|t:|1769349051
|move|p1a: Darkrai|Ice Beam|p2a: Ting-Lu
|-supereffective|p2a: Ting-Lu
|-damage|p2a: Ting-Lu|0 fnt
|faint|p2a: Ting-Lu
|-damage|p1a: Darkrai|0 fnt|[from] item: Life Orb
|faint|p1a: Darkrai
|
|upkeep
|
|t:|1769349071
|switch|p1a: Corviknight|Corviknight, F|88/100
|switch|p2a: Gholdengo|Gholdengo|90/100
|-damage|p2a: Gholdengo|84/100|[from] Stealth Rock
|-damage|p1a: Corviknight|75/100|[from] Stealth Rock
|turn|21
|
|t:|1769349079
|move|p2a: Gholdengo|Shadow Ball|p1a: Corviknight
|-damage|p1a: Corviknight|39/100
|move|p1a: Corviknight|U-turn|p2a: Gholdengo
|-resisted|p2a: Gholdengo
|-damage|p2a: Gholdengo|82/100
|
|t:|1769349089
|switch|p1a: Tyranitar|Tyranitar, M, shiny|77/100|[from] U-turn
|-damage|p1a: Tyranitar|64/100|[from] Stealth Rock
|-damage|p1a: Tyranitar|52/100|[from] Spikes
|-weather|Sandstorm|[from] ability: Sand Stream|[of] p1a: Tyranitar
|
|-weather|Sandstorm|[upkeep]
|upkeep
|turn|22
|
|t:|1769349094
|switch|p2a: Dondozo|Dondozo, F|100/100
|move|p1a: Tyranitar|Knock Off|p2a: Dondozo
|-damage|p2a: Dondozo|75/100
|-enditem|p2a: Dondozo|Heavy-Duty Boots|[from] move: Knock Off|[of] p1a: Tyranitar
|
|-weather|Sandstorm|[upkeep]
|-damage|p2a: Dondozo|69/100|[from] Sandstorm
|upkeep
|turn|23
|
|t:|1769349100
|switch|p1a: Corviknight|Corviknight, F|39/100
|-damage|p1a: Corviknight|27/100|[from] Stealth Rock
|switch|p2a: Gholdengo|Gholdengo|82/100
|-damage|p2a: Gholdengo|76/100|[from] Stealth Rock
|
|-weather|Sandstorm|[upkeep]
|-heal|p1a: Corviknight|33/100|[from] item: Leftovers
|upkeep
|turn|24
|
|t:|1769349103
|move|p2a: Gholdengo|Make It Rain|p1a: Corviknight
|-resisted|p1a: Corviknight
|-damage|p1a: Corviknight|8/100
|-unboost|p2a: Gholdengo|spa|1
|move|p1a: Corviknight|Roost|p1a: Corviknight
|-heal|p1a: Corviknight|58/100
|-singleturn|p1a: Corviknight|move: Roost
|
|-weather|Sandstorm|[upkeep]
|-heal|p1a: Corviknight|65/100|[from] item: Leftovers
|upkeep
|turn|25
|
|t:|1769349109
|move|p2a: Gholdengo|Nasty Plot|p2a: Gholdengo
|-boost|p2a: Gholdengo|spa|2
|move|p1a: Corviknight|Roost|p1a: Corviknight
|-heal|p1a: Corviknight|100/100
|-singleturn|p1a: Corviknight|move: Roost
|
|-weather|none
|upkeep
|turn|26
|
|t:|1769349112
|move|p2a: Gholdengo|Recover|p2a: Gholdengo
|-heal|p2a: Gholdengo|100/100
|move|p1a: Corviknight|U-turn|p2a: Gholdengo
|-resisted|p2a: Gholdengo
|-damage|p2a: Gholdengo|98/100
|
|t:|1769349114
|switch|p1a: Tyranitar|Tyranitar, M, shiny|52/100|[from] U-turn
|-damage|p1a: Tyranitar|40/100|[from] Stealth Rock
|-damage|p1a: Tyranitar|27/100|[from] Spikes
|-weather|Sandstorm|[from] ability: Sand Stream|[of] p1a: Tyranitar
|
|-weather|Sandstorm|[upkeep]
|upkeep
|turn|27
|
|t:|1769349125
|-terastallize|p2a: Gholdengo|Fairy
|move|p2a: Gholdengo|Make It Rain|p1a: Tyranitar
|-supereffective|p1a: Tyranitar
|-damage|p1a: Tyranitar|0 fnt
|-unboost|p2a: Gholdengo|spa|1
|faint|p1a: Tyranitar
|
|-weather|Sandstorm|[upkeep]
|-damage|p2a: Gholdengo|92/100|[from] Sandstorm
|upkeep
|
|t:|1769349137
|switch|p1a: Latios|Latios, M|34/100
|-damage|p1a: Latios|22/100|[from] Stealth Rock
|turn|28
|
|t:|1769349141
|move|p1a: Latios|Psychic|p2a: Gholdengo
|-damage|p2a: Gholdengo|26/100
|move|p2a: Gholdengo|Nasty Plot|p2a: Gholdengo
|-boost|p2a: Gholdengo|spa|2
|
|-weather|Sandstorm|[upkeep]
|-damage|p1a: Latios|16/100|[from] Sandstorm
|-damage|p2a: Gholdengo|20/100|[from] Sandstorm
|upkeep
|turn|29
|
|t:|1769349158
|switch|p2a: Meowscarada|Meowscarada, F|72/100
|move|p1a: Latios|Psychic|p2a: Meowscarada
|-immune|p2a: Meowscarada
|
|-weather|Sandstorm|[upkeep]
|-damage|p2a: Meowscarada|66/100|[from] Sandstorm
|-damage|p1a: Latios|10/100|[from] Sandstorm
|upkeep
|turn|30
|
|t:|1769349164
|switch|p1a: Corviknight|Corviknight, F|100/100
|-damage|p1a: Corviknight|88/100|[from] Stealth Rock
|move|p2a: Meowscarada|Knock Off|p1a: Corviknight
|-damage|p1a: Corviknight|63/100
|-enditem|p1a: Corviknight|Leftovers|[from] move: Knock Off|[of] p2a: Meowscarada
|
|-weather|none
|upkeep
|turn|31
|
|t:|1769349171
|switch|p2a: Gholdengo|Gholdengo, tera:Fairy|20/100
|-damage|p2a: Gholdengo|8/100|[from] Stealth Rock
|move|p1a: Corviknight|Defog|p2a: Gholdengo
|-immune|p2a: Gholdengo|[from] ability: Good as Gold
|
|upkeep
|turn|32
|
|t:|1769349174
|move|p2a: Gholdengo|Recover|p2a: Gholdengo
|-heal|p2a: Gholdengo|58/100
|move|p1a: Corviknight|Roost|p1a: Corviknight
|-heal|p1a: Corviknight|100/100
|-singleturn|p1a: Corviknight|move: Roost
|
|upkeep
|turn|33
|
|t:|1769349182
|move|p2a: Gholdengo|Recover|p2a: Gholdengo
|-heal|p2a: Gholdengo|100/100
|move|p1a: Corviknight|U-turn|p2a: Gholdengo
|-resisted|p2a: Gholdengo
|-damage|p2a: Gholdengo|96/100
|
|t:|1769349183
|switch|p1a: Raging Bolt|Raging Bolt|100/100|[from] U-turn
|-damage|p1a: Raging Bolt|88/100|[from] Stealth Rock
|-damage|p1a: Raging Bolt|76/100|[from] Spikes
|
|-heal|p1a: Raging Bolt|82/100|[from] item: Leftovers
|upkeep
|turn|34
|
|t:|1769349192
|move|p2a: Gholdengo|Shadow Ball|p1a: Raging Bolt
|-damage|p1a: Raging Bolt|53/100
|move|p1a: Raging Bolt|Calm Mind|p1a: Raging Bolt
|-boost|p1a: Raging Bolt|spa|1
|-boost|p1a: Raging Bolt|spd|1
|
|-heal|p1a: Raging Bolt|59/100|[from] item: Leftovers
|upkeep
|turn|35
|
|t:|1769349198
|move|p2a: Gholdengo|Nasty Plot|p2a: Gholdengo
|-boost|p2a: Gholdengo|spa|2
|move|p1a: Raging Bolt|Calm Mind|p1a: Raging Bolt
|-boost|p1a: Raging Bolt|spa|1
|-boost|p1a: Raging Bolt|spd|1
|
|-heal|p1a: Raging Bolt|65/100|[from] item: Leftovers
|upkeep
|turn|36
|
|t:|1769349202
|move|p2a: Gholdengo|Make It Rain|p1a: Raging Bolt
|-resisted|p1a: Raging Bolt
|-damage|p1a: Raging Bolt|41/100
|-unboost|p2a: Gholdengo|spa|1
|move|p1a: Raging Bolt|Calm Mind|p1a: Raging Bolt
|-boost|p1a: Raging Bolt|spa|1
|-boost|p1a: Raging Bolt|spd|1
|
|-heal|p1a: Raging Bolt|48/100|[from] item: Leftovers
|upkeep
|turn|37
|
|t:|1769349208
|move|p2a: Gholdengo|Shadow Ball|p1a: Raging Bolt
|-damage|p1a: Raging Bolt|30/100
|-unboost|p1a: Raging Bolt|spd|1
|move|p1a: Raging Bolt|Calm Mind|p1a: Raging Bolt
|-boost|p1a: Raging Bolt|spa|1
|-boost|p1a: Raging Bolt|spd|1
|
|-heal|p1a: Raging Bolt|36/100|[from] item: Leftovers
|upkeep
|turn|38
|
|t:|1769349212
|move|p1a: Raging Bolt|Thunderclap|p2a: Gholdengo
|-damage|p2a: Gholdengo|0 fnt
|faint|p2a: Gholdengo
|
|-heal|p1a: Raging Bolt|43/100|[from] item: Leftovers
|upkeep
|
|t:|1769349217
|switch|p2a: Dragonite|Dragonite, F|95/100
|turn|39
|
|t:|1769349221
|-terastallize|p1a: Raging Bolt|Fairy
|move|p2a: Dragonite|Roost|p2a: Dragonite
|-heal|p2a: Dragonite|100/100
|-singleturn|p2a: Dragonite|move: Roost
|move|p1a: Raging Bolt|Tera Blast|p2a: Dragonite|[anim] Tera Blast Fairy
|-supereffective|p2a: Dragonite
|-damage|p2a: Dragonite|0 fnt
|faint|p2a: Dragonite
|
|-heal|p1a: Raging Bolt|49/100|[from] item: Leftovers
|upkeep
|
|t:|1769349229
|switch|p2a: Dondozo|Dondozo, F|69/100
|-damage|p2a: Dondozo|57/100|[from] Stealth Rock
|turn|40
|
|t:|1769349232
|move|p1a: Raging Bolt|Tera Blast|p2a: Dondozo|[anim] Tera Blast Fairy
|-damage|p2a: Dondozo|10/100
|move|p2a: Dondozo|Rest|p2a: Dondozo
|-status|p2a: Dondozo|slp|[from] move: Rest
|-heal|p2a: Dondozo|100/100 slp|[silent]
|
|-heal|p1a: Raging Bolt|55/100|[from] item: Leftovers
|upkeep
|turn|41
|
|t:|1769349237
|move|p1a: Raging Bolt|Tera Blast|p2a: Dondozo|[anim] Tera Blast Fairy
|-damage|p2a: Dondozo|57/100 slp
|cant|p2a: Dondozo|slp
|move|p2a: Dondozo|Sleep Talk|p2a: Dondozo
|move|p2a: Dondozo|Rest||[from] move: Sleep Talk|[still]
|-fail|p2a: Dondozo
|
|-heal|p1a: Raging Bolt|61/100|[from] item: Leftovers
|upkeep
|turn|42
|
|t:|1769349243
|move|p1a: Raging Bolt|Tera Blast|p2a: Dondozo|[anim] Tera Blast Fairy
|-crit|p2a: Dondozo
|-damage|p2a: Dondozo|0 fnt
|faint|p2a: Dondozo
|
|-heal|p1a: Raging Bolt|67/100|[from] item: Leftovers
|upkeep
|
|t:|1769349246
|switch|p2a: Meowscarada|Meowscarada, F|66/100
|turn|43
|
|t:|1769349249
|move|p1a: Raging Bolt|Thunderclap||[still]
|-fail|p1a: Raging Bolt
|move|p2a: Meowscarada|Taunt|p1a: Raging Bolt
|-start|p1a: Raging Bolt|move: Taunt
|
|-heal|p1a: Raging Bolt|73/100|[from] item: Leftovers
|upkeep
|turn|44
|
|t:|1769349255
|move|p2a: Meowscarada|Taunt||[still]
|-fail|p2a: Meowscarada
|move|p1a: Raging Bolt|Tera Blast|p2a: Meowscarada|[anim] Tera Blast Fairy
|-supereffective|p2a: Meowscarada
|-damage|p2a: Meowscarada|0 fnt
|faint|p2a: Meowscarada
|
|win|sofbar
|raw|sofbar's rating: 1475 &rarr; <strong>1494</strong><br />(+19 for winning)
|raw|lbdrinkingpower's rating: 1459 &rarr; <strong>1440</strong><br />(-19 for losing)
|l|☆lbdrinkingpower
|player|p2|
|l|☆sofbar
|player|p1|
