|j|☆Kabuto555
|j|☆BIG NlGER RAPlST
|t:|1769338989
|gametype|singles
|player|p1|Kabuto555|266|1122
|player|p2|BIG NlGER RAPlST|101|1105
|gen|9
|tier|[Gen 9] OU
|rated|
|rule|HP Percentage Mod: HP is shown in percentages
|rule|Endless Battle Clause: Forcing endless battles is banned
|rule|Species Clause: Limit one of each Pokémon
|rule|OHKO Clause: OHKO moves are banned
|rule|Evasion Items Clause: Evasion items are banned
|rule|Evasion Moves Clause: Evasion moves are banned
|rule|Evasion Abilities Clause: Evasion abilities are banned
|rule|Sleep Moves Clause: Sleep-inducing moves are banned
|clearpoke
|poke|p1|Blaziken, F|
|poke|p1|Ogerpon, F|
|poke|p1|Glimmora, F|
|poke|p1|Braviary-Hisui, M|
|poke|p1|Garchomp, F|
|poke|p1|Raging Bolt|
|poke|p2|Barraskewda, M|
|poke|p2|Iron Treads|
|poke|p2|Hatterene, F|
|poke|p2|Zapdos|
|poke|p2|Pelipper, F|
|poke|p2|Toxicroak, M|
|teampreview
|
|t:|1769338996
|teamsize|p1|6
|teamsize|p2|6
|start
|switch|p1a: Glimmora|Glimmora, F|100/100
|switch|p2a: Barraskewda|Barraskewda, M, shiny|100/100
|turn|1
|
|t:|1769339005
|move|p2a: Barraskewda|Flip Turn|p1a: Glimmora
|-supereffective|p1a: Glimmora
|-enditem|p1a: Glimmora|Focus Sash
|-damage|p1a: Glimmora|1/100
|-activate|p1a: Glimmora|ability: Toxic Debris
|-sidestart|p2: BIG NlGER RAPlST|move: Toxic Spikes
|
|t:|1769339016
|switch|p2a: Iron Treads|Iron Treads, shiny|100/100|[from] Flip Turn
|move|p1a: Glimmora|Stealth Rock|p2a: Iron Treads
|-sidestart|p2: BIG NlGER RAPlST|move: Stealth Rock
|
|upkeep
|turn|2
|inactive|Battle timer is ON: inactive players will automatically lose when time's up. (requested by Kabuto555)
|
|t:|1769339025
|move|p1a: Glimmora|Earth Power|p2a: Iron Treads
|-supereffective|p2a: Iron Treads
|-damage|p2a: Iron Treads|51/100
|move|p2a: Iron Treads|Rapid Spin|p1a: Glimmora
|-resisted|p1a: Glimmora
|-damage|p1a: Glimmora|0 fnt
|-boost|p2a: Iron Treads|spe|1
|-activate|p1a: Glimmora|ability: Toxic Debris
|-sidestart|p2: BIG NlGER RAPlST|move: Toxic Spikes
|-sideend|p2: BIG NlGER RAPlST|Toxic Spikes|[from] move: Rapid Spin|[of] p2a: Iron Treads
|-sideend|p2: BIG NlGER RAPlST|Stealth Rock|[from] move: Rapid Spin|[of] p2a: Iron Treads
|faint|p1a: Glimmora
|
|-heal|p2a: Iron Treads|57/100|[from] item: Leftovers
|upkeep
|
|t:|1769339036
|switch|p1a: Blaziken|Blaziken, F, shiny|100/100
|turn|3
|
|t:|1769339043
|-end|p2a: Iron Treads|Quark Drive|[silent]
|switch|p2a: Pelipper|Pelipper, F, shiny|100/100
|-weather|RainDance|[from] ability: Drizzle|[of] p2a: Pelipper
|move|p1a: Blaziken|Swords Dance|p1a: Blaziken
|-boost|p1a: Blaziken|atk|2
|
|-weather|RainDance|[upkeep]
|-ability|p1a: Blaziken|Speed Boost|boost
|-boost|p1a: Blaziken|spe|1
|upkeep
|turn|4
|
|t:|1769339052
|move|p1a: Blaziken|Swords Dance|p1a: Blaziken
|-boost|p1a: Blaziken|atk|2
|move|p2a: Pelipper|Hurricane|p1a: Blaziken
|-supereffective|p1a: Blaziken
|-enditem|p1a: Blaziken|Focus Sash
|-damage|p1a: Blaziken|1/100
|-start|p1a: Blaziken|confusion
|
|-weather|RainDance|[upkeep]
|-ability|p1a: Blaziken|Speed Boost|boost
|-boost|p1a: Blaziken|spe|1
|upkeep
|turn|5
|
|t:|1769339063
|switch|p2a: Toxicroak|Toxicroak, M, shiny|100/100
|-activate|p1a: Blaziken|confusion
|-damage|p1a: Blaziken|0 fnt|[from] confusion
|faint|p1a: Blaziken
|
|-weather|RainDance|[upkeep]
|upkeep
|
|t:|1769339075
|switch|p1a: Braviary|Braviary-Hisui, M|100/100
|turn|6
|
|t:|1769339082
|switch|p2a: Hatterene|Hatterene, F, shiny|100/100
|move|p1a: Braviary|Esper Wing|p2a: Hatterene
|-resisted|p2a: Hatterene
|-damage|p2a: Hatterene|63/100
|-boost|p1a: Braviary|spe|1
|-enditem|p2a: Hatterene|Eject Button
|
|t:|1769339085
|switch|p2a: Barraskewda|Barraskewda, M, shiny|100/100
|
|-weather|RainDance|[upkeep]
|upkeep
|turn|7
|
|t:|1769339090
|-terastallize|p2a: Barraskewda|Water
|move|p2a: Barraskewda|Liquidation|p1a: Braviary
|-damage|p1a: Braviary|0 fnt
|faint|p1a: Braviary
|
|-weather|RainDance|[upkeep]
|upkeep
|
|t:|1769339097
|switch|p1a: Raging Bolt|Raging Bolt|100/100
|turn|8
|
|t:|1769339100
|switch|p2a: Iron Treads|Iron Treads, shiny|57/100
|move|p1a: Raging Bolt|Thunderclap||[still]
|-fail|p1a: Raging Bolt
|
|-weather|RainDance|[upkeep]
|-heal|p2a: Iron Treads|64/100|[from] item: Leftovers
|upkeep
|turn|9
|
|t:|1769339104
|move|p1a: Raging Bolt|Dragon Pulse|p2a: Iron Treads
|-resisted|p2a: Iron Treads
|-damage|p2a: Iron Treads|44/100
|move|p2a: Iron Treads|Earthquake|p1a: Raging Bolt
|-supereffective|p1a: Raging Bolt
|-damage|p1a: Raging Bolt|25/100
|
|-weather|RainDance|[upkeep]
|-heal|p1a: Raging Bolt|31/100|[from] item: Leftovers
|-heal|p2a: Iron Treads|50/100|[from] item: Leftovers
|upkeep
|turn|10
|
|t:|1769339110
|move|p1a: Raging Bolt|Dragon Pulse|p2a: Iron Treads
|-resisted|p2a: Iron Treads
|-damage|p2a: Iron Treads|31/100
|move|p2a: Iron Treads|Volt Switch|p1a: Raging Bolt
|-resisted|p1a: Raging Bolt
|-damage|p1a: Raging Bolt|28/100
|
|t:|1769339119
|-end|p2a: Iron Treads|Quark Drive|[silent]
|switch|p2a: Barraskewda|Barraskewda, M, shiny, tera:Water|100/100|[from] Volt Switch
|
|-weather|none
|-heal|p1a: Raging Bolt|34/100|[from] item: Leftovers
|upkeep
|turn|11
|
|t:|1769339126
|switch|p2a: Iron Treads|Iron Treads, shiny|31/100
|move|p1a: Raging Bolt|Thunderclap||[still]
|-fail|p1a: Raging Bolt
|
|-heal|p1a: Raging Bolt|40/100|[from] item: Leftovers
|-heal|p2a: Iron Treads|37/100|[from] item: Leftovers
|upkeep
|turn|12
|
|t:|1769339129
|move|p1a: Raging Bolt|Dragon Pulse|p2a: Iron Treads
|-resisted|p2a: Iron Treads
|-damage|p2a: Iron Treads|16/100
|move|p2a: Iron Treads|Earthquake|p1a: Raging Bolt
|-supereffective|p1a: Raging Bolt
|-damage|p1a: Raging Bolt|0 fnt
|faint|p1a: Raging Bolt
|-end|p1a: Raging Bolt|Protosynthesis|[silent]
|
|-heal|p2a: Iron Treads|22/100|[from] item: Leftovers
|upkeep
|
|t:|1769339133
|switch|p1a: Ogerpon|Ogerpon, F|100/100
|turn|13
|
|t:|1769339137
|-end|p2a: Iron Treads|Quark Drive|[silent]
|switch|p2a: Pelipper|Pelipper, F, shiny|100/100
|-weather|RainDance|[from] ability: Drizzle|[of] p2a: Pelipper
|move|p1a: Ogerpon|Swords Dance|p1a: Ogerpon
|-boost|p1a: Ogerpon|atk|2
|
|-weather|RainDance|[upkeep]
|upkeep
|turn|14
|
|t:|1769339145
|move|p1a: Ogerpon|Ivy Cudgel|p2a: Pelipper
|-damage|p2a: Pelipper|0 fnt
|faint|p2a: Pelipper
|
|-weather|RainDance|[upkeep]
|upkeep
|
|t:|1769339153
|switch|p2a: Barraskewda|Barraskewda, M, shiny, tera:Water|100/100
|turn|15
|
|t:|1769339156
|move|p2a: Barraskewda|Flip Turn|p1a: Ogerpon
|-resisted|p1a: Ogerpon
|-damage|p1a: Ogerpon|35/100
|
|t:|1769339159
|switch|p2a: Toxicroak|Toxicroak, M, shiny|100/100|[from] Flip Turn
|move|p1a: Ogerpon|Ivy Cudgel|p2a: Toxicroak
|-resisted|p2a: Toxicroak
|-damage|p2a: Toxicroak|54/100
|
|-weather|RainDance|[upkeep]
|-heal|p2a: Toxicroak|67/100|[from] ability: Dry Skin
|-heal|p1a: Ogerpon|41/100|[from] item: Leftovers
|upkeep
|turn|16
|
|t:|1769339166
|move|p1a: Ogerpon|Stomping Tantrum|p2a: Toxicroak
|-supereffective|p2a: Toxicroak
|-damage|p2a: Toxicroak|0 fnt
|-damage|p1a: Ogerpon|24/100|[from] item: Rocky Helmet|[of] p2a: Toxicroak
|faint|p2a: Toxicroak
|
|-weather|RainDance|[upkeep]
|-heal|p1a: Ogerpon|30/100|[from] item: Leftovers
|upkeep
|
|t:|1769339169
|switch|p2a: Barraskewda|Barraskewda, M, shiny, tera:Water|100/100
|turn|17
|
|t:|1769339181
|move|p2a: Barraskewda|Flip Turn|p1a: Ogerpon
|-resisted|p1a: Ogerpon
|-damage|p1a: Ogerpon|0 fnt
|faint|p1a: Ogerpon
|
|t:|1769339185
|switch|p2a: Zapdos|Zapdos, shiny|100/100|[from] Flip Turn
|
|-weather|RainDance|[upkeep]
|upkeep
|
|t:|1769339189
|switch|p1a: Garchomp|Garchomp, F|100/100
|turn|18
|
|t:|1769339192
|move|p1a: Garchomp|Swords Dance|p1a: Garchomp
|-boost|p1a: Garchomp|atk|2
|move|p2a: Zapdos|Hurricane|p1a: Garchomp
|-damage|p1a: Garchomp|9/100
|
|-weather|RainDance|[upkeep]
|upkeep
|turn|19
|
|t:|1769339204
|-terastallize|p1a: Garchomp|Steel
|move|p1a: Garchomp|Scale Shot|p2a: Zapdos
|-damage|p2a: Zapdos|67/100
|-damage|p2a: Zapdos|33/100
|-damage|p2a: Zapdos|3/100
|-damage|p2a: Zapdos|0 fnt
|faint|p2a: Zapdos
|-hitcount|p2: Zapdos|4
|-unboost|p1a: Garchomp|def|1
|-boost|p1a: Garchomp|spe|1
|
|-weather|RainDance|[upkeep]
|upkeep
|
|t:|1769339208
|switch|p2a: Barraskewda|Barraskewda, M, shiny, tera:Water|100/100
|turn|20
|
|t:|1769339216
|move|p2a: Barraskewda|Aqua Jet|p1a: Garchomp
|-damage|p1a: Garchomp|0 fnt
|-damage|p2a: Barraskewda|88/100|[from] ability: Rough Skin|[of] p1a: Garchomp
|faint|p1a: Garchomp
|
|win|BIG NlGER RAPlST
|raw|Kabuto555's rating: 1122 &rarr; <strong>1096</strong><br />(-26 for losing)
|raw|BIG NlGER RAPlST's rating: 1105 &rarr; <strong>1131</strong><br />(+26 for winning)
