|j|☆drvillager
|j|☆imhotqueencah
|t:|1769403807
|gametype|singles
|player|p1|drvillager|wikstrom|1287
|player|p2|imhotqueencah|benga|1313
|gen|9
|tier|[Gen 9] OU
|rated|
|rule|HP Percentage Mod: HP is shown in percentages
|rule|Endless Battle Clause: Forcing endless battles is banned
|rule|Species Clause: Limit one of each Pokémon
|rule|OHKO Clause: OHKO moves are banned
|rule|Evasion Items Clause: Evasion items are banned
|rule|Evasion Moves Clause: Evasion moves are banned
|rule|Evasion Abilities Clause: Evasion abilities are banned
|rule|Sleep Moves Clause: Sleep-inducing moves are banned
|clearpoke
|poke|p1|Tyranitar, F|
|poke|p1|Great Tusk|
|poke|p1|Gholdengo|
|poke|p1|Hoopa-Unbound|
|poke|p1|Alomomola, F|
|poke|p1|Landorus-Therian, M|
|poke|p2|Dragonite, F|
|poke|p2|Raging Bolt|
|poke|p2|Corviknight, M|
|poke|p2|Garganacl, M|
|poke|p2|Slowking-Galar, M|
|poke|p2|Iron Valiant|
|teampreview
|inactive|Battle timer is ON: inactive players will automatically lose when time's up. (requested by drvillager)
|
|t:|1769403818
|teamsize|p1|6
|teamsize|p2|6
|start
|switch|p1a: Landorus|Landorus-Therian, M|100/100
|switch|p2a: Corviknight|Corviknight, M|100/100
|-ability|p1a: Landorus|Intimidate|boost
|-unboost|p2a: Corviknight|atk|1
|-ability|p2a: Corviknight|Pressure
|turn|1
|
|t:|1769403836
|move|p1a: Landorus|Stealth Rock|p2a: Corviknight
|-sidestart|p2: imhotqueencah|move: Stealth Rock
|move|p2a: Corviknight|Iron Defense|p2a: Corviknight
|-boost|p2a: Corviknight|def|2
|
|upkeep
|turn|2
|
|t:|1769403842
|move|p1a: Landorus|U-turn|p2a: Corviknight
|-resisted|p2a: Corviknight
|-damage|p2a: Corviknight|98/100
|-damage|p1a: Landorus|91/100|[from] item: Life Orb
|
|t:|1769403852
|switch|p1a: Hoopa|Hoopa-Unbound|100/100|[from] U-turn
|move|p2a: Corviknight|U-turn|p1a: Hoopa
|-supereffective|p1a: Hoopa
|-damage|p1a: Hoopa|34/100
|
|t:|1769403865
|switch|p2a: ivankov|Iron Valiant|100/100|[from] U-turn
|-damage|p2a: ivankov|94/100|[from] Stealth Rock
|-enditem|p2a: ivankov|Booster Energy
|-activate|p2a: ivankov|ability: Quark Drive|[fromitem]
|-start|p2a: ivankov|quarkdrivespe
|
|upkeep
|turn|3
|
|t:|1769403880
|switch|p1a: Gholdengo|Gholdengo|100/100
|-item|p1a: Gholdengo|Air Balloon
|move|p2a: ivankov|Moonblast|p1a: Gholdengo
|-resisted|p1a: Gholdengo
|-damage|p1a: Gholdengo|72/100
|-enditem|p1a: Gholdengo|Air Balloon
|
|upkeep
|turn|4
|
|t:|1769403888
|-end|p2a: ivankov|Quark Drive|[silent]
|switch|p2a: Raging Bolt|Raging Bolt|100/100
|move|p1a: Gholdengo|Make It Rain|p2a: Raging Bolt
|-resisted|p2a: Raging Bolt
|-damage|p2a: Raging Bolt|71/100
|-unboost|p1a: Gholdengo|spa|1
|
|upkeep
|turn|5
|
|t:|1769403893
|switch|p1a: Landorus|Landorus-Therian, M|91/100
|-ability|p1a: Landorus|Intimidate|boost
|-unboost|p2a: Raging Bolt|atk|1
|move|p2a: Raging Bolt|Dragon Pulse|p1a: Landorus
|-damage|p1a: Landorus|29/100
|
|upkeep
|turn|6
|
|t:|1769403899
|-end|p2a: Raging Bolt|Protosynthesis|[silent]
|switch|p2a: Corviknight|Corviknight, M|98/100
|-damage|p2a: Corviknight|86/100|[from] Stealth Rock
|-ability|p2a: Corviknight|Pressure
|move|p1a: Landorus|Earthquake|p2a: Corviknight
|-immune|p2a: Corviknight
|
|-heal|p2a: Corviknight|92/100|[from] item: Leftovers
|upkeep
|turn|7
|
|t:|1769403904
|move|p1a: Landorus|Stone Edge|p2a: Corviknight|[miss]
|-miss|p1a: Landorus|p2a: Corviknight
|move|p2a: Corviknight|U-turn|p1a: Landorus
|-resisted|p1a: Landorus
|-damage|p1a: Landorus|20/100
|
|t:|1769403908
|switch|p2a: ivankov|Iron Valiant|94/100|[from] U-turn
|-damage|p2a: ivankov|88/100|[from] Stealth Rock
|
|upkeep
|turn|8
|
|t:|1769403914
|move|p2a: ivankov|Moonblast|p1a: Landorus
|-damage|p1a: Landorus|0 fnt
|faint|p1a: Landorus
|
|upkeep
|
|t:|1769403917
|switch|p1a: Gholdengo|Gholdengo|72/100
|turn|9
|
|t:|1769403922
|-end|p2a: ivankov|Quark Drive|[silent]
|switch|p2a: Slowking|Slowking-Galar, M|100/100
|move|p1a: Gholdengo|Nasty Plot|p1a: Gholdengo
|-boost|p1a: Gholdengo|spa|2
|
|upkeep
|turn|10
|
|t:|1769403928
|move|p1a: Gholdengo|Shadow Ball|p2a: Slowking
|-supereffective|p2a: Slowking
|-damage|p2a: Slowking|9/100
|-prepare|p2a: Slowking|Chilly Reception|[premajor]
|move|p2a: Slowking|Chilly Reception|p2a: Slowking
|-weather|Snowscape
|
|t:|1769403934
|switch|p2a: steve|Garganacl, M|100/100|[from] Chilly Reception
|
|-weather|Snowscape|[upkeep]
|upkeep
|turn|11
|
|t:|1769403938
|-terastallize|p2a: steve|Water
|move|p1a: Gholdengo|Make It Rain|p2a: steve
|-resisted|p2a: steve
|-damage|p2a: steve|59/100
|-unboost|p1a: Gholdengo|spa|1
|move|p2a: steve|Salt Cure|p1a: Gholdengo
|-resisted|p1a: Gholdengo
|-damage|p1a: Gholdengo|64/100
|-start|p1a: Gholdengo|Salt Cure
|
|-weather|Snowscape|[upkeep]
|-damage|p1a: Gholdengo|39/100|[from] Salt Cure
|upkeep
|turn|12
|
|t:|1769403942
|move|p1a: Gholdengo|Shadow Ball|p2a: steve
|-damage|p2a: steve|39/100
|move|p2a: steve|Stealth Rock|p1a: Gholdengo
|-sidestart|p1: drvillager|move: Stealth Rock
|
|-weather|Snowscape|[upkeep]
|-damage|p1a: Gholdengo|14/100|[from] Salt Cure
|upkeep
|turn|13
|
|t:|1769403949
|move|p1a: Gholdengo|Nasty Plot|p1a: Gholdengo
|-boost|p1a: Gholdengo|spa|2
|move|p2a: steve|Salt Cure|p1a: Gholdengo
|-resisted|p1a: Gholdengo
|-damage|p1a: Gholdengo|6/100
|
|-weather|Snowscape|[upkeep]
|-damage|p1a: Gholdengo|0 fnt|[from] Salt Cure
|faint|p1a: Gholdengo
|upkeep
|
|t:|1769403953
|switch|p1a: Hoopa|Hoopa-Unbound|34/100
|-damage|p1a: Hoopa|22/100|[from] Stealth Rock
|turn|14
|
|t:|1769403958
|move|p1a: Hoopa|Psychic|p2a: steve
|-damage|p2a: steve|1/100
|move|p2a: steve|Salt Cure|p1a: Hoopa
|-damage|p1a: Hoopa|0 fnt
|faint|p1a: Hoopa
|
|-weather|none
|upkeep
|-message|drvillager forfeited.
|
|win|imhotqueencah
|raw|drvillager's rating: 1287 &rarr; <strong>1264</strong><br />(-23 for losing)
|raw|imhotqueencah's rating: 1313 &rarr; <strong>1332</strong><br />(+19 for winning)
|l|☆drvillager
|player|p1|
|l|☆imhotqueencah
|player|p2|
