|j|☆1010202010t
|j|☆2345eza
|t:|1769337706
|gametype|singles
|player|p1|1010202010t|hooligans|1000
|player|p2|2345eza|hilbert|1009
|gen|9
|tier|[Gen 9] OU
|rated|
|rule|HP Percentage Mod: HP is shown in percentages
|rule|Endless Battle Clause: Forcing endless battles is banned
|rule|Species Clause: Limit one of each Pokémon
|rule|OHKO Clause: OHKO moves are banned
|rule|Evasion Items Clause: Evasion items are banned
|rule|Evasion Moves Clause: Evasion moves are banned
|rule|Evasion Abilities Clause: Evasion abilities are banned
|rule|Sleep Moves Clause: Sleep-inducing moves are banned
|clearpoke
|poke|p1|Araquanid, M|
|poke|p1|Basculin, F|
|poke|p1|Ceruledge, F|
|poke|p1|Alomomola, M|
|poke|p1|Clodsire, F|
|poke|p1|Bronzong|
|poke|p2|Zoroark-Hisui, M|
|poke|p2|Ceruledge, F|
|poke|p2|Golurk|
|poke|p2|Basculegion, M|
|poke|p2|Mimikyu, F|
|poke|p2|Bramblin, F|
|teampreview
|
|t:|1769337722
|teamsize|p1|6
|teamsize|p2|6
|start
|switch|p1a: Bronzong|Bronzong|100/100
|switch|p2a: Bramblin|Bramblin, F|100/100
|turn|1
|
|t:|1769337728
|move|p2a: Bramblin|Leech Seed|p1a: Bronzong|[miss]
|-miss|p2a: Bramblin|p1a: Bronzong
|move|p1a: Bronzong|Iron Defense|p1a: Bronzong
|-boost|p1a: Bronzong|def|2
|
|upkeep
|turn|2
|
|t:|1769337738
|switch|p1a: Clodsire|Clodsire, F|100/100
|move|p2a: Bramblin|Leech Seed|p1a: Clodsire
|-start|p1a: Clodsire|move: Leech Seed
|
|-damage|p1a: Clodsire|88/100|[from] Leech Seed|[of] p2a: Bramblin
|upkeep
|turn|3
|
|t:|1769337746
|move|p2a: Bramblin|Spikes|p1a: Clodsire
|-sidestart|p1: 1010202010t|Spikes
|move|p1a: Clodsire|Gunk Shot|p2a: Bramblin
|-enditem|p2a: Bramblin|Focus Sash
|-damage|p2a: Bramblin|1/100
|
|-damage|p1a: Clodsire|76/100|[from] Leech Seed|[of] p2a: Bramblin
|-heal|p2a: Bramblin|21/100|[silent]
|upkeep
|turn|4
|
|t:|1769337756
|move|p2a: Bramblin|Grass Knot|p1a: Clodsire
|-damage|p1a: Clodsire|59/100
|move|p1a: Clodsire|Gunk Shot|p2a: Bramblin|[miss]
|-miss|p1a: Clodsire|p2a: Bramblin
|
|-damage|p1a: Clodsire|47/100|[from] Leech Seed|[of] p2a: Bramblin
|-heal|p2a: Bramblin|41/100|[silent]
|upkeep
|turn|5
|
|t:|1769337765
|move|p2a: Bramblin|Grass Knot|p1a: Clodsire
|-damage|p1a: Clodsire|31/100
|-status|p2a: Bramblin|psn|[from] ability: Poison Point|[of] p1a: Clodsire
|move|p1a: Clodsire|Gunk Shot|p2a: Bramblin
|-damage|p2a: Bramblin|0 fnt
|faint|p2a: Bramblin
|
|upkeep
|
|t:|1769337774
|switch|p2a: Ceruledge|Ceruledge, F, shiny|100/100
|turn|6
|
|t:|1769337788
|move|p2a: Ceruledge|Swords Dance|p2a: Ceruledge
|-boost|p2a: Ceruledge|atk|2
|move|p1a: Clodsire|Gunk Shot|p2a: Ceruledge
|-resisted|p2a: Ceruledge
|-damage|p2a: Ceruledge|48/100
|-status|p2a: Ceruledge|psn
|-ability|p2a: Ceruledge|Weak Armor|boost
|-unboost|p2a: Ceruledge|def|1
|-boost|p2a: Ceruledge|spe|2
|
|-damage|p1a: Clodsire|19/100|[from] Leech Seed|[of] p2a: Ceruledge
|-heal|p2a: Ceruledge|68/100 psn|[silent]
|-damage|p2a: Ceruledge|55/100 psn|[from] psn
|upkeep
|turn|7
|
|t:|1769337802
|move|p2a: Ceruledge|Bitter Blade|p1a: Clodsire
|-damage|p1a: Clodsire|0 fnt
|-heal|p2a: Ceruledge|70/100 psn|[from] drain|[of] p1a: Clodsire
|faint|p1a: Clodsire
|
|-damage|p2a: Ceruledge|58/100 psn|[from] psn
|upkeep
|
|t:|1769337816
|switch|p1a: Araquanid|Araquanid, M|100/100
|-damage|p1a: Araquanid|88/100|[from] Spikes
|turn|8
|
|t:|1769337822
|move|p2a: Ceruledge|Shadow Sneak|p1a: Araquanid
|-damage|p1a: Araquanid|45/100
|move|p1a: Araquanid|Liquidation|p2a: Ceruledge
|-supereffective|p2a: Ceruledge
|-damage|p2a: Ceruledge|0 fnt
|faint|p2a: Ceruledge
|
|upkeep
|inactive|Battle timer is ON: inactive players will automatically lose when time's up. (requested by 1010202010t)
|
|t:|1769337836
|switch|p2a: Mimikyu|Mimikyu, F, shiny|100/100
|turn|9
|
|t:|1769337843
|move|p2a: Mimikyu|Shadow Ball|p1a: Araquanid
|-damage|p1a: Araquanid|8/100
|move|p1a: Araquanid|Reflect|p1a: Araquanid
|-sidestart|p1: 1010202010t|Reflect
|
|upkeep
|turn|10
|
|t:|1769337850
|move|p2a: Mimikyu|Shadow Ball|p1a: Araquanid
|-damage|p1a: Araquanid|0 fnt
|faint|p1a: Araquanid
|
|upkeep
|
|t:|1769337855
|switch|p1a: Basculin|Basculin, F|100/100
|-damage|p1a: Basculin|88/100|[from] Spikes
|turn|11
|
|t:|1769337859
|move|p2a: Mimikyu|Shadow Ball|p1a: Basculin
|-damage|p1a: Basculin|0 fnt
|faint|p1a: Basculin
|
|upkeep
|
|t:|1769337866
|switch|p1a: Alomomola|Alomomola, M|100/100
|-damage|p1a: Alomomola|88/100|[from] Spikes
|turn|12
|
|t:|1769337871
|move|p2a: Mimikyu|Shadow Ball|p1a: Alomomola
|-damage|p1a: Alomomola|14/100
|move|p1a: Alomomola|Flip Turn|p2a: Mimikyu
|-damage|p2a: Mimikyu|69/100
|replace|p2a: Zoroark|Zoroark-Hisui, M
|-end|p2a: Zoroark|Illusion
|
|t:|1769337874
|switch|p1a: Ceruledge|Ceruledge, F|100/100|[from] Flip Turn
|-damage|p1a: Ceruledge|88/100|[from] Spikes
|
|upkeep
|turn|13
|
|t:|1769337882
|-terastallize|p1a: Ceruledge|Fire
|move|p2a: Zoroark|Shadow Ball|p1a: Ceruledge
|-damage|p1a: Ceruledge|12/100
|-unboost|p1a: Ceruledge|spd|1
|move|p1a: Ceruledge|Fire Blast|p2a: Zoroark
|-damage|p2a: Zoroark|0 fnt
|faint|p2a: Zoroark
|
|-sideend|p1: 1010202010t|Reflect
|upkeep
|
|t:|1769337895
|switch|p2a: Basculegion|Basculegion, M|100/100
|turn|14
|
|t:|1769337905
|move|p2a: Basculegion|Phantom Force||[still]
|-prepare|p2a: Basculegion|Phantom Force
|move|p1a: Ceruledge|Fire Blast|p2a: Basculegion|[miss]
|-miss|p1a: Ceruledge|p2a: Basculegion
|
|upkeep
|turn|15
|
|t:|1769337919
|switch|p1a: Alomomola|Alomomola, M|48/100
|-damage|p1a: Alomomola|35/100|[from] Spikes
|move|p2a: Basculegion|Phantom Force|p1a: Alomomola|[from] lockedmove
|-damage|p1a: Alomomola|9/100
|
|-heal|p1a: Alomomola|15/100|[from] item: Leftovers
|upkeep
|turn|16
|
|t:|1769337930
|move|p2a: Basculegion|Phantom Force||[still]
|-prepare|p2a: Basculegion|Phantom Force
|move|p1a: Alomomola|Wish|p1a: Alomomola
|
|-heal|p1a: Alomomola|21/100|[from] item: Leftovers
|upkeep
|turn|17
|
|t:|1769337938
|switch|p1a: Bronzong|Bronzong|100/100
|move|p2a: Basculegion|Phantom Force|p1a: Bronzong|[from] lockedmove
|-supereffective|p1a: Bronzong
|-damage|p1a: Bronzong|14/100
|-enditem|p1a: Bronzong|Weakness Policy
|-boost|p1a: Bronzong|atk|2|[from] item: Weakness Policy
|-boost|p1a: Bronzong|spa|2|[from] item: Weakness Policy
|
|-heal|p1a: Bronzong|93/100|[from] move: Wish|[wisher] Alomomola
|upkeep
|turn|18
|
|t:|1769337950
|move|p2a: Basculegion|Phantom Force||[still]
|-prepare|p2a: Basculegion|Phantom Force
|move|p1a: Bronzong|Iron Defense|p1a: Bronzong
|-boost|p1a: Bronzong|def|2
|
|upkeep
|turn|19
|
|t:|1769337959
|move|p2a: Basculegion|Phantom Force|p1a: Bronzong|[from] lockedmove
|-supereffective|p1a: Bronzong
|-damage|p1a: Bronzong|48/100
|move|p1a: Bronzong|Iron Defense|p1a: Bronzong
|-boost|p1a: Bronzong|def|2
|
|upkeep
|turn|20
|
|t:|1769337966
|move|p2a: Basculegion|Phantom Force||[still]
|-prepare|p2a: Basculegion|Phantom Force
|move|p1a: Bronzong|Iron Defense|p1a: Bronzong
|-boost|p1a: Bronzong|def|2
|
|upkeep
|turn|21
|
|t:|1769337972
|move|p2a: Basculegion|Phantom Force|p1a: Bronzong|[from] lockedmove
|-supereffective|p1a: Bronzong
|-damage|p1a: Bronzong|26/100
|move|p1a: Bronzong|Rest|p1a: Bronzong
|-status|p1a: Bronzong|slp|[from] move: Rest
|-heal|p1a: Bronzong|100/100 slp|[silent]
|
|upkeep
|turn|22
|
|t:|1769337981
|move|p2a: Basculegion|Phantom Force||[still]
|-prepare|p2a: Basculegion|Phantom Force
|cant|p1a: Bronzong|slp
|
|upkeep
|turn|23
|
|t:|1769337988
|move|p2a: Basculegion|Phantom Force|p1a: Bronzong|[from] lockedmove
|-supereffective|p1a: Bronzong
|-damage|p1a: Bronzong|79/100 slp
|cant|p1a: Bronzong|slp
|
|upkeep
|turn|24
|
|t:|1769337995
|move|p2a: Basculegion|Phantom Force||[still]
|-prepare|p2a: Basculegion|Phantom Force
|-curestatus|p1a: Bronzong|slp|[msg]
|move|p1a: Bronzong|Iron Defense|p1a: Bronzong
|-boost|p1a: Bronzong|def|0
|
|upkeep
|turn|25
|
|t:|1769338002
|move|p2a: Basculegion|Phantom Force|p1a: Bronzong|[from] lockedmove
|-supereffective|p1a: Bronzong
|-crit|p1a: Bronzong
|-damage|p1a: Bronzong|0 fnt
|faint|p1a: Bronzong
|
|upkeep
|c|☆1010202010t|!showteam
|c| 1010202010t|/raw <div class="infobox"><details><summary>View team</summary>Araquanid @ Mystic Water  <br />Ability: Water Bubble  <br />Tera Type: Water  <br />EVs: 248 HP &#x2f; 8 Atk &#x2f; 252 SpD  <br />Sassy Nature  <br />- Rain Dance  <br />- Hydro Pump  <br />- Reflect  <br />- Liquidation  <br /><br />Basculin @ Leftovers  <br />Ability: Reckless  <br />Tera Type: Water  <br />EVs: 252 Atk &#x2f; 4 SpD &#x2f; 252 Spe  <br />Jolly Nature  <br />- Substitute  <br />- Wave Crash  <br />- Head Smash  <br />- Protect  <br /><br />Ceruledge @ Choice Specs  <br />Ability: Weak Armor  <br />Tera Type: Fire  <br />EVs: 4 Atk &#x2f; 252 SpA &#x2f; 252 Spe  <br />Mild Nature  <br />- Fire Blast  <br />- Shadow Ball  <br />- Phantom Force  <br />- Clear Smog  <br /><br />Alomomola @ Leftovers  <br />Ability: Regenerator  <br />Tera Type: Water  <br />EVs: 252 HP &#x2f; 4 Atk &#x2f; 252 Def  <br />Impish Nature  <br />- Flip Turn  <br />- Wish  <br />- Protect  <br />- Play Rough  <br /><br />Clodsire @ Choice Band  <br />Ability: Poison Point  <br />Tera Type: Poison  <br />EVs: 248 HP &#x2f; 252 Atk &#x2f; 8 SpD  <br />Adamant Nature  <br />- Gunk Shot  <br />- Earthquake  <br />- Liquidation  <br />- Body Press  <br /><br />Bronzong @ Weakness Policy  <br />Ability: Levitate  <br />Tera Type: Steel  <br />EVs: 252 HP &#x2f; 4 Def &#x2f; 252 SpD  <br />Calm Nature  <br />IVs: 0 Atk  <br />- Iron Defense  <br />- Body Press  <br />- Rest  <br />- Sleep Talk  <br /><br /></details></div>
|-message|1010202010t forfeited.
|
|win|2345eza
|raw|1010202010t's rating: 1000 &rarr; <strong>1000</strong><br />(+0 for losing)
|raw|2345eza's rating: 1009 &rarr; <strong>1047</strong><br />(+38 for winning)
|l|☆1010202010t
|player|p1|
