|j|‽wufuni
|j|☆scorpion257
|t:|1769387477
|gametype|singles
|player|p1|wufuni|1|1496
|player|p2|scorpion257|benga|1589
|gen|9
|tier|[Gen 9] OU
|rated|
|rule|HP Percentage Mod: HP is shown in percentages
|rule|Endless Battle Clause: Forcing endless battles is banned
|rule|Species Clause: Limit one of each Pokémon
|rule|OHKO Clause: OHKO moves are banned
|rule|Evasion Items Clause: Evasion items are banned
|rule|Evasion Moves Clause: Evasion moves are banned
|rule|Evasion Abilities Clause: Evasion abilities are banned
|rule|Sleep Moves Clause: Sleep-inducing moves are banned
|clearpoke
|poke|p1|Tinkaton, F|
|poke|p1|Ogerpon, F|
|poke|p1|Great Tusk|
|poke|p1|Pecharunt|
|poke|p1|Alomomola, M|
|poke|p1|Hydreigon, M|
|poke|p2|Dondozo, F|
|poke|p2|Blissey, F|
|poke|p2|Corviknight, F|
|poke|p2|Weezing-Galar, M|
|poke|p2|Gliscor, M|
|poke|p2|Toxapex, F|
|teampreview
|inactive|Battle timer is ON: inactive players will automatically lose when time's up. (requested by scorpion257)
|
|t:|1769387504
|teamsize|p1|6
|teamsize|p2|6
|start
|switch|p1a: Tinkaton|Tinkaton, F, shiny|100/100
|switch|p2a: Gliscor|Gliscor, M|100/100
|-item|p1a: Tinkaton|Air Balloon
|turn|1
|
|t:|1769387509
|move|p2a: Gliscor|Protect|p2a: Gliscor
|-singleturn|p2a: Gliscor|Protect
|move|p1a: Tinkaton|Ice Hammer|p2a: Gliscor
|-activate|p2a: Gliscor|move: Protect
|
|-status|p2a: Gliscor|tox|[from] item: Toxic Orb
|upkeep
|turn|2
|
|t:|1769387518
|switch|p2a: Toxapex|Toxapex, F|100/100
|move|p1a: Tinkaton|Stealth Rock|p2a: Toxapex
|-sidestart|p2: scorpion257|move: Stealth Rock
|
|upkeep
|turn|3
|
|t:|1769387536
|switch|p1a: Pecharunt|Pecharunt|100/100
|switch|p2a: Corviknight|Corviknight, F|100/100
|-damage|p2a: Corviknight|88/100|[from] Stealth Rock
|-ability|p2a: Corviknight|Pressure
|
|-heal|p2a: Corviknight|94/100|[from] item: Leftovers
|upkeep
|turn|4
|
|t:|1769387547
|switch|p2a: Gliscor|Gliscor, M|100/100 tox
|-damage|p2a: Gliscor|88/100 tox|[from] Stealth Rock
|move|p1a: Pecharunt|Parting Shot|p2a: Gliscor
|-unboost|p2a: Gliscor|atk|1
|-unboost|p2a: Gliscor|spa|1
|
|t:|1769387550
|switch|p1a: Tinkaton|Tinkaton, F, shiny|100/100|[from] Parting Shot
|-item|p1a: Tinkaton|Air Balloon
|
|-heal|p2a: Gliscor|100/100 tox|[from] ability: Poison Heal
|upkeep
|turn|5
|
|t:|1769387554
|switch|p2a: Corviknight|Corviknight, F|94/100
|-damage|p2a: Corviknight|82/100|[from] Stealth Rock
|-ability|p2a: Corviknight|Pressure
|move|p1a: Tinkaton|Ice Hammer|p2a: Corviknight
|-damage|p2a: Corviknight|67/100
|-unboost|p1a: Tinkaton|spe|1
|
|-heal|p2a: Corviknight|73/100|[from] item: Leftovers
|upkeep
|turn|6
|
|t:|1769387561
|move|p1a: Tinkaton|Gigaton Hammer|p2a: Corviknight
|-resisted|p2a: Corviknight
|-damage|p2a: Corviknight|58/100
|move|p2a: Corviknight|Defog|p1a: Tinkaton
|-unboost|p1a: Tinkaton|evasion|1
|-sideend|p2: scorpion257|Stealth Rock|[from] move: Defog|[of] p2a: Corviknight
|
|-heal|p2a: Corviknight|64/100|[from] item: Leftovers
|upkeep
|turn|7
|
|t:|1769387568
|move|p1a: Tinkaton|Stealth Rock|p2a: Corviknight
|-sidestart|p2: scorpion257|move: Stealth Rock
|move|p2a: Corviknight|Iron Defense|p2a: Corviknight
|-boost|p2a: Corviknight|def|2
|
|-heal|p2a: Corviknight|70/100|[from] item: Leftovers
|upkeep
|turn|8
|
|t:|1769387571
|move|p1a: Tinkaton|Encore|p2a: Corviknight
|-start|p2a: Corviknight|Encore
|move|p2a: Corviknight|Iron Defense|p2a: Corviknight
|-boost|p2a: Corviknight|def|2
|
|-heal|p2a: Corviknight|76/100|[from] item: Leftovers
|upkeep
|turn|9
|
|t:|1769387595
|switch|p1a: Great Tusk|Great Tusk, shiny|100/100
|switch|p2a: Toxapex|Toxapex, F|100/100
|-damage|p2a: Toxapex|88/100|[from] Stealth Rock
|
|-heal|p2a: Toxapex|94/100|[from] item: Leftovers
|upkeep
|turn|10
|
|t:|1769387604
|switch|p2a: Corviknight|Corviknight, F|76/100
|-damage|p2a: Corviknight|64/100|[from] Stealth Rock
|-ability|p2a: Corviknight|Pressure
|move|p1a: Great Tusk|Headlong Rush|p2a: Corviknight
|-immune|p2a: Corviknight
|
|-heal|p2a: Corviknight|70/100|[from] item: Leftovers
|upkeep
|turn|11
|
|t:|1769387612
|move|p1a: Great Tusk|Close Combat|p2a: Corviknight
|-damage|p2a: Corviknight|30/100
|-unboost|p1a: Great Tusk|def|1
|-unboost|p1a: Great Tusk|spd|1
|move|p2a: Corviknight|Defog|p1a: Great Tusk
|-unboost|p1a: Great Tusk|evasion|1
|-sideend|p2: scorpion257|Stealth Rock|[from] move: Defog|[of] p2a: Corviknight
|
|-heal|p2a: Corviknight|37/100|[from] item: Leftovers
|upkeep
|turn|12
|
|t:|1769387618
|switch|p2a: Dondozo|Dondozo, F|100/100
|move|p1a: Great Tusk|Close Combat|p2a: Dondozo
|-damage|p2a: Dondozo|73/100
|-unboost|p1a: Great Tusk|def|1
|-unboost|p1a: Great Tusk|spd|1
|
|-heal|p2a: Dondozo|80/100|[from] item: Leftovers
|upkeep
|turn|13
|
|t:|1769387625
|-end|p1a: Great Tusk|Protosynthesis|[silent]
|switch|p1a: Tinkaton|Tinkaton, F, shiny|100/100
|-item|p1a: Tinkaton|Air Balloon
|switch|p2a: Corviknight|Corviknight, F|37/100
|-ability|p2a: Corviknight|Pressure
|
|-heal|p2a: Corviknight|43/100|[from] item: Leftovers
|upkeep
|turn|14
|
|t:|1769387630
|move|p1a: Tinkaton|Stealth Rock|p2a: Corviknight
|-sidestart|p2: scorpion257|move: Stealth Rock
|move|p2a: Corviknight|Body Press|p1a: Tinkaton
|-damage|p1a: Tinkaton|63/100
|-enditem|p1a: Tinkaton|Air Balloon
|-enditem|p2a: Corviknight|Leftovers|[silent]|[from] ability: Pickpocket|[of] p2a: Corviknight
|-item|p1a: Tinkaton|Leftovers|[from] ability: Pickpocket|[of] p2a: Corviknight
|
|-heal|p1a: Tinkaton|69/100|[from] item: Leftovers
|upkeep
|turn|15
|
|t:|1769387635
|switch|p2a: Toxapex|Toxapex, F|100/100
|-damage|p2a: Toxapex|88/100|[from] Stealth Rock
|move|p1a: Tinkaton|Encore||[still]
|-fail|p1a: Tinkaton
|
|-heal|p1a: Tinkaton|75/100|[from] item: Leftovers
|-heal|p2a: Toxapex|94/100|[from] item: Leftovers
|upkeep
|turn|16
|
|t:|1769387642
|switch|p1a: Great Tusk|Great Tusk, shiny|100/100
|move|p2a: Toxapex|Poison Jab|p1a: Great Tusk
|-resisted|p1a: Great Tusk
|-damage|p1a: Great Tusk|94/100
|
|-heal|p2a: Toxapex|100/100|[from] item: Leftovers
|upkeep
|turn|17
|
|t:|1769387653
|switch|p2a: Dondozo|Dondozo, F|80/100
|-damage|p2a: Dondozo|67/100|[from] Stealth Rock
|move|p1a: Great Tusk|Headlong Rush|p2a: Dondozo
|-damage|p2a: Dondozo|41/100
|-unboost|p1a: Great Tusk|def|1
|-unboost|p1a: Great Tusk|spd|1
|
|-heal|p2a: Dondozo|47/100|[from] item: Leftovers
|upkeep
|turn|18
|
|t:|1769387680
|-end|p1a: Great Tusk|Protosynthesis|[silent]
|switch|p1a: Ogerpon|Ogerpon, F|100/100
|move|p2a: Dondozo|Rest|p2a: Dondozo
|-status|p2a: Dondozo|slp|[from] move: Rest
|-heal|p2a: Dondozo|100/100 slp|[silent]
|
|upkeep
|turn|19
|
|t:|1769387705
|switch|p2a: Weezing|Weezing-Galar, M|100/100
|-ability|p2a: Weezing|Neutralizing Gas
|move|p1a: Ogerpon|U-turn|p2a: Weezing
|-resisted|p2a: Weezing
|-damage|p2a: Weezing|95/100
|inactive|wufuni has 120 seconds left.
|
|t:|1769387723
|switch|p1a: Hydreigon|Hydreigon, M, shiny|100/100|[from] U-turn
|
|upkeep
|turn|20
|
|t:|1769387729
|-end|p2a: Weezing|ability: Neutralizing Gas
|switch|p2a: Blissey|Blissey, F|100/100
|-damage|p2a: Blissey|88/100|[from] Stealth Rock
|-terastallize|p1a: Hydreigon|Steel
|move|p1a: Hydreigon|Flash Cannon|p2a: Blissey
|-damage|p2a: Blissey|70/100
|
|-heal|p2a: Blissey|76/100|[from] item: Leftovers
|upkeep
|turn|21
|
|t:|1769387737
|switch|p1a: Great Tusk|Great Tusk, shiny|94/100
|move|p2a: Blissey|Stealth Rock|p1a: Great Tusk
|-sidestart|p1: wufuni|move: Stealth Rock
|
|-heal|p2a: Blissey|82/100|[from] item: Leftovers
|upkeep
|turn|22
|
|t:|1769387742
|switch|p2a: Gliscor|Gliscor, M|100/100 tox
|-damage|p2a: Gliscor|88/100 tox|[from] Stealth Rock
|move|p1a: Great Tusk|Rapid Spin|p2a: Gliscor
|-damage|p2a: Gliscor|73/100 tox
|-boost|p1a: Great Tusk|spe|1
|-sideend|p1: wufuni|Stealth Rock|[from] move: Rapid Spin|[of] p1a: Great Tusk
|
|-heal|p2a: Gliscor|85/100 tox|[from] ability: Poison Heal
|upkeep
|turn|23
|
|t:|1769387748
|move|p2a: Gliscor|Protect|p2a: Gliscor
|-singleturn|p2a: Gliscor|Protect
|move|p1a: Great Tusk|Ice Spinner|p2a: Gliscor
|-activate|p2a: Gliscor|move: Protect
|
|-heal|p2a: Gliscor|98/100 tox|[from] ability: Poison Heal
|upkeep
|turn|24
|
|t:|1769387761
|switch|p2a: Dondozo|Dondozo, F|100/100 slp
|-damage|p2a: Dondozo|88/100 slp|[from] Stealth Rock
|move|p1a: Great Tusk|Ice Spinner|p2a: Dondozo
|-resisted|p2a: Dondozo
|-damage|p2a: Dondozo|82/100 slp
|
|-heal|p2a: Dondozo|89/100 slp|[from] item: Leftovers
|upkeep
|turn|25
|inactive|scorpion257 has 120 seconds left.
|
|t:|1769387802
|-end|p1a: Great Tusk|Protosynthesis|[silent]
|switch|p1a: Ogerpon|Ogerpon, F|100/100
|cant|p2a: Dondozo|slp
|
|-heal|p2a: Dondozo|95/100 slp|[from] item: Leftovers
|upkeep
|turn|26
|
|t:|1769387807
|switch|p2a: Weezing|Weezing-Galar, M|95/100
|-ability|p2a: Weezing|Neutralizing Gas
|move|p1a: Ogerpon|Knock Off|p2a: Weezing
|-resisted|p2a: Weezing
|-damage|p2a: Weezing|80/100
|-enditem|p2a: Weezing|Heavy-Duty Boots|[from] move: Knock Off|[of] p1a: Ogerpon
|
|upkeep
|turn|27
|inactive|scorpion257 has 120 seconds left.
|
|t:|1769387826
|switch|p1a: Hydreigon|Hydreigon, M, shiny, tera:Steel|100/100
|move|p2a: Weezing|Will-O-Wisp|p1a: Hydreigon
|-status|p1a: Hydreigon|brn
|
|-damage|p1a: Hydreigon|94/100 brn|[from] brn
|upkeep
|turn|28
|inactive|scorpion257 has 120 seconds left.
|
|t:|1769387831
|-end|p2a: Weezing|ability: Neutralizing Gas
|switch|p2a: Blissey|Blissey, F|82/100
|-damage|p2a: Blissey|70/100|[from] Stealth Rock
|move|p1a: Hydreigon|Draco Meteor|p2a: Blissey
|-damage|p2a: Blissey|39/100
|-unboost|p1a: Hydreigon|spa|2
|
|-heal|p2a: Blissey|45/100|[from] item: Leftovers
|-damage|p1a: Hydreigon|88/100 brn|[from] brn
|upkeep
|turn|29
|
|t:|1769387843
|switch|p1a: Ogerpon|Ogerpon, F|100/100
|move|p2a: Blissey|Soft-Boiled|p2a: Blissey
|-heal|p2a: Blissey|95/100
|
|-heal|p2a: Blissey|100/100|[from] item: Leftovers
|upkeep
|turn|30
|
|t:|1769387852
|switch|p2a: Toxapex|Toxapex, F|100/100
|-damage|p2a: Toxapex|88/100|[from] Stealth Rock
|move|p1a: Ogerpon|U-turn|p2a: Toxapex
|-resisted|p2a: Toxapex
|-damage|p2a: Toxapex|75/100
|
|t:|1769387857
|switch|p1a: Great Tusk|Great Tusk, shiny|94/100|[from] U-turn
|
|-heal|p2a: Toxapex|82/100|[from] item: Leftovers
|upkeep
|turn|31
|-message|scorpion257 forfeited.
|
|win|wufuni
|raw|wufuni's rating: 1496 &rarr; <strong>1521</strong><br />(+25 for winning)
|raw|scorpion257's rating: 1589 &rarr; <strong>1564</strong><br />(-25 for losing)
|l|☆scorpion257
|player|p2|
