|j|☆Grimsley961116
|j|☆Xywe18
|t:|1769422081
|gametype|singles
|player|p1|Grimsley961116|grimsley|1353
|player|p2|Xywe18|waitress-gen4|1356
|gen|9
|tier|[Gen 9] OU
|rated|
|rule|HP Percentage Mod: HP is shown in percentages
|rule|Endless Battle Clause: Forcing endless battles is banned
|rule|Species Clause: Limit one of each Pokémon
|rule|OHKO Clause: OHKO moves are banned
|rule|Evasion Items Clause: Evasion items are banned
|rule|Evasion Moves Clause: Evasion moves are banned
|rule|Evasion Abilities Clause: Evasion abilities are banned
|rule|Sleep Moves Clause: Sleep-inducing moves are banned
|clearpoke
|poke|p1|Rotom-Wash|
|poke|p1|Torkoal, F|
|poke|p1|Garganacl, M|
|poke|p1|Arboliva, F|
|poke|p1|Ceruledge, F|
|poke|p1|Dragonite, M|
|poke|p2|Iron Treads|
|poke|p2|Rotom-Wash|
|poke|p2|Gholdengo|
|poke|p2|Zamazenta-*|
|poke|p2|Darkrai|
|poke|p2|Dragapult, F|
|teampreview
|inactive|Battle timer is ON: inactive players will automatically lose when time's up. (requested by Grimsley961116)
|
|t:|1769422106
|teamsize|p1|6
|teamsize|p2|6
|start
|switch|p1a: Rotom|Rotom-Wash|100/100
|switch|p2a: Dragapult|Dragapult, F|100/100
|turn|1
|
|t:|1769422113
|switch|p1a: Garganacl|Garganacl, M|100/100
|move|p2a: Dragapult|Dragon Darts|p1a: Garganacl
|-damage|p1a: Garganacl|76/100
|-anim|p2a: Dragapult|Dragon Darts|p1a: Garganacl
|-crit|p1a: Garganacl
|-damage|p1a: Garganacl|42/100
|
|-heal|p1a: Garganacl|48/100|[from] item: Leftovers
|upkeep
|turn|2
|
|t:|1769422122
|move|p1a: Garganacl|Protect|p1a: Garganacl
|-singleturn|p1a: Garganacl|Protect
|move|p2a: Dragapult|Dragon Darts|p1a: Garganacl
|-activate|p1a: Garganacl|move: Protect
|
|-heal|p1a: Garganacl|54/100|[from] item: Leftovers
|upkeep
|turn|3
|
|t:|1769422129
|move|p2a: Dragapult|Dragon Darts|p1a: Garganacl
|-damage|p1a: Garganacl|30/100
|-anim|p2a: Dragapult|Dragon Darts|p1a: Garganacl
|-damage|p1a: Garganacl|6/100
|move|p1a: Garganacl|Recover|p1a: Garganacl
|-heal|p1a: Garganacl|56/100
|
|-heal|p1a: Garganacl|63/100|[from] item: Leftovers
|upkeep
|turn|4
|
|t:|1769422138
|move|p1a: Garganacl|Protect|p1a: Garganacl
|-singleturn|p1a: Garganacl|Protect
|move|p2a: Dragapult|Dragon Darts|p1a: Garganacl
|-activate|p1a: Garganacl|move: Protect
|
|-heal|p1a: Garganacl|69/100|[from] item: Leftovers
|upkeep
|turn|5
|
|t:|1769422147
|-terastallize|p2a: Dragapult|Dragon
|move|p2a: Dragapult|Dragon Darts|p1a: Garganacl
|-damage|p1a: Garganacl|34/100
|-anim|p2a: Dragapult|Dragon Darts|p1a: Garganacl
|-damage|p1a: Garganacl|2/100
|move|p1a: Garganacl|Recover|p1a: Garganacl
|-heal|p1a: Garganacl|52/100
|
|-heal|p1a: Garganacl|59/100|[from] item: Leftovers
|upkeep
|turn|6
|
|t:|1769422158
|move|p1a: Garganacl|Protect|p1a: Garganacl
|-singleturn|p1a: Garganacl|Protect
|move|p2a: Dragapult|Dragon Darts|p1a: Garganacl
|-activate|p1a: Garganacl|move: Protect
|
|-heal|p1a: Garganacl|65/100|[from] item: Leftovers
|upkeep
|turn|7
|
|t:|1769422160
|move|p2a: Dragapult|Dragon Darts|p1a: Garganacl
|-damage|p1a: Garganacl|33/100
|-anim|p2a: Dragapult|Dragon Darts|p1a: Garganacl
|-damage|p1a: Garganacl|1/100
|move|p1a: Garganacl|Recover|p1a: Garganacl
|-heal|p1a: Garganacl|51/100
|
|-heal|p1a: Garganacl|57/100|[from] item: Leftovers
|upkeep
|turn|8
|
|t:|1769422170
|move|p1a: Garganacl|Protect|p1a: Garganacl
|-singleturn|p1a: Garganacl|Protect
|move|p2a: Dragapult|Dragon Darts|p1a: Garganacl
|-activate|p1a: Garganacl|move: Protect
|
|-heal|p1a: Garganacl|63/100|[from] item: Leftovers
|upkeep
|turn|9
|
|t:|1769422174
|move|p2a: Dragapult|Dragon Darts|p1a: Garganacl
|-damage|p1a: Garganacl|30/100
|-anim|p2a: Dragapult|Dragon Darts|p1a: Garganacl
|-damage|p1a: Garganacl|0 fnt
|faint|p1a: Garganacl
|
|upkeep
|
|t:|1769422179
|switch|p1a: Torkoal|Torkoal, F|100/100
|turn|10
|
|t:|1769422182
|move|p2a: Dragapult|Dragon Darts|p1a: Torkoal
|-damage|p1a: Torkoal|60/100
|-anim|p2a: Dragapult|Dragon Darts|p1a: Torkoal
|-damage|p1a: Torkoal|22/100
|move|p1a: Torkoal|Will-O-Wisp|p2a: Dragapult
|-status|p2a: Dragapult|brn
|
|-damage|p2a: Dragapult|95/100 brn|[from] brn
|upkeep
|turn|11
|
|t:|1769422192
|move|p2a: Dragapult|Dragon Darts|p1a: Torkoal
|-damage|p1a: Torkoal|2/100
|-anim|p2a: Dragapult|Dragon Darts|p1a: Torkoal
|-damage|p1a: Torkoal|0 fnt
|faint|p1a: Torkoal
|
|-damage|p2a: Dragapult|89/100 brn|[from] brn
|upkeep
|
|t:|1769422194
|switch|p1a: Arboliva|Arboliva, F|100/100
|turn|12
|
|t:|1769422203
|move|p2a: Dragapult|Dragon Darts|p1a: Arboliva
|-damage|p1a: Arboliva|70/100
|-fieldstart|move: Grassy Terrain|[from] ability: Seed Sower|[of] p1a: Arboliva
|-anim|p2a: Dragapult|Dragon Darts|p1a: Arboliva
|-damage|p1a: Arboliva|43/100
|move|p1a: Arboliva|Alluring Voice|p2a: Dragapult
|-supereffective|p2a: Dragapult
|-damage|p2a: Dragapult|13/100 brn
|
|-heal|p2a: Dragapult|19/100 brn|[from] Grassy Terrain
|-heal|p1a: Arboliva|49/100|[from] Grassy Terrain
|-damage|p2a: Dragapult|13/100 brn|[from] brn
|upkeep
|turn|13
|
|t:|1769422215
|move|p2a: Dragapult|Dragon Darts|p1a: Arboliva
|-damage|p1a: Arboliva|21/100
|-anim|p2a: Dragapult|Dragon Darts|p1a: Arboliva
|-damage|p1a: Arboliva|0 fnt
|faint|p1a: Arboliva
|
|-heal|p2a: Dragapult|19/100 brn|[from] Grassy Terrain
|-damage|p2a: Dragapult|13/100 brn|[from] brn
|upkeep
|
|t:|1769422217
|switch|p1a: Ceruledge|Ceruledge, F|100/100
|turn|14
|
|t:|1769422228
|move|p1a: Ceruledge|Shadow Sneak|p2a: Dragapult
|-damage|p2a: Dragapult|0 fnt
|faint|p2a: Dragapult
|
|upkeep
|
|t:|1769422233
|switch|p2a: Iron Treads|Iron Treads|100/100
|-item|p2a: Iron Treads|Air Balloon
|turn|15
|
|t:|1769422238
|move|p2a: Iron Treads|Knock Off|p1a: Ceruledge
|-supereffective|p1a: Ceruledge
|-damage|p1a: Ceruledge|28/100
|-ability|p1a: Ceruledge|Weak Armor|boost
|-unboost|p1a: Ceruledge|def|1
|-boost|p1a: Ceruledge|spe|2
|-enditem|p1a: Ceruledge|Focus Sash|[from] move: Knock Off|[of] p2a: Iron Treads
|move|p1a: Ceruledge|Swords Dance|p1a: Ceruledge
|-boost|p1a: Ceruledge|atk|2
|
|-heal|p1a: Ceruledge|34/100|[from] Grassy Terrain
|upkeep
|turn|16
|
|t:|1769422249
|move|p1a: Ceruledge|Bitter Blade|p2a: Iron Treads
|-supereffective|p2a: Iron Treads
|-damage|p2a: Iron Treads|0 fnt
|-heal|p1a: Ceruledge|89/100|[from] drain|[of] p2a: Iron Treads
|-enditem|p2a: Iron Treads|Air Balloon
|faint|p2a: Iron Treads
|-end|p2a: Iron Treads|Quark Drive|[silent]
|
|-heal|p1a: Ceruledge|95/100|[from] Grassy Terrain
|-fieldend|move: Grassy Terrain
|upkeep
|
|t:|1769422261
|switch|p2a: Rotom|Rotom-Wash|100/100
|turn|17
|
|t:|1769422265
|move|p1a: Ceruledge|Destiny Bond|p1a: Ceruledge
|-singlemove|p1a: Ceruledge|Destiny Bond
|move|p2a: Rotom|Hydro Pump|p1a: Ceruledge
|-supereffective|p1a: Ceruledge
|-damage|p1a: Ceruledge|0 fnt
|faint|p1a: Ceruledge
|-activate|p1a: Ceruledge|move: Destiny Bond
|faint|p2a: Rotom
|
|upkeep
|
|t:|1769422280
|switch|p1a: Dragonite|Dragonite, M, shiny|100/100
|switch|p2a: Darkrai|Darkrai|100/100
|turn|18
|
|t:|1769422285
|move|p2a: Darkrai|Ice Beam|p1a: Dragonite
|-supereffective|p1a: Dragonite
|-damage|p1a: Dragonite|36/100
|-enditem|p1a: Dragonite|Weakness Policy
|-boost|p1a: Dragonite|atk|2|[from] item: Weakness Policy
|-boost|p1a: Dragonite|spa|2|[from] item: Weakness Policy
|move|p1a: Dragonite|Dragon Dance|p1a: Dragonite
|-boost|p1a: Dragonite|atk|1
|-boost|p1a: Dragonite|spe|1
|
|upkeep
|turn|19
|
|t:|1769422294
|move|p2a: Darkrai|Ice Beam|p1a: Dragonite
|-supereffective|p1a: Dragonite
|-damage|p1a: Dragonite|0 fnt
|faint|p1a: Dragonite
|
|upkeep
|
|t:|1769422298
|switch|p1a: Rotom|Rotom-Wash|100/100
|turn|20
|-message|Grimsley961116 forfeited.
|
|win|Xywe18
|raw|Grimsley961116's rating: 1353 &rarr; <strong>1333</strong><br />(-20 for losing)
|raw|Xywe18's rating: 1356 &rarr; <strong>1376</strong><br />(+20 for winning)
|l|☆Grimsley961116
|player|p1|
|l|☆Xywe18
|player|p2|
