|j|☆ghkliufxcbnkhgdccc
|j|☆Keeplwh
|t:|1769322615
|gametype|singles
|player|p1|ghkliufxcbnkhgdccc|rosa|1168
|player|p2|Keeplwh|101|1089
|gen|9
|tier|[Gen 9] OU
|rated|
|rule|HP Percentage Mod: HP is shown in percentages
|rule|Endless Battle Clause: Forcing endless battles is banned
|rule|Species Clause: Limit one of each Pokémon
|rule|OHKO Clause: OHKO moves are banned
|rule|Evasion Items Clause: Evasion items are banned
|rule|Evasion Moves Clause: Evasion moves are banned
|rule|Evasion Abilities Clause: Evasion abilities are banned
|rule|Sleep Moves Clause: Sleep-inducing moves are banned
|clearpoke
|poke|p1|Heatran, M|
|poke|p1|Dragonite, M|
|poke|p1|Tyranitar, F|
|poke|p1|Gholdengo|
|poke|p1|Weezing-Galar, F|
|poke|p1|Ogerpon-Wellspring, F|
|poke|p2|Alomomola, F|
|poke|p2|Raging Bolt|
|poke|p2|Slowking-Galar, F|
|poke|p2|Braviary-Hisui, M|
|poke|p2|Great Tusk|
|poke|p2|Dragonite, M|
|teampreview
|
|t:|1769322634
|teamsize|p1|6
|teamsize|p2|6
|start
|switch|p1a: Tyranitar|Tyranitar, F|100/100
|switch|p2a: Dragonite|Dragonite, M|100/100
|-weather|Sandstorm|[from] ability: Sand Stream|[of] p1a: Tyranitar
|turn|1
|
|t:|1769322644
|move|p2a: Dragonite|Dragon Dance|p2a: Dragonite
|-boost|p2a: Dragonite|atk|1
|-boost|p2a: Dragonite|spe|1
|move|p1a: Tyranitar|Knock Off|p2a: Dragonite
|-damage|p2a: Dragonite|75/100
|-enditem|p2a: Dragonite|Leftovers|[from] move: Knock Off|[of] p1a: Tyranitar
|
|-weather|Sandstorm|[upkeep]
|-damage|p2a: Dragonite|69/100|[from] Sandstorm
|upkeep
|turn|2
|
|t:|1769322654
|move|p2a: Dragonite|Dragon Dance|p2a: Dragonite
|-boost|p2a: Dragonite|atk|1
|-boost|p2a: Dragonite|spe|1
|move|p1a: Tyranitar|Stealth Rock|p2a: Dragonite
|-sidestart|p2: Keeplwh|move: Stealth Rock
|
|-weather|Sandstorm|[upkeep]
|-damage|p2a: Dragonite|62/100|[from] Sandstorm
|upkeep
|turn|3
|
|t:|1769322664
|move|p2a: Dragonite|Dragon Dance|p2a: Dragonite
|-boost|p2a: Dragonite|atk|1
|-boost|p2a: Dragonite|spe|1
|move|p1a: Tyranitar|Knock Off|p2a: Dragonite
|-damage|p2a: Dragonite|29/100
|
|-weather|Sandstorm|[upkeep]
|-damage|p2a: Dragonite|23/100|[from] Sandstorm
|upkeep
|turn|4
|
|t:|1769322672
|move|p2a: Dragonite|Earthquake|p1a: Tyranitar
|-supereffective|p1a: Tyranitar
|-damage|p1a: Tyranitar|0 fnt
|faint|p1a: Tyranitar
|
|-weather|Sandstorm|[upkeep]
|-damage|p2a: Dragonite|17/100|[from] Sandstorm
|upkeep
|
|t:|1769322680
|switch|p1a: Dragonite|Dragonite, M|100/100
|turn|5
|
|t:|1769322685
|-terastallize|p1a: Dragonite|Normal
|move|p2a: Dragonite|Extreme Speed|p1a: Dragonite
|-damage|p1a: Dragonite|38/100
|move|p1a: Dragonite|Extreme Speed|p2a: Dragonite
|-damage|p2a: Dragonite|0 fnt
|faint|p2a: Dragonite
|
|-weather|none
|upkeep
|
|t:|1769322696
|switch|p2a: Raging Bolt|Raging Bolt|100/100
|turn|6
|
|t:|1769322710
|move|p1a: Dragonite|Extreme Speed|p2a: Raging Bolt
|-damage|p2a: Raging Bolt|40/100
|move|p2a: Raging Bolt|Thunderbolt|p1a: Dragonite
|-damage|p1a: Dragonite|0 fnt
|faint|p1a: Dragonite
|
|upkeep
|
|t:|1769322729
|switch|p1a: Ogerpon|Ogerpon-Wellspring, F|100/100
|turn|7
|
|t:|1769322733
|move|p2a: Raging Bolt|Thunderclap|p1a: Ogerpon
|-damage|p1a: Ogerpon|56/100
|move|p1a: Ogerpon|Play Rough|p2a: Raging Bolt
|-supereffective|p2a: Raging Bolt
|-damage|p2a: Raging Bolt|0 fnt
|faint|p2a: Raging Bolt
|-end|p2a: Raging Bolt|Protosynthesis|[silent]
|
|upkeep
|
|t:|1769322741
|switch|p2a: Braviary|Braviary-Hisui, M|100/100
|-damage|p2a: Braviary|76/100|[from] Stealth Rock
|turn|8
|
|t:|1769322754
|move|p1a: Ogerpon|Ivy Cudgel|p2a: Braviary|[anim] Ivy Cudgel Water
|-damage|p2a: Braviary|15/100
|move|p2a: Braviary|Psychic|p1a: Ogerpon
|-damage|p1a: Ogerpon|0 fnt
|faint|p1a: Ogerpon
|
|upkeep
|
|t:|1769322763
|switch|p1a: Gholdengo|Gholdengo|100/100
|-item|p1a: Gholdengo|Air Balloon
|turn|9
|
|t:|1769322771
|switch|p2a: Great Tusk|Great Tusk|100/100
|-damage|p2a: Great Tusk|98/100|[from] Stealth Rock
|-item|p2a: Great Tusk|Air Balloon
|move|p1a: Gholdengo|Shadow Ball|p2a: Great Tusk
|-damage|p2a: Great Tusk|46/100
|-unboost|p2a: Great Tusk|spd|1
|-enditem|p2a: Great Tusk|Air Balloon
|
|upkeep
|turn|10
|
|t:|1769322781
|move|p1a: Gholdengo|Dazzling Gleam|p2a: Great Tusk
|-supereffective|p2a: Great Tusk
|-damage|p2a: Great Tusk|0 fnt
|faint|p2a: Great Tusk
|-end|p2a: Great Tusk|Protosynthesis|[silent]
|
|upkeep
|
|t:|1769322786
|switch|p2a: Alomomola|Alomomola, F|100/100
|-damage|p2a: Alomomola|88/100|[from] Stealth Rock
|turn|11
|
|t:|1769322791
|move|p1a: Gholdengo|Nasty Plot|p1a: Gholdengo
|-boost|p1a: Gholdengo|spa|2
|move|p2a: Alomomola|Mirror Coat||[still]
|-fail|p2a: Alomomola
|
|-heal|p2a: Alomomola|94/100|[from] item: Leftovers
|upkeep
|turn|12
|
|t:|1769322799
|move|p1a: Gholdengo|Nasty Plot|p1a: Gholdengo
|-boost|p1a: Gholdengo|spa|2
|move|p2a: Alomomola|Flip Turn|p1a: Gholdengo
|-damage|p1a: Gholdengo|88/100
|-enditem|p1a: Gholdengo|Air Balloon
|
|t:|1769322802
|switch|p2a: Slowking|Slowking-Galar, F|100/100|[from] Flip Turn
|-damage|p2a: Slowking|88/100|[from] Stealth Rock
|
|-heal|p2a: Slowking|94/100|[from] item: Black Sludge
|upkeep
|turn|13
|
|t:|1769322815
|-terastallize|p2a: Slowking|Poison
|move|p1a: Gholdengo|Make It Rain|p2a: Slowking
|-damage|p2a: Slowking|0 fnt
|-unboost|p1a: Gholdengo|spa|1
|faint|p2a: Slowking
|
|upkeep
|-message|Keeplwh forfeited.
|
|win|ghkliufxcbnkhgdccc
|raw|ghkliufxcbnkhgdccc's rating: 1168 &rarr; <strong>1187</strong><br />(+19 for winning)
|raw|Keeplwh's rating: 1089 &rarr; <strong>1071</strong><br />(-18 for losing)
|l|☆Keeplwh
|player|p2|
|l|☆ghkliufxcbnkhgdccc
|player|p1|
