|j|☆OP Sand
|j|‽machopped unc
|t:|1769326680
|gametype|singles
|player|p1|OP Sand|giovanni-masters|1655
|player|p2|machopped unc|clown|1738
|gen|9
|tier|[Gen 9] OU
|rated|
|rule|HP Percentage Mod: HP is shown in percentages
|rule|Endless Battle Clause: Forcing endless battles is banned
|rule|Species Clause: Limit one of each Pokémon
|rule|OHKO Clause: OHKO moves are banned
|rule|Evasion Items Clause: Evasion items are banned
|rule|Evasion Moves Clause: Evasion moves are banned
|rule|Evasion Abilities Clause: Evasion abilities are banned
|rule|Sleep Moves Clause: Sleep-inducing moves are banned
|clearpoke
|poke|p1|Excadrill, F|
|poke|p1|Tyranitar, F|
|poke|p1|Kyurem|
|poke|p1|Hawlucha, F|
|poke|p1|Pawmot, F|
|poke|p1|Greninja-*, F|
|poke|p2|Gholdengo|
|poke|p2|Iron Valiant|
|poke|p2|Ribombee, F|
|poke|p2|Dragonite, M|
|poke|p2|Glimmora, F|
|poke|p2|Kingambit, F|
|teampreview
|inactive|Battle timer is ON: inactive players will automatically lose when time's up. (requested by OP Sand)
|
|t:|1769326691
|teamsize|p1|6
|teamsize|p2|6
|start
|switch|p1a: Greninja|Greninja, F|100/100
|switch|p2a: Ribombee|Ribombee, F|100/100
|turn|1
|
|t:|1769326697
|move|p2a: Ribombee|Moonblast|p1a: Greninja
|-supereffective|p1a: Greninja
|-damage|p1a: Greninja|0 fnt
|faint|p1a: Greninja
|
|upkeep
|
|t:|1769326705
|switch|p1a: OP|Excadrill, F|100/100
|turn|2
|
|t:|1769326708
|move|p2a: Ribombee|Stun Spore|p1a: OP|[miss]
|-miss|p2a: Ribombee|p1a: OP
|move|p1a: OP|Iron Head|p2a: Ribombee
|-supereffective|p2a: Ribombee
|-enditem|p2a: Ribombee|Focus Sash
|-damage|p2a: Ribombee|1/100
|
|upkeep
|turn|3
|j| AmberArm
|
|t:|1769326712
|switch|p1a: Shukaku|Tyranitar, F, shiny|100/100
|-weather|Sandstorm|[from] ability: Sand Stream|[of] p1a: Shukaku
|move|p2a: Ribombee|Stun Spore|p1a: Shukaku
|-status|p1a: Shukaku|par
|
|-weather|Sandstorm|[upkeep]
|-damage|p2a: Ribombee|0 fnt|[from] Sandstorm
|faint|p2a: Ribombee
|upkeep
|j| Noname0028
|
|t:|1769326724
|switch|p2a: Iron Valiant|Iron Valiant|100/100
|-enditem|p2a: Iron Valiant|Booster Energy
|-activate|p2a: Iron Valiant|ability: Quark Drive|[fromitem]
|-start|p2a: Iron Valiant|quarkdrivespa
|turn|4
|
|t:|1769326736
|switch|p1a: Itachi|Hawlucha, F, shiny|100/100
|-ability|p1a: Itachi|Mold Breaker
|move|p2a: Iron Valiant|Moonblast|p1a: Itachi
|-supereffective|p1a: Itachi
|-damage|p1a: Itachi|0 fnt
|faint|p1a: Itachi
|
|-weather|Sandstorm|[upkeep]
|-damage|p2a: Iron Valiant|94/100|[from] Sandstorm
|upkeep
|
|t:|1769326739
|switch|p1a: OP|Excadrill, F|100/100
|turn|5
|
|t:|1769326755
|move|p2a: Iron Valiant|Vacuum Wave|p1a: OP
|-supereffective|p1a: OP
|-damage|p1a: OP|20/100
|move|p1a: OP|Iron Head|p2a: Iron Valiant
|-supereffective|p2a: Iron Valiant
|-damage|p2a: Iron Valiant|0 fnt
|faint|p2a: Iron Valiant
|-end|p2a: Iron Valiant|Quark Drive|[silent]
|
|-weather|Sandstorm|[upkeep]
|upkeep
|
|t:|1769326766
|switch|p2a: Gholdengo|Gholdengo|100/100
|-item|p2a: Gholdengo|Air Balloon
|turn|6
|
|t:|1769326770
|move|p1a: OP|Iron Head|p2a: Gholdengo
|-resisted|p2a: Gholdengo
|-damage|p2a: Gholdengo|62/100
|-enditem|p2a: Gholdengo|Air Balloon
|move|p2a: Gholdengo|Shadow Ball|p1a: OP
|-damage|p1a: OP|0 fnt
|faint|p1a: OP
|
|-weather|Sandstorm|[upkeep]
|upkeep
|
|t:|1769326790
|switch|p1a: Porunga|Pawmot, F|100/100
|turn|7
|
|t:|1769326793
|move|p1a: Porunga|Revival Blessing|p1a: Porunga
|-enditem|p1a: Porunga|Leppa Berry|[eat]
|-activate|p1a: Porunga|item: Leppa Berry|Revival Blessing|[consumed]
|
|t:|1769326802
|-heal|p1: OP|50/100|[from] move: Revival Blessing
|move|p2a: Gholdengo|Dazzling Gleam|p1a: Porunga
|-supereffective|p1a: Porunga
|-damage|p1a: Porunga|24/100
|
|-weather|Sandstorm|[upkeep]
|-damage|p1a: Porunga|18/100|[from] Sandstorm
|upkeep
|turn|8
|
|t:|1769326812
|switch|p2a: Glimmora|Glimmora, F|100/100
|move|p1a: Porunga|Revival Blessing|p1a: Porunga
|
|t:|1769326817
|-heal|p1: Greninja|50/100|[from] move: Revival Blessing
|
|-weather|Sandstorm|[upkeep]
|-damage|p1a: Porunga|12/100|[from] Sandstorm
|upkeep
|turn|9
|
|t:|1769326820
|move|p1a: Porunga|Rest|p1a: Porunga
|-status|p1a: Porunga|slp|[from] move: Rest
|-heal|p1a: Porunga|100/100 slp|[silent]
|move|p2a: Glimmora|Stealth Rock|p1a: Porunga
|-sidestart|p1: OP Sand|move: Stealth Rock
|
|-weather|Sandstorm|[upkeep]
|-damage|p1a: Porunga|95/100 slp|[from] Sandstorm
|upkeep
|turn|10
|
|t:|1769326841
|switch|p2a: Dragonite|Dragonite, M|100/100
|cant|p1a: Porunga|slp
|move|p1a: Porunga|Sleep Talk|p1a: Porunga
|move|p1a: Porunga|Revival Blessing|p1a: Porunga|[from] move: Sleep Talk
|
|t:|1769326849
|-heal|p1: Itachi|50/100|[from] move: Revival Blessing
|
|-weather|none
|upkeep
|turn|11
|
|t:|1769326852
|switch|p1a: Shukaku|Tyranitar, F, shiny|100/100 par
|-damage|p1a: Shukaku|88/100 par|[from] Stealth Rock
|-weather|Sandstorm|[from] ability: Sand Stream|[of] p1a: Shukaku
|move|p2a: Dragonite|Dragon Dance|p2a: Dragonite
|-boost|p2a: Dragonite|atk|1
|-boost|p2a: Dragonite|spe|1
|
|-weather|Sandstorm|[upkeep]
|-damage|p2a: Dragonite|94/100|[from] Sandstorm
|upkeep
|turn|12
|
|t:|1769326856
|move|p2a: Dragonite|Scale Shot|p1a: Shukaku
|-damage|p1a: Shukaku|72/100 par
|-damage|p1a: Shukaku|56/100 par
|-damage|p1a: Shukaku|40/100 par
|-damage|p1a: Shukaku|24/100 par
|-damage|p1a: Shukaku|9/100 par
|-hitcount|p1a: Shukaku|5
|-unboost|p2a: Dragonite|def|1
|-boost|p2a: Dragonite|spe|1
|cant|p1a: Shukaku|par
|
|-weather|Sandstorm|[upkeep]
|-damage|p2a: Dragonite|88/100|[from] Sandstorm
|upkeep
|turn|13
|
|t:|1769326865
|move|p2a: Dragonite|Scale Shot|p1a: Shukaku
|-damage|p1a: Shukaku|0 fnt
|faint|p1a: Shukaku
|-hitcount|p1: Shukaku|1
|-unboost|p2a: Dragonite|def|1
|-boost|p2a: Dragonite|spe|1
|
|-weather|Sandstorm|[upkeep]
|-damage|p2a: Dragonite|82/100|[from] Sandstorm
|upkeep
|
|t:|1769326880
|switch|p1a: Frieza|Kyurem, shiny|100/100
|-damage|p1a: Frieza|76/100|[from] Stealth Rock
|-ability|p1a: Frieza|Pressure
|turn|14
|
|t:|1769326883
|-terastallize|p1a: Frieza|Ghost
|move|p2a: Dragonite|Scale Shot|p1a: Frieza|[miss]
|-miss|p2a: Dragonite|p1a: Frieza
|move|p1a: Frieza|Freeze-Dry|p2a: Dragonite
|-supereffective|p2a: Dragonite
|-damage|p2a: Dragonite|0 fnt
|faint|p2a: Dragonite
|
|-weather|Sandstorm|[upkeep]
|-damage|p1a: Frieza|69/100|[from] Sandstorm
|upkeep
|
|t:|1769326890
|switch|p2a: Kingambit|Kingambit, F|100/100
|-activate|p2a: Kingambit|ability: Supreme Overlord
|-start|p2a: Kingambit|fallen3|[silent]
|turn|15
|
|t:|1769326899
|move|p1a: Frieza|Earth Power|p2a: Kingambit
|-supereffective|p2a: Kingambit
|-damage|p2a: Kingambit|4/100
|move|p2a: Kingambit|Swords Dance|p2a: Kingambit
|-boost|p2a: Kingambit|atk|2
|
|-weather|Sandstorm|[upkeep]
|-damage|p1a: Frieza|63/100|[from] Sandstorm
|-heal|p2a: Kingambit|10/100|[from] item: Leftovers
|upkeep
|turn|16
|
|t:|1769326905
|switch|p1a: Greninja|Greninja, F|50/100
|-damage|p1a: Greninja|38/100|[from] Stealth Rock
|move|p2a: Kingambit|Kowtow Cleave|p1a: Greninja
|-resisted|p1a: Greninja
|-damage|p1a: Greninja|0 fnt
|faint|p1a: Greninja
|
|-weather|Sandstorm|[upkeep]
|-heal|p2a: Kingambit|16/100|[from] item: Leftovers
|upkeep
|
|t:|1769326908
|switch|p1a: Itachi|Hawlucha, F, shiny|50/100
|-damage|p1a: Itachi|38/100|[from] Stealth Rock
|-ability|p1a: Itachi|Mold Breaker
|turn|17
|
|t:|1769326912
|-end|p2a: Kingambit|fallen3|[silent]
|switch|p2a: Glimmora|Glimmora, F|100/100
|move|p1a: Itachi|Defog|p2a: Glimmora
|-unboost|p2a: Glimmora|evasion|1
|-sideend|p1: OP Sand|Stealth Rock|[from] move: Defog|[of] p1a: Itachi
|
|-weather|Sandstorm|[upkeep]
|-damage|p1a: Itachi|32/100|[from] Sandstorm
|upkeep
|turn|18
|
|t:|1769326928
|switch|p1a: Porunga|Pawmot, F|95/100 slp
|move|p2a: Glimmora|Mortal Spin|p1a: Porunga
|-damage|p1a: Porunga|86/100 slp
|
|-weather|none
|upkeep
|turn|19
|
|t:|1769326932
|cant|p1a: Porunga|slp
|move|p1a: Porunga|Sleep Talk|p1a: Porunga
|move|p1a: Porunga|Revival Blessing|p1a: Porunga|[from] move: Sleep Talk
|-message|machopped unc forfeited.
|
|win|OP Sand
|raw|OP Sand's rating: 1655 &rarr; <strong>1680</strong><br />(+25 for winning)
|raw|machopped unc's rating: 1738 &rarr; <strong>1713</strong><br />(-25 for losing)
|l| AmberArm
|l|‽machopped unc
|player|p2|
|l|☆OP Sand
|player|p1|
|l| Noname0028
