|j|☆kingofdondons
|j|☆polteageistgaming
|t:|1769315168
|gametype|singles
|player|p1|kingofdondons|skyla|1606
|player|p2|polteageistgaming|nemona-s|1566
|gen|9
|tier|[Gen 9] OU
|rated|
|rule|HP Percentage Mod: HP is shown in percentages
|rule|Endless Battle Clause: Forcing endless battles is banned
|rule|Species Clause: Limit one of each Pokémon
|rule|OHKO Clause: OHKO moves are banned
|rule|Evasion Items Clause: Evasion items are banned
|rule|Evasion Moves Clause: Evasion moves are banned
|rule|Evasion Abilities Clause: Evasion abilities are banned
|rule|Sleep Moves Clause: Sleep-inducing moves are banned
|clearpoke
|poke|p1|Dragonite, M|
|poke|p1|Ting-Lu|
|poke|p1|Iron Moth|
|poke|p1|Iron Valiant|
|poke|p1|Kyurem|
|poke|p1|Gholdengo|
|poke|p2|Ting-Lu|
|poke|p2|Slowking-Galar, M|
|poke|p2|Corviknight, M|
|poke|p2|Cinderace, M|
|poke|p2|Ogerpon-Wellspring, F|
|poke|p2|Raging Bolt|
|teampreview
|inactive|Battle timer is ON: inactive players will automatically lose when time's up. (requested by kingofdondons)
|
|t:|1769315176
|teamsize|p1|6
|teamsize|p2|6
|start
|switch|p1a: Kyurem|Kyurem|100/100
|switch|p2a: Raging Bolt|Raging Bolt|100/100
|-ability|p1a: Kyurem|Pressure
|turn|1
|
|t:|1769315182
|-terastallize|p2a: Raging Bolt|Fairy
|move|p1a: Kyurem|Icicle Spear|p2a: Raging Bolt
|-damage|p2a: Raging Bolt|87/100
|-damage|p2a: Raging Bolt|74/100
|-damage|p2a: Raging Bolt|61/100
|-damage|p2a: Raging Bolt|46/100
|-hitcount|p2a: Raging Bolt|4
|move|p2a: Raging Bolt|Draco Meteor|p1a: Kyurem
|-supereffective|p1a: Kyurem
|-damage|p1a: Kyurem|0 fnt
|-unboost|p2a: Raging Bolt|spa|2
|faint|p1a: Kyurem
|
|upkeep
|
|t:|1769315194
|switch|p1a: Iron Moth|Iron Moth|100/100
|-enditem|p1a: Iron Moth|Booster Energy
|-activate|p1a: Iron Moth|ability: Quark Drive|[fromitem]
|-start|p1a: Iron Moth|quarkdrivespe
|turn|2
|
|t:|1769315197
|-end|p2a: Raging Bolt|Protosynthesis|[silent]
|switch|p2a: Ting-Lu|Ting-Lu|100/100
|-ability|p2a: Ting-Lu|Vessel of Ruin
|move|p1a: Iron Moth|Sludge Wave|p2a: Ting-Lu
|-resisted|p2a: Ting-Lu
|-crit|p2a: Ting-Lu
|-damage|p2a: Ting-Lu|86/100
|
|-heal|p2a: Ting-Lu|92/100|[from] item: Leftovers
|upkeep
|turn|3
|
|t:|1769315201
|-end|p1a: Iron Moth|Quark Drive|[silent]
|switch|p1a: Ting-Lu|Ting-Lu|100/100
|-ability|p1a: Ting-Lu|Vessel of Ruin
|move|p2a: Ting-Lu|Earthquake|p1a: Ting-Lu
|-damage|p1a: Ting-Lu|81/100
|
|-heal|p2a: Ting-Lu|98/100|[from] item: Leftovers
|upkeep
|turn|4
|
|t:|1769315204
|switch|p2a: Corviknight|Corviknight, M|100/100
|-ability|p2a: Corviknight|Pressure
|move|p1a: Ting-Lu|Ruination|p2a: Corviknight
|-damage|p2a: Corviknight|51/100
|
|upkeep
|turn|5
|
|t:|1769315208
|move|p1a: Ting-Lu|Taunt|p2a: Corviknight
|-start|p2a: Corviknight|move: Taunt
|move|p2a: Corviknight|U-turn|p1a: Ting-Lu
|-supereffective|p1a: Ting-Lu
|-damage|p1a: Ting-Lu|63/100
|-damage|p2a: Corviknight|34/100|[from] item: Rocky Helmet|[of] p1a: Ting-Lu
|
|t:|1769315210
|switch|p2a: Ogerpon|Ogerpon-Wellspring, F|100/100|[from] U-turn
|
|upkeep
|turn|6
|
|t:|1769315214
|move|p2a: Ogerpon|Ivy Cudgel|p1a: Ting-Lu|[anim] Ivy Cudgel Water
|-supereffective|p1a: Ting-Lu
|-damage|p1a: Ting-Lu|0 fnt
|faint|p1a: Ting-Lu
|
|upkeep
|
|t:|1769315227
|switch|p1a: Gholdengo|Gholdengo|100/100
|turn|7
|
|t:|1769315230
|switch|p2a: Ting-Lu|Ting-Lu|98/100
|-ability|p2a: Ting-Lu|Vessel of Ruin
|move|p1a: Gholdengo|Shadow Ball|p2a: Ting-Lu
|-resisted|p2a: Ting-Lu
|-damage|p2a: Ting-Lu|90/100
|
|-heal|p2a: Ting-Lu|96/100|[from] item: Leftovers
|upkeep
|turn|8
|
|t:|1769315236
|switch|p1a: Dragonite|Dragonite, M|100/100
|switch|p2a: Ogerpon|Ogerpon-Wellspring, F|100/100
|
|upkeep
|turn|9
|
|t:|1769315240
|move|p2a: Ogerpon|Knock Off|p1a: Dragonite
|-damage|p1a: Dragonite|78/100
|-enditem|p1a: Dragonite|Heavy-Duty Boots|[from] move: Knock Off|[of] p2a: Ogerpon
|move|p1a: Dragonite|Dragon Dance|p1a: Dragonite
|-boost|p1a: Dragonite|atk|1
|-boost|p1a: Dragonite|spe|1
|
|upkeep
|turn|10
|
|t:|1769315248
|move|p1a: Dragonite|Ice Spinner|p2a: Ogerpon
|-damage|p2a: Ogerpon|43/100
|move|p2a: Ogerpon|Encore|p1a: Dragonite
|-start|p1a: Dragonite|Encore
|
|upkeep
|turn|11
|
|t:|1769315253
|switch|p2a: Corviknight|Corviknight, M|34/100
|-ability|p2a: Corviknight|Pressure
|move|p1a: Dragonite|Ice Spinner|p2a: Corviknight
|-damage|p2a: Corviknight|9/100
|-damage|p1a: Dragonite|61/100|[from] item: Rocky Helmet|[of] p2a: Corviknight
|
|upkeep
|turn|12
|
|t:|1769315256
|move|p1a: Dragonite|Ice Spinner|p2a: Corviknight
|-damage|p2a: Corviknight|0 fnt
|-damage|p1a: Dragonite|45/100|[from] item: Rocky Helmet|[of] p2a: Corviknight
|faint|p2a: Corviknight
|
|upkeep
|
|t:|1769315265
|switch|p2a: Raging Bolt|Raging Bolt, tera:Fairy|46/100
|turn|13
|
|t:|1769315271
|move|p2a: Raging Bolt|Thunderclap|p1a: Dragonite
|-crit|p1a: Dragonite
|-damage|p1a: Dragonite|0 fnt
|faint|p1a: Dragonite
|
|upkeep
|
|t:|1769315279
|switch|p1a: Gholdengo|Gholdengo|100/100
|turn|14
|
|t:|1769315281
|-end|p2a: Raging Bolt|Protosynthesis|[silent]
|switch|p2a: Ting-Lu|Ting-Lu|96/100
|-ability|p2a: Ting-Lu|Vessel of Ruin
|move|p1a: Gholdengo|Make It Rain|p2a: Ting-Lu
|-damage|p2a: Ting-Lu|70/100
|-unboost|p1a: Gholdengo|spa|1
|
|-heal|p2a: Ting-Lu|76/100|[from] item: Leftovers
|upkeep
|turn|15
|
|t:|1769315285
|switch|p1a: Iron Valiant|Iron Valiant|100/100
|-enditem|p1a: Iron Valiant|Booster Energy
|-activate|p1a: Iron Valiant|ability: Quark Drive|[fromitem]
|-start|p1a: Iron Valiant|quarkdrivespe
|move|p2a: Ting-Lu|Earthquake|p1a: Iron Valiant
|-damage|p1a: Iron Valiant|54/100
|
|-heal|p2a: Ting-Lu|82/100|[from] item: Leftovers
|upkeep
|turn|16
|inactive|polteageistgaming has 120 seconds left.
|
|t:|1769315327
|switch|p2a: Slowking|Slowking-Galar, M|100/100
|move|p1a: Iron Valiant|Close Combat|p2a: Slowking
|-resisted|p2a: Slowking
|-damage|p2a: Slowking|89/100
|-unboost|p1a: Iron Valiant|def|1
|-unboost|p1a: Iron Valiant|spd|1
|
|upkeep
|turn|17
|
|t:|1769315332
|move|p1a: Iron Valiant|Knock Off|p2a: Slowking
|-supereffective|p2a: Slowking
|-damage|p2a: Slowking|45/100
|-enditem|p2a: Slowking|Heavy-Duty Boots|[from] move: Knock Off|[of] p1a: Iron Valiant
|move|p2a: Slowking|Psychic Noise|p1a: Iron Valiant
|-supereffective|p1a: Iron Valiant
|-damage|p1a: Iron Valiant|0 fnt
|faint|p1a: Iron Valiant
|-end|p1a: Iron Valiant|Quark Drive|[silent]
|
|upkeep
|
|t:|1769315355
|switch|p1a: Gholdengo|Gholdengo|100/100
|turn|18
|inactive|polteageistgaming has 120 seconds left.
|
|t:|1769315378
|move|p1a: Gholdengo|Shadow Ball|p2a: Slowking
|-supereffective|p2a: Slowking
|-damage|p2a: Slowking|0 fnt
|faint|p2a: Slowking
|
|upkeep
|
|t:|1769315381
|switch|p2a: Cinderace|Cinderace, M|100/100
|turn|19
|
|t:|1769315383
|move|p1a: Gholdengo|Shadow Ball|p2a: Cinderace
|-damage|p2a: Cinderace|36/100
|move|p2a: Cinderace|Pyro Ball|p1a: Gholdengo
|-supereffective|p1a: Gholdengo
|-damage|p1a: Gholdengo|0 fnt
|faint|p1a: Gholdengo
|
|upkeep
|
|t:|1769315384
|switch|p1a: Iron Moth|Iron Moth|100/100
|turn|20
|
|t:|1769315389
|move|p2a: Cinderace|Pyro Ball|p1a: Iron Moth
|-resisted|p1a: Iron Moth
|-damage|p1a: Iron Moth|63/100
|move|p1a: Iron Moth|Sludge Wave|p2a: Cinderace
|-damage|p2a: Cinderace|0 fnt
|faint|p2a: Cinderace
|
|upkeep
|inactive|polteageistgaming has 120 seconds left.
|
|t:|1769315429
|switch|p2a: Ting-Lu|Ting-Lu|82/100
|-ability|p2a: Ting-Lu|Vessel of Ruin
|turn|21
|
|t:|1769315433
|-terastallize|p1a: Iron Moth|Ghost
|move|p1a: Iron Moth|Fiery Dance|p2a: Ting-Lu
|-damage|p2a: Ting-Lu|66/100
|-boost|p1a: Iron Moth|spa|1
|move|p2a: Ting-Lu|Payback|p1a: Iron Moth
|-supereffective|p1a: Iron Moth
|-damage|p1a: Iron Moth|0 fnt
|faint|p1a: Iron Moth
|-end|p1a: Iron Moth|Quark Drive|[silent]
|
|win|polteageistgaming
|raw|kingofdondons's rating: 1606 &rarr; <strong>1584</strong><br />(-22 for losing)
|raw|polteageistgaming's rating: 1566 &rarr; <strong>1588</strong><br />(+22 for winning)
|l|☆kingofdondons
|player|p1|
