|j|☆DerDonPorrello
|j|☆ThiefYT
|t:|1769295181
|gametype|singles
|player|p1|DerDonPorrello|hiker-gen4|1215
|player|p2|ThiefYT|dawn|1224
|gen|9
|tier|[Gen 9] OU
|rated|
|rule|HP Percentage Mod: HP is shown in percentages
|rule|Endless Battle Clause: Forcing endless battles is banned
|rule|Species Clause: Limit one of each Pokémon
|rule|OHKO Clause: OHKO moves are banned
|rule|Evasion Items Clause: Evasion items are banned
|rule|Evasion Moves Clause: Evasion moves are banned
|rule|Evasion Abilities Clause: Evasion abilities are banned
|rule|Sleep Moves Clause: Sleep-inducing moves are banned
|clearpoke
|poke|p1|Bronzong|
|poke|p1|Garchomp, F|
|poke|p1|Staraptor, F|
|poke|p1|Rotom-Mow|
|poke|p1|Darkrai|
|poke|p1|Floatzel, M|
|poke|p2|Great Tusk|
|poke|p2|Pecharunt|
|poke|p2|Iron Valiant|
|poke|p2|Iron Crown|
|poke|p2|Samurott-Hisui, F|
|poke|p2|Gyarados, M|
|teampreview
|
|t:|1769295210
|teamsize|p1|6
|teamsize|p2|6
|start
|switch|p1a: Garchomp|Garchomp, F|100/100
|switch|p2a: Iron Crown|Iron Crown|100/100
|turn|1
|inactive|Battle timer is ON: inactive players will automatically lose when time's up. (requested by DerDonPorrello)
|
|t:|1769295218
|move|p1a: Garchomp|Stealth Rock|p2a: Iron Crown
|-sidestart|p2: ThiefYT|move: Stealth Rock
|move|p2a: Iron Crown|Tachyon Cutter|p1a: Garchomp
|-damage|p1a: Garchomp|77/100
|-damage|p1a: Garchomp|53/100
|-hitcount|p1a: Garchomp|2
|
|upkeep
|turn|2
|
|t:|1769295227
|-end|p2a: Iron Crown|Quark Drive|[silent]
|switch|p2a: Gyarados|Gyarados, M|100/100
|move|p1a: Garchomp|Earthquake|p2a: Gyarados
|-immune|p2a: Gyarados
|
|upkeep
|turn|3
|
|t:|1769295235
|move|p1a: Garchomp|Spikes|p2a: Gyarados
|-sidestart|p2: ThiefYT|Spikes
|move|p2a: Gyarados|Dragon Dance|p2a: Gyarados
|-boost|p2a: Gyarados|atk|1
|-boost|p2a: Gyarados|spe|1
|
|upkeep
|turn|4
|
|t:|1769295248
|move|p2a: Gyarados|Waterfall|p1a: Garchomp
|-damage|p1a: Garchomp|3/100
|-damage|p2a: Gyarados|88/100|[from] ability: Rough Skin|[of] p1a: Garchomp
|-damage|p2a: Gyarados|72/100|[from] item: Rocky Helmet|[of] p1a: Garchomp
|move|p1a: Garchomp|Dragon Tail|p2a: Gyarados|[miss]
|-miss|p1a: Garchomp|p2a: Gyarados
|
|upkeep
|turn|5
|
|t:|1769295259
|move|p2a: Gyarados|Tera Blast|p1a: Garchomp
|-damage|p1a: Garchomp|0 fnt
|faint|p1a: Garchomp
|-ability|p2a: Gyarados|Moxie|boost
|-boost|p2a: Gyarados|atk|1
|
|upkeep
|
|t:|1769295268
|switch|p1a: Rotom|Rotom-Mow|100/100
|turn|6
|
|t:|1769295273
|-terastallize|p2a: Gyarados|Flying
|move|p1a: Rotom|Thunderbolt|p2a: Gyarados
|-supereffective|p2a: Gyarados
|-damage|p2a: Gyarados|0 fnt
|faint|p2a: Gyarados
|
|upkeep
|
|t:|1769295281
|switch|p2a: Great Tusk|Great Tusk, shiny|100/100
|turn|7
|
|t:|1769295289
|switch|p1a: Staraptor|Staraptor, F|100/100
|move|p2a: Great Tusk|Rapid Spin|p1a: Staraptor
|-damage|p1a: Staraptor|76/100
|-boost|p2a: Great Tusk|spe|1
|-sideend|p2: ThiefYT|Spikes|[from] move: Rapid Spin|[of] p2a: Great Tusk
|-sideend|p2: ThiefYT|Stealth Rock|[from] move: Rapid Spin|[of] p2a: Great Tusk
|
|upkeep
|turn|8
|
|t:|1769295299
|move|p2a: Great Tusk|Ice Spinner|p1a: Staraptor
|-supereffective|p1a: Staraptor
|-damage|p1a: Staraptor|0 fnt
|faint|p1a: Staraptor
|
|upkeep
|
|t:|1769295307
|switch|p1a: Floatzel|Floatzel, M|100/100
|turn|9
|
|t:|1769295314
|-end|p2a: Great Tusk|Protosynthesis|[silent]
|switch|p2a: Pecharunt|Pecharunt|100/100
|move|p1a: Floatzel|Wave Crash|p2a: Pecharunt
|-damage|p2a: Pecharunt|66/100
|-damage|p1a: Floatzel|84/100|[from] item: Rocky Helmet|[of] p2a: Pecharunt
|-damage|p1a: Floatzel|70/100|[from] Recoil
|
|upkeep
|turn|10
|
|t:|1769295323
|switch|p1a: Bronzong|Bronzong|100/100
|move|p2a: Pecharunt|Recover|p2a: Pecharunt
|-heal|p2a: Pecharunt|100/100
|
|upkeep
|turn|11
|
|t:|1769295329
|switch|p1a: Darkrai|Darkrai|100/100
|move|p2a: Pecharunt|Shadow Ball|p1a: Darkrai
|-resisted|p1a: Darkrai
|-damage|p1a: Darkrai|84/100
|
|upkeep
|turn|12
|
|t:|1769295346
|move|p1a: Darkrai|Sludge Bomb|p2a: Pecharunt
|-resisted|p2a: Pecharunt
|-damage|p2a: Pecharunt|88/100
|move|p2a: Pecharunt|Parting Shot|p1a: Darkrai
|-unboost|p1a: Darkrai|atk|1
|-unboost|p1a: Darkrai|spa|1
|
|t:|1769295362
|switch|p2a: Iron Crown|Iron Crown|100/100|[from] Parting Shot
|
|upkeep
|turn|13
|
|t:|1769295366
|switch|p1a: Bronzong|Bronzong|100/100
|move|p2a: Iron Crown|Tachyon Cutter|p1a: Bronzong
|-resisted|p1a: Bronzong
|-damage|p1a: Bronzong|92/100
|-resisted|p1a: Bronzong
|-damage|p1a: Bronzong|84/100
|-hitcount|p1a: Bronzong|2
|
|-heal|p1a: Bronzong|90/100|[from] item: Leftovers
|upkeep
|turn|14
|
|t:|1769295386
|move|p2a: Iron Crown|Future Sight|p1a: Bronzong
|-start|p2a: Iron Crown|move: Future Sight
|move|p1a: Bronzong|Stealth Rock|p2a: Iron Crown
|-sidestart|p2: ThiefYT|move: Stealth Rock
|
|-heal|p1a: Bronzong|96/100|[from] item: Leftovers
|upkeep
|turn|15
|
|t:|1769295392
|move|p2a: Iron Crown|Volt Switch|p1a: Bronzong
|-damage|p1a: Bronzong|79/100
|
|t:|1769295395
|-end|p2a: Iron Crown|Quark Drive|[silent]
|switch|p2a: Samurott|Samurott-Hisui, F|100/100|[from] Volt Switch
|-damage|p2a: Samurott|88/100|[from] Stealth Rock
|move|p1a: Bronzong|Earthquake|p2a: Samurott
|-damage|p2a: Samurott|59/100
|
|-heal|p1a: Bronzong|86/100|[from] item: Leftovers
|upkeep
|turn|16
|
|t:|1769295408
|switch|p1a: Darkrai|Darkrai|84/100
|move|p2a: Samurott|Ceaseless Edge|p1a: Darkrai
|-resisted|p1a: Darkrai
|-damage|p1a: Darkrai|47/100
|-sidestart|p1: DerDonPorrello|Spikes
|
|-end|p1a: Darkrai|move: Future Sight
|-immune|p1a: Darkrai
|upkeep
|turn|17
|
|t:|1769295422
|move|p2a: Samurott|Sucker Punch|p1a: Darkrai
|-resisted|p1a: Darkrai
|-damage|p1a: Darkrai|21/100
|move|p1a: Darkrai|Focus Blast|p2a: Samurott
|-supereffective|p2a: Samurott
|-damage|p2a: Samurott|0 fnt
|faint|p2a: Samurott
|
|upkeep
|
|t:|1769295432
|switch|p2a: Pecharunt|Pecharunt|88/100
|-damage|p2a: Pecharunt|75/100|[from] Stealth Rock
|turn|18
|
|t:|1769295437
|switch|p1a: Bronzong|Bronzong|86/100
|move|p2a: Pecharunt|Parting Shot|p1a: Bronzong
|-unboost|p1a: Bronzong|atk|1
|-unboost|p1a: Bronzong|spa|1
|
|t:|1769295443
|switch|p2a: Iron Valiant|Iron Valiant|100/100|[from] Parting Shot
|-damage|p2a: Iron Valiant|94/100|[from] Stealth Rock
|
|-heal|p1a: Bronzong|92/100|[from] item: Leftovers
|upkeep
|turn|19
|
|t:|1769295453
|move|p2a: Iron Valiant|Shadow Ball|p1a: Bronzong
|-supereffective|p1a: Bronzong
|-damage|p1a: Bronzong|37/100
|-unboost|p1a: Bronzong|spd|1
|move|p1a: Bronzong|Psychic Noise|p2a: Iron Valiant
|-supereffective|p2a: Iron Valiant
|-damage|p2a: Iron Valiant|47/100
|-start|p2a: Iron Valiant|move: Heal Block
|
|-heal|p1a: Bronzong|44/100|[from] item: Leftovers
|upkeep
|turn|20
|
|t:|1769295470
|move|p2a: Iron Valiant|Shadow Ball|p1a: Bronzong
|-supereffective|p1a: Bronzong
|-damage|p1a: Bronzong|0 fnt
|faint|p1a: Bronzong
|
|-end|p2a: Iron Valiant|move: Heal Block
|upkeep
|
|t:|1769295481
|switch|p1a: Rotom|Rotom-Mow|100/100
|turn|21
|
|t:|1769295487
|-end|p2a: Iron Valiant|Quark Drive|[silent]
|switch|p2a: Iron Crown|Iron Crown|100/100
|-damage|p2a: Iron Crown|94/100|[from] Stealth Rock
|move|p1a: Rotom|Thunderbolt|p2a: Iron Crown
|-damage|p2a: Iron Crown|67/100
|
|upkeep
|turn|22
|
|t:|1769295495
|switch|p1a: Darkrai|Darkrai|21/100
|-damage|p1a: Darkrai|9/100|[from] Spikes
|move|p2a: Iron Crown|Future Sight|p1a: Darkrai
|-start|p2a: Iron Crown|move: Future Sight
|
|upkeep
|turn|23
|
|t:|1769295504
|-end|p2a: Iron Crown|Quark Drive|[silent]
|switch|p2a: Great Tusk|Great Tusk, shiny|100/100
|move|p1a: Darkrai|Trick|p2a: Great Tusk
|-activate|p1a: Darkrai|move: Trick|[of] p2a: Great Tusk
|-item|p2a: Great Tusk|Choice Specs|[from] move: Trick
|-item|p1a: Darkrai|Heavy-Duty Boots|[from] move: Trick
|
|upkeep
|turn|24
|
|t:|1769295513
|switch|p1a: Rotom|Rotom-Mow|100/100
|move|p2a: Great Tusk|Rapid Spin|p1a: Rotom
|-damage|p1a: Rotom|79/100
|-boost|p2a: Great Tusk|spe|1
|-sideend|p2: ThiefYT|Stealth Rock|[from] move: Rapid Spin|[of] p2a: Great Tusk
|
|-end|p1a: Rotom|move: Future Sight
|-damage|p1a: Rotom|0 fnt
|faint|p1a: Rotom
|upkeep
|l|☆DerDonPorrello
|inactive|DerDonPorrello disconnected and has a minute to reconnect!
|player|p1|
|inactive|DerDonPorrello has 30 seconds to reconnect!
|inactive|DerDonPorrello has 20 seconds to reconnect!
|j|☆DerDonPorrello
|inactive|DerDonPorrello reconnected and has 95 seconds left.
|player|p1|DerDonPorrello|hiker-gen4|
|inactive|DerDonPorrello has 90 seconds left.
|
|t:|1769295573
|switch|p1a: Floatzel|Floatzel, M|70/100
|-damage|p1a: Floatzel|58/100|[from] Spikes
|turn|25
|inactive|DerDonPorrello has 90 seconds left.
|
|t:|1769295583
|move|p2a: Great Tusk|Rapid Spin|p1a: Floatzel
|-damage|p1a: Floatzel|24/100
|-boost|p2a: Great Tusk|spe|1
|move|p1a: Floatzel|Wave Crash|p2a: Great Tusk
|-supereffective|p2a: Great Tusk
|-damage|p2a: Great Tusk|0 fnt
|faint|p2a: Great Tusk
|-end|p2a: Great Tusk|Protosynthesis|[silent]
|-damage|p1a: Floatzel|0 fnt|[from] Recoil
|faint|p1a: Floatzel
|
|upkeep
|inactive|DerDonPorrello has 90 seconds left.
|
|t:|1769295597
|switch|p1a: Darkrai|Darkrai|9/100
|switch|p2a: Iron Crown|Iron Crown|67/100
|turn|26
|
|t:|1769295605
|move|p1a: Darkrai|Dark Pulse|p2a: Iron Crown
|-supereffective|p2a: Iron Crown
|-damage|p2a: Iron Crown|11/100
|move|p2a: Iron Crown|Tachyon Cutter|p1a: Darkrai
|-damage|p1a: Darkrai|0 fnt
|faint|p1a: Darkrai
|-hitcount|p1: Darkrai|1
|
|win|ThiefYT
|raw|DerDonPorrello's rating: 1215 &rarr; <strong>1191</strong><br />(-24 for losing)
|raw|ThiefYT's rating: 1224 &rarr; <strong>1248</strong><br />(+24 for winning)
|l|☆ThiefYT
|player|p2|
|l|☆DerDonPorrello
|player|p1|
