|j|‽Acer14
|j|☆helledge
|t:|1769340727
|gametype|singles
|player|p1|Acer14|265|1275
|player|p2|helledge|red|1253
|gen|9
|tier|[Gen 9] OU
|rated|
|rule|HP Percentage Mod: HP is shown in percentages
|rule|Endless Battle Clause: Forcing endless battles is banned
|rule|Species Clause: Limit one of each Pokémon
|rule|OHKO Clause: OHKO moves are banned
|rule|Evasion Items Clause: Evasion items are banned
|rule|Evasion Moves Clause: Evasion moves are banned
|rule|Evasion Abilities Clause: Evasion abilities are banned
|rule|Sleep Moves Clause: Sleep-inducing moves are banned
|clearpoke
|poke|p1|Tyranitar, M|
|poke|p1|Excadrill, M|
|poke|p1|Iron Valiant|
|poke|p1|Zapdos|
|poke|p1|Ogerpon, F|
|poke|p1|Toxapex, M|
|poke|p2|Tyranitar, F|
|poke|p2|Ninetales, M|
|poke|p2|Corviknight, M|
|poke|p2|Lokix, M|
|poke|p2|Swampert, F|
|poke|p2|Glimmora, M|
|teampreview
|inactive|Battle timer is ON: inactive players will automatically lose when time's up. (requested by helledge)
|
|t:|1769340745
|teamsize|p1|6
|teamsize|p2|6
|start
|switch|p1a: Ogerpon|Ogerpon, F|100/100
|switch|p2a: Swampert|Swampert, F|100/100
|turn|1
|
|t:|1769340750
|switch|p2a: Corviknight|Corviknight, M|100/100
|move|p1a: Ogerpon|Ivy Cudgel|p2a: Corviknight
|-resisted|p2a: Corviknight
|-damage|p2a: Corviknight|87/100
|
|upkeep
|turn|2
|
|t:|1769340764
|switch|p1a: Zapdos|Zapdos, shiny|100/100
|switch|p2a: Glimmora|Glimmora, M|100/100
|
|upkeep
|turn|3
|
|t:|1769340779
|move|p1a: Zapdos|Volt Switch|p2a: Glimmora
|-damage|p2a: Glimmora|55/100
|
|t:|1769340782
|switch|p1a: Tyranitar|Tyranitar, M, shiny|100/100|[from] Volt Switch
|-weather|Sandstorm|[from] ability: Sand Stream|[of] p1a: Tyranitar
|move|p2a: Glimmora|Sludge Wave|p1a: Tyranitar
|-resisted|p1a: Tyranitar
|-damage|p1a: Tyranitar|78/100
|-damage|p2a: Glimmora|45/100|[from] item: Life Orb
|
|-weather|Sandstorm|[upkeep]
|upkeep
|turn|4
|
|t:|1769340794
|move|p2a: Glimmora|Earth Power|p1a: Tyranitar
|-supereffective|p1a: Tyranitar
|-damage|p1a: Tyranitar|27/100
|-unboost|p1a: Tyranitar|spd|1
|-damage|p2a: Glimmora|35/100|[from] item: Life Orb
|move|p1a: Tyranitar|Knock Off|p2a: Glimmora
|-damage|p2a: Glimmora|0 fnt
|-activate|p2a: Glimmora|ability: Toxic Debris
|-sidestart|p1: Acer14|move: Toxic Spikes
|-enditem|p2a: Glimmora|Life Orb|[from] move: Knock Off|[of] p1a: Tyranitar
|faint|p2a: Glimmora
|
|-weather|Sandstorm|[upkeep]
|upkeep
|
|t:|1769340809
|switch|p2a: Ninetales|Ninetales, M, shiny|100/100
|-weather|SunnyDay|[from] ability: Drought|[of] p2a: Ninetales
|turn|5
|
|t:|1769340817
|switch|p1a: Toxapex|Toxapex, M, shiny|100/100
|-sideend|p1: Acer14|move: Toxic Spikes|[of] p1a: Toxapex
|move|p2a: Ninetales|Solar Beam||[still]
|-prepare|p2a: Ninetales|Solar Beam
|-anim|p2a: Ninetales|Solar Beam|p1a: Toxapex
|-crit|p1a: Toxapex
|-damage|p1a: Toxapex|51/100
|-enditem|p1a: Toxapex|Eject Button
|
|t:|1769340840
|switch|p1a: Tyranitar|Tyranitar, M, shiny|27/100
|-weather|Sandstorm|[from] ability: Sand Stream|[of] p1a: Tyranitar
|
|-weather|Sandstorm|[upkeep]
|-damage|p2a: Ninetales|95/100|[from] Sandstorm
|upkeep
|turn|6
|
|t:|1769340851
|switch|p2a: Swampert|Swampert, F|100/100
|move|p1a: Tyranitar|Stealth Rock|p2a: Swampert
|-sidestart|p2: helledge|move: Stealth Rock
|
|-weather|Sandstorm|[upkeep]
|upkeep
|turn|7
|
|t:|1769340859
|switch|p1a: Ogerpon|Ogerpon, F|100/100
|move|p2a: Swampert|Stealth Rock|p1a: Ogerpon
|-sidestart|p1: Acer14|move: Stealth Rock
|
|-weather|Sandstorm|[upkeep]
|-damage|p1a: Ogerpon|95/100|[from] Sandstorm
|upkeep
|turn|8
|
|t:|1769340868
|switch|p2a: Corviknight|Corviknight, M|87/100
|-damage|p2a: Corviknight|74/100|[from] Stealth Rock
|move|p1a: Ogerpon|Knock Off|p2a: Corviknight
|-damage|p2a: Corviknight|40/100
|-damage|p1a: Ogerpon|78/100|[from] item: Rocky Helmet|[of] p2a: Corviknight
|-enditem|p2a: Corviknight|Rocky Helmet|[from] move: Knock Off|[of] p1a: Ogerpon
|
|-weather|Sandstorm|[upkeep]
|-damage|p1a: Ogerpon|72/100|[from] Sandstorm
|upkeep
|turn|9
|
|t:|1769340879
|switch|p1a: Excadrill|Excadrill, M, shiny|100/100
|-damage|p1a: Excadrill|97/100|[from] Stealth Rock
|move|p2a: Corviknight|Roost|p2a: Corviknight
|-heal|p2a: Corviknight|90/100
|-singleturn|p2a: Corviknight|move: Roost
|
|-weather|Sandstorm|[upkeep]
|-heal|p1a: Excadrill|100/100|[from] item: Leftovers
|upkeep
|turn|10
|
|t:|1769340891
|move|p1a: Excadrill|Rapid Spin|p2a: Corviknight
|-resisted|p2a: Corviknight
|-damage|p2a: Corviknight|83/100
|-boost|p1a: Excadrill|spe|1
|-sideend|p1: Acer14|Stealth Rock|[from] move: Rapid Spin|[of] p1a: Excadrill
|move|p2a: Corviknight|Body Press|p1a: Excadrill
|-supereffective|p1a: Excadrill
|-damage|p1a: Excadrill|33/100
|
|-weather|Sandstorm|[upkeep]
|-heal|p1a: Excadrill|40/100|[from] item: Leftovers
|upkeep
|turn|11
|
|t:|1769340901
|switch|p1a: Zapdos|Zapdos, shiny|100/100
|switch|p2a: Swampert|Swampert, F|100/100
|-damage|p2a: Swampert|94/100|[from] Stealth Rock
|
|-weather|Sandstorm|[upkeep]
|-damage|p1a: Zapdos|94/100|[from] Sandstorm
|-heal|p2a: Swampert|100/100|[from] item: Leftovers
|upkeep
|turn|12
|
|t:|1769340916
|-terastallize|p1a: Zapdos|Ice
|move|p1a: Zapdos|Tera Blast|p2a: Swampert|[anim] Tera Blast Ice
|-damage|p2a: Swampert|64/100
|move|p2a: Swampert|Stealth Rock|p1a: Zapdos
|-sidestart|p1: Acer14|move: Stealth Rock
|
|-weather|none
|-heal|p2a: Swampert|70/100|[from] item: Leftovers
|upkeep
|turn|13
|
|t:|1769340924
|move|p1a: Zapdos|Hurricane|p2a: Swampert|[miss]
|-miss|p1a: Zapdos|p2a: Swampert
|move|p2a: Swampert|Flip Turn|p1a: Zapdos
|-damage|p1a: Zapdos|59/100
|
|t:|1769340936
|switch|p2a: Tyranitar|Tyranitar, F|100/100|[from] Flip Turn
|-damage|p2a: Tyranitar|88/100|[from] Stealth Rock
|-weather|Sandstorm|[from] ability: Sand Stream|[of] p2a: Tyranitar
|
|-weather|Sandstorm|[upkeep]
|-damage|p1a: Zapdos|53/100|[from] Sandstorm
|upkeep
|turn|14
|
|t:|1769340945
|move|p1a: Zapdos|Volt Switch|p2a: Tyranitar
|-damage|p2a: Tyranitar|67/100
|
|t:|1769340955
|switch|p1a: Tyranitar|Tyranitar, M, shiny|27/100|[from] Volt Switch
|-damage|p1a: Tyranitar|14/100|[from] Stealth Rock
|move|p2a: Tyranitar|Dragon Dance|p2a: Tyranitar
|-boost|p2a: Tyranitar|atk|1
|-boost|p2a: Tyranitar|spe|1
|
|-weather|Sandstorm|[upkeep]
|upkeep
|turn|15
|
|t:|1769340964
|move|p2a: Tyranitar|Knock Off|p1a: Tyranitar
|-resisted|p1a: Tyranitar
|-damage|p1a: Tyranitar|0 fnt
|-enditem|p1a: Tyranitar|Smooth Rock|[from] move: Knock Off|[of] p2a: Tyranitar
|faint|p1a: Tyranitar
|
|-weather|Sandstorm|[upkeep]
|upkeep
|
|t:|1769340966
|switch|p1a: Excadrill|Excadrill, M, shiny|40/100
|-damage|p1a: Excadrill|37/100|[from] Stealth Rock
|turn|16
|
|t:|1769340974
|move|p1a: Excadrill|Substitute|p1a: Excadrill
|-start|p1a: Excadrill|Substitute
|-damage|p1a: Excadrill|12/100
|move|p2a: Tyranitar|Knock Off|p1a: Excadrill
|-end|p1a: Excadrill|Substitute
|
|-weather|Sandstorm|[upkeep]
|-heal|p1a: Excadrill|18/100|[from] item: Leftovers
|upkeep
|turn|17
|
|t:|1769340981
|move|p1a: Excadrill|Earthquake|p2a: Tyranitar
|-supereffective|p2a: Tyranitar
|-damage|p2a: Tyranitar|0 fnt
|faint|p2a: Tyranitar
|
|-weather|none
|-heal|p1a: Excadrill|24/100|[from] item: Leftovers
|upkeep
|
|t:|1769340989
|switch|p2a: Swampert|Swampert, F|70/100
|-damage|p2a: Swampert|64/100|[from] Stealth Rock
|turn|18
|
|t:|1769340994
|move|p1a: Excadrill|Earthquake|p2a: Swampert
|-damage|p2a: Swampert|8/100
|move|p2a: Swampert|Flip Turn|p1a: Excadrill
|-supereffective|p1a: Excadrill
|-damage|p1a: Excadrill|0 fnt
|faint|p1a: Excadrill
|
|t:|1769341005
|switch|p2a: Ninetales|Ninetales, M, shiny|95/100|[from] Flip Turn
|-damage|p2a: Ninetales|70/100|[from] Stealth Rock
|-weather|SunnyDay|[from] ability: Drought|[of] p2a: Ninetales
|
|-weather|SunnyDay|[upkeep]
|upkeep
|
|t:|1769341011
|switch|p1a: Iron Valiant|Iron Valiant, shiny|100/100
|-damage|p1a: Iron Valiant|94/100|[from] Stealth Rock
|turn|19
|
|t:|1769341015
|move|p1a: Iron Valiant|Moonblast|p2a: Ninetales
|-resisted|p2a: Ninetales
|-damage|p2a: Ninetales|31/100
|move|p2a: Ninetales|Weather Ball|p1a: Iron Valiant
|-damage|p1a: Iron Valiant|0 fnt
|faint|p1a: Iron Valiant
|-end|p1a: Iron Valiant|Quark Drive|[silent]
|
|-weather|SunnyDay|[upkeep]
|upkeep
|
|t:|1769341022
|switch|p1a: Ogerpon|Ogerpon, F|72/100
|-damage|p1a: Ogerpon|60/100|[from] Stealth Rock
|turn|20
|
|t:|1769341029
|switch|p2a: Lokix|Lokix, M|100/100
|-damage|p2a: Lokix|76/100|[from] Stealth Rock
|move|p1a: Ogerpon|Knock Off|p2a: Lokix
|-resisted|p2a: Lokix
|-damage|p2a: Lokix|43/100
|-enditem|p2a: Lokix|Choice Band|[from] move: Knock Off|[of] p1a: Ogerpon
|
|-weather|SunnyDay|[upkeep]
|upkeep
|turn|21
|
|t:|1769341042
|switch|p1a: Toxapex|Toxapex, M, shiny|84/100
|-damage|p1a: Toxapex|72/100|[from] Stealth Rock
|move|p2a: Lokix|U-turn|p1a: Toxapex
|-resisted|p1a: Toxapex
|-damage|p1a: Toxapex|51/100
|
|t:|1769341050
|switch|p2a: Swampert|Swampert, F|8/100|[from] U-turn
|-damage|p2a: Swampert|2/100|[from] Stealth Rock
|
|-weather|SunnyDay|[upkeep]
|-heal|p2a: Swampert|8/100|[from] item: Leftovers
|upkeep
|turn|22
|
|t:|1769341057
|move|p2a: Swampert|Earthquake|p1a: Toxapex
|-supereffective|p1a: Toxapex
|-damage|p1a: Toxapex|0 fnt
|faint|p1a: Toxapex
|
|-weather|none
|-heal|p2a: Swampert|14/100|[from] item: Leftovers
|upkeep
|
|t:|1769341059
|switch|p1a: Ogerpon|Ogerpon, F|60/100
|-damage|p1a: Ogerpon|47/100|[from] Stealth Rock
|turn|23
|
|t:|1769341066
|switch|p1a: Zapdos|Zapdos, shiny, tera:Ice|53/100
|move|p2a: Swampert|Avalanche|p1a: Zapdos
|-resisted|p1a: Zapdos
|-damage|p1a: Zapdos|40/100
|
|-heal|p2a: Swampert|20/100|[from] item: Leftovers
|upkeep
|turn|24
|
|t:|1769341075
|move|p1a: Zapdos|Tera Blast|p2a: Swampert|[anim] Tera Blast Ice
|-damage|p2a: Swampert|0 fnt
|faint|p2a: Swampert
|
|upkeep
|
|t:|1769341080
|switch|p2a: Lokix|Lokix, M|43/100
|-damage|p2a: Lokix|19/100|[from] Stealth Rock
|turn|25
|
|t:|1769341085
|move|p2a: Lokix|First Impression|p1a: Zapdos
|-damage|p1a: Zapdos|0 fnt
|faint|p1a: Zapdos
|
|upkeep
|
|t:|1769341088
|switch|p1a: Ogerpon|Ogerpon, F|47/100
|-damage|p1a: Ogerpon|35/100|[from] Stealth Rock
|turn|26
|
|t:|1769341093
|move|p2a: Lokix|Sucker Punch|p1a: Ogerpon
|-damage|p1a: Ogerpon|0 fnt
|faint|p1a: Ogerpon
|
|win|helledge
|raw|Acer14's rating: 1275 &rarr; <strong>1248</strong><br />(-27 for losing)
|raw|helledge's rating: 1253 &rarr; <strong>1280</strong><br />(+27 for winning)
|l|‽Acer14
|player|p1|
|l|☆helledge
|player|p2|
