|j|☆Alerjake
|j|☆milk_water
|t:|1769312370
|gametype|singles
|player|p1|Alerjake|1|1476
|player|p2|milk_water|hilbert|1438
|gen|9
|tier|[Gen 9] OU
|rated|
|rule|HP Percentage Mod: HP is shown in percentages
|rule|Endless Battle Clause: Forcing endless battles is banned
|rule|Species Clause: Limit one of each Pokémon
|rule|OHKO Clause: OHKO moves are banned
|rule|Evasion Items Clause: Evasion items are banned
|rule|Evasion Moves Clause: Evasion moves are banned
|rule|Evasion Abilities Clause: Evasion abilities are banned
|rule|Sleep Moves Clause: Sleep-inducing moves are banned
|clearpoke
|poke|p1|Ceruledge, M|
|poke|p1|Ninetales-Alola, M|
|poke|p1|Raging Bolt|
|poke|p1|Iron Crown|
|poke|p1|Hydreigon, M|
|poke|p1|Iron Treads|
|poke|p2|Scizor, M|
|poke|p2|Ogerpon, F|
|poke|p2|Great Tusk|
|poke|p2|Slowking-Galar, F|
|poke|p2|Iron Valiant|
|poke|p2|Tornadus-Therian, M|
|teampreview
|inactive|Battle timer is ON: inactive players will automatically lose when time's up. (requested by Alerjake)
|
|t:|1769312386
|teamsize|p1|6
|teamsize|p2|6
|start
|switch|p1a: Ceruledge|Ceruledge, M|100/100
|switch|p2a: Scizor|Scizor, M, shiny|100/100
|turn|1
|
|t:|1769312406
|switch|p2a: Great Tusk|Great Tusk|100/100
|move|p1a: Ceruledge|Bitter Blade|p2a: Great Tusk
|-damage|p2a: Great Tusk|66/100
|-damage|p1a: Ceruledge|91/100|[from] item: Life Orb
|
|upkeep
|turn|2
|
|t:|1769312422
|switch|p1a: Ninetales|Ninetales-Alola, M|100/100
|-weather|Snowscape|[from] ability: Snow Warning|[of] p1a: Ninetales
|move|p2a: Great Tusk|Stealth Rock|p1a: Ninetales
|-sidestart|p1: Alerjake|move: Stealth Rock
|
|-weather|Snowscape|[upkeep]
|upkeep
|turn|3
|
|t:|1769312426
|-end|p2a: Great Tusk|Protosynthesis|[silent]
|switch|p2a: Scizor|Scizor, M, shiny|100/100
|move|p1a: Ninetales|Aurora Veil|p1a: Ninetales
|-sidestart|p1: Alerjake|move: Aurora Veil
|
|-weather|Snowscape|[upkeep]
|upkeep
|turn|4
|
|t:|1769312442
|switch|p1a: Iron Treads|Iron Treads|100/100
|-damage|p1a: Iron Treads|97/100|[from] Stealth Rock
|-enditem|p1a: Iron Treads|Booster Energy
|-activate|p1a: Iron Treads|ability: Quark Drive|[fromitem]
|-start|p1a: Iron Treads|quarkdrivespe
|move|p2a: Scizor|Swords Dance|p2a: Scizor
|-boost|p2a: Scizor|atk|2
|
|-weather|Snowscape|[upkeep]
|upkeep
|turn|5
|
|t:|1769312459
|move|p1a: Iron Treads|Iron Defense|p1a: Iron Treads
|-boost|p1a: Iron Treads|def|2
|move|p2a: Scizor|Knock Off|p1a: Iron Treads
|-damage|p1a: Iron Treads|85/100
|-damage|p2a: Scizor|91/100|[from] item: Life Orb
|
|-weather|Snowscape|[upkeep]
|upkeep
|turn|6
|
|t:|1769312469
|switch|p2a: Tornadus|Tornadus-Therian, M|100/100
|move|p1a: Iron Treads|Iron Defense|p1a: Iron Treads
|-boost|p1a: Iron Treads|def|2
|
|-weather|none
|upkeep
|turn|7
|
|t:|1769312473
|move|p1a: Iron Treads|Knock Off|p2a: Tornadus
|-damage|p2a: Tornadus|75/100
|-enditem|p2a: Tornadus|Heavy-Duty Boots|[from] move: Knock Off|[of] p1a: Iron Treads
|move|p2a: Tornadus|Heat Wave|p1a: Iron Treads
|-supereffective|p1a: Iron Treads
|-damage|p1a: Iron Treads|57/100
|
|upkeep
|turn|8
|
|t:|1769312479
|move|p1a: Iron Treads|Rapid Spin|p2a: Tornadus
|-damage|p2a: Tornadus|62/100
|-boost|p1a: Iron Treads|spe|1
|-sideend|p1: Alerjake|Stealth Rock|[from] move: Rapid Spin|[of] p1a: Iron Treads
|move|p2a: Tornadus|Heat Wave|p1a: Iron Treads
|-supereffective|p1a: Iron Treads
|-damage|p1a: Iron Treads|29/100
|
|upkeep
|turn|9
|
|t:|1769312483
|move|p1a: Iron Treads|Body Press|p2a: Tornadus
|-resisted|p2a: Tornadus
|-damage|p2a: Tornadus|25/100
|move|p2a: Tornadus|Heat Wave|p1a: Iron Treads
|-supereffective|p1a: Iron Treads
|-damage|p1a: Iron Treads|0 fnt
|faint|p1a: Iron Treads
|-end|p1a: Iron Treads|Quark Drive|[silent]
|
|upkeep
|
|t:|1769312490
|switch|p1a: Hydreigon|Hydreigon, M|100/100
|turn|10
|
|t:|1769312493
|move|p2a: Tornadus|U-turn|p1a: Hydreigon
|-supereffective|p1a: Hydreigon
|-crit|p1a: Hydreigon
|-damage|p1a: Hydreigon|53/100
|
|t:|1769312497
|switch|p2a: Scizor|Scizor, M, shiny|91/100|[from] U-turn
|move|p1a: Hydreigon|Nasty Plot|p1a: Hydreigon
|-boost|p1a: Hydreigon|spa|2
|
|-heal|p1a: Hydreigon|59/100|[from] item: Leftovers
|-sideend|p1: Alerjake|move: Aurora Veil
|upkeep
|turn|11
|
|t:|1769312503
|-terastallize|p1a: Hydreigon|Steel
|move|p2a: Scizor|Bullet Punch|p1a: Hydreigon
|-resisted|p1a: Hydreigon
|-damage|p1a: Hydreigon|35/100
|-damage|p2a: Scizor|81/100|[from] item: Life Orb
|move|p1a: Hydreigon|Dragon Pulse|p2a: Scizor
|-resisted|p2a: Scizor
|-damage|p2a: Scizor|18/100
|
|-heal|p1a: Hydreigon|41/100|[from] item: Leftovers
|upkeep
|turn|12
|
|t:|1769312507
|move|p1a: Hydreigon|Dragon Pulse|p2a: Scizor
|-resisted|p2a: Scizor
|-damage|p2a: Scizor|0 fnt
|faint|p2a: Scizor
|
|-heal|p1a: Hydreigon|48/100|[from] item: Leftovers
|upkeep
|
|t:|1769312509
|switch|p2a: Iron Valiant|Iron Valiant|100/100
|turn|13
|
|t:|1769312515
|move|p2a: Iron Valiant|Thunderbolt|p1a: Hydreigon
|-damage|p1a: Hydreigon|0 fnt
|faint|p1a: Hydreigon
|
|upkeep
|
|t:|1769312519
|switch|p1a: Ninetales|Ninetales-Alola, M|100/100
|-weather|Snowscape|[from] ability: Snow Warning|[of] p1a: Ninetales
|turn|14
|
|t:|1769312522
|move|p2a: Iron Valiant|Thunderbolt|p1a: Ninetales
|-damage|p1a: Ninetales|55/100
|move|p1a: Ninetales|Aurora Veil|p1a: Ninetales
|-sidestart|p1: Alerjake|move: Aurora Veil
|
|-weather|Snowscape|[upkeep]
|upkeep
|turn|15
|
|t:|1769312539
|-end|p2a: Iron Valiant|Quark Drive|[silent]
|switch|p2a: Slowking|Slowking-Galar, F|100/100
|move|p1a: Ninetales|Moonblast|p2a: Slowking
|-resisted|p2a: Slowking
|-damage|p2a: Slowking|93/100
|
|-weather|Snowscape|[upkeep]
|upkeep
|turn|16
|
|t:|1769312543
|switch|p1a: Iron Crown|Iron Crown|100/100
|-enditem|p1a: Iron Crown|Booster Energy
|-activate|p1a: Iron Crown|ability: Quark Drive|[fromitem]
|-start|p1a: Iron Crown|quarkdrivespe
|move|p2a: Slowking|Sludge Bomb|p1a: Iron Crown
|-immune|p1a: Iron Crown
|
|-weather|Snowscape|[upkeep]
|upkeep
|turn|17
|
|t:|1769312552
|move|p1a: Iron Crown|Calm Mind|p1a: Iron Crown
|-boost|p1a: Iron Crown|spa|1
|-boost|p1a: Iron Crown|spd|1
|move|p2a: Slowking|Flamethrower|p1a: Iron Crown
|-supereffective|p1a: Iron Crown
|-damage|p1a: Iron Crown|84/100
|
|-weather|Snowscape|[upkeep]
|upkeep
|turn|18
|
|t:|1769312556
|switch|p2a: Great Tusk|Great Tusk|66/100
|move|p1a: Iron Crown|Calm Mind|p1a: Iron Crown
|-boost|p1a: Iron Crown|spa|1
|-boost|p1a: Iron Crown|spd|1
|
|-weather|none
|upkeep
|turn|19
|
|t:|1769312559
|move|p1a: Iron Crown|Tachyon Cutter|p2a: Great Tusk
|-damage|p2a: Great Tusk|2/100
|-damage|p2a: Great Tusk|0 fnt
|faint|p2a: Great Tusk
|-end|p2a: Great Tusk|Protosynthesis|[silent]
|-hitcount|p2: Great Tusk|2
|
|upkeep
|
|t:|1769312570
|switch|p2a: Ogerpon|Ogerpon, F|100/100
|turn|20
|-message|milk_water forfeited.
|
|win|Alerjake
|raw|Alerjake's rating: 1476 &rarr; <strong>1494</strong><br />(+18 for winning)
|raw|milk_water's rating: 1438 &rarr; <strong>1420</strong><br />(-18 for losing)
