|j|☆IamGlup
|j|☆ferrydiscs
|t:|1769365802
|gametype|singles
|player|p1|IamGlup|harlequin|1474
|player|p2|ferrydiscs|will|1539
|gen|9
|tier|[Gen 9] OU
|rated|
|rule|HP Percentage Mod: HP is shown in percentages
|rule|Endless Battle Clause: Forcing endless battles is banned
|rule|Species Clause: Limit one of each Pokémon
|rule|OHKO Clause: OHKO moves are banned
|rule|Evasion Items Clause: Evasion items are banned
|rule|Evasion Moves Clause: Evasion moves are banned
|rule|Evasion Abilities Clause: Evasion abilities are banned
|rule|Sleep Moves Clause: Sleep-inducing moves are banned
|clearpoke
|poke|p1|Kyurem|
|poke|p1|Iron Treads|
|poke|p1|Meowscarada, M|
|poke|p1|Ting-Lu|
|poke|p1|Zamazenta-*|
|poke|p1|Gholdengo|
|poke|p2|Tyranitar, M|
|poke|p2|Excadrill, M|
|poke|p2|Tornadus-Therian, M|
|poke|p2|Tinkaton, F|
|poke|p2|Sinistcha|
|poke|p2|Toxapex, M|
|teampreview
|inactive|Battle timer is ON: inactive players will automatically lose when time's up. (requested by IamGlup)
|
|t:|1769365817
|teamsize|p1|6
|teamsize|p2|6
|start
|switch|p1a: Meowscarada|Meowscarada, M|100/100
|switch|p2a: Tornadus|Tornadus-Therian, M, shiny|100/100
|turn|1
|
|t:|1769365822
|switch|p2a: Tinkaton|Tinkaton, F, shiny|100/100
|-item|p2a: Tinkaton|Air Balloon
|move|p1a: Meowscarada|Triple Axel|p2a: Tinkaton
|-start|p1a: Meowscarada|typechange|Ice|[from] ability: Protean
|-resisted|p2a: Tinkaton
|-damage|p2a: Tinkaton|94/100
|-enditem|p2a: Tinkaton|Air Balloon
|-resisted|p2a: Tinkaton
|-damage|p2a: Tinkaton|82/100
|-resisted|p2a: Tinkaton
|-damage|p2a: Tinkaton|62/100
|-hitcount|p2a: Tinkaton|3
|-enditem|p1a: Meowscarada|Choice Scarf|[silent]|[from] ability: Pickpocket|[of] p1a: Meowscarada
|-item|p2a: Tinkaton|Choice Scarf|[from] ability: Pickpocket|[of] p1a: Meowscarada
|
|upkeep
|turn|2
|
|t:|1769365838
|move|p2a: Tinkaton|Stealth Rock|p1a: Meowscarada
|-sidestart|p1: IamGlup|move: Stealth Rock
|move|p1a: Meowscarada|U-turn|p2a: Tinkaton
|-resisted|p2a: Tinkaton
|-damage|p2a: Tinkaton|55/100
|
|t:|1769365844
|switch|p1a: Iron Treads|Iron Treads|100/100|[from] U-turn
|-damage|p1a: Iron Treads|97/100|[from] Stealth Rock
|
|-heal|p1a: Iron Treads|100/100|[from] item: Leftovers
|upkeep
|turn|3
|
|t:|1769365853
|switch|p2a: Sinistcha|Sinistcha, shiny|100/100
|move|p1a: Iron Treads|Knock Off|p2a: Sinistcha
|-supereffective|p2a: Sinistcha
|-damage|p2a: Sinistcha|59/100
|-enditem|p2a: Sinistcha|Leftovers|[from] move: Knock Off|[of] p1a: Iron Treads
|
|upkeep
|turn|4
|
|t:|1769365859
|move|p1a: Iron Treads|Volt Switch|p2a: Sinistcha
|-resisted|p2a: Sinistcha
|-damage|p2a: Sinistcha|53/100
|
|t:|1769365862
|-end|p1a: Iron Treads|Quark Drive|[silent]
|switch|p1a: Gholdengo|Gholdengo|100/100|[from] Volt Switch
|-damage|p1a: Gholdengo|94/100|[from] Stealth Rock
|-item|p1a: Gholdengo|Air Balloon
|move|p2a: Sinistcha|Strength Sap|p1a: Gholdengo
|-immune|p1a: Gholdengo|[from] ability: Good as Gold
|
|upkeep
|turn|5
|
|t:|1769365868
|switch|p2a: Toxapex|Toxapex, M, shiny|100/100
|move|p1a: Gholdengo|Shadow Ball|p2a: Toxapex
|-damage|p2a: Toxapex|71/100
|-unboost|p2a: Toxapex|spd|1
|-enditem|p2a: Toxapex|Eject Button
|
|t:|1769365871
|switch|p2a: Tornadus|Tornadus-Therian, M, shiny|100/100
|
|upkeep
|turn|6
|
|t:|1769365877
|switch|p1a: Ting-Lu|Ting-Lu|100/100
|-damage|p1a: Ting-Lu|94/100|[from] Stealth Rock
|-ability|p1a: Ting-Lu|Vessel of Ruin
|move|p2a: Tornadus|Heat Wave|p1a: Ting-Lu
|-damage|p1a: Ting-Lu|76/100
|-status|p1a: Ting-Lu|brn
|
|-heal|p1a: Ting-Lu|82/100 brn|[from] item: Leftovers
|-damage|p1a: Ting-Lu|76/100 brn|[from] brn
|upkeep
|turn|7
|
|t:|1769365885
|switch|p2a: Tyranitar|Tyranitar, M, shiny|100/100
|-weather|Sandstorm|[from] ability: Sand Stream|[of] p2a: Tyranitar
|move|p1a: Ting-Lu|Stealth Rock|p2a: Tyranitar
|-sidestart|p2: ferrydiscs|move: Stealth Rock
|
|-weather|Sandstorm|[upkeep]
|-heal|p1a: Ting-Lu|82/100 brn|[from] item: Leftovers
|-damage|p1a: Ting-Lu|76/100 brn|[from] brn
|upkeep
|turn|8
|
|t:|1769365899
|move|p2a: Tyranitar|Low Kick|p1a: Ting-Lu
|-supereffective|p1a: Ting-Lu
|-damage|p1a: Ting-Lu|0 fnt
|faint|p1a: Ting-Lu
|
|-weather|Sandstorm|[upkeep]
|upkeep
|
|t:|1769365929
|switch|p1a: Zamazenta|Zamazenta|100/100
|-damage|p1a: Zamazenta|94/100|[from] Stealth Rock
|-ability|p1a: Zamazenta|Dauntless Shield|boost
|-boost|p1a: Zamazenta|def|1
|turn|9
|
|t:|1769365934
|switch|p2a: Toxapex|Toxapex, M, shiny|100/100
|-damage|p2a: Toxapex|88/100|[from] Stealth Rock
|move|p1a: Zamazenta|Body Press|p2a: Toxapex
|-resisted|p2a: Toxapex
|-damage|p2a: Toxapex|69/100
|
|-weather|Sandstorm|[upkeep]
|-damage|p1a: Zamazenta|88/100|[from] Sandstorm
|-damage|p2a: Toxapex|63/100|[from] Sandstorm
|-heal|p1a: Zamazenta|94/100|[from] item: Leftovers
|upkeep
|turn|10
|
|t:|1769365944
|switch|p1a: Gholdengo|Gholdengo|94/100
|-damage|p1a: Gholdengo|88/100|[from] Stealth Rock
|-item|p1a: Gholdengo|Air Balloon
|switch|p2a: Tornadus|Tornadus-Therian, M, shiny|100/100
|-damage|p2a: Tornadus|76/100|[from] Stealth Rock
|
|-weather|Sandstorm|[upkeep]
|-damage|p2a: Tornadus|70/100|[from] Sandstorm
|upkeep
|turn|11
|
|t:|1769365962
|move|p2a: Tornadus|Heat Wave|p1a: Gholdengo
|-supereffective|p1a: Gholdengo
|-damage|p1a: Gholdengo|0 fnt
|-enditem|p1a: Gholdengo|Air Balloon
|faint|p1a: Gholdengo
|
|-weather|none
|upkeep
|inactive|IamGlup has 120 seconds left.
|
|t:|1769365981
|switch|p1a: Iron Treads|Iron Treads|100/100
|-damage|p1a: Iron Treads|97/100|[from] Stealth Rock
|turn|12
|inactive|IamGlup has 120 seconds left.
|
|t:|1769366005
|switch|p2a: Tinkaton|Tinkaton, F, shiny|55/100
|-damage|p2a: Tinkaton|49/100|[from] Stealth Rock
|-terastallize|p1a: Iron Treads|Ghost
|move|p1a: Iron Treads|Rapid Spin|p2a: Tinkaton
|-resisted|p2a: Tinkaton
|-damage|p2a: Tinkaton|39/100
|-boost|p1a: Iron Treads|spe|1
|-sideend|p1: IamGlup|Stealth Rock|[from] move: Rapid Spin|[of] p1a: Iron Treads
|
|-heal|p1a: Iron Treads|100/100|[from] item: Leftovers
|upkeep
|turn|13
|
|t:|1769366021
|move|p1a: Iron Treads|Iron Head|p2a: Tinkaton
|-damage|p2a: Tinkaton|0 fnt
|faint|p2a: Tinkaton
|
|upkeep
|
|t:|1769366031
|switch|p2a: Tyranitar|Tyranitar, M, shiny|100/100
|-damage|p2a: Tyranitar|88/100|[from] Stealth Rock
|-weather|Sandstorm|[from] ability: Sand Stream|[of] p2a: Tyranitar
|turn|14
|
|t:|1769366034
|move|p1a: Iron Treads|Iron Head|p2a: Tyranitar
|-supereffective|p2a: Tyranitar
|-damage|p2a: Tyranitar|25/100
|cant|p2a: Tyranitar|flinch
|
|-weather|Sandstorm|[upkeep]
|-damage|p1a: Iron Treads|94/100|[from] Sandstorm
|-heal|p1a: Iron Treads|100/100|[from] item: Leftovers
|upkeep
|turn|15
|
|t:|1769366041
|switch|p2a: Toxapex|Toxapex, M, shiny|96/100
|-damage|p2a: Toxapex|84/100|[from] Stealth Rock
|move|p1a: Iron Treads|Iron Head|p2a: Toxapex
|-resisted|p2a: Toxapex
|-damage|p2a: Toxapex|72/100
|
|-weather|Sandstorm|[upkeep]
|-damage|p1a: Iron Treads|94/100|[from] Sandstorm
|-damage|p2a: Toxapex|66/100|[from] Sandstorm
|-heal|p1a: Iron Treads|100/100|[from] item: Leftovers
|upkeep
|turn|16
|
|t:|1769366045
|move|p1a: Iron Treads|Knock Off|p2a: Toxapex
|-damage|p2a: Toxapex|52/100
|move|p2a: Toxapex|Toxic|p1a: Iron Treads
|-status|p1a: Iron Treads|tox
|
|-weather|Sandstorm|[upkeep]
|-damage|p1a: Iron Treads|94/100 tox|[from] Sandstorm
|-damage|p2a: Toxapex|46/100|[from] Sandstorm
|-heal|p1a: Iron Treads|100/100 tox|[from] item: Leftovers
|-damage|p1a: Iron Treads|94/100 tox|[from] psn
|upkeep
|turn|17
|
|t:|1769366051
|move|p1a: Iron Treads|Volt Switch|p2a: Toxapex
|-supereffective|p2a: Toxapex
|-damage|p2a: Toxapex|30/100
|
|t:|1769366055
|-end|p1a: Iron Treads|Quark Drive|[silent]
|switch|p1a: Kyurem|Kyurem|100/100|[from] Volt Switch
|-ability|p1a: Kyurem|Pressure
|move|p2a: Toxapex|Recover|p2a: Toxapex
|-heal|p2a: Toxapex|80/100
|
|-weather|Sandstorm|[upkeep]
|-damage|p1a: Kyurem|94/100|[from] Sandstorm
|-damage|p2a: Toxapex|74/100|[from] Sandstorm
|upkeep
|turn|18
|
|t:|1769366066
|-terastallize|p2a: Toxapex|Fairy
|move|p1a: Kyurem|Freeze-Dry|p2a: Toxapex
|-damage|p2a: Toxapex|36/100
|-status|p2a: Toxapex|frz
|cant|p2a: Toxapex|frz
|
|-weather|none
|upkeep
|turn|19
|c|☆IamGlup|damn
|
|t:|1769366077
|move|p1a: Kyurem|Freeze-Dry|p2a: Toxapex
|-damage|p2a: Toxapex|0 fnt
|faint|p2a: Toxapex
|
|upkeep
|
|t:|1769366101
|switch|p2a: Excadrill|Excadrill, M, shiny|100/100
|-damage|p2a: Excadrill|97/100|[from] Stealth Rock
|turn|20
|
|t:|1769366105
|switch|p1a: Zamazenta|Zamazenta|94/100
|move|p2a: Excadrill|Rapid Spin|p1a: Zamazenta
|-damage|p1a: Zamazenta|79/100
|-boost|p2a: Excadrill|spe|1
|-sideend|p2: ferrydiscs|Stealth Rock|[from] move: Rapid Spin|[of] p2a: Excadrill
|
|-heal|p2a: Excadrill|100/100|[from] item: Leftovers
|-heal|p1a: Zamazenta|85/100|[from] item: Leftovers
|upkeep
|turn|21
|
|t:|1769366111
|switch|p2a: Sinistcha|Sinistcha, shiny|53/100
|move|p1a: Zamazenta|Crunch|p2a: Sinistcha
|-supereffective|p2a: Sinistcha
|-damage|p2a: Sinistcha|22/100
|-unboost|p2a: Sinistcha|def|1
|
|-heal|p1a: Zamazenta|91/100|[from] item: Leftovers
|upkeep
|turn|22
|
|t:|1769366119
|move|p1a: Zamazenta|Crunch|p2a: Sinistcha
|-supereffective|p2a: Sinistcha
|-crit|p2a: Sinistcha
|-damage|p2a: Sinistcha|0 fnt
|faint|p2a: Sinistcha
|
|-heal|p1a: Zamazenta|97/100|[from] item: Leftovers
|upkeep
|
|t:|1769366121
|switch|p2a: Tornadus|Tornadus-Therian, M, shiny|100/100
|turn|23
|
|t:|1769366132
|move|p1a: Zamazenta|Crunch|p2a: Tornadus
|-damage|p2a: Tornadus|68/100
|-unboost|p2a: Tornadus|def|1
|move|p2a: Tornadus|Bleakwind Storm|p1a: Zamazenta
|-supereffective|p1a: Zamazenta
|-damage|p1a: Zamazenta|0 fnt
|faint|p1a: Zamazenta
|
|upkeep
|
|t:|1769366146
|switch|p1a: Meowscarada|Meowscarada, M|100/100
|turn|24
|
|t:|1769366150
|switch|p2a: Tyranitar|Tyranitar, M, shiny|25/100
|-weather|Sandstorm|[from] ability: Sand Stream|[of] p2a: Tyranitar
|move|p1a: Meowscarada|Triple Axel|p2a: Tyranitar
|-start|p1a: Meowscarada|typechange|Ice|[from] ability: Protean
|-damage|p2a: Tyranitar|16/100
|-damage|p2a: Tyranitar|0 fnt
|faint|p2a: Tyranitar
|-hitcount|p2: Tyranitar|2
|
|-weather|Sandstorm|[upkeep]
|-damage|p1a: Meowscarada|94/100|[from] Sandstorm
|upkeep
|
|t:|1769366156
|switch|p2a: Excadrill|Excadrill, M, shiny|100/100
|turn|25
|
|t:|1769366159
|switch|p1a: Iron Treads|Iron Treads, tera:Ghost|94/100 tox
|move|p2a: Excadrill|Earthquake|p1a: Iron Treads
|-damage|p1a: Iron Treads|50/100 tox
|
|-weather|Sandstorm|[upkeep]
|-damage|p1a: Iron Treads|44/100 tox|[from] Sandstorm
|-heal|p1a: Iron Treads|50/100 tox|[from] item: Leftovers
|-damage|p1a: Iron Treads|44/100 tox|[from] psn
|upkeep
|turn|26
|
|t:|1769366167
|move|p2a: Excadrill|Earthquake|p1a: Iron Treads
|-crit|p1a: Iron Treads
|-damage|p1a: Iron Treads|0 fnt
|faint|p1a: Iron Treads
|-end|p1a: Iron Treads|Quark Drive|[silent]
|
|-weather|Sandstorm|[upkeep]
|upkeep
|
|t:|1769366173
|switch|p1a: Meowscarada|Meowscarada, M|94/100
|turn|27
|
|t:|1769366178
|move|p2a: Excadrill|Earthquake|p1a: Meowscarada
|-resisted|p1a: Meowscarada
|-damage|p1a: Meowscarada|46/100
|move|p1a: Meowscarada|Flower Trick|p2a: Excadrill
|-start|p1a: Meowscarada|typechange|Grass|[from] ability: Protean
|-crit|p2a: Excadrill
|-damage|p2a: Excadrill|36/100
|
|-weather|Sandstorm|[upkeep]
|-damage|p1a: Meowscarada|40/100|[from] Sandstorm
|-heal|p2a: Excadrill|42/100|[from] item: Leftovers
|upkeep
|turn|28
|
|t:|1769366187
|switch|p1a: Kyurem|Kyurem|94/100
|-ability|p1a: Kyurem|Pressure
|move|p2a: Excadrill|Earthquake|p1a: Kyurem
|-damage|p1a: Kyurem|35/100
|
|-weather|none
|-heal|p2a: Excadrill|48/100|[from] item: Leftovers
|upkeep
|turn|29
|
|t:|1769366195
|move|p1a: Kyurem|Ice Beam|p2a: Excadrill
|-damage|p2a: Excadrill|0 fnt
|faint|p2a: Excadrill
|
|upkeep
|
|t:|1769366198
|switch|p2a: Tornadus|Tornadus-Therian, M, shiny|100/100
|turn|30
|
|t:|1769366200
|move|p2a: Tornadus|Heat Wave|p1a: Kyurem
|-damage|p1a: Kyurem|0 fnt
|faint|p1a: Kyurem
|
|upkeep
|
|t:|1769366202
|switch|p1a: Meowscarada|Meowscarada, M|40/100
|turn|31
|
|t:|1769366206
|move|p1a: Meowscarada|Triple Axel|p2a: Tornadus
|-start|p1a: Meowscarada|typechange|Ice|[from] ability: Protean
|-supereffective|p2a: Tornadus
|-damage|p2a: Tornadus|72/100
|-supereffective|p2a: Tornadus
|-damage|p2a: Tornadus|18/100
|-supereffective|p2a: Tornadus
|-damage|p2a: Tornadus|0 fnt
|faint|p2a: Tornadus
|-hitcount|p2: Tornadus|3
|
|win|IamGlup
|raw|IamGlup's rating: 1474 &rarr; <strong>1498</strong><br />(+24 for winning)
|raw|ferrydiscs's rating: 1539 &rarr; <strong>1515</strong><br />(-24 for losing)
|c|☆IamGlup|gg
