|j|☆wppipeqy
|j|☆Mlbebek
|t:|1769317461
|gametype|singles
|player|p1|wppipeqy|wallace|1430
|player|p2|Mlbebek|102|1498
|gen|9
|tier|[Gen 9] OU
|rated|
|rule|HP Percentage Mod: HP is shown in percentages
|rule|Endless Battle Clause: Forcing endless battles is banned
|rule|Species Clause: Limit one of each Pokémon
|rule|OHKO Clause: OHKO moves are banned
|rule|Evasion Items Clause: Evasion items are banned
|rule|Evasion Moves Clause: Evasion moves are banned
|rule|Evasion Abilities Clause: Evasion abilities are banned
|rule|Sleep Moves Clause: Sleep-inducing moves are banned
|clearpoke
|poke|p1|Pelipper, F|
|poke|p1|Tornadus-Therian, M|
|poke|p1|Iron Treads|
|poke|p1|Keldeo-Resolute|
|poke|p1|Raging Bolt|
|poke|p1|Barraskewda, M|
|poke|p2|Kingambit, M|
|poke|p2|Slowking-Galar, M|
|poke|p2|Kyurem|
|poke|p2|Araquanid, M|
|poke|p2|Ceruledge, M|
|poke|p2|Great Tusk|
|teampreview
|inactive|Battle timer is ON: inactive players will automatically lose when time's up. (requested by wppipeqy)
|
|t:|1769317484
|teamsize|p1|6
|teamsize|p2|6
|start
|switch|p1a: Iron Treads|Iron Treads, shiny|100/100
|switch|p2a: Draconic Frosbite|Kyurem, shiny|100/100
|-ability|p2a: Draconic Frosbite|Pressure
|turn|1
|
|t:|1769317495
|move|p2a: Draconic Frosbite|Blizzard|p1a: Iron Treads
|-damage|p1a: Iron Treads|56/100
|move|p1a: Iron Treads|Stealth Rock|p2a: Draconic Frosbite
|-sidestart|p2: Mlbebek|move: Stealth Rock
|
|-heal|p1a: Iron Treads|62/100|[from] item: Leftovers
|upkeep
|turn|2
|
|t:|1769317503
|switch|p2a: Garry.|Great Tusk|100/100
|-end|p1a: Iron Treads|Quark Drive|[silent]
|switch|p1a: Pelipper|Pelipper, F|100/100
|-weather|RainDance|[from] ability: Drizzle|[of] p1a: Pelipper
|
|-weather|RainDance|[upkeep]
|upkeep
|turn|3
|
|t:|1769317510
|-end|p2a: Garry.|Protosynthesis|[silent]
|switch|p2a: Genius Tyrant|Slowking-Galar, M, shiny|100/100
|move|p1a: Pelipper|Hurricane|p2a: Genius Tyrant
|-damage|p2a: Genius Tyrant|73/100
|-start|p2a: Genius Tyrant|confusion
|
|-weather|RainDance|[upkeep]
|upkeep
|turn|4
|
|t:|1769317513
|move|p1a: Pelipper|U-turn|p2a: Genius Tyrant
|-damage|p2a: Genius Tyrant|66/100
|
|t:|1769317517
|switch|p1a: Tornadus|Tornadus-Therian, M, shiny|100/100|[from] U-turn
|-prepare|p2a: Genius Tyrant|Chilly Reception|[premajor]
|-activate|p2a: Genius Tyrant|confusion
|move|p2a: Genius Tyrant|Chilly Reception|p2a: Genius Tyrant
|-weather|Snowscape
|
|t:|1769317520
|switch|p2a: Draconic Frosbite|Kyurem, shiny|100/100|[from] Chilly Reception
|-damage|p2a: Draconic Frosbite|76/100|[from] Stealth Rock
|-ability|p2a: Draconic Frosbite|Pressure
|
|-weather|Snowscape|[upkeep]
|upkeep
|turn|5
|
|t:|1769317526
|move|p1a: Tornadus|Weather Ball|p2a: Draconic Frosbite
|-damage|p2a: Draconic Frosbite|34/100
|move|p2a: Draconic Frosbite|Blizzard|p1a: Tornadus
|-supereffective|p1a: Tornadus
|-damage|p1a: Tornadus|0 fnt
|faint|p1a: Tornadus
|
|-weather|Snowscape|[upkeep]
|upkeep
|
|t:|1769317541
|switch|p1a: Keldeo|Keldeo-Resolute|100/100
|turn|6
|
|t:|1769317549
|-terastallize|p2a: Draconic Frosbite|Fairy
|move|p1a: Keldeo|Surf|p2a: Draconic Frosbite
|-damage|p2a: Draconic Frosbite|0 fnt
|faint|p2a: Draconic Frosbite
|
|-weather|Snowscape|[upkeep]
|upkeep
|-message|Mlbebek forfeited.
|
|win|wppipeqy
|raw|wppipeqy's rating: 1430 &rarr; <strong>1454</strong><br />(+24 for winning)
|raw|Mlbebek's rating: 1498 &rarr; <strong>1474</strong><br />(-24 for losing)
|l|☆Mlbebek
|player|p2|
|l|☆wppipeqy
|player|p1|
