|j|☆Sienna53
|j|☆ykykp
|t:|1769354459
|gametype|singles
|player|p1|Sienna53|winona|1514
|player|p2|ykykp|102|1503
|gen|9
|tier|[Gen 9] OU
|rated|
|rule|HP Percentage Mod: HP is shown in percentages
|rule|Endless Battle Clause: Forcing endless battles is banned
|rule|Species Clause: Limit one of each Pokémon
|rule|OHKO Clause: OHKO moves are banned
|rule|Evasion Items Clause: Evasion items are banned
|rule|Evasion Moves Clause: Evasion moves are banned
|rule|Evasion Abilities Clause: Evasion abilities are banned
|rule|Sleep Moves Clause: Sleep-inducing moves are banned
|clearpoke
|poke|p1|Kingambit, M|
|poke|p1|Tentacruel, M|
|poke|p1|Great Tusk|
|poke|p1|Lokix, F|
|poke|p1|Iron Moth|
|poke|p1|Primarina, F|
|poke|p2|Torkoal, F|
|poke|p2|Scovillain, M|
|poke|p2|Walking Wake|
|poke|p2|Hatterene, F|
|poke|p2|Great Tusk|
|poke|p2|Ceruledge, M|
|teampreview
|inactive|Battle timer is ON: inactive players will automatically lose when time's up. (requested by Sienna53)
|
|t:|1769354466
|teamsize|p1|6
|teamsize|p2|6
|start
|switch|p1a: Primarina|Primarina, F|100/100
|switch|p2a: Torkoal|Torkoal, F|100/100
|-weather|SunnyDay|[from] ability: Drought|[of] p2a: Torkoal
|turn|1
|
|t:|1769354468
|switch|p2a: Hatterene|Hatterene, F, shiny|100/100
|move|p1a: Primarina|Whirlpool|p2a: Hatterene|[miss]
|-miss|p1a: Primarina|p2a: Hatterene
|
|-weather|SunnyDay|[upkeep]
|upkeep
|turn|2
|
|t:|1769354475
|switch|p2a: Scovillain|Scovillain, M|100/100
|move|p1a: Primarina|Whirlpool|p2a: Scovillain
|-damage|p2a: Scovillain|84/100
|-activate|p2a: Scovillain|move: Whirlpool|[of] p1a: Primarina
|
|-weather|SunnyDay|[upkeep]
|-damage|p2a: Scovillain|72/100|[from] move: Whirlpool|[partiallytrapped]
|upkeep
|turn|3
|
|t:|1769354483
|move|p2a: Scovillain|Giga Drain|p1a: Primarina
|-supereffective|p1a: Primarina
|-damage|p1a: Primarina|44/100
|-heal|p2a: Scovillain|100/100|[from] drain|[of] p1a: Primarina
|-damage|p2a: Scovillain|91/100|[from] item: Life Orb
|move|p1a: Primarina|Moonblast|p2a: Scovillain
|-resisted|p2a: Scovillain
|-damage|p2a: Scovillain|46/100
|
|-weather|SunnyDay|[upkeep]
|-damage|p2a: Scovillain|34/100|[from] move: Whirlpool|[partiallytrapped]
|upkeep
|turn|4
|
|t:|1769354492
|switch|p1a: Tentacruel|Tentacruel, M, shiny|100/100
|move|p2a: Scovillain|Giga Drain|p1a: Tentacruel
|-damage|p1a: Tentacruel|59/100
|-damage|p2a: Scovillain|10/100|[from] ability: Liquid Ooze|[of] p1a: Tentacruel
|-damage|p2a: Scovillain|0 fnt|[from] item: Life Orb
|faint|p2a: Scovillain
|
|-weather|SunnyDay|[upkeep]
|upkeep
|
|t:|1769354497
|switch|p2a: Ceruledge|Ceruledge, M|100/100
|turn|5
|
|t:|1769354500
|move|p1a: Tentacruel|Hydro Pump|p2a: Ceruledge
|-supereffective|p2a: Ceruledge
|-damage|p2a: Ceruledge|48/100
|move|p2a: Ceruledge|Solar Blade||[still]
|-prepare|p2a: Ceruledge|Solar Blade
|-anim|p2a: Ceruledge|Solar Blade|p1a: Tentacruel
|-damage|p1a: Tentacruel|0 fnt
|faint|p1a: Tentacruel
|
|-weather|SunnyDay|[upkeep]
|upkeep
|
|t:|1769354517
|switch|p1a: Great Tusk|Great Tusk|100/100
|-activate|p1a: Great Tusk|ability: Protosynthesis
|-start|p1a: Great Tusk|protosynthesisatk
|turn|6
|
|t:|1769354530
|switch|p2a: Hatterene|Hatterene, F, shiny|100/100
|move|p1a: Great Tusk|Headlong Rush|p2a: Hatterene
|-damage|p2a: Hatterene|33/100
|-unboost|p1a: Great Tusk|def|1
|-unboost|p1a: Great Tusk|spd|1
|-enditem|p2a: Hatterene|Eject Button
|
|t:|1769354532
|switch|p2a: Walking Wake|Walking Wake|100/100
|-activate|p2a: Walking Wake|ability: Protosynthesis
|-start|p2a: Walking Wake|protosynthesisspa
|
|-weather|SunnyDay|[upkeep]
|upkeep
|turn|7
|
|t:|1769354538
|-end|p1a: Great Tusk|Protosynthesis|[silent]
|switch|p1a: Primarina|Primarina, F|44/100
|move|p2a: Walking Wake|Hydro Steam|p1a: Primarina
|-resisted|p1a: Primarina
|-damage|p1a: Primarina|4/100
|
|-weather|SunnyDay|[upkeep]
|upkeep
|turn|8
|
|t:|1769354543
|move|p2a: Walking Wake|Hydro Steam|p1a: Primarina
|-resisted|p1a: Primarina
|-crit|p1a: Primarina
|-damage|p1a: Primarina|0 fnt
|faint|p1a: Primarina
|
|-weather|none
|-end|p2a: Walking Wake|Protosynthesis
|upkeep
|
|t:|1769354552
|switch|p1a: Kingambit|Kingambit, M|100/100
|-activate|p1a: Kingambit|ability: Supreme Overlord
|-start|p1a: Kingambit|fallen2|[silent]
|turn|9
|
|t:|1769354560
|-terastallize|p2a: Walking Wake|Water
|move|p2a: Walking Wake|Hydro Steam|p1a: Kingambit
|-damage|p1a: Kingambit|6/100
|move|p1a: Kingambit|Iron Head|p2a: Walking Wake
|-resisted|p2a: Walking Wake
|-damage|p2a: Walking Wake|71/100
|
|-heal|p1a: Kingambit|12/100|[from] item: Leftovers
|upkeep
|turn|10
|
|t:|1769354582
|move|p1a: Kingambit|Sucker Punch|p2a: Walking Wake
|-damage|p2a: Walking Wake|15/100
|move|p2a: Walking Wake|Hydro Steam|p1a: Kingambit
|-damage|p1a: Kingambit|0 fnt
|faint|p1a: Kingambit
|-end|p1a: Kingambit|fallen2|[silent]
|
|upkeep
|
|t:|1769354587
|switch|p1a: Iron Moth|Iron Moth|100/100
|-enditem|p1a: Iron Moth|Booster Energy
|-activate|p1a: Iron Moth|ability: Quark Drive|[fromitem]
|-start|p1a: Iron Moth|quarkdrivespe
|turn|11
|
|t:|1769354597
|-end|p2a: Walking Wake|Protosynthesis|[silent]
|switch|p2a: Ceruledge|Ceruledge, M|48/100
|move|p1a: Iron Moth|Fiery Dance|p2a: Ceruledge
|-resisted|p2a: Ceruledge
|-damage|p2a: Ceruledge|25/100
|-boost|p1a: Iron Moth|spa|1
|
|upkeep
|turn|12
|
|t:|1769354604
|move|p1a: Iron Moth|Sludge Wave|p2a: Ceruledge
|-resisted|p2a: Ceruledge
|-damage|p2a: Ceruledge|0 fnt
|faint|p2a: Ceruledge
|
|upkeep
|
|t:|1769354608
|switch|p2a: Don|Great Tusk, shiny|100/100
|turn|13
|
|t:|1769354612
|-terastallize|p1a: Iron Moth|Ground
|move|p1a: Iron Moth|Fiery Dance|p2a: Don
|-damage|p2a: Don|34/100
|move|p2a: Don|Headlong Rush|p1a: Iron Moth
|-damage|p1a: Iron Moth|11/100
|-unboost|p2a: Don|def|1
|-unboost|p2a: Don|spd|1
|
|upkeep
|turn|14
|
|t:|1769354624
|move|p1a: Iron Moth|Fiery Dance|p2a: Don
|-damage|p2a: Don|0 fnt
|-boost|p1a: Iron Moth|spa|1
|faint|p2a: Don
|-end|p2a: Don|Protosynthesis|[silent]
|
|upkeep
|
|t:|1769354628
|switch|p2a: Torkoal|Torkoal, F|100/100
|-weather|SunnyDay|[from] ability: Drought|[of] p2a: Torkoal
|turn|15
|
|t:|1769354633
|move|p1a: Iron Moth|Tera Blast|p2a: Torkoal|[anim] Tera Blast Ground
|-supereffective|p2a: Torkoal
|-damage|p2a: Torkoal|0 fnt
|faint|p2a: Torkoal
|
|-weather|SunnyDay|[upkeep]
|upkeep
|-message|ykykp forfeited.
|
|win|Sienna53
|raw|Sienna53's rating: 1514 &rarr; <strong>1533</strong><br />(+19 for winning)
|raw|ykykp's rating: 1503 &rarr; <strong>1484</strong><br />(-19 for losing)
|l|☆ykykp
|player|p2|
|l|☆Sienna53
|player|p1|
