|j|☆Jogeta On Youtube
|j|☆haitianprinc3
|t:|1769292540
|gametype|singles
|player|p1|Jogeta On Youtube|266|1346
|player|p2|haitianprinc3|marshal|1347
|gen|9
|tier|[Gen 9] OU
|rated|
|rule|HP Percentage Mod: HP is shown in percentages
|rule|Endless Battle Clause: Forcing endless battles is banned
|rule|Species Clause: Limit one of each Pokémon
|rule|OHKO Clause: OHKO moves are banned
|rule|Evasion Items Clause: Evasion items are banned
|rule|Evasion Moves Clause: Evasion moves are banned
|rule|Evasion Abilities Clause: Evasion abilities are banned
|rule|Sleep Moves Clause: Sleep-inducing moves are banned
|clearpoke
|poke|p1|Mew|
|poke|p1|Frosmoth, F|
|poke|p1|Moltres|
|poke|p1|Keldeo-Resolute|
|poke|p1|Darkrai|
|poke|p1|Cinderace, F|
|poke|p2|Politoed, F|
|poke|p2|Goodra, M|
|poke|p2|Great Tusk|
|poke|p2|Floatzel, F|
|poke|p2|Azumarill, M|
|poke|p2|Barraskewda, F|
|teampreview
|inactive|Battle timer is ON: inactive players will automatically lose when time's up. (requested by haitianprinc3)
|
|t:|1769292560
|teamsize|p1|6
|teamsize|p2|6
|start
|switch|p1a: Darkrai|Darkrai|100/100
|switch|p2a: Politoed|Politoed, F|100/100
|-weather|RainDance|[from] ability: Drizzle|[of] p2a: Politoed
|turn|1
|
|t:|1769292569
|move|p1a: Darkrai|Thunder Wave|p2a: Politoed
|-status|p2a: Politoed|par
|cant|p2a: Politoed|par
|
|-weather|RainDance|[upkeep]
|upkeep
|turn|2
|
|t:|1769292575
|switch|p1a: Frosmoth|Frosmoth, F, shiny|100/100
|move|p2a: Politoed|Surf|p1a: Frosmoth
|-damage|p1a: Frosmoth|69/100
|
|-weather|RainDance|[upkeep]
|-heal|p1a: Frosmoth|75/100|[from] item: Leftovers
|upkeep
|turn|3
|
|t:|1769292587
|move|p1a: Frosmoth|Giga Drain|p2a: Politoed
|-supereffective|p2a: Politoed
|-damage|p2a: Politoed|64/100 par
|-heal|p1a: Frosmoth|99/100|[from] drain|[of] p2a: Politoed
|move|p2a: Politoed|Encore|p1a: Frosmoth
|-start|p1a: Frosmoth|Encore
|
|-weather|RainDance|[upkeep]
|-heal|p1a: Frosmoth|100/100|[from] item: Leftovers
|upkeep
|turn|4
|
|t:|1769292602
|switch|p1a: Darkrai|Darkrai|100/100
|switch|p2a: Goodra|Goodra, M|100/100
|
|-weather|RainDance|[upkeep]
|upkeep
|turn|5
|
|t:|1769292616
|move|p1a: Darkrai|Thunder Wave|p2a: Goodra
|-status|p2a: Goodra|par
|move|p2a: Goodra|Draco Meteor|p1a: Darkrai
|-damage|p1a: Darkrai|0 fnt
|-unboost|p2a: Goodra|spa|2
|faint|p1a: Darkrai
|
|-weather|RainDance|[upkeep]
|upkeep
|
|t:|1769292635
|switch|p1a: Mew|Mew, shiny|100/100
|turn|6
|
|t:|1769292646
|switch|p2a: Azumarill|Azumarill, M|100/100
|move|p1a: Mew|Icicle Spear|p2a: Azumarill
|-resisted|p2a: Azumarill
|-damage|p2a: Azumarill|96/100
|-resisted|p2a: Azumarill
|-damage|p2a: Azumarill|92/100
|-resisted|p2a: Azumarill
|-damage|p2a: Azumarill|88/100
|-resisted|p2a: Azumarill
|-damage|p2a: Azumarill|84/100
|-resisted|p2a: Azumarill
|-damage|p2a: Azumarill|80/100
|-hitcount|p2a: Azumarill|5
|
|-weather|RainDance|[upkeep]
|upkeep
|turn|7
|
|t:|1769292651
|-terastallize|p1a: Mew|Grass
|move|p1a: Mew|Bullet Seed|p2a: Azumarill
|-supereffective|p2a: Azumarill
|-damage|p2a: Azumarill|54/100
|-supereffective|p2a: Azumarill
|-damage|p2a: Azumarill|30/100
|-supereffective|p2a: Azumarill
|-damage|p2a: Azumarill|3/100
|-supereffective|p2a: Azumarill
|-damage|p2a: Azumarill|0 fnt
|faint|p2a: Azumarill
|-hitcount|p2: Azumarill|4
|
|-weather|RainDance|[upkeep]
|upkeep
|
|t:|1769292660
|switch|p2a: Floatzel|Floatzel, F|100/100
|turn|8
|
|t:|1769292664
|move|p2a: Floatzel|Ice Spinner|p1a: Mew
|-supereffective|p1a: Mew
|-damage|p1a: Mew|16/100
|move|p1a: Mew|Bullet Seed|p2a: Floatzel
|-supereffective|p2a: Floatzel
|-damage|p2a: Floatzel|57/100
|-supereffective|p2a: Floatzel
|-damage|p2a: Floatzel|13/100
|-supereffective|p2a: Floatzel
|-damage|p2a: Floatzel|0 fnt
|faint|p2a: Floatzel
|-hitcount|p2: Floatzel|3
|
|-weather|none
|upkeep
|
|t:|1769292671
|switch|p2a: Politoed|Politoed, F|64/100 par
|-weather|RainDance|[from] ability: Drizzle|[of] p2a: Politoed
|turn|9
|
|t:|1769292677
|move|p1a: Mew|Bullet Seed|p2a: Politoed
|-supereffective|p2a: Politoed
|-damage|p2a: Politoed|37/100 par
|-supereffective|p2a: Politoed
|-damage|p2a: Politoed|9/100 par
|-supereffective|p2a: Politoed
|-crit|p2a: Politoed
|-damage|p2a: Politoed|0 fnt
|faint|p2a: Politoed
|-hitcount|p2: Politoed|3
|
|-weather|RainDance|[upkeep]
|upkeep
|
|t:|1769292683
|switch|p2a: Great Tusk|Great Tusk|100/100
|turn|10
|
|t:|1769292690
|move|p2a: Great Tusk|Ice Spinner|p1a: Mew
|-supereffective|p1a: Mew
|-crit|p1a: Mew
|-damage|p1a: Mew|0 fnt
|faint|p1a: Mew
|
|-weather|RainDance|[upkeep]
|upkeep
|
|t:|1769292708
|switch|p1a: Moltres|Moltres|100/100
|turn|11
|
|t:|1769292715
|-end|p2a: Great Tusk|Protosynthesis|[silent]
|switch|p2a: Goodra|Goodra, M|100/100 par
|move|p1a: Moltres|U-turn|p2a: Goodra
|-damage|p2a: Goodra|76/100 par
|
|t:|1769292725
|switch|p1a: Frosmoth|Frosmoth, F, shiny|100/100|[from] U-turn
|
|-weather|RainDance|[upkeep]
|upkeep
|turn|12
|
|t:|1769292733
|move|p1a: Frosmoth|Quiver Dance|p1a: Frosmoth
|-boost|p1a: Frosmoth|spa|1
|-boost|p1a: Frosmoth|spd|1
|-boost|p1a: Frosmoth|spe|1
|cant|p2a: Goodra|par
|
|-weather|RainDance|[upkeep]
|upkeep
|turn|13
|
|t:|1769292740
|move|p1a: Frosmoth|Quiver Dance|p1a: Frosmoth
|-boost|p1a: Frosmoth|spa|1
|-boost|p1a: Frosmoth|spd|1
|-boost|p1a: Frosmoth|spe|1
|move|p2a: Goodra|Draco Meteor|p1a: Frosmoth|[miss]
|-miss|p2a: Goodra|p1a: Frosmoth
|
|-weather|RainDance|[upkeep]
|upkeep
|turn|14
|
|t:|1769292749
|move|p1a: Frosmoth|Quiver Dance|p1a: Frosmoth
|-boost|p1a: Frosmoth|spa|1
|-boost|p1a: Frosmoth|spd|1
|-boost|p1a: Frosmoth|spe|1
|move|p2a: Goodra|Draco Meteor|p1a: Frosmoth
|-damage|p1a: Frosmoth|83/100
|-unboost|p2a: Goodra|spa|2
|
|-weather|RainDance|[upkeep]
|-heal|p1a: Frosmoth|89/100|[from] item: Leftovers
|upkeep
|turn|15
|
|t:|1769292757
|switch|p2a: Barraskewda|Barraskewda, F|100/100
|move|p1a: Frosmoth|Ice Beam|p2a: Barraskewda
|-resisted|p2a: Barraskewda
|-damage|p2a: Barraskewda|1/100
|
|-weather|RainDance|[upkeep]
|-heal|p1a: Frosmoth|95/100|[from] item: Leftovers
|upkeep
|turn|16
|
|t:|1769292766
|move|p2a: Barraskewda|Liquidation|p1a: Frosmoth
|-damage|p1a: Frosmoth|0 fnt
|faint|p1a: Frosmoth
|
|-weather|none
|upkeep
|
|t:|1769292769
|switch|p1a: Cinderace|Cinderace, F|100/100
|turn|17
|
|t:|1769292774
|move|p1a: Cinderace|Sucker Punch|p2a: Barraskewda
|-start|p1a: Cinderace|typechange|Dark|[from] ability: Libero
|-damage|p2a: Barraskewda|0 fnt
|faint|p2a: Barraskewda
|
|upkeep
|
|t:|1769292776
|switch|p2a: Great Tusk|Great Tusk|100/100
|turn|18
|
|t:|1769292783
|switch|p1a: Moltres|Moltres|100/100
|move|p2a: Great Tusk|Rapid Spin|p1a: Moltres
|-damage|p1a: Moltres|87/100
|-boost|p2a: Great Tusk|spe|1
|
|upkeep
|turn|19
|
|t:|1769292795
|-end|p2a: Great Tusk|Protosynthesis|[silent]
|switch|p2a: Goodra|Goodra, M|76/100 par
|move|p1a: Moltres|Fire Spin|p2a: Goodra
|-resisted|p2a: Goodra
|-damage|p2a: Goodra|70/100 par
|-activate|p2a: Goodra|move: Fire Spin|[of] p1a: Moltres
|
|-damage|p2a: Goodra|58/100 par|[from] move: Fire Spin|[partiallytrapped]
|upkeep
|turn|20
|
|t:|1769292803
|switch|p1a: Cinderace|Cinderace, F|100/100
|move|p2a: Goodra|Draco Meteor|p1a: Cinderace
|-damage|p1a: Cinderace|0 fnt
|-unboost|p2a: Goodra|spa|2
|faint|p1a: Cinderace
|
|-end|p2a: Goodra|Fire Spin|[partiallytrapped]|[silent]
|upkeep
|
|t:|1769292806
|switch|p1a: Keldeo|Keldeo-Resolute|100/100
|turn|21
|
|t:|1769292812
|move|p1a: Keldeo|Muddy Water|p2a: Goodra|[miss]
|-miss|p1a: Keldeo|p2a: Goodra
|move|p2a: Goodra|Draco Meteor|p1a: Keldeo|[miss]
|-miss|p2a: Goodra|p1a: Keldeo
|
|upkeep
|turn|22
|
|t:|1769292823
|move|p1a: Keldeo|Secret Sword|p2a: Goodra
|-damage|p2a: Goodra|0 fnt
|faint|p2a: Goodra
|-damage|p1a: Keldeo|91/100|[from] item: Life Orb
|
|upkeep
|
|t:|1769292827
|switch|p2a: Great Tusk|Great Tusk|100/100
|turn|23
|
|t:|1769292834
|move|p1a: Keldeo|Muddy Water|p2a: Great Tusk
|-supereffective|p2a: Great Tusk
|-damage|p2a: Great Tusk|0 fnt
|faint|p2a: Great Tusk
|-end|p2a: Great Tusk|Protosynthesis|[silent]
|-damage|p1a: Keldeo|81/100|[from] item: Life Orb
|
|win|Jogeta On Youtube
|raw|Jogeta On Youtube's rating: 1346 &rarr; <strong>1366</strong><br />(+20 for winning)
|raw|haitianprinc3's rating: 1347 &rarr; <strong>1327</strong><br />(-20 for losing)
|l|☆haitianprinc3
|player|p2|
|l|☆Jogeta On Youtube
|player|p1|
