|j|☆ahjskahskjah
|j|☆firecharmander004
|t:|1769365191
|gametype|singles
|player|p1|ahjskahskjah|lucas|1553
|player|p2|firecharmander004|266|1630
|gen|9
|tier|[Gen 9] OU
|rated|
|rule|HP Percentage Mod: HP is shown in percentages
|rule|Endless Battle Clause: Forcing endless battles is banned
|rule|Species Clause: Limit one of each Pokémon
|rule|OHKO Clause: OHKO moves are banned
|rule|Evasion Items Clause: Evasion items are banned
|rule|Evasion Moves Clause: Evasion moves are banned
|rule|Evasion Abilities Clause: Evasion abilities are banned
|rule|Sleep Moves Clause: Sleep-inducing moves are banned
|clearpoke
|poke|p1|Enamorus, F|
|poke|p1|Great Tusk|
|poke|p1|Ogerpon-Wellspring, F|
|poke|p1|Iron Crown|
|poke|p1|Zamazenta-*|
|poke|p1|Kingambit, M|
|poke|p2|Charizard, F|
|poke|p2|Walking Wake|
|poke|p2|Hatterene, F|
|poke|p2|Venusaur, M|
|poke|p2|Great Tusk|
|poke|p2|Ninetales, F|
|teampreview
|inactive|Battle timer is ON: inactive players will automatically lose when time's up. (requested by firecharmander004)
|
|t:|1769365209
|teamsize|p1|6
|teamsize|p2|6
|start
|switch|p1a: Enamorus|Enamorus, F|100/100
|switch|p2a: Ninetales|Ninetales, F|100/100
|-weather|SunnyDay|[from] ability: Drought|[of] p2a: Ninetales
|turn|1
|
|t:|1769365216
|switch|p2a: Hatterene|Hatterene, F|100/100
|move|p1a: Enamorus|Earth Power|p2a: Hatterene
|-damage|p2a: Hatterene|47/100
|-enditem|p2a: Hatterene|Eject Button
|
|t:|1769365220
|switch|p2a: Charizard|Charizard, F|100/100
|
|-weather|SunnyDay|[upkeep]
|-damage|p2a: Charizard|88/100|[from] ability: Solar Power|[of] p2a: Charizard
|upkeep
|turn|2
|inactive|ahjskahskjah has 120 seconds left.
|
|t:|1769365261
|switch|p1a: Zamazenta|Zamazenta|100/100
|-ability|p1a: Zamazenta|Dauntless Shield|boost
|-boost|p1a: Zamazenta|def|1
|move|p2a: Charizard|Weather Ball|p1a: Zamazenta
|-damage|p1a: Zamazenta|0 fnt
|faint|p1a: Zamazenta
|
|-weather|SunnyDay|[upkeep]
|-damage|p2a: Charizard|76/100|[from] ability: Solar Power|[of] p2a: Charizard
|upkeep
|
|t:|1769365268
|switch|p1a: Ogerpon|Ogerpon-Wellspring, F|100/100
|turn|3
|
|t:|1769365274
|switch|p2a: Venusaur|Venusaur, M|100/100
|move|p1a: Ogerpon|Ivy Cudgel|p2a: Venusaur|[anim] Ivy Cudgel Water
|-resisted|p2a: Venusaur
|-crit|p2a: Venusaur
|-damage|p2a: Venusaur|74/100
|
|-weather|SunnyDay|[upkeep]
|upkeep
|turn|4
|inactive|ahjskahskjah has 120 seconds left.
|
|t:|1769365281
|move|p2a: Venusaur|Growth|p2a: Venusaur
|-boost|p2a: Venusaur|atk|2
|-boost|p2a: Venusaur|spa|2
|move|p1a: Ogerpon|Encore|p2a: Venusaur
|-start|p2a: Venusaur|Encore
|
|-weather|SunnyDay|[upkeep]
|upkeep
|turn|5
|
|t:|1769365290
|switch|p2a: Hatterene|Hatterene, F|47/100
|move|p1a: Ogerpon|Power Whip|p2a: Hatterene
|-damage|p2a: Hatterene|0 fnt
|faint|p2a: Hatterene
|
|-weather|SunnyDay|[upkeep]
|upkeep
|
|t:|1769365297
|switch|p2a: Venusaur|Venusaur, M|74/100
|turn|6
|
|t:|1769365299
|switch|p1a: Kingambit|Kingambit, M|100/100
|-activate|p1a: Kingambit|ability: Supreme Overlord
|-start|p1a: Kingambit|fallen1|[silent]
|move|p2a: Venusaur|Sludge Bomb|p1a: Kingambit
|-immune|p1a: Kingambit
|
|-weather|SunnyDay|[upkeep]
|upkeep
|turn|7
|
|t:|1769365306
|move|p1a: Kingambit|Sucker Punch|p2a: Venusaur
|-damage|p2a: Venusaur|10/100
|move|p2a: Venusaur|Weather Ball|p1a: Kingambit
|-supereffective|p1a: Kingambit
|-damage|p1a: Kingambit|0 fnt
|faint|p1a: Kingambit
|-end|p1a: Kingambit|fallen1|[silent]
|-damage|p2a: Venusaur|0 fnt|[from] item: Life Orb
|faint|p2a: Venusaur
|
|-weather|SunnyDay|[upkeep]
|upkeep
|
|t:|1769365323
|switch|p2a: Walking Wake|Walking Wake|100/100
|switch|p1a: Ogerpon|Ogerpon-Wellspring, F|100/100
|-activate|p2a: Walking Wake|ability: Protosynthesis
|-start|p2a: Walking Wake|protosynthesisspe
|turn|8
|
|t:|1769365334
|switch|p1a: Iron Crown|Iron Crown|100/100
|move|p2a: Walking Wake|Flamethrower|p1a: Iron Crown
|-supereffective|p1a: Iron Crown
|-damage|p1a: Iron Crown|4/100
|-status|p1a: Iron Crown|brn
|
|-weather|none
|-end|p2a: Walking Wake|Protosynthesis
|-damage|p1a: Iron Crown|0 fnt|[from] brn
|faint|p1a: Iron Crown
|-end|p1a: Iron Crown|Quark Drive|[silent]
|upkeep
|
|t:|1769365342
|switch|p1a: Enamorus|Enamorus, F|100/100
|turn|9
|
|t:|1769365347
|-end|p2a: Walking Wake|Protosynthesis|[silent]
|switch|p2a: Ninetales|Ninetales, F|100/100
|-weather|SunnyDay|[from] ability: Drought|[of] p2a: Ninetales
|move|p1a: Enamorus|Moonblast|p2a: Ninetales
|-resisted|p2a: Ninetales
|-damage|p2a: Ninetales|64/100
|
|-weather|SunnyDay|[upkeep]
|upkeep
|turn|10
|
|t:|1769365365
|switch|p2a: Great Tusk|Great Tusk|100/100
|-activate|p2a: Great Tusk|ability: Protosynthesis
|-start|p2a: Great Tusk|protosynthesisspe
|move|p1a: Enamorus|Moonblast|p2a: Great Tusk
|-supereffective|p2a: Great Tusk
|-damage|p2a: Great Tusk|0 fnt
|faint|p2a: Great Tusk
|-end|p2a: Great Tusk|Protosynthesis|[silent]
|
|-weather|SunnyDay|[upkeep]
|upkeep
|
|t:|1769365371
|switch|p2a: Charizard|Charizard, F|76/100
|turn|11
|
|t:|1769365390
|switch|p1a: Great Tusk|Great Tusk|100/100
|-activate|p1a: Great Tusk|ability: Protosynthesis
|-start|p1a: Great Tusk|protosynthesisatk
|move|p2a: Charizard|Weather Ball|p1a: Great Tusk
|-damage|p1a: Great Tusk|0 fnt
|faint|p1a: Great Tusk
|-end|p1a: Great Tusk|Protosynthesis|[silent]
|
|-weather|SunnyDay|[upkeep]
|-damage|p2a: Charizard|63/100|[from] ability: Solar Power|[of] p2a: Charizard
|upkeep
|
|t:|1769365392
|switch|p1a: Ogerpon|Ogerpon-Wellspring, F|100/100
|turn|12
|
|t:|1769365409
|move|p1a: Ogerpon|Ivy Cudgel|p2a: Charizard|[anim] Ivy Cudgel Water
|-supereffective|p2a: Charizard
|-damage|p2a: Charizard|0 fnt
|faint|p2a: Charizard
|
|-weather|SunnyDay|[upkeep]
|upkeep
|
|t:|1769365411
|switch|p2a: Ninetales|Ninetales, F|64/100
|turn|13
|
|t:|1769365423
|-terastallize|p2a: Ninetales|Grass
|move|p1a: Ogerpon|Ivy Cudgel|p2a: Ninetales|[anim] Ivy Cudgel Water
|-resisted|p2a: Ninetales
|-damage|p2a: Ninetales|46/100
|move|p2a: Ninetales|Will-O-Wisp|p1a: Ogerpon
|-status|p1a: Ogerpon|brn
|
|-weather|SunnyDay|[upkeep]
|-damage|p1a: Ogerpon|95/100 brn|[from] brn
|upkeep
|turn|14
|
|t:|1769365444
|move|p1a: Ogerpon|Encore|p2a: Ninetales
|-start|p2a: Ninetales|Encore
|move|p2a: Ninetales|Will-O-Wisp|p1a: Ogerpon
|-fail|p1a: Ogerpon|brn
|
|-weather|SunnyDay|[upkeep]
|-damage|p1a: Ogerpon|89/100 brn|[from] brn
|upkeep
|turn|15
|
|t:|1769365448
|switch|p2a: Walking Wake|Walking Wake|100/100
|-activate|p2a: Walking Wake|ability: Protosynthesis
|-start|p2a: Walking Wake|protosynthesisspe
|move|p1a: Ogerpon|Ivy Cudgel|p2a: Walking Wake|[anim] Ivy Cudgel Water
|-resisted|p2a: Walking Wake
|-damage|p2a: Walking Wake|96/100
|
|-weather|SunnyDay|[upkeep]
|-damage|p1a: Ogerpon|83/100 brn|[from] brn
|upkeep
|turn|16
|
|t:|1769365477
|-terastallize|p1a: Ogerpon|Water
|detailschange|p1a: Ogerpon|Ogerpon-Wellspring-Tera, F, tera:Water
|-ability|p1a: Ogerpon|Embody Aspect (Wellspring)|boost
|-boost|p1a: Ogerpon|spd|1
|move|p2a: Walking Wake|Flamethrower|p1a: Ogerpon
|-resisted|p1a: Ogerpon
|-damage|p1a: Ogerpon|57/100 brn
|move|p1a: Ogerpon|Play Rough|p2a: Walking Wake
|-supereffective|p2a: Walking Wake
|-damage|p2a: Walking Wake|60/100
|
|-weather|none
|-end|p2a: Walking Wake|Protosynthesis
|-damage|p1a: Ogerpon|51/100 brn|[from] brn
|upkeep
|turn|17
|
|t:|1769365487
|-end|p2a: Walking Wake|Protosynthesis|[silent]
|switch|p2a: Ninetales|Ninetales, F, tera:Grass|46/100
|-weather|SunnyDay|[from] ability: Drought|[of] p2a: Ninetales
|move|p1a: Ogerpon|Play Rough|p2a: Ninetales
|-damage|p2a: Ninetales|24/100
|
|-weather|SunnyDay|[upkeep]
|-damage|p1a: Ogerpon|45/100 brn|[from] brn
|upkeep
|turn|18
|inactive|ahjskahskjah has 120 seconds left.
|
|t:|1769365512
|move|p1a: Ogerpon|Power Whip|p2a: Ninetales
|-resisted|p2a: Ninetales
|-damage|p2a: Ninetales|2/100
|move|p2a: Ninetales|Weather Ball|p1a: Ogerpon
|-resisted|p1a: Ogerpon
|-damage|p1a: Ogerpon|29/100 brn
|
|-weather|SunnyDay|[upkeep]
|-damage|p1a: Ogerpon|23/100 brn|[from] brn
|upkeep
|turn|19
|
|t:|1769365517
|move|p1a: Ogerpon|Ivy Cudgel|p2a: Ninetales|[anim] Ivy Cudgel Water
|-resisted|p2a: Ninetales
|-damage|p2a: Ninetales|0 fnt
|faint|p2a: Ninetales
|
|-weather|SunnyDay|[upkeep]
|-damage|p1a: Ogerpon|17/100 brn|[from] brn
|upkeep
|
|t:|1769365520
|switch|p2a: Walking Wake|Walking Wake|60/100
|-activate|p2a: Walking Wake|ability: Protosynthesis
|-start|p2a: Walking Wake|protosynthesisspe
|turn|20
|
|t:|1769365523
|move|p2a: Walking Wake|Hydro Steam|p1a: Ogerpon
|-resisted|p1a: Ogerpon
|-damage|p1a: Ogerpon|0 fnt
|faint|p1a: Ogerpon
|detailschange|p1: Ogerpon|Ogerpon-Wellspring, F|[silent]
|
|-weather|SunnyDay|[upkeep]
|upkeep
|
|t:|1769365525
|switch|p1a: Enamorus|Enamorus, F|100/100
|turn|21
|
|t:|1769365528
|move|p2a: Walking Wake|Hydro Steam|p1a: Enamorus
|-crit|p1a: Enamorus
|-damage|p1a: Enamorus|0 fnt
|faint|p1a: Enamorus
|
|win|firecharmander004
|raw|ahjskahskjah's rating: 1553 &rarr; <strong>1537</strong><br />(-16 for losing)
|raw|firecharmander004's rating: 1630 &rarr; <strong>1646</strong><br />(+16 for winning)
|l|☆ahjskahskjah
|player|p1|
