|j|☆Zapy364
|j|☆chibi tanjiro
|t:|1769307887
|gametype|singles
|player|p1|Zapy364|101|1529
|player|p2|chibi tanjiro|170|1588
|gen|9
|tier|[Gen 9] OU
|rated|
|rule|HP Percentage Mod: HP is shown in percentages
|rule|Endless Battle Clause: Forcing endless battles is banned
|rule|Species Clause: Limit one of each Pokémon
|rule|OHKO Clause: OHKO moves are banned
|rule|Evasion Items Clause: Evasion items are banned
|rule|Evasion Moves Clause: Evasion moves are banned
|rule|Evasion Abilities Clause: Evasion abilities are banned
|rule|Sleep Moves Clause: Sleep-inducing moves are banned
|clearpoke
|poke|p1|Zamazenta-*|
|poke|p1|Raging Bolt|
|poke|p1|Primarina, F|
|poke|p1|Great Tusk|
|poke|p1|Slowking-Galar, M|
|poke|p1|Ogerpon-Cornerstone, F|
|poke|p2|Zarude-Dada|
|poke|p2|Pecharunt|
|poke|p2|Great Tusk|
|poke|p2|Alomomola, M|
|poke|p2|Landorus-Therian, M|
|poke|p2|Raging Bolt|
|teampreview
|inactive|Battle timer is ON: inactive players will automatically lose when time's up. (requested by Zapy364)
|
|t:|1769307905
|teamsize|p1|6
|teamsize|p2|6
|start
|switch|p1a: Great Tusk|Great Tusk|100/100
|switch|p2a: Zarude|Zarude-Dada|100/100
|turn|1
|
|t:|1769307914
|move|p2a: Zarude|U-turn|p1a: Great Tusk
|-resisted|p1a: Great Tusk
|-damage|p1a: Great Tusk|93/100
|-damage|p2a: Zarude|84/100|[from] item: Rocky Helmet|[of] p1a: Great Tusk
|
|t:|1769307915
|switch|p2a: Landorus|Landorus-Therian, M|100/100|[from] U-turn
|-ability|p2a: Landorus|Intimidate|boost
|-unboost|p1a: Great Tusk|atk|1
|move|p1a: Great Tusk|Rapid Spin|p2a: Landorus
|-damage|p2a: Landorus|92/100
|-boost|p1a: Great Tusk|spe|1
|-damage|p1a: Great Tusk|77/100|[from] item: Rocky Helmet|[of] p2a: Landorus
|
|upkeep
|turn|2
|
|t:|1769307920
|move|p1a: Great Tusk|Ice Spinner|p2a: Landorus
|-supereffective|p2a: Landorus
|-damage|p2a: Landorus|35/100
|-damage|p1a: Great Tusk|60/100|[from] item: Rocky Helmet|[of] p2a: Landorus
|move|p2a: Landorus|Grass Knot|p1a: Great Tusk
|-supereffective|p1a: Great Tusk
|-damage|p1a: Great Tusk|0 fnt
|-damage|p2a: Landorus|18/100|[from] item: Rocky Helmet|[of] p1a: Great Tusk
|faint|p1a: Great Tusk
|-end|p1a: Great Tusk|Protosynthesis|[silent]
|
|upkeep
|
|t:|1769307927
|switch|p1a: Ogerpon|Ogerpon-Cornerstone, F|100/100
|turn|3
|
|t:|1769307940
|move|p1a: Ogerpon|Ivy Cudgel|p2a: Landorus|[anim] Ivy Cudgel Rock
|-damage|p2a: Landorus|0 fnt
|faint|p2a: Landorus
|
|upkeep
|
|t:|1769307945
|switch|p2a: Pecharunt|Pecharunt|100/100
|turn|4
|
|t:|1769307949
|switch|p1a: Slowking|Slowking-Galar, M|100/100
|move|p2a: Pecharunt|Parting Shot|p1a: Slowking
|-unboost|p1a: Slowking|atk|1
|-unboost|p1a: Slowking|spa|1
|
|t:|1769307952
|switch|p2a: Zarude|Zarude-Dada|84/100|[from] Parting Shot
|
|upkeep
|turn|5
|
|t:|1769307961
|move|p2a: Zarude|Knock Off|p1a: Slowking
|-supereffective|p1a: Slowking
|-damage|p1a: Slowking|0 fnt
|-enditem|p1a: Slowking|Heavy-Duty Boots|[from] move: Knock Off|[of] p2a: Zarude
|faint|p1a: Slowking
|
|upkeep
|
|t:|1769307969
|switch|p1a: Raging Bolt|Raging Bolt|100/100
|turn|6
|
|t:|1769307988
|move|p2a: Zarude|Knock Off|p1a: Raging Bolt
|-damage|p1a: Raging Bolt|56/100
|-enditem|p1a: Raging Bolt|Choice Specs|[from] move: Knock Off|[of] p2a: Zarude
|move|p1a: Raging Bolt|Draco Meteor|p2a: Zarude
|-damage|p2a: Zarude|4/100
|-unboost|p1a: Raging Bolt|spa|2
|
|upkeep
|turn|7
|
|t:|1769307997
|switch|p2a: Great Tusk|Great Tusk|100/100
|move|p1a: Raging Bolt|Thunderclap||[still]
|-fail|p1a: Raging Bolt
|
|upkeep
|turn|8
|
|t:|1769308022
|move|p2a: Great Tusk|Headlong Rush|p1a: Raging Bolt
|-supereffective|p1a: Raging Bolt
|-damage|p1a: Raging Bolt|0 fnt
|-unboost|p2a: Great Tusk|def|1
|-unboost|p2a: Great Tusk|spd|1
|faint|p1a: Raging Bolt
|-end|p1a: Raging Bolt|Protosynthesis|[silent]
|
|upkeep
|
|t:|1769308027
|switch|p1a: Ogerpon|Ogerpon-Cornerstone, F|100/100
|turn|9
|
|t:|1769308034
|-end|p2a: Great Tusk|Protosynthesis|[silent]
|switch|p2a: Pecharunt|Pecharunt|100/100
|move|p1a: Ogerpon|Swords Dance|p1a: Ogerpon
|-boost|p1a: Ogerpon|atk|2
|
|upkeep
|turn|10
|
|t:|1769308047
|move|p1a: Ogerpon|Ivy Cudgel|p2a: Pecharunt|[anim] Ivy Cudgel Rock
|-damage|p2a: Pecharunt|49/100
|move|p2a: Pecharunt|Malignant Chain|p1a: Ogerpon
|-damage|p1a: Ogerpon|65/100
|-status|p1a: Ogerpon|tox
|-start|p1a: Ogerpon|confusion|[from] ability: Poison Puppeteer|[of] p2a: Pecharunt
|
|-damage|p1a: Ogerpon|59/100 tox|[from] psn
|upkeep
|turn|11
|
|t:|1769308068
|switch|p2a: Alomomola|Alomomola, M|100/100
|-activate|p1a: Ogerpon|confusion
|-damage|p1a: Ogerpon|21/100 tox|[from] confusion
|
|-damage|p1a: Ogerpon|9/100 tox|[from] psn
|upkeep
|turn|12
|
|t:|1769308073
|-end|p1a: Ogerpon|confusion
|move|p1a: Ogerpon|Power Whip|p2a: Alomomola
|-supereffective|p2a: Alomomola
|-damage|p2a: Alomomola|0 fnt
|faint|p2a: Alomomola
|
|-damage|p1a: Ogerpon|0 fnt|[from] psn
|faint|p1a: Ogerpon
|upkeep
|-message|Zapy364 forfeited.
|
|win|chibi tanjiro
|raw|Zapy364's rating: 1529 &rarr; <strong>1512</strong><br />(-17 for losing)
|raw|chibi tanjiro's rating: 1588 &rarr; <strong>1605</strong><br />(+17 for winning)
|l|☆Zapy364
|player|p1|
