|j|☆sableye555
|j|☆cafepinguino
|t:|1769358697
|gametype|singles
|player|p1|sableye555|gentleman-gen4|1272
|player|p2|cafepinguino|morty|1209
|gen|9
|tier|[Gen 9] OU
|rated|
|rule|HP Percentage Mod: HP is shown in percentages
|rule|Endless Battle Clause: Forcing endless battles is banned
|rule|Species Clause: Limit one of each Pokémon
|rule|OHKO Clause: OHKO moves are banned
|rule|Evasion Items Clause: Evasion items are banned
|rule|Evasion Moves Clause: Evasion moves are banned
|rule|Evasion Abilities Clause: Evasion abilities are banned
|rule|Sleep Moves Clause: Sleep-inducing moves are banned
|clearpoke
|poke|p1|Lokix, M|
|poke|p1|Dondozo, M|
|poke|p1|Slowking-Galar, M|
|poke|p1|Iron Treads|
|poke|p1|Landorus-Therian, M|
|poke|p1|Darkrai|
|poke|p2|Darkrai|
|poke|p2|Clefable, F|
|poke|p2|Entei|
|poke|p2|Goodra-Hisui, M|
|poke|p2|Ursaluna, F|
|poke|p2|Ogerpon-Wellspring, F|
|teampreview
|inactive|Battle timer is ON: inactive players will automatically lose when time's up. (requested by sableye555)
|
|t:|1769358723
|teamsize|p1|6
|teamsize|p2|6
|start
|switch|p1a: Landorus|Landorus-Therian, M, shiny|100/100
|switch|p2a: Clefable|Clefable, F|100/100
|-ability|p1a: Landorus|Intimidate|boost
|-unboost|p2a: Clefable|atk|1
|turn|1
|
|t:|1769358731
|move|p1a: Landorus|Taunt|p2a: Clefable
|-start|p2a: Clefable|move: Taunt
|move|p2a: Clefable|Moonblast|p1a: Landorus
|-damage|p1a: Landorus|64/100
|-unboost|p1a: Landorus|spa|1
|
|-heal|p1a: Landorus|70/100|[from] item: Leftovers
|upkeep
|turn|2
|
|t:|1769358737
|move|p1a: Landorus|Stealth Rock|p2a: Clefable
|-sidestart|p2: cafepinguino|move: Stealth Rock
|move|p2a: Clefable|Moonblast|p1a: Landorus
|-damage|p1a: Landorus|32/100
|
|-heal|p1a: Landorus|38/100|[from] item: Leftovers
|upkeep
|turn|3
|
|t:|1769358743
|move|p1a: Landorus|U-turn|p2a: Clefable
|-resisted|p2a: Clefable
|-damage|p2a: Clefable|92/100
|
|t:|1769358747
|switch|p1a: Slowking|Slowking-Galar, M, shiny|100/100|[from] U-turn
|move|p2a: Clefable|Moonblast|p1a: Slowking
|-resisted|p1a: Slowking
|-damage|p1a: Slowking|86/100
|-unboost|p1a: Slowking|spa|1
|
|-heal|p1a: Slowking|92/100|[from] item: Leftovers
|-end|p2a: Clefable|move: Taunt
|upkeep
|turn|4
|
|t:|1769358759
|switch|p2a: Ogerpon|Ogerpon-Wellspring, F|100/100
|-damage|p2a: Ogerpon|88/100|[from] Stealth Rock
|-prepare|p1a: Slowking|Chilly Reception|[premajor]
|move|p1a: Slowking|Chilly Reception|p1a: Slowking
|-weather|Snowscape
|
|t:|1769358767
|switch|p1a: BigXthaBug|Lokix, M|100/100|[from] Chilly Reception
|
|-weather|Snowscape|[upkeep]
|upkeep
|turn|5
|
|t:|1769358776
|-terastallize|p2a: Ogerpon|Water
|detailschange|p2a: Ogerpon|Ogerpon-Wellspring-Tera, F, tera:Water
|-ability|p2a: Ogerpon|Embody Aspect (Wellspring)|boost
|-boost|p2a: Ogerpon|spd|1
|move|p2a: Ogerpon|Superpower|p1a: BigXthaBug
|-damage|p1a: BigXthaBug|26/100
|-unboost|p2a: Ogerpon|atk|1
|-unboost|p2a: Ogerpon|def|1
|move|p1a: BigXthaBug|U-turn|p2a: Ogerpon
|-damage|p2a: Ogerpon|0 fnt
|faint|p2a: Ogerpon
|detailschange|p2: Ogerpon|Ogerpon-Wellspring, F|[silent]
|
|t:|1769358794
|switch|p1a: Landorus|Landorus-Therian, M, shiny|38/100|[from] U-turn
|
|-weather|Snowscape|[upkeep]
|-heal|p1a: Landorus|45/100|[from] item: Leftovers
|upkeep
|
|t:|1769358815
|switch|p2a: Darkrai|Darkrai|100/100
|-damage|p2a: Darkrai|88/100|[from] Stealth Rock
|turn|6
|
|t:|1769358828
|move|p2a: Darkrai|Ice Beam|p1a: Landorus
|-supereffective|p1a: Landorus
|-damage|p1a: Landorus|0 fnt
|faint|p1a: Landorus
|
|-weather|Snowscape|[upkeep]
|upkeep
|
|t:|1769358831
|switch|p1a: BigXthaBug|Lokix, M|26/100
|turn|7
|
|t:|1769358837
|switch|p2a: Entei|Entei|100/100
|-terastallize|p1a: BigXthaBug|Bug
|move|p1a: BigXthaBug|First Impression|p2a: Entei
|-resisted|p2a: Entei
|-damage|p2a: Entei|1/100
|
|-weather|Snowscape|[upkeep]
|upkeep
|turn|8
|
|t:|1769358847
|switch|p1a: Dondozo|Dondozo, M|100/100
|move|p2a: Entei|Extreme Speed|p1a: Dondozo
|-damage|p1a: Dondozo|84/100
|
|-weather|none
|-heal|p1a: Dondozo|90/100|[from] item: Leftovers
|upkeep
|turn|9
|
|t:|1769358859
|switch|p2a: Darkrai|Darkrai|88/100
|-damage|p2a: Darkrai|76/100|[from] Stealth Rock
|move|p1a: Dondozo|Curse|p1a: Dondozo
|-unboost|p1a: Dondozo|spe|1
|-boost|p1a: Dondozo|atk|1
|-boost|p1a: Dondozo|def|1
|
|-heal|p1a: Dondozo|97/100|[from] item: Leftovers
|upkeep
|turn|10
|
|t:|1769358865
|move|p2a: Darkrai|Thunder|p1a: Dondozo|[miss]
|-miss|p2a: Darkrai|p1a: Dondozo
|move|p1a: Dondozo|Wave Crash|p2a: Darkrai
|-damage|p2a: Darkrai|0 fnt
|faint|p2a: Darkrai
|-damage|p1a: Dondozo|83/100|[from] Recoil
|
|-heal|p1a: Dondozo|89/100|[from] item: Leftovers
|upkeep
|
|t:|1769358876
|switch|p2a: Clefable|Clefable, F|92/100
|turn|11
|
|t:|1769358880
|move|p2a: Clefable|Thunderbolt|p1a: Dondozo
|-supereffective|p1a: Dondozo
|-damage|p1a: Dondozo|54/100
|move|p1a: Dondozo|Wave Crash|p2a: Clefable
|-damage|p2a: Clefable|42/100
|-damage|p1a: Dondozo|41/100|[from] Recoil
|
|-heal|p1a: Dondozo|48/100|[from] item: Leftovers
|upkeep
|turn|12
|
|t:|1769358886
|move|p2a: Clefable|Thunderbolt|p1a: Dondozo
|-supereffective|p1a: Dondozo
|-damage|p1a: Dondozo|17/100
|move|p1a: Dondozo|Rest|p1a: Dondozo
|-status|p1a: Dondozo|slp|[from] move: Rest
|-heal|p1a: Dondozo|100/100 slp|[silent]
|
|upkeep
|turn|13
|
|t:|1769358892
|move|p2a: Clefable|Thunderbolt|p1a: Dondozo
|-supereffective|p1a: Dondozo
|-damage|p1a: Dondozo|67/100 slp
|cant|p1a: Dondozo|slp
|move|p1a: Dondozo|Sleep Talk|p1a: Dondozo
|move|p1a: Dondozo|Rest||[from] move: Sleep Talk|[still]
|-fail|p1a: Dondozo
|
|-heal|p1a: Dondozo|73/100 slp|[from] item: Leftovers
|upkeep
|turn|14
|
|t:|1769358896
|move|p2a: Clefable|Thunderbolt|p1a: Dondozo
|-supereffective|p1a: Dondozo
|-damage|p1a: Dondozo|39/100 slp
|cant|p1a: Dondozo|slp
|move|p1a: Dondozo|Sleep Talk|p1a: Dondozo
|move|p1a: Dondozo|Wave Crash|p2a: Clefable|[from] move: Sleep Talk
|-damage|p2a: Clefable|0 fnt
|faint|p2a: Clefable
|-damage|p1a: Dondozo|28/100 slp|[from] Recoil
|
|-heal|p1a: Dondozo|34/100 slp|[from] item: Leftovers
|upkeep
|
|t:|1769358910
|switch|p2a: Ursaluna|Ursaluna, F|100/100
|-damage|p2a: Ursaluna|94/100|[from] Stealth Rock
|turn|15
|
|t:|1769358915
|move|p2a: Ursaluna|Protect|p2a: Ursaluna
|-singleturn|p2a: Ursaluna|Protect
|-curestatus|p1a: Dondozo|slp|[msg]
|move|p1a: Dondozo|Rest|p1a: Dondozo
|-status|p1a: Dondozo|slp|[from] move: Rest
|-heal|p1a: Dondozo|100/100 slp|[silent]
|
|-status|p2a: Ursaluna|brn|[from] item: Flame Orb
|upkeep
|turn|16
|
|t:|1769358921
|move|p2a: Ursaluna|Facade|p1a: Dondozo
|-damage|p1a: Dondozo|50/100 slp
|cant|p1a: Dondozo|slp
|move|p1a: Dondozo|Sleep Talk|p1a: Dondozo
|move|p1a: Dondozo|Wave Crash|p2a: Ursaluna|[from] move: Sleep Talk
|-supereffective|p2a: Ursaluna
|-damage|p2a: Ursaluna|7/100 brn
|-damage|p1a: Dondozo|24/100 slp|[from] Recoil
|
|-heal|p1a: Dondozo|30/100 slp|[from] item: Leftovers
|-damage|p2a: Ursaluna|1/100 brn|[from] brn
|upkeep
|turn|17
|
|t:|1769358937
|switch|p1a: Iron Treads|Iron Treads|100/100
|move|p2a: Ursaluna|Facade|p1a: Iron Treads
|-resisted|p1a: Iron Treads
|-damage|p1a: Iron Treads|52/100
|
|-heal|p1a: Iron Treads|58/100|[from] item: Leftovers
|-damage|p2a: Ursaluna|0 fnt|[from] brn
|faint|p2a: Ursaluna
|upkeep
|
|t:|1769358947
|switch|p2a: Goodra|Goodra-Hisui, M|100/100
|-damage|p2a: Goodra|94/100|[from] Stealth Rock
|turn|18
|
|t:|1769358950
|move|p1a: Iron Treads|Earthquake|p2a: Goodra
|-supereffective|p2a: Goodra
|-damage|p2a: Goodra|45/100
|move|p2a: Goodra|Shelter|p2a: Goodra
|-boost|p2a: Goodra|def|2
|
|-heal|p1a: Iron Treads|64/100|[from] item: Leftovers
|upkeep
|turn|19
|
|t:|1769358956
|move|p1a: Iron Treads|Knock Off|p2a: Goodra
|-damage|p2a: Goodra|37/100
|-ability|p2a: Goodra|Gooey
|-unboost|p1a: Iron Treads|spe|1
|-enditem|p2a: Goodra|Aguav Berry|[from] move: Knock Off|[of] p1a: Iron Treads
|move|p2a: Goodra|Shelter|p2a: Goodra
|-boost|p2a: Goodra|def|2
|
|-heal|p1a: Iron Treads|70/100|[from] item: Leftovers
|upkeep
|turn|20
|
|t:|1769358964
|move|p1a: Iron Treads|Earthquake|p2a: Goodra
|-supereffective|p2a: Goodra
|-damage|p2a: Goodra|21/100
|move|p2a: Goodra|Body Press|p1a: Iron Treads
|-supereffective|p1a: Iron Treads
|-damage|p1a: Iron Treads|0 fnt
|faint|p1a: Iron Treads
|-end|p1a: Iron Treads|Quark Drive|[silent]
|
|upkeep
|
|t:|1769358970
|switch|p1a: Darkrai|Darkrai, shiny|100/100
|turn|21
|
|t:|1769358973
|move|p1a: Darkrai|Dark Pulse|p2a: Goodra
|-damage|p2a: Goodra|0 fnt
|faint|p2a: Goodra
|
|upkeep
|
|t:|1769358978
|switch|p2a: Entei|Entei|1/100
|turn|22
|
|t:|1769358982
|move|p2a: Entei|Extreme Speed|p1a: Darkrai
|-damage|p1a: Darkrai|66/100
|move|p1a: Darkrai|Dark Pulse|p2a: Entei
|-crit|p2a: Entei
|-damage|p2a: Entei|0 fnt
|faint|p2a: Entei
|
|win|sableye555
|raw|sableye555's rating: 1272 &rarr; <strong>1293</strong><br />(+21 for winning)
|raw|cafepinguino's rating: 1209 &rarr; <strong>1188</strong><br />(-21 for losing)
|l|☆sableye555
|player|p1|
|l|☆cafepinguino
|player|p2|
