|badge|p2|bronze|gen9doublesou|100-8
|uhtml|medal-msg|<div class="broadcast-blue">Curious what those medals under the avatar are? PS now has Ladder Seasons! For more information, check out the <a href="https://www.smogon.com/forums/threads/3740067/">thread on Smogon.</a></div>
|j|☆dblockgoat
|j|☆RNG Savage
|t:|1769364781
|gametype|singles
|player|p1|dblockgoat|zinzolin|1481
|player|p2|RNG Savage|giovanni-gen3|1529
|gen|9
|tier|[Gen 9] OU
|rated|
|rule|HP Percentage Mod: HP is shown in percentages
|rule|Endless Battle Clause: Forcing endless battles is banned
|rule|Species Clause: Limit one of each Pokémon
|rule|OHKO Clause: OHKO moves are banned
|rule|Evasion Items Clause: Evasion items are banned
|rule|Evasion Moves Clause: Evasion moves are banned
|rule|Evasion Abilities Clause: Evasion abilities are banned
|rule|Sleep Moves Clause: Sleep-inducing moves are banned
|clearpoke
|poke|p1|Samurott-Hisui, F|
|poke|p1|Gholdengo|
|poke|p1|Dragonite, M|
|poke|p1|Iron Valiant|
|poke|p1|Kingambit, F|
|poke|p1|Iron Moth|
|poke|p2|Greninja-*, M|
|poke|p2|Darkrai|
|poke|p2|Gardevoir, F|
|poke|p2|Iron Crown|
|poke|p2|Latias, F|
|poke|p2|Altaria, F|
|teampreview
|inactive|Battle timer is ON: inactive players will automatically lose when time's up. (requested by dblockgoat)
|
|t:|1769364799
|teamsize|p1|6
|teamsize|p2|6
|start
|switch|p1a: Gholdengo|Gholdengo|100/100
|switch|p2a: Greninja|Greninja, M, shiny|100/100
|turn|1
|
|t:|1769364802
|move|p1a: Gholdengo|Trick|p2a: Greninja
|-activate|p1a: Gholdengo|move: Trick|[of] p2a: Greninja
|-item|p2a: Greninja|Choice Scarf|[from] move: Trick
|-item|p1a: Gholdengo|Life Orb|[from] move: Trick
|move|p2a: Greninja|Dark Pulse|p1a: Gholdengo
|-start|p2a: Greninja|typechange|Dark|[from] ability: Protean
|-supereffective|p1a: Gholdengo
|-damage|p1a: Gholdengo|33/100
|
|upkeep
|turn|2
|
|t:|1769364810
|switch|p1a: Iron Valiant|Iron Valiant|100/100
|-enditem|p1a: Iron Valiant|Booster Energy
|-activate|p1a: Iron Valiant|ability: Quark Drive|[fromitem]
|-start|p1a: Iron Valiant|quarkdrivespe
|move|p2a: Greninja|Dark Pulse|p1a: Iron Valiant
|-resisted|p1a: Iron Valiant
|-damage|p1a: Iron Valiant|87/100
|
|upkeep
|turn|3
|
|t:|1769364814
|switch|p2a: Gardevoir|Gardevoir, F, shiny|100/100
|move|p1a: Iron Valiant|Calm Mind|p1a: Iron Valiant
|-boost|p1a: Iron Valiant|spa|1
|-boost|p1a: Iron Valiant|spd|1
|
|upkeep
|turn|4
|
|t:|1769364821
|move|p1a: Iron Valiant|Moonblast|p2a: Gardevoir
|-damage|p2a: Gardevoir|47/100
|move|p2a: Gardevoir|Psyshock|p1a: Iron Valiant
|-supereffective|p1a: Iron Valiant
|-damage|p1a: Iron Valiant|0 fnt
|faint|p1a: Iron Valiant
|-end|p1a: Iron Valiant|Quark Drive|[silent]
|
|upkeep
|
|t:|1769364826
|switch|p1a: Iron Moth|Iron Moth|100/100
|-enditem|p1a: Iron Moth|Booster Energy
|-activate|p1a: Iron Moth|ability: Quark Drive|[fromitem]
|-start|p1a: Iron Moth|quarkdrivespa
|turn|5
|
|t:|1769364833
|move|p1a: Iron Moth|Fiery Dance|p2a: Gardevoir
|-crit|p2a: Gardevoir
|-damage|p2a: Gardevoir|0 fnt
|-boost|p1a: Iron Moth|spa|1
|faint|p2a: Gardevoir
|
|upkeep
|
|t:|1769364852
|switch|p2a: Darkrai|Darkrai, shiny|100/100
|turn|6
|
|t:|1769364856
|-terastallize|p1a: Iron Moth|Grass
|move|p2a: Darkrai|Dark Pulse|p1a: Iron Moth
|-damage|p1a: Iron Moth|48/100
|move|p1a: Iron Moth|Agility|p1a: Iron Moth
|-boost|p1a: Iron Moth|spe|2
|
|upkeep
|turn|7
|
|t:|1769364866
|move|p2a: Darkrai|Sucker Punch|p1a: Iron Moth
|-damage|p1a: Iron Moth|2/100
|move|p1a: Iron Moth|Fiery Dance|p2a: Darkrai
|-damage|p2a: Darkrai|0 fnt
|-boost|p1a: Iron Moth|spa|1
|faint|p2a: Darkrai
|
|upkeep
|
|t:|1769364878
|switch|p2a: Latias|Latias, F|100/100
|turn|8
|
|t:|1769364882
|move|p1a: Iron Moth|Fiery Dance|p2a: Latias
|-resisted|p2a: Latias
|-damage|p2a: Latias|57/100
|move|p2a: Latias|Stored Power|p1a: Iron Moth
|-damage|p1a: Iron Moth|0 fnt
|faint|p1a: Iron Moth
|-end|p1a: Iron Moth|Quark Drive|[silent]
|
|upkeep
|
|t:|1769364886
|switch|p1a: Samurott|Samurott-Hisui, F|100/100
|turn|9
|
|t:|1769364890
|move|p1a: Samurott|Ceaseless Edge|p2a: Latias
|-supereffective|p2a: Latias
|-damage|p2a: Latias|0 fnt
|-sidestart|p2: RNG Savage|Spikes
|faint|p2a: Latias
|
|upkeep
|
|t:|1769364903
|switch|p2a: Altaria|Altaria, F|100/100
|-ability|p2a: Altaria|Cloud Nine
|turn|10
|
|t:|1769364906
|-terastallize|p2a: Altaria|Fairy
|move|p1a: Samurott|Ceaseless Edge|p2a: Altaria
|-resisted|p2a: Altaria
|-damage|p2a: Altaria|71/100
|-sidestart|p2: RNG Savage|Spikes
|move|p2a: Altaria|Dragon Dance|p2a: Altaria
|-boost|p2a: Altaria|atk|1
|-boost|p2a: Altaria|spe|1
|
|-heal|p2a: Altaria|77/100|[from] item: Leftovers
|upkeep
|turn|11
|
|t:|1769364911
|move|p2a: Altaria|Dragon Dance|p2a: Altaria
|-boost|p2a: Altaria|atk|1
|-boost|p2a: Altaria|spe|1
|move|p1a: Samurott|Razor Shell|p2a: Altaria
|-damage|p2a: Altaria|17/100
|
|-heal|p2a: Altaria|23/100|[from] item: Leftovers
|upkeep
|turn|12
|
|t:|1769364918
|move|p1a: Samurott|Aqua Jet|p2a: Altaria
|-damage|p2a: Altaria|1/100
|move|p2a: Altaria|Roost|p2a: Altaria
|-heal|p2a: Altaria|51/100
|
|-heal|p2a: Altaria|57/100|[from] item: Leftovers
|upkeep
|turn|13
|
|t:|1769364922
|move|p2a: Altaria|Play Rough|p1a: Samurott
|-supereffective|p1a: Samurott
|-enditem|p1a: Samurott|Focus Sash
|-damage|p1a: Samurott|1/100
|move|p1a: Samurott|Razor Shell|p2a: Altaria
|-damage|p2a: Altaria|0 fnt
|faint|p2a: Altaria
|
|upkeep
|-message|RNG Savage forfeited.
|
|win|dblockgoat
|raw|dblockgoat's rating: 1481 &rarr; <strong>1504</strong><br />(+23 for winning)
|raw|RNG Savage's rating: 1529 &rarr; <strong>1506</strong><br />(-23 for losing)
|l|☆RNG Savage
|player|p2|
|l|☆dblockgoat
|player|p1|
