|j|☆pepper f
|j|‽qiyange
|t:|1769404375
|gametype|singles
|player|p1|pepper f|blackbelt|1090
|player|p2|qiyange|2|1129
|gen|9
|tier|[Gen 9] OU
|rated|
|rule|HP Percentage Mod: HP is shown in percentages
|rule|Endless Battle Clause: Forcing endless battles is banned
|rule|Species Clause: Limit one of each Pokémon
|rule|OHKO Clause: OHKO moves are banned
|rule|Evasion Items Clause: Evasion items are banned
|rule|Evasion Moves Clause: Evasion moves are banned
|rule|Evasion Abilities Clause: Evasion abilities are banned
|rule|Sleep Moves Clause: Sleep-inducing moves are banned
|clearpoke
|poke|p1|Primeape, M|
|poke|p1|Conkeldurr, M|
|poke|p1|Ninetales-Alola, F|
|poke|p1|Meowscarada, F|
|poke|p1|Corviknight, M|
|poke|p1|Gastrodon-East, M|
|poke|p2|Corviknight, M|
|poke|p2|Ting-Lu|
|poke|p2|Hatterene, F|
|poke|p2|Zamazenta-*|
|poke|p2|Latias, F|
|poke|p2|Heatran, F|
|teampreview
|inactive|Battle timer is ON: inactive players will automatically lose when time's up. (requested by pepper f)
|
|t:|1769404383
|teamsize|p1|6
|teamsize|p2|6
|start
|switch|p1a: Ninetales|Ninetales-Alola, F|100/100
|switch|p2a: Zamazenta|Zamazenta|100/100
|-ability|p2a: Zamazenta|Dauntless Shield|boost
|-boost|p2a: Zamazenta|def|1
|-weather|Snowscape|[from] ability: Snow Warning|[of] p1a: Ninetales
|turn|1
|
|t:|1769404391
|move|p2a: Zamazenta|Light Screen|p2a: Zamazenta
|-sidestart|p2: qiyange|move: Light Screen
|move|p1a: Ninetales|Aurora Veil|p1a: Ninetales
|-sidestart|p1: pepper f|move: Aurora Veil
|
|-weather|Snowscape|[upkeep]
|upkeep
|turn|2
|
|t:|1769404396
|move|p2a: Zamazenta|Reflect|p2a: Zamazenta
|-sidestart|p2: qiyange|Reflect
|move|p1a: Ninetales|Encore|p2a: Zamazenta
|-start|p2a: Zamazenta|Encore
|
|-weather|Snowscape|[upkeep]
|upkeep
|turn|3
|
|t:|1769404403
|switch|p2a: Corviknight|Corviknight, M|100/100
|-ability|p2a: Corviknight|Pressure
|switch|p1a: Primeape|Primeape, M|100/100
|
|-weather|Snowscape|[upkeep]
|upkeep
|turn|4
|
|t:|1769404411
|move|p2a: Corviknight|Bulk Up|p2a: Corviknight
|-boost|p2a: Corviknight|atk|1
|-boost|p2a: Corviknight|def|1
|move|p1a: Primeape|Bulk Up|p1a: Primeape
|-boost|p1a: Primeape|atk|1
|-boost|p1a: Primeape|def|1
|
|-weather|Snowscape|[upkeep]
|upkeep
|turn|5
|
|t:|1769404418
|move|p2a: Corviknight|Agility|p2a: Corviknight
|-boost|p2a: Corviknight|spe|2
|move|p1a: Primeape|Bulk Up|p1a: Primeape
|-boost|p1a: Primeape|atk|1
|-boost|p1a: Primeape|def|1
|
|-weather|none
|upkeep
|turn|6
|
|t:|1769404428
|move|p2a: Corviknight|Power Trip|p1a: Primeape
|-resisted|p1a: Primeape
|-damage|p1a: Primeape|98/100
|move|p1a: Primeape|Bulk Up|p1a: Primeape
|-boost|p1a: Primeape|atk|1
|-boost|p1a: Primeape|def|1
|
|upkeep
|turn|7
|
|t:|1769404445
|switch|p2a: Zamazenta|Zamazenta|100/100
|move|p1a: Primeape|Bulk Up|p1a: Primeape
|-boost|p1a: Primeape|atk|1
|-boost|p1a: Primeape|def|1
|
|upkeep
|turn|8
|
|t:|1769404453
|move|p1a: Primeape|Bulk Up|p1a: Primeape
|-boost|p1a: Primeape|atk|1
|-boost|p1a: Primeape|def|1
|move|p2a: Zamazenta|Roar|p1a: Primeape
|drag|p1a: Ninetales|Ninetales-Alola, F|100/100
|-weather|Snowscape|[from] ability: Snow Warning|[of] p1a: Ninetales
|
|-weather|Snowscape|[upkeep]
|-sideend|p2: qiyange|move: Light Screen
|-sideend|p1: pepper f|move: Aurora Veil
|upkeep
|turn|9
|
|t:|1769404462
|move|p2a: Zamazenta|Close Combat|p1a: Ninetales
|-damage|p1a: Ninetales|63/100
|-unboost|p2a: Zamazenta|def|1
|-unboost|p2a: Zamazenta|spd|1
|move|p1a: Ninetales|Aurora Veil|p1a: Ninetales
|-sidestart|p1: pepper f|move: Aurora Veil
|
|-weather|Snowscape|[upkeep]
|-sideend|p2: qiyange|Reflect
|upkeep
|turn|10
|
|t:|1769404470
|move|p2a: Zamazenta|Light Screen|p2a: Zamazenta
|-sidestart|p2: qiyange|move: Light Screen
|move|p1a: Ninetales|Moonblast|p2a: Zamazenta
|-supereffective|p2a: Zamazenta
|-damage|p2a: Zamazenta|69/100
|
|-weather|Snowscape|[upkeep]
|upkeep
|turn|11
|
|t:|1769404476
|move|p2a: Zamazenta|Reflect|p2a: Zamazenta
|-sidestart|p2: qiyange|Reflect
|move|p1a: Ninetales|Moonblast|p2a: Zamazenta
|-supereffective|p2a: Zamazenta
|-damage|p2a: Zamazenta|39/100
|-unboost|p2a: Zamazenta|spa|1
|
|-weather|Snowscape|[upkeep]
|upkeep
|turn|12
|
|t:|1769404484
|switch|p2a: Hatterene|Hatterene, F|100/100
|move|p1a: Ninetales|Moonblast|p2a: Hatterene
|-damage|p2a: Hatterene|86/100
|
|-weather|none
|-heal|p2a: Hatterene|92/100|[from] item: Leftovers
|upkeep
|turn|13
|
|t:|1769404494
|switch|p1a: Meowscarada|Meowscarada, F|100/100
|move|p2a: Hatterene|Calm Mind|p2a: Hatterene
|-boost|p2a: Hatterene|spa|1
|-boost|p2a: Hatterene|spd|1
|
|-heal|p2a: Hatterene|98/100|[from] item: Leftovers
|upkeep
|turn|14
|
|t:|1769404506
|switch|p1a: Gastrodon|Gastrodon-East, M|100/100
|move|p2a: Hatterene|Mystical Fire|p1a: Gastrodon
|-resisted|p1a: Gastrodon
|-damage|p1a: Gastrodon|95/100
|-unboost|p1a: Gastrodon|spa|1
|
|-heal|p1a: Gastrodon|100/100|[from] item: Leftovers
|-heal|p2a: Hatterene|100/100|[from] item: Leftovers
|upkeep
|turn|15
|
|t:|1769404515
|move|p1a: Gastrodon|Clear Smog|p2a: Hatterene
|-supereffective|p2a: Hatterene
|-crit|p2a: Hatterene
|-damage|p2a: Hatterene|67/100
|-clearboost|p2a: Hatterene
|move|p2a: Hatterene|Calm Mind|p2a: Hatterene
|-boost|p2a: Hatterene|spa|1
|-boost|p2a: Hatterene|spd|1
|
|-heal|p2a: Hatterene|73/100|[from] item: Leftovers
|upkeep
|turn|16
|
|t:|1769404525
|move|p1a: Gastrodon|Clear Smog|p2a: Hatterene
|-supereffective|p2a: Hatterene
|-damage|p2a: Hatterene|67/100
|-clearboost|p2a: Hatterene
|move|p2a: Hatterene|Draining Kiss|p1a: Gastrodon
|-damage|p1a: Gastrodon|93/100
|-heal|p2a: Hatterene|75/100|[from] drain|[of] p1a: Gastrodon
|
|-heal|p1a: Gastrodon|99/100|[from] item: Leftovers
|-heal|p2a: Hatterene|81/100|[from] item: Leftovers
|-sideend|p1: pepper f|move: Aurora Veil
|upkeep
|turn|17
|
|t:|1769404540
|move|p1a: Gastrodon|Clear Smog|p2a: Hatterene
|-supereffective|p2a: Hatterene
|-damage|p2a: Hatterene|73/100
|-clearboost|p2a: Hatterene
|move|p2a: Hatterene|Psychic Noise|p1a: Gastrodon
|-damage|p1a: Gastrodon|76/100
|-start|p1a: Gastrodon|move: Heal Block
|
|-heal|p2a: Hatterene|79/100|[from] item: Leftovers
|-sideend|p2: qiyange|move: Light Screen
|upkeep
|turn|18
|
|t:|1769404556
|switch|p2a: Heatran|Heatran, F|100/100
|move|p1a: Gastrodon|Earth Power|p2a: Heatran
|-supereffective|p2a: Heatran
|-damage|p2a: Heatran|19/100
|
|-end|p1a: Gastrodon|move: Heal Block
|-sideend|p2: qiyange|Reflect
|upkeep
|turn|19
|
|t:|1769404575
|switch|p2a: Latias|Latias, F|100/100
|move|p1a: Gastrodon|Earth Power|p2a: Latias
|-immune|p2a: Latias|[from] ability: Levitate
|
|-heal|p1a: Gastrodon|82/100|[from] item: Leftovers
|upkeep
|turn|20
|
|t:|1769404588
|switch|p1a: Meowscarada|Meowscarada, F|100/100
|move|p2a: Latias|Calm Mind|p2a: Latias
|-boost|p2a: Latias|spa|1
|-boost|p2a: Latias|spd|1
|
|upkeep
|turn|21
|
|t:|1769404596
|move|p1a: Meowscarada|Knock Off|p2a: Latias
|-start|p1a: Meowscarada|typechange|Dark|[from] ability: Protean
|-supereffective|p2a: Latias
|-damage|p2a: Latias|3/100
|-enditem|p2a: Latias|Weakness Policy
|-boost|p2a: Latias|atk|2|[from] item: Weakness Policy
|-boost|p2a: Latias|spa|2|[from] item: Weakness Policy
|move|p2a: Latias|Draining Kiss|p1a: Meowscarada
|-supereffective|p1a: Meowscarada
|-damage|p1a: Meowscarada|8/100
|-heal|p2a: Latias|58/100|[from] drain|[of] p1a: Meowscarada
|
|upkeep
|turn|22
|inactive|qiyange has 120 seconds left.
|
|t:|1769404627
|switch|p2a: Zamazenta|Zamazenta|39/100
|move|p1a: Meowscarada|Knock Off|p2a: Zamazenta
|-resisted|p2a: Zamazenta
|-damage|p2a: Zamazenta|20/100
|-enditem|p2a: Zamazenta|Light Clay|[from] move: Knock Off|[of] p1a: Meowscarada
|
|upkeep
|turn|23
|
|t:|1769404634
|switch|p1a: Ninetales|Ninetales-Alola, F|63/100
|-weather|Snowscape|[from] ability: Snow Warning|[of] p1a: Ninetales
|move|p2a: Zamazenta|Light Screen|p2a: Zamazenta
|-sidestart|p2: qiyange|move: Light Screen
|
|-weather|Snowscape|[upkeep]
|upkeep
|turn|24
|inactive|qiyange has 120 seconds left.
|
|t:|1769404640
|move|p2a: Zamazenta|Reflect|p2a: Zamazenta
|-sidestart|p2: qiyange|Reflect
|move|p1a: Ninetales|Moonblast|p2a: Zamazenta
|-supereffective|p2a: Zamazenta
|-damage|p2a: Zamazenta|0 fnt
|faint|p2a: Zamazenta
|
|-weather|Snowscape|[upkeep]
|upkeep
|inactive|qiyange has 120 seconds left.
|
|t:|1769404655
|switch|p2a: Hatterene|Hatterene, F|79/100
|turn|25
|
|t:|1769404659
|move|p1a: Ninetales|Aurora Veil|p1a: Ninetales
|-sidestart|p1: pepper f|move: Aurora Veil
|move|p2a: Hatterene|Calm Mind|p2a: Hatterene
|-boost|p2a: Hatterene|spa|1
|-boost|p2a: Hatterene|spd|1
|
|-weather|Snowscape|[upkeep]
|-heal|p2a: Hatterene|85/100|[from] item: Leftovers
|upkeep
|turn|26
|
|t:|1769404666
|switch|p1a: Gastrodon|Gastrodon-East, M|82/100
|move|p2a: Hatterene|Calm Mind|p2a: Hatterene
|-boost|p2a: Hatterene|spa|1
|-boost|p2a: Hatterene|spd|1
|
|-weather|Snowscape|[upkeep]
|-heal|p1a: Gastrodon|88/100|[from] item: Leftovers
|-heal|p2a: Hatterene|91/100|[from] item: Leftovers
|upkeep
|turn|27
|
|t:|1769404674
|move|p1a: Gastrodon|Clear Smog|p2a: Hatterene
|-supereffective|p2a: Hatterene
|-damage|p2a: Hatterene|86/100
|-clearboost|p2a: Hatterene
|move|p2a: Hatterene|Psychic Noise|p1a: Gastrodon
|-damage|p1a: Gastrodon|77/100
|-start|p1a: Gastrodon|move: Heal Block
|
|-weather|none
|-heal|p2a: Hatterene|92/100|[from] item: Leftovers
|-sideend|p2: qiyange|move: Light Screen
|upkeep
|turn|28
|
|t:|1769404685
|move|p1a: Gastrodon|Earth Power|p2a: Hatterene
|-damage|p2a: Hatterene|62/100
|move|p2a: Hatterene|Draining Kiss|p1a: Gastrodon
|-damage|p1a: Gastrodon|70/100
|-heal|p2a: Hatterene|68/100|[from] drain|[of] p1a: Gastrodon
|
|-heal|p2a: Hatterene|74/100|[from] item: Leftovers
|-end|p1a: Gastrodon|move: Heal Block
|-sideend|p2: qiyange|Reflect
|upkeep
|turn|29
|
|t:|1769404708
|switch|p2a: Ting-Lu|Ting-Lu|100/100
|-ability|p2a: Ting-Lu|Vessel of Ruin
|move|p1a: Gastrodon|Earth Power|p2a: Ting-Lu
|-damage|p2a: Ting-Lu|89/100
|
|-heal|p1a: Gastrodon|77/100|[from] item: Leftovers
|upkeep
|turn|30
|
|t:|1769404719
|switch|p1a: Conkeldurr|Conkeldurr, M|100/100
|move|p2a: Ting-Lu|Earthquake|p1a: Conkeldurr
|-damage|p1a: Conkeldurr|78/100
|
|-status|p1a: Conkeldurr|brn|[from] item: Flame Orb
|upkeep
|turn|31
|
|t:|1769404734
|switch|p2a: Heatran|Heatran, F|19/100
|move|p1a: Conkeldurr|Drain Punch|p2a: Heatran
|-supereffective|p2a: Heatran
|-damage|p2a: Heatran|0 fnt
|-heal|p1a: Conkeldurr|85/100 brn|[from] drain|[of] p2a: Heatran
|faint|p2a: Heatran
|
|-damage|p1a: Conkeldurr|79/100 brn|[from] brn
|upkeep
|inactive|qiyange has 120 seconds left.
|
|t:|1769404748
|switch|p2a: Latias|Latias, F|58/100
|turn|32
|inactive|qiyange has 120 seconds left.
|
|t:|1769404759
|-terastallize|p2a: Latias|Dragon
|move|p2a: Latias|Agility|p2a: Latias
|-boost|p2a: Latias|spe|2
|move|p1a: Conkeldurr|Ice Punch|p2a: Latias
|-supereffective|p2a: Latias
|-damage|p2a: Latias|0 fnt
|faint|p2a: Latias
|
|-damage|p1a: Conkeldurr|73/100 brn|[from] brn
|-sideend|p1: pepper f|move: Aurora Veil
|upkeep
|inactive|qiyange has 120 seconds left.
|
|t:|1769404772
|switch|p2a: Corviknight|Corviknight, M|100/100
|-ability|p2a: Corviknight|Pressure
|turn|33
|inactive|qiyange has 120 seconds left.
|
|t:|1769404780
|switch|p1a: Ninetales|Ninetales-Alola, F|63/100
|-weather|Snowscape|[from] ability: Snow Warning|[of] p1a: Ninetales
|move|p2a: Corviknight|Bulk Up|p2a: Corviknight
|-boost|p2a: Corviknight|atk|1
|-boost|p2a: Corviknight|def|1
|
|-weather|Snowscape|[upkeep]
|upkeep
|turn|34
|
|t:|1769404788
|move|p1a: Ninetales|Aurora Veil|p1a: Ninetales
|-sidestart|p1: pepper f|move: Aurora Veil
|move|p2a: Corviknight|Power Trip|p1a: Ninetales
|-resisted|p1a: Ninetales
|-damage|p1a: Ninetales|60/100
|
|-weather|Snowscape|[upkeep]
|upkeep
|turn|35
|-message|qiyange forfeited.
|
|win|pepper f
|raw|pepper f's rating: 1090 &rarr; <strong>1119</strong><br />(+29 for winning)
|raw|qiyange's rating: 1129 &rarr; <strong>1101</strong><br />(-28 for losing)
|l|‽qiyange
|player|p2|
|l|☆pepper f
|player|p1|
