|j|☆fishermanmiguel
|j|‽zerogerpon
|t:|1769324866
|gametype|singles
|player|p1|fishermanmiguel|fisherman-gen4|1108
|player|p2|zerogerpon|169|1159
|gen|9
|tier|[Gen 9] OU
|rated|
|rule|HP Percentage Mod: HP is shown in percentages
|rule|Endless Battle Clause: Forcing endless battles is banned
|rule|Species Clause: Limit one of each Pokémon
|rule|OHKO Clause: OHKO moves are banned
|rule|Evasion Items Clause: Evasion items are banned
|rule|Evasion Moves Clause: Evasion moves are banned
|rule|Evasion Abilities Clause: Evasion abilities are banned
|rule|Sleep Moves Clause: Sleep-inducing moves are banned
|clearpoke
|poke|p1|Pelipper, F|
|poke|p1|Appletun, M|
|poke|p1|Toxapex, F|
|poke|p1|Slowking-Galar, M|
|poke|p1|Quagsire, M|
|poke|p1|Blissey, F|
|poke|p2|Pelipper, M|
|poke|p2|Ogerpon-Wellspring, F|
|poke|p2|Araquanid, F|
|poke|p2|Gholdengo|
|poke|p2|Walking Wake|
|poke|p2|Kingambit, F|
|teampreview
|
|t:|1769324870
|teamsize|p1|6
|teamsize|p2|6
|start
|switch|p1a: Appletun|Appletun, M|100/100
|switch|p2a: Pelipper|Pelipper, M|100/100
|-weather|RainDance|[from] ability: Drizzle|[of] p2a: Pelipper
|turn|1
|
|t:|1769324881
|-terastallize|p1a: Appletun|Steel
|move|p2a: Pelipper|U-turn|p1a: Appletun
|-resisted|p1a: Appletun
|-crit|p1a: Appletun
|-damage|p1a: Appletun|94/100
|
|t:|1769324890
|switch|p2a: Gholdengo|Gholdengo|100/100|[from] U-turn
|move|p1a: Appletun|Substitute|p1a: Appletun
|-start|p1a: Appletun|Substitute
|-damage|p1a: Appletun|69/100
|
|-weather|RainDance|[upkeep]
|upkeep
|turn|2
|
|t:|1769324899
|move|p2a: Gholdengo|Nasty Plot|p2a: Gholdengo
|-boost|p2a: Gholdengo|spa|2
|move|p1a: Appletun|Recover|p1a: Appletun
|-heal|p1a: Appletun|100/100
|
|-weather|RainDance|[upkeep]
|upkeep
|turn|3
|
|t:|1769324903
|move|p2a: Gholdengo|Shadow Ball|p1a: Appletun
|-end|p1a: Appletun|Substitute
|move|p1a: Appletun|Apple Acid|p2a: Gholdengo
|-resisted|p2a: Gholdengo
|-damage|p2a: Gholdengo|88/100
|-unboost|p2a: Gholdengo|spd|1
|
|-weather|RainDance|[upkeep]
|-heal|p2a: Gholdengo|94/100|[from] item: Leftovers
|upkeep
|turn|4
|
|t:|1769324912
|switch|p1a: Blissey|Blissey, F|100/100
|move|p2a: Gholdengo|Shadow Ball|p1a: Blissey
|-immune|p1a: Blissey
|
|-weather|RainDance|[upkeep]
|-heal|p2a: Gholdengo|100/100|[from] item: Leftovers
|upkeep
|turn|5
|
|t:|1769324919
|switch|p2a: Araquanid|Araquanid, F|100/100
|move|p1a: Blissey|Stealth Rock|p2a: Araquanid
|-sidestart|p2: zerogerpon|move: Stealth Rock
|
|-weather|none
|upkeep
|turn|6
|
|t:|1769324928
|switch|p1a: Appletun|Appletun, M, tera:Steel|100/100
|move|p2a: Araquanid|Liquidation|p1a: Appletun
|-damage|p1a: Appletun|57/100
|
|upkeep
|turn|7
|
|t:|1769324934
|switch|p2a: Pelipper|Pelipper, M|100/100
|-weather|RainDance|[from] ability: Drizzle|[of] p2a: Pelipper
|move|p1a: Appletun|Recover|p1a: Appletun
|-heal|p1a: Appletun|100/100
|
|-weather|RainDance|[upkeep]
|upkeep
|turn|8
|
|t:|1769324940
|move|p2a: Pelipper|U-turn|p1a: Appletun
|-resisted|p1a: Appletun
|-damage|p1a: Appletun|96/100
|
|t:|1769324947
|switch|p2a: Araquanid|Araquanid, F|100/100|[from] U-turn
|-damage|p2a: Araquanid|76/100|[from] Stealth Rock
|move|p1a: Appletun|Leech Seed|p2a: Araquanid
|-start|p2a: Araquanid|move: Leech Seed
|
|-weather|RainDance|[upkeep]
|-damage|p2a: Araquanid|63/100|[from] Leech Seed|[of] p1a: Appletun
|-heal|p1a: Appletun|100/100|[silent]
|upkeep
|turn|9
|
|t:|1769324956
|move|p2a: Araquanid|Liquidation|p1a: Appletun
|-damage|p1a: Appletun|29/100
|move|p1a: Appletun|Substitute|p1a: Appletun
|-start|p1a: Appletun|Substitute
|-damage|p1a: Appletun|4/100
|
|-weather|RainDance|[upkeep]
|-damage|p2a: Araquanid|51/100|[from] Leech Seed|[of] p1a: Appletun
|-heal|p1a: Appletun|14/100|[silent]
|upkeep
|turn|10
|
|t:|1769324964
|move|p2a: Araquanid|Liquidation|p1a: Appletun
|-end|p1a: Appletun|Substitute
|move|p1a: Appletun|Recover|p1a: Appletun
|-heal|p1a: Appletun|64/100
|
|-weather|RainDance|[upkeep]
|-damage|p2a: Araquanid|39/100|[from] Leech Seed|[of] p1a: Appletun
|-heal|p1a: Appletun|74/100|[silent]
|upkeep
|turn|11
|
|t:|1769324977
|switch|p1a: Toxapex|Toxapex, F|100/100
|move|p2a: Araquanid|Liquidation|p1a: Toxapex
|-resisted|p1a: Toxapex
|-crit|p1a: Toxapex
|-damage|p1a: Toxapex|65/100
|
|-weather|none
|-damage|p2a: Araquanid|26/100|[from] Leech Seed|[of] p1a: Toxapex
|-heal|p1a: Toxapex|78/100|[silent]
|upkeep
|turn|12
|
|t:|1769324986
|move|p2a: Araquanid|Liquidation|p1a: Toxapex
|-resisted|p1a: Toxapex
|-damage|p1a: Toxapex|63/100
|move|p1a: Toxapex|Surf|p2a: Araquanid
|-resisted|p2a: Araquanid
|-damage|p2a: Araquanid|20/100
|-enditem|p2a: Araquanid|Red Card|[of] p1a: Toxapex
|drag|p1a: Pelipper|Pelipper, F|100/100
|-weather|RainDance|[from] ability: Drizzle|[of] p1a: Pelipper
|
|-weather|RainDance|[upkeep]
|-damage|p2a: Araquanid|8/100|[from] Leech Seed|[of] p1a: Pelipper
|upkeep
|turn|13
|
|t:|1769324999
|move|p1a: Pelipper|Hurricane|p2a: Araquanid
|-supereffective|p2a: Araquanid
|-damage|p2a: Araquanid|0 fnt
|faint|p2a: Araquanid
|
|-weather|RainDance|[upkeep]
|upkeep
|
|t:|1769325002
|switch|p2a: Ogerpon|Ogerpon-Wellspring, F|100/100
|-damage|p2a: Ogerpon|88/100|[from] Stealth Rock
|turn|14
|
|t:|1769325008
|-terastallize|p2a: Ogerpon|Water
|detailschange|p2a: Ogerpon|Ogerpon-Wellspring-Tera, F, tera:Water
|-ability|p2a: Ogerpon|Embody Aspect (Wellspring)|boost
|-boost|p2a: Ogerpon|spd|1
|move|p2a: Ogerpon|Swords Dance|p2a: Ogerpon
|-boost|p2a: Ogerpon|atk|2
|move|p1a: Pelipper|Knock Off|p2a: Ogerpon
|-damage|p2a: Ogerpon|76/100
|
|-weather|RainDance|[upkeep]
|upkeep
|turn|15
|
|t:|1769325018
|switch|p1a: Quagsire|Quagsire, M|100/100
|move|p2a: Ogerpon|Swords Dance|p2a: Ogerpon
|-boost|p2a: Ogerpon|atk|2
|
|-weather|RainDance|[upkeep]
|upkeep
|turn|16
|
|t:|1769325022
|move|p2a: Ogerpon|Horn Leech|p1a: Quagsire
|-supereffective|p1a: Quagsire
|-damage|p1a: Quagsire|0 fnt
|-heal|p2a: Ogerpon|100/100|[from] drain|[of] p1a: Quagsire
|faint|p1a: Quagsire
|
|-weather|RainDance|[upkeep]
|upkeep
|
|t:|1769325031
|switch|p1a: Slowking|Slowking-Galar, M|100/100
|turn|17
|
|t:|1769325035
|move|p2a: Ogerpon|Ivy Cudgel|p1a: Slowking|[anim] Ivy Cudgel Water
|-damage|p1a: Slowking|0 fnt
|faint|p1a: Slowking
|
|-weather|RainDance|[upkeep]
|upkeep
|
|t:|1769325038
|switch|p1a: Toxapex|Toxapex, F|96/100
|turn|18
|
|t:|1769325047
|move|p2a: Ogerpon|Ivy Cudgel|p1a: Toxapex|[anim] Ivy Cudgel Water
|-resisted|p1a: Toxapex
|-crit|p1a: Toxapex
|-damage|p1a: Toxapex|0 fnt
|faint|p1a: Toxapex
|
|-weather|RainDance|[upkeep]
|upkeep
|
|t:|1769325060
|switch|p1a: Appletun|Appletun, M, tera:Steel|74/100
|turn|19
|c|☆fishermanmiguel|wow gg nice break
|
|t:|1769325065
|move|p2a: Ogerpon|Ivy Cudgel|p1a: Appletun|[anim] Ivy Cudgel Water
|-damage|p1a: Appletun|0 fnt
|faint|p1a: Appletun
|
|-weather|none
|upkeep
|
|t:|1769325067
|switch|p1a: Pelipper|Pelipper, F|100/100
|-weather|RainDance|[from] ability: Drizzle|[of] p1a: Pelipper
|turn|20
|
|t:|1769325070
|move|p2a: Ogerpon|Ivy Cudgel|p1a: Pelipper|[anim] Ivy Cudgel Water
|-resisted|p1a: Pelipper
|-damage|p1a: Pelipper|0 fnt
|faint|p1a: Pelipper
|
|-weather|RainDance|[upkeep]
|upkeep
|
|t:|1769325073
|switch|p1a: Blissey|Blissey, F|100/100
|turn|21
|
|t:|1769325075
|move|p2a: Ogerpon|Ivy Cudgel|p1a: Blissey|[anim] Ivy Cudgel Water
|-damage|p1a: Blissey|0 fnt
|faint|p1a: Blissey
|
|win|zerogerpon
|raw|fishermanmiguel's rating: 1108 &rarr; <strong>1087</strong><br />(-21 for losing)
|raw|zerogerpon's rating: 1159 &rarr; <strong>1180</strong><br />(+21 for winning)
|l|☆fishermanmiguel
|player|p1|
|l|‽zerogerpon
|player|p2|
