|j|☆ShyBlizz-
|j|☆plshelpme37
|t:|1769318109
|gametype|singles
|player|p1|ShyBlizz-|depotagent|1251
|player|p2|plshelpme37|harlequin|1311
|gen|9
|tier|[Gen 9] OU
|rated|
|rule|HP Percentage Mod: HP is shown in percentages
|rule|Endless Battle Clause: Forcing endless battles is banned
|rule|Species Clause: Limit one of each Pokémon
|rule|OHKO Clause: OHKO moves are banned
|rule|Evasion Items Clause: Evasion items are banned
|rule|Evasion Moves Clause: Evasion moves are banned
|rule|Evasion Abilities Clause: Evasion abilities are banned
|rule|Sleep Moves Clause: Sleep-inducing moves are banned
|clearpoke
|poke|p1|Scizor, F|
|poke|p1|Gliscor, F|
|poke|p1|Okidogi, M|
|poke|p1|Iron Treads|
|poke|p1|Rotom-Wash|
|poke|p1|Iron Valiant|
|poke|p2|Greninja-*, M|
|poke|p2|Iron Hands|
|poke|p2|Avalugg, F|
|poke|p2|Metagross|
|poke|p2|Garchomp, F|
|poke|p2|Porygon-Z|
|teampreview
|
|t:|1769318124
|teamsize|p1|6
|teamsize|p2|6
|start
|switch|p1a: Gliscor|Gliscor, F|100/100
|switch|p2a: Garchomp|Garchomp, F|100/100
|turn|1
|inactive|Battle timer is ON: inactive players will automatically lose when time's up. (requested by plshelpme37)
|
|t:|1769318132
|move|p2a: Garchomp|Stealth Rock|p1a: Gliscor
|-sidestart|p1: ShyBlizz-|move: Stealth Rock
|move|p1a: Gliscor|Spikes|p2a: Garchomp
|-sidestart|p2: plshelpme37|Spikes
|
|-status|p1a: Gliscor|tox|[from] item: Toxic Orb
|upkeep
|turn|2
|
|t:|1769318140
|move|p2a: Garchomp|Draco Meteor|p1a: Gliscor
|-damage|p1a: Gliscor|15/100 tox
|-unboost|p2a: Garchomp|spa|2
|-damage|p2a: Garchomp|91/100|[from] item: Life Orb
|move|p1a: Gliscor|Knock Off|p2a: Garchomp
|-damage|p2a: Garchomp|69/100
|-damage|p1a: Gliscor|3/100 tox|[from] ability: Rough Skin|[of] p2a: Garchomp
|-enditem|p2a: Garchomp|Life Orb|[from] move: Knock Off|[of] p1a: Gliscor
|
|-heal|p1a: Gliscor|15/100 tox|[from] ability: Poison Heal
|upkeep
|turn|3
|
|t:|1769318151
|switch|p2a: Avalugg|Avalugg, F|100/100
|-damage|p2a: Avalugg|88/100|[from] Spikes
|move|p1a: Gliscor|Protect||[still]
|-fail|p1a: Gliscor
|
|-heal|p2a: Avalugg|94/100|[from] item: Leftovers
|-heal|p1a: Gliscor|27/100 tox|[from] ability: Poison Heal
|upkeep
|turn|4
|
|t:|1769318160
|switch|p1a: Scizor|Scizor, F|100/100
|-damage|p1a: Scizor|88/100|[from] Stealth Rock
|move|p2a: Avalugg|Avalanche|p1a: Scizor
|-resisted|p1a: Scizor
|-damage|p1a: Scizor|77/100
|
|-heal|p2a: Avalugg|99/100|[from] item: Leftovers
|upkeep
|turn|5
|
|t:|1769318169
|move|p1a: Scizor|U-turn|p2a: Avalugg
|-crit|p2a: Avalugg
|-damage|p2a: Avalugg|61/100
|
|t:|1769318174
|switch|p1a: Rotom|Rotom-Wash|100/100|[from] U-turn
|-damage|p1a: Rotom|88/100|[from] Stealth Rock
|move|p2a: Avalugg|Rapid Spin|p1a: Rotom
|-damage|p1a: Rotom|72/100
|-boost|p2a: Avalugg|spe|1
|-damage|p2a: Avalugg|45/100|[from] item: Rocky Helmet|[of] p1a: Rotom
|-sideend|p2: plshelpme37|Spikes|[from] move: Rapid Spin|[of] p2a: Avalugg
|
|-heal|p2a: Avalugg|51/100|[from] item: Leftovers
|upkeep
|turn|6
|
|t:|1769318187
|switch|p2a: Garchomp|Garchomp, F|69/100
|move|p1a: Rotom|Hydro Pump|p2a: Garchomp
|-damage|p2a: Garchomp|16/100
|
|upkeep
|turn|7
|
|t:|1769318196
|move|p2a: Garchomp|Draco Meteor|p1a: Rotom
|-crit|p1a: Rotom
|-damage|p1a: Rotom|0 fnt
|-unboost|p2a: Garchomp|spa|2
|faint|p1a: Rotom
|
|upkeep
|
|t:|1769318201
|switch|p1a: Iron Treads|Iron Treads|100/100
|-damage|p1a: Iron Treads|98/100|[from] Stealth Rock
|-enditem|p1a: Iron Treads|Booster Energy
|-activate|p1a: Iron Treads|ability: Quark Drive|[fromitem]
|-start|p1a: Iron Treads|quarkdrivespe
|turn|8
|
|t:|1769318210
|switch|p2a: Avalugg|Avalugg, F|51/100
|move|p1a: Iron Treads|Earthquake|p2a: Avalugg
|-damage|p2a: Avalugg|36/100
|
|-heal|p2a: Avalugg|42/100|[from] item: Leftovers
|upkeep
|turn|9
|
|t:|1769318222
|-end|p1a: Iron Treads|Quark Drive|[silent]
|switch|p1a: Okidogi|Okidogi, M|100/100
|-damage|p1a: Okidogi|94/100|[from] Stealth Rock
|move|p2a: Avalugg|Body Press|p1a: Okidogi
|-resisted|p1a: Okidogi
|-damage|p1a: Okidogi|78/100
|
|-heal|p2a: Avalugg|48/100|[from] item: Leftovers
|upkeep
|turn|10
|
|t:|1769318232
|switch|p2a: Garchomp|Garchomp, F|16/100
|move|p1a: Okidogi|Drain Punch|p2a: Garchomp
|-damage|p2a: Garchomp|0 fnt
|-heal|p1a: Okidogi|85/100|[from] drain|[of] p2a: Garchomp
|-damage|p1a: Okidogi|73/100|[from] ability: Rough Skin|[of] p2a: Garchomp
|faint|p2a: Garchomp
|
|upkeep
|
|t:|1769318243
|switch|p2a: Porygon-Z|Porygon-Z|100/100
|turn|11
|
|t:|1769318250
|move|p2a: Porygon-Z|Tri Attack|p1a: Okidogi
|-crit|p1a: Okidogi
|-damage|p1a: Okidogi|14/100
|move|p1a: Okidogi|Drain Punch|p2a: Porygon-Z
|-supereffective|p2a: Porygon-Z
|-damage|p2a: Porygon-Z|0 fnt
|-heal|p1a: Okidogi|59/100|[from] drain|[of] p2a: Porygon-Z
|faint|p2a: Porygon-Z
|
|upkeep
|
|t:|1769318256
|switch|p2a: Metagross|Metagross|100/100
|turn|12
|
|t:|1769318261
|switch|p1a: Iron Treads|Iron Treads|98/100
|-damage|p1a: Iron Treads|95/100|[from] Stealth Rock
|move|p2a: Metagross|Zen Headbutt|p1a: Iron Treads
|-resisted|p1a: Iron Treads
|-damage|p1a: Iron Treads|78/100
|
|upkeep
|turn|13
|
|t:|1769318269
|switch|p2a: Avalugg|Avalugg, F|48/100
|move|p1a: Iron Treads|Stealth Rock|p2a: Avalugg
|-sidestart|p2: plshelpme37|move: Stealth Rock
|
|-heal|p2a: Avalugg|54/100|[from] item: Leftovers
|upkeep
|turn|14
|
|t:|1769318278
|move|p1a: Iron Treads|Rapid Spin|p2a: Avalugg
|-damage|p2a: Avalugg|48/100
|-boost|p1a: Iron Treads|spe|1
|-sideend|p1: ShyBlizz-|Stealth Rock|[from] move: Rapid Spin|[of] p1a: Iron Treads
|move|p2a: Avalugg|Body Press|p1a: Iron Treads
|-supereffective|p1a: Iron Treads
|-damage|p1a: Iron Treads|18/100
|
|-heal|p2a: Avalugg|55/100|[from] item: Leftovers
|upkeep
|turn|15
|
|t:|1769318283
|-end|p1a: Iron Treads|Quark Drive|[silent]
|switch|p1a: Scizor|Scizor, F|77/100
|move|p2a: Avalugg|Rapid Spin|p1a: Scizor
|-resisted|p1a: Scizor
|-damage|p1a: Scizor|70/100
|-boost|p2a: Avalugg|spe|1
|-sideend|p2: plshelpme37|Stealth Rock|[from] move: Rapid Spin|[of] p2a: Avalugg
|
|-heal|p2a: Avalugg|61/100|[from] item: Leftovers
|upkeep
|turn|16
|
|t:|1769318290
|switch|p2a: Iron Hands|Iron Hands|100/100
|-terastallize|p1a: Scizor|Steel
|move|p1a: Scizor|Bullet Punch|p2a: Iron Hands
|-resisted|p2a: Iron Hands
|-damage|p2a: Iron Hands|77/100
|
|upkeep
|turn|17
|
|t:|1769318304
|switch|p1a: Iron Treads|Iron Treads|18/100
|move|p2a: Iron Hands|Earthquake|p1a: Iron Treads
|-supereffective|p1a: Iron Treads
|-damage|p1a: Iron Treads|0 fnt
|faint|p1a: Iron Treads
|-end|p1a: Iron Treads|Quark Drive|[silent]
|
|upkeep
|
|t:|1769318311
|switch|p1a: Gliscor|Gliscor, F|27/100 tox
|turn|18
|
|t:|1769318316
|move|p1a: Gliscor|Spikes|p2a: Iron Hands
|-sidestart|p2: plshelpme37|Spikes
|move|p2a: Iron Hands|Ice Punch|p1a: Gliscor
|-supereffective|p1a: Gliscor
|-damage|p1a: Gliscor|0 fnt
|faint|p1a: Gliscor
|
|upkeep
|
|t:|1769318327
|switch|p1a: Okidogi|Okidogi, M|59/100
|turn|19
|
|t:|1769318333
|move|p1a: Okidogi|Drain Punch|p2a: Iron Hands
|-damage|p2a: Iron Hands|51/100
|-heal|p1a: Okidogi|78/100|[from] drain|[of] p2a: Iron Hands
|move|p2a: Iron Hands|Earthquake|p1a: Okidogi
|-supereffective|p1a: Okidogi
|-damage|p1a: Okidogi|5/100
|
|upkeep
|turn|20
|
|t:|1769318343
|move|p1a: Okidogi|Gunk Shot|p2a: Iron Hands|[miss]
|-miss|p1a: Okidogi|p2a: Iron Hands
|move|p2a: Iron Hands|Earthquake|p1a: Okidogi
|-supereffective|p1a: Okidogi
|-damage|p1a: Okidogi|0 fnt
|faint|p1a: Okidogi
|
|upkeep
|
|t:|1769318346
|switch|p1a: Iron Valiant|Iron Valiant|100/100
|-enditem|p1a: Iron Valiant|Booster Energy
|-activate|p1a: Iron Valiant|ability: Quark Drive|[fromitem]
|-start|p1a: Iron Valiant|quarkdrivespe
|turn|21
|
|t:|1769318350
|-end|p2a: Iron Hands|Quark Drive|[silent]
|switch|p2a: Metagross|Metagross|100/100
|-damage|p2a: Metagross|88/100|[from] Spikes
|move|p1a: Iron Valiant|Moonblast|p2a: Metagross
|-resisted|p2a: Metagross
|-damage|p2a: Metagross|72/100
|
|upkeep
|turn|22
|
|t:|1769318356
|move|p1a: Iron Valiant|Aura Sphere|p2a: Metagross
|-damage|p2a: Metagross|43/100
|move|p2a: Metagross|Meteor Mash|p1a: Iron Valiant
|-supereffective|p1a: Iron Valiant
|-damage|p1a: Iron Valiant|0 fnt
|faint|p1a: Iron Valiant
|-end|p1a: Iron Valiant|Quark Drive|[silent]
|
|upkeep
|
|t:|1769318359
|switch|p1a: Scizor|Scizor, F, tera:Steel|70/100
|turn|23
|
|t:|1769318367
|move|p1a: Scizor|Bullet Punch|p2a: Metagross
|-resisted|p2a: Metagross
|-damage|p2a: Metagross|19/100
|move|p2a: Metagross|Thunder Punch|p1a: Scizor
|-damage|p1a: Scizor|41/100
|
|upkeep
|turn|24
|
|t:|1769318374
|move|p1a: Scizor|Bullet Punch|p2a: Metagross
|-resisted|p2a: Metagross
|-damage|p2a: Metagross|0 fnt
|faint|p2a: Metagross
|
|upkeep
|
|t:|1769318379
|switch|p2a: Greninja|Greninja, M|100/100
|-damage|p2a: Greninja|88/100|[from] Spikes
|turn|25
|
|t:|1769318385
|move|p1a: Scizor|Bullet Punch|p2a: Greninja
|-resisted|p2a: Greninja
|-damage|p2a: Greninja|29/100
|move|p2a: Greninja|Surf|p1a: Scizor
|-damage|p1a: Scizor|0 fnt
|faint|p1a: Scizor
|-damage|p2a: Greninja|19/100|[from] item: Life Orb
|
|win|plshelpme37
|raw|ShyBlizz-'s rating: 1251 &rarr; <strong>1230</strong><br />(-21 for losing)
|raw|plshelpme37's rating: 1311 &rarr; <strong>1328</strong><br />(+17 for winning)
|l|☆ShyBlizz-
|player|p1|
|l|☆plshelpme37
|player|p2|
