|j|☆sealioned
|j|☆elpets
|t:|1769296310
|gametype|singles
|player|p1|sealioned|swimmer-gen4dp|1691
|player|p2|elpets|infielder|1610
|gen|9
|tier|[Gen 9] OU
|rated|
|rule|HP Percentage Mod: HP is shown in percentages
|rule|Endless Battle Clause: Forcing endless battles is banned
|rule|Species Clause: Limit one of each Pokémon
|rule|OHKO Clause: OHKO moves are banned
|rule|Evasion Items Clause: Evasion items are banned
|rule|Evasion Moves Clause: Evasion moves are banned
|rule|Evasion Abilities Clause: Evasion abilities are banned
|rule|Sleep Moves Clause: Sleep-inducing moves are banned
|clearpoke
|poke|p1|Araquanid, F|
|poke|p1|Gholdengo|
|poke|p1|Iron Moth|
|poke|p1|Iron Valiant|
|poke|p1|Raging Bolt|
|poke|p1|Kingambit, F|
|poke|p2|Hatterene, F|
|poke|p2|Dragonite, F|
|poke|p2|Breloom, F|
|poke|p2|Azumarill, F|
|poke|p2|Great Tusk|
|poke|p2|Skeledirge, M|
|teampreview
|inactive|Battle timer is ON: inactive players will automatically lose when time's up. (requested by sealioned)
|
|t:|1769296318
|teamsize|p1|6
|teamsize|p2|6
|start
|switch|p1a: QUIL|Araquanid, F|100/100
|switch|p2a: Azumarill|Azumarill, F|100/100
|turn|1
|
|t:|1769296326
|move|p2a: Azumarill|Knock Off|p1a: QUIL
|-damage|p1a: QUIL|63/100
|-enditem|p1a: QUIL|Custap Berry|[from] move: Knock Off|[of] p2a: Azumarill
|move|p1a: QUIL|Surf|p2a: Azumarill
|-resisted|p2a: Azumarill
|-damage|p2a: Azumarill|89/100
|
|upkeep
|turn|2
|
|t:|1769296332
|move|p2a: Azumarill|Play Rough|p1a: QUIL
|-crit|p1a: QUIL
|-damage|p1a: QUIL|0 fnt
|faint|p1a: QUIL
|
|upkeep
|
|t:|1769296342
|switch|p1a: CALA|Iron Moth|100/100
|-enditem|p1a: CALA|Booster Energy
|-activate|p1a: CALA|ability: Quark Drive|[fromitem]
|-start|p1a: CALA|quarkdrivespa
|turn|3
|
|t:|1769296346
|move|p2a: Azumarill|Aqua Jet|p1a: CALA
|-supereffective|p1a: CALA
|-damage|p1a: CALA|17/100
|move|p1a: CALA|Sludge Wave|p2a: Azumarill
|-supereffective|p2a: Azumarill
|-damage|p2a: Azumarill|0 fnt
|faint|p2a: Azumarill
|
|upkeep
|
|t:|1769296349
|switch|p2a: Dragonite|Dragonite, F|100/100
|turn|4
|
|t:|1769296353
|move|p2a: Dragonite|Extreme Speed|p1a: CALA
|-damage|p1a: CALA|0 fnt
|faint|p1a: CALA
|-end|p1a: CALA|Quark Drive|[silent]
|
|upkeep
|
|t:|1769296371
|switch|p1a: TREE?|Gholdengo|100/100
|-item|p1a: TREE?|Air Balloon
|turn|5
|
|t:|1769296375
|move|p1a: TREE?|Shadow Ball|p2a: Dragonite
|-damage|p2a: Dragonite|76/100
|-unboost|p2a: Dragonite|spd|1
|move|p2a: Dragonite|Dragon Dance|p2a: Dragonite
|-boost|p2a: Dragonite|atk|1
|-boost|p2a: Dragonite|spe|1
|
|upkeep
|turn|6
|
|t:|1769296378
|move|p2a: Dragonite|Fire Punch|p1a: TREE?
|-supereffective|p1a: TREE?
|-damage|p1a: TREE?|15/100
|-enditem|p1a: TREE?|Air Balloon
|move|p1a: TREE?|Make It Rain|p2a: Dragonite
|-damage|p2a: Dragonite|0 fnt
|-unboost|p1a: TREE?|spa|1
|faint|p2a: Dragonite
|
|upkeep
|
|t:|1769296383
|switch|p2a: Great Tusk|Great Tusk|100/100
|-enditem|p2a: Great Tusk|Booster Energy
|-activate|p2a: Great Tusk|ability: Protosynthesis|[fromitem]
|-start|p2a: Great Tusk|protosynthesisatk
|turn|7
|
|t:|1769296387
|move|p2a: Great Tusk|Ice Spinner|p1a: TREE?
|-resisted|p1a: TREE?
|-damage|p1a: TREE?|0 fnt
|faint|p1a: TREE?
|
|upkeep
|
|t:|1769296394
|switch|p1a: QUZZ|Iron Valiant|100/100
|-enditem|p1a: QUZZ|Booster Energy
|-activate|p1a: QUZZ|ability: Quark Drive|[fromitem]
|-start|p1a: QUZZ|quarkdrivespa
|turn|8
|
|t:|1769296402
|-end|p2a: Great Tusk|Protosynthesis|[silent]
|switch|p2a: Skeledirge|Skeledirge, M|100/100
|move|p1a: QUZZ|Calm Mind|p1a: QUZZ
|-boost|p1a: QUZZ|spa|1
|-boost|p1a: QUZZ|spd|1
|
|upkeep
|turn|9
|
|t:|1769296412
|move|p1a: QUZZ|Calm Mind|p1a: QUZZ
|-boost|p1a: QUZZ|spa|1
|-boost|p1a: QUZZ|spd|1
|move|p2a: Skeledirge|Shadow Ball|p1a: QUZZ
|-damage|p1a: QUZZ|43/100
|
|upkeep
|turn|10
|
|t:|1769296414
|-terastallize|p1a: QUZZ|Ghost
|move|p1a: QUZZ|Shadow Ball|p2a: Skeledirge
|-supereffective|p2a: Skeledirge
|-damage|p2a: Skeledirge|0 fnt
|faint|p2a: Skeledirge
|
|upkeep
|
|t:|1769296421
|switch|p2a: Ippo|Breloom, F|100/100
|turn|11
|
|t:|1769296428
|move|p1a: QUZZ|Moonblast|p2a: Ippo
|-supereffective|p2a: Ippo
|-crit|p2a: Ippo
|-enditem|p2a: Ippo|Focus Sash
|-damage|p2a: Ippo|1/100
|move|p2a: Ippo|Bullet Seed|p1a: QUZZ
|-damage|p1a: QUZZ|17/100
|-damage|p1a: QUZZ|0 fnt
|faint|p1a: QUZZ
|-end|p1a: QUZZ|Quark Drive|[silent]
|-hitcount|p1: QUZZ|2
|
|upkeep
|
|t:|1769296435
|switch|p1a: DELI|Raging Bolt|100/100
|-enditem|p1a: DELI|Booster Energy
|-activate|p1a: DELI|ability: Protosynthesis|[fromitem]
|-start|p1a: DELI|protosynthesisspa
|turn|12
|
|t:|1769296441
|switch|p2a: Hatterene|Hatterene, F|100/100
|move|p1a: DELI|Dragon Pulse|p2a: Hatterene
|-immune|p2a: Hatterene
|
|upkeep
|turn|13
|
|t:|1769296456
|move|p1a: DELI|Thunderbolt|p2a: Hatterene
|-damage|p2a: Hatterene|33/100
|move|p2a: Hatterene|Draining Kiss|p1a: DELI
|-supereffective|p1a: DELI
|-damage|p1a: DELI|41/100
|-heal|p2a: Hatterene|89/100|[from] drain|[of] p1a: DELI
|
|-heal|p2a: Hatterene|95/100|[from] item: Leftovers
|upkeep
|turn|14
|
|t:|1769296469
|move|p1a: DELI|Calm Mind|p1a: DELI
|-boost|p1a: DELI|spa|1
|-boost|p1a: DELI|spd|1
|move|p2a: Hatterene|Draining Kiss|p1a: DELI
|-supereffective|p1a: DELI
|-damage|p1a: DELI|2/100
|-heal|p2a: Hatterene|100/100|[from] drain|[of] p1a: DELI
|
|upkeep
|turn|15
|
|t:|1769296473
|move|p1a: DELI|Thunderbolt|p2a: Hatterene
|-damage|p2a: Hatterene|0 fnt
|faint|p2a: Hatterene
|
|upkeep
|
|t:|1769296477
|switch|p2a: Great Tusk|Great Tusk|100/100
|turn|16
|
|t:|1769296488
|move|p2a: Great Tusk|Ice Spinner|p1a: DELI
|-supereffective|p1a: DELI
|-damage|p1a: DELI|0 fnt
|faint|p1a: DELI
|-end|p1a: DELI|Protosynthesis|[silent]
|
|upkeep
|
|t:|1769296490
|switch|p1a: SUPA|Kingambit, F|100/100
|-activate|p1a: SUPA|ability: Supreme Overlord
|-start|p1a: SUPA|fallen5|[silent]
|-item|p1a: SUPA|Air Balloon
|turn|17
|
|t:|1769296495
|move|p2a: Great Tusk|Ice Spinner|p1a: SUPA
|-resisted|p1a: SUPA
|-damage|p1a: SUPA|89/100
|-enditem|p1a: SUPA|Air Balloon
|move|p1a: SUPA|Iron Head|p2a: Great Tusk
|-damage|p2a: Great Tusk|50/100
|
|upkeep
|turn|18
|
|t:|1769296500
|move|p1a: SUPA|Sucker Punch|p2a: Great Tusk
|-resisted|p2a: Great Tusk
|-damage|p2a: Great Tusk|31/100
|move|p2a: Great Tusk|Headlong Rush|p1a: SUPA
|-supereffective|p1a: SUPA
|-crit|p1a: SUPA
|-damage|p1a: SUPA|0 fnt
|-unboost|p2a: Great Tusk|def|1
|-unboost|p2a: Great Tusk|spd|1
|faint|p1a: SUPA
|-end|p1a: SUPA|fallen5|[silent]
|
|win|elpets
|raw|sealioned's rating: 1691 &rarr; <strong>1666</strong><br />(-25 for losing)
|raw|elpets's rating: 1610 &rarr; <strong>1635</strong><br />(+25 for winning)
|l|☆sealioned
|player|p1|
|l|☆elpets
|player|p2|
