|j|☆DiegoRene
|j|☆rogyan18
|t:|1769436486
|gametype|singles
|player|p1|DiegoRene|265|1336
|player|p2|rogyan18|flint|1329
|gen|9
|tier|[Gen 9] OU
|rated|
|rule|HP Percentage Mod: HP is shown in percentages
|rule|Endless Battle Clause: Forcing endless battles is banned
|rule|Species Clause: Limit one of each Pokémon
|rule|OHKO Clause: OHKO moves are banned
|rule|Evasion Items Clause: Evasion items are banned
|rule|Evasion Moves Clause: Evasion moves are banned
|rule|Evasion Abilities Clause: Evasion abilities are banned
|rule|Sleep Moves Clause: Sleep-inducing moves are banned
|clearpoke
|poke|p1|Dragapult, M|
|poke|p1|Incineroar, F|
|poke|p1|Gastrodon-East, M|
|poke|p1|Zapdos|
|poke|p1|Umbreon, F|
|poke|p1|Mimikyu, F|
|poke|p2|Infernape, M|
|poke|p2|Rotom-Heat|
|poke|p2|Heatran, M|
|poke|p2|Drifblim, F|
|poke|p2|Volcanion|
|poke|p2|Cinderace, F|
|teampreview
|inactive|Battle timer is ON: inactive players will automatically lose when time's up. (requested by rogyan18)
|
|t:|1769436500
|teamsize|p1|6
|teamsize|p2|6
|start
|switch|p1a: Dragapult|Dragapult, M|100/100
|switch|p2a: Rotom|Rotom-Heat|100/100
|turn|1
|inactive|DiegoRene has 120 seconds left.
|
|t:|1769436555
|move|p2a: Rotom|Thunder Wave|p1a: Dragapult
|-status|p1a: Dragapult|par
|move|p1a: Dragapult|Dragon Darts|p2a: Rotom
|-damage|p2a: Rotom|53/100
|-anim|p1a: Dragapult|Dragon Darts|p2a: Rotom
|-crit|p2a: Rotom
|-damage|p2a: Rotom|0 fnt
|faint|p2a: Rotom
|
|upkeep
|inactive|rogyan18 has 120 seconds left.
|inactive|rogyan18 has 90 seconds left.
|
|t:|1769436626
|switch|p2a: Drifblim|Drifblim, F|100/100
|turn|2
|
|t:|1769436632
|move|p2a: Drifblim|Hex|p1a: Dragapult
|-supereffective|p1a: Dragapult
|-damage|p1a: Dragapult|0 fnt
|faint|p1a: Dragapult
|
|upkeep
|
|t:|1769436639
|switch|p1a: Incineroar|Incineroar, F|100/100
|turn|3
|inactive|rogyan18 has 90 seconds left.
|c|☆DiegoRene|forgot about intimidate
|
|t:|1769436670
|switch|p2a: Kakaroto|Infernape, M|100/100
|move|p1a: Incineroar|Parting Shot|p2a: Kakaroto
|-unboost|p2a: Kakaroto|atk|1
|-unboost|p2a: Kakaroto|spa|1
|inactive|DiegoRene has 120 seconds left.
|
|t:|1769436681
|switch|p1a: Gastrodon|Gastrodon-East, M|100/100|[from] Parting Shot
|
|upkeep
|turn|4
|inactive|DiegoRene has 120 seconds left.
|inactive|rogyan18 has 90 seconds left.
|
|t:|1769436690
|move|p2a: Kakaroto|Grass Knot|p1a: Gastrodon
|-supereffective|p1a: Gastrodon
|-damage|p1a: Gastrodon|55/100
|-damage|p2a: Kakaroto|91/100|[from] item: Life Orb
|move|p1a: Gastrodon|Earth Power|p2a: Kakaroto
|-supereffective|p2a: Kakaroto
|-damage|p2a: Kakaroto|0 fnt
|faint|p2a: Kakaroto
|
|-heal|p1a: Gastrodon|62/100|[from] item: Leftovers
|upkeep
|inactive|rogyan18 has 90 seconds left.
|
|t:|1769436698
|switch|p2a: Pessi|Cinderace, F|100/100
|turn|5
|
|t:|1769436703
|move|p2a: Pessi|High Jump Kick|p1a: Gastrodon
|-start|p2a: Pessi|typechange|Fighting|[from] ability: Libero
|-damage|p1a: Gastrodon|0 fnt
|faint|p1a: Gastrodon
|
|upkeep
|inactive|DiegoRene has 120 seconds left.
|
|t:|1769436745
|switch|p1a: Mimikyu|Mimikyu, F|100/100
|turn|6
|
|t:|1769436749
|move|p2a: Pessi|U-turn|p1a: Mimikyu
|-activate|p1a: Mimikyu|ability: Disguise
|-damage|p1a: Mimikyu|100/100
|detailschange|p1a: Mimikyu|Mimikyu-Busted, F
|-damage|p1a: Mimikyu|88/100|[from] pokemon: Mimikyu-Busted
|
|t:|1769436753
|switch|p2a: Heatran|Heatran, M|100/100|[from] U-turn
|-item|p2a: Heatran|Air Balloon
|move|p1a: Mimikyu|Play Rough|p2a: Heatran
|-resisted|p2a: Heatran
|-damage|p2a: Heatran|91/100
|-enditem|p2a: Heatran|Air Balloon
|-damage|p1a: Mimikyu|78/100|[from] item: Life Orb
|
|upkeep
|turn|7
|inactive|rogyan18 has 120 seconds left.
|
|t:|1769436769
|move|p1a: Mimikyu|Drain Punch|p2a: Heatran
|-supereffective|p2a: Heatran
|-crit|p2a: Heatran
|-damage|p2a: Heatran|27/100
|-heal|p1a: Mimikyu|100/100|[from] drain|[of] p2a: Heatran
|-damage|p1a: Mimikyu|91/100|[from] item: Life Orb
|move|p2a: Heatran|Flame Charge|p1a: Mimikyu
|-damage|p1a: Mimikyu|68/100
|-boost|p2a: Heatran|spe|1
|
|upkeep
|turn|8
|inactive|rogyan18 has 120 seconds left.
|
|t:|1769436786
|move|p1a: Mimikyu|Drain Punch|p2a: Heatran
|-supereffective|p2a: Heatran
|-damage|p2a: Heatran|0 fnt
|-heal|p1a: Mimikyu|88/100|[from] drain|[of] p2a: Heatran
|faint|p2a: Heatran
|-damage|p1a: Mimikyu|78/100|[from] item: Life Orb
|
|upkeep
|inactive|rogyan18 has 120 seconds left.
|
|t:|1769436793
|switch|p2a: Volcanion|Volcanion|100/100
|turn|9
|inactive|DiegoRene has 90 seconds left.
|
|t:|1769436827
|switch|p1a: Umbreon|Umbreon, F, shiny|100/100
|move|p2a: Volcanion|Steam Eruption|p1a: Umbreon
|-damage|p1a: Umbreon|69/100
|
|-heal|p1a: Umbreon|75/100|[from] item: Leftovers
|upkeep
|turn|10
|
|t:|1769436839
|move|p2a: Volcanion|Steam Eruption|p1a: Umbreon
|-damage|p1a: Umbreon|44/100
|move|p1a: Umbreon|Toxic|p2a: Volcanion
|-status|p2a: Volcanion|tox
|
|-heal|p1a: Umbreon|50/100|[from] item: Leftovers
|-damage|p2a: Volcanion|94/100 tox|[from] psn
|upkeep
|turn|11
|
|t:|1769436851
|switch|p2a: Pessi|Cinderace, F|100/100
|move|p1a: Umbreon|Wish|p1a: Umbreon
|
|-heal|p1a: Umbreon|56/100|[from] item: Leftovers
|upkeep
|turn|12
|
|t:|1769436857
|move|p1a: Umbreon|Protect|p1a: Umbreon
|-singleturn|p1a: Umbreon|Protect
|move|p2a: Pessi|U-turn|p1a: Umbreon
|-start|p2a: Pessi|typechange|Bug|[from] ability: Libero
|-activate|p1a: Umbreon|move: Protect
|
|-heal|p1a: Umbreon|100/100|[from] move: Wish|[wisher] Umbreon
|upkeep
|turn|13
|
|t:|1769436865
|move|p2a: Pessi|High Jump Kick|p1a: Umbreon
|-supereffective|p1a: Umbreon
|-damage|p1a: Umbreon|32/100
|move|p1a: Umbreon|Wish|p1a: Umbreon
|
|-heal|p1a: Umbreon|39/100|[from] item: Leftovers
|upkeep
|turn|14
|
|t:|1769436872
|-terastallize|p1a: Umbreon|Poison
|move|p2a: Pessi|U-turn|p1a: Umbreon
|-resisted|p1a: Umbreon
|-damage|p1a: Umbreon|26/100
|
|t:|1769436876
|switch|p2a: Volcanion|Volcanion|94/100 tox|[from] U-turn
|move|p1a: Umbreon|Toxic|p2a: Volcanion
|-fail|p2a: Volcanion|tox
|
|-heal|p1a: Umbreon|76/100|[from] move: Wish|[wisher] Umbreon
|-heal|p1a: Umbreon|82/100|[from] item: Leftovers
|-damage|p2a: Volcanion|88/100 tox|[from] psn
|upkeep
|turn|15
|inactive|DiegoRene has 120 seconds left.
|
|t:|1769436885
|move|p1a: Umbreon|Protect|p1a: Umbreon
|-singleturn|p1a: Umbreon|Protect
|move|p2a: Volcanion|Earth Power|p1a: Umbreon
|-activate|p1a: Umbreon|move: Protect
|
|-heal|p1a: Umbreon|88/100|[from] item: Leftovers
|-damage|p2a: Volcanion|76/100 tox|[from] psn
|upkeep
|turn|16
|
|t:|1769436893
|move|p2a: Volcanion|Steam Eruption|p1a: Umbreon
|-damage|p1a: Umbreon|57/100
|move|p1a: Umbreon|Wish|p1a: Umbreon
|
|-heal|p1a: Umbreon|63/100|[from] item: Leftovers
|-damage|p2a: Volcanion|58/100 tox|[from] psn
|upkeep
|turn|17
|
|t:|1769436900
|switch|p2a: Pessi|Cinderace, F|100/100
|move|p1a: Umbreon|Foul Play|p2a: Pessi
|-damage|p2a: Pessi|35/100
|
|-heal|p1a: Umbreon|100/100|[from] move: Wish|[wisher] Umbreon
|upkeep
|turn|18
|
|t:|1769436907
|move|p2a: Pessi|U-turn|p1a: Umbreon
|-start|p2a: Pessi|typechange|Bug|[from] ability: Libero
|-resisted|p1a: Umbreon
|-damage|p1a: Umbreon|87/100
|
|t:|1769436909
|switch|p2a: Volcanion|Volcanion|58/100 tox|[from] U-turn
|move|p1a: Umbreon|Foul Play|p2a: Volcanion
|-damage|p2a: Volcanion|35/100 tox
|
|-heal|p1a: Umbreon|93/100|[from] item: Leftovers
|-damage|p2a: Volcanion|29/100 tox|[from] psn
|upkeep
|turn|19
|-message|rogyan18 forfeited.
|
|win|DiegoRene
|raw|DiegoRene's rating: 1336 &rarr; <strong>1356</strong><br />(+20 for winning)
|raw|rogyan18's rating: 1329 &rarr; <strong>1309</strong><br />(-20 for losing)
|l|☆rogyan18
|player|p2|
|l|☆DiegoRene
|player|p1|
