|j|☆healthpark
|j|☆patchworrk
|t:|1769371975
|gametype|singles
|player|p1|healthpark|101|1289
|player|p2|patchworrk|rosa|1291
|gen|9
|tier|[Gen 9] OU
|rated|
|rule|HP Percentage Mod: HP is shown in percentages
|rule|Endless Battle Clause: Forcing endless battles is banned
|rule|Species Clause: Limit one of each Pokémon
|rule|OHKO Clause: OHKO moves are banned
|rule|Evasion Items Clause: Evasion items are banned
|rule|Evasion Moves Clause: Evasion moves are banned
|rule|Evasion Abilities Clause: Evasion abilities are banned
|rule|Sleep Moves Clause: Sleep-inducing moves are banned
|clearpoke
|poke|p1|Alomomola, F|
|poke|p1|Enamorus, F|
|poke|p1|Iron Valiant|
|poke|p1|Slowking-Galar, F|
|poke|p1|Pecharunt|
|poke|p1|Great Tusk|
|poke|p2|Primarina, M|
|poke|p2|Enamorus, F|
|poke|p2|Iron Moth|
|poke|p2|Iron Treads|
|poke|p2|Dragapult, M|
|poke|p2|Iron Jugulis|
|teampreview
|inactive|Battle timer is ON: inactive players will automatically lose when time's up. (requested by healthpark)
|
|t:|1769371995
|teamsize|p1|6
|teamsize|p2|6
|start
|switch|p1a: Slowking|Slowking-Galar, F|100/100
|switch|p2a: golden wind|Dragapult, M, shiny|100/100
|turn|1
|
|t:|1769372003
|move|p2a: golden wind|U-turn|p1a: Slowking
|-damage|p1a: Slowking|61/100
|
|t:|1769372006
|switch|p2a: address me|Iron Treads|100/100|[from] U-turn
|-item|p2a: address me|Air Balloon
|move|p1a: Slowking|Shadow Ball|p2a: address me
|-damage|p2a: address me|64/100
|-enditem|p2a: address me|Air Balloon
|
|upkeep
|turn|2
|
|t:|1769372017
|switch|p1a: Alomomola|Alomomola, F|100/100
|move|p2a: address me|Rapid Spin|p1a: Alomomola
|-damage|p1a: Alomomola|92/100
|-boost|p2a: address me|spe|1
|
|upkeep
|turn|3
|
|t:|1769372029
|-end|p2a: address me|Quark Drive|[silent]
|switch|p2a: persephone|Primarina, M, shiny|100/100
|move|p1a: Alomomola|Flip Turn|p2a: persephone
|-resisted|p2a: persephone
|-damage|p2a: persephone|91/100
|
|t:|1769372035
|switch|p1a: Slowking|Slowking-Galar, F|95/100|[from] Flip Turn
|
|-heal|p2a: persephone|97/100|[from] item: Leftovers
|upkeep
|turn|4
|
|t:|1769372042
|switch|p2a: address me|Iron Treads|64/100
|move|p1a: Slowking|Future Sight|p2a: address me
|-start|p1a: Slowking|move: Future Sight
|
|upkeep
|turn|5
|
|t:|1769372048
|switch|p1a: Great Tusk|Great Tusk|100/100
|move|p2a: address me|Stealth Rock|p1a: Great Tusk
|-sidestart|p1: healthpark|move: Stealth Rock
|
|upkeep
|turn|6
|
|t:|1769372058
|-end|p2a: address me|Quark Drive|[silent]
|switch|p2a: twink|Enamorus, F|100/100
|move|p1a: Great Tusk|Rapid Spin|p2a: twink
|-damage|p2a: twink|71/100
|-boost|p1a: Great Tusk|spe|1
|-sideend|p1: healthpark|Stealth Rock|[from] move: Rapid Spin|[of] p1a: Great Tusk
|
|-end|p2a: twink|move: Future Sight
|-damage|p2a: twink|0 fnt
|faint|p2a: twink
|upkeep
|
|t:|1769372071
|switch|p2a: iron mugulus|Iron Jugulis, shiny|100/100
|-enditem|p2a: iron mugulus|Booster Energy
|-activate|p2a: iron mugulus|ability: Quark Drive|[fromitem]
|-start|p2a: iron mugulus|quarkdrivespe
|turn|7
|
|t:|1769372082
|-terastallize|p2a: iron mugulus|Fairy
|move|p2a: iron mugulus|Tera Blast|p1a: Great Tusk|[anim] Tera Blast Fairy
|-supereffective|p1a: Great Tusk
|-damage|p1a: Great Tusk|0 fnt
|faint|p1a: Great Tusk
|-end|p1a: Great Tusk|Protosynthesis|[silent]
|
|upkeep
|
|t:|1769372087
|switch|p1a: Slowking|Slowking-Galar, F|100/100
|turn|8
|
|t:|1769372092
|-end|p2a: iron mugulus|Quark Drive|[silent]
|switch|p2a: address me|Iron Treads|64/100
|move|p1a: Slowking|Future Sight|p2a: address me
|-start|p1a: Slowking|move: Future Sight
|
|upkeep
|turn|9
|
|t:|1769372100
|move|p2a: address me|Rapid Spin|p1a: Slowking
|-damage|p1a: Slowking|83/100
|-boost|p2a: address me|spe|1
|move|p1a: Slowking|Flamethrower|p2a: address me
|-supereffective|p2a: address me
|-damage|p2a: address me|0 fnt
|faint|p2a: address me
|-end|p2a: address me|Quark Drive|[silent]
|
|upkeep
|
|t:|1769372111
|switch|p2a: golden wind|Dragapult, M, shiny|100/100
|turn|10
|
|t:|1769372117
|move|p2a: golden wind|U-turn|p1a: Slowking
|-damage|p1a: Slowking|48/100
|
|t:|1769372123
|switch|p2a: hivemind|Iron Moth|100/100|[from] U-turn
|-enditem|p2a: hivemind|Booster Energy
|-activate|p2a: hivemind|ability: Quark Drive|[fromitem]
|-start|p2a: hivemind|quarkdrivespa
|move|p1a: Slowking|Shadow Ball|p2a: hivemind
|-damage|p2a: hivemind|74/100
|
|-end|p2a: hivemind|move: Future Sight
|-supereffective|p2a: hivemind
|-damage|p2a: hivemind|0 fnt
|faint|p2a: hivemind
|-end|p2a: hivemind|Quark Drive|[silent]
|upkeep
|
|t:|1769372133
|switch|p2a: golden wind|Dragapult, M, shiny|100/100
|turn|11
|
|t:|1769372139
|switch|p1a: Alomomola|Alomomola, F|100/100
|move|p2a: golden wind|Sucker Punch||[still]
|-fail|p2a: golden wind
|
|upkeep
|turn|12
|
|t:|1769372147
|switch|p2a: iron mugulus|Iron Jugulis, shiny, tera:Fairy|100/100
|move|p1a: Alomomola|Flip Turn|p2a: iron mugulus
|-damage|p2a: iron mugulus|82/100
|
|t:|1769372152
|switch|p1a: Slowking|Slowking-Galar, F|81/100|[from] Flip Turn
|
|upkeep
|turn|13
|
|t:|1769372159
|move|p2a: iron mugulus|Dark Pulse|p1a: Slowking
|-supereffective|p1a: Slowking
|-crit|p1a: Slowking
|-damage|p1a: Slowking|20/100
|move|p1a: Slowking|Future Sight|p2a: iron mugulus
|-start|p1a: Slowking|move: Future Sight
|
|upkeep
|turn|14
|
|t:|1769372167
|switch|p1a: Enamorus|Enamorus, F|100/100
|move|p2a: iron mugulus|Dark Pulse|p1a: Enamorus
|-resisted|p1a: Enamorus
|-damage|p1a: Enamorus|70/100
|
|-heal|p1a: Enamorus|76/100|[from] item: Leftovers
|upkeep
|turn|15
|
|t:|1769372183
|-end|p2a: iron mugulus|Quark Drive|[silent]
|switch|p2a: persephone|Primarina, M, shiny|97/100
|move|p1a: Enamorus|Substitute|p1a: Enamorus
|-start|p1a: Enamorus|Substitute
|-damage|p1a: Enamorus|51/100
|
|-end|p2a: persephone|move: Future Sight
|-damage|p2a: persephone|49/100
|-heal|p1a: Enamorus|57/100|[from] item: Leftovers
|-heal|p2a: persephone|55/100|[from] item: Leftovers
|upkeep
|turn|16
|
|t:|1769372196
|-terastallize|p1a: Enamorus|Stellar
|move|p1a: Enamorus|Tera Blast|p2a: persephone|[anim] Tera Blast Stellar
|-damage|p2a: persephone|18/100
|-boost|p1a: Enamorus|atk|1
|-boost|p1a: Enamorus|spa|1
|move|p2a: persephone|Psychic Noise|p1a: Enamorus
|-damage|p1a: Enamorus|0 fnt
|faint|p1a: Enamorus
|
|-heal|p2a: persephone|24/100|[from] item: Leftovers
|upkeep
|
|t:|1769372205
|switch|p1a: Slowking|Slowking-Galar, F|53/100
|turn|17
|
|t:|1769372219
|switch|p2a: golden wind|Dragapult, M, shiny|100/100
|move|p1a: Slowking|Future Sight|p2a: golden wind
|-start|p1a: Slowking|move: Future Sight
|
|upkeep
|turn|18
|
|t:|1769372225
|switch|p1a: Alomomola|Alomomola, F|100/100
|move|p2a: golden wind|U-turn|p1a: Alomomola
|-damage|p1a: Alomomola|83/100
|
|t:|1769372233
|switch|p2a: iron mugulus|Iron Jugulis, shiny, tera:Fairy|82/100|[from] U-turn
|
|upkeep
|turn|19
|
|t:|1769372249
|move|p2a: iron mugulus|Dark Pulse|p1a: Alomomola
|-damage|p1a: Alomomola|39/100
|move|p1a: Alomomola|Body Slam|p2a: iron mugulus
|-damage|p2a: iron mugulus|64/100
|
|-end|p2a: iron mugulus|move: Future Sight
|-damage|p2a: iron mugulus|0 fnt
|faint|p2a: iron mugulus
|-end|p2a: iron mugulus|Quark Drive|[silent]
|upkeep
|
|t:|1769372259
|switch|p2a: golden wind|Dragapult, M, shiny|100/100
|turn|20
|
|t:|1769372267
|move|p2a: golden wind|U-turn|p1a: Alomomola
|-damage|p1a: Alomomola|21/100
|
|t:|1769372269
|switch|p2a: persephone|Primarina, M, shiny|24/100|[from] U-turn
|move|p1a: Alomomola|Flip Turn|p2a: persephone
|-resisted|p2a: persephone
|-damage|p2a: persephone|15/100
|
|t:|1769372279
|switch|p1a: Slowking|Slowking-Galar, F|87/100|[from] Flip Turn
|
|-heal|p2a: persephone|21/100|[from] item: Leftovers
|upkeep
|turn|21
|
|t:|1769372287
|move|p2a: persephone|Whirlpool|p1a: Slowking
|-crit|p1a: Slowking
|-damage|p1a: Slowking|70/100
|-activate|p1a: Slowking|move: Whirlpool|[of] p2a: persephone
|move|p1a: Slowking|Future Sight|p2a: persephone
|-start|p1a: Slowking|move: Future Sight
|
|-heal|p2a: persephone|27/100|[from] item: Leftovers
|-damage|p1a: Slowking|57/100|[from] move: Whirlpool|[partiallytrapped]
|upkeep
|turn|22
|
|t:|1769372298
|move|p2a: persephone|Psychic Noise|p1a: Slowking
|-damage|p1a: Slowking|33/100
|-start|p1a: Slowking|move: Heal Block
|move|p1a: Slowking|Psyshock|p2a: persephone
|-damage|p2a: persephone|0 fnt
|faint|p2a: persephone
|
|-end|p1a: Slowking|Whirlpool|[partiallytrapped]|[silent]
|upkeep
|
|t:|1769372305
|switch|p2a: golden wind|Dragapult, M, shiny|100/100
|turn|23
|
|t:|1769372314
|move|p2a: golden wind|U-turn|p1a: Slowking
|-damage|p1a: Slowking|0 fnt
|faint|p1a: Slowking
|
|-end|p2a: golden wind|move: Future Sight
|-damage|p2a: golden wind|13/100
|upkeep
|
|t:|1769372321
|switch|p1a: Iron Valiant|Iron Valiant|100/100
|-enditem|p1a: Iron Valiant|Booster Energy
|-activate|p1a: Iron Valiant|ability: Quark Drive|[fromitem]
|-start|p1a: Iron Valiant|quarkdrivespe
|turn|24
|
|t:|1769372326
|move|p1a: Iron Valiant|Moonblast|p2a: golden wind
|-supereffective|p2a: golden wind
|-damage|p2a: golden wind|0 fnt
|faint|p2a: golden wind
|
|win|healthpark
|raw|healthpark's rating: 1289 &rarr; <strong>1314</strong><br />(+25 for winning)
|raw|patchworrk's rating: 1291 &rarr; <strong>1266</strong><br />(-25 for losing)
