|j|☆founded
|j|☆kef-ef
|t:|1769357763
|gametype|singles
|player|p1|founded|firebreather|1322
|player|p2|kef-ef|acetrainer|1371
|gen|9
|tier|[Gen 9] OU
|rated|
|rule|HP Percentage Mod: HP is shown in percentages
|rule|Endless Battle Clause: Forcing endless battles is banned
|rule|Species Clause: Limit one of each Pokémon
|rule|OHKO Clause: OHKO moves are banned
|rule|Evasion Items Clause: Evasion items are banned
|rule|Evasion Moves Clause: Evasion moves are banned
|rule|Evasion Abilities Clause: Evasion abilities are banned
|rule|Sleep Moves Clause: Sleep-inducing moves are banned
|clearpoke
|poke|p1|Espeon, F|
|poke|p1|Kommo-o, M|
|poke|p1|Dipplin, F|
|poke|p1|Glimmora, M|
|poke|p1|Landorus-Therian, M|
|poke|p1|Incineroar, F|
|poke|p2|Ceruledge, M|
|poke|p2|Samurott-Hisui, M|
|poke|p2|Iron Treads|
|poke|p2|Tornadus-Therian, M|
|poke|p2|Slowking-Galar, M|
|poke|p2|Ogerpon-Cornerstone, F|
|teampreview
|inactive|Battle timer is ON: inactive players will automatically lose when time's up. (requested by kef-ef)
|
|t:|1769357774
|teamsize|p1|6
|teamsize|p2|6
|start
|switch|p1a: Dipplin|Dipplin, F|100/100
|switch|p2a: Samurott|Samurott-Hisui, M|100/100
|turn|1
|
|t:|1769357784
|switch|p2a: Tornadus|Tornadus-Therian, M|100/100
|move|p1a: Dipplin|Giga Drain|p2a: Tornadus
|-resisted|p2a: Tornadus
|-damage|p2a: Tornadus|79/100
|
|upkeep
|turn|2
|
|t:|1769357793
|move|p2a: Tornadus|U-turn|p1a: Dipplin
|-supereffective|p1a: Dipplin
|-damage|p1a: Dipplin|85/100
|
|t:|1769357804
|switch|p2a: Slowking|Slowking-Galar, M|100/100|[from] U-turn
|move|p1a: Dipplin|Dragon Tail|p2a: Slowking
|-damage|p2a: Slowking|88/100
|drag|p2a: Iron Treads|Iron Treads|100/100
|
|upkeep
|turn|3
|
|t:|1769357812
|move|p2a: Iron Treads|Stealth Rock|p1a: Dipplin
|-sidestart|p1: founded|move: Stealth Rock
|move|p1a: Dipplin|Giga Drain|p2a: Iron Treads
|-damage|p2a: Iron Treads|59/100
|-heal|p1a: Dipplin|100/100|[from] drain|[of] p2a: Iron Treads
|
|-heal|p2a: Iron Treads|65/100|[from] item: Leftovers
|upkeep
|turn|4
|
|t:|1769357829
|move|p2a: Iron Treads|Volt Switch|p1a: Dipplin
|-resisted|p1a: Dipplin
|-damage|p1a: Dipplin|98/100
|
|t:|1769357834
|-end|p2a: Iron Treads|Quark Drive|[silent]
|switch|p2a: Tornadus|Tornadus-Therian, M|100/100|[from] Volt Switch
|move|p1a: Dipplin|Dragon Pulse|p2a: Tornadus
|-damage|p2a: Tornadus|49/100
|
|upkeep
|turn|5
|
|t:|1769357848
|move|p2a: Tornadus|Bleakwind Storm|p1a: Dipplin|[miss]
|-miss|p2a: Tornadus|p1a: Dipplin
|move|p1a: Dipplin|Dragon Pulse|p2a: Tornadus
|-damage|p2a: Tornadus|0 fnt
|faint|p2a: Tornadus
|
|upkeep
|
|t:|1769357856
|switch|p2a: Ceruledge|Ceruledge, M|100/100
|turn|6
|inactive|founded has 120 seconds left.
|
|t:|1769357889
|move|p2a: Ceruledge|Swords Dance|p2a: Ceruledge
|-boost|p2a: Ceruledge|atk|2
|move|p1a: Dipplin|Dragon Tail|p2a: Ceruledge
|-damage|p2a: Ceruledge|74/100
|-ability|p2a: Ceruledge|Weak Armor|boost
|-unboost|p2a: Ceruledge|def|1
|-boost|p2a: Ceruledge|spe|2
|drag|p2a: Iron Treads|Iron Treads|65/100
|
|-heal|p2a: Iron Treads|71/100|[from] item: Leftovers
|upkeep
|turn|7
|inactive|founded has 120 seconds left.
|-message|kef-ef forfeited.
|
|win|founded
|raw|founded's rating: 1322 &rarr; <strong>1345</strong><br />(+23 for winning)
|raw|kef-ef's rating: 1371 &rarr; <strong>1348</strong><br />(-23 for losing)
|l|☆kef-ef
|player|p2|
|l|☆founded
|player|p1|
