|j|☆MfxxkingReal
|j|☆LaportaPotty
|t:|1769320945
|gametype|singles
|player|p1|MfxxkingReal|101|1446
|player|p2|LaportaPotty|169|1459
|gen|9
|tier|[Gen 9] OU
|rated|
|rule|HP Percentage Mod: HP is shown in percentages
|rule|Endless Battle Clause: Forcing endless battles is banned
|rule|Species Clause: Limit one of each Pokémon
|rule|OHKO Clause: OHKO moves are banned
|rule|Evasion Items Clause: Evasion items are banned
|rule|Evasion Moves Clause: Evasion moves are banned
|rule|Evasion Abilities Clause: Evasion abilities are banned
|rule|Sleep Moves Clause: Sleep-inducing moves are banned
|clearpoke
|poke|p1|Alomomola, M|
|poke|p1|Garganacl, F|
|poke|p1|Ogerpon-Wellspring, F|
|poke|p1|Pecharunt|
|poke|p1|Great Tusk|
|poke|p1|Zoroark-Hisui, F|
|poke|p2|Okidogi, M|
|poke|p2|Raging Bolt|
|poke|p2|Moltres|
|poke|p2|Sinistcha|
|poke|p2|Iron Treads|
|poke|p2|Garganacl, M|
|teampreview
|inactive|Battle timer is ON: inactive players will automatically lose when time's up. (requested by LaportaPotty)
|
|t:|1769320978
|teamsize|p1|6
|teamsize|p2|6
|start
|switch|p1a: Garganacl|Garganacl, F|100/100
|switch|p2a: Iron Treads|Iron Treads|100/100
|turn|1
|
|t:|1769320985
|-terastallize|p1a: Garganacl|Fighting
|move|p1a: Garganacl|Tera Blast|p2a: Iron Treads|[anim] Tera Blast Fighting
|-supereffective|p2a: Iron Treads
|-damage|p2a: Iron Treads|0 fnt
|faint|p2a: Iron Treads
|-end|p2a: Iron Treads|Quark Drive|[silent]
|
|upkeep
|j| 304Collector
|c|☆LaportaPotty|ok
|
|t:|1769321001
|switch|p2a: Okidogi|Okidogi, M|100/100
|turn|2
|
|t:|1769321008
|switch|p1a: Great Tusk|Great Tusk|100/100
|move|p2a: Okidogi|Knock Off|p1a: Great Tusk
|-resisted|p1a: Great Tusk
|-damage|p1a: Great Tusk|88/100
|-status|p1a: Great Tusk|tox|[from] ability: Toxic Chain|[of] p2a: Okidogi
|-enditem|p1a: Great Tusk|Assault Vest|[from] move: Knock Off|[of] p2a: Okidogi
|
|-damage|p1a: Great Tusk|82/100 tox|[from] psn
|upkeep
|turn|3
|l| 304Collector
|
|t:|1769321020
|switch|p2a: Sinistcha|Sinistcha|100/100
|move|p1a: Great Tusk|Ice Spinner|p2a: Sinistcha
|-supereffective|p2a: Sinistcha
|-damage|p2a: Sinistcha|68/100
|
|-damage|p1a: Great Tusk|69/100 tox|[from] psn
|upkeep
|turn|4
|
|t:|1769321025
|-end|p1a: Great Tusk|Protosynthesis|[silent]
|switch|p1a: Pecharunt|Pecharunt|100/100
|move|p2a: Sinistcha|Matcha Gotcha|p1a: Pecharunt
|-resisted|p1a: Pecharunt
|-damage|p1a: Pecharunt|83/100
|-heal|p2a: Sinistcha|76/100|[from] drain|[of] p1a: Pecharunt
|
|upkeep
|turn|5
|
|t:|1769321034
|switch|p2a: Okidogi|Okidogi, M|100/100
|move|p1a: Pecharunt|Nasty Plot|p1a: Pecharunt
|-boost|p1a: Pecharunt|spa|2
|
|upkeep
|turn|6
|
|t:|1769321040
|move|p1a: Pecharunt|Destiny Bond|p1a: Pecharunt
|-singlemove|p1a: Pecharunt|Destiny Bond
|move|p2a: Okidogi|Knock Off|p1a: Pecharunt
|-supereffective|p1a: Pecharunt
|-damage|p1a: Pecharunt|30/100
|-damage|p2a: Okidogi|84/100|[from] item: Rocky Helmet|[of] p1a: Pecharunt
|-enditem|p1a: Pecharunt|Rocky Helmet|[from] move: Knock Off|[of] p2a: Okidogi
|
|upkeep
|turn|7
|
|t:|1769321046
|move|p1a: Pecharunt|Malignant Chain|p2a: Okidogi
|-resisted|p2a: Okidogi
|-damage|p2a: Okidogi|55/100
|move|p2a: Okidogi|Knock Off|p1a: Pecharunt
|-supereffective|p1a: Pecharunt
|-damage|p1a: Pecharunt|0 fnt
|faint|p1a: Pecharunt
|
|upkeep
|
|t:|1769321050
|switch|p1a: Garganacl|Garganacl, F, tera:Fighting|100/100
|turn|8
|
|t:|1769321057
|switch|p2a: Moltres|Moltres|100/100
|move|p1a: Garganacl|Hyper Voice|p2a: Moltres
|-damage|p2a: Moltres|30/100
|
|upkeep
|turn|9
|
|t:|1769321081
|switch|p1a: Garganacl|Garganacl, F|100/100
|switch|p2a: Garganacl|Garganacl, M|100/100
|
|upkeep
|turn|10
|
|t:|1769321086
|move|p2a: Garganacl|Salt Cure|p1a: Garganacl
|-damage|p1a: Garganacl|89/100
|-start|p1a: Garganacl|Salt Cure
|move|p1a: Garganacl|Iron Defense|p1a: Garganacl
|-boost|p1a: Garganacl|def|2
|
|-heal|p1a: Garganacl|95/100|[from] item: Leftovers
|-damage|p1a: Garganacl|82/100|[from] Salt Cure
|upkeep
|turn|11
|
|t:|1769321093
|switch|p2a: Sinistcha|Sinistcha|76/100
|move|p1a: Garganacl|Salt Cure|p2a: Sinistcha
|-damage|p2a: Sinistcha|67/100
|-start|p2a: Sinistcha|Salt Cure
|
|-heal|p1a: Garganacl|89/100|[from] item: Leftovers
|-damage|p2a: Sinistcha|55/100|[from] Salt Cure
|-damage|p1a: Garganacl|76/100|[from] Salt Cure
|upkeep
|turn|12
|
|t:|1769321101
|switch|p1a: Great Tusk|Great Tusk|69/100 tox
|move|p2a: Sinistcha|Strength Sap|p1a: Great Tusk
|-unboost|p1a: Great Tusk|atk|1
|-heal|p2a: Sinistcha|100/100
|
|-damage|p1a: Great Tusk|63/100 tox|[from] psn
|-damage|p2a: Sinistcha|88/100|[from] Salt Cure
|upkeep
|turn|13
|
|t:|1769321107
|move|p1a: Great Tusk|Ice Spinner|p2a: Sinistcha
|-supereffective|p2a: Sinistcha
|-damage|p2a: Sinistcha|66/100
|move|p2a: Sinistcha|Matcha Gotcha|p1a: Great Tusk
|-supereffective|p1a: Great Tusk
|-damage|p1a: Great Tusk|0 fnt
|-heal|p2a: Sinistcha|100/100|[from] drain|[of] p1a: Great Tusk
|faint|p1a: Great Tusk
|-end|p1a: Great Tusk|Protosynthesis|[silent]
|
|-damage|p2a: Sinistcha|88/100|[from] Salt Cure
|upkeep
|
|t:|1769321111
|switch|p1a: Alomomola|Alomomola, M, tera:Fighting|100/100
|turn|14
|
|t:|1769321120
|switch|p2a: Moltres|Moltres|30/100
|move|p1a: Alomomola|Bitter Malice|p2a: Moltres
|-damage|p2a: Moltres|0 fnt
|faint|p2a: Moltres
|
|upkeep
|
|t:|1769321126
|switch|p2a: Raging Bolt|Raging Bolt|100/100
|-enditem|p2a: Raging Bolt|Booster Energy
|-activate|p2a: Raging Bolt|ability: Protosynthesis|[fromitem]
|-start|p2a: Raging Bolt|protosynthesisspa
|turn|15
|
|t:|1769321136
|switch|p1a: Garganacl|Garganacl, F|76/100
|move|p2a: Raging Bolt|Thunderbolt|p1a: Garganacl
|-damage|p1a: Garganacl|27/100
|
|-heal|p1a: Garganacl|33/100|[from] item: Leftovers
|upkeep
|turn|16
|
|t:|1769321143
|move|p2a: Raging Bolt|Thunderbolt|p1a: Garganacl
|-damage|p1a: Garganacl|0 fnt
|faint|p1a: Garganacl
|
|upkeep
|
|t:|1769321148
|switch|p1a: Alomomola|Alomomola, M, tera:Fighting|100/100
|turn|17
|
|t:|1769321165
|-terastallize|p2a: Raging Bolt|Bug
|move|p1a: Alomomola|Tera Blast|p2a: Raging Bolt|[anim] Tera Blast Fighting
|-resisted|p2a: Raging Bolt
|-crit|p2a: Raging Bolt
|-damage|p2a: Raging Bolt|55/100
|move|p2a: Raging Bolt|Thunderbolt|p1a: Alomomola
|-damage|p1a: Alomomola|0 fnt
|replace|p1a: Zoroark|Zoroark-Hisui, F
|-end|p1a: Zoroark|Illusion
|faint|p1a: Zoroark
|
|upkeep
|
|t:|1769321170
|switch|p1a: Ogerpon|Ogerpon-Wellspring, F|100/100
|turn|18
|
|t:|1769321177
|move|p2a: Raging Bolt|Thunderclap|p1a: Ogerpon
|-damage|p1a: Ogerpon|33/100
|move|p1a: Ogerpon|Ivy Cudgel|p2a: Raging Bolt|[anim] Ivy Cudgel Water
|-damage|p2a: Raging Bolt|2/100
|
|upkeep
|turn|19
|
|t:|1769321185
|move|p2a: Raging Bolt|Thunderclap||[still]
|-fail|p2a: Raging Bolt
|move|p1a: Ogerpon|Encore|p2a: Raging Bolt
|-start|p2a: Raging Bolt|Encore
|
|upkeep
|turn|20
|
|t:|1769321194
|switch|p1a: Alomomola|Alomomola, M|100/100
|move|p2a: Raging Bolt|Thunderclap||[still]
|-fail|p2a: Raging Bolt
|
|upkeep
|turn|21
|
|t:|1769321201
|-end|p2a: Raging Bolt|Protosynthesis|[silent]
|switch|p2a: Sinistcha|Sinistcha|88/100
|move|p1a: Alomomola|Flip Turn|p2a: Sinistcha
|-resisted|p2a: Sinistcha
|-damage|p2a: Sinistcha|83/100
|
|t:|1769321206
|switch|p1a: Ogerpon|Ogerpon-Wellspring, F|33/100|[from] Flip Turn
|
|upkeep
|turn|22
|
|t:|1769321211
|move|p1a: Ogerpon|Swords Dance|p1a: Ogerpon
|-boost|p1a: Ogerpon|atk|2
|move|p2a: Sinistcha|Matcha Gotcha|p1a: Ogerpon
|-damage|p1a: Ogerpon|0 fnt
|-heal|p2a: Sinistcha|97/100|[from] drain|[of] p1a: Ogerpon
|faint|p1a: Ogerpon
|
|upkeep
|-message|MfxxkingReal forfeited.
|
|win|LaportaPotty
|raw|MfxxkingReal's rating: 1446 &rarr; <strong>1427</strong><br />(-19 for losing)
|raw|LaportaPotty's rating: 1459 &rarr; <strong>1478</strong><br />(+19 for winning)
|l|☆MfxxkingReal
|player|p1|
|l|☆LaportaPotty
|player|p2|
