|j|☆cjxndbdkdj
|j|☆dragaloek2
|t:|1769333673
|gametype|singles
|player|p1|cjxndbdkdj|169|1083
|player|p2|dragaloek2|169|1115
|gen|9
|tier|[Gen 9] OU
|rated|
|rule|HP Percentage Mod: HP is shown in percentages
|rule|Endless Battle Clause: Forcing endless battles is banned
|rule|Species Clause: Limit one of each Pokémon
|rule|OHKO Clause: OHKO moves are banned
|rule|Evasion Items Clause: Evasion items are banned
|rule|Evasion Moves Clause: Evasion moves are banned
|rule|Evasion Abilities Clause: Evasion abilities are banned
|rule|Sleep Moves Clause: Sleep-inducing moves are banned
|clearpoke
|poke|p1|Milotic, M|
|poke|p1|Spiritomb, M|
|poke|p1|Lucario, M|
|poke|p1|Garchomp, F|
|poke|p1|Gastrodon, F|
|poke|p1|Amoonguss, F|
|poke|p2|Great Tusk|
|poke|p2|Enamorus, F|
|poke|p2|Slowking-Galar, M|
|poke|p2|Ogerpon, F|
|poke|p2|Primarina, M|
|poke|p2|Kingambit, M|
|teampreview
|j| Albrtix
|
|t:|1769333689
|teamsize|p1|6
|teamsize|p2|6
|start
|switch|p1a: Garchomp|Garchomp, F|100/100
|switch|p2a: Enamorus|Enamorus, F, shiny|100/100
|turn|1
|inactive|Battle timer is ON: inactive players will automatically lose when time's up. (requested by dragaloek2)
|
|t:|1769333701
|move|p2a: Enamorus|Moonblast|p1a: Garchomp
|-supereffective|p1a: Garchomp
|-crit|p1a: Garchomp
|-damage|p1a: Garchomp|0 fnt
|faint|p1a: Garchomp
|
|upkeep
|
|t:|1769333710
|switch|p1a: Gastrodon|Gastrodon, F|100/100
|turn|2
|
|t:|1769333716
|switch|p2a: Slowking|Slowking-Galar, M, shiny|100/100
|move|p1a: Gastrodon|Sludge Bomb|p2a: Slowking
|-resisted|p2a: Slowking
|-damage|p2a: Slowking|94/100
|
|upkeep
|turn|3
|
|t:|1769333720
|move|p1a: Gastrodon|Earth Power|p2a: Slowking
|-supereffective|p2a: Slowking
|-damage|p2a: Slowking|48/100
|move|p2a: Slowking|Psychic Noise|p1a: Gastrodon
|-damage|p1a: Gastrodon|75/100
|-start|p1a: Gastrodon|move: Heal Block
|
|upkeep
|turn|4
|
|t:|1769333735
|switch|p1a: Lucario|Lucario, M|100/100
|switch|p2a: Primarina|Primarina, M|100/100
|
|upkeep
|turn|5
|
|t:|1769333749
|switch|p2a: Slowking|Slowking-Galar, M, shiny|81/100
|move|p1a: Lucario|Meteor Mash|p2a: Slowking
|-damage|p2a: Slowking|36/100
|
|upkeep
|turn|6
|
|t:|1769333764
|switch|p2a: Great Tusk|Great Tusk, shiny|100/100
|move|p1a: Lucario|Meteor Mash|p2a: Great Tusk|[miss]
|-miss|p1a: Lucario|p2a: Great Tusk
|
|upkeep
|turn|7
|
|t:|1769333789
|switch|p1a: Milotic|Milotic, M|100/100
|move|p2a: Great Tusk|Headlong Rush|p1a: Milotic
|-damage|p1a: Milotic|54/100
|-unboost|p2a: Great Tusk|def|1
|-unboost|p2a: Great Tusk|spd|1
|
|-status|p1a: Milotic|brn|[from] item: Flame Orb
|upkeep
|turn|8
|
|t:|1769333800
|-end|p2a: Great Tusk|Protosynthesis|[silent]
|switch|p2a: Primarina|Primarina, M|100/100
|move|p1a: Milotic|Recover|p1a: Milotic
|-heal|p1a: Milotic|100/100 brn
|
|-damage|p1a: Milotic|94/100 brn|[from] brn
|upkeep
|turn|9
|
|t:|1769333807
|move|p2a: Primarina|Psychic Noise|p1a: Milotic
|-resisted|p1a: Milotic
|-damage|p1a: Milotic|80/100 brn
|-start|p1a: Milotic|move: Heal Block
|move|p1a: Milotic|Mirror Coat|p2a: Primarina
|-damage|p2a: Primarina|62/100
|
|-heal|p2a: Primarina|68/100|[from] item: Leftovers
|-damage|p1a: Milotic|74/100 brn|[from] brn
|upkeep
|turn|10
|
|t:|1769333815
|move|p2a: Primarina|Substitute|p2a: Primarina
|-start|p2a: Primarina|Substitute
|-damage|p2a: Primarina|43/100
|move|p1a: Milotic|Scald|p2a: Primarina
|-resisted|p2a: Primarina
|-crit|p2a: Primarina
|-activate|p2a: Primarina|move: Substitute|[damage]
|
|-heal|p2a: Primarina|49/100|[from] item: Leftovers
|-damage|p1a: Milotic|68/100 brn|[from] brn
|-end|p1a: Milotic|move: Heal Block
|upkeep
|turn|11
|
|t:|1769333827
|move|p2a: Primarina|Moonblast|p1a: Milotic
|-damage|p1a: Milotic|27/100 brn
|move|p1a: Milotic|Scald|p2a: Primarina
|-resisted|p2a: Primarina
|-end|p2a: Primarina|Substitute
|
|-heal|p2a: Primarina|55/100|[from] item: Leftovers
|-damage|p1a: Milotic|21/100 brn|[from] brn
|upkeep
|turn|12
|
|t:|1769333833
|move|p2a: Primarina|Psychic Noise|p1a: Milotic
|-resisted|p1a: Milotic
|-damage|p1a: Milotic|7/100 brn
|-start|p1a: Milotic|move: Heal Block
|cant|p1a: Milotic|move: Heal Block|Recover
|
|-heal|p2a: Primarina|61/100|[from] item: Leftovers
|-damage|p1a: Milotic|1/100 brn|[from] brn
|upkeep
|turn|13
|
|t:|1769333850
|move|p2a: Primarina|Substitute|p2a: Primarina
|-start|p2a: Primarina|Substitute
|-damage|p2a: Primarina|36/100
|move|p1a: Milotic|Mirror Coat||[still]
|-fail|p1a: Milotic
|
|-heal|p2a: Primarina|42/100|[from] item: Leftovers
|-damage|p1a: Milotic|0 fnt|[from] brn
|faint|p1a: Milotic
|upkeep
|
|t:|1769333859
|switch|p1a: Spiritomb|Spiritomb, M|100/100
|-ability|p1a: Spiritomb|Pressure
|turn|14
|
|t:|1769333877
|-terastallize|p1a: Spiritomb|Ghost
|move|p2a: Primarina|Moonblast|p1a: Spiritomb
|-damage|p1a: Spiritomb|61/100
|-unboost|p1a: Spiritomb|spa|1
|move|p1a: Spiritomb|Poltergeist|p2a: Primarina
|-activate|p2a: Primarina|move: Poltergeist|Leftovers
|-end|p2a: Primarina|Substitute
|
|-heal|p2a: Primarina|48/100|[from] item: Leftovers
|upkeep
|turn|15
|inactive|cjxndbdkdj has 120 seconds left.
|-message|cjxndbdkdj forfeited.
|
|win|dragaloek2
|raw|cjxndbdkdj's rating: 1083 &rarr; <strong>1063</strong><br />(-20 for losing)
|raw|dragaloek2's rating: 1115 &rarr; <strong>1138</strong><br />(+23 for winning)
|l|☆cjxndbdkdj
|player|p1|
|l|☆dragaloek2
|player|p2|
|l| Albrtix
