|j|☆jc1231
|j|☆Galarapio
|t:|1769323379
|gametype|singles
|player|p1|jc1231|n|1232
|player|p2|Galarapio|265|1258
|gen|9
|tier|[Gen 9] OU
|rated|
|rule|HP Percentage Mod: HP is shown in percentages
|rule|Endless Battle Clause: Forcing endless battles is banned
|rule|Species Clause: Limit one of each Pokémon
|rule|OHKO Clause: OHKO moves are banned
|rule|Evasion Items Clause: Evasion items are banned
|rule|Evasion Moves Clause: Evasion moves are banned
|rule|Evasion Abilities Clause: Evasion abilities are banned
|rule|Sleep Moves Clause: Sleep-inducing moves are banned
|clearpoke
|poke|p1|Great Tusk|
|poke|p1|Raging Bolt|
|poke|p1|Walking Wake|
|poke|p1|Kingambit, F|
|poke|p1|Slither Wing|
|poke|p1|Torkoal, M|
|poke|p2|Indeedee, M|
|poke|p2|Armarouge, M|
|poke|p2|Hawlucha, F|
|poke|p2|Chansey, F|
|poke|p2|Corviknight, F|
|poke|p2|Clodsire, F|
|teampreview
|
|t:|1769323383
|teamsize|p1|6
|teamsize|p2|6
|start
|switch|p1a: Torkoal|Torkoal, M|100/100
|switch|p2a: Indeedee|Indeedee, M|100/100
|-fieldstart|move: Psychic Terrain|[from] ability: Psychic Surge|[of] p2a: Indeedee
|-weather|SunnyDay|[from] ability: Drought|[of] p1a: Torkoal
|turn|1
|
|t:|1769323387
|move|p2a: Indeedee|Expanding Force|p1a: Torkoal
|-damage|p1a: Torkoal|42/100
|move|p1a: Torkoal|Stealth Rock|p2a: Indeedee
|-sidestart|p2: Galarapio|move: Stealth Rock
|
|-weather|SunnyDay|[upkeep]
|upkeep
|turn|2
|
|t:|1769323392
|switch|p1a: Kingambit|Kingambit, F, shiny|100/100
|move|p2a: Indeedee|Expanding Force|p1a: Kingambit
|-immune|p1a: Kingambit
|
|-weather|SunnyDay|[upkeep]
|upkeep
|turn|3
|
|t:|1769323399
|switch|p2a: Corviknight|Corviknight, F|100/100
|-damage|p2a: Corviknight|88/100|[from] Stealth Rock
|move|p1a: Kingambit|Kowtow Cleave|p2a: Corviknight
|-damage|p2a: Corviknight|57/100
|-damage|p1a: Kingambit|84/100|[from] item: Rocky Helmet|[of] p2a: Corviknight
|
|-weather|SunnyDay|[upkeep]
|-heal|p1a: Kingambit|90/100|[from] item: Leftovers
|upkeep
|turn|4
|
|t:|1769323407
|-end|p1a: Kingambit|fallenundefined|[silent]
|switch|p1a: Torkoal|Torkoal, M|42/100
|move|p2a: Corviknight|Iron Defense|p2a: Corviknight
|-boost|p2a: Corviknight|def|2
|
|-weather|SunnyDay|[upkeep]
|upkeep
|turn|5
|
|t:|1769323416
|switch|p2a: Clodsire|Clodsire, F|100/100
|-damage|p2a: Clodsire|94/100|[from] Stealth Rock
|move|p1a: Torkoal|Will-O-Wisp|p2a: Clodsire
|-status|p2a: Clodsire|brn
|
|-weather|SunnyDay|[upkeep]
|-heal|p2a: Clodsire|100/100 brn|[from] item: Leftovers
|-damage|p2a: Clodsire|94/100 brn|[from] brn
|upkeep
|turn|6
|
|t:|1769323429
|switch|p1a: Great Tusk|Great Tusk, shiny|100/100
|-activate|p1a: Great Tusk|ability: Protosynthesis
|-start|p1a: Great Tusk|protosynthesisatk
|move|p2a: Clodsire|Toxic|p1a: Great Tusk
|-status|p1a: Great Tusk|tox
|
|-weather|SunnyDay|[upkeep]
|-heal|p2a: Clodsire|100/100 brn|[from] item: Leftovers
|-damage|p1a: Great Tusk|94/100 tox|[from] psn
|-damage|p2a: Clodsire|94/100 brn|[from] brn
|upkeep
|turn|7
|
|t:|1769323435
|move|p2a: Clodsire|Protect|p2a: Clodsire
|-singleturn|p2a: Clodsire|Protect
|move|p1a: Great Tusk|Ice Spinner|p2a: Clodsire
|-activate|p2a: Clodsire|move: Protect
|
|-weather|SunnyDay|[upkeep]
|-heal|p2a: Clodsire|100/100 brn|[from] item: Leftovers
|-damage|p1a: Great Tusk|82/100 tox|[from] psn
|-damage|p2a: Clodsire|94/100 brn|[from] brn
|upkeep
|turn|8
|
|t:|1769323449
|move|p1a: Great Tusk|Headlong Rush|p2a: Clodsire
|-supereffective|p2a: Clodsire
|-damage|p2a: Clodsire|0 fnt
|-unboost|p1a: Great Tusk|def|1
|-unboost|p1a: Great Tusk|spd|1
|faint|p2a: Clodsire
|
|-weather|none
|-end|p1a: Great Tusk|Protosynthesis
|-damage|p1a: Great Tusk|63/100 tox|[from] psn
|-fieldend|move: Psychic Terrain
|upkeep
|inactive|Battle timer is ON: inactive players will automatically lose when time's up. (requested by jc1231)
|
|t:|1769323456
|switch|p2a: Indeedee|Indeedee, M|100/100
|-damage|p2a: Indeedee|88/100|[from] Stealth Rock
|-fieldstart|move: Psychic Terrain|[from] ability: Psychic Surge|[of] p2a: Indeedee
|turn|9
|
|t:|1769323459
|-end|p1a: Great Tusk|Protosynthesis|[silent]
|switch|p1a: Torkoal|Torkoal, M|42/100
|-weather|SunnyDay|[from] ability: Drought|[of] p1a: Torkoal
|move|p2a: Indeedee|Expanding Force|p1a: Torkoal
|-damage|p1a: Torkoal|0 fnt
|faint|p1a: Torkoal
|
|-weather|SunnyDay|[upkeep]
|upkeep
|
|t:|1769323465
|switch|p1a: Kingambit|Kingambit, F, shiny|90/100
|-activate|p1a: Kingambit|ability: Supreme Overlord
|-start|p1a: Kingambit|fallen1|[silent]
|turn|10
|
|t:|1769323468
|switch|p2a: Hawlucha|Hawlucha, F|100/100
|-damage|p2a: Hawlucha|88/100|[from] Stealth Rock
|-enditem|p2a: Hawlucha|Psychic Seed
|-boost|p2a: Hawlucha|spd|1|[from] item: Psychic Seed
|move|p1a: Kingambit|Swords Dance|p1a: Kingambit
|-boost|p1a: Kingambit|atk|2
|
|-weather|SunnyDay|[upkeep]
|-heal|p1a: Kingambit|96/100|[from] item: Leftovers
|upkeep
|turn|11
|
|t:|1769323483
|-terastallize|p2a: Hawlucha|Fighting
|-terastallize|p1a: Kingambit|Fairy
|move|p2a: Hawlucha|Close Combat|p1a: Kingambit
|-resisted|p1a: Kingambit
|-damage|p1a: Kingambit|69/100
|-unboost|p2a: Hawlucha|def|1
|-unboost|p2a: Hawlucha|spd|1
|move|p1a: Kingambit|Tera Blast|p2a: Hawlucha|[anim] Tera Blast Fairy
|-supereffective|p2a: Hawlucha
|-crit|p2a: Hawlucha
|-damage|p2a: Hawlucha|0 fnt
|faint|p2a: Hawlucha
|
|-weather|SunnyDay|[upkeep]
|-heal|p1a: Kingambit|75/100|[from] item: Leftovers
|upkeep
|
|t:|1769323502
|switch|p2a: Armarouge|Armarouge, M|100/100
|-damage|p2a: Armarouge|76/100|[from] Stealth Rock
|turn|12
|
|t:|1769323505
|move|p1a: Kingambit|Sucker Punch|p2a: Armarouge
|-activate|p2a: Armarouge|move: Psychic Terrain
|move|p2a: Armarouge|Expanding Force|p1a: Kingambit
|-damage|p1a: Kingambit|0 fnt
|faint|p1a: Kingambit
|-end|p1a: Kingambit|fallen1|[silent]
|
|-weather|SunnyDay|[upkeep]
|upkeep
|
|t:|1769323510
|switch|p1a: Great Tusk|Great Tusk, shiny|63/100 tox
|-activate|p1a: Great Tusk|ability: Protosynthesis
|-start|p1a: Great Tusk|protosynthesisatk
|turn|13
|
|t:|1769323516
|move|p2a: Armarouge|Endure|p2a: Armarouge
|-singleturn|p2a: Armarouge|move: Endure
|move|p1a: Great Tusk|Headlong Rush|p2a: Armarouge
|-supereffective|p2a: Armarouge
|-activate|p2a: Armarouge|move: Endure
|-damage|p2a: Armarouge|1/100
|-unboost|p1a: Great Tusk|def|1
|-unboost|p1a: Great Tusk|spd|1
|-ability|p2a: Armarouge|Weak Armor|boost
|-unboost|p2a: Armarouge|def|1
|-boost|p2a: Armarouge|spe|2
|-enditem|p2a: Armarouge|Weakness Policy
|-boost|p2a: Armarouge|atk|2|[from] item: Weakness Policy
|-boost|p2a: Armarouge|spa|2|[from] item: Weakness Policy
|
|-weather|SunnyDay|[upkeep]
|-damage|p1a: Great Tusk|57/100 tox|[from] psn
|upkeep
|turn|14
|
|t:|1769323525
|move|p2a: Armarouge|Expanding Force|p1a: Great Tusk
|-supereffective|p1a: Great Tusk
|-damage|p1a: Great Tusk|0 fnt
|faint|p1a: Great Tusk
|-end|p1a: Great Tusk|Protosynthesis|[silent]
|
|-weather|SunnyDay|[upkeep]
|upkeep
|
|t:|1769323528
|switch|p1a: Raging Bolt|Raging Bolt|100/100
|-activate|p1a: Raging Bolt|ability: Protosynthesis
|-start|p1a: Raging Bolt|protosynthesisspa
|turn|15
|
|t:|1769323530
|move|p1a: Raging Bolt|Thunderclap|p2a: Armarouge
|-activate|p2a: Armarouge|move: Psychic Terrain
|move|p2a: Armarouge|Expanding Force|p1a: Raging Bolt
|-damage|p1a: Raging Bolt|0 fnt
|faint|p1a: Raging Bolt
|-end|p1a: Raging Bolt|Protosynthesis|[silent]
|
|-weather|SunnyDay|[upkeep]
|upkeep
|
|t:|1769323536
|switch|p1a: Walking Wake|Walking Wake|100/100
|-activate|p1a: Walking Wake|ability: Protosynthesis
|-start|p1a: Walking Wake|protosynthesisspe
|turn|16
|
|t:|1769323551
|switch|p2a: Chansey|Chansey, F|100/100
|-damage|p2a: Chansey|88/100|[from] Stealth Rock
|move|p1a: Walking Wake|Hydro Steam|p2a: Chansey
|-damage|p2a: Chansey|68/100
|
|-weather|none
|-end|p1a: Walking Wake|Protosynthesis
|-fieldend|move: Psychic Terrain
|upkeep
|turn|17
|
|t:|1769323558
|-end|p1a: Walking Wake|Protosynthesis|[silent]
|switch|p1a: Slither Wing|Slither Wing|100/100
|move|p2a: Chansey|Thunder Wave|p1a: Slither Wing
|-status|p1a: Slither Wing|par
|
|upkeep
|turn|18
|
|t:|1769323563
|switch|p2a: Corviknight|Corviknight, F|57/100
|-damage|p2a: Corviknight|44/100|[from] Stealth Rock
|move|p1a: Slither Wing|Close Combat|p2a: Corviknight
|-damage|p2a: Corviknight|5/100
|-unboost|p1a: Slither Wing|def|1
|-unboost|p1a: Slither Wing|spd|1
|-damage|p1a: Slither Wing|84/100 par|[from] item: Rocky Helmet|[of] p2a: Corviknight
|
|upkeep
|turn|19
|
|t:|1769323571
|-end|p1a: Slither Wing|Protosynthesis|[silent]
|switch|p1a: Walking Wake|Walking Wake|100/100
|move|p2a: Corviknight|Roost|p2a: Corviknight
|-heal|p2a: Corviknight|55/100
|-singleturn|p2a: Corviknight|move: Roost
|
|upkeep
|turn|20
|
|t:|1769323578
|switch|p2a: Chansey|Chansey, F|68/100
|-damage|p2a: Chansey|56/100|[from] Stealth Rock
|move|p1a: Walking Wake|Flamethrower|p2a: Chansey
|-damage|p2a: Chansey|46/100
|
|upkeep
|turn|21
|
|t:|1769323585
|-end|p1a: Walking Wake|Protosynthesis|[silent]
|switch|p1a: Slither Wing|Slither Wing|84/100 par
|move|p2a: Chansey|Soft-Boiled|p2a: Chansey
|-heal|p2a: Chansey|96/100
|
|upkeep
|turn|22
|
|t:|1769323602
|switch|p2a: Indeedee|Indeedee, M|88/100
|-damage|p2a: Indeedee|76/100|[from] Stealth Rock
|-fieldstart|move: Psychic Terrain|[from] ability: Psychic Surge|[of] p2a: Indeedee
|move|p1a: Slither Wing|Flare Blitz|p2a: Indeedee
|-damage|p2a: Indeedee|0 fnt
|faint|p2a: Indeedee
|-damage|p1a: Slither Wing|63/100 par|[from] Recoil
|
|upkeep
|
|t:|1769323611
|switch|p2a: Corviknight|Corviknight, F|55/100
|-damage|p2a: Corviknight|43/100|[from] Stealth Rock
|turn|23
|
|t:|1769323615
|move|p2a: Corviknight|Roost|p2a: Corviknight
|-heal|p2a: Corviknight|93/100
|-singleturn|p2a: Corviknight|move: Roost
|move|p1a: Slither Wing|Flare Blitz|p2a: Corviknight
|-supereffective|p2a: Corviknight
|-damage|p2a: Corviknight|40/100
|-status|p2a: Corviknight|brn
|-damage|p1a: Slither Wing|47/100 par|[from] item: Rocky Helmet|[of] p2a: Corviknight
|-damage|p1a: Slither Wing|26/100 par|[from] Recoil
|
|-damage|p2a: Corviknight|34/100 brn|[from] brn
|upkeep
|turn|24
|
|t:|1769323623
|-end|p1a: Slither Wing|Protosynthesis|[silent]
|switch|p1a: Walking Wake|Walking Wake|100/100
|move|p2a: Corviknight|Body Press|p1a: Walking Wake
|-damage|p1a: Walking Wake|87/100
|
|-damage|p2a: Corviknight|28/100 brn|[from] brn
|upkeep
|turn|25
|
|t:|1769323634
|switch|p2a: Chansey|Chansey, F|96/100
|-damage|p2a: Chansey|84/100|[from] Stealth Rock
|move|p1a: Walking Wake|Flamethrower|p2a: Chansey
|-damage|p2a: Chansey|73/100
|
|upkeep
|turn|26
|
|t:|1769323637
|-end|p1a: Walking Wake|Protosynthesis|[silent]
|switch|p1a: Slither Wing|Slither Wing|26/100 par
|move|p2a: Chansey|Seismic Toss|p1a: Slither Wing
|-damage|p1a: Slither Wing|0 fnt
|faint|p1a: Slither Wing
|-end|p1a: Slither Wing|Protosynthesis|[silent]
|
|upkeep
|
|t:|1769323640
|switch|p1a: Walking Wake|Walking Wake|87/100
|turn|27
|
|t:|1769323644
|move|p1a: Walking Wake|Flamethrower|p2a: Chansey
|-damage|p2a: Chansey|61/100
|move|p2a: Chansey|Thunder Wave|p1a: Walking Wake
|-status|p1a: Walking Wake|par
|
|upkeep
|turn|28
|-message|jc1231 forfeited.
|
|win|Galarapio
|raw|jc1231's rating: 1232 &rarr; <strong>1209</strong><br />(-23 for losing)
|raw|Galarapio's rating: 1258 &rarr; <strong>1281</strong><br />(+23 for winning)
|l|☆jc1231
|player|p1|
|l|☆Galarapio
|player|p2|
