|j|☆suprya
|j|☆sampoke19
|t:|1769387173
|gametype|singles
|player|p1|suprya|wattson|1697
|player|p2|sampoke19|265|1577
|gen|9
|tier|[Gen 9] OU
|rated|
|rule|HP Percentage Mod: HP is shown in percentages
|rule|Endless Battle Clause: Forcing endless battles is banned
|rule|Species Clause: Limit one of each Pokémon
|rule|OHKO Clause: OHKO moves are banned
|rule|Evasion Items Clause: Evasion items are banned
|rule|Evasion Moves Clause: Evasion moves are banned
|rule|Evasion Abilities Clause: Evasion abilities are banned
|rule|Sleep Moves Clause: Sleep-inducing moves are banned
|clearpoke
|poke|p1|Jolteon, F|
|poke|p1|Dragapult, F|
|poke|p1|Heatran, M|
|poke|p1|Gliscor, F|
|poke|p1|Alomomola, F|
|poke|p1|Zarude|
|poke|p2|Blastoise, M|
|poke|p2|Ceruledge, F|
|poke|p2|Kingambit, F|
|poke|p2|Volcanion|
|poke|p2|Great Tusk|
|poke|p2|Haxorus, M|
|teampreview
|inactive|Battle timer is ON: inactive players will automatically lose when time's up. (requested by suprya)
|inactive|suprya has 120 seconds left.
|
|t:|1769387205
|teamsize|p1|6
|teamsize|p2|6
|start
|switch|p1a: Gliscor|Gliscor, F|100/100
|switch|p2a: Great Tusk|Great Tusk|100/100
|-enditem|p2a: Great Tusk|Booster Energy
|-activate|p2a: Great Tusk|ability: Protosynthesis|[fromitem]
|-start|p2a: Great Tusk|protosynthesisspe
|turn|1
|
|t:|1769387213
|move|p1a: Gliscor|Protect|p1a: Gliscor
|-singleturn|p1a: Gliscor|Protect
|move|p2a: Great Tusk|Stealth Rock|p1a: Gliscor
|-sidestart|p1: suprya|move: Stealth Rock
|
|-status|p1a: Gliscor|tox|[from] item: Toxic Orb
|upkeep
|turn|2
|
|t:|1769387221
|-end|p2a: Great Tusk|Protosynthesis|[silent]
|switch|p2a: Volcanion|Volcanion|100/100
|move|p1a: Gliscor|Toxic|p2a: Volcanion|[miss]
|-miss|p1a: Gliscor|p2a: Volcanion
|
|upkeep
|turn|3
|
|t:|1769387237
|switch|p2a: Blastoise|Blastoise, M, shiny|100/100
|switch|p1a: Dragapult|Dragapult, F|100/100
|
|upkeep
|turn|4
|
|t:|1769387243
|move|p1a: Dragapult|Thunder Wave|p2a: Blastoise
|-status|p2a: Blastoise|par
|cant|p2a: Blastoise|par
|
|upkeep
|turn|5
|
|t:|1769387253
|switch|p1a: Zarude|Zarude|100/100
|move|p2a: Blastoise|Ice Beam|p1a: Zarude
|-supereffective|p1a: Zarude
|-damage|p1a: Zarude|52/100
|
|upkeep
|turn|6
|
|t:|1769387268
|switch|p2a: Great Tusk|Great Tusk|100/100
|move|p1a: Zarude|Knock Off|p2a: Great Tusk
|-resisted|p2a: Great Tusk
|-damage|p2a: Great Tusk|92/100
|
|upkeep
|turn|7
|inactive|suprya has 120 seconds left.
|inactive|suprya has 90 seconds left.
|
|t:|1769387344
|switch|p1a: Alomomola|Alomomola, F|100/100
|move|p2a: Great Tusk|Close Combat|p1a: Alomomola
|-damage|p1a: Alomomola|66/100
|-unboost|p2a: Great Tusk|def|1
|-unboost|p2a: Great Tusk|spd|1
|
|upkeep
|turn|8
|
|t:|1769387357
|move|p2a: Great Tusk|Close Combat|p1a: Alomomola
|-damage|p1a: Alomomola|31/100
|-unboost|p2a: Great Tusk|def|1
|-unboost|p2a: Great Tusk|spd|1
|move|p1a: Alomomola|Wish|p1a: Alomomola
|
|upkeep
|turn|9
|
|t:|1769387371
|-end|p2a: Great Tusk|Protosynthesis|[silent]
|switch|p2a: Ceruledge|Ceruledge, F|100/100
|switch|p1a: Dragapult|Dragapult, F|100/100
|
|upkeep
|turn|10
|
|t:|1769387395
|switch|p1a: Zarude|Zarude|52/100
|switch|p2a: Blastoise|Blastoise, M, shiny|100/100 par
|
|upkeep
|turn|11
|
|t:|1769387401
|move|p1a: Zarude|Power Whip|p2a: Blastoise
|-supereffective|p2a: Blastoise
|-damage|p2a: Blastoise|0 fnt
|faint|p2a: Blastoise
|
|upkeep
|
|t:|1769387408
|switch|p2a: Ceruledge|Ceruledge, F|100/100
|turn|12
|inactive|suprya has 90 seconds left.
|inactive|suprya has 60 seconds left.
|
|t:|1769387472
|-terastallize|p2a: Ceruledge|Normal
|move|p1a: Zarude|Knock Off|p2a: Ceruledge
|-damage|p2a: Ceruledge|50/100
|-ability|p2a: Ceruledge|Weak Armor|boost
|-unboost|p2a: Ceruledge|def|1
|-boost|p2a: Ceruledge|spe|2
|-enditem|p2a: Ceruledge|Focus Sash|[from] move: Knock Off|[of] p1a: Zarude
|move|p2a: Ceruledge|Swords Dance|p2a: Ceruledge
|-boost|p2a: Ceruledge|atk|2
|
|upkeep
|turn|13
|inactive|suprya has 30 seconds left.
|
|t:|1769387500
|move|p2a: Ceruledge|Bitter Blade|p1a: Zarude
|-supereffective|p1a: Zarude
|-damage|p1a: Zarude|0 fnt
|-heal|p2a: Ceruledge|87/100|[from] drain|[of] p1a: Zarude
|faint|p1a: Zarude
|
|upkeep
|inactive|suprya has 30 seconds left this turn.
|inactive|suprya has 20 seconds left.
|
|t:|1769387511
|switch|p1a: Gliscor|Gliscor, F|100/100 tox
|-damage|p1a: Gliscor|88/100 tox|[from] Stealth Rock
|turn|14
|inactive|suprya has 30 seconds left this turn.
|
|t:|1769387519
|move|p2a: Ceruledge|Bitter Blade|p1a: Gliscor
|-damage|p1a: Gliscor|16/100 tox
|-heal|p2a: Ceruledge|100/100|[from] drain|[of] p1a: Gliscor
|move|p1a: Gliscor|Earthquake|p2a: Ceruledge
|-damage|p2a: Ceruledge|36/100
|-ability|p2a: Ceruledge|Weak Armor|boost
|-unboost|p2a: Ceruledge|def|1
|-boost|p2a: Ceruledge|spe|2
|
|-heal|p1a: Gliscor|28/100 tox|[from] ability: Poison Heal
|upkeep
|turn|15
|inactive|suprya has 30 seconds left.
|
|t:|1769387534
|move|p1a: Gliscor|Protect|p1a: Gliscor
|-singleturn|p1a: Gliscor|Protect
|move|p2a: Ceruledge|Shadow Sneak|p1a: Gliscor
|-activate|p1a: Gliscor|move: Protect
|
|-heal|p1a: Gliscor|41/100 tox|[from] ability: Poison Heal
|upkeep
|turn|16
|inactive|suprya has 30 seconds left.
|inactive|suprya has 20 seconds left.
|
|t:|1769387552
|move|p2a: Ceruledge|Bitter Blade|p1a: Gliscor
|-damage|p1a: Gliscor|0 fnt
|-heal|p2a: Ceruledge|60/100|[from] drain|[of] p1a: Gliscor
|faint|p1a: Gliscor
|
|upkeep
|inactive|suprya has 25 seconds left this turn.
|
|t:|1769387554
|switch|p1a: Heatran|Heatran, M|100/100
|turn|17
|
|t:|1769387566
|move|p2a: Ceruledge|Poltergeist|p1a: Heatran
|-activate|p1a: Heatran|move: Poltergeist|Heavy-Duty Boots
|-damage|p1a: Heatran|30/100
|move|p1a: Heatran|Magma Storm|p2a: Ceruledge|[miss]
|-miss|p1a: Heatran|p2a: Ceruledge
|
|upkeep
|turn|18
|-message|suprya forfeited.
|
|win|sampoke19
|raw|suprya's rating: 1697 &rarr; <strong>1670</strong><br />(-27 for losing)
|raw|sampoke19's rating: 1577 &rarr; <strong>1604</strong><br />(+27 for winning)
|l|☆suprya
|player|p1|
|l|☆sampoke19
|player|p2|
