|j|☆CL IRL
|j|☆Mamiya_Yumehisa
|t:|1769422435
|gametype|singles
|player|p1|CL IRL|richboy-gen4|1538
|player|p2|Mamiya_Yumehisa|leaf-masters|1605
|gen|9
|tier|[Gen 9] OU
|rated|
|rule|HP Percentage Mod: HP is shown in percentages
|rule|Endless Battle Clause: Forcing endless battles is banned
|rule|Species Clause: Limit one of each Pokémon
|rule|OHKO Clause: OHKO moves are banned
|rule|Evasion Items Clause: Evasion items are banned
|rule|Evasion Moves Clause: Evasion moves are banned
|rule|Evasion Abilities Clause: Evasion abilities are banned
|rule|Sleep Moves Clause: Sleep-inducing moves are banned
|clearpoke
|poke|p1|Corviknight, M|
|poke|p1|Alomomola, M|
|poke|p1|Slowking-Galar, F|
|poke|p1|Dragonite, F|
|poke|p1|Iron Valiant|
|poke|p1|Gliscor, F|
|poke|p2|Samurott-Hisui, F|
|poke|p2|Sinistcha|
|poke|p2|Ting-Lu|
|poke|p2|Slowking-Galar, M|
|poke|p2|Dragonite, F|
|poke|p2|Iron Valiant|
|teampreview
|inactive|Battle timer is ON: inactive players will automatically lose when time's up. (requested by CL IRL)
|inactive|CL IRL has 120 seconds left.
|
|t:|1769422473
|teamsize|p1|6
|teamsize|p2|6
|start
|switch|p1a: Iron Valiant|Iron Valiant|100/100
|switch|p2a: Samurott|Samurott-Hisui, F|100/100
|turn|1
|
|t:|1769422478
|move|p1a: Iron Valiant|Moonblast|p2a: Samurott
|-supereffective|p2a: Samurott
|-enditem|p2a: Samurott|Focus Sash
|-damage|p2a: Samurott|1/100
|move|p2a: Samurott|Razor Shell|p1a: Iron Valiant
|-damage|p1a: Iron Valiant|33/100
|-unboost|p1a: Iron Valiant|def|1
|
|upkeep
|turn|2
|
|t:|1769422487
|-end|p1a: Iron Valiant|Quark Drive|[silent]
|switch|p1a: Alomomola|Alomomola, M|100/100
|move|p2a: Samurott|Aqua Jet|p1a: Alomomola
|-resisted|p1a: Alomomola
|-damage|p1a: Alomomola|95/100
|-damage|p2a: Samurott|0 fnt|[from] item: Rocky Helmet|[of] p1a: Alomomola
|faint|p2a: Samurott
|
|upkeep
|
|t:|1769422491
|switch|p2a: Slowking|Slowking-Galar, M|100/100
|turn|3
|
|t:|1769422494
|move|p1a: Alomomola|Flip Turn|p2a: Slowking
|-damage|p2a: Slowking|84/100
|
|t:|1769422496
|switch|p1a: Slowking|Slowking-Galar, F|100/100|[from] Flip Turn
|move|p2a: Slowking|Future Sight|p1a: Slowking
|-start|p2a: Slowking|move: Future Sight
|
|upkeep
|turn|4
|
|t:|1769422504
|move|p2a: Slowking|Thunder Wave|p1a: Slowking
|-status|p1a: Slowking|par
|-prepare|p1a: Slowking|Chilly Reception|[premajor]
|move|p1a: Slowking|Chilly Reception|p1a: Slowking
|-weather|Snowscape
|j| deadbyflinch
|
|t:|1769422513
|switch|p1a: Gliscor|Gliscor, F|100/100|[from] Chilly Reception
|
|-weather|Snowscape|[upkeep]
|-status|p1a: Gliscor|tox|[from] item: Toxic Orb
|upkeep
|turn|5
|inactive|Mamiya_Yumehisa has 120 seconds left.
|
|t:|1769422558
|switch|p1a: Corviknight|Corviknight, M|100/100
|-ability|p1a: Corviknight|Pressure
|switch|p2a: Sinistcha|Sinistcha|100/100
|
|-weather|Snowscape|[upkeep]
|-end|p1a: Corviknight|move: Future Sight
|-resisted|p1a: Corviknight
|-damage|p1a: Corviknight|86/100
|-heal|p1a: Corviknight|92/100|[from] item: Leftovers
|upkeep
|turn|6
|
|t:|1769422567
|move|p2a: Sinistcha|Matcha Gotcha|p1a: Corviknight
|-resisted|p1a: Corviknight
|-crit|p1a: Corviknight
|-damage|p1a: Corviknight|84/100
|move|p1a: Corviknight|U-turn|p2a: Sinistcha
|-damage|p2a: Sinistcha|90/100
|
|t:|1769422570
|switch|p1a: Gliscor|Gliscor, F|100/100 tox|[from] U-turn
|
|-weather|Snowscape|[upkeep]
|upkeep
|turn|7
|inactive|Mamiya_Yumehisa has 120 seconds left.
|
|t:|1769422576
|-terastallize|p2a: Sinistcha|Poison
|move|p1a: Gliscor|Knock Off|p2a: Sinistcha
|-damage|p2a: Sinistcha|77/100
|-enditem|p2a: Sinistcha|Heavy-Duty Boots|[from] move: Knock Off|[of] p1a: Gliscor
|move|p2a: Sinistcha|Calm Mind|p2a: Sinistcha
|-boost|p2a: Sinistcha|spa|1
|-boost|p2a: Sinistcha|spd|1
|
|-weather|Snowscape|[upkeep]
|upkeep
|turn|8
|inactive|Mamiya_Yumehisa has 120 seconds left.
|
|t:|1769422589
|switch|p1a: Slowking|Slowking-Galar, F|100/100 par
|move|p2a: Sinistcha|Shadow Ball|p1a: Slowking
|-supereffective|p1a: Slowking
|-damage|p1a: Slowking|41/100 par
|
|-weather|none
|upkeep
|turn|9
|
|t:|1769422591
|move|p2a: Sinistcha|Shadow Ball|p1a: Slowking
|-supereffective|p1a: Slowking
|-damage|p1a: Slowking|0 fnt
|faint|p1a: Slowking
|
|upkeep
|
|t:|1769422597
|switch|p1a: Dragonite|Dragonite, F|100/100
|turn|10
|
|t:|1769422603
|switch|p2a: Dragonite|Dragonite, F|100/100
|move|p1a: Dragonite|Earthquake|p2a: Dragonite
|-immune|p2a: Dragonite
|
|upkeep
|turn|11
|
|t:|1769422615
|switch|p1a: Alomomola|Alomomola, M|100/100
|move|p2a: Dragonite|Dragon Tail|p1a: Alomomola
|-damage|p1a: Alomomola|83/100
|-damage|p2a: Dragonite|84/100|[from] item: Rocky Helmet|[of] p1a: Alomomola
|drag|p1a: Iron Valiant|Iron Valiant|33/100
|
|upkeep
|turn|12
|
|t:|1769422620
|-end|p1a: Iron Valiant|Quark Drive|[silent]
|switch|p1a: Alomomola|Alomomola, M|100/100
|move|p2a: Dragonite|Extreme Speed|p1a: Alomomola
|-damage|p1a: Alomomola|85/100
|-damage|p2a: Dragonite|67/100|[from] item: Rocky Helmet|[of] p1a: Alomomola
|
|upkeep
|turn|13
|
|t:|1769422623
|move|p2a: Dragonite|Roost|p2a: Dragonite
|-heal|p2a: Dragonite|100/100
|-singleturn|p2a: Dragonite|move: Roost
|move|p1a: Alomomola|Flip Turn|p2a: Dragonite
|-resisted|p2a: Dragonite
|-damage|p2a: Dragonite|97/100
|
|t:|1769422626
|switch|p1a: Iron Valiant|Iron Valiant|33/100|[from] Flip Turn
|
|upkeep
|turn|14
|
|t:|1769422632
|-end|p1a: Iron Valiant|Quark Drive|[silent]
|switch|p1a: Alomomola|Alomomola, M|100/100
|move|p2a: Dragonite|Extreme Speed|p1a: Alomomola
|-damage|p1a: Alomomola|85/100
|-damage|p2a: Dragonite|81/100|[from] item: Rocky Helmet|[of] p1a: Alomomola
|
|upkeep
|turn|15
|
|t:|1769422639
|switch|p2a: Slowking|Slowking-Galar, M|100/100
|move|p1a: Alomomola|Wish|p1a: Alomomola
|
|upkeep
|turn|16
|
|t:|1769422651
|move|p1a: Alomomola|Flip Turn|p2a: Slowking
|-damage|p2a: Slowking|85/100
|
|t:|1769422654
|switch|p1a: Gliscor|Gliscor, F|100/100 tox|[from] Flip Turn
|move|p2a: Slowking|Sludge Bomb|p1a: Gliscor
|-resisted|p1a: Gliscor
|-damage|p1a: Gliscor|81/100 tox
|
|-heal|p1a: Gliscor|100/100 tox|[from] move: Wish|[wisher] Alomomola
|upkeep
|turn|17
|
|t:|1769422660
|switch|p2a: Sinistcha|Sinistcha, tera:Poison|77/100
|move|p1a: Gliscor|Stealth Rock|p2a: Sinistcha
|-sidestart|p2: Mamiya_Yumehisa|move: Stealth Rock
|
|upkeep
|turn|18
|
|t:|1769422677
|switch|p1a: Corviknight|Corviknight, M|84/100
|-ability|p1a: Corviknight|Pressure
|move|p2a: Sinistcha|Matcha Gotcha|p1a: Corviknight
|-resisted|p1a: Corviknight
|-damage|p1a: Corviknight|78/100
|-heal|p2a: Sinistcha|80/100|[from] drain|[of] p1a: Corviknight
|
|-heal|p1a: Corviknight|85/100|[from] item: Leftovers
|upkeep
|turn|19
|
|t:|1769422702
|move|p2a: Sinistcha|Matcha Gotcha|p1a: Corviknight
|-resisted|p1a: Corviknight
|-damage|p1a: Corviknight|80/100
|-heal|p2a: Sinistcha|83/100|[from] drain|[of] p1a: Corviknight
|-status|p1a: Corviknight|brn
|move|p1a: Corviknight|U-turn|p2a: Sinistcha
|-resisted|p2a: Sinistcha
|-damage|p2a: Sinistcha|80/100
|
|t:|1769422706
|switch|p1a: Dragonite|Dragonite, F|100/100|[from] U-turn
|
|upkeep
|turn|20
|
|t:|1769422713
|move|p1a: Dragonite|Earthquake|p2a: Sinistcha
|-supereffective|p2a: Sinistcha
|-damage|p2a: Sinistcha|30/100
|move|p2a: Sinistcha|Strength Sap|p1a: Dragonite
|-unboost|p1a: Dragonite|atk|1
|-heal|p2a: Sinistcha|100/100
|
|upkeep
|turn|21
|
|t:|1769422729
|switch|p1a: Alomomola|Alomomola, M|100/100
|move|p2a: Sinistcha|Matcha Gotcha|p1a: Alomomola
|-supereffective|p1a: Alomomola
|-damage|p1a: Alomomola|18/100
|
|upkeep
|turn|22
|
|t:|1769422737
|switch|p1a: Corviknight|Corviknight, M|80/100 brn
|-ability|p1a: Corviknight|Pressure
|move|p2a: Sinistcha|Shadow Ball|p1a: Corviknight
|-damage|p1a: Corviknight|58/100 brn
|
|-heal|p1a: Corviknight|65/100 brn|[from] item: Leftovers
|-damage|p1a: Corviknight|58/100 brn|[from] brn
|upkeep
|turn|23
|
|t:|1769422740
|move|p2a: Sinistcha|Calm Mind|p2a: Sinistcha
|-boost|p2a: Sinistcha|spa|1
|-boost|p2a: Sinistcha|spd|1
|move|p1a: Corviknight|U-turn|p2a: Sinistcha
|-resisted|p2a: Sinistcha
|-damage|p2a: Sinistcha|98/100
|
|t:|1769422742
|switch|p1a: Iron Valiant|Iron Valiant|33/100|[from] U-turn
|
|upkeep
|turn|24
|
|t:|1769422750
|switch|p2a: Slowking|Slowking-Galar, M|100/100
|move|p1a: Iron Valiant|Trick|p2a: Slowking
|-activate|p1a: Iron Valiant|move: Trick|[of] p2a: Slowking
|-item|p2a: Slowking|Choice Specs|[from] move: Trick
|-item|p1a: Iron Valiant|Heavy-Duty Boots|[from] move: Trick
|
|upkeep
|turn|25
|
|t:|1769422765
|-end|p1a: Iron Valiant|Quark Drive|[silent]
|switch|p1a: Alomomola|Alomomola, M|51/100
|move|p2a: Slowking|Future Sight|p1a: Alomomola
|-start|p2a: Slowking|move: Future Sight
|
|upkeep
|turn|26
|l| deadbyflinch
|
|t:|1769422788
|switch|p2a: Dragonite|Dragonite, F|81/100
|move|p1a: Alomomola|Flip Turn|p2a: Dragonite
|-resisted|p2a: Dragonite
|-damage|p2a: Dragonite|74/100
|
|t:|1769422796
|switch|p1a: Corviknight|Corviknight, M|58/100 brn|[from] Flip Turn
|-ability|p1a: Corviknight|Pressure
|
|-heal|p1a: Corviknight|65/100 brn|[from] item: Leftovers
|-damage|p1a: Corviknight|58/100 brn|[from] brn
|upkeep
|turn|27
|j| js_redstar
|
|t:|1769422813
|move|p1a: Corviknight|Roost|p1a: Corviknight
|-heal|p1a: Corviknight|100/100 brn
|-singleturn|p1a: Corviknight|move: Roost
|move|p2a: Dragonite|Dragon Tail|p1a: Corviknight
|-resisted|p1a: Corviknight
|-damage|p1a: Corviknight|86/100 brn
|drag|p1a: Alomomola|Alomomola, M|85/100
|
|-end|p1a: Alomomola|move: Future Sight
|-damage|p1a: Alomomola|33/100
|upkeep
|turn|28
|inactive|Mamiya_Yumehisa has 120 seconds left.
|
|t:|1769422833
|switch|p2a: Slowking|Slowking-Galar, M|100/100
|-damage|p2a: Slowking|88/100|[from] Stealth Rock
|switch|p1a: Gliscor|Gliscor, F|100/100 tox
|
|upkeep
|turn|29
|
|t:|1769422843
|switch|p2a: Sinistcha|Sinistcha, tera:Poison|98/100
|-damage|p2a: Sinistcha|86/100|[from] Stealth Rock
|move|p1a: Gliscor|Knock Off|p2a: Sinistcha
|-damage|p2a: Sinistcha|76/100
|
|upkeep
|turn|30
|
|t:|1769422858
|switch|p1a: Corviknight|Corviknight, M|86/100 brn
|-ability|p1a: Corviknight|Pressure
|move|p2a: Sinistcha|Strength Sap|p1a: Corviknight
|-unboost|p1a: Corviknight|atk|1
|-heal|p2a: Sinistcha|100/100
|
|-heal|p1a: Corviknight|92/100 brn|[from] item: Leftovers
|-damage|p1a: Corviknight|86/100 brn|[from] brn
|upkeep
|turn|31
|
|t:|1769422863
|move|p2a: Sinistcha|Calm Mind|p2a: Sinistcha
|-boost|p2a: Sinistcha|spa|1
|-boost|p2a: Sinistcha|spd|1
|move|p1a: Corviknight|U-turn|p2a: Sinistcha
|-resisted|p2a: Sinistcha
|-damage|p2a: Sinistcha|99/100
|
|t:|1769422867
|switch|p1a: Iron Valiant|Iron Valiant|33/100|[from] U-turn
|
|upkeep
|turn|32
|
|t:|1769422877
|move|p1a: Iron Valiant|Shadow Ball|p2a: Sinistcha
|-damage|p2a: Sinistcha|78/100
|move|p2a: Sinistcha|Shadow Ball|p1a: Iron Valiant
|-damage|p1a: Iron Valiant|0 fnt
|faint|p1a: Iron Valiant
|-end|p1a: Iron Valiant|Quark Drive|[silent]
|
|upkeep
|-message|CL IRL forfeited.
|
|win|Mamiya_Yumehisa
|raw|CL IRL's rating: 1538 &rarr; <strong>1522</strong><br />(-16 for losing)
|raw|Mamiya_Yumehisa's rating: 1605 &rarr; <strong>1621</strong><br />(+16 for winning)
|l|☆CL IRL
|player|p1|
|l|☆Mamiya_Yumehisa
|player|p2|
