|j|☆Green Arcanines
|j|☆lollipopshop23
|t:|1769293417
|gametype|singles
|player|p1|Green Arcanines|1|1124
|player|p2|lollipopshop23|1|1053
|gen|9
|tier|[Gen 9] OU
|rated|
|rule|HP Percentage Mod: HP is shown in percentages
|rule|Endless Battle Clause: Forcing endless battles is banned
|rule|Species Clause: Limit one of each Pokémon
|rule|OHKO Clause: OHKO moves are banned
|rule|Evasion Items Clause: Evasion items are banned
|rule|Evasion Moves Clause: Evasion moves are banned
|rule|Evasion Abilities Clause: Evasion abilities are banned
|rule|Sleep Moves Clause: Sleep-inducing moves are banned
|clearpoke
|poke|p1|Skarmory, M|
|poke|p1|Krookodile, M|
|poke|p1|Tentacruel, M|
|poke|p1|Rotom|
|poke|p1|Chesnaught, F|
|poke|p1|Greninja-*, M|
|poke|p2|Meganium, M|
|poke|p2|Empoleon, F|
|poke|p2|Deoxys-Defense|
|poke|p2|Flygon, F|
|poke|p2|Snorlax, F|
|poke|p2|Gengar, F|
|teampreview
|inactive|Battle timer is ON: inactive players will automatically lose when time's up. (requested by lollipopshop23)
|
|t:|1769293424
|teamsize|p1|6
|teamsize|p2|6
|start
|switch|p1a: Rotom|Rotom, shiny|100/100
|switch|p2a: Empoleon|Empoleon, F|100/100
|turn|1
|
|t:|1769293429
|switch|p2a: Flygon|Flygon, F|100/100
|move|p1a: Rotom|Trick|p2a: Flygon
|-activate|p1a: Rotom|move: Trick|[of] p2a: Flygon
|-item|p2a: Flygon|Choice Scarf|[from] move: Trick
|-item|p1a: Rotom|Leftovers|[from] move: Trick
|
|upkeep
|turn|2
|
|t:|1769293440
|move|p2a: Flygon|Fire Punch|p1a: Rotom
|-damage|p1a: Rotom|65/100
|move|p1a: Rotom|Will-O-Wisp|p2a: Flygon
|-status|p2a: Flygon|brn
|
|-heal|p1a: Rotom|71/100|[from] item: Leftovers
|-damage|p2a: Flygon|94/100 brn|[from] brn
|upkeep
|turn|3
|
|t:|1769293452
|switch|p2a: Empoleon|Empoleon, F|100/100
|move|p1a: Rotom|Hex|p2a: Empoleon
|-damage|p2a: Empoleon|78/100
|
|-heal|p1a: Rotom|77/100|[from] item: Leftovers
|-heal|p2a: Empoleon|84/100|[from] item: Leftovers
|upkeep
|turn|4
|
|t:|1769293460
|move|p1a: Rotom|Volt Switch|p2a: Empoleon
|-supereffective|p2a: Empoleon
|-crit|p2a: Empoleon
|-damage|p2a: Empoleon|2/100
|
|t:|1769293464
|switch|p1a: Skarmory|Skarmory, M, shiny|100/100|[from] Volt Switch
|move|p2a: Empoleon|Ice Beam|p1a: Skarmory
|-damage|p1a: Skarmory|68/100
|
|-heal|p2a: Empoleon|8/100|[from] item: Leftovers
|upkeep
|turn|5
|
|t:|1769293474
|move|p1a: Skarmory|Spikes|p2a: Empoleon
|-sidestart|p2: lollipopshop23|Spikes
|move|p2a: Empoleon|Ice Beam|p1a: Skarmory
|-damage|p1a: Skarmory|32/100
|
|-heal|p2a: Empoleon|14/100|[from] item: Leftovers
|upkeep
|turn|6
|
|t:|1769293481
|move|p1a: Skarmory|Spikes|p2a: Empoleon
|-sidestart|p2: lollipopshop23|Spikes
|move|p2a: Empoleon|Ice Beam|p1a: Skarmory
|-damage|p1a: Skarmory|0 fnt
|faint|p1a: Skarmory
|
|-heal|p2a: Empoleon|20/100|[from] item: Leftovers
|upkeep
|
|t:|1769293489
|switch|p1a: Krookodile|Krookodile, M, shiny|100/100
|turn|7
|
|t:|1769293492
|move|p1a: Krookodile|Knock Off|p2a: Empoleon
|-damage|p2a: Empoleon|0 fnt
|-enditem|p2a: Empoleon|Leftovers|[from] move: Knock Off|[of] p1a: Krookodile
|faint|p2a: Empoleon
|-ability|p1a: Krookodile|Moxie|boost
|-boost|p1a: Krookodile|atk|1
|
|upkeep
|
|t:|1769293506
|switch|p2a: Flygon|Flygon, F|94/100 brn
|turn|8
|
|t:|1769293509
|move|p2a: Flygon|Earthquake|p1a: Krookodile
|-damage|p1a: Krookodile|77/100
|move|p1a: Krookodile|Knock Off|p2a: Flygon
|-damage|p2a: Flygon|9/100 brn
|-enditem|p2a: Flygon|Choice Scarf|[from] move: Knock Off|[of] p1a: Krookodile
|
|-damage|p2a: Flygon|3/100 brn|[from] brn
|upkeep
|turn|9
|
|t:|1769293517
|move|p1a: Krookodile|Knock Off|p2a: Flygon
|-damage|p2a: Flygon|0 fnt
|faint|p2a: Flygon
|-ability|p1a: Krookodile|Moxie|boost
|-boost|p1a: Krookodile|atk|1
|
|upkeep
|
|t:|1769293521
|switch|p2a: Meganium|Meganium, M|100/100
|-damage|p2a: Meganium|84/100|[from] Spikes
|turn|10
|
|t:|1769293526
|-terastallize|p1a: Krookodile|Fire
|move|p1a: Krookodile|Tera Blast|p2a: Meganium|[anim] Tera Blast Fire
|-supereffective|p2a: Meganium
|-damage|p2a: Meganium|0 fnt
|faint|p2a: Meganium
|-ability|p1a: Krookodile|Moxie|boost
|-boost|p1a: Krookodile|atk|1
|
|upkeep
|
|t:|1769293532
|switch|p2a: Gengar|Gengar, F|100/100
|-damage|p2a: Gengar|84/100|[from] Spikes
|turn|11
|
|t:|1769293536
|move|p2a: Gengar|Sludge Wave|p1a: Krookodile
|-damage|p1a: Krookodile|13/100
|move|p1a: Krookodile|Earthquake|p2a: Gengar
|-supereffective|p2a: Gengar
|-damage|p2a: Gengar|0 fnt
|-start|p1a: Krookodile|Disable|Earthquake|[from] ability: Cursed Body|[of] p2a: Gengar
|faint|p2a: Gengar
|-ability|p1a: Krookodile|Moxie|boost
|-boost|p1a: Krookodile|atk|1
|
|upkeep
|
|t:|1769293541
|switch|p2a: Snorlax|Snorlax, F|100/100
|-damage|p2a: Snorlax|84/100|[from] Spikes
|turn|12
|
|t:|1769293547
|move|p1a: Krookodile|Close Combat|p2a: Snorlax
|-supereffective|p2a: Snorlax
|-damage|p2a: Snorlax|0 fnt
|-unboost|p1a: Krookodile|def|1
|-unboost|p1a: Krookodile|spd|1
|faint|p2a: Snorlax
|-ability|p1a: Krookodile|Moxie|boost
|-boost|p1a: Krookodile|atk|1
|
|upkeep
|
|t:|1769293550
|switch|p2a: Deoxys|Deoxys-Defense|100/100
|-damage|p2a: Deoxys|84/100|[from] Spikes
|-ability|p2a: Deoxys|Pressure
|turn|13
|
|t:|1769293559
|move|p1a: Krookodile|Knock Off|p2a: Deoxys
|-supereffective|p2a: Deoxys
|-damage|p2a: Deoxys|0 fnt
|-enditem|p2a: Deoxys|Leftovers|[from] move: Knock Off|[of] p1a: Krookodile
|faint|p2a: Deoxys
|
|win|Green Arcanines
|raw|Green Arcanines's rating: 1124 &rarr; <strong>1144</strong><br />(+20 for winning)
|raw|lollipopshop23's rating: 1053 &rarr; <strong>1039</strong><br />(-14 for losing)
|l|☆lollipopshop23
|player|p2|
|l|☆Green Arcanines
|player|p1|
