|j|☆gokubatman2
|j|☆SquilliamTG
|t:|1769412391
|gametype|singles
|player|p1|gokubatman2|bruno|1485
|player|p2|SquilliamTG|silver|1526
|gen|9
|tier|[Gen 9] OU
|rated|
|rule|HP Percentage Mod: HP is shown in percentages
|rule|Endless Battle Clause: Forcing endless battles is banned
|rule|Species Clause: Limit one of each Pokémon
|rule|OHKO Clause: OHKO moves are banned
|rule|Evasion Items Clause: Evasion items are banned
|rule|Evasion Moves Clause: Evasion moves are banned
|rule|Evasion Abilities Clause: Evasion abilities are banned
|rule|Sleep Moves Clause: Sleep-inducing moves are banned
|clearpoke
|poke|p1|Gholdengo|
|poke|p1|Great Tusk|
|poke|p1|Clefable, M|
|poke|p1|Ogerpon-Wellspring, F|
|poke|p1|Dragonite, M|
|poke|p1|Glimmora, M|
|poke|p2|Great Tusk|
|poke|p2|Magnezone|
|poke|p2|Slowking-Galar, M|
|poke|p2|Dragonite, F|
|poke|p2|Alomomola, F|
|poke|p2|Zamazenta-*|
|teampreview
|inactive|Battle timer is ON: inactive players will automatically lose when time's up. (requested by SquilliamTG)
|inactive|gokubatman2 also wants the timer to be on.
|
|t:|1769412404
|teamsize|p1|6
|teamsize|p2|6
|start
|switch|p1a: Glimmora|Glimmora, M|100/100
|switch|p2a: Great Tusk|Great Tusk|100/100
|turn|1
|
|t:|1769412411
|move|p2a: Great Tusk|Headlong Rush|p1a: Glimmora
|-supereffective|p1a: Glimmora
|-enditem|p1a: Glimmora|Focus Sash
|-damage|p1a: Glimmora|1/100
|-unboost|p2a: Great Tusk|def|1
|-unboost|p2a: Great Tusk|spd|1
|-activate|p1a: Glimmora|ability: Toxic Debris
|-sidestart|p2: SquilliamTG|move: Toxic Spikes
|move|p1a: Glimmora|Mortal Spin|p2a: Great Tusk
|-resisted|p2a: Great Tusk
|-damage|p2a: Great Tusk|97/100
|-status|p2a: Great Tusk|psn
|
|-damage|p2a: Great Tusk|85/100 psn|[from] psn
|upkeep
|turn|2
|j| aegia4
|
|t:|1769412425
|switch|p1a: Gholdengo|Gholdengo|100/100
|-item|p1a: Gholdengo|Air Balloon
|move|p2a: Great Tusk|Ice Spinner|p1a: Gholdengo
|-resisted|p1a: Gholdengo
|-damage|p1a: Gholdengo|83/100
|-enditem|p1a: Gholdengo|Air Balloon
|
|-damage|p2a: Great Tusk|72/100 psn|[from] psn
|upkeep
|turn|3
|
|t:|1769412437
|switch|p1a: Clefable|Clefable, M|100/100
|move|p2a: Great Tusk|Headlong Rush|p1a: Clefable
|-damage|p1a: Clefable|54/100
|-unboost|p2a: Great Tusk|def|1
|-unboost|p2a: Great Tusk|spd|1
|
|-damage|p2a: Great Tusk|60/100 psn|[from] psn
|upkeep
|turn|4
|
|t:|1769412446
|move|p2a: Great Tusk|Stealth Rock|p1a: Clefable
|-sidestart|p1: gokubatman2|move: Stealth Rock
|move|p1a: Clefable|Moonlight|p1a: Clefable
|-heal|p1a: Clefable|100/100
|
|-damage|p2a: Great Tusk|48/100 psn|[from] psn
|upkeep
|turn|5
|
|t:|1769412453
|-end|p2a: Great Tusk|Protosynthesis|[silent]
|switch|p2a: Slowking|Slowking-Galar, M|100/100
|-sideend|p2: SquilliamTG|move: Toxic Spikes|[of] p2a: Slowking
|move|p1a: Clefable|Stealth Rock|p2a: Slowking
|-sidestart|p2: SquilliamTG|move: Stealth Rock
|
|upkeep
|turn|6
|
|t:|1769412459
|move|p1a: Clefable|Knock Off|p2a: Slowking
|-supereffective|p2a: Slowking
|-damage|p2a: Slowking|68/100
|-enditem|p2a: Slowking|Heavy-Duty Boots|[from] move: Knock Off|[of] p1a: Clefable
|move|p2a: Slowking|Future Sight|p1a: Clefable
|-start|p2a: Slowking|move: Future Sight
|
|upkeep
|turn|7
|inactive|gokubatman2 has 120 seconds left.
|
|t:|1769412499
|switch|p1a: Gholdengo|Gholdengo|83/100
|-damage|p1a: Gholdengo|77/100|[from] Stealth Rock
|-prepare|p2a: Slowking|Chilly Reception|[premajor]
|move|p2a: Slowking|Chilly Reception|p2a: Slowking
|-weather|Snowscape
|
|t:|1769412505
|switch|p2a: Magnezone|Magnezone|100/100|[from] Chilly Reception
|-damage|p2a: Magnezone|94/100|[from] Stealth Rock
|
|-weather|Snowscape|[upkeep]
|upkeep
|turn|8
|inactive|gokubatman2 has 120 seconds left.
|
|t:|1769412516
|switch|p1a: Clefable|Clefable, M|100/100
|move|p2a: Magnezone|Thunderbolt|p1a: Clefable
|-damage|p1a: Clefable|29/100
|-status|p1a: Clefable|par
|
|-weather|Snowscape|[upkeep]
|-end|p1a: Clefable|move: Future Sight
|-damage|p1a: Clefable|0 fnt
|faint|p1a: Clefable
|upkeep
|inactive|gokubatman2 has 120 seconds left.
|
|t:|1769412533
|switch|p1a: Great Tusk|Great Tusk|100/100
|-damage|p1a: Great Tusk|98/100|[from] Stealth Rock
|turn|9
|
|t:|1769412538
|switch|p2a: Alomomola|Alomomola, F|100/100
|move|p1a: Great Tusk|Rapid Spin|p2a: Alomomola
|-damage|p2a: Alomomola|93/100
|-boost|p1a: Great Tusk|spe|1
|-sideend|p1: gokubatman2|Stealth Rock|[from] move: Rapid Spin|[of] p1a: Great Tusk
|
|-weather|Snowscape|[upkeep]
|upkeep
|turn|10
|
|t:|1769412545
|move|p1a: Great Tusk|Knock Off|p2a: Alomomola
|-damage|p2a: Alomomola|77/100
|-enditem|p2a: Alomomola|Heavy-Duty Boots|[from] move: Knock Off|[of] p1a: Great Tusk
|move|p2a: Alomomola|Body Slam|p1a: Great Tusk
|-damage|p1a: Great Tusk|87/100
|-status|p1a: Great Tusk|par
|-damage|p2a: Alomomola|61/100|[from] item: Rocky Helmet|[of] p1a: Great Tusk
|
|-weather|Snowscape|[upkeep]
|upkeep
|turn|11
|
|t:|1769412558
|move|p1a: Great Tusk|Headlong Rush|p2a: Alomomola
|-damage|p2a: Alomomola|31/100
|-unboost|p1a: Great Tusk|def|1
|-unboost|p1a: Great Tusk|spd|1
|move|p2a: Alomomola|Flip Turn|p1a: Great Tusk
|-supereffective|p1a: Great Tusk
|-damage|p1a: Great Tusk|59/100 par
|-damage|p2a: Alomomola|15/100|[from] item: Rocky Helmet|[of] p1a: Great Tusk
|
|t:|1769412571
|switch|p2a: Dragonite|Dragonite, F|100/100|[from] Flip Turn
|
|-weather|none
|upkeep
|turn|12
|inactive|gokubatman2 has 120 seconds left.
|
|t:|1769412592
|move|p2a: Dragonite|Encore|p1a: Great Tusk
|-start|p1a: Great Tusk|Encore
|cant|p1a: Great Tusk|par
|
|upkeep
|turn|13
|inactive|gokubatman2 has 120 seconds left.
|
|t:|1769412607
|-end|p1a: Great Tusk|Protosynthesis|[silent]
|switch|p1a: Glimmora|Glimmora, M|1/100
|move|p2a: Dragonite|Dragon Dance|p2a: Dragonite
|-boost|p2a: Dragonite|atk|1
|-boost|p2a: Dragonite|spe|1
|
|upkeep
|turn|14
|inactive|gokubatman2 has 120 seconds left.
|
|t:|1769412613
|move|p2a: Dragonite|Earthquake|p1a: Glimmora
|-supereffective|p1a: Glimmora
|-damage|p1a: Glimmora|0 fnt
|-activate|p1a: Glimmora|ability: Toxic Debris
|-sidestart|p2: SquilliamTG|move: Toxic Spikes
|faint|p1a: Glimmora
|
|upkeep
|inactive|gokubatman2 has 120 seconds left.
|
|t:|1769412620
|switch|p1a: G'nite|Dragonite, M|100/100
|turn|15
|
|t:|1769412626
|-terastallize|p1a: G'nite|Fairy
|move|p2a: Dragonite|Extreme Speed|p1a: G'nite
|-damage|p1a: G'nite|80/100
|move|p1a: G'nite|Tera Blast|p2a: Dragonite|[anim] Tera Blast Fairy
|-supereffective|p2a: Dragonite
|-damage|p2a: Dragonite|59/100
|
|upkeep
|turn|16
|
|t:|1769412638
|-terastallize|p2a: Dragonite|Normal
|move|p2a: Dragonite|Extreme Speed|p1a: G'nite
|-damage|p1a: G'nite|25/100
|move|p1a: G'nite|Tera Blast|p2a: Dragonite|[anim] Tera Blast Fairy
|-damage|p2a: Dragonite|17/100
|
|upkeep
|turn|17
|
|t:|1769412648
|switch|p1a: Gholdengo|Gholdengo|77/100
|move|p2a: Dragonite|Earthquake|p1a: Gholdengo
|-supereffective|p1a: Gholdengo
|-damage|p1a: Gholdengo|0 fnt
|faint|p1a: Gholdengo
|
|upkeep
|
|t:|1769412653
|switch|p1a: Ogerpon|Ogerpon-Wellspring, F|100/100
|turn|18
|
|t:|1769412656
|move|p2a: Dragonite|Extreme Speed|p1a: Ogerpon
|-damage|p1a: Ogerpon|11/100
|move|p1a: Ogerpon|Ivy Cudgel|p2a: Dragonite|[anim] Ivy Cudgel Water
|-damage|p2a: Dragonite|0 fnt
|faint|p2a: Dragonite
|
|upkeep
|
|t:|1769412664
|switch|p2a: Slowking|Slowking-Galar, M|100/100
|-damage|p2a: Slowking|88/100|[from] Stealth Rock
|-sideend|p2: SquilliamTG|move: Toxic Spikes|[of] p2a: Slowking
|turn|19
|
|t:|1769412674
|switch|p2a: Great Tusk|Great Tusk|48/100 psn
|move|p1a: Ogerpon|U-turn|p2a: Great Tusk
|-resisted|p2a: Great Tusk
|-crit|p2a: Great Tusk
|-damage|p2a: Great Tusk|34/100 psn
|
|t:|1769412684
|switch|p1a: G'nite|Dragonite, M, tera:Fairy|25/100|[from] U-turn
|
|-damage|p2a: Great Tusk|21/100 psn|[from] psn
|upkeep
|turn|20
|
|t:|1769412690
|move|p2a: Great Tusk|Headlong Rush|p1a: G'nite
|-damage|p1a: G'nite|0 fnt
|-unboost|p2a: Great Tusk|def|1
|-unboost|p2a: Great Tusk|spd|1
|faint|p1a: G'nite
|
|-damage|p2a: Great Tusk|9/100 psn|[from] psn
|upkeep
|
|t:|1769412696
|switch|p1a: Ogerpon|Ogerpon-Wellspring, F|11/100
|turn|21
|
|t:|1769412699
|move|p1a: Ogerpon|Ivy Cudgel|p2a: Great Tusk|[anim] Ivy Cudgel Water
|-supereffective|p2a: Great Tusk
|-damage|p2a: Great Tusk|0 fnt
|faint|p2a: Great Tusk
|-end|p2a: Great Tusk|Protosynthesis|[silent]
|
|upkeep
|
|t:|1769412705
|switch|p2a: Zamazenta|Zamazenta|100/100
|-damage|p2a: Zamazenta|94/100|[from] Stealth Rock
|-ability|p2a: Zamazenta|Dauntless Shield|boost
|-boost|p2a: Zamazenta|def|1
|turn|22
|
|t:|1769412712
|switch|p1a: Great Tusk|Great Tusk|59/100 par
|move|p2a: Zamazenta|Close Combat|p1a: Great Tusk
|-damage|p1a: Great Tusk|2/100 par
|-unboost|p2a: Zamazenta|def|1
|-unboost|p2a: Zamazenta|spd|1
|-damage|p2a: Zamazenta|78/100|[from] item: Rocky Helmet|[of] p1a: Great Tusk
|
|upkeep
|turn|23
|-message|gokubatman2 forfeited.
|
|win|SquilliamTG
|raw|gokubatman2's rating: 1485 &rarr; <strong>1467</strong><br />(-18 for losing)
|raw|SquilliamTG's rating: 1526 &rarr; <strong>1544</strong><br />(+18 for winning)
|l|☆gokubatman2
|player|p1|
|c| aegia4|me and my coworker taking dollar bets on you squilliam
|l| aegia4
