|j|☆Qplazm10
|j|☆ljdarkrai_meme
|t:|1769426757
|gametype|singles
|player|p1|Qplazm10|ltsurge|1503
|player|p2|ljdarkrai_meme|firebreather|1555
|gen|9
|tier|[Gen 9] OU
|rated|
|rule|HP Percentage Mod: HP is shown in percentages
|rule|Endless Battle Clause: Forcing endless battles is banned
|rule|Species Clause: Limit one of each Pokémon
|rule|OHKO Clause: OHKO moves are banned
|rule|Evasion Items Clause: Evasion items are banned
|rule|Evasion Moves Clause: Evasion moves are banned
|rule|Evasion Abilities Clause: Evasion abilities are banned
|rule|Sleep Moves Clause: Sleep-inducing moves are banned
|clearpoke
|poke|p1|Hawlucha, F|
|poke|p1|Raging Bolt|
|poke|p1|Iron Leaves|
|poke|p1|Iron Treads|
|poke|p1|Iron Valiant|
|poke|p1|Pincurchin, M|
|poke|p2|Ursaluna, M|
|poke|p2|Hatterene, F|
|poke|p2|Cresselia, F|
|poke|p2|Kingambit, M|
|poke|p2|Deoxys-Defense|
|poke|p2|Raging Bolt|
|teampreview
|inactive|Battle timer is ON: inactive players will automatically lose when time's up. (requested by Qplazm10)
|
|t:|1769426775
|teamsize|p1|6
|teamsize|p2|6
|start
|switch|p1a: The Urchinator|Pincurchin, M|100/100
|switch|p2a: Hatterene|Hatterene, F|100/100
|-fieldstart|move: Electric Terrain|[from] ability: Electric Surge|[of] p1a: The Urchinator
|turn|1
|inactive|Qplazm10 has 120 seconds left.
|
|t:|1769426817
|switch|p1a: Gardevlade|Iron Valiant|100/100
|-activate|p1a: Gardevlade|ability: Quark Drive
|-start|p1a: Gardevlade|quarkdrivespe
|move|p2a: Hatterene|Trick Room|p2a: Hatterene
|-fieldstart|move: Trick Room|[of] p2a: Hatterene
|
|upkeep
|turn|2
|
|t:|1769426824
|-end|p1a: Gardevlade|Quark Drive|[silent]
|switch|p1a: Tronphan|Iron Treads|100/100
|-activate|p1a: Tronphan|ability: Quark Drive
|-start|p1a: Tronphan|quarkdrivespe
|move|p2a: Hatterene|Psychic|p1a: Tronphan
|-resisted|p1a: Tronphan
|-damage|p1a: Tronphan|60/100
|
|upkeep
|turn|3
|inactive|Qplazm10 has 120 seconds left.
|
|t:|1769426842
|-end|p1a: Tronphan|Quark Drive|[silent]
|switch|p1a: Great Neck|Raging Bolt|100/100
|move|p2a: Hatterene|Psychic|p1a: Great Neck
|-damage|p1a: Great Neck|58/100
|
|-heal|p1a: Great Neck|64/100|[from] item: Leftovers
|upkeep
|turn|4
|inactive|Qplazm10 has 120 seconds left.
|
|t:|1769426854
|-end|p1a: Great Neck|Protosynthesis|[silent]
|switch|p1a: Tronphan|Iron Treads|60/100
|-activate|p1a: Tronphan|ability: Quark Drive
|-start|p1a: Tronphan|quarkdrivespe
|move|p2a: Hatterene|Draining Kiss|p1a: Tronphan
|-resisted|p1a: Tronphan
|-damage|p1a: Tronphan|38/100
|
|upkeep
|turn|5
|
|t:|1769426862
|move|p2a: Hatterene|Psychic|p1a: Tronphan
|-resisted|p1a: Tronphan
|-damage|p1a: Tronphan|2/100
|move|p1a: Tronphan|Earthquake|p2a: Hatterene
|-damage|p2a: Hatterene|38/100
|-damage|p1a: Tronphan|0 fnt|[from] item: Life Orb
|faint|p1a: Tronphan
|-end|p1a: Tronphan|Quark Drive|[silent]
|
|-fieldend|move: Trick Room
|upkeep
|inactive|Qplazm10 has 120 seconds left.
|
|t:|1769426901
|switch|p1a: Virizitron|Iron Leaves|100/100
|-activate|p1a: Virizitron|ability: Quark Drive
|-start|p1a: Virizitron|quarkdrivespe
|turn|6
|
|t:|1769426912
|switch|p2a: Cresselia|Cresselia, F|100/100
|move|p1a: Virizitron|Leaf Blade|p2a: Cresselia
|-damage|p2a: Cresselia|73/100
|-damage|p1a: Virizitron|91/100|[from] item: Life Orb
|
|upkeep
|turn|7
|
|t:|1769426921
|move|p1a: Virizitron|Swords Dance|p1a: Virizitron
|-boost|p1a: Virizitron|atk|2
|move|p2a: Cresselia|Trick Room|p2a: Cresselia
|-fieldstart|move: Trick Room|[of] p2a: Cresselia
|
|upkeep
|turn|8
|
|t:|1769426924
|move|p2a: Cresselia|Lunar Dance|p2a: Cresselia
|faint|p2a: Cresselia
|move|p1a: Virizitron|Leaf Blade|p2: Cresselia|[notarget]
|-fail|p1a: Virizitron
|
|-fieldend|move: Electric Terrain
|-end|p1a: Virizitron|Quark Drive
|upkeep
|
|t:|1769426930
|switch|p2a: Kingambit|Kingambit, M|100/100
|-activate|p2a: Kingambit|ability: Supreme Overlord
|-start|p2a: Kingambit|fallen1|[silent]
|turn|9
|
|t:|1769426940
|move|p2a: Kingambit|Kowtow Cleave|p1a: Virizitron
|-supereffective|p1a: Virizitron
|-damage|p1a: Virizitron|0 fnt
|faint|p1a: Virizitron
|-end|p1a: Virizitron|Quark Drive|[silent]
|
|upkeep
|
|t:|1769426942
|switch|p1a: Gardevlade|Iron Valiant|100/100
|turn|10
|
|t:|1769426954
|-terastallize|p2a: Kingambit|Fairy
|-terastallize|p1a: Gardevlade|Electric
|move|p2a: Kingambit|Tera Blast|p1a: Gardevlade|[anim] Tera Blast Fairy
|-damage|p1a: Gardevlade|34/100
|move|p1a: Gardevlade|Moonblast|p2a: Kingambit
|-damage|p2a: Kingambit|37/100
|
|upkeep
|turn|11
|
|t:|1769426962
|-end|p1a: Gardevlade|Quark Drive|[silent]
|switch|p1a: The Urchinator|Pincurchin, M|100/100
|-fieldstart|move: Electric Terrain|[from] ability: Electric Surge|[of] p1a: The Urchinator
|move|p2a: Kingambit|Kowtow Cleave|p1a: The Urchinator
|-damage|p1a: The Urchinator|24/100
|
|-fieldend|move: Trick Room
|upkeep
|turn|12
|
|t:|1769426971
|move|p2a: Kingambit|Kowtow Cleave|p1a: The Urchinator
|-damage|p1a: The Urchinator|0 fnt
|faint|p1a: The Urchinator
|
|upkeep
|
|t:|1769426986
|switch|p1a: Nacho Libre|Hawlucha, F, shiny|100/100
|-enditem|p1a: Nacho Libre|Electric Seed
|-boost|p1a: Nacho Libre|def|1|[from] item: Electric Seed
|turn|13
|
|t:|1769426990
|move|p1a: Nacho Libre|Acrobatics|p2a: Kingambit
|-damage|p2a: Kingambit|4/100
|move|p2a: Kingambit|Tera Blast|p1a: Nacho Libre|[anim] Tera Blast Fairy
|-supereffective|p1a: Nacho Libre
|-damage|p1a: Nacho Libre|2/100
|
|upkeep
|turn|14
|-message|Qplazm10 forfeited.
|
|win|ljdarkrai_meme
|raw|Qplazm10's rating: 1503 &rarr; <strong>1486</strong><br />(-17 for losing)
|raw|ljdarkrai_meme's rating: 1555 &rarr; <strong>1572</strong><br />(+17 for winning)
|l|☆Qplazm10
|player|p1|
|l|☆ljdarkrai_meme
|player|p2|
