|j|☆zxjackeylove
|j|☆nimjaisugly
|t:|1769309813
|gametype|singles
|player|p1|zxjackeylove|169|1462
|player|p2|nimjaisugly|clavell-s|1425
|gen|9
|tier|[Gen 9] OU
|rated|
|rule|HP Percentage Mod: HP is shown in percentages
|rule|Endless Battle Clause: Forcing endless battles is banned
|rule|Species Clause: Limit one of each Pokémon
|rule|OHKO Clause: OHKO moves are banned
|rule|Evasion Items Clause: Evasion items are banned
|rule|Evasion Moves Clause: Evasion moves are banned
|rule|Evasion Abilities Clause: Evasion abilities are banned
|rule|Sleep Moves Clause: Sleep-inducing moves are banned
|clearpoke
|poke|p1|Glimmora, F|
|poke|p1|Iron Treads|
|poke|p1|Polteageist-Antique|
|poke|p1|Raging Bolt|
|poke|p1|Dragonite, M|
|poke|p1|Zamazenta-*|
|poke|p2|Porygon-Z|
|poke|p2|Kingambit, F|
|poke|p2|Dragapult, M|
|poke|p2|Alomomola, F|
|poke|p2|Pecharunt|
|poke|p2|Iron Treads|
|teampreview
|inactive|Battle timer is ON: inactive players will automatically lose when time's up. (requested by nimjaisugly)
|
|t:|1769309835
|teamsize|p1|6
|teamsize|p2|6
|start
|switch|p1a: Iron Treads|Iron Treads|100/100
|switch|p2a: Iron Treads|Iron Treads|100/100
|-item|p2a: Iron Treads|Air Balloon
|-enditem|p1a: Iron Treads|Booster Energy
|-activate|p1a: Iron Treads|ability: Quark Drive|[fromitem]
|-start|p1a: Iron Treads|quarkdrivespe
|turn|1
|
|t:|1769309845
|move|p1a: Iron Treads|Knock Off|p2a: Iron Treads
|-damage|p2a: Iron Treads|82/100
|-enditem|p2a: Iron Treads|Air Balloon
|move|p2a: Iron Treads|Earthquake|p1a: Iron Treads
|-supereffective|p1a: Iron Treads
|-damage|p1a: Iron Treads|48/100
|
|upkeep
|turn|2
|
|t:|1769309853
|move|p1a: Iron Treads|Stealth Rock|p2a: Iron Treads
|-sidestart|p2: nimjaisugly|move: Stealth Rock
|move|p2a: Iron Treads|Earthquake|p1a: Iron Treads
|-supereffective|p1a: Iron Treads
|-damage|p1a: Iron Treads|0 fnt
|faint|p1a: Iron Treads
|-end|p1a: Iron Treads|Quark Drive|[silent]
|
|upkeep
|
|t:|1769309875
|switch|p1a: Zamazenta|Zamazenta|100/100
|-ability|p1a: Zamazenta|Dauntless Shield|boost
|-boost|p1a: Zamazenta|def|1
|turn|3
|
|t:|1769309888
|-end|p2a: Iron Treads|Quark Drive|[silent]
|switch|p2a: Pecharunt|Pecharunt|100/100
|move|p1a: Zamazenta|Body Press|p2a: Pecharunt
|-immune|p2a: Pecharunt
|
|upkeep
|turn|4
|
|t:|1769309902
|switch|p1a: Glimmora|Glimmora, F|100/100
|move|p2a: Pecharunt|Shadow Ball|p1a: Glimmora
|-damage|p1a: Glimmora|65/100
|
|upkeep
|turn|5
|
|t:|1769309915
|switch|p2a: Alomomola|Alomomola, F|100/100
|-damage|p2a: Alomomola|88/100|[from] Stealth Rock
|move|p1a: Glimmora|Power Gem|p2a: Alomomola
|-damage|p2a: Alomomola|65/100
|
|upkeep
|turn|6
|
|t:|1769309925
|switch|p1a: Raging Bolt|Raging Bolt|100/100
|-enditem|p1a: Raging Bolt|Booster Energy
|-activate|p1a: Raging Bolt|ability: Protosynthesis|[fromitem]
|-start|p1a: Raging Bolt|protosynthesisspa
|move|p2a: Alomomola|Flip Turn|p1a: Raging Bolt
|-resisted|p1a: Raging Bolt
|-damage|p1a: Raging Bolt|93/100
|
|t:|1769309927
|switch|p2a: Iron Treads|Iron Treads|82/100|[from] Flip Turn
|-damage|p2a: Iron Treads|79/100|[from] Stealth Rock
|
|upkeep
|turn|7
|
|t:|1769309953
|-end|p1a: Raging Bolt|Protosynthesis|[silent]
|switch|p1a: 快龙一定要快|Dragonite, M|100/100
|move|p2a: Iron Treads|Earthquake|p1a: 快龙一定要快
|-immune|p1a: 快龙一定要快
|
|upkeep
|turn|8
|
|t:|1769309957
|move|p2a: Iron Treads|Rapid Spin|p1a: 快龙一定要快
|-damage|p1a: 快龙一定要快|95/100
|-boost|p2a: Iron Treads|spe|1
|-sideend|p2: nimjaisugly|Stealth Rock|[from] move: Rapid Spin|[of] p2a: Iron Treads
|move|p1a: 快龙一定要快|Earthquake|p2a: Iron Treads
|-supereffective|p2a: Iron Treads
|-damage|p2a: Iron Treads|0 fnt
|faint|p2a: Iron Treads
|-end|p2a: Iron Treads|Quark Drive|[silent]
|
|upkeep
|
|t:|1769309962
|switch|p2a: Dragapult|Dragapult, M|100/100
|turn|9
|inactive|zxjackeylove has 120 seconds left.
|
|t:|1769310003
|move|p2a: Dragapult|Will-O-Wisp|p1a: 快龙一定要快|[miss]
|-miss|p2a: Dragapult|p1a: 快龙一定要快
|move|p1a: 快龙一定要快|Earthquake|p2a: Dragapult
|-crit|p2a: Dragapult
|-damage|p2a: Dragapult|0 fnt
|faint|p2a: Dragapult
|
|upkeep
|
|t:|1769310011
|switch|p2a: Porygon-Z|Porygon-Z|100/100
|-ability|p2a: Porygon-Z|Download|boost
|-boost|p2a: Porygon-Z|atk|1
|turn|10
|inactive|zxjackeylove has 120 seconds left.
|
|t:|1769310020
|switch|p1a: Glimmora|Glimmora, F|65/100
|move|p2a: Porygon-Z|Ice Beam|p1a: Glimmora
|-damage|p1a: Glimmora|0 fnt
|faint|p1a: Glimmora
|
|upkeep
|inactive|zxjackeylove has 120 seconds left.
|
|t:|1769310048
|switch|p1a: 快龙一定要快|Dragonite, M|95/100
|turn|11
|
|t:|1769310052
|switch|p2a: Pecharunt|Pecharunt|100/100
|move|p1a: 快龙一定要快|Extreme Speed|p2a: Pecharunt
|-immune|p2a: Pecharunt
|
|upkeep
|turn|12
|
|t:|1769310068
|switch|p1a: Zamazenta|Zamazenta|100/100
|move|p2a: Pecharunt|Malignant Chain|p1a: Zamazenta
|-damage|p1a: Zamazenta|74/100
|
|-heal|p1a: Zamazenta|80/100|[from] item: Leftovers
|upkeep
|turn|13
|
|t:|1769310074
|move|p1a: Zamazenta|Iron Defense|p1a: Zamazenta
|-boost|p1a: Zamazenta|def|2
|move|p2a: Pecharunt|Malignant Chain|p1a: Zamazenta
|-damage|p1a: Zamazenta|53/100
|
|-heal|p1a: Zamazenta|59/100|[from] item: Leftovers
|upkeep
|turn|14
|
|t:|1769310077
|move|p1a: Zamazenta|Crunch|p2a: Pecharunt
|-supereffective|p2a: Pecharunt
|-damage|p2a: Pecharunt|80/100
|move|p2a: Pecharunt|Malignant Chain|p1a: Zamazenta
|-damage|p1a: Zamazenta|33/100
|-status|p1a: Zamazenta|tox
|-start|p1a: Zamazenta|confusion|[from] ability: Poison Puppeteer|[of] p2a: Pecharunt
|
|-heal|p1a: Zamazenta|39/100 tox|[from] item: Leftovers
|-damage|p1a: Zamazenta|33/100 tox|[from] psn
|upkeep
|turn|15
|inactive|zxjackeylove has 120 seconds left.
|
|t:|1769310090
|move|p2a: Pecharunt|Shadow Ball|p1a: Zamazenta
|-damage|p1a: Zamazenta|12/100 tox
|-activate|p1a: Zamazenta|confusion
|-damage|p1a: Zamazenta|8/100 tox|[from] confusion
|
|-heal|p1a: Zamazenta|14/100 tox|[from] item: Leftovers
|-damage|p1a: Zamazenta|2/100 tox|[from] psn
|upkeep
|turn|16
|
|t:|1769310095
|-end|p1a: Zamazenta|confusion
|move|p1a: Zamazenta|Crunch|p2a: Pecharunt
|-supereffective|p2a: Pecharunt
|-damage|p2a: Pecharunt|59/100
|move|p2a: Pecharunt|Recover|p2a: Pecharunt
|-heal|p2a: Pecharunt|100/100
|
|-heal|p1a: Zamazenta|8/100 tox|[from] item: Leftovers
|-damage|p1a: Zamazenta|0 fnt|[from] psn
|faint|p1a: Zamazenta
|upkeep
|
|t:|1769310106
|switch|p1a: 快龙一定要快|Dragonite, M|95/100
|turn|17
|
|t:|1769310118
|move|p2a: Pecharunt|Malignant Chain|p1a: 快龙一定要快
|-damage|p1a: 快龙一定要快|66/100
|move|p1a: 快龙一定要快|Outrage|p2a: Pecharunt
|-damage|p2a: Pecharunt|54/100
|
|upkeep
|turn|18
|
|t:|1769310130
|move|p2a: Pecharunt|Recover|p2a: Pecharunt
|-heal|p2a: Pecharunt|100/100
|move|p1a: 快龙一定要快|Outrage|p2a: Pecharunt|[from] lockedmove
|-damage|p2a: Pecharunt|50/100
|-start|p1a: 快龙一定要快|confusion|[fatigue]
|
|upkeep
|turn|19
|
|t:|1769310134
|move|p2a: Pecharunt|Parting Shot|p1a: 快龙一定要快
|-unboost|p1a: 快龙一定要快|atk|1
|-unboost|p1a: 快龙一定要快|spa|1
|
|t:|1769310136
|switch|p2a: Kingambit|Kingambit, F|100/100|[from] Parting Shot
|-activate|p2a: Kingambit|ability: Supreme Overlord
|-start|p2a: Kingambit|fallen2|[silent]
|-activate|p1a: 快龙一定要快|confusion
|move|p1a: 快龙一定要快|Outrage|p2a: Kingambit
|-resisted|p2a: Kingambit
|-damage|p2a: Kingambit|73/100
|
|-heal|p2a: Kingambit|79/100|[from] item: Leftovers
|upkeep
|turn|20
|
|t:|1769310144
|-activate|p1a: 快龙一定要快|confusion
|move|p1a: 快龙一定要快|Outrage|p2a: Kingambit|[from] lockedmove
|-resisted|p2a: Kingambit
|-damage|p2a: Kingambit|50/100
|move|p2a: Kingambit|Swords Dance|p2a: Kingambit
|-boost|p2a: Kingambit|atk|2
|
|-heal|p2a: Kingambit|56/100|[from] item: Leftovers
|upkeep
|turn|21
|
|t:|1769310151
|switch|p1a: Raging Bolt|Raging Bolt|93/100
|move|p2a: Kingambit|Sucker Punch||[still]
|-fail|p2a: Kingambit
|
|-heal|p2a: Kingambit|62/100|[from] item: Leftovers
|upkeep
|turn|22
|
|t:|1769310162
|-terastallize|p2a: Kingambit|Fairy
|move|p1a: Raging Bolt|Thunderclap|p2a: Kingambit
|-damage|p2a: Kingambit|16/100
|move|p2a: Kingambit|Tera Blast|p1a: Raging Bolt|[anim] Tera Blast Fairy
|-supereffective|p1a: Raging Bolt
|-damage|p1a: Raging Bolt|0 fnt
|faint|p1a: Raging Bolt
|-end|p1a: Raging Bolt|Protosynthesis|[silent]
|
|-heal|p2a: Kingambit|22/100|[from] item: Leftovers
|upkeep
|
|t:|1769310178
|switch|p1a: 快龙一定要快|Dragonite, M|66/100
|turn|23
|
|t:|1769310182
|move|p2a: Kingambit|Sucker Punch|p1a: 快龙一定要快
|-damage|p1a: 快龙一定要快|0 fnt
|faint|p1a: 快龙一定要快
|
|-heal|p2a: Kingambit|28/100|[from] item: Leftovers
|upkeep
|
|t:|1769310184
|switch|p1a: Polteageist|Polteageist-Antique|100/100
|turn|24
|
|t:|1769310187
|move|p1a: Polteageist|Shell Smash|p1a: Polteageist
|-unboost|p1a: Polteageist|def|1
|-unboost|p1a: Polteageist|spd|1
|-boost|p1a: Polteageist|atk|2
|-boost|p1a: Polteageist|spa|2
|-boost|p1a: Polteageist|spe|2
|move|p2a: Kingambit|Kowtow Cleave|p1a: Polteageist
|-supereffective|p1a: Polteageist
|-enditem|p1a: Polteageist|Focus Sash
|-damage|p1a: Polteageist|1/100
|-ability|p1a: Polteageist|Weak Armor|boost
|-unboost|p1a: Polteageist|def|1
|-boost|p1a: Polteageist|spe|2
|
|-heal|p2a: Kingambit|34/100|[from] item: Leftovers
|upkeep
|turn|25
|
|t:|1769310196
|move|p1a: Polteageist|Shell Smash|p1a: Polteageist
|-unboost|p1a: Polteageist|def|1
|-unboost|p1a: Polteageist|spd|1
|-boost|p1a: Polteageist|atk|2
|-boost|p1a: Polteageist|spa|2
|-boost|p1a: Polteageist|spe|2
|move|p2a: Kingambit|Kowtow Cleave|p1a: Polteageist
|-supereffective|p1a: Polteageist
|-crit|p1a: Polteageist
|-damage|p1a: Polteageist|0 fnt
|faint|p1a: Polteageist
|
|win|nimjaisugly
|raw|zxjackeylove's rating: 1462 &rarr; <strong>1440</strong><br />(-22 for losing)
|raw|nimjaisugly's rating: 1425 &rarr; <strong>1447</strong><br />(+22 for winning)
|l|☆zxjackeylove
|player|p1|
|l|☆nimjaisugly
|player|p2|
