|j|☆rickybobby394211
|j|☆Mouu'D
|t:|1769425590
|gametype|singles
|player|p1|rickybobby394211|benga|1151
|player|p2|Mouu'D|youngster-gen4dp|1197
|gen|9
|tier|[Gen 9] OU
|rated|
|rule|HP Percentage Mod: HP is shown in percentages
|rule|Endless Battle Clause: Forcing endless battles is banned
|rule|Species Clause: Limit one of each Pokémon
|rule|OHKO Clause: OHKO moves are banned
|rule|Evasion Items Clause: Evasion items are banned
|rule|Evasion Moves Clause: Evasion moves are banned
|rule|Evasion Abilities Clause: Evasion abilities are banned
|rule|Sleep Moves Clause: Sleep-inducing moves are banned
|clearpoke
|poke|p1|Hoopa-Unbound|
|poke|p1|Cinderace, M|
|poke|p1|Dragapult, M|
|poke|p1|Moltres|
|poke|p1|Primarina, M|
|poke|p1|Gliscor, M|
|poke|p2|Slowking, M|
|poke|p2|Diancie|
|poke|p2|Glastrier|
|poke|p2|Ursaluna, M|
|poke|p2|Exeggutor-Alola, M|
|poke|p2|Conkeldurr, M|
|teampreview
|inactive|Battle timer is ON: inactive players will automatically lose when time's up. (requested by rickybobby394211)
|
|t:|1769425602
|teamsize|p1|6
|teamsize|p2|6
|start
|switch|p1a: Dragapult|Dragapult, M, shiny|100/100
|switch|p2a: Jinbei|Slowking, M, shiny|100/100
|turn|1
|
|t:|1769425611
|move|p1a: Dragapult|U-turn|p2a: Jinbei
|-supereffective|p2a: Jinbei
|-damage|p2a: Jinbei|78/100
|
|t:|1769425615
|switch|p1a: Gliscor|Gliscor, M, shiny|100/100|[from] U-turn
|move|p2a: Jinbei|Trick Room|p2a: Jinbei
|-fieldstart|move: Trick Room|[of] p2a: Jinbei
|
|-status|p1a: Gliscor|tox|[from] item: Toxic Orb
|upkeep
|turn|2
|
|t:|1769425629
|switch|p2a: Kuma|Ursaluna, M|100/100
|move|p1a: Gliscor|Knock Off|p2a: Kuma
|-damage|p2a: Kuma|85/100
|-enditem|p2a: Kuma|Flame Orb|[from] move: Knock Off|[of] p1a: Gliscor
|
|upkeep
|turn|3
|
|t:|1769425639
|move|p2a: Kuma|Facade|p1a: Gliscor
|-damage|p1a: Gliscor|68/100 tox
|move|p1a: Gliscor|Stealth Rock|p2a: Kuma
|-sidestart|p2: Mouu'D|move: Stealth Rock
|
|-heal|p1a: Gliscor|81/100 tox|[from] ability: Poison Heal
|upkeep
|turn|4
|
|t:|1769425647
|move|p2a: Kuma|Facade|p1a: Gliscor
|-damage|p1a: Gliscor|49/100 tox
|move|p1a: Gliscor|Earthquake|p2a: Kuma
|-damage|p2a: Kuma|62/100
|
|-heal|p1a: Gliscor|61/100 tox|[from] ability: Poison Heal
|upkeep
|turn|5
|
|t:|1769425657
|move|p1a: Gliscor|Protect|p1a: Gliscor
|-singleturn|p1a: Gliscor|Protect
|move|p2a: Kuma|Facade|p1a: Gliscor
|-activate|p1a: Gliscor|move: Protect
|
|-heal|p1a: Gliscor|74/100 tox|[from] ability: Poison Heal
|-fieldend|move: Trick Room
|upkeep
|turn|6
|
|t:|1769425665
|switch|p2a: Luffy gear 4th|Conkeldurr, M|100/100
|-damage|p2a: Luffy gear 4th|94/100|[from] Stealth Rock
|move|p1a: Gliscor|Earthquake|p2a: Luffy gear 4th
|-damage|p2a: Luffy gear 4th|68/100
|
|-heal|p1a: Gliscor|86/100 tox|[from] ability: Poison Heal
|-status|p2a: Luffy gear 4th|brn|[from] item: Flame Orb
|upkeep
|turn|7
|
|t:|1769425676
|move|p1a: Gliscor|Earthquake|p2a: Luffy gear 4th
|-damage|p2a: Luffy gear 4th|41/100 brn
|move|p2a: Luffy gear 4th|Ice Punch|p1a: Gliscor
|-supereffective|p1a: Gliscor
|-damage|p1a: Gliscor|0 fnt
|faint|p1a: Gliscor
|
|-damage|p2a: Luffy gear 4th|35/100 brn|[from] brn
|upkeep
|
|t:|1769425689
|switch|p1a: Hoopa|Hoopa-Unbound|100/100
|turn|8
|
|t:|1769425704
|-terastallize|p1a: Hoopa|Dark
|move|p2a: Luffy gear 4th|Mach Punch|p1a: Hoopa
|-supereffective|p1a: Hoopa
|-damage|p1a: Hoopa|0 fnt
|faint|p1a: Hoopa
|
|-damage|p2a: Luffy gear 4th|29/100 brn|[from] brn
|upkeep
|
|t:|1769425712
|switch|p1a: Primarina|Primarina, M|100/100
|turn|9
|
|t:|1769425720
|move|p2a: Luffy gear 4th|Mach Punch|p1a: Primarina
|-resisted|p1a: Primarina
|-damage|p1a: Primarina|76/100
|move|p1a: Primarina|Surf|p2a: Luffy gear 4th
|-damage|p2a: Luffy gear 4th|0 fnt
|faint|p2a: Luffy gear 4th
|
|upkeep
|
|t:|1769425731
|switch|p2a: Sodom|Exeggutor-Alola, M, shiny|100/100
|-damage|p2a: Sodom|88/100|[from] Stealth Rock
|turn|10
|
|t:|1769425736
|-terastallize|p2a: Sodom|Poison
|move|p1a: Primarina|Moonblast|p2a: Sodom
|-resisted|p2a: Sodom
|-damage|p2a: Sodom|58/100
|move|p2a: Sodom|Trick Room|p2a: Sodom
|-fieldstart|move: Trick Room|[of] p2a: Sodom
|
|upkeep
|turn|11
|
|t:|1769425748
|move|p2a: Sodom|Energy Ball|p1a: Primarina
|-supereffective|p1a: Primarina
|-damage|p1a: Primarina|14/100
|move|p1a: Primarina|Psychic Noise|p2a: Sodom
|-supereffective|p2a: Sodom
|-damage|p2a: Sodom|0 fnt
|faint|p2a: Sodom
|
|upkeep
|
|t:|1769425757
|switch|p2a: Stronger|Glastrier|100/100
|-damage|p2a: Stronger|76/100|[from] Stealth Rock
|turn|12
|
|t:|1769425775
|move|p2a: Stronger|Stomping Tantrum|p1a: Primarina
|-damage|p1a: Primarina|0 fnt
|faint|p1a: Primarina
|-ability|p2a: Stronger|Chilling Neigh|boost
|-boost|p2a: Stronger|atk|1
|
|upkeep
|
|t:|1769425784
|switch|p1a: Moltres|Moltres, shiny|100/100
|turn|13
|
|t:|1769425801
|switch|p2a: Joz|Diancie|100/100
|-damage|p2a: Joz|88/100|[from] Stealth Rock
|move|p1a: Moltres|Flamethrower|p2a: Joz
|-resisted|p2a: Joz
|-damage|p2a: Joz|74/100
|
|upkeep
|turn|14
|
|t:|1769425817
|move|p2a: Joz|Moonblast|p1a: Moltres
|-resisted|p1a: Moltres
|-damage|p1a: Moltres|77/100
|move|p1a: Moltres|Roar|p2a: Joz
|drag|p2a: Kuma|Ursaluna, M|62/100
|-damage|p2a: Kuma|56/100|[from] Stealth Rock
|
|-fieldend|move: Trick Room
|upkeep
|turn|15
|
|t:|1769425825
|move|p1a: Moltres|Flamethrower|p2a: Kuma
|-damage|p2a: Kuma|24/100
|move|p2a: Kuma|Facade|p1a: Moltres
|-damage|p1a: Moltres|48/100
|
|upkeep
|turn|16
|
|t:|1769425833
|move|p1a: Moltres|Flamethrower|p2a: Kuma
|-crit|p2a: Kuma
|-damage|p2a: Kuma|0 fnt
|faint|p2a: Kuma
|
|upkeep
|
|t:|1769425836
|switch|p2a: Jinbei|Slowking, M, shiny|78/100
|-damage|p2a: Jinbei|65/100|[from] Stealth Rock
|turn|17
|
|t:|1769425840
|move|p1a: Moltres|U-turn|p2a: Jinbei
|-supereffective|p2a: Jinbei
|-damage|p2a: Jinbei|44/100
|
|t:|1769425846
|switch|p1a: Cinderace|Cinderace, M|100/100|[from] U-turn
|move|p2a: Jinbei|Trick Room|p2a: Jinbei
|-fieldstart|move: Trick Room|[of] p2a: Jinbei
|
|upkeep
|turn|18
|
|t:|1769425854
|switch|p2a: Stronger|Glastrier|76/100
|-damage|p2a: Stronger|51/100|[from] Stealth Rock
|move|p1a: Cinderace|Pyro Ball|p2a: Stronger
|-supereffective|p2a: Stronger
|-damage|p2a: Stronger|0 fnt
|faint|p2a: Stronger
|
|upkeep
|
|t:|1769425861
|switch|p2a: Jinbei|Slowking, M, shiny|44/100
|-damage|p2a: Jinbei|32/100|[from] Stealth Rock
|turn|19
|
|t:|1769425865
|move|p2a: Jinbei|Scald|p1a: Cinderace
|-supereffective|p1a: Cinderace
|-damage|p1a: Cinderace|25/100
|move|p1a: Cinderace|U-turn|p2a: Jinbei
|-start|p1a: Cinderace|typechange|Bug|[from] ability: Libero
|-supereffective|p2a: Jinbei
|-damage|p2a: Jinbei|0 fnt
|faint|p2a: Jinbei
|
|t:|1769425873
|switch|p1a: Moltres|Moltres, shiny|48/100|[from] U-turn
|
|upkeep
|
|t:|1769425880
|switch|p2a: Joz|Diancie|74/100
|-damage|p2a: Joz|62/100|[from] Stealth Rock
|turn|20
|
|t:|1769425885
|move|p2a: Joz|Moonblast|p1a: Moltres
|-resisted|p1a: Moltres
|-damage|p1a: Moltres|24/100
|move|p1a: Moltres|Flamethrower|p2a: Joz
|-resisted|p2a: Joz
|-damage|p2a: Joz|46/100
|
|upkeep
|turn|21
|
|t:|1769425892
|move|p2a: Joz|Moonblast|p1a: Moltres
|-resisted|p1a: Moltres
|-damage|p1a: Moltres|2/100
|move|p1a: Moltres|Flamethrower|p2a: Joz
|-resisted|p2a: Joz
|-damage|p2a: Joz|30/100
|
|-fieldend|move: Trick Room
|upkeep
|turn|22
|
|t:|1769425900
|move|p1a: Moltres|Flamethrower|p2a: Joz
|-resisted|p2a: Joz
|-damage|p2a: Joz|16/100
|move|p2a: Joz|Trick Room|p2a: Joz
|-fieldstart|move: Trick Room|[of] p2a: Joz
|
|upkeep
|turn|23
|
|t:|1769425906
|move|p2a: Joz|Moonblast|p1a: Moltres
|-resisted|p1a: Moltres
|-damage|p1a: Moltres|0 fnt
|faint|p1a: Moltres
|
|upkeep
|
|t:|1769425919
|switch|p1a: Cinderace|Cinderace, M|25/100
|turn|24
|
|t:|1769425923
|move|p1a: Cinderace|Sucker Punch|p2a: Joz
|-start|p1a: Cinderace|typechange|Dark|[from] ability: Libero
|-resisted|p2a: Joz
|-damage|p2a: Joz|3/100
|move|p2a: Joz|Earth Power|p1a: Cinderace
|-damage|p1a: Cinderace|0 fnt
|faint|p1a: Cinderace
|
|upkeep
|
|t:|1769425931
|switch|p1a: Dragapult|Dragapult, M, shiny|100/100
|turn|25
|
|t:|1769425936
|move|p2a: Joz|Moonblast|p1a: Dragapult
|-supereffective|p1a: Dragapult
|-damage|p1a: Dragapult|0 fnt
|faint|p1a: Dragapult
|
|win|Mouu'D
|raw|rickybobby394211's rating: 1151 &rarr; <strong>1129</strong><br />(-22 for losing)
|raw|Mouu&apos;D's rating: 1197 &rarr; <strong>1219</strong><br />(+22 for winning)
|l|☆rickybobby394211
|player|p1|
|l|☆Mouu'D
|player|p2|
