|j|‽Drekk45
|j|☆PECRIO
|t:|1769297401
|gametype|singles
|player|p1|Drekk45|backpacker|1111
|player|p2|PECRIO|101|1094
|gen|9
|tier|[Gen 9] OU
|rated|
|rule|HP Percentage Mod: HP is shown in percentages
|rule|Endless Battle Clause: Forcing endless battles is banned
|rule|Species Clause: Limit one of each Pokémon
|rule|OHKO Clause: OHKO moves are banned
|rule|Evasion Items Clause: Evasion items are banned
|rule|Evasion Moves Clause: Evasion moves are banned
|rule|Evasion Abilities Clause: Evasion abilities are banned
|rule|Sleep Moves Clause: Sleep-inducing moves are banned
|clearpoke
|poke|p1|Vileplume, M|
|poke|p1|Garganacl, M|
|poke|p1|Darkrai|
|poke|p1|Torkoal, F|
|poke|p1|Flamigo, M|
|poke|p1|Raging Bolt|
|poke|p2|Pelipper, F|
|poke|p2|Hatterene, F|
|poke|p2|Galvantula, M|
|poke|p2|Ampharos, M|
|poke|p2|Tyranitar, F|
|poke|p2|Empoleon, F|
|teampreview
|inactive|Battle timer is ON: inactive players will automatically lose when time's up. (requested by Drekk45)
|
|t:|1769297415
|teamsize|p1|6
|teamsize|p2|6
|start
|switch|p1a: Torkoal|Torkoal, F|100/100
|switch|p2a: Empoleon|Empoleon, F|100/100
|turn|1
|
|t:|1769297421
|move|p2a: Empoleon|Agility|p2a: Empoleon
|-boost|p2a: Empoleon|spe|2
|move|p1a: Torkoal|Shell Smash|p1a: Torkoal
|-unboost|p1a: Torkoal|def|1
|-unboost|p1a: Torkoal|spd|1
|-boost|p1a: Torkoal|atk|2
|-boost|p1a: Torkoal|spa|2
|-boost|p1a: Torkoal|spe|2
|-enditem|p1a: Torkoal|Eject Pack
|
|t:|1769297432
|switch|p1a: Raging Bolt|Raging Bolt|100/100
|
|upkeep
|turn|2
|
|t:|1769297446
|move|p1a: Raging Bolt|Volt Switch|p2a: Empoleon
|-supereffective|p2a: Empoleon
|-damage|p2a: Empoleon|26/100
|
|t:|1769297452
|-end|p1a: Raging Bolt|Protosynthesis|[silent]
|switch|p1a: Vileplume|Vileplume, M|100/100|[from] Volt Switch
|move|p2a: Empoleon|Hydro Pump|p1a: Vileplume|[miss]
|-miss|p2a: Empoleon|p1a: Vileplume
|
|upkeep
|turn|3
|
|t:|1769297460
|move|p2a: Empoleon|Flash Cannon|p1a: Vileplume
|-crit|p1a: Vileplume
|-damage|p1a: Vileplume|39/100
|move|p1a: Vileplume|Giga Drain|p2a: Empoleon
|-damage|p2a: Empoleon|0 fnt
|-heal|p1a: Vileplume|52/100|[from] drain|[of] p2a: Empoleon
|faint|p2a: Empoleon
|
|-heal|p1a: Vileplume|58/100|[from] item: Leftovers
|upkeep
|
|t:|1769297470
|switch|p2a: Galvantula|Galvantula, M|100/100
|turn|4
|
|t:|1769297475
|move|p2a: Galvantula|Bug Buzz|p1a: Vileplume
|-damage|p1a: Vileplume|4/100
|-damage|p2a: Galvantula|91/100|[from] item: Life Orb
|move|p1a: Vileplume|Acid Spray|p2a: Galvantula
|-damage|p2a: Galvantula|65/100
|-unboost|p2a: Galvantula|spd|2
|
|-heal|p1a: Vileplume|10/100|[from] item: Leftovers
|upkeep
|turn|5
|
|t:|1769297485
|switch|p1a: Garganacl|Garganacl, M|100/100
|move|p2a: Galvantula|Bug Buzz|p1a: Garganacl
|-damage|p1a: Garganacl|52/100
|-damage|p2a: Galvantula|55/100|[from] item: Life Orb
|
|-heal|p1a: Garganacl|58/100|[from] item: Leftovers
|upkeep
|turn|6
|
|t:|1769297493
|move|p2a: Galvantula|Volt Switch|p1a: Garganacl
|-damage|p1a: Garganacl|22/100
|-damage|p2a: Galvantula|45/100|[from] item: Life Orb
|
|t:|1769297497
|switch|p2a: Hatterene|Hatterene, F|100/100|[from] Volt Switch
|move|p1a: Garganacl|Stealth Rock|p2a: Hatterene
|move|p2a: Hatterene|Stealth Rock|p1a: Garganacl|[from] ability: Magic Bounce
|-sidestart|p1: Drekk45|move: Stealth Rock
|
|-heal|p1a: Garganacl|28/100|[from] item: Leftovers
|upkeep
|turn|7
|
|t:|1769297509
|switch|p1a: Vileplume|Vileplume, M|10/100
|-damage|p1a: Vileplume|0 fnt|[from] Stealth Rock
|faint|p1a: Vileplume
|move|p2a: Hatterene|Reflect|p2a: Hatterene
|-sidestart|p2: PECRIO|Reflect
|
|upkeep
|
|t:|1769297516
|switch|p1a: Darkrai|Darkrai|100/100
|turn|8
|
|t:|1769297520
|-terastallize|p1a: Darkrai|Poison
|move|p1a: Darkrai|Nasty Plot|p1a: Darkrai
|-boost|p1a: Darkrai|spa|2
|move|p2a: Hatterene|Trick Room|p2a: Hatterene
|-fieldstart|move: Trick Room|[of] p2a: Hatterene
|
|upkeep
|turn|9
|
|t:|1769297528
|move|p2a: Hatterene|Mystical Fire|p1a: Darkrai
|-damage|p1a: Darkrai|61/100
|-unboost|p1a: Darkrai|spa|1
|move|p1a: Darkrai|Sludge Bomb|p2a: Hatterene
|-supereffective|p2a: Hatterene
|-damage|p2a: Hatterene|0 fnt
|faint|p2a: Hatterene
|
|upkeep
|
|t:|1769297553
|switch|p2a: Pelipper|Pelipper, F|100/100
|-weather|RainDance|[from] ability: Drizzle|[of] p2a: Pelipper
|turn|10
|
|t:|1769297560
|switch|p1a: Raging Bolt|Raging Bolt|100/100
|-damage|p1a: Raging Bolt|88/100|[from] Stealth Rock
|move|p2a: Pelipper|Hurricane|p1a: Raging Bolt
|-resisted|p1a: Raging Bolt
|-damage|p1a: Raging Bolt|68/100
|
|-weather|RainDance|[upkeep]
|upkeep
|turn|11
|
|t:|1769297569
|switch|p2a: Ampharos|Ampharos, M|100/100
|move|p1a: Raging Bolt|Volt Switch|p2a: Ampharos
|-resisted|p2a: Ampharos
|-damage|p2a: Ampharos|88/100
|
|t:|1769297575
|-end|p1a: Raging Bolt|Protosynthesis|[silent]
|switch|p1a: Torkoal|Torkoal, F|100/100|[from] Volt Switch
|-damage|p1a: Torkoal|75/100|[from] Stealth Rock
|
|-weather|RainDance|[upkeep]
|-sideend|p2: PECRIO|Reflect
|upkeep
|turn|12
|
|t:|1769297581
|move|p1a: Torkoal|Rapid Spin|p2a: Ampharos
|-damage|p2a: Ampharos|78/100
|-boost|p1a: Torkoal|spe|1
|-sideend|p1: Drekk45|Stealth Rock|[from] move: Rapid Spin|[of] p1a: Torkoal
|move|p2a: Ampharos|Power Gem|p1a: Torkoal
|-supereffective|p1a: Torkoal
|-damage|p1a: Torkoal|0 fnt
|faint|p1a: Torkoal
|
|-weather|RainDance|[upkeep]
|-fieldend|move: Trick Room
|upkeep
|
|t:|1769297594
|switch|p1a: Raging Bolt|Raging Bolt|68/100
|turn|13
|
|t:|1769297599
|move|p1a: Raging Bolt|Weather Ball|p2a: Ampharos
|-damage|p2a: Ampharos|42/100
|move|p2a: Ampharos|Dazzling Gleam|p1a: Raging Bolt
|-supereffective|p1a: Raging Bolt
|-damage|p1a: Raging Bolt|11/100
|
|-weather|RainDance|[upkeep]
|upkeep
|turn|14
|
|t:|1769297609
|move|p1a: Raging Bolt|Weather Ball|p2a: Ampharos
|-damage|p2a: Ampharos|10/100
|move|p2a: Ampharos|Discharge|p1a: Raging Bolt
|-resisted|p1a: Raging Bolt
|-damage|p1a: Raging Bolt|1/100
|
|-weather|RainDance|[upkeep]
|upkeep
|turn|15
|
|t:|1769297617
|move|p1a: Raging Bolt|Weather Ball|p2a: Ampharos
|-damage|p2a: Ampharos|0 fnt
|faint|p2a: Ampharos
|
|-weather|RainDance|[upkeep]
|upkeep
|
|t:|1769297638
|switch|p2a: Galvantula|Galvantula, M|45/100
|turn|16
|
|t:|1769297641
|move|p1a: Raging Bolt|Weather Ball|p2a: Galvantula
|-damage|p2a: Galvantula|0 fnt
|faint|p2a: Galvantula
|
|-weather|RainDance|[upkeep]
|upkeep
|
|t:|1769297646
|switch|p2a: Tyranitar|Tyranitar, F|100/100
|-weather|Sandstorm|[from] ability: Sand Stream|[of] p2a: Tyranitar
|turn|17
|
|t:|1769297651
|-end|p1a: Raging Bolt|Protosynthesis|[silent]
|switch|p1a: Garganacl|Garganacl, M|28/100
|move|p2a: Tyranitar|Dragon Dance|p2a: Tyranitar
|-boost|p2a: Tyranitar|atk|1
|-boost|p2a: Tyranitar|spe|1
|
|-weather|Sandstorm|[upkeep]
|-heal|p1a: Garganacl|35/100|[from] item: Leftovers
|upkeep
|turn|18
|
|t:|1769297660
|move|p2a: Tyranitar|Crunch|p1a: Garganacl
|-damage|p1a: Garganacl|3/100
|-unboost|p1a: Garganacl|def|1
|move|p1a: Garganacl|Salt Cure|p2a: Tyranitar
|-damage|p2a: Tyranitar|92/100
|-start|p2a: Tyranitar|Salt Cure
|
|-weather|Sandstorm|[upkeep]
|-heal|p1a: Garganacl|10/100|[from] item: Leftovers
|-damage|p2a: Tyranitar|80/100|[from] Salt Cure
|upkeep
|turn|19
|
|t:|1769297670
|move|p2a: Tyranitar|Dragon Dance|p2a: Tyranitar
|-boost|p2a: Tyranitar|atk|1
|-boost|p2a: Tyranitar|spe|1
|move|p1a: Garganacl|Stealth Rock|p2a: Tyranitar
|-sidestart|p2: PECRIO|move: Stealth Rock
|
|-weather|Sandstorm|[upkeep]
|-heal|p1a: Garganacl|16/100|[from] item: Leftovers
|-damage|p2a: Tyranitar|67/100|[from] Salt Cure
|upkeep
|turn|20
|
|t:|1769297678
|move|p2a: Tyranitar|Dragon Dance|p2a: Tyranitar
|-boost|p2a: Tyranitar|atk|1
|-boost|p2a: Tyranitar|spe|1
|move|p1a: Garganacl|Recover|p1a: Garganacl
|-heal|p1a: Garganacl|66/100
|
|-weather|Sandstorm|[upkeep]
|-heal|p1a: Garganacl|72/100|[from] item: Leftovers
|-damage|p2a: Tyranitar|55/100|[from] Salt Cure
|upkeep
|turn|21
|
|t:|1769297686
|move|p2a: Tyranitar|Crunch|p1a: Garganacl
|-damage|p1a: Garganacl|0 fnt
|faint|p1a: Garganacl
|
|-weather|none
|-damage|p2a: Tyranitar|43/100|[from] Salt Cure
|upkeep
|
|t:|1769297693
|switch|p1a: Raging Bolt|Raging Bolt|1/100
|turn|22
|
|t:|1769297698
|move|p1a: Raging Bolt|Volt Switch|p2a: Tyranitar
|-damage|p2a: Tyranitar|8/100
|-enditem|p2a: Tyranitar|Salac Berry|[eat]
|-boost|p2a: Tyranitar|spe|1|[from] item: Salac Berry
|
|t:|1769297707
|-end|p1a: Raging Bolt|Protosynthesis|[silent]
|switch|p1a: Flamigo|Flamigo, M|100/100|[from] Volt Switch
|move|p2a: Tyranitar|Crunch|p1a: Flamigo
|-resisted|p1a: Flamigo
|-damage|p1a: Flamigo|29/100
|-unboost|p1a: Flamigo|def|1
|-enditem|p1a: Flamigo|White Herb
|-clearnegativeboost|p1a: Flamigo|[silent]
|
|-damage|p2a: Tyranitar|0 fnt|[from] Salt Cure
|faint|p2a: Tyranitar
|upkeep
|
|t:|1769297710
|switch|p2a: Pelipper|Pelipper, F|100/100
|-damage|p2a: Pelipper|75/100|[from] Stealth Rock
|-weather|RainDance|[from] ability: Drizzle|[of] p2a: Pelipper
|turn|23
|-message|PECRIO forfeited.
|
|win|Drekk45
|raw|Drekk45's rating: 1111 &rarr; <strong>1135</strong><br />(+24 for winning)
|raw|PECRIO's rating: 1094 &rarr; <strong>1071</strong><br />(-23 for losing)
|l|☆PECRIO
|player|p2|
|l|‽Drekk45
|player|p1|
