|j|☆blckd out
|j|☆faiyex-san
|t:|1769343419
|gametype|singles
|player|p1|blckd out|lucas-gen4pt|1711
|player|p2|faiyex-san|erika|1709
|gen|9
|tier|[Gen 9] OU
|rated|
|rule|HP Percentage Mod: HP is shown in percentages
|rule|Endless Battle Clause: Forcing endless battles is banned
|rule|Species Clause: Limit one of each Pokémon
|rule|OHKO Clause: OHKO moves are banned
|rule|Evasion Items Clause: Evasion items are banned
|rule|Evasion Moves Clause: Evasion moves are banned
|rule|Evasion Abilities Clause: Evasion abilities are banned
|rule|Sleep Moves Clause: Sleep-inducing moves are banned
|clearpoke
|poke|p1|Gholdengo|
|poke|p1|Raging Bolt|
|poke|p1|Ceruledge, M|
|poke|p1|Ribombee, F|
|poke|p1|Ogerpon-Wellspring, F|
|poke|p1|Great Tusk|
|poke|p2|Greninja-*, M|
|poke|p2|Gholdengo|
|poke|p2|Glimmora, M|
|poke|p2|Dragonite, F|
|poke|p2|Ogerpon-Wellspring, F|
|poke|p2|Zamazenta-*|
|teampreview
|
|t:|1769343443
|teamsize|p1|6
|teamsize|p2|6
|start
|switch|p1a: Ogerpon|Ogerpon-Wellspring, F|100/100
|switch|p2a: Glimmora|Glimmora, M|100/100
|turn|1
|
|t:|1769343447
|move|p1a: Ogerpon|Ivy Cudgel|p2a: Glimmora|[anim] Ivy Cudgel Water
|-supereffective|p2a: Glimmora
|-crit|p2a: Glimmora
|-enditem|p2a: Glimmora|Focus Sash
|-damage|p2a: Glimmora|1/100
|-activate|p2a: Glimmora|ability: Toxic Debris
|-sidestart|p1: blckd out|move: Toxic Spikes
|move|p2a: Glimmora|Stealth Rock|p1a: Ogerpon
|-sidestart|p1: blckd out|move: Stealth Rock
|
|upkeep
|turn|2
|
|t:|1769343454
|switch|p2a: Dragonite|Dragonite, F|100/100
|move|p1a: Ogerpon|Ivy Cudgel|p2a: Dragonite|[anim] Ivy Cudgel Water
|-resisted|p2a: Dragonite
|-crit|p2a: Dragonite
|-damage|p2a: Dragonite|77/100
|
|upkeep
|turn|3
|
|t:|1769343457
|move|p2a: Dragonite|Extreme Speed|p1a: Ogerpon
|-crit|p1a: Ogerpon
|-damage|p1a: Ogerpon|15/100
|move|p1a: Ogerpon|Play Rough|p2a: Dragonite
|-supereffective|p2a: Dragonite
|-damage|p2a: Dragonite|0 fnt
|faint|p2a: Dragonite
|
|upkeep
|
|t:|1769343462
|switch|p2a: Greninja|Greninja, M|100/100
|turn|4
|
|t:|1769343464
|move|p2a: Greninja|Ice Beam|p1a: Ogerpon
|-damage|p1a: Ogerpon|0 fnt
|faint|p1a: Ogerpon
|-ability|p2a: Greninja|Battle Bond|boost
|-boost|p2a: Greninja|atk|1
|-boost|p2a: Greninja|spa|1
|-boost|p2a: Greninja|spe|1
|-activate|p2a: Greninja|ability: Battle Bond
|-damage|p2a: Greninja|91/100|[from] item: Life Orb
|
|upkeep
|
|t:|1769343468
|switch|p1a: Raging Bolt|Raging Bolt|100/100
|-status|p1a: Raging Bolt|psn
|-damage|p1a: Raging Bolt|88/100 psn|[from] Stealth Rock
|-enditem|p1a: Raging Bolt|Booster Energy
|-activate|p1a: Raging Bolt|ability: Protosynthesis|[fromitem]
|-start|p1a: Raging Bolt|protosynthesisspa
|turn|5
|
|t:|1769343473
|move|p2a: Greninja|Water Shuriken|p1a: Raging Bolt
|-resisted|p1a: Raging Bolt
|-damage|p1a: Raging Bolt|83/100 psn
|-resisted|p1a: Raging Bolt
|-damage|p1a: Raging Bolt|77/100 psn
|-hitcount|p1a: Raging Bolt|2
|-damage|p2a: Greninja|81/100|[from] item: Life Orb
|move|p1a: Raging Bolt|Discharge|p2a: Greninja
|-supereffective|p2a: Greninja
|-damage|p2a: Greninja|0 fnt
|faint|p2a: Greninja
|
|-damage|p1a: Raging Bolt|65/100 psn|[from] psn
|upkeep
|inactive|Battle timer is ON: inactive players will automatically lose when time's up. (requested by blckd out)
|
|t:|1769343480
|switch|p2a: Zamazenta|Zamazenta|100/100
|-ability|p2a: Zamazenta|Dauntless Shield|boost
|-boost|p2a: Zamazenta|def|1
|turn|6
|j| Sviqma
|
|t:|1769343494
|move|p1a: Raging Bolt|Thunderclap|p2a: Zamazenta
|-damage|p2a: Zamazenta|51/100
|move|p2a: Zamazenta|Close Combat|p1a: Raging Bolt
|-damage|p1a: Raging Bolt|15/100 psn
|-unboost|p2a: Zamazenta|def|1
|-unboost|p2a: Zamazenta|spd|1
|
|-damage|p1a: Raging Bolt|2/100 psn|[from] psn
|upkeep
|turn|7
|
|t:|1769343501
|switch|p2a: Glimmora|Glimmora, M|1/100
|move|p1a: Raging Bolt|Discharge|p2a: Glimmora
|-damage|p2a: Glimmora|0 fnt
|faint|p2a: Glimmora
|
|-damage|p1a: Raging Bolt|0 fnt|[from] psn
|faint|p1a: Raging Bolt
|-end|p1a: Raging Bolt|Protosynthesis|[silent]
|upkeep
|
|t:|1769343507
|switch|p2a: Gholdengo|Gholdengo|100/100
|switch|p1a: Ribombee|Ribombee, F|100/100
|-status|p1a: Ribombee|psn
|-damage|p1a: Ribombee|76/100 psn|[from] Stealth Rock
|-item|p2a: Gholdengo|Air Balloon
|turn|8
|
|t:|1769343511
|move|p1a: Ribombee|Sticky Web|p2a: Gholdengo
|-sidestart|p2: faiyex-san|move: Sticky Web
|move|p2a: Gholdengo|Make It Rain|p1a: Ribombee
|-supereffective|p1a: Ribombee
|-damage|p1a: Ribombee|0 fnt
|-unboost|p2a: Gholdengo|spa|1
|faint|p1a: Ribombee
|
|upkeep
|
|t:|1769343518
|switch|p1a: Gholdengo|Gholdengo|100/100
|-damage|p1a: Gholdengo|94/100|[from] Stealth Rock
|-item|p1a: Gholdengo|Air Balloon
|turn|9
|
|t:|1769343520
|move|p1a: Gholdengo|Shadow Ball|p2a: Gholdengo
|-supereffective|p2a: Gholdengo
|-damage|p2a: Gholdengo|2/100
|-enditem|p2a: Gholdengo|Air Balloon
|move|p2a: Gholdengo|Shadow Ball|p1a: Gholdengo
|-supereffective|p1a: Gholdengo
|-damage|p1a: Gholdengo|41/100
|-enditem|p1a: Gholdengo|Air Balloon
|
|upkeep
|turn|10
|
|t:|1769343530
|switch|p2a: Ogerpon|Ogerpon-Wellspring, F|100/100
|-activate|p2a: Ogerpon|move: Sticky Web
|-unboost|p2a: Ogerpon|spe|1
|move|p1a: Gholdengo|Shadow Ball|p2a: Ogerpon
|-damage|p2a: Ogerpon|43/100
|
|upkeep
|turn|11
|
|t:|1769343544
|move|p1a: Gholdengo|Shadow Ball|p2a: Ogerpon
|-damage|p2a: Ogerpon|0 fnt
|faint|p2a: Ogerpon
|
|upkeep
|
|t:|1769343547
|switch|p2a: Zamazenta|Zamazenta|51/100
|turn|12
|j| Tb_cccc15
|
|t:|1769343562
|-terastallize|p1a: Gholdengo|Fairy
|move|p2a: Zamazenta|Crunch|p1a: Gholdengo
|-resisted|p1a: Gholdengo
|-damage|p1a: Gholdengo|26/100
|move|p1a: Gholdengo|Dazzling Gleam|p2a: Zamazenta
|-supereffective|p2a: Zamazenta
|-damage|p2a: Zamazenta|0 fnt
|faint|p2a: Zamazenta
|
|upkeep
|-message|faiyex-san forfeited.
|
|win|blckd out
|raw|blckd out's rating: 1711 &rarr; <strong>1731</strong><br />(+20 for winning)
|raw|faiyex-san's rating: 1709 &rarr; <strong>1689</strong><br />(-20 for losing)
|l|☆blckd out
|player|p1|
|l|☆faiyex-san
|player|p2|
|l| Tb_cccc15
