|j|‽nakgy
|j|☆sephy69
|t:|1769406709
|gametype|singles
|player|p1|nakgy|169|1151
|player|p2|sephy69|will|1100
|gen|9
|tier|[Gen 9] OU
|rated|
|rule|HP Percentage Mod: HP is shown in percentages
|rule|Endless Battle Clause: Forcing endless battles is banned
|rule|Species Clause: Limit one of each Pokémon
|rule|OHKO Clause: OHKO moves are banned
|rule|Evasion Items Clause: Evasion items are banned
|rule|Evasion Moves Clause: Evasion moves are banned
|rule|Evasion Abilities Clause: Evasion abilities are banned
|rule|Sleep Moves Clause: Sleep-inducing moves are banned
|clearpoke
|poke|p1|Ogerpon-Wellspring, F|
|poke|p1|Heatran, F|
|poke|p1|Mandibuzz, F|
|poke|p1|Wyrdeer, M|
|poke|p1|Gliscor, F|
|poke|p1|Mimikyu, F|
|poke|p2|Dragapult, F|
|poke|p2|Zapdos-Galar|
|poke|p2|Slowking, F|
|poke|p2|Glimmora, M|
|poke|p2|Weezing-Galar, M|
|poke|p2|Meowscarada, F|
|teampreview
|inactive|Battle timer is ON: inactive players will automatically lose when time's up. (requested by nakgy)
|
|t:|1769406718
|teamsize|p1|6
|teamsize|p2|6
|start
|switch|p1a: Wyrdeer|Wyrdeer, M|100/100
|switch|p2a: Zapdos|Zapdos-Galar|100/100
|turn|1
|
|t:|1769406727
|move|p2a: Zapdos|U-turn|p1a: Wyrdeer
|-supereffective|p1a: Wyrdeer
|-damage|p1a: Wyrdeer|41/100
|l|‽nakgy
|inactive|nakgy disconnected and has a minute to reconnect!
|player|p1|
|
|t:|1769406729
|switch|p2a: Meowscarada|Meowscarada, F|100/100|[from] U-turn
|move|p1a: Wyrdeer|Trick|p2a: Meowscarada
|-activate|p1a: Wyrdeer|move: Trick|[of] p2a: Meowscarada
|-item|p2a: Meowscarada|Choice Scarf|[from] move: Trick
|-item|p1a: Wyrdeer|Focus Sash|[from] move: Trick
|
|upkeep
|turn|2
|j|☆nakgy
|inactive|nakgy reconnected and has 145 seconds left.
|player|p1|nakgy|169|
|
|t:|1769406747
|switch|p1a: Mandibuzz|Mandibuzz, F|100/100
|move|p2a: Meowscarada|Knock Off|p1a: Mandibuzz
|-start|p2a: Meowscarada|typechange|Dark|[from] ability: Protean
|-resisted|p1a: Mandibuzz
|-crit|p1a: Mandibuzz
|-damage|p1a: Mandibuzz|81/100
|-damage|p2a: Meowscarada|84/100|[from] item: Rocky Helmet|[of] p1a: Mandibuzz
|-enditem|p1a: Mandibuzz|Rocky Helmet|[from] move: Knock Off|[of] p2a: Meowscarada
|
|upkeep
|turn|3
|
|t:|1769406768
|switch|p2a: Zapdos|Zapdos-Galar|100/100
|move|p1a: Mandibuzz|Toxic|p2a: Zapdos|[miss]
|-miss|p1a: Mandibuzz|p2a: Zapdos
|
|upkeep
|turn|4
|
|t:|1769406775
|move|p2a: Zapdos|U-turn|p1a: Mandibuzz
|-damage|p1a: Mandibuzz|67/100
|
|t:|1769406778
|switch|p2a: Glimmora|Glimmora, M|100/100|[from] U-turn
|move|p1a: Mandibuzz|Toxic|p2a: Glimmora
|-immune|p2a: Glimmora
|
|upkeep
|turn|5
|
|t:|1769406790
|switch|p1a: Gliscor|Gliscor, F|100/100
|move|p2a: Glimmora|Stealth Rock|p1a: Gliscor
|-sidestart|p1: nakgy|move: Stealth Rock
|
|-status|p1a: Gliscor|tox|[from] item: Toxic Orb
|upkeep
|turn|6
|
|t:|1769406810
|switch|p2a: Zapdos|Zapdos-Galar|100/100
|move|p1a: Gliscor|Earthquake|p2a: Zapdos
|-immune|p2a: Zapdos
|
|upkeep
|turn|7
|
|t:|1769406816
|move|p2a: Zapdos|Knock Off|p1a: Gliscor
|-damage|p1a: Gliscor|82/100 tox
|-enditem|p1a: Gliscor|Toxic Orb|[from] move: Knock Off|[of] p2a: Zapdos
|move|p1a: Gliscor|Toxic|p2a: Zapdos|[miss]
|-miss|p1a: Gliscor|p2a: Zapdos
|
|-heal|p1a: Gliscor|94/100 tox|[from] ability: Poison Heal
|upkeep
|turn|8
|
|t:|1769406824
|move|p2a: Zapdos|Thunderous Kick|p1a: Gliscor
|-resisted|p1a: Gliscor
|-damage|p1a: Gliscor|80/100 tox
|-unboost|p1a: Gliscor|def|1
|move|p1a: Gliscor|Earthquake|p2a: Zapdos
|-immune|p2a: Zapdos
|
|-heal|p1a: Gliscor|92/100 tox|[from] ability: Poison Heal
|upkeep
|turn|9
|
|t:|1769406834
|move|p2a: Zapdos|Brave Bird|p1a: Gliscor
|-damage|p1a: Gliscor|41/100 tox
|-damage|p2a: Zapdos|82/100|[from] Recoil
|move|p1a: Gliscor|Toxic|p2a: Zapdos
|-status|p2a: Zapdos|tox
|
|-damage|p2a: Zapdos|76/100 tox|[from] psn
|-heal|p1a: Gliscor|54/100 tox|[from] ability: Poison Heal
|upkeep
|turn|10
|
|t:|1769406851
|switch|p2a: Weezing|Weezing-Galar, M|100/100
|move|p1a: Gliscor|Protect||[still]
|-fail|p1a: Gliscor
|
|-heal|p1a: Gliscor|66/100 tox|[from] ability: Poison Heal
|upkeep
|turn|11
|
|t:|1769406873
|move|p1a: Gliscor|Substitute|p1a: Gliscor
|-start|p1a: Gliscor|Substitute
|-damage|p1a: Gliscor|41/100 tox
|move|p2a: Weezing|Heat Wave|p1a: Gliscor
|-activate|p1a: Gliscor|move: Substitute|[damage]
|
|-heal|p1a: Gliscor|54/100 tox|[from] ability: Poison Heal
|upkeep
|turn|12
|
|t:|1769406883
|move|p1a: Gliscor|Protect|p1a: Gliscor
|-singleturn|p1a: Gliscor|Protect
|move|p2a: Weezing|Strange Steam|p1a: Gliscor
|-activate|p1a: Gliscor|move: Protect
|
|-heal|p1a: Gliscor|66/100 tox|[from] ability: Poison Heal
|upkeep
|turn|13
|
|t:|1769406898
|move|p1a: Gliscor|Earthquake|p2a: Weezing
|-immune|p2a: Weezing|[from] ability: Levitate
|move|p2a: Weezing|Strange Steam|p1a: Gliscor
|-end|p1a: Gliscor|Substitute
|
|-heal|p1a: Gliscor|78/100 tox|[from] ability: Poison Heal
|upkeep
|turn|14
|
|t:|1769406917
|switch|p1a: Wyrdeer|Wyrdeer, M|41/100
|-damage|p1a: Wyrdeer|29/100|[from] Stealth Rock
|switch|p2a: Slowking|Slowking, F|100/100
|
|upkeep
|turn|15
|
|t:|1769406925
|move|p1a: Wyrdeer|Trick|p2a: Slowking
|-activate|p1a: Wyrdeer|move: Trick|[of] p2a: Slowking
|-item|p2a: Slowking|Focus Sash|[from] move: Trick
|-item|p1a: Wyrdeer|Leftovers|[from] move: Trick
|move|p2a: Slowking|Scald|p1a: Wyrdeer
|-damage|p1a: Wyrdeer|0 fnt
|faint|p1a: Wyrdeer
|
|upkeep
|
|t:|1769406936
|switch|p1a: Mandibuzz|Mandibuzz, F|67/100
|-damage|p1a: Mandibuzz|42/100|[from] Stealth Rock
|turn|16
|
|t:|1769406941
|move|p1a: Mandibuzz|Defog|p2a: Slowking
|-unboost|p2a: Slowking|evasion|1
|-sideend|p1: nakgy|Stealth Rock|[from] move: Defog|[of] p1a: Mandibuzz
|move|p2a: Slowking|Ice Beam|p1a: Mandibuzz
|-supereffective|p1a: Mandibuzz
|-damage|p1a: Mandibuzz|4/100
|
|upkeep
|turn|17
|
|t:|1769406949
|move|p1a: Mandibuzz|Roost|p1a: Mandibuzz
|-heal|p1a: Mandibuzz|54/100
|-singleturn|p1a: Mandibuzz|move: Roost
|move|p2a: Slowking|Ice Beam|p1a: Mandibuzz
|-crit|p1a: Mandibuzz
|-damage|p1a: Mandibuzz|28/100
|
|upkeep
|turn|18
|
|t:|1769406961
|switch|p2a: Glimmora|Glimmora, M|100/100
|move|p1a: Mandibuzz|Roost|p1a: Mandibuzz
|-heal|p1a: Mandibuzz|78/100
|-singleturn|p1a: Mandibuzz|move: Roost
|
|upkeep
|turn|19
|
|t:|1769406972
|switch|p1a: Gliscor|Gliscor, F|78/100 tox
|move|p2a: Glimmora|Stealth Rock|p1a: Gliscor
|-sidestart|p1: nakgy|move: Stealth Rock
|
|-heal|p1a: Gliscor|91/100 tox|[from] ability: Poison Heal
|upkeep
|turn|20
|
|t:|1769406982
|switch|p1a: Mandibuzz|Mandibuzz, F|78/100
|-damage|p1a: Mandibuzz|53/100|[from] Stealth Rock
|switch|p2a: Zapdos|Zapdos-Galar|76/100 tox
|
|-damage|p2a: Zapdos|70/100 tox|[from] psn
|upkeep
|turn|21
|
|t:|1769406993
|move|p2a: Zapdos|Thunderous Kick|p1a: Mandibuzz
|-damage|p1a: Mandibuzz|28/100
|-unboost|p1a: Mandibuzz|def|1
|move|p1a: Mandibuzz|Roost|p1a: Mandibuzz
|-heal|p1a: Mandibuzz|78/100
|-singleturn|p1a: Mandibuzz|move: Roost
|
|-damage|p2a: Zapdos|57/100 tox|[from] psn
|upkeep
|turn|22
|
|t:|1769407007
|switch|p1a: Gliscor|Gliscor, F|91/100 tox
|-damage|p1a: Gliscor|78/100 tox|[from] Stealth Rock
|move|p2a: Zapdos|Thunderous Kick|p1a: Gliscor
|-resisted|p1a: Gliscor
|-crit|p1a: Gliscor
|-damage|p1a: Gliscor|59/100 tox
|-unboost|p1a: Gliscor|def|1
|
|-damage|p2a: Zapdos|39/100 tox|[from] psn
|-heal|p1a: Gliscor|72/100 tox|[from] ability: Poison Heal
|upkeep
|turn|23
|
|t:|1769407022
|switch|p2a: Dragapult|Dragapult, F|100/100
|switch|p1a: Mandibuzz|Mandibuzz, F|78/100
|-damage|p1a: Mandibuzz|53/100|[from] Stealth Rock
|
|upkeep
|turn|24
|
|t:|1769407028
|move|p2a: Dragapult|Draco Meteor|p1a: Mandibuzz
|-damage|p1a: Mandibuzz|0 fnt
|-unboost|p2a: Dragapult|spa|2
|faint|p1a: Mandibuzz
|
|upkeep
|
|t:|1769407037
|switch|p1a: Ogerpon|Ogerpon-Wellspring, F|100/100
|-damage|p1a: Ogerpon|88/100|[from] Stealth Rock
|turn|25
|
|t:|1769407045
|switch|p2a: Weezing|Weezing-Galar, M|100/100
|move|p1a: Ogerpon|Swords Dance|p1a: Ogerpon
|-boost|p1a: Ogerpon|atk|2
|
|upkeep
|turn|26
|
|t:|1769407053
|-terastallize|p1a: Ogerpon|Water
|detailschange|p1a: Ogerpon|Ogerpon-Wellspring-Tera, F, tera:Water
|-ability|p1a: Ogerpon|Embody Aspect (Wellspring)|boost
|-boost|p1a: Ogerpon|spd|1
|move|p1a: Ogerpon|Ivy Cudgel|p2a: Weezing|[anim] Ivy Cudgel Water
|-crit|p2a: Weezing
|-damage|p2a: Weezing|0 fnt
|faint|p2a: Weezing
|
|upkeep
|
|t:|1769407063
|switch|p2a: Meowscarada|Meowscarada, F|84/100
|turn|27
|
|t:|1769407075
|switch|p1a: Heatran|Heatran, F|100/100
|-damage|p1a: Heatran|88/100|[from] Stealth Rock
|-item|p1a: Heatran|Air Balloon
|-terastallize|p2a: Meowscarada|Grass
|move|p2a: Meowscarada|Flower Trick|p1a: Heatran
|-resisted|p1a: Heatran
|-crit|p1a: Heatran
|-damage|p1a: Heatran|73/100
|-enditem|p1a: Heatran|Air Balloon
|
|upkeep
|turn|28
|
|t:|1769407089
|switch|p2a: Slowking|Slowking, F|100/100
|move|p1a: Heatran|Stealth Rock|p2a: Slowking
|-sidestart|p2: sephy69|move: Stealth Rock
|
|upkeep
|turn|29
|
|t:|1769407100
|switch|p1a: Ogerpon|Ogerpon-Wellspring-Tera, F, tera:Water|88/100
|-damage|p1a: Ogerpon|76/100|[from] Stealth Rock
|-ability|p1a: Ogerpon|Embody Aspect (Wellspring)|boost
|-boost|p1a: Ogerpon|spd|1
|move|p2a: Slowking|Psychic Noise|p1a: Ogerpon
|-damage|p1a: Ogerpon|54/100
|-start|p1a: Ogerpon|move: Heal Block
|
|upkeep
|turn|30
|
|t:|1769407115
|switch|p2a: Glimmora|Glimmora, M|100/100
|-damage|p2a: Glimmora|88/100|[from] Stealth Rock
|move|p1a: Ogerpon|Play Rough|p2a: Glimmora
|-resisted|p2a: Glimmora
|-damage|p2a: Glimmora|72/100
|-activate|p2a: Glimmora|ability: Toxic Debris
|-sidestart|p1: nakgy|move: Toxic Spikes
|
|-heal|p2a: Glimmora|79/100|[from] item: Black Sludge
|-end|p1a: Ogerpon|move: Heal Block
|upkeep
|turn|31
|
|t:|1769407130
|move|p2a: Glimmora|Spiky Shield|p2a: Glimmora
|-singleturn|p2a: Glimmora|move: Protect
|move|p1a: Ogerpon|Ivy Cudgel|p2a: Glimmora|[anim] Ivy Cudgel Water
|-activate|p2a: Glimmora|move: Protect
|
|-heal|p2a: Glimmora|85/100|[from] item: Black Sludge
|upkeep
|turn|32
|
|t:|1769407142
|switch|p2a: Zapdos|Zapdos-Galar|39/100 tox
|-damage|p2a: Zapdos|26/100 tox|[from] Stealth Rock
|move|p1a: Ogerpon|Swords Dance|p1a: Ogerpon
|-boost|p1a: Ogerpon|atk|2
|
|-damage|p2a: Zapdos|20/100 tox|[from] psn
|upkeep
|turn|33
|
|t:|1769407151
|move|p1a: Ogerpon|Horn Leech|p2a: Zapdos
|-resisted|p2a: Zapdos
|-damage|p2a: Zapdos|0 fnt
|-heal|p1a: Ogerpon|64/100|[from] drain|[of] p2a: Zapdos
|faint|p2a: Zapdos
|
|upkeep
|
|t:|1769407158
|switch|p2a: Meowscarada|Meowscarada, F, tera:Grass|84/100
|-damage|p2a: Meowscarada|72/100|[from] Stealth Rock
|turn|34
|
|t:|1769407177
|move|p2a: Meowscarada|U-turn|p1a: Ogerpon
|-damage|p1a: Ogerpon|33/100
|
|t:|1769407189
|switch|p2a: Glimmora|Glimmora, M|85/100|[from] U-turn
|-damage|p2a: Glimmora|72/100|[from] Stealth Rock
|move|p1a: Ogerpon|Ivy Cudgel|p2a: Glimmora|[anim] Ivy Cudgel Water
|-supereffective|p2a: Glimmora
|-damage|p2a: Glimmora|0 fnt
|-activate|p2a: Glimmora|ability: Toxic Debris
|-sidestart|p1: nakgy|move: Toxic Spikes
|faint|p2a: Glimmora
|
|upkeep
|
|t:|1769407201
|switch|p2a: Dragapult|Dragapult, F|100/100
|-damage|p2a: Dragapult|88/100|[from] Stealth Rock
|turn|35
|
|t:|1769407207
|move|p2a: Dragapult|Shadow Ball|p1a: Ogerpon
|-damage|p1a: Ogerpon|0 fnt
|faint|p1a: Ogerpon
|detailschange|p1: Ogerpon|Ogerpon-Wellspring, F|[silent]
|
|upkeep
|
|t:|1769407218
|switch|p1a: Gliscor|Gliscor, F|72/100 tox
|-damage|p1a: Gliscor|59/100 tox|[from] Stealth Rock
|turn|36
|
|t:|1769407223
|move|p2a: Dragapult|Shadow Ball|p1a: Gliscor
|-damage|p1a: Gliscor|0 fnt
|faint|p1a: Gliscor
|
|upkeep
|
|t:|1769407227
|switch|p1a: Heatran|Heatran, F|73/100
|-damage|p1a: Heatran|61/100|[from] Stealth Rock
|turn|37
|
|t:|1769407231
|move|p2a: Dragapult|Shadow Ball|p1a: Heatran
|-damage|p1a: Heatran|14/100
|move|p1a: Heatran|Magma Storm|p2a: Dragapult
|-resisted|p2a: Dragapult
|-damage|p2a: Dragapult|48/100
|-activate|p2a: Dragapult|move: Magma Storm|[of] p1a: Heatran
|
|-damage|p2a: Dragapult|35/100|[from] move: Magma Storm|[partiallytrapped]
|upkeep
|turn|38
|
|t:|1769407242
|move|p2a: Dragapult|Shadow Ball|p1a: Heatran
|-damage|p1a: Heatran|0 fnt
|faint|p1a: Heatran
|
|-end|p2a: Dragapult|Magma Storm|[partiallytrapped]|[silent]
|upkeep
|
|t:|1769407244
|switch|p1a: Mimikyu|Mimikyu, F|100/100
|-damage|p1a: Mimikyu|88/100|[from] Stealth Rock
|-status|p1a: Mimikyu|tox
|turn|39
|
|t:|1769407250
|move|p2a: Dragapult|Shadow Ball|p1a: Mimikyu
|-activate|p1a: Mimikyu|ability: Disguise
|-damage|p1a: Mimikyu|88/100 tox
|detailschange|p1a: Mimikyu|Mimikyu-Busted, F
|-damage|p1a: Mimikyu|76/100 tox|[from] pokemon: Mimikyu-Busted
|move|p1a: Mimikyu|Swords Dance|p1a: Mimikyu
|-boost|p1a: Mimikyu|atk|2
|
|-damage|p1a: Mimikyu|70/100 tox|[from] psn
|upkeep
|turn|40
|
|t:|1769407264
|move|p1a: Mimikyu|Shadow Sneak|p2a: Dragapult
|-supereffective|p2a: Dragapult
|-damage|p2a: Dragapult|0 fnt
|faint|p2a: Dragapult
|-damage|p1a: Mimikyu|60/100 tox|[from] item: Life Orb
|
|-damage|p1a: Mimikyu|48/100 tox|[from] psn
|upkeep
|
|t:|1769407272
|switch|p2a: Slowking|Slowking, F|100/100
|-damage|p2a: Slowking|88/100|[from] Stealth Rock
|turn|41
|
|t:|1769407281
|switch|p2a: Meowscarada|Meowscarada, F, tera:Grass|72/100
|-damage|p2a: Meowscarada|60/100|[from] Stealth Rock
|move|p1a: Mimikyu|Shadow Sneak|p2a: Meowscarada
|-damage|p2a: Meowscarada|0 fnt
|faint|p2a: Meowscarada
|-damage|p1a: Mimikyu|38/100 tox|[from] item: Life Orb
|
|-damage|p1a: Mimikyu|20/100 tox|[from] psn
|upkeep
|
|t:|1769407290
|switch|p2a: Slowking|Slowking, F|100/100
|-damage|p2a: Slowking|88/100|[from] Stealth Rock
|turn|42
|
|t:|1769407294
|move|p1a: Mimikyu|Shadow Sneak|p2a: Slowking
|-supereffective|p2a: Slowking
|-damage|p2a: Slowking|10/100
|-damage|p1a: Mimikyu|10/100 tox|[from] item: Life Orb
|move|p2a: Slowking|Slack Off|p2a: Slowking
|-heal|p2a: Slowking|60/100
|
|-damage|p1a: Mimikyu|0 fnt|[from] psn
|faint|p1a: Mimikyu
|
|win|sephy69
|raw|nakgy's rating: 1151 &rarr; <strong>1122</strong><br />(-29 for losing)
|raw|sephy69's rating: 1100 &rarr; <strong>1129</strong><br />(+29 for winning)
|l|☆nakgy
|player|p1|
|l|☆sephy69
|player|p2|
