|j|☆Aaronlordy
|j|☆gamerhops
|t:|1769447031
|gametype|singles
|player|p1|Aaronlordy|hugh|1064
|player|p2|gamerhops|1|1104
|gen|9
|tier|[Gen 9] OU
|rated|
|rule|HP Percentage Mod: HP is shown in percentages
|rule|Endless Battle Clause: Forcing endless battles is banned
|rule|Species Clause: Limit one of each Pokémon
|rule|OHKO Clause: OHKO moves are banned
|rule|Evasion Items Clause: Evasion items are banned
|rule|Evasion Moves Clause: Evasion moves are banned
|rule|Evasion Abilities Clause: Evasion abilities are banned
|rule|Sleep Moves Clause: Sleep-inducing moves are banned
|clearpoke
|poke|p1|Ceruledge, M|
|poke|p1|Goodra-Hisui, F|
|poke|p1|Maushold|
|poke|p1|Zamazenta-*|
|poke|p1|Minior-Violet|
|poke|p1|Clodsire, F|
|poke|p2|Salamence, M|
|poke|p2|Hitmonlee, M|
|poke|p2|Clefable, F|
|poke|p2|Garganacl, M|
|poke|p2|Zapdos|
|poke|p2|Pelipper, F|
|teampreview
|inactive|Battle timer is ON: inactive players will automatically lose when time's up. (requested by gamerhops)
|
|t:|1769447056
|teamsize|p1|6
|teamsize|p2|6
|start
|switch|p1a: Kitasan Black|Minior-Violet, shiny|100/100
|switch|p2a: Clefable|Clefable, F|100/100
|-formechange|p1a: Kitasan Black|Minior-Meteor||[from] ability: Shields Down
|turn|1
|
|t:|1769447072
|move|p1a: Kitasan Black|Shell Smash|p1a: Kitasan Black
|-unboost|p1a: Kitasan Black|def|1
|-unboost|p1a: Kitasan Black|spd|1
|-boost|p1a: Kitasan Black|atk|2
|-boost|p1a: Kitasan Black|spa|2
|-boost|p1a: Kitasan Black|spe|2
|-enditem|p1a: Kitasan Black|White Herb
|-clearnegativeboost|p1a: Kitasan Black|[silent]
|move|p2a: Clefable|Thunder Wave|p1a: Kitasan Black
|-immune|p1a: Kitasan Black|[from] ability: Shields Down
|
|upkeep
|turn|2
|c|☆Aaronlordy|Love shield
|c|☆gamerhops|Yeah forgot
|
|t:|1769447096
|switch|p2a: Garganacl|Garganacl, M|100/100
|move|p1a: Kitasan Black|Stealth Rock|p2a: Garganacl
|-sidestart|p2: gamerhops|move: Stealth Rock
|
|upkeep
|turn|3
|
|t:|1769447109
|move|p1a: Kitasan Black|Earthquake|p2a: Garganacl
|-supereffective|p2a: Garganacl
|-damage|p2a: Garganacl|59/100
|move|p2a: Garganacl|Salt Cure|p1a: Kitasan Black
|-supereffective|p1a: Kitasan Black
|-damage|p1a: Kitasan Black|64/100
|-start|p1a: Kitasan Black|Salt Cure
|
|-heal|p2a: Garganacl|66/100|[from] item: Leftovers
|-damage|p1a: Kitasan Black|51/100|[from] Salt Cure
|upkeep
|turn|4
|inactive|Aaronlordy has 120 seconds left.
|
|t:|1769447129
|move|p1a: Kitasan Black|Acrobatics|p2a: Garganacl
|-resisted|p2a: Garganacl
|-damage|p2a: Garganacl|49/100
|move|p2a: Garganacl|Recover|p2a: Garganacl
|-heal|p2a: Garganacl|99/100
|
|-heal|p2a: Garganacl|100/100|[from] item: Leftovers
|-damage|p1a: Kitasan Black|39/100|[from] Salt Cure
|-formechange|p1a: Kitasan Black|Minior-Violet||[from] ability: Shields Down
|upkeep
|turn|5
|inactive|Aaronlordy has 120 seconds left.
|
|t:|1769447141
|move|p1a: Kitasan Black|Earthquake|p2a: Garganacl
|-supereffective|p2a: Garganacl
|-damage|p2a: Garganacl|35/100
|move|p2a: Garganacl|Salt Cure|p1a: Kitasan Black
|-supereffective|p1a: Kitasan Black
|-damage|p1a: Kitasan Black|0 fnt
|faint|p1a: Kitasan Black
|
|-heal|p2a: Garganacl|41/100|[from] item: Leftovers
|upkeep
|
|t:|1769447158
|switch|p1a: Special week|Clodsire, F, shiny|100/100
|turn|6
|
|t:|1769447178
|move|p2a: Garganacl|Stealth Rock|p1a: Special week
|-sidestart|p1: Aaronlordy|move: Stealth Rock
|move|p1a: Special week|Spikes|p2a: Garganacl
|-sidestart|p2: gamerhops|Spikes
|
|-heal|p2a: Garganacl|48/100|[from] item: Leftovers
|upkeep
|turn|7
|
|t:|1769447197
|switch|p2a: Salamence|Salamence, M|100/100
|-ability|p2a: Salamence|Intimidate|boost
|-unboost|p1a: Special week|atk|1
|move|p1a: Special week|Curse|p1a: Special week
|-unboost|p1a: Special week|spe|1
|-boost|p1a: Special week|atk|1
|-boost|p1a: Special week|def|1
|
|upkeep
|turn|8
|inactive|Aaronlordy has 120 seconds left.
|inactive|gamerhops has 120 seconds left.
|
|t:|1769447224
|move|p2a: Salamence|Earthquake|p1a: Special week
|-supereffective|p1a: Special week
|-damage|p1a: Special week|58/100
|move|p1a: Special week|Curse|p1a: Special week
|-unboost|p1a: Special week|spe|1
|-boost|p1a: Special week|atk|1
|-boost|p1a: Special week|def|1
|
|upkeep
|turn|9
|inactive|gamerhops has 120 seconds left.
|
|t:|1769447234
|move|p2a: Salamence|Earthquake|p1a: Special week
|-supereffective|p1a: Special week
|-damage|p1a: Special week|25/100
|move|p1a: Special week|Gunk Shot|p2a: Salamence
|-damage|p2a: Salamence|35/100
|-status|p2a: Salamence|psn
|
|-damage|p2a: Salamence|23/100 psn|[from] psn
|upkeep
|turn|10
|inactive|Aaronlordy has 120 seconds left.
|l|☆Aaronlordy
|inactive|Aaronlordy disconnected and has a minute to reconnect!
|player|p1|
|j|☆Aaronlordy
|inactive|Aaronlordy reconnected and has 90 seconds left.
|player|p1|Aaronlordy|hugh|
|
|t:|1769447292
|move|p2a: Salamence|Earthquake|p1a: Special week
|-supereffective|p1a: Special week
|-damage|p1a: Special week|0 fnt
|faint|p1a: Special week
|
|-damage|p2a: Salamence|10/100 psn|[from] psn
|upkeep
|inactive|Aaronlordy has 60 seconds left.
|
|t:|1769447312
|switch|p1a: Haru urara|Zamazenta, shiny|100/100
|-damage|p1a: Haru urara|94/100|[from] Stealth Rock
|-ability|p1a: Haru urara|Dauntless Shield|boost
|-boost|p1a: Haru urara|def|1
|turn|11
|inactive|Aaronlordy has 60 seconds left.
|
|t:|1769447329
|switch|p2a: Pelipper|Pelipper, F|100/100
|-damage|p2a: Pelipper|76/100|[from] Stealth Rock
|-weather|RainDance|[from] ability: Drizzle|[of] p2a: Pelipper
|move|p1a: Haru urara|Body Press|p2a: Pelipper
|-resisted|p2a: Pelipper
|-damage|p2a: Pelipper|55/100
|
|-weather|RainDance|[upkeep]
|upkeep
|turn|12
|
|t:|1769447345
|move|p1a: Haru urara|Iron Defense|p1a: Haru urara
|-boost|p1a: Haru urara|def|2
|move|p2a: Pelipper|Hurricane|p1a: Haru urara
|-supereffective|p1a: Haru urara
|-damage|p1a: Haru urara|24/100
|
|-weather|RainDance|[upkeep]
|upkeep
|turn|13
|
|t:|1769447356
|move|p1a: Haru urara|Body Press|p2a: Pelipper
|-resisted|p2a: Pelipper
|-damage|p2a: Pelipper|23/100
|move|p2a: Pelipper|Hurricane|p1a: Haru urara
|-supereffective|p1a: Haru urara
|-damage|p1a: Haru urara|0 fnt
|faint|p1a: Haru urara
|
|-weather|RainDance|[upkeep]
|upkeep
|inactive|Aaronlordy has 30 seconds left.
|
|t:|1769447383
|switch|p1a: Tamamo Cross|Maushold|100/100
|-damage|p1a: Tamamo Cross|88/100|[from] Stealth Rock
|turn|14
|inactive|Aaronlordy has 30 seconds left.
|c|☆Aaronlordy|Mb
|inactive|gamerhops has 120 seconds left.
|
|t:|1769447417
|move|p1a: Tamamo Cross|Population Bomb|p2a: Pelipper
|-damage|p2a: Pelipper|14/100
|-damage|p2a: Pelipper|5/100
|-damage|p2a: Pelipper|0 fnt
|faint|p2a: Pelipper
|-hitcount|p2: Pelipper|3
|
|-weather|RainDance|[upkeep]
|upkeep
|inactive|gamerhops has 120 seconds left.
|
|t:|1769447429
|switch|p2a: Hitmonlee|Hitmonlee, M|100/100
|-damage|p2a: Hitmonlee|94/100|[from] Stealth Rock
|-damage|p2a: Hitmonlee|82/100|[from] Spikes
|turn|15
|inactive|gamerhops has 120 seconds left.
|inactive|Aaronlordy has 30 seconds left.
|
|t:|1769447445
|-terastallize|p2a: Hitmonlee|Steel
|move|p1a: Tamamo Cross|Population Bomb|p2a: Hitmonlee
|-resisted|p2a: Hitmonlee
|-damage|p2a: Hitmonlee|70/100
|-resisted|p2a: Hitmonlee
|-damage|p2a: Hitmonlee|58/100
|-resisted|p2a: Hitmonlee
|-damage|p2a: Hitmonlee|45/100
|-resisted|p2a: Hitmonlee
|-damage|p2a: Hitmonlee|31/100
|-resisted|p2a: Hitmonlee
|-damage|p2a: Hitmonlee|18/100
|-resisted|p2a: Hitmonlee
|-damage|p2a: Hitmonlee|5/100
|-resisted|p2a: Hitmonlee
|-damage|p2a: Hitmonlee|0 fnt
|faint|p2a: Hitmonlee
|-hitcount|p2: Hitmonlee|7
|
|-weather|RainDance|[upkeep]
|upkeep
|inactive|gamerhops has 120 seconds left.
|
|t:|1769447470
|switch|p2a: Salamence|Salamence, M|10/100 psn
|-ability|p2a: Salamence|Intimidate|boost
|-unboost|p1a: Tamamo Cross|atk|1
|turn|16
|l|☆Aaronlordy
|inactive|Aaronlordy disconnected and has a minute to reconnect!
|player|p1|
|inactive|Aaronlordy has 30 seconds left.
|inactive|Aaronlordy has 20 seconds left.
|inactive|Aaronlordy has 15 seconds left.
|inactive|Aaronlordy has 10 seconds left.
|inactive|Aaronlordy has 5 seconds left.
|-message|Aaronlordy lost due to inactivity.
|
|win|gamerhops
|raw|Aaronlordy's rating: 1064 &rarr; <strong>1047</strong><br />(-17 for losing)
|raw|gamerhops's rating: 1104 &rarr; <strong>1126</strong><br />(+22 for winning)
|j|☆Aaronlordy
|player|p1|Aaronlordy|hugh|
|l|☆gamerhops
|player|p2|
|l|☆Aaronlordy
|player|p1|
