|j|☆bigyoshi97
|j|☆kindetsu
|t:|1769403655
|gametype|singles
|player|p1|bigyoshi97|veteran-gen4|1279
|player|p2|kindetsu|lance-masters2|1290
|gen|9
|tier|[Gen 9] OU
|rated|
|rule|HP Percentage Mod: HP is shown in percentages
|rule|Endless Battle Clause: Forcing endless battles is banned
|rule|Species Clause: Limit one of each Pokémon
|rule|OHKO Clause: OHKO moves are banned
|rule|Evasion Items Clause: Evasion items are banned
|rule|Evasion Moves Clause: Evasion moves are banned
|rule|Evasion Abilities Clause: Evasion abilities are banned
|rule|Sleep Moves Clause: Sleep-inducing moves are banned
|clearpoke
|poke|p1|Ninetales-Alola, M|
|poke|p1|Kyurem|
|poke|p1|Zamazenta-*|
|poke|p1|Kingambit, F|
|poke|p1|Slowking-Galar, F|
|poke|p1|Great Tusk|
|poke|p2|Regidrago|
|poke|p2|Iron Crown|
|poke|p2|Mandibuzz, F|
|poke|p2|Rabsca, F|
|poke|p2|Goodra-Hisui, F|
|poke|p2|Basculegion, M|
|teampreview
|inactive|Battle timer is ON: inactive players will automatically lose when time's up. (requested by bigyoshi97)
|
|t:|1769403668
|teamsize|p1|6
|teamsize|p2|6
|start
|switch|p1a: Alola Baerealis|Ninetales-Alola, M|100/100
|switch|p2a: Goodra|Goodra-Hisui, F|100/100
|-weather|Snowscape|[from] ability: Snow Warning|[of] p1a: Alola Baerealis
|turn|1
|
|t:|1769403678
|switch|p1a: Morrow|Zamazenta|100/100
|-ability|p1a: Morrow|Dauntless Shield|boost
|-boost|p1a: Morrow|def|1
|move|p2a: Goodra|Flash Cannon|p1a: Morrow
|-damage|p1a: Morrow|73/100
|
|-weather|Snowscape|[upkeep]
|-heal|p1a: Morrow|80/100|[from] item: Leftovers
|upkeep
|turn|2
|
|t:|1769403688
|switch|p2a: Mandibuzz|Mandibuzz, F, shiny|100/100
|move|p1a: Morrow|Iron Defense|p1a: Morrow
|-boost|p1a: Morrow|def|2
|
|-weather|Snowscape|[upkeep]
|-heal|p1a: Morrow|86/100|[from] item: Leftovers
|upkeep
|turn|3
|
|t:|1769403695
|move|p1a: Morrow|Body Press|p2a: Mandibuzz
|-damage|p2a: Mandibuzz|40/100
|move|p2a: Mandibuzz|Toxic|p1a: Morrow
|-status|p1a: Morrow|tox
|
|-weather|Snowscape|[upkeep]
|-heal|p1a: Morrow|92/100 tox|[from] item: Leftovers
|-heal|p2a: Mandibuzz|46/100|[from] item: Leftovers
|-damage|p1a: Morrow|86/100 tox|[from] psn
|upkeep
|turn|4
|
|t:|1769403699
|move|p2a: Mandibuzz|Protect|p2a: Mandibuzz
|-singleturn|p2a: Mandibuzz|Protect
|move|p1a: Morrow|Body Press|p2a: Mandibuzz
|-activate|p2a: Mandibuzz|move: Protect
|
|-weather|Snowscape|[upkeep]
|-heal|p1a: Morrow|92/100 tox|[from] item: Leftovers
|-heal|p2a: Mandibuzz|52/100|[from] item: Leftovers
|-damage|p1a: Morrow|80/100 tox|[from] psn
|upkeep
|turn|5
|
|t:|1769403708
|switch|p2a: Basculegion|Basculegion, M|100/100
|-terastallize|p1a: Morrow|Fighting
|move|p1a: Morrow|Body Press|p2a: Basculegion
|-immune|p2a: Basculegion
|
|-weather|none
|-heal|p1a: Morrow|86/100 tox|[from] item: Leftovers
|-damage|p1a: Morrow|67/100 tox|[from] psn
|upkeep
|turn|6
|
|t:|1769403718
|move|p2a: Basculegion|Phantom Force||[still]
|-prepare|p2a: Basculegion|Phantom Force
|move|p1a: Morrow|Crunch|p2a: Basculegion|[miss]
|-miss|p1a: Morrow|p2a: Basculegion
|
|-heal|p1a: Morrow|73/100 tox|[from] item: Leftovers
|-damage|p1a: Morrow|49/100 tox|[from] psn
|upkeep
|turn|7
|
|t:|1769403746
|move|p2a: Basculegion|Phantom Force|p1a: Morrow|[from] lockedmove
|-damage|p1a: Morrow|34/100 tox
|move|p1a: Morrow|Substitute|p1a: Morrow
|-start|p1a: Morrow|Substitute
|-damage|p1a: Morrow|9/100 tox
|
|-heal|p1a: Morrow|15/100 tox|[from] item: Leftovers
|-damage|p1a: Morrow|0 fnt|[from] psn
|faint|p1a: Morrow
|upkeep
|
|t:|1769403755
|switch|p1a: Alola Baerealis|Ninetales-Alola, M|100/100
|-weather|Snowscape|[from] ability: Snow Warning|[of] p1a: Alola Baerealis
|turn|8
|
|t:|1769403773
|move|p2a: Basculegion|Phantom Force||[still]
|-prepare|p2a: Basculegion|Phantom Force
|move|p1a: Alola Baerealis|Aurora Veil|p1a: Alola Baerealis
|-sidestart|p1: bigyoshi97|move: Aurora Veil
|
|-weather|Snowscape|[upkeep]
|upkeep
|turn|9
|
|t:|1769403779
|move|p2a: Basculegion|Phantom Force|p1a: Alola Baerealis|[from] lockedmove
|-damage|p1a: Alola Baerealis|75/100
|move|p1a: Alola Baerealis|Freeze-Dry|p2a: Basculegion
|-supereffective|p2a: Basculegion
|-damage|p2a: Basculegion|55/100
|
|-weather|Snowscape|[upkeep]
|upkeep
|turn|10
|
|t:|1769403792
|switch|p2a: Goodra|Goodra-Hisui, F|100/100
|move|p1a: Alola Baerealis|Freeze-Dry|p2a: Goodra
|-damage|p2a: Goodra|92/100
|
|-weather|Snowscape|[upkeep]
|upkeep
|turn|11
|
|t:|1769403801
|switch|p1a: Rainy Earth|Great Tusk|100/100
|move|p2a: Goodra|Flash Cannon|p1a: Rainy Earth
|-damage|p1a: Rainy Earth|73/100
|
|-weather|Snowscape|[upkeep]
|upkeep
|turn|12
|
|t:|1769403809
|switch|p2a: Mandibuzz|Mandibuzz, F, shiny|52/100
|move|p1a: Rainy Earth|Knock Off|p2a: Mandibuzz
|-resisted|p2a: Mandibuzz
|-damage|p2a: Mandibuzz|42/100
|-enditem|p2a: Mandibuzz|Leftovers|[from] move: Knock Off|[of] p1a: Rainy Earth
|
|-weather|none
|upkeep
|turn|13
|
|t:|1769403822
|move|p1a: Rainy Earth|Ice Spinner|p2a: Mandibuzz
|-supereffective|p2a: Mandibuzz
|-damage|p2a: Mandibuzz|10/100
|move|p2a: Mandibuzz|Roost|p2a: Mandibuzz
|-heal|p2a: Mandibuzz|60/100
|-singleturn|p2a: Mandibuzz|move: Roost
|
|upkeep
|turn|14
|
|t:|1769403826
|move|p1a: Rainy Earth|Head Smash|p2a: Mandibuzz
|-supereffective|p2a: Mandibuzz
|-damage|p2a: Mandibuzz|0 fnt
|faint|p2a: Mandibuzz
|-damage|p1a: Rainy Earth|39/100|[from] Recoil
|
|upkeep
|
|t:|1769403836
|switch|p2a: Regidrago|Regidrago|100/100
|turn|15
|
|t:|1769403843
|move|p2a: Regidrago|Dragon Energy|p1a: Rainy Earth
|-damage|p1a: Rainy Earth|0 fnt
|faint|p1a: Rainy Earth
|-end|p1a: Rainy Earth|Protosynthesis|[silent]
|
|-sideend|p1: bigyoshi97|move: Aurora Veil
|upkeep
|
|t:|1769403849
|switch|p1a: Alola Baerealis|Ninetales-Alola, M|75/100
|-weather|Snowscape|[from] ability: Snow Warning|[of] p1a: Alola Baerealis
|turn|16
|
|t:|1769403854
|switch|p2a: Armin Schwitz|Iron Crown|100/100
|move|p1a: Alola Baerealis|Aurora Veil|p1a: Alola Baerealis
|-sidestart|p1: bigyoshi97|move: Aurora Veil
|
|-weather|Snowscape|[upkeep]
|upkeep
|turn|17
|
|t:|1769403861
|switch|p1a: One Sun|Slowking-Galar, F|100/100
|move|p2a: Armin Schwitz|Tachyon Cutter|p1a: One Sun
|-damage|p1a: One Sun|93/100
|-damage|p1a: One Sun|85/100
|-hitcount|p1a: One Sun|2
|
|-weather|Snowscape|[upkeep]
|upkeep
|turn|18
|
|t:|1769403867
|move|p2a: Armin Schwitz|Psyshock|p1a: One Sun
|-damage|p1a: One Sun|64/100
|move|p1a: One Sun|Thunder Wave|p2a: Armin Schwitz
|-status|p2a: Armin Schwitz|par
|
|-weather|Snowscape|[upkeep]
|upkeep
|turn|19
|
|t:|1769403877
|cant|p2a: Armin Schwitz|par
|move|p1a: One Sun|Future Sight|p2a: Armin Schwitz
|-start|p1a: One Sun|move: Future Sight
|
|-weather|Snowscape|[upkeep]
|upkeep
|turn|20
|
|t:|1769403881
|move|p2a: Armin Schwitz|Psyshock|p1a: One Sun
|-damage|p1a: One Sun|41/100
|-prepare|p1a: One Sun|Chilly Reception|[premajor]
|move|p1a: One Sun|Chilly Reception|p1a: One Sun
|
|t:|1769403888
|switch|p1a: Sullyoon|Kingambit, F|100/100|[from] Chilly Reception
|-activate|p1a: Sullyoon|ability: Supreme Overlord
|-start|p1a: Sullyoon|fallen2|[silent]
|
|-weather|none
|upkeep
|turn|21
|
|t:|1769403898
|move|p1a: Sullyoon|Kowtow Cleave|p2a: Armin Schwitz
|-supereffective|p2a: Armin Schwitz
|-damage|p2a: Armin Schwitz|0 fnt
|faint|p2a: Armin Schwitz
|-end|p2a: Armin Schwitz|Quark Drive|[silent]
|
|-hint|Future Sight did not hit because the target is fainted.
|upkeep
|
|t:|1769403918
|switch|p2a: Basculegion|Basculegion, M|55/100
|turn|22
|
|t:|1769403925
|move|p1a: Sullyoon|Sucker Punch|p2a: Basculegion
|-supereffective|p2a: Basculegion
|-damage|p2a: Basculegion|0 fnt
|faint|p2a: Basculegion
|
|upkeep
|
|t:|1769403929
|switch|p2a: Goodra|Goodra-Hisui, F|92/100
|turn|23
|
|t:|1769403934
|move|p1a: Sullyoon|Swords Dance|p1a: Sullyoon
|-boost|p1a: Sullyoon|atk|2
|move|p2a: Goodra|Flamethrower|p1a: Sullyoon
|-supereffective|p1a: Sullyoon
|-damage|p1a: Sullyoon|67/100
|
|-sideend|p1: bigyoshi97|move: Aurora Veil
|upkeep
|turn|24
|
|t:|1769403939
|move|p1a: Sullyoon|Kowtow Cleave|p2a: Goodra
|-damage|p2a: Goodra|0 fnt
|-ability|p2a: Goodra|Gooey
|-unboost|p1a: Sullyoon|spe|1
|faint|p2a: Goodra
|
|upkeep
|
|t:|1769403946
|switch|p2a: Regidrago|Regidrago|100/100
|turn|25
|
|t:|1769403953
|move|p2a: Regidrago|Dragon Energy|p1a: Sullyoon
|-resisted|p1a: Sullyoon
|-damage|p1a: Sullyoon|14/100
|move|p1a: Sullyoon|Kowtow Cleave|p2a: Regidrago
|-damage|p2a: Regidrago|0 fnt
|faint|p2a: Regidrago
|
|upkeep
|
|t:|1769403955
|switch|p2a: Rabsca|Rabsca, F, shiny|100/100
|turn|26
|
|t:|1769403958
|move|p1a: Sullyoon|Kowtow Cleave|p2a: Rabsca
|-supereffective|p2a: Rabsca
|-damage|p2a: Rabsca|0 fnt
|faint|p2a: Rabsca
|
|win|bigyoshi97
|raw|bigyoshi97's rating: 1279 &rarr; <strong>1305</strong><br />(+26 for winning)
|raw|kindetsu's rating: 1290 &rarr; <strong>1264</strong><br />(-26 for losing)
|l|☆kindetsu
|player|p2|
|l|☆bigyoshi97
|player|p1|
