|j|☆TacoDile 3 Returns
|j|☆SwiftSwine
|t:|1769395122
|gametype|singles
|player|p1|TacoDile 3 Returns|rood|
|player|p2|SwiftSwine|dawn|
|gen|9
|tier|[Gen 9] OU
|rule|HP Percentage Mod: HP is shown in percentages
|rule|Endless Battle Clause: Forcing endless battles is banned
|rule|Species Clause: Limit one of each Pokémon
|rule|OHKO Clause: OHKO moves are banned
|rule|Evasion Items Clause: Evasion items are banned
|rule|Evasion Moves Clause: Evasion moves are banned
|rule|Evasion Abilities Clause: Evasion abilities are banned
|rule|Sleep Moves Clause: Sleep-inducing moves are banned
|clearpoke
|poke|p1|Ursaluna, M|
|poke|p1|Ogerpon-Wellspring, F|
|poke|p1|Zoroark-Hisui, F|
|poke|p1|Maushold|
|poke|p1|Sinistcha|
|poke|p1|Iron Hands|
|poke|p2|Zamazenta-*|
|poke|p2|Hatterene, F|
|poke|p2|Gholdengo|
|poke|p2|Dragonite, F|
|poke|p2|Raging Bolt|
|poke|p2|Ting-Lu|
|teampreview
|j| Raichudvd13
|
|t:|1769395158
|teamsize|p1|6
|teamsize|p2|6
|start
|switch|p1a: Is this an evo?|Sinistcha, shiny|100/100
|switch|p2a: Big Dog|Zamazenta, shiny|100/100
|-ability|p2a: Big Dog|Dauntless Shield|boost
|-boost|p2a: Big Dog|def|1
|turn|1
|
|t:|1769395178
|move|p1a: Is this an evo?|U-turn|p2a: Big Dog
|-resisted|p2a: Big Dog
|-damage|p2a: Big Dog|97/100
|
|t:|1769395183
|switch|p1a: Is this an evo?|Sinistcha, shiny|100/100|[from] U-turn
|move|p2a: Big Dog|Iron Defense|p2a: Big Dog
|-boost|p2a: Big Dog|def|2
|
|upkeep
|turn|2
|
|t:|1769395193
|move|p2a: Big Dog|Body Press|p1a: Is this an evo?
|-immune|p1a: Is this an evo?
|move|p1a: Is this an evo?|Strength Sap|p2a: Big Dog
|-unboost|p2a: Big Dog|atk|1
|
|upkeep
|turn|3
|
|t:|1769395204
|move|p2a: Big Dog|Crunch|p1a: Is this an evo?
|-supereffective|p1a: Is this an evo?
|-damage|p1a: Is this an evo?|79/100
|move|p1a: Is this an evo?|Calm Mind|p1a: Is this an evo?
|-boost|p1a: Is this an evo?|spa|1
|-boost|p1a: Is this an evo?|spd|1
|
|-heal|p1a: Is this an evo?|85/100|[from] item: Leftovers
|upkeep
|turn|4
|
|t:|1769395240
|switch|p2a: She/Her|Hatterene, F|100/100
|move|p1a: Is this an evo?|Calm Mind|p1a: Is this an evo?
|-boost|p1a: Is this an evo?|spa|1
|-boost|p1a: Is this an evo?|spd|1
|
|-heal|p1a: Is this an evo?|91/100|[from] item: Leftovers
|upkeep
|turn|5
|
|t:|1769395267
|switch|p2a: Not Darkrai|Ting-Lu|100/100
|-ability|p2a: Not Darkrai|Vessel of Ruin
|move|p1a: Is this an evo?|Shadow Ball|p2a: Not Darkrai
|-resisted|p2a: Not Darkrai
|-damage|p2a: Not Darkrai|86/100
|
|-heal|p1a: Is this an evo?|97/100|[from] item: Leftovers
|-heal|p2a: Not Darkrai|93/100|[from] item: Leftovers
|upkeep
|turn|6
|
|t:|1769395277
|move|p1a: Is this an evo?|Matcha Gotcha|p2a: Not Darkrai
|-supereffective|p2a: Not Darkrai
|-damage|p2a: Not Darkrai|37/100
|-heal|p1a: Is this an evo?|100/100|[from] drain|[of] p2a: Not Darkrai
|move|p2a: Not Darkrai|Whirlwind|p1a: Is this an evo?
|drag|p1a: Is this an evo?|Sinistcha, shiny|100/100
|
|-heal|p2a: Not Darkrai|44/100|[from] item: Leftovers
|upkeep
|turn|7
|
|t:|1769395300
|move|p1a: Is this an evo?|U-turn|p2a: Not Darkrai
|-supereffective|p2a: Not Darkrai
|-damage|p2a: Not Darkrai|28/100
|
|t:|1769395304
|switch|p1a: Is this an evo?|Sinistcha, shiny|100/100|[from] U-turn
|move|p2a: Not Darkrai|Earthquake|p1a: Is this an evo?
|-resisted|p1a: Is this an evo?
|-damage|p1a: Is this an evo?|89/100
|
|-heal|p1a: Is this an evo?|95/100|[from] item: Leftovers
|-heal|p2a: Not Darkrai|34/100|[from] item: Leftovers
|upkeep
|turn|8
|
|t:|1769395312
|move|p1a: Is this an evo?|Strength Sap|p2a: Not Darkrai
|-unboost|p2a: Not Darkrai|atk|1
|-heal|p1a: Is this an evo?|100/100
|move|p2a: Not Darkrai|Whirlwind|p1a: Is this an evo?
|drag|p1a: Mr. Sans|Iron Hands, shiny|100/100
|-enditem|p1a: Mr. Sans|Booster Energy
|-activate|p1a: Mr. Sans|ability: Quark Drive|[fromitem]
|-start|p1a: Mr. Sans|quarkdriveatk
|
|-heal|p2a: Not Darkrai|41/100|[from] item: Leftovers
|upkeep
|turn|9
|
|t:|1769395325
|move|p1a: Mr. Sans|Swords Dance|p1a: Mr. Sans
|-boost|p1a: Mr. Sans|atk|2
|move|p2a: Not Darkrai|Earthquake|p1a: Mr. Sans
|-supereffective|p1a: Mr. Sans
|-crit|p1a: Mr. Sans
|-damage|p1a: Mr. Sans|20/100
|
|-heal|p2a: Not Darkrai|47/100|[from] item: Leftovers
|upkeep
|turn|10
|
|t:|1769395336
|move|p1a: Mr. Sans|Drain Punch|p2a: Not Darkrai
|-supereffective|p2a: Not Darkrai
|-damage|p2a: Not Darkrai|0 fnt
|-heal|p1a: Mr. Sans|47/100|[from] drain|[of] p2a: Not Darkrai
|faint|p2a: Not Darkrai
|
|upkeep
|
|t:|1769395343
|switch|p2a: She/Her|Hatterene, F|100/100
|turn|11
|
|t:|1769395356
|move|p1a: Mr. Sans|Supercell Slam|p2a: She/Her
|-damage|p2a: She/Her|0 fnt
|faint|p2a: She/Her
|
|upkeep
|
|t:|1769395374
|switch|p2a: Big Dog|Zamazenta, shiny|97/100
|turn|12
|
|t:|1769395414
|-terastallize|p1a: Mr. Sans|Fighting
|move|p2a: Big Dog|Body Press|p1a: Mr. Sans
|-damage|p1a: Mr. Sans|24/100
|move|p1a: Mr. Sans|Drain Punch|p2a: Big Dog
|-crit|p2a: Big Dog
|-damage|p2a: Big Dog|0 fnt
|-heal|p1a: Mr. Sans|66/100|[from] drain|[of] p2a: Big Dog
|faint|p2a: Big Dog
|
|upkeep
|
|t:|1769395425
|switch|p2a: Dragoon|Dragonite, F|100/100
|turn|13
|
|t:|1769395439
|move|p2a: Dragoon|Scale Shot|p1a: Mr. Sans
|-damage|p1a: Mr. Sans|55/100
|-damage|p1a: Mr. Sans|45/100
|-damage|p1a: Mr. Sans|35/100
|-damage|p1a: Mr. Sans|25/100
|-damage|p1a: Mr. Sans|15/100
|-hitcount|p1a: Mr. Sans|5
|-unboost|p2a: Dragoon|def|1
|-boost|p2a: Dragoon|spe|1
|move|p1a: Mr. Sans|Ice Punch|p2a: Dragoon
|-supereffective|p2a: Dragoon
|-damage|p2a: Dragoon|0 fnt
|faint|p2a: Dragoon
|
|upkeep
|
|t:|1769395453
|switch|p2a: Cheese Stick|Gholdengo|100/100
|turn|14
|
|t:|1769395459
|move|p2a: Cheese Stick|Shadow Ball|p1a: Mr. Sans
|-damage|p1a: Mr. Sans|0 fnt
|faint|p1a: Mr. Sans
|-end|p1a: Mr. Sans|Quark Drive|[silent]
|
|upkeep
|
|t:|1769395474
|switch|p1a: Bursa|Ursaluna, M, shiny|100/100
|turn|15
|
|t:|1769395496
|move|p2a: Cheese Stick|Nasty Plot|p2a: Cheese Stick
|-boost|p2a: Cheese Stick|spa|2
|move|p1a: Bursa|Headlong Rush|p2a: Cheese Stick
|-supereffective|p2a: Cheese Stick
|-damage|p2a: Cheese Stick|0 fnt
|-unboost|p1a: Bursa|def|1
|-unboost|p1a: Bursa|spd|1
|faint|p2a: Cheese Stick
|
|-status|p1a: Bursa|brn|[from] item: Flame Orb
|upkeep
|
|t:|1769395506
|switch|p2a: Smoking Mad Clouds|Raging Bolt|100/100
|turn|16
|
|t:|1769395517
|move|p2a: Smoking Mad Clouds|Dragon Pulse|p1a: Bursa
|-damage|p1a: Bursa|35/100 brn
|move|p1a: Bursa|Headlong Rush|p2a: Smoking Mad Clouds
|-supereffective|p2a: Smoking Mad Clouds
|-damage|p2a: Smoking Mad Clouds|0 fnt
|-unboost|p1a: Bursa|def|1
|-unboost|p1a: Bursa|spd|1
|faint|p2a: Smoking Mad Clouds
|-end|p2a: Smoking Mad Clouds|Protosynthesis|[silent]
|
|win|TacoDile 3 Returns
