|j|☆Avv2121
|j|☆Adrienstrate
|t:|1769427724
|gametype|singles
|player|p1|Avv2121|dragontamer|1211
|player|p2|Adrienstrate|266|1203
|gen|9
|tier|[Gen 9] OU
|rated|
|rule|HP Percentage Mod: HP is shown in percentages
|rule|Endless Battle Clause: Forcing endless battles is banned
|rule|Species Clause: Limit one of each Pokémon
|rule|OHKO Clause: OHKO moves are banned
|rule|Evasion Items Clause: Evasion items are banned
|rule|Evasion Moves Clause: Evasion moves are banned
|rule|Evasion Abilities Clause: Evasion abilities are banned
|rule|Sleep Moves Clause: Sleep-inducing moves are banned
|clearpoke
|poke|p1|Dragapult, F|
|poke|p1|Garganacl, F|
|poke|p1|Persian-Alola, M|
|poke|p1|Sinistcha-Masterpiece|
|poke|p1|Great Tusk|
|poke|p1|Primarina, M|
|poke|p2|Blaziken, M|
|poke|p2|Zamazenta-*|
|poke|p2|Zapdos|
|poke|p2|Dragapult, M|
|poke|p2|Glimmora, F|
|poke|p2|Slowking-Galar, M|
|teampreview
|inactive|Battle timer is ON: inactive players will automatically lose when time's up. (requested by Avv2121)
|
|t:|1769427739
|teamsize|p1|6
|teamsize|p2|6
|start
|switch|p1a: Great Tusk|Great Tusk|100/100
|switch|p2a: Zapdos|Zapdos|100/100
|-enditem|p1a: Great Tusk|Booster Energy
|-activate|p1a: Great Tusk|ability: Protosynthesis|[fromitem]
|-start|p1a: Great Tusk|protosynthesisatk
|turn|1
|
|t:|1769427750
|move|p1a: Great Tusk|Rapid Spin|p2a: Zapdos
|-crit|p2a: Zapdos
|-damage|p2a: Zapdos|74/100
|-boost|p1a: Great Tusk|spe|1
|move|p2a: Zapdos|Hurricane|p1a: Great Tusk
|-supereffective|p1a: Great Tusk
|-damage|p1a: Great Tusk|0 fnt
|faint|p1a: Great Tusk
|-end|p1a: Great Tusk|Protosynthesis|[silent]
|
|upkeep
|
|t:|1769427758
|switch|p1a: Garganacl|Garganacl, F|100/100
|turn|2
|
|t:|1769427763
|move|p2a: Zapdos|Volt Switch|p1a: Garganacl
|-damage|p1a: Garganacl|74/100
|
|t:|1769427768
|switch|p2a: Blaziken|Blaziken, M|100/100|[from] Volt Switch
|move|p1a: Garganacl|Salt Cure|p2a: Blaziken
|-damage|p2a: Blaziken|78/100
|-start|p2a: Blaziken|Salt Cure
|
|-heal|p1a: Garganacl|80/100|[from] item: Leftovers
|-damage|p2a: Blaziken|66/100|[from] Salt Cure
|upkeep
|turn|3
|
|t:|1769427782
|move|p2a: Blaziken|Close Combat|p1a: Garganacl
|-supereffective|p1a: Garganacl
|-damage|p1a: Garganacl|0 fnt
|-unboost|p2a: Blaziken|def|1
|-unboost|p2a: Blaziken|spd|1
|faint|p1a: Garganacl
|-damage|p2a: Blaziken|56/100|[from] item: Life Orb
|
|-damage|p2a: Blaziken|44/100|[from] Salt Cure
|-ability|p2a: Blaziken|Speed Boost|boost
|-boost|p2a: Blaziken|spe|1
|upkeep
|
|t:|1769427788
|switch|p1a: Persian|Persian-Alola, M|100/100
|turn|4
|
|t:|1769427798
|move|p2a: Blaziken|Close Combat|p1a: Persian
|-supereffective|p1a: Persian
|-damage|p1a: Persian|0 fnt
|-unboost|p2a: Blaziken|def|1
|-unboost|p2a: Blaziken|spd|1
|faint|p1a: Persian
|-damage|p2a: Blaziken|34/100|[from] item: Life Orb
|
|-damage|p2a: Blaziken|21/100|[from] Salt Cure
|-ability|p2a: Blaziken|Speed Boost|boost
|-boost|p2a: Blaziken|spe|1
|upkeep
|
|t:|1769427807
|switch|p1a: Primarina|Primarina, M|100/100
|turn|5
|
|t:|1769427820
|switch|p2a: Zapdos|Zapdos|74/100
|move|p1a: Primarina|Moonblast|p2a: Zapdos
|-damage|p2a: Zapdos|22/100
|
|upkeep
|turn|6
|
|t:|1769427832
|switch|p1a: Dragapult|Dragapult, F|100/100
|move|p2a: Zapdos|Volt Switch|p1a: Dragapult
|-resisted|p1a: Dragapult
|-damage|p1a: Dragapult|81/100
|
|t:|1769427839
|switch|p2a: Dragapult|Dragapult, M|100/100|[from] Volt Switch
|
|upkeep
|turn|7
|
|t:|1769427847
|move|p2a: Dragapult|Shadow Ball|p1a: Dragapult
|-supereffective|p1a: Dragapult
|-damage|p1a: Dragapult|0 fnt
|faint|p1a: Dragapult
|
|upkeep
|
|t:|1769427849
|switch|p1a: Primarina|Primarina, M|100/100
|turn|8
|
|t:|1769427870
|switch|p2a: Zapdos|Zapdos|22/100
|move|p1a: Primarina|Hyper Voice|p2a: Zapdos
|-damage|p2a: Zapdos|0 fnt
|faint|p2a: Zapdos
|
|upkeep
|
|t:|1769427882
|switch|p2a: Slowking|Slowking-Galar, M|100/100
|turn|9
|
|t:|1769427895
|move|p1a: Primarina|Moonblast|p2a: Slowking
|-resisted|p2a: Slowking
|-damage|p2a: Slowking|85/100
|move|p2a: Slowking|Sludge Bomb|p1a: Primarina
|-supereffective|p1a: Primarina
|-damage|p1a: Primarina|43/100
|
|-heal|p1a: Primarina|49/100|[from] item: Leftovers
|upkeep
|turn|10
|
|t:|1769427905
|move|p1a: Primarina|Hyper Voice|p2a: Slowking
|-damage|p2a: Slowking|56/100
|move|p2a: Slowking|Sludge Bomb|p1a: Primarina
|-supereffective|p1a: Primarina
|-damage|p1a: Primarina|0 fnt
|faint|p1a: Primarina
|
|upkeep
|
|t:|1769427907
|switch|p1a: Sinistcha|Sinistcha-Masterpiece|100/100
|turn|11
|
|t:|1769427913
|move|p1a: Sinistcha|Calm Mind|p1a: Sinistcha
|-boost|p1a: Sinistcha|spa|1
|-boost|p1a: Sinistcha|spd|1
|move|p2a: Slowking|Sludge Bomb|p1a: Sinistcha
|-damage|p1a: Sinistcha|72/100
|
|upkeep
|turn|12
|
|t:|1769427921
|move|p1a: Sinistcha|Strength Sap|p2a: Slowking
|-unboost|p2a: Slowking|atk|1
|-heal|p1a: Sinistcha|100/100
|move|p2a: Slowking|Thunder Wave|p1a: Sinistcha
|-status|p1a: Sinistcha|par
|
|upkeep
|turn|13
|
|t:|1769427926
|move|p1a: Sinistcha|Calm Mind|p1a: Sinistcha
|-boost|p1a: Sinistcha|spa|1
|-boost|p1a: Sinistcha|spd|1
|move|p2a: Slowking|Sludge Bomb|p1a: Sinistcha
|-damage|p1a: Sinistcha|80/100 par
|
|upkeep
|turn|14
|
|t:|1769427935
|cant|p1a: Sinistcha|par
|-prepare|p2a: Slowking|Chilly Reception|[premajor]
|move|p2a: Slowking|Chilly Reception|p2a: Slowking
|-weather|Snowscape
|
|t:|1769427937
|switch|p2a: Blaziken|Blaziken, M|21/100|[from] Chilly Reception
|
|-weather|Snowscape|[upkeep]
|upkeep
|turn|15
|
|t:|1769427942
|move|p2a: Blaziken|Flare Blitz|p1a: Sinistcha
|-supereffective|p1a: Sinistcha
|-damage|p1a: Sinistcha|17/100 par
|-damage|p2a: Blaziken|0 fnt|[from] Recoil
|faint|p2a: Blaziken
|move|p1a: Sinistcha|Matcha Gotcha|p2: Blaziken|[notarget]
|-fail|p1a: Sinistcha
|
|-weather|Snowscape|[upkeep]
|upkeep
|
|t:|1769427952
|switch|p2a: Zamazenta|Zamazenta|100/100
|-ability|p2a: Zamazenta|Dauntless Shield|boost
|-boost|p2a: Zamazenta|def|1
|turn|16
|
|t:|1769427957
|move|p2a: Zamazenta|Crunch|p1a: Sinistcha
|-supereffective|p1a: Sinistcha
|-damage|p1a: Sinistcha|0 fnt
|faint|p1a: Sinistcha
|
|win|Adrienstrate
|raw|Avv2121's rating: 1211 &rarr; <strong>1185</strong><br />(-26 for losing)
|raw|Adrienstrate's rating: 1203 &rarr; <strong>1229</strong><br />(+26 for winning)
|l|☆Avv2121
|player|p1|
|l|☆Adrienstrate
|player|p2|
