|j|☆Billythekid95
|j|☆lolcano46
|t:|1769386328
|gametype|singles
|player|p1|Billythekid95|1|1574
|player|p2|lolcano46|fisherman-gen4|1544
|gen|9
|tier|[Gen 9] OU
|rated|
|rule|HP Percentage Mod: HP is shown in percentages
|rule|Endless Battle Clause: Forcing endless battles is banned
|rule|Species Clause: Limit one of each Pokémon
|rule|OHKO Clause: OHKO moves are banned
|rule|Evasion Items Clause: Evasion items are banned
|rule|Evasion Moves Clause: Evasion moves are banned
|rule|Evasion Abilities Clause: Evasion abilities are banned
|rule|Sleep Moves Clause: Sleep-inducing moves are banned
|clearpoke
|poke|p1|Ogerpon-Wellspring, F|
|poke|p1|Ribombee, M|
|poke|p1|Gholdengo|
|poke|p1|Great Tusk|
|poke|p1|Tyranitar, M|
|poke|p1|Latias, F|
|poke|p2|Azelf|
|poke|p2|Ogerpon-Wellspring, F|
|poke|p2|Scizor, M|
|poke|p2|Gengar, M|
|poke|p2|Raging Bolt|
|poke|p2|Cinderace, M|
|teampreview
|inactive|Battle timer is ON: inactive players will automatically lose when time's up. (requested by lolcano46)
|
|t:|1769386334
|teamsize|p1|6
|teamsize|p2|6
|start
|switch|p1a: Ribombee|Ribombee, M|100/100
|switch|p2a: Gengar|Gengar, M|100/100
|turn|1
|
|t:|1769386339
|move|p2a: Gengar|Trick|p1a: Ribombee
|-activate|p2a: Gengar|move: Trick|[of] p1a: Ribombee
|-item|p1a: Ribombee|Choice Scarf|[from] move: Trick
|-item|p2a: Gengar|Focus Sash|[from] move: Trick
|move|p1a: Ribombee|Stun Spore|p2a: Gengar
|-status|p2a: Gengar|par
|
|upkeep
|turn|2
|
|t:|1769386354
|switch|p1a: Tyranitar|Tyranitar, M|100/100
|-weather|Sandstorm|[from] ability: Sand Stream|[of] p1a: Tyranitar
|move|p2a: Gengar|Thunder Wave|p1a: Tyranitar
|-status|p1a: Tyranitar|par
|
|-weather|Sandstorm|[upkeep]
|-damage|p2a: Gengar|94/100 par|[from] Sandstorm
|upkeep
|turn|3
|
|t:|1769386362
|move|p2a: Gengar|Trick|p1a: Tyranitar
|-activate|p2a: Gengar|move: Trick|[of] p1a: Tyranitar
|-item|p1a: Tyranitar|Focus Sash|[from] move: Trick
|-item|p2a: Gengar|Leftovers|[from] move: Trick
|move|p1a: Tyranitar|Knock Off|p2a: Gengar
|-supereffective|p2a: Gengar
|-damage|p2a: Gengar|0 fnt
|-enditem|p2a: Gengar|Leftovers|[from] move: Knock Off|[of] p1a: Tyranitar
|faint|p2a: Gengar
|
|-weather|Sandstorm|[upkeep]
|upkeep
|
|t:|1769386371
|switch|p2a: Ogerpon|Ogerpon-Wellspring, F|100/100
|turn|4
|
|t:|1769386374
|move|p2a: Ogerpon|Horn Leech|p1a: Tyranitar
|-supereffective|p1a: Tyranitar
|-damage|p1a: Tyranitar|37/100 par
|cant|p1a: Tyranitar|par
|
|-weather|Sandstorm|[upkeep]
|-damage|p2a: Ogerpon|95/100|[from] Sandstorm
|upkeep
|turn|5
|
|t:|1769386381
|move|p2a: Ogerpon|Horn Leech|p1a: Tyranitar
|-supereffective|p1a: Tyranitar
|-damage|p1a: Tyranitar|0 fnt
|-heal|p2a: Ogerpon|100/100|[from] drain|[of] p1a: Tyranitar
|faint|p1a: Tyranitar
|
|-weather|Sandstorm|[upkeep]
|-damage|p2a: Ogerpon|95/100|[from] Sandstorm
|upkeep
|
|t:|1769386394
|switch|p1a: Ogerpon|Ogerpon-Wellspring, F|100/100
|turn|6
|
|t:|1769386396
|move|p2a: Ogerpon|Horn Leech|p1a: Ogerpon
|-damage|p1a: Ogerpon|38/100
|-heal|p2a: Ogerpon|100/100|[from] drain|[of] p1a: Ogerpon
|move|p1a: Ogerpon|Swords Dance|p1a: Ogerpon
|-boost|p1a: Ogerpon|atk|2
|
|-weather|none
|upkeep
|turn|7
|
|t:|1769386404
|move|p1a: Ogerpon|Horn Leech|p2a: Ogerpon
|-damage|p2a: Ogerpon|0 fnt
|-heal|p1a: Ogerpon|89/100|[from] drain|[of] p2a: Ogerpon
|faint|p2a: Ogerpon
|
|upkeep
|
|t:|1769386406
|switch|p2a: Cinderace|Cinderace, M|100/100
|turn|8
|
|t:|1769386421
|-terastallize|p1a: Ogerpon|Water
|detailschange|p1a: Ogerpon|Ogerpon-Wellspring-Tera, F, tera:Water
|-ability|p1a: Ogerpon|Embody Aspect (Wellspring)|boost
|-boost|p1a: Ogerpon|spd|1
|move|p2a: Cinderace|Will-O-Wisp|p1a: Ogerpon|[miss]
|-miss|p2a: Cinderace|p1a: Ogerpon
|move|p1a: Ogerpon|Horn Leech|p2a: Cinderace
|-resisted|p2a: Cinderace
|-damage|p2a: Cinderace|41/100
|-heal|p1a: Ogerpon|100/100|[from] drain|[of] p2a: Cinderace
|
|upkeep
|turn|9
|
|t:|1769386433
|switch|p1a: Gholdengo|Gholdengo|100/100
|move|p2a: Cinderace|Will-O-Wisp|p1a: Gholdengo
|-immune|p1a: Gholdengo|[from] ability: Good as Gold
|
|upkeep
|turn|10
|
|t:|1769386440
|move|p2a: Cinderace|Sucker Punch|p1a: Gholdengo
|-start|p2a: Cinderace|typechange|Dark|[from] ability: Libero
|-supereffective|p1a: Gholdengo
|-damage|p1a: Gholdengo|26/100
|move|p1a: Gholdengo|Shadow Ball|p2a: Cinderace
|-resisted|p2a: Cinderace
|-damage|p2a: Cinderace|10/100
|
|upkeep
|turn|11
|
|t:|1769386447
|move|p2a: Cinderace|Sucker Punch|p1a: Gholdengo
|-supereffective|p1a: Gholdengo
|-damage|p1a: Gholdengo|0 fnt
|faint|p1a: Gholdengo
|
|upkeep
|
|t:|1769386453
|switch|p1a: Ribombee|Ribombee, M|100/100
|turn|12
|
|t:|1769386458
|move|p1a: Ribombee|Moonblast|p2a: Cinderace
|-supereffective|p2a: Cinderace
|-damage|p2a: Cinderace|0 fnt
|faint|p2a: Cinderace
|
|upkeep
|
|t:|1769386461
|switch|p2a: Scizor|Scizor, M|100/100
|turn|13
|
|t:|1769386464
|switch|p1a: Great Tusk|Great Tusk|100/100
|move|p2a: Scizor|Swords Dance|p2a: Scizor
|-boost|p2a: Scizor|atk|2
|
|upkeep
|turn|14
|
|t:|1769386469
|move|p2a: Scizor|Bullet Punch|p1a: Great Tusk
|-damage|p1a: Great Tusk|49/100
|move|p1a: Great Tusk|Earthquake|p2a: Scizor
|-damage|p2a: Scizor|50/100
|
|upkeep
|turn|15
|
|t:|1769386474
|move|p2a: Scizor|Bullet Punch|p1a: Great Tusk
|-damage|p1a: Great Tusk|4/100
|move|p1a: Great Tusk|Close Combat|p2a: Scizor
|-damage|p2a: Scizor|0 fnt
|-unboost|p1a: Great Tusk|def|1
|-unboost|p1a: Great Tusk|spd|1
|faint|p2a: Scizor
|
|upkeep
|
|t:|1769386479
|switch|p2a: Azelf|Azelf|100/100
|turn|16
|
|t:|1769386484
|move|p2a: Azelf|Flamethrower|p1a: Great Tusk
|-damage|p1a: Great Tusk|0 fnt
|faint|p1a: Great Tusk
|-end|p1a: Great Tusk|Protosynthesis|[silent]
|
|upkeep
|
|t:|1769386489
|switch|p1a: Ogerpon|Ogerpon-Wellspring-Tera, F, tera:Water|100/100
|-ability|p1a: Ogerpon|Embody Aspect (Wellspring)|boost
|-boost|p1a: Ogerpon|spd|1
|turn|17
|
|t:|1769386493
|move|p2a: Azelf|Thunderbolt|p1a: Ogerpon
|-supereffective|p1a: Ogerpon
|-damage|p1a: Ogerpon|39/100
|move|p1a: Ogerpon|Ivy Cudgel|p2a: Azelf|[anim] Ivy Cudgel Water
|-damage|p2a: Azelf|0 fnt
|faint|p2a: Azelf
|
|upkeep
|
|t:|1769386497
|switch|p2a: Raging Bolt|Raging Bolt|100/100
|-enditem|p2a: Raging Bolt|Booster Energy
|-activate|p2a: Raging Bolt|ability: Protosynthesis|[fromitem]
|-start|p2a: Raging Bolt|protosynthesisspa
|turn|18
|
|t:|1769386504
|move|p1a: Ogerpon|Ivy Cudgel|p2a: Raging Bolt|[anim] Ivy Cudgel Water
|-resisted|p2a: Raging Bolt
|-crit|p2a: Raging Bolt
|-damage|p2a: Raging Bolt|47/100
|move|p2a: Raging Bolt|Thunderbolt|p1a: Ogerpon
|-supereffective|p1a: Ogerpon
|-damage|p1a: Ogerpon|0 fnt
|faint|p1a: Ogerpon
|detailschange|p1: Ogerpon|Ogerpon-Wellspring, F|[silent]
|
|upkeep
|
|t:|1769386511
|switch|p1a: Ribombee|Ribombee, M|100/100
|turn|19
|
|t:|1769386514
|move|p2a: Raging Bolt|Thunderclap|p1a: Ribombee
|-damage|p1a: Ribombee|26/100
|move|p1a: Ribombee|Moonblast|p2a: Raging Bolt
|-supereffective|p2a: Raging Bolt
|-damage|p2a: Raging Bolt|0 fnt
|faint|p2a: Raging Bolt
|-end|p2a: Raging Bolt|Protosynthesis|[silent]
|
|win|Billythekid95
|raw|Billythekid95's rating: 1574 &rarr; <strong>1592</strong><br />(+18 for winning)
|raw|lolcano46's rating: 1544 &rarr; <strong>1526</strong><br />(-18 for losing)
|l|☆lolcano46
|player|p2|
|l|☆Billythekid95
|player|p1|
