|j|☆laon09
|j|☆mokkai
|t:|1769339464
|gametype|singles
|player|p1|laon09|blackbelt-gen4dp|1109
|player|p2|mokkai|266|1103
|gen|9
|tier|[Gen 9] OU
|rated|
|rule|HP Percentage Mod: HP is shown in percentages
|rule|Endless Battle Clause: Forcing endless battles is banned
|rule|Species Clause: Limit one of each Pokémon
|rule|OHKO Clause: OHKO moves are banned
|rule|Evasion Items Clause: Evasion items are banned
|rule|Evasion Moves Clause: Evasion moves are banned
|rule|Evasion Abilities Clause: Evasion abilities are banned
|rule|Sleep Moves Clause: Sleep-inducing moves are banned
|clearpoke
|poke|p1|Grimmsnarl, M|
|poke|p1|Dragapult, M|
|poke|p1|Garganacl, M|
|poke|p1|Dragonite, M|
|poke|p1|Clodsire, M|
|poke|p1|Excadrill, M|
|poke|p2|Conkeldurr, F|
|poke|p2|Slaking, F|
|poke|p2|Scizor, M|
|poke|p2|Cryogonal|
|poke|p2|Glimmora, M|
|poke|p2|Darkrai|
|teampreview
|inactive|Battle timer is ON: inactive players will automatically lose when time's up. (requested by mokkai)
|
|t:|1769339471
|teamsize|p1|6
|teamsize|p2|6
|start
|switch|p1a: Grimmsnarl|Grimmsnarl, M|100/100
|switch|p2a: Slaking|Slaking, F|100/100
|turn|1
|
|t:|1769339484
|move|p1a: Grimmsnarl|Taunt|p2a: Slaking
|-start|p2a: Slaking|move: Taunt
|move|p2a: Slaking|Flamethrower|p1a: Grimmsnarl
|-damage|p1a: Grimmsnarl|62/100
|
|upkeep
|turn|2
|
|t:|1769339495
|switch|p2a: Glimmora|Glimmora, M|100/100
|move|p1a: Grimmsnarl|Reflect|p1a: Grimmsnarl
|-sidestart|p1: laon09|Reflect
|
|upkeep
|turn|3
|
|t:|1769339504
|move|p1a: Grimmsnarl|Light Screen|p1a: Grimmsnarl
|-sidestart|p1: laon09|move: Light Screen
|move|p2a: Glimmora|Sludge Bomb|p1a: Grimmsnarl
|-supereffective|p1a: Grimmsnarl
|-damage|p1a: Grimmsnarl|18/100
|
|upkeep
|turn|4
|
|t:|1769339514
|move|p1a: Grimmsnarl|Taunt|p2a: Glimmora
|-start|p2a: Glimmora|move: Taunt
|move|p2a: Glimmora|Sludge Bomb|p1a: Grimmsnarl
|-supereffective|p1a: Grimmsnarl
|-damage|p1a: Grimmsnarl|0 fnt
|faint|p1a: Grimmsnarl
|
|upkeep
|
|t:|1769339521
|switch|p1a: Excadrill|Excadrill, M|100/100
|-ability|p1a: Excadrill|Mold Breaker
|turn|5
|
|t:|1769339529
|switch|p2a: Slaking|Slaking, F|100/100
|move|p1a: Excadrill|Swords Dance|p1a: Excadrill
|-boost|p1a: Excadrill|atk|2
|
|upkeep
|turn|6
|
|t:|1769339537
|move|p2a: Slaking|Flamethrower|p1a: Excadrill
|-supereffective|p1a: Excadrill
|-damage|p1a: Excadrill|51/100
|move|p1a: Excadrill|Earthquake|p2a: Slaking
|-damage|p2a: Slaking|0 fnt
|faint|p2a: Slaking
|-damage|p1a: Excadrill|41/100|[from] item: Life Orb
|
|upkeep
|
|t:|1769339550
|switch|p2a: Cryogonal|Cryogonal|100/100
|turn|7
|
|t:|1769339556
|move|p2a: Cryogonal|Ice Shard|p1a: Excadrill
|-damage|p1a: Excadrill|36/100
|move|p1a: Excadrill|Iron Head|p2a: Cryogonal
|-supereffective|p2a: Cryogonal
|-damage|p2a: Cryogonal|0 fnt
|faint|p2a: Cryogonal
|-damage|p1a: Excadrill|26/100|[from] item: Life Orb
|
|upkeep
|
|t:|1769339565
|switch|p2a: Darkrai|Darkrai|100/100
|turn|8
|
|t:|1769339569
|move|p2a: Darkrai|Ice Beam|p1a: Excadrill
|-damage|p1a: Excadrill|0 fnt
|faint|p1a: Excadrill
|-damage|p2a: Darkrai|91/100|[from] item: Life Orb
|
|upkeep
|
|t:|1769339576
|switch|p1a: Garganacl|Garganacl, M|100/100
|turn|9
|
|t:|1769339582
|move|p2a: Darkrai|Will-O-Wisp|p1a: Garganacl
|-immune|p1a: Garganacl|[from] ability: Purifying Salt
|move|p1a: Garganacl|Body Press|p2a: Darkrai
|-supereffective|p2a: Darkrai
|-damage|p2a: Darkrai|15/100
|
|-sideend|p1: laon09|Reflect
|upkeep
|turn|10
|
|t:|1769339593
|move|p2a: Darkrai|Dark Pulse|p1a: Garganacl
|-damage|p1a: Garganacl|74/100
|-damage|p2a: Darkrai|5/100|[from] item: Life Orb
|move|p1a: Garganacl|Salt Cure|p2a: Darkrai
|-damage|p2a: Darkrai|0 fnt
|faint|p2a: Darkrai
|
|-heal|p1a: Garganacl|80/100|[from] item: Leftovers
|-sideend|p1: laon09|move: Light Screen
|upkeep
|
|t:|1769339604
|switch|p2a: Scizor|Scizor, M|100/100
|turn|11
|
|t:|1769339614
|-terastallize|p1a: Garganacl|Ghost
|move|p2a: Scizor|Swords Dance|p2a: Scizor
|-boost|p2a: Scizor|atk|2
|move|p1a: Garganacl|Salt Cure|p2a: Scizor
|-damage|p2a: Scizor|87/100
|-start|p2a: Scizor|Salt Cure
|
|-heal|p1a: Garganacl|86/100|[from] item: Leftovers
|-damage|p2a: Scizor|62/100|[from] Salt Cure
|upkeep
|turn|12
|
|t:|1769339629
|move|p2a: Scizor|Dual Wingbeat|p1a: Garganacl
|-damage|p1a: Garganacl|64/100
|-damage|p1a: Garganacl|41/100
|-hitcount|p1a: Garganacl|2
|move|p1a: Garganacl|Iron Defense|p1a: Garganacl
|-boost|p1a: Garganacl|def|2
|
|-heal|p1a: Garganacl|47/100|[from] item: Leftovers
|-damage|p2a: Scizor|37/100|[from] Salt Cure
|upkeep
|turn|13
|
|t:|1769339642
|move|p2a: Scizor|Bullet Punch|p1a: Garganacl
|-damage|p1a: Garganacl|25/100
|move|p1a: Garganacl|Recover|p1a: Garganacl
|-heal|p1a: Garganacl|75/100
|
|-heal|p1a: Garganacl|81/100|[from] item: Leftovers
|-damage|p2a: Scizor|12/100|[from] Salt Cure
|upkeep
|turn|14
|
|t:|1769339652
|move|p2a: Scizor|Bullet Punch|p1a: Garganacl
|-damage|p1a: Garganacl|62/100
|move|p1a: Garganacl|Iron Defense|p1a: Garganacl
|-boost|p1a: Garganacl|def|2
|
|-heal|p1a: Garganacl|68/100|[from] item: Leftovers
|-damage|p2a: Scizor|0 fnt|[from] Salt Cure
|faint|p2a: Scizor
|upkeep
|
|t:|1769339662
|switch|p2a: Glimmora|Glimmora, M|100/100
|turn|15
|
|t:|1769339667
|move|p2a: Glimmora|Mortal Spin|p1a: Garganacl
|-resisted|p1a: Garganacl
|-damage|p1a: Garganacl|67/100
|move|p1a: Garganacl|Body Press|p2a: Glimmora
|-damage|p2a: Glimmora|0 fnt
|-activate|p2a: Glimmora|ability: Toxic Debris
|-sidestart|p1: laon09|move: Toxic Spikes
|faint|p2a: Glimmora
|
|-heal|p1a: Garganacl|74/100|[from] item: Leftovers
|upkeep
|
|t:|1769339679
|switch|p2a: Conkeldurr|Conkeldurr, F|100/100
|turn|16
|
|t:|1769339684
|move|p2a: Conkeldurr|Poison Jab|p1a: Garganacl
|-resisted|p1a: Garganacl
|-damage|p1a: Garganacl|71/100
|move|p1a: Garganacl|Salt Cure|p2a: Conkeldurr
|-resisted|p2a: Conkeldurr
|-damage|p2a: Conkeldurr|95/100
|-start|p2a: Conkeldurr|Salt Cure
|
|-heal|p1a: Garganacl|77/100|[from] item: Leftovers
|-damage|p2a: Conkeldurr|82/100|[from] Salt Cure
|upkeep
|turn|17
|-message|mokkai forfeited.
|
|win|laon09
|raw|laon09's rating: 1109 &rarr; <strong>1134</strong><br />(+25 for winning)
|raw|mokkai's rating: 1103 &rarr; <strong>1078</strong><br />(-25 for losing)
|l|☆mokkai
|player|p2|
|l|☆laon09
|player|p1|
