|j|☆madleying
|j|☆kevinsuw
|t:|1769444103
|gametype|singles
|player|p1|madleying|jasmine|1331
|player|p2|kevinsuw|266|1318
|gen|9
|tier|[Gen 9] OU
|rated|
|rule|HP Percentage Mod: HP is shown in percentages
|rule|Endless Battle Clause: Forcing endless battles is banned
|rule|Species Clause: Limit one of each Pokémon
|rule|OHKO Clause: OHKO moves are banned
|rule|Evasion Items Clause: Evasion items are banned
|rule|Evasion Moves Clause: Evasion moves are banned
|rule|Evasion Abilities Clause: Evasion abilities are banned
|rule|Sleep Moves Clause: Sleep-inducing moves are banned
|clearpoke
|poke|p1|Gholdengo|
|poke|p1|Darkrai|
|poke|p1|Clefable, F|
|poke|p1|Ting-Lu|
|poke|p1|Dragonite, F|
|poke|p1|Pecharunt|
|poke|p2|Slowking-Galar, F|
|poke|p2|Tornadus-Therian, M|
|poke|p2|Hydrapple, F|
|poke|p2|Mienshao, F|
|poke|p2|Cyclizar, M|
|poke|p2|Alomomola, M|
|teampreview
|inactive|Battle timer is ON: inactive players will automatically lose when time's up. (requested by madleying)
|
|t:|1769444112
|teamsize|p1|6
|teamsize|p2|6
|start
|switch|p1a: Pecharunt|Pecharunt|100/100
|switch|p2a: Mienshao|Mienshao, F|100/100
|turn|1
|
|t:|1769444119
|move|p2a: Mienshao|U-turn|p1a: Pecharunt
|-resisted|p1a: Pecharunt
|-damage|p1a: Pecharunt|97/100
|
|t:|1769444122
|switch|p2a: Slowking|Slowking-Galar, F|100/100|[from] U-turn
|move|p1a: Pecharunt|Shadow Ball|p2a: Slowking
|-supereffective|p2a: Slowking
|-damage|p2a: Slowking|76/100
|-unboost|p2a: Slowking|spd|1
|
|upkeep
|turn|2
|
|t:|1769444132
|move|p1a: Pecharunt|Nasty Plot|p1a: Pecharunt
|-boost|p1a: Pecharunt|spa|2
|move|p2a: Slowking|Psychic Noise|p1a: Pecharunt
|-supereffective|p1a: Pecharunt
|-damage|p1a: Pecharunt|30/100
|-start|p1a: Pecharunt|move: Heal Block
|
|upkeep
|turn|3
|
|t:|1769444144
|switch|p1a: Ting-Lu|Ting-Lu|100/100
|-ability|p1a: Ting-Lu|Vessel of Ruin
|switch|p2a: Cyclizar|Cyclizar, M|100/100
|
|upkeep
|turn|4
|
|t:|1769444152
|move|p2a: Cyclizar|Taunt|p1a: Ting-Lu
|-start|p1a: Ting-Lu|move: Taunt
|cant|p1a: Ting-Lu|move: Taunt|Spikes
|
|upkeep
|turn|5
|
|t:|1769444166
|move|p2a: Cyclizar|Knock Off|p1a: Ting-Lu
|-resisted|p1a: Ting-Lu
|-damage|p1a: Ting-Lu|96/100
|-enditem|p1a: Ting-Lu|Red Card|[from] move: Knock Off|[of] p2a: Cyclizar
|move|p1a: Ting-Lu|Ruination|p2a: Cyclizar
|-damage|p2a: Cyclizar|50/100
|
|upkeep
|turn|6
|
|t:|1769444184
|switch|p2a: Tornadus|Tornadus-Therian, M|100/100
|move|p1a: Ting-Lu|Ruination|p2a: Tornadus
|-damage|p2a: Tornadus|50/100
|
|-end|p1a: Ting-Lu|move: Taunt
|upkeep
|turn|7
|inactive|kevinsuw has 120 seconds left.
|inactive|kevinsuw has 90 seconds left.
|inactive|kevinsuw has 60 seconds left.
|
|t:|1769444277
|move|p2a: Tornadus|U-turn|p1a: Ting-Lu
|-supereffective|p1a: Ting-Lu
|-damage|p1a: Ting-Lu|80/100
|
|t:|1769444282
|switch|p2a: Mienshao|Mienshao, F|100/100|[from] U-turn
|move|p1a: Ting-Lu|Stealth Rock|p2a: Mienshao
|-sidestart|p2: kevinsuw|move: Stealth Rock
|
|upkeep
|turn|8
|inactive|kevinsuw has 60 seconds left.
|
|t:|1769444293
|switch|p1a: Clefable|Clefable, F|100/100
|move|p2a: Mienshao|Ice Spinner|p1a: Clefable
|-damage|p1a: Clefable|70/100
|
|upkeep
|turn|9
|
|t:|1769444309
|switch|p2a: Slowking|Slowking-Galar, F|100/100
|-damage|p2a: Slowking|88/100|[from] Stealth Rock
|move|p1a: Clefable|Moonblast|p2a: Slowking
|-resisted|p2a: Slowking
|-damage|p2a: Slowking|76/100
|-unboost|p2a: Slowking|spa|1
|
|upkeep
|turn|10
|
|t:|1769444321
|switch|p1a: Gholdengo|Gholdengo|100/100
|move|p2a: Slowking|Flamethrower|p1a: Gholdengo
|-supereffective|p1a: Gholdengo
|-damage|p1a: Gholdengo|57/100
|
|upkeep
|turn|11
|
|t:|1769444333
|switch|p2a: Hydrapple|Hydrapple, F|100/100
|-damage|p2a: Hydrapple|88/100|[from] Stealth Rock
|move|p1a: Gholdengo|Trick|p2a: Hydrapple
|-activate|p1a: Gholdengo|move: Trick|[of] p2a: Hydrapple
|-item|p2a: Hydrapple|Choice Scarf|[from] move: Trick
|-item|p1a: Gholdengo|Assault Vest|[from] move: Trick
|
|upkeep
|turn|12
|
|t:|1769444341
|move|p1a: Gholdengo|Shadow Ball|p2a: Hydrapple
|-damage|p2a: Hydrapple|44/100
|-unboost|p2a: Hydrapple|spd|1
|move|p2a: Hydrapple|Earth Power|p1a: Gholdengo
|-supereffective|p1a: Gholdengo
|-damage|p1a: Gholdengo|2/100
|
|upkeep
|turn|13
|
|t:|1769444353
|switch|p2a: Cyclizar|Cyclizar, M|84/100
|move|p1a: Gholdengo|Shadow Ball|p2a: Cyclizar
|-immune|p2a: Cyclizar
|
|upkeep
|turn|14
|
|t:|1769444359
|switch|p1a: Pecharunt|Pecharunt|30/100
|move|p2a: Cyclizar|Knock Off|p1a: Pecharunt
|-supereffective|p1a: Pecharunt
|-damage|p1a: Pecharunt|5/100
|-enditem|p1a: Pecharunt|Heavy-Duty Boots|[from] move: Knock Off|[of] p2a: Cyclizar
|
|upkeep
|turn|15
|
|t:|1769444366
|switch|p1a: Gholdengo|Gholdengo|2/100
|move|p2a: Cyclizar|Knock Off|p1a: Gholdengo
|-supereffective|p1a: Gholdengo
|-damage|p1a: Gholdengo|0 fnt
|-enditem|p1a: Gholdengo|Assault Vest|[from] move: Knock Off|[of] p2a: Cyclizar
|faint|p1a: Gholdengo
|
|upkeep
|
|t:|1769444370
|switch|p1a: Darkrai|Darkrai|100/100
|turn|16
|inactive|kevinsuw has 90 seconds left.
|
|t:|1769444401
|switch|p2a: Hydrapple|Hydrapple, F|77/100
|-damage|p2a: Hydrapple|64/100|[from] Stealth Rock
|move|p1a: Darkrai|Ice Beam|p2a: Hydrapple
|-supereffective|p2a: Hydrapple
|-damage|p2a: Hydrapple|0 fnt
|faint|p2a: Hydrapple
|
|upkeep
|inactive|kevinsuw has 60 seconds left.
|
|t:|1769444416
|switch|p2a: Alomomola|Alomomola, M|100/100
|-damage|p2a: Alomomola|88/100|[from] Stealth Rock
|turn|17
|
|t:|1769444424
|move|p1a: Darkrai|Knock Off|p2a: Alomomola
|-damage|p2a: Alomomola|73/100
|-damage|p1a: Darkrai|84/100|[from] item: Rocky Helmet|[of] p2a: Alomomola
|-enditem|p2a: Alomomola|Rocky Helmet|[from] move: Knock Off|[of] p1a: Darkrai
|move|p2a: Alomomola|Mirror Coat||[still]
|-fail|p2a: Alomomola
|
|upkeep
|turn|18
|
|t:|1769444432
|move|p1a: Darkrai|Thunder Wave|p2a: Alomomola
|-status|p2a: Alomomola|par
|move|p2a: Alomomola|Flip Turn|p1a: Darkrai
|-damage|p1a: Darkrai|64/100
|
|t:|1769444437
|switch|p2a: Mienshao|Mienshao, F|100/100|[from] Flip Turn
|-damage|p2a: Mienshao|94/100|[from] Stealth Rock
|
|upkeep
|turn|19
|
|t:|1769444445
|switch|p1a: Clefable|Clefable, F|70/100
|move|p2a: Mienshao|U-turn|p1a: Clefable
|-resisted|p1a: Clefable
|-damage|p1a: Clefable|54/100
|
|t:|1769444453
|switch|p2a: Cyclizar|Cyclizar, M|100/100|[from] U-turn
|
|upkeep
|turn|20
|
|t:|1769444459
|move|p2a: Cyclizar|Rapid Spin|p1a: Clefable
|-damage|p1a: Clefable|36/100
|-boost|p2a: Cyclizar|spe|1
|-sideend|p2: kevinsuw|Stealth Rock|[from] move: Rapid Spin|[of] p2a: Cyclizar
|move|p1a: Clefable|Moonblast|p2a: Cyclizar
|-supereffective|p2a: Cyclizar
|-damage|p2a: Cyclizar|0 fnt
|faint|p2a: Cyclizar
|
|upkeep
|
|t:|1769444471
|switch|p2a: Slowking|Slowking-Galar, F|100/100
|turn|21
|
|t:|1769444475
|move|p1a: Clefable|Moonlight|p1a: Clefable
|-heal|p1a: Clefable|86/100
|move|p2a: Slowking|Sludge Bomb|p1a: Clefable
|-supereffective|p1a: Clefable
|-damage|p1a: Clefable|3/100
|
|upkeep
|turn|22
|
|t:|1769444484
|move|p1a: Clefable|Moonlight|p1a: Clefable
|-heal|p1a: Clefable|53/100
|move|p2a: Slowking|Sludge Bomb|p1a: Clefable
|-supereffective|p1a: Clefable
|-damage|p1a: Clefable|0 fnt
|faint|p1a: Clefable
|
|upkeep
|
|t:|1769444486
|switch|p1a: Ting-Lu|Ting-Lu|80/100
|-ability|p1a: Ting-Lu|Vessel of Ruin
|turn|23
|
|t:|1769444503
|switch|p2a: Mienshao|Mienshao, F|100/100
|move|p1a: Ting-Lu|Stealth Rock|p2a: Mienshao
|-sidestart|p2: kevinsuw|move: Stealth Rock
|
|upkeep
|turn|24
|
|t:|1769444515
|move|p2a: Mienshao|U-turn|p1a: Ting-Lu
|-supereffective|p1a: Ting-Lu
|-damage|p1a: Ting-Lu|53/100
|
|t:|1769444521
|switch|p2a: Alomomola|Alomomola, M|100/100 par|[from] U-turn
|-damage|p2a: Alomomola|88/100 par|[from] Stealth Rock
|move|p1a: Ting-Lu|Spikes|p2a: Alomomola
|-sidestart|p2: kevinsuw|Spikes
|
|upkeep
|turn|25
|
|t:|1769444529
|move|p1a: Ting-Lu|Spikes|p2a: Alomomola
|-sidestart|p2: kevinsuw|Spikes
|move|p2a: Alomomola|Flip Turn|p1a: Ting-Lu
|-supereffective|p1a: Ting-Lu
|-damage|p1a: Ting-Lu|35/100
|
|t:|1769444535
|switch|p2a: Mienshao|Mienshao, F|100/100|[from] Flip Turn
|-damage|p2a: Mienshao|94/100|[from] Stealth Rock
|-damage|p2a: Mienshao|78/100|[from] Spikes
|
|upkeep
|turn|26
|
|t:|1769444542
|move|p2a: Mienshao|Close Combat|p1a: Ting-Lu
|-supereffective|p1a: Ting-Lu
|-damage|p1a: Ting-Lu|0 fnt
|-unboost|p2a: Mienshao|def|1
|-unboost|p2a: Mienshao|spd|1
|faint|p1a: Ting-Lu
|
|upkeep
|
|t:|1769444552
|switch|p1a: Darkrai|Darkrai|64/100
|turn|27
|
|t:|1769444555
|switch|p2a: Alomomola|Alomomola, M|100/100 par
|-damage|p2a: Alomomola|88/100 par|[from] Stealth Rock
|-damage|p2a: Alomomola|71/100 par|[from] Spikes
|move|p1a: Darkrai|Dark Pulse|p2a: Alomomola
|-damage|p2a: Alomomola|30/100 par
|
|upkeep
|turn|28
|
|t:|1769444564
|move|p1a: Darkrai|Dark Pulse|p2a: Alomomola
|-damage|p2a: Alomomola|0 fnt
|faint|p2a: Alomomola
|
|upkeep
|
|t:|1769444574
|switch|p2a: Mienshao|Mienshao, F|100/100
|-damage|p2a: Mienshao|94/100|[from] Stealth Rock
|-damage|p2a: Mienshao|78/100|[from] Spikes
|turn|29
|
|t:|1769444582
|move|p2a: Mienshao|U-turn|p1a: Darkrai
|-supereffective|p1a: Darkrai
|-damage|p1a: Darkrai|0 fnt
|faint|p1a: Darkrai
|
|t:|1769444590
|switch|p2a: Tornadus|Tornadus-Therian, M|84/100|[from] U-turn
|-damage|p2a: Tornadus|59/100|[from] Stealth Rock
|
|upkeep
|
|t:|1769444594
|switch|p1a: Pecharunt|Pecharunt|5/100
|turn|30
|
|t:|1769444601
|move|p2a: Tornadus|Air Slash|p1a: Pecharunt
|-damage|p1a: Pecharunt|0 fnt
|faint|p1a: Pecharunt
|
|upkeep
|
|t:|1769444603
|switch|p1a: Dragonite|Dragonite, F|100/100
|turn|31
|
|t:|1769444614
|move|p2a: Tornadus|Air Slash|p1a: Dragonite
|-damage|p1a: Dragonite|73/100
|cant|p1a: Dragonite|flinch
|
|upkeep
|turn|32
|
|t:|1769444619
|-terastallize|p2a: Tornadus|Flying
|move|p2a: Tornadus|Air Slash|p1a: Dragonite
|-damage|p1a: Dragonite|0 fnt
|faint|p1a: Dragonite
|
|win|kevinsuw
|raw|madleying's rating: 1331 &rarr; <strong>1310</strong><br />(-21 for losing)
|raw|kevinsuw's rating: 1318 &rarr; <strong>1339</strong><br />(+21 for winning)
|l|☆madleying
|player|p1|
|l|☆kevinsuw
|player|p2|
