|j|☆BurlyNut
|j|☆cdcs5 ABReu
|t:|1769411536
|gametype|singles
|player|p1|BurlyNut|steven|1158
|player|p2|cdcs5 ABReu|lusamine-nihilego|1203
|gen|9
|tier|[Gen 9] OU
|rated|
|rule|HP Percentage Mod: HP is shown in percentages
|rule|Endless Battle Clause: Forcing endless battles is banned
|rule|Species Clause: Limit one of each Pokémon
|rule|OHKO Clause: OHKO moves are banned
|rule|Evasion Items Clause: Evasion items are banned
|rule|Evasion Moves Clause: Evasion moves are banned
|rule|Evasion Abilities Clause: Evasion abilities are banned
|rule|Sleep Moves Clause: Sleep-inducing moves are banned
|clearpoke
|poke|p1|Deoxys-Speed|
|poke|p1|Barraskewda, M|
|poke|p1|Weavile, F|
|poke|p1|Electrode-Hisui|
|poke|p1|Iron Valiant|
|poke|p1|Dragapult, M|
|poke|p2|Kyurem|
|poke|p2|Landorus-Therian, M|
|poke|p2|Hatterene, F|
|poke|p2|Iron Moth|
|poke|p2|Kingambit, M|
|poke|p2|Zamazenta-*|
|teampreview
|inactive|Battle timer is ON: inactive players will automatically lose when time's up. (requested by BurlyNut)
|
|t:|1769411553
|teamsize|p1|6
|teamsize|p2|6
|start
|switch|p1a: Electrode|Electrode-Hisui, shiny|100/100
|switch|p2a: Landorus|Landorus-Therian, M|100/100
|-ability|p2a: Landorus|Intimidate|boost
|-unboost|p1a: Electrode|atk|1
|turn|1
|
|t:|1769411573
|move|p1a: Electrode|Leech Seed|p2a: Landorus
|-start|p2a: Landorus|move: Leech Seed
|move|p2a: Landorus|Stealth Rock|p1a: Electrode
|-sidestart|p1: BurlyNut|move: Stealth Rock
|
|-damage|p2a: Landorus|88/100|[from] Leech Seed|[of] p1a: Electrode
|upkeep
|turn|2
|
|t:|1769411582
|move|p1a: Electrode|Giga Drain|p2a: Landorus
|-damage|p2a: Landorus|54/100
|move|p2a: Landorus|U-turn|p1a: Electrode
|-supereffective|p1a: Electrode
|-crit|p1a: Electrode
|-damage|p1a: Electrode|0 fnt
|faint|p1a: Electrode
|
|t:|1769411587
|switch|p2a: Iron Moth|Iron Moth|100/100|[from] U-turn
|-enditem|p2a: Iron Moth|Booster Energy
|-activate|p2a: Iron Moth|ability: Quark Drive|[fromitem]
|-start|p2a: Iron Moth|quarkdrivespe
|
|upkeep
|inactive|BurlyNut has 120 seconds left.
|
|t:|1769411630
|switch|p1a: Iron Valiant|Iron Valiant, shiny|100/100
|-damage|p1a: Iron Valiant|94/100|[from] Stealth Rock
|-enditem|p1a: Iron Valiant|Booster Energy
|-activate|p1a: Iron Valiant|ability: Quark Drive|[fromitem]
|-start|p1a: Iron Valiant|quarkdrivespe
|turn|3
|
|t:|1769411645
|move|p1a: Iron Valiant|Psychic|p2a: Iron Moth
|-supereffective|p2a: Iron Moth
|-crit|p2a: Iron Moth
|-damage|p2a: Iron Moth|8/100
|move|p2a: Iron Moth|Sludge Wave|p1a: Iron Valiant
|-supereffective|p1a: Iron Valiant
|-damage|p1a: Iron Valiant|0 fnt
|faint|p1a: Iron Valiant
|-end|p1a: Iron Valiant|Quark Drive|[silent]
|
|upkeep
|
|t:|1769411660
|switch|p1a: Dragapult|Dragapult, M, shiny|100/100
|-damage|p1a: Dragapult|88/100|[from] Stealth Rock
|turn|4
|
|t:|1769411668
|move|p1a: Dragapult|Sucker Punch|p2a: Iron Moth
|-crit|p2a: Iron Moth
|-damage|p2a: Iron Moth|0 fnt
|faint|p2a: Iron Moth
|-end|p2a: Iron Moth|Quark Drive|[silent]
|-heal|p1a: Dragapult|89/100|[from] item: Shell Bell|[of] p2: Iron Moth
|
|upkeep
|
|t:|1769411674
|switch|p2a: Zamazenta|Zamazenta|100/100
|-ability|p2a: Zamazenta|Dauntless Shield|boost
|-boost|p2a: Zamazenta|def|1
|turn|5
|
|t:|1769411682
|move|p2a: Zamazenta|Iron Defense|p2a: Zamazenta
|-boost|p2a: Zamazenta|def|2
|move|p1a: Dragapult|Psychic Fangs|p2a: Zamazenta
|-supereffective|p2a: Zamazenta
|-damage|p2a: Zamazenta|80/100
|-heal|p1a: Dragapult|91/100|[from] item: Shell Bell|[of] p2a: Zamazenta
|
|-heal|p2a: Zamazenta|86/100|[from] item: Leftovers
|upkeep
|turn|6
|
|t:|1769411694
|move|p2a: Zamazenta|Crunch|p1a: Dragapult
|-supereffective|p1a: Dragapult
|-damage|p1a: Dragapult|38/100
|move|p1a: Dragapult|Psychic Fangs|p2a: Zamazenta
|-supereffective|p2a: Zamazenta
|-damage|p2a: Zamazenta|68/100
|-heal|p1a: Dragapult|40/100|[from] item: Shell Bell|[of] p2a: Zamazenta
|
|-heal|p2a: Zamazenta|74/100|[from] item: Leftovers
|upkeep
|turn|7
|
|t:|1769411712
|move|p2a: Zamazenta|Iron Defense|p2a: Zamazenta
|-boost|p2a: Zamazenta|def|2
|move|p1a: Dragapult|Psychic Fangs|p2a: Zamazenta
|-supereffective|p2a: Zamazenta
|-damage|p2a: Zamazenta|61/100
|-heal|p1a: Dragapult|42/100|[from] item: Shell Bell|[of] p2a: Zamazenta
|
|-heal|p2a: Zamazenta|67/100|[from] item: Leftovers
|upkeep
|turn|8
|
|t:|1769411722
|move|p2a: Zamazenta|Crunch|p1a: Dragapult
|-supereffective|p1a: Dragapult
|-damage|p1a: Dragapult|0 fnt
|faint|p1a: Dragapult
|
|-heal|p2a: Zamazenta|73/100|[from] item: Leftovers
|upkeep
|
|t:|1769411728
|switch|p1a: Deoxys|Deoxys-Speed, shiny|100/100
|-damage|p1a: Deoxys|88/100|[from] Stealth Rock
|-ability|p1a: Deoxys|Pressure
|-item|p1a: Deoxys|Air Balloon
|turn|9
|
|t:|1769411737
|-terastallize|p2a: Zamazenta|Steel
|move|p1a: Deoxys|Psychic|p2a: Zamazenta
|-resisted|p2a: Zamazenta
|-damage|p2a: Zamazenta|53/100
|move|p2a: Zamazenta|Crunch|p1a: Deoxys
|-supereffective|p1a: Deoxys
|-damage|p1a: Deoxys|27/100
|-enditem|p1a: Deoxys|Air Balloon
|
|-heal|p2a: Zamazenta|60/100|[from] item: Leftovers
|upkeep
|turn|10
|inactive|BurlyNut has 120 seconds left.
|
|t:|1769411750
|move|p1a: Deoxys|Dark Pulse|p2a: Zamazenta
|-damage|p2a: Zamazenta|36/100
|cant|p2a: Zamazenta|flinch
|
|-heal|p2a: Zamazenta|42/100|[from] item: Leftovers
|upkeep
|turn|11
|inactive|BurlyNut has 120 seconds left.
|
|t:|1769411757
|move|p1a: Deoxys|Dark Pulse|p2a: Zamazenta
|-damage|p2a: Zamazenta|20/100
|move|p2a: Zamazenta|Body Press|p1a: Deoxys
|-resisted|p1a: Deoxys
|-damage|p1a: Deoxys|0 fnt
|faint|p1a: Deoxys
|
|-heal|p2a: Zamazenta|26/100|[from] item: Leftovers
|upkeep
|inactive|BurlyNut has 120 seconds left.
|
|t:|1769411772
|switch|p1a: Weavile|Weavile, F, shiny|100/100
|-damage|p1a: Weavile|76/100|[from] Stealth Rock
|turn|12
|inactive|BurlyNut has 120 seconds left.
|
|t:|1769411785
|-terastallize|p1a: Weavile|Poison
|move|p2a: Zamazenta|Body Press|p1a: Weavile
|-resisted|p1a: Weavile
|-damage|p1a: Weavile|0 fnt
|faint|p1a: Weavile
|
|-heal|p2a: Zamazenta|32/100|[from] item: Leftovers
|upkeep
|-message|BurlyNut forfeited.
|
|win|cdcs5 ABReu
|raw|BurlyNut's rating: 1158 &rarr; <strong>1136</strong><br />(-22 for losing)
|raw|cdcs5 ABReu's rating: 1203 &rarr; <strong>1225</strong><br />(+22 for winning)
|l|☆BurlyNut
|player|p1|
|l|☆cdcs5 ABReu
|player|p2|
