|j|☆Sontrad
|j|☆atlazzz
|t:|1769309053
|gametype|singles
|player|p1|Sontrad|volkner|
|player|p2|atlazzz|volkner|
|gen|9
|tier|[Gen 9] OU
|rule|HP Percentage Mod: HP is shown in percentages
|rule|Endless Battle Clause: Forcing endless battles is banned
|rule|Species Clause: Limit one of each Pokémon
|rule|OHKO Clause: OHKO moves are banned
|rule|Evasion Items Clause: Evasion items are banned
|rule|Evasion Moves Clause: Evasion moves are banned
|rule|Evasion Abilities Clause: Evasion abilities are banned
|rule|Sleep Moves Clause: Sleep-inducing moves are banned
|clearpoke
|poke|p1|Great Tusk|
|poke|p1|Iron Valiant|
|poke|p1|Kingambit, M|
|poke|p1|Gholdengo|
|poke|p1|Ting-Lu|
|poke|p1|Dragapult, M|
|poke|p2|Rillaboom, F|
|poke|p2|Heatran, F|
|poke|p2|Slowking, M|
|poke|p2|Dragapult, M|
|poke|p2|Landorus-Therian, M|
|poke|p2|Bisharp, M|
|teampreview
|
|t:|1769309063
|teamsize|p1|6
|teamsize|p2|6
|start
|switch|p1a: Ting-Lu|Ting-Lu, shiny|100/100
|switch|p2a: ohh me void|Bisharp, M, shiny|100/100
|-ability|p1a: Ting-Lu|Vessel of Ruin
|turn|1
|
|t:|1769309072
|move|p2a: ohh me void|Swords Dance|p2a: ohh me void
|-boost|p2a: ohh me void|atk|2
|move|p1a: Ting-Lu|Spikes|p2a: ohh me void
|-sidestart|p2: atlazzz|Spikes
|
|upkeep
|turn|2
|
|t:|1769309113
|move|p2a: ohh me void|Low Sweep|p1a: Ting-Lu
|-supereffective|p1a: Ting-Lu
|-damage|p1a: Ting-Lu|51/100
|-unboost|p1a: Ting-Lu|spe|1
|-damage|p2a: ohh me void|84/100|[from] item: Rocky Helmet|[of] p1a: Ting-Lu
|move|p1a: Ting-Lu|Ruination|p2a: ohh me void
|-damage|p2a: ohh me void|42/100
|
|upkeep
|turn|3
|
|t:|1769309148
|switch|p1a: Dragapult|Dragapult, M, shiny|100/100
|move|p2a: ohh me void|Sucker Punch||[still]
|-fail|p2a: ohh me void
|
|upkeep
|turn|4
|
|t:|1769309154
|move|p2a: ohh me void|Sucker Punch|p1a: Dragapult
|-supereffective|p1a: Dragapult
|-damage|p1a: Dragapult|0 fnt
|faint|p1a: Dragapult
|
|upkeep
|
|t:|1769309162
|switch|p1a: Ting-Lu|Ting-Lu, shiny|51/100
|-ability|p1a: Ting-Lu|Vessel of Ruin
|turn|5
|
|t:|1769309165
|move|p2a: ohh me void|Sucker Punch|p1a: Ting-Lu
|-resisted|p1a: Ting-Lu
|-damage|p1a: Ting-Lu|31/100
|-damage|p2a: ohh me void|26/100|[from] item: Rocky Helmet|[of] p1a: Ting-Lu
|move|p1a: Ting-Lu|Earthquake|p2a: ohh me void
|-supereffective|p2a: ohh me void
|-damage|p2a: ohh me void|0 fnt
|faint|p2a: ohh me void
|
|upkeep
|
|t:|1769309179
|switch|p2a: Nany te amo|Rillaboom, F|100/100
|-damage|p2a: Nany te amo|88/100|[from] Spikes
|-fieldstart|move: Grassy Terrain|[from] ability: Grassy Surge|[of] p2a: Nany te amo
|turn|6
|
|t:|1769309184
|move|p2a: Nany te amo|Grassy Glide|p1a: Ting-Lu
|-supereffective|p1a: Ting-Lu
|-damage|p1a: Ting-Lu|0 fnt
|-damage|p2a: Nany te amo|72/100|[from] item: Rocky Helmet|[of] p1a: Ting-Lu
|faint|p1a: Ting-Lu
|
|-heal|p2a: Nany te amo|78/100|[from] Grassy Terrain
|-heal|p2a: Nany te amo|84/100|[from] item: Leftovers
|upkeep
|
|t:|1769309229
|switch|p1a: Gholdengo|Gholdengo|100/100
|turn|7
|
|t:|1769309237
|-terastallize|p2a: Nany te amo|Grass
|move|p2a: Nany te amo|Wood Hammer|p1a: Gholdengo
|-resisted|p1a: Gholdengo
|-damage|p1a: Gholdengo|44/100
|-damage|p2a: Nany te amo|64/100|[from] Recoil
|move|p1a: Gholdengo|Nasty Plot|p1a: Gholdengo
|-boost|p1a: Gholdengo|spa|2
|
|-heal|p2a: Nany te amo|70/100|[from] Grassy Terrain
|-heal|p2a: Nany te amo|76/100|[from] item: Leftovers
|-heal|p1a: Gholdengo|50/100|[from] Grassy Terrain
|-heal|p1a: Gholdengo|57/100|[from] item: Leftovers
|upkeep
|turn|8
|
|t:|1769309250
|move|p2a: Nany te amo|Wood Hammer|p1a: Gholdengo
|-resisted|p1a: Gholdengo
|-damage|p1a: Gholdengo|4/100
|-damage|p2a: Nany te amo|57/100|[from] Recoil
|move|p1a: Gholdengo|Recover|p1a: Gholdengo
|-heal|p1a: Gholdengo|54/100
|
|-heal|p2a: Nany te amo|63/100|[from] Grassy Terrain
|-heal|p2a: Nany te amo|69/100|[from] item: Leftovers
|-heal|p1a: Gholdengo|61/100|[from] Grassy Terrain
|-heal|p1a: Gholdengo|67/100|[from] item: Leftovers
|upkeep
|turn|9
|
|t:|1769309261
|move|p2a: Nany te amo|Earthquake|p1a: Gholdengo
|-supereffective|p1a: Gholdengo
|-damage|p1a: Gholdengo|31/100
|move|p1a: Gholdengo|Make It Rain|p2a: Nany te amo
|-damage|p2a: Nany te amo|0 fnt
|-unboost|p1a: Gholdengo|spa|1
|faint|p2a: Nany te amo
|
|-heal|p1a: Gholdengo|37/100|[from] Grassy Terrain
|-heal|p1a: Gholdengo|43/100|[from] item: Leftovers
|upkeep
|
|t:|1769309273
|switch|p2a: el de las pipash|Dragapult, M, shiny|100/100
|-damage|p2a: el de las pipash|88/100|[from] Spikes
|turn|10
|
|t:|1769309282
|move|p2a: el de las pipash|Shadow Ball|p1a: Gholdengo
|-supereffective|p1a: Gholdengo
|-damage|p1a: Gholdengo|0 fnt
|faint|p1a: Gholdengo
|
|-heal|p2a: el de las pipash|94/100|[from] Grassy Terrain
|-fieldend|move: Grassy Terrain
|upkeep
|
|t:|1769309289
|switch|p1a: Iron Valiant|Iron Valiant, shiny|100/100
|-enditem|p1a: Iron Valiant|Booster Energy
|-activate|p1a: Iron Valiant|ability: Quark Drive|[fromitem]
|-start|p1a: Iron Valiant|quarkdrivespe
|turn|11
|
|t:|1769309295
|switch|p2a: skibidi sigma|Heatran, F|100/100
|-damage|p2a: skibidi sigma|88/100|[from] Spikes
|move|p1a: Iron Valiant|Moonblast|p2a: skibidi sigma
|-resisted|p2a: skibidi sigma
|-damage|p2a: skibidi sigma|76/100
|-unboost|p2a: skibidi sigma|spa|1
|
|upkeep
|turn|12
|
|t:|1769309307
|-end|p1a: Iron Valiant|Quark Drive|[silent]
|switch|p1a: Great Tusk|Great Tusk, shiny|100/100
|move|p2a: skibidi sigma|Lava Plume|p1a: Great Tusk
|-damage|p1a: Great Tusk|59/100
|
|-heal|p1a: Great Tusk|65/100|[from] item: Leftovers
|upkeep
|turn|13
|
|t:|1769309314
|switch|p2a: un gr|Landorus-Therian, M|100/100
|-ability|p2a: un gr|Intimidate|boost
|-unboost|p1a: Great Tusk|atk|1
|move|p1a: Great Tusk|Earthquake|p2a: un gr
|-immune|p2a: un gr
|
|-heal|p1a: Great Tusk|71/100|[from] item: Leftovers
|upkeep
|turn|14
|
|t:|1769309322
|move|p2a: un gr|Calm Mind|p2a: un gr
|-boost|p2a: un gr|spa|1
|-boost|p2a: un gr|spd|1
|move|p1a: Great Tusk|Close Combat|p2a: un gr
|-resisted|p2a: un gr
|-damage|p2a: un gr|87/100
|-unboost|p1a: Great Tusk|def|1
|-unboost|p1a: Great Tusk|spd|1
|
|-heal|p2a: un gr|93/100|[from] item: Leftovers
|-heal|p1a: Great Tusk|77/100|[from] item: Leftovers
|upkeep
|turn|15
|
|t:|1769309334
|move|p2a: un gr|Calm Mind|p2a: un gr
|-boost|p2a: un gr|spa|1
|-boost|p2a: un gr|spd|1
|move|p1a: Great Tusk|Rapid Spin|p2a: un gr
|-damage|p2a: un gr|86/100
|-boost|p1a: Great Tusk|spe|1
|
|-heal|p1a: Great Tusk|84/100|[from] item: Leftovers
|-heal|p2a: un gr|92/100|[from] item: Leftovers
|upkeep
|turn|16
|
|t:|1769309347
|move|p1a: Great Tusk|Stealth Rock|p2a: un gr
|-sidestart|p2: atlazzz|move: Stealth Rock
|move|p2a: un gr|Grass Knot|p1a: Great Tusk
|-supereffective|p1a: Great Tusk
|-damage|p1a: Great Tusk|0 fnt
|faint|p1a: Great Tusk
|-end|p1a: Great Tusk|Protosynthesis|[silent]
|
|-heal|p2a: un gr|98/100|[from] item: Leftovers
|upkeep
|
|t:|1769309357
|switch|p1a: Iron Valiant|Iron Valiant, shiny|100/100
|turn|17
|
|t:|1769309362
|move|p1a: Iron Valiant|Moonblast|p2a: un gr
|-damage|p2a: un gr|77/100
|move|p2a: un gr|Sludge Bomb|p1a: Iron Valiant
|-supereffective|p1a: Iron Valiant
|-damage|p1a: Iron Valiant|0 fnt
|faint|p1a: Iron Valiant
|-end|p1a: Iron Valiant|Quark Drive|[silent]
|
|-heal|p2a: un gr|83/100|[from] item: Leftovers
|upkeep
|
|t:|1769309370
|switch|p1a: Kingambit|Kingambit, M, shiny|100/100
|-activate|p1a: Kingambit|ability: Supreme Overlord
|-start|p1a: Kingambit|fallen5|[silent]
|turn|18
|
|t:|1769309377
|-terastallize|p1a: Kingambit|Flying
|move|p2a: un gr|Earth Power|p1a: Kingambit
|-immune|p1a: Kingambit
|move|p1a: Kingambit|Iron Head|p2a: un gr
|-damage|p2a: un gr|27/100
|
|-heal|p2a: un gr|33/100|[from] item: Leftovers
|upkeep
|turn|19
|
|t:|1769309387
|move|p2a: un gr|Sludge Bomb|p1a: Kingambit
|-damage|p1a: Kingambit|56/100
|-status|p1a: Kingambit|psn
|move|p1a: Kingambit|Kowtow Cleave|p2a: un gr
|-damage|p2a: un gr|0 fnt
|faint|p2a: un gr
|
|-damage|p1a: Kingambit|44/100 psn|[from] psn
|upkeep
|
|t:|1769309397
|switch|p2a: el de las pipash|Dragapult, M, shiny|94/100
|-damage|p2a: el de las pipash|82/100|[from] Spikes
|-damage|p2a: el de las pipash|70/100|[from] Stealth Rock
|turn|20
|
|t:|1769309404
|move|p2a: el de las pipash|Draco Meteor|p1a: Kingambit
|-damage|p1a: Kingambit|0 fnt
|-unboost|p2a: el de las pipash|spa|2
|faint|p1a: Kingambit
|-end|p1a: Kingambit|fallen5|[silent]
|
|win|atlazzz
|l|☆Sontrad
|player|p1|
|j|☆Sontrad
|player|p1|Sontrad|volkner|
