|j|☆taikenlest
|j|☆johnnyn12
|t:|1769340551
|gametype|singles
|player|p1|taikenlest|102|1330
|player|p2|johnnyn12|102|1310
|gen|9
|tier|[Gen 9] OU
|rated|
|rule|HP Percentage Mod: HP is shown in percentages
|rule|Endless Battle Clause: Forcing endless battles is banned
|rule|Species Clause: Limit one of each Pokémon
|rule|OHKO Clause: OHKO moves are banned
|rule|Evasion Items Clause: Evasion items are banned
|rule|Evasion Moves Clause: Evasion moves are banned
|rule|Evasion Abilities Clause: Evasion abilities are banned
|rule|Sleep Moves Clause: Sleep-inducing moves are banned
|clearpoke
|poke|p1|Landorus-Therian, M|
|poke|p1|Pecharunt|
|poke|p1|Rillaboom, M|
|poke|p1|Kyurem|
|poke|p1|Iron Valiant|
|poke|p1|Cinccino, M|
|poke|p2|Ceruledge, M|
|poke|p2|Quaquaval, M|
|poke|p2|Dragonite, F|
|poke|p2|Darkrai|
|poke|p2|Alomomola, F|
|poke|p2|Kyurem|
|teampreview
|inactive|Battle timer is ON: inactive players will automatically lose when time's up. (requested by johnnyn12)
|
|t:|1769340581
|teamsize|p1|6
|teamsize|p2|6
|start
|switch|p1a: Rillaboom|Rillaboom, M|100/100
|switch|p2a: Kyurem|Kyurem|100/100
|-ability|p2a: Kyurem|Pressure
|-fieldstart|move: Grassy Terrain|[from] ability: Grassy Surge|[of] p1a: Rillaboom
|turn|1
|
|t:|1769340588
|move|p2a: Kyurem|Dragon Dance|p2a: Kyurem
|-boost|p2a: Kyurem|atk|1
|-boost|p2a: Kyurem|spe|1
|move|p1a: Rillaboom|U-turn|p2a: Kyurem
|-damage|p2a: Kyurem|61/100
|
|t:|1769340594
|switch|p1a: Landorus|Landorus-Therian, M|100/100|[from] U-turn
|-ability|p1a: Landorus|Intimidate|boost
|-unboost|p2a: Kyurem|atk|1
|
|-heal|p2a: Kyurem|67/100|[from] Grassy Terrain
|upkeep
|turn|2
|
|t:|1769340606
|switch|p1a: Pecharunt|Pecharunt|100/100
|move|p2a: Kyurem|Icicle Spear|p1a: Pecharunt
|-damage|p1a: Pecharunt|93/100
|-damage|p1a: Pecharunt|86/100
|-damage|p1a: Pecharunt|79/100
|-damage|p1a: Pecharunt|72/100
|-damage|p1a: Pecharunt|65/100
|-hitcount|p1a: Pecharunt|5
|
|-heal|p2a: Kyurem|73/100|[from] Grassy Terrain
|-heal|p1a: Pecharunt|71/100|[from] Grassy Terrain
|upkeep
|turn|3
|
|t:|1769340629
|switch|p2a: Darkrai|Darkrai|100/100
|move|p1a: Pecharunt|Malignant Chain|p2a: Darkrai
|-damage|p2a: Darkrai|57/100
|-status|p2a: Darkrai|tox
|-start|p2a: Darkrai|confusion|[from] ability: Poison Puppeteer|[of] p1a: Pecharunt
|
|-heal|p2a: Darkrai|63/100 tox|[from] Grassy Terrain
|-heal|p2a: Darkrai|70/100 tox|[from] item: Leftovers
|-heal|p1a: Pecharunt|77/100|[from] Grassy Terrain
|-damage|p2a: Darkrai|63/100 tox|[from] psn
|upkeep
|turn|4
|
|t:|1769340640
|-activate|p2a: Darkrai|confusion
|move|p2a: Darkrai|Dark Pulse|p1a: Pecharunt
|-supereffective|p1a: Pecharunt
|-damage|p1a: Pecharunt|0 fnt
|faint|p1a: Pecharunt
|
|-heal|p2a: Darkrai|70/100 tox|[from] Grassy Terrain
|-heal|p2a: Darkrai|76/100 tox|[from] item: Leftovers
|-damage|p2a: Darkrai|63/100 tox|[from] psn
|upkeep
|
|t:|1769340650
|switch|p1a: Iron Valiant|Iron Valiant|100/100
|-enditem|p1a: Iron Valiant|Booster Energy
|-activate|p1a: Iron Valiant|ability: Quark Drive|[fromitem]
|-start|p1a: Iron Valiant|quarkdrivespe
|turn|5
|
|t:|1769340655
|move|p1a: Iron Valiant|Calm Mind|p1a: Iron Valiant
|-boost|p1a: Iron Valiant|spa|1
|-boost|p1a: Iron Valiant|spd|1
|-activate|p2a: Darkrai|confusion
|move|p2a: Darkrai|Sludge Bomb|p1a: Iron Valiant
|-supereffective|p1a: Iron Valiant
|-damage|p1a: Iron Valiant|8/100
|
|-heal|p1a: Iron Valiant|14/100|[from] Grassy Terrain
|-heal|p2a: Darkrai|70/100 tox|[from] Grassy Terrain
|-heal|p2a: Darkrai|76/100 tox|[from] item: Leftovers
|-damage|p2a: Darkrai|57/100 tox|[from] psn
|-fieldend|move: Grassy Terrain
|upkeep
|turn|6
|
|t:|1769340662
|-terastallize|p1a: Iron Valiant|Steel
|move|p1a: Iron Valiant|Calm Mind|p1a: Iron Valiant
|-boost|p1a: Iron Valiant|spa|1
|-boost|p1a: Iron Valiant|spd|1
|-activate|p2a: Darkrai|confusion
|move|p2a: Darkrai|Sludge Bomb|p1a: Iron Valiant
|-immune|p1a: Iron Valiant
|
|-heal|p2a: Darkrai|63/100 tox|[from] item: Leftovers
|-damage|p2a: Darkrai|39/100 tox|[from] psn
|upkeep
|turn|7
|
|t:|1769340672
|move|p1a: Iron Valiant|Moonblast|p2a: Darkrai
|-supereffective|p2a: Darkrai
|-crit|p2a: Darkrai
|-damage|p2a: Darkrai|0 fnt
|faint|p2a: Darkrai
|
|upkeep
|
|t:|1769340677
|switch|p2a: Quaquaval|Quaquaval, M|100/100
|turn|8
|inactive|taikenlest has 120 seconds left.
|
|t:|1769340716
|-end|p1a: Iron Valiant|Quark Drive|[silent]
|switch|p1a: Rillaboom|Rillaboom, M|100/100
|-fieldstart|move: Grassy Terrain|[from] ability: Grassy Surge|[of] p1a: Rillaboom
|move|p2a: Quaquaval|Aqua Jet|p1a: Rillaboom
|-resisted|p1a: Rillaboom
|-damage|p1a: Rillaboom|91/100
|
|-heal|p1a: Rillaboom|97/100|[from] Grassy Terrain
|upkeep
|turn|9
|inactive|taikenlest has 120 seconds left.
|
|t:|1769340727
|switch|p2a: Ceruledge|Ceruledge, M|100/100
|-singleturn|p1a: Rillaboom|move: Focus Punch
|move|p1a: Rillaboom|Focus Punch|p2a: Ceruledge
|-immune|p2a: Ceruledge
|
|-heal|p1a: Rillaboom|100/100|[from] Grassy Terrain
|upkeep
|turn|10
|inactive|taikenlest has 120 seconds left.
|
|t:|1769340742
|switch|p1a: Cinccino|Cinccino, M|100/100
|move|p2a: Ceruledge|Swords Dance|p2a: Ceruledge
|-boost|p2a: Ceruledge|atk|2
|
|upkeep
|turn|11
|
|t:|1769340753
|move|p1a: Cinccino|Knock Off|p2a: Ceruledge
|-supereffective|p2a: Ceruledge
|-damage|p2a: Ceruledge|23/100
|-ability|p2a: Ceruledge|Weak Armor|boost
|-unboost|p2a: Ceruledge|def|1
|-boost|p2a: Ceruledge|spe|2
|-enditem|p2a: Ceruledge|Focus Sash|[from] move: Knock Off|[of] p1a: Cinccino
|move|p2a: Ceruledge|Bitter Blade|p1a: Cinccino
|-damage|p1a: Cinccino|0 fnt
|-heal|p2a: Ceruledge|73/100|[from] drain|[of] p1a: Cinccino
|faint|p1a: Cinccino
|
|-heal|p2a: Ceruledge|79/100|[from] Grassy Terrain
|upkeep
|
|t:|1769340768
|switch|p1a: Landorus|Landorus-Therian, M|100/100
|-ability|p1a: Landorus|Intimidate|boost
|-unboost|p2a: Ceruledge|atk|1
|turn|12
|
|t:|1769340779
|move|p2a: Ceruledge|Bitter Blade|p1a: Landorus
|-damage|p1a: Landorus|32/100
|-heal|p2a: Ceruledge|100/100|[from] drain|[of] p1a: Landorus
|-damage|p2a: Ceruledge|84/100|[from] item: Rocky Helmet|[of] p1a: Landorus
|move|p1a: Landorus|Earthquake|p2a: Ceruledge
|-supereffective|p2a: Ceruledge
|-damage|p2a: Ceruledge|0 fnt
|faint|p2a: Ceruledge
|
|-fieldend|move: Grassy Terrain
|upkeep
|
|t:|1769340804
|switch|p2a: Quaquaval|Quaquaval, M|100/100
|turn|13
|
|t:|1769340811
|switch|p1a: Rillaboom|Rillaboom, M|100/100
|-fieldstart|move: Grassy Terrain|[from] ability: Grassy Surge|[of] p1a: Rillaboom
|move|p2a: Quaquaval|Ice Spinner|p1a: Rillaboom
|-supereffective|p1a: Rillaboom
|-damage|p1a: Rillaboom|48/100
|-fieldend|move: Grassy Terrain
|
|upkeep
|turn|14
|inactive|taikenlest has 120 seconds left.
|
|t:|1769340819
|switch|p1a: Landorus|Landorus-Therian, M|32/100
|-ability|p1a: Landorus|Intimidate|boost
|-unboost|p2a: Quaquaval|atk|1
|move|p2a: Quaquaval|Ice Spinner|p1a: Landorus
|-supereffective|p1a: Landorus
|-damage|p1a: Landorus|0 fnt
|-damage|p2a: Quaquaval|84/100|[from] item: Rocky Helmet|[of] p1a: Landorus
|faint|p1a: Landorus
|-ability|p2a: Quaquaval|Moxie|boost
|-boost|p2a: Quaquaval|atk|1
|
|-heal|p2a: Quaquaval|90/100|[from] item: Leftovers
|upkeep
|inactive|taikenlest has 120 seconds left.
|
|t:|1769340827
|switch|p1a: Kyurem|Kyurem|100/100
|-ability|p1a: Kyurem|Pressure
|turn|15
|
|t:|1769340837
|move|p1a: Kyurem|Protect|p1a: Kyurem
|-singleturn|p1a: Kyurem|Protect
|move|p2a: Quaquaval|Close Combat|p1a: Kyurem
|-activate|p1a: Kyurem|move: Protect
|
|-heal|p2a: Quaquaval|96/100|[from] item: Leftovers
|upkeep
|turn|16
|
|t:|1769340849
|move|p1a: Kyurem|Freeze-Dry|p2a: Quaquaval
|-supereffective|p2a: Quaquaval
|-damage|p2a: Quaquaval|0 fnt
|faint|p2a: Quaquaval
|
|upkeep
|
|t:|1769340858
|switch|p2a: Kyurem|Kyurem|73/100
|-ability|p2a: Kyurem|Pressure
|turn|17
|
|t:|1769340862
|move|p1a: Kyurem|Substitute|p1a: Kyurem
|-start|p1a: Kyurem|Substitute
|-damage|p1a: Kyurem|75/100
|move|p2a: Kyurem|Scale Shot|p1a: Kyurem
|-supereffective|p1a: Kyurem
|-end|p1a: Kyurem|Substitute
|-supereffective|p1a: Kyurem
|-damage|p1a: Kyurem|49/100
|-supereffective|p1a: Kyurem
|-damage|p1a: Kyurem|21/100
|-supereffective|p1a: Kyurem
|-damage|p1a: Kyurem|0 fnt
|faint|p1a: Kyurem
|-hitcount|p1: Kyurem|4
|-unboost|p2a: Kyurem|def|1
|-boost|p2a: Kyurem|spe|1
|
|upkeep
|
|t:|1769340872
|switch|p1a: Rillaboom|Rillaboom, M|48/100
|-fieldstart|move: Grassy Terrain|[from] ability: Grassy Surge|[of] p1a: Rillaboom
|turn|18
|
|t:|1769340874
|move|p1a: Rillaboom|Grassy Glide|p2a: Kyurem
|-resisted|p2a: Kyurem
|-damage|p2a: Kyurem|29/100
|move|p2a: Kyurem|Icicle Spear|p1a: Rillaboom
|-supereffective|p1a: Rillaboom
|-damage|p1a: Rillaboom|17/100
|-supereffective|p1a: Rillaboom
|-damage|p1a: Rillaboom|0 fnt
|faint|p1a: Rillaboom
|-hitcount|p1: Rillaboom|2
|
|-heal|p2a: Kyurem|36/100|[from] Grassy Terrain
|upkeep
|-message|taikenlest forfeited.
|
|win|johnnyn12
|raw|taikenlest's rating: 1330 &rarr; <strong>1309</strong><br />(-21 for losing)
|raw|johnnyn12's rating: 1310 &rarr; <strong>1331</strong><br />(+21 for winning)
|l|☆taikenlest
|player|p1|
|l|☆johnnyn12
|player|p2|
