|j|☆DiddyDonny
|j|☆apexacer
|t:|1769344139
|gametype|singles
|player|p1|DiddyDonny|gentleman-gen4|1578
|player|p2|apexacer|265|1550
|gen|9
|tier|[Gen 9] OU
|rated|
|rule|HP Percentage Mod: HP is shown in percentages
|rule|Endless Battle Clause: Forcing endless battles is banned
|rule|Species Clause: Limit one of each Pokémon
|rule|OHKO Clause: OHKO moves are banned
|rule|Evasion Items Clause: Evasion items are banned
|rule|Evasion Moves Clause: Evasion moves are banned
|rule|Evasion Abilities Clause: Evasion abilities are banned
|rule|Sleep Moves Clause: Sleep-inducing moves are banned
|clearpoke
|poke|p1|Hatterene, F|
|poke|p1|Crabominable, F|
|poke|p1|Copperajah, M|
|poke|p1|Hoopa-Unbound|
|poke|p1|Vikavolt, F|
|poke|p1|Cresselia, F|
|poke|p2|Indeedee, M|
|poke|p2|Kingambit, M|
|poke|p2|Polteageist|
|poke|p2|Grimmsnarl, M|
|poke|p2|Great Tusk|
|poke|p2|Kyurem|
|teampreview
|inactive|Battle timer is ON: inactive players will automatically lose when time's up. (requested by apexacer)
|
|t:|1769344167
|teamsize|p1|6
|teamsize|p2|6
|start
|switch|p1a: Hoopa|Hoopa-Unbound|100/100
|switch|p2a: Great Tusk|Great Tusk|100/100
|turn|1
|
|t:|1769344179
|switch|p1a: Hatterene|Hatterene, F|100/100
|move|p2a: Great Tusk|Headlong Rush|p1a: Hatterene
|-damage|p1a: Hatterene|34/100
|-unboost|p2a: Great Tusk|def|1
|-unboost|p2a: Great Tusk|spd|1
|
|upkeep
|turn|2
|
|t:|1769344187
|switch|p1a: Vikavolt|Vikavolt, F|100/100
|move|p2a: Great Tusk|Headlong Rush|p1a: Vikavolt
|-immune|p1a: Vikavolt|[from] ability: Levitate
|
|upkeep
|turn|3
|
|t:|1769344192
|move|p2a: Great Tusk|Stealth Rock|p1a: Vikavolt
|-sidestart|p1: DiddyDonny|move: Stealth Rock
|move|p1a: Vikavolt|Bug Buzz|p2a: Great Tusk
|-resisted|p2a: Great Tusk
|-damage|p2a: Great Tusk|34/100
|
|upkeep
|turn|4
|
|t:|1769344203
|-end|p2a: Great Tusk|Protosynthesis|[silent]
|switch|p2a: Kyurem|Kyurem|100/100
|-ability|p2a: Kyurem|Pressure
|move|p1a: Vikavolt|Bug Buzz|p2a: Kyurem
|-damage|p2a: Kyurem|45/100
|
|upkeep
|turn|5
|
|t:|1769344210
|move|p2a: Kyurem|Freeze-Dry|p1a: Vikavolt
|-crit|p1a: Vikavolt
|-damage|p1a: Vikavolt|21/100
|-status|p1a: Vikavolt|frz
|cant|p1a: Vikavolt|frz
|
|upkeep
|turn|6
|
|t:|1769344217
|move|p2a: Kyurem|Freeze-Dry|p1a: Vikavolt
|-damage|p1a: Vikavolt|0 fnt
|faint|p1a: Vikavolt
|
|upkeep
|
|t:|1769344232
|switch|p1a: Cresselia|Cresselia, F|100/100
|-damage|p1a: Cresselia|88/100|[from] Stealth Rock
|turn|7
|
|t:|1769344247
|move|p2a: Kyurem|Freeze-Dry|p1a: Cresselia
|-damage|p1a: Cresselia|62/100
|move|p1a: Cresselia|Trick Room|p1a: Cresselia
|-fieldstart|move: Trick Room|[of] p1a: Cresselia
|
|upkeep
|turn|8
|
|t:|1769344258
|switch|p2a: Grimmsnarl|Grimmsnarl, M|100/100
|move|p1a: Cresselia|Lunar Dance|p1a: Cresselia
|faint|p1a: Cresselia
|
|upkeep
|
|t:|1769344261
|switch|p1a: Copperajah|Copperajah, M|100/100
|-damage|p1a: Copperajah|94/100|[from] Stealth Rock
|turn|9
|
|t:|1769344267
|switch|p2a: Great Tusk|Great Tusk|34/100
|move|p1a: Copperajah|Heavy Slam|p2a: Great Tusk
|-damage|p2a: Great Tusk|0 fnt
|-damage|p1a: Copperajah|78/100|[from] item: Rocky Helmet|[of] p2a: Great Tusk
|faint|p2a: Great Tusk
|-end|p2a: Great Tusk|Protosynthesis|[silent]
|-damage|p1a: Copperajah|68/100|[from] item: Life Orb
|
|upkeep
|
|t:|1769344291
|switch|p2a: Grimmsnarl|Grimmsnarl, M|100/100
|turn|10
|
|t:|1769344298
|move|p2a: Grimmsnarl|Reflect|p2a: Grimmsnarl
|-sidestart|p2: apexacer|Reflect
|move|p1a: Copperajah|Heavy Slam|p2a: Grimmsnarl
|-supereffective|p2a: Grimmsnarl
|-damage|p2a: Grimmsnarl|0 fnt
|faint|p2a: Grimmsnarl
|-damage|p1a: Copperajah|58/100|[from] item: Life Orb
|
|upkeep
|
|t:|1769344318
|switch|p2a: Kingambit|Kingambit, M|100/100
|-activate|p2a: Kingambit|ability: Supreme Overlord
|-start|p2a: Kingambit|fallen2|[silent]
|turn|11
|
|t:|1769344321
|move|p2a: Kingambit|Sucker Punch|p1a: Copperajah
|-damage|p1a: Copperajah|0 fnt
|faint|p1a: Copperajah
|
|-fieldend|move: Trick Room
|upkeep
|
|t:|1769344332
|switch|p1a: Hoopa|Hoopa-Unbound|100/100
|-damage|p1a: Hoopa|88/100|[from] Stealth Rock
|turn|12
|
|t:|1769344337
|move|p2a: Kingambit|Iron Head|p1a: Hoopa
|-damage|p1a: Hoopa|0 fnt
|faint|p1a: Hoopa
|
|upkeep
|
|t:|1769344341
|switch|p1a: Crabominable|Crabominable, F|100/100
|-damage|p1a: Crabominable|88/100|[from] Stealth Rock
|turn|13
|
|t:|1769344350
|-terastallize|p2a: Kingambit|Fairy
|-terastallize|p1a: Crabominable|Fighting
|move|p2a: Kingambit|Iron Head|p1a: Crabominable
|-damage|p1a: Crabominable|24/100
|move|p1a: Crabominable|Close Combat|p2a: Kingambit
|-resisted|p2a: Kingambit
|-damage|p2a: Kingambit|77/100
|-unboost|p1a: Crabominable|def|1
|-unboost|p1a: Crabominable|spd|1
|-damage|p1a: Crabominable|14/100|[from] item: Life Orb
|
|upkeep
|turn|14
|-message|DiddyDonny forfeited.
|
|win|apexacer
|raw|DiddyDonny's rating: 1578 &rarr; <strong>1555</strong><br />(-23 for losing)
|raw|apexacer's rating: 1532 &rarr; <strong>1555</strong><br />(+23 for winning)
|l|☆DiddyDonny
|player|p1|
|l|☆apexacer
|player|p2|
