|j|☆acerrillo6970
|j|☆pratham990
|t:|1769419263
|gametype|singles
|player|p1|acerrillo6970|170|1091
|player|p2|pratham990|cynthia-gen4|1076
|gen|9
|tier|[Gen 9] OU
|rated|
|rule|HP Percentage Mod: HP is shown in percentages
|rule|Endless Battle Clause: Forcing endless battles is banned
|rule|Species Clause: Limit one of each Pokémon
|rule|OHKO Clause: OHKO moves are banned
|rule|Evasion Items Clause: Evasion items are banned
|rule|Evasion Moves Clause: Evasion moves are banned
|rule|Evasion Abilities Clause: Evasion abilities are banned
|rule|Sleep Moves Clause: Sleep-inducing moves are banned
|clearpoke
|poke|p1|Weavile, F|
|poke|p1|Venusaur, M|
|poke|p1|Cramorant, M|
|poke|p1|Flamigo, F|
|poke|p1|Entei|
|poke|p1|Yanmega, M|
|poke|p2|Ninetales-Alola, F|
|poke|p2|Regice|
|poke|p2|Alomomola, M|
|poke|p2|Regirock|
|poke|p2|Sandslash-Alola, M|
|poke|p2|Incineroar, M|
|teampreview
|inactive|Battle timer is ON: inactive players will automatically lose when time's up. (requested by acerrillo6970)
|
|t:|1769419272
|teamsize|p1|6
|teamsize|p2|6
|start
|switch|p1a: Yanmega|Yanmega, M|100/100
|switch|p2a: Ninetales|Ninetales-Alola, F, shiny|100/100
|-weather|Snowscape|[from] ability: Snow Warning|[of] p2a: Ninetales
|turn|1
|
|t:|1769419285
|switch|p1a: Entei|Entei|100/100
|move|p2a: Ninetales|Moonblast|p1a: Entei
|-resisted|p1a: Entei
|-damage|p1a: Entei|90/100
|-unboost|p1a: Entei|spa|1
|
|-weather|Snowscape|[upkeep]
|upkeep
|turn|2
|
|t:|1769419300
|switch|p2a: Alomomola|Alomomola, M|100/100
|move|p1a: Entei|Sacred Fire|p2a: Alomomola
|-resisted|p2a: Alomomola
|-damage|p2a: Alomomola|88/100
|-status|p2a: Alomomola|brn
|
|-weather|Snowscape|[upkeep]
|-damage|p2a: Alomomola|82/100 brn|[from] brn
|upkeep
|turn|3
|
|t:|1769419315
|switch|p1a: Venusaur|Venusaur, M|100/100
|move|p2a: Alomomola|Scald|p1a: Venusaur
|-resisted|p1a: Venusaur
|-damage|p1a: Venusaur|95/100
|
|-weather|Snowscape|[upkeep]
|-heal|p1a: Venusaur|100/100|[from] item: Leftovers
|-damage|p2a: Alomomola|75/100 brn|[from] brn
|upkeep
|turn|4
|
|t:|1769419336
|switch|p2a: Incineroar|Incineroar, M, shiny|100/100
|move|p1a: Venusaur|Giga Drain|p2a: Incineroar
|-resisted|p2a: Incineroar
|-damage|p2a: Incineroar|86/100
|
|-weather|Snowscape|[upkeep]
|upkeep
|turn|5
|inactive|pratham990 has 120 seconds left.
|
|t:|1769419359
|switch|p1a: Cramorant|Cramorant, M|100/100
|move|p2a: Incineroar|Dark Pulse|p1a: Cramorant
|-damage|p1a: Cramorant|63/100
|
|-weather|none
|-heal|p1a: Cramorant|69/100|[from] item: Leftovers
|upkeep
|turn|6
|inactive|pratham990 has 120 seconds left.
|
|t:|1769419369
|-terastallize|p2a: Incineroar|Flying
|move|p1a: Cramorant|Surf|p2a: Incineroar
|-formechange|p1a: Cramorant|Cramorant-Gulping|
|-damage|p2a: Incineroar|59/100
|move|p2a: Incineroar|Dark Pulse|p1a: Cramorant
|-damage|p1a: Cramorant|30/100
|-damage|p2a: Incineroar|34/100|[from] ability: Gulp Missile|[of] p1a: Cramorant
|-unboost|p2a: Incineroar|def|1
|-formechange|p1a: Cramorant|Cramorant|
|
|-heal|p1a: Cramorant|36/100|[from] item: Leftovers
|upkeep
|turn|7
|inactive|pratham990 has 120 seconds left.
|
|t:|1769419397
|move|p1a: Cramorant|Surf|p2a: Incineroar
|-formechange|p1a: Cramorant|Cramorant-Gorging|
|-damage|p2a: Incineroar|9/100
|move|p2a: Incineroar|Dark Pulse|p1a: Cramorant
|-damage|p1a: Cramorant|0 fnt
|-damage|p2a: Incineroar|0 fnt|[from] ability: Gulp Missile|[of] p1a: Cramorant
|-formechange|p1a: Cramorant|Cramorant|
|faint|p1a: Cramorant
|faint|p2a: Incineroar
|
|upkeep
|
|t:|1769419411
|switch|p1a: Yanmega|Yanmega, M|100/100
|switch|p2a: Ninetales|Ninetales-Alola, F, shiny|100/100
|-weather|Snowscape|[from] ability: Snow Warning|[of] p2a: Ninetales
|turn|8
|
|t:|1769419420
|move|p2a: Ninetales|Encore||[still]
|-fail|p2a: Ninetales
|move|p1a: Yanmega|Bug Buzz|p2a: Ninetales
|-resisted|p2a: Ninetales
|-damage|p2a: Ninetales|79/100
|-enditem|p1a: Yanmega|Throat Spray
|-boost|p1a: Yanmega|spa|1|[from] item: Throat Spray
|
|-weather|Snowscape|[upkeep]
|-ability|p1a: Yanmega|Speed Boost|boost
|-boost|p1a: Yanmega|spe|1
|upkeep
|turn|9
|
|t:|1769419432
|move|p2a: Ninetales|Aurora Veil|p2a: Ninetales
|-sidestart|p2: pratham990|move: Aurora Veil
|move|p1a: Yanmega|Ancient Power|p2a: Ninetales
|-supereffective|p2a: Ninetales
|-damage|p2a: Ninetales|45/100
|
|-weather|Snowscape|[upkeep]
|-ability|p1a: Yanmega|Speed Boost|boost
|-boost|p1a: Yanmega|spe|1
|upkeep
|turn|10
|
|t:|1769419444
|switch|p2a: Sandslash|Sandslash-Alola, M, shiny|100/100
|-terastallize|p1a: Yanmega|Rock
|move|p1a: Yanmega|Ancient Power|p2a: Sandslash
|-damage|p2a: Sandslash|63/100
|
|-weather|Snowscape|[upkeep]
|-ability|p1a: Yanmega|Speed Boost|boost
|-boost|p1a: Yanmega|spe|1
|upkeep
|turn|11
|
|t:|1769419456
|move|p1a: Yanmega|Ancient Power|p2a: Sandslash
|-damage|p2a: Sandslash|26/100
|move|p2a: Sandslash|Iron Head|p1a: Yanmega
|-supereffective|p1a: Yanmega
|-damage|p1a: Yanmega|7/100
|
|-weather|Snowscape|[upkeep]
|-ability|p1a: Yanmega|Speed Boost|boost
|-boost|p1a: Yanmega|spe|1
|upkeep
|turn|12
|
|t:|1769419465
|switch|p2a: Regirock|Regirock|100/100
|move|p1a: Yanmega|Ancient Power|p2a: Regirock
|-damage|p2a: Regirock|76/100
|
|-weather|none
|-ability|p1a: Yanmega|Speed Boost|boost
|-boost|p1a: Yanmega|spe|1
|upkeep
|turn|13
|
|t:|1769419476
|move|p1a: Yanmega|Shadow Ball|p2a: Regirock
|-damage|p2a: Regirock|58/100
|move|p2a: Regirock|Drain Punch|p1a: Yanmega
|-supereffective|p1a: Yanmega
|-damage|p1a: Yanmega|0 fnt
|-heal|p2a: Regirock|60/100|[from] drain|[of] p1a: Yanmega
|faint|p1a: Yanmega
|-damage|p2a: Regirock|50/100|[from] item: Life Orb
|
|upkeep
|
|t:|1769419480
|switch|p1a: Flamigo|Flamigo, F|100/100
|turn|14
|
|t:|1769419496
|move|p1a: Flamigo|Close Combat|p2a: Regirock
|-supereffective|p2a: Regirock
|-crit|p2a: Regirock
|-damage|p2a: Regirock|0 fnt
|-unboost|p1a: Flamigo|def|1
|-unboost|p1a: Flamigo|spd|1
|faint|p2a: Regirock
|
|upkeep
|
|t:|1769419506
|switch|p2a: Ninetales|Ninetales-Alola, F, shiny|45/100
|-weather|Snowscape|[from] ability: Snow Warning|[of] p2a: Ninetales
|turn|15
|
|t:|1769419514
|switch|p1a: Entei|Entei|90/100
|move|p2a: Ninetales|Encore||[still]
|-fail|p2a: Ninetales
|
|-weather|Snowscape|[upkeep]
|upkeep
|turn|16
|
|t:|1769419521
|move|p2a: Ninetales|Aurora Veil||[still]
|-fail|p2a: Ninetales
|move|p1a: Entei|Sacred Fire|p2a: Ninetales
|-supereffective|p2a: Ninetales
|-damage|p2a: Ninetales|8/100
|-status|p2a: Ninetales|brn
|
|-weather|Snowscape|[upkeep]
|-damage|p2a: Ninetales|2/100 brn|[from] brn
|-sideend|p2: pratham990|move: Aurora Veil
|upkeep
|turn|17
|
|t:|1769419530
|move|p1a: Entei|Extreme Speed|p2a: Ninetales
|-damage|p2a: Ninetales|0 fnt
|faint|p2a: Ninetales
|
|-weather|Snowscape|[upkeep]
|upkeep
|
|t:|1769419536
|switch|p2a: Regice|Regice, shiny|100/100
|turn|18
|inactive|pratham990 has 120 seconds left.
|
|t:|1769419547
|switch|p2a: Alomomola|Alomomola, M|100/100 brn
|move|p1a: Entei|Sacred Fire|p2a: Alomomola
|-resisted|p2a: Alomomola
|-damage|p2a: Alomomola|87/100 brn
|
|-weather|Snowscape|[upkeep]
|-damage|p2a: Alomomola|80/100 brn|[from] brn
|upkeep
|turn|19
|inactive|pratham990 has 120 seconds left.
|
|t:|1769419558
|switch|p1a: Venusaur|Venusaur, M|100/100
|move|p2a: Alomomola|Scald|p1a: Venusaur
|-resisted|p1a: Venusaur
|-damage|p1a: Venusaur|95/100
|
|-weather|none
|-heal|p1a: Venusaur|100/100|[from] item: Leftovers
|-damage|p2a: Alomomola|74/100 brn|[from] brn
|upkeep
|turn|20
|inactive|pratham990 has 120 seconds left.
|
|t:|1769419571
|switch|p2a: Regice|Regice, shiny|100/100
|move|p1a: Venusaur|Giga Drain|p2a: Regice
|-damage|p2a: Regice|92/100
|
|upkeep
|turn|21
|
|t:|1769419580
|move|p1a: Venusaur|Leech Seed|p2a: Regice
|-start|p2a: Regice|move: Leech Seed
|move|p2a: Regice|Focus Blast|p1a: Venusaur
|-resisted|p1a: Venusaur
|-damage|p1a: Venusaur|88/100
|
|-heal|p1a: Venusaur|94/100|[from] item: Leftovers
|-damage|p2a: Regice|80/100|[from] Leech Seed|[of] p1a: Venusaur
|-heal|p1a: Venusaur|100/100|[silent]
|upkeep
|turn|22
|inactive|pratham990 has 120 seconds left.
|
|t:|1769419595
|move|p1a: Venusaur|Earth Power|p2a: Regice
|-damage|p2a: Regice|73/100
|move|p2a: Regice|Thunderbolt|p1a: Venusaur
|-resisted|p1a: Venusaur
|-damage|p1a: Venusaur|91/100
|
|-heal|p1a: Venusaur|97/100|[from] item: Leftovers
|-damage|p2a: Regice|61/100|[from] Leech Seed|[of] p1a: Venusaur
|-heal|p1a: Venusaur|100/100|[silent]
|upkeep
|turn|23
|
|t:|1769419605
|move|p1a: Venusaur|Sludge Bomb|p2a: Regice
|-damage|p2a: Regice|51/100
|move|p2a: Regice|Ice Beam|p1a: Venusaur
|-supereffective|p1a: Venusaur
|-damage|p1a: Venusaur|43/100
|
|-heal|p1a: Venusaur|49/100|[from] item: Leftovers
|-damage|p2a: Regice|38/100|[from] Leech Seed|[of] p1a: Venusaur
|-heal|p1a: Venusaur|63/100|[silent]
|upkeep
|turn|24
|
|t:|1769419614
|move|p1a: Venusaur|Sludge Bomb|p2a: Regice
|-damage|p2a: Regice|28/100
|-status|p2a: Regice|psn
|move|p2a: Regice|Ice Beam|p1a: Venusaur
|-supereffective|p1a: Venusaur
|-damage|p1a: Venusaur|7/100
|
|-heal|p1a: Venusaur|14/100|[from] item: Leftovers
|-damage|p2a: Regice|16/100 psn|[from] Leech Seed|[of] p1a: Venusaur
|-heal|p1a: Venusaur|27/100|[silent]
|-damage|p2a: Regice|3/100 psn|[from] psn
|upkeep
|turn|25
|
|t:|1769419626
|move|p1a: Venusaur|Giga Drain|p2a: Regice
|-damage|p2a: Regice|0 fnt
|-heal|p1a: Venusaur|29/100|[from] drain|[of] p2a: Regice
|faint|p2a: Regice
|
|-heal|p1a: Venusaur|35/100|[from] item: Leftovers
|upkeep
|
|t:|1769419633
|switch|p2a: Sandslash|Sandslash-Alola, M, shiny|26/100
|turn|26
|
|t:|1769419636
|move|p2a: Sandslash|Ice Spinner|p1a: Venusaur
|-supereffective|p1a: Venusaur
|-damage|p1a: Venusaur|0 fnt
|faint|p1a: Venusaur
|
|upkeep
|
|t:|1769419639
|switch|p1a: Entei|Entei|90/100
|turn|27
|
|t:|1769419643
|move|p1a: Entei|Sacred Fire|p2a: Sandslash
|-supereffective|p2a: Sandslash
|-damage|p2a: Sandslash|0 fnt
|faint|p2a: Sandslash
|
|upkeep
|
|t:|1769419648
|switch|p2a: Alomomola|Alomomola, M|100/100 brn
|turn|28
|
|t:|1769419654
|move|p1a: Entei|Bulldoze|p2a: Alomomola
|-damage|p2a: Alomomola|90/100 brn
|-unboost|p2a: Alomomola|spe|1
|move|p2a: Alomomola|Body Slam|p1a: Entei
|-damage|p1a: Entei|82/100
|-status|p1a: Entei|par
|
|-damage|p2a: Alomomola|83/100 brn|[from] brn
|upkeep
|turn|29
|
|t:|1769419658
|move|p1a: Entei|Bulldoze|p2a: Alomomola
|-damage|p2a: Alomomola|72/100 brn
|-unboost|p2a: Alomomola|spe|1
|move|p2a: Alomomola|Scald|p1a: Entei
|-supereffective|p1a: Entei
|-damage|p1a: Entei|64/100 par
|
|-damage|p2a: Alomomola|66/100 brn|[from] brn
|upkeep
|turn|30
|
|t:|1769419670
|cant|p1a: Entei|par
|move|p2a: Alomomola|Mirror Coat||[still]
|-fail|p2a: Alomomola
|
|-damage|p2a: Alomomola|60/100 brn|[from] brn
|upkeep
|turn|31
|
|t:|1769419676
|cant|p1a: Entei|par
|move|p2a: Alomomola|Mirror Coat||[still]
|-fail|p2a: Alomomola
|
|-damage|p2a: Alomomola|54/100 brn|[from] brn
|upkeep
|turn|32
|
|t:|1769419678
|move|p1a: Entei|Bulldoze|p2a: Alomomola
|-damage|p2a: Alomomola|43/100 brn
|-unboost|p2a: Alomomola|spe|1
|move|p2a: Alomomola|Mirror Coat||[still]
|-fail|p2a: Alomomola
|
|-damage|p2a: Alomomola|37/100 brn|[from] brn
|upkeep
|turn|33
|
|t:|1769419684
|move|p1a: Entei|Bulldoze|p2a: Alomomola
|-damage|p2a: Alomomola|27/100 brn
|-unboost|p2a: Alomomola|spe|1
|move|p2a: Alomomola|Scald|p1a: Entei
|-supereffective|p1a: Entei
|-damage|p1a: Entei|46/100 par
|
|-damage|p2a: Alomomola|20/100 brn|[from] brn
|upkeep
|turn|34
|
|t:|1769419688
|move|p1a: Entei|Bulldoze|p2a: Alomomola
|-damage|p2a: Alomomola|9/100 brn
|-unboost|p2a: Alomomola|spe|1
|move|p2a: Alomomola|Body Slam|p1a: Entei
|-damage|p1a: Entei|39/100 par
|
|-damage|p2a: Alomomola|3/100 brn|[from] brn
|upkeep
|turn|35
|
|t:|1769419702
|move|p1a: Entei|Crunch|p2a: Alomomola
|-damage|p2a: Alomomola|0 fnt
|faint|p2a: Alomomola
|
|win|acerrillo6970
|raw|acerrillo6970's rating: 1091 &rarr; <strong>1116</strong><br />(+25 for winning)
|raw|pratham990's rating: 1076 &rarr; <strong>1056</strong><br />(-20 for losing)
|l|☆acerrillo6970
|player|p1|
|l|☆pratham990
|player|p2|
