|j|☆Xcion
|j|☆BobOfTheBuild
|t:|1769397430
|gametype|singles
|player|p1|Xcion|steven|
|player|p2|BobOfTheBuild|scientist-gen4|
|gen|9
|tier|[Gen 9] OU
|rule|HP Percentage Mod: HP is shown in percentages
|rule|Endless Battle Clause: Forcing endless battles is banned
|rule|Species Clause: Limit one of each Pokémon
|rule|OHKO Clause: OHKO moves are banned
|rule|Evasion Items Clause: Evasion items are banned
|rule|Evasion Moves Clause: Evasion moves are banned
|rule|Evasion Abilities Clause: Evasion abilities are banned
|rule|Sleep Moves Clause: Sleep-inducing moves are banned
|clearpoke
|poke|p1|Avalugg-Hisui, M|
|poke|p1|Swampert, M|
|poke|p1|Clodsire, M|
|poke|p1|Ceruledge, F|
|poke|p1|Wo-Chien|
|poke|p1|Dudunsparce-*, M|
|poke|p2|Uxie|
|poke|p2|Ribombee, F|
|poke|p2|Ampharos, M|
|poke|p2|Medicham, F|
|poke|p2|Swalot, M|
|poke|p2|Mimikyu, F|
|teampreview
|j| Raichudvd13
|j| SwiftSwine
|j| TacoDile 3 Returns
|
|t:|1769397489
|teamsize|p1|6
|teamsize|p2|6
|start
|switch|p1a: Oopy Goopy Stan|Dudunsparce-Three-Segment, M, shiny|100/100
|switch|p2a: Coughing Baby|Uxie|100/100
|turn|1
|
|t:|1769397501
|move|p2a: Coughing Baby|Reflect|p2a: Coughing Baby
|-sidestart|p2: BobOfTheBuild|Reflect
|move|p1a: Oopy Goopy Stan|Hyper Drill|p2a: Coughing Baby
|-damage|p2a: Coughing Baby|90/100
|
|upkeep
|turn|2
|
|t:|1769397505
|move|p2a: Coughing Baby|Stealth Rock|p1a: Oopy Goopy Stan
|-sidestart|p1: Xcion|move: Stealth Rock
|move|p1a: Oopy Goopy Stan|Hyper Drill|p2a: Coughing Baby
|-damage|p2a: Coughing Baby|79/100
|
|upkeep
|turn|3
|
|t:|1769397510
|move|p2a: Coughing Baby|U-turn|p1a: Oopy Goopy Stan
|-damage|p1a: Oopy Goopy Stan|90/100
|
|t:|1769397518
|switch|p2a: Gub Gub|Medicham, F|100/100|[from] U-turn
|move|p1a: Oopy Goopy Stan|Hyper Drill|p2a: Gub Gub
|-damage|p2a: Gub Gub|71/100
|
|upkeep
|turn|4
|
|t:|1769397526
|move|p2a: Gub Gub|High Jump Kick|p1a: Oopy Goopy Stan
|-supereffective|p1a: Oopy Goopy Stan
|-damage|p1a: Oopy Goopy Stan|0 fnt
|faint|p1a: Oopy Goopy Stan
|-damage|p2a: Gub Gub|61/100|[from] item: Life Orb
|
|upkeep
|
|t:|1769397542
|switch|p1a: weebslayer2099|Ceruledge, F|100/100
|-damage|p1a: weebslayer2099|76/100|[from] Stealth Rock
|turn|5
|
|t:|1769397579
|switch|p2a: Ooby Goopy|Swalot, M|100/100
|move|p1a: weebslayer2099|Bitter Blade|p2a: Ooby Goopy
|-damage|p2a: Ooby Goopy|70/100
|-heal|p1a: weebslayer2099|97/100|[from] drain|[of] p2a: Ooby Goopy
|-damage|p1a: weebslayer2099|87/100|[from] item: Life Orb
|
|-heal|p2a: Ooby Goopy|76/100|[from] item: Black Sludge
|-sideend|p2: BobOfTheBuild|Reflect
|upkeep
|turn|6
|
|t:|1769397623
|move|p1a: weebslayer2099|Swords Dance|p1a: weebslayer2099
|-boost|p1a: weebslayer2099|atk|2
|move|p2a: Ooby Goopy|Toxic|p1a: weebslayer2099
|-status|p1a: weebslayer2099|tox
|
|-heal|p2a: Ooby Goopy|83/100|[from] item: Black Sludge
|-damage|p1a: weebslayer2099|81/100 tox|[from] psn
|upkeep
|turn|7
|
|t:|1769397634
|move|p1a: weebslayer2099|Bitter Blade|p2a: Ooby Goopy
|-damage|p2a: Ooby Goopy|0 fnt
|-heal|p1a: weebslayer2099|100/100 tox|[from] drain|[of] p2a: Ooby Goopy
|faint|p2a: Ooby Goopy
|-damage|p1a: weebslayer2099|91/100 tox|[from] item: Life Orb
|
|-damage|p1a: weebslayer2099|78/100 tox|[from] psn
|upkeep
|
|t:|1769397679
|switch|p2a: Gen. Munchkin Man|Ampharos, M|100/100
|turn|8
|
|t:|1769397694
|move|p1a: weebslayer2099|Bitter Blade|p2a: Gen. Munchkin Man
|-damage|p2a: Gen. Munchkin Man|0 fnt
|-heal|p1a: weebslayer2099|100/100 tox|[from] drain|[of] p2a: Gen. Munchkin Man
|faint|p2a: Gen. Munchkin Man
|-damage|p1a: weebslayer2099|91/100 tox|[from] item: Life Orb
|
|-damage|p1a: weebslayer2099|72/100 tox|[from] psn
|upkeep
|
|t:|1769397737
|switch|p2a: Gub Gub|Medicham, F|61/100
|turn|9
|
|t:|1769397744
|move|p1a: weebslayer2099|Bitter Blade|p2a: Gub Gub
|-damage|p2a: Gub Gub|0 fnt
|-heal|p1a: weebslayer2099|99/100 tox|[from] drain|[of] p2a: Gub Gub
|faint|p2a: Gub Gub
|-damage|p1a: weebslayer2099|89/100 tox|[from] item: Life Orb
|
|-damage|p1a: weebslayer2099|64/100 tox|[from] psn
|upkeep
|
|t:|1769397762
|switch|p2a: Lil Jim Bob|Mimikyu, F|100/100
|turn|10
|
|t:|1769397774
|move|p2a: Lil Jim Bob|Shadow Claw|p1a: weebslayer2099
|-supereffective|p1a: weebslayer2099
|-damage|p1a: weebslayer2099|0 fnt
|faint|p1a: weebslayer2099
|-damage|p2a: Lil Jim Bob|91/100|[from] item: Life Orb
|
|upkeep
|
|t:|1769397789
|switch|p1a: Wo-Chien 2|Wo-Chien|100/100
|-damage|p1a: Wo-Chien 2|88/100|[from] Stealth Rock
|-ability|p1a: Wo-Chien 2|Tablets of Ruin
|turn|11
|
|t:|1769397805
|move|p2a: Lil Jim Bob|Play Rough|p1a: Wo-Chien 2
|-supereffective|p1a: Wo-Chien 2
|-damage|p1a: Wo-Chien 2|21/100
|-damage|p2a: Lil Jim Bob|81/100|[from] item: Life Orb
|move|p1a: Wo-Chien 2|Knock Off|p2a: Lil Jim Bob
|-activate|p2a: Lil Jim Bob|ability: Disguise
|-damage|p2a: Lil Jim Bob|81/100
|-enditem|p2a: Lil Jim Bob|Life Orb|[from] move: Knock Off|[of] p1a: Wo-Chien 2
|detailschange|p2a: Lil Jim Bob|Mimikyu-Busted, F
|-damage|p2a: Lil Jim Bob|68/100|[from] pokemon: Mimikyu-Busted
|
|-heal|p1a: Wo-Chien 2|28/100|[from] item: Leftovers
|upkeep
|turn|12
|
|t:|1769397828
|move|p2a: Lil Jim Bob|Play Rough|p1a: Wo-Chien 2
|-supereffective|p1a: Wo-Chien 2
|-damage|p1a: Wo-Chien 2|0 fnt
|faint|p1a: Wo-Chien 2
|
|upkeep
|
|t:|1769397845
|switch|p1a: Avalugg-Paldea|Avalugg-Hisui, M, shiny|100/100
|-damage|p1a: Avalugg-Paldea|76/100|[from] Stealth Rock
|turn|13
|
|t:|1769397887
|switch|p2a: Coughing Baby|Uxie|79/100
|move|p1a: Avalugg-Paldea|Heavy Slam|p2a: Coughing Baby
|-damage|p2a: Coughing Baby|51/100
|
|upkeep
|turn|14
|
|t:|1769397899
|move|p2a: Coughing Baby|Reflect|p2a: Coughing Baby
|-sidestart|p2: BobOfTheBuild|Reflect
|move|p1a: Avalugg-Paldea|Crunch|p2a: Coughing Baby
|-supereffective|p2a: Coughing Baby
|-damage|p2a: Coughing Baby|17/100
|
|upkeep
|turn|15
|
|t:|1769397913
|move|p2a: Coughing Baby|U-turn|p1a: Avalugg-Paldea
|-damage|p1a: Avalugg-Paldea|69/100
|
|t:|1769397920
|switch|p2a: ULTRA NECROZMA|Ribombee, F, shiny|100/100|[from] U-turn
|move|p1a: Avalugg-Paldea|Ice Fang|p2a: ULTRA NECROZMA
|-damage|p2a: ULTRA NECROZMA|42/100
|
|upkeep
|turn|16
|c|☆Xcion|paldean avalugg survive this
|
|t:|1769397955
|move|p2a: ULTRA NECROZMA|Moonblast|p1a: Avalugg-Paldea
|-damage|p1a: Avalugg-Paldea|0 fnt
|faint|p1a: Avalugg-Paldea
|
|upkeep
|
|t:|1769397969
|switch|p1a: Clod Technologies|Clodsire, M, shiny|100/100
|-damage|p1a: Clod Technologies|94/100|[from] Stealth Rock
|turn|17
|c| SwiftSwine|no not Avalugg-Paldea
|
|t:|1769397993
|move|p2a: ULTRA NECROZMA|U-turn|p1a: Clod Technologies
|-resisted|p1a: Clod Technologies
|-damage|p1a: Clod Technologies|86/100
|
|t:|1769397996
|switch|p2a: Coughing Baby|Uxie|17/100|[from] U-turn
|move|p1a: Clod Technologies|Toxic Spikes|p2a: Coughing Baby
|-sidestart|p2: BobOfTheBuild|move: Toxic Spikes
|
|-heal|p1a: Clod Technologies|92/100|[from] item: Leftovers
|upkeep
|turn|18
|
|t:|1769398009
|move|p2a: Coughing Baby|Reflect||[still]
|-fail|p2a: Coughing Baby
|move|p1a: Clod Technologies|Gunk Shot|p2a: Coughing Baby
|-damage|p2a: Coughing Baby|7/100
|-status|p2a: Coughing Baby|psn
|
|-heal|p1a: Clod Technologies|98/100|[from] item: Leftovers
|-damage|p2a: Coughing Baby|0 fnt|[from] psn
|faint|p2a: Coughing Baby
|-sideend|p2: BobOfTheBuild|Reflect
|upkeep
|
|t:|1769398056
|switch|p2a: ULTRA NECROZMA|Ribombee, F, shiny|42/100
|-status|p2a: ULTRA NECROZMA|psn
|turn|19
|
|t:|1769398066
|-terastallize|p2a: ULTRA NECROZMA|Grass
|move|p2a: ULTRA NECROZMA|Energy Ball|p1a: Clod Technologies
|-damage|p1a: Clod Technologies|79/100
|move|p1a: Clod Technologies|Gunk Shot|p2a: ULTRA NECROZMA
|-supereffective|p2a: ULTRA NECROZMA
|-damage|p2a: ULTRA NECROZMA|0 fnt
|faint|p2a: ULTRA NECROZMA
|
|-heal|p1a: Clod Technologies|85/100|[from] item: Leftovers
|upkeep
|
|t:|1769398075
|switch|p2a: Lil Jim Bob|Mimikyu-Busted, F|68/100
|-status|p2a: Lil Jim Bob|psn
|turn|20
|
|t:|1769398096
|move|p2a: Lil Jim Bob|Shadow Claw|p1a: Clod Technologies
|-damage|p1a: Clod Technologies|55/100
|move|p1a: Clod Technologies|Gunk Shot|p2a: Lil Jim Bob
|-damage|p2a: Lil Jim Bob|19/100 psn
|
|-heal|p1a: Clod Technologies|61/100|[from] item: Leftovers
|-damage|p2a: Lil Jim Bob|6/100 psn|[from] psn
|upkeep
|turn|21
|
|t:|1769398106
|move|p2a: Lil Jim Bob|Shadow Claw|p1a: Clod Technologies
|-damage|p1a: Clod Technologies|31/100
|move|p1a: Clod Technologies|Earthquake|p2a: Lil Jim Bob
|-crit|p2a: Lil Jim Bob
|-damage|p2a: Lil Jim Bob|0 fnt
|faint|p2a: Lil Jim Bob
|
|win|Xcion
