|j|☆pobrelascado33
|j|☆91岁爱搞小揪揪ama
|t:|1769424124
|gametype|singles
|player|p1|pobrelascado33|170|1141
|player|p2|91岁爱搞小揪揪ama|iris-gen5bw2|1134
|gen|9
|tier|[Gen 9] OU
|rated|
|rule|HP Percentage Mod: HP is shown in percentages
|rule|Endless Battle Clause: Forcing endless battles is banned
|rule|Species Clause: Limit one of each Pokémon
|rule|OHKO Clause: OHKO moves are banned
|rule|Evasion Items Clause: Evasion items are banned
|rule|Evasion Moves Clause: Evasion moves are banned
|rule|Evasion Abilities Clause: Evasion abilities are banned
|rule|Sleep Moves Clause: Sleep-inducing moves are banned
|clearpoke
|poke|p1|Vespiquen, F|
|poke|p1|Combee, F|
|poke|p1|Great Tusk|
|poke|p1|Ceruledge, M|
|poke|p1|Ogerpon-Wellspring, F|
|poke|p1|Raging Bolt|
|poke|p2|Ting-Lu|
|poke|p2|Haxorus, F|
|poke|p2|Alomomola, F|
|poke|p2|Gholdengo|
|poke|p2|Landorus-Therian, M|
|poke|p2|Kingambit, M|
|teampreview
|inactive|Battle timer is ON: inactive players will automatically lose when time's up. (requested by pobrelascado33)
|
|t:|1769424137
|teamsize|p1|6
|teamsize|p2|6
|start
|switch|p1a: Combee|Combee, F|100/100
|switch|p2a: Ting-Lu|Ting-Lu|100/100
|-ability|p2a: Ting-Lu|Vessel of Ruin
|turn|1
|
|t:|1769424153
|switch|p1a: Great Tusk|Great Tusk|100/100
|-enditem|p1a: Great Tusk|Booster Energy
|-activate|p1a: Great Tusk|ability: Protosynthesis|[fromitem]
|-start|p1a: Great Tusk|protosynthesisatk
|move|p2a: Ting-Lu|Stealth Rock|p1a: Great Tusk
|-sidestart|p1: pobrelascado33|move: Stealth Rock
|
|upkeep
|turn|2
|
|t:|1769424166
|move|p1a: Great Tusk|Rapid Spin|p2a: Ting-Lu
|-damage|p2a: Ting-Lu|90/100
|-boost|p1a: Great Tusk|spe|1
|-sideend|p1: pobrelascado33|Stealth Rock|[from] move: Rapid Spin|[of] p1a: Great Tusk
|move|p2a: Ting-Lu|Spikes|p1a: Great Tusk
|-sidestart|p1: pobrelascado33|Spikes
|
|-heal|p2a: Ting-Lu|97/100|[from] item: Leftovers
|upkeep
|turn|3
|
|t:|1769424175
|move|p1a: Great Tusk|Close Combat|p2a: Ting-Lu
|-supereffective|p2a: Ting-Lu
|-damage|p2a: Ting-Lu|31/100
|-unboost|p1a: Great Tusk|def|1
|-unboost|p1a: Great Tusk|spd|1
|move|p2a: Ting-Lu|Spikes|p1a: Great Tusk
|-sidestart|p1: pobrelascado33|Spikes
|
|-heal|p2a: Ting-Lu|37/100|[from] item: Leftovers
|upkeep
|turn|4
|
|t:|1769424187
|switch|p2a: Gholdengo|Gholdengo|100/100
|-item|p2a: Gholdengo|Air Balloon
|move|p1a: Great Tusk|Rapid Spin|p2a: Gholdengo
|-immune|p2a: Gholdengo
|
|upkeep
|turn|5
|
|t:|1769424198
|switch|p2a: Landorus|Landorus-Therian, M|100/100
|-ability|p2a: Landorus|Intimidate|boost
|-unboost|p1a: Great Tusk|atk|1
|move|p1a: Great Tusk|Ice Spinner|p2a: Landorus
|-supereffective|p2a: Landorus
|-damage|p2a: Landorus|0 fnt
|faint|p2a: Landorus
|
|upkeep
|inactive|91岁爱搞小揪揪ama has 120 seconds left.
|
|t:|1769424227
|switch|p2a: Alomomola|Alomomola, F|100/100
|turn|6
|
|t:|1769424234
|move|p2a: Alomomola|Protect|p2a: Alomomola
|-singleturn|p2a: Alomomola|Protect
|move|p1a: Great Tusk|Rapid Spin|p2a: Alomomola
|-activate|p2a: Alomomola|move: Protect
|
|upkeep
|turn|7
|
|t:|1769424248
|move|p2a: Alomomola|Aqua Jet|p1a: Great Tusk
|-supereffective|p1a: Great Tusk
|-damage|p1a: Great Tusk|78/100
|move|p1a: Great Tusk|Rapid Spin|p2a: Alomomola
|-damage|p2a: Alomomola|93/100
|-boost|p1a: Great Tusk|spe|1
|-damage|p1a: Great Tusk|61/100|[from] item: Rocky Helmet|[of] p2a: Alomomola
|-sideend|p1: pobrelascado33|Spikes|[from] move: Rapid Spin|[of] p1a: Great Tusk
|
|upkeep
|turn|8
|
|t:|1769424263
|-end|p1a: Great Tusk|Protosynthesis|[silent]
|switch|p1a: Combee|Combee, F|100/100
|move|p2a: Alomomola|Wish|p2a: Alomomola
|
|upkeep
|turn|9
|
|t:|1769424274
|move|p1a: Combee|Endeavor|p2a: Alomomola
|-damage|p2a: Alomomola|38/100
|-damage|p1a: Combee|84/100|[from] item: Rocky Helmet|[of] p2a: Alomomola
|move|p2a: Alomomola|Flip Turn|p1a: Combee
|-damage|p1a: Combee|24/100
|
|t:|1769424281
|switch|p2a: Ting-Lu|Ting-Lu|37/100|[from] Flip Turn
|-ability|p2a: Ting-Lu|Vessel of Ruin
|
|-heal|p2a: Ting-Lu|89/100|[from] move: Wish|[wisher] Alomomola
|-heal|p2a: Ting-Lu|96/100|[from] item: Leftovers
|upkeep
|turn|10
|
|t:|1769424295
|move|p1a: Combee|Endeavor|p2a: Ting-Lu
|-damage|p2a: Ting-Lu|10/100
|move|p2a: Ting-Lu|Earthquake|p1a: Combee
|-immune|p1a: Combee
|
|-heal|p2a: Ting-Lu|16/100|[from] item: Leftovers
|upkeep
|turn|11
|inactive|91岁爱搞小揪揪ama has 120 seconds left.
|
|t:|1769424319
|switch|p1a: Great Tusk|Great Tusk|61/100
|move|p2a: Ting-Lu|Earthquake|p1a: Great Tusk
|-damage|p1a: Great Tusk|36/100
|
|-heal|p2a: Ting-Lu|22/100|[from] item: Leftovers
|upkeep
|turn|12
|inactive|91岁爱搞小揪揪ama has 120 seconds left.
|
|t:|1769424342
|switch|p2a: Alomomola|Alomomola, F|71/100
|move|p1a: Great Tusk|Ice Spinner|p2a: Alomomola
|-resisted|p2a: Alomomola
|-damage|p2a: Alomomola|64/100
|-damage|p1a: Great Tusk|20/100|[from] item: Rocky Helmet|[of] p2a: Alomomola
|
|upkeep
|turn|13
|
|t:|1769424354
|move|p2a: Alomomola|Aqua Jet|p1a: Great Tusk
|-supereffective|p1a: Great Tusk
|-damage|p1a: Great Tusk|3/100
|move|p1a: Great Tusk|Headlong Rush|p2a: Alomomola
|-damage|p2a: Alomomola|33/100
|-unboost|p1a: Great Tusk|def|1
|-unboost|p1a: Great Tusk|spd|1
|-damage|p1a: Great Tusk|0 fnt|[from] item: Rocky Helmet|[of] p2a: Alomomola
|faint|p1a: Great Tusk
|-end|p1a: Great Tusk|Protosynthesis|[silent]
|
|upkeep
|
|t:|1769424376
|switch|p1a: Ogerpon|Ogerpon-Wellspring, F|100/100
|turn|14
|inactive|91岁爱搞小揪揪ama has 120 seconds left.
|
|t:|1769424383
|switch|p2a: Haxorus|Haxorus, F|100/100
|-ability|p2a: Haxorus|Mold Breaker
|move|p1a: Ogerpon|Horn Leech|p2a: Haxorus
|-resisted|p2a: Haxorus
|-damage|p2a: Haxorus|75/100
|
|upkeep
|turn|15
|inactive|91岁爱搞小揪揪ama has 120 seconds left.
|
|t:|1769424400
|move|p1a: Ogerpon|Play Rough|p2a: Haxorus
|-supereffective|p2a: Haxorus
|-damage|p2a: Haxorus|0 fnt
|faint|p2a: Haxorus
|
|upkeep
|
|t:|1769424412
|switch|p2a: Gholdengo|Gholdengo|100/100
|-item|p2a: Gholdengo|Air Balloon
|turn|16
|
|t:|1769424419
|move|p1a: Ogerpon|Ivy Cudgel|p2a: Gholdengo|[anim] Ivy Cudgel Water
|-damage|p2a: Gholdengo|38/100
|-enditem|p2a: Gholdengo|Air Balloon
|move|p2a: Gholdengo|Thunder Wave|p1a: Ogerpon
|-status|p1a: Ogerpon|par
|
|upkeep
|turn|17
|inactive|91岁爱搞小揪揪ama has 120 seconds left.
|
|t:|1769424429
|move|p2a: Gholdengo|Shadow Ball|p1a: Ogerpon
|-damage|p1a: Ogerpon|52/100 par
|move|p1a: Ogerpon|Ivy Cudgel|p2a: Gholdengo|[anim] Ivy Cudgel Water
|-damage|p2a: Gholdengo|0 fnt
|faint|p2a: Gholdengo
|
|upkeep
|
|t:|1769424441
|switch|p2a: Kingambit|Kingambit, M|100/100
|-activate|p2a: Kingambit|ability: Supreme Overlord
|-start|p2a: Kingambit|fallen3|[silent]
|turn|18
|
|t:|1769424448
|move|p1a: Ogerpon|Ivy Cudgel|p2a: Kingambit|[anim] Ivy Cudgel Water
|-damage|p2a: Kingambit|55/100
|move|p2a: Kingambit|Swords Dance|p2a: Kingambit
|-boost|p2a: Kingambit|atk|2
|
|upkeep
|turn|19
|inactive|91岁爱搞小揪揪ama has 120 seconds left.
|
|t:|1769424457
|cant|p1a: Ogerpon|par
|move|p2a: Kingambit|Swords Dance|p2a: Kingambit
|-boost|p2a: Kingambit|atk|2
|
|upkeep
|turn|20
|
|t:|1769424463
|move|p2a: Kingambit|Sucker Punch|p1a: Ogerpon
|-damage|p1a: Ogerpon|0 fnt
|faint|p1a: Ogerpon
|
|upkeep
|
|t:|1769424468
|switch|p1a: Raging Bolt|Raging Bolt|100/100
|turn|21
|
|t:|1769424474
|move|p1a: Raging Bolt|Thunderclap|p2a: Kingambit
|-damage|p2a: Kingambit|0 fnt
|faint|p2a: Kingambit
|-end|p2a: Kingambit|fallen3|[silent]
|
|upkeep
|l|☆91岁爱搞小揪揪ama
|inactive|91岁爱搞小揪揪ama disconnected and has a minute to reconnect!
|player|p2|
|inactive|91岁爱搞小揪揪ama has 30 seconds to reconnect!
|inactive|91岁爱搞小揪揪ama has 20 seconds to reconnect!
|inactive|91岁爱搞小揪揪ama has 15 seconds to reconnect!
|inactive|91岁爱搞小揪揪ama has 10 seconds to reconnect!
|inactive|91岁爱搞小揪揪ama has 5 seconds to reconnect!
|-message|91岁爱搞小揪揪ama lost due to inactivity.
|
|win|pobrelascado33
|raw|pobrelascado33's rating: 1141 &rarr; <strong>1164</strong><br />(+23 for winning)
|raw|91岁爱搞小揪揪ama's rating: 1114 &rarr; <strong>1091</strong><br />(-23 for losing)
|l|☆pobrelascado33
|player|p1|
