|j|☆Leap Call
|j|☆Baboon Jomes
|t:|1769391113
|gametype|singles
|player|p1|Leap Call|170|1525
|player|p2|Baboon Jomes|cheren-masters|1468
|gen|9
|tier|[Gen 9] OU
|rated|
|rule|HP Percentage Mod: HP is shown in percentages
|rule|Endless Battle Clause: Forcing endless battles is banned
|rule|Species Clause: Limit one of each Pokémon
|rule|OHKO Clause: OHKO moves are banned
|rule|Evasion Items Clause: Evasion items are banned
|rule|Evasion Moves Clause: Evasion moves are banned
|rule|Evasion Abilities Clause: Evasion abilities are banned
|rule|Sleep Moves Clause: Sleep-inducing moves are banned
|clearpoke
|poke|p1|Ninetales, F|
|poke|p1|Walking Wake|
|poke|p1|Venusaur, M|
|poke|p1|Great Tusk|
|poke|p1|Ceruledge, M|
|poke|p1|Glimmora, F|
|poke|p2|Ogerpon-Wellspring, F|
|poke|p2|Kyurem|
|poke|p2|Garganacl, M|
|poke|p2|Moltres|
|poke|p2|Iron Treads|
|poke|p2|Deoxys-Speed|
|teampreview
|inactive|Battle timer is ON: inactive players will automatically lose when time's up. (requested by Baboon Jomes)
|
|t:|1769391126
|teamsize|p1|6
|teamsize|p2|6
|start
|switch|p1a: Walter Whake|Walking Wake|100/100
|switch|p2a: Gargoat|Garganacl, M|100/100
|turn|1
|
|t:|1769391138
|move|p1a: Walter Whake|Flip Turn|p2a: Gargoat
|-supereffective|p2a: Gargoat
|-damage|p2a: Gargoat|79/100
|
|t:|1769391164
|-end|p1a: Walter Whake|Protosynthesis|[silent]
|switch|p1a: Glimmora|Glimmora, F|100/100|[from] Flip Turn
|move|p2a: Gargoat|Salt Cure|p1a: Glimmora
|-damage|p1a: Glimmora|85/100
|-start|p1a: Glimmora|Salt Cure
|-activate|p1a: Glimmora|ability: Toxic Debris
|-sidestart|p2: Baboon Jomes|move: Toxic Spikes
|
|-heal|p2a: Gargoat|85/100|[from] item: Leftovers
|-damage|p1a: Glimmora|72/100|[from] Salt Cure
|upkeep
|turn|2
|
|t:|1769391182
|move|p1a: Glimmora|Stealth Rock|p2a: Gargoat
|-sidestart|p2: Baboon Jomes|move: Stealth Rock
|move|p2a: Gargoat|Stealth Rock|p1a: Glimmora
|-sidestart|p1: Leap Call|move: Stealth Rock
|
|-heal|p2a: Gargoat|92/100|[from] item: Leftovers
|-damage|p1a: Glimmora|60/100|[from] Salt Cure
|upkeep
|turn|3
|
|t:|1769391187
|move|p1a: Glimmora|Meteor Beam||[still]
|-prepare|p1a: Glimmora|Meteor Beam
|-boost|p1a: Glimmora|spa|1
|-enditem|p1a: Glimmora|Power Herb
|-anim|p1a: Glimmora|Meteor Beam|p2a: Gargoat
|-damage|p2a: Gargoat|23/100
|move|p2a: Gargoat|Salt Cure|p1a: Glimmora
|-crit|p1a: Glimmora
|-damage|p1a: Glimmora|34/100
|-activate|p1a: Glimmora|ability: Toxic Debris
|-sidestart|p2: Baboon Jomes|move: Toxic Spikes
|
|-heal|p2a: Gargoat|29/100|[from] item: Leftovers
|-damage|p1a: Glimmora|22/100|[from] Salt Cure
|upkeep
|turn|4
|
|t:|1769391195
|move|p2a: Gargoat|Protect|p2a: Gargoat
|-singleturn|p2a: Gargoat|Protect
|move|p1a: Glimmora|Earth Power|p2a: Gargoat
|-activate|p2a: Gargoat|move: Protect
|
|-heal|p2a: Gargoat|35/100|[from] item: Leftovers
|-damage|p1a: Glimmora|10/100|[from] Salt Cure
|upkeep
|turn|5
|
|t:|1769391208
|-terastallize|p2a: Gargoat|Fairy
|move|p1a: Glimmora|Meteor Beam||[still]
|-prepare|p1a: Glimmora|Meteor Beam
|-boost|p1a: Glimmora|spa|1
|move|p2a: Gargoat|Recover|p2a: Gargoat
|-heal|p2a: Gargoat|85/100
|
|-heal|p2a: Gargoat|92/100|[from] item: Leftovers
|-damage|p1a: Glimmora|0 fnt|[from] Salt Cure
|faint|p1a: Glimmora
|upkeep
|
|t:|1769391237
|switch|p1a: Ninetales|Ninetales, F|100/100
|-damage|p1a: Ninetales|76/100|[from] Stealth Rock
|-weather|SunnyDay|[from] ability: Drought|[of] p1a: Ninetales
|turn|6
|
|t:|1769391248
|move|p1a: Ninetales|Encore|p2a: Gargoat
|-start|p2a: Gargoat|Encore
|move|p2a: Gargoat|Recover|p2a: Gargoat
|-heal|p2a: Gargoat|100/100
|
|-weather|SunnyDay|[upkeep]
|upkeep
|turn|7
|
|t:|1769391259
|switch|p2a: Kyurem|Kyurem|100/100
|-status|p2a: Kyurem|tox
|-damage|p2a: Kyurem|76/100 tox|[from] Stealth Rock
|-ability|p2a: Kyurem|Pressure
|move|p1a: Ninetales|Weather Ball|p2a: Kyurem
|-crit|p2a: Kyurem
|-damage|p2a: Kyurem|9/100 tox
|
|-weather|SunnyDay|[upkeep]
|-damage|p2a: Kyurem|3/100 tox|[from] psn
|upkeep
|turn|8
|
|t:|1769391271
|switch|p1a: Don|Great Tusk|100/100
|-damage|p1a: Don|97/100|[from] Stealth Rock
|-activate|p1a: Don|ability: Protosynthesis
|-start|p1a: Don|protosynthesisdef
|move|p2a: Kyurem|Scale Shot|p1a: Don
|-damage|p1a: Don|92/100
|-damage|p1a: Don|88/100
|-damage|p1a: Don|83/100
|-damage|p1a: Don|77/100
|-damage|p1a: Don|73/100
|-hitcount|p1a: Don|5
|-unboost|p2a: Kyurem|def|1
|-boost|p2a: Kyurem|spe|1
|
|-weather|SunnyDay|[upkeep]
|-damage|p2a: Kyurem|0 fnt|[from] psn
|faint|p2a: Kyurem
|upkeep
|
|t:|1769391281
|switch|p2a: Iron Treads|Iron Treads|100/100
|-damage|p2a: Iron Treads|98/100|[from] Stealth Rock
|turn|9
|
|t:|1769391293
|-end|p1a: Don|Protosynthesis|[silent]
|switch|p1a: Ceruledge|Ceruledge, M|100/100
|-damage|p1a: Ceruledge|76/100|[from] Stealth Rock
|move|p2a: Iron Treads|Rapid Spin|p1a: Ceruledge
|-immune|p1a: Ceruledge
|
|-weather|SunnyDay|[upkeep]
|upkeep
|turn|10
|
|t:|1769391300
|-terastallize|p1a: Ceruledge|Grass
|move|p2a: Iron Treads|Earthquake|p1a: Ceruledge
|-resisted|p1a: Ceruledge
|-damage|p1a: Ceruledge|50/100
|-ability|p1a: Ceruledge|Weak Armor|boost
|-unboost|p1a: Ceruledge|def|1
|-boost|p1a: Ceruledge|spe|2
|move|p1a: Ceruledge|Swords Dance|p1a: Ceruledge
|-boost|p1a: Ceruledge|atk|2
|
|-weather|SunnyDay|[upkeep]
|upkeep
|turn|11
|
|t:|1769391306
|move|p1a: Ceruledge|Bitter Blade|p2a: Iron Treads
|-supereffective|p2a: Iron Treads
|-damage|p2a: Iron Treads|0 fnt
|-heal|p1a: Ceruledge|100/100|[from] drain|[of] p2a: Iron Treads
|faint|p2a: Iron Treads
|-end|p2a: Iron Treads|Quark Drive|[silent]
|-damage|p1a: Ceruledge|91/100|[from] item: Life Orb
|
|-weather|SunnyDay|[upkeep]
|upkeep
|
|t:|1769391314
|switch|p2a: Moltresanti|Moltres|100/100
|turn|12
|
|t:|1769391321
|move|p1a: Ceruledge|Poltergeist|p2a: Moltresanti
|-activate|p2a: Moltresanti|move: Poltergeist|Heavy-Duty Boots
|-damage|p2a: Moltresanti|0 fnt
|faint|p2a: Moltresanti
|-damage|p1a: Ceruledge|81/100|[from] item: Life Orb
|
|-weather|SunnyDay|[upkeep]
|upkeep
|-message|Baboon Jomes forfeited.
|
|win|Leap Call
|raw|Leap Call's rating: 1525 &rarr; <strong>1542</strong><br />(+17 for winning)
|raw|Baboon Jomes's rating: 1468 &rarr; <strong>1451</strong><br />(-17 for losing)
|l|☆Baboon Jomes
|player|p2|
