|j|☆DarkSparks61
|j|☆Ryleisbored
|t:|1769419708
|gametype|singles
|player|p1|DarkSparks61|iono-masters|1163
|player|p2|Ryleisbored|1|1130
|gen|9
|tier|[Gen 9] OU
|rated|
|rule|HP Percentage Mod: HP is shown in percentages
|rule|Endless Battle Clause: Forcing endless battles is banned
|rule|Species Clause: Limit one of each Pokémon
|rule|OHKO Clause: OHKO moves are banned
|rule|Evasion Items Clause: Evasion items are banned
|rule|Evasion Moves Clause: Evasion moves are banned
|rule|Evasion Abilities Clause: Evasion abilities are banned
|rule|Sleep Moves Clause: Sleep-inducing moves are banned
|clearpoke
|poke|p1|Drifblim, M|
|poke|p1|Great Tusk|
|poke|p1|Samurott-Hisui, M|
|poke|p1|Ogerpon, F|
|poke|p1|Arcanine-Hisui, M|
|poke|p1|Gholdengo|
|poke|p2|Dudunsparce-*, M|
|poke|p2|Raging Bolt|
|poke|p2|Barraskewda, M|
|poke|p2|Corviknight, M|
|poke|p2|Dragapult, M|
|poke|p2|Ursaluna, F|
|teampreview
|inactive|Battle timer is ON: inactive players will automatically lose when time's up. (requested by DarkSparks61)
|
|t:|1769419721
|teamsize|p1|6
|teamsize|p2|6
|start
|switch|p1a: Samurott|Samurott-Hisui, M|100/100
|switch|p2a: Panic!|Raging Bolt|100/100
|-enditem|p2a: Panic!|Booster Energy
|-activate|p2a: Panic!|ability: Protosynthesis|[fromitem]
|-start|p2a: Panic!|protosynthesisspa
|turn|1
|
|t:|1769419730
|move|p1a: Samurott|Flip Turn|p2a: Panic!
|-resisted|p2a: Panic!
|-damage|p2a: Panic!|87/100
|
|t:|1769419734
|switch|p1a: Great Tusk|Great Tusk|100/100|[from] Flip Turn
|move|p2a: Panic!|Calm Mind|p2a: Panic!
|-boost|p2a: Panic!|spa|1
|-boost|p2a: Panic!|spd|1
|
|upkeep
|turn|2
|
|t:|1769419746
|move|p1a: Great Tusk|Headlong Rush|p2a: Panic!
|-supereffective|p2a: Panic!
|-damage|p2a: Panic!|0 fnt
|-unboost|p1a: Great Tusk|def|1
|-unboost|p1a: Great Tusk|spd|1
|faint|p2a: Panic!
|-end|p2a: Panic!|Protosynthesis|[silent]
|
|upkeep
|
|t:|1769419754
|switch|p2a: Foo Fighters|Barraskewda, M|100/100
|turn|3
|
|t:|1769419766
|-end|p1a: Great Tusk|Protosynthesis|[silent]
|switch|p1a: Ogerpon|Ogerpon, F|100/100
|move|p2a: Foo Fighters|Ice Fang|p1a: Ogerpon
|-supereffective|p1a: Ogerpon
|-damage|p1a: Ogerpon|14/100
|
|upkeep
|turn|4
|
|t:|1769419774
|-terastallize|p1a: Ogerpon|Grass
|detailschange|p1a: Ogerpon|Ogerpon-Teal-Tera, F, tera:Grass
|-ability|p1a: Ogerpon|Embody Aspect (Teal)|boost
|-boost|p1a: Ogerpon|spe|1
|move|p1a: Ogerpon|Power Whip|p2a: Foo Fighters
|-supereffective|p2a: Foo Fighters
|-crit|p2a: Foo Fighters
|-damage|p2a: Foo Fighters|0 fnt
|faint|p2a: Foo Fighters
|
|upkeep
|
|t:|1769419787
|switch|p2a: Pierce The Veil|Dragapult, M|100/100
|turn|5
|
|t:|1769419799
|move|p2a: Pierce The Veil|Sucker Punch|p1a: Ogerpon
|-damage|p1a: Ogerpon|0 fnt
|faint|p1a: Ogerpon
|detailschange|p1: Ogerpon|Ogerpon, F|[silent]
|-damage|p2a: Pierce The Veil|91/100|[from] item: Life Orb
|
|upkeep
|
|t:|1769419802
|switch|p1a: Drifblim|Drifblim, M|100/100
|turn|6
|
|t:|1769419814
|move|p2a: Pierce The Veil|Sucker Punch||[still]
|-fail|p2a: Pierce The Veil
|move|p1a: Drifblim|Strength Sap|p2a: Pierce The Veil
|-unboost|p2a: Pierce The Veil|atk|1
|
|upkeep
|turn|7
|
|t:|1769419823
|move|p2a: Pierce The Veil|Disable|p1a: Drifblim
|-start|p1a: Drifblim|Disable|Strength Sap
|move|p1a: Drifblim|Knock Off|p2a: Pierce The Veil
|-supereffective|p2a: Pierce The Veil
|-crit|p2a: Pierce The Veil
|-damage|p2a: Pierce The Veil|0 fnt
|-enditem|p2a: Pierce The Veil|Life Orb|[from] move: Knock Off|[of] p1a: Drifblim
|faint|p2a: Pierce The Veil
|
|upkeep
|
|t:|1769419835
|switch|p2a: All Time Low|Corviknight, M|100/100
|turn|8
|
|t:|1769419844
|move|p1a: Drifblim|Knock Off|p2a: All Time Low
|-damage|p2a: All Time Low|79/100
|-damage|p1a: Drifblim|84/100|[from] item: Rocky Helmet|[of] p2a: All Time Low
|-enditem|p2a: All Time Low|Rocky Helmet|[from] move: Knock Off|[of] p1a: Drifblim
|move|p2a: All Time Low|Iron Head|p1a: Drifblim
|-damage|p1a: Drifblim|36/100
|
|upkeep
|turn|9
|
|t:|1769419857
|move|p1a: Drifblim|Acrobatics|p2a: All Time Low
|-resisted|p2a: All Time Low
|-damage|p2a: All Time Low|70/100
|move|p2a: All Time Low|Iron Head|p1a: Drifblim
|-damage|p1a: Drifblim|0 fnt
|faint|p1a: Drifblim
|
|upkeep
|
|t:|1769419877
|switch|p1a: Samurott|Samurott-Hisui, M|100/100
|turn|10
|
|t:|1769419881
|move|p1a: Samurott|Flip Turn|p2a: All Time Low
|-damage|p2a: All Time Low|48/100
|
|t:|1769419884
|switch|p1a: Arcanine|Arcanine-Hisui, M|100/100|[from] Flip Turn
|move|p2a: All Time Low|U-turn|p1a: Arcanine
|-resisted|p1a: Arcanine
|-damage|p1a: Arcanine|89/100
|
|t:|1769419892
|switch|p2a: Flyleaf|Dudunsparce-Three-Segment, M, shiny|100/100|[from] U-turn
|
|upkeep
|turn|11
|
|t:|1769419902
|move|p1a: Arcanine|Stealth Rock|p2a: Flyleaf
|-sidestart|p2: Ryleisbored|move: Stealth Rock
|move|p2a: Flyleaf|Ancient Power|p1a: Arcanine
|-supereffective|p1a: Arcanine
|-damage|p1a: Arcanine|54/100
|
|upkeep
|turn|12
|
|t:|1769419914
|move|p1a: Arcanine|Head Smash|p2a: Flyleaf
|-damage|p2a: Flyleaf|39/100
|-damage|p1a: Arcanine|37/100|[from] item: Rocky Helmet|[of] p2a: Flyleaf
|move|p2a: Flyleaf|Ancient Power|p1a: Arcanine
|-supereffective|p1a: Arcanine
|-damage|p1a: Arcanine|1/100
|-boost|p2a: Flyleaf|atk|1
|-boost|p2a: Flyleaf|def|1
|-boost|p2a: Flyleaf|spa|1
|-boost|p2a: Flyleaf|spd|1
|-boost|p2a: Flyleaf|spe|1
|
|upkeep
|turn|13
|
|t:|1769419934
|move|p1a: Arcanine|Head Smash|p2a: Flyleaf
|-damage|p2a: Flyleaf|1/100
|-damage|p1a: Arcanine|0 fnt|[from] item: Rocky Helmet|[of] p2a: Flyleaf
|faint|p1a: Arcanine
|move|p2a: Flyleaf|Ancient Power|p1: Arcanine|[notarget]
|-fail|p2a: Flyleaf
|
|upkeep
|
|t:|1769419942
|switch|p1a: Samurott|Samurott-Hisui, M|100/100
|turn|14
|
|t:|1769419951
|-terastallize|p2a: Flyleaf|Ghost
|move|p1a: Samurott|Flip Turn|p2a: Flyleaf
|-damage|p2a: Flyleaf|0 fnt
|-damage|p1a: Samurott|84/100|[from] item: Rocky Helmet|[of] p2a: Flyleaf
|faint|p2a: Flyleaf
|
|t:|1769419956
|switch|p1a: Gholdengo|Gholdengo|100/100|[from] Flip Turn
|-item|p1a: Gholdengo|Air Balloon
|
|upkeep
|
|t:|1769419962
|switch|p2a: Fallout Boy|Ursaluna, F|100/100
|-damage|p2a: Fallout Boy|94/100|[from] Stealth Rock
|turn|15
|
|t:|1769419974
|move|p1a: Gholdengo|Nasty Plot|p1a: Gholdengo
|-boost|p1a: Gholdengo|spa|2
|move|p2a: Fallout Boy|Drain Punch|p1a: Gholdengo
|-immune|p1a: Gholdengo
|
|-status|p2a: Fallout Boy|brn|[from] item: Flame Orb
|upkeep
|turn|16
|
|t:|1769419982
|move|p1a: Gholdengo|Make It Rain|p2a: Fallout Boy
|-damage|p2a: Fallout Boy|0 fnt
|-unboost|p1a: Gholdengo|spa|1
|faint|p2a: Fallout Boy
|
|upkeep
|-message|Ryleisbored forfeited.
|
|win|DarkSparks61
|raw|DarkSparks61's rating: 1163 &rarr; <strong>1186</strong><br />(+23 for winning)
|raw|Ryleisbored's rating: 1130 &rarr; <strong>1107</strong><br />(-23 for losing)
|l|☆Ryleisbored
|player|p2|
|l|☆DarkSparks61
|player|p1|
