|j|☆laurez
|j|☆Narchica
|t:|1769440853
|gametype|singles
|player|p1|laurez|169|1164
|player|p2|Narchica|cynthia-gen4|1194
|gen|9
|tier|[Gen 9] OU
|rated|
|rule|HP Percentage Mod: HP is shown in percentages
|rule|Endless Battle Clause: Forcing endless battles is banned
|rule|Species Clause: Limit one of each Pokémon
|rule|OHKO Clause: OHKO moves are banned
|rule|Evasion Items Clause: Evasion items are banned
|rule|Evasion Moves Clause: Evasion moves are banned
|rule|Evasion Abilities Clause: Evasion abilities are banned
|rule|Sleep Moves Clause: Sleep-inducing moves are banned
|clearpoke
|poke|p1|Blissey, F|
|poke|p1|Great Tusk|
|poke|p1|Pecharunt|
|poke|p1|Hydreigon, M|
|poke|p1|Scizor, M|
|poke|p1|Clefable, M|
|poke|p2|Drednaw, F|
|poke|p2|Pelipper, M|
|poke|p2|Indeedee, M|
|poke|p2|Hatterene, F|
|poke|p2|Barraskewda, M|
|poke|p2|Samurott-Hisui, F|
|teampreview
|
|t:|1769440866
|teamsize|p1|6
|teamsize|p2|6
|start
|switch|p1a: Blissey|Blissey, F|100/100
|switch|p2a: Indeedee|Indeedee, M|100/100
|-fieldstart|move: Psychic Terrain|[from] ability: Psychic Surge|[of] p2a: Indeedee
|turn|1
|inactive|Battle timer is ON: inactive players will automatically lose when time's up. (requested by laurez)
|
|t:|1769440880
|switch|p2a: Barraskewda|Barraskewda, M|100/100
|move|p1a: Blissey|Seismic Toss|p2a: Barraskewda
|-damage|p2a: Barraskewda|62/100
|
|upkeep
|turn|2
|
|t:|1769440887
|switch|p1a: Pecharunt|Pecharunt|100/100
|move|p2a: Barraskewda|Flip Turn|p1a: Pecharunt
|-damage|p1a: Pecharunt|77/100
|
|t:|1769440896
|switch|p2a: Indeedee|Indeedee, M|100/100|[from] Flip Turn
|
|-heal|p1a: Pecharunt|83/100|[from] item: Leftovers
|upkeep
|turn|3
|
|t:|1769440911
|switch|p1a: Blissey|Blissey, F|100/100
|move|p2a: Indeedee|Expanding Force|p1a: Blissey
|-damage|p1a: Blissey|80/100
|
|-heal|p1a: Blissey|86/100|[from] item: Leftovers
|upkeep
|turn|4
|
|t:|1769440917
|switch|p2a: Pelipper|Pelipper, M|100/100
|-weather|RainDance|[from] ability: Drizzle|[of] p2a: Pelipper
|move|p1a: Blissey|Stealth Rock|p2a: Pelipper
|-sidestart|p2: Narchica|move: Stealth Rock
|
|-weather|RainDance|[upkeep]
|-heal|p1a: Blissey|93/100|[from] item: Leftovers
|upkeep
|turn|5
|
|t:|1769440929
|switch|p2a: Drednaw|Drednaw, F|100/100
|-damage|p2a: Drednaw|88/100|[from] Stealth Rock
|move|p1a: Blissey|Seismic Toss|p2a: Drednaw
|-damage|p2a: Drednaw|57/100
|
|-weather|RainDance|[upkeep]
|-heal|p1a: Blissey|99/100|[from] item: Leftovers
|upkeep
|turn|6
|
|t:|1769440948
|switch|p1a: Pecharunt|Pecharunt|83/100
|move|p2a: Drednaw|Shell Smash|p2a: Drednaw
|-unboost|p2a: Drednaw|def|1
|-unboost|p2a: Drednaw|spd|1
|-boost|p2a: Drednaw|atk|2
|-boost|p2a: Drednaw|spa|2
|-boost|p2a: Drednaw|spe|2
|-enditem|p2a: Drednaw|White Herb
|-clearnegativeboost|p2a: Drednaw|[silent]
|
|-weather|RainDance|[upkeep]
|-heal|p1a: Pecharunt|89/100|[from] item: Leftovers
|upkeep
|turn|7
|
|t:|1769440962
|-terastallize|p2a: Drednaw|Dark
|move|p2a: Drednaw|Crunch|p1a: Pecharunt
|-supereffective|p1a: Pecharunt
|-damage|p1a: Pecharunt|0 fnt
|faint|p1a: Pecharunt
|
|-weather|RainDance|[upkeep]
|upkeep
|
|t:|1769440970
|switch|p1a: Scizor|Scizor, M|100/100
|turn|8
|
|t:|1769440977
|-terastallize|p1a: Scizor|Dragon
|move|p1a: Scizor|Bullet Punch|p2a: Drednaw
|-activate|p2a: Drednaw|move: Psychic Terrain
|move|p2a: Drednaw|Liquidation|p1a: Scizor
|-resisted|p1a: Scizor
|-damage|p1a: Scizor|34/100
|
|-weather|RainDance|[upkeep]
|-fieldend|move: Psychic Terrain
|upkeep
|turn|9
|
|t:|1769440987
|move|p1a: Scizor|Bullet Punch|p2a: Drednaw
|-damage|p2a: Drednaw|7/100
|move|p2a: Drednaw|Liquidation|p1a: Scizor
|-resisted|p1a: Scizor
|-damage|p1a: Scizor|0 fnt
|faint|p1a: Scizor
|
|-weather|RainDance|[upkeep]
|upkeep
|
|t:|1769440999
|switch|p1a: Clefable|Clefable, M|100/100
|turn|10
|
|t:|1769441003
|move|p2a: Drednaw|Liquidation|p1a: Clefable
|-damage|p1a: Clefable|40/100
|move|p1a: Clefable|Moonblast|p2a: Drednaw
|-supereffective|p2a: Drednaw
|-damage|p2a: Drednaw|0 fnt
|faint|p2a: Drednaw
|
|-weather|RainDance|[upkeep]
|-heal|p1a: Clefable|46/100|[from] item: Leftovers
|upkeep
|
|t:|1769441018
|switch|p2a: Indeedee|Indeedee, M|100/100
|-damage|p2a: Indeedee|88/100|[from] Stealth Rock
|-fieldstart|move: Psychic Terrain|[from] ability: Psychic Surge|[of] p2a: Indeedee
|turn|11
|
|t:|1769441022
|switch|p1a: Blissey|Blissey, F|99/100
|move|p2a: Indeedee|Expanding Force|p1a: Blissey
|-damage|p1a: Blissey|78/100
|
|-weather|none
|-heal|p1a: Blissey|84/100|[from] item: Leftovers
|upkeep
|turn|12
|
|t:|1769441037
|switch|p2a: Samurott|Samurott-Hisui, F|100/100
|-damage|p2a: Samurott|88/100|[from] Stealth Rock
|switch|p1a: Hydreigon|Hydreigon, M|100/100
|
|upkeep
|turn|13
|
|t:|1769441044
|move|p1a: Hydreigon|Draco Meteor|p2a: Samurott
|-crit|p2a: Samurott
|-damage|p2a: Samurott|0 fnt
|-unboost|p1a: Hydreigon|spa|2
|faint|p2a: Samurott
|
|upkeep
|
|t:|1769441048
|switch|p2a: Hatterene|Hatterene, F|100/100
|-damage|p2a: Hatterene|88/100|[from] Stealth Rock
|turn|14
|
|t:|1769441054
|switch|p1a: Blissey|Blissey, F|84/100
|move|p2a: Hatterene|Calm Mind|p2a: Hatterene
|-boost|p2a: Hatterene|spa|1
|-boost|p2a: Hatterene|spd|1
|
|-heal|p1a: Blissey|90/100|[from] item: Leftovers
|-heal|p2a: Hatterene|94/100|[from] item: Leftovers
|upkeep
|turn|15
|
|t:|1769441063
|switch|p1a: Clefable|Clefable, M|46/100
|move|p2a: Hatterene|Calm Mind|p2a: Hatterene
|-boost|p2a: Hatterene|spa|1
|-boost|p2a: Hatterene|spd|1
|
|-heal|p1a: Clefable|52/100|[from] item: Leftovers
|-heal|p2a: Hatterene|99/100|[from] item: Leftovers
|upkeep
|turn|16
|
|t:|1769441071
|move|p1a: Clefable|Encore|p2a: Hatterene
|move|p2a: Hatterene|Encore||[from] ability: Magic Bounce|[still]
|-fail|p2a: Hatterene
|move|p2a: Hatterene|Psyshock|p1a: Clefable
|-damage|p1a: Clefable|14/100
|
|-heal|p1a: Clefable|20/100|[from] item: Leftovers
|-heal|p2a: Hatterene|100/100|[from] item: Leftovers
|upkeep
|turn|17
|
|t:|1769441084
|switch|p1a: Hydreigon|Hydreigon, M|100/100
|move|p2a: Hatterene|Psyshock|p1a: Hydreigon
|-immune|p1a: Hydreigon
|
|upkeep
|turn|18
|
|t:|1769441091
|move|p1a: Hydreigon|U-turn|p2a: Hatterene
|-damage|p2a: Hatterene|88/100
|
|t:|1769441095
|switch|p1a: Clefable|Clefable, M|20/100|[from] U-turn
|move|p2a: Hatterene|Draining Kiss|p1a: Clefable
|-damage|p1a: Clefable|0 fnt
|-heal|p2a: Hatterene|100/100|[from] drain|[of] p1a: Clefable
|faint|p1a: Clefable
|
|-fieldend|move: Psychic Terrain
|upkeep
|
|t:|1769441096
|switch|p1a: Hydreigon|Hydreigon, M|100/100
|turn|19
|-message|laurez forfeited.
|
|win|Narchica
|raw|laurez's rating: 1164 &rarr; <strong>1141</strong><br />(-23 for losing)
|raw|Narchica's rating: 1194 &rarr; <strong>1217</strong><br />(+23 for winning)
|l|☆laurez
|player|p1|
|l|☆Narchica
|player|p2|
