|j|☆zekchrone
|j|☆Firebird97631
|t:|1769408536
|gametype|singles
|player|p1|zekchrone|unknown|1033
|player|p2|Firebird97631|iris|1000
|gen|9
|tier|[Gen 9] OU
|rated|
|rule|HP Percentage Mod: HP is shown in percentages
|rule|Endless Battle Clause: Forcing endless battles is banned
|rule|Species Clause: Limit one of each Pokémon
|rule|OHKO Clause: OHKO moves are banned
|rule|Evasion Items Clause: Evasion items are banned
|rule|Evasion Moves Clause: Evasion moves are banned
|rule|Evasion Abilities Clause: Evasion abilities are banned
|rule|Sleep Moves Clause: Sleep-inducing moves are banned
|clearpoke
|poke|p1|Slaking, M|
|poke|p1|Alomomola, F|
|poke|p1|Gholdengo|
|poke|p1|Great Tusk|
|poke|p1|Ditto|
|poke|p1|Ribombee, F|
|poke|p2|Sunflora, F|
|poke|p2|Torkoal, M|
|poke|p2|Armarouge, F|
|poke|p2|Indeedee-F, F|
|poke|p2|Glimmora, M|
|poke|p2|Clefable, M|
|teampreview
|inactive|Battle timer is ON: inactive players will automatically lose when time's up. (requested by zekchrone)
|
|t:|1769408544
|teamsize|p1|6
|teamsize|p2|6
|start
|switch|p1a: Ribombee|Ribombee, F|100/100
|switch|p2a: Indeedee|Indeedee-F, F, shiny|100/100
|-fieldstart|move: Psychic Terrain|[from] ability: Psychic Surge|[of] p2a: Indeedee
|-enditem|p2a: Indeedee|Psychic Seed
|-boost|p2a: Indeedee|spd|1|[from] item: Psychic Seed
|turn|1
|
|t:|1769408556
|move|p1a: Ribombee|Sticky Web|p2a: Indeedee
|-sidestart|p2: Firebird97631|move: Sticky Web
|move|p2a: Indeedee|Trick Room|p2a: Indeedee
|-fieldstart|move: Trick Room|[of] p2a: Indeedee
|
|upkeep
|turn|2
|
|t:|1769408564
|switch|p2a: Torkoal|Torkoal, M, shiny|100/100
|-activate|p2a: Torkoal|move: Sticky Web
|-unboost|p2a: Torkoal|spe|1
|-weather|SunnyDay|[from] ability: Drought|[of] p2a: Torkoal
|move|p1a: Ribombee|Moonblast|p2a: Torkoal
|-resisted|p2a: Torkoal
|-damage|p2a: Torkoal|70/100
|
|-weather|SunnyDay|[upkeep]
|upkeep
|turn|3
|
|t:|1769408577
|move|p2a: Torkoal|Eruption|p1a: Ribombee
|-supereffective|p1a: Ribombee
|-enditem|p1a: Ribombee|Focus Sash
|-damage|p1a: Ribombee|1/100
|move|p1a: Ribombee|Moonblast|p2a: Torkoal
|-resisted|p2a: Torkoal
|-damage|p2a: Torkoal|40/100
|-unboost|p2a: Torkoal|spa|1
|
|-weather|SunnyDay|[upkeep]
|upkeep
|turn|4
|
|t:|1769408592
|switch|p1a: Alomomola|Alomomola, F|100/100
|move|p2a: Torkoal|Eruption|p1a: Alomomola
|-resisted|p1a: Alomomola
|-damage|p1a: Alomomola|88/100
|
|-weather|SunnyDay|[upkeep]
|upkeep
|turn|5
|
|t:|1769408602
|switch|p2a: Sunflora|Sunflora, F, shiny|100/100
|-activate|p2a: Sunflora|move: Sticky Web
|-unboost|p2a: Sunflora|spe|1
|move|p1a: Alomomola|Flip Turn|p2a: Sunflora
|-resisted|p2a: Sunflora
|-damage|p2a: Sunflora|95/100
|
|t:|1769408610
|switch|p1a: Ditto|Ditto|100/100|[from] Flip Turn
|-transform|p1a: Ditto|p2a: Sunflora|[from] ability: Imposter
|
|-weather|SunnyDay|[upkeep]
|-damage|p2a: Sunflora|83/100|[from] ability: Solar Power|[of] p2a: Sunflora
|-damage|p1a: Ditto|88/100|[from] ability: Solar Power|[of] p1a: Ditto
|-fieldend|move: Trick Room
|-fieldend|move: Psychic Terrain
|upkeep
|turn|6
|l|☆zekchrone
|inactive|zekchrone disconnected and has a minute to reconnect!
|player|p1|
|j|☆zekchrone
|inactive|zekchrone reconnected and has 130 seconds left.
|player|p1|zekchrone|unknown|
|
|t:|1769408638
|-terastallize|p2a: Sunflora|Fire
|move|p1a: Ditto|Weather Ball|p2a: Sunflora
|-resisted|p2a: Sunflora
|-damage|p2a: Sunflora|41/100
|move|p2a: Sunflora|Weather Ball|p1a: Ditto
|-supereffective|p1a: Ditto
|-damage|p1a: Ditto|0 fnt
|faint|p1a: Ditto
|
|-weather|SunnyDay|[upkeep]
|-damage|p2a: Sunflora|28/100|[from] ability: Solar Power|[of] p2a: Sunflora
|upkeep
|inactive|zekchrone has 120 seconds left.
|
|t:|1769408653
|switch|p1a: Great Tusk|Great Tusk|100/100
|-activate|p1a: Great Tusk|ability: Protosynthesis
|-start|p1a: Great Tusk|protosynthesisatk
|turn|7
|l|☆zekchrone
|inactive|zekchrone disconnected and has a minute to reconnect!
|player|p1|
|
|t:|1769408679
|switch|p2a: Indeedee|Indeedee-F, F, shiny|100/100
|-activate|p2a: Indeedee|move: Sticky Web
|-unboost|p2a: Indeedee|spe|1
|-fieldstart|move: Psychic Terrain|[from] ability: Psychic Surge|[of] p2a: Indeedee
|move|p1a: Great Tusk|Headlong Rush|p2a: Indeedee
|-damage|p2a: Indeedee|16/100
|-unboost|p1a: Great Tusk|def|1
|-unboost|p1a: Great Tusk|spd|1
|
|-weather|SunnyDay|[upkeep]
|upkeep
|turn|8
|inactive|Firebird97631 has 120 seconds left.
|inactive|zekchrone has 30 seconds to reconnect!
|inactive|zekchrone has 20 seconds to reconnect!
|inactive|zekchrone has 15 seconds to reconnect!
|inactive|zekchrone has 10 seconds to reconnect!
|inactive|zekchrone has 5 seconds to reconnect!
|-message|zekchrone lost due to inactivity.
|
|win|Firebird97631
|raw|zekchrone's rating: 1033 &rarr; <strong>1017</strong><br />(-16 for losing)
|raw|Firebird97631's rating: 1000 &rarr; <strong>1044</strong><br />(+44 for winning)
