|j|☆fadingstrawberry
|j|☆Lascarr
|t:|1769410537
|gametype|singles
|player|p1|fadingstrawberry|may-masters|1621
|player|p2|Lascarr|palmer|1593
|gen|9
|tier|[Gen 9] OU
|rated|
|rule|HP Percentage Mod: HP is shown in percentages
|rule|Endless Battle Clause: Forcing endless battles is banned
|rule|Species Clause: Limit one of each Pokémon
|rule|OHKO Clause: OHKO moves are banned
|rule|Evasion Items Clause: Evasion items are banned
|rule|Evasion Moves Clause: Evasion moves are banned
|rule|Evasion Abilities Clause: Evasion abilities are banned
|rule|Sleep Moves Clause: Sleep-inducing moves are banned
|clearpoke
|poke|p1|Ninetales-Alola, F|
|poke|p1|Raging Bolt|
|poke|p1|Rillaboom, M|
|poke|p1|Polteageist|
|poke|p1|Kingambit, M|
|poke|p1|Primarina, M|
|poke|p2|Zamazenta-*|
|poke|p2|Darkrai|
|poke|p2|Zapdos|
|poke|p2|Dragapult, F|
|poke|p2|Kingambit, M|
|poke|p2|Great Tusk|
|teampreview
|inactive|Battle timer is ON: inactive players will automatically lose when time's up. (requested by Lascarr)
|j| nitroLazer120
|j| firecharmander004
|
|t:|1769410565
|teamsize|p1|6
|teamsize|p2|6
|start
|switch|p1a: Ninetales|Ninetales-Alola, F|100/100
|switch|p2a: Dragapult|Dragapult, F, shiny|100/100
|-weather|Snowscape|[from] ability: Snow Warning|[of] p1a: Ninetales
|turn|1
|
|t:|1769410570
|move|p2a: Dragapult|Flamethrower|p1a: Ninetales
|-supereffective|p1a: Ninetales
|-damage|p1a: Ninetales|24/100
|move|p1a: Ninetales|Aurora Veil|p1a: Ninetales
|-sidestart|p1: fadingstrawberry|move: Aurora Veil
|
|-weather|Snowscape|[upkeep]
|upkeep
|turn|2
|
|t:|1769410575
|switch|p1a: Primarina|Primarina, M|100/100
|move|p2a: Dragapult|Flamethrower|p1a: Primarina
|-resisted|p1a: Primarina
|-damage|p1a: Primarina|84/100
|-status|p1a: Primarina|brn
|
|-weather|Snowscape|[upkeep]
|-heal|p1a: Primarina|90/100 brn|[from] item: Leftovers
|-damage|p1a: Primarina|84/100 brn|[from] brn
|upkeep
|turn|3
|
|t:|1769410585
|switch|p2a: Zapdos|Zapdos, shiny|100/100
|move|p1a: Primarina|Calm Mind|p1a: Primarina
|-boost|p1a: Primarina|spa|1
|-boost|p1a: Primarina|spd|1
|
|-weather|Snowscape|[upkeep]
|-heal|p1a: Primarina|90/100 brn|[from] item: Leftovers
|-damage|p1a: Primarina|84/100 brn|[from] brn
|upkeep
|turn|4
|
|t:|1769410590
|-terastallize|p1a: Primarina|Steel
|move|p2a: Zapdos|Volt Switch|p1a: Primarina
|-damage|p1a: Primarina|76/100 brn
|
|t:|1769410598
|switch|p2a: Kingambit|Kingambit, M|100/100|[from] Volt Switch
|move|p1a: Primarina|Substitute|p1a: Primarina
|-start|p1a: Primarina|Substitute
|-damage|p1a: Primarina|51/100 brn
|
|-weather|Snowscape|[upkeep]
|-heal|p1a: Primarina|57/100 brn|[from] item: Leftovers
|-damage|p1a: Primarina|51/100 brn|[from] brn
|upkeep
|turn|5
|
|t:|1769410603
|move|p1a: Primarina|Draining Kiss|p2a: Kingambit
|-damage|p2a: Kingambit|64/100
|-heal|p1a: Primarina|77/100 brn|[from] drain|[of] p2a: Kingambit
|move|p2a: Kingambit|Low Kick|p1a: Primarina
|-supereffective|p1a: Primarina
|-activate|p1a: Primarina|move: Substitute|[damage]
|
|-weather|none
|-heal|p1a: Primarina|83/100 brn|[from] item: Leftovers
|-damage|p1a: Primarina|77/100 brn|[from] brn
|upkeep
|turn|6
|
|t:|1769410611
|move|p1a: Primarina|Draining Kiss|p2a: Kingambit
|-damage|p2a: Kingambit|31/100
|-heal|p1a: Primarina|100/100 brn|[from] drain|[of] p2a: Kingambit
|move|p2a: Kingambit|Low Kick|p1a: Primarina
|-supereffective|p1a: Primarina
|-end|p1a: Primarina|Substitute
|
|-damage|p1a: Primarina|94/100 brn|[from] brn
|upkeep
|turn|7
|l| firecharmander004
|
|t:|1769410615
|move|p1a: Primarina|Draining Kiss|p2a: Kingambit
|-damage|p2a: Kingambit|0 fnt
|-heal|p1a: Primarina|100/100 brn|[from] drain|[of] p2a: Kingambit
|faint|p2a: Kingambit
|-end|p2a: Kingambit|fallenundefined|[silent]
|
|-damage|p1a: Primarina|94/100 brn|[from] brn
|upkeep
|j| Samurajen
|
|t:|1769410620
|switch|p2a: Zapdos|Zapdos, shiny|100/100
|turn|8
|
|t:|1769410623
|move|p2a: Zapdos|Heat Wave|p1a: Primarina
|-supereffective|p1a: Primarina
|-damage|p1a: Primarina|79/100 brn
|move|p1a: Primarina|Substitute|p1a: Primarina
|-start|p1a: Primarina|Substitute
|-damage|p1a: Primarina|54/100 brn
|
|-heal|p1a: Primarina|60/100 brn|[from] item: Leftovers
|-damage|p1a: Primarina|54/100 brn|[from] brn
|-sideend|p1: fadingstrawberry|move: Aurora Veil
|upkeep
|turn|9
|l| nitroLazer120
|
|t:|1769410627
|move|p2a: Zapdos|Heat Wave|p1a: Primarina
|-supereffective|p1a: Primarina
|-end|p1a: Primarina|Substitute
|move|p1a: Primarina|Draining Kiss|p2a: Zapdos
|-damage|p2a: Zapdos|78/100
|-heal|p1a: Primarina|72/100 brn|[from] drain|[of] p2a: Zapdos
|
|-heal|p1a: Primarina|78/100 brn|[from] item: Leftovers
|-damage|p1a: Primarina|72/100 brn|[from] brn
|upkeep
|turn|10
|j| nitroLazer120
|l| nitroLazer120
|
|t:|1769410634
|move|p2a: Zapdos|Volt Switch|p1a: Primarina
|-damage|p1a: Primarina|55/100 brn
|
|t:|1769410636
|switch|p2a: Great Tusk|Great Tusk|100/100|[from] Volt Switch
|move|p1a: Primarina|Calm Mind|p1a: Primarina
|-boost|p1a: Primarina|spa|1
|-boost|p1a: Primarina|spd|1
|
|-heal|p1a: Primarina|61/100 brn|[from] item: Leftovers
|-damage|p1a: Primarina|55/100 brn|[from] brn
|upkeep
|turn|11
|
|t:|1769410642
|switch|p1a: Rillaboom|Rillaboom, M|100/100
|-fieldstart|move: Grassy Terrain|[from] ability: Grassy Surge|[of] p1a: Rillaboom
|move|p2a: Great Tusk|Earthquake|p1a: Rillaboom
|-resisted|p1a: Rillaboom
|-damage|p1a: Rillaboom|89/100
|
|-heal|p1a: Rillaboom|95/100|[from] Grassy Terrain
|upkeep
|turn|12
|
|t:|1769410651
|move|p1a: Rillaboom|Swords Dance|p1a: Rillaboom
|-boost|p1a: Rillaboom|atk|2
|move|p2a: Great Tusk|Ice Spinner|p1a: Rillaboom
|-supereffective|p1a: Rillaboom
|-damage|p1a: Rillaboom|49/100
|-fieldend|move: Grassy Terrain
|
|upkeep
|turn|13
|
|t:|1769410656
|move|p1a: Rillaboom|Grassy Glide|p2a: Great Tusk
|-supereffective|p2a: Great Tusk
|-damage|p2a: Great Tusk|20/100
|-damage|p1a: Rillaboom|32/100|[from] item: Rocky Helmet|[of] p2a: Great Tusk
|-damage|p1a: Rillaboom|22/100|[from] item: Life Orb
|move|p2a: Great Tusk|Ice Spinner|p1a: Rillaboom
|-supereffective|p1a: Rillaboom
|-damage|p1a: Rillaboom|0 fnt
|faint|p1a: Rillaboom
|
|upkeep
|
|t:|1769410670
|switch|p1a: Polteageist|Polteageist|100/100
|turn|14
|
|t:|1769410672
|move|p1a: Polteageist|Shell Smash|p1a: Polteageist
|-unboost|p1a: Polteageist|def|1
|-unboost|p1a: Polteageist|spd|1
|-boost|p1a: Polteageist|atk|2
|-boost|p1a: Polteageist|spa|2
|-boost|p1a: Polteageist|spe|2
|-enditem|p1a: Polteageist|White Herb
|-clearnegativeboost|p1a: Polteageist|[silent]
|move|p2a: Great Tusk|Earthquake|p1a: Polteageist
|-damage|p1a: Polteageist|53/100
|
|upkeep
|turn|15
|
|t:|1769410682
|move|p1a: Polteageist|Strength Sap|p2a: Great Tusk
|-unboost|p2a: Great Tusk|atk|1
|-heal|p1a: Polteageist|100/100
|move|p2a: Great Tusk|Earthquake|p1a: Polteageist
|-damage|p1a: Polteageist|69/100
|
|upkeep
|turn|16
|
|t:|1769410684
|move|p1a: Polteageist|Shell Smash|p1a: Polteageist
|-unboost|p1a: Polteageist|def|1
|-unboost|p1a: Polteageist|spd|1
|-boost|p1a: Polteageist|atk|2
|-boost|p1a: Polteageist|spa|2
|-boost|p1a: Polteageist|spe|2
|move|p2a: Great Tusk|Stealth Rock|p1a: Polteageist
|-sidestart|p1: fadingstrawberry|move: Stealth Rock
|
|upkeep
|turn|17
|
|t:|1769410699
|move|p1a: Polteageist|Shell Smash|p1a: Polteageist
|-unboost|p1a: Polteageist|def|1
|-unboost|p1a: Polteageist|spd|1
|-boost|p1a: Polteageist|atk|2
|-boost|p1a: Polteageist|spa|2
|-boost|p1a: Polteageist|spe|2
|move|p2a: Great Tusk|Earthquake|p1a: Polteageist
|-damage|p1a: Polteageist|0 fnt
|faint|p1a: Polteageist
|
|upkeep
|
|t:|1769410712
|switch|p1a: Ninetales|Ninetales-Alola, F|24/100
|-damage|p1a: Ninetales|0 fnt|[from] Stealth Rock
|faint|p1a: Ninetales
|-message|fadingstrawberry forfeited.
|
|win|Lascarr
|raw|fadingstrawberry's rating: 1621 &rarr; <strong>1599</strong><br />(-22 for losing)
|raw|Lascarr's rating: 1593 &rarr; <strong>1615</strong><br />(+22 for winning)
|l|☆fadingstrawberry
|player|p1|
|l|☆Lascarr
|player|p2|
