|j|☆aimiliyatang
|j|☆rex756w11
|t:|1769404021
|gametype|singles
|player|p1|aimiliyatang|dawn|1112
|player|p2|rex756w11|palmer|1106
|gen|9
|tier|[Gen 9] OU
|rated|
|rule|HP Percentage Mod: HP is shown in percentages
|rule|Endless Battle Clause: Forcing endless battles is banned
|rule|Species Clause: Limit one of each Pokémon
|rule|OHKO Clause: OHKO moves are banned
|rule|Evasion Items Clause: Evasion items are banned
|rule|Evasion Moves Clause: Evasion moves are banned
|rule|Evasion Abilities Clause: Evasion abilities are banned
|rule|Sleep Moves Clause: Sleep-inducing moves are banned
|clearpoke
|poke|p1|Cinderace, M|
|poke|p1|Raging Bolt|
|poke|p1|Great Tusk|
|poke|p1|Corviknight, F|
|poke|p1|Ogerpon-Wellspring, F|
|poke|p1|Gliscor, F|
|poke|p2|Greninja-*, F|
|poke|p2|Incineroar, M|
|poke|p2|Muk-Alola, M|
|poke|p2|Garganacl, M|
|poke|p2|Great Tusk|
|poke|p2|Walking Wake|
|teampreview
|inactive|Battle timer is ON: inactive players will automatically lose when time's up. (requested by rex756w11)
|
|t:|1769404039
|teamsize|p1|6
|teamsize|p2|6
|start
|switch|p1a: Cinderace|Cinderace, M|100/100
|switch|p2a: Incineroar|Incineroar, M|100/100
|-ability|p2a: Incineroar|Intimidate|boost
|-unboost|p1a: Cinderace|atk|1
|turn|1
|
|t:|1769404054
|move|p2a: Incineroar|Fake Out|p1a: Cinderace
|-damage|p1a: Cinderace|85/100
|cant|p1a: Cinderace|flinch
|
|upkeep
|turn|2
|j| Itz J
|
|t:|1769404065
|move|p1a: Cinderace|U-turn|p2a: Incineroar
|-start|p1a: Cinderace|typechange|Bug|[from] ability: Libero
|-damage|p2a: Incineroar|67/100
|
|t:|1769404072
|switch|p1a: Gliscor|Gliscor, F|100/100|[from] U-turn
|move|p2a: Incineroar|U-turn|p1a: Gliscor
|-resisted|p1a: Gliscor
|-damage|p1a: Gliscor|94/100
|
|t:|1769404086
|switch|p2a: Walking Wake|Walking Wake|100/100|[from] U-turn
|
|-status|p1a: Gliscor|tox|[from] item: Toxic Orb
|upkeep
|turn|3
|
|t:|1769404095
|switch|p1a: Ogerpon|Ogerpon-Wellspring, F|100/100
|move|p2a: Walking Wake|Sunny Day|p2a: Walking Wake
|-weather|SunnyDay
|-activate|p2a: Walking Wake|ability: Protosynthesis
|-start|p2a: Walking Wake|protosynthesisspa
|
|-weather|SunnyDay|[upkeep]
|upkeep
|turn|4
|
|t:|1769404111
|move|p1a: Ogerpon|U-turn|p2a: Walking Wake
|-damage|p2a: Walking Wake|76/100
|
|t:|1769404115
|switch|p1a: Corviknight|Corviknight, F|100/100|[from] U-turn
|move|p2a: Walking Wake|Weather Ball|p1a: Corviknight
|-supereffective|p1a: Corviknight
|-damage|p1a: Corviknight|0 fnt
|faint|p1a: Corviknight
|-damage|p2a: Walking Wake|66/100|[from] item: Life Orb
|
|-weather|SunnyDay|[upkeep]
|upkeep
|
|t:|1769404132
|switch|p1a: Ogerpon|Ogerpon-Wellspring, F|100/100
|turn|5
|
|t:|1769404140
|-terastallize|p1a: Ogerpon|Water
|detailschange|p1a: Ogerpon|Ogerpon-Wellspring-Tera, F, tera:Water
|-ability|p1a: Ogerpon|Embody Aspect (Wellspring)|boost
|-boost|p1a: Ogerpon|spd|1
|move|p1a: Ogerpon|Knock Off|p2a: Walking Wake
|-damage|p2a: Walking Wake|28/100
|-enditem|p2a: Walking Wake|Life Orb|[from] move: Knock Off|[of] p1a: Ogerpon
|move|p2a: Walking Wake|Dragon Pulse|p1a: Ogerpon
|-damage|p1a: Ogerpon|59/100
|
|-weather|SunnyDay|[upkeep]
|upkeep
|turn|6
|
|t:|1769404165
|move|p1a: Ogerpon|Superpower|p2a: Walking Wake
|-damage|p2a: Walking Wake|0 fnt
|-unboost|p1a: Ogerpon|atk|1
|-unboost|p1a: Ogerpon|def|1
|faint|p2a: Walking Wake
|-end|p2a: Walking Wake|Protosynthesis|[silent]
|
|-weather|SunnyDay|[upkeep]
|upkeep
|inactive|rex756w11 has 120 seconds left.
|
|t:|1769404180
|switch|p2a: Greninja|Greninja, F|100/100
|turn|7
|inactive|rex756w11 has 120 seconds left.
|
|t:|1769404195
|move|p1a: Ogerpon|U-turn|p2a: Greninja
|-supereffective|p2a: Greninja
|-damage|p2a: Greninja|43/100
|
|t:|1769404199
|switch|p1a: Gliscor|Gliscor, F|94/100 tox|[from] U-turn
|move|p2a: Greninja|Gunk Shot|p1a: Gliscor
|-start|p2a: Greninja|typechange|Poison|[from] ability: Protean
|-resisted|p1a: Gliscor
|-damage|p1a: Gliscor|80/100 tox
|
|-weather|none
|-heal|p1a: Gliscor|93/100 tox|[from] ability: Poison Heal
|upkeep
|turn|8
|
|t:|1769404213
|move|p2a: Greninja|Ice Beam|p1a: Gliscor
|-supereffective|p1a: Gliscor
|-damage|p1a: Gliscor|0 fnt
|faint|p1a: Gliscor
|
|upkeep
|
|t:|1769404217
|switch|p1a: Ogerpon|Ogerpon-Wellspring-Tera, F, tera:Water|59/100
|-ability|p1a: Ogerpon|Embody Aspect (Wellspring)|boost
|-boost|p1a: Ogerpon|spd|1
|turn|9
|
|t:|1769404233
|move|p1a: Ogerpon|Knock Off|p2a: Greninja
|-damage|p2a: Greninja|0 fnt
|-enditem|p2a: Greninja|Expert Belt|[from] move: Knock Off|[of] p1a: Ogerpon
|faint|p2a: Greninja
|
|upkeep
|inactive|rex756w11 has 120 seconds left.
|
|t:|1769404246
|switch|p2a: Garganacl|Garganacl, M, shiny|100/100
|turn|10
|
|t:|1769404255
|-terastallize|p2a: Garganacl|Fighting
|move|p1a: Ogerpon|Ivy Cudgel|p2a: Garganacl|[anim] Ivy Cudgel Water
|-damage|p2a: Garganacl|41/100
|move|p2a: Garganacl|Iron Defense|p2a: Garganacl
|-boost|p2a: Garganacl|def|2
|
|-heal|p2a: Garganacl|47/100|[from] item: Leftovers
|upkeep
|turn|11
|
|t:|1769404268
|move|p1a: Ogerpon|U-turn|p2a: Garganacl
|-resisted|p2a: Garganacl
|-damage|p2a: Garganacl|42/100
|
|t:|1769404270
|switch|p1a: Raging Bolt|Raging Bolt|100/100|[from] U-turn
|move|p2a: Garganacl|Body Press|p1a: Raging Bolt
|-damage|p1a: Raging Bolt|38/100
|
|-heal|p2a: Garganacl|48/100|[from] item: Leftovers
|upkeep
|turn|12
|
|t:|1769404286
|move|p1a: Raging Bolt|Draco Meteor|p2a: Garganacl
|-crit|p2a: Garganacl
|-damage|p2a: Garganacl|0 fnt
|-unboost|p1a: Raging Bolt|spa|2
|faint|p2a: Garganacl
|
|upkeep
|inactive|rex756w11 has 120 seconds left.
|
|t:|1769404301
|switch|p2a: Incineroar|Incineroar, M|67/100
|-ability|p2a: Incineroar|Intimidate|boost
|-unboost|p1a: Raging Bolt|atk|1
|turn|13
|
|t:|1769404312
|-end|p1a: Raging Bolt|Protosynthesis|[silent]
|switch|p1a: Ogerpon|Ogerpon-Wellspring-Tera, F, tera:Water|59/100
|-ability|p1a: Ogerpon|Embody Aspect (Wellspring)|boost
|-boost|p1a: Ogerpon|spd|1
|move|p2a: Incineroar|Fake Out|p1a: Ogerpon
|-damage|p1a: Ogerpon|45/100
|
|-heal|p2a: Incineroar|73/100|[from] item: Leftovers
|upkeep
|turn|14
|inactive|rex756w11 has 120 seconds left.
|
|t:|1769404333
|switch|p2a: Muk|Muk-Alola, M|100/100
|move|p1a: Ogerpon|Ivy Cudgel|p2a: Muk|[anim] Ivy Cudgel Water
|-crit|p2a: Muk
|-damage|p2a: Muk|0 fnt
|faint|p2a: Muk
|
|upkeep
|
|t:|1769404343
|switch|p2a: Incineroar|Incineroar, M|73/100
|-ability|p2a: Incineroar|Intimidate|boost
|-unboost|p1a: Ogerpon|atk|1
|turn|15
|
|t:|1769404348
|switch|p1a: Great Tusk|Great Tusk|100/100
|move|p2a: Incineroar|Fake Out|p1a: Great Tusk
|-damage|p1a: Great Tusk|93/100
|
|-heal|p2a: Incineroar|80/100|[from] item: Leftovers
|upkeep
|turn|16
|inactive|rex756w11 has 120 seconds left.
|
|t:|1769404359
|move|p1a: Great Tusk|Rapid Spin|p2a: Incineroar
|-damage|p2a: Incineroar|57/100
|-boost|p1a: Great Tusk|spe|1
|-damage|p1a: Great Tusk|84/100|[from] item: Life Orb
|move|p2a: Incineroar|U-turn|p1a: Great Tusk
|-resisted|p1a: Great Tusk
|-damage|p1a: Great Tusk|77/100
|inactive|rex756w11 has 120 seconds left.
|
|t:|1769404367
|switch|p2a: Great Tusk|Great Tusk|100/100|[from] U-turn
|-enditem|p2a: Great Tusk|Booster Energy
|-activate|p2a: Great Tusk|ability: Protosynthesis|[fromitem]
|-start|p2a: Great Tusk|protosynthesisatk
|
|upkeep
|turn|17
|inactive|rex756w11 has 120 seconds left.
|
|t:|1769404386
|move|p1a: Great Tusk|Ice Spinner|p2a: Great Tusk
|-supereffective|p2a: Great Tusk
|-damage|p2a: Great Tusk|54/100
|-damage|p1a: Great Tusk|67/100|[from] item: Life Orb
|move|p2a: Great Tusk|Bulk Up|p2a: Great Tusk
|-boost|p2a: Great Tusk|atk|1
|-boost|p2a: Great Tusk|def|1
|
|upkeep
|turn|18
|inactive|rex756w11 has 120 seconds left.
|
|t:|1769404400
|move|p1a: Great Tusk|Rapid Spin|p2a: Great Tusk
|-damage|p2a: Great Tusk|44/100
|-boost|p1a: Great Tusk|spe|1
|-damage|p1a: Great Tusk|57/100|[from] item: Life Orb
|move|p2a: Great Tusk|Headlong Rush|p1a: Great Tusk
|-damage|p1a: Great Tusk|0 fnt
|-unboost|p2a: Great Tusk|def|1
|-unboost|p2a: Great Tusk|spd|1
|faint|p1a: Great Tusk
|-end|p1a: Great Tusk|Protosynthesis|[silent]
|
|upkeep
|
|t:|1769404410
|switch|p1a: Ogerpon|Ogerpon-Wellspring-Tera, F, tera:Water|45/100
|-ability|p1a: Ogerpon|Embody Aspect (Wellspring)|boost
|-boost|p1a: Ogerpon|spd|1
|turn|19
|
|t:|1769404417
|move|p1a: Ogerpon|Ivy Cudgel|p2a: Great Tusk|[anim] Ivy Cudgel Water
|-supereffective|p2a: Great Tusk
|-damage|p2a: Great Tusk|0 fnt
|faint|p2a: Great Tusk
|-end|p2a: Great Tusk|Protosynthesis|[silent]
|
|upkeep
|
|t:|1769404423
|switch|p2a: Incineroar|Incineroar, M|57/100
|-ability|p2a: Incineroar|Intimidate|boost
|-unboost|p1a: Ogerpon|atk|1
|turn|20
|
|t:|1769404429
|switch|p1a: Cinderace|Cinderace, M|85/100
|move|p2a: Incineroar|Knock Off|p1a: Cinderace
|-damage|p1a: Cinderace|25/100
|-enditem|p1a: Cinderace|Choice Band|[from] move: Knock Off|[of] p2a: Incineroar
|
|-heal|p2a: Incineroar|63/100|[from] item: Leftovers
|upkeep
|turn|21
|
|t:|1769404444
|move|p1a: Cinderace|High Jump Kick|p2a: Incineroar
|-start|p1a: Cinderace|typechange|Fighting|[from] ability: Libero
|-supereffective|p2a: Incineroar
|-crit|p2a: Incineroar
|-damage|p2a: Incineroar|0 fnt
|faint|p2a: Incineroar
|
|win|aimiliyatang
|raw|aimiliyatang's rating: 1112 &rarr; <strong>1137</strong><br />(+25 for winning)
|raw|rex756w11's rating: 1106 &rarr; <strong>1081</strong><br />(-25 for losing)
|l|☆rex756w11
|player|p2|
|l| Itz J
