|j|☆k4nxys
|j|☆bobert002
|t:|1769308042
|gametype|singles
|player|p1|k4nxys|pokemaniac|1133
|player|p2|bobert002|ninjaboy|1160
|gen|9
|tier|[Gen 9] OU
|rated|
|rule|HP Percentage Mod: HP is shown in percentages
|rule|Endless Battle Clause: Forcing endless battles is banned
|rule|Species Clause: Limit one of each Pokémon
|rule|OHKO Clause: OHKO moves are banned
|rule|Evasion Items Clause: Evasion items are banned
|rule|Evasion Moves Clause: Evasion moves are banned
|rule|Evasion Abilities Clause: Evasion abilities are banned
|rule|Sleep Moves Clause: Sleep-inducing moves are banned
|clearpoke
|poke|p1|Zarude|
|poke|p1|Corviknight, M|
|poke|p1|Clodsire, F|
|poke|p1|Gengar, M|
|poke|p1|Greninja-*, M|
|poke|p1|Kingambit, M|
|poke|p2|Tyranitar, M|
|poke|p2|Excadrill, F|
|poke|p2|Corviknight, M|
|poke|p2|Donphan, M|
|poke|p2|Minior-Blue|
|poke|p2|Magnezone|
|teampreview
|
|t:|1769308052
|teamsize|p1|6
|teamsize|p2|6
|start
|switch|p1a: Carabin3|Zarude|100/100
|switch|p2a: Tyranitar|Tyranitar, M|100/100
|-weather|Sandstorm|[from] ability: Sand Stream|[of] p2a: Tyranitar
|turn|1
|
|t:|1769308061
|switch|p2a: Corviknight|Corviknight, M|100/100
|move|p1a: Carabin3|Taunt|p2a: Corviknight
|-start|p2a: Corviknight|move: Taunt
|
|-weather|Sandstorm|[upkeep]
|-damage|p1a: Carabin3|95/100|[from] Sandstorm
|upkeep
|turn|2
|
|t:|1769308073
|move|p1a: Carabin3|U-turn|p2a: Corviknight
|-resisted|p2a: Corviknight
|-damage|p2a: Corviknight|97/100
|
|t:|1769308090
|switch|p1a: Pereza|Clodsire, F|100/100|[from] U-turn
|move|p2a: Corviknight|U-turn|p1a: Pereza
|-resisted|p1a: Pereza
|-damage|p1a: Pereza|93/100
|
|t:|1769308093
|switch|p2a: Donphan|Donphan, M|100/100|[from] U-turn
|
|-weather|Sandstorm|[upkeep]
|-heal|p1a: Pereza|99/100|[from] item: Black Sludge
|upkeep
|turn|3
|
|t:|1769308114
|move|p2a: Donphan|High Horsepower|p1a: Pereza
|-supereffective|p1a: Pereza
|-damage|p1a: Pereza|0 fnt
|faint|p1a: Pereza
|
|-weather|Sandstorm|[upkeep]
|upkeep
|
|t:|1769308121
|switch|p1a: Carabin3|Zarude|95/100
|turn|4
|
|t:|1769308126
|switch|p2a: Corviknight|Corviknight, M|97/100
|move|p1a: Carabin3|Knock Off|p2a: Corviknight
|-damage|p2a: Corviknight|67/100
|-enditem|p2a: Corviknight|Leftovers|[from] move: Knock Off|[of] p1a: Carabin3
|
|-weather|Sandstorm|[upkeep]
|-damage|p1a: Carabin3|89/100|[from] Sandstorm
|upkeep
|turn|5
|
|t:|1769308135
|move|p1a: Carabin3|U-turn|p2a: Corviknight
|-resisted|p2a: Corviknight
|-damage|p2a: Corviknight|64/100
|
|t:|1769308139
|switch|p1a: Muerte|Corviknight, M|100/100|[from] U-turn
|-ability|p1a: Muerte|Pressure
|move|p2a: Corviknight|Roost|p2a: Corviknight
|-heal|p2a: Corviknight|100/100
|-singleturn|p2a: Corviknight|move: Roost
|
|-weather|Sandstorm|[upkeep]
|upkeep
|turn|6
|
|t:|1769308153
|move|p1a: Muerte|Body Press|p2a: Corviknight
|-damage|p2a: Corviknight|85/100
|move|p2a: Corviknight|U-turn|p1a: Muerte
|-resisted|p1a: Muerte
|-damage|p1a: Muerte|98/100
|-damage|p2a: Corviknight|68/100|[from] item: Rocky Helmet|[of] p1a: Muerte
|
|t:|1769308157
|switch|p2a: Magnezone|Magnezone|100/100|[from] U-turn
|
|-weather|Sandstorm|[upkeep]
|upkeep
|turn|7
|
|t:|1769308176
|move|p1a: Muerte|Body Press|p2a: Magnezone
|-supereffective|p2a: Magnezone
|-damage|p2a: Magnezone|65/100
|move|p2a: Magnezone|Volt Switch|p1a: Muerte
|-supereffective|p1a: Muerte
|-damage|p1a: Muerte|44/100
|
|t:|1769308183
|switch|p2a: Donphan|Donphan, M|100/100|[from] Volt Switch
|
|-weather|Sandstorm|[upkeep]
|upkeep
|turn|8
|
|t:|1769308228
|move|p1a: Muerte|U-turn|p2a: Donphan
|-damage|p2a: Donphan|90/100
|
|t:|1769308235
|switch|p1a: Carabin3|Zarude|89/100|[from] U-turn
|move|p2a: Donphan|Fire Fang|p1a: Carabin3
|-supereffective|p1a: Carabin3
|-damage|p1a: Carabin3|21/100
|
|-weather|none
|upkeep
|turn|9
|
|t:|1769308249
|switch|p2a: Corviknight|Corviknight, M|68/100
|move|p1a: Carabin3|Petal Blizzard|p2a: Corviknight
|-resisted|p2a: Corviknight
|-damage|p2a: Corviknight|62/100
|
|upkeep
|turn|10
|
|t:|1769308256
|move|p1a: Carabin3|U-turn|p2a: Corviknight
|-resisted|p2a: Corviknight
|-damage|p2a: Corviknight|58/100
|
|t:|1769308259
|switch|p1a: Ash|Greninja, M|100/100|[from] U-turn
|move|p2a: Corviknight|Roost|p2a: Corviknight
|-heal|p2a: Corviknight|100/100
|-singleturn|p2a: Corviknight|move: Roost
|
|upkeep
|turn|11
|
|t:|1769308269
|move|p1a: Ash|Dark Pulse|p2a: Corviknight
|-start|p1a: Ash|typechange|Dark|[from] ability: Protean
|-damage|p2a: Corviknight|66/100
|move|p2a: Corviknight|U-turn|p1a: Ash
|-supereffective|p1a: Ash
|-damage|p1a: Ash|53/100
|
|t:|1769308284
|switch|p2a: Minior|Minior-Blue|100/100|[from] U-turn
|-formechange|p2a: Minior|Minior-Meteor||[from] ability: Shields Down
|
|upkeep
|turn|12
|
|t:|1769308307
|move|p1a: Ash|Surf|p2a: Minior
|-supereffective|p2a: Minior
|-crit|p2a: Minior
|-enditem|p2a: Minior|Focus Sash
|-damage|p2a: Minior|1/100
|move|p2a: Minior|Shell Smash|p2a: Minior
|-unboost|p2a: Minior|def|1
|-unboost|p2a: Minior|spd|1
|-boost|p2a: Minior|atk|2
|-boost|p2a: Minior|spa|2
|-boost|p2a: Minior|spe|2
|
|-formechange|p2a: Minior|Minior-Blue||[from] ability: Shields Down
|upkeep
|turn|13
|
|t:|1769308320
|switch|p1a: Muerte|Corviknight, M|44/100
|-ability|p1a: Muerte|Pressure
|move|p2a: Minior|Acrobatics|p1a: Muerte
|-resisted|p1a: Muerte
|-damage|p1a: Muerte|14/100
|-damage|p2a: Minior|0 fnt|[from] item: Rocky Helmet|[of] p1a: Muerte
|faint|p2a: Minior
|
|upkeep
|
|t:|1769308333
|switch|p2a: Tyranitar|Tyranitar, M|100/100
|-weather|Sandstorm|[from] ability: Sand Stream|[of] p2a: Tyranitar
|turn|14
|
|t:|1769308338
|move|p1a: Muerte|Roost|p1a: Muerte
|-heal|p1a: Muerte|64/100
|-singleturn|p1a: Muerte|move: Roost
|move|p2a: Tyranitar|Stealth Rock|p1a: Muerte
|-sidestart|p1: k4nxys|move: Stealth Rock
|
|-weather|Sandstorm|[upkeep]
|upkeep
|turn|15
|
|t:|1769308346
|move|p1a: Muerte|Defog|p2a: Tyranitar
|-unboost|p2a: Tyranitar|evasion|1
|-sideend|p1: k4nxys|Stealth Rock|[from] move: Defog|[of] p1a: Muerte
|move|p2a: Tyranitar|Rock Slide|p1a: Muerte
|-damage|p1a: Muerte|39/100
|
|-weather|Sandstorm|[upkeep]
|upkeep
|turn|16
|
|t:|1769308353
|move|p1a: Muerte|Roost|p1a: Muerte
|-heal|p1a: Muerte|89/100
|-singleturn|p1a: Muerte|move: Roost
|move|p2a: Tyranitar|Rock Slide|p1a: Muerte
|-resisted|p1a: Muerte
|-damage|p1a: Muerte|77/100
|
|-weather|Sandstorm|[upkeep]
|upkeep
|turn|17
|
|t:|1769308361
|-terastallize|p2a: Tyranitar|Rock
|move|p1a: Muerte|Body Press|p2a: Tyranitar
|-supereffective|p2a: Tyranitar
|-damage|p2a: Tyranitar|56/100
|move|p2a: Tyranitar|Rock Slide|p1a: Muerte
|-damage|p1a: Muerte|43/100
|
|-weather|Sandstorm|[upkeep]
|upkeep
|turn|18
|
|t:|1769308370
|move|p1a: Muerte|Roost|p1a: Muerte
|-heal|p1a: Muerte|93/100
|-singleturn|p1a: Muerte|move: Roost
|move|p2a: Tyranitar|Earthquake|p1a: Muerte
|-supereffective|p1a: Muerte
|-damage|p1a: Muerte|46/100
|
|-weather|Sandstorm|[upkeep]
|upkeep
|turn|19
|
|t:|1769308380
|move|p1a: Muerte|Body Press|p2a: Tyranitar
|-supereffective|p2a: Tyranitar
|-damage|p2a: Tyranitar|19/100
|move|p2a: Tyranitar|Rock Slide|p1a: Muerte
|-damage|p1a: Muerte|14/100
|
|-weather|Sandstorm|[upkeep]
|upkeep
|turn|20
|
|t:|1769308388
|move|p1a: Muerte|Body Press|p2a: Tyranitar
|-supereffective|p2a: Tyranitar
|-damage|p2a: Tyranitar|0 fnt
|faint|p2a: Tyranitar
|
|-weather|Sandstorm|[upkeep]
|upkeep
|
|t:|1769308397
|switch|p2a: Excadrill|Excadrill, F|100/100
|turn|21
|
|t:|1769308403
|move|p2a: Excadrill|Rock Slide|p1a: Muerte
|-damage|p1a: Muerte|0 fnt
|faint|p1a: Muerte
|
|-weather|none
|upkeep
|
|t:|1769308411
|switch|p1a: Ash|Greninja, M|53/100
|turn|22
|
|t:|1769308417
|move|p1a: Ash|Surf|p2a: Excadrill
|-start|p1a: Ash|typechange|Water|[from] ability: Protean
|-supereffective|p2a: Excadrill
|-enditem|p2a: Excadrill|Focus Sash
|-damage|p2a: Excadrill|1/100
|move|p2a: Excadrill|Drill Run|p1a: Ash
|-damage|p1a: Ash|0 fnt
|faint|p1a: Ash
|
|upkeep
|
|t:|1769308433
|switch|p1a: Carabin3|Zarude|21/100
|turn|23
|
|t:|1769308437
|move|p1a: Carabin3|Knock Off|p2a: Excadrill
|-damage|p2a: Excadrill|0 fnt
|faint|p2a: Excadrill
|
|upkeep
|
|t:|1769308440
|switch|p2a: Donphan|Donphan, M|90/100
|turn|24
|
|t:|1769308443
|move|p2a: Donphan|Ice Shard|p1a: Carabin3
|-supereffective|p1a: Carabin3
|-damage|p1a: Carabin3|0 fnt
|faint|p1a: Carabin3
|
|upkeep
|
|t:|1769308463
|switch|p1a: Angelito|Gengar, M|100/100
|turn|25
|
|t:|1769308481
|switch|p2a: Magnezone|Magnezone|65/100
|-terastallize|p1a: Angelito|Ghost
|move|p1a: Angelito|Shadow Ball|p2a: Magnezone
|-damage|p2a: Magnezone|7/100
|
|-heal|p2a: Magnezone|13/100|[from] item: Leftovers
|upkeep
|turn|26
|
|t:|1769308493
|move|p1a: Angelito|Shadow Ball|p2a: Magnezone
|-damage|p2a: Magnezone|0 fnt
|faint|p2a: Magnezone
|
|upkeep
|
|t:|1769308500
|switch|p2a: Corviknight|Corviknight, M|66/100
|turn|27
|
|t:|1769308509
|switch|p1a: UltimoHombre|Kingambit, M|100/100
|-activate|p1a: UltimoHombre|ability: Supreme Overlord
|-start|p1a: UltimoHombre|fallen4|[silent]
|move|p2a: Corviknight|Roost|p2a: Corviknight
|-heal|p2a: Corviknight|100/100
|-singleturn|p2a: Corviknight|move: Roost
|
|upkeep
|turn|28
|
|t:|1769308520
|move|p2a: Corviknight|U-turn|p1a: UltimoHombre
|-damage|p1a: UltimoHombre|90/100
|
|t:|1769308523
|switch|p2a: Donphan|Donphan, M|90/100|[from] U-turn
|move|p1a: UltimoHombre|Swords Dance|p1a: UltimoHombre
|-boost|p1a: UltimoHombre|atk|2
|
|-heal|p1a: UltimoHombre|96/100|[from] item: Leftovers
|upkeep
|turn|29
|
|t:|1769308531
|move|p1a: UltimoHombre|Sucker Punch|p2a: Donphan
|-crit|p2a: Donphan
|-damage|p2a: Donphan|0 fnt
|faint|p2a: Donphan
|
|-heal|p1a: UltimoHombre|100/100|[from] item: Leftovers
|upkeep
|-message|bobert002 forfeited.
|
|win|k4nxys
|raw|k4nxys's rating: 1133 &rarr; <strong>1160</strong><br />(+27 for winning)
|raw|bobert002's rating: 1160 &rarr; <strong>1133</strong><br />(-27 for losing)
|l|☆bobert002
|player|p2|
|l|☆k4nxys
|player|p1|
