|j|☆biggruse04
|j|☆Skayboy31
|t:|1769372177
|gametype|singles
|player|p1|biggruse04|lady-gen4|1092
|player|p2|Skayboy31|lucas|1125
|gen|9
|tier|[Gen 9] OU
|rated|
|rule|HP Percentage Mod: HP is shown in percentages
|rule|Endless Battle Clause: Forcing endless battles is banned
|rule|Species Clause: Limit one of each Pokémon
|rule|OHKO Clause: OHKO moves are banned
|rule|Evasion Items Clause: Evasion items are banned
|rule|Evasion Moves Clause: Evasion moves are banned
|rule|Evasion Abilities Clause: Evasion abilities are banned
|rule|Sleep Moves Clause: Sleep-inducing moves are banned
|clearpoke
|poke|p1|Zapdos-Galar|
|poke|p1|Ting-Lu|
|poke|p1|Iron Valiant|
|poke|p1|Cinderace, F|
|poke|p1|Quaquaval, M|
|poke|p1|Darkrai|
|poke|p2|Walking Wake|
|poke|p2|Amoonguss, F|
|poke|p2|Hatterene, F|
|poke|p2|Torkoal, F|
|poke|p2|Kingambit, M|
|poke|p2|Zamazenta-*|
|teampreview
|
|t:|1769372191
|teamsize|p1|6
|teamsize|p2|6
|start
|switch|p1a: Quaquaval|Quaquaval, M, shiny|100/100
|switch|p2a: Torkoal|Torkoal, F|100/100
|-weather|SunnyDay|[from] ability: Drought|[of] p2a: Torkoal
|turn|1
|
|t:|1769372199
|switch|p2a: Walking Wake|Walking Wake|100/100
|-activate|p2a: Walking Wake|ability: Protosynthesis
|-start|p2a: Walking Wake|protosynthesisspe
|move|p1a: Quaquaval|Close Combat|p2a: Walking Wake
|-crit|p2a: Walking Wake
|-damage|p2a: Walking Wake|0 fnt
|-unboost|p1a: Quaquaval|def|1
|-unboost|p1a: Quaquaval|spd|1
|faint|p2a: Walking Wake
|-end|p2a: Walking Wake|Protosynthesis|[silent]
|-ability|p1a: Quaquaval|Moxie|boost
|-boost|p1a: Quaquaval|atk|1
|-damage|p1a: Quaquaval|91/100|[from] item: Life Orb
|
|-weather|SunnyDay|[upkeep]
|upkeep
|
|t:|1769372218
|switch|p2a: Zamazenta|Zamazenta|100/100
|-ability|p2a: Zamazenta|Dauntless Shield|boost
|-boost|p2a: Zamazenta|def|1
|turn|2
|
|t:|1769372225
|move|p2a: Zamazenta|Psychic Fangs|p1a: Quaquaval
|-supereffective|p1a: Quaquaval
|-damage|p1a: Quaquaval|0 fnt
|faint|p1a: Quaquaval
|
|-weather|SunnyDay|[upkeep]
|upkeep
|
|t:|1769372236
|switch|p1a: Iron Valiant|Iron Valiant, shiny|100/100
|-enditem|p1a: Iron Valiant|Booster Energy
|-activate|p1a: Iron Valiant|ability: Quark Drive|[fromitem]
|-start|p1a: Iron Valiant|quarkdrivespe
|turn|3
|
|t:|1769372242
|move|p1a: Iron Valiant|Moonblast|p2a: Zamazenta
|-supereffective|p2a: Zamazenta
|-damage|p2a: Zamazenta|15/100
|move|p2a: Zamazenta|Psychic Fangs|p1a: Iron Valiant
|-supereffective|p1a: Iron Valiant
|-damage|p1a: Iron Valiant|22/100
|
|-weather|SunnyDay|[upkeep]
|-heal|p2a: Zamazenta|21/100|[from] item: Leftovers
|upkeep
|turn|4
|
|t:|1769372252
|move|p1a: Iron Valiant|Moonblast|p2a: Zamazenta
|-supereffective|p2a: Zamazenta
|-damage|p2a: Zamazenta|0 fnt
|faint|p2a: Zamazenta
|
|-weather|SunnyDay|[upkeep]
|upkeep
|
|t:|1769372262
|switch|p2a: Amoonguss|Amoonguss, F|100/100
|turn|5
|
|t:|1769372266
|move|p1a: Iron Valiant|Shadow Ball|p2a: Amoonguss
|-damage|p2a: Amoonguss|76/100
|-enditem|p2a: Amoonguss|Eject Button
|
|t:|1769372270
|switch|p2a: Hatterene|Hatterene, F|100/100
|
|-weather|SunnyDay|[upkeep]
|upkeep
|turn|6
|
|t:|1769372276
|move|p1a: Iron Valiant|Shadow Ball|p2a: Hatterene
|-supereffective|p2a: Hatterene
|-damage|p2a: Hatterene|44/100
|move|p2a: Hatterene|Psychic Noise|p1a: Iron Valiant
|-supereffective|p1a: Iron Valiant
|-damage|p1a: Iron Valiant|0 fnt
|faint|p1a: Iron Valiant
|-end|p1a: Iron Valiant|Quark Drive|[silent]
|
|-weather|SunnyDay|[upkeep]
|-heal|p2a: Hatterene|50/100|[from] item: Leftovers
|upkeep
|
|t:|1769372288
|switch|p1a: Cinderace|Cinderace, F|100/100
|turn|7
|
|t:|1769372294
|-terastallize|p2a: Hatterene|Water
|move|p1a: Cinderace|Pyro Ball|p2a: Hatterene
|-resisted|p2a: Hatterene
|-damage|p2a: Hatterene|0 fnt
|faint|p2a: Hatterene
|
|-weather|SunnyDay|[upkeep]
|upkeep
|
|t:|1769372303
|switch|p2a: Torkoal|Torkoal, F|100/100
|turn|8
|
|t:|1769372310
|move|p1a: Cinderace|Pyro Ball|p2a: Torkoal
|-resisted|p2a: Torkoal
|-damage|p2a: Torkoal|62/100
|move|p2a: Torkoal|Body Press|p1a: Cinderace
|-damage|p1a: Cinderace|51/100
|
|-weather|none
|upkeep
|turn|9
|
|t:|1769372318
|switch|p1a: Zapdos|Zapdos-Galar|100/100
|move|p2a: Torkoal|Body Press|p1a: Zapdos
|-resisted|p1a: Zapdos
|-damage|p1a: Zapdos|83/100
|
|upkeep
|turn|10
|
|t:|1769372324
|move|p1a: Zapdos|Bulk Up|p1a: Zapdos
|-boost|p1a: Zapdos|atk|1
|-boost|p1a: Zapdos|def|1
|move|p2a: Torkoal|Eruption|p1a: Zapdos
|-damage|p1a: Zapdos|50/100
|
|upkeep
|turn|11
|
|t:|1769372333
|move|p1a: Zapdos|Thunderous Kick|p2a: Torkoal
|-damage|p2a: Torkoal|25/100
|-unboost|p2a: Torkoal|def|1
|move|p2a: Torkoal|Stealth Rock|p1a: Zapdos
|-sidestart|p1: biggruse04|move: Stealth Rock
|
|upkeep
|turn|12
|
|t:|1769372341
|move|p1a: Zapdos|Thunderous Kick|p2a: Torkoal
|-damage|p2a: Torkoal|0 fnt
|faint|p2a: Torkoal
|
|upkeep
|
|t:|1769372346
|switch|p2a: Amoonguss|Amoonguss, F|100/100
|turn|13
|
|t:|1769372350
|move|p1a: Zapdos|Acrobatics|p2a: Amoonguss
|-supereffective|p2a: Amoonguss
|-damage|p2a: Amoonguss|32/100
|move|p2a: Amoonguss|Toxic|p1a: Zapdos
|-status|p1a: Zapdos|tox
|-enditem|p1a: Zapdos|Lum Berry|[eat]
|-curestatus|p1a: Zapdos|tox|[msg]
|
|upkeep
|turn|14
|
|t:|1769372361
|move|p1a: Zapdos|Acrobatics|p2a: Amoonguss
|-supereffective|p2a: Amoonguss
|-damage|p2a: Amoonguss|0 fnt
|faint|p2a: Amoonguss
|
|upkeep
|
|t:|1769372366
|switch|p2a: Kingambit|Kingambit, M|100/100
|-activate|p2a: Kingambit|ability: Supreme Overlord
|-start|p2a: Kingambit|fallen5|[silent]
|turn|15
|
|t:|1769372372
|move|p1a: Zapdos|Bulk Up|p1a: Zapdos
|-boost|p1a: Zapdos|atk|1
|-boost|p1a: Zapdos|def|1
|move|p2a: Kingambit|Swords Dance|p2a: Kingambit
|-boost|p2a: Kingambit|atk|2
|
|upkeep
|turn|16
|
|t:|1769372379
|move|p2a: Kingambit|Sucker Punch|p1a: Zapdos
|-resisted|p1a: Zapdos
|-damage|p1a: Zapdos|11/100
|move|p1a: Zapdos|Thunderous Kick|p2a: Kingambit
|-supereffective|p2a: Kingambit
|-damage|p2a: Kingambit|0 fnt
|faint|p2a: Kingambit
|-end|p2a: Kingambit|fallen5|[silent]
|
|win|biggruse04
|raw|biggruse04's rating: 1092 &rarr; <strong>1121</strong><br />(+29 for winning)
|raw|Skayboy31's rating: 1125 &rarr; <strong>1098</strong><br />(-27 for losing)
