|j|☆666123y
|j|☆Fear covraa
|t:|1769310104
|gametype|singles
|player|p1|666123y|265|1243
|player|p2|Fear covraa|waiter-gen4|1305
|gen|9
|tier|[Gen 9] OU
|rated|
|rule|HP Percentage Mod: HP is shown in percentages
|rule|Endless Battle Clause: Forcing endless battles is banned
|rule|Species Clause: Limit one of each Pokémon
|rule|OHKO Clause: OHKO moves are banned
|rule|Evasion Items Clause: Evasion items are banned
|rule|Evasion Moves Clause: Evasion moves are banned
|rule|Evasion Abilities Clause: Evasion abilities are banned
|rule|Sleep Moves Clause: Sleep-inducing moves are banned
|clearpoke
|poke|p1|Torkoal, M|
|poke|p1|Venusaur, F|
|poke|p1|Walking Wake|
|poke|p1|Great Tusk|
|poke|p1|Iron Moth|
|poke|p1|Espeon, F|
|poke|p2|Mabosstiff, M|
|poke|p2|Deoxys-Speed|
|poke|p2|Volcanion|
|poke|p2|Pecharunt|
|poke|p2|Iron Valiant|
|poke|p2|Landorus-Therian, M|
|teampreview
|inactive|Battle timer is ON: inactive players will automatically lose when time's up. (requested by Fear covraa)
|
|t:|1769310122
|teamsize|p1|6
|teamsize|p2|6
|start
|switch|p1a: Torkoal|Torkoal, M|100/100
|switch|p2a: Deoxys|Deoxys-Speed|100/100
|-ability|p2a: Deoxys|Pressure
|-weather|SunnyDay|[from] ability: Drought|[of] p1a: Torkoal
|turn|1
|
|t:|1769310128
|move|p2a: Deoxys|Spikes|p1a: Torkoal
|-sidestart|p1: 666123y|Spikes
|move|p1a: Torkoal|Rapid Spin|p2a: Deoxys
|-damage|p2a: Deoxys|86/100
|-boost|p1a: Torkoal|spe|1
|-sideend|p1: 666123y|Spikes|[from] move: Rapid Spin|[of] p1a: Torkoal
|
|-weather|SunnyDay|[upkeep]
|upkeep
|turn|2
|
|t:|1769310137
|switch|p1a: Espeon|Espeon, F|100/100
|move|p2a: Deoxys|Psycho Boost|p1a: Espeon
|-resisted|p1a: Espeon
|-damage|p1a: Espeon|65/100
|-unboost|p2a: Deoxys|spa|2
|-enditem|p2a: Deoxys|Eject Pack
|
|t:|1769310140
|switch|p2a: Mabosstiff|Mabosstiff, M|100/100
|-ability|p2a: Mabosstiff|Intimidate|boost
|-unboost|p1a: Espeon|atk|1
|
|-weather|SunnyDay|[upkeep]
|upkeep
|turn|3
|
|t:|1769310152
|switch|p1a: Great Tusk|Great Tusk|100/100
|-activate|p1a: Great Tusk|ability: Protosynthesis
|-start|p1a: Great Tusk|protosynthesisatk
|move|p2a: Mabosstiff|Jaw Lock|p1a: Great Tusk
|-resisted|p1a: Great Tusk
|-damage|p1a: Great Tusk|85/100
|-activate|p2a: Mabosstiff|trapped
|-activate|p1a: Great Tusk|trapped
|
|-weather|SunnyDay|[upkeep]
|-heal|p1a: Great Tusk|91/100|[from] item: Leftovers
|upkeep
|turn|4
|
|t:|1769310163
|-terastallize|p2a: Mabosstiff|Bug
|move|p1a: Great Tusk|Ice Spinner|p2a: Mabosstiff
|-damage|p2a: Mabosstiff|63/100
|-enditem|p2a: Mabosstiff|Kee Berry|[eat]
|-boost|p2a: Mabosstiff|def|1|[from] item: Kee Berry
|move|p2a: Mabosstiff|Trailblaze|p1a: Great Tusk
|-supereffective|p1a: Great Tusk
|-damage|p1a: Great Tusk|65/100
|-boost|p2a: Mabosstiff|spe|1
|
|-weather|SunnyDay|[upkeep]
|-heal|p1a: Great Tusk|71/100|[from] item: Leftovers
|upkeep
|turn|5
|
|t:|1769310188
|move|p2a: Mabosstiff|Hone Claws|p2a: Mabosstiff
|-boost|p2a: Mabosstiff|atk|1
|-boost|p2a: Mabosstiff|accuracy|1
|move|p1a: Great Tusk|Ice Spinner|p2a: Mabosstiff
|-damage|p2a: Mabosstiff|35/100
|
|-weather|SunnyDay|[upkeep]
|-heal|p1a: Great Tusk|77/100|[from] item: Leftovers
|upkeep
|turn|6
|
|t:|1769310198
|move|p2a: Mabosstiff|Trailblaze|p1a: Great Tusk
|-supereffective|p1a: Great Tusk
|-damage|p1a: Great Tusk|39/100
|-boost|p2a: Mabosstiff|spe|1
|move|p1a: Great Tusk|Rapid Spin|p2a: Mabosstiff
|-damage|p2a: Mabosstiff|19/100
|-boost|p1a: Great Tusk|spe|1
|
|-weather|SunnyDay|[upkeep]
|-heal|p1a: Great Tusk|45/100|[from] item: Leftovers
|upkeep
|turn|7
|
|t:|1769310207
|move|p1a: Great Tusk|Ice Spinner|p2a: Mabosstiff
|-damage|p2a: Mabosstiff|0 fnt
|faint|p2a: Mabosstiff
|
|-weather|SunnyDay|[upkeep]
|-heal|p1a: Great Tusk|51/100|[from] item: Leftovers
|upkeep
|
|t:|1769310213
|switch|p2a: Iron Valiant|Iron Valiant|100/100
|-enditem|p2a: Iron Valiant|Booster Energy
|-activate|p2a: Iron Valiant|ability: Quark Drive|[fromitem]
|-start|p2a: Iron Valiant|quarkdrivespe
|turn|8
|
|t:|1769310232
|-end|p1a: Great Tusk|Protosynthesis|[silent]
|switch|p1a: Iron Moth|Iron Moth|100/100
|-item|p1a: Iron Moth|Air Balloon
|move|p2a: Iron Valiant|Moonblast|p1a: Iron Moth
|-resisted|p1a: Iron Moth
|-damage|p1a: Iron Moth|90/100
|-enditem|p1a: Iron Moth|Air Balloon
|
|-weather|none
|upkeep
|turn|9
|
|t:|1769310243
|-end|p2a: Iron Valiant|Quark Drive|[silent]
|switch|p2a: Deoxys|Deoxys-Speed|86/100
|-ability|p2a: Deoxys|Pressure
|move|p1a: Iron Moth|Sludge Wave|p2a: Deoxys
|-damage|p2a: Deoxys|0 fnt
|faint|p2a: Deoxys
|
|upkeep
|
|t:|1769310258
|switch|p2a: Pecharunt|Pecharunt|100/100
|turn|10
|l|☆666123y
|inactive|666123y disconnected and has a minute to reconnect!
|player|p1|
|inactive|666123y has 30 seconds to reconnect!
|inactive|666123y has 20 seconds to reconnect!
|inactive|666123y has 15 seconds to reconnect!
|inactive|666123y has 10 seconds to reconnect!
|inactive|666123y has 5 seconds to reconnect!
|-message|666123y lost due to inactivity.
|
|win|Fear covraa
|raw|666123y's rating: 1243 &rarr; <strong>1222</strong><br />(-21 for losing)
|raw|Fear covraa's rating: 1305 &rarr; <strong>1321</strong><br />(+16 for winning)
|l|☆Fear covraa
|player|p2|
