|j|☆plokik
|j|☆Long Pen Island
|t:|1769322166
|gametype|singles
|player|p1|plokik|1|1360
|player|p2|Long Pen Island|crasherwake|1389
|gen|9
|tier|[Gen 9] OU
|rated|
|rule|HP Percentage Mod: HP is shown in percentages
|rule|Endless Battle Clause: Forcing endless battles is banned
|rule|Species Clause: Limit one of each Pokémon
|rule|OHKO Clause: OHKO moves are banned
|rule|Evasion Items Clause: Evasion items are banned
|rule|Evasion Moves Clause: Evasion moves are banned
|rule|Evasion Abilities Clause: Evasion abilities are banned
|rule|Sleep Moves Clause: Sleep-inducing moves are banned
|clearpoke
|poke|p1|Great Tusk|
|poke|p1|Slowking-Galar, M|
|poke|p1|Zapdos|
|poke|p1|Dragonite, F|
|poke|p1|Cinderace, M|
|poke|p1|Samurott-Hisui, F|
|poke|p2|Torkoal, F|
|poke|p2|Hatterene, F|
|poke|p2|Raging Bolt|
|poke|p2|Slither Wing|
|poke|p2|Venusaur, F|
|poke|p2|Walking Wake|
|teampreview
|inactive|Battle timer is ON: inactive players will automatically lose when time's up. (requested by Long Pen Island)
|
|t:|1769322204
|teamsize|p1|6
|teamsize|p2|6
|start
|switch|p1a: Dragonite|Dragonite, F|100/100
|switch|p2a: Torkoal|Torkoal, F|100/100
|-weather|SunnyDay|[from] ability: Drought|[of] p2a: Torkoal
|turn|1
|
|t:|1769322213
|move|p1a: Dragonite|Earthquake|p2a: Torkoal
|-supereffective|p2a: Torkoal
|-damage|p2a: Torkoal|1/100
|move|p2a: Torkoal|Eruption|p1a: Dragonite
|-resisted|p1a: Dragonite
|-damage|p1a: Dragonite|99/100
|
|-weather|SunnyDay|[upkeep]
|upkeep
|turn|2
|
|t:|1769322222
|switch|p2a: Hatterene|Hatterene, F|100/100
|-item|p2a: Hatterene|Air Balloon
|move|p1a: Dragonite|Earthquake|p2a: Hatterene
|-immune|p2a: Hatterene
|
|-weather|SunnyDay|[upkeep]
|upkeep
|turn|3
|
|t:|1769322232
|switch|p1a: Slowking|Slowking-Galar, M|100/100
|move|p2a: Hatterene|Dazzling Gleam|p1a: Slowking
|-resisted|p1a: Slowking
|-damage|p1a: Slowking|90/100
|
|-weather|SunnyDay|[upkeep]
|-heal|p1a: Slowking|96/100|[from] item: Leftovers
|upkeep
|turn|4
|
|t:|1769322244
|-prepare|p1a: Slowking|Chilly Reception|[premajor]
|move|p1a: Slowking|Chilly Reception|p1a: Slowking
|-weather|Snowscape
|
|t:|1769322254
|switch|p1a: Samurott|Samurott-Hisui, F|100/100|[from] Chilly Reception
|move|p2a: Hatterene|Psychic Noise|p1a: Samurott
|-immune|p1a: Samurott
|
|-weather|Snowscape|[upkeep]
|upkeep
|turn|5
|
|t:|1769322265
|switch|p1a: Slowking|Slowking-Galar, M|100/100
|move|p2a: Hatterene|Healing Wish|p2a: Hatterene
|faint|p2a: Hatterene
|
|-weather|Snowscape|[upkeep]
|upkeep
|
|t:|1769322271
|switch|p2a: Torkoal|Torkoal, F|1/100
|-heal|p2a: Torkoal|100/100|[from] move: Healing Wish
|-weather|SunnyDay|[from] ability: Drought|[of] p2a: Torkoal
|turn|6
|
|t:|1769322288
|-prepare|p1a: Slowking|Chilly Reception|[premajor]
|move|p1a: Slowking|Chilly Reception|p1a: Slowking
|-weather|Snowscape
|
|t:|1769322301
|switch|p1a: Dragonite|Dragonite, F|99/100|[from] Chilly Reception
|move|p2a: Torkoal|Eruption|p1a: Dragonite
|-resisted|p1a: Dragonite
|-damage|p1a: Dragonite|69/100
|
|-weather|Snowscape|[upkeep]
|upkeep
|turn|7
|
|t:|1769322313
|switch|p2a: Slither Wing|Slither Wing|100/100
|move|p1a: Dragonite|Earthquake|p2a: Slither Wing
|-resisted|p2a: Slither Wing
|-damage|p2a: Slither Wing|66/100
|
|-weather|Snowscape|[upkeep]
|upkeep
|turn|8
|
|t:|1769322327
|switch|p1a: Slowking|Slowking-Galar, M|100/100
|move|p2a: Slither Wing|U-turn|p1a: Slowking
|-damage|p1a: Slowking|55/100
|
|t:|1769322351
|-end|p2a: Slither Wing|Protosynthesis|[silent]
|switch|p2a: Raging Bolt|Raging Bolt|100/100|[from] U-turn
|
|-weather|Snowscape|[upkeep]
|-heal|p1a: Slowking|61/100|[from] item: Leftovers
|upkeep
|turn|9
|
|t:|1769322374
|switch|p1a: Dragonite|Dragonite, F|69/100
|move|p2a: Raging Bolt|Dragon Pulse|p1a: Dragonite
|-supereffective|p1a: Dragonite
|-damage|p1a: Dragonite|0 fnt
|faint|p1a: Dragonite
|-damage|p2a: Raging Bolt|91/100|[from] item: Life Orb
|
|-weather|Snowscape|[upkeep]
|upkeep
|inactive|plokik has 120 seconds left.
|
|t:|1769322387
|switch|p1a: Great Tusk|Great Tusk|100/100
|-enditem|p1a: Great Tusk|Booster Energy
|-activate|p1a: Great Tusk|ability: Protosynthesis|[fromitem]
|-start|p1a: Great Tusk|protosynthesisatk
|turn|10
|inactive|plokik has 120 seconds left.
|
|t:|1769322399
|-terastallize|p2a: Raging Bolt|Ghost
|move|p2a: Raging Bolt|Weather Ball|p1a: Great Tusk
|-supereffective|p1a: Great Tusk
|-damage|p1a: Great Tusk|0 fnt
|faint|p1a: Great Tusk
|-end|p1a: Great Tusk|Protosynthesis|[silent]
|-damage|p2a: Raging Bolt|81/100|[from] item: Life Orb
|
|-weather|none
|upkeep
|inactive|plokik has 120 seconds left.
|
|t:|1769322410
|switch|p1a: Samurott|Samurott-Hisui, F|100/100
|turn|11
|inactive|plokik has 120 seconds left.
|
|t:|1769322419
|-terastallize|p1a: Samurott|Poison
|move|p2a: Raging Bolt|Thunderclap|p1a: Samurott
|-damage|p1a: Samurott|25/100
|-damage|p2a: Raging Bolt|71/100|[from] item: Life Orb
|move|p1a: Samurott|Ceaseless Edge|p2a: Raging Bolt
|-supereffective|p2a: Raging Bolt
|-damage|p2a: Raging Bolt|0 fnt
|-sidestart|p2: Long Pen Island|Spikes
|faint|p2a: Raging Bolt
|-end|p2a: Raging Bolt|Protosynthesis|[silent]
|
|upkeep
|
|t:|1769322440
|switch|p2a: Slither Wing|Slither Wing|66/100
|-damage|p2a: Slither Wing|53/100|[from] Spikes
|turn|12
|
|t:|1769322446
|switch|p1a: Zapdos|Zapdos|100/100
|move|p2a: Slither Wing|First Impression|p1a: Zapdos
|-resisted|p1a: Zapdos
|-damage|p1a: Zapdos|81/100
|
|upkeep
|turn|13
|j| Clip4PF
|
|t:|1769322455
|-end|p2a: Slither Wing|Protosynthesis|[silent]
|switch|p2a: Torkoal|Torkoal, F|100/100
|-damage|p2a: Torkoal|88/100|[from] Spikes
|-weather|SunnyDay|[from] ability: Drought|[of] p2a: Torkoal
|move|p1a: Zapdos|U-turn|p2a: Torkoal
|-resisted|p2a: Torkoal
|-damage|p2a: Torkoal|82/100
|l| Clip4PF
|
|t:|1769322464
|switch|p1a: Slowking|Slowking-Galar, M|95/100|[from] U-turn
|
|-weather|SunnyDay|[upkeep]
|-heal|p1a: Slowking|100/100|[from] item: Leftovers
|upkeep
|turn|14
|
|t:|1769322472
|move|p1a: Slowking|Sludge Bomb|p2a: Torkoal
|-damage|p2a: Torkoal|38/100
|move|p2a: Torkoal|Overheat|p1a: Slowking
|-damage|p1a: Slowking|48/100
|-unboost|p2a: Torkoal|spa|2
|
|-weather|SunnyDay|[upkeep]
|-heal|p1a: Slowking|54/100|[from] item: Leftovers
|upkeep
|turn|15
|
|t:|1769322485
|-prepare|p1a: Slowking|Chilly Reception|[premajor]
|move|p1a: Slowking|Chilly Reception|p1a: Slowking
|-weather|Snowscape
|
|t:|1769322490
|switch|p1a: Cinderace|Cinderace, M|100/100|[from] Chilly Reception
|move|p2a: Torkoal|Stealth Rock|p1a: Cinderace
|-sidestart|p1: plokik|move: Stealth Rock
|
|-weather|Snowscape|[upkeep]
|upkeep
|turn|16
|
|t:|1769322500
|switch|p2a: Slither Wing|Slither Wing|53/100
|-damage|p2a: Slither Wing|41/100|[from] Spikes
|move|p1a: Cinderace|U-turn|p2a: Slither Wing
|-start|p1a: Cinderace|typechange|Bug|[from] ability: Libero
|-resisted|p2a: Slither Wing
|-damage|p2a: Slither Wing|19/100
|
|t:|1769322513
|switch|p1a: Zapdos|Zapdos|81/100|[from] U-turn
|
|-weather|Snowscape|[upkeep]
|upkeep
|turn|17
|
|t:|1769322521
|move|p2a: Slither Wing|U-turn|p1a: Zapdos
|-resisted|p1a: Zapdos
|-damage|p1a: Zapdos|65/100
|
|t:|1769322524
|-end|p2a: Slither Wing|Protosynthesis|[silent]
|switch|p2a: Torkoal|Torkoal, F|38/100|[from] U-turn
|-damage|p2a: Torkoal|26/100|[from] Spikes
|-weather|SunnyDay|[from] ability: Drought|[of] p2a: Torkoal
|move|p1a: Zapdos|U-turn|p2a: Torkoal
|-resisted|p2a: Torkoal
|-damage|p2a: Torkoal|20/100
|
|t:|1769322534
|switch|p1a: Slowking|Slowking-Galar, M|87/100|[from] U-turn
|-damage|p1a: Slowking|75/100|[from] Stealth Rock
|
|-weather|SunnyDay|[upkeep]
|-heal|p1a: Slowking|81/100|[from] item: Leftovers
|upkeep
|turn|18
|
|t:|1769322553
|switch|p2a: Venusaur|Venusaur, F|100/100
|-damage|p2a: Venusaur|88/100|[from] Spikes
|-prepare|p1a: Slowking|Chilly Reception|[premajor]
|move|p1a: Slowking|Chilly Reception|p1a: Slowking
|-weather|Snowscape
|
|t:|1769322561
|switch|p1a: Cinderace|Cinderace, M|100/100|[from] Chilly Reception
|
|-weather|Snowscape|[upkeep]
|upkeep
|turn|19
|
|t:|1769322570
|switch|p2a: Torkoal|Torkoal, F|20/100
|-damage|p2a: Torkoal|7/100|[from] Spikes
|-weather|SunnyDay|[from] ability: Drought|[of] p2a: Torkoal
|move|p1a: Cinderace|U-turn|p2a: Torkoal
|-start|p1a: Cinderace|typechange|Bug|[from] ability: Libero
|-resisted|p2a: Torkoal
|-damage|p2a: Torkoal|0 fnt
|faint|p2a: Torkoal
|
|t:|1769322581
|switch|p1a: Slowking|Slowking-Galar, M|100/100|[from] U-turn
|-damage|p1a: Slowking|88/100|[from] Stealth Rock
|
|-weather|SunnyDay|[upkeep]
|-heal|p1a: Slowking|94/100|[from] item: Leftovers
|upkeep
|
|t:|1769322588
|switch|p2a: Venusaur|Venusaur, F|88/100
|-damage|p2a: Venusaur|76/100|[from] Spikes
|turn|20
|
|t:|1769322603
|move|p2a: Venusaur|Growth|p2a: Venusaur
|-boost|p2a: Venusaur|atk|2
|-boost|p2a: Venusaur|spa|2
|-prepare|p1a: Slowking|Chilly Reception|[premajor]
|move|p1a: Slowking|Chilly Reception|p1a: Slowking
|-weather|Snowscape
|
|t:|1769322610
|switch|p1a: Cinderace|Cinderace, M|100/100|[from] Chilly Reception
|
|-weather|Snowscape|[upkeep]
|upkeep
|turn|21
|
|t:|1769322617
|move|p1a: Cinderace|Pyro Ball|p2a: Venusaur
|-supereffective|p2a: Venusaur
|-damage|p2a: Venusaur|0 fnt
|faint|p2a: Venusaur
|
|-weather|Snowscape|[upkeep]
|upkeep
|c|☆Long Pen Island|gg
|-message|Long Pen Island forfeited.
|
|win|plokik
|raw|plokik's rating: 1360 &rarr; <strong>1382</strong><br />(+22 for winning)
|raw|Long Pen Island's rating: 1389 &rarr; <strong>1367</strong><br />(-22 for losing)
|l|☆Long Pen Island
|player|p2|
