|j|☆CambridgeFoulPlay
|j|☆Mca player 11
|t:|1769340342
|gametype|singles
|player|p1|CambridgeFoulPlay|266|1712
|player|p2|Mca player 11|lucas|1641
|gen|9
|tier|[Gen 9] OU
|rated|
|rule|HP Percentage Mod: HP is shown in percentages
|rule|Endless Battle Clause: Forcing endless battles is banned
|rule|Species Clause: Limit one of each Pokémon
|rule|OHKO Clause: OHKO moves are banned
|rule|Evasion Items Clause: Evasion items are banned
|rule|Evasion Moves Clause: Evasion moves are banned
|rule|Evasion Abilities Clause: Evasion abilities are banned
|rule|Sleep Moves Clause: Sleep-inducing moves are banned
|clearpoke
|poke|p1|Hydrapple, M|
|poke|p1|Tyranitar, F|
|poke|p1|Moltres|
|poke|p1|Zamazenta-*|
|poke|p1|Slowking-Galar, M|
|poke|p1|Excadrill, F|
|poke|p2|Walking Wake|
|poke|p2|Ninetales, F|
|poke|p2|Lilligant-Hisui, F|
|poke|p2|Cresselia, F|
|poke|p2|Iron Moth|
|poke|p2|Great Tusk|
|teampreview
|c|☆CambridgeFoulPlay|hf
|inactive|Battle timer is ON: inactive players will automatically lose when time's up. (requested by CambridgeFoulPlay)
|c|☆Mca player 11|hf
|
|t:|1769340362
|teamsize|p1|6
|teamsize|p2|6
|start
|switch|p1a: Slowking|Slowking-Galar, M|100/100
|switch|p2a: Walking Wake|Walking Wake|100/100
|turn|1
|
|t:|1769340364
|-end|p2a: Walking Wake|Protosynthesis|[silent]
|switch|p2a: Great Tusk|Great Tusk|100/100
|move|p1a: Slowking|Sludge Bomb|p2a: Great Tusk
|-resisted|p2a: Great Tusk
|-damage|p2a: Great Tusk|80/100
|
|upkeep
|turn|2
|
|t:|1769340367
|move|p2a: Great Tusk|Stealth Rock|p1a: Slowking
|-sidestart|p1: CambridgeFoulPlay|move: Stealth Rock
|move|p1a: Slowking|Ice Beam|p2a: Great Tusk
|-supereffective|p2a: Great Tusk
|-damage|p2a: Great Tusk|19/100
|
|upkeep
|turn|3
|
|t:|1769340370
|switch|p1a: Zamazenta|Zamazenta|100/100
|-damage|p1a: Zamazenta|94/100|[from] Stealth Rock
|-ability|p1a: Zamazenta|Dauntless Shield|boost
|-boost|p1a: Zamazenta|def|1
|move|p2a: Great Tusk|Headlong Rush|p1a: Zamazenta
|-damage|p1a: Zamazenta|68/100
|-unboost|p2a: Great Tusk|def|1
|-unboost|p2a: Great Tusk|spd|1
|
|-heal|p1a: Zamazenta|75/100|[from] item: Leftovers
|upkeep
|turn|4
|
|t:|1769340374
|-end|p2a: Great Tusk|Protosynthesis|[silent]
|switch|p2a: Ninetales|Ninetales, F, shiny|100/100
|-weather|SunnyDay|[from] ability: Drought|[of] p2a: Ninetales
|move|p1a: Zamazenta|Iron Defense|p1a: Zamazenta
|-boost|p1a: Zamazenta|def|2
|
|-weather|SunnyDay|[upkeep]
|-heal|p1a: Zamazenta|81/100|[from] item: Leftovers
|upkeep
|turn|5
|
|t:|1769340376
|move|p1a: Zamazenta|Body Press|p2a: Ninetales
|-damage|p2a: Ninetales|0 fnt
|faint|p2a: Ninetales
|
|-weather|SunnyDay|[upkeep]
|-heal|p1a: Zamazenta|87/100|[from] item: Leftovers
|upkeep
|
|t:|1769340380
|switch|p2a: Iron Moth|Iron Moth|100/100
|-enditem|p2a: Iron Moth|Booster Energy
|-activate|p2a: Iron Moth|ability: Quark Drive|[fromitem]
|-start|p2a: Iron Moth|quarkdrivespe
|turn|6
|
|t:|1769340382
|switch|p1a: Tyranitar|Tyranitar, F|100/100
|-damage|p1a: Tyranitar|88/100|[from] Stealth Rock
|-weather|Sandstorm|[from] ability: Sand Stream|[of] p1a: Tyranitar
|move|p2a: Iron Moth|Fiery Dance|p1a: Tyranitar
|-resisted|p1a: Tyranitar
|-damage|p1a: Tyranitar|79/100
|
|-weather|Sandstorm|[upkeep]
|-damage|p2a: Iron Moth|94/100|[from] Sandstorm
|upkeep
|turn|7
|
|t:|1769340385
|-end|p2a: Iron Moth|Quark Drive|[silent]
|switch|p2a: Great Tusk|Great Tusk|19/100
|move|p1a: Tyranitar|Knock Off|p2a: Great Tusk
|-resisted|p2a: Great Tusk
|-damage|p2a: Great Tusk|6/100
|-damage|p1a: Tyranitar|62/100|[from] item: Rocky Helmet|[of] p2a: Great Tusk
|-enditem|p2a: Great Tusk|Rocky Helmet|[from] move: Knock Off|[of] p1a: Tyranitar
|
|-weather|Sandstorm|[upkeep]
|upkeep
|turn|8
|
|t:|1769340387
|switch|p1a: Excadrill|Excadrill, F|100/100
|-damage|p1a: Excadrill|97/100|[from] Stealth Rock
|-item|p1a: Excadrill|Air Balloon
|move|p2a: Great Tusk|Head Smash|p1a: Excadrill
|-resisted|p1a: Excadrill
|-damage|p1a: Excadrill|83/100
|-enditem|p1a: Excadrill|Air Balloon
|-damage|p2a: Great Tusk|0 fnt|[from] Recoil
|faint|p2a: Great Tusk
|-end|p2a: Great Tusk|Protosynthesis|[silent]
|
|-weather|Sandstorm|[upkeep]
|upkeep
|
|t:|1769340392
|switch|p2a: Iron Moth|Iron Moth|94/100
|turn|9
|
|t:|1769340394
|-end|p2a: Iron Moth|Quark Drive|[silent]
|switch|p2a: Cresselia|Cresselia, F|100/100
|move|p1a: Excadrill|Earthquake|p2a: Cresselia
|-immune|p2a: Cresselia|[from] ability: Levitate
|
|-weather|Sandstorm|[upkeep]
|-damage|p2a: Cresselia|94/100|[from] Sandstorm
|upkeep
|turn|10
|
|t:|1769340398
|move|p1a: Excadrill|Swords Dance|p1a: Excadrill
|-boost|p1a: Excadrill|atk|2
|move|p2a: Cresselia|Moonlight|p2a: Cresselia
|-heal|p2a: Cresselia|100/100
|
|-weather|Sandstorm|[upkeep]
|-damage|p2a: Cresselia|94/100|[from] Sandstorm
|upkeep
|turn|11
|
|t:|1769340401
|move|p1a: Excadrill|Rapid Spin|p2a: Cresselia
|-damage|p2a: Cresselia|74/100
|-boost|p1a: Excadrill|spe|1
|-sideend|p1: CambridgeFoulPlay|Stealth Rock|[from] move: Rapid Spin|[of] p1a: Excadrill
|-enditem|p2a: Cresselia|Eject Button
|
|t:|1769340404
|switch|p2a: Iron Moth|Iron Moth|94/100
|
|-weather|Sandstorm|[upkeep]
|-damage|p2a: Iron Moth|88/100|[from] Sandstorm
|upkeep
|turn|12
|
|t:|1769340406
|-end|p2a: Iron Moth|Quark Drive|[silent]
|switch|p2a: Cresselia|Cresselia, F|74/100
|move|p1a: Excadrill|Earthquake|p2a: Cresselia
|-immune|p2a: Cresselia|[from] ability: Levitate
|
|-weather|Sandstorm|[upkeep]
|-damage|p2a: Cresselia|68/100|[from] Sandstorm
|upkeep
|turn|13
|
|t:|1769340409
|move|p1a: Excadrill|Iron Head|p2a: Cresselia
|-damage|p2a: Cresselia|21/100
|move|p2a: Cresselia|Moonlight|p2a: Cresselia
|-heal|p2a: Cresselia|46/100
|
|-weather|none
|upkeep
|turn|14
|
|t:|1769340412
|move|p1a: Excadrill|Iron Head|p2a: Cresselia
|-damage|p2a: Cresselia|4/100
|move|p2a: Cresselia|Moonlight|p2a: Cresselia
|-heal|p2a: Cresselia|54/100
|
|upkeep
|turn|15
|
|t:|1769340414
|move|p1a: Excadrill|Iron Head|p2a: Cresselia
|-damage|p2a: Cresselia|6/100
|move|p2a: Cresselia|Moonlight|p2a: Cresselia
|-heal|p2a: Cresselia|56/100
|
|upkeep
|turn|16
|
|t:|1769340419
|-terastallize|p2a: Cresselia|Steel
|move|p1a: Excadrill|Iron Head|p2a: Cresselia
|-resisted|p2a: Cresselia
|-damage|p2a: Cresselia|34/100
|cant|p2a: Cresselia|flinch
|
|upkeep
|turn|17
|
|t:|1769340422
|move|p1a: Excadrill|Iron Head|p2a: Cresselia
|-resisted|p2a: Cresselia
|-damage|p2a: Cresselia|10/100
|move|p2a: Cresselia|Moonlight|p2a: Cresselia
|-heal|p2a: Cresselia|60/100
|
|upkeep
|turn|18
|
|t:|1769340424
|move|p1a: Excadrill|Swords Dance|p1a: Excadrill
|-boost|p1a: Excadrill|atk|2
|move|p2a: Cresselia|Moonlight|p2a: Cresselia
|-heal|p2a: Cresselia|100/100
|
|upkeep
|turn|19
|
|t:|1769340427
|move|p1a: Excadrill|Iron Head|p2a: Cresselia
|-resisted|p2a: Cresselia
|-damage|p2a: Cresselia|68/100
|move|p2a: Cresselia|Ice Beam|p1a: Excadrill
|-damage|p1a: Excadrill|63/100
|
|upkeep
|turn|20
|
|t:|1769340429
|move|p1a: Excadrill|Iron Head|p2a: Cresselia
|-resisted|p2a: Cresselia
|-damage|p2a: Cresselia|37/100
|cant|p2a: Cresselia|flinch
|
|upkeep
|turn|21
|
|t:|1769340432
|move|p1a: Excadrill|Iron Head|p2a: Cresselia
|-resisted|p2a: Cresselia
|-damage|p2a: Cresselia|5/100
|cant|p2a: Cresselia|flinch
|
|upkeep
|turn|22
|
|t:|1769340434
|move|p1a: Excadrill|Rapid Spin|p2a: Cresselia
|-resisted|p2a: Cresselia
|-damage|p2a: Cresselia|0 fnt
|-boost|p1a: Excadrill|spe|1
|faint|p2a: Cresselia
|
|upkeep
|
|t:|1769340436
|switch|p2a: Walking Wake|Walking Wake|100/100
|turn|23
|
|t:|1769340438
|move|p1a: Excadrill|Earthquake|p2a: Walking Wake
|-damage|p2a: Walking Wake|0 fnt
|faint|p2a: Walking Wake
|-end|p2a: Walking Wake|Protosynthesis|[silent]
|
|upkeep
|-message|Mca player 11 forfeited.
|
|win|CambridgeFoulPlay
|raw|CambridgeFoulPlay's rating: 1712 &rarr; <strong>1728</strong><br />(+16 for winning)
|raw|Mca player 11's rating: 1641 &rarr; <strong>1625</strong><br />(-16 for losing)
|c|☆CambridgeFoulPlay|gg
|l|☆Mca player 11
|player|p2|
|l|☆CambridgeFoulPlay
|player|p1|
