|j|☆neverstudyingever
|j|☆aldrich_unfaithful
|t:|1769354344
|gametype|singles
|player|p1|neverstudyingever|iris-gen5bw2|1635
|player|p2|aldrich_unfaithful|veteranf|1519
|gen|9
|tier|[Gen 9] OU
|rated|
|rule|HP Percentage Mod: HP is shown in percentages
|rule|Endless Battle Clause: Forcing endless battles is banned
|rule|Species Clause: Limit one of each Pokémon
|rule|OHKO Clause: OHKO moves are banned
|rule|Evasion Items Clause: Evasion items are banned
|rule|Evasion Moves Clause: Evasion moves are banned
|rule|Evasion Abilities Clause: Evasion abilities are banned
|rule|Sleep Moves Clause: Sleep-inducing moves are banned
|clearpoke
|poke|p1|Garchomp, M|
|poke|p1|Darkrai|
|poke|p1|Gholdengo|
|poke|p1|Ogerpon-Wellspring, F|
|poke|p1|Iron Valiant|
|poke|p1|Iron Treads|
|poke|p2|Slowking-Galar, F|
|poke|p2|Iron Valiant|
|poke|p2|Rotom|
|poke|p2|Ogerpon-Wellspring, F|
|poke|p2|Landorus-Therian, M|
|poke|p2|Kingambit, F|
|teampreview
|inactive|Battle timer is ON: inactive players will automatically lose when time's up. (requested by aldrich_unfaithful)
|inactive|neverstudyingever also wants the timer to be on.
|
|t:|1769354358
|teamsize|p1|6
|teamsize|p2|6
|start
|switch|p1a: Garchomp|Garchomp, M|100/100
|switch|p2a: Iron Valiant|Iron Valiant|100/100
|turn|1
|
|t:|1769354368
|switch|p1a: Iron Treads|Iron Treads|100/100
|move|p2a: Iron Valiant|Moonblast|p1a: Iron Treads
|-resisted|p1a: Iron Treads
|-damage|p1a: Iron Treads|77/100
|-unboost|p1a: Iron Treads|spa|1
|
|-heal|p1a: Iron Treads|83/100|[from] item: Leftovers
|upkeep
|turn|2
|inactive|neverstudyingever has 120 seconds left.
|
|t:|1769354420
|-end|p1a: Iron Treads|Quark Drive|[silent]
|switch|p1a: Gholdengo|Gholdengo|100/100
|-item|p1a: Gholdengo|Air Balloon
|move|p2a: Iron Valiant|Close Combat|p1a: Gholdengo
|-immune|p1a: Gholdengo
|
|upkeep
|turn|3
|
|t:|1769354430
|-end|p2a: Iron Valiant|Quark Drive|[silent]
|switch|p2a: Ogerpon|Ogerpon-Wellspring, F|100/100
|move|p1a: Gholdengo|Thunder Wave|p2a: Ogerpon
|-status|p2a: Ogerpon|par
|
|upkeep
|turn|4
|
|t:|1769354447
|switch|p1a: Garchomp|Garchomp, M|100/100
|move|p2a: Ogerpon|Knock Off|p1a: Garchomp
|-damage|p1a: Garchomp|78/100
|-damage|p2a: Ogerpon|88/100 par|[from] ability: Rough Skin|[of] p1a: Garchomp
|-damage|p2a: Ogerpon|72/100 par|[from] item: Rocky Helmet|[of] p1a: Garchomp
|-enditem|p1a: Garchomp|Rocky Helmet|[from] move: Knock Off|[of] p2a: Ogerpon
|
|upkeep
|turn|5
|
|t:|1769354458
|move|p1a: Garchomp|Stealth Rock|p2a: Ogerpon
|-sidestart|p2: aldrich_unfaithful|move: Stealth Rock
|move|p2a: Ogerpon|Swords Dance|p2a: Ogerpon
|-boost|p2a: Ogerpon|atk|2
|
|upkeep
|turn|6
|
|t:|1769354461
|move|p2a: Ogerpon|Ivy Cudgel|p1a: Garchomp|[anim] Ivy Cudgel Water
|-damage|p1a: Garchomp|1/100
|move|p1a: Garchomp|Dragon Tail|p2a: Ogerpon
|-damage|p2a: Ogerpon|35/100 par
|drag|p2a: Iron Valiant|Iron Valiant|100/100
|-damage|p2a: Iron Valiant|94/100|[from] Stealth Rock
|
|upkeep
|turn|7
|inactive|neverstudyingever has 120 seconds left.
|
|t:|1769354473
|move|p2a: Iron Valiant|Moonblast|p1a: Garchomp
|-supereffective|p1a: Garchomp
|-damage|p1a: Garchomp|0 fnt
|faint|p1a: Garchomp
|
|upkeep
|
|t:|1769354477
|switch|p1a: Gholdengo|Gholdengo|100/100
|-item|p1a: Gholdengo|Air Balloon
|turn|8
|
|t:|1769354483
|-end|p2a: Iron Valiant|Quark Drive|[silent]
|switch|p2a: Landorus|Landorus-Therian, M|100/100
|-damage|p2a: Landorus|88/100|[from] Stealth Rock
|-ability|p2a: Landorus|Intimidate|boost
|-unboost|p1a: Gholdengo|atk|1
|move|p1a: Gholdengo|Make It Rain|p2a: Landorus
|-damage|p2a: Landorus|16/100
|-unboost|p1a: Gholdengo|spa|1
|
|upkeep
|turn|9
|
|t:|1769354492
|move|p2a: Landorus|U-turn|p1a: Gholdengo
|-resisted|p1a: Gholdengo
|-damage|p1a: Gholdengo|96/100
|-enditem|p1a: Gholdengo|Air Balloon
|
|t:|1769354499
|switch|p2a: Ogerpon|Ogerpon-Wellspring, F|35/100 par|[from] U-turn
|-damage|p2a: Ogerpon|22/100 par|[from] Stealth Rock
|move|p1a: Gholdengo|Thunder Wave|p2a: Ogerpon
|-fail|p2a: Ogerpon|par
|
|upkeep
|turn|10
|
|t:|1769354504
|move|p1a: Gholdengo|Hex|p2a: Ogerpon
|-damage|p2a: Ogerpon|0 fnt
|faint|p2a: Ogerpon
|
|upkeep
|
|t:|1769354508
|switch|p2a: Kingambit|Kingambit, F|100/100
|-damage|p2a: Kingambit|94/100|[from] Stealth Rock
|-activate|p2a: Kingambit|ability: Supreme Overlord
|-start|p2a: Kingambit|fallen1|[silent]
|turn|11
|
|t:|1769354516
|switch|p1a: Iron Treads|Iron Treads|83/100
|move|p2a: Kingambit|Kowtow Cleave|p1a: Iron Treads
|-damage|p1a: Iron Treads|35/100
|
|-heal|p1a: Iron Treads|41/100|[from] item: Leftovers
|-heal|p2a: Kingambit|100/100|[from] item: Leftovers
|upkeep
|turn|12
|
|t:|1769354527
|-end|p2a: Kingambit|fallen1|[silent]
|switch|p2a: Rotom|Rotom|100/100
|-damage|p2a: Rotom|88/100|[from] Stealth Rock
|move|p1a: Iron Treads|Earthquake|p2a: Rotom
|-immune|p2a: Rotom|[from] ability: Levitate
|
|-heal|p1a: Iron Treads|47/100|[from] item: Leftovers
|upkeep
|turn|13
|inactive|neverstudyingever has 120 seconds left.
|
|t:|1769354570
|move|p1a: Iron Treads|Knock Off|p2a: Rotom
|-supereffective|p2a: Rotom
|-enditem|p2a: Rotom|Colbur Berry|[eat]
|-enditem|p2a: Rotom|Colbur Berry|[weaken]
|-damage|p2a: Rotom|54/100
|move|p2a: Rotom|Will-O-Wisp|p1a: Iron Treads
|-status|p1a: Iron Treads|brn
|
|-heal|p1a: Iron Treads|53/100 brn|[from] item: Leftovers
|-damage|p1a: Iron Treads|47/100 brn|[from] brn
|upkeep
|turn|14
|
|t:|1769354579
|move|p1a: Iron Treads|Knock Off|p2a: Rotom
|-supereffective|p2a: Rotom
|-damage|p2a: Rotom|33/100
|move|p2a: Rotom|Pain Split|p1a: Iron Treads
|-sethp|p1a: Iron Treads|36/100 brn|[from] move: Pain Split|[silent]
|-sethp|p2a: Rotom|48/100|[from] move: Pain Split
|
|-heal|p1a: Iron Treads|42/100 brn|[from] item: Leftovers
|-damage|p1a: Iron Treads|36/100 brn|[from] brn
|upkeep
|turn|15
|inactive|neverstudyingever has 120 seconds left.
|
|t:|1769354587
|-end|p1a: Iron Treads|Quark Drive|[silent]
|switch|p1a: Darkrai|Darkrai|100/100
|move|p2a: Rotom|Hex|p1a: Darkrai
|-resisted|p1a: Darkrai
|-damage|p1a: Darkrai|84/100
|
|upkeep
|turn|16
|
|t:|1769354593
|move|p1a: Darkrai|Dark Pulse|p2a: Rotom
|-supereffective|p2a: Rotom
|-damage|p2a: Rotom|0 fnt
|faint|p2a: Rotom
|
|upkeep
|inactive|aldrich_unfaithful has 120 seconds left.
|
|t:|1769354628
|switch|p2a: Landorus|Landorus-Therian, M|16/100
|-damage|p2a: Landorus|4/100|[from] Stealth Rock
|-ability|p2a: Landorus|Intimidate|boost
|-unboost|p1a: Darkrai|atk|1
|turn|17
|inactive|neverstudyingever has 120 seconds left.
|
|t:|1769354661
|switch|p1a: Iron Treads|Iron Treads|36/100 brn
|move|p2a: Landorus|U-turn|p1a: Iron Treads
|-resisted|p1a: Iron Treads
|-damage|p1a: Iron Treads|25/100 brn
|
|t:|1769354666
|switch|p2a: Kingambit|Kingambit, F|100/100|[from] U-turn
|-damage|p2a: Kingambit|94/100|[from] Stealth Rock
|-activate|p2a: Kingambit|ability: Supreme Overlord
|-start|p2a: Kingambit|fallen2|[silent]
|
|-heal|p1a: Iron Treads|31/100 brn|[from] item: Leftovers
|-heal|p2a: Kingambit|100/100|[from] item: Leftovers
|-damage|p1a: Iron Treads|25/100 brn|[from] brn
|upkeep
|turn|18
|
|t:|1769354674
|-end|p1a: Iron Treads|Quark Drive|[silent]
|switch|p1a: Iron Valiant|Iron Valiant|100/100
|-enditem|p1a: Iron Valiant|Booster Energy
|-activate|p1a: Iron Valiant|ability: Quark Drive|[fromitem]
|-start|p1a: Iron Valiant|quarkdrivespe
|-terastallize|p2a: Kingambit|Fairy
|move|p2a: Kingambit|Swords Dance|p2a: Kingambit
|-boost|p2a: Kingambit|atk|2
|
|upkeep
|turn|19
|
|t:|1769354678
|move|p1a: Iron Valiant|Encore|p2a: Kingambit
|-start|p2a: Kingambit|Encore
|move|p2a: Kingambit|Swords Dance|p2a: Kingambit
|-boost|p2a: Kingambit|atk|2
|
|upkeep
|turn|20
|
|t:|1769354687
|-end|p2a: Kingambit|fallen2|[silent]
|switch|p2a: Slowking|Slowking-Galar, F|100/100
|move|p1a: Iron Valiant|Thunderbolt|p2a: Slowking
|-damage|p2a: Slowking|81/100
|
|upkeep
|turn|21
|
|t:|1769354694
|-end|p1a: Iron Valiant|Quark Drive|[silent]
|switch|p1a: Iron Treads|Iron Treads|25/100 brn
|move|p2a: Slowking|Psychic Noise|p1a: Iron Treads
|-resisted|p1a: Iron Treads
|-damage|p1a: Iron Treads|11/100 brn
|-start|p1a: Iron Treads|move: Heal Block
|
|-damage|p1a: Iron Treads|5/100 brn|[from] brn
|upkeep
|turn|22
|
|t:|1769354705
|move|p1a: Iron Treads|Knock Off|p2a: Slowking
|-supereffective|p2a: Slowking
|-damage|p2a: Slowking|54/100
|-enditem|p2a: Slowking|Heavy-Duty Boots|[from] move: Knock Off|[of] p1a: Iron Treads
|move|p2a: Slowking|Future Sight|p1a: Iron Treads
|-start|p2a: Slowking|move: Future Sight
|
|-damage|p1a: Iron Treads|0 fnt|[from] brn
|faint|p1a: Iron Treads
|-end|p1a: Iron Treads|Quark Drive|[silent]
|upkeep
|
|t:|1769354711
|switch|p1a: Darkrai|Darkrai|84/100
|turn|23
|
|t:|1769354715
|move|p1a: Darkrai|Dark Pulse|p2a: Slowking
|-supereffective|p2a: Slowking
|-damage|p2a: Slowking|6/100
|move|p2a: Slowking|Focus Blast|p1a: Darkrai
|-supereffective|p1a: Darkrai
|-damage|p1a: Darkrai|0 fnt
|faint|p1a: Darkrai
|
|upkeep
|
|t:|1769354724
|switch|p1a: Ogerpon|Ogerpon-Wellspring, F|100/100
|turn|24
|
|t:|1769354728
|switch|p2a: Landorus|Landorus-Therian, M|4/100
|-damage|p2a: Landorus|0 fnt|[from] Stealth Rock
|faint|p2a: Landorus
|move|p1a: Ogerpon|Trailblaze|p2: Landorus|[notarget]
|-fail|p1a: Ogerpon
|
|-end|p1a: Ogerpon|move: Future Sight
|-damage|p1a: Ogerpon|56/100
|upkeep
|
|t:|1769354743
|switch|p2a: Kingambit|Kingambit, F, tera:Fairy|100/100
|-damage|p2a: Kingambit|88/100|[from] Stealth Rock
|-activate|p2a: Kingambit|ability: Supreme Overlord
|-start|p2a: Kingambit|fallen3|[silent]
|turn|25
|
|t:|1769354754
|move|p1a: Ogerpon|Ivy Cudgel|p2a: Kingambit|[anim] Ivy Cudgel Water
|-damage|p2a: Kingambit|51/100
|move|p2a: Kingambit|Swords Dance|p2a: Kingambit
|-boost|p2a: Kingambit|atk|2
|
|-heal|p2a: Kingambit|57/100|[from] item: Leftovers
|upkeep
|turn|26
|
|t:|1769354762
|move|p2a: Kingambit|Sucker Punch|p1a: Ogerpon
|-damage|p1a: Ogerpon|0 fnt
|faint|p1a: Ogerpon
|
|-heal|p2a: Kingambit|63/100|[from] item: Leftovers
|upkeep
|
|t:|1769354764
|switch|p1a: Iron Valiant|Iron Valiant|100/100
|turn|27
|
|t:|1769354768
|-end|p2a: Kingambit|fallen3|[silent]
|switch|p2a: Slowking|Slowking-Galar, F|40/100
|-damage|p2a: Slowking|27/100|[from] Stealth Rock
|move|p1a: Iron Valiant|Encore||[still]
|-fail|p1a: Iron Valiant
|
|upkeep
|turn|28
|
|t:|1769354780
|switch|p2a: Kingambit|Kingambit, F, tera:Fairy|63/100
|-damage|p2a: Kingambit|51/100|[from] Stealth Rock
|-activate|p2a: Kingambit|ability: Supreme Overlord
|-start|p2a: Kingambit|fallen3|[silent]
|-terastallize|p1a: Iron Valiant|Electric
|move|p1a: Iron Valiant|Calm Mind|p1a: Iron Valiant
|-boost|p1a: Iron Valiant|spa|1
|-boost|p1a: Iron Valiant|spd|1
|
|-heal|p2a: Kingambit|57/100|[from] item: Leftovers
|upkeep
|turn|29
|
|t:|1769354788
|move|p1a: Iron Valiant|Thunderbolt|p2a: Kingambit
|-damage|p2a: Kingambit|0 fnt
|faint|p2a: Kingambit
|-end|p2a: Kingambit|fallen3|[silent]
|
|upkeep
|
|t:|1769354800
|switch|p2a: Slowking|Slowking-Galar, F|61/100
|-damage|p2a: Slowking|48/100|[from] Stealth Rock
|turn|30
|
|t:|1769354806
|move|p1a: Iron Valiant|Thunderbolt|p2a: Slowking
|-damage|p2a: Slowking|9/100
|move|p2a: Slowking|Psychic Noise|p1a: Iron Valiant
|-damage|p1a: Iron Valiant|67/100
|-start|p1a: Iron Valiant|move: Heal Block
|
|upkeep
|turn|31
|
|t:|1769354813
|move|p1a: Iron Valiant|Thunderbolt|p2a: Slowking
|-damage|p2a: Slowking|0 fnt
|faint|p2a: Slowking
|
|-end|p1a: Iron Valiant|move: Heal Block
|upkeep
|
|t:|1769354814
|switch|p2a: Iron Valiant|Iron Valiant|94/100
|-damage|p2a: Iron Valiant|88/100|[from] Stealth Rock
|turn|32
|
|t:|1769354817
|move|p1a: Iron Valiant|Moonblast|p2a: Iron Valiant
|-supereffective|p2a: Iron Valiant
|-damage|p2a: Iron Valiant|0 fnt
|faint|p2a: Iron Valiant
|-end|p2a: Iron Valiant|Quark Drive|[silent]
|
|win|neverstudyingever
|raw|neverstudyingever's rating: 1635 &rarr; <strong>1649</strong><br />(+14 for winning)
|raw|aldrich_unfaithful's rating: 1519 &rarr; <strong>1505</strong><br />(-14 for losing)
|l|☆aldrich_unfaithful
|player|p2|
