|j|☆amigojpes
|j|☆Sceptile Waton
|t:|1769319056
|gametype|singles
|player|p1|amigojpes|roxie|1174
|player|p2|Sceptile Waton|blue|1227
|gen|9
|tier|[Gen 9] OU
|rated|
|rule|HP Percentage Mod: HP is shown in percentages
|rule|Endless Battle Clause: Forcing endless battles is banned
|rule|Species Clause: Limit one of each Pokémon
|rule|OHKO Clause: OHKO moves are banned
|rule|Evasion Items Clause: Evasion items are banned
|rule|Evasion Moves Clause: Evasion moves are banned
|rule|Evasion Abilities Clause: Evasion abilities are banned
|rule|Sleep Moves Clause: Sleep-inducing moves are banned
|clearpoke
|poke|p1|Torkoal, M|
|poke|p1|Walking Wake|
|poke|p1|Lilligant-Hisui, F|
|poke|p1|Charizard, M|
|poke|p1|Gliscor, M|
|poke|p1|Clodsire, M|
|poke|p2|Dragonite, F|
|poke|p2|Samurott-Hisui, F|
|poke|p2|Clefable, M|
|poke|p2|Gliscor, F|
|poke|p2|Gholdengo|
|poke|p2|Zamazenta-*|
|teampreview
|inactive|Battle timer is ON: inactive players will automatically lose when time's up. (requested by amigojpes)
|
|t:|1769319078
|teamsize|p1|6
|teamsize|p2|6
|start
|switch|p1a: Torkoal|Torkoal, M|100/100
|switch|p2a: Samurott|Samurott-Hisui, F|100/100
|-weather|SunnyDay|[from] ability: Drought|[of] p1a: Torkoal
|turn|1
|
|t:|1769319091
|move|p2a: Samurott|Ceaseless Edge|p1a: Torkoal
|-damage|p1a: Torkoal|66/100
|-sidestart|p1: amigojpes|Spikes
|move|p1a: Torkoal|Will-O-Wisp|p2a: Samurott
|-status|p2a: Samurott|brn
|
|-weather|SunnyDay|[upkeep]
|-damage|p2a: Samurott|94/100 brn|[from] brn
|upkeep
|turn|2
|
|t:|1769319112
|move|p2a: Samurott|Ceaseless Edge|p1a: Torkoal
|-damage|p1a: Torkoal|48/100
|-sidestart|p1: amigojpes|Spikes
|move|p1a: Torkoal|Rapid Spin|p2a: Samurott
|-damage|p2a: Samurott|85/100 brn
|-boost|p1a: Torkoal|spe|1
|-sideend|p1: amigojpes|Spikes|[from] move: Rapid Spin|[of] p1a: Torkoal
|
|-weather|SunnyDay|[upkeep]
|-damage|p2a: Samurott|79/100 brn|[from] brn
|upkeep
|turn|3
|
|t:|1769319127
|switch|p1a: Lilligant|Lilligant-Hisui, F|100/100
|move|p2a: Samurott|Razor Shell|p1a: Lilligant
|-resisted|p1a: Lilligant
|-damage|p1a: Lilligant|89/100
|
|-weather|SunnyDay|[upkeep]
|-damage|p2a: Samurott|73/100 brn|[from] brn
|upkeep
|turn|4
|
|t:|1769319149
|switch|p2a: Gholdengo|Gholdengo|100/100
|move|p1a: Lilligant|Solar Beam||[still]
|-prepare|p1a: Lilligant|Solar Beam
|-anim|p1a: Lilligant|Solar Beam|p2a: Gholdengo
|-resisted|p2a: Gholdengo
|-damage|p2a: Gholdengo|87/100
|
|-weather|SunnyDay|[upkeep]
|upkeep
|turn|5
|
|t:|1769319169
|-terastallize|p1a: Lilligant|Fire
|move|p1a: Lilligant|Tera Blast|p2a: Gholdengo|[anim] Tera Blast Fire
|-supereffective|p2a: Gholdengo
|-damage|p2a: Gholdengo|0 fnt
|faint|p2a: Gholdengo
|
|-weather|SunnyDay|[upkeep]
|upkeep
|inactive|Sceptile Waton has 120 seconds left.
|
|t:|1769319181
|switch|p2a: Zamazenta|Zamazenta|100/100
|-ability|p2a: Zamazenta|Dauntless Shield|boost
|-boost|p2a: Zamazenta|def|1
|turn|6
|
|t:|1769319186
|switch|p1a: Clodsire|Clodsire, M|100/100
|move|p2a: Zamazenta|Body Press|p1a: Clodsire
|-resisted|p1a: Clodsire
|-damage|p1a: Clodsire|72/100
|
|-weather|SunnyDay|[upkeep]
|upkeep
|turn|7
|inactive|Sceptile Waton has 120 seconds left.
|
|t:|1769319209
|switch|p2a: Gliscor|Gliscor, F|100/100
|move|p1a: Clodsire|Toxic|p2a: Gliscor
|-status|p2a: Gliscor|tox
|
|-weather|SunnyDay|[upkeep]
|upkeep
|turn|8
|inactive|Sceptile Waton has 120 seconds left.
|
|t:|1769319228
|move|p2a: Gliscor|Facade|p1a: Clodsire
|-damage|p1a: Clodsire|39/100
|move|p1a: Clodsire|Recover|p1a: Clodsire
|-heal|p1a: Clodsire|89/100
|
|-weather|none
|upkeep
|turn|9
|
|t:|1769319237
|switch|p1a: Torkoal|Torkoal, M|48/100
|-weather|SunnyDay|[from] ability: Drought|[of] p1a: Torkoal
|move|p2a: Gliscor|Swords Dance|p2a: Gliscor
|-boost|p2a: Gliscor|atk|2
|
|-weather|SunnyDay|[upkeep]
|upkeep
|turn|10
|
|t:|1769319247
|switch|p1a: Clodsire|Clodsire, M|89/100
|move|p2a: Gliscor|Swords Dance|p2a: Gliscor
|-boost|p2a: Gliscor|atk|2
|
|-weather|SunnyDay|[upkeep]
|upkeep
|turn|11
|
|t:|1769319253
|-terastallize|p2a: Gliscor|Normal
|move|p2a: Gliscor|Facade|p1a: Clodsire
|-damage|p1a: Clodsire|0 fnt
|faint|p1a: Clodsire
|
|-weather|SunnyDay|[upkeep]
|upkeep
|
|t:|1769319257
|switch|p1a: Lilligant|Lilligant-Hisui, F, tera:Fire|89/100
|turn|12
|
|t:|1769319261
|move|p1a: Lilligant|Triple Axel|p2a: Gliscor
|-damage|p2a: Gliscor|95/100 tox
|-damage|p2a: Gliscor|85/100 tox
|-hitcount|p2a: Gliscor|2
|move|p2a: Gliscor|Facade|p1a: Lilligant
|-damage|p1a: Lilligant|0 fnt
|faint|p1a: Lilligant
|
|-weather|SunnyDay|[upkeep]
|-heal|p2a: Gliscor|98/100 tox|[from] ability: Poison Heal
|upkeep
|
|t:|1769319265
|switch|p1a: Walking Wake|Walking Wake|100/100
|-activate|p1a: Walking Wake|ability: Protosynthesis
|-start|p1a: Walking Wake|protosynthesisspa
|turn|13
|
|t:|1769319288
|move|p1a: Walking Wake|Hydro Steam|p2a: Gliscor
|-damage|p2a: Gliscor|0 fnt
|faint|p2a: Gliscor
|
|-weather|SunnyDay|[upkeep]
|upkeep
|inactive|Sceptile Waton has 120 seconds left.
|
|t:|1769319307
|switch|p2a: Clefable|Clefable, M|100/100
|turn|14
|
|t:|1769319311
|move|p1a: Walking Wake|Hydro Steam|p2a: Clefable
|-damage|p2a: Clefable|0 fnt
|faint|p2a: Clefable
|
|-weather|SunnyDay|[upkeep]
|upkeep
|
|t:|1769319317
|switch|p2a: Dragonite|Dragonite, F|100/100
|turn|15
|
|t:|1769319326
|-end|p1a: Walking Wake|Protosynthesis|[silent]
|switch|p1a: Gliscor|Gliscor, M|100/100
|move|p2a: Dragonite|Dragon Dance|p2a: Dragonite
|-boost|p2a: Dragonite|atk|1
|-boost|p2a: Dragonite|spe|1
|
|-weather|SunnyDay|[upkeep]
|-status|p1a: Gliscor|tox|[from] item: Toxic Orb
|upkeep
|turn|16
|
|t:|1769319341
|move|p2a: Dragonite|Dragon Dance|p2a: Dragonite
|-boost|p2a: Dragonite|atk|1
|-boost|p2a: Dragonite|spe|1
|move|p1a: Gliscor|Knock Off|p2a: Dragonite
|-damage|p2a: Dragonite|86/100
|-enditem|p2a: Dragonite|Heavy-Duty Boots|[from] move: Knock Off|[of] p1a: Gliscor
|
|-weather|none
|upkeep
|turn|17
|
|t:|1769319364
|move|p2a: Dragonite|Extreme Speed|p1a: Gliscor
|-damage|p1a: Gliscor|41/100 tox
|move|p1a: Gliscor|Facade|p2a: Dragonite
|-damage|p2a: Dragonite|45/100
|
|-heal|p1a: Gliscor|53/100 tox|[from] ability: Poison Heal
|upkeep
|turn|18
|
|t:|1769319373
|move|p2a: Dragonite|Extreme Speed|p1a: Gliscor
|-damage|p1a: Gliscor|0 fnt
|faint|p1a: Gliscor
|
|upkeep
|
|t:|1769319379
|switch|p1a: Charizard|Charizard, M|100/100
|turn|19
|inactive|Sceptile Waton has 120 seconds left.
|
|t:|1769319409
|move|p2a: Dragonite|Extreme Speed|p1a: Charizard
|-crit|p1a: Charizard
|-damage|p1a: Charizard|0 fnt
|faint|p1a: Charizard
|
|upkeep
|
|t:|1769319423
|switch|p1a: Walking Wake|Walking Wake|100/100
|turn|20
|
|t:|1769319437
|move|p2a: Dragonite|Extreme Speed|p1a: Walking Wake
|-damage|p1a: Walking Wake|38/100
|move|p1a: Walking Wake|Draco Meteor|p2a: Dragonite
|-supereffective|p2a: Dragonite
|-damage|p2a: Dragonite|0 fnt
|-unboost|p1a: Walking Wake|spa|2
|faint|p2a: Dragonite
|
|upkeep
|
|t:|1769319447
|switch|p2a: Zamazenta|Zamazenta|100/100
|turn|21
|
|t:|1769319456
|-end|p1a: Walking Wake|Protosynthesis|[silent]
|switch|p1a: Torkoal|Torkoal, M|48/100
|-weather|SunnyDay|[from] ability: Drought|[of] p1a: Torkoal
|move|p2a: Zamazenta|Iron Defense|p2a: Zamazenta
|-boost|p2a: Zamazenta|def|2
|
|-weather|SunnyDay|[upkeep]
|upkeep
|turn|22
|
|t:|1769319460
|move|p2a: Zamazenta|Body Press|p1a: Torkoal
|-damage|p1a: Torkoal|0 fnt
|faint|p1a: Torkoal
|
|-weather|SunnyDay|[upkeep]
|upkeep
|
|t:|1769319466
|switch|p1a: Walking Wake|Walking Wake|38/100
|-activate|p1a: Walking Wake|ability: Protosynthesis
|-start|p1a: Walking Wake|protosynthesisspa
|turn|23
|
|t:|1769319477
|move|p2a: Zamazenta|Body Press|p1a: Walking Wake
|-damage|p1a: Walking Wake|0 fnt
|faint|p1a: Walking Wake
|-end|p1a: Walking Wake|Protosynthesis|[silent]
|
|win|Sceptile Waton
|raw|amigojpes's rating: 1174 &rarr; <strong>1153</strong><br />(-21 for losing)
|raw|Sceptile Waton's rating: 1227 &rarr; <strong>1248</strong><br />(+21 for winning)
|c|☆Sceptile Waton|gg
|l|☆amigojpes
|player|p1|
|l|☆Sceptile Waton
|player|p2|
