|j|☆cyan27
|j|☆Alizee/Winona
|t:|1769441469
|gametype|singles
|player|p1|cyan27|guitarist|1124
|player|p2|Alizee/Winona|winona|1127
|gen|9
|tier|[Gen 9] OU
|rated|
|rule|HP Percentage Mod: HP is shown in percentages
|rule|Endless Battle Clause: Forcing endless battles is banned
|rule|Species Clause: Limit one of each Pokémon
|rule|OHKO Clause: OHKO moves are banned
|rule|Evasion Items Clause: Evasion items are banned
|rule|Evasion Moves Clause: Evasion moves are banned
|rule|Evasion Abilities Clause: Evasion abilities are banned
|rule|Sleep Moves Clause: Sleep-inducing moves are banned
|clearpoke
|poke|p1|Pelipper, M|
|poke|p1|Alomomola, M|
|poke|p1|Iron Crown|
|poke|p1|Rotom-Heat|
|poke|p1|Meowscarada, M|
|poke|p1|Dragonite, F|
|poke|p2|Altaria, F|
|poke|p2|Pelipper, M|
|poke|p2|Articuno|
|poke|p2|Landorus-Therian, M|
|poke|p2|Corviknight, M|
|poke|p2|Zapdos-Galar|
|teampreview
|inactive|Battle timer is ON: inactive players will automatically lose when time's up. (requested by cyan27)
|
|t:|1769441477
|teamsize|p1|6
|teamsize|p2|6
|start
|switch|p1a: Alomomola|Alomomola, M|100/100
|switch|p2a: BADODO|Landorus-Therian, M|100/100
|-ability|p2a: BADODO|Intimidate|boost
|-unboost|p1a: Alomomola|atk|1
|turn|1
|
|t:|1769441490
|move|p2a: BADODO|U-turn|p1a: Alomomola
|-damage|p1a: Alomomola|88/100
|-damage|p2a: BADODO|84/100|[from] item: Rocky Helmet|[of] p1a: Alomomola
|
|t:|1769441497
|switch|p2a: Ice cube|Articuno, shiny|100/100|[from] U-turn
|-ability|p2a: Ice cube|Pressure
|move|p1a: Alomomola|Flip Turn|p2a: Ice cube
|-damage|p2a: Ice cube|88/100
|
|t:|1769441516
|switch|p1a: Meowscarada|Meowscarada, M|100/100|[from] Flip Turn
|
|-heal|p2a: Ice cube|94/100|[from] item: Leftovers
|upkeep
|turn|2
|
|t:|1769441530
|move|p1a: Meowscarada|Triple Axel|p2a: Ice cube
|-start|p1a: Meowscarada|typechange|Ice|[from] ability: Protean
|-damage|p2a: Ice cube|85/100
|-damage|p2a: Ice cube|63/100
|-damage|p2a: Ice cube|36/100
|-hitcount|p2a: Ice cube|3
|move|p2a: Ice cube|Freeze-Dry|p1a: Meowscarada
|-resisted|p1a: Meowscarada
|-damage|p1a: Meowscarada|85/100
|
|-heal|p2a: Ice cube|42/100|[from] item: Leftovers
|upkeep
|turn|3
|
|t:|1769441545
|switch|p2a: DUDE|Pelipper, M, shiny|100/100
|-weather|RainDance|[from] ability: Drizzle|[of] p2a: DUDE
|move|p1a: Meowscarada|Triple Axel|p2a: DUDE
|-damage|p2a: DUDE|93/100
|-damage|p2a: DUDE|80/100
|-damage|p2a: DUDE|57/100
|-hitcount|p2a: DUDE|3
|
|-weather|RainDance|[upkeep]
|upkeep
|turn|4
|
|t:|1769441557
|move|p1a: Meowscarada|U-turn|p2a: DUDE
|-resisted|p2a: DUDE
|-damage|p2a: DUDE|50/100
|
|t:|1769441564
|switch|p1a: Iron Crown|Iron Crown|100/100|[from] U-turn
|move|p2a: DUDE|Surf|p1a: Iron Crown
|-damage|p1a: Iron Crown|71/100
|
|-weather|RainDance|[upkeep]
|upkeep
|turn|5
|
|t:|1769441577
|move|p1a: Iron Crown|Volt Switch|p2a: DUDE
|-supereffective|p2a: DUDE
|-damage|p2a: DUDE|0 fnt
|faint|p2a: DUDE
|
|t:|1769441591
|-end|p1a: Iron Crown|Quark Drive|[silent]
|switch|p1a: Dragonite|Dragonite, F|100/100|[from] Volt Switch
|
|-weather|RainDance|[upkeep]
|upkeep
|
|t:|1769441599
|switch|p2a: Ice cube|Articuno, shiny|42/100
|-ability|p2a: Ice cube|Pressure
|turn|6
|
|t:|1769441607
|move|p2a: Ice cube|Freeze-Dry|p1a: Dragonite
|-supereffective|p1a: Dragonite
|-damage|p1a: Dragonite|68/100
|move|p1a: Dragonite|Dragon Claw|p2a: Ice cube
|-damage|p2a: Ice cube|0 fnt
|faint|p2a: Ice cube
|
|-weather|RainDance|[upkeep]
|upkeep
|
|t:|1769441615
|switch|p2a: DEEZNUTS|Zapdos-Galar|100/100
|turn|7
|
|t:|1769441621
|move|p2a: DEEZNUTS|Brave Bird|p1a: Dragonite
|-damage|p1a: Dragonite|0 fnt
|faint|p1a: Dragonite
|-damage|p2a: DEEZNUTS|74/100|[from] Recoil
|
|-weather|RainDance|[upkeep]
|upkeep
|
|t:|1769441630
|switch|p1a: Alomomola|Alomomola, M|100/100
|turn|8
|
|t:|1769441644
|switch|p2a: Alia|Altaria, F, shiny|100/100
|move|p1a: Alomomola|Body Slam|p2a: Alia
|-damage|p2a: Alia|88/100
|-status|p2a: Alia|par
|
|-weather|RainDance|[upkeep]
|-heal|p2a: Alia|94/100 par|[from] item: Leftovers
|upkeep
|turn|9
|
|t:|1769441664
|move|p1a: Alomomola|Wish|p1a: Alomomola
|move|p2a: Alia|Perish Song|p2a: Alia
|-start|p1a: Alomomola|perish3|[silent]
|-start|p2a: Alia|perish3|[silent]
|-fieldactivate|move: Perish Song
|
|-weather|RainDance|[upkeep]
|-heal|p2a: Alia|99/100 par|[from] item: Leftovers
|-start|p1a: Alomomola|perish3
|-start|p2a: Alia|perish3
|upkeep
|turn|10
|
|t:|1769441674
|move|p1a: Alomomola|Flip Turn|p2a: Alia
|-resisted|p2a: Alia
|-damage|p2a: Alia|91/100 par
|
|t:|1769441686
|switch|p1a: Rotom|Rotom-Heat, shiny|100/100|[from] Flip Turn
|move|p2a: Alia|Fire Spin|p1a: Rotom
|-resisted|p1a: Rotom
|-damage|p1a: Rotom|99/100
|-activate|p1a: Rotom|move: Fire Spin|[of] p2a: Alia
|
|-weather|none
|-heal|p1a: Rotom|100/100|[from] move: Wish|[wisher] Alomomola
|-heal|p2a: Alia|97/100 par|[from] item: Leftovers
|-damage|p1a: Rotom|88/100|[from] move: Fire Spin|[partiallytrapped]
|-start|p2a: Alia|perish2
|upkeep
|turn|11
|
|t:|1769441700
|move|p1a: Rotom|Night Shade|p2a: Alia
|-damage|p2a: Alia|69/100 par
|move|p2a: Alia|Perish Song|p2a: Alia
|-start|p1a: Rotom|perish3|[silent]
|-fieldactivate|move: Perish Song
|
|-heal|p2a: Alia|75/100 par|[from] item: Leftovers
|-damage|p1a: Rotom|76/100|[from] move: Fire Spin|[partiallytrapped]
|-start|p1a: Rotom|perish3
|-start|p2a: Alia|perish1
|upkeep
|turn|12
|
|t:|1769441715
|-curestatus|p2a: Alia|par|[from] ability: Natural Cure
|switch|p2a: BADODO|Landorus-Therian, M|84/100
|-ability|p2a: BADODO|Intimidate|boost
|-unboost|p1a: Rotom|atk|1
|move|p1a: Rotom|Volt Switch|p2a: BADODO
|-immune|p2a: BADODO
|
|-end|p1a: Rotom|Fire Spin|[partiallytrapped]|[silent]
|-start|p1a: Rotom|perish2
|upkeep
|turn|13
|
|t:|1769441748
|move|p1a: Rotom|Overheat|p2a: BADODO
|-damage|p2a: BADODO|19/100
|-unboost|p1a: Rotom|spa|2
|move|p2a: BADODO|Grass Knot|p1a: Rotom
|-resisted|p1a: Rotom
|-damage|p1a: Rotom|74/100
|
|-start|p1a: Rotom|perish1
|upkeep
|turn|14
|inactive|cyan27 has 120 seconds left.
|
|t:|1769441766
|switch|p1a: Meowscarada|Meowscarada, M|85/100
|switch|p2a: Alia|Altaria, F, shiny|75/100
|
|-heal|p2a: Alia|81/100|[from] item: Leftovers
|upkeep
|turn|15
|
|t:|1769441777
|-terastallize|p2a: Alia|Steel
|move|p1a: Meowscarada|Triple Axel|p2a: Alia
|-start|p1a: Meowscarada|typechange|Ice|[from] ability: Protean
|-resisted|p2a: Alia
|-damage|p2a: Alia|77/100
|-resisted|p2a: Alia
|-damage|p2a: Alia|71/100
|-resisted|p2a: Alia
|-damage|p2a: Alia|60/100
|-hitcount|p2a: Alia|3
|move|p2a: Alia|Fire Spin|p1a: Meowscarada
|-supereffective|p1a: Meowscarada
|-damage|p1a: Meowscarada|74/100
|-activate|p1a: Meowscarada|move: Fire Spin|[of] p2a: Alia
|
|-heal|p2a: Alia|66/100|[from] item: Leftovers
|-damage|p1a: Meowscarada|62/100|[from] move: Fire Spin|[partiallytrapped]
|upkeep
|turn|16
|inactive|Alizee/Winona has 120 seconds left.
|
|t:|1769441793
|move|p1a: Meowscarada|U-turn|p2a: Alia
|-resisted|p2a: Alia
|-damage|p2a: Alia|58/100
|
|t:|1769441797
|switch|p1a: Pelipper|Pelipper, M|100/100|[from] U-turn
|-weather|RainDance|[from] ability: Drizzle|[of] p1a: Pelipper
|move|p2a: Alia|Perish Song|p2a: Alia
|-start|p1a: Pelipper|perish3|[silent]
|-start|p2a: Alia|perish3|[silent]
|-fieldactivate|move: Perish Song
|
|-weather|RainDance|[upkeep]
|-heal|p2a: Alia|64/100|[from] item: Leftovers
|-start|p2a: Alia|perish3
|-start|p1a: Pelipper|perish3
|upkeep
|turn|17
|
|t:|1769441807
|move|p2a: Alia|Fire Spin|p1a: Pelipper
|-resisted|p1a: Pelipper
|-damage|p1a: Pelipper|99/100
|-activate|p1a: Pelipper|move: Fire Spin|[of] p2a: Alia
|move|p1a: Pelipper|Surf|p2a: Alia
|-damage|p2a: Alia|3/100
|
|-weather|RainDance|[upkeep]
|-heal|p2a: Alia|10/100|[from] item: Leftovers
|-damage|p1a: Pelipper|87/100|[from] move: Fire Spin|[partiallytrapped]
|-start|p2a: Alia|perish2
|-start|p1a: Pelipper|perish2
|upkeep
|turn|18
|
|t:|1769441821
|move|p2a: Alia|Roost|p2a: Alia
|-heal|p2a: Alia|60/100
|move|p1a: Pelipper|U-turn|p2a: Alia
|-resisted|p2a: Alia
|-damage|p2a: Alia|56/100
|
|t:|1769441833
|switch|p1a: Rotom|Rotom-Heat, shiny|74/100|[from] U-turn
|
|-weather|RainDance|[upkeep]
|-heal|p2a: Alia|63/100|[from] item: Leftovers
|-start|p2a: Alia|perish1
|upkeep
|turn|19
|
|t:|1769441847
|switch|p2a: Skarmory?|Corviknight, M|100/100
|-ability|p2a: Skarmory?|Pressure
|move|p1a: Rotom|Volt Switch|p2a: Skarmory?
|-supereffective|p2a: Skarmory?
|-damage|p2a: Skarmory?|39/100
|
|t:|1769441859
|switch|p1a: Iron Crown|Iron Crown|71/100|[from] Volt Switch
|
|-weather|RainDance|[upkeep]
|-heal|p2a: Skarmory?|45/100|[from] item: Leftovers
|upkeep
|turn|20
|
|t:|1769441875
|move|p1a: Iron Crown|Tachyon Cutter|p2a: Skarmory?
|-resisted|p2a: Skarmory?
|-damage|p2a: Skarmory?|32/100
|-resisted|p2a: Skarmory?
|-damage|p2a: Skarmory?|20/100
|-hitcount|p2a: Skarmory?|2
|move|p2a: Skarmory?|Roost|p2a: Skarmory?
|-heal|p2a: Skarmory?|70/100
|-singleturn|p2a: Skarmory?|move: Roost
|
|-weather|none
|-heal|p2a: Skarmory?|76/100|[from] item: Leftovers
|upkeep
|turn|21
|
|t:|1769441886
|move|p1a: Iron Crown|Volt Switch|p2a: Skarmory?
|-supereffective|p2a: Skarmory?
|-damage|p2a: Skarmory?|28/100
|
|t:|1769441890
|-end|p1a: Iron Crown|Quark Drive|[silent]
|switch|p1a: Pelipper|Pelipper, M|87/100|[from] Volt Switch
|-weather|RainDance|[from] ability: Drizzle|[of] p1a: Pelipper
|move|p2a: Skarmory?|Body Press|p1a: Pelipper
|-resisted|p1a: Pelipper
|-damage|p1a: Pelipper|73/100
|
|-weather|RainDance|[upkeep]
|-heal|p2a: Skarmory?|34/100|[from] item: Leftovers
|upkeep
|turn|22
|
|t:|1769441905
|move|p2a: Skarmory?|Iron Head|p1a: Pelipper
|-resisted|p1a: Pelipper
|-damage|p1a: Pelipper|59/100
|move|p1a: Pelipper|Surf|p2a: Skarmory?
|-damage|p2a: Skarmory?|0 fnt
|faint|p2a: Skarmory?
|
|-weather|RainDance|[upkeep]
|upkeep
|
|t:|1769441912
|switch|p2a: DEEZNUTS|Zapdos-Galar|74/100
|turn|23
|
|t:|1769441920
|switch|p1a: Alomomola|Alomomola, M|100/100
|move|p2a: DEEZNUTS|Brave Bird|p1a: Alomomola
|-damage|p1a: Alomomola|49/100
|-damage|p2a: DEEZNUTS|57/100|[from] item: Rocky Helmet|[of] p1a: Alomomola
|-damage|p2a: DEEZNUTS|29/100|[from] Recoil
|
|-weather|RainDance|[upkeep]
|upkeep
|turn|24
|
|t:|1769441932
|switch|p1a: Iron Crown|Iron Crown|71/100
|move|p2a: DEEZNUTS|Brave Bird|p1a: Iron Crown
|-resisted|p1a: Iron Crown
|-damage|p1a: Iron Crown|20/100
|-damage|p2a: DEEZNUTS|12/100|[from] Recoil
|
|-weather|RainDance|[upkeep]
|upkeep
|turn|25
|
|t:|1769441941
|-end|p1a: Iron Crown|Quark Drive|[silent]
|switch|p1a: Alomomola|Alomomola, M|83/100
|move|p2a: DEEZNUTS|Brave Bird|p1a: Alomomola
|-damage|p1a: Alomomola|34/100
|-damage|p2a: DEEZNUTS|0 fnt|[from] item: Rocky Helmet|[of] p1a: Alomomola
|faint|p2a: DEEZNUTS
|
|-weather|none
|upkeep
|
|t:|1769441949
|switch|p2a: Alia|Altaria, F, shiny, tera:Steel|63/100
|turn|26
|
|t:|1769441956
|move|p2a: Alia|Roost|p2a: Alia
|-heal|p2a: Alia|100/100
|move|p1a: Alomomola|Body Slam|p2a: Alia
|-resisted|p2a: Alia
|-damage|p2a: Alia|94/100
|
|-heal|p2a: Alia|100/100|[from] item: Leftovers
|upkeep
|turn|27
|
|t:|1769441967
|move|p2a: Alia|Will-O-Wisp|p1a: Alomomola
|-status|p1a: Alomomola|brn
|move|p1a: Alomomola|Wish|p1a: Alomomola
|
|-damage|p1a: Alomomola|28/100 brn|[from] brn
|upkeep
|turn|28
|
|t:|1769441976
|move|p2a: Alia|Fire Spin|p1a: Alomomola
|-resisted|p1a: Alomomola
|-damage|p1a: Alomomola|25/100 brn
|-activate|p1a: Alomomola|move: Fire Spin|[of] p2a: Alia
|move|p1a: Alomomola|Rain Dance|p1a: Alomomola
|-weather|RainDance
|
|-weather|RainDance|[upkeep]
|-heal|p1a: Alomomola|75/100 brn|[from] move: Wish|[wisher] Alomomola
|-damage|p1a: Alomomola|69/100 brn|[from] brn
|-damage|p1a: Alomomola|56/100 brn|[from] move: Fire Spin|[partiallytrapped]
|upkeep
|turn|29
|
|t:|1769441991
|move|p2a: Alia|Fire Spin|p1a: Alomomola
|-resisted|p1a: Alomomola
|-damage|p1a: Alomomola|55/100 brn
|move|p1a: Alomomola|Flip Turn|p2a: Alia
|-damage|p2a: Alia|92/100
|
|t:|1769442006
|switch|p1a: Meowscarada|Meowscarada, M|62/100|[from] Flip Turn
|
|-weather|RainDance|[upkeep]
|-heal|p2a: Alia|98/100|[from] item: Leftovers
|upkeep
|turn|30
|
|t:|1769442014
|move|p1a: Meowscarada|Knock Off|p2a: Alia
|-start|p1a: Meowscarada|typechange|Dark|[from] ability: Protean
|-damage|p2a: Alia|67/100
|-enditem|p2a: Alia|Leftovers|[from] move: Knock Off|[of] p1a: Meowscarada
|move|p2a: Alia|Fire Spin|p1a: Meowscarada
|-damage|p1a: Meowscarada|59/100
|-activate|p1a: Meowscarada|move: Fire Spin|[of] p2a: Alia
|
|-weather|RainDance|[upkeep]
|-damage|p1a: Meowscarada|47/100|[from] move: Fire Spin|[partiallytrapped]
|upkeep
|turn|31
|
|t:|1769442024
|move|p1a: Meowscarada|U-turn|p2a: Alia
|-resisted|p2a: Alia
|-damage|p2a: Alia|59/100
|
|t:|1769442031
|switch|p1a: Pelipper|Pelipper, M|59/100|[from] U-turn
|move|p2a: Alia|Will-O-Wisp|p1a: Pelipper
|-status|p1a: Pelipper|brn
|
|-weather|RainDance|[upkeep]
|-damage|p1a: Pelipper|53/100 brn|[from] brn
|upkeep
|turn|32
|
|t:|1769442040
|move|p2a: Alia|Roost|p2a: Alia
|-heal|p2a: Alia|100/100
|move|p1a: Pelipper|Surf|p2a: Alia
|-damage|p2a: Alia|40/100
|
|-weather|none
|-damage|p1a: Pelipper|47/100 brn|[from] brn
|upkeep
|turn|33
|
|t:|1769442048
|move|p2a: Alia|Roost|p2a: Alia
|-heal|p2a: Alia|90/100
|move|p1a: Pelipper|U-turn|p2a: Alia
|-resisted|p2a: Alia
|-damage|p2a: Alia|89/100
|
|t:|1769442054
|switch|p1a: Rotom|Rotom-Heat, shiny|74/100|[from] U-turn
|
|upkeep
|turn|34
|
|t:|1769442060
|switch|p2a: BADODO|Landorus-Therian, M|19/100
|-ability|p2a: BADODO|Intimidate|boost
|-unboost|p1a: Rotom|atk|1
|move|p1a: Rotom|Overheat|p2a: BADODO
|-damage|p2a: BADODO|0 fnt
|-unboost|p1a: Rotom|spa|2
|faint|p2a: BADODO
|
|upkeep
|
|t:|1769442069
|switch|p2a: Alia|Altaria, F, shiny, tera:Steel|89/100
|turn|35
|
|t:|1769442073
|move|p1a: Rotom|Volt Switch|p2a: Alia
|-damage|p2a: Alia|75/100
|
|t:|1769442078
|switch|p1a: Alomomola|Alomomola, M|88/100 brn|[from] Volt Switch
|move|p2a: Alia|Fire Spin|p1a: Alomomola
|-resisted|p1a: Alomomola
|-damage|p1a: Alomomola|85/100 brn
|-activate|p1a: Alomomola|move: Fire Spin|[of] p2a: Alia
|
|-damage|p1a: Alomomola|79/100 brn|[from] brn
|-damage|p1a: Alomomola|67/100 brn|[from] move: Fire Spin|[partiallytrapped]
|upkeep
|turn|36
|
|t:|1769442088
|move|p2a: Alia|Fire Spin|p1a: Alomomola|[miss]
|-miss|p2a: Alia|p1a: Alomomola
|move|p1a: Alomomola|Wish|p1a: Alomomola
|
|-damage|p1a: Alomomola|61/100 brn|[from] brn
|-damage|p1a: Alomomola|48/100 brn|[from] move: Fire Spin|[partiallytrapped]
|upkeep
|turn|37
|
|t:|1769442096
|move|p2a: Alia|Fire Spin|p1a: Alomomola
|-resisted|p1a: Alomomola
|-damage|p1a: Alomomola|45/100 brn
|move|p1a: Alomomola|Body Slam|p2a: Alia
|-resisted|p2a: Alia
|-damage|p2a: Alia|72/100
|
|-heal|p1a: Alomomola|95/100 brn|[from] move: Wish|[wisher] Alomomola
|-damage|p1a: Alomomola|89/100 brn|[from] brn
|-damage|p1a: Alomomola|77/100 brn|[from] move: Fire Spin|[partiallytrapped]
|upkeep
|turn|38
|
|t:|1769442107
|move|p2a: Alia|Fire Spin|p1a: Alomomola
|-resisted|p1a: Alomomola
|-damage|p1a: Alomomola|73/100 brn
|move|p1a: Alomomola|Wish|p1a: Alomomola
|
|-damage|p1a: Alomomola|67/100 brn|[from] brn
|-damage|p1a: Alomomola|54/100 brn|[from] move: Fire Spin|[partiallytrapped]
|upkeep
|turn|39
|
|t:|1769442114
|move|p2a: Alia|Fire Spin|p1a: Alomomola
|-resisted|p1a: Alomomola
|-damage|p1a: Alomomola|51/100 brn
|move|p1a: Alomomola|Body Slam|p2a: Alia
|-resisted|p2a: Alia
|-damage|p2a: Alia|69/100
|
|-heal|p1a: Alomomola|100/100 brn|[from] move: Wish|[wisher] Alomomola
|-damage|p1a: Alomomola|94/100 brn|[from] brn
|-damage|p1a: Alomomola|82/100 brn|[from] move: Fire Spin|[partiallytrapped]
|upkeep
|turn|40
|
|t:|1769442125
|move|p2a: Alia|Fire Spin|p1a: Alomomola
|-resisted|p1a: Alomomola
|-damage|p1a: Alomomola|79/100 brn
|move|p1a: Alomomola|Wish|p1a: Alomomola
|
|-damage|p1a: Alomomola|73/100 brn|[from] brn
|-end|p1a: Alomomola|Fire Spin|[partiallytrapped]
|upkeep
|turn|41
|
|t:|1769442131
|move|p2a: Alia|Perish Song|p2a: Alia
|-start|p1a: Alomomola|perish3|[silent]
|-start|p2a: Alia|perish3|[silent]
|-fieldactivate|move: Perish Song
|move|p1a: Alomomola|Body Slam|p2a: Alia
|-resisted|p2a: Alia
|-damage|p2a: Alia|66/100
|
|-heal|p1a: Alomomola|100/100 brn|[from] move: Wish|[wisher] Alomomola
|-damage|p1a: Alomomola|94/100 brn|[from] brn
|-start|p2a: Alia|perish3
|-start|p1a: Alomomola|perish3
|upkeep
|turn|42
|
|t:|1769442142
|move|p2a: Alia|Fire Spin|p1a: Alomomola
|-resisted|p1a: Alomomola
|-crit|p1a: Alomomola
|-damage|p1a: Alomomola|90/100 brn
|-activate|p1a: Alomomola|move: Fire Spin|[of] p2a: Alia
|move|p1a: Alomomola|Body Slam|p2a: Alia
|-resisted|p2a: Alia
|-damage|p2a: Alia|63/100
|-status|p2a: Alia|par
|
|-damage|p1a: Alomomola|83/100 brn|[from] brn
|-damage|p1a: Alomomola|71/100 brn|[from] move: Fire Spin|[partiallytrapped]
|-start|p1a: Alomomola|perish2
|-start|p2a: Alia|perish2
|upkeep
|turn|43
|
|t:|1769442154
|move|p1a: Alomomola|Rain Dance|p1a: Alomomola
|-weather|RainDance
|move|p2a: Alia|Will-O-Wisp|p1a: Alomomola|[miss]
|-miss|p2a: Alia|p1a: Alomomola
|
|-weather|RainDance|[upkeep]
|-damage|p1a: Alomomola|65/100 brn|[from] brn
|-damage|p1a: Alomomola|53/100 brn|[from] move: Fire Spin|[partiallytrapped]
|-start|p1a: Alomomola|perish1
|-start|p2a: Alia|perish1
|upkeep
|turn|44
|
|t:|1769442163
|move|p1a: Alomomola|Flip Turn|p2a: Alia
|-damage|p2a: Alia|54/100 par
|
|t:|1769442166
|switch|p1a: Iron Crown|Iron Crown|20/100|[from] Flip Turn
|move|p2a: Alia|Roost|p2a: Alia
|-heal|p2a: Alia|100/100 par
|
|-weather|RainDance|[upkeep]
|-start|p2a: Alia|perish0
|upkeep
|faint|p2a: Alia
|
|win|cyan27
|raw|cyan27's rating: 1124 &rarr; <strong>1149</strong><br />(+25 for winning)
|raw|Alizee&#x2f;Winona's rating: 1127 &rarr; <strong>1102</strong><br />(-25 for losing)
|l|☆Alizee/Winona
|player|p2|
|l|☆cyan27
|player|p1|
