|j|☆ayush6984
|j|☆Bogrinho
|t:|1769343939
|gametype|singles
|player|p1|ayush6984|1|1240
|player|p2|Bogrinho|101|1228
|gen|9
|tier|[Gen 9] OU
|rated|
|rule|HP Percentage Mod: HP is shown in percentages
|rule|Endless Battle Clause: Forcing endless battles is banned
|rule|Species Clause: Limit one of each Pokémon
|rule|OHKO Clause: OHKO moves are banned
|rule|Evasion Items Clause: Evasion items are banned
|rule|Evasion Moves Clause: Evasion moves are banned
|rule|Evasion Abilities Clause: Evasion abilities are banned
|rule|Sleep Moves Clause: Sleep-inducing moves are banned
|clearpoke
|poke|p1|Gholdengo|
|poke|p1|Ogerpon, F|
|poke|p1|Rillaboom, M|
|poke|p1|Samurott-Hisui, M|
|poke|p1|Glimmora, F|
|poke|p1|Raging Bolt|
|poke|p2|Charizard, M|
|poke|p2|Greninja-*, M|
|poke|p2|Sceptile, M|
|poke|p2|Garchomp, F|
|poke|p2|Kingambit, M|
|poke|p2|Metagross|
|teampreview
|
|t:|1769343968
|teamsize|p1|6
|teamsize|p2|6
|start
|switch|p1a: Ogerpon|Ogerpon, F|100/100
|switch|p2a: Garchomp|Garchomp, F|100/100
|turn|1
|inactive|Battle timer is ON: inactive players will automatically lose when time's up. (requested by ayush6984)
|
|t:|1769343976
|move|p1a: Ogerpon|Ivy Cudgel|p2a: Garchomp
|-damage|p2a: Garchomp|22/100
|move|p2a: Garchomp|Dragon Claw|p1a: Ogerpon
|-damage|p1a: Ogerpon|49/100
|
|-heal|p2a: Garchomp|29/100|[from] item: Leftovers
|upkeep
|turn|2
|
|t:|1769344001
|move|p1a: Ogerpon|Ivy Cudgel|p2a: Garchomp
|-damage|p2a: Garchomp|0 fnt
|faint|p2a: Garchomp
|
|upkeep
|inactive|Bogrinho has 120 seconds left.
|
|t:|1769344013
|switch|p2a: Greninja|Greninja, M|100/100
|turn|3
|
|t:|1769344019
|-terastallize|p1a: Ogerpon|Grass
|detailschange|p1a: Ogerpon|Ogerpon-Teal-Tera, F, tera:Grass
|-ability|p1a: Ogerpon|Embody Aspect (Teal)|boost
|-boost|p1a: Ogerpon|spe|1
|move|p1a: Ogerpon|Ivy Cudgel|p2a: Greninja
|-supereffective|p2a: Greninja
|-crit|p2a: Greninja
|-damage|p2a: Greninja|0 fnt
|faint|p2a: Greninja
|
|upkeep
|
|t:|1769344028
|switch|p2a: Charizard|Charizard, M|100/100
|turn|4
|
|t:|1769344032
|switch|p1a: Samurott|Samurott-Hisui, M|100/100
|move|p2a: Charizard|Flamethrower|p1a: Samurott
|-resisted|p1a: Samurott
|-damage|p1a: Samurott|64/100
|
|upkeep
|turn|5
|
|t:|1769344041
|switch|p2a: Metagross|Metagross|100/100
|move|p1a: Samurott|Ceaseless Edge|p2a: Metagross
|-supereffective|p2a: Metagross
|-damage|p2a: Metagross|11/100
|-enditem|p2a: Metagross|Weakness Policy
|-boost|p2a: Metagross|atk|2|[from] item: Weakness Policy
|-boost|p2a: Metagross|spa|2|[from] item: Weakness Policy
|-sidestart|p2: Bogrinho|Spikes
|
|upkeep
|turn|6
|
|t:|1769344053
|move|p1a: Samurott|Sucker Punch|p2a: Metagross
|-supereffective|p2a: Metagross
|-damage|p2a: Metagross|0 fnt
|faint|p2a: Metagross
|
|upkeep
|
|t:|1769344057
|switch|p2a: Sceptile|Sceptile, M|100/100
|-damage|p2a: Sceptile|88/100|[from] Spikes
|turn|7
|
|t:|1769344065
|move|p1a: Samurott|Sucker Punch|p2a: Sceptile
|-damage|p2a: Sceptile|4/100
|move|p2a: Sceptile|Leaf Storm|p1a: Samurott
|-supereffective|p1a: Samurott
|-damage|p1a: Samurott|0 fnt
|-unboost|p2a: Sceptile|spa|2
|faint|p1a: Samurott
|
|upkeep
|
|t:|1769344072
|switch|p1a: Rillaboom|Rillaboom, M|100/100
|-fieldstart|move: Grassy Terrain|[from] ability: Grassy Surge|[of] p1a: Rillaboom
|turn|8
|
|t:|1769344076
|move|p1a: Rillaboom|Grassy Glide|p2a: Sceptile
|-resisted|p2a: Sceptile
|-damage|p2a: Sceptile|0 fnt
|faint|p2a: Sceptile
|-damage|p1a: Rillaboom|91/100|[from] item: Life Orb
|
|-heal|p1a: Rillaboom|97/100|[from] Grassy Terrain
|upkeep
|
|t:|1769344083
|switch|p2a: Charizard|Charizard, M|100/100
|turn|9
|
|t:|1769344091
|switch|p1a: Glimmora|Glimmora, F|100/100
|move|p2a: Charizard|Flamethrower|p1a: Glimmora
|-resisted|p1a: Glimmora
|-damage|p1a: Glimmora|81/100
|-enditem|p1a: Glimmora|Red Card|[of] p2a: Charizard
|drag|p2a: Kingambit|Kingambit, M|100/100
|-damage|p2a: Kingambit|88/100|[from] Spikes
|-activate|p2a: Kingambit|ability: Supreme Overlord
|-start|p2a: Kingambit|fallen4|[silent]
|
|-heal|p1a: Glimmora|87/100|[from] Grassy Terrain
|-heal|p2a: Kingambit|94/100|[from] Grassy Terrain
|-heal|p2a: Kingambit|100/100|[from] item: Leftovers
|upkeep
|turn|10
|
|t:|1769344105
|-end|p2a: Kingambit|fallen4|[silent]
|switch|p2a: Charizard|Charizard, M|100/100
|move|p1a: Glimmora|Earth Power|p2a: Charizard
|-immune|p2a: Charizard
|
|-heal|p1a: Glimmora|93/100|[from] Grassy Terrain
|upkeep
|turn|11
|
|t:|1769344112
|move|p2a: Charizard|Earthquake|p1a: Glimmora
|-supereffective|p1a: Glimmora
|-damage|p1a: Glimmora|60/100
|-activate|p1a: Glimmora|ability: Toxic Debris
|-sidestart|p2: Bogrinho|move: Toxic Spikes
|move|p1a: Glimmora|Stealth Rock|p2a: Charizard
|-sidestart|p2: Bogrinho|move: Stealth Rock
|
|-heal|p1a: Glimmora|66/100|[from] Grassy Terrain
|upkeep
|turn|12
|
|t:|1769344127
|move|p2a: Charizard|Flamethrower|p1a: Glimmora
|-resisted|p1a: Glimmora
|-damage|p1a: Glimmora|43/100
|move|p1a: Glimmora|Power Gem|p2a: Charizard
|-supereffective|p2a: Charizard
|-damage|p2a: Charizard|0 fnt
|faint|p2a: Charizard
|
|-heal|p1a: Glimmora|49/100|[from] Grassy Terrain
|-fieldend|move: Grassy Terrain
|upkeep
|
|t:|1769344135
|switch|p2a: Kingambit|Kingambit, M|100/100
|-damage|p2a: Kingambit|88/100|[from] Spikes
|-damage|p2a: Kingambit|82/100|[from] Stealth Rock
|-activate|p2a: Kingambit|ability: Supreme Overlord
|-start|p2a: Kingambit|fallen5|[silent]
|turn|13
|c|☆ayush6984|Really thought zard was specs
|
|t:|1769344145
|move|p1a: Glimmora|Earth Power|p2a: Kingambit
|-supereffective|p2a: Kingambit
|-damage|p2a: Kingambit|34/100
|-unboost|p2a: Kingambit|spd|1
|move|p2a: Kingambit|Iron Head|p1a: Glimmora
|-supereffective|p1a: Glimmora
|-damage|p1a: Glimmora|0 fnt
|-activate|p1a: Glimmora|ability: Toxic Debris
|-sidestart|p2: Bogrinho|move: Toxic Spikes
|faint|p1a: Glimmora
|
|-heal|p2a: Kingambit|41/100|[from] item: Leftovers
|upkeep
|
|t:|1769344150
|switch|p1a: Rillaboom|Rillaboom, M|97/100
|-fieldstart|move: Grassy Terrain|[from] ability: Grassy Surge|[of] p1a: Rillaboom
|turn|14
|
|t:|1769344163
|move|p1a: Rillaboom|Grassy Glide|p2a: Kingambit
|-resisted|p2a: Kingambit
|-damage|p2a: Kingambit|20/100
|-damage|p1a: Rillaboom|87/100|[from] item: Life Orb
|move|p2a: Kingambit|Kowtow Cleave|p1a: Rillaboom
|-damage|p1a: Rillaboom|3/100
|
|-heal|p1a: Rillaboom|9/100|[from] Grassy Terrain
|-heal|p2a: Kingambit|26/100|[from] Grassy Terrain
|-heal|p2a: Kingambit|33/100|[from] item: Leftovers
|upkeep
|turn|15
|
|t:|1769344173
|move|p1a: Rillaboom|Grassy Glide|p2a: Kingambit
|-resisted|p2a: Kingambit
|-damage|p2a: Kingambit|13/100
|-damage|p1a: Rillaboom|0 fnt|[from] item: Life Orb
|faint|p1a: Rillaboom
|move|p2a: Kingambit|Sucker Punch|p1: Rillaboom|[notarget]
|-fail|p2a: Kingambit
|
|-heal|p2a: Kingambit|19/100|[from] Grassy Terrain
|-heal|p2a: Kingambit|25/100|[from] item: Leftovers
|upkeep
|
|t:|1769344179
|switch|p1a: Raging Bolt|Raging Bolt|100/100
|-enditem|p1a: Raging Bolt|Booster Energy
|-activate|p1a: Raging Bolt|ability: Protosynthesis|[fromitem]
|-start|p1a: Raging Bolt|protosynthesisspa
|turn|16
|
|t:|1769344187
|move|p2a: Kingambit|Sucker Punch|p1a: Raging Bolt
|-damage|p1a: Raging Bolt|48/100
|move|p1a: Raging Bolt|Thunderbolt|p2a: Kingambit
|-damage|p2a: Kingambit|0 fnt
|faint|p2a: Kingambit
|-end|p2a: Kingambit|fallen5|[silent]
|
|win|ayush6984
|raw|ayush6984's rating: 1240 &rarr; <strong>1264</strong><br />(+24 for winning)
|raw|Bogrinho's rating: 1228 &rarr; <strong>1204</strong><br />(-24 for losing)
|l|☆ayush6984
|player|p1|
|l|☆Bogrinho
|player|p2|
