|j|☆Riki_Nendo
|j|☆Mr. Quagsire
|t:|1769422641
|gametype|singles
|player|p1|Riki_Nendo|flannery|1100
|player|p2|Mr. Quagsire|102|1152
|gen|9
|tier|[Gen 9] OU
|rated|
|rule|HP Percentage Mod: HP is shown in percentages
|rule|Endless Battle Clause: Forcing endless battles is banned
|rule|Species Clause: Limit one of each Pokémon
|rule|OHKO Clause: OHKO moves are banned
|rule|Evasion Items Clause: Evasion items are banned
|rule|Evasion Moves Clause: Evasion moves are banned
|rule|Evasion Abilities Clause: Evasion abilities are banned
|rule|Sleep Moves Clause: Sleep-inducing moves are banned
|clearpoke
|poke|p1|Glimmora, F|
|poke|p1|Corviknight, M|
|poke|p1|Rotom-Wash|
|poke|p1|Quagsire, F|
|poke|p1|Iron Valiant|
|poke|p1|Gholdengo|
|poke|p2|Seadra, F|
|poke|p2|Metagross|
|poke|p2|Flareon, F|
|poke|p2|Magnezone|
|poke|p2|Latios, M|
|poke|p2|Hitmontop, M|
|teampreview
|c|☆Riki_Nendo|hi
|
|t:|1769422652
|teamsize|p1|6
|teamsize|p2|6
|start
|switch|p1a: blue plug|Glimmora, F, shiny|100/100
|switch|p2a: Metalhead|Metagross|100/100
|turn|1
|c|☆Mr. Quagsire|'sup
|c|☆Mr. Quagsire|have fun!
|c|☆Riki_Nendo|u 2
|
|t:|1769422666
|move|p1a: blue plug|Stealth Rock|p2a: Metalhead
|-sidestart|p2: Mr. Quagsire|move: Stealth Rock
|move|p2a: Metalhead|Meteor Mash|p1a: blue plug|[miss]
|-miss|p2a: Metalhead|p1a: blue plug
|
|upkeep
|turn|2
|c|☆Mr. Quagsire|ty
|
|t:|1769422676
|move|p1a: blue plug|Power Gem|p2a: Metalhead
|-resisted|p2a: Metalhead
|-damage|p2a: Metalhead|80/100
|move|p2a: Metalhead|Meteor Mash|p1a: blue plug
|-supereffective|p1a: blue plug
|-crit|p1a: blue plug
|-enditem|p1a: blue plug|Focus Sash
|-damage|p1a: blue plug|1/100
|-activate|p1a: blue plug|ability: Toxic Debris
|-sidestart|p2: Mr. Quagsire|move: Toxic Spikes
|
|upkeep
|turn|3
|
|t:|1769422704
|move|p1a: blue plug|Power Gem|p2a: Metalhead
|-resisted|p2a: Metalhead
|-damage|p2a: Metalhead|59/100
|move|p2a: Metalhead|Stealth Rock|p1a: blue plug
|-sidestart|p1: Riki_Nendo|move: Stealth Rock
|
|upkeep
|turn|4
|
|t:|1769422715
|move|p2a: Metalhead|Bullet Punch|p1a: blue plug
|-supereffective|p1a: blue plug
|-damage|p1a: blue plug|0 fnt
|-activate|p1a: blue plug|ability: Toxic Debris
|-sidestart|p2: Mr. Quagsire|move: Toxic Spikes
|faint|p1a: blue plug
|
|upkeep
|
|t:|1769422721
|switch|p1a: Randy|Corviknight, M|100/100
|-damage|p1a: Randy|88/100|[from] Stealth Rock
|turn|5
|
|t:|1769422733
|switch|p2a: Electric Dodrio|Magnezone|100/100
|-damage|p2a: Electric Dodrio|94/100|[from] Stealth Rock
|move|p1a: Randy|Defog|p2a: Electric Dodrio
|-unboost|p2a: Electric Dodrio|evasion|1
|-sideend|p2: Mr. Quagsire|Toxic Spikes|[from] move: Defog|[of] p1a: Randy
|-sideend|p2: Mr. Quagsire|Stealth Rock|[from] move: Defog|[of] p1a: Randy
|-sideend|p1: Riki_Nendo|Stealth Rock|[from] move: Defog|[of] p1a: Randy
|
|upkeep
|turn|6
|
|t:|1769422757
|move|p1a: Randy|U-turn|p2a: Electric Dodrio
|-resisted|p2a: Electric Dodrio
|-damage|p2a: Electric Dodrio|89/100
|
|t:|1769422760
|switch|p1a: glenn|Quagsire, F, shiny|100/100|[from] U-turn
|move|p2a: Electric Dodrio|Thunderbolt|p1a: glenn
|-immune|p1a: glenn
|
|upkeep
|turn|7
|c|☆Riki_Nendo|im 2 steps ahead
|c|☆Mr. Quagsire|I see that
|
|t:|1769422786
|switch|p2a: Misty|Seadra, F|100/100
|move|p1a: glenn|Curse|p1a: glenn
|-unboost|p1a: glenn|spe|1
|-boost|p1a: glenn|atk|1
|-boost|p1a: glenn|def|1
|
|upkeep
|turn|8
|c|☆Riki_Nendo|quag vs quag
|
|t:|1769422797
|move|p2a: Misty|Ice Beam|p1a: glenn
|-damage|p1a: glenn|76/100
|move|p1a: glenn|Curse|p1a: glenn
|-unboost|p1a: glenn|spe|1
|-boost|p1a: glenn|atk|1
|-boost|p1a: glenn|def|1
|
|-heal|p1a: glenn|82/100|[from] item: Leftovers
|upkeep
|turn|9
|
|t:|1769422810
|move|p2a: Misty|Ice Beam|p1a: glenn
|-damage|p1a: glenn|56/100
|move|p1a: glenn|Liquidation|p2a: Misty
|-resisted|p2a: Misty
|-damage|p2a: Misty|87/100
|
|-heal|p1a: glenn|62/100|[from] item: Leftovers
|upkeep
|turn|10
|c|☆Mr. Quagsire|yours is quagmire hahaha
|c|☆Riki_Nendo|yeah lol
|
|t:|1769422825
|move|p2a: Misty|Ice Beam|p1a: glenn
|-damage|p1a: glenn|37/100
|move|p1a: glenn|Recover|p1a: glenn
|-heal|p1a: glenn|87/100
|
|-heal|p1a: glenn|93/100|[from] item: Leftovers
|upkeep
|turn|11
|
|t:|1769422835
|move|p2a: Misty|Ice Beam|p1a: glenn
|-damage|p1a: glenn|70/100
|move|p1a: glenn|Curse|p1a: glenn
|-unboost|p1a: glenn|spe|1
|-boost|p1a: glenn|atk|1
|-boost|p1a: glenn|def|1
|
|-heal|p1a: glenn|76/100|[from] item: Leftovers
|upkeep
|turn|12
|
|t:|1769422843
|move|p2a: Misty|Clear Smog|p1a: glenn
|-resisted|p1a: glenn
|-damage|p1a: glenn|69/100
|-clearboost|p1a: glenn
|move|p1a: glenn|Curse|p1a: glenn
|-unboost|p1a: glenn|spe|1
|-boost|p1a: glenn|atk|1
|-boost|p1a: glenn|def|1
|
|-heal|p1a: glenn|75/100|[from] item: Leftovers
|upkeep
|turn|13
|c|☆Riki_Nendo|nooo clear smogg
|
|t:|1769422857
|move|p2a: Misty|Ice Beam|p1a: glenn
|-damage|p1a: glenn|49/100
|move|p1a: glenn|Curse|p1a: glenn
|-unboost|p1a: glenn|spe|1
|-boost|p1a: glenn|atk|1
|-boost|p1a: glenn|def|1
|
|-heal|p1a: glenn|55/100|[from] item: Leftovers
|upkeep
|turn|14
|c|☆Mr. Quagsire|mwahaha
|
|t:|1769422866
|move|p2a: Misty|Ice Beam|p1a: glenn
|-damage|p1a: glenn|30/100
|move|p1a: glenn|Recover|p1a: glenn
|-heal|p1a: glenn|80/100
|
|-heal|p1a: glenn|87/100|[from] item: Leftovers
|upkeep
|turn|15
|
|t:|1769422876
|switch|p1a: Stepsis trapper 9k|Rotom-Wash|100/100
|move|p2a: Misty|Ice Beam|p1a: Stepsis trapper 9k
|-resisted|p1a: Stepsis trapper 9k
|-damage|p1a: Stepsis trapper 9k|89/100
|
|-heal|p1a: Stepsis trapper 9k|96/100|[from] item: Leftovers
|upkeep
|turn|16
|
|t:|1769422889
|switch|p2a: Electric Dodrio|Magnezone|89/100
|move|p1a: Stepsis trapper 9k|Volt Switch|p2a: Electric Dodrio
|-resisted|p2a: Electric Dodrio
|-damage|p2a: Electric Dodrio|76/100
|
|t:|1769422895
|switch|p1a: glenn|Quagsire, F, shiny|87/100|[from] Volt Switch
|
|-heal|p1a: glenn|93/100|[from] item: Leftovers
|upkeep
|turn|17
|c|☆Riki_Nendo|lol
|
|t:|1769422915
|switch|p2a: Ground Moltres|Flareon, F|100/100
|move|p1a: glenn|Curse|p1a: glenn
|-unboost|p1a: glenn|spe|1
|-boost|p1a: glenn|atk|1
|-boost|p1a: glenn|def|1
|
|-heal|p1a: glenn|99/100|[from] item: Leftovers
|upkeep
|turn|18
|c|☆Riki_Nendo|ground moltres im crine
|
|t:|1769422929
|-terastallize|p2a: Ground Moltres|Grass
|move|p2a: Ground Moltres|Tera Blast|p1a: glenn|[anim] Tera Blast Grass
|-supereffective|p1a: glenn
|-damage|p1a: glenn|0 fnt
|faint|p1a: glenn
|
|upkeep
|c|☆Mr. Quagsire|yesss
|
|t:|1769422937
|switch|p1a: Stepsis trapper 9k|Rotom-Wash|96/100
|turn|19
|
|t:|1769422946
|move|p1a: Stepsis trapper 9k|Volt Switch|p2a: Ground Moltres
|-resisted|p2a: Ground Moltres
|-damage|p2a: Ground Moltres|89/100
|
|t:|1769422962
|switch|p1a: Randy|Corviknight, M|88/100|[from] Volt Switch
|move|p2a: Ground Moltres|Trailblaze|p1a: Randy
|-resisted|p1a: Randy
|-damage|p1a: Randy|82/100
|-boost|p2a: Ground Moltres|spe|1
|-damage|p2a: Ground Moltres|72/100|[from] item: Rocky Helmet|[of] p1a: Randy
|
|upkeep
|turn|20
|c|☆Riki_Nendo|guys its my first day of competitive dont judge
|
|t:|1769422988
|move|p2a: Ground Moltres|Flare Blitz|p1a: Randy
|-supereffective|p1a: Randy
|-damage|p1a: Randy|0 fnt
|-damage|p2a: Ground Moltres|56/100|[from] item: Rocky Helmet|[of] p1a: Randy
|faint|p1a: Randy
|-damage|p2a: Ground Moltres|24/100|[from] Recoil
|
|upkeep
|c|☆Mr. Quagsire|its allright, dude
|
|t:|1769422999
|switch|p1a: Cross-dresser|Iron Valiant, shiny|100/100
|turn|21
|
|t:|1769423009
|move|p1a: Cross-dresser|Close Combat|p2a: Ground Moltres
|-damage|p2a: Ground Moltres|0 fnt
|-unboost|p1a: Cross-dresser|def|1
|-unboost|p1a: Cross-dresser|spd|1
|faint|p2a: Ground Moltres
|-damage|p1a: Cross-dresser|91/100|[from] item: Life Orb
|
|upkeep
|
|t:|1769423021
|switch|p2a: Airbus|Latios, M, shiny|100/100
|turn|22
|
|t:|1769423035
|-terastallize|p1a: Cross-dresser|Fairy
|move|p2a: Airbus|Luster Purge|p1a: Cross-dresser
|-damage|p1a: Cross-dresser|0 fnt
|faint|p1a: Cross-dresser
|-end|p1a: Cross-dresser|Quark Drive|[silent]
|
|upkeep
|
|t:|1769423042
|switch|p1a: golden shower|Gholdengo, shiny|100/100
|turn|23
|
|t:|1769423055
|switch|p2a: Misty|Seadra, F|87/100
|move|p1a: golden shower|Make It Rain|p2a: Misty
|-resisted|p2a: Misty
|-damage|p2a: Misty|44/100
|-unboost|p1a: golden shower|spa|1
|-damage|p1a: golden shower|91/100|[from] item: Life Orb
|
|upkeep
|turn|24
|
|t:|1769423075
|move|p1a: golden shower|Focus Blast|p2a: Misty
|-damage|p2a: Misty|6/100
|-damage|p1a: golden shower|81/100|[from] item: Life Orb
|move|p2a: Misty|Hydro Pump|p1a: golden shower
|-damage|p1a: golden shower|40/100
|
|upkeep
|turn|25
|
|t:|1769423107
|move|p1a: golden shower|Focus Blast|p2a: Misty
|-damage|p2a: Misty|0 fnt
|faint|p2a: Misty
|-damage|p1a: golden shower|30/100|[from] item: Life Orb
|
|upkeep
|
|t:|1769423121
|switch|p2a: Airbus|Latios, M, shiny|100/100
|turn|26
|c|☆Riki_Nendo|show me some hitmontop
|
|t:|1769423132
|move|p2a: Airbus|Draco Meteor|p1a: golden shower
|-resisted|p1a: golden shower
|-damage|p1a: golden shower|0 fnt
|-unboost|p2a: Airbus|spa|2
|faint|p1a: golden shower
|
|upkeep
|
|t:|1769423138
|switch|p1a: Stepsis trapper 9k|Rotom-Wash|96/100
|turn|27
|c|☆Mr. Quagsire|I'll share the moveste
|
|t:|1769423150
|switch|p2a: Capoeira|Hitmontop, M|100/100
|-ability|p2a: Capoeira|Intimidate|boost
|-unboost|p1a: Stepsis trapper 9k|atk|1
|move|p1a: Stepsis trapper 9k|Hydro Pump|p2a: Capoeira
|-damage|p2a: Capoeira|65/100
|
|-heal|p1a: Stepsis trapper 9k|100/100|[from] item: Leftovers
|-heal|p2a: Capoeira|71/100|[from] item: Leftovers
|upkeep
|turn|28
|
|t:|1769423168
|move|p1a: Stepsis trapper 9k|Will-O-Wisp|p2a: Capoeira
|-status|p2a: Capoeira|brn
|move|p2a: Capoeira|Close Combat|p1a: Stepsis trapper 9k
|-damage|p1a: Stepsis trapper 9k|86/100
|-unboost|p2a: Capoeira|def|1
|-unboost|p2a: Capoeira|spd|1
|
|-heal|p1a: Stepsis trapper 9k|92/100|[from] item: Leftovers
|-heal|p2a: Capoeira|77/100 brn|[from] item: Leftovers
|-damage|p2a: Capoeira|71/100 brn|[from] brn
|upkeep
|turn|29
|
|t:|1769423183
|move|p1a: Stepsis trapper 9k|Hydro Pump|p2a: Capoeira|[miss]
|-miss|p1a: Stepsis trapper 9k|p2a: Capoeira
|move|p2a: Capoeira|Close Combat|p1a: Stepsis trapper 9k
|-damage|p1a: Stepsis trapper 9k|75/100
|-unboost|p2a: Capoeira|def|1
|-unboost|p2a: Capoeira|spd|1
|
|-heal|p1a: Stepsis trapper 9k|81/100|[from] item: Leftovers
|-heal|p2a: Capoeira|77/100 brn|[from] item: Leftovers
|-damage|p2a: Capoeira|71/100 brn|[from] brn
|upkeep
|turn|30
|c|☆Riki_Nendo|is the moveset just close combat
|c|☆Mr. Quagsire|ice spinner, rapid spin, equake, cc
|
|t:|1769423218
|move|p1a: Stepsis trapper 9k|Volt Switch|p2a: Capoeira
|-damage|p2a: Capoeira|28/100 brn
|move|p2a: Capoeira|Close Combat|p1a: Stepsis trapper 9k
|-damage|p1a: Stepsis trapper 9k|66/100
|-unboost|p2a: Capoeira|def|1
|-unboost|p2a: Capoeira|spd|1
|
|-heal|p1a: Stepsis trapper 9k|73/100|[from] item: Leftovers
|-heal|p2a: Capoeira|34/100 brn|[from] item: Leftovers
|-damage|p2a: Capoeira|28/100 brn|[from] brn
|upkeep
|turn|31
|c|☆Riki_Nendo|tuff
|
|t:|1769423229
|move|p1a: Stepsis trapper 9k|Hydro Pump|p2a: Capoeira
|-damage|p2a: Capoeira|0 fnt
|faint|p2a: Capoeira
|
|-heal|p1a: Stepsis trapper 9k|79/100|[from] item: Leftovers
|upkeep
|
|t:|1769423237
|switch|p2a: Metalhead|Metagross|59/100
|turn|32
|
|t:|1769423243
|move|p1a: Stepsis trapper 9k|Will-O-Wisp|p2a: Metalhead
|-status|p2a: Metalhead|brn
|move|p2a: Metalhead|Knock Off|p1a: Stepsis trapper 9k
|-damage|p1a: Stepsis trapper 9k|64/100
|-enditem|p1a: Stepsis trapper 9k|Leftovers|[from] move: Knock Off|[of] p2a: Metalhead
|
|-damage|p2a: Metalhead|53/100 brn|[from] brn
|upkeep
|turn|33
|
|t:|1769423254
|move|p1a: Stepsis trapper 9k|Hydro Pump|p2a: Metalhead
|-damage|p2a: Metalhead|14/100 brn
|move|p2a: Metalhead|Meteor Mash|p1a: Stepsis trapper 9k
|-resisted|p1a: Stepsis trapper 9k
|-damage|p1a: Stepsis trapper 9k|59/100
|
|-damage|p2a: Metalhead|8/100 brn|[from] brn
|upkeep
|turn|34
|
|t:|1769423263
|move|p1a: Stepsis trapper 9k|Volt Switch|p2a: Metalhead
|-damage|p2a: Metalhead|0 fnt
|faint|p2a: Metalhead
|
|upkeep
|
|t:|1769423269
|switch|p2a: Airbus|Latios, M, shiny|100/100
|turn|35
|
|t:|1769423284
|move|p2a: Airbus|Luster Purge|p1a: Stepsis trapper 9k
|-damage|p1a: Stepsis trapper 9k|10/100
|-unboost|p1a: Stepsis trapper 9k|spd|1
|move|p1a: Stepsis trapper 9k|Pain Split|p2a: Airbus
|-sethp|p2a: Airbus|55/100|[from] move: Pain Split|[silent]
|-sethp|p1a: Stepsis trapper 9k|55/100|[from] move: Pain Split
|
|upkeep
|turn|36
|
|t:|1769423295
|move|p2a: Airbus|Luster Purge|p1a: Stepsis trapper 9k
|-damage|p1a: Stepsis trapper 9k|0 fnt
|faint|p1a: Stepsis trapper 9k
|
|win|Mr. Quagsire
|raw|Riki_Nendo's rating: 1100 &rarr; <strong>1079</strong><br />(-21 for losing)
|raw|Mr. Quagsire's rating: 1152 &rarr; <strong>1173</strong><br />(+21 for winning)
|c|☆Mr. Quagsire|gg
|c|☆Riki_Nendo|gg
|c|☆Mr. Quagsire|enjoy your day
|c|☆Riki_Nendo|u2
|c|☆Mr. Quagsire|ty :)
|l|☆Riki_Nendo
|player|p1|
|l|☆Mr. Quagsire
|player|p2|
