|j|☆6hoolalala9
|j|☆dihhmonster
|t:|1769411891
|gametype|singles
|player|p1|6hoolalala9|n|1196
|player|p2|dihhmonster|swimmerf-gen4dp|1130
|gen|9
|tier|[Gen 9] OU
|rated|
|rule|HP Percentage Mod: HP is shown in percentages
|rule|Endless Battle Clause: Forcing endless battles is banned
|rule|Species Clause: Limit one of each Pokémon
|rule|OHKO Clause: OHKO moves are banned
|rule|Evasion Items Clause: Evasion items are banned
|rule|Evasion Moves Clause: Evasion moves are banned
|rule|Evasion Abilities Clause: Evasion abilities are banned
|rule|Sleep Moves Clause: Sleep-inducing moves are banned
|clearpoke
|poke|p1|Serperior, M|
|poke|p1|Corviknight, F|
|poke|p1|Ursaring, F|
|poke|p1|Azumarill, F|
|poke|p1|Great Tusk|
|poke|p1|Garganacl, M|
|poke|p2|Kyurem|
|poke|p2|Cinderace, F|
|poke|p2|Slowking-Galar, F|
|poke|p2|Kingambit, F|
|poke|p2|Iron Valiant|
|poke|p2|Landorus-Therian, M|
|teampreview
|inactive|Battle timer is ON: inactive players will automatically lose when time's up. (requested by dihhmonster)
|
|t:|1769411900
|teamsize|p1|6
|teamsize|p2|6
|start
|switch|p1a: Garganacl|Garganacl, M|100/100
|switch|p2a: Landorus|Landorus-Therian, M|100/100
|-ability|p2a: Landorus|Intimidate|boost
|-unboost|p1a: Garganacl|atk|1
|turn|1
|
|t:|1769411909
|move|p2a: Landorus|Earth Power|p1a: Garganacl
|-supereffective|p1a: Garganacl
|-damage|p1a: Garganacl|55/100
|move|p1a: Garganacl|Stealth Rock|p2a: Landorus
|-sidestart|p2: dihhmonster|move: Stealth Rock
|
|-heal|p1a: Garganacl|62/100|[from] item: Leftovers
|upkeep
|turn|2
|
|t:|1769411927
|switch|p1a: Great Tusk|Great Tusk|100/100
|move|p2a: Landorus|Earth Power|p1a: Great Tusk
|-damage|p1a: Great Tusk|58/100
|
|upkeep
|turn|3
|
|t:|1769411939
|switch|p2a: Cinderace|Cinderace, F|100/100
|move|p1a: Great Tusk|Ice Spinner|p2a: Cinderace
|-resisted|p2a: Cinderace
|-damage|p2a: Cinderace|84/100
|
|upkeep
|turn|4
|
|t:|1769411958
|switch|p2a: Landorus|Landorus-Therian, M|100/100
|-damage|p2a: Landorus|88/100|[from] Stealth Rock
|-ability|p2a: Landorus|Intimidate|boost
|-unboost|p1a: Great Tusk|atk|1
|-end|p1a: Great Tusk|Protosynthesis|[silent]
|switch|p1a: Garganacl|Garganacl, M|62/100
|
|-heal|p1a: Garganacl|68/100|[from] item: Leftovers
|upkeep
|turn|5
|
|t:|1769411978
|-terastallize|p1a: Garganacl|Water
|move|p1a: Garganacl|Protect|p1a: Garganacl
|-singleturn|p1a: Garganacl|Protect
|move|p2a: Landorus|Earth Power|p1a: Garganacl
|-activate|p1a: Garganacl|move: Protect
|
|-heal|p1a: Garganacl|74/100|[from] item: Leftovers
|upkeep
|turn|6
|
|t:|1769411991
|move|p2a: Landorus|Earth Power|p1a: Garganacl
|-damage|p1a: Garganacl|51/100
|move|p1a: Garganacl|Salt Cure|p2a: Landorus
|-damage|p2a: Landorus|79/100
|-start|p2a: Landorus|Salt Cure
|
|-heal|p1a: Garganacl|58/100|[from] item: Leftovers
|-damage|p2a: Landorus|66/100|[from] Salt Cure
|upkeep
|turn|7
|
|t:|1769412001
|move|p2a: Landorus|U-turn|p1a: Garganacl
|-damage|p1a: Garganacl|44/100
|
|t:|1769412010
|switch|p2a: Slowking|Slowking-Galar, F|100/100|[from] U-turn
|move|p1a: Garganacl|Recover|p1a: Garganacl
|-heal|p1a: Garganacl|94/100
|
|-heal|p1a: Garganacl|99/100|[from] item: Leftovers
|upkeep
|turn|8
|inactive|6hoolalala9 has 120 seconds left.
|
|t:|1769412038
|switch|p1a: Ursaring|Ursaring, F|100/100
|move|p2a: Slowking|Future Sight|p1a: Ursaring
|-start|p2a: Slowking|move: Future Sight
|
|-status|p1a: Ursaring|brn|[from] item: Flame Orb
|upkeep
|turn|9
|inactive|6hoolalala9 has 120 seconds left.
|
|t:|1769412049
|switch|p2a: Landorus|Landorus-Therian, M|66/100
|-damage|p2a: Landorus|54/100|[from] Stealth Rock
|-ability|p2a: Landorus|Intimidate|boost
|-unboost|p1a: Ursaring|atk|1
|move|p1a: Ursaring|Facade|p2a: Landorus
|-damage|p2a: Landorus|1/100
|-damage|p1a: Ursaring|84/100 brn|[from] item: Rocky Helmet|[of] p2a: Landorus
|
|-damage|p1a: Ursaring|78/100 brn|[from] brn
|upkeep
|turn|10
|inactive|6hoolalala9 has 120 seconds left.
|
|t:|1769412062
|switch|p1a: Garganacl|Garganacl, M, tera:Water|99/100
|move|p2a: Landorus|Earth Power|p1a: Garganacl
|-damage|p1a: Garganacl|78/100
|
|-end|p1a: Garganacl|move: Future Sight
|-damage|p1a: Garganacl|47/100
|-heal|p1a: Garganacl|53/100|[from] item: Leftovers
|upkeep
|turn|11
|inactive|6hoolalala9 has 120 seconds left.
|
|t:|1769412072
|move|p2a: Landorus|Earth Power|p1a: Garganacl
|-damage|p1a: Garganacl|30/100
|move|p1a: Garganacl|Recover|p1a: Garganacl
|-heal|p1a: Garganacl|80/100
|
|-heal|p1a: Garganacl|87/100|[from] item: Leftovers
|upkeep
|turn|12
|
|t:|1769412080
|move|p2a: Landorus|Earth Power|p1a: Garganacl
|-damage|p1a: Garganacl|63/100
|-unboost|p1a: Garganacl|spd|1
|move|p1a: Garganacl|Salt Cure|p2a: Landorus
|-damage|p2a: Landorus|0 fnt
|faint|p2a: Landorus
|
|-heal|p1a: Garganacl|69/100|[from] item: Leftovers
|upkeep
|
|t:|1769412088
|switch|p2a: Cinderace|Cinderace, F|84/100
|turn|13
|
|t:|1769412102
|move|p1a: Garganacl|Protect|p1a: Garganacl
|-singleturn|p1a: Garganacl|Protect
|move|p2a: Cinderace|U-turn|p1a: Garganacl
|-start|p2a: Cinderace|typechange|Bug|[from] ability: Libero
|-activate|p1a: Garganacl|move: Protect
|
|-heal|p1a: Garganacl|75/100|[from] item: Leftovers
|upkeep
|turn|14
|
|t:|1769412111
|move|p2a: Cinderace|U-turn|p1a: Garganacl
|-damage|p1a: Garganacl|51/100
|
|t:|1769412116
|switch|p2a: Kingambit|Kingambit, F|100/100|[from] U-turn
|-damage|p2a: Kingambit|94/100|[from] Stealth Rock
|-activate|p2a: Kingambit|ability: Supreme Overlord
|-start|p2a: Kingambit|fallen1|[silent]
|move|p1a: Garganacl|Salt Cure|p2a: Kingambit
|-resisted|p2a: Kingambit
|-damage|p2a: Kingambit|90/100
|-start|p2a: Kingambit|Salt Cure
|
|-heal|p2a: Kingambit|96/100|[from] item: Leftovers
|-heal|p1a: Garganacl|58/100|[from] item: Leftovers
|-damage|p2a: Kingambit|71/100|[from] Salt Cure
|upkeep
|turn|15
|
|t:|1769412128
|move|p1a: Garganacl|Protect|p1a: Garganacl
|-singleturn|p1a: Garganacl|Protect
|move|p2a: Kingambit|Kowtow Cleave|p1a: Garganacl
|-activate|p1a: Garganacl|move: Protect
|
|-heal|p2a: Kingambit|77/100|[from] item: Leftovers
|-heal|p1a: Garganacl|64/100|[from] item: Leftovers
|-damage|p2a: Kingambit|52/100|[from] Salt Cure
|upkeep
|turn|16
|
|t:|1769412142
|move|p2a: Kingambit|Swords Dance|p2a: Kingambit
|-boost|p2a: Kingambit|atk|2
|move|p1a: Garganacl|Recover|p1a: Garganacl
|-heal|p1a: Garganacl|100/100
|
|-heal|p2a: Kingambit|58/100|[from] item: Leftovers
|-damage|p2a: Kingambit|33/100|[from] Salt Cure
|upkeep
|turn|17
|
|t:|1769412154
|move|p1a: Garganacl|Protect|p1a: Garganacl
|-singleturn|p1a: Garganacl|Protect
|move|p2a: Kingambit|Swords Dance|p2a: Kingambit
|-boost|p2a: Kingambit|atk|2
|
|-heal|p2a: Kingambit|39/100|[from] item: Leftovers
|-damage|p2a: Kingambit|14/100|[from] Salt Cure
|upkeep
|turn|18
|
|t:|1769412170
|switch|p1a: Corviknight|Corviknight, F|100/100
|move|p2a: Kingambit|Kowtow Cleave|p1a: Corviknight
|-damage|p1a: Corviknight|0 fnt
|faint|p1a: Corviknight
|
|-heal|p2a: Kingambit|21/100|[from] item: Leftovers
|-damage|p2a: Kingambit|0 fnt|[from] Salt Cure
|faint|p2a: Kingambit
|-end|p2a: Kingambit|fallen1|[silent]
|upkeep
|
|t:|1769412187
|switch|p1a: Serperior|Serperior, M|100/100
|switch|p2a: Kyurem|Kyurem|100/100
|-damage|p2a: Kyurem|76/100|[from] Stealth Rock
|-ability|p2a: Kyurem|Pressure
|turn|19
|
|t:|1769412202
|move|p1a: Serperior|Glare|p2a: Kyurem
|-status|p2a: Kyurem|par
|cant|p2a: Kyurem|par
|
|upkeep
|turn|20
|
|t:|1769412211
|move|p1a: Serperior|Leech Seed|p2a: Kyurem
|-start|p2a: Kyurem|move: Leech Seed
|cant|p2a: Kyurem|par
|
|-damage|p2a: Kyurem|63/100 par|[from] Leech Seed|[of] p1a: Serperior
|upkeep
|turn|21
|
|t:|1769412220
|move|p1a: Serperior|Substitute|p1a: Serperior
|-start|p1a: Serperior|Substitute
|-damage|p1a: Serperior|76/100
|move|p2a: Kyurem|Freeze-Dry|p1a: Serperior
|-supereffective|p1a: Serperior
|-end|p1a: Serperior|Substitute
|
|-damage|p2a: Kyurem|51/100 par|[from] Leech Seed|[of] p1a: Serperior
|-heal|p1a: Serperior|90/100|[silent]
|upkeep
|turn|22
|
|t:|1769412228
|move|p1a: Serperior|Substitute|p1a: Serperior
|-start|p1a: Serperior|Substitute
|-damage|p1a: Serperior|65/100
|move|p2a: Kyurem|Freeze-Dry|p1a: Serperior
|-supereffective|p1a: Serperior
|-end|p1a: Serperior|Substitute
|
|-damage|p2a: Kyurem|39/100 par|[from] Leech Seed|[of] p1a: Serperior
|-heal|p1a: Serperior|79/100|[silent]
|upkeep
|turn|23
|
|t:|1769412237
|switch|p2a: Cinderace|Cinderace, F|84/100
|move|p1a: Serperior|Substitute|p1a: Serperior
|-start|p1a: Serperior|Substitute
|-damage|p1a: Serperior|54/100
|
|upkeep
|turn|24
|
|t:|1769412248
|move|p2a: Cinderace|Pyro Ball|p1a: Serperior
|-supereffective|p1a: Serperior
|-end|p1a: Serperior|Substitute
|move|p1a: Serperior|Glare|p2a: Cinderace
|-status|p2a: Cinderace|par
|
|upkeep
|turn|25
|
|t:|1769412259
|switch|p1a: Garganacl|Garganacl, M, tera:Water|100/100
|move|p2a: Cinderace|Pyro Ball|p1a: Garganacl
|-resisted|p1a: Garganacl
|-damage|p1a: Garganacl|81/100
|
|-heal|p1a: Garganacl|87/100|[from] item: Leftovers
|upkeep
|turn|26
|
|t:|1769412267
|move|p2a: Cinderace|U-turn|p1a: Garganacl
|-start|p2a: Cinderace|typechange|Bug|[from] ability: Libero
|-damage|p1a: Garganacl|67/100
|-message|dihhmonster forfeited.
|
|win|6hoolalala9
|raw|6hoolalala9's rating: 1196 &rarr; <strong>1216</strong><br />(+20 for winning)
|raw|dihhmonster's rating: 1130 &rarr; <strong>1110</strong><br />(-20 for losing)
|l|☆dihhmonster
|player|p2|
|l|☆6hoolalala9
|player|p1|
