|j|☆John orb
|j|☆Adoumi_
|t:|1769412949
|gametype|singles
|player|p1|John orb|li|1239
|player|p2|Adoumi_|hiker-gen4|1322
|gen|9
|tier|[Gen 9] OU
|rated|
|rule|HP Percentage Mod: HP is shown in percentages
|rule|Endless Battle Clause: Forcing endless battles is banned
|rule|Species Clause: Limit one of each Pokémon
|rule|OHKO Clause: OHKO moves are banned
|rule|Evasion Items Clause: Evasion items are banned
|rule|Evasion Moves Clause: Evasion moves are banned
|rule|Evasion Abilities Clause: Evasion abilities are banned
|rule|Sleep Moves Clause: Sleep-inducing moves are banned
|clearpoke
|poke|p1|Kingambit, M|
|poke|p1|Mimikyu, M|
|poke|p1|Great Tusk|
|poke|p1|Landorus-Therian, M|
|poke|p1|Cinderace, F|
|poke|p1|Deoxys-Speed|
|poke|p2|Hoopa-Unbound|
|poke|p2|Hatterene, F|
|poke|p2|Ursaluna, F|
|poke|p2|Slowking-Galar, F|
|poke|p2|Azumarill, M|
|poke|p2|Dusclops, M|
|teampreview
|inactive|Battle timer is ON: inactive players will automatically lose when time's up. (requested by Adoumi_)
|
|t:|1769412972
|teamsize|p1|6
|teamsize|p2|6
|start
|switch|p1a: Deoxys|Deoxys-Speed|100/100
|switch|p2a: Hatterene|Hatterene, F|100/100
|-ability|p1a: Deoxys|Pressure
|turn|1
|
|t:|1769412984
|move|p1a: Deoxys|Knock Off|p2a: Hatterene
|-crit|p2a: Hatterene
|-damage|p2a: Hatterene|60/100
|-enditem|p2a: Hatterene|Focus Sash|[from] move: Knock Off|[of] p1a: Deoxys
|move|p2a: Hatterene|Trick Room|p2a: Hatterene
|-fieldstart|move: Trick Room|[of] p2a: Hatterene
|
|upkeep
|turn|2
|
|t:|1769412994
|move|p2a: Hatterene|Draining Kiss|p1a: Deoxys
|-damage|p1a: Deoxys|48/100
|-heal|p2a: Hatterene|90/100|[from] drain|[of] p1a: Deoxys
|move|p1a: Deoxys|Psycho Boost|p2a: Hatterene
|-resisted|p2a: Hatterene
|-damage|p2a: Hatterene|62/100
|-unboost|p1a: Deoxys|spa|2
|-enditem|p1a: Deoxys|Eject Pack
|
|t:|1769413023
|switch|p1a: Mimikyu|Mimikyu, M|100/100
|
|upkeep
|turn|3
|
|t:|1769413038
|move|p2a: Hatterene|Draining Kiss|p1a: Mimikyu
|-activate|p1a: Mimikyu|ability: Disguise
|-damage|p1a: Mimikyu|100/100
|detailschange|p1a: Mimikyu|Mimikyu-Busted, M
|-damage|p1a: Mimikyu|88/100|[from] pokemon: Mimikyu-Busted
|move|p1a: Mimikyu|Swords Dance|p1a: Mimikyu
|-boost|p1a: Mimikyu|atk|2
|
|upkeep
|turn|4
|
|t:|1769413049
|switch|p2a: Le firat|Ursaluna, F|100/100
|move|p1a: Mimikyu|Phantom Force||[still]
|-prepare|p1a: Mimikyu|Phantom Force
|
|-status|p2a: Le firat|brn|[from] item: Flame Orb
|upkeep
|turn|5
|
|t:|1769413066
|move|p2a: Le firat|Facade|p1a: Mimikyu|[miss]
|-miss|p2a: Le firat|p1a: Mimikyu
|move|p1a: Mimikyu|Phantom Force|p2a: Le firat|[from] lockedmove
|-immune|p2a: Le firat
|
|-damage|p2a: Le firat|94/100 brn|[from] brn
|-fieldend|move: Trick Room
|upkeep
|turn|6
|
|t:|1769413079
|move|p1a: Mimikyu|Drain Punch|p2a: Le firat
|-supereffective|p2a: Le firat
|-damage|p2a: Le firat|12/100 brn
|-heal|p1a: Mimikyu|100/100|[from] drain|[of] p2a: Le firat
|-damage|p1a: Mimikyu|91/100|[from] item: Life Orb
|move|p2a: Le firat|Headlong Rush|p1a: Mimikyu
|-damage|p1a: Mimikyu|0 fnt
|-unboost|p2a: Le firat|def|1
|-unboost|p2a: Le firat|spd|1
|faint|p1a: Mimikyu
|
|-damage|p2a: Le firat|6/100 brn|[from] brn
|upkeep
|inactive|John orb has 120 seconds left.
|
|t:|1769413110
|switch|p1a: Great Tusk|Great Tusk|100/100
|-enditem|p1a: Great Tusk|Booster Energy
|-activate|p1a: Great Tusk|ability: Protosynthesis|[fromitem]
|-start|p1a: Great Tusk|protosynthesisatk
|turn|7
|
|t:|1769413120
|switch|p2a: Pq|Dusclops, M|100/100
|-ability|p2a: Pq|Pressure
|move|p1a: Great Tusk|Rapid Spin|p2a: Pq
|-immune|p2a: Pq
|
|upkeep
|turn|8
|
|t:|1769413130
|-end|p1a: Great Tusk|Protosynthesis|[silent]
|switch|p1a: Landorus|Landorus-Therian, M|100/100
|-ability|p1a: Landorus|Intimidate|boost
|-unboost|p2a: Pq|atk|1
|move|p2a: Pq|Trick Room|p2a: Pq
|-fieldstart|move: Trick Room|[of] p2a: Pq
|
|upkeep
|turn|9
|
|t:|1769413141
|move|p2a: Pq|Will-O-Wisp|p1a: Landorus
|-status|p1a: Landorus|brn
|move|p1a: Landorus|U-turn|p2a: Pq
|-resisted|p2a: Pq
|-damage|p2a: Pq|98/100
|
|t:|1769413147
|switch|p1a: Deoxys|Deoxys-Speed|48/100|[from] U-turn
|-ability|p1a: Deoxys|Pressure
|
|upkeep
|turn|10
|
|t:|1769413156
|move|p2a: Pq|Will-O-Wisp|p1a: Deoxys
|-status|p1a: Deoxys|brn
|move|p1a: Deoxys|Knock Off|p2a: Pq
|-supereffective|p2a: Pq
|-damage|p2a: Pq|84/100
|-enditem|p2a: Pq|Eviolite|[from] move: Knock Off|[of] p1a: Deoxys
|
|-damage|p1a: Deoxys|42/100 brn|[from] brn
|upkeep
|turn|11
|
|t:|1769413166
|move|p2a: Pq|Will-O-Wisp|p1a: Deoxys
|-fail|p1a: Deoxys|brn
|move|p1a: Deoxys|Psycho Boost|p2a: Pq
|-damage|p2a: Pq|30/100
|-unboost|p1a: Deoxys|spa|2
|
|-damage|p1a: Deoxys|36/100 brn|[from] brn
|upkeep
|turn|12
|
|t:|1769413180
|move|p2a: Pq|Curse|p1a: Deoxys
|-start|p1a: Deoxys|Curse|[of] p2a: Pq
|-damage|p2a: Pq|0 fnt
|faint|p2a: Pq
|move|p1a: Deoxys|Spikes|p2: Pq
|-sidestart|p2: Adoumi_|Spikes
|
|-damage|p1a: Deoxys|30/100 brn|[from] brn
|-damage|p1a: Deoxys|5/100 brn|[from] Curse
|-fieldend|move: Trick Room
|upkeep
|
|t:|1769413193
|switch|p2a: Hatterene|Hatterene, F|62/100
|-damage|p2a: Hatterene|49/100|[from] Spikes
|turn|13
|
|t:|1769413198
|move|p1a: Deoxys|Knock Off|p2a: Hatterene
|-damage|p2a: Hatterene|39/100
|move|p2a: Hatterene|Trick Room|p2a: Hatterene
|-fieldstart|move: Trick Room|[of] p2a: Hatterene
|
|-damage|p1a: Deoxys|0 fnt|[from] brn
|faint|p1a: Deoxys
|upkeep
|inactive|John orb has 120 seconds left.
|
|t:|1769413228
|switch|p1a: Cinderace|Cinderace, F|100/100
|turn|14
|
|t:|1769413236
|move|p1a: Cinderace|Sucker Punch||[still]
|-fail|p1a: Cinderace
|move|p2a: Hatterene|Healing Wish|p2a: Hatterene
|faint|p2a: Hatterene
|
|upkeep
|
|t:|1769413242
|switch|p2a: Le firat|Ursaluna, F|6/100 brn
|-heal|p2a: Le firat|100/100|[from] move: Healing Wish
|-damage|p2a: Le firat|88/100|[from] Spikes
|turn|15
|
|t:|1769413259
|move|p2a: Le firat|Facade|p1a: Cinderace
|-damage|p1a: Cinderace|39/100
|move|p1a: Cinderace|Low Kick|p2a: Le firat
|-start|p1a: Cinderace|typechange|Fighting|[from] ability: Libero
|-supereffective|p2a: Le firat
|-damage|p2a: Le firat|0 fnt
|faint|p2a: Le firat
|
|upkeep
|
|t:|1769413277
|switch|p2a: Kinder|Azumarill, M|100/100
|-damage|p2a: Kinder|88/100|[from] Spikes
|turn|16
|
|t:|1769413288
|move|p2a: Kinder|Liquidation|p1a: Cinderace
|-damage|p1a: Cinderace|0 fnt
|faint|p1a: Cinderace
|
|upkeep
|
|t:|1769413295
|switch|p1a: Landorus|Landorus-Therian, M|100/100 brn
|-ability|p1a: Landorus|Intimidate|boost
|-unboost|p2a: Kinder|atk|1
|turn|17
|
|t:|1769413305
|move|p2a: Kinder|Liquidation|p1a: Landorus
|-supereffective|p1a: Landorus
|-damage|p1a: Landorus|1/100 brn
|-damage|p2a: Kinder|72/100|[from] item: Rocky Helmet|[of] p1a: Landorus
|move|p1a: Landorus|Taunt|p2a: Kinder
|-start|p2a: Kinder|move: Taunt
|
|-damage|p1a: Landorus|0 fnt|[from] brn
|faint|p1a: Landorus
|-fieldend|move: Trick Room
|upkeep
|
|t:|1769413321
|switch|p1a: Great Tusk|Great Tusk|100/100
|turn|18
|
|t:|1769413327
|move|p1a: Great Tusk|Headlong Rush|p2a: Kinder
|-damage|p2a: Kinder|7/100
|-unboost|p1a: Great Tusk|def|1
|-unboost|p1a: Great Tusk|spd|1
|move|p2a: Kinder|Liquidation|p1a: Great Tusk
|-supereffective|p1a: Great Tusk
|-damage|p1a: Great Tusk|0 fnt
|faint|p1a: Great Tusk
|-end|p1a: Great Tusk|Protosynthesis|[silent]
|
|upkeep
|
|t:|1769413331
|switch|p1a: Kingambit|Kingambit, M|100/100
|-activate|p1a: Kingambit|ability: Supreme Overlord
|-start|p1a: Kingambit|fallen5|[silent]
|turn|19
|
|t:|1769413345
|switch|p2a: Cachir|Slowking-Galar, F|100/100
|-damage|p2a: Cachir|88/100|[from] Spikes
|move|p1a: Kingambit|Sucker Punch||[still]
|-fail|p1a: Kingambit
|
|upkeep
|turn|20
|
|t:|1769413358
|-terastallize|p2a: Cachir|Poison
|move|p1a: Kingambit|Kowtow Cleave|p2a: Cachir
|-damage|p2a: Cachir|14/100
|move|p2a: Cachir|Trick Room|p2a: Cachir
|-fieldstart|move: Trick Room|[of] p2a: Cachir
|
|upkeep
|turn|21
|
|t:|1769413366
|move|p2a: Cachir|Fire Blast|p1a: Kingambit
|-supereffective|p1a: Kingambit
|-damage|p1a: Kingambit|0 fnt
|faint|p1a: Kingambit
|-end|p1a: Kingambit|fallen5|[silent]
|-damage|p2a: Cachir|4/100|[from] item: Life Orb
|
|win|Adoumi_
|raw|John orb's rating: 1239 &rarr; <strong>1220</strong><br />(-19 for losing)
|raw|Adoumi_'s rating: 1322 &rarr; <strong>1337</strong><br />(+15 for winning)
|l|☆John orb
|player|p1|
|l|☆Adoumi_
|player|p2|
