|j|☆dragaloek2
|j|☆salukiwa
|t:|1769353697
|gametype|singles
|player|p1|dragaloek2|102|1263
|player|p2|salukiwa|266|1288
|gen|9
|tier|[Gen 9] OU
|rated|
|rule|HP Percentage Mod: HP is shown in percentages
|rule|Endless Battle Clause: Forcing endless battles is banned
|rule|Species Clause: Limit one of each Pokémon
|rule|OHKO Clause: OHKO moves are banned
|rule|Evasion Items Clause: Evasion items are banned
|rule|Evasion Moves Clause: Evasion moves are banned
|rule|Evasion Abilities Clause: Evasion abilities are banned
|rule|Sleep Moves Clause: Sleep-inducing moves are banned
|clearpoke
|poke|p1|Great Tusk|
|poke|p1|Enamorus, F|
|poke|p1|Slowking-Galar, M|
|poke|p1|Ogerpon, F|
|poke|p1|Deoxys-Speed|
|poke|p1|Toxtricity, M|
|poke|p2|Garganacl, M|
|poke|p2|Blaziken, M|
|poke|p2|Ogerpon-Wellspring, F|
|poke|p2|Weezing-Galar, F|
|poke|p2|Kingambit, F|
|poke|p2|Zapdos|
|teampreview
|inactive|Battle timer is ON: inactive players will automatically lose when time's up. (requested by dragaloek2)
|
|t:|1769353707
|teamsize|p1|6
|teamsize|p2|6
|start
|switch|p1a: Ogerpon|Ogerpon, F|100/100
|switch|p2a: Kingambit|Kingambit, F|100/100
|turn|1
|
|t:|1769353713
|move|p1a: Ogerpon|U-turn|p2a: Kingambit
|-damage|p2a: Kingambit|76/100
|
|t:|1769353721
|switch|p1a: Enamorus|Enamorus, F, shiny|100/100|[from] U-turn
|move|p2a: Kingambit|Swords Dance|p2a: Kingambit
|-boost|p2a: Kingambit|atk|2
|
|-heal|p2a: Kingambit|82/100|[from] item: Leftovers
|upkeep
|turn|2
|
|t:|1769353731
|-terastallize|p2a: Kingambit|Ghost
|move|p1a: Enamorus|Earth Power|p2a: Kingambit
|-damage|p2a: Kingambit|44/100
|move|p2a: Kingambit|Iron Head|p1a: Enamorus
|-supereffective|p1a: Enamorus
|-damage|p1a: Enamorus|0 fnt
|faint|p1a: Enamorus
|
|-heal|p2a: Kingambit|50/100|[from] item: Leftovers
|upkeep
|
|t:|1769353738
|switch|p1a: Great Tusk|Great Tusk, shiny|100/100
|turn|3
|
|t:|1769353741
|move|p2a: Kingambit|Sucker Punch|p1a: Great Tusk
|-resisted|p1a: Great Tusk
|-damage|p1a: Great Tusk|73/100
|-damage|p2a: Kingambit|34/100|[from] item: Rocky Helmet|[of] p1a: Great Tusk
|move|p1a: Great Tusk|Headlong Rush|p2a: Kingambit
|-damage|p2a: Kingambit|0 fnt
|-unboost|p1a: Great Tusk|def|1
|-unboost|p1a: Great Tusk|spd|1
|faint|p2a: Kingambit
|-end|p2a: Kingambit|fallenundefined|[silent]
|
|upkeep
|
|t:|1769353768
|switch|p2a: Weezing|Weezing-Galar, F|100/100
|turn|4
|
|t:|1769353785
|-end|p1a: Great Tusk|Protosynthesis|[silent]
|switch|p1a: Slowking|Slowking-Galar, M, shiny|100/100
|move|p2a: Weezing|Toxic|p1a: Slowking
|-immune|p1a: Slowking
|
|upkeep
|turn|5
|
|t:|1769353796
|switch|p2a: Garganacl|Garganacl, M|100/100
|move|p1a: Slowking|Psychic Noise|p2a: Garganacl
|-damage|p2a: Garganacl|80/100
|-start|p2a: Garganacl|move: Heal Block
|
|upkeep
|turn|6
|
|t:|1769353819
|move|p2a: Garganacl|Salt Cure|p1a: Slowking
|-damage|p1a: Slowking|91/100
|-start|p1a: Slowking|Salt Cure
|move|p1a: Slowking|Sludge Bomb|p2a: Garganacl
|-resisted|p2a: Garganacl
|-damage|p2a: Garganacl|68/100
|
|-damage|p1a: Slowking|79/100|[from] Salt Cure
|-end|p2a: Garganacl|move: Heal Block
|upkeep
|turn|7
|inactive|dragaloek2 has 120 seconds left.
|
|t:|1769353842
|switch|p1a: Deoxys|Deoxys-Speed|100/100
|-ability|p1a: Deoxys|Pressure
|move|p2a: Garganacl|Stealth Rock|p1a: Deoxys
|-sidestart|p1: dragaloek2|move: Stealth Rock
|
|-heal|p2a: Garganacl|74/100|[from] item: Leftovers
|upkeep
|turn|8
|
|t:|1769353849
|move|p1a: Deoxys|Psycho Boost|p2a: Garganacl
|-damage|p2a: Garganacl|8/100
|-unboost|p1a: Deoxys|spa|2
|move|p2a: Garganacl|Salt Cure|p1a: Deoxys
|-damage|p1a: Deoxys|79/100
|-start|p1a: Deoxys|Salt Cure
|
|-heal|p2a: Garganacl|14/100|[from] item: Leftovers
|-damage|p1a: Deoxys|67/100|[from] Salt Cure
|upkeep
|turn|9
|
|t:|1769353856
|move|p2a: Garganacl|Protect|p2a: Garganacl
|-singleturn|p2a: Garganacl|Protect
|move|p1a: Deoxys|Psycho Boost|p2a: Garganacl
|-activate|p2a: Garganacl|move: Protect
|
|-heal|p2a: Garganacl|20/100|[from] item: Leftovers
|-damage|p1a: Deoxys|54/100|[from] Salt Cure
|upkeep
|turn|10
|
|t:|1769353870
|move|p1a: Deoxys|Psycho Boost|p2a: Garganacl
|-damage|p2a: Garganacl|0 fnt
|-unboost|p1a: Deoxys|spa|2
|faint|p2a: Garganacl
|
|-damage|p1a: Deoxys|42/100|[from] Salt Cure
|upkeep
|
|t:|1769353877
|switch|p2a: Zapdos|Zapdos|100/100
|turn|11
|
|t:|1769353888
|switch|p1a: Slowking|Slowking-Galar, M, shiny|100/100
|-damage|p1a: Slowking|88/100|[from] Stealth Rock
|move|p2a: Zapdos|Thunderbolt|p1a: Slowking
|-damage|p1a: Slowking|64/100
|
|upkeep
|turn|12
|
|t:|1769353904
|move|p2a: Zapdos|Hurricane|p1a: Slowking
|-damage|p1a: Slowking|32/100
|move|p1a: Slowking|Psychic Noise|p2a: Zapdos
|-damage|p2a: Zapdos|67/100
|-start|p2a: Zapdos|move: Heal Block
|
|upkeep
|turn|13
|
|t:|1769353917
|switch|p1a: Toxtricity|Toxtricity, M|100/100
|-damage|p1a: Toxtricity|88/100|[from] Stealth Rock
|move|p2a: Zapdos|Hurricane|p1a: Toxtricity
|-resisted|p1a: Toxtricity
|-crit|p1a: Toxtricity
|-damage|p1a: Toxtricity|21/100
|
|-end|p2a: Zapdos|move: Heal Block
|upkeep
|turn|14
|
|t:|1769353929
|move|p1a: Toxtricity|Boomburst|p2a: Zapdos
|-damage|p2a: Zapdos|0 fnt
|faint|p2a: Zapdos
|
|upkeep
|
|t:|1769353944
|switch|p2a: Ogerpon|Ogerpon-Wellspring, F|100/100
|turn|15
|
|t:|1769353948
|move|p1a: Toxtricity|Boomburst|p2a: Ogerpon
|-damage|p2a: Ogerpon|25/100
|move|p2a: Ogerpon|Ivy Cudgel|p1a: Toxtricity|[anim] Ivy Cudgel Water
|-damage|p1a: Toxtricity|0 fnt
|faint|p1a: Toxtricity
|
|upkeep
|
|t:|1769353952
|switch|p1a: Ogerpon|Ogerpon, F|100/100
|-damage|p1a: Ogerpon|88/100|[from] Stealth Rock
|turn|16
|
|t:|1769353955
|-terastallize|p1a: Ogerpon|Grass
|detailschange|p1a: Ogerpon|Ogerpon-Teal-Tera, F, tera:Grass
|-ability|p1a: Ogerpon|Embody Aspect (Teal)|boost
|-boost|p1a: Ogerpon|spe|1
|move|p1a: Ogerpon|U-turn|p2a: Ogerpon
|-supereffective|p2a: Ogerpon
|-damage|p2a: Ogerpon|0 fnt
|faint|p2a: Ogerpon
|
|t:|1769353963
|switch|p1a: Deoxys|Deoxys-Speed|42/100|[from] U-turn
|-damage|p1a: Deoxys|29/100|[from] Stealth Rock
|-ability|p1a: Deoxys|Pressure
|
|upkeep
|
|t:|1769353974
|switch|p2a: Blaziken|Blaziken, M|100/100
|turn|17
|
|t:|1769353980
|move|p1a: Deoxys|Psycho Boost|p2a: Blaziken
|-supereffective|p2a: Blaziken
|-damage|p2a: Blaziken|0 fnt
|-unboost|p1a: Deoxys|spa|2
|faint|p2a: Blaziken
|
|upkeep
|-message|salukiwa forfeited.
|
|win|dragaloek2
|raw|dragaloek2's rating: 1263 &rarr; <strong>1290</strong><br />(+27 for winning)
|raw|salukiwa's rating: 1288 &rarr; <strong>1261</strong><br />(-27 for losing)
|l|☆salukiwa
|player|p2|
|l|☆dragaloek2
|player|p1|
