|j|☆suprya
|j|☆shuca nacua
|t:|1769298830
|gametype|singles
|player|p1|suprya|wattson|1594
|player|p2|shuca nacua|musician|1613
|gen|9
|tier|[Gen 9] OU
|rated|
|rule|HP Percentage Mod: HP is shown in percentages
|rule|Endless Battle Clause: Forcing endless battles is banned
|rule|Species Clause: Limit one of each Pokémon
|rule|OHKO Clause: OHKO moves are banned
|rule|Evasion Items Clause: Evasion items are banned
|rule|Evasion Moves Clause: Evasion moves are banned
|rule|Evasion Abilities Clause: Evasion abilities are banned
|rule|Sleep Moves Clause: Sleep-inducing moves are banned
|clearpoke
|poke|p1|Magnezone|
|poke|p1|Dragapult, F|
|poke|p1|Slowking-Galar, M|
|poke|p1|Darkrai|
|poke|p1|Great Tusk|
|poke|p1|Enamorus-Therian, F|
|poke|p2|Chesnaught, M|
|poke|p2|Garganacl, M|
|poke|p2|Weezing-Galar, M|
|poke|p2|Dragonite, M|
|poke|p2|Araquanid, F|
|poke|p2|Gholdengo|
|teampreview
|inactive|Battle timer is ON: inactive players will automatically lose when time's up. (requested by suprya)
|
|t:|1769298850
|teamsize|p1|6
|teamsize|p2|6
|start
|switch|p1a: Darkrai|Darkrai|100/100
|switch|p2a: Araquanid|Araquanid, F|100/100
|turn|1
|
|t:|1769298856
|move|p1a: Darkrai|Dark Pulse|p2a: Araquanid
|-damage|p2a: Araquanid|67/100
|move|p2a: Araquanid|Liquidation|p1a: Darkrai
|-damage|p1a: Darkrai|0 fnt
|faint|p1a: Darkrai
|
|upkeep
|
|t:|1769298862
|switch|p1a: Dragapult|Dragapult, F|100/100
|turn|2
|
|t:|1769298868
|switch|p2a: Garganacl|Garganacl, M|100/100
|move|p1a: Dragapult|Dragon Dance|p1a: Dragapult
|-boost|p1a: Dragapult|atk|1
|-boost|p1a: Dragapult|spe|1
|
|upkeep
|turn|3
|
|t:|1769298889
|move|p1a: Dragapult|Substitute|p1a: Dragapult
|-start|p1a: Dragapult|Substitute
|-damage|p1a: Dragapult|75/100
|move|p2a: Garganacl|Salt Cure|p1a: Dragapult
|-activate|p1a: Dragapult|move: Substitute|[damage]
|
|-heal|p1a: Dragapult|82/100|[from] item: Leftovers
|upkeep
|turn|4
|
|t:|1769298911
|move|p1a: Dragapult|Dragon Dance|p1a: Dragapult
|-boost|p1a: Dragapult|atk|1
|-boost|p1a: Dragapult|spe|1
|move|p2a: Garganacl|Stealth Rock|p1a: Dragapult
|-sidestart|p1: suprya|move: Stealth Rock
|
|-heal|p1a: Dragapult|88/100|[from] item: Leftovers
|upkeep
|turn|5
|
|t:|1769298919
|switch|p2a: Weezing|Weezing-Galar, M|100/100
|-ability|p2a: Weezing|Neutralizing Gas
|move|p1a: Dragapult|Dragon Darts|p2a: Weezing
|-immune|p2a: Weezing
|
|-heal|p1a: Dragapult|94/100|[from] item: Leftovers
|upkeep
|turn|6
|
|t:|1769298925
|move|p1a: Dragapult|Dragon Dance|p1a: Dragapult
|-boost|p1a: Dragapult|atk|1
|-boost|p1a: Dragapult|spe|1
|move|p2a: Weezing|Strange Steam|p1a: Dragapult
|-supereffective|p1a: Dragapult
|-end|p1a: Dragapult|Substitute
|
|-heal|p1a: Dragapult|100/100|[from] item: Leftovers
|upkeep
|turn|7
|
|t:|1769298930
|move|p1a: Dragapult|Phantom Force||[still]
|-prepare|p1a: Dragapult|Phantom Force
|move|p2a: Weezing|Strange Steam|p1a: Dragapult|[miss]
|-miss|p2a: Weezing|p1a: Dragapult
|
|upkeep
|turn|8
|
|t:|1769298935
|move|p1a: Dragapult|Phantom Force|p2a: Weezing|[from] lockedmove
|-damage|p2a: Weezing|3/100
|-damage|p1a: Dragapult|84/100|[from] item: Rocky Helmet|[of] p2a: Weezing
|move|p2a: Weezing|Strange Steam|p1a: Dragapult
|-supereffective|p1a: Dragapult
|-damage|p1a: Dragapult|12/100
|
|-heal|p1a: Dragapult|19/100|[from] item: Leftovers
|upkeep
|turn|9
|
|t:|1769298946
|move|p1a: Dragapult|Phantom Force||[still]
|-prepare|p1a: Dragapult|Phantom Force
|move|p2a: Weezing|Strange Steam|p1a: Dragapult|[miss]
|-miss|p2a: Weezing|p1a: Dragapult
|
|-heal|p1a: Dragapult|25/100|[from] item: Leftovers
|upkeep
|turn|10
|
|t:|1769298967
|move|p1a: Dragapult|Phantom Force|p2a: Weezing|[from] lockedmove
|-damage|p2a: Weezing|0 fnt
|-damage|p1a: Dragapult|8/100|[from] item: Rocky Helmet|[of] p2a: Weezing
|faint|p2a: Weezing
|-end|p2a: Weezing|ability: Neutralizing Gas
|
|-heal|p1a: Dragapult|15/100|[from] item: Leftovers
|upkeep
|
|t:|1769298975
|switch|p2a: Dragonite|Dragonite, M|100/100
|turn|11
|inactive|suprya has 120 seconds left.
|
|t:|1769299005
|-terastallize|p2a: Dragonite|Fairy
|move|p1a: Dragapult|Dragon Darts|p2a: Dragonite
|-immune|p2a: Dragonite
|move|p2a: Dragonite|Tera Blast|p1a: Dragapult|[anim] Tera Blast Fairy
|-supereffective|p1a: Dragapult
|-damage|p1a: Dragapult|0 fnt
|faint|p1a: Dragapult
|
|upkeep
|inactive|suprya has 120 seconds left.
|
|t:|1769299011
|switch|p1a: Slowking|Slowking-Galar, M|100/100
|turn|12
|inactive|suprya has 120 seconds left.
|
|t:|1769299028
|switch|p2a: Araquanid|Araquanid, F|67/100
|move|p1a: Slowking|Sludge Bomb|p2a: Araquanid
|-damage|p2a: Araquanid|41/100
|
|upkeep
|turn|13
|inactive|suprya has 120 seconds left.
|
|t:|1769299042
|-terastallize|p1a: Slowking|Water
|move|p2a: Araquanid|Liquidation|p1a: Slowking
|-resisted|p1a: Slowking
|-damage|p1a: Slowking|51/100
|move|p1a: Slowking|Sludge Bomb|p2a: Araquanid
|-damage|p2a: Araquanid|16/100
|-status|p2a: Araquanid|psn
|
|-damage|p2a: Araquanid|4/100 psn|[from] psn
|upkeep
|turn|14
|inactive|suprya has 120 seconds left.
|
|t:|1769299055
|move|p2a: Araquanid|Liquidation|p1a: Slowking
|-resisted|p1a: Slowking
|-damage|p1a: Slowking|0 fnt
|faint|p1a: Slowking
|
|-damage|p2a: Araquanid|0 fnt|[from] psn
|faint|p2a: Araquanid
|upkeep
|inactive|suprya has 120 seconds left.
|
|t:|1769299084
|switch|p2a: Chesnaught|Chesnaught, M|100/100
|switch|p1a: Enamorus|Enamorus-Therian, F|100/100
|turn|15
|
|t:|1769299089
|switch|p2a: Gholdengo|Gholdengo|100/100
|move|p1a: Enamorus|Calm Mind|p1a: Enamorus
|-boost|p1a: Enamorus|spa|1
|-boost|p1a: Enamorus|spd|1
|
|upkeep
|turn|16
|
|t:|1769299093
|move|p2a: Gholdengo|Thunder Wave|p1a: Enamorus
|-status|p1a: Enamorus|par
|move|p1a: Enamorus|Earth Power|p2a: Gholdengo
|-supereffective|p2a: Gholdengo
|-damage|p2a: Gholdengo|8/100
|
|-heal|p2a: Gholdengo|14/100|[from] item: Leftovers
|upkeep
|turn|17
|
|t:|1769299102
|switch|p1a: Magnezone|Magnezone|100/100
|-damage|p1a: Magnezone|94/100|[from] Stealth Rock
|move|p2a: Gholdengo|Make It Rain|p1a: Magnezone
|-resisted|p1a: Magnezone
|-damage|p1a: Magnezone|82/100
|-unboost|p2a: Gholdengo|spa|1
|
|-heal|p2a: Gholdengo|20/100|[from] item: Leftovers
|upkeep
|turn|18
|
|t:|1769299106
|move|p2a: Gholdengo|Hex|p1a: Magnezone
|-damage|p1a: Magnezone|66/100
|move|p1a: Magnezone|Thunderbolt|p2a: Gholdengo
|-damage|p2a: Gholdengo|0 fnt
|faint|p2a: Gholdengo
|
|upkeep
|
|t:|1769299111
|switch|p2a: Dragonite|Dragonite, M, tera:Fairy|100/100
|turn|19
|
|t:|1769299114
|move|p2a: Dragonite|Dragon Dance|p2a: Dragonite
|-boost|p2a: Dragonite|atk|1
|-boost|p2a: Dragonite|spe|1
|move|p1a: Magnezone|Flash Cannon|p2a: Dragonite
|-supereffective|p2a: Dragonite
|-damage|p2a: Dragonite|51/100
|
|upkeep
|turn|20
|
|t:|1769299120
|move|p2a: Dragonite|Earthquake|p1a: Magnezone
|-supereffective|p1a: Magnezone
|-damage|p1a: Magnezone|0 fnt
|faint|p1a: Magnezone
|
|upkeep
|
|t:|1769299124
|switch|p1a: Great Tusk|Great Tusk|100/100
|turn|21
|
|t:|1769299129
|move|p2a: Dragonite|Tera Blast|p1a: Great Tusk|[anim] Tera Blast Fairy
|-supereffective|p1a: Great Tusk
|-damage|p1a: Great Tusk|20/100
|move|p1a: Great Tusk|Headlong Rush|p2a: Dragonite
|-damage|p2a: Dragonite|0 fnt
|-unboost|p1a: Great Tusk|def|1
|-unboost|p1a: Great Tusk|spd|1
|faint|p2a: Dragonite
|
|upkeep
|
|t:|1769299136
|switch|p2a: Chesnaught|Chesnaught, M|100/100
|turn|22
|
|t:|1769299140
|move|p1a: Great Tusk|Rapid Spin|p2a: Chesnaught
|-damage|p2a: Chesnaught|92/100
|-boost|p1a: Great Tusk|spe|1
|-damage|p1a: Great Tusk|3/100|[from] item: Rocky Helmet|[of] p2a: Chesnaught
|-sideend|p1: suprya|Stealth Rock|[from] move: Rapid Spin|[of] p1a: Great Tusk
|move|p2a: Chesnaught|Iron Defense|p2a: Chesnaught
|-boost|p2a: Chesnaught|def|2
|
|upkeep
|turn|23
|
|t:|1769299144
|-end|p1a: Great Tusk|Protosynthesis|[silent]
|switch|p1a: Enamorus|Enamorus-Therian, F|100/100 par
|move|p2a: Chesnaught|Iron Defense|p2a: Chesnaught
|-boost|p2a: Chesnaught|def|2
|
|upkeep
|turn|24
|
|t:|1769299147
|move|p2a: Chesnaught|Body Press|p1a: Enamorus
|-resisted|p1a: Enamorus
|-damage|p1a: Enamorus|77/100 par
|move|p1a: Enamorus|Calm Mind|p1a: Enamorus
|-boost|p1a: Enamorus|spa|1
|-boost|p1a: Enamorus|spd|1
|
|upkeep
|turn|25
|
|t:|1769299152
|switch|p2a: Garganacl|Garganacl, M|100/100
|cant|p1a: Enamorus|par
|
|upkeep
|turn|26
|
|t:|1769299158
|move|p2a: Garganacl|Salt Cure|p1a: Enamorus
|-supereffective|p1a: Enamorus
|-damage|p1a: Enamorus|53/100 par
|-start|p1a: Enamorus|Salt Cure
|move|p1a: Enamorus|Earth Power|p2a: Garganacl
|-supereffective|p2a: Garganacl
|-damage|p2a: Garganacl|39/100
|
|-heal|p2a: Garganacl|45/100|[from] item: Leftovers
|-damage|p1a: Enamorus|41/100 par|[from] Salt Cure
|upkeep
|turn|27
|
|t:|1769299168
|switch|p1a: Great Tusk|Great Tusk|3/100
|move|p2a: Garganacl|Protect||[still]
|-fail|p2a: Garganacl
|
|-heal|p2a: Garganacl|51/100|[from] item: Leftovers
|upkeep
|turn|28
|
|t:|1769299174
|switch|p2a: Chesnaught|Chesnaught, M|92/100
|move|p1a: Great Tusk|Close Combat|p2a: Chesnaught
|-damage|p2a: Chesnaught|62/100
|-unboost|p1a: Great Tusk|def|1
|-unboost|p1a: Great Tusk|spd|1
|-damage|p1a: Great Tusk|0 fnt|[from] item: Rocky Helmet|[of] p2a: Chesnaught
|faint|p1a: Great Tusk
|-end|p1a: Great Tusk|Protosynthesis|[silent]
|
|upkeep
|
|t:|1769299176
|switch|p1a: Enamorus|Enamorus-Therian, F|41/100 par
|turn|29
|-message|suprya forfeited.
|
|win|shuca nacua
|raw|suprya's rating: 1577 &rarr; <strong>1559</strong><br />(-18 for losing)
|raw|shuca nacua's rating: 1613 &rarr; <strong>1631</strong><br />(+18 for winning)
|l|☆suprya
|player|p1|
|l|☆shuca nacua
|player|p2|
