|j|☆mingying
|j|☆rekka auto
|t:|1769437472
|gametype|singles
|player|p1|mingying|1|1531
|player|p2|rekka auto|266|1578
|gen|9
|tier|[Gen 9] OU
|rated|
|rule|HP Percentage Mod: HP is shown in percentages
|rule|Endless Battle Clause: Forcing endless battles is banned
|rule|Species Clause: Limit one of each Pokémon
|rule|OHKO Clause: OHKO moves are banned
|rule|Evasion Items Clause: Evasion items are banned
|rule|Evasion Moves Clause: Evasion moves are banned
|rule|Evasion Abilities Clause: Evasion abilities are banned
|rule|Sleep Moves Clause: Sleep-inducing moves are banned
|clearpoke
|poke|p1|Armarouge, F|
|poke|p1|Rillaboom, F|
|poke|p1|Tyranitar, M|
|poke|p1|Great Tusk|
|poke|p1|Iron Jugulis|
|poke|p1|Gholdengo|
|poke|p2|Rotom-Wash|
|poke|p2|Meowscarada, F|
|poke|p2|Comfey, F|
|poke|p2|Okidogi, M|
|poke|p2|Dragapult, M|
|poke|p2|Ting-Lu|
|teampreview
|inactive|Battle timer is ON: inactive players will automatically lose when time's up. (requested by rekka auto)
|inactive|rekka auto has 120 seconds left.
|
|t:|1769437527
|teamsize|p1|6
|teamsize|p2|6
|start
|switch|p1a: Rillaboom|Rillaboom, F|100/100
|switch|p2a: Meowscarada|Meowscarada, F|100/100
|-fieldstart|move: Grassy Terrain|[from] ability: Grassy Surge|[of] p1a: Rillaboom
|turn|1
|
|t:|1769437541
|switch|p1a: Armarouge|Armarouge, F|100/100
|-enditem|p1a: Armarouge|Grassy Seed
|-boost|p1a: Armarouge|def|1|[from] item: Grassy Seed
|move|p2a: Meowscarada|U-turn|p1a: Armarouge
|-start|p2a: Meowscarada|typechange|Bug|[from] ability: Protean
|-damage|p1a: Armarouge|81/100
|-ability|p1a: Armarouge|Weak Armor|boost
|-unboost|p1a: Armarouge|def|1
|-boost|p1a: Armarouge|spe|2
|
|t:|1769437551
|switch|p2a: Ting-Lu|Ting-Lu|100/100|[from] U-turn
|-ability|p2a: Ting-Lu|Vessel of Ruin
|
|-heal|p1a: Armarouge|87/100|[from] Grassy Terrain
|upkeep
|turn|2
|
|t:|1769437557
|move|p1a: Armarouge|Calm Mind|p1a: Armarouge
|-boost|p1a: Armarouge|spa|1
|-boost|p1a: Armarouge|spd|1
|move|p2a: Ting-Lu|Whirlwind|p1a: Armarouge
|drag|p1a: Iron Jugulis|Iron Jugulis|100/100
|
|upkeep
|turn|3
|
|t:|1769437567
|move|p1a: Iron Jugulis|U-turn|p2a: Ting-Lu
|-supereffective|p2a: Ting-Lu
|-damage|p2a: Ting-Lu|86/100
|
|t:|1769437568
|-end|p1a: Iron Jugulis|Quark Drive|[silent]
|switch|p1a: Great Tusk|Great Tusk|100/100|[from] U-turn
|move|p2a: Ting-Lu|Stealth Rock|p1a: Great Tusk
|-sidestart|p1: mingying|move: Stealth Rock
|
|-heal|p2a: Ting-Lu|92/100|[from] Grassy Terrain
|-heal|p2a: Ting-Lu|99/100|[from] item: Leftovers
|upkeep
|turn|4
|
|t:|1769437577
|move|p1a: Great Tusk|Close Combat|p2a: Ting-Lu
|-supereffective|p2a: Ting-Lu
|-damage|p2a: Ting-Lu|29/100
|-unboost|p1a: Great Tusk|def|1
|-unboost|p1a: Great Tusk|spd|1
|move|p2a: Ting-Lu|Spikes|p1a: Great Tusk
|-sidestart|p1: mingying|Spikes
|
|-heal|p2a: Ting-Lu|36/100|[from] Grassy Terrain
|-heal|p2a: Ting-Lu|42/100|[from] item: Leftovers
|upkeep
|turn|5
|
|t:|1769437581
|switch|p2a: Dragapult|Dragapult, M|100/100
|move|p1a: Great Tusk|Stealth Rock|p2a: Dragapult
|-sidestart|p2: rekka auto|move: Stealth Rock
|
|-fieldend|move: Grassy Terrain
|upkeep
|turn|6
|
|t:|1769437589
|-end|p1a: Great Tusk|Protosynthesis|[silent]
|switch|p1a: Tyranitar|Tyranitar, M|100/100
|-damage|p1a: Tyranitar|88/100|[from] Stealth Rock
|-damage|p1a: Tyranitar|76/100|[from] Spikes
|-weather|Sandstorm|[from] ability: Sand Stream|[of] p1a: Tyranitar
|move|p2a: Dragapult|Draco Meteor|p1a: Tyranitar
|-damage|p1a: Tyranitar|41/100
|-unboost|p2a: Dragapult|spa|2
|
|-weather|Sandstorm|[upkeep]
|-damage|p2a: Dragapult|95/100|[from] Sandstorm
|upkeep
|turn|7
|
|t:|1769437598
|switch|p2a: Ting-Lu|Ting-Lu|42/100
|-damage|p2a: Ting-Lu|36/100|[from] Stealth Rock
|-ability|p2a: Ting-Lu|Vessel of Ruin
|move|p1a: Tyranitar|Knock Off|p2a: Ting-Lu
|-resisted|p2a: Ting-Lu
|-damage|p2a: Ting-Lu|22/100
|-enditem|p2a: Ting-Lu|Leftovers|[from] move: Knock Off|[of] p1a: Tyranitar
|
|-weather|Sandstorm|[upkeep]
|upkeep
|turn|8
|
|t:|1769437620
|switch|p2a: Comfey|Comfey, F|100/100
|-damage|p2a: Comfey|88/100|[from] Stealth Rock
|move|p1a: Tyranitar|Ice Punch|p2a: Comfey
|-damage|p2a: Comfey|56/100
|
|-weather|Sandstorm|[upkeep]
|-damage|p2a: Comfey|50/100|[from] Sandstorm
|upkeep
|turn|9
|
|t:|1769437626
|move|p2a: Comfey|Calm Mind|p2a: Comfey
|-boost|p2a: Comfey|spa|1
|-boost|p2a: Comfey|spd|1
|move|p1a: Tyranitar|Stone Edge|p2a: Comfey
|-damage|p2a: Comfey|0 fnt
|faint|p2a: Comfey
|
|-weather|Sandstorm|[upkeep]
|upkeep
|
|t:|1769437631
|switch|p2a: Meowscarada|Meowscarada, F|100/100
|-damage|p2a: Meowscarada|88/100|[from] Stealth Rock
|turn|10
|
|t:|1769437639
|move|p2a: Meowscarada|U-turn|p1a: Tyranitar
|-start|p2a: Meowscarada|typechange|Bug|[from] ability: Protean
|-supereffective|p1a: Tyranitar
|-damage|p1a: Tyranitar|0 fnt
|faint|p1a: Tyranitar
|
|t:|1769437663
|switch|p2a: Dragapult|Dragapult, M|95/100|[from] U-turn
|-damage|p2a: Dragapult|82/100|[from] Stealth Rock
|
|-weather|none
|upkeep
|
|t:|1769437689
|switch|p1a: Iron Jugulis|Iron Jugulis|100/100
|-damage|p1a: Iron Jugulis|76/100|[from] Stealth Rock
|turn|11
|
|t:|1769437701
|switch|p2a: Ting-Lu|Ting-Lu|22/100
|-damage|p2a: Ting-Lu|16/100|[from] Stealth Rock
|-ability|p2a: Ting-Lu|Vessel of Ruin
|move|p1a: Iron Jugulis|Dark Pulse|p2a: Ting-Lu
|-resisted|p2a: Ting-Lu
|-damage|p2a: Ting-Lu|8/100
|
|upkeep
|turn|12
|
|t:|1769437721
|move|p1a: Iron Jugulis|Dark Pulse|p2a: Ting-Lu
|-resisted|p2a: Ting-Lu
|-damage|p2a: Ting-Lu|0 fnt
|faint|p2a: Ting-Lu
|
|upkeep
|
|t:|1769437723
|switch|p2a: Meowscarada|Meowscarada, F|88/100
|-damage|p2a: Meowscarada|76/100|[from] Stealth Rock
|turn|13
|
|t:|1769437732
|-end|p1a: Iron Jugulis|Quark Drive|[silent]
|switch|p1a: Great Tusk|Great Tusk|100/100
|move|p2a: Meowscarada|Triple Axel|p1a: Great Tusk
|-start|p2a: Meowscarada|typechange|Ice|[from] ability: Protean
|-supereffective|p1a: Great Tusk
|-damage|p1a: Great Tusk|86/100
|-supereffective|p1a: Great Tusk
|-damage|p1a: Great Tusk|58/100
|-supereffective|p1a: Great Tusk
|-damage|p1a: Great Tusk|19/100
|-hitcount|p1a: Great Tusk|3
|
|upkeep
|turn|14
|
|t:|1769437743
|-end|p1a: Great Tusk|Protosynthesis|[silent]
|switch|p1a: Armarouge|Armarouge, F|87/100
|-damage|p1a: Armarouge|62/100|[from] Stealth Rock
|-damage|p1a: Armarouge|50/100|[from] Spikes
|move|p2a: Meowscarada|Triple Axel|p1a: Armarouge
|-resisted|p1a: Armarouge
|-damage|p1a: Armarouge|46/100
|-ability|p1a: Armarouge|Weak Armor|boost
|-unboost|p1a: Armarouge|def|1
|-boost|p1a: Armarouge|spe|2
|-resisted|p1a: Armarouge
|-damage|p1a: Armarouge|33/100
|-ability|p1a: Armarouge|Weak Armor|boost
|-unboost|p1a: Armarouge|def|1
|-boost|p1a: Armarouge|spe|2
|-resisted|p1a: Armarouge
|-damage|p1a: Armarouge|6/100
|-ability|p1a: Armarouge|Weak Armor|boost
|-unboost|p1a: Armarouge|def|1
|-boost|p1a: Armarouge|spe|2
|-hitcount|p1a: Armarouge|3
|
|upkeep
|turn|15
|
|t:|1769437766
|switch|p2a: Rotom|Rotom-Wash|100/100
|-damage|p2a: Rotom|88/100|[from] Stealth Rock
|move|p1a: Armarouge|Flamethrower|p2a: Rotom
|-resisted|p2a: Rotom
|-damage|p2a: Rotom|67/100
|
|upkeep
|turn|16
|
|t:|1769437772
|move|p1a: Armarouge|Stored Power|p2a: Rotom
|-damage|p2a: Rotom|0 fnt
|faint|p2a: Rotom
|
|upkeep
|
|t:|1769437777
|switch|p2a: Okidogi|Okidogi, M|100/100
|-damage|p2a: Okidogi|94/100|[from] Stealth Rock
|turn|17
|
|t:|1769437781
|-terastallize|p2a: Okidogi|Ghost
|move|p1a: Armarouge|Stored Power|p2a: Okidogi
|-damage|p2a: Okidogi|39/100
|move|p2a: Okidogi|Drain Punch|p1a: Armarouge
|-resisted|p1a: Armarouge
|-damage|p1a: Armarouge|0 fnt
|-heal|p2a: Okidogi|42/100|[from] drain|[of] p1a: Armarouge
|faint|p1a: Armarouge
|
|-heal|p2a: Okidogi|48/100|[from] item: Leftovers
|upkeep
|
|t:|1769437793
|switch|p1a: Great Tusk|Great Tusk|19/100
|turn|18
|
|t:|1769437798
|move|p1a: Great Tusk|Headlong Rush|p2a: Okidogi
|-damage|p2a: Okidogi|0 fnt
|-unboost|p1a: Great Tusk|def|1
|-unboost|p1a: Great Tusk|spd|1
|faint|p2a: Okidogi
|
|upkeep
|
|t:|1769437801
|switch|p2a: Dragapult|Dragapult, M|82/100
|-damage|p2a: Dragapult|70/100|[from] Stealth Rock
|turn|19
|
|t:|1769437805
|move|p2a: Dragapult|U-turn|p1a: Great Tusk
|-resisted|p1a: Great Tusk
|-damage|p1a: Great Tusk|10/100
|
|t:|1769437806
|switch|p2a: Meowscarada|Meowscarada, F|76/100|[from] U-turn
|-damage|p2a: Meowscarada|64/100|[from] Stealth Rock
|move|p1a: Great Tusk|Headlong Rush|p2a: Meowscarada
|-resisted|p2a: Meowscarada
|-damage|p2a: Meowscarada|13/100
|-unboost|p1a: Great Tusk|def|1
|-unboost|p1a: Great Tusk|spd|1
|
|upkeep
|turn|20
|
|t:|1769437810
|move|p2a: Meowscarada|Knock Off|p1a: Great Tusk
|-start|p2a: Meowscarada|typechange|Dark|[from] ability: Protean
|-resisted|p1a: Great Tusk
|-damage|p1a: Great Tusk|0 fnt
|-enditem|p1a: Great Tusk|Heavy-Duty Boots|[from] move: Knock Off|[of] p2a: Meowscarada
|faint|p1a: Great Tusk
|-end|p1a: Great Tusk|Protosynthesis|[silent]
|
|upkeep
|
|t:|1769437812
|switch|p1a: Rillaboom|Rillaboom, F|100/100
|-damage|p1a: Rillaboom|88/100|[from] Stealth Rock
|-damage|p1a: Rillaboom|76/100|[from] Spikes
|-fieldstart|move: Grassy Terrain|[from] ability: Grassy Surge|[of] p1a: Rillaboom
|turn|21
|-message|rekka auto forfeited.
|
|win|mingying
|raw|mingying's rating: 1531 &rarr; <strong>1554</strong><br />(+23 for winning)
|raw|rekka auto's rating: 1578 &rarr; <strong>1555</strong><br />(-23 for losing)
|l|☆rekka auto
|player|p2|
|l|☆mingying
|player|p1|
