|j|☆agent00beef
|j|☆Slim Summers
|t:|1769369502
|gametype|singles
|player|p1|agent00beef|hilda|1560
|player|p2|Slim Summers|blue|1607
|gen|9
|tier|[Gen 9] OU
|rated|
|rule|HP Percentage Mod: HP is shown in percentages
|rule|Endless Battle Clause: Forcing endless battles is banned
|rule|Species Clause: Limit one of each Pokémon
|rule|OHKO Clause: OHKO moves are banned
|rule|Evasion Items Clause: Evasion items are banned
|rule|Evasion Moves Clause: Evasion moves are banned
|rule|Evasion Abilities Clause: Evasion abilities are banned
|rule|Sleep Moves Clause: Sleep-inducing moves are banned
|clearpoke
|poke|p1|Kingambit, F|
|poke|p1|Araquanid, M|
|poke|p1|Iron Valiant|
|poke|p1|Enamorus, F|
|poke|p1|Iron Moth|
|poke|p1|Iron Treads|
|poke|p2|Darkrai|
|poke|p2|Great Tusk|
|poke|p2|Zapdos|
|poke|p2|Tyranitar, M|
|poke|p2|Arcanine-Hisui, M|
|poke|p2|Rillaboom, F|
|teampreview
|inactive|Battle timer is ON: inactive players will automatically lose when time's up. (requested by agent00beef)
|
|t:|1769369517
|teamsize|p1|6
|teamsize|p2|6
|start
|switch|p1a: Araquanid|Araquanid, M|100/100
|switch|p2a: Rillaboom|Rillaboom, F|100/100
|-fieldstart|move: Grassy Terrain|[from] ability: Grassy Surge|[of] p2a: Rillaboom
|turn|1
|
|t:|1769369533
|move|p2a: Rillaboom|Wood Hammer|p1a: Araquanid
|-damage|p1a: Araquanid|0 fnt
|faint|p1a: Araquanid
|-damage|p2a: Rillaboom|71/100|[from] Recoil
|
|-heal|p2a: Rillaboom|78/100|[from] Grassy Terrain
|upkeep
|
|t:|1769369547
|switch|p1a: Enamorus|Enamorus, F|100/100
|turn|2
|
|t:|1769369564
|switch|p2a: Tyranitar|Tyranitar, M|100/100
|-weather|Sandstorm|[from] ability: Sand Stream|[of] p2a: Tyranitar
|move|p1a: Enamorus|Moonblast|p2a: Tyranitar
|-supereffective|p2a: Tyranitar
|-damage|p2a: Tyranitar|37/100
|
|-weather|Sandstorm|[upkeep]
|-damage|p1a: Enamorus|94/100|[from] Sandstorm
|-heal|p2a: Tyranitar|43/100|[from] Grassy Terrain
|upkeep
|turn|3
|
|t:|1769369577
|switch|p2a: Arcanine|Arcanine-Hisui, M|100/100
|move|p1a: Enamorus|Moonblast|p2a: Arcanine
|-resisted|p2a: Arcanine
|-damage|p2a: Arcanine|64/100
|
|-weather|Sandstorm|[upkeep]
|-damage|p1a: Enamorus|88/100|[from] Sandstorm
|-heal|p2a: Arcanine|70/100|[from] Grassy Terrain
|upkeep
|turn|4
|
|t:|1769369588
|switch|p1a: Iron Treads|Iron Treads|100/100
|-enditem|p1a: Iron Treads|Booster Energy
|-activate|p1a: Iron Treads|ability: Quark Drive|[fromitem]
|-start|p1a: Iron Treads|quarkdrivespe
|move|p2a: Arcanine|Flare Blitz|p1a: Iron Treads
|-supereffective|p1a: Iron Treads
|-damage|p1a: Iron Treads|0 fnt
|faint|p1a: Iron Treads
|-end|p1a: Iron Treads|Quark Drive|[silent]
|
|-weather|Sandstorm|[upkeep]
|-heal|p2a: Arcanine|76/100|[from] Grassy Terrain
|upkeep
|
|t:|1769369605
|switch|p1a: Enamorus|Enamorus, F|88/100
|turn|5
|
|t:|1769369610
|switch|p2a: Zapdos|Zapdos|100/100
|move|p1a: Enamorus|Earth Power|p2a: Zapdos
|-immune|p2a: Zapdos
|
|-weather|Sandstorm|[upkeep]
|-damage|p1a: Enamorus|82/100|[from] Sandstorm
|-damage|p2a: Zapdos|94/100|[from] Sandstorm
|-fieldend|move: Grassy Terrain
|upkeep
|turn|6
|
|t:|1769369618
|switch|p1a: Iron Moth|Iron Moth|100/100
|-enditem|p1a: Iron Moth|Booster Energy
|-activate|p1a: Iron Moth|ability: Quark Drive|[fromitem]
|-start|p1a: Iron Moth|quarkdrivespa
|move|p2a: Zapdos|Volt Switch|p1a: Iron Moth
|-damage|p1a: Iron Moth|68/100
|
|t:|1769369646
|switch|p2a: Arcanine|Arcanine-Hisui, M|76/100|[from] Volt Switch
|
|-weather|none
|upkeep
|turn|7
|
|t:|1769369656
|move|p1a: Iron Moth|Energy Ball|p2a: Arcanine
|-damage|p2a: Arcanine|25/100
|move|p2a: Arcanine|Head Smash|p1a: Iron Moth
|-supereffective|p1a: Iron Moth
|-damage|p1a: Iron Moth|0 fnt
|faint|p1a: Iron Moth
|-end|p1a: Iron Moth|Quark Drive|[silent]
|
|upkeep
|
|t:|1769369661
|switch|p1a: Enamorus|Enamorus, F|82/100
|turn|8
|
|t:|1769369668
|move|p1a: Enamorus|Moonblast|p2a: Arcanine
|-resisted|p2a: Arcanine
|-damage|p2a: Arcanine|0 fnt
|faint|p2a: Arcanine
|
|upkeep
|
|t:|1769369681
|switch|p2a: Zapdos|Zapdos|94/100
|turn|9
|
|t:|1769369687
|move|p1a: Enamorus|Moonblast|p2a: Zapdos
|-damage|p2a: Zapdos|19/100
|move|p2a: Zapdos|Discharge|p1a: Enamorus
|-supereffective|p1a: Enamorus
|-damage|p1a: Enamorus|0 fnt
|faint|p1a: Enamorus
|
|upkeep
|
|t:|1769369692
|switch|p1a: Iron Valiant|Iron Valiant|100/100
|-enditem|p1a: Iron Valiant|Booster Energy
|-activate|p1a: Iron Valiant|ability: Quark Drive|[fromitem]
|-start|p1a: Iron Valiant|quarkdrivespa
|turn|10
|
|t:|1769369701
|move|p1a: Iron Valiant|Moonblast|p2a: Zapdos
|-damage|p2a: Zapdos|0 fnt
|faint|p2a: Zapdos
|
|upkeep
|inactive|Slim Summers has 120 seconds left.
|
|t:|1769369731
|switch|p2a: Rillaboom|Rillaboom, F|78/100
|-fieldstart|move: Grassy Terrain|[from] ability: Grassy Surge|[of] p2a: Rillaboom
|turn|11
|inactive|Slim Summers has 120 seconds left.
|
|t:|1769369750
|-terastallize|p2a: Rillaboom|Grass
|move|p2a: Rillaboom|Grassy Glide|p1a: Iron Valiant
|-damage|p1a: Iron Valiant|0 fnt
|faint|p1a: Iron Valiant
|-end|p1a: Iron Valiant|Quark Drive|[silent]
|
|-heal|p2a: Rillaboom|84/100|[from] Grassy Terrain
|upkeep
|
|t:|1769369755
|switch|p1a: Kingambit|Kingambit, F|100/100
|-activate|p1a: Kingambit|ability: Supreme Overlord
|-start|p1a: Kingambit|fallen5|[silent]
|-item|p1a: Kingambit|Air Balloon
|turn|12
|
|t:|1769369767
|switch|p2a: Darkrai|Darkrai|100/100
|move|p1a: Kingambit|Swords Dance|p1a: Kingambit
|-boost|p1a: Kingambit|atk|2
|
|upkeep
|turn|13
|
|t:|1769369773
|-terastallize|p1a: Kingambit|Ghost
|move|p2a: Darkrai|Will-O-Wisp|p1a: Kingambit
|-status|p1a: Kingambit|brn
|move|p1a: Kingambit|Iron Head|p2a: Darkrai
|-damage|p2a: Darkrai|7/100
|
|-heal|p2a: Darkrai|13/100|[from] Grassy Terrain
|-damage|p1a: Kingambit|94/100 brn|[from] brn
|upkeep
|turn|14
|
|t:|1769369784
|move|p1a: Kingambit|Sucker Punch|p2a: Darkrai
|-resisted|p2a: Darkrai
|-damage|p2a: Darkrai|0 fnt
|faint|p2a: Darkrai
|
|-damage|p1a: Kingambit|88/100 brn|[from] brn
|upkeep
|
|t:|1769369791
|switch|p2a: Great Tusk|Great Tusk|100/100
|turn|15
|
|t:|1769369797
|move|p2a: Great Tusk|Knock Off|p1a: Kingambit
|-supereffective|p1a: Kingambit
|-damage|p1a: Kingambit|27/100 brn
|-enditem|p1a: Kingambit|Air Balloon
|move|p1a: Kingambit|Swords Dance|p1a: Kingambit
|-boost|p1a: Kingambit|atk|2
|
|-heal|p1a: Kingambit|33/100 brn|[from] Grassy Terrain
|-damage|p1a: Kingambit|27/100 brn|[from] brn
|-fieldend|move: Grassy Terrain
|upkeep
|turn|16
|
|t:|1769369807
|move|p2a: Great Tusk|Headlong Rush|p1a: Kingambit
|-damage|p1a: Kingambit|0 fnt
|-unboost|p2a: Great Tusk|def|1
|-unboost|p2a: Great Tusk|spd|1
|faint|p1a: Kingambit
|-end|p1a: Kingambit|fallen5|[silent]
|
|win|Slim Summers
|raw|agent00beef's rating: 1560 &rarr; <strong>1543</strong><br />(-17 for losing)
|raw|Slim Summers's rating: 1607 &rarr; <strong>1624</strong><br />(+17 for winning)
|l|☆agent00beef
|player|p1|
|l|☆Slim Summers
|player|p2|
