|j|☆HarryBobber
|j|☆waha8
|t:|1769407087
|gametype|singles
|player|p1|HarryBobber|102|1510
|player|p2|waha8|265|1528
|gen|9
|tier|[Gen 9] OU
|rated|
|rule|HP Percentage Mod: HP is shown in percentages
|rule|Endless Battle Clause: Forcing endless battles is banned
|rule|Species Clause: Limit one of each Pokémon
|rule|OHKO Clause: OHKO moves are banned
|rule|Evasion Items Clause: Evasion items are banned
|rule|Evasion Moves Clause: Evasion moves are banned
|rule|Evasion Abilities Clause: Evasion abilities are banned
|rule|Sleep Moves Clause: Sleep-inducing moves are banned
|clearpoke
|poke|p1|Garganacl, F|
|poke|p1|Tyranitar, M|
|poke|p1|Moltres|
|poke|p1|Excadrill, M|
|poke|p1|Ogerpon, F|
|poke|p1|Primarina, M|
|poke|p2|Torkoal, M|
|poke|p2|Blaziken, M|
|poke|p2|Walking Wake|
|poke|p2|Slowking-Galar, F|
|poke|p2|Cinderace, F|
|poke|p2|Indeedee, M|
|teampreview
|inactive|Battle timer is ON: inactive players will automatically lose when time's up. (requested by HarryBobber)
|
|t:|1769407097
|teamsize|p1|6
|teamsize|p2|6
|start
|switch|p1a: Ogerpon|Ogerpon, F|100/100
|switch|p2a: ReverseUNO|Cinderace, F|100/100
|turn|1
|
|t:|1769407110
|switch|p1a: Moltres|Moltres|100/100
|move|p2a: ReverseUNO|Gunk Shot|p1a: Moltres
|-start|p2a: ReverseUNO|typechange|Poison|[from] ability: Libero
|-damage|p1a: Moltres|61/100
|-status|p1a: Moltres|psn
|
|-damage|p1a: Moltres|49/100 psn|[from] psn
|upkeep
|turn|2
|
|t:|1769407122
|switch|p2a: DeeDee|Indeedee, M|100/100
|-fieldstart|move: Psychic Terrain|[from] ability: Psychic Surge|[of] p2a: DeeDee
|move|p1a: Moltres|Roost|p1a: Moltres
|-heal|p1a: Moltres|99/100 psn
|-singleturn|p1a: Moltres|move: Roost
|
|-damage|p1a: Moltres|87/100 psn|[from] psn
|upkeep
|turn|3
|
|t:|1769407131
|switch|p2a: Ken|Blaziken, M|100/100
|switch|p1a: Tyranitar|Tyranitar, M|100/100
|-weather|Sandstorm|[from] ability: Sand Stream|[of] p1a: Tyranitar
|
|-weather|Sandstorm|[upkeep]
|-damage|p2a: Ken|95/100|[from] Sandstorm
|upkeep
|turn|4
|
|t:|1769407140
|switch|p1a: Moltres|Moltres|87/100 psn
|move|p2a: Ken|Focus Energy|p2a: Ken
|-start|p2a: Ken|move: Focus Energy
|
|-weather|Sandstorm|[upkeep]
|-damage|p2a: Ken|89/100|[from] Sandstorm
|-damage|p1a: Moltres|81/100 psn|[from] Sandstorm
|-damage|p1a: Moltres|68/100 psn|[from] psn
|-ability|p2a: Ken|Speed Boost|boost
|-boost|p2a: Ken|spe|1
|upkeep
|turn|5
|
|t:|1769407149
|move|p2a: Ken|Rock Slide|p1a: Moltres
|-supereffective|p1a: Moltres
|-crit|p1a: Moltres
|-damage|p1a: Moltres|0 fnt
|faint|p1a: Moltres
|
|-weather|Sandstorm|[upkeep]
|-damage|p2a: Ken|83/100|[from] Sandstorm
|-ability|p2a: Ken|Speed Boost|boost
|-boost|p2a: Ken|spe|1
|upkeep
|
|t:|1769407167
|switch|p1a: Ogerpon|Ogerpon, F|100/100
|turn|6
|
|t:|1769407177
|-terastallize|p1a: Ogerpon|Grass
|detailschange|p1a: Ogerpon|Ogerpon-Teal-Tera, F, tera:Grass
|-ability|p1a: Ogerpon|Embody Aspect (Teal)|boost
|-boost|p1a: Ogerpon|spe|1
|move|p1a: Ogerpon|Superpower|p2a: Ken
|-damage|p2a: Ken|0 fnt
|-unboost|p1a: Ogerpon|atk|1
|-unboost|p1a: Ogerpon|def|1
|faint|p2a: Ken
|
|-weather|Sandstorm|[upkeep]
|-damage|p1a: Ogerpon|95/100|[from] Sandstorm
|upkeep
|
|t:|1769407194
|switch|p2a: ReverseUNO|Cinderace, F|100/100
|turn|7
|
|t:|1769407202
|switch|p1a: Saline Kong|Garganacl, F|100/100
|move|p2a: ReverseUNO|Pyro Ball|p1a: Saline Kong|[miss]
|-miss|p2a: ReverseUNO|p1a: Saline Kong
|
|-weather|Sandstorm|[upkeep]
|-damage|p2a: ReverseUNO|95/100|[from] Sandstorm
|upkeep
|turn|8
|
|t:|1769407209
|move|p2a: ReverseUNO|High Jump Kick|p1a: Saline Kong|[miss]
|-start|p2a: ReverseUNO|typechange|Fighting|[from] ability: Libero
|-miss|p2a: ReverseUNO|p1a: Saline Kong
|-damage|p2a: ReverseUNO|45/100|[from] highjumpkick
|move|p1a: Saline Kong|Salt Cure|p2a: ReverseUNO
|-resisted|p2a: ReverseUNO
|-damage|p2a: ReverseUNO|34/100
|-start|p2a: ReverseUNO|Salt Cure
|
|-weather|Sandstorm|[upkeep]
|-damage|p2a: ReverseUNO|28/100|[from] Sandstorm
|-damage|p2a: ReverseUNO|16/100|[from] Salt Cure
|upkeep
|turn|9
|c|☆waha8|lol
|c|☆waha8|gg
|-message|waha8 forfeited.
|
|win|HarryBobber
|raw|HarryBobber's rating: 1510 &rarr; <strong>1531</strong><br />(+21 for winning)
|raw|waha8's rating: 1528 &rarr; <strong>1507</strong><br />(-21 for losing)
|l|☆waha8
|player|p2|
|l|☆HarryBobber
|player|p1|
