|j|☆Obling
|j|☆DuckyBro
|t:|1769363042
|gametype|singles
|player|p1|Obling|turo-ai|1778
|player|p2|DuckyBro|ghetsis|1721
|gen|9
|tier|[Gen 9] OU
|rated|
|rule|HP Percentage Mod: HP is shown in percentages
|rule|Endless Battle Clause: Forcing endless battles is banned
|rule|Species Clause: Limit one of each Pokémon
|rule|OHKO Clause: OHKO moves are banned
|rule|Evasion Items Clause: Evasion items are banned
|rule|Evasion Moves Clause: Evasion moves are banned
|rule|Evasion Abilities Clause: Evasion abilities are banned
|rule|Sleep Moves Clause: Sleep-inducing moves are banned
|clearpoke
|poke|p1|Iron Thorns|
|poke|p1|Maushold-Four|
|poke|p1|Bisharp, F|
|poke|p1|Glastrier|
|poke|p1|Cresselia, F|
|poke|p1|Porygon-Z|
|poke|p2|Cinderace, F|
|poke|p2|Dondozo, F|
|poke|p2|Zapdos|
|poke|p2|Garchomp, M|
|poke|p2|Kyurem|
|poke|p2|Volcanion|
|teampreview
|j| Grimblez
|j| nitroLazer120
|inactive|Battle timer is ON: inactive players will automatically lose when time's up. (requested by Obling)
|j| oshered
|
|t:|1769363069
|teamsize|p1|6
|teamsize|p2|6
|start
|switch|p1a: Iron Thorns|Iron Thorns|100/100
|switch|p2a: Garchomp|Garchomp, M|100/100
|-enditem|p1a: Iron Thorns|Booster Energy
|-activate|p1a: Iron Thorns|ability: Quark Drive|[fromitem]
|-start|p1a: Iron Thorns|quarkdrivespe
|turn|1
|j| shedtailhater
|c|☆DuckyBro|when you don't know the mon so you have to check the showdown set XD
|inactive|DuckyBro has 120 seconds left.
|
|t:|1769363109
|move|p1a: Iron Thorns|Taunt|p2a: Garchomp
|-start|p2a: Garchomp|move: Taunt
|move|p2a: Garchomp|Earthquake|p1a: Iron Thorns
|-supereffective|p1a: Iron Thorns
|-damage|p1a: Iron Thorns|0 fnt
|faint|p1a: Iron Thorns
|-end|p1a: Iron Thorns|Quark Drive|[silent]
|
|upkeep
|c| nitroLazer120|@duckbro what's showdown set
|c|☆DuckyBro|for iron thorns
|inactive|Obling has 120 seconds left.
|l| shedtailhater
|
|t:|1769363144
|switch|p1a: Glastrier|Glastrier|100/100
|turn|2
|c|☆DuckyBro|never seen him in OU
|
|t:|1769363149
|switch|p2a: Zapdos|Zapdos|100/100
|move|p1a: Glastrier|Icicle Crash|p2a: Zapdos
|-supereffective|p2a: Zapdos
|-damage|p2a: Zapdos|0 fnt
|faint|p2a: Zapdos
|-ability|p1a: Glastrier|Chilling Neigh|boost
|-boost|p1a: Glastrier|atk|1
|
|upkeep
|c| nitroLazer120|@duckybro how to check the sets
|c|☆DuckyBro|oh
|inactive|DuckyBro has 120 seconds left.
|c|☆DuckyBro|i go on the smogon wepsite
|c|☆DuckyBro|web*
|
|t:|1769363178
|switch|p2a: Volcanion|Volcanion|100/100
|turn|3
|c| nitroLazer120|cool
|
|t:|1769363183
|move|p2a: Volcanion|Fire Blast|p1a: Glastrier
|-supereffective|p1a: Glastrier
|-damage|p1a: Glastrier|0 fnt
|faint|p1a: Glastrier
|
|upkeep
|
|t:|1769363190
|switch|p1a: Maushold|Maushold-Four|100/100
|turn|4
|
|t:|1769363195
|switch|p1a: Porygon-Z|Porygon-Z|100/100
|move|p2a: Volcanion|Steam Eruption|p1a: Porygon-Z
|-damage|p1a: Porygon-Z|28/100
|-status|p1a: Porygon-Z|brn
|
|-damage|p1a: Porygon-Z|22/100 brn|[from] brn
|upkeep
|turn|5
|
|t:|1769363200
|move|p1a: Porygon-Z|Thunderbolt|p2a: Volcanion
|-supereffective|p2a: Volcanion
|-damage|p2a: Volcanion|40/100
|-status|p2a: Volcanion|par
|-damage|p1a: Porygon-Z|12/100 brn|[from] item: Life Orb
|move|p2a: Volcanion|Sludge Bomb|p1a: Porygon-Z
|-damage|p1a: Porygon-Z|0 fnt
|faint|p1a: Porygon-Z
|
|upkeep
|
|t:|1769363214
|switch|p1a: Bisharp|Bisharp, F|100/100
|turn|6
|
|t:|1769363221
|move|p1a: Bisharp|Throat Chop|p2a: Volcanion
|-damage|p2a: Volcanion|2/100 par
|-start|p2a: Volcanion|Throat Chop|[silent]
|cant|p2a: Volcanion|par
|
|upkeep
|turn|7
|
|t:|1769363228
|move|p1a: Bisharp|Throat Chop|p2a: Volcanion
|-damage|p2a: Volcanion|0 fnt
|faint|p2a: Volcanion
|
|upkeep
|
|t:|1769363242
|switch|p2a: Cinderace|Cinderace, F|100/100
|turn|8
|
|t:|1769363247
|move|p2a: Cinderace|U-turn|p1a: Bisharp
|-start|p2a: Cinderace|typechange|Bug|[from] ability: Libero
|-damage|p1a: Bisharp|75/100
|
|t:|1769363250
|switch|p2a: Garchomp|Garchomp, M|100/100|[from] U-turn
|move|p1a: Bisharp|Swords Dance|p1a: Bisharp
|-boost|p1a: Bisharp|atk|2
|
|upkeep
|turn|9
|
|t:|1769363254
|move|p2a: Garchomp|Earthquake|p1a: Bisharp
|-supereffective|p1a: Bisharp
|-damage|p1a: Bisharp|0 fnt
|faint|p1a: Bisharp
|
|upkeep
|
|t:|1769363258
|switch|p1a: Maushold|Maushold-Four|100/100
|turn|10
|
|t:|1769363263
|move|p1a: Maushold|Tidy Up|p1a: Maushold
|-boost|p1a: Maushold|atk|1
|-boost|p1a: Maushold|spe|1
|move|p2a: Garchomp|Scale Shot|p1a: Maushold
|-damage|p1a: Maushold|79/100
|-damage|p1a: Maushold|56/100
|-damage|p1a: Maushold|34/100
|-damage|p1a: Maushold|13/100
|-hitcount|p1a: Maushold|4
|-unboost|p2a: Garchomp|def|1
|-boost|p2a: Garchomp|spe|1
|
|upkeep
|turn|11
|
|t:|1769363274
|move|p1a: Maushold|Population Bomb|p2a: Garchomp
|-damage|p2a: Garchomp|75/100
|-damage|p1a: Maushold|1/100|[from] ability: Rough Skin|[of] p2a: Garchomp
|-crit|p2a: Garchomp
|-damage|p2a: Garchomp|35/100
|-damage|p1a: Maushold|0 fnt|[from] ability: Rough Skin|[of] p2a: Garchomp
|faint|p1a: Maushold
|-hitcount|p2a: Garchomp|2
|move|p2a: Garchomp|Earthquake|p1: Maushold|[notarget]
|-fail|p2a: Garchomp
|
|upkeep
|
|t:|1769363279
|switch|p1a: Cresselia|Cresselia, F|100/100
|turn|12
|
|t:|1769363281
|move|p2a: Garchomp|Swords Dance|p2a: Garchomp
|-boost|p2a: Garchomp|atk|2
|move|p1a: Cresselia|Calm Mind|p1a: Cresselia
|-boost|p1a: Cresselia|spa|1
|-boost|p1a: Cresselia|spd|1
|
|upkeep
|turn|13
|j| 54 insane rats
|
|t:|1769363288
|move|p2a: Garchomp|Iron Head|p1a: Cresselia
|-damage|p1a: Cresselia|69/100
|move|p1a: Cresselia|Moonblast|p2a: Garchomp
|-supereffective|p2a: Garchomp
|-damage|p2a: Garchomp|0 fnt
|faint|p2a: Garchomp
|
|-heal|p1a: Cresselia|75/100|[from] item: Leftovers
|upkeep
|
|t:|1769363291
|switch|p2a: Cinderace|Cinderace, F|100/100
|turn|14
|
|t:|1769363298
|-terastallize|p1a: Cresselia|Poison
|move|p2a: Cinderace|U-turn|p1a: Cresselia
|-start|p2a: Cinderace|typechange|Bug|[from] ability: Libero
|-resisted|p1a: Cresselia
|-crit|p1a: Cresselia
|-damage|p1a: Cresselia|61/100
|
|t:|1769363302
|switch|p2a: Kyurem|Kyurem|100/100|[from] U-turn
|-ability|p2a: Kyurem|Pressure
|move|p1a: Cresselia|Moonlight|p1a: Cresselia
|-heal|p1a: Cresselia|100/100
|
|upkeep
|turn|15
|
|t:|1769363308
|move|p2a: Kyurem|Earth Power|p1a: Cresselia
|-immune|p1a: Cresselia|[from] ability: Levitate
|move|p1a: Cresselia|Moonblast|p2a: Kyurem
|-supereffective|p2a: Kyurem
|-damage|p2a: Kyurem|55/100
|
|upkeep
|turn|16
|
|t:|1769363312
|move|p2a: Kyurem|Earth Power|p1a: Cresselia
|-immune|p1a: Cresselia|[from] ability: Levitate
|move|p1a: Cresselia|Calm Mind|p1a: Cresselia
|-boost|p1a: Cresselia|spa|1
|-boost|p1a: Cresselia|spd|1
|
|upkeep
|turn|17
|
|t:|1769363315
|move|p2a: Kyurem|Earth Power|p1a: Cresselia
|-immune|p1a: Cresselia|[from] ability: Levitate
|move|p1a: Cresselia|Calm Mind|p1a: Cresselia
|-boost|p1a: Cresselia|spa|1
|-boost|p1a: Cresselia|spd|1
|
|upkeep
|turn|18
|
|t:|1769363318
|move|p2a: Kyurem|Earth Power|p1a: Cresselia
|-immune|p1a: Cresselia|[from] ability: Levitate
|move|p1a: Cresselia|Calm Mind|p1a: Cresselia
|-boost|p1a: Cresselia|spa|1
|-boost|p1a: Cresselia|spd|1
|
|upkeep
|turn|19
|j| AdmiradorDeMessi
|
|t:|1769363324
|switch|p2a: Dondozo|Dondozo, F|100/100
|move|p1a: Cresselia|Calm Mind|p1a: Cresselia
|-boost|p1a: Cresselia|spa|1
|-boost|p1a: Cresselia|spd|1
|
|upkeep
|turn|20
|
|t:|1769363327
|move|p1a: Cresselia|Stored Power|p2a: Dondozo
|-damage|p2a: Dondozo|43/100
|move|p2a: Dondozo|Curse|p2a: Dondozo
|-unboost|p2a: Dondozo|spe|1
|-boost|p2a: Dondozo|atk|1
|-boost|p2a: Dondozo|def|1
|
|-heal|p2a: Dondozo|49/100|[from] item: Leftovers
|upkeep
|turn|21
|c|☆DuckyBro|and that's why
|
|t:|1769363341
|-terastallize|p2a: Dondozo|Steel
|move|p1a: Cresselia|Stored Power|p2a: Dondozo
|-resisted|p2a: Dondozo
|-damage|p2a: Dondozo|19/100
|move|p2a: Dondozo|Rest|p2a: Dondozo
|-status|p2a: Dondozo|slp|[from] move: Rest
|-heal|p2a: Dondozo|100/100 slp|[silent]
|
|upkeep
|turn|22
|
|t:|1769363349
|move|p1a: Cresselia|Stored Power|p2a: Dondozo
|-resisted|p2a: Dondozo
|-damage|p2a: Dondozo|72/100 slp
|cant|p2a: Dondozo|slp
|move|p2a: Dondozo|Sleep Talk|p2a: Dondozo
|move|p2a: Dondozo|Curse|p2a: Dondozo|[from] move: Sleep Talk
|-unboost|p2a: Dondozo|spe|1
|-boost|p2a: Dondozo|atk|1
|-boost|p2a: Dondozo|def|1
|
|-heal|p2a: Dondozo|78/100 slp|[from] item: Leftovers
|upkeep
|turn|23
|
|t:|1769363352
|move|p1a: Cresselia|Stored Power|p2a: Dondozo
|-resisted|p2a: Dondozo
|-damage|p2a: Dondozo|50/100 slp
|cant|p2a: Dondozo|slp
|move|p2a: Dondozo|Sleep Talk|p2a: Dondozo
|move|p2a: Dondozo|Curse|p2a: Dondozo|[from] move: Sleep Talk
|-unboost|p2a: Dondozo|spe|1
|-boost|p2a: Dondozo|atk|1
|-boost|p2a: Dondozo|def|1
|
|-heal|p2a: Dondozo|56/100 slp|[from] item: Leftovers
|upkeep
|turn|24
|
|t:|1769363358
|move|p1a: Cresselia|Calm Mind|p1a: Cresselia
|-boost|p1a: Cresselia|spa|1
|-boost|p1a: Cresselia|spd|1
|-curestatus|p2a: Dondozo|slp|[msg]
|move|p2a: Dondozo|Rest|p2a: Dondozo
|-status|p2a: Dondozo|slp|[from] move: Rest
|-heal|p2a: Dondozo|100/100 slp|[silent]
|
|upkeep
|turn|25
|
|t:|1769363361
|move|p1a: Cresselia|Stored Power|p2a: Dondozo
|-resisted|p2a: Dondozo
|-damage|p2a: Dondozo|67/100 slp
|cant|p2a: Dondozo|slp
|move|p2a: Dondozo|Sleep Talk|p2a: Dondozo
|move|p2a: Dondozo|Liquidation|p1a: Cresselia|[from] move: Sleep Talk
|-damage|p1a: Cresselia|62/100
|
|-heal|p1a: Cresselia|68/100|[from] item: Leftovers
|-heal|p2a: Dondozo|73/100 slp|[from] item: Leftovers
|upkeep
|turn|26
|
|t:|1769363365
|move|p1a: Cresselia|Stored Power|p2a: Dondozo
|-resisted|p2a: Dondozo
|-damage|p2a: Dondozo|39/100 slp
|cant|p2a: Dondozo|slp
|move|p2a: Dondozo|Sleep Talk|p2a: Dondozo
|move|p2a: Dondozo|Curse|p2a: Dondozo|[from] move: Sleep Talk
|-unboost|p2a: Dondozo|spe|1
|-boost|p2a: Dondozo|atk|1
|-boost|p2a: Dondozo|def|1
|
|-heal|p1a: Cresselia|74/100|[from] item: Leftovers
|-heal|p2a: Dondozo|45/100 slp|[from] item: Leftovers
|upkeep
|turn|27
|
|t:|1769363371
|move|p1a: Cresselia|Moonblast|p2a: Dondozo
|-resisted|p2a: Dondozo
|-damage|p2a: Dondozo|38/100 slp
|-unboost|p2a: Dondozo|spa|1
|-curestatus|p2a: Dondozo|slp|[msg]
|move|p2a: Dondozo|Rest|p2a: Dondozo
|-status|p2a: Dondozo|slp|[from] move: Rest
|-heal|p2a: Dondozo|100/100 slp|[silent]
|
|-heal|p1a: Cresselia|80/100|[from] item: Leftovers
|upkeep
|turn|28
|
|t:|1769363377
|move|p1a: Cresselia|Stored Power|p2a: Dondozo
|-resisted|p2a: Dondozo
|-damage|p2a: Dondozo|67/100 slp
|cant|p2a: Dondozo|slp
|move|p2a: Dondozo|Sleep Talk|p2a: Dondozo
|move|p2a: Dondozo|Rest||[from] move: Sleep Talk|[still]
|-fail|p2a: Dondozo
|
|-heal|p1a: Cresselia|86/100|[from] item: Leftovers
|-heal|p2a: Dondozo|73/100 slp|[from] item: Leftovers
|upkeep
|turn|29
|c|☆DuckyBro|pls def drop
|
|t:|1769363384
|move|p1a: Cresselia|Stored Power|p2a: Dondozo
|-resisted|p2a: Dondozo
|-damage|p2a: Dondozo|37/100 slp
|cant|p2a: Dondozo|slp
|move|p2a: Dondozo|Sleep Talk|p2a: Dondozo
|move|p2a: Dondozo|Rest||[from] move: Sleep Talk|[still]
|-fail|p2a: Dondozo
|
|-heal|p1a: Cresselia|92/100|[from] item: Leftovers
|-heal|p2a: Dondozo|43/100 slp|[from] item: Leftovers
|upkeep
|turn|30
|
|t:|1769363397
|move|p1a: Cresselia|Stored Power|p2a: Dondozo
|-resisted|p2a: Dondozo
|-crit|p2a: Dondozo
|-damage|p2a: Dondozo|0 fnt
|faint|p2a: Dondozo
|
|-heal|p1a: Cresselia|98/100|[from] item: Leftovers
|upkeep
|c|☆DuckyBro|any crit
|
|t:|1769363403
|switch|p2a: Cinderace|Cinderace, F|100/100
|turn|31
|
|t:|1769363405
|move|p2a: Cinderace|Pyro Ball|p1a: Cresselia|[miss]
|-miss|p2a: Cinderace|p1a: Cresselia
|move|p1a: Cresselia|Stored Power|p2a: Cinderace
|-damage|p2a: Cinderace|0 fnt
|faint|p2a: Cinderace
|
|-heal|p1a: Cresselia|100/100|[from] item: Leftovers
|upkeep
|l| 54 insane rats
|c|☆DuckyBro|wp
|
|t:|1769363410
|switch|p2a: Kyurem|Kyurem|55/100
|-ability|p2a: Kyurem|Pressure
|turn|32
|
|t:|1769363419
|move|p2a: Kyurem|Draco Meteor|p1a: Cresselia
|-damage|p1a: Cresselia|83/100
|-unboost|p2a: Kyurem|spa|2
|move|p1a: Cresselia|Stored Power|p2a: Kyurem
|-damage|p2a: Kyurem|0 fnt
|faint|p2a: Kyurem
|
|win|Obling
|raw|Obling's rating: 1778 &rarr; <strong>1795</strong><br />(+17 for winning)
|raw|DuckyBro's rating: 1721 &rarr; <strong>1704</strong><br />(-17 for losing)
|j| 54 insane rats
|l|☆DuckyBro
|player|p2|
|l|☆Obling
|player|p1|
|l| 54 insane rats
|l| Grimblez
|c| oshered|what are insane rats?
|c| oshered|lol i thought it was a thing not a username
|l| oshered
