|j|☆GyoK3RES
|j|☆1235j
|t:|1769414023
|gametype|singles
|player|p1|GyoK3RES|dawn-gen4pt|1132
|player|p2|1235j|1|1134
|gen|9
|tier|[Gen 9] OU
|rated|
|rule|HP Percentage Mod: HP is shown in percentages
|rule|Endless Battle Clause: Forcing endless battles is banned
|rule|Species Clause: Limit one of each Pokémon
|rule|OHKO Clause: OHKO moves are banned
|rule|Evasion Items Clause: Evasion items are banned
|rule|Evasion Moves Clause: Evasion moves are banned
|rule|Evasion Abilities Clause: Evasion abilities are banned
|rule|Sleep Moves Clause: Sleep-inducing moves are banned
|clearpoke
|poke|p1|Corviknight, F|
|poke|p1|Leafeon, M|
|poke|p1|Garchomp, F|
|poke|p1|Torkoal, F|
|poke|p1|Greninja-*, M|
|poke|p1|Whimsicott, F|
|poke|p2|Braviary-Hisui, M|
|poke|p2|Samurott-Hisui, F|
|poke|p2|Electrode-Hisui|
|poke|p2|Arcanine-Hisui, F|
|poke|p2|Goodra-Hisui, F|
|poke|p2|Sneasel-Hisui, M|
|teampreview
|
|t:|1769414028
|teamsize|p1|6
|teamsize|p2|6
|start
|switch|p1a: Torkoal|Torkoal, F|100/100
|switch|p2a: Samurott|Samurott-Hisui, F|100/100
|-weather|SunnyDay|[from] ability: Drought|[of] p1a: Torkoal
|turn|1
|
|t:|1769414037
|move|p2a: Samurott|Ceaseless Edge|p1a: Torkoal
|-damage|p1a: Torkoal|53/100
|-sidestart|p1: GyoK3RES|Spikes
|-damage|p2a: Samurott|91/100|[from] item: Life Orb
|move|p1a: Torkoal|Solar Beam||[still]
|-prepare|p1a: Torkoal|Solar Beam
|-anim|p1a: Torkoal|Solar Beam|p2a: Samurott
|-supereffective|p2a: Samurott
|-damage|p2a: Samurott|0 fnt
|faint|p2a: Samurott
|
|-weather|SunnyDay|[upkeep]
|upkeep
|
|t:|1769414050
|switch|p2a: Sneasel|Sneasel-Hisui, M|100/100
|turn|2
|
|t:|1769414060
|move|p2a: Sneasel|Close Combat|p1a: Torkoal
|-damage|p1a: Torkoal|10/100
|-unboost|p2a: Sneasel|def|1
|-unboost|p2a: Sneasel|spd|1
|-enditem|p2a: Sneasel|White Herb
|-clearnegativeboost|p2a: Sneasel|[silent]
|move|p1a: Torkoal|Overheat|p2a: Sneasel
|-damage|p2a: Sneasel|0 fnt
|-unboost|p1a: Torkoal|spa|2
|faint|p2a: Sneasel
|-enditem|p1a: Torkoal|Eject Pack
|l|☆1235j
|player|p2|
|j|☆1235j
|player|p2|1235j|1|
|
|t:|1769414082
|switch|p1a: Greninja|Greninja, M|100/100
|-damage|p1a: Greninja|88/100|[from] Spikes
|
|-weather|SunnyDay|[upkeep]
|upkeep
|inactive|Battle timer is ON: inactive players will automatically lose when time's up. (requested by GyoK3RES)
|
|t:|1769414090
|switch|p2a: Electrode|Electrode-Hisui|100/100
|turn|3
|
|t:|1769414100
|move|p2a: Electrode|Volt Switch|p1a: Greninja
|-supereffective|p1a: Greninja
|-damage|p1a: Greninja|0 fnt
|faint|p1a: Greninja
|
|t:|1769414107
|switch|p2a: Arcanine|Arcanine-Hisui, F|100/100|[from] Volt Switch
|
|-weather|SunnyDay|[upkeep]
|upkeep
|
|t:|1769414117
|switch|p1a: Garchomp|Garchomp, F|100/100
|-damage|p1a: Garchomp|88/100|[from] Spikes
|turn|4
|
|t:|1769414131
|switch|p2a: Goodra|Goodra-Hisui, F|100/100
|-item|p2a: Goodra|Air Balloon
|move|p1a: Garchomp|Swords Dance|p1a: Garchomp
|-boost|p1a: Garchomp|atk|2
|
|-weather|SunnyDay|[upkeep]
|upkeep
|turn|5
|l|☆1235j
|inactive|1235j disconnected and has a minute to reconnect!
|player|p2|
|j|☆1235j
|inactive|1235j reconnected and has 130 seconds left.
|player|p2|1235j|1|
|
|t:|1769414156
|-terastallize|p1a: Garchomp|Dragon
|move|p1a: Garchomp|Scale Shot|p2a: Goodra
|-damage|p2a: Goodra|66/100
|-enditem|p2a: Goodra|Air Balloon
|-damage|p2a: Goodra|30/100
|-damage|p2a: Goodra|0 fnt
|faint|p2a: Goodra
|-hitcount|p2: Goodra|3
|-unboost|p1a: Garchomp|def|1
|-boost|p1a: Garchomp|spe|1
|
|-weather|none
|upkeep
|inactive|1235j has 120 seconds left.
|
|t:|1769414172
|switch|p2a: Electrode|Electrode-Hisui|100/100
|turn|6
|inactive|1235j has 120 seconds left.
|
|t:|1769414177
|move|p2a: Electrode|Chloroblast|p1a: Garchomp
|-resisted|p1a: Garchomp
|-damage|p1a: Garchomp|60/100
|-damage|p2a: Electrode|50/100|[from] Recoil
|move|p1a: Garchomp|Scale Shot|p2a: Electrode
|-damage|p2a: Electrode|0 fnt
|faint|p2a: Electrode
|-hitcount|p2: Electrode|1
|-unboost|p1a: Garchomp|def|1
|-boost|p1a: Garchomp|spe|1
|
|upkeep
|inactive|1235j has 120 seconds left.
|-message|1235j forfeited.
|
|win|GyoK3RES
|raw|GyoK3RES's rating: 1104 &rarr; <strong>1131</strong><br />(+27 for winning)
|raw|1235j's rating: 1134 &rarr; <strong>1107</strong><br />(-27 for losing)
|l|☆1235j
|player|p2|
