|j|☆Sir_Rambage
|j|☆Velzebuz0
|t:|1769311190
|gametype|singles
|player|p1|Sir_Rambage|byron|1059
|player|p2|Velzebuz0|veteran|1055
|gen|9
|tier|[Gen 9] OU
|rated|
|rule|HP Percentage Mod: HP is shown in percentages
|rule|Endless Battle Clause: Forcing endless battles is banned
|rule|Species Clause: Limit one of each Pokémon
|rule|OHKO Clause: OHKO moves are banned
|rule|Evasion Items Clause: Evasion items are banned
|rule|Evasion Moves Clause: Evasion moves are banned
|rule|Evasion Abilities Clause: Evasion abilities are banned
|rule|Sleep Moves Clause: Sleep-inducing moves are banned
|clearpoke
|poke|p1|Fezandipiti, M|
|poke|p1|Munkidori, M|
|poke|p1|Chandelure, F|
|poke|p1|Conkeldurr, M|
|poke|p1|Milotic, F|
|poke|p1|Krookodile, M|
|poke|p2|Electivire, F|
|poke|p2|Krookodile, M|
|poke|p2|Hawlucha, M|
|poke|p2|Arcanine-Hisui, M|
|poke|p2|Serperior, M|
|poke|p2|Seviper, M|
|teampreview
|j| chf by bfg
|l| chf by bfg
|
|t:|1769311204
|teamsize|p1|6
|teamsize|p2|6
|start
|switch|p1a: Conkeldurr|Conkeldurr, M|100/100
|switch|p2a: Seviper|Seviper, M|100/100
|turn|1
|
|t:|1769311217
|move|p2a: Seviper|Trailblaze|p1a: Conkeldurr
|-damage|p1a: Conkeldurr|89/100
|-boost|p2a: Seviper|spe|1
|move|p1a: Conkeldurr|Substitute|p1a: Conkeldurr
|-start|p1a: Conkeldurr|Substitute
|-damage|p1a: Conkeldurr|64/100
|
|-heal|p1a: Conkeldurr|70/100|[from] item: Leftovers
|upkeep
|turn|2
|
|t:|1769311227
|-singleturn|p1a: Conkeldurr|move: Focus Punch
|move|p2a: Seviper|Poison Fang|p1a: Conkeldurr
|-damage|p1a: Conkeldurr|53/100
|-status|p1a: Conkeldurr|tox
|cant|p1a: Conkeldurr|Focus Punch|Focus Punch
|
|-heal|p1a: Conkeldurr|59/100 tox|[from] item: Leftovers
|-damage|p1a: Conkeldurr|53/100 tox|[from] psn
|upkeep
|turn|3
|
|t:|1769311240
|move|p2a: Seviper|Poison Fang|p1a: Conkeldurr
|-damage|p1a: Conkeldurr|36/100 tox
|move|p1a: Conkeldurr|Knock Off|p2a: Seviper
|-damage|p2a: Seviper|57/100
|
|-heal|p1a: Conkeldurr|42/100 tox|[from] item: Leftovers
|-damage|p1a: Conkeldurr|30/100 tox|[from] psn
|upkeep
|turn|4
|
|t:|1769311253
|move|p1a: Conkeldurr|Mach Punch|p2a: Seviper
|-resisted|p2a: Seviper
|-damage|p2a: Seviper|30/100
|move|p2a: Seviper|Poison Fang|p1a: Conkeldurr
|-damage|p1a: Conkeldurr|12/100 tox
|
|-heal|p1a: Conkeldurr|18/100 tox|[from] item: Leftovers
|-damage|p1a: Conkeldurr|0 fnt|[from] psn
|faint|p1a: Conkeldurr
|upkeep
|
|t:|1769311264
|switch|p1a: Krookodile|Krookodile, M|100/100
|turn|5
|
|t:|1769311268
|move|p2a: Seviper|Thief|p1a: Krookodile
|-resisted|p1a: Krookodile
|-damage|p1a: Krookodile|91/100
|-enditem|p1a: Krookodile|Assault Vest|[silent]|[from] move: Thief|[of] p2a: Seviper
|-item|p2a: Seviper|Assault Vest|[from] move: Thief|[of] p1a: Krookodile
|move|p1a: Krookodile|Scale Shot|p2a: Seviper
|-damage|p2a: Seviper|13/100
|-damage|p2a: Seviper|0 fnt
|faint|p2a: Seviper
|-ability|p1a: Krookodile|Moxie|boost
|-boost|p1a: Krookodile|atk|1
|-hitcount|p2: Seviper|2
|-unboost|p1a: Krookodile|def|1
|-boost|p1a: Krookodile|spe|1
|
|upkeep
|
|t:|1769311281
|switch|p2a: Serperior|Serperior, M|100/100
|turn|6
|
|t:|1769311301
|move|p1a: Krookodile|Crunch|p2a: Serperior
|-damage|p2a: Serperior|26/100
|-boost|p2a: Serperior|def|1
|move|p2a: Serperior|Leaf Storm|p1a: Krookodile|[miss]
|-miss|p2a: Serperior|p1a: Krookodile
|
|upkeep
|turn|7
|
|t:|1769311308
|move|p1a: Krookodile|Crunch|p2a: Serperior
|-damage|p2a: Serperior|0 fnt
|faint|p2a: Serperior
|-ability|p1a: Krookodile|Moxie|boost
|-boost|p1a: Krookodile|atk|1
|
|upkeep
|
|t:|1769311312
|switch|p2a: Electivire|Electivire, F, shiny|100/100
|turn|8
|
|t:|1769311318
|-terastallize|p2a: Electivire|Flying
|move|p1a: Krookodile|Earthquake|p2a: Electivire
|-immune|p2a: Electivire
|move|p2a: Electivire|Ice Punch|p1a: Krookodile
|-supereffective|p1a: Krookodile
|-damage|p1a: Krookodile|0 fnt
|faint|p1a: Krookodile
|
|upkeep
|
|t:|1769311339
|switch|p1a: Fezandipiti|Fezandipiti, M|100/100
|turn|9
|
|t:|1769311349
|move|p1a: Fezandipiti|Calm Mind|p1a: Fezandipiti
|-boost|p1a: Fezandipiti|spa|1
|-boost|p1a: Fezandipiti|spd|1
|move|p2a: Electivire|Earthquake|p1a: Fezandipiti
|-supereffective|p1a: Fezandipiti
|-damage|p1a: Fezandipiti|7/100
|-enditem|p1a: Fezandipiti|Weakness Policy
|-boost|p1a: Fezandipiti|atk|2|[from] item: Weakness Policy
|-boost|p1a: Fezandipiti|spa|2|[from] item: Weakness Policy
|
|upkeep
|turn|10
|
|t:|1769311365
|-terastallize|p1a: Fezandipiti|Flying
|move|p1a: Fezandipiti|Roost|p1a: Fezandipiti
|-heal|p1a: Fezandipiti|57/100
|-hint|If a Terastallized Pokemon uses Roost, it remains Flying-type.
|move|p2a: Electivire|Earthquake|p1a: Fezandipiti
|-immune|p1a: Fezandipiti
|
|upkeep
|turn|11
|
|t:|1769311374
|move|p1a: Fezandipiti|Icy Wind|p2a: Electivire
|-supereffective|p2a: Electivire
|-damage|p2a: Electivire|13/100
|-unboost|p2a: Electivire|spe|1
|move|p2a: Electivire|Supercell Slam|p1a: Fezandipiti
|-supereffective|p1a: Fezandipiti
|-damage|p1a: Fezandipiti|0 fnt
|faint|p1a: Fezandipiti
|
|upkeep
|
|t:|1769311387
|switch|p1a: Munkidori|Munkidori, M|100/100
|turn|12
|
|t:|1769311391
|move|p1a: Munkidori|Sludge Wave|p2a: Electivire
|-damage|p2a: Electivire|0 fnt
|faint|p2a: Electivire
|
|upkeep
|
|t:|1769311397
|switch|p2a: Krookodile|Krookodile, M|100/100
|turn|13
|
|t:|1769311404
|move|p1a: Munkidori|Focus Blast|p2a: Krookodile|[miss]
|-miss|p1a: Munkidori|p2a: Krookodile
|move|p2a: Krookodile|Knock Off|p1a: Munkidori
|-supereffective|p1a: Munkidori
|-damage|p1a: Munkidori|0 fnt
|-enditem|p1a: Munkidori|Psychic Seed|[from] move: Knock Off|[of] p2a: Krookodile
|faint|p1a: Munkidori
|-ability|p2a: Krookodile|Moxie|boost
|-boost|p2a: Krookodile|atk|1
|
|upkeep
|
|t:|1769311413
|switch|p1a: Milotic|Milotic, F|100/100
|turn|14
|
|t:|1769311421
|move|p2a: Krookodile|Thunder Fang|p1a: Milotic
|-supereffective|p1a: Milotic
|-damage|p1a: Milotic|27/100
|move|p1a: Milotic|Dragon Tail|p2a: Krookodile
|-crit|p2a: Krookodile
|-damage|p2a: Krookodile|80/100
|drag|p2a: Arcanine|Arcanine-Hisui, M|100/100
|
|-status|p1a: Milotic|brn|[from] item: Flame Orb
|upkeep
|turn|15
|
|t:|1769311430
|move|p2a: Arcanine|Wild Charge|p1a: Milotic
|-supereffective|p1a: Milotic
|-damage|p1a: Milotic|0 fnt
|faint|p1a: Milotic
|-damage|p2a: Arcanine|91/100|[from] item: Life Orb
|
|upkeep
|
|t:|1769311435
|switch|p1a: Chandelure|Chandelure, F|100/100
|turn|16
|
|t:|1769311442
|move|p2a: Arcanine|Head Smash|p1a: Chandelure
|-supereffective|p1a: Chandelure
|-damage|p1a: Chandelure|0 fnt
|faint|p1a: Chandelure
|-damage|p2a: Arcanine|81/100|[from] item: Life Orb
|
|win|Velzebuz0
|raw|Sir_Rambage's rating: 1059 &rarr; <strong>1040</strong><br />(-19 for losing)
|raw|Velzebuz0's rating: 1055 &rarr; <strong>1087</strong><br />(+32 for winning)
|l|☆Sir_Rambage
|player|p1|
|l|☆Velzebuz0
|player|p2|
