|j|☆BashimBen
|j|☆SigmaGamer123321
|t:|1769369690
|gametype|singles
|player|p1|BashimBen|hugh|1279
|player|p2|SigmaGamer123321|n|1298
|gen|9
|tier|[Gen 9] OU
|rated|
|rule|HP Percentage Mod: HP is shown in percentages
|rule|Endless Battle Clause: Forcing endless battles is banned
|rule|Species Clause: Limit one of each Pokémon
|rule|OHKO Clause: OHKO moves are banned
|rule|Evasion Items Clause: Evasion items are banned
|rule|Evasion Moves Clause: Evasion moves are banned
|rule|Evasion Abilities Clause: Evasion abilities are banned
|rule|Sleep Moves Clause: Sleep-inducing moves are banned
|clearpoke
|poke|p1|Ogerpon, F|
|poke|p1|Heatran, M|
|poke|p1|Corviknight, M|
|poke|p1|Raging Bolt|
|poke|p1|Gliscor, M|
|poke|p1|Primarina, M|
|poke|p2|Ribombee, F|
|poke|p2|Glimmora, F|
|poke|p2|Ting-Lu|
|poke|p2|Veluza, F|
|poke|p2|Azelf|
|poke|p2|Kingambit, M|
|teampreview
|inactive|Battle timer is ON: inactive players will automatically lose when time's up. (requested by SigmaGamer123321)
|
|t:|1769369708
|teamsize|p1|6
|teamsize|p2|6
|start
|switch|p1a: Gliscor|Gliscor, M|100/100
|switch|p2a: Ribombee|Ribombee, F|100/100
|turn|1
|
|t:|1769369719
|switch|p1a: Heatran|Heatran, M|100/100
|move|p2a: Ribombee|Quiver Dance|p2a: Ribombee
|-boost|p2a: Ribombee|spa|1
|-boost|p2a: Ribombee|spd|1
|-boost|p2a: Ribombee|spe|1
|
|upkeep
|turn|2
|
|t:|1769369724
|move|p2a: Ribombee|Stun Spore|p1a: Heatran
|-status|p1a: Heatran|par
|move|p1a: Heatran|Taunt|p2a: Ribombee
|-start|p2a: Ribombee|move: Taunt
|
|upkeep
|turn|3
|
|t:|1769369731
|switch|p2a: Glimmora|Glimmora, F|100/100
|move|p1a: Heatran|Will-O-Wisp|p2a: Glimmora
|-status|p2a: Glimmora|brn
|
|-damage|p2a: Glimmora|94/100 brn|[from] brn
|upkeep
|turn|4
|
|t:|1769369737
|switch|p1a: Gliscor|Gliscor, M|100/100
|move|p2a: Glimmora|Stealth Rock|p1a: Gliscor
|-sidestart|p1: BashimBen|move: Stealth Rock
|
|-damage|p2a: Glimmora|88/100 brn|[from] brn
|-status|p1a: Gliscor|tox|[from] item: Toxic Orb
|upkeep
|turn|5
|
|t:|1769369742
|move|p2a: Glimmora|Memento|p1a: Gliscor
|-unboost|p1a: Gliscor|atk|2
|-unboost|p1a: Gliscor|spa|2
|faint|p2a: Glimmora
|move|p1a: Gliscor|Earthquake|p2: Glimmora|[notarget]
|-fail|p1a: Gliscor
|
|upkeep
|
|t:|1769369748
|switch|p2a: Ribombee|Ribombee, F|100/100
|turn|6
|
|t:|1769369753
|switch|p1a: Heatran|Heatran, M|100/100 par
|-damage|p1a: Heatran|88/100 par|[from] Stealth Rock
|move|p2a: Ribombee|Sticky Web|p1a: Heatran
|-sidestart|p1: BashimBen|move: Sticky Web
|
|upkeep
|turn|7
|
|t:|1769369759
|switch|p2a: Azelf|Azelf|100/100
|move|p1a: Heatran|Taunt|p2a: Azelf
|-start|p2a: Azelf|move: Taunt
|
|upkeep
|turn|8
|
|t:|1769369769
|switch|p2a: Veluza|Veluza, F|100/100
|switch|p1a: Corviknight|Corviknight, M|100/100
|-damage|p1a: Corviknight|88/100|[from] Stealth Rock
|-ability|p1a: Corviknight|Pressure
|
|upkeep
|turn|9
|
|t:|1769369774
|move|p2a: Veluza|Final Gambit|p1a: Corviknight
|-damage|p1a: Corviknight|0 fnt
|faint|p2a: Veluza
|faint|p1a: Corviknight
|
|upkeep
|
|t:|1769369790
|switch|p2a: Ting-Lu|Ting-Lu|100/100
|switch|p1a: Heatran|Heatran, M|88/100 par
|-ability|p2a: Ting-Lu|Vessel of Ruin
|-damage|p1a: Heatran|76/100 par|[from] Stealth Rock
|-activate|p1a: Heatran|move: Sticky Web
|-unboost|p1a: Heatran|spe|1
|turn|10
|
|t:|1769369799
|switch|p1a: Gliscor|Gliscor, M|100/100 tox
|-damage|p1a: Gliscor|88/100 tox|[from] Stealth Rock
|move|p2a: Ting-Lu|Spikes|p1a: Gliscor
|-sidestart|p1: BashimBen|Spikes
|
|-heal|p1a: Gliscor|100/100 tox|[from] ability: Poison Heal
|upkeep
|turn|11
|
|t:|1769369805
|move|p1a: Gliscor|Spikes|p2a: Ting-Lu
|-sidestart|p2: SigmaGamer123321|Spikes
|move|p2a: Ting-Lu|Spikes|p1a: Gliscor
|-sidestart|p1: BashimBen|Spikes
|
|upkeep
|turn|12
|
|t:|1769369809
|move|p1a: Gliscor|Spikes|p2a: Ting-Lu
|-sidestart|p2: SigmaGamer123321|Spikes
|move|p2a: Ting-Lu|Spikes|p1a: Gliscor
|-sidestart|p1: BashimBen|Spikes
|
|upkeep
|turn|13
|
|t:|1769369813
|move|p1a: Gliscor|Spikes|p2a: Ting-Lu
|-sidestart|p2: SigmaGamer123321|Spikes
|move|p2a: Ting-Lu|Whirlwind|p1a: Gliscor
|drag|p1a: Heatran|Heatran, M|76/100 par
|-damage|p1a: Heatran|63/100 par|[from] Stealth Rock
|-activate|p1a: Heatran|move: Sticky Web
|-unboost|p1a: Heatran|spe|1
|-damage|p1a: Heatran|38/100 par|[from] Spikes
|
|upkeep
|turn|14
|
|t:|1769369820
|switch|p1a: Gliscor|Gliscor, M|100/100 tox
|-damage|p1a: Gliscor|88/100 tox|[from] Stealth Rock
|move|p2a: Ting-Lu|Whirlwind|p1a: Gliscor
|drag|p1a: Ogerpon|Ogerpon, F|100/100
|
|upkeep
|turn|15
|
|t:|1769369829
|-terastallize|p1a: Ogerpon|Grass
|detailschange|p1a: Ogerpon|Ogerpon-Teal-Tera, F, tera:Grass
|-ability|p1a: Ogerpon|Embody Aspect (Teal)|boost
|-boost|p1a: Ogerpon|spe|1
|move|p1a: Ogerpon|Swords Dance|p1a: Ogerpon
|-boost|p1a: Ogerpon|atk|2
|move|p2a: Ting-Lu|Memento|p1a: Ogerpon
|-unboost|p1a: Ogerpon|atk|2
|-unboost|p1a: Ogerpon|spa|2
|faint|p2a: Ting-Lu
|
|upkeep
|
|t:|1769369842
|switch|p2a: Azelf|Azelf|100/100
|turn|16
|
|t:|1769369860
|switch|p1a: Gliscor|Gliscor, M|88/100 tox
|-damage|p1a: Gliscor|75/100 tox|[from] Stealth Rock
|move|p2a: Azelf|Reflect|p2a: Azelf
|-sidestart|p2: SigmaGamer123321|Reflect
|
|-heal|p1a: Gliscor|88/100 tox|[from] ability: Poison Heal
|upkeep
|turn|17
|
|t:|1769369867
|move|p2a: Azelf|Light Screen|p2a: Azelf
|-sidestart|p2: SigmaGamer123321|move: Light Screen
|move|p1a: Gliscor|U-turn|p2a: Azelf
|-supereffective|p2a: Azelf
|-crit|p2a: Azelf
|-damage|p2a: Azelf|28/100
|
|t:|1769369875
|switch|p1a: Raging Bolt|Raging Bolt|100/100|[from] U-turn
|-damage|p1a: Raging Bolt|88/100|[from] Stealth Rock
|-activate|p1a: Raging Bolt|move: Sticky Web
|-unboost|p1a: Raging Bolt|spe|1
|-damage|p1a: Raging Bolt|63/100|[from] Spikes
|
|upkeep
|turn|18
|
|t:|1769369888
|move|p2a: Azelf|Explosion|p1a: Raging Bolt
|-damage|p1a: Raging Bolt|0 fnt
|faint|p2a: Azelf
|faint|p1a: Raging Bolt
|-end|p1a: Raging Bolt|Protosynthesis|[silent]
|
|upkeep
|c|☆BashimBen|lmao this is funny
|c|☆SigmaGamer123321|:)
|inactive|BashimBen has 120 seconds left.
|
|t:|1769369919
|switch|p2a: Ribombee|Ribombee, F|100/100
|switch|p1a: Heatran|Heatran, M|38/100 par
|-damage|p2a: Ribombee|76/100|[from] Spikes
|-damage|p1a: Heatran|26/100 par|[from] Stealth Rock
|-activate|p1a: Heatran|move: Sticky Web
|-unboost|p1a: Heatran|spe|1
|-damage|p1a: Heatran|1/100 par|[from] Spikes
|turn|19
|inactive|BashimBen has 120 seconds left.
|
|t:|1769369928
|move|p2a: Ribombee|Quiver Dance|p2a: Ribombee
|-boost|p2a: Ribombee|spa|1
|-boost|p2a: Ribombee|spd|1
|-boost|p2a: Ribombee|spe|1
|move|p1a: Heatran|Magma Storm|p2a: Ribombee
|-supereffective|p2a: Ribombee
|-damage|p2a: Ribombee|27/100
|-activate|p2a: Ribombee|move: Magma Storm|[of] p1a: Heatran
|
|-damage|p2a: Ribombee|15/100|[from] move: Magma Storm|[partiallytrapped]
|upkeep
|turn|20
|
|t:|1769369937
|move|p2a: Ribombee|Moonblast|p1a: Heatran
|-resisted|p1a: Heatran
|-damage|p1a: Heatran|0 fnt
|faint|p1a: Heatran
|
|-end|p2a: Ribombee|Magma Storm|[partiallytrapped]|[silent]
|upkeep
|inactive|BashimBen has 120 seconds left.
|
|t:|1769369950
|switch|p1a: Gliscor|Gliscor, M|88/100 tox
|-damage|p1a: Gliscor|75/100 tox|[from] Stealth Rock
|turn|21
|
|t:|1769369954
|move|p2a: Ribombee|Moonblast|p1a: Gliscor
|-damage|p1a: Gliscor|6/100 tox
|move|p1a: Gliscor|Earthquake|p2a: Ribombee
|-resisted|p2a: Ribombee
|-damage|p2a: Ribombee|0 fnt
|faint|p2a: Ribombee
|
|-heal|p1a: Gliscor|18/100 tox|[from] ability: Poison Heal
|upkeep
|
|t:|1769369959
|switch|p2a: Kingambit|Kingambit, M|100/100
|-damage|p2a: Kingambit|76/100|[from] Spikes
|-activate|p2a: Kingambit|ability: Supreme Overlord
|-start|p2a: Kingambit|fallen5|[silent]
|turn|22
|
|t:|1769369966
|-terastallize|p2a: Kingambit|Dark
|move|p1a: Gliscor|Protect|p1a: Gliscor
|-singleturn|p1a: Gliscor|Protect
|move|p2a: Kingambit|Swords Dance|p2a: Kingambit
|-boost|p2a: Kingambit|atk|2
|
|-heal|p1a: Gliscor|31/100 tox|[from] ability: Poison Heal
|upkeep
|turn|23
|
|t:|1769369974
|move|p1a: Gliscor|U-turn|p2a: Kingambit
|-supereffective|p2a: Kingambit
|-crit|p2a: Kingambit
|-damage|p2a: Kingambit|35/100
|
|t:|1769369977
|switch|p1a: Primarina|Primarina, M|100/100|[from] U-turn
|-damage|p1a: Primarina|88/100|[from] Stealth Rock
|-activate|p1a: Primarina|move: Sticky Web
|-unboost|p1a: Primarina|spe|1
|-damage|p1a: Primarina|63/100|[from] Spikes
|move|p2a: Kingambit|Kowtow Cleave|p1a: Primarina
|-resisted|p1a: Primarina
|-damage|p1a: Primarina|0 fnt
|faint|p1a: Primarina
|
|-sideend|p2: SigmaGamer123321|Reflect
|upkeep
|
|t:|1769369987
|switch|p1a: Gliscor|Gliscor, M|31/100 tox
|-damage|p1a: Gliscor|18/100 tox|[from] Stealth Rock
|turn|24
|
|t:|1769369991
|move|p1a: Gliscor|U-turn|p2a: Kingambit
|-supereffective|p2a: Kingambit
|-damage|p2a: Kingambit|10/100
|
|t:|1769369994
|switch|p1a: Ogerpon|Ogerpon-Teal-Tera, F, tera:Grass|100/100|[from] U-turn
|-ability|p1a: Ogerpon|Embody Aspect (Teal)|boost
|-boost|p1a: Ogerpon|spe|1
|move|p2a: Kingambit|Kowtow Cleave|p1a: Ogerpon
|-crit|p1a: Ogerpon
|-damage|p1a: Ogerpon|0 fnt
|faint|p1a: Ogerpon
|detailschange|p1: Ogerpon|Ogerpon, F|[silent]
|
|-sideend|p2: SigmaGamer123321|move: Light Screen
|upkeep
|
|t:|1769370000
|switch|p1a: Gliscor|Gliscor, M|18/100 tox
|-damage|p1a: Gliscor|6/100 tox|[from] Stealth Rock
|turn|25
|
|t:|1769370003
|move|p2a: Kingambit|Sucker Punch|p1a: Gliscor
|-damage|p1a: Gliscor|0 fnt
|faint|p1a: Gliscor
|
|win|SigmaGamer123321
|raw|BashimBen's rating: 1279 &rarr; <strong>1255</strong><br />(-24 for losing)
|raw|SigmaGamer123321's rating: 1298 &rarr; <strong>1322</strong><br />(+24 for winning)
|l|☆BashimBen
|player|p1|
|c|☆SigmaGamer123321|ggs :D
|l|☆SigmaGamer123321
|player|p2|
