|j|☆fangcunaite
|j|☆xianhuashaoxu
|t:|1769435640
|gametype|singles
|player|p1|fangcunaite|clair|1247
|player|p2|xianhuashaoxu|cynthia|1265
|gen|9
|tier|[Gen 9] OU
|rated|
|rule|HP Percentage Mod: HP is shown in percentages
|rule|Endless Battle Clause: Forcing endless battles is banned
|rule|Species Clause: Limit one of each Pokémon
|rule|OHKO Clause: OHKO moves are banned
|rule|Evasion Items Clause: Evasion items are banned
|rule|Evasion Moves Clause: Evasion moves are banned
|rule|Evasion Abilities Clause: Evasion abilities are banned
|rule|Sleep Moves Clause: Sleep-inducing moves are banned
|clearpoke
|poke|p1|Enamorus-Therian, F|
|poke|p1|Smeargle, M|
|poke|p1|Hoopa-Unbound|
|poke|p1|Ursaluna, F|
|poke|p1|Hatterene, F|
|poke|p1|Kingambit, M|
|poke|p2|Sandy Shocks|
|poke|p2|Scizor, F|
|poke|p2|Manaphy|
|poke|p2|Latios, M|
|poke|p2|Ogerpon, F|
|poke|p2|Iron Jugulis|
|teampreview
|inactive|Battle timer is ON: inactive players will automatically lose when time's up. (requested by fangcunaite)
|inactive|xianhuashaoxu also wants the timer to be on.
|
|t:|1769435656
|teamsize|p1|6
|teamsize|p2|6
|start
|switch|p1a: Smeargle|Smeargle, M|100/100
|switch|p2a: Sandy Shocks|Sandy Shocks|100/100
|-enditem|p2a: Sandy Shocks|Booster Energy
|-activate|p2a: Sandy Shocks|ability: Protosynthesis|[fromitem]
|-start|p2a: Sandy Shocks|protosynthesisspe
|turn|1
|
|t:|1769435664
|move|p2a: Sandy Shocks|Stealth Rock|p1a: Smeargle
|-sidestart|p1: fangcunaite|move: Stealth Rock
|move|p1a: Smeargle|Trick Room|p1a: Smeargle
|-fieldstart|move: Trick Room|[of] p1a: Smeargle
|
|upkeep
|turn|2
|
|t:|1769435674
|switch|p1a: Ursaluna|Ursaluna, F|100/100
|-damage|p1a: Ursaluna|94/100|[from] Stealth Rock
|move|p2a: Sandy Shocks|Spikes|p1a: Ursaluna
|-sidestart|p1: fangcunaite|Spikes
|
|-status|p1a: Ursaluna|brn|[from] item: Flame Orb
|upkeep
|turn|3
|
|t:|1769435695
|-end|p2a: Sandy Shocks|Protosynthesis|[silent]
|switch|p2a: Iron Jugulis|Iron Jugulis|100/100
|-enditem|p2a: Iron Jugulis|Booster Energy
|-activate|p2a: Iron Jugulis|ability: Quark Drive|[fromitem]
|-start|p2a: Iron Jugulis|quarkdrivespe
|move|p1a: Ursaluna|Facade|p2a: Iron Jugulis
|-damage|p2a: Iron Jugulis|0 fnt
|faint|p2a: Iron Jugulis
|-end|p2a: Iron Jugulis|Quark Drive|[silent]
|
|-damage|p1a: Ursaluna|88/100 brn|[from] brn
|upkeep
|inactive|xianhuashaoxu has 120 seconds left.
|
|t:|1769435716
|switch|p2a: Scizor|Scizor, F|100/100
|turn|4
|inactive|xianhuashaoxu has 120 seconds left.
|
|t:|1769435723
|move|p1a: Ursaluna|Fire Punch|p2a: Scizor
|-supereffective|p2a: Scizor
|-damage|p2a: Scizor|0 fnt
|faint|p2a: Scizor
|
|-damage|p1a: Ursaluna|82/100 brn|[from] brn
|upkeep
|inactive|xianhuashaoxu has 120 seconds left.
|
|t:|1769435732
|switch|p2a: Manaphy|Manaphy|100/100
|turn|5
|
|t:|1769435736
|move|p1a: Ursaluna|Facade|p2a: Manaphy
|-damage|p2a: Manaphy|0 fnt
|faint|p2a: Manaphy
|
|-damage|p1a: Ursaluna|76/100 brn|[from] brn
|-fieldend|move: Trick Room
|upkeep
|
|t:|1769435743
|switch|p2a: Latios|Latios, M|100/100
|turn|6
|
|t:|1769435751
|move|p2a: Latios|Aura Sphere|p1a: Ursaluna
|-supereffective|p1a: Ursaluna
|-damage|p1a: Ursaluna|31/100 brn
|move|p1a: Ursaluna|Facade|p2a: Latios
|-damage|p2a: Latios|0 fnt
|faint|p2a: Latios
|
|-damage|p1a: Ursaluna|25/100 brn|[from] brn
|upkeep
|-message|xianhuashaoxu forfeited.
|
|win|fangcunaite
|raw|fangcunaite's rating: 1247 &rarr; <strong>1273</strong><br />(+26 for winning)
|raw|xianhuashaoxu's rating: 1265 &rarr; <strong>1239</strong><br />(-26 for losing)
|l|☆xianhuashaoxu
|player|p2|
