|j|☆aldrich_unfaithful
|j|☆Darkmaniman+Minus
|t:|1769380095
|gametype|singles
|player|p1|aldrich_unfaithful|veteranf|1418
|player|p2|Darkmaniman+Minus|102|1439
|gen|9
|tier|[Gen 9] OU
|rated|
|rule|HP Percentage Mod: HP is shown in percentages
|rule|Endless Battle Clause: Forcing endless battles is banned
|rule|Species Clause: Limit one of each Pokémon
|rule|OHKO Clause: OHKO moves are banned
|rule|Evasion Items Clause: Evasion items are banned
|rule|Evasion Moves Clause: Evasion moves are banned
|rule|Evasion Abilities Clause: Evasion abilities are banned
|rule|Sleep Moves Clause: Sleep-inducing moves are banned
|clearpoke
|poke|p1|Pecharunt|
|poke|p1|Great Tusk|
|poke|p1|Kingambit, F|
|poke|p1|Moltres|
|poke|p1|Deoxys-Speed|
|poke|p1|Samurott-Hisui, M|
|poke|p2|Rillaboom, M|
|poke|p2|Drifblim, F|
|poke|p2|Gholdengo|
|poke|p2|Great Tusk|
|poke|p2|Kingambit, M|
|poke|p2|Moltres|
|teampreview
|inactive|Battle timer is ON: inactive players will automatically lose when time's up. (requested by aldrich_unfaithful)
|
|t:|1769380118
|teamsize|p1|6
|teamsize|p2|6
|start
|switch|p1a: Moltres|Moltres|100/100
|switch|p2a: Great Tusk|Great Tusk|100/100
|turn|1
|
|t:|1769380126
|-end|p2a: Great Tusk|Protosynthesis|[silent]
|switch|p2a: Moltres|Moltres|100/100
|move|p1a: Moltres|Will-O-Wisp|p2a: Moltres
|-immune|p2a: Moltres
|
|upkeep
|turn|2
|inactive|aldrich_unfaithful has 120 seconds left.
|
|t:|1769380183
|move|p1a: Moltres|U-turn|p2a: Moltres
|-resisted|p2a: Moltres
|-damage|p2a: Moltres|98/100
|
|t:|1769380189
|switch|p1a: Samurott|Samurott-Hisui, M|100/100|[from] U-turn
|move|p2a: Moltres|U-turn|p1a: Samurott
|-supereffective|p1a: Samurott
|-damage|p1a: Samurott|64/100
|
|t:|1769380202
|switch|p2a: Rillaboom|Rillaboom, M|100/100|[from] U-turn
|-fieldstart|move: Grassy Terrain|[from] ability: Grassy Surge|[of] p2a: Rillaboom
|
|-heal|p1a: Samurott|70/100|[from] Grassy Terrain
|upkeep
|turn|3
|
|t:|1769380211
|switch|p1a: Moltres|Moltres|100/100
|move|p2a: Rillaboom|Drum Beating|p1a: Moltres
|-resisted|p1a: Moltres
|-damage|p1a: Moltres|88/100
|-unboost|p1a: Moltres|spe|1
|
|upkeep
|turn|4
|
|t:|1769380216
|move|p2a: Rillaboom|Knock Off|p1a: Moltres
|-damage|p1a: Moltres|55/100
|-enditem|p1a: Moltres|Heavy-Duty Boots|[from] move: Knock Off|[of] p2a: Rillaboom
|move|p1a: Moltres|U-turn|p2a: Rillaboom
|-supereffective|p2a: Rillaboom
|-damage|p2a: Rillaboom|68/100
|
|t:|1769380229
|switch|p1a: Pecharunt|Pecharunt|100/100|[from] U-turn
|
|-heal|p2a: Rillaboom|75/100|[from] Grassy Terrain
|upkeep
|turn|5
|inactive|aldrich_unfaithful has 90 seconds left.
|
|t:|1769380274
|switch|p2a: Kingambit|Kingambit, M|100/100
|move|p1a: Pecharunt|Malignant Chain|p2a: Kingambit
|-immune|p2a: Kingambit
|
|upkeep
|turn|6
|
|t:|1769380283
|switch|p1a: Samurott|Samurott-Hisui, M|70/100
|move|p2a: Kingambit|Kowtow Cleave|p1a: Samurott
|-resisted|p1a: Samurott
|-damage|p1a: Samurott|34/100
|
|-heal|p1a: Samurott|41/100|[from] Grassy Terrain
|upkeep
|turn|7
|inactive|aldrich_unfaithful has 90 seconds left.
|inactive|aldrich_unfaithful has 60 seconds left.
|
|t:|1769380325
|-end|p2a: Kingambit|fallenundefined|[silent]
|switch|p2a: Great Tusk|Great Tusk|100/100
|move|p1a: Samurott|Aqua Cutter|p2a: Great Tusk
|-supereffective|p2a: Great Tusk
|-crit|p2a: Great Tusk
|-damage|p2a: Great Tusk|0 fnt
|faint|p2a: Great Tusk
|-end|p2a: Great Tusk|Protosynthesis|[silent]
|
|-heal|p1a: Samurott|47/100|[from] Grassy Terrain
|upkeep
|
|t:|1769380337
|switch|p2a: Drifblim|Drifblim, F|100/100
|-enditem|p2a: Drifblim|Grassy Seed
|-boost|p2a: Drifblim|def|1|[from] item: Grassy Seed
|turn|8
|inactive|aldrich_unfaithful has 60 seconds left.
|
|t:|1769380354
|switch|p1a: Kingambit|Kingambit, F|100/100
|move|p2a: Drifblim|Calm Mind|p2a: Drifblim
|-boost|p2a: Drifblim|spa|1
|-boost|p2a: Drifblim|spd|1
|
|upkeep
|turn|9
|
|t:|1769380358
|move|p2a: Drifblim|Will-O-Wisp|p1a: Kingambit
|-status|p1a: Kingambit|brn
|move|p1a: Kingambit|Swords Dance|p1a: Kingambit
|-boost|p1a: Kingambit|atk|2
|
|-damage|p1a: Kingambit|94/100 brn|[from] brn
|-fieldend|move: Grassy Terrain
|upkeep
|turn|10
|
|t:|1769380362
|move|p2a: Drifblim|Calm Mind|p2a: Drifblim
|-boost|p2a: Drifblim|spa|1
|-boost|p2a: Drifblim|spd|1
|move|p1a: Kingambit|Swords Dance|p1a: Kingambit
|-boost|p1a: Kingambit|atk|2
|
|-damage|p1a: Kingambit|88/100 brn|[from] brn
|upkeep
|turn|11
|
|t:|1769380366
|-terastallize|p2a: Drifblim|Electric
|move|p2a: Drifblim|Calm Mind|p2a: Drifblim
|-boost|p2a: Drifblim|spa|1
|-boost|p2a: Drifblim|spd|1
|move|p1a: Kingambit|Swords Dance|p1a: Kingambit
|-boost|p1a: Kingambit|atk|2
|
|-damage|p1a: Kingambit|82/100 brn|[from] brn
|upkeep
|turn|12
|
|t:|1769380371
|move|p2a: Drifblim|Calm Mind|p2a: Drifblim
|-boost|p2a: Drifblim|spa|1
|-boost|p2a: Drifblim|spd|1
|move|p1a: Kingambit|Kowtow Cleave|p2a: Drifblim
|-damage|p2a: Drifblim|1/100
|
|-damage|p1a: Kingambit|76/100 brn|[from] brn
|upkeep
|turn|13
|
|t:|1769380375
|move|p2a: Drifblim|Strength Sap|p1a: Kingambit
|-unboost|p1a: Kingambit|atk|1
|-heal|p2a: Drifblim|100/100
|move|p1a: Kingambit|Kowtow Cleave|p2a: Drifblim
|-damage|p2a: Drifblim|16/100
|
|-damage|p1a: Kingambit|70/100 brn|[from] brn
|upkeep
|turn|14
|
|t:|1769380378
|move|p2a: Drifblim|Strength Sap|p1a: Kingambit
|-unboost|p1a: Kingambit|atk|1
|-heal|p2a: Drifblim|100/100
|move|p1a: Kingambit|Kowtow Cleave|p2a: Drifblim
|-damage|p2a: Drifblim|24/100
|
|-damage|p1a: Kingambit|64/100 brn|[from] brn
|upkeep
|turn|15
|
|t:|1769380381
|move|p2a: Drifblim|Strength Sap|p1a: Kingambit
|-unboost|p1a: Kingambit|atk|1
|-heal|p2a: Drifblim|100/100
|move|p1a: Kingambit|Kowtow Cleave|p2a: Drifblim
|-damage|p2a: Drifblim|39/100
|
|-damage|p1a: Kingambit|57/100 brn|[from] brn
|upkeep
|turn|16
|
|t:|1769380384
|move|p2a: Drifblim|Strength Sap|p1a: Kingambit
|-unboost|p1a: Kingambit|atk|1
|-heal|p2a: Drifblim|100/100
|move|p1a: Kingambit|Swords Dance|p1a: Kingambit
|-boost|p1a: Kingambit|atk|2
|
|-damage|p1a: Kingambit|51/100 brn|[from] brn
|upkeep
|turn|17
|
|t:|1769380387
|move|p2a: Drifblim|Shadow Ball|p1a: Kingambit
|-resisted|p1a: Kingambit
|-damage|p1a: Kingambit|0 fnt
|faint|p1a: Kingambit
|-end|p1a: Kingambit|fallenundefined|[silent]
|
|upkeep
|c|☆Darkmaniman+Minus|GG
|c|☆Darkmaniman+Minus|LOL
|inactive|aldrich_unfaithful has 120 seconds left.
|
|t:|1769380422
|switch|p1a: Samurott|Samurott-Hisui, M|47/100
|turn|18
|inactive|aldrich_unfaithful has 120 seconds left.
|
|t:|1769380430
|-terastallize|p1a: Samurott|Water
|move|p1a: Samurott|Aqua Jet|p2a: Drifblim
|-damage|p2a: Drifblim|70/100
|move|p2a: Drifblim|Shadow Ball|p1a: Samurott
|-damage|p1a: Samurott|0 fnt
|faint|p1a: Samurott
|
|upkeep
|-message|aldrich_unfaithful forfeited.
|
|win|Darkmaniman+Minus
|raw|aldrich_unfaithful's rating: 1418 &rarr; <strong>1399</strong><br />(-19 for losing)
|raw|Darkmaniman+Minus's rating: 1439 &rarr; <strong>1458</strong><br />(+19 for winning)
|l|☆aldrich_unfaithful
|player|p1|
|l|☆Darkmaniman+Minus
|player|p2|
