|j|☆reversetracebaxks
|j|☆ManInBlack14
|t:|1769423027
|gametype|singles
|player|p1|reversetracebaxks|170|
|player|p2|ManInBlack14|red|
|gen|9
|tier|[Gen 9] OU
|rule|HP Percentage Mod: HP is shown in percentages
|rule|Endless Battle Clause: Forcing endless battles is banned
|rule|Species Clause: Limit one of each Pokémon
|rule|OHKO Clause: OHKO moves are banned
|rule|Evasion Items Clause: Evasion items are banned
|rule|Evasion Moves Clause: Evasion moves are banned
|rule|Evasion Abilities Clause: Evasion abilities are banned
|rule|Sleep Moves Clause: Sleep-inducing moves are banned
|clearpoke
|poke|p1|Darkrai|
|poke|p1|Gholdengo|
|poke|p1|Great Tusk|
|poke|p1|Skarmory, F|
|poke|p1|Slowking-Galar, M|
|poke|p1|Dragonite, F|
|poke|p2|Tornadus-Therian, M|
|poke|p2|Pecharunt|
|poke|p2|Corviknight, F|
|poke|p2|Dondozo, F|
|poke|p2|Chansey, F|
|poke|p2|Gliscor, M|
|teampreview
|inactive|Battle timer is ON: inactive players will automatically lose when time's up. (requested by ManInBlack14)
|
|t:|1769423052
|teamsize|p1|6
|teamsize|p2|6
|start
|switch|p1a: Great Wall|Great Tusk|100/100
|switch|p2a: Tornadus|Tornadus-Therian, M|100/100
|turn|1
|
|t:|1769423058
|-end|p1a: Great Wall|Protosynthesis|[silent]
|switch|p1a: Glowrious King|Slowking-Galar, M|100/100
|move|p2a: Tornadus|Knock Off|p1a: Glowrious King
|-supereffective|p1a: Glowrious King
|-damage|p1a: Glowrious King|56/100
|-enditem|p1a: Glowrious King|Assault Vest|[from] move: Knock Off|[of] p2a: Tornadus
|
|upkeep
|turn|2
|j| Niroglift
|
|t:|1769423066
|move|p2a: Tornadus|Knock Off|p1a: Glowrious King
|-supereffective|p1a: Glowrious King
|-damage|p1a: Glowrious King|30/100
|move|p1a: Glowrious King|Ice Beam|p2a: Tornadus
|-supereffective|p2a: Tornadus
|-damage|p2a: Tornadus|39/100
|
|upkeep
|turn|3
|
|t:|1769423080
|switch|p1a: Gholden Gates|Gholdengo|100/100
|move|p2a: Tornadus|U-turn|p1a: Gholden Gates
|-resisted|p1a: Gholden Gates
|-damage|p1a: Gholden Gates|98/100
|
|t:|1769423088
|switch|p2a: Chansey|Chansey, F|100/100|[from] U-turn
|
|upkeep
|turn|4
|
|t:|1769423093
|switch|p1a: Great Wall|Great Tusk|100/100
|move|p2a: Chansey|Stealth Rock|p1a: Great Wall
|-sidestart|p1: reversetracebaxks|move: Stealth Rock
|
|upkeep
|turn|5
|
|t:|1769423102
|switch|p2a: Gliscor|Gliscor, M|100/100
|move|p1a: Great Wall|Stealth Rock|p2a: Gliscor
|-sidestart|p2: ManInBlack14|move: Stealth Rock
|
|-status|p2a: Gliscor|tox|[from] item: Toxic Orb
|upkeep
|turn|6
|
|t:|1769423107
|move|p1a: Great Wall|Ice Spinner|p2a: Gliscor
|-supereffective|p2a: Gliscor
|-damage|p2a: Gliscor|11/100 tox
|move|p2a: Gliscor|Toxic|p1a: Great Wall
|-status|p1a: Great Wall|tox
|
|-damage|p1a: Great Wall|94/100 tox|[from] psn
|-heal|p2a: Gliscor|23/100 tox|[from] ability: Poison Heal
|upkeep
|turn|7
|
|t:|1769423113
|move|p2a: Gliscor|Protect|p2a: Gliscor
|-singleturn|p2a: Gliscor|Protect
|move|p1a: Great Wall|Ice Spinner|p2a: Gliscor
|-activate|p2a: Gliscor|move: Protect
|
|-damage|p1a: Great Wall|82/100 tox|[from] psn
|-heal|p2a: Gliscor|36/100 tox|[from] ability: Poison Heal
|upkeep
|turn|8
|
|t:|1769423118
|switch|p2a: Corviknight|Corviknight, F|100/100
|-damage|p2a: Corviknight|88/100|[from] Stealth Rock
|-ability|p2a: Corviknight|Pressure
|move|p1a: Great Wall|Headlong Rush|p2a: Corviknight
|-immune|p2a: Corviknight
|
|-heal|p2a: Corviknight|94/100|[from] item: Leftovers
|-damage|p1a: Great Wall|63/100 tox|[from] psn
|upkeep
|turn|9
|
|t:|1769423133
|-end|p1a: Great Wall|Protosynthesis|[silent]
|switch|p1a: Gholden Gates|Gholdengo|98/100
|-damage|p1a: Gholden Gates|92/100|[from] Stealth Rock
|switch|p2a: Tornadus|Tornadus-Therian, M|72/100
|
|upkeep
|turn|10
|
|t:|1769423140
|switch|p1a: Glowrious King|Slowking-Galar, M|63/100
|-damage|p1a: Glowrious King|51/100|[from] Stealth Rock
|move|p2a: Tornadus|Knock Off|p1a: Glowrious King
|-supereffective|p1a: Glowrious King
|-damage|p1a: Glowrious King|21/100
|
|upkeep
|turn|11
|
|t:|1769423166
|switch|p1a: Skarmface|Skarmory, F|100/100
|-damage|p1a: Skarmface|88/100|[from] Stealth Rock
|move|p2a: Tornadus|Taunt|p1a: Skarmface
|-start|p1a: Skarmface|move: Taunt
|
|upkeep
|turn|12
|
|t:|1769423177
|move|p2a: Tornadus|Knock Off|p1a: Skarmface
|-damage|p1a: Skarmface|76/100
|-damage|p2a: Tornadus|56/100|[from] item: Rocky Helmet|[of] p1a: Skarmface
|-enditem|p1a: Skarmface|Rocky Helmet|[from] move: Knock Off|[of] p2a: Tornadus
|move|p1a: Skarmface|Body Press|p2a: Tornadus
|-resisted|p2a: Tornadus
|-damage|p2a: Tornadus|41/100
|
|upkeep
|turn|13
|
|t:|1769423183
|move|p2a: Tornadus|U-turn|p1a: Skarmface
|-resisted|p1a: Skarmface
|-damage|p1a: Skarmface|74/100
|
|t:|1769423187
|switch|p2a: Gliscor|Gliscor, M|36/100 tox|[from] U-turn
|-damage|p2a: Gliscor|23/100 tox|[from] Stealth Rock
|move|p1a: Skarmface|Body Press|p2a: Gliscor
|-resisted|p2a: Gliscor
|-damage|p2a: Gliscor|11/100 tox
|
|-heal|p2a: Gliscor|24/100 tox|[from] ability: Poison Heal
|-end|p1a: Skarmface|move: Taunt
|upkeep
|turn|14
|
|t:|1769423195
|move|p2a: Gliscor|Protect|p2a: Gliscor
|-singleturn|p2a: Gliscor|Protect
|move|p1a: Skarmface|Spikes|p2a: Gliscor
|-sidestart|p2: ManInBlack14|Spikes
|
|-heal|p2a: Gliscor|36/100 tox|[from] ability: Poison Heal
|upkeep
|turn|15
|
|t:|1769423200
|move|p2a: Gliscor|Spikes|p1a: Skarmface
|-sidestart|p1: reversetracebaxks|Spikes
|move|p1a: Skarmface|Spikes|p2a: Gliscor
|-sidestart|p2: ManInBlack14|Spikes
|
|-heal|p2a: Gliscor|49/100 tox|[from] ability: Poison Heal
|upkeep
|turn|16
|
|t:|1769423203
|move|p2a: Gliscor|Spikes|p1a: Skarmface
|-sidestart|p1: reversetracebaxks|Spikes
|move|p1a: Skarmface|Spikes|p2a: Gliscor
|-sidestart|p2: ManInBlack14|Spikes
|
|-heal|p2a: Gliscor|61/100 tox|[from] ability: Poison Heal
|upkeep
|turn|17
|
|t:|1769423214
|switch|p2a: Tornadus|Tornadus-Therian, M|74/100
|move|p1a: Skarmface|Iron Defense|p1a: Skarmface
|-boost|p1a: Skarmface|def|2
|
|upkeep
|turn|18
|
|t:|1769423221
|switch|p2a: Pecharunt|Pecharunt|100/100
|move|p1a: Skarmface|Body Press|p2a: Pecharunt
|-immune|p2a: Pecharunt
|
|upkeep
|turn|19
|
|t:|1769423229
|move|p2a: Pecharunt|Parting Shot|p1a: Skarmface
|-unboost|p1a: Skarmface|atk|1
|-unboost|p1a: Skarmface|spa|1
|
|t:|1769423233
|switch|p2a: Tornadus|Tornadus-Therian, M|100/100|[from] Parting Shot
|move|p1a: Skarmface|Roost|p1a: Skarmface
|-heal|p1a: Skarmface|100/100
|-singleturn|p1a: Skarmface|move: Roost
|
|upkeep
|turn|20
|
|t:|1769423244
|move|p2a: Tornadus|Taunt|p1a: Skarmface
|-start|p1a: Skarmface|move: Taunt
|cant|p1a: Skarmface|move: Taunt|Iron Defense
|
|upkeep
|turn|21
|
|t:|1769423246
|switch|p2a: Pecharunt|Pecharunt|100/100
|move|p1a: Skarmface|Body Press|p2a: Pecharunt
|-immune|p2a: Pecharunt
|
|upkeep
|turn|22
|
|t:|1769423262
|switch|p1a: Imagine Dragonite|Dragonite, F|100/100
|move|p2a: Pecharunt|Shadow Ball|p1a: Imagine Dragonite
|-damage|p1a: Imagine Dragonite|89/100
|
|upkeep
|turn|23
|
|t:|1769423268
|move|p2a: Pecharunt|Toxic|p1a: Imagine Dragonite
|-status|p1a: Imagine Dragonite|tox
|-start|p1a: Imagine Dragonite|confusion|[from] ability: Poison Puppeteer|[of] p2a: Pecharunt
|-activate|p1a: Imagine Dragonite|confusion
|-damage|p1a: Imagine Dragonite|73/100 tox|[from] confusion
|
|-damage|p1a: Imagine Dragonite|67/100 tox|[from] psn
|upkeep
|turn|24
|
|t:|1769423273
|move|p2a: Pecharunt|Parting Shot|p1a: Imagine Dragonite
|-unboost|p1a: Imagine Dragonite|atk|1
|-unboost|p1a: Imagine Dragonite|spa|1
|
|t:|1769423277
|switch|p2a: Dondozo|Dondozo, F|100/100|[from] Parting Shot
|-damage|p2a: Dondozo|88/100|[from] Stealth Rock
|-damage|p2a: Dondozo|63/100|[from] Spikes
|-activate|p1a: Imagine Dragonite|confusion
|move|p1a: Imagine Dragonite|Dragon Tail|p2a: Dondozo
|-damage|p2a: Dondozo|48/100
|drag|p2a: Chansey|Chansey, F|100/100
|-damage|p2a: Chansey|88/100|[from] Stealth Rock
|-damage|p2a: Chansey|63/100|[from] Spikes
|
|-damage|p1a: Imagine Dragonite|55/100 tox|[from] psn
|upkeep
|turn|25
|
|t:|1769423291
|move|p2a: Chansey|Soft-Boiled|p2a: Chansey
|-heal|p2a: Chansey|100/100
|-end|p1a: Imagine Dragonite|confusion
|move|p1a: Imagine Dragonite|Dragon Tail|p2a: Chansey
|-damage|p2a: Chansey|85/100
|drag|p2a: Pecharunt|Pecharunt|100/100
|
|-damage|p1a: Imagine Dragonite|36/100 tox|[from] psn
|upkeep
|turn|26
|
|t:|1769423304
|move|p2a: Pecharunt|Shadow Ball|p1a: Imagine Dragonite
|-crit|p1a: Imagine Dragonite
|-damage|p1a: Imagine Dragonite|3/100 tox
|-unboost|p1a: Imagine Dragonite|spd|1
|move|p1a: Imagine Dragonite|Roost|p1a: Imagine Dragonite
|-heal|p1a: Imagine Dragonite|53/100 tox
|-singleturn|p1a: Imagine Dragonite|move: Roost
|
|-damage|p1a: Imagine Dragonite|28/100 tox|[from] psn
|upkeep
|turn|27
|
|t:|1769423311
|switch|p1a: Skarmface|Skarmory, F|100/100
|-damage|p1a: Skarmface|88/100|[from] Stealth Rock
|move|p2a: Pecharunt|Shadow Ball|p1a: Skarmface
|-damage|p1a: Skarmface|54/100
|
|upkeep
|turn|28
|
|t:|1769423317
|move|p2a: Pecharunt|Shadow Ball|p1a: Skarmface
|-damage|p1a: Skarmface|18/100
|move|p1a: Skarmface|Roost|p1a: Skarmface
|-heal|p1a: Skarmface|68/100
|-singleturn|p1a: Skarmface|move: Roost
|
|upkeep
|turn|29
|
|t:|1769423321
|move|p2a: Pecharunt|Shadow Ball|p1a: Skarmface
|-damage|p1a: Skarmface|34/100
|move|p1a: Skarmface|Roost|p1a: Skarmface
|-heal|p1a: Skarmface|84/100
|-singleturn|p1a: Skarmface|move: Roost
|
|upkeep
|turn|30
|
|t:|1769423328
|switch|p1a: Darkwing|Darkrai|100/100
|-damage|p1a: Darkwing|88/100|[from] Stealth Rock
|-damage|p1a: Darkwing|72/100|[from] Spikes
|move|p2a: Pecharunt|Shadow Ball|p1a: Darkwing
|-resisted|p1a: Darkwing
|-damage|p1a: Darkwing|54/100
|
|upkeep
|turn|31
|
|t:|1769423338
|switch|p2a: Tornadus|Tornadus-Therian, M|100/100
|move|p1a: Darkwing|Knock Off|p2a: Tornadus
|-damage|p2a: Tornadus|58/100
|-enditem|p2a: Tornadus|Heavy-Duty Boots|[from] move: Knock Off|[of] p1a: Darkwing
|
|upkeep
|turn|32
|
|t:|1769423348
|-terastallize|p1a: Darkwing|Dark
|-terastallize|p2a: Tornadus|Steel
|move|p1a: Darkwing|Dark Pulse|p2a: Tornadus
|-damage|p2a: Tornadus|0 fnt
|faint|p2a: Tornadus
|
|upkeep
|
|t:|1769423354
|switch|p2a: Chansey|Chansey, F|85/100
|-damage|p2a: Chansey|73/100|[from] Stealth Rock
|-damage|p2a: Chansey|48/100|[from] Spikes
|turn|33
|
|t:|1769423356
|move|p1a: Darkwing|Knock Off|p2a: Chansey
|-damage|p2a: Chansey|14/100
|-enditem|p2a: Chansey|Eviolite|[from] move: Knock Off|[of] p1a: Darkwing
|move|p2a: Chansey|Soft-Boiled|p2a: Chansey
|-heal|p2a: Chansey|64/100
|
|upkeep
|turn|34
|
|t:|1769423362
|move|p1a: Darkwing|Dark Pulse|p2a: Chansey
|-damage|p2a: Chansey|35/100
|move|p2a: Chansey|Soft-Boiled|p2a: Chansey
|-heal|p2a: Chansey|85/100
|
|upkeep
|turn|35
|
|t:|1769423366
|move|p1a: Darkwing|Knock Off|p2a: Chansey
|-damage|p2a: Chansey|51/100
|move|p2a: Chansey|Flamethrower|p1a: Darkwing
|-damage|p1a: Darkwing|40/100
|
|upkeep
|turn|36
|
|t:|1769423384
|switch|p1a: Gholden Gates|Gholdengo|92/100
|-damage|p1a: Gholden Gates|86/100|[from] Stealth Rock
|-damage|p1a: Gholden Gates|69/100|[from] Spikes
|move|p2a: Chansey|Soft-Boiled|p2a: Chansey
|-heal|p2a: Chansey|100/100
|
|upkeep
|turn|37
|
|t:|1769423390
|move|p1a: Gholden Gates|Nasty Plot|p1a: Gholden Gates
|-boost|p1a: Gholden Gates|spa|2
|move|p2a: Chansey|Calm Mind|p2a: Chansey
|-boost|p2a: Chansey|spa|1
|-boost|p2a: Chansey|spd|1
|
|upkeep
|turn|38
|
|t:|1769423393
|move|p1a: Gholden Gates|Make It Rain|p2a: Chansey
|-damage|p2a: Chansey|68/100
|-unboost|p1a: Gholden Gates|spa|1
|move|p2a: Chansey|Flamethrower|p1a: Gholden Gates
|-supereffective|p1a: Gholden Gates
|-damage|p1a: Gholden Gates|40/100
|
|upkeep
|turn|39
|
|t:|1769423401
|move|p1a: Gholden Gates|Recover|p1a: Gholden Gates
|-heal|p1a: Gholden Gates|90/100
|move|p2a: Chansey|Calm Mind|p2a: Chansey
|-boost|p2a: Chansey|spa|1
|-boost|p2a: Chansey|spd|1
|
|upkeep
|turn|40
|
|t:|1769423407
|switch|p1a: Glowrious King|Slowking-Galar, M|54/100
|-damage|p1a: Glowrious King|42/100|[from] Stealth Rock
|-damage|p1a: Glowrious King|25/100|[from] Spikes
|move|p2a: Chansey|Flamethrower|p1a: Glowrious King
|-damage|p1a: Glowrious King|12/100
|
|upkeep
|turn|41
|
|t:|1769423415
|move|p2a: Chansey|Flamethrower|p1a: Glowrious King
|-damage|p1a: Glowrious King|0 fnt
|faint|p1a: Glowrious King
|
|upkeep
|
|t:|1769423417
|switch|p1a: Great Wall|Great Tusk|63/100 tox
|turn|42
|
|t:|1769423421
|switch|p2a: Pecharunt|Pecharunt|100/100
|move|p1a: Great Wall|Headlong Rush|p2a: Pecharunt
|-supereffective|p2a: Pecharunt
|-damage|p2a: Pecharunt|45/100
|-unboost|p1a: Great Wall|def|1
|-unboost|p1a: Great Wall|spd|1
|
|-damage|p1a: Great Wall|57/100 tox|[from] psn
|upkeep
|turn|43
|
|t:|1769423439
|switch|p2a: Gliscor|Gliscor, M|61/100 tox
|-damage|p2a: Gliscor|49/100 tox|[from] Stealth Rock
|move|p1a: Great Wall|Headlong Rush|p2a: Gliscor
|-immune|p2a: Gliscor
|
|-damage|p1a: Great Wall|45/100 tox|[from] psn
|-heal|p2a: Gliscor|61/100 tox|[from] ability: Poison Heal
|upkeep
|turn|44
|
|t:|1769423447
|move|p2a: Gliscor|Protect|p2a: Gliscor
|-singleturn|p2a: Gliscor|Protect
|move|p1a: Great Wall|Ice Spinner|p2a: Gliscor
|-activate|p2a: Gliscor|move: Protect
|
|-damage|p1a: Great Wall|26/100 tox|[from] psn
|-heal|p2a: Gliscor|74/100 tox|[from] ability: Poison Heal
|upkeep
|turn|45
|
|t:|1769423454
|switch|p2a: Pecharunt|Pecharunt|45/100
|move|p1a: Great Wall|Rapid Spin|p2a: Pecharunt
|-immune|p2a: Pecharunt
|
|-damage|p1a: Great Wall|1/100 tox|[from] psn
|upkeep
|turn|46
|
|t:|1769423460
|move|p1a: Great Wall|Headlong Rush|p2a: Pecharunt
|-supereffective|p2a: Pecharunt
|-damage|p2a: Pecharunt|0 fnt
|-unboost|p1a: Great Wall|def|1
|-unboost|p1a: Great Wall|spd|1
|faint|p2a: Pecharunt
|
|-damage|p1a: Great Wall|0 fnt|[from] psn
|faint|p1a: Great Wall
|-end|p1a: Great Wall|Protosynthesis|[silent]
|upkeep
|
|t:|1769423474
|switch|p1a: Imagine Dragonite|Dragonite, F|28/100 tox
|switch|p2a: Gliscor|Gliscor, M|74/100 tox
|-damage|p2a: Gliscor|61/100 tox|[from] Stealth Rock
|turn|47
|
|t:|1769423483
|move|p2a: Gliscor|Protect|p2a: Gliscor
|-singleturn|p2a: Gliscor|Protect
|move|p1a: Imagine Dragonite|Dragon Tail|p2a: Gliscor
|-activate|p2a: Gliscor|move: Protect
|
|-heal|p2a: Gliscor|74/100 tox|[from] ability: Poison Heal
|-damage|p1a: Imagine Dragonite|22/100 tox|[from] psn
|upkeep
|turn|48
|
|t:|1769423497
|move|p2a: Gliscor|Spikes|p1a: Imagine Dragonite
|-sidestart|p1: reversetracebaxks|Spikes
|move|p1a: Imagine Dragonite|Roost|p1a: Imagine Dragonite
|-heal|p1a: Imagine Dragonite|72/100 tox
|-singleturn|p1a: Imagine Dragonite|move: Roost
|
|-heal|p2a: Gliscor|86/100 tox|[from] ability: Poison Heal
|-damage|p1a: Imagine Dragonite|60/100 tox|[from] psn
|upkeep
|turn|49
|
|t:|1769423501
|move|p2a: Gliscor|Protect|p2a: Gliscor
|-singleturn|p2a: Gliscor|Protect
|move|p1a: Imagine Dragonite|Roost|p1a: Imagine Dragonite
|-heal|p1a: Imagine Dragonite|100/100 tox
|-singleturn|p1a: Imagine Dragonite|move: Roost
|
|-heal|p2a: Gliscor|99/100 tox|[from] ability: Poison Heal
|-damage|p1a: Imagine Dragonite|82/100 tox|[from] psn
|upkeep
|turn|50
|
|t:|1769423506
|move|p2a: Gliscor|Knock Off|p1a: Imagine Dragonite
|-damage|p1a: Imagine Dragonite|62/100 tox
|-enditem|p1a: Imagine Dragonite|Heavy-Duty Boots|[from] move: Knock Off|[of] p2a: Gliscor
|move|p1a: Imagine Dragonite|Dragon Tail|p2a: Gliscor
|-damage|p2a: Gliscor|69/100 tox
|drag|p2a: Chansey|Chansey, F|68/100
|-damage|p2a: Chansey|55/100|[from] Stealth Rock
|-damage|p2a: Chansey|30/100|[from] Spikes
|
|-damage|p1a: Imagine Dragonite|37/100 tox|[from] psn
|upkeep
|turn|51
|
|t:|1769423512
|move|p1a: Imagine Dragonite|Earthquake|p2a: Chansey
|-damage|p2a: Chansey|0 fnt
|faint|p2a: Chansey
|
|-damage|p1a: Imagine Dragonite|6/100 tox|[from] psn
|upkeep
|
|t:|1769423516
|switch|p2a: Gliscor|Gliscor, M|69/100 tox
|-damage|p2a: Gliscor|56/100 tox|[from] Stealth Rock
|turn|52
|
|t:|1769423520
|move|p2a: Gliscor|Protect|p2a: Gliscor
|-singleturn|p2a: Gliscor|Protect
|move|p1a: Imagine Dragonite|Roost|p1a: Imagine Dragonite
|-heal|p1a: Imagine Dragonite|56/100 tox
|-singleturn|p1a: Imagine Dragonite|move: Roost
|
|-heal|p2a: Gliscor|69/100 tox|[from] ability: Poison Heal
|-damage|p1a: Imagine Dragonite|19/100 tox|[from] psn
|upkeep
|turn|53
|
|t:|1769423524
|move|p1a: Imagine Dragonite|Extreme Speed|p2a: Gliscor
|-damage|p2a: Gliscor|45/100 tox
|move|p2a: Gliscor|Knock Off|p1a: Imagine Dragonite
|-damage|p1a: Imagine Dragonite|6/100 tox
|
|-heal|p2a: Gliscor|57/100 tox|[from] ability: Poison Heal
|-damage|p1a: Imagine Dragonite|0 fnt|[from] psn
|faint|p1a: Imagine Dragonite
|upkeep
|
|t:|1769423532
|switch|p1a: Skarmface|Skarmory, F|84/100
|-damage|p1a: Skarmface|72/100|[from] Stealth Rock
|turn|54
|
|t:|1769423543
|move|p2a: Gliscor|Knock Off|p1a: Skarmface
|-damage|p1a: Skarmface|63/100
|move|p1a: Skarmface|Iron Defense|p1a: Skarmface
|-boost|p1a: Skarmface|def|2
|
|-heal|p2a: Gliscor|70/100 tox|[from] ability: Poison Heal
|upkeep
|turn|55
|
|t:|1769423548
|switch|p2a: Dondozo|Dondozo, F|48/100
|-damage|p2a: Dondozo|35/100|[from] Stealth Rock
|-damage|p2a: Dondozo|10/100|[from] Spikes
|move|p1a: Skarmface|Iron Defense|p1a: Skarmface
|-boost|p1a: Skarmface|def|2
|
|-heal|p2a: Dondozo|16/100|[from] item: Leftovers
|upkeep
|turn|56
|
|t:|1769423550
|move|p1a: Skarmface|Body Press|p2a: Dondozo
|-damage|p2a: Dondozo|2/100
|move|p2a: Dondozo|Rest|p2a: Dondozo
|-status|p2a: Dondozo|slp|[from] move: Rest
|-heal|p2a: Dondozo|100/100 slp|[silent]
|
|upkeep
|turn|57
|
|t:|1769423555
|move|p1a: Skarmface|Roost|p1a: Skarmface
|-heal|p1a: Skarmface|100/100
|-singleturn|p1a: Skarmface|move: Roost
|cant|p2a: Dondozo|slp
|move|p2a: Dondozo|Sleep Talk|p2a: Dondozo
|move|p2a: Dondozo|Waterfall|p1a: Skarmface|[from] move: Sleep Talk
|-damage|p1a: Skarmface|83/100
|
|upkeep
|turn|58
|
|t:|1769423563
|switch|p1a: Gholden Gates|Gholdengo|90/100
|-damage|p1a: Gholden Gates|84/100|[from] Stealth Rock
|-damage|p1a: Gholden Gates|59/100|[from] Spikes
|cant|p2a: Dondozo|slp
|move|p2a: Dondozo|Sleep Talk|p2a: Dondozo
|move|p2a: Dondozo|Rest||[from] move: Sleep Talk|[still]
|-fail|p2a: Dondozo
|
|upkeep
|turn|59
|
|t:|1769423572
|move|p1a: Gholden Gates|Recover|p1a: Gholden Gates
|-heal|p1a: Gholden Gates|100/100
|-curestatus|p2a: Dondozo|slp|[msg]
|move|p2a: Dondozo|Curse|p2a: Dondozo
|-unboost|p2a: Dondozo|spe|1
|-boost|p2a: Dondozo|atk|1
|-boost|p2a: Dondozo|def|1
|
|upkeep
|turn|60
|
|t:|1769423575
|move|p1a: Gholden Gates|Shadow Ball|p2a: Dondozo
|-damage|p2a: Dondozo|66/100
|move|p2a: Dondozo|Waterfall|p1a: Gholden Gates
|-damage|p1a: Gholden Gates|72/100
|
|-heal|p2a: Dondozo|73/100|[from] item: Leftovers
|upkeep
|turn|61
|
|t:|1769423581
|move|p1a: Gholden Gates|Shadow Ball|p2a: Dondozo
|-damage|p2a: Dondozo|37/100
|move|p2a: Dondozo|Curse|p2a: Dondozo
|-unboost|p2a: Dondozo|spe|1
|-boost|p2a: Dondozo|atk|1
|-boost|p2a: Dondozo|def|1
|
|-heal|p2a: Dondozo|43/100|[from] item: Leftovers
|upkeep
|turn|62
|
|t:|1769423585
|move|p1a: Gholden Gates|Shadow Ball|p2a: Dondozo
|-damage|p2a: Dondozo|9/100
|move|p2a: Dondozo|Rest|p2a: Dondozo
|-status|p2a: Dondozo|slp|[from] move: Rest
|-heal|p2a: Dondozo|100/100 slp|[silent]
|
|upkeep
|turn|63
|
|t:|1769423589
|move|p1a: Gholden Gates|Shadow Ball|p2a: Dondozo
|-damage|p2a: Dondozo|70/100 slp
|cant|p2a: Dondozo|slp
|move|p2a: Dondozo|Sleep Talk|p2a: Dondozo
|move|p2a: Dondozo|Waterfall|p1a: Gholden Gates|[from] move: Sleep Talk
|-damage|p1a: Gholden Gates|30/100
|
|-heal|p2a: Dondozo|76/100 slp|[from] item: Leftovers
|upkeep
|turn|64
|
|t:|1769423597
|move|p1a: Gholden Gates|Recover|p1a: Gholden Gates
|-heal|p1a: Gholden Gates|80/100
|cant|p2a: Dondozo|slp
|move|p2a: Dondozo|Sleep Talk|p2a: Dondozo
|move|p2a: Dondozo|Waterfall|p1a: Gholden Gates|[from] move: Sleep Talk
|-damage|p1a: Gholden Gates|45/100
|
|-heal|p2a: Dondozo|82/100 slp|[from] item: Leftovers
|upkeep
|turn|65
|
|t:|1769423604
|move|p1a: Gholden Gates|Recover|p1a: Gholden Gates
|-heal|p1a: Gholden Gates|95/100
|-curestatus|p2a: Dondozo|slp|[msg]
|move|p2a: Dondozo|Curse|p2a: Dondozo
|-unboost|p2a: Dondozo|spe|1
|-boost|p2a: Dondozo|atk|1
|-boost|p2a: Dondozo|def|1
|
|-heal|p2a: Dondozo|88/100|[from] item: Leftovers
|upkeep
|turn|66
|
|t:|1769423611
|move|p1a: Gholden Gates|Shadow Ball|p2a: Dondozo
|-damage|p2a: Dondozo|54/100
|move|p2a: Dondozo|Curse|p2a: Dondozo
|-unboost|p2a: Dondozo|spe|1
|-boost|p2a: Dondozo|atk|1
|-boost|p2a: Dondozo|def|1
|
|-heal|p2a: Dondozo|60/100|[from] item: Leftovers
|upkeep
|turn|67
|
|t:|1769423616
|move|p1a: Gholden Gates|Shadow Ball|p2a: Dondozo
|-damage|p2a: Dondozo|28/100
|move|p2a: Dondozo|Waterfall|p1a: Gholden Gates
|-damage|p1a: Gholden Gates|39/100
|
|-heal|p2a: Dondozo|35/100|[from] item: Leftovers
|upkeep
|turn|68
|
|t:|1769423623
|move|p1a: Gholden Gates|Shadow Ball|p2a: Dondozo
|-damage|p2a: Dondozo|2/100
|move|p2a: Dondozo|Rest|p2a: Dondozo
|-status|p2a: Dondozo|slp|[from] move: Rest
|-heal|p2a: Dondozo|100/100 slp|[silent]
|
|upkeep
|turn|69
|
|t:|1769423627
|move|p1a: Gholden Gates|Shadow Ball|p2a: Dondozo
|-damage|p2a: Dondozo|70/100 slp
|cant|p2a: Dondozo|slp
|move|p2a: Dondozo|Sleep Talk|p2a: Dondozo
|move|p2a: Dondozo|Rest||[from] move: Sleep Talk|[still]
|-fail|p2a: Dondozo
|
|-heal|p2a: Dondozo|76/100 slp|[from] item: Leftovers
|upkeep
|turn|70
|
|t:|1769423637
|move|p1a: Gholden Gates|Shadow Ball|p2a: Dondozo
|-damage|p2a: Dondozo|41/100 slp
|cant|p2a: Dondozo|slp
|move|p2a: Dondozo|Sleep Talk|p2a: Dondozo
|move|p2a: Dondozo|Rest||[from] move: Sleep Talk|[still]
|-fail|p2a: Dondozo
|
|-heal|p2a: Dondozo|47/100 slp|[from] item: Leftovers
|upkeep
|turn|71
|
|t:|1769423646
|move|p1a: Gholden Gates|Recover|p1a: Gholden Gates
|-heal|p1a: Gholden Gates|89/100
|-curestatus|p2a: Dondozo|slp|[msg]
|move|p2a: Dondozo|Rest|p2a: Dondozo
|-status|p2a: Dondozo|slp|[from] move: Rest
|-heal|p2a: Dondozo|100/100 slp|[silent]
|
|upkeep
|turn|72
|
|t:|1769423649
|move|p1a: Gholden Gates|Shadow Ball|p2a: Dondozo
|-damage|p2a: Dondozo|66/100 slp
|cant|p2a: Dondozo|slp
|move|p2a: Dondozo|Sleep Talk|p2a: Dondozo
|move|p2a: Dondozo|Curse|p2a: Dondozo|[from] move: Sleep Talk
|-unboost|p2a: Dondozo|spe|1
|-boost|p2a: Dondozo|atk|1
|-boost|p2a: Dondozo|def|1
|
|-heal|p2a: Dondozo|72/100 slp|[from] item: Leftovers
|upkeep
|turn|73
|
|t:|1769423656
|move|p1a: Gholden Gates|Shadow Ball|p2a: Dondozo
|-damage|p2a: Dondozo|40/100 slp
|-unboost|p2a: Dondozo|spd|1
|cant|p2a: Dondozo|slp
|move|p2a: Dondozo|Sleep Talk|p2a: Dondozo
|move|p2a: Dondozo|Rest||[from] move: Sleep Talk|[still]
|-fail|p2a: Dondozo
|
|-heal|p2a: Dondozo|47/100 slp|[from] item: Leftovers
|upkeep
|turn|74
|
|t:|1769423664
|move|p1a: Gholden Gates|Shadow Ball|p2a: Dondozo
|-damage|p2a: Dondozo|0 fnt
|faint|p2a: Dondozo
|
|upkeep
|
|t:|1769423668
|switch|p2a: Gliscor|Gliscor, M|70/100 tox
|-damage|p2a: Gliscor|57/100 tox|[from] Stealth Rock
|turn|75
|
|t:|1769423673
|move|p2a: Gliscor|Knock Off|p1a: Gholden Gates
|-supereffective|p1a: Gholden Gates
|-damage|p1a: Gholden Gates|57/100
|-enditem|p1a: Gholden Gates|Ability Shield|[from] move: Knock Off|[of] p2a: Gliscor
|move|p1a: Gholden Gates|Nasty Plot|p1a: Gholden Gates
|-boost|p1a: Gholden Gates|spa|2
|
|-heal|p2a: Gliscor|70/100 tox|[from] ability: Poison Heal
|upkeep
|turn|76
|
|t:|1769423676
|move|p2a: Gliscor|Knock Off|p1a: Gholden Gates
|-supereffective|p1a: Gholden Gates
|-damage|p1a: Gholden Gates|38/100
|move|p1a: Gholden Gates|Recover|p1a: Gholden Gates
|-heal|p1a: Gholden Gates|88/100
|
|-heal|p2a: Gliscor|82/100 tox|[from] ability: Poison Heal
|upkeep
|turn|77
|
|t:|1769423679
|move|p2a: Gliscor|Knock Off|p1a: Gholden Gates
|-supereffective|p1a: Gholden Gates
|-damage|p1a: Gholden Gates|67/100
|move|p1a: Gholden Gates|Nasty Plot|p1a: Gholden Gates
|-boost|p1a: Gholden Gates|spa|2
|
|-heal|p2a: Gliscor|95/100 tox|[from] ability: Poison Heal
|upkeep
|turn|78
|
|t:|1769423681
|move|p2a: Gliscor|Knock Off|p1a: Gholden Gates
|-supereffective|p1a: Gholden Gates
|-damage|p1a: Gholden Gates|47/100
|move|p1a: Gholden Gates|Recover|p1a: Gholden Gates
|-heal|p1a: Gholden Gates|97/100
|
|-heal|p2a: Gliscor|100/100 tox|[from] ability: Poison Heal
|upkeep
|turn|79
|
|t:|1769423685
|move|p2a: Gliscor|Knock Off|p1a: Gholden Gates
|-supereffective|p1a: Gholden Gates
|-damage|p1a: Gholden Gates|78/100
|move|p1a: Gholden Gates|Make It Rain|p2a: Gliscor
|-damage|p2a: Gliscor|0 fnt
|-unboost|p1a: Gholden Gates|spa|1
|faint|p2a: Gliscor
|
|upkeep
|
|t:|1769423687
|switch|p2a: Corviknight|Corviknight, F|94/100
|-damage|p2a: Corviknight|82/100|[from] Stealth Rock
|-ability|p2a: Corviknight|Pressure
|turn|80
|
|t:|1769423689
|move|p1a: Gholden Gates|Shadow Ball|p2a: Corviknight
|-damage|p2a: Corviknight|0 fnt
|faint|p2a: Corviknight
|
|win|reversetracebaxks
