|j|☆goodrazdfoife09834
|j|☆Mogar69
|t:|1769320641
|gametype|singles
|player|p1|goodrazdfoife09834|101|1158
|player|p2|Mogar69|2|1152
|gen|9
|tier|[Gen 9] OU
|rated|
|rule|HP Percentage Mod: HP is shown in percentages
|rule|Endless Battle Clause: Forcing endless battles is banned
|rule|Species Clause: Limit one of each Pokémon
|rule|OHKO Clause: OHKO moves are banned
|rule|Evasion Items Clause: Evasion items are banned
|rule|Evasion Moves Clause: Evasion moves are banned
|rule|Evasion Abilities Clause: Evasion abilities are banned
|rule|Sleep Moves Clause: Sleep-inducing moves are banned
|clearpoke
|poke|p1|Ceruledge, F|
|poke|p1|Ogerpon-Wellspring, F|
|poke|p1|Raging Bolt|
|poke|p1|Kingambit, M|
|poke|p1|Meowscarada, M|
|poke|p1|Great Tusk|
|poke|p2|Great Tusk|
|poke|p2|Entei|
|poke|p2|Gholdengo|
|poke|p2|Hydreigon, M|
|poke|p2|Deoxys-Speed|
|poke|p2|Kyurem|
|teampreview
|inactive|Battle timer is ON: inactive players will automatically lose when time's up. (requested by Mogar69)
|
|t:|1769320662
|teamsize|p1|6
|teamsize|p2|6
|start
|switch|p1a: Meowscarada|Meowscarada, M|100/100
|switch|p2a: Deoxys|Deoxys-Speed|100/100
|-ability|p2a: Deoxys|Pressure
|turn|1
|
|t:|1769320680
|move|p2a: Deoxys|Stealth Rock|p1a: Meowscarada
|-sidestart|p1: goodrazdfoife09834|move: Stealth Rock
|move|p1a: Meowscarada|Knock Off|p2a: Deoxys
|-start|p1a: Meowscarada|typechange|Dark|[from] ability: Protean
|-supereffective|p2a: Deoxys
|-enditem|p2a: Deoxys|Focus Sash
|-damage|p2a: Deoxys|1/100
|
|upkeep
|turn|2
|
|t:|1769320690
|move|p2a: Deoxys|Knock Off|p1a: Meowscarada
|-resisted|p1a: Meowscarada
|-damage|p1a: Meowscarada|83/100
|-enditem|p1a: Meowscarada|Choice Band|[from] move: Knock Off|[of] p2a: Deoxys
|move|p1a: Meowscarada|Knock Off|p2a: Deoxys
|-supereffective|p2a: Deoxys
|-damage|p2a: Deoxys|0 fnt
|faint|p2a: Deoxys
|
|upkeep
|
|t:|1769320704
|switch|p2a: Hydreigon|Hydreigon, M|100/100
|turn|3
|
|t:|1769320714
|move|p1a: Meowscarada|Triple Axel|p2a: Hydreigon
|-supereffective|p2a: Hydreigon
|-damage|p2a: Hydreigon|85/100
|-supereffective|p2a: Hydreigon
|-damage|p2a: Hydreigon|56/100
|-supereffective|p2a: Hydreigon
|-damage|p2a: Hydreigon|12/100
|-hitcount|p2a: Hydreigon|3
|move|p2a: Hydreigon|Dragon Dance|p2a: Hydreigon
|-boost|p2a: Hydreigon|atk|1
|-boost|p2a: Hydreigon|spe|1
|
|upkeep
|turn|4
|
|t:|1769320725
|move|p1a: Meowscarada|Sucker Punch|p2a: Hydreigon
|-resisted|p2a: Hydreigon
|-damage|p2a: Hydreigon|0 fnt
|faint|p2a: Hydreigon
|
|upkeep
|
|t:|1769320731
|switch|p2a: Gholdengo|Gholdengo|100/100
|turn|5
|
|t:|1769320736
|move|p1a: Meowscarada|Knock Off|p2a: Gholdengo
|-supereffective|p2a: Gholdengo
|-damage|p2a: Gholdengo|16/100
|-enditem|p2a: Gholdengo|Leftovers|[from] move: Knock Off|[of] p1a: Meowscarada
|move|p2a: Gholdengo|Thunder Wave|p1a: Meowscarada
|-status|p1a: Meowscarada|par
|
|upkeep
|turn|6
|
|t:|1769320744
|move|p1a: Meowscarada|Sucker Punch|p2a: Gholdengo
|-supereffective|p2a: Gholdengo
|-crit|p2a: Gholdengo
|-damage|p2a: Gholdengo|0 fnt
|faint|p2a: Gholdengo
|
|upkeep
|
|t:|1769320750
|switch|p2a: Kyurem|Kyurem|100/100
|-ability|p2a: Kyurem|Pressure
|turn|7
|
|t:|1769320764
|move|p2a: Kyurem|Draco Meteor|p1a: Meowscarada
|-damage|p1a: Meowscarada|0 fnt
|-unboost|p2a: Kyurem|spa|2
|faint|p1a: Meowscarada
|
|upkeep
|
|t:|1769320773
|switch|p1a: Ceruledge|Ceruledge, F|100/100
|-damage|p1a: Ceruledge|75/100|[from] Stealth Rock
|turn|8
|inactive|Mogar69 has 120 seconds left.
|
|t:|1769320804
|switch|p2a: Great Tusk|Great Tusk|100/100
|-enditem|p2a: Great Tusk|Booster Energy
|-activate|p2a: Great Tusk|ability: Protosynthesis|[fromitem]
|-start|p2a: Great Tusk|protosynthesisatk
|-terastallize|p1a: Ceruledge|Fire
|move|p1a: Ceruledge|Bitter Blade|p2a: Great Tusk
|-damage|p2a: Great Tusk|29/100
|-heal|p1a: Ceruledge|100/100|[from] drain|[of] p2a: Great Tusk
|
|upkeep
|turn|9
|inactive|Mogar69 has 120 seconds left.
|
|t:|1769320823
|-end|p2a: Great Tusk|Protosynthesis|[silent]
|switch|p2a: Entei|Entei|100/100
|switch|p1a: Great Tusk|Great Tusk|100/100
|-damage|p1a: Great Tusk|98/100|[from] Stealth Rock
|-enditem|p1a: Great Tusk|Booster Energy
|-activate|p1a: Great Tusk|ability: Protosynthesis|[fromitem]
|-start|p1a: Great Tusk|protosynthesisatk
|
|upkeep
|turn|10
|inactive|Mogar69 has 120 seconds left.
|
|t:|1769320842
|-terastallize|p2a: Entei|Ghost
|move|p2a: Entei|Scorching Sands|p1a: Great Tusk
|-crit|p1a: Great Tusk
|-damage|p1a: Great Tusk|40/100
|move|p1a: Great Tusk|Earthquake|p2a: Entei
|-damage|p2a: Entei|23/100
|
|upkeep
|turn|11
|
|t:|1769320853
|move|p2a: Entei|Scorching Sands|p1a: Great Tusk
|-crit|p1a: Great Tusk
|-damage|p1a: Great Tusk|0 fnt
|faint|p1a: Great Tusk
|-end|p1a: Great Tusk|Protosynthesis|[silent]
|
|upkeep
|
|t:|1769320860
|switch|p1a: Ceruledge|Ceruledge, F, tera:Fire|100/100
|-damage|p1a: Ceruledge|75/100|[from] Stealth Rock
|turn|12
|
|t:|1769320867
|move|p1a: Ceruledge|Shadow Sneak|p2a: Entei
|-supereffective|p2a: Entei
|-damage|p2a: Entei|0 fnt
|faint|p2a: Entei
|
|upkeep
|
|t:|1769320873
|switch|p2a: Kyurem|Kyurem|100/100
|-ability|p2a: Kyurem|Pressure
|turn|13
|
|t:|1769320881
|switch|p1a: Ogerpon|Ogerpon-Wellspring, F|100/100
|-damage|p1a: Ogerpon|88/100|[from] Stealth Rock
|move|p2a: Kyurem|Earth Power|p1a: Ogerpon
|-resisted|p1a: Ogerpon
|-damage|p1a: Ogerpon|70/100
|-unboost|p1a: Ogerpon|spd|1
|
|upkeep
|turn|14
|
|t:|1769320892
|move|p1a: Ogerpon|Play Rough|p2a: Kyurem
|-supereffective|p2a: Kyurem
|-damage|p2a: Kyurem|39/100
|move|p2a: Kyurem|Freeze-Dry|p1a: Ogerpon
|-supereffective|p1a: Ogerpon
|-damage|p1a: Ogerpon|0 fnt
|faint|p1a: Ogerpon
|
|upkeep
|
|t:|1769320903
|switch|p1a: Raging Bolt|Raging Bolt|100/100
|-damage|p1a: Raging Bolt|88/100|[from] Stealth Rock
|-enditem|p1a: Raging Bolt|Booster Energy
|-activate|p1a: Raging Bolt|ability: Protosynthesis|[fromitem]
|-start|p1a: Raging Bolt|protosynthesisspa
|turn|15
|
|t:|1769320910
|switch|p2a: Great Tusk|Great Tusk|29/100
|move|p1a: Raging Bolt|Dragon Pulse|p2a: Great Tusk
|-damage|p2a: Great Tusk|0 fnt
|faint|p2a: Great Tusk
|-end|p2a: Great Tusk|Protosynthesis|[silent]
|
|upkeep
|
|t:|1769320914
|switch|p2a: Kyurem|Kyurem|39/100
|-ability|p2a: Kyurem|Pressure
|turn|16
|
|t:|1769320920
|move|p1a: Raging Bolt|Dragon Pulse|p2a: Kyurem
|-supereffective|p2a: Kyurem
|-damage|p2a: Kyurem|0 fnt
|faint|p2a: Kyurem
|
|win|goodrazdfoife09834
|raw|goodrazdfoife09834's rating: 1158 &rarr; <strong>1183</strong><br />(+25 for winning)
|raw|Mogar69's rating: 1152 &rarr; <strong>1127</strong><br />(-25 for losing)
|l|☆Mogar69
|player|p2|
|l|☆goodrazdfoife09834
|player|p1|
