|j|☆mehvish
|j|☆bidhorenzai
|t:|1769330135
|gametype|singles
|player|p1|mehvish|maid|1091
|player|p2|bidhorenzai|266|1121
|gen|9
|tier|[Gen 9] OU
|rated|
|rule|HP Percentage Mod: HP is shown in percentages
|rule|Endless Battle Clause: Forcing endless battles is banned
|rule|Species Clause: Limit one of each Pokémon
|rule|OHKO Clause: OHKO moves are banned
|rule|Evasion Items Clause: Evasion items are banned
|rule|Evasion Moves Clause: Evasion moves are banned
|rule|Evasion Abilities Clause: Evasion abilities are banned
|rule|Sleep Moves Clause: Sleep-inducing moves are banned
|clearpoke
|poke|p1|Gholdengo|
|poke|p1|Glimmora, M|
|poke|p1|Torkoal, F|
|poke|p1|Lilligant-Hisui, F|
|poke|p1|Raging Bolt|
|poke|p1|Walking Wake|
|poke|p2|Haxorus, M|
|poke|p2|Thundurus-Therian, M|
|poke|p2|Gliscor, M|
|poke|p2|Deoxys-Defense|
|poke|p2|Excadrill, M|
|poke|p2|Pecharunt|
|teampreview
|inactive|Battle timer is ON: inactive players will automatically lose when time's up. (requested by mehvish)
|inactive|mehvish has 120 seconds left.
|
|t:|1769330171
|teamsize|p1|6
|teamsize|p2|6
|start
|switch|p1a: Torkoal|Torkoal, F|100/100
|switch|p2a: Gliscor|Gliscor, M, shiny|100/100
|-weather|SunnyDay|[from] ability: Drought|[of] p1a: Torkoal
|turn|1
|
|t:|1769330180
|move|p2a: Gliscor|Swords Dance|p2a: Gliscor
|-boost|p2a: Gliscor|atk|2
|move|p1a: Torkoal|Will-O-Wisp|p2a: Gliscor
|-status|p2a: Gliscor|brn
|
|-weather|SunnyDay|[upkeep]
|-damage|p2a: Gliscor|94/100 brn|[from] brn
|upkeep
|turn|2
|
|t:|1769330192
|switch|p1a: Walking Wake|Walking Wake|100/100
|-activate|p1a: Walking Wake|ability: Protosynthesis
|-start|p1a: Walking Wake|protosynthesisspa
|move|p2a: Gliscor|Toxic Spikes|p1a: Walking Wake
|-sidestart|p1: mehvish|move: Toxic Spikes
|
|-weather|SunnyDay|[upkeep]
|-damage|p2a: Gliscor|88/100 brn|[from] brn
|upkeep
|turn|3
|
|t:|1769330212
|move|p1a: Walking Wake|Hydro Steam|p2a: Gliscor
|-supereffective|p2a: Gliscor
|-damage|p2a: Gliscor|0 fnt
|faint|p2a: Gliscor
|
|-weather|SunnyDay|[upkeep]
|upkeep
|
|t:|1769330223
|switch|p2a: Thundurus|Thundurus-Therian, M, shiny|100/100
|turn|4
|inactive|mehvish has 120 seconds left.
|
|t:|1769330260
|move|p1a: Walking Wake|Hydro Steam|p2a: Thundurus
|-damage|p2a: Thundurus|0 fnt
|faint|p2a: Thundurus
|
|-weather|SunnyDay|[upkeep]
|upkeep
|
|t:|1769330268
|switch|p2a: Deoxys|Deoxys-Defense, shiny|100/100
|-ability|p2a: Deoxys|Pressure
|turn|5
|inactive|mehvish has 120 seconds left.
|
|t:|1769330279
|move|p1a: Walking Wake|Hydro Steam|p2a: Deoxys
|-damage|p2a: Deoxys|53/100
|move|p2a: Deoxys|Cosmic Power|p2a: Deoxys
|-boost|p2a: Deoxys|def|1
|-boost|p2a: Deoxys|spd|1
|
|-weather|SunnyDay|[upkeep]
|-heal|p2a: Deoxys|59/100|[from] item: Leftovers
|upkeep
|turn|6
|inactive|mehvish has 120 seconds left.
|
|t:|1769330294
|move|p1a: Walking Wake|Hydro Steam|p2a: Deoxys
|-damage|p2a: Deoxys|29/100
|move|p2a: Deoxys|Recover|p2a: Deoxys
|-heal|p2a: Deoxys|79/100
|
|-weather|SunnyDay|[upkeep]
|-heal|p2a: Deoxys|85/100|[from] item: Leftovers
|upkeep
|turn|7
|
|t:|1769330312
|move|p1a: Walking Wake|Hydro Steam|p2a: Deoxys
|-damage|p2a: Deoxys|55/100
|move|p2a: Deoxys|Cosmic Power|p2a: Deoxys
|-boost|p2a: Deoxys|def|1
|-boost|p2a: Deoxys|spd|1
|
|-weather|SunnyDay|[upkeep]
|-heal|p2a: Deoxys|61/100|[from] item: Leftovers
|upkeep
|turn|8
|inactive|mehvish has 90 seconds left.
|
|t:|1769330341
|move|p1a: Walking Wake|Draco Meteor|p2a: Deoxys|[miss]
|-miss|p1a: Walking Wake|p2a: Deoxys
|move|p2a: Deoxys|Recover|p2a: Deoxys
|-heal|p2a: Deoxys|100/100
|
|-weather|none
|-end|p1a: Walking Wake|Protosynthesis
|upkeep
|turn|9
|
|t:|1769330350
|-end|p1a: Walking Wake|Protosynthesis|[silent]
|switch|p1a: Gholdengo|Gholdengo|100/100
|move|p2a: Deoxys|Cosmic Power|p2a: Deoxys
|-boost|p2a: Deoxys|def|1
|-boost|p2a: Deoxys|spd|1
|
|upkeep
|turn|10
|
|t:|1769330361
|move|p1a: Gholdengo|Thunder Wave|p2a: Deoxys
|-status|p2a: Deoxys|par
|move|p2a: Deoxys|Cosmic Power|p2a: Deoxys
|-boost|p2a: Deoxys|def|1
|-boost|p2a: Deoxys|spd|1
|
|upkeep
|turn|11
|inactive|mehvish has 90 seconds left.
|
|t:|1769330378
|move|p1a: Gholdengo|Hex|p2a: Deoxys
|-supereffective|p2a: Deoxys
|-crit|p2a: Deoxys
|-damage|p2a: Deoxys|1/100 par
|move|p2a: Deoxys|Stored Power|p1a: Gholdengo
|-resisted|p1a: Gholdengo
|-damage|p1a: Gholdengo|80/100
|
|-heal|p2a: Deoxys|7/100 par|[from] item: Leftovers
|upkeep
|turn|12
|
|t:|1769330389
|move|p1a: Gholdengo|Hex|p2a: Deoxys
|-supereffective|p2a: Deoxys
|-damage|p2a: Deoxys|0 fnt
|faint|p2a: Deoxys
|
|upkeep
|
|t:|1769330397
|switch|p2a: Excadrill|Excadrill, M, shiny|100/100
|-ability|p2a: Excadrill|Mold Breaker
|turn|13
|
|t:|1769330417
|switch|p1a: Torkoal|Torkoal, F|100/100
|-status|p1a: Torkoal|psn
|-weather|SunnyDay|[from] ability: Drought|[of] p1a: Torkoal
|move|p2a: Excadrill|Swords Dance|p2a: Excadrill
|-boost|p2a: Excadrill|atk|2
|
|-weather|SunnyDay|[upkeep]
|-damage|p1a: Torkoal|88/100 psn|[from] psn
|upkeep
|turn|14
|
|t:|1769330433
|switch|p1a: Walking Wake|Walking Wake|100/100
|-status|p1a: Walking Wake|psn
|-activate|p1a: Walking Wake|ability: Protosynthesis
|-start|p1a: Walking Wake|protosynthesisspa
|move|p2a: Excadrill|Drill Run|p1a: Walking Wake|[miss]
|-miss|p2a: Excadrill|p1a: Walking Wake
|
|-weather|SunnyDay|[upkeep]
|-damage|p1a: Walking Wake|88/100 psn|[from] psn
|upkeep
|turn|15
|inactive|mehvish has 90 seconds left.
|
|t:|1769330468
|move|p1a: Walking Wake|Hydro Steam|p2a: Excadrill
|-supereffective|p2a: Excadrill
|-enditem|p2a: Excadrill|Focus Sash
|-damage|p2a: Excadrill|1/100
|move|p2a: Excadrill|Rapid Spin|p1a: Walking Wake
|-damage|p1a: Walking Wake|49/100 psn
|-boost|p2a: Excadrill|spe|1
|
|-weather|SunnyDay|[upkeep]
|-damage|p1a: Walking Wake|37/100 psn|[from] psn
|upkeep
|turn|16
|inactive|mehvish has 90 seconds left.
|
|t:|1769330484
|move|p2a: Excadrill|Iron Head|p1a: Walking Wake
|-resisted|p1a: Walking Wake
|-damage|p1a: Walking Wake|0 fnt
|faint|p1a: Walking Wake
|-end|p1a: Walking Wake|Protosynthesis|[silent]
|
|-weather|SunnyDay|[upkeep]
|upkeep
|
|t:|1769330486
|switch|p1a: Lilligant|Lilligant-Hisui, F|100/100
|-status|p1a: Lilligant|psn
|turn|17
|inactive|bidhorenzai has 120 seconds left.
|
|t:|1769330507
|move|p1a: Lilligant|Solar Blade||[still]
|-prepare|p1a: Lilligant|Solar Blade
|-anim|p1a: Lilligant|Solar Blade|p2a: Excadrill
|-damage|p2a: Excadrill|0 fnt
|faint|p2a: Excadrill
|
|-weather|SunnyDay|[upkeep]
|-damage|p1a: Lilligant|88/100 psn|[from] psn
|upkeep
|inactive|bidhorenzai has 120 seconds left.
|
|t:|1769330515
|switch|p2a: Pecharunt|Pecharunt|100/100
|turn|18
|
|t:|1769330522
|move|p1a: Lilligant|Ice Spinner|p2a: Pecharunt
|-damage|p2a: Pecharunt|83/100
|move|p2a: Pecharunt|Nasty Plot|p2a: Pecharunt
|-boost|p2a: Pecharunt|spa|2
|
|-weather|SunnyDay|[upkeep]
|-damage|p1a: Lilligant|76/100 psn|[from] psn
|upkeep
|turn|19
|
|t:|1769330533
|move|p2a: Pecharunt|Protect|p2a: Pecharunt
|-singleturn|p2a: Pecharunt|Protect
|move|p1a: Lilligant|Victory Dance|p1a: Lilligant
|-boost|p1a: Lilligant|atk|1
|-boost|p1a: Lilligant|def|1
|-boost|p1a: Lilligant|spe|1
|
|-weather|SunnyDay|[upkeep]
|-damage|p1a: Lilligant|63/100 psn|[from] psn
|upkeep
|turn|20
|inactive|bidhorenzai has 120 seconds left.
|
|t:|1769330551
|move|p1a: Lilligant|Ice Spinner|p2a: Pecharunt
|-damage|p2a: Pecharunt|54/100
|move|p2a: Pecharunt|Nasty Plot|p2a: Pecharunt
|-boost|p2a: Pecharunt|spa|2
|
|-weather|none
|-damage|p1a: Lilligant|51/100 psn|[from] psn
|upkeep
|turn|21
|
|t:|1769330560
|move|p2a: Pecharunt|Protect|p2a: Pecharunt
|-singleturn|p2a: Pecharunt|Protect
|move|p1a: Lilligant|Ice Spinner|p2a: Pecharunt
|-activate|p2a: Pecharunt|move: Protect
|
|-damage|p1a: Lilligant|38/100 psn|[from] psn
|upkeep
|turn|22
|inactive|bidhorenzai has 120 seconds left.
|
|t:|1769330585
|move|p1a: Lilligant|Ice Spinner|p2a: Pecharunt
|-damage|p2a: Pecharunt|24/100
|move|p2a: Pecharunt|Malignant Chain|p1a: Lilligant
|-supereffective|p1a: Lilligant
|-damage|p1a: Lilligant|0 fnt
|faint|p1a: Lilligant
|
|upkeep
|inactive|mehvish has 120 seconds left.
|
|t:|1769330606
|switch|p1a: Torkoal|Torkoal, F|88/100 psn
|-weather|SunnyDay|[from] ability: Drought|[of] p1a: Torkoal
|turn|23
|
|t:|1769330613
|move|p2a: Pecharunt|Protect|p2a: Pecharunt
|-singleturn|p2a: Pecharunt|Protect
|move|p1a: Torkoal|Weather Ball|p2a: Pecharunt
|-activate|p2a: Pecharunt|move: Protect
|
|-weather|SunnyDay|[upkeep]
|-damage|p1a: Torkoal|76/100 psn|[from] psn
|upkeep
|turn|24
|
|t:|1769330624
|switch|p1a: Glimmora|Glimmora, M|100/100
|-sideend|p1: mehvish|move: Toxic Spikes|[of] p1a: Glimmora
|move|p2a: Pecharunt|Malignant Chain|p1a: Glimmora
|-resisted|p1a: Glimmora
|-damage|p1a: Glimmora|58/100
|
|-weather|SunnyDay|[upkeep]
|upkeep
|turn|25
|
|t:|1769330635
|move|p2a: Pecharunt|Protect|p2a: Pecharunt
|-singleturn|p2a: Pecharunt|Protect
|move|p1a: Glimmora|Earth Power|p2a: Pecharunt
|-activate|p2a: Pecharunt|move: Protect
|
|-weather|SunnyDay|[upkeep]
|upkeep
|turn|26
|
|t:|1769330650
|move|p1a: Glimmora|Earth Power|p2a: Pecharunt
|-supereffective|p2a: Pecharunt
|-damage|p2a: Pecharunt|0 fnt
|faint|p2a: Pecharunt
|
|-weather|SunnyDay|[upkeep]
|upkeep
|
|t:|1769330657
|switch|p2a: Haxorus|Haxorus, M, shiny|100/100
|-ability|p2a: Haxorus|Mold Breaker
|turn|27
|
|t:|1769330672
|move|p1a: Glimmora|Earth Power|p2a: Haxorus
|-damage|p2a: Haxorus|56/100
|move|p2a: Haxorus|Outrage|p1a: Glimmora
|-damage|p1a: Glimmora|0 fnt
|-activate|p1a: Glimmora|ability: Toxic Debris
|-sidestart|p2: bidhorenzai|move: Toxic Spikes
|faint|p1a: Glimmora
|
|-weather|SunnyDay|[upkeep]
|upkeep
|
|t:|1769330678
|switch|p1a: Raging Bolt|Raging Bolt|100/100
|-activate|p1a: Raging Bolt|ability: Protosynthesis
|-start|p1a: Raging Bolt|protosynthesisspa
|turn|28
|
|t:|1769330687
|move|p2a: Haxorus|Outrage|p1a: Raging Bolt|[from] lockedmove
|-supereffective|p1a: Raging Bolt
|-damage|p1a: Raging Bolt|0 fnt
|faint|p1a: Raging Bolt
|-end|p1a: Raging Bolt|Protosynthesis|[silent]
|-start|p2a: Haxorus|confusion|[fatigue]
|
|-weather|SunnyDay|[upkeep]
|upkeep
|
|t:|1769330693
|switch|p1a: Gholdengo|Gholdengo|80/100
|turn|29
|
|t:|1769330698
|-activate|p2a: Haxorus|confusion
|move|p2a: Haxorus|Outrage|p1a: Gholdengo
|-resisted|p1a: Gholdengo
|-damage|p1a: Gholdengo|42/100
|-damage|p2a: Haxorus|39/100|[from] item: Rocky Helmet|[of] p1a: Gholdengo
|move|p1a: Gholdengo|Thunder Wave|p2a: Haxorus
|-status|p2a: Haxorus|par
|
|-weather|SunnyDay|[upkeep]
|upkeep
|turn|30
|inactive|mehvish has 120 seconds left.
|
|t:|1769330736
|move|p1a: Gholdengo|Hex|p2a: Haxorus
|-damage|p2a: Haxorus|0 fnt
|faint|p2a: Haxorus
|
|win|mehvish
|raw|mehvish's rating: 1067 &rarr; <strong>1102</strong><br />(+35 for winning)
|raw|bidhorenzai's rating: 1121 &rarr; <strong>1092</strong><br />(-29 for losing)
|l|☆mehvish
|player|p1|
|j|☆mehvish
|player|p1|mehvish|maid|
|l|☆bidhorenzai
|player|p2|
