|j|☆Libraries
|j|☆ratca
|t:|1769316360
|gametype|singles
|player|p1|Libraries|skierf|1378
|player|p2|ratca|101|1400
|gen|9
|tier|[Gen 9] OU
|rated|
|rule|HP Percentage Mod: HP is shown in percentages
|rule|Endless Battle Clause: Forcing endless battles is banned
|rule|Species Clause: Limit one of each Pokémon
|rule|OHKO Clause: OHKO moves are banned
|rule|Evasion Items Clause: Evasion items are banned
|rule|Evasion Moves Clause: Evasion moves are banned
|rule|Evasion Abilities Clause: Evasion abilities are banned
|rule|Sleep Moves Clause: Sleep-inducing moves are banned
|clearpoke
|poke|p1|Hydrapple, M|
|poke|p1|Gliscor, M|
|poke|p1|Slowking-Galar, M|
|poke|p1|Cinderace, M|
|poke|p1|Kingambit, M|
|poke|p1|Iron Valiant|
|poke|p2|Hydrapple, F|
|poke|p2|Corviknight, F|
|poke|p2|Blissey, F|
|poke|p2|Dondozo, F|
|poke|p2|Clodsire, M|
|poke|p2|Gliscor, M|
|teampreview
|inactive|Battle timer is ON: inactive players will automatically lose when time's up. (requested by Libraries)
|
|t:|1769316370
|teamsize|p1|6
|teamsize|p2|6
|start
|switch|p1a: Gliscor|Gliscor, M, shiny|100/100
|switch|p2a: Gliscor|Gliscor, M|100/100
|turn|1
|
|t:|1769316375
|move|p1a: Gliscor|Protect|p1a: Gliscor
|-singleturn|p1a: Gliscor|Protect
|move|p2a: Gliscor|Knock Off|p1a: Gliscor
|-activate|p1a: Gliscor|move: Protect
|
|-status|p1a: Gliscor|tox|[from] item: Toxic Orb
|-status|p2a: Gliscor|tox|[from] item: Toxic Orb
|upkeep
|turn|2
|
|t:|1769316383
|move|p1a: Gliscor|Swords Dance|p1a: Gliscor
|-boost|p1a: Gliscor|atk|2
|move|p2a: Gliscor|Spikes|p1a: Gliscor
|-sidestart|p1: Libraries|Spikes
|
|upkeep
|turn|3
|
|t:|1769316394
|switch|p2a: Dondozo|Dondozo, F|100/100
|move|p1a: Gliscor|Swords Dance|p1a: Gliscor
|-boost|p1a: Gliscor|atk|2
|
|upkeep
|turn|4
|
|t:|1769316420
|move|p1a: Gliscor|Earthquake|p2a: Dondozo
|-damage|p2a: Dondozo|82/100
|move|p2a: Dondozo|Wave Crash|p1a: Gliscor
|-supereffective|p1a: Gliscor
|-damage|p1a: Gliscor|19/100 tox
|-damage|p2a: Dondozo|66/100|[from] Recoil
|
|-heal|p2a: Dondozo|72/100|[from] item: Leftovers
|-heal|p1a: Gliscor|32/100 tox|[from] ability: Poison Heal
|upkeep
|turn|5
|
|t:|1769316430
|move|p1a: Gliscor|Protect|p1a: Gliscor
|-singleturn|p1a: Gliscor|Protect
|move|p2a: Dondozo|Curse|p2a: Dondozo
|-unboost|p2a: Dondozo|spe|1
|-boost|p2a: Dondozo|atk|1
|-boost|p2a: Dondozo|def|1
|
|-heal|p2a: Dondozo|79/100|[from] item: Leftovers
|-heal|p1a: Gliscor|44/100 tox|[from] ability: Poison Heal
|upkeep
|turn|6
|
|t:|1769316439
|switch|p1a: Hydrapple|Hydrapple, M, shiny|100/100
|-damage|p1a: Hydrapple|88/100|[from] Spikes
|move|p2a: Dondozo|Wave Crash|p1a: Hydrapple
|-resisted|p1a: Hydrapple
|-damage|p1a: Hydrapple|77/100
|-damage|p2a: Dondozo|76/100|[from] Recoil
|
|-heal|p2a: Dondozo|82/100|[from] item: Leftovers
|upkeep
|turn|7
|
|t:|1769316449
|switch|p2a: Corviknight|Corviknight, F|100/100
|-ability|p2a: Corviknight|Pressure
|move|p1a: Hydrapple|Giga Drain|p2a: Corviknight
|-resisted|p2a: Corviknight
|-damage|p2a: Corviknight|87/100
|-heal|p1a: Hydrapple|83/100|[from] drain|[of] p2a: Corviknight
|-damage|p1a: Hydrapple|74/100|[from] item: Life Orb
|
|-heal|p2a: Corviknight|93/100|[from] item: Leftovers
|upkeep
|turn|8
|
|t:|1769316460
|switch|p1a: Gliscor|Gliscor, M, shiny|44/100 tox
|move|p2a: Corviknight|U-turn|p1a: Gliscor
|-resisted|p1a: Gliscor
|-damage|p1a: Gliscor|37/100 tox
|
|t:|1769316468
|switch|p2a: Hydrapple|Hydrapple, F|100/100|[from] U-turn
|
|-heal|p1a: Gliscor|50/100 tox|[from] ability: Poison Heal
|upkeep
|turn|9
|
|t:|1769316473
|move|p1a: Gliscor|Protect|p1a: Gliscor
|-singleturn|p1a: Gliscor|Protect
|move|p2a: Hydrapple|Nasty Plot|p2a: Hydrapple
|-boost|p2a: Hydrapple|spa|2
|
|-heal|p1a: Gliscor|62/100 tox|[from] ability: Poison Heal
|upkeep
|turn|10
|
|t:|1769316480
|switch|p1a: Slowking|Slowking-Galar, M, shiny|100/100
|-damage|p1a: Slowking|88/100|[from] Spikes
|move|p2a: Hydrapple|Giga Drain|p1a: Slowking
|-resisted|p1a: Slowking
|-damage|p1a: Slowking|67/100
|-damage|p2a: Hydrapple|91/100|[from] item: Life Orb
|
|upkeep
|turn|11
|
|t:|1769316493
|move|p2a: Hydrapple|Earth Power|p1a: Slowking
|-supereffective|p1a: Slowking
|-damage|p1a: Slowking|0 fnt
|faint|p1a: Slowking
|-damage|p2a: Hydrapple|81/100|[from] item: Life Orb
|
|upkeep
|
|t:|1769316497
|switch|p1a: Iron Valiant|Iron Valiant, shiny|100/100
|-damage|p1a: Iron Valiant|88/100|[from] Spikes
|-enditem|p1a: Iron Valiant|Booster Energy
|-activate|p1a: Iron Valiant|ability: Quark Drive|[fromitem]
|-start|p1a: Iron Valiant|quarkdrivespe
|turn|12
|
|t:|1769316514
|move|p1a: Iron Valiant|Moonblast|p2a: Hydrapple
|-supereffective|p2a: Hydrapple
|-damage|p2a: Hydrapple|0 fnt
|faint|p2a: Hydrapple
|
|upkeep
|
|t:|1769316528
|switch|p2a: Corviknight|Corviknight, F|93/100
|-ability|p2a: Corviknight|Pressure
|turn|13
|
|t:|1769316533
|move|p1a: Iron Valiant|Knock Off|p2a: Corviknight
|-damage|p2a: Corviknight|77/100
|-enditem|p2a: Corviknight|Leftovers|[from] move: Knock Off|[of] p1a: Iron Valiant
|move|p2a: Corviknight|U-turn|p1a: Iron Valiant
|-resisted|p1a: Iron Valiant
|-damage|p1a: Iron Valiant|84/100
|
|t:|1769316540
|switch|p2a: Gliscor|Gliscor, M|100/100 tox|[from] U-turn
|
|upkeep
|turn|14
|
|t:|1769316546
|move|p1a: Iron Valiant|Moonblast|p2a: Gliscor
|-damage|p2a: Gliscor|40/100 tox
|-unboost|p2a: Gliscor|spa|1
|move|p2a: Gliscor|Knock Off|p1a: Iron Valiant
|-resisted|p1a: Iron Valiant
|-damage|p1a: Iron Valiant|79/100
|
|-heal|p2a: Gliscor|52/100 tox|[from] ability: Poison Heal
|upkeep
|turn|15
|
|t:|1769316561
|move|p2a: Gliscor|Protect|p2a: Gliscor
|-singleturn|p2a: Gliscor|Protect
|move|p1a: Iron Valiant|Moonblast|p2a: Gliscor
|-activate|p2a: Gliscor|move: Protect
|
|-heal|p2a: Gliscor|65/100 tox|[from] ability: Poison Heal
|upkeep
|turn|16
|
|t:|1769316580
|switch|p2a: Corviknight|Corviknight, F|77/100
|-ability|p2a: Corviknight|Pressure
|move|p1a: Iron Valiant|Knock Off|p2a: Corviknight
|-damage|p2a: Corviknight|66/100
|
|upkeep
|turn|17
|
|t:|1769316586
|-end|p1a: Iron Valiant|Quark Drive|[silent]
|switch|p1a: Gliscor|Gliscor, M, shiny|62/100 tox
|move|p2a: Corviknight|Iron Head|p1a: Gliscor
|-damage|p1a: Gliscor|38/100 tox
|
|-heal|p1a: Gliscor|50/100 tox|[from] ability: Poison Heal
|upkeep
|turn|18
|
|t:|1769316594
|move|p1a: Gliscor|Earthquake|p2a: Corviknight
|-immune|p2a: Corviknight
|move|p2a: Corviknight|Roost|p2a: Corviknight
|-heal|p2a: Corviknight|100/100
|-singleturn|p2a: Corviknight|move: Roost
|
|-heal|p1a: Gliscor|63/100 tox|[from] ability: Poison Heal
|upkeep
|turn|19
|
|t:|1769316602
|move|p1a: Gliscor|Earthquake|p2a: Corviknight
|-immune|p2a: Corviknight
|move|p2a: Corviknight|Iron Head|p1a: Gliscor
|-crit|p1a: Gliscor
|-damage|p1a: Gliscor|27/100 tox
|
|-heal|p1a: Gliscor|40/100 tox|[from] ability: Poison Heal
|upkeep
|turn|20
|
|t:|1769316610
|switch|p2a: Dondozo|Dondozo, F|82/100
|move|p1a: Gliscor|Protect||[still]
|-fail|p1a: Gliscor
|
|-heal|p2a: Dondozo|88/100|[from] item: Leftovers
|-heal|p1a: Gliscor|52/100 tox|[from] ability: Poison Heal
|upkeep
|turn|21
|
|t:|1769316617
|switch|p1a: Hydrapple|Hydrapple, M, shiny|100/100
|-damage|p1a: Hydrapple|88/100|[from] Spikes
|move|p2a: Dondozo|Wave Crash|p1a: Hydrapple
|-resisted|p1a: Hydrapple
|-damage|p1a: Hydrapple|80/100
|-damage|p2a: Dondozo|86/100|[from] Recoil
|
|-heal|p2a: Dondozo|92/100|[from] item: Leftovers
|upkeep
|turn|22
|
|t:|1769316627
|switch|p2a: Corviknight|Corviknight, F|100/100
|-ability|p2a: Corviknight|Pressure
|move|p1a: Hydrapple|Draco Meteor|p2a: Corviknight|[miss]
|-miss|p1a: Hydrapple|p2a: Corviknight
|
|upkeep
|turn|23
|
|t:|1769316636
|switch|p1a: Gliscor|Gliscor, M, shiny|52/100 tox
|move|p2a: Corviknight|U-turn|p1a: Gliscor
|-resisted|p1a: Gliscor
|-damage|p1a: Gliscor|45/100 tox
|
|t:|1769316641
|switch|p2a: Gliscor|Gliscor, M|65/100 tox|[from] U-turn
|
|-heal|p1a: Gliscor|58/100 tox|[from] ability: Poison Heal
|-heal|p2a: Gliscor|77/100 tox|[from] ability: Poison Heal
|upkeep
|turn|24
|
|t:|1769316649
|move|p1a: Gliscor|Swords Dance|p1a: Gliscor
|-boost|p1a: Gliscor|atk|2
|move|p2a: Gliscor|Spikes|p1a: Gliscor
|-sidestart|p1: Libraries|Spikes
|
|-heal|p1a: Gliscor|70/100 tox|[from] ability: Poison Heal
|-heal|p2a: Gliscor|90/100 tox|[from] ability: Poison Heal
|upkeep
|turn|25
|
|t:|1769316660
|switch|p2a: Corviknight|Corviknight, F|100/100
|-ability|p2a: Corviknight|Pressure
|move|p1a: Gliscor|Swords Dance|p1a: Gliscor
|-boost|p1a: Gliscor|atk|2
|
|-heal|p1a: Gliscor|82/100 tox|[from] ability: Poison Heal
|upkeep
|turn|26
|
|t:|1769316669
|move|p1a: Gliscor|Protect|p1a: Gliscor
|-singleturn|p1a: Gliscor|Protect
|move|p2a: Corviknight|U-turn|p1a: Gliscor
|-activate|p1a: Gliscor|move: Protect
|
|-heal|p1a: Gliscor|95/100 tox|[from] ability: Poison Heal
|upkeep
|turn|27
|
|t:|1769316688
|move|p1a: Gliscor|Swords Dance|p1a: Gliscor
|-boost|p1a: Gliscor|atk|2
|move|p2a: Corviknight|U-turn|p1a: Gliscor
|-resisted|p1a: Gliscor
|-damage|p1a: Gliscor|87/100 tox
|
|t:|1769316694
|switch|p2a: Dondozo|Dondozo, F|92/100|[from] U-turn
|
|-heal|p2a: Dondozo|98/100|[from] item: Leftovers
|-heal|p1a: Gliscor|99/100 tox|[from] ability: Poison Heal
|upkeep
|turn|28
|
|t:|1769316700
|switch|p1a: Hydrapple|Hydrapple, M, shiny|100/100
|-damage|p1a: Hydrapple|84/100|[from] Spikes
|move|p2a: Dondozo|Curse|p2a: Dondozo
|-unboost|p2a: Dondozo|spe|1
|-boost|p2a: Dondozo|atk|1
|-boost|p2a: Dondozo|def|1
|
|-heal|p2a: Dondozo|100/100|[from] item: Leftovers
|upkeep
|turn|29
|
|t:|1769316710
|switch|p2a: Corviknight|Corviknight, F|100/100
|-ability|p2a: Corviknight|Pressure
|move|p1a: Hydrapple|Draco Meteor|p2a: Corviknight
|-resisted|p2a: Corviknight
|-damage|p2a: Corviknight|53/100
|-unboost|p1a: Hydrapple|spa|2
|-damage|p1a: Hydrapple|74/100|[from] item: Life Orb
|
|upkeep
|turn|30
|
|t:|1769316720
|move|p2a: Corviknight|Roost|p2a: Corviknight
|-heal|p2a: Corviknight|100/100
|-singleturn|p2a: Corviknight|move: Roost
|move|p1a: Hydrapple|Nasty Plot|p1a: Hydrapple
|-boost|p1a: Hydrapple|spa|2
|
|upkeep
|turn|31
|
|t:|1769316729
|move|p2a: Corviknight|Iron Head|p1a: Hydrapple
|-damage|p1a: Hydrapple|54/100
|move|p1a: Hydrapple|Nasty Plot|p1a: Hydrapple
|-boost|p1a: Hydrapple|spa|2
|
|upkeep
|turn|32
|
|t:|1769316735
|-terastallize|p1a: Hydrapple|Dragon
|move|p2a: Corviknight|U-turn|p1a: Hydrapple
|-damage|p1a: Hydrapple|42/100
|
|t:|1769316745
|switch|p2a: Clodsire|Clodsire, M|100/100|[from] U-turn
|move|p1a: Hydrapple|Draco Meteor|p2a: Clodsire
|-damage|p2a: Clodsire|35/100
|-unboost|p1a: Hydrapple|spa|2
|-damage|p1a: Hydrapple|33/100|[from] item: Life Orb
|
|-heal|p2a: Clodsire|41/100|[from] item: Black Sludge
|upkeep
|turn|33
|
|t:|1769316757
|move|p1a: Hydrapple|Draco Meteor|p2a: Clodsire
|-damage|p2a: Clodsire|0 fnt
|-unboost|p1a: Hydrapple|spa|2
|faint|p2a: Clodsire
|-damage|p1a: Hydrapple|23/100|[from] item: Life Orb
|
|upkeep
|
|t:|1769316764
|switch|p2a: Corviknight|Corviknight, F|100/100
|-ability|p2a: Corviknight|Pressure
|turn|34
|
|t:|1769316770
|switch|p1a: Gliscor|Gliscor, M, shiny|99/100 tox
|move|p2a: Corviknight|Iron Head|p1a: Gliscor
|-damage|p1a: Gliscor|74/100 tox
|
|-heal|p1a: Gliscor|86/100 tox|[from] ability: Poison Heal
|upkeep
|turn|35
|
|t:|1769316777
|move|p1a: Gliscor|Swords Dance|p1a: Gliscor
|-boost|p1a: Gliscor|atk|2
|move|p2a: Corviknight|Iron Head|p1a: Gliscor
|-damage|p1a: Gliscor|64/100 tox
|
|-heal|p1a: Gliscor|76/100 tox|[from] ability: Poison Heal
|upkeep
|turn|36
|
|t:|1769316785
|move|p1a: Gliscor|Protect|p1a: Gliscor
|-singleturn|p1a: Gliscor|Protect
|move|p2a: Corviknight|U-turn|p1a: Gliscor
|-activate|p1a: Gliscor|move: Protect
|
|-heal|p1a: Gliscor|88/100 tox|[from] ability: Poison Heal
|upkeep
|turn|37
|
|t:|1769316800
|move|p1a: Gliscor|Protect||[still]
|-fail|p1a: Gliscor
|move|p2a: Corviknight|Iron Head|p1a: Gliscor
|-damage|p1a: Gliscor|64/100 tox
|
|-heal|p1a: Gliscor|77/100 tox|[from] ability: Poison Heal
|upkeep
|turn|38
|
|t:|1769316808
|move|p1a: Gliscor|Earthquake|p2a: Corviknight
|-immune|p2a: Corviknight
|move|p2a: Corviknight|U-turn|p1a: Gliscor
|-resisted|p1a: Gliscor
|-damage|p1a: Gliscor|70/100 tox
|
|t:|1769316815
|switch|p2a: Gliscor|Gliscor, M|90/100 tox|[from] U-turn
|
|-heal|p1a: Gliscor|82/100 tox|[from] ability: Poison Heal
|-heal|p2a: Gliscor|100/100 tox|[from] ability: Poison Heal
|upkeep
|turn|39
|
|t:|1769316823
|move|p1a: Gliscor|Swords Dance|p1a: Gliscor
|-boost|p1a: Gliscor|atk|2
|move|p2a: Gliscor|Knock Off|p1a: Gliscor
|-damage|p1a: Gliscor|60/100 tox
|-enditem|p1a: Gliscor|Toxic Orb|[from] move: Knock Off|[of] p2a: Gliscor
|
|-heal|p1a: Gliscor|72/100 tox|[from] ability: Poison Heal
|upkeep
|turn|40
|
|t:|1769316834
|switch|p2a: Dondozo|Dondozo, F|100/100
|move|p1a: Gliscor|Swords Dance|p1a: Gliscor
|-boost|p1a: Gliscor|atk|2
|
|-heal|p1a: Gliscor|84/100 tox|[from] ability: Poison Heal
|upkeep
|turn|41
|
|t:|1769316842
|switch|p1a: Hydrapple|Hydrapple, M, shiny, tera:Dragon|56/100
|-damage|p1a: Hydrapple|39/100|[from] Spikes
|move|p2a: Dondozo|Wave Crash|p1a: Hydrapple
|-resisted|p1a: Hydrapple
|-damage|p1a: Hydrapple|23/100
|-damage|p2a: Dondozo|96/100|[from] Recoil
|
|-heal|p2a: Dondozo|100/100|[from] item: Leftovers
|upkeep
|turn|42
|
|t:|1769316851
|switch|p2a: Corviknight|Corviknight, F|100/100
|-ability|p2a: Corviknight|Pressure
|move|p1a: Hydrapple|Draco Meteor|p2a: Corviknight
|-resisted|p2a: Corviknight
|-damage|p2a: Corviknight|40/100
|-unboost|p1a: Hydrapple|spa|2
|-damage|p1a: Hydrapple|13/100|[from] item: Life Orb
|
|upkeep
|turn|43
|
|t:|1769316863
|switch|p1a: Cinderace|Cinderace, M, shiny|100/100
|move|p2a: Corviknight|Roost|p2a: Corviknight
|-heal|p2a: Corviknight|90/100
|-singleturn|p2a: Corviknight|move: Roost
|
|upkeep
|turn|44
|
|t:|1769316870
|move|p1a: Cinderace|Court Change|p1a: Cinderace
|-start|p1a: Cinderace|typechange|Normal|[from] ability: Libero
|-swapsideconditions
|-activate|p1a: Cinderace|move: Court Change
|move|p2a: Corviknight|U-turn|p1a: Cinderace
|-damage|p1a: Cinderace|79/100
|
|t:|1769316877
|switch|p2a: Gliscor|Gliscor, M|100/100 tox|[from] U-turn
|
|upkeep
|turn|45
|
|t:|1769316883
|move|p1a: Cinderace|U-turn|p2a: Gliscor
|-resisted|p2a: Gliscor
|-damage|p2a: Gliscor|94/100 tox
|
|t:|1769316890
|switch|p1a: Hydrapple|Hydrapple, M, shiny, tera:Dragon|46/100|[from] U-turn
|move|p2a: Gliscor|Toxic|p1a: Hydrapple
|-status|p1a: Hydrapple|tox
|
|-heal|p2a: Gliscor|100/100 tox|[from] ability: Poison Heal
|-damage|p1a: Hydrapple|40/100 tox|[from] psn
|upkeep
|turn|46
|
|t:|1769316906
|move|p2a: Gliscor|Knock Off|p1a: Hydrapple
|-damage|p1a: Hydrapple|23/100 tox
|-enditem|p1a: Hydrapple|Life Orb|[from] move: Knock Off|[of] p2a: Gliscor
|move|p1a: Hydrapple|Giga Drain|p2a: Gliscor
|-damage|p2a: Gliscor|50/100 tox
|-heal|p1a: Hydrapple|44/100 tox|[from] drain|[of] p2a: Gliscor
|
|-heal|p2a: Gliscor|63/100 tox|[from] ability: Poison Heal
|-damage|p1a: Hydrapple|32/100 tox|[from] psn
|upkeep
|turn|47
|
|t:|1769316917
|switch|p2a: Corviknight|Corviknight, F|90/100
|-ability|p2a: Corviknight|Pressure
|switch|p1a: Gliscor|Gliscor, M, shiny|84/100 tox
|
|-heal|p1a: Gliscor|97/100 tox|[from] ability: Poison Heal
|upkeep
|turn|48
|
|t:|1769316925
|switch|p1a: Hydrapple|Hydrapple, M, shiny, tera:Dragon|66/100 tox
|move|p2a: Corviknight|Defog|p1a: Hydrapple
|-unboost|p1a: Hydrapple|evasion|1
|-sideend|p2: ratca|Spikes|[from] move: Defog|[of] p2a: Corviknight
|
|-damage|p1a: Hydrapple|60/100 tox|[from] psn
|upkeep
|turn|49
|
|t:|1769316932
|switch|p1a: Gliscor|Gliscor, M, shiny|97/100 tox
|move|p2a: Corviknight|Iron Head|p1a: Gliscor
|-damage|p1a: Gliscor|74/100 tox
|
|-heal|p1a: Gliscor|86/100 tox|[from] ability: Poison Heal
|upkeep
|turn|50
|
|t:|1769316952
|switch|p1a: Hydrapple|Hydrapple, M, shiny, tera:Dragon|93/100 tox
|move|p2a: Corviknight|U-turn|p1a: Hydrapple
|-damage|p1a: Hydrapple|82/100 tox
|
|t:|1769316961
|switch|p2a: Blissey|Blissey, F|100/100|[from] U-turn
|
|-damage|p1a: Hydrapple|76/100 tox|[from] psn
|upkeep
|turn|51
|
|t:|1769316971
|switch|p1a: Gliscor|Gliscor, M, shiny|86/100 tox
|move|p2a: Blissey|Seismic Toss|p1a: Gliscor
|-damage|p1a: Gliscor|52/100 tox
|
|-heal|p1a: Gliscor|64/100 tox|[from] ability: Poison Heal
|upkeep
|turn|52
|
|t:|1769316978
|move|p1a: Gliscor|Earthquake|p2a: Blissey
|-damage|p2a: Blissey|62/100
|move|p2a: Blissey|Seismic Toss|p1a: Gliscor
|-damage|p1a: Gliscor|30/100 tox
|
|-heal|p1a: Gliscor|42/100 tox|[from] ability: Poison Heal
|upkeep
|turn|53
|
|t:|1769316986
|move|p1a: Gliscor|Earthquake|p2a: Blissey
|-damage|p2a: Blissey|20/100
|move|p2a: Blissey|Soft-Boiled|p2a: Blissey
|-heal|p2a: Blissey|70/100
|
|-heal|p1a: Gliscor|54/100 tox|[from] ability: Poison Heal
|upkeep
|turn|54
|
|t:|1769316993
|switch|p2a: Corviknight|Corviknight, F|90/100
|-ability|p2a: Corviknight|Pressure
|move|p1a: Gliscor|Swords Dance|p1a: Gliscor
|-boost|p1a: Gliscor|atk|2
|
|-heal|p1a: Gliscor|67/100 tox|[from] ability: Poison Heal
|upkeep
|turn|55
|
|t:|1769317001
|move|p1a: Gliscor|Swords Dance|p1a: Gliscor
|-boost|p1a: Gliscor|atk|2
|move|p2a: Corviknight|Iron Head|p1a: Gliscor
|-damage|p1a: Gliscor|42/100 tox
|
|-heal|p1a: Gliscor|54/100 tox|[from] ability: Poison Heal
|upkeep
|turn|56
|
|t:|1769317010
|move|p1a: Gliscor|Tera Blast|p2a: Corviknight
|-resisted|p2a: Corviknight
|-damage|p2a: Corviknight|85/100
|move|p2a: Corviknight|Iron Head|p1a: Gliscor
|-damage|p1a: Gliscor|28/100 tox
|
|-heal|p1a: Gliscor|40/100 tox|[from] ability: Poison Heal
|upkeep
|turn|57
|
|t:|1769317019
|move|p1a: Gliscor|Protect|p1a: Gliscor
|-singleturn|p1a: Gliscor|Protect
|move|p2a: Corviknight|U-turn|p1a: Gliscor
|-activate|p1a: Gliscor|move: Protect
|
|-heal|p1a: Gliscor|53/100 tox|[from] ability: Poison Heal
|upkeep
|turn|58
|
|t:|1769317029
|move|p1a: Gliscor|Tera Blast|p2a: Corviknight
|-resisted|p2a: Corviknight
|-damage|p2a: Corviknight|81/100
|move|p2a: Corviknight|Iron Head|p1a: Gliscor
|-damage|p1a: Gliscor|30/100 tox
|
|-heal|p1a: Gliscor|42/100 tox|[from] ability: Poison Heal
|upkeep
|turn|59
|
|t:|1769317038
|move|p1a: Gliscor|Protect|p1a: Gliscor
|-singleturn|p1a: Gliscor|Protect
|move|p2a: Corviknight|U-turn|p1a: Gliscor
|-activate|p1a: Gliscor|move: Protect
|
|-heal|p1a: Gliscor|54/100 tox|[from] ability: Poison Heal
|upkeep
|turn|60
|
|t:|1769317045
|switch|p1a: Hydrapple|Hydrapple, M, shiny, tera:Dragon|100/100 tox
|move|p2a: Corviknight|Iron Head|p1a: Hydrapple
|-damage|p1a: Hydrapple|82/100 tox
|
|-damage|p1a: Hydrapple|76/100 tox|[from] psn
|upkeep
|turn|61
|
|t:|1769317061
|switch|p1a: Cinderace|Cinderace, M, shiny|79/100
|move|p2a: Corviknight|U-turn|p1a: Cinderace
|-resisted|p1a: Cinderace
|-damage|p1a: Cinderace|69/100
|
|t:|1769317068
|switch|p2a: Gliscor|Gliscor, M|63/100 tox|[from] U-turn
|
|-heal|p2a: Gliscor|75/100 tox|[from] ability: Poison Heal
|upkeep
|turn|62
|
|t:|1769317087
|move|p1a: Cinderace|U-turn|p2a: Gliscor
|-start|p1a: Cinderace|typechange|Bug|[from] ability: Libero
|-resisted|p2a: Gliscor
|-damage|p2a: Gliscor|64/100 tox
|
|t:|1769317089
|switch|p1a: Gliscor|Gliscor, M, shiny|54/100 tox|[from] U-turn
|move|p2a: Gliscor|Knock Off|p1a: Gliscor
|-damage|p1a: Gliscor|41/100 tox
|
|-heal|p1a: Gliscor|53/100 tox|[from] ability: Poison Heal
|-heal|p2a: Gliscor|77/100 tox|[from] ability: Poison Heal
|upkeep
|turn|63
|
|t:|1769317101
|switch|p1a: Cinderace|Cinderace, M, shiny|69/100
|switch|p2a: Corviknight|Corviknight, F|81/100
|-ability|p2a: Corviknight|Pressure
|
|upkeep
|turn|64
|
|t:|1769317108
|switch|p2a: Gliscor|Gliscor, M|77/100 tox
|move|p1a: Cinderace|Pyro Ball|p2a: Gliscor
|-damage|p2a: Gliscor|43/100 tox
|
|-heal|p2a: Gliscor|56/100 tox|[from] ability: Poison Heal
|upkeep
|turn|65
|
|t:|1769317117
|switch|p1a: Iron Valiant|Iron Valiant, shiny|79/100
|move|p2a: Gliscor|Protect||[still]
|-fail|p2a: Gliscor
|
|-heal|p2a: Gliscor|68/100 tox|[from] ability: Poison Heal
|upkeep
|turn|66
|
|t:|1769317126
|move|p2a: Gliscor|Protect|p2a: Gliscor
|-singleturn|p2a: Gliscor|Protect
|move|p1a: Iron Valiant|Moonblast|p2a: Gliscor
|-activate|p2a: Gliscor|move: Protect
|
|-heal|p2a: Gliscor|81/100 tox|[from] ability: Poison Heal
|upkeep
|turn|67
|
|t:|1769317137
|move|p1a: Iron Valiant|Moonblast|p2a: Gliscor
|-damage|p2a: Gliscor|21/100 tox
|move|p2a: Gliscor|Toxic|p1a: Iron Valiant
|-status|p1a: Iron Valiant|tox
|
|-damage|p1a: Iron Valiant|73/100 tox|[from] psn
|-heal|p2a: Gliscor|34/100 tox|[from] ability: Poison Heal
|upkeep
|turn|68
|
|t:|1769317146
|-end|p1a: Iron Valiant|Quark Drive|[silent]
|switch|p1a: Cinderace|Cinderace, M, shiny|69/100
|move|p2a: Gliscor|Protect||[still]
|-fail|p2a: Gliscor
|
|-heal|p2a: Gliscor|46/100 tox|[from] ability: Poison Heal
|upkeep
|turn|69
|
|t:|1769317153
|move|p2a: Gliscor|Protect|p2a: Gliscor
|-singleturn|p2a: Gliscor|Protect
|move|p1a: Cinderace|Pyro Ball|p2a: Gliscor
|-activate|p2a: Gliscor|move: Protect
|
|-heal|p2a: Gliscor|59/100 tox|[from] ability: Poison Heal
|upkeep
|turn|70
|
|t:|1769317162
|move|p1a: Cinderace|Pyro Ball|p2a: Gliscor
|-damage|p2a: Gliscor|25/100 tox
|move|p2a: Gliscor|Knock Off|p1a: Cinderace
|-crit|p1a: Cinderace
|-damage|p1a: Cinderace|23/100
|-enditem|p1a: Cinderace|Heavy-Duty Boots|[from] move: Knock Off|[of] p2a: Gliscor
|
|-heal|p2a: Gliscor|38/100 tox|[from] ability: Poison Heal
|upkeep
|turn|71
|
|t:|1769317173
|switch|p1a: Iron Valiant|Iron Valiant, shiny|73/100 tox
|move|p2a: Gliscor|Spikes|p1a: Iron Valiant
|-sidestart|p1: Libraries|Spikes
|
|-damage|p1a: Iron Valiant|67/100 tox|[from] psn
|-heal|p2a: Gliscor|50/100 tox|[from] ability: Poison Heal
|upkeep
|turn|72
|
|t:|1769317180
|move|p2a: Gliscor|Protect|p2a: Gliscor
|-singleturn|p2a: Gliscor|Protect
|move|p1a: Iron Valiant|Moonblast|p2a: Gliscor
|-activate|p2a: Gliscor|move: Protect
|
|-damage|p1a: Iron Valiant|54/100 tox|[from] psn
|-heal|p2a: Gliscor|63/100 tox|[from] ability: Poison Heal
|upkeep
|turn|73
|
|t:|1769317188
|switch|p2a: Corviknight|Corviknight, F|81/100
|-ability|p2a: Corviknight|Pressure
|move|p1a: Iron Valiant|Moonblast|p2a: Corviknight
|-resisted|p2a: Corviknight
|-damage|p2a: Corviknight|57/100
|
|-damage|p1a: Iron Valiant|35/100 tox|[from] psn
|upkeep
|turn|74
|
|t:|1769317198
|move|p1a: Iron Valiant|Destiny Bond|p1a: Iron Valiant
|-singlemove|p1a: Iron Valiant|Destiny Bond
|move|p2a: Corviknight|Roost|p2a: Corviknight
|-heal|p2a: Corviknight|100/100
|-singleturn|p2a: Corviknight|move: Roost
|
|-damage|p1a: Iron Valiant|11/100 tox|[from] psn
|upkeep
|turn|75
|
|t:|1769317207
|-end|p1a: Iron Valiant|Quark Drive|[silent]
|switch|p1a: Cinderace|Cinderace, M, shiny|23/100
|-damage|p1a: Cinderace|11/100|[from] Spikes
|switch|p2a: Gliscor|Gliscor, M|63/100 tox
|
|-heal|p2a: Gliscor|75/100 tox|[from] ability: Poison Heal
|upkeep
|turn|76
|
|t:|1769317215
|move|p1a: Cinderace|Court Change|p1a: Cinderace
|-start|p1a: Cinderace|typechange|Normal|[from] ability: Libero
|-swapsideconditions
|-activate|p1a: Cinderace|move: Court Change
|move|p2a: Gliscor|Knock Off|p1a: Cinderace
|-damage|p1a: Cinderace|0 fnt
|faint|p1a: Cinderace
|
|-heal|p2a: Gliscor|88/100 tox|[from] ability: Poison Heal
|upkeep
|
|t:|1769317228
|switch|p1a: Gliscor|Gliscor, M, shiny|53/100 tox
|turn|77
|
|t:|1769317234
|switch|p2a: Corviknight|Corviknight, F|100/100
|-ability|p2a: Corviknight|Pressure
|move|p1a: Gliscor|Swords Dance|p1a: Gliscor
|-boost|p1a: Gliscor|atk|2
|
|-heal|p1a: Gliscor|65/100 tox|[from] ability: Poison Heal
|upkeep
|turn|78
|
|t:|1769317242
|move|p1a: Gliscor|Swords Dance|p1a: Gliscor
|-boost|p1a: Gliscor|atk|2
|move|p2a: Corviknight|Defog|p1a: Gliscor
|-unboost|p1a: Gliscor|evasion|1
|-sideend|p2: ratca|Spikes|[from] move: Defog|[of] p2a: Corviknight
|
|-heal|p1a: Gliscor|78/100 tox|[from] ability: Poison Heal
|upkeep
|turn|79
|
|t:|1769317250
|move|p1a: Gliscor|Swords Dance|p1a: Gliscor
|-boost|p1a: Gliscor|atk|2
|move|p2a: Corviknight|U-turn|p1a: Gliscor
|-resisted|p1a: Gliscor
|-damage|p1a: Gliscor|71/100 tox
|
|t:|1769317255
|switch|p2a: Dondozo|Dondozo, F|100/100|[from] U-turn
|
|-heal|p1a: Gliscor|83/100 tox|[from] ability: Poison Heal
|upkeep
|turn|80
|
|t:|1769317264
|move|p1a: Gliscor|Tera Blast|p2a: Dondozo
|-damage|p2a: Dondozo|92/100
|move|p2a: Dondozo|Wave Crash|p1a: Gliscor
|-supereffective|p1a: Gliscor
|-damage|p1a: Gliscor|8/100 tox
|-damage|p2a: Dondozo|78/100|[from] Recoil
|
|-heal|p2a: Dondozo|84/100|[from] item: Leftovers
|-heal|p1a: Gliscor|21/100 tox|[from] ability: Poison Heal
|upkeep
|turn|81
|
|t:|1769317274
|switch|p1a: Iron Valiant|Iron Valiant, shiny|11/100 tox
|move|p2a: Dondozo|Curse|p2a: Dondozo
|-unboost|p2a: Dondozo|spe|1
|-boost|p2a: Dondozo|atk|1
|-boost|p2a: Dondozo|def|1
|
|-heal|p2a: Dondozo|90/100|[from] item: Leftovers
|-damage|p1a: Iron Valiant|4/100 tox|[from] psn
|upkeep
|turn|82
|
|t:|1769317287
|switch|p2a: Corviknight|Corviknight, F|100/100
|-ability|p2a: Corviknight|Pressure
|move|p1a: Iron Valiant|Encore||[still]
|-fail|p1a: Iron Valiant
|
|-damage|p1a: Iron Valiant|0 fnt|[from] psn
|faint|p1a: Iron Valiant
|-end|p1a: Iron Valiant|Quark Drive|[silent]
|upkeep
|-message|Libraries forfeited.
|
|win|ratca
|raw|Libraries's rating: 1378 &rarr; <strong>1359</strong><br />(-19 for losing)
|raw|ratca's rating: 1400 &rarr; <strong>1419</strong><br />(+19 for winning)
|l|☆Libraries
|player|p1|
