|j|☆wattdog21
|j|☆SquilliamTG
|t:|1769407121
|gametype|singles
|player|p1|wattdog21|volkner|1522
|player|p2|SquilliamTG|silver|1563
|gen|9
|tier|[Gen 9] OU
|rated|
|rule|HP Percentage Mod: HP is shown in percentages
|rule|Endless Battle Clause: Forcing endless battles is banned
|rule|Species Clause: Limit one of each Pokémon
|rule|OHKO Clause: OHKO moves are banned
|rule|Evasion Items Clause: Evasion items are banned
|rule|Evasion Moves Clause: Evasion moves are banned
|rule|Evasion Abilities Clause: Evasion abilities are banned
|rule|Sleep Moves Clause: Sleep-inducing moves are banned
|clearpoke
|poke|p1|Tyranitar, F|
|poke|p1|Corviknight, F|
|poke|p1|Clodsire, M|
|poke|p1|Gliscor, F|
|poke|p1|Scizor, F|
|poke|p1|Heatran, F|
|poke|p2|Great Tusk|
|poke|p2|Magnezone|
|poke|p2|Slowking-Galar, F|
|poke|p2|Dragonite, M|
|poke|p2|Alomomola, F|
|poke|p2|Zamazenta-*|
|teampreview
|inactive|Battle timer is ON: inactive players will automatically lose when time's up. (requested by wattdog21)
|inactive|SquilliamTG also wants the timer to be on.
|
|t:|1769407132
|teamsize|p1|6
|teamsize|p2|6
|start
|switch|p1a: Scizor|Scizor, F|100/100
|switch|p2a: Zamazenta|Zamazenta|100/100
|-ability|p2a: Zamazenta|Dauntless Shield|boost
|-boost|p2a: Zamazenta|def|1
|turn|1
|
|t:|1769407147
|move|p2a: Zamazenta|Close Combat|p1a: Scizor
|-damage|p1a: Scizor|17/100
|-unboost|p2a: Zamazenta|def|1
|-unboost|p2a: Zamazenta|spd|1
|move|p1a: Scizor|Dual Wingbeat|p2a: Zamazenta
|-supereffective|p2a: Zamazenta
|-damage|p2a: Zamazenta|38/100
|-supereffective|p2a: Zamazenta
|-damage|p2a: Zamazenta|0 fnt
|faint|p2a: Zamazenta
|-hitcount|p2: Zamazenta|2
|
|upkeep
|
|t:|1769407158
|switch|p2a: Magnezone|Magnezone|100/100
|turn|2
|
|t:|1769407167
|move|p2a: Magnezone|Volt Switch|p1a: Scizor
|-damage|p1a: Scizor|0 fnt
|faint|p1a: Scizor
|
|t:|1769407172
|switch|p2a: Great Tusk|Great Tusk|100/100|[from] Volt Switch
|
|upkeep
|
|t:|1769407179
|switch|p1a: Corviknight|Corviknight, F|100/100
|turn|3
|
|t:|1769407185
|-end|p2a: Great Tusk|Protosynthesis|[silent]
|switch|p2a: Magnezone|Magnezone|100/100
|move|p1a: Corviknight|Iron Defense|p1a: Corviknight
|-boost|p1a: Corviknight|def|2
|
|upkeep
|turn|4
|
|t:|1769407191
|move|p2a: Magnezone|Volt Switch|p1a: Corviknight
|-supereffective|p1a: Corviknight
|-damage|p1a: Corviknight|0 fnt
|faint|p1a: Corviknight
|
|t:|1769407198
|switch|p2a: Great Tusk|Great Tusk|100/100|[from] Volt Switch
|
|upkeep
|
|t:|1769407202
|switch|p1a: Heatran|Heatran, F|100/100
|-item|p1a: Heatran|Air Balloon
|turn|5
|
|t:|1769407215
|-end|p2a: Great Tusk|Protosynthesis|[silent]
|switch|p2a: Alomomola|Alomomola, F|100/100
|move|p1a: Heatran|Flamethrower|p2a: Alomomola
|-resisted|p2a: Alomomola
|-damage|p2a: Alomomola|71/100
|
|upkeep
|turn|6
|
|t:|1769407221
|-terastallize|p1a: Heatran|Grass
|move|p1a: Heatran|Tera Blast|p2a: Alomomola|[anim] Tera Blast Grass
|-supereffective|p2a: Alomomola
|-damage|p2a: Alomomola|0 fnt
|faint|p2a: Alomomola
|
|upkeep
|
|t:|1769407230
|switch|p2a: Slowking|Slowking-Galar, F|100/100
|turn|7
|
|t:|1769407236
|switch|p1a: Clodsire|Clodsire, M|100/100
|move|p2a: Slowking|Future Sight|p1a: Clodsire
|-start|p2a: Slowking|move: Future Sight
|
|upkeep
|turn|8
|
|t:|1769407241
|-prepare|p2a: Slowking|Chilly Reception|[premajor]
|move|p2a: Slowking|Chilly Reception|p2a: Slowking
|-weather|Snowscape
|
|t:|1769407244
|switch|p2a: Great Tusk|Great Tusk|100/100|[from] Chilly Reception
|move|p1a: Clodsire|Stealth Rock|p2a: Great Tusk
|-sidestart|p2: SquilliamTG|move: Stealth Rock
|
|-weather|Snowscape|[upkeep]
|upkeep
|turn|9
|
|t:|1769407255
|move|p2a: Great Tusk|Ice Spinner|p1a: Clodsire
|-supereffective|p1a: Clodsire
|-crit|p1a: Clodsire
|-damage|p1a: Clodsire|4/100
|move|p1a: Clodsire|Toxic|p2a: Great Tusk
|-status|p2a: Great Tusk|tox
|
|-weather|Snowscape|[upkeep]
|-end|p1a: Clodsire|move: Future Sight
|-supereffective|p1a: Clodsire
|-damage|p1a: Clodsire|0 fnt
|faint|p1a: Clodsire
|-damage|p2a: Great Tusk|94/100 tox|[from] psn
|upkeep
|
|t:|1769407265
|switch|p1a: Heatran|Heatran, F, tera:Grass|100/100
|-item|p1a: Heatran|Air Balloon
|turn|10
|
|t:|1769407272
|-end|p2a: Great Tusk|Protosynthesis|[silent]
|switch|p2a: Slowking|Slowking-Galar, F|100/100
|move|p1a: Heatran|Flamethrower|p2a: Slowking
|-damage|p2a: Slowking|72/100
|
|-weather|Snowscape|[upkeep]
|upkeep
|turn|11
|
|t:|1769407293
|move|p1a: Heatran|Earth Power|p2a: Slowking
|-supereffective|p2a: Slowking
|-damage|p2a: Slowking|30/100
|-prepare|p2a: Slowking|Chilly Reception|[premajor]
|move|p2a: Slowking|Chilly Reception|p2a: Slowking
|
|t:|1769407301
|switch|p2a: Magnezone|Magnezone|100/100|[from] Chilly Reception
|-damage|p2a: Magnezone|94/100|[from] Stealth Rock
|
|-weather|Snowscape|[upkeep]
|upkeep
|turn|12
|
|t:|1769407314
|move|p2a: Magnezone|Volt Switch|p1a: Heatran
|-resisted|p1a: Heatran
|-damage|p1a: Heatran|79/100
|-enditem|p1a: Heatran|Air Balloon
|
|t:|1769407325
|switch|p2a: Slowking|Slowking-Galar, F|63/100|[from] Volt Switch
|move|p1a: Heatran|Flamethrower|p2a: Slowking
|-damage|p2a: Slowking|33/100
|
|-weather|none
|upkeep
|turn|13
|
|t:|1769407335
|-terastallize|p2a: Slowking|Water
|move|p1a: Heatran|Earth Power|p2a: Slowking
|-damage|p2a: Slowking|14/100
|move|p2a: Slowking|Sludge Bomb|p1a: Heatran
|-supereffective|p1a: Heatran
|-damage|p1a: Heatran|23/100
|
|upkeep
|turn|14
|
|t:|1769407344
|switch|p2a: Dragonite|Dragonite, M|100/100
|move|p1a: Heatran|Tera Blast|p2a: Dragonite|[anim] Tera Blast Grass
|-resisted|p2a: Dragonite
|-damage|p2a: Dragonite|94/100
|
|upkeep
|turn|15
|
|t:|1769407351
|switch|p1a: Tyranitar|Tyranitar, F|100/100
|-weather|Sandstorm|[from] ability: Sand Stream|[of] p1a: Tyranitar
|move|p2a: Dragonite|Extreme Speed|p1a: Tyranitar
|-resisted|p1a: Tyranitar
|-damage|p1a: Tyranitar|88/100
|
|-weather|Sandstorm|[upkeep]
|-damage|p2a: Dragonite|88/100|[from] Sandstorm
|upkeep
|turn|16
|
|t:|1769407362
|move|p2a: Dragonite|Earthquake|p1a: Tyranitar
|-supereffective|p1a: Tyranitar
|-damage|p1a: Tyranitar|30/100
|move|p1a: Tyranitar|Stone Edge|p2a: Dragonite
|-supereffective|p2a: Dragonite
|-damage|p2a: Dragonite|0 fnt
|faint|p2a: Dragonite
|
|-weather|Sandstorm|[upkeep]
|upkeep
|
|t:|1769407372
|switch|p2a: Magnezone|Magnezone|94/100
|-damage|p2a: Magnezone|88/100|[from] Stealth Rock
|turn|17
|
|t:|1769407377
|move|p2a: Magnezone|Flash Cannon|p1a: Tyranitar
|-supereffective|p1a: Tyranitar
|-damage|p1a: Tyranitar|0 fnt
|faint|p1a: Tyranitar
|
|-weather|Sandstorm|[upkeep]
|upkeep
|
|t:|1769407384
|switch|p1a: Gliscor|Gliscor, F|100/100
|turn|18
|
|t:|1769407389
|move|p1a: Gliscor|Earthquake|p2a: Magnezone
|-supereffective|p2a: Magnezone
|-damage|p2a: Magnezone|0 fnt
|faint|p2a: Magnezone
|
|-weather|Sandstorm|[upkeep]
|-status|p1a: Gliscor|tox|[from] item: Toxic Orb
|upkeep
|
|t:|1769407395
|switch|p2a: Great Tusk|Great Tusk|94/100 tox
|turn|19
|
|t:|1769407403
|move|p2a: Great Tusk|Ice Spinner|p1a: Gliscor
|-supereffective|p1a: Gliscor
|-damage|p1a: Gliscor|0 fnt
|faint|p1a: Gliscor
|
|-weather|Sandstorm|[upkeep]
|-damage|p2a: Great Tusk|88/100 tox|[from] psn
|upkeep
|
|t:|1769407406
|switch|p1a: Heatran|Heatran, F, tera:Grass|23/100
|turn|20
|
|t:|1769407412
|move|p2a: Great Tusk|Ice Spinner|p1a: Heatran
|-supereffective|p1a: Heatran
|-damage|p1a: Heatran|0 fnt
|faint|p1a: Heatran
|
|win|SquilliamTG
|raw|wattdog21's rating: 1522 &rarr; <strong>1504</strong><br />(-18 for losing)
|raw|SquilliamTG's rating: 1563 &rarr; <strong>1581</strong><br />(+18 for winning)
|l|☆SquilliamTG
|player|p2|
|l|☆wattdog21
|player|p1|
