|j|☆saip2823
|j|☆simisearontop
|t:|1769314461
|gametype|singles
|player|p1|saip2823|101|1343
|player|p2|simisearontop|bellelba|1347
|gen|9
|tier|[Gen 9] OU
|rated|
|rule|HP Percentage Mod: HP is shown in percentages
|rule|Endless Battle Clause: Forcing endless battles is banned
|rule|Species Clause: Limit one of each Pokémon
|rule|OHKO Clause: OHKO moves are banned
|rule|Evasion Items Clause: Evasion items are banned
|rule|Evasion Moves Clause: Evasion moves are banned
|rule|Evasion Abilities Clause: Evasion abilities are banned
|rule|Sleep Moves Clause: Sleep-inducing moves are banned
|clearpoke
|poke|p1|Ceruledge, F|
|poke|p1|Ogerpon-Wellspring, F|
|poke|p1|Iron Crown|
|poke|p1|Iron Hands|
|poke|p1|Zamazenta-*|
|poke|p1|Ursaluna, M|
|poke|p2|Torkoal, F|
|poke|p2|Leafeon, M|
|poke|p2|Walking Wake|
|poke|p2|Gliscor, M|
|poke|p2|Raging Bolt|
|poke|p2|Hoopa-Unbound|
|teampreview
|inactive|Battle timer is ON: inactive players will automatically lose when time's up. (requested by simisearontop)
|
|t:|1769314465
|teamsize|p1|6
|teamsize|p2|6
|start
|switch|p1a: Ogerpon|Ogerpon-Wellspring, F|100/100
|switch|p2a: choo choo|Torkoal, F|100/100
|-weather|SunnyDay|[from] ability: Drought|[of] p2a: choo choo
|turn|1
|
|t:|1769314473
|switch|p2a: WaWa|Walking Wake|100/100
|-activate|p2a: WaWa|ability: Protosynthesis
|-start|p2a: WaWa|protosynthesisspe
|-terastallize|p1a: Ogerpon|Water
|detailschange|p1a: Ogerpon|Ogerpon-Wellspring-Tera, F, tera:Water
|-ability|p1a: Ogerpon|Embody Aspect (Wellspring)|boost
|-boost|p1a: Ogerpon|spd|1
|move|p1a: Ogerpon|Swords Dance|p1a: Ogerpon
|-boost|p1a: Ogerpon|atk|2
|
|-weather|SunnyDay|[upkeep]
|upkeep
|turn|2
|
|t:|1769314486
|-end|p2a: WaWa|Protosynthesis|[silent]
|switch|p2a: :3|Leafeon, M|100/100
|move|p1a: Ogerpon|Horn Leech|p2a: :3
|-resisted|p2a: :3
|-damage|p2a: :3|57/100
|
|-weather|SunnyDay|[upkeep]
|upkeep
|turn|3
|
|t:|1769314497
|switch|p1a: Ceruledge|Ceruledge, F|100/100
|move|p2a: :3|Solar Blade||[still]
|-prepare|p2a: :3|Solar Blade
|-anim|p2a: :3|Solar Blade|p1a: Ceruledge
|-resisted|p1a: Ceruledge
|-damage|p1a: Ceruledge|62/100
|-ability|p1a: Ceruledge|Weak Armor|boost
|-unboost|p1a: Ceruledge|def|1
|-boost|p1a: Ceruledge|spe|2
|
|-weather|SunnyDay|[upkeep]
|upkeep
|turn|4
|
|t:|1769314509
|move|p2a: :3|Knock Off|p1a: Ceruledge
|-supereffective|p1a: Ceruledge
|-damage|p1a: Ceruledge|0 fnt
|-enditem|p1a: Ceruledge|Focus Sash|[from] move: Knock Off|[of] p2a: :3
|faint|p1a: Ceruledge
|
|-weather|SunnyDay|[upkeep]
|upkeep
|
|t:|1769314516
|switch|p1a: Iron Hands|Iron Hands, shiny|100/100
|-enditem|p1a: Iron Hands|Booster Energy
|-activate|p1a: Iron Hands|ability: Quark Drive|[fromitem]
|-start|p1a: Iron Hands|quarkdriveatk
|turn|5
|
|t:|1769314521
|move|p2a: :3|Wish|p2a: :3
|move|p1a: Iron Hands|Ice Punch|p2a: :3
|-supereffective|p2a: :3
|-damage|p2a: :3|0 fnt
|faint|p2a: :3
|
|-weather|SunnyDay|[upkeep]
|upkeep
|
|t:|1769314535
|switch|p2a: WaWa|Walking Wake|100/100
|-activate|p2a: WaWa|ability: Protosynthesis
|-start|p2a: WaWa|protosynthesisspe
|turn|6
|
|t:|1769314540
|move|p2a: WaWa|Hydro Steam|p1a: Iron Hands
|-damage|p1a: Iron Hands|20/100
|move|p1a: Iron Hands|Wild Charge|p2a: WaWa
|-damage|p2a: WaWa|25/100
|-damage|p1a: Iron Hands|8/100|[from] Recoil
|
|-weather|SunnyDay|[upkeep]
|-heal|p2a: WaWa|69/100|[from] move: Wish|[wisher] :3
|upkeep
|turn|7
|
|t:|1769314552
|-end|p2a: WaWa|Protosynthesis|[silent]
|switch|p2a: tall girl 4|Raging Bolt|100/100
|-activate|p2a: tall girl 4|ability: Protosynthesis
|-start|p2a: tall girl 4|protosynthesisspa
|move|p1a: Iron Hands|Wild Charge|p2a: tall girl 4
|-resisted|p2a: tall girl 4
|-damage|p2a: tall girl 4|85/100
|-damage|p1a: Iron Hands|5/100|[from] Recoil
|
|-weather|SunnyDay|[upkeep]
|-heal|p2a: tall girl 4|91/100|[from] item: Leftovers
|upkeep
|turn|8
|
|t:|1769314563
|move|p2a: tall girl 4|Thunderbolt|p1a: Iron Hands
|-resisted|p1a: Iron Hands
|-damage|p1a: Iron Hands|0 fnt
|faint|p1a: Iron Hands
|-end|p1a: Iron Hands|Quark Drive|[silent]
|
|-weather|none
|-end|p2a: tall girl 4|Protosynthesis
|-heal|p2a: tall girl 4|98/100|[from] item: Leftovers
|upkeep
|
|t:|1769314571
|switch|p1a: Ursaluna|Ursaluna, M, shiny|100/100
|turn|9
|
|t:|1769314574
|-end|p2a: tall girl 4|Protosynthesis|[silent]
|switch|p2a: choo choo|Torkoal, F|100/100
|-weather|SunnyDay|[from] ability: Drought|[of] p2a: choo choo
|move|p1a: Ursaluna|Headlong Rush|p2a: choo choo
|-supereffective|p2a: choo choo
|-damage|p2a: choo choo|23/100
|-unboost|p1a: Ursaluna|def|1
|-unboost|p1a: Ursaluna|spd|1
|
|-weather|SunnyDay|[upkeep]
|-status|p1a: Ursaluna|brn|[from] item: Flame Orb
|upkeep
|turn|10
|
|t:|1769314586
|move|p1a: Ursaluna|Facade|p2a: choo choo
|-damage|p2a: choo choo|0 fnt
|faint|p2a: choo choo
|
|-weather|SunnyDay|[upkeep]
|-damage|p1a: Ursaluna|94/100 brn|[from] brn
|upkeep
|
|t:|1769314594
|switch|p2a: WaWa|Walking Wake|69/100
|-activate|p2a: WaWa|ability: Protosynthesis
|-start|p2a: WaWa|protosynthesisspe
|turn|11
|
|t:|1769314600
|move|p2a: WaWa|Dragon Pulse|p1a: Ursaluna
|-damage|p1a: Ursaluna|39/100 brn
|move|p1a: Ursaluna|Facade|p2a: WaWa
|-damage|p2a: WaWa|0 fnt
|faint|p2a: WaWa
|-end|p2a: WaWa|Protosynthesis|[silent]
|
|-weather|SunnyDay|[upkeep]
|-damage|p1a: Ursaluna|33/100 brn|[from] brn
|upkeep
|
|t:|1769314605
|switch|p2a: im gonna touch you|Hoopa-Unbound|100/100
|turn|12
|
|t:|1769314619
|move|p2a: im gonna touch you|Hyperspace Fury|p1a: Ursaluna
|-damage|p1a: Ursaluna|0 fnt
|-unboost|p2a: im gonna touch you|def|1
|faint|p1a: Ursaluna
|
|-weather|SunnyDay|[upkeep]
|upkeep
|
|t:|1769314628
|switch|p1a: Ogerpon|Ogerpon-Wellspring-Tera, F, tera:Water|100/100
|-ability|p1a: Ogerpon|Embody Aspect (Wellspring)|boost
|-boost|p1a: Ogerpon|spd|1
|turn|13
|
|t:|1769314633
|-terastallize|p2a: im gonna touch you|Stellar
|move|p2a: im gonna touch you|Hyperspace Fury|p1a: Ogerpon
|-crit|p1a: Ogerpon
|-damage|p1a: Ogerpon|0 fnt
|-unboost|p2a: im gonna touch you|def|1
|faint|p1a: Ogerpon
|detailschange|p1: Ogerpon|Ogerpon-Wellspring, F|[silent]
|
|-weather|SunnyDay|[upkeep]
|upkeep
|
|t:|1769314642
|switch|p1a: Zamazenta|Zamazenta|100/100
|-ability|p1a: Zamazenta|Dauntless Shield|boost
|-boost|p1a: Zamazenta|def|1
|turn|14
|
|t:|1769314648
|switch|p2a: Score!!!|Gliscor, M|100/100
|move|p1a: Zamazenta|Crunch|p2a: Score!!!
|-damage|p2a: Score!!!|71/100
|
|-weather|SunnyDay|[upkeep]
|-status|p2a: Score!!!|tox|[from] item: Toxic Orb
|upkeep
|turn|15
|
|t:|1769314657
|move|p2a: Score!!!|Toxic|p1a: Zamazenta
|-status|p1a: Zamazenta|tox
|move|p1a: Zamazenta|Iron Defense|p1a: Zamazenta
|-boost|p1a: Zamazenta|def|2
|
|-weather|SunnyDay|[upkeep]
|-heal|p2a: Score!!!|83/100 tox|[from] ability: Poison Heal
|-damage|p1a: Zamazenta|94/100 tox|[from] psn
|upkeep
|turn|16
|
|t:|1769314667
|move|p2a: Score!!!|Earthquake|p1a: Zamazenta
|-damage|p1a: Zamazenta|80/100 tox
|move|p1a: Zamazenta|Iron Defense|p1a: Zamazenta
|-boost|p1a: Zamazenta|def|2
|
|-weather|none
|-heal|p1a: Zamazenta|87/100 tox|[from] item: Leftovers
|-heal|p2a: Score!!!|95/100 tox|[from] ability: Poison Heal
|-damage|p1a: Zamazenta|74/100 tox|[from] psn
|upkeep
|turn|17
|
|t:|1769314678
|move|p2a: Score!!!|Earthquake|p1a: Zamazenta
|-damage|p1a: Zamazenta|64/100 tox
|move|p1a: Zamazenta|Body Press|p2a: Score!!!
|-resisted|p2a: Score!!!
|-damage|p2a: Score!!!|43/100 tox
|
|-heal|p1a: Zamazenta|70/100 tox|[from] item: Leftovers
|-heal|p2a: Score!!!|56/100 tox|[from] ability: Poison Heal
|-damage|p1a: Zamazenta|52/100 tox|[from] psn
|upkeep
|turn|18
|
|t:|1769314689
|move|p2a: Score!!!|Protect|p2a: Score!!!
|-singleturn|p2a: Score!!!|Protect
|move|p1a: Zamazenta|Body Press|p2a: Score!!!
|-activate|p2a: Score!!!|move: Protect
|
|-heal|p1a: Zamazenta|58/100 tox|[from] item: Leftovers
|-heal|p2a: Score!!!|68/100 tox|[from] ability: Poison Heal
|-damage|p1a: Zamazenta|33/100 tox|[from] psn
|upkeep
|turn|19
|
|t:|1769314700
|move|p2a: Score!!!|Earthquake|p1a: Zamazenta
|-damage|p1a: Zamazenta|24/100 tox
|move|p1a: Zamazenta|Body Press|p2a: Score!!!
|-resisted|p2a: Score!!!
|-damage|p2a: Score!!!|14/100 tox
|
|-heal|p1a: Zamazenta|30/100 tox|[from] item: Leftovers
|-heal|p2a: Score!!!|26/100 tox|[from] ability: Poison Heal
|-damage|p1a: Zamazenta|0 fnt|[from] psn
|faint|p1a: Zamazenta
|upkeep
|
|t:|1769314714
|switch|p1a: Iron Crown|Iron Crown|100/100
|turn|20
|
|t:|1769314718
|move|p2a: Score!!!|Protect|p2a: Score!!!
|-singleturn|p2a: Score!!!|Protect
|move|p1a: Iron Crown|Tachyon Cutter|p2a: Score!!!
|-activate|p2a: Score!!!|move: Protect
|
|-heal|p2a: Score!!!|39/100 tox|[from] ability: Poison Heal
|upkeep
|turn|21
|
|t:|1769314727
|move|p1a: Iron Crown|Tachyon Cutter|p2a: Score!!!
|-damage|p2a: Score!!!|0 fnt
|faint|p2a: Score!!!
|-hitcount|p2: Score!!!|1
|
|upkeep
|
|t:|1769314731
|switch|p2a: im gonna touch you|Hoopa-Unbound, tera:Stellar|100/100
|turn|22
|
|t:|1769314735
|move|p2a: im gonna touch you|Hyperspace Fury|p1a: Iron Crown
|-supereffective|p1a: Iron Crown
|-damage|p1a: Iron Crown|0 fnt
|-unboost|p2a: im gonna touch you|def|1
|faint|p1a: Iron Crown
|-end|p1a: Iron Crown|Quark Drive|[silent]
|
|win|simisearontop
|raw|saip2823's rating: 1343 &rarr; <strong>1323</strong><br />(-20 for losing)
|raw|simisearontop's rating: 1347 &rarr; <strong>1367</strong><br />(+20 for winning)
|l|☆saip2823
|player|p1|
|l|☆simisearontop
|player|p2|
