|j|☆151htyrneh
|j|☆praveenkumart236
|t:|1769415610
|gametype|singles
|player|p1|151htyrneh|wallace|1718
|player|p2|praveenkumart236|265|1684
|gen|9
|tier|[Gen 9] OU
|rated|
|rule|HP Percentage Mod: HP is shown in percentages
|rule|Endless Battle Clause: Forcing endless battles is banned
|rule|Species Clause: Limit one of each Pokémon
|rule|OHKO Clause: OHKO moves are banned
|rule|Evasion Items Clause: Evasion items are banned
|rule|Evasion Moves Clause: Evasion moves are banned
|rule|Evasion Abilities Clause: Evasion abilities are banned
|rule|Sleep Moves Clause: Sleep-inducing moves are banned
|clearpoke
|poke|p1|Glimmora, M|
|poke|p1|Landorus-Therian, M|
|poke|p1|Kyurem|
|poke|p1|Kingambit, F|
|poke|p1|Iron Valiant|
|poke|p1|Hatterene, F|
|poke|p2|Farigiraf, F|
|poke|p2|Kingambit, F|
|poke|p2|Raging Bolt|
|poke|p2|Pecharunt|
|poke|p2|Great Tusk|
|poke|p2|Grimmsnarl, M|
|teampreview
|inactive|Battle timer is ON: inactive players will automatically lose when time's up. (requested by praveenkumart236)
|
|t:|1769415617
|teamsize|p1|6
|teamsize|p2|6
|start
|switch|p1a: Iron Valiant|Iron Valiant|100/100
|switch|p2a: Grimmsnarl|Grimmsnarl, M|100/100
|-enditem|p1a: Iron Valiant|Booster Energy
|-activate|p1a: Iron Valiant|ability: Quark Drive|[fromitem]
|-start|p1a: Iron Valiant|quarkdrivespe
|turn|1
|j| aegia4
|
|t:|1769415626
|move|p2a: Grimmsnarl|Light Screen|p2a: Grimmsnarl
|-sidestart|p2: praveenkumart236|move: Light Screen
|move|p1a: Iron Valiant|Knock Off|p2a: Grimmsnarl
|-resisted|p2a: Grimmsnarl
|-damage|p2a: Grimmsnarl|92/100
|-enditem|p2a: Grimmsnarl|Light Clay|[from] move: Knock Off|[of] p1a: Iron Valiant
|
|upkeep
|turn|2
|
|t:|1769415630
|move|p2a: Grimmsnarl|Parting Shot|p1a: Iron Valiant
|-unboost|p1a: Iron Valiant|atk|1
|-unboost|p1a: Iron Valiant|spa|1
|
|t:|1769415634
|switch|p2a: Pecharunt|Pecharunt|100/100|[from] Parting Shot
|-item|p2a: Pecharunt|Air Balloon
|move|p1a: Iron Valiant|Moonblast|p2a: Pecharunt
|-resisted|p2a: Pecharunt
|-damage|p2a: Pecharunt|93/100
|-enditem|p2a: Pecharunt|Air Balloon
|
|upkeep
|turn|3
|
|t:|1769415651
|-end|p1a: Iron Valiant|Quark Drive|[silent]
|switch|p1a: Kingambit|Kingambit, F|100/100
|switch|p2a: Grimmsnarl|Grimmsnarl, M|92/100
|
|upkeep
|turn|4
|
|t:|1769415655
|move|p2a: Grimmsnarl|Reflect|p2a: Grimmsnarl
|-sidestart|p2: praveenkumart236|Reflect
|move|p1a: Kingambit|Swords Dance|p1a: Kingambit
|-boost|p1a: Kingambit|atk|2
|
|upkeep
|turn|5
|
|t:|1769415662
|switch|p2a: Great Tusk|Great Tusk|100/100
|-enditem|p2a: Great Tusk|Booster Energy
|-activate|p2a: Great Tusk|ability: Protosynthesis|[fromitem]
|-start|p2a: Great Tusk|protosynthesisspe
|move|p1a: Kingambit|Swords Dance|p1a: Kingambit
|-boost|p1a: Kingambit|atk|2
|
|upkeep
|turn|6
|
|t:|1769415677
|move|p2a: Great Tusk|Stealth Rock|p1a: Kingambit
|-sidestart|p1: 151htyrneh|move: Stealth Rock
|move|p1a: Kingambit|Low Kick|p2a: Great Tusk
|-damage|p2a: Great Tusk|64/100
|
|upkeep
|turn|7
|
|t:|1769415682
|move|p2a: Great Tusk|Headlong Rush|p1a: Kingambit
|-supereffective|p1a: Kingambit
|-damage|p1a: Kingambit|9/100
|-unboost|p2a: Great Tusk|def|1
|-unboost|p2a: Great Tusk|spd|1
|move|p1a: Kingambit|Low Kick|p2a: Great Tusk
|-damage|p2a: Great Tusk|5/100
|
|upkeep
|turn|8
|
|t:|1769415691
|move|p1a: Kingambit|Sucker Punch|p2a: Great Tusk
|-resisted|p2a: Great Tusk
|-crit|p2a: Great Tusk
|-damage|p2a: Great Tusk|0 fnt
|faint|p2a: Great Tusk
|-end|p2a: Great Tusk|Protosynthesis|[silent]
|
|-sideend|p2: praveenkumart236|Reflect
|-sideend|p2: praveenkumart236|move: Light Screen
|upkeep
|
|t:|1769415698
|switch|p2a: Grimmsnarl|Grimmsnarl, M|92/100
|turn|9
|
|t:|1769415702
|move|p2a: Grimmsnarl|Reflect|p2a: Grimmsnarl
|-sidestart|p2: praveenkumart236|Reflect
|move|p1a: Kingambit|Low Kick|p2a: Grimmsnarl
|-damage|p2a: Grimmsnarl|36/100
|
|upkeep
|turn|10
|
|t:|1769415708
|move|p1a: Kingambit|Low Kick|p2a: Grimmsnarl
|-crit|p2a: Grimmsnarl
|-damage|p2a: Grimmsnarl|0 fnt
|faint|p2a: Grimmsnarl
|
|upkeep
|
|t:|1769415712
|switch|p2a: Farigiraf|Farigiraf, F|100/100
|turn|11
|j| IAteALemon
|j| zouzmaa
|
|t:|1769415726
|-terastallize|p2a: Farigiraf|Fighting
|move|p1a: Kingambit|Low Kick|p2a: Farigiraf
|-damage|p2a: Farigiraf|42/100
|move|p2a: Farigiraf|Trick Room|p2a: Farigiraf
|-fieldstart|move: Trick Room|[of] p2a: Farigiraf
|
|-heal|p2a: Farigiraf|49/100|[from] item: Leftovers
|upkeep
|turn|12
|
|t:|1769415732
|move|p2a: Farigiraf|Nasty Plot|p2a: Farigiraf
|-boost|p2a: Farigiraf|spa|2
|move|p1a: Kingambit|Low Kick|p2a: Farigiraf
|-damage|p2a: Farigiraf|0 fnt
|faint|p2a: Farigiraf
|
|upkeep
|-message|praveenkumart236 forfeited.
|
|win|151htyrneh
|raw|151htyrneh's rating: 1718 &rarr; <strong>1736</strong><br />(+18 for winning)
|raw|praveenkumart236's rating: 1684 &rarr; <strong>1666</strong><br />(-18 for losing)
|l|☆praveenkumart236
|player|p2|
|l|☆151htyrneh
|player|p1|
|l| IAteALemon
|j| Navidaterrible
