|j|☆i love skarmory
|j|☆thehi
|t:|1769376732
|gametype|singles
|player|p1|i love skarmory|101|1468
|player|p2|thehi|266|1468
|gen|9
|tier|[Gen 9] OU
|rated|
|rule|HP Percentage Mod: HP is shown in percentages
|rule|Endless Battle Clause: Forcing endless battles is banned
|rule|Species Clause: Limit one of each Pokémon
|rule|OHKO Clause: OHKO moves are banned
|rule|Evasion Items Clause: Evasion items are banned
|rule|Evasion Moves Clause: Evasion moves are banned
|rule|Evasion Abilities Clause: Evasion abilities are banned
|rule|Sleep Moves Clause: Sleep-inducing moves are banned
|clearpoke
|poke|p1|Darkrai|
|poke|p1|Volcanion|
|poke|p1|Great Tusk|
|poke|p1|Scizor, F|
|poke|p1|Iron Valiant|
|poke|p1|Zapdos|
|poke|p2|Gholdengo|
|poke|p2|Tyranitar, M|
|poke|p2|Landorus-Therian, M|
|poke|p2|Corviknight, F|
|poke|p2|Keldeo|
|poke|p2|Raging Bolt|
|teampreview
|
|t:|1769376743
|teamsize|p1|6
|teamsize|p2|6
|start
|switch|p1a: Zapdos|Zapdos|100/100
|switch|p2a: d'Artagnan|Keldeo|100/100
|turn|1
|
|t:|1769376746
|move|p2a: d'Artagnan|Flip Turn|p1a: Zapdos
|-damage|p1a: Zapdos|90/100
|-status|p2a: d'Artagnan|par|[from] ability: Static|[of] p1a: Zapdos
|c|☆thehi|...
|c|☆i love skarmory|GG
|c|☆i love skarmory|glh
|c|☆thehi|I shoudlve js switched
|c|☆i love skarmory|glhf*
|
|t:|1769376762
|switch|p2a: Corleone|Tyranitar, M, shiny|100/100|[from] Flip Turn
|-weather|Sandstorm|[from] ability: Sand Stream|[of] p2a: Corleone
|move|p1a: Zapdos|U-turn|p2a: Corleone
|-supereffective|p2a: Corleone
|-damage|p2a: Corleone|79/100
|
|t:|1769376770
|switch|p1a: Scizor|Scizor, F|100/100|[from] U-turn
|
|-weather|Sandstorm|[upkeep]
|upkeep
|turn|2
|
|t:|1769376774
|switch|p2a: Landy-T|Landorus-Therian, M|100/100
|-ability|p2a: Landy-T|Intimidate|boost
|-unboost|p1a: Scizor|atk|1
|move|p1a: Scizor|Knock Off|p2a: Landy-T
|-damage|p2a: Landy-T|75/100
|-damage|p1a: Scizor|84/100|[from] item: Rocky Helmet|[of] p2a: Landy-T
|-enditem|p2a: Landy-T|Rocky Helmet|[from] move: Knock Off|[of] p1a: Scizor
|
|-weather|Sandstorm|[upkeep]
|upkeep
|turn|3
|
|t:|1769376782
|switch|p1a: Great Tusk|Great Tusk|100/100
|-enditem|p1a: Great Tusk|Booster Energy
|-activate|p1a: Great Tusk|ability: Protosynthesis|[fromitem]
|-start|p1a: Great Tusk|protosynthesisspe
|move|p2a: Landy-T|U-turn|p1a: Great Tusk
|-resisted|p1a: Great Tusk
|-damage|p1a: Great Tusk|93/100
|
|t:|1769376788
|switch|p2a: d'Artagnan|Keldeo|100/100 par|[from] U-turn
|
|-weather|Sandstorm|[upkeep]
|-damage|p2a: d'Artagnan|94/100 par|[from] Sandstorm
|upkeep
|turn|4
|j| gandora10
|
|t:|1769376796
|-end|p1a: Great Tusk|Protosynthesis|[silent]
|switch|p1a: Volcanion|Volcanion|100/100
|cant|p2a: d'Artagnan|par
|
|-weather|Sandstorm|[upkeep]
|-damage|p2a: d'Artagnan|88/100 par|[from] Sandstorm
|-damage|p1a: Volcanion|94/100|[from] Sandstorm
|upkeep
|turn|5
|c|☆thehi|Jdhdhdns
|c|☆i love skarmory|dont damage
|
|t:|1769376812
|move|p2a: d'Artagnan|Aura Sphere|p1a: Volcanion
|-damage|p1a: Volcanion|49/100
|move|p1a: Volcanion|Steam Eruption|p2a: d'Artagnan
|-resisted|p2a: d'Artagnan
|-damage|p2a: d'Artagnan|55/100 par
|
|-weather|none
|upkeep
|turn|6
|
|t:|1769376819
|switch|p1a: Zapdos|Zapdos|90/100
|cant|p2a: d'Artagnan|par
|
|upkeep
|turn|7
|
|t:|1769376828
|switch|p2a: Raging Goat|Raging Bolt|100/100
|move|p1a: Zapdos|U-turn|p2a: Raging Goat
|-damage|p2a: Raging Goat|89/100
|
|t:|1769376845
|switch|p1a: Scizor|Scizor, F|84/100|[from] U-turn
|
|upkeep
|turn|8
|
|t:|1769376855
|move|p1a: Scizor|U-turn|p2a: Raging Goat
|-crit|p2a: Raging Goat
|-damage|p2a: Raging Goat|17/100
|
|t:|1769376860
|switch|p1a: Great Tusk|Great Tusk|93/100|[from] U-turn
|move|p2a: Raging Goat|Thunderbolt|p1a: Great Tusk
|-immune|p1a: Great Tusk
|
|upkeep
|turn|9
|c|☆thehi|Wtf
|
|t:|1769376866
|-end|p2a: Raging Goat|Protosynthesis|[silent]
|switch|p2a: Landy-T|Landorus-Therian, M|75/100
|-ability|p2a: Landy-T|Intimidate|boost
|-unboost|p1a: Great Tusk|atk|1
|move|p1a: Great Tusk|Ice Spinner|p2a: Landy-T
|-supereffective|p2a: Landy-T
|-damage|p2a: Landy-T|27/100
|
|upkeep
|turn|10
|
|t:|1769376870
|switch|p2a: Galarian Skarmory|Corviknight, F, shiny|100/100
|move|p1a: Great Tusk|Stealth Rock|p2a: Galarian Skarmory
|-sidestart|p2: thehi|move: Stealth Rock
|
|upkeep
|turn|11
|
|t:|1769376875
|-end|p1a: Great Tusk|Protosynthesis|[silent]
|switch|p1a: Zapdos|Zapdos|90/100
|move|p2a: Galarian Skarmory|Defog|p1a: Zapdos
|-unboost|p1a: Zapdos|evasion|1
|-sideend|p2: thehi|Stealth Rock|[from] move: Defog|[of] p2a: Galarian Skarmory
|
|upkeep
|turn|12
|
|t:|1769376886
|switch|p2a: Cheestrings|Gholdengo, shiny|100/100
|move|p1a: Zapdos|Discharge|p2a: Cheestrings
|-damage|p2a: Cheestrings|68/100
|-status|p2a: Cheestrings|par
|
|-heal|p2a: Cheestrings|74/100 par|[from] item: Leftovers
|upkeep
|turn|13
|c|☆thehi|BRO
|c|☆i love skarmory|????
|c|☆thehi|Im so done omd
|c|☆i love skarmory|gholdengo???????? you havee tyranitar and landorus
|
|t:|1769376915
|move|p1a: Zapdos|U-turn|p2a: Cheestrings
|-resisted|p2a: Cheestrings
|-damage|p2a: Cheestrings|72/100 par
|
|t:|1769376918
|switch|p1a: Volcanion|Volcanion|49/100|[from] U-turn
|move|p2a: Cheestrings|Nasty Plot|p2a: Cheestrings
|-boost|p2a: Cheestrings|spa|2
|
|-heal|p2a: Cheestrings|78/100 par|[from] item: Leftovers
|upkeep
|turn|14
|c|☆thehi|I need to break thru somehow
|c|☆thehi|And i went ghold bc i can setup
|c|☆thehi|But then i got parad f me
|
|t:|1769376952
|move|p1a: Volcanion|Steam Eruption|p2a: Cheestrings
|-damage|p2a: Cheestrings|16/100 par
|move|p2a: Cheestrings|Shadow Ball|p1a: Volcanion
|-damage|p1a: Volcanion|0 fnt
|faint|p1a: Volcanion
|
|-heal|p2a: Cheestrings|22/100 par|[from] item: Leftovers
|upkeep
|
|t:|1769376969
|switch|p1a: Scizor|Scizor, F|84/100
|turn|15
|
|t:|1769376975
|switch|p2a: Galarian Skarmory|Corviknight, F, shiny|100/100
|move|p1a: Scizor|Knock Off|p2a: Galarian Skarmory
|-damage|p2a: Galarian Skarmory|70/100
|-damage|p1a: Scizor|67/100|[from] item: Rocky Helmet|[of] p2a: Galarian Skarmory
|-enditem|p2a: Galarian Skarmory|Rocky Helmet|[from] move: Knock Off|[of] p1a: Scizor
|
|upkeep
|turn|16
|
|t:|1769376980
|switch|p1a: Zapdos|Zapdos|90/100
|move|p2a: Galarian Skarmory|Roost|p2a: Galarian Skarmory
|-heal|p2a: Galarian Skarmory|100/100
|-singleturn|p2a: Galarian Skarmory|move: Roost
|
|upkeep
|turn|17
|
|t:|1769376986
|switch|p2a: Corleone|Tyranitar, M, shiny|79/100
|-weather|Sandstorm|[from] ability: Sand Stream|[of] p2a: Corleone
|move|p1a: Zapdos|Discharge|p2a: Corleone
|-damage|p2a: Corleone|69/100
|
|-weather|Sandstorm|[upkeep]
|-damage|p1a: Zapdos|84/100|[from] Sandstorm
|upkeep
|turn|18
|
|t:|1769376996
|move|p1a: Zapdos|U-turn|p2a: Corleone
|-supereffective|p2a: Corleone
|-damage|p2a: Corleone|49/100
|
|t:|1769376999
|switch|p1a: Great Tusk|Great Tusk|93/100|[from] U-turn
|move|p2a: Corleone|Stone Edge|p1a: Great Tusk
|-resisted|p1a: Great Tusk
|-damage|p1a: Great Tusk|86/100
|
|-weather|Sandstorm|[upkeep]
|upkeep
|turn|19
|
|t:|1769377006
|switch|p2a: Galarian Skarmory|Corviknight, F, shiny|100/100
|move|p1a: Great Tusk|Stealth Rock|p2a: Galarian Skarmory
|-sidestart|p2: thehi|move: Stealth Rock
|
|-weather|Sandstorm|[upkeep]
|upkeep
|turn|20
|
|t:|1769377011
|-end|p1a: Great Tusk|Protosynthesis|[silent]
|switch|p1a: Zapdos|Zapdos|84/100
|move|p2a: Galarian Skarmory|U-turn|p1a: Zapdos
|-resisted|p1a: Zapdos
|-damage|p1a: Zapdos|79/100
|
|t:|1769377016
|switch|p2a: Corleone|Tyranitar, M, shiny|49/100|[from] U-turn
|-damage|p2a: Corleone|36/100|[from] Stealth Rock
|
|-weather|Sandstorm|[upkeep]
|-damage|p1a: Zapdos|73/100|[from] Sandstorm
|upkeep
|turn|21
|
|t:|1769377019
|move|p1a: Zapdos|U-turn|p2a: Corleone
|-supereffective|p2a: Corleone
|-damage|p2a: Corleone|14/100
|
|t:|1769377022
|switch|p1a: Great Tusk|Great Tusk|86/100|[from] U-turn
|move|p2a: Corleone|Knock Off|p1a: Great Tusk
|-resisted|p1a: Great Tusk
|-damage|p1a: Great Tusk|76/100
|
|-weather|none
|upkeep
|turn|22
|
|t:|1769377028
|move|p1a: Great Tusk|Ice Spinner|p2a: Corleone
|-damage|p2a: Corleone|0 fnt
|faint|p2a: Corleone
|
|upkeep
|
|t:|1769377033
|switch|p2a: d'Artagnan|Keldeo|55/100 par
|-damage|p2a: d'Artagnan|48/100 par|[from] Stealth Rock
|turn|23
|
|t:|1769377041
|move|p1a: Great Tusk|Headlong Rush|p2a: d'Artagnan
|-damage|p2a: d'Artagnan|0 fnt
|-unboost|p1a: Great Tusk|def|1
|-unboost|p1a: Great Tusk|spd|1
|faint|p2a: d'Artagnan
|
|upkeep
|
|t:|1769377045
|switch|p2a: Galarian Skarmory|Corviknight, F, shiny|100/100
|-damage|p2a: Galarian Skarmory|88/100|[from] Stealth Rock
|turn|24
|
|t:|1769377050
|-end|p1a: Great Tusk|Protosynthesis|[silent]
|switch|p1a: Zapdos|Zapdos|73/100
|move|p2a: Galarian Skarmory|Defog|p1a: Zapdos
|-unboost|p1a: Zapdos|evasion|1
|-sideend|p2: thehi|Stealth Rock|[from] move: Defog|[of] p2a: Galarian Skarmory
|
|upkeep
|turn|25
|
|t:|1769377052
|move|p1a: Zapdos|Discharge|p2a: Galarian Skarmory
|-supereffective|p2a: Galarian Skarmory
|-damage|p2a: Galarian Skarmory|23/100
|move|p2a: Galarian Skarmory|U-turn|p1a: Zapdos
|-resisted|p1a: Zapdos
|-damage|p1a: Zapdos|68/100
|
|t:|1769377055
|switch|p2a: Raging Goat|Raging Bolt|17/100|[from] U-turn
|
|upkeep
|turn|26
|c|☆i love skarmory|GG
|
|t:|1769377059
|move|p1a: Zapdos|Hurricane|p2a: Raging Goat
|-resisted|p2a: Raging Goat
|-damage|p2a: Raging Goat|5/100
|move|p2a: Raging Goat|Draco Meteor|p1a: Zapdos
|-damage|p1a: Zapdos|0 fnt
|-unboost|p2a: Raging Goat|spa|2
|faint|p1a: Zapdos
|
|upkeep
|
|t:|1769377064
|switch|p1a: Iron Valiant|Iron Valiant|100/100
|-enditem|p1a: Iron Valiant|Booster Energy
|-activate|p1a: Iron Valiant|ability: Quark Drive|[fromitem]
|-start|p1a: Iron Valiant|quarkdrivespe
|turn|27
|
|t:|1769377069
|-end|p2a: Raging Goat|Protosynthesis|[silent]
|switch|p2a: Galarian Skarmory|Corviknight, F, shiny|23/100
|move|p1a: Iron Valiant|Calm Mind|p1a: Iron Valiant
|-boost|p1a: Iron Valiant|spa|1
|-boost|p1a: Iron Valiant|spd|1
|
|upkeep
|turn|28
|
|t:|1769377073
|move|p1a: Iron Valiant|Thunderbolt|p2a: Galarian Skarmory
|-supereffective|p2a: Galarian Skarmory
|-damage|p2a: Galarian Skarmory|0 fnt
|faint|p2a: Galarian Skarmory
|
|upkeep
|
|t:|1769377081
|switch|p2a: Landy-T|Landorus-Therian, M|27/100
|-ability|p2a: Landy-T|Intimidate|boost
|-unboost|p1a: Iron Valiant|atk|1
|turn|29
|
|t:|1769377083
|move|p1a: Iron Valiant|Moonblast|p2a: Landy-T
|-damage|p2a: Landy-T|0 fnt
|faint|p2a: Landy-T
|
|upkeep
|
|t:|1769377085
|switch|p2a: Cheestrings|Gholdengo, shiny|22/100 par
|turn|30
|
|t:|1769377088
|move|p1a: Iron Valiant|Moonblast|p2a: Cheestrings
|-resisted|p2a: Cheestrings
|-damage|p2a: Cheestrings|0 fnt
|faint|p2a: Cheestrings
|
|upkeep
|
|t:|1769377089
|switch|p2a: Raging Goat|Raging Bolt|5/100
|turn|31
|
|t:|1769377093
|move|p2a: Raging Goat|Thunderclap||[still]
|-fail|p2a: Raging Goat
|move|p1a: Iron Valiant|Calm Mind|p1a: Iron Valiant
|-boost|p1a: Iron Valiant|spa|1
|-boost|p1a: Iron Valiant|spd|1
|
|upkeep
|turn|32
|
|t:|1769377096
|move|p2a: Raging Goat|Thunderclap|p1a: Iron Valiant
|-damage|p1a: Iron Valiant|62/100
|move|p1a: Iron Valiant|Moonblast|p2a: Raging Goat
|-supereffective|p2a: Raging Goat
|-damage|p2a: Raging Goat|0 fnt
|faint|p2a: Raging Goat
|-end|p2a: Raging Goat|Protosynthesis|[silent]
|
|win|i love skarmory
|raw|i love skarmory's rating: 1468 &rarr; <strong>1488</strong><br />(+20 for winning)
|raw|thehi's rating: 1468 &rarr; <strong>1448</strong><br />(-20 for losing)
|l|☆i love skarmory
|player|p1|
|l|☆thehi
|player|p2|
