|j|☆kianchimchar
|j|☆Belike
|t:|1769406260
|gametype|singles
|player|p1|kianchimchar|lucas-gen4pt|1364
|player|p2|Belike|falkner|1329
|gen|9
|tier|[Gen 9] OU
|rated|
|rule|HP Percentage Mod: HP is shown in percentages
|rule|Endless Battle Clause: Forcing endless battles is banned
|rule|Species Clause: Limit one of each Pokémon
|rule|OHKO Clause: OHKO moves are banned
|rule|Evasion Items Clause: Evasion items are banned
|rule|Evasion Moves Clause: Evasion moves are banned
|rule|Evasion Abilities Clause: Evasion abilities are banned
|rule|Sleep Moves Clause: Sleep-inducing moves are banned
|clearpoke
|poke|p1|Dragonite, F|
|poke|p1|Smeargle, F|
|poke|p1|Zoroark-Hisui, F|
|poke|p1|Scizor, M|
|poke|p1|Kyurem|
|poke|p1|Ditto|
|poke|p2|Iron Moth|
|poke|p2|Glimmora, F|
|poke|p2|Heatran, F|
|poke|p2|Lilligant-Hisui, F|
|poke|p2|Torkoal, F|
|poke|p2|Walking Wake|
|teampreview
|inactive|Battle timer is ON: inactive players will automatically lose when time's up. (requested by Belike)
|
|t:|1769406266
|teamsize|p1|6
|teamsize|p2|6
|start
|switch|p1a: Kyurem|Kyurem|100/100
|switch|p2a: Walking Wake|Walking Wake|100/100
|-ability|p1a: Kyurem|Pressure
|turn|1
|
|t:|1769406269
|move|p2a: Walking Wake|Flip Turn|p1a: Kyurem
|-resisted|p1a: Kyurem
|-damage|p1a: Kyurem|93/100
|
|t:|1769406273
|-end|p2a: Walking Wake|Protosynthesis|[silent]
|switch|p2a: Torkoal|Torkoal, F|100/100|[from] Flip Turn
|-weather|SunnyDay|[from] ability: Drought|[of] p2a: Torkoal
|move|p1a: Kyurem|Freeze-Dry|p2a: Torkoal
|-resisted|p2a: Torkoal
|-damage|p2a: Torkoal|78/100
|
|-weather|SunnyDay|[upkeep]
|upkeep
|turn|2
|
|t:|1769406275
|move|p1a: Kyurem|Earth Power|p2a: Torkoal
|-supereffective|p2a: Torkoal
|-damage|p2a: Torkoal|0 fnt
|faint|p2a: Torkoal
|
|-weather|SunnyDay|[upkeep]
|upkeep
|
|t:|1769406281
|switch|p2a: Walking Wake|Walking Wake|100/100
|-activate|p2a: Walking Wake|ability: Protosynthesis
|-start|p2a: Walking Wake|protosynthesisspe
|turn|3
|
|t:|1769406283
|move|p2a: Walking Wake|Draco Meteor|p1a: Kyurem|[miss]
|-miss|p2a: Walking Wake|p1a: Kyurem
|move|p1a: Kyurem|Freeze-Dry|p2a: Walking Wake
|-supereffective|p2a: Walking Wake
|-damage|p2a: Walking Wake|0 fnt
|faint|p2a: Walking Wake
|-end|p2a: Walking Wake|Protosynthesis|[silent]
|
|-weather|SunnyDay|[upkeep]
|upkeep
|
|t:|1769406294
|switch|p2a: Iron Moth|Iron Moth|100/100
|-enditem|p2a: Iron Moth|Booster Energy
|-activate|p2a: Iron Moth|ability: Quark Drive|[fromitem]
|-start|p2a: Iron Moth|quarkdrivespe
|turn|4
|
|t:|1769406299
|-terastallize|p2a: Iron Moth|Fairy
|move|p2a: Iron Moth|Dazzling Gleam|p1a: Kyurem
|-supereffective|p1a: Kyurem
|-damage|p1a: Kyurem|17/100
|move|p1a: Kyurem|Earth Power|p2a: Iron Moth
|-damage|p2a: Iron Moth|72/100
|
|-weather|SunnyDay|[upkeep]
|upkeep
|turn|5
|
|t:|1769406303
|move|p2a: Iron Moth|Fiery Dance|p1a: Kyurem
|-damage|p1a: Kyurem|0 fnt
|faint|p1a: Kyurem
|
|-weather|SunnyDay|[upkeep]
|upkeep
|
|t:|1769406305
|switch|p1a: Scizor|Scizor, M, shiny|100/100
|turn|6
|
|t:|1769406309
|-end|p2a: Iron Moth|Quark Drive|[silent]
|switch|p2a: Heatran|Heatran, F|100/100
|-item|p2a: Heatran|Air Balloon
|move|p1a: Scizor|Trick|p2a: Heatran
|-activate|p1a: Scizor|move: Trick|[of] p2a: Heatran
|-item|p2a: Heatran|Choice Scarf|[from] move: Trick
|-item|p1a: Scizor|Air Balloon
|-item|p1a: Scizor|Air Balloon|[from] move: Trick
|
|-weather|SunnyDay|[upkeep]
|upkeep
|turn|7
|
|t:|1769406313
|move|p1a: Scizor|Shadow Ball|p2a: Heatran
|-damage|p2a: Heatran|64/100
|move|p2a: Heatran|Magma Storm|p1a: Scizor|[miss]
|-miss|p2a: Heatran|p1a: Scizor
|
|-weather|SunnyDay|[upkeep]
|upkeep
|turn|8
|
|t:|1769406317
|move|p1a: Scizor|Shadow Ball|p2a: Heatran
|-damage|p2a: Heatran|29/100
|-unboost|p2a: Heatran|spd|1
|move|p2a: Heatran|Magma Storm|p1a: Scizor
|-damage|p1a: Scizor|0 fnt
|replace|p1a: Zoroark|Zoroark-Hisui, F
|-end|p1a: Zoroark|Illusion
|-enditem|p1a: Zoroark|Air Balloon
|faint|p1a: Zoroark
|
|-weather|none
|upkeep
|
|t:|1769406325
|switch|p1a: Scizor|Scizor, M, shiny|100/100
|turn|9
|
|t:|1769406328
|switch|p1a: Ditto|Ditto|100/100
|-transform|p1a: Ditto|p2a: Heatran|[from] ability: Imposter
|move|p2a: Heatran|Magma Storm|p1a: Ditto
|-damage|p1a: Ditto|21/100
|-activate|p1a: Ditto|move: Magma Storm|[of] p2a: Heatran
|
|-damage|p1a: Ditto|8/100|[from] move: Magma Storm|[partiallytrapped]
|upkeep
|turn|10
|
|t:|1769406349
|move|p2a: Heatran|Magma Storm|p1a: Ditto
|-crit|p1a: Ditto
|-damage|p1a: Ditto|0 fnt
|faint|p1a: Ditto
|
|upkeep
|
|t:|1769406358
|switch|p1a: Smeargle|Smeargle, F|100/100
|turn|11
|
|t:|1769406359
|move|p2a: Heatran|Magma Storm|p1a: Smeargle
|-enditem|p1a: Smeargle|Focus Sash
|-damage|p1a: Smeargle|1/100
|-activate|p1a: Smeargle|move: Magma Storm|[of] p2a: Heatran
|move|p1a: Smeargle|Glare|p2a: Heatran
|-status|p2a: Heatran|par
|
|-damage|p1a: Smeargle|0 fnt|[from] move: Magma Storm|[partiallytrapped]
|faint|p1a: Smeargle
|upkeep
|
|t:|1769406362
|switch|p1a: one man army|Dragonite, F, shiny|100/100
|turn|12
|
|t:|1769406364
|move|p1a: one man army|Dragon Dance|p1a: one man army
|-boost|p1a: one man army|atk|1
|-boost|p1a: one man army|spe|1
|move|p2a: Heatran|Magma Storm|p1a: one man army
|-resisted|p1a: one man army
|-damage|p1a: one man army|89/100
|-activate|p1a: one man army|move: Magma Storm|[of] p2a: Heatran
|
|-heal|p1a: one man army|95/100|[from] item: Leftovers
|-damage|p1a: one man army|83/100|[from] move: Magma Storm|[partiallytrapped]
|upkeep
|turn|13
|
|t:|1769406370
|move|p1a: one man army|Dragon Dance|p1a: one man army
|-boost|p1a: one man army|atk|1
|-boost|p1a: one man army|spe|1
|move|p2a: Heatran|Magma Storm|p1a: one man army
|-resisted|p1a: one man army
|-damage|p1a: one man army|62/100
|
|-heal|p1a: one man army|68/100|[from] item: Leftovers
|-damage|p1a: one man army|56/100|[from] move: Magma Storm|[partiallytrapped]
|upkeep
|turn|14
|
|t:|1769406372
|move|p1a: one man army|Low Kick|p2a: Heatran
|-supereffective|p2a: Heatran
|-damage|p2a: Heatran|0 fnt
|-status|p1a: one man army|brn|[from] ability: Flame Body|[of] p2a: Heatran
|faint|p2a: Heatran
|
|-heal|p1a: one man army|62/100 brn|[from] item: Leftovers
|-damage|p1a: one man army|56/100 brn|[from] brn
|-end|p1a: one man army|Magma Storm|[partiallytrapped]|[silent]
|upkeep
|
|t:|1769406381
|switch|p2a: Iron Moth|Iron Moth, tera:Fairy|72/100
|turn|15
|
|t:|1769406383
|-terastallize|p1a: one man army|Ghost
|move|p1a: one man army|Dragon Dance|p1a: one man army
|-boost|p1a: one man army|atk|1
|-boost|p1a: one man army|spe|1
|move|p2a: Iron Moth|Dazzling Gleam|p1a: one man army
|-damage|p1a: one man army|15/100 brn
|
|-heal|p1a: one man army|21/100 brn|[from] item: Leftovers
|-damage|p1a: one man army|15/100 brn|[from] brn
|upkeep
|turn|16
|
|t:|1769406385
|move|p1a: one man army|Tera Blast|p2a: Iron Moth|[anim] Tera Blast Ghost
|-damage|p2a: Iron Moth|0 fnt
|faint|p2a: Iron Moth
|-end|p2a: Iron Moth|Quark Drive|[silent]
|
|-heal|p1a: one man army|21/100 brn|[from] item: Leftovers
|-damage|p1a: one man army|15/100 brn|[from] brn
|upkeep
|
|t:|1769406390
|switch|p2a: Glimmora|Glimmora, F|100/100
|turn|17
|
|t:|1769406391
|move|p1a: one man army|Tera Blast|p2a: Glimmora|[anim] Tera Blast Ghost
|-damage|p2a: Glimmora|64/100
|-activate|p2a: Glimmora|ability: Toxic Debris
|-sidestart|p1: kianchimchar|move: Toxic Spikes
|move|p2a: Glimmora|Earth Power|p1a: one man army
|-damage|p1a: one man army|0 fnt
|faint|p1a: one man army
|
|upkeep
|
|t:|1769406393
|switch|p1a: Scizor|Scizor, M, shiny|100/100
|turn|18
|
|t:|1769406395
|move|p2a: Glimmora|Earth Power|p1a: Scizor
|-damage|p1a: Scizor|68/100
|move|p1a: Scizor|Swords Dance|p1a: Scizor
|-boost|p1a: Scizor|atk|2
|
|upkeep
|turn|19
|
|t:|1769406397
|move|p1a: Scizor|Bullet Punch|p2a: Glimmora
|-supereffective|p2a: Glimmora
|-crit|p2a: Glimmora
|-damage|p2a: Glimmora|0 fnt
|-activate|p2a: Glimmora|ability: Toxic Debris
|-sidestart|p1: kianchimchar|move: Toxic Spikes
|faint|p2a: Glimmora
|
|upkeep
|
|t:|1769406398
|switch|p2a: Lilligant|Lilligant-Hisui, F|100/100
|turn|20
|
|t:|1769406400
|move|p1a: Scizor|Bullet Punch|p2a: Lilligant
|-damage|p2a: Lilligant|0 fnt
|faint|p2a: Lilligant
|
|win|kianchimchar
|raw|kianchimchar's rating: 1364 &rarr; <strong>1382</strong><br />(+18 for winning)
|raw|Belike's rating: 1329 &rarr; <strong>1311</strong><br />(-18 for losing)
|l|☆kianchimchar
|player|p1|
|l|☆Belike
|player|p2|
