|j|☆Julix12
|j|☆Malcyuu
|t:|1769355396
|gametype|singles
|player|p1|Julix12|1|1286
|player|p2|Malcyuu|169|1351
|gen|9
|tier|[Gen 9] OU
|rated|
|rule|HP Percentage Mod: HP is shown in percentages
|rule|Endless Battle Clause: Forcing endless battles is banned
|rule|Species Clause: Limit one of each Pokémon
|rule|OHKO Clause: OHKO moves are banned
|rule|Evasion Items Clause: Evasion items are banned
|rule|Evasion Moves Clause: Evasion moves are banned
|rule|Evasion Abilities Clause: Evasion abilities are banned
|rule|Sleep Moves Clause: Sleep-inducing moves are banned
|clearpoke
|poke|p1|Grimmsnarl, M|
|poke|p1|Ceruledge, F|
|poke|p1|Great Tusk|
|poke|p1|Zapdos|
|poke|p1|Samurott-Hisui, M|
|poke|p1|Slowking-Galar, M|
|poke|p2|Primarina, M|
|poke|p2|Iron Treads|
|poke|p2|Zamazenta-*|
|poke|p2|Kingdra, M|
|poke|p2|Pelipper, M|
|poke|p2|Toxicroak, M|
|teampreview
|
|t:|1769355426
|teamsize|p1|6
|teamsize|p2|6
|start
|switch|p1a: Zapdos|Zapdos|100/100
|switch|p2a: Toxicroak|Toxicroak, M, shiny|100/100
|turn|1
|
|t:|1769355447
|move|p1a: Zapdos|Hurricane|p2a: Toxicroak
|-supereffective|p2a: Toxicroak
|-damage|p2a: Toxicroak|0 fnt
|faint|p2a: Toxicroak
|
|upkeep
|
|t:|1769355454
|switch|p2a: Pelipper|Pelipper, M, shiny|100/100
|-weather|RainDance|[from] ability: Drizzle|[of] p2a: Pelipper
|turn|2
|
|t:|1769355461
|switch|p2a: Iron Treads|Iron Treads, shiny|100/100
|move|p1a: Zapdos|Discharge|p2a: Iron Treads
|-immune|p2a: Iron Treads
|
|-weather|RainDance|[upkeep]
|upkeep
|turn|3
|
|t:|1769355474
|move|p2a: Iron Treads|Ice Spinner|p1a: Zapdos
|-supereffective|p1a: Zapdos
|-damage|p1a: Zapdos|44/100
|-status|p2a: Iron Treads|par|[from] ability: Static|[of] p1a: Zapdos
|move|p1a: Zapdos|Heat Wave|p2a: Iron Treads
|-supereffective|p2a: Iron Treads
|-damage|p2a: Iron Treads|54/100 par
|
|-weather|RainDance|[upkeep]
|upkeep
|turn|4
|
|t:|1769355483
|-end|p2a: Iron Treads|Quark Drive|[silent]
|switch|p2a: Kingdra|Kingdra, M, shiny|100/100
|move|p1a: Zapdos|Roost|p1a: Zapdos
|-heal|p1a: Zapdos|95/100
|-singleturn|p1a: Zapdos|move: Roost
|
|-weather|RainDance|[upkeep]
|upkeep
|turn|5
|
|t:|1769355494
|move|p2a: Kingdra|Weather Ball|p1a: Zapdos
|-damage|p1a: Zapdos|0 fnt
|faint|p1a: Zapdos
|-damage|p2a: Kingdra|91/100|[from] item: Life Orb
|
|-weather|RainDance|[upkeep]
|upkeep
|
|t:|1769355522
|switch|p1a: Grimmsnarl|Grimmsnarl, M|100/100
|turn|6
|
|t:|1769355548
|switch|p2a: Primarina|Primarina, M, shiny|100/100
|move|p1a: Grimmsnarl|Light Screen|p1a: Grimmsnarl
|-sidestart|p1: Julix12|move: Light Screen
|
|-weather|RainDance|[upkeep]
|upkeep
|turn|7
|
|t:|1769355553
|move|p1a: Grimmsnarl|Taunt|p2a: Primarina
|-start|p2a: Primarina|move: Taunt
|move|p2a: Primarina|Whirlpool|p1a: Grimmsnarl
|-damage|p1a: Grimmsnarl|80/100
|-activate|p1a: Grimmsnarl|move: Whirlpool|[of] p2a: Primarina
|
|-weather|RainDance|[upkeep]
|-damage|p1a: Grimmsnarl|68/100|[from] move: Whirlpool|[partiallytrapped]
|upkeep
|turn|8
|
|t:|1769355565
|move|p1a: Grimmsnarl|Reflect|p1a: Grimmsnarl
|-sidestart|p1: Julix12|Reflect
|move|p2a: Primarina|Psychic Noise|p1a: Grimmsnarl
|-damage|p1a: Grimmsnarl|26/100
|-start|p1a: Grimmsnarl|move: Heal Block
|
|-weather|RainDance|[upkeep]
|-damage|p1a: Grimmsnarl|13/100|[from] move: Whirlpool|[partiallytrapped]
|upkeep
|turn|9
|
|t:|1769355593
|move|p1a: Grimmsnarl|Low Kick|p2a: Primarina
|-resisted|p2a: Primarina
|-damage|p2a: Primarina|85/100
|move|p2a: Primarina|Psychic Noise|p1a: Grimmsnarl
|-damage|p1a: Grimmsnarl|0 fnt
|faint|p1a: Grimmsnarl
|
|-weather|none
|-heal|p2a: Primarina|91/100|[from] item: Leftovers
|-end|p2a: Primarina|move: Taunt
|upkeep
|
|t:|1769355614
|switch|p1a: Great Tusk|Great Tusk|100/100
|turn|10
|
|t:|1769355620
|switch|p2a: Pelipper|Pelipper, M, shiny|100/100
|-weather|RainDance|[from] ability: Drizzle|[of] p2a: Pelipper
|move|p1a: Great Tusk|Headlong Rush|p2a: Pelipper
|-immune|p2a: Pelipper
|
|-weather|RainDance|[upkeep]
|upkeep
|turn|11
|
|t:|1769355629
|move|p1a: Great Tusk|Stealth Rock|p2a: Pelipper
|-sidestart|p2: Malcyuu|move: Stealth Rock
|move|p2a: Pelipper|U-turn|p1a: Great Tusk
|-resisted|p1a: Great Tusk
|-damage|p1a: Great Tusk|99/100
|
|t:|1769355642
|switch|p2a: Kingdra|Kingdra, M, shiny|91/100|[from] U-turn
|-damage|p2a: Kingdra|78/100|[from] Stealth Rock
|
|-weather|RainDance|[upkeep]
|upkeep
|turn|12
|
|t:|1769355662
|-end|p1a: Great Tusk|Protosynthesis|[silent]
|switch|p1a: Slowking|Slowking-Galar, M|100/100
|move|p2a: Kingdra|Weather Ball|p1a: Slowking
|-crit|p1a: Slowking
|-damage|p1a: Slowking|42/100
|-damage|p2a: Kingdra|68/100|[from] item: Life Orb
|
|-weather|RainDance|[upkeep]
|upkeep
|turn|13
|
|t:|1769355678
|-terastallize|p1a: Slowking|Grass
|move|p2a: Kingdra|Draco Meteor|p1a: Slowking
|-damage|p1a: Slowking|25/100
|-unboost|p2a: Kingdra|spa|2
|-damage|p2a: Kingdra|58/100|[from] item: Life Orb
|move|p1a: Slowking|Sludge Bomb|p2a: Kingdra
|-damage|p2a: Kingdra|14/100
|
|-weather|RainDance|[upkeep]
|-sideend|p1: Julix12|move: Light Screen
|upkeep
|turn|14
|
|t:|1769355697
|move|p2a: Kingdra|Hurricane|p1a: Slowking
|-supereffective|p1a: Slowking
|-damage|p1a: Slowking|5/100
|-start|p1a: Slowking|confusion
|-damage|p2a: Kingdra|4/100|[from] item: Life Orb
|-activate|p1a: Slowking|confusion
|move|p1a: Slowking|Ice Beam|p2a: Kingdra
|-damage|p2a: Kingdra|0 fnt
|faint|p2a: Kingdra
|
|-weather|RainDance|[upkeep]
|upkeep
|
|t:|1769355709
|switch|p2a: Primarina|Primarina, M, shiny|91/100
|-damage|p2a: Primarina|78/100|[from] Stealth Rock
|turn|15
|
|t:|1769355717
|switch|p1a: Great Tusk|Great Tusk|99/100
|move|p2a: Primarina|Moonblast|p1a: Great Tusk
|-supereffective|p1a: Great Tusk
|-damage|p1a: Great Tusk|0 fnt
|faint|p1a: Great Tusk
|-end|p1a: Great Tusk|Protosynthesis|[silent]
|
|-weather|RainDance|[upkeep]
|-heal|p2a: Primarina|84/100|[from] item: Leftovers
|-sideend|p1: Julix12|Reflect
|upkeep
|
|t:|1769355729
|switch|p1a: Slowking|Slowking-Galar, M, tera:Grass|38/100
|turn|16
|
|t:|1769355749
|switch|p2a: Iron Treads|Iron Treads, shiny|54/100 par
|switch|p1a: Samurott|Samurott-Hisui, M|100/100
|
|-weather|RainDance|[upkeep]
|upkeep
|turn|17
|
|t:|1769355759
|move|p1a: Samurott|Ceaseless Edge|p2a: Iron Treads
|-damage|p2a: Iron Treads|2/100 par
|-sidestart|p2: Malcyuu|Spikes
|cant|p2a: Iron Treads|par
|
|-weather|none
|upkeep
|turn|18
|
|t:|1769355767
|move|p1a: Samurott|Ceaseless Edge|p2a: Iron Treads
|-damage|p2a: Iron Treads|0 fnt
|-sidestart|p2: Malcyuu|Spikes
|faint|p2a: Iron Treads
|-end|p2a: Iron Treads|Quark Drive|[silent]
|
|upkeep
|
|t:|1769355775
|switch|p2a: Zamazenta|Zamazenta|100/100
|-damage|p2a: Zamazenta|94/100|[from] Stealth Rock
|-damage|p2a: Zamazenta|78/100|[from] Spikes
|-ability|p2a: Zamazenta|Dauntless Shield|boost
|-boost|p2a: Zamazenta|def|1
|turn|19
|
|t:|1769355780
|move|p2a: Zamazenta|Iron Defense|p2a: Zamazenta
|-boost|p2a: Zamazenta|def|2
|move|p1a: Samurott|Knock Off|p2a: Zamazenta
|-resisted|p2a: Zamazenta
|-damage|p2a: Zamazenta|70/100
|-enditem|p2a: Zamazenta|Leftovers|[from] move: Knock Off|[of] p1a: Samurott
|
|upkeep
|turn|20
|
|t:|1769355798
|switch|p2a: Pelipper|Pelipper, M, shiny|100/100
|-damage|p2a: Pelipper|76/100|[from] Stealth Rock
|-weather|RainDance|[from] ability: Drizzle|[of] p2a: Pelipper
|move|p1a: Samurott|Flip Turn|p2a: Pelipper
|-resisted|p2a: Pelipper
|-damage|p2a: Pelipper|51/100
|
|t:|1769355809
|switch|p1a: Slowking|Slowking-Galar, M, tera:Grass|72/100|[from] Flip Turn
|
|-weather|RainDance|[upkeep]
|upkeep
|turn|21
|
|t:|1769355816
|switch|p1a: Samurott|Samurott-Hisui, M|100/100
|move|p2a: Pelipper|Ice Beam|p1a: Samurott
|-resisted|p1a: Samurott
|-damage|p1a: Samurott|86/100
|
|-weather|RainDance|[upkeep]
|upkeep
|turn|22
|
|t:|1769355822
|move|p1a: Samurott|Ceaseless Edge|p2a: Pelipper
|-damage|p2a: Pelipper|0 fnt
|-sidestart|p2: Malcyuu|Spikes
|faint|p2a: Pelipper
|
|-weather|RainDance|[upkeep]
|upkeep
|
|t:|1769355838
|switch|p2a: Zamazenta|Zamazenta|70/100
|-damage|p2a: Zamazenta|64/100|[from] Stealth Rock
|-damage|p2a: Zamazenta|39/100|[from] Spikes
|turn|23
|
|t:|1769355842
|move|p2a: Zamazenta|Iron Defense|p2a: Zamazenta
|-boost|p2a: Zamazenta|def|2
|move|p1a: Samurott|Flip Turn|p2a: Zamazenta
|-damage|p2a: Zamazenta|22/100
|
|t:|1769355844
|switch|p1a: Slowking|Slowking-Galar, M, tera:Grass|100/100|[from] Flip Turn
|
|-weather|RainDance|[upkeep]
|upkeep
|turn|24
|
|t:|1769355853
|-terastallize|p2a: Zamazenta|Steel
|move|p2a: Zamazenta|Body Press|p1a: Slowking
|-damage|p1a: Slowking|8/100
|move|p1a: Slowking|Psychic Noise|p2a: Zamazenta
|-resisted|p2a: Zamazenta
|-damage|p2a: Zamazenta|6/100
|-start|p2a: Zamazenta|move: Heal Block
|
|-weather|RainDance|[upkeep]
|upkeep
|turn|25
|
|t:|1769355866
|switch|p1a: Ceruledge|Ceruledge, F|100/100
|move|p2a: Zamazenta|Crunch|p1a: Ceruledge
|-supereffective|p1a: Ceruledge
|-damage|p1a: Ceruledge|41/100
|-unboost|p1a: Ceruledge|def|1
|-ability|p1a: Ceruledge|Weak Armor|boost
|-unboost|p1a: Ceruledge|def|1
|-boost|p1a: Ceruledge|spe|2
|
|-weather|RainDance|[upkeep]
|-end|p2a: Zamazenta|move: Heal Block
|upkeep
|turn|26
|
|t:|1769355873
|move|p1a: Ceruledge|Shadow Sneak|p2a: Zamazenta
|-damage|p2a: Zamazenta|0 fnt
|faint|p2a: Zamazenta
|-damage|p1a: Ceruledge|31/100|[from] item: Life Orb
|
|-weather|RainDance|[upkeep]
|upkeep
|
|t:|1769355876
|switch|p2a: Primarina|Primarina, M, shiny|84/100
|-damage|p2a: Primarina|72/100|[from] Stealth Rock
|-damage|p2a: Primarina|47/100|[from] Spikes
|turn|27
|
|t:|1769355882
|move|p1a: Ceruledge|Poltergeist|p2a: Primarina
|-activate|p2a: Primarina|move: Poltergeist|Leftovers
|-damage|p2a: Primarina|0 fnt
|faint|p2a: Primarina
|-damage|p1a: Ceruledge|21/100|[from] item: Life Orb
|
|win|Julix12
|raw|Julix12's rating: 1286 &rarr; <strong>1316</strong><br />(+30 for winning)
|raw|Malcyuu's rating: 1351 &rarr; <strong>1327</strong><br />(-24 for losing)
|c|☆Julix12|gg
