|j|☆SpDy Test
|j|☆dihhmonster
|t:|1769412844
|gametype|singles
|player|p1|SpDy Test|unknown|1132
|player|p2|dihhmonster|swimmerf-gen4dp|1164
|gen|9
|tier|[Gen 9] OU
|rated|
|rule|HP Percentage Mod: HP is shown in percentages
|rule|Endless Battle Clause: Forcing endless battles is banned
|rule|Species Clause: Limit one of each Pokémon
|rule|OHKO Clause: OHKO moves are banned
|rule|Evasion Items Clause: Evasion items are banned
|rule|Evasion Moves Clause: Evasion moves are banned
|rule|Evasion Abilities Clause: Evasion abilities are banned
|rule|Sleep Moves Clause: Sleep-inducing moves are banned
|clearpoke
|poke|p1|Gholdengo|
|poke|p1|Cyclizar, F|
|poke|p1|Slowking-Galar, M|
|poke|p1|Dragonite, F|
|poke|p1|Alomomola, M|
|poke|p1|Clefable, M|
|poke|p2|Kyurem|
|poke|p2|Cinderace, F|
|poke|p2|Slowking-Galar, F|
|poke|p2|Kingambit, M|
|poke|p2|Iron Valiant|
|poke|p2|Landorus-Therian, M|
|teampreview
|inactive|Battle timer is ON: inactive players will automatically lose when time's up. (requested by SpDy Test)
|inactive|dihhmonster also wants the timer to be on.
|
|t:|1769412868
|teamsize|p1|6
|teamsize|p2|6
|start
|switch|p1a: Alomomola|Alomomola, M|100/100
|switch|p2a: Landorus|Landorus-Therian, M|100/100
|-ability|p2a: Landorus|Intimidate|boost
|-unboost|p1a: Alomomola|atk|1
|turn|1
|
|t:|1769412874
|move|p2a: Landorus|Taunt|p1a: Alomomola
|-start|p1a: Alomomola|move: Taunt
|move|p1a: Alomomola|Ice Beam|p2a: Landorus
|-supereffective|p2a: Landorus
|-damage|p2a: Landorus|57/100
|
|upkeep
|turn|2
|
|t:|1769412888
|switch|p2a: Slowking|Slowking-Galar, F|100/100
|move|p1a: Alomomola|Scald|p2a: Slowking
|-damage|p2a: Slowking|92/100
|-status|p2a: Slowking|brn
|
|-damage|p2a: Slowking|86/100 brn|[from] brn
|upkeep
|turn|3
|
|t:|1769412895
|move|p1a: Alomomola|Flip Turn|p2a: Slowking
|-damage|p2a: Slowking|75/100 brn
|
|t:|1769412899
|switch|p1a: Slowking|Slowking-Galar, M|100/100|[from] Flip Turn
|-prepare|p2a: Slowking|Chilly Reception|[premajor]
|move|p2a: Slowking|Chilly Reception|p2a: Slowking
|-weather|Snowscape
|
|t:|1769412906
|switch|p2a: Kingambit|Kingambit, M|100/100|[from] Chilly Reception
|
|-weather|Snowscape|[upkeep]
|upkeep
|turn|4
|
|t:|1769412921
|switch|p1a: Alomomola|Alomomola, M|100/100
|move|p2a: Kingambit|Swords Dance|p2a: Kingambit
|-boost|p2a: Kingambit|atk|2
|
|-weather|Snowscape|[upkeep]
|upkeep
|turn|5
|
|t:|1769412939
|move|p2a: Kingambit|Kowtow Cleave|p1a: Alomomola
|-damage|p1a: Alomomola|48/100
|move|p1a: Alomomola|Scald|p2a: Kingambit
|-damage|p2a: Kingambit|88/100
|
|-weather|Snowscape|[upkeep]
|-heal|p2a: Kingambit|94/100|[from] item: Leftovers
|upkeep
|turn|6
|
|t:|1769412950
|switch|p1a: Clefable|Clefable, M|100/100
|move|p2a: Kingambit|Swords Dance|p2a: Kingambit
|-boost|p2a: Kingambit|atk|2
|
|-weather|Snowscape|[upkeep]
|-heal|p2a: Kingambit|99/100|[from] item: Leftovers
|upkeep
|turn|7
|
|t:|1769412958
|move|p1a: Clefable|Encore|p2a: Kingambit
|-start|p2a: Kingambit|Encore
|move|p2a: Kingambit|Swords Dance|p2a: Kingambit
|-boost|p2a: Kingambit|atk|2
|
|-weather|none
|-heal|p2a: Kingambit|100/100|[from] item: Leftovers
|upkeep
|turn|8
|
|t:|1769412965
|switch|p1a: Gholdengo|Gholdengo|100/100
|move|p2a: Kingambit|Swords Dance|p2a: Kingambit
|-boost|p2a: Kingambit|atk|0
|
|upkeep
|turn|9
|
|t:|1769412977
|move|p1a: Gholdengo|Trick|p2a: Kingambit
|-activate|p1a: Gholdengo|move: Trick|[of] p2a: Kingambit
|-item|p2a: Kingambit|Choice Specs|[from] move: Trick
|-item|p1a: Gholdengo|Leftovers|[from] move: Trick
|move|p2a: Kingambit|Swords Dance|p2a: Kingambit
|-boost|p2a: Kingambit|atk|0
|
|-end|p2a: Kingambit|Encore
|upkeep
|turn|10
|
|t:|1769413003
|switch|p1a: Slowking|Slowking-Galar, M|100/100
|-end|p2a: Kingambit|fallenundefined|[silent]
|switch|p2a: Landorus|Landorus-Therian, M|57/100
|-ability|p2a: Landorus|Intimidate|boost
|-unboost|p1a: Slowking|atk|1
|
|upkeep
|turn|11
|
|t:|1769413009
|move|p2a: Landorus|Taunt|p1a: Slowking
|-start|p1a: Slowking|move: Taunt
|move|p1a: Slowking|Ice Beam|p2a: Landorus
|-supereffective|p2a: Landorus
|-damage|p2a: Landorus|0 fnt
|faint|p2a: Landorus
|
|upkeep
|
|t:|1769413017
|switch|p2a: Kingambit|Kingambit, M|100/100
|-activate|p2a: Kingambit|ability: Supreme Overlord
|-start|p2a: Kingambit|fallen1|[silent]
|turn|12
|
|t:|1769413023
|switch|p1a: Alomomola|Alomomola, M|81/100
|move|p2a: Kingambit|Iron Head|p1a: Alomomola
|-resisted|p1a: Alomomola
|-damage|p1a: Alomomola|68/100
|
|upkeep
|turn|13
|
|t:|1769413030
|-end|p2a: Kingambit|fallen1|[silent]
|switch|p2a: Kyurem|Kyurem|100/100
|-ability|p2a: Kyurem|Pressure
|move|p1a: Alomomola|Scald|p2a: Kyurem
|-resisted|p2a: Kyurem
|-damage|p2a: Kyurem|94/100
|
|upkeep
|turn|14
|
|t:|1769413044
|switch|p1a: Slowking|Slowking-Galar, M|100/100
|move|p2a: Kyurem|Freeze-Dry|p1a: Slowking
|-damage|p1a: Slowking|79/100
|-status|p1a: Slowking|frz
|
|upkeep
|turn|15
|
|t:|1769413059
|move|p2a: Kyurem|Freeze-Dry|p1a: Slowking
|-damage|p1a: Slowking|59/100 frz
|-curestatus|p1a: Slowking|frz|[msg]
|move|p1a: Slowking|Future Sight|p2a: Kyurem
|-start|p1a: Slowking|move: Future Sight
|
|upkeep
|turn|16
|
|t:|1769413072
|switch|p2a: Kingambit|Kingambit, M|100/100
|-activate|p2a: Kingambit|ability: Supreme Overlord
|-start|p2a: Kingambit|fallen1|[silent]
|move|p1a: Slowking|Sludge Bomb|p2a: Kingambit
|-immune|p2a: Kingambit
|
|upkeep
|turn|17
|
|t:|1769413082
|switch|p1a: Alomomola|Alomomola, M|100/100
|move|p2a: Kingambit|Kowtow Cleave|p1a: Alomomola
|-damage|p1a: Alomomola|68/100
|
|-end|p2a: Kingambit|move: Future Sight
|-immune|p2a: Kingambit
|upkeep
|turn|18
|
|t:|1769413088
|move|p2a: Kingambit|Kowtow Cleave|p1a: Alomomola
|-damage|p1a: Alomomola|40/100
|move|p1a: Alomomola|Scald|p2a: Kingambit
|-damage|p2a: Kingambit|86/100
|
|upkeep
|turn|19
|
|t:|1769413096
|switch|p1a: Clefable|Clefable, M|100/100
|move|p2a: Kingambit|Kowtow Cleave|p1a: Clefable
|-resisted|p1a: Clefable
|-crit|p1a: Clefable
|-damage|p1a: Clefable|42/100
|
|upkeep
|turn|20
|
|t:|1769413108
|move|p1a: Clefable|Moonlight|p1a: Clefable
|-heal|p1a: Clefable|92/100
|move|p2a: Kingambit|Kowtow Cleave|p1a: Clefable
|-resisted|p1a: Clefable
|-damage|p1a: Clefable|55/100
|
|upkeep
|turn|21
|
|t:|1769413116
|switch|p1a: Alomomola|Alomomola, M|73/100
|-end|p2a: Kingambit|fallen1|[silent]
|switch|p2a: Cinderace|Cinderace, F|100/100
|
|upkeep
|turn|22
|
|t:|1769413126
|move|p2a: Cinderace|U-turn|p1a: Alomomola
|-start|p2a: Cinderace|typechange|Bug|[from] ability: Libero
|-damage|p1a: Alomomola|55/100
|
|t:|1769413132
|switch|p2a: Kyurem|Kyurem|94/100|[from] U-turn
|-ability|p2a: Kyurem|Pressure
|move|p1a: Alomomola|Flip Turn|p2a: Kyurem
|-resisted|p2a: Kyurem
|-damage|p2a: Kyurem|86/100
|
|t:|1769413142
|switch|p1a: Gholdengo|Gholdengo|100/100|[from] Flip Turn
|
|upkeep
|turn|23
|
|t:|1769413146
|move|p2a: Kyurem|Earth Power|p1a: Gholdengo
|-supereffective|p1a: Gholdengo
|-damage|p1a: Gholdengo|0 fnt
|faint|p1a: Gholdengo
|
|upkeep
|
|t:|1769413156
|switch|p1a: Cyclizar|Cyclizar, F|100/100
|turn|24
|
|t:|1769413170
|switch|p2a: Cinderace|Cinderace, F|100/100
|move|p1a: Cyclizar|U-turn|p2a: Cinderace
|-resisted|p2a: Cinderace
|-damage|p2a: Cinderace|88/100
|
|t:|1769413174
|switch|p1a: Dragonite|Dragonite, F|100/100|[from] U-turn
|
|upkeep
|turn|25
|
|t:|1769413181
|move|p2a: Cinderace|U-turn|p1a: Dragonite
|-start|p2a: Cinderace|typechange|Bug|[from] ability: Libero
|-resisted|p1a: Dragonite
|-crit|p1a: Dragonite
|-damage|p1a: Dragonite|85/100
|
|t:|1769413186
|switch|p2a: Iron Valiant|Iron Valiant, shiny|100/100|[from] U-turn
|-enditem|p2a: Iron Valiant|Booster Energy
|-activate|p2a: Iron Valiant|ability: Quark Drive|[fromitem]
|-start|p2a: Iron Valiant|quarkdrivespe
|move|p1a: Dragonite|Earthquake|p2a: Iron Valiant
|-damage|p2a: Iron Valiant|46/100
|
|upkeep
|turn|26
|
|t:|1769413205
|switch|p1a: Slowking|Slowking-Galar, M|92/100
|move|p2a: Iron Valiant|Moonblast|p1a: Slowking
|-resisted|p1a: Slowking
|-damage|p1a: Slowking|83/100
|-unboost|p1a: Slowking|spa|1
|
|upkeep
|turn|27
|l|☆dihhmonster
|inactive|dihhmonster disconnected and has a minute to reconnect!
|player|p2|
|inactive|dihhmonster has 30 seconds to reconnect!
|inactive|dihhmonster has 20 seconds to reconnect!
|inactive|dihhmonster has 15 seconds to reconnect!
|inactive|dihhmonster has 10 seconds to reconnect!
|inactive|dihhmonster has 5 seconds to reconnect!
|-message|dihhmonster lost due to inactivity.
|
|win|SpDy Test
|raw|SpDy Test's rating: 1132 &rarr; <strong>1159</strong><br />(+27 for winning)
|raw|dihhmonster's rating: 1164 &rarr; <strong>1137</strong><br />(-27 for losing)
|j|☆dihhmonster
|player|p2|dihhmonster|swimmerf-gen4dp|
|l|☆dihhmonster
|player|p2|
