|j|☆Silent1ine
|j|☆monoev
|t:|1769296477
|gametype|singles
|player|p1|Silent1ine|palmer|1402
|player|p2|monoev|youngcouple-gen4dp|1348
|gen|9
|tier|[Gen 9] OU
|rated|
|rule|HP Percentage Mod: HP is shown in percentages
|rule|Endless Battle Clause: Forcing endless battles is banned
|rule|Species Clause: Limit one of each Pokémon
|rule|OHKO Clause: OHKO moves are banned
|rule|Evasion Items Clause: Evasion items are banned
|rule|Evasion Moves Clause: Evasion moves are banned
|rule|Evasion Abilities Clause: Evasion abilities are banned
|rule|Sleep Moves Clause: Sleep-inducing moves are banned
|clearpoke
|poke|p1|Kingambit, M|
|poke|p1|Deoxys-Speed|
|poke|p1|Great Tusk|
|poke|p1|Iron Valiant|
|poke|p1|Ceruledge, M|
|poke|p1|Ogerpon-Wellspring, F|
|poke|p2|Ceruledge, F|
|poke|p2|Corviknight, F|
|poke|p2|Chansey, F|
|poke|p2|Greninja-*, M|
|poke|p2|Rhyperior, F|
|poke|p2|Dragapult, F|
|teampreview
|inactive|Battle timer is ON: inactive players will automatically lose when time's up. (requested by monoev)
|
|t:|1769296489
|teamsize|p1|6
|teamsize|p2|6
|start
|switch|p1a: Vert Approves|Deoxys-Speed|100/100
|switch|p2a: Dragapult|Dragapult, F|100/100
|-ability|p1a: Vert Approves|Pressure
|turn|1
|
|t:|1769296503
|switch|p1a: King Von|Kingambit, M|100/100
|switch|p2a: Chansey|Chansey, F|100/100
|
|upkeep
|turn|2
|
|t:|1769296510
|move|p1a: King Von|Swords Dance|p1a: King Von
|-boost|p1a: King Von|atk|2
|move|p2a: Chansey|Charm|p1a: King Von
|-unboost|p1a: King Von|atk|2
|
|upkeep
|turn|3
|
|t:|1769296513
|move|p2a: Chansey|Thunder Wave|p1a: King Von
|-status|p1a: King Von|par
|cant|p1a: King Von|par
|
|upkeep
|turn|4
|
|t:|1769296515
|move|p2a: Chansey|Charm|p1a: King Von
|-unboost|p1a: King Von|atk|2
|move|p1a: King Von|Swords Dance|p1a: King Von
|-boost|p1a: King Von|atk|2
|
|upkeep
|turn|5
|
|t:|1769296522
|-end|p1a: King Von|fallenundefined|[silent]
|switch|p1a: IB-01|Iron Valiant|100/100
|-enditem|p1a: IB-01|Booster Energy
|-activate|p1a: IB-01|ability: Quark Drive|[fromitem]
|-start|p1a: IB-01|quarkdrivespe
|move|p2a: Chansey|Charm|p1a: IB-01
|-unboost|p1a: IB-01|atk|2
|
|upkeep
|turn|6
|
|t:|1769296524
|move|p1a: IB-01|Encore|p2a: Chansey
|-start|p2a: Chansey|Encore
|move|p2a: Chansey|Charm|p1a: IB-01
|-unboost|p1a: IB-01|atk|2
|
|upkeep
|turn|7
|
|t:|1769296530
|move|p1a: IB-01|Calm Mind|p1a: IB-01
|-boost|p1a: IB-01|spa|1
|-boost|p1a: IB-01|spd|1
|move|p2a: Chansey|Charm|p1a: IB-01
|-unboost|p1a: IB-01|atk|2
|
|upkeep
|turn|8
|
|t:|1769296532
|move|p1a: IB-01|Calm Mind|p1a: IB-01
|-boost|p1a: IB-01|spa|1
|-boost|p1a: IB-01|spd|1
|move|p2a: Chansey|Charm|p1a: IB-01
|-unboost|p1a: IB-01|atk|0
|
|-end|p2a: Chansey|Encore
|upkeep
|turn|9
|
|t:|1769296534
|move|p1a: IB-01|Encore|p2a: Chansey
|-start|p2a: Chansey|Encore
|move|p2a: Chansey|Charm|p1a: IB-01
|-unboost|p1a: IB-01|atk|0
|
|upkeep
|turn|10
|c|☆monoev|well
|c|☆monoev|you may have this one
|
|t:|1769296555
|move|p1a: IB-01|Calm Mind|p1a: IB-01
|-boost|p1a: IB-01|spa|1
|-boost|p1a: IB-01|spd|1
|move|p2a: Chansey|Charm|p1a: IB-01
|-unboost|p1a: IB-01|atk|0
|
|upkeep
|turn|11
|
|t:|1769296557
|move|p1a: IB-01|Calm Mind|p1a: IB-01
|-boost|p1a: IB-01|spa|1
|-boost|p1a: IB-01|spd|1
|move|p2a: Chansey|Charm|p1a: IB-01
|-unboost|p1a: IB-01|atk|0
|
|-end|p2a: Chansey|Encore
|upkeep
|turn|12
|
|t:|1769296561
|switch|p2a: Corviknight|Corviknight, F|100/100
|move|p1a: IB-01|Encore||[still]
|-fail|p1a: IB-01
|
|upkeep
|turn|13
|
|t:|1769296564
|switch|p2a: Chansey|Chansey, F|100/100
|-terastallize|p1a: IB-01|Ghost
|move|p1a: IB-01|Shadow Ball|p2a: Chansey
|-immune|p2a: Chansey
|
|upkeep
|turn|14
|
|t:|1769296568
|move|p1a: IB-01|Moonblast|p2a: Chansey
|-damage|p2a: Chansey|56/100
|-unboost|p2a: Chansey|spa|1
|move|p2a: Chansey|Thunder Wave|p1a: IB-01
|-status|p1a: IB-01|par
|
|upkeep
|turn|15
|
|t:|1769296571
|move|p1a: IB-01|Moonblast|p2a: Chansey
|-damage|p2a: Chansey|14/100
|move|p2a: Chansey|Soft-Boiled|p2a: Chansey
|-heal|p2a: Chansey|65/100
|
|upkeep
|turn|16
|
|t:|1769296580
|move|p1a: IB-01|Moonblast|p2a: Chansey
|-damage|p2a: Chansey|24/100
|-unboost|p2a: Chansey|spa|1
|move|p2a: Chansey|Soft-Boiled|p2a: Chansey
|-heal|p2a: Chansey|74/100
|
|upkeep
|turn|17
|
|t:|1769296585
|move|p1a: IB-01|Calm Mind|p1a: IB-01
|-boost|p1a: IB-01|spa|1
|-boost|p1a: IB-01|spd|1
|move|p2a: Chansey|Thunder Wave|p1a: IB-01
|-fail|p1a: IB-01|par
|
|upkeep
|turn|18
|
|t:|1769296591
|cant|p1a: IB-01|par
|move|p2a: Chansey|Charm|p1a: IB-01
|-unboost|p1a: IB-01|atk|0
|
|upkeep
|turn|19
|
|t:|1769296606
|move|p1a: IB-01|Calm Mind|p1a: IB-01
|-boost|p1a: IB-01|spa|1
|-boost|p1a: IB-01|spd|1
|move|p2a: Chansey|Soft-Boiled|p2a: Chansey
|-heal|p2a: Chansey|100/100
|
|upkeep
|turn|20
|
|t:|1769296616
|cant|p1a: IB-01|par
|move|p2a: Chansey|Seismic Toss|p1a: IB-01
|-immune|p1a: IB-01
|
|upkeep
|turn|21
|
|t:|1769296630
|move|p1a: IB-01|Moonblast|p2a: Chansey
|-damage|p2a: Chansey|41/100
|move|p2a: Chansey|Soft-Boiled|p2a: Chansey
|-heal|p2a: Chansey|91/100
|
|upkeep
|turn|22
|
|t:|1769296635
|cant|p1a: IB-01|par
|move|p2a: Chansey|Thunder Wave|p1a: IB-01
|-fail|p1a: IB-01|par
|
|upkeep
|turn|23
|
|t:|1769296637
|move|p1a: IB-01|Moonblast|p2a: Chansey
|-damage|p2a: Chansey|35/100
|move|p2a: Chansey|Soft-Boiled|p2a: Chansey
|-heal|p2a: Chansey|85/100
|
|upkeep
|turn|24
|
|t:|1769296641
|cant|p1a: IB-01|par
|move|p2a: Chansey|Soft-Boiled|p2a: Chansey
|-heal|p2a: Chansey|100/100
|
|upkeep
|turn|25
|
|t:|1769296643
|move|p1a: IB-01|Moonblast|p2a: Chansey
|-damage|p2a: Chansey|46/100
|move|p2a: Chansey|Thunder Wave|p1a: IB-01
|-fail|p1a: IB-01|par
|
|upkeep
|turn|26
|
|t:|1769296646
|move|p1a: IB-01|Moonblast|p2a: Chansey
|-damage|p2a: Chansey|0 fnt
|faint|p2a: Chansey
|
|upkeep
|
|t:|1769296673
|switch|p2a: Rhyperior|Rhyperior, F|100/100
|turn|27
|
|t:|1769296693
|move|p1a: IB-01|Moonblast|p2a: Rhyperior
|-damage|p2a: Rhyperior|0 fnt
|faint|p2a: Rhyperior
|
|upkeep
|
|t:|1769296698
|switch|p2a: Greninja|Greninja, M|100/100
|turn|28
|
|t:|1769296708
|move|p2a: Greninja|Dark Pulse|p1a: IB-01
|-supereffective|p1a: IB-01
|-damage|p1a: IB-01|62/100 par
|cant|p1a: IB-01|flinch
|
|upkeep
|turn|29
|
|t:|1769296711
|move|p2a: Greninja|Dark Pulse|p1a: IB-01
|-supereffective|p1a: IB-01
|-damage|p1a: IB-01|29/100 par
|cant|p1a: IB-01|flinch
|
|upkeep
|turn|30
|
|t:|1769296713
|move|p2a: Greninja|Dark Pulse|p1a: IB-01
|-supereffective|p1a: IB-01
|-damage|p1a: IB-01|0 fnt
|faint|p1a: IB-01
|-end|p1a: IB-01|Quark Drive|[silent]
|-ability|p2a: Greninja|Battle Bond|boost
|-boost|p2a: Greninja|atk|1
|-boost|p2a: Greninja|spa|1
|-boost|p2a: Greninja|spe|1
|-activate|p2a: Greninja|ability: Battle Bond
|
|upkeep
|-message|Silent1ine forfeited.
|
|win|monoev
|raw|Silent1ine's rating: 1402 &rarr; <strong>1379</strong><br />(-23 for losing)
|raw|monoev's rating: 1348 &rarr; <strong>1371</strong><br />(+23 for winning)
|l|☆Silent1ine
|player|p1|
|l|☆monoev
|player|p2|
