|j|☆hqzzq
|j|☆des459yt
|t:|1769447737
|gametype|singles
|player|p1|hqzzq|169|1273
|player|p2|des459yt|101|1320
|gen|9
|tier|[Gen 9] OU
|rated|
|rule|HP Percentage Mod: HP is shown in percentages
|rule|Endless Battle Clause: Forcing endless battles is banned
|rule|Species Clause: Limit one of each Pokémon
|rule|OHKO Clause: OHKO moves are banned
|rule|Evasion Items Clause: Evasion items are banned
|rule|Evasion Moves Clause: Evasion moves are banned
|rule|Evasion Abilities Clause: Evasion abilities are banned
|rule|Sleep Moves Clause: Sleep-inducing moves are banned
|clearpoke
|poke|p1|Probopass, M|
|poke|p1|Ninetales-Alola, F|
|poke|p1|Dragapult, F|
|poke|p1|Pecharunt|
|poke|p1|Ogerpon-Wellspring, F|
|poke|p1|Great Tusk|
|poke|p2|Jirachi|
|poke|p2|Clefable, F|
|poke|p2|Landorus-Therian, M|
|poke|p2|Sinistcha|
|poke|p2|Darkrai|
|poke|p2|Raging Bolt|
|teampreview
|inactive|Battle timer is ON: inactive players will automatically lose when time's up. (requested by des459yt)
|
|t:|1769447748
|teamsize|p1|6
|teamsize|p2|6
|start
|switch|p1a: Ninetales|Ninetales-Alola, F|100/100
|switch|p2a: Darkrai|Darkrai|100/100
|-weather|Snowscape|[from] ability: Snow Warning|[of] p1a: Ninetales
|turn|1
|
|t:|1769447755
|move|p2a: Darkrai|Will-O-Wisp|p1a: Ninetales
|-status|p1a: Ninetales|brn
|move|p1a: Ninetales|Aurora Veil|p1a: Ninetales
|-sidestart|p1: hqzzq|move: Aurora Veil
|
|-weather|Snowscape|[upkeep]
|-damage|p1a: Ninetales|94/100 brn|[from] brn
|upkeep
|turn|2
|
|t:|1769447761
|switch|p2a: Jirachi|Jirachi|100/100
|switch|p1a: Probopass|Probopass, M|100/100
|
|-weather|Snowscape|[upkeep]
|upkeep
|turn|3
|
|t:|1769447770
|move|p2a: Jirachi|Calm Mind|p2a: Jirachi
|-boost|p2a: Jirachi|spa|1
|-boost|p2a: Jirachi|spd|1
|move|p1a: Probopass|Stealth Rock|p2a: Jirachi
|-sidestart|p2: des459yt|move: Stealth Rock
|
|-weather|Snowscape|[upkeep]
|upkeep
|turn|4
|
|t:|1769447776
|move|p2a: Jirachi|Aura Sphere|p1a: Probopass
|-supereffective|p1a: Probopass
|-damage|p1a: Probopass|53/100
|move|p1a: Probopass|Thunder Wave|p2a: Jirachi
|-status|p2a: Jirachi|par
|
|-weather|Snowscape|[upkeep]
|upkeep
|turn|5
|
|t:|1769447782
|move|p2a: Jirachi|Aura Sphere|p1a: Probopass
|-supereffective|p1a: Probopass
|-damage|p1a: Probopass|3/100
|move|p1a: Probopass|Body Press|p2a: Jirachi
|-damage|p2a: Jirachi|70/100 par
|
|-weather|none
|-heal|p2a: Jirachi|76/100 par|[from] item: Leftovers
|upkeep
|turn|6
|
|t:|1769447788
|switch|p1a: Dragapult|Dragapult, F|100/100
|move|p2a: Jirachi|Aura Sphere|p1a: Dragapult
|-immune|p1a: Dragapult
|
|-heal|p2a: Jirachi|82/100 par|[from] item: Leftovers
|upkeep
|turn|7
|
|t:|1769447796
|move|p1a: Dragapult|Substitute|p1a: Dragapult
|-start|p1a: Dragapult|Substitute
|-damage|p1a: Dragapult|76/100
|move|p2a: Jirachi|Shadow Ball|p1a: Dragapult
|-supereffective|p1a: Dragapult
|-end|p1a: Dragapult|Substitute
|
|-heal|p1a: Dragapult|82/100|[from] item: Leftovers
|-heal|p2a: Jirachi|88/100 par|[from] item: Leftovers
|upkeep
|turn|8
|
|t:|1769447799
|move|p1a: Dragapult|Substitute|p1a: Dragapult
|-start|p1a: Dragapult|Substitute
|-damage|p1a: Dragapult|57/100
|move|p2a: Jirachi|Shadow Ball|p1a: Dragapult
|-supereffective|p1a: Dragapult
|-end|p1a: Dragapult|Substitute
|
|-heal|p1a: Dragapult|63/100|[from] item: Leftovers
|-heal|p2a: Jirachi|94/100 par|[from] item: Leftovers
|-sideend|p1: hqzzq|move: Aurora Veil
|upkeep
|turn|9
|
|t:|1769447803
|move|p1a: Dragapult|Substitute|p1a: Dragapult
|-start|p1a: Dragapult|Substitute
|-damage|p1a: Dragapult|38/100
|move|p2a: Jirachi|Psychic Noise|p1a: Dragapult
|-damage|p1a: Dragapult|0 fnt
|faint|p1a: Dragapult
|
|-heal|p2a: Jirachi|99/100 par|[from] item: Leftovers
|upkeep
|
|t:|1769447808
|switch|p1a: Pecharunt|Pecharunt|100/100
|turn|10
|
|t:|1769447812
|move|p1a: Pecharunt|Nasty Plot|p1a: Pecharunt
|-boost|p1a: Pecharunt|spa|2
|cant|p2a: Jirachi|par
|
|-heal|p2a: Jirachi|100/100 par|[from] item: Leftovers
|upkeep
|turn|11
|
|t:|1769447816
|move|p1a: Pecharunt|Shadow Ball|p2a: Jirachi
|-supereffective|p2a: Jirachi
|-damage|p2a: Jirachi|40/100 par
|move|p2a: Jirachi|Psychic Noise|p1a: Pecharunt
|-supereffective|p1a: Pecharunt
|-damage|p1a: Pecharunt|10/100
|-start|p1a: Pecharunt|move: Heal Block
|
|-heal|p2a: Jirachi|46/100 par|[from] item: Leftovers
|upkeep
|turn|12
|
|t:|1769447822
|move|p1a: Pecharunt|Shadow Ball|p2a: Jirachi
|-supereffective|p2a: Jirachi
|-damage|p2a: Jirachi|0 fnt
|faint|p2a: Jirachi
|
|-end|p1a: Pecharunt|move: Heal Block
|upkeep
|
|t:|1769447826
|switch|p2a: Darkrai|Darkrai|100/100
|-damage|p2a: Darkrai|88/100|[from] Stealth Rock
|turn|13
|
|t:|1769447832
|move|p2a: Darkrai|Dark Pulse|p1a: Pecharunt
|-supereffective|p1a: Pecharunt
|-damage|p1a: Pecharunt|0 fnt
|faint|p1a: Pecharunt
|
|-heal|p2a: Darkrai|94/100|[from] item: Leftovers
|upkeep
|
|t:|1769447834
|switch|p1a: Great Tusk|Great Tusk|100/100
|-enditem|p1a: Great Tusk|Booster Energy
|-activate|p1a: Great Tusk|ability: Protosynthesis|[fromitem]
|-start|p1a: Great Tusk|protosynthesisspe
|turn|14
|
|t:|1769447843
|move|p1a: Great Tusk|Knock Off|p2a: Darkrai
|-resisted|p2a: Darkrai
|-damage|p2a: Darkrai|78/100
|-enditem|p2a: Darkrai|Leftovers|[from] move: Knock Off|[of] p1a: Great Tusk
|move|p2a: Darkrai|Will-O-Wisp|p1a: Great Tusk
|-status|p1a: Great Tusk|brn
|
|-damage|p1a: Great Tusk|94/100 brn|[from] brn
|upkeep
|turn|15
|c|☆hqzzq|u make no sense
|-message|hqzzq forfeited.
|
|win|des459yt
|raw|hqzzq's rating: 1273 &rarr; <strong>1251</strong><br />(-22 for losing)
|raw|des459yt's rating: 1320 &rarr; <strong>1337</strong><br />(+17 for winning)
|l|☆hqzzq
|player|p1|
|c|☆des459yt|wdym
|l|☆des459yt
|player|p2|
