|j|☆Phillip Blevin
|j|☆vacineee
|t:|1769412594
|gametype|singles
|player|p1|Phillip Blevin|265|1430
|player|p2|vacineee|parasollady-gen4|1461
|gen|9
|tier|[Gen 9] OU
|rated|
|rule|HP Percentage Mod: HP is shown in percentages
|rule|Endless Battle Clause: Forcing endless battles is banned
|rule|Species Clause: Limit one of each Pokémon
|rule|OHKO Clause: OHKO moves are banned
|rule|Evasion Items Clause: Evasion items are banned
|rule|Evasion Moves Clause: Evasion moves are banned
|rule|Evasion Abilities Clause: Evasion abilities are banned
|rule|Sleep Moves Clause: Sleep-inducing moves are banned
|clearpoke
|poke|p1|Iron Hands|
|poke|p1|Mandibuzz, F|
|poke|p1|Garganacl, M|
|poke|p1|Landorus-Therian, M|
|poke|p1|Alomomola, M|
|poke|p1|Dragapult, M|
|poke|p2|Hoopa-Unbound|
|poke|p2|Rillaboom, M|
|poke|p2|Iron Hands|
|poke|p2|Slowking-Galar, M|
|poke|p2|Great Tusk|
|poke|p2|Heatran, F|
|teampreview
|inactive|Battle timer is ON: inactive players will automatically lose when time's up. (requested by Phillip Blevin)
|
|t:|1769412601
|teamsize|p1|6
|teamsize|p2|6
|start
|switch|p1a: Dragapult|Dragapult, M|100/100
|switch|p2a: Rillaboom|Rillaboom, M|100/100
|-fieldstart|move: Grassy Terrain|[from] ability: Grassy Surge|[of] p2a: Rillaboom
|turn|1
|
|t:|1769412612
|switch|p2a: Heatran|Heatran, F|100/100
|-item|p2a: Heatran|Air Balloon
|move|p1a: Dragapult|U-turn|p2a: Heatran
|-resisted|p2a: Heatran
|-damage|p2a: Heatran|93/100
|-enditem|p2a: Heatran|Air Balloon
|
|t:|1769412617
|switch|p1a: Iron Hands|Iron Hands|100/100|[from] U-turn
|
|-heal|p2a: Heatran|99/100|[from] Grassy Terrain
|upkeep
|turn|2
|
|t:|1769412626
|move|p2a: Heatran|Earth Power|p1a: Iron Hands
|-supereffective|p1a: Iron Hands
|-damage|p1a: Iron Hands|71/100
|move|p1a: Iron Hands|Drain Punch|p2a: Heatran
|-supereffective|p2a: Heatran
|-crit|p2a: Heatran
|-damage|p2a: Heatran|0 fnt
|-heal|p1a: Iron Hands|100/100|[from] drain|[of] p2a: Heatran
|faint|p2a: Heatran
|
|upkeep
|
|t:|1769412633
|switch|p2a: Hoopa|Hoopa-Unbound|100/100
|-enditem|p2a: Hoopa|Grassy Seed
|-boost|p2a: Hoopa|def|1|[from] item: Grassy Seed
|turn|3
|
|t:|1769412639
|-end|p1a: Iron Hands|Quark Drive|[silent]
|switch|p1a: Mandibuzz|Mandibuzz, F|100/100
|move|p2a: Hoopa|Psychic Noise|p1a: Mandibuzz
|-immune|p1a: Mandibuzz
|
|upkeep
|turn|4
|
|t:|1769412646
|move|p2a: Hoopa|Drain Punch|p1a: Mandibuzz
|-damage|p1a: Mandibuzz|87/100
|-item|p2a: Hoopa|Heavy-Duty Boots|[from] ability: Magician|[of] p1a: Mandibuzz
|move|p1a: Mandibuzz|Foul Play|p2a: Hoopa
|-damage|p2a: Hoopa|61/100
|
|-heal|p2a: Hoopa|67/100|[from] Grassy Terrain
|upkeep
|turn|5
|
|t:|1769412657
|switch|p2a: Great Tusk|Great Tusk|100/100
|-enditem|p2a: Great Tusk|Booster Energy
|-activate|p2a: Great Tusk|ability: Protosynthesis|[fromitem]
|-start|p2a: Great Tusk|protosynthesisspe
|move|p1a: Mandibuzz|Foul Play|p2a: Great Tusk
|-resisted|p2a: Great Tusk
|-damage|p2a: Great Tusk|88/100
|
|-heal|p2a: Great Tusk|94/100|[from] Grassy Terrain
|-fieldend|move: Grassy Terrain
|upkeep
|turn|6
|
|t:|1769412660
|move|p2a: Great Tusk|Bulk Up|p2a: Great Tusk
|-boost|p2a: Great Tusk|atk|1
|-boost|p2a: Great Tusk|def|1
|move|p1a: Mandibuzz|Whirlwind|p2a: Great Tusk
|-end|p2a: Great Tusk|Protosynthesis|[silent]
|drag|p2a: Slowking|Slowking-Galar, M|100/100
|
|upkeep
|turn|7
|
|t:|1769412665
|switch|p1a: Alomomola|Alomomola, M|100/100
|move|p2a: Slowking|Future Sight|p1a: Alomomola
|-start|p2a: Slowking|move: Future Sight
|
|upkeep
|turn|8
|
|t:|1769412669
|move|p1a: Alomomola|Flip Turn|p2a: Slowking
|-damage|p2a: Slowking|85/100
|
|t:|1769412673
|switch|p1a: Mandibuzz|Mandibuzz, F|87/100|[from] Flip Turn
|move|p2a: Slowking|Thunder Wave|p1a: Mandibuzz
|-status|p1a: Mandibuzz|par
|
|upkeep
|turn|9
|
|t:|1769412675
|move|p1a: Mandibuzz|Foul Play|p2a: Slowking
|-supereffective|p2a: Slowking
|-damage|p2a: Slowking|36/100
|-prepare|p2a: Slowking|Chilly Reception|[premajor]
|move|p2a: Slowking|Chilly Reception|p2a: Slowking
|-weather|Snowscape
|
|t:|1769412682
|switch|p2a: Iron Hands|Iron Hands, shiny|100/100|[from] Chilly Reception
|
|-weather|Snowscape|[upkeep]
|-end|p1a: Mandibuzz|move: Future Sight
|-immune|p1a: Mandibuzz
|upkeep
|turn|10
|
|t:|1769412687
|switch|p1a: Landorus|Landorus-Therian, M|100/100
|-ability|p1a: Landorus|Intimidate|boost
|-unboost|p2a: Iron Hands|atk|1
|move|p2a: Iron Hands|Swords Dance|p2a: Iron Hands
|-boost|p2a: Iron Hands|atk|2
|
|-weather|Snowscape|[upkeep]
|upkeep
|turn|11
|
|t:|1769412692
|-end|p2a: Iron Hands|Quark Drive|[silent]
|switch|p2a: Great Tusk|Great Tusk|94/100
|move|p1a: Landorus|U-turn|p2a: Great Tusk
|-resisted|p2a: Great Tusk
|-damage|p2a: Great Tusk|86/100
|j| nitroLazer120
|
|t:|1769412699
|switch|p1a: Dragapult|Dragapult, M|100/100|[from] U-turn
|
|-weather|Snowscape|[upkeep]
|upkeep
|turn|12
|
|t:|1769412709
|move|p1a: Dragapult|U-turn|p2a: Great Tusk
|-resisted|p2a: Great Tusk
|-damage|p2a: Great Tusk|74/100
|
|t:|1769412713
|switch|p1a: Mandibuzz|Mandibuzz, F|87/100 par|[from] U-turn
|move|p2a: Great Tusk|Rapid Spin|p1a: Mandibuzz
|-damage|p1a: Mandibuzz|79/100 par
|-boost|p2a: Great Tusk|spe|1
|
|-weather|Snowscape|[upkeep]
|upkeep
|turn|13
|
|t:|1769412718
|switch|p1a: Alomomola|Alomomola, M|100/100
|move|p2a: Great Tusk|Bulk Up|p2a: Great Tusk
|-boost|p2a: Great Tusk|atk|1
|-boost|p2a: Great Tusk|def|1
|
|-weather|none
|upkeep
|turn|14
|
|t:|1769412725
|-end|p2a: Great Tusk|Protosynthesis|[silent]
|switch|p2a: Rillaboom|Rillaboom, M|100/100
|-fieldstart|move: Grassy Terrain|[from] ability: Grassy Surge|[of] p2a: Rillaboom
|move|p1a: Alomomola|Scald|p2a: Rillaboom
|-resisted|p2a: Rillaboom
|-damage|p2a: Rillaboom|91/100
|
|-heal|p2a: Rillaboom|97/100|[from] Grassy Terrain
|upkeep
|turn|15
|
|t:|1769412732
|move|p1a: Alomomola|Protect|p1a: Alomomola
|-singleturn|p1a: Alomomola|Protect
|move|p2a: Rillaboom|U-turn|p1a: Alomomola
|-activate|p1a: Alomomola|move: Protect
|
|-heal|p2a: Rillaboom|100/100|[from] Grassy Terrain
|upkeep
|turn|16
|
|t:|1769412736
|move|p2a: Rillaboom|U-turn|p1a: Alomomola
|-damage|p1a: Alomomola|80/100
|
|t:|1769412740
|switch|p2a: Slowking|Slowking-Galar, M|69/100|[from] U-turn
|move|p1a: Alomomola|Flip Turn|p2a: Slowking
|-damage|p2a: Slowking|53/100
|
|t:|1769412752
|switch|p1a: Dragapult|Dragapult, M|100/100|[from] Flip Turn
|
|-heal|p2a: Slowking|59/100|[from] Grassy Terrain
|upkeep
|turn|17
|
|t:|1769412757
|-terastallize|p1a: Dragapult|Ghost
|move|p1a: Dragapult|Tera Blast|p2a: Slowking|[anim] Tera Blast Ghost
|-supereffective|p2a: Slowking
|-damage|p2a: Slowking|0 fnt
|faint|p2a: Slowking
|
|upkeep
|
|t:|1769412766
|switch|p2a: Rillaboom|Rillaboom, M|100/100
|turn|18
|
|t:|1769412773
|switch|p1a: Mandibuzz|Mandibuzz, F|79/100 par
|move|p2a: Rillaboom|Grassy Glide|p1a: Mandibuzz
|-resisted|p1a: Mandibuzz
|-damage|p1a: Mandibuzz|61/100 par
|
|-fieldend|move: Grassy Terrain
|upkeep
|turn|19
|
|t:|1769412783
|switch|p2a: Iron Hands|Iron Hands, shiny|100/100
|move|p1a: Mandibuzz|Roost|p1a: Mandibuzz
|-heal|p1a: Mandibuzz|100/100 par
|-singleturn|p1a: Mandibuzz|move: Roost
|
|upkeep
|turn|20
|
|t:|1769412787
|move|p2a: Iron Hands|Ice Punch|p1a: Mandibuzz
|-supereffective|p1a: Mandibuzz
|-damage|p1a: Mandibuzz|64/100 par
|move|p1a: Mandibuzz|Whirlwind|p2a: Iron Hands
|-end|p2a: Iron Hands|Quark Drive|[silent]
|drag|p2a: Great Tusk|Great Tusk|74/100
|
|upkeep
|turn|21
|
|t:|1769412793
|switch|p1a: Alomomola|Alomomola, M|100/100
|move|p2a: Great Tusk|Bulk Up|p2a: Great Tusk
|-boost|p2a: Great Tusk|atk|1
|-boost|p2a: Great Tusk|def|1
|
|upkeep
|turn|22
|
|t:|1769412811
|-end|p2a: Great Tusk|Protosynthesis|[silent]
|switch|p2a: Rillaboom|Rillaboom, M|100/100
|-fieldstart|move: Grassy Terrain|[from] ability: Grassy Surge|[of] p2a: Rillaboom
|move|p1a: Alomomola|Scald|p2a: Rillaboom
|-resisted|p2a: Rillaboom
|-damage|p2a: Rillaboom|91/100
|
|-heal|p2a: Rillaboom|97/100|[from] Grassy Terrain
|upkeep
|turn|23
|
|t:|1769412815
|move|p1a: Alomomola|Protect|p1a: Alomomola
|-singleturn|p1a: Alomomola|Protect
|move|p2a: Rillaboom|Wood Hammer|p1a: Alomomola
|-activate|p1a: Alomomola|move: Protect
|
|-heal|p2a: Rillaboom|100/100|[from] Grassy Terrain
|upkeep
|turn|24
|
|t:|1769412829
|switch|p2a: Iron Hands|Iron Hands, shiny|100/100
|switch|p1a: Mandibuzz|Mandibuzz, F|64/100 par
|
|upkeep
|turn|25
|
|t:|1769412834
|switch|p1a: Landorus|Landorus-Therian, M|100/100
|-ability|p1a: Landorus|Intimidate|boost
|-unboost|p2a: Iron Hands|atk|1
|move|p2a: Iron Hands|Swords Dance|p2a: Iron Hands
|-boost|p2a: Iron Hands|atk|2
|
|upkeep
|turn|26
|
|t:|1769412842
|move|p1a: Landorus|U-turn|p2a: Iron Hands
|-resisted|p2a: Iron Hands
|-damage|p2a: Iron Hands|91/100
|
|t:|1769412847
|switch|p1a: Iron Hands|Iron Hands|100/100|[from] U-turn
|move|p2a: Iron Hands|Ice Punch|p1a: Iron Hands
|-damage|p1a: Iron Hands|65/100
|
|-heal|p2a: Iron Hands|97/100|[from] Grassy Terrain
|-heal|p1a: Iron Hands|72/100|[from] Grassy Terrain
|-fieldend|move: Grassy Terrain
|upkeep
|turn|27
|
|t:|1769412852
|move|p2a: Iron Hands|Swords Dance|p2a: Iron Hands
|-boost|p2a: Iron Hands|atk|2
|move|p1a: Iron Hands|Earthquake|p2a: Iron Hands
|-supereffective|p2a: Iron Hands
|-damage|p2a: Iron Hands|38/100
|
|upkeep
|turn|28
|
|t:|1769412857
|-end|p1a: Iron Hands|Quark Drive|[silent]
|switch|p1a: Dragapult|Dragapult, M, tera:Ghost|100/100
|move|p2a: Iron Hands|Drain Punch|p1a: Dragapult
|-immune|p1a: Dragapult
|
|upkeep
|turn|29
|
|t:|1769412866
|move|p1a: Dragapult|Tera Blast|p2a: Iron Hands|[anim] Tera Blast Ghost
|-damage|p2a: Iron Hands|0 fnt
|faint|p2a: Iron Hands
|-end|p2a: Iron Hands|Quark Drive|[silent]
|
|upkeep
|
|t:|1769412871
|switch|p2a: Rillaboom|Rillaboom, M|100/100
|-fieldstart|move: Grassy Terrain|[from] ability: Grassy Surge|[of] p2a: Rillaboom
|turn|30
|
|t:|1769412876
|switch|p1a: Mandibuzz|Mandibuzz, F|64/100 par
|move|p2a: Rillaboom|U-turn|p1a: Mandibuzz
|-damage|p1a: Mandibuzz|42/100 par
|
|t:|1769412879
|switch|p2a: Great Tusk|Great Tusk|74/100|[from] U-turn
|
|-heal|p2a: Great Tusk|81/100|[from] Grassy Terrain
|upkeep
|turn|31
|
|t:|1769412883
|move|p2a: Great Tusk|Close Combat|p1a: Mandibuzz
|-damage|p1a: Mandibuzz|10/100 par
|-unboost|p2a: Great Tusk|def|1
|-unboost|p2a: Great Tusk|spd|1
|cant|p1a: Mandibuzz|par
|
|-heal|p2a: Great Tusk|87/100|[from] Grassy Terrain
|upkeep
|turn|32
|
|t:|1769412894
|switch|p1a: Alomomola|Alomomola, M|100/100
|move|p2a: Great Tusk|Close Combat|p1a: Alomomola
|-damage|p1a: Alomomola|71/100
|-unboost|p2a: Great Tusk|def|1
|-unboost|p2a: Great Tusk|spd|1
|
|-heal|p2a: Great Tusk|93/100|[from] Grassy Terrain
|-heal|p1a: Alomomola|77/100|[from] Grassy Terrain
|upkeep
|turn|33
|
|t:|1769412900
|-end|p2a: Great Tusk|Protosynthesis|[silent]
|switch|p2a: Hoopa|Hoopa-Unbound|67/100
|move|p1a: Alomomola|Scald|p2a: Hoopa
|-damage|p2a: Hoopa|55/100
|-status|p2a: Hoopa|brn
|
|-heal|p2a: Hoopa|61/100 brn|[from] Grassy Terrain
|-heal|p1a: Alomomola|84/100|[from] Grassy Terrain
|-damage|p2a: Hoopa|55/100 brn|[from] brn
|upkeep
|turn|34
|
|t:|1769412904
|move|p2a: Hoopa|Psychic Noise|p1a: Alomomola
|-damage|p1a: Alomomola|19/100
|-start|p1a: Alomomola|move: Heal Block
|cant|p1a: Alomomola|move: Heal Block|Wish
|
|-heal|p2a: Hoopa|61/100 brn|[from] Grassy Terrain
|-damage|p2a: Hoopa|55/100 brn|[from] brn
|-fieldend|move: Grassy Terrain
|upkeep
|turn|35
|
|t:|1769412910
|move|p1a: Alomomola|Protect|p1a: Alomomola
|-singleturn|p1a: Alomomola|Protect
|move|p2a: Hoopa|Drain Punch|p1a: Alomomola
|-activate|p1a: Alomomola|move: Protect
|
|-damage|p2a: Hoopa|49/100 brn|[from] brn
|-end|p1a: Alomomola|move: Heal Block
|upkeep
|turn|36
|
|t:|1769412914
|switch|p1a: Mandibuzz|Mandibuzz, F|10/100 par
|move|p2a: Hoopa|Psychic Noise|p1a: Mandibuzz
|-immune|p1a: Mandibuzz
|
|-damage|p2a: Hoopa|43/100 brn|[from] brn
|upkeep
|turn|37
|
|t:|1769412917
|move|p2a: Hoopa|Drain Punch|p1a: Mandibuzz
|-damage|p1a: Mandibuzz|3/100 par
|-heal|p2a: Hoopa|48/100 brn|[from] drain|[of] p1a: Mandibuzz
|move|p1a: Mandibuzz|Roost|p1a: Mandibuzz
|-heal|p1a: Mandibuzz|53/100 par
|-singleturn|p1a: Mandibuzz|move: Roost
|
|-damage|p2a: Hoopa|42/100 brn|[from] brn
|upkeep
|turn|38
|
|t:|1769412930
|switch|p2a: Great Tusk|Great Tusk|93/100
|move|p1a: Mandibuzz|Foul Play|p2a: Great Tusk
|-resisted|p2a: Great Tusk
|-damage|p2a: Great Tusk|81/100
|
|upkeep
|turn|39
|
|t:|1769412933
|move|p2a: Great Tusk|Bulk Up|p2a: Great Tusk
|-boost|p2a: Great Tusk|atk|1
|-boost|p2a: Great Tusk|def|1
|move|p1a: Mandibuzz|Whirlwind|p2a: Great Tusk
|-end|p2a: Great Tusk|Protosynthesis|[silent]
|drag|p2a: Hoopa|Hoopa-Unbound|42/100 brn
|
|-damage|p2a: Hoopa|36/100 brn|[from] brn
|upkeep
|turn|40
|
|t:|1769412938
|switch|p2a: Rillaboom|Rillaboom, M|100/100
|-fieldstart|move: Grassy Terrain|[from] ability: Grassy Surge|[of] p2a: Rillaboom
|move|p1a: Mandibuzz|Roost|p1a: Mandibuzz
|-heal|p1a: Mandibuzz|100/100 par
|-singleturn|p1a: Mandibuzz|move: Roost
|
|upkeep
|turn|41
|
|t:|1769412941
|move|p2a: Rillaboom|U-turn|p1a: Mandibuzz
|-damage|p1a: Mandibuzz|77/100 par
|
|t:|1769412943
|switch|p2a: Great Tusk|Great Tusk|81/100|[from] U-turn
|move|p1a: Mandibuzz|Foul Play|p2a: Great Tusk
|-resisted|p2a: Great Tusk
|-damage|p2a: Great Tusk|69/100
|
|-heal|p2a: Great Tusk|75/100|[from] Grassy Terrain
|upkeep
|turn|42
|
|t:|1769412946
|-end|p2a: Great Tusk|Protosynthesis|[silent]
|switch|p2a: Rillaboom|Rillaboom, M|100/100
|cant|p1a: Mandibuzz|par
|
|upkeep
|turn|43
|
|t:|1769412950
|move|p2a: Rillaboom|U-turn|p1a: Mandibuzz
|-damage|p1a: Mandibuzz|54/100 par
|
|t:|1769412957
|switch|p2a: Great Tusk|Great Tusk|75/100|[from] U-turn
|cant|p1a: Mandibuzz|par
|
|-heal|p2a: Great Tusk|81/100|[from] Grassy Terrain
|upkeep
|turn|44
|
|t:|1769412966
|move|p2a: Great Tusk|Headlong Rush|p1a: Mandibuzz
|-immune|p1a: Mandibuzz
|cant|p1a: Mandibuzz|par
|
|-heal|p2a: Great Tusk|87/100|[from] Grassy Terrain
|-fieldend|move: Grassy Terrain
|upkeep
|turn|45
|
|t:|1769412970
|move|p2a: Great Tusk|Rapid Spin|p1a: Mandibuzz
|-damage|p1a: Mandibuzz|46/100 par
|-boost|p2a: Great Tusk|spe|1
|cant|p1a: Mandibuzz|par
|
|upkeep
|turn|46
|
|t:|1769412972
|move|p2a: Great Tusk|Bulk Up|p2a: Great Tusk
|-boost|p2a: Great Tusk|atk|1
|-boost|p2a: Great Tusk|def|1
|move|p1a: Mandibuzz|Whirlwind|p2a: Great Tusk
|-end|p2a: Great Tusk|Protosynthesis|[silent]
|drag|p2a: Hoopa|Hoopa-Unbound|36/100 brn
|
|-damage|p2a: Hoopa|30/100 brn|[from] brn
|upkeep
|turn|47
|
|t:|1769412976
|switch|p2a: Great Tusk|Great Tusk|87/100
|move|p1a: Mandibuzz|Roost|p1a: Mandibuzz
|-heal|p1a: Mandibuzz|96/100 par
|-singleturn|p1a: Mandibuzz|move: Roost
|
|upkeep
|turn|48
|
|t:|1769412981
|move|p2a: Great Tusk|Rapid Spin|p1a: Mandibuzz
|-damage|p1a: Mandibuzz|87/100 par
|-boost|p2a: Great Tusk|spe|1
|move|p1a: Mandibuzz|Whirlwind|p2a: Great Tusk
|-end|p2a: Great Tusk|Protosynthesis|[silent]
|drag|p2a: Rillaboom|Rillaboom, M|100/100
|-fieldstart|move: Grassy Terrain|[from] ability: Grassy Surge|[of] p2a: Rillaboom
|
|upkeep
|turn|49
|
|t:|1769412983
|move|p2a: Rillaboom|U-turn|p1a: Mandibuzz
|-damage|p1a: Mandibuzz|64/100 par
|
|t:|1769412986
|switch|p2a: Great Tusk|Great Tusk|87/100|[from] U-turn
|cant|p1a: Mandibuzz|par
|
|-heal|p2a: Great Tusk|94/100|[from] Grassy Terrain
|upkeep
|turn|50
|
|t:|1769412991
|move|p2a: Great Tusk|Bulk Up|p2a: Great Tusk
|-boost|p2a: Great Tusk|atk|1
|-boost|p2a: Great Tusk|def|1
|move|p1a: Mandibuzz|Whirlwind|p2a: Great Tusk
|-end|p2a: Great Tusk|Protosynthesis|[silent]
|drag|p2a: Rillaboom|Rillaboom, M|100/100
|
|upkeep
|turn|51
|
|t:|1769412995
|move|p2a: Rillaboom|U-turn|p1a: Mandibuzz
|-damage|p1a: Mandibuzz|43/100 par
|
|t:|1769412997
|switch|p2a: Great Tusk|Great Tusk|94/100|[from] U-turn
|move|p1a: Mandibuzz|Roost|p1a: Mandibuzz
|-heal|p1a: Mandibuzz|93/100 par
|-singleturn|p1a: Mandibuzz|move: Roost
|
|-heal|p2a: Great Tusk|99/100|[from] Grassy Terrain
|-heal|p1a: Mandibuzz|99/100 par|[from] Grassy Terrain
|upkeep
|turn|52
|
|t:|1769413001
|switch|p1a: Alomomola|Alomomola, M|52/100
|move|p2a: Great Tusk|Headlong Rush|p1a: Alomomola
|-damage|p1a: Alomomola|22/100
|-unboost|p2a: Great Tusk|def|1
|-unboost|p2a: Great Tusk|spd|1
|
|-heal|p2a: Great Tusk|100/100|[from] Grassy Terrain
|-heal|p1a: Alomomola|28/100|[from] Grassy Terrain
|-fieldend|move: Grassy Terrain
|upkeep
|turn|53
|
|t:|1769413009
|switch|p1a: Landorus|Landorus-Therian, M|100/100
|-ability|p1a: Landorus|Intimidate|boost
|-unboost|p2a: Great Tusk|atk|1
|move|p2a: Great Tusk|Headlong Rush|p1a: Landorus
|-immune|p1a: Landorus
|
|upkeep
|turn|54
|
|t:|1769413012
|move|p1a: Landorus|Stealth Rock|p2a: Great Tusk
|-sidestart|p2: vacineee|move: Stealth Rock
|move|p2a: Great Tusk|Bulk Up|p2a: Great Tusk
|-boost|p2a: Great Tusk|atk|1
|-boost|p2a: Great Tusk|def|1
|
|upkeep
|turn|55
|
|t:|1769413015
|switch|p1a: Dragapult|Dragapult, M, tera:Ghost|100/100
|move|p2a: Great Tusk|Bulk Up|p2a: Great Tusk
|-boost|p2a: Great Tusk|atk|1
|-boost|p2a: Great Tusk|def|1
|
|upkeep
|turn|56
|
|t:|1769413024
|-end|p2a: Great Tusk|Protosynthesis|[silent]
|switch|p2a: Hoopa|Hoopa-Unbound|30/100 brn
|move|p1a: Dragapult|U-turn|p2a: Hoopa
|-supereffective|p2a: Hoopa
|-damage|p2a: Hoopa|0 fnt
|faint|p2a: Hoopa
|
|t:|1769413035
|switch|p1a: Mandibuzz|Mandibuzz, F|99/100 par|[from] U-turn
|
|upkeep
|
|t:|1769413041
|switch|p2a: Great Tusk|Great Tusk|100/100
|-damage|p2a: Great Tusk|98/100|[from] Stealth Rock
|turn|57
|
|t:|1769413045
|switch|p1a: Landorus|Landorus-Therian, M|100/100
|-ability|p1a: Landorus|Intimidate|boost
|-unboost|p2a: Great Tusk|atk|1
|move|p2a: Great Tusk|Rapid Spin|p1a: Landorus
|-damage|p1a: Landorus|89/100
|-boost|p2a: Great Tusk|spe|1
|-sideend|p2: vacineee|Stealth Rock|[from] move: Rapid Spin|[of] p2a: Great Tusk
|
|upkeep
|turn|58
|
|t:|1769413049
|move|p1a: Landorus|U-turn|p2a: Great Tusk
|-resisted|p2a: Great Tusk
|-damage|p2a: Great Tusk|90/100
|
|t:|1769413051
|switch|p1a: Alomomola|Alomomola, M|61/100|[from] U-turn
|move|p2a: Great Tusk|Bulk Up|p2a: Great Tusk
|-boost|p2a: Great Tusk|atk|1
|-boost|p2a: Great Tusk|def|1
|
|upkeep
|turn|59
|
|t:|1769413062
|move|p2a: Great Tusk|Bulk Up|p2a: Great Tusk
|-boost|p2a: Great Tusk|atk|1
|-boost|p2a: Great Tusk|def|1
|move|p1a: Alomomola|Scald|p2a: Great Tusk
|-supereffective|p2a: Great Tusk
|-damage|p2a: Great Tusk|54/100
|
|upkeep
|turn|60
|
|t:|1769413080
|-terastallize|p2a: Great Tusk|Ice
|move|p2a: Great Tusk|Bulk Up|p2a: Great Tusk
|-boost|p2a: Great Tusk|atk|1
|-boost|p2a: Great Tusk|def|1
|move|p1a: Alomomola|Scald|p2a: Great Tusk
|-damage|p2a: Great Tusk|35/100
|-status|p2a: Great Tusk|brn
|
|-damage|p2a: Great Tusk|29/100 brn|[from] brn
|upkeep
|turn|61
|-message|vacineee forfeited.
|
|win|Phillip Blevin
|raw|Phillip Blevin's rating: 1430 &rarr; <strong>1452</strong><br />(+22 for winning)
|raw|vacineee's rating: 1461 &rarr; <strong>1439</strong><br />(-22 for losing)
|l|☆vacineee
|player|p2|
|l|☆Phillip Blevin
|player|p1|
