|j|☆gfitzy
|j|☆ShadowFerretofD00M
|t:|1769382106
|gametype|singles
|player|p1|gfitzy|cynthia-masters|1431
|player|p2|ShadowFerretofD00M|unknown|1444
|gen|9
|tier|[Gen 9] OU
|rated|
|rule|HP Percentage Mod: HP is shown in percentages
|rule|Endless Battle Clause: Forcing endless battles is banned
|rule|Species Clause: Limit one of each Pokémon
|rule|OHKO Clause: OHKO moves are banned
|rule|Evasion Items Clause: Evasion items are banned
|rule|Evasion Moves Clause: Evasion moves are banned
|rule|Evasion Abilities Clause: Evasion abilities are banned
|rule|Sleep Moves Clause: Sleep-inducing moves are banned
|clearpoke
|poke|p1|Carbink, L1|
|poke|p1|Braviary-Hisui, M|
|poke|p1|Ursaluna, M|
|poke|p1|Kingambit, M|
|poke|p1|Iron Hands|
|poke|p1|Hatterene, F|
|poke|p2|Torterra, M|
|poke|p2|Dragapult, M|
|poke|p2|Samurott-Hisui, M|
|poke|p2|Iron Valiant|
|poke|p2|Kingambit, F|
|poke|p2|Gholdengo|
|teampreview
|inactive|Battle timer is ON: inactive players will automatically lose when time's up. (requested by ShadowFerretofD00M)
|c|☆ShadowFerretofD00M|glhf
|c|☆gfitzy|u2
|
|t:|1769382119
|teamsize|p1|6
|teamsize|p2|6
|start
|switch|p1a: The Bink|Carbink, L1, shiny|100/100
|switch|p2a: Samurott|Samurott-Hisui, M|100/100
|turn|1
|
|t:|1769382126
|move|p2a: Samurott|Ceaseless Edge|p1a: The Bink
|-resisted|p1a: The Bink
|-ability|p1a: The Bink|Sturdy
|-damage|p1a: The Bink|9/100
|-sidestart|p1: gfitzy|Spikes
|move|p1a: The Bink|Trick Room|p1a: The Bink
|-fieldstart|move: Trick Room|[of] p1a: The Bink
|
|-damage|p1a: The Bink|0 fnt|[from] item: Black Sludge
|faint|p1a: The Bink
|upkeep
|c|☆ShadowFerretofD00M|that's a crazy strat
|
|t:|1769382145
|switch|p1a: Bonnie|Iron Hands|100/100
|-damage|p1a: Bonnie|88/100|[from] Spikes
|-enditem|p1a: Bonnie|Booster Energy
|-activate|p1a: Bonnie|ability: Quark Drive|[fromitem]
|-start|p1a: Bonnie|quarkdriveatk
|turn|2
|c|☆gfitzy|i fw it heavy
|
|t:|1769382159
|move|p1a: Bonnie|Thunder Punch|p2a: Samurott
|-supereffective|p2a: Samurott
|-damage|p2a: Samurott|0 fnt
|faint|p2a: Samurott
|
|upkeep
|
|t:|1769382168
|switch|p2a: Dragapult|Dragapult, M|100/100
|turn|3
|
|t:|1769382177
|move|p1a: Bonnie|Ice Punch|p2a: Dragapult
|-supereffective|p2a: Dragapult
|-damage|p2a: Dragapult|8/100
|move|p2a: Dragapult|Reflect|p2a: Dragapult
|-sidestart|p2: ShadowFerretofD00M|Reflect
|
|upkeep
|turn|4
|
|t:|1769382182
|move|p1a: Bonnie|Ice Punch|p2a: Dragapult
|-supereffective|p2a: Dragapult
|-damage|p2a: Dragapult|0 fnt
|-start|p1a: Bonnie|Disable|Ice Punch|[from] ability: Cursed Body|[of] p2a: Dragapult
|faint|p2a: Dragapult
|
|upkeep
|
|t:|1769382187
|switch|p2a: Torterra|Torterra, M|100/100
|turn|5
|
|t:|1769382197
|-end|p1a: Bonnie|Quark Drive|[silent]
|switch|p1a: Balloon Boy|Braviary-Hisui, M, shiny|100/100
|move|p2a: Torterra|Shell Smash|p2a: Torterra
|-unboost|p2a: Torterra|def|1
|-unboost|p2a: Torterra|spd|1
|-boost|p2a: Torterra|atk|2
|-boost|p2a: Torterra|spa|2
|-boost|p2a: Torterra|spe|2
|
|-fieldend|move: Trick Room
|upkeep
|turn|6
|
|t:|1769382214
|-terastallize|p1a: Balloon Boy|Fighting
|move|p2a: Torterra|Rock Blast|p1a: Balloon Boy
|-resisted|p1a: Balloon Boy
|-damage|p1a: Balloon Boy|91/100
|-resisted|p1a: Balloon Boy
|-damage|p1a: Balloon Boy|82/100
|-resisted|p1a: Balloon Boy
|-damage|p1a: Balloon Boy|72/100
|-resisted|p1a: Balloon Boy
|-damage|p1a: Balloon Boy|63/100
|-resisted|p1a: Balloon Boy
|-damage|p1a: Balloon Boy|54/100
|-hitcount|p1a: Balloon Boy|5
|move|p1a: Balloon Boy|Psychic|p2a: Torterra
|-damage|p2a: Torterra|0 fnt
|faint|p2a: Torterra
|
|upkeep
|
|t:|1769382228
|switch|p2a: Kingambit|Kingambit, F|100/100
|-activate|p2a: Kingambit|ability: Supreme Overlord
|-start|p2a: Kingambit|fallen3|[silent]
|turn|7
|c|☆ShadowFerretofD00M|misclick
|c|☆ShadowFerretofD00M|sigh
|
|t:|1769382242
|move|p1a: Balloon Boy|Vacuum Wave|p2a: Kingambit
|-supereffective|p2a: Kingambit
|-damage|p2a: Kingambit|0 fnt
|faint|p2a: Kingambit
|-end|p2a: Kingambit|fallen3|[silent]
|-damage|p1a: Balloon Boy|44/100|[from] item: Life Orb
|
|upkeep
|c|☆gfitzy|all good
|
|t:|1769382245
|switch|p2a: Iron Valiant|Iron Valiant|100/100
|-enditem|p2a: Iron Valiant|Booster Energy
|-activate|p2a: Iron Valiant|ability: Quark Drive|[fromitem]
|-start|p2a: Iron Valiant|quarkdrivespe
|turn|8
|
|t:|1769382254
|move|p1a: Balloon Boy|Vacuum Wave|p2a: Iron Valiant
|-resisted|p2a: Iron Valiant
|-damage|p2a: Iron Valiant|76/100
|-damage|p1a: Balloon Boy|35/100|[from] item: Life Orb
|move|p2a: Iron Valiant|Calm Mind|p2a: Iron Valiant
|-boost|p2a: Iron Valiant|spa|1
|-boost|p2a: Iron Valiant|spd|1
|
|upkeep
|turn|9
|
|t:|1769382261
|move|p2a: Iron Valiant|Moonblast|p1a: Balloon Boy
|-supereffective|p1a: Balloon Boy
|-damage|p1a: Balloon Boy|0 fnt
|faint|p1a: Balloon Boy
|
|upkeep
|
|t:|1769382270
|switch|p1a: Chica|Hatterene, F|100/100
|-damage|p1a: Chica|88/100|[from] Spikes
|turn|10
|
|t:|1769382273
|move|p2a: Iron Valiant|Moonblast|p1a: Chica
|-damage|p1a: Chica|13/100
|move|p1a: Chica|Trick Room|p1a: Chica
|-fieldstart|move: Trick Room|[of] p1a: Chica
|
|-sideend|p2: ShadowFerretofD00M|Reflect
|upkeep
|turn|11
|
|t:|1769382283
|-terastallize|p2a: Iron Valiant|Steel
|move|p1a: Chica|Dazzling Gleam|p2a: Iron Valiant
|-resisted|p2a: Iron Valiant
|-damage|p2a: Iron Valiant|49/100
|move|p2a: Iron Valiant|Moonblast|p1a: Chica
|-damage|p1a: Chica|0 fnt
|faint|p1a: Chica
|
|upkeep
|
|t:|1769382303
|switch|p1a: Bonnie|Iron Hands|88/100
|-damage|p1a: Bonnie|76/100|[from] Spikes
|turn|12
|
|t:|1769382310
|-end|p2a: Iron Valiant|Quark Drive|[silent]
|switch|p2a: Gholdengo|Gholdengo|100/100
|-item|p2a: Gholdengo|Air Balloon
|move|p1a: Bonnie|Thunder Punch|p2a: Gholdengo
|-damage|p2a: Gholdengo|54/100
|-enditem|p2a: Gholdengo|Air Balloon
|
|upkeep
|turn|13
|
|t:|1769382320
|move|p1a: Bonnie|Thunder Punch|p2a: Gholdengo
|-damage|p2a: Gholdengo|4/100
|move|p2a: Gholdengo|Shadow Ball|p1a: Bonnie
|-damage|p1a: Bonnie|45/100
|
|upkeep
|turn|14
|
|t:|1769382328
|move|p1a: Bonnie|Thunder Punch|p2a: Gholdengo
|-damage|p2a: Gholdengo|0 fnt
|faint|p2a: Gholdengo
|
|-fieldend|move: Trick Room
|upkeep
|
|t:|1769382332
|switch|p2a: Iron Valiant|Iron Valiant, tera:Steel|49/100
|turn|15
|
|t:|1769382335
|move|p2a: Iron Valiant|Moonblast|p1a: Bonnie
|-supereffective|p1a: Bonnie
|-damage|p1a: Bonnie|0 fnt
|faint|p1a: Bonnie
|-end|p1a: Bonnie|Quark Drive|[silent]
|
|upkeep
|
|t:|1769382346
|switch|p1a: William Afton|Kingambit, M|100/100
|-damage|p1a: William Afton|88/100|[from] Spikes
|-activate|p1a: William Afton|ability: Supreme Overlord
|-start|p1a: William Afton|fallen4|[silent]
|turn|16
|c|☆ShadowFerretofD00M|gg
|
|t:|1769382354
|move|p2a: Iron Valiant|Moonblast|p1a: William Afton
|-damage|p1a: William Afton|43/100
|move|p1a: William Afton|Kowtow Cleave|p2a: Iron Valiant
|-damage|p2a: Iron Valiant|0 fnt
|faint|p2a: Iron Valiant
|-end|p2a: Iron Valiant|Quark Drive|[silent]
|
|win|gfitzy
|raw|gfitzy's rating: 1431 &rarr; <strong>1452</strong><br />(+21 for winning)
|raw|ShadowFerretofD00M's rating: 1444 &rarr; <strong>1423</strong><br />(-21 for losing)
|c|☆gfitzy|gg
|l|☆ShadowFerretofD00M
|player|p2|
|l|☆gfitzy
|player|p1|
