|j|☆CDCS5 leal
|j|☆zxcaliari
|t:|1769297002
|gametype|singles
|player|p1|CDCS5 leal|giovanni|
|player|p2|zxcaliari|169|
|gen|9
|tier|[Gen 9] OU
|rule|HP Percentage Mod: HP is shown in percentages
|rule|Endless Battle Clause: Forcing endless battles is banned
|rule|Species Clause: Limit one of each Pokémon
|rule|OHKO Clause: OHKO moves are banned
|rule|Evasion Items Clause: Evasion items are banned
|rule|Evasion Moves Clause: Evasion moves are banned
|rule|Evasion Abilities Clause: Evasion abilities are banned
|rule|Sleep Moves Clause: Sleep-inducing moves are banned
|clearpoke
|poke|p1|Kyurem|
|poke|p1|Samurott-Hisui, F|
|poke|p1|Landorus-Therian, M|
|poke|p1|Hatterene, F|
|poke|p1|Zamazenta-*|
|poke|p1|Iron Moth|
|poke|p2|Kingambit, F|
|poke|p2|Slowking-Galar, M|
|poke|p2|Ogerpon-Wellspring, F|
|poke|p2|Great Tusk|
|poke|p2|Dragapult, F|
|poke|p2|Raging Bolt|
|teampreview
|inactive|Battle timer is ON: inactive players will automatically lose when time's up. (requested by zxcaliari)
|
|t:|1769297019
|teamsize|p1|6
|teamsize|p2|6
|start
|switch|p1a: Samurott|Samurott-Hisui, F|100/100
|switch|p2a: Dragapult|Dragapult, F|100/100
|turn|1
|
|t:|1769297029
|move|p2a: Dragapult|U-turn|p1a: Samurott
|-supereffective|p1a: Samurott
|-damage|p1a: Samurott|62/100
|
|t:|1769297033
|switch|p2a: Great Tusk|Great Tusk|100/100|[from] U-turn
|move|p1a: Samurott|Ceaseless Edge|p2a: Great Tusk
|-resisted|p2a: Great Tusk
|-damage|p2a: Great Tusk|84/100
|-damage|p1a: Samurott|46/100|[from] item: Rocky Helmet|[of] p2a: Great Tusk
|-sidestart|p2: zxcaliari|Spikes
|
|upkeep
|turn|2
|
|t:|1769297041
|switch|p1a: Landorus|Landorus-Therian, M|100/100
|-ability|p1a: Landorus|Intimidate|boost
|-unboost|p2a: Great Tusk|atk|1
|move|p2a: Great Tusk|Rapid Spin|p1a: Landorus
|-damage|p1a: Landorus|88/100
|-boost|p2a: Great Tusk|spe|1
|-damage|p2a: Great Tusk|67/100|[from] item: Rocky Helmet|[of] p1a: Landorus
|-sideend|p2: zxcaliari|Spikes|[from] move: Rapid Spin|[of] p2a: Great Tusk
|
|upkeep
|turn|3
|
|t:|1769297053
|switch|p1a: Zamazenta|Zamazenta|100/100
|-ability|p1a: Zamazenta|Dauntless Shield|boost
|-boost|p1a: Zamazenta|def|1
|move|p2a: Great Tusk|Ice Spinner|p1a: Zamazenta
|-damage|p1a: Zamazenta|91/100
|
|-heal|p1a: Zamazenta|97/100|[from] item: Leftovers
|upkeep
|turn|4
|
|t:|1769297059
|-end|p2a: Great Tusk|Protosynthesis|[silent]
|switch|p2a: Dragapult|Dragapult, F|100/100
|move|p1a: Zamazenta|Iron Defense|p1a: Zamazenta
|-boost|p1a: Zamazenta|def|2
|
|-heal|p1a: Zamazenta|100/100|[from] item: Leftovers
|upkeep
|turn|5
|
|t:|1769297065
|switch|p1a: Hatterene|Hatterene, F|100/100
|move|p2a: Dragapult|Will-O-Wisp|p1a: Hatterene
|move|p1a: Hatterene|Will-O-Wisp|p2a: Dragapult|[from] ability: Magic Bounce
|-status|p2a: Dragapult|brn
|
|-damage|p2a: Dragapult|95/100 brn|[from] brn
|upkeep
|turn|6
|
|t:|1769297083
|move|p2a: Dragapult|U-turn|p1a: Hatterene
|-damage|p1a: Hatterene|91/100
|
|t:|1769297104
|switch|p2a: Kingambit|Kingambit, F|100/100|[from] U-turn
|move|p1a: Hatterene|Nuzzle|p2a: Kingambit
|-damage|p2a: Kingambit|97/100
|-status|p2a: Kingambit|par
|
|-heal|p2a: Kingambit|100/100 par|[from] item: Leftovers
|upkeep
|turn|7
|
|t:|1769297112
|switch|p1a: Landorus|Landorus-Therian, M|88/100
|-ability|p1a: Landorus|Intimidate|boost
|-unboost|p2a: Kingambit|atk|1
|move|p2a: Kingambit|Kowtow Cleave|p1a: Landorus
|-damage|p1a: Landorus|55/100
|-damage|p2a: Kingambit|84/100 par|[from] item: Rocky Helmet|[of] p1a: Landorus
|
|-heal|p2a: Kingambit|90/100 par|[from] item: Leftovers
|upkeep
|turn|8
|
|t:|1769297118
|-end|p2a: Kingambit|fallenundefined|[silent]
|switch|p2a: Dragapult|Dragapult, F|95/100 brn
|move|p1a: Landorus|Stealth Rock|p2a: Dragapult
|-sidestart|p2: zxcaliari|move: Stealth Rock
|
|-damage|p2a: Dragapult|89/100 brn|[from] brn
|upkeep
|turn|9
|
|t:|1769297125
|switch|p1a: Samurott|Samurott-Hisui, F|46/100
|move|p2a: Dragapult|U-turn|p1a: Samurott
|-supereffective|p1a: Samurott
|-damage|p1a: Samurott|28/100
|
|t:|1769297135
|switch|p2a: Ogerpon|Ogerpon-Wellspring, F|100/100|[from] U-turn
|-damage|p2a: Ogerpon|88/100|[from] Stealth Rock
|
|upkeep
|turn|10
|inactive|CDCS5 leal has 270 seconds left.
|
|t:|1769297173
|switch|p1a: Zamazenta|Zamazenta|100/100
|move|p2a: Ogerpon|U-turn|p1a: Zamazenta
|-resisted|p1a: Zamazenta
|-damage|p1a: Zamazenta|90/100
|inactive|zxcaliari has 270 seconds left.
|
|t:|1769297205
|switch|p2a: Dragapult|Dragapult, F|89/100 brn|[from] U-turn
|
|-heal|p1a: Zamazenta|96/100|[from] item: Leftovers
|-damage|p2a: Dragapult|83/100 brn|[from] brn
|upkeep
|turn|11
|inactive|zxcaliari has 270 seconds left.
|
|t:|1769297216
|switch|p1a: Hatterene|Hatterene, F|91/100
|move|p2a: Dragapult|U-turn|p1a: Hatterene
|-damage|p1a: Hatterene|82/100
|inactive|zxcaliari has 270 seconds left.
|
|t:|1769297227
|switch|p2a: Ogerpon|Ogerpon-Wellspring, F|88/100|[from] U-turn
|-damage|p2a: Ogerpon|76/100|[from] Stealth Rock
|
|upkeep
|turn|12
|inactive|zxcaliari has 270 seconds left.
|
|t:|1769297239
|move|p2a: Ogerpon|U-turn|p1a: Hatterene
|-damage|p1a: Hatterene|50/100
|
|t:|1769297241
|switch|p2a: Great Tusk|Great Tusk|67/100|[from] U-turn
|-damage|p2a: Great Tusk|64/100|[from] Stealth Rock
|move|p1a: Hatterene|Draining Kiss|p2a: Great Tusk
|-supereffective|p2a: Great Tusk
|-damage|p2a: Great Tusk|0 fnt
|-heal|p1a: Hatterene|100/100|[from] drain|[of] p2a: Great Tusk
|-damage|p1a: Hatterene|84/100|[from] item: Rocky Helmet|[of] p2a: Great Tusk
|faint|p2a: Great Tusk
|-end|p2a: Great Tusk|Protosynthesis|[silent]
|
|upkeep
|inactive|zxcaliari has 270 seconds left.
|
|t:|1769297257
|switch|p2a: Slowking|Slowking-Galar, M|100/100
|-damage|p2a: Slowking|88/100|[from] Stealth Rock
|turn|13
|inactive|zxcaliari has 270 seconds left.
|
|t:|1769297263
|switch|p1a: Samurott|Samurott-Hisui, F|28/100
|move|p2a: Slowking|Sludge Bomb|p1a: Samurott
|-damage|p1a: Samurott|0 fnt
|faint|p1a: Samurott
|
|upkeep
|
|t:|1769297269
|switch|p1a: Kyurem|Kyurem|100/100
|-ability|p1a: Kyurem|Pressure
|turn|14
|
|t:|1769297280
|move|p1a: Kyurem|Scale Shot|p2a: Slowking
|-damage|p2a: Slowking|79/100
|-damage|p2a: Slowking|70/100
|-damage|p2a: Slowking|63/100
|-damage|p2a: Slowking|54/100
|-damage|p2a: Slowking|46/100
|-hitcount|p2a: Slowking|5
|-unboost|p1a: Kyurem|def|1
|-boost|p1a: Kyurem|spe|1
|move|p2a: Slowking|Sludge Bomb|p1a: Kyurem
|-damage|p1a: Kyurem|63/100
|-status|p1a: Kyurem|psn
|
|-damage|p1a: Kyurem|50/100 psn|[from] psn
|upkeep
|turn|15
|
|t:|1769297297
|move|p1a: Kyurem|Earth Power|p2a: Slowking
|-supereffective|p2a: Slowking
|-damage|p2a: Slowking|12/100
|move|p2a: Slowking|Sludge Bomb|p1a: Kyurem
|-damage|p1a: Kyurem|17/100 psn
|
|-damage|p1a: Kyurem|5/100 psn|[from] psn
|upkeep
|turn|16
|
|t:|1769297315
|switch|p2a: Dragapult|Dragapult, F|83/100 brn
|move|p1a: Kyurem|Ice Beam|p2a: Dragapult
|-supereffective|p2a: Dragapult
|-damage|p2a: Dragapult|0 fnt
|faint|p2a: Dragapult
|
|-damage|p1a: Kyurem|0 fnt|[from] psn
|faint|p1a: Kyurem
|upkeep
|inactive|zxcaliari has 270 seconds left.
|
|t:|1769297326
|switch|p2a: Ogerpon|Ogerpon-Wellspring, F|76/100
|switch|p1a: Landorus|Landorus-Therian, M|55/100
|-damage|p2a: Ogerpon|64/100|[from] Stealth Rock
|-ability|p1a: Landorus|Intimidate|boost
|-unboost|p2a: Ogerpon|atk|1
|turn|17
|
|t:|1769297332
|switch|p1a: Zamazenta|Zamazenta|96/100
|move|p2a: Ogerpon|Ivy Cudgel|p1a: Zamazenta|[anim] Ivy Cudgel Water
|-damage|p1a: Zamazenta|66/100
|
|-heal|p1a: Zamazenta|72/100|[from] item: Leftovers
|upkeep
|turn|18
|
|t:|1769297347
|move|p1a: Zamazenta|Body Press|p2a: Ogerpon
|-crit|p2a: Ogerpon
|-damage|p2a: Ogerpon|0 fnt
|faint|p2a: Ogerpon
|
|-heal|p1a: Zamazenta|79/100|[from] item: Leftovers
|upkeep
|
|t:|1769297361
|switch|p2a: Raging Bolt|Raging Bolt|100/100
|-damage|p2a: Raging Bolt|88/100|[from] Stealth Rock
|-enditem|p2a: Raging Bolt|Booster Energy
|-activate|p2a: Raging Bolt|ability: Protosynthesis|[fromitem]
|-start|p2a: Raging Bolt|protosynthesisspa
|turn|19
|
|t:|1769297372
|move|p2a: Raging Bolt|Calm Mind|p2a: Raging Bolt
|-boost|p2a: Raging Bolt|spa|1
|-boost|p2a: Raging Bolt|spd|1
|move|p1a: Zamazenta|Roar|p2a: Raging Bolt
|-end|p2a: Raging Bolt|Protosynthesis|[silent]
|drag|p2a: Slowking|Slowking-Galar, M|46/100
|-damage|p2a: Slowking|33/100|[from] Stealth Rock
|
|-heal|p1a: Zamazenta|85/100|[from] item: Leftovers
|upkeep
|turn|20
|
|t:|1769297380
|move|p1a: Zamazenta|Crunch|p2a: Slowking
|-supereffective|p2a: Slowking
|-damage|p2a: Slowking|0 fnt
|faint|p2a: Slowking
|
|-heal|p1a: Zamazenta|91/100|[from] item: Leftovers
|upkeep
|
|t:|1769297383
|switch|p2a: Raging Bolt|Raging Bolt|88/100
|-damage|p2a: Raging Bolt|76/100|[from] Stealth Rock
|turn|21
|
|t:|1769297391
|switch|p1a: Hatterene|Hatterene, F|84/100
|move|p2a: Raging Bolt|Dragon Pulse|p1a: Hatterene
|-immune|p1a: Hatterene
|
|upkeep
|turn|22
|
|t:|1769297401
|move|p2a: Raging Bolt|Calm Mind|p2a: Raging Bolt
|-boost|p2a: Raging Bolt|spa|1
|-boost|p2a: Raging Bolt|spd|1
|move|p1a: Hatterene|Draining Kiss|p2a: Raging Bolt
|-supereffective|p2a: Raging Bolt
|-damage|p2a: Raging Bolt|40/100
|-heal|p1a: Hatterene|100/100|[from] drain|[of] p2a: Raging Bolt
|
|upkeep
|turn|23
|
|t:|1769297406
|move|p2a: Raging Bolt|Calm Mind|p2a: Raging Bolt
|-boost|p2a: Raging Bolt|spa|1
|-boost|p2a: Raging Bolt|spd|1
|move|p1a: Hatterene|Draining Kiss|p2a: Raging Bolt
|-supereffective|p2a: Raging Bolt
|-damage|p2a: Raging Bolt|14/100
|
|upkeep
|turn|24
|
|t:|1769297410
|move|p2a: Raging Bolt|Thunderbolt|p1a: Hatterene
|-damage|p1a: Hatterene|27/100
|-status|p1a: Hatterene|par
|cant|p1a: Hatterene|par
|
|upkeep
|turn|25
|
|t:|1769297416
|move|p2a: Raging Bolt|Thunderbolt|p1a: Hatterene
|-damage|p1a: Hatterene|0 fnt
|faint|p1a: Hatterene
|
|upkeep
|
|t:|1769297419
|switch|p1a: Landorus|Landorus-Therian, M|55/100
|-ability|p1a: Landorus|Intimidate|boost
|-unboost|p2a: Raging Bolt|atk|1
|turn|26
|
|t:|1769297438
|move|p1a: Landorus|U-turn|p2a: Raging Bolt
|-damage|p2a: Raging Bolt|0 fnt
|faint|p2a: Raging Bolt
|-end|p2a: Raging Bolt|Protosynthesis|[silent]
|
|t:|1769297440
|switch|p1a: Iron Moth|Iron Moth|100/100|[from] U-turn
|-enditem|p1a: Iron Moth|Booster Energy
|-activate|p1a: Iron Moth|ability: Quark Drive|[fromitem]
|-start|p1a: Iron Moth|quarkdrivespe
|
|upkeep
|
|t:|1769297442
|switch|p2a: Kingambit|Kingambit, F|90/100 par
|-damage|p2a: Kingambit|84/100 par|[from] Stealth Rock
|-activate|p2a: Kingambit|ability: Supreme Overlord
|-start|p2a: Kingambit|fallen5|[silent]
|turn|27
|
|t:|1769297449
|-terastallize|p2a: Kingambit|Dark
|move|p2a: Kingambit|Sucker Punch|p1a: Iron Moth
|-crit|p1a: Iron Moth
|-damage|p1a: Iron Moth|0 fnt
|faint|p1a: Iron Moth
|-end|p1a: Iron Moth|Quark Drive|[silent]
|
|-heal|p2a: Kingambit|90/100 par|[from] item: Leftovers
|upkeep
|
|t:|1769297460
|switch|p1a: Landorus|Landorus-Therian, M|55/100
|-ability|p1a: Landorus|Intimidate|boost
|-unboost|p2a: Kingambit|atk|1
|turn|28
|
|t:|1769297463
|move|p1a: Landorus|Taunt|p2a: Kingambit
|-start|p2a: Kingambit|move: Taunt
|cant|p2a: Kingambit|move: Taunt|Swords Dance
|
|-heal|p2a: Kingambit|96/100 par|[from] item: Leftovers
|upkeep
|turn|29
|
|t:|1769297468
|move|p1a: Landorus|Earthquake|p2a: Kingambit
|-damage|p2a: Kingambit|63/100 par
|move|p2a: Kingambit|Kowtow Cleave|p1a: Landorus
|-damage|p1a: Landorus|0 fnt
|-damage|p2a: Kingambit|47/100 par|[from] item: Rocky Helmet|[of] p1a: Landorus
|faint|p1a: Landorus
|
|-heal|p2a: Kingambit|53/100 par|[from] item: Leftovers
|upkeep
|
|t:|1769297470
|switch|p1a: Zamazenta|Zamazenta|91/100
|turn|30
|
|t:|1769297474
|move|p1a: Zamazenta|Iron Defense|p1a: Zamazenta
|-boost|p1a: Zamazenta|def|2
|move|p2a: Kingambit|Iron Head|p1a: Zamazenta
|-damage|p1a: Zamazenta|75/100
|
|-heal|p1a: Zamazenta|81/100|[from] item: Leftovers
|-heal|p2a: Kingambit|59/100 par|[from] item: Leftovers
|-end|p2a: Kingambit|move: Taunt
|upkeep
|turn|31
|
|t:|1769297478
|move|p1a: Zamazenta|Body Press|p2a: Kingambit
|-supereffective|p2a: Kingambit
|-damage|p2a: Kingambit|0 fnt
|faint|p2a: Kingambit
|-end|p2a: Kingambit|fallen5|[silent]
|
|win|CDCS5 leal
