|j|☆GnsKarma
|j|☆OversizedMayoJar
|t:|1769441351
|gametype|singles
|player|p1|GnsKarma|170|1121
|player|p2|OversizedMayoJar|winona|1158
|gen|9
|tier|[Gen 9] OU
|rated|
|rule|HP Percentage Mod: HP is shown in percentages
|rule|Endless Battle Clause: Forcing endless battles is banned
|rule|Species Clause: Limit one of each Pokémon
|rule|OHKO Clause: OHKO moves are banned
|rule|Evasion Items Clause: Evasion items are banned
|rule|Evasion Moves Clause: Evasion moves are banned
|rule|Evasion Abilities Clause: Evasion abilities are banned
|rule|Sleep Moves Clause: Sleep-inducing moves are banned
|clearpoke
|poke|p1|Decidueye, M|
|poke|p1|Pecharunt|
|poke|p1|Vaporeon, F|
|poke|p1|Walking Wake|
|poke|p1|Garchomp, M|
|poke|p1|Raging Bolt|
|poke|p2|Ogerpon, F|
|poke|p2|Rillaboom, F|
|poke|p2|Slowking-Galar, M|
|poke|p2|Iron Treads|
|poke|p2|Alomomola, F|
|poke|p2|Iron Valiant|
|teampreview
|inactive|Battle timer is ON: inactive players will automatically lose when time's up. (requested by OversizedMayoJar)
|
|t:|1769441361
|teamsize|p1|6
|teamsize|p2|6
|start
|switch|p1a: Ostia Uff|Walking Wake|100/100
|switch|p2a: Iron Treads|Iron Treads|100/100
|turn|1
|
|t:|1769441370
|-end|p2a: Iron Treads|Quark Drive|[silent]
|switch|p2a: Slowking|Slowking-Galar, M|100/100
|move|p1a: Ostia Uff|Flip Turn|p2a: Slowking
|-damage|p2a: Slowking|84/100
|
|t:|1769441378
|-end|p1a: Ostia Uff|Protosynthesis|[silent]
|switch|p1a: M-Garchimp|Garchomp, M|100/100|[from] Flip Turn
|
|upkeep
|turn|2
|
|t:|1769441386
|switch|p2a: Alomomola|Alomomola, F|100/100
|move|p1a: M-Garchimp|Poison Jab|p2a: Alomomola
|-damage|p2a: Alomomola|86/100
|-damage|p1a: M-Garchimp|84/100|[from] item: Rocky Helmet|[of] p2a: Alomomola
|
|upkeep
|turn|3
|
|t:|1769441395
|switch|p1a: No-No-No|Vaporeon, F, shiny|100/100
|move|p2a: Alomomola|Scald|p1a: No-No-No
|-immune|p1a: No-No-No|[from] ability: Water Absorb
|
|upkeep
|turn|4
|
|t:|1769441406
|switch|p2a: Slowking|Slowking-Galar, M|100/100
|move|p1a: No-No-No|Flip Turn|p2a: Slowking
|-damage|p2a: Slowking|87/100
|
|t:|1769441414
|switch|p1a: M-Garchimp|Garchomp, M|84/100|[from] Flip Turn
|
|upkeep
|turn|5
|
|t:|1769441419
|switch|p2a: Alomomola|Alomomola, F|100/100
|move|p1a: M-Garchimp|Earthquake|p2a: Alomomola
|-damage|p2a: Alomomola|72/100
|
|upkeep
|turn|6
|
|t:|1769441431
|switch|p1a: No-No-No|Vaporeon, F, shiny|100/100
|move|p2a: Alomomola|Scald|p1a: No-No-No
|-immune|p1a: No-No-No|[from] ability: Water Absorb
|
|upkeep
|turn|7
|inactive|OversizedMayoJar has 120 seconds left.
|
|t:|1769441462
|switch|p2a: Slowking|Slowking-Galar, M|100/100
|move|p1a: No-No-No|Scald|p2a: Slowking
|-damage|p2a: Slowking|88/100
|-status|p2a: Slowking|brn
|
|-damage|p2a: Slowking|82/100 brn|[from] brn
|upkeep
|turn|8
|inactive|OversizedMayoJar has 120 seconds left.
|
|t:|1769441475
|switch|p1a: Uff|Pecharunt|100/100
|move|p2a: Slowking|Ice Beam|p1a: Uff
|-damage|p1a: Uff|78/100
|
|-heal|p1a: Uff|84/100|[from] item: Leftovers
|-damage|p2a: Slowking|76/100 brn|[from] brn
|upkeep
|turn|9
|
|t:|1769441486
|move|p1a: Uff|Shadow Ball|p2a: Slowking
|-supereffective|p2a: Slowking
|-damage|p2a: Slowking|56/100 brn
|move|p2a: Slowking|Future Sight|p1a: Uff
|-start|p2a: Slowking|move: Future Sight
|
|-heal|p1a: Uff|90/100|[from] item: Leftovers
|-damage|p2a: Slowking|50/100 brn|[from] brn
|upkeep
|turn|10
|
|t:|1769441499
|move|p1a: Uff|Shadow Ball|p2a: Slowking
|-supereffective|p2a: Slowking
|-damage|p2a: Slowking|29/100 brn
|move|p2a: Slowking|Flamethrower|p1a: Uff
|-damage|p1a: Uff|67/100
|-status|p1a: Uff|brn
|
|-heal|p1a: Uff|73/100 brn|[from] item: Leftovers
|-damage|p1a: Uff|67/100 brn|[from] brn
|-damage|p2a: Slowking|23/100 brn|[from] brn
|upkeep
|turn|11
|
|t:|1769441510
|switch|p1a: No-No-No|Vaporeon, F, shiny|100/100
|switch|p2a: Alomomola|Alomomola, F|100/100
|
|-end|p1a: No-No-No|move: Future Sight
|-damage|p1a: No-No-No|76/100
|-heal|p1a: No-No-No|82/100|[from] item: Leftovers
|upkeep
|turn|12
|
|t:|1769441520
|move|p1a: No-No-No|Wish|p1a: No-No-No
|move|p2a: Alomomola|Wish|p2a: Alomomola
|
|-heal|p1a: No-No-No|88/100|[from] item: Leftovers
|upkeep
|turn|13
|
|t:|1769441537
|switch|p2a: Slowking|Slowking-Galar, M|57/100 brn
|move|p1a: No-No-No|Scald|p2a: Slowking
|-damage|p2a: Slowking|45/100 brn
|
|-heal|p1a: No-No-No|100/100|[from] move: Wish|[wisher] No-No-No
|-heal|p2a: Slowking|100/100 brn|[from] move: Wish|[wisher] Alomomola
|-damage|p2a: Slowking|94/100 brn|[from] brn
|upkeep
|turn|14
|
|t:|1769441548
|move|p1a: No-No-No|Flip Turn|p2a: Slowking
|-damage|p2a: Slowking|80/100 brn
|
|t:|1769441553
|switch|p1a: Uff|Pecharunt|67/100 brn|[from] Flip Turn
|move|p2a: Slowking|Future Sight|p1a: Uff
|-start|p2a: Slowking|move: Future Sight
|
|-heal|p1a: Uff|73/100 brn|[from] item: Leftovers
|-damage|p1a: Uff|67/100 brn|[from] brn
|-damage|p2a: Slowking|73/100 brn|[from] brn
|upkeep
|turn|15
|
|t:|1769441565
|move|p1a: Uff|Recover|p1a: Uff
|-heal|p1a: Uff|100/100 brn
|move|p2a: Slowking|Flamethrower|p1a: Uff
|-damage|p1a: Uff|77/100 brn
|
|-heal|p1a: Uff|83/100 brn|[from] item: Leftovers
|-damage|p1a: Uff|77/100 brn|[from] brn
|-damage|p2a: Slowking|67/100 brn|[from] brn
|upkeep
|turn|16
|
|t:|1769441573
|switch|p1a: No-No-No|Vaporeon, F, shiny|100/100
|move|p2a: Slowking|Flamethrower|p1a: No-No-No
|-resisted|p1a: No-No-No
|-damage|p1a: No-No-No|94/100
|
|-end|p1a: No-No-No|move: Future Sight
|-damage|p1a: No-No-No|70/100
|-heal|p1a: No-No-No|76/100|[from] item: Leftovers
|-damage|p2a: Slowking|61/100 brn|[from] brn
|upkeep
|turn|17
|
|t:|1769441584
|move|p1a: No-No-No|Scald|p2a: Slowking
|-damage|p2a: Slowking|49/100 brn
|move|p2a: Slowking|Sludge Bomb|p1a: No-No-No
|-damage|p1a: No-No-No|57/100
|
|-heal|p1a: No-No-No|63/100|[from] item: Leftovers
|-damage|p2a: Slowking|42/100 brn|[from] brn
|upkeep
|turn|18
|
|t:|1769441593
|move|p1a: No-No-No|Wish|p1a: No-No-No
|move|p2a: Slowking|Sludge Bomb|p1a: No-No-No
|-damage|p1a: No-No-No|44/100
|
|-heal|p1a: No-No-No|50/100|[from] item: Leftovers
|-damage|p2a: Slowking|36/100 brn|[from] brn
|upkeep
|turn|19
|
|t:|1769441602
|move|p1a: No-No-No|Scald|p2a: Slowking
|-damage|p2a: Slowking|25/100 brn
|move|p2a: Slowking|Sludge Bomb|p1a: No-No-No
|-damage|p1a: No-No-No|31/100
|
|-heal|p1a: No-No-No|81/100|[from] move: Wish|[wisher] No-No-No
|-heal|p1a: No-No-No|87/100|[from] item: Leftovers
|-damage|p2a: Slowking|19/100 brn|[from] brn
|upkeep
|turn|20
|
|t:|1769441612
|switch|p2a: Alomomola|Alomomola, F|100/100
|move|p1a: No-No-No|Flip Turn|p2a: Alomomola
|-resisted|p2a: Alomomola
|-damage|p2a: Alomomola|97/100
|-damage|p1a: No-No-No|71/100|[from] item: Rocky Helmet|[of] p2a: Alomomola
|
|t:|1769441623
|switch|p1a: Raging Bolt|Raging Bolt|100/100|[from] Flip Turn
|
|upkeep
|turn|21
|
|t:|1769441629
|switch|p2a: Slowking|Slowking-Galar, M|52/100 brn
|move|p1a: Raging Bolt|Substitute|p1a: Raging Bolt
|-start|p1a: Raging Bolt|Substitute
|-damage|p1a: Raging Bolt|76/100
|
|-heal|p1a: Raging Bolt|82/100|[from] item: Leftovers
|-damage|p2a: Slowking|46/100 brn|[from] brn
|upkeep
|turn|22
|
|t:|1769441638
|move|p1a: Raging Bolt|Calm Mind|p1a: Raging Bolt
|-boost|p1a: Raging Bolt|spa|1
|-boost|p1a: Raging Bolt|spd|1
|move|p2a: Slowking|Future Sight|p1a: Raging Bolt
|-start|p2a: Slowking|move: Future Sight
|
|-heal|p1a: Raging Bolt|88/100|[from] item: Leftovers
|-damage|p2a: Slowking|40/100 brn|[from] brn
|upkeep
|turn|23
|
|t:|1769441646
|switch|p2a: Iron Treads|Iron Treads|100/100
|move|p1a: Raging Bolt|Calm Mind|p1a: Raging Bolt
|-boost|p1a: Raging Bolt|spa|1
|-boost|p1a: Raging Bolt|spd|1
|
|-heal|p1a: Raging Bolt|94/100|[from] item: Leftovers
|upkeep
|turn|24
|
|t:|1769441654
|move|p2a: Iron Treads|Earthquake|p1a: Raging Bolt
|-supereffective|p1a: Raging Bolt
|-end|p1a: Raging Bolt|Substitute
|move|p1a: Raging Bolt|Dragon Pulse|p2a: Iron Treads
|-resisted|p2a: Iron Treads
|-damage|p2a: Iron Treads|57/100
|
|-end|p1a: Raging Bolt|move: Future Sight
|-damage|p1a: Raging Bolt|73/100
|-heal|p1a: Raging Bolt|79/100|[from] item: Leftovers
|upkeep
|turn|25
|inactive|GnsKarma has 120 seconds left.
|
|t:|1769441686
|-end|p1a: Raging Bolt|Protosynthesis|[silent]
|switch|p1a: RoBin|Decidueye, M, shiny|100/100
|move|p2a: Iron Treads|Earthquake|p1a: RoBin
|-resisted|p1a: RoBin
|-crit|p1a: RoBin
|-damage|p1a: RoBin|70/100
|-enditem|p1a: RoBin|Red Card|[of] p2a: Iron Treads
|-end|p2a: Iron Treads|Quark Drive|[silent]
|drag|p2a: Rillaboom|Rillaboom, F|100/100
|-fieldstart|move: Grassy Terrain|[from] ability: Grassy Surge|[of] p2a: Rillaboom
|
|-heal|p1a: RoBin|77/100|[from] Grassy Terrain
|upkeep
|turn|26
|inactive|GnsKarma has 120 seconds left.
|
|t:|1769441706
|move|p2a: Rillaboom|Knock Off|p1a: RoBin
|-supereffective|p1a: RoBin
|-damage|p1a: RoBin|31/100
|move|p1a: RoBin|Knock Off|p2a: Rillaboom
|-damage|p2a: Rillaboom|76/100
|-enditem|p2a: Rillaboom|Terrain Extender|[from] move: Knock Off|[of] p1a: RoBin
|
|-heal|p2a: Rillaboom|82/100|[from] Grassy Terrain
|-heal|p1a: RoBin|37/100|[from] Grassy Terrain
|upkeep
|turn|27
|
|t:|1769441716
|move|p2a: Rillaboom|Swords Dance|p2a: Rillaboom
|-boost|p2a: Rillaboom|atk|2
|move|p1a: RoBin|Roost|p1a: RoBin
|-heal|p1a: RoBin|87/100
|-singleturn|p1a: RoBin|move: Roost
|
|-heal|p2a: Rillaboom|88/100|[from] Grassy Terrain
|-heal|p1a: RoBin|93/100|[from] Grassy Terrain
|upkeep
|turn|28
|inactive|GnsKarma has 120 seconds left.
|
|t:|1769441726
|move|p2a: Rillaboom|U-turn|p1a: RoBin
|-damage|p1a: RoBin|44/100
|
|t:|1769441733
|switch|p2a: Alomomola|Alomomola, F|100/100|[from] U-turn
|move|p1a: RoBin|U-turn|p2a: Alomomola
|-damage|p2a: Alomomola|91/100
|inactive|GnsKarma has 120 seconds left.
|
|t:|1769441741
|switch|p1a: Raging Bolt|Raging Bolt|79/100|[from] U-turn
|
|-heal|p1a: Raging Bolt|85/100|[from] Grassy Terrain
|-heal|p1a: Raging Bolt|91/100|[from] item: Leftovers
|-heal|p2a: Alomomola|97/100|[from] Grassy Terrain
|upkeep
|turn|29
|
|t:|1769441750
|move|p1a: Raging Bolt|Substitute|p1a: Raging Bolt
|-start|p1a: Raging Bolt|Substitute
|-damage|p1a: Raging Bolt|66/100
|move|p2a: Alomomola|Flip Turn|p1a: Raging Bolt
|-resisted|p1a: Raging Bolt
|-activate|p1a: Raging Bolt|move: Substitute|[damage]
|
|t:|1769441760
|switch|p2a: Slowking|Slowking-Galar, M|73/100 brn|[from] Flip Turn
|
|-heal|p1a: Raging Bolt|73/100|[from] Grassy Terrain
|-heal|p1a: Raging Bolt|79/100|[from] item: Leftovers
|-heal|p2a: Slowking|79/100 brn|[from] Grassy Terrain
|-damage|p2a: Slowking|73/100 brn|[from] brn
|upkeep
|turn|30
|
|t:|1769441770
|move|p1a: Raging Bolt|Dragon Pulse|p2a: Slowking
|-damage|p2a: Slowking|52/100 brn
|move|p2a: Slowking|Future Sight|p1a: Raging Bolt
|-start|p2a: Slowking|move: Future Sight
|
|-heal|p1a: Raging Bolt|85/100|[from] Grassy Terrain
|-heal|p1a: Raging Bolt|91/100|[from] item: Leftovers
|-heal|p2a: Slowking|58/100 brn|[from] Grassy Terrain
|-damage|p2a: Slowking|52/100 brn|[from] brn
|upkeep
|turn|31
|
|t:|1769441781
|switch|p2a: Alomomola|Alomomola, F|100/100
|move|p1a: Raging Bolt|Dragon Pulse|p2a: Alomomola
|-damage|p2a: Alomomola|40/100
|
|-heal|p1a: Raging Bolt|97/100|[from] Grassy Terrain
|-heal|p1a: Raging Bolt|100/100|[from] item: Leftovers
|-heal|p2a: Alomomola|46/100|[from] Grassy Terrain
|upkeep
|turn|32
|
|t:|1769441790
|move|p2a: Alomomola|Protect|p2a: Alomomola
|-singleturn|p2a: Alomomola|Protect
|move|p1a: Raging Bolt|Dragon Pulse|p2a: Alomomola
|-activate|p2a: Alomomola|move: Protect
|
|-end|p1a: Raging Bolt|move: Future Sight
|-end|p1a: Raging Bolt|Substitute
|-heal|p2a: Alomomola|53/100|[from] Grassy Terrain
|-fieldend|move: Grassy Terrain
|upkeep
|turn|33
|
|t:|1769441804
|-end|p1a: Raging Bolt|Protosynthesis|[silent]
|switch|p1a: No-No-No|Vaporeon, F, shiny|71/100
|switch|p2a: Slowking|Slowking-Galar, M|85/100 brn
|
|-heal|p1a: No-No-No|77/100|[from] item: Leftovers
|-damage|p2a: Slowking|79/100 brn|[from] brn
|upkeep
|turn|34
|
|t:|1769441812
|move|p1a: No-No-No|Wish|p1a: No-No-No
|move|p2a: Slowking|Future Sight|p1a: No-No-No
|-start|p2a: Slowking|move: Future Sight
|
|-heal|p1a: No-No-No|83/100|[from] item: Leftovers
|-damage|p2a: Slowking|73/100 brn|[from] brn
|upkeep
|turn|35
|
|t:|1769441822
|switch|p2a: Alomomola|Alomomola, F|86/100
|move|p1a: No-No-No|Flip Turn|p2a: Alomomola
|-resisted|p2a: Alomomola
|-damage|p2a: Alomomola|82/100
|-damage|p1a: No-No-No|66/100|[from] item: Rocky Helmet|[of] p2a: Alomomola
|
|t:|1769441828
|switch|p1a: RoBin|Decidueye, M, shiny|44/100|[from] Flip Turn
|
|-heal|p1a: RoBin|100/100|[from] move: Wish|[wisher] No-No-No
|upkeep
|turn|36
|
|t:|1769441835
|move|p1a: RoBin|Knock Off|p2a: Alomomola
|-damage|p2a: Alomomola|69/100
|-enditem|p2a: Alomomola|Rocky Helmet|[from] move: Knock Off|[of] p1a: RoBin
|move|p2a: Alomomola|Wish|p2a: Alomomola
|
|-end|p1a: RoBin|move: Future Sight
|-damage|p1a: RoBin|63/100
|upkeep
|turn|37
|
|t:|1769441843
|switch|p2a: Iron Treads|Iron Treads|57/100
|move|p1a: RoBin|U-turn|p2a: Iron Treads
|-resisted|p2a: Iron Treads
|-damage|p2a: Iron Treads|51/100
|
|t:|1769441851
|switch|p1a: Ostia Uff|Walking Wake|100/100|[from] U-turn
|
|-heal|p2a: Iron Treads|100/100|[from] move: Wish|[wisher] Alomomola
|upkeep
|turn|38
|
|t:|1769441871
|-end|p2a: Iron Treads|Quark Drive|[silent]
|switch|p2a: Rillaboom|Rillaboom, F|88/100
|-fieldstart|move: Grassy Terrain|[from] ability: Grassy Surge|[of] p2a: Rillaboom
|move|p1a: Ostia Uff|Flamethrower|p2a: Rillaboom
|-supereffective|p2a: Rillaboom
|-damage|p2a: Rillaboom|13/100
|
|-heal|p2a: Rillaboom|20/100|[from] Grassy Terrain
|upkeep
|turn|39
|
|t:|1769441881
|switch|p2a: Slowking|Slowking-Galar, M|100/100 brn
|move|p1a: Ostia Uff|Flamethrower|p2a: Slowking
|-damage|p2a: Slowking|88/100 brn
|
|-heal|p2a: Slowking|94/100 brn|[from] Grassy Terrain
|-damage|p2a: Slowking|88/100 brn|[from] brn
|upkeep
|turn|40
|
|t:|1769441896
|-end|p1a: Ostia Uff|Protosynthesis|[silent]
|switch|p1a: No-No-No|Vaporeon, F, shiny|66/100
|move|p2a: Slowking|Future Sight|p1a: No-No-No
|-start|p2a: Slowking|move: Future Sight
|
|-heal|p1a: No-No-No|73/100|[from] Grassy Terrain
|-heal|p1a: No-No-No|79/100|[from] item: Leftovers
|-heal|p2a: Slowking|94/100 brn|[from] Grassy Terrain
|-damage|p2a: Slowking|88/100 brn|[from] brn
|upkeep
|turn|41
|
|t:|1769441905
|move|p1a: No-No-No|Wish|p1a: No-No-No
|move|p2a: Slowking|Sludge Bomb|p1a: No-No-No
|-damage|p1a: No-No-No|60/100
|
|-heal|p1a: No-No-No|66/100|[from] Grassy Terrain
|-heal|p1a: No-No-No|72/100|[from] item: Leftovers
|-heal|p2a: Slowking|94/100 brn|[from] Grassy Terrain
|-damage|p2a: Slowking|88/100 brn|[from] brn
|upkeep
|turn|42
|
|t:|1769441925
|move|p1a: No-No-No|Flip Turn|p2a: Slowking
|-damage|p2a: Slowking|74/100 brn
|
|t:|1769441929
|switch|p1a: Uff|Pecharunt|77/100 brn|[from] Flip Turn
|move|p2a: Slowking|Sludge Bomb|p1a: Uff
|-resisted|p1a: Uff
|-damage|p1a: Uff|69/100 brn
|
|-end|p1a: Uff|move: Future Sight
|-supereffective|p1a: Uff
|-damage|p1a: Uff|0 fnt
|faint|p1a: Uff
|-heal|p2a: Slowking|80/100 brn|[from] Grassy Terrain
|-damage|p2a: Slowking|74/100 brn|[from] brn
|-fieldend|move: Grassy Terrain
|upkeep
|
|t:|1769441942
|switch|p1a: M-Garchimp|Garchomp, M|84/100
|turn|43
|
|t:|1769441954
|switch|p2a: Alomomola|Alomomola, F|100/100
|-terastallize|p1a: M-Garchimp|Steel
|move|p1a: M-Garchimp|Swords Dance|p1a: M-Garchimp
|-boost|p1a: M-Garchimp|atk|2
|
|upkeep
|turn|44
|
|t:|1769441961
|move|p1a: M-Garchimp|Scale Shot|p2a: Alomomola
|-damage|p2a: Alomomola|86/100
|-damage|p2a: Alomomola|73/100
|-damage|p2a: Alomomola|59/100
|-damage|p2a: Alomomola|44/100
|-damage|p2a: Alomomola|30/100
|-hitcount|p2a: Alomomola|5
|-unboost|p1a: M-Garchimp|def|1
|-boost|p1a: M-Garchimp|spe|1
|move|p2a: Alomomola|Scald|p1a: M-Garchimp
|-damage|p1a: M-Garchimp|70/100
|
|upkeep
|turn|45
|
|t:|1769441980
|-terastallize|p2a: Alomomola|Fairy
|move|p1a: M-Garchimp|Earthquake|p2a: Alomomola
|-damage|p2a: Alomomola|0 fnt
|faint|p2a: Alomomola
|
|upkeep
|
|t:|1769441986
|switch|p2a: Rillaboom|Rillaboom, F|20/100
|-fieldstart|move: Grassy Terrain|[from] ability: Grassy Surge|[of] p2a: Rillaboom
|turn|46
|
|t:|1769441995
|move|p2a: Rillaboom|Grassy Glide|p1a: M-Garchimp
|-resisted|p1a: M-Garchimp
|-damage|p1a: M-Garchimp|44/100
|-damage|p2a: Rillaboom|7/100|[from] ability: Rough Skin|[of] p1a: M-Garchimp
|move|p1a: M-Garchimp|Poison Jab|p2a: Rillaboom
|-supereffective|p2a: Rillaboom
|-damage|p2a: Rillaboom|0 fnt
|faint|p2a: Rillaboom
|
|-heal|p1a: M-Garchimp|50/100|[from] Grassy Terrain
|upkeep
|
|t:|1769442005
|switch|p2a: Iron Valiant|Iron Valiant|100/100
|-enditem|p2a: Iron Valiant|Booster Energy
|-activate|p2a: Iron Valiant|ability: Quark Drive|[fromitem]
|-start|p2a: Iron Valiant|quarkdrivespe
|turn|47
|
|t:|1769442013
|move|p2a: Iron Valiant|Vacuum Wave|p1a: M-Garchimp
|-supereffective|p1a: M-Garchimp
|-damage|p1a: M-Garchimp|6/100
|move|p1a: M-Garchimp|Poison Jab|p2a: Iron Valiant
|-supereffective|p2a: Iron Valiant
|-damage|p2a: Iron Valiant|0 fnt
|faint|p2a: Iron Valiant
|-end|p2a: Iron Valiant|Quark Drive|[silent]
|
|-heal|p1a: M-Garchimp|12/100|[from] Grassy Terrain
|upkeep
|
|t:|1769442023
|switch|p2a: Iron Treads|Iron Treads|100/100
|turn|48
|inactive|GnsKarma has 120 seconds left.
|
|t:|1769442054
|move|p1a: M-Garchimp|Scale Shot|p2a: Iron Treads
|-resisted|p2a: Iron Treads
|-damage|p2a: Iron Treads|92/100
|-resisted|p2a: Iron Treads
|-damage|p2a: Iron Treads|84/100
|-resisted|p2a: Iron Treads
|-damage|p2a: Iron Treads|74/100
|-resisted|p2a: Iron Treads
|-damage|p2a: Iron Treads|64/100
|-hitcount|p2a: Iron Treads|4
|-unboost|p1a: M-Garchimp|def|1
|-boost|p1a: M-Garchimp|spe|1
|move|p2a: Iron Treads|Earthquake|p1a: M-Garchimp
|-supereffective|p1a: M-Garchimp
|-damage|p1a: M-Garchimp|0 fnt
|faint|p1a: M-Garchimp
|
|-heal|p2a: Iron Treads|71/100|[from] Grassy Terrain
|upkeep
|inactive|GnsKarma has 120 seconds left.
|
|t:|1769442080
|switch|p1a: Ostia Uff|Walking Wake|100/100
|turn|49
|
|t:|1769442085
|move|p1a: Ostia Uff|Flip Turn|p2a: Iron Treads
|-supereffective|p2a: Iron Treads
|-damage|p2a: Iron Treads|48/100
|
|t:|1769442089
|-end|p1a: Ostia Uff|Protosynthesis|[silent]
|switch|p1a: RoBin|Decidueye, M, shiny|63/100|[from] Flip Turn
|move|p2a: Iron Treads|Rapid Spin|p1a: RoBin
|-immune|p1a: RoBin
|
|-heal|p2a: Iron Treads|54/100|[from] Grassy Terrain
|-heal|p1a: RoBin|69/100|[from] Grassy Terrain
|upkeep
|turn|50
|
|t:|1769442103
|move|p2a: Iron Treads|Ice Spinner|p1a: RoBin
|-supereffective|p1a: RoBin
|-damage|p1a: RoBin|25/100
|-fieldend|move: Grassy Terrain
|move|p1a: RoBin|Knock Off|p2a: Iron Treads
|-damage|p2a: Iron Treads|39/100
|-enditem|p2a: Iron Treads|Assault Vest|[from] move: Knock Off|[of] p1a: RoBin
|
|upkeep
|turn|51
|
|t:|1769442120
|move|p2a: Iron Treads|Ice Spinner|p1a: RoBin
|-supereffective|p1a: RoBin
|-damage|p1a: RoBin|0 fnt
|faint|p1a: RoBin
|
|upkeep
|
|t:|1769442130
|switch|p1a: Ostia Uff|Walking Wake|100/100
|turn|52
|
|t:|1769442135
|move|p1a: Ostia Uff|Draco Meteor|p2a: Iron Treads
|-resisted|p2a: Iron Treads
|-damage|p2a: Iron Treads|0 fnt
|-unboost|p1a: Ostia Uff|spa|2
|faint|p2a: Iron Treads
|-end|p2a: Iron Treads|Quark Drive|[silent]
|
|upkeep
|
|t:|1769442142
|switch|p2a: Slowking|Slowking-Galar, M|100/100 brn
|turn|53
|inactive|GnsKarma has 120 seconds left.
|
|t:|1769442147
|-end|p1a: Ostia Uff|Protosynthesis|[silent]
|switch|p1a: No-No-No|Vaporeon, F, shiny|72/100
|move|p2a: Slowking|Future Sight|p1a: No-No-No
|-start|p2a: Slowking|move: Future Sight
|
|-heal|p1a: No-No-No|78/100|[from] item: Leftovers
|-damage|p2a: Slowking|94/100 brn|[from] brn
|upkeep
|turn|54
|
|t:|1769442154
|move|p1a: No-No-No|Wish|p1a: No-No-No
|move|p2a: Slowking|Sludge Bomb|p1a: No-No-No
|-damage|p1a: No-No-No|58/100
|-status|p1a: No-No-No|psn
|
|-heal|p1a: No-No-No|64/100 psn|[from] item: Leftovers
|-damage|p1a: No-No-No|51/100 psn|[from] psn
|-damage|p2a: Slowking|88/100 brn|[from] brn
|upkeep
|turn|55
|
|t:|1769442167
|move|p1a: No-No-No|Scald|p2a: Slowking
|-damage|p2a: Slowking|76/100 brn
|move|p2a: Slowking|Sludge Bomb|p1a: No-No-No
|-damage|p1a: No-No-No|31/100 psn
|
|-end|p1a: No-No-No|move: Future Sight
|-damage|p1a: No-No-No|5/100 psn
|-heal|p1a: No-No-No|55/100 psn|[from] move: Wish|[wisher] No-No-No
|-heal|p1a: No-No-No|61/100 psn|[from] item: Leftovers
|-damage|p1a: No-No-No|48/100 psn|[from] psn
|-damage|p2a: Slowking|70/100 brn|[from] brn
|upkeep
|turn|56
|
|t:|1769442180
|move|p1a: No-No-No|Wish|p1a: No-No-No
|move|p2a: Slowking|Future Sight|p1a: No-No-No
|-start|p2a: Slowking|move: Future Sight
|
|-heal|p1a: No-No-No|55/100 psn|[from] item: Leftovers
|-damage|p1a: No-No-No|42/100 psn|[from] psn
|-damage|p2a: Slowking|64/100 brn|[from] brn
|upkeep
|turn|57
|
|t:|1769442187
|move|p1a: No-No-No|Scald|p2a: Slowking
|-damage|p2a: Slowking|53/100 brn
|move|p2a: Slowking|Sludge Bomb|p1a: No-No-No
|-damage|p1a: No-No-No|24/100 psn
|
|-heal|p1a: No-No-No|74/100 psn|[from] move: Wish|[wisher] No-No-No
|-heal|p1a: No-No-No|80/100 psn|[from] item: Leftovers
|-damage|p1a: No-No-No|68/100 psn|[from] psn
|-damage|p2a: Slowking|47/100 brn|[from] brn
|upkeep
|turn|58
|
|t:|1769442198
|move|p1a: No-No-No|Wish|p1a: No-No-No
|move|p2a: Slowking|Sludge Bomb|p1a: No-No-No
|-damage|p1a: No-No-No|48/100 psn
|
|-end|p1a: No-No-No|move: Future Sight
|-damage|p1a: No-No-No|22/100 psn
|-heal|p1a: No-No-No|28/100 psn|[from] item: Leftovers
|-damage|p1a: No-No-No|16/100 psn|[from] psn
|-damage|p2a: Slowking|41/100 brn|[from] brn
|upkeep
|turn|59
|
|t:|1769442213
|move|p1a: No-No-No|Flip Turn|p2a: Slowking
|-damage|p2a: Slowking|26/100 brn
|
|t:|1769442222
|switch|p1a: Ostia Uff|Walking Wake|100/100|[from] Flip Turn
|move|p2a: Slowking|Sludge Bomb|p1a: Ostia Uff
|-damage|p1a: Ostia Uff|58/100
|-status|p1a: Ostia Uff|psn
|
|-heal|p1a: Ostia Uff|100/100 psn|[from] move: Wish|[wisher] No-No-No
|-damage|p1a: Ostia Uff|88/100 psn|[from] psn
|-damage|p2a: Slowking|20/100 brn|[from] brn
|upkeep
|turn|60
|
|t:|1769442234
|switch|p2a: Ogerpon|Ogerpon, F|100/100
|move|p1a: Ostia Uff|Flamethrower|p2a: Ogerpon
|-supereffective|p2a: Ogerpon
|-damage|p2a: Ogerpon|24/100
|-status|p2a: Ogerpon|brn
|
|-damage|p1a: Ostia Uff|76/100 psn|[from] psn
|-damage|p2a: Ogerpon|18/100 brn|[from] brn
|upkeep
|turn|61
|
|t:|1769442244
|move|p1a: Ostia Uff|Flamethrower|p2a: Ogerpon
|-supereffective|p2a: Ogerpon
|-damage|p2a: Ogerpon|0 fnt
|faint|p2a: Ogerpon
|
|-damage|p1a: Ostia Uff|63/100 psn|[from] psn
|upkeep
|
|t:|1769442250
|switch|p2a: Slowking|Slowking-Galar, M|54/100 brn
|turn|62
|
|t:|1769442252
|move|p1a: Ostia Uff|Flamethrower|p2a: Slowking
|-damage|p2a: Slowking|41/100 brn
|move|p2a: Slowking|Future Sight|p1a: Ostia Uff
|-start|p2a: Slowking|move: Future Sight
|
|-damage|p1a: Ostia Uff|51/100 psn|[from] psn
|-damage|p2a: Slowking|35/100 brn|[from] brn
|upkeep
|turn|63
|
|t:|1769442259
|-end|p1a: Ostia Uff|Protosynthesis|[silent]
|switch|p1a: Raging Bolt|Raging Bolt|100/100
|move|p2a: Slowking|Sludge Bomb|p1a: Raging Bolt
|-damage|p1a: Raging Bolt|71/100
|-status|p1a: Raging Bolt|psn
|
|-heal|p1a: Raging Bolt|77/100 psn|[from] item: Leftovers
|-damage|p1a: Raging Bolt|65/100 psn|[from] psn
|-damage|p2a: Slowking|29/100 brn|[from] brn
|upkeep
|turn|64
|
|t:|1769442270
|move|p1a: Raging Bolt|Dragon Pulse|p2a: Slowking
|-damage|p2a: Slowking|8/100 brn
|move|p2a: Slowking|Ice Beam|p1a: Raging Bolt
|-supereffective|p1a: Raging Bolt
|-damage|p1a: Raging Bolt|25/100 psn
|
|-end|p1a: Raging Bolt|move: Future Sight
|-damage|p1a: Raging Bolt|0 fnt
|faint|p1a: Raging Bolt
|-end|p1a: Raging Bolt|Protosynthesis|[silent]
|-damage|p2a: Slowking|2/100 brn|[from] brn
|upkeep
|
|t:|1769442276
|switch|p1a: Ostia Uff|Walking Wake|51/100 psn
|turn|65
|
|t:|1769442281
|move|p1a: Ostia Uff|Surf|p2a: Slowking
|-damage|p2a: Slowking|0 fnt
|faint|p2a: Slowking
|
|win|GnsKarma
|raw|GnsKarma's rating: 1121 &rarr; <strong>1149</strong><br />(+28 for winning)
|raw|OversizedMayoJar's rating: 1158 &rarr; <strong>1130</strong><br />(-28 for losing)
|l|☆OversizedMayoJar
|player|p2|
