|j|☆ry20010
|j|☆tkmanz
|t:|1769382906
|gametype|singles
|player|p1|ry20010|102|
|player|p2|tkmanz|benga|
|gen|9
|tier|[Gen 9] OU
|rule|HP Percentage Mod: HP is shown in percentages
|rule|Endless Battle Clause: Forcing endless battles is banned
|rule|Species Clause: Limit one of each Pokémon
|rule|OHKO Clause: OHKO moves are banned
|rule|Evasion Items Clause: Evasion items are banned
|rule|Evasion Moves Clause: Evasion moves are banned
|rule|Evasion Abilities Clause: Evasion abilities are banned
|rule|Sleep Moves Clause: Sleep-inducing moves are banned
|clearpoke
|poke|p1|Ceruledge, M|
|poke|p1|Meowscarada, F|
|poke|p1|Dragonite, F|
|poke|p1|Ditto|
|poke|p1|Landorus-Therian, M|
|poke|p1|Glimmora, M|
|poke|p2|Garganacl, F|
|poke|p2|Iron Valiant|
|poke|p2|Iron Moth|
|poke|p2|Salamence, F|
|poke|p2|Ogerpon-Wellspring, F|
|poke|p2|Zarude|
|teampreview
|
|t:|1769382950
|teamsize|p1|6
|teamsize|p2|6
|start
|switch|p1a: Landorus|Landorus-Therian, M, shiny|100/100
|switch|p2a: Garganacl|Garganacl, F|100/100
|-ability|p1a: Landorus|Intimidate|boost
|-unboost|p2a: Garganacl|atk|1
|turn|1
|
|t:|1769382969
|move|p1a: Landorus|Earthquake|p2a: Garganacl
|-supereffective|p2a: Garganacl
|-damage|p2a: Garganacl|32/100
|move|p2a: Garganacl|Stealth Rock|p1a: Landorus
|-sidestart|p1: ry20010|move: Stealth Rock
|
|-heal|p2a: Garganacl|38/100|[from] item: Leftovers
|upkeep
|turn|2
|
|t:|1769382990
|switch|p2a: Zarude|Zarude|100/100
|move|p1a: Landorus|Earthquake|p2a: Zarude
|-resisted|p2a: Zarude
|-damage|p2a: Zarude|79/100
|
|-heal|p2a: Zarude|85/100|[from] item: Leftovers
|upkeep
|turn|3
|
|t:|1769383023
|switch|p1a: Meowscarada|Meowscarada, F, shiny|100/100
|-damage|p1a: Meowscarada|88/100|[from] Stealth Rock
|move|p2a: Zarude|Power Whip|p1a: Meowscarada
|-resisted|p1a: Meowscarada
|-damage|p1a: Meowscarada|51/100
|
|-heal|p2a: Zarude|91/100|[from] item: Leftovers
|upkeep
|turn|4
|
|t:|1769383039
|move|p1a: Meowscarada|U-turn|p2a: Zarude
|-start|p1a: Meowscarada|typechange|Bug|[from] ability: Protean
|-supereffective|p2a: Zarude
|-damage|p2a: Zarude|0 fnt
|faint|p2a: Zarude
|
|t:|1769383069
|switch|p1a: Landorus|Landorus-Therian, M, shiny|100/100|[from] U-turn
|-damage|p1a: Landorus|88/100|[from] Stealth Rock
|
|upkeep
|
|t:|1769383086
|switch|p2a: Salamence|Salamence, F|100/100
|-ability|p2a: Salamence|Intimidate|boost
|-unboost|p1a: Landorus|atk|1
|turn|5
|
|t:|1769383117
|move|p2a: Salamence|Hydro Pump|p1a: Landorus|[miss]
|-miss|p2a: Salamence|p1a: Landorus
|move|p1a: Landorus|U-turn|p2a: Salamence
|-resisted|p2a: Salamence
|-damage|p2a: Salamence|91/100
|
|t:|1769383132
|switch|p1a: Meowscarada|Meowscarada, F, shiny|51/100|[from] U-turn
|-damage|p1a: Meowscarada|39/100|[from] Stealth Rock
|
|upkeep
|turn|6
|
|t:|1769383146
|move|p1a: Meowscarada|Triple Axel|p2a: Salamence
|-start|p1a: Meowscarada|typechange|Ice|[from] ability: Protean
|-supereffective|p2a: Salamence
|-damage|p2a: Salamence|40/100
|-supereffective|p2a: Salamence
|-damage|p2a: Salamence|0 fnt
|faint|p2a: Salamence
|-hitcount|p2: Salamence|2
|
|upkeep
|
|t:|1769383157
|switch|p2a: Iron Moth|Iron Moth|100/100
|-enditem|p2a: Iron Moth|Booster Energy
|-activate|p2a: Iron Moth|ability: Quark Drive|[fromitem]
|-start|p2a: Iron Moth|quarkdrivespe
|turn|7
|
|t:|1769383188
|switch|p1a: Glimmora|Glimmora, M, shiny|100/100
|-damage|p1a: Glimmora|88/100|[from] Stealth Rock
|move|p2a: Iron Moth|Energy Ball|p1a: Glimmora
|-damage|p1a: Glimmora|49/100
|
|upkeep
|turn|8
|
|t:|1769383202
|move|p2a: Iron Moth|Energy Ball|p1a: Glimmora
|-damage|p1a: Glimmora|9/100
|move|p1a: Glimmora|Earth Power|p2a: Iron Moth
|-supereffective|p2a: Iron Moth
|-damage|p2a: Iron Moth|0 fnt
|faint|p2a: Iron Moth
|-end|p2a: Iron Moth|Quark Drive|[silent]
|
|upkeep
|
|t:|1769383211
|switch|p2a: Ogerpon|Ogerpon-Wellspring, F|100/100
|turn|9
|
|t:|1769383219
|move|p2a: Ogerpon|Ivy Cudgel|p1a: Glimmora|[anim] Ivy Cudgel Water
|-supereffective|p1a: Glimmora
|-damage|p1a: Glimmora|0 fnt
|-activate|p1a: Glimmora|ability: Toxic Debris
|-sidestart|p2: tkmanz|move: Toxic Spikes
|faint|p1a: Glimmora
|
|upkeep
|
|t:|1769383241
|switch|p1a: Meowscarada|Meowscarada, F, shiny|39/100
|-damage|p1a: Meowscarada|27/100|[from] Stealth Rock
|turn|10
|
|t:|1769383257
|move|p1a: Meowscarada|U-turn|p2a: Ogerpon
|-start|p1a: Meowscarada|typechange|Bug|[from] ability: Protean
|-supereffective|p2a: Ogerpon
|-damage|p2a: Ogerpon|22/100
|
|t:|1769383263
|switch|p1a: Ditto|Ditto, shiny|100/100|[from] U-turn
|-damage|p1a: Ditto|88/100|[from] Stealth Rock
|-transform|p1a: Ditto|p2a: Ogerpon|[from] ability: Imposter
|move|p2a: Ogerpon|U-turn|p1a: Ditto
|-supereffective|p1a: Ditto
|-damage|p1a: Ditto|14/100
|
|t:|1769383281
|switch|p2a: Iron Valiant|Iron Valiant|100/100|[from] U-turn
|-status|p2a: Iron Valiant|psn
|
|-damage|p2a: Iron Valiant|88/100 psn|[from] psn
|upkeep
|turn|11
|
|t:|1769383308
|move|p2a: Iron Valiant|Ice Punch|p1a: Ditto
|-damage|p1a: Ditto|0 fnt
|faint|p1a: Ditto
|
|-damage|p2a: Iron Valiant|76/100 psn|[from] psn
|upkeep
|
|t:|1769383328
|switch|p1a: Meowscarada|Meowscarada, F, shiny|27/100
|-damage|p1a: Meowscarada|14/100|[from] Stealth Rock
|turn|12
|
|t:|1769383332
|move|p1a: Meowscarada|Play Rough|p2a: Iron Valiant
|-start|p1a: Meowscarada|typechange|Fairy|[from] ability: Protean
|-supereffective|p2a: Iron Valiant
|-damage|p2a: Iron Valiant|0 fnt
|faint|p2a: Iron Valiant
|-end|p2a: Iron Valiant|Quark Drive|[silent]
|
|upkeep
|
|t:|1769383347
|switch|p2a: Garganacl|Garganacl, F|38/100
|turn|13
|
|t:|1769383351
|move|p1a: Meowscarada|Play Rough|p2a: Garganacl
|-damage|p2a: Garganacl|9/100
|-unboost|p2a: Garganacl|atk|1
|move|p2a: Garganacl|Recover|p2a: Garganacl
|-heal|p2a: Garganacl|59/100
|
|-heal|p2a: Garganacl|65/100|[from] item: Leftovers
|upkeep
|turn|14
|
|t:|1769383367
|switch|p1a: Landorus|Landorus-Therian, M, shiny|88/100
|-damage|p1a: Landorus|76/100|[from] Stealth Rock
|-ability|p1a: Landorus|Intimidate|boost
|-unboost|p2a: Garganacl|atk|1
|move|p2a: Garganacl|Salt Cure|p1a: Landorus
|-damage|p1a: Landorus|68/100
|-start|p1a: Landorus|Salt Cure
|
|-heal|p2a: Garganacl|72/100|[from] item: Leftovers
|-damage|p1a: Landorus|55/100|[from] Salt Cure
|upkeep
|turn|15
|
|t:|1769383385
|move|p1a: Landorus|Earthquake|p2a: Garganacl
|-supereffective|p2a: Garganacl
|-damage|p2a: Garganacl|0 fnt
|faint|p2a: Garganacl
|
|-damage|p1a: Landorus|43/100|[from] Salt Cure
|upkeep
|
|t:|1769383391
|switch|p2a: Ogerpon|Ogerpon-Wellspring, F|22/100
|-status|p2a: Ogerpon|psn
|turn|16
|
|t:|1769383400
|move|p1a: Landorus|Earthquake|p2a: Ogerpon
|-resisted|p2a: Ogerpon
|-damage|p2a: Ogerpon|0 fnt
|faint|p2a: Ogerpon
|
|win|ry20010
