|badge|p1|bronze|gen9uu|100-8
|uhtml|medal-msg|<div class="broadcast-blue">Curious what those medals under the avatar are? PS now has Ladder Seasons! For more information, check out the <a href="https://www.smogon.com/forums/threads/3740067/">thread on Smogon.</a></div>
|j|☆damorush
|j|‽a3720
|t:|1769415130
|gametype|singles
|player|p1|damorush|169|1648
|player|p2|a3720|1|1648
|gen|9
|tier|[Gen 9] OU
|rated|
|rule|HP Percentage Mod: HP is shown in percentages
|rule|Endless Battle Clause: Forcing endless battles is banned
|rule|Species Clause: Limit one of each Pokémon
|rule|OHKO Clause: OHKO moves are banned
|rule|Evasion Items Clause: Evasion items are banned
|rule|Evasion Moves Clause: Evasion moves are banned
|rule|Evasion Abilities Clause: Evasion abilities are banned
|rule|Sleep Moves Clause: Sleep-inducing moves are banned
|clearpoke
|poke|p1|Iron Crown|
|poke|p1|Samurott-Hisui, F|
|poke|p1|Zapdos|
|poke|p1|Dragapult, F|
|poke|p1|Great Tusk|
|poke|p1|Iron Boulder|
|poke|p2|Zoroark-Hisui, F|
|poke|p2|Dragapult, F|
|poke|p2|Corviknight, F|
|poke|p2|Great Tusk|
|poke|p2|Slowking-Galar, M|
|poke|p2|Primarina, F|
|teampreview
|j| Tbccc15
|
|t:|1769415192
|teamsize|p1|6
|teamsize|p2|6
|start
|switch|p1a: Mindreader|Iron Crown|100/100
|switch|p2a: Primarina|Primarina, F|100/100
|turn|1
|
|t:|1769415210
|move|p1a: Mindreader|Volt Switch|p2a: Primarina
|-supereffective|p2a: Primarina
|-damage|p2a: Primarina|39/100
|
|t:|1769415220
|-end|p1a: Mindreader|Quark Drive|[silent]
|switch|p1a: Hurikan|Zapdos|100/100|[from] Volt Switch
|move|p2a: Primarina|Psychic Noise|p1a: Hurikan
|-damage|p1a: Hurikan|61/100
|-start|p1a: Hurikan|move: Heal Block
|
|-heal|p2a: Primarina|45/100|[from] item: Leftovers
|upkeep
|turn|2
|
|t:|1769415228
|switch|p2a: Slowking|Slowking-Galar, M|100/100
|move|p1a: Hurikan|Discharge|p2a: Slowking
|-damage|p2a: Slowking|84/100
|
|-end|p1a: Hurikan|move: Heal Block
|upkeep
|turn|3
|
|t:|1769415237
|move|p1a: Hurikan|U-turn|p2a: Slowking
|-damage|p2a: Slowking|74/100
|
|t:|1769415239
|switch|p1a: Everytime We Touch|Samurott-Hisui, F|100/100|[from] U-turn
|move|p2a: Slowking|Sludge Bomb|p1a: Everytime We Touch
|-damage|p1a: Everytime We Touch|52/100
|
|upkeep
|turn|4
|
|t:|1769415248
|switch|p2a: Corviknight|Corviknight, F|100/100
|-ability|p2a: Corviknight|Pressure
|move|p1a: Everytime We Touch|Ceaseless Edge|p2a: Corviknight
|-damage|p2a: Corviknight|72/100
|-damage|p1a: Everytime We Touch|35/100|[from] item: Rocky Helmet|[of] p2a: Corviknight
|-sidestart|p2: a3720|Spikes
|
|upkeep
|turn|5
|
|t:|1769415257
|switch|p1a: Hurikan|Zapdos|61/100
|move|p2a: Corviknight|U-turn|p1a: Hurikan
|-resisted|p1a: Hurikan
|-damage|p1a: Hurikan|55/100
|
|t:|1769415270
|switch|p2a: Dragapult|Dragapult, F|100/100|[from] U-turn
|-damage|p2a: Dragapult|88/100|[from] Spikes
|
|upkeep
|turn|6
|
|t:|1769415275
|switch|p1a: Everytime We Touch|Samurott-Hisui, F|35/100
|move|p2a: Dragapult|Poltergeist|p1a: Everytime We Touch
|-activate|p1a: Everytime We Touch|move: Poltergeist|Choice Scarf
|-resisted|p1a: Everytime We Touch
|-damage|p1a: Everytime We Touch|0 fnt
|faint|p1a: Everytime We Touch
|
|upkeep
|
|t:|1769415283
|switch|p1a: Revery|Iron Boulder|100/100
|-enditem|p1a: Revery|Booster Energy
|-activate|p1a: Revery|ability: Quark Drive|[fromitem]
|-start|p1a: Revery|quarkdrivespe
|turn|7
|
|t:|1769415304
|switch|p2a: Corviknight|Corviknight, F|72/100
|-ability|p2a: Corviknight|Pressure
|move|p1a: Revery|Mighty Cleave|p2a: Corviknight
|-damage|p2a: Corviknight|42/100
|-damage|p1a: Revery|84/100|[from] item: Rocky Helmet|[of] p2a: Corviknight
|
|upkeep
|turn|8
|
|t:|1769415309
|move|p1a: Revery|Swords Dance|p1a: Revery
|-boost|p1a: Revery|atk|2
|move|p2a: Corviknight|Roost|p2a: Corviknight
|-heal|p2a: Corviknight|92/100
|-singleturn|p2a: Corviknight|move: Roost
|
|upkeep
|turn|9
|
|t:|1769415311
|move|p1a: Revery|Mighty Cleave|p2a: Corviknight
|-damage|p2a: Corviknight|26/100
|-damage|p1a: Revery|67/100|[from] item: Rocky Helmet|[of] p2a: Corviknight
|move|p2a: Corviknight|Iron Defense|p2a: Corviknight
|-boost|p2a: Corviknight|def|2
|
|upkeep
|turn|10
|
|t:|1769415326
|move|p1a: Revery|Mighty Cleave|p2a: Corviknight
|-damage|p2a: Corviknight|0 fnt
|-damage|p1a: Revery|51/100|[from] item: Rocky Helmet|[of] p2a: Corviknight
|faint|p2a: Corviknight
|
|upkeep
|
|t:|1769415336
|switch|p2a: Dragapult|Dragapult, F|88/100
|-damage|p2a: Dragapult|76/100|[from] Spikes
|turn|11
|j| hzozv
|l| hzozv
|inactive|Battle timer is ON: inactive players will automatically lose when time's up. (requested by damorush)
|
|t:|1769415375
|move|p2a: Dragapult|Shadow Sneak|p1a: Revery
|-supereffective|p1a: Revery
|-damage|p1a: Revery|0 fnt
|faint|p1a: Revery
|-end|p1a: Revery|Quark Drive|[silent]
|
|upkeep
|inactive|damorush has 120 seconds left.
|
|t:|1769415428
|switch|p1a: Pump It|Great Tusk|100/100
|turn|12
|
|t:|1769415443
|switch|p2a: Primarina|Primarina, F|45/100
|-damage|p2a: Primarina|33/100|[from] Spikes
|move|p1a: Pump It|Stealth Rock|p2a: Primarina
|-sidestart|p2: a3720|move: Stealth Rock
|
|-heal|p2a: Primarina|39/100|[from] item: Leftovers
|upkeep
|turn|13
|
|t:|1769415462
|move|p1a: Pump It|Headlong Rush|p2a: Primarina
|-damage|p2a: Primarina|0 fnt
|-unboost|p1a: Pump It|def|1
|-unboost|p1a: Pump It|spd|1
|faint|p2a: Primarina
|
|upkeep
|inactive|a3720 has 120 seconds left.
|
|t:|1769415497
|switch|p2a: Dragapult|Dragapult, F|100/100
|turn|14
|inactive|a3720 has 120 seconds left.
|
|t:|1769415503
|-end|p1a: Pump It|Protosynthesis|[silent]
|switch|p1a: Hurikan|Zapdos|55/100
|move|p2a: Dragapult|Will-O-Wisp|p1a: Hurikan
|-status|p1a: Hurikan|brn
|
|-damage|p1a: Hurikan|49/100 brn|[from] brn
|upkeep
|turn|15
|
|t:|1769415512
|move|p2a: Dragapult|Hex|p1a: Hurikan
|-damage|p1a: Hurikan|0 fnt
|faint|p1a: Hurikan
|
|upkeep
|j| zouzmaa
|
|t:|1769415525
|switch|p1a: Pump It|Great Tusk|100/100
|turn|16
|
|t:|1769415529
|move|p2a: Dragapult|Will-O-Wisp|p1a: Pump It
|-status|p1a: Pump It|brn
|move|p1a: Pump It|Ice Spinner|p2a: Dragapult
|-supereffective|p2a: Dragapult
|-damage|p2a: Dragapult|61/100
|
|-damage|p1a: Pump It|94/100 brn|[from] brn
|upkeep
|turn|17
|
|t:|1769415531
|move|p2a: Dragapult|Hex|p1a: Pump It
|-damage|p1a: Pump It|9/100 brn
|move|p1a: Pump It|Ice Spinner|p2a: Dragapult
|-supereffective|p2a: Dragapult
|-damage|p2a: Dragapult|24/100
|
|-damage|p1a: Pump It|2/100 brn|[from] brn
|upkeep
|turn|18
|l| Tbccc15
|j| Tbccc15
|inactive|a3720 has 120 seconds left.
|
|t:|1769415565
|move|p2a: Dragapult|Hex|p1a: Pump It
|-damage|p1a: Pump It|0 fnt
|faint|p1a: Pump It
|-end|p1a: Pump It|Protosynthesis|[silent]
|
|upkeep
|
|t:|1769415569
|switch|p1a: Parasite|Dragapult, F|100/100
|turn|19
|inactive|a3720 has 120 seconds left.
|
|t:|1769415601
|move|p1a: Parasite|Dragon Darts|p2a: Dragapult
|-supereffective|p2a: Dragapult
|-damage|p2a: Dragapult|0 fnt
|faint|p2a: Dragapult
|
|upkeep
|
|t:|1769415618
|switch|p2a: Great Tusk|Great Tusk|100/100
|turn|20
|inactive|a3720 has 90 seconds left.
|
|t:|1769415656
|-terastallize|p2a: Great Tusk|Fire
|move|p1a: Parasite|Dragon Darts|p2a: Great Tusk
|-damage|p2a: Great Tusk|74/100
|-anim|p1a: Parasite|Dragon Darts|p2a: Great Tusk
|-damage|p2a: Great Tusk|45/100
|move|p2a: Great Tusk|Ice Spinner|p1a: Parasite
|-supereffective|p1a: Parasite
|-damage|p1a: Parasite|22/100
|
|upkeep
|turn|21
|
|t:|1769415678
|move|p1a: Parasite|Dragon Darts|p2a: Great Tusk
|-damage|p2a: Great Tusk|19/100
|-anim|p1a: Parasite|Dragon Darts|p2a: Great Tusk
|-damage|p2a: Great Tusk|0 fnt
|faint|p2a: Great Tusk
|-end|p2a: Great Tusk|Protosynthesis|[silent]
|
|upkeep
|
|t:|1769415680
|switch|p2a: Slowking|Slowking-Galar, M|76/100
|-damage|p2a: Slowking|63/100|[from] Spikes
|-damage|p2a: Slowking|51/100|[from] Stealth Rock
|turn|22
|
|t:|1769415683
|move|p2a: Slowking|Shadow Sneak|p1a: Parasite
|-supereffective|p1a: Parasite
|-damage|p1a: Parasite|0 fnt
|faint|p1a: Parasite
|
|upkeep
|
|t:|1769415690
|switch|p1a: Mindreader|Iron Crown|100/100
|turn|23
|
|t:|1769415695
|-terastallize|p1a: Mindreader|Steel
|move|p2a: Slowking|Shadow Sneak|p1a: Mindreader
|-damage|p1a: Mindreader|72/100
|move|p1a: Mindreader|Tachyon Cutter|p2a: Slowking
|-damage|p2a: Slowking|0 fnt
|replace|p2a: Zoroark|Zoroark-Hisui, F
|-end|p2a: Zoroark|Illusion
|faint|p2a: Zoroark
|-hitcount|p2: Zoroark|1
|
|upkeep
|
|t:|1769415702
|switch|p2a: Slowking|Slowking-Galar, M|100/100
|-damage|p2a: Slowking|88/100|[from] Spikes
|-damage|p2a: Slowking|76/100|[from] Stealth Rock
|turn|24
|
|t:|1769415705
|move|p1a: Mindreader|Tachyon Cutter|p2a: Slowking
|-damage|p2a: Slowking|47/100
|-damage|p2a: Slowking|21/100
|-hitcount|p2a: Slowking|2
|move|p2a: Slowking|Flamethrower|p1a: Mindreader
|-supereffective|p1a: Mindreader
|-damage|p1a: Mindreader|27/100
|
|upkeep
|turn|25
|inactive|a3720 has 120 seconds left.
|
|t:|1769415711
|move|p1a: Mindreader|Tachyon Cutter|p2a: Slowking
|-damage|p2a: Slowking|0 fnt
|faint|p2a: Slowking
|-hitcount|p2: Slowking|1
|
|win|damorush
|raw|damorush's rating: 1642 &rarr; <strong>1662</strong><br />(+20 for winning)
|raw|a3720's rating: 1648 &rarr; <strong>1628</strong><br />(-20 for losing)
|l|‽a3720
|player|p2|
|l| zouzmaa
|l|☆damorush
|player|p1|
|l| Tbccc15
