|j|☆jtthemaster
|j|☆CactuSpinoso
|t:|1769363264
|gametype|singles
|player|p1|jtthemaster|morty|1326
|player|p2|CactuSpinoso|266|1367
|gen|9
|tier|[Gen 9] OU
|rated|
|rule|HP Percentage Mod: HP is shown in percentages
|rule|Endless Battle Clause: Forcing endless battles is banned
|rule|Species Clause: Limit one of each Pokémon
|rule|OHKO Clause: OHKO moves are banned
|rule|Evasion Items Clause: Evasion items are banned
|rule|Evasion Moves Clause: Evasion moves are banned
|rule|Evasion Abilities Clause: Evasion abilities are banned
|rule|Sleep Moves Clause: Sleep-inducing moves are banned
|clearpoke
|poke|p1|Pelipper, F|
|poke|p1|Metagross|
|poke|p1|Araquanid, F|
|poke|p1|Dragonite, F|
|poke|p1|Kingdra, F|
|poke|p1|Milotic, F|
|poke|p2|Moltres-Galar|
|poke|p2|Ninetales-Alola, F|
|poke|p2|Kingambit, M|
|poke|p2|Iron Boulder|
|poke|p2|Slowking-Galar, M|
|poke|p2|Polteageist|
|teampreview
|inactive|Battle timer is ON: inactive players will automatically lose when time's up. (requested by CactuSpinoso)
|
|t:|1769363271
|teamsize|p1|6
|teamsize|p2|6
|start
|switch|p1a: Milotic|Milotic, F|100/100
|switch|p2a: Slowking|Slowking-Galar, M|100/100
|turn|1
|
|t:|1769363280
|move|p1a: Milotic|Scald|p2a: Slowking
|-damage|p2a: Slowking|78/100
|move|p2a: Slowking|Future Sight|p1a: Milotic
|-start|p2a: Slowking|move: Future Sight
|
|upkeep
|turn|2
|
|t:|1769363285
|move|p1a: Milotic|Scald|p2a: Slowking
|-damage|p2a: Slowking|55/100
|-status|p2a: Slowking|brn
|-prepare|p2a: Slowking|Chilly Reception|[premajor]
|move|p2a: Slowking|Chilly Reception|p2a: Slowking
|-weather|Snowscape
|
|t:|1769363297
|switch|p2a: Ninetales|Ninetales-Alola, F|100/100|[from] Chilly Reception
|
|-weather|Snowscape|[upkeep]
|upkeep
|turn|3
|
|t:|1769363308
|switch|p1a: Metagross|Metagross|100/100
|move|p2a: Ninetales|Freeze-Dry|p1a: Metagross
|-resisted|p1a: Metagross
|-damage|p1a: Metagross|84/100
|
|-weather|Snowscape|[upkeep]
|-end|p1a: Metagross|move: Future Sight
|-resisted|p1a: Metagross
|-damage|p1a: Metagross|66/100
|upkeep
|turn|4
|
|t:|1769363315
|switch|p2a: Slowking|Slowking-Galar, M|89/100 brn
|move|p1a: Metagross|Earthquake|p2a: Slowking
|-supereffective|p2a: Slowking
|-damage|p2a: Slowking|0 fnt
|faint|p2a: Slowking
|
|-weather|Snowscape|[upkeep]
|upkeep
|
|t:|1769363327
|switch|p2a: Moltres|Moltres-Galar|100/100
|turn|5
|
|t:|1769363335
|switch|p1a: Milotic|Milotic, F|100/100
|move|p2a: Moltres|Nasty Plot|p2a: Moltres
|-boost|p2a: Moltres|spa|2
|
|-weather|Snowscape|[upkeep]
|upkeep
|turn|6
|
|t:|1769363339
|move|p2a: Moltres|Fiery Wrath|p1a: Milotic
|-damage|p1a: Milotic|37/100
|move|p1a: Milotic|Haze|p1a: Milotic
|-clearallboost
|
|-weather|none
|-heal|p1a: Milotic|43/100|[from] item: Leftovers
|upkeep
|turn|7
|
|t:|1769363349
|move|p2a: Moltres|Nasty Plot|p2a: Moltres
|-boost|p2a: Moltres|spa|2
|move|p1a: Milotic|Recover|p1a: Milotic
|-heal|p1a: Milotic|93/100
|
|-heal|p1a: Milotic|99/100|[from] item: Leftovers
|upkeep
|turn|8
|
|t:|1769363354
|move|p2a: Moltres|Fiery Wrath|p1a: Milotic
|-damage|p1a: Milotic|39/100
|cant|p1a: Milotic|flinch
|
|-heal|p1a: Milotic|45/100|[from] item: Leftovers
|upkeep
|turn|9
|
|t:|1769363366
|switch|p1a: Dragonite|Dragonite, F, shiny|100/100
|move|p2a: Moltres|Fiery Wrath|p1a: Dragonite
|-damage|p1a: Dragonite|59/100
|
|upkeep
|turn|10
|
|t:|1769363374
|move|p1a: Dragonite|Extreme Speed|p2a: Moltres
|-damage|p2a: Moltres|67/100
|move|p2a: Moltres|Fiery Wrath|p1a: Dragonite
|-damage|p1a: Dragonite|0 fnt
|faint|p1a: Dragonite
|
|upkeep
|
|t:|1769363381
|switch|p1a: slow down|Araquanid, F|100/100
|turn|11
|
|t:|1769363384
|move|p2a: Moltres|Fiery Wrath|p1a: slow down
|-damage|p1a: slow down|36/100
|move|p1a: slow down|Liquidation|p2a: Moltres
|-damage|p2a: Moltres|0 fnt
|faint|p2a: Moltres
|
|upkeep
|
|t:|1769363387
|switch|p2a: Ninetales|Ninetales-Alola, F|100/100
|-weather|Snowscape|[from] ability: Snow Warning|[of] p2a: Ninetales
|turn|12
|
|t:|1769363393
|move|p2a: Ninetales|Aurora Veil|p2a: Ninetales
|-sidestart|p2: CactuSpinoso|move: Aurora Veil
|move|p1a: slow down|Liquidation|p2a: Ninetales
|-damage|p2a: Ninetales|48/100
|
|-weather|Snowscape|[upkeep]
|upkeep
|turn|13
|
|t:|1769363398
|move|p2a: Ninetales|Freeze-Dry|p1a: slow down
|-supereffective|p1a: slow down
|-damage|p1a: slow down|0 fnt
|faint|p1a: slow down
|
|-weather|Snowscape|[upkeep]
|upkeep
|
|t:|1769363402
|switch|p1a: Pelipper|Pelipper, F|100/100
|-weather|RainDance|[from] ability: Drizzle|[of] p1a: Pelipper
|turn|14
|
|t:|1769363405
|switch|p1a: Metagross|Metagross|66/100
|move|p2a: Ninetales|Freeze-Dry|p1a: Metagross
|-resisted|p1a: Metagross
|-damage|p1a: Metagross|49/100
|
|-weather|RainDance|[upkeep]
|upkeep
|turn|15
|
|t:|1769363409
|move|p1a: Metagross|Bullet Punch|p2a: Ninetales
|-supereffective|p2a: Ninetales
|-damage|p2a: Ninetales|0 fnt
|faint|p2a: Ninetales
|
|-weather|RainDance|[upkeep]
|upkeep
|
|t:|1769363413
|switch|p2a: Kingambit|Kingambit, M|100/100
|-activate|p2a: Kingambit|ability: Supreme Overlord
|-start|p2a: Kingambit|fallen3|[silent]
|turn|16
|
|t:|1769363421
|switch|p1a: Milotic|Milotic, F|45/100
|move|p2a: Kingambit|Sucker Punch||[still]
|-fail|p2a: Kingambit
|
|-weather|RainDance|[upkeep]
|-heal|p1a: Milotic|51/100|[from] item: Leftovers
|upkeep
|turn|17
|
|t:|1769363424
|move|p1a: Milotic|Recover|p1a: Milotic
|-heal|p1a: Milotic|100/100
|move|p2a: Kingambit|Swords Dance|p2a: Kingambit
|-boost|p2a: Kingambit|atk|2
|
|-weather|RainDance|[upkeep]
|upkeep
|turn|18
|
|t:|1769363428
|move|p1a: Milotic|Haze|p1a: Milotic
|-clearallboost
|move|p2a: Kingambit|Iron Head|p1a: Milotic
|-resisted|p1a: Milotic
|-damage|p1a: Milotic|83/100
|
|-weather|RainDance|[upkeep]
|-heal|p1a: Milotic|89/100|[from] item: Leftovers
|upkeep
|turn|19
|
|t:|1769363432
|move|p1a: Milotic|Scald|p2a: Kingambit
|-damage|p2a: Kingambit|86/100
|move|p2a: Kingambit|Substitute|p2a: Kingambit
|-start|p2a: Kingambit|Substitute
|-damage|p2a: Kingambit|61/100
|
|-weather|RainDance|[upkeep]
|-heal|p1a: Milotic|95/100|[from] item: Leftovers
|-heal|p2a: Kingambit|68/100|[from] item: Leftovers
|-sideend|p2: CactuSpinoso|move: Aurora Veil
|upkeep
|turn|20
|
|t:|1769363436
|move|p1a: Milotic|Scald|p2a: Kingambit
|-end|p2a: Kingambit|Substitute
|move|p2a: Kingambit|Swords Dance|p2a: Kingambit
|-boost|p2a: Kingambit|atk|2
|
|-weather|RainDance|[upkeep]
|-heal|p1a: Milotic|100/100|[from] item: Leftovers
|-heal|p2a: Kingambit|74/100|[from] item: Leftovers
|upkeep
|turn|21
|
|t:|1769363440
|move|p1a: Milotic|Haze|p1a: Milotic
|-clearallboost
|move|p2a: Kingambit|Iron Head|p1a: Milotic
|-resisted|p1a: Milotic
|-damage|p1a: Milotic|84/100
|
|-weather|none
|-heal|p1a: Milotic|90/100|[from] item: Leftovers
|-heal|p2a: Kingambit|80/100|[from] item: Leftovers
|upkeep
|turn|22
|
|t:|1769363446
|-end|p2a: Kingambit|fallen3|[silent]
|switch|p2a: Polteageist|Polteageist|100/100
|move|p1a: Milotic|Scald|p2a: Polteageist
|-damage|p2a: Polteageist|66/100
|
|-heal|p1a: Milotic|96/100|[from] item: Leftovers
|upkeep
|turn|23
|
|t:|1769363450
|move|p2a: Polteageist|Shell Smash|p2a: Polteageist
|-unboost|p2a: Polteageist|def|1
|-unboost|p2a: Polteageist|spd|1
|-boost|p2a: Polteageist|atk|2
|-boost|p2a: Polteageist|spa|2
|-boost|p2a: Polteageist|spe|2
|move|p1a: Milotic|Scald|p2a: Polteageist
|-damage|p2a: Polteageist|17/100
|
|-heal|p1a: Milotic|100/100|[from] item: Leftovers
|upkeep
|turn|24
|
|t:|1769363457
|move|p2a: Polteageist|Stored Power|p1a: Milotic
|-damage|p1a: Milotic|29/100
|move|p1a: Milotic|Scald|p2a: Polteageist
|-damage|p2a: Polteageist|0 fnt
|faint|p2a: Polteageist
|
|-heal|p1a: Milotic|35/100|[from] item: Leftovers
|upkeep
|
|t:|1769363463
|switch|p2a: Iron Boulder|Iron Boulder|100/100
|-enditem|p2a: Iron Boulder|Booster Energy
|-activate|p2a: Iron Boulder|ability: Quark Drive|[fromitem]
|-start|p2a: Iron Boulder|quarkdrivespe
|turn|25
|
|t:|1769363467
|switch|p1a: Pelipper|Pelipper, F|100/100
|-weather|RainDance|[from] ability: Drizzle|[of] p1a: Pelipper
|move|p2a: Iron Boulder|Psycho Cut|p1a: Pelipper
|-damage|p1a: Pelipper|70/100
|
|-weather|RainDance|[upkeep]
|upkeep
|turn|26
|
|t:|1769363474
|switch|p1a: Metagross|Metagross|49/100
|move|p2a: Iron Boulder|Mighty Cleave|p1a: Metagross
|-resisted|p1a: Metagross
|-damage|p1a: Metagross|29/100
|
|-weather|RainDance|[upkeep]
|upkeep
|turn|27
|
|t:|1769363481
|-terastallize|p2a: Iron Boulder|Grass
|move|p2a: Iron Boulder|Close Combat|p1a: Metagross
|-damage|p1a: Metagross|0 fnt
|-unboost|p2a: Iron Boulder|def|1
|-unboost|p2a: Iron Boulder|spd|1
|faint|p1a: Metagross
|
|-weather|RainDance|[upkeep]
|upkeep
|
|t:|1769363489
|switch|p1a: Kingdra|Kingdra, F|100/100
|turn|28
|
|t:|1769363494
|move|p1a: Kingdra|Hurricane|p2a: Iron Boulder
|-supereffective|p2a: Iron Boulder
|-damage|p2a: Iron Boulder|0 fnt
|faint|p2a: Iron Boulder
|-end|p2a: Iron Boulder|Quark Drive|[silent]
|
|-weather|RainDance|[upkeep]
|upkeep
|
|t:|1769363496
|switch|p2a: Kingambit|Kingambit, M|80/100
|-activate|p2a: Kingambit|ability: Supreme Overlord
|-start|p2a: Kingambit|fallen5|[silent]
|turn|29
|
|t:|1769363498
|switch|p1a: Milotic|Milotic, F|35/100
|move|p2a: Kingambit|Sucker Punch||[still]
|-fail|p2a: Kingambit
|
|-weather|RainDance|[upkeep]
|-heal|p1a: Milotic|41/100|[from] item: Leftovers
|-heal|p2a: Kingambit|86/100|[from] item: Leftovers
|upkeep
|turn|30
|
|t:|1769363502
|move|p1a: Milotic|Recover|p1a: Milotic
|-heal|p1a: Milotic|91/100
|move|p2a: Kingambit|Swords Dance|p2a: Kingambit
|-boost|p2a: Kingambit|atk|2
|
|-weather|RainDance|[upkeep]
|-heal|p1a: Milotic|97/100|[from] item: Leftovers
|-heal|p2a: Kingambit|92/100|[from] item: Leftovers
|upkeep
|turn|31
|
|t:|1769363505
|move|p2a: Kingambit|Sucker Punch||[still]
|-fail|p2a: Kingambit
|move|p1a: Milotic|Haze|p1a: Milotic
|-clearallboost
|
|-weather|RainDance|[upkeep]
|-heal|p1a: Milotic|100/100|[from] item: Leftovers
|-heal|p2a: Kingambit|99/100|[from] item: Leftovers
|upkeep
|turn|32
|
|t:|1769363510
|move|p1a: Milotic|Scald|p2a: Kingambit
|-damage|p2a: Kingambit|66/100
|-status|p2a: Kingambit|brn
|move|p2a: Kingambit|Substitute|p2a: Kingambit
|-start|p2a: Kingambit|Substitute
|-damage|p2a: Kingambit|41/100 brn
|
|-weather|none
|-heal|p2a: Kingambit|47/100 brn|[from] item: Leftovers
|-damage|p2a: Kingambit|41/100 brn|[from] brn
|upkeep
|turn|33
|-message|CactuSpinoso forfeited.
|
|win|jtthemaster
|raw|jtthemaster's rating: 1326 &rarr; <strong>1348</strong><br />(+22 for winning)
|raw|CactuSpinoso's rating: 1367 &rarr; <strong>1345</strong><br />(-22 for losing)
|l|☆CactuSpinoso
|player|p2|
|l|☆jtthemaster
|player|p1|
