|j|☆tgemvgc
|j|☆chibi tanjiro
|t:|1769317863
|gametype|singles
|player|p1|tgemvgc|diantha-masters|1476
|player|p2|chibi tanjiro|170|1491
|gen|9
|tier|[Gen 9] OU
|rated|
|rule|HP Percentage Mod: HP is shown in percentages
|rule|Endless Battle Clause: Forcing endless battles is banned
|rule|Species Clause: Limit one of each Pokémon
|rule|OHKO Clause: OHKO moves are banned
|rule|Evasion Items Clause: Evasion items are banned
|rule|Evasion Moves Clause: Evasion moves are banned
|rule|Evasion Abilities Clause: Evasion abilities are banned
|rule|Sleep Moves Clause: Sleep-inducing moves are banned
|clearpoke
|poke|p1|Great Tusk|
|poke|p1|Pecharunt|
|poke|p1|Iron Valiant|
|poke|p1|Iron Crown|
|poke|p1|Samurott-Hisui, M|
|poke|p1|Dragonite, M|
|poke|p2|Zarude-Dada|
|poke|p2|Pecharunt|
|poke|p2|Great Tusk|
|poke|p2|Landorus-Therian, M|
|poke|p2|Latios, M|
|poke|p2|Magnezone|
|teampreview
|inactive|Battle timer is ON: inactive players will automatically lose when time's up. (requested by chibi tanjiro)
|
|t:|1769317912
|teamsize|p1|6
|teamsize|p2|6
|start
|switch|p1a: Iron Crown|Iron Crown|100/100
|switch|p2a: Zarude|Zarude-Dada|100/100
|turn|1
|
|t:|1769317943
|-end|p1a: Iron Crown|Quark Drive|[silent]
|switch|p1a: Pecharunt|Pecharunt|100/100
|move|p2a: Zarude|U-turn|p1a: Pecharunt
|-resisted|p1a: Pecharunt
|-damage|p1a: Pecharunt|98/100
|-damage|p2a: Zarude|84/100|[from] item: Rocky Helmet|[of] p1a: Pecharunt
|inactive|chibi tanjiro has 120 seconds left.
|
|t:|1769317958
|switch|p2a: Landorus|Landorus-Therian, M|100/100|[from] U-turn
|-ability|p2a: Landorus|Intimidate|boost
|-unboost|p1a: Pecharunt|atk|1
|
|upkeep
|turn|2
|inactive|tgemvgc has 120 seconds left.
|
|t:|1769317988
|switch|p1a: Great Tusk|Great Tusk, shiny|100/100
|move|p2a: Landorus|Stealth Rock|p1a: Great Tusk
|-sidestart|p1: tgemvgc|move: Stealth Rock
|
|upkeep
|turn|3
|
|t:|1769317997
|move|p2a: Landorus|Grass Knot|p1a: Great Tusk
|-supereffective|p1a: Great Tusk
|-damage|p1a: Great Tusk|10/100
|move|p1a: Great Tusk|Rapid Spin|p2a: Landorus
|-damage|p2a: Landorus|85/100
|-boost|p1a: Great Tusk|spe|1
|-damage|p1a: Great Tusk|0 fnt|[from] item: Rocky Helmet|[of] p2a: Landorus
|faint|p1a: Great Tusk
|-end|p1a: Great Tusk|Protosynthesis|[silent]
|
|upkeep
|inactive|tgemvgc has 90 seconds left.
|
|t:|1769318033
|switch|p1a: Iron Valiant|Iron Valiant, shiny|100/100
|-damage|p1a: Iron Valiant|94/100|[from] Stealth Rock
|turn|4
|inactive|tgemvgc has 90 seconds left.
|
|t:|1769318043
|move|p1a: Iron Valiant|Moonblast|p2a: Landorus
|-damage|p2a: Landorus|6/100
|move|p2a: Landorus|U-turn|p1a: Iron Valiant
|-resisted|p1a: Iron Valiant
|-damage|p1a: Iron Valiant|89/100
|
|t:|1769318050
|switch|p2a: Magnezone|Magnezone|100/100|[from] U-turn
|
|upkeep
|turn|5
|
|t:|1769318059
|-end|p1a: Iron Valiant|Quark Drive|[silent]
|switch|p1a: Iron Crown|Iron Crown|100/100
|-damage|p1a: Iron Crown|94/100|[from] Stealth Rock
|move|p2a: Magnezone|Volt Switch|p1a: Iron Crown
|-damage|p1a: Iron Crown|57/100
|
|t:|1769318062
|switch|p2a: Zarude|Zarude-Dada|84/100|[from] Volt Switch
|
|upkeep
|turn|6
|
|t:|1769318077
|move|p2a: Zarude|Knock Off|p1a: Iron Crown
|-supereffective|p1a: Iron Crown
|-damage|p1a: Iron Crown|0 fnt
|-enditem|p1a: Iron Crown|Assault Vest|[from] move: Knock Off|[of] p2a: Zarude
|faint|p1a: Iron Crown
|-end|p1a: Iron Crown|Quark Drive|[silent]
|
|upkeep
|inactive|tgemvgc has 90 seconds left.
|
|t:|1769318101
|switch|p1a: Dragonite|Dragonite, M, shiny|100/100
|turn|7
|
|t:|1769318106
|move|p2a: Zarude|Knock Off|p1a: Dragonite
|-damage|p1a: Dragonite|76/100
|-enditem|p1a: Dragonite|Heavy-Duty Boots|[from] move: Knock Off|[of] p2a: Zarude
|move|p1a: Dragonite|Dragon Dance|p1a: Dragonite
|-boost|p1a: Dragonite|atk|1
|-boost|p1a: Dragonite|spe|1
|
|upkeep
|turn|8
|
|t:|1769318117
|switch|p2a: Pecharunt|Pecharunt|100/100
|move|p1a: Dragonite|Roost|p1a: Dragonite
|-heal|p1a: Dragonite|100/100
|-singleturn|p1a: Dragonite|move: Roost
|
|upkeep
|turn|9
|
|t:|1769318126
|-terastallize|p2a: Pecharunt|Ghost
|move|p1a: Dragonite|Earthquake|p2a: Pecharunt
|-damage|p2a: Pecharunt|74/100
|move|p2a: Pecharunt|Malignant Chain|p1a: Dragonite
|-damage|p1a: Dragonite|83/100
|-status|p1a: Dragonite|tox
|-start|p1a: Dragonite|confusion|[from] ability: Poison Puppeteer|[of] p2a: Pecharunt
|
|-damage|p1a: Dragonite|77/100 tox|[from] psn
|upkeep
|turn|10
|inactive|tgemvgc has 90 seconds left.
|
|t:|1769318150
|-terastallize|p1a: Dragonite|Flying
|-activate|p1a: Dragonite|confusion
|move|p1a: Dragonite|Tera Blast|p2a: Pecharunt|[anim] Tera Blast Flying
|-damage|p2a: Pecharunt|36/100
|move|p2a: Pecharunt|Parting Shot|p1a: Dragonite
|-unboost|p1a: Dragonite|atk|1
|-unboost|p1a: Dragonite|spa|1
|
|t:|1769318161
|switch|p2a: Magnezone|Magnezone|100/100|[from] Parting Shot
|
|-damage|p1a: Dragonite|64/100 tox|[from] psn
|upkeep
|turn|11
|
|t:|1769318171
|switch|p2a: Landorus|Landorus-Therian, M|6/100
|-ability|p2a: Landorus|Intimidate|boost
|-unboost|p1a: Dragonite|atk|1
|-end|p1a: Dragonite|confusion
|move|p1a: Dragonite|Earthquake|p2a: Landorus
|-immune|p2a: Landorus
|
|-damage|p1a: Dragonite|46/100 tox|[from] psn
|upkeep
|turn|12
|
|t:|1769318182
|move|p1a: Dragonite|Tera Blast|p2a: Landorus|[anim] Tera Blast Flying
|-damage|p2a: Landorus|0 fnt
|faint|p2a: Landorus
|
|-damage|p1a: Dragonite|21/100 tox|[from] psn
|upkeep
|
|t:|1769318185
|switch|p2a: Pecharunt|Pecharunt, tera:Ghost|36/100
|turn|13
|
|t:|1769318194
|move|p1a: Dragonite|Tera Blast|p2a: Pecharunt|[anim] Tera Blast Flying
|-damage|p2a: Pecharunt|19/100
|move|p2a: Pecharunt|Recover|p2a: Pecharunt
|-heal|p2a: Pecharunt|69/100
|
|-damage|p1a: Dragonite|0 fnt|[from] psn
|faint|p1a: Dragonite
|upkeep
|
|t:|1769318204
|switch|p1a: Iron Valiant|Iron Valiant, shiny|89/100
|-damage|p1a: Iron Valiant|83/100|[from] Stealth Rock
|turn|14
|
|t:|1769318212
|switch|p2a: Zarude|Zarude-Dada|84/100
|move|p1a: Iron Valiant|Moonblast|p2a: Zarude
|-supereffective|p2a: Zarude
|-damage|p2a: Zarude|0 fnt
|faint|p2a: Zarude
|
|upkeep
|
|t:|1769318216
|switch|p2a: Latios|Latios, M|100/100
|turn|15
|inactive|tgemvgc has 120 seconds left.
|
|t:|1769318240
|switch|p2a: Magnezone|Magnezone|100/100
|-end|p1a: Iron Valiant|Quark Drive|[silent]
|switch|p1a: Samurott|Samurott-Hisui, M, shiny|100/100
|-damage|p1a: Samurott|88/100|[from] Stealth Rock
|
|upkeep
|turn|16
|inactive|tgemvgc has 120 seconds left.
|
|t:|1769318248
|move|p1a: Samurott|Flip Turn|p2a: Magnezone
|-damage|p2a: Magnezone|68/100
|
|t:|1769318250
|switch|p1a: Pecharunt|Pecharunt|98/100|[from] Flip Turn
|-damage|p1a: Pecharunt|85/100|[from] Stealth Rock
|move|p2a: Magnezone|Thunderbolt|p1a: Pecharunt
|-damage|p1a: Pecharunt|13/100
|
|upkeep
|turn|17
|
|t:|1769318256
|move|p2a: Magnezone|Thunderbolt|p1a: Pecharunt
|-damage|p1a: Pecharunt|0 fnt
|faint|p1a: Pecharunt
|
|upkeep
|inactive|tgemvgc has 120 seconds left.
|
|t:|1769318271
|switch|p1a: Samurott|Samurott-Hisui, M, shiny|88/100
|-damage|p1a: Samurott|76/100|[from] Stealth Rock
|turn|18
|
|t:|1769318275
|move|p1a: Samurott|Ceaseless Edge|p2a: Magnezone
|-damage|p2a: Magnezone|10/100
|-sidestart|p2: chibi tanjiro|Spikes
|move|p2a: Magnezone|Thunderbolt|p1a: Samurott
|-supereffective|p1a: Samurott
|-damage|p1a: Samurott|0 fnt
|faint|p1a: Samurott
|
|upkeep
|
|t:|1769318278
|switch|p1a: Iron Valiant|Iron Valiant, shiny|83/100
|-damage|p1a: Iron Valiant|77/100|[from] Stealth Rock
|turn|19
|
|t:|1769318281
|move|p1a: Iron Valiant|Moonblast|p2a: Magnezone
|-resisted|p2a: Magnezone
|-crit|p2a: Magnezone
|-damage|p2a: Magnezone|0 fnt
|faint|p2a: Magnezone
|
|upkeep
|
|t:|1769318284
|switch|p2a: Latios|Latios, M|100/100
|turn|20
|
|t:|1769318285
|move|p2a: Latios|Luster Purge|p1a: Iron Valiant
|-supereffective|p1a: Iron Valiant
|-damage|p1a: Iron Valiant|0 fnt
|faint|p1a: Iron Valiant
|-end|p1a: Iron Valiant|Quark Drive|[silent]
|
|win|chibi tanjiro
|raw|tgemvgc's rating: 1476 &rarr; <strong>1457</strong><br />(-19 for losing)
|raw|chibi tanjiro's rating: 1491 &rarr; <strong>1510</strong><br />(+19 for winning)
|l|☆tgemvgc
|player|p1|
|l|☆chibi tanjiro
|player|p2|
