|j|☆salukiwa
|j|☆Cour3tro
|t:|1769317699
|gametype|singles
|player|p1|salukiwa|2|1232
|player|p2|Cour3tro|170|1189
|gen|9
|tier|[Gen 9] OU
|rated|
|rule|HP Percentage Mod: HP is shown in percentages
|rule|Endless Battle Clause: Forcing endless battles is banned
|rule|Species Clause: Limit one of each Pokémon
|rule|OHKO Clause: OHKO moves are banned
|rule|Evasion Items Clause: Evasion items are banned
|rule|Evasion Moves Clause: Evasion moves are banned
|rule|Evasion Abilities Clause: Evasion abilities are banned
|rule|Sleep Moves Clause: Sleep-inducing moves are banned
|clearpoke
|poke|p1|Garganacl, M|
|poke|p1|Blaziken, M|
|poke|p1|Ogerpon-Wellspring, F|
|poke|p1|Weezing-Galar, F|
|poke|p1|Kingambit, F|
|poke|p1|Zapdos|
|poke|p2|Glimmora, F|
|poke|p2|Zapdos-Galar|
|poke|p2|Vaporeon, M|
|poke|p2|Iron Thorns|
|poke|p2|Chandelure, M|
|poke|p2|Lurantis, F|
|teampreview
|inactive|Battle timer is ON: inactive players will automatically lose when time's up. (requested by salukiwa)
|
|t:|1769317711
|teamsize|p1|6
|teamsize|p2|6
|start
|switch|p1a: Kingambit|Kingambit, F|100/100
|switch|p2a: Glimmora|Glimmora, F|100/100
|turn|1
|
|t:|1769317721
|move|p2a: Glimmora|Stealth Rock|p1a: Kingambit
|-sidestart|p1: salukiwa|move: Stealth Rock
|move|p1a: Kingambit|Swords Dance|p1a: Kingambit
|-boost|p1a: Kingambit|atk|2
|
|upkeep
|turn|2
|
|t:|1769317732
|move|p2a: Glimmora|Power Gem|p1a: Kingambit
|-resisted|p1a: Kingambit
|-damage|p1a: Kingambit|81/100
|move|p1a: Kingambit|Iron Head|p2a: Glimmora
|-supereffective|p2a: Glimmora
|-enditem|p2a: Glimmora|Focus Sash
|-damage|p2a: Glimmora|1/100
|-activate|p2a: Glimmora|ability: Toxic Debris
|-sidestart|p1: salukiwa|move: Toxic Spikes
|
|-heal|p1a: Kingambit|88/100|[from] item: Leftovers
|upkeep
|turn|3
|
|t:|1769317748
|move|p2a: Glimmora|Power Gem|p1a: Kingambit
|-resisted|p1a: Kingambit
|-damage|p1a: Kingambit|65/100
|move|p1a: Kingambit|Iron Head|p2a: Glimmora
|-supereffective|p2a: Glimmora
|-damage|p2a: Glimmora|0 fnt
|-activate|p2a: Glimmora|ability: Toxic Debris
|-sidestart|p1: salukiwa|move: Toxic Spikes
|faint|p2a: Glimmora
|
|-heal|p1a: Kingambit|71/100|[from] item: Leftovers
|upkeep
|
|t:|1769317771
|switch|p2a: Zapdos|Zapdos-Galar|100/100
|turn|4
|
|t:|1769317782
|-terastallize|p1a: Kingambit|Ghost
|move|p2a: Zapdos|Close Combat|p1a: Kingambit
|-immune|p1a: Kingambit
|move|p1a: Kingambit|Iron Head|p2a: Zapdos
|-damage|p2a: Zapdos|0 fnt
|faint|p2a: Zapdos
|
|-heal|p1a: Kingambit|77/100|[from] item: Leftovers
|upkeep
|
|t:|1769317796
|switch|p2a: Iron Thorns|Iron Thorns|100/100
|turn|5
|
|t:|1769317801
|move|p2a: Iron Thorns|Dragon Dance|p2a: Iron Thorns
|-boost|p2a: Iron Thorns|atk|1
|-boost|p2a: Iron Thorns|spe|1
|move|p1a: Kingambit|Iron Head|p2a: Iron Thorns
|-damage|p2a: Iron Thorns|20/100
|-enditem|p2a: Iron Thorns|Sitrus Berry|[eat]
|-heal|p2a: Iron Thorns|45/100|[from] item: Sitrus Berry
|
|-heal|p1a: Kingambit|83/100|[from] item: Leftovers
|upkeep
|turn|6
|
|t:|1769317809
|move|p1a: Kingambit|Sucker Punch|p2a: Iron Thorns
|-damage|p2a: Iron Thorns|0 fnt
|faint|p2a: Iron Thorns
|-end|p2a: Iron Thorns|Quark Drive|[silent]
|
|-heal|p1a: Kingambit|89/100|[from] item: Leftovers
|upkeep
|
|t:|1769317812
|switch|p2a: Chandelure|Chandelure, M|100/100
|turn|7
|-message|Cour3tro forfeited.
|
|win|salukiwa
|raw|salukiwa's rating: 1232 &rarr; <strong>1254</strong><br />(+22 for winning)
|raw|Cour3tro's rating: 1189 &rarr; <strong>1167</strong><br />(-22 for losing)
|l|☆Cour3tro
|player|p2|
|l|☆salukiwa
|player|p1|
