|j|☆684987656549849f
|j|☆Ducky507
|t:|1769405406
|gametype|singles
|player|p1|684987656549849f|2|1334
|player|p2|Ducky507|scientist-gen4dp|1308
|gen|9
|tier|[Gen 9] OU
|rated|
|rule|HP Percentage Mod: HP is shown in percentages
|rule|Endless Battle Clause: Forcing endless battles is banned
|rule|Species Clause: Limit one of each Pokémon
|rule|OHKO Clause: OHKO moves are banned
|rule|Evasion Items Clause: Evasion items are banned
|rule|Evasion Moves Clause: Evasion moves are banned
|rule|Evasion Abilities Clause: Evasion abilities are banned
|rule|Sleep Moves Clause: Sleep-inducing moves are banned
|clearpoke
|poke|p1|Pelipper, F|
|poke|p1|Ogerpon-Wellspring, F|
|poke|p1|Raging Bolt|
|poke|p1|Primarina, F|
|poke|p1|Iron Treads|
|poke|p1|Skeledirge, M|
|poke|p2|Torkoal, F|
|poke|p2|Walking Wake|
|poke|p2|Ceruledge, F|
|poke|p2|Great Tusk|
|poke|p2|Jirachi|
|poke|p2|Meowscarada, M|
|teampreview
|inactive|Battle timer is ON: inactive players will automatically lose when time's up. (requested by Ducky507)
|inactive|684987656549849f also wants the timer to be on.
|c|☆Ducky507|gl hf
|inactive|684987656549849f has 120 seconds left.
|inactive|684987656549849f has 90 seconds left.
|
|t:|1769405490
|teamsize|p1|6
|teamsize|p2|6
|start
|switch|p1a: Sherk|Ogerpon-Wellspring, F|100/100
|switch|p2a: Meowscarada|Meowscarada, M, shiny|100/100
|turn|1
|
|t:|1769405507
|move|p2a: Meowscarada|U-turn|p1a: Sherk
|-start|p2a: Meowscarada|typechange|Bug|[from] ability: Protean
|-supereffective|p1a: Sherk
|-damage|p1a: Sherk|18/100
|
|t:|1769405515
|switch|p2a: Ceruledge|Ceruledge, F, shiny|100/100|[from] U-turn
|move|p1a: Sherk|U-turn|p2a: Ceruledge
|-resisted|p2a: Ceruledge
|-crit|p2a: Ceruledge
|-damage|p2a: Ceruledge|85/100
|-ability|p2a: Ceruledge|Weak Armor|boost
|-unboost|p2a: Ceruledge|def|1
|-boost|p2a: Ceruledge|spe|2
|inactive|684987656549849f has 120 seconds left.
|inactive|684987656549849f has 90 seconds left.
|
|t:|1769405573
|switch|p1a: Primarina|Primarina, F|100/100|[from] U-turn
|
|upkeep
|turn|2
|inactive|Ducky507 has 120 seconds left.
|
|t:|1769405622
|move|p2a: Ceruledge|Shadow Sneak|p1a: Primarina
|-damage|p1a: Primarina|69/100
|-damage|p2a: Ceruledge|75/100|[from] item: Life Orb
|move|p1a: Primarina|Hyper Voice|p2a: Ceruledge
|-supereffective|p2a: Ceruledge
|-damage|p2a: Ceruledge|0 fnt
|faint|p2a: Ceruledge
|
|-heal|p1a: Primarina|75/100|[from] item: Leftovers
|upkeep
|
|t:|1769405628
|switch|p2a: Torkoal|Torkoal, F, shiny|100/100
|-weather|SunnyDay|[from] ability: Drought|[of] p2a: Torkoal
|turn|3
|
|t:|1769405632
|switch|p1a: Felipe|Pelipper, F, shiny|100/100
|-weather|RainDance|[from] ability: Drizzle|[of] p1a: Felipe
|switch|p2a: Jirachi|Jirachi, shiny|100/100
|
|-weather|RainDance|[upkeep]
|upkeep
|turn|4
|inactive|Ducky507 has 120 seconds left.
|
|t:|1769405638
|move|p2a: Jirachi|Body Slam|p1a: Felipe
|-damage|p1a: Felipe|80/100
|-status|p1a: Felipe|par
|move|p1a: Felipe|Hydro Pump|p2a: Jirachi
|-damage|p2a: Jirachi|30/100
|
|-weather|RainDance|[upkeep]
|-heal|p2a: Jirachi|36/100|[from] item: Leftovers
|upkeep
|turn|5
|inactive|Ducky507 has 120 seconds left.
|inactive|Ducky507 has 90 seconds left.
|
|t:|1769405684
|switch|p2a: Walking Wake|Walking Wake|100/100
|move|p1a: Felipe|Hydro Pump|p2a: Walking Wake
|-resisted|p2a: Walking Wake
|-damage|p2a: Walking Wake|67/100
|
|-weather|RainDance|[upkeep]
|upkeep
|turn|6
|inactive|684987656549849f has 120 seconds left.
|inactive|Ducky507 has 90 seconds left.
|inactive|684987656549849f has 90 seconds left.
|inactive|Ducky507 has 60 seconds left.
|inactive|684987656549849f has 60 seconds left.
|
|t:|1769405756
|switch|p1a: Sherk|Ogerpon-Wellspring, F|18/100
|move|p2a: Walking Wake|Flip Turn|p1a: Sherk
|-heal|p1a: Sherk|43/100|[from] ability: Water Absorb|[of] p2a: Walking Wake
|
|-weather|RainDance|[upkeep]
|upkeep
|turn|7
|inactive|684987656549849f has 60 seconds left.
|inactive|Ducky507 has 60 seconds left.
|
|t:|1769405769
|-end|p2a: Walking Wake|Protosynthesis|[silent]
|switch|p2a: Torkoal|Torkoal, F, shiny|100/100
|-weather|SunnyDay|[from] ability: Drought|[of] p2a: Torkoal
|move|p1a: Sherk|Play Rough|p2a: Torkoal
|-resisted|p2a: Torkoal
|-damage|p2a: Torkoal|87/100
|
|-weather|SunnyDay|[upkeep]
|upkeep
|turn|8
|inactive|Ducky507 has 60 seconds left.
|
|t:|1769405786
|move|p1a: Sherk|U-turn|p2a: Torkoal
|-resisted|p2a: Torkoal
|-damage|p2a: Torkoal|77/100
|inactive|684987656549849f has 60 seconds left.
|
|t:|1769405807
|switch|p1a: Felipe|Pelipper, F, shiny|80/100 par|[from] U-turn
|-weather|RainDance|[from] ability: Drizzle|[of] p1a: Felipe
|move|p2a: Torkoal|Stealth Rock|p1a: Felipe
|-sidestart|p1: 684987656549849f|move: Stealth Rock
|
|-weather|RainDance|[upkeep]
|upkeep
|turn|9
|
|t:|1769405816
|switch|p2a: Walking Wake|Walking Wake|67/100
|cant|p1a: Felipe|par
|
|-weather|RainDance|[upkeep]
|upkeep
|turn|10
|
|t:|1769405820
|move|p2a: Walking Wake|Draco Meteor|p1a: Felipe
|-damage|p1a: Felipe|0 fnt
|-unboost|p2a: Walking Wake|spa|2
|faint|p1a: Felipe
|
|-weather|RainDance|[upkeep]
|upkeep
|
|t:|1769405829
|switch|p1a: Primarina|Primarina, F|75/100
|-damage|p1a: Primarina|63/100|[from] Stealth Rock
|turn|11
|
|t:|1769405837
|-end|p2a: Walking Wake|Protosynthesis|[silent]
|switch|p2a: Torkoal|Torkoal, F, shiny|77/100
|-weather|SunnyDay|[from] ability: Drought|[of] p2a: Torkoal
|move|p1a: Primarina|Hyper Voice|p2a: Torkoal
|-supereffective|p2a: Torkoal
|-damage|p2a: Torkoal|35/100
|
|-weather|SunnyDay|[upkeep]
|-heal|p1a: Primarina|69/100|[from] item: Leftovers
|upkeep
|turn|12
|inactive|Ducky507 has 90 seconds left.
|inactive|684987656549849f has 60 seconds left.
|inactive|684987656549849f has 30 seconds left.
|inactive|684987656549849f has 20 seconds left.
|inactive|684987656549849f has 15 seconds left.
|inactive|684987656549849f has 10 seconds left.
|inactive|684987656549849f has 5 seconds left.
|-message|684987656549849f lost due to inactivity.
|
|win|Ducky507
|raw|684987656549849f's rating: 1334 &rarr; <strong>1313</strong><br />(-21 for losing)
|raw|Ducky507's rating: 1308 &rarr; <strong>1329</strong><br />(+21 for winning)
|c|☆Ducky507|gg
