|j|☆Kanha Greninja
|j|☆bipom PU abuser
|t:|1769344422
|gametype|singles
|player|p1|Kanha Greninja|#rbtt7teamgiratinao|1478
|player|p2|bipom PU abuser|kunoichi2-conquest|1449
|gen|9
|tier|[Gen 9] OU
|rated|
|rule|HP Percentage Mod: HP is shown in percentages
|rule|Endless Battle Clause: Forcing endless battles is banned
|rule|Species Clause: Limit one of each Pokémon
|rule|OHKO Clause: OHKO moves are banned
|rule|Evasion Items Clause: Evasion items are banned
|rule|Evasion Moves Clause: Evasion moves are banned
|rule|Evasion Abilities Clause: Evasion abilities are banned
|rule|Sleep Moves Clause: Sleep-inducing moves are banned
|clearpoke
|poke|p1|Enamorus, F|
|poke|p1|Araquanid, M|
|poke|p1|Cinderace, M|
|poke|p1|Kingambit, M|
|poke|p1|Serperior, M|
|poke|p1|Ceruledge, M|
|poke|p2|Azumarill, F|
|poke|p2|Ambipom, M|
|poke|p2|Corviknight, M|
|poke|p2|Dragapult, M|
|poke|p2|Garganacl, M|
|poke|p2|Clodsire, F|
|teampreview
|
|t:|1769344442
|teamsize|p1|6
|teamsize|p2|6
|start
|switch|p1a: Araquanid|Araquanid, M|100/100
|switch|p2a: Ambipom|Ambipom, M|100/100
|turn|1
|
|t:|1769344450
|move|p2a: Ambipom|Fake Out|p1a: Araquanid
|-damage|p1a: Araquanid|65/100
|cant|p1a: Araquanid|flinch
|
|upkeep
|turn|2
|
|t:|1769344452
|move|p1a: Araquanid|Endure|p1a: Araquanid
|-singleturn|p1a: Araquanid|move: Endure
|move|p2a: Ambipom|Double Hit|p1a: Araquanid
|-damage|p1a: Araquanid|31/100
|-damage|p1a: Araquanid|2/100
|-hitcount|p1a: Araquanid|2
|
|upkeep
|turn|3
|-enditem|p1a: Araquanid|Custap Berry|[eat]
|-activate|p1a: Araquanid|item: Custap Berry|[consumed]
|
|t:|1769344467
|switch|p2a: Dragapult|Dragapult, M|100/100
|move|p1a: Araquanid|Surf|p2a: Dragapult
|-resisted|p2a: Dragapult
|-damage|p2a: Dragapult|61/100
|
|upkeep
|turn|4
|
|t:|1769344473
|move|p2a: Dragapult|U-turn|p1a: Araquanid
|-damage|p1a: Araquanid|0 fnt
|faint|p1a: Araquanid
|
|t:|1769344478
|switch|p2a: Ambipom|Ambipom, M|100/100|[from] U-turn
|
|upkeep
|
|t:|1769344483
|switch|p1a: Ceruledge|Ceruledge, M|100/100
|turn|5
|
|t:|1769344487
|move|p2a: Ambipom|U-turn|p1a: Ceruledge
|-resisted|p1a: Ceruledge
|-damage|p1a: Ceruledge|93/100
|-ability|p1a: Ceruledge|Weak Armor|boost
|-unboost|p1a: Ceruledge|def|1
|-boost|p1a: Ceruledge|spe|2
|
|t:|1769344488
|switch|p2a: Garganacl|Garganacl, M|100/100|[from] U-turn
|move|p1a: Ceruledge|Close Combat|p2a: Garganacl
|-supereffective|p2a: Garganacl
|-damage|p2a: Garganacl|55/100
|-unboost|p1a: Ceruledge|def|1
|-unboost|p1a: Ceruledge|spd|1
|
|-heal|p2a: Garganacl|62/100|[from] item: Leftovers
|upkeep
|turn|6
|
|t:|1769344495
|switch|p1a: Serperior|Serperior, M|100/100
|-terastallize|p2a: Garganacl|Water
|move|p2a: Garganacl|Salt Cure|p1a: Serperior
|-damage|p1a: Serperior|82/100
|-start|p1a: Serperior|Salt Cure
|
|-heal|p1a: Serperior|88/100|[from] item: Leftovers
|-heal|p2a: Garganacl|68/100|[from] item: Leftovers
|-damage|p1a: Serperior|76/100|[from] Salt Cure
|upkeep
|turn|7
|
|t:|1769344498
|switch|p2a: Corviknight|Corviknight, M|100/100
|move|p1a: Serperior|Leaf Storm|p2a: Corviknight
|-resisted|p2a: Corviknight
|-damage|p2a: Corviknight|90/100
|-boost|p1a: Serperior|spa|2
|
|-heal|p1a: Serperior|82/100|[from] item: Leftovers
|-damage|p1a: Serperior|70/100|[from] Salt Cure
|upkeep
|turn|8
|
|t:|1769344506
|-terastallize|p1a: Serperior|Electric
|move|p1a: Serperior|Tera Blast|p2a: Corviknight|[anim] Tera Blast Electric
|-supereffective|p2a: Corviknight
|-damage|p2a: Corviknight|0 fnt
|faint|p2a: Corviknight
|
|-heal|p1a: Serperior|76/100|[from] item: Leftovers
|-damage|p1a: Serperior|63/100|[from] Salt Cure
|upkeep
|
|t:|1769344512
|switch|p2a: Clodsire|Clodsire, F|100/100
|turn|9
|
|t:|1769344515
|move|p1a: Serperior|Leaf Storm|p2a: Clodsire
|-damage|p2a: Clodsire|50/100
|-boost|p1a: Serperior|spa|2
|move|p2a: Clodsire|Spikes|p1a: Serperior
|-sidestart|p1: Kanha Greninja|Spikes
|
|-heal|p1a: Serperior|70/100|[from] item: Leftovers
|-heal|p2a: Clodsire|56/100|[from] item: Leftovers
|-damage|p1a: Serperior|57/100|[from] Salt Cure
|upkeep
|turn|10
|
|t:|1769344518
|move|p1a: Serperior|Leaf Storm|p2a: Clodsire
|-damage|p2a: Clodsire|0 fnt
|-boost|p1a: Serperior|spa|2
|faint|p2a: Clodsire
|
|-heal|p1a: Serperior|63/100|[from] item: Leftovers
|-damage|p1a: Serperior|51/100|[from] Salt Cure
|upkeep
|
|t:|1769344521
|switch|p2a: Dragapult|Dragapult, M|61/100
|turn|11
|
|t:|1769344526
|move|p2a: Dragapult|Shadow Ball|p1a: Serperior
|-damage|p1a: Serperior|0 fnt
|faint|p1a: Serperior
|
|upkeep
|
|t:|1769344539
|switch|p1a: Cinderace|Cinderace, M|100/100
|-damage|p1a: Cinderace|88/100|[from] Spikes
|turn|12
|
|t:|1769344541
|move|p1a: Cinderace|Sucker Punch|p2a: Dragapult
|-start|p1a: Cinderace|typechange|Dark|[from] ability: Libero
|-supereffective|p2a: Dragapult
|-damage|p2a: Dragapult|0 fnt
|faint|p2a: Dragapult
|
|upkeep
|
|t:|1769344543
|switch|p2a: Garganacl|Garganacl, M, tera:Water|68/100
|turn|13
|
|t:|1769344548
|move|p1a: Cinderace|Court Change|p1a: Cinderace
|-swapsideconditions
|-activate|p1a: Cinderace|move: Court Change
|move|p2a: Garganacl|Salt Cure|p1a: Cinderace
|-damage|p1a: Cinderace|67/100
|-start|p1a: Cinderace|Salt Cure
|
|-heal|p2a: Garganacl|74/100|[from] item: Leftovers
|-damage|p1a: Cinderace|55/100|[from] Salt Cure
|upkeep
|turn|14
|
|t:|1769344553
|switch|p1a: Enamorus|Enamorus, F|100/100
|move|p2a: Garganacl|Recover|p2a: Garganacl
|-heal|p2a: Garganacl|100/100
|
|upkeep
|turn|15
|
|t:|1769344561
|move|p1a: Enamorus|Moonblast|p2a: Garganacl
|-damage|p2a: Garganacl|22/100
|move|p2a: Garganacl|Salt Cure|p1a: Enamorus
|-supereffective|p1a: Enamorus
|-damage|p1a: Enamorus|58/100
|-start|p1a: Enamorus|Salt Cure
|
|-heal|p2a: Garganacl|28/100|[from] item: Leftovers
|-damage|p1a: Enamorus|46/100|[from] Salt Cure
|upkeep
|turn|16
|-message|bipom PU abuser forfeited.
|
|win|Kanha Greninja
|raw|Kanha Greninja's rating: 1478 &rarr; <strong>1496</strong><br />(+18 for winning)
|raw|bipom PU abuser's rating: 1449 &rarr; <strong>1431</strong><br />(-18 for losing)
|l|☆bipom PU abuser
|player|p2|
|l|☆Kanha Greninja
|player|p1|
