|j|☆Chairhairreal
|j|☆bastic31
|t:|1769327230
|gametype|singles
|player|p1|Chairhairreal|elesa|1135
|player|p2|bastic31|unknown|1107
|gen|9
|tier|[Gen 9] OU
|rated|
|rule|HP Percentage Mod: HP is shown in percentages
|rule|Endless Battle Clause: Forcing endless battles is banned
|rule|Species Clause: Limit one of each Pokémon
|rule|OHKO Clause: OHKO moves are banned
|rule|Evasion Items Clause: Evasion items are banned
|rule|Evasion Moves Clause: Evasion moves are banned
|rule|Evasion Abilities Clause: Evasion abilities are banned
|rule|Sleep Moves Clause: Sleep-inducing moves are banned
|clearpoke
|poke|p1|Pecharunt|
|poke|p1|Samurott-Hisui, F|
|poke|p1|Garganacl, F|
|poke|p1|Great Tusk|
|poke|p1|Tornadus-Therian, M|
|poke|p1|Hydrapple, F|
|poke|p2|Seviper, F|
|poke|p2|Landorus-Therian, M|
|poke|p2|Kyurem|
|poke|p2|Darkrai|
|poke|p2|Zapdos|
|poke|p2|Lokix, M|
|teampreview
|inactive|Battle timer is ON: inactive players will automatically lose when time's up. (requested by bastic31)
|
|t:|1769327239
|teamsize|p1|6
|teamsize|p2|6
|start
|switch|p1a: Samurott|Samurott-Hisui, F|100/100
|switch|p2a: Puzzle|Kyurem|100/100
|-ability|p2a: Puzzle|Pressure
|turn|1
|
|t:|1769327244
|move|p2a: Puzzle|Freeze-Dry|p1a: Samurott
|-supereffective|p1a: Samurott
|-damage|p1a: Samurott|0 fnt
|faint|p1a: Samurott
|
|upkeep
|
|t:|1769327248
|switch|p1a: Garganacl|Garganacl, F|100/100
|turn|2
|
|t:|1769327253
|switch|p2a: Lando scarf|Landorus-Therian, M|100/100
|-ability|p2a: Lando scarf|Intimidate|boost
|-unboost|p1a: Garganacl|atk|1
|move|p1a: Garganacl|Salt Cure|p2a: Lando scarf
|-damage|p2a: Lando scarf|89/100
|-start|p2a: Lando scarf|Salt Cure
|
|-damage|p2a: Lando scarf|77/100|[from] Salt Cure
|upkeep
|turn|3
|
|t:|1769327262
|switch|p1a: Tornadus|Tornadus-Therian, M|100/100
|move|p2a: Lando scarf|U-turn|p1a: Tornadus
|-resisted|p1a: Tornadus
|-damage|p1a: Tornadus|81/100
|
|t:|1769327266
|switch|p2a: Oiseau-tonnerre|Zapdos|100/100|[from] U-turn
|-ability|p2a: Oiseau-tonnerre|Pressure
|
|upkeep
|turn|4
|
|t:|1769327272
|switch|p1a: Great Tusk|Great Tusk|100/100
|move|p2a: Oiseau-tonnerre|Ancient Power|p1a: Great Tusk
|-resisted|p1a: Great Tusk
|-damage|p1a: Great Tusk|93/100
|-boost|p2a: Oiseau-tonnerre|atk|1
|-boost|p2a: Oiseau-tonnerre|def|1
|-boost|p2a: Oiseau-tonnerre|spa|1
|-boost|p2a: Oiseau-tonnerre|spd|1
|-boost|p2a: Oiseau-tonnerre|spe|1
|
|upkeep
|turn|5
|
|t:|1769327280
|move|p2a: Oiseau-tonnerre|Hurricane|p1a: Great Tusk
|-supereffective|p1a: Great Tusk
|-damage|p1a: Great Tusk|0 fnt
|faint|p1a: Great Tusk
|-end|p1a: Great Tusk|Protosynthesis|[silent]
|
|upkeep
|
|t:|1769327283
|switch|p1a: Garganacl|Garganacl, F|100/100
|turn|6
|
|t:|1769327289
|-terastallize|p2a: Oiseau-tonnerre|Electric
|move|p2a: Oiseau-tonnerre|Thunderbolt|p1a: Garganacl
|-damage|p1a: Garganacl|10/100
|move|p1a: Garganacl|Salt Cure|p2a: Oiseau-tonnerre
|-damage|p2a: Oiseau-tonnerre|90/100
|-start|p2a: Oiseau-tonnerre|Salt Cure
|
|-heal|p1a: Garganacl|16/100|[from] item: Leftovers
|-damage|p2a: Oiseau-tonnerre|77/100|[from] Salt Cure
|upkeep
|turn|7
|
|t:|1769327296
|move|p1a: Garganacl|Protect|p1a: Garganacl
|-singleturn|p1a: Garganacl|Protect
|move|p2a: Oiseau-tonnerre|Volt Switch|p1a: Garganacl
|-activate|p1a: Garganacl|move: Protect
|
|-heal|p1a: Garganacl|22/100|[from] item: Leftovers
|-damage|p2a: Oiseau-tonnerre|65/100|[from] Salt Cure
|upkeep
|turn|8
|
|t:|1769327308
|switch|p1a: Hydrapple|Hydrapple, F|100/100
|move|p2a: Oiseau-tonnerre|Volt Switch|p1a: Hydrapple
|-resisted|p1a: Hydrapple
|-damage|p1a: Hydrapple|84/100
|
|t:|1769327314
|switch|p2a: Puzzle|Kyurem|100/100|[from] Volt Switch
|-ability|p2a: Puzzle|Pressure
|
|upkeep
|turn|9
|
|t:|1769327319
|-terastallize|p1a: Hydrapple|Ground
|move|p2a: Puzzle|Ice Beam|p1a: Hydrapple
|-supereffective|p1a: Hydrapple
|-damage|p1a: Hydrapple|0 fnt
|faint|p1a: Hydrapple
|
|upkeep
|
|t:|1769327325
|switch|p1a: Pecharunt|Pecharunt|100/100
|turn|10
|
|t:|1769327331
|switch|p2a: Vipère|Seviper, F|100/100
|move|p1a: Pecharunt|Malignant Chain|p2a: Vipère
|-resisted|p2a: Vipère
|-damage|p2a: Vipère|80/100
|
|-heal|p2a: Vipère|86/100|[from] item: Leftovers
|upkeep
|turn|11
|
|t:|1769327338
|move|p1a: Pecharunt|Shadow Ball|p2a: Vipère
|-damage|p2a: Vipère|55/100
|move|p2a: Vipère|Coil|p2a: Vipère
|-boost|p2a: Vipère|atk|1
|-boost|p2a: Vipère|def|1
|-boost|p2a: Vipère|accuracy|1
|
|-heal|p2a: Vipère|60/100|[from] item: Leftovers
|upkeep
|turn|12
|
|t:|1769327344
|move|p1a: Pecharunt|Shadow Ball|p2a: Vipère
|-damage|p2a: Vipère|26/100
|-unboost|p2a: Vipère|spd|1
|move|p2a: Vipère|Rest|p2a: Vipère
|-status|p2a: Vipère|slp|[from] move: Rest
|-heal|p2a: Vipère|100/100 slp|[silent]
|
|upkeep
|turn|13
|
|t:|1769327354
|move|p1a: Pecharunt|Shadow Ball|p2a: Vipère
|-damage|p2a: Vipère|48/100 slp
|cant|p2a: Vipère|slp
|
|-heal|p2a: Vipère|54/100 slp|[from] item: Leftovers
|upkeep
|turn|14
|
|t:|1769327364
|move|p1a: Pecharunt|Shadow Ball|p2a: Vipère
|-damage|p2a: Vipère|6/100 slp
|cant|p2a: Vipère|slp
|
|-activate|p2a: Vipère|ability: Shed Skin
|-curestatus|p2a: Vipère|slp|[msg]
|-heal|p2a: Vipère|12/100|[from] item: Leftovers
|upkeep
|turn|15
|
|t:|1769327376
|move|p1a: Pecharunt|Shadow Ball|p2a: Vipère
|-damage|p2a: Vipère|0 fnt
|faint|p2a: Vipère
|
|upkeep
|
|t:|1769327379
|switch|p2a: Lando scarf|Landorus-Therian, M|77/100
|-ability|p2a: Lando scarf|Intimidate|boost
|-unboost|p1a: Pecharunt|atk|1
|turn|16
|
|t:|1769327385
|move|p2a: Lando scarf|Stealth Rock|p1a: Pecharunt
|-sidestart|p1: Chairhairreal|move: Stealth Rock
|move|p1a: Pecharunt|Malignant Chain|p2a: Lando scarf
|-resisted|p2a: Lando scarf
|-damage|p2a: Lando scarf|57/100
|
|upkeep
|turn|17
|
|t:|1769327394
|switch|p2a: Oiseau-tonnerre|Zapdos, tera:Electric|65/100
|-ability|p2a: Oiseau-tonnerre|Pressure
|move|p1a: Pecharunt|Malignant Chain|p2a: Oiseau-tonnerre
|-damage|p2a: Oiseau-tonnerre|28/100
|
|upkeep
|turn|18
|
|t:|1769327404
|move|p2a: Oiseau-tonnerre|Thunderbolt|p1a: Pecharunt
|-damage|p1a: Pecharunt|36/100
|move|p1a: Pecharunt|Malignant Chain|p2a: Oiseau-tonnerre
|-damage|p2a: Oiseau-tonnerre|0 fnt
|faint|p2a: Oiseau-tonnerre
|
|upkeep
|
|t:|1769327410
|switch|p2a: Sauterelle|Lokix, M|100/100
|turn|19
|
|t:|1769327416
|switch|p1a: Garganacl|Garganacl, F|22/100
|-damage|p1a: Garganacl|10/100|[from] Stealth Rock
|move|p2a: Sauterelle|U-turn|p1a: Garganacl
|-damage|p1a: Garganacl|0 fnt
|faint|p1a: Garganacl
|
|t:|1769327425
|switch|p2a: Cauchemard|Darkrai|100/100|[from] U-turn
|
|upkeep
|
|t:|1769327432
|switch|p1a: Pecharunt|Pecharunt|36/100
|-damage|p1a: Pecharunt|24/100|[from] Stealth Rock
|turn|20
|
|t:|1769327437
|move|p2a: Cauchemard|Dark Pulse|p1a: Pecharunt
|-supereffective|p1a: Pecharunt
|-damage|p1a: Pecharunt|0 fnt
|faint|p1a: Pecharunt
|
|upkeep
|
|t:|1769327439
|switch|p1a: Tornadus|Tornadus-Therian, M|100/100
|-damage|p1a: Tornadus|76/100|[from] Stealth Rock
|turn|21
|
|t:|1769327441
|move|p2a: Cauchemard|Dark Pulse|p1a: Tornadus
|-damage|p1a: Tornadus|40/100
|move|p1a: Tornadus|Bleakwind Storm|p2a: Cauchemard
|-damage|p2a: Cauchemard|28/100
|-unboost|p2a: Cauchemard|spe|1
|
|upkeep
|turn|22
|
|t:|1769327449
|move|p2a: Cauchemard|Dark Pulse|p1a: Tornadus
|-damage|p1a: Tornadus|6/100
|move|p1a: Tornadus|Heat Wave|p2a: Cauchemard
|-damage|p2a: Cauchemard|0 fnt
|faint|p2a: Cauchemard
|
|upkeep
|
|t:|1769327455
|switch|p2a: Puzzle|Kyurem|100/100
|-ability|p2a: Puzzle|Pressure
|turn|23
|
|t:|1769327460
|move|p2a: Puzzle|Ice Beam|p1a: Tornadus
|-supereffective|p1a: Tornadus
|-damage|p1a: Tornadus|0 fnt
|faint|p1a: Tornadus
|
|win|bastic31
|raw|Chairhairreal's rating: 1135 &rarr; <strong>1108</strong><br />(-27 for losing)
|raw|bastic31's rating: 1107 &rarr; <strong>1134</strong><br />(+27 for winning)
|l|☆Chairhairreal
|player|p1|
|l|☆bastic31
|player|p2|
