|j|☆Monodomie
|j|☆dedoofe
|t:|1769410505
|gametype|singles
|player|p1|Monodomie|hilda|1111
|player|p2|dedoofe|hoopster|1116
|gen|9
|tier|[Gen 9] OU
|rated|
|rule|HP Percentage Mod: HP is shown in percentages
|rule|Endless Battle Clause: Forcing endless battles is banned
|rule|Species Clause: Limit one of each Pokémon
|rule|OHKO Clause: OHKO moves are banned
|rule|Evasion Items Clause: Evasion items are banned
|rule|Evasion Moves Clause: Evasion moves are banned
|rule|Evasion Abilities Clause: Evasion abilities are banned
|rule|Sleep Moves Clause: Sleep-inducing moves are banned
|clearpoke
|poke|p1|Iron Valiant|
|poke|p1|Raging Bolt|
|poke|p1|Greninja-*, M|
|poke|p1|Manaphy|
|poke|p1|Cloyster, F|
|poke|p1|Zamazenta-*|
|poke|p2|Araquanid, M|
|poke|p2|Basculegion-F, F|
|poke|p2|Goodra, F|
|poke|p2|Corviknight, M|
|poke|p2|Klefki, F|
|poke|p2|Chansey, F|
|teampreview
|inactive|Battle timer is ON: inactive players will automatically lose when time's up. (requested by dedoofe)
|inactive|dedoofe has 120 seconds left.
|
|t:|1769410545
|teamsize|p1|6
|teamsize|p2|6
|start
|switch|p1a: Manaphy|Manaphy, shiny|100/100
|switch|p2a: Klefki|Klefki, F|100/100
|turn|1
|
|t:|1769410550
|move|p2a: Klefki|Light Screen|p2a: Klefki
|-sidestart|p2: dedoofe|move: Light Screen
|move|p1a: Manaphy|Tail Glow|p1a: Manaphy
|-boost|p1a: Manaphy|spa|3
|
|upkeep
|turn|2
|
|t:|1769410557
|move|p2a: Klefki|Rain Dance|p2a: Klefki
|-weather|RainDance
|move|p1a: Manaphy|Hydro Pump|p2a: Klefki|[miss]
|-miss|p1a: Manaphy|p2a: Klefki
|
|-weather|RainDance|[upkeep]
|upkeep
|turn|3
|
|t:|1769410561
|move|p2a: Klefki|Spikes|p1a: Manaphy
|-sidestart|p1: Monodomie|Spikes
|move|p1a: Manaphy|Hydro Pump|p2a: Klefki
|-damage|p2a: Klefki|17/100
|
|-weather|RainDance|[upkeep]
|upkeep
|turn|4
|
|t:|1769410565
|move|p2a: Klefki|Spikes|p1a: Manaphy
|-sidestart|p1: Monodomie|Spikes
|move|p1a: Manaphy|Hydro Pump|p2a: Klefki|[miss]
|-miss|p1a: Manaphy|p2a: Klefki
|
|-weather|RainDance|[upkeep]
|upkeep
|turn|5
|
|t:|1769410569
|move|p2a: Klefki|Spikes|p1a: Manaphy
|-sidestart|p1: Monodomie|Spikes
|move|p1a: Manaphy|Hydro Pump|p2a: Klefki
|-damage|p2a: Klefki|0 fnt
|faint|p2a: Klefki
|
|-weather|RainDance|[upkeep]
|-sideend|p2: dedoofe|move: Light Screen
|upkeep
|
|t:|1769410575
|switch|p2a: Corviknight|Corviknight, M|100/100
|-ability|p2a: Corviknight|Pressure
|turn|6
|c|☆Monodomie|literally rigged hottamn
|
|t:|1769410587
|move|p1a: Manaphy|Hydro Pump|p2a: Corviknight|[miss]
|-miss|p1a: Manaphy|p2a: Corviknight
|move|p2a: Corviknight|Roost||[still]
|-fail|p2a: Corviknight|heal
|
|-weather|none
|upkeep
|turn|7
|
|t:|1769410600
|move|p1a: Manaphy|Hydro Pump|p2a: Corviknight
|-damage|p2a: Corviknight|0 fnt
|faint|p2a: Corviknight
|
|upkeep
|
|t:|1769410606
|switch|p2a: Araquanid|Araquanid, M|100/100
|turn|8
|c|☆dedoofe|happens ig
|c|☆Monodomie|1/6 hit
|c|☆Monodomie|im so mad rn
|
|t:|1769410621
|move|p1a: Manaphy|Energy Ball|p2a: Araquanid
|-damage|p2a: Araquanid|51/100
|move|p2a: Araquanid|Infestation|p1a: Manaphy
|-damage|p1a: Manaphy|96/100
|-activate|p1a: Manaphy|move: Infestation|[of] p2a: Araquanid
|
|-heal|p2a: Araquanid|57/100|[from] item: Leftovers
|-damage|p1a: Manaphy|84/100|[from] move: Infestation|[partiallytrapped]
|upkeep
|turn|9
|
|t:|1769410627
|move|p1a: Manaphy|Energy Ball|p2a: Araquanid
|-damage|p2a: Araquanid|4/100
|move|p2a: Araquanid|Sticky Web|p1a: Manaphy
|-sidestart|p1: Monodomie|move: Sticky Web
|
|-heal|p2a: Araquanid|10/100|[from] item: Leftovers
|-damage|p1a: Manaphy|71/100|[from] move: Infestation|[partiallytrapped]
|upkeep
|turn|10
|
|t:|1769410631
|move|p1a: Manaphy|Energy Ball|p2a: Araquanid
|-damage|p2a: Araquanid|0 fnt
|faint|p2a: Araquanid
|
|-end|p1a: Manaphy|Infestation|[partiallytrapped]|[silent]
|upkeep
|
|t:|1769410635
|switch|p2a: Chansey|Chansey, F|100/100
|turn|11
|
|t:|1769410641
|move|p1a: Manaphy|Tail Glow|p1a: Manaphy
|-boost|p1a: Manaphy|spa|3
|move|p2a: Chansey|Body Slam|p1a: Manaphy
|-damage|p1a: Manaphy|64/100
|
|upkeep
|turn|12
|
|t:|1769410647
|move|p1a: Manaphy|Energy Ball|p2a: Chansey
|-damage|p2a: Chansey|67/100
|move|p2a: Chansey|Stealth Rock|p1a: Manaphy
|-sidestart|p1: Monodomie|move: Stealth Rock
|
|upkeep
|turn|13
|
|t:|1769410653
|move|p1a: Manaphy|Blizzard|p2a: Chansey|[miss]
|-miss|p1a: Manaphy|p2a: Chansey
|move|p2a: Chansey|Body Slam|p1a: Manaphy
|-damage|p1a: Manaphy|58/100
|-status|p1a: Manaphy|par
|
|upkeep
|turn|14
|
|t:|1769410666
|move|p1a: Manaphy|Blizzard|p2a: Chansey
|-damage|p2a: Chansey|29/100
|move|p2a: Chansey|Body Slam|p1a: Manaphy
|-damage|p1a: Manaphy|52/100 par
|
|upkeep
|turn|15
|
|t:|1769410671
|cant|p1a: Manaphy|par
|move|p2a: Chansey|Soft-Boiled|p2a: Chansey
|-heal|p2a: Chansey|79/100
|
|upkeep
|turn|16
|
|t:|1769410674
|cant|p1a: Manaphy|par
|move|p2a: Chansey|Body Slam|p1a: Manaphy
|-damage|p1a: Manaphy|46/100 par
|
|upkeep
|turn|17
|
|t:|1769410676
|move|p1a: Manaphy|Blizzard|p2a: Chansey|[miss]
|-miss|p1a: Manaphy|p2a: Chansey
|move|p2a: Chansey|Body Slam|p1a: Manaphy
|-damage|p1a: Manaphy|41/100 par
|
|upkeep
|turn|18
|
|t:|1769410679
|move|p1a: Manaphy|Blizzard|p2a: Chansey|[miss]
|-miss|p1a: Manaphy|p2a: Chansey
|move|p2a: Chansey|Body Slam|p1a: Manaphy
|-damage|p1a: Manaphy|34/100 par
|
|upkeep
|turn|19
|c|☆Monodomie|AAAAAAAAAAAAHHHHHHHHH
|c|☆dedoofe|damn
|
|t:|1769410685
|move|p1a: Manaphy|Blizzard|p2a: Chansey
|-damage|p2a: Chansey|39/100
|move|p2a: Chansey|Body Slam|p1a: Manaphy
|-damage|p1a: Manaphy|29/100 par
|
|upkeep
|turn|20
|
|t:|1769410688
|move|p1a: Manaphy|Blizzard|p2a: Chansey|[miss]
|-miss|p1a: Manaphy|p2a: Chansey
|move|p2a: Chansey|Heal Bell||[still]
|-activate|p2a: Chansey|move: Heal Bell
|-fail|p2a: Chansey
|
|upkeep
|turn|21
|c|☆dedoofe|holy missclick
|-message|dedoofe forfeited.
|
|win|Monodomie
|raw|Monodomie's rating: 1111 &rarr; <strong>1136</strong><br />(+25 for winning)
|raw|dedoofe's rating: 1116 &rarr; <strong>1091</strong><br />(-25 for losing)
|c|☆Monodomie|go manaphy go
|c|☆Monodomie|Oh
|c|☆dedoofe|gg
|c|☆Monodomie|thanks ig
|c|☆Monodomie|hahaha cya
|c|☆Monodomie|gg
|c|☆dedoofe|i dont wanna
|l|☆dedoofe
|player|p2|
|l|☆Monodomie
|player|p1|
