|j|☆callmeguyiguess
|j|☆big bod3
|t:|1769298845
|gametype|singles
|player|p1|callmeguyiguess|n|1045
|player|p2|big bod3|marshal|1001
|gen|9
|tier|[Gen 9] OU
|rated|
|rule|HP Percentage Mod: HP is shown in percentages
|rule|Endless Battle Clause: Forcing endless battles is banned
|rule|Species Clause: Limit one of each Pokémon
|rule|OHKO Clause: OHKO moves are banned
|rule|Evasion Items Clause: Evasion items are banned
|rule|Evasion Moves Clause: Evasion moves are banned
|rule|Evasion Abilities Clause: Evasion abilities are banned
|rule|Sleep Moves Clause: Sleep-inducing moves are banned
|clearpoke
|poke|p1|Sableye, F|
|poke|p1|Spiritomb, F|
|poke|p1|Dragapult, F|
|poke|p1|Mimikyu, F|
|poke|p1|Gholdengo|
|poke|p1|Ceruledge, F|
|poke|p2|Glalie, F|
|poke|p2|Appletun, F|
|poke|p2|Galvantula, M|
|poke|p2|Palossand, F|
|poke|p2|Yanmega, F|
|poke|p2|Arboliva, M|
|teampreview
|
|t:|1769298852
|teamsize|p1|6
|teamsize|p2|6
|start
|switch|p1a: Sage|Sableye, F, shiny|100/100
|switch|p2a: ᛃᛖᛚpalo|Palossand, F, shiny|100/100
|turn|1
|
|t:|1769298881
|move|p1a: Sage|Will-O-Wisp|p2a: ᛃᛖᛚpalo
|-status|p2a: ᛃᛖᛚpalo|brn
|move|p2a: ᛃᛖᛚpalo|Shadow Ball|p1a: Sage
|-damage|p1a: Sage|61/100
|
|-damage|p2a: ᛃᛖᛚpalo|94/100 brn|[from] brn
|upkeep
|turn|2
|
|t:|1769298896
|move|p1a: Sage|Knock Off|p2a: ᛃᛖᛚpalo
|-supereffective|p2a: ᛃᛖᛚpalo
|-damage|p2a: ᛃᛖᛚpalo|54/100 brn
|-enditem|p2a: ᛃᛖᛚpalo|Leftovers|[from] move: Knock Off|[of] p1a: Sage
|move|p2a: ᛃᛖᛚpalo|Scorching Sands|p1a: Sage
|-damage|p1a: Sage|28/100
|
|-damage|p2a: ᛃᛖᛚpalo|48/100 brn|[from] brn
|upkeep
|turn|3
|
|t:|1769298915
|switch|p2a: ᛏᚷYaneem|Yanmega, F, shiny|100/100
|move|p1a: Sage|Recover|p1a: Sage
|-heal|p1a: Sage|78/100
|
|upkeep
|turn|4
|
|t:|1769298924
|-terastallize|p2a: ᛏᚷYaneem|Bug
|move|p1a: Sage|Will-O-Wisp|p2a: ᛏᚷYaneem
|-status|p2a: ᛏᚷYaneem|brn
|move|p2a: ᛏᚷYaneem|Bug Buzz|p1a: Sage
|-damage|p1a: Sage|8/100
|
|-damage|p2a: ᛏᚷYaneem|94/100 brn|[from] brn
|-ability|p2a: ᛏᚷYaneem|Speed Boost|boost
|-boost|p2a: ᛏᚷYaneem|spe|1
|upkeep
|turn|5
|
|t:|1769298939
|switch|p1a: Cello|Ceruledge, F, shiny|100/100
|move|p2a: ᛏᚷYaneem|Ancient Power|p1a: Cello
|-supereffective|p1a: Cello
|-damage|p1a: Cello|52/100
|
|-damage|p2a: ᛏᚷYaneem|88/100 brn|[from] brn
|-ability|p2a: ᛏᚷYaneem|Speed Boost|boost
|-boost|p2a: ᛏᚷYaneem|spe|1
|upkeep
|turn|6
|
|t:|1769298951
|move|p2a: ᛏᚷYaneem|Air Slash|p1a: Cello
|-damage|p1a: Cello|3/100
|move|p1a: Cello|Bitter Blade|p2a: ᛏᚷYaneem
|-supereffective|p2a: ᛏᚷYaneem
|-damage|p2a: ᛏᚷYaneem|0 fnt
|-heal|p1a: Cello|50/100|[from] drain|[of] p2a: ᛏᚷYaneem
|faint|p2a: ᛏᚷYaneem
|
|upkeep
|
|t:|1769298965
|switch|p2a: ᛟᚷᛃWitchfruit|Appletun, F|100/100
|turn|7
|
|t:|1769298977
|move|p1a: Cello|Swords Dance|p1a: Cello
|-boost|p1a: Cello|atk|2
|move|p2a: ᛟᚷᛃWitchfruit|Reflect|p2a: ᛟᚷᛃWitchfruit
|-sidestart|p2: big bod3|Reflect
|
|upkeep
|turn|8
|
|t:|1769298983
|move|p1a: Cello|Bitter Blade|p2a: ᛟᚷᛃWitchfruit
|-damage|p2a: ᛟᚷᛃWitchfruit|76/100
|-heal|p1a: Cello|68/100|[from] drain|[of] p2a: ᛟᚷᛃWitchfruit
|move|p2a: ᛟᚷᛃWitchfruit|Apple Acid|p1a: Cello
|-resisted|p1a: Cello
|-damage|p1a: Cello|52/100
|-unboost|p1a: Cello|spd|1
|
|-heal|p2a: ᛟᚷᛃWitchfruit|83/100|[from] item: Leftovers
|upkeep
|turn|9
|
|t:|1769298996
|move|p1a: Cello|Swords Dance|p1a: Cello
|-boost|p1a: Cello|atk|2
|move|p2a: ᛟᚷᛃWitchfruit|Apple Acid|p1a: Cello
|-resisted|p1a: Cello
|-damage|p1a: Cello|28/100
|-unboost|p1a: Cello|spd|1
|
|-heal|p2a: ᛟᚷᛃWitchfruit|89/100|[from] item: Leftovers
|upkeep
|turn|10
|
|t:|1769299006
|move|p1a: Cello|Bitter Blade|p2a: ᛟᚷᛃWitchfruit
|-damage|p2a: ᛟᚷᛃWitchfruit|57/100
|-heal|p1a: Cello|51/100|[from] drain|[of] p2a: ᛟᚷᛃWitchfruit
|move|p2a: ᛟᚷᛃWitchfruit|Recover|p2a: ᛟᚷᛃWitchfruit
|-heal|p2a: ᛟᚷᛃWitchfruit|100/100
|
|upkeep
|turn|11
|
|t:|1769299014
|move|p1a: Cello|Swords Dance|p1a: Cello
|-boost|p1a: Cello|atk|2
|move|p2a: ᛟᚷᛃWitchfruit|Apple Acid|p1a: Cello
|-resisted|p1a: Cello
|-damage|p1a: Cello|20/100
|-unboost|p1a: Cello|spd|1
|
|-sideend|p2: big bod3|Reflect
|upkeep
|turn|12
|
|t:|1769299024
|move|p1a: Cello|Bitter Blade|p2a: ᛟᚷᛃWitchfruit
|-damage|p2a: ᛟᚷᛃWitchfruit|19/100
|-heal|p1a: Cello|80/100|[from] drain|[of] p2a: ᛟᚷᛃWitchfruit
|move|p2a: ᛟᚷᛃWitchfruit|Dragon Pulse|p1a: Cello
|-damage|p1a: Cello|0 fnt
|faint|p1a: Cello
|
|-heal|p2a: ᛟᚷᛃWitchfruit|25/100|[from] item: Leftovers
|upkeep
|
|t:|1769299043
|switch|p1a: Mimi|Mimikyu, F, shiny|100/100
|turn|13
|
|t:|1769299047
|move|p1a: Mimi|Swords Dance|p1a: Mimi
|-boost|p1a: Mimi|atk|2
|move|p2a: ᛟᚷᛃWitchfruit|Reflect|p2a: ᛟᚷᛃWitchfruit
|-sidestart|p2: big bod3|Reflect
|
|-heal|p2a: ᛟᚷᛃWitchfruit|31/100|[from] item: Leftovers
|upkeep
|turn|14
|
|t:|1769299058
|switch|p2a: ᛃᛟArbolive|Arboliva, M|100/100
|move|p1a: Mimi|Swords Dance|p1a: Mimi
|-boost|p1a: Mimi|atk|2
|
|upkeep
|turn|15
|
|t:|1769299068
|move|p1a: Mimi|Drain Punch|p2a: ᛃᛟArbolive
|-supereffective|p2a: ᛃᛟArbolive
|-damage|p2a: ᛃᛟArbolive|23/100
|-fieldstart|move: Grassy Terrain|[from] ability: Seed Sower|[of] p2a: ᛃᛟArbolive
|-damage|p1a: Mimi|91/100|[from] item: Life Orb
|move|p2a: ᛃᛟArbolive|Strength Sap|p1a: Mimi
|-unboost|p1a: Mimi|atk|1
|-heal|p2a: ᛃᛟArbolive|100/100
|
|-heal|p1a: Mimi|97/100|[from] Grassy Terrain
|upkeep
|turn|16
|
|t:|1769299087
|move|p1a: Mimi|Play Rough|p2a: ᛃᛟArbolive
|-damage|p2a: ᛃᛟArbolive|34/100
|-damage|p1a: Mimi|87/100|[from] item: Life Orb
|move|p2a: ᛃᛟArbolive|Strength Sap|p1a: Mimi
|-unboost|p1a: Mimi|atk|1
|-heal|p2a: ᛃᛟArbolive|100/100
|
|-heal|p1a: Mimi|93/100|[from] Grassy Terrain
|upkeep
|turn|17
|
|t:|1769299111
|switch|p1a: Dragy|Dragapult, F, shiny|100/100
|move|p2a: ᛃᛟArbolive|Growth|p2a: ᛃᛟArbolive
|-boost|p2a: ᛃᛟArbolive|atk|1
|-boost|p2a: ᛃᛟArbolive|spa|1
|
|-sideend|p2: big bod3|Reflect
|upkeep
|turn|18
|
|t:|1769299121
|move|p1a: Dragy|Flamethrower|p2a: ᛃᛟArbolive
|-supereffective|p2a: ᛃᛟArbolive
|-damage|p2a: ᛃᛟArbolive|49/100
|move|p2a: ᛃᛟArbolive|Strength Sap|p1a: Dragy
|-unboost|p1a: Dragy|atk|1
|-heal|p2a: ᛃᛟArbolive|100/100
|
|upkeep
|turn|19
|
|t:|1769299132
|move|p1a: Dragy|Flamethrower|p2a: ᛃᛟArbolive
|-supereffective|p2a: ᛃᛟArbolive
|-damage|p2a: ᛃᛟArbolive|51/100
|move|p2a: ᛃᛟArbolive|Leaf Storm|p1a: Dragy
|-resisted|p1a: Dragy
|-damage|p1a: Dragy|30/100
|-unboost|p2a: ᛃᛟArbolive|spa|2
|
|-heal|p1a: Dragy|36/100|[from] Grassy Terrain
|-heal|p2a: ᛃᛟArbolive|57/100|[from] Grassy Terrain
|-heal|p2a: ᛃᛟArbolive|63/100|[from] item: Leftovers
|-fieldend|move: Grassy Terrain
|upkeep
|turn|20
|
|t:|1769299147
|switch|p2a: ᛃᛖᛚpalo|Palossand, F, shiny|48/100 brn
|move|p1a: Dragy|Flamethrower|p2a: ᛃᛖᛚpalo
|-damage|p2a: ᛃᛖᛚpalo|5/100 brn
|
|-damage|p2a: ᛃᛖᛚpalo|0 fnt|[from] brn
|faint|p2a: ᛃᛖᛚpalo
|upkeep
|
|t:|1769299155
|switch|p2a: ᛟᚷᛃWitchfruit|Appletun, F|31/100
|turn|21
|
|t:|1769299161
|move|p1a: Dragy|Flamethrower|p2a: ᛟᚷᛃWitchfruit
|-damage|p2a: ᛟᚷᛃWitchfruit|17/100
|move|p2a: ᛟᚷᛃWitchfruit|Dragon Pulse|p1a: Dragy
|-supereffective|p1a: Dragy
|-damage|p1a: Dragy|0 fnt
|faint|p1a: Dragy
|
|-heal|p2a: ᛟᚷᛃWitchfruit|23/100|[from] item: Leftovers
|upkeep
|
|t:|1769299185
|switch|p1a: Gerald|Gholdengo|100/100
|-item|p1a: Gerald|Air Balloon
|turn|22
|
|t:|1769299200
|move|p1a: Gerald|Nasty Plot|p1a: Gerald
|-boost|p1a: Gerald|spa|2
|move|p2a: ᛟᚷᛃWitchfruit|Recover|p2a: ᛟᚷᛃWitchfruit
|-heal|p2a: ᛟᚷᛃWitchfruit|73/100
|
|-heal|p2a: ᛟᚷᛃWitchfruit|79/100|[from] item: Leftovers
|upkeep
|turn|23
|
|t:|1769299211
|move|p1a: Gerald|Make It Rain|p2a: ᛟᚷᛃWitchfruit
|-damage|p2a: ᛟᚷᛃWitchfruit|0 fnt
|-unboost|p1a: Gerald|spa|1
|faint|p2a: ᛟᚷᛃWitchfruit
|
|upkeep
|
|t:|1769299224
|switch|p2a: ᚱᛇGal|Galvantula, M, shiny|100/100
|-item|p2a: ᚱᛇGal|Air Balloon
|turn|24
|
|t:|1769299239
|move|p2a: ᚱᛇGal|Bug Buzz|p1a: Gerald
|-resisted|p1a: Gerald
|-damage|p1a: Gerald|90/100
|-enditem|p1a: Gerald|Air Balloon
|move|p1a: Gerald|Nasty Plot|p1a: Gerald
|-boost|p1a: Gerald|spa|2
|
|upkeep
|turn|25
|
|t:|1769299247
|move|p2a: ᚱᛇGal|Volt Switch|p1a: Gerald
|-damage|p1a: Gerald|52/100
|
|t:|1769299251
|switch|p2a: ᛃᛟArbolive|Arboliva, M|63/100|[from] Volt Switch
|move|p1a: Gerald|Make It Rain|p2a: ᛃᛟArbolive
|-damage|p2a: ᛃᛟArbolive|0 fnt
|-unboost|p1a: Gerald|spa|1
|-fieldstart|move: Grassy Terrain|[from] ability: Seed Sower|[of] p2a: ᛃᛟArbolive
|faint|p2a: ᛃᛟArbolive
|
|-heal|p1a: Gerald|58/100|[from] Grassy Terrain
|upkeep
|
|t:|1769299261
|switch|p2a: ᚱᛇGal|Galvantula, M, shiny|100/100
|-item|p2a: ᚱᛇGal|Air Balloon
|turn|26
|
|t:|1769299268
|move|p2a: ᚱᛇGal|Discharge|p1a: Gerald
|-damage|p1a: Gerald|20/100
|move|p1a: Gerald|Make It Rain|p2a: ᚱᛇGal
|-resisted|p2a: ᚱᛇGal
|-damage|p2a: ᚱᛇGal|0 fnt
|-unboost|p1a: Gerald|spa|1
|-enditem|p2a: ᚱᛇGal|Air Balloon
|faint|p2a: ᚱᛇGal
|
|-heal|p1a: Gerald|26/100|[from] Grassy Terrain
|upkeep
|
|t:|1769299275
|switch|p2a: ᛁᛝᛃSnotur|Glalie, F, shiny|100/100
|turn|27
|
|t:|1769299283
|move|p1a: Gerald|Recover|p1a: Gerald
|-heal|p1a: Gerald|76/100
|move|p2a: ᛁᛝᛃSnotur|Shadow Ball|p1a: Gerald
|-supereffective|p1a: Gerald
|-damage|p1a: Gerald|11/100
|-unboost|p1a: Gerald|spd|1
|-damage|p2a: ᛁᛝᛃSnotur|91/100|[from] item: Life Orb
|
|-heal|p1a: Gerald|17/100|[from] Grassy Terrain
|-heal|p2a: ᛁᛝᛃSnotur|97/100|[from] Grassy Terrain
|upkeep
|turn|28
|
|t:|1769299295
|move|p1a: Gerald|Make It Rain|p2a: ᛁᛝᛃSnotur
|-supereffective|p2a: ᛁᛝᛃSnotur
|-damage|p2a: ᛁᛝᛃSnotur|0 fnt
|-unboost|p1a: Gerald|spa|1
|faint|p2a: ᛁᛝᛃSnotur
|
|win|callmeguyiguess
|raw|callmeguyiguess's rating: 1045 &rarr; <strong>1074</strong><br />(+29 for winning)
|raw|big bod3's rating: 1001 &rarr; <strong>1000</strong><br />(-1 for losing)
|l|☆callmeguyiguess
|player|p1|
