|j|☆Noxie65
|j|☆breaker-angel
|t:|1769342387
|gametype|singles
|player|p1|Noxie65|pokemaniac|1144
|player|p2|breaker-angel|giovanni|1133
|gen|9
|tier|[Gen 9] OU
|rated|
|rule|HP Percentage Mod: HP is shown in percentages
|rule|Endless Battle Clause: Forcing endless battles is banned
|rule|Species Clause: Limit one of each Pokémon
|rule|OHKO Clause: OHKO moves are banned
|rule|Evasion Items Clause: Evasion items are banned
|rule|Evasion Moves Clause: Evasion moves are banned
|rule|Evasion Abilities Clause: Evasion abilities are banned
|rule|Sleep Moves Clause: Sleep-inducing moves are banned
|clearpoke
|poke|p1|Tyranitar, F|
|poke|p1|Excadrill, M|
|poke|p1|Clefable, M|
|poke|p1|Kleavor, M|
|poke|p1|Great Tusk|
|poke|p1|Skeledirge, F|
|poke|p2|Tyranitar, M|
|poke|p2|Excadrill, M|
|poke|p2|Rillaboom, M|
|poke|p2|Heatran, M|
|poke|p2|Tornadus-Therian, M|
|poke|p2|Dragapult, F|
|teampreview
|
|t:|1769342398
|teamsize|p1|6
|teamsize|p2|6
|start
|switch|p1a: Tyranitar|Tyranitar, F, shiny|100/100
|switch|p2a: Heatran|Heatran, M|100/100
|-weather|Sandstorm|[from] ability: Sand Stream|[of] p1a: Tyranitar
|turn|1
|
|t:|1769342414
|switch|p1a: Great Tusk|Great Tusk, shiny|100/100
|move|p2a: Heatran|Stealth Rock|p1a: Great Tusk
|-sidestart|p1: Noxie65|move: Stealth Rock
|
|-weather|Sandstorm|[upkeep]
|upkeep
|turn|2
|
|t:|1769342428
|switch|p2a: Tornadus|Tornadus-Therian, M|100/100
|move|p1a: Great Tusk|Zen Headbutt|p2a: Tornadus
|-damage|p2a: Tornadus|70/100
|
|-weather|Sandstorm|[upkeep]
|-damage|p2a: Tornadus|64/100|[from] Sandstorm
|upkeep
|turn|3
|
|t:|1769342439
|-terastallize|p1a: Great Tusk|Fairy
|move|p2a: Tornadus|Bleakwind Storm|p1a: Great Tusk
|-damage|p1a: Great Tusk|47/100
|-unboost|p1a: Great Tusk|spe|1
|move|p1a: Great Tusk|Rapid Spin|p2a: Tornadus
|-damage|p2a: Tornadus|42/100
|-boost|p1a: Great Tusk|spe|1
|-sideend|p1: Noxie65|Stealth Rock|[from] move: Rapid Spin|[of] p1a: Great Tusk
|
|-weather|Sandstorm|[upkeep]
|-damage|p2a: Tornadus|36/100|[from] Sandstorm
|-damage|p1a: Great Tusk|41/100|[from] Sandstorm
|upkeep
|turn|4
|
|t:|1769342455
|-end|p1a: Great Tusk|Protosynthesis|[silent]
|switch|p1a: Tyranitar|Tyranitar, F, shiny|100/100
|move|p2a: Tornadus|Bleakwind Storm|p1a: Tyranitar|[miss]
|-miss|p2a: Tornadus|p1a: Tyranitar
|
|-weather|Sandstorm|[upkeep]
|-damage|p2a: Tornadus|30/100|[from] Sandstorm
|upkeep
|turn|5
|
|t:|1769342466
|move|p2a: Tornadus|U-turn|p1a: Tyranitar
|-supereffective|p1a: Tyranitar
|-damage|p1a: Tyranitar|74/100
|
|t:|1769342477
|switch|p2a: Excadrill|Excadrill, M|100/100|[from] U-turn
|move|p1a: Tyranitar|Stealth Rock|p2a: Excadrill
|-sidestart|p2: breaker-angel|move: Stealth Rock
|
|-weather|Sandstorm|[upkeep]
|upkeep
|turn|6
|
|t:|1769342493
|switch|p1a: Clefable|Clefable, M, shiny|100/100
|move|p2a: Excadrill|Earthquake|p1a: Clefable
|-damage|p1a: Clefable|40/100
|
|-weather|Sandstorm|[upkeep]
|-damage|p1a: Clefable|34/100|[from] Sandstorm
|-heal|p1a: Clefable|40/100|[from] item: Leftovers
|upkeep
|turn|7
|
|t:|1769342511
|move|p2a: Excadrill|Earthquake|p1a: Clefable
|-damage|p1a: Clefable|0 fnt
|faint|p1a: Clefable
|
|-weather|Sandstorm|[upkeep]
|upkeep
|
|t:|1769342514
|switch|p1a: Kleavor|Kleavor, M, shiny|100/100
|turn|8
|
|t:|1769342524
|move|p2a: Excadrill|Iron Head|p1a: Kleavor
|-supereffective|p1a: Kleavor
|-crit|p1a: Kleavor
|-damage|p1a: Kleavor|0 fnt
|faint|p1a: Kleavor
|
|-weather|none
|upkeep
|
|t:|1769342527
|switch|p1a: Excadrill|Excadrill, M, shiny|100/100
|turn|9
|
|t:|1769342544
|switch|p2a: Tyranitar|Tyranitar, M|100/100
|-damage|p2a: Tyranitar|88/100|[from] Stealth Rock
|-weather|Sandstorm|[from] ability: Sand Stream|[of] p2a: Tyranitar
|move|p1a: Excadrill|High Horsepower|p2a: Tyranitar
|-supereffective|p2a: Tyranitar
|-damage|p2a: Tyranitar|0 fnt
|faint|p2a: Tyranitar
|
|-weather|Sandstorm|[upkeep]
|upkeep
|
|t:|1769342557
|switch|p2a: Tornadus|Tornadus-Therian, M|63/100
|turn|10
|
|t:|1769342567
|move|p1a: Excadrill|Substitute|p1a: Excadrill
|-start|p1a: Excadrill|Substitute
|-damage|p1a: Excadrill|76/100
|move|p2a: Tornadus|Knock Off|p1a: Excadrill
|-end|p1a: Excadrill|Substitute
|
|-weather|Sandstorm|[upkeep]
|-damage|p2a: Tornadus|57/100|[from] Sandstorm
|upkeep
|turn|11
|
|t:|1769342577
|move|p1a: Excadrill|Iron Head|p2a: Tornadus
|-damage|p2a: Tornadus|5/100
|move|p2a: Tornadus|Knock Off|p1a: Excadrill
|-damage|p1a: Excadrill|47/100
|-enditem|p1a: Excadrill|Heavy-Duty Boots|[from] move: Knock Off|[of] p2a: Tornadus
|
|-weather|Sandstorm|[upkeep]
|-damage|p2a: Tornadus|0 fnt|[from] Sandstorm
|faint|p2a: Tornadus
|upkeep
|
|t:|1769342587
|switch|p2a: Excadrill|Excadrill, M|100/100
|-damage|p2a: Excadrill|97/100|[from] Stealth Rock
|turn|12
|
|t:|1769342595
|move|p2a: Excadrill|Earthquake|p1a: Excadrill
|-supereffective|p1a: Excadrill
|-damage|p1a: Excadrill|0 fnt
|faint|p1a: Excadrill
|
|-weather|Sandstorm|[upkeep]
|-heal|p2a: Excadrill|100/100|[from] item: Leftovers
|upkeep
|
|t:|1769342600
|switch|p1a: Skeledirge|Skeledirge, F, shiny|100/100
|turn|13
|
|t:|1769342610
|switch|p2a: Heatran|Heatran, M|100/100
|-damage|p2a: Heatran|88/100|[from] Stealth Rock
|move|p1a: Skeledirge|Torch Song|p2a: Heatran
|-start|p2a: Heatran|ability: Flash Fire
|
|-weather|none
|-heal|p2a: Heatran|94/100|[from] item: Leftovers
|upkeep
|turn|14
|
|t:|1769342627
|move|p2a: Heatran|Stealth Rock|p1a: Skeledirge
|-sidestart|p1: Noxie65|move: Stealth Rock
|move|p1a: Skeledirge|Shadow Ball|p2a: Heatran
|-damage|p2a: Heatran|68/100
|
|-heal|p2a: Heatran|75/100|[from] item: Leftovers
|upkeep
|turn|15
|
|t:|1769342632
|move|p2a: Heatran|Earth Power|p1a: Skeledirge
|-supereffective|p1a: Skeledirge
|-damage|p1a: Skeledirge|49/100
|move|p1a: Skeledirge|Shadow Ball|p2a: Heatran
|-damage|p2a: Heatran|50/100
|
|-heal|p2a: Heatran|56/100|[from] item: Leftovers
|-heal|p1a: Skeledirge|55/100|[from] item: Leftovers
|upkeep
|turn|16
|
|t:|1769342642
|move|p2a: Heatran|Earth Power|p1a: Skeledirge
|-supereffective|p1a: Skeledirge
|-damage|p1a: Skeledirge|0 fnt
|faint|p1a: Skeledirge
|
|-heal|p2a: Heatran|63/100|[from] item: Leftovers
|upkeep
|
|t:|1769342650
|switch|p1a: Great Tusk|Great Tusk, shiny, tera:Fairy|41/100
|turn|17
|
|t:|1769342682
|-terastallize|p2a: Heatran|Grass
|move|p1a: Great Tusk|Zen Headbutt|p2a: Heatran|[miss]
|-miss|p1a: Great Tusk|p2a: Heatran
|move|p2a: Heatran|Magma Storm|p1a: Great Tusk|[miss]
|-miss|p2a: Heatran|p1a: Great Tusk
|
|-heal|p2a: Heatran|69/100|[from] item: Leftovers
|upkeep
|turn|18
|
|t:|1769342695
|move|p1a: Great Tusk|Close Combat|p2a: Heatran
|-damage|p2a: Heatran|13/100
|-unboost|p1a: Great Tusk|def|1
|-unboost|p1a: Great Tusk|spd|1
|move|p2a: Heatran|Magma Storm|p1a: Great Tusk
|-damage|p1a: Great Tusk|0 fnt
|faint|p1a: Great Tusk
|-end|p1a: Great Tusk|Protosynthesis|[silent]
|
|-heal|p2a: Heatran|19/100|[from] item: Leftovers
|upkeep
|
|t:|1769342697
|switch|p1a: Tyranitar|Tyranitar, F, shiny|74/100
|-damage|p1a: Tyranitar|62/100|[from] Stealth Rock
|-weather|Sandstorm|[from] ability: Sand Stream|[of] p1a: Tyranitar
|turn|19
|c|☆Noxie65|gg
|
|t:|1769342716
|move|p1a: Tyranitar|Knock Off|p2a: Heatran
|-damage|p2a: Heatran|0 fnt
|-enditem|p2a: Heatran|Leftovers|[from] move: Knock Off|[of] p1a: Tyranitar
|faint|p2a: Heatran
|
|-weather|Sandstorm|[upkeep]
|upkeep
|
|t:|1769342721
|switch|p2a: Excadrill|Excadrill, M|100/100
|-damage|p2a: Excadrill|97/100|[from] Stealth Rock
|turn|20
|
|t:|1769342724
|move|p2a: Excadrill|Earthquake|p1a: Tyranitar
|-supereffective|p1a: Tyranitar
|-damage|p1a: Tyranitar|0 fnt
|faint|p1a: Tyranitar
|
|win|breaker-angel
|raw|Noxie65's rating: 1144 &rarr; <strong>1118</strong><br />(-26 for losing)
|raw|breaker-angel's rating: 1133 &rarr; <strong>1159</strong><br />(+26 for winning)
|l|☆Noxie65
|player|p1|
|c|☆breaker-angel|gg
