|j|☆gu1gz
|j|☆Lin wen di
|t:|1769425257
|gametype|singles
|player|p1|gu1gz|drayden|1184
|player|p2|Lin wen di|maid|1211
|gen|9
|tier|[Gen 9] OU
|rated|
|rule|HP Percentage Mod: HP is shown in percentages
|rule|Endless Battle Clause: Forcing endless battles is banned
|rule|Species Clause: Limit one of each Pokémon
|rule|OHKO Clause: OHKO moves are banned
|rule|Evasion Items Clause: Evasion items are banned
|rule|Evasion Moves Clause: Evasion moves are banned
|rule|Evasion Abilities Clause: Evasion abilities are banned
|rule|Sleep Moves Clause: Sleep-inducing moves are banned
|clearpoke
|poke|p1|Ceruledge, M|
|poke|p1|Samurott-Hisui, F|
|poke|p1|Corviknight, M|
|poke|p1|Gliscor, M|
|poke|p1|Dragonite, M|
|poke|p1|Rillaboom, M|
|poke|p2|Kingambit, M|
|poke|p2|Chesnaught, F|
|poke|p2|Torterra, M|
|poke|p2|Slowbro, F|
|poke|p2|Samurott-Hisui, M|
|poke|p2|Arcanine-Hisui, F|
|teampreview
|inactive|Battle timer is ON: inactive players will automatically lose when time's up. (requested by Lin wen di)
|
|t:|1769425268
|teamsize|p1|6
|teamsize|p2|6
|start
|switch|p1a: Samurott|Samurott-Hisui, F|100/100
|switch|p2a: Torterra|Torterra, M|100/100
|turn|1
|
|t:|1769425276
|switch|p1a: Dragonite|Dragonite, M|100/100
|move|p2a: Torterra|Shell Smash|p2a: Torterra
|-unboost|p2a: Torterra|def|1
|-unboost|p2a: Torterra|spd|1
|-boost|p2a: Torterra|atk|2
|-boost|p2a: Torterra|spa|2
|-boost|p2a: Torterra|spe|2
|
|upkeep
|turn|2
|
|t:|1769425286
|move|p2a: Torterra|Rock Blast|p1a: Dragonite
|-supereffective|p1a: Dragonite
|-damage|p1a: Dragonite|83/100
|-supereffective|p1a: Dragonite
|-damage|p1a: Dragonite|44/100
|-supereffective|p1a: Dragonite
|-damage|p1a: Dragonite|5/100
|-supereffective|p1a: Dragonite
|-damage|p1a: Dragonite|0 fnt
|faint|p1a: Dragonite
|-hitcount|p1: Dragonite|4
|
|upkeep
|
|t:|1769425293
|switch|p1a: Corviknight|Corviknight, M|100/100
|-ability|p1a: Corviknight|Pressure
|turn|3
|
|t:|1769425303
|move|p2a: Torterra|Rock Blast|p1a: Corviknight
|-damage|p1a: Corviknight|90/100
|-damage|p1a: Corviknight|79/100
|-damage|p1a: Corviknight|68/100
|-damage|p1a: Corviknight|57/100
|-hitcount|p1a: Corviknight|4
|move|p1a: Corviknight|Brave Bird|p2a: Torterra
|-supereffective|p2a: Torterra
|-damage|p2a: Torterra|0 fnt
|faint|p2a: Torterra
|-damage|p1a: Corviknight|30/100|[from] Recoil
|
|upkeep
|
|t:|1769425310
|switch|p2a: Samurott|Samurott-Hisui, M|100/100
|turn|4
|
|t:|1769425315
|move|p2a: Samurott|Ceaseless Edge|p1a: Corviknight
|-damage|p1a: Corviknight|4/100
|-damage|p2a: Samurott|84/100|[from] item: Rocky Helmet|[of] p1a: Corviknight
|-sidestart|p1: gu1gz|Spikes
|move|p1a: Corviknight|U-turn|p2a: Samurott
|-supereffective|p2a: Samurott
|-damage|p2a: Samurott|50/100
|
|t:|1769425326
|switch|p1a: Rillaboom|Rillaboom, M|100/100|[from] U-turn
|-damage|p1a: Rillaboom|88/100|[from] Spikes
|-fieldstart|move: Grassy Terrain|[from] ability: Grassy Surge|[of] p1a: Rillaboom
|
|-heal|p2a: Samurott|56/100|[from] Grassy Terrain
|-heal|p1a: Rillaboom|94/100|[from] Grassy Terrain
|upkeep
|turn|5
|
|t:|1769425338
|switch|p2a: Chesnaught|Chesnaught, F|100/100
|move|p1a: Rillaboom|Grassy Glide|p2a: Chesnaught
|-resisted|p2a: Chesnaught
|-damage|p2a: Chesnaught|82/100
|-damage|p1a: Rillaboom|78/100|[from] item: Rocky Helmet|[of] p2a: Chesnaught
|
|-heal|p1a: Rillaboom|84/100|[from] Grassy Terrain
|-heal|p2a: Chesnaught|88/100|[from] Grassy Terrain
|upkeep
|turn|6
|
|t:|1769425347
|switch|p1a: Corviknight|Corviknight, M|4/100
|-ability|p1a: Corviknight|Pressure
|move|p2a: Chesnaught|Spiky Shield||[still]
|-fail|p2a: Chesnaught
|
|-heal|p2a: Chesnaught|94/100|[from] Grassy Terrain
|upkeep
|turn|7
|
|t:|1769425355
|move|p2a: Chesnaught|Spiky Shield|p2a: Chesnaught
|-singleturn|p2a: Chesnaught|move: Protect
|move|p1a: Corviknight|Defog|p2a: Chesnaught
|-activate|p2a: Chesnaught|move: Protect
|
|-heal|p2a: Chesnaught|99/100|[from] Grassy Terrain
|upkeep
|turn|8
|
|t:|1769425364
|switch|p2a: Slowbro|Slowbro, F|100/100
|move|p1a: Corviknight|Brave Bird|p2a: Slowbro
|-damage|p2a: Slowbro|78/100
|-damage|p1a: Corviknight|0 fnt|[from] item: Rocky Helmet|[of] p2a: Slowbro
|faint|p1a: Corviknight
|
|-heal|p2a: Slowbro|84/100|[from] Grassy Terrain
|-fieldend|move: Grassy Terrain
|upkeep
|
|t:|1769425370
|switch|p1a: Ceruledge|Ceruledge, M|100/100
|-damage|p1a: Ceruledge|88/100|[from] Spikes
|turn|9
|
|t:|1769425376
|move|p1a: Ceruledge|Swords Dance|p1a: Ceruledge
|-boost|p1a: Ceruledge|atk|2
|move|p2a: Slowbro|Scald|p1a: Ceruledge
|-supereffective|p1a: Ceruledge
|-damage|p1a: Ceruledge|20/100
|
|upkeep
|turn|10
|
|t:|1769425384
|switch|p2a: Chesnaught|Chesnaught, F|99/100
|move|p1a: Ceruledge|Poltergeist|p2a: Chesnaught
|-activate|p2a: Chesnaught|move: Poltergeist|Rocky Helmet
|-damage|p2a: Chesnaught|5/100
|-damage|p1a: Ceruledge|10/100|[from] item: Life Orb
|
|upkeep
|turn|11
|
|t:|1769425396
|move|p2a: Chesnaught|Spiky Shield|p2a: Chesnaught
|-singleturn|p2a: Chesnaught|move: Protect
|move|p1a: Ceruledge|Bitter Blade|p2a: Chesnaught
|-activate|p2a: Chesnaught|move: Protect
|-damage|p1a: Ceruledge|0 fnt|[from] Spiky Shield|[of] p2a: Chesnaught
|faint|p1a: Ceruledge
|
|upkeep
|
|t:|1769425398
|switch|p1a: Gliscor|Gliscor, M|100/100
|turn|12
|
|t:|1769425405
|move|p1a: Gliscor|Swords Dance|p1a: Gliscor
|-boost|p1a: Gliscor|atk|2
|move|p2a: Chesnaught|Leech Seed|p1a: Gliscor
|-start|p1a: Gliscor|move: Leech Seed
|
|-damage|p1a: Gliscor|88/100|[from] Leech Seed|[of] p2a: Chesnaught
|-heal|p2a: Chesnaught|17/100|[silent]
|-status|p1a: Gliscor|tox|[from] item: Toxic Orb
|upkeep
|turn|13
|
|t:|1769425415
|switch|p2a: Slowbro|Slowbro, F|100/100
|move|p1a: Gliscor|Swords Dance|p1a: Gliscor
|-boost|p1a: Gliscor|atk|2
|
|-damage|p1a: Gliscor|75/100 tox|[from] Leech Seed|[of] p2a: Slowbro
|-heal|p1a: Gliscor|88/100 tox|[from] ability: Poison Heal
|upkeep
|turn|14
|
|t:|1769425421
|move|p1a: Gliscor|Knock Off|p2a: Slowbro
|-supereffective|p2a: Slowbro
|-crit|p2a: Slowbro
|-damage|p2a: Slowbro|0 fnt
|-damage|p1a: Gliscor|72/100 tox|[from] item: Rocky Helmet|[of] p2a: Slowbro
|-enditem|p2a: Slowbro|Rocky Helmet|[from] move: Knock Off|[of] p1a: Gliscor
|faint|p2a: Slowbro
|
|-heal|p1a: Gliscor|84/100 tox|[from] ability: Poison Heal
|upkeep
|
|t:|1769425425
|switch|p2a: Arcanine|Arcanine-Hisui, F|100/100
|turn|15
|
|t:|1769425432
|move|p2a: Arcanine|Head Smash|p1a: Gliscor
|-damage|p1a: Gliscor|0 fnt
|faint|p1a: Gliscor
|
|upkeep
|
|t:|1769425437
|switch|p1a: Samurott|Samurott-Hisui, F|100/100
|-damage|p1a: Samurott|88/100|[from] Spikes
|turn|16
|
|t:|1769425441
|switch|p2a: Samurott|Samurott-Hisui, M|56/100
|move|p1a: Samurott|Ceaseless Edge|p2a: Samurott
|-resisted|p2a: Samurott
|-damage|p2a: Samurott|31/100
|-sidestart|p2: Lin wen di|Spikes
|
|upkeep
|turn|17
|
|t:|1769425447
|move|p2a: Samurott|Sacred Sword|p1a: Samurott
|-supereffective|p1a: Samurott
|-damage|p1a: Samurott|7/100
|move|p1a: Samurott|Ceaseless Edge|p2a: Samurott|[miss]
|-miss|p1a: Samurott|p2a: Samurott
|
|upkeep
|turn|18
|
|t:|1769425454
|move|p2a: Samurott|Aqua Jet|p1a: Samurott
|-resisted|p1a: Samurott
|-damage|p1a: Samurott|0 fnt
|faint|p1a: Samurott
|
|upkeep
|
|t:|1769425456
|switch|p1a: Rillaboom|Rillaboom, M|84/100
|-damage|p1a: Rillaboom|72/100|[from] Spikes
|-fieldstart|move: Grassy Terrain|[from] ability: Grassy Surge|[of] p1a: Rillaboom
|turn|19
|
|t:|1769425460
|-terastallize|p2a: Samurott|Ghost
|move|p1a: Rillaboom|Knock Off|p2a: Samurott
|-supereffective|p2a: Samurott
|-damage|p2a: Samurott|0 fnt
|-enditem|p2a: Samurott|Assault Vest|[from] move: Knock Off|[of] p1a: Rillaboom
|faint|p2a: Samurott
|
|-heal|p1a: Rillaboom|78/100|[from] Grassy Terrain
|upkeep
|
|t:|1769425469
|switch|p2a: Chesnaught|Chesnaught, F|17/100
|-damage|p2a: Chesnaught|5/100|[from] Spikes
|turn|20
|
|t:|1769425471
|move|p2a: Chesnaught|Spiky Shield|p2a: Chesnaught
|-singleturn|p2a: Chesnaught|move: Protect
|move|p1a: Rillaboom|Knock Off|p2a: Chesnaught
|-activate|p2a: Chesnaught|move: Protect
|-damage|p1a: Rillaboom|66/100|[from] Spiky Shield|[of] p2a: Chesnaught
|
|-heal|p1a: Rillaboom|72/100|[from] Grassy Terrain
|-heal|p2a: Chesnaught|11/100|[from] Grassy Terrain
|upkeep
|turn|21
|
|t:|1769425477
|move|p1a: Rillaboom|Knock Off|p2a: Chesnaught
|-resisted|p2a: Chesnaught
|-damage|p2a: Chesnaught|0 fnt
|-damage|p1a: Rillaboom|55/100|[from] item: Rocky Helmet|[of] p2a: Chesnaught
|-enditem|p2a: Chesnaught|Rocky Helmet|[from] move: Knock Off|[of] p1a: Rillaboom
|faint|p2a: Chesnaught
|
|-heal|p1a: Rillaboom|61/100|[from] Grassy Terrain
|upkeep
|
|t:|1769425482
|switch|p2a: Arcanine|Arcanine-Hisui, F|100/100
|-damage|p2a: Arcanine|88/100|[from] Spikes
|turn|22
|
|t:|1769425486
|move|p2a: Arcanine|Flare Blitz|p1a: Rillaboom
|-supereffective|p1a: Rillaboom
|-damage|p1a: Rillaboom|0 fnt
|faint|p1a: Rillaboom
|
|win|Lin wen di
|raw|gu1gz's rating: 1184 &rarr; <strong>1163</strong><br />(-21 for losing)
|raw|Lin wen di's rating: 1233 &rarr; <strong>1254</strong><br />(+21 for winning)
|l|☆gu1gz
|player|p1|
|l|☆Lin wen di
|player|p2|
