|badge|p2|bronze|gen9doublesou|100-8
|uhtml|medal-msg|<div class="broadcast-blue">Curious what those medals under the avatar are? PS now has Ladder Seasons! For more information, check out the <a href="https://www.smogon.com/forums/threads/3740067/">thread on Smogon.</a></div>
|j|☆queso
|j|☆X2Muz
|t:|1769296129
|gametype|singles
|player|p1|queso|#cheese555snow|
|player|p2|X2Muz|miku-ghost|
|gen|9
|tier|[Gen 9] OU
|rule|HP Percentage Mod: HP is shown in percentages
|rule|Endless Battle Clause: Forcing endless battles is banned
|rule|Species Clause: Limit one of each Pokémon
|rule|OHKO Clause: OHKO moves are banned
|rule|Evasion Items Clause: Evasion items are banned
|rule|Evasion Moves Clause: Evasion moves are banned
|rule|Evasion Abilities Clause: Evasion abilities are banned
|rule|Sleep Moves Clause: Sleep-inducing moves are banned
|clearpoke
|poke|p1|Araquanid, F|
|poke|p1|Gholdengo|
|poke|p1|Iron Moth|
|poke|p1|Iron Valiant|
|poke|p1|Raging Bolt|
|poke|p1|Kingambit, F|
|poke|p2|Dragapult, M|
|poke|p2|Alomomola, F|
|poke|p2|Ting-Lu|
|poke|p2|Kyurem|
|poke|p2|Weezing-Galar, F|
|poke|p2|Corviknight, M|
|teampreview
|inactive|Battle timer is ON: inactive players will automatically lose when time's up. (requested by queso)
|c|☆X2Muz|wait
|c|☆X2Muz|do we have to run same teams
|c|☆X2Muz|or maj
|inactive|X2Muz has 270 seconds left.
|c|☆queso|No
|c|☆X2Muz|kk
|
|t:|1769296185
|teamsize|p1|6
|teamsize|p2|6
|start
|switch|p1a: QUIL|Araquanid, F|100/100
|switch|p2a: Kyurem|Kyurem|100/100
|-ability|p2a: Kyurem|Pressure
|turn|1
|
|t:|1769296189
|move|p2a: Kyurem|Freeze-Dry|p1a: QUIL
|-supereffective|p1a: QUIL
|-damage|p1a: QUIL|53/100
|-status|p1a: QUIL|frz
|-curestatus|p1a: QUIL|frz|[msg]
|move|p1a: QUIL|Sticky Web|p2a: Kyurem
|-sidestart|p2: X2Muz|move: Sticky Web
|
|upkeep
|turn|2
|
|t:|1769296197
|move|p2a: Kyurem|Freeze-Dry|p1a: QUIL
|-supereffective|p1a: QUIL
|-damage|p1a: QUIL|0 fnt
|faint|p1a: QUIL
|
|upkeep
|
|t:|1769296204
|switch|p1a: TREE?|Gholdengo|100/100
|-item|p1a: TREE?|Air Balloon
|turn|3
|
|t:|1769296227
|switch|p2a: Ting-Lu|Ting-Lu|100/100
|-activate|p2a: Ting-Lu|move: Sticky Web
|-unboost|p2a: Ting-Lu|spe|1
|-ability|p2a: Ting-Lu|Vessel of Ruin
|move|p1a: TREE?|Nasty Plot|p1a: TREE?
|-boost|p1a: TREE?|spa|2
|
|upkeep
|turn|4
|
|t:|1769296234
|move|p1a: TREE?|Make It Rain|p2a: Ting-Lu
|-damage|p2a: Ting-Lu|51/100
|-unboost|p1a: TREE?|spa|1
|move|p2a: Ting-Lu|Ruination|p1a: TREE?
|-damage|p1a: TREE?|51/100
|-enditem|p1a: TREE?|Air Balloon
|
|-heal|p2a: Ting-Lu|57/100|[from] item: Leftovers
|upkeep
|turn|5
|
|t:|1769296245
|move|p1a: TREE?|Make It Rain|p2a: Ting-Lu
|-damage|p2a: Ting-Lu|16/100
|-unboost|p1a: TREE?|spa|1
|move|p2a: Ting-Lu|Earthquake|p1a: TREE?
|-supereffective|p1a: TREE?
|-damage|p1a: TREE?|0 fnt
|faint|p1a: TREE?
|
|-heal|p2a: Ting-Lu|22/100|[from] item: Leftovers
|upkeep
|
|t:|1769296250
|switch|p1a: CALA|Iron Moth|100/100
|-enditem|p1a: CALA|Booster Energy
|-activate|p1a: CALA|ability: Quark Drive|[fromitem]
|-start|p1a: CALA|quarkdrivespa
|turn|6
|
|t:|1769296273
|move|p1a: CALA|Fiery Dance|p2a: Ting-Lu
|-crit|p2a: Ting-Lu
|-damage|p2a: Ting-Lu|0 fnt
|faint|p2a: Ting-Lu
|
|upkeep
|
|t:|1769296278
|switch|p2a: Dragapult|Dragapult, M|100/100
|-activate|p2a: Dragapult|move: Sticky Web
|-unboost|p2a: Dragapult|spe|1
|turn|7
|
|t:|1769296291
|move|p1a: CALA|Fiery Dance|p2a: Dragapult
|-resisted|p2a: Dragapult
|-damage|p2a: Dragapult|63/100
|-boost|p1a: CALA|spa|1
|move|p2a: Dragapult|Dragon Darts|p1a: CALA
|-damage|p1a: CALA|32/100
|-anim|p2a: Dragapult|Dragon Darts|p1a: CALA
|-damage|p1a: CALA|0 fnt
|faint|p1a: CALA
|-end|p1a: CALA|Quark Drive|[silent]
|
|upkeep
|
|t:|1769296296
|switch|p1a: QUZZ|Iron Valiant|100/100
|-enditem|p1a: QUZZ|Booster Energy
|-activate|p1a: QUZZ|ability: Quark Drive|[fromitem]
|-start|p1a: QUZZ|quarkdrivespa
|turn|8
|
|t:|1769296302
|switch|p2a: Corviknight|Corviknight, M|100/100
|-ability|p2a: Corviknight|Pressure
|move|p1a: QUZZ|Calm Mind|p1a: QUZZ
|-boost|p1a: QUZZ|spa|1
|-boost|p1a: QUZZ|spd|1
|
|upkeep
|turn|9
|
|t:|1769296309
|-terastallize|p1a: QUZZ|Ghost
|move|p1a: QUZZ|Shadow Ball|p2a: Corviknight
|-damage|p2a: Corviknight|40/100
|move|p2a: Corviknight|Defog|p1a: QUZZ
|-unboost|p1a: QUZZ|evasion|1
|-sideend|p2: X2Muz|Sticky Web|[from] move: Defog|[of] p2a: Corviknight
|
|-heal|p2a: Corviknight|47/100|[from] item: Leftovers
|upkeep
|turn|10
|inactive|X2Muz has 270 seconds left.
|
|t:|1769296341
|move|p1a: QUZZ|Shadow Ball|p2a: Corviknight
|-damage|p2a: Corviknight|0 fnt
|faint|p2a: Corviknight
|
|upkeep
|
|t:|1769296343
|switch|p2a: Dragapult|Dragapult, M|63/100
|turn|11
|
|t:|1769296358
|-end|p1a: QUZZ|Quark Drive|[silent]
|switch|p1a: SUPA|Kingambit, F|100/100
|-activate|p1a: SUPA|ability: Supreme Overlord
|-start|p1a: SUPA|fallen3|[silent]
|-item|p1a: SUPA|Air Balloon
|move|p2a: Dragapult|Will-O-Wisp|p1a: SUPA
|-status|p1a: SUPA|brn
|
|-damage|p1a: SUPA|94/100 brn|[from] brn
|upkeep
|turn|12
|inactive|X2Muz has 270 seconds left.
|
|t:|1769296393
|switch|p2a: Alomomola|Alomomola, F|100/100
|move|p1a: SUPA|Swords Dance|p1a: SUPA
|-boost|p1a: SUPA|atk|2
|
|-damage|p1a: SUPA|88/100 brn|[from] brn
|upkeep
|turn|13
|
|t:|1769296410
|move|p1a: SUPA|Kowtow Cleave|p2a: Alomomola
|-damage|p2a: Alomomola|68/100
|-damage|p1a: SUPA|72/100 brn|[from] item: Rocky Helmet|[of] p2a: Alomomola
|move|p2a: Alomomola|Flip Turn|p1a: SUPA
|-damage|p1a: SUPA|58/100 brn
|-enditem|p1a: SUPA|Air Balloon
|
|t:|1769296418
|switch|p2a: Kyurem|Kyurem|100/100|[from] Flip Turn
|-ability|p2a: Kyurem|Pressure
|
|-damage|p1a: SUPA|52/100 brn|[from] brn
|upkeep
|turn|14
|
|t:|1769296444
|move|p2a: Kyurem|Earth Power|p1a: SUPA
|-supereffective|p1a: SUPA
|-damage|p1a: SUPA|0 fnt
|faint|p1a: SUPA
|-end|p1a: SUPA|fallen3|[silent]
|
|upkeep
|
|t:|1769296447
|switch|p1a: QUZZ|Iron Valiant, tera:Ghost|100/100
|turn|15
|inactive|queso has 270 seconds left.
|inactive|X2Muz has 240 seconds left.
|
|t:|1769296481
|move|p1a: QUZZ|Calm Mind|p1a: QUZZ
|-boost|p1a: QUZZ|spa|1
|-boost|p1a: QUZZ|spd|1
|move|p2a: Kyurem|Freeze-Dry|p1a: QUZZ
|-damage|p1a: QUZZ|54/100
|
|upkeep
|turn|16
|inactive|queso has 270 seconds left.
|
|t:|1769296512
|move|p1a: QUZZ|Moonblast|p2a: Kyurem
|-supereffective|p2a: Kyurem
|-damage|p2a: Kyurem|0 fnt
|faint|p2a: Kyurem
|
|upkeep
|
|t:|1769296515
|switch|p2a: Dragapult|Dragapult, M|63/100
|turn|17
|inactive|queso has 240 seconds left.
|
|t:|1769296537
|move|p2a: Dragapult|Dragon Darts|p1a: QUZZ
|-damage|p1a: QUZZ|8/100
|-anim|p2a: Dragapult|Dragon Darts|p1a: QUZZ
|-damage|p1a: QUZZ|0 fnt
|faint|p1a: QUZZ
|-end|p1a: QUZZ|Quark Drive|[silent]
|
|upkeep
|
|t:|1769296538
|switch|p1a: DELI|Raging Bolt|100/100
|-enditem|p1a: DELI|Booster Energy
|-activate|p1a: DELI|ability: Protosynthesis|[fromitem]
|-start|p1a: DELI|protosynthesisspa
|turn|18
|inactive|queso has 240 seconds left.
|inactive|X2Muz has 270 seconds left.
|
|t:|1769296571
|move|p1a: DELI|Thunderclap|p2a: Dragapult
|-resisted|p2a: Dragapult
|-damage|p2a: Dragapult|25/100
|move|p2a: Dragapult|Dragon Darts|p1a: DELI
|-supereffective|p1a: DELI
|-damage|p1a: DELI|36/100
|-anim|p2a: Dragapult|Dragon Darts|p1a: DELI
|-supereffective|p1a: DELI
|-damage|p1a: DELI|0 fnt
|faint|p1a: DELI
|-end|p1a: DELI|Protosynthesis|[silent]
|
|win|X2Muz
|c|☆queso|Gg
|c|☆queso|i must depart
|c|☆queso|take the win
|l|☆queso
|player|p1|
