|j|☆jiyurey
|j|☆kiko5bolas
|t:|1769342014
|gametype|singles
|player|p1|jiyurey|266|1134
|player|p2|kiko5bolas|101|1149
|gen|9
|tier|[Gen 9] OU
|rated|
|rule|HP Percentage Mod: HP is shown in percentages
|rule|Endless Battle Clause: Forcing endless battles is banned
|rule|Species Clause: Limit one of each Pokémon
|rule|OHKO Clause: OHKO moves are banned
|rule|Evasion Items Clause: Evasion items are banned
|rule|Evasion Moves Clause: Evasion moves are banned
|rule|Evasion Abilities Clause: Evasion abilities are banned
|rule|Sleep Moves Clause: Sleep-inducing moves are banned
|clearpoke
|poke|p1|Great Tusk|
|poke|p1|Garganacl, M|
|poke|p1|Dragapult, F|
|poke|p1|Kingambit, M|
|poke|p1|Dondozo, M|
|poke|p1|Iron Crown|
|poke|p2|Gardevoir, M|
|poke|p2|Iron Valiant|
|poke|p2|Ceruledge, F|
|poke|p2|Garganacl, M|
|poke|p2|Metagross|
|poke|p2|Ninetales, M|
|teampreview
|
|t:|1769342026
|teamsize|p1|6
|teamsize|p2|6
|start
|switch|p1a: Great Tusk|Great Tusk|100/100
|switch|p2a: Ninetales|Ninetales, M|100/100
|-weather|SunnyDay|[from] ability: Drought|[of] p2a: Ninetales
|-activate|p1a: Great Tusk|ability: Protosynthesis
|-start|p1a: Great Tusk|protosynthesisatk
|turn|1
|inactive|Battle timer is ON: inactive players will automatically lose when time's up. (requested by jiyurey)
|inactive|kiko5bolas has 120 seconds left.
|
|t:|1769342088
|move|p2a: Ninetales|Solar Beam||[still]
|-prepare|p2a: Ninetales|Solar Beam
|-anim|p2a: Ninetales|Solar Beam|p1a: Great Tusk
|-supereffective|p1a: Great Tusk
|-damage|p1a: Great Tusk|11/100
|move|p1a: Great Tusk|Rapid Spin|p2a: Ninetales
|-damage|p2a: Ninetales|63/100
|-boost|p1a: Great Tusk|spe|1
|
|-weather|SunnyDay|[upkeep]
|upkeep
|turn|2
|
|t:|1769342104
|switch|p2a: Garganacl|Garganacl, M|100/100
|move|p1a: Great Tusk|Headlong Rush|p2a: Garganacl
|-supereffective|p2a: Garganacl
|-damage|p2a: Garganacl|0 fnt
|-unboost|p1a: Great Tusk|def|1
|-unboost|p1a: Great Tusk|spd|1
|faint|p2a: Garganacl
|
|-weather|SunnyDay|[upkeep]
|upkeep
|
|t:|1769342112
|switch|p2a: Ceruledge|Ceruledge, F|100/100
|-item|p2a: Ceruledge|Air Balloon
|turn|3
|
|t:|1769342135
|-end|p1a: Great Tusk|Protosynthesis|[silent]
|switch|p1a: Garganacl|Garganacl, M|100/100
|-terastallize|p2a: Ceruledge|Stellar
|move|p2a: Ceruledge|Swords Dance|p2a: Ceruledge
|-boost|p2a: Ceruledge|atk|2
|
|-weather|SunnyDay|[upkeep]
|upkeep
|turn|4
|
|t:|1769342145
|move|p2a: Ceruledge|Close Combat|p1a: Garganacl
|-supereffective|p1a: Garganacl
|-damage|p1a: Garganacl|0 fnt
|-unboost|p2a: Ceruledge|def|1
|-unboost|p2a: Ceruledge|spd|1
|faint|p1a: Garganacl
|
|-weather|SunnyDay|[upkeep]
|upkeep
|inactive|jiyurey has 120 seconds left.
|
|t:|1769342168
|switch|p1a: Dondozo|Dondozo, M|100/100
|turn|5
|inactive|jiyurey has 120 seconds left.
|
|t:|1769342176
|move|p2a: Ceruledge|Swords Dance|p2a: Ceruledge
|-boost|p2a: Ceruledge|atk|2
|move|p1a: Dondozo|Wave Crash|p2a: Ceruledge
|-supereffective|p2a: Ceruledge
|-damage|p2a: Ceruledge|39/100
|-ability|p2a: Ceruledge|Weak Armor|boost
|-unboost|p2a: Ceruledge|def|1
|-boost|p2a: Ceruledge|spe|2
|-enditem|p2a: Ceruledge|Air Balloon
|-damage|p1a: Dondozo|89/100|[from] Recoil
|
|-weather|SunnyDay|[upkeep]
|-heal|p1a: Dondozo|95/100|[from] item: Leftovers
|upkeep
|turn|6
|inactive|jiyurey has 120 seconds left.
|
|t:|1769342195
|move|p2a: Ceruledge|Bitter Blade|p1a: Dondozo
|-resisted|p1a: Dondozo
|-damage|p1a: Dondozo|73/100
|-heal|p2a: Ceruledge|58/100|[from] drain|[of] p1a: Dondozo
|move|p1a: Dondozo|Wave Crash|p2a: Ceruledge
|-supereffective|p2a: Ceruledge
|-damage|p2a: Ceruledge|0 fnt
|faint|p2a: Ceruledge
|-damage|p1a: Dondozo|62/100|[from] Recoil
|
|-weather|SunnyDay|[upkeep]
|-heal|p1a: Dondozo|68/100|[from] item: Leftovers
|upkeep
|
|t:|1769342202
|switch|p2a: Gardevoir|Gardevoir, M|100/100
|-ability|p2a: Gardevoir|Unaware|Trace|[from] ability: Trace|[of] p1a: Dondozo
|turn|7
|inactive|jiyurey has 120 seconds left.
|
|t:|1769342218
|switch|p1a: Great Tusk|Great Tusk|11/100
|-activate|p1a: Great Tusk|ability: Protosynthesis
|-start|p1a: Great Tusk|protosynthesisatk
|move|p2a: Gardevoir|Psychic|p1a: Great Tusk
|-supereffective|p1a: Great Tusk
|-damage|p1a: Great Tusk|0 fnt
|faint|p1a: Great Tusk
|-end|p1a: Great Tusk|Protosynthesis|[silent]
|
|-weather|SunnyDay|[upkeep]
|upkeep
|inactive|jiyurey has 120 seconds left.
|
|t:|1769342232
|switch|p1a: Iron Crown|Iron Crown|100/100
|-enditem|p1a: Iron Crown|Booster Energy
|-activate|p1a: Iron Crown|ability: Quark Drive|[fromitem]
|-start|p1a: Iron Crown|quarkdrivespe
|turn|8
|inactive|jiyurey has 120 seconds left.
|
|t:|1769342241
|switch|p2a: Metagross|Metagross|100/100
|move|p1a: Iron Crown|Calm Mind|p1a: Iron Crown
|-boost|p1a: Iron Crown|spa|1
|-boost|p1a: Iron Crown|spd|1
|
|-weather|none
|upkeep
|turn|9
|inactive|jiyurey has 120 seconds left.
|
|t:|1769342255
|move|p1a: Iron Crown|Tachyon Cutter|p2a: Metagross
|-resisted|p2a: Metagross
|-damage|p2a: Metagross|89/100
|-resisted|p2a: Metagross
|-damage|p2a: Metagross|77/100
|-hitcount|p2a: Metagross|2
|move|p2a: Metagross|Earthquake|p1a: Iron Crown
|-supereffective|p1a: Iron Crown
|-damage|p1a: Iron Crown|20/100
|
|upkeep
|turn|10
|
|t:|1769342266
|move|p1a: Iron Crown|Volt Switch|p2a: Metagross
|-damage|p2a: Metagross|57/100
|
|t:|1769342272
|-end|p1a: Iron Crown|Quark Drive|[silent]
|switch|p1a: Dondozo|Dondozo, M|68/100|[from] Volt Switch
|move|p2a: Metagross|Earthquake|p1a: Dondozo
|-crit|p1a: Dondozo
|-damage|p1a: Dondozo|43/100
|
|-heal|p1a: Dondozo|49/100|[from] item: Leftovers
|upkeep
|turn|11
|
|t:|1769342284
|switch|p2a: Gardevoir|Gardevoir, M|100/100
|-ability|p2a: Gardevoir|Unaware|Trace|[from] ability: Trace|[of] p1a: Dondozo
|move|p1a: Dondozo|Wave Crash|p2a: Gardevoir
|-damage|p2a: Gardevoir|27/100
|-damage|p1a: Dondozo|36/100|[from] Recoil
|
|-heal|p1a: Dondozo|42/100|[from] item: Leftovers
|upkeep
|turn|12
|
|t:|1769342296
|move|p2a: Gardevoir|Thunderbolt|p1a: Dondozo
|-supereffective|p1a: Dondozo
|-damage|p1a: Dondozo|0 fnt
|faint|p1a: Dondozo
|
|upkeep
|
|t:|1769342304
|switch|p1a: Dragapult|Dragapult, F|100/100
|turn|13
|
|t:|1769342309
|switch|p2a: Metagross|Metagross|57/100
|move|p1a: Dragapult|Shadow Ball|p2a: Metagross
|-supereffective|p2a: Metagross
|-damage|p2a: Metagross|12/100
|
|upkeep
|turn|14
|
|t:|1769342319
|move|p2a: Metagross|Bullet Punch|p1a: Dragapult
|-damage|p1a: Dragapult|69/100
|move|p1a: Dragapult|Shadow Ball|p2a: Metagross
|-supereffective|p2a: Metagross
|-damage|p2a: Metagross|0 fnt
|faint|p2a: Metagross
|
|upkeep
|
|t:|1769342332
|switch|p2a: Gardevoir|Gardevoir, M|27/100
|-ability|p2a: Gardevoir|Clear Body|Trace|[from] ability: Trace|[of] p1a: Dragapult
|turn|15
|
|t:|1769342339
|move|p2a: Gardevoir|Moonblast|p1a: Dragapult
|-supereffective|p1a: Dragapult
|-damage|p1a: Dragapult|0 fnt
|faint|p1a: Dragapult
|
|upkeep
|
|t:|1769342349
|switch|p1a: Iron Crown|Iron Crown|20/100
|turn|16
|
|t:|1769342355
|move|p2a: Gardevoir|Moonblast|p1a: Iron Crown
|-resisted|p1a: Iron Crown
|-damage|p1a: Iron Crown|0 fnt
|faint|p1a: Iron Crown
|-end|p1a: Iron Crown|Quark Drive|[silent]
|
|upkeep
|
|t:|1769342361
|switch|p1a: Kingambit|Kingambit, M|100/100
|-activate|p1a: Kingambit|ability: Supreme Overlord
|-start|p1a: Kingambit|fallen5|[silent]
|turn|17
|
|t:|1769342367
|switch|p2a: Iron Valiant|Iron Valiant|100/100
|-enditem|p2a: Iron Valiant|Booster Energy
|-activate|p2a: Iron Valiant|ability: Quark Drive|[fromitem]
|-start|p2a: Iron Valiant|quarkdrivespe
|move|p1a: Kingambit|Sucker Punch||[still]
|-fail|p1a: Kingambit
|
|upkeep
|turn|18
|
|t:|1769342376
|move|p1a: Kingambit|Sucker Punch||[still]
|-fail|p1a: Kingambit
|move|p2a: Iron Valiant|Destiny Bond|p2a: Iron Valiant
|-singlemove|p2a: Iron Valiant|Destiny Bond
|
|upkeep
|turn|19
|
|t:|1769342385
|move|p1a: Kingambit|Sucker Punch|p2a: Iron Valiant
|-resisted|p2a: Iron Valiant
|-damage|p2a: Iron Valiant|76/100
|move|p2a: Iron Valiant|Moonblast|p1a: Kingambit
|-damage|p1a: Kingambit|56/100
|
|upkeep
|turn|20
|
|t:|1769342401
|move|p2a: Iron Valiant|Destiny Bond|p2a: Iron Valiant
|-singlemove|p2a: Iron Valiant|Destiny Bond
|move|p1a: Kingambit|Iron Head|p2a: Iron Valiant
|-supereffective|p2a: Iron Valiant
|-damage|p2a: Iron Valiant|0 fnt
|faint|p2a: Iron Valiant
|-activate|p2a: Iron Valiant|move: Destiny Bond
|-end|p2a: Iron Valiant|Quark Drive|[silent]
|faint|p1a: Kingambit
|-end|p1a: Kingambit|fallen5|[silent]
|
|win|kiko5bolas
|raw|jiyurey's rating: 1134 &rarr; <strong>1110</strong><br />(-24 for losing)
|raw|kiko5bolas's rating: 1149 &rarr; <strong>1173</strong><br />(+24 for winning)
|l|☆jiyurey
|player|p1|
