|j|☆zangiefsf
|j|‽bryan_184v
|t:|1769379588
|gametype|singles
|player|p1|zangiefsf|crasherwake|1187
|player|p2|bryan_184v|265|1190
|gen|9
|tier|[Gen 9] OU
|rated|
|rule|HP Percentage Mod: HP is shown in percentages
|rule|Endless Battle Clause: Forcing endless battles is banned
|rule|Species Clause: Limit one of each Pokémon
|rule|OHKO Clause: OHKO moves are banned
|rule|Evasion Items Clause: Evasion items are banned
|rule|Evasion Moves Clause: Evasion moves are banned
|rule|Evasion Abilities Clause: Evasion abilities are banned
|rule|Sleep Moves Clause: Sleep-inducing moves are banned
|clearpoke
|poke|p1|Tentacruel, F|
|poke|p1|Salamence, F|
|poke|p1|Cresselia, F|
|poke|p1|Sceptile, F|
|poke|p1|Dusclops, F|
|poke|p1|Cloyster, M|
|poke|p2|Clefable, F|
|poke|p2|Gengar, F|
|poke|p2|Skarmory, M|
|poke|p2|Donphan, F|
|poke|p2|Umbreon, M|
|poke|p2|Mienshao, F|
|teampreview
|inactive|Battle timer is ON: inactive players will automatically lose when time's up. (requested by zangiefsf)
|c|☆zangiefsf|umbreon my goat!
|
|t:|1769379603
|teamsize|p1|6
|teamsize|p2|6
|start
|switch|p1a: Sceptile|Sceptile, F|100/100
|switch|p2a: Skarmory|Skarmory, M|100/100
|turn|1
|
|t:|1769379611
|switch|p1a: Tentacruel|Tentacruel, F|100/100
|move|p2a: Skarmory|Stealth Rock|p1a: Tentacruel
|-sidestart|p1: zangiefsf|move: Stealth Rock
|
|upkeep
|turn|2
|
|t:|1769379616
|move|p1a: Tentacruel|Rapid Spin|p2a: Skarmory
|-resisted|p2a: Skarmory
|-damage|p2a: Skarmory|98/100
|-boost|p1a: Tentacruel|spe|1
|-sideend|p1: zangiefsf|Stealth Rock|[from] move: Rapid Spin|[of] p1a: Tentacruel
|move|p2a: Skarmory|Spikes|p1a: Tentacruel
|-sidestart|p1: zangiefsf|Spikes
|
|-heal|p2a: Skarmory|100/100|[from] item: Leftovers
|upkeep
|turn|3
|
|t:|1769379625
|switch|p2a: Gengar|Gengar, F|100/100
|move|p1a: Tentacruel|Rapid Spin|p2a: Gengar
|-immune|p2a: Gengar
|
|upkeep
|turn|4
|
|t:|1769379631
|move|p2a: Gengar|Thunderbolt|p1a: Tentacruel
|-supereffective|p1a: Tentacruel
|-damage|p1a: Tentacruel|58/100
|move|p1a: Tentacruel|Hydro Pump|p2a: Gengar
|-damage|p2a: Gengar|20/100
|
|upkeep
|turn|5
|
|t:|1769379637
|move|p2a: Gengar|Thunderbolt|p1a: Tentacruel
|-supereffective|p1a: Tentacruel
|-damage|p1a: Tentacruel|18/100
|move|p1a: Tentacruel|Hydro Pump|p2a: Gengar
|-damage|p2a: Gengar|0 fnt
|faint|p2a: Gengar
|
|upkeep
|
|t:|1769379640
|switch|p2a: Mienshao|Mienshao, F|100/100
|turn|6
|c|☆zangiefsf|heheh
|
|t:|1769379648
|move|p2a: Mienshao|Fake Out|p1a: Tentacruel
|-damage|p1a: Tentacruel|0 fnt
|faint|p1a: Tentacruel
|-damage|p2a: Mienshao|91/100|[from] item: Life Orb
|
|upkeep
|c|☆zangiefsf|i knew it haha
|
|t:|1769379659
|switch|p1a: Sceptile|Sceptile, F|100/100
|-damage|p1a: Sceptile|88/100|[from] Spikes
|turn|7
|
|t:|1769379665
|move|p2a: Mienshao|U-turn|p1a: Sceptile
|-supereffective|p1a: Sceptile
|-damage|p1a: Sceptile|0 fnt
|faint|p1a: Sceptile
|-damage|p2a: Mienshao|81/100|[from] item: Life Orb
|
|t:|1769379669
|switch|p2a: Skarmory|Skarmory, M|100/100|[from] U-turn
|
|upkeep
|c|☆zangiefsf|whatt lol
|
|t:|1769379678
|switch|p1a: Salamence|Salamence, F|100/100
|turn|8
|
|t:|1769379680
|move|p1a: Salamence|Dragon Dance|p1a: Salamence
|-boost|p1a: Salamence|atk|1
|-boost|p1a: Salamence|spe|1
|move|p2a: Skarmory|Spikes|p1a: Salamence
|-sidestart|p1: zangiefsf|Spikes
|
|upkeep
|turn|9
|
|t:|1769379685
|move|p1a: Salamence|Dragon Dance|p1a: Salamence
|-boost|p1a: Salamence|atk|1
|-boost|p1a: Salamence|spe|1
|move|p2a: Skarmory|Stealth Rock|p1a: Salamence
|-sidestart|p1: zangiefsf|move: Stealth Rock
|
|upkeep
|turn|10
|
|t:|1769379690
|move|p1a: Salamence|Temper Flare|p2a: Skarmory
|-supereffective|p2a: Skarmory
|-damage|p2a: Skarmory|34/100
|move|p2a: Skarmory|Whirlwind|p1a: Salamence
|drag|p1a: Cresselia|Cresselia, F|100/100
|-damage|p1a: Cresselia|88/100|[from] Stealth Rock
|
|-heal|p1a: Cresselia|94/100|[from] item: Leftovers
|-heal|p2a: Skarmory|40/100|[from] item: Leftovers
|upkeep
|turn|11
|
|t:|1769379699
|-terastallize|p1a: Cresselia|Electric
|move|p1a: Cresselia|Calm Mind|p1a: Cresselia
|-boost|p1a: Cresselia|spa|1
|-boost|p1a: Cresselia|spd|1
|move|p2a: Skarmory|Spikes|p1a: Cresselia
|-sidestart|p1: zangiefsf|Spikes
|
|-heal|p1a: Cresselia|100/100|[from] item: Leftovers
|-heal|p2a: Skarmory|46/100|[from] item: Leftovers
|upkeep
|turn|12
|
|t:|1769379707
|switch|p2a: Donphan|Donphan, F|100/100
|move|p1a: Cresselia|Ice Beam|p2a: Donphan
|-supereffective|p2a: Donphan
|-damage|p2a: Donphan|5/100
|
|upkeep
|turn|13
|
|t:|1769379713
|move|p1a: Cresselia|Ice Beam|p2a: Donphan
|-supereffective|p2a: Donphan
|-damage|p2a: Donphan|0 fnt
|faint|p2a: Donphan
|
|upkeep
|
|t:|1769379721
|switch|p2a: Umbreon|Umbreon, M|100/100
|turn|14
|
|t:|1769379724
|move|p1a: Cresselia|Calm Mind|p1a: Cresselia
|-boost|p1a: Cresselia|spa|1
|-boost|p1a: Cresselia|spd|1
|move|p2a: Umbreon|Toxic|p1a: Cresselia
|-status|p1a: Cresselia|tox
|
|-damage|p1a: Cresselia|94/100 tox|[from] psn
|upkeep
|turn|15
|
|t:|1769379731
|move|p1a: Cresselia|Calm Mind|p1a: Cresselia
|-boost|p1a: Cresselia|spa|1
|-boost|p1a: Cresselia|spd|1
|move|p2a: Umbreon|Wish|p2a: Umbreon
|
|-heal|p1a: Cresselia|100/100 tox|[from] item: Leftovers
|-damage|p1a: Cresselia|88/100 tox|[from] psn
|upkeep
|turn|16
|
|t:|1769379738
|move|p1a: Cresselia|Ice Beam|p2a: Umbreon
|-damage|p2a: Umbreon|78/100
|move|p2a: Umbreon|Foul Play|p1a: Cresselia
|-damage|p1a: Cresselia|76/100 tox
|
|-heal|p2a: Umbreon|100/100|[from] move: Wish|[wisher] Umbreon
|-heal|p1a: Cresselia|83/100 tox|[from] item: Leftovers
|-damage|p1a: Cresselia|64/100 tox|[from] psn
|upkeep
|turn|17
|
|t:|1769379748
|move|p1a: Cresselia|Calm Mind|p1a: Cresselia
|-boost|p1a: Cresselia|spa|1
|-boost|p1a: Cresselia|spd|1
|move|p2a: Umbreon|Wish|p2a: Umbreon
|
|-heal|p1a: Cresselia|70/100 tox|[from] item: Leftovers
|-damage|p1a: Cresselia|45/100 tox|[from] psn
|upkeep
|turn|18
|
|t:|1769379755
|move|p1a: Cresselia|Moonlight|p1a: Cresselia
|-heal|p1a: Cresselia|95/100 tox
|move|p2a: Umbreon|Wish||[still]
|-fail|p2a: Umbreon
|
|-heal|p1a: Cresselia|100/100 tox|[from] item: Leftovers
|-damage|p1a: Cresselia|69/100 tox|[from] psn
|upkeep
|turn|19
|
|t:|1769379767
|switch|p1a: Cloyster|Cloyster, M|100/100
|-damage|p1a: Cloyster|76/100|[from] Spikes
|-damage|p1a: Cloyster|51/100|[from] Stealth Rock
|move|p2a: Umbreon|Foul Play|p1a: Cloyster
|-damage|p1a: Cloyster|15/100
|
|upkeep
|turn|20
|-message|zangiefsf forfeited.
|
|win|bryan_184v
|raw|zangiefsf's rating: 1187 &rarr; <strong>1162</strong><br />(-25 for losing)
|raw|bryan_184v's rating: 1190 &rarr; <strong>1215</strong><br />(+25 for winning)
|l|☆zangiefsf
|player|p1|
