|j|☆Daddy Ketchum x
|j|☆Oofthisisbad
|t:|1769410654
|gametype|singles
|player|p1|Daddy Ketchum x|unknown|1130
|player|p2|Oofthisisbad|170|1074
|gen|9
|tier|[Gen 9] OU
|rated|
|rule|HP Percentage Mod: HP is shown in percentages
|rule|Endless Battle Clause: Forcing endless battles is banned
|rule|Species Clause: Limit one of each Pokémon
|rule|OHKO Clause: OHKO moves are banned
|rule|Evasion Items Clause: Evasion items are banned
|rule|Evasion Moves Clause: Evasion moves are banned
|rule|Evasion Abilities Clause: Evasion abilities are banned
|rule|Sleep Moves Clause: Sleep-inducing moves are banned
|clearpoke
|poke|p1|Charizard, F|
|poke|p1|Greninja-*, M|
|poke|p1|Pikachu-Original, M|
|poke|p1|Snorlax, M|
|poke|p1|Lucario, M|
|poke|p1|Sceptile, F|
|poke|p2|Fezandipiti, M|
|poke|p2|Comfey, M|
|poke|p2|Toxtricity, F|
|poke|p2|Mimikyu, M|
|poke|p2|Gallade, M|
|poke|p2|Magnezone|
|teampreview
|
|t:|1769410673
|teamsize|p1|6
|teamsize|p2|6
|start
|switch|p1a: Snorlax|Snorlax, M|100/100
|switch|p2a: three bars of hp|Mimikyu, M|100/100
|turn|1
|
|t:|1769410692
|move|p2a: three bars of hp|Substitute|p2a: three bars of hp
|-start|p2a: three bars of hp|Substitute
|-damage|p2a: three bars of hp|76/100
|move|p1a: Snorlax|Heavy Slam|p2a: three bars of hp
|-supereffective|p2a: three bars of hp
|-end|p2a: three bars of hp|Substitute
|
|-heal|p2a: three bars of hp|82/100|[from] item: Leftovers
|upkeep
|turn|2
|
|t:|1769410700
|move|p2a: three bars of hp|Substitute|p2a: three bars of hp
|-start|p2a: three bars of hp|Substitute
|-damage|p2a: three bars of hp|57/100
|move|p1a: Snorlax|Heavy Slam|p2a: three bars of hp
|-supereffective|p2a: three bars of hp
|-end|p2a: three bars of hp|Substitute
|
|-heal|p2a: three bars of hp|63/100|[from] item: Leftovers
|upkeep
|turn|3
|
|t:|1769410707
|move|p2a: three bars of hp|Swords Dance|p2a: three bars of hp
|-boost|p2a: three bars of hp|atk|2
|move|p1a: Snorlax|Heavy Slam|p2a: three bars of hp
|-activate|p2a: three bars of hp|ability: Disguise
|-damage|p2a: three bars of hp|63/100
|detailschange|p2a: three bars of hp|Mimikyu-Busted, M
|-damage|p2a: three bars of hp|51/100|[from] pokemon: Mimikyu-Busted
|
|-heal|p2a: three bars of hp|57/100|[from] item: Leftovers
|upkeep
|turn|4
|
|t:|1769410717
|move|p2a: three bars of hp|Play Rough|p1a: Snorlax
|-damage|p1a: Snorlax|29/100
|move|p1a: Snorlax|Heavy Slam|p2a: three bars of hp
|-supereffective|p2a: three bars of hp
|-damage|p2a: three bars of hp|0 fnt
|faint|p2a: three bars of hp
|
|upkeep
|
|t:|1769410728
|switch|p2a: sheeng sheeng|Gallade, M|100/100
|turn|5
|
|t:|1769410742
|move|p2a: sheeng sheeng|Sacred Sword|p1a: Snorlax
|-supereffective|p1a: Snorlax
|-damage|p1a: Snorlax|0 fnt
|faint|p1a: Snorlax
|
|upkeep
|
|t:|1769410748
|switch|p1a: Charizard|Charizard, F|100/100
|turn|6
|
|t:|1769410756
|switch|p2a: boom|Toxtricity, F|100/100
|move|p1a: Charizard|Inferno|p2a: boom
|-damage|p2a: boom|51/100
|-status|p2a: boom|brn
|
|-damage|p2a: boom|45/100 brn|[from] brn
|upkeep
|turn|7
|
|t:|1769410766
|move|p1a: Charizard|Inferno|p2a: boom
|-damage|p2a: boom|0 fnt
|faint|p2a: boom
|
|upkeep
|
|t:|1769410777
|switch|p2a: sheeng sheeng|Gallade, M|100/100
|turn|8
|
|t:|1769410779
|move|p2a: sheeng sheeng|Aqua Cutter|p1a: Charizard
|-supereffective|p1a: Charizard
|-damage|p1a: Charizard|12/100
|move|p1a: Charizard|Inferno|p2a: sheeng sheeng|[miss]
|-miss|p1a: Charizard|p2a: sheeng sheeng
|
|upkeep
|turn|9
|
|t:|1769410790
|switch|p1a: Sceptile|Sceptile, F|100/100
|move|p2a: sheeng sheeng|Aqua Cutter|p1a: Sceptile
|-resisted|p1a: Sceptile
|-damage|p1a: Sceptile|77/100
|
|-heal|p1a: Sceptile|83/100|[from] item: Leftovers
|upkeep
|turn|10
|
|t:|1769410804
|switch|p2a: dont lemme go last|Magnezone|100/100
|move|p1a: Sceptile|Leaf Storm|p2a: dont lemme go last
|-resisted|p2a: dont lemme go last
|-damage|p2a: dont lemme go last|75/100
|-unboost|p1a: Sceptile|spa|2
|
|-heal|p1a: Sceptile|89/100|[from] item: Leftovers
|upkeep
|turn|11
|
|t:|1769410815
|switch|p1a: Charizard|Charizard, F|12/100
|move|p2a: dont lemme go last|Volt Switch|p1a: Charizard
|-supereffective|p1a: Charizard
|-damage|p1a: Charizard|0 fnt
|faint|p1a: Charizard
|
|t:|1769410830
|switch|p2a: sheeng sheeng|Gallade, M|100/100|[from] Volt Switch
|
|upkeep
|
|t:|1769410847
|switch|p1a: Ash-Greninja|Greninja, M|100/100
|turn|12
|
|t:|1769410858
|move|p1a: Ash-Greninja|Water Shuriken|p2a: sheeng sheeng
|-damage|p2a: sheeng sheeng|94/100
|-damage|p2a: sheeng sheeng|88/100
|-damage|p2a: sheeng sheeng|82/100
|-damage|p2a: sheeng sheeng|77/100
|-damage|p2a: sheeng sheeng|70/100
|-hitcount|p2a: sheeng sheeng|5
|move|p2a: sheeng sheeng|Sacred Sword|p1a: Ash-Greninja
|-supereffective|p1a: Ash-Greninja
|-damage|p1a: Ash-Greninja|0 fnt
|faint|p1a: Ash-Greninja
|
|upkeep
|
|t:|1769410868
|switch|p1a: Pikachu|Pikachu-Original, M|100/100
|turn|13
|
|t:|1769410875
|switch|p2a: dont lemme go last|Magnezone|75/100
|move|p1a: Pikachu|Draining Kiss|p2a: dont lemme go last
|-resisted|p2a: dont lemme go last
|-damage|p2a: dont lemme go last|68/100
|
|upkeep
|turn|14
|
|t:|1769410884
|move|p1a: Pikachu|Thunderbolt|p2a: dont lemme go last
|-resisted|p2a: dont lemme go last
|-damage|p2a: dont lemme go last|49/100
|move|p2a: dont lemme go last|Tri Attack|p1a: Pikachu
|-damage|p1a: Pikachu|0 fnt
|faint|p1a: Pikachu
|
|upkeep
|inactive|Battle timer is ON: inactive players will automatically lose when time's up. (requested by Oofthisisbad)
|inactive|Daddy Ketchum x has 120 seconds left.
|inactive|Daddy Ketchum x has 90 seconds left.
|inactive|Daddy Ketchum x has 60 seconds left.
|inactive|Daddy Ketchum x has 30 seconds left.
|inactive|Daddy Ketchum x has 20 seconds left.
|inactive|Daddy Ketchum x has 15 seconds left.
|inactive|Daddy Ketchum x has 10 seconds left.
|inactive|Daddy Ketchum x has 5 seconds left.
|-message|Daddy Ketchum x lost due to inactivity.
|
|win|Oofthisisbad
|raw|Daddy Ketchum x's rating: 1130 &rarr; <strong>1101</strong><br />(-29 for losing)
|raw|Oofthisisbad's rating: 1074 &rarr; <strong>1108</strong><br />(+34 for winning)
|l|☆Oofthisisbad
|player|p2|
|l|☆Daddy Ketchum x
|player|p1|
