|j|☆Hammez36
|j|☆Gen5OU.AntiMeta
|t:|1769365854
|gametype|singles
|player|p1|Hammez36|1|1270
|player|p2|Gen5OU.AntiMeta|cyrus|1292
|gen|9
|tier|[Gen 9] OU
|rated|
|rule|HP Percentage Mod: HP is shown in percentages
|rule|Endless Battle Clause: Forcing endless battles is banned
|rule|Species Clause: Limit one of each Pokémon
|rule|OHKO Clause: OHKO moves are banned
|rule|Evasion Items Clause: Evasion items are banned
|rule|Evasion Moves Clause: Evasion moves are banned
|rule|Evasion Abilities Clause: Evasion abilities are banned
|rule|Sleep Moves Clause: Sleep-inducing moves are banned
|clearpoke
|poke|p1|Darkrai|
|poke|p1|Iron Crown|
|poke|p1|Quaquaval, F|
|poke|p1|Raging Bolt|
|poke|p1|Florges, F|
|poke|p1|Pecharunt|
|poke|p2|Torkoal, F|
|poke|p2|Slither Wing|
|poke|p2|Raging Bolt|
|poke|p2|Kingambit, M|
|poke|p2|Ogerpon-Wellspring, F|
|poke|p2|Gliscor, M|
|teampreview
|inactive|Battle timer is ON: inactive players will automatically lose when time's up. (requested by Gen5OU.AntiMeta)
|inactive|Gen5OU.AntiMeta has 120 seconds left.
|
|t:|1769365913
|teamsize|p1|6
|teamsize|p2|6
|start
|switch|p1a: Quaquaval|Quaquaval, F|100/100
|switch|p2a: Raging Bolt|Raging Bolt|100/100
|turn|1
|inactive|Hammez36 has 120 seconds left.
|
|t:|1769365951
|switch|p1a: Florges|Florges, F|100/100
|move|p2a: Raging Bolt|Substitute|p2a: Raging Bolt
|-start|p2a: Raging Bolt|Substitute
|-damage|p2a: Raging Bolt|76/100
|
|-heal|p2a: Raging Bolt|82/100|[from] item: Leftovers
|upkeep
|turn|2
|inactive|Hammez36 has 120 seconds left.
|
|t:|1769365958
|move|p1a: Florges|Alluring Voice|p2a: Raging Bolt
|-supereffective|p2a: Raging Bolt
|-damage|p2a: Raging Bolt|27/100
|move|p2a: Raging Bolt|Calm Mind|p2a: Raging Bolt
|-boost|p2a: Raging Bolt|spa|1
|-boost|p2a: Raging Bolt|spd|1
|
|-heal|p2a: Raging Bolt|33/100|[from] item: Leftovers
|upkeep
|turn|3
|inactive|Gen5OU.AntiMeta has 120 seconds left.
|
|t:|1769366004
|move|p2a: Raging Bolt|Thunderclap|p1a: Florges
|-damage|p1a: Florges|67/100
|move|p1a: Florges|Alluring Voice|p2a: Raging Bolt
|-supereffective|p2a: Raging Bolt
|-damage|p2a: Raging Bolt|0 fnt
|faint|p2a: Raging Bolt
|-end|p2a: Raging Bolt|Protosynthesis|[silent]
|
|-heal|p1a: Florges|73/100|[from] item: Leftovers
|upkeep
|inactive|Gen5OU.AntiMeta has 90 seconds left.
|
|t:|1769366028
|switch|p2a: Torkoal|Torkoal, F|100/100
|-weather|SunnyDay|[from] ability: Drought|[of] p2a: Torkoal
|turn|4
|inactive|Hammez36 has 120 seconds left.
|
|t:|1769366062
|switch|p1a: Quaquaval|Quaquaval, F|100/100
|move|p2a: Torkoal|Gyro Ball|p1a: Quaquaval
|-resisted|p1a: Quaquaval
|-damage|p1a: Quaquaval|79/100
|
|-weather|SunnyDay|[upkeep]
|-heal|p1a: Quaquaval|85/100|[from] item: Leftovers
|upkeep
|turn|5
|
|t:|1769366073
|switch|p2a: Ogerpon|Ogerpon-Wellspring, F|100/100
|move|p1a: Quaquaval|Aqua Step|p2a: Ogerpon
|-immune|p2a: Ogerpon|[from] ability: Water Absorb
|
|-weather|SunnyDay|[upkeep]
|-heal|p1a: Quaquaval|91/100|[from] item: Leftovers
|upkeep
|turn|6
|inactive|Gen5OU.AntiMeta has 90 seconds left.
|
|t:|1769366090
|switch|p2a: Gliscor|Gliscor, M|100/100
|move|p1a: Quaquaval|Close Combat|p2a: Gliscor
|-resisted|p2a: Gliscor
|-damage|p2a: Gliscor|79/100
|-unboost|p1a: Quaquaval|def|1
|-unboost|p1a: Quaquaval|spd|1
|
|-weather|SunnyDay|[upkeep]
|-heal|p1a: Quaquaval|98/100|[from] item: Leftovers
|-status|p2a: Gliscor|tox|[from] item: Toxic Orb
|upkeep
|turn|7
|
|t:|1769366100
|move|p1a: Quaquaval|Ice Spinner|p2a: Gliscor
|-supereffective|p2a: Gliscor
|-damage|p2a: Gliscor|0 fnt
|faint|p2a: Gliscor
|-ability|p1a: Quaquaval|Moxie|boost
|-boost|p1a: Quaquaval|atk|1
|
|-weather|SunnyDay|[upkeep]
|-heal|p1a: Quaquaval|100/100|[from] item: Leftovers
|upkeep
|
|t:|1769366109
|switch|p2a: Slither Wing|Slither Wing|100/100
|-activate|p2a: Slither Wing|ability: Protosynthesis
|-start|p2a: Slither Wing|protosynthesisatk
|turn|8
|inactive|Hammez36 has 120 seconds left.
|
|t:|1769366123
|move|p1a: Quaquaval|Aqua Step|p2a: Slither Wing
|-damage|p2a: Slither Wing|61/100
|-boost|p1a: Quaquaval|spe|1
|move|p2a: Slither Wing|Trailblaze|p1a: Quaquaval
|-supereffective|p1a: Quaquaval
|-damage|p1a: Quaquaval|0 fnt
|-boost|p2a: Slither Wing|spe|1
|faint|p1a: Quaquaval
|
|-weather|none
|-end|p2a: Slither Wing|Protosynthesis
|upkeep
|-enditem|p2a: Slither Wing|Booster Energy
|-activate|p2a: Slither Wing|ability: Protosynthesis|[fromitem]
|-start|p2a: Slither Wing|protosynthesisatk
|
|t:|1769366151
|switch|p1a: Pecharunt|Pecharunt|100/100
|turn|9
|
|t:|1769366163
|move|p2a: Slither Wing|Acrobatics|p1a: Pecharunt
|-damage|p1a: Pecharunt|74/100
|move|p1a: Pecharunt|Foul Play|p2a: Slither Wing
|-resisted|p2a: Slither Wing
|-damage|p2a: Slither Wing|37/100
|
|upkeep
|turn|10
|inactive|Gen5OU.AntiMeta has 120 seconds left.
|
|t:|1769366185
|-end|p2a: Slither Wing|Protosynthesis|[silent]
|switch|p2a: Torkoal|Torkoal, F|100/100
|-weather|SunnyDay|[from] ability: Drought|[of] p2a: Torkoal
|move|p1a: Pecharunt|Malignant Chain|p2a: Torkoal
|-damage|p2a: Torkoal|80/100
|
|-weather|SunnyDay|[upkeep]
|upkeep
|turn|11
|
|t:|1769366196
|move|p1a: Pecharunt|Recover|p1a: Pecharunt
|-heal|p1a: Pecharunt|100/100
|move|p2a: Torkoal|Earthquake|p1a: Pecharunt
|-supereffective|p1a: Pecharunt
|-damage|p1a: Pecharunt|80/100
|
|-weather|SunnyDay|[upkeep]
|upkeep
|turn|12
|
|t:|1769366215
|move|p1a: Pecharunt|Malignant Chain|p2a: Torkoal
|-damage|p2a: Torkoal|59/100
|-status|p2a: Torkoal|tox
|-start|p2a: Torkoal|confusion|[from] ability: Poison Puppeteer|[of] p1a: Pecharunt
|-activate|p2a: Torkoal|confusion
|move|p2a: Torkoal|Overheat|p1a: Pecharunt
|-damage|p1a: Pecharunt|19/100
|-unboost|p2a: Torkoal|spa|2
|
|-weather|SunnyDay|[upkeep]
|-damage|p2a: Torkoal|53/100 tox|[from] psn
|upkeep
|turn|13
|
|t:|1769366226
|switch|p2a: Kingambit|Kingambit, M|100/100
|-activate|p2a: Kingambit|ability: Supreme Overlord
|-start|p2a: Kingambit|fallen2|[silent]
|move|p1a: Pecharunt|Recover|p1a: Pecharunt
|-heal|p1a: Pecharunt|69/100
|
|-weather|SunnyDay|[upkeep]
|upkeep
|turn|14
|inactive|Hammez36 has 90 seconds left.
|
|t:|1769366270
|switch|p1a: Raging Bolt|Raging Bolt|100/100
|-activate|p1a: Raging Bolt|ability: Protosynthesis
|-start|p1a: Raging Bolt|protosynthesisspa
|move|p2a: Kingambit|Swords Dance|p2a: Kingambit
|-boost|p2a: Kingambit|atk|2
|
|-weather|none
|-end|p1a: Raging Bolt|Protosynthesis
|upkeep
|turn|15
|inactive|Hammez36 has 60 seconds left.
|
|t:|1769366286
|-terastallize|p2a: Kingambit|Dark
|move|p1a: Raging Bolt|Thunderbolt|p2a: Kingambit
|-damage|p2a: Kingambit|49/100
|move|p2a: Kingambit|Kowtow Cleave|p1a: Raging Bolt
|-damage|p1a: Raging Bolt|0 fnt
|faint|p1a: Raging Bolt
|-end|p1a: Raging Bolt|Protosynthesis|[silent]
|-damage|p2a: Kingambit|39/100|[from] item: Life Orb
|
|upkeep
|inactive|Hammez36 has 60 seconds left.
|
|t:|1769366303
|switch|p1a: Iron Crown|Iron Crown|100/100
|-enditem|p1a: Iron Crown|Booster Energy
|-activate|p1a: Iron Crown|ability: Quark Drive|[fromitem]
|-start|p1a: Iron Crown|quarkdrivespe
|turn|16
|
|t:|1769366311
|move|p2a: Kingambit|Sucker Punch|p1a: Iron Crown
|-supereffective|p1a: Iron Crown
|-damage|p1a: Iron Crown|0 fnt
|faint|p1a: Iron Crown
|-end|p1a: Iron Crown|Quark Drive|[silent]
|-damage|p2a: Kingambit|29/100|[from] item: Life Orb
|
|upkeep
|
|t:|1769366318
|switch|p1a: Darkrai|Darkrai, shiny|100/100
|turn|17
|
|t:|1769366322
|move|p2a: Kingambit|Sucker Punch||[still]
|-fail|p2a: Kingambit
|move|p1a: Darkrai|Substitute|p1a: Darkrai
|-start|p1a: Darkrai|Substitute
|-damage|p1a: Darkrai|76/100
|
|-heal|p1a: Darkrai|82/100|[from] item: Leftovers
|upkeep
|turn|18
|
|t:|1769366329
|move|p2a: Kingambit|Sucker Punch||[still]
|-fail|p2a: Kingambit
|move|p1a: Darkrai|Nasty Plot|p1a: Darkrai
|-boost|p1a: Darkrai|spa|2
|
|-heal|p1a: Darkrai|88/100|[from] item: Leftovers
|upkeep
|turn|19
|-message|Gen5OU.AntiMeta forfeited.
|
|win|Hammez36
|raw|Hammez36's rating: 1270 &rarr; <strong>1297</strong><br />(+27 for winning)
|raw|Gen5OU.AntiMeta's rating: 1292 &rarr; <strong>1265</strong><br />(-27 for losing)
|l|☆Gen5OU.AntiMeta
|player|p2|
