|j|☆desu nathan
|j|☆Unskilled2004
|t:|1769296142
|gametype|singles
|player|p1|desu nathan|101|1599
|player|p2|Unskilled2004|170|1678
|gen|9
|tier|[Gen 9] OU
|rated|
|rule|HP Percentage Mod: HP is shown in percentages
|rule|Endless Battle Clause: Forcing endless battles is banned
|rule|Species Clause: Limit one of each Pokémon
|rule|OHKO Clause: OHKO moves are banned
|rule|Evasion Items Clause: Evasion items are banned
|rule|Evasion Moves Clause: Evasion moves are banned
|rule|Evasion Abilities Clause: Evasion abilities are banned
|rule|Sleep Moves Clause: Sleep-inducing moves are banned
|clearpoke
|poke|p1|Garganacl, F|
|poke|p1|Darkrai|
|poke|p1|Great Tusk|
|poke|p1|Hatterene, F|
|poke|p1|Tornadus-Therian, M|
|poke|p1|Dragonite, M|
|poke|p2|Lokix, M|
|poke|p2|Great Tusk|
|poke|p2|Garganacl, F|
|poke|p2|Dragapult, M|
|poke|p2|Pecharunt|
|poke|p2|Heatran, M|
|teampreview
|inactive|Battle timer is ON: inactive players will automatically lose when time's up. (requested by Unskilled2004)
|
|t:|1769296162
|teamsize|p1|6
|teamsize|p2|6
|start
|switch|p1a: Garganacl|Garganacl, F|100/100
|switch|p2a: Pecharunt|Pecharunt|100/100
|turn|1
|
|t:|1769296165
|move|p2a: Pecharunt|Malignant Chain|p1a: Garganacl
|-resisted|p1a: Garganacl
|-damage|p1a: Garganacl|90/100
|move|p1a: Garganacl|Stealth Rock|p2a: Pecharunt
|-sidestart|p2: Unskilled2004|move: Stealth Rock
|
|-heal|p1a: Garganacl|96/100|[from] item: Leftovers
|upkeep
|turn|2
|
|t:|1769296173
|move|p2a: Pecharunt|Parting Shot|p1a: Garganacl
|-unboost|p1a: Garganacl|atk|1
|-unboost|p1a: Garganacl|spa|1
|
|t:|1769296179
|switch|p2a: Garganacl|Garganacl, F|100/100|[from] Parting Shot
|-damage|p2a: Garganacl|88/100|[from] Stealth Rock
|move|p1a: Garganacl|Salt Cure|p2a: Garganacl
|-damage|p2a: Garganacl|81/100
|-start|p2a: Garganacl|Salt Cure
|
|-heal|p1a: Garganacl|100/100|[from] item: Leftovers
|-heal|p2a: Garganacl|88/100|[from] item: Leftovers
|-damage|p2a: Garganacl|75/100|[from] Salt Cure
|upkeep
|turn|3
|inactive|desu nathan has 120 seconds left.
|
|t:|1769296219
|move|p1a: Garganacl|Salt Cure|p2a: Garganacl
|-crit|p2a: Garganacl
|-damage|p2a: Garganacl|62/100
|move|p2a: Garganacl|Salt Cure|p1a: Garganacl
|-crit|p1a: Garganacl
|-damage|p1a: Garganacl|88/100
|-start|p1a: Garganacl|Salt Cure
|
|-heal|p1a: Garganacl|94/100|[from] item: Leftovers
|-heal|p2a: Garganacl|69/100|[from] item: Leftovers
|-damage|p1a: Garganacl|81/100|[from] Salt Cure
|-damage|p2a: Garganacl|56/100|[from] Salt Cure
|upkeep
|turn|4
|
|t:|1769296231
|switch|p1a: Great Tusk|Great Tusk|100/100
|-enditem|p1a: Great Tusk|Booster Energy
|-activate|p1a: Great Tusk|ability: Protosynthesis|[fromitem]
|-start|p1a: Great Tusk|protosynthesisatk
|move|p2a: Garganacl|Stealth Rock|p1a: Great Tusk
|-sidestart|p1: desu nathan|move: Stealth Rock
|
|-heal|p2a: Garganacl|62/100|[from] item: Leftovers
|-damage|p2a: Garganacl|50/100|[from] Salt Cure
|upkeep
|turn|5
|inactive|desu nathan has 120 seconds left.
|
|t:|1769296252
|move|p1a: Great Tusk|Headlong Rush|p2a: Garganacl
|-supereffective|p2a: Garganacl
|-damage|p2a: Garganacl|0 fnt
|-unboost|p1a: Great Tusk|def|1
|-unboost|p1a: Great Tusk|spd|1
|faint|p2a: Garganacl
|
|upkeep
|l|☆Unskilled2004
|inactive|Unskilled2004 disconnected and has a minute to reconnect!
|player|p2|
|j|☆Unskilled2004
|inactive|Unskilled2004 reconnected and has 125 seconds left.
|player|p2|Unskilled2004|170|
|
|t:|1769296265
|switch|p2a: Dragapult|Dragapult, M|100/100
|-damage|p2a: Dragapult|88/100|[from] Stealth Rock
|turn|6
|
|t:|1769296275
|-end|p1a: Great Tusk|Protosynthesis|[silent]
|switch|p1a: Garganacl|Garganacl, F|81/100
|-damage|p1a: Garganacl|69/100|[from] Stealth Rock
|move|p2a: Dragapult|Shadow Ball|p1a: Garganacl
|-damage|p1a: Garganacl|52/100
|-unboost|p1a: Garganacl|spd|1
|
|-heal|p1a: Garganacl|58/100|[from] item: Leftovers
|upkeep
|turn|7
|
|t:|1769296286
|switch|p2a: Great Tusk|Great Tusk|100/100
|move|p1a: Garganacl|Salt Cure|p2a: Great Tusk
|-resisted|p2a: Great Tusk
|-damage|p2a: Great Tusk|98/100
|-start|p2a: Great Tusk|Salt Cure
|
|-heal|p1a: Garganacl|64/100|[from] item: Leftovers
|-damage|p2a: Great Tusk|86/100|[from] Salt Cure
|upkeep
|turn|8
|
|t:|1769296293
|switch|p1a: Tornadus|Tornadus-Therian, M, shiny|100/100
|-damage|p1a: Tornadus|76/100|[from] Stealth Rock
|move|p2a: Great Tusk|Knock Off|p1a: Tornadus
|-damage|p1a: Tornadus|38/100
|-enditem|p1a: Tornadus|Assault Vest|[from] move: Knock Off|[of] p2a: Great Tusk
|
|-damage|p2a: Great Tusk|73/100|[from] Salt Cure
|upkeep
|turn|9
|
|t:|1769296298
|-end|p2a: Great Tusk|Protosynthesis|[silent]
|switch|p2a: Heatran|Heatran, M|100/100
|-damage|p2a: Heatran|88/100|[from] Stealth Rock
|move|p1a: Tornadus|Bleakwind Storm|p2a: Heatran
|-resisted|p2a: Heatran
|-damage|p2a: Heatran|76/100
|
|-heal|p2a: Heatran|82/100|[from] item: Leftovers
|upkeep
|turn|10
|
|t:|1769296311
|move|p1a: Tornadus|U-turn|p2a: Heatran
|-resisted|p2a: Heatran
|-damage|p2a: Heatran|79/100
|
|t:|1769296315
|switch|p1a: Garganacl|Garganacl, F|64/100|[from] U-turn
|-damage|p1a: Garganacl|52/100|[from] Stealth Rock
|move|p2a: Heatran|Magma Storm|p1a: Garganacl|[miss]
|-miss|p2a: Heatran|p1a: Garganacl
|
|-heal|p2a: Heatran|85/100|[from] item: Leftovers
|-heal|p1a: Garganacl|58/100|[from] item: Leftovers
|upkeep
|turn|11
|
|t:|1769296327
|move|p1a: Garganacl|Protect|p1a: Garganacl
|-singleturn|p1a: Garganacl|Protect
|move|p2a: Heatran|Earth Power|p1a: Garganacl
|-activate|p1a: Garganacl|move: Protect
|
|-heal|p2a: Heatran|91/100|[from] item: Leftovers
|-heal|p1a: Garganacl|64/100|[from] item: Leftovers
|upkeep
|turn|12
|
|t:|1769296333
|move|p2a: Heatran|Earth Power|p1a: Garganacl
|-supereffective|p1a: Garganacl
|-damage|p1a: Garganacl|27/100
|move|p1a: Garganacl|Salt Cure|p2a: Heatran
|-damage|p2a: Heatran|81/100
|-start|p2a: Heatran|Salt Cure
|
|-heal|p2a: Heatran|87/100|[from] item: Leftovers
|-heal|p1a: Garganacl|33/100|[from] item: Leftovers
|-damage|p2a: Heatran|62/100|[from] Salt Cure
|upkeep
|turn|13
|
|t:|1769296338
|switch|p2a: Great Tusk|Great Tusk|73/100
|move|p1a: Garganacl|Recover|p1a: Garganacl
|-heal|p1a: Garganacl|83/100
|
|-heal|p1a: Garganacl|89/100|[from] item: Leftovers
|upkeep
|turn|14
|
|t:|1769296354
|switch|p1a: Hatterene|Hatterene, F|100/100
|-damage|p1a: Hatterene|88/100|[from] Stealth Rock
|move|p2a: Great Tusk|Headlong Rush|p1a: Hatterene
|-damage|p1a: Hatterene|40/100
|-unboost|p2a: Great Tusk|def|1
|-unboost|p2a: Great Tusk|spd|1
|-damage|p2a: Great Tusk|57/100|[from] item: Rocky Helmet|[of] p1a: Hatterene
|
|upkeep
|turn|15
|
|t:|1769296378
|switch|p1a: Dragonite|Dragonite, M|100/100
|-damage|p1a: Dragonite|76/100|[from] Stealth Rock
|move|p2a: Great Tusk|Headlong Rush|p1a: Dragonite
|-immune|p1a: Dragonite
|
|upkeep
|turn|16
|
|t:|1769296385
|move|p1a: Dragonite|Extreme Speed|p2a: Great Tusk
|-damage|p2a: Great Tusk|17/100
|move|p2a: Great Tusk|Ice Spinner|p1a: Dragonite
|-supereffective|p1a: Dragonite
|-damage|p1a: Dragonite|0 fnt
|faint|p1a: Dragonite
|
|upkeep
|
|t:|1769296393
|switch|p1a: Darkrai|Darkrai|100/100
|-damage|p1a: Darkrai|88/100|[from] Stealth Rock
|turn|17
|
|t:|1769296396
|-end|p2a: Great Tusk|Protosynthesis|[silent]
|switch|p2a: Heatran|Heatran, M|62/100
|-damage|p2a: Heatran|49/100|[from] Stealth Rock
|move|p1a: Darkrai|Dark Pulse|p2a: Heatran
|-damage|p2a: Heatran|11/100
|
|-heal|p2a: Heatran|17/100|[from] item: Leftovers
|upkeep
|turn|18
|
|t:|1769296401
|move|p2a: Heatran|Protect|p2a: Heatran
|-singleturn|p2a: Heatran|Protect
|move|p1a: Darkrai|Dark Pulse|p2a: Heatran
|-activate|p2a: Heatran|move: Protect
|
|-heal|p2a: Heatran|24/100|[from] item: Leftovers
|upkeep
|turn|19
|
|t:|1769296404
|move|p1a: Darkrai|Dark Pulse|p2a: Heatran
|-damage|p2a: Heatran|0 fnt
|faint|p2a: Heatran
|
|upkeep
|
|t:|1769296405
|switch|p2a: Lokix|Lokix, M|100/100
|-damage|p2a: Lokix|75/100|[from] Stealth Rock
|turn|20
|
|t:|1769296413
|switch|p1a: Hatterene|Hatterene, F|40/100
|-damage|p1a: Hatterene|27/100|[from] Stealth Rock
|move|p2a: Lokix|U-turn|p1a: Hatterene
|-crit|p1a: Hatterene
|-damage|p1a: Hatterene|0 fnt
|-damage|p2a: Lokix|59/100|[from] item: Rocky Helmet|[of] p1a: Hatterene
|faint|p1a: Hatterene
|
|t:|1769296422
|switch|p2a: Dragapult|Dragapult, M|88/100|[from] U-turn
|-damage|p2a: Dragapult|76/100|[from] Stealth Rock
|
|upkeep
|
|t:|1769296426
|switch|p1a: Garganacl|Garganacl, F|89/100
|-damage|p1a: Garganacl|77/100|[from] Stealth Rock
|turn|21
|
|t:|1769296430
|move|p2a: Dragapult|Draco Meteor|p1a: Garganacl|[miss]
|-miss|p2a: Dragapult|p1a: Garganacl
|move|p1a: Garganacl|Salt Cure|p2a: Dragapult
|-damage|p2a: Dragapult|57/100
|-start|p2a: Dragapult|Salt Cure
|
|-heal|p1a: Garganacl|83/100|[from] item: Leftovers
|-damage|p2a: Dragapult|45/100|[from] Salt Cure
|upkeep
|turn|22
|
|t:|1769296437
|switch|p2a: Pecharunt|Pecharunt|100/100
|move|p1a: Garganacl|Salt Cure|p2a: Pecharunt
|-damage|p2a: Pecharunt|94/100
|-start|p2a: Pecharunt|Salt Cure
|
|-heal|p1a: Garganacl|89/100|[from] item: Leftovers
|-damage|p2a: Pecharunt|82/100|[from] Salt Cure
|upkeep
|turn|23
|
|t:|1769296445
|move|p2a: Pecharunt|Parting Shot|p1a: Garganacl
|-unboost|p1a: Garganacl|atk|1
|-unboost|p1a: Garganacl|spa|1
|
|t:|1769296450
|switch|p2a: Lokix|Lokix, M|59/100|[from] Parting Shot
|-damage|p2a: Lokix|34/100|[from] Stealth Rock
|move|p1a: Garganacl|Salt Cure|p2a: Lokix
|-supereffective|p2a: Lokix
|-damage|p2a: Lokix|6/100
|-start|p2a: Lokix|Salt Cure
|
|-heal|p1a: Garganacl|95/100|[from] item: Leftovers
|-damage|p2a: Lokix|0 fnt|[from] Salt Cure
|faint|p2a: Lokix
|upkeep
|
|t:|1769296453
|switch|p2a: Great Tusk|Great Tusk|17/100
|turn|24
|
|t:|1769296459
|switch|p1a: Great Tusk|Great Tusk|100/100
|-damage|p1a: Great Tusk|98/100|[from] Stealth Rock
|move|p2a: Great Tusk|Rapid Spin|p1a: Great Tusk
|-damage|p1a: Great Tusk|84/100
|-boost|p2a: Great Tusk|spe|1
|-sideend|p2: Unskilled2004|Stealth Rock|[from] move: Rapid Spin|[of] p2a: Great Tusk
|
|upkeep
|turn|25
|
|t:|1769296474
|move|p2a: Great Tusk|Headlong Rush|p1a: Great Tusk
|-damage|p1a: Great Tusk|36/100
|-unboost|p2a: Great Tusk|def|1
|-unboost|p2a: Great Tusk|spd|1
|move|p1a: Great Tusk|Ice Spinner|p2a: Great Tusk
|-supereffective|p2a: Great Tusk
|-crit|p2a: Great Tusk
|-damage|p2a: Great Tusk|0 fnt
|faint|p2a: Great Tusk
|-end|p2a: Great Tusk|Protosynthesis|[silent]
|
|upkeep
|
|t:|1769296483
|switch|p2a: Dragapult|Dragapult, M|45/100
|turn|26
|
|t:|1769296486
|move|p2a: Dragapult|Shadow Ball|p1a: Great Tusk
|-damage|p1a: Great Tusk|0 fnt
|faint|p1a: Great Tusk
|-end|p1a: Great Tusk|Protosynthesis|[silent]
|
|upkeep
|
|t:|1769296489
|switch|p1a: Garganacl|Garganacl, F|95/100
|-damage|p1a: Garganacl|83/100|[from] Stealth Rock
|turn|27
|
|t:|1769296497
|-terastallize|p2a: Dragapult|Ghost
|move|p2a: Dragapult|Shadow Ball|p1a: Garganacl
|-damage|p1a: Garganacl|60/100
|move|p1a: Garganacl|Salt Cure|p2a: Dragapult
|-damage|p2a: Dragapult|27/100
|-start|p2a: Dragapult|Salt Cure
|
|-heal|p1a: Garganacl|66/100|[from] item: Leftovers
|-damage|p2a: Dragapult|14/100|[from] Salt Cure
|upkeep
|turn|28
|
|t:|1769296504
|move|p2a: Dragapult|Shadow Ball|p1a: Garganacl
|-damage|p1a: Garganacl|41/100
|move|p1a: Garganacl|Recover|p1a: Garganacl
|-heal|p1a: Garganacl|91/100
|
|-heal|p1a: Garganacl|97/100|[from] item: Leftovers
|-damage|p2a: Dragapult|2/100|[from] Salt Cure
|upkeep
|turn|29
|
|t:|1769296507
|move|p1a: Garganacl|Protect|p1a: Garganacl
|-singleturn|p1a: Garganacl|Protect
|move|p2a: Dragapult|Shadow Ball|p1a: Garganacl
|-activate|p1a: Garganacl|move: Protect
|
|-heal|p1a: Garganacl|100/100|[from] item: Leftovers
|-damage|p2a: Dragapult|0 fnt|[from] Salt Cure
|faint|p2a: Dragapult
|upkeep
|
|t:|1769296510
|switch|p2a: Pecharunt|Pecharunt|82/100
|turn|30
|
|t:|1769296513
|move|p2a: Pecharunt|Malignant Chain|p1a: Garganacl
|-resisted|p1a: Garganacl
|-damage|p1a: Garganacl|91/100
|move|p1a: Garganacl|Salt Cure|p2a: Pecharunt
|-damage|p2a: Pecharunt|75/100
|-start|p2a: Pecharunt|Salt Cure
|
|-heal|p1a: Garganacl|97/100|[from] item: Leftovers
|-damage|p2a: Pecharunt|63/100|[from] Salt Cure
|upkeep
|turn|31
|
|t:|1769296517
|move|p2a: Pecharunt|Malignant Chain|p1a: Garganacl
|-resisted|p1a: Garganacl
|-damage|p1a: Garganacl|87/100
|move|p1a: Garganacl|Salt Cure|p2a: Pecharunt
|-damage|p2a: Pecharunt|56/100
|
|-heal|p1a: Garganacl|93/100|[from] item: Leftovers
|-damage|p2a: Pecharunt|43/100|[from] Salt Cure
|upkeep
|turn|32
|
|t:|1769296527
|switch|p1a: Darkrai|Darkrai|88/100
|-damage|p1a: Darkrai|76/100|[from] Stealth Rock
|move|p2a: Pecharunt|Malignant Chain|p1a: Darkrai
|-damage|p1a: Darkrai|35/100
|-status|p1a: Darkrai|tox
|-start|p1a: Darkrai|confusion|[from] ability: Poison Puppeteer|[of] p2a: Pecharunt
|
|-damage|p1a: Darkrai|29/100 tox|[from] psn
|-damage|p2a: Pecharunt|31/100|[from] Salt Cure
|upkeep
|turn|33
|
|t:|1769296531
|-activate|p1a: Darkrai|confusion
|-damage|p1a: Darkrai|20/100 tox|[from] confusion
|move|p2a: Pecharunt|Foul Play|p1a: Darkrai
|-resisted|p1a: Darkrai
|-damage|p1a: Darkrai|10/100 tox
|
|-damage|p1a: Darkrai|0 fnt|[from] psn
|faint|p1a: Darkrai
|-damage|p2a: Pecharunt|19/100|[from] Salt Cure
|upkeep
|
|t:|1769296535
|switch|p1a: Garganacl|Garganacl, F|93/100
|-damage|p1a: Garganacl|81/100|[from] Stealth Rock
|turn|34
|
|t:|1769296538
|move|p2a: Pecharunt|Recover|p2a: Pecharunt
|-heal|p2a: Pecharunt|69/100
|move|p1a: Garganacl|Salt Cure|p2a: Pecharunt
|-damage|p2a: Pecharunt|62/100
|
|-heal|p1a: Garganacl|87/100|[from] item: Leftovers
|-damage|p2a: Pecharunt|50/100|[from] Salt Cure
|upkeep
|turn|35
|
|t:|1769296542
|move|p2a: Pecharunt|Foul Play|p1a: Garganacl
|-damage|p1a: Garganacl|74/100
|move|p1a: Garganacl|Stealth Rock|p2a: Pecharunt
|-sidestart|p2: Unskilled2004|move: Stealth Rock
|
|-heal|p1a: Garganacl|80/100|[from] item: Leftovers
|-damage|p2a: Pecharunt|37/100|[from] Salt Cure
|upkeep
|turn|36
|
|t:|1769296546
|move|p2a: Pecharunt|Recover|p2a: Pecharunt
|-heal|p2a: Pecharunt|87/100
|move|p1a: Garganacl|Stealth Rock||[still]
|-fail|p1a: Garganacl
|
|-heal|p1a: Garganacl|86/100|[from] item: Leftovers
|-damage|p2a: Pecharunt|75/100|[from] Salt Cure
|upkeep
|turn|37
|
|t:|1769296552
|move|p2a: Pecharunt|Foul Play|p1a: Garganacl
|-damage|p1a: Garganacl|71/100
|move|p1a: Garganacl|Stealth Rock||[still]
|-fail|p1a: Garganacl
|
|-heal|p1a: Garganacl|77/100|[from] item: Leftovers
|-damage|p2a: Pecharunt|63/100|[from] Salt Cure
|upkeep
|turn|38
|
|t:|1769296557
|move|p2a: Pecharunt|Foul Play|p1a: Garganacl
|-damage|p1a: Garganacl|62/100
|move|p1a: Garganacl|Stealth Rock||[still]
|-fail|p1a: Garganacl
|
|-heal|p1a: Garganacl|68/100|[from] item: Leftovers
|-damage|p2a: Pecharunt|50/100|[from] Salt Cure
|upkeep
|turn|39
|
|t:|1769296559
|move|p2a: Pecharunt|Foul Play|p1a: Garganacl
|-damage|p1a: Garganacl|55/100
|move|p1a: Garganacl|Stealth Rock||[still]
|-fail|p1a: Garganacl
|
|-heal|p1a: Garganacl|61/100|[from] item: Leftovers
|-damage|p2a: Pecharunt|38/100|[from] Salt Cure
|upkeep
|turn|40
|
|t:|1769296563
|move|p2a: Pecharunt|Foul Play|p1a: Garganacl
|-damage|p1a: Garganacl|47/100
|move|p1a: Garganacl|Stealth Rock||[still]
|-fail|p1a: Garganacl
|
|-heal|p1a: Garganacl|53/100|[from] item: Leftovers
|-damage|p2a: Pecharunt|25/100|[from] Salt Cure
|upkeep
|turn|41
|
|t:|1769296570
|move|p2a: Pecharunt|Recover|p2a: Pecharunt
|-heal|p2a: Pecharunt|75/100
|move|p1a: Garganacl|Stealth Rock||[still]
|-fail|p1a: Garganacl
|
|-heal|p1a: Garganacl|59/100|[from] item: Leftovers
|-damage|p2a: Pecharunt|63/100|[from] Salt Cure
|upkeep
|turn|42
|
|t:|1769296576
|move|p2a: Pecharunt|Foul Play|p1a: Garganacl
|-damage|p1a: Garganacl|44/100
|move|p1a: Garganacl|Stealth Rock||[still]
|-fail|p1a: Garganacl
|
|-heal|p1a: Garganacl|50/100|[from] item: Leftovers
|-damage|p2a: Pecharunt|51/100|[from] Salt Cure
|upkeep
|turn|43
|
|t:|1769296579
|move|p2a: Pecharunt|Foul Play|p1a: Garganacl
|-damage|p1a: Garganacl|35/100
|move|p1a: Garganacl|Stealth Rock||[still]
|-fail|p1a: Garganacl
|
|-heal|p1a: Garganacl|41/100|[from] item: Leftovers
|-damage|p2a: Pecharunt|38/100|[from] Salt Cure
|upkeep
|turn|44
|
|t:|1769296584
|move|p2a: Pecharunt|Foul Play|p1a: Garganacl
|-damage|p1a: Garganacl|26/100
|move|p1a: Garganacl|Recover|p1a: Garganacl
|-heal|p1a: Garganacl|76/100
|
|-heal|p1a: Garganacl|82/100|[from] item: Leftovers
|-damage|p2a: Pecharunt|26/100|[from] Salt Cure
|upkeep
|turn|45
|
|t:|1769296588
|move|p2a: Pecharunt|Foul Play|p1a: Garganacl
|-damage|p1a: Garganacl|68/100
|move|p1a: Garganacl|Stealth Rock||[still]
|-fail|p1a: Garganacl
|
|-heal|p1a: Garganacl|75/100|[from] item: Leftovers
|-damage|p2a: Pecharunt|14/100|[from] Salt Cure
|upkeep
|turn|46
|
|t:|1769296595
|move|p2a: Pecharunt|Foul Play|p1a: Garganacl
|-damage|p1a: Garganacl|59/100
|move|p1a: Garganacl|Stealth Rock||[still]
|-fail|p1a: Garganacl
|
|-heal|p1a: Garganacl|65/100|[from] item: Leftovers
|-damage|p2a: Pecharunt|1/100|[from] Salt Cure
|upkeep
|turn|47
|
|t:|1769296598
|move|p2a: Pecharunt|Malignant Chain|p1a: Garganacl
|-resisted|p1a: Garganacl
|-damage|p1a: Garganacl|55/100
|move|p1a: Garganacl|Stealth Rock||[still]
|-fail|p1a: Garganacl
|
|-heal|p1a: Garganacl|61/100|[from] item: Leftovers
|-damage|p2a: Pecharunt|0 fnt|[from] Salt Cure
|faint|p2a: Pecharunt
|
|win|desu nathan
|raw|desu nathan's rating: 1599 &rarr; <strong>1623</strong><br />(+24 for winning)
|raw|Unskilled2004's rating: 1678 &rarr; <strong>1654</strong><br />(-24 for losing)
|l|☆desu nathan
|player|p1|
|l|‽Unskilled2004
|player|p2|
|j|‽Unskilled2004
|player|p2|Unskilled2004|170|
|n|‽Unskilled2004|unskilled2004
