|badge|p1|bronze|gen9ou|100-8
|uhtml|medal-msg|<div class="broadcast-blue">Curious what those medals under the avatar are? PS now has Ladder Seasons! For more information, check out the <a href="https://www.smogon.com/forums/threads/3740067/">thread on Smogon.</a></div>
|j|☆noob1877 test
|j|☆poopseydoopsey
|t:|1769371615
|gametype|singles
|player|p1|noob1877 test|1|1838
|player|p2|poopseydoopsey|hiker-gen6|1836
|gen|9
|tier|[Gen 9] OU
|rated|
|rule|HP Percentage Mod: HP is shown in percentages
|rule|Endless Battle Clause: Forcing endless battles is banned
|rule|Species Clause: Limit one of each Pokémon
|rule|OHKO Clause: OHKO moves are banned
|rule|Evasion Items Clause: Evasion items are banned
|rule|Evasion Moves Clause: Evasion moves are banned
|rule|Evasion Abilities Clause: Evasion abilities are banned
|rule|Sleep Moves Clause: Sleep-inducing moves are banned
|clearpoke
|poke|p1|Kyurem|
|poke|p1|Pawmot, M|
|poke|p1|Cresselia, F|
|poke|p1|Alomomola, M|
|poke|p1|Tornadus-Therian, M|
|poke|p1|Cinderace, F|
|poke|p2|Dragapult, M|
|poke|p2|Samurott-Hisui, F|
|poke|p2|Dragonite, M|
|poke|p2|Great Tusk|
|poke|p2|Rillaboom, F|
|poke|p2|Heatran, F|
|teampreview
|inactive|Battle timer is ON: inactive players will automatically lose when time's up. (requested by poopseydoopsey)
|j| boiabarabba
|
|t:|1769371634
|teamsize|p1|6
|teamsize|p2|6
|start
|switch|p1a: Kyurem|Kyurem|100/100
|switch|p2a: Dragapult|Dragapult, M|100/100
|-ability|p1a: Kyurem|Pressure
|turn|1
|j| shedtailhater
|
|t:|1769371663
|move|p1a: Kyurem|Protect|p1a: Kyurem
|-singleturn|p1a: Kyurem|Protect
|move|p2a: Dragapult|Draco Meteor|p1a: Kyurem
|-activate|p1a: Kyurem|move: Protect
|
|upkeep
|turn|2
|
|t:|1769371672
|switch|p1a: Tornadus|Tornadus-Therian, M|100/100
|move|p2a: Dragapult|Shadow Ball|p1a: Tornadus
|-damage|p1a: Tornadus|68/100
|-damage|p2a: Dragapult|91/100|[from] item: Life Orb
|
|upkeep
|turn|3
|inactive|noob1877 test has 120 seconds left.
|
|t:|1769371709
|-terastallize|p2a: Dragapult|Dragon
|move|p2a: Dragapult|Dragon Darts|p1a: Tornadus
|-damage|p1a: Tornadus|31/100
|-anim|p2a: Dragapult|Dragon Darts|p1a: Tornadus
|-damage|p1a: Tornadus|0 fnt
|faint|p1a: Tornadus
|-damage|p2a: Dragapult|81/100|[from] item: Life Orb
|
|upkeep
|
|t:|1769371715
|switch|p1a: Cresselia|Cresselia, F|100/100
|turn|4
|inactive|noob1877 test has 120 seconds left.
|
|t:|1769371731
|switch|p2a: Samurott|Samurott-Hisui, F|100/100
|-terastallize|p1a: Cresselia|Steel
|move|p1a: Cresselia|Thunder Wave|p2a: Samurott
|-status|p2a: Samurott|par
|
|upkeep
|turn|5
|inactive|noob1877 test has 120 seconds left.
|
|t:|1769371743
|switch|p1a: Alomomola|Alomomola, M|100/100
|move|p2a: Samurott|Ceaseless Edge|p1a: Alomomola
|-damage|p1a: Alomomola|72/100
|-sidestart|p1: noob1877 test|Spikes
|
|upkeep
|turn|6
|
|t:|1769371749
|move|p1a: Alomomola|Flip Turn|p2a: Samurott
|-resisted|p2a: Samurott
|-damage|p2a: Samurott|91/100 par
|
|t:|1769371761
|switch|p1a: Pawmot|Pawmot, M|100/100|[from] Flip Turn
|-damage|p1a: Pawmot|88/100|[from] Spikes
|move|p2a: Samurott|Knock Off|p1a: Pawmot
|-resisted|p1a: Pawmot
|-damage|p1a: Pawmot|46/100
|-enditem|p1a: Pawmot|Life Orb|[from] move: Knock Off|[of] p2a: Samurott
|
|upkeep
|turn|7
|inactive|poopseydoopsey has 120 seconds left.
|
|t:|1769371820
|move|p1a: Pawmot|Close Combat|p2a: Samurott
|-supereffective|p2a: Samurott
|-damage|p2a: Samurott|0 fnt
|-unboost|p1a: Pawmot|def|1
|-unboost|p1a: Pawmot|spd|1
|faint|p2a: Samurott
|
|upkeep
|
|t:|1769371822
|switch|p2a: Dragapult|Dragapult, M, tera:Dragon|81/100
|turn|8
|
|t:|1769371830
|switch|p1a: Cresselia|Cresselia, F, tera:Steel|100/100
|move|p2a: Dragapult|Shadow Ball|p1a: Cresselia
|-damage|p1a: Cresselia|69/100
|-damage|p2a: Dragapult|71/100|[from] item: Life Orb
|
|-heal|p1a: Cresselia|75/100|[from] item: Leftovers
|upkeep
|turn|9
|
|t:|1769371836
|switch|p2a: Heatran|Heatran, F|100/100
|move|p1a: Cresselia|Moonlight|p1a: Cresselia
|-heal|p1a: Cresselia|100/100
|
|upkeep
|turn|10
|
|t:|1769371840
|switch|p1a: Alomomola|Alomomola, M|100/100
|move|p2a: Heatran|Stealth Rock|p1a: Alomomola
|-sidestart|p1: noob1877 test|move: Stealth Rock
|
|upkeep
|turn|11
|
|t:|1769371842
|move|p2a: Heatran|Will-O-Wisp|p1a: Alomomola
|-status|p1a: Alomomola|brn
|move|p1a: Alomomola|Flip Turn|p2a: Heatran
|-supereffective|p2a: Heatran
|-damage|p2a: Heatran|84/100
|
|t:|1769371852
|switch|p1a: Pawmot|Pawmot, M|46/100|[from] Flip Turn
|-damage|p1a: Pawmot|34/100|[from] Spikes
|-damage|p1a: Pawmot|28/100|[from] Stealth Rock
|
|-heal|p2a: Heatran|90/100|[from] item: Leftovers
|upkeep
|turn|12
|
|t:|1769371858
|switch|p2a: Dragapult|Dragapult, M, tera:Dragon|71/100
|move|p1a: Pawmot|Close Combat|p2a: Dragapult
|-damage|p2a: Dragapult|0 fnt
|-unboost|p1a: Pawmot|def|1
|-unboost|p1a: Pawmot|spd|1
|faint|p2a: Dragapult
|
|upkeep
|c|☆poopseydoopsey|im actually such a dumbass
|
|t:|1769371881
|switch|p2a: Rillaboom|Rillaboom, F|100/100
|-fieldstart|move: Grassy Terrain|[from] ability: Grassy Surge|[of] p2a: Rillaboom
|turn|13
|
|t:|1769371894
|move|p1a: Pawmot|Revival Blessing|p1a: Pawmot
|
|t:|1769371896
|-heal|p1: Tornadus|50/100|[from] move: Revival Blessing
|move|p2a: Rillaboom|U-turn|p1a: Pawmot
|-resisted|p1a: Pawmot
|-damage|p1a: Pawmot|0 fnt
|faint|p1a: Pawmot
|
|t:|1769371904
|switch|p2a: Heatran|Heatran, F|90/100|[from] U-turn
|
|-heal|p2a: Heatran|96/100|[from] Grassy Terrain
|-heal|p2a: Heatran|100/100|[from] item: Leftovers
|upkeep
|
|t:|1769371909
|switch|p1a: Cinderace|Cinderace, F|100/100
|turn|14
|
|t:|1769371912
|move|p1a: Cinderace|Court Change|p1a: Cinderace
|-start|p1a: Cinderace|typechange|Normal|[from] ability: Libero
|-swapsideconditions
|-activate|p1a: Cinderace|move: Court Change
|move|p2a: Heatran|Magma Storm|p1a: Cinderace|[miss]
|-miss|p2a: Heatran|p1a: Cinderace
|
|upkeep
|turn|15
|
|t:|1769371921
|switch|p1a: Alomomola|Alomomola, M|100/100 brn
|move|p2a: Heatran|Stealth Rock|p1a: Alomomola
|-sidestart|p1: noob1877 test|move: Stealth Rock
|
|-damage|p1a: Alomomola|94/100 brn|[from] brn
|upkeep
|turn|16
|
|t:|1769371927
|move|p2a: Heatran|Earth Power|p1a: Alomomola
|-crit|p1a: Alomomola
|-damage|p1a: Alomomola|49/100 brn
|move|p1a: Alomomola|Flip Turn|p2a: Heatran
|-supereffective|p2a: Heatran
|-damage|p2a: Heatran|84/100
|
|t:|1769371928
|switch|p1a: Kyurem|Kyurem|100/100|[from] Flip Turn
|-damage|p1a: Kyurem|75/100|[from] Stealth Rock
|-ability|p1a: Kyurem|Pressure
|
|-heal|p1a: Kyurem|82/100|[from] Grassy Terrain
|-heal|p1a: Kyurem|88/100|[from] item: Leftovers
|-heal|p2a: Heatran|90/100|[from] Grassy Terrain
|-heal|p2a: Heatran|96/100|[from] item: Leftovers
|upkeep
|turn|17
|
|t:|1769371940
|move|p1a: Kyurem|Earth Power|p2a: Heatran
|-supereffective|p2a: Heatran
|-damage|p2a: Heatran|0 fnt
|faint|p2a: Heatran
|
|-heal|p1a: Kyurem|94/100|[from] Grassy Terrain
|-heal|p1a: Kyurem|99/100|[from] item: Leftovers
|-fieldend|move: Grassy Terrain
|upkeep
|
|t:|1769371950
|switch|p2a: Great Tusk|Great Tusk|100/100
|-damage|p2a: Great Tusk|88/100|[from] Spikes
|-damage|p2a: Great Tusk|85/100|[from] Stealth Rock
|-enditem|p2a: Great Tusk|Booster Energy
|-activate|p2a: Great Tusk|ability: Protosynthesis|[fromitem]
|-start|p2a: Great Tusk|protosynthesisatk
|turn|18
|
|t:|1769371955
|move|p1a: Kyurem|Freeze-Dry|p2a: Great Tusk
|-supereffective|p2a: Great Tusk
|-damage|p2a: Great Tusk|0 fnt
|faint|p2a: Great Tusk
|-end|p2a: Great Tusk|Protosynthesis|[silent]
|
|-heal|p1a: Kyurem|100/100|[from] item: Leftovers
|upkeep
|-message|poopseydoopsey forfeited.
|
|win|noob1877 test
|raw|noob1877 test's rating: 1838 &rarr; <strong>1858</strong><br />(+20 for winning)
|raw|poopseydoopsey's rating: 1836 &rarr; <strong>1816</strong><br />(-20 for losing)
|l|☆poopseydoopsey
|player|p2|
|l|☆noob1877 test
|player|p1|
|l| boiabarabba
|l| shedtailhater
