|j|☆Unscripted testing
|j|☆1colour
|t:|1769379006
|gametype|singles
|player|p1|Unscripted testing|caitlin-masters|1678
|player|p2|1colour|parasollady|1587
|gen|9
|tier|[Gen 9] OU
|rated|
|rule|HP Percentage Mod: HP is shown in percentages
|rule|Endless Battle Clause: Forcing endless battles is banned
|rule|Species Clause: Limit one of each Pokémon
|rule|OHKO Clause: OHKO moves are banned
|rule|Evasion Items Clause: Evasion items are banned
|rule|Evasion Moves Clause: Evasion moves are banned
|rule|Evasion Abilities Clause: Evasion abilities are banned
|rule|Sleep Moves Clause: Sleep-inducing moves are banned
|clearpoke
|poke|p1|Tinkaton, F|
|poke|p1|Ogerpon, F|
|poke|p1|Great Tusk|
|poke|p1|Pecharunt|
|poke|p1|Alomomola, M|
|poke|p1|Hydreigon, M|
|poke|p2|Vikavolt, F|
|poke|p2|Corviknight, M|
|poke|p2|Haxorus, F|
|poke|p2|Mimikyu, F|
|poke|p2|Sinistcha-Masterpiece|
|poke|p2|Darkrai|
|teampreview
|inactive|Battle timer is ON: inactive players will automatically lose when time's up. (requested by Unscripted testing)
|
|t:|1769379042
|teamsize|p1|6
|teamsize|p2|6
|start
|switch|p1a: Hybrid|Hydreigon, M, shiny|100/100
|switch|p2a: PULH 🗣️|Vikavolt, F|100/100
|turn|1
|
|t:|1769379047
|move|p1a: Hybrid|Dark Pulse|p2a: PULH 🗣️
|-damage|p2a: PULH 🗣️|53/100
|move|p2a: PULH 🗣️|Sticky Web|p1a: Hybrid
|-sidestart|p1: Unscripted testing|move: Sticky Web
|
|upkeep
|turn|2
|
|t:|1769379053
|move|p1a: Hybrid|Dark Pulse|p2a: PULH 🗣️
|-damage|p2a: PULH 🗣️|4/100
|move|p2a: PULH 🗣️|Volt Switch|p1a: Hybrid
|-resisted|p1a: Hybrid
|-damage|p1a: Hybrid|82/100
|
|t:|1769379062
|switch|p2a: Darkrai|Darkrai|100/100|[from] Volt Switch
|
|upkeep
|turn|3
|
|t:|1769379067
|switch|p1a: Pisces|Alomomola, M, shiny|100/100
|-activate|p1a: Pisces|move: Sticky Web
|-unboost|p1a: Pisces|spe|1
|move|p2a: Darkrai|Ice Beam|p1a: Pisces
|-resisted|p1a: Pisces
|-damage|p1a: Pisces|88/100
|
|upkeep
|turn|4
|
|t:|1769379074
|switch|p2a: Corviknight|Corviknight, M|100/100
|-ability|p2a: Corviknight|Pressure
|move|p1a: Pisces|Flip Turn|p2a: Corviknight
|-damage|p2a: Corviknight|87/100
|
|t:|1769379078
|switch|p1a: Hybrid|Hydreigon, M, shiny|82/100|[from] Flip Turn
|
|-heal|p2a: Corviknight|93/100|[from] item: Leftovers
|upkeep
|turn|5
|j| dendar
|
|t:|1769379091
|move|p1a: Hybrid|Dark Pulse|p2a: Corviknight
|-damage|p2a: Corviknight|54/100
|move|p2a: Corviknight|Brave Bird|p1a: Hybrid
|-damage|p1a: Hybrid|37/100
|-damage|p2a: Corviknight|42/100|[from] Recoil
|
|-heal|p2a: Corviknight|48/100|[from] item: Leftovers
|upkeep
|turn|6
|
|t:|1769379099
|move|p1a: Hybrid|Dark Pulse|p2a: Corviknight
|-damage|p2a: Corviknight|5/100
|move|p2a: Corviknight|Roost|p2a: Corviknight
|-heal|p2a: Corviknight|55/100
|-singleturn|p2a: Corviknight|move: Roost
|
|-heal|p2a: Corviknight|62/100|[from] item: Leftovers
|upkeep
|turn|7
|
|t:|1769379122
|switch|p2a: Darkrai|Darkrai|100/100
|move|p1a: Hybrid|Dark Pulse|p2a: Darkrai
|-resisted|p2a: Darkrai
|-damage|p2a: Darkrai|62/100
|
|upkeep
|turn|8
|
|t:|1769379125
|switch|p1a: Pisces|Alomomola, M, shiny|100/100
|-activate|p1a: Pisces|move: Sticky Web
|-unboost|p1a: Pisces|spe|1
|move|p2a: Darkrai|Dark Pulse|p1a: Pisces
|-damage|p1a: Pisces|68/100
|
|upkeep
|turn|9
|
|t:|1769379130
|move|p2a: Darkrai|Dark Pulse|p1a: Pisces
|-damage|p1a: Pisces|32/100
|cant|p1a: Pisces|flinch
|
|upkeep
|turn|10
|
|t:|1769379133
|move|p2a: Darkrai|Dark Pulse|p1a: Pisces
|-damage|p1a: Pisces|0 fnt
|faint|p1a: Pisces
|
|upkeep
|
|t:|1769379136
|switch|p1a: Behemoth|Great Tusk, shiny|100/100
|turn|11
|
|t:|1769379141
|switch|p2a: Sinistcha|Sinistcha-Masterpiece|100/100
|move|p1a: Behemoth|Ice Spinner|p2a: Sinistcha
|-supereffective|p2a: Sinistcha
|-damage|p2a: Sinistcha|54/100
|
|upkeep
|turn|12
|
|t:|1769379144
|-end|p1a: Behemoth|Protosynthesis|[silent]
|switch|p1a: Smile.exe|Tinkaton, F, shiny|100/100
|-item|p1a: Smile.exe|Air Balloon
|move|p2a: Sinistcha|Strength Sap|p1a: Smile.exe
|-unboost|p1a: Smile.exe|atk|1
|-heal|p2a: Sinistcha|100/100
|
|upkeep
|turn|13
|
|t:|1769379148
|switch|p2a: PULH 🗣️|Vikavolt, F|4/100
|move|p1a: Smile.exe|Stealth Rock|p2a: PULH 🗣️
|-sidestart|p2: 1colour|move: Stealth Rock
|
|upkeep
|turn|14
|-enditem|p2a: PULH 🗣️|Custap Berry|[eat]
|-activate|p2a: PULH 🗣️|item: Custap Berry|[consumed]
|
|t:|1769379152
|move|p2a: PULH 🗣️|Discharge|p1a: Smile.exe
|-damage|p1a: Smile.exe|59/100
|-enditem|p1a: Smile.exe|Air Balloon
|move|p1a: Smile.exe|Gigaton Hammer|p2a: PULH 🗣️
|-resisted|p2a: PULH 🗣️
|-damage|p2a: PULH 🗣️|0 fnt
|faint|p2a: PULH 🗣️
|
|upkeep
|inactive|1colour has 120 seconds left.
|
|t:|1769379184
|switch|p2a: Haxorus|Haxorus, F, shiny|100/100
|-damage|p2a: Haxorus|88/100|[from] Stealth Rock
|-ability|p2a: Haxorus|Mold Breaker
|turn|15
|
|t:|1769379189
|switch|p1a: Overseer|Pecharunt|100/100
|-activate|p1a: Overseer|move: Sticky Web
|-unboost|p1a: Overseer|spe|1
|move|p2a: Haxorus|Earthquake|p1a: Overseer
|-supereffective|p1a: Overseer
|-damage|p1a: Overseer|59/100
|
|upkeep
|turn|16
|
|t:|1769379196
|move|p2a: Haxorus|Swords Dance|p2a: Haxorus
|-boost|p2a: Haxorus|atk|2
|move|p1a: Overseer|Malignant Chain|p2a: Haxorus
|-damage|p2a: Haxorus|46/100
|
|upkeep
|turn|17
|
|t:|1769379199
|move|p2a: Haxorus|Scale Shot|p1a: Overseer
|-damage|p1a: Overseer|45/100
|-damage|p1a: Overseer|31/100
|-crit|p1a: Overseer
|-damage|p1a: Overseer|10/100
|-damage|p1a: Overseer|0 fnt
|faint|p1a: Overseer
|-hitcount|p1: Overseer|4
|-unboost|p2a: Haxorus|def|1
|-boost|p2a: Haxorus|spe|1
|
|upkeep
|
|t:|1769379203
|switch|p1a: Behemoth|Great Tusk, shiny|100/100
|turn|18
|
|t:|1769379206
|move|p2a: Haxorus|Scale Shot|p1a: Behemoth
|-damage|p1a: Behemoth|78/100
|-damage|p1a: Behemoth|54/100
|-damage|p1a: Behemoth|31/100
|-damage|p1a: Behemoth|7/100
|-damage|p1a: Behemoth|0 fnt
|faint|p1a: Behemoth
|-end|p1a: Behemoth|Protosynthesis|[silent]
|-hitcount|p1: Behemoth|5
|-unboost|p2a: Haxorus|def|1
|-boost|p2a: Haxorus|spe|1
|
|upkeep
|-message|Unscripted testing forfeited.
|
|win|1colour
|raw|Unscripted testing's rating: 1678 &rarr; <strong>1653</strong><br />(-25 for losing)
|raw|1colour's rating: 1587 &rarr; <strong>1612</strong><br />(+25 for winning)
|l|☆Unscripted testing
|player|p1|
|l| dendar
