|j|☆Ualke
|j|☆Hhoottddoogg
|t:|1769363423
|gametype|singles
|player|p1|Ualke|265|1195
|player|p2|Hhoottddoogg|102|1135
|gen|9
|tier|[Gen 9] OU
|rated|
|rule|HP Percentage Mod: HP is shown in percentages
|rule|Endless Battle Clause: Forcing endless battles is banned
|rule|Species Clause: Limit one of each Pokémon
|rule|OHKO Clause: OHKO moves are banned
|rule|Evasion Items Clause: Evasion items are banned
|rule|Evasion Moves Clause: Evasion moves are banned
|rule|Evasion Abilities Clause: Evasion abilities are banned
|rule|Sleep Moves Clause: Sleep-inducing moves are banned
|clearpoke
|poke|p1|Barraskewda, F|
|poke|p1|Pelipper, F|
|poke|p1|Gliscor, M|
|poke|p1|Ting-Lu|
|poke|p1|Walking Wake|
|poke|p1|Okidogi, M|
|poke|p2|Serperior, F|
|poke|p2|Kingambit, M|
|poke|p2|Vikavolt, F|
|poke|p2|Empoleon, F|
|poke|p2|Slowbro-Galar, F|
|poke|p2|Moltres-Galar|
|teampreview
|inactive|Battle timer is ON: inactive players will automatically lose when time's up. (requested by Ualke)
|inactive|Hhoottddoogg has 120 seconds left.
|l|☆Ualke
|inactive|Ualke disconnected and has a minute to reconnect!
|player|p1|
|j|☆Ualke
|inactive|Ualke reconnected.
|player|p1|Ualke|265|
|
|t:|1769363493
|teamsize|p1|6
|teamsize|p2|6
|start
|switch|p1a: Pelipper|Pelipper, F|100/100
|switch|p2a: Vikavolt|Vikavolt, F|100/100
|-weather|RainDance|[from] ability: Drizzle|[of] p1a: Pelipper
|turn|1
|
|t:|1769363499
|switch|p1a: Ting-Lu|Ting-Lu|100/100
|-ability|p1a: Ting-Lu|Vessel of Ruin
|move|p2a: Vikavolt|Sticky Web|p1a: Ting-Lu
|-sidestart|p1: Ualke|move: Sticky Web
|
|-weather|RainDance|[upkeep]
|upkeep
|turn|2
|
|t:|1769363508
|move|p1a: Ting-Lu|Stealth Rock|p2a: Vikavolt
|-sidestart|p2: Hhoottddoogg|move: Stealth Rock
|move|p2a: Vikavolt|Bug Buzz|p1a: Ting-Lu
|-supereffective|p1a: Ting-Lu
|-damage|p1a: Ting-Lu|56/100
|
|-weather|RainDance|[upkeep]
|-heal|p1a: Ting-Lu|62/100|[from] item: Leftovers
|upkeep
|turn|3
|
|t:|1769363529
|move|p2a: Vikavolt|Bug Buzz|p1a: Ting-Lu
|-supereffective|p1a: Ting-Lu
|-damage|p1a: Ting-Lu|13/100
|move|p1a: Ting-Lu|Whirlwind|p2a: Vikavolt
|drag|p2a: Moltres|Moltres-Galar|100/100
|-damage|p2a: Moltres|76/100|[from] Stealth Rock
|
|-weather|RainDance|[upkeep]
|-heal|p1a: Ting-Lu|19/100|[from] item: Leftovers
|upkeep
|turn|4
|
|t:|1769363535
|move|p2a: Moltres|Air Slash|p1a: Ting-Lu
|-damage|p1a: Ting-Lu|5/100
|move|p1a: Ting-Lu|Whirlwind|p2a: Moltres
|drag|p2a: Serperior|Serperior, F|100/100
|-damage|p2a: Serperior|88/100|[from] Stealth Rock
|
|-weather|RainDance|[upkeep]
|-heal|p1a: Ting-Lu|11/100|[from] item: Leftovers
|upkeep
|turn|5
|
|t:|1769363553
|move|p2a: Serperior|Leaf Storm|p1a: Ting-Lu
|-supereffective|p1a: Ting-Lu
|-damage|p1a: Ting-Lu|0 fnt
|-boost|p2a: Serperior|spa|2
|faint|p1a: Ting-Lu
|
|-weather|RainDance|[upkeep]
|upkeep
|
|t:|1769363563
|switch|p1a: Barraskewda|Barraskewda, F, shiny|100/100
|-activate|p1a: Barraskewda|move: Sticky Web
|-unboost|p1a: Barraskewda|spe|1
|turn|6
|
|t:|1769363567
|move|p1a: Barraskewda|Close Combat|p2a: Serperior
|-damage|p2a: Serperior|7/100
|-unboost|p1a: Barraskewda|def|1
|-unboost|p1a: Barraskewda|spd|1
|move|p2a: Serperior|Leaf Storm|p1a: Barraskewda
|-supereffective|p1a: Barraskewda
|-damage|p1a: Barraskewda|0 fnt
|-boost|p2a: Serperior|spa|2
|faint|p1a: Barraskewda
|
|-weather|RainDance|[upkeep]
|upkeep
|
|t:|1769363575
|switch|p1a: Okidogi|Okidogi, M|100/100
|-activate|p1a: Okidogi|move: Sticky Web
|-unboost|p1a: Okidogi|spe|1
|turn|7
|
|t:|1769363584
|move|p2a: Serperior|Glare|p1a: Okidogi
|-status|p1a: Okidogi|par
|move|p1a: Okidogi|Drain Punch|p2a: Serperior
|-damage|p2a: Serperior|0 fnt
|faint|p2a: Serperior
|
|-weather|RainDance|[upkeep]
|upkeep
|
|t:|1769363592
|switch|p2a: Moltres|Moltres-Galar|76/100
|-damage|p2a: Moltres|51/100|[from] Stealth Rock
|turn|8
|l|☆Hhoottddoogg
|inactive|Hhoottddoogg disconnected and has a minute to reconnect!
|player|p2|
|j|☆Hhoottddoogg
|inactive|Hhoottddoogg reconnected and has 125 seconds left.
|player|p2|Hhoottddoogg|102|
|inactive|Hhoottddoogg has 120 seconds left.
|
|t:|1769363631
|move|p2a: Moltres|Air Slash|p1a: Okidogi
|-supereffective|p1a: Okidogi
|-damage|p1a: Okidogi|32/100 par
|cant|p1a: Okidogi|par
|
|-weather|none
|-heal|p1a: Okidogi|38/100 par|[from] item: Leftovers
|upkeep
|turn|9
|inactive|Hhoottddoogg has 120 seconds left.
|
|t:|1769363639
|move|p2a: Moltres|Agility|p2a: Moltres
|-boost|p2a: Moltres|spe|2
|move|p1a: Okidogi|Ice Punch|p2a: Moltres
|-supereffective|p2a: Moltres
|-crit|p2a: Moltres
|-damage|p2a: Moltres|0 fnt
|faint|p2a: Moltres
|
|-heal|p1a: Okidogi|44/100 par|[from] item: Leftovers
|upkeep
|inactive|Hhoottddoogg has 120 seconds left.
|
|t:|1769363659
|switch|p2a: Slowbro|Slowbro-Galar, F|100/100
|-damage|p2a: Slowbro|88/100|[from] Stealth Rock
|turn|10
|
|t:|1769363669
|move|p2a: Slowbro|Psychic|p1a: Okidogi
|-supereffective|p1a: Okidogi
|-damage|p1a: Okidogi|0 fnt
|faint|p1a: Okidogi
|
|upkeep
|
|t:|1769363674
|switch|p1a: Pelipper|Pelipper, F|100/100
|-weather|RainDance|[from] ability: Drizzle|[of] p1a: Pelipper
|turn|11
|inactive|Hhoottddoogg has 120 seconds left.
|
|t:|1769363705
|move|p1a: Pelipper|U-turn|p2a: Slowbro
|-damage|p2a: Slowbro|79/100
|l|☆Ualke
|inactive|Ualke disconnected and has a minute to reconnect!
|player|p1|
|j|☆Ualke
|inactive|Ualke reconnected and has 130 seconds left.
|player|p1|Ualke|265|
|inactive|Ualke has 120 seconds left.
|
|t:|1769363738
|switch|p1a: Gliscor|Gliscor, M, shiny|100/100|[from] U-turn
|move|p2a: Slowbro|Psychic|p1a: Gliscor
|-crit|p1a: Gliscor
|-damage|p1a: Gliscor|35/100
|-unboost|p1a: Gliscor|spd|1
|
|-weather|RainDance|[upkeep]
|-status|p1a: Gliscor|tox|[from] item: Toxic Orb
|upkeep
|turn|12
|inactive|Ualke has 120 seconds left.
|-activate|p2a: Slowbro|ability: Quick Draw
|
|t:|1769363756
|move|p1a: Gliscor|Protect|p1a: Gliscor
|-singleturn|p1a: Gliscor|Protect
|move|p2a: Slowbro|Psychic|p1a: Gliscor
|-activate|p1a: Gliscor|move: Protect
|
|-weather|RainDance|[upkeep]
|-heal|p1a: Gliscor|47/100 tox|[from] ability: Poison Heal
|upkeep
|turn|13
|-activate|p2a: Slowbro|ability: Quick Draw
|
|t:|1769363762
|move|p2a: Slowbro|Psychic|p1a: Gliscor
|-damage|p1a: Gliscor|0 fnt
|faint|p1a: Gliscor
|
|-weather|RainDance|[upkeep]
|upkeep
|inactive|Ualke has 120 seconds left.
|
|t:|1769363792
|switch|p1a: Walking Wake|Walking Wake|100/100
|-activate|p1a: Walking Wake|move: Sticky Web
|-unboost|p1a: Walking Wake|spe|1
|turn|14
|
|t:|1769363802
|move|p1a: Walking Wake|Hydro Steam|p2a: Slowbro
|-damage|p2a: Slowbro|0 fnt
|faint|p2a: Slowbro
|
|-weather|RainDance|[upkeep]
|upkeep
|
|t:|1769363810
|switch|p2a: Empoleon|Empoleon, F|100/100
|-damage|p2a: Empoleon|94/100|[from] Stealth Rock
|turn|15
|inactive|Ualke has 120 seconds left.
|
|t:|1769363820
|move|p1a: Walking Wake|Hydro Steam|p2a: Empoleon
|-resisted|p2a: Empoleon
|-damage|p2a: Empoleon|67/100
|move|p2a: Empoleon|Ice Beam|p1a: Walking Wake
|-damage|p1a: Walking Wake|63/100
|
|-weather|RainDance|[upkeep]
|upkeep
|turn|16
|
|t:|1769363825
|-end|p1a: Walking Wake|Protosynthesis|[silent]
|switch|p1a: Pelipper|Pelipper, F|100/100
|move|p2a: Empoleon|Ice Beam|p1a: Pelipper
|-damage|p1a: Pelipper|73/100
|
|-weather|RainDance|[upkeep]
|upkeep
|turn|17
|
|t:|1769363837
|switch|p2a: Vikavolt|Vikavolt, F|100/100
|-damage|p2a: Vikavolt|76/100|[from] Stealth Rock
|move|p1a: Pelipper|Hurricane|p2a: Vikavolt
|-damage|p2a: Vikavolt|28/100
|
|-weather|RainDance|[upkeep]
|upkeep
|turn|18
|
|t:|1769363843
|move|p1a: Pelipper|U-turn|p2a: Vikavolt
|-damage|p2a: Vikavolt|18/100
|
|t:|1769363845
|switch|p1a: Walking Wake|Walking Wake|63/100|[from] U-turn
|-activate|p1a: Walking Wake|move: Sticky Web
|-unboost|p1a: Walking Wake|spe|1
|move|p2a: Vikavolt|Discharge|p1a: Walking Wake
|-damage|p1a: Walking Wake|6/100
|
|-weather|none
|upkeep
|turn|19
|
|t:|1769363855
|move|p1a: Walking Wake|Flip Turn|p2a: Vikavolt
|-damage|p2a: Vikavolt|1/100
|
|t:|1769363861
|-end|p1a: Walking Wake|Protosynthesis|[silent]
|switch|p1a: Pelipper|Pelipper, F|73/100|[from] Flip Turn
|-weather|RainDance|[from] ability: Drizzle|[of] p1a: Pelipper
|move|p2a: Vikavolt|Discharge|p1a: Pelipper
|-supereffective|p1a: Pelipper
|-damage|p1a: Pelipper|0 fnt
|faint|p1a: Pelipper
|
|-weather|RainDance|[upkeep]
|upkeep
|
|t:|1769363862
|switch|p1a: Walking Wake|Walking Wake|6/100
|-activate|p1a: Walking Wake|move: Sticky Web
|-unboost|p1a: Walking Wake|spe|1
|turn|20
|
|t:|1769363866
|move|p1a: Walking Wake|Hurricane|p2a: Vikavolt
|-damage|p2a: Vikavolt|0 fnt
|faint|p2a: Vikavolt
|
|-weather|RainDance|[upkeep]
|upkeep
|
|t:|1769363869
|switch|p2a: Empoleon|Empoleon, F|67/100
|-damage|p2a: Empoleon|61/100|[from] Stealth Rock
|turn|21
|
|t:|1769363873
|move|p2a: Empoleon|Aqua Jet|p1a: Walking Wake
|-resisted|p1a: Walking Wake
|-damage|p1a: Walking Wake|0 fnt
|faint|p1a: Walking Wake
|-end|p1a: Walking Wake|Protosynthesis|[silent]
|
|win|Hhoottddoogg
|raw|Ualke's rating: 1195 &rarr; <strong>1166</strong><br />(-29 for losing)
|raw|Hhoottddoogg's rating: 1135 &rarr; <strong>1164</strong><br />(+29 for winning)
|l|☆Ualke
|player|p1|
|l|☆Hhoottddoogg
|player|p2|
