|j|☆Jomiel
|j|☆wingxo
|t:|1769425781
|gametype|singles
|player|p1|Jomiel|clown|1185
|player|p2|wingxo|102|1234
|gen|9
|tier|[Gen 9] OU
|rated|
|rule|HP Percentage Mod: HP is shown in percentages
|rule|Endless Battle Clause: Forcing endless battles is banned
|rule|Species Clause: Limit one of each Pokémon
|rule|OHKO Clause: OHKO moves are banned
|rule|Evasion Items Clause: Evasion items are banned
|rule|Evasion Moves Clause: Evasion moves are banned
|rule|Evasion Abilities Clause: Evasion abilities are banned
|rule|Sleep Moves Clause: Sleep-inducing moves are banned
|clearpoke
|poke|p1|Furret, F|
|poke|p1|Glimmora, M|
|poke|p1|Zamazenta-*|
|poke|p1|Scizor, M|
|poke|p1|Iron Valiant|
|poke|p1|Dragonite, M|
|poke|p2|Iron Moth|
|poke|p2|Umbreon, M|
|poke|p2|Garchomp, F|
|poke|p2|Glimmora, F|
|poke|p2|Gholdengo|
|poke|p2|Dragonite, M|
|teampreview
|
|t:|1769425788
|teamsize|p1|6
|teamsize|p2|6
|start
|switch|p1a: Glimmora|Glimmora, M|100/100
|switch|p2a: Garchomp|Garchomp, F|100/100
|turn|1
|
|t:|1769425796
|move|p2a: Garchomp|Swords Dance|p2a: Garchomp
|-boost|p2a: Garchomp|atk|2
|move|p1a: Glimmora|Stealth Rock|p2a: Garchomp
|-sidestart|p2: wingxo|move: Stealth Rock
|
|upkeep
|turn|2
|
|t:|1769425804
|switch|p1a: Dragonite|Dragonite, M|100/100
|move|p2a: Garchomp|Scale Shot|p1a: Dragonite
|-supereffective|p1a: Dragonite
|-damage|p1a: Dragonite|70/100
|-supereffective|p1a: Dragonite
|-damage|p1a: Dragonite|14/100
|-supereffective|p1a: Dragonite
|-damage|p1a: Dragonite|0 fnt
|faint|p1a: Dragonite
|-hitcount|p1: Dragonite|3
|-unboost|p2a: Garchomp|def|1
|-boost|p2a: Garchomp|spe|1
|
|upkeep
|
|t:|1769425824
|switch|p1a: Iron Valiant|Iron Valiant|100/100
|-enditem|p1a: Iron Valiant|Booster Energy
|-activate|p1a: Iron Valiant|ability: Quark Drive|[fromitem]
|-start|p1a: Iron Valiant|quarkdrivespe
|turn|3
|
|t:|1769425831
|-terastallize|p2a: Garchomp|Electric
|move|p1a: Iron Valiant|Encore|p2a: Garchomp
|-start|p2a: Garchomp|Encore
|move|p2a: Garchomp|Scale Shot|p1a: Iron Valiant
|-immune|p1a: Iron Valiant
|
|upkeep
|turn|4
|
|t:|1769425838
|switch|p2a: Gholdengo|Gholdengo|100/100
|-damage|p2a: Gholdengo|94/100|[from] Stealth Rock
|move|p1a: Iron Valiant|Knock Off|p2a: Gholdengo
|-supereffective|p2a: Gholdengo
|-damage|p2a: Gholdengo|36/100
|-enditem|p2a: Gholdengo|Choice Scarf|[from] move: Knock Off|[of] p1a: Iron Valiant
|
|upkeep
|turn|5
|
|t:|1769425853
|move|p1a: Iron Valiant|Knock Off|p2a: Gholdengo
|-supereffective|p2a: Gholdengo
|-damage|p2a: Gholdengo|0 fnt
|faint|p2a: Gholdengo
|
|upkeep
|
|t:|1769425856
|switch|p2a: Umbreon|Umbreon, M|100/100
|-damage|p2a: Umbreon|88/100|[from] Stealth Rock
|turn|6
|
|t:|1769425863
|move|p1a: Iron Valiant|Close Combat|p2a: Umbreon
|-supereffective|p2a: Umbreon
|-damage|p2a: Umbreon|10/100
|-unboost|p1a: Iron Valiant|def|1
|-unboost|p1a: Iron Valiant|spd|1
|move|p2a: Umbreon|Thunder Wave|p1a: Iron Valiant
|-status|p1a: Iron Valiant|par
|
|-heal|p2a: Umbreon|16/100|[from] item: Leftovers
|upkeep
|turn|7
|
|t:|1769425878
|move|p1a: Iron Valiant|Knock Off|p2a: Umbreon
|-resisted|p2a: Umbreon
|-damage|p2a: Umbreon|5/100
|-enditem|p2a: Umbreon|Leftovers|[from] move: Knock Off|[of] p1a: Iron Valiant
|move|p2a: Umbreon|Wish|p2a: Umbreon
|
|upkeep
|turn|8
|
|t:|1769425884
|move|p2a: Umbreon|Protect|p2a: Umbreon
|-singleturn|p2a: Umbreon|Protect
|move|p1a: Iron Valiant|Knock Off|p2a: Umbreon
|-activate|p2a: Umbreon|move: Protect
|
|-heal|p2a: Umbreon|55/100|[from] move: Wish|[wisher] Umbreon
|upkeep
|turn|9
|
|t:|1769425891
|switch|p2a: Iron Moth|Iron Moth|100/100
|-damage|p2a: Iron Moth|76/100|[from] Stealth Rock
|-enditem|p2a: Iron Moth|Booster Energy
|-activate|p2a: Iron Moth|ability: Quark Drive|[fromitem]
|-start|p2a: Iron Moth|quarkdrivespe
|move|p1a: Iron Valiant|Encore||[still]
|-fail|p1a: Iron Valiant
|
|upkeep
|turn|10
|
|t:|1769425901
|move|p2a: Iron Moth|Fiery Dance|p1a: Iron Valiant
|-damage|p1a: Iron Valiant|0 fnt
|-boost|p2a: Iron Moth|spa|1
|faint|p1a: Iron Valiant
|-end|p1a: Iron Valiant|Quark Drive|[silent]
|
|upkeep
|
|t:|1769425917
|switch|p1a: Glimmora|Glimmora, M|100/100
|turn|11
|
|t:|1769425925
|move|p2a: Iron Moth|Discharge|p1a: Glimmora
|-damage|p1a: Glimmora|47/100
|-enditem|p1a: Glimmora|Red Card|[of] p2a: Iron Moth
|-end|p2a: Iron Moth|Quark Drive|[silent]
|drag|p2a: Umbreon|Umbreon, M|55/100
|-damage|p2a: Umbreon|43/100|[from] Stealth Rock
|move|p1a: Glimmora|Power Gem|p2a: Umbreon
|-damage|p2a: Umbreon|23/100
|
|upkeep
|turn|12
|
|t:|1769425939
|move|p1a: Glimmora|Earth Power|p2a: Umbreon
|-damage|p2a: Umbreon|9/100
|move|p2a: Umbreon|Wish|p2a: Umbreon
|
|upkeep
|turn|13
|
|t:|1769425956
|switch|p1a: Scizor|Scizor, M|100/100
|move|p2a: Umbreon|Protect||[still]
|-fail|p2a: Umbreon
|
|-heal|p2a: Umbreon|59/100|[from] move: Wish|[wisher] Umbreon
|upkeep
|turn|14
|
|t:|1769425963
|switch|p2a: Garchomp|Garchomp, F, tera:Electric|100/100
|-damage|p2a: Garchomp|88/100|[from] Stealth Rock
|move|p1a: Scizor|Swords Dance|p1a: Scizor
|-boost|p1a: Scizor|atk|2
|
|-heal|p2a: Garchomp|94/100|[from] item: Leftovers
|upkeep
|turn|15
|
|t:|1769425972
|-terastallize|p1a: Scizor|Steel
|move|p1a: Scizor|Bullet Punch|p2a: Garchomp
|-resisted|p2a: Garchomp
|-crit|p2a: Garchomp
|-damage|p2a: Garchomp|13/100
|-damage|p1a: Scizor|88/100|[from] ability: Rough Skin|[of] p2a: Garchomp
|-damage|p1a: Scizor|78/100|[from] item: Life Orb
|move|p2a: Garchomp|Swords Dance|p2a: Garchomp
|-boost|p2a: Garchomp|atk|2
|
|-heal|p2a: Garchomp|19/100|[from] item: Leftovers
|upkeep
|turn|16
|
|t:|1769425983
|move|p1a: Scizor|Bullet Punch|p2a: Garchomp
|-resisted|p2a: Garchomp
|-damage|p2a: Garchomp|0 fnt
|-damage|p1a: Scizor|66/100|[from] ability: Rough Skin|[of] p2a: Garchomp
|faint|p2a: Garchomp
|-damage|p1a: Scizor|56/100|[from] item: Life Orb
|
|upkeep
|
|t:|1769425988
|switch|p2a: Dragonite|Dragonite, M|100/100
|turn|17
|
|t:|1769425992
|move|p1a: Scizor|Bullet Punch|p2a: Dragonite
|-damage|p2a: Dragonite|32/100
|-damage|p1a: Scizor|46/100|[from] item: Life Orb
|move|p2a: Dragonite|Earthquake|p1a: Scizor
|-supereffective|p1a: Scizor
|-damage|p1a: Scizor|0 fnt
|faint|p1a: Scizor
|
|upkeep
|
|t:|1769426010
|switch|p1a: Zamazenta|Zamazenta|100/100
|-ability|p1a: Zamazenta|Dauntless Shield|boost
|-boost|p1a: Zamazenta|def|1
|turn|18
|
|t:|1769426023
|switch|p2a: Iron Moth|Iron Moth|76/100
|-damage|p2a: Iron Moth|51/100|[from] Stealth Rock
|move|p1a: Zamazenta|Ice Fang|p2a: Iron Moth
|-resisted|p2a: Iron Moth
|-damage|p2a: Iron Moth|35/100
|
|upkeep
|turn|19
|
|t:|1769426037
|move|p1a: Zamazenta|Close Combat|p2a: Iron Moth
|-resisted|p2a: Iron Moth
|-damage|p2a: Iron Moth|0 fnt
|-unboost|p1a: Zamazenta|def|1
|-unboost|p1a: Zamazenta|spd|1
|faint|p2a: Iron Moth
|-end|p2a: Iron Moth|Quark Drive|[silent]
|
|upkeep
|
|t:|1769426046
|switch|p2a: Glimmora|Glimmora, F|100/100
|-damage|p2a: Glimmora|88/100|[from] Stealth Rock
|turn|20
|
|t:|1769426050
|move|p1a: Zamazenta|Close Combat|p2a: Glimmora
|-damage|p2a: Glimmora|20/100
|-unboost|p1a: Zamazenta|def|1
|-unboost|p1a: Zamazenta|spd|1
|-activate|p2a: Glimmora|ability: Toxic Debris
|-sidestart|p1: Jomiel|move: Toxic Spikes
|move|p2a: Glimmora|Sludge Wave|p1a: Zamazenta
|-damage|p1a: Zamazenta|13/100
|
|upkeep
|turn|21
|
|t:|1769426068
|move|p1a: Zamazenta|Close Combat|p2a: Glimmora
|-damage|p2a: Glimmora|0 fnt
|-unboost|p1a: Zamazenta|def|1
|-unboost|p1a: Zamazenta|spd|1
|-activate|p2a: Glimmora|ability: Toxic Debris
|-sidestart|p1: Jomiel|move: Toxic Spikes
|faint|p2a: Glimmora
|
|upkeep
|
|t:|1769426075
|switch|p2a: Dragonite|Dragonite, M|32/100
|turn|22
|
|t:|1769426083
|move|p2a: Dragonite|Extreme Speed|p1a: Zamazenta
|-damage|p1a: Zamazenta|0 fnt
|faint|p1a: Zamazenta
|
|upkeep
|
|t:|1769426088
|switch|p1a: Glimmora|Glimmora, M|47/100
|-sideend|p1: Jomiel|move: Toxic Spikes|[of] p1a: Glimmora
|turn|23
|
|t:|1769426094
|move|p1a: Glimmora|Power Gem|p2a: Dragonite
|-supereffective|p2a: Dragonite
|-damage|p2a: Dragonite|0 fnt
|faint|p2a: Dragonite
|
|upkeep
|
|t:|1769426097
|switch|p2a: Umbreon|Umbreon, M|59/100
|-damage|p2a: Umbreon|47/100|[from] Stealth Rock
|turn|24
|
|t:|1769426116
|move|p1a: Glimmora|Mortal Spin|p2a: Umbreon
|-damage|p2a: Umbreon|41/100
|-status|p2a: Umbreon|psn
|move|p2a: Umbreon|Wish|p2a: Umbreon
|
|-damage|p2a: Umbreon|29/100 psn|[from] psn
|upkeep
|turn|25
|
|t:|1769426125
|switch|p1a: Furret|Furret, F|100/100
|move|p2a: Umbreon|Foul Play|p1a: Furret
|-damage|p1a: Furret|42/100
|
|-heal|p2a: Umbreon|79/100 psn|[from] move: Wish|[wisher] Umbreon
|-damage|p2a: Umbreon|66/100 psn|[from] psn
|upkeep
|turn|26
|
|t:|1769426139
|move|p1a: Furret|Tidy Up|p1a: Furret
|-sideend|p2: wingxo|Stealth Rock
|-activate|p1a: Furret|move: Tidy Up
|-boost|p1a: Furret|atk|1
|-boost|p1a: Furret|spe|1
|move|p2a: Umbreon|Thunder Wave|p1a: Furret
|-status|p1a: Furret|par
|
|-damage|p2a: Umbreon|54/100 psn|[from] psn
|upkeep
|turn|27
|
|t:|1769426147
|move|p1a: Furret|Last Resort|p2a: Umbreon
|-damage|p2a: Umbreon|0 fnt
|faint|p2a: Umbreon
|-damage|p1a: Furret|32/100 par|[from] item: Life Orb
|
|win|Jomiel
|raw|Jomiel's rating: 1185 &rarr; <strong>1214</strong><br />(+29 for winning)
|raw|wingxo's rating: 1234 &rarr; <strong>1205</strong><br />(-29 for losing)
|l|☆wingxo
|player|p2|
|l|☆Jomiel
|player|p1|
