|j|☆blueneighborhood
|j|☆Shimeon91
|t:|1769434800
|gametype|singles
|player|p1|blueneighborhood|acetrainer-gen4dp|1386
|player|p2|Shimeon91|1|1307
|gen|9
|tier|[Gen 9] OU
|rated|
|rule|HP Percentage Mod: HP is shown in percentages
|rule|Endless Battle Clause: Forcing endless battles is banned
|rule|Species Clause: Limit one of each Pokémon
|rule|OHKO Clause: OHKO moves are banned
|rule|Evasion Items Clause: Evasion items are banned
|rule|Evasion Moves Clause: Evasion moves are banned
|rule|Evasion Abilities Clause: Evasion abilities are banned
|rule|Sleep Moves Clause: Sleep-inducing moves are banned
|clearpoke
|poke|p1|Garchomp, M|
|poke|p1|Raging Bolt|
|poke|p1|Heatran, M|
|poke|p1|Weezing-Galar, M|
|poke|p1|Weavile, M|
|poke|p1|Primarina, M|
|poke|p2|Cetitan, F|
|poke|p2|Gyarados, M|
|poke|p2|Pecharunt|
|poke|p2|Toxicroak, M|
|poke|p2|Slowking-Galar, M|
|poke|p2|Glimmora, F|
|teampreview
|inactive|Battle timer is ON: inactive players will automatically lose when time's up. (requested by Shimeon91)
|
|t:|1769434807
|teamsize|p1|6
|teamsize|p2|6
|start
|switch|p1a: Heatran|Heatran, M, shiny|100/100
|switch|p2a: Glimmora|Glimmora, F|100/100
|turn|1
|
|t:|1769434814
|move|p2a: Glimmora|Earth Power|p1a: Heatran
|-supereffective|p1a: Heatran
|-damage|p1a: Heatran|32/100
|move|p1a: Heatran|Flash Cannon|p2a: Glimmora
|-supereffective|p2a: Glimmora
|-enditem|p2a: Glimmora|Focus Sash
|-damage|p2a: Glimmora|1/100
|
|upkeep
|turn|2
|
|t:|1769434824
|move|p2a: Glimmora|Earth Power|p1a: Heatran
|-supereffective|p1a: Heatran
|-damage|p1a: Heatran|0 fnt
|faint|p1a: Heatran
|
|upkeep
|
|t:|1769434827
|switch|p1a: Raging Bolt|Raging Bolt|100/100
|turn|3
|
|t:|1769434834
|move|p2a: Glimmora|Stealth Rock|p1a: Raging Bolt
|-sidestart|p1: blueneighborhood|move: Stealth Rock
|move|p1a: Raging Bolt|Thunderbolt|p2a: Glimmora
|-damage|p2a: Glimmora|0 fnt
|faint|p2a: Glimmora
|
|upkeep
|
|t:|1769434843
|switch|p2a: Gyarados|Gyarados, M|100/100
|-ability|p2a: Gyarados|Intimidate|boost
|-unboost|p1a: Raging Bolt|atk|1
|turn|4
|
|t:|1769434848
|-terastallize|p2a: Gyarados|Ground
|move|p2a: Gyarados|Earthquake|p1a: Raging Bolt
|-supereffective|p1a: Raging Bolt
|-damage|p1a: Raging Bolt|17/100
|move|p1a: Raging Bolt|Dragon Pulse|p2a: Gyarados
|-damage|p2a: Gyarados|52/100
|
|-heal|p1a: Raging Bolt|23/100|[from] item: Leftovers
|upkeep
|turn|5
|
|t:|1769434859
|-end|p1a: Raging Bolt|Protosynthesis|[silent]
|switch|p1a: Weezing|Weezing-Galar, M, shiny|100/100
|-damage|p1a: Weezing|88/100|[from] Stealth Rock
|move|p2a: Gyarados|Earthquake|p1a: Weezing
|-immune|p1a: Weezing|[from] ability: Levitate
|
|-heal|p1a: Weezing|94/100|[from] item: Black Sludge
|upkeep
|turn|6
|
|t:|1769434872
|switch|p2a: Slowking|Slowking-Galar, M|100/100
|move|p1a: Weezing|Will-O-Wisp|p2a: Slowking
|-status|p2a: Slowking|brn
|
|-heal|p1a: Weezing|99/100|[from] item: Black Sludge
|-damage|p2a: Slowking|94/100 brn|[from] brn
|upkeep
|turn|7
|
|t:|1769434883
|move|p1a: Weezing|Defog|p2a: Slowking
|-unboost|p2a: Slowking|evasion|1
|-sideend|p1: blueneighborhood|Stealth Rock|[from] move: Defog|[of] p1a: Weezing
|move|p2a: Slowking|Sludge Bomb|p1a: Weezing
|-damage|p1a: Weezing|51/100
|
|-heal|p1a: Weezing|57/100|[from] item: Black Sludge
|-damage|p2a: Slowking|88/100 brn|[from] brn
|upkeep
|turn|8
|
|t:|1769434894
|switch|p1a: Garchomp|Garchomp, M|100/100
|move|p2a: Slowking|Future Sight|p1a: Garchomp
|-start|p2a: Slowking|move: Future Sight
|
|-damage|p2a: Slowking|82/100 brn|[from] brn
|upkeep
|turn|9
|
|t:|1769434907
|switch|p2a: Gyarados|Gyarados, M, tera:Ground|52/100
|-ability|p2a: Gyarados|Intimidate|boost
|-unboost|p1a: Garchomp|atk|1
|-terastallize|p1a: Garchomp|Dragon
|move|p1a: Garchomp|Outrage|p2a: Gyarados
|-damage|p2a: Gyarados|0 fnt
|faint|p2a: Gyarados
|
|upkeep
|
|t:|1769434918
|switch|p2a: Pecharunt|Pecharunt|100/100
|turn|10
|
|t:|1769434923
|move|p1a: Garchomp|Outrage|p2a: Pecharunt|[from] lockedmove
|-damage|p2a: Pecharunt|73/100
|move|p2a: Pecharunt|Malignant Chain|p1a: Garchomp
|-damage|p1a: Garchomp|67/100
|
|-end|p1a: Garchomp|move: Future Sight
|-damage|p1a: Garchomp|21/100
|upkeep
|turn|11
|
|t:|1769434933
|move|p1a: Garchomp|Outrage|p2a: Pecharunt|[from] lockedmove
|-damage|p2a: Pecharunt|47/100
|-start|p1a: Garchomp|confusion|[fatigue]
|move|p2a: Pecharunt|Recover|p2a: Pecharunt
|-heal|p2a: Pecharunt|97/100
|
|upkeep
|turn|12
|
|t:|1769434957
|switch|p1a: Weezing|Weezing-Galar, M, shiny|57/100
|move|p2a: Pecharunt|Malignant Chain|p1a: Weezing
|-damage|p1a: Weezing|16/100
|
|-heal|p1a: Weezing|22/100|[from] item: Black Sludge
|upkeep
|turn|13
|
|t:|1769434966
|move|p2a: Pecharunt|Shadow Ball|p1a: Weezing
|-damage|p1a: Weezing|0 fnt
|faint|p1a: Weezing
|
|upkeep
|
|t:|1769434968
|switch|p1a: Weavile|Weavile, M|100/100
|-ability|p1a: Weavile|Pressure
|turn|14
|
|t:|1769434977
|move|p1a: Weavile|Knock Off|p2a: Pecharunt
|-supereffective|p2a: Pecharunt
|-damage|p2a: Pecharunt|53/100
|-enditem|p2a: Pecharunt|Heavy-Duty Boots|[from] move: Knock Off|[of] p1a: Weavile
|move|p2a: Pecharunt|Malignant Chain|p1a: Weavile
|-damage|p1a: Weavile|59/100
|-status|p1a: Weavile|tox
|-start|p1a: Weavile|confusion|[from] ability: Poison Puppeteer|[of] p2a: Pecharunt
|
|-damage|p1a: Weavile|53/100 tox|[from] psn
|upkeep
|turn|15
|
|t:|1769434989
|switch|p1a: Raging Bolt|Raging Bolt|23/100
|move|p2a: Pecharunt|Recover|p2a: Pecharunt
|-heal|p2a: Pecharunt|100/100
|
|-heal|p1a: Raging Bolt|29/100|[from] item: Leftovers
|upkeep
|turn|16
|
|t:|1769434998
|switch|p2a: Slowking|Slowking-Galar, M|100/100 brn
|move|p1a: Raging Bolt|Thunderbolt|p2a: Slowking
|-damage|p2a: Slowking|68/100 brn
|
|-heal|p1a: Raging Bolt|35/100|[from] item: Leftovers
|-damage|p2a: Slowking|61/100 brn|[from] brn
|upkeep
|turn|17
|
|t:|1769435008
|-end|p1a: Raging Bolt|Protosynthesis|[silent]
|switch|p1a: Primarina|Primarina, M|100/100
|-prepare|p2a: Slowking|Chilly Reception|[premajor]
|move|p2a: Slowking|Chilly Reception|p2a: Slowking
|-weather|Snowscape
|
|t:|1769435014
|switch|p2a: Toxicroak|Toxicroak, M|100/100|[from] Chilly Reception
|-item|p2a: Toxicroak|Air Balloon
|
|-weather|Snowscape|[upkeep]
|upkeep
|turn|18
|
|t:|1769435022
|move|p2a: Toxicroak|Poison Jab|p1a: Primarina
|-supereffective|p1a: Primarina
|-damage|p1a: Primarina|0 fnt
|faint|p1a: Primarina
|
|-weather|Snowscape|[upkeep]
|upkeep
|
|t:|1769435025
|switch|p1a: Weavile|Weavile, M|53/100 tox
|-ability|p1a: Weavile|Pressure
|turn|19
|
|t:|1769435036
|move|p1a: Weavile|Triple Axel|p2a: Toxicroak
|-damage|p2a: Toxicroak|86/100
|-enditem|p2a: Toxicroak|Air Balloon
|-crit|p2a: Toxicroak
|-damage|p2a: Toxicroak|42/100
|-damage|p2a: Toxicroak|0 fnt
|faint|p2a: Toxicroak
|-hitcount|p2: Toxicroak|3
|
|-weather|Snowscape|[upkeep]
|-damage|p1a: Weavile|47/100 tox|[from] psn
|upkeep
|
|t:|1769435055
|switch|p2a: Cetitan|Cetitan, F, shiny|100/100
|turn|20
|
|t:|1769435064
|move|p2a: Cetitan|Superpower|p1a: Weavile
|-supereffective|p1a: Weavile
|-damage|p1a: Weavile|0 fnt
|-unboost|p2a: Cetitan|atk|1
|-unboost|p2a: Cetitan|def|1
|faint|p1a: Weavile
|
|-weather|Snowscape|[upkeep]
|upkeep
|
|t:|1769435068
|switch|p1a: Garchomp|Garchomp, M, tera:Dragon|21/100
|turn|21
|
|t:|1769435075
|move|p1a: Garchomp|Earthquake|p2a: Cetitan
|-damage|p2a: Cetitan|46/100
|move|p2a: Cetitan|Ice Spinner|p1a: Garchomp
|-supereffective|p1a: Garchomp
|-damage|p1a: Garchomp|0 fnt
|-damage|p2a: Cetitan|33/100|[from] ability: Rough Skin|[of] p1a: Garchomp
|faint|p1a: Garchomp
|
|-weather|none
|upkeep
|
|t:|1769435079
|switch|p1a: Raging Bolt|Raging Bolt|35/100
|turn|22
|
|t:|1769435088
|move|p2a: Cetitan|Ice Shard|p1a: Raging Bolt
|-supereffective|p1a: Raging Bolt
|-damage|p1a: Raging Bolt|12/100
|move|p1a: Raging Bolt|Calm Mind|p1a: Raging Bolt
|-boost|p1a: Raging Bolt|spa|1
|-boost|p1a: Raging Bolt|spd|1
|
|-heal|p1a: Raging Bolt|18/100|[from] item: Leftovers
|upkeep
|turn|23
|
|t:|1769435097
|move|p2a: Cetitan|Ice Shard|p1a: Raging Bolt
|-supereffective|p1a: Raging Bolt
|-damage|p1a: Raging Bolt|0 fnt
|faint|p1a: Raging Bolt
|-end|p1a: Raging Bolt|Protosynthesis|[silent]
|
|win|Shimeon91
|raw|blueneighborhood's rating: 1386 &rarr; <strong>1362</strong><br />(-24 for losing)
|raw|Shimeon91's rating: 1307 &rarr; <strong>1331</strong><br />(+24 for winning)
|l|☆blueneighborhood
|player|p1|
|l|☆Shimeon91
|player|p2|
