|j|☆shawtle7
|j|☆UnseriousOlivia
|t:|1769377059
|gametype|singles
|player|p1|shawtle7|galacticgrunt|1422
|player|p2|UnseriousOlivia|miku-flying|1383
|gen|9
|tier|[Gen 9] OU
|rated|
|rule|HP Percentage Mod: HP is shown in percentages
|rule|Endless Battle Clause: Forcing endless battles is banned
|rule|Species Clause: Limit one of each Pokémon
|rule|OHKO Clause: OHKO moves are banned
|rule|Evasion Items Clause: Evasion items are banned
|rule|Evasion Moves Clause: Evasion moves are banned
|rule|Evasion Abilities Clause: Evasion abilities are banned
|rule|Sleep Moves Clause: Sleep-inducing moves are banned
|clearpoke
|poke|p1|Grimmsnarl, M|
|poke|p1|Iron Treads|
|poke|p1|Raging Bolt|
|poke|p1|Deoxys-Speed|
|poke|p1|Ogerpon-Wellspring, F|
|poke|p1|Ceruledge, M|
|poke|p2|Decidueye-Hisui, M|
|poke|p2|Typhlosion-Hisui, F|
|poke|p2|Great Tusk|
|poke|p2|Clefable, F|
|poke|p2|Glimmora, M|
|poke|p2|Feraligatr, F|
|teampreview
|c|☆shawtle7|glhf olivia, may our battle be epic & unserious
|
|t:|1769377104
|teamsize|p1|6
|teamsize|p2|6
|start
|switch|p1a: Grimmsnarl|Grimmsnarl, M, shiny|100/100
|switch|p2a: Feraligatr|Feraligatr, F|100/100
|turn|1
|
|t:|1769377112
|move|p1a: Grimmsnarl|Reflect|p1a: Grimmsnarl
|-sidestart|p1: shawtle7|Reflect
|move|p2a: Feraligatr|Dragon Dance|p2a: Feraligatr
|-boost|p2a: Feraligatr|atk|1
|-boost|p2a: Feraligatr|spe|1
|
|upkeep
|turn|2
|
|t:|1769377115
|move|p1a: Grimmsnarl|Taunt|p2a: Feraligatr
|-start|p2a: Feraligatr|move: Taunt
|cant|p2a: Feraligatr|move: Taunt|Dragon Dance
|
|upkeep
|turn|3
|
|t:|1769377121
|switch|p1a: Raging Bolt|Raging Bolt|100/100
|-enditem|p1a: Raging Bolt|Booster Energy
|-activate|p1a: Raging Bolt|ability: Protosynthesis|[fromitem]
|-start|p1a: Raging Bolt|protosynthesisspa
|move|p2a: Feraligatr|Liquidation|p1a: Raging Bolt
|-resisted|p1a: Raging Bolt
|-damage|p1a: Raging Bolt|78/100
|
|upkeep
|turn|4
|
|t:|1769377133
|switch|p2a: Clefable|Clefable, F|100/100
|move|p1a: Raging Bolt|Dragon Pulse|p2a: Clefable
|-immune|p2a: Clefable
|
|upkeep
|turn|5
|
|t:|1769377143
|move|p1a: Raging Bolt|Thunderbolt|p2a: Clefable
|-damage|p2a: Clefable|57/100
|move|p2a: Clefable|Stealth Rock|p1a: Raging Bolt
|-sidestart|p1: shawtle7|move: Stealth Rock
|
|-heal|p2a: Clefable|63/100|[from] item: Leftovers
|upkeep
|turn|6
|
|t:|1769377156
|move|p1a: Raging Bolt|Calm Mind|p1a: Raging Bolt
|-boost|p1a: Raging Bolt|spa|1
|-boost|p1a: Raging Bolt|spd|1
|move|p2a: Clefable|Moonblast|p1a: Raging Bolt
|-supereffective|p1a: Raging Bolt
|-damage|p1a: Raging Bolt|38/100
|-unboost|p1a: Raging Bolt|spa|1
|
|-heal|p2a: Clefable|69/100|[from] item: Leftovers
|upkeep
|turn|7
|
|t:|1769377175
|-terastallize|p1a: Raging Bolt|Flying
|move|p1a: Raging Bolt|Thunderbolt|p2a: Clefable
|-damage|p2a: Clefable|23/100
|move|p2a: Clefable|Moonblast|p1a: Raging Bolt
|-damage|p1a: Raging Bolt|20/100
|
|-heal|p2a: Clefable|29/100|[from] item: Leftovers
|upkeep
|turn|8
|c|☆shawtle7|that is a spdf clef
|
|t:|1769377184
|switch|p2a: Great Tusk|Great Tusk|100/100
|move|p1a: Raging Bolt|Thunderclap||[still]
|-fail|p1a: Raging Bolt
|
|-sideend|p1: shawtle7|Reflect
|upkeep
|turn|9
|
|t:|1769377192
|move|p2a: Great Tusk|Ice Spinner|p1a: Raging Bolt
|-supereffective|p1a: Raging Bolt
|-damage|p1a: Raging Bolt|0 fnt
|faint|p1a: Raging Bolt
|-end|p1a: Raging Bolt|Protosynthesis|[silent]
|
|upkeep
|
|t:|1769377196
|switch|p1a: Deoxys|Deoxys-Speed, shiny|100/100
|-damage|p1a: Deoxys|88/100|[from] Stealth Rock
|-ability|p1a: Deoxys|Pressure
|turn|10
|
|t:|1769377203
|-end|p2a: Great Tusk|Protosynthesis|[silent]
|switch|p2a: Clefable|Clefable, F|29/100
|move|p1a: Deoxys|Substitute|p1a: Deoxys
|-start|p1a: Deoxys|Substitute
|-damage|p1a: Deoxys|63/100
|
|-heal|p1a: Deoxys|69/100|[from] item: Leftovers
|-heal|p2a: Clefable|35/100|[from] item: Leftovers
|upkeep
|turn|11
|
|t:|1769377210
|move|p1a: Deoxys|Psycho Boost|p2a: Clefable
|-damage|p2a: Clefable|0 fnt
|-unboost|p1a: Deoxys|spa|2
|faint|p2a: Clefable
|
|-heal|p1a: Deoxys|76/100|[from] item: Leftovers
|upkeep
|
|t:|1769377245
|switch|p2a: Glimmora|Glimmora, M|100/100
|turn|12
|
|t:|1769377254
|move|p1a: Deoxys|Nasty Plot|p1a: Deoxys
|-boost|p1a: Deoxys|spa|2
|move|p2a: Glimmora|Sludge Bomb|p1a: Deoxys
|-end|p1a: Deoxys|Substitute
|
|-heal|p1a: Deoxys|82/100|[from] item: Leftovers
|upkeep
|turn|13
|
|t:|1769377262
|move|p1a: Deoxys|Psycho Boost|p2a: Glimmora
|-supereffective|p2a: Glimmora
|-damage|p2a: Glimmora|0 fnt
|-unboost|p1a: Deoxys|spa|2
|faint|p2a: Glimmora
|
|-heal|p1a: Deoxys|88/100|[from] item: Leftovers
|upkeep
|
|t:|1769377328
|switch|p2a: Great Tusk|Great Tusk|100/100
|turn|14
|
|t:|1769377345
|-terastallize|p2a: Great Tusk|Steel
|move|p1a: Deoxys|Substitute|p1a: Deoxys
|-start|p1a: Deoxys|Substitute
|-damage|p1a: Deoxys|63/100
|move|p2a: Great Tusk|Headlong Rush|p1a: Deoxys
|-end|p1a: Deoxys|Substitute
|-unboost|p2a: Great Tusk|def|1
|-unboost|p2a: Great Tusk|spd|1
|
|-heal|p1a: Deoxys|69/100|[from] item: Leftovers
|upkeep
|turn|15
|
|t:|1769377355
|switch|p1a: Ogerpon|Ogerpon-Wellspring, F|100/100
|-damage|p1a: Ogerpon|88/100|[from] Stealth Rock
|move|p2a: Great Tusk|Rapid Spin|p1a: Ogerpon
|-damage|p1a: Ogerpon|65/100
|-boost|p2a: Great Tusk|spe|1
|
|upkeep
|turn|16
|
|t:|1769377374
|move|p2a: Great Tusk|Close Combat|p1a: Ogerpon
|-damage|p1a: Ogerpon|0 fnt
|-unboost|p2a: Great Tusk|def|1
|-unboost|p2a: Great Tusk|spd|1
|faint|p1a: Ogerpon
|
|upkeep
|
|t:|1769377408
|switch|p1a: Grimmsnarl|Grimmsnarl, M, shiny|100/100
|-damage|p1a: Grimmsnarl|88/100|[from] Stealth Rock
|turn|17
|
|t:|1769377426
|-end|p2a: Great Tusk|Protosynthesis|[silent]
|switch|p2a: Decidueye|Decidueye-Hisui, M|100/100
|move|p1a: Grimmsnarl|Reflect|p1a: Grimmsnarl
|-sidestart|p1: shawtle7|Reflect
|
|upkeep
|turn|18
|
|t:|1769377440
|move|p1a: Grimmsnarl|Taunt|p2a: Decidueye
|-start|p2a: Decidueye|move: Taunt
|cant|p2a: Decidueye|move: Taunt|Tailwind
|
|upkeep
|turn|19
|
|t:|1769377448
|switch|p1a: Ceruledge|Ceruledge, M|100/100
|-damage|p1a: Ceruledge|76/100|[from] Stealth Rock
|move|p2a: Decidueye|U-turn|p1a: Ceruledge
|-resisted|p1a: Ceruledge
|-damage|p1a: Ceruledge|72/100
|-ability|p1a: Ceruledge|Weak Armor|boost
|-unboost|p1a: Ceruledge|def|1
|-boost|p1a: Ceruledge|spe|2
|
|t:|1769377455
|switch|p2a: Feraligatr|Feraligatr, F|100/100|[from] U-turn
|
|upkeep
|turn|20
|
|t:|1769377481
|move|p1a: Ceruledge|Poltergeist|p2a: Feraligatr
|-activate|p2a: Feraligatr|move: Poltergeist|Life Orb
|-damage|p2a: Feraligatr|13/100
|-damage|p1a: Ceruledge|62/100|[from] item: Life Orb
|move|p2a: Feraligatr|Liquidation|p1a: Ceruledge
|-supereffective|p1a: Ceruledge
|-damage|p1a: Ceruledge|0 fnt
|faint|p1a: Ceruledge
|
|upkeep
|
|t:|1769377495
|switch|p1a: Iron Treads|Iron Treads, shiny|100/100
|-damage|p1a: Iron Treads|97/100|[from] Stealth Rock
|-enditem|p1a: Iron Treads|Booster Energy
|-activate|p1a: Iron Treads|ability: Quark Drive|[fromitem]
|-start|p1a: Iron Treads|quarkdrivespe
|turn|21
|
|t:|1769377506
|move|p1a: Iron Treads|Earth Power|p2a: Feraligatr
|-damage|p2a: Feraligatr|0 fnt
|faint|p2a: Feraligatr
|
|upkeep
|
|t:|1769377515
|switch|p2a: Decidueye|Decidueye-Hisui, M|100/100
|turn|22
|
|t:|1769377522
|move|p1a: Iron Treads|Steel Beam|p2a: Decidueye
|-damage|p2a: Decidueye|44/100
|-damage|p1a: Iron Treads|47/100|[from] steelbeam
|move|p2a: Decidueye|Tailwind|p2a: Decidueye
|-sidestart|p2: UnseriousOlivia|move: Tailwind
|
|upkeep
|turn|23
|
|t:|1769377527
|move|p1a: Iron Treads|Rapid Spin|p2a: Decidueye
|-damage|p2a: Decidueye|27/100
|-boost|p1a: Iron Treads|spe|1
|-sideend|p1: shawtle7|Stealth Rock|[from] move: Rapid Spin|[of] p1a: Iron Treads
|move|p2a: Decidueye|Triple Arrows|p1a: Iron Treads
|-supereffective|p1a: Iron Treads
|-damage|p1a: Iron Treads|0 fnt
|faint|p1a: Iron Treads
|-end|p1a: Iron Treads|Quark Drive|[silent]
|
|upkeep
|
|t:|1769377537
|switch|p1a: Deoxys|Deoxys-Speed, shiny|69/100
|-ability|p1a: Deoxys|Pressure
|turn|24
|
|t:|1769377546
|move|p2a: Decidueye|U-turn|p1a: Deoxys
|-supereffective|p1a: Deoxys
|-damage|p1a: Deoxys|34/100
|
|t:|1769377555
|switch|p2a: Typhlosion|Typhlosion-Hisui, F|100/100|[from] U-turn
|move|p1a: Deoxys|Substitute|p1a: Deoxys
|-start|p1a: Deoxys|Substitute
|-damage|p1a: Deoxys|9/100
|
|-heal|p1a: Deoxys|15/100|[from] item: Leftovers
|-sideend|p1: shawtle7|Reflect
|upkeep
|turn|25
|c|☆shawtle7|max speed decidueye?
|
|t:|1769377617
|move|p2a: Typhlosion|Flamethrower|p1a: Deoxys
|-end|p1a: Deoxys|Substitute
|move|p1a: Deoxys|Nasty Plot|p1a: Deoxys
|-boost|p1a: Deoxys|spa|2
|
|-heal|p1a: Deoxys|21/100|[from] item: Leftovers
|-sideend|p2: UnseriousOlivia|move: Tailwind
|upkeep
|turn|26
|c|☆UnseriousOlivia|Its a tailwind set so ya
|
|t:|1769377640
|switch|p2a: Decidueye|Decidueye-Hisui, M|27/100
|move|p1a: Deoxys|Psycho Boost|p2a: Decidueye
|-supereffective|p2a: Decidueye
|-damage|p2a: Decidueye|0 fnt
|-unboost|p1a: Deoxys|spa|2
|faint|p2a: Decidueye
|
|-heal|p1a: Deoxys|27/100|[from] item: Leftovers
|upkeep
|
|t:|1769377647
|switch|p2a: Great Tusk|Great Tusk, tera:Steel|100/100
|turn|27
|
|t:|1769377665
|move|p1a: Deoxys|Focus Blast|p2a: Great Tusk|[miss]
|-miss|p1a: Deoxys|p2a: Great Tusk
|move|p2a: Great Tusk|Ice Spinner|p1a: Deoxys
|-damage|p1a: Deoxys|0 fnt
|faint|p1a: Deoxys
|
|upkeep
|
|t:|1769377667
|switch|p1a: Grimmsnarl|Grimmsnarl, M, shiny|88/100
|turn|28
|c|☆shawtle7|it bel ike that
|
|t:|1769377676
|move|p1a: Grimmsnarl|Reflect|p1a: Grimmsnarl
|-sidestart|p1: shawtle7|Reflect
|move|p2a: Great Tusk|Rapid Spin|p1a: Grimmsnarl
|-damage|p1a: Grimmsnarl|75/100
|-boost|p2a: Great Tusk|spe|1
|
|upkeep
|turn|29
|
|t:|1769377681
|move|p2a: Great Tusk|Ice Spinner|p1a: Grimmsnarl
|-damage|p1a: Grimmsnarl|55/100
|move|p1a: Grimmsnarl|Low Kick|p2a: Great Tusk
|-supereffective|p2a: Great Tusk
|-damage|p2a: Great Tusk|41/100
|
|upkeep
|turn|30
|
|t:|1769377692
|move|p1a: Grimmsnarl|Light Screen|p1a: Grimmsnarl
|-sidestart|p1: shawtle7|move: Light Screen
|move|p2a: Great Tusk|Headlong Rush|p1a: Grimmsnarl
|-damage|p1a: Grimmsnarl|6/100
|-unboost|p2a: Great Tusk|def|1
|-unboost|p2a: Great Tusk|spd|1
|
|upkeep
|turn|31
|
|t:|1769377696
|move|p2a: Great Tusk|Headlong Rush|p1a: Grimmsnarl
|-damage|p1a: Grimmsnarl|0 fnt
|-unboost|p2a: Great Tusk|def|1
|-unboost|p2a: Great Tusk|spd|1
|faint|p1a: Grimmsnarl
|
|win|UnseriousOlivia
|raw|shawtle7's rating: 1422 &rarr; <strong>1400</strong><br />(-22 for losing)
|raw|UnseriousOlivia's rating: 1383 &rarr; <strong>1405</strong><br />(+22 for winning)
|c|☆shawtle7|gwgp
|l|☆shawtle7
|player|p1|
|c|☆UnseriousOlivia|Ggwp
|l|☆UnseriousOlivia
|player|p2|
|j|☆UnseriousOlivia
|player|p2|UnseriousOlivia|miku-flying|
