|j|☆Bossun267
|j|☆fieryflames123*
|t:|1769321986
|gametype|singles
|player|p1|Bossun267|boarder|1136
|player|p2|fieryflames123*|roxie|1195
|gen|9
|tier|[Gen 9] OU
|rated|
|rule|HP Percentage Mod: HP is shown in percentages
|rule|Endless Battle Clause: Forcing endless battles is banned
|rule|Species Clause: Limit one of each Pokémon
|rule|OHKO Clause: OHKO moves are banned
|rule|Evasion Items Clause: Evasion items are banned
|rule|Evasion Moves Clause: Evasion moves are banned
|rule|Evasion Abilities Clause: Evasion abilities are banned
|rule|Sleep Moves Clause: Sleep-inducing moves are banned
|clearpoke
|poke|p1|Ceruledge, M|
|poke|p1|Landorus-Therian, M|
|poke|p1|Rotom-Wash|
|poke|p1|Dragonite, M|
|poke|p1|Ogerpon-Wellspring, F|
|poke|p1|Gholdengo|
|poke|p2|Infernape, F|
|poke|p2|Typhlosion-Hisui, F|
|poke|p2|Blaziken, M|
|poke|p2|Torkoal, M|
|poke|p2|Heatran, F|
|poke|p2|Delphox, M|
|teampreview
|inactive|Battle timer is ON: inactive players will automatically lose when time's up. (requested by Bossun267)
|
|t:|1769322008
|teamsize|p1|6
|teamsize|p2|6
|start
|switch|p1a: Landorus|Landorus-Therian, M|100/100
|switch|p2a: Torkoal|Torkoal, M|100/100
|-ability|p1a: Landorus|Intimidate|boost
|-unboost|p2a: Torkoal|atk|1
|-weather|SunnyDay|[from] ability: Drought|[of] p2a: Torkoal
|turn|1
|
|t:|1769322029
|move|p1a: Landorus|Taunt|p2a: Torkoal
|-start|p2a: Torkoal|move: Taunt
|move|p2a: Torkoal|Lava Plume|p1a: Landorus
|-damage|p1a: Landorus|48/100
|
|-weather|SunnyDay|[upkeep]
|upkeep
|turn|2
|
|t:|1769322037
|move|p1a: Landorus|Stealth Rock|p2a: Torkoal
|-sidestart|p2: fieryflames123*|move: Stealth Rock
|move|p2a: Torkoal|Lava Plume|p1a: Landorus
|-damage|p1a: Landorus|0 fnt
|faint|p1a: Landorus
|
|-weather|SunnyDay|[upkeep]
|upkeep
|
|t:|1769322045
|switch|p1a: Ogerpon|Ogerpon-Wellspring, F|100/100
|turn|3
|
|t:|1769322051
|move|p1a: Ogerpon|Swords Dance|p1a: Ogerpon
|-boost|p1a: Ogerpon|atk|2
|move|p2a: Torkoal|Rapid Spin|p1a: Ogerpon
|-damage|p1a: Ogerpon|92/100
|-boost|p2a: Torkoal|spe|1
|-sideend|p2: fieryflames123*|Stealth Rock|[from] move: Rapid Spin|[of] p2a: Torkoal
|
|-weather|SunnyDay|[upkeep]
|-end|p2a: Torkoal|move: Taunt
|upkeep
|turn|4
|
|t:|1769322069
|-terastallize|p1a: Ogerpon|Water
|detailschange|p1a: Ogerpon|Ogerpon-Wellspring-Tera, F, tera:Water
|-ability|p1a: Ogerpon|Embody Aspect (Wellspring)|boost
|-boost|p1a: Ogerpon|spd|1
|move|p1a: Ogerpon|Ivy Cudgel|p2a: Torkoal|[anim] Ivy Cudgel Water
|-supereffective|p2a: Torkoal
|-damage|p2a: Torkoal|0 fnt
|faint|p2a: Torkoal
|
|-weather|SunnyDay|[upkeep]
|upkeep
|c|☆Bossun267|：）
|inactive|fieryflames123* has 120 seconds left.
|inactive|fieryflames123* has 90 seconds left.
|
|t:|1769322123
|switch|p2a: Blaziken|Blaziken, M, shiny|100/100
|turn|5
|
|t:|1769322135
|move|p2a: Blaziken|Protect|p2a: Blaziken
|-singleturn|p2a: Blaziken|Protect
|move|p1a: Ogerpon|Swords Dance|p1a: Ogerpon
|-boost|p1a: Ogerpon|atk|2
|
|-weather|SunnyDay|[upkeep]
|-ability|p2a: Blaziken|Speed Boost|boost
|-boost|p2a: Blaziken|spe|1
|upkeep
|turn|6
|
|t:|1769322145
|move|p2a: Blaziken|Close Combat|p1a: Ogerpon
|-damage|p1a: Ogerpon|6/100
|-unboost|p2a: Blaziken|def|1
|-unboost|p2a: Blaziken|spd|1
|move|p1a: Ogerpon|Ivy Cudgel|p2a: Blaziken|[anim] Ivy Cudgel Water
|-supereffective|p2a: Blaziken
|-enditem|p2a: Blaziken|Focus Sash
|-damage|p2a: Blaziken|1/100
|
|-weather|SunnyDay|[upkeep]
|-ability|p2a: Blaziken|Speed Boost|boost
|-boost|p2a: Blaziken|spe|1
|upkeep
|turn|7
|
|t:|1769322163
|move|p2a: Blaziken|Fire Punch|p1a: Ogerpon
|-resisted|p1a: Ogerpon
|-damage|p1a: Ogerpon|0 fnt
|faint|p1a: Ogerpon
|detailschange|p1: Ogerpon|Ogerpon-Wellspring, F|[silent]
|
|-weather|SunnyDay|[upkeep]
|-ability|p2a: Blaziken|Speed Boost|boost
|-boost|p2a: Blaziken|spe|1
|upkeep
|
|t:|1769322170
|switch|p1a: Ceruledge|Ceruledge, M, shiny|100/100
|turn|8
|
|t:|1769322181
|move|p2a: Blaziken|Fire Punch|p1a: Ceruledge
|-resisted|p1a: Ceruledge
|-damage|p1a: Ceruledge|60/100
|-ability|p1a: Ceruledge|Weak Armor|boost
|-unboost|p1a: Ceruledge|def|1
|-boost|p1a: Ceruledge|spe|2
|move|p1a: Ceruledge|Swords Dance|p1a: Ceruledge
|-boost|p1a: Ceruledge|atk|2
|
|-weather|none
|-ability|p2a: Blaziken|Speed Boost|boost
|-boost|p2a: Blaziken|spe|1
|upkeep
|turn|9
|
|t:|1769322193
|move|p1a: Ceruledge|Shadow Sneak|p2a: Blaziken
|-damage|p2a: Blaziken|0 fnt
|faint|p2a: Blaziken
|
|upkeep
|inactive|fieryflames123* has 90 seconds left.
|
|t:|1769322225
|switch|p2a: Infernape|Infernape, F|100/100
|turn|10
|
|t:|1769322233
|move|p1a: Ceruledge|Bitter Blade|p2a: Infernape
|-resisted|p2a: Infernape
|-damage|p2a: Infernape|24/100
|-heal|p1a: Ceruledge|98/100|[from] drain|[of] p2a: Infernape
|move|p2a: Infernape|Flare Blitz|p1a: Ceruledge
|-resisted|p1a: Ceruledge
|-damage|p1a: Ceruledge|6/100
|-ability|p1a: Ceruledge|Weak Armor|boost
|-unboost|p1a: Ceruledge|def|1
|-boost|p1a: Ceruledge|spe|2
|-damage|p2a: Infernape|0 fnt|[from] Recoil
|faint|p2a: Infernape
|
|upkeep
|
|t:|1769322255
|switch|p2a: Heatran|Heatran, F|100/100
|-item|p2a: Heatran|Air Balloon
|turn|11
|
|t:|1769322262
|move|p1a: Ceruledge|Shadow Claw|p2a: Heatran
|-damage|p2a: Heatran|30/100
|-enditem|p2a: Heatran|Air Balloon
|move|p2a: Heatran|Earth Power|p1a: Ceruledge
|-supereffective|p1a: Ceruledge
|-damage|p1a: Ceruledge|0 fnt
|faint|p1a: Ceruledge
|
|upkeep
|
|t:|1769322271
|switch|p1a: Dragonite|Dragonite, M|100/100
|turn|12
|
|t:|1769322276
|move|p1a: Dragonite|Earthquake|p2a: Heatran
|-supereffective|p2a: Heatran
|-damage|p2a: Heatran|0 fnt
|faint|p2a: Heatran
|
|upkeep
|inactive|fieryflames123* has 90 seconds left.
|
|t:|1769322285
|switch|p2a: Typhlosion|Typhlosion-Hisui, F|100/100
|turn|13
|inactive|Bossun267 has 120 seconds left.
|
|t:|1769322318
|move|p2a: Typhlosion|Infernal Parade|p1a: Dragonite
|-damage|p1a: Dragonite|70/100
|move|p1a: Dragonite|Earthquake|p2a: Typhlosion
|-supereffective|p2a: Typhlosion
|-crit|p2a: Typhlosion
|-enditem|p2a: Typhlosion|Focus Sash
|-damage|p2a: Typhlosion|1/100
|
|upkeep
|turn|14
|
|t:|1769322327
|move|p1a: Dragonite|Extreme Speed|p2a: Typhlosion
|-immune|p2a: Typhlosion
|move|p2a: Typhlosion|Endeavor|p1a: Dragonite
|-damage|p1a: Dragonite|1/100
|
|upkeep
|turn|15
|
|t:|1769322335
|move|p2a: Typhlosion|Quick Attack|p1a: Dragonite
|-damage|p1a: Dragonite|0 fnt
|faint|p1a: Dragonite
|
|upkeep
|
|t:|1769322339
|switch|p1a: Rotom|Rotom-Wash|100/100
|turn|16
|
|t:|1769322344
|move|p2a: Typhlosion|Endeavor|p1a: Rotom
|-damage|p1a: Rotom|1/100
|move|p1a: Rotom|Volt Switch|p2a: Typhlosion
|-damage|p2a: Typhlosion|0 fnt
|faint|p2a: Typhlosion
|
|t:|1769322352
|switch|p1a: Gholdengo|Gholdengo|100/100|[from] Volt Switch
|
|upkeep
|
|t:|1769322356
|switch|p2a: Delphox|Delphox, M|100/100
|turn|17
|inactive|Bossun267 has 120 seconds left.
|
|t:|1769322388
|-terastallize|p2a: Delphox|Fire
|move|p2a: Delphox|Flamethrower|p1a: Gholdengo
|-supereffective|p1a: Gholdengo
|-damage|p1a: Gholdengo|0 fnt
|faint|p1a: Gholdengo
|
|upkeep
|inactive|Bossun267 has 120 seconds left.
|
|t:|1769322394
|switch|p1a: Rotom|Rotom-Wash|1/100
|turn|18
|
|t:|1769322403
|move|p2a: Delphox|Flamethrower|p1a: Rotom
|-resisted|p1a: Rotom
|-damage|p1a: Rotom|0 fnt
|faint|p1a: Rotom
|
|win|fieryflames123*
|raw|Bossun267's rating: 1136 &rarr; <strong>1115</strong><br />(-21 for losing)
|raw|fieryflames123*'s rating: 1195 &rarr; <strong>1216</strong><br />(+21 for winning)
|c|☆Bossun267|gg
|l|☆Bossun267
|player|p1|
|c|☆fieryflames123*|Gg
|l|☆fieryflames123*
|player|p2|
