|j|☆sasori96
|j|☆boomynote
|t:|1769304988
|gametype|singles
|player|p1|sasori96|shadowtriad|1000
|player|p2|boomynote|1|1068
|gen|9
|tier|[Gen 9] OU
|rated|
|rule|HP Percentage Mod: HP is shown in percentages
|rule|Endless Battle Clause: Forcing endless battles is banned
|rule|Species Clause: Limit one of each Pokémon
|rule|OHKO Clause: OHKO moves are banned
|rule|Evasion Items Clause: Evasion items are banned
|rule|Evasion Moves Clause: Evasion moves are banned
|rule|Evasion Abilities Clause: Evasion abilities are banned
|rule|Sleep Moves Clause: Sleep-inducing moves are banned
|clearpoke
|poke|p1|Kingambit, M|
|poke|p1|Milotic, F|
|poke|p1|Eelektross, M|
|poke|p1|Weavile, M|
|poke|p1|Gallade, M|
|poke|p1|Golurk|
|poke|p2|Serperior, M|
|poke|p2|Toxapex, F|
|poke|p2|Ditto|
|poke|p2|Tyranitar, M|
|poke|p2|Skarmory, F|
|poke|p2|Pelipper, F|
|teampreview
|
|t:|1769304999
|teamsize|p1|6
|teamsize|p2|6
|start
|switch|p1a: Golurk|Golurk|100/100
|switch|p2a: Skarmory|Skarmory, F|100/100
|turn|1
|
|t:|1769305010
|move|p2a: Skarmory|Stealth Rock|p1a: Golurk
|-sidestart|p1: sasori96|move: Stealth Rock
|move|p1a: Golurk|Dynamic Punch|p2a: Skarmory
|-damage|p2a: Skarmory|84/100
|-start|p2a: Skarmory|confusion
|
|-heal|p2a: Skarmory|90/100|[from] item: Leftovers
|upkeep
|turn|2
|
|t:|1769305022
|switch|p2a: Toxapex|Toxapex, F|100/100
|move|p1a: Golurk|Thunder Punch|p2a: Toxapex
|-supereffective|p2a: Toxapex
|-damage|p2a: Toxapex|77/100
|
|-heal|p2a: Toxapex|83/100|[from] item: Leftovers
|upkeep
|turn|3
|inactive|Battle timer is ON: inactive players will automatically lose when time's up. (requested by boomynote)
|
|t:|1769305033
|move|p1a: Golurk|Thunder Punch|p2a: Toxapex
|-supereffective|p2a: Toxapex
|-damage|p2a: Toxapex|57/100
|move|p2a: Toxapex|Chilling Water|p1a: Golurk
|-supereffective|p1a: Golurk
|-damage|p1a: Golurk|79/100
|-unboost|p1a: Golurk|atk|1
|
|-heal|p2a: Toxapex|63/100|[from] item: Leftovers
|upkeep
|turn|4
|
|t:|1769305050
|move|p1a: Golurk|Thunder Punch|p2a: Toxapex
|-supereffective|p2a: Toxapex
|-damage|p2a: Toxapex|45/100
|move|p2a: Toxapex|Chilling Water|p1a: Golurk
|-supereffective|p1a: Golurk
|-damage|p1a: Golurk|56/100
|-unboost|p1a: Golurk|atk|1
|
|-heal|p2a: Toxapex|51/100|[from] item: Leftovers
|upkeep
|turn|5
|
|t:|1769305060
|move|p1a: Golurk|Thunder Punch|p2a: Toxapex
|-supereffective|p2a: Toxapex
|-damage|p2a: Toxapex|37/100
|move|p2a: Toxapex|Toxic|p1a: Golurk
|-status|p1a: Golurk|tox
|
|-heal|p2a: Toxapex|43/100|[from] item: Leftovers
|-damage|p1a: Golurk|50/100 tox|[from] psn
|upkeep
|turn|6
|
|t:|1769305072
|switch|p1a: Kingambit|Kingambit, M|100/100
|-damage|p1a: Kingambit|94/100|[from] Stealth Rock
|move|p2a: Toxapex|Recover|p2a: Toxapex
|-heal|p2a: Toxapex|93/100
|
|-heal|p2a: Toxapex|99/100|[from] item: Leftovers
|upkeep
|turn|7
|
|t:|1769305085
|move|p1a: Kingambit|Zen Headbutt|p2a: Toxapex
|-supereffective|p2a: Toxapex
|-damage|p2a: Toxapex|69/100
|move|p2a: Toxapex|Chilling Water|p1a: Kingambit
|-damage|p1a: Kingambit|86/100
|-unboost|p1a: Kingambit|atk|1
|-ability|p1a: Kingambit|Defiant|boost
|-boost|p1a: Kingambit|atk|2
|
|-heal|p2a: Toxapex|75/100|[from] item: Leftovers
|upkeep
|turn|8
|
|t:|1769305097
|move|p1a: Kingambit|Zen Headbutt|p2a: Toxapex
|-supereffective|p2a: Toxapex
|-damage|p2a: Toxapex|35/100
|move|p2a: Toxapex|Chilling Water|p1a: Kingambit
|-damage|p1a: Kingambit|77/100
|-unboost|p1a: Kingambit|atk|1
|-ability|p1a: Kingambit|Defiant|boost
|-boost|p1a: Kingambit|atk|2
|
|-heal|p2a: Toxapex|41/100|[from] item: Leftovers
|upkeep
|turn|9
|
|t:|1769305108
|move|p1a: Kingambit|Zen Headbutt|p2a: Toxapex
|-supereffective|p2a: Toxapex
|-damage|p2a: Toxapex|0 fnt
|faint|p2a: Toxapex
|
|upkeep
|
|t:|1769305110
|switch|p2a: Ditto|Ditto|100/100
|-transform|p2a: Ditto|p1a: Kingambit|[from] ability: Imposter
|turn|10
|
|t:|1769305119
|move|p2a: Ditto|Brick Break|p1a: Kingambit
|-supereffective|p1a: Kingambit
|-damage|p1a: Kingambit|0 fnt
|faint|p1a: Kingambit
|
|upkeep
|c|☆boomynote|TY
|
|t:|1769305128
|switch|p1a: Golurk|Golurk|50/100 tox
|-damage|p1a: Golurk|44/100 tox|[from] Stealth Rock
|turn|11
|c|☆boomynote|XDD
|
|t:|1769305149
|move|p2a: Ditto|Sucker Punch|p1a: Golurk
|-supereffective|p1a: Golurk
|-damage|p1a: Golurk|0 fnt
|faint|p1a: Golurk
|
|upkeep
|c|☆boomynote|And who decided I was scarfed?
|
|t:|1769305167
|switch|p1a: Milotic|Milotic, F|100/100
|-damage|p1a: Milotic|88/100|[from] Stealth Rock
|turn|12
|
|t:|1769305186
|move|p1a: Milotic|Scald|p2a: Ditto
|-damage|p2a: Ditto|76/100
|move|p2a: Ditto|Iron Head|p1a: Milotic
|-resisted|p1a: Milotic
|-damage|p1a: Milotic|62/100
|
|-heal|p1a: Milotic|68/100|[from] item: Leftovers
|upkeep
|turn|13
|
|t:|1769305196
|switch|p2a: Skarmory|Skarmory, F|90/100
|move|p1a: Milotic|Scald|p2a: Skarmory
|-damage|p2a: Skarmory|54/100
|-status|p2a: Skarmory|brn
|
|-heal|p1a: Milotic|74/100|[from] item: Leftovers
|-heal|p2a: Skarmory|60/100 brn|[from] item: Leftovers
|-damage|p2a: Skarmory|54/100 brn|[from] brn
|upkeep
|turn|14
|
|t:|1769305207
|move|p1a: Milotic|Scald|p2a: Skarmory
|-damage|p2a: Skarmory|14/100 brn
|move|p2a: Skarmory|Roost|p2a: Skarmory
|-heal|p2a: Skarmory|64/100 brn
|-singleturn|p2a: Skarmory|move: Roost
|
|-heal|p1a: Milotic|80/100|[from] item: Leftovers
|-heal|p2a: Skarmory|70/100 brn|[from] item: Leftovers
|-damage|p2a: Skarmory|64/100 brn|[from] brn
|upkeep
|turn|15
|
|t:|1769305226
|move|p1a: Milotic|Scald|p2a: Skarmory
|-damage|p2a: Skarmory|28/100 brn
|move|p2a: Skarmory|Whirlwind|p1a: Milotic
|drag|p1a: Eelektross|Eelektross, M|100/100
|-damage|p1a: Eelektross|88/100|[from] Stealth Rock
|
|-heal|p2a: Skarmory|34/100 brn|[from] item: Leftovers
|-damage|p2a: Skarmory|28/100 brn|[from] brn
|upkeep
|turn|16
|
|t:|1769305248
|switch|p2a: Serperior|Serperior, M|100/100
|move|p1a: Eelektross|Discharge|p2a: Serperior
|-resisted|p2a: Serperior
|-damage|p2a: Serperior|87/100
|
|-heal|p2a: Serperior|93/100|[from] item: Leftovers
|upkeep
|turn|17
|
|t:|1769305258
|move|p2a: Serperior|Substitute|p2a: Serperior
|-start|p2a: Serperior|Substitute
|-damage|p2a: Serperior|68/100
|move|p1a: Eelektross|Charge Beam|p2a: Serperior|[miss]
|-miss|p1a: Eelektross|p2a: Serperior
|
|-heal|p2a: Serperior|75/100|[from] item: Leftovers
|upkeep
|turn|18
|
|t:|1769305266
|move|p1a: Eelektross|Charge Beam|p2a: Serperior
|-resisted|p2a: Serperior
|-activate|p2a: Serperior|move: Substitute|[damage]
|-boost|p1a: Eelektross|spa|1
|move|p2a: Serperior|Dragon Tail|p1a: Eelektross
|-damage|p1a: Eelektross|79/100
|drag|p1a: Milotic|Milotic, F|80/100
|-damage|p1a: Milotic|68/100|[from] Stealth Rock
|
|-heal|p2a: Serperior|81/100|[from] item: Leftovers
|-heal|p1a: Milotic|74/100|[from] item: Leftovers
|upkeep
|turn|19
|
|t:|1769305285
|move|p2a: Serperior|Glare|p1a: Milotic
|-status|p1a: Milotic|par
|cant|p1a: Milotic|par
|
|-heal|p2a: Serperior|87/100|[from] item: Leftovers
|-heal|p1a: Milotic|80/100 par|[from] item: Leftovers
|upkeep
|turn|20
|
|t:|1769305293
|move|p2a: Serperior|Leaf Storm|p1a: Milotic
|-supereffective|p1a: Milotic
|-crit|p1a: Milotic
|-damage|p1a: Milotic|3/100 par
|-boost|p2a: Serperior|spa|2
|cant|p1a: Milotic|par
|
|-heal|p2a: Serperior|93/100|[from] item: Leftovers
|-heal|p1a: Milotic|9/100 par|[from] item: Leftovers
|upkeep
|turn|21
|
|t:|1769305303
|move|p2a: Serperior|Leaf Storm|p1a: Milotic
|-supereffective|p1a: Milotic
|-damage|p1a: Milotic|0 fnt
|-boost|p2a: Serperior|spa|2
|faint|p1a: Milotic
|
|-heal|p2a: Serperior|99/100|[from] item: Leftovers
|upkeep
|c|☆boomynote|gg rly
|
|t:|1769305317
|switch|p1a: Gallade|Gallade, M|100/100
|-damage|p1a: Gallade|94/100|[from] Stealth Rock
|turn|22
|
|t:|1769305324
|move|p2a: Serperior|Glare|p1a: Gallade
|-status|p1a: Gallade|par
|move|p1a: Gallade|Ice Punch|p2a: Serperior
|-supereffective|p2a: Serperior
|-end|p2a: Serperior|Substitute
|
|-heal|p2a: Serperior|100/100|[from] item: Leftovers
|upkeep
|turn|23
|
|t:|1769305334
|move|p2a: Serperior|Substitute|p2a: Serperior
|-start|p2a: Serperior|Substitute
|-damage|p2a: Serperior|76/100
|move|p1a: Gallade|Ice Punch|p2a: Serperior
|-supereffective|p2a: Serperior
|-end|p2a: Serperior|Substitute
|
|-heal|p2a: Serperior|82/100|[from] item: Leftovers
|upkeep
|turn|24
|
|t:|1769305343
|move|p2a: Serperior|Substitute|p2a: Serperior
|-start|p2a: Serperior|Substitute
|-damage|p2a: Serperior|57/100
|move|p1a: Gallade|Ice Punch|p2a: Serperior
|-supereffective|p2a: Serperior
|-end|p2a: Serperior|Substitute
|
|-heal|p2a: Serperior|63/100|[from] item: Leftovers
|upkeep
|turn|25
|
|t:|1769305352
|move|p2a: Serperior|Substitute|p2a: Serperior
|-start|p2a: Serperior|Substitute
|-damage|p2a: Serperior|38/100
|move|p1a: Gallade|Ice Punch|p2a: Serperior
|-supereffective|p2a: Serperior
|-end|p2a: Serperior|Substitute
|
|-heal|p2a: Serperior|45/100|[from] item: Leftovers
|upkeep
|turn|26
|
|t:|1769305362
|move|p2a: Serperior|Substitute|p2a: Serperior
|-start|p2a: Serperior|Substitute
|-damage|p2a: Serperior|20/100
|move|p1a: Gallade|Ice Punch|p2a: Serperior
|-supereffective|p2a: Serperior
|-end|p2a: Serperior|Substitute
|
|-heal|p2a: Serperior|26/100|[from] item: Leftovers
|upkeep
|turn|27
|
|t:|1769305371
|move|p2a: Serperior|Substitute|p2a: Serperior
|-start|p2a: Serperior|Substitute
|-damage|p2a: Serperior|1/100
|move|p1a: Gallade|Ice Punch|p2a: Serperior
|-supereffective|p2a: Serperior
|-end|p2a: Serperior|Substitute
|
|-heal|p2a: Serperior|7/100|[from] item: Leftovers
|upkeep
|turn|28
|
|t:|1769305381
|move|p2a: Serperior|Leaf Storm|p1a: Gallade
|-damage|p1a: Gallade|0 fnt
|-boost|p2a: Serperior|spa|2
|faint|p1a: Gallade
|
|-heal|p2a: Serperior|13/100|[from] item: Leftovers
|upkeep
|c|☆boomynote|XDDD
|
|t:|1769305389
|switch|p1a: Weavile|Weavile, M|100/100
|-damage|p1a: Weavile|76/100|[from] Stealth Rock
|turn|29
|
|t:|1769305399
|switch|p2a: Skarmory|Skarmory, F|28/100 brn
|move|p1a: Weavile|Bite|p2a: Skarmory
|-damage|p2a: Skarmory|9/100 brn
|
|-heal|p2a: Skarmory|15/100 brn|[from] item: Leftovers
|-damage|p2a: Skarmory|9/100 brn|[from] brn
|upkeep
|turn|30
|
|t:|1769305412
|move|p1a: Weavile|Bite|p2a: Skarmory
|-damage|p2a: Skarmory|0 fnt
|faint|p2a: Skarmory
|
|upkeep
|
|t:|1769305415
|switch|p2a: Tyranitar|Tyranitar, M|100/100
|-weather|Sandstorm|[from] ability: Sand Stream|[of] p2a: Tyranitar
|turn|31
|
|t:|1769305424
|move|p1a: Weavile|Icicle Crash|p2a: Tyranitar
|-damage|p2a: Tyranitar|65/100
|move|p2a: Tyranitar|Thunder Wave|p1a: Weavile
|-status|p1a: Weavile|par
|
|-weather|Sandstorm|[upkeep]
|-damage|p1a: Weavile|70/100 par|[from] Sandstorm
|-heal|p2a: Tyranitar|71/100|[from] item: Leftovers
|upkeep
|turn|32
|
|t:|1769305436
|move|p1a: Weavile|Brick Break|p2a: Tyranitar
|-supereffective|p2a: Tyranitar
|-damage|p2a: Tyranitar|0 fnt
|faint|p2a: Tyranitar
|
|-weather|Sandstorm|[upkeep]
|-damage|p1a: Weavile|63/100 par|[from] Sandstorm
|upkeep
|
|t:|1769305446
|switch|p2a: Ditto|Ditto|76/100
|-transform|p2a: Ditto|p1a: Weavile|[from] ability: Imposter
|turn|33
|
|t:|1769305451
|move|p2a: Ditto|Brick Break|p1a: Weavile
|-supereffective|p1a: Weavile
|-damage|p1a: Weavile|0 fnt
|faint|p1a: Weavile
|
|-weather|Sandstorm|[upkeep]
|-damage|p2a: Ditto|70/100|[from] Sandstorm
|upkeep
|c|☆boomynote|using brick break
|c|☆boomynote|outplayed
|
|t:|1769305459
|switch|p1a: Eelektross|Eelektross, M|79/100
|-damage|p1a: Eelektross|66/100|[from] Stealth Rock
|turn|34
|
|t:|1769305467
|move|p2a: Ditto|Bite|p1a: Eelektross
|-damage|p1a: Eelektross|38/100
|cant|p1a: Eelektross|flinch
|
|-weather|Sandstorm|[upkeep]
|-damage|p2a: Ditto|64/100|[from] Sandstorm
|-damage|p1a: Eelektross|32/100|[from] Sandstorm
|upkeep
|turn|35
|
|t:|1769305475
|move|p2a: Ditto|Bite|p1a: Eelektross
|-damage|p1a: Eelektross|3/100
|-enditem|p1a: Eelektross|Aguav Berry|[eat]
|-heal|p1a: Eelektross|37/100|[from] item: Aguav Berry
|cant|p1a: Eelektross|flinch
|
|-weather|none
|upkeep
|turn|36
|c|☆boomynote|get flinched bozo
|
|t:|1769305484
|move|p2a: Ditto|Bite|p1a: Eelektross
|-damage|p1a: Eelektross|6/100
|move|p1a: Eelektross|Drain Punch|p2a: Ditto
|-supereffective|p2a: Ditto
|-damage|p2a: Ditto|0 fnt
|-heal|p1a: Eelektross|37/100|[from] drain|[of] p2a: Ditto
|faint|p2a: Ditto
|
|upkeep
|c|☆boomynote|get flinched bozo
|
|t:|1769305495
|switch|p2a: Pelipper|Pelipper, F|100/100
|-weather|RainDance|[from] ability: Drizzle|[of] p2a: Pelipper
|turn|37
|
|t:|1769305499
|move|p2a: Pelipper|Hurricane|p1a: Eelektross
|-resisted|p1a: Eelektross
|-damage|p1a: Eelektross|8/100
|move|p1a: Eelektross|Discharge|p2a: Pelipper
|-supereffective|p2a: Pelipper
|-damage|p2a: Pelipper|0 fnt
|faint|p2a: Pelipper
|
|-weather|RainDance|[upkeep]
|upkeep
|c|☆boomynote|pelipper victim
|
|t:|1769305505
|switch|p2a: Serperior|Serperior, M|13/100
|turn|38
|c|☆boomynote|imagine u have sucker punch
|
|t:|1769305533
|move|p2a: Serperior|Leaf Storm|p1a: Eelektross
|-damage|p1a: Eelektross|0 fnt
|-boost|p2a: Serperior|spa|2
|faint|p1a: Eelektross
|
|win|boomynote
|raw|sasori96's rating: 1000 &rarr; <strong>1000</strong><br />(+0 for losing)
|raw|boomynote's rating: 1068 &rarr; <strong>1092</strong><br />(+24 for winning)
|l|☆boomynote
|player|p2|
