|j|☆nepheli.jpg
|j|☆natanmarci
|t:|1769334256
|gametype|singles
|player|p1|nepheli.jpg|cynthia-gen4|1085
|player|p2|natanmarci|steven|1073
|gen|9
|tier|[Gen 9] OU
|rated|
|rule|HP Percentage Mod: HP is shown in percentages
|rule|Endless Battle Clause: Forcing endless battles is banned
|rule|Species Clause: Limit one of each Pokémon
|rule|OHKO Clause: OHKO moves are banned
|rule|Evasion Items Clause: Evasion items are banned
|rule|Evasion Moves Clause: Evasion moves are banned
|rule|Evasion Abilities Clause: Evasion abilities are banned
|rule|Sleep Moves Clause: Sleep-inducing moves are banned
|clearpoke
|poke|p1|Keldeo-Resolute|
|poke|p1|Dragapult, M|
|poke|p1|Slowking-Galar, F|
|poke|p1|Kingambit, F|
|poke|p1|Zapdos|
|poke|p1|Great Tusk|
|poke|p2|Skeledirge, F|
|poke|p2|Porygon2|
|poke|p2|Exeggutor, M|
|poke|p2|Ursaluna, F|
|poke|p2|Dragonite, F|
|poke|p2|Toxapex, M|
|teampreview
|
|t:|1769334287
|teamsize|p1|6
|teamsize|p2|6
|start
|switch|p1a: Ascended Phantom|Dragapult, M|100/100
|switch|p2a: Exeggutor|Exeggutor, M, shiny|100/100
|turn|1
|inactive|Battle timer is ON: inactive players will automatically lose when time's up. (requested by nepheli.jpg)
|
|t:|1769334296
|move|p1a: Ascended Phantom|Dragon Darts|p2a: Exeggutor
|-damage|p2a: Exeggutor|65/100
|-anim|p1a: Ascended Phantom|Dragon Darts|p2a: Exeggutor
|-damage|p2a: Exeggutor|32/100
|move|p2a: Exeggutor|Trick Room|p2a: Exeggutor
|-fieldstart|move: Trick Room|[of] p2a: Exeggutor
|
|upkeep
|turn|2
|
|t:|1769334303
|move|p2a: Exeggutor|Psychic|p1a: Ascended Phantom
|-damage|p1a: Ascended Phantom|48/100
|move|p1a: Ascended Phantom|Dragon Darts|p2a: Exeggutor
|-damage|p2a: Exeggutor|1/100
|-anim|p1a: Ascended Phantom|Dragon Darts|p2a: Exeggutor
|-damage|p2a: Exeggutor|0 fnt
|faint|p2a: Exeggutor
|
|upkeep
|
|t:|1769334312
|switch|p2a: Ursaluna|Ursaluna, F, shiny|100/100
|turn|3
|
|t:|1769334315
|move|p2a: Ursaluna|Earthquake|p1a: Ascended Phantom
|-damage|p1a: Ascended Phantom|0 fnt
|faint|p1a: Ascended Phantom
|
|-status|p2a: Ursaluna|brn|[from] item: Flame Orb
|upkeep
|
|t:|1769334329
|switch|p1a: Wrath of Broly|Great Tusk|100/100
|-enditem|p1a: Wrath of Broly|Booster Energy
|-activate|p1a: Wrath of Broly|ability: Protosynthesis|[fromitem]
|-start|p1a: Wrath of Broly|protosynthesisatk
|turn|4
|
|t:|1769334337
|move|p2a: Ursaluna|Facade|p1a: Wrath of Broly
|-damage|p1a: Wrath of Broly|17/100
|move|p1a: Wrath of Broly|Ice Spinner|p2a: Ursaluna
|-supereffective|p2a: Ursaluna
|-damage|p2a: Ursaluna|44/100 brn
|
|-damage|p2a: Ursaluna|38/100 brn|[from] brn
|upkeep
|turn|5
|
|t:|1769334348
|move|p2a: Ursaluna|Facade|p1a: Wrath of Broly
|-damage|p1a: Wrath of Broly|0 fnt
|faint|p1a: Wrath of Broly
|-end|p1a: Wrath of Broly|Protosynthesis|[silent]
|
|-damage|p2a: Ursaluna|32/100 brn|[from] brn
|-fieldend|move: Trick Room
|upkeep
|
|t:|1769334354
|switch|p1a: Trunks’ Resolve|Keldeo-Resolute|100/100
|turn|6
|
|t:|1769334363
|switch|p2a: Toxapex|Toxapex, M, shiny|100/100
|move|p1a: Trunks’ Resolve|Substitute|p1a: Trunks’ Resolve
|-start|p1a: Trunks’ Resolve|Substitute
|-damage|p1a: Trunks’ Resolve|76/100
|
|-heal|p1a: Trunks’ Resolve|82/100|[from] item: Leftovers
|upkeep
|turn|7
|
|t:|1769334378
|move|p2a: Toxapex|Baneful Bunker|p2a: Toxapex
|-singleturn|p2a: Toxapex|move: Protect
|move|p1a: Trunks’ Resolve|Calm Mind|p1a: Trunks’ Resolve
|-boost|p1a: Trunks’ Resolve|spa|1
|-boost|p1a: Trunks’ Resolve|spd|1
|
|-heal|p1a: Trunks’ Resolve|88/100|[from] item: Leftovers
|upkeep
|turn|8
|
|t:|1769334383
|move|p1a: Trunks’ Resolve|Calm Mind|p1a: Trunks’ Resolve
|-boost|p1a: Trunks’ Resolve|spa|1
|-boost|p1a: Trunks’ Resolve|spd|1
|move|p2a: Toxapex|Haze|p2a: Toxapex
|-clearallboost
|
|-heal|p1a: Trunks’ Resolve|94/100|[from] item: Leftovers
|upkeep
|turn|9
|
|t:|1769334386
|move|p2a: Toxapex|Baneful Bunker|p2a: Toxapex
|-singleturn|p2a: Toxapex|move: Protect
|move|p1a: Trunks’ Resolve|Calm Mind|p1a: Trunks’ Resolve
|-boost|p1a: Trunks’ Resolve|spa|1
|-boost|p1a: Trunks’ Resolve|spd|1
|
|-heal|p1a: Trunks’ Resolve|99/100|[from] item: Leftovers
|upkeep
|turn|10
|
|t:|1769334394
|move|p1a: Trunks’ Resolve|Calm Mind|p1a: Trunks’ Resolve
|-boost|p1a: Trunks’ Resolve|spa|1
|-boost|p1a: Trunks’ Resolve|spd|1
|move|p2a: Toxapex|Haze|p2a: Toxapex
|-clearallboost
|
|-heal|p1a: Trunks’ Resolve|100/100|[from] item: Leftovers
|upkeep
|turn|11
|
|t:|1769334398
|move|p1a: Trunks’ Resolve|Secret Sword|p2a: Toxapex
|-resisted|p2a: Toxapex
|-damage|p2a: Toxapex|88/100
|move|p2a: Toxapex|Haze|p2a: Toxapex
|-clearallboost
|
|-heal|p2a: Toxapex|94/100|[from] item: Black Sludge
|upkeep
|turn|12
|
|t:|1769334404
|move|p2a: Toxapex|Baneful Bunker|p2a: Toxapex
|-singleturn|p2a: Toxapex|move: Protect
|move|p1a: Trunks’ Resolve|Calm Mind|p1a: Trunks’ Resolve
|-boost|p1a: Trunks’ Resolve|spa|1
|-boost|p1a: Trunks’ Resolve|spd|1
|
|-heal|p2a: Toxapex|99/100|[from] item: Black Sludge
|upkeep
|turn|13
|
|t:|1769334411
|move|p1a: Trunks’ Resolve|Secret Sword|p2a: Toxapex
|-resisted|p2a: Toxapex
|-damage|p2a: Toxapex|80/100
|move|p2a: Toxapex|Haze|p2a: Toxapex
|-clearallboost
|
|-heal|p2a: Toxapex|87/100|[from] item: Black Sludge
|upkeep
|turn|14
|
|t:|1769334432
|move|p1a: Trunks’ Resolve|Calm Mind|p1a: Trunks’ Resolve
|-boost|p1a: Trunks’ Resolve|spa|1
|-boost|p1a: Trunks’ Resolve|spd|1
|move|p2a: Toxapex|Haze|p2a: Toxapex
|-clearallboost
|
|-heal|p2a: Toxapex|93/100|[from] item: Black Sludge
|upkeep
|turn|15
|
|t:|1769334438
|switch|p2a: Dragonite|Dragonite, F, shiny|100/100
|move|p1a: Trunks’ Resolve|Surf|p2a: Dragonite
|-resisted|p2a: Dragonite
|-damage|p2a: Dragonite|83/100
|
|upkeep
|turn|16
|
|t:|1769334444
|-terastallize|p2a: Dragonite|Fairy
|move|p2a: Dragonite|Extreme Speed|p1a: Trunks’ Resolve
|-end|p1a: Trunks’ Resolve|Substitute
|move|p1a: Trunks’ Resolve|Calm Mind|p1a: Trunks’ Resolve
|-boost|p1a: Trunks’ Resolve|spa|1
|-boost|p1a: Trunks’ Resolve|spd|1
|
|upkeep
|turn|17
|
|t:|1769334455
|move|p2a: Dragonite|Extreme Speed|p1a: Trunks’ Resolve
|-damage|p1a: Trunks’ Resolve|68/100
|move|p1a: Trunks’ Resolve|Secret Sword|p2a: Dragonite
|-resisted|p2a: Dragonite
|-damage|p2a: Dragonite|53/100
|
|-heal|p1a: Trunks’ Resolve|75/100|[from] item: Leftovers
|upkeep
|turn|18
|
|t:|1769334462
|move|p2a: Dragonite|Extreme Speed|p1a: Trunks’ Resolve
|-damage|p1a: Trunks’ Resolve|43/100
|move|p1a: Trunks’ Resolve|Calm Mind|p1a: Trunks’ Resolve
|-boost|p1a: Trunks’ Resolve|spa|1
|-boost|p1a: Trunks’ Resolve|spd|1
|
|-heal|p1a: Trunks’ Resolve|49/100|[from] item: Leftovers
|upkeep
|turn|19
|
|t:|1769334467
|move|p2a: Dragonite|Extreme Speed|p1a: Trunks’ Resolve
|-damage|p1a: Trunks’ Resolve|21/100
|move|p1a: Trunks’ Resolve|Secret Sword|p2a: Dragonite
|-resisted|p2a: Dragonite
|-damage|p2a: Dragonite|13/100
|
|-heal|p1a: Trunks’ Resolve|27/100|[from] item: Leftovers
|upkeep
|turn|20
|
|t:|1769334496
|-terastallize|p1a: Trunks’ Resolve|Steel
|move|p2a: Dragonite|Extreme Speed|p1a: Trunks’ Resolve
|-resisted|p1a: Trunks’ Resolve
|-crit|p1a: Trunks’ Resolve
|-damage|p1a: Trunks’ Resolve|4/100
|move|p1a: Trunks’ Resolve|Secret Sword|p2a: Dragonite
|-resisted|p2a: Dragonite
|-damage|p2a: Dragonite|0 fnt
|faint|p2a: Dragonite
|
|-heal|p1a: Trunks’ Resolve|10/100|[from] item: Leftovers
|upkeep
|
|t:|1769334505
|switch|p2a: Toxapex|Toxapex, M, shiny|100/100
|turn|21
|
|t:|1769334508
|move|p2a: Toxapex|Baneful Bunker|p2a: Toxapex
|-singleturn|p2a: Toxapex|move: Protect
|move|p1a: Trunks’ Resolve|Secret Sword|p2a: Toxapex
|-activate|p2a: Toxapex|move: Protect
|
|-heal|p1a: Trunks’ Resolve|16/100|[from] item: Leftovers
|upkeep
|turn|22
|
|t:|1769334520
|move|p1a: Trunks’ Resolve|Secret Sword|p2a: Toxapex
|-resisted|p2a: Toxapex
|-damage|p2a: Toxapex|74/100
|move|p2a: Toxapex|Haze|p2a: Toxapex
|-clearallboost
|
|-heal|p1a: Trunks’ Resolve|22/100|[from] item: Leftovers
|-heal|p2a: Toxapex|80/100|[from] item: Black Sludge
|upkeep
|turn|23
|
|t:|1769334524
|move|p2a: Toxapex|Baneful Bunker|p2a: Toxapex
|-singleturn|p2a: Toxapex|move: Protect
|move|p1a: Trunks’ Resolve|Surf|p2a: Toxapex
|-activate|p2a: Toxapex|move: Protect
|
|-heal|p1a: Trunks’ Resolve|28/100|[from] item: Leftovers
|-heal|p2a: Toxapex|86/100|[from] item: Black Sludge
|upkeep
|turn|24
|
|t:|1769334534
|switch|p1a: Raijin Kaiōken|Zapdos|100/100
|switch|p2a: Porygon2|Porygon2, shiny|100/100
|-ability|p2a: Porygon2|Download|boost
|-boost|p2a: Porygon2|spa|1
|
|upkeep
|turn|25
|
|t:|1769334539
|move|p1a: Raijin Kaiōken|Discharge|p2a: Porygon2
|-damage|p2a: Porygon2|81/100
|move|p2a: Porygon2|Trick Room|p2a: Porygon2
|-fieldstart|move: Trick Room|[of] p2a: Porygon2
|
|upkeep
|turn|26
|
|t:|1769334544
|move|p2a: Porygon2|Ice Beam|p1a: Raijin Kaiōken
|-supereffective|p1a: Raijin Kaiōken
|-damage|p1a: Raijin Kaiōken|27/100
|-status|p1a: Raijin Kaiōken|frz
|cant|p1a: Raijin Kaiōken|frz
|
|upkeep
|turn|27
|
|t:|1769334554
|switch|p2a: Ursaluna|Ursaluna, F, shiny|32/100 brn
|cant|p1a: Raijin Kaiōken|frz
|
|-damage|p2a: Ursaluna|25/100 brn|[from] brn
|upkeep
|turn|28
|
|t:|1769334561
|move|p2a: Ursaluna|Facade|p1a: Raijin Kaiōken
|-crit|p1a: Raijin Kaiōken
|-damage|p1a: Raijin Kaiōken|0 fnt
|faint|p1a: Raijin Kaiōken
|
|-damage|p2a: Ursaluna|19/100 brn|[from] brn
|upkeep
|
|t:|1769334574
|switch|p1a: Trunks’ Resolve|Keldeo-Resolute, tera:Steel|28/100
|turn|29
|
|t:|1769334579
|move|p2a: Ursaluna|Earthquake|p1a: Trunks’ Resolve
|-supereffective|p1a: Trunks’ Resolve
|-damage|p1a: Trunks’ Resolve|0 fnt
|faint|p1a: Trunks’ Resolve
|
|-damage|p2a: Ursaluna|13/100 brn|[from] brn
|-fieldend|move: Trick Room
|upkeep
|
|t:|1769334581
|switch|p1a: Kami’s Vision|Slowking-Galar, F|100/100
|turn|30
|
|t:|1769334591
|move|p2a: Ursaluna|Headlong Rush|p1a: Kami’s Vision
|-supereffective|p1a: Kami’s Vision
|-damage|p1a: Kami’s Vision|0 fnt
|-unboost|p2a: Ursaluna|def|1
|-unboost|p2a: Ursaluna|spd|1
|faint|p1a: Kami’s Vision
|
|-damage|p2a: Ursaluna|7/100 brn|[from] brn
|upkeep
|
|t:|1769334593
|switch|p1a: Crutch Gambit|Kingambit, F|100/100
|-activate|p1a: Crutch Gambit|ability: Supreme Overlord
|-start|p1a: Crutch Gambit|fallen5|[silent]
|turn|31
|
|t:|1769334596
|move|p1a: Crutch Gambit|Sucker Punch|p2a: Ursaluna
|-damage|p2a: Ursaluna|0 fnt
|faint|p2a: Ursaluna
|
|upkeep
|
|t:|1769334616
|switch|p2a: Porygon2|Porygon2, shiny|81/100
|-ability|p2a: Porygon2|Download|boost
|-boost|p2a: Porygon2|spa|1
|turn|32
|
|t:|1769334628
|move|p1a: Crutch Gambit|Swords Dance|p1a: Crutch Gambit
|-boost|p1a: Crutch Gambit|atk|2
|move|p2a: Porygon2|Tera Blast|p1a: Crutch Gambit
|-resisted|p1a: Crutch Gambit
|-damage|p1a: Crutch Gambit|75/100
|
|-heal|p1a: Crutch Gambit|81/100|[from] item: Leftovers
|upkeep
|turn|33
|
|t:|1769334637
|move|p1a: Crutch Gambit|Sucker Punch||[still]
|-fail|p1a: Crutch Gambit
|move|p2a: Porygon2|Trick Room|p2a: Porygon2
|-fieldstart|move: Trick Room|[of] p2a: Porygon2
|
|-heal|p1a: Crutch Gambit|87/100|[from] item: Leftovers
|upkeep
|turn|34
|
|t:|1769334640
|move|p1a: Crutch Gambit|Sucker Punch|p2a: Porygon2
|-crit|p2a: Porygon2
|-damage|p2a: Porygon2|0 fnt
|faint|p2a: Porygon2
|
|-heal|p1a: Crutch Gambit|93/100|[from] item: Leftovers
|upkeep
|
|t:|1769334646
|switch|p2a: Skeledirge|Skeledirge, F, shiny|100/100
|turn|35
|
|t:|1769334658
|move|p2a: Skeledirge|Protect|p2a: Skeledirge
|-singleturn|p2a: Skeledirge|Protect
|move|p1a: Crutch Gambit|Sucker Punch||[still]
|-fail|p1a: Crutch Gambit
|
|-heal|p1a: Crutch Gambit|99/100|[from] item: Leftovers
|upkeep
|turn|36
|
|t:|1769334665
|move|p1a: Crutch Gambit|Sucker Punch|p2a: Skeledirge
|-supereffective|p2a: Skeledirge
|-damage|p2a: Skeledirge|0 fnt
|faint|p2a: Skeledirge
|
|-heal|p1a: Crutch Gambit|100/100|[from] item: Leftovers
|upkeep
|
|t:|1769334667
|switch|p2a: Toxapex|Toxapex, M, shiny|100/100
|turn|37
|
|t:|1769334678
|move|p1a: Crutch Gambit|Sucker Punch||[still]
|-fail|p1a: Crutch Gambit
|move|p2a: Toxapex|Haze|p2a: Toxapex
|-clearallboost
|
|-fieldend|move: Trick Room
|upkeep
|turn|38
|
|t:|1769334683
|move|p2a: Toxapex|Baneful Bunker|p2a: Toxapex
|-singleturn|p2a: Toxapex|move: Protect
|move|p1a: Crutch Gambit|Sucker Punch||[still]
|-fail|p1a: Crutch Gambit
|
|upkeep
|turn|39
|
|t:|1769334688
|move|p1a: Crutch Gambit|Sucker Punch||[still]
|-fail|p1a: Crutch Gambit
|move|p2a: Toxapex|Haze|p2a: Toxapex
|-clearallboost
|
|upkeep
|turn|40
|
|t:|1769334693
|move|p2a: Toxapex|Baneful Bunker|p2a: Toxapex
|-singleturn|p2a: Toxapex|move: Protect
|move|p1a: Crutch Gambit|Kowtow Cleave|p2a: Toxapex
|-activate|p2a: Toxapex|move: Protect
|
|upkeep
|turn|41
|
|t:|1769334708
|move|p1a: Crutch Gambit|Kowtow Cleave|p2a: Toxapex
|-crit|p2a: Toxapex
|-damage|p2a: Toxapex|30/100
|move|p2a: Toxapex|Recover|p2a: Toxapex
|-heal|p2a: Toxapex|80/100
|
|-heal|p2a: Toxapex|87/100|[from] item: Black Sludge
|upkeep
|turn|42
|
|t:|1769334712
|move|p2a: Toxapex|Baneful Bunker|p2a: Toxapex
|-singleturn|p2a: Toxapex|move: Protect
|move|p1a: Crutch Gambit|Kowtow Cleave|p2a: Toxapex
|-activate|p2a: Toxapex|move: Protect
|
|-heal|p2a: Toxapex|93/100|[from] item: Black Sludge
|upkeep
|turn|43
|
|t:|1769334718
|move|p1a: Crutch Gambit|Kowtow Cleave|p2a: Toxapex
|-damage|p2a: Toxapex|41/100
|move|p2a: Toxapex|Recover|p2a: Toxapex
|-heal|p2a: Toxapex|91/100
|
|-heal|p2a: Toxapex|98/100|[from] item: Black Sludge
|upkeep
|turn|44
|
|t:|1769334721
|move|p2a: Toxapex|Baneful Bunker|p2a: Toxapex
|-singleturn|p2a: Toxapex|move: Protect
|move|p1a: Crutch Gambit|Kowtow Cleave|p2a: Toxapex
|-activate|p2a: Toxapex|move: Protect
|
|-heal|p2a: Toxapex|100/100|[from] item: Black Sludge
|upkeep
|turn|45
|
|t:|1769334728
|move|p1a: Crutch Gambit|Kowtow Cleave|p2a: Toxapex
|-crit|p2a: Toxapex
|-damage|p2a: Toxapex|28/100
|move|p2a: Toxapex|Haze|p2a: Toxapex
|-clearallboost
|
|-heal|p2a: Toxapex|34/100|[from] item: Black Sludge
|upkeep
|turn|46
|
|t:|1769334733
|move|p2a: Toxapex|Baneful Bunker|p2a: Toxapex
|-singleturn|p2a: Toxapex|move: Protect
|move|p1a: Crutch Gambit|Kowtow Cleave|p2a: Toxapex
|-activate|p2a: Toxapex|move: Protect
|
|-heal|p2a: Toxapex|41/100|[from] item: Black Sludge
|upkeep
|turn|47
|
|t:|1769334736
|move|p1a: Crutch Gambit|Kowtow Cleave|p2a: Toxapex
|-damage|p2a: Toxapex|0 fnt
|faint|p2a: Toxapex
|
|win|nepheli.jpg
|raw|nepheli.jpg's rating: 1085 &rarr; <strong>1111</strong><br />(+26 for winning)
|raw|natanmarci's rating: 1073 &rarr; <strong>1053</strong><br />(-20 for losing)
|l|☆natanmarci
|player|p2|
|l|☆nepheli.jpg
|player|p1|
