|j|☆WeRrsome
|j|☆getreyal
|t:|1769442878
|gametype|singles
|player|p1|WeRrsome|1|1664
|player|p2|getreyal|pokemonbreeder-gen4|1721
|gen|9
|tier|[Gen 9] OU
|rated|
|rule|HP Percentage Mod: HP is shown in percentages
|rule|Endless Battle Clause: Forcing endless battles is banned
|rule|Species Clause: Limit one of each Pokémon
|rule|OHKO Clause: OHKO moves are banned
|rule|Evasion Items Clause: Evasion items are banned
|rule|Evasion Moves Clause: Evasion moves are banned
|rule|Evasion Abilities Clause: Evasion abilities are banned
|rule|Sleep Moves Clause: Sleep-inducing moves are banned
|clearpoke
|poke|p1|Araquanid, F|
|poke|p1|Raging Bolt|
|poke|p1|Dragonite, M|
|poke|p1|Iron Treads|
|poke|p1|Landorus-Therian, M|
|poke|p1|Ogerpon, F|
|poke|p2|Ting-Lu|
|poke|p2|Corviknight, M|
|poke|p2|Chesnaught, M|
|poke|p2|Primarina, F|
|poke|p2|Garganacl, M|
|poke|p2|Slowking-Galar, F|
|teampreview
|inactive|Battle timer is ON: inactive players will automatically lose when time's up. (requested by WeRrsome)
|
|t:|1769442906
|teamsize|p1|6
|teamsize|p2|6
|start
|switch|p1a: Ogerpon|Ogerpon, F|100/100
|switch|p2a: Corviknight|Corviknight, M|100/100
|-ability|p2a: Corviknight|Pressure
|turn|1
|
|t:|1769442926
|switch|p1a: Landorus|Landorus-Therian, M|100/100
|-ability|p1a: Landorus|Intimidate|boost
|-unboost|p2a: Corviknight|atk|1
|move|p2a: Corviknight|U-turn|p1a: Landorus
|-resisted|p1a: Landorus
|-damage|p1a: Landorus|95/100
|
|t:|1769442929
|switch|p2a: Primarina|Primarina, F|100/100|[from] U-turn
|
|upkeep
|turn|2
|j| beeboobaa
|
|t:|1769442938
|move|p1a: Landorus|U-turn|p2a: Primarina
|-resisted|p2a: Primarina
|-damage|p2a: Primarina|91/100
|
|t:|1769442941
|switch|p1a: Araquanid|Araquanid, F|100/100|[from] U-turn
|move|p2a: Primarina|Substitute|p2a: Primarina
|-start|p2a: Primarina|Substitute
|-damage|p2a: Primarina|66/100
|
|upkeep
|turn|3
|
|t:|1769442946
|move|p2a: Primarina|Calm Mind|p2a: Primarina
|-boost|p2a: Primarina|spa|1
|-boost|p2a: Primarina|spd|1
|move|p1a: Araquanid|Liquidation|p2a: Primarina
|-resisted|p2a: Primarina
|-end|p2a: Primarina|Substitute
|
|upkeep
|turn|4
|
|t:|1769442948
|move|p2a: Primarina|Draining Kiss|p1a: Araquanid
|-damage|p1a: Araquanid|76/100
|-heal|p2a: Primarina|83/100|[from] drain|[of] p1a: Araquanid
|move|p1a: Araquanid|Liquidation|p2a: Primarina
|-resisted|p2a: Primarina
|-damage|p2a: Primarina|58/100
|
|upkeep
|turn|5
|
|t:|1769442951
|switch|p1a: Iron Treads|Iron Treads|100/100
|move|p2a: Primarina|Draining Kiss|p1a: Iron Treads
|-resisted|p1a: Iron Treads
|-damage|p1a: Iron Treads|93/100
|-heal|p2a: Primarina|64/100|[from] drain|[of] p1a: Iron Treads
|
|upkeep
|turn|6
|
|t:|1769442953
|move|p1a: Iron Treads|Iron Head|p2a: Primarina
|-damage|p2a: Primarina|41/100
|move|p2a: Primarina|Psychic Noise|p1a: Iron Treads
|-supereffective|p1a: Iron Treads
|-damage|p1a: Iron Treads|42/100
|-start|p1a: Iron Treads|move: Heal Block
|
|upkeep
|turn|7
|
|t:|1769442958
|switch|p2a: Corviknight|Corviknight, M|100/100
|-ability|p2a: Corviknight|Pressure
|move|p1a: Iron Treads|Iron Head|p2a: Corviknight
|-resisted|p2a: Corviknight
|-damage|p2a: Corviknight|91/100
|-damage|p1a: Iron Treads|25/100|[from] item: Rocky Helmet|[of] p2a: Corviknight
|
|-end|p1a: Iron Treads|move: Heal Block
|upkeep
|turn|8
|
|t:|1769442963
|-end|p1a: Iron Treads|Quark Drive|[silent]
|switch|p1a: Raging Bolt|Raging Bolt|100/100
|move|p2a: Corviknight|U-turn|p1a: Raging Bolt
|-damage|p1a: Raging Bolt|89/100
|
|t:|1769442966
|switch|p2a: Ting-Lu|Ting-Lu|100/100|[from] U-turn
|-ability|p2a: Ting-Lu|Vessel of Ruin
|
|upkeep
|turn|9
|
|t:|1769442970
|-end|p1a: Raging Bolt|Protosynthesis|[silent]
|switch|p1a: Araquanid|Araquanid, F|76/100
|move|p2a: Ting-Lu|Spikes|p1a: Araquanid
|-sidestart|p1: WeRrsome|Spikes
|
|upkeep
|turn|10
|
|t:|1769442973
|switch|p2a: Chesnaught|Chesnaught, M|100/100
|move|p1a: Araquanid|Sticky Web|p2a: Chesnaught
|-sidestart|p2: getreyal|move: Sticky Web
|
|upkeep
|turn|11
|
|t:|1769442980
|switch|p1a: Dragonite|Dragonite, M|100/100
|move|p2a: Chesnaught|Knock Off|p1a: Dragonite
|-damage|p1a: Dragonite|92/100
|-damage|p2a: Chesnaught|84/100|[from] item: Rocky Helmet|[of] p1a: Dragonite
|-enditem|p1a: Dragonite|Rocky Helmet|[from] move: Knock Off|[of] p2a: Chesnaught
|
|upkeep
|turn|12
|
|t:|1769442984
|switch|p2a: Garganacl|Garganacl, M|100/100
|-activate|p2a: Garganacl|move: Sticky Web
|-unboost|p2a: Garganacl|spe|1
|move|p1a: Dragonite|Thunder Wave|p2a: Garganacl
|-immune|p2a: Garganacl|[from] ability: Purifying Salt
|
|upkeep
|turn|13
|
|t:|1769442991
|switch|p1a: Landorus|Landorus-Therian, M|95/100
|-ability|p1a: Landorus|Intimidate|boost
|-unboost|p2a: Garganacl|atk|1
|move|p2a: Garganacl|Salt Cure|p1a: Landorus
|-damage|p1a: Landorus|85/100
|-start|p1a: Landorus|Salt Cure
|
|-damage|p1a: Landorus|72/100|[from] Salt Cure
|upkeep
|turn|14
|
|t:|1769442993
|switch|p1a: Ogerpon|Ogerpon, F|100/100
|-damage|p1a: Ogerpon|88/100|[from] Spikes
|move|p2a: Garganacl|Protect||[still]
|-fail|p2a: Garganacl
|
|upkeep
|turn|15
|
|t:|1769443000
|switch|p2a: Chesnaught|Chesnaught, M|84/100
|-activate|p2a: Chesnaught|move: Sticky Web
|-unboost|p2a: Chesnaught|spe|1
|move|p1a: Ogerpon|Ivy Cudgel|p2a: Chesnaught
|-resisted|p2a: Chesnaught
|-damage|p2a: Chesnaught|63/100
|
|upkeep
|turn|16
|
|t:|1769443004
|switch|p1a: Dragonite|Dragonite, M|92/100
|move|p2a: Chesnaught|Knock Off|p1a: Dragonite
|-damage|p1a: Dragonite|82/100
|
|upkeep
|turn|17
|
|t:|1769443009
|switch|p1a: Ogerpon|Ogerpon, F|88/100
|-damage|p1a: Ogerpon|76/100|[from] Spikes
|move|p2a: Chesnaught|Synthesis|p2a: Chesnaught
|-heal|p2a: Chesnaught|100/100
|
|upkeep
|turn|18
|
|t:|1769443012
|move|p1a: Ogerpon|U-turn|p2a: Chesnaught
|-damage|p2a: Chesnaught|80/100
|-damage|p1a: Ogerpon|59/100|[from] item: Rocky Helmet|[of] p2a: Chesnaught
|
|t:|1769443015
|switch|p1a: Dragonite|Dragonite, M|82/100|[from] U-turn
|move|p2a: Chesnaught|Body Press|p1a: Dragonite
|-resisted|p1a: Dragonite
|-damage|p1a: Dragonite|67/100
|
|upkeep
|turn|19
|
|t:|1769443018
|switch|p2a: Garganacl|Garganacl, M|100/100
|-activate|p2a: Garganacl|move: Sticky Web
|-unboost|p2a: Garganacl|spe|1
|move|p1a: Dragonite|Thunder Wave|p2a: Garganacl
|-immune|p2a: Garganacl|[from] ability: Purifying Salt
|
|upkeep
|turn|20
|
|t:|1769443029
|switch|p1a: Landorus|Landorus-Therian, M|72/100
|-ability|p1a: Landorus|Intimidate|boost
|-unboost|p2a: Garganacl|atk|1
|move|p2a: Garganacl|Salt Cure|p1a: Landorus
|-damage|p1a: Landorus|61/100
|-start|p1a: Landorus|Salt Cure
|
|-damage|p1a: Landorus|48/100|[from] Salt Cure
|upkeep
|turn|21
|
|t:|1769443032
|move|p2a: Garganacl|Protect|p2a: Garganacl
|-singleturn|p2a: Garganacl|Protect
|move|p1a: Landorus|Stealth Rock|p2a: Garganacl
|-sidestart|p2: getreyal|move: Stealth Rock
|
|-damage|p1a: Landorus|36/100|[from] Salt Cure
|upkeep
|turn|22
|
|t:|1769443038
|switch|p1a: Raging Bolt|Raging Bolt|89/100
|-damage|p1a: Raging Bolt|77/100|[from] Spikes
|move|p2a: Garganacl|Stealth Rock|p1a: Raging Bolt
|-sidestart|p1: WeRrsome|move: Stealth Rock
|
|upkeep
|turn|23
|
|t:|1769443044
|move|p2a: Garganacl|Protect|p2a: Garganacl
|-singleturn|p2a: Garganacl|Protect
|move|p1a: Raging Bolt|Volt Switch|p2a: Garganacl
|-activate|p2a: Garganacl|move: Protect
|
|upkeep
|turn|24
|
|t:|1769443047
|move|p1a: Raging Bolt|Draco Meteor|p2a: Garganacl
|-damage|p2a: Garganacl|51/100
|-unboost|p1a: Raging Bolt|spa|2
|move|p2a: Garganacl|Salt Cure|p1a: Raging Bolt
|-damage|p1a: Raging Bolt|69/100
|-start|p1a: Raging Bolt|Salt Cure
|
|-heal|p2a: Garganacl|57/100|[from] item: Leftovers
|-damage|p1a: Raging Bolt|56/100|[from] Salt Cure
|upkeep
|turn|25
|
|t:|1769443053
|-end|p1a: Raging Bolt|Protosynthesis|[silent]
|switch|p1a: Iron Treads|Iron Treads|25/100
|-damage|p1a: Iron Treads|13/100|[from] Spikes
|-damage|p1a: Iron Treads|10/100|[from] Stealth Rock
|move|p2a: Garganacl|Recover|p2a: Garganacl
|-heal|p2a: Garganacl|100/100
|
|upkeep
|turn|26
|
|t:|1769443055
|move|p1a: Iron Treads|Rapid Spin|p2a: Garganacl
|-resisted|p2a: Garganacl
|-damage|p2a: Garganacl|96/100
|-boost|p1a: Iron Treads|spe|1
|-sideend|p1: WeRrsome|Spikes|[from] move: Rapid Spin|[of] p1a: Iron Treads
|-sideend|p1: WeRrsome|Stealth Rock|[from] move: Rapid Spin|[of] p1a: Iron Treads
|move|p2a: Garganacl|Salt Cure|p1a: Iron Treads
|-resisted|p1a: Iron Treads
|-damage|p1a: Iron Treads|8/100
|-start|p1a: Iron Treads|Salt Cure
|
|-heal|p2a: Garganacl|100/100|[from] item: Leftovers
|-damage|p1a: Iron Treads|0 fnt|[from] Salt Cure
|faint|p1a: Iron Treads
|-end|p1a: Iron Treads|Quark Drive|[silent]
|upkeep
|
|t:|1769443060
|switch|p1a: Araquanid|Araquanid, F|76/100
|turn|27
|
|t:|1769443063
|switch|p2a: Corviknight|Corviknight, M|91/100
|-damage|p2a: Corviknight|79/100|[from] Stealth Rock
|-ability|p2a: Corviknight|Pressure
|move|p1a: Araquanid|Liquidation|p2a: Corviknight
|-damage|p2a: Corviknight|39/100
|-unboost|p2a: Corviknight|def|1
|-damage|p1a: Araquanid|59/100|[from] item: Rocky Helmet|[of] p2a: Corviknight
|
|upkeep
|turn|28
|
|t:|1769443066
|move|p2a: Corviknight|Defog|p1a: Araquanid
|-unboost|p1a: Araquanid|evasion|1
|-sideend|p2: getreyal|Stealth Rock|[from] move: Defog|[of] p2a: Corviknight
|-sideend|p2: getreyal|Sticky Web|[from] move: Defog|[of] p2a: Corviknight
|move|p1a: Araquanid|Liquidation|p2a: Corviknight
|-damage|p2a: Corviknight|0 fnt
|-damage|p1a: Araquanid|43/100|[from] item: Rocky Helmet|[of] p2a: Corviknight
|faint|p2a: Corviknight
|
|upkeep
|
|t:|1769443071
|switch|p2a: Garganacl|Garganacl, M|100/100
|turn|29
|
|t:|1769443074
|move|p2a: Garganacl|Salt Cure|p1a: Araquanid
|-supereffective|p1a: Araquanid
|-damage|p1a: Araquanid|12/100
|-start|p1a: Araquanid|Salt Cure
|move|p1a: Araquanid|Liquidation|p2a: Garganacl
|-supereffective|p2a: Garganacl
|-damage|p2a: Garganacl|20/100
|
|-heal|p2a: Garganacl|26/100|[from] item: Leftovers
|-damage|p1a: Araquanid|0 fnt|[from] Salt Cure
|faint|p1a: Araquanid
|upkeep
|
|t:|1769443082
|switch|p1a: Ogerpon|Ogerpon, F|59/100
|turn|30
|
|t:|1769443085
|move|p2a: Garganacl|Protect|p2a: Garganacl
|-singleturn|p2a: Garganacl|Protect
|move|p1a: Ogerpon|Ivy Cudgel|p2a: Garganacl
|-activate|p2a: Garganacl|move: Protect
|
|-heal|p2a: Garganacl|32/100|[from] item: Leftovers
|upkeep
|turn|31
|
|t:|1769443090
|switch|p2a: Chesnaught|Chesnaught, M|80/100
|move|p1a: Ogerpon|Ivy Cudgel|p2a: Chesnaught
|-resisted|p2a: Chesnaught
|-damage|p2a: Chesnaught|58/100
|
|upkeep
|turn|32
|
|t:|1769443102
|switch|p1a: Dragonite|Dragonite, M|67/100
|move|p2a: Chesnaught|Synthesis|p2a: Chesnaught
|-heal|p2a: Chesnaught|100/100
|
|upkeep
|turn|33
|
|t:|1769443111
|switch|p2a: Ting-Lu|Ting-Lu|100/100
|-ability|p2a: Ting-Lu|Vessel of Ruin
|move|p1a: Dragonite|Dragon Tail|p2a: Ting-Lu
|-damage|p2a: Ting-Lu|87/100
|drag|p2a: Slowking|Slowking-Galar, F|100/100
|
|upkeep
|turn|34
|
|t:|1769443116
|move|p1a: Dragonite|Thunder Wave|p2a: Slowking
|-status|p2a: Slowking|par
|move|p2a: Slowking|Future Sight|p1a: Dragonite
|-start|p2a: Slowking|move: Future Sight
|
|upkeep
|turn|35
|
|t:|1769443128
|switch|p1a: Landorus|Landorus-Therian, M|36/100
|-ability|p1a: Landorus|Intimidate|boost
|-unboost|p2a: Slowking|atk|1
|-prepare|p2a: Slowking|Chilly Reception|[premajor]
|cant|p2a: Slowking|par
|
|upkeep
|turn|36
|l| beeboobaa
|
|t:|1769443136
|switch|p2a: Garganacl|Garganacl, M|32/100
|move|p1a: Landorus|U-turn|p2a: Garganacl
|-damage|p2a: Garganacl|16/100
|
|t:|1769443161
|switch|p1a: Raging Bolt|Raging Bolt|56/100|[from] U-turn
|
|-end|p1a: Raging Bolt|move: Future Sight
|-damage|p1a: Raging Bolt|22/100
|-heal|p2a: Garganacl|23/100|[from] item: Leftovers
|upkeep
|turn|37
|
|t:|1769443172
|move|p2a: Garganacl|Protect|p2a: Garganacl
|-singleturn|p2a: Garganacl|Protect
|move|p1a: Raging Bolt|Thunderbolt|p2a: Garganacl
|-activate|p2a: Garganacl|move: Protect
|
|-heal|p2a: Garganacl|29/100|[from] item: Leftovers
|upkeep
|turn|38
|
|t:|1769443175
|switch|p2a: Ting-Lu|Ting-Lu|87/100
|-ability|p2a: Ting-Lu|Vessel of Ruin
|move|p1a: Raging Bolt|Draco Meteor|p2a: Ting-Lu
|-crit|p2a: Ting-Lu
|-damage|p2a: Ting-Lu|42/100
|-unboost|p1a: Raging Bolt|spa|2
|
|-heal|p2a: Ting-Lu|48/100|[from] item: Leftovers
|upkeep
|turn|39
|
|t:|1769443180
|-end|p1a: Raging Bolt|Protosynthesis|[silent]
|switch|p1a: Ogerpon|Ogerpon, F|59/100
|move|p2a: Ting-Lu|Spikes|p1a: Ogerpon
|-sidestart|p1: WeRrsome|Spikes
|
|-heal|p2a: Ting-Lu|55/100|[from] item: Leftovers
|upkeep
|turn|40
|
|t:|1769443183
|switch|p2a: Chesnaught|Chesnaught, M|100/100
|move|p1a: Ogerpon|U-turn|p2a: Chesnaught
|-damage|p2a: Chesnaught|79/100
|-damage|p1a: Ogerpon|43/100|[from] item: Rocky Helmet|[of] p2a: Chesnaught
|
|t:|1769443190
|switch|p1a: Raging Bolt|Raging Bolt|22/100|[from] U-turn
|-damage|p1a: Raging Bolt|10/100|[from] Spikes
|
|upkeep
|turn|41
|
|t:|1769443197
|switch|p2a: Ting-Lu|Ting-Lu|55/100
|-ability|p2a: Ting-Lu|Vessel of Ruin
|move|p1a: Raging Bolt|Draco Meteor|p2a: Ting-Lu
|-damage|p2a: Ting-Lu|21/100
|-unboost|p1a: Raging Bolt|spa|2
|
|-heal|p2a: Ting-Lu|27/100|[from] item: Leftovers
|upkeep
|turn|42
|
|t:|1769443203
|move|p1a: Raging Bolt|Draco Meteor|p2a: Ting-Lu
|-damage|p2a: Ting-Lu|12/100
|-unboost|p1a: Raging Bolt|spa|2
|move|p2a: Ting-Lu|Whirlwind|p1a: Raging Bolt
|-end|p1a: Raging Bolt|Protosynthesis|[silent]
|drag|p1a: Ogerpon|Ogerpon, F|43/100
|-damage|p1a: Ogerpon|30/100|[from] Spikes
|
|-heal|p2a: Ting-Lu|18/100|[from] item: Leftovers
|upkeep
|turn|43
|
|t:|1769443207
|switch|p2a: Chesnaught|Chesnaught, M|79/100
|move|p1a: Ogerpon|U-turn|p2a: Chesnaught
|-damage|p2a: Chesnaught|58/100
|-damage|p1a: Ogerpon|14/100|[from] item: Rocky Helmet|[of] p2a: Chesnaught
|
|t:|1769443211
|switch|p1a: Dragonite|Dragonite, M|67/100|[from] U-turn
|
|upkeep
|turn|44
|
|t:|1769443215
|switch|p2a: Ting-Lu|Ting-Lu|18/100
|-ability|p2a: Ting-Lu|Vessel of Ruin
|move|p1a: Dragonite|Ice Beam|p2a: Ting-Lu
|-supereffective|p2a: Ting-Lu
|-damage|p2a: Ting-Lu|0 fnt
|faint|p2a: Ting-Lu
|
|upkeep
|
|t:|1769443217
|switch|p2a: Garganacl|Garganacl, M|29/100
|turn|45
|
|t:|1769443221
|switch|p1a: Landorus|Landorus-Therian, M|36/100
|-ability|p1a: Landorus|Intimidate|boost
|-unboost|p2a: Garganacl|atk|1
|move|p2a: Garganacl|Recover|p2a: Garganacl
|-heal|p2a: Garganacl|79/100
|
|-heal|p2a: Garganacl|85/100|[from] item: Leftovers
|upkeep
|turn|46
|
|t:|1769443230
|-terastallize|p1a: Landorus|Ground
|-terastallize|p2a: Garganacl|Water
|move|p1a: Landorus|Earthquake|p2a: Garganacl
|-damage|p2a: Garganacl|32/100
|move|p2a: Garganacl|Stealth Rock|p1a: Landorus
|-sidestart|p1: WeRrsome|move: Stealth Rock
|
|-heal|p2a: Garganacl|38/100|[from] item: Leftovers
|upkeep
|turn|47
|
|t:|1769443244
|move|p2a: Garganacl|Protect|p2a: Garganacl
|-singleturn|p2a: Garganacl|Protect
|move|p1a: Landorus|Earthquake|p2a: Garganacl
|-activate|p2a: Garganacl|move: Protect
|
|-heal|p2a: Garganacl|44/100|[from] item: Leftovers
|upkeep
|turn|48
|
|t:|1769443247
|switch|p2a: Primarina|Primarina, F|41/100
|move|p1a: Landorus|Earthquake|p2a: Primarina
|-damage|p2a: Primarina|0 fnt
|faint|p2a: Primarina
|
|upkeep
|
|t:|1769443249
|switch|p2a: Chesnaught|Chesnaught, M|58/100
|turn|49
|
|t:|1769443251
|move|p1a: Landorus|Earthquake|p2a: Chesnaught
|-resisted|p2a: Chesnaught
|-damage|p2a: Chesnaught|38/100
|move|p2a: Chesnaught|Body Press|p1a: Landorus
|-damage|p1a: Landorus|0 fnt
|faint|p1a: Landorus
|
|upkeep
|
|t:|1769443261
|switch|p1a: Dragonite|Dragonite, M|67/100
|-damage|p1a: Dragonite|42/100|[from] Stealth Rock
|turn|50
|
|t:|1769443266
|switch|p2a: Garganacl|Garganacl, M, tera:Water|44/100
|move|p1a: Dragonite|Ice Beam|p2a: Garganacl
|-resisted|p2a: Garganacl
|-damage|p2a: Garganacl|37/100
|
|-heal|p2a: Garganacl|43/100|[from] item: Leftovers
|upkeep
|turn|51
|
|t:|1769443269
|move|p2a: Garganacl|Salt Cure|p1a: Dragonite
|-supereffective|p1a: Dragonite
|-crit|p1a: Dragonite
|-damage|p1a: Dragonite|14/100
|-start|p1a: Dragonite|Salt Cure
|move|p1a: Dragonite|Dragon Tail|p2a: Garganacl
|-damage|p2a: Garganacl|29/100
|drag|p2a: Slowking|Slowking-Galar, F|100/100 par
|
|-damage|p1a: Dragonite|2/100|[from] Salt Cure
|upkeep
|turn|52
|
|t:|1769443273
|switch|p2a: Garganacl|Garganacl, M, tera:Water|29/100
|move|p1a: Dragonite|Dragon Tail|p2a: Garganacl
|-damage|p2a: Garganacl|14/100
|drag|p2a: Chesnaught|Chesnaught, M|38/100
|
|-damage|p1a: Dragonite|0 fnt|[from] Salt Cure
|faint|p1a: Dragonite
|upkeep
|
|t:|1769443275
|switch|p1a: Raging Bolt|Raging Bolt|10/100
|-damage|p1a: Raging Bolt|0 fnt|[from] Spikes
|faint|p1a: Raging Bolt
|-end|p1a: Raging Bolt|Protosynthesis|[silent]
|
|t:|1769443276
|switch|p1a: Ogerpon|Ogerpon, F|14/100
|-damage|p1a: Ogerpon|1/100|[from] Spikes
|-damage|p1a: Ogerpon|0 fnt|[from] Stealth Rock
|faint|p1a: Ogerpon
|
|win|getreyal
|raw|WeRrsome's rating: 1664 &rarr; <strong>1646</strong><br />(-18 for losing)
|raw|getreyal's rating: 1700 &rarr; <strong>1718</strong><br />(+18 for winning)
|l|☆getreyal
|player|p2|
|l|☆WeRrsome
|player|p1|
