|j|☆Trainermilton00
|j|☆Lin wen di
|t:|1769334585
|gametype|singles
|player|p1|Trainermilton00|morty|1123
|player|p2|Lin wen di|maid|1175
|gen|9
|tier|[Gen 9] OU
|rated|
|rule|HP Percentage Mod: HP is shown in percentages
|rule|Endless Battle Clause: Forcing endless battles is banned
|rule|Species Clause: Limit one of each Pokémon
|rule|OHKO Clause: OHKO moves are banned
|rule|Evasion Items Clause: Evasion items are banned
|rule|Evasion Moves Clause: Evasion moves are banned
|rule|Evasion Abilities Clause: Evasion abilities are banned
|rule|Sleep Moves Clause: Sleep-inducing moves are banned
|clearpoke
|poke|p1|Samurott-Hisui, F|
|poke|p1|Gholdengo|
|poke|p1|Iron Valiant|
|poke|p1|Dragonite, F|
|poke|p1|Kingambit, F|
|poke|p1|Great Tusk|
|poke|p2|Tyranitar, M|
|poke|p2|Hatterene, F|
|poke|p2|Corviknight, F|
|poke|p2|Krookodile, F|
|poke|p2|Excadrill, F|
|poke|p2|Empoleon, M|
|teampreview
|inactive|Battle timer is ON: inactive players will automatically lose when time's up. (requested by Lin wen di)
|
|t:|1769334594
|teamsize|p1|6
|teamsize|p2|6
|start
|switch|p1a: Samurott|Samurott-Hisui, F|100/100
|switch|p2a: Hatterene|Hatterene, F|100/100
|turn|1
|
|t:|1769334615
|switch|p1a: Gholdengo|Gholdengo|100/100
|-item|p1a: Gholdengo|Air Balloon
|move|p2a: Hatterene|Trick Room|p2a: Hatterene
|-fieldstart|move: Trick Room|[of] p2a: Hatterene
|
|upkeep
|turn|2
|
|t:|1769334627
|switch|p2a: Tyranitar|Tyranitar, M|100/100
|-weather|Sandstorm|[from] ability: Sand Stream|[of] p2a: Tyranitar
|move|p1a: Gholdengo|Make It Rain|p2a: Tyranitar
|-supereffective|p2a: Tyranitar
|-damage|p2a: Tyranitar|21/100
|-unboost|p1a: Gholdengo|spa|1
|-enditem|p2a: Tyranitar|Weakness Policy
|-boost|p2a: Tyranitar|atk|2|[from] item: Weakness Policy
|-boost|p2a: Tyranitar|spa|2|[from] item: Weakness Policy
|
|-weather|Sandstorm|[upkeep]
|upkeep
|turn|3
|inactive|Trainermilton00 has 120 seconds left.
|
|t:|1769334652
|move|p2a: Tyranitar|Knock Off|p1a: Gholdengo
|-supereffective|p1a: Gholdengo
|-damage|p1a: Gholdengo|0 fnt
|-enditem|p1a: Gholdengo|Air Balloon
|faint|p1a: Gholdengo
|
|-weather|Sandstorm|[upkeep]
|upkeep
|
|t:|1769334662
|switch|p1a: Iron Valiant|Iron Valiant|100/100
|-enditem|p1a: Iron Valiant|Booster Energy
|-activate|p1a: Iron Valiant|ability: Quark Drive|[fromitem]
|-start|p1a: Iron Valiant|quarkdrivespe
|turn|4
|
|t:|1769334669
|move|p2a: Tyranitar|Earthquake|p1a: Iron Valiant
|-crit|p1a: Iron Valiant
|-damage|p1a: Iron Valiant|0 fnt
|faint|p1a: Iron Valiant
|-end|p1a: Iron Valiant|Quark Drive|[silent]
|
|-weather|Sandstorm|[upkeep]
|upkeep
|
|t:|1769334677
|switch|p1a: Samurott|Samurott-Hisui, F|100/100
|turn|5
|
|t:|1769334686
|move|p2a: Tyranitar|Earthquake|p1a: Samurott
|-damage|p1a: Samurott|29/100
|move|p1a: Samurott|Ceaseless Edge|p2a: Tyranitar
|-resisted|p2a: Tyranitar
|-damage|p2a: Tyranitar|6/100
|-sidestart|p2: Lin wen di|Spikes
|
|-weather|Sandstorm|[upkeep]
|-damage|p1a: Samurott|23/100|[from] Sandstorm
|-fieldend|move: Trick Room
|upkeep
|turn|6
|
|t:|1769334706
|switch|p2a: Corviknight|Corviknight, F|100/100
|-ability|p2a: Corviknight|Pressure
|move|p1a: Samurott|Aqua Jet|p2a: Corviknight
|-damage|p2a: Corviknight|87/100
|
|-weather|none
|-heal|p2a: Corviknight|93/100|[from] item: Leftovers
|upkeep
|turn|7
|
|t:|1769334721
|move|p1a: Samurott|Razor Shell|p2a: Corviknight
|-damage|p2a: Corviknight|58/100
|move|p2a: Corviknight|Bulk Up|p2a: Corviknight
|-boost|p2a: Corviknight|atk|1
|-boost|p2a: Corviknight|def|1
|
|-heal|p2a: Corviknight|64/100|[from] item: Leftovers
|upkeep
|turn|8
|
|t:|1769334731
|move|p1a: Samurott|Ceaseless Edge|p2a: Corviknight
|-damage|p2a: Corviknight|44/100
|-sidestart|p2: Lin wen di|Spikes
|move|p2a: Corviknight|Agility|p2a: Corviknight
|-boost|p2a: Corviknight|spe|2
|
|-heal|p2a: Corviknight|50/100|[from] item: Leftovers
|upkeep
|turn|9
|
|t:|1769334741
|move|p2a: Corviknight|Bulk Up|p2a: Corviknight
|-boost|p2a: Corviknight|atk|1
|-boost|p2a: Corviknight|def|1
|move|p1a: Samurott|Ceaseless Edge|p2a: Corviknight
|-damage|p2a: Corviknight|33/100
|-sidestart|p2: Lin wen di|Spikes
|
|-heal|p2a: Corviknight|40/100|[from] item: Leftovers
|upkeep
|turn|10
|
|t:|1769334753
|move|p2a: Corviknight|Body Press|p1a: Samurott
|-supereffective|p1a: Samurott
|-damage|p1a: Samurott|0 fnt
|faint|p1a: Samurott
|
|-heal|p2a: Corviknight|46/100|[from] item: Leftovers
|upkeep
|
|t:|1769334765
|switch|p1a: Dragonite|Dragonite, F|100/100
|turn|11
|
|t:|1769334769
|move|p2a: Corviknight|Power Trip|p1a: Dragonite
|-damage|p1a: Dragonite|61/100
|move|p1a: Dragonite|Dragon Dance|p1a: Dragonite
|-boost|p1a: Dragonite|atk|1
|-boost|p1a: Dragonite|spe|1
|
|-heal|p2a: Corviknight|52/100|[from] item: Leftovers
|upkeep
|turn|12
|
|t:|1769334779
|-terastallize|p1a: Dragonite|Normal
|move|p1a: Dragonite|Fire Punch|p2a: Corviknight
|-supereffective|p2a: Corviknight
|-damage|p2a: Corviknight|18/100
|move|p2a: Corviknight|Power Trip|p1a: Dragonite
|-damage|p1a: Dragonite|0 fnt
|faint|p1a: Dragonite
|
|-heal|p2a: Corviknight|25/100|[from] item: Leftovers
|upkeep
|
|t:|1769334793
|switch|p1a: Kingambit|Kingambit, F|100/100
|-activate|p1a: Kingambit|ability: Supreme Overlord
|-start|p1a: Kingambit|fallen4|[silent]
|turn|13
|
|t:|1769334798
|move|p2a: Corviknight|Bulk Up|p2a: Corviknight
|-boost|p2a: Corviknight|atk|1
|-boost|p2a: Corviknight|def|1
|move|p1a: Kingambit|Kowtow Cleave|p2a: Corviknight
|-damage|p2a: Corviknight|0 fnt
|faint|p2a: Corviknight
|
|upkeep
|
|t:|1769334828
|switch|p2a: Krookodile|Krookodile, F|100/100
|-damage|p2a: Krookodile|75/100|[from] Spikes
|turn|14
|
|t:|1769334839
|move|p2a: Krookodile|Close Combat|p1a: Kingambit
|-supereffective|p1a: Kingambit
|-damage|p1a: Kingambit|0 fnt
|-unboost|p2a: Krookodile|def|1
|-unboost|p2a: Krookodile|spd|1
|faint|p1a: Kingambit
|-end|p1a: Kingambit|fallen4|[silent]
|-ability|p2a: Krookodile|Moxie|boost
|-boost|p2a: Krookodile|atk|1
|
|upkeep
|-message|Trainermilton00 forfeited.
|
|win|Lin wen di
|raw|Trainermilton00's rating: 1123 &rarr; <strong>1102</strong><br />(-21 for losing)
|raw|Lin wen di's rating: 1175 &rarr; <strong>1196</strong><br />(+21 for winning)
|l|☆Trainermilton00
|player|p1|
