|j|☆BlueAgentSlayer
|j|☆Maximuzprime
|t:|1769427469
|gametype|singles
|player|p1|BlueAgentSlayer|cilan|1115
|player|p2|Maximuzprime|pokemaniac|1099
|gen|9
|tier|[Gen 9] OU
|rated|
|rule|HP Percentage Mod: HP is shown in percentages
|rule|Endless Battle Clause: Forcing endless battles is banned
|rule|Species Clause: Limit one of each Pokémon
|rule|OHKO Clause: OHKO moves are banned
|rule|Evasion Items Clause: Evasion items are banned
|rule|Evasion Moves Clause: Evasion moves are banned
|rule|Evasion Abilities Clause: Evasion abilities are banned
|rule|Sleep Moves Clause: Sleep-inducing moves are banned
|clearpoke
|poke|p1|Exeggutor, M|
|poke|p1|Gholdengo|
|poke|p1|Blissey, F|
|poke|p1|Glimmora, F|
|poke|p1|Slither Wing|
|poke|p1|Darkrai|
|poke|p2|Froslass, F|
|poke|p2|Gholdengo|
|poke|p2|Hydreigon, M|
|poke|p2|Polteageist|
|poke|p2|Slither Wing|
|poke|p2|Kingambit, F|
|teampreview
|
|t:|1769427476
|teamsize|p1|6
|teamsize|p2|6
|start
|switch|p1a: Slither Wing|Slither Wing|100/100
|switch|p2a: Froslass|Froslass, F|100/100
|turn|1
|
|t:|1769427484
|move|p2a: Froslass|Spikes|p1a: Slither Wing
|-sidestart|p1: BlueAgentSlayer|Spikes
|move|p1a: Slither Wing|Will-O-Wisp|p2a: Froslass
|-status|p2a: Froslass|brn
|
|-damage|p2a: Froslass|94/100 brn|[from] brn
|upkeep
|turn|2
|
|t:|1769427493
|move|p2a: Froslass|Spikes|p1a: Slither Wing
|-sidestart|p1: BlueAgentSlayer|Spikes
|move|p1a: Slither Wing|U-turn|p2a: Froslass
|-resisted|p2a: Froslass
|-damage|p2a: Froslass|68/100 brn
|-start|p1a: Slither Wing|Disable|U-turn|[from] ability: Cursed Body|[of] p2a: Froslass
|
|t:|1769427500
|-end|p1a: Slither Wing|Protosynthesis|[silent]
|switch|p1a: Glimmora|Glimmora, F|100/100|[from] U-turn
|-damage|p1a: Glimmora|84/100|[from] Spikes
|
|-damage|p2a: Froslass|62/100 brn|[from] brn
|upkeep
|turn|3
|
|t:|1769427507
|move|p1a: Glimmora|Mortal Spin|p2a: Froslass
|-resisted|p2a: Froslass
|-damage|p2a: Froslass|57/100 brn
|-sideend|p1: BlueAgentSlayer|Spikes|[from] move: Mortal Spin|[of] p1a: Glimmora
|move|p2a: Froslass|Taunt|p1a: Glimmora
|-start|p1a: Glimmora|move: Taunt
|
|-damage|p2a: Froslass|51/100 brn|[from] brn
|upkeep
|turn|4
|
|t:|1769427516
|move|p1a: Glimmora|Mortal Spin|p2a: Froslass
|-resisted|p2a: Froslass
|-damage|p2a: Froslass|46/100 brn
|-start|p1a: Glimmora|Disable|Mortal Spin|[from] ability: Cursed Body|[of] p2a: Froslass
|move|p2a: Froslass|Spikes|p1a: Glimmora
|-sidestart|p1: BlueAgentSlayer|Spikes
|
|-damage|p2a: Froslass|40/100 brn|[from] brn
|upkeep
|turn|5
|
|t:|1769427537
|switch|p1a: Darkrai|Darkrai|100/100
|move|p2a: Froslass|Ice Beam|p1a: Darkrai
|-damage|p1a: Darkrai|56/100
|
|-damage|p2a: Froslass|34/100 brn|[from] brn
|upkeep
|turn|6
|
|t:|1769427546
|move|p1a: Darkrai|Dark Pulse|p2a: Froslass
|-supereffective|p2a: Froslass
|-damage|p2a: Froslass|0 fnt
|faint|p2a: Froslass
|
|upkeep
|
|t:|1769427551
|switch|p2a: Gholdengo|Gholdengo|100/100
|turn|7
|
|t:|1769427557
|move|p1a: Darkrai|Dark Pulse|p2a: Gholdengo
|-supereffective|p2a: Gholdengo
|-damage|p2a: Gholdengo|5/100
|move|p2a: Gholdengo|Nasty Plot|p2a: Gholdengo
|-boost|p2a: Gholdengo|spa|2
|
|-heal|p2a: Gholdengo|11/100|[from] item: Leftovers
|upkeep
|turn|8
|
|t:|1769427571
|-terastallize|p2a: Gholdengo|Steel
|move|p1a: Darkrai|Dark Pulse|p2a: Gholdengo
|-damage|p2a: Gholdengo|0 fnt
|faint|p2a: Gholdengo
|
|upkeep
|
|t:|1769427578
|switch|p2a: Hydreigon|Hydreigon, M|100/100
|turn|9
|
|t:|1769427583
|move|p1a: Darkrai|Ice Beam|p2a: Hydreigon
|-supereffective|p2a: Hydreigon
|-damage|p2a: Hydreigon|30/100
|move|p2a: Hydreigon|Nasty Plot|p2a: Hydreigon
|-boost|p2a: Hydreigon|spa|2
|
|upkeep
|turn|10
|
|t:|1769427596
|move|p1a: Darkrai|Ice Beam|p2a: Hydreigon
|-supereffective|p2a: Hydreigon
|-damage|p2a: Hydreigon|0 fnt
|faint|p2a: Hydreigon
|
|upkeep
|
|t:|1769427602
|switch|p2a: Polteageist|Polteageist|100/100
|turn|11
|
|t:|1769427607
|move|p1a: Darkrai|Dark Pulse|p2a: Polteageist
|-supereffective|p2a: Polteageist
|-damage|p2a: Polteageist|4/100
|move|p2a: Polteageist|Shell Smash|p2a: Polteageist
|-unboost|p2a: Polteageist|def|1
|-unboost|p2a: Polteageist|spd|1
|-boost|p2a: Polteageist|atk|2
|-boost|p2a: Polteageist|spa|2
|-boost|p2a: Polteageist|spe|2
|-enditem|p2a: Polteageist|White Herb
|-clearnegativeboost|p2a: Polteageist|[silent]
|
|upkeep
|turn|12
|
|t:|1769427622
|switch|p1a: Blissey|Blissey, F|100/100
|-damage|p1a: Blissey|88/100|[from] Spikes
|move|p2a: Polteageist|Stored Power|p1a: Blissey
|-crit|p1a: Blissey
|-damage|p1a: Blissey|27/100
|
|upkeep
|turn|13
|
|t:|1769427639
|switch|p1a: Darkrai|Darkrai|56/100
|move|p2a: Polteageist|Stored Power|p1a: Darkrai
|-immune|p1a: Darkrai
|
|upkeep
|turn|14
|
|t:|1769427647
|move|p2a: Polteageist|Shadow Ball|p1a: Darkrai
|-resisted|p1a: Darkrai
|-damage|p1a: Darkrai|0 fnt
|faint|p1a: Darkrai
|
|upkeep
|
|t:|1769427667
|switch|p1a: Blissey|Blissey, F|27/100
|-damage|p1a: Blissey|14/100|[from] Spikes
|turn|15
|
|t:|1769427685
|move|p2a: Polteageist|Stored Power|p1a: Blissey
|-damage|p1a: Blissey|0 fnt
|faint|p1a: Blissey
|
|upkeep
|
|t:|1769427693
|switch|p1a: Gholdengo|Gholdengo|100/100
|-damage|p1a: Gholdengo|88/100|[from] Spikes
|turn|16
|
|t:|1769427701
|move|p2a: Polteageist|Shadow Ball|p1a: Gholdengo
|-supereffective|p1a: Gholdengo
|-damage|p1a: Gholdengo|0 fnt
|faint|p1a: Gholdengo
|
|upkeep
|
|t:|1769427707
|switch|p1a: Slither Wing|Slither Wing|100/100
|turn|17
|
|t:|1769427744
|move|p1a: Slither Wing|First Impression|p2a: Polteageist
|-resisted|p2a: Polteageist
|-damage|p2a: Polteageist|0 fnt
|faint|p2a: Polteageist
|
|upkeep
|
|t:|1769427756
|switch|p2a: Slither Wing|Slither Wing|100/100
|turn|18
|
|t:|1769427774
|move|p2a: Slither Wing|Flare Blitz|p1a: Slither Wing
|-supereffective|p1a: Slither Wing
|-damage|p1a: Slither Wing|0 fnt
|faint|p1a: Slither Wing
|-end|p1a: Slither Wing|Protosynthesis|[silent]
|-damage|p2a: Slither Wing|61/100|[from] Recoil
|
|upkeep
|
|t:|1769427780
|switch|p1a: Glimmora|Glimmora, F|84/100
|-damage|p1a: Glimmora|72/100|[from] Spikes
|turn|19
|
|t:|1769427787
|move|p1a: Glimmora|Power Gem|p2a: Slither Wing
|-damage|p2a: Slither Wing|19/100
|move|p2a: Slither Wing|Flare Blitz|p1a: Glimmora
|-resisted|p1a: Glimmora
|-damage|p1a: Glimmora|32/100
|-activate|p1a: Glimmora|ability: Toxic Debris
|-sidestart|p2: Maximuzprime|move: Toxic Spikes
|-damage|p2a: Slither Wing|6/100|[from] Recoil
|
|upkeep
|turn|20
|
|t:|1769427796
|move|p1a: Glimmora|Power Gem|p2a: Slither Wing
|-damage|p2a: Slither Wing|0 fnt
|faint|p2a: Slither Wing
|-end|p2a: Slither Wing|Protosynthesis|[silent]
|
|upkeep
|
|t:|1769427801
|switch|p2a: Kingambit|Kingambit, F|100/100
|-activate|p2a: Kingambit|ability: Supreme Overlord
|-start|p2a: Kingambit|fallen5|[silent]
|turn|21
|
|t:|1769427810
|switch|p1a: Exeggutor|Exeggutor, M|100/100
|-damage|p1a: Exeggutor|88/100|[from] Spikes
|move|p2a: Kingambit|Swords Dance|p2a: Kingambit
|-boost|p2a: Kingambit|atk|2
|
|upkeep
|turn|22
|
|t:|1769427826
|move|p2a: Kingambit|Sucker Punch||[still]
|-fail|p2a: Kingambit
|move|p1a: Exeggutor|Substitute|p1a: Exeggutor
|-start|p1a: Exeggutor|Substitute
|-damage|p1a: Exeggutor|63/100
|
|upkeep
|turn|23
|
|t:|1769427834
|switch|p1a: Glimmora|Glimmora, F|32/100
|-damage|p1a: Glimmora|20/100|[from] Spikes
|move|p2a: Kingambit|Swords Dance|p2a: Kingambit
|-boost|p2a: Kingambit|atk|2
|
|upkeep
|turn|24
|
|t:|1769427841
|move|p2a: Kingambit|Sucker Punch||[still]
|-fail|p2a: Kingambit
|move|p1a: Glimmora|Toxic Spikes|p2a: Kingambit
|-sidestart|p2: Maximuzprime|move: Toxic Spikes
|
|upkeep
|turn|25
|
|t:|1769427847
|switch|p1a: Exeggutor|Exeggutor, M|63/100
|-damage|p1a: Exeggutor|50/100|[from] Spikes
|move|p2a: Kingambit|Sucker Punch||[still]
|-fail|p2a: Kingambit
|
|upkeep
|turn|26
|
|t:|1769427856
|move|p1a: Exeggutor|Synthesis|p1a: Exeggutor
|-heal|p1a: Exeggutor|100/100
|move|p2a: Kingambit|Kowtow Cleave|p1a: Exeggutor
|-supereffective|p1a: Exeggutor
|-damage|p1a: Exeggutor|0 fnt
|faint|p1a: Exeggutor
|
|upkeep
|
|t:|1769427859
|switch|p1a: Glimmora|Glimmora, F|20/100
|-damage|p1a: Glimmora|8/100|[from] Spikes
|turn|27
|
|t:|1769427866
|move|p1a: Glimmora|Mortal Spin|p2a: Kingambit
|-immune|p2a: Kingambit
|move|p2a: Kingambit|Kowtow Cleave|p1a: Glimmora
|-damage|p1a: Glimmora|0 fnt
|faint|p1a: Glimmora
|
|win|Maximuzprime
|raw|BlueAgentSlayer's rating: 1115 &rarr; <strong>1089</strong><br />(-26 for losing)
|raw|Maximuzprime's rating: 1099 &rarr; <strong>1125</strong><br />(+26 for winning)
|l|☆Maximuzprime
|player|p2|
|l|☆BlueAgentSlayer
|player|p1|
