|j|☆Teefryingpan
|j|☆arroyofran2
|t:|1769353119
|gametype|singles
|player|p1|Teefryingpan|102|1477
|player|p2|arroyofran2|fisherman|1445
|gen|9
|tier|[Gen 9] OU
|rated|
|rule|HP Percentage Mod: HP is shown in percentages
|rule|Endless Battle Clause: Forcing endless battles is banned
|rule|Species Clause: Limit one of each Pokémon
|rule|OHKO Clause: OHKO moves are banned
|rule|Evasion Items Clause: Evasion items are banned
|rule|Evasion Moves Clause: Evasion moves are banned
|rule|Evasion Abilities Clause: Evasion abilities are banned
|rule|Sleep Moves Clause: Sleep-inducing moves are banned
|clearpoke
|poke|p1|Samurott-Hisui, F|
|poke|p1|Dragapult, F|
|poke|p1|Enamorus, F|
|poke|p1|Scizor, F|
|poke|p1|Iron Treads|
|poke|p1|Ogerpon-Wellspring, F|
|poke|p2|Politoed, M|
|poke|p2|Kilowattrel, F|
|poke|p2|Iron Crown|
|poke|p2|Rillaboom, M|
|poke|p2|Hawlucha, F|
|poke|p2|Landorus-Therian, M|
|teampreview
|inactive|Battle timer is ON: inactive players will automatically lose when time's up. (requested by Teefryingpan)
|
|t:|1769353130
|teamsize|p1|6
|teamsize|p2|6
|start
|switch|p1a: Dragapult|Dragapult, F|100/100
|switch|p2a: Kilowattrel|Kilowattrel, F, shiny|100/100
|turn|1
|
|t:|1769353137
|switch|p2a: Landorus|Landorus-Therian, M|100/100
|-ability|p2a: Landorus|Intimidate|boost
|-unboost|p1a: Dragapult|atk|1
|move|p1a: Dragapult|Draco Meteor|p2a: Landorus
|-damage|p2a: Landorus|16/100
|-unboost|p1a: Dragapult|spa|2
|
|upkeep
|turn|2
|
|t:|1769353147
|switch|p2a: Politoed|Politoed, M|100/100
|-weather|RainDance|[from] ability: Drizzle|[of] p2a: Politoed
|move|p1a: Dragapult|Draco Meteor|p2a: Politoed
|-damage|p2a: Politoed|74/100
|-unboost|p1a: Dragapult|spa|2
|
|-weather|RainDance|[upkeep]
|upkeep
|turn|3
|
|t:|1769353157
|switch|p1a: Ogerpon|Ogerpon-Wellspring, F|100/100
|switch|p2a: Iron Crown|Iron Crown|100/100
|
|-weather|RainDance|[upkeep]
|upkeep
|turn|4
|
|t:|1769353173
|-end|p2a: Iron Crown|Quark Drive|[silent]
|switch|p2a: Landorus|Landorus-Therian, M|16/100
|-ability|p2a: Landorus|Intimidate|boost
|-unboost|p1a: Ogerpon|atk|1
|move|p1a: Ogerpon|Knock Off|p2a: Landorus
|-damage|p2a: Landorus|0 fnt
|-damage|p1a: Ogerpon|84/100|[from] item: Rocky Helmet|[of] p2a: Landorus
|-enditem|p2a: Landorus|Rocky Helmet|[from] move: Knock Off|[of] p1a: Ogerpon
|faint|p2a: Landorus
|
|-weather|RainDance|[upkeep]
|upkeep
|
|t:|1769353175
|switch|p2a: Kilowattrel|Kilowattrel, F, shiny|100/100
|turn|5
|
|t:|1769353180
|switch|p1a: Iron Treads|Iron Treads|100/100
|move|p2a: Kilowattrel|Hurricane|p1a: Iron Treads
|-resisted|p1a: Iron Treads
|-damage|p1a: Iron Treads|54/100
|-start|p1a: Iron Treads|confusion
|
|-weather|RainDance|[upkeep]
|upkeep
|turn|6
|
|t:|1769353186
|move|p2a: Kilowattrel|Hurricane|p1a: Iron Treads
|-resisted|p1a: Iron Treads
|-damage|p1a: Iron Treads|7/100
|-activate|p1a: Iron Treads|confusion
|move|p1a: Iron Treads|Stealth Rock|p2a: Kilowattrel
|-sidestart|p2: arroyofran2|move: Stealth Rock
|
|-weather|RainDance|[upkeep]
|upkeep
|turn|7
|
|t:|1769353196
|move|p2a: Kilowattrel|Hurricane|p1a: Iron Treads
|-resisted|p1a: Iron Treads
|-damage|p1a: Iron Treads|0 fnt
|faint|p1a: Iron Treads
|-end|p1a: Iron Treads|Quark Drive|[silent]
|
|-weather|RainDance|[upkeep]
|upkeep
|
|t:|1769353208
|switch|p1a: Dragapult|Dragapult, F|100/100
|turn|8
|
|t:|1769353216
|switch|p2a: Iron Crown|Iron Crown|100/100
|-damage|p2a: Iron Crown|94/100|[from] Stealth Rock
|move|p1a: Dragapult|Draco Meteor|p2a: Iron Crown
|-resisted|p2a: Iron Crown
|-damage|p2a: Iron Crown|65/100
|-unboost|p1a: Dragapult|spa|2
|
|-weather|RainDance|[upkeep]
|upkeep
|turn|9
|
|t:|1769353223
|switch|p1a: Samurott|Samurott-Hisui, F|100/100
|move|p2a: Iron Crown|Volt Switch|p1a: Samurott
|-supereffective|p1a: Samurott
|-damage|p1a: Samurott|26/100
|
|t:|1769353237
|-end|p2a: Iron Crown|Quark Drive|[silent]
|switch|p2a: Kilowattrel|Kilowattrel, F, shiny|100/100|[from] Volt Switch
|-damage|p2a: Kilowattrel|76/100|[from] Stealth Rock
|
|-weather|none
|upkeep
|turn|10
|
|t:|1769353240
|move|p2a: Kilowattrel|Volt Switch|p1a: Samurott
|-supereffective|p1a: Samurott
|-damage|p1a: Samurott|0 fnt
|faint|p1a: Samurott
|
|t:|1769353250
|switch|p2a: Politoed|Politoed, M|74/100|[from] Volt Switch
|-damage|p2a: Politoed|62/100|[from] Stealth Rock
|-weather|RainDance|[from] ability: Drizzle|[of] p2a: Politoed
|
|-weather|RainDance|[upkeep]
|upkeep
|
|t:|1769353253
|switch|p1a: Ogerpon|Ogerpon-Wellspring, F|84/100
|turn|11
|
|t:|1769353259
|move|p1a: Ogerpon|Knock Off|p2a: Politoed
|-damage|p2a: Politoed|16/100
|-enditem|p2a: Politoed|Damp Rock|[from] move: Knock Off|[of] p1a: Ogerpon
|move|p2a: Politoed|Encore|p1a: Ogerpon
|-start|p1a: Ogerpon|Encore
|
|-weather|RainDance|[upkeep]
|upkeep
|turn|12
|
|t:|1769353268
|switch|p1a: Dragapult|Dragapult, F|100/100
|move|p2a: Politoed|Perish Song|p2a: Politoed
|-start|p1a: Dragapult|perish3|[silent]
|-start|p2a: Politoed|perish3|[silent]
|-fieldactivate|move: Perish Song
|
|-weather|RainDance|[upkeep]
|-start|p1a: Dragapult|perish3
|-start|p2a: Politoed|perish3
|upkeep
|turn|13
|
|t:|1769353277
|switch|p1a: Ogerpon|Ogerpon-Wellspring, F|84/100
|move|p2a: Politoed|Weather Ball|p1a: Ogerpon
|-heal|p1a: Ogerpon|100/100|[from] ability: Water Absorb|[of] p2a: Politoed
|
|-weather|RainDance|[upkeep]
|-start|p2a: Politoed|perish2
|upkeep
|turn|14
|
|t:|1769353289
|switch|p1a: Dragapult|Dragapult, F|100/100
|move|p2a: Politoed|Perish Song|p2a: Politoed
|-start|p1a: Dragapult|perish3|[silent]
|-fieldactivate|move: Perish Song
|
|-weather|RainDance|[upkeep]
|-start|p1a: Dragapult|perish3
|-start|p2a: Politoed|perish1
|upkeep
|turn|15
|
|t:|1769353299
|switch|p2a: Kilowattrel|Kilowattrel, F, shiny|76/100
|-damage|p2a: Kilowattrel|51/100|[from] Stealth Rock
|move|p1a: Dragapult|U-turn|p2a: Kilowattrel
|-resisted|p2a: Kilowattrel
|-damage|p2a: Kilowattrel|36/100
|
|t:|1769353306
|switch|p1a: Enamorus|Enamorus, F|100/100|[from] U-turn
|
|-weather|RainDance|[upkeep]
|upkeep
|turn|16
|
|t:|1769353312
|move|p1a: Enamorus|Moonblast|p2a: Kilowattrel
|-damage|p2a: Kilowattrel|0 fnt
|faint|p2a: Kilowattrel
|
|-weather|RainDance|[upkeep]
|upkeep
|
|t:|1769353316
|switch|p2a: Iron Crown|Iron Crown|65/100
|-damage|p2a: Iron Crown|59/100|[from] Stealth Rock
|turn|17
|
|t:|1769353322
|switch|p1a: Ogerpon|Ogerpon-Wellspring, F|100/100
|move|p2a: Iron Crown|Future Sight|p1a: Ogerpon
|-start|p2a: Iron Crown|move: Future Sight
|
|-weather|none
|upkeep
|turn|18
|
|t:|1769353326
|move|p1a: Ogerpon|Knock Off|p2a: Iron Crown
|-supereffective|p2a: Iron Crown
|-damage|p2a: Iron Crown|0 fnt
|-enditem|p2a: Iron Crown|Assault Vest|[from] move: Knock Off|[of] p1a: Ogerpon
|faint|p2a: Iron Crown
|-end|p2a: Iron Crown|Quark Drive|[silent]
|
|upkeep
|
|t:|1769353328
|switch|p2a: Rillaboom|Rillaboom, M|100/100
|-damage|p2a: Rillaboom|88/100|[from] Stealth Rock
|-fieldstart|move: Grassy Terrain|[from] ability: Grassy Surge|[of] p2a: Rillaboom
|turn|19
|
|t:|1769353334
|switch|p1a: Scizor|Scizor, F|100/100
|move|p2a: Rillaboom|U-turn|p1a: Scizor
|-resisted|p1a: Scizor
|-damage|p1a: Scizor|82/100
|-damage|p2a: Rillaboom|78/100|[from] item: Life Orb
|
|t:|1769353336
|switch|p2a: Hawlucha|Hawlucha, F, shiny|100/100|[from] U-turn
|-damage|p2a: Hawlucha|88/100|[from] Stealth Rock
|-enditem|p2a: Hawlucha|Grassy Seed
|-boost|p2a: Hawlucha|def|1|[from] item: Grassy Seed
|
|-end|p1a: Scizor|move: Future Sight
|-resisted|p1a: Scizor
|-damage|p1a: Scizor|36/100
|-heal|p1a: Scizor|42/100|[from] Grassy Terrain
|upkeep
|turn|20
|
|t:|1769353345
|-terastallize|p1a: Scizor|Steel
|move|p1a: Scizor|Bullet Punch|p2a: Hawlucha
|-damage|p2a: Hawlucha|25/100
|move|p2a: Hawlucha|Swords Dance|p2a: Hawlucha
|-boost|p2a: Hawlucha|atk|2
|
|-heal|p1a: Scizor|49/100|[from] Grassy Terrain
|upkeep
|turn|21
|
|t:|1769353350
|move|p1a: Scizor|Bullet Punch|p2a: Hawlucha
|-damage|p2a: Hawlucha|0 fnt
|faint|p2a: Hawlucha
|
|-heal|p1a: Scizor|55/100|[from] Grassy Terrain
|upkeep
|-message|arroyofran2 forfeited.
|
|win|Teefryingpan
|raw|Teefryingpan's rating: 1477 &rarr; <strong>1495</strong><br />(+18 for winning)
|raw|arroyofran2's rating: 1445 &rarr; <strong>1427</strong><br />(-18 for losing)
|l|☆arroyofran2
|player|p2|
|l|☆Teefryingpan
|player|p1|
