|j|☆rossetiger
|j|☆RAND0M TEAM GENS
|t:|1769323211
|gametype|singles
|player|p1|rossetiger|170|1410
|player|p2|RAND0M TEAM GENS|giovanni-gen3|1381
|gen|9
|tier|[Gen 9] OU
|rated|
|rule|HP Percentage Mod: HP is shown in percentages
|rule|Endless Battle Clause: Forcing endless battles is banned
|rule|Species Clause: Limit one of each Pokémon
|rule|OHKO Clause: OHKO moves are banned
|rule|Evasion Items Clause: Evasion items are banned
|rule|Evasion Moves Clause: Evasion moves are banned
|rule|Evasion Abilities Clause: Evasion abilities are banned
|rule|Sleep Moves Clause: Sleep-inducing moves are banned
|clearpoke
|poke|p1|Whimsicott, F|
|poke|p1|Houndstone, M|
|poke|p1|Sinistcha|
|poke|p1|Ting-Lu|
|poke|p1|Glimmora, M|
|poke|p1|Gholdengo|
|poke|p2|Primarina, M|
|poke|p2|Great Tusk|
|poke|p2|Kingambit, M|
|poke|p2|Slowking-Galar, M|
|poke|p2|Ogerpon, F|
|poke|p2|Enamorus, F|
|teampreview
|
|t:|1769323235
|teamsize|p1|6
|teamsize|p2|6
|start
|switch|p1a: Glimmora|Glimmora, M|100/100
|switch|p2a: Ogerpon|Ogerpon, F|100/100
|turn|1
|
|t:|1769323251
|move|p2a: Ogerpon|U-turn|p1a: Glimmora
|-resisted|p1a: Glimmora
|-damage|p1a: Glimmora|84/100
|-activate|p1a: Glimmora|ability: Toxic Debris
|-sidestart|p2: RAND0M TEAM GENS|move: Toxic Spikes
|
|t:|1769323256
|switch|p2a: Slowking|Slowking-Galar, M, shiny|100/100|[from] U-turn
|-sideend|p2: RAND0M TEAM GENS|move: Toxic Spikes|[of] p2a: Slowking
|move|p1a: Glimmora|Stealth Rock|p2a: Slowking
|-sidestart|p2: RAND0M TEAM GENS|move: Stealth Rock
|
|upkeep
|turn|2
|
|t:|1769323263
|move|p1a: Glimmora|Spikes|p2a: Slowking
|-sidestart|p2: RAND0M TEAM GENS|Spikes
|move|p2a: Slowking|Psychic Noise|p1a: Glimmora
|-supereffective|p1a: Glimmora
|-damage|p1a: Glimmora|10/100
|-start|p1a: Glimmora|move: Heal Block
|
|upkeep
|turn|3
|
|t:|1769323275
|switch|p1a: Ting-Lu|Ting-Lu|100/100
|-ability|p1a: Ting-Lu|Vessel of Ruin
|move|p2a: Slowking|Psychic Noise|p1a: Ting-Lu
|-immune|p1a: Ting-Lu
|
|upkeep
|turn|4
|
|t:|1769323283
|move|p1a: Ting-Lu|Spikes|p2a: Slowking
|-sidestart|p2: RAND0M TEAM GENS|Spikes
|move|p2a: Slowking|Ice Beam|p1a: Ting-Lu
|-supereffective|p1a: Ting-Lu
|-damage|p1a: Ting-Lu|82/100
|
|-heal|p1a: Ting-Lu|88/100|[from] item: Leftovers
|upkeep
|turn|5
|
|t:|1769323290
|move|p1a: Ting-Lu|Spikes|p2a: Slowking
|-sidestart|p2: RAND0M TEAM GENS|Spikes
|move|p2a: Slowking|Ice Beam|p1a: Ting-Lu
|-supereffective|p1a: Ting-Lu
|-damage|p1a: Ting-Lu|70/100
|
|-heal|p1a: Ting-Lu|76/100|[from] item: Leftovers
|upkeep
|turn|6
|
|t:|1769323294
|move|p1a: Ting-Lu|Earthquake|p2a: Slowking
|-supereffective|p2a: Slowking
|-damage|p2a: Slowking|41/100
|move|p2a: Slowking|Sludge Bomb|p1a: Ting-Lu
|-resisted|p1a: Ting-Lu
|-damage|p1a: Ting-Lu|69/100
|-status|p1a: Ting-Lu|psn
|
|-heal|p1a: Ting-Lu|75/100 psn|[from] item: Leftovers
|-damage|p1a: Ting-Lu|63/100 psn|[from] psn
|upkeep
|turn|7
|
|t:|1769323314
|switch|p2a: Great Tusk|Great Tusk, shiny|100/100
|-damage|p2a: Great Tusk|98/100|[from] Stealth Rock
|-damage|p2a: Great Tusk|73/100|[from] Spikes
|move|p1a: Ting-Lu|Ruination|p2a: Great Tusk
|-damage|p2a: Great Tusk|37/100
|
|-heal|p1a: Ting-Lu|69/100 psn|[from] item: Leftovers
|-damage|p1a: Ting-Lu|56/100 psn|[from] psn
|upkeep
|turn|8
|
|t:|1769323324
|switch|p1a: Houndstone|Houndstone, M|100/100
|move|p2a: Great Tusk|Stealth Rock|p1a: Houndstone
|-sidestart|p1: rossetiger|move: Stealth Rock
|
|upkeep
|turn|9
|
|t:|1769323329
|move|p2a: Great Tusk|Headlong Rush|p1a: Houndstone
|-crit|p1a: Houndstone
|-damage|p1a: Houndstone|66/100
|-unboost|p2a: Great Tusk|def|1
|-unboost|p2a: Great Tusk|spd|1
|move|p1a: Houndstone|Will-O-Wisp|p2a: Great Tusk|[miss]
|-miss|p1a: Houndstone|p2a: Great Tusk
|
|upkeep
|turn|10
|
|t:|1769323336
|move|p2a: Great Tusk|Headlong Rush|p1a: Houndstone
|-damage|p1a: Houndstone|45/100
|-unboost|p2a: Great Tusk|def|1
|-unboost|p2a: Great Tusk|spd|1
|move|p1a: Houndstone|Will-O-Wisp|p2a: Great Tusk
|-status|p2a: Great Tusk|brn
|
|-damage|p2a: Great Tusk|30/100 brn|[from] brn
|upkeep
|turn|11
|
|t:|1769323340
|move|p2a: Great Tusk|Headlong Rush|p1a: Houndstone
|-damage|p1a: Houndstone|35/100
|-unboost|p2a: Great Tusk|def|1
|-unboost|p2a: Great Tusk|spd|1
|move|p1a: Houndstone|Night Shade|p2a: Great Tusk
|-damage|p2a: Great Tusk|3/100 brn
|
|-damage|p2a: Great Tusk|0 fnt|[from] brn
|faint|p2a: Great Tusk
|-end|p2a: Great Tusk|Protosynthesis|[silent]
|upkeep
|
|t:|1769323359
|switch|p2a: Primarina|Primarina, M, shiny|100/100
|-damage|p2a: Primarina|88/100|[from] Stealth Rock
|-damage|p2a: Primarina|63/100|[from] Spikes
|turn|12
|
|t:|1769323373
|switch|p1a: Glimmora|Glimmora, M|10/100
|-damage|p1a: Glimmora|0 fnt|[from] Stealth Rock
|faint|p1a: Glimmora
|move|p2a: Primarina|Substitute|p2a: Primarina
|-start|p2a: Primarina|Substitute
|-damage|p2a: Primarina|38/100
|
|-heal|p2a: Primarina|44/100|[from] item: Leftovers
|upkeep
|
|t:|1769323377
|switch|p1a: Whimsicott|Whimsicott, F|100/100
|-damage|p1a: Whimsicott|88/100|[from] Stealth Rock
|turn|13
|
|t:|1769323385
|move|p1a: Whimsicott|Encore|p2a: Primarina
|-start|p2a: Primarina|Encore
|move|p2a: Primarina|Substitute|p2a: Primarina
|-fail|p2a: Primarina|move: Substitute
|
|-heal|p1a: Whimsicott|94/100|[from] item: Leftovers
|-heal|p2a: Primarina|50/100|[from] item: Leftovers
|upkeep
|turn|14
|
|t:|1769323390
|move|p1a: Whimsicott|Substitute|p1a: Whimsicott
|-start|p1a: Whimsicott|Substitute
|-damage|p1a: Whimsicott|70/100
|move|p2a: Primarina|Substitute|p2a: Primarina
|-fail|p2a: Primarina|move: Substitute
|
|-heal|p1a: Whimsicott|76/100|[from] item: Leftovers
|-heal|p2a: Primarina|56/100|[from] item: Leftovers
|upkeep
|turn|15
|
|t:|1769323419
|move|p1a: Whimsicott|Moonblast|p2a: Primarina
|-end|p2a: Primarina|Substitute
|move|p2a: Primarina|Substitute|p2a: Primarina
|-start|p2a: Primarina|Substitute
|-damage|p2a: Primarina|31/100
|
|-heal|p1a: Whimsicott|82/100|[from] item: Leftovers
|-heal|p2a: Primarina|37/100|[from] item: Leftovers
|-end|p2a: Primarina|Encore
|upkeep
|turn|16
|
|t:|1769323423
|move|p1a: Whimsicott|Encore|p2a: Primarina
|-start|p2a: Primarina|Encore
|move|p2a: Primarina|Substitute|p2a: Primarina
|-fail|p2a: Primarina|move: Substitute
|
|-heal|p1a: Whimsicott|88/100|[from] item: Leftovers
|-heal|p2a: Primarina|43/100|[from] item: Leftovers
|upkeep
|turn|17
|
|t:|1769323425
|move|p1a: Whimsicott|Moonblast|p2a: Primarina
|-end|p2a: Primarina|Substitute
|move|p2a: Primarina|Substitute|p2a: Primarina
|-start|p2a: Primarina|Substitute
|-damage|p2a: Primarina|18/100
|
|-heal|p1a: Whimsicott|94/100|[from] item: Leftovers
|-heal|p2a: Primarina|24/100|[from] item: Leftovers
|upkeep
|turn|18
|
|t:|1769323429
|move|p1a: Whimsicott|Moonblast|p2a: Primarina
|-crit|p2a: Primarina
|-end|p2a: Primarina|Substitute
|move|p2a: Primarina|Substitute|p2a: Primarina
|-fail|p2a: Primarina|move: Substitute|[weak]
|
|-heal|p1a: Whimsicott|100/100|[from] item: Leftovers
|-heal|p2a: Primarina|30/100|[from] item: Leftovers
|-end|p2a: Primarina|Encore
|upkeep
|turn|19
|
|t:|1769323432
|move|p1a: Whimsicott|Encore|p2a: Primarina
|-start|p2a: Primarina|Encore
|move|p2a: Primarina|Substitute|p2a: Primarina
|-start|p2a: Primarina|Substitute
|-damage|p2a: Primarina|5/100
|
|-heal|p2a: Primarina|11/100|[from] item: Leftovers
|upkeep
|turn|20
|
|t:|1769323434
|move|p1a: Whimsicott|Moonblast|p2a: Primarina
|-end|p2a: Primarina|Substitute
|move|p2a: Primarina|Substitute|p2a: Primarina
|-fail|p2a: Primarina|move: Substitute|[weak]
|
|-heal|p2a: Primarina|17/100|[from] item: Leftovers
|upkeep
|turn|21
|
|t:|1769323437
|move|p1a: Whimsicott|Moonblast|p2a: Primarina
|-damage|p2a: Primarina|0 fnt
|faint|p2a: Primarina
|
|upkeep
|
|t:|1769323440
|switch|p2a: Kingambit|Kingambit, M, shiny|100/100
|-damage|p2a: Kingambit|94/100|[from] Stealth Rock
|-damage|p2a: Kingambit|69/100|[from] Spikes
|-activate|p2a: Kingambit|ability: Supreme Overlord
|-start|p2a: Kingambit|fallen2|[silent]
|turn|22
|
|t:|1769323446
|move|p1a: Whimsicott|Leech Seed|p2a: Kingambit
|-hint|Since gen 7, Dark is immune to Prankster moves.
|-immune|p2a: Kingambit
|move|p2a: Kingambit|Kowtow Cleave|p1a: Whimsicott
|-resisted|p1a: Whimsicott
|-end|p1a: Whimsicott|Substitute
|
|-heal|p2a: Kingambit|76/100|[from] item: Leftovers
|upkeep
|turn|23
|
|t:|1769323466
|switch|p1a: Houndstone|Houndstone, M|35/100
|move|p2a: Kingambit|Iron Head|p1a: Houndstone
|-damage|p1a: Houndstone|17/100
|
|-heal|p2a: Kingambit|82/100|[from] item: Leftovers
|upkeep
|turn|24
|
|t:|1769323469
|move|p1a: Houndstone|Will-O-Wisp|p2a: Kingambit|[miss]
|-miss|p1a: Houndstone|p2a: Kingambit
|move|p2a: Kingambit|Kowtow Cleave|p1a: Houndstone
|-supereffective|p1a: Houndstone
|-damage|p1a: Houndstone|0 fnt
|faint|p1a: Houndstone
|
|-heal|p2a: Kingambit|88/100|[from] item: Leftovers
|upkeep
|
|t:|1769323482
|switch|p1a: Gholdengo|Gholdengo|100/100
|-damage|p1a: Gholdengo|94/100|[from] Stealth Rock
|-item|p1a: Gholdengo|Air Balloon
|turn|25
|
|t:|1769323489
|move|p1a: Gholdengo|Thunder Wave|p2a: Kingambit
|-status|p2a: Kingambit|par
|cant|p2a: Kingambit|par
|
|-heal|p2a: Kingambit|94/100 par|[from] item: Leftovers
|upkeep
|turn|26
|
|t:|1769323506
|switch|p1a: Ting-Lu|Ting-Lu|56/100 psn
|-damage|p1a: Ting-Lu|50/100 psn|[from] Stealth Rock
|-ability|p1a: Ting-Lu|Vessel of Ruin
|cant|p2a: Kingambit|par
|
|-heal|p1a: Ting-Lu|56/100 psn|[from] item: Leftovers
|-heal|p2a: Kingambit|100/100 par|[from] item: Leftovers
|-damage|p1a: Ting-Lu|44/100 psn|[from] psn
|upkeep
|turn|27
|
|t:|1769323518
|-end|p2a: Kingambit|fallen2|[silent]
|switch|p2a: Enamorus|Enamorus, F, shiny|100/100
|-damage|p2a: Enamorus|76/100|[from] Stealth Rock
|move|p1a: Ting-Lu|Whirlwind|p2a: Enamorus
|drag|p2a: Kingambit|Kingambit, M, shiny|100/100 par
|-damage|p2a: Kingambit|94/100 par|[from] Stealth Rock
|-damage|p2a: Kingambit|69/100 par|[from] Spikes
|-activate|p2a: Kingambit|ability: Supreme Overlord
|-start|p2a: Kingambit|fallen2|[silent]
|
|-heal|p1a: Ting-Lu|50/100 psn|[from] item: Leftovers
|-heal|p2a: Kingambit|76/100 par|[from] item: Leftovers
|-damage|p1a: Ting-Lu|38/100 psn|[from] psn
|upkeep
|turn|28
|
|t:|1769323540
|cant|p2a: Kingambit|par
|move|p1a: Ting-Lu|Whirlwind|p2a: Kingambit
|-end|p2a: Kingambit|fallen2|[silent]
|drag|p2a: Enamorus|Enamorus, F, shiny|76/100
|-damage|p2a: Enamorus|51/100|[from] Stealth Rock
|
|-heal|p1a: Ting-Lu|44/100 psn|[from] item: Leftovers
|-damage|p1a: Ting-Lu|31/100 psn|[from] psn
|upkeep
|turn|29
|
|t:|1769323556
|switch|p1a: Gholdengo|Gholdengo|94/100
|-damage|p1a: Gholdengo|88/100|[from] Stealth Rock
|-item|p1a: Gholdengo|Air Balloon
|move|p2a: Enamorus|Moonblast|p1a: Gholdengo
|-resisted|p1a: Gholdengo
|-damage|p1a: Gholdengo|69/100
|-unboost|p1a: Gholdengo|spa|1
|-enditem|p1a: Gholdengo|Air Balloon
|
|upkeep
|turn|30
|
|t:|1769323569
|move|p2a: Enamorus|Moonblast|p1a: Gholdengo
|-resisted|p1a: Gholdengo
|-damage|p1a: Gholdengo|50/100
|move|p1a: Gholdengo|Hex|p2a: Enamorus
|-damage|p2a: Enamorus|25/100
|
|upkeep
|turn|31
|inactive|Battle timer is ON: inactive players will automatically lose when time's up. (requested by rossetiger)
|
|t:|1769323625
|move|p2a: Enamorus|Moonblast|p1a: Gholdengo
|-resisted|p1a: Gholdengo
|-damage|p1a: Gholdengo|33/100
|-unboost|p1a: Gholdengo|spa|1
|move|p1a: Gholdengo|Recover|p1a: Gholdengo
|-heal|p1a: Gholdengo|83/100
|
|upkeep
|turn|32
|
|t:|1769323633
|move|p2a: Enamorus|Moonblast|p1a: Gholdengo
|-resisted|p1a: Gholdengo
|-damage|p1a: Gholdengo|63/100
|move|p1a: Gholdengo|Hex|p2a: Enamorus
|-damage|p2a: Enamorus|5/100
|
|upkeep
|turn|33
|
|t:|1769323657
|move|p2a: Enamorus|Moonblast|p1a: Gholdengo
|-resisted|p1a: Gholdengo
|-damage|p1a: Gholdengo|45/100
|move|p1a: Gholdengo|Recover|p1a: Gholdengo
|-heal|p1a: Gholdengo|95/100
|
|upkeep
|turn|34
|
|t:|1769323663
|move|p2a: Enamorus|Moonblast|p1a: Gholdengo
|-resisted|p1a: Gholdengo
|-damage|p1a: Gholdengo|76/100
|move|p1a: Gholdengo|Hex|p2a: Enamorus
|-damage|p2a: Enamorus|0 fnt
|faint|p2a: Enamorus
|
|upkeep
|inactive|RAND0M TEAM GENS has 120 seconds left.
|
|t:|1769323698
|switch|p2a: Kingambit|Kingambit, M, shiny|76/100 par
|-damage|p2a: Kingambit|69/100 par|[from] Stealth Rock
|-damage|p2a: Kingambit|45/100 par|[from] Spikes
|-activate|p2a: Kingambit|ability: Supreme Overlord
|-start|p2a: Kingambit|fallen3|[silent]
|turn|35
|
|t:|1769323705
|move|p1a: Gholdengo|Hex|p2a: Kingambit
|-resisted|p2a: Kingambit
|-damage|p2a: Kingambit|31/100 par
|move|p2a: Kingambit|Kowtow Cleave|p1a: Gholdengo
|-supereffective|p1a: Gholdengo
|-damage|p1a: Gholdengo|0 fnt
|faint|p1a: Gholdengo
|
|-heal|p2a: Kingambit|37/100 par|[from] item: Leftovers
|upkeep
|
|t:|1769323717
|switch|p1a: Sinistcha|Sinistcha|100/100
|turn|36
|
|t:|1769323725
|move|p1a: Sinistcha|Calm Mind|p1a: Sinistcha
|-boost|p1a: Sinistcha|spa|1
|-boost|p1a: Sinistcha|spd|1
|move|p2a: Kingambit|Kowtow Cleave|p1a: Sinistcha
|-supereffective|p1a: Sinistcha
|-damage|p1a: Sinistcha|11/100
|
|-heal|p2a: Kingambit|43/100 par|[from] item: Leftovers
|upkeep
|turn|37
|
|t:|1769323731
|move|p2a: Kingambit|Sucker Punch||[still]
|-fail|p2a: Kingambit
|move|p1a: Sinistcha|Strength Sap|p2a: Kingambit
|-unboost|p2a: Kingambit|atk|1
|-heal|p1a: Sinistcha|100/100
|
|-heal|p2a: Kingambit|50/100 par|[from] item: Leftovers
|upkeep
|turn|38
|
|t:|1769323742
|move|p1a: Sinistcha|Calm Mind|p1a: Sinistcha
|-boost|p1a: Sinistcha|spa|1
|-boost|p1a: Sinistcha|spd|1
|cant|p2a: Kingambit|par
|
|-heal|p2a: Kingambit|56/100 par|[from] item: Leftovers
|upkeep
|turn|39
|
|t:|1769323753
|move|p1a: Sinistcha|Shadow Ball|p2a: Kingambit
|-resisted|p2a: Kingambit
|-damage|p2a: Kingambit|25/100 par
|cant|p2a: Kingambit|par
|
|-heal|p2a: Kingambit|31/100 par|[from] item: Leftovers
|upkeep
|turn|40
|
|t:|1769323759
|cant|p2a: Kingambit|par
|move|p1a: Sinistcha|Shadow Ball|p2a: Kingambit
|-resisted|p2a: Kingambit
|-damage|p2a: Kingambit|0 fnt
|faint|p2a: Kingambit
|-end|p2a: Kingambit|fallen3|[silent]
|
|upkeep
|
|t:|1769323761
|switch|p2a: Ogerpon|Ogerpon, F|100/100
|-damage|p2a: Ogerpon|88/100|[from] Stealth Rock
|-damage|p2a: Ogerpon|63/100|[from] Spikes
|turn|41
|
|t:|1769323765
|-terastallize|p2a: Ogerpon|Grass
|detailschange|p2a: Ogerpon|Ogerpon-Teal-Tera, F, tera:Grass
|-ability|p2a: Ogerpon|Embody Aspect (Teal)|boost
|-boost|p2a: Ogerpon|spe|1
|move|p2a: Ogerpon|Knock Off|p1a: Sinistcha
|-supereffective|p1a: Sinistcha
|-crit|p1a: Sinistcha
|-damage|p1a: Sinistcha|1/100
|-enditem|p1a: Sinistcha|Heavy-Duty Boots|[from] move: Knock Off|[of] p2a: Ogerpon
|move|p1a: Sinistcha|Shadow Ball|p2a: Ogerpon
|-damage|p2a: Ogerpon|0 fnt
|faint|p2a: Ogerpon
|detailschange|p2: Ogerpon|Ogerpon, F|[silent]
|
|upkeep
|-message|RAND0M TEAM GENS forfeited.
|
|win|rossetiger
|raw|rossetiger's rating: 1410 &rarr; <strong>1428</strong><br />(+18 for winning)
|raw|RAND0M TEAM GENS's rating: 1381 &rarr; <strong>1363</strong><br />(-18 for losing)
|l|☆RAND0M TEAM GENS
|player|p2|
|l|☆rossetiger
|player|p1|
