|j|☆llnate4L
|j|☆Linnotoooo
|t:|1769323652
|gametype|singles
|player|p1|llnate4L|gentleman-gen4|1076
|player|p2|Linnotoooo|dancer|1095
|gen|9
|tier|[Gen 9] OU
|rated|
|rule|HP Percentage Mod: HP is shown in percentages
|rule|Endless Battle Clause: Forcing endless battles is banned
|rule|Species Clause: Limit one of each Pokémon
|rule|OHKO Clause: OHKO moves are banned
|rule|Evasion Items Clause: Evasion items are banned
|rule|Evasion Moves Clause: Evasion moves are banned
|rule|Evasion Abilities Clause: Evasion abilities are banned
|rule|Sleep Moves Clause: Sleep-inducing moves are banned
|clearpoke
|poke|p1|Primarina, F|
|poke|p1|Rhyperior, M|
|poke|p1|Metagross|
|poke|p1|Talonflame, M|
|poke|p1|Tsareena, F|
|poke|p1|Drifblim, F|
|poke|p2|Zoroark-Hisui, F|
|poke|p2|Ceruledge, F|
|poke|p2|Primarina, F|
|poke|p2|Great Tusk|
|poke|p2|Kingambit, F|
|poke|p2|Moltres|
|teampreview
|
|t:|1769323669
|teamsize|p1|6
|teamsize|p2|6
|start
|switch|p1a: Tsareena|Tsareena, F, shiny|100/100
|switch|p2a: Primarina|Primarina, F|100/100
|turn|1
|
|t:|1769323680
|switch|p2a: Moltres|Moltres|100/100
|move|p1a: Tsareena|Trop Kick|p2a: Moltres
|-resisted|p2a: Moltres
|-damage|p2a: Moltres|92/100
|-unboost|p2a: Moltres|atk|1
|-status|p1a: Tsareena|brn|[from] ability: Flame Body|[of] p2a: Moltres
|
|-damage|p1a: Tsareena|94/100 brn|[from] brn
|upkeep
|turn|2
|
|t:|1769323699
|switch|p1a: Primarina|Primarina, F, shiny|100/100
|move|p2a: Moltres|Flamethrower|p1a: Primarina
|-resisted|p1a: Primarina
|-damage|p1a: Primarina|86/100
|
|-heal|p1a: Primarina|92/100|[from] item: Leftovers
|upkeep
|turn|3
|
|t:|1769323735
|switch|p2a: Great Tusk|Great Tusk|100/100
|move|p1a: Primarina|Calm Mind|p1a: Primarina
|-boost|p1a: Primarina|spa|1
|-boost|p1a: Primarina|spd|1
|
|-heal|p1a: Primarina|98/100|[from] item: Leftovers
|upkeep
|turn|4
|
|t:|1769323747
|move|p2a: Great Tusk|Earthquake|p1a: Primarina
|-damage|p1a: Primarina|40/100
|move|p1a: Primarina|Sparkling Aria|p2a: Great Tusk
|-supereffective|p2a: Great Tusk
|-damage|p2a: Great Tusk|3/100
|
|-heal|p1a: Primarina|46/100|[from] item: Leftovers
|upkeep
|turn|5
|
|t:|1769323762
|switch|p1a: Drifblim|Drifblim, F|100/100
|move|p2a: Great Tusk|Ice Spinner|p1a: Drifblim
|-supereffective|p1a: Drifblim
|-damage|p1a: Drifblim|28/100
|-enditem|p1a: Drifblim|Sitrus Berry|[eat]
|-heal|p1a: Drifblim|53/100|[from] item: Sitrus Berry
|
|upkeep
|turn|6
|
|t:|1769323773
|move|p1a: Drifblim|Shadow Ball|p2a: Great Tusk
|-damage|p2a: Great Tusk|0 fnt
|faint|p2a: Great Tusk
|-end|p2a: Great Tusk|Protosynthesis|[silent]
|
|upkeep
|
|t:|1769323780
|switch|p2a: Ceruledge|Ceruledge, F|100/100
|turn|7
|
|t:|1769323790
|move|p1a: Drifblim|Substitute|p1a: Drifblim
|-start|p1a: Drifblim|Substitute
|-damage|p1a: Drifblim|28/100
|move|p2a: Ceruledge|Shadow Ball|p1a: Drifblim
|-supereffective|p1a: Drifblim
|-crit|p1a: Drifblim
|-end|p1a: Drifblim|Substitute
|
|upkeep
|turn|8
|
|t:|1769323798
|move|p1a: Drifblim|Shadow Ball|p2a: Ceruledge
|-immune|p2a: Ceruledge
|move|p2a: Ceruledge|Shadow Ball|p1a: Drifblim
|-supereffective|p1a: Drifblim
|-damage|p1a: Drifblim|0 fnt
|faint|p1a: Drifblim
|
|upkeep
|
|t:|1769323822
|switch|p1a: Primarina|Primarina, F, shiny|46/100
|turn|9
|
|t:|1769323827
|move|p2a: Ceruledge|Shadow Ball|p1a: Primarina
|-damage|p1a: Primarina|0 fnt
|faint|p1a: Primarina
|
|upkeep
|
|t:|1769323836
|switch|p1a: Talonflame|Talonflame, M|100/100
|turn|10
|
|t:|1769323841
|-terastallize|p2a: Ceruledge|Ghost
|move|p1a: Talonflame|Brave Bird|p2a: Ceruledge
|-damage|p2a: Ceruledge|0 fnt
|replace|p2a: Zoroark|Zoroark-Hisui, F
|-end|p2a: Zoroark|Illusion
|faint|p2a: Zoroark
|-damage|p1a: Talonflame|73/100|[from] Recoil
|-damage|p1a: Talonflame|63/100|[from] item: Life Orb
|
|upkeep
|
|t:|1769323851
|switch|p2a: Primarina|Primarina, F|100/100
|turn|11
|
|t:|1769323857
|move|p1a: Talonflame|Brave Bird|p2a: Primarina
|-damage|p2a: Primarina|12/100
|-damage|p1a: Talonflame|33/100|[from] Recoil
|-damage|p1a: Talonflame|24/100|[from] item: Life Orb
|move|p2a: Primarina|Surf|p1a: Talonflame
|-supereffective|p1a: Talonflame
|-damage|p1a: Talonflame|0 fnt
|faint|p1a: Talonflame
|
|-heal|p2a: Primarina|18/100|[from] item: Leftovers
|upkeep
|
|t:|1769323869
|switch|p1a: Metagross|Metagross, shiny|100/100
|turn|12
|
|t:|1769323878
|move|p1a: Metagross|Bullet Punch|p2a: Primarina
|-damage|p2a: Primarina|0 fnt
|faint|p2a: Primarina
|
|upkeep
|
|t:|1769323892
|switch|p2a: Ceruledge|Ceruledge, F|100/100
|turn|13
|
|t:|1769323903
|move|p2a: Ceruledge|Bitter Blade|p1a: Metagross
|-supereffective|p1a: Metagross
|-damage|p1a: Metagross|31/100
|-enditem|p1a: Metagross|Weakness Policy
|-boost|p1a: Metagross|atk|2|[from] item: Weakness Policy
|-boost|p1a: Metagross|spa|2|[from] item: Weakness Policy
|move|p1a: Metagross|Earthquake|p2a: Ceruledge
|-supereffective|p2a: Ceruledge
|-damage|p2a: Ceruledge|0 fnt
|faint|p2a: Ceruledge
|
|upkeep
|
|t:|1769323912
|switch|p2a: Moltres|Moltres|92/100
|turn|14
|
|t:|1769323924
|move|p2a: Moltres|Flamethrower|p1a: Metagross
|-supereffective|p1a: Metagross
|-damage|p1a: Metagross|0 fnt
|faint|p1a: Metagross
|
|upkeep
|
|t:|1769323930
|switch|p1a: Rhyperior|Rhyperior, M|100/100
|turn|15
|
|t:|1769323936
|-terastallize|p1a: Rhyperior|Ground
|move|p2a: Moltres|Scorching Sands|p1a: Rhyperior
|-damage|p1a: Rhyperior|84/100
|move|p1a: Rhyperior|Stone Edge|p2a: Moltres
|-supereffective|p2a: Moltres
|-damage|p2a: Moltres|0 fnt
|faint|p2a: Moltres
|
|upkeep
|
|t:|1769323945
|switch|p2a: Kingambit|Kingambit, F|100/100
|-activate|p2a: Kingambit|ability: Supreme Overlord
|-start|p2a: Kingambit|fallen5|[silent]
|turn|16
|
|t:|1769323952
|move|p2a: Kingambit|Sucker Punch|p1a: Rhyperior
|-damage|p1a: Rhyperior|45/100
|move|p1a: Rhyperior|Earthquake|p2a: Kingambit
|-supereffective|p2a: Kingambit
|-damage|p2a: Kingambit|0 fnt
|faint|p2a: Kingambit
|-end|p2a: Kingambit|fallen5|[silent]
|
|win|llnate4L
|raw|llnate4L's rating: 1076 &rarr; <strong>1106</strong><br />(+30 for winning)
|raw|Linnotoooo's rating: 1095 &rarr; <strong>1069</strong><br />(-26 for losing)
|l|☆Linnotoooo
|player|p2|
|l|☆llnate4L
|player|p1|
