|j|☆GODKUD
|j|☆Justoffu
|t:|1769350425
|gametype|singles
|player|p1|GODKUD|ghetsis|1710
|player|p2|Justoffu|bugcatcher-gen4dp|1723
|gen|9
|tier|[Gen 9] OU
|rated|
|rule|HP Percentage Mod: HP is shown in percentages
|rule|Endless Battle Clause: Forcing endless battles is banned
|rule|Species Clause: Limit one of each Pokémon
|rule|OHKO Clause: OHKO moves are banned
|rule|Evasion Items Clause: Evasion items are banned
|rule|Evasion Moves Clause: Evasion moves are banned
|rule|Evasion Abilities Clause: Evasion abilities are banned
|rule|Sleep Moves Clause: Sleep-inducing moves are banned
|clearpoke
|poke|p1|Ceruledge, F|
|poke|p1|Corviknight, F|
|poke|p1|Slowking-Galar, F|
|poke|p1|Great Tusk|
|poke|p1|Hydreigon, M|
|poke|p1|Primarina, F|
|poke|p2|Tinkaton, F|
|poke|p2|Ogerpon, F|
|poke|p2|Great Tusk|
|poke|p2|Pecharunt|
|poke|p2|Alomomola, M|
|poke|p2|Hydreigon, M|
|teampreview
|inactive|Battle timer is ON: inactive players will automatically lose when time's up. (requested by GODKUD)
|
|t:|1769350456
|teamsize|p1|6
|teamsize|p2|6
|start
|switch|p1a: Slowking|Slowking-Galar, F|100/100
|switch|p2a: Anonymous|Ogerpon, F|100/100
|turn|1
|
|t:|1769350470
|switch|p1a: Corviknight|Corviknight, F|100/100
|-ability|p1a: Corviknight|Pressure
|move|p2a: Anonymous|U-turn|p1a: Corviknight
|-resisted|p1a: Corviknight
|-damage|p1a: Corviknight|95/100
|-damage|p2a: Anonymous|84/100|[from] item: Rocky Helmet|[of] p1a: Corviknight
|
|t:|1769350487
|switch|p2a: Pisces|Alomomola, M, shiny|100/100|[from] U-turn
|
|upkeep
|turn|2
|
|t:|1769350494
|switch|p1a: Slowking|Slowking-Galar, F|100/100
|move|p2a: Pisces|Flip Turn|p1a: Slowking
|-damage|p1a: Slowking|84/100
|inactive|Justoffu has 120 seconds left.
|
|t:|1769350525
|switch|p2a: Behemoth|Great Tusk, shiny|100/100|[from] Flip Turn
|
|upkeep
|turn|3
|
|t:|1769350529
|-end|p2a: Behemoth|Protosynthesis|[silent]
|switch|p2a: Smile.exe|Tinkaton, F, shiny|100/100
|-item|p2a: Smile.exe|Air Balloon
|move|p1a: Slowking|Toxic|p2a: Smile.exe
|-immune|p2a: Smile.exe
|
|upkeep
|turn|4
|j| Nikator98
|
|t:|1769350537
|move|p2a: Smile.exe|Encore|p1a: Slowking
|-start|p1a: Slowking|Encore
|move|p1a: Slowking|Toxic|p2a: Smile.exe
|-immune|p2a: Smile.exe
|
|upkeep
|turn|5
|
|t:|1769350542
|switch|p1a: Corviknight|Corviknight, F|95/100
|-ability|p1a: Corviknight|Pressure
|move|p2a: Smile.exe|Stealth Rock|p1a: Corviknight
|-sidestart|p1: GODKUD|move: Stealth Rock
|
|upkeep
|turn|6
|
|t:|1769350548
|switch|p2a: Pisces|Alomomola, M, shiny|100/100
|move|p1a: Corviknight|U-turn|p2a: Pisces
|-damage|p2a: Pisces|90/100
|
|t:|1769350554
|switch|p1a: Slowking|Slowking-Galar, F|100/100|[from] U-turn
|
|upkeep
|turn|7
|
|t:|1769350568
|move|p2a: Pisces|Flip Turn|p1a: Slowking
|-damage|p1a: Slowking|83/100
|j| panneman97
|
|t:|1769350576
|switch|p2a: Smile.exe|Tinkaton, F, shiny|100/100|[from] Flip Turn
|-item|p2a: Smile.exe|Air Balloon
|move|p1a: Slowking|Future Sight|p2a: Smile.exe
|-start|p1a: Slowking|move: Future Sight
|
|upkeep
|turn|8
|
|t:|1769350583
|switch|p1a: Corviknight|Corviknight, F|95/100
|-damage|p1a: Corviknight|83/100|[from] Stealth Rock
|-ability|p1a: Corviknight|Pressure
|move|p2a: Smile.exe|Gigaton Hammer|p1a: Corviknight
|-resisted|p1a: Corviknight
|-damage|p1a: Corviknight|66/100
|
|upkeep
|turn|9
|
|t:|1769350590
|switch|p2a: Pisces|Alomomola, M, shiny|100/100
|move|p1a: Corviknight|Defog|p2a: Pisces
|-unboost|p2a: Pisces|evasion|1
|-sideend|p1: GODKUD|Stealth Rock|[from] move: Defog|[of] p1a: Corviknight
|
|-end|p2a: Pisces|move: Future Sight
|-damage|p2a: Pisces|78/100
|upkeep
|turn|10
|
|t:|1769350595
|move|p1a: Corviknight|Roost|p1a: Corviknight
|-heal|p1a: Corviknight|100/100
|-singleturn|p1a: Corviknight|move: Roost
|move|p2a: Pisces|Flip Turn|p1a: Corviknight
|-damage|p1a: Corviknight|91/100
|-damage|p2a: Pisces|62/100|[from] item: Rocky Helmet|[of] p1a: Corviknight
|
|t:|1769350613
|switch|p2a: Hybrid|Hydreigon, M, shiny|100/100|[from] Flip Turn
|
|upkeep
|turn|11
|
|t:|1769350623
|switch|p1a: Primarina|Primarina, F|100/100
|move|p2a: Hybrid|Dark Pulse|p1a: Primarina
|-resisted|p1a: Primarina
|-damage|p1a: Primarina|76/100
|
|-heal|p1a: Primarina|82/100|[from] item: Leftovers
|upkeep
|turn|12
|
|t:|1769350630
|switch|p2a: Pisces|Alomomola, M, shiny|95/100
|move|p1a: Primarina|Psychic Noise|p2a: Pisces
|-resisted|p2a: Pisces
|-damage|p2a: Pisces|87/100
|-start|p2a: Pisces|move: Heal Block
|
|-heal|p1a: Primarina|88/100|[from] item: Leftovers
|upkeep
|turn|13
|l| Nikator98
|
|t:|1769350637
|move|p1a: Primarina|Calm Mind|p1a: Primarina
|-boost|p1a: Primarina|spa|1
|-boost|p1a: Primarina|spd|1
|move|p2a: Pisces|Flip Turn|p1a: Primarina
|-resisted|p1a: Primarina
|-damage|p1a: Primarina|82/100
|
|t:|1769350652
|switch|p2a: Anonymous|Ogerpon, F|84/100|[from] Flip Turn
|
|-heal|p1a: Primarina|88/100|[from] item: Leftovers
|upkeep
|turn|14
|
|t:|1769350662
|switch|p1a: Corviknight|Corviknight, F|91/100
|-ability|p1a: Corviknight|Pressure
|move|p2a: Anonymous|U-turn|p1a: Corviknight
|-resisted|p1a: Corviknight
|-damage|p1a: Corviknight|86/100
|-damage|p2a: Anonymous|67/100|[from] item: Rocky Helmet|[of] p1a: Corviknight
|l| panneman97
|
|t:|1769350684
|switch|p2a: Pisces|Alomomola, M, shiny|100/100|[from] U-turn
|
|upkeep
|turn|15
|l|☆Justoffu
|inactive|Justoffu disconnected and has a minute to reconnect!
|player|p2|
|inactive|Justoffu has 30 seconds to reconnect!
|inactive|Justoffu has 20 seconds to reconnect!
|inactive|Justoffu has 15 seconds to reconnect!
|inactive|Justoffu has 10 seconds to reconnect!
|j|☆Justoffu
|inactive|Justoffu reconnected and has 85 seconds left.
|player|p2|Justoffu|bugcatcher-gen4dp|
|
|t:|1769350738
|move|p1a: Corviknight|U-turn|p2a: Pisces
|-crit|p2a: Pisces
|-damage|p2a: Pisces|85/100
|
|t:|1769350753
|switch|p1a: Slowking|Slowking-Galar, F|100/100|[from] U-turn
|move|p2a: Pisces|Flip Turn|p1a: Slowking
|-damage|p1a: Slowking|85/100
|inactive|Justoffu has 90 seconds left.
|
|t:|1769350759
|switch|p2a: Hybrid|Hydreigon, M, shiny|100/100|[from] Flip Turn
|
|upkeep
|turn|16
|
|t:|1769350770
|move|p2a: Hybrid|Dark Pulse|p1a: Slowking
|-supereffective|p1a: Slowking
|-damage|p1a: Slowking|13/100
|move|p1a: Slowking|Toxic|p2a: Hybrid
|-status|p2a: Hybrid|tox
|
|-damage|p2a: Hybrid|94/100 tox|[from] psn
|upkeep
|turn|17
|
|t:|1769350775
|switch|p2a: Anonymous|Ogerpon, F|67/100
|switch|p1a: Primarina|Primarina, F|88/100
|
|-heal|p1a: Primarina|94/100|[from] item: Leftovers
|upkeep
|turn|18
|
|t:|1769350787
|switch|p1a: Corviknight|Corviknight, F|86/100
|-ability|p1a: Corviknight|Pressure
|move|p2a: Anonymous|Knock Off|p1a: Corviknight
|-damage|p1a: Corviknight|60/100
|-damage|p2a: Anonymous|51/100|[from] item: Rocky Helmet|[of] p1a: Corviknight
|-enditem|p1a: Corviknight|Rocky Helmet|[from] move: Knock Off|[of] p2a: Anonymous
|
|upkeep
|turn|19
|
|t:|1769350793
|switch|p2a: Overseer|Pecharunt|100/100
|move|p1a: Corviknight|Roost|p1a: Corviknight
|-heal|p1a: Corviknight|100/100
|-singleturn|p1a: Corviknight|move: Roost
|
|upkeep
|turn|20
|
|t:|1769350801
|move|p2a: Overseer|Parting Shot|p1a: Corviknight
|-unboost|p1a: Corviknight|atk|1
|-unboost|p1a: Corviknight|spa|1
|
|t:|1769350807
|switch|p2a: Pisces|Alomomola, M, shiny|100/100|[from] Parting Shot
|move|p1a: Corviknight|U-turn|p2a: Pisces
|-damage|p2a: Pisces|93/100
|
|t:|1769350813
|switch|p1a: Slowking|Slowking-Galar, F|47/100|[from] U-turn
|
|upkeep
|turn|21
|inactive|Justoffu has 120 seconds left.
|
|t:|1769350820
|move|p2a: Pisces|Flip Turn|p1a: Slowking
|-damage|p1a: Slowking|29/100
|inactive|Justoffu has 120 seconds left.
|
|t:|1769350829
|switch|p2a: Smile.exe|Tinkaton, F, shiny|100/100|[from] Flip Turn
|-item|p2a: Smile.exe|Air Balloon
|-prepare|p1a: Slowking|Chilly Reception|[premajor]
|move|p1a: Slowking|Chilly Reception|p1a: Slowking
|-weather|Snowscape
|
|t:|1769350842
|switch|p1a: Corviknight|Corviknight, F|100/100|[from] Chilly Reception
|-ability|p1a: Corviknight|Pressure
|
|-weather|Snowscape|[upkeep]
|upkeep
|turn|22
|
|t:|1769350849
|move|p2a: Smile.exe|Stealth Rock|p1a: Corviknight
|-sidestart|p1: GODKUD|move: Stealth Rock
|move|p1a: Corviknight|U-turn|p2a: Smile.exe
|-resisted|p2a: Smile.exe
|-damage|p2a: Smile.exe|96/100
|-enditem|p2a: Smile.exe|Air Balloon
|
|t:|1769350852
|switch|p1a: Great Tusk|Great Tusk|100/100|[from] U-turn
|-damage|p1a: Great Tusk|98/100|[from] Stealth Rock
|-enditem|p1a: Great Tusk|Booster Energy
|-activate|p1a: Great Tusk|ability: Protosynthesis|[fromitem]
|-start|p1a: Great Tusk|protosynthesisatk
|
|-weather|Snowscape|[upkeep]
|upkeep
|turn|23
|
|t:|1769350863
|-terastallize|p2a: Smile.exe|Ice
|move|p2a: Smile.exe|Ice Hammer|p1a: Great Tusk
|-supereffective|p1a: Great Tusk
|-damage|p1a: Great Tusk|46/100
|-unboost|p2a: Smile.exe|spe|1
|move|p1a: Great Tusk|Rapid Spin|p2a: Smile.exe
|-damage|p2a: Smile.exe|76/100
|-boost|p1a: Great Tusk|spe|1
|-sideend|p1: GODKUD|Stealth Rock|[from] move: Rapid Spin|[of] p1a: Great Tusk
|
|-weather|Snowscape|[upkeep]
|upkeep
|turn|24
|
|t:|1769350875
|switch|p2a: Overseer|Pecharunt|100/100
|move|p1a: Great Tusk|Headlong Rush|p2a: Overseer
|-supereffective|p2a: Overseer
|-damage|p2a: Overseer|24/100
|-unboost|p1a: Great Tusk|def|1
|-unboost|p1a: Great Tusk|spd|1
|-damage|p1a: Great Tusk|29/100|[from] item: Rocky Helmet|[of] p2a: Overseer
|
|-weather|Snowscape|[upkeep]
|upkeep
|turn|25
|
|t:|1769350886
|switch|p2a: Hybrid|Hydreigon, M, shiny|94/100 tox
|move|p1a: Great Tusk|Headlong Rush|p2a: Hybrid
|-immune|p2a: Hybrid|[from] ability: Levitate
|
|-weather|none
|-damage|p2a: Hybrid|88/100 tox|[from] psn
|upkeep
|turn|26
|
|t:|1769350903
|switch|p2a: Overseer|Pecharunt|24/100
|move|p1a: Great Tusk|Stealth Rock|p2a: Overseer
|-sidestart|p2: Justoffu|move: Stealth Rock
|
|upkeep
|turn|27
|
|t:|1769350916
|move|p1a: Great Tusk|Headlong Rush|p2a: Overseer
|-supereffective|p2a: Overseer
|-damage|p2a: Overseer|0 fnt
|-unboost|p1a: Great Tusk|def|1
|-unboost|p1a: Great Tusk|spd|1
|-damage|p1a: Great Tusk|13/100|[from] item: Rocky Helmet|[of] p2a: Overseer
|faint|p2a: Overseer
|
|upkeep
|
|t:|1769350918
|switch|p2a: Pisces|Alomomola, M, shiny|100/100
|-damage|p2a: Pisces|88/100|[from] Stealth Rock
|turn|28
|
|t:|1769350921
|move|p2a: Pisces|Aqua Jet|p1a: Great Tusk
|-supereffective|p1a: Great Tusk
|-damage|p1a: Great Tusk|0 fnt
|faint|p1a: Great Tusk
|-end|p1a: Great Tusk|Protosynthesis|[silent]
|
|upkeep
|
|t:|1769350929
|switch|p1a: Slowking|Slowking-Galar, F|62/100
|turn|29
|
|t:|1769350951
|move|p2a: Pisces|Flip Turn|p1a: Slowking
|-damage|p1a: Slowking|47/100
|j| omoqaqqwq
|
|t:|1769350955
|switch|p2a: Smile.exe|Tinkaton, F, shiny, tera:Ice|76/100|[from] Flip Turn
|-damage|p2a: Smile.exe|51/100|[from] Stealth Rock
|-prepare|p1a: Slowking|Chilly Reception|[premajor]
|move|p1a: Slowking|Chilly Reception|p1a: Slowking
|-weather|Snowscape
|
|t:|1769350961
|switch|p1a: Hydreigon|Hydreigon, M|100/100|[from] Chilly Reception
|
|-weather|Snowscape|[upkeep]
|upkeep
|turn|30
|l| omoqaqqwq
|
|t:|1769350971
|switch|p2a: Pisces|Alomomola, M, shiny|100/100
|-damage|p2a: Pisces|88/100|[from] Stealth Rock
|move|p1a: Hydreigon|Dark Pulse|p2a: Pisces
|-damage|p2a: Pisces|58/100
|
|-weather|Snowscape|[upkeep]
|upkeep
|turn|31
|
|t:|1769350976
|switch|p1a: Slowking|Slowking-Galar, F|80/100
|move|p2a: Pisces|Mirror Coat||[still]
|-fail|p2a: Pisces
|
|-weather|Snowscape|[upkeep]
|upkeep
|turn|32
|
|t:|1769350981
|move|p2a: Pisces|Flip Turn|p1a: Slowking
|-damage|p1a: Slowking|64/100
|
|t:|1769350984
|switch|p2a: Smile.exe|Tinkaton, F, shiny, tera:Ice|51/100|[from] Flip Turn
|-damage|p2a: Smile.exe|26/100|[from] Stealth Rock
|-prepare|p1a: Slowking|Chilly Reception|[premajor]
|move|p1a: Slowking|Chilly Reception|p1a: Slowking
|
|t:|1769350988
|switch|p1a: Hydreigon|Hydreigon, M|100/100|[from] Chilly Reception
|
|-weather|Snowscape|[upkeep]
|upkeep
|turn|33
|
|t:|1769350998
|move|p1a: Hydreigon|Dark Pulse|p2a: Smile.exe
|-damage|p2a: Smile.exe|0 fnt
|faint|p2a: Smile.exe
|
|-weather|none
|upkeep
|j| FirstLightSoulja
|j| turquoiselink
|
|t:|1769351002
|switch|p2a: Behemoth|Great Tusk, shiny|100/100
|turn|34
|
|t:|1769351015
|switch|p1a: Ceruledge|Ceruledge, F|100/100
|move|p2a: Behemoth|Headlong Rush|p1a: Ceruledge
|-supereffective|p1a: Ceruledge
|-enditem|p1a: Ceruledge|Focus Sash
|-damage|p1a: Ceruledge|1/100
|-unboost|p2a: Behemoth|def|1
|-unboost|p2a: Behemoth|spd|1
|-ability|p1a: Ceruledge|Weak Armor|boost
|-unboost|p1a: Ceruledge|def|1
|-boost|p1a: Ceruledge|spe|2
|
|upkeep
|turn|35
|
|t:|1769351027
|-end|p2a: Behemoth|Protosynthesis|[silent]
|switch|p2a: Pisces|Alomomola, M, shiny|91/100
|-damage|p2a: Pisces|78/100|[from] Stealth Rock
|-terastallize|p1a: Ceruledge|Ghost
|move|p1a: Ceruledge|Poltergeist|p2a: Pisces
|-activate|p2a: Pisces|move: Poltergeist|Assault Vest
|-damage|p2a: Pisces|11/100
|
|upkeep
|turn|36
|
|t:|1769351031
|move|p2a: Pisces|Aqua Jet|p1a: Ceruledge
|-damage|p1a: Ceruledge|0 fnt
|faint|p1a: Ceruledge
|
|upkeep
|
|t:|1769351038
|switch|p1a: Slowking|Slowking-Galar, F|97/100
|turn|37
|
|t:|1769351042
|move|p2a: Pisces|Flip Turn|p1a: Slowking
|-damage|p1a: Slowking|81/100
|
|t:|1769351047
|switch|p2a: Behemoth|Great Tusk, shiny|100/100|[from] Flip Turn
|move|p1a: Slowking|Future Sight|p2a: Behemoth
|-start|p1a: Slowking|move: Future Sight
|
|upkeep
|turn|38
|
|t:|1769351052
|switch|p1a: Corviknight|Corviknight, F|100/100
|-ability|p1a: Corviknight|Pressure
|move|p2a: Behemoth|Rapid Spin|p1a: Corviknight
|-resisted|p1a: Corviknight
|-damage|p1a: Corviknight|95/100
|-boost|p2a: Behemoth|spe|1
|-sideend|p2: Justoffu|Stealth Rock|[from] move: Rapid Spin|[of] p2a: Behemoth
|
|upkeep
|turn|39
|
|t:|1769351058
|-end|p2a: Behemoth|Protosynthesis|[silent]
|switch|p2a: Pisces|Alomomola, M, shiny|44/100
|move|p1a: Corviknight|U-turn|p2a: Pisces
|-damage|p2a: Pisces|34/100
|
|t:|1769351064
|switch|p1a: Primarina|Primarina, F|94/100|[from] U-turn
|
|-end|p2a: Pisces|move: Future Sight
|-damage|p2a: Pisces|11/100
|-heal|p1a: Primarina|99/100|[from] item: Leftovers
|upkeep
|turn|40
|
|t:|1769351076
|switch|p2a: Anonymous|Ogerpon, F|51/100
|move|p1a: Primarina|Calm Mind|p1a: Primarina
|-boost|p1a: Primarina|spa|1
|-boost|p1a: Primarina|spd|1
|
|-heal|p1a: Primarina|100/100|[from] item: Leftovers
|upkeep
|turn|41
|
|t:|1769351086
|switch|p1a: Corviknight|Corviknight, F|95/100
|-ability|p1a: Corviknight|Pressure
|move|p2a: Anonymous|U-turn|p1a: Corviknight
|-resisted|p1a: Corviknight
|-damage|p1a: Corviknight|90/100
|
|t:|1769351088
|switch|p2a: Pisces|Alomomola, M, shiny|44/100|[from] U-turn
|
|upkeep
|turn|42
|
|t:|1769351093
|switch|p1a: Slowking|Slowking-Galar, F|100/100
|move|p2a: Pisces|Flip Turn|p1a: Slowking
|-damage|p1a: Slowking|83/100
|
|t:|1769351102
|switch|p2a: Anonymous|Ogerpon, F|51/100|[from] Flip Turn
|
|upkeep
|turn|43
|
|t:|1769351108
|move|p2a: Anonymous|U-turn|p1a: Slowking
|-damage|p1a: Slowking|49/100
|
|t:|1769351113
|switch|p2a: Pisces|Alomomola, M, shiny|78/100|[from] U-turn
|move|p1a: Slowking|Sludge Bomb|p2a: Pisces
|-damage|p2a: Pisces|61/100
|-status|p2a: Pisces|psn
|
|-damage|p2a: Pisces|49/100 psn|[from] psn
|upkeep
|turn|44
|
|t:|1769351117
|move|p2a: Pisces|Flip Turn|p1a: Slowking
|-damage|p1a: Slowking|32/100
|
|t:|1769351124
|switch|p2a: Hybrid|Hydreigon, M, shiny|88/100 tox|[from] Flip Turn
|move|p1a: Slowking|Future Sight|p2a: Hybrid
|-start|p1a: Slowking|move: Future Sight
|
|-damage|p2a: Hybrid|82/100 tox|[from] psn
|upkeep
|turn|45
|
|t:|1769351142
|switch|p2a: Anonymous|Ogerpon, F|51/100
|switch|p1a: Primarina|Primarina, F|100/100
|
|upkeep
|turn|46
|
|t:|1769351149
|switch|p1a: Corviknight|Corviknight, F|90/100
|-ability|p1a: Corviknight|Pressure
|move|p2a: Anonymous|U-turn|p1a: Corviknight
|-resisted|p1a: Corviknight
|-damage|p1a: Corviknight|84/100
|
|t:|1769351152
|switch|p2a: Pisces|Alomomola, M, shiny|82/100 psn|[from] U-turn
|
|-end|p2a: Pisces|move: Future Sight
|-damage|p2a: Pisces|61/100 psn
|-damage|p2a: Pisces|48/100 psn|[from] psn
|upkeep
|turn|47
|
|t:|1769351156
|switch|p1a: Slowking|Slowking-Galar, F|66/100
|move|p2a: Pisces|Flip Turn|p1a: Slowking
|-damage|p1a: Slowking|49/100
|
|t:|1769351160
|switch|p2a: Anonymous|Ogerpon, F|51/100|[from] Flip Turn
|
|upkeep
|turn|48
|
|t:|1769351163
|switch|p1a: Corviknight|Corviknight, F|84/100
|-ability|p1a: Corviknight|Pressure
|move|p2a: Anonymous|Knock Off|p1a: Corviknight
|-damage|p1a: Corviknight|64/100
|
|upkeep
|turn|49
|
|t:|1769351171
|switch|p2a: Behemoth|Great Tusk, shiny|100/100
|move|p1a: Corviknight|Roost|p1a: Corviknight
|-heal|p1a: Corviknight|100/100
|-singleturn|p1a: Corviknight|move: Roost
|
|upkeep
|turn|50
|
|t:|1769351180
|move|p2a: Behemoth|Rapid Spin|p1a: Corviknight
|-resisted|p1a: Corviknight
|-damage|p1a: Corviknight|95/100
|-boost|p2a: Behemoth|spe|1
|move|p1a: Corviknight|Brave Bird|p2a: Behemoth
|-supereffective|p2a: Behemoth
|-damage|p2a: Behemoth|44/100
|-damage|p1a: Corviknight|78/100|[from] Recoil
|
|upkeep
|turn|51
|
|t:|1769351189
|-end|p2a: Behemoth|Protosynthesis|[silent]
|switch|p2a: Pisces|Alomomola, M, shiny|82/100 psn
|move|p1a: Corviknight|Brave Bird|p2a: Pisces
|-damage|p2a: Pisces|51/100 psn
|-damage|p1a: Corviknight|65/100|[from] Recoil
|
|-damage|p2a: Pisces|39/100 psn|[from] psn
|upkeep
|turn|52
|
|t:|1769351195
|move|p1a: Corviknight|Roost|p1a: Corviknight
|-heal|p1a: Corviknight|100/100
|-singleturn|p1a: Corviknight|move: Roost
|move|p2a: Pisces|Flip Turn|p1a: Corviknight
|-damage|p1a: Corviknight|90/100
|
|t:|1769351198
|switch|p2a: Hybrid|Hydreigon, M, shiny|82/100 tox|[from] Flip Turn
|
|-damage|p2a: Hybrid|76/100 tox|[from] psn
|upkeep
|turn|53
|
|t:|1769351205
|switch|p2a: Anonymous|Ogerpon, F|51/100
|switch|p1a: Primarina|Primarina, F|100/100
|
|upkeep
|turn|54
|
|t:|1769351218
|switch|p1a: Corviknight|Corviknight, F|90/100
|-ability|p1a: Corviknight|Pressure
|move|p2a: Anonymous|Ivy Cudgel|p1a: Corviknight
|-resisted|p1a: Corviknight
|-damage|p1a: Corviknight|80/100
|
|upkeep
|turn|55
|
|t:|1769351224
|switch|p2a: Pisces|Alomomola, M, shiny|72/100 psn
|move|p1a: Corviknight|U-turn|p2a: Pisces
|-damage|p2a: Pisces|60/100 psn
|
|t:|1769351228
|switch|p1a: Slowking|Slowking-Galar, F|82/100|[from] U-turn
|
|-damage|p2a: Pisces|48/100 psn|[from] psn
|upkeep
|turn|56
|
|t:|1769351234
|switch|p2a: Anonymous|Ogerpon, F|51/100
|move|p1a: Slowking|Future Sight|p2a: Anonymous
|-start|p1a: Slowking|move: Future Sight
|
|upkeep
|turn|57
|
|t:|1769351245
|switch|p1a: Corviknight|Corviknight, F|80/100
|-ability|p1a: Corviknight|Pressure
|move|p2a: Anonymous|U-turn|p1a: Corviknight
|-resisted|p1a: Corviknight
|-damage|p1a: Corviknight|75/100
|
|t:|1769351248
|switch|p2a: Hybrid|Hydreigon, M, shiny|76/100 tox|[from] U-turn
|
|-damage|p2a: Hybrid|70/100 tox|[from] psn
|upkeep
|turn|58
|
|t:|1769351267
|switch|p1a: Primarina|Primarina, F|100/100
|move|p2a: Hybrid|Earth Power|p1a: Primarina
|-damage|p1a: Primarina|66/100
|
|-end|p2a: Hybrid|move: Future Sight
|-immune|p2a: Hybrid
|-heal|p1a: Primarina|72/100|[from] item: Leftovers
|-damage|p2a: Hybrid|57/100 tox|[from] psn
|upkeep
|turn|59
|
|t:|1769351273
|switch|p2a: Pisces|Alomomola, M, shiny|81/100 psn
|move|p1a: Primarina|Draining Kiss|p2a: Pisces
|-crit|p2a: Pisces
|-damage|p2a: Pisces|65/100 psn
|-heal|p1a: Primarina|90/100|[from] drain|[of] p2a: Pisces
|
|-heal|p1a: Primarina|96/100|[from] item: Leftovers
|-damage|p2a: Pisces|52/100 psn|[from] psn
|upkeep
|turn|60
|
|t:|1769351280
|switch|p1a: Slowking|Slowking-Galar, F|100/100
|move|p2a: Pisces|Flip Turn|p1a: Slowking
|-damage|p1a: Slowking|85/100
|
|t:|1769351283
|switch|p2a: Anonymous|Ogerpon, F|51/100|[from] Flip Turn
|
|upkeep
|turn|61
|
|t:|1769351297
|switch|p1a: Corviknight|Corviknight, F|75/100
|-ability|p1a: Corviknight|Pressure
|move|p2a: Anonymous|Knock Off|p1a: Corviknight
|-damage|p1a: Corviknight|57/100
|
|upkeep
|turn|62
|
|t:|1769351304
|switch|p2a: Pisces|Alomomola, M, shiny|86/100 psn
|move|p1a: Corviknight|Roost|p1a: Corviknight
|-heal|p1a: Corviknight|100/100
|-singleturn|p1a: Corviknight|move: Roost
|
|-damage|p2a: Pisces|73/100 psn|[from] psn
|upkeep
|turn|63
|
|t:|1769351311
|move|p1a: Corviknight|Brave Bird|p2a: Pisces
|-damage|p2a: Pisces|45/100 psn
|-damage|p1a: Corviknight|88/100|[from] Recoil
|move|p2a: Pisces|Flip Turn|p1a: Corviknight
|-damage|p1a: Corviknight|78/100
|
|t:|1769351323
|switch|p2a: Hybrid|Hydreigon, M, shiny|57/100 tox|[from] Flip Turn
|
|-damage|p2a: Hybrid|51/100 tox|[from] psn
|upkeep
|turn|64
|
|t:|1769351330
|switch|p2a: Anonymous|Ogerpon, F|51/100
|switch|p1a: Primarina|Primarina, F|96/100
|
|-heal|p1a: Primarina|100/100|[from] item: Leftovers
|upkeep
|turn|65
|
|t:|1769351338
|switch|p1a: Corviknight|Corviknight, F|78/100
|-ability|p1a: Corviknight|Pressure
|move|p2a: Anonymous|U-turn|p1a: Corviknight
|-resisted|p1a: Corviknight
|-damage|p1a: Corviknight|73/100
|
|t:|1769351342
|switch|p2a: Pisces|Alomomola, M, shiny|78/100 psn|[from] U-turn
|
|-damage|p2a: Pisces|66/100 psn|[from] psn
|upkeep
|turn|66
|
|t:|1769351348
|move|p1a: Corviknight|U-turn|p2a: Pisces
|-damage|p2a: Pisces|54/100 psn
|
|t:|1769351351
|switch|p1a: Slowking|Slowking-Galar, F|100/100|[from] U-turn
|move|p2a: Pisces|Flip Turn|p1a: Slowking
|-damage|p1a: Slowking|83/100
|
|t:|1769351355
|switch|p2a: Anonymous|Ogerpon, F|51/100|[from] Flip Turn
|
|upkeep
|turn|67
|
|t:|1769351360
|move|p2a: Anonymous|Knock Off|p1a: Slowking
|-supereffective|p1a: Slowking
|-damage|p1a: Slowking|0 fnt
|-enditem|p1a: Slowking|Heavy-Duty Boots|[from] move: Knock Off|[of] p2a: Anonymous
|faint|p1a: Slowking
|
|upkeep
|
|t:|1769351364
|switch|p1a: Hydreigon|Hydreigon, M|100/100
|turn|68
|
|t:|1769351368
|switch|p2a: Pisces|Alomomola, M, shiny|87/100 psn
|move|p1a: Hydreigon|Draco Meteor|p2a: Pisces
|-damage|p2a: Pisces|35/100 psn
|-unboost|p1a: Hydreigon|spa|2
|
|-damage|p2a: Pisces|23/100 psn|[from] psn
|upkeep
|turn|69
|
|t:|1769351390
|switch|p2a: Anonymous|Ogerpon, F|51/100
|move|p1a: Hydreigon|Draco Meteor|p2a: Anonymous
|-damage|p2a: Anonymous|0 fnt
|-unboost|p1a: Hydreigon|spa|2
|faint|p2a: Anonymous
|
|upkeep
|c|☆GODKUD|gg
|
|t:|1769351403
|switch|p2a: Behemoth|Great Tusk, shiny|44/100
|turn|70
|
|t:|1769351418
|switch|p1a: Corviknight|Corviknight, F|73/100
|-ability|p1a: Corviknight|Pressure
|move|p2a: Behemoth|Close Combat|p1a: Corviknight
|-damage|p1a: Corviknight|34/100
|-unboost|p2a: Behemoth|def|1
|-unboost|p2a: Behemoth|spd|1
|
|upkeep
|turn|71
|
|t:|1769351426
|move|p2a: Behemoth|Headlong Rush|p1a: Corviknight
|-immune|p1a: Corviknight
|move|p1a: Corviknight|Roost|p1a: Corviknight
|-heal|p1a: Corviknight|84/100
|-singleturn|p1a: Corviknight|move: Roost
|
|upkeep
|turn|72
|
|t:|1769351439
|-end|p2a: Behemoth|Protosynthesis|[silent]
|switch|p2a: Pisces|Alomomola, M, shiny|56/100 psn
|move|p1a: Corviknight|Brave Bird|p2a: Pisces
|-damage|p2a: Pisces|27/100 psn
|-damage|p1a: Corviknight|71/100|[from] Recoil
|
|-damage|p2a: Pisces|15/100 psn|[from] psn
|upkeep
|turn|73
|
|t:|1769351445
|switch|p2a: Hybrid|Hydreigon, M, shiny|51/100 tox
|move|p1a: Corviknight|Brave Bird|p2a: Hybrid
|-damage|p2a: Hybrid|8/100 tox
|-damage|p1a: Corviknight|60/100|[from] Recoil
|
|-damage|p2a: Hybrid|1/100 tox|[from] psn
|upkeep
|turn|74
|
|t:|1769351461
|switch|p1a: Primarina|Primarina, F|100/100
|move|p2a: Hybrid|Earth Power|p1a: Primarina
|-damage|p1a: Primarina|64/100
|
|-heal|p1a: Primarina|70/100|[from] item: Leftovers
|-damage|p2a: Hybrid|0 fnt|[from] psn
|faint|p2a: Hybrid
|upkeep
|
|t:|1769351462
|switch|p2a: Behemoth|Great Tusk, shiny|44/100
|turn|75
|
|t:|1769351472
|move|p2a: Behemoth|Close Combat|p1a: Primarina
|-resisted|p1a: Primarina
|-damage|p1a: Primarina|45/100
|-unboost|p2a: Behemoth|def|1
|-unboost|p2a: Behemoth|spd|1
|move|p1a: Primarina|Draining Kiss|p2a: Behemoth
|-supereffective|p2a: Behemoth
|-damage|p2a: Behemoth|0 fnt
|-heal|p1a: Primarina|79/100|[from] drain|[of] p2a: Behemoth
|faint|p2a: Behemoth
|-end|p2a: Behemoth|Protosynthesis|[silent]
|
|-heal|p1a: Primarina|85/100|[from] item: Leftovers
|upkeep
|-message|Justoffu forfeited.
|
|win|GODKUD
|raw|GODKUD's rating: 1710 &rarr; <strong>1731</strong><br />(+21 for winning)
|raw|Justoffu's rating: 1723 &rarr; <strong>1702</strong><br />(-21 for losing)
|l|☆Justoffu
|player|p2|
|l| FirstLightSoulja
|l|☆GODKUD
|player|p1|
|l| turquoiselink
