|j|☆dangerzone101
|j|☆TranquilLink
|t:|1769426471
|gametype|singles
|player|p1|dangerzone101|169|1083
|player|p2|TranquilLink|266|1075
|gen|9
|tier|[Gen 9] OU
|rated|
|rule|HP Percentage Mod: HP is shown in percentages
|rule|Endless Battle Clause: Forcing endless battles is banned
|rule|Species Clause: Limit one of each Pokémon
|rule|OHKO Clause: OHKO moves are banned
|rule|Evasion Items Clause: Evasion items are banned
|rule|Evasion Moves Clause: Evasion moves are banned
|rule|Evasion Abilities Clause: Evasion abilities are banned
|rule|Sleep Moves Clause: Sleep-inducing moves are banned
|clearpoke
|poke|p1|Ribombee, M|
|poke|p1|Cinderace, F|
|poke|p1|Serperior, F|
|poke|p1|Gothitelle, M|
|poke|p1|Kingambit, M|
|poke|p1|Primeape, M|
|poke|p2|Garganacl, F|
|poke|p2|Manaphy|
|poke|p2|Gholdengo|
|poke|p2|Pawmot, M|
|poke|p2|Gliscor, M|
|poke|p2|Hatterene, F|
|teampreview
|inactive|Battle timer is ON: inactive players will automatically lose when time's up. (requested by dangerzone101)
|
|t:|1769426489
|teamsize|p1|6
|teamsize|p2|6
|start
|switch|p1a: Ribombee|Ribombee, M, shiny|100/100
|switch|p2a: Gliscor|Gliscor, M|100/100
|turn|1
|
|t:|1769426494
|switch|p2a: Hatterene|Hatterene, F|100/100
|move|p1a: Ribombee|Sticky Web|p2a: Hatterene
|move|p2a: Hatterene|Sticky Web|p1a: Ribombee|[from] ability: Magic Bounce
|-sidestart|p1: dangerzone101|move: Sticky Web
|
|upkeep
|turn|2
|
|t:|1769426508
|move|p1a: Ribombee|U-turn|p2a: Hatterene
|-damage|p2a: Hatterene|86/100
|
|t:|1769426511
|switch|p1a: Primeape|Primeape, M|100/100|[from] U-turn
|-activate|p1a: Primeape|move: Sticky Web
|-unboost|p1a: Primeape|spe|1
|-ability|p1a: Primeape|Defiant|boost
|-boost|p1a: Primeape|atk|2
|move|p2a: Hatterene|Nuzzle|p1a: Primeape
|-crit|p1a: Primeape
|-damage|p1a: Primeape|94/100
|-status|p1a: Primeape|par
|
|upkeep
|turn|3
|
|t:|1769426524
|-terastallize|p1a: Primeape|Ghost
|move|p1a: Primeape|Rage Fist|p2a: Hatterene
|-supereffective|p2a: Hatterene
|-damage|p2a: Hatterene|0 fnt
|faint|p2a: Hatterene
|
|upkeep
|
|t:|1769426549
|switch|p2a: Pawmot|Pawmot, M|100/100
|turn|4
|inactive|TranquilLink has 120 seconds left.
|
|t:|1769426574
|move|p2a: Pawmot|Knock Off|p1a: Primeape
|-supereffective|p1a: Primeape
|-damage|p1a: Primeape|5/100 par
|-enditem|p1a: Primeape|Eviolite|[from] move: Knock Off|[of] p2a: Pawmot
|cant|p1a: Primeape|par
|
|upkeep
|turn|5
|
|t:|1769426580
|move|p2a: Pawmot|Knock Off|p1a: Primeape
|-supereffective|p1a: Primeape
|-damage|p1a: Primeape|0 fnt
|faint|p1a: Primeape
|
|upkeep
|
|t:|1769426583
|switch|p1a: Gothitelle|Gothitelle, M|100/100
|-activate|p1a: Gothitelle|move: Sticky Web
|-unboost|p1a: Gothitelle|spe|1
|-ability|p1a: Gothitelle|Competitive|boost
|-boost|p1a: Gothitelle|spa|2
|turn|6
|
|t:|1769426592
|switch|p2a: Gholdengo|Gholdengo|100/100
|move|p1a: Gothitelle|Psychic Noise|p2a: Gholdengo
|-resisted|p2a: Gholdengo
|-damage|p2a: Gholdengo|62/100
|-start|p2a: Gholdengo|move: Heal Block
|
|upkeep
|turn|7
|
|t:|1769426603
|switch|p1a: Kingambit|Kingambit, M|100/100
|-activate|p1a: Kingambit|move: Sticky Web
|-unboost|p1a: Kingambit|spe|1
|-ability|p1a: Kingambit|Defiant|boost
|-boost|p1a: Kingambit|atk|2
|move|p2a: Gholdengo|Shadow Ball|p1a: Kingambit
|-resisted|p1a: Kingambit
|-damage|p1a: Kingambit|80/100
|
|-end|p2a: Gholdengo|move: Heal Block
|upkeep
|turn|8
|
|t:|1769426618
|move|p2a: Gholdengo|Shadow Ball|p1a: Kingambit
|-resisted|p1a: Kingambit
|-damage|p1a: Kingambit|59/100
|move|p1a: Kingambit|Kowtow Cleave|p2a: Gholdengo
|-supereffective|p2a: Gholdengo
|-damage|p2a: Gholdengo|0 fnt
|faint|p2a: Gholdengo
|
|upkeep
|
|t:|1769426625
|switch|p2a: Pawmot|Pawmot, M|100/100
|turn|9
|
|t:|1769426629
|switch|p1a: Gothitelle|Gothitelle, M|100/100
|-activate|p1a: Gothitelle|move: Sticky Web
|-unboost|p1a: Gothitelle|spe|1
|-ability|p1a: Gothitelle|Competitive|boost
|-boost|p1a: Gothitelle|spa|2
|move|p2a: Pawmot|Close Combat|p1a: Gothitelle
|-resisted|p1a: Gothitelle
|-damage|p1a: Gothitelle|55/100
|-unboost|p2a: Pawmot|def|1
|-unboost|p2a: Pawmot|spd|1
|
|-heal|p1a: Gothitelle|61/100|[from] item: Leftovers
|upkeep
|turn|10
|
|t:|1769426639
|switch|p2a: Gliscor|Gliscor, M|100/100
|move|p1a: Gothitelle|Psychic Noise|p2a: Gliscor
|-damage|p2a: Gliscor|13/100
|-start|p2a: Gliscor|move: Heal Block
|
|-heal|p1a: Gothitelle|67/100|[from] item: Leftovers
|-status|p2a: Gliscor|tox|[from] item: Toxic Orb
|upkeep
|turn|11
|
|t:|1769426649
|move|p2a: Gliscor|Earthquake|p1a: Gothitelle
|-damage|p1a: Gothitelle|33/100
|move|p1a: Gothitelle|Trick Room|p1a: Gothitelle
|-fieldstart|move: Trick Room|[of] p1a: Gothitelle
|
|-heal|p1a: Gothitelle|39/100|[from] item: Leftovers
|-end|p2a: Gliscor|move: Heal Block
|upkeep
|turn|12
|
|t:|1769426655
|move|p2a: Gliscor|Protect|p2a: Gliscor
|-singleturn|p2a: Gliscor|Protect
|move|p1a: Gothitelle|Psychic Noise|p2a: Gliscor
|-activate|p2a: Gliscor|move: Protect
|
|-heal|p1a: Gothitelle|45/100|[from] item: Leftovers
|-heal|p2a: Gliscor|25/100 tox|[from] ability: Poison Heal
|upkeep
|turn|13
|
|t:|1769426668
|move|p1a: Gothitelle|Psychic Noise|p2a: Gliscor
|-damage|p2a: Gliscor|0 fnt
|faint|p2a: Gliscor
|
|-heal|p1a: Gothitelle|51/100|[from] item: Leftovers
|upkeep
|
|t:|1769426681
|switch|p2a: Garganacl|Garganacl, F|100/100
|turn|14
|
|t:|1769426687
|move|p2a: Garganacl|Salt Cure|p1a: Gothitelle
|-damage|p1a: Gothitelle|37/100
|-start|p1a: Gothitelle|Salt Cure
|move|p1a: Gothitelle|Focus Blast|p2a: Garganacl
|-supereffective|p2a: Garganacl
|-damage|p2a: Garganacl|0 fnt
|faint|p2a: Garganacl
|
|-heal|p1a: Gothitelle|43/100|[from] item: Leftovers
|-damage|p1a: Gothitelle|31/100|[from] Salt Cure
|upkeep
|
|t:|1769426696
|switch|p2a: Manaphy|Manaphy|100/100
|turn|15
|
|t:|1769426703
|move|p1a: Gothitelle|Psychic Noise|p2a: Manaphy
|-damage|p2a: Manaphy|42/100
|-start|p2a: Manaphy|move: Heal Block
|move|p2a: Manaphy|Calm Mind|p2a: Manaphy
|-boost|p2a: Manaphy|spa|1
|-boost|p2a: Manaphy|spd|1
|
|-heal|p1a: Gothitelle|37/100|[from] item: Leftovers
|-damage|p1a: Gothitelle|24/100|[from] Salt Cure
|-fieldend|move: Trick Room
|upkeep
|turn|16
|
|t:|1769426711
|move|p2a: Manaphy|Scald|p1a: Gothitelle
|-damage|p1a: Gothitelle|0 fnt
|faint|p1a: Gothitelle
|
|-end|p2a: Manaphy|move: Heal Block
|upkeep
|
|t:|1769426714
|switch|p1a: Serperior|Serperior, F, shiny|100/100
|-activate|p1a: Serperior|move: Sticky Web
|-boost|p1a: Serperior|spe|1
|turn|17
|
|t:|1769426724
|move|p1a: Serperior|Leaf Storm|p2a: Manaphy
|-supereffective|p2a: Manaphy
|-damage|p2a: Manaphy|0 fnt
|-boost|p1a: Serperior|spa|2
|faint|p2a: Manaphy
|-damage|p1a: Serperior|91/100|[from] item: Life Orb
|
|upkeep
|
|t:|1769426726
|switch|p2a: Pawmot|Pawmot, M|100/100
|turn|18
|-message|TranquilLink forfeited.
|
|win|dangerzone101
|raw|dangerzone101's rating: 1083 &rarr; <strong>1110</strong><br />(+27 for winning)
|raw|TranquilLink's rating: 1075 &rarr; <strong>1054</strong><br />(-21 for losing)
|l|☆TranquilLink
|player|p2|
|l|☆dangerzone101
|player|p1|
