|j|☆BobOfTheBuild
|j|☆RoyalNeptune
|t:|1769400020
|gametype|singles
|player|p1|BobOfTheBuild|scientist-gen4|
|player|p2|RoyalNeptune|102|
|gen|9
|tier|[Gen 9] OU
|rule|HP Percentage Mod: HP is shown in percentages
|rule|Endless Battle Clause: Forcing endless battles is banned
|rule|Species Clause: Limit one of each Pokémon
|rule|OHKO Clause: OHKO moves are banned
|rule|Evasion Items Clause: Evasion items are banned
|rule|Evasion Moves Clause: Evasion moves are banned
|rule|Evasion Abilities Clause: Evasion abilities are banned
|rule|Sleep Moves Clause: Sleep-inducing moves are banned
|clearpoke
|poke|p1|Uxie|
|poke|p1|Sandslash, F|
|poke|p1|Typhlosion-Hisui, M|
|poke|p1|Medicham, F|
|poke|p1|Swalot, M|
|poke|p1|Mimikyu, F|
|poke|p2|Samurott-Hisui, F|
|poke|p2|Suicune|
|poke|p2|Excadrill, F|
|poke|p2|Kyurem|
|poke|p2|Enamorus, F|
|poke|p2|Kingambit, F|
|teampreview
|j| Raichudvd13
|j| TacoDile 3 Returns
|inactive|Battle timer is ON: inactive players will automatically lose when time's up. (requested by RoyalNeptune)
|
|t:|1769400085
|teamsize|p1|6
|teamsize|p2|6
|start
|switch|p1a: Coughing Baby|Uxie|100/100
|switch|p2a: ASUS ROG STRIX G16|Samurott-Hisui, F, shiny|100/100
|turn|1
|inactiveoff|Battle timer is now OFF.
|
|t:|1769400125
|move|p1a: Coughing Baby|Reflect|p1a: Coughing Baby
|-sidestart|p1: BobOfTheBuild|Reflect
|move|p2a: ASUS ROG STRIX G16|Ceaseless Edge|p1a: Coughing Baby
|-supereffective|p1a: Coughing Baby
|-damage|p1a: Coughing Baby|76/100
|-sidestart|p1: BobOfTheBuild|Spikes
|
|upkeep
|turn|2
|
|t:|1769400149
|move|p1a: Coughing Baby|U-turn|p2a: ASUS ROG STRIX G16
|-supereffective|p2a: ASUS ROG STRIX G16
|-damage|p2a: ASUS ROG STRIX G16|72/100
|j| SwiftSwine
|
|t:|1769400174
|switch|p1a: Gub Gub|Medicham, F|100/100|[from] U-turn
|-damage|p1a: Gub Gub|88/100|[from] Spikes
|move|p2a: ASUS ROG STRIX G16|Knock Off|p1a: Gub Gub
|-damage|p1a: Gub Gub|55/100
|-enditem|p1a: Gub Gub|Choice Scarf|[from] move: Knock Off|[of] p2a: ASUS ROG STRIX G16
|
|upkeep
|turn|3
|c| SwiftSwine|Should have been NastyNastyGirl7
|
|t:|1769400205
|move|p1a: Gub Gub|Close Combat|p2a: ASUS ROG STRIX G16
|-supereffective|p2a: ASUS ROG STRIX G16
|-damage|p2a: ASUS ROG STRIX G16|0 fnt
|-unboost|p1a: Gub Gub|def|1
|-unboost|p1a: Gub Gub|spd|1
|faint|p2a: ASUS ROG STRIX G16
|
|upkeep
|
|t:|1769400216
|switch|p2a: MSI KATANA 15 HX|Enamorus, F|100/100
|turn|4
|
|t:|1769400236
|move|p2a: MSI KATANA 15 HX|Moonblast|p1a: Gub Gub
|-supereffective|p1a: Gub Gub
|-damage|p1a: Gub Gub|0 fnt
|faint|p1a: Gub Gub
|
|upkeep
|
|t:|1769400258
|switch|p1a: Oopy Goopy|Swalot, M|100/100
|-damage|p1a: Oopy Goopy|88/100|[from] Spikes
|turn|5
|
|t:|1769400267
|move|p2a: MSI KATANA 15 HX|Moonblast|p1a: Oopy Goopy
|-resisted|p1a: Oopy Goopy
|-damage|p1a: Oopy Goopy|59/100
|-unboost|p1a: Oopy Goopy|spa|1
|move|p1a: Oopy Goopy|Sludge Bomb|p2a: MSI KATANA 15 HX
|-supereffective|p2a: MSI KATANA 15 HX
|-damage|p2a: MSI KATANA 15 HX|55/100
|
|-heal|p1a: Oopy Goopy|65/100|[from] item: Black Sludge
|upkeep
|turn|6
|
|t:|1769400283
|move|p2a: MSI KATANA 15 HX|Moonblast|p1a: Oopy Goopy
|-resisted|p1a: Oopy Goopy
|-damage|p1a: Oopy Goopy|39/100
|move|p1a: Oopy Goopy|Sludge Bomb|p2a: MSI KATANA 15 HX
|-supereffective|p2a: MSI KATANA 15 HX
|-damage|p2a: MSI KATANA 15 HX|11/100
|
|-heal|p1a: Oopy Goopy|45/100|[from] item: Black Sludge
|upkeep
|turn|7
|
|t:|1769400305
|switch|p2a: LEGIONPRO7IUTRA7|Excadrill, F, shiny|100/100
|move|p1a: Oopy Goopy|Sludge Bomb|p2a: LEGIONPRO7IUTRA7
|-immune|p2a: LEGIONPRO7IUTRA7
|
|-heal|p1a: Oopy Goopy|51/100|[from] item: Black Sludge
|upkeep
|turn|8
|
|t:|1769400354
|switch|p1a: Coughing Baby|Uxie|76/100
|move|p2a: LEGIONPRO7IUTRA7|Iron Head|p1a: Coughing Baby
|-damage|p1a: Coughing Baby|65/100
|
|-sideend|p1: BobOfTheBuild|Reflect
|upkeep
|turn|9
|
|t:|1769400367
|move|p2a: LEGIONPRO7IUTRA7|Swords Dance|p2a: LEGIONPRO7IUTRA7
|-boost|p2a: LEGIONPRO7IUTRA7|atk|2
|move|p1a: Coughing Baby|Reflect|p1a: Coughing Baby
|-sidestart|p1: BobOfTheBuild|Reflect
|
|upkeep
|turn|10
|
|t:|1769400382
|move|p2a: LEGIONPRO7IUTRA7|Earthquake|p1a: Coughing Baby
|-immune|p1a: Coughing Baby|[from] ability: Levitate
|move|p1a: Coughing Baby|U-turn|p2a: LEGIONPRO7IUTRA7
|-resisted|p2a: LEGIONPRO7IUTRA7
|-damage|p2a: LEGIONPRO7IUTRA7|91/100
|
|t:|1769400389
|switch|p1a: Larry|Sandslash, F|100/100|[from] U-turn
|-damage|p1a: Larry|88/100|[from] Spikes
|
|-heal|p2a: LEGIONPRO7IUTRA7|97/100|[from] item: Leftovers
|-heal|p1a: Larry|94/100|[from] item: Leftovers
|upkeep
|turn|11
|
|t:|1769400401
|move|p2a: LEGIONPRO7IUTRA7|Iron Head|p1a: Larry
|-damage|p1a: Larry|65/100
|move|p1a: Larry|Earthquake|p2a: LEGIONPRO7IUTRA7
|-supereffective|p2a: LEGIONPRO7IUTRA7
|-damage|p2a: LEGIONPRO7IUTRA7|0 fnt
|faint|p2a: LEGIONPRO7IUTRA7
|
|-heal|p1a: Larry|71/100|[from] item: Leftovers
|upkeep
|
|t:|1769400414
|switch|p2a: ACER NITRO V 16S|Suicune, shiny|100/100
|-ability|p2a: ACER NITRO V 16S|Pressure
|turn|12
|
|t:|1769400419
|move|p2a: ACER NITRO V 16S|Scald|p1a: Larry
|-supereffective|p1a: Larry
|-damage|p1a: Larry|0 fnt
|faint|p1a: Larry
|
|upkeep
|
|t:|1769400451
|switch|p1a: Oopy Goopy|Swalot, M|51/100
|-damage|p1a: Oopy Goopy|39/100|[from] Spikes
|turn|13
|
|t:|1769400465
|move|p2a: ACER NITRO V 16S|Calm Mind|p2a: ACER NITRO V 16S
|-boost|p2a: ACER NITRO V 16S|spa|1
|-boost|p2a: ACER NITRO V 16S|spd|1
|move|p1a: Oopy Goopy|Pain Split|p2a: ACER NITRO V 16S
|-sethp|p2a: ACER NITRO V 16S|70/100|[from] move: Pain Split|[silent]
|-sethp|p1a: Oopy Goopy|70/100|[from] move: Pain Split
|
|-heal|p2a: ACER NITRO V 16S|76/100|[from] item: Leftovers
|-heal|p1a: Oopy Goopy|76/100|[from] item: Black Sludge
|upkeep
|turn|14
|
|t:|1769400503
|move|p2a: ACER NITRO V 16S|Ice Beam|p1a: Oopy Goopy
|-damage|p1a: Oopy Goopy|47/100
|move|p1a: Oopy Goopy|Acid Armor|p1a: Oopy Goopy
|-boost|p1a: Oopy Goopy|def|2
|
|-heal|p2a: ACER NITRO V 16S|82/100|[from] item: Leftovers
|-heal|p1a: Oopy Goopy|53/100|[from] item: Black Sludge
|upkeep
|turn|15
|
|t:|1769400513
|move|p2a: ACER NITRO V 16S|Scald|p1a: Oopy Goopy
|-damage|p1a: Oopy Goopy|15/100
|move|p1a: Oopy Goopy|Pain Split|p2a: ACER NITRO V 16S
|-sethp|p2a: ACER NITRO V 16S|49/100|[from] move: Pain Split|[silent]
|-sethp|p1a: Oopy Goopy|49/100|[from] move: Pain Split
|
|-heal|p2a: ACER NITRO V 16S|55/100|[from] item: Leftovers
|-heal|p1a: Oopy Goopy|55/100|[from] item: Black Sludge
|upkeep
|turn|16
|
|t:|1769400524
|move|p2a: ACER NITRO V 16S|Substitute|p2a: ACER NITRO V 16S
|-start|p2a: ACER NITRO V 16S|Substitute
|-damage|p2a: ACER NITRO V 16S|30/100
|move|p1a: Oopy Goopy|Sludge Bomb|p2a: ACER NITRO V 16S
|-activate|p2a: ACER NITRO V 16S|move: Substitute|[damage]
|
|-heal|p2a: ACER NITRO V 16S|36/100|[from] item: Leftovers
|-heal|p1a: Oopy Goopy|61/100|[from] item: Black Sludge
|-sideend|p1: BobOfTheBuild|Reflect
|upkeep
|turn|17
|
|t:|1769400539
|move|p2a: ACER NITRO V 16S|Scald|p1a: Oopy Goopy
|-damage|p1a: Oopy Goopy|27/100
|-status|p1a: Oopy Goopy|brn
|move|p1a: Oopy Goopy|Sludge Bomb|p2a: ACER NITRO V 16S
|-activate|p2a: ACER NITRO V 16S|move: Substitute|[damage]
|
|-heal|p2a: ACER NITRO V 16S|42/100|[from] item: Leftovers
|-heal|p1a: Oopy Goopy|33/100 brn|[from] item: Black Sludge
|-damage|p1a: Oopy Goopy|27/100 brn|[from] brn
|upkeep
|turn|18
|
|t:|1769400561
|move|p2a: ACER NITRO V 16S|Scald|p1a: Oopy Goopy
|-damage|p1a: Oopy Goopy|0 fnt
|faint|p1a: Oopy Goopy
|
|-heal|p2a: ACER NITRO V 16S|48/100|[from] item: Leftovers
|upkeep
|
|t:|1769400575
|switch|p1a: Lil Jim Bob|Mimikyu, F|100/100
|-damage|p1a: Lil Jim Bob|88/100|[from] Spikes
|turn|19
|
|t:|1769400589
|move|p1a: Lil Jim Bob|Shadow Claw|p2a: ACER NITRO V 16S
|-end|p2a: ACER NITRO V 16S|Substitute
|-damage|p1a: Lil Jim Bob|78/100|[from] item: Life Orb
|move|p2a: ACER NITRO V 16S|Calm Mind|p2a: ACER NITRO V 16S
|-boost|p2a: ACER NITRO V 16S|spa|1
|-boost|p2a: ACER NITRO V 16S|spd|1
|
|-heal|p2a: ACER NITRO V 16S|54/100|[from] item: Leftovers
|upkeep
|turn|20
|
|t:|1769400606
|move|p1a: Lil Jim Bob|Shadow Claw|p2a: ACER NITRO V 16S
|-damage|p2a: ACER NITRO V 16S|24/100
|-damage|p1a: Lil Jim Bob|68/100|[from] item: Life Orb
|move|p2a: ACER NITRO V 16S|Scald|p1a: Lil Jim Bob
|-activate|p1a: Lil Jim Bob|ability: Disguise
|-damage|p1a: Lil Jim Bob|68/100
|-status|p1a: Lil Jim Bob|brn
|detailschange|p1a: Lil Jim Bob|Mimikyu-Busted, F
|-damage|p1a: Lil Jim Bob|56/100 brn|[from] pokemon: Mimikyu-Busted
|
|-heal|p2a: ACER NITRO V 16S|30/100|[from] item: Leftovers
|-damage|p1a: Lil Jim Bob|50/100 brn|[from] brn
|upkeep
|turn|21
|inactive|Battle timer is ON: inactive players will automatically lose when time's up. (requested by RoyalNeptune)
|
|t:|1769400654
|switch|p2a: LEGIONPRO7IUTRA9|Kyurem, shiny|100/100
|-ability|p2a: LEGIONPRO7IUTRA9|Pressure
|move|p1a: Lil Jim Bob|Play Rough|p2a: LEGIONPRO7IUTRA9
|-supereffective|p2a: LEGIONPRO7IUTRA9
|-damage|p2a: LEGIONPRO7IUTRA9|60/100
|-damage|p1a: Lil Jim Bob|40/100 brn|[from] item: Life Orb
|
|-damage|p1a: Lil Jim Bob|34/100 brn|[from] brn
|upkeep
|turn|22
|inactiveoff|Battle timer is now OFF.
|
|t:|1769400687
|-terastallize|p1a: Lil Jim Bob|Fairy
|move|p1a: Lil Jim Bob|Play Rough|p2a: LEGIONPRO7IUTRA9
|-supereffective|p2a: LEGIONPRO7IUTRA9
|-damage|p2a: LEGIONPRO7IUTRA9|5/100
|-damage|p1a: Lil Jim Bob|24/100 brn|[from] item: Life Orb
|move|p2a: LEGIONPRO7IUTRA9|Ice Beam|p1a: Lil Jim Bob
|-damage|p1a: Lil Jim Bob|0 fnt
|faint|p1a: Lil Jim Bob
|
|upkeep
|
|t:|1769400715
|switch|p1a: Señor Beatdown|Typhlosion-Hisui, M|100/100
|-damage|p1a: Señor Beatdown|88/100|[from] Spikes
|-item|p2a: LEGIONPRO7IUTRA9|Metronome|[from] ability: Frisk|[of] p1a: Señor Beatdown
|turn|23
|
|t:|1769400746
|move|p1a: Señor Beatdown|Eruption|p2a: LEGIONPRO7IUTRA9
|-damage|p2a: LEGIONPRO7IUTRA9|0 fnt
|faint|p2a: LEGIONPRO7IUTRA9
|
|upkeep
|
|t:|1769400751
|switch|p2a: MSI KATANA 15 HX|Enamorus, F|11/100
|turn|24
|
|t:|1769400761
|move|p1a: Señor Beatdown|Eruption|p2a: MSI KATANA 15 HX
|-damage|p2a: MSI KATANA 15 HX|0 fnt
|faint|p2a: MSI KATANA 15 HX
|
|upkeep
|
|t:|1769400768
|switch|p2a: ACER NITRO V 16S|Suicune, shiny|30/100
|-ability|p2a: ACER NITRO V 16S|Pressure
|turn|25
|
|t:|1769400776
|move|p1a: Señor Beatdown|Eruption|p2a: ACER NITRO V 16S
|-resisted|p2a: ACER NITRO V 16S
|-damage|p2a: ACER NITRO V 16S|13/100
|move|p2a: ACER NITRO V 16S|Scald|p1a: Señor Beatdown
|-supereffective|p1a: Señor Beatdown
|-damage|p1a: Señor Beatdown|36/100
|
|-heal|p2a: ACER NITRO V 16S|19/100|[from] item: Leftovers
|upkeep
|turn|26
|
|t:|1769400788
|move|p1a: Señor Beatdown|Eruption|p2a: ACER NITRO V 16S
|-resisted|p2a: ACER NITRO V 16S
|-crit|p2a: ACER NITRO V 16S
|-damage|p2a: ACER NITRO V 16S|8/100
|move|p2a: ACER NITRO V 16S|Scald|p1a: Señor Beatdown
|-supereffective|p1a: Señor Beatdown
|-damage|p1a: Señor Beatdown|0 fnt
|faint|p1a: Señor Beatdown
|
|-heal|p2a: ACER NITRO V 16S|14/100|[from] item: Leftovers
|upkeep
|
|t:|1769400800
|switch|p1a: Coughing Baby|Uxie|65/100
|turn|27
|
|t:|1769400811
|move|p2a: ACER NITRO V 16S|Ice Beam|p1a: Coughing Baby
|-damage|p1a: Coughing Baby|50/100
|move|p1a: Coughing Baby|U-turn|p2a: ACER NITRO V 16S
|-damage|p2a: ACER NITRO V 16S|4/100
|
|-heal|p2a: ACER NITRO V 16S|10/100|[from] item: Leftovers
|upkeep
|turn|28
|
|t:|1769400819
|move|p2a: ACER NITRO V 16S|Ice Beam|p1a: Coughing Baby
|-damage|p1a: Coughing Baby|36/100
|move|p1a: Coughing Baby|U-turn|p2a: ACER NITRO V 16S
|-damage|p2a: ACER NITRO V 16S|1/100
|
|-heal|p2a: ACER NITRO V 16S|8/100|[from] item: Leftovers
|upkeep
|turn|29
|
|t:|1769400830
|move|p2a: ACER NITRO V 16S|Ice Beam|p1a: Coughing Baby
|-damage|p1a: Coughing Baby|21/100
|move|p1a: Coughing Baby|U-turn|p2a: ACER NITRO V 16S
|-damage|p2a: ACER NITRO V 16S|0 fnt
|faint|p2a: ACER NITRO V 16S
|
|upkeep
|
|t:|1769400836
|switch|p2a: HP OMEN GMNG LPTP|Kingambit, F, shiny|100/100
|-activate|p2a: HP OMEN GMNG LPTP|ability: Supreme Overlord
|-start|p2a: HP OMEN GMNG LPTP|fallen5|[silent]
|turn|30
|
|t:|1769400846
|-terastallize|p2a: HP OMEN GMNG LPTP|Dark
|move|p2a: HP OMEN GMNG LPTP|Sucker Punch|p1a: Coughing Baby
|-supereffective|p1a: Coughing Baby
|-damage|p1a: Coughing Baby|0 fnt
|faint|p1a: Coughing Baby
|
|win|RoyalNeptune
