|j|☆cyan27
|j|☆Ronaldo_fan09122
|t:|1769443379
|gametype|singles
|player|p1|cyan27|guitarist|1121
|player|p2|Ronaldo_fan09122|102|1128
|gen|9
|tier|[Gen 9] OU
|rated|
|rule|HP Percentage Mod: HP is shown in percentages
|rule|Endless Battle Clause: Forcing endless battles is banned
|rule|Species Clause: Limit one of each Pokémon
|rule|OHKO Clause: OHKO moves are banned
|rule|Evasion Items Clause: Evasion items are banned
|rule|Evasion Moves Clause: Evasion moves are banned
|rule|Evasion Abilities Clause: Evasion abilities are banned
|rule|Sleep Moves Clause: Sleep-inducing moves are banned
|clearpoke
|poke|p1|Rillaboom, F|
|poke|p1|Arboliva, F|
|poke|p1|Dragapult, M|
|poke|p1|Dragonite, F|
|poke|p1|Heatran, F|
|poke|p1|Iron Treads|
|poke|p2|Ninetales-Alola, F|
|poke|p2|Ceruledge, M|
|poke|p2|Iron Treads|
|poke|p2|Raging Bolt|
|poke|p2|Falinks|
|poke|p2|Iron Valiant|
|teampreview
|inactive|Battle timer is ON: inactive players will automatically lose when time's up. (requested by cyan27)
|inactive|cyan27 has 120 seconds left.
|
|t:|1769443410
|teamsize|p1|6
|teamsize|p2|6
|start
|switch|p1a: Heatran|Heatran, F|100/100
|switch|p2a: Ninetales|Ninetales-Alola, F|100/100
|-weather|Snowscape|[from] ability: Snow Warning|[of] p2a: Ninetales
|-item|p1a: Heatran|Air Balloon
|turn|1
|
|t:|1769443420
|move|p2a: Ninetales|Aurora Veil|p2a: Ninetales
|-sidestart|p2: Ronaldo_fan09122|move: Aurora Veil
|move|p1a: Heatran|Flash Cannon|p2a: Ninetales
|-supereffective|p2a: Ninetales
|-damage|p2a: Ninetales|24/100
|
|-weather|Snowscape|[upkeep]
|upkeep
|turn|2
|
|t:|1769443435
|switch|p2a: Iron Treads|Iron Treads|100/100
|move|p1a: Heatran|Stealth Rock|p2a: Iron Treads
|-sidestart|p2: Ronaldo_fan09122|move: Stealth Rock
|
|-weather|Snowscape|[upkeep]
|upkeep
|turn|3
|
|t:|1769443445
|switch|p1a: Arboliva|Arboliva, F|100/100
|move|p2a: Iron Treads|Stealth Rock|p1a: Arboliva
|-sidestart|p1: cyan27|move: Stealth Rock
|
|-weather|Snowscape|[upkeep]
|upkeep
|turn|4
|
|t:|1769443455
|move|p2a: Iron Treads|Rapid Spin|p1a: Arboliva
|-damage|p1a: Arboliva|87/100
|-boost|p2a: Iron Treads|spe|1
|-fieldstart|move: Grassy Terrain|[from] ability: Seed Sower|[of] p1a: Arboliva
|-sideend|p2: Ronaldo_fan09122|Stealth Rock|[from] move: Rapid Spin|[of] p2a: Iron Treads
|move|p1a: Arboliva|Leech Seed|p2a: Iron Treads
|-start|p2a: Iron Treads|move: Leech Seed
|
|-weather|Snowscape|[upkeep]
|-heal|p1a: Arboliva|93/100|[from] Grassy Terrain
|-heal|p1a: Arboliva|99/100|[from] item: Leftovers
|-damage|p2a: Iron Treads|88/100|[from] Leech Seed|[of] p1a: Arboliva
|-heal|p1a: Arboliva|100/100|[silent]
|upkeep
|turn|5
|
|t:|1769443467
|move|p2a: Iron Treads|Ice Spinner|p1a: Arboliva
|-supereffective|p1a: Arboliva
|-damage|p1a: Arboliva|60/100
|-fieldend|move: Grassy Terrain
|move|p1a: Arboliva|Strength Sap|p2a: Iron Treads
|-unboost|p2a: Iron Treads|atk|1
|-heal|p1a: Arboliva|100/100
|
|-weather|none
|-damage|p2a: Iron Treads|75/100|[from] Leech Seed|[of] p1a: Arboliva
|upkeep
|turn|6
|
|t:|1769443478
|-end|p2a: Iron Treads|Quark Drive|[silent]
|switch|p2a: Ninetales|Ninetales-Alola, F|24/100
|-weather|Snowscape|[from] ability: Snow Warning|[of] p2a: Ninetales
|move|p1a: Arboliva|Tera Blast|p2a: Ninetales
|-damage|p2a: Ninetales|10/100
|
|-weather|Snowscape|[upkeep]
|upkeep
|turn|7
|
|t:|1769443503
|switch|p2a: Iron Valiant|Iron Valiant|100/100
|-enditem|p2a: Iron Valiant|Booster Energy
|-activate|p2a: Iron Valiant|ability: Quark Drive|[fromitem]
|-start|p2a: Iron Valiant|quarkdrivespe
|switch|p1a: Iron Treads|Iron Treads|100/100
|-damage|p1a: Iron Treads|97/100|[from] Stealth Rock
|
|-weather|Snowscape|[upkeep]
|upkeep
|turn|8
|
|t:|1769443511
|move|p2a: Iron Valiant|Calm Mind|p2a: Iron Valiant
|-boost|p2a: Iron Valiant|spa|1
|-boost|p2a: Iron Valiant|spd|1
|move|p1a: Iron Treads|Rapid Spin|p2a: Iron Valiant
|-damage|p2a: Iron Valiant|89/100
|-boost|p1a: Iron Treads|spe|1
|-sideend|p1: cyan27|Stealth Rock|[from] move: Rapid Spin|[of] p1a: Iron Treads
|
|-weather|Snowscape|[upkeep]
|-sideend|p2: Ronaldo_fan09122|move: Aurora Veil
|upkeep
|turn|9
|
|t:|1769443526
|move|p2a: Iron Valiant|Calm Mind|p2a: Iron Valiant
|-boost|p2a: Iron Valiant|spa|1
|-boost|p2a: Iron Valiant|spd|1
|move|p1a: Iron Treads|Earthquake|p2a: Iron Valiant
|-damage|p2a: Iron Valiant|28/100
|
|-weather|Snowscape|[upkeep]
|upkeep
|turn|10
|
|t:|1769443539
|move|p2a: Iron Valiant|Focus Blast|p1a: Iron Treads
|-supereffective|p1a: Iron Treads
|-damage|p1a: Iron Treads|0 fnt
|faint|p1a: Iron Treads
|-end|p1a: Iron Treads|Quark Drive|[silent]
|
|-weather|none
|upkeep
|
|t:|1769443544
|switch|p1a: Dragonite|Dragonite, F|100/100
|turn|11
|
|t:|1769443548
|move|p1a: Dragonite|Extreme Speed|p2a: Iron Valiant
|-damage|p2a: Iron Valiant|0 fnt
|faint|p2a: Iron Valiant
|-end|p2a: Iron Valiant|Quark Drive|[silent]
|
|upkeep
|
|t:|1769443562
|switch|p2a: Falinks|Falinks|100/100
|turn|12
|
|t:|1769443575
|move|p1a: Dragonite|Extreme Speed|p2a: Falinks
|-damage|p2a: Falinks|47/100
|move|p2a: Falinks|No Retreat|p2a: Falinks
|-boost|p2a: Falinks|atk|1
|-boost|p2a: Falinks|def|1
|-boost|p2a: Falinks|spa|1
|-boost|p2a: Falinks|spd|1
|-boost|p2a: Falinks|spe|1
|-start|p2a: Falinks|move: No Retreat
|
|-heal|p2a: Falinks|53/100|[from] item: Leftovers
|upkeep
|turn|13
|
|t:|1769443585
|move|p1a: Dragonite|Extreme Speed|p2a: Falinks
|-damage|p2a: Falinks|17/100
|move|p2a: Falinks|Rock Slide|p1a: Dragonite
|-supereffective|p1a: Dragonite
|-damage|p1a: Dragonite|64/100
|
|-heal|p2a: Falinks|23/100|[from] item: Leftovers
|upkeep
|turn|14
|
|t:|1769443595
|move|p1a: Dragonite|Extreme Speed|p2a: Falinks
|-damage|p2a: Falinks|0 fnt
|faint|p2a: Falinks
|
|upkeep
|
|t:|1769443599
|switch|p2a: Ceruledge|Ceruledge, M|100/100
|turn|15
|
|t:|1769443606
|switch|p1a: Heatran|Heatran, F|100/100
|-item|p1a: Heatran|Air Balloon
|move|p2a: Ceruledge|Swords Dance|p2a: Ceruledge
|-boost|p2a: Ceruledge|atk|2
|
|upkeep
|turn|16
|
|t:|1769443622
|move|p2a: Ceruledge|Swords Dance|p2a: Ceruledge
|-boost|p2a: Ceruledge|atk|2
|move|p1a: Heatran|Earth Power|p2a: Ceruledge
|-supereffective|p2a: Ceruledge
|-damage|p2a: Ceruledge|21/100
|
|upkeep
|turn|17
|
|t:|1769443633
|move|p2a: Ceruledge|Poltergeist|p1a: Heatran
|-activate|p1a: Heatran|move: Poltergeist|Air Balloon
|-damage|p1a: Heatran|0 fnt
|-enditem|p1a: Heatran|Air Balloon
|faint|p1a: Heatran
|
|upkeep
|
|t:|1769443653
|switch|p1a: Dragonite|Dragonite, F|64/100
|turn|18
|
|t:|1769443661
|move|p1a: Dragonite|Aqua Jet|p2a: Ceruledge
|-supereffective|p2a: Ceruledge
|-damage|p2a: Ceruledge|0 fnt
|faint|p2a: Ceruledge
|
|upkeep
|
|t:|1769443665
|switch|p2a: Ninetales|Ninetales-Alola, F|10/100
|-weather|Snowscape|[from] ability: Snow Warning|[of] p2a: Ninetales
|turn|19
|
|t:|1769443672
|move|p1a: Dragonite|Aqua Jet|p2a: Ninetales
|-damage|p2a: Ninetales|0 fnt
|faint|p2a: Ninetales
|
|-weather|Snowscape|[upkeep]
|upkeep
|
|t:|1769443676
|switch|p2a: Raging Bolt|Raging Bolt|100/100
|-enditem|p2a: Raging Bolt|Booster Energy
|-activate|p2a: Raging Bolt|ability: Protosynthesis|[fromitem]
|-start|p2a: Raging Bolt|protosynthesisspa
|turn|20
|
|t:|1769443684
|switch|p1a: Arboliva|Arboliva, F|100/100
|-terastallize|p2a: Raging Bolt|Electric
|move|p2a: Raging Bolt|Calm Mind|p2a: Raging Bolt
|-boost|p2a: Raging Bolt|spa|1
|-boost|p2a: Raging Bolt|spd|1
|
|-weather|Snowscape|[upkeep]
|upkeep
|turn|21
|
|t:|1769443693
|move|p2a: Raging Bolt|Calm Mind|p2a: Raging Bolt
|-boost|p2a: Raging Bolt|spa|1
|-boost|p2a: Raging Bolt|spd|1
|move|p1a: Arboliva|Leech Seed|p2a: Raging Bolt
|-start|p2a: Raging Bolt|move: Leech Seed
|
|-weather|Snowscape|[upkeep]
|-damage|p2a: Raging Bolt|88/100|[from] Leech Seed|[of] p1a: Arboliva
|upkeep
|turn|22
|
|t:|1769443705
|move|p2a: Raging Bolt|Dragon Pulse|p1a: Arboliva
|-damage|p1a: Arboliva|23/100
|-fieldstart|move: Grassy Terrain|[from] ability: Seed Sower|[of] p1a: Arboliva
|move|p1a: Arboliva|Leaf Storm|p2a: Raging Bolt
|-damage|p2a: Raging Bolt|60/100
|-unboost|p1a: Arboliva|spa|2
|
|-weather|Snowscape|[upkeep]
|-heal|p2a: Raging Bolt|66/100|[from] Grassy Terrain
|-heal|p1a: Arboliva|29/100|[from] Grassy Terrain
|-heal|p1a: Arboliva|35/100|[from] item: Leftovers
|-damage|p2a: Raging Bolt|54/100|[from] Leech Seed|[of] p1a: Arboliva
|-heal|p1a: Arboliva|50/100|[silent]
|upkeep
|turn|23
|
|t:|1769443720
|move|p2a: Raging Bolt|Dragon Pulse|p1a: Arboliva
|-crit|p1a: Arboliva
|-damage|p1a: Arboliva|0 fnt
|faint|p1a: Arboliva
|
|-weather|none
|-heal|p2a: Raging Bolt|60/100|[from] Grassy Terrain
|upkeep
|
|t:|1769443738
|switch|p1a: Dragapult|Dragapult, M|100/100
|-enditem|p1a: Dragapult|Grassy Seed
|-boost|p1a: Dragapult|def|1|[from] item: Grassy Seed
|turn|24
|inactive|cyan27 has 120 seconds left.
|
|t:|1769443776
|-terastallize|p1a: Dragapult|Steel
|move|p2a: Raging Bolt|Thunderclap|p1a: Dragapult
|-damage|p1a: Dragapult|0 fnt
|faint|p1a: Dragapult
|
|-heal|p2a: Raging Bolt|66/100|[from] Grassy Terrain
|upkeep
|
|t:|1769443782
|switch|p1a: Rillaboom|Rillaboom, F|100/100
|turn|25
|
|t:|1769443786
|move|p1a: Rillaboom|Earthquake|p2a: Raging Bolt
|-supereffective|p2a: Raging Bolt
|-damage|p2a: Raging Bolt|38/100
|move|p2a: Raging Bolt|Dragon Pulse|p1a: Rillaboom
|-damage|p1a: Rillaboom|0 fnt
|faint|p1a: Rillaboom
|
|-heal|p2a: Raging Bolt|44/100|[from] Grassy Terrain
|upkeep
|-message|cyan27 forfeited.
|
|win|Ronaldo_fan09122
|raw|cyan27's rating: 1121 &rarr; <strong>1097</strong><br />(-24 for losing)
|raw|Ronaldo_fan09122's rating: 1128 &rarr; <strong>1152</strong><br />(+24 for winning)
|l|☆cyan27
|player|p1|
|l|☆Ronaldo_fan09122
|player|p2|
