|badge|p1|silver|gen9ou|30-8
|uhtml|medal-msg|<div class="broadcast-blue">Curious what those medals under the avatar are? PS now has Ladder Seasons! For more information, check out the <a href="https://www.smogon.com/forums/threads/3740067/">thread on Smogon.</a></div>
|j|☆sirpeanutcronch
|j|☆bwchompfan
|inactive|Battle timer is ON: inactive players will automatically lose when time's up.
|t:|1769443598
|gametype|singles
|player|p1|sirpeanutcronch|#hplvikochiquakers|
|player|p2|bwchompfan|clair|
|gen|9
|tier|[Gen 9] OU
|rated|Tournament battle
|rule|HP Percentage Mod: HP is shown in percentages
|rule|Endless Battle Clause: Forcing endless battles is banned
|rule|Species Clause: Limit one of each Pokémon
|rule|OHKO Clause: OHKO moves are banned
|rule|Evasion Items Clause: Evasion items are banned
|rule|Evasion Moves Clause: Evasion moves are banned
|rule|Evasion Abilities Clause: Evasion abilities are banned
|rule|Sleep Moves Clause: Sleep-inducing moves are banned
|clearpoke
|poke|p1|Zapdos-Galar|
|poke|p1|Blissey, F|
|poke|p1|Darkrai|
|poke|p1|Gliscor, M|
|poke|p1|Skarmory, F|
|poke|p1|Pecharunt|
|poke|p2|Garchomp, M|
|poke|p2|Ogerpon-Wellspring, F|
|poke|p2|Glimmora, M|
|poke|p2|Enamorus, F|
|poke|p2|Kingambit, M|
|poke|p2|Iron Moth|
|teampreview
|
|t:|1769443611
|teamsize|p1|6
|teamsize|p2|6
|start
|switch|p1a: Da Kicker|Zapdos-Galar|100/100
|switch|p2a: Glimmora|Glimmora, M|100/100
|turn|1
|
|t:|1769443616
|move|p1a: Da Kicker|Close Combat|p2a: Glimmora
|-enditem|p2a: Glimmora|Focus Sash
|-damage|p2a: Glimmora|1/100
|-unboost|p1a: Da Kicker|def|1
|-unboost|p1a: Da Kicker|spd|1
|-activate|p2a: Glimmora|ability: Toxic Debris
|-sidestart|p1: sirpeanutcronch|move: Toxic Spikes
|move|p2a: Glimmora|Stealth Rock|p1a: Da Kicker
|-sidestart|p1: sirpeanutcronch|move: Stealth Rock
|
|upkeep
|turn|2
|
|t:|1769443626
|move|p1a: Da Kicker|Close Combat|p2a: Glimmora
|-damage|p2a: Glimmora|0 fnt
|-unboost|p1a: Da Kicker|def|1
|-unboost|p1a: Da Kicker|spd|1
|-activate|p2a: Glimmora|ability: Toxic Debris
|-sidestart|p1: sirpeanutcronch|move: Toxic Spikes
|faint|p2a: Glimmora
|
|upkeep
|
|t:|1769443631
|switch|p2a: Enamorus|Enamorus, F|100/100
|turn|3
|
|t:|1769443638
|switch|p2a: Ogerpon|Ogerpon-Wellspring, F|100/100
|switch|p1a: Blissey|Blissey, F|100/100
|
|upkeep
|turn|4
|
|t:|1769443644
|move|p2a: Ogerpon|Knock Off|p1a: Blissey
|-damage|p1a: Blissey|64/100
|-enditem|p1a: Blissey|Heavy-Duty Boots|[from] move: Knock Off|[of] p2a: Ogerpon
|move|p1a: Blissey|Thunder Wave|p2a: Ogerpon
|-status|p2a: Ogerpon|par
|
|upkeep
|turn|5
|
|t:|1769443651
|switch|p1a: Skarmory|Skarmory, F|100/100
|-damage|p1a: Skarmory|88/100|[from] Stealth Rock
|move|p2a: Ogerpon|Ivy Cudgel|p1a: Skarmory|[anim] Ivy Cudgel Water
|-crit|p1a: Skarmory
|-damage|p1a: Skarmory|32/100
|
|upkeep
|turn|6
|
|t:|1769443656
|move|p1a: Skarmory|Roost|p1a: Skarmory
|-heal|p1a: Skarmory|82/100
|-singleturn|p1a: Skarmory|move: Roost
|move|p2a: Ogerpon|Taunt|p1a: Skarmory
|-start|p1a: Skarmory|move: Taunt
|
|upkeep
|turn|7
|
|t:|1769443659
|move|p1a: Skarmory|Body Press|p2a: Ogerpon
|-damage|p2a: Ogerpon|64/100 par
|cant|p2a: Ogerpon|par
|
|upkeep
|turn|8
|
|t:|1769443668
|move|p1a: Skarmory|Body Press|p2a: Ogerpon
|-damage|p2a: Ogerpon|21/100 par
|move|p2a: Ogerpon|Ivy Cudgel|p1a: Skarmory|[anim] Ivy Cudgel Water
|-crit|p1a: Skarmory
|-damage|p1a: Skarmory|30/100
|
|upkeep
|turn|9
|
|t:|1769443685
|move|p1a: Skarmory|Body Press|p2a: Ogerpon
|-damage|p2a: Ogerpon|0 fnt
|faint|p2a: Ogerpon
|
|-end|p1a: Skarmory|move: Taunt
|upkeep
|
|t:|1769443698
|switch|p2a: Kingambit|Kingambit, M, shiny|100/100
|-activate|p2a: Kingambit|ability: Supreme Overlord
|-start|p2a: Kingambit|fallen2|[silent]
|-item|p2a: Kingambit|Air Balloon
|turn|10
|
|t:|1769443705
|move|p2a: Kingambit|Kowtow Cleave|p1a: Skarmory
|-damage|p1a: Skarmory|0 fnt
|-damage|p2a: Kingambit|84/100|[from] item: Rocky Helmet|[of] p1a: Skarmory
|faint|p1a: Skarmory
|
|upkeep
|
|t:|1769443710
|switch|p1a: Da Kicker|Zapdos-Galar|100/100
|-damage|p1a: Da Kicker|88/100|[from] Stealth Rock
|turn|11
|
|t:|1769443714
|-end|p2a: Kingambit|fallen2|[silent]
|switch|p2a: Enamorus|Enamorus, F|100/100
|move|p1a: Da Kicker|U-turn|p2a: Enamorus
|-resisted|p2a: Enamorus
|-damage|p2a: Enamorus|86/100
|
|t:|1769443721
|switch|p1a: Pecharunt|Pecharunt|100/100|[from] U-turn
|-damage|p1a: Pecharunt|88/100|[from] Stealth Rock
|-item|p1a: Pecharunt|Air Balloon
|
|upkeep
|turn|12
|
|t:|1769443731
|switch|p2a: Kingambit|Kingambit, M, shiny|84/100
|-activate|p2a: Kingambit|ability: Supreme Overlord
|-start|p2a: Kingambit|fallen2|[silent]
|-item|p2a: Kingambit|Air Balloon
|move|p1a: Pecharunt|Malignant Chain|p2a: Kingambit
|-immune|p2a: Kingambit
|
|upkeep
|turn|13
|
|t:|1769443738
|move|p1a: Pecharunt|Parting Shot|p2a: Kingambit
|-unboost|p2a: Kingambit|atk|1
|-unboost|p2a: Kingambit|spa|1
|j| hiyopon
|
|t:|1769443745
|switch|p1a: Da Kicker|Zapdos-Galar|88/100|[from] Parting Shot
|-damage|p1a: Da Kicker|76/100|[from] Stealth Rock
|move|p2a: Kingambit|Swords Dance|p2a: Kingambit
|-boost|p2a: Kingambit|atk|2
|
|upkeep
|turn|14
|
|t:|1769443760
|move|p2a: Kingambit|Sucker Punch|p1a: Da Kicker
|-resisted|p1a: Da Kicker
|-damage|p1a: Da Kicker|38/100
|move|p1a: Da Kicker|Close Combat|p2a: Kingambit
|-supereffective|p2a: Kingambit
|-damage|p2a: Kingambit|0 fnt
|-unboost|p1a: Da Kicker|def|1
|-unboost|p1a: Da Kicker|spd|1
|-enditem|p2a: Kingambit|Air Balloon
|faint|p2a: Kingambit
|-end|p2a: Kingambit|fallen2|[silent]
|
|upkeep
|
|t:|1769443764
|switch|p2a: Garchomp|Garchomp, M|100/100
|turn|15
|
|t:|1769443771
|-terastallize|p2a: Garchomp|Ghost
|move|p2a: Garchomp|Swords Dance|p2a: Garchomp
|-boost|p2a: Garchomp|atk|2
|move|p1a: Da Kicker|Close Combat|p2a: Garchomp
|-immune|p2a: Garchomp
|
|upkeep
|turn|16
|
|t:|1769443792
|move|p2a: Garchomp|Substitute|p2a: Garchomp
|-start|p2a: Garchomp|Substitute
|-damage|p2a: Garchomp|76/100
|move|p1a: Da Kicker|Close Combat|p2a: Garchomp
|-immune|p2a: Garchomp
|
|upkeep
|turn|17
|
|t:|1769443800
|switch|p1a: Darkrai|Darkrai|100/100
|move|p2a: Garchomp|Scale Shot|p1a: Darkrai
|-damage|p1a: Darkrai|67/100
|-damage|p1a: Darkrai|35/100
|-damage|p1a: Darkrai|3/100
|-damage|p1a: Darkrai|0 fnt
|faint|p1a: Darkrai
|-hitcount|p1: Darkrai|4
|-unboost|p2a: Garchomp|def|1
|-boost|p2a: Garchomp|spe|1
|
|upkeep
|-message|sirpeanutcronch forfeited.
|
|win|bwchompfan
|n|☆sirpeanutcronch|sirpeanutcronch
|n|☆bwchompfan|bwchompfan
|n| hiyopon|hiyopon
|l|☆sirpeanutcronch
|player|p1|
|l| hiyopon
|j| Shalimarrrr
|j| Manaah
|l| Shalimarrrr
|j| Shalimarrrr
|j| Honourial
|l| Honourial
|j|☆sirpeanutcronch
|player|p1|sirpeanutcronch|#hplvikochiquakers|
|j| RedemptiveSketch
|l|☆sirpeanutcronch
|player|p1|
|l| RedemptiveSketch
|l| Shalimarrrr
