|j|☆Leriskato
|j|☆maze.a.b.c
|t:|1769336403
|gametype|singles
|player|p1|Leriskato|hoopster|1106
|player|p2|maze.a.b.c|169|1075
|gen|9
|tier|[Gen 9] OU
|rated|
|rule|HP Percentage Mod: HP is shown in percentages
|rule|Endless Battle Clause: Forcing endless battles is banned
|rule|Species Clause: Limit one of each Pokémon
|rule|OHKO Clause: OHKO moves are banned
|rule|Evasion Items Clause: Evasion items are banned
|rule|Evasion Moves Clause: Evasion moves are banned
|rule|Evasion Abilities Clause: Evasion abilities are banned
|rule|Sleep Moves Clause: Sleep-inducing moves are banned
|clearpoke
|poke|p1|Minior|
|poke|p1|Gholdengo|
|poke|p1|Maushold|
|poke|p1|Ninetales-Alola, M|
|poke|p1|Kyurem|
|poke|p1|Glimmora, M|
|poke|p2|Hawlucha, F|
|poke|p2|Toxapex, F|
|poke|p2|Grimmsnarl, M|
|poke|p2|Iron Valiant|
|poke|p2|Great Tusk|
|poke|p2|Dragapult, M|
|teampreview
|inactive|Battle timer is ON: inactive players will automatically lose when time's up. (requested by maze.a.b.c)
|
|t:|1769336409
|teamsize|p1|6
|teamsize|p2|6
|start
|switch|p1a: Ninetales|Ninetales-Alola, M|100/100
|switch|p2a: Grimmsnarl|Grimmsnarl, M|100/100
|-weather|Snowscape|[from] ability: Snow Warning|[of] p1a: Ninetales
|turn|1
|
|t:|1769336420
|move|p2a: Grimmsnarl|Parting Shot|p1a: Ninetales
|-unboost|p1a: Ninetales|atk|1
|-unboost|p1a: Ninetales|spa|1
|
|t:|1769336422
|switch|p2a: Toxapex|Toxapex, F|100/100|[from] Parting Shot
|move|p1a: Ninetales|Aurora Veil|p1a: Ninetales
|-sidestart|p1: Leriskato|move: Aurora Veil
|
|-weather|Snowscape|[upkeep]
|upkeep
|turn|2
|
|t:|1769336429
|switch|p1a: Minior|Minior|100/100
|-formechange|p1a: Minior|Minior-Meteor||[from] ability: Shields Down
|move|p2a: Toxapex|Toxic Spikes|p1a: Minior
|-sidestart|p1: Leriskato|move: Toxic Spikes
|
|-weather|Snowscape|[upkeep]
|upkeep
|turn|3
|
|t:|1769336437
|move|p1a: Minior|Shell Smash|p1a: Minior
|-unboost|p1a: Minior|def|1
|-unboost|p1a: Minior|spd|1
|-boost|p1a: Minior|atk|2
|-boost|p1a: Minior|spa|2
|-boost|p1a: Minior|spe|2
|-enditem|p1a: Minior|White Herb
|-clearnegativeboost|p1a: Minior|[silent]
|move|p2a: Toxapex|Toxic Spikes|p1a: Minior
|-sidestart|p1: Leriskato|move: Toxic Spikes
|
|-weather|Snowscape|[upkeep]
|upkeep
|turn|4
|
|t:|1769336444
|move|p1a: Minior|Shell Smash|p1a: Minior
|-unboost|p1a: Minior|def|1
|-unboost|p1a: Minior|spd|1
|-boost|p1a: Minior|atk|2
|-boost|p1a: Minior|spa|2
|-boost|p1a: Minior|spe|2
|move|p2a: Toxapex|Haze|p2a: Toxapex
|-clearallboost
|
|-weather|Snowscape|[upkeep]
|upkeep
|turn|5
|
|t:|1769336449
|move|p1a: Minior|Shell Smash|p1a: Minior
|-unboost|p1a: Minior|def|1
|-unboost|p1a: Minior|spd|1
|-boost|p1a: Minior|atk|2
|-boost|p1a: Minior|spa|2
|-boost|p1a: Minior|spe|2
|move|p2a: Toxapex|Liquidation|p1a: Minior
|-supereffective|p1a: Minior
|-damage|p1a: Minior|64/100
|-unboost|p1a: Minior|def|1
|
|-weather|none
|upkeep
|turn|6
|
|t:|1769336452
|move|p1a: Minior|Earthquake|p2a: Toxapex
|-supereffective|p2a: Toxapex
|-damage|p2a: Toxapex|45/100
|move|p2a: Toxapex|Haze|p2a: Toxapex
|-clearallboost
|
|-heal|p2a: Toxapex|51/100|[from] item: Black Sludge
|upkeep
|turn|7
|
|t:|1769336456
|move|p1a: Minior|Shell Smash|p1a: Minior
|-unboost|p1a: Minior|def|1
|-unboost|p1a: Minior|spd|1
|-boost|p1a: Minior|atk|2
|-boost|p1a: Minior|spa|2
|-boost|p1a: Minior|spe|2
|move|p2a: Toxapex|Recover|p2a: Toxapex
|-heal|p2a: Toxapex|100/100
|
|upkeep
|turn|8
|
|t:|1769336457
|move|p1a: Minior|Earthquake|p2a: Toxapex
|-supereffective|p2a: Toxapex
|-damage|p2a: Toxapex|42/100
|move|p2a: Toxapex|Haze|p2a: Toxapex
|-clearallboost
|
|-heal|p2a: Toxapex|48/100|[from] item: Black Sludge
|-sideend|p1: Leriskato|move: Aurora Veil
|upkeep
|turn|9
|
|t:|1769336465
|switch|p2a: Hawlucha|Hawlucha, F|100/100
|move|p1a: Minior|Earthquake|p2a: Hawlucha
|-immune|p2a: Hawlucha
|
|upkeep
|turn|10
|
|t:|1769336466
|move|p2a: Hawlucha|Swords Dance|p2a: Hawlucha
|-boost|p2a: Hawlucha|atk|2
|move|p1a: Minior|Shell Smash|p1a: Minior
|-unboost|p1a: Minior|def|1
|-unboost|p1a: Minior|spd|1
|-boost|p1a: Minior|atk|2
|-boost|p1a: Minior|spa|2
|-boost|p1a: Minior|spe|2
|
|upkeep
|turn|11
|
|t:|1769336473
|move|p1a: Minior|Acrobatics|p2a: Hawlucha
|-supereffective|p2a: Hawlucha
|-damage|p2a: Hawlucha|0 fnt
|faint|p2a: Hawlucha
|
|upkeep
|-message|maze.a.b.c forfeited.
|
|win|Leriskato
|raw|Leriskato's rating: 1106 &rarr; <strong>1129</strong><br />(+23 for winning)
|raw|maze.a.b.c's rating: 1075 &rarr; <strong>1056</strong><br />(-19 for losing)
|l|☆maze.a.b.c
|player|p2|
|l|☆Leriskato
|player|p1|
