|j|☆HarambeLives27
|j|☆I'm evil and spicy
|t:|1769292369
|gametype|singles
|player|p1|HarambeLives27|fisherman-gen4|1552
|player|p2|I'm evil and spicy|elesa|1547
|gen|9
|tier|[Gen 9] OU
|rated|
|rule|HP Percentage Mod: HP is shown in percentages
|rule|Endless Battle Clause: Forcing endless battles is banned
|rule|Species Clause: Limit one of each Pokémon
|rule|OHKO Clause: OHKO moves are banned
|rule|Evasion Items Clause: Evasion items are banned
|rule|Evasion Moves Clause: Evasion moves are banned
|rule|Evasion Abilities Clause: Evasion abilities are banned
|rule|Sleep Moves Clause: Sleep-inducing moves are banned
|clearpoke
|poke|p1|Gliscor, M|
|poke|p1|Corviknight, M|
|poke|p1|Toxapex, F|
|poke|p1|Pecharunt|
|poke|p1|Gholdengo|
|poke|p1|Ting-Lu|
|poke|p2|Iron Valiant|
|poke|p2|Moltres|
|poke|p2|Ogerpon-Wellspring, F|
|poke|p2|Kingambit, F|
|poke|p2|Great Tusk|
|poke|p2|Slowking-Galar, M|
|teampreview
|j| Heptastrike
|
|t:|1769292392
|teamsize|p1|6
|teamsize|p2|6
|start
|switch|p1a: Gliscor|Gliscor, M|100/100
|switch|p2a: Ogerpon|Ogerpon-Wellspring, F|100/100
|turn|1
|
|t:|1769292407
|move|p1a: Gliscor|Protect|p1a: Gliscor
|-singleturn|p1a: Gliscor|Protect
|move|p2a: Ogerpon|Swords Dance|p2a: Ogerpon
|-boost|p2a: Ogerpon|atk|2
|
|-status|p1a: Gliscor|tox|[from] item: Toxic Orb
|upkeep
|turn|2
|
|t:|1769292418
|-terastallize|p1a: Gliscor|Water
|move|p2a: Ogerpon|Ivy Cudgel|p1a: Gliscor|[anim] Ivy Cudgel Water
|-resisted|p1a: Gliscor
|-damage|p1a: Gliscor|67/100 tox
|move|p1a: Gliscor|Toxic|p2a: Ogerpon
|-status|p2a: Ogerpon|tox
|
|-damage|p2a: Ogerpon|95/100 tox|[from] psn
|-heal|p1a: Gliscor|80/100 tox|[from] ability: Poison Heal
|upkeep
|turn|3
|
|t:|1769292432
|move|p2a: Ogerpon|Swords Dance|p2a: Ogerpon
|-boost|p2a: Ogerpon|atk|2
|move|p1a: Gliscor|Stealth Rock|p2a: Ogerpon
|-sidestart|p2: I'm evil and spicy|move: Stealth Rock
|
|-damage|p2a: Ogerpon|83/100 tox|[from] psn
|-heal|p1a: Gliscor|92/100 tox|[from] ability: Poison Heal
|upkeep
|turn|4
|
|t:|1769292442
|move|p1a: Gliscor|Protect|p1a: Gliscor
|-singleturn|p1a: Gliscor|Protect
|move|p2a: Ogerpon|Horn Leech|p1a: Gliscor
|-activate|p1a: Gliscor|move: Protect
|
|-damage|p2a: Ogerpon|65/100 tox|[from] psn
|-heal|p1a: Gliscor|100/100 tox|[from] ability: Poison Heal
|upkeep
|turn|5
|
|t:|1769292453
|switch|p1a: Corviknight|Corviknight, M|100/100
|move|p2a: Ogerpon|Ivy Cudgel|p1a: Corviknight|[anim] Ivy Cudgel Water
|-crit|p1a: Corviknight
|-damage|p1a: Corviknight|0 fnt
|faint|p1a: Corviknight
|
|-damage|p2a: Ogerpon|41/100 tox|[from] psn
|upkeep
|
|t:|1769292464
|switch|p1a: Gliscor|Gliscor, M, tera:Water|100/100 tox
|turn|6
|
|t:|1769292474
|move|p1a: Gliscor|Protect|p1a: Gliscor
|-singleturn|p1a: Gliscor|Protect
|move|p2a: Ogerpon|Horn Leech|p1a: Gliscor
|-activate|p1a: Gliscor|move: Protect
|
|-damage|p2a: Ogerpon|11/100 tox|[from] psn
|upkeep
|turn|7
|
|t:|1769292495
|switch|p1a: Pecharunt|Pecharunt|100/100
|move|p2a: Ogerpon|Knock Off|p1a: Pecharunt
|-supereffective|p1a: Pecharunt
|-damage|p1a: Pecharunt|0 fnt
|-enditem|p1a: Pecharunt|Leftovers|[from] move: Knock Off|[of] p2a: Ogerpon
|faint|p1a: Pecharunt
|
|-damage|p2a: Ogerpon|0 fnt|[from] psn
|faint|p2a: Ogerpon
|upkeep
|
|t:|1769292523
|switch|p2a: Great Tusk|Great Tusk|100/100
|switch|p1a: Gliscor|Gliscor, M, tera:Water|100/100 tox
|turn|8
|
|t:|1769292530
|move|p2a: Great Tusk|Stealth Rock|p1a: Gliscor
|-sidestart|p1: HarambeLives27|move: Stealth Rock
|move|p1a: Gliscor|Toxic|p2a: Great Tusk|[miss]
|-miss|p1a: Gliscor|p2a: Great Tusk
|
|upkeep
|turn|9
|
|t:|1769292542
|-end|p2a: Great Tusk|Protosynthesis|[silent]
|switch|p2a: Slowking|Slowking-Galar, M|100/100
|move|p1a: Gliscor|Earthquake|p2a: Slowking
|-supereffective|p2a: Slowking
|-damage|p2a: Slowking|32/100
|
|upkeep
|turn|10
|
|t:|1769292551
|switch|p2a: Great Tusk|Great Tusk|100/100
|move|p1a: Gliscor|Toxic|p2a: Great Tusk
|-status|p2a: Great Tusk|tox
|
|-damage|p2a: Great Tusk|94/100 tox|[from] psn
|upkeep
|turn|11
|
|t:|1769292565
|move|p2a: Great Tusk|Ice Spinner|p1a: Gliscor
|-resisted|p1a: Gliscor
|-damage|p1a: Gliscor|91/100 tox
|move|p1a: Gliscor|Earthquake|p2a: Great Tusk
|-damage|p2a: Great Tusk|72/100 tox
|
|-damage|p2a: Great Tusk|60/100 tox|[from] psn
|-heal|p1a: Gliscor|100/100 tox|[from] ability: Poison Heal
|upkeep
|turn|12
|
|t:|1769292595
|-end|p2a: Great Tusk|Protosynthesis|[silent]
|switch|p2a: Kingambit|Kingambit, F|100/100
|-damage|p2a: Kingambit|94/100|[from] Stealth Rock
|-activate|p2a: Kingambit|ability: Supreme Overlord
|-start|p2a: Kingambit|fallen1|[silent]
|move|p1a: Gliscor|Toxic|p2a: Kingambit
|-immune|p2a: Kingambit
|
|-heal|p2a: Kingambit|100/100|[from] item: Leftovers
|upkeep
|turn|13
|
|t:|1769292606
|move|p1a: Gliscor|Earthquake|p2a: Kingambit
|-supereffective|p2a: Kingambit
|-damage|p2a: Kingambit|47/100
|move|p2a: Kingambit|Swords Dance|p2a: Kingambit
|-boost|p2a: Kingambit|atk|2
|
|-heal|p2a: Kingambit|53/100|[from] item: Leftovers
|upkeep
|turn|14
|
|t:|1769292618
|move|p1a: Gliscor|Earthquake|p2a: Kingambit
|-supereffective|p2a: Kingambit
|-damage|p2a: Kingambit|0 fnt
|faint|p2a: Kingambit
|-end|p2a: Kingambit|fallen1|[silent]
|
|upkeep
|
|t:|1769292621
|switch|p2a: Iron Valiant|Iron Valiant|100/100
|-damage|p2a: Iron Valiant|94/100|[from] Stealth Rock
|turn|15
|
|t:|1769292642
|-terastallize|p2a: Iron Valiant|Fairy
|move|p2a: Iron Valiant|Moonblast|p1a: Gliscor
|-damage|p1a: Gliscor|0 fnt
|faint|p1a: Gliscor
|
|upkeep
|
|t:|1769292653
|switch|p1a: Toxapex|Toxapex, F|100/100
|-damage|p1a: Toxapex|88/100|[from] Stealth Rock
|turn|16
|
|t:|1769292663
|-end|p2a: Iron Valiant|Quark Drive|[silent]
|switch|p2a: Slowking|Slowking-Galar, M|66/100
|move|p1a: Toxapex|Infestation|p2a: Slowking
|-damage|p2a: Slowking|64/100
|-activate|p2a: Slowking|move: Infestation|[of] p1a: Toxapex
|
|-heal|p1a: Toxapex|94/100|[from] item: Leftovers
|-damage|p2a: Slowking|52/100|[from] move: Infestation|[partiallytrapped]
|upkeep
|turn|17
|
|t:|1769292681
|move|p1a: Toxapex|Infestation|p2a: Slowking
|-damage|p2a: Slowking|50/100
|-prepare|p2a: Slowking|Chilly Reception|[premajor]
|move|p2a: Slowking|Chilly Reception|p2a: Slowking
|-weather|Snowscape
|
|t:|1769292687
|switch|p2a: Moltres|Moltres|100/100|[from] Chilly Reception
|
|-weather|Snowscape|[upkeep]
|-heal|p1a: Toxapex|100/100|[from] item: Leftovers
|upkeep
|turn|18
|
|t:|1769292696
|switch|p2a: Slowking|Slowking-Galar, M|83/100
|move|p1a: Toxapex|Toxic|p2a: Slowking
|-immune|p2a: Slowking
|
|-weather|Snowscape|[upkeep]
|upkeep
|turn|19
|
|t:|1769292708
|switch|p1a: Gholdengo|Gholdengo|100/100
|-damage|p1a: Gholdengo|94/100|[from] Stealth Rock
|move|p2a: Slowking|Future Sight|p1a: Gholdengo
|-start|p2a: Slowking|move: Future Sight
|
|-weather|Snowscape|[upkeep]
|upkeep
|turn|20
|
|t:|1769292718
|move|p1a: Gholdengo|Trick|p2a: Slowking
|-activate|p1a: Gholdengo|move: Trick|[of] p2a: Slowking
|-item|p2a: Slowking|Choice Scarf|[from] move: Trick
|-item|p1a: Gholdengo|Heavy-Duty Boots|[from] move: Trick
|-prepare|p2a: Slowking|Chilly Reception|[premajor]
|move|p2a: Slowking|Chilly Reception|p2a: Slowking
|
|t:|1769292723
|switch|p2a: Great Tusk|Great Tusk|60/100 tox|[from] Chilly Reception
|
|-weather|Snowscape|[upkeep]
|-damage|p2a: Great Tusk|54/100 tox|[from] psn
|upkeep
|turn|21
|
|t:|1769292733
|move|p2a: Great Tusk|Headlong Rush|p1a: Gholdengo
|-supereffective|p1a: Gholdengo
|-damage|p1a: Gholdengo|0 fnt
|-unboost|p2a: Great Tusk|def|1
|-unboost|p2a: Great Tusk|spd|1
|faint|p1a: Gholdengo
|
|-weather|none
|-hint|Future Sight did not hit because the target is fainted.
|-damage|p2a: Great Tusk|41/100 tox|[from] psn
|upkeep
|
|t:|1769292744
|switch|p1a: Ting-Lu|Ting-Lu|100/100
|-damage|p1a: Ting-Lu|94/100|[from] Stealth Rock
|-ability|p1a: Ting-Lu|Vessel of Ruin
|turn|22
|
|t:|1769292762
|move|p2a: Great Tusk|Rapid Spin|p1a: Ting-Lu
|-damage|p1a: Ting-Lu|84/100
|-boost|p2a: Great Tusk|spe|1
|-sideend|p2: I'm evil and spicy|Stealth Rock|[from] move: Rapid Spin|[of] p2a: Great Tusk
|move|p1a: Ting-Lu|Rest|p1a: Ting-Lu
|-status|p1a: Ting-Lu|slp|[from] move: Rest
|-heal|p1a: Ting-Lu|100/100 slp|[silent]
|
|-damage|p2a: Great Tusk|23/100 tox|[from] psn
|upkeep
|turn|23
|
|t:|1769292781
|-end|p2a: Great Tusk|Protosynthesis|[silent]
|switch|p2a: Iron Valiant|Iron Valiant, tera:Fairy|94/100
|switch|p1a: Toxapex|Toxapex, F|100/100
|-damage|p1a: Toxapex|88/100|[from] Stealth Rock
|
|-heal|p1a: Toxapex|94/100|[from] item: Leftovers
|upkeep
|turn|24
|
|t:|1769292795
|-end|p2a: Iron Valiant|Quark Drive|[silent]
|switch|p2a: Slowking|Slowking-Galar, M|100/100
|move|p1a: Toxapex|Toxic|p2a: Slowking
|-immune|p2a: Slowking
|
|-heal|p1a: Toxapex|100/100|[from] item: Leftovers
|upkeep
|turn|25
|l| Heptastrike
|
|t:|1769292806
|switch|p1a: Ting-Lu|Ting-Lu|100/100 slp
|-damage|p1a: Ting-Lu|94/100 slp|[from] Stealth Rock
|-ability|p1a: Ting-Lu|Vessel of Ruin
|move|p2a: Slowking|Future Sight|p1a: Ting-Lu
|-start|p2a: Slowking|move: Future Sight
|
|-heal|p1a: Ting-Lu|100/100 slp|[from] item: Leftovers
|upkeep
|turn|26
|
|t:|1769292819
|switch|p2a: Iron Valiant|Iron Valiant, tera:Fairy|94/100
|cant|p1a: Ting-Lu|slp
|
|upkeep
|turn|27
|
|t:|1769292830
|move|p2a: Iron Valiant|Moonblast|p1a: Ting-Lu
|-supereffective|p1a: Ting-Lu
|-damage|p1a: Ting-Lu|27/100 slp
|cant|p1a: Ting-Lu|slp
|move|p1a: Ting-Lu|Sleep Talk|p1a: Ting-Lu
|move|p1a: Ting-Lu|Rest||[from] move: Sleep Talk|[still]
|-fail|p1a: Ting-Lu
|
|-end|p1a: Ting-Lu|move: Future Sight
|-immune|p1a: Ting-Lu
|-heal|p1a: Ting-Lu|34/100 slp|[from] item: Leftovers
|upkeep
|turn|28
|
|t:|1769292848
|switch|p1a: Toxapex|Toxapex, F|100/100
|-damage|p1a: Toxapex|88/100|[from] Stealth Rock
|move|p2a: Iron Valiant|Moonblast|p1a: Toxapex
|-resisted|p1a: Toxapex
|-damage|p1a: Toxapex|60/100
|
|-heal|p1a: Toxapex|66/100|[from] item: Leftovers
|upkeep
|turn|29
|
|t:|1769292861
|-end|p2a: Iron Valiant|Quark Drive|[silent]
|switch|p2a: Slowking|Slowking-Galar, M|100/100
|move|p1a: Toxapex|Infestation|p2a: Slowking
|-damage|p2a: Slowking|99/100
|-activate|p2a: Slowking|move: Infestation|[of] p1a: Toxapex
|
|-heal|p1a: Toxapex|73/100|[from] item: Leftovers
|-damage|p2a: Slowking|86/100|[from] move: Infestation|[partiallytrapped]
|upkeep
|turn|30
|
|t:|1769292871
|switch|p1a: Ting-Lu|Ting-Lu|34/100 slp
|-damage|p1a: Ting-Lu|27/100 slp|[from] Stealth Rock
|-ability|p1a: Ting-Lu|Vessel of Ruin
|-prepare|p2a: Slowking|Chilly Reception|[premajor]
|move|p2a: Slowking|Chilly Reception|p2a: Slowking
|-weather|Snowscape
|
|t:|1769292873
|switch|p2a: Iron Valiant|Iron Valiant, tera:Fairy|94/100|[from] Chilly Reception
|
|-weather|Snowscape|[upkeep]
|-heal|p1a: Ting-Lu|34/100 slp|[from] item: Leftovers
|upkeep
|turn|31
|
|t:|1769292885
|switch|p1a: Toxapex|Toxapex, F|100/100
|-damage|p1a: Toxapex|88/100|[from] Stealth Rock
|move|p2a: Iron Valiant|Moonblast|p1a: Toxapex
|-resisted|p1a: Toxapex
|-damage|p1a: Toxapex|59/100
|-unboost|p1a: Toxapex|spa|1
|
|-weather|Snowscape|[upkeep]
|-heal|p1a: Toxapex|65/100|[from] item: Leftovers
|upkeep
|turn|32
|
|t:|1769292898
|-end|p2a: Iron Valiant|Quark Drive|[silent]
|switch|p2a: Slowking|Slowking-Galar, M|100/100
|move|p1a: Toxapex|Infestation|p2a: Slowking
|-damage|p2a: Slowking|99/100
|-activate|p2a: Slowking|move: Infestation|[of] p1a: Toxapex
|
|-weather|Snowscape|[upkeep]
|-heal|p1a: Toxapex|72/100|[from] item: Leftovers
|-damage|p2a: Slowking|87/100|[from] move: Infestation|[partiallytrapped]
|upkeep
|turn|33
|
|t:|1769292909
|move|p1a: Toxapex|Toxic|p2a: Slowking
|-immune|p2a: Slowking
|move|p2a: Slowking|Future Sight|p1a: Toxapex
|-start|p2a: Slowking|move: Future Sight
|
|-weather|Snowscape|[upkeep]
|-heal|p1a: Toxapex|78/100|[from] item: Leftovers
|-damage|p2a: Slowking|75/100|[from] move: Infestation|[partiallytrapped]
|upkeep
|turn|34
|
|t:|1769292919
|move|p1a: Toxapex|Infestation|p2a: Slowking
|-damage|p2a: Slowking|73/100
|move|p2a: Slowking|Future Sight||[still]
|-fail|p2a: Slowking
|
|-weather|none
|-heal|p1a: Toxapex|84/100|[from] item: Leftovers
|-damage|p2a: Slowking|61/100|[from] move: Infestation|[partiallytrapped]
|upkeep
|turn|35
|
|t:|1769292936
|switch|p1a: Ting-Lu|Ting-Lu|34/100 slp
|-damage|p1a: Ting-Lu|27/100 slp|[from] Stealth Rock
|-ability|p1a: Ting-Lu|Vessel of Ruin
|move|p2a: Slowking|Future Sight||[still]
|-fail|p2a: Slowking
|
|-end|p1a: Ting-Lu|move: Future Sight
|-immune|p1a: Ting-Lu
|-heal|p1a: Ting-Lu|34/100 slp|[from] item: Leftovers
|-end|p2a: Slowking|Infestation|[partiallytrapped]|[silent]
|upkeep
|turn|36
|
|t:|1769292950
|switch|p2a: Iron Valiant|Iron Valiant, tera:Fairy|94/100
|-curestatus|p1a: Ting-Lu|slp|[msg]
|move|p1a: Ting-Lu|Rest|p1a: Ting-Lu
|-status|p1a: Ting-Lu|slp|[from] move: Rest
|-heal|p1a: Ting-Lu|100/100 slp|[silent]
|
|upkeep
|turn|37
|
|t:|1769292968
|switch|p1a: Toxapex|Toxapex, F|100/100
|-damage|p1a: Toxapex|88/100|[from] Stealth Rock
|move|p2a: Iron Valiant|Thunderbolt|p1a: Toxapex
|-supereffective|p1a: Toxapex
|-damage|p1a: Toxapex|32/100
|
|-heal|p1a: Toxapex|38/100|[from] item: Leftovers
|upkeep
|turn|38
|
|t:|1769292981
|-end|p2a: Iron Valiant|Quark Drive|[silent]
|switch|p2a: Slowking|Slowking-Galar, M|94/100
|switch|p1a: Ting-Lu|Ting-Lu|100/100 slp
|-damage|p1a: Ting-Lu|94/100 slp|[from] Stealth Rock
|-ability|p1a: Ting-Lu|Vessel of Ruin
|
|-heal|p1a: Ting-Lu|100/100 slp|[from] item: Leftovers
|upkeep
|turn|39
|
|t:|1769292992
|cant|p1a: Ting-Lu|slp
|move|p1a: Ting-Lu|Sleep Talk|p1a: Ting-Lu
|move|p1a: Ting-Lu|Rest||[from] move: Sleep Talk|[still]
|-fail|p1a: Ting-Lu
|move|p2a: Slowking|Future Sight|p1a: Ting-Lu
|-start|p2a: Slowking|move: Future Sight
|
|upkeep
|turn|40
|
|t:|1769293006
|switch|p1a: Toxapex|Toxapex, F|72/100
|-damage|p1a: Toxapex|59/100|[from] Stealth Rock
|switch|p2a: Iron Valiant|Iron Valiant, tera:Fairy|94/100
|
|-heal|p1a: Toxapex|65/100|[from] item: Leftovers
|upkeep
|turn|41
|
|t:|1769293039
|-end|p2a: Iron Valiant|Quark Drive|[silent]
|switch|p2a: Slowking|Slowking-Galar, M|100/100
|switch|p1a: Ting-Lu|Ting-Lu|100/100 slp
|-damage|p1a: Ting-Lu|94/100 slp|[from] Stealth Rock
|-ability|p1a: Ting-Lu|Vessel of Ruin
|
|-end|p1a: Ting-Lu|move: Future Sight
|-immune|p1a: Ting-Lu
|-heal|p1a: Ting-Lu|100/100 slp|[from] item: Leftovers
|upkeep
|turn|42
|
|t:|1769293054
|switch|p2a: Moltres|Moltres|100/100
|cant|p1a: Ting-Lu|slp
|move|p1a: Ting-Lu|Sleep Talk|p1a: Ting-Lu
|move|p1a: Ting-Lu|Rest||[from] move: Sleep Talk|[still]
|-fail|p1a: Ting-Lu
|
|upkeep
|turn|43
|
|t:|1769293074
|switch|p1a: Toxapex|Toxapex, F|99/100
|-damage|p1a: Toxapex|86/100|[from] Stealth Rock
|move|p2a: Moltres|Roar|p1a: Toxapex
|drag|p1a: Ting-Lu|Ting-Lu|100/100 slp
|-damage|p1a: Ting-Lu|94/100 slp|[from] Stealth Rock
|-ability|p1a: Ting-Lu|Vessel of Ruin
|
|-heal|p1a: Ting-Lu|100/100 slp|[from] item: Leftovers
|upkeep
|turn|44
|
|t:|1769293089
|move|p2a: Moltres|U-turn|p1a: Ting-Lu
|-supereffective|p1a: Ting-Lu
|-damage|p1a: Ting-Lu|85/100 slp
|
|t:|1769293103
|switch|p2a: Great Tusk|Great Tusk|23/100 tox|[from] U-turn
|-curestatus|p1a: Ting-Lu|slp|[msg]
|move|p1a: Ting-Lu|Ruination|p2a: Great Tusk|[miss]
|-miss|p1a: Ting-Lu|p2a: Great Tusk
|
|-heal|p1a: Ting-Lu|91/100|[from] item: Leftovers
|-damage|p2a: Great Tusk|16/100 tox|[from] psn
|upkeep
|turn|45
|
|t:|1769293118
|move|p2a: Great Tusk|Headlong Rush|p1a: Ting-Lu
|-damage|p1a: Ting-Lu|59/100
|-unboost|p2a: Great Tusk|def|1
|-unboost|p2a: Great Tusk|spd|1
|move|p1a: Ting-Lu|Earthquake|p2a: Great Tusk
|-damage|p2a: Great Tusk|0 fnt
|faint|p2a: Great Tusk
|-end|p2a: Great Tusk|Protosynthesis|[silent]
|
|-heal|p1a: Ting-Lu|65/100|[from] item: Leftovers
|upkeep
|
|t:|1769293123
|switch|p2a: Iron Valiant|Iron Valiant, tera:Fairy|94/100
|turn|46
|
|t:|1769293135
|move|p2a: Iron Valiant|Moonblast|p1a: Ting-Lu
|-supereffective|p1a: Ting-Lu
|-damage|p1a: Ting-Lu|0 fnt
|faint|p1a: Ting-Lu
|
|upkeep
|
|t:|1769293140
|switch|p1a: Toxapex|Toxapex, F|100/100
|-damage|p1a: Toxapex|88/100|[from] Stealth Rock
|turn|47
|
|t:|1769293147
|-end|p2a: Iron Valiant|Quark Drive|[silent]
|switch|p2a: Slowking|Slowking-Galar, M|100/100
|move|p1a: Toxapex|Infestation|p2a: Slowking
|-damage|p2a: Slowking|99/100
|-activate|p2a: Slowking|move: Infestation|[of] p1a: Toxapex
|
|-heal|p1a: Toxapex|94/100|[from] item: Leftovers
|-damage|p2a: Slowking|86/100|[from] move: Infestation|[partiallytrapped]
|upkeep
|turn|48
|
|t:|1769293158
|move|p1a: Toxapex|Infestation|p2a: Slowking
|-damage|p2a: Slowking|85/100
|-prepare|p2a: Slowking|Chilly Reception|[premajor]
|move|p2a: Slowking|Chilly Reception|p2a: Slowking
|-weather|Snowscape
|
|t:|1769293161
|switch|p2a: Iron Valiant|Iron Valiant, tera:Fairy|94/100|[from] Chilly Reception
|
|-weather|Snowscape|[upkeep]
|-heal|p1a: Toxapex|100/100|[from] item: Leftovers
|upkeep
|turn|49
|j| Cursed16
|
|t:|1769293171
|move|p2a: Iron Valiant|Thunderbolt|p1a: Toxapex
|-supereffective|p1a: Toxapex
|-damage|p1a: Toxapex|46/100
|move|p1a: Toxapex|Toxic|p2a: Iron Valiant
|-status|p2a: Iron Valiant|tox
|
|-weather|Snowscape|[upkeep]
|-heal|p1a: Toxapex|52/100|[from] item: Leftovers
|-damage|p2a: Iron Valiant|88/100 tox|[from] psn
|upkeep
|turn|50
|
|t:|1769293185
|move|p2a: Iron Valiant|Thunderbolt|p1a: Toxapex
|-supereffective|p1a: Toxapex
|-damage|p1a: Toxapex|0 fnt
|faint|p1a: Toxapex
|
|win|I'm evil and spicy
|raw|HarambeLives27's rating: 1552 &rarr; <strong>1532</strong><br />(-20 for losing)
|raw|I&apos;m evil and spicy's rating: 1547 &rarr; <strong>1567</strong><br />(+20 for winning)
|c|☆HarambeLives27|GG
|c|☆I'm evil and spicy|gg
