|j|☆1000wings
|j|☆piplup cant swim
|t:|1769318340
|gametype|singles
|player|p1|1000wings|guitarist|1253
|player|p2|piplup cant swim|102|1230
|gen|9
|tier|[Gen 9] OU
|rated|
|rule|HP Percentage Mod: HP is shown in percentages
|rule|Endless Battle Clause: Forcing endless battles is banned
|rule|Species Clause: Limit one of each Pokémon
|rule|OHKO Clause: OHKO moves are banned
|rule|Evasion Items Clause: Evasion items are banned
|rule|Evasion Moves Clause: Evasion moves are banned
|rule|Evasion Abilities Clause: Evasion abilities are banned
|rule|Sleep Moves Clause: Sleep-inducing moves are banned
|clearpoke
|poke|p1|Tinkaton, F|
|poke|p1|Ogerpon, F|
|poke|p1|Great Tusk|
|poke|p1|Pecharunt|
|poke|p1|Alomomola, M|
|poke|p1|Hydreigon, M|
|poke|p2|Pelipper, F|
|poke|p2|Ludicolo, M|
|poke|p2|Iron Treads|
|poke|p2|Landorus-Therian, M|
|poke|p2|Barraskewda, F|
|poke|p2|Basculegion-F, F|
|teampreview
|
|t:|1769318350
|teamsize|p1|6
|teamsize|p2|6
|start
|switch|p1a: Pisces|Alomomola, M, shiny|100/100
|switch|p2a: Pelipper|Pelipper, F|100/100
|-weather|RainDance|[from] ability: Drizzle|[of] p2a: Pelipper
|turn|1
|
|t:|1769318362
|move|p2a: Pelipper|U-turn|p1a: Pisces
|-damage|p1a: Pisces|93/100
|
|t:|1769318367
|switch|p2a: Ludicolo|Ludicolo, M|100/100|[from] U-turn
|move|p1a: Pisces|Flip Turn|p2a: Ludicolo
|-resisted|p2a: Ludicolo
|-damage|p2a: Ludicolo|92/100
|
|t:|1769318390
|switch|p1a: Hybrid|Hydreigon, M|100/100|[from] Flip Turn
|
|-weather|RainDance|[upkeep]
|upkeep
|turn|2
|
|t:|1769318423
|switch|p2a: Iron Treads|Iron Treads|100/100
|switch|p1a: Pisces|Alomomola, M, shiny|100/100
|
|-weather|RainDance|[upkeep]
|upkeep
|turn|3
|
|t:|1769318428
|move|p2a: Iron Treads|Volt Switch|p1a: Pisces
|-supereffective|p1a: Pisces
|-damage|p1a: Pisces|90/100
|
|t:|1769318440
|-end|p2a: Iron Treads|Quark Drive|[silent]
|switch|p2a: Ludicolo|Ludicolo, M|92/100|[from] Volt Switch
|move|p1a: Pisces|Flip Turn|p2a: Ludicolo
|-resisted|p2a: Ludicolo
|-damage|p2a: Ludicolo|84/100
|inactive|Battle timer is ON: inactive players will automatically lose when time's up. (requested by piplup cant swim)
|
|t:|1769318452
|switch|p1a: Overseer|Pecharunt|100/100|[from] Flip Turn
|
|-weather|RainDance|[upkeep]
|upkeep
|turn|4
|
|t:|1769318460
|move|p2a: Ludicolo|Hydro Pump|p1a: Overseer|[miss]
|-miss|p2a: Ludicolo|p1a: Overseer
|move|p1a: Overseer|Malignant Chain|p2a: Ludicolo
|-supereffective|p2a: Ludicolo
|-damage|p2a: Ludicolo|14/100
|-status|p2a: Ludicolo|tox
|-start|p2a: Ludicolo|confusion|[from] ability: Poison Puppeteer|[of] p1a: Overseer
|
|-weather|RainDance|[upkeep]
|-damage|p2a: Ludicolo|8/100 tox|[from] psn
|upkeep
|turn|5
|
|t:|1769318473
|switch|p1a: Pisces|Alomomola, M, shiny|100/100
|-activate|p2a: Ludicolo|confusion
|-damage|p2a: Ludicolo|0 fnt|[from] confusion
|faint|p2a: Ludicolo
|
|-weather|RainDance|[upkeep]
|upkeep
|
|t:|1769318482
|switch|p2a: Barraskewda|Barraskewda, F|100/100
|turn|6
|
|t:|1769318487
|move|p2a: Barraskewda|Flip Turn|p1a: Pisces
|-resisted|p1a: Pisces
|-damage|p1a: Pisces|70/100
|
|t:|1769318493
|switch|p2a: Basculegion|Basculegion-F, F|100/100|[from] Flip Turn
|move|p1a: Pisces|Flip Turn|p2a: Basculegion
|-resisted|p2a: Basculegion
|-damage|p2a: Basculegion|86/100
|
|t:|1769318503
|switch|p1a: Hybrid|Hydreigon, M|100/100|[from] Flip Turn
|
|-weather|RainDance|[upkeep]
|upkeep
|turn|7
|
|t:|1769318510
|move|p2a: Basculegion|Ice Beam|p1a: Hybrid
|-supereffective|p1a: Hybrid
|-damage|p1a: Hybrid|15/100
|-damage|p2a: Basculegion|76/100|[from] item: Life Orb
|move|p1a: Hybrid|Dark Pulse|p2a: Basculegion
|-supereffective|p2a: Basculegion
|-crit|p2a: Basculegion
|-damage|p2a: Basculegion|0 fnt
|faint|p2a: Basculegion
|
|-weather|RainDance|[upkeep]
|upkeep
|
|t:|1769318527
|switch|p2a: Landorus|Landorus-Therian, M|100/100
|-ability|p2a: Landorus|Intimidate|boost
|-unboost|p1a: Hybrid|atk|1
|turn|8
|
|t:|1769318537
|switch|p1a: Pisces|Alomomola, M, shiny|100/100
|move|p2a: Landorus|U-turn|p1a: Pisces
|-damage|p1a: Pisces|86/100
|
|t:|1769318546
|switch|p2a: Iron Treads|Iron Treads|100/100|[from] U-turn
|
|-weather|none
|upkeep
|turn|9
|
|t:|1769318552
|move|p2a: Iron Treads|Volt Switch|p1a: Pisces
|-supereffective|p1a: Pisces
|-crit|p1a: Pisces
|-damage|p1a: Pisces|70/100
|
|t:|1769318577
|-end|p2a: Iron Treads|Quark Drive|[silent]
|switch|p2a: Pelipper|Pelipper, F|100/100|[from] Volt Switch
|-weather|RainDance|[from] ability: Drizzle|[of] p2a: Pelipper
|move|p1a: Pisces|Flip Turn|p2a: Pelipper
|-resisted|p2a: Pelipper
|-damage|p2a: Pelipper|92/100
|
|t:|1769318586
|switch|p1a: Hybrid|Hydreigon, M|15/100|[from] Flip Turn
|
|-weather|RainDance|[upkeep]
|upkeep
|turn|10
|
|t:|1769318593
|move|p1a: Hybrid|Draco Meteor|p2a: Pelipper
|-damage|p2a: Pelipper|0 fnt
|-unboost|p1a: Hybrid|spa|2
|faint|p2a: Pelipper
|
|-weather|RainDance|[upkeep]
|upkeep
|inactive|piplup cant swim has 120 seconds left.
|
|t:|1769318627
|switch|p2a: Iron Treads|Iron Treads|100/100
|turn|11
|
|t:|1769318633
|switch|p1a: Pisces|Alomomola, M, shiny|100/100
|move|p2a: Iron Treads|Rapid Spin|p1a: Pisces
|-damage|p1a: Pisces|90/100
|-boost|p2a: Iron Treads|spe|1
|
|-weather|RainDance|[upkeep]
|upkeep
|turn|12
|
|t:|1769318647
|move|p2a: Iron Treads|Volt Switch|p1a: Pisces
|-supereffective|p1a: Pisces
|-damage|p1a: Pisces|79/100
|
|t:|1769318650
|-end|p2a: Iron Treads|Quark Drive|[silent]
|switch|p2a: Barraskewda|Barraskewda, F|100/100|[from] Volt Switch
|move|p1a: Pisces|Flip Turn|p2a: Barraskewda
|-resisted|p2a: Barraskewda
|-damage|p2a: Barraskewda|77/100
|
|t:|1769318657
|switch|p1a: Overseer|Pecharunt|100/100|[from] Flip Turn
|
|-weather|RainDance|[upkeep]
|upkeep
|turn|13
|inactive|1000wings has 120 seconds left.
|
|t:|1769318695
|move|p2a: Barraskewda|Flip Turn|p1a: Overseer
|-damage|p1a: Overseer|65/100
|-damage|p2a: Barraskewda|60/100|[from] item: Rocky Helmet|[of] p1a: Overseer
|
|t:|1769318700
|switch|p2a: Landorus|Landorus-Therian, M|100/100|[from] Flip Turn
|-ability|p2a: Landorus|Intimidate|boost
|-unboost|p1a: Overseer|atk|1
|move|p1a: Overseer|Malignant Chain|p2a: Landorus
|-resisted|p2a: Landorus
|-damage|p2a: Landorus|81/100
|
|-weather|RainDance|[upkeep]
|upkeep
|turn|14
|
|t:|1769318705
|switch|p1a: Pisces|Alomomola, M, shiny|100/100
|move|p2a: Landorus|Sandsear Storm|p1a: Pisces
|-damage|p1a: Pisces|65/100
|-status|p1a: Pisces|brn
|
|-weather|RainDance|[upkeep]
|-damage|p1a: Pisces|59/100 brn|[from] brn
|upkeep
|turn|15
|
|t:|1769318714
|switch|p2a: Iron Treads|Iron Treads|100/100
|move|p1a: Pisces|Flip Turn|p2a: Iron Treads
|-supereffective|p2a: Iron Treads
|-damage|p2a: Iron Treads|83/100
|
|t:|1769318721
|switch|p1a: Behemoth|Great Tusk|100/100|[from] Flip Turn
|
|-weather|RainDance|[upkeep]
|upkeep
|turn|16
|inactive|piplup cant swim has 120 seconds left.
|inactive|piplup cant swim has 90 seconds left.
|
|t:|1769318791
|-end|p2a: Iron Treads|Quark Drive|[silent]
|switch|p2a: Landorus|Landorus-Therian, M|81/100
|-ability|p2a: Landorus|Intimidate|boost
|-unboost|p1a: Behemoth|atk|1
|move|p1a: Behemoth|Rapid Spin|p2a: Landorus
|-damage|p2a: Landorus|68/100
|-boost|p1a: Behemoth|spe|1
|
|-weather|none
|upkeep
|turn|17
|inactive|piplup cant swim has 90 seconds left.
|
|t:|1769318804
|move|p1a: Behemoth|Ice Spinner|p2a: Landorus
|-supereffective|p2a: Landorus
|-damage|p2a: Landorus|0 fnt
|faint|p2a: Landorus
|
|upkeep
|-message|piplup cant swim forfeited.
|
|win|1000wings
|raw|1000wings's rating: 1253 &rarr; <strong>1276</strong><br />(+23 for winning)
|raw|piplup cant swim's rating: 1230 &rarr; <strong>1207</strong><br />(-23 for losing)
|l|☆piplup cant swim
|player|p2|
|l|☆1000wings
|player|p1|
