|j|☆ferrydiscs
|j|☆NoobishTrainerJoe
|t:|1769371330
|gametype|singles
|player|p1|ferrydiscs|will|1597
|player|p2|NoobishTrainerJoe|kurt|1620
|gen|9
|tier|[Gen 9] OU
|rated|
|rule|HP Percentage Mod: HP is shown in percentages
|rule|Endless Battle Clause: Forcing endless battles is banned
|rule|Species Clause: Limit one of each Pokémon
|rule|OHKO Clause: OHKO moves are banned
|rule|Evasion Items Clause: Evasion items are banned
|rule|Evasion Moves Clause: Evasion moves are banned
|rule|Evasion Abilities Clause: Evasion abilities are banned
|rule|Sleep Moves Clause: Sleep-inducing moves are banned
|clearpoke
|poke|p1|Tyranitar, M|
|poke|p1|Excadrill, M|
|poke|p1|Tornadus-Therian, M|
|poke|p1|Tinkaton, F|
|poke|p1|Sinistcha|
|poke|p1|Toxapex, M|
|poke|p2|Iron Valiant|
|poke|p2|Excadrill, M|
|poke|p2|Tyranitar, M|
|poke|p2|Tornadus-Therian, M|
|poke|p2|Ogerpon-Cornerstone, F|
|poke|p2|Toxapex, M|
|teampreview
|
|t:|1769371352
|teamsize|p1|6
|teamsize|p2|6
|start
|switch|p1a: Excadrill|Excadrill, M, shiny|100/100
|switch|p2a: Ogerpon|Ogerpon-Cornerstone, F|100/100
|turn|1
|
|t:|1769371364
|switch|p2a: Tornadus|Tornadus-Therian, M, shiny|100/100
|switch|p1a: Toxapex|Toxapex, M, shiny|100/100
|
|upkeep
|turn|2
|
|t:|1769371374
|move|p2a: Tornadus|Bleakwind Storm|p1a: Toxapex
|-damage|p1a: Toxapex|54/100
|-unboost|p1a: Toxapex|spe|1
|-enditem|p1a: Toxapex|Eject Button
|
|t:|1769371379
|switch|p1a: Tyranitar|Tyranitar, M, shiny|100/100
|-weather|Sandstorm|[from] ability: Sand Stream|[of] p1a: Tyranitar
|
|-weather|Sandstorm|[upkeep]
|-damage|p2a: Tornadus|94/100|[from] Sandstorm
|upkeep
|turn|3
|
|t:|1769371391
|switch|p2a: Excadrill|Excadrill, M, shiny|100/100
|move|p1a: Tyranitar|Stone Edge|p2a: Excadrill
|-resisted|p2a: Excadrill
|-damage|p2a: Excadrill|69/100
|
|-weather|Sandstorm|[upkeep]
|-heal|p2a: Excadrill|75/100|[from] item: Leftovers
|upkeep
|turn|4
|
|t:|1769371406
|switch|p1a: Sinistcha|Sinistcha, shiny|100/100
|move|p2a: Excadrill|Substitute|p2a: Excadrill
|-start|p2a: Excadrill|Substitute
|-damage|p2a: Excadrill|50/100
|
|-weather|Sandstorm|[upkeep]
|-damage|p1a: Sinistcha|94/100|[from] Sandstorm
|-heal|p2a: Excadrill|56/100|[from] item: Leftovers
|-heal|p1a: Sinistcha|100/100|[from] item: Leftovers
|upkeep
|turn|5
|
|t:|1769371411
|move|p2a: Excadrill|Rock Slide|p1a: Sinistcha
|-damage|p1a: Sinistcha|81/100
|move|p1a: Sinistcha|Shadow Ball|p2a: Excadrill
|-end|p2a: Excadrill|Substitute
|
|-weather|Sandstorm|[upkeep]
|-damage|p1a: Sinistcha|75/100|[from] Sandstorm
|-heal|p2a: Excadrill|62/100|[from] item: Leftovers
|-heal|p1a: Sinistcha|81/100|[from] item: Leftovers
|upkeep
|turn|6
|
|t:|1769371422
|switch|p2a: Tornadus|Tornadus-Therian, M, shiny|100/100
|move|p1a: Sinistcha|Shadow Ball|p2a: Tornadus
|-damage|p2a: Tornadus|61/100
|
|-weather|none
|-heal|p1a: Sinistcha|87/100|[from] item: Leftovers
|upkeep
|turn|7
|
|t:|1769371442
|switch|p2a: Ogerpon|Ogerpon-Cornerstone, F|100/100
|switch|p1a: Tinkaton|Tinkaton, F, shiny|100/100
|-item|p1a: Tinkaton|Air Balloon
|
|upkeep
|turn|8
|
|t:|1769371458
|switch|p2a: Excadrill|Excadrill, M, shiny|62/100
|move|p1a: Tinkaton|Gigaton Hammer|p2a: Excadrill
|-resisted|p2a: Excadrill
|-damage|p2a: Excadrill|21/100
|
|-heal|p2a: Excadrill|27/100|[from] item: Leftovers
|upkeep
|turn|9
|
|t:|1769371475
|move|p1a: Tinkaton|Stealth Rock|p2a: Excadrill
|-sidestart|p2: NoobishTrainerJoe|move: Stealth Rock
|move|p2a: Excadrill|Rapid Spin|p1a: Tinkaton
|-resisted|p1a: Tinkaton
|-damage|p1a: Tinkaton|88/100
|-boost|p2a: Excadrill|spe|1
|-enditem|p1a: Tinkaton|Air Balloon
|-sideend|p2: NoobishTrainerJoe|Stealth Rock|[from] move: Rapid Spin|[of] p2a: Excadrill
|-enditem|p2a: Excadrill|Leftovers|[silent]|[from] ability: Pickpocket|[of] p2a: Excadrill
|-item|p1a: Tinkaton|Leftovers|[from] ability: Pickpocket|[of] p2a: Excadrill
|
|-heal|p1a: Tinkaton|94/100|[from] item: Leftovers
|upkeep
|turn|10
|
|t:|1769371481
|switch|p1a: Sinistcha|Sinistcha, shiny|87/100
|move|p2a: Excadrill|Earthquake|p1a: Sinistcha
|-resisted|p1a: Sinistcha
|-crit|p1a: Sinistcha
|-damage|p1a: Sinistcha|59/100
|
|-heal|p1a: Sinistcha|65/100|[from] item: Leftovers
|upkeep
|turn|11
|
|t:|1769371488
|switch|p2a: Tyranitar|Tyranitar, M, shiny|100/100
|-weather|Sandstorm|[from] ability: Sand Stream|[of] p2a: Tyranitar
|move|p1a: Sinistcha|Shadow Ball|p2a: Tyranitar
|-resisted|p2a: Tyranitar
|-damage|p2a: Tyranitar|89/100
|
|-weather|Sandstorm|[upkeep]
|-damage|p1a: Sinistcha|59/100|[from] Sandstorm
|-heal|p1a: Sinistcha|65/100|[from] item: Leftovers
|upkeep
|turn|12
|
|t:|1769371505
|switch|p1a: Toxapex|Toxapex, M, shiny|87/100
|move|p2a: Tyranitar|Stealth Rock|p1a: Toxapex
|-sidestart|p1: ferrydiscs|move: Stealth Rock
|
|-weather|Sandstorm|[upkeep]
|-damage|p1a: Toxapex|81/100|[from] Sandstorm
|upkeep
|turn|13
|
|t:|1769371522
|switch|p2a: Excadrill|Excadrill, M, shiny|27/100
|switch|p1a: Excadrill|Excadrill, M, shiny|100/100
|-damage|p1a: Excadrill|97/100|[from] Stealth Rock
|
|-weather|Sandstorm|[upkeep]
|-heal|p1a: Excadrill|100/100|[from] item: Leftovers
|upkeep
|turn|14
|
|t:|1769371539
|switch|p2a: Tornadus|Tornadus-Therian, M, shiny|94/100
|move|p1a: Excadrill|Earthquake|p2a: Tornadus
|-immune|p2a: Tornadus
|
|-weather|Sandstorm|[upkeep]
|-damage|p2a: Tornadus|88/100|[from] Sandstorm
|upkeep
|turn|15
|
|t:|1769371552
|switch|p1a: Tyranitar|Tyranitar, M, shiny|100/100
|-damage|p1a: Tyranitar|88/100|[from] Stealth Rock
|move|p2a: Tornadus|Heat Wave|p1a: Tyranitar
|-resisted|p1a: Tyranitar
|-damage|p1a: Tyranitar|73/100
|
|-weather|Sandstorm|[upkeep]
|-damage|p2a: Tornadus|82/100|[from] Sandstorm
|upkeep
|turn|16
|
|t:|1769371560
|switch|p2a: Toxapex|Toxapex, M, shiny|100/100
|move|p1a: Tyranitar|Knock Off|p2a: Toxapex
|-damage|p2a: Toxapex|45/100
|-enditem|p2a: Toxapex|Eject Button|[from] move: Knock Off|[of] p1a: Tyranitar
|
|-weather|Sandstorm|[upkeep]
|-damage|p2a: Toxapex|39/100|[from] Sandstorm
|upkeep
|turn|17
|
|t:|1769371570
|switch|p1a: Excadrill|Excadrill, M, shiny|100/100
|-damage|p1a: Excadrill|97/100|[from] Stealth Rock
|switch|p2a: Iron Valiant|Iron Valiant, shiny|100/100
|
|-weather|Sandstorm|[upkeep]
|-damage|p2a: Iron Valiant|94/100|[from] Sandstorm
|-heal|p1a: Excadrill|100/100|[from] item: Leftovers
|upkeep
|turn|18
|
|t:|1769371589
|-terastallize|p2a: Iron Valiant|Ghost
|move|p1a: Excadrill|Substitute|p1a: Excadrill
|-start|p1a: Excadrill|Substitute
|-damage|p1a: Excadrill|76/100
|move|p2a: Iron Valiant|Shadow Ball|p1a: Excadrill
|-end|p1a: Excadrill|Substitute
|
|-weather|none
|-heal|p1a: Excadrill|82/100|[from] item: Leftovers
|upkeep
|turn|19
|
|t:|1769371613
|-end|p2a: Iron Valiant|Quark Drive|[silent]
|switch|p2a: Excadrill|Excadrill, M, shiny|27/100
|switch|p1a: Toxapex|Toxapex, M, shiny|100/100
|-damage|p1a: Toxapex|88/100|[from] Stealth Rock
|
|upkeep
|turn|20
|
|t:|1769371627
|switch|p2a: Tornadus|Tornadus-Therian, M, shiny|100/100
|switch|p1a: Sinistcha|Sinistcha, shiny|65/100
|-damage|p1a: Sinistcha|52/100|[from] Stealth Rock
|
|-heal|p1a: Sinistcha|58/100|[from] item: Leftovers
|upkeep
|turn|21
|
|t:|1769371637
|switch|p2a: Excadrill|Excadrill, M, shiny|27/100
|switch|p1a: Toxapex|Toxapex, M, shiny|100/100
|-damage|p1a: Toxapex|88/100|[from] Stealth Rock
|
|upkeep
|turn|22
|
|t:|1769371646
|switch|p2a: Tornadus|Tornadus-Therian, M, shiny|100/100
|move|p1a: Toxapex|Toxic|p2a: Tornadus
|-status|p2a: Tornadus|tox
|
|-damage|p2a: Tornadus|94/100 tox|[from] psn
|upkeep
|turn|23
|
|t:|1769371656
|switch|p1a: Tornadus|Tornadus-Therian, M, shiny|100/100
|-damage|p1a: Tornadus|76/100|[from] Stealth Rock
|move|p2a: Tornadus|Bleakwind Storm|p1a: Tornadus
|-damage|p1a: Tornadus|0 fnt
|faint|p1a: Tornadus
|
|-damage|p2a: Tornadus|82/100 tox|[from] psn
|upkeep
|
|t:|1769371663
|switch|p1a: Tyranitar|Tyranitar, M, shiny|73/100
|-damage|p1a: Tyranitar|61/100|[from] Stealth Rock
|-weather|Sandstorm|[from] ability: Sand Stream|[of] p1a: Tyranitar
|turn|24
|
|t:|1769371667
|switch|p2a: Toxapex|Toxapex, M, shiny|72/100
|move|p1a: Tyranitar|Knock Off|p2a: Toxapex
|-damage|p2a: Toxapex|35/100
|
|-weather|Sandstorm|[upkeep]
|-damage|p2a: Toxapex|29/100|[from] Sandstorm
|upkeep
|turn|25
|
|t:|1769371687
|switch|p1a: Excadrill|Excadrill, M, shiny|82/100
|-damage|p1a: Excadrill|79/100|[from] Stealth Rock
|switch|p2a: Tyranitar|Tyranitar, M, shiny|89/100
|
|-weather|Sandstorm|[upkeep]
|-heal|p1a: Excadrill|85/100|[from] item: Leftovers
|upkeep
|turn|26
|
|t:|1769371699
|move|p1a: Excadrill|Earthquake|p2a: Tyranitar
|-supereffective|p2a: Tyranitar
|-damage|p2a: Tyranitar|0 fnt
|faint|p2a: Tyranitar
|
|-weather|Sandstorm|[upkeep]
|-heal|p1a: Excadrill|91/100|[from] item: Leftovers
|upkeep
|
|t:|1769371707
|switch|p2a: Iron Valiant|Iron Valiant, shiny, tera:Ghost|94/100
|turn|27
|
|t:|1769371717
|-terastallize|p1a: Excadrill|Ground
|move|p2a: Iron Valiant|Vacuum Wave|p1a: Excadrill
|-damage|p1a: Excadrill|50/100
|move|p1a: Excadrill|Earthquake|p2a: Iron Valiant
|-damage|p2a: Iron Valiant|0 fnt
|faint|p2a: Iron Valiant
|-end|p2a: Iron Valiant|Quark Drive|[silent]
|
|-weather|Sandstorm|[upkeep]
|-heal|p1a: Excadrill|56/100|[from] item: Leftovers
|upkeep
|
|t:|1769371734
|switch|p2a: Excadrill|Excadrill, M, shiny|27/100
|turn|28
|
|t:|1769371741
|move|p1a: Excadrill|Earthquake|p2a: Excadrill
|-supereffective|p2a: Excadrill
|-damage|p2a: Excadrill|0 fnt
|faint|p2a: Excadrill
|
|-weather|none
|-heal|p1a: Excadrill|62/100|[from] item: Leftovers
|upkeep
|
|t:|1769371745
|switch|p2a: Ogerpon|Ogerpon-Cornerstone, F|100/100
|turn|29
|
|t:|1769371786
|switch|p1a: Toxapex|Toxapex, M, shiny|100/100
|-damage|p1a: Toxapex|88/100|[from] Stealth Rock
|move|p2a: Ogerpon|Ivy Cudgel|p1a: Toxapex|[anim] Ivy Cudgel Rock
|-damage|p1a: Toxapex|49/100
|
|upkeep
|turn|30
|
|t:|1769371796
|move|p2a: Ogerpon|Power Whip|p1a: Toxapex
|-damage|p1a: Toxapex|0 fnt
|faint|p1a: Toxapex
|
|upkeep
|
|t:|1769371802
|switch|p1a: Tinkaton|Tinkaton, F, shiny|94/100
|-damage|p1a: Tinkaton|88/100|[from] Stealth Rock
|turn|31
|
|t:|1769371820
|switch|p2a: Toxapex|Toxapex, M, shiny|63/100
|move|p1a: Tinkaton|Stealth Rock|p2a: Toxapex
|-sidestart|p2: NoobishTrainerJoe|move: Stealth Rock
|
|-heal|p1a: Tinkaton|94/100|[from] item: Leftovers
|upkeep
|turn|32
|
|t:|1769371826
|switch|p1a: Tyranitar|Tyranitar, M, shiny|61/100
|-damage|p1a: Tyranitar|48/100|[from] Stealth Rock
|-weather|Sandstorm|[from] ability: Sand Stream|[of] p1a: Tyranitar
|move|p2a: Toxapex|Toxic Spikes|p1a: Tyranitar
|-sidestart|p1: ferrydiscs|move: Toxic Spikes
|
|-weather|Sandstorm|[upkeep]
|-damage|p2a: Toxapex|57/100|[from] Sandstorm
|upkeep
|turn|33
|
|t:|1769371835
|move|p1a: Tyranitar|Stone Edge|p2a: Toxapex
|-crit|p2a: Toxapex
|-damage|p2a: Toxapex|0 fnt
|faint|p2a: Toxapex
|
|-weather|Sandstorm|[upkeep]
|upkeep
|-message|NoobishTrainerJoe forfeited.
|
|win|ferrydiscs
|raw|ferrydiscs's rating: 1597 &rarr; <strong>1618</strong><br />(+21 for winning)
|raw|NoobishTrainerJoe's rating: 1620 &rarr; <strong>1599</strong><br />(-21 for losing)
