|badge|p2|bronze|gen9ou|100-8
|uhtml|medal-msg|<div class="broadcast-blue">Curious what those medals under the avatar are? PS now has Ladder Seasons! For more information, check out the <a href="https://www.smogon.com/forums/threads/3740067/">thread on Smogon.</a></div>
|j|☆1colour
|j|☆CambridgeFoulPlay
|t:|1769382473
|gametype|singles
|player|p1|1colour|parasollady|1669
|player|p2|CambridgeFoulPlay|266|1850
|gen|9
|tier|[Gen 9] OU
|rated|
|rule|HP Percentage Mod: HP is shown in percentages
|rule|Endless Battle Clause: Forcing endless battles is banned
|rule|Species Clause: Limit one of each Pokémon
|rule|OHKO Clause: OHKO moves are banned
|rule|Evasion Items Clause: Evasion items are banned
|rule|Evasion Moves Clause: Evasion moves are banned
|rule|Evasion Abilities Clause: Evasion abilities are banned
|rule|Sleep Moves Clause: Sleep-inducing moves are banned
|clearpoke
|poke|p1|Cinderace, F|
|poke|p1|Rillaboom, M|
|poke|p1|Jirachi|
|poke|p1|Regidrago|
|poke|p1|Glimmora, F|
|poke|p1|Mimikyu, M|
|poke|p2|Hydrapple, M|
|poke|p2|Tyranitar, F|
|poke|p2|Moltres|
|poke|p2|Zamazenta-*|
|poke|p2|Slowking-Galar, F|
|poke|p2|Excadrill, F|
|teampreview
|c|☆CambridgeFoulPlay|hf
|inactive|Battle timer is ON: inactive players will automatically lose when time's up. (requested by CambridgeFoulPlay)
|
|t:|1769382478
|teamsize|p1|6
|teamsize|p2|6
|start
|switch|p1a: Cinderace|Cinderace, F|100/100
|switch|p2a: Tyranitar|Tyranitar, F|100/100
|-weather|Sandstorm|[from] ability: Sand Stream|[of] p2a: Tyranitar
|turn|1
|c|☆1colour|u too
|
|t:|1769382487
|move|p1a: Cinderace|U-turn|p2a: Tyranitar
|-start|p1a: Cinderace|typechange|Bug|[from] ability: Libero
|-supereffective|p2a: Tyranitar
|-damage|p2a: Tyranitar|49/100
|
|t:|1769382495
|switch|p1a: Rillaboom|Rillaboom, M|100/100|[from] U-turn
|-fieldstart|move: Grassy Terrain|[from] ability: Grassy Surge|[of] p1a: Rillaboom
|move|p2a: Tyranitar|Knock Off|p1a: Rillaboom
|-damage|p1a: Rillaboom|55/100
|-enditem|p1a: Rillaboom|Choice Band|[from] move: Knock Off|[of] p2a: Tyranitar
|
|-weather|Sandstorm|[upkeep]
|-damage|p1a: Rillaboom|49/100|[from] Sandstorm
|-heal|p1a: Rillaboom|55/100|[from] Grassy Terrain
|-heal|p2a: Tyranitar|56/100|[from] Grassy Terrain
|upkeep
|turn|2
|
|t:|1769382499
|switch|p2a: Zamazenta|Zamazenta|100/100
|-ability|p2a: Zamazenta|Dauntless Shield|boost
|-boost|p2a: Zamazenta|def|1
|move|p1a: Rillaboom|Knock Off|p2a: Zamazenta
|-resisted|p2a: Zamazenta
|-damage|p2a: Zamazenta|91/100
|-enditem|p2a: Zamazenta|Leftovers|[from] move: Knock Off|[of] p1a: Rillaboom
|
|-weather|Sandstorm|[upkeep]
|-damage|p2a: Zamazenta|85/100|[from] Sandstorm
|-damage|p1a: Rillaboom|49/100|[from] Sandstorm
|-heal|p2a: Zamazenta|91/100|[from] Grassy Terrain
|-heal|p1a: Rillaboom|55/100|[from] Grassy Terrain
|upkeep
|turn|3
|
|t:|1769382502
|switch|p1a: Glimmora|Glimmora, F, shiny|100/100
|move|p2a: Zamazenta|Iron Defense|p2a: Zamazenta
|-boost|p2a: Zamazenta|def|2
|
|-weather|Sandstorm|[upkeep]
|-damage|p2a: Zamazenta|85/100|[from] Sandstorm
|-heal|p2a: Zamazenta|91/100|[from] Grassy Terrain
|upkeep
|turn|4
|
|t:|1769382505
|move|p2a: Zamazenta|Body Press|p1a: Glimmora
|-damage|p1a: Glimmora|28/100
|-damage|p2a: Zamazenta|75/100|[from] item: Rocky Helmet|[of] p1a: Glimmora
|-activate|p1a: Glimmora|ability: Toxic Debris
|-sidestart|p2: CambridgeFoulPlay|move: Toxic Spikes
|move|p1a: Glimmora|Stealth Rock|p2a: Zamazenta
|-sidestart|p2: CambridgeFoulPlay|move: Stealth Rock
|
|-weather|Sandstorm|[upkeep]
|-damage|p2a: Zamazenta|68/100|[from] Sandstorm
|-heal|p2a: Zamazenta|75/100|[from] Grassy Terrain
|-heal|p1a: Glimmora|34/100|[from] Grassy Terrain
|upkeep
|turn|5
|
|t:|1769382509
|move|p2a: Zamazenta|Body Press|p1a: Glimmora
|-damage|p1a: Glimmora|0 fnt
|-damage|p2a: Zamazenta|58/100|[from] item: Rocky Helmet|[of] p1a: Glimmora
|-activate|p1a: Glimmora|ability: Toxic Debris
|-sidestart|p2: CambridgeFoulPlay|move: Toxic Spikes
|faint|p1a: Glimmora
|
|-weather|Sandstorm|[upkeep]
|-damage|p2a: Zamazenta|52/100|[from] Sandstorm
|-heal|p2a: Zamazenta|58/100|[from] Grassy Terrain
|-fieldend|move: Grassy Terrain
|upkeep
|
|t:|1769382514
|switch|p1a: Mimikyu|Mimikyu, M, shiny|100/100
|turn|6
|
|t:|1769382517
|move|p2a: Zamazenta|Body Press|p1a: Mimikyu
|-immune|p1a: Mimikyu
|move|p1a: Mimikyu|Swords Dance|p1a: Mimikyu
|-boost|p1a: Mimikyu|atk|2
|
|-weather|Sandstorm|[upkeep]
|-damage|p2a: Zamazenta|52/100|[from] Sandstorm
|-damage|p1a: Mimikyu|95/100|[from] Sandstorm
|upkeep
|turn|7
|
|t:|1769382521
|-terastallize|p2a: Zamazenta|Fire
|move|p1a: Mimikyu|Swords Dance|p1a: Mimikyu
|-boost|p1a: Mimikyu|atk|2
|move|p2a: Zamazenta|Roar|p1a: Mimikyu
|drag|p1a: Rillaboom|Rillaboom, M|55/100
|-fieldstart|move: Grassy Terrain|[from] ability: Grassy Surge|[of] p1a: Rillaboom
|
|-weather|Sandstorm|[upkeep]
|-damage|p2a: Zamazenta|46/100|[from] Sandstorm
|-damage|p1a: Rillaboom|49/100|[from] Sandstorm
|-heal|p2a: Zamazenta|52/100|[from] Grassy Terrain
|-heal|p1a: Rillaboom|55/100|[from] Grassy Terrain
|upkeep
|turn|8
|
|t:|1769382526
|switch|p1a: Mimikyu|Mimikyu, M, shiny|95/100
|move|p2a: Zamazenta|Body Press|p1a: Mimikyu
|-immune|p1a: Mimikyu
|
|-weather|none
|-heal|p2a: Zamazenta|58/100|[from] Grassy Terrain
|-heal|p1a: Mimikyu|100/100|[from] Grassy Terrain
|upkeep
|turn|9
|
|t:|1769382529
|move|p1a: Mimikyu|Shadow Claw|p2a: Zamazenta
|-damage|p2a: Zamazenta|50/100
|move|p2a: Zamazenta|Roar|p1a: Mimikyu
|drag|p1a: Cinderace|Cinderace, F|100/100
|
|-heal|p2a: Zamazenta|56/100|[from] Grassy Terrain
|upkeep
|turn|10
|
|t:|1769382534
|switch|p1a: Mimikyu|Mimikyu, M, shiny|100/100
|move|p2a: Zamazenta|Body Press|p1a: Mimikyu
|-immune|p1a: Mimikyu
|
|-heal|p2a: Zamazenta|62/100|[from] Grassy Terrain
|upkeep
|turn|11
|
|t:|1769382536
|move|p1a: Mimikyu|Shadow Claw|p2a: Zamazenta
|-damage|p2a: Zamazenta|53/100
|move|p2a: Zamazenta|Roar|p1a: Mimikyu
|drag|p1a: Jirachi|Jirachi|100/100
|
|-heal|p2a: Zamazenta|60/100|[from] Grassy Terrain
|-fieldend|move: Grassy Terrain
|upkeep
|turn|12
|
|t:|1769382539
|switch|p1a: Mimikyu|Mimikyu, M, shiny|100/100
|move|p2a: Zamazenta|Body Press|p1a: Mimikyu
|-immune|p1a: Mimikyu
|
|upkeep
|turn|13
|
|t:|1769382542
|move|p1a: Mimikyu|Shadow Claw|p2a: Zamazenta
|-damage|p2a: Zamazenta|51/100
|move|p2a: Zamazenta|Roar|p1a: Mimikyu
|drag|p1a: Regidrago|Regidrago|100/100
|
|upkeep
|turn|14
|
|t:|1769382545
|switch|p1a: Mimikyu|Mimikyu, M, shiny|100/100
|move|p2a: Zamazenta|Body Press|p1a: Mimikyu
|-immune|p1a: Mimikyu
|
|upkeep
|turn|15
|
|t:|1769382547
|move|p1a: Mimikyu|Shadow Claw|p2a: Zamazenta
|-damage|p2a: Zamazenta|42/100
|move|p2a: Zamazenta|Roar|p1a: Mimikyu
|drag|p1a: Regidrago|Regidrago|100/100
|
|upkeep
|turn|16
|
|t:|1769382552
|switch|p1a: Mimikyu|Mimikyu, M, shiny|100/100
|move|p2a: Zamazenta|Body Press|p1a: Mimikyu
|-immune|p1a: Mimikyu
|
|upkeep
|turn|17
|
|t:|1769382555
|move|p1a: Mimikyu|Shadow Claw|p2a: Zamazenta
|-crit|p2a: Zamazenta
|-damage|p2a: Zamazenta|12/100
|move|p2a: Zamazenta|Roar|p1a: Mimikyu
|drag|p1a: Jirachi|Jirachi|100/100
|
|upkeep
|turn|18
|
|t:|1769382561
|switch|p1a: Mimikyu|Mimikyu, M, shiny|100/100
|move|p2a: Zamazenta|Body Press|p1a: Mimikyu
|-immune|p1a: Mimikyu
|
|upkeep
|turn|19
|
|t:|1769382563
|move|p1a: Mimikyu|Shadow Claw|p2a: Zamazenta
|-damage|p2a: Zamazenta|3/100
|move|p2a: Zamazenta|Roar|p1a: Mimikyu
|drag|p1a: Regidrago|Regidrago|100/100
|
|upkeep
|turn|20
|
|t:|1769382568
|switch|p1a: Mimikyu|Mimikyu, M, shiny|100/100
|move|p2a: Zamazenta|Body Press|p1a: Mimikyu
|-immune|p1a: Mimikyu
|
|upkeep
|turn|21
|
|t:|1769382571
|move|p1a: Mimikyu|Shadow Sneak|p2a: Zamazenta
|-damage|p2a: Zamazenta|0 fnt
|faint|p2a: Zamazenta
|
|upkeep
|
|t:|1769382573
|switch|p2a: Moltres|Moltres|100/100
|turn|22
|
|t:|1769382579
|switch|p1a: Regidrago|Regidrago|100/100
|move|p2a: Moltres|U-turn|p1a: Regidrago
|-damage|p1a: Regidrago|86/100
|
|t:|1769382582
|switch|p2a: Excadrill|Excadrill, F|100/100|[from] U-turn
|-damage|p2a: Excadrill|97/100|[from] Stealth Rock
|-item|p2a: Excadrill|Air Balloon
|
|upkeep
|turn|23
|
|t:|1769382587
|-terastallize|p1a: Regidrago|Dragon
|move|p1a: Regidrago|Dragon Energy|p2a: Excadrill
|-resisted|p2a: Excadrill
|-damage|p2a: Excadrill|19/100
|-enditem|p2a: Excadrill|Air Balloon
|move|p2a: Excadrill|Rapid Spin|p1a: Regidrago
|-damage|p1a: Regidrago|67/100
|-boost|p2a: Excadrill|spe|1
|-sideend|p2: CambridgeFoulPlay|Toxic Spikes|[from] move: Rapid Spin|[of] p2a: Excadrill
|-sideend|p2: CambridgeFoulPlay|Stealth Rock|[from] move: Rapid Spin|[of] p2a: Excadrill
|
|upkeep
|turn|24
|
|t:|1769382594
|switch|p1a: Rillaboom|Rillaboom, M|55/100
|-fieldstart|move: Grassy Terrain|[from] ability: Grassy Surge|[of] p1a: Rillaboom
|move|p2a: Excadrill|Iron Head|p1a: Rillaboom
|-damage|p1a: Rillaboom|9/100
|
|-heal|p2a: Excadrill|25/100|[from] Grassy Terrain
|-heal|p1a: Rillaboom|16/100|[from] Grassy Terrain
|upkeep
|turn|25
|
|t:|1769382597
|switch|p2a: Moltres|Moltres|100/100
|move|p1a: Rillaboom|Grassy Glide|p2a: Moltres
|-resisted|p2a: Moltres
|-damage|p2a: Moltres|93/100
|
|-heal|p1a: Rillaboom|22/100|[from] Grassy Terrain
|upkeep
|turn|26
|
|t:|1769382602
|switch|p1a: Cinderace|Cinderace, F|100/100
|move|p2a: Moltres|U-turn|p1a: Cinderace
|-resisted|p1a: Cinderace
|-damage|p1a: Cinderace|90/100
|
|t:|1769382606
|switch|p2a: Slowking|Slowking-Galar, F|100/100|[from] U-turn
|
|-heal|p1a: Cinderace|97/100|[from] Grassy Terrain
|upkeep
|turn|27
|
|t:|1769382609
|move|p1a: Cinderace|Pyro Ball|p2a: Slowking
|-damage|p2a: Slowking|57/100
|move|p2a: Slowking|Sludge Bomb|p1a: Cinderace
|-damage|p1a: Cinderace|47/100
|
|-heal|p1a: Cinderace|53/100|[from] Grassy Terrain
|-heal|p2a: Slowking|63/100|[from] Grassy Terrain
|upkeep
|turn|28
|
|t:|1769382614
|move|p1a: Cinderace|Gunk Shot|p2a: Slowking|[miss]
|-start|p1a: Cinderace|typechange|Poison|[from] ability: Libero
|-miss|p1a: Cinderace|p2a: Slowking
|move|p2a: Slowking|Sludge Bomb|p1a: Cinderace
|-resisted|p1a: Cinderace
|-damage|p1a: Cinderace|27/100
|
|-heal|p1a: Cinderace|33/100|[from] Grassy Terrain
|-heal|p2a: Slowking|69/100|[from] Grassy Terrain
|-fieldend|move: Grassy Terrain
|upkeep
|turn|29
|
|t:|1769382617
|move|p1a: Cinderace|Pyro Ball|p2a: Slowking
|-damage|p2a: Slowking|39/100
|move|p2a: Slowking|Ice Beam|p1a: Cinderace
|-damage|p1a: Cinderace|0 fnt
|faint|p1a: Cinderace
|
|upkeep
|
|t:|1769382628
|switch|p1a: Regidrago|Regidrago, tera:Dragon|67/100
|turn|30
|
|t:|1769382632
|switch|p2a: Tyranitar|Tyranitar, F|56/100
|-weather|Sandstorm|[from] ability: Sand Stream|[of] p2a: Tyranitar
|move|p1a: Regidrago|Dragon Energy|p2a: Tyranitar
|-crit|p2a: Tyranitar
|-damage|p2a: Tyranitar|0 fnt
|faint|p2a: Tyranitar
|
|-weather|Sandstorm|[upkeep]
|-damage|p1a: Regidrago|61/100|[from] Sandstorm
|upkeep
|
|t:|1769382634
|switch|p2a: Slowking|Slowking-Galar, F|73/100
|turn|31
|
|t:|1769382637
|switch|p1a: Jirachi|Jirachi|100/100
|move|p2a: Slowking|Ice Beam|p1a: Jirachi
|-resisted|p1a: Jirachi
|-damage|p1a: Jirachi|93/100
|
|-weather|Sandstorm|[upkeep]
|-damage|p2a: Slowking|67/100|[from] Sandstorm
|-heal|p1a: Jirachi|99/100|[from] item: Leftovers
|upkeep
|turn|32
|
|t:|1769382640
|switch|p2a: Moltres|Moltres|93/100
|move|p1a: Jirachi|Doom Desire|p2a: Moltres
|-start|p1a: Jirachi|Doom Desire
|
|-weather|Sandstorm|[upkeep]
|-damage|p2a: Moltres|87/100|[from] Sandstorm
|-heal|p1a: Jirachi|100/100|[from] item: Leftovers
|upkeep
|turn|33
|
|t:|1769382644
|move|p1a: Jirachi|Wish|p1a: Jirachi
|move|p2a: Moltres|Flamethrower|p1a: Jirachi
|-supereffective|p1a: Jirachi
|-damage|p1a: Jirachi|54/100
|
|-weather|Sandstorm|[upkeep]
|-damage|p2a: Moltres|81/100|[from] Sandstorm
|-heal|p1a: Jirachi|60/100|[from] item: Leftovers
|upkeep
|turn|34
|
|t:|1769382652
|move|p1a: Jirachi|Psychic Noise|p2a: Moltres
|-damage|p2a: Moltres|53/100
|-start|p2a: Moltres|move: Heal Block
|move|p2a: Moltres|U-turn|p1a: Jirachi
|-damage|p1a: Jirachi|49/100
|
|t:|1769382653
|switch|p2a: Excadrill|Excadrill, F|25/100|[from] U-turn
|
|-weather|Sandstorm|[upkeep]
|-end|p2a: Excadrill|move: Doom Desire
|-resisted|p2a: Excadrill
|-damage|p2a: Excadrill|0 fnt
|faint|p2a: Excadrill
|-heal|p1a: Jirachi|99/100|[from] move: Wish|[wisher] Jirachi
|-heal|p1a: Jirachi|100/100|[from] item: Leftovers
|upkeep
|
|t:|1769382654
|switch|p2a: Slowking|Slowking-Galar, F|99/100
|turn|35
|
|t:|1769382669
|move|p1a: Jirachi|Doom Desire|p2a: Slowking
|-start|p1a: Jirachi|Doom Desire
|move|p2a: Slowking|Flamethrower|p1a: Jirachi
|-supereffective|p1a: Jirachi
|-damage|p1a: Jirachi|69/100
|
|-weather|Sandstorm|[upkeep]
|-damage|p2a: Slowking|94/100|[from] Sandstorm
|-heal|p1a: Jirachi|75/100|[from] item: Leftovers
|upkeep
|turn|36
|
|t:|1769382673
|move|p1a: Jirachi|Wish|p1a: Jirachi
|move|p2a: Slowking|Flamethrower|p1a: Jirachi
|-supereffective|p1a: Jirachi
|-damage|p1a: Jirachi|49/100
|
|-weather|Sandstorm|[upkeep]
|-damage|p2a: Slowking|88/100|[from] Sandstorm
|-heal|p1a: Jirachi|55/100|[from] item: Leftovers
|upkeep
|turn|37
|
|t:|1769382680
|move|p1a: Jirachi|Psychic Noise|p2a: Slowking
|-damage|p2a: Slowking|72/100
|-start|p2a: Slowking|move: Heal Block
|move|p2a: Slowking|Flamethrower|p1a: Jirachi
|-supereffective|p1a: Jirachi
|-damage|p1a: Jirachi|28/100
|
|-weather|none
|-end|p2a: Slowking|move: Doom Desire
|-damage|p2a: Slowking|45/100
|-heal|p1a: Jirachi|78/100|[from] move: Wish|[wisher] Jirachi
|-heal|p1a: Jirachi|84/100|[from] item: Leftovers
|upkeep
|turn|38
|
|t:|1769382691
|switch|p2a: Moltres|Moltres|53/100
|move|p1a: Jirachi|Doom Desire|p2a: Moltres
|-start|p1a: Jirachi|Doom Desire
|
|-heal|p1a: Jirachi|91/100|[from] item: Leftovers
|upkeep
|turn|39
|
|t:|1769382693
|move|p1a: Jirachi|Psychic Noise|p2a: Moltres
|-damage|p2a: Moltres|27/100
|-start|p2a: Moltres|move: Heal Block
|move|p2a: Moltres|Flamethrower|p1a: Jirachi
|-supereffective|p1a: Jirachi
|-damage|p1a: Jirachi|45/100
|
|-heal|p1a: Jirachi|51/100|[from] item: Leftovers
|upkeep
|turn|40
|
|t:|1769382700
|move|p1a: Jirachi|Protect|p1a: Jirachi
|-singleturn|p1a: Jirachi|Protect
|move|p2a: Moltres|Flamethrower|p1a: Jirachi
|-activate|p1a: Jirachi|move: Protect
|
|-end|p2a: Moltres|move: Doom Desire
|-resisted|p2a: Moltres
|-damage|p2a: Moltres|2/100
|-heal|p1a: Jirachi|57/100|[from] item: Leftovers
|-end|p2a: Moltres|move: Heal Block
|upkeep
|turn|41
|
|t:|1769382707
|switch|p2a: Slowking|Slowking-Galar, F|79/100
|move|p1a: Jirachi|Psychic Noise|p2a: Slowking
|-damage|p2a: Slowking|64/100
|-start|p2a: Slowking|move: Heal Block
|
|-heal|p1a: Jirachi|63/100|[from] item: Leftovers
|upkeep
|turn|42
|
|t:|1769382710
|switch|p2a: Moltres|Moltres|2/100
|move|p1a: Jirachi|Wish|p1a: Jirachi
|
|-heal|p1a: Jirachi|69/100|[from] item: Leftovers
|upkeep
|turn|43
|
|t:|1769382712
|switch|p2a: Slowking|Slowking-Galar, F|97/100
|move|p1a: Jirachi|Psychic Noise|p2a: Slowking
|-damage|p2a: Slowking|82/100
|-start|p2a: Slowking|move: Heal Block
|
|-heal|p1a: Jirachi|100/100|[from] move: Wish|[wisher] Jirachi
|upkeep
|turn|44
|
|t:|1769382714
|move|p1a: Jirachi|Doom Desire|p2a: Slowking
|-start|p1a: Jirachi|Doom Desire
|move|p2a: Slowking|Flamethrower|p1a: Jirachi
|-supereffective|p1a: Jirachi
|-damage|p1a: Jirachi|71/100
|
|-heal|p1a: Jirachi|77/100|[from] item: Leftovers
|-end|p2a: Slowking|move: Heal Block
|upkeep
|turn|45
|
|t:|1769382719
|move|p1a: Jirachi|Wish|p1a: Jirachi
|move|p2a: Slowking|Flamethrower|p1a: Jirachi
|-supereffective|p1a: Jirachi
|-damage|p1a: Jirachi|48/100
|
|-heal|p1a: Jirachi|54/100|[from] item: Leftovers
|upkeep
|turn|46
|
|t:|1769382723
|move|p1a: Jirachi|Psychic Noise|p2a: Slowking
|-damage|p2a: Slowking|68/100
|-start|p2a: Slowking|move: Heal Block
|move|p2a: Slowking|Flamethrower|p1a: Jirachi
|-supereffective|p1a: Jirachi
|-damage|p1a: Jirachi|24/100
|
|-end|p2a: Slowking|move: Doom Desire
|-damage|p2a: Slowking|45/100
|-heal|p1a: Jirachi|74/100|[from] move: Wish|[wisher] Jirachi
|-heal|p1a: Jirachi|80/100|[from] item: Leftovers
|upkeep
|turn|47
|
|t:|1769382733
|switch|p2a: Hydrapple|Hydrapple, M|100/100
|move|p1a: Jirachi|Doom Desire|p2a: Hydrapple
|-start|p1a: Jirachi|Doom Desire
|
|-heal|p1a: Jirachi|87/100|[from] item: Leftovers
|upkeep
|turn|48
|
|t:|1769382738
|move|p1a: Jirachi|Wish|p1a: Jirachi
|move|p2a: Hydrapple|Earth Power|p1a: Jirachi
|-supereffective|p1a: Jirachi
|-damage|p1a: Jirachi|53/100
|
|-heal|p1a: Jirachi|60/100|[from] item: Leftovers
|upkeep
|turn|49
|
|t:|1769382741
|move|p1a: Jirachi|Psychic Noise|p2a: Hydrapple
|-damage|p2a: Hydrapple|72/100
|-start|p2a: Hydrapple|move: Heal Block
|move|p2a: Hydrapple|Earth Power|p1a: Jirachi
|-supereffective|p1a: Jirachi
|-damage|p1a: Jirachi|25/100
|
|-end|p2a: Hydrapple|move: Doom Desire
|-damage|p2a: Hydrapple|21/100
|-heal|p1a: Jirachi|75/100|[from] move: Wish|[wisher] Jirachi
|-heal|p1a: Jirachi|81/100|[from] item: Leftovers
|upkeep
|turn|50
|
|t:|1769382754
|switch|p2a: Slowking|Slowking-Galar, F|78/100
|move|p1a: Jirachi|Psychic Noise|p2a: Slowking
|-damage|p2a: Slowking|63/100
|-start|p2a: Slowking|move: Heal Block
|
|-heal|p1a: Jirachi|87/100|[from] item: Leftovers
|upkeep
|turn|51
|
|t:|1769382757
|move|p1a: Jirachi|Doom Desire|p2a: Slowking
|-start|p1a: Jirachi|Doom Desire
|move|p2a: Slowking|Flamethrower|p1a: Jirachi
|-supereffective|p1a: Jirachi
|-damage|p1a: Jirachi|61/100
|
|-heal|p1a: Jirachi|67/100|[from] item: Leftovers
|-end|p2a: Slowking|move: Heal Block
|upkeep
|turn|52
|
|t:|1769382760
|switch|p2a: Hydrapple|Hydrapple, M|54/100
|move|p1a: Jirachi|Wish|p1a: Jirachi
|
|-heal|p1a: Jirachi|73/100|[from] item: Leftovers
|upkeep
|turn|53
|
|t:|1769382763
|switch|p2a: Slowking|Slowking-Galar, F|96/100
|move|p1a: Jirachi|Psychic Noise|p2a: Slowking
|-damage|p2a: Slowking|83/100
|-start|p2a: Slowking|move: Heal Block
|
|-end|p2a: Slowking|move: Doom Desire
|-damage|p2a: Slowking|57/100
|-heal|p1a: Jirachi|100/100|[from] move: Wish|[wisher] Jirachi
|upkeep
|turn|54
|
|t:|1769382768
|switch|p2a: Hydrapple|Hydrapple, M|88/100
|move|p1a: Jirachi|Doom Desire|p2a: Hydrapple
|-start|p1a: Jirachi|Doom Desire
|
|upkeep
|turn|55
|
|t:|1769382772
|switch|p2a: Moltres|Moltres|2/100
|move|p1a: Jirachi|Wish|p1a: Jirachi
|
|upkeep
|turn|56
|
|t:|1769382780
|switch|p1a: Regidrago|Regidrago, tera:Dragon|61/100
|move|p2a: Moltres|U-turn|p1a: Regidrago
|-damage|p1a: Regidrago|45/100
|
|t:|1769382782
|switch|p2a: Slowking|Slowking-Galar, F|90/100|[from] U-turn
|
|-end|p2a: Slowking|move: Doom Desire
|-damage|p2a: Slowking|63/100
|-heal|p1a: Regidrago|83/100|[from] move: Wish|[wisher] Jirachi
|upkeep
|turn|57
|
|t:|1769382789
|switch|p2a: Moltres|Moltres|2/100
|move|p1a: Regidrago|Dragon Energy|p2a: Moltres
|-damage|p2a: Moltres|0 fnt
|faint|p2a: Moltres
|
|upkeep
|
|t:|1769382792
|switch|p2a: Slowking|Slowking-Galar, F|96/100
|turn|58
|
|t:|1769382795
|switch|p1a: Jirachi|Jirachi|100/100
|move|p2a: Slowking|Ice Beam|p1a: Jirachi
|-resisted|p1a: Jirachi
|-damage|p1a: Jirachi|94/100
|
|-heal|p1a: Jirachi|99/100|[from] item: Leftovers
|upkeep
|turn|59
|
|t:|1769382799
|move|p1a: Jirachi|Wish|p1a: Jirachi
|move|p2a: Slowking|Flamethrower|p1a: Jirachi
|-supereffective|p1a: Jirachi
|-crit|p1a: Jirachi
|-damage|p1a: Jirachi|53/100
|
|-heal|p1a: Jirachi|60/100|[from] item: Leftovers
|upkeep
|turn|60
|
|t:|1769382802
|move|p1a: Jirachi|Psychic Noise|p2a: Slowking
|-damage|p2a: Slowking|81/100
|-start|p2a: Slowking|move: Heal Block
|move|p2a: Slowking|Flamethrower|p1a: Jirachi
|-supereffective|p1a: Jirachi
|-damage|p1a: Jirachi|31/100
|
|-heal|p1a: Jirachi|81/100|[from] move: Wish|[wisher] Jirachi
|-heal|p1a: Jirachi|88/100|[from] item: Leftovers
|upkeep
|turn|61
|
|t:|1769382812
|move|p1a: Jirachi|Wish|p1a: Jirachi
|move|p2a: Slowking|Flamethrower|p1a: Jirachi
|-supereffective|p1a: Jirachi
|-damage|p1a: Jirachi|60/100
|
|-heal|p1a: Jirachi|67/100|[from] item: Leftovers
|-end|p2a: Slowking|move: Heal Block
|upkeep
|turn|62
|
|t:|1769382815
|switch|p2a: Hydrapple|Hydrapple, M|100/100
|move|p1a: Jirachi|Protect||[still]
|-fail|p1a: Jirachi
|
|-heal|p1a: Jirachi|100/100|[from] move: Wish|[wisher] Jirachi
|upkeep
|turn|63
|
|t:|1769382822
|move|p1a: Jirachi|Wish|p1a: Jirachi
|move|p2a: Hydrapple|Earth Power|p1a: Jirachi
|-supereffective|p1a: Jirachi
|-damage|p1a: Jirachi|67/100
|-unboost|p1a: Jirachi|spd|1
|
|-heal|p1a: Jirachi|74/100|[from] item: Leftovers
|upkeep
|turn|64
|j| agente00g
|
|t:|1769382835
|move|p1a: Jirachi|Doom Desire|p2a: Hydrapple
|-start|p1a: Jirachi|Doom Desire
|move|p2a: Hydrapple|Fickle Beam|p1a: Jirachi|[anim] Fickle Beam All Out
|-activate|p2a: Hydrapple|move: Fickle Beam
|-resisted|p1a: Jirachi
|-damage|p1a: Jirachi|40/100
|
|-heal|p1a: Jirachi|90/100|[from] move: Wish|[wisher] Jirachi
|-heal|p1a: Jirachi|97/100|[from] item: Leftovers
|upkeep
|turn|65
|l| agente00g
|
|t:|1769382846
|switch|p1a: Rillaboom|Rillaboom, M|22/100
|-fieldstart|move: Grassy Terrain|[from] ability: Grassy Surge|[of] p1a: Rillaboom
|move|p2a: Hydrapple|Nasty Plot|p2a: Hydrapple
|-boost|p2a: Hydrapple|spa|2
|
|-heal|p1a: Rillaboom|28/100|[from] Grassy Terrain
|upkeep
|turn|66
|
|t:|1769382850
|move|p1a: Rillaboom|U-turn|p2a: Hydrapple
|-supereffective|p2a: Hydrapple
|-damage|p2a: Hydrapple|68/100
|
|t:|1769382854
|switch|p1a: Jirachi|Jirachi|97/100|[from] U-turn
|move|p2a: Hydrapple|Nasty Plot|p2a: Hydrapple
|-boost|p2a: Hydrapple|spa|2
|
|-end|p2a: Hydrapple|move: Doom Desire
|-damage|p2a: Hydrapple|22/100
|-heal|p1a: Jirachi|100/100|[from] Grassy Terrain
|-heal|p2a: Hydrapple|28/100|[from] Grassy Terrain
|upkeep
|turn|67
|
|t:|1769382859
|move|p1a: Jirachi|Psychic Noise|p2a: Hydrapple
|-damage|p2a: Hydrapple|0 fnt
|faint|p2a: Hydrapple
|
|upkeep
|
|t:|1769382861
|switch|p2a: Slowking|Slowking-Galar, F|100/100
|turn|68
|
|t:|1769382865
|move|p1a: Jirachi|Psychic Noise|p2a: Slowking
|-damage|p2a: Slowking|86/100
|-start|p2a: Slowking|move: Heal Block
|move|p2a: Slowking|Flamethrower|p1a: Jirachi
|-supereffective|p1a: Jirachi
|-damage|p1a: Jirachi|70/100
|
|-heal|p1a: Jirachi|76/100|[from] Grassy Terrain
|-heal|p1a: Jirachi|83/100|[from] item: Leftovers
|upkeep
|turn|69
|
|t:|1769382869
|move|p1a: Jirachi|Psychic Noise|p2a: Slowking
|-damage|p2a: Slowking|72/100
|move|p2a: Slowking|Flamethrower|p1a: Jirachi
|-supereffective|p1a: Jirachi
|-damage|p1a: Jirachi|56/100
|
|-heal|p1a: Jirachi|62/100|[from] Grassy Terrain
|-heal|p1a: Jirachi|68/100|[from] item: Leftovers
|-end|p2a: Slowking|move: Heal Block
|-fieldend|move: Grassy Terrain
|upkeep
|turn|70
|
|t:|1769382870
|move|p1a: Jirachi|Psychic Noise|p2a: Slowking
|-damage|p2a: Slowking|57/100
|-start|p2a: Slowking|move: Heal Block
|move|p2a: Slowking|Ice Beam|p1a: Jirachi
|-resisted|p1a: Jirachi
|-damage|p1a: Jirachi|61/100
|
|-heal|p1a: Jirachi|67/100|[from] item: Leftovers
|upkeep
|turn|71
|
|t:|1769382875
|move|p1a: Jirachi|Psychic Noise|p2a: Slowking
|-damage|p2a: Slowking|42/100
|move|p2a: Slowking|Ice Beam|p1a: Jirachi
|-resisted|p1a: Jirachi
|-damage|p1a: Jirachi|60/100
|
|-heal|p1a: Jirachi|67/100|[from] item: Leftovers
|-end|p2a: Slowking|move: Heal Block
|upkeep
|turn|72
|
|t:|1769382881
|move|p1a: Jirachi|Psychic Noise|p2a: Slowking
|-damage|p2a: Slowking|27/100
|-start|p2a: Slowking|move: Heal Block
|move|p2a: Slowking|Flamethrower|p1a: Jirachi
|-supereffective|p1a: Jirachi
|-damage|p1a: Jirachi|35/100
|
|-heal|p1a: Jirachi|42/100|[from] item: Leftovers
|upkeep
|turn|73
|
|t:|1769382883
|move|p1a: Jirachi|Wish|p1a: Jirachi
|move|p2a: Slowking|Psyshock|p1a: Jirachi
|-resisted|p1a: Jirachi
|-damage|p1a: Jirachi|35/100
|
|-heal|p1a: Jirachi|41/100|[from] item: Leftovers
|-end|p2a: Slowking|move: Heal Block
|upkeep
|turn|74
|
|t:|1769382885
|move|p1a: Jirachi|Protect|p1a: Jirachi
|-singleturn|p1a: Jirachi|Protect
|move|p2a: Slowking|Sludge Bomb|p1a: Jirachi
|-activate|p1a: Jirachi|move: Protect
|
|-heal|p1a: Jirachi|91/100|[from] move: Wish|[wisher] Jirachi
|-heal|p1a: Jirachi|97/100|[from] item: Leftovers
|upkeep
|turn|75
|
|t:|1769382887
|move|p1a: Jirachi|Wish|p1a: Jirachi
|move|p2a: Slowking|Flamethrower|p1a: Jirachi
|-supereffective|p1a: Jirachi
|-damage|p1a: Jirachi|66/100
|
|-heal|p1a: Jirachi|73/100|[from] item: Leftovers
|upkeep
|turn|76
|
|t:|1769382891
|switch|p1a: Rillaboom|Rillaboom, M|28/100
|-fieldstart|move: Grassy Terrain|[from] ability: Grassy Surge|[of] p1a: Rillaboom
|move|p2a: Slowking|Ice Beam|p1a: Rillaboom
|-supereffective|p1a: Rillaboom
|-crit|p1a: Rillaboom
|-damage|p1a: Rillaboom|0 fnt
|faint|p1a: Rillaboom
|
|-heal|p2a: Slowking|34/100|[from] Grassy Terrain
|upkeep
|
|t:|1769382893
|switch|p1a: Regidrago|Regidrago, tera:Dragon|83/100
|turn|77
|
|t:|1769382896
|move|p1a: Regidrago|Dragon Energy|p2a: Slowking
|-damage|p2a: Slowking|0 fnt
|faint|p2a: Slowking
|
|win|1colour
|raw|1colour's rating: 1669 &rarr; <strong>1699</strong><br />(+30 for winning)
|raw|CambridgeFoulPlay's rating: 1850 &rarr; <strong>1820</strong><br />(-30 for losing)
|c|☆CambridgeFoulPlay|gg
|l|☆CambridgeFoulPlay
|player|p2|
|c|☆1colour|gg
|l|☆1colour
|player|p1|
