|j|☆LOTRsucks
|j|☆dragaloek2
|t:|1769355625
|gametype|singles
|player|p1|LOTRsucks|2|1363
|player|p2|dragaloek2|102|1318
|gen|9
|tier|[Gen 9] OU
|rated|
|rule|HP Percentage Mod: HP is shown in percentages
|rule|Endless Battle Clause: Forcing endless battles is banned
|rule|Species Clause: Limit one of each Pokémon
|rule|OHKO Clause: OHKO moves are banned
|rule|Evasion Items Clause: Evasion items are banned
|rule|Evasion Moves Clause: Evasion moves are banned
|rule|Evasion Abilities Clause: Evasion abilities are banned
|rule|Sleep Moves Clause: Sleep-inducing moves are banned
|clearpoke
|poke|p1|Skarmory, F|
|poke|p1|Lokix, F|
|poke|p1|Slowking-Galar, F|
|poke|p1|Primarina, F|
|poke|p1|Great Tusk|
|poke|p1|Darkrai|
|poke|p2|Great Tusk|
|poke|p2|Slowking-Galar, M|
|poke|p2|Ogerpon, F|
|poke|p2|Toxtricity, M|
|poke|p2|Tornadus, M|
|poke|p2|Walking Wake|
|teampreview
|inactive|Battle timer is ON: inactive players will automatically lose when time's up. (requested by dragaloek2)
|
|t:|1769355636
|teamsize|p1|6
|teamsize|p2|6
|start
|switch|p1a: Darkrai|Darkrai|100/100
|switch|p2a: Tornadus|Tornadus, M|100/100
|turn|1
|
|t:|1769355647
|move|p2a: Tornadus|Tailwind|p2a: Tornadus
|-sidestart|p2: dragaloek2|move: Tailwind
|move|p1a: Darkrai|Ice Beam|p2a: Tornadus
|-supereffective|p2a: Tornadus
|-damage|p2a: Tornadus|27/100
|
|upkeep
|turn|2
|
|t:|1769355652
|move|p2a: Tornadus|U-turn|p1a: Darkrai
|-supereffective|p1a: Darkrai
|-damage|p1a: Darkrai|59/100
|
|t:|1769355656
|switch|p2a: Toxtricity|Toxtricity, M|100/100|[from] U-turn
|move|p1a: Darkrai|Ice Beam|p2a: Toxtricity
|-damage|p2a: Toxtricity|47/100
|
|upkeep
|turn|3
|
|t:|1769355663
|switch|p1a: Slowking|Slowking-Galar, F|100/100
|move|p2a: Toxtricity|Boomburst|p1a: Slowking
|-damage|p1a: Slowking|45/100
|
|upkeep
|turn|4
|inactive|LOTRsucks has 120 seconds left.
|
|t:|1769355701
|switch|p1a: Primarina|Primarina, F|100/100
|move|p2a: Toxtricity|Boomburst|p1a: Primarina
|-damage|p1a: Primarina|51/100
|
|-sideend|p2: dragaloek2|move: Tailwind
|upkeep
|turn|5
|inactive|LOTRsucks has 120 seconds left.
|
|t:|1769355709
|switch|p1a: Slowking|Slowking-Galar, F|79/100
|-terastallize|p2a: Toxtricity|Normal
|move|p2a: Toxtricity|Boomburst|p1a: Slowking
|-damage|p1a: Slowking|0 fnt
|faint|p1a: Slowking
|
|upkeep
|inactive|LOTRsucks has 120 seconds left.
|
|t:|1769355716
|switch|p1a: Great Tusk|Great Tusk|100/100
|turn|6
|
|t:|1769355725
|switch|p2a: Great Tusk|Great Tusk, shiny|100/100
|move|p1a: Great Tusk|Rapid Spin|p2a: Great Tusk
|-damage|p2a: Great Tusk|88/100
|-boost|p1a: Great Tusk|spe|1
|-damage|p1a: Great Tusk|84/100|[from] item: Rocky Helmet|[of] p2a: Great Tusk
|
|upkeep
|turn|7
|
|t:|1769355735
|-end|p1a: Great Tusk|Protosynthesis|[silent]
|switch|p1a: Skarmory|Skarmory, F|100/100
|move|p2a: Great Tusk|Stealth Rock|p1a: Skarmory
|-sidestart|p1: LOTRsucks|move: Stealth Rock
|
|upkeep
|turn|8
|
|t:|1769355740
|-end|p2a: Great Tusk|Protosynthesis|[silent]
|switch|p2a: Slowking|Slowking-Galar, M, shiny|100/100
|move|p1a: Skarmory|Stealth Rock|p2a: Slowking
|-sidestart|p2: dragaloek2|move: Stealth Rock
|
|upkeep
|turn|9
|
|t:|1769355751
|move|p1a: Skarmory|Body Press|p2a: Slowking
|-resisted|p2a: Slowking
|-damage|p2a: Slowking|95/100
|move|p2a: Slowking|Flamethrower|p1a: Skarmory
|-supereffective|p1a: Skarmory
|-damage|p1a: Skarmory|44/100
|
|upkeep
|turn|10
|
|t:|1769355758
|switch|p1a: Primarina|Primarina, F|51/100
|-damage|p1a: Primarina|39/100|[from] Stealth Rock
|move|p2a: Slowking|Flamethrower|p1a: Primarina
|-resisted|p1a: Primarina
|-damage|p1a: Primarina|32/100
|
|upkeep
|turn|11
|
|t:|1769355767
|move|p1a: Primarina|Surf|p2a: Slowking
|-damage|p2a: Slowking|52/100
|move|p2a: Slowking|Sludge Bomb|p1a: Primarina
|-supereffective|p1a: Primarina
|-damage|p1a: Primarina|0 fnt
|faint|p1a: Primarina
|
|upkeep
|
|t:|1769355774
|switch|p1a: Darkrai|Darkrai|59/100
|-damage|p1a: Darkrai|47/100|[from] Stealth Rock
|turn|12
|
|t:|1769355789
|move|p1a: Darkrai|Dark Pulse|p2a: Slowking
|-supereffective|p2a: Slowking
|-damage|p2a: Slowking|3/100
|move|p2a: Slowking|Sludge Bomb|p1a: Darkrai
|-damage|p1a: Darkrai|0 fnt
|faint|p1a: Darkrai
|
|upkeep
|
|t:|1769355796
|switch|p1a: Great Tusk|Great Tusk|84/100
|turn|13
|
|t:|1769355800
|switch|p2a: Great Tusk|Great Tusk, shiny|88/100
|-damage|p2a: Great Tusk|85/100|[from] Stealth Rock
|move|p1a: Great Tusk|Rapid Spin|p2a: Great Tusk
|-damage|p2a: Great Tusk|72/100
|-boost|p1a: Great Tusk|spe|1
|-damage|p1a: Great Tusk|68/100|[from] item: Rocky Helmet|[of] p2a: Great Tusk
|-sideend|p1: LOTRsucks|Stealth Rock|[from] move: Rapid Spin|[of] p1a: Great Tusk
|
|upkeep
|turn|14
|
|t:|1769355809
|move|p1a: Great Tusk|Ice Spinner|p2a: Great Tusk
|-supereffective|p2a: Great Tusk
|-damage|p2a: Great Tusk|34/100
|-damage|p1a: Great Tusk|51/100|[from] item: Rocky Helmet|[of] p2a: Great Tusk
|move|p2a: Great Tusk|Rapid Spin|p1a: Great Tusk
|-damage|p1a: Great Tusk|38/100
|-boost|p2a: Great Tusk|spe|1
|-sideend|p2: dragaloek2|Stealth Rock|[from] move: Rapid Spin|[of] p2a: Great Tusk
|
|upkeep
|turn|15
|
|t:|1769355818
|move|p2a: Great Tusk|Ice Spinner|p1a: Great Tusk
|-supereffective|p1a: Great Tusk
|-damage|p1a: Great Tusk|0 fnt
|faint|p1a: Great Tusk
|-end|p1a: Great Tusk|Protosynthesis|[silent]
|
|upkeep
|-message|LOTRsucks forfeited.
|
|win|dragaloek2
|raw|LOTRsucks's rating: 1363 &rarr; <strong>1340</strong><br />(-23 for losing)
|raw|dragaloek2's rating: 1318 &rarr; <strong>1341</strong><br />(+23 for winning)
|l|☆LOTRsucks
|player|p1|
|l|☆dragaloek2
|player|p2|
