|j|☆vespeeerrr
|j|☆atlazzz
|t:|1769307012
|gametype|singles
|player|p1|vespeeerrr|lyra|
|player|p2|atlazzz|volkner|
|gen|9
|tier|[Gen 9] OU
|rule|HP Percentage Mod: HP is shown in percentages
|rule|Endless Battle Clause: Forcing endless battles is banned
|rule|Species Clause: Limit one of each Pokémon
|rule|OHKO Clause: OHKO moves are banned
|rule|Evasion Items Clause: Evasion items are banned
|rule|Evasion Moves Clause: Evasion moves are banned
|rule|Evasion Abilities Clause: Evasion abilities are banned
|rule|Sleep Moves Clause: Sleep-inducing moves are banned
|clearpoke
|poke|p1|Garchomp, F|
|poke|p1|Corviknight, M|
|poke|p1|Rotom-Wash|
|poke|p1|Dragapult, F|
|poke|p1|Scizor, F|
|poke|p1|Kingambit, M|
|poke|p2|Rillaboom, F|
|poke|p2|Heatran, M|
|poke|p2|Slowking, F|
|poke|p2|Dragapult, F|
|poke|p2|Landorus-Therian, M|
|poke|p2|Bisharp, M|
|teampreview
|
|t:|1769307022
|teamsize|p1|6
|teamsize|p2|6
|start
|switch|p1a: Garchomp|Garchomp, F|100/100
|switch|p2a: el de las pipash|Dragapult, F, shiny|100/100
|turn|1
|
|t:|1769307031
|move|p2a: el de las pipash|Draco Meteor|p1a: Garchomp
|-supereffective|p1a: Garchomp
|-damage|p1a: Garchomp|0 fnt
|-unboost|p2a: el de las pipash|spa|2
|faint|p1a: Garchomp
|
|upkeep
|
|t:|1769307040
|switch|p1a: Rotom|Rotom-Wash|100/100
|turn|2
|
|t:|1769307046
|move|p2a: el de las pipash|Dragon Dance|p2a: el de las pipash
|-boost|p2a: el de las pipash|atk|1
|-boost|p2a: el de las pipash|spe|1
|move|p1a: Rotom|Volt Switch|p2a: el de las pipash
|-resisted|p2a: el de las pipash
|-damage|p2a: el de las pipash|84/100
|
|t:|1769307054
|switch|p1a: Corviknight|Corviknight, M|100/100|[from] Volt Switch
|-ability|p1a: Corviknight|Pressure
|
|upkeep
|turn|3
|
|t:|1769307063
|move|p2a: el de las pipash|Shadow Ball|p1a: Corviknight
|-damage|p1a: Corviknight|80/100
|move|p1a: Corviknight|U-turn|p2a: el de las pipash
|-resisted|p2a: el de las pipash
|-damage|p2a: el de las pipash|75/100
|
|t:|1769307079
|switch|p1a: Scizor|Scizor, F|100/100|[from] U-turn
|
|upkeep
|turn|4
|
|t:|1769307091
|move|p2a: el de las pipash|Shadow Ball|p1a: Scizor
|-damage|p1a: Scizor|76/100
|-unboost|p1a: Scizor|spd|1
|move|p1a: Scizor|Close Combat|p2a: el de las pipash
|-immune|p2a: el de las pipash
|
|-heal|p1a: Scizor|82/100|[from] item: Leftovers
|upkeep
|turn|5
|
|t:|1769307103
|move|p1a: Scizor|Bullet Punch|p2a: el de las pipash
|-crit|p2a: el de las pipash
|-damage|p2a: el de las pipash|1/100
|move|p2a: el de las pipash|Shadow Ball|p1a: Scizor
|-damage|p1a: Scizor|47/100
|
|-heal|p1a: Scizor|53/100|[from] item: Leftovers
|upkeep
|turn|6
|
|t:|1769307112
|move|p1a: Scizor|Bullet Punch|p2a: el de las pipash
|-damage|p2a: el de las pipash|0 fnt
|faint|p2a: el de las pipash
|
|-heal|p1a: Scizor|59/100|[from] item: Leftovers
|upkeep
|
|t:|1769307123
|switch|p2a: un gr|Landorus-Therian, M|100/100
|-ability|p2a: un gr|Intimidate|boost
|-unboost|p1a: Scizor|atk|1
|turn|7
|
|t:|1769307129
|move|p2a: un gr|Calm Mind|p2a: un gr
|-boost|p2a: un gr|spa|1
|-boost|p2a: un gr|spd|1
|move|p1a: Scizor|U-turn|p2a: un gr
|-resisted|p2a: un gr
|-damage|p2a: un gr|90/100
|
|t:|1769307136
|switch|p1a: Rotom|Rotom-Wash|100/100|[from] U-turn
|
|-heal|p2a: un gr|96/100|[from] item: Leftovers
|upkeep
|turn|8
|
|t:|1769307145
|move|p2a: un gr|Calm Mind|p2a: un gr
|-boost|p2a: un gr|spa|1
|-boost|p2a: un gr|spd|1
|move|p1a: Rotom|Hydro Pump|p2a: un gr
|-supereffective|p2a: un gr
|-damage|p2a: un gr|57/100
|
|-heal|p2a: un gr|63/100|[from] item: Leftovers
|upkeep
|turn|9
|
|t:|1769307155
|move|p2a: un gr|Grass Knot|p1a: Rotom
|-supereffective|p1a: Rotom
|-damage|p1a: Rotom|81/100
|move|p1a: Rotom|Volt Switch|p2a: un gr
|-immune|p2a: un gr
|
|-heal|p2a: un gr|69/100|[from] item: Leftovers
|-heal|p1a: Rotom|87/100|[from] item: Leftovers
|upkeep
|turn|10
|
|t:|1769307168
|switch|p1a: Dragapult|Dragapult, F|100/100
|move|p2a: un gr|Sludge Bomb|p1a: Dragapult
|-resisted|p1a: Dragapult
|-damage|p1a: Dragapult|69/100
|
|-heal|p2a: un gr|75/100|[from] item: Leftovers
|upkeep
|turn|11
|
|t:|1769307180
|-terastallize|p1a: Dragapult|Dragon
|move|p1a: Dragapult|Draco Meteor|p2a: un gr
|-crit|p2a: un gr
|-damage|p2a: un gr|0 fnt
|-unboost|p1a: Dragapult|spa|2
|faint|p2a: un gr
|
|upkeep
|
|t:|1769307189
|switch|p2a: nany te f0y3|Slowking, F|100/100
|turn|12
|
|t:|1769307199
|switch|p1a: Rotom|Rotom-Wash|87/100
|move|p2a: nany te f0y3|Ice Beam|p1a: Rotom
|-resisted|p1a: Rotom
|-damage|p1a: Rotom|76/100
|
|-heal|p1a: Rotom|82/100|[from] item: Leftovers
|upkeep
|turn|13
|
|t:|1769307211
|switch|p2a: ohh me void|Bisharp, M, shiny|100/100
|move|p1a: Rotom|Volt Switch|p2a: ohh me void
|-damage|p2a: ohh me void|61/100
|
|t:|1769307219
|switch|p1a: Scizor|Scizor, F|59/100|[from] Volt Switch
|
|-heal|p1a: Scizor|65/100|[from] item: Leftovers
|upkeep
|turn|14
|
|t:|1769307226
|move|p1a: Scizor|Bullet Punch|p2a: ohh me void
|-resisted|p2a: ohh me void
|-damage|p2a: ohh me void|40/100
|move|p2a: ohh me void|Swords Dance|p2a: ohh me void
|-boost|p2a: ohh me void|atk|2
|
|-heal|p1a: Scizor|71/100|[from] item: Leftovers
|upkeep
|turn|15
|
|t:|1769307237
|move|p2a: ohh me void|Sucker Punch|p1a: Scizor
|-damage|p1a: Scizor|0 fnt
|faint|p1a: Scizor
|
|upkeep
|
|t:|1769307244
|switch|p1a: Dragapult|Dragapult, F, tera:Dragon|69/100
|turn|16
|
|t:|1769307248
|move|p2a: ohh me void|Sucker Punch|p1a: Dragapult
|-damage|p1a: Dragapult|0 fnt
|faint|p1a: Dragapult
|
|upkeep
|
|t:|1769307256
|switch|p1a: Rotom|Rotom-Wash|82/100
|turn|17
|
|t:|1769307261
|move|p2a: ohh me void|Sucker Punch||[still]
|-fail|p2a: ohh me void
|move|p1a: Rotom|Will-O-Wisp|p2a: ohh me void
|-status|p2a: ohh me void|brn
|
|-heal|p1a: Rotom|88/100|[from] item: Leftovers
|-damage|p2a: ohh me void|34/100 brn|[from] brn
|upkeep
|turn|18
|
|t:|1769307271
|move|p2a: ohh me void|Sucker Punch|p1a: Rotom
|-damage|p1a: Rotom|58/100
|move|p1a: Rotom|Volt Switch|p2a: ohh me void
|-damage|p2a: ohh me void|0 fnt
|faint|p2a: ohh me void
|
|t:|1769307285
|switch|p1a: Kingambit|Kingambit, M|100/100|[from] Volt Switch
|-activate|p1a: Kingambit|ability: Supreme Overlord
|-start|p1a: Kingambit|fallen3|[silent]
|
|upkeep
|
|t:|1769307291
|switch|p2a: skibidi sigma|Heatran, M|100/100
|turn|19
|
|t:|1769307298
|move|p2a: skibidi sigma|Earth Power|p1a: Kingambit
|-supereffective|p1a: Kingambit
|-damage|p1a: Kingambit|37/100
|move|p1a: Kingambit|Kowtow Cleave|p2a: skibidi sigma
|-damage|p2a: skibidi sigma|21/100
|
|upkeep
|turn|20
|
|t:|1769307307
|move|p2a: skibidi sigma|Earth Power|p1a: Kingambit
|-supereffective|p1a: Kingambit
|-damage|p1a: Kingambit|0 fnt
|faint|p1a: Kingambit
|-end|p1a: Kingambit|fallen3|[silent]
|
|upkeep
|
|t:|1769307313
|switch|p1a: Corviknight|Corviknight, M|80/100
|-ability|p1a: Corviknight|Pressure
|turn|21
|
|t:|1769307322
|switch|p2a: nany te f0y3|Slowking, F|100/100
|move|p1a: Corviknight|Brave Bird|p2a: nany te f0y3
|-damage|p2a: nany te f0y3|67/100
|-damage|p1a: Corviknight|64/100|[from] item: Rocky Helmet|[of] p2a: nany te f0y3
|-damage|p1a: Corviknight|53/100|[from] Recoil
|
|-heal|p1a: Corviknight|59/100|[from] item: Leftovers
|upkeep
|turn|22
|
|t:|1769307332
|move|p1a: Corviknight|U-turn|p2a: nany te f0y3
|-supereffective|p2a: nany te f0y3
|-damage|p2a: nany te f0y3|38/100
|-damage|p1a: Corviknight|42/100|[from] item: Rocky Helmet|[of] p2a: nany te f0y3
|
|t:|1769307336
|switch|p1a: Rotom|Rotom-Wash|58/100|[from] U-turn
|move|p2a: nany te f0y3|Future Sight|p1a: Rotom
|-start|p2a: nany te f0y3|move: Future Sight
|
|-heal|p1a: Rotom|64/100|[from] item: Leftovers
|upkeep
|turn|23
|
|t:|1769307344
|-terastallize|p2a: nany te f0y3|Fairy
|move|p1a: Rotom|Volt Switch|p2a: nany te f0y3
|-damage|p2a: nany te f0y3|23/100
|
|t:|1769307350
|switch|p1a: Corviknight|Corviknight, M|42/100|[from] Volt Switch
|-ability|p1a: Corviknight|Pressure
|move|p2a: nany te f0y3|Expanding Force|p1a: Corviknight
|-resisted|p1a: Corviknight
|-damage|p1a: Corviknight|28/100
|
|-heal|p1a: Corviknight|34/100|[from] item: Leftovers
|upkeep
|turn|24
|
|t:|1769307360
|move|p1a: Corviknight|U-turn|p2a: nany te f0y3
|-resisted|p2a: nany te f0y3
|-damage|p2a: nany te f0y3|16/100
|-damage|p1a: Corviknight|18/100|[from] item: Rocky Helmet|[of] p2a: nany te f0y3
|
|t:|1769307364
|switch|p1a: Rotom|Rotom-Wash|64/100|[from] U-turn
|move|p2a: nany te f0y3|Scald|p1a: Rotom
|-resisted|p1a: Rotom
|-damage|p1a: Rotom|49/100
|
|-end|p1a: Rotom|move: Future Sight
|-crit|p1a: Rotom
|-damage|p1a: Rotom|0 fnt
|faint|p1a: Rotom
|upkeep
|
|t:|1769307375
|switch|p1a: Corviknight|Corviknight, M|18/100
|-ability|p1a: Corviknight|Pressure
|turn|25
|
|t:|1769307385
|move|p1a: Corviknight|Roost|p1a: Corviknight
|-heal|p1a: Corviknight|68/100
|-singleturn|p1a: Corviknight|move: Roost
|move|p2a: nany te f0y3|Future Sight|p1a: Corviknight
|-start|p2a: nany te f0y3|move: Future Sight
|
|-heal|p1a: Corviknight|74/100|[from] item: Leftovers
|upkeep
|turn|26
|
|t:|1769307395
|move|p1a: Corviknight|Brave Bird|p2a: nany te f0y3
|-damage|p2a: nany te f0y3|0 fnt
|-damage|p1a: Corviknight|58/100|[from] item: Rocky Helmet|[of] p2a: nany te f0y3
|faint|p2a: nany te f0y3
|-damage|p1a: Corviknight|52/100|[from] Recoil
|
|-heal|p1a: Corviknight|59/100|[from] item: Leftovers
|upkeep
|
|t:|1769307403
|switch|p2a: skibidi sigma|Heatran, M|21/100
|turn|27
|
|t:|1769307408
|move|p2a: skibidi sigma|Lava Plume|p1a: Corviknight
|-supereffective|p1a: Corviknight
|-damage|p1a: Corviknight|0 fnt
|faint|p1a: Corviknight
|
|win|atlazzz
