|j|‽pospo
|j|☆geckoflaquee
|t:|1769343322
|gametype|singles
|player|p1|pospo|blaine|1375
|player|p2|geckoflaquee|iris|1286
|gen|9
|tier|[Gen 9] OU
|rated|
|rule|HP Percentage Mod: HP is shown in percentages
|rule|Endless Battle Clause: Forcing endless battles is banned
|rule|Species Clause: Limit one of each Pokémon
|rule|OHKO Clause: OHKO moves are banned
|rule|Evasion Items Clause: Evasion items are banned
|rule|Evasion Moves Clause: Evasion moves are banned
|rule|Evasion Abilities Clause: Evasion abilities are banned
|rule|Sleep Moves Clause: Sleep-inducing moves are banned
|clearpoke
|poke|p1|Hoopa-Unbound|
|poke|p1|Slowking-Galar, F|
|poke|p1|Alomomola, F|
|poke|p1|Zamazenta-*|
|poke|p1|Great Tusk|
|poke|p1|Kingambit, F|
|poke|p2|Hoopa-Unbound|
|poke|p2|Hatterene, F|
|poke|p2|Ursaluna, F|
|poke|p2|Indeedee-F, F|
|poke|p2|Iron Hands|
|poke|p2|Mimikyu, F|
|teampreview
|
|t:|1769343329
|teamsize|p1|6
|teamsize|p2|6
|start
|switch|p1a: Hoopa|Hoopa-Unbound|100/100
|switch|p2a: Facts|Indeedee-F, F, shiny|100/100
|-fieldstart|move: Psychic Terrain|[from] ability: Psychic Surge|[of] p2a: Facts
|turn|1
|
|t:|1769343362
|move|p2a: Facts|Protect|p2a: Facts
|-singleturn|p2a: Facts|Protect
|move|p1a: Hoopa|Hyperspace Fury|p2a: Facts
|-activate|p2a: Facts|move: Hyperspace Fury|[broken]
|-supereffective|p2a: Facts
|-damage|p2a: Facts|0 fnt
|-unboost|p1a: Hoopa|def|1
|faint|p2a: Facts
|
|upkeep
|
|t:|1769343375
|switch|p2a: Mimikyu|Mimikyu, F|100/100
|turn|2
|
|t:|1769343393
|switch|p1a: Alomomola|Alomomola, F|100/100
|move|p2a: Mimikyu|Trick Room|p2a: Mimikyu
|-fieldstart|move: Trick Room|[of] p2a: Mimikyu
|
|upkeep
|turn|3
|
|t:|1769343400
|switch|p2a: Iron Hands|Iron Hands|100/100
|move|p1a: Alomomola|Wish|p1a: Alomomola
|
|upkeep
|turn|4
|inactive|Battle timer is ON: inactive players will automatically lose when time's up. (requested by geckoflaquee)
|
|t:|1769343409
|switch|p1a: Zamazenta|Zamazenta|100/100
|-ability|p1a: Zamazenta|Dauntless Shield|boost
|-boost|p1a: Zamazenta|def|1
|move|p2a: Iron Hands|Wild Charge|p1a: Zamazenta
|-damage|p1a: Zamazenta|76/100
|-damage|p2a: Iron Hands|96/100|[from] Recoil
|
|-heal|p1a: Zamazenta|100/100|[from] move: Wish|[wisher] Alomomola
|upkeep
|turn|5
|
|t:|1769343436
|-end|p2a: Iron Hands|Quark Drive|[silent]
|switch|p2a: Hatterene|Hatterene, F|100/100
|move|p1a: Zamazenta|Iron Defense|p1a: Zamazenta
|-boost|p1a: Zamazenta|def|2
|
|upkeep
|turn|6
|
|t:|1769343447
|switch|p1a: Slowking|Slowking-Galar, F|100/100
|move|p2a: Hatterene|Dazzling Gleam|p1a: Slowking
|-resisted|p1a: Slowking
|-damage|p1a: Slowking|87/100
|
|-fieldend|move: Trick Room
|upkeep
|turn|7
|
|t:|1769343453
|switch|p2a: Ursaluna|Ursaluna, F, shiny|100/100
|move|p1a: Slowking|Future Sight|p2a: Ursaluna
|-start|p1a: Slowking|move: Future Sight
|
|-status|p2a: Ursaluna|brn|[from] item: Flame Orb
|upkeep
|turn|8
|
|t:|1769343456
|switch|p1a: Alomomola|Alomomola, F|100/100
|move|p2a: Ursaluna|Facade|p1a: Alomomola
|-damage|p1a: Alomomola|20/100
|
|-damage|p2a: Ursaluna|94/100 brn|[from] brn
|-fieldend|move: Psychic Terrain
|upkeep
|turn|9
|
|t:|1769343465
|move|p1a: Alomomola|Protect|p1a: Alomomola
|-singleturn|p1a: Alomomola|Protect
|move|p2a: Ursaluna|Earthquake|p1a: Alomomola
|-activate|p1a: Alomomola|move: Protect
|
|-end|p2a: Ursaluna|move: Future Sight
|-damage|p2a: Ursaluna|52/100 brn
|-damage|p2a: Ursaluna|46/100 brn|[from] brn
|upkeep
|turn|10
|
|t:|1769343487
|move|p1a: Alomomola|Flip Turn|p2a: Ursaluna
|-supereffective|p2a: Ursaluna
|-damage|p2a: Ursaluna|26/100 brn
|
|t:|1769343494
|switch|p1a: Great Tusk|Great Tusk|100/100|[from] Flip Turn
|move|p2a: Ursaluna|Earthquake|p1a: Great Tusk
|-damage|p1a: Great Tusk|31/100
|
|-damage|p2a: Ursaluna|20/100 brn|[from] brn
|upkeep
|turn|11
|
|t:|1769343508
|switch|p2a: Mimikyu|Mimikyu, F|100/100
|move|p1a: Great Tusk|Headlong Rush|p2a: Mimikyu
|-activate|p2a: Mimikyu|ability: Disguise
|-damage|p2a: Mimikyu|100/100
|-unboost|p1a: Great Tusk|def|1
|-unboost|p1a: Great Tusk|spd|1
|detailschange|p2a: Mimikyu|Mimikyu-Busted, F
|-damage|p2a: Mimikyu|88/100|[from] pokemon: Mimikyu-Busted
|-enditem|p2a: Mimikyu|Red Card|[of] p1a: Great Tusk
|-end|p1a: Great Tusk|Protosynthesis|[silent]
|drag|p1a: Alomomola|Alomomola, F|53/100
|
|upkeep
|turn|12
|
|t:|1769343520
|move|p2a: Mimikyu|Swords Dance|p2a: Mimikyu
|-boost|p2a: Mimikyu|atk|2
|move|p1a: Alomomola|Wish|p1a: Alomomola
|
|upkeep
|turn|13
|
|t:|1769343530
|move|p2a: Mimikyu|Play Rough|p1a: Alomomola|[miss]
|-miss|p2a: Mimikyu|p1a: Alomomola
|move|p1a: Alomomola|Flip Turn|p2a: Mimikyu
|-damage|p2a: Mimikyu|59/100
|
|t:|1769343535
|switch|p1a: Zamazenta|Zamazenta|100/100|[from] Flip Turn
|
|upkeep
|turn|14
|
|t:|1769343544
|move|p1a: Zamazenta|Iron Defense|p1a: Zamazenta
|-boost|p1a: Zamazenta|def|2
|move|p2a: Mimikyu|Play Rough|p1a: Zamazenta
|-supereffective|p1a: Zamazenta
|-damage|p1a: Zamazenta|51/100
|
|-heal|p1a: Zamazenta|57/100|[from] item: Leftovers
|upkeep
|turn|15
|
|t:|1769343554
|move|p1a: Zamazenta|Crunch|p2a: Mimikyu
|-damage|p2a: Mimikyu|24/100
|move|p2a: Mimikyu|Trick Room|p2a: Mimikyu
|-fieldstart|move: Trick Room|[of] p2a: Mimikyu
|
|-heal|p1a: Zamazenta|63/100|[from] item: Leftovers
|upkeep
|turn|16
|
|t:|1769343562
|move|p2a: Mimikyu|Play Rough|p1a: Zamazenta
|-supereffective|p1a: Zamazenta
|-damage|p1a: Zamazenta|15/100
|move|p1a: Zamazenta|Crunch|p2a: Mimikyu
|-damage|p2a: Mimikyu|0 fnt
|faint|p2a: Mimikyu
|
|-heal|p1a: Zamazenta|21/100|[from] item: Leftovers
|upkeep
|
|t:|1769343569
|switch|p2a: Ursaluna|Ursaluna, F, shiny|20/100 brn
|turn|17
|
|t:|1769343575
|switch|p1a: Great Tusk|Great Tusk|31/100
|move|p2a: Ursaluna|Facade|p1a: Great Tusk
|-damage|p1a: Great Tusk|0 fnt
|faint|p1a: Great Tusk
|-end|p1a: Great Tusk|Protosynthesis|[silent]
|
|-damage|p2a: Ursaluna|14/100 brn|[from] brn
|upkeep
|
|t:|1769343586
|switch|p1a: Kingambit|Kingambit, F|100/100
|-activate|p1a: Kingambit|ability: Supreme Overlord
|-start|p1a: Kingambit|fallen1|[silent]
|turn|18
|
|t:|1769343593
|-end|p1a: Kingambit|fallen1|[silent]
|switch|p1a: Alomomola|Alomomola, F|86/100
|move|p2a: Ursaluna|Earthquake|p1a: Alomomola
|-damage|p1a: Alomomola|30/100
|
|-damage|p2a: Ursaluna|7/100 brn|[from] brn
|upkeep
|turn|19
|
|t:|1769343599
|move|p1a: Alomomola|Protect|p1a: Alomomola
|-singleturn|p1a: Alomomola|Protect
|move|p2a: Ursaluna|Swords Dance|p2a: Ursaluna
|-boost|p2a: Ursaluna|atk|2
|
|-damage|p2a: Ursaluna|1/100 brn|[from] brn
|-fieldend|move: Trick Room
|upkeep
|turn|20
|inactive|pospo has 120 seconds left.
|
|t:|1769343631
|switch|p1a: Slowking|Slowking-Galar, F|100/100
|move|p2a: Ursaluna|Earthquake|p1a: Slowking
|-supereffective|p1a: Slowking
|-damage|p1a: Slowking|0 fnt
|faint|p1a: Slowking
|
|-damage|p2a: Ursaluna|0 fnt|[from] brn
|faint|p2a: Ursaluna
|upkeep
|inactive|geckoflaquee has 120 seconds left.
|inactive|geckoflaquee has 90 seconds left.
|
|t:|1769343689
|switch|p2a: Hatterene|Hatterene, F|100/100
|switch|p1a: Alomomola|Alomomola, F|63/100
|turn|21
|
|t:|1769343698
|move|p1a: Alomomola|Wish|p1a: Alomomola
|move|p2a: Hatterene|Trick Room|p2a: Hatterene
|-fieldstart|move: Trick Room|[of] p2a: Hatterene
|
|upkeep
|turn|22
|
|t:|1769343705
|move|p2a: Hatterene|Psychic|p1a: Alomomola
|-damage|p1a: Alomomola|15/100
|move|p1a: Alomomola|Flip Turn|p2a: Hatterene
|-damage|p2a: Hatterene|81/100
|
|t:|1769343707
|switch|p1a: Zamazenta|Zamazenta|21/100|[from] Flip Turn
|
|-heal|p1a: Zamazenta|88/100|[from] move: Wish|[wisher] Alomomola
|-heal|p1a: Zamazenta|94/100|[from] item: Leftovers
|upkeep
|turn|23
|
|t:|1769343712
|switch|p1a: Alomomola|Alomomola, F|48/100
|move|p2a: Hatterene|Dazzling Gleam|p1a: Alomomola
|-damage|p1a: Alomomola|8/100
|
|upkeep
|turn|24
|
|t:|1769343717
|move|p1a: Alomomola|Protect|p1a: Alomomola
|-singleturn|p1a: Alomomola|Protect
|move|p2a: Hatterene|Dazzling Gleam|p1a: Alomomola
|-activate|p1a: Alomomola|move: Protect
|
|upkeep
|turn|25
|
|t:|1769343730
|switch|p1a: Kingambit|Kingambit, F|100/100
|-activate|p1a: Kingambit|ability: Supreme Overlord
|-start|p1a: Kingambit|fallen2|[silent]
|move|p2a: Hatterene|Mystical Fire|p1a: Kingambit
|-supereffective|p1a: Kingambit
|-crit|p1a: Kingambit
|-damage|p1a: Kingambit|10/100
|-unboost|p1a: Kingambit|spa|1
|
|-heal|p1a: Kingambit|16/100|[from] item: Leftovers
|-fieldend|move: Trick Room
|upkeep
|turn|26
|
|t:|1769343736
|-terastallize|p2a: Hatterene|Fire
|move|p1a: Kingambit|Iron Head|p2a: Hatterene
|-resisted|p2a: Hatterene
|-damage|p2a: Hatterene|49/100
|move|p2a: Hatterene|Trick Room|p2a: Hatterene
|-fieldstart|move: Trick Room|[of] p2a: Hatterene
|
|-heal|p1a: Kingambit|23/100|[from] item: Leftovers
|upkeep
|turn|27
|
|t:|1769343740
|move|p1a: Kingambit|Sucker Punch|p2a: Hatterene
|-damage|p2a: Hatterene|0 fnt
|faint|p2a: Hatterene
|
|-heal|p1a: Kingambit|29/100|[from] item: Leftovers
|upkeep
|
|t:|1769343748
|switch|p2a: Iron Hands|Iron Hands|96/100
|turn|28
|
|t:|1769343754
|-end|p1a: Kingambit|fallen2|[silent]
|switch|p1a: Alomomola|Alomomola, F|41/100
|move|p2a: Iron Hands|Drain Punch|p1a: Alomomola
|-damage|p1a: Alomomola|13/100
|-heal|p2a: Iron Hands|100/100|[from] drain|[of] p1a: Alomomola
|
|upkeep
|turn|29
|inactive|geckoflaquee has 120 seconds left.
|
|t:|1769343795
|move|p1a: Alomomola|Protect|p1a: Alomomola
|-singleturn|p1a: Alomomola|Protect
|move|p2a: Iron Hands|Earthquake|p1a: Alomomola
|-activate|p1a: Alomomola|move: Protect
|
|upkeep
|turn|30
|
|t:|1769343807
|move|p2a: Iron Hands|Earthquake|p1a: Alomomola
|-damage|p1a: Alomomola|0 fnt
|faint|p1a: Alomomola
|
|-fieldend|move: Trick Room
|upkeep
|
|t:|1769343809
|switch|p1a: Zamazenta|Zamazenta|94/100
|turn|31
|inactive|geckoflaquee has 120 seconds left.
|
|t:|1769343836
|move|p1a: Zamazenta|Iron Defense|p1a: Zamazenta
|-boost|p1a: Zamazenta|def|2
|move|p2a: Iron Hands|Close Combat|p1a: Zamazenta
|-damage|p1a: Zamazenta|68/100
|-unboost|p2a: Iron Hands|def|1
|-unboost|p2a: Iron Hands|spd|1
|
|-heal|p1a: Zamazenta|74/100|[from] item: Leftovers
|upkeep
|turn|32
|
|t:|1769343839
|-end|p2a: Iron Hands|Quark Drive|[silent]
|switch|p2a: Hoopa|Hoopa-Unbound|100/100
|move|p1a: Zamazenta|Iron Defense|p1a: Zamazenta
|-boost|p1a: Zamazenta|def|2
|
|-heal|p1a: Zamazenta|80/100|[from] item: Leftovers
|upkeep
|turn|33
|
|t:|1769343843
|move|p1a: Zamazenta|Body Press|p2a: Hoopa
|-damage|p2a: Hoopa|0 fnt
|faint|p2a: Hoopa
|
|-heal|p1a: Zamazenta|86/100|[from] item: Leftovers
|upkeep
|-message|geckoflaquee forfeited.
|
|win|pospo
|raw|pospo's rating: 1375 &rarr; <strong>1390</strong><br />(+15 for winning)
|raw|geckoflaquee's rating: 1286 &rarr; <strong>1267</strong><br />(-19 for losing)
|l|☆geckoflaquee
|player|p2|
|l|‽pospo
|player|p1|
