|j|☆busto2412
|j|☆elpets
|t:|1769427513
|gametype|singles
|player|p1|busto2412|hilbert|1612
|player|p2|elpets|infielder|1665
|gen|9
|tier|[Gen 9] OU
|rated|
|rule|HP Percentage Mod: HP is shown in percentages
|rule|Endless Battle Clause: Forcing endless battles is banned
|rule|Species Clause: Limit one of each Pokémon
|rule|OHKO Clause: OHKO moves are banned
|rule|Evasion Items Clause: Evasion items are banned
|rule|Evasion Moves Clause: Evasion moves are banned
|rule|Evasion Abilities Clause: Evasion abilities are banned
|rule|Sleep Moves Clause: Sleep-inducing moves are banned
|clearpoke
|poke|p1|Ursaluna, M|
|poke|p1|Dragapult, M|
|poke|p1|Zapdos|
|poke|p1|Zamazenta-*|
|poke|p1|Goodra-Hisui, F|
|poke|p1|Greninja-*, M|
|poke|p2|Hatterene, F|
|poke|p2|Dragonite, F|
|poke|p2|Breloom, F|
|poke|p2|Azumarill, F|
|poke|p2|Great Tusk|
|poke|p2|Skeledirge, M|
|teampreview
|c|☆busto2412|gl
|
|t:|1769427554
|teamsize|p1|6
|teamsize|p2|6
|start
|switch|p1a: Dragapult|Dragapult, M, shiny|100/100
|switch|p2a: Azumarill|Azumarill, F|100/100
|turn|1
|
|t:|1769427558
|move|p1a: Dragapult|U-turn|p2a: Azumarill
|-resisted|p2a: Azumarill
|-damage|p2a: Azumarill|84/100
|inactive|Battle timer is ON: inactive players will automatically lose when time's up. (requested by elpets)
|
|t:|1769427562
|switch|p1a: Goodra|Goodra-Hisui, F|100/100|[from] U-turn
|move|p2a: Azumarill|Knock Off|p1a: Goodra
|-damage|p1a: Goodra|65/100
|-ability|p1a: Goodra|Gooey
|-unboost|p2a: Azumarill|spe|1
|-enditem|p1a: Goodra|Leftovers|[from] move: Knock Off|[of] p2a: Azumarill
|
|upkeep
|turn|2
|
|t:|1769427570
|move|p1a: Goodra|Heavy Slam|p2a: Azumarill
|-crit|p2a: Azumarill
|-damage|p2a: Azumarill|16/100
|move|p2a: Azumarill|Play Rough|p1a: Goodra
|-damage|p1a: Goodra|14/100
|-ability|p1a: Goodra|Gooey
|-unboost|p2a: Azumarill|spe|1
|
|upkeep
|turn|3
|
|t:|1769427579
|move|p2a: Azumarill|Aqua Jet|p1a: Goodra
|-resisted|p1a: Goodra
|-damage|p1a: Goodra|2/100
|-ability|p1a: Goodra|Gooey
|-unboost|p2a: Azumarill|spe|1
|move|p1a: Goodra|Heavy Slam|p2a: Azumarill
|-crit|p2a: Azumarill
|-damage|p2a: Azumarill|0 fnt
|faint|p2a: Azumarill
|
|upkeep
|
|t:|1769427581
|switch|p2a: Great Tusk|Great Tusk|100/100
|-enditem|p2a: Great Tusk|Booster Energy
|-activate|p2a: Great Tusk|ability: Protosynthesis|[fromitem]
|-start|p2a: Great Tusk|protosynthesisatk
|turn|4
|
|t:|1769427592
|move|p2a: Great Tusk|Rapid Spin|p1a: Goodra
|-resisted|p1a: Goodra
|-damage|p1a: Goodra|0 fnt
|-boost|p2a: Great Tusk|spe|1
|-ability|p1a: Goodra|Gooey
|-unboost|p2a: Great Tusk|spe|1
|faint|p1a: Goodra
|
|upkeep
|
|t:|1769427599
|switch|p1a: Greninja|Greninja, M|100/100
|turn|5
|
|t:|1769427607
|move|p1a: Greninja|Ice Beam|p2a: Great Tusk
|-supereffective|p2a: Great Tusk
|-damage|p2a: Great Tusk|0 fnt
|faint|p2a: Great Tusk
|-end|p2a: Great Tusk|Protosynthesis|[silent]
|-ability|p1a: Greninja|Battle Bond|boost
|-boost|p1a: Greninja|atk|1
|-boost|p1a: Greninja|spa|1
|-boost|p1a: Greninja|spe|1
|-activate|p1a: Greninja|ability: Battle Bond
|-damage|p1a: Greninja|91/100|[from] item: Life Orb
|
|upkeep
|
|t:|1769427610
|switch|p2a: Ippo|Breloom, F|100/100
|turn|6
|
|t:|1769427621
|switch|p1a: Zapdos|Zapdos, shiny|100/100
|move|p2a: Ippo|Bullet Seed|p1a: Zapdos
|-resisted|p1a: Zapdos
|-damage|p1a: Zapdos|93/100
|-resisted|p1a: Zapdos
|-damage|p1a: Zapdos|86/100
|-resisted|p1a: Zapdos
|-damage|p1a: Zapdos|78/100
|-hitcount|p1a: Zapdos|3
|
|upkeep
|turn|7
|
|t:|1769427629
|move|p2a: Ippo|Rock Tomb|p1a: Zapdos
|-supereffective|p1a: Zapdos
|-damage|p1a: Zapdos|28/100
|-unboost|p1a: Zapdos|spe|1
|move|p1a: Zapdos|Heat Wave|p2a: Ippo
|-supereffective|p2a: Ippo
|-enditem|p2a: Ippo|Focus Sash
|-damage|p2a: Ippo|1/100
|
|upkeep
|turn|8
|
|t:|1769427638
|move|p2a: Ippo|Rock Tomb|p1a: Zapdos
|-supereffective|p1a: Zapdos
|-crit|p1a: Zapdos
|-damage|p1a: Zapdos|0 fnt
|faint|p1a: Zapdos
|
|upkeep
|
|t:|1769427644
|switch|p1a: Dragapult|Dragapult, M, shiny|100/100
|turn|9
|inactive|elpets has 120 seconds left.
|
|t:|1769427677
|switch|p2a: Hatterene|Hatterene, F|100/100
|move|p1a: Dragapult|U-turn|p2a: Hatterene
|-damage|p2a: Hatterene|62/100
|
|t:|1769427702
|switch|p1a: Ursaluna|Ursaluna, M, shiny|100/100|[from] U-turn
|
|-heal|p2a: Hatterene|67/100|[from] item: Leftovers
|-status|p1a: Ursaluna|brn|[from] item: Flame Orb
|upkeep
|turn|10
|inactive|elpets has 120 seconds left.
|
|t:|1769427717
|move|p1a: Ursaluna|Earthquake|p2a: Hatterene
|-damage|p2a: Hatterene|0 fnt
|faint|p2a: Hatterene
|
|-damage|p1a: Ursaluna|94/100 brn|[from] brn
|upkeep
|
|t:|1769427719
|switch|p2a: Ippo|Breloom, F|1/100
|turn|11
|
|t:|1769427726
|switch|p1a: Dragapult|Dragapult, M, shiny|100/100
|move|p2a: Ippo|Bullet Seed|p1a: Dragapult
|-resisted|p1a: Dragapult
|-damage|p1a: Dragapult|87/100
|-resisted|p1a: Dragapult
|-damage|p1a: Dragapult|73/100
|-resisted|p1a: Dragapult
|-damage|p1a: Dragapult|58/100
|-resisted|p1a: Dragapult
|-damage|p1a: Dragapult|44/100
|-hitcount|p1a: Dragapult|4
|
|upkeep
|turn|12
|
|t:|1769427736
|move|p1a: Dragapult|Dragon Darts|p2a: Ippo
|-damage|p2a: Ippo|0 fnt
|faint|p2a: Ippo
|
|upkeep
|
|t:|1769427739
|switch|p2a: Skeledirge|Skeledirge, M|100/100
|turn|13
|
|t:|1769427742
|move|p1a: Dragapult|Dragon Darts|p2a: Skeledirge
|-damage|p2a: Skeledirge|79/100
|-anim|p1a: Dragapult|Dragon Darts|p2a: Skeledirge
|-damage|p2a: Skeledirge|55/100
|move|p2a: Skeledirge|Shadow Ball|p1a: Dragapult
|-supereffective|p1a: Dragapult
|-damage|p1a: Dragapult|0 fnt
|faint|p1a: Dragapult
|
|upkeep
|
|t:|1769427751
|switch|p1a: Greninja|Greninja, M|91/100
|turn|14
|
|t:|1769427756
|-terastallize|p2a: Skeledirge|Water
|move|p1a: Greninja|Dark Pulse|p2a: Skeledirge
|-damage|p2a: Skeledirge|8/100
|-damage|p1a: Greninja|81/100|[from] item: Life Orb
|move|p2a: Skeledirge|Slack Off|p2a: Skeledirge
|-heal|p2a: Skeledirge|58/100
|
|upkeep
|turn|15
|
|t:|1769427764
|move|p1a: Greninja|Dark Pulse|p2a: Skeledirge
|-damage|p2a: Skeledirge|6/100
|-damage|p1a: Greninja|71/100|[from] item: Life Orb
|move|p2a: Skeledirge|Slack Off|p2a: Skeledirge
|-heal|p2a: Skeledirge|56/100
|
|upkeep
|turn|16
|
|t:|1769427771
|move|p1a: Greninja|Dark Pulse|p2a: Skeledirge
|-damage|p2a: Skeledirge|5/100
|-damage|p1a: Greninja|61/100|[from] item: Life Orb
|move|p2a: Skeledirge|Slack Off|p2a: Skeledirge
|-heal|p2a: Skeledirge|55/100
|
|upkeep
|turn|17
|
|t:|1769427778
|switch|p2a: Dragonite|Dragonite, F|100/100
|move|p1a: Greninja|Dark Pulse|p2a: Dragonite
|-crit|p2a: Dragonite
|-damage|p2a: Dragonite|62/100
|-damage|p1a: Greninja|51/100|[from] item: Life Orb
|
|upkeep
|turn|18
|
|t:|1769427785
|switch|p1a: Zamazenta|Zamazenta|100/100
|-ability|p1a: Zamazenta|Dauntless Shield|boost
|-boost|p1a: Zamazenta|def|1
|move|p2a: Dragonite|Dragon Dance|p2a: Dragonite
|-boost|p2a: Dragonite|atk|1
|-boost|p2a: Dragonite|spe|1
|
|upkeep
|turn|19
|
|t:|1769427791
|switch|p2a: Skeledirge|Skeledirge, M, tera:Water|55/100
|move|p1a: Zamazenta|Iron Defense|p1a: Zamazenta
|-boost|p1a: Zamazenta|def|2
|
|upkeep
|turn|20
|
|t:|1769427796
|move|p1a: Zamazenta|Body Press|p2a: Skeledirge
|-damage|p2a: Skeledirge|34/100
|move|p2a: Skeledirge|Slack Off|p2a: Skeledirge
|-heal|p2a: Skeledirge|84/100
|
|upkeep
|turn|21
|
|t:|1769427802
|move|p1a: Zamazenta|Iron Defense|p1a: Zamazenta
|-boost|p1a: Zamazenta|def|2
|move|p2a: Skeledirge|Slack Off|p2a: Skeledirge
|-heal|p2a: Skeledirge|100/100
|
|upkeep
|turn|22
|
|t:|1769427807
|move|p1a: Zamazenta|Iron Defense|p1a: Zamazenta
|-boost|p1a: Zamazenta|def|1
|move|p2a: Skeledirge|Torch Song|p1a: Zamazenta
|-damage|p1a: Zamazenta|79/100
|-boost|p2a: Skeledirge|spa|1
|
|-heal|p1a: Zamazenta|85/100|[from] item: Leftovers
|upkeep
|turn|23
|
|t:|1769427815
|move|p1a: Zamazenta|Body Press|p2a: Skeledirge
|-damage|p2a: Skeledirge|79/100
|move|p2a: Skeledirge|Torch Song|p1a: Zamazenta
|-crit|p1a: Zamazenta
|-damage|p1a: Zamazenta|37/100
|-boost|p2a: Skeledirge|spa|1
|
|-heal|p1a: Zamazenta|43/100|[from] item: Leftovers
|upkeep
|turn|24
|c|☆busto2412|gg
|-message|busto2412 forfeited.
|
|win|elpets
|raw|busto2412's rating: 1612 &rarr; <strong>1596</strong><br />(-16 for losing)
|raw|elpets's rating: 1681 &rarr; <strong>1697</strong><br />(+16 for winning)
|l|☆busto2412
|player|p1|
|l|☆elpets
|player|p2|
