|j|☆Jackylechicken
|j|☆Asta_RPPLF
|t:|1769352916
|gametype|singles
|player|p1|Jackylechicken|1|
|player|p2|Asta_RPPLF|#wcop2023belgium2|
|gen|9
|tier|[Gen 9] OU
|rule|HP Percentage Mod: HP is shown in percentages
|rule|Endless Battle Clause: Forcing endless battles is banned
|rule|Species Clause: Limit one of each Pokémon
|rule|OHKO Clause: OHKO moves are banned
|rule|Evasion Items Clause: Evasion items are banned
|rule|Evasion Moves Clause: Evasion moves are banned
|rule|Evasion Abilities Clause: Evasion abilities are banned
|rule|Sleep Moves Clause: Sleep-inducing moves are banned
|clearpoke
|poke|p1|Slowking-Galar, F|
|poke|p1|Hatterene, F|
|poke|p1|Ursaluna, F|
|poke|p1|Exeggutor-Alola, F|
|poke|p1|Pelipper, M|
|poke|p1|Kingambit, F|
|poke|p2|Alomomola, L99, F|
|poke|p2|Dragapult, F|
|poke|p2|Ting-Lu|
|poke|p2|Cinderace, F|
|poke|p2|Slowking-Galar, L99, F|
|poke|p2|Iron Valiant|
|teampreview
|c|☆Asta_RPPLF|hf !
|c|☆Jackylechicken|hf
|
|t:|1769352966
|teamsize|p1|6
|teamsize|p2|6
|start
|switch|p1a: Slowking|Slowking-Galar, F|100/100
|switch|p2a: Slowking|Slowking-Galar, L99, F|100/100
|turn|1
|
|t:|1769352984
|move|p2a: Slowking|Future Sight|p1a: Slowking
|-start|p2a: Slowking|move: Future Sight
|move|p1a: Slowking|Trick Room|p1a: Slowking
|-fieldstart|move: Trick Room|[of] p1a: Slowking
|
|upkeep
|turn|2
|
|t:|1769352997
|-prepare|p2a: Slowking|Chilly Reception|[premajor]
|move|p2a: Slowking|Chilly Reception|p2a: Slowking
|-weather|Snowscape
|
|t:|1769353015
|switch|p2a: Alomomola|Alomomola, L99, F|100/100|[from] Chilly Reception
|move|p1a: Slowking|Nasty Plot|p1a: Slowking
|-boost|p1a: Slowking|spa|2
|
|-weather|Snowscape|[upkeep]
|upkeep
|turn|3
|
|t:|1769353035
|move|p2a: Alomomola|Protect|p2a: Alomomola
|-singleturn|p2a: Alomomola|Protect
|move|p1a: Slowking|Sludge Bomb|p2a: Alomomola
|-activate|p2a: Alomomola|move: Protect
|
|-weather|Snowscape|[upkeep]
|-end|p1a: Slowking|move: Future Sight
|-damage|p1a: Slowking|67/100
|upkeep
|turn|4
|
|t:|1769353046
|switch|p2a: Slowking|Slowking-Galar, L99, F|100/100
|move|p1a: Slowking|Psychic|p2a: Slowking
|-damage|p2a: Slowking|44/100
|
|-weather|Snowscape|[upkeep]
|upkeep
|turn|5
|
|t:|1769353063
|switch|p2a: Ting-Lu|Ting-Lu|100/100
|-ability|p2a: Ting-Lu|Vessel of Ruin
|move|p1a: Slowking|Sludge Bomb|p2a: Ting-Lu
|-resisted|p2a: Ting-Lu
|-damage|p2a: Ting-Lu|82/100
|
|-weather|Snowscape|[upkeep]
|-heal|p2a: Ting-Lu|88/100|[from] item: Leftovers
|-fieldend|move: Trick Room
|upkeep
|turn|6
|c|☆Asta_RPPLF|cette team infernale mdr
|c|☆Asta_RPPLF|j'adore
|c|☆Jackylechicken|mdrrr oui un peu
|
|t:|1769353091
|switch|p1a: Pelipper|Pelipper, M|100/100
|-weather|RainDance|[from] ability: Drizzle|[of] p1a: Pelipper
|move|p2a: Ting-Lu|Earthquake|p1a: Pelipper
|-immune|p1a: Pelipper
|
|-weather|RainDance|[upkeep]
|-heal|p2a: Ting-Lu|94/100|[from] item: Leftovers
|upkeep
|turn|7
|
|t:|1769353132
|switch|p2a: Slowking|Slowking-Galar, L99, F|77/100
|move|p1a: Pelipper|U-turn|p2a: Slowking
|-damage|p2a: Slowking|68/100
|
|t:|1769353144
|switch|p1a: Ursaluna|Ursaluna, F|100/100|[from] U-turn
|
|-weather|RainDance|[upkeep]
|-status|p1a: Ursaluna|brn|[from] item: Flame Orb
|upkeep
|turn|8
|
|t:|1769353162
|switch|p2a: Alomomola|Alomomola, L99, F|100/100
|move|p1a: Ursaluna|Headlong Rush|p2a: Alomomola
|-damage|p2a: Alomomola|37/100
|-unboost|p1a: Ursaluna|def|1
|-unboost|p1a: Ursaluna|spd|1
|-damage|p1a: Ursaluna|84/100 brn|[from] item: Rocky Helmet|[of] p2a: Alomomola
|
|-weather|RainDance|[upkeep]
|-damage|p1a: Ursaluna|78/100 brn|[from] brn
|upkeep
|turn|9
|
|t:|1769353185
|move|p2a: Alomomola|Protect|p2a: Alomomola
|-singleturn|p2a: Alomomola|Protect
|move|p1a: Ursaluna|Headlong Rush|p2a: Alomomola
|-activate|p2a: Alomomola|move: Protect
|
|-weather|RainDance|[upkeep]
|-damage|p1a: Ursaluna|72/100 brn|[from] brn
|upkeep
|turn|10
|
|t:|1769353194
|switch|p2a: Cinderace|Cinderace, F|100/100
|move|p1a: Ursaluna|Headlong Rush|p2a: Cinderace
|-supereffective|p2a: Cinderace
|-damage|p2a: Cinderace|0 fnt
|-unboost|p1a: Ursaluna|def|1
|-unboost|p1a: Ursaluna|spd|1
|faint|p2a: Cinderace
|
|-weather|none
|-damage|p1a: Ursaluna|66/100 brn|[from] brn
|upkeep
|
|t:|1769353207
|switch|p2a: Dragapult|Dragapult, F|100/100
|turn|11
|
|t:|1769353219
|switch|p1a: Kingambit|Kingambit, F|100/100
|move|p2a: Dragapult|U-turn|p1a: Kingambit
|-damage|p1a: Kingambit|89/100
|
|t:|1769353227
|switch|p2a: Alomomola|Alomomola, L99, F|71/100|[from] U-turn
|
|-heal|p1a: Kingambit|95/100|[from] item: Leftovers
|upkeep
|turn|12
|
|t:|1769353238
|-end|p1a: Kingambit|fallenundefined|[silent]
|switch|p1a: Slowking|Slowking-Galar, F|99/100
|move|p2a: Alomomola|Flip Turn|p1a: Slowking
|-crit|p1a: Slowking
|-damage|p1a: Slowking|75/100
|
|t:|1769353275
|switch|p2a: Iron Valiant|Iron Valiant|100/100|[from] Flip Turn
|-enditem|p2a: Iron Valiant|Booster Energy
|-activate|p2a: Iron Valiant|ability: Quark Drive|[fromitem]
|-start|p2a: Iron Valiant|quarkdrivespe
|
|upkeep
|turn|13
|
|t:|1769353292
|-terastallize|p2a: Iron Valiant|Dark
|move|p2a: Iron Valiant|Knock Off|p1a: Slowking
|-supereffective|p1a: Slowking
|-damage|p1a: Slowking|0 fnt
|-enditem|p1a: Slowking|Heavy-Duty Boots|[from] move: Knock Off|[of] p2a: Iron Valiant
|faint|p1a: Slowking
|
|upkeep
|
|t:|1769353300
|switch|p1a: Hatterene|Hatterene, F|100/100
|turn|14
|
|t:|1769353316
|move|p2a: Iron Valiant|Knock Off|p1a: Hatterene
|-damage|p1a: Hatterene|43/100
|-enditem|p1a: Hatterene|Focus Sash|[from] move: Knock Off|[of] p2a: Iron Valiant
|move|p1a: Hatterene|Trick Room|p1a: Hatterene
|-fieldstart|move: Trick Room|[of] p1a: Hatterene
|
|upkeep
|turn|15
|
|t:|1769353327
|-end|p2a: Iron Valiant|Quark Drive|[silent]
|switch|p2a: Slowking|Slowking-Galar, L99, F|100/100
|move|p1a: Hatterene|Healing Wish|p1a: Hatterene
|faint|p1a: Hatterene
|
|upkeep
|
|t:|1769353335
|switch|p1a: Ursaluna|Ursaluna, F|66/100 brn
|-heal|p1a: Ursaluna|100/100|[from] move: Healing Wish
|turn|16
|
|t:|1769353341
|switch|p2a: Alomomola|Alomomola, L99, F|100/100
|move|p1a: Ursaluna|Headlong Rush|p2a: Alomomola
|-damage|p2a: Alomomola|61/100
|-unboost|p1a: Ursaluna|def|1
|-unboost|p1a: Ursaluna|spd|1
|-damage|p1a: Ursaluna|84/100|[from] item: Rocky Helmet|[of] p2a: Alomomola
|
|-status|p1a: Ursaluna|brn|[from] item: Flame Orb
|upkeep
|turn|17
|
|t:|1769353363
|move|p2a: Alomomola|Protect|p2a: Alomomola
|-singleturn|p2a: Alomomola|Protect
|move|p1a: Ursaluna|Facade|p2a: Alomomola
|-activate|p2a: Alomomola|move: Protect
|
|-damage|p1a: Ursaluna|78/100 brn|[from] brn
|upkeep
|turn|18
|
|t:|1769353419
|switch|p2a: Ting-Lu|Ting-Lu|94/100
|-ability|p2a: Ting-Lu|Vessel of Ruin
|move|p1a: Ursaluna|Facade|p2a: Ting-Lu
|-damage|p2a: Ting-Lu|22/100
|
|-heal|p2a: Ting-Lu|28/100|[from] item: Leftovers
|-damage|p1a: Ursaluna|72/100 brn|[from] brn
|-fieldend|move: Trick Room
|upkeep
|turn|19
|
|t:|1769353435
|move|p1a: Ursaluna|Drain Punch|p2a: Ting-Lu
|-supereffective|p2a: Ting-Lu
|-damage|p2a: Ting-Lu|0 fnt
|-heal|p1a: Ursaluna|87/100 brn|[from] drain|[of] p2a: Ting-Lu
|faint|p2a: Ting-Lu
|
|-damage|p1a: Ursaluna|81/100 brn|[from] brn
|upkeep
|
|t:|1769353460
|switch|p2a: Dragapult|Dragapult, F|100/100
|turn|20
|
|t:|1769353469
|move|p2a: Dragapult|Draco Meteor|p1a: Ursaluna
|-damage|p1a: Ursaluna|0 fnt
|-unboost|p2a: Dragapult|spa|2
|faint|p1a: Ursaluna
|
|upkeep
|
|t:|1769353482
|switch|p1a: Kingambit|Kingambit, F|95/100
|-activate|p1a: Kingambit|ability: Supreme Overlord
|-start|p1a: Kingambit|fallen3|[silent]
|turn|21
|
|t:|1769353490
|switch|p2a: Alomomola|Alomomola, L99, F|94/100
|move|p1a: Kingambit|Swords Dance|p1a: Kingambit
|-boost|p1a: Kingambit|atk|2
|
|-heal|p1a: Kingambit|100/100|[from] item: Leftovers
|upkeep
|turn|22
|
|t:|1769353500
|move|p2a: Alomomola|Scald|p1a: Kingambit
|-damage|p1a: Kingambit|88/100
|move|p1a: Kingambit|Swords Dance|p1a: Kingambit
|-boost|p1a: Kingambit|atk|2
|
|-heal|p1a: Kingambit|94/100|[from] item: Leftovers
|upkeep
|turn|23
|
|t:|1769353513
|move|p1a: Kingambit|Sucker Punch|p2a: Alomomola
|-damage|p2a: Alomomola|3/100
|-damage|p1a: Kingambit|77/100|[from] item: Rocky Helmet|[of] p2a: Alomomola
|move|p2a: Alomomola|Scald|p1a: Kingambit
|-damage|p1a: Kingambit|65/100
|
|-heal|p1a: Kingambit|71/100|[from] item: Leftovers
|upkeep
|turn|24
|
|t:|1769353536
|move|p2a: Alomomola|Scald|p1a: Kingambit
|-damage|p1a: Kingambit|57/100
|move|p1a: Kingambit|Iron Head|p2a: Alomomola
|-resisted|p2a: Alomomola
|-damage|p2a: Alomomola|0 fnt
|-damage|p1a: Kingambit|40/100|[from] item: Rocky Helmet|[of] p2a: Alomomola
|faint|p2a: Alomomola
|
|-heal|p1a: Kingambit|46/100|[from] item: Leftovers
|upkeep
|
|t:|1769353545
|switch|p2a: Iron Valiant|Iron Valiant, tera:Dark|100/100
|turn|25
|
|t:|1769353555
|move|p1a: Kingambit|Sucker Punch|p2a: Iron Valiant
|-resisted|p2a: Iron Valiant
|-damage|p2a: Iron Valiant|0 fnt
|faint|p2a: Iron Valiant
|-end|p2a: Iron Valiant|Quark Drive|[silent]
|
|-heal|p1a: Kingambit|52/100|[from] item: Leftovers
|upkeep
|c|☆Asta_RPPLF|30% ohko mdr
|c|☆Asta_RPPLF|ptnµ
|c|☆Asta_RPPLF|gg
|
|t:|1769353569
|switch|p2a: Dragapult|Dragapult, F|100/100
|turn|26
|
|t:|1769353576
|move|p1a: Kingambit|Sucker Punch|p2a: Dragapult
|-supereffective|p2a: Dragapult
|-damage|p2a: Dragapult|0 fnt
|faint|p2a: Dragapult
|
|-heal|p1a: Kingambit|59/100|[from] item: Leftovers
|upkeep
|
|t:|1769353582
|switch|p2a: Slowking|Slowking-Galar, L99, F|100/100
|turn|27
|
|t:|1769353586
|move|p1a: Kingambit|Kowtow Cleave|p2a: Slowking
|-supereffective|p2a: Slowking
|-enditem|p2a: Slowking|Colbur Berry|[eat]
|-enditem|p2a: Slowking|Colbur Berry|[weaken]
|-damage|p2a: Slowking|0 fnt
|faint|p2a: Slowking
|
|win|Jackylechicken
|c|☆Jackylechicken|gg
|c|☆Asta_RPPLF|3x pas burn
