|j|☆guoqiushi
|j|☆jazzbucket
|t:|1769309509
|gametype|singles
|player|p1|guoqiushi|n|1424
|player|p2|jazzbucket|sabrina|1418
|gen|9
|tier|[Gen 9] OU
|rated|
|rule|HP Percentage Mod: HP is shown in percentages
|rule|Endless Battle Clause: Forcing endless battles is banned
|rule|Species Clause: Limit one of each Pokémon
|rule|OHKO Clause: OHKO moves are banned
|rule|Evasion Items Clause: Evasion items are banned
|rule|Evasion Moves Clause: Evasion moves are banned
|rule|Evasion Abilities Clause: Evasion abilities are banned
|rule|Sleep Moves Clause: Sleep-inducing moves are banned
|clearpoke
|poke|p1|Zoroark, F|
|poke|p1|Great Tusk|
|poke|p1|Moltres|
|poke|p1|Dragonite, F|
|poke|p1|Gholdengo|
|poke|p1|Glimmora, F|
|poke|p2|Clefable, F|
|poke|p2|Great Tusk|
|poke|p2|Dragapult, F|
|poke|p2|Slowking-Galar, M|
|poke|p2|Corviknight, F|
|poke|p2|Samurott-Hisui, M|
|teampreview
|
|t:|1769309521
|teamsize|p1|6
|teamsize|p2|6
|start
|switch|p1a: Glimmora|Glimmora, F|100/100
|switch|p2a: Dragapult|Dragapult, F|100/100
|turn|1
|inactive|Battle timer is ON: inactive players will automatically lose when time's up. (requested by guoqiushi)
|
|t:|1769309538
|move|p2a: Dragapult|Shadow Ball|p1a: Glimmora
|-damage|p1a: Glimmora|35/100
|-unboost|p1a: Glimmora|spd|1
|move|p1a: Glimmora|Spikes|p2a: Dragapult
|-sidestart|p2: jazzbucket|Spikes
|
|upkeep
|turn|2
|
|t:|1769309541
|switch|p1a: Great Tusk|Great Tusk|100/100
|move|p2a: Dragapult|Shadow Ball|p1a: Great Tusk
|-resisted|p1a: Great Tusk
|-damage|p1a: Great Tusk|42/100
|replace|p1a: Zoroark|Zoroark, F
|-end|p1a: Zoroark|Illusion
|
|upkeep
|turn|3
|
|t:|1769309549
|switch|p2a: Clefable|Clefable, F|100/100
|move|p1a: Zoroark|Sucker Punch||[still]
|-fail|p1a: Zoroark
|
|upkeep
|turn|4
|
|t:|1769309560
|switch|p1a: Gholdengo|Gholdengo|100/100
|move|p2a: Clefable|Stealth Rock|p1a: Gholdengo
|-sidestart|p1: guoqiushi|move: Stealth Rock
|
|upkeep
|turn|5
|
|t:|1769309565
|move|p1a: Gholdengo|Make It Rain|p2a: Clefable
|-supereffective|p2a: Clefable
|-damage|p2a: Clefable|0 fnt
|-unboost|p1a: Gholdengo|spa|1
|faint|p2a: Clefable
|
|upkeep
|
|t:|1769309572
|switch|p2a: Samurott|Samurott-Hisui, M|100/100
|turn|6
|
|t:|1769309575
|switch|p1a: Great Tusk|Great Tusk|100/100
|-damage|p1a: Great Tusk|98/100|[from] Stealth Rock
|move|p2a: Samurott|Ceaseless Edge|p1a: Great Tusk
|-resisted|p1a: Great Tusk
|-damage|p1a: Great Tusk|84/100
|-damage|p2a: Samurott|84/100|[from] item: Rocky Helmet|[of] p1a: Great Tusk
|-sidestart|p1: guoqiushi|Spikes
|
|upkeep
|turn|7
|
|t:|1769309582
|switch|p2a: Corviknight|Corviknight, F|100/100
|-ability|p2a: Corviknight|Pressure
|move|p1a: Great Tusk|Knock Off|p2a: Corviknight
|-damage|p2a: Corviknight|84/100
|-damage|p1a: Great Tusk|68/100|[from] item: Rocky Helmet|[of] p2a: Corviknight
|-enditem|p2a: Corviknight|Rocky Helmet|[from] move: Knock Off|[of] p1a: Great Tusk
|
|upkeep
|turn|8
|
|t:|1769309588
|move|p1a: Great Tusk|Rapid Spin|p2a: Corviknight
|-resisted|p2a: Corviknight
|-damage|p2a: Corviknight|80/100
|-boost|p1a: Great Tusk|spe|1
|-sideend|p1: guoqiushi|Spikes|[from] move: Rapid Spin|[of] p1a: Great Tusk
|-sideend|p1: guoqiushi|Stealth Rock|[from] move: Rapid Spin|[of] p1a: Great Tusk
|move|p2a: Corviknight|U-turn|p1a: Great Tusk
|-resisted|p1a: Great Tusk
|-damage|p1a: Great Tusk|63/100
|-damage|p2a: Corviknight|64/100|[from] item: Rocky Helmet|[of] p1a: Great Tusk
|
|t:|1769309593
|switch|p2a: Samurott|Samurott-Hisui, M|84/100|[from] U-turn
|
|upkeep
|turn|9
|
|t:|1769309604
|move|p1a: Great Tusk|Headlong Rush|p2a: Samurott
|-damage|p2a: Samurott|26/100
|-unboost|p1a: Great Tusk|def|1
|-unboost|p1a: Great Tusk|spd|1
|move|p2a: Samurott|Aqua Cutter|p1a: Great Tusk
|-supereffective|p1a: Great Tusk
|-crit|p1a: Great Tusk
|-damage|p1a: Great Tusk|0 fnt
|faint|p1a: Great Tusk
|-end|p1a: Great Tusk|Protosynthesis|[silent]
|
|upkeep
|
|t:|1769309613
|switch|p1a: Dragonite|Dragonite, F|100/100
|turn|10
|
|t:|1769309620
|move|p2a: Samurott|Knock Off|p1a: Dragonite
|-damage|p1a: Dragonite|80/100
|-enditem|p1a: Dragonite|Leftovers|[from] move: Knock Off|[of] p2a: Samurott
|move|p1a: Dragonite|Dragon Dance|p1a: Dragonite
|-boost|p1a: Dragonite|atk|1
|-boost|p1a: Dragonite|spe|1
|
|upkeep
|turn|11
|
|t:|1769309638
|move|p1a: Dragonite|Extreme Speed|p2a: Samurott
|-damage|p2a: Samurott|0 fnt
|faint|p2a: Samurott
|
|upkeep
|
|t:|1769309643
|switch|p2a: Corviknight|Corviknight, F|64/100
|-ability|p2a: Corviknight|Pressure
|turn|12
|
|t:|1769309659
|move|p1a: Dragonite|Dragon Dance|p1a: Dragonite
|-boost|p1a: Dragonite|atk|1
|-boost|p1a: Dragonite|spe|1
|move|p2a: Corviknight|Roost|p2a: Corviknight
|-heal|p2a: Corviknight|100/100
|-singleturn|p2a: Corviknight|move: Roost
|
|upkeep
|turn|13
|
|t:|1769309664
|move|p1a: Dragonite|Ice Spinner|p2a: Corviknight
|-damage|p2a: Corviknight|61/100
|move|p2a: Corviknight|Iron Defense|p2a: Corviknight
|-boost|p2a: Corviknight|def|2
|
|upkeep
|turn|14
|
|t:|1769309669
|move|p1a: Dragonite|Ice Spinner|p2a: Corviknight
|-damage|p2a: Corviknight|44/100
|move|p2a: Corviknight|Roost|p2a: Corviknight
|-heal|p2a: Corviknight|94/100
|-singleturn|p2a: Corviknight|move: Roost
|
|upkeep
|turn|15
|
|t:|1769309673
|move|p1a: Dragonite|Ice Spinner|p2a: Corviknight
|-damage|p2a: Corviknight|75/100
|move|p2a: Corviknight|Brave Bird|p1a: Dragonite
|-damage|p1a: Dragonite|49/100
|-damage|p2a: Corviknight|65/100|[from] Recoil
|
|upkeep
|turn|16
|
|t:|1769309679
|move|p1a: Dragonite|Ice Spinner|p2a: Corviknight
|-damage|p2a: Corviknight|44/100
|move|p2a: Corviknight|Roost|p2a: Corviknight
|-heal|p2a: Corviknight|94/100
|-singleturn|p2a: Corviknight|move: Roost
|
|upkeep
|turn|17
|
|t:|1769309683
|move|p1a: Dragonite|Ice Spinner|p2a: Corviknight
|-damage|p2a: Corviknight|75/100
|move|p2a: Corviknight|Brave Bird|p1a: Dragonite
|-damage|p1a: Dragonite|13/100
|-damage|p2a: Corviknight|64/100|[from] Recoil
|
|upkeep
|turn|18
|
|t:|1769309689
|switch|p1a: Moltres|Moltres|100/100
|move|p2a: Corviknight|Roost|p2a: Corviknight
|-heal|p2a: Corviknight|100/100
|-singleturn|p2a: Corviknight|move: Roost
|
|upkeep
|turn|19
|
|t:|1769309695
|switch|p2a: Slowking|Slowking-Galar, M|100/100
|-damage|p2a: Slowking|88/100|[from] Spikes
|move|p1a: Moltres|U-turn|p2a: Slowking
|-damage|p2a: Slowking|72/100
|
|t:|1769309697
|switch|p1a: Gholdengo|Gholdengo|42/100|[from] U-turn
|
|upkeep
|turn|20
|
|t:|1769309704
|-terastallize|p2a: Slowking|Water
|move|p1a: Gholdengo|Knock Off|p2a: Slowking
|-damage|p2a: Slowking|8/100
|-enditem|p2a: Slowking|Assault Vest|[from] move: Knock Off|[of] p1a: Gholdengo
|move|p2a: Slowking|Flamethrower|p1a: Gholdengo
|-damage|p1a: Gholdengo|0 fnt
|replace|p1a: Zoroark|Zoroark, F
|-end|p1a: Zoroark|Illusion
|faint|p1a: Zoroark
|
|upkeep
|
|t:|1769309717
|switch|p1a: Gholdengo|Gholdengo|100/100
|turn|21
|
|t:|1769309722
|switch|p2a: Corviknight|Corviknight, F|100/100
|-ability|p2a: Corviknight|Pressure
|move|p1a: Gholdengo|Shadow Ball|p2a: Corviknight
|-damage|p2a: Corviknight|60/100
|
|upkeep
|turn|22
|
|t:|1769309730
|move|p1a: Gholdengo|Shadow Ball|p2a: Corviknight
|-damage|p2a: Corviknight|21/100
|-unboost|p2a: Corviknight|spd|1
|move|p2a: Corviknight|U-turn|p1a: Gholdengo
|-resisted|p1a: Gholdengo
|-damage|p1a: Gholdengo|97/100
|
|t:|1769309737
|switch|p2a: Dragapult|Dragapult, F|100/100|[from] U-turn
|-damage|p2a: Dragapult|88/100|[from] Spikes
|
|upkeep
|turn|23
|
|t:|1769309741
|move|p1a: Gholdengo|Shadow Ball|p2a: Dragapult
|-supereffective|p2a: Dragapult
|-damage|p2a: Dragapult|0 fnt
|faint|p2a: Dragapult
|
|upkeep
|
|t:|1769309750
|switch|p2a: Slowking|Slowking-Galar, M, tera:Water|41/100
|-damage|p2a: Slowking|29/100|[from] Spikes
|turn|24
|
|t:|1769309760
|move|p1a: Gholdengo|Shadow Ball|p2a: Slowking
|-damage|p2a: Slowking|0 fnt
|faint|p2a: Slowking
|
|upkeep
|c|☆jazzbucket|gg
|-message|jazzbucket forfeited.
|
|win|guoqiushi
|raw|guoqiushi's rating: 1424 &rarr; <strong>1444</strong><br />(+20 for winning)
|raw|jazzbucket's rating: 1418 &rarr; <strong>1398</strong><br />(-20 for losing)
|l|☆jazzbucket
|player|p2|
|l|☆guoqiushi
|player|p1|
