|j|☆Markizbi
|j|☆Charizard20139
|t:|1769427081
|gametype|singles
|player|p1|Markizbi|hilbert|1116
|player|p2|Charizard20139|1|1078
|gen|9
|tier|[Gen 9] OU
|rated|
|rule|HP Percentage Mod: HP is shown in percentages
|rule|Endless Battle Clause: Forcing endless battles is banned
|rule|Species Clause: Limit one of each Pokémon
|rule|OHKO Clause: OHKO moves are banned
|rule|Evasion Items Clause: Evasion items are banned
|rule|Evasion Moves Clause: Evasion moves are banned
|rule|Evasion Abilities Clause: Evasion abilities are banned
|rule|Sleep Moves Clause: Sleep-inducing moves are banned
|clearpoke
|poke|p1|Hatterene, F|
|poke|p1|Torkoal, M|
|poke|p1|Zoroark-Hisui, M|
|poke|p1|Magnezone|
|poke|p1|Iron Valiant|
|poke|p1|Donphan, M|
|poke|p2|Zapdos|
|poke|p2|Ribombee, F|
|poke|p2|Swampert, F|
|poke|p2|Dragonite, M|
|poke|p2|Toxapex, F|
|poke|p2|Dondozo, F|
|teampreview
|
|t:|1769427109
|teamsize|p1|6
|teamsize|p2|6
|start
|switch|p1a: Hatterene|Hatterene, F|100/100
|switch|p2a: Ribombee|Ribombee, F|100/100
|turn|1
|
|t:|1769427119
|move|p2a: Ribombee|Sticky Web|p1a: Hatterene
|move|p1a: Hatterene|Sticky Web|p2a: Ribombee|[from] ability: Magic Bounce
|-sidestart|p2: Charizard20139|move: Sticky Web
|move|p1a: Hatterene|Psyshock|p2a: Ribombee
|-damage|p2a: Ribombee|31/100
|
|upkeep
|turn|2
|
|t:|1769427130
|move|p2a: Ribombee|Stun Spore|p1a: Hatterene
|move|p1a: Hatterene|Stun Spore|p2a: Ribombee|[from] ability: Magic Bounce
|-status|p2a: Ribombee|par
|move|p1a: Hatterene|Psyshock|p2a: Ribombee
|-damage|p2a: Ribombee|0 fnt
|faint|p2a: Ribombee
|
|upkeep
|
|t:|1769427143
|switch|p2a: Swampert|Swampert, F|100/100
|-activate|p2a: Swampert|move: Sticky Web
|-unboost|p2a: Swampert|spe|1
|turn|3
|
|t:|1769427152
|move|p2a: Swampert|Earthquake|p1a: Hatterene
|-damage|p1a: Hatterene|51/100
|move|p1a: Hatterene|Trick Room|p1a: Hatterene
|-fieldstart|move: Trick Room|[of] p1a: Hatterene
|
|upkeep
|turn|4
|
|t:|1769427165
|move|p1a: Hatterene|Healing Wish|p1a: Hatterene
|faint|p1a: Hatterene
|move|p2a: Swampert|Earthquake|p1: Hatterene|[notarget]
|-fail|p2a: Swampert
|
|upkeep
|
|t:|1769427173
|switch|p1a: Torkoal|Torkoal, M|100/100
|-weather|SunnyDay|[from] ability: Drought|[of] p1a: Torkoal
|turn|5
|
|t:|1769427178
|move|p1a: Torkoal|Solar Beam||[still]
|-prepare|p1a: Torkoal|Solar Beam
|-anim|p1a: Torkoal|Solar Beam|p2a: Swampert
|-supereffective|p2a: Swampert
|-damage|p2a: Swampert|0 fnt
|faint|p2a: Swampert
|
|-weather|SunnyDay|[upkeep]
|upkeep
|
|t:|1769427189
|switch|p2a: Zapdos|Zapdos|100/100
|turn|6
|
|t:|1769427194
|move|p1a: Torkoal|Eruption|p2a: Zapdos
|-damage|p2a: Zapdos|0 fnt
|faint|p2a: Zapdos
|
|-weather|SunnyDay|[upkeep]
|upkeep
|
|t:|1769427201
|switch|p2a: Dragonite|Dragonite, M|100/100
|turn|7
|
|t:|1769427205
|move|p1a: Torkoal|Eruption|p2a: Dragonite
|-resisted|p2a: Dragonite
|-damage|p2a: Dragonite|70/100
|move|p2a: Dragonite|Earthquake|p1a: Torkoal
|-supereffective|p1a: Torkoal
|-damage|p1a: Torkoal|46/100
|
|-weather|SunnyDay|[upkeep]
|-fieldend|move: Trick Room
|upkeep
|turn|8
|
|t:|1769427217
|switch|p1a: Donphan|Donphan, M|100/100
|move|p2a: Dragonite|Earthquake|p1a: Donphan
|-damage|p1a: Donphan|73/100
|
|-weather|SunnyDay|[upkeep]
|upkeep
|turn|9
|
|t:|1769427227
|move|p2a: Dragonite|Dragon Dance|p2a: Dragonite
|-boost|p2a: Dragonite|atk|1
|-boost|p2a: Dragonite|spe|1
|move|p1a: Donphan|Knock Off|p2a: Dragonite
|-crit|p2a: Dragonite
|-damage|p2a: Dragonite|12/100
|-enditem|p2a: Dragonite|Heavy-Duty Boots|[from] move: Knock Off|[of] p1a: Donphan
|
|-weather|none
|upkeep
|turn|10
|
|t:|1769427239
|move|p2a: Dragonite|Earthquake|p1a: Donphan
|-damage|p1a: Donphan|28/100
|move|p1a: Donphan|Ice Spinner|p2a: Dragonite
|-supereffective|p2a: Dragonite
|-damage|p2a: Dragonite|0 fnt
|faint|p2a: Dragonite
|
|upkeep
|
|t:|1769427246
|switch|p2a: Dondozo|Dondozo, F|100/100
|-activate|p2a: Dondozo|move: Sticky Web
|-unboost|p2a: Dondozo|spe|1
|turn|11
|
|t:|1769427252
|switch|p1a: Magnezone|Magnezone|100/100
|move|p2a: Dondozo|Avalanche|p1a: Magnezone
|-resisted|p1a: Magnezone
|-damage|p1a: Magnezone|96/100
|
|upkeep
|turn|12
|
|t:|1769427260
|move|p1a: Magnezone|Thunderbolt|p2a: Dondozo
|-supereffective|p2a: Dondozo
|-damage|p2a: Dondozo|23/100
|move|p2a: Dondozo|Body Press|p1a: Magnezone
|-supereffective|p1a: Magnezone
|-damage|p1a: Magnezone|59/100
|
|-heal|p2a: Dondozo|29/100|[from] item: Leftovers
|upkeep
|turn|13
|
|t:|1769427272
|move|p1a: Magnezone|Thunderbolt|p2a: Dondozo
|-supereffective|p2a: Dondozo
|-damage|p2a: Dondozo|0 fnt
|faint|p2a: Dondozo
|
|upkeep
|
|t:|1769427279
|switch|p2a: Toxapex|Toxapex, F|100/100
|-activate|p2a: Toxapex|move: Sticky Web
|-unboost|p2a: Toxapex|spe|1
|turn|14
|
|t:|1769427284
|move|p1a: Magnezone|Thunderbolt|p2a: Toxapex
|-supereffective|p2a: Toxapex
|-damage|p2a: Toxapex|45/100
|move|p2a: Toxapex|Poison Jab|p1a: Magnezone
|-immune|p1a: Magnezone
|
|-heal|p2a: Toxapex|51/100|[from] item: Leftovers
|upkeep
|turn|15
|
|t:|1769427293
|move|p1a: Magnezone|Thunderbolt|p2a: Toxapex
|-supereffective|p2a: Toxapex
|-damage|p2a: Toxapex|0 fnt
|faint|p2a: Toxapex
|
|win|Markizbi
|raw|Markizbi's rating: 1116 &rarr; <strong>1138</strong><br />(+22 for winning)
|raw|Charizard20139's rating: 1078 &rarr; <strong>1059</strong><br />(-19 for losing)
|l|☆Charizard20139
|player|p2|
|l|☆Markizbi
|player|p1|
