|j|☆by nicole
|j|☆Darkmaniman+Minus
|t:|1769379761
|gametype|singles
|player|p1|by nicole|dawn-gen4pt|1462
|player|p2|Darkmaniman+Minus|102|1459
|gen|9
|tier|[Gen 9] OU
|rated|
|rule|HP Percentage Mod: HP is shown in percentages
|rule|Endless Battle Clause: Forcing endless battles is banned
|rule|Species Clause: Limit one of each Pokémon
|rule|OHKO Clause: OHKO moves are banned
|rule|Evasion Items Clause: Evasion items are banned
|rule|Evasion Moves Clause: Evasion moves are banned
|rule|Evasion Abilities Clause: Evasion abilities are banned
|rule|Sleep Moves Clause: Sleep-inducing moves are banned
|clearpoke
|poke|p1|Tornadus-Therian, M|
|poke|p1|Iron Treads|
|poke|p1|Clefable, F|
|poke|p1|Zamazenta-*|
|poke|p1|Alomomola, M|
|poke|p1|Iron Valiant|
|poke|p2|Rillaboom, M|
|poke|p2|Drifblim, F|
|poke|p2|Gholdengo|
|poke|p2|Great Tusk|
|poke|p2|Kingambit, M|
|poke|p2|Moltres|
|teampreview
|
|t:|1769379770
|teamsize|p1|6
|teamsize|p2|6
|start
|switch|p1a: RICANNNN|Tornadus-Therian, M, shiny|100/100
|switch|p2a: Rillaboom|Rillaboom, M|100/100
|-fieldstart|move: Grassy Terrain|[from] ability: Grassy Surge|[of] p2a: Rillaboom
|turn|1
|
|t:|1769379784
|move|p1a: RICANNNN|Bleakwind Storm|p2a: Rillaboom
|-supereffective|p2a: Rillaboom
|-damage|p2a: Rillaboom|0 fnt
|faint|p2a: Rillaboom
|-damage|p1a: RICANNNN|91/100|[from] item: Life Orb
|
|upkeep
|
|t:|1769379794
|switch|p2a: Drifblim|Drifblim, F|100/100
|-enditem|p2a: Drifblim|Grassy Seed
|-boost|p2a: Drifblim|def|1|[from] item: Grassy Seed
|turn|2
|
|t:|1769379819
|move|p2a: Drifblim|Calm Mind|p2a: Drifblim
|-boost|p2a: Drifblim|spa|1
|-boost|p2a: Drifblim|spd|1
|move|p1a: RICANNNN|Nasty Plot|p1a: RICANNNN
|-boost|p1a: RICANNNN|spa|2
|
|upkeep
|turn|3
|
|t:|1769379822
|move|p2a: Drifblim|Calm Mind|p2a: Drifblim
|-boost|p2a: Drifblim|spa|1
|-boost|p2a: Drifblim|spd|1
|move|p1a: RICANNNN|Bleakwind Storm|p2a: Drifblim
|-damage|p2a: Drifblim|31/100
|-unboost|p2a: Drifblim|spe|1
|-damage|p1a: RICANNNN|81/100|[from] item: Life Orb
|
|upkeep
|turn|4
|
|t:|1769379828
|move|p1a: RICANNNN|Bleakwind Storm|p2a: Drifblim
|-damage|p2a: Drifblim|0 fnt
|faint|p2a: Drifblim
|-damage|p1a: RICANNNN|71/100|[from] item: Life Orb
|
|upkeep
|
|t:|1769379832
|switch|p2a: Kingambit|Kingambit, M|100/100
|-activate|p2a: Kingambit|ability: Supreme Overlord
|-start|p2a: Kingambit|fallen2|[silent]
|turn|5
|
|t:|1769379847
|switch|p1a: Zamazenta|Zamazenta|100/100
|-ability|p1a: Zamazenta|Dauntless Shield|boost
|-boost|p1a: Zamazenta|def|1
|move|p2a: Kingambit|Swords Dance|p2a: Kingambit
|-boost|p2a: Kingambit|atk|2
|
|upkeep
|turn|6
|
|t:|1769379857
|-end|p2a: Kingambit|fallen2|[silent]
|switch|p2a: Moltres|Moltres|100/100
|move|p1a: Zamazenta|Roar|p2a: Moltres
|drag|p2a: Kingambit|Kingambit, M|100/100
|-activate|p2a: Kingambit|ability: Supreme Overlord
|-start|p2a: Kingambit|fallen2|[silent]
|
|upkeep
|turn|7
|
|t:|1769379866
|-end|p2a: Kingambit|fallen2|[silent]
|switch|p2a: Moltres|Moltres|100/100
|move|p1a: Zamazenta|Stone Edge|p2a: Moltres
|-supereffective|p2a: Moltres
|-damage|p2a: Moltres|5/100
|
|upkeep
|turn|8
|
|t:|1769379871
|move|p1a: Zamazenta|Stone Edge|p2a: Moltres|[miss]
|-miss|p1a: Zamazenta|p2a: Moltres
|move|p2a: Moltres|Roost|p2a: Moltres
|-heal|p2a: Moltres|56/100
|-singleturn|p2a: Moltres|move: Roost
|
|-heal|p2a: Moltres|62/100|[from] Grassy Terrain
|-fieldend|move: Grassy Terrain
|upkeep
|turn|9
|
|t:|1769379877
|switch|p2a: Gholdengo|Gholdengo|100/100
|-item|p2a: Gholdengo|Air Balloon
|move|p1a: Zamazenta|Stone Edge|p2a: Gholdengo
|-resisted|p2a: Gholdengo
|-damage|p2a: Gholdengo|90/100
|-enditem|p2a: Gholdengo|Air Balloon
|
|upkeep
|turn|10
|
|t:|1769379882
|switch|p1a: Iron Treads|Iron Treads, shiny|100/100
|move|p2a: Gholdengo|Nasty Plot|p2a: Gholdengo
|-boost|p2a: Gholdengo|spa|2
|
|upkeep
|turn|11
|
|t:|1769379888
|move|p1a: Iron Treads|Earthquake|p2a: Gholdengo
|-supereffective|p2a: Gholdengo
|-damage|p2a: Gholdengo|40/100
|move|p2a: Gholdengo|Shadow Ball|p1a: Iron Treads
|-damage|p1a: Iron Treads|31/100
|
|upkeep
|turn|12
|
|t:|1769379893
|switch|p2a: Great Tusk|Great Tusk|100/100
|move|p1a: Iron Treads|Stealth Rock|p2a: Great Tusk
|-sidestart|p2: Darkmaniman+Minus|move: Stealth Rock
|
|upkeep
|turn|13
|
|t:|1769379900
|-end|p1a: Iron Treads|Quark Drive|[silent]
|switch|p1a: Alomomola|Alomomola, M, shiny|100/100
|move|p2a: Great Tusk|Rapid Spin|p1a: Alomomola
|-damage|p1a: Alomomola|92/100
|-boost|p2a: Great Tusk|spe|1
|-sideend|p2: Darkmaniman+Minus|Stealth Rock|[from] move: Rapid Spin|[of] p2a: Great Tusk
|
|upkeep
|turn|14
|
|t:|1769379903
|move|p2a: Great Tusk|Stealth Rock|p1a: Alomomola
|-sidestart|p1: by nicole|move: Stealth Rock
|move|p1a: Alomomola|Scald|p2a: Great Tusk
|-supereffective|p2a: Great Tusk
|-crit|p2a: Great Tusk
|-damage|p2a: Great Tusk|49/100
|
|upkeep
|turn|15
|
|t:|1769379913
|move|p2a: Great Tusk|Headlong Rush|p1a: Alomomola
|-damage|p1a: Alomomola|60/100
|-unboost|p2a: Great Tusk|def|1
|-unboost|p2a: Great Tusk|spd|1
|move|p1a: Alomomola|Wish|p1a: Alomomola
|
|upkeep
|turn|16
|
|t:|1769379934
|-end|p2a: Great Tusk|Protosynthesis|[silent]
|switch|p2a: Moltres|Moltres|62/100
|move|p1a: Alomomola|Flip Turn|p2a: Moltres
|-supereffective|p2a: Moltres
|-damage|p2a: Moltres|40/100
|
|t:|1769379938
|switch|p1a: Iron Treads|Iron Treads, shiny|31/100|[from] Flip Turn
|
|-heal|p1a: Iron Treads|95/100|[from] move: Wish|[wisher] Alomomola
|upkeep
|turn|17
|
|t:|1769379942
|-end|p1a: Iron Treads|Quark Drive|[silent]
|switch|p1a: Alomomola|Alomomola, M, shiny|93/100
|move|p2a: Moltres|Roost|p2a: Moltres
|-heal|p2a: Moltres|90/100
|-singleturn|p2a: Moltres|move: Roost
|
|upkeep
|turn|18
|
|t:|1769379947
|move|p2a: Moltres|Scorching Sands|p1a: Alomomola
|-damage|p1a: Alomomola|75/100
|move|p1a: Alomomola|Flip Turn|p2a: Moltres
|-supereffective|p2a: Moltres
|-damage|p2a: Moltres|68/100
|
|t:|1769379954
|switch|p1a: RICANNNN|Tornadus-Therian, M, shiny|100/100|[from] Flip Turn
|-damage|p1a: RICANNNN|76/100|[from] Stealth Rock
|
|upkeep
|turn|19
|
|t:|1769379958
|move|p1a: RICANNNN|Bleakwind Storm|p2a: Moltres
|-damage|p2a: Moltres|10/100
|-damage|p1a: RICANNNN|66/100|[from] item: Life Orb
|move|p2a: Moltres|Flamethrower|p1a: RICANNNN
|-damage|p1a: RICANNNN|18/100
|
|upkeep
|turn|20
|
|t:|1769379964
|move|p1a: RICANNNN|Heat Wave|p2a: Moltres
|-resisted|p2a: Moltres
|-damage|p2a: Moltres|0 fnt
|faint|p2a: Moltres
|-damage|p1a: RICANNNN|8/100|[from] item: Life Orb
|
|upkeep
|
|t:|1769379968
|switch|p2a: Kingambit|Kingambit, M|100/100
|-activate|p2a: Kingambit|ability: Supreme Overlord
|-start|p2a: Kingambit|fallen3|[silent]
|turn|21
|
|t:|1769379970
|switch|p1a: Zamazenta|Zamazenta|100/100
|move|p2a: Kingambit|Sucker Punch||[still]
|-fail|p2a: Kingambit
|
|upkeep
|turn|22
|
|t:|1769379975
|-end|p2a: Kingambit|fallen3|[silent]
|switch|p2a: Great Tusk|Great Tusk|49/100
|move|p1a: Zamazenta|Close Combat|p2a: Great Tusk
|-damage|p2a: Great Tusk|13/100
|-unboost|p1a: Zamazenta|def|1
|-unboost|p1a: Zamazenta|spd|1
|-damage|p1a: Zamazenta|84/100|[from] item: Rocky Helmet|[of] p2a: Great Tusk
|
|upkeep
|turn|23
|
|t:|1769379979
|move|p1a: Zamazenta|Close Combat|p2a: Great Tusk
|-damage|p2a: Great Tusk|0 fnt
|-unboost|p1a: Zamazenta|def|1
|-unboost|p1a: Zamazenta|spd|1
|-damage|p1a: Zamazenta|67/100|[from] item: Rocky Helmet|[of] p2a: Great Tusk
|faint|p2a: Great Tusk
|-end|p2a: Great Tusk|Protosynthesis|[silent]
|
|upkeep
|
|t:|1769379982
|switch|p2a: Gholdengo|Gholdengo|40/100
|turn|24
|
|t:|1769379985
|move|p1a: Zamazenta|Crunch|p2a: Gholdengo
|-supereffective|p2a: Gholdengo
|-damage|p2a: Gholdengo|6/100
|move|p2a: Gholdengo|Recover|p2a: Gholdengo
|-heal|p2a: Gholdengo|56/100
|
|upkeep
|turn|25
|
|t:|1769379989
|switch|p1a: Iron Treads|Iron Treads, shiny|95/100
|move|p2a: Gholdengo|Recover|p2a: Gholdengo
|-heal|p2a: Gholdengo|100/100
|
|upkeep
|turn|26
|
|t:|1769379993
|move|p1a: Iron Treads|Earthquake|p2a: Gholdengo
|-supereffective|p2a: Gholdengo
|-damage|p2a: Gholdengo|44/100
|move|p2a: Gholdengo|Shadow Ball|p1a: Iron Treads
|-damage|p1a: Iron Treads|60/100
|
|upkeep
|turn|27
|
|t:|1769379998
|move|p1a: Iron Treads|Earthquake|p2a: Gholdengo
|-supereffective|p2a: Gholdengo
|-damage|p2a: Gholdengo|0 fnt
|faint|p2a: Gholdengo
|
|upkeep
|
|t:|1769379999
|switch|p2a: Kingambit|Kingambit, M|100/100
|-activate|p2a: Kingambit|ability: Supreme Overlord
|-start|p2a: Kingambit|fallen5|[silent]
|turn|28
|inactive|Battle timer is ON: inactive players will automatically lose when time's up. (requested by by nicole)
|inactive|Darkmaniman+Minus has 120 seconds left.
|
|t:|1769380073
|move|p2a: Kingambit|Sucker Punch|p1a: Iron Treads
|-damage|p1a: Iron Treads|5/100
|move|p1a: Iron Treads|Earthquake|p2a: Kingambit
|-supereffective|p2a: Kingambit
|-damage|p2a: Kingambit|47/100
|
|upkeep
|turn|29
|
|t:|1769380078
|move|p2a: Kingambit|Sucker Punch|p1a: Iron Treads
|-damage|p1a: Iron Treads|0 fnt
|faint|p1a: Iron Treads
|-end|p1a: Iron Treads|Quark Drive|[silent]
|
|upkeep
|
|t:|1769380080
|switch|p1a: Iron Valiant|Iron Valiant, shiny|100/100
|-damage|p1a: Iron Valiant|94/100|[from] Stealth Rock
|-enditem|p1a: Iron Valiant|Booster Energy
|-activate|p1a: Iron Valiant|ability: Quark Drive|[fromitem]
|-start|p1a: Iron Valiant|quarkdrivespe
|turn|30
|
|t:|1769380084
|-terastallize|p2a: Kingambit|Ghost
|move|p1a: Iron Valiant|Encore|p2a: Kingambit
|-start|p2a: Kingambit|Encore
|move|p2a: Kingambit|Sucker Punch||[still]
|-fail|p2a: Kingambit
|
|upkeep
|turn|31
|-message|Darkmaniman+Minus forfeited.
|
|win|by nicole
|raw|by nicole's rating: 1462 &rarr; <strong>1482</strong><br />(+20 for winning)
|raw|Darkmaniman+Minus's rating: 1459 &rarr; <strong>1439</strong><br />(-20 for losing)
|l|☆Darkmaniman+Minus
|player|p2|
|l|☆by nicole
|player|p1|
