|j|☆Not A Fallacy
|j|☆jsnsddk
|t:|1769300073
|gametype|singles
|player|p1|Not A Fallacy|gardenia-masters|1449
|player|p2|jsnsddk|1|1604
|gen|9
|tier|[Gen 9] OU
|rated|
|rule|HP Percentage Mod: HP is shown in percentages
|rule|Endless Battle Clause: Forcing endless battles is banned
|rule|Species Clause: Limit one of each Pokémon
|rule|OHKO Clause: OHKO moves are banned
|rule|Evasion Items Clause: Evasion items are banned
|rule|Evasion Moves Clause: Evasion moves are banned
|rule|Evasion Abilities Clause: Evasion abilities are banned
|rule|Sleep Moves Clause: Sleep-inducing moves are banned
|clearpoke
|poke|p1|Tyranitar, F|
|poke|p1|Moltres|
|poke|p1|Zamazenta-*|
|poke|p1|Slowking-Galar, M|
|poke|p1|Excadrill, F|
|poke|p1|Hydrapple, M|
|poke|p2|Dragonite, M|
|poke|p2|Hatterene, F|
|poke|p2|Kingambit, F|
|poke|p2|Iron Crown|
|poke|p2|Crawdaunt, M|
|poke|p2|Manaphy|
|teampreview
|inactive|Battle timer is ON: inactive players will automatically lose when time's up. (requested by jsnsddk)
|
|t:|1769300103
|teamsize|p1|6
|teamsize|p2|6
|start
|switch|p1a: Tyranitar|Tyranitar, F|100/100
|switch|p2a: Hatterene|Hatterene, F|100/100
|-weather|Sandstorm|[from] ability: Sand Stream|[of] p1a: Tyranitar
|turn|1
|
|t:|1769300109
|move|p1a: Tyranitar|Knock Off|p2a: Hatterene
|-damage|p2a: Hatterene|53/100
|-enditem|p2a: Hatterene|Focus Sash|[from] move: Knock Off|[of] p1a: Tyranitar
|move|p2a: Hatterene|Trick Room|p2a: Hatterene
|-fieldstart|move: Trick Room|[of] p2a: Hatterene
|
|-weather|Sandstorm|[upkeep]
|-damage|p2a: Hatterene|47/100|[from] Sandstorm
|upkeep
|turn|2
|
|t:|1769300124
|move|p2a: Hatterene|Healing Wish|p2a: Hatterene
|faint|p2a: Hatterene
|move|p1a: Tyranitar|Knock Off|p2: Hatterene|[notarget]
|-fail|p1a: Tyranitar
|
|-weather|Sandstorm|[upkeep]
|upkeep
|
|t:|1769300126
|switch|p2a: Crawdaunt|Crawdaunt, M|100/100
|turn|3
|
|t:|1769300133
|switch|p1a: Hydrapple|Hydrapple, M, shiny|100/100
|move|p2a: Crawdaunt|Close Combat|p1a: Hydrapple
|-damage|p1a: Hydrapple|55/100
|-unboost|p2a: Crawdaunt|def|1
|-unboost|p2a: Crawdaunt|spd|1
|-damage|p2a: Crawdaunt|90/100|[from] item: Life Orb
|
|-weather|Sandstorm|[upkeep]
|-damage|p2a: Crawdaunt|84/100|[from] Sandstorm
|-damage|p1a: Hydrapple|49/100|[from] Sandstorm
|upkeep
|turn|4
|
|t:|1769300143
|move|p2a: Crawdaunt|Knock Off|p1a: Hydrapple
|-damage|p1a: Hydrapple|0 fnt
|-enditem|p1a: Hydrapple|Life Orb|[from] move: Knock Off|[of] p2a: Crawdaunt
|faint|p1a: Hydrapple
|-damage|p2a: Crawdaunt|74/100|[from] item: Life Orb
|
|-weather|Sandstorm|[upkeep]
|-damage|p2a: Crawdaunt|68/100|[from] Sandstorm
|upkeep
|
|t:|1769300151
|switch|p1a: Zamazenta|Zamazenta|100/100
|-ability|p1a: Zamazenta|Dauntless Shield|boost
|-boost|p1a: Zamazenta|def|1
|turn|5
|
|t:|1769300155
|move|p2a: Crawdaunt|Crabhammer|p1a: Zamazenta
|-crit|p1a: Zamazenta
|-damage|p1a: Zamazenta|3/100
|-damage|p2a: Crawdaunt|58/100|[from] item: Life Orb
|move|p1a: Zamazenta|Iron Defense|p1a: Zamazenta
|-boost|p1a: Zamazenta|def|2
|
|-weather|Sandstorm|[upkeep]
|-damage|p2a: Crawdaunt|52/100|[from] Sandstorm
|-damage|p1a: Zamazenta|0 fnt|[from] Sandstorm
|faint|p1a: Zamazenta
|-fieldend|move: Trick Room
|upkeep
|
|t:|1769300162
|switch|p1a: Excadrill|Excadrill, F|100/100
|-item|p1a: Excadrill|Air Balloon
|turn|6
|
|t:|1769300167
|move|p2a: Crawdaunt|Aqua Jet|p1a: Excadrill
|-supereffective|p1a: Excadrill
|-damage|p1a: Excadrill|0 fnt
|-enditem|p1a: Excadrill|Air Balloon
|faint|p1a: Excadrill
|-damage|p2a: Crawdaunt|42/100|[from] item: Life Orb
|
|-weather|Sandstorm|[upkeep]
|-damage|p2a: Crawdaunt|36/100|[from] Sandstorm
|upkeep
|-message|Not A Fallacy forfeited.
|
|win|jsnsddk
|raw|Not A Fallacy's rating: 1449 &rarr; <strong>1437</strong><br />(-12 for losing)
|raw|jsnsddk's rating: 1604 &rarr; <strong>1616</strong><br />(+12 for winning)
|l|☆Not A Fallacy
|player|p1|
