|j|☆jayjac
|j|☆Lin wen di
|t:|1769337046
|gametype|singles
|player|p1|jayjac|266|1130
|player|p2|Lin wen di|maid|1112
|gen|9
|tier|[Gen 9] OU
|rated|
|rule|HP Percentage Mod: HP is shown in percentages
|rule|Endless Battle Clause: Forcing endless battles is banned
|rule|Species Clause: Limit one of each Pokémon
|rule|OHKO Clause: OHKO moves are banned
|rule|Evasion Items Clause: Evasion items are banned
|rule|Evasion Moves Clause: Evasion moves are banned
|rule|Evasion Abilities Clause: Evasion abilities are banned
|rule|Sleep Moves Clause: Sleep-inducing moves are banned
|clearpoke
|poke|p1|Zamazenta-*|
|poke|p1|Great Tusk|
|poke|p1|Moltres|
|poke|p1|Primarina, M|
|poke|p1|Ting-Lu|
|poke|p1|Alomomola, M|
|poke|p2|Kingambit, M|
|poke|p2|Chesnaught, F|
|poke|p2|Torterra, F|
|poke|p2|Slowbro, F|
|poke|p2|Samurott-Hisui, M|
|poke|p2|Arcanine-Hisui, M|
|teampreview
|inactive|Battle timer is ON: inactive players will automatically lose when time's up. (requested by Lin wen di)
|
|t:|1769337053
|teamsize|p1|6
|teamsize|p2|6
|start
|switch|p1a: Ting-Lu|Ting-Lu|100/100
|switch|p2a: Torterra|Torterra, F|100/100
|-ability|p1a: Ting-Lu|Vessel of Ruin
|turn|1
|inactive|jayjac has 120 seconds left.
|
|t:|1769337096
|move|p2a: Torterra|Shell Smash|p2a: Torterra
|-unboost|p2a: Torterra|def|1
|-unboost|p2a: Torterra|spd|1
|-boost|p2a: Torterra|atk|2
|-boost|p2a: Torterra|spa|2
|-boost|p2a: Torterra|spe|2
|move|p1a: Ting-Lu|Spikes|p2a: Torterra
|-sidestart|p2: Lin wen di|Spikes
|
|upkeep
|turn|2
|
|t:|1769337105
|move|p2a: Torterra|Bullet Seed|p1a: Ting-Lu
|-supereffective|p1a: Ting-Lu
|-damage|p1a: Ting-Lu|80/100
|-supereffective|p1a: Ting-Lu
|-damage|p1a: Ting-Lu|59/100
|-supereffective|p1a: Ting-Lu
|-damage|p1a: Ting-Lu|38/100
|-supereffective|p1a: Ting-Lu
|-damage|p1a: Ting-Lu|18/100
|-hitcount|p1a: Ting-Lu|4
|move|p1a: Ting-Lu|Whirlwind|p2a: Torterra
|drag|p2a: Samurott|Samurott-Hisui, M|100/100
|-damage|p2a: Samurott|88/100|[from] Spikes
|
|-heal|p1a: Ting-Lu|24/100|[from] item: Leftovers
|upkeep
|turn|3
|
|t:|1769337121
|switch|p1a: Alomomola|Alomomola, M|100/100
|move|p2a: Samurott|Ceaseless Edge|p1a: Alomomola
|-damage|p1a: Alomomola|78/100
|-sidestart|p1: jayjac|Spikes
|
|upkeep
|turn|4
|
|t:|1769337129
|move|p2a: Samurott|Ceaseless Edge|p1a: Alomomola
|-damage|p1a: Alomomola|53/100
|-sidestart|p1: jayjac|Spikes
|move|p1a: Alomomola|Wish|p1a: Alomomola
|
|upkeep
|turn|5
|
|t:|1769337135
|move|p2a: Samurott|Ceaseless Edge|p1a: Alomomola
|-damage|p1a: Alomomola|31/100
|-sidestart|p1: jayjac|Spikes
|move|p1a: Alomomola|Flip Turn|p2a: Samurott
|-resisted|p2a: Samurott
|-damage|p2a: Samurott|79/100
|
|t:|1769337139
|switch|p1a: Ting-Lu|Ting-Lu|24/100|[from] Flip Turn
|-damage|p1a: Ting-Lu|0 fnt|[from] Spikes
|faint|p1a: Ting-Lu
|
|upkeep
|
|t:|1769337150
|switch|p1a: Great Tusk|Great Tusk|100/100
|-damage|p1a: Great Tusk|76/100|[from] Spikes
|turn|6
|
|t:|1769337171
|switch|p2a: Slowbro|Slowbro, F|100/100
|-damage|p2a: Slowbro|88/100|[from] Spikes
|move|p1a: Great Tusk|Rapid Spin|p2a: Slowbro
|-damage|p2a: Slowbro|79/100
|-boost|p1a: Great Tusk|spe|1
|-damage|p1a: Great Tusk|59/100|[from] item: Rocky Helmet|[of] p2a: Slowbro
|-sideend|p1: jayjac|Spikes|[from] move: Rapid Spin|[of] p1a: Great Tusk
|
|-heal|p1a: Great Tusk|65/100|[from] item: Leftovers
|upkeep
|turn|7
|
|t:|1769337186
|move|p1a: Great Tusk|Stealth Rock|p2a: Slowbro
|-sidestart|p2: Lin wen di|move: Stealth Rock
|move|p2a: Slowbro|Slack Off|p2a: Slowbro
|-heal|p2a: Slowbro|100/100
|
|-heal|p1a: Great Tusk|71/100|[from] item: Leftovers
|upkeep
|turn|8
|
|t:|1769337195
|-end|p1a: Great Tusk|Protosynthesis|[silent]
|switch|p1a: Zamazenta|Zamazenta|100/100
|-ability|p1a: Zamazenta|Dauntless Shield|boost
|-boost|p1a: Zamazenta|def|1
|move|p2a: Slowbro|Scald|p1a: Zamazenta
|-damage|p1a: Zamazenta|81/100
|
|-heal|p1a: Zamazenta|87/100|[from] item: Leftovers
|upkeep
|turn|9
|
|t:|1769337203
|switch|p2a: Chesnaught|Chesnaught, F|100/100
|-damage|p2a: Chesnaught|88/100|[from] Spikes
|-damage|p2a: Chesnaught|82/100|[from] Stealth Rock
|move|p1a: Zamazenta|Roar|p2a: Chesnaught
|drag|p2a: Torterra|Torterra, F|100/100
|-damage|p2a: Torterra|88/100|[from] Spikes
|-damage|p2a: Torterra|82/100|[from] Stealth Rock
|
|-heal|p1a: Zamazenta|93/100|[from] item: Leftovers
|upkeep
|turn|10
|
|t:|1769337225
|move|p2a: Torterra|Shell Smash|p2a: Torterra
|-unboost|p2a: Torterra|def|1
|-unboost|p2a: Torterra|spd|1
|-boost|p2a: Torterra|atk|2
|-boost|p2a: Torterra|spa|2
|-boost|p2a: Torterra|spe|2
|move|p1a: Zamazenta|Roar|p2a: Torterra
|drag|p2a: Chesnaught|Chesnaught, F|82/100
|-damage|p2a: Chesnaught|70/100|[from] Spikes
|-damage|p2a: Chesnaught|64/100|[from] Stealth Rock
|
|-heal|p1a: Zamazenta|99/100|[from] item: Leftovers
|upkeep
|turn|11
|
|t:|1769337237
|move|p1a: Zamazenta|Iron Defense|p1a: Zamazenta
|-boost|p1a: Zamazenta|def|2
|move|p2a: Chesnaught|Leech Seed|p1a: Zamazenta
|-start|p1a: Zamazenta|move: Leech Seed
|
|-heal|p1a: Zamazenta|100/100|[from] item: Leftovers
|-damage|p1a: Zamazenta|88/100|[from] Leech Seed|[of] p2a: Chesnaught
|-heal|p2a: Chesnaught|76/100|[silent]
|upkeep
|turn|12
|
|t:|1769337243
|move|p2a: Chesnaught|Spiky Shield|p2a: Chesnaught
|-singleturn|p2a: Chesnaught|move: Protect
|move|p1a: Zamazenta|Roar|p2a: Chesnaught
|drag|p2a: Torterra|Torterra, F|82/100
|-damage|p2a: Torterra|70/100|[from] Spikes
|-damage|p2a: Torterra|64/100|[from] Stealth Rock
|
|-heal|p1a: Zamazenta|94/100|[from] item: Leftovers
|-damage|p1a: Zamazenta|82/100|[from] Leech Seed|[of] p2a: Torterra
|-heal|p2a: Torterra|78/100|[silent]
|upkeep
|turn|13
|
|t:|1769337252
|move|p1a: Zamazenta|Body Press|p2a: Torterra
|-damage|p2a: Torterra|0 fnt
|faint|p2a: Torterra
|
|-heal|p1a: Zamazenta|88/100|[from] item: Leftovers
|upkeep
|
|t:|1769337256
|switch|p2a: Slowbro|Slowbro, F|100/100
|-damage|p2a: Slowbro|88/100|[from] Spikes
|-damage|p2a: Slowbro|76/100|[from] Stealth Rock
|turn|14
|
|t:|1769337261
|move|p2a: Slowbro|Scald|p1a: Zamazenta
|-damage|p1a: Zamazenta|69/100
|move|p1a: Zamazenta|Roar|p2a: Slowbro
|drag|p2a: Chesnaught|Chesnaught, F|76/100
|-damage|p2a: Chesnaught|64/100|[from] Spikes
|-damage|p2a: Chesnaught|58/100|[from] Stealth Rock
|
|-heal|p1a: Zamazenta|75/100|[from] item: Leftovers
|-damage|p1a: Zamazenta|63/100|[from] Leech Seed|[of] p2a: Chesnaught
|-heal|p2a: Chesnaught|70/100|[silent]
|upkeep
|turn|15
|
|t:|1769337271
|move|p1a: Zamazenta|Body Press|p2a: Chesnaught
|-damage|p2a: Chesnaught|0 fnt
|-damage|p1a: Zamazenta|46/100|[from] item: Rocky Helmet|[of] p2a: Chesnaught
|faint|p2a: Chesnaught
|
|-heal|p1a: Zamazenta|52/100|[from] item: Leftovers
|upkeep
|
|t:|1769337278
|switch|p2a: Slowbro|Slowbro, F|100/100
|-damage|p2a: Slowbro|88/100|[from] Spikes
|-damage|p2a: Slowbro|76/100|[from] Stealth Rock
|turn|16
|
|t:|1769337288
|move|p1a: Zamazenta|Crunch|p2a: Slowbro
|-supereffective|p2a: Slowbro
|-damage|p2a: Slowbro|50/100
|-damage|p1a: Zamazenta|36/100|[from] item: Rocky Helmet|[of] p2a: Slowbro
|move|p2a: Slowbro|Scald|p1a: Zamazenta
|-damage|p1a: Zamazenta|16/100
|
|-heal|p1a: Zamazenta|22/100|[from] item: Leftovers
|-damage|p1a: Zamazenta|10/100|[from] Leech Seed|[of] p2a: Slowbro
|-heal|p2a: Slowbro|62/100|[silent]
|upkeep
|turn|17
|
|t:|1769337299
|switch|p1a: Primarina|Primarina, M|100/100
|move|p2a: Slowbro|Scald|p1a: Primarina
|-resisted|p1a: Primarina
|-damage|p1a: Primarina|92/100
|
|upkeep
|turn|18
|
|t:|1769337306
|move|p1a: Primarina|Flip Turn|p2a: Slowbro
|-resisted|p2a: Slowbro
|-damage|p2a: Slowbro|58/100
|-damage|p1a: Primarina|76/100|[from] item: Rocky Helmet|[of] p2a: Slowbro
|
|t:|1769337310
|switch|p1a: Alomomola|Alomomola, M|64/100|[from] Flip Turn
|move|p2a: Slowbro|Slack Off|p2a: Slowbro
|-heal|p2a: Slowbro|100/100
|
|upkeep
|turn|19
|
|t:|1769337316
|move|p1a: Alomomola|Wish|p1a: Alomomola
|move|p2a: Slowbro|Calm Mind|p2a: Slowbro
|-boost|p2a: Slowbro|spa|1
|-boost|p2a: Slowbro|spd|1
|
|upkeep
|turn|20
|
|t:|1769337321
|move|p1a: Alomomola|Flip Turn|p2a: Slowbro
|-resisted|p2a: Slowbro
|-damage|p2a: Slowbro|96/100
|-damage|p1a: Alomomola|47/100|[from] item: Rocky Helmet|[of] p2a: Slowbro
|
|t:|1769337339
|switch|p1a: Zamazenta|Zamazenta|10/100|[from] Flip Turn
|move|p2a: Slowbro|Calm Mind|p2a: Slowbro
|-boost|p2a: Slowbro|spa|1
|-boost|p2a: Slowbro|spd|1
|
|-heal|p1a: Zamazenta|79/100|[from] move: Wish|[wisher] Alomomola
|-heal|p1a: Zamazenta|85/100|[from] item: Leftovers
|upkeep
|turn|21
|
|t:|1769337346
|move|p2a: Slowbro|Scald|p1a: Zamazenta
|-damage|p1a: Zamazenta|44/100
|move|p1a: Zamazenta|Roar|p2a: Slowbro
|drag|p2a: Samurott|Samurott-Hisui, M|79/100
|-damage|p2a: Samurott|66/100|[from] Spikes
|-damage|p2a: Samurott|54/100|[from] Stealth Rock
|
|-heal|p1a: Zamazenta|50/100|[from] item: Leftovers
|upkeep
|turn|22
|
|t:|1769337359
|switch|p2a: Slowbro|Slowbro, F|100/100
|-damage|p2a: Slowbro|88/100|[from] Spikes
|-damage|p2a: Slowbro|76/100|[from] Stealth Rock
|move|p1a: Zamazenta|Body Press|p2a: Slowbro
|-resisted|p2a: Slowbro
|-damage|p2a: Slowbro|64/100
|-damage|p1a: Zamazenta|33/100|[from] item: Rocky Helmet|[of] p2a: Slowbro
|
|-heal|p1a: Zamazenta|40/100|[from] item: Leftovers
|upkeep
|turn|23
|
|t:|1769337368
|move|p2a: Slowbro|Slack Off|p2a: Slowbro
|-heal|p2a: Slowbro|100/100
|move|p1a: Zamazenta|Roar|p2a: Slowbro
|drag|p2a: Kingambit|Kingambit, M|100/100
|-activate|p2a: Kingambit|ability: Supreme Overlord
|-start|p2a: Kingambit|fallen2|[silent]
|
|-heal|p1a: Zamazenta|46/100|[from] item: Leftovers
|upkeep
|turn|24
|
|t:|1769337382
|switch|p1a: Alomomola|Alomomola, M|81/100
|-terastallize|p2a: Kingambit|Ghost
|move|p2a: Kingambit|Substitute|p2a: Kingambit
|-start|p2a: Kingambit|Substitute
|-damage|p2a: Kingambit|75/100
|
|upkeep
|turn|25
|
|t:|1769337391
|move|p1a: Alomomola|Wish|p1a: Alomomola
|move|p2a: Kingambit|Swords Dance|p2a: Kingambit
|-boost|p2a: Kingambit|atk|2
|
|upkeep
|turn|26
|
|t:|1769337394
|move|p1a: Alomomola|Flip Turn|p2a: Kingambit
|-activate|p2a: Kingambit|move: Substitute|[damage]
|
|t:|1769337420
|switch|p1a: Primarina|Primarina, M|76/100|[from] Flip Turn
|move|p2a: Kingambit|Swords Dance|p2a: Kingambit
|-boost|p2a: Kingambit|atk|2
|
|-heal|p1a: Primarina|100/100|[from] move: Wish|[wisher] Alomomola
|upkeep
|turn|27
|
|t:|1769337428
|move|p1a: Primarina|Moonblast|p2a: Kingambit
|-end|p2a: Kingambit|Substitute
|move|p2a: Kingambit|Iron Head|p1a: Primarina
|-damage|p1a: Primarina|0 fnt
|faint|p1a: Primarina
|
|upkeep
|
|t:|1769337440
|switch|p1a: Moltres|Moltres|100/100
|turn|28
|
|t:|1769337448
|move|p2a: Kingambit|Substitute|p2a: Kingambit
|-start|p2a: Kingambit|Substitute
|-damage|p2a: Kingambit|50/100
|move|p1a: Moltres|Roar|p2a: Kingambit
|-end|p2a: Kingambit|fallen2|[silent]
|drag|p2a: Arcanine|Arcanine-Hisui, M|100/100
|-damage|p2a: Arcanine|88/100|[from] Spikes
|-damage|p2a: Arcanine|63/100|[from] Stealth Rock
|
|upkeep
|turn|29
|
|t:|1769337468
|move|p2a: Arcanine|Head Smash|p1a: Moltres|[miss]
|-miss|p2a: Arcanine|p1a: Moltres
|move|p1a: Moltres|Roar|p2a: Arcanine
|drag|p2a: Samurott|Samurott-Hisui, M|54/100
|-damage|p2a: Samurott|41/100|[from] Spikes
|-damage|p2a: Samurott|29/100|[from] Stealth Rock
|
|upkeep
|turn|30
|
|t:|1769337482
|switch|p1a: Alomomola|Alomomola, M|100/100
|move|p2a: Samurott|Ceaseless Edge|p1a: Alomomola
|-damage|p1a: Alomomola|75/100
|-sidestart|p1: jayjac|Spikes
|
|upkeep
|turn|31
|
|t:|1769337489
|move|p2a: Samurott|Ceaseless Edge|p1a: Alomomola
|-damage|p1a: Alomomola|51/100
|-sidestart|p1: jayjac|Spikes
|move|p1a: Alomomola|Wish|p1a: Alomomola
|
|upkeep
|turn|32
|
|t:|1769337496
|switch|p2a: Slowbro|Slowbro, F|100/100
|-damage|p2a: Slowbro|88/100|[from] Spikes
|-damage|p2a: Slowbro|76/100|[from] Stealth Rock
|move|p1a: Alomomola|Flip Turn|p2a: Slowbro
|-resisted|p2a: Slowbro
|-damage|p2a: Slowbro|71/100
|-damage|p1a: Alomomola|34/100|[from] item: Rocky Helmet|[of] p2a: Slowbro
|
|t:|1769337510
|switch|p1a: Zamazenta|Zamazenta|46/100|[from] Flip Turn
|-damage|p1a: Zamazenta|29/100|[from] Spikes
|
|-heal|p1a: Zamazenta|98/100|[from] move: Wish|[wisher] Alomomola
|-heal|p1a: Zamazenta|100/100|[from] item: Leftovers
|upkeep
|turn|33
|
|t:|1769337518
|move|p2a: Slowbro|Scald|p1a: Zamazenta
|-damage|p1a: Zamazenta|80/100
|move|p1a: Zamazenta|Roar|p2a: Slowbro
|drag|p2a: Samurott|Samurott-Hisui, M|29/100
|-damage|p2a: Samurott|17/100|[from] Spikes
|-damage|p2a: Samurott|4/100|[from] Stealth Rock
|
|-heal|p1a: Zamazenta|86/100|[from] item: Leftovers
|upkeep
|turn|34
|
|t:|1769337537
|switch|p2a: Slowbro|Slowbro, F|100/100
|-damage|p2a: Slowbro|88/100|[from] Spikes
|-damage|p2a: Slowbro|76/100|[from] Stealth Rock
|move|p1a: Zamazenta|Crunch|p2a: Slowbro
|-supereffective|p2a: Slowbro
|-damage|p2a: Slowbro|50/100
|-damage|p1a: Zamazenta|70/100|[from] item: Rocky Helmet|[of] p2a: Slowbro
|
|-heal|p1a: Zamazenta|76/100|[from] item: Leftovers
|upkeep
|turn|35
|
|t:|1769337546
|move|p1a: Zamazenta|Iron Defense|p1a: Zamazenta
|-boost|p1a: Zamazenta|def|2
|move|p2a: Slowbro|Slack Off|p2a: Slowbro
|-heal|p2a: Slowbro|99/100
|
|-heal|p1a: Zamazenta|82/100|[from] item: Leftovers
|upkeep
|turn|36
|
|t:|1769337554
|move|p2a: Slowbro|Scald|p1a: Zamazenta
|-damage|p1a: Zamazenta|60/100
|move|p1a: Zamazenta|Roar|p2a: Slowbro
|drag|p2a: Kingambit|Kingambit, M, tera:Ghost|50/100
|-activate|p2a: Kingambit|ability: Supreme Overlord
|-start|p2a: Kingambit|fallen2|[silent]
|
|-heal|p1a: Zamazenta|66/100|[from] item: Leftovers
|upkeep
|turn|37
|
|t:|1769337566
|move|p1a: Zamazenta|Crunch|p2a: Kingambit
|-supereffective|p2a: Kingambit
|-damage|p2a: Kingambit|18/100
|move|p2a: Kingambit|Iron Head|p1a: Zamazenta
|-damage|p1a: Zamazenta|51/100
|
|-heal|p1a: Zamazenta|57/100|[from] item: Leftovers
|upkeep
|turn|38
|
|t:|1769337574
|move|p1a: Zamazenta|Crunch|p2a: Kingambit
|-supereffective|p2a: Kingambit
|-damage|p2a: Kingambit|0 fnt
|faint|p2a: Kingambit
|-end|p2a: Kingambit|fallen2|[silent]
|
|-heal|p1a: Zamazenta|63/100|[from] item: Leftovers
|upkeep
|
|t:|1769337582
|switch|p2a: Slowbro|Slowbro, F|100/100
|-damage|p2a: Slowbro|88/100|[from] Spikes
|-damage|p2a: Slowbro|76/100|[from] Stealth Rock
|turn|39
|
|t:|1769337598
|move|p2a: Slowbro|Scald|p1a: Zamazenta
|-damage|p1a: Zamazenta|43/100
|move|p1a: Zamazenta|Roar|p2a: Slowbro
|drag|p2a: Arcanine|Arcanine-Hisui, M|63/100
|-damage|p2a: Arcanine|51/100|[from] Spikes
|-damage|p2a: Arcanine|26/100|[from] Stealth Rock
|
|-heal|p1a: Zamazenta|49/100|[from] item: Leftovers
|upkeep
|turn|40
|
|t:|1769337609
|move|p2a: Arcanine|Extreme Speed|p1a: Zamazenta
|-damage|p1a: Zamazenta|35/100
|move|p1a: Zamazenta|Body Press|p2a: Arcanine
|-supereffective|p2a: Arcanine
|-damage|p2a: Arcanine|0 fnt
|faint|p2a: Arcanine
|
|-heal|p1a: Zamazenta|41/100|[from] item: Leftovers
|upkeep
|
|t:|1769337616
|switch|p2a: Slowbro|Slowbro, F|100/100
|-damage|p2a: Slowbro|88/100|[from] Spikes
|-damage|p2a: Slowbro|76/100|[from] Stealth Rock
|turn|41
|
|t:|1769337627
|move|p2a: Slowbro|Scald|p1a: Zamazenta
|-damage|p1a: Zamazenta|20/100
|move|p1a: Zamazenta|Roar|p2a: Slowbro
|drag|p2a: Samurott|Samurott-Hisui, M|4/100
|-damage|p2a: Samurott|0 fnt|[from] Spikes
|faint|p2a: Samurott
|
|-heal|p1a: Zamazenta|27/100|[from] item: Leftovers
|upkeep
|
|t:|1769337634
|switch|p2a: Slowbro|Slowbro, F|100/100
|-damage|p2a: Slowbro|88/100|[from] Spikes
|-damage|p2a: Slowbro|76/100|[from] Stealth Rock
|turn|42
|
|t:|1769337650
|move|p1a: Zamazenta|Body Press|p2a: Slowbro
|-resisted|p2a: Slowbro
|-damage|p2a: Slowbro|53/100
|-damage|p1a: Zamazenta|10/100|[from] item: Rocky Helmet|[of] p2a: Slowbro
|move|p2a: Slowbro|Slack Off|p2a: Slowbro
|-heal|p2a: Slowbro|100/100
|
|-heal|p1a: Zamazenta|16/100|[from] item: Leftovers
|upkeep
|turn|43
|
|t:|1769337660
|switch|p1a: Alomomola|Alomomola, M|68/100
|move|p2a: Slowbro|Scald|p1a: Alomomola
|-resisted|p1a: Alomomola
|-damage|p1a: Alomomola|52/100
|
|upkeep
|turn|44
|
|t:|1769337668
|move|p1a: Alomomola|Wish|p1a: Alomomola
|move|p2a: Slowbro|Calm Mind|p2a: Slowbro
|-boost|p2a: Slowbro|spa|1
|-boost|p2a: Slowbro|spd|1
|
|upkeep
|turn|45
|
|t:|1769337672
|move|p1a: Alomomola|Flip Turn|p2a: Slowbro
|-resisted|p2a: Slowbro
|-damage|p2a: Slowbro|96/100
|-damage|p1a: Alomomola|36/100|[from] item: Rocky Helmet|[of] p2a: Slowbro
|
|t:|1769337678
|switch|p1a: Great Tusk|Great Tusk|71/100|[from] Flip Turn
|-damage|p1a: Great Tusk|55/100|[from] Spikes
|move|p2a: Slowbro|Calm Mind|p2a: Slowbro
|-boost|p2a: Slowbro|spa|1
|-boost|p2a: Slowbro|spd|1
|
|-heal|p1a: Great Tusk|100/100|[from] move: Wish|[wisher] Alomomola
|upkeep
|turn|46
|
|t:|1769337686
|move|p1a: Great Tusk|Rapid Spin|p2a: Slowbro
|-crit|p2a: Slowbro
|-damage|p2a: Slowbro|83/100
|-boost|p1a: Great Tusk|spe|1
|-damage|p1a: Great Tusk|84/100|[from] item: Rocky Helmet|[of] p2a: Slowbro
|-sideend|p1: jayjac|Spikes|[from] move: Rapid Spin|[of] p1a: Great Tusk
|move|p2a: Slowbro|Scald|p1a: Great Tusk
|-supereffective|p1a: Great Tusk
|-damage|p1a: Great Tusk|0 fnt
|faint|p1a: Great Tusk
|-end|p1a: Great Tusk|Protosynthesis|[silent]
|
|upkeep
|
|t:|1769337699
|switch|p1a: Alomomola|Alomomola, M|69/100
|turn|47
|
|t:|1769337720
|move|p1a: Alomomola|Wish|p1a: Alomomola
|move|p2a: Slowbro|Calm Mind|p2a: Slowbro
|-boost|p2a: Slowbro|spa|1
|-boost|p2a: Slowbro|spd|1
|
|upkeep
|turn|48
|
|t:|1769337726
|move|p1a: Alomomola|Flip Turn|p2a: Slowbro
|-resisted|p2a: Slowbro
|-damage|p2a: Slowbro|79/100
|-damage|p1a: Alomomola|52/100|[from] item: Rocky Helmet|[of] p2a: Slowbro
|
|t:|1769337731
|switch|p1a: Zamazenta|Zamazenta|16/100|[from] Flip Turn
|move|p2a: Slowbro|Calm Mind|p2a: Slowbro
|-boost|p2a: Slowbro|spa|1
|-boost|p2a: Slowbro|spd|1
|
|-heal|p1a: Zamazenta|85/100|[from] move: Wish|[wisher] Alomomola
|-heal|p1a: Zamazenta|91/100|[from] item: Leftovers
|upkeep
|turn|49
|
|t:|1769337741
|move|p1a: Zamazenta|Crunch|p2a: Slowbro
|-supereffective|p2a: Slowbro
|-damage|p2a: Slowbro|55/100
|-damage|p1a: Zamazenta|75/100|[from] item: Rocky Helmet|[of] p2a: Slowbro
|move|p2a: Slowbro|Scald|p1a: Zamazenta
|-crit|p1a: Zamazenta
|-damage|p1a: Zamazenta|0 fnt
|faint|p1a: Zamazenta
|
|upkeep
|
|t:|1769337750
|switch|p1a: Moltres|Moltres|100/100
|turn|50
|
|t:|1769337753
|move|p1a: Moltres|U-turn|p2a: Slowbro
|-supereffective|p2a: Slowbro
|-damage|p2a: Slowbro|39/100
|-damage|p1a: Moltres|84/100|[from] item: Rocky Helmet|[of] p2a: Slowbro
|
|t:|1769337756
|switch|p1a: Alomomola|Alomomola, M|86/100|[from] U-turn
|move|p2a: Slowbro|Scald|p1a: Alomomola
|-resisted|p1a: Alomomola
|-damage|p1a: Alomomola|34/100
|-status|p1a: Alomomola|brn
|
|-damage|p1a: Alomomola|28/100 brn|[from] brn
|upkeep
|turn|51
|
|t:|1769337766
|move|p1a: Alomomola|Scald|p2a: Slowbro
|-resisted|p2a: Slowbro
|-damage|p2a: Slowbro|37/100
|move|p2a: Slowbro|Slack Off|p2a: Slowbro
|-heal|p2a: Slowbro|87/100
|
|-damage|p1a: Alomomola|22/100 brn|[from] brn
|upkeep
|turn|52
|
|t:|1769337770
|move|p1a: Alomomola|Scald|p2a: Slowbro
|-resisted|p2a: Slowbro
|-damage|p2a: Slowbro|84/100
|move|p2a: Slowbro|Calm Mind|p2a: Slowbro
|-boost|p2a: Slowbro|spa|1
|-boost|p2a: Slowbro|spd|1
|
|-damage|p1a: Alomomola|16/100 brn|[from] brn
|upkeep
|turn|53
|
|t:|1769337776
|move|p1a: Alomomola|Scald|p2a: Slowbro
|-resisted|p2a: Slowbro
|-damage|p2a: Slowbro|82/100
|move|p2a: Slowbro|Calm Mind|p2a: Slowbro
|-boost|p2a: Slowbro|spa|1
|-boost|p2a: Slowbro|spd|1
|
|-damage|p1a: Alomomola|10/100 brn|[from] brn
|upkeep
|turn|54
|-message|jayjac forfeited.
|
|win|Lin wen di
|raw|jayjac's rating: 1130 &rarr; <strong>1104</strong><br />(-26 for losing)
|raw|Lin wen di's rating: 1112 &rarr; <strong>1138</strong><br />(+26 for winning)
|c|☆Lin wen di|gg
|l|☆jayjac
|player|p1|
