|j|☆Ttar2pro
|j|☆Hgupic
|t:|1769336254
|gametype|singles
|player|p1|Ttar2pro|2|1161
|player|p2|Hgupic|266|1162
|gen|9
|tier|[Gen 9] OU
|rated|
|rule|HP Percentage Mod: HP is shown in percentages
|rule|Endless Battle Clause: Forcing endless battles is banned
|rule|Species Clause: Limit one of each Pokémon
|rule|OHKO Clause: OHKO moves are banned
|rule|Evasion Items Clause: Evasion items are banned
|rule|Evasion Moves Clause: Evasion moves are banned
|rule|Evasion Abilities Clause: Evasion abilities are banned
|rule|Sleep Moves Clause: Sleep-inducing moves are banned
|clearpoke
|poke|p1|Great Tusk|
|poke|p1|Rillaboom, M|
|poke|p1|Skeledirge, F|
|poke|p1|Tyranitar, M|
|poke|p1|Cobalion|
|poke|p1|Slowking-Galar, M|
|poke|p2|Swampert, F|
|poke|p2|Quagsire, F|
|poke|p2|Thundurus, M|
|poke|p2|Dragonite, M|
|poke|p2|Chandelure, F|
|poke|p2|Great Tusk|
|teampreview
|inactive|Battle timer is ON: inactive players will automatically lose when time's up. (requested by Ttar2pro)
|
|t:|1769336262
|teamsize|p1|6
|teamsize|p2|6
|start
|switch|p1a: Rillaboom|Rillaboom, M|100/100
|switch|p2a: Quagsire|Quagsire, F|100/100
|-fieldstart|move: Grassy Terrain|[from] ability: Grassy Surge|[of] p1a: Rillaboom
|turn|1
|
|t:|1769336273
|switch|p2a: Chandelure|Chandelure, F|100/100
|move|p1a: Rillaboom|U-turn|p2a: Chandelure
|-resisted|p2a: Chandelure
|-crit|p2a: Chandelure
|-damage|p2a: Chandelure|81/100
|
|t:|1769336282
|switch|p1a: Tyranitar|Tyranitar, M, shiny|100/100|[from] U-turn
|-weather|Sandstorm|[from] ability: Sand Stream|[of] p1a: Tyranitar
|
|-weather|Sandstorm|[upkeep]
|-damage|p2a: Chandelure|75/100|[from] Sandstorm
|-heal|p2a: Chandelure|81/100|[from] Grassy Terrain
|upkeep
|turn|2
|
|t:|1769336295
|move|p2a: Chandelure|Energy Ball|p1a: Tyranitar
|-supereffective|p1a: Tyranitar
|-damage|p1a: Tyranitar|59/100
|move|p1a: Tyranitar|Thunder Wave|p2a: Chandelure|[miss]
|-miss|p1a: Tyranitar|p2a: Chandelure
|
|-weather|Sandstorm|[upkeep]
|-damage|p2a: Chandelure|75/100|[from] Sandstorm
|-heal|p2a: Chandelure|81/100|[from] Grassy Terrain
|-heal|p1a: Tyranitar|66/100|[from] Grassy Terrain
|-heal|p1a: Tyranitar|72/100|[from] item: Leftovers
|upkeep
|turn|3
|
|t:|1769336301
|switch|p2a: Quagsire|Quagsire, F|100/100
|move|p1a: Tyranitar|Knock Off|p2a: Quagsire
|-damage|p2a: Quagsire|70/100
|-enditem|p2a: Quagsire|Leftovers|[from] move: Knock Off|[of] p1a: Tyranitar
|
|-weather|Sandstorm|[upkeep]
|-heal|p1a: Tyranitar|78/100|[from] Grassy Terrain
|-heal|p1a: Tyranitar|84/100|[from] item: Leftovers
|-heal|p2a: Quagsire|76/100|[from] Grassy Terrain
|upkeep
|turn|4
|
|t:|1769336306
|switch|p1a: Cobalion|Cobalion|100/100
|move|p2a: Quagsire|Stealth Rock|p1a: Cobalion
|-sidestart|p1: Ttar2pro|move: Stealth Rock
|
|-weather|Sandstorm|[upkeep]
|-heal|p2a: Quagsire|82/100|[from] Grassy Terrain
|upkeep
|turn|5
|
|t:|1769336317
|move|p1a: Cobalion|Body Press|p2a: Quagsire
|-damage|p2a: Quagsire|55/100
|move|p2a: Quagsire|Earthquake|p1a: Cobalion
|-supereffective|p1a: Cobalion
|-damage|p1a: Cobalion|80/100
|
|-weather|none
|-heal|p1a: Cobalion|86/100|[from] Grassy Terrain
|-heal|p2a: Quagsire|61/100|[from] Grassy Terrain
|-fieldend|move: Grassy Terrain
|upkeep
|turn|6
|
|t:|1769336328
|switch|p1a: Great Tusk|Great Tusk|100/100
|-damage|p1a: Great Tusk|98/100|[from] Stealth Rock
|move|p2a: Quagsire|Earthquake|p1a: Great Tusk
|-damage|p1a: Great Tusk|80/100
|
|-heal|p1a: Great Tusk|86/100|[from] item: Leftovers
|upkeep
|turn|7
|
|t:|1769336335
|move|p1a: Great Tusk|Rapid Spin|p2a: Quagsire
|-damage|p2a: Quagsire|51/100
|-boost|p1a: Great Tusk|spe|1
|-sideend|p1: Ttar2pro|Stealth Rock|[from] move: Rapid Spin|[of] p1a: Great Tusk
|move|p2a: Quagsire|Toxic|p1a: Great Tusk|[miss]
|-miss|p2a: Quagsire|p1a: Great Tusk
|
|-heal|p1a: Great Tusk|92/100|[from] item: Leftovers
|upkeep
|turn|8
|
|t:|1769336341
|-end|p1a: Great Tusk|Protosynthesis|[silent]
|switch|p1a: Cobalion|Cobalion|86/100
|move|p2a: Quagsire|Toxic|p1a: Cobalion
|-immune|p1a: Cobalion
|
|upkeep
|turn|9
|
|t:|1769336346
|move|p1a: Cobalion|Body Press|p2a: Quagsire
|-damage|p2a: Quagsire|22/100
|move|p2a: Quagsire|Stealth Rock|p1a: Cobalion
|-sidestart|p1: Ttar2pro|move: Stealth Rock
|
|upkeep
|turn|10
|
|t:|1769336356
|switch|p2a: Chandelure|Chandelure, F|81/100
|move|p1a: Cobalion|Volt Switch|p2a: Chandelure
|-damage|p2a: Chandelure|51/100
|
|t:|1769336364
|switch|p1a: Great Tusk|Great Tusk|92/100|[from] Volt Switch
|-damage|p1a: Great Tusk|89/100|[from] Stealth Rock
|
|-heal|p1a: Great Tusk|95/100|[from] item: Leftovers
|upkeep
|turn|11
|
|t:|1769336370
|move|p2a: Chandelure|Psychic|p1a: Great Tusk
|-supereffective|p1a: Great Tusk
|-damage|p1a: Great Tusk|1/100
|move|p1a: Great Tusk|Headlong Rush|p2a: Chandelure
|-supereffective|p2a: Chandelure
|-damage|p2a: Chandelure|0 fnt
|-unboost|p1a: Great Tusk|def|1
|-unboost|p1a: Great Tusk|spd|1
|faint|p2a: Chandelure
|
|-heal|p1a: Great Tusk|7/100|[from] item: Leftovers
|upkeep
|
|t:|1769336378
|switch|p2a: Dragonite|Dragonite, M|100/100
|turn|12
|
|t:|1769336386
|-end|p1a: Great Tusk|Protosynthesis|[silent]
|switch|p1a: Skeledirge|Skeledirge, F|100/100
|move|p2a: Dragonite|Dragon Dance|p2a: Dragonite
|-boost|p2a: Dragonite|atk|1
|-boost|p2a: Dragonite|spe|1
|
|upkeep
|turn|13
|
|t:|1769336393
|move|p2a: Dragonite|Earthquake|p1a: Skeledirge
|-supereffective|p1a: Skeledirge
|-damage|p1a: Skeledirge|40/100
|move|p1a: Skeledirge|Will-O-Wisp|p2a: Dragonite
|-status|p2a: Dragonite|brn
|
|-damage|p2a: Dragonite|94/100 brn|[from] brn
|upkeep
|turn|14
|
|t:|1769336397
|move|p2a: Dragonite|Dragon Dance|p2a: Dragonite
|-boost|p2a: Dragonite|atk|1
|-boost|p2a: Dragonite|spe|1
|move|p1a: Skeledirge|Slack Off|p1a: Skeledirge
|-heal|p1a: Skeledirge|90/100
|
|-heal|p2a: Dragonite|100/100 brn|[from] item: Leftovers
|-damage|p2a: Dragonite|94/100 brn|[from] brn
|upkeep
|turn|15
|
|t:|1769336401
|move|p2a: Dragonite|Dragon Dance|p2a: Dragonite
|-boost|p2a: Dragonite|atk|1
|-boost|p2a: Dragonite|spe|1
|move|p1a: Skeledirge|Torch Song|p2a: Dragonite
|-resisted|p2a: Dragonite
|-damage|p2a: Dragonite|80/100 brn
|-boost|p1a: Skeledirge|spa|1
|
|-heal|p2a: Dragonite|86/100 brn|[from] item: Leftovers
|-damage|p2a: Dragonite|80/100 brn|[from] brn
|upkeep
|turn|16
|
|t:|1769336410
|move|p2a: Dragonite|Earthquake|p1a: Skeledirge
|-supereffective|p1a: Skeledirge
|-crit|p1a: Skeledirge
|-damage|p1a: Skeledirge|48/100
|move|p1a: Skeledirge|Torch Song|p2a: Dragonite
|-resisted|p2a: Dragonite
|-damage|p2a: Dragonite|56/100 brn
|-boost|p1a: Skeledirge|spa|1
|
|-heal|p2a: Dragonite|62/100 brn|[from] item: Leftovers
|-damage|p2a: Dragonite|56/100 brn|[from] brn
|upkeep
|turn|17
|
|t:|1769336418
|move|p2a: Dragonite|Dragon Dance|p2a: Dragonite
|-boost|p2a: Dragonite|atk|1
|-boost|p2a: Dragonite|spe|1
|move|p1a: Skeledirge|Slack Off|p1a: Skeledirge
|-heal|p1a: Skeledirge|99/100
|
|-heal|p2a: Dragonite|62/100 brn|[from] item: Leftovers
|-damage|p2a: Dragonite|56/100 brn|[from] brn
|upkeep
|turn|18
|
|t:|1769336423
|move|p2a: Dragonite|Dragon Dance|p2a: Dragonite
|-boost|p2a: Dragonite|atk|1
|-boost|p2a: Dragonite|spe|1
|move|p1a: Skeledirge|Torch Song|p2a: Dragonite
|-resisted|p2a: Dragonite
|-damage|p2a: Dragonite|23/100 brn
|-boost|p1a: Skeledirge|spa|1
|
|-heal|p2a: Dragonite|30/100 brn|[from] item: Leftovers
|-damage|p2a: Dragonite|23/100 brn|[from] brn
|upkeep
|turn|19
|
|t:|1769336427
|move|p2a: Dragonite|Earthquake|p1a: Skeledirge
|-supereffective|p1a: Skeledirge
|-damage|p1a: Skeledirge|67/100
|move|p1a: Skeledirge|Torch Song|p2a: Dragonite
|-resisted|p2a: Dragonite
|-damage|p2a: Dragonite|0 fnt
|-boost|p1a: Skeledirge|spa|1
|faint|p2a: Dragonite
|
|upkeep
|
|t:|1769336436
|switch|p2a: Quagsire|Quagsire, F|22/100
|turn|20
|
|t:|1769336441
|move|p1a: Skeledirge|Hex|p2a: Quagsire
|-damage|p2a: Quagsire|0 fnt
|faint|p2a: Quagsire
|
|upkeep
|
|t:|1769336450
|switch|p2a: Swampert|Swampert, F|100/100
|turn|21
|
|t:|1769336453
|move|p1a: Skeledirge|Will-O-Wisp|p2a: Swampert
|-status|p2a: Swampert|brn
|move|p2a: Swampert|Knock Off|p1a: Skeledirge
|-supereffective|p1a: Skeledirge
|-damage|p1a: Skeledirge|43/100
|-enditem|p1a: Skeledirge|Heavy-Duty Boots|[from] move: Knock Off|[of] p2a: Swampert
|
|-damage|p2a: Swampert|94/100 brn|[from] brn
|upkeep
|turn|22
|
|t:|1769336458
|move|p1a: Skeledirge|Slack Off|p1a: Skeledirge
|-heal|p1a: Skeledirge|93/100
|move|p2a: Swampert|Earthquake|p1a: Skeledirge
|-supereffective|p1a: Skeledirge
|-damage|p1a: Skeledirge|55/100
|
|-heal|p2a: Swampert|100/100 brn|[from] item: Leftovers
|-damage|p2a: Swampert|94/100 brn|[from] brn
|upkeep
|turn|23
|
|t:|1769336466
|switch|p2a: Thundurus|Thundurus, M|100/100
|move|p1a: Skeledirge|Hex|p2a: Thundurus
|-damage|p2a: Thundurus|5/100
|
|-heal|p2a: Thundurus|11/100|[from] item: Leftovers
|upkeep
|turn|24
|
|t:|1769336473
|switch|p1a: Great Tusk|Great Tusk|7/100
|-damage|p1a: Great Tusk|4/100|[from] Stealth Rock
|move|p2a: Thundurus|Thunderbolt|p1a: Great Tusk
|-immune|p1a: Great Tusk
|
|-heal|p2a: Thundurus|17/100|[from] item: Leftovers
|-heal|p1a: Great Tusk|10/100|[from] item: Leftovers
|upkeep
|turn|25
|
|t:|1769336479
|move|p2a: Thundurus|Grass Knot|p1a: Great Tusk
|-supereffective|p1a: Great Tusk
|-damage|p1a: Great Tusk|0 fnt
|faint|p1a: Great Tusk
|-end|p1a: Great Tusk|Protosynthesis|[silent]
|
|-heal|p2a: Thundurus|23/100|[from] item: Leftovers
|upkeep
|
|t:|1769336482
|switch|p1a: Tyranitar|Tyranitar, M, shiny|84/100
|-damage|p1a: Tyranitar|72/100|[from] Stealth Rock
|-weather|Sandstorm|[from] ability: Sand Stream|[of] p1a: Tyranitar
|turn|26
|
|t:|1769336486
|move|p2a: Thundurus|Grass Knot|p1a: Tyranitar
|-supereffective|p1a: Tyranitar
|-damage|p1a: Tyranitar|39/100
|move|p1a: Tyranitar|Stealth Rock|p2a: Thundurus
|-sidestart|p2: Hgupic|move: Stealth Rock
|
|-weather|Sandstorm|[upkeep]
|-damage|p2a: Thundurus|17/100|[from] Sandstorm
|-heal|p2a: Thundurus|23/100|[from] item: Leftovers
|-heal|p1a: Tyranitar|45/100|[from] item: Leftovers
|upkeep
|turn|27
|
|t:|1769336490
|move|p2a: Thundurus|Grass Knot|p1a: Tyranitar
|-supereffective|p1a: Tyranitar
|-damage|p1a: Tyranitar|8/100
|move|p1a: Tyranitar|Knock Off|p2a: Thundurus
|-damage|p2a: Thundurus|0 fnt
|-enditem|p2a: Thundurus|Leftovers|[from] move: Knock Off|[of] p1a: Tyranitar
|faint|p2a: Thundurus
|
|-weather|Sandstorm|[upkeep]
|-heal|p1a: Tyranitar|14/100|[from] item: Leftovers
|upkeep
|-message|Hgupic forfeited.
|
|win|Ttar2pro
|raw|Ttar2pro's rating: 1161 &rarr; <strong>1186</strong><br />(+25 for winning)
|raw|Hgupic's rating: 1162 &rarr; <strong>1137</strong><br />(-25 for losing)
|l|☆Hgupic
|player|p2|
|l|☆Ttar2pro
|player|p1|
