|j|☆Nexirall
|j|☆BrownMamba12345
|t:|1769362311
|gametype|singles
|player|p1|Nexirall|galacticgruntf|1288
|player|p2|BrownMamba12345|101|1249
|gen|9
|tier|[Gen 9] OU
|rated|
|rule|HP Percentage Mod: HP is shown in percentages
|rule|Endless Battle Clause: Forcing endless battles is banned
|rule|Species Clause: Limit one of each Pokémon
|rule|OHKO Clause: OHKO moves are banned
|rule|Evasion Items Clause: Evasion items are banned
|rule|Evasion Moves Clause: Evasion moves are banned
|rule|Evasion Abilities Clause: Evasion abilities are banned
|rule|Sleep Moves Clause: Sleep-inducing moves are banned
|clearpoke
|poke|p1|Tyranitar, F|
|poke|p1|Hydrapple, F|
|poke|p1|Enamorus, F|
|poke|p1|Garganacl, M|
|poke|p1|Excadrill, F|
|poke|p1|Alomomola, M|
|poke|p2|Dragonite, M|
|poke|p2|Iron Valiant|
|poke|p2|Cinderace, M|
|poke|p2|Ting-Lu|
|poke|p2|Slowking-Galar, F|
|poke|p2|Vaporeon, F|
|teampreview
|inactive|Battle timer is ON: inactive players will automatically lose when time's up. (requested by Nexirall)
|j| AdmiradorDeMessi
|
|t:|1769362329
|teamsize|p1|6
|teamsize|p2|6
|start
|switch|p1a: Tyranitar|Tyranitar, F|100/100
|switch|p2a: Iron Valiant|Iron Valiant, shiny|100/100
|-weather|Sandstorm|[from] ability: Sand Stream|[of] p1a: Tyranitar
|-enditem|p2a: Iron Valiant|Booster Energy
|-activate|p2a: Iron Valiant|ability: Quark Drive|[fromitem]
|-start|p2a: Iron Valiant|quarkdrivespe
|turn|1
|
|t:|1769362342
|switch|p1a: Alomomola|Alomomola, M|100/100
|move|p2a: Iron Valiant|Swords Dance|p2a: Iron Valiant
|-boost|p2a: Iron Valiant|atk|2
|
|-weather|Sandstorm|[upkeep]
|-damage|p2a: Iron Valiant|94/100|[from] Sandstorm
|-damage|p1a: Alomomola|94/100|[from] Sandstorm
|upkeep
|turn|2
|inactive|BrownMamba12345 has 120 seconds left.
|
|t:|1769362379
|move|p2a: Iron Valiant|Knock Off|p1a: Alomomola
|-damage|p1a: Alomomola|53/100
|-enditem|p1a: Alomomola|Assault Vest|[from] move: Knock Off|[of] p2a: Iron Valiant
|move|p1a: Alomomola|Flip Turn|p2a: Iron Valiant
|-damage|p2a: Iron Valiant|74/100
|
|t:|1769362387
|switch|p1a: Excadrill|Excadrill, F|100/100|[from] Flip Turn
|
|-weather|Sandstorm|[upkeep]
|-damage|p2a: Iron Valiant|68/100|[from] Sandstorm
|upkeep
|turn|3
|
|t:|1769362405
|-terastallize|p2a: Iron Valiant|Ground
|move|p1a: Excadrill|Earthquake|p2a: Iron Valiant
|-damage|p2a: Iron Valiant|0 fnt
|faint|p2a: Iron Valiant
|-end|p2a: Iron Valiant|Quark Drive|[silent]
|
|-weather|Sandstorm|[upkeep]
|upkeep
|inactive|BrownMamba12345 has 120 seconds left.
|
|t:|1769362433
|switch|p2a: Ting-Lu|Ting-Lu|100/100
|-ability|p2a: Ting-Lu|Vessel of Ruin
|turn|4
|
|t:|1769362455
|move|p1a: Excadrill|Earthquake|p2a: Ting-Lu
|-damage|p2a: Ting-Lu|79/100
|move|p2a: Ting-Lu|Earthquake|p1a: Excadrill
|-supereffective|p1a: Excadrill
|-damage|p1a: Excadrill|0 fnt
|faint|p1a: Excadrill
|
|-weather|Sandstorm|[upkeep]
|-heal|p2a: Ting-Lu|86/100|[from] item: Leftovers
|upkeep
|
|t:|1769362460
|switch|p1a: Tyranitar|Tyranitar, F|100/100
|turn|5
|
|t:|1769362468
|move|p1a: Tyranitar|Low Kick|p2a: Ting-Lu
|-supereffective|p2a: Ting-Lu
|-damage|p2a: Ting-Lu|30/100
|move|p2a: Ting-Lu|Earthquake|p1a: Tyranitar
|-supereffective|p1a: Tyranitar
|-damage|p1a: Tyranitar|32/100
|
|-weather|none
|-heal|p2a: Ting-Lu|37/100|[from] item: Leftovers
|upkeep
|turn|6
|
|t:|1769362481
|switch|p2a: Vaporeon|Vaporeon, F, shiny|100/100
|move|p1a: Tyranitar|Low Kick|p2a: Vaporeon
|-damage|p2a: Vaporeon|63/100
|
|upkeep
|turn|7
|
|t:|1769362489
|switch|p1a: Hydrapple|Hydrapple, F|100/100
|move|p2a: Vaporeon|Hydro Pump|p1a: Hydrapple
|-resisted|p1a: Hydrapple
|-damage|p1a: Hydrapple|81/100
|
|upkeep
|turn|8
|inactive|BrownMamba12345 has 120 seconds left.
|
|t:|1769362522
|switch|p2a: Ting-Lu|Ting-Lu|37/100
|-ability|p2a: Ting-Lu|Vessel of Ruin
|move|p1a: Hydrapple|Nasty Plot|p1a: Hydrapple
|-boost|p1a: Hydrapple|spa|2
|
|-heal|p2a: Ting-Lu|43/100|[from] item: Leftovers
|upkeep
|turn|9
|
|t:|1769362541
|move|p2a: Ting-Lu|Spikes|p1a: Hydrapple
|-sidestart|p1: Nexirall|Spikes
|move|p1a: Hydrapple|Fickle Beam|p2a: Ting-Lu
|-damage|p2a: Ting-Lu|8/100
|
|-heal|p2a: Ting-Lu|14/100|[from] item: Leftovers
|upkeep
|turn|10
|
|t:|1769362547
|move|p1a: Hydrapple|Giga Drain|p2a: Ting-Lu
|-supereffective|p2a: Ting-Lu
|-damage|p2a: Ting-Lu|0 fnt
|-heal|p1a: Hydrapple|89/100|[from] drain|[of] p2a: Ting-Lu
|faint|p2a: Ting-Lu
|
|upkeep
|
|t:|1769362557
|switch|p2a: Vaporeon|Vaporeon, F, shiny|63/100
|turn|11
|
|t:|1769362563
|move|p2a: Vaporeon|Ice Beam|p1a: Hydrapple
|-supereffective|p1a: Hydrapple
|-damage|p1a: Hydrapple|0 fnt
|faint|p1a: Hydrapple
|
|upkeep
|c|☆Nexirall|was like 50/50 if you had an ice move
|c|☆BrownMamba12345|lol
|
|t:|1769362587
|switch|p1a: Garganacl|Garganacl, M|100/100
|-damage|p1a: Garganacl|88/100|[from] Spikes
|turn|12
|inactive|BrownMamba12345 has 120 seconds left.
|
|t:|1769362610
|switch|p2a: Dragonite|Dragonite, M|100/100
|move|p1a: Garganacl|Salt Cure|p2a: Dragonite
|-supereffective|p2a: Dragonite
|-damage|p2a: Dragonite|88/100
|-start|p2a: Dragonite|Salt Cure
|
|-heal|p1a: Garganacl|94/100|[from] item: Leftovers
|-damage|p2a: Dragonite|75/100|[from] Salt Cure
|upkeep
|turn|13
|
|t:|1769362619
|move|p2a: Dragonite|Thunder Wave|p1a: Garganacl
|-immune|p1a: Garganacl|[from] ability: Purifying Salt
|move|p1a: Garganacl|Stealth Rock|p2a: Dragonite
|-sidestart|p2: BrownMamba12345|move: Stealth Rock
|
|-heal|p1a: Garganacl|100/100|[from] item: Leftovers
|-damage|p2a: Dragonite|63/100|[from] Salt Cure
|upkeep
|turn|14
|
|t:|1769362631
|switch|p2a: Slowking|Slowking-Galar, F, shiny|100/100
|-damage|p2a: Slowking|88/100|[from] Stealth Rock
|move|p1a: Garganacl|Salt Cure|p2a: Slowking
|-damage|p2a: Slowking|76/100
|-start|p2a: Slowking|Salt Cure
|
|-heal|p2a: Slowking|82/100|[from] item: Leftovers
|-damage|p2a: Slowking|70/100|[from] Salt Cure
|upkeep
|turn|15
|
|t:|1769362641
|switch|p1a: Tyranitar|Tyranitar, F|32/100
|-damage|p1a: Tyranitar|20/100|[from] Spikes
|-weather|Sandstorm|[from] ability: Sand Stream|[of] p1a: Tyranitar
|move|p2a: Slowking|Future Sight|p1a: Tyranitar
|-start|p2a: Slowking|move: Future Sight
|
|-weather|Sandstorm|[upkeep]
|-damage|p2a: Slowking|63/100|[from] Sandstorm
|-heal|p2a: Slowking|70/100|[from] item: Leftovers
|-damage|p2a: Slowking|57/100|[from] Salt Cure
|upkeep
|turn|16
|inactive|BrownMamba12345 has 120 seconds left.
|
|t:|1769362653
|move|p1a: Tyranitar|Knock Off|p2a: Slowking
|-supereffective|p2a: Slowking
|-damage|p2a: Slowking|0 fnt
|-enditem|p2a: Slowking|Leftovers|[from] move: Knock Off|[of] p1a: Tyranitar
|faint|p2a: Slowking
|
|-weather|Sandstorm|[upkeep]
|upkeep
|
|t:|1769362663
|switch|p2a: Cinderace|Cinderace, M|100/100
|turn|17
|
|t:|1769362668
|move|p2a: Cinderace|U-turn|p1a: Tyranitar
|-start|p2a: Cinderace|typechange|Bug|[from] ability: Libero
|-supereffective|p1a: Tyranitar
|-damage|p1a: Tyranitar|0 fnt
|faint|p1a: Tyranitar
|inactive|BrownMamba12345 has 120 seconds left.
|
|t:|1769362679
|switch|p2a: Vaporeon|Vaporeon, F, shiny|63/100|[from] U-turn
|-damage|p2a: Vaporeon|50/100|[from] Stealth Rock
|
|-weather|Sandstorm|[upkeep]
|-damage|p2a: Vaporeon|44/100|[from] Sandstorm
|-hint|Future Sight did not hit because the target is fainted.
|upkeep
|
|t:|1769362682
|switch|p1a: Garganacl|Garganacl, M|100/100
|-damage|p1a: Garganacl|88/100|[from] Spikes
|turn|18
|
|t:|1769362690
|move|p2a: Vaporeon|Hydro Pump|p1a: Garganacl
|-supereffective|p1a: Garganacl
|-damage|p1a: Garganacl|5/100
|move|p1a: Garganacl|Salt Cure|p2a: Vaporeon
|-crit|p2a: Vaporeon
|-damage|p2a: Vaporeon|20/100
|-start|p2a: Vaporeon|Salt Cure
|
|-weather|Sandstorm|[upkeep]
|-damage|p2a: Vaporeon|14/100|[from] Sandstorm
|-heal|p1a: Garganacl|11/100|[from] item: Leftovers
|-damage|p2a: Vaporeon|0 fnt|[from] Salt Cure
|faint|p2a: Vaporeon
|upkeep
|inactive|BrownMamba12345 has 120 seconds left.
|
|t:|1769362705
|switch|p2a: Dragonite|Dragonite, M|63/100
|turn|19
|
|t:|1769362716
|move|p2a: Dragonite|Earthquake|p1a: Garganacl
|-supereffective|p1a: Garganacl
|-damage|p1a: Garganacl|0 fnt
|faint|p1a: Garganacl
|
|-weather|none
|upkeep
|
|t:|1769362718
|switch|p1a: Enamorus|Enamorus, F|100/100
|turn|20
|inactive|BrownMamba12345 has 120 seconds left.
|
|t:|1769362748
|move|p1a: Enamorus|Moonblast|p2a: Dragonite
|-supereffective|p2a: Dragonite
|-damage|p2a: Dragonite|2/100
|move|p2a: Dragonite|Roost|p2a: Dragonite
|-heal|p2a: Dragonite|52/100
|-singleturn|p2a: Dragonite|move: Roost
|
|upkeep
|turn|21
|inactive|BrownMamba12345 has 120 seconds left.
|c|☆Nexirall|huh
|c|☆Nexirall|how did it tank that
|c|☆BrownMamba12345|fuck
|
|t:|1769362759
|move|p1a: Enamorus|Moonblast|p2a: Dragonite
|-supereffective|p2a: Dragonite
|-damage|p2a: Dragonite|0 fnt
|faint|p2a: Dragonite
|
|upkeep
|
|t:|1769362763
|switch|p2a: Cinderace|Cinderace, M|100/100
|turn|22
|
|t:|1769362768
|switch|p1a: Alomomola|Alomomola, M|86/100
|-damage|p1a: Alomomola|74/100|[from] Spikes
|move|p2a: Cinderace|Pyro Ball|p1a: Alomomola
|-resisted|p1a: Alomomola
|-damage|p1a: Alomomola|56/100
|
|upkeep
|turn|23
|c|☆BrownMamba12345|gg
|
|t:|1769362781
|move|p2a: Cinderace|U-turn|p1a: Alomomola
|-start|p2a: Cinderace|typechange|Bug|[from] ability: Libero
|-damage|p1a: Alomomola|35/100
|move|p1a: Alomomola|Flip Turn|p2a: Cinderace
|-crit|p2a: Cinderace
|-damage|p2a: Cinderace|66/100
|
|t:|1769362787
|switch|p1a: Enamorus|Enamorus, F|100/100|[from] Flip Turn
|
|upkeep
|turn|24
|inactive|BrownMamba12345 has 120 seconds left.
|
|t:|1769362843
|-terastallize|p1a: Enamorus|Stellar
|move|p1a: Enamorus|Tera Blast|p2a: Cinderace|[anim] Tera Blast Stellar
|-damage|p2a: Cinderace|7/100
|-boost|p1a: Enamorus|atk|1
|-boost|p1a: Enamorus|spa|1
|move|p2a: Cinderace|Pyro Ball|p1a: Enamorus
|-damage|p1a: Enamorus|47/100
|
|upkeep
|turn|25
|c|☆Nexirall|gg
|
|t:|1769362853
|move|p1a: Enamorus|Tera Blast|p2a: Cinderace|[anim] Tera Blast Stellar
|-damage|p2a: Cinderace|0 fnt
|-boost|p1a: Enamorus|atk|1
|-boost|p1a: Enamorus|spa|1
|faint|p2a: Cinderace
|
|win|Nexirall
|raw|Nexirall's rating: 1288 &rarr; <strong>1310</strong><br />(+22 for winning)
|raw|BrownMamba12345's rating: 1249 &rarr; <strong>1227</strong><br />(-22 for losing)
|l| AdmiradorDeMessi
|l|☆BrownMamba12345
|player|p2|
|l|☆Nexirall
|player|p1|
