|j|☆Espnex
|j|☆SupernovaMoon23
|t:|1769424962
|gametype|singles
|player|p1|Espnex|170|1057
|player|p2|SupernovaMoon23|102|1075
|gen|9
|tier|[Gen 9] OU
|rated|
|rule|HP Percentage Mod: HP is shown in percentages
|rule|Endless Battle Clause: Forcing endless battles is banned
|rule|Species Clause: Limit one of each Pokémon
|rule|OHKO Clause: OHKO moves are banned
|rule|Evasion Items Clause: Evasion items are banned
|rule|Evasion Moves Clause: Evasion moves are banned
|rule|Evasion Abilities Clause: Evasion abilities are banned
|rule|Sleep Moves Clause: Sleep-inducing moves are banned
|clearpoke
|poke|p1|Granbull, M|
|poke|p1|Probopass, F|
|poke|p1|Basculegion, M|
|poke|p1|Muk-Alola, F|
|poke|p1|Ceruledge, M|
|poke|p1|Salazzle, F|
|poke|p2|Porygon2|
|poke|p2|Gliscor, F|
|poke|p2|Dragapult, M|
|poke|p2|Garganacl, M|
|poke|p2|Quaquaval, F|
|poke|p2|Slowking-Galar, F|
|teampreview
|
|t:|1769424982
|teamsize|p1|6
|teamsize|p2|6
|start
|switch|p1a: Granbull|Granbull, M|100/100
|switch|p2a: Dragapult|Dragapult, M|100/100
|-ability|p1a: Granbull|Intimidate|boost
|-fail|p2a: Dragapult|unboost|[from] ability: Clear Body|[of] p2a: Dragapult
|turn|1
|
|t:|1769424997
|switch|p2a: Slowking|Slowking-Galar, F|100/100
|move|p1a: Granbull|Close Combat|p2a: Slowking
|-resisted|p2a: Slowking
|-damage|p2a: Slowking|85/100
|-unboost|p1a: Granbull|def|1
|-unboost|p1a: Granbull|spd|1
|
|upkeep
|turn|2
|
|t:|1769425010
|switch|p1a: Probopass|Probopass, F|100/100
|move|p2a: Slowking|Calm Mind|p2a: Slowking
|-boost|p2a: Slowking|spa|1
|-boost|p2a: Slowking|spd|1
|
|upkeep
|turn|3
|
|t:|1769425018
|move|p1a: Probopass|Stealth Rock|p2a: Slowking
|-sidestart|p2: SupernovaMoon23|move: Stealth Rock
|move|p2a: Slowking|Chilling Water|p1a: Probopass
|-supereffective|p1a: Probopass
|-damage|p1a: Probopass|65/100
|-unboost|p1a: Probopass|atk|1
|
|upkeep
|turn|4
|
|t:|1769425024
|move|p1a: Probopass|Thunder Wave|p2a: Slowking
|-status|p2a: Slowking|par
|cant|p2a: Slowking|par
|
|upkeep
|turn|5
|
|t:|1769425029
|move|p1a: Probopass|Earth Power|p2a: Slowking
|-supereffective|p2a: Slowking
|-damage|p2a: Slowking|64/100 par
|cant|p2a: Slowking|par
|
|upkeep
|turn|6
|
|t:|1769425035
|move|p1a: Probopass|Earth Power|p2a: Slowking
|-supereffective|p2a: Slowking
|-damage|p2a: Slowking|46/100 par
|move|p2a: Slowking|Calm Mind|p2a: Slowking
|-boost|p2a: Slowking|spa|1
|-boost|p2a: Slowking|spd|1
|
|upkeep
|turn|7
|
|t:|1769425040
|move|p1a: Probopass|Earth Power|p2a: Slowking
|-supereffective|p2a: Slowking
|-damage|p2a: Slowking|32/100 par
|move|p2a: Slowking|Chilling Water|p1a: Probopass
|-supereffective|p1a: Probopass
|-damage|p1a: Probopass|22/100
|-unboost|p1a: Probopass|atk|1
|
|upkeep
|turn|8
|
|t:|1769425045
|move|p1a: Probopass|Earth Power|p2a: Slowking
|-supereffective|p2a: Slowking
|-damage|p2a: Slowking|18/100 par
|move|p2a: Slowking|Chilling Water|p1a: Probopass
|-supereffective|p1a: Probopass
|-damage|p1a: Probopass|0 fnt
|faint|p1a: Probopass
|
|upkeep
|
|t:|1769425057
|switch|p1a: Basculegion|Basculegion, M|100/100
|turn|9
|
|t:|1769425065
|move|p1a: Basculegion|Flip Turn|p2a: Slowking
|-damage|p2a: Slowking|0 fnt
|faint|p2a: Slowking
|
|t:|1769425072
|switch|p1a: Granbull|Granbull, M|100/100|[from] Flip Turn
|
|upkeep
|
|t:|1769425086
|switch|p2a: Gliscor|Gliscor, F, shiny|100/100
|-damage|p2a: Gliscor|88/100|[from] Stealth Rock
|turn|10
|
|t:|1769425093
|switch|p1a: Basculegion|Basculegion, M|100/100
|move|p2a: Gliscor|Swords Dance|p2a: Gliscor
|-boost|p2a: Gliscor|atk|2
|
|-status|p2a: Gliscor|tox|[from] item: Toxic Orb
|upkeep
|turn|11
|
|t:|1769425103
|-terastallize|p1a: Basculegion|Water
|move|p1a: Basculegion|Aqua Jet|p2a: Gliscor
|-supereffective|p2a: Gliscor
|-damage|p2a: Gliscor|8/100 tox
|move|p2a: Gliscor|Earthquake|p1a: Basculegion
|-damage|p1a: Basculegion|0 fnt
|faint|p1a: Basculegion
|
|-heal|p2a: Gliscor|20/100 tox|[from] ability: Poison Heal
|upkeep
|
|t:|1769425110
|switch|p1a: Salazzle|Salazzle, F|100/100
|turn|12
|
|t:|1769425117
|move|p1a: Salazzle|Flamethrower|p2a: Gliscor
|-damage|p2a: Gliscor|0 fnt
|faint|p2a: Gliscor
|
|upkeep
|
|t:|1769425124
|switch|p2a: Quaquaval|Quaquaval, F|100/100
|-damage|p2a: Quaquaval|94/100|[from] Stealth Rock
|turn|13
|
|t:|1769425140
|move|p1a: Salazzle|Toxic|p2a: Quaquaval
|-status|p2a: Quaquaval|tox
|move|p2a: Quaquaval|Aqua Step|p1a: Salazzle
|-supereffective|p1a: Salazzle
|-damage|p1a: Salazzle|0 fnt
|-boost|p2a: Quaquaval|spe|1
|faint|p1a: Salazzle
|-ability|p2a: Quaquaval|Moxie|boost
|-boost|p2a: Quaquaval|atk|1
|
|-damage|p2a: Quaquaval|88/100 tox|[from] psn
|upkeep
|
|t:|1769425149
|switch|p1a: Muk|Muk-Alola, F|100/100
|turn|14
|
|t:|1769425152
|move|p2a: Quaquaval|Aqua Step|p1a: Muk
|-damage|p1a: Muk|0 fnt
|-boost|p2a: Quaquaval|spe|1
|faint|p1a: Muk
|-ability|p2a: Quaquaval|Moxie|boost
|-boost|p2a: Quaquaval|atk|1
|
|-damage|p2a: Quaquaval|76/100 tox|[from] psn
|upkeep
|
|t:|1769425162
|switch|p1a: Granbull|Granbull, M|100/100
|-ability|p1a: Granbull|Intimidate|boost
|-unboost|p2a: Quaquaval|atk|1
|turn|15
|
|t:|1769425165
|move|p2a: Quaquaval|Aqua Step|p1a: Granbull
|-damage|p1a: Granbull|0 fnt
|-boost|p2a: Quaquaval|spe|1
|faint|p1a: Granbull
|-ability|p2a: Quaquaval|Moxie|boost
|-boost|p2a: Quaquaval|atk|1
|
|-damage|p2a: Quaquaval|58/100 tox|[from] psn
|upkeep
|
|t:|1769425173
|switch|p1a: Ceruledge|Ceruledge, M|100/100
|turn|16
|
|t:|1769425176
|move|p1a: Ceruledge|Shadow Sneak|p2a: Quaquaval
|-damage|p2a: Quaquaval|32/100 tox
|move|p2a: Quaquaval|Aqua Step|p1a: Ceruledge
|-supereffective|p1a: Ceruledge
|-damage|p1a: Ceruledge|0 fnt
|-boost|p2a: Quaquaval|spe|1
|faint|p1a: Ceruledge
|
|win|SupernovaMoon23
|raw|Espnex's rating: 1057 &rarr; <strong>1039</strong><br />(-18 for losing)
|raw|SupernovaMoon23's rating: 1075 &rarr; <strong>1102</strong><br />(+27 for winning)
|l|☆SupernovaMoon23
|player|p2|
