|j|☆Ru1ned
|j|☆Parzival 321
|t:|1769446038
|gametype|singles
|player|p1|Ru1ned|blue|1000
|player|p2|Parzival 321|2|1000
|gen|9
|tier|[Gen 9] OU
|rated|
|rule|HP Percentage Mod: HP is shown in percentages
|rule|Endless Battle Clause: Forcing endless battles is banned
|rule|Species Clause: Limit one of each Pokémon
|rule|OHKO Clause: OHKO moves are banned
|rule|Evasion Items Clause: Evasion items are banned
|rule|Evasion Moves Clause: Evasion moves are banned
|rule|Evasion Abilities Clause: Evasion abilities are banned
|rule|Sleep Moves Clause: Sleep-inducing moves are banned
|clearpoke
|poke|p1|Espeon, M|
|poke|p1|Ceruledge, M|
|poke|p1|Grimmsnarl, M|
|poke|p1|Dragapult, M|
|poke|p1|Raging Bolt|
|poke|p1|Glimmora, M|
|poke|p2|Lucario, M|
|poke|p2|Conkeldurr, M|
|poke|p2|Azumarill, M|
|poke|p2|Greninja-*, M|
|poke|p2|Scizor, F|
|poke|p2|Talonflame, F|
|teampreview
|inactive|Battle timer is ON: inactive players will automatically lose when time's up. (requested by Ru1ned)
|
|t:|1769446045
|teamsize|p1|6
|teamsize|p2|6
|start
|switch|p1a: Glimmora|Glimmora, M, shiny|100/100
|switch|p2a: Conkeldurr|Conkeldurr, M|100/100
|turn|1
|
|t:|1769446061
|move|p1a: Glimmora|Stealth Rock|p2a: Conkeldurr
|-sidestart|p2: Parzival 321|move: Stealth Rock
|move|p2a: Conkeldurr|Earthquake|p1a: Glimmora
|-supereffective|p1a: Glimmora
|-enditem|p1a: Glimmora|Focus Sash
|-damage|p1a: Glimmora|1/100
|-activate|p1a: Glimmora|ability: Toxic Debris
|-sidestart|p2: Parzival 321|move: Toxic Spikes
|
|upkeep
|turn|2
|
|t:|1769446065
|move|p2a: Conkeldurr|Mach Punch|p1a: Glimmora
|-damage|p1a: Glimmora|0 fnt
|-activate|p1a: Glimmora|ability: Toxic Debris
|-sidestart|p2: Parzival 321|move: Toxic Spikes
|faint|p1a: Glimmora
|
|upkeep
|
|t:|1769446075
|switch|p1a: Grimmsnarl|Grimmsnarl, M, shiny|100/100
|turn|3
|
|t:|1769446084
|switch|p2a: Scizor|Scizor, F|100/100
|-damage|p2a: Scizor|88/100|[from] Stealth Rock
|move|p1a: Grimmsnarl|Reflect|p1a: Grimmsnarl
|-sidestart|p1: Ru1ned|Reflect
|
|-heal|p2a: Scizor|94/100|[from] item: Leftovers
|upkeep
|turn|4
|
|t:|1769446093
|move|p2a: Scizor|Bullet Punch|p1a: Grimmsnarl
|-supereffective|p1a: Grimmsnarl
|-damage|p1a: Grimmsnarl|67/100
|move|p1a: Grimmsnarl|Taunt|p2a: Scizor
|-start|p2a: Scizor|move: Taunt
|
|-heal|p2a: Scizor|100/100|[from] item: Leftovers
|upkeep
|turn|5
|
|t:|1769446097
|move|p1a: Grimmsnarl|Reflect||[still]
|-fail|p1a: Grimmsnarl
|move|p2a: Scizor|Knock Off|p1a: Grimmsnarl
|-resisted|p1a: Grimmsnarl
|-damage|p1a: Grimmsnarl|63/100
|-enditem|p1a: Grimmsnarl|Light Clay|[from] move: Knock Off|[of] p2a: Scizor
|
|upkeep
|turn|6
|
|t:|1769446107
|switch|p1a: Espeon|Espeon, M, shiny|100/100
|move|p2a: Scizor|Bullet Punch|p1a: Espeon
|-damage|p1a: Espeon|71/100
|
|upkeep
|turn|7
|
|t:|1769446110
|move|p1a: Espeon|Shadow Ball|p2a: Scizor
|-damage|p2a: Scizor|61/100
|-damage|p1a: Espeon|61/100|[from] item: Life Orb
|move|p2a: Scizor|U-turn|p1a: Espeon
|-supereffective|p1a: Espeon
|-damage|p1a: Espeon|0 fnt
|faint|p1a: Espeon
|
|t:|1769446121
|switch|p2a: Conkeldurr|Conkeldurr, M|100/100|[from] U-turn
|-damage|p2a: Conkeldurr|94/100|[from] Stealth Rock
|-status|p2a: Conkeldurr|tox
|
|-damage|p2a: Conkeldurr|88/100 tox|[from] psn
|upkeep
|
|t:|1769446142
|switch|p1a: Dragapult|Dragapult, M|100/100
|turn|8
|
|t:|1769446151
|move|p1a: Dragapult|Dragon Darts|p2a: Conkeldurr
|-damage|p2a: Conkeldurr|70/100 tox
|-anim|p1a: Dragapult|Dragon Darts|p2a: Conkeldurr
|-damage|p2a: Conkeldurr|50/100 tox
|move|p2a: Conkeldurr|Knock Off|p1a: Dragapult
|-supereffective|p1a: Dragapult
|-crit|p1a: Dragapult
|-damage|p1a: Dragapult|0 fnt
|-enditem|p1a: Dragapult|Leftovers|[from] move: Knock Off|[of] p2a: Conkeldurr
|faint|p1a: Dragapult
|
|-damage|p2a: Conkeldurr|38/100 tox|[from] psn
|upkeep
|
|t:|1769446155
|switch|p1a: Raging Bolt|Raging Bolt|100/100
|-enditem|p1a: Raging Bolt|Booster Energy
|-activate|p1a: Raging Bolt|ability: Protosynthesis|[fromitem]
|-start|p1a: Raging Bolt|protosynthesisspa
|turn|9
|
|t:|1769446163
|move|p1a: Raging Bolt|Thunderclap|p2a: Conkeldurr
|-damage|p2a: Conkeldurr|0 fnt
|faint|p2a: Conkeldurr
|
|upkeep
|
|t:|1769446179
|switch|p2a: Scizor|Scizor, F|61/100
|-damage|p2a: Scizor|49/100|[from] Stealth Rock
|turn|10
|
|t:|1769446185
|move|p1a: Raging Bolt|Thunderbolt|p2a: Scizor
|-damage|p2a: Scizor|0 fnt
|faint|p2a: Scizor
|
|-sideend|p1: Ru1ned|Reflect
|upkeep
|inactive|Parzival 321 has 120 seconds left.
|inactiveoff|Battle timer is now OFF.
|
|t:|1769446237
|switch|p2a: Lucario|Lucario, M|100/100
|-damage|p2a: Lucario|98/100|[from] Stealth Rock
|turn|11
|inactive|Battle timer is ON: inactive players will automatically lose when time's up. (requested by Ru1ned)
|
|t:|1769446248
|move|p2a: Lucario|Aura Sphere|p1a: Raging Bolt
|-damage|p1a: Raging Bolt|68/100
|move|p1a: Raging Bolt|Thunderbolt|p2a: Lucario
|-damage|p2a: Lucario|0 fnt
|faint|p2a: Lucario
|
|upkeep
|inactive|Parzival 321 has 120 seconds left.
|
|t:|1769446269
|switch|p2a: Azumarill|Azumarill, M|100/100
|-damage|p2a: Azumarill|88/100|[from] Stealth Rock
|-status|p2a: Azumarill|tox
|turn|12
|
|t:|1769446273
|move|p1a: Raging Bolt|Thunderbolt|p2a: Azumarill
|-supereffective|p2a: Azumarill
|-damage|p2a: Azumarill|12/100 tox
|move|p2a: Azumarill|Play Rough|p1a: Raging Bolt
|-supereffective|p1a: Raging Bolt
|-damage|p1a: Raging Bolt|0 fnt
|faint|p1a: Raging Bolt
|-end|p1a: Raging Bolt|Protosynthesis|[silent]
|
|-damage|p2a: Azumarill|6/100 tox|[from] psn
|upkeep
|
|t:|1769446280
|switch|p1a: Grimmsnarl|Grimmsnarl, M, shiny|63/100
|turn|13
|
|t:|1769446285
|move|p1a: Grimmsnarl|Reflect|p1a: Grimmsnarl
|-sidestart|p1: Ru1ned|Reflect
|move|p2a: Azumarill|Aqua Jet|p1a: Grimmsnarl
|-damage|p1a: Grimmsnarl|51/100
|
|-damage|p2a: Azumarill|0 fnt|[from] psn
|faint|p2a: Azumarill
|upkeep
|
|t:|1769446292
|switch|p2a: Talonflame|Talonflame, F|100/100
|-damage|p2a: Talonflame|50/100|[from] Stealth Rock
|turn|14
|
|t:|1769446295
|move|p1a: Grimmsnarl|Light Screen|p1a: Grimmsnarl
|-sidestart|p1: Ru1ned|move: Light Screen
|move|p2a: Talonflame|Roost|p2a: Talonflame
|-heal|p2a: Talonflame|100/100
|-singleturn|p2a: Talonflame|move: Roost
|
|upkeep
|turn|15
|
|t:|1769446300
|move|p1a: Grimmsnarl|Taunt|p2a: Talonflame
|-start|p2a: Talonflame|move: Taunt
|cant|p2a: Talonflame|move: Taunt|Swords Dance
|
|upkeep
|turn|16
|
|t:|1769446306
|switch|p1a: Ceruledge|Ceruledge, M, shiny|100/100
|move|p2a: Talonflame|Acrobatics|p1a: Ceruledge
|-damage|p1a: Ceruledge|70/100
|-ability|p1a: Ceruledge|Weak Armor|boost
|-unboost|p1a: Ceruledge|def|1
|-boost|p1a: Ceruledge|spe|2
|
|-heal|p1a: Ceruledge|76/100|[from] item: Leftovers
|upkeep
|turn|17
|
|t:|1769446315
|-terastallize|p1a: Ceruledge|Dark
|move|p2a: Talonflame|Acrobatics|p1a: Ceruledge
|-damage|p1a: Ceruledge|32/100
|-ability|p1a: Ceruledge|Weak Armor|boost
|-unboost|p1a: Ceruledge|def|1
|-boost|p1a: Ceruledge|spe|2
|move|p1a: Ceruledge|Bulk Up|p1a: Ceruledge
|-boost|p1a: Ceruledge|atk|1
|-boost|p1a: Ceruledge|def|1
|
|-heal|p1a: Ceruledge|39/100|[from] item: Leftovers
|-end|p2a: Talonflame|move: Taunt
|-sideend|p1: Ru1ned|Reflect
|upkeep
|turn|18
|
|t:|1769446322
|move|p1a: Ceruledge|Bitter Blade|p2a: Talonflame
|-resisted|p2a: Talonflame
|-damage|p2a: Talonflame|59/100
|-heal|p1a: Ceruledge|64/100|[from] drain|[of] p2a: Talonflame
|move|p2a: Talonflame|Swords Dance|p2a: Talonflame
|-boost|p2a: Talonflame|atk|2
|
|-heal|p1a: Ceruledge|71/100|[from] item: Leftovers
|-sideend|p1: Ru1ned|move: Light Screen
|upkeep
|turn|19
|
|t:|1769446325
|move|p1a: Ceruledge|Bitter Blade|p2a: Talonflame
|-resisted|p2a: Talonflame
|-damage|p2a: Talonflame|22/100
|-heal|p1a: Ceruledge|94/100|[from] drain|[of] p2a: Talonflame
|move|p2a: Talonflame|Acrobatics|p1a: Ceruledge
|-damage|p1a: Ceruledge|0 fnt
|faint|p1a: Ceruledge
|
|upkeep
|
|t:|1769446328
|switch|p1a: Grimmsnarl|Grimmsnarl, M, shiny|51/100
|turn|20
|
|t:|1769446331
|move|p2a: Talonflame|Acrobatics|p1a: Grimmsnarl
|-damage|p1a: Grimmsnarl|0 fnt
|faint|p1a: Grimmsnarl
|
|win|Parzival 321
|raw|Ru1ned's rating: 1000 &rarr; <strong>1000</strong><br />(+0 for losing)
|raw|Parzival 321's rating: 1000 &rarr; <strong>1040</strong><br />(+40 for winning)
|l|☆Ru1ned
|player|p1|
