|j|☆nonchalant_chef
|j|☆wetrain
|t:|1769397633
|gametype|singles
|player|p1|nonchalant_chef|cilan|1116
|player|p2|wetrain|169|1075
|gen|9
|tier|[Gen 9] OU
|rated|
|rule|HP Percentage Mod: HP is shown in percentages
|rule|Endless Battle Clause: Forcing endless battles is banned
|rule|Species Clause: Limit one of each Pokémon
|rule|OHKO Clause: OHKO moves are banned
|rule|Evasion Items Clause: Evasion items are banned
|rule|Evasion Moves Clause: Evasion moves are banned
|rule|Evasion Abilities Clause: Evasion abilities are banned
|rule|Sleep Moves Clause: Sleep-inducing moves are banned
|clearpoke
|poke|p1|Tsareena, F|
|poke|p1|Haunter, M|
|poke|p1|Spidops, F|
|poke|p1|Coalossal, F|
|poke|p1|Lanturn, F|
|poke|p1|Toedscruel, F|
|poke|p2|Tinkaton, F|
|poke|p2|Basculin-Blue-Striped, F|
|poke|p2|Pyroar, F|
|poke|p2|Lumineon, F|
|poke|p2|Great Tusk|
|poke|p2|Serperior, M|
|teampreview
|
|t:|1769397650
|teamsize|p1|6
|teamsize|p2|6
|start
|switch|p1a: Haunter|Haunter, M|100/100
|switch|p2a: Great Tusk|Great Tusk|100/100
|turn|1
|
|t:|1769397661
|move|p1a: Haunter|Will-O-Wisp|p2a: Great Tusk
|-status|p2a: Great Tusk|brn
|move|p2a: Great Tusk|Stealth Rock|p1a: Haunter
|-sidestart|p1: nonchalant_chef|move: Stealth Rock
|
|-damage|p2a: Great Tusk|94/100 brn|[from] brn
|upkeep
|turn|2
|
|t:|1769397669
|-end|p2a: Great Tusk|Protosynthesis|[silent]
|switch|p2a: Pyroar|Pyroar, F|100/100
|-ability|p2a: Pyroar|Unnerve
|move|p1a: Haunter|Encore||[still]
|-fail|p1a: Haunter
|
|upkeep
|turn|3
|
|t:|1769397679
|move|p1a: Haunter|Toxic|p2a: Pyroar
|-status|p2a: Pyroar|tox
|move|p2a: Pyroar|Dark Pulse|p1a: Haunter
|-supereffective|p1a: Haunter
|-damage|p1a: Haunter|3/100
|
|-damage|p2a: Pyroar|94/100 tox|[from] psn
|upkeep
|turn|4
|
|t:|1769397700
|switch|p1a: Tsareena|Tsareena, F|100/100
|-damage|p1a: Tsareena|88/100|[from] Stealth Rock
|move|p2a: Pyroar|Flamethrower|p1a: Tsareena
|-supereffective|p1a: Tsareena
|-damage|p1a: Tsareena|26/100
|
|-damage|p2a: Pyroar|82/100 tox|[from] psn
|upkeep
|turn|5
|
|t:|1769397718
|switch|p1a: Coalossal|Coalossal, F|100/100
|-damage|p1a: Coalossal|76/100|[from] Stealth Rock
|move|p2a: Pyroar|Hyper Voice|p1a: Coalossal
|-resisted|p1a: Coalossal
|-damage|p1a: Coalossal|56/100
|
|-damage|p2a: Pyroar|64/100 tox|[from] psn
|upkeep
|turn|6
|
|t:|1769397731
|switch|p2a: Basculin|Basculin-Blue-Striped, F|100/100
|move|p1a: Coalossal|Meteor Beam||[still]
|-prepare|p1a: Coalossal|Meteor Beam
|-boost|p1a: Coalossal|spa|1
|-enditem|p1a: Coalossal|Power Herb
|-anim|p1a: Coalossal|Meteor Beam|p2a: Basculin
|-damage|p2a: Basculin|0 fnt
|faint|p2a: Basculin
|
|upkeep
|
|t:|1769397743
|switch|p2a: Tinkaton|Tinkaton, F|100/100
|-ability|p2a: Tinkaton|Mold Breaker
|turn|7
|
|t:|1769397750
|move|p2a: Tinkaton|Encore|p1a: Coalossal
|-start|p1a: Coalossal|Encore
|move|p1a: Coalossal|Meteor Beam||[still]
|-prepare|p1a: Coalossal|Meteor Beam
|-boost|p1a: Coalossal|spa|1
|
|upkeep
|turn|8
|
|t:|1769397757
|move|p2a: Tinkaton|Knock Off|p1a: Coalossal
|-damage|p1a: Coalossal|44/100
|move|p1a: Coalossal|Meteor Beam|p2a: Tinkaton|[from] lockedmove
|-resisted|p2a: Tinkaton
|-damage|p2a: Tinkaton|49/100
|-enditem|p2a: Tinkaton|Eject Button
|
|t:|1769397774
|switch|p2a: Serperior|Serperior, M|100/100
|
|upkeep
|turn|9
|
|t:|1769397780
|move|p2a: Serperior|Leaf Storm|p1a: Coalossal
|-damage|p1a: Coalossal|15/100
|-boost|p2a: Serperior|spa|2
|move|p1a: Coalossal|Meteor Beam||[still]
|-prepare|p1a: Coalossal|Meteor Beam
|-boost|p1a: Coalossal|spa|1
|
|-end|p1a: Coalossal|Encore
|upkeep
|turn|10
|
|t:|1769397790
|move|p2a: Serperior|Leaf Storm|p1a: Coalossal|[miss]
|-miss|p2a: Serperior|p1a: Coalossal
|move|p1a: Coalossal|Meteor Beam|p2a: Serperior|[from] lockedmove
|-damage|p2a: Serperior|0 fnt
|faint|p2a: Serperior
|
|upkeep
|
|t:|1769397796
|switch|p2a: Lumineon|Lumineon, F|100/100
|turn|11
|inactive|Battle timer is ON: inactive players will automatically lose when time's up. (requested by nonchalant_chef)
|
|t:|1769397803
|-terastallize|p1a: Coalossal|Water
|move|p2a: Lumineon|Whirlpool|p1a: Coalossal
|-resisted|p1a: Coalossal
|-damage|p1a: Coalossal|9/100
|-activate|p1a: Coalossal|move: Whirlpool|[of] p2a: Lumineon
|-ability|p1a: Coalossal|Steam Engine|boost
|-boost|p1a: Coalossal|spe|6
|move|p1a: Coalossal|Power Gem|p2a: Lumineon
|-damage|p2a: Lumineon|0 fnt
|faint|p2a: Lumineon
|
|-end|p1a: Coalossal|Whirlpool|[partiallytrapped]|[silent]
|upkeep
|-message|wetrain forfeited.
|
|win|nonchalant_chef
|raw|nonchalant_chef's rating: 1116 &rarr; <strong>1138</strong><br />(+22 for winning)
|raw|wetrain's rating: 1075 &rarr; <strong>1056</strong><br />(-19 for losing)
|l|☆wetrain
|player|p2|
|l|☆nonchalant_chef
|player|p1|
