|j|☆henry_gaslitz
|j|☆PC Hulkster
|t:|1769419900
|gametype|singles
|player|p1|henry_gaslitz|1|1298
|player|p2|PC Hulkster|wattson|1238
|gen|9
|tier|[Gen 9] OU
|rated|
|rule|HP Percentage Mod: HP is shown in percentages
|rule|Endless Battle Clause: Forcing endless battles is banned
|rule|Species Clause: Limit one of each Pokémon
|rule|OHKO Clause: OHKO moves are banned
|rule|Evasion Items Clause: Evasion items are banned
|rule|Evasion Moves Clause: Evasion moves are banned
|rule|Evasion Abilities Clause: Evasion abilities are banned
|rule|Sleep Moves Clause: Sleep-inducing moves are banned
|clearpoke
|poke|p1|Kyurem|
|poke|p1|Rillaboom, F|
|poke|p1|Garganacl, F|
|poke|p1|Pecharunt|
|poke|p1|Iron Treads|
|poke|p1|Zamazenta-*|
|poke|p2|Serperior, M|
|poke|p2|Hitmontop, M|
|poke|p2|Skeledirge, M|
|poke|p2|Staraptor, M|
|poke|p2|Gyarados, F|
|poke|p2|Slowking, M|
|teampreview
|inactive|Battle timer is ON: inactive players will automatically lose when time's up. (requested by PC Hulkster)
|
|t:|1769419916
|teamsize|p1|6
|teamsize|p2|6
|start
|switch|p1a: Kyurem|Kyurem|100/100
|switch|p2a: Staraptor|Staraptor, M|100/100
|-ability|p1a: Kyurem|Pressure
|turn|1
|inactive|henry_gaslitz also wants the timer to be on.
|
|t:|1769419929
|move|p2a: Staraptor|Close Combat|p1a: Kyurem
|-supereffective|p1a: Kyurem
|-damage|p1a: Kyurem|0 fnt
|-unboost|p2a: Staraptor|def|1
|-unboost|p2a: Staraptor|spd|1
|faint|p1a: Kyurem
|
|upkeep
|
|t:|1769419943
|switch|p1a: Rillaboom|Rillaboom, F|100/100
|-fieldstart|move: Grassy Terrain|[from] ability: Grassy Surge|[of] p1a: Rillaboom
|turn|2
|
|t:|1769419956
|switch|p2a: Serperior|Serperior, M|100/100
|move|p1a: Rillaboom|Knock Off|p2a: Serperior
|-damage|p2a: Serperior|31/100
|-enditem|p2a: Serperior|Leftovers|[from] move: Knock Off|[of] p1a: Rillaboom
|
|-heal|p2a: Serperior|37/100|[from] Grassy Terrain
|upkeep
|turn|3
|
|t:|1769419970
|move|p2a: Serperior|Glare|p1a: Rillaboom
|-status|p1a: Rillaboom|par
|move|p1a: Rillaboom|Knock Off|p2a: Serperior
|-damage|p2a: Serperior|0 fnt
|faint|p2a: Serperior
|
|upkeep
|
|t:|1769419985
|switch|p2a: Staraptor|Staraptor, M|100/100
|turn|4
|
|t:|1769419998
|switch|p1a: Pecharunt|Pecharunt|100/100
|move|p2a: Staraptor|U-turn|p1a: Pecharunt
|-resisted|p1a: Pecharunt
|-damage|p1a: Pecharunt|95/100
|
|t:|1769420012
|switch|p2a: Slowking|Slowking, M, shiny|100/100|[from] U-turn
|
|-heal|p1a: Pecharunt|100/100|[from] Grassy Terrain
|upkeep
|turn|5
|
|t:|1769420025
|move|p1a: Pecharunt|Parting Shot|p2a: Slowking
|-unboost|p2a: Slowking|atk|1
|-unboost|p2a: Slowking|spa|1
|
|t:|1769420038
|switch|p1a: Garganacl|Garganacl, F|100/100|[from] Parting Shot
|move|p2a: Slowking|Thunder Wave|p1a: Garganacl|[miss]
|-miss|p2a: Slowking|p1a: Garganacl
|
|upkeep
|turn|6
|
|t:|1769420051
|move|p1a: Garganacl|Stealth Rock|p2a: Slowking
|-sidestart|p2: PC Hulkster|move: Stealth Rock
|move|p2a: Slowking|Scald|p1a: Garganacl
|-supereffective|p1a: Garganacl
|-damage|p1a: Garganacl|71/100
|
|-heal|p1a: Garganacl|77/100|[from] Grassy Terrain
|-heal|p1a: Garganacl|83/100|[from] item: Leftovers
|-fieldend|move: Grassy Terrain
|upkeep
|turn|7
|
|t:|1769420066
|switch|p2a: Hitmontop|Hitmontop, M|100/100
|-damage|p2a: Hitmontop|94/100|[from] Stealth Rock
|move|p1a: Garganacl|Salt Cure|p2a: Hitmontop
|-resisted|p2a: Hitmontop
|-damage|p2a: Hitmontop|83/100
|-start|p2a: Hitmontop|Salt Cure
|
|-heal|p1a: Garganacl|89/100|[from] item: Leftovers
|-damage|p2a: Hitmontop|71/100|[from] Salt Cure
|upkeep
|turn|8
|
|t:|1769420082
|switch|p2a: Slowking|Slowking, M, shiny|100/100
|-damage|p2a: Slowking|88/100|[from] Stealth Rock
|switch|p1a: Pecharunt|Pecharunt|100/100
|
|upkeep
|turn|9
|
|t:|1769420095
|move|p1a: Pecharunt|Malignant Chain|p2a: Slowking
|-damage|p2a: Slowking|63/100
|move|p2a: Slowking|Future Sight|p1a: Pecharunt
|-start|p2a: Slowking|move: Future Sight
|
|upkeep
|turn|10
|
|t:|1769420104
|move|p1a: Pecharunt|Malignant Chain|p2a: Slowking
|-damage|p2a: Slowking|36/100
|-status|p2a: Slowking|tox
|-start|p2a: Slowking|confusion|[from] ability: Poison Puppeteer|[of] p1a: Pecharunt
|-prepare|p2a: Slowking|Chilly Reception|[premajor]
|-activate|p2a: Slowking|confusion
|-damage|p2a: Slowking|30/100 tox|[from] confusion
|
|-damage|p2a: Slowking|24/100 tox|[from] psn
|upkeep
|turn|11
|
|t:|1769420117
|move|p1a: Pecharunt|Parting Shot|p2a: Slowking
|-unboost|p2a: Slowking|atk|1
|-unboost|p2a: Slowking|spa|1
|
|t:|1769420124
|switch|p1a: Garganacl|Garganacl, F|89/100|[from] Parting Shot
|-activate|p2a: Slowking|confusion
|move|p2a: Slowking|Thunder Wave|p1a: Garganacl
|-immune|p1a: Garganacl|[from] ability: Purifying Salt
|
|-end|p1a: Garganacl|move: Future Sight
|-damage|p1a: Garganacl|69/100
|-heal|p1a: Garganacl|75/100|[from] item: Leftovers
|-damage|p2a: Slowking|12/100 tox|[from] psn
|upkeep
|turn|12
|
|t:|1769420131
|switch|p2a: Hitmontop|Hitmontop, M|71/100
|-damage|p2a: Hitmontop|65/100|[from] Stealth Rock
|move|p1a: Garganacl|Salt Cure|p2a: Hitmontop
|-resisted|p2a: Hitmontop
|-damage|p2a: Hitmontop|54/100
|-start|p2a: Hitmontop|Salt Cure
|
|-heal|p1a: Garganacl|82/100|[from] item: Leftovers
|-damage|p2a: Hitmontop|41/100|[from] Salt Cure
|upkeep
|turn|13
|
|t:|1769420145
|move|p2a: Hitmontop|Triple Axel|p1a: Garganacl
|-damage|p1a: Garganacl|76/100
|-damage|p1a: Garganacl|64/100
|-hitcount|p1a: Garganacl|2
|move|p1a: Garganacl|Salt Cure|p2a: Hitmontop
|-resisted|p2a: Hitmontop
|-damage|p2a: Hitmontop|31/100
|
|-heal|p1a: Garganacl|71/100|[from] item: Leftovers
|-damage|p2a: Hitmontop|19/100|[from] Salt Cure
|upkeep
|turn|14
|
|t:|1769420159
|move|p2a: Hitmontop|Rapid Spin|p1a: Garganacl
|-resisted|p1a: Garganacl
|-damage|p1a: Garganacl|63/100
|-boost|p2a: Hitmontop|spe|1
|-sideend|p2: PC Hulkster|Stealth Rock|[from] move: Rapid Spin|[of] p2a: Hitmontop
|move|p1a: Garganacl|Recover|p1a: Garganacl
|-heal|p1a: Garganacl|100/100
|
|-damage|p2a: Hitmontop|6/100|[from] Salt Cure
|upkeep
|turn|15
|
|t:|1769420173
|move|p2a: Hitmontop|Mach Punch|p1a: Garganacl
|-supereffective|p1a: Garganacl
|-damage|p1a: Garganacl|66/100
|move|p1a: Garganacl|Stealth Rock|p2a: Hitmontop
|-sidestart|p2: PC Hulkster|move: Stealth Rock
|
|-heal|p1a: Garganacl|73/100|[from] item: Leftovers
|-damage|p2a: Hitmontop|0 fnt|[from] Salt Cure
|faint|p2a: Hitmontop
|upkeep
|
|t:|1769420196
|switch|p2a: Staraptor|Staraptor, M|100/100
|-damage|p2a: Staraptor|75/100|[from] Stealth Rock
|turn|16
|
|t:|1769420209
|move|p1a: Garganacl|Protect|p1a: Garganacl
|-singleturn|p1a: Garganacl|Protect
|move|p2a: Staraptor|Close Combat|p1a: Garganacl
|-activate|p1a: Garganacl|move: Protect
|
|-heal|p1a: Garganacl|79/100|[from] item: Leftovers
|upkeep
|turn|17
|
|t:|1769420222
|switch|p2a: Slowking|Slowking, M, shiny|45/100 tox
|-damage|p2a: Slowking|33/100 tox|[from] Stealth Rock
|switch|p1a: Pecharunt|Pecharunt|100/100
|
|-damage|p2a: Slowking|27/100 tox|[from] psn
|upkeep
|turn|18
|
|t:|1769420230
|move|p1a: Pecharunt|Shadow Ball|p2a: Slowking
|-supereffective|p2a: Slowking
|-damage|p2a: Slowking|0 fnt
|faint|p2a: Slowking
|
|upkeep
|
|t:|1769420243
|switch|p2a: Gyarados|Gyarados, F|100/100
|turn|19
|
|t:|1769420256
|move|p1a: Pecharunt|Malignant Chain|p2a: Gyarados
|-damage|p2a: Gyarados|70/100
|-status|p2a: Gyarados|tox
|-start|p2a: Gyarados|confusion|[from] ability: Poison Puppeteer|[of] p1a: Pecharunt
|-activate|p2a: Gyarados|confusion
|move|p2a: Gyarados|Dragon Dance|p2a: Gyarados
|-boost|p2a: Gyarados|atk|1
|-boost|p2a: Gyarados|spe|1
|
|-damage|p2a: Gyarados|64/100 tox|[from] psn
|upkeep
|turn|20
|
|t:|1769420271
|-end|p2a: Gyarados|confusion
|move|p2a: Gyarados|Earthquake|p1a: Pecharunt
|-supereffective|p1a: Pecharunt
|-damage|p1a: Pecharunt|36/100
|move|p1a: Pecharunt|Recover|p1a: Pecharunt
|-heal|p1a: Pecharunt|86/100
|
|-damage|p2a: Gyarados|52/100 tox|[from] psn
|upkeep
|turn|21
|
|t:|1769420285
|move|p2a: Gyarados|Dragon Dance|p2a: Gyarados
|-boost|p2a: Gyarados|atk|1
|-boost|p2a: Gyarados|spe|1
|move|p1a: Pecharunt|Recover|p1a: Pecharunt
|-heal|p1a: Pecharunt|100/100
|
|-damage|p2a: Gyarados|34/100 tox|[from] psn
|upkeep
|turn|22
|
|t:|1769420298
|switch|p1a: Rillaboom|Rillaboom, F|100/100 par
|-fieldstart|move: Grassy Terrain|[from] ability: Grassy Surge|[of] p1a: Rillaboom
|move|p2a: Gyarados|Earthquake|p1a: Rillaboom
|-resisted|p1a: Rillaboom
|-damage|p1a: Rillaboom|82/100 par
|
|-heal|p1a: Rillaboom|88/100 par|[from] Grassy Terrain
|-damage|p2a: Gyarados|10/100 tox|[from] psn
|upkeep
|turn|23
|
|t:|1769420312
|switch|p1a: Zamazenta|Zamazenta|100/100
|-ability|p1a: Zamazenta|Dauntless Shield|boost
|-boost|p1a: Zamazenta|def|1
|move|p2a: Gyarados|Temper Flare|p1a: Zamazenta
|-damage|p1a: Zamazenta|76/100
|
|-heal|p1a: Zamazenta|82/100|[from] Grassy Terrain
|-heal|p1a: Zamazenta|88/100|[from] item: Leftovers
|-damage|p2a: Gyarados|0 fnt|[from] psn
|faint|p2a: Gyarados
|upkeep
|
|t:|1769420315
|switch|p2a: Skeledirge|Skeledirge, M|100/100
|turn|24
|
|t:|1769420328
|move|p2a: Skeledirge|Torch Song|p1a: Zamazenta
|-damage|p1a: Zamazenta|50/100
|-boost|p2a: Skeledirge|spa|1
|move|p1a: Zamazenta|Roar|p2a: Skeledirge
|drag|p2a: Staraptor|Staraptor, M|75/100
|-damage|p2a: Staraptor|50/100|[from] Stealth Rock
|
|-heal|p1a: Zamazenta|56/100|[from] Grassy Terrain
|-heal|p1a: Zamazenta|62/100|[from] item: Leftovers
|upkeep
|turn|25
|
|t:|1769420344
|move|p1a: Zamazenta|Body Press|p2a: Staraptor
|-damage|p2a: Staraptor|0 fnt
|faint|p2a: Staraptor
|
|-heal|p1a: Zamazenta|69/100|[from] Grassy Terrain
|-heal|p1a: Zamazenta|75/100|[from] item: Leftovers
|upkeep
|
|t:|1769420347
|switch|p2a: Skeledirge|Skeledirge, M|100/100
|turn|26
|
|t:|1769420360
|switch|p1a: Garganacl|Garganacl, F|79/100
|move|p2a: Skeledirge|Torch Song|p1a: Garganacl
|-resisted|p1a: Garganacl
|-damage|p1a: Garganacl|65/100
|-boost|p2a: Skeledirge|spa|1
|
|-heal|p1a: Garganacl|72/100|[from] Grassy Terrain
|-heal|p1a: Garganacl|78/100|[from] item: Leftovers
|-fieldend|move: Grassy Terrain
|upkeep
|turn|27
|
|t:|1769420373
|move|p2a: Skeledirge|Torch Song|p1a: Garganacl
|-resisted|p1a: Garganacl
|-damage|p1a: Garganacl|58/100
|-boost|p2a: Skeledirge|spa|1
|move|p1a: Garganacl|Salt Cure|p2a: Skeledirge
|-supereffective|p2a: Skeledirge
|-damage|p2a: Skeledirge|76/100
|-start|p2a: Skeledirge|Salt Cure
|
|-heal|p1a: Garganacl|64/100|[from] item: Leftovers
|-damage|p2a: Skeledirge|63/100|[from] Salt Cure
|upkeep
|turn|28
|
|t:|1769420386
|switch|p1a: Pecharunt|Pecharunt|100/100
|move|p2a: Skeledirge|Torch Song|p1a: Pecharunt
|-damage|p1a: Pecharunt|21/100
|-boost|p2a: Skeledirge|spa|1
|
|-damage|p2a: Skeledirge|51/100|[from] Salt Cure
|upkeep
|turn|29
|
|t:|1769420398
|-terastallize|p1a: Pecharunt|Ghost
|move|p1a: Pecharunt|Shadow Ball|p2a: Skeledirge
|-supereffective|p2a: Skeledirge
|-damage|p2a: Skeledirge|0 fnt
|faint|p2a: Skeledirge
|
|win|henry_gaslitz
|raw|henry_gaslitz's rating: 1298 &rarr; <strong>1319</strong><br />(+21 for winning)
|raw|PC Hulkster's rating: 1238 &rarr; <strong>1217</strong><br />(-21 for losing)
|c|☆PC Hulkster|gg
|l|☆PC Hulkster
|player|p2|
|n|☆henry_gaslitz|henrygaslitz
|l|☆henry_gaslitz
|player|p1|
