|j|☆rgegs
|j|☆Vcbanjo
|t:|1769423798
|gametype|singles
|player|p1|rgegs|102|1092
|player|p2|Vcbanjo|giovanni|1099
|gen|9
|tier|[Gen 9] OU
|rated|
|rule|HP Percentage Mod: HP is shown in percentages
|rule|Endless Battle Clause: Forcing endless battles is banned
|rule|Species Clause: Limit one of each Pokémon
|rule|OHKO Clause: OHKO moves are banned
|rule|Evasion Items Clause: Evasion items are banned
|rule|Evasion Moves Clause: Evasion moves are banned
|rule|Evasion Abilities Clause: Evasion abilities are banned
|rule|Sleep Moves Clause: Sleep-inducing moves are banned
|clearpoke
|poke|p1|Delphox, F|
|poke|p1|Primarina, M|
|poke|p1|Meowscarada, F|
|poke|p1|Quaquaval, F|
|poke|p1|Serperior, F|
|poke|p1|Venusaur, F|
|poke|p2|Iron Valiant|
|poke|p2|Excadrill, M|
|poke|p2|Tyranitar, M|
|poke|p2|Tornadus-Therian, M|
|poke|p2|Ogerpon-Cornerstone, F|
|poke|p2|Toxapex, M|
|teampreview
|inactive|Battle timer is ON: inactive players will automatically lose when time's up. (requested by rgegs)
|inactive|Vcbanjo has 120 seconds left.
|c|☆rgegs|faster bro
|
|t:|1769423839
|teamsize|p1|6
|teamsize|p2|6
|start
|switch|p1a: Serperior|Serperior, F|100/100
|switch|p2a: Tornadus|Tornadus-Therian, M, shiny|100/100
|turn|1
|
|t:|1769423848
|move|p2a: Tornadus|Bleakwind Storm|p1a: Serperior
|-supereffective|p1a: Serperior
|-damage|p1a: Serperior|0 fnt
|faint|p1a: Serperior
|
|upkeep
|
|t:|1769423852
|switch|p1a: Meowscarada|Meowscarada, F|100/100
|turn|2
|
|t:|1769423859
|move|p2a: Tornadus|Bleakwind Storm|p1a: Meowscarada
|-supereffective|p1a: Meowscarada
|-damage|p1a: Meowscarada|0 fnt
|faint|p1a: Meowscarada
|
|upkeep
|
|t:|1769423866
|switch|p1a: Primarina|Primarina, M|100/100
|turn|3
|
|t:|1769423870
|switch|p2a: Toxapex|Toxapex, M, shiny|100/100
|move|p1a: Primarina|Ice Beam|p2a: Toxapex
|-resisted|p2a: Toxapex
|-damage|p2a: Toxapex|85/100
|-status|p2a: Toxapex|frz
|-enditem|p2a: Toxapex|Eject Button
|-damage|p1a: Primarina|91/100|[from] item: Life Orb
|
|t:|1769423889
|switch|p2a: Iron Valiant|Iron Valiant, shiny|100/100
|
|upkeep
|turn|4
|
|t:|1769423897
|move|p2a: Iron Valiant|Thunderbolt|p1a: Primarina
|-supereffective|p1a: Primarina
|-damage|p1a: Primarina|0 fnt
|faint|p1a: Primarina
|
|upkeep
|
|t:|1769423903
|switch|p1a: Venusaur|Venusaur, F|100/100
|turn|5
|
|t:|1769423913
|-end|p2a: Iron Valiant|Quark Drive|[silent]
|switch|p2a: Toxapex|Toxapex, M, shiny|100/100 frz
|move|p1a: Venusaur|Sludge Bomb|p2a: Toxapex
|-resisted|p2a: Toxapex
|-damage|p2a: Toxapex|91/100 frz
|
|upkeep
|turn|6
|
|t:|1769423926
|switch|p2a: Tornadus|Tornadus-Therian, M, shiny|100/100
|move|p1a: Venusaur|Leech Seed|p2a: Tornadus
|-start|p2a: Tornadus|move: Leech Seed
|
|-damage|p2a: Tornadus|88/100|[from] Leech Seed|[of] p1a: Venusaur
|upkeep
|turn|7
|
|t:|1769423936
|move|p2a: Tornadus|Bleakwind Storm|p1a: Venusaur
|-supereffective|p1a: Venusaur
|-damage|p1a: Venusaur|0 fnt
|faint|p1a: Venusaur
|
|upkeep
|c|☆rgegs|how u not missing it
|
|t:|1769423950
|switch|p1a: Delphox|Delphox, F|100/100
|turn|8
|
|t:|1769423956
|move|p2a: Tornadus|Bleakwind Storm|p1a: Delphox|[miss]
|-miss|p2a: Tornadus|p1a: Delphox
|move|p1a: Delphox|Flamethrower|p2a: Tornadus
|-damage|p2a: Tornadus|32/100
|
|-damage|p2a: Tornadus|19/100|[from] Leech Seed|[of] p1a: Delphox
|upkeep
|turn|9
|
|t:|1769423966
|move|p2a: Tornadus|Bleakwind Storm|p1a: Delphox
|-damage|p1a: Delphox|14/100
|move|p1a: Delphox|Psychic|p2a: Tornadus
|-damage|p2a: Tornadus|0 fnt
|faint|p2a: Tornadus
|
|upkeep
|
|t:|1769423978
|switch|p2a: Tyranitar|Tyranitar, M, shiny|100/100
|-weather|Sandstorm|[from] ability: Sand Stream|[of] p2a: Tyranitar
|turn|10
|
|t:|1769423986
|-terastallize|p1a: Delphox|Grass
|move|p1a: Delphox|Solar Beam||[still]
|-prepare|p1a: Delphox|Solar Beam
|-enditem|p1a: Delphox|Power Herb
|-anim|p1a: Delphox|Solar Beam|p2a: Tyranitar
|-supereffective|p2a: Tyranitar
|-damage|p2a: Tyranitar|64/100
|-item|p1a: Delphox|Smooth Rock|[from] ability: Magician|[of] p2a: Tyranitar
|move|p2a: Tyranitar|Knock Off|p1a: Delphox
|-damage|p1a: Delphox|0 fnt
|-enditem|p1a: Delphox|Smooth Rock|[from] move: Knock Off|[of] p2a: Tyranitar
|faint|p1a: Delphox
|
|-weather|Sandstorm|[upkeep]
|upkeep
|-message|rgegs forfeited.
|
|win|Vcbanjo
|raw|rgegs's rating: 1092 &rarr; <strong>1069</strong><br />(-23 for losing)
|raw|Vcbanjo's rating: 1099 &rarr; <strong>1124</strong><br />(+25 for winning)
|l|☆rgegs
|player|p1|
|l|☆Vcbanjo
|player|p2|
