|j|☆sneedhonedge
|j|☆len7762
|t:|1769384084
|gametype|singles
|player|p1|sneedhonedge|bugsy|1428
|player|p2|len7762|266|1419
|gen|9
|tier|[Gen 9] OU
|rated|
|rule|HP Percentage Mod: HP is shown in percentages
|rule|Endless Battle Clause: Forcing endless battles is banned
|rule|Species Clause: Limit one of each Pokémon
|rule|OHKO Clause: OHKO moves are banned
|rule|Evasion Items Clause: Evasion items are banned
|rule|Evasion Moves Clause: Evasion moves are banned
|rule|Evasion Abilities Clause: Evasion abilities are banned
|rule|Sleep Moves Clause: Sleep-inducing moves are banned
|clearpoke
|poke|p1|Kyurem|
|poke|p1|Cinderace, M|
|poke|p1|Tornadus-Therian, M|
|poke|p1|Hatterene, F|
|poke|p1|Great Tusk|
|poke|p1|Kingambit, F|
|poke|p2|Munkidori, M|
|poke|p2|Dragapult, M|
|poke|p2|Great Tusk|
|poke|p2|Kingambit, M|
|poke|p2|Tornadus-Therian, M|
|poke|p2|Alomomola, F|
|teampreview
|inactive|Battle timer is ON: inactive players will automatically lose when time's up. (requested by sneedhonedge)
|c|☆len7762|your name made me double take
|c|☆len7762|gl hf
|c|☆sneedhonedge|LOOOOL
|c|☆sneedhonedge|GLHF
|inactive|len7762 has 120 seconds left.
|c|☆len7762|diabolical work
|
|t:|1769384128
|teamsize|p1|6
|teamsize|p2|6
|start
|switch|p1a: Cinderace|Cinderace, M|100/100
|switch|p2a: Munkidori|Munkidori, M|100/100
|turn|1
|
|t:|1769384137
|switch|p1a: Tornadus|Tornadus-Therian, M|100/100
|switch|p2a: Alomomola|Alomomola, F|100/100
|
|upkeep
|turn|2
|inactive|len7762 has 120 seconds left.
|
|t:|1769384169
|move|p1a: Tornadus|Knock Off|p2a: Alomomola
|-damage|p2a: Alomomola|87/100
|-enditem|p2a: Alomomola|Assault Vest|[from] move: Knock Off|[of] p1a: Tornadus
|move|p2a: Alomomola|Body Slam|p1a: Tornadus
|-damage|p1a: Tornadus|82/100
|-status|p1a: Tornadus|par
|
|upkeep
|turn|3
|
|t:|1769384178
|move|p1a: Tornadus|Bleakwind Storm|p2a: Alomomola
|-crit|p2a: Alomomola
|-damage|p2a: Alomomola|39/100
|move|p2a: Alomomola|Flip Turn|p1a: Tornadus
|-damage|p1a: Tornadus|62/100 par
|
|t:|1769384189
|switch|p2a: Tornadus|Tornadus-Therian, M|100/100|[from] Flip Turn
|
|upkeep
|turn|4
|
|t:|1769384195
|move|p2a: Tornadus|Knock Off|p1a: Tornadus
|-damage|p1a: Tornadus|42/100 par
|-enditem|p1a: Tornadus|Assault Vest|[from] move: Knock Off|[of] p2a: Tornadus
|cant|p1a: Tornadus|par
|
|upkeep
|turn|5
|
|t:|1769384200
|move|p2a: Tornadus|Bleakwind Storm|p1a: Tornadus|[miss]
|-miss|p2a: Tornadus|p1a: Tornadus
|cant|p1a: Tornadus|par
|
|upkeep
|turn|6
|
|t:|1769384204
|move|p2a: Tornadus|Bleakwind Storm|p1a: Tornadus
|-damage|p1a: Tornadus|4/100 par
|move|p1a: Tornadus|U-turn|p2a: Tornadus
|-resisted|p2a: Tornadus
|-damage|p2a: Tornadus|92/100
|
|t:|1769384213
|switch|p1a: Kyurem|Kyurem|100/100|[from] U-turn
|-ability|p1a: Kyurem|Pressure
|
|upkeep
|turn|7
|inactive|len7762 has 120 seconds left.
|
|t:|1769384260
|switch|p2a: Munkidori|Munkidori, M|100/100
|move|p1a: Kyurem|Freeze-Dry|p2a: Munkidori
|-damage|p2a: Munkidori|59/100
|
|upkeep
|turn|8
|
|t:|1769384274
|switch|p1a: Tornadus|Tornadus-Therian, M|38/100 par
|move|p2a: Munkidori|U-turn|p1a: Tornadus
|-resisted|p1a: Tornadus
|-damage|p1a: Tornadus|31/100 par
|
|t:|1769384282
|switch|p2a: Great Tusk|Great Tusk|100/100|[from] U-turn
|
|upkeep
|turn|9
|
|t:|1769384286
|move|p2a: Great Tusk|Ice Spinner|p1a: Tornadus
|-supereffective|p1a: Tornadus
|-crit|p1a: Tornadus
|-damage|p1a: Tornadus|0 fnt
|faint|p1a: Tornadus
|
|upkeep
|
|t:|1769384289
|switch|p1a: Hatterene|Hatterene, F|100/100
|turn|10
|inactive|len7762 has 120 seconds left.
|
|t:|1769384307
|-end|p2a: Great Tusk|Protosynthesis|[silent]
|switch|p2a: Alomomola|Alomomola, F|73/100
|move|p1a: Hatterene|Nuzzle|p2a: Alomomola
|-supereffective|p2a: Alomomola
|-damage|p2a: Alomomola|67/100
|-status|p2a: Alomomola|par
|
|upkeep
|turn|11
|
|t:|1769384315
|move|p1a: Hatterene|Psychic Noise|p2a: Alomomola
|-damage|p2a: Alomomola|40/100 par
|-start|p2a: Alomomola|move: Heal Block
|cant|p2a: Alomomola|par
|
|upkeep
|turn|12
|
|t:|1769384323
|move|p1a: Hatterene|Psychic Noise|p2a: Alomomola
|-damage|p2a: Alomomola|15/100 par
|move|p2a: Alomomola|Flip Turn|p1a: Hatterene
|-damage|p1a: Hatterene|87/100
|
|t:|1769384330
|switch|p2a: Munkidori|Munkidori, M|59/100|[from] Flip Turn
|
|-heal|p1a: Hatterene|93/100|[from] item: Leftovers
|upkeep
|turn|13
|
|t:|1769384336
|-terastallize|p1a: Hatterene|Flying
|move|p2a: Munkidori|U-turn|p1a: Hatterene
|-resisted|p1a: Hatterene
|-damage|p1a: Hatterene|88/100
|-status|p1a: Hatterene|tox|[from] ability: Toxic Chain|[of] p2a: Munkidori
|
|t:|1769384345
|switch|p2a: Alomomola|Alomomola, F|48/100 par|[from] U-turn
|move|p1a: Hatterene|Nuzzle|p2a: Alomomola
|-supereffective|p2a: Alomomola
|-damage|p2a: Alomomola|43/100 par
|
|-heal|p1a: Hatterene|94/100 tox|[from] item: Leftovers
|-damage|p1a: Hatterene|88/100 tox|[from] psn
|upkeep
|turn|14
|
|t:|1769384354
|move|p1a: Hatterene|Psychic Noise|p2a: Alomomola
|-damage|p2a: Alomomola|14/100 par
|-start|p2a: Alomomola|move: Heal Block
|move|p2a: Alomomola|Flip Turn|p1a: Hatterene
|-damage|p1a: Hatterene|74/100 tox
|
|t:|1769384367
|switch|p2a: Tornadus|Tornadus-Therian, M|100/100|[from] Flip Turn
|
|-heal|p1a: Hatterene|80/100 tox|[from] item: Leftovers
|-damage|p1a: Hatterene|68/100 tox|[from] psn
|upkeep
|turn|15
|
|t:|1769384373
|move|p2a: Tornadus|U-turn|p1a: Hatterene
|-resisted|p1a: Hatterene
|-damage|p1a: Hatterene|62/100 tox
|inactive|len7762 has 120 seconds left.
|inactive|len7762 has 90 seconds left.
|
|t:|1769384440
|switch|p2a: Alomomola|Alomomola, F|47/100 par|[from] U-turn
|move|p1a: Hatterene|Nuzzle|p2a: Alomomola
|-supereffective|p2a: Alomomola
|-crit|p2a: Alomomola
|-damage|p2a: Alomomola|39/100 par
|
|-heal|p1a: Hatterene|68/100 tox|[from] item: Leftovers
|-damage|p1a: Hatterene|50/100 tox|[from] psn
|upkeep
|turn|16
|
|t:|1769384450
|move|p1a: Hatterene|Psychic Noise|p2a: Alomomola
|-damage|p2a: Alomomola|13/100 par
|-start|p2a: Alomomola|move: Heal Block
|move|p2a: Alomomola|Flip Turn|p1a: Hatterene
|-damage|p1a: Hatterene|36/100 tox
|
|t:|1769384459
|switch|p2a: Munkidori|Munkidori, M|59/100|[from] Flip Turn
|
|-heal|p1a: Hatterene|42/100 tox|[from] item: Leftovers
|-damage|p1a: Hatterene|18/100 tox|[from] psn
|upkeep
|turn|17
|
|t:|1769384464
|move|p2a: Munkidori|Psychic Noise|p1a: Hatterene
|-damage|p1a: Hatterene|0 fnt
|faint|p1a: Hatterene
|
|upkeep
|
|t:|1769384466
|switch|p1a: Cinderace|Cinderace, M|100/100
|turn|18
|
|t:|1769384469
|switch|p2a: Alomomola|Alomomola, F|47/100 par
|move|p1a: Cinderace|Pyro Ball|p2a: Alomomola|[miss]
|-miss|p1a: Cinderace|p2a: Alomomola
|
|upkeep
|turn|19
|
|t:|1769384476
|move|p1a: Cinderace|Gunk Shot|p2a: Alomomola
|-start|p1a: Cinderace|typechange|Poison|[from] ability: Libero
|-damage|p2a: Alomomola|6/100 par
|cant|p2a: Alomomola|par
|
|upkeep
|turn|20
|
|t:|1769384482
|move|p1a: Cinderace|U-turn|p2a: Alomomola
|-damage|p2a: Alomomola|0 fnt
|faint|p2a: Alomomola
|
|t:|1769384486
|switch|p1a: Great Tusk|Great Tusk|100/100|[from] U-turn
|
|upkeep
|
|t:|1769384490
|switch|p2a: Tornadus|Tornadus-Therian, M|100/100
|turn|21
|c|☆len7762|fr tho you deserve to be treated nicely, esp by yourself
|c|☆len7762|youre doing great
|
|t:|1769384520
|-end|p1a: Great Tusk|Protosynthesis|[silent]
|switch|p1a: Cinderace|Cinderace, M|100/100
|move|p2a: Tornadus|Bleakwind Storm|p1a: Cinderace
|-damage|p1a: Cinderace|44/100
|
|upkeep
|turn|22
|inactive|len7762 has 120 seconds left.
|c|☆sneedhonedge|Oh I just find the word very funny.
|inactive|sneedhonedge has 120 seconds left.
|c|☆len7762|lmao valid
|
|t:|1769384545
|move|p2a: Tornadus|Bleakwind Storm|p1a: Cinderace
|-damage|p1a: Cinderace|0 fnt
|faint|p1a: Cinderace
|
|upkeep
|
|t:|1769384548
|switch|p1a: Kyurem|Kyurem|100/100
|-ability|p1a: Kyurem|Pressure
|turn|23
|c|☆len7762|it is just completely absurdist
|c|☆len7762|sorry i just worry alot
|inactive|len7762 has 120 seconds left.
|c|☆sneedhonedge|Youre good i get it.
|
|t:|1769384564
|move|p2a: Tornadus|U-turn|p1a: Kyurem
|-damage|p1a: Kyurem|88/100
|
|t:|1769384570
|switch|p2a: Kingambit|Kingambit, M|100/100|[from] U-turn
|-activate|p2a: Kingambit|ability: Supreme Overlord
|-start|p2a: Kingambit|fallen1|[silent]
|move|p1a: Kyurem|Ice Beam|p2a: Kingambit
|-resisted|p2a: Kingambit
|-damage|p2a: Kingambit|59/100
|
|upkeep
|turn|24
|inactive|len7762 has 120 seconds left.
|
|t:|1769384580
|switch|p1a: Great Tusk|Great Tusk|100/100
|move|p2a: Kingambit|Iron Head|p1a: Great Tusk
|-damage|p1a: Great Tusk|68/100
|-damage|p2a: Kingambit|43/100|[from] item: Rocky Helmet|[of] p1a: Great Tusk
|
|upkeep
|turn|25
|inactive|len7762 has 120 seconds left.
|
|t:|1769384590
|-end|p2a: Kingambit|fallen1|[silent]
|switch|p2a: Great Tusk|Great Tusk|100/100
|move|p1a: Great Tusk|Rapid Spin|p2a: Great Tusk
|-damage|p2a: Great Tusk|90/100
|-boost|p1a: Great Tusk|spe|1
|
|upkeep
|turn|26
|
|t:|1769384597
|move|p1a: Great Tusk|Ice Spinner|p2a: Great Tusk
|-supereffective|p2a: Great Tusk
|-damage|p2a: Great Tusk|58/100
|move|p2a: Great Tusk|Ice Spinner|p1a: Great Tusk
|-supereffective|p1a: Great Tusk
|-damage|p1a: Great Tusk|35/100
|-damage|p2a: Great Tusk|41/100|[from] item: Rocky Helmet|[of] p1a: Great Tusk
|
|upkeep
|turn|27
|
|t:|1769384605
|move|p1a: Great Tusk|Ice Spinner|p2a: Great Tusk
|-supereffective|p2a: Great Tusk
|-damage|p2a: Great Tusk|7/100
|move|p2a: Great Tusk|Rapid Spin|p1a: Great Tusk
|-damage|p1a: Great Tusk|24/100
|-boost|p2a: Great Tusk|spe|1
|-damage|p2a: Great Tusk|0 fnt|[from] item: Rocky Helmet|[of] p1a: Great Tusk
|faint|p2a: Great Tusk
|-end|p2a: Great Tusk|Protosynthesis|[silent]
|
|upkeep
|
|t:|1769384614
|switch|p2a: Tornadus|Tornadus-Therian, M|100/100
|turn|28
|
|t:|1769384618
|-terastallize|p2a: Tornadus|Steel
|move|p1a: Great Tusk|Ice Spinner|p2a: Tornadus
|-resisted|p2a: Tornadus
|-damage|p2a: Tornadus|88/100
|move|p2a: Tornadus|Bleakwind Storm|p1a: Great Tusk|[miss]
|-miss|p2a: Tornadus|p1a: Great Tusk
|
|upkeep
|turn|29
|
|t:|1769384622
|move|p1a: Great Tusk|Headlong Rush|p2a: Tornadus
|-supereffective|p2a: Tornadus
|-damage|p2a: Tornadus|0 fnt
|-unboost|p1a: Great Tusk|def|1
|-unboost|p1a: Great Tusk|spd|1
|faint|p2a: Tornadus
|
|upkeep
|
|t:|1769384626
|switch|p2a: Dragapult|Dragapult, M|100/100
|turn|30
|
|t:|1769384628
|move|p2a: Dragapult|Sucker Punch|p1a: Great Tusk
|-resisted|p1a: Great Tusk
|-damage|p1a: Great Tusk|9/100
|-damage|p2a: Dragapult|84/100|[from] item: Rocky Helmet|[of] p1a: Great Tusk
|move|p1a: Great Tusk|Ice Spinner|p2a: Dragapult
|-supereffective|p2a: Dragapult
|-damage|p2a: Dragapult|24/100
|
|upkeep
|turn|31
|
|t:|1769384635
|move|p2a: Dragapult|Sucker Punch|p1a: Great Tusk
|-resisted|p1a: Great Tusk
|-damage|p1a: Great Tusk|0 fnt
|-damage|p2a: Dragapult|8/100|[from] item: Rocky Helmet|[of] p1a: Great Tusk
|faint|p1a: Great Tusk
|-end|p1a: Great Tusk|Protosynthesis|[silent]
|
|upkeep
|
|t:|1769384641
|switch|p1a: Kingambit|Kingambit, F|100/100
|-activate|p1a: Kingambit|ability: Supreme Overlord
|-start|p1a: Kingambit|fallen4|[silent]
|turn|32
|
|t:|1769384648
|move|p2a: Dragapult|Sucker Punch||[still]
|-fail|p2a: Dragapult
|move|p1a: Kingambit|Swords Dance|p1a: Kingambit
|-boost|p1a: Kingambit|atk|2
|
|upkeep
|turn|33
|
|t:|1769384651
|switch|p2a: Kingambit|Kingambit, M|43/100
|-activate|p2a: Kingambit|ability: Supreme Overlord
|-start|p2a: Kingambit|fallen3|[silent]
|move|p1a: Kingambit|Sucker Punch||[still]
|-fail|p1a: Kingambit
|
|upkeep
|turn|34
|
|t:|1769384654
|move|p2a: Kingambit|Swords Dance|p2a: Kingambit
|-boost|p2a: Kingambit|atk|2
|move|p1a: Kingambit|Kowtow Cleave|p2a: Kingambit
|-resisted|p2a: Kingambit
|-damage|p2a: Kingambit|0 fnt
|faint|p2a: Kingambit
|-end|p2a: Kingambit|fallen3|[silent]
|
|upkeep
|
|t:|1769384663
|switch|p2a: Munkidori|Munkidori, M|59/100
|turn|35
|
|t:|1769384666
|move|p2a: Munkidori|Focus Blast|p1a: Kingambit
|-supereffective|p1a: Kingambit
|-damage|p1a: Kingambit|0 fnt
|faint|p1a: Kingambit
|-end|p1a: Kingambit|fallen4|[silent]
|
|upkeep
|
|t:|1769384668
|switch|p1a: Kyurem|Kyurem|88/100
|-ability|p1a: Kyurem|Pressure
|turn|36
|
|t:|1769384673
|move|p2a: Munkidori|Psychic Noise|p1a: Kyurem
|-damage|p1a: Kyurem|51/100
|-start|p1a: Kyurem|move: Heal Block
|move|p1a: Kyurem|Ice Beam|p2a: Munkidori
|-damage|p2a: Munkidori|5/100
|-status|p2a: Munkidori|frz
|
|upkeep
|turn|37
|c|☆sneedhonedge|Oh i am such an idiot
|c|☆sneedhonedge|Ggs
|
|t:|1769384683
|-curestatus|p2a: Munkidori|frz|[msg]
|move|p2a: Munkidori|Psychic Noise|p1a: Kyurem
|-damage|p1a: Kyurem|16/100
|-status|p1a: Kyurem|tox|[from] ability: Toxic Chain|[of] p2a: Munkidori
|move|p1a: Kyurem|Ice Beam|p2a: Munkidori
|-damage|p2a: Munkidori|0 fnt
|faint|p2a: Munkidori
|
|-damage|p1a: Kyurem|10/100 tox|[from] psn
|-end|p1a: Kyurem|move: Heal Block
|upkeep
|c|☆len7762|gg wp
|-message|sneedhonedge forfeited.
|
|win|len7762
|raw|sneedhonedge's rating: 1428 &rarr; <strong>1407</strong><br />(-21 for losing)
|raw|len7762's rating: 1419 &rarr; <strong>1440</strong><br />(+21 for winning)
|l|☆sneedhonedge
|player|p1|
|l|☆len7762
|player|p2|
