|j|☆Physical Yanmega
|j|☆lightery
|t:|1769423182
|gametype|singles
|player|p1|Physical Yanmega|bugcatcher-gen4dp|1313
|player|p2|lightery|cilan|1318
|gen|9
|tier|[Gen 9] OU
|rated|
|rule|HP Percentage Mod: HP is shown in percentages
|rule|Endless Battle Clause: Forcing endless battles is banned
|rule|Species Clause: Limit one of each Pokémon
|rule|OHKO Clause: OHKO moves are banned
|rule|Evasion Items Clause: Evasion items are banned
|rule|Evasion Moves Clause: Evasion moves are banned
|rule|Evasion Abilities Clause: Evasion abilities are banned
|rule|Sleep Moves Clause: Sleep-inducing moves are banned
|clearpoke
|poke|p1|Deoxys-Defense|
|poke|p1|Mandibuzz, F|
|poke|p1|Alomomola, F|
|poke|p1|Sandy Shocks|
|poke|p1|Dragonite, M|
|poke|p1|Metagross|
|poke|p2|Quaquaval, F|
|poke|p2|Zapdos|
|poke|p2|Rillaboom, M|
|poke|p2|Ursaluna, M|
|poke|p2|Conkeldurr, F|
|poke|p2|Enamorus, F|
|teampreview
|c|☆lightery|Gl
|c|☆Physical Yanmega|gl
|
|t:|1769423207
|teamsize|p1|6
|teamsize|p2|6
|start
|switch|p1a: Metagross|Metagross|100/100
|switch|p2a: Monkie|Rillaboom, M|100/100
|-fieldstart|move: Grassy Terrain|[from] ability: Grassy Surge|[of] p2a: Monkie
|turn|1
|
|t:|1769423215
|move|p2a: Monkie|Knock Off|p1a: Metagross
|-supereffective|p1a: Metagross
|-damage|p1a: Metagross|49/100
|-enditem|p1a: Metagross|Leftovers|[from] move: Knock Off|[of] p2a: Monkie
|move|p1a: Metagross|Knock Off|p2a: Monkie
|-damage|p2a: Monkie|71/100
|-enditem|p2a: Monkie|Assault Vest|[from] move: Knock Off|[of] p1a: Metagross
|
|-heal|p2a: Monkie|77/100|[from] Grassy Terrain
|-heal|p1a: Metagross|55/100|[from] Grassy Terrain
|upkeep
|turn|2
|
|t:|1769423228
|move|p2a: Monkie|High Horsepower|p1a: Metagross
|-supereffective|p1a: Metagross
|-damage|p1a: Metagross|8/100
|move|p1a: Metagross|Heavy Slam|p2a: Monkie
|-crit|p2a: Monkie
|-damage|p2a: Monkie|0 fnt
|faint|p2a: Monkie
|
|-heal|p1a: Metagross|14/100|[from] Grassy Terrain
|upkeep
|
|t:|1769423240
|switch|p2a: Brickie|Conkeldurr, F|100/100
|turn|3
|
|t:|1769423249
|switch|p1a: Alomomola|Alomomola, F, shiny|100/100
|move|p2a: Brickie|Mach Punch|p1a: Alomomola
|-damage|p1a: Alomomola|83/100
|
|-heal|p1a: Alomomola|89/100|[from] Grassy Terrain
|upkeep
|turn|4
|
|t:|1769423254
|move|p1a: Alomomola|Wish|p1a: Alomomola
|move|p2a: Brickie|Knock Off|p1a: Alomomola
|-damage|p1a: Alomomola|65/100
|-enditem|p1a: Alomomola|Heavy-Duty Boots|[from] move: Knock Off|[of] p2a: Brickie
|
|-heal|p1a: Alomomola|71/100|[from] Grassy Terrain
|upkeep
|turn|5
|
|t:|1769423266
|move|p1a: Alomomola|Flip Turn|p2a: Brickie
|-damage|p2a: Brickie|86/100
|
|t:|1769423275
|switch|p1a: Mandibuzz|Mandibuzz, F, shiny|100/100|[from] Flip Turn
|move|p2a: Brickie|Drain Punch|p1a: Mandibuzz
|-damage|p1a: Mandibuzz|54/100
|-heal|p2a: Brickie|100/100|[from] drain|[of] p1a: Mandibuzz
|
|-heal|p1a: Mandibuzz|100/100|[from] move: Wish|[wisher] Alomomola
|-fieldend|move: Grassy Terrain
|upkeep
|turn|6
|
|t:|1769423282
|switch|p1a: Alomomola|Alomomola, F, shiny|100/100
|move|p2a: Brickie|Ice Punch|p1a: Alomomola
|-resisted|p1a: Alomomola
|-damage|p1a: Alomomola|89/100
|
|upkeep
|turn|7
|
|t:|1769423287
|switch|p2a: Ursie|Ursaluna, M|100/100
|move|p1a: Alomomola|Scald|p2a: Ursie
|-supereffective|p2a: Ursie
|-damage|p2a: Ursie|74/100
|
|-status|p2a: Ursie|brn|[from] item: Flame Orb
|upkeep
|turn|8
|
|t:|1769423297
|move|p1a: Alomomola|Flip Turn|p2a: Ursie
|-supereffective|p2a: Ursie
|-damage|p2a: Ursie|53/100 brn
|
|t:|1769423300
|switch|p1a: Metagross|Metagross|14/100|[from] Flip Turn
|move|p2a: Ursie|Facade|p1a: Metagross
|-resisted|p1a: Metagross
|-damage|p1a: Metagross|0 fnt
|faint|p1a: Metagross
|
|-damage|p2a: Ursie|47/100 brn|[from] brn
|upkeep
|
|t:|1769423307
|switch|p1a: Sandy Shocks|Sandy Shocks, shiny|100/100
|-enditem|p1a: Sandy Shocks|Booster Energy
|-activate|p1a: Sandy Shocks|ability: Protosynthesis|[fromitem]
|-start|p1a: Sandy Shocks|protosynthesisspa
|turn|9
|
|t:|1769423316
|switch|p2a: Brickie|Conkeldurr, F|100/100
|move|p1a: Sandy Shocks|Earth Power|p2a: Brickie
|-damage|p2a: Brickie|52/100
|
|upkeep
|turn|10
|
|t:|1769423328
|move|p1a: Sandy Shocks|Thunderbolt|p2a: Brickie
|-damage|p2a: Brickie|9/100
|move|p2a: Brickie|Drain Punch|p1a: Sandy Shocks
|-damage|p1a: Sandy Shocks|37/100
|-heal|p2a: Brickie|33/100|[from] drain|[of] p1a: Sandy Shocks
|
|upkeep
|turn|11
|
|t:|1769423334
|move|p2a: Brickie|Mach Punch|p1a: Sandy Shocks
|-damage|p1a: Sandy Shocks|5/100
|move|p1a: Sandy Shocks|Earth Power|p2a: Brickie
|-damage|p2a: Brickie|0 fnt
|faint|p2a: Brickie
|
|upkeep
|
|t:|1769423344
|switch|p2a: Lovie|Enamorus, F|100/100
|turn|12
|
|t:|1769423354
|-terastallize|p2a: Lovie|Ground
|move|p2a: Lovie|Moonblast|p1a: Sandy Shocks
|-damage|p1a: Sandy Shocks|0 fnt
|faint|p1a: Sandy Shocks
|-end|p1a: Sandy Shocks|Protosynthesis|[silent]
|
|upkeep
|
|t:|1769423362
|switch|p1a: Alomomola|Alomomola, F, shiny|100/100
|turn|13
|
|t:|1769423366
|switch|p2a: Cloudie|Zapdos|100/100
|move|p1a: Alomomola|Flip Turn|p2a: Cloudie
|-damage|p2a: Cloudie|87/100
|
|t:|1769423383
|switch|p1a: Dragonite|Dragonite, M, shiny|100/100|[from] Flip Turn
|
|upkeep
|turn|14
|
|t:|1769423386
|move|p1a: Dragonite|Dragon Dance|p1a: Dragonite
|-boost|p1a: Dragonite|atk|1
|-boost|p1a: Dragonite|spe|1
|move|p2a: Cloudie|Volt Switch|p1a: Dragonite
|-damage|p1a: Dragonite|80/100
|
|t:|1769423390
|switch|p2a: Lovie|Enamorus, F, tera:Ground|100/100|[from] Volt Switch
|
|upkeep
|turn|15
|
|t:|1769423395
|-terastallize|p1a: Dragonite|Normal
|move|p1a: Dragonite|Ice Spinner|p2a: Lovie
|-supereffective|p2a: Lovie
|-damage|p2a: Lovie|0 fnt
|faint|p2a: Lovie
|
|upkeep
|
|t:|1769423401
|switch|p2a: Duckie|Quaquaval, F|100/100
|turn|16
|
|t:|1769423406
|switch|p1a: Alomomola|Alomomola, F, shiny|100/100
|move|p2a: Duckie|Close Combat|p1a: Alomomola
|-damage|p1a: Alomomola|60/100
|-unboost|p2a: Duckie|def|1
|-unboost|p2a: Duckie|spd|1
|
|upkeep
|turn|17
|
|t:|1769423410
|switch|p2a: Cloudie|Zapdos|87/100
|move|p1a: Alomomola|Wish|p1a: Alomomola
|
|upkeep
|turn|18
|
|t:|1769423415
|switch|p1a: Dragonite|Dragonite, M, shiny, tera:Normal|80/100
|move|p2a: Cloudie|Volt Switch|p1a: Dragonite
|-damage|p1a: Dragonite|36/100
|
|t:|1769423417
|switch|p2a: Duckie|Quaquaval, F|100/100|[from] Volt Switch
|
|-heal|p1a: Dragonite|100/100|[from] move: Wish|[wisher] Alomomola
|upkeep
|turn|19
|
|t:|1769423425
|switch|p1a: Alomomola|Alomomola, F, shiny|93/100
|move|p2a: Duckie|Aqua Step|p1a: Alomomola
|-resisted|p1a: Alomomola
|-damage|p1a: Alomomola|80/100
|-boost|p2a: Duckie|spe|1
|
|upkeep
|turn|20
|
|t:|1769423429
|move|p2a: Duckie|Swords Dance|p2a: Duckie
|-boost|p2a: Duckie|atk|2
|move|p1a: Alomomola|Flip Turn|p2a: Duckie
|-resisted|p2a: Duckie
|-damage|p2a: Duckie|91/100
|
|t:|1769423432
|switch|p1a: Deoxys|Deoxys-Defense, shiny|100/100|[from] Flip Turn
|-ability|p1a: Deoxys|Pressure
|
|-heal|p2a: Duckie|97/100|[from] item: Leftovers
|upkeep
|turn|21
|
|t:|1769423437
|move|p2a: Duckie|Aqua Step|p1a: Deoxys
|-damage|p1a: Deoxys|33/100
|-boost|p2a: Duckie|spe|1
|move|p1a: Deoxys|Cosmic Power|p1a: Deoxys
|-boost|p1a: Deoxys|def|1
|-boost|p1a: Deoxys|spd|1
|
|-heal|p2a: Duckie|100/100|[from] item: Leftovers
|upkeep
|turn|22
|
|t:|1769423444
|move|p2a: Duckie|Aqua Step|p1a: Deoxys
|-damage|p1a: Deoxys|0 fnt
|-boost|p2a: Duckie|spe|1
|faint|p1a: Deoxys
|-ability|p2a: Duckie|Moxie|boost
|-boost|p2a: Duckie|atk|1
|
|upkeep
|
|t:|1769423448
|switch|p1a: Mandibuzz|Mandibuzz, F, shiny|100/100
|turn|23
|
|t:|1769423450
|move|p2a: Duckie|Aqua Step|p1a: Mandibuzz
|-damage|p1a: Mandibuzz|4/100
|-boost|p2a: Duckie|spe|1
|move|p1a: Mandibuzz|Foul Play|p2a: Duckie
|-resisted|p2a: Duckie
|-damage|p2a: Duckie|17/100
|
|-heal|p2a: Duckie|23/100|[from] item: Leftovers
|upkeep
|turn|24
|
|t:|1769423457
|move|p2a: Duckie|Rapid Spin|p1a: Mandibuzz
|-damage|p1a: Mandibuzz|0 fnt
|-boost|p2a: Duckie|spe|1
|faint|p1a: Mandibuzz
|-ability|p2a: Duckie|Moxie|boost
|-boost|p2a: Duckie|atk|1
|
|-heal|p2a: Duckie|29/100|[from] item: Leftovers
|upkeep
|
|t:|1769423459
|switch|p1a: Dragonite|Dragonite, M, shiny, tera:Normal|100/100
|turn|25
|
|t:|1769423466
|move|p1a: Dragonite|Extreme Speed|p2a: Duckie
|-damage|p2a: Duckie|0 fnt
|faint|p2a: Duckie
|
|upkeep
|
|t:|1769423468
|switch|p2a: Cloudie|Zapdos|87/100
|turn|26
|
|t:|1769423471
|move|p1a: Dragonite|Dragon Dance|p1a: Dragonite
|-boost|p1a: Dragonite|atk|1
|-boost|p1a: Dragonite|spe|1
|move|p2a: Cloudie|Discharge|p1a: Dragonite
|-damage|p1a: Dragonite|76/100
|
|upkeep
|turn|27
|
|t:|1769423481
|move|p1a: Dragonite|Dragon Dance|p1a: Dragonite
|-boost|p1a: Dragonite|atk|1
|-boost|p1a: Dragonite|spe|1
|move|p2a: Cloudie|Discharge|p1a: Dragonite
|-damage|p1a: Dragonite|30/100
|
|upkeep
|turn|28
|
|t:|1769423483
|move|p1a: Dragonite|Ice Spinner|p2a: Cloudie
|-supereffective|p2a: Cloudie
|-damage|p2a: Cloudie|0 fnt
|-status|p1a: Dragonite|par|[from] ability: Static|[of] p2a: Cloudie
|faint|p2a: Cloudie
|
|upkeep
|
|t:|1769423486
|switch|p2a: Ursie|Ursaluna, M|47/100 brn
|turn|29
|
|t:|1769423488
|cant|p1a: Dragonite|par
|move|p2a: Ursie|Facade|p1a: Dragonite
|-damage|p1a: Dragonite|0 fnt
|faint|p1a: Dragonite
|
|-damage|p2a: Ursie|41/100 brn|[from] brn
|upkeep
|
|t:|1769423492
|switch|p1a: Alomomola|Alomomola, F, shiny|100/100
|turn|30
|
|t:|1769423494
|move|p1a: Alomomola|Protect|p1a: Alomomola
|-singleturn|p1a: Alomomola|Protect
|move|p2a: Ursie|Facade|p1a: Alomomola
|-activate|p1a: Alomomola|move: Protect
|
|-damage|p2a: Ursie|35/100 brn|[from] brn
|upkeep
|turn|31
|
|t:|1769423498
|move|p1a: Alomomola|Wish|p1a: Alomomola
|move|p2a: Ursie|Facade|p1a: Alomomola
|-damage|p1a: Alomomola|25/100
|
|-damage|p2a: Ursie|29/100 brn|[from] brn
|upkeep
|turn|32
|
|t:|1769423502
|move|p1a: Alomomola|Protect|p1a: Alomomola
|-singleturn|p1a: Alomomola|Protect
|move|p2a: Ursie|Facade|p1a: Alomomola
|-activate|p1a: Alomomola|move: Protect
|
|-heal|p1a: Alomomola|75/100|[from] move: Wish|[wisher] Alomomola
|-damage|p2a: Ursie|23/100 brn|[from] brn
|upkeep
|turn|33
|
|t:|1769423511
|move|p1a: Alomomola|Scald|p2a: Ursie
|-supereffective|p2a: Ursie
|-damage|p2a: Ursie|0 fnt
|faint|p2a: Ursie
|
|win|Physical Yanmega
|raw|Physical Yanmega's rating: 1313 &rarr; <strong>1333</strong><br />(+20 for winning)
|raw|lightery's rating: 1318 &rarr; <strong>1298</strong><br />(-20 for losing)
|c|☆Physical Yanmega|gg
|l|☆lightery
|player|p2|
|l|☆Physical Yanmega
|player|p1|
