|badge|p1|bronze|gen9doublesou|100-8
|uhtml|medal-msg|<div class="broadcast-blue">Curious what those medals under the avatar are? PS now has Ladder Seasons! For more information, check out the <a href="https://www.smogon.com/forums/threads/3740067/">thread on Smogon.</a></div>
|j|☆ismelllikesocksbro
|j|☆STAR-iin
|t:|1769405107
|gametype|singles
|player|p1|ismelllikesocksbro|dancer|1182
|player|p2|STAR-iin|misty-lgpe|1127
|gen|9
|tier|[Gen 9] OU
|rated|
|rule|HP Percentage Mod: HP is shown in percentages
|rule|Endless Battle Clause: Forcing endless battles is banned
|rule|Species Clause: Limit one of each Pokémon
|rule|OHKO Clause: OHKO moves are banned
|rule|Evasion Items Clause: Evasion items are banned
|rule|Evasion Moves Clause: Evasion moves are banned
|rule|Evasion Abilities Clause: Evasion abilities are banned
|rule|Sleep Moves Clause: Sleep-inducing moves are banned
|clearpoke
|poke|p1|Pecharunt|
|poke|p1|Kingambit, F|
|poke|p1|Volcanion|
|poke|p1|Iron Valiant|
|poke|p1|Landorus-Therian, M|
|poke|p1|Deoxys-Speed|
|poke|p2|Pelipper, M|
|poke|p2|Sliggoo, F|
|poke|p2|Floatzel, M|
|poke|p2|Raging Bolt|
|poke|p2|Kingambit, F|
|poke|p2|Kleavor, F|
|teampreview
|inactive|Battle timer is ON: inactive players will automatically lose when time's up. (requested by ismelllikesocksbro)
|
|t:|1769405118
|teamsize|p1|6
|teamsize|p2|6
|start
|switch|p1a: Deoxys|Deoxys-Speed|100/100
|switch|p2a: Pelipper|Pelipper, M|100/100
|-ability|p1a: Deoxys|Pressure
|-weather|RainDance|[from] ability: Drizzle|[of] p2a: Pelipper
|turn|1
|c|☆ismelllikesocksbro|Holy goat
|c|☆ismelllikesocksbro|Sliggoo is so cool
|
|t:|1769405135
|move|p1a: Deoxys|Psycho Boost|p2a: Pelipper
|-damage|p2a: Pelipper|18/100
|-unboost|p1a: Deoxys|spa|2
|-enditem|p1a: Deoxys|Eject Pack
|
|t:|1769405140
|switch|p1a: Volcanion|Volcanion|100/100
|move|p2a: Pelipper|U-turn|p1a: Volcanion
|-resisted|p1a: Volcanion
|-damage|p1a: Volcanion|97/100
|
|t:|1769405146
|switch|p2a: Sliggoo|Sliggoo, F|100/100|[from] U-turn
|
|-weather|RainDance|[upkeep]
|-heal|p1a: Volcanion|100/100|[from] item: Leftovers
|upkeep
|turn|2
|
|t:|1769405150
|move|p1a: Volcanion|Taunt|p2a: Sliggoo
|-start|p2a: Sliggoo|move: Taunt
|cant|p2a: Sliggoo|move: Taunt|Toxic
|
|-weather|RainDance|[upkeep]
|upkeep
|turn|3
|
|t:|1769405154
|move|p1a: Volcanion|Will-O-Wisp|p2a: Sliggoo
|-status|p2a: Sliggoo|brn
|move|p2a: Sliggoo|Dragon Pulse|p1a: Volcanion
|-damage|p1a: Volcanion|75/100
|
|-weather|RainDance|[upkeep]
|-heal|p1a: Volcanion|81/100|[from] item: Leftovers
|-activate|p2a: Sliggoo|ability: Hydration
|-curestatus|p2a: Sliggoo|brn|[msg]
|upkeep
|turn|4
|
|t:|1769405161
|switch|p1a: Deoxys|Deoxys-Speed|100/100
|-ability|p1a: Deoxys|Pressure
|move|p2a: Sliggoo|Dragon Pulse|p1a: Deoxys
|-damage|p1a: Deoxys|58/100
|
|-weather|RainDance|[upkeep]
|-end|p2a: Sliggoo|move: Taunt
|upkeep
|turn|5
|
|t:|1769405165
|move|p1a: Deoxys|Knock Off|p2a: Sliggoo
|-damage|p2a: Sliggoo|73/100
|-enditem|p2a: Sliggoo|Eviolite|[from] move: Knock Off|[of] p1a: Deoxys
|move|p2a: Sliggoo|Muddy Water|p1a: Deoxys|[miss]
|-miss|p2a: Sliggoo|p1a: Deoxys
|
|-weather|RainDance|[upkeep]
|upkeep
|turn|6
|
|t:|1769405170
|move|p1a: Deoxys|Spikes|p2a: Sliggoo
|-sidestart|p2: STAR-iin|Spikes
|move|p2a: Sliggoo|Toxic|p1a: Deoxys
|-status|p1a: Deoxys|tox
|
|-weather|RainDance|[upkeep]
|-damage|p1a: Deoxys|52/100 tox|[from] psn
|upkeep
|turn|7
|
|t:|1769405174
|move|p1a: Deoxys|Spikes|p2a: Sliggoo
|-sidestart|p2: STAR-iin|Spikes
|move|p2a: Sliggoo|Muddy Water|p1a: Deoxys
|-damage|p1a: Deoxys|5/100 tox
|-unboost|p1a: Deoxys|accuracy|1
|
|-weather|RainDance|[upkeep]
|-damage|p1a: Deoxys|0 fnt|[from] psn
|faint|p1a: Deoxys
|upkeep
|
|t:|1769405177
|switch|p1a: Landorus|Landorus-Therian, M|100/100
|-ability|p1a: Landorus|Intimidate|boost
|-unboost|p2a: Sliggoo|atk|1
|turn|8
|
|t:|1769405181
|switch|p2a: Pelipper|Pelipper, M|18/100
|move|p1a: Landorus|Taunt|p2a: Pelipper
|-start|p2a: Pelipper|move: Taunt
|
|-weather|none
|upkeep
|turn|9
|
|t:|1769405187
|switch|p2a: Kleavor|Kleavor, F|100/100
|-damage|p2a: Kleavor|84/100|[from] Spikes
|move|p1a: Landorus|Stealth Rock|p2a: Kleavor
|-sidestart|p2: STAR-iin|move: Stealth Rock
|
|upkeep
|turn|10
|
|t:|1769405193
|switch|p1a: Kingambit|Kingambit, F|100/100
|-activate|p1a: Kingambit|ability: Supreme Overlord
|-start|p1a: Kingambit|fallen1|[silent]
|move|p2a: Kleavor|Stone Axe|p1a: Kingambit
|-resisted|p1a: Kingambit
|-damage|p1a: Kingambit|80/100
|-sidestart|p1: ismelllikesocksbro|move: Stealth Rock
|
|-heal|p1a: Kingambit|86/100|[from] item: Leftovers
|upkeep
|turn|11
|
|t:|1769405203
|switch|p2a: Pelipper|Pelipper, M|18/100
|-damage|p2a: Pelipper|0 fnt|[from] Stealth Rock
|faint|p2a: Pelipper
|move|p1a: Kingambit|Swords Dance|p1a: Kingambit
|-boost|p1a: Kingambit|atk|2
|
|-heal|p1a: Kingambit|92/100|[from] item: Leftovers
|upkeep
|
|t:|1769405210
|switch|p2a: Raging Bolt|Raging Bolt|100/100
|-damage|p2a: Raging Bolt|84/100|[from] Spikes
|-damage|p2a: Raging Bolt|72/100|[from] Stealth Rock
|-enditem|p2a: Raging Bolt|Booster Energy
|-activate|p2a: Raging Bolt|ability: Protosynthesis|[fromitem]
|-start|p2a: Raging Bolt|protosynthesisspa
|turn|12
|
|t:|1769405216
|-terastallize|p1a: Kingambit|Fighting
|move|p1a: Kingambit|Low Kick|p2a: Raging Bolt
|-damage|p2a: Raging Bolt|0 fnt
|faint|p2a: Raging Bolt
|-end|p2a: Raging Bolt|Protosynthesis|[silent]
|
|-heal|p1a: Kingambit|98/100|[from] item: Leftovers
|upkeep
|
|t:|1769405222
|switch|p2a: Sliggoo|Sliggoo, F|73/100
|-damage|p2a: Sliggoo|57/100|[from] Spikes
|-damage|p2a: Sliggoo|45/100|[from] Stealth Rock
|turn|13
|
|t:|1769405228
|move|p1a: Kingambit|Iron Head|p2a: Sliggoo
|-damage|p2a: Sliggoo|0 fnt
|faint|p2a: Sliggoo
|
|-heal|p1a: Kingambit|100/100|[from] item: Leftovers
|upkeep
|
|t:|1769405233
|switch|p2a: Floatzel|Floatzel, M|100/100
|-damage|p2a: Floatzel|84/100|[from] Spikes
|-damage|p2a: Floatzel|72/100|[from] Stealth Rock
|turn|14
|
|t:|1769405237
|move|p1a: Kingambit|Sucker Punch|p2a: Floatzel
|-damage|p2a: Floatzel|0 fnt
|faint|p2a: Floatzel
|
|upkeep
|
|t:|1769405242
|switch|p2a: Kleavor|Kleavor, F|84/100
|-damage|p2a: Kleavor|68/100|[from] Spikes
|-damage|p2a: Kleavor|43/100|[from] Stealth Rock
|turn|15
|
|t:|1769405246
|move|p1a: Kingambit|Sucker Punch|p2a: Kleavor
|-damage|p2a: Kleavor|0 fnt
|faint|p2a: Kleavor
|
|upkeep
|
|t:|1769405249
|switch|p2a: Kingambit|Kingambit, F|100/100
|-damage|p2a: Kingambit|84/100|[from] Spikes
|-damage|p2a: Kingambit|78/100|[from] Stealth Rock
|-activate|p2a: Kingambit|ability: Supreme Overlord
|-start|p2a: Kingambit|fallen5|[silent]
|turn|16
|
|t:|1769405252
|move|p1a: Kingambit|Low Kick|p2a: Kingambit
|-supereffective|p2a: Kingambit
|-damage|p2a: Kingambit|0 fnt
|faint|p2a: Kingambit
|-end|p2a: Kingambit|fallen5|[silent]
|
|win|ismelllikesocksbro
|raw|ismelllikesocksbro's rating: 1182 &rarr; <strong>1203</strong><br />(+21 for winning)
|raw|STAR-iin's rating: 1127 &rarr; <strong>1106</strong><br />(-21 for losing)
|l|☆STAR-iin
|player|p2|
|l|☆ismelllikesocksbro
|player|p1|
