|j|☆butterchicken786
|j|☆DoublesIsForLames
|t:|1769369223
|gametype|singles
|player|p1|butterchicken786|brycenman|1247
|player|p2|DoublesIsForLames|benga|1269
|gen|9
|tier|[Gen 9] OU
|rated|
|rule|HP Percentage Mod: HP is shown in percentages
|rule|Endless Battle Clause: Forcing endless battles is banned
|rule|Species Clause: Limit one of each Pokémon
|rule|OHKO Clause: OHKO moves are banned
|rule|Evasion Items Clause: Evasion items are banned
|rule|Evasion Moves Clause: Evasion moves are banned
|rule|Evasion Abilities Clause: Evasion abilities are banned
|rule|Sleep Moves Clause: Sleep-inducing moves are banned
|clearpoke
|poke|p1|Pelipper, F|
|poke|p1|Glimmora, F|
|poke|p1|Zapdos|
|poke|p1|Walking Wake|
|poke|p1|Ogerpon-Wellspring, F|
|poke|p1|Rillaboom, M|
|poke|p2|Meganium, M|
|poke|p2|Typhlosion, M|
|poke|p2|Feraligatr, M|
|poke|p2|Blissey, F|
|poke|p2|Scizor, M|
|poke|p2|Tyranitar, M|
|teampreview
|inactive|Battle timer is ON: inactive players will automatically lose when time's up. (requested by butterchicken786)
|
|t:|1769369248
|teamsize|p1|6
|teamsize|p2|6
|start
|switch|p1a: Rillaboom|Rillaboom, M|100/100
|switch|p2a: Tyranitar|Tyranitar, M, shiny|100/100
|-fieldstart|move: Grassy Terrain|[from] ability: Grassy Surge|[of] p1a: Rillaboom
|-weather|Sandstorm|[from] ability: Sand Stream|[of] p2a: Tyranitar
|turn|1
|
|t:|1769369267
|-terastallize|p2a: Tyranitar|Flying
|move|p1a: Rillaboom|Wood Hammer|p2a: Tyranitar
|-resisted|p2a: Tyranitar
|-damage|p2a: Tyranitar|67/100
|-damage|p1a: Rillaboom|89/100|[from] Recoil
|move|p2a: Tyranitar|Knock Off|p1a: Rillaboom
|-damage|p1a: Rillaboom|0 fnt
|-enditem|p1a: Rillaboom|Assault Vest|[from] move: Knock Off|[of] p2a: Tyranitar
|faint|p1a: Rillaboom
|
|-weather|Sandstorm|[upkeep]
|-damage|p2a: Tyranitar|61/100|[from] Sandstorm
|upkeep
|
|t:|1769369287
|switch|p1a: Zapdos|Zapdos|100/100
|turn|2
|
|t:|1769369301
|switch|p2a: Meganium|Meganium, M, shiny|100/100
|move|p1a: Zapdos|Volt Switch|p2a: Meganium
|-resisted|p2a: Meganium
|-damage|p2a: Meganium|80/100
|
|t:|1769369306
|switch|p1a: Pelipper|Pelipper, F|100/100|[from] Volt Switch
|-weather|RainDance|[from] ability: Drizzle|[of] p1a: Pelipper
|
|-weather|RainDance|[upkeep]
|-heal|p2a: Meganium|87/100|[from] Grassy Terrain
|upkeep
|turn|3
|inactive|DoublesIsForLames has 120 seconds left.
|
|t:|1769369338
|switch|p2a: Blissey|Blissey, F, shiny|100/100
|move|p1a: Pelipper|U-turn|p2a: Blissey
|-damage|p2a: Blissey|92/100
|
|t:|1769369343
|switch|p1a: Ogerpon|Ogerpon-Wellspring, F|100/100|[from] U-turn
|
|-weather|RainDance|[upkeep]
|-heal|p2a: Blissey|98/100|[from] Grassy Terrain
|upkeep
|turn|4
|inactive|DoublesIsForLames has 120 seconds left.
|
|t:|1769369378
|move|p1a: Ogerpon|Swords Dance|p1a: Ogerpon
|-boost|p1a: Ogerpon|atk|2
|move|p2a: Blissey|Thunder Wave|p1a: Ogerpon
|-status|p1a: Ogerpon|par
|
|-weather|RainDance|[upkeep]
|-heal|p2a: Blissey|100/100|[from] Grassy Terrain
|upkeep
|turn|5
|
|t:|1769369400
|switch|p2a: Meganium|Meganium, M, shiny|87/100
|move|p1a: Ogerpon|Ivy Cudgel|p2a: Meganium|[anim] Ivy Cudgel Water
|-resisted|p2a: Meganium
|-damage|p2a: Meganium|0 fnt
|faint|p2a: Meganium
|
|-weather|RainDance|[upkeep]
|-fieldend|move: Grassy Terrain
|upkeep
|inactive|DoublesIsForLames has 90 seconds left.
|
|t:|1769369417
|switch|p2a: Tyranitar|Tyranitar, M, shiny, tera:Flying|61/100
|-weather|Sandstorm|[from] ability: Sand Stream|[of] p2a: Tyranitar
|turn|6
|
|t:|1769369438
|move|p2a: Tyranitar|Knock Off|p1a: Ogerpon
|-damage|p1a: Ogerpon|31/100 par
|cant|p1a: Ogerpon|par
|
|-weather|Sandstorm|[upkeep]
|-damage|p2a: Tyranitar|55/100|[from] Sandstorm
|-damage|p1a: Ogerpon|25/100 par|[from] Sandstorm
|upkeep
|turn|7
|
|t:|1769369449
|move|p2a: Tyranitar|Knock Off|p1a: Ogerpon
|-damage|p1a: Ogerpon|0 fnt
|faint|p1a: Ogerpon
|
|-weather|Sandstorm|[upkeep]
|-damage|p2a: Tyranitar|49/100|[from] Sandstorm
|upkeep
|
|t:|1769369455
|switch|p1a: Pelipper|Pelipper, F|100/100
|-weather|RainDance|[from] ability: Drizzle|[of] p1a: Pelipper
|turn|8
|
|t:|1769369470
|move|p1a: Pelipper|Ice Beam|p2a: Tyranitar
|-supereffective|p2a: Tyranitar
|-damage|p2a: Tyranitar|0 fnt
|faint|p2a: Tyranitar
|
|-weather|RainDance|[upkeep]
|upkeep
|
|t:|1769369481
|switch|p2a: Scizor|Scizor, M, shiny|100/100
|turn|9
|
|t:|1769369493
|move|p1a: Pelipper|Hurricane|p2a: Scizor
|-damage|p2a: Scizor|38/100
|move|p2a: Scizor|Swords Dance|p2a: Scizor
|-boost|p2a: Scizor|atk|2
|
|-weather|RainDance|[upkeep]
|upkeep
|turn|10
|
|t:|1769369503
|move|p2a: Scizor|Bullet Punch|p1a: Pelipper
|-resisted|p1a: Pelipper
|-damage|p1a: Pelipper|40/100
|-damage|p2a: Scizor|28/100|[from] item: Life Orb
|move|p1a: Pelipper|Hurricane|p2a: Scizor
|-damage|p2a: Scizor|0 fnt
|faint|p2a: Scizor
|
|-weather|RainDance|[upkeep]
|upkeep
|
|t:|1769369507
|switch|p2a: Feraligatr|Feraligatr, M, shiny|100/100
|turn|11
|
|t:|1769369511
|move|p2a: Feraligatr|Dragon Dance|p2a: Feraligatr
|-boost|p2a: Feraligatr|atk|1
|-boost|p2a: Feraligatr|spe|1
|move|p1a: Pelipper|U-turn|p2a: Feraligatr
|-damage|p2a: Feraligatr|91/100
|
|t:|1769369513
|switch|p1a: Zapdos|Zapdos|100/100|[from] U-turn
|
|-weather|RainDance|[upkeep]
|upkeep
|turn|12
|
|t:|1769369521
|switch|p2a: Blissey|Blissey, F, shiny|100/100
|move|p1a: Zapdos|Thunder|p2a: Blissey
|-damage|p2a: Blissey|84/100
|-status|p2a: Blissey|par
|
|-weather|none
|upkeep
|turn|13
|
|t:|1769369531
|switch|p1a: Pelipper|Pelipper, F|40/100
|-weather|RainDance|[from] ability: Drizzle|[of] p1a: Pelipper
|move|p2a: Blissey|Stealth Rock|p1a: Pelipper
|-sidestart|p1: butterchicken786|move: Stealth Rock
|
|-weather|RainDance|[upkeep]
|upkeep
|turn|14
|
|t:|1769369533
|move|p1a: Pelipper|U-turn|p2a: Blissey
|-damage|p2a: Blissey|75/100 par
|
|t:|1769369536
|switch|p1a: Walking Wake|Walking Wake|100/100|[from] U-turn
|-damage|p1a: Walking Wake|88/100|[from] Stealth Rock
|-enditem|p1a: Walking Wake|Booster Energy
|-activate|p1a: Walking Wake|ability: Protosynthesis|[fromitem]
|-start|p1a: Walking Wake|protosynthesisspe
|move|p2a: Blissey|Thunder Wave|p1a: Walking Wake
|-status|p1a: Walking Wake|par
|
|-weather|RainDance|[upkeep]
|upkeep
|turn|15
|
|t:|1769369546
|move|p1a: Walking Wake|Flip Turn|p2a: Blissey
|-damage|p2a: Blissey|52/100 par
|
|t:|1769369550
|-end|p1a: Walking Wake|Protosynthesis|[silent]
|switch|p1a: Glimmora|Glimmora, F|100/100|[from] Flip Turn
|-damage|p1a: Glimmora|88/100|[from] Stealth Rock
|move|p2a: Blissey|Soft-Boiled|p2a: Blissey
|-heal|p2a: Blissey|100/100 par
|
|-weather|RainDance|[upkeep]
|upkeep
|turn|16
|
|t:|1769369559
|move|p1a: Glimmora|Mortal Spin|p2a: Blissey
|-damage|p2a: Blissey|94/100 par
|-sideend|p1: butterchicken786|Stealth Rock|[from] move: Mortal Spin|[of] p1a: Glimmora
|cant|p2a: Blissey|par
|
|-weather|RainDance|[upkeep]
|upkeep
|turn|17
|
|t:|1769369573
|move|p1a: Glimmora|Stealth Rock|p2a: Blissey
|-sidestart|p2: DoublesIsForLames|move: Stealth Rock
|cant|p2a: Blissey|par
|
|-weather|none
|upkeep
|turn|18
|
|t:|1769369582
|move|p1a: Glimmora|Sludge Wave|p2a: Blissey
|-damage|p2a: Blissey|78/100 par
|move|p2a: Blissey|Thunder Wave|p1a: Glimmora
|-status|p1a: Glimmora|par
|
|upkeep
|turn|19
|
|t:|1769369599
|move|p1a: Glimmora|Sludge Wave|p2a: Blissey
|-crit|p2a: Blissey
|-damage|p2a: Blissey|56/100 par
|cant|p2a: Blissey|par
|
|upkeep
|turn|20
|
|t:|1769369604
|move|p1a: Glimmora|Sludge Wave|p2a: Blissey
|-damage|p2a: Blissey|40/100 par
|cant|p2a: Blissey|par
|
|upkeep
|turn|21
|
|t:|1769369608
|move|p1a: Glimmora|Sludge Wave|p2a: Blissey
|-damage|p2a: Blissey|25/100 par
|move|p2a: Blissey|Soft-Boiled|p2a: Blissey
|-heal|p2a: Blissey|75/100 par
|
|upkeep
|turn|22
|
|t:|1769369615
|move|p1a: Glimmora|Sludge Wave|p2a: Blissey
|-damage|p2a: Blissey|59/100 par
|move|p2a: Blissey|Soft-Boiled|p2a: Blissey
|-heal|p2a: Blissey|100/100 par
|
|upkeep
|turn|23
|
|t:|1769369619
|cant|p1a: Glimmora|par
|cant|p2a: Blissey|par
|
|upkeep
|turn|24
|
|t:|1769369622
|move|p1a: Glimmora|Sludge Wave|p2a: Blissey
|-damage|p2a: Blissey|87/100 par
|move|p2a: Blissey|Seismic Toss|p1a: Glimmora
|-damage|p1a: Glimmora|56/100 par
|-activate|p1a: Glimmora|ability: Toxic Debris
|-sidestart|p2: DoublesIsForLames|move: Toxic Spikes
|
|upkeep
|turn|25
|
|t:|1769369636
|-terastallize|p1a: Glimmora|Ghost
|move|p1a: Glimmora|Sludge Wave|p2a: Blissey
|-damage|p2a: Blissey|72/100 par
|move|p2a: Blissey|Seismic Toss|p1a: Glimmora
|-immune|p1a: Glimmora
|
|upkeep
|turn|26
|
|t:|1769369645
|-curestatus|p2a: Blissey|par|[from] ability: Natural Cure
|switch|p2a: Typhlosion|Typhlosion, M|100/100
|-damage|p2a: Typhlosion|76/100|[from] Stealth Rock
|-status|p2a: Typhlosion|psn
|move|p1a: Glimmora|Sludge Wave|p2a: Typhlosion
|-damage|p2a: Typhlosion|9/100 psn
|
|-damage|p2a: Typhlosion|0 fnt|[from] psn
|faint|p2a: Typhlosion
|upkeep
|
|t:|1769369649
|switch|p2a: Feraligatr|Feraligatr, M, shiny|91/100
|-damage|p2a: Feraligatr|79/100|[from] Stealth Rock
|-status|p2a: Feraligatr|psn
|turn|27
|
|t:|1769369653
|move|p2a: Feraligatr|Dragon Dance|p2a: Feraligatr
|-boost|p2a: Feraligatr|atk|1
|-boost|p2a: Feraligatr|spe|1
|cant|p1a: Glimmora|par
|
|-damage|p2a: Feraligatr|66/100 psn|[from] psn
|upkeep
|turn|28
|
|t:|1769369660
|move|p2a: Feraligatr|Earthquake|p1a: Glimmora
|-damage|p1a: Glimmora|0 fnt
|-activate|p1a: Glimmora|ability: Toxic Debris
|-sidestart|p2: DoublesIsForLames|move: Toxic Spikes
|faint|p1a: Glimmora
|
|-damage|p2a: Feraligatr|54/100 psn|[from] psn
|upkeep
|
|t:|1769369664
|switch|p1a: Pelipper|Pelipper, F|40/100
|-weather|RainDance|[from] ability: Drizzle|[of] p1a: Pelipper
|turn|29
|
|t:|1769369673
|move|p2a: Feraligatr|Ice Punch|p1a: Pelipper
|-damage|p1a: Pelipper|0 fnt
|faint|p1a: Pelipper
|
|-weather|RainDance|[upkeep]
|-damage|p2a: Feraligatr|42/100 psn|[from] psn
|upkeep
|
|t:|1769369676
|switch|p1a: Walking Wake|Walking Wake|88/100 par
|turn|30
|
|t:|1769369712
|move|p2a: Feraligatr|Earthquake|p1a: Walking Wake
|-damage|p1a: Walking Wake|40/100 par
|move|p1a: Walking Wake|Hurricane|p2a: Feraligatr
|-damage|p2a: Feraligatr|0 fnt
|faint|p2a: Feraligatr
|
|-weather|RainDance|[upkeep]
|upkeep
|inactive|DoublesIsForLames has 120 seconds left.
|
|t:|1769369724
|switch|p2a: Blissey|Blissey, F, shiny|72/100
|turn|31
|
|t:|1769369731
|cant|p1a: Walking Wake|par
|move|p2a: Blissey|Soft-Boiled|p2a: Blissey
|-heal|p2a: Blissey|100/100
|
|-weather|RainDance|[upkeep]
|upkeep
|turn|32
|
|t:|1769369737
|move|p1a: Walking Wake|Flip Turn|p2a: Blissey
|-damage|p2a: Blissey|74/100
|
|t:|1769369740
|-end|p1a: Walking Wake|Protosynthesis|[silent]
|switch|p1a: Zapdos|Zapdos|100/100|[from] Flip Turn
|move|p2a: Blissey|Seismic Toss|p1a: Zapdos
|-damage|p1a: Zapdos|69/100
|-status|p2a: Blissey|par|[from] ability: Static|[of] p1a: Zapdos
|
|-weather|RainDance|[upkeep]
|upkeep
|turn|33
|
|t:|1769369746
|move|p1a: Zapdos|Thunder|p2a: Blissey
|-damage|p2a: Blissey|55/100 par
|cant|p2a: Blissey|par
|
|-weather|none
|upkeep
|turn|34
|
|t:|1769369751
|move|p1a: Zapdos|Volt Switch|p2a: Blissey
|-damage|p2a: Blissey|44/100 par
|
|t:|1769369754
|switch|p1a: Walking Wake|Walking Wake|40/100 par|[from] Volt Switch
|move|p2a: Blissey|Soft-Boiled|p2a: Blissey
|-heal|p2a: Blissey|94/100 par
|
|upkeep
|turn|35
|
|t:|1769369761
|cant|p1a: Walking Wake|par
|cant|p2a: Blissey|par
|
|upkeep
|turn|36
|
|t:|1769369767
|cant|p1a: Walking Wake|par
|move|p2a: Blissey|Seismic Toss|p1a: Walking Wake
|-damage|p1a: Walking Wake|11/100 par
|
|upkeep
|turn|37
|
|t:|1769369775
|cant|p1a: Walking Wake|par
|cant|p2a: Blissey|par
|
|upkeep
|turn|38
|
|t:|1769369780
|move|p1a: Walking Wake|Flip Turn|p2a: Blissey
|-damage|p2a: Blissey|78/100 par
|
|t:|1769369789
|-end|p1a: Walking Wake|Protosynthesis|[silent]
|switch|p1a: Zapdos|Zapdos|69/100|[from] Flip Turn
|move|p2a: Blissey|Seismic Toss|p1a: Zapdos
|-damage|p1a: Zapdos|38/100
|
|upkeep
|turn|39
|
|t:|1769369804
|move|p1a: Zapdos|Volt Switch|p2a: Blissey
|-damage|p2a: Blissey|67/100 par
|
|t:|1769369806
|switch|p1a: Walking Wake|Walking Wake|11/100 par|[from] Volt Switch
|move|p2a: Blissey|Seismic Toss|p1a: Walking Wake
|-damage|p1a: Walking Wake|0 fnt
|faint|p1a: Walking Wake
|-end|p1a: Walking Wake|Protosynthesis|[silent]
|
|upkeep
|
|t:|1769369808
|switch|p1a: Zapdos|Zapdos|38/100
|turn|40
|
|t:|1769369818
|move|p1a: Zapdos|Volt Switch|p2a: Blissey
|-damage|p2a: Blissey|56/100 par
|move|p2a: Blissey|Soft-Boiled|p2a: Blissey
|-heal|p2a: Blissey|100/100 par
|
|upkeep
|turn|41
|
|t:|1769369827
|move|p1a: Zapdos|Volt Switch|p2a: Blissey
|-damage|p2a: Blissey|90/100 par
|cant|p2a: Blissey|par
|
|upkeep
|turn|42
|
|t:|1769369837
|move|p1a: Zapdos|Volt Switch|p2a: Blissey
|-damage|p2a: Blissey|79/100 par
|move|p2a: Blissey|Seismic Toss|p1a: Zapdos
|-damage|p1a: Zapdos|7/100
|
|upkeep
|turn|43
|
|t:|1769369846
|move|p1a: Zapdos|Volt Switch|p2a: Blissey
|-damage|p2a: Blissey|67/100 par
|move|p2a: Blissey|Seismic Toss|p1a: Zapdos
|-damage|p1a: Zapdos|0 fnt
|faint|p1a: Zapdos
|
|win|DoublesIsForLames
|raw|butterchicken786's rating: 1247 &rarr; <strong>1224</strong><br />(-23 for losing)
|raw|DoublesIsForLames's rating: 1269 &rarr; <strong>1292</strong><br />(+23 for winning)
|l|☆butterchicken786
|player|p1|
|l|☆DoublesIsForLames
|player|p2|
