|j|☆Year1990
|j|☆tymmx
|t:|1769427953
|gametype|singles
|player|p1|Year1990|266|1179
|player|p2|tymmx|hilda|1160
|gen|9
|tier|[Gen 9] OU
|rated|
|rule|HP Percentage Mod: HP is shown in percentages
|rule|Endless Battle Clause: Forcing endless battles is banned
|rule|Species Clause: Limit one of each Pokémon
|rule|OHKO Clause: OHKO moves are banned
|rule|Evasion Items Clause: Evasion items are banned
|rule|Evasion Moves Clause: Evasion moves are banned
|rule|Evasion Abilities Clause: Evasion abilities are banned
|rule|Sleep Moves Clause: Sleep-inducing moves are banned
|clearpoke
|poke|p1|Lilligant, F|
|poke|p1|Primeape, M|
|poke|p1|Bisharp, F|
|poke|p1|Forretress, F|
|poke|p1|Porygon2|
|poke|p1|Ditto|
|poke|p2|Heatran, F|
|poke|p2|Corviknight, M|
|poke|p2|Mimikyu, M|
|poke|p2|Landorus-Therian, M|
|poke|p2|Walking Wake|
|poke|p2|Meowscarada, F|
|teampreview
|
|t:|1769427978
|teamsize|p1|6
|teamsize|p2|6
|start
|switch|p1a: Foultress|Forretress, F|100/100
|switch|p2a: Meowscarada|Meowscarada, F|100/100
|turn|1
|
|t:|1769427988
|move|p2a: Meowscarada|Triple Axel|p1a: Foultress
|-start|p2a: Meowscarada|typechange|Ice|[from] ability: Protean
|-resisted|p1a: Foultress
|-damage|p1a: Foultress|97/100
|-damage|p2a: Meowscarada|84/100|[from] item: Rocky Helmet|[of] p1a: Foultress
|-hitcount|p1a: Foultress|1
|move|p1a: Foultress|Thunder Wave|p2a: Meowscarada
|-status|p2a: Meowscarada|par
|
|upkeep
|turn|2
|
|t:|1769427998
|switch|p2a: Walking Wake|Walking Wake|100/100
|-enditem|p2a: Walking Wake|Booster Energy
|-activate|p2a: Walking Wake|ability: Protosynthesis|[fromitem]
|-start|p2a: Walking Wake|protosynthesisspe
|move|p1a: Foultress|Stealth Rock|p2a: Walking Wake
|-sidestart|p2: tymmx|move: Stealth Rock
|
|upkeep
|turn|3
|
|t:|1769428006
|switch|p1a: Snomaageddon|Porygon2, shiny|100/100
|move|p2a: Walking Wake|Flamethrower|p1a: Snomaageddon
|-damage|p1a: Snomaageddon|86/100
|
|upkeep
|turn|4
|
|t:|1769428014
|move|p2a: Walking Wake|Draco Meteor|p1a: Snomaageddon
|-damage|p1a: Snomaageddon|58/100
|-unboost|p2a: Walking Wake|spa|2
|move|p1a: Snomaageddon|Charge Beam|p2a: Walking Wake
|-damage|p2a: Walking Wake|86/100
|-boost|p1a: Snomaageddon|spa|1
|
|upkeep
|turn|5
|
|t:|1769428026
|-end|p2a: Walking Wake|Protosynthesis|[silent]
|switch|p2a: Landorus|Landorus-Therian, M|100/100
|-ability|p1a: Snomaageddon|Intimidate|Trace|[from] ability: Trace|[of] p2a: Landorus
|-ability|p1a: Snomaageddon|Intimidate|boost
|-unboost|p2a: Landorus|atk|1
|-damage|p2a: Landorus|88/100|[from] Stealth Rock
|-ability|p2a: Landorus|Intimidate|boost
|-unboost|p1a: Snomaageddon|atk|1
|move|p1a: Snomaageddon|Recover|p1a: Snomaageddon
|-heal|p1a: Snomaageddon|100/100
|
|upkeep
|turn|6
|
|t:|1769428037
|move|p2a: Landorus|Earthquake|p1a: Snomaageddon
|-damage|p1a: Snomaageddon|75/100
|move|p1a: Snomaageddon|Tri Attack|p2a: Landorus
|-damage|p2a: Landorus|32/100
|-status|p2a: Landorus|par
|
|upkeep
|turn|7
|
|t:|1769428047
|move|p2a: Landorus|Earthquake|p1a: Snomaageddon
|-damage|p1a: Snomaageddon|47/100
|move|p1a: Snomaageddon|Recover|p1a: Snomaageddon
|-heal|p1a: Snomaageddon|97/100
|
|upkeep
|turn|8
|
|t:|1769428056
|move|p2a: Landorus|Earthquake|p1a: Snomaageddon
|-damage|p1a: Snomaageddon|69/100
|move|p1a: Snomaageddon|Tri Attack|p2a: Landorus
|-damage|p2a: Landorus|0 fnt
|faint|p2a: Landorus
|
|upkeep
|
|t:|1769428064
|switch|p2a: Corviknight|Corviknight, M|100/100
|-ability|p2a: Corviknight|Unnerve
|-damage|p2a: Corviknight|88/100|[from] Stealth Rock
|turn|9
|
|t:|1769428069
|move|p2a: Corviknight|Defog|p1a: Snomaageddon
|-unboost|p1a: Snomaageddon|evasion|1
|-sideend|p2: tymmx|Stealth Rock|[from] move: Defog|[of] p2a: Corviknight
|move|p1a: Snomaageddon|Charge Beam|p2a: Corviknight
|-supereffective|p2a: Corviknight
|-damage|p2a: Corviknight|55/100
|
|upkeep
|turn|10
|
|t:|1769428076
|move|p2a: Corviknight|U-turn|p1a: Snomaageddon
|-damage|p1a: Snomaageddon|60/100
|
|t:|1769428081
|switch|p2a: Heatran|Heatran, F|100/100|[from] U-turn
|move|p1a: Snomaageddon|Charge Beam|p2a: Heatran
|-damage|p2a: Heatran|88/100
|-boost|p1a: Snomaageddon|spa|1
|
|-heal|p2a: Heatran|95/100|[from] item: Leftovers
|upkeep
|turn|11
|
|t:|1769428094
|switch|p1a: Foultress|Forretress, F|97/100
|move|p2a: Heatran|Magma Storm|p1a: Foultress
|-supereffective|p1a: Foultress
|-damage|p1a: Foultress|0 fnt
|faint|p1a: Foultress
|
|-heal|p2a: Heatran|100/100|[from] item: Leftovers
|upkeep
|
|t:|1769428099
|switch|p1a: Snomaageddon|Porygon2, shiny|60/100
|-ability|p1a: Snomaageddon|Flash Fire|Trace|[from] ability: Trace|[of] p2a: Heatran
|turn|12
|
|t:|1769428115
|switch|p2a: Mimikyu|Mimikyu, M|100/100
|move|p1a: Snomaageddon|Recover|p1a: Snomaageddon
|-heal|p1a: Snomaageddon|100/100
|
|upkeep
|turn|13
|
|t:|1769428121
|move|p2a: Mimikyu|Swords Dance|p2a: Mimikyu
|-boost|p2a: Mimikyu|atk|2
|move|p1a: Snomaageddon|Charge Beam|p2a: Mimikyu
|-activate|p2a: Mimikyu|ability: Disguise
|-damage|p2a: Mimikyu|100/100
|detailschange|p2a: Mimikyu|Mimikyu-Busted, M
|-damage|p2a: Mimikyu|88/100|[from] pokemon: Mimikyu-Busted
|
|upkeep
|turn|14
|
|t:|1769428129
|move|p2a: Mimikyu|Swords Dance|p2a: Mimikyu
|-boost|p2a: Mimikyu|atk|2
|move|p1a: Snomaageddon|Shadow Ball|p2a: Mimikyu
|-supereffective|p2a: Mimikyu
|-damage|p2a: Mimikyu|34/100
|
|upkeep
|turn|15
|
|t:|1769428144
|switch|p1a: UNBannMe|Primeape, M|100/100
|move|p2a: Mimikyu|Play Rough|p1a: UNBannMe
|-supereffective|p1a: UNBannMe
|-damage|p1a: UNBannMe|0 fnt
|faint|p1a: UNBannMe
|-damage|p2a: Mimikyu|24/100|[from] item: Life Orb
|
|upkeep
|
|t:|1769428146
|switch|p1a: OU lost to zu Ru?|Ditto|100/100
|-transform|p1a: OU lost to zu Ru?|p2a: Mimikyu|[from] ability: Imposter
|turn|16
|
|t:|1769428167
|-terastallize|p1a: OU lost to zu Ru?|Normal
|move|p2a: Mimikyu|Shadow Sneak|p1a: OU lost to zu Ru?
|-immune|p1a: OU lost to zu Ru?
|move|p1a: OU lost to zu Ru?|Shadow Claw|p2a: Mimikyu
|-supereffective|p2a: Mimikyu
|-crit|p2a: Mimikyu
|-damage|p2a: Mimikyu|0 fnt
|faint|p2a: Mimikyu
|
|upkeep
|
|t:|1769428180
|switch|p2a: Meowscarada|Meowscarada, F|84/100 par
|turn|17
|
|t:|1769428184
|move|p1a: OU lost to zu Ru?|Shadow Claw|p2a: Meowscarada
|-resisted|p2a: Meowscarada
|-crit|p2a: Meowscarada
|-damage|p2a: Meowscarada|0 fnt
|faint|p2a: Meowscarada
|
|upkeep
|
|t:|1769428191
|switch|p2a: Corviknight|Corviknight, M|55/100
|-ability|p2a: Corviknight|Unnerve
|turn|18
|
|t:|1769428197
|move|p1a: OU lost to zu Ru?|Shadow Claw|p2a: Corviknight
|-damage|p2a: Corviknight|0 fnt
|-damage|p1a: OU lost to zu Ru?|84/100|[from] item: Rocky Helmet|[of] p2a: Corviknight
|faint|p2a: Corviknight
|
|upkeep
|
|t:|1769428203
|switch|p2a: Heatran|Heatran, F|100/100
|turn|19
|
|t:|1769428208
|move|p1a: OU lost to zu Ru?|Shadow Claw|p2a: Heatran
|-damage|p2a: Heatran|28/100
|move|p2a: Heatran|Magma Storm|p1a: OU lost to zu Ru?
|-damage|p1a: OU lost to zu Ru?|37/100
|-activate|p1a: OU lost to zu Ru?|move: Magma Storm|[of] p2a: Heatran
|
|-heal|p2a: Heatran|34/100|[from] item: Leftovers
|-damage|p1a: OU lost to zu Ru?|24/100|[from] move: Magma Storm|[partiallytrapped]
|upkeep
|turn|20
|
|t:|1769428217
|move|p1a: OU lost to zu Ru?|Shadow Claw|p2a: Heatran
|-crit|p2a: Heatran
|-damage|p2a: Heatran|0 fnt
|faint|p2a: Heatran
|
|-end|p1a: OU lost to zu Ru?|Magma Storm|[partiallytrapped]|[silent]
|upkeep
|
|t:|1769428223
|switch|p2a: Walking Wake|Walking Wake|86/100
|turn|21
|
|t:|1769428235
|-activate|p1a: OU lost to zu Ru?|move: Struggle
|move|p1a: OU lost to zu Ru?|Struggle|p2a: Walking Wake
|-crit|p2a: Walking Wake
|-damage|p2a: Walking Wake|18/100
|-damage|p1a: OU lost to zu Ru?|0 fnt|[from] recoil
|faint|p1a: OU lost to zu Ru?
|move|p2a: Walking Wake|Flamethrower|p1: OU lost to zu Ru?|[notarget]
|-fail|p2a: Walking Wake
|
|upkeep
|
|t:|1769428242
|switch|p1a: Snomaageddon|Porygon2, shiny|100/100
|turn|22
|
|t:|1769428246
|-terastallize|p2a: Walking Wake|Water
|move|p2a: Walking Wake|Hydro Steam|p1a: Snomaageddon
|-damage|p1a: Snomaageddon|74/100
|move|p1a: Snomaageddon|Tri Attack|p2a: Walking Wake
|-damage|p2a: Walking Wake|0 fnt
|faint|p2a: Walking Wake
|-end|p2a: Walking Wake|Protosynthesis|[silent]
|
|win|Year1990
|raw|Year1990's rating: 1179 &rarr; <strong>1203</strong><br />(+24 for winning)
|raw|tymmx's rating: 1160 &rarr; <strong>1136</strong><br />(-24 for losing)
|l|☆tymmx
|player|p2|
|l|☆Year1990
|player|p1|
|j|☆Year1990
|player|p1|Year1990|266|
|l|☆Year1990
|player|p1|
