|j|☆bigjoocy
|j|‽xhdhjs10
|t:|1769343874
|gametype|singles
|player|p1|bigjoocy|pokekid|1368
|player|p2|xhdhjs10|bugcatcher-gen4dp|1377
|gen|9
|tier|[Gen 9] OU
|rated|
|rule|HP Percentage Mod: HP is shown in percentages
|rule|Endless Battle Clause: Forcing endless battles is banned
|rule|Species Clause: Limit one of each Pokémon
|rule|OHKO Clause: OHKO moves are banned
|rule|Evasion Items Clause: Evasion items are banned
|rule|Evasion Moves Clause: Evasion moves are banned
|rule|Evasion Abilities Clause: Evasion abilities are banned
|rule|Sleep Moves Clause: Sleep-inducing moves are banned
|clearpoke
|poke|p1|Cinderace, M|
|poke|p1|Serperior, F|
|poke|p1|Malamar, F|
|poke|p1|Great Tusk|
|poke|p1|Corviknight, F|
|poke|p1|Ribombee, F|
|poke|p2|Great Tusk|
|poke|p2|Cinderace, F|
|poke|p2|Slowking-Galar, M|
|poke|p2|Kingambit, F|
|poke|p2|Raging Bolt|
|poke|p2|Thundurus-Therian, M|
|teampreview
|inactive|Battle timer is ON: inactive players will automatically lose when time's up. (requested by bigjoocy)
|
|t:|1769343890
|teamsize|p1|6
|teamsize|p2|6
|start
|switch|p1a: Ribombee|Ribombee, F|100/100
|switch|p2a: Slowking|Slowking-Galar, M|100/100
|turn|1
|
|t:|1769343896
|move|p1a: Ribombee|Sticky Web|p2a: Slowking
|-sidestart|p2: xhdhjs10|move: Sticky Web
|move|p2a: Slowking|Sludge Bomb|p1a: Ribombee
|-supereffective|p1a: Ribombee
|-enditem|p1a: Ribombee|Focus Sash
|-damage|p1a: Ribombee|1/100
|
|upkeep
|turn|2
|
|t:|1769343903
|move|p1a: Ribombee|U-turn|p2a: Slowking
|-damage|p2a: Slowking|88/100
|
|t:|1769343906
|switch|p1a: Cinderace|Cinderace, M|100/100|[from] U-turn
|move|p2a: Slowking|Sludge Bomb|p1a: Cinderace
|-damage|p1a: Cinderace|45/100
|
|-heal|p2a: Slowking|94/100|[from] item: Leftovers
|upkeep
|turn|3
|
|t:|1769343910
|move|p1a: Cinderace|Court Change|p1a: Cinderace
|-start|p1a: Cinderace|typechange|Normal|[from] ability: Libero
|-swapsideconditions
|-activate|p1a: Cinderace|move: Court Change
|move|p2a: Slowking|Sludge Bomb|p1a: Cinderace
|-damage|p1a: Cinderace|0 fnt
|faint|p1a: Cinderace
|
|-heal|p2a: Slowking|99/100|[from] item: Leftovers
|upkeep
|
|t:|1769343914
|switch|p1a: Malamar|Malamar, F|100/100
|-activate|p1a: Malamar|move: Sticky Web
|-boost|p1a: Malamar|spe|1
|turn|4
|
|t:|1769343919
|move|p1a: Malamar|Superpower|p2a: Slowking
|-resisted|p2a: Slowking
|-damage|p2a: Slowking|94/100
|-boost|p1a: Malamar|atk|1
|-boost|p1a: Malamar|def|1
|-prepare|p2a: Slowking|Chilly Reception|[premajor]
|move|p2a: Slowking|Chilly Reception|p2a: Slowking
|-weather|Snowscape
|
|t:|1769343922
|switch|p2a: Raging Bolt|Raging Bolt|100/100|[from] Chilly Reception
|-enditem|p2a: Raging Bolt|Booster Energy
|-activate|p2a: Raging Bolt|ability: Protosynthesis|[fromitem]
|-start|p2a: Raging Bolt|protosynthesisspa
|
|-weather|Snowscape|[upkeep]
|upkeep
|turn|5
|
|t:|1769343928
|move|p1a: Malamar|Psycho Cut|p2a: Raging Bolt
|-damage|p2a: Raging Bolt|67/100
|move|p2a: Raging Bolt|Draco Meteor|p1a: Malamar
|-damage|p1a: Malamar|0 fnt
|-unboost|p2a: Raging Bolt|spa|2
|faint|p1a: Malamar
|
|-weather|Snowscape|[upkeep]
|upkeep
|
|t:|1769343932
|switch|p1a: Serperior|Serperior, F|100/100
|-activate|p1a: Serperior|move: Sticky Web
|-boost|p1a: Serperior|spe|1
|turn|6
|
|t:|1769343941
|move|p1a: Serperior|Substitute|p1a: Serperior
|-start|p1a: Serperior|Substitute
|-damage|p1a: Serperior|75/100
|move|p2a: Raging Bolt|Draco Meteor|p1a: Serperior
|-end|p1a: Serperior|Substitute
|-unboost|p2a: Raging Bolt|spa|2
|
|-weather|Snowscape|[upkeep]
|-heal|p1a: Serperior|82/100|[from] item: Leftovers
|upkeep
|turn|7
|
|t:|1769343945
|-end|p2a: Raging Bolt|Protosynthesis|[silent]
|switch|p2a: Slowking|Slowking-Galar, M|100/100
|move|p1a: Serperior|Leaf Storm|p2a: Slowking
|-resisted|p2a: Slowking
|-crit|p2a: Slowking
|-damage|p2a: Slowking|73/100
|-boost|p1a: Serperior|spa|2
|
|-weather|Snowscape|[upkeep]
|-heal|p1a: Serperior|88/100|[from] item: Leftovers
|-heal|p2a: Slowking|79/100|[from] item: Leftovers
|upkeep
|turn|8
|
|t:|1769343950
|-terastallize|p1a: Serperior|Fire
|move|p1a: Serperior|Leaf Storm|p2a: Slowking
|-resisted|p2a: Slowking
|-damage|p2a: Slowking|41/100
|-boost|p1a: Serperior|spa|2
|move|p2a: Slowking|Sludge Bomb|p1a: Serperior
|-damage|p1a: Serperior|42/100
|
|-weather|none
|-heal|p1a: Serperior|48/100|[from] item: Leftovers
|-heal|p2a: Slowking|47/100|[from] item: Leftovers
|upkeep
|turn|9
|
|t:|1769343955
|move|p1a: Serperior|Tera Blast|p2a: Slowking|[anim] Tera Blast Fire
|-damage|p2a: Slowking|0 fnt
|faint|p2a: Slowking
|
|-heal|p1a: Serperior|54/100|[from] item: Leftovers
|upkeep
|
|t:|1769343958
|switch|p2a: Thundurus|Thundurus-Therian, M|100/100
|turn|10
|
|t:|1769343964
|move|p2a: Thundurus|Volt Switch|p1a: Serperior
|-crit|p1a: Serperior
|-damage|p1a: Serperior|0 fnt
|faint|p1a: Serperior
|
|t:|1769343977
|switch|p2a: Great Tusk|Great Tusk|100/100|[from] Volt Switch
|
|upkeep
|
|t:|1769343981
|switch|p1a: Corviknight|Corviknight, F|100/100
|turn|11
|
|t:|1769343996
|move|p2a: Great Tusk|Knock Off|p1a: Corviknight
|-damage|p1a: Corviknight|72/100
|-enditem|p1a: Corviknight|Leftovers|[from] move: Knock Off|[of] p2a: Great Tusk
|move|p1a: Corviknight|Agility|p1a: Corviknight
|-boost|p1a: Corviknight|spe|2
|
|upkeep
|turn|12
|
|t:|1769344002
|-end|p2a: Great Tusk|Protosynthesis|[silent]
|switch|p2a: Raging Bolt|Raging Bolt|67/100
|move|p1a: Corviknight|Agility|p1a: Corviknight
|-boost|p1a: Corviknight|spe|2
|
|upkeep
|turn|13
|
|t:|1769344007
|move|p1a: Corviknight|Roost|p1a: Corviknight
|-heal|p1a: Corviknight|100/100
|-singleturn|p1a: Corviknight|move: Roost
|move|p2a: Raging Bolt|Thunderbolt|p1a: Corviknight
|-damage|p1a: Corviknight|60/100
|
|upkeep
|turn|14
|
|t:|1769344011
|move|p1a: Corviknight|Roost|p1a: Corviknight
|-heal|p1a: Corviknight|100/100
|-singleturn|p1a: Corviknight|move: Roost
|move|p2a: Raging Bolt|Thunderbolt|p1a: Corviknight
|-damage|p1a: Corviknight|55/100
|
|upkeep
|turn|15
|
|t:|1769344015
|move|p1a: Corviknight|Power Trip|p2a: Raging Bolt
|-damage|p2a: Raging Bolt|47/100
|move|p2a: Raging Bolt|Calm Mind|p2a: Raging Bolt
|-boost|p2a: Raging Bolt|spa|1
|-boost|p2a: Raging Bolt|spd|1
|
|upkeep
|turn|16
|
|t:|1769344020
|move|p1a: Corviknight|Bulk Up|p1a: Corviknight
|-boost|p1a: Corviknight|atk|1
|-boost|p1a: Corviknight|def|1
|move|p2a: Raging Bolt|Thunderbolt|p1a: Corviknight
|-supereffective|p1a: Corviknight
|-damage|p1a: Corviknight|0 fnt
|faint|p1a: Corviknight
|
|upkeep
|
|t:|1769344022
|switch|p1a: Great Tusk|Great Tusk|100/100
|-activate|p1a: Great Tusk|move: Sticky Web
|-unboost|p1a: Great Tusk|spe|1
|-enditem|p1a: Great Tusk|Booster Energy
|-activate|p1a: Great Tusk|ability: Protosynthesis|[fromitem]
|-start|p1a: Great Tusk|protosynthesisatk
|turn|17
|
|t:|1769344030
|move|p2a: Raging Bolt|Draco Meteor|p1a: Great Tusk
|-damage|p1a: Great Tusk|0 fnt
|-unboost|p2a: Raging Bolt|spa|2
|faint|p1a: Great Tusk
|-end|p1a: Great Tusk|Protosynthesis|[silent]
|
|upkeep
|-message|bigjoocy forfeited.
|
|win|xhdhjs10
|raw|bigjoocy's rating: 1368 &rarr; <strong>1349</strong><br />(-19 for losing)
|raw|xhdhjs10's rating: 1377 &rarr; <strong>1396</strong><br />(+19 for winning)
|l|☆bigjoocy
|player|p1|
