|j|☆abaporu foda
|j|☆TheMoxxofBalhoon
|t:|1769357591
|gametype|singles
|player|p1|abaporu foda|lance|1082
|player|p2|TheMoxxofBalhoon|morty|1077
|gen|9
|tier|[Gen 9] OU
|rated|
|rule|HP Percentage Mod: HP is shown in percentages
|rule|Endless Battle Clause: Forcing endless battles is banned
|rule|Species Clause: Limit one of each Pokémon
|rule|OHKO Clause: OHKO moves are banned
|rule|Evasion Items Clause: Evasion items are banned
|rule|Evasion Moves Clause: Evasion moves are banned
|rule|Evasion Abilities Clause: Evasion abilities are banned
|rule|Sleep Moves Clause: Sleep-inducing moves are banned
|clearpoke
|poke|p1|Deoxys-Defense|
|poke|p1|Toxapex, M|
|poke|p1|Gliscor, M|
|poke|p1|Dragapult, M|
|poke|p1|Cyclizar, M|
|poke|p1|Kingambit, F|
|poke|p2|Furret, M|
|poke|p2|Azumarill, F|
|poke|p2|Ursaluna, F|
|poke|p2|Cinccino, F|
|poke|p2|Talonflame, M|
|poke|p2|Zoroark-Hisui, F|
|teampreview
|
|t:|1769357600
|teamsize|p1|6
|teamsize|p2|6
|start
|switch|p1a: Toxapex|Toxapex, M|100/100
|switch|p2a: Cinccino|Cinccino, F|100/100
|turn|1
|
|t:|1769357609
|move|p2a: Cinccino|Extrasensory|p1a: Toxapex
|-supereffective|p1a: Toxapex
|-damage|p1a: Toxapex|59/100
|move|p1a: Toxapex|Toxic Spikes|p2a: Cinccino
|-sidestart|p2: TheMoxxofBalhoon|move: Toxic Spikes
|
|upkeep
|turn|2
|
|t:|1769357616
|-terastallize|p1a: Toxapex|Dark
|move|p2a: Cinccino|Extrasensory|p1a: Toxapex
|-immune|p1a: Toxapex
|move|p1a: Toxapex|Toxic Spikes|p2a: Cinccino
|-sidestart|p2: TheMoxxofBalhoon|move: Toxic Spikes
|
|upkeep
|turn|3
|
|t:|1769357626
|move|p2a: Cinccino|Curse|p1a: Toxapex
|-start|p1a: Toxapex|Curse|[of] p2a: Cinccino
|-damage|p2a: Cinccino|51/100
|move|p1a: Toxapex|Recover|p1a: Toxapex
|-heal|p1a: Toxapex|100/100
|
|-damage|p1a: Toxapex|75/100|[from] Curse
|upkeep
|turn|4
|
|t:|1769357636
|move|p2a: Cinccino|Bitter Malice|p1a: Toxapex
|-resisted|p1a: Toxapex
|-damage|p1a: Toxapex|62/100
|-unboost|p1a: Toxapex|atk|1
|move|p1a: Toxapex|Liquidation|p2a: Cinccino
|-damage|p2a: Cinccino|25/100
|replace|p2a: Zoroark|Zoroark-Hisui, F
|-end|p2a: Zoroark|Illusion
|
|-damage|p1a: Toxapex|37/100|[from] Curse
|upkeep
|turn|5
|
|t:|1769357652
|move|p2a: Zoroark|Hyper Voice|p1a: Toxapex
|-damage|p1a: Toxapex|5/100
|move|p1a: Toxapex|Recover|p1a: Toxapex
|-heal|p1a: Toxapex|55/100
|
|-damage|p1a: Toxapex|30/100|[from] Curse
|upkeep
|turn|6
|
|t:|1769357672
|move|p2a: Zoroark|Hyper Voice|p1a: Toxapex
|-damage|p1a: Toxapex|0 fnt
|faint|p1a: Toxapex
|
|upkeep
|
|t:|1769357680
|switch|p1a: Gliscor|Gliscor, M|100/100
|turn|7
|
|t:|1769357685
|move|p2a: Zoroark|Curse|p1a: Gliscor
|-start|p1a: Gliscor|Curse|[of] p2a: Zoroark
|-damage|p2a: Zoroark|0 fnt
|faint|p2a: Zoroark
|move|p1a: Gliscor|Swords Dance|p1a: Gliscor
|-boost|p1a: Gliscor|atk|2
|
|-damage|p1a: Gliscor|76/100|[from] Curse
|-status|p1a: Gliscor|tox|[from] item: Toxic Orb
|upkeep
|
|t:|1769357697
|switch|p2a: Furret|Furret, M|100/100
|-status|p2a: Furret|tox
|turn|8
|
|t:|1769357718
|move|p1a: Gliscor|Earthquake|p2a: Furret
|-damage|p2a: Furret|0 fnt
|faint|p2a: Furret
|
|-heal|p1a: Gliscor|88/100 tox|[from] ability: Poison Heal
|-damage|p1a: Gliscor|63/100 tox|[from] Curse
|upkeep
|
|t:|1769357725
|switch|p2a: Talonflame|Talonflame, M|100/100
|turn|9
|
|t:|1769357730
|move|p2a: Talonflame|Brave Bird|p1a: Gliscor
|-damage|p1a: Gliscor|13/100 tox
|-damage|p2a: Talonflame|84/100|[from] Recoil
|move|p1a: Gliscor|Facade|p2a: Talonflame
|-damage|p2a: Talonflame|0 fnt
|faint|p2a: Talonflame
|
|-heal|p1a: Gliscor|25/100 tox|[from] ability: Poison Heal
|-damage|p1a: Gliscor|0 fnt|[from] Curse
|faint|p1a: Gliscor
|upkeep
|inactive|Battle timer is ON: inactive players will automatically lose when time's up. (requested by TheMoxxofBalhoon)
|
|t:|1769357753
|switch|p2a: Cinccino|Cinccino, F|100/100
|switch|p1a: Deoxys|Deoxys-Defense|100/100
|-status|p2a: Cinccino|tox
|-ability|p1a: Deoxys|Pressure
|turn|10
|
|t:|1769357764
|move|p2a: Cinccino|Tail Slap|p1a: Deoxys
|-damage|p1a: Deoxys|90/100
|-damage|p1a: Deoxys|80/100
|-damage|p1a: Deoxys|70/100
|-damage|p1a: Deoxys|59/100
|-hitcount|p1a: Deoxys|4
|move|p1a: Deoxys|Cosmic Power|p1a: Deoxys
|-boost|p1a: Deoxys|def|1
|-boost|p1a: Deoxys|spd|1
|
|-heal|p1a: Deoxys|65/100|[from] item: Leftovers
|-damage|p2a: Cinccino|94/100 tox|[from] psn
|upkeep
|turn|11
|
|t:|1769357780
|move|p2a: Cinccino|Rock Blast|p1a: Deoxys
|-damage|p1a: Deoxys|61/100
|-damage|p1a: Deoxys|56/100
|-damage|p1a: Deoxys|51/100
|-damage|p1a: Deoxys|47/100
|-damage|p1a: Deoxys|42/100
|-hitcount|p1a: Deoxys|5
|move|p1a: Deoxys|Cosmic Power|p1a: Deoxys
|-boost|p1a: Deoxys|def|1
|-boost|p1a: Deoxys|spd|1
|
|-heal|p1a: Deoxys|49/100|[from] item: Leftovers
|-damage|p2a: Cinccino|82/100 tox|[from] psn
|upkeep
|turn|12
|
|t:|1769357795
|move|p2a: Cinccino|Tail Slap|p1a: Deoxys
|-damage|p1a: Deoxys|43/100
|-damage|p1a: Deoxys|38/100
|-damage|p1a: Deoxys|33/100
|-damage|p1a: Deoxys|28/100
|-hitcount|p1a: Deoxys|4
|move|p1a: Deoxys|Cosmic Power|p1a: Deoxys
|-boost|p1a: Deoxys|def|1
|-boost|p1a: Deoxys|spd|1
|
|-heal|p1a: Deoxys|34/100|[from] item: Leftovers
|-damage|p2a: Cinccino|63/100 tox|[from] psn
|upkeep
|turn|13
|
|t:|1769357808
|move|p2a: Cinccino|Tail Slap|p1a: Deoxys
|-damage|p1a: Deoxys|30/100
|-crit|p1a: Deoxys
|-damage|p1a: Deoxys|15/100
|-damage|p1a: Deoxys|11/100
|-damage|p1a: Deoxys|7/100
|-crit|p1a: Deoxys
|-damage|p1a: Deoxys|0 fnt
|faint|p1a: Deoxys
|-hitcount|p1: Deoxys|5
|
|-damage|p2a: Cinccino|39/100 tox|[from] psn
|upkeep
|
|t:|1769357826
|switch|p1a: Cyclizar|Cyclizar, M|100/100
|turn|14
|
|t:|1769357831
|move|p1a: Cyclizar|Dragon Claw|p2a: Cinccino
|-damage|p2a: Cinccino|0 fnt
|faint|p2a: Cinccino
|
|upkeep
|
|t:|1769357834
|switch|p2a: Ursaluna|Ursaluna, F, shiny|100/100
|-status|p2a: Ursaluna|tox
|turn|15
|
|t:|1769357848
|move|p1a: Cyclizar|Dragon Claw|p2a: Ursaluna
|-damage|p2a: Ursaluna|76/100 tox
|move|p2a: Ursaluna|Drain Punch|p1a: Cyclizar
|-supereffective|p1a: Cyclizar
|-damage|p1a: Cyclizar|0 fnt
|-heal|p2a: Ursaluna|100/100 tox|[from] drain|[of] p1a: Cyclizar
|faint|p1a: Cyclizar
|
|-damage|p2a: Ursaluna|94/100 tox|[from] psn
|upkeep
|
|t:|1769357859
|switch|p1a: Dragapult|Dragapult, M|100/100
|turn|16
|
|t:|1769357883
|move|p1a: Dragapult|Dragon Pulse|p2a: Ursaluna
|-damage|p2a: Ursaluna|49/100 tox
|move|p2a: Ursaluna|Earthquake|p1a: Dragapult
|-damage|p1a: Dragapult|0 fnt
|faint|p1a: Dragapult
|
|-damage|p2a: Ursaluna|37/100 tox|[from] psn
|upkeep
|
|t:|1769357893
|switch|p1a: Kingambit|Kingambit, F|100/100
|-activate|p1a: Kingambit|ability: Supreme Overlord
|-start|p1a: Kingambit|fallen5|[silent]
|turn|17
|
|t:|1769357902
|move|p1a: Kingambit|Sucker Punch|p2a: Ursaluna
|-damage|p2a: Ursaluna|0 fnt
|faint|p2a: Ursaluna
|
|upkeep
|
|t:|1769357905
|switch|p2a: Azumarill|Azumarill, F|100/100
|-status|p2a: Azumarill|tox
|turn|18
|
|t:|1769357922
|move|p2a: Azumarill|Belly Drum|p2a: Azumarill
|-damage|p2a: Azumarill|50/100 tox
|-setboost|p2a: Azumarill|atk|6|[from] move: Belly Drum
|move|p1a: Kingambit|Iron Head|p2a: Azumarill
|-damage|p2a: Azumarill|0 fnt
|faint|p2a: Azumarill
|
|win|abaporu foda
|raw|abaporu foda's rating: 1082 &rarr; <strong>1109</strong><br />(+27 for winning)
|raw|TheMoxxofBalhoon's rating: 1077 &rarr; <strong>1056</strong><br />(-21 for losing)
|l|☆TheMoxxofBalhoon
|player|p2|
|l|☆abaporu foda
|player|p1|
