|j|☆Noxie65
|j|☆geckoflaquee
|t:|1769295499
|gametype|singles
|player|p1|Noxie65|pokemaniac|1199
|player|p2|geckoflaquee|iris|1238
|gen|9
|tier|[Gen 9] OU
|rated|
|rule|HP Percentage Mod: HP is shown in percentages
|rule|Endless Battle Clause: Forcing endless battles is banned
|rule|Species Clause: Limit one of each Pokémon
|rule|OHKO Clause: OHKO moves are banned
|rule|Evasion Items Clause: Evasion items are banned
|rule|Evasion Moves Clause: Evasion moves are banned
|rule|Evasion Abilities Clause: Evasion abilities are banned
|rule|Sleep Moves Clause: Sleep-inducing moves are banned
|clearpoke
|poke|p1|Torkoal, M|
|poke|p1|Lilligant-Hisui, F|
|poke|p1|Ceruledge, M|
|poke|p1|Walking Wake|
|poke|p1|Zapdos-Galar|
|poke|p1|Braviary-Hisui, M|
|poke|p2|Hoopa-Unbound|
|poke|p2|Hatterene, F|
|poke|p2|Ursaluna, F|
|poke|p2|Indeedee-F, F|
|poke|p2|Iron Hands|
|poke|p2|Mimikyu, F|
|teampreview
|
|t:|1769295526
|teamsize|p1|6
|teamsize|p2|6
|start
|switch|p1a: Torkoal|Torkoal, M|100/100
|switch|p2a: Facts|Indeedee-F, F, shiny|100/100
|-fieldstart|move: Psychic Terrain|[from] ability: Psychic Surge|[of] p2a: Facts
|-weather|SunnyDay|[from] ability: Drought|[of] p1a: Torkoal
|turn|1
|
|t:|1769295537
|move|p2a: Facts|Psychic|p1a: Torkoal
|-damage|p1a: Torkoal|57/100
|move|p1a: Torkoal|Stealth Rock|p2a: Facts
|-sidestart|p2: geckoflaquee|move: Stealth Rock
|
|-weather|SunnyDay|[upkeep]
|upkeep
|turn|2
|inactive|Battle timer is ON: inactive players will automatically lose when time's up. (requested by geckoflaquee)
|
|t:|1769295545
|switch|p1a: Braviary|Braviary-Hisui, M|100/100
|move|p2a: Facts|Trick Room|p2a: Facts
|-fieldstart|move: Trick Room|[of] p2a: Facts
|
|-weather|SunnyDay|[upkeep]
|upkeep
|turn|3
|
|t:|1769295555
|switch|p2a: Ursaluna|Ursaluna, F, shiny|100/100
|-damage|p2a: Ursaluna|94/100|[from] Stealth Rock
|move|p1a: Braviary|Shadow Ball|p2a: Ursaluna
|-immune|p2a: Ursaluna
|
|-weather|SunnyDay|[upkeep]
|-status|p2a: Ursaluna|brn|[from] item: Flame Orb
|upkeep
|turn|4
|
|t:|1769295564
|switch|p1a: Torkoal|Torkoal, M|57/100
|move|p2a: Ursaluna|Facade|p1a: Torkoal
|-damage|p1a: Torkoal|0 fnt
|faint|p1a: Torkoal
|
|-weather|SunnyDay|[upkeep]
|-damage|p2a: Ursaluna|88/100 brn|[from] brn
|upkeep
|
|t:|1769295582
|switch|p1a: Ceruledge|Ceruledge, M|100/100
|turn|5
|
|t:|1769295587
|switch|p1a: Zapdos|Zapdos-Galar|100/100
|move|p2a: Ursaluna|Earthquake|p1a: Zapdos
|-immune|p1a: Zapdos
|
|-weather|SunnyDay|[upkeep]
|-damage|p2a: Ursaluna|82/100 brn|[from] brn
|upkeep
|turn|6
|
|t:|1769295598
|switch|p1a: Ceruledge|Ceruledge, M|100/100
|move|p2a: Ursaluna|Earthquake|p1a: Ceruledge
|-supereffective|p1a: Ceruledge
|-damage|p1a: Ceruledge|0 fnt
|faint|p1a: Ceruledge
|
|-weather|SunnyDay|[upkeep]
|-damage|p2a: Ursaluna|76/100 brn|[from] brn
|-fieldend|move: Trick Room
|upkeep
|
|t:|1769295604
|switch|p1a: Braviary|Braviary-Hisui, M|100/100
|turn|7
|
|t:|1769295609
|-terastallize|p1a: Braviary|Psychic
|move|p1a: Braviary|Esper Wing|p2a: Ursaluna
|-damage|p2a: Ursaluna|0 fnt
|faint|p2a: Ursaluna
|
|-weather|SunnyDay|[upkeep]
|upkeep
|
|t:|1769295620
|switch|p2a: Mimikyu|Mimikyu, F|100/100
|-damage|p2a: Mimikyu|88/100|[from] Stealth Rock
|turn|8
|
|t:|1769295626
|move|p1a: Braviary|Esper Wing|p2a: Mimikyu
|-activate|p2a: Mimikyu|ability: Disguise
|-damage|p2a: Mimikyu|88/100
|detailschange|p2a: Mimikyu|Mimikyu-Busted, F
|-damage|p2a: Mimikyu|76/100|[from] pokemon: Mimikyu-Busted
|move|p2a: Mimikyu|Trick Room|p2a: Mimikyu
|-fieldstart|move: Trick Room|[of] p2a: Mimikyu
|
|-weather|none
|-fieldend|move: Psychic Terrain
|upkeep
|turn|9
|
|t:|1769295631
|move|p1a: Braviary|Esper Wing|p2a: Mimikyu
|-damage|p2a: Mimikyu|0 fnt
|faint|p2a: Mimikyu
|
|upkeep
|
|t:|1769295636
|switch|p2a: Hoopa|Hoopa-Unbound|100/100
|-damage|p2a: Hoopa|88/100|[from] Stealth Rock
|turn|10
|
|t:|1769295643
|move|p2a: Hoopa|Dark Pulse|p1a: Braviary
|-supereffective|p1a: Braviary
|-damage|p1a: Braviary|0 fnt
|faint|p1a: Braviary
|-damage|p2a: Hoopa|78/100|[from] item: Life Orb
|
|upkeep
|
|t:|1769295648
|switch|p1a: Walking Wake|Walking Wake|100/100
|-enditem|p1a: Walking Wake|Booster Energy
|-activate|p1a: Walking Wake|ability: Protosynthesis|[fromitem]
|-start|p1a: Walking Wake|protosynthesisspa
|turn|11
|
|t:|1769295652
|-terastallize|p2a: Hoopa|Psychic
|move|p2a: Hoopa|Expanding Force|p1a: Walking Wake
|-damage|p1a: Walking Wake|0 fnt
|faint|p1a: Walking Wake
|-end|p1a: Walking Wake|Protosynthesis|[silent]
|-damage|p2a: Hoopa|68/100|[from] item: Life Orb
|
|upkeep
|
|t:|1769295656
|switch|p1a: Lilligant|Lilligant-Hisui, F|100/100
|turn|12
|
|t:|1769295660
|move|p2a: Hoopa|Expanding Force|p1a: Lilligant
|-supereffective|p1a: Lilligant
|-damage|p1a: Lilligant|0 fnt
|faint|p1a: Lilligant
|-damage|p2a: Hoopa|58/100|[from] item: Life Orb
|
|-fieldend|move: Trick Room
|upkeep
|
|t:|1769295661
|switch|p1a: Zapdos|Zapdos-Galar|100/100
|turn|13
|
|t:|1769295668
|switch|p2a: Facts|Indeedee-F, F, shiny|100/100
|-damage|p2a: Facts|88/100|[from] Stealth Rock
|-fieldstart|move: Psychic Terrain|[from] ability: Psychic Surge|[of] p2a: Facts
|move|p1a: Zapdos|Knock Off|p2a: Facts
|-supereffective|p2a: Facts
|-damage|p2a: Facts|22/100
|-enditem|p2a: Facts|Terrain Extender|[from] move: Knock Off|[of] p1a: Zapdos
|
|upkeep
|turn|14
|
|t:|1769295675
|move|p1a: Zapdos|Knock Off|p2a: Facts
|-supereffective|p2a: Facts
|-damage|p2a: Facts|0 fnt
|faint|p2a: Facts
|
|upkeep
|
|t:|1769295689
|switch|p2a: Hatterene|Hatterene, F|100/100
|-damage|p2a: Hatterene|88/100|[from] Stealth Rock
|turn|15
|
|t:|1769295711
|move|p1a: Zapdos|Brave Bird|p2a: Hatterene
|-damage|p2a: Hatterene|17/100
|-damage|p1a: Zapdos|77/100|[from] Recoil
|move|p2a: Hatterene|Trick Room|p2a: Hatterene
|-fieldstart|move: Trick Room|[of] p2a: Hatterene
|
|upkeep
|turn|16
|c|☆Noxie65|gg
|
|t:|1769295724
|move|p2a: Hatterene|Psychic|p1a: Zapdos
|-supereffective|p1a: Zapdos
|-damage|p1a: Zapdos|0 fnt
|faint|p1a: Zapdos
|
|win|geckoflaquee
|raw|Noxie65's rating: 1199 &rarr; <strong>1177</strong><br />(-22 for losing)
|raw|geckoflaquee's rating: 1238 &rarr; <strong>1260</strong><br />(+22 for winning)
|l|☆Noxie65
|player|p1|
|l|☆geckoflaquee
|player|p2|
