|j|☆porteno no
|j|☆wccqq
|t:|1769434524
|gametype|singles
|player|p1|porteno no|lucas|1044
|player|p2|wccqq|101|1103
|gen|9
|tier|[Gen 9] OU
|rated|
|rule|HP Percentage Mod: HP is shown in percentages
|rule|Endless Battle Clause: Forcing endless battles is banned
|rule|Species Clause: Limit one of each Pokémon
|rule|OHKO Clause: OHKO moves are banned
|rule|Evasion Items Clause: Evasion items are banned
|rule|Evasion Moves Clause: Evasion moves are banned
|rule|Evasion Abilities Clause: Evasion abilities are banned
|rule|Sleep Moves Clause: Sleep-inducing moves are banned
|clearpoke
|poke|p1|Tinkaton, F|
|poke|p1|Ogerpon, F|
|poke|p1|Great Tusk|
|poke|p1|Pecharunt|
|poke|p1|Alomomola, M|
|poke|p1|Hydreigon, M|
|poke|p2|Glimmora, F|
|poke|p2|Hoopa-Unbound|
|poke|p2|Landorus-Therian, M|
|poke|p2|Kingambit, M|
|poke|p2|Ogerpon-Wellspring, F|
|poke|p2|Raging Bolt|
|teampreview
|inactive|Battle timer is ON: inactive players will automatically lose when time's up. (requested by porteno no)
|
|t:|1769434537
|teamsize|p1|6
|teamsize|p2|6
|start
|switch|p1a: Ogerpon|Ogerpon, F|100/100
|switch|p2a: Glimmora|Glimmora, F|100/100
|turn|1
|inactive|wccqq has 120 seconds left.
|
|t:|1769434570
|move|p1a: Ogerpon|U-turn|p2a: Glimmora
|-resisted|p2a: Glimmora
|-damage|p2a: Glimmora|81/100
|-activate|p2a: Glimmora|ability: Toxic Debris
|-sidestart|p1: porteno no|move: Toxic Spikes
|
|t:|1769434577
|switch|p1a: Tinkaton|Tinkaton, F, shiny|100/100|[from] U-turn
|-item|p1a: Tinkaton|Air Balloon
|move|p2a: Glimmora|Sludge Bomb|p1a: Tinkaton
|-immune|p1a: Tinkaton
|
|upkeep
|turn|2
|
|t:|1769434588
|move|p1a: Tinkaton|Stealth Rock|p2a: Glimmora
|-sidestart|p2: wccqq|move: Stealth Rock
|move|p2a: Glimmora|Stealth Rock|p1a: Tinkaton
|-sidestart|p1: porteno no|move: Stealth Rock
|
|upkeep
|turn|3
|
|t:|1769434598
|switch|p2a: Landorus|Landorus-Therian, M|100/100
|-damage|p2a: Landorus|88/100|[from] Stealth Rock
|-ability|p2a: Landorus|Intimidate|boost
|-unboost|p1a: Tinkaton|atk|1
|move|p1a: Tinkaton|Gigaton Hammer|p2a: Landorus
|-damage|p2a: Landorus|42/100
|
|upkeep
|turn|4
|
|t:|1769434607
|move|p1a: Tinkaton|Ice Hammer|p2a: Landorus
|-supereffective|p2a: Landorus
|-damage|p2a: Landorus|0 fnt
|-unboost|p1a: Tinkaton|spe|1
|faint|p2a: Landorus
|
|upkeep
|
|t:|1769434617
|switch|p2a: Ogerpon|Ogerpon-Wellspring, F|100/100
|-damage|p2a: Ogerpon|88/100|[from] Stealth Rock
|turn|5
|
|t:|1769434624
|switch|p1a: Pecharunt|Pecharunt|100/100
|-sideend|p1: porteno no|move: Toxic Spikes|[of] p1a: Pecharunt
|-damage|p1a: Pecharunt|88/100|[from] Stealth Rock
|-terastallize|p2a: Ogerpon|Water
|detailschange|p2a: Ogerpon|Ogerpon-Wellspring-Tera, F, tera:Water
|-ability|p2a: Ogerpon|Embody Aspect (Wellspring)|boost
|-boost|p2a: Ogerpon|spd|1
|move|p2a: Ogerpon|Ivy Cudgel|p1a: Pecharunt|[anim] Ivy Cudgel Water
|-crit|p1a: Pecharunt
|-damage|p1a: Pecharunt|32/100
|
|upkeep
|turn|6
|
|t:|1769434631
|move|p2a: Ogerpon|U-turn|p1a: Pecharunt
|-resisted|p1a: Pecharunt
|-damage|p1a: Pecharunt|29/100
|-damage|p2a: Ogerpon|72/100|[from] item: Rocky Helmet|[of] p1a: Pecharunt
|
|t:|1769434638
|switch|p2a: Glimmora|Glimmora, F|81/100|[from] U-turn
|-damage|p2a: Glimmora|69/100|[from] Stealth Rock
|move|p1a: Pecharunt|Recover|p1a: Pecharunt
|-heal|p1a: Pecharunt|79/100
|
|upkeep
|turn|7
|
|t:|1769434645
|switch|p1a: Tinkaton|Tinkaton, F, shiny|100/100
|-damage|p1a: Tinkaton|94/100|[from] Stealth Rock
|-item|p1a: Tinkaton|Air Balloon
|move|p2a: Glimmora|Meteor Beam||[still]
|-prepare|p2a: Glimmora|Meteor Beam
|-boost|p2a: Glimmora|spa|1
|-enditem|p2a: Glimmora|Power Herb
|-anim|p2a: Glimmora|Meteor Beam|p1a: Tinkaton
|-resisted|p1a: Tinkaton
|-damage|p1a: Tinkaton|43/100
|-enditem|p1a: Tinkaton|Air Balloon
|
|upkeep
|turn|8
|
|t:|1769434655
|switch|p2a: Kingambit|Kingambit, M|100/100
|-damage|p2a: Kingambit|94/100|[from] Stealth Rock
|-activate|p2a: Kingambit|ability: Supreme Overlord
|-start|p2a: Kingambit|fallen1|[silent]
|move|p1a: Tinkaton|Gigaton Hammer|p2a: Kingambit
|-resisted|p2a: Kingambit
|-damage|p2a: Kingambit|70/100
|
|upkeep
|turn|9
|
|t:|1769434664
|switch|p1a: Great Tusk|Great Tusk, shiny|100/100
|move|p2a: Kingambit|Iron Head|p1a: Great Tusk
|-damage|p1a: Great Tusk|63/100
|
|upkeep
|turn|10
|
|t:|1769434680
|move|p1a: Great Tusk|Headlong Rush|p2a: Kingambit
|-supereffective|p2a: Kingambit
|-damage|p2a: Kingambit|0 fnt
|-unboost|p1a: Great Tusk|def|1
|-unboost|p1a: Great Tusk|spd|1
|faint|p2a: Kingambit
|-end|p2a: Kingambit|fallen1|[silent]
|
|upkeep
|
|t:|1769434682
|switch|p2a: Ogerpon|Ogerpon-Wellspring-Tera, F, tera:Water|72/100
|-damage|p2a: Ogerpon|59/100|[from] Stealth Rock
|-ability|p2a: Ogerpon|Embody Aspect (Wellspring)|boost
|-boost|p2a: Ogerpon|spd|1
|turn|11
|
|t:|1769434701
|-end|p1a: Great Tusk|Protosynthesis|[silent]
|switch|p1a: Alomomola|Alomomola, M, shiny|100/100
|-damage|p1a: Alomomola|88/100|[from] Stealth Rock
|move|p2a: Ogerpon|Ivy Cudgel|p1a: Alomomola|[anim] Ivy Cudgel Water
|-resisted|p1a: Alomomola
|-damage|p1a: Alomomola|58/100
|
|upkeep
|turn|12
|
|t:|1769434704
|switch|p1a: Pecharunt|Pecharunt|79/100
|-damage|p1a: Pecharunt|67/100|[from] Stealth Rock
|move|p2a: Ogerpon|Horn Leech|p1a: Pecharunt
|-resisted|p1a: Pecharunt
|-damage|p1a: Pecharunt|57/100
|-heal|p2a: Ogerpon|66/100|[from] drain|[of] p1a: Pecharunt
|-damage|p2a: Ogerpon|49/100|[from] item: Rocky Helmet|[of] p1a: Pecharunt
|
|upkeep
|turn|13
|
|t:|1769434707
|move|p2a: Ogerpon|Ivy Cudgel|p1a: Pecharunt|[anim] Ivy Cudgel Water
|-damage|p1a: Pecharunt|21/100
|move|p1a: Pecharunt|Recover|p1a: Pecharunt
|-heal|p1a: Pecharunt|71/100
|
|upkeep
|turn|14
|
|t:|1769434712
|move|p2a: Ogerpon|Swords Dance|p2a: Ogerpon
|-boost|p2a: Ogerpon|atk|2
|move|p1a: Pecharunt|Recover|p1a: Pecharunt
|-heal|p1a: Pecharunt|100/100
|
|upkeep
|turn|15
|
|t:|1769434719
|move|p2a: Ogerpon|Ivy Cudgel|p1a: Pecharunt|[anim] Ivy Cudgel Water
|-damage|p1a: Pecharunt|32/100
|move|p1a: Pecharunt|Malignant Chain|p2a: Ogerpon
|-damage|p2a: Ogerpon|23/100
|-status|p2a: Ogerpon|tox
|-start|p2a: Ogerpon|confusion|[from] ability: Poison Puppeteer|[of] p1a: Pecharunt
|
|-damage|p2a: Ogerpon|17/100 tox|[from] psn
|upkeep
|turn|16
|
|t:|1769434727
|-activate|p2a: Ogerpon|confusion
|-damage|p2a: Ogerpon|0 fnt|[from] confusion
|faint|p2a: Ogerpon
|detailschange|p2: Ogerpon|Ogerpon-Wellspring, F|[silent]
|move|p1a: Pecharunt|Recover|p1a: Pecharunt
|-heal|p1a: Pecharunt|82/100
|
|upkeep
|
|t:|1769434732
|switch|p2a: Hoopa|Hoopa-Unbound|100/100
|-damage|p2a: Hoopa|88/100|[from] Stealth Rock
|turn|17
|
|t:|1769434735
|move|p2a: Hoopa|Hyperspace Fury|p1a: Pecharunt
|-supereffective|p1a: Pecharunt
|-damage|p1a: Pecharunt|0 fnt
|-unboost|p2a: Hoopa|def|1
|faint|p1a: Pecharunt
|
|upkeep
|
|t:|1769434739
|switch|p1a: Hydreigon|Hydreigon, M, shiny|100/100
|-damage|p1a: Hydreigon|88/100|[from] Stealth Rock
|turn|18
|
|t:|1769434743
|switch|p2a: Raging Bolt|Raging Bolt|100/100
|-damage|p2a: Raging Bolt|88/100|[from] Stealth Rock
|-enditem|p2a: Raging Bolt|Booster Energy
|-activate|p2a: Raging Bolt|ability: Protosynthesis|[fromitem]
|-start|p2a: Raging Bolt|protosynthesisspa
|move|p1a: Hydreigon|Draco Meteor|p2a: Raging Bolt
|-supereffective|p2a: Raging Bolt
|-damage|p2a: Raging Bolt|0 fnt
|-unboost|p1a: Hydreigon|spa|2
|faint|p2a: Raging Bolt
|-end|p2a: Raging Bolt|Protosynthesis|[silent]
|
|upkeep
|-message|wccqq forfeited.
|
|win|porteno no
|raw|porteno no's rating: 1044 &rarr; <strong>1083</strong><br />(+39 for winning)
|raw|wccqq's rating: 1103 &rarr; <strong>1074</strong><br />(-29 for losing)
|l|☆wccqq
|player|p2|
