|j|☆Jrmoore896
|j|☆DvorakLobster
|t:|1769346293
|gametype|singles
|player|p1|Jrmoore896|red|1380
|player|p2|DvorakLobster|ghetsis|1377
|gen|9
|tier|[Gen 9] OU
|rated|
|rule|HP Percentage Mod: HP is shown in percentages
|rule|Endless Battle Clause: Forcing endless battles is banned
|rule|Species Clause: Limit one of each Pokémon
|rule|OHKO Clause: OHKO moves are banned
|rule|Evasion Items Clause: Evasion items are banned
|rule|Evasion Moves Clause: Evasion moves are banned
|rule|Evasion Abilities Clause: Evasion abilities are banned
|rule|Sleep Moves Clause: Sleep-inducing moves are banned
|clearpoke
|poke|p1|Gholdengo|
|poke|p1|Hatterene, F|
|poke|p1|Dragapult, M|
|poke|p1|Weezing-Galar, M|
|poke|p1|Blissey, F|
|poke|p1|Zamazenta-*|
|poke|p2|Rillaboom, F|
|poke|p2|Iron Valiant|
|poke|p2|Garchomp, M|
|poke|p2|Zamazenta-*|
|poke|p2|Pecharunt|
|poke|p2|Corviknight, M|
|teampreview
|inactive|Battle timer is ON: inactive players will automatically lose when time's up. (requested by Jrmoore896)
|
|t:|1769346303
|teamsize|p1|6
|teamsize|p2|6
|start
|switch|p1a: Blissey|Blissey, F|100/100
|switch|p2a: Garchomp|Garchomp, M|100/100
|turn|1
|
|t:|1769346314
|switch|p1a: Hatterene|Hatterene, F|100/100
|move|p2a: Garchomp|Stealth Rock|p1a: Hatterene
|move|p1a: Hatterene|Stealth Rock|p2a: Garchomp|[from] ability: Magic Bounce
|-sidestart|p2: DvorakLobster|move: Stealth Rock
|
|upkeep
|turn|2
|
|t:|1769346326
|switch|p2a: Pecharunt|Pecharunt|100/100
|move|p1a: Hatterene|Calm Mind|p1a: Hatterene
|-boost|p1a: Hatterene|spa|1
|-boost|p1a: Hatterene|spd|1
|
|upkeep
|turn|3
|
|t:|1769346334
|switch|p1a: Blissey|Blissey, F|100/100
|move|p2a: Pecharunt|Malignant Chain|p1a: Blissey
|-damage|p1a: Blissey|90/100
|
|upkeep
|turn|4
|
|t:|1769346344
|move|p1a: Blissey|Trick|p2a: Pecharunt
|-activate|p1a: Blissey|move: Trick|[of] p2a: Pecharunt
|-item|p2a: Pecharunt|Choice Scarf|[from] move: Trick
|-item|p1a: Blissey|Heavy-Duty Boots|[from] move: Trick
|move|p2a: Pecharunt|Parting Shot|p1a: Blissey
|-unboost|p1a: Blissey|atk|1
|-unboost|p1a: Blissey|spa|1
|
|t:|1769346350
|switch|p2a: Corviknight|Corviknight, M|100/100|[from] Parting Shot
|-damage|p2a: Corviknight|88/100|[from] Stealth Rock
|-ability|p2a: Corviknight|Pressure
|
|-heal|p2a: Corviknight|94/100|[from] item: Leftovers
|upkeep
|turn|5
|
|t:|1769346363
|switch|p1a: Gholdengo|Gholdengo|100/100
|move|p2a: Corviknight|Defog|p1a: Gholdengo
|-immune|p1a: Gholdengo|[from] ability: Good as Gold
|
|-heal|p2a: Corviknight|100/100|[from] item: Leftovers
|upkeep
|turn|6
|
|t:|1769346372
|move|p1a: Gholdengo|Shadow Ball|p2a: Corviknight
|-damage|p2a: Corviknight|51/100
|-unboost|p2a: Corviknight|spd|1
|move|p2a: Corviknight|U-turn|p1a: Gholdengo
|-resisted|p1a: Gholdengo
|-damage|p1a: Gholdengo|96/100
|
|t:|1769346377
|switch|p2a: Garchomp|Garchomp, M|100/100|[from] U-turn
|-damage|p2a: Garchomp|94/100|[from] Stealth Rock
|
|upkeep
|turn|7
|
|t:|1769346387
|switch|p1a: Hatterene|Hatterene, F|100/100
|move|p2a: Garchomp|Earthquake|p1a: Hatterene
|-damage|p1a: Hatterene|66/100
|
|-heal|p1a: Hatterene|72/100|[from] item: Leftovers
|upkeep
|turn|8
|
|t:|1769346396
|switch|p2a: Pecharunt|Pecharunt|100/100
|-damage|p2a: Pecharunt|88/100|[from] Stealth Rock
|move|p1a: Hatterene|Draining Kiss|p2a: Pecharunt
|-resisted|p2a: Pecharunt
|-damage|p2a: Pecharunt|76/100
|-heal|p1a: Hatterene|83/100|[from] drain|[of] p2a: Pecharunt
|
|-heal|p1a: Hatterene|89/100|[from] item: Leftovers
|upkeep
|turn|9
|
|t:|1769346410
|switch|p1a: Blissey|Blissey, F|90/100
|move|p2a: Pecharunt|Parting Shot|p1a: Blissey
|-unboost|p1a: Blissey|atk|1
|-unboost|p1a: Blissey|spa|1
|
|t:|1769346417
|switch|p2a: Rillaboom|Rillaboom, F|100/100|[from] Parting Shot
|-damage|p2a: Rillaboom|88/100|[from] Stealth Rock
|-fieldstart|move: Grassy Terrain|[from] ability: Grassy Surge|[of] p2a: Rillaboom
|
|-heal|p2a: Rillaboom|94/100|[from] Grassy Terrain
|-heal|p1a: Blissey|96/100|[from] Grassy Terrain
|upkeep
|turn|10
|
|t:|1769346427
|switch|p1a: Weezing|Weezing-Galar, M|100/100
|-ability|p1a: Weezing|Neutralizing Gas
|move|p2a: Rillaboom|Knock Off|p1a: Weezing
|-resisted|p1a: Weezing
|-damage|p1a: Weezing|82/100
|-enditem|p1a: Weezing|Heavy-Duty Boots|[from] move: Knock Off|[of] p2a: Rillaboom
|
|-heal|p2a: Rillaboom|100/100|[from] Grassy Terrain
|-heal|p1a: Weezing|88/100|[from] Grassy Terrain
|upkeep
|turn|11
|
|t:|1769346438
|switch|p2a: Pecharunt|Pecharunt|76/100
|-damage|p2a: Pecharunt|64/100|[from] Stealth Rock
|move|p1a: Weezing|Will-O-Wisp|p2a: Pecharunt|[miss]
|-miss|p1a: Weezing|p2a: Pecharunt
|
|-heal|p2a: Pecharunt|70/100|[from] Grassy Terrain
|-heal|p1a: Weezing|94/100|[from] Grassy Terrain
|upkeep
|turn|12
|
|t:|1769346449
|move|p2a: Pecharunt|Malignant Chain|p1a: Weezing
|-damage|p1a: Weezing|50/100
|move|p1a: Weezing|Will-O-Wisp|p2a: Pecharunt
|-status|p2a: Pecharunt|brn
|
|-heal|p2a: Pecharunt|76/100 brn|[from] Grassy Terrain
|-heal|p1a: Weezing|56/100|[from] Grassy Terrain
|-damage|p2a: Pecharunt|70/100 brn|[from] brn
|upkeep
|turn|13
|
|t:|1769346460
|-end|p1a: Weezing|ability: Neutralizing Gas
|switch|p1a: Gholdengo|Gholdengo|96/100
|move|p2a: Pecharunt|Malignant Chain|p1a: Gholdengo
|-immune|p1a: Gholdengo
|
|-heal|p1a: Gholdengo|100/100|[from] Grassy Terrain
|-heal|p2a: Pecharunt|76/100 brn|[from] Grassy Terrain
|-damage|p2a: Pecharunt|70/100 brn|[from] brn
|-fieldend|move: Grassy Terrain
|upkeep
|turn|14
|
|t:|1769346476
|switch|p2a: Corviknight|Corviknight, M|51/100
|-damage|p2a: Corviknight|38/100|[from] Stealth Rock
|-ability|p2a: Corviknight|Pressure
|move|p1a: Gholdengo|Make It Rain|p2a: Corviknight
|-resisted|p2a: Corviknight
|-damage|p2a: Corviknight|3/100
|-unboost|p1a: Gholdengo|spa|1
|
|-heal|p2a: Corviknight|9/100|[from] item: Leftovers
|upkeep
|turn|15
|
|t:|1769346490
|move|p1a: Gholdengo|Make It Rain|p2a: Corviknight
|-resisted|p2a: Corviknight
|-damage|p2a: Corviknight|0 fnt
|-unboost|p1a: Gholdengo|spa|1
|faint|p2a: Corviknight
|
|upkeep
|
|t:|1769346492
|switch|p2a: Iron Valiant|Iron Valiant|100/100
|-damage|p2a: Iron Valiant|94/100|[from] Stealth Rock
|-enditem|p2a: Iron Valiant|Booster Energy
|-activate|p2a: Iron Valiant|ability: Quark Drive|[fromitem]
|-start|p2a: Iron Valiant|quarkdrivespe
|turn|16
|
|t:|1769346502
|switch|p1a: Blissey|Blissey, F|96/100
|move|p2a: Iron Valiant|Calm Mind|p2a: Iron Valiant
|-boost|p2a: Iron Valiant|spa|1
|-boost|p2a: Iron Valiant|spd|1
|
|upkeep
|turn|17
|
|t:|1769346512
|move|p2a: Iron Valiant|Calm Mind|p2a: Iron Valiant
|-boost|p2a: Iron Valiant|spa|1
|-boost|p2a: Iron Valiant|spd|1
|move|p1a: Blissey|Seismic Toss|p2a: Iron Valiant
|-damage|p2a: Iron Valiant|60/100
|
|upkeep
|turn|18
|
|t:|1769346519
|-terastallize|p1a: Blissey|Ghost
|move|p2a: Iron Valiant|Aura Sphere|p1a: Blissey
|-immune|p1a: Blissey
|move|p1a: Blissey|Seismic Toss|p2a: Iron Valiant
|-damage|p2a: Iron Valiant|25/100
|
|upkeep
|turn|19
|
|t:|1769346528
|-end|p2a: Iron Valiant|Quark Drive|[silent]
|switch|p2a: Garchomp|Garchomp, M|94/100
|-damage|p2a: Garchomp|88/100|[from] Stealth Rock
|move|p1a: Blissey|Seismic Toss|p2a: Garchomp
|-damage|p2a: Garchomp|64/100
|-damage|p1a: Blissey|84/100|[from] ability: Rough Skin|[of] p2a: Garchomp
|-damage|p1a: Blissey|67/100|[from] item: Rocky Helmet|[of] p2a: Garchomp
|
|upkeep
|turn|20
|
|t:|1769346542
|switch|p1a: Hatterene|Hatterene, F|89/100
|move|p2a: Garchomp|Earthquake|p1a: Hatterene
|-damage|p1a: Hatterene|51/100
|
|-heal|p1a: Hatterene|57/100|[from] item: Leftovers
|upkeep
|turn|21
|
|t:|1769346559
|move|p2a: Garchomp|Earthquake|p1a: Hatterene
|-damage|p1a: Hatterene|20/100
|move|p1a: Hatterene|Draining Kiss|p2a: Garchomp
|-supereffective|p2a: Garchomp
|-damage|p2a: Garchomp|25/100
|-heal|p1a: Hatterene|59/100|[from] drain|[of] p2a: Garchomp
|-damage|p1a: Hatterene|47/100|[from] ability: Rough Skin|[of] p2a: Garchomp
|-damage|p1a: Hatterene|30/100|[from] item: Rocky Helmet|[of] p2a: Garchomp
|
|-heal|p1a: Hatterene|36/100|[from] item: Leftovers
|upkeep
|turn|22
|
|t:|1769346573
|switch|p1a: Dragapult|Dragapult, M|100/100
|move|p2a: Garchomp|Earthquake|p1a: Dragapult
|-crit|p1a: Dragapult
|-damage|p1a: Dragapult|6/100
|
|upkeep
|turn|23
|
|t:|1769346582
|switch|p2a: Rillaboom|Rillaboom, F|100/100
|-damage|p2a: Rillaboom|88/100|[from] Stealth Rock
|-fieldstart|move: Grassy Terrain|[from] ability: Grassy Surge|[of] p2a: Rillaboom
|move|p1a: Dragapult|Dragon Darts|p2a: Rillaboom
|-damage|p2a: Rillaboom|51/100
|-anim|p1a: Dragapult|Dragon Darts|p2a: Rillaboom
|-damage|p2a: Rillaboom|16/100
|
|-heal|p1a: Dragapult|12/100|[from] Grassy Terrain
|-heal|p2a: Rillaboom|22/100|[from] Grassy Terrain
|upkeep
|turn|24
|
|t:|1769346598
|switch|p1a: Gholdengo|Gholdengo|100/100
|move|p2a: Rillaboom|Grassy Glide|p1a: Gholdengo
|-resisted|p1a: Gholdengo
|-damage|p1a: Gholdengo|68/100
|
|-heal|p1a: Gholdengo|74/100|[from] Grassy Terrain
|-heal|p2a: Rillaboom|28/100|[from] Grassy Terrain
|upkeep
|turn|25
|
|t:|1769346611
|switch|p2a: Pecharunt|Pecharunt|70/100 brn
|-damage|p2a: Pecharunt|58/100 brn|[from] Stealth Rock
|move|p1a: Gholdengo|Shadow Ball|p2a: Pecharunt
|-supereffective|p2a: Pecharunt
|-damage|p2a: Pecharunt|0 fnt
|faint|p2a: Pecharunt
|
|-heal|p1a: Gholdengo|80/100|[from] Grassy Terrain
|upkeep
|
|t:|1769346616
|switch|p2a: Zamazenta|Zamazenta|100/100
|-damage|p2a: Zamazenta|94/100|[from] Stealth Rock
|-ability|p2a: Zamazenta|Dauntless Shield|boost
|-boost|p2a: Zamazenta|def|1
|turn|26
|
|t:|1769346631
|switch|p1a: Dragapult|Dragapult, M|12/100
|move|p2a: Zamazenta|Crunch|p1a: Dragapult
|-supereffective|p1a: Dragapult
|-damage|p1a: Dragapult|0 fnt
|faint|p1a: Dragapult
|
|-heal|p2a: Zamazenta|100/100|[from] Grassy Terrain
|upkeep
|
|t:|1769346646
|switch|p1a: Weezing|Weezing-Galar, M|56/100
|-ability|p1a: Weezing|Neutralizing Gas
|turn|27
|
|t:|1769346651
|move|p1a: Weezing|Pain Split|p2a: Zamazenta
|-sethp|p2a: Zamazenta|74/100|[from] move: Pain Split|[silent]
|-sethp|p1a: Weezing|87/100|[from] move: Pain Split
|move|p2a: Zamazenta|Roar|p1a: Weezing
|-end|p1a: Weezing|ability: Neutralizing Gas
|drag|p1a: Gholdengo|Gholdengo|80/100
|
|-heal|p2a: Zamazenta|81/100|[from] Grassy Terrain
|-heal|p2a: Zamazenta|87/100|[from] item: Leftovers
|-heal|p1a: Gholdengo|86/100|[from] Grassy Terrain
|-fieldend|move: Grassy Terrain
|upkeep
|turn|28
|
|t:|1769346669
|move|p2a: Zamazenta|Crunch|p1a: Gholdengo
|-supereffective|p1a: Gholdengo
|-crit|p1a: Gholdengo
|-damage|p1a: Gholdengo|15/100
|move|p1a: Gholdengo|Trick|p2a: Zamazenta
|-activate|p1a: Gholdengo|move: Trick|[of] p2a: Zamazenta
|-item|p2a: Zamazenta|Choice Scarf|[from] move: Trick
|-item|p1a: Gholdengo|Leftovers|[from] move: Trick
|
|-heal|p1a: Gholdengo|21/100|[from] item: Leftovers
|upkeep
|turn|29
|
|t:|1769346679
|switch|p1a: Weezing|Weezing-Galar, M|87/100
|-ability|p1a: Weezing|Neutralizing Gas
|move|p2a: Zamazenta|Crunch|p1a: Weezing
|-resisted|p1a: Weezing
|-damage|p1a: Weezing|79/100
|
|upkeep
|turn|30
|
|t:|1769346704
|switch|p2a: Iron Valiant|Iron Valiant|25/100
|-damage|p2a: Iron Valiant|19/100|[from] Stealth Rock
|move|p1a: Weezing|Will-O-Wisp|p2a: Iron Valiant|[miss]
|-miss|p1a: Weezing|p2a: Iron Valiant
|
|upkeep
|turn|31
|
|t:|1769346712
|-end|p1a: Weezing|ability: Neutralizing Gas
|switch|p1a: Blissey|Blissey, F, tera:Ghost|67/100
|move|p2a: Iron Valiant|Thunderbolt|p1a: Blissey
|-damage|p1a: Blissey|57/100
|
|upkeep
|turn|32
|
|t:|1769346719
|-end|p2a: Iron Valiant|Quark Drive|[silent]
|switch|p2a: Garchomp|Garchomp, M|25/100
|-damage|p2a: Garchomp|19/100|[from] Stealth Rock
|move|p1a: Blissey|Stealth Rock||[still]
|-fail|p1a: Blissey
|
|upkeep
|turn|33
|
|t:|1769346730
|switch|p1a: Zamazenta|Zamazenta|100/100
|-ability|p1a: Zamazenta|Dauntless Shield|boost
|-boost|p1a: Zamazenta|def|1
|move|p2a: Garchomp|Earthquake|p1a: Zamazenta
|-damage|p1a: Zamazenta|80/100
|
|-heal|p1a: Zamazenta|86/100|[from] item: Leftovers
|upkeep
|turn|34
|
|t:|1769346741
|move|p1a: Zamazenta|Iron Defense|p1a: Zamazenta
|-boost|p1a: Zamazenta|def|2
|move|p2a: Garchomp|Stealth Rock|p1a: Zamazenta
|-sidestart|p1: Jrmoore896|move: Stealth Rock
|
|-heal|p1a: Zamazenta|92/100|[from] item: Leftovers
|upkeep
|turn|35
|
|t:|1769346750
|move|p1a: Zamazenta|Body Press|p2a: Garchomp
|-damage|p2a: Garchomp|0 fnt
|-damage|p1a: Zamazenta|80/100|[from] ability: Rough Skin|[of] p2a: Garchomp
|-damage|p1a: Zamazenta|64/100|[from] item: Rocky Helmet|[of] p2a: Garchomp
|faint|p2a: Garchomp
|
|-heal|p1a: Zamazenta|70/100|[from] item: Leftovers
|upkeep
|
|t:|1769346753
|switch|p2a: Zamazenta|Zamazenta|87/100
|-damage|p2a: Zamazenta|81/100|[from] Stealth Rock
|turn|36
|
|t:|1769346763
|move|p1a: Zamazenta|Body Press|p2a: Zamazenta
|-damage|p2a: Zamazenta|8/100
|move|p2a: Zamazenta|Roar|p1a: Zamazenta
|drag|p1a: Gholdengo|Gholdengo|21/100
|-damage|p1a: Gholdengo|15/100|[from] Stealth Rock
|
|-heal|p1a: Gholdengo|21/100|[from] item: Leftovers
|upkeep
|turn|37
|
|t:|1769346776
|switch|p2a: Rillaboom|Rillaboom, F|28/100
|-damage|p2a: Rillaboom|16/100|[from] Stealth Rock
|-fieldstart|move: Grassy Terrain|[from] ability: Grassy Surge|[of] p2a: Rillaboom
|move|p1a: Gholdengo|Shadow Ball|p2a: Rillaboom
|-damage|p2a: Rillaboom|0 fnt
|faint|p2a: Rillaboom
|
|-heal|p1a: Gholdengo|27/100|[from] Grassy Terrain
|-heal|p1a: Gholdengo|33/100|[from] item: Leftovers
|upkeep
|
|t:|1769346778
|switch|p2a: Iron Valiant|Iron Valiant|19/100
|-damage|p2a: Iron Valiant|13/100|[from] Stealth Rock
|turn|38
|
|t:|1769346801
|switch|p1a: Blissey|Blissey, F, tera:Ghost|57/100
|move|p2a: Iron Valiant|Thunderbolt|p1a: Blissey
|-damage|p1a: Blissey|47/100
|
|-heal|p2a: Iron Valiant|19/100|[from] Grassy Terrain
|-heal|p1a: Blissey|53/100|[from] Grassy Terrain
|upkeep
|turn|39
|
|t:|1769346810
|move|p2a: Iron Valiant|Calm Mind|p2a: Iron Valiant
|-boost|p2a: Iron Valiant|spa|1
|-boost|p2a: Iron Valiant|spd|1
|move|p1a: Blissey|Seismic Toss|p2a: Iron Valiant
|-damage|p2a: Iron Valiant|0 fnt
|faint|p2a: Iron Valiant
|-end|p2a: Iron Valiant|Quark Drive|[silent]
|
|-heal|p1a: Blissey|59/100|[from] Grassy Terrain
|upkeep
|
|t:|1769346813
|switch|p2a: Zamazenta|Zamazenta|8/100
|-damage|p2a: Zamazenta|2/100|[from] Stealth Rock
|turn|40
|c|☆DvorakLobster|and now scarf zama crunch sweep
|
|t:|1769346846
|switch|p1a: Weezing|Weezing-Galar, M|79/100
|-ability|p1a: Weezing|Neutralizing Gas
|-damage|p1a: Weezing|67/100|[from] Stealth Rock
|move|p2a: Zamazenta|Crunch|p1a: Weezing
|-resisted|p1a: Weezing
|-damage|p1a: Weezing|60/100
|
|-heal|p2a: Zamazenta|8/100|[from] Grassy Terrain
|-heal|p1a: Weezing|66/100|[from] Grassy Terrain
|upkeep
|turn|41
|
|t:|1769346858
|move|p2a: Zamazenta|Crunch|p1a: Weezing
|-resisted|p1a: Weezing
|-damage|p1a: Weezing|58/100
|move|p1a: Weezing|Strange Steam|p2a: Zamazenta
|-supereffective|p2a: Zamazenta
|-damage|p2a: Zamazenta|0 fnt
|faint|p2a: Zamazenta
|
|win|Jrmoore896
|raw|Jrmoore896's rating: 1380 &rarr; <strong>1399</strong><br />(+19 for winning)
|raw|DvorakLobster's rating: 1358 &rarr; <strong>1339</strong><br />(-19 for losing)
|c|☆DvorakLobster|gg
|l|☆DvorakLobster
|player|p2|
