|j|☆Linkinthesink
|j|☆Dragonzord6
|t:|1769420376
|gametype|singles
|player|p1|Linkinthesink|169|1444
|player|p2|Dragonzord6|lance|1405
|gen|9
|tier|[Gen 9] OU
|rated|
|rule|HP Percentage Mod: HP is shown in percentages
|rule|Endless Battle Clause: Forcing endless battles is banned
|rule|Species Clause: Limit one of each Pokémon
|rule|OHKO Clause: OHKO moves are banned
|rule|Evasion Items Clause: Evasion items are banned
|rule|Evasion Moves Clause: Evasion moves are banned
|rule|Evasion Abilities Clause: Evasion abilities are banned
|rule|Sleep Moves Clause: Sleep-inducing moves are banned
|clearpoke
|poke|p1|Kingambit, F|
|poke|p1|Cinderace, F|
|poke|p1|Landorus-Therian, M|
|poke|p1|Iron Valiant|
|poke|p1|Kyurem|
|poke|p1|Slowking-Galar, M|
|poke|p2|Pelipper, M|
|poke|p2|Kingdra, F|
|poke|p2|Barraskewda, M|
|poke|p2|Raging Bolt|
|poke|p2|Kyurem|
|poke|p2|Overqwil, F|
|teampreview
|j| adamero
|
|t:|1769420391
|teamsize|p1|6
|teamsize|p2|6
|start
|switch|p1a: Slowking|Slowking-Galar, M|100/100
|switch|p2a: Messenger|Pelipper, M, shiny|100/100
|-weather|RainDance|[from] ability: Drizzle|[of] p2a: Messenger
|turn|1
|inactive|Battle timer is ON: inactive players will automatically lose when time's up. (requested by Dragonzord6)
|l|☆Dragonzord6
|inactive|Dragonzord6 disconnected and has a minute to reconnect!
|player|p2|
|j|☆Dragonzord6
|inactive|Dragonzord6 reconnected and has 130 seconds left.
|player|p2|Dragonzord6|lance|
|
|t:|1769420422
|move|p2a: Messenger|Hurricane|p1a: Slowking
|-damage|p1a: Slowking|69/100
|-prepare|p1a: Slowking|Chilly Reception|[premajor]
|move|p1a: Slowking|Chilly Reception|p1a: Slowking
|-weather|Snowscape
|
|t:|1769420429
|switch|p1a: Kyurem|Kyurem, shiny|100/100|[from] Chilly Reception
|-ability|p1a: Kyurem|Pressure
|
|-weather|Snowscape|[upkeep]
|upkeep
|turn|2
|
|t:|1769420438
|switch|p2a: Kyurem|Kyurem, shiny|100/100
|-ability|p2a: Kyurem|Pressure
|move|p1a: Kyurem|Draco Meteor|p2a: Kyurem
|-supereffective|p2a: Kyurem
|-damage|p2a: Kyurem|0 fnt
|-unboost|p1a: Kyurem|spa|2
|faint|p2a: Kyurem
|
|-weather|Snowscape|[upkeep]
|upkeep
|l|☆Linkinthesink
|inactive|Linkinthesink disconnected and has a minute to reconnect!
|player|p1|
|
|t:|1769420449
|switch|p2a: Raging Bolt|Raging Bolt|100/100
|-enditem|p2a: Raging Bolt|Booster Energy
|-activate|p2a: Raging Bolt|ability: Protosynthesis|[fromitem]
|-start|p2a: Raging Bolt|protosynthesisspa
|turn|3
|j|☆Linkinthesink
|inactive|Linkinthesink reconnected and has 130 seconds left.
|player|p1|Linkinthesink|169|
|
|t:|1769420477
|switch|p1a: Slowking|Slowking-Galar, M|100/100
|move|p2a: Raging Bolt|Draco Meteor|p1a: Slowking
|-damage|p1a: Slowking|42/100
|-unboost|p2a: Raging Bolt|spa|2
|
|-weather|Snowscape|[upkeep]
|upkeep
|turn|4
|
|t:|1769420489
|move|p2a: Raging Bolt|Thunder|p1a: Slowking
|-damage|p1a: Slowking|17/100
|-prepare|p1a: Slowking|Chilly Reception|[premajor]
|move|p1a: Slowking|Chilly Reception|p1a: Slowking
|
|t:|1769420492
|switch|p1a: Kyurem|Kyurem, shiny|100/100|[from] Chilly Reception
|-ability|p1a: Kyurem|Pressure
|
|-weather|Snowscape|[upkeep]
|upkeep
|turn|5
|
|t:|1769420506
|move|p1a: Kyurem|Draco Meteor|p2a: Raging Bolt
|-supereffective|p2a: Raging Bolt
|-damage|p2a: Raging Bolt|0 fnt
|-unboost|p1a: Kyurem|spa|2
|faint|p2a: Raging Bolt
|-end|p2a: Raging Bolt|Protosynthesis|[silent]
|
|-weather|none
|upkeep
|
|t:|1769420520
|switch|p2a: Messenger|Pelipper, M, shiny|100/100
|-weather|RainDance|[from] ability: Drizzle|[of] p2a: Messenger
|turn|6
|
|t:|1769420525
|switch|p1a: Slowking|Slowking-Galar, M|51/100
|move|p2a: Messenger|Weather Ball|p1a: Slowking
|-damage|p1a: Slowking|6/100
|
|-weather|RainDance|[upkeep]
|upkeep
|turn|7
|
|t:|1769420533
|switch|p1a: Kingambit|Kingambit, F|100/100
|move|p2a: Messenger|Weather Ball|p1a: Kingambit
|-damage|p1a: Kingambit|26/100
|
|-weather|RainDance|[upkeep]
|-heal|p1a: Kingambit|32/100|[from] item: Leftovers
|upkeep
|turn|8
|
|t:|1769420542
|move|p1a: Kingambit|Sucker Punch|p2a: Messenger
|-damage|p2a: Messenger|57/100
|move|p2a: Messenger|Weather Ball|p1a: Kingambit
|-damage|p1a: Kingambit|0 fnt
|faint|p1a: Kingambit
|-end|p1a: Kingambit|fallenundefined|[silent]
|
|-weather|RainDance|[upkeep]
|upkeep
|
|t:|1769420544
|switch|p1a: Slowking|Slowking-Galar, M|39/100
|turn|9
|
|t:|1769420552
|-terastallize|p1a: Slowking|Water
|move|p2a: Messenger|Weather Ball|p1a: Slowking
|-resisted|p1a: Slowking
|-damage|p1a: Slowking|20/100
|-prepare|p1a: Slowking|Chilly Reception|[premajor]
|move|p1a: Slowking|Chilly Reception|p1a: Slowking
|-weather|Snowscape
|
|t:|1769420557
|switch|p1a: Kyurem|Kyurem, shiny|100/100|[from] Chilly Reception
|-ability|p1a: Kyurem|Pressure
|
|-weather|Snowscape|[upkeep]
|upkeep
|turn|10
|
|t:|1769420568
|switch|p2a: Overqwil|Overqwil, F, shiny|100/100
|move|p1a: Kyurem|Draco Meteor|p2a: Overqwil
|-damage|p2a: Overqwil|0 fnt
|-unboost|p1a: Kyurem|spa|2
|faint|p2a: Overqwil
|
|-weather|Snowscape|[upkeep]
|upkeep
|l| adamero
|
|t:|1769420578
|switch|p2a: Messenger|Pelipper, M, shiny|57/100
|-weather|RainDance|[from] ability: Drizzle|[of] p2a: Messenger
|turn|11
|
|t:|1769420583
|move|p1a: Kyurem|Draco Meteor|p2a: Messenger
|-damage|p2a: Messenger|0 fnt
|-unboost|p1a: Kyurem|spa|2
|faint|p2a: Messenger
|
|-weather|RainDance|[upkeep]
|upkeep
|
|t:|1769420596
|switch|p2a: Kingdra|Kingdra, F, shiny|100/100
|turn|12
|
|t:|1769420603
|-terastallize|p2a: Kingdra|Water
|move|p2a: Kingdra|Weather Ball|p1a: Kyurem
|-resisted|p1a: Kyurem
|-damage|p1a: Kyurem|29/100
|move|p1a: Kyurem|Draco Meteor|p2a: Kingdra
|-damage|p2a: Kingdra|61/100
|-unboost|p1a: Kyurem|spa|2
|
|-weather|RainDance|[upkeep]
|upkeep
|turn|13
|
|t:|1769420613
|switch|p1a: Cinderace|Cinderace, F|100/100
|move|p2a: Kingdra|Weather Ball|p1a: Cinderace
|-supereffective|p1a: Cinderace
|-damage|p1a: Cinderace|0 fnt
|faint|p1a: Cinderace
|
|-weather|RainDance|[upkeep]
|upkeep
|
|t:|1769420615
|switch|p1a: Slowking|Slowking-Galar, M, tera:Water|53/100
|turn|14
|
|t:|1769420625
|switch|p1a: Landorus|Landorus-Therian, M|100/100
|-ability|p1a: Landorus|Intimidate|boost
|-unboost|p2a: Kingdra|atk|1
|move|p2a: Kingdra|Weather Ball|p1a: Landorus
|-supereffective|p1a: Landorus
|-crit|p1a: Landorus
|-damage|p1a: Landorus|0 fnt
|faint|p1a: Landorus
|
|-weather|RainDance|[upkeep]
|upkeep
|
|t:|1769420627
|switch|p1a: Slowking|Slowking-Galar, M, tera:Water|87/100
|turn|15
|
|t:|1769420638
|move|p2a: Kingdra|Weather Ball|p1a: Slowking
|-resisted|p1a: Slowking
|-damage|p1a: Slowking|42/100
|-prepare|p1a: Slowking|Chilly Reception|[premajor]
|move|p1a: Slowking|Chilly Reception|p1a: Slowking
|-weather|Snowscape
|
|t:|1769420640
|switch|p1a: Kyurem|Kyurem, shiny|29/100|[from] Chilly Reception
|-ability|p1a: Kyurem|Pressure
|
|-weather|Snowscape|[upkeep]
|upkeep
|turn|16
|c|☆Dragonzord6|U little
|
|t:|1769420653
|move|p1a: Kyurem|Freeze-Dry|p2a: Kingdra
|-supereffective|p2a: Kingdra
|-damage|p2a: Kingdra|0 fnt
|faint|p2a: Kingdra
|
|-weather|Snowscape|[upkeep]
|upkeep
|
|t:|1769420663
|switch|p2a: Barraskewda|Barraskewda, M, shiny|100/100
|turn|17
|
|t:|1769420672
|move|p2a: Barraskewda|Aqua Jet|p1a: Kyurem
|-resisted|p1a: Kyurem
|-damage|p1a: Kyurem|19/100
|move|p1a: Kyurem|Freeze-Dry|p2a: Barraskewda
|-supereffective|p2a: Barraskewda
|-damage|p2a: Barraskewda|0 fnt
|faint|p2a: Barraskewda
|
|win|Linkinthesink
|raw|Linkinthesink's rating: 1444 &rarr; <strong>1462</strong><br />(+18 for winning)
|raw|Dragonzord6's rating: 1405 &rarr; <strong>1387</strong><br />(-18 for losing)
|l|☆Dragonzord6
|player|p2|
|l|☆Linkinthesink
|player|p1|
|j|☆Linkinthesink
|player|p1|Linkinthesink|169|
|l|☆Linkinthesink
|player|p1|
