|j|☆Jonpollonmorcillon
|j|☆aboda
|t:|1769418280
|gametype|singles
|player|p1|Jonpollonmorcillon|harlequin|1264
|player|p2|aboda|pokemonranger-gen4|1259
|gen|9
|tier|[Gen 9] OU
|rated|
|rule|HP Percentage Mod: HP is shown in percentages
|rule|Endless Battle Clause: Forcing endless battles is banned
|rule|Species Clause: Limit one of each Pokémon
|rule|OHKO Clause: OHKO moves are banned
|rule|Evasion Items Clause: Evasion items are banned
|rule|Evasion Moves Clause: Evasion moves are banned
|rule|Evasion Abilities Clause: Evasion abilities are banned
|rule|Sleep Moves Clause: Sleep-inducing moves are banned
|clearpoke
|poke|p1|Bronzong|
|poke|p1|Ursaluna, F|
|poke|p1|Volcanion|
|poke|p1|Hatterene, F|
|poke|p1|Porygon2|
|poke|p1|Breloom, M|
|poke|p2|Dragonite, F|
|poke|p2|Torkoal, F|
|poke|p2|Venusaur, F|
|poke|p2|Corviknight, M|
|poke|p2|Chansey, F|
|poke|p2|Great Tusk|
|teampreview
|inactive|Battle timer is ON: inactive players will automatically lose when time's up. (requested by aboda)
|
|t:|1769418292
|teamsize|p1|6
|teamsize|p2|6
|start
|switch|p1a: Hatterene|Hatterene, F|100/100
|switch|p2a: Great Tusk|Great Tusk|100/100
|turn|1
|
|t:|1769418299
|move|p2a: Great Tusk|Knock Off|p1a: Hatterene
|-damage|p1a: Hatterene|75/100
|-enditem|p1a: Hatterene|Leftovers|[from] move: Knock Off|[of] p2a: Great Tusk
|move|p1a: Hatterene|Trick Room|p1a: Hatterene
|-fieldstart|move: Trick Room|[of] p1a: Hatterene
|
|upkeep
|turn|2
|
|t:|1769418305
|-end|p2a: Great Tusk|Protosynthesis|[silent]
|switch|p2a: Chansey|Chansey, F|100/100
|move|p1a: Hatterene|Calm Mind|p1a: Hatterene
|-boost|p1a: Hatterene|spa|1
|-boost|p1a: Hatterene|spd|1
|
|upkeep
|turn|3
|
|t:|1769418313
|move|p1a: Hatterene|Calm Mind|p1a: Hatterene
|-boost|p1a: Hatterene|spa|1
|-boost|p1a: Hatterene|spd|1
|move|p2a: Chansey|Seismic Toss|p1a: Hatterene
|-damage|p1a: Hatterene|44/100
|
|upkeep
|turn|4
|
|t:|1769418321
|move|p1a: Hatterene|Draining Kiss|p2a: Chansey
|-crit|p2a: Chansey
|-damage|p2a: Chansey|85/100
|-heal|p1a: Hatterene|69/100|[from] drain|[of] p2a: Chansey
|move|p2a: Chansey|Seismic Toss|p1a: Hatterene
|-damage|p1a: Hatterene|37/100
|
|upkeep
|turn|5
|
|t:|1769418343
|move|p1a: Hatterene|Draining Kiss|p2a: Chansey
|-damage|p2a: Chansey|75/100
|-heal|p1a: Hatterene|55/100|[from] drain|[of] p2a: Chansey
|move|p2a: Chansey|Seismic Toss|p1a: Hatterene
|-damage|p1a: Hatterene|24/100
|
|-fieldend|move: Trick Room
|upkeep
|turn|6
|
|t:|1769418352
|move|p2a: Chansey|Seismic Toss|p1a: Hatterene
|-damage|p1a: Hatterene|0 fnt
|faint|p1a: Hatterene
|
|upkeep
|
|t:|1769418357
|switch|p1a: Bronzong|Bronzong|100/100
|turn|7
|
|t:|1769418365
|switch|p2a: Torkoal|Torkoal, F|100/100
|-weather|SunnyDay|[from] ability: Drought|[of] p2a: Torkoal
|move|p1a: Bronzong|Trick Room|p1a: Bronzong
|-fieldstart|move: Trick Room|[of] p1a: Bronzong
|
|-weather|SunnyDay|[upkeep]
|upkeep
|turn|8
|
|t:|1769418375
|switch|p1a: Volcanion|Volcanion|100/100
|move|p2a: Torkoal|Lava Plume|p1a: Volcanion
|-resisted|p1a: Volcanion
|-damage|p1a: Volcanion|94/100
|
|-weather|SunnyDay|[upkeep]
|upkeep
|turn|9
|
|t:|1769418390
|switch|p2a: Chansey|Chansey, F|75/100
|move|p1a: Volcanion|Sludge Wave|p2a: Chansey
|-damage|p2a: Chansey|66/100
|
|-weather|SunnyDay|[upkeep]
|upkeep
|turn|10
|
|t:|1769418401
|switch|p1a: Breloom|Breloom, M|100/100
|move|p2a: Chansey|Thunder Wave|p1a: Breloom
|-status|p1a: Breloom|par
|
|-weather|SunnyDay|[upkeep]
|upkeep
|turn|11
|
|t:|1769418415
|switch|p2a: Corviknight|Corviknight, M|100/100
|move|p1a: Breloom|Stone Edge|p2a: Corviknight|[miss]
|-miss|p1a: Breloom|p2a: Corviknight
|
|-weather|none
|-fieldend|move: Trick Room
|upkeep
|turn|12
|
|t:|1769418423
|switch|p1a: Bronzong|Bronzong|100/100
|move|p2a: Corviknight|Dual Wingbeat|p1a: Bronzong
|-resisted|p1a: Bronzong
|-crit|p1a: Bronzong
|-damage|p1a: Bronzong|92/100
|-resisted|p1a: Bronzong
|-damage|p1a: Bronzong|86/100
|-hitcount|p1a: Bronzong|2
|
|-heal|p1a: Bronzong|93/100|[from] item: Leftovers
|upkeep
|turn|13
|
|t:|1769418435
|switch|p2a: Torkoal|Torkoal, F|100/100
|-weather|SunnyDay|[from] ability: Drought|[of] p2a: Torkoal
|move|p1a: Bronzong|Trick Room|p1a: Bronzong
|-fieldstart|move: Trick Room|[of] p1a: Bronzong
|
|-weather|SunnyDay|[upkeep]
|-heal|p1a: Bronzong|99/100|[from] item: Leftovers
|upkeep
|turn|14
|
|t:|1769418445
|switch|p1a: Volcanion|Volcanion|94/100
|move|p2a: Torkoal|Lava Plume|p1a: Volcanion
|-resisted|p1a: Volcanion
|-damage|p1a: Volcanion|88/100
|
|-weather|SunnyDay|[upkeep]
|upkeep
|turn|15
|
|t:|1769418459
|switch|p2a: Chansey|Chansey, F|66/100
|move|p1a: Volcanion|Steam Eruption|p2a: Chansey
|-damage|p2a: Chansey|59/100
|
|-weather|SunnyDay|[upkeep]
|upkeep
|turn|16
|
|t:|1769418472
|move|p1a: Volcanion|Sludge Wave|p2a: Chansey
|-damage|p2a: Chansey|50/100
|move|p2a: Chansey|Soft-Boiled|p2a: Chansey
|-heal|p2a: Chansey|100/100
|
|-weather|SunnyDay|[upkeep]
|upkeep
|turn|17
|
|t:|1769418483
|switch|p1a: Breloom|Breloom, M|100/100 par
|move|p2a: Chansey|Thunder Wave|p1a: Breloom
|-fail|p1a: Breloom|par
|
|-weather|none
|-fieldend|move: Trick Room
|upkeep
|turn|18
|
|t:|1769418495
|switch|p2a: Corviknight|Corviknight, M|100/100
|switch|p1a: Porygon2|Porygon2|100/100
|-ability|p1a: Porygon2|Download|boost
|-boost|p1a: Porygon2|spa|1
|
|upkeep
|turn|19
|
|t:|1769418502
|switch|p2a: Chansey|Chansey, F|100/100
|move|p1a: Porygon2|Trick Room|p1a: Porygon2
|-fieldstart|move: Trick Room|[of] p1a: Porygon2
|
|upkeep
|turn|20
|
|t:|1769418512
|switch|p1a: Ursaluna|Ursaluna, F|100/100
|move|p2a: Chansey|Seismic Toss|p1a: Ursaluna
|-damage|p1a: Ursaluna|79/100
|
|-status|p1a: Ursaluna|brn|[from] item: Flame Orb
|upkeep
|turn|21
|
|t:|1769418524
|switch|p2a: Great Tusk|Great Tusk|100/100
|move|p1a: Ursaluna|Facade|p2a: Great Tusk
|-damage|p2a: Great Tusk|28/100
|
|-heal|p2a: Great Tusk|34/100|[from] item: Leftovers
|-damage|p1a: Ursaluna|73/100 brn|[from] brn
|upkeep
|turn|22
|
|t:|1769418533
|-end|p2a: Great Tusk|Protosynthesis|[silent]
|switch|p2a: Corviknight|Corviknight, M|100/100
|move|p1a: Ursaluna|Facade|p2a: Corviknight
|-resisted|p2a: Corviknight
|-damage|p2a: Corviknight|63/100
|-damage|p1a: Ursaluna|56/100 brn|[from] item: Rocky Helmet|[of] p2a: Corviknight
|
|-damage|p1a: Ursaluna|50/100 brn|[from] brn
|upkeep
|turn|23
|
|t:|1769418544
|switch|p1a: Volcanion|Volcanion|88/100
|move|p2a: Corviknight|Roost|p2a: Corviknight
|-heal|p2a: Corviknight|100/100
|-singleturn|p2a: Corviknight|move: Roost
|
|-fieldend|move: Trick Room
|upkeep
|turn|24
|
|t:|1769418553
|switch|p2a: Chansey|Chansey, F|100/100
|move|p1a: Volcanion|Earth Power|p2a: Chansey
|-damage|p2a: Chansey|93/100
|
|upkeep
|turn|25
|
|t:|1769418560
|switch|p1a: Breloom|Breloom, M|100/100 par
|move|p2a: Chansey|Seismic Toss|p1a: Breloom
|-damage|p1a: Breloom|70/100 par
|
|upkeep
|turn|26
|
|t:|1769418574
|switch|p2a: Corviknight|Corviknight, M|100/100
|switch|p1a: Porygon2|Porygon2|100/100
|-ability|p1a: Porygon2|Download|boost
|-boost|p1a: Porygon2|spa|1
|
|upkeep
|turn|27
|
|t:|1769418582
|switch|p2a: Chansey|Chansey, F|93/100
|move|p1a: Porygon2|Trick Room|p1a: Porygon2
|-fieldstart|move: Trick Room|[of] p1a: Porygon2
|
|upkeep
|turn|28
|
|t:|1769418589
|switch|p1a: Ursaluna|Ursaluna, F|50/100 brn
|move|p2a: Chansey|Seismic Toss|p1a: Ursaluna
|-damage|p1a: Ursaluna|28/100 brn
|
|-damage|p1a: Ursaluna|22/100 brn|[from] brn
|upkeep
|turn|29
|
|t:|1769418598
|switch|p2a: Corviknight|Corviknight, M|100/100
|move|p1a: Ursaluna|Crunch|p2a: Corviknight
|-damage|p2a: Corviknight|71/100
|-ability|p2a: Corviknight|Mirror Armor
|-unboost|p1a: Ursaluna|def|1
|-damage|p1a: Ursaluna|5/100 brn|[from] item: Rocky Helmet|[of] p2a: Corviknight
|
|-damage|p1a: Ursaluna|0 fnt|[from] brn
|faint|p1a: Ursaluna
|upkeep
|-message|Jonpollonmorcillon forfeited.
|
|win|aboda
|raw|Jonpollonmorcillon's rating: 1264 &rarr; <strong>1239</strong><br />(-25 for losing)
|raw|aboda's rating: 1259 &rarr; <strong>1284</strong><br />(+25 for winning)
|l|☆Jonpollonmorcillon
|player|p1|
|l|☆aboda
|player|p2|
