|j|☆otsuke
|j|☆hyperswag506
|t:|1769319400
|gametype|singles
|player|p1|otsuke|shadowtriad|1257
|player|p2|hyperswag506|265|1227
|gen|9
|tier|[Gen 9] OU
|rated|
|rule|HP Percentage Mod: HP is shown in percentages
|rule|Endless Battle Clause: Forcing endless battles is banned
|rule|Species Clause: Limit one of each Pokémon
|rule|OHKO Clause: OHKO moves are banned
|rule|Evasion Items Clause: Evasion items are banned
|rule|Evasion Moves Clause: Evasion moves are banned
|rule|Evasion Abilities Clause: Evasion abilities are banned
|rule|Sleep Moves Clause: Sleep-inducing moves are banned
|clearpoke
|poke|p1|Kleavor, F|
|poke|p1|Torkoal, M|
|poke|p1|Trevenant, F|
|poke|p1|Glimmora, M|
|poke|p1|Greninja-*, M|
|poke|p1|Espeon, M|
|poke|p2|Tyranitar, F|
|poke|p2|Clefable, M|
|poke|p2|Gliscor, M|
|poke|p2|Garganacl, F|
|poke|p2|Ting-Lu|
|poke|p2|Quaquaval, F|
|teampreview
|inactive|Battle timer is ON: inactive players will automatically lose when time's up. (requested by hyperswag506)
|j| Drewisonline
|l| Drewisonline
|
|t:|1769319408
|teamsize|p1|6
|teamsize|p2|6
|start
|switch|p1a: Torkoal|Torkoal, M|100/100
|switch|p2a: Gliscor|Gliscor, M|100/100
|-weather|SunnyDay|[from] ability: Drought|[of] p1a: Torkoal
|turn|1
|
|t:|1769319415
|move|p2a: Gliscor|Toxic|p1a: Torkoal
|-status|p1a: Torkoal|tox
|move|p1a: Torkoal|Flamethrower|p2a: Gliscor
|-damage|p2a: Gliscor|31/100
|
|-weather|SunnyDay|[upkeep]
|-damage|p1a: Torkoal|94/100 tox|[from] psn
|-status|p2a: Gliscor|tox|[from] item: Toxic Orb
|upkeep
|turn|2
|
|t:|1769319432
|move|p2a: Gliscor|Protect|p2a: Gliscor
|-singleturn|p2a: Gliscor|Protect
|move|p1a: Torkoal|Flamethrower|p2a: Gliscor
|-activate|p2a: Gliscor|move: Protect
|
|-weather|SunnyDay|[upkeep]
|-heal|p2a: Gliscor|43/100 tox|[from] ability: Poison Heal
|-damage|p1a: Torkoal|82/100 tox|[from] psn
|upkeep
|turn|3
|
|t:|1769319442
|switch|p2a: Tyranitar|Tyranitar, F|100/100
|-weather|Sandstorm|[from] ability: Sand Stream|[of] p2a: Tyranitar
|move|p1a: Torkoal|Flamethrower|p2a: Tyranitar
|-resisted|p2a: Tyranitar
|-damage|p2a: Tyranitar|93/100
|
|-weather|Sandstorm|[upkeep]
|-damage|p1a: Torkoal|76/100 tox|[from] Sandstorm
|-heal|p2a: Tyranitar|99/100|[from] item: Leftovers
|-damage|p1a: Torkoal|58/100 tox|[from] psn
|upkeep
|turn|4
|
|t:|1769319470
|move|p2a: Tyranitar|Stealth Rock|p1a: Torkoal
|-sidestart|p1: otsuke|move: Stealth Rock
|move|p1a: Torkoal|Flamethrower|p2a: Tyranitar
|-resisted|p2a: Tyranitar
|-damage|p2a: Tyranitar|92/100
|
|-weather|Sandstorm|[upkeep]
|-damage|p1a: Torkoal|52/100 tox|[from] Sandstorm
|-heal|p2a: Tyranitar|98/100|[from] item: Leftovers
|-damage|p1a: Torkoal|27/100 tox|[from] psn
|upkeep
|turn|5
|
|t:|1769319481
|switch|p2a: Ting-Lu|Ting-Lu|100/100
|-ability|p2a: Ting-Lu|Vessel of Ruin
|move|p1a: Torkoal|Ancient Power|p2a: Ting-Lu
|-resisted|p2a: Ting-Lu
|-damage|p2a: Ting-Lu|95/100
|-boost|p1a: Torkoal|atk|1
|-boost|p1a: Torkoal|def|1
|-boost|p1a: Torkoal|spa|1
|-boost|p1a: Torkoal|spd|1
|-boost|p1a: Torkoal|spe|1
|
|-weather|Sandstorm|[upkeep]
|-damage|p1a: Torkoal|21/100 tox|[from] Sandstorm
|-heal|p2a: Ting-Lu|100/100|[from] item: Leftovers
|-damage|p1a: Torkoal|0 fnt|[from] psn
|faint|p1a: Torkoal
|upkeep
|inactive|otsuke has 120 seconds left.
|
|t:|1769319496
|switch|p1a: Glimmora|Glimmora, M|100/100
|-damage|p1a: Glimmora|88/100|[from] Stealth Rock
|turn|6
|inactive|otsuke has 120 seconds left.
|
|t:|1769319503
|move|p1a: Glimmora|Mortal Spin|p2a: Ting-Lu
|-resisted|p2a: Ting-Lu
|-damage|p2a: Ting-Lu|99/100
|-status|p2a: Ting-Lu|psn
|-sideend|p1: otsuke|Stealth Rock|[from] move: Mortal Spin|[of] p1a: Glimmora
|move|p2a: Ting-Lu|Spikes|p1a: Glimmora
|-sidestart|p1: otsuke|Spikes
|
|-weather|Sandstorm|[upkeep]
|-heal|p2a: Ting-Lu|100/100 psn|[from] item: Leftovers
|-damage|p2a: Ting-Lu|88/100 psn|[from] psn
|upkeep
|turn|7
|inactive|otsuke has 120 seconds left.
|
|t:|1769319514
|move|p1a: Glimmora|Mortal Spin|p2a: Ting-Lu
|-resisted|p2a: Ting-Lu
|-damage|p2a: Ting-Lu|87/100 psn
|-sideend|p1: otsuke|Spikes|[from] move: Mortal Spin|[of] p1a: Glimmora
|move|p2a: Ting-Lu|Earthquake|p1a: Glimmora
|-supereffective|p1a: Glimmora
|-damage|p1a: Glimmora|0 fnt
|-activate|p1a: Glimmora|ability: Toxic Debris
|-sidestart|p2: hyperswag506|move: Toxic Spikes
|faint|p1a: Glimmora
|
|-weather|none
|-heal|p2a: Ting-Lu|93/100 psn|[from] item: Leftovers
|-damage|p2a: Ting-Lu|81/100 psn|[from] psn
|upkeep
|inactive|otsuke has 120 seconds left.
|
|t:|1769319529
|switch|p1a: Greninja|Greninja, M|100/100
|turn|8
|inactive|otsuke has 120 seconds left.
|
|t:|1769319535
|switch|p2a: Tyranitar|Tyranitar, F|98/100
|-status|p2a: Tyranitar|psn
|-weather|Sandstorm|[from] ability: Sand Stream|[of] p2a: Tyranitar
|-terastallize|p1a: Greninja|Water
|move|p1a: Greninja|Surf|p2a: Tyranitar
|-supereffective|p2a: Tyranitar
|-damage|p2a: Tyranitar|46/100 psn
|
|-weather|Sandstorm|[upkeep]
|-damage|p1a: Greninja|95/100|[from] Sandstorm
|-heal|p2a: Tyranitar|52/100 psn|[from] item: Leftovers
|-damage|p2a: Tyranitar|39/100 psn|[from] psn
|upkeep
|turn|9
|inactive|otsuke has 120 seconds left.
|
|t:|1769319550
|move|p1a: Greninja|Surf|p2a: Tyranitar
|-supereffective|p2a: Tyranitar
|-damage|p2a: Tyranitar|0 fnt
|faint|p2a: Tyranitar
|-ability|p1a: Greninja|Battle Bond|boost
|-boost|p1a: Greninja|atk|1
|-boost|p1a: Greninja|spa|1
|-boost|p1a: Greninja|spe|1
|-activate|p1a: Greninja|ability: Battle Bond
|
|-weather|Sandstorm|[upkeep]
|-damage|p1a: Greninja|89/100|[from] Sandstorm
|upkeep
|
|t:|1769319554
|switch|p2a: Quaquaval|Quaquaval, F|100/100
|turn|10
|inactive|otsuke has 120 seconds left.
|
|t:|1769319566
|move|p1a: Greninja|Sludge Wave|p2a: Quaquaval
|-damage|p2a: Quaquaval|68/100
|move|p2a: Quaquaval|Rapid Spin|p1a: Greninja
|-damage|p1a: Greninja|66/100
|-boost|p2a: Quaquaval|spe|1
|-sideend|p2: hyperswag506|Toxic Spikes|[from] move: Rapid Spin|[of] p2a: Quaquaval
|
|-weather|Sandstorm|[upkeep]
|-damage|p1a: Greninja|60/100|[from] Sandstorm
|-damage|p2a: Quaquaval|62/100|[from] Sandstorm
|upkeep
|turn|11
|inactive|otsuke has 120 seconds left.
|
|t:|1769319581
|move|p1a: Greninja|Sludge Wave|p2a: Quaquaval
|-damage|p2a: Quaquaval|31/100
|move|p2a: Quaquaval|Aqua Step|p1a: Greninja
|-resisted|p1a: Greninja
|-damage|p1a: Greninja|32/100
|-boost|p2a: Quaquaval|spe|1
|
|-weather|Sandstorm|[upkeep]
|-damage|p1a: Greninja|26/100|[from] Sandstorm
|-damage|p2a: Quaquaval|25/100|[from] Sandstorm
|upkeep
|turn|12
|inactive|otsuke has 120 seconds left.
|
|t:|1769319592
|move|p1a: Greninja|Sludge Wave|p2a: Quaquaval
|-damage|p2a: Quaquaval|0 fnt
|faint|p2a: Quaquaval
|
|-weather|none
|upkeep
|
|t:|1769319604
|switch|p2a: Clefable|Clefable, M|100/100
|turn|13
|
|t:|1769319612
|move|p1a: Greninja|Sludge Wave|p2a: Clefable
|-supereffective|p2a: Clefable
|-damage|p2a: Clefable|29/100
|move|p2a: Clefable|Moonblast|p1a: Greninja
|-damage|p1a: Greninja|0 fnt
|faint|p1a: Greninja
|
|-heal|p2a: Clefable|35/100|[from] item: Leftovers
|upkeep
|
|t:|1769319623
|switch|p1a: Kleavor|Kleavor, F|100/100
|turn|14
|
|t:|1769319641
|move|p1a: Kleavor|Stone Axe|p2a: Clefable
|-damage|p2a: Clefable|0 fnt
|-sidestart|p2: hyperswag506|move: Stealth Rock
|faint|p2a: Clefable
|
|upkeep
|
|t:|1769319644
|switch|p2a: Garganacl|Garganacl, F|100/100
|-damage|p2a: Garganacl|88/100|[from] Stealth Rock
|turn|15
|
|t:|1769319650
|switch|p1a: Espeon|Espeon, M|100/100
|move|p2a: Garganacl|Salt Cure|p1a: Espeon
|-damage|p1a: Espeon|76/100
|-start|p1a: Espeon|Salt Cure
|
|-heal|p2a: Garganacl|94/100|[from] item: Leftovers
|-damage|p1a: Espeon|64/100|[from] Salt Cure
|upkeep
|turn|16
|
|t:|1769319660
|move|p2a: Garganacl|Protect|p2a: Garganacl
|-singleturn|p2a: Garganacl|Protect
|move|p1a: Espeon|Future Sight|p2a: Garganacl
|-start|p1a: Espeon|move: Future Sight
|
|-heal|p2a: Garganacl|100/100|[from] item: Leftovers
|-damage|p1a: Espeon|51/100|[from] Salt Cure
|upkeep
|turn|17
|
|t:|1769319671
|switch|p1a: Kleavor|Kleavor, F|100/100
|move|p2a: Garganacl|Salt Cure|p1a: Kleavor
|-supereffective|p1a: Kleavor
|-damage|p1a: Kleavor|64/100
|-start|p1a: Kleavor|Salt Cure
|
|-damage|p1a: Kleavor|52/100|[from] Salt Cure
|upkeep
|turn|18
|
|t:|1769319681
|move|p2a: Garganacl|Protect|p2a: Garganacl
|-singleturn|p2a: Garganacl|Protect
|move|p1a: Kleavor|Close Combat|p2a: Garganacl
|-activate|p2a: Garganacl|move: Protect
|
|-end|p2a: Garganacl|move: Future Sight
|-damage|p2a: Garganacl|60/100
|-heal|p2a: Garganacl|66/100|[from] item: Leftovers
|-damage|p1a: Kleavor|39/100|[from] Salt Cure
|upkeep
|turn|19
|
|t:|1769319692
|switch|p2a: Gliscor|Gliscor, M|43/100 tox
|-damage|p2a: Gliscor|31/100 tox|[from] Stealth Rock
|move|p1a: Kleavor|Close Combat|p2a: Gliscor
|-resisted|p2a: Gliscor
|-damage|p2a: Gliscor|18/100 tox
|-unboost|p1a: Kleavor|def|1
|-unboost|p1a: Kleavor|spd|1
|
|-heal|p2a: Gliscor|30/100 tox|[from] ability: Poison Heal
|-damage|p1a: Kleavor|27/100|[from] Salt Cure
|upkeep
|turn|20
|
|t:|1769319706
|move|p2a: Gliscor|Protect|p2a: Gliscor
|-singleturn|p2a: Gliscor|Protect
|move|p1a: Kleavor|Close Combat|p2a: Gliscor
|-activate|p2a: Gliscor|move: Protect
|
|-heal|p2a: Gliscor|43/100 tox|[from] ability: Poison Heal
|-damage|p1a: Kleavor|14/100|[from] Salt Cure
|upkeep
|turn|21
|
|t:|1769319719
|move|p1a: Kleavor|Close Combat|p2a: Gliscor
|-resisted|p2a: Gliscor
|-damage|p2a: Gliscor|30/100 tox
|-unboost|p1a: Kleavor|def|1
|-unboost|p1a: Kleavor|spd|1
|move|p2a: Gliscor|Substitute|p2a: Gliscor
|-start|p2a: Gliscor|Substitute
|-damage|p2a: Gliscor|5/100 tox
|
|-heal|p2a: Gliscor|18/100 tox|[from] ability: Poison Heal
|-damage|p1a: Kleavor|2/100|[from] Salt Cure
|upkeep
|turn|22
|
|t:|1769319731
|switch|p1a: Cursed Roots|Trevenant, F|100/100
|move|p2a: Gliscor|Protect||[still]
|-fail|p2a: Gliscor
|
|-heal|p2a: Gliscor|30/100 tox|[from] ability: Poison Heal
|upkeep
|turn|23
|
|t:|1769319739
|move|p2a: Gliscor|Toxic|p1a: Cursed Roots
|-status|p1a: Cursed Roots|tox
|move|p1a: Cursed Roots|Curse|p2a: Gliscor
|-start|p2a: Gliscor|Curse|[of] p1a: Cursed Roots
|-damage|p1a: Cursed Roots|50/100 tox
|-enditem|p1a: Cursed Roots|Sitrus Berry|[eat]
|-heal|p1a: Cursed Roots|75/100 tox|[from] item: Sitrus Berry
|
|-heal|p2a: Gliscor|43/100 tox|[from] ability: Poison Heal
|-damage|p1a: Cursed Roots|69/100 tox|[from] psn
|-damage|p2a: Gliscor|18/100 tox|[from] Curse
|upkeep
|turn|24
|
|t:|1769319757
|move|p2a: Gliscor|Protect|p2a: Gliscor
|-singleturn|p2a: Gliscor|Protect
|move|p1a: Cursed Roots|Substitute|p1a: Cursed Roots
|-start|p1a: Cursed Roots|Substitute
|-damage|p1a: Cursed Roots|44/100 tox
|
|-heal|p2a: Gliscor|30/100 tox|[from] ability: Poison Heal
|-damage|p1a: Cursed Roots|32/100 tox|[from] psn
|-damage|p2a: Gliscor|5/100 tox|[from] Curse
|upkeep
|turn|25
|
|t:|1769319768
|move|p2a: Gliscor|Knock Off|p1a: Cursed Roots
|-supereffective|p1a: Cursed Roots
|-end|p1a: Cursed Roots|Substitute
|move|p1a: Cursed Roots|Knock Off|p2a: Gliscor
|-activate|p2a: Gliscor|move: Substitute|[damage]
|
|-heal|p2a: Gliscor|18/100 tox|[from] ability: Poison Heal
|-damage|p1a: Cursed Roots|13/100 tox|[from] psn
|-damage|p2a: Gliscor|0 fnt|[from] Curse
|faint|p2a: Gliscor
|-item|p1a: Cursed Roots|Sitrus Berry|[from] ability: Harvest
|upkeep
|-enditem|p1a: Cursed Roots|Sitrus Berry|[eat]
|-heal|p1a: Cursed Roots|38/100 tox|[from] item: Sitrus Berry
|
|t:|1769319773
|switch|p2a: Ting-Lu|Ting-Lu|81/100 psn
|-damage|p2a: Ting-Lu|74/100 psn|[from] Stealth Rock
|-ability|p2a: Ting-Lu|Vessel of Ruin
|turn|26
|
|t:|1769319789
|move|p1a: Cursed Roots|Curse|p2a: Ting-Lu
|-start|p2a: Ting-Lu|Curse|[of] p1a: Cursed Roots
|-damage|p1a: Cursed Roots|0 fnt
|faint|p1a: Cursed Roots
|move|p2a: Ting-Lu|Spikes|p1: Cursed Roots
|-sidestart|p1: otsuke|Spikes
|
|-heal|p2a: Ting-Lu|81/100 psn|[from] item: Leftovers
|-damage|p2a: Ting-Lu|68/100 psn|[from] psn
|-damage|p2a: Ting-Lu|43/100 psn|[from] Curse
|upkeep
|
|t:|1769319802
|switch|p1a: Kleavor|Kleavor, F|2/100
|-damage|p1a: Kleavor|0 fnt|[from] Spikes
|faint|p1a: Kleavor
|
|t:|1769319807
|switch|p1a: Espeon|Espeon, M|51/100
|-damage|p1a: Espeon|39/100|[from] Spikes
|turn|27
|
|t:|1769319813
|switch|p2a: Garganacl|Garganacl, F|66/100
|-damage|p2a: Garganacl|53/100|[from] Stealth Rock
|move|p1a: Espeon|Protect||[still]
|-fail|p1a: Espeon
|
|-heal|p2a: Garganacl|60/100|[from] item: Leftovers
|upkeep
|turn|28
|
|t:|1769319822
|move|p1a: Espeon|Future Sight|p2a: Garganacl
|-start|p1a: Espeon|move: Future Sight
|move|p2a: Garganacl|Salt Cure|p1a: Espeon
|-damage|p1a: Espeon|13/100
|-start|p1a: Espeon|Salt Cure
|
|-heal|p2a: Garganacl|66/100|[from] item: Leftovers
|-damage|p1a: Espeon|0 fnt|[from] Salt Cure
|faint|p1a: Espeon
|
|win|hyperswag506
|raw|otsuke's rating: 1257 &rarr; <strong>1230</strong><br />(-27 for losing)
|raw|hyperswag506's rating: 1227 &rarr; <strong>1254</strong><br />(+27 for winning)
|l|☆otsuke
|player|p1|
|l|☆hyperswag506
|player|p2|
