|j|☆Grimblez
|j|☆kkeven.__
|t:|1769318020
|gametype|singles
|player|p1|Grimblez|brawly|1149
|player|p2|kkeven.__|cynthia|1092
|gen|9
|tier|[Gen 9] OU
|rated|
|rule|HP Percentage Mod: HP is shown in percentages
|rule|Endless Battle Clause: Forcing endless battles is banned
|rule|Species Clause: Limit one of each Pokémon
|rule|OHKO Clause: OHKO moves are banned
|rule|Evasion Items Clause: Evasion items are banned
|rule|Evasion Moves Clause: Evasion moves are banned
|rule|Evasion Abilities Clause: Evasion abilities are banned
|rule|Sleep Moves Clause: Sleep-inducing moves are banned
|clearpoke
|poke|p1|Sinistcha-Masterpiece|
|poke|p1|Garganacl, M|
|poke|p1|Corviknight, F|
|poke|p1|Ting-Lu|
|poke|p1|Zapdos|
|poke|p1|Kingambit, F|
|poke|p2|Ting-Lu|
|poke|p2|Zamazenta-*|
|poke|p2|Ogerpon-Wellspring, F|
|poke|p2|Dragonite, F|
|poke|p2|Gholdengo|
|poke|p2|Iron Treads|
|teampreview
|inactive|Battle timer is ON: inactive players will automatically lose when time's up. (requested by kkeven.__)
|
|t:|1769318033
|teamsize|p1|6
|teamsize|p2|6
|start
|switch|p1a: Ting-Lu|Ting-Lu|100/100
|switch|p2a: Ogerpon|Ogerpon-Wellspring, F|100/100
|-ability|p1a: Ting-Lu|Vessel of Ruin
|turn|1
|
|t:|1769318047
|move|p2a: Ogerpon|Taunt|p1a: Ting-Lu
|-start|p1a: Ting-Lu|move: Taunt
|cant|p1a: Ting-Lu|move: Taunt|Whirlwind
|
|upkeep
|turn|2
|
|t:|1769318061
|move|p2a: Ogerpon|Ivy Cudgel|p1a: Ting-Lu|[anim] Ivy Cudgel Water
|-supereffective|p1a: Ting-Lu
|-damage|p1a: Ting-Lu|37/100
|move|p1a: Ting-Lu|Ruination|p2a: Ogerpon
|-damage|p2a: Ogerpon|51/100
|
|-heal|p1a: Ting-Lu|44/100|[from] item: Leftovers
|upkeep
|turn|3
|
|t:|1769318067
|move|p2a: Ogerpon|Ivy Cudgel|p1a: Ting-Lu|[anim] Ivy Cudgel Water
|-supereffective|p1a: Ting-Lu
|-damage|p1a: Ting-Lu|0 fnt
|faint|p1a: Ting-Lu
|
|upkeep
|
|t:|1769318069
|switch|p1a: Corviknight|Corviknight, F|100/100
|-ability|p1a: Corviknight|Pressure
|turn|4
|
|t:|1769318081
|move|p2a: Ogerpon|Synthesis|p2a: Ogerpon
|-heal|p2a: Ogerpon|100/100
|move|p1a: Corviknight|U-turn|p2a: Ogerpon
|-supereffective|p2a: Ogerpon
|-damage|p2a: Ogerpon|61/100
|
|t:|1769318086
|switch|p1a: Sinistcha|Sinistcha-Masterpiece|100/100|[from] U-turn
|
|upkeep
|turn|5
|
|t:|1769318101
|switch|p2a: Gholdengo|Gholdengo|100/100
|move|p1a: Sinistcha|Matcha Gotcha|p2a: Gholdengo
|-resisted|p2a: Gholdengo
|-damage|p2a: Gholdengo|82/100
|
|upkeep
|turn|6
|
|t:|1769318114
|-terastallize|p1a: Sinistcha|Water
|move|p2a: Gholdengo|Trick|p1a: Sinistcha
|-activate|p2a: Gholdengo|move: Trick|[of] p1a: Sinistcha
|-item|p1a: Sinistcha|Choice Scarf|[from] move: Trick
|-item|p2a: Gholdengo|Heavy-Duty Boots|[from] move: Trick
|move|p1a: Sinistcha|Shadow Ball|p2a: Gholdengo
|-supereffective|p2a: Gholdengo
|-damage|p2a: Gholdengo|2/100
|
|upkeep
|turn|7
|
|t:|1769318133
|switch|p2a: Ting-Lu|Ting-Lu|100/100
|-ability|p2a: Ting-Lu|Vessel of Ruin
|switch|p1a: Corviknight|Corviknight, F|100/100
|-ability|p1a: Corviknight|Pressure
|
|upkeep
|turn|8
|
|t:|1769318136
|move|p1a: Corviknight|U-turn|p2a: Ting-Lu
|-supereffective|p2a: Ting-Lu
|-damage|p2a: Ting-Lu|87/100
|-enditem|p2a: Ting-Lu|Red Card|[of] p1a: Corviknight
|drag|p1a: Zapdos|Zapdos|100/100
|move|p2a: Ting-Lu|Spikes|p1a: Zapdos
|-sidestart|p1: Grimblez|Spikes
|
|upkeep
|turn|9
|
|t:|1769318143
|move|p1a: Zapdos|U-turn|p2a: Ting-Lu
|-supereffective|p2a: Ting-Lu
|-damage|p2a: Ting-Lu|74/100
|
|t:|1769318146
|switch|p1a: Corviknight|Corviknight, F|100/100|[from] U-turn
|-ability|p1a: Corviknight|Pressure
|move|p2a: Ting-Lu|Stealth Rock|p1a: Corviknight
|-sidestart|p1: Grimblez|move: Stealth Rock
|
|upkeep
|turn|10
|
|t:|1769318152
|move|p1a: Corviknight|U-turn|p2a: Ting-Lu
|-supereffective|p2a: Ting-Lu
|-damage|p2a: Ting-Lu|61/100
|
|t:|1769318155
|switch|p1a: Zapdos|Zapdos|100/100|[from] U-turn
|move|p2a: Ting-Lu|Ruination|p1a: Zapdos
|-damage|p1a: Zapdos|51/100
|
|upkeep
|turn|11
|
|t:|1769318170
|switch|p2a: Iron Treads|Iron Treads|100/100
|-item|p2a: Iron Treads|Air Balloon
|move|p1a: Zapdos|U-turn|p2a: Iron Treads
|-resisted|p2a: Iron Treads
|-damage|p2a: Iron Treads|95/100
|-enditem|p2a: Iron Treads|Air Balloon
|
|t:|1769318177
|switch|p1a: Corviknight|Corviknight, F|100/100|[from] U-turn
|-ability|p1a: Corviknight|Pressure
|
|upkeep
|turn|12
|
|t:|1769318179
|move|p2a: Iron Treads|Knock Off|p1a: Corviknight
|-damage|p1a: Corviknight|83/100
|-enditem|p1a: Corviknight|Heavy-Duty Boots|[from] move: Knock Off|[of] p2a: Iron Treads
|move|p1a: Corviknight|Defog|p2a: Iron Treads
|-unboost|p2a: Iron Treads|evasion|1
|-sideend|p1: Grimblez|Spikes|[from] move: Defog|[of] p1a: Corviknight
|-sideend|p1: Grimblez|Stealth Rock|[from] move: Defog|[of] p1a: Corviknight
|
|upkeep
|turn|13
|
|t:|1769318187
|-end|p2a: Iron Treads|Quark Drive|[silent]
|switch|p2a: Gholdengo|Gholdengo|2/100
|move|p1a: Corviknight|U-turn|p2a: Gholdengo
|-resisted|p2a: Gholdengo
|-damage|p2a: Gholdengo|0 fnt
|faint|p2a: Gholdengo
|
|t:|1769318190
|switch|p1a: Zapdos|Zapdos|51/100|[from] U-turn
|
|upkeep
|
|t:|1769318199
|switch|p2a: Ogerpon|Ogerpon-Wellspring, F|61/100
|turn|14
|
|t:|1769318206
|switch|p1a: Corviknight|Corviknight, F|83/100
|-ability|p1a: Corviknight|Pressure
|move|p2a: Ogerpon|Ivy Cudgel|p1a: Corviknight|[anim] Ivy Cudgel Water
|-crit|p1a: Corviknight
|-damage|p1a: Corviknight|26/100
|
|upkeep
|turn|15
|
|t:|1769318215
|switch|p1a: Sinistcha|Sinistcha-Masterpiece, tera:Water|100/100
|move|p2a: Ogerpon|Ivy Cudgel|p1a: Sinistcha|[anim] Ivy Cudgel Water
|-resisted|p1a: Sinistcha
|-damage|p1a: Sinistcha|79/100
|
|upkeep
|turn|16
|
|t:|1769318227
|move|p2a: Ogerpon|Play Rough|p1a: Sinistcha
|-damage|p1a: Sinistcha|55/100
|move|p1a: Sinistcha|Matcha Gotcha|p2a: Ogerpon
|-damage|p2a: Ogerpon|22/100
|-heal|p1a: Sinistcha|72/100|[from] drain|[of] p2a: Ogerpon
|-status|p2a: Ogerpon|brn
|
|-damage|p2a: Ogerpon|16/100 brn|[from] brn
|upkeep
|turn|17
|
|t:|1769318235
|switch|p1a: Garganacl|Garganacl, M|100/100
|move|p2a: Ogerpon|Synthesis|p2a: Ogerpon
|-heal|p2a: Ogerpon|66/100 brn
|
|-damage|p2a: Ogerpon|60/100 brn|[from] brn
|upkeep
|turn|18
|
|t:|1769318241
|move|p1a: Garganacl|Protect|p1a: Garganacl
|-singleturn|p1a: Garganacl|Protect
|move|p2a: Ogerpon|Taunt|p1a: Garganacl
|-activate|p1a: Garganacl|move: Protect
|
|-damage|p2a: Ogerpon|54/100 brn|[from] brn
|upkeep
|turn|19
|
|t:|1769318250
|move|p2a: Ogerpon|Taunt|p1a: Garganacl
|-start|p1a: Garganacl|move: Taunt
|move|p1a: Garganacl|Salt Cure|p2a: Ogerpon
|-damage|p2a: Ogerpon|36/100 brn
|-start|p2a: Ogerpon|Salt Cure
|
|-damage|p2a: Ogerpon|30/100 brn|[from] brn
|-damage|p2a: Ogerpon|5/100 brn|[from] Salt Cure
|upkeep
|turn|20
|
|t:|1769318253
|switch|p1a: Corviknight|Corviknight, F|26/100
|-ability|p1a: Corviknight|Pressure
|move|p2a: Ogerpon|Ivy Cudgel|p1a: Corviknight|[anim] Ivy Cudgel Water
|-damage|p1a: Corviknight|8/100
|
|-damage|p2a: Ogerpon|0 fnt|[from] brn
|faint|p2a: Ogerpon
|upkeep
|
|t:|1769318258
|switch|p2a: Zamazenta|Zamazenta|100/100
|-ability|p2a: Zamazenta|Dauntless Shield|boost
|-boost|p2a: Zamazenta|def|1
|turn|21
|
|t:|1769318263
|move|p2a: Zamazenta|Crunch|p1a: Corviknight
|-damage|p1a: Corviknight|0 fnt
|faint|p1a: Corviknight
|
|upkeep
|
|t:|1769318271
|switch|p1a: Zapdos|Zapdos|51/100
|turn|22
|
|t:|1769318280
|move|p2a: Zamazenta|Body Press|p1a: Zapdos
|-resisted|p1a: Zapdos
|-damage|p1a: Zapdos|27/100
|-status|p2a: Zamazenta|par|[from] ability: Static|[of] p1a: Zapdos
|move|p1a: Zapdos|Roost|p1a: Zapdos
|-heal|p1a: Zapdos|77/100
|-singleturn|p1a: Zapdos|move: Roost
|
|upkeep
|turn|23
|
|t:|1769318286
|move|p1a: Zapdos|Thunderbolt|p2a: Zamazenta
|-damage|p2a: Zamazenta|64/100 par
|move|p2a: Zamazenta|Roar|p1a: Zapdos
|drag|p1a: Sinistcha|Sinistcha-Masterpiece, tera:Water|72/100
|
|-heal|p2a: Zamazenta|70/100 par|[from] item: Leftovers
|upkeep
|turn|24
|
|t:|1769318293
|move|p1a: Sinistcha|Matcha Gotcha|p2a: Zamazenta
|-damage|p2a: Zamazenta|41/100 par
|-heal|p1a: Sinistcha|86/100|[from] drain|[of] p2a: Zamazenta
|move|p2a: Zamazenta|Body Press|p1a: Sinistcha
|-damage|p1a: Sinistcha|48/100
|
|-heal|p2a: Zamazenta|47/100 par|[from] item: Leftovers
|upkeep
|turn|25
|
|t:|1769318302
|move|p1a: Sinistcha|Matcha Gotcha|p2a: Zamazenta
|-damage|p2a: Zamazenta|18/100 par
|-heal|p1a: Sinistcha|62/100|[from] drain|[of] p2a: Zamazenta
|cant|p2a: Zamazenta|par
|
|-heal|p2a: Zamazenta|24/100 par|[from] item: Leftovers
|upkeep
|turn|26
|
|t:|1769318309
|move|p1a: Sinistcha|Matcha Gotcha|p2a: Zamazenta
|-damage|p2a: Zamazenta|0 fnt
|-heal|p1a: Sinistcha|73/100|[from] drain|[of] p2a: Zamazenta
|faint|p2a: Zamazenta
|
|upkeep
|
|t:|1769318317
|switch|p2a: Iron Treads|Iron Treads|95/100
|turn|27
|
|t:|1769318322
|move|p2a: Iron Treads|Knock Off|p1a: Sinistcha
|-damage|p1a: Sinistcha|54/100
|-enditem|p1a: Sinistcha|Choice Scarf|[from] move: Knock Off|[of] p2a: Iron Treads
|move|p1a: Sinistcha|Matcha Gotcha|p2a: Iron Treads
|-damage|p2a: Iron Treads|57/100
|-heal|p1a: Sinistcha|72/100|[from] drain|[of] p2a: Iron Treads
|
|upkeep
|turn|28
|
|t:|1769318331
|move|p2a: Iron Treads|Earthquake|p1a: Sinistcha
|-damage|p1a: Sinistcha|44/100
|move|p1a: Sinistcha|Matcha Gotcha|p2a: Iron Treads
|-damage|p2a: Iron Treads|20/100
|-heal|p1a: Sinistcha|61/100|[from] drain|[of] p2a: Iron Treads
|
|upkeep
|turn|29
|
|t:|1769318337
|move|p2a: Iron Treads|Earthquake|p1a: Sinistcha
|-damage|p1a: Sinistcha|29/100
|move|p1a: Sinistcha|Matcha Gotcha|p2a: Iron Treads
|-damage|p2a: Iron Treads|0 fnt
|-heal|p1a: Sinistcha|38/100|[from] drain|[of] p2a: Iron Treads
|faint|p2a: Iron Treads
|-end|p2a: Iron Treads|Quark Drive|[silent]
|
|upkeep
|
|t:|1769318342
|switch|p2a: Dragonite|Dragonite, F|100/100
|turn|30
|
|t:|1769318344
|move|p2a: Dragonite|Dragon Dance|p2a: Dragonite
|-boost|p2a: Dragonite|atk|1
|-boost|p2a: Dragonite|spe|1
|move|p1a: Sinistcha|Strength Sap|p2a: Dragonite
|-unboost|p2a: Dragonite|atk|1
|-heal|p1a: Sinistcha|100/100
|
|upkeep
|turn|31
|
|t:|1769318348
|move|p2a: Dragonite|Dragon Dance|p2a: Dragonite
|-boost|p2a: Dragonite|atk|1
|-boost|p2a: Dragonite|spe|1
|move|p1a: Sinistcha|Strength Sap|p2a: Dragonite
|-unboost|p2a: Dragonite|atk|1
|
|upkeep
|turn|32
|
|t:|1769318351
|move|p2a: Dragonite|Dragon Dance|p2a: Dragonite
|-boost|p2a: Dragonite|atk|1
|-boost|p2a: Dragonite|spe|1
|move|p1a: Sinistcha|Strength Sap|p2a: Dragonite
|-unboost|p2a: Dragonite|atk|1
|
|upkeep
|turn|33
|
|t:|1769318353
|move|p2a: Dragonite|Dragon Dance|p2a: Dragonite
|-boost|p2a: Dragonite|atk|1
|-boost|p2a: Dragonite|spe|1
|move|p1a: Sinistcha|Strength Sap|p2a: Dragonite
|-unboost|p2a: Dragonite|atk|1
|
|upkeep
|turn|34
|
|t:|1769318355
|move|p2a: Dragonite|Dragon Dance|p2a: Dragonite
|-boost|p2a: Dragonite|atk|1
|-boost|p2a: Dragonite|spe|1
|move|p1a: Sinistcha|Strength Sap|p2a: Dragonite
|-unboost|p2a: Dragonite|atk|1
|
|upkeep
|turn|35
|
|t:|1769318357
|move|p2a: Dragonite|Dragon Dance|p2a: Dragonite
|-boost|p2a: Dragonite|atk|1
|-boost|p2a: Dragonite|spe|1
|move|p1a: Sinistcha|Strength Sap|p2a: Dragonite
|-unboost|p2a: Dragonite|atk|1
|
|upkeep
|turn|36
|
|t:|1769318360
|move|p2a: Dragonite|Dragon Dance|p2a: Dragonite
|-boost|p2a: Dragonite|atk|1
|-boost|p2a: Dragonite|spe|0
|move|p1a: Sinistcha|Strength Sap|p2a: Dragonite
|-unboost|p2a: Dragonite|atk|1
|
|upkeep
|turn|37
|
|t:|1769318364
|move|p2a: Dragonite|Dragon Dance|p2a: Dragonite
|-boost|p2a: Dragonite|atk|1
|-boost|p2a: Dragonite|spe|0
|move|p1a: Sinistcha|Shadow Ball|p2a: Dragonite
|-damage|p2a: Dragonite|86/100
|
|upkeep
|turn|38
|
|t:|1769318375
|switch|p1a: Zapdos|Zapdos|77/100
|move|p2a: Dragonite|Dragon Dance|p2a: Dragonite
|-boost|p2a: Dragonite|atk|1
|-boost|p2a: Dragonite|spe|0
|
|upkeep
|turn|39
|
|t:|1769318385
|-terastallize|p2a: Dragonite|Fairy
|move|p2a: Dragonite|Tera Blast|p1a: Zapdos|[anim] Tera Blast Fairy
|-damage|p1a: Zapdos|19/100
|move|p1a: Zapdos|Thunderbolt|p2a: Dragonite
|-crit|p2a: Dragonite
|-damage|p2a: Dragonite|40/100
|
|upkeep
|turn|40
|
|t:|1769318394
|move|p2a: Dragonite|Tera Blast|p1a: Zapdos|[anim] Tera Blast Fairy
|-crit|p1a: Zapdos
|-damage|p1a: Zapdos|0 fnt
|faint|p1a: Zapdos
|
|upkeep
|
|t:|1769318396
|switch|p1a: Kingambit|Kingambit, F|100/100
|-activate|p1a: Kingambit|ability: Supreme Overlord
|-start|p1a: Kingambit|fallen3|[silent]
|turn|41
|
|t:|1769318404
|move|p1a: Kingambit|Sucker Punch||[still]
|-fail|p1a: Kingambit
|move|p2a: Dragonite|Roost|p2a: Dragonite
|-heal|p2a: Dragonite|90/100
|
|upkeep
|turn|42
|
|t:|1769318409
|move|p1a: Kingambit|Sucker Punch|p2a: Dragonite
|-resisted|p2a: Dragonite
|-damage|p2a: Dragonite|65/100
|move|p2a: Dragonite|Earthquake|p1a: Kingambit
|-supereffective|p1a: Kingambit
|-damage|p1a: Kingambit|20/100
|
|upkeep
|turn|43
|
|t:|1769318416
|move|p2a: Dragonite|Earthquake|p1a: Kingambit
|-supereffective|p1a: Kingambit
|-damage|p1a: Kingambit|0 fnt
|faint|p1a: Kingambit
|-end|p1a: Kingambit|fallen3|[silent]
|
|upkeep
|
|t:|1769318418
|switch|p1a: Garganacl|Garganacl, M|100/100
|turn|44
|
|t:|1769318424
|move|p2a: Dragonite|Earthquake|p1a: Garganacl
|-supereffective|p1a: Garganacl
|-damage|p1a: Garganacl|21/100
|move|p1a: Garganacl|Salt Cure|p2a: Dragonite
|-damage|p2a: Dragonite|55/100
|-start|p2a: Dragonite|Salt Cure
|
|-heal|p1a: Garganacl|27/100|[from] item: Leftovers
|-damage|p2a: Dragonite|42/100|[from] Salt Cure
|upkeep
|turn|45
|
|t:|1769318428
|move|p1a: Garganacl|Protect|p1a: Garganacl
|-singleturn|p1a: Garganacl|Protect
|move|p2a: Dragonite|Roost|p2a: Dragonite
|-heal|p2a: Dragonite|92/100
|
|-heal|p1a: Garganacl|34/100|[from] item: Leftovers
|-damage|p2a: Dragonite|80/100|[from] Salt Cure
|upkeep
|turn|46
|
|t:|1769318433
|switch|p1a: Sinistcha|Sinistcha-Masterpiece, tera:Water|100/100
|move|p2a: Dragonite|Earthquake|p1a: Sinistcha
|-damage|p1a: Sinistcha|57/100
|
|-damage|p2a: Dragonite|68/100|[from] Salt Cure
|upkeep
|turn|47
|
|t:|1769318438
|move|p2a: Dragonite|Tera Blast|p1a: Sinistcha|[anim] Tera Blast Fairy
|-damage|p1a: Sinistcha|6/100
|move|p1a: Sinistcha|Strength Sap|p2a: Dragonite
|-unboost|p2a: Dragonite|atk|1
|-heal|p1a: Sinistcha|100/100
|
|-damage|p2a: Dragonite|55/100|[from] Salt Cure
|upkeep
|turn|48
|
|t:|1769318442
|move|p2a: Dragonite|Dragon Dance|p2a: Dragonite
|-boost|p2a: Dragonite|atk|1
|-boost|p2a: Dragonite|spe|0
|move|p1a: Sinistcha|Matcha Gotcha|p2a: Dragonite
|-damage|p2a: Dragonite|28/100
|
|-damage|p2a: Dragonite|16/100|[from] Salt Cure
|upkeep
|turn|49
|
|t:|1769318445
|move|p2a: Dragonite|Roost|p2a: Dragonite
|-heal|p2a: Dragonite|66/100
|move|p1a: Sinistcha|Matcha Gotcha|p2a: Dragonite
|-damage|p2a: Dragonite|35/100
|
|-damage|p2a: Dragonite|23/100|[from] Salt Cure
|upkeep
|turn|50
|
|t:|1769318447
|move|p2a: Dragonite|Roost|p2a: Dragonite
|-heal|p2a: Dragonite|73/100
|move|p1a: Sinistcha|Matcha Gotcha|p2a: Dragonite
|-damage|p2a: Dragonite|46/100
|
|-damage|p2a: Dragonite|34/100|[from] Salt Cure
|upkeep
|turn|51
|
|t:|1769318449
|move|p2a: Dragonite|Roost|p2a: Dragonite
|-heal|p2a: Dragonite|84/100
|move|p1a: Sinistcha|Matcha Gotcha|p2a: Dragonite
|-damage|p2a: Dragonite|53/100
|
|-damage|p2a: Dragonite|41/100|[from] Salt Cure
|upkeep
|turn|52
|
|t:|1769318452
|move|p2a: Dragonite|Roost|p2a: Dragonite
|-heal|p2a: Dragonite|91/100
|move|p1a: Sinistcha|Matcha Gotcha|p2a: Dragonite
|-damage|p2a: Dragonite|61/100
|
|-damage|p2a: Dragonite|49/100|[from] Salt Cure
|upkeep
|turn|53
|
|t:|1769318464
|move|p2a: Dragonite|Roost|p2a: Dragonite
|-heal|p2a: Dragonite|99/100
|move|p1a: Sinistcha|Shadow Ball|p2a: Dragonite
|-damage|p2a: Dragonite|69/100
|
|-damage|p2a: Dragonite|57/100|[from] Salt Cure
|upkeep
|turn|54
|
|t:|1769318468
|move|p2a: Dragonite|Tera Blast|p1a: Sinistcha|[anim] Tera Blast Fairy
|-damage|p1a: Sinistcha|47/100
|move|p1a: Sinistcha|Shadow Ball|p2a: Dragonite
|-damage|p2a: Dragonite|27/100
|
|-damage|p2a: Dragonite|15/100|[from] Salt Cure
|upkeep
|turn|55
|
|t:|1769318484
|move|p2a: Dragonite|Roost|p2a: Dragonite
|-heal|p2a: Dragonite|65/100
|move|p1a: Sinistcha|Strength Sap|p2a: Dragonite
|-unboost|p2a: Dragonite|atk|1
|-heal|p1a: Sinistcha|100/100
|
|-damage|p2a: Dragonite|52/100|[from] Salt Cure
|upkeep
|turn|56
|
|t:|1769318487
|move|p2a: Dragonite|Dragon Dance|p2a: Dragonite
|-boost|p2a: Dragonite|atk|1
|-boost|p2a: Dragonite|spe|0
|move|p1a: Sinistcha|Shadow Ball|p2a: Dragonite
|-damage|p2a: Dragonite|22/100
|
|-damage|p2a: Dragonite|10/100|[from] Salt Cure
|upkeep
|turn|57
|
|t:|1769318491
|move|p2a: Dragonite|Tera Blast|p1a: Sinistcha|[anim] Tera Blast Fairy
|-damage|p1a: Sinistcha|48/100
|move|p1a: Sinistcha|Shadow Ball|p2a: Dragonite
|-damage|p2a: Dragonite|0 fnt
|faint|p2a: Dragonite
|
|upkeep
|
|t:|1769318494
|switch|p2a: Ting-Lu|Ting-Lu|61/100
|-ability|p2a: Ting-Lu|Vessel of Ruin
|turn|58
|
|t:|1769318497
|move|p1a: Sinistcha|Matcha Gotcha|p2a: Ting-Lu
|-supereffective|p2a: Ting-Lu
|-crit|p2a: Ting-Lu
|-damage|p2a: Ting-Lu|13/100
|-heal|p1a: Sinistcha|79/100|[from] drain|[of] p2a: Ting-Lu
|move|p2a: Ting-Lu|Whirlwind|p1a: Sinistcha
|drag|p1a: Garganacl|Garganacl, M|34/100
|
|-heal|p1a: Garganacl|40/100|[from] item: Leftovers
|upkeep
|turn|59
|-message|kkeven.__ forfeited.
|
|win|Grimblez
|raw|Grimblez's rating: 1149 &rarr; <strong>1170</strong><br />(+21 for winning)
|raw|kkeven.__'s rating: 1092 &rarr; <strong>1072</strong><br />(-20 for losing)
|l|☆kkeven.__
|player|p2|
|c|☆Grimblez|Gg
|l|☆Grimblez
|player|p1|
