|j|☆aimiliyatang
|j|☆bakabomb
|t:|1769408594
|gametype|singles
|player|p1|aimiliyatang|dawn|1243
|player|p2|bakabomb|266|1301
|gen|9
|tier|[Gen 9] OU
|rated|
|rule|HP Percentage Mod: HP is shown in percentages
|rule|Endless Battle Clause: Forcing endless battles is banned
|rule|Species Clause: Limit one of each Pokémon
|rule|OHKO Clause: OHKO moves are banned
|rule|Evasion Items Clause: Evasion items are banned
|rule|Evasion Moves Clause: Evasion moves are banned
|rule|Evasion Abilities Clause: Evasion abilities are banned
|rule|Sleep Moves Clause: Sleep-inducing moves are banned
|clearpoke
|poke|p1|Cinderace, M|
|poke|p1|Dragapult, F|
|poke|p1|Great Tusk|
|poke|p1|Corviknight, M|
|poke|p1|Ogerpon-Wellspring, F|
|poke|p1|Gliscor, F|
|poke|p2|Keldeo-Resolute|
|poke|p2|Rillaboom, F|
|poke|p2|Gholdengo|
|poke|p2|Great Tusk|
|poke|p2|Cinderace, F|
|poke|p2|Hydreigon, F|
|teampreview
|
|t:|1769408599
|teamsize|p1|6
|teamsize|p2|6
|start
|switch|p1a: Cinderace|Cinderace, M|100/100
|switch|p2a: Cinderace|Cinderace, F|100/100
|turn|1
|
|t:|1769408604
|move|p1a: Cinderace|U-turn|p2a: Cinderace
|-start|p1a: Cinderace|typechange|Bug|[from] ability: Libero
|-resisted|p2a: Cinderace
|-damage|p2a: Cinderace|67/100
|
|t:|1769408609
|switch|p1a: Gliscor|Gliscor, F|100/100|[from] U-turn
|move|p2a: Cinderace|Pyro Ball|p1a: Gliscor
|-damage|p1a: Gliscor|56/100
|
|-status|p1a: Gliscor|tox|[from] item: Toxic Orb
|upkeep
|turn|2
|
|t:|1769408616
|move|p2a: Cinderace|U-turn|p1a: Gliscor
|-start|p2a: Cinderace|typechange|Bug|[from] ability: Libero
|-resisted|p1a: Gliscor
|-damage|p1a: Gliscor|44/100 tox
|
|t:|1769408622
|switch|p2a: Hydreigon|Hydreigon, F|100/100|[from] U-turn
|move|p1a: Gliscor|Knock Off|p2a: Hydreigon
|-resisted|p2a: Hydreigon
|-crit|p2a: Hydreigon
|-damage|p2a: Hydreigon|81/100
|-enditem|p2a: Hydreigon|Choice Scarf|[from] move: Knock Off|[of] p1a: Gliscor
|
|-heal|p1a: Gliscor|56/100 tox|[from] ability: Poison Heal
|upkeep
|turn|3
|
|t:|1769408636
|move|p2a: Hydreigon|Dark Pulse|p1a: Gliscor
|-damage|p1a: Gliscor|16/100 tox
|move|p1a: Gliscor|U-turn|p2a: Hydreigon
|-supereffective|p2a: Hydreigon
|-damage|p2a: Hydreigon|48/100
|
|t:|1769408640
|switch|p1a: Cinderace|Cinderace, M|100/100|[from] U-turn
|
|upkeep
|turn|4
|
|t:|1769408647
|move|p1a: Cinderace|U-turn|p2a: Hydreigon
|-start|p1a: Cinderace|typechange|Bug|[from] ability: Libero
|-supereffective|p2a: Hydreigon
|-damage|p2a: Hydreigon|0 fnt
|faint|p2a: Hydreigon
|
|t:|1769408652
|switch|p1a: Gliscor|Gliscor, F|16/100 tox|[from] U-turn
|
|-heal|p1a: Gliscor|29/100 tox|[from] ability: Poison Heal
|upkeep
|
|t:|1769408660
|switch|p2a: Keldeo|Keldeo-Resolute|100/100
|turn|5
|
|t:|1769408671
|move|p2a: Keldeo|Substitute|p2a: Keldeo
|-start|p2a: Keldeo|Substitute
|-damage|p2a: Keldeo|76/100
|move|p1a: Gliscor|U-turn|p2a: Keldeo
|-resisted|p2a: Keldeo
|-activate|p2a: Keldeo|move: Substitute|[damage]
|
|t:|1769408674
|switch|p1a: Dragapult|Dragapult, F|100/100|[from] U-turn
|
|-heal|p2a: Keldeo|82/100|[from] item: Leftovers
|upkeep
|turn|6
|
|t:|1769408682
|move|p1a: Dragapult|Draco Meteor|p2a: Keldeo
|-damage|p2a: Keldeo|4/100
|-unboost|p1a: Dragapult|spa|2
|-damage|p1a: Dragapult|91/100|[from] item: Life Orb
|move|p2a: Keldeo|Calm Mind|p2a: Keldeo
|-boost|p2a: Keldeo|spa|1
|-boost|p2a: Keldeo|spd|1
|
|-heal|p2a: Keldeo|10/100|[from] item: Leftovers
|upkeep
|turn|7
|
|t:|1769408691
|switch|p2a: Gholdengo|Gholdengo|100/100
|-item|p2a: Gholdengo|Air Balloon
|move|p1a: Dragapult|Thunderbolt|p2a: Gholdengo
|-damage|p2a: Gholdengo|85/100
|-enditem|p2a: Gholdengo|Air Balloon
|-damage|p1a: Dragapult|81/100|[from] item: Life Orb
|
|upkeep
|turn|8
|
|t:|1769408701
|switch|p1a: Gliscor|Gliscor, F|29/100 tox
|move|p2a: Gholdengo|Thunder Wave|p1a: Gliscor
|-immune|p1a: Gliscor
|
|-heal|p1a: Gliscor|41/100 tox|[from] ability: Poison Heal
|upkeep
|turn|9
|-message|bakabomb forfeited.
|
|win|aimiliyatang
|raw|aimiliyatang's rating: 1243 &rarr; <strong>1272</strong><br />(+29 for winning)
|raw|bakabomb's rating: 1301 &rarr; <strong>1278</strong><br />(-23 for losing)
|l|☆bakabomb
|player|p2|
|l|☆aimiliyatang
|player|p1|
