|j|☆medhat91
|j|☆the russian
|t:|1769415147
|gametype|singles
|player|p1|medhat91|unknown|1282
|player|p2|the russian|170|1300
|gen|9
|tier|[Gen 9] OU
|rated|
|rule|HP Percentage Mod: HP is shown in percentages
|rule|Endless Battle Clause: Forcing endless battles is banned
|rule|Species Clause: Limit one of each Pokémon
|rule|OHKO Clause: OHKO moves are banned
|rule|Evasion Items Clause: Evasion items are banned
|rule|Evasion Moves Clause: Evasion moves are banned
|rule|Evasion Abilities Clause: Evasion abilities are banned
|rule|Sleep Moves Clause: Sleep-inducing moves are banned
|clearpoke
|poke|p1|Dragonite, F|
|poke|p1|Ting-Lu|
|poke|p1|Raging Bolt|
|poke|p1|Gholdengo|
|poke|p1|Iron Valiant|
|poke|p1|Great Tusk|
|poke|p2|Garchomp, M|
|poke|p2|Milotic, F|
|poke|p2|Metagross|
|poke|p2|Chesnaught, F|
|poke|p2|Glimmora, M|
|poke|p2|Moltres|
|teampreview
|inactive|Battle timer is ON: inactive players will automatically lose when time's up. (requested by medhat91)
|inactive|medhat91 has 120 seconds left.
|
|t:|1769415192
|teamsize|p1|6
|teamsize|p2|6
|start
|switch|p1a: Iron Valiant|Iron Valiant|100/100
|switch|p2a: Garchomp|Garchomp, M|100/100
|-enditem|p1a: Iron Valiant|Booster Energy
|-activate|p1a: Iron Valiant|ability: Quark Drive|[fromitem]
|-start|p1a: Iron Valiant|quarkdrivespe
|turn|1
|
|t:|1769415204
|switch|p2a: Moltres|Moltres|100/100
|move|p1a: Iron Valiant|Moonblast|p2a: Moltres
|-resisted|p2a: Moltres
|-damage|p2a: Moltres|76/100
|-unboost|p2a: Moltres|spa|1
|
|upkeep
|turn|2
|
|t:|1769415213
|switch|p2a: Chesnaught|Chesnaught, F|100/100
|move|p1a: Iron Valiant|Shadow Ball|p2a: Chesnaught
|-immune|p2a: Chesnaught|[from] ability: Bulletproof
|
|upkeep
|turn|3
|
|t:|1769415222
|switch|p2a: Milotic|Milotic, F|100/100
|move|p1a: Iron Valiant|Moonblast|p2a: Milotic
|-crit|p2a: Milotic
|-damage|p2a: Milotic|55/100
|-unboost|p2a: Milotic|spa|1
|
|-heal|p2a: Milotic|61/100|[from] item: Leftovers
|upkeep
|turn|4
|c|☆medhat91|wrrr we doin
|
|t:|1769415237
|move|p1a: Iron Valiant|Moonblast|p2a: Milotic
|-damage|p2a: Milotic|31/100
|-unboost|p2a: Milotic|spa|1
|move|p2a: Milotic|Recover|p2a: Milotic
|-heal|p2a: Milotic|81/100
|
|-heal|p2a: Milotic|87/100|[from] item: Leftovers
|upkeep
|turn|5
|
|t:|1769415243
|move|p1a: Iron Valiant|Encore|p2a: Milotic
|-start|p2a: Milotic|Encore
|move|p2a: Milotic|Recover|p2a: Milotic
|-heal|p2a: Milotic|100/100
|
|upkeep
|turn|6
|
|t:|1769415251
|-end|p1a: Iron Valiant|Quark Drive|[silent]
|switch|p1a: Raging Bolt|Raging Bolt|100/100
|switch|p2a: Moltres|Moltres|76/100
|
|upkeep
|turn|7
|
|t:|1769415262
|switch|p2a: Chesnaught|Chesnaught, F|100/100
|move|p1a: Raging Bolt|Thunderbolt|p2a: Chesnaught
|-resisted|p2a: Chesnaught
|-damage|p2a: Chesnaught|58/100
|
|-heal|p2a: Chesnaught|64/100|[from] item: Leftovers
|upkeep
|turn|8
|
|t:|1769415273
|-end|p1a: Raging Bolt|Protosynthesis|[silent]
|switch|p1a: Great Tusk|Great Tusk|100/100
|move|p2a: Chesnaught|Leech Seed|p1a: Great Tusk
|-start|p1a: Great Tusk|move: Leech Seed
|
|-heal|p2a: Chesnaught|70/100|[from] item: Leftovers
|-damage|p1a: Great Tusk|88/100|[from] Leech Seed|[of] p2a: Chesnaught
|-heal|p2a: Chesnaught|85/100|[silent]
|upkeep
|turn|9
|
|t:|1769415283
|move|p1a: Great Tusk|Ice Spinner|p2a: Chesnaught
|-supereffective|p2a: Chesnaught
|-damage|p2a: Chesnaught|42/100
|move|p2a: Chesnaught|Knock Off|p1a: Great Tusk
|-resisted|p1a: Great Tusk
|-damage|p1a: Great Tusk|80/100
|-enditem|p1a: Great Tusk|Assault Vest|[from] move: Knock Off|[of] p2a: Chesnaught
|
|-heal|p2a: Chesnaught|48/100|[from] item: Leftovers
|-damage|p1a: Great Tusk|67/100|[from] Leech Seed|[of] p2a: Chesnaught
|-heal|p2a: Chesnaught|62/100|[silent]
|upkeep
|turn|10
|
|t:|1769415290
|move|p2a: Chesnaught|Spiky Shield|p2a: Chesnaught
|-singleturn|p2a: Chesnaught|move: Protect
|move|p1a: Great Tusk|Ice Spinner|p2a: Chesnaught
|-activate|p2a: Chesnaught|move: Protect
|-damage|p1a: Great Tusk|55/100|[from] Spiky Shield|[of] p2a: Chesnaught
|
|-heal|p2a: Chesnaught|68/100|[from] item: Leftovers
|-damage|p1a: Great Tusk|43/100|[from] Leech Seed|[of] p2a: Chesnaught
|-heal|p2a: Chesnaught|83/100|[silent]
|upkeep
|turn|11
|
|t:|1769415298
|move|p1a: Great Tusk|Ice Spinner|p2a: Chesnaught
|-supereffective|p2a: Chesnaught
|-damage|p2a: Chesnaught|44/100
|move|p2a: Chesnaught|Drain Punch|p1a: Great Tusk
|-damage|p1a: Great Tusk|22/100
|-heal|p2a: Chesnaught|57/100|[from] drain|[of] p1a: Great Tusk
|
|-heal|p2a: Chesnaught|63/100|[from] item: Leftovers
|-damage|p1a: Great Tusk|9/100|[from] Leech Seed|[of] p2a: Chesnaught
|-heal|p2a: Chesnaught|78/100|[silent]
|upkeep
|turn|12
|
|t:|1769415304
|-end|p1a: Great Tusk|Protosynthesis|[silent]
|switch|p1a: Gholdengo|Gholdengo|100/100
|switch|p2a: Glimmora|Glimmora, M|100/100
|
|upkeep
|turn|13
|
|t:|1769415314
|move|p2a: Glimmora|Earth Power|p1a: Gholdengo
|-supereffective|p1a: Gholdengo
|-damage|p1a: Gholdengo|16/100
|move|p1a: Gholdengo|Make It Rain|p2a: Glimmora
|-supereffective|p2a: Glimmora
|-damage|p2a: Glimmora|0 fnt
|-unboost|p1a: Gholdengo|spa|1
|faint|p2a: Glimmora
|
|upkeep
|
|t:|1769415322
|switch|p2a: Garchomp|Garchomp, M|100/100
|turn|14
|c|☆medhat91|scarf glim
|c|☆medhat91|respect
|
|t:|1769415331
|switch|p1a: Iron Valiant|Iron Valiant|100/100
|move|p2a: Garchomp|Earthquake|p1a: Iron Valiant
|-damage|p1a: Iron Valiant|27/100
|
|upkeep
|turn|15
|
|t:|1769415348
|switch|p2a: Moltres|Moltres|76/100
|move|p1a: Iron Valiant|Moonblast|p2a: Moltres
|-resisted|p2a: Moltres
|-damage|p2a: Moltres|51/100
|
|upkeep
|turn|16
|
|t:|1769415354
|move|p1a: Iron Valiant|Shadow Ball|p2a: Moltres
|-damage|p2a: Moltres|24/100
|move|p2a: Moltres|Roost|p2a: Moltres
|-heal|p2a: Moltres|75/100
|-singleturn|p2a: Moltres|move: Roost
|
|upkeep
|turn|17
|
|t:|1769415365
|move|p1a: Iron Valiant|Encore|p2a: Moltres
|-start|p2a: Moltres|Encore
|move|p2a: Moltres|Roost|p2a: Moltres
|-heal|p2a: Moltres|100/100
|-singleturn|p2a: Moltres|move: Roost
|
|upkeep
|turn|18
|
|t:|1769415370
|-end|p1a: Iron Valiant|Quark Drive|[silent]
|switch|p1a: Ting-Lu|Ting-Lu|100/100
|-ability|p1a: Ting-Lu|Vessel of Ruin
|switch|p2a: Milotic|Milotic, F|100/100
|
|upkeep
|turn|19
|
|t:|1769415372
|move|p2a: Milotic|Scald|p1a: Ting-Lu
|-supereffective|p1a: Ting-Lu
|-damage|p1a: Ting-Lu|69/100
|move|p1a: Ting-Lu|Stealth Rock|p2a: Milotic
|-sidestart|p2: the russian|move: Stealth Rock
|
|-heal|p1a: Ting-Lu|75/100|[from] item: Leftovers
|upkeep
|turn|20
|
|t:|1769415379
|move|p2a: Milotic|Scald|p1a: Ting-Lu
|-supereffective|p1a: Ting-Lu
|-damage|p1a: Ting-Lu|44/100
|move|p1a: Ting-Lu|Earthquake|p2a: Milotic
|-damage|p2a: Milotic|60/100
|
|-heal|p2a: Milotic|66/100|[from] item: Leftovers
|-heal|p1a: Ting-Lu|51/100|[from] item: Leftovers
|upkeep
|turn|21
|
|t:|1769415385
|move|p2a: Milotic|Scald|p1a: Ting-Lu
|-supereffective|p1a: Ting-Lu
|-damage|p1a: Ting-Lu|23/100
|move|p1a: Ting-Lu|Whirlwind|p2a: Milotic
|drag|p2a: Metagross|Metagross|100/100
|-damage|p2a: Metagross|94/100|[from] Stealth Rock
|
|-heal|p1a: Ting-Lu|29/100|[from] item: Leftovers
|upkeep
|turn|22
|
|t:|1769415396
|switch|p2a: Chesnaught|Chesnaught, F|78/100
|-damage|p2a: Chesnaught|72/100|[from] Stealth Rock
|move|p1a: Ting-Lu|Ruination|p2a: Chesnaught
|-damage|p2a: Chesnaught|36/100
|
|-heal|p2a: Chesnaught|42/100|[from] item: Leftovers
|-heal|p1a: Ting-Lu|35/100|[from] item: Leftovers
|upkeep
|turn|23
|
|t:|1769415401
|move|p2a: Chesnaught|Leech Seed|p1a: Ting-Lu|[miss]
|-miss|p2a: Chesnaught|p1a: Ting-Lu
|move|p1a: Ting-Lu|Whirlwind|p2a: Chesnaught
|drag|p2a: Moltres|Moltres|100/100
|
|-heal|p1a: Ting-Lu|41/100|[from] item: Leftovers
|upkeep
|turn|24
|
|t:|1769415409
|move|p2a: Moltres|Hurricane|p1a: Ting-Lu
|-damage|p1a: Ting-Lu|13/100
|move|p1a: Ting-Lu|Whirlwind|p2a: Moltres
|drag|p2a: Garchomp|Garchomp, M|100/100
|-damage|p2a: Garchomp|95/100|[from] Stealth Rock
|
|-heal|p1a: Ting-Lu|19/100|[from] item: Leftovers
|upkeep
|turn|25
|
|t:|1769415421
|move|p2a: Garchomp|Spikes|p1a: Ting-Lu
|-sidestart|p1: medhat91|Spikes
|move|p1a: Ting-Lu|Whirlwind|p2a: Garchomp
|drag|p2a: Chesnaught|Chesnaught, F|42/100
|-damage|p2a: Chesnaught|36/100|[from] Stealth Rock
|
|-heal|p2a: Chesnaught|42/100|[from] item: Leftovers
|-heal|p1a: Ting-Lu|25/100|[from] item: Leftovers
|upkeep
|turn|26
|
|t:|1769415430
|move|p2a: Chesnaught|Drain Punch|p1a: Ting-Lu
|-supereffective|p1a: Ting-Lu
|-damage|p1a: Ting-Lu|0 fnt
|-heal|p2a: Chesnaught|59/100|[from] drain|[of] p1a: Ting-Lu
|faint|p1a: Ting-Lu
|
|-heal|p2a: Chesnaught|65/100|[from] item: Leftovers
|upkeep
|
|t:|1769415444
|switch|p1a: Dragonite|Dragonite, F|100/100
|turn|27
|
|t:|1769415448
|move|p1a: Dragonite|Dragon Dance|p1a: Dragonite
|-boost|p1a: Dragonite|atk|1
|-boost|p1a: Dragonite|spe|1
|move|p2a: Chesnaught|Leech Seed|p1a: Dragonite
|-start|p1a: Dragonite|move: Leech Seed
|
|-heal|p2a: Chesnaught|71/100|[from] item: Leftovers
|-damage|p1a: Dragonite|88/100|[from] Leech Seed|[of] p2a: Chesnaught
|-heal|p2a: Chesnaught|83/100|[silent]
|upkeep
|turn|28
|
|t:|1769415474
|move|p1a: Dragonite|Dragon Dance|p1a: Dragonite
|-boost|p1a: Dragonite|atk|1
|-boost|p1a: Dragonite|spe|1
|move|p2a: Chesnaught|Knock Off|p1a: Dragonite
|-damage|p1a: Dragonite|59/100
|-enditem|p1a: Dragonite|Heavy-Duty Boots|[from] move: Knock Off|[of] p2a: Chesnaught
|
|-heal|p2a: Chesnaught|89/100|[from] item: Leftovers
|-damage|p1a: Dragonite|47/100|[from] Leech Seed|[of] p2a: Chesnaught
|-heal|p2a: Chesnaught|100/100|[silent]
|upkeep
|turn|29
|
|t:|1769415483
|move|p1a: Dragonite|Extreme Speed|p2a: Chesnaught
|-damage|p2a: Chesnaught|58/100
|move|p2a: Chesnaught|Drain Punch|p1a: Dragonite
|-resisted|p1a: Dragonite
|-damage|p1a: Dragonite|29/100
|-heal|p2a: Chesnaught|67/100|[from] drain|[of] p1a: Dragonite
|
|-heal|p2a: Chesnaught|73/100|[from] item: Leftovers
|-damage|p1a: Dragonite|17/100|[from] Leech Seed|[of] p2a: Chesnaught
|-heal|p2a: Chesnaught|85/100|[silent]
|upkeep
|turn|30
|
|t:|1769415488
|move|p2a: Chesnaught|Spiky Shield|p2a: Chesnaught
|-singleturn|p2a: Chesnaught|move: Protect
|move|p1a: Dragonite|Outrage|p2a: Chesnaught
|-activate|p2a: Chesnaught|move: Protect
|-damage|p1a: Dragonite|4/100|[from] Spiky Shield|[of] p2a: Chesnaught
|
|-heal|p2a: Chesnaught|91/100|[from] item: Leftovers
|-damage|p1a: Dragonite|0 fnt|[from] Leech Seed|[of] p2a: Chesnaught
|-heal|p2a: Chesnaught|94/100|[silent]
|faint|p1a: Dragonite
|upkeep
|c|☆medhat91|when it comes down to it
|c|☆medhat91|you should jump
|
|t:|1769415512
|switch|p1a: Raging Bolt|Raging Bolt|100/100
|-damage|p1a: Raging Bolt|88/100|[from] Spikes
|turn|31
|
|t:|1769415519
|move|p1a: Raging Bolt|Draco Meteor|p2a: Chesnaught
|-damage|p2a: Chesnaught|0 fnt
|-unboost|p1a: Raging Bolt|spa|2
|faint|p2a: Chesnaught
|
|upkeep
|
|t:|1769415525
|switch|p2a: Metagross|Metagross|94/100
|-damage|p2a: Metagross|88/100|[from] Stealth Rock
|turn|32
|
|t:|1769415538
|-end|p1a: Raging Bolt|Protosynthesis|[silent]
|switch|p1a: Great Tusk|Great Tusk|9/100
|-damage|p1a: Great Tusk|0 fnt|[from] Spikes
|faint|p1a: Great Tusk
|-end|p1a: Great Tusk|Protosynthesis|[silent]
|move|p2a: Metagross|Agility|p2a: Metagross
|-boost|p2a: Metagross|spe|2
|
|upkeep
|
|t:|1769415542
|switch|p1a: Raging Bolt|Raging Bolt|88/100
|-damage|p1a: Raging Bolt|76/100|[from] Spikes
|turn|33
|
|t:|1769415547
|-terastallize|p2a: Metagross|Ground
|move|p2a: Metagross|Earthquake|p1a: Raging Bolt
|-supereffective|p1a: Raging Bolt
|-damage|p1a: Raging Bolt|0 fnt
|faint|p1a: Raging Bolt
|-end|p1a: Raging Bolt|Protosynthesis|[silent]
|
|upkeep
|-message|medhat91 forfeited.
|
|win|the russian
|raw|medhat91's rating: 1282 &rarr; <strong>1258</strong><br />(-24 for losing)
|raw|the russian's rating: 1300 &rarr; <strong>1324</strong><br />(+24 for winning)
|l|☆medhat91
|player|p1|
|c|☆the russian|gg
|l|☆the russian
|player|p2|
