|j|☆Rukia13
|j|☆aver_stall_enjoyer
|t:|1769355254
|gametype|singles
|player|p1|Rukia13|2|1679
|player|p2|aver_stall_enjoyer|dawn|1669
|gen|9
|tier|[Gen 9] OU
|rated|
|rule|HP Percentage Mod: HP is shown in percentages
|rule|Endless Battle Clause: Forcing endless battles is banned
|rule|Species Clause: Limit one of each Pokémon
|rule|OHKO Clause: OHKO moves are banned
|rule|Evasion Items Clause: Evasion items are banned
|rule|Evasion Moves Clause: Evasion moves are banned
|rule|Evasion Abilities Clause: Evasion abilities are banned
|rule|Sleep Moves Clause: Sleep-inducing moves are banned
|clearpoke
|poke|p1|Heatran, F|
|poke|p1|Alomomola, M|
|poke|p1|Kyurem|
|poke|p1|Clodsire, F|
|poke|p1|Great Tusk|
|poke|p1|Rillaboom, F|
|poke|p2|Dondozo, F|
|poke|p2|Blissey, F|
|poke|p2|Corviknight, M|
|poke|p2|Gliscor, M|
|poke|p2|Kingambit, F|
|poke|p2|Garganacl, F|
|teampreview
|inactive|Battle timer is ON: inactive players will automatically lose when time's up. (requested by Rukia13)
|
|t:|1769355295
|teamsize|p1|6
|teamsize|p2|6
|start
|switch|p1a: Great Tusk|Great Tusk|100/100
|switch|p2a: Garganacl|Garganacl, F|100/100
|turn|1
|
|t:|1769355305
|-terastallize|p2a: Garganacl|Fairy
|move|p1a: Great Tusk|Knock Off|p2a: Garganacl
|-resisted|p2a: Garganacl
|-damage|p2a: Garganacl|92/100
|-enditem|p2a: Garganacl|Leftovers|[from] move: Knock Off|[of] p1a: Great Tusk
|move|p2a: Garganacl|Salt Cure|p1a: Great Tusk
|-resisted|p1a: Great Tusk
|-damage|p1a: Great Tusk|99/100
|-start|p1a: Great Tusk|Salt Cure
|
|-heal|p1a: Great Tusk|100/100|[from] item: Leftovers
|-damage|p1a: Great Tusk|88/100|[from] Salt Cure
|upkeep
|turn|2
|
|t:|1769355324
|move|p1a: Great Tusk|Stealth Rock|p2a: Garganacl
|-sidestart|p2: aver_stall_enjoyer|move: Stealth Rock
|move|p2a: Garganacl|Stealth Rock|p1a: Great Tusk
|-sidestart|p1: Rukia13|move: Stealth Rock
|
|-heal|p1a: Great Tusk|94/100|[from] item: Leftovers
|-damage|p1a: Great Tusk|82/100|[from] Salt Cure
|upkeep
|turn|3
|
|t:|1769355333
|move|p2a: Garganacl|Protect|p2a: Garganacl
|-singleturn|p2a: Garganacl|Protect
|move|p1a: Great Tusk|Rapid Spin|p2a: Garganacl
|-activate|p2a: Garganacl|move: Protect
|
|-heal|p1a: Great Tusk|88/100|[from] item: Leftovers
|-damage|p1a: Great Tusk|76/100|[from] Salt Cure
|upkeep
|turn|4
|
|t:|1769355344
|move|p1a: Great Tusk|Rapid Spin|p2a: Garganacl
|-damage|p2a: Garganacl|82/100
|-boost|p1a: Great Tusk|spe|1
|-sideend|p1: Rukia13|Stealth Rock|[from] move: Rapid Spin|[of] p1a: Great Tusk
|move|p2a: Garganacl|Stealth Rock|p1a: Great Tusk
|-sidestart|p1: Rukia13|move: Stealth Rock
|
|-heal|p1a: Great Tusk|82/100|[from] item: Leftovers
|-damage|p1a: Great Tusk|69/100|[from] Salt Cure
|upkeep
|turn|5
|
|t:|1769355365
|-end|p1a: Great Tusk|Protosynthesis|[silent]
|switch|p1a: Heatran|Heatran, F, shiny|100/100
|-damage|p1a: Heatran|88/100|[from] Stealth Rock
|move|p2a: Garganacl|Stealth Rock||[still]
|-fail|p2a: Garganacl
|
|upkeep
|turn|6
|inactive|Rukia13 has 120 seconds left.
|
|t:|1769355393
|move|p1a: Heatran|Magma Storm|p2a: Garganacl
|-damage|p2a: Garganacl|27/100
|-activate|p2a: Garganacl|move: Magma Storm|[of] p1a: Heatran
|move|p2a: Garganacl|Salt Cure|p1a: Heatran
|-damage|p1a: Heatran|74/100
|-start|p1a: Heatran|Salt Cure
|
|-damage|p1a: Heatran|49/100|[from] Salt Cure
|-damage|p2a: Garganacl|15/100|[from] move: Magma Storm|[partiallytrapped]
|upkeep
|turn|7
|inactive|Rukia13 has 120 seconds left.
|
|t:|1769355420
|switch|p1a: Great Tusk|Great Tusk|69/100
|-damage|p1a: Great Tusk|66/100|[from] Stealth Rock
|move|p2a: Garganacl|Protect||[still]
|-fail|p2a: Garganacl
|
|-heal|p1a: Great Tusk|73/100|[from] item: Leftovers
|-end|p2a: Garganacl|Magma Storm|[partiallytrapped]|[silent]
|upkeep
|turn|8
|
|t:|1769355438
|move|p1a: Great Tusk|Rapid Spin|p2a: Garganacl
|-damage|p2a: Garganacl|5/100
|-boost|p1a: Great Tusk|spe|1
|-sideend|p1: Rukia13|Stealth Rock|[from] move: Rapid Spin|[of] p1a: Great Tusk
|move|p2a: Garganacl|Recover|p2a: Garganacl
|-heal|p2a: Garganacl|55/100
|
|-heal|p1a: Great Tusk|79/100|[from] item: Leftovers
|upkeep
|turn|9
|
|t:|1769355449
|move|p1a: Great Tusk|High Horsepower|p2a: Garganacl
|-damage|p2a: Garganacl|28/100
|move|p2a: Garganacl|Recover|p2a: Garganacl
|-heal|p2a: Garganacl|78/100
|
|-heal|p1a: Great Tusk|85/100|[from] item: Leftovers
|upkeep
|turn|10
|inactive|Rukia13 has 90 seconds left.
|
|t:|1769355482
|-end|p1a: Great Tusk|Protosynthesis|[silent]
|switch|p1a: Rillaboom|Rillaboom, F|100/100
|-fieldstart|move: Grassy Terrain|[from] ability: Grassy Surge|[of] p1a: Rillaboom
|move|p2a: Garganacl|Salt Cure|p1a: Rillaboom
|-damage|p1a: Rillaboom|87/100
|-start|p1a: Rillaboom|Salt Cure
|
|-heal|p1a: Rillaboom|93/100|[from] Grassy Terrain
|-heal|p2a: Garganacl|84/100|[from] Grassy Terrain
|-damage|p1a: Rillaboom|81/100|[from] Salt Cure
|upkeep
|turn|11
|j| lianklk
|
|t:|1769355504
|move|p2a: Garganacl|Protect|p2a: Garganacl
|-singleturn|p2a: Garganacl|Protect
|move|p1a: Rillaboom|Wood Hammer|p2a: Garganacl
|-activate|p2a: Garganacl|move: Protect
|
|-heal|p1a: Rillaboom|87/100|[from] Grassy Terrain
|-heal|p2a: Garganacl|90/100|[from] Grassy Terrain
|-damage|p1a: Rillaboom|75/100|[from] Salt Cure
|upkeep
|turn|12
|
|t:|1769355521
|switch|p1a: Alomomola|Alomomola, M, shiny|100/100
|switch|p2a: Corviknight|Corviknight, M|100/100
|-damage|p2a: Corviknight|88/100|[from] Stealth Rock
|-ability|p2a: Corviknight|Pressure
|
|upkeep
|turn|13
|
|t:|1769355530
|move|p2a: Corviknight|Defog|p1a: Alomomola
|-unboost|p1a: Alomomola|evasion|1
|-sideend|p2: aver_stall_enjoyer|Stealth Rock|[from] move: Defog|[of] p2a: Corviknight
|-fieldend|move: Grassy Terrain
|move|p1a: Alomomola|Wish|p1a: Alomomola
|
|upkeep
|turn|14
|
|t:|1769355540
|move|p2a: Corviknight|Body Press|p1a: Alomomola
|-damage|p1a: Alomomola|88/100
|-damage|p2a: Corviknight|71/100|[from] item: Rocky Helmet|[of] p1a: Alomomola
|move|p1a: Alomomola|Flip Turn|p2a: Corviknight
|-damage|p2a: Corviknight|62/100
|-damage|p1a: Alomomola|71/100|[from] item: Rocky Helmet|[of] p2a: Corviknight
|
|t:|1769355549
|switch|p1a: Heatran|Heatran, F, shiny|49/100|[from] Flip Turn
|
|-heal|p1a: Heatran|100/100|[from] move: Wish|[wisher] Alomomola
|upkeep
|turn|15
|
|t:|1769355566
|switch|p1a: Rillaboom|Rillaboom, F|75/100
|-fieldstart|move: Grassy Terrain|[from] ability: Grassy Surge|[of] p1a: Rillaboom
|switch|p2a: Joseph Stallin|Blissey, F|100/100
|
|-heal|p1a: Rillaboom|81/100|[from] Grassy Terrain
|upkeep
|turn|16
|
|t:|1769355589
|switch|p2a: Corviknight|Corviknight, M|62/100
|-ability|p2a: Corviknight|Pressure
|move|p1a: Rillaboom|Wood Hammer|p2a: Corviknight
|-resisted|p2a: Corviknight
|-damage|p2a: Corviknight|43/100
|-damage|p1a: Rillaboom|64/100|[from] item: Rocky Helmet|[of] p2a: Corviknight
|-damage|p1a: Rillaboom|58/100|[from] Recoil
|
|-heal|p1a: Rillaboom|64/100|[from] Grassy Terrain
|upkeep
|turn|17
|inactive|Rukia13 has 60 seconds left.
|
|t:|1769355611
|switch|p1a: Alomomola|Alomomola, M, shiny|100/100
|move|p2a: Corviknight|Roost|p2a: Corviknight
|-heal|p2a: Corviknight|93/100
|-singleturn|p2a: Corviknight|move: Roost
|
|-heal|p2a: Corviknight|99/100|[from] Grassy Terrain
|upkeep
|turn|18
|inactive|Rukia13 has 60 seconds left.
|
|t:|1769355624
|switch|p2a: Garganacl|Garganacl, F, tera:Fairy|90/100
|move|p1a: Alomomola|Wish|p1a: Alomomola
|
|-heal|p2a: Garganacl|96/100|[from] Grassy Terrain
|upkeep
|turn|19
|inactive|Rukia13 has 60 seconds left.
|
|t:|1769355634
|move|p1a: Alomomola|Flip Turn|p2a: Garganacl
|-damage|p2a: Garganacl|85/100
|inactive|Rukia13 has 60 seconds left.
|
|t:|1769355640
|switch|p1a: Rillaboom|Rillaboom, F|64/100|[from] Flip Turn
|move|p2a: Garganacl|Salt Cure|p1a: Rillaboom
|-damage|p1a: Rillaboom|52/100
|-start|p1a: Rillaboom|Salt Cure
|
|-heal|p1a: Rillaboom|100/100|[from] move: Wish|[wisher] Alomomola
|-heal|p2a: Garganacl|91/100|[from] Grassy Terrain
|-damage|p1a: Rillaboom|88/100|[from] Salt Cure
|-fieldend|move: Grassy Terrain
|upkeep
|turn|20
|inactive|Rukia13 has 60 seconds left.
|
|t:|1769355654
|move|p1a: Rillaboom|U-turn|p2a: Garganacl
|-resisted|p2a: Garganacl
|-damage|p2a: Garganacl|79/100
|
|t:|1769355657
|switch|p1a: Alomomola|Alomomola, M, shiny|100/100|[from] U-turn
|move|p2a: Garganacl|Stealth Rock|p1a: Alomomola
|-sidestart|p1: Rukia13|move: Stealth Rock
|
|upkeep
|turn|21
|
|t:|1769355666
|move|p1a: Alomomola|Wish|p1a: Alomomola
|move|p2a: Garganacl|Salt Cure|p1a: Alomomola
|-damage|p1a: Alomomola|94/100
|-start|p1a: Alomomola|Salt Cure
|
|-damage|p1a: Alomomola|69/100|[from] Salt Cure
|upkeep
|turn|22
|
|t:|1769355677
|switch|p1a: Great Tusk|Great Tusk|85/100
|-damage|p1a: Great Tusk|82/100|[from] Stealth Rock
|move|p2a: Garganacl|Protect||[still]
|-fail|p2a: Garganacl
|
|-heal|p1a: Great Tusk|100/100|[from] move: Wish|[wisher] Alomomola
|upkeep
|turn|23
|
|t:|1769355688
|move|p1a: Great Tusk|Rapid Spin|p2a: Garganacl
|-damage|p2a: Garganacl|70/100
|-boost|p1a: Great Tusk|spe|1
|-sideend|p1: Rukia13|Stealth Rock|[from] move: Rapid Spin|[of] p1a: Great Tusk
|move|p2a: Garganacl|Salt Cure|p1a: Great Tusk
|-resisted|p1a: Great Tusk
|-damage|p1a: Great Tusk|99/100
|-start|p1a: Great Tusk|Salt Cure
|
|-heal|p1a: Great Tusk|100/100|[from] item: Leftovers
|-damage|p1a: Great Tusk|88/100|[from] Salt Cure
|upkeep
|turn|24
|
|t:|1769355704
|move|p1a: Great Tusk|Stealth Rock|p2a: Garganacl
|-sidestart|p2: aver_stall_enjoyer|move: Stealth Rock
|move|p2a: Garganacl|Recover|p2a: Garganacl
|-heal|p2a: Garganacl|100/100
|
|-heal|p1a: Great Tusk|94/100|[from] item: Leftovers
|-damage|p1a: Great Tusk|82/100|[from] Salt Cure
|upkeep
|turn|25
|inactive|Rukia13 has 60 seconds left.
|inactive|aver_stall_enjoyer has 120 seconds left.
|
|t:|1769355751
|-end|p1a: Great Tusk|Protosynthesis|[silent]
|switch|p1a: Alomomola|Alomomola, M, shiny|100/100
|move|p2a: Garganacl|Stealth Rock|p1a: Alomomola
|-sidestart|p1: Rukia13|move: Stealth Rock
|
|upkeep
|turn|26
|inactive|Rukia13 has 60 seconds left.
|
|t:|1769355770
|move|p1a: Alomomola|Wish|p1a: Alomomola
|move|p2a: Garganacl|Salt Cure|p1a: Alomomola
|-damage|p1a: Alomomola|93/100
|-start|p1a: Alomomola|Salt Cure
|
|-damage|p1a: Alomomola|68/100|[from] Salt Cure
|upkeep
|turn|27
|inactive|Rukia13 has 60 seconds left.
|inactive|aver_stall_enjoyer has 120 seconds left.
|
|t:|1769355781
|switch|p1a: Heatran|Heatran, F, shiny|100/100
|-damage|p1a: Heatran|88/100|[from] Stealth Rock
|move|p2a: Garganacl|Salt Cure|p1a: Heatran
|-damage|p1a: Heatran|74/100
|-start|p1a: Heatran|Salt Cure
|
|-heal|p1a: Heatran|100/100|[from] move: Wish|[wisher] Alomomola
|-damage|p1a: Heatran|75/100|[from] Salt Cure
|upkeep
|turn|28
|l| lianklk
|inactive|Rukia13 has 60 seconds left.
|inactive|aver_stall_enjoyer has 120 seconds left.
|
|t:|1769355807
|switch|p1a: Great Tusk|Great Tusk|82/100
|-damage|p1a: Great Tusk|79/100|[from] Stealth Rock
|switch|p2a: Gliscor|Gliscor, M|100/100
|-damage|p2a: Gliscor|88/100|[from] Stealth Rock
|
|-heal|p1a: Great Tusk|85/100|[from] item: Leftovers
|-status|p2a: Gliscor|tox|[from] item: Toxic Orb
|upkeep
|turn|29
|inactive|aver_stall_enjoyer has 120 seconds left.
|
|t:|1769355824
|move|p2a: Gliscor|Knock Off|p1a: Great Tusk
|-resisted|p1a: Great Tusk
|-damage|p1a: Great Tusk|80/100
|-enditem|p1a: Great Tusk|Leftovers|[from] move: Knock Off|[of] p2a: Gliscor
|move|p1a: Great Tusk|Rapid Spin|p2a: Gliscor
|-damage|p2a: Gliscor|77/100 tox
|-boost|p1a: Great Tusk|spe|1
|-sideend|p1: Rukia13|Stealth Rock|[from] move: Rapid Spin|[of] p1a: Great Tusk
|
|-heal|p2a: Gliscor|89/100 tox|[from] ability: Poison Heal
|upkeep
|turn|30
|
|t:|1769355837
|move|p1a: Great Tusk|Stealth Rock||[still]
|-fail|p1a: Great Tusk
|move|p2a: Gliscor|Spikes|p1a: Great Tusk
|-sidestart|p1: Rukia13|Spikes
|
|-heal|p2a: Gliscor|100/100 tox|[from] ability: Poison Heal
|upkeep
|turn|31
|
|t:|1769355850
|-end|p1a: Great Tusk|Protosynthesis|[silent]
|switch|p1a: Alomomola|Alomomola, M, shiny|100/100
|-damage|p1a: Alomomola|88/100|[from] Spikes
|move|p2a: Gliscor|Earthquake|p1a: Alomomola
|-damage|p1a: Alomomola|69/100
|
|upkeep
|turn|32
|
|t:|1769355859
|move|p2a: Gliscor|Spikes|p1a: Alomomola
|-sidestart|p1: Rukia13|Spikes
|move|p1a: Alomomola|Wish|p1a: Alomomola
|
|upkeep
|turn|33
|
|t:|1769355865
|move|p2a: Gliscor|Protect|p2a: Gliscor
|-singleturn|p2a: Gliscor|Protect
|move|p1a: Alomomola|Scald|p2a: Gliscor
|-activate|p2a: Gliscor|move: Protect
|
|-heal|p1a: Alomomola|100/100|[from] move: Wish|[wisher] Alomomola
|upkeep
|turn|34
|inactive|Rukia13 has 60 seconds left.
|
|t:|1769355874
|move|p2a: Gliscor|Spikes|p1a: Alomomola
|-sidestart|p1: Rukia13|Spikes
|move|p1a: Alomomola|Flip Turn|p2a: Gliscor
|-supereffective|p2a: Gliscor
|-damage|p2a: Gliscor|75/100 tox
|inactive|Rukia13 has 60 seconds left.
|
|t:|1769355881
|switch|p1a: Great Tusk|Great Tusk|80/100|[from] Flip Turn
|-damage|p1a: Great Tusk|55/100|[from] Spikes
|
|-heal|p2a: Gliscor|87/100 tox|[from] ability: Poison Heal
|upkeep
|turn|35
|
|t:|1769355891
|move|p2a: Gliscor|Earthquake|p1a: Great Tusk
|-damage|p1a: Great Tusk|40/100
|move|p1a: Great Tusk|Rapid Spin|p2a: Gliscor
|-damage|p2a: Gliscor|75/100 tox
|-boost|p1a: Great Tusk|spe|1
|-sideend|p1: Rukia13|Spikes|[from] move: Rapid Spin|[of] p1a: Great Tusk
|
|-heal|p2a: Gliscor|87/100 tox|[from] ability: Poison Heal
|upkeep
|turn|36
|
|t:|1769355903
|-end|p1a: Great Tusk|Protosynthesis|[silent]
|switch|p1a: Alomomola|Alomomola, M, shiny|100/100
|move|p2a: Gliscor|Spikes|p1a: Alomomola
|-sidestart|p1: Rukia13|Spikes
|
|-heal|p2a: Gliscor|99/100 tox|[from] ability: Poison Heal
|upkeep
|turn|37
|
|t:|1769355912
|move|p2a: Gliscor|Spikes|p1a: Alomomola
|-sidestart|p1: Rukia13|Spikes
|move|p1a: Alomomola|Scald|p2a: Gliscor
|-supereffective|p2a: Gliscor
|-damage|p2a: Gliscor|76/100 tox
|
|-heal|p2a: Gliscor|89/100 tox|[from] ability: Poison Heal
|upkeep
|turn|38
|
|t:|1769355922
|move|p2a: Gliscor|Spikes|p1a: Alomomola
|-sidestart|p1: Rukia13|Spikes
|move|p1a: Alomomola|Wish|p1a: Alomomola
|
|-heal|p2a: Gliscor|100/100 tox|[from] ability: Poison Heal
|upkeep
|turn|39
|
|t:|1769355931
|switch|p1a: Kyurem|Kyurem|100/100
|-damage|p1a: Kyurem|75/100|[from] Spikes
|-ability|p1a: Kyurem|Pressure
|move|p2a: Gliscor|Earthquake|p1a: Kyurem
|-damage|p1a: Kyurem|42/100
|
|-heal|p1a: Kyurem|100/100|[from] move: Wish|[wisher] Alomomola
|upkeep
|turn|40
|
|t:|1769355947
|switch|p2a: Joseph Stallin|Blissey, F|100/100
|move|p1a: Kyurem|Dragon Dance|p1a: Kyurem
|-boost|p1a: Kyurem|atk|1
|-boost|p1a: Kyurem|spe|1
|
|upkeep
|turn|41
|
|t:|1769355963
|move|p1a: Kyurem|Scale Shot|p2a: Joseph Stallin
|-damage|p2a: Joseph Stallin|80/100
|-damage|p2a: Joseph Stallin|58/100
|-damage|p2a: Joseph Stallin|40/100
|-damage|p2a: Joseph Stallin|18/100
|-damage|p2a: Joseph Stallin|0 fnt
|faint|p2a: Joseph Stallin
|-hitcount|p2: Joseph Stallin|5
|-unboost|p1a: Kyurem|def|1
|-boost|p1a: Kyurem|spe|1
|
|upkeep
|
|t:|1769355969
|switch|p2a: Garganacl|Garganacl, F, tera:Fairy|100/100
|-damage|p2a: Garganacl|88/100|[from] Stealth Rock
|turn|42
|
|t:|1769355981
|move|p1a: Kyurem|Icicle Spear|p2a: Garganacl
|-damage|p2a: Garganacl|75/100
|-damage|p2a: Garganacl|62/100
|-damage|p2a: Garganacl|50/100
|-damage|p2a: Garganacl|36/100
|-damage|p2a: Garganacl|24/100
|-hitcount|p2a: Garganacl|5
|move|p2a: Garganacl|Salt Cure|p1a: Kyurem
|-supereffective|p1a: Kyurem
|-damage|p1a: Kyurem|61/100
|-start|p1a: Kyurem|Salt Cure
|
|-damage|p1a: Kyurem|48/100|[from] Salt Cure
|upkeep
|turn|43
|
|t:|1769355997
|move|p2a: Garganacl|Protect|p2a: Garganacl
|-singleturn|p2a: Garganacl|Protect
|move|p1a: Kyurem|Dragon Dance|p1a: Kyurem
|-boost|p1a: Kyurem|atk|1
|-boost|p1a: Kyurem|spe|1
|
|-damage|p1a: Kyurem|36/100|[from] Salt Cure
|upkeep
|turn|44
|inactive|Rukia13 has 60 seconds left.
|
|t:|1769356012
|switch|p2a: Dondozo|Dondozo, F|100/100
|move|p1a: Kyurem|Tera Blast|p2a: Dondozo
|-damage|p2a: Dondozo|79/100
|
|-damage|p1a: Kyurem|23/100|[from] Salt Cure
|upkeep
|turn|45
|inactive|Rukia13 has 60 seconds left.
|
|t:|1769356025
|switch|p1a: Alomomola|Alomomola, M, shiny|100/100
|-damage|p1a: Alomomola|76/100|[from] Spikes
|move|p2a: Dondozo|Body Press|p1a: Alomomola
|-damage|p1a: Alomomola|60/100
|-damage|p2a: Dondozo|63/100|[from] item: Rocky Helmet|[of] p1a: Alomomola
|
|upkeep
|turn|46
|inactive|Rukia13 has 60 seconds left.
|
|t:|1769356036
|switch|p2a: Garganacl|Garganacl, F, tera:Fairy|24/100
|-damage|p2a: Garganacl|12/100|[from] Stealth Rock
|move|p1a: Alomomola|Wish|p1a: Alomomola
|
|upkeep
|turn|47
|
|t:|1769356043
|move|p2a: Garganacl|Protect|p2a: Garganacl
|-singleturn|p2a: Garganacl|Protect
|move|p1a: Alomomola|Scald|p2a: Garganacl
|-activate|p2a: Garganacl|move: Protect
|
|-heal|p1a: Alomomola|100/100|[from] move: Wish|[wisher] Alomomola
|upkeep
|turn|48
|
|t:|1769356053
|move|p1a: Alomomola|Scald|p2a: Garganacl
|-damage|p2a: Garganacl|2/100
|move|p2a: Garganacl|Recover|p2a: Garganacl
|-heal|p2a: Garganacl|52/100
|
|upkeep
|turn|49
|
|t:|1769356061
|move|p1a: Alomomola|Wish|p1a: Alomomola
|move|p2a: Garganacl|Recover|p2a: Garganacl
|-heal|p2a: Garganacl|100/100
|
|upkeep
|turn|50
|
|t:|1769356084
|move|p1a: Alomomola|Flip Turn|p2a: Garganacl
|-damage|p2a: Garganacl|90/100
|
|t:|1769356088
|switch|p1a: Great Tusk|Great Tusk|40/100|[from] Flip Turn
|-damage|p1a: Great Tusk|15/100|[from] Spikes
|move|p2a: Garganacl|Salt Cure|p1a: Great Tusk
|-resisted|p1a: Great Tusk
|-damage|p1a: Great Tusk|14/100
|-start|p1a: Great Tusk|Salt Cure
|
|-heal|p1a: Great Tusk|75/100|[from] move: Wish|[wisher] Alomomola
|-damage|p1a: Great Tusk|63/100|[from] Salt Cure
|upkeep
|turn|51
|
|t:|1769356106
|move|p2a: Garganacl|Protect|p2a: Garganacl
|-singleturn|p2a: Garganacl|Protect
|move|p1a: Great Tusk|Rapid Spin|p2a: Garganacl
|-activate|p2a: Garganacl|move: Protect
|
|-damage|p1a: Great Tusk|50/100|[from] Salt Cure
|upkeep
|turn|52
|
|t:|1769356115
|move|p1a: Great Tusk|Rapid Spin|p2a: Garganacl
|-damage|p2a: Garganacl|81/100
|-boost|p1a: Great Tusk|spe|1
|-sideend|p1: Rukia13|Spikes|[from] move: Rapid Spin|[of] p1a: Great Tusk
|move|p2a: Garganacl|Stealth Rock|p1a: Great Tusk
|-sidestart|p1: Rukia13|move: Stealth Rock
|
|-damage|p1a: Great Tusk|38/100|[from] Salt Cure
|upkeep
|turn|53
|
|t:|1769356128
|-end|p1a: Great Tusk|Protosynthesis|[silent]
|switch|p1a: Alomomola|Alomomola, M, shiny|100/100
|-damage|p1a: Alomomola|88/100|[from] Stealth Rock
|move|p2a: Garganacl|Salt Cure|p1a: Alomomola
|-damage|p1a: Alomomola|81/100
|-start|p1a: Alomomola|Salt Cure
|
|-damage|p1a: Alomomola|56/100|[from] Salt Cure
|upkeep
|turn|54
|
|t:|1769356140
|move|p1a: Alomomola|Flip Turn|p2a: Garganacl
|-damage|p2a: Garganacl|70/100
|
|t:|1769356143
|switch|p1a: Great Tusk|Great Tusk|38/100|[from] Flip Turn
|-damage|p1a: Great Tusk|35/100|[from] Stealth Rock
|move|p2a: Garganacl|Stealth Rock||[still]
|-fail|p2a: Garganacl
|
|upkeep
|turn|55
|
|t:|1769356152
|move|p1a: Great Tusk|Rapid Spin|p2a: Garganacl
|-damage|p2a: Garganacl|61/100
|-boost|p1a: Great Tusk|spe|1
|-sideend|p1: Rukia13|Stealth Rock|[from] move: Rapid Spin|[of] p1a: Great Tusk
|move|p2a: Garganacl|Salt Cure|p1a: Great Tusk
|-resisted|p1a: Great Tusk
|-damage|p1a: Great Tusk|34/100
|-start|p1a: Great Tusk|Salt Cure
|
|-damage|p1a: Great Tusk|21/100|[from] Salt Cure
|upkeep
|turn|56
|
|t:|1769356167
|-end|p1a: Great Tusk|Protosynthesis|[silent]
|switch|p1a: Rillaboom|Rillaboom, F|88/100
|-fieldstart|move: Grassy Terrain|[from] ability: Grassy Surge|[of] p1a: Rillaboom
|move|p2a: Garganacl|Salt Cure|p1a: Rillaboom
|-damage|p1a: Rillaboom|74/100
|-start|p1a: Rillaboom|Salt Cure
|
|-heal|p1a: Rillaboom|80/100|[from] Grassy Terrain
|-heal|p2a: Garganacl|67/100|[from] Grassy Terrain
|-damage|p1a: Rillaboom|68/100|[from] Salt Cure
|upkeep
|turn|57
|
|t:|1769356180
|move|p2a: Garganacl|Protect|p2a: Garganacl
|-singleturn|p2a: Garganacl|Protect
|move|p1a: Rillaboom|U-turn|p2a: Garganacl
|-activate|p2a: Garganacl|move: Protect
|
|-heal|p1a: Rillaboom|74/100|[from] Grassy Terrain
|-heal|p2a: Garganacl|73/100|[from] Grassy Terrain
|-damage|p1a: Rillaboom|62/100|[from] Salt Cure
|upkeep
|turn|58
|
|t:|1769356190
|move|p1a: Rillaboom|U-turn|p2a: Garganacl
|-resisted|p2a: Garganacl
|-damage|p2a: Garganacl|60/100
|
|t:|1769356199
|switch|p1a: Clodsire|Clodsire, F|100/100|[from] U-turn
|move|p2a: Garganacl|Salt Cure|p1a: Clodsire
|-resisted|p1a: Clodsire
|-damage|p1a: Clodsire|92/100
|-start|p1a: Clodsire|Salt Cure
|
|-heal|p2a: Garganacl|67/100|[from] Grassy Terrain
|-heal|p1a: Clodsire|99/100|[from] Grassy Terrain
|-heal|p1a: Clodsire|100/100|[from] item: Leftovers
|-damage|p1a: Clodsire|88/100|[from] Salt Cure
|upkeep
|turn|59
|inactive|Rukia13 has 90 seconds left.
|
|t:|1769356214
|move|p2a: Garganacl|Stealth Rock|p1a: Clodsire
|-sidestart|p1: Rukia13|move: Stealth Rock
|move|p1a: Clodsire|High Horsepower|p2a: Garganacl|[miss]
|-miss|p1a: Clodsire|p2a: Garganacl
|
|-heal|p2a: Garganacl|73/100|[from] Grassy Terrain
|-heal|p1a: Clodsire|94/100|[from] Grassy Terrain
|-heal|p1a: Clodsire|100/100|[from] item: Leftovers
|-damage|p1a: Clodsire|88/100|[from] Salt Cure
|upkeep
|turn|60
|inactive|Rukia13 has 60 seconds left.
|l|☆Rukia13
|inactive|Rukia13 disconnected and has a minute to reconnect!
|player|p1|
|j|☆Rukia13
|inactive|Rukia13 reconnected and has 55 seconds left.
|player|p1|Rukia13|2|
|
|t:|1769356256
|switch|p1a: Alomomola|Alomomola, M, shiny|89/100
|-damage|p1a: Alomomola|77/100|[from] Stealth Rock
|move|p2a: Garganacl|Protect||[still]
|-fail|p2a: Garganacl
|
|-heal|p1a: Alomomola|83/100|[from] Grassy Terrain
|-heal|p2a: Garganacl|79/100|[from] Grassy Terrain
|-fieldend|move: Grassy Terrain
|upkeep
|turn|61
|
|t:|1769356267
|move|p1a: Alomomola|Protect|p1a: Alomomola
|-singleturn|p1a: Alomomola|Protect
|move|p2a: Garganacl|Salt Cure|p1a: Alomomola
|-activate|p1a: Alomomola|move: Protect
|
|upkeep
|turn|62
|
|t:|1769356275
|move|p1a: Alomomola|Wish|p1a: Alomomola
|move|p2a: Garganacl|Salt Cure|p1a: Alomomola
|-damage|p1a: Alomomola|76/100
|-start|p1a: Alomomola|Salt Cure
|
|-damage|p1a: Alomomola|51/100|[from] Salt Cure
|upkeep
|turn|63
|inactive|Rukia13 has 60 seconds left.
|
|t:|1769356285
|switch|p1a: Great Tusk|Great Tusk|21/100
|-damage|p1a: Great Tusk|18/100|[from] Stealth Rock
|move|p2a: Garganacl|Salt Cure|p1a: Great Tusk
|-resisted|p1a: Great Tusk
|-damage|p1a: Great Tusk|17/100
|-start|p1a: Great Tusk|Salt Cure
|
|-heal|p1a: Great Tusk|78/100|[from] move: Wish|[wisher] Alomomola
|-damage|p1a: Great Tusk|66/100|[from] Salt Cure
|upkeep
|turn|64
|inactive|Rukia13 has 60 seconds left.
|
|t:|1769356298
|move|p2a: Garganacl|Protect|p2a: Garganacl
|-singleturn|p2a: Garganacl|Protect
|move|p1a: Great Tusk|Rapid Spin|p2a: Garganacl
|-activate|p2a: Garganacl|move: Protect
|
|-damage|p1a: Great Tusk|53/100|[from] Salt Cure
|upkeep
|turn|65
|j| Samurajen
|inactive|Rukia13 has 60 seconds left.
|
|t:|1769356308
|move|p1a: Great Tusk|Rapid Spin|p2a: Garganacl
|-crit|p2a: Garganacl
|-damage|p2a: Garganacl|66/100
|-boost|p1a: Great Tusk|spe|1
|-sideend|p1: Rukia13|Stealth Rock|[from] move: Rapid Spin|[of] p1a: Great Tusk
|move|p2a: Garganacl|Stealth Rock|p1a: Great Tusk
|-sidestart|p1: Rukia13|move: Stealth Rock
|
|-damage|p1a: Great Tusk|41/100|[from] Salt Cure
|upkeep
|turn|66
|inactive|Rukia13 has 60 seconds left.
|
|t:|1769356328
|-end|p1a: Great Tusk|Protosynthesis|[silent]
|switch|p1a: Clodsire|Clodsire, F|88/100
|-damage|p1a: Clodsire|82/100|[from] Stealth Rock
|move|p2a: Garganacl|Recover|p2a: Garganacl
|-heal|p2a: Garganacl|100/100
|
|-heal|p1a: Clodsire|88/100|[from] item: Leftovers
|upkeep
|turn|67
|
|t:|1769356339
|switch|p2a: Gliscor|Gliscor, M|100/100 tox
|-damage|p2a: Gliscor|88/100 tox|[from] Stealth Rock
|move|p1a: Clodsire|High Horsepower|p2a: Gliscor
|-immune|p2a: Gliscor
|
|-heal|p1a: Clodsire|94/100|[from] item: Leftovers
|-heal|p2a: Gliscor|100/100 tox|[from] ability: Poison Heal
|upkeep
|turn|68
|
|t:|1769356354
|switch|p1a: Great Tusk|Great Tusk|41/100
|-damage|p1a: Great Tusk|38/100|[from] Stealth Rock
|move|p2a: Gliscor|Spikes|p1a: Great Tusk
|-sidestart|p1: Rukia13|Spikes
|
|upkeep
|turn|69
|
|t:|1769356361
|move|p2a: Gliscor|Earthquake|p1a: Great Tusk
|-damage|p1a: Great Tusk|22/100
|move|p1a: Great Tusk|Rapid Spin|p2a: Gliscor
|-damage|p2a: Gliscor|89/100 tox
|-boost|p1a: Great Tusk|spe|1
|-sideend|p1: Rukia13|Spikes|[from] move: Rapid Spin|[of] p1a: Great Tusk
|-sideend|p1: Rukia13|Stealth Rock|[from] move: Rapid Spin|[of] p1a: Great Tusk
|
|-heal|p2a: Gliscor|100/100 tox|[from] ability: Poison Heal
|upkeep
|turn|70
|inactive|Rukia13 has 60 seconds left.
|
|t:|1769356377
|-end|p1a: Great Tusk|Protosynthesis|[silent]
|switch|p1a: Alomomola|Alomomola, M, shiny|84/100
|move|p2a: Gliscor|Spikes|p1a: Alomomola
|-sidestart|p1: Rukia13|Spikes
|
|upkeep
|turn|71
|
|t:|1769356384
|move|p2a: Gliscor|Spikes|p1a: Alomomola
|-sidestart|p1: Rukia13|Spikes
|move|p1a: Alomomola|Wish|p1a: Alomomola
|
|upkeep
|turn|72
|inactive|Rukia13 has 60 seconds left.
|
|t:|1769356408
|move|p2a: Gliscor|Spikes|p1a: Alomomola
|-sidestart|p1: Rukia13|Spikes
|move|p1a: Alomomola|Flip Turn|p2a: Gliscor
|-supereffective|p2a: Gliscor
|-damage|p2a: Gliscor|75/100 tox
|
|t:|1769356414
|switch|p1a: Great Tusk|Great Tusk|22/100|[from] Flip Turn
|-damage|p1a: Great Tusk|0 fnt|[from] Spikes
|faint|p1a: Great Tusk
|-end|p1a: Great Tusk|Protosynthesis|[silent]
|
|-heal|p2a: Gliscor|87/100 tox|[from] ability: Poison Heal
|upkeep
|
|t:|1769356424
|switch|p1a: Alomomola|Alomomola, M, shiny|100/100
|-damage|p1a: Alomomola|76/100|[from] Spikes
|turn|73
|
|t:|1769356429
|switch|p2a: Garganacl|Garganacl, F, tera:Fairy|100/100
|-damage|p2a: Garganacl|88/100|[from] Stealth Rock
|move|p1a: Alomomola|Wish|p1a: Alomomola
|
|upkeep
|turn|74
|
|t:|1769356439
|move|p1a: Alomomola|Flip Turn|p2a: Garganacl
|-damage|p2a: Garganacl|78/100
|
|t:|1769356454
|switch|p1a: Rillaboom|Rillaboom, F|62/100|[from] Flip Turn
|-damage|p1a: Rillaboom|37/100|[from] Spikes
|-fieldstart|move: Grassy Terrain|[from] ability: Grassy Surge|[of] p1a: Rillaboom
|move|p2a: Garganacl|Stealth Rock|p1a: Rillaboom
|-sidestart|p1: Rukia13|move: Stealth Rock
|
|-heal|p1a: Rillaboom|100/100|[from] move: Wish|[wisher] Alomomola
|-heal|p2a: Garganacl|84/100|[from] Grassy Terrain
|upkeep
|turn|75
|inactive|Rukia13 has 30 seconds left.
|inactive|Rukia13 has 20 seconds left.
|inactive|Rukia13 has 15 seconds left.
|inactive|Rukia13 has 10 seconds left.
|inactive|Rukia13 has 5 seconds left.
|
|t:|1769356509
|switch|p1a: Alomomola|Alomomola, M, shiny|100/100
|-damage|p1a: Alomomola|76/100|[from] Spikes
|-damage|p1a: Alomomola|63/100|[from] Stealth Rock
|move|p2a: Garganacl|Protect||[still]
|-fail|p2a: Garganacl
|
|-heal|p1a: Alomomola|69/100|[from] Grassy Terrain
|-heal|p2a: Garganacl|91/100|[from] Grassy Terrain
|upkeep
|turn|76
|inactive|Rukia13 has 15 seconds left this turn.
|inactive|Rukia13 has 10 seconds left.
|inactive|Rukia13 has 5 seconds left.
|
|t:|1769356519
|move|p1a: Alomomola|Protect|p1a: Alomomola
|-singleturn|p1a: Alomomola|Protect
|move|p2a: Garganacl|Salt Cure|p1a: Alomomola
|-activate|p1a: Alomomola|move: Protect
|
|-heal|p1a: Alomomola|76/100|[from] Grassy Terrain
|-heal|p2a: Garganacl|97/100|[from] Grassy Terrain
|upkeep
|turn|77
|inactive|Rukia13 has 15 seconds left this turn.
|
|t:|1769356523
|move|p1a: Alomomola|Wish|p1a: Alomomola
|move|p2a: Garganacl|Salt Cure|p1a: Alomomola
|-damage|p1a: Alomomola|69/100
|-start|p1a: Alomomola|Salt Cure
|
|-heal|p1a: Alomomola|75/100|[from] Grassy Terrain
|-heal|p2a: Garganacl|100/100|[from] Grassy Terrain
|-damage|p1a: Alomomola|50/100|[from] Salt Cure
|upkeep
|turn|78
|inactive|Rukia13 has 25 seconds left this turn.
|inactive|Rukia13 has 20 seconds left.
|
|t:|1769356535
|move|p1a: Alomomola|Protect|p1a: Alomomola
|-singleturn|p1a: Alomomola|Protect
|move|p2a: Garganacl|Salt Cure|p1a: Alomomola
|-activate|p1a: Alomomola|move: Protect
|
|-heal|p1a: Alomomola|99/100|[from] move: Wish|[wisher] Alomomola
|-heal|p1a: Alomomola|100/100|[from] Grassy Terrain
|-damage|p1a: Alomomola|76/100|[from] Salt Cure
|-fieldend|move: Grassy Terrain
|upkeep
|turn|79
|inactive|Rukia13 has 30 seconds left this turn.
|
|t:|1769356543
|switch|p2a: Gliscor|Gliscor, M|87/100 tox
|-damage|p2a: Gliscor|75/100 tox|[from] Stealth Rock
|move|p1a: Alomomola|Wish|p1a: Alomomola
|
|-heal|p2a: Gliscor|87/100 tox|[from] ability: Poison Heal
|-damage|p1a: Alomomola|51/100|[from] Salt Cure
|upkeep
|turn|80
|inactive|Rukia13 has 30 seconds left.
|
|t:|1769356555
|switch|p1a: Rillaboom|Rillaboom, F|100/100
|-damage|p1a: Rillaboom|75/100|[from] Spikes
|-damage|p1a: Rillaboom|63/100|[from] Stealth Rock
|-fieldstart|move: Grassy Terrain|[from] ability: Grassy Surge|[of] p1a: Rillaboom
|move|p2a: Gliscor|Earthquake|p1a: Rillaboom
|-resisted|p1a: Rillaboom
|-damage|p1a: Rillaboom|56/100
|
|-heal|p1a: Rillaboom|100/100|[from] move: Wish|[wisher] Alomomola
|-heal|p2a: Gliscor|99/100 tox|[from] ability: Poison Heal
|upkeep
|turn|81
|inactive|Rukia13 has 30 seconds left.
|
|t:|1769356568
|move|p2a: Gliscor|Protect|p2a: Gliscor
|-singleturn|p2a: Gliscor|Protect
|move|p1a: Rillaboom|Wood Hammer|p2a: Gliscor
|-activate|p2a: Gliscor|move: Protect
|
|-heal|p2a: Gliscor|100/100 tox|[from] ability: Poison Heal
|upkeep
|turn|82
|
|t:|1769356574
|switch|p2a: Corviknight|Corviknight, M|99/100
|-damage|p2a: Corviknight|87/100|[from] Stealth Rock
|-ability|p2a: Corviknight|Pressure
|switch|p1a: Kyurem|Kyurem|23/100
|-damage|p1a: Kyurem|0 fnt|[from] Spikes
|faint|p1a: Kyurem
|
|upkeep
|
|t:|1769356579
|switch|p1a: Heatran|Heatran, F, shiny|75/100
|-damage|p1a: Heatran|50/100|[from] Spikes
|-damage|p1a: Heatran|38/100|[from] Stealth Rock
|turn|83
|
|t:|1769356592
|switch|p2a: Garganacl|Garganacl, F, tera:Fairy|100/100
|-damage|p2a: Garganacl|88/100|[from] Stealth Rock
|move|p1a: Heatran|Magma Storm|p2a: Garganacl|[miss]
|-miss|p1a: Heatran|p2a: Garganacl
|
|-heal|p1a: Heatran|44/100|[from] Grassy Terrain
|-heal|p2a: Garganacl|94/100|[from] Grassy Terrain
|upkeep
|turn|84
|c|☆aver_stall_enjoyer|rough
|
|t:|1769356603
|move|p1a: Heatran|Magma Storm|p2a: Garganacl
|-damage|p2a: Garganacl|38/100
|-activate|p2a: Garganacl|move: Magma Storm|[of] p1a: Heatran
|move|p2a: Garganacl|Salt Cure|p1a: Heatran
|-damage|p1a: Heatran|31/100
|-start|p1a: Heatran|Salt Cure
|
|-heal|p1a: Heatran|38/100|[from] Grassy Terrain
|-heal|p2a: Garganacl|44/100|[from] Grassy Terrain
|-damage|p1a: Heatran|13/100|[from] Salt Cure
|-damage|p2a: Garganacl|32/100|[from] move: Magma Storm|[partiallytrapped]
|-fieldend|move: Grassy Terrain
|upkeep
|turn|85
|
|t:|1769356607
|move|p2a: Garganacl|Protect|p2a: Garganacl
|-singleturn|p2a: Garganacl|Protect
|move|p1a: Heatran|Magma Storm|p2a: Garganacl
|-activate|p2a: Garganacl|move: Protect
|
|-damage|p1a: Heatran|0 fnt|[from] Salt Cure
|faint|p1a: Heatran
|-end|p2a: Garganacl|Magma Storm|[partiallytrapped]|[silent]
|upkeep
|j| LOTRsucks
|
|t:|1769356611
|switch|p1a: Rillaboom|Rillaboom, F|100/100
|-damage|p1a: Rillaboom|75/100|[from] Spikes
|-damage|p1a: Rillaboom|63/100|[from] Stealth Rock
|-fieldstart|move: Grassy Terrain|[from] ability: Grassy Surge|[of] p1a: Rillaboom
|turn|86
|
|t:|1769356622
|switch|p2a: Corviknight|Corviknight, M|87/100
|-damage|p2a: Corviknight|74/100|[from] Stealth Rock
|-ability|p2a: Corviknight|Pressure
|move|p1a: Rillaboom|Grassy Glide|p2a: Corviknight
|-resisted|p2a: Corviknight
|-damage|p2a: Corviknight|65/100
|-damage|p1a: Rillaboom|47/100|[from] item: Rocky Helmet|[of] p2a: Corviknight
|
|-heal|p1a: Rillaboom|53/100|[from] Grassy Terrain
|upkeep
|turn|87
|
|t:|1769356626
|move|p1a: Rillaboom|Grassy Glide|p2a: Corviknight
|-resisted|p2a: Corviknight
|-damage|p2a: Corviknight|56/100
|-damage|p1a: Rillaboom|36/100|[from] item: Rocky Helmet|[of] p2a: Corviknight
|move|p2a: Corviknight|Roost|p2a: Corviknight
|-heal|p2a: Corviknight|100/100
|-singleturn|p2a: Corviknight|move: Roost
|
|-heal|p1a: Rillaboom|42/100|[from] Grassy Terrain
|upkeep
|turn|88
|
|t:|1769356631
|move|p1a: Rillaboom|Grassy Glide|p2a: Corviknight
|-resisted|p2a: Corviknight
|-damage|p2a: Corviknight|91/100
|-damage|p1a: Rillaboom|26/100|[from] item: Rocky Helmet|[of] p2a: Corviknight
|move|p2a: Corviknight|Iron Defense|p2a: Corviknight
|-boost|p2a: Corviknight|def|2
|
|-heal|p1a: Rillaboom|32/100|[from] Grassy Terrain
|upkeep
|turn|89
|
|t:|1769356634
|move|p1a: Rillaboom|Grassy Glide|p2a: Corviknight
|-resisted|p2a: Corviknight
|-damage|p2a: Corviknight|87/100
|-damage|p1a: Rillaboom|15/100|[from] item: Rocky Helmet|[of] p2a: Corviknight
|move|p2a: Corviknight|Iron Defense|p2a: Corviknight
|-boost|p2a: Corviknight|def|2
|
|-heal|p1a: Rillaboom|22/100|[from] Grassy Terrain
|upkeep
|turn|90
|
|t:|1769356635
|move|p1a: Rillaboom|Grassy Glide|p2a: Corviknight
|-resisted|p2a: Corviknight
|-damage|p2a: Corviknight|84/100
|-damage|p1a: Rillaboom|5/100|[from] item: Rocky Helmet|[of] p2a: Corviknight
|move|p2a: Corviknight|Iron Defense|p2a: Corviknight
|-boost|p2a: Corviknight|def|2
|
|-heal|p1a: Rillaboom|11/100|[from] Grassy Terrain
|-fieldend|move: Grassy Terrain
|upkeep
|turn|91
|
|t:|1769356638
|move|p1a: Rillaboom|Grassy Glide|p2a: Corviknight
|-resisted|p2a: Corviknight
|-damage|p2a: Corviknight|83/100
|-damage|p1a: Rillaboom|0 fnt|[from] item: Rocky Helmet|[of] p2a: Corviknight
|faint|p1a: Rillaboom
|move|p2a: Corviknight|Body Press|p1: Rillaboom|[notarget]
|-fail|p2a: Corviknight
|
|upkeep
|l| LOTRsucks
|-message|Rukia13 forfeited.
|
|win|aver_stall_enjoyer
|raw|Rukia13's rating: 1679 &rarr; <strong>1658</strong><br />(-21 for losing)
|raw|aver_stall_enjoyer's rating: 1655 &rarr; <strong>1676</strong><br />(+21 for winning)
|l|☆Rukia13
|player|p1|
|l|☆aver_stall_enjoyer
|player|p2|
