|j|☆ridlostar
|j|☆abgodc
|t:|1769310316
|gametype|singles
|player|p1|ridlostar|hilbert|1720
|player|p2|abgodc|101|1720
|gen|9
|tier|[Gen 9] OU
|rated|
|rule|HP Percentage Mod: HP is shown in percentages
|rule|Endless Battle Clause: Forcing endless battles is banned
|rule|Species Clause: Limit one of each Pokémon
|rule|OHKO Clause: OHKO moves are banned
|rule|Evasion Items Clause: Evasion items are banned
|rule|Evasion Moves Clause: Evasion moves are banned
|rule|Evasion Abilities Clause: Evasion abilities are banned
|rule|Sleep Moves Clause: Sleep-inducing moves are banned
|clearpoke
|poke|p1|Toedscruel, M|
|poke|p1|Darkrai|
|poke|p1|Cresselia, F|
|poke|p1|Clodsire, M|
|poke|p1|Dragonite, M|
|poke|p1|Alomomola, F|
|poke|p2|Pecharunt|
|poke|p2|Kingambit, F|
|poke|p2|Volcanion|
|poke|p2|Iron Valiant|
|poke|p2|Landorus-Therian, M|
|poke|p2|Deoxys-Speed|
|teampreview
|inactive|Battle timer is ON: inactive players will automatically lose when time's up. (requested by abgodc)
|j| randobandoditotito
|inactive|abgodc has 120 seconds left.
|j| firecharmander004
|l| firecharmander004
|inactive|abgodc has 90 seconds left.
|inactive|abgodc has 60 seconds left.
|
|t:|1769310425
|teamsize|p1|6
|teamsize|p2|6
|start
|switch|p1a: why|Cresselia, F, shiny|100/100
|switch|p2a: Landorus|Landorus-Therian, M|100/100
|-ability|p2a: Landorus|Intimidate|boost
|-unboost|p1a: why|atk|1
|turn|1
|
|t:|1769310429
|move|p2a: Landorus|Taunt|p1a: why
|-start|p1a: why|move: Taunt
|cant|p1a: why|move: Taunt|Calm Mind
|
|upkeep
|turn|2
|
|t:|1769310437
|switch|p1a: Big Man|Clodsire, M|100/100
|move|p2a: Landorus|Stealth Rock|p1a: Big Man
|-sidestart|p1: ridlostar|move: Stealth Rock
|
|upkeep
|turn|3
|
|t:|1769310442
|switch|p1a: Fair and Balanced|Alomomola, F|100/100
|move|p2a: Landorus|Taunt|p1a: Fair and Balanced
|-start|p1a: Fair and Balanced|move: Taunt
|
|upkeep
|turn|4
|
|t:|1769310458
|switch|p1a: Big Man|Clodsire, M|100/100
|-damage|p1a: Big Man|94/100|[from] Stealth Rock
|move|p2a: Landorus|U-turn|p1a: Big Man
|-resisted|p1a: Big Man
|-crit|p1a: Big Man
|-damage|p1a: Big Man|82/100
|inactive|abgodc has 120 seconds left.
|
|t:|1769310486
|switch|p2a: Volcanion|Volcanion|100/100|[from] U-turn
|
|-heal|p1a: Big Man|88/100|[from] item: Leftovers
|upkeep
|turn|5
|
|t:|1769310490
|move|p2a: Volcanion|Taunt|p1a: Big Man
|-start|p1a: Big Man|move: Taunt
|cant|p1a: Big Man|move: Taunt|Toxic
|
|-heal|p1a: Big Man|94/100|[from] item: Leftovers
|upkeep
|turn|6
|
|t:|1769310496
|switch|p1a: Fair and Balanced|Alomomola, F|100/100
|move|p2a: Volcanion|Will-O-Wisp|p1a: Fair and Balanced
|-status|p1a: Fair and Balanced|brn
|
|-damage|p1a: Fair and Balanced|94/100 brn|[from] brn
|upkeep
|turn|7
|
|t:|1769310500
|move|p2a: Volcanion|Taunt|p1a: Fair and Balanced
|-start|p1a: Fair and Balanced|move: Taunt
|cant|p1a: Fair and Balanced|move: Taunt|Wish
|
|-damage|p1a: Fair and Balanced|88/100 brn|[from] brn
|upkeep
|turn|8
|
|t:|1769310510
|switch|p2a: Landorus|Landorus-Therian, M|100/100
|-ability|p2a: Landorus|Intimidate|boost
|-unboost|p1a: Fair and Balanced|atk|1
|switch|p1a: why|Cresselia, F, shiny|100/100
|-damage|p1a: why|88/100|[from] Stealth Rock
|
|-heal|p1a: why|94/100|[from] item: Leftovers
|upkeep
|turn|9
|
|t:|1769310519
|switch|p1a: Keanu Reeves|Darkrai|100/100
|-damage|p1a: Keanu Reeves|88/100|[from] Stealth Rock
|move|p2a: Landorus|U-turn|p1a: Keanu Reeves
|-supereffective|p1a: Keanu Reeves
|-enditem|p1a: Keanu Reeves|Tanga Berry|[eat]
|-enditem|p1a: Keanu Reeves|Tanga Berry|[weaken]
|-damage|p1a: Keanu Reeves|58/100
|
|t:|1769310523
|switch|p2a: Deoxys|Deoxys-Speed|100/100|[from] U-turn
|-ability|p2a: Deoxys|Pressure
|
|upkeep
|turn|10
|
|t:|1769310527
|move|p2a: Deoxys|Superpower|p1a: Keanu Reeves
|-supereffective|p1a: Keanu Reeves
|-damage|p1a: Keanu Reeves|0 fnt
|-unboost|p2a: Deoxys|atk|1
|-unboost|p2a: Deoxys|def|1
|faint|p1a: Keanu Reeves
|-enditem|p2a: Deoxys|Eject Pack
|
|t:|1769310533
|switch|p2a: Landorus|Landorus-Therian, M|100/100
|
|upkeep
|
|t:|1769310540
|switch|p1a: Squidward?|Toedscruel, M|100/100
|turn|11
|
|t:|1769310544
|move|p2a: Landorus|U-turn|p1a: Squidward?
|-supereffective|p1a: Squidward?
|-damage|p1a: Squidward?|28/100
|
|t:|1769310547
|switch|p2a: Pecharunt|Pecharunt|100/100|[from] U-turn
|move|p1a: Squidward?|Rapid Spin|p2a: Pecharunt
|-immune|p2a: Pecharunt
|
|upkeep
|turn|12
|
|t:|1769310554
|move|p2a: Pecharunt|Malignant Chain|p1a: Squidward?
|-crit|p1a: Squidward?
|-damage|p1a: Squidward?|0 fnt
|faint|p1a: Squidward?
|
|upkeep
|
|t:|1769310559
|switch|p1a: why|Cresselia, F, shiny|94/100
|-damage|p1a: why|82/100|[from] Stealth Rock
|turn|13
|
|t:|1769310567
|switch|p2a: Deoxys|Deoxys-Speed|100/100
|-ability|p2a: Deoxys|Pressure
|move|p1a: why|Calm Mind|p1a: why
|-boost|p1a: why|spa|1
|-boost|p1a: why|spd|1
|
|-heal|p1a: why|88/100|[from] item: Leftovers
|upkeep
|turn|14
|
|t:|1769310573
|move|p2a: Deoxys|Knock Off|p1a: why
|-supereffective|p1a: why
|-damage|p1a: why|61/100
|-enditem|p1a: why|Leftovers|[from] move: Knock Off|[of] p2a: Deoxys
|move|p1a: why|Calm Mind|p1a: why
|-boost|p1a: why|spa|1
|-boost|p1a: why|spd|1
|
|upkeep
|turn|15
|inactive|abgodc has 120 seconds left.
|
|t:|1769310605
|switch|p2a: Kingambit|Kingambit, F|100/100
|move|p1a: why|Calm Mind|p1a: why
|-boost|p1a: why|spa|1
|-boost|p1a: why|spd|1
|
|upkeep
|turn|16
|
|t:|1769310610
|-terastallize|p1a: why|Poison
|move|p2a: Kingambit|Swords Dance|p2a: Kingambit
|-boost|p2a: Kingambit|atk|2
|move|p1a: why|Moonblast|p2a: Kingambit
|-damage|p2a: Kingambit|55/100
|-unboost|p2a: Kingambit|spa|1
|
|-heal|p2a: Kingambit|62/100|[from] item: Leftovers
|upkeep
|turn|17
|
|t:|1769310615
|move|p2a: Kingambit|Iron Head|p1a: why
|-damage|p1a: why|17/100
|cant|p1a: why|flinch
|
|-heal|p2a: Kingambit|68/100|[from] item: Leftovers
|upkeep
|turn|18
|
|t:|1769310619
|switch|p1a: Fair and Balanced|Alomomola, F|100/100 brn
|move|p2a: Kingambit|Iron Head|p1a: Fair and Balanced
|-resisted|p1a: Fair and Balanced
|-damage|p1a: Fair and Balanced|68/100 brn
|
|-heal|p2a: Kingambit|74/100|[from] item: Leftovers
|-damage|p1a: Fair and Balanced|62/100 brn|[from] brn
|upkeep
|turn|19
|
|t:|1769310626
|switch|p1a: Big Man|Clodsire, M|94/100
|-damage|p1a: Big Man|88/100|[from] Stealth Rock
|move|p2a: Kingambit|Swords Dance|p2a: Kingambit
|-boost|p2a: Kingambit|atk|2
|
|-heal|p2a: Kingambit|80/100|[from] item: Leftovers
|-heal|p1a: Big Man|94/100|[from] item: Leftovers
|upkeep
|turn|20
|
|t:|1769310634
|move|p2a: Kingambit|Iron Head|p1a: Big Man
|-damage|p1a: Big Man|62/100
|move|p1a: Big Man|Stockpile|p1a: Big Man
|-start|p1a: Big Man|stockpile1
|-boost|p1a: Big Man|def|1
|-boost|p1a: Big Man|spd|1
|
|-heal|p2a: Kingambit|86/100|[from] item: Leftovers
|-heal|p1a: Big Man|68/100|[from] item: Leftovers
|upkeep
|turn|21
|
|t:|1769310640
|-end|p2a: Kingambit|fallenundefined|[silent]
|switch|p2a: Iron Valiant|Iron Valiant|100/100
|-enditem|p2a: Iron Valiant|Booster Energy
|-activate|p2a: Iron Valiant|ability: Quark Drive|[fromitem]
|-start|p2a: Iron Valiant|quarkdrivespe
|move|p1a: Big Man|Toxic|p2a: Iron Valiant
|-status|p2a: Iron Valiant|tox
|
|-heal|p1a: Big Man|74/100|[from] item: Leftovers
|-damage|p2a: Iron Valiant|94/100 tox|[from] psn
|upkeep
|turn|22
|
|t:|1769310644
|move|p2a: Iron Valiant|Encore|p1a: Big Man
|-start|p1a: Big Man|Encore
|move|p1a: Big Man|Toxic|p2a: Iron Valiant
|-fail|p2a: Iron Valiant|tox
|
|-heal|p1a: Big Man|80/100|[from] item: Leftovers
|-damage|p2a: Iron Valiant|82/100 tox|[from] psn
|upkeep
|turn|23
|
|t:|1769310646
|move|p2a: Iron Valiant|Knock Off|p1a: Big Man
|-damage|p1a: Big Man|65/100
|-enditem|p1a: Big Man|Leftovers|[from] move: Knock Off|[of] p2a: Iron Valiant
|move|p1a: Big Man|Toxic|p2a: Iron Valiant
|-fail|p2a: Iron Valiant|tox
|
|-damage|p2a: Iron Valiant|63/100 tox|[from] psn
|upkeep
|turn|24
|
|t:|1769310649
|-end|p2a: Iron Valiant|Quark Drive|[silent]
|switch|p2a: Landorus|Landorus-Therian, M|100/100
|-ability|p2a: Landorus|Intimidate|boost
|-unboost|p1a: Big Man|atk|1
|move|p1a: Big Man|Toxic|p2a: Landorus
|-status|p2a: Landorus|tox
|
|-damage|p2a: Landorus|94/100 tox|[from] psn
|-end|p1a: Big Man|Encore
|upkeep
|turn|25
|
|t:|1769310652
|move|p2a: Landorus|Earthquake|p1a: Big Man
|-supereffective|p1a: Big Man
|-damage|p1a: Big Man|18/100
|move|p1a: Big Man|Recover|p1a: Big Man
|-heal|p1a: Big Man|68/100
|
|-damage|p2a: Landorus|82/100 tox|[from] psn
|upkeep
|turn|26
|
|t:|1769310656
|switch|p1a: Fair and Balanced|Alomomola, F|95/100 brn
|move|p2a: Landorus|Taunt|p1a: Fair and Balanced
|-start|p1a: Fair and Balanced|move: Taunt
|
|-damage|p2a: Landorus|64/100 tox|[from] psn
|-damage|p1a: Fair and Balanced|89/100 brn|[from] brn
|upkeep
|turn|27
|
|t:|1769310664
|switch|p1a: him|Dragonite, M|100/100
|-damage|p1a: him|76/100|[from] Stealth Rock
|move|p2a: Landorus|U-turn|p1a: him
|-resisted|p1a: him
|-damage|p1a: him|64/100
|
|t:|1769310668
|switch|p2a: Iron Valiant|Iron Valiant|63/100 tox|[from] U-turn
|
|-heal|p1a: him|70/100|[from] item: Leftovers
|-damage|p2a: Iron Valiant|57/100 tox|[from] psn
|upkeep
|turn|28
|
|t:|1769310684
|-end|p2a: Iron Valiant|Quark Drive|[silent]
|switch|p2a: Landorus|Landorus-Therian, M|64/100 tox
|-ability|p2a: Landorus|Intimidate|boost
|-unboost|p1a: him|atk|1
|switch|p1a: Fair and Balanced|Alomomola, F|100/100 brn
|
|-damage|p2a: Landorus|58/100 tox|[from] psn
|-damage|p1a: Fair and Balanced|94/100 brn|[from] brn
|upkeep
|turn|29
|
|t:|1769310688
|move|p2a: Landorus|Taunt|p1a: Fair and Balanced
|-start|p1a: Fair and Balanced|move: Taunt
|cant|p1a: Fair and Balanced|move: Taunt|Wish
|
|-damage|p2a: Landorus|46/100 tox|[from] psn
|-damage|p1a: Fair and Balanced|88/100 brn|[from] brn
|upkeep
|turn|30
|
|t:|1769310698
|switch|p1a: him|Dragonite, M|70/100
|-damage|p1a: him|45/100|[from] Stealth Rock
|move|p2a: Landorus|U-turn|p1a: him
|-resisted|p1a: him
|-damage|p1a: him|32/100
|
|t:|1769310703
|switch|p2a: Deoxys|Deoxys-Speed|100/100|[from] U-turn
|-ability|p2a: Deoxys|Pressure
|
|-heal|p1a: him|39/100|[from] item: Leftovers
|upkeep
|turn|31
|
|t:|1769310715
|move|p2a: Deoxys|Psycho Boost|p1a: him
|-damage|p1a: him|0 fnt
|-unboost|p2a: Deoxys|spa|2
|faint|p1a: him
|
|upkeep
|
|t:|1769310719
|switch|p1a: Fair and Balanced|Alomomola, F|100/100 brn
|turn|32
|
|t:|1769310724
|move|p2a: Deoxys|Knock Off|p1a: Fair and Balanced
|-damage|p1a: Fair and Balanced|81/100 brn
|-enditem|p1a: Fair and Balanced|Heavy-Duty Boots|[from] move: Knock Off|[of] p2a: Deoxys
|move|p1a: Fair and Balanced|Healing Wish|p1a: Fair and Balanced
|faint|p1a: Fair and Balanced
|
|upkeep
|
|t:|1769310727
|switch|p1a: why|Cresselia, F, shiny, tera:Poison|17/100
|-heal|p1a: why|100/100|[from] move: Healing Wish
|-damage|p1a: why|88/100|[from] Stealth Rock
|turn|33
|
|t:|1769310739
|switch|p2a: Volcanion|Volcanion|100/100
|switch|p1a: Big Man|Clodsire, M|68/100
|-damage|p1a: Big Man|62/100|[from] Stealth Rock
|
|upkeep
|turn|34
|
|t:|1769310742
|move|p2a: Volcanion|Steam Eruption|p1a: Big Man
|-supereffective|p1a: Big Man
|-damage|p1a: Big Man|0 fnt
|faint|p1a: Big Man
|
|upkeep
|
|t:|1769310744
|switch|p1a: why|Cresselia, F, shiny, tera:Poison|88/100
|-damage|p1a: why|76/100|[from] Stealth Rock
|turn|35
|
|t:|1769310748
|move|p2a: Volcanion|Taunt|p1a: why
|-start|p1a: why|move: Taunt
|move|p1a: why|Moonblast|p2a: Volcanion
|-resisted|p2a: Volcanion
|-damage|p2a: Volcanion|92/100
|
|-heal|p2a: Volcanion|98/100|[from] item: Leftovers
|upkeep
|turn|36
|-message|ridlostar forfeited.
|
|win|abgodc
|raw|ridlostar's rating: 1720 &rarr; <strong>1700</strong><br />(-20 for losing)
|raw|abgodc's rating: 1720 &rarr; <strong>1740</strong><br />(+20 for winning)
|l|☆ridlostar
|player|p1|
