|j|☆rmpemeta
|j|☆holo-lyte
|t:|1769396232
|gametype|singles
|player|p1|rmpemeta|169|1399
|player|p2|holo-lyte|clerk|1345
|gen|9
|tier|[Gen 9] OU
|rated|
|rule|HP Percentage Mod: HP is shown in percentages
|rule|Endless Battle Clause: Forcing endless battles is banned
|rule|Species Clause: Limit one of each Pokémon
|rule|OHKO Clause: OHKO moves are banned
|rule|Evasion Items Clause: Evasion items are banned
|rule|Evasion Moves Clause: Evasion moves are banned
|rule|Evasion Abilities Clause: Evasion abilities are banned
|rule|Sleep Moves Clause: Sleep-inducing moves are banned
|clearpoke
|poke|p1|Iron Treads|
|poke|p1|Raging Bolt|
|poke|p1|Lokix, M|
|poke|p1|Ogerpon-Wellspring, F|
|poke|p1|Landorus-Therian, M|
|poke|p1|Iron Valiant|
|poke|p2|Iron Jugulis|
|poke|p2|Iron Boulder|
|poke|p2|Zapdos-Galar|
|poke|p2|Articuno-Galar|
|poke|p2|Ceruledge, F|
|poke|p2|Glastrier|
|teampreview
|inactive|Battle timer is ON: inactive players will automatically lose when time's up. (requested by rmpemeta)
|
|t:|1769396257
|teamsize|p1|6
|teamsize|p2|6
|start
|switch|p1a: Iron Treads|Iron Treads|100/100
|switch|p2a: ground hornbill|Zapdos-Galar|100/100
|-enditem|p1a: Iron Treads|Booster Energy
|-activate|p1a: Iron Treads|ability: Quark Drive|[fromitem]
|-start|p1a: Iron Treads|quarkdrivespe
|turn|1
|
|t:|1769396279
|move|p1a: Iron Treads|Steel Beam|p2a: ground hornbill
|-damage|p2a: ground hornbill|50/100
|-damage|p1a: Iron Treads|50/100|[from] steelbeam
|move|p2a: ground hornbill|Thunderous Kick|p1a: Iron Treads
|-supereffective|p1a: Iron Treads
|-damage|p1a: Iron Treads|0 fnt
|faint|p1a: Iron Treads
|-end|p1a: Iron Treads|Quark Drive|[silent]
|
|upkeep
|inactive|rmpemeta has 120 seconds left.
|
|t:|1769396296
|switch|p1a: Lokix|Lokix, M|100/100
|turn|2
|inactive|rmpemeta has 120 seconds left.
|
|t:|1769396309
|-terastallize|p1a: Lokix|Bug
|move|p1a: Lokix|First Impression|p2a: ground hornbill
|-resisted|p2a: ground hornbill
|-damage|p2a: ground hornbill|2/100
|move|p2a: ground hornbill|Brave Bird|p1a: Lokix
|-supereffective|p1a: Lokix
|-damage|p1a: Lokix|0 fnt
|faint|p1a: Lokix
|-damage|p2a: ground hornbill|0 fnt|[from] Recoil
|faint|p2a: ground hornbill
|
|upkeep
|inactive|rmpemeta has 120 seconds left.
|
|t:|1769396330
|switch|p2a: ribbon|Articuno-Galar|100/100
|switch|p1a: Landorus|Landorus-Therian, M|100/100
|-ability|p1a: Landorus|Intimidate|boost
|-unboost|p2a: ribbon|atk|1
|-ability|p2a: ribbon|Competitive|boost
|-boost|p2a: ribbon|spa|2
|turn|3
|
|t:|1769396340
|move|p1a: Landorus|Stone Edge|p2a: ribbon
|-supereffective|p2a: ribbon
|-damage|p2a: ribbon|24/100
|move|p2a: ribbon|Agility|p2a: ribbon
|-boost|p2a: ribbon|spe|2
|
|upkeep
|turn|4
|
|t:|1769396367
|switch|p1a: Ogerpon|Ogerpon-Wellspring, F|100/100
|move|p2a: ribbon|Freezing Glare|p1a: Ogerpon
|-damage|p1a: Ogerpon|0 fnt
|faint|p1a: Ogerpon
|-damage|p2a: ribbon|14/100|[from] item: Life Orb
|
|upkeep
|
|t:|1769396375
|switch|p1a: Raging Bolt|Raging Bolt|100/100
|turn|5
|
|t:|1769396387
|move|p1a: Raging Bolt|Thunderclap||[still]
|-fail|p1a: Raging Bolt
|move|p2a: ribbon|Calm Mind|p2a: ribbon
|-boost|p2a: ribbon|spa|1
|-boost|p2a: ribbon|spd|1
|
|upkeep
|turn|6
|
|t:|1769396392
|move|p1a: Raging Bolt|Thunderclap||[still]
|-fail|p1a: Raging Bolt
|move|p2a: ribbon|Calm Mind|p2a: ribbon
|-boost|p2a: ribbon|spa|1
|-boost|p2a: ribbon|spd|1
|
|upkeep
|turn|7
|
|t:|1769396397
|move|p1a: Raging Bolt|Thunderclap|p2a: ribbon
|-supereffective|p2a: ribbon
|-damage|p2a: ribbon|0 fnt
|faint|p2a: ribbon
|
|upkeep
|
|t:|1769396401
|switch|p2a: on my alt|Iron Boulder|100/100
|-enditem|p2a: on my alt|Booster Energy
|-activate|p2a: on my alt|ability: Quark Drive|[fromitem]
|-start|p2a: on my alt|quarkdrivespe
|turn|8
|
|t:|1769396411
|-end|p1a: Raging Bolt|Protosynthesis|[silent]
|switch|p1a: Landorus|Landorus-Therian, M|100/100
|-ability|p1a: Landorus|Intimidate|boost
|-unboost|p2a: on my alt|atk|1
|move|p2a: on my alt|Swords Dance|p2a: on my alt
|-boost|p2a: on my alt|atk|2
|
|upkeep
|turn|9
|
|t:|1769396418
|-terastallize|p2a: on my alt|Water
|move|p2a: on my alt|Mighty Cleave|p1a: Landorus
|-damage|p1a: Landorus|18/100
|-damage|p2a: on my alt|84/100|[from] item: Rocky Helmet|[of] p1a: Landorus
|move|p1a: Landorus|Earthquake|p2a: on my alt
|-damage|p2a: on my alt|21/100
|
|upkeep
|turn|10
|
|t:|1769396428
|move|p2a: on my alt|Mighty Cleave|p1a: Landorus
|-damage|p1a: Landorus|0 fnt
|-damage|p2a: on my alt|4/100|[from] item: Rocky Helmet|[of] p1a: Landorus
|faint|p1a: Landorus
|
|upkeep
|
|t:|1769396436
|switch|p1a: Raging Bolt|Raging Bolt|100/100
|turn|11
|
|t:|1769396453
|move|p1a: Raging Bolt|Thunderclap|p2a: on my alt
|-supereffective|p2a: on my alt
|-damage|p2a: on my alt|0 fnt
|faint|p2a: on my alt
|-end|p2a: on my alt|Quark Drive|[silent]
|
|upkeep
|
|t:|1769396456
|switch|p2a: yurem away|Glastrier|100/100
|turn|12
|
|t:|1769396465
|move|p1a: Raging Bolt|Draco Meteor|p2a: yurem away
|-damage|p2a: yurem away|37/100
|-unboost|p1a: Raging Bolt|spa|2
|move|p2a: yurem away|Avalanche|p1a: Raging Bolt
|-supereffective|p1a: Raging Bolt
|-damage|p1a: Raging Bolt|0 fnt
|faint|p1a: Raging Bolt
|-end|p1a: Raging Bolt|Protosynthesis|[silent]
|-ability|p2a: yurem away|Chilling Neigh|boost
|-boost|p2a: yurem away|atk|1
|
|upkeep
|
|t:|1769396474
|switch|p1a: Iron Valiant|Iron Valiant, shiny|100/100
|-enditem|p1a: Iron Valiant|Booster Energy
|-activate|p1a: Iron Valiant|ability: Quark Drive|[fromitem]
|-start|p1a: Iron Valiant|quarkdrivespe
|turn|13
|
|t:|1769396481
|move|p1a: Iron Valiant|Aura Sphere|p2a: yurem away
|-supereffective|p2a: yurem away
|-damage|p2a: yurem away|0 fnt
|faint|p2a: yurem away
|
|upkeep
|
|t:|1769396484
|switch|p2a: Scalivur|Ceruledge, F|100/100
|turn|14
|
|t:|1769396488
|move|p1a: Iron Valiant|Thunderbolt|p2a: Scalivur
|-damage|p2a: Scalivur|65/100
|-status|p2a: Scalivur|par
|cant|p2a: Scalivur|par
|
|upkeep
|turn|15
|c|☆holo-lyte|lucky...
|
|t:|1769396517
|move|p1a: Iron Valiant|Thunderbolt|p2a: Scalivur
|-damage|p2a: Scalivur|33/100 par
|move|p2a: Scalivur|Bitter Blade|p1a: Iron Valiant
|-damage|p1a: Iron Valiant|43/100
|-heal|p2a: Scalivur|62/100 par|[from] drain|[of] p1a: Iron Valiant
|
|upkeep
|turn|16
|
|t:|1769396529
|move|p1a: Iron Valiant|Thunderbolt|p2a: Scalivur
|-damage|p2a: Scalivur|30/100 par
|move|p2a: Scalivur|Bitter Blade|p1a: Iron Valiant
|-damage|p1a: Iron Valiant|0 fnt
|-heal|p2a: Scalivur|51/100 par|[from] drain|[of] p1a: Iron Valiant
|faint|p1a: Iron Valiant
|-end|p1a: Iron Valiant|Quark Drive|[silent]
|
|win|holo-lyte
|raw|rmpemeta's rating: 1399 &rarr; <strong>1376</strong><br />(-23 for losing)
|raw|holo-lyte's rating: 1345 &rarr; <strong>1368</strong><br />(+23 for winning)
|l|☆holo-lyte
|player|p2|
