|j|☆Selemene1
|j|☆jefc
|t:|1769409507
|gametype|singles
|player|p1|Selemene1|steven|1518
|player|p2|jefc|265|1526
|gen|9
|tier|[Gen 9] OU
|rated|
|rule|HP Percentage Mod: HP is shown in percentages
|rule|Endless Battle Clause: Forcing endless battles is banned
|rule|Species Clause: Limit one of each Pokémon
|rule|OHKO Clause: OHKO moves are banned
|rule|Evasion Items Clause: Evasion items are banned
|rule|Evasion Moves Clause: Evasion moves are banned
|rule|Evasion Abilities Clause: Evasion abilities are banned
|rule|Sleep Moves Clause: Sleep-inducing moves are banned
|clearpoke
|poke|p1|Pelipper, F|
|poke|p1|Barraskewda, M|
|poke|p1|Zapdos|
|poke|p1|Corviknight, M|
|poke|p1|Clodsire, M|
|poke|p1|Incineroar, M|
|poke|p2|Zamazenta-*|
|poke|p2|Rillaboom, M|
|poke|p2|Serperior, M|
|poke|p2|Raging Bolt|
|poke|p2|Heatran, M|
|poke|p2|Great Tusk|
|teampreview
|inactive|Battle timer is ON: inactive players will automatically lose when time's up. (requested by Selemene1)
|
|t:|1769409522
|teamsize|p1|6
|teamsize|p2|6
|start
|switch|p1a: Pelipper|Pelipper, F|100/100
|switch|p2a: Raging Bolt|Raging Bolt|100/100
|-weather|RainDance|[from] ability: Drizzle|[of] p1a: Pelipper
|turn|1
|
|t:|1769409531
|-end|p2a: Raging Bolt|Protosynthesis|[silent]
|switch|p2a: Great Tusk|Great Tusk|100/100
|-enditem|p2a: Great Tusk|Booster Energy
|-activate|p2a: Great Tusk|ability: Protosynthesis|[fromitem]
|-start|p2a: Great Tusk|protosynthesisatk
|switch|p1a: Clodsire|Clodsire, M|100/100
|
|-weather|RainDance|[upkeep]
|upkeep
|turn|2
|
|t:|1769409538
|switch|p1a: Corviknight|Corviknight, M, shiny|100/100
|-ability|p1a: Corviknight|Pressure
|move|p2a: Great Tusk|Head Smash|p1a: Corviknight
|-damage|p1a: Corviknight|58/100
|-damage|p2a: Great Tusk|84/100|[from] item: Rocky Helmet|[of] p1a: Corviknight
|-damage|p2a: Great Tusk|61/100|[from] Recoil
|
|-weather|RainDance|[upkeep]
|upkeep
|turn|3
|
|t:|1769409545
|-terastallize|p2a: Great Tusk|Fighting
|move|p2a: Great Tusk|Close Combat|p1a: Corviknight
|-damage|p1a: Corviknight|0 fnt
|-unboost|p2a: Great Tusk|def|1
|-unboost|p2a: Great Tusk|spd|1
|-damage|p2a: Great Tusk|45/100|[from] item: Rocky Helmet|[of] p1a: Corviknight
|faint|p1a: Corviknight
|
|-weather|RainDance|[upkeep]
|upkeep
|
|t:|1769409551
|switch|p1a: Barraskewda|Barraskewda, M|100/100
|turn|4
|
|t:|1769409561
|-end|p2a: Great Tusk|Protosynthesis|[silent]
|switch|p2a: Rillaboom|Rillaboom, M|100/100
|-fieldstart|move: Grassy Terrain|[from] ability: Grassy Surge|[of] p2a: Rillaboom
|move|p1a: Barraskewda|Flip Turn|p2a: Rillaboom
|-resisted|p2a: Rillaboom
|-damage|p2a: Rillaboom|60/100
|
|t:|1769409564
|switch|p1a: Zapdos|Zapdos, shiny|100/100|[from] Flip Turn
|
|-weather|RainDance|[upkeep]
|-heal|p2a: Rillaboom|66/100|[from] Grassy Terrain
|upkeep
|turn|5
|
|t:|1769409570
|switch|p2a: Raging Bolt|Raging Bolt|100/100
|move|p1a: Zapdos|Hurricane|p2a: Raging Bolt
|-resisted|p2a: Raging Bolt
|-damage|p2a: Raging Bolt|79/100
|-start|p2a: Raging Bolt|confusion
|
|-weather|RainDance|[upkeep]
|-heal|p2a: Raging Bolt|85/100|[from] Grassy Terrain
|-heal|p2a: Raging Bolt|91/100|[from] item: Leftovers
|upkeep
|turn|6
|
|t:|1769409579
|move|p1a: Zapdos|Volt Switch|p2a: Raging Bolt
|-resisted|p2a: Raging Bolt
|-damage|p2a: Raging Bolt|84/100
|
|t:|1769409581
|switch|p1a: Clodsire|Clodsire, M|100/100|[from] Volt Switch
|-activate|p2a: Raging Bolt|confusion
|move|p2a: Raging Bolt|Dragon Pulse|p1a: Clodsire
|-damage|p1a: Clodsire|77/100
|
|-weather|RainDance|[upkeep]
|-heal|p2a: Raging Bolt|90/100|[from] Grassy Terrain
|-heal|p2a: Raging Bolt|96/100|[from] item: Leftovers
|-heal|p1a: Clodsire|83/100|[from] Grassy Terrain
|-heal|p1a: Clodsire|90/100|[from] item: Leftovers
|upkeep
|turn|7
|
|t:|1769409597
|-end|p2a: Raging Bolt|Protosynthesis|[silent]
|switch|p2a: Heatran|Heatran, M|100/100
|-item|p2a: Heatran|Air Balloon
|move|p1a: Clodsire|Toxic|p2a: Heatran
|-immune|p2a: Heatran
|
|-weather|RainDance|[upkeep]
|-heal|p1a: Clodsire|96/100|[from] Grassy Terrain
|-heal|p1a: Clodsire|100/100|[from] item: Leftovers
|upkeep
|turn|8
|
|t:|1769409606
|switch|p1a: Barraskewda|Barraskewda, M|100/100
|move|p2a: Heatran|Magma Storm|p1a: Barraskewda
|-resisted|p1a: Barraskewda
|-damage|p1a: Barraskewda|77/100
|-activate|p1a: Barraskewda|move: Magma Storm|[of] p2a: Heatran
|
|-weather|none
|-heal|p1a: Barraskewda|83/100|[from] Grassy Terrain
|-damage|p1a: Barraskewda|71/100|[from] move: Magma Storm|[partiallytrapped]
|upkeep
|turn|9
|
|t:|1769409612
|move|p1a: Barraskewda|Flip Turn|p2a: Heatran
|-supereffective|p2a: Heatran
|-damage|p2a: Heatran|35/100
|-status|p1a: Barraskewda|brn|[from] ability: Flame Body|[of] p2a: Heatran
|-enditem|p2a: Heatran|Air Balloon
|
|t:|1769409617
|switch|p1a: Pelipper|Pelipper, F|100/100|[from] Flip Turn
|-weather|RainDance|[from] ability: Drizzle|[of] p1a: Pelipper
|move|p2a: Heatran|Will-O-Wisp|p1a: Pelipper
|-status|p1a: Pelipper|brn
|
|-weather|RainDance|[upkeep]
|-heal|p2a: Heatran|41/100|[from] Grassy Terrain
|-damage|p1a: Pelipper|94/100 brn|[from] brn
|upkeep
|turn|10
|
|t:|1769409628
|move|p2a: Heatran|Stealth Rock|p1a: Pelipper
|-sidestart|p1: Selemene1|move: Stealth Rock
|move|p1a: Pelipper|Weather Ball|p2a: Heatran
|-supereffective|p2a: Heatran
|-damage|p2a: Heatran|0 fnt
|faint|p2a: Heatran
|
|-weather|RainDance|[upkeep]
|-damage|p1a: Pelipper|88/100 brn|[from] brn
|upkeep
|
|t:|1769409641
|switch|p2a: Raging Bolt|Raging Bolt|96/100
|turn|11
|
|t:|1769409648
|-end|p2a: Raging Bolt|Protosynthesis|[silent]
|switch|p2a: Great Tusk|Great Tusk, tera:Fighting|45/100
|switch|p1a: Clodsire|Clodsire, M|100/100
|-damage|p1a: Clodsire|94/100|[from] Stealth Rock
|
|-weather|RainDance|[upkeep]
|-heal|p2a: Great Tusk|51/100|[from] Grassy Terrain
|-heal|p1a: Clodsire|100/100|[from] Grassy Terrain
|-fieldend|move: Grassy Terrain
|upkeep
|turn|12
|
|t:|1769409654
|switch|p1a: Incineroar|Incineroar, M, shiny|100/100
|-ability|p1a: Incineroar|Intimidate|boost
|-unboost|p2a: Great Tusk|atk|1
|move|p2a: Great Tusk|Rapid Spin|p1a: Incineroar
|-damage|p1a: Incineroar|93/100
|-boost|p2a: Great Tusk|spe|1
|
|-weather|RainDance|[upkeep]
|upkeep
|turn|13
|
|t:|1769409666
|-terastallize|p1a: Incineroar|Grass
|move|p2a: Great Tusk|Headlong Rush|p1a: Incineroar
|-resisted|p1a: Incineroar
|-damage|p1a: Incineroar|80/100
|-unboost|p2a: Great Tusk|def|1
|-unboost|p2a: Great Tusk|spd|1
|move|p1a: Incineroar|Will-O-Wisp|p2a: Great Tusk
|-status|p2a: Great Tusk|brn
|
|-weather|RainDance|[upkeep]
|-damage|p2a: Great Tusk|45/100 brn|[from] brn
|upkeep
|turn|14
|
|t:|1769409674
|move|p2a: Great Tusk|Close Combat|p1a: Incineroar
|-crit|p1a: Incineroar
|-damage|p1a: Incineroar|43/100
|-unboost|p2a: Great Tusk|def|1
|-unboost|p2a: Great Tusk|spd|1
|move|p1a: Incineroar|Knock Off|p2a: Great Tusk
|-resisted|p2a: Great Tusk
|-damage|p2a: Great Tusk|26/100 brn
|
|-weather|RainDance|[upkeep]
|-damage|p2a: Great Tusk|20/100 brn|[from] brn
|upkeep
|turn|15
|
|t:|1769409686
|-end|p2a: Great Tusk|Protosynthesis|[silent]
|switch|p2a: Zamazenta|Zamazenta|100/100
|-ability|p2a: Zamazenta|Dauntless Shield|boost
|-boost|p2a: Zamazenta|def|1
|move|p1a: Incineroar|Drain Punch|p2a: Zamazenta
|-damage|p2a: Zamazenta|90/100
|-heal|p1a: Incineroar|47/100|[from] drain|[of] p2a: Zamazenta
|
|-weather|RainDance|[upkeep]
|-heal|p2a: Zamazenta|96/100|[from] item: Leftovers
|upkeep
|turn|16
|j| electrored
|
|t:|1769409703
|move|p2a: Zamazenta|Substitute|p2a: Zamazenta
|-start|p2a: Zamazenta|Substitute
|-damage|p2a: Zamazenta|71/100
|move|p1a: Incineroar|Will-O-Wisp||[still]
|-fail|p1a: Incineroar
|
|-weather|none
|-heal|p2a: Zamazenta|77/100|[from] item: Leftovers
|upkeep
|turn|17
|
|t:|1769409708
|move|p2a: Zamazenta|Iron Defense|p2a: Zamazenta
|-boost|p2a: Zamazenta|def|2
|move|p1a: Incineroar|Parting Shot|p2a: Zamazenta
|-unboost|p2a: Zamazenta|atk|1
|-unboost|p2a: Zamazenta|spa|1
|
|t:|1769409710
|switch|p1a: Pelipper|Pelipper, F|88/100 brn|[from] Parting Shot
|-damage|p1a: Pelipper|63/100 brn|[from] Stealth Rock
|-weather|RainDance|[from] ability: Drizzle|[of] p1a: Pelipper
|
|-weather|RainDance|[upkeep]
|-heal|p2a: Zamazenta|83/100|[from] item: Leftovers
|-damage|p1a: Pelipper|57/100 brn|[from] brn
|upkeep
|turn|18
|
|t:|1769409714
|move|p2a: Zamazenta|Body Press|p1a: Pelipper
|-resisted|p1a: Pelipper
|-damage|p1a: Pelipper|23/100 brn
|move|p1a: Pelipper|Hurricane|p2a: Zamazenta
|-supereffective|p2a: Zamazenta
|-end|p2a: Zamazenta|Substitute
|
|-weather|RainDance|[upkeep]
|-heal|p2a: Zamazenta|90/100|[from] item: Leftovers
|-damage|p1a: Pelipper|17/100 brn|[from] brn
|upkeep
|turn|19
|l| electrored
|-message|Selemene1 forfeited.
|
|win|jefc
|raw|Selemene1's rating: 1518 &rarr; <strong>1498</strong><br />(-20 for losing)
|raw|jefc's rating: 1526 &rarr; <strong>1546</strong><br />(+20 for winning)
|l|☆Selemene1
|player|p1|
|l|☆jefc
|player|p2|
