|j|☆Turtwig9001
|j|☆Vsranger01
|t:|1769410944
|gametype|singles
|player|p1|Turtwig9001|170|1327
|player|p2|Vsranger01|pokekid|1299
|gen|9
|tier|[Gen 9] OU
|rated|
|rule|HP Percentage Mod: HP is shown in percentages
|rule|Endless Battle Clause: Forcing endless battles is banned
|rule|Species Clause: Limit one of each Pokémon
|rule|OHKO Clause: OHKO moves are banned
|rule|Evasion Items Clause: Evasion items are banned
|rule|Evasion Moves Clause: Evasion moves are banned
|rule|Evasion Abilities Clause: Evasion abilities are banned
|rule|Sleep Moves Clause: Sleep-inducing moves are banned
|clearpoke
|poke|p1|Great Tusk|
|poke|p1|Entei|
|poke|p1|Gholdengo|
|poke|p1|Hydreigon, M|
|poke|p1|Deoxys-Speed|
|poke|p1|Kyurem|
|poke|p2|Ting-Lu|
|poke|p2|Dondozo, M|
|poke|p2|Blissey, F|
|poke|p2|Gliscor, M|
|poke|p2|Great Tusk|
|poke|p2|Whimsicott, M|
|teampreview
|inactive|Battle timer is ON: inactive players will automatically lose when time's up. (requested by Turtwig9001)
|inactive|Vsranger01 also wants the timer to be on.
|
|t:|1769410960
|teamsize|p1|6
|teamsize|p2|6
|start
|switch|p1a: Kyurem|Kyurem|100/100
|switch|p2a: Dondozo|Dondozo, M|100/100
|-ability|p1a: Kyurem|Pressure
|turn|1
|
|t:|1769410966
|move|p1a: Kyurem|Freeze-Dry|p2a: Dondozo
|-supereffective|p2a: Dondozo
|-damage|p2a: Dondozo|22/100
|move|p2a: Dondozo|Curse|p2a: Dondozo
|-unboost|p2a: Dondozo|spe|1
|-boost|p2a: Dondozo|atk|1
|-boost|p2a: Dondozo|def|1
|
|upkeep
|turn|2
|
|t:|1769410974
|switch|p2a: Blissey|Blissey, F, shiny|100/100
|move|p1a: Kyurem|Freeze-Dry|p2a: Blissey
|-damage|p2a: Blissey|89/100
|
|-heal|p2a: Blissey|95/100|[from] item: Leftovers
|upkeep
|turn|3
|
|t:|1769410986
|switch|p1a: Gholdengo|Gholdengo|100/100
|move|p2a: Blissey|Thunder Wave|p1a: Gholdengo
|-immune|p1a: Gholdengo|[from] ability: Good as Gold
|
|-heal|p2a: Blissey|100/100|[from] item: Leftovers
|upkeep
|turn|4
|
|t:|1769410998
|move|p1a: Gholdengo|Thunder Wave|p2a: Blissey
|-status|p2a: Blissey|par
|move|p2a: Blissey|Seismic Toss|p1a: Gholdengo
|-immune|p1a: Gholdengo
|
|upkeep
|turn|5
|
|t:|1769411016
|switch|p1a: Kyurem|Kyurem|100/100
|-ability|p1a: Kyurem|Pressure
|-curestatus|p2a: Blissey|par|[from] ability: Natural Cure
|switch|p2a: Dondozo|Dondozo, M|22/100
|
|upkeep
|turn|6
|
|t:|1769411025
|switch|p2a: Blissey|Blissey, F, shiny|100/100
|move|p1a: Kyurem|Freeze-Dry|p2a: Blissey
|-damage|p2a: Blissey|90/100
|
|-heal|p2a: Blissey|96/100|[from] item: Leftovers
|upkeep
|turn|7
|
|t:|1769411030
|switch|p1a: Great Tusk|Great Tusk|100/100
|-enditem|p1a: Great Tusk|Booster Energy
|-activate|p1a: Great Tusk|ability: Protosynthesis|[fromitem]
|-start|p1a: Great Tusk|protosynthesisatk
|move|p2a: Blissey|Thunder Wave|p1a: Great Tusk
|-immune|p1a: Great Tusk
|
|-heal|p2a: Blissey|100/100|[from] item: Leftovers
|upkeep
|turn|8
|
|t:|1769411041
|switch|p2a: Gliscor|Gliscor, M|100/100
|move|p1a: Great Tusk|Knock Off|p2a: Gliscor
|-damage|p2a: Gliscor|66/100
|-enditem|p2a: Gliscor|Toxic Orb|[from] move: Knock Off|[of] p1a: Great Tusk
|
|upkeep
|turn|9
|
|t:|1769411051
|-end|p1a: Great Tusk|Protosynthesis|[silent]
|switch|p1a: Gholdengo|Gholdengo|100/100
|move|p2a: Gliscor|Toxic Spikes|p1a: Gholdengo
|-sidestart|p1: Turtwig9001|move: Toxic Spikes
|
|upkeep
|turn|10
|
|t:|1769411061
|move|p2a: Gliscor|Toxic Spikes|p1a: Gholdengo
|-sidestart|p1: Turtwig9001|move: Toxic Spikes
|move|p1a: Gholdengo|Make It Rain|p2a: Gliscor
|-crit|p2a: Gliscor
|-damage|p2a: Gliscor|0 fnt
|-unboost|p1a: Gholdengo|spa|1
|faint|p2a: Gliscor
|
|upkeep
|
|t:|1769411082
|switch|p2a: Whimsicott|Whimsicott, M|100/100
|turn|11
|
|t:|1769411088
|-terastallize|p2a: Whimsicott|Fire
|move|p2a: Whimsicott|Leech Seed|p1a: Gholdengo
|-immune|p1a: Gholdengo|[from] ability: Good as Gold
|move|p1a: Gholdengo|Make It Rain|p2a: Whimsicott
|-resisted|p2a: Whimsicott
|-crit|p2a: Whimsicott
|-damage|p2a: Whimsicott|35/100
|-unboost|p1a: Gholdengo|spa|1
|
|-heal|p2a: Whimsicott|41/100|[from] item: Leftovers
|upkeep
|turn|12
|
|t:|1769411103
|switch|p2a: Blissey|Blissey, F, shiny|100/100
|move|p1a: Gholdengo|Thunder Wave|p2a: Blissey
|-status|p2a: Blissey|par
|
|upkeep
|turn|13
|
|t:|1769411110
|switch|p1a: Great Tusk|Great Tusk|100/100
|-status|p1a: Great Tusk|tox
|-curestatus|p2a: Blissey|par|[from] ability: Natural Cure
|switch|p2a: Ting-Lu|Ting-Lu|100/100
|-ability|p2a: Ting-Lu|Vessel of Ruin
|
|-damage|p1a: Great Tusk|94/100 tox|[from] psn
|upkeep
|turn|14
|
|t:|1769411115
|move|p1a: Great Tusk|Rapid Spin|p2a: Ting-Lu
|-damage|p2a: Ting-Lu|92/100
|-boost|p1a: Great Tusk|spe|1
|-damage|p1a: Great Tusk|78/100 tox|[from] item: Rocky Helmet|[of] p2a: Ting-Lu
|-sideend|p1: Turtwig9001|Toxic Spikes|[from] move: Rapid Spin|[of] p1a: Great Tusk
|move|p2a: Ting-Lu|Whirlwind|p1a: Great Tusk
|-end|p1a: Great Tusk|Protosynthesis|[silent]
|drag|p1a: Kyurem|Kyurem|100/100
|-ability|p1a: Kyurem|Pressure
|
|upkeep
|turn|15
|
|t:|1769411125
|switch|p2a: Blissey|Blissey, F, shiny|100/100
|move|p1a: Kyurem|Draco Meteor|p2a: Blissey
|-damage|p2a: Blissey|79/100
|-unboost|p1a: Kyurem|spa|2
|
|-heal|p2a: Blissey|86/100|[from] item: Leftovers
|upkeep
|turn|16
|
|t:|1769411135
|switch|p1a: Great Tusk|Great Tusk|78/100 tox
|move|p2a: Blissey|Thunder Wave|p1a: Great Tusk
|-immune|p1a: Great Tusk
|
|-heal|p2a: Blissey|92/100|[from] item: Leftovers
|-damage|p1a: Great Tusk|72/100 tox|[from] psn
|upkeep
|turn|17
|
|t:|1769411144
|switch|p2a: Great Tusk|Great Tusk|100/100
|move|p1a: Great Tusk|Close Combat|p2a: Great Tusk
|-damage|p2a: Great Tusk|59/100
|-unboost|p1a: Great Tusk|def|1
|-unboost|p1a: Great Tusk|spd|1
|
|-damage|p1a: Great Tusk|59/100 tox|[from] psn
|upkeep
|turn|18
|
|t:|1769411154
|move|p1a: Great Tusk|Close Combat|p2a: Great Tusk
|-damage|p2a: Great Tusk|16/100
|-unboost|p1a: Great Tusk|def|1
|-unboost|p1a: Great Tusk|spd|1
|move|p2a: Great Tusk|Rapid Spin|p1a: Great Tusk
|-damage|p1a: Great Tusk|37/100 tox
|-boost|p2a: Great Tusk|spe|1
|
|-damage|p1a: Great Tusk|19/100 tox|[from] psn
|upkeep
|turn|19
|
|t:|1769411168
|-end|p1a: Great Tusk|Protosynthesis|[silent]
|switch|p1a: Gholdengo|Gholdengo|100/100
|move|p2a: Great Tusk|Rapid Spin|p1a: Gholdengo
|-immune|p1a: Gholdengo
|
|upkeep
|turn|20
|
|t:|1769411182
|-terastallize|p1a: Gholdengo|Fairy
|move|p2a: Great Tusk|Earthquake|p1a: Gholdengo
|-damage|p1a: Gholdengo|58/100
|move|p1a: Gholdengo|Hex|p2a: Great Tusk
|-damage|p2a: Great Tusk|0 fnt
|faint|p2a: Great Tusk
|-end|p2a: Great Tusk|Protosynthesis|[silent]
|
|-heal|p1a: Gholdengo|64/100|[from] item: Leftovers
|upkeep
|
|t:|1769411195
|switch|p2a: Ting-Lu|Ting-Lu|92/100
|-ability|p2a: Ting-Lu|Vessel of Ruin
|turn|21
|
|t:|1769411209
|switch|p1a: Deoxys|Deoxys-Speed|100/100
|-ability|p1a: Deoxys|Pressure
|move|p2a: Ting-Lu|Stealth Rock|p1a: Deoxys
|-sidestart|p1: Turtwig9001|move: Stealth Rock
|
|upkeep
|turn|22
|
|t:|1769411222
|switch|p2a: Blissey|Blissey, F, shiny|92/100
|move|p1a: Deoxys|Counter||[still]
|-fail|p1a: Deoxys
|
|-heal|p2a: Blissey|98/100|[from] item: Leftovers
|upkeep
|turn|23
|
|t:|1769411233
|move|p1a: Deoxys|Stealth Rock|p2a: Blissey
|-sidestart|p2: Vsranger01|move: Stealth Rock
|move|p2a: Blissey|Thunder Wave|p1a: Deoxys
|-status|p1a: Deoxys|par
|
|-heal|p2a: Blissey|100/100|[from] item: Leftovers
|upkeep
|turn|24
|
|t:|1769411240
|move|p1a: Deoxys|Knock Off|p2a: Blissey
|-damage|p2a: Blissey|62/100
|-enditem|p2a: Blissey|Leftovers|[from] move: Knock Off|[of] p1a: Deoxys
|move|p2a: Blissey|Seismic Toss|p1a: Deoxys
|-damage|p1a: Deoxys|68/100 par
|
|upkeep
|turn|25
|
|t:|1769411250
|switch|p2a: Ting-Lu|Ting-Lu|92/100
|-damage|p2a: Ting-Lu|86/100|[from] Stealth Rock
|-ability|p2a: Ting-Lu|Vessel of Ruin
|move|p1a: Deoxys|Counter||[still]
|-fail|p1a: Deoxys
|
|upkeep
|turn|26
|
|t:|1769411255
|move|p2a: Ting-Lu|Spikes|p1a: Deoxys
|-sidestart|p1: Turtwig9001|Spikes
|move|p1a: Deoxys|Counter||[still]
|-fail|p1a: Deoxys
|
|upkeep
|turn|27
|
|t:|1769411258
|switch|p1a: Great Tusk|Great Tusk|19/100 tox
|-damage|p1a: Great Tusk|16/100 tox|[from] Stealth Rock
|-damage|p1a: Great Tusk|3/100 tox|[from] Spikes
|move|p2a: Ting-Lu|Spikes|p1a: Great Tusk
|-sidestart|p1: Turtwig9001|Spikes
|
|-damage|p1a: Great Tusk|0 fnt|[from] psn
|faint|p1a: Great Tusk
|-end|p1a: Great Tusk|Protosynthesis|[silent]
|upkeep
|
|t:|1769411272
|switch|p1a: Hydreigon|Hydreigon, M|100/100
|-damage|p1a: Hydreigon|88/100|[from] Stealth Rock
|turn|28
|
|t:|1769411282
|switch|p2a: Blissey|Blissey, F, shiny|62/100
|-damage|p2a: Blissey|49/100|[from] Stealth Rock
|move|p1a: Hydreigon|Earthquake|p2a: Blissey
|-damage|p2a: Blissey|0 fnt
|faint|p2a: Blissey
|
|upkeep
|
|t:|1769411290
|switch|p2a: Whimsicott|Whimsicott, M, tera:Fire|41/100
|-damage|p2a: Whimsicott|16/100|[from] Stealth Rock
|turn|29
|
|t:|1769411297
|switch|p1a: Gholdengo|Gholdengo, tera:Fairy|64/100
|-damage|p1a: Gholdengo|52/100|[from] Stealth Rock
|-damage|p1a: Gholdengo|35/100|[from] Spikes
|move|p2a: Whimsicott|Moonblast|p1a: Gholdengo
|-damage|p1a: Gholdengo|7/100
|-unboost|p1a: Gholdengo|spa|1
|
|-heal|p2a: Whimsicott|22/100|[from] item: Leftovers
|-heal|p1a: Gholdengo|13/100|[from] item: Leftovers
|upkeep
|turn|30
|
|t:|1769411312
|move|p2a: Whimsicott|Moonblast|p1a: Gholdengo
|-damage|p1a: Gholdengo|0 fnt
|faint|p1a: Gholdengo
|
|-heal|p2a: Whimsicott|28/100|[from] item: Leftovers
|upkeep
|
|t:|1769411328
|switch|p1a: Entei|Entei|100/100
|-damage|p1a: Entei|76/100|[from] Stealth Rock
|-damage|p1a: Entei|59/100|[from] Spikes
|turn|31
|
|t:|1769411335
|move|p2a: Whimsicott|Leech Seed|p1a: Entei|[miss]
|-miss|p2a: Whimsicott|p1a: Entei
|move|p1a: Entei|Scorching Sands|p2a: Whimsicott
|-supereffective|p2a: Whimsicott
|-damage|p2a: Whimsicott|0 fnt
|faint|p2a: Whimsicott
|
|upkeep
|
|t:|1769411344
|switch|p2a: Dondozo|Dondozo, M|22/100
|-damage|p2a: Dondozo|10/100|[from] Stealth Rock
|turn|32
|
|t:|1769411347
|move|p1a: Entei|Scorching Sands|p2a: Dondozo
|-damage|p2a: Dondozo|0 fnt
|faint|p2a: Dondozo
|
|upkeep
|
|t:|1769411350
|switch|p2a: Ting-Lu|Ting-Lu|86/100
|-damage|p2a: Ting-Lu|80/100|[from] Stealth Rock
|-ability|p2a: Ting-Lu|Vessel of Ruin
|turn|33
|
|t:|1769411354
|move|p1a: Entei|Scorching Sands|p2a: Ting-Lu
|-damage|p2a: Ting-Lu|65/100
|move|p2a: Ting-Lu|Spikes|p1a: Entei
|-sidestart|p1: Turtwig9001|Spikes
|
|upkeep
|turn|34
|
|t:|1769411359
|move|p1a: Entei|Scorching Sands|p2a: Ting-Lu
|-damage|p2a: Ting-Lu|50/100
|move|p2a: Ting-Lu|Whirlwind|p1a: Entei
|drag|p1a: Kyurem|Kyurem|100/100
|-damage|p1a: Kyurem|76/100|[from] Stealth Rock
|-damage|p1a: Kyurem|51/100|[from] Spikes
|-ability|p1a: Kyurem|Pressure
|
|upkeep
|turn|35
|
|t:|1769411368
|move|p1a: Kyurem|Freeze-Dry|p2a: Ting-Lu
|-supereffective|p2a: Ting-Lu
|-crit|p2a: Ting-Lu
|-damage|p2a: Ting-Lu|0 fnt
|faint|p2a: Ting-Lu
|
|win|Turtwig9001
|raw|Turtwig9001's rating: 1327 &rarr; <strong>1345</strong><br />(+18 for winning)
|raw|Vsranger01's rating: 1299 &rarr; <strong>1276</strong><br />(-23 for losing)
|l|☆Vsranger01
|player|p2|
|l|☆Turtwig9001
|player|p1|
