|j|☆caption 14
|j|☆cycleevanescent
|t:|1769348188
|gametype|singles
|player|p1|caption 14|unknownf|1011
|player|p2|cycleevanescent|1|1032
|gen|9
|tier|[Gen 9] OU
|rated|
|rule|HP Percentage Mod: HP is shown in percentages
|rule|Endless Battle Clause: Forcing endless battles is banned
|rule|Species Clause: Limit one of each Pokémon
|rule|OHKO Clause: OHKO moves are banned
|rule|Evasion Items Clause: Evasion items are banned
|rule|Evasion Moves Clause: Evasion moves are banned
|rule|Evasion Abilities Clause: Evasion abilities are banned
|rule|Sleep Moves Clause: Sleep-inducing moves are banned
|clearpoke
|poke|p1|Rillaboom, F|
|poke|p1|Meowscarada, M|
|poke|p1|Sinistcha|
|poke|p1|Serperior, M|
|poke|p1|Torterra, F|
|poke|p1|Arboliva, F|
|poke|p2|Pecharunt|
|poke|p2|Mabosstiff, F|
|poke|p2|Volcanion|
|poke|p2|Iron Valiant|
|poke|p2|Landorus-Therian, M|
|poke|p2|Deoxys-Speed|
|teampreview
|c|☆cycleevanescent|mono grass
|c|☆cycleevanescent|cool!!!
|
|t:|1769348242
|teamsize|p1|6
|teamsize|p2|6
|start
|switch|p1a: Sinistcha|Sinistcha|100/100
|switch|p2a: Landorus|Landorus-Therian, M|100/100
|-ability|p2a: Landorus|Intimidate|boost
|-unboost|p1a: Sinistcha|atk|1
|turn|1
|
|t:|1769348248
|move|p2a: Landorus|Taunt|p1a: Sinistcha
|-start|p1a: Sinistcha|move: Taunt
|move|p1a: Sinistcha|Matcha Gotcha|p2a: Landorus
|-damage|p2a: Landorus|59/100
|
|upkeep
|turn|2
|
|t:|1769348256
|move|p2a: Landorus|Stealth Rock|p1a: Sinistcha
|-sidestart|p1: caption 14|move: Stealth Rock
|move|p1a: Sinistcha|Matcha Gotcha|p2a: Landorus
|-damage|p2a: Landorus|19/100
|
|upkeep
|turn|3
|
|t:|1769348262
|move|p2a: Landorus|U-turn|p1a: Sinistcha
|-damage|p1a: Sinistcha|81/100
|
|t:|1769348265
|switch|p2a: Pecharunt|Pecharunt|100/100|[from] U-turn
|move|p1a: Sinistcha|Matcha Gotcha|p2a: Pecharunt
|-resisted|p2a: Pecharunt
|-damage|p2a: Pecharunt|76/100
|-heal|p1a: Sinistcha|92/100|[from] drain|[of] p2a: Pecharunt
|
|-end|p1a: Sinistcha|move: Taunt
|upkeep
|turn|4
|
|t:|1769348278
|move|p2a: Pecharunt|Shadow Ball|p1a: Sinistcha
|-supereffective|p1a: Sinistcha
|-damage|p1a: Sinistcha|43/100
|move|p1a: Sinistcha|Shadow Ball|p2a: Pecharunt
|-supereffective|p2a: Pecharunt
|-damage|p2a: Pecharunt|0 fnt
|faint|p2a: Pecharunt
|
|upkeep
|
|t:|1769348285
|switch|p2a: Deoxys|Deoxys-Speed|100/100
|-ability|p2a: Deoxys|Pressure
|turn|5
|
|t:|1769348289
|move|p2a: Deoxys|Knock Off|p1a: Sinistcha
|-supereffective|p1a: Sinistcha
|-damage|p1a: Sinistcha|0 fnt
|-enditem|p1a: Sinistcha|Assault Vest|[from] move: Knock Off|[of] p2a: Deoxys
|faint|p1a: Sinistcha
|
|upkeep
|
|t:|1769348295
|switch|p1a: Rillaboom|Rillaboom, F|100/100
|-damage|p1a: Rillaboom|88/100|[from] Stealth Rock
|-fieldstart|move: Grassy Terrain|[from] ability: Grassy Surge|[of] p1a: Rillaboom
|turn|6
|
|t:|1769348309
|move|p1a: Rillaboom|Fake Out|p2a: Deoxys
|-damage|p2a: Deoxys|80/100
|cant|p2a: Deoxys|flinch
|
|-heal|p2a: Deoxys|86/100|[from] Grassy Terrain
|-heal|p1a: Rillaboom|94/100|[from] Grassy Terrain
|upkeep
|turn|7
|
|t:|1769348317
|move|p1a: Rillaboom|Grassy Glide|p2a: Deoxys
|-damage|p2a: Deoxys|27/100
|move|p2a: Deoxys|Knock Off|p1a: Rillaboom
|-damage|p1a: Rillaboom|65/100
|-enditem|p1a: Rillaboom|Terrain Extender|[from] move: Knock Off|[of] p2a: Deoxys
|
|-heal|p2a: Deoxys|34/100|[from] Grassy Terrain
|-heal|p1a: Rillaboom|71/100|[from] Grassy Terrain
|upkeep
|turn|8
|
|t:|1769348326
|switch|p2a: Landorus|Landorus-Therian, M|19/100
|-ability|p2a: Landorus|Intimidate|boost
|-unboost|p1a: Rillaboom|atk|1
|move|p1a: Rillaboom|Grassy Glide|p2a: Landorus
|-damage|p2a: Landorus|0 fnt
|-damage|p1a: Rillaboom|54/100|[from] item: Rocky Helmet|[of] p2a: Landorus
|faint|p2a: Landorus
|
|-heal|p1a: Rillaboom|61/100|[from] Grassy Terrain
|upkeep
|
|t:|1769348336
|switch|p2a: Volcanion|Volcanion|100/100
|turn|9
|
|t:|1769348344
|move|p1a: Rillaboom|Drum Beating|p2a: Volcanion
|-damage|p2a: Volcanion|72/100
|-unboost|p2a: Volcanion|spe|1
|move|p2a: Volcanion|Flamethrower|p1a: Rillaboom
|-supereffective|p1a: Rillaboom
|-damage|p1a: Rillaboom|0 fnt
|faint|p1a: Rillaboom
|
|-heal|p2a: Volcanion|78/100|[from] Grassy Terrain
|-heal|p2a: Volcanion|85/100|[from] item: Leftovers
|upkeep
|
|t:|1769348350
|switch|p1a: Torterra|Torterra, F|100/100
|-damage|p1a: Torterra|94/100|[from] Stealth Rock
|turn|10
|
|t:|1769348358
|move|p1a: Torterra|Shell Smash|p1a: Torterra
|-unboost|p1a: Torterra|def|1
|-unboost|p1a: Torterra|spd|1
|-boost|p1a: Torterra|atk|2
|-boost|p1a: Torterra|spa|2
|-boost|p1a: Torterra|spe|2
|-enditem|p1a: Torterra|White Herb
|-clearnegativeboost|p1a: Torterra|[silent]
|move|p2a: Volcanion|Will-O-Wisp|p1a: Torterra
|-status|p1a: Torterra|brn
|
|-heal|p1a: Torterra|100/100 brn|[from] Grassy Terrain
|-heal|p2a: Volcanion|91/100|[from] Grassy Terrain
|-heal|p2a: Volcanion|97/100|[from] item: Leftovers
|-damage|p1a: Torterra|94/100 brn|[from] brn
|upkeep
|turn|11
|
|t:|1769348378
|switch|p2a: Deoxys|Deoxys-Speed|34/100
|-ability|p2a: Deoxys|Pressure
|move|p1a: Torterra|Earth Power|p2a: Deoxys
|-damage|p2a: Deoxys|0 fnt
|faint|p2a: Deoxys
|
|-heal|p1a: Torterra|100/100 brn|[from] Grassy Terrain
|-damage|p1a: Torterra|94/100 brn|[from] brn
|upkeep
|
|t:|1769348388
|switch|p2a: Iron Valiant|Iron Valiant|100/100
|-enditem|p2a: Iron Valiant|Booster Energy
|-activate|p2a: Iron Valiant|ability: Quark Drive|[fromitem]
|-start|p2a: Iron Valiant|quarkdrivespe
|turn|12
|
|t:|1769348398
|move|p2a: Iron Valiant|Close Combat|p1a: Torterra
|-damage|p1a: Torterra|28/100 brn
|-unboost|p2a: Iron Valiant|def|1
|-unboost|p2a: Iron Valiant|spd|1
|move|p1a: Torterra|Giga Drain|p2a: Iron Valiant
|-damage|p2a: Iron Valiant|0 fnt
|-heal|p1a: Torterra|72/100 brn|[from] drain|[of] p2a: Iron Valiant
|faint|p2a: Iron Valiant
|-end|p2a: Iron Valiant|Quark Drive|[silent]
|
|-heal|p1a: Torterra|78/100 brn|[from] Grassy Terrain
|-damage|p1a: Torterra|72/100 brn|[from] brn
|upkeep
|
|t:|1769348411
|switch|p2a: Mabosstiff|Mabosstiff, F, shiny|100/100
|turn|13
|
|t:|1769348420
|-terastallize|p2a: Mabosstiff|Bug
|move|p1a: Torterra|Giga Drain|p2a: Mabosstiff
|-resisted|p2a: Mabosstiff
|-crit|p2a: Mabosstiff
|-damage|p2a: Mabosstiff|22/100
|-heal|p1a: Torterra|100/100 brn|[from] drain|[of] p2a: Mabosstiff
|move|p2a: Mabosstiff|Jaw Lock|p1a: Torterra
|-damage|p1a: Torterra|56/100 brn
|-activate|p2a: Mabosstiff|trapped
|-activate|p1a: Torterra|trapped
|
|-heal|p1a: Torterra|62/100 brn|[from] Grassy Terrain
|-heal|p2a: Mabosstiff|28/100|[from] Grassy Terrain
|-damage|p1a: Torterra|56/100 brn|[from] brn
|-fieldend|move: Grassy Terrain
|upkeep
|turn|14
|-message|cycleevanescent forfeited.
|
|win|caption 14
|raw|caption 14's rating: 1011 &rarr; <strong>1052</strong><br />(+41 for winning)
|raw|cycleevanescent's rating: 1032 &rarr; <strong>1016</strong><br />(-16 for losing)
|l|☆cycleevanescent
|player|p2|
