|j|☆big blue tree
|j|☆culete de cemento
|t:|1769441399
|gametype|singles
|player|p1|big blue tree|265|1245
|player|p2|culete de cemento|wallace|1208
|gen|9
|tier|[Gen 9] OU
|rated|
|rule|HP Percentage Mod: HP is shown in percentages
|rule|Endless Battle Clause: Forcing endless battles is banned
|rule|Species Clause: Limit one of each Pokémon
|rule|OHKO Clause: OHKO moves are banned
|rule|Evasion Items Clause: Evasion items are banned
|rule|Evasion Moves Clause: Evasion moves are banned
|rule|Evasion Abilities Clause: Evasion abilities are banned
|rule|Sleep Moves Clause: Sleep-inducing moves are banned
|clearpoke
|poke|p1|Arcanine-Hisui, F|
|poke|p1|Darkrai|
|poke|p1|Great Tusk|
|poke|p1|Hatterene, F|
|poke|p1|Ogerpon-Wellspring, F|
|poke|p1|Zapdos|
|poke|p2|Zangoose, F|
|poke|p2|Seviper, F|
|poke|p2|Torkoal, M|
|poke|p2|Regirock|
|poke|p2|Milotic, M|
|poke|p2|Shiftry, M|
|teampreview
|inactive|Battle timer is ON: inactive players will automatically lose when time's up. (requested by culete de cemento)
|
|t:|1769441422
|teamsize|p1|6
|teamsize|p2|6
|start
|switch|p1a: Great Tusk|Great Tusk|100/100
|switch|p2a: Zangoose|Zangoose, F|100/100
|turn|1
|
|t:|1769441434
|move|p2a: Zangoose|Final Gambit|p1a: Great Tusk
|-damage|p1a: Great Tusk|6/100
|faint|p2a: Zangoose
|move|p1a: Great Tusk|Headlong Rush|p2: Zangoose|[notarget]
|-fail|p1a: Great Tusk
|
|upkeep
|
|t:|1769441451
|switch|p2a: Shiftry|Shiftry, M|100/100
|turn|2
|
|t:|1769441467
|move|p1a: Great Tusk|Stealth Rock|p2a: Shiftry
|-sidestart|p2: culete de cemento|move: Stealth Rock
|move|p2a: Shiftry|Giga Drain|p1a: Great Tusk
|-supereffective|p1a: Great Tusk
|-damage|p1a: Great Tusk|0 fnt
|faint|p1a: Great Tusk
|-end|p1a: Great Tusk|Protosynthesis|[silent]
|-damage|p2a: Shiftry|90/100|[from] item: Life Orb
|
|upkeep
|
|t:|1769441479
|switch|p1a: Ogerpon|Ogerpon-Wellspring, F|100/100
|turn|3
|
|t:|1769441498
|switch|p2a: Torkoal|Torkoal, M|100/100
|-damage|p2a: Torkoal|76/100|[from] Stealth Rock
|-weather|SunnyDay|[from] ability: Drought|[of] p2a: Torkoal
|move|p1a: Ogerpon|U-turn|p2a: Torkoal
|-resisted|p2a: Torkoal
|-damage|p2a: Torkoal|68/100
|
|t:|1769441513
|switch|p1a: Arcanine|Arcanine-Hisui, F|100/100|[from] U-turn
|
|-weather|SunnyDay|[upkeep]
|upkeep
|turn|4
|
|t:|1769441520
|switch|p2a: Regirock|Regirock|100/100
|-damage|p2a: Regirock|88/100|[from] Stealth Rock
|move|p1a: Arcanine|Head Smash|p2a: Regirock|[miss]
|-miss|p1a: Arcanine|p2a: Regirock
|
|-weather|SunnyDay|[upkeep]
|-heal|p2a: Regirock|94/100|[from] item: Leftovers
|upkeep
|turn|5
|
|t:|1769441540
|switch|p1a: Darkrai|Darkrai|100/100
|switch|p2a: Shiftry|Shiftry, M|90/100
|-damage|p2a: Shiftry|78/100|[from] Stealth Rock
|
|-weather|SunnyDay|[upkeep]
|upkeep
|turn|6
|
|t:|1769441551
|-terastallize|p2a: Shiftry|Dragon
|move|p1a: Darkrai|Ice Beam|p2a: Shiftry
|-supereffective|p2a: Shiftry
|-damage|p2a: Shiftry|0 fnt
|faint|p2a: Shiftry
|
|-weather|SunnyDay|[upkeep]
|upkeep
|
|t:|1769441559
|switch|p2a: Torkoal|Torkoal, M|68/100
|-damage|p2a: Torkoal|43/100|[from] Stealth Rock
|turn|7
|
|t:|1769441565
|switch|p1a: Arcanine|Arcanine-Hisui, F|100/100
|move|p2a: Torkoal|Rapid Spin|p1a: Arcanine
|-resisted|p1a: Arcanine
|-damage|p1a: Arcanine|94/100
|-boost|p2a: Torkoal|spe|1
|-sideend|p2: culete de cemento|Stealth Rock|[from] move: Rapid Spin|[of] p2a: Torkoal
|
|-weather|SunnyDay|[upkeep]
|upkeep
|turn|8
|
|t:|1769441574
|switch|p2a: Regirock|Regirock|94/100
|move|p1a: Arcanine|Close Combat|p2a: Regirock
|-supereffective|p2a: Regirock
|-damage|p2a: Regirock|51/100
|-unboost|p1a: Arcanine|def|1
|-unboost|p1a: Arcanine|spd|1
|
|-weather|SunnyDay|[upkeep]
|-heal|p2a: Regirock|57/100|[from] item: Leftovers
|upkeep
|turn|9
|
|t:|1769441593
|switch|p1a: Darkrai|Darkrai|100/100
|move|p2a: Regirock|Body Press|p1a: Darkrai
|-supereffective|p1a: Darkrai
|-damage|p1a: Darkrai|0 fnt
|faint|p1a: Darkrai
|
|-weather|SunnyDay|[upkeep]
|-heal|p2a: Regirock|63/100|[from] item: Leftovers
|upkeep
|
|t:|1769441612
|switch|p1a: Hatterene|Hatterene, F|100/100
|turn|10
|
|t:|1769441620
|switch|p2a: Milotic|Milotic, M|100/100
|move|p1a: Hatterene|Psyshock|p2a: Milotic
|-damage|p2a: Milotic|54/100
|
|-weather|none
|-heal|p2a: Milotic|60/100|[from] item: Leftovers
|upkeep
|turn|11
|
|t:|1769441632
|move|p2a: Milotic|Recover|p2a: Milotic
|-heal|p2a: Milotic|100/100
|move|p1a: Hatterene|Draining Kiss|p2a: Milotic
|-damage|p2a: Milotic|84/100
|
|-heal|p2a: Milotic|90/100|[from] item: Leftovers
|upkeep
|turn|12
|
|t:|1769441640
|switch|p2a: Torkoal|Torkoal, M|43/100
|-weather|SunnyDay|[from] ability: Drought|[of] p2a: Torkoal
|move|p1a: Hatterene|Nuzzle|p2a: Torkoal
|-crit|p2a: Torkoal
|-damage|p2a: Torkoal|40/100
|-status|p2a: Torkoal|par
|
|-weather|SunnyDay|[upkeep]
|upkeep
|turn|13
|
|t:|1769441651
|move|p1a: Hatterene|Psyshock|p2a: Torkoal
|-damage|p2a: Torkoal|17/100 par
|move|p2a: Torkoal|Overheat|p1a: Hatterene
|-damage|p1a: Hatterene|60/100
|-unboost|p2a: Torkoal|spa|2
|
|-weather|SunnyDay|[upkeep]
|upkeep
|turn|14
|
|t:|1769441659
|move|p1a: Hatterene|Draining Kiss|p2a: Torkoal
|-resisted|p2a: Torkoal
|-crit|p2a: Torkoal
|-damage|p2a: Torkoal|0 fnt
|-heal|p1a: Hatterene|73/100|[from] drain|[of] p2a: Torkoal
|faint|p2a: Torkoal
|
|-weather|SunnyDay|[upkeep]
|upkeep
|
|t:|1769441666
|switch|p2a: Regirock|Regirock|63/100
|turn|15
|
|t:|1769441672
|move|p2a: Regirock|Iron Head|p1a: Hatterene
|-supereffective|p1a: Hatterene
|-damage|p1a: Hatterene|34/100
|cant|p1a: Hatterene|flinch
|
|-weather|SunnyDay|[upkeep]
|-heal|p2a: Regirock|69/100|[from] item: Leftovers
|upkeep
|turn|16
|
|t:|1769441681
|move|p2a: Regirock|Iron Head|p1a: Hatterene
|-supereffective|p1a: Hatterene
|-damage|p1a: Hatterene|0 fnt
|faint|p1a: Hatterene
|
|-weather|SunnyDay|[upkeep]
|-heal|p2a: Regirock|75/100|[from] item: Leftovers
|upkeep
|
|t:|1769441688
|switch|p1a: Ogerpon|Ogerpon-Wellspring, F|100/100
|turn|17
|
|t:|1769441693
|move|p1a: Ogerpon|Ivy Cudgel|p2a: Regirock|[anim] Ivy Cudgel Water
|-supereffective|p2a: Regirock
|-damage|p2a: Regirock|51/100
|move|p2a: Regirock|Iron Defense|p2a: Regirock
|-boost|p2a: Regirock|def|2
|
|-weather|SunnyDay|[upkeep]
|-heal|p2a: Regirock|57/100|[from] item: Leftovers
|upkeep
|turn|18
|
|t:|1769441701
|move|p1a: Ogerpon|U-turn|p2a: Regirock
|-damage|p2a: Regirock|52/100
|
|t:|1769441704
|switch|p1a: Zapdos|Zapdos|100/100|[from] U-turn
|move|p2a: Regirock|Body Press|p1a: Zapdos
|-resisted|p1a: Zapdos
|-damage|p1a: Zapdos|72/100
|-status|p2a: Regirock|par|[from] ability: Static|[of] p1a: Zapdos
|
|-weather|SunnyDay|[upkeep]
|-heal|p2a: Regirock|58/100 par|[from] item: Leftovers
|upkeep
|turn|19
|
|t:|1769441722
|move|p1a: Zapdos|Roost|p1a: Zapdos
|-heal|p1a: Zapdos|100/100
|-singleturn|p1a: Zapdos|move: Roost
|cant|p2a: Regirock|par
|
|-weather|none
|-heal|p2a: Regirock|64/100 par|[from] item: Leftovers
|upkeep
|turn|20
|
|t:|1769441730
|move|p1a: Zapdos|Hurricane|p2a: Regirock|[miss]
|-miss|p1a: Zapdos|p2a: Regirock
|cant|p2a: Regirock|par
|
|-heal|p2a: Regirock|70/100 par|[from] item: Leftovers
|upkeep
|turn|21
|
|t:|1769441737
|move|p1a: Zapdos|Hurricane|p2a: Regirock|[miss]
|-miss|p1a: Zapdos|p2a: Regirock
|move|p2a: Regirock|Iron Defense|p2a: Regirock
|-boost|p2a: Regirock|def|2
|
|-heal|p2a: Regirock|76/100 par|[from] item: Leftovers
|upkeep
|turn|22
|
|t:|1769441745
|move|p1a: Zapdos|Hurricane|p2a: Regirock
|-resisted|p2a: Regirock
|-damage|p2a: Regirock|56/100 par
|cant|p2a: Regirock|par
|
|-heal|p2a: Regirock|62/100 par|[from] item: Leftovers
|upkeep
|turn|23
|
|t:|1769441753
|move|p1a: Zapdos|Hurricane|p2a: Regirock|[miss]
|-miss|p1a: Zapdos|p2a: Regirock
|cant|p2a: Regirock|par
|
|-heal|p2a: Regirock|68/100 par|[from] item: Leftovers
|upkeep
|turn|24
|
|t:|1769441759
|move|p1a: Zapdos|Hurricane|p2a: Regirock|[miss]
|-miss|p1a: Zapdos|p2a: Regirock
|cant|p2a: Regirock|par
|
|-heal|p2a: Regirock|74/100 par|[from] item: Leftovers
|upkeep
|turn|25
|c|☆culete de cemento|this is a joke
|c|☆culete de cemento|for both
|
|t:|1769441779
|move|p1a: Zapdos|Hurricane|p2a: Regirock
|-resisted|p2a: Regirock
|-damage|p2a: Regirock|52/100 par
|-start|p2a: Regirock|confusion
|-activate|p2a: Regirock|confusion
|move|p2a: Regirock|Iron Defense|p2a: Regirock
|-boost|p2a: Regirock|def|2
|
|-heal|p2a: Regirock|58/100 par|[from] item: Leftovers
|upkeep
|turn|26
|
|t:|1769441788
|move|p1a: Zapdos|Hurricane|p2a: Regirock
|-resisted|p2a: Regirock
|-damage|p2a: Regirock|38/100 par
|-end|p2a: Regirock|confusion
|move|p2a: Regirock|Body Press|p1a: Zapdos
|-resisted|p1a: Zapdos
|-damage|p1a: Zapdos|44/100
|
|-heal|p2a: Regirock|44/100 par|[from] item: Leftovers
|upkeep
|turn|27
|
|t:|1769441798
|move|p1a: Zapdos|Volt Switch|p2a: Regirock
|-damage|p2a: Regirock|15/100 par
|
|t:|1769441803
|switch|p1a: Ogerpon|Ogerpon-Wellspring, F|100/100|[from] Volt Switch
|cant|p2a: Regirock|par
|
|-heal|p2a: Regirock|21/100 par|[from] item: Leftovers
|upkeep
|turn|28
|
|t:|1769441810
|-terastallize|p1a: Ogerpon|Water
|detailschange|p1a: Ogerpon|Ogerpon-Wellspring-Tera, F, tera:Water
|-ability|p1a: Ogerpon|Embody Aspect (Wellspring)|boost
|-boost|p1a: Ogerpon|spd|1
|move|p1a: Ogerpon|Ivy Cudgel|p2a: Regirock|[anim] Ivy Cudgel Water
|-supereffective|p2a: Regirock
|-damage|p2a: Regirock|2/100 par
|cant|p2a: Regirock|par
|
|-heal|p2a: Regirock|8/100 par|[from] item: Leftovers
|upkeep
|turn|29
|
|t:|1769441824
|move|p1a: Ogerpon|Ivy Cudgel|p2a: Regirock|[anim] Ivy Cudgel Water
|-supereffective|p2a: Regirock
|-damage|p2a: Regirock|0 fnt
|faint|p2a: Regirock
|
|upkeep
|
|t:|1769441829
|switch|p2a: Seviper|Seviper, F|100/100
|turn|30
|
|t:|1769441843
|move|p2a: Seviper|Final Gambit|p1a: Ogerpon
|-damage|p1a: Ogerpon|0 fnt
|faint|p2a: Seviper
|faint|p1a: Ogerpon
|detailschange|p1: Ogerpon|Ogerpon-Wellspring, F|[silent]
|
|upkeep
|
|t:|1769441851
|switch|p1a: Arcanine|Arcanine-Hisui, F|94/100
|switch|p2a: Milotic|Milotic, M|90/100
|turn|31
|
|t:|1769441857
|move|p1a: Arcanine|Head Smash|p2a: Milotic|[miss]
|-miss|p1a: Arcanine|p2a: Milotic
|move|p2a: Milotic|Recover|p2a: Milotic
|-heal|p2a: Milotic|100/100
|
|upkeep
|turn|32
|
|t:|1769441864
|move|p1a: Arcanine|Head Smash|p2a: Milotic
|-damage|p2a: Milotic|0 fnt
|faint|p2a: Milotic
|
|win|big blue tree
|raw|big blue tree's rating: 1245 &rarr; <strong>1267</strong><br />(+22 for winning)
|raw|culete de cemento's rating: 1208 &rarr; <strong>1186</strong><br />(-22 for losing)
|l|☆culete de cemento
|player|p2|
|l|☆big blue tree
|player|p1|
