|j|☆ladderingwithpgonz
|j|☆Greendrizzle
|t:|1769375805
|gametype|singles
|player|p1|ladderingwithpgonz|265|1342
|player|p2|Greendrizzle|palmer|1353
|gen|9
|tier|[Gen 9] OU
|rated|
|rule|HP Percentage Mod: HP is shown in percentages
|rule|Endless Battle Clause: Forcing endless battles is banned
|rule|Species Clause: Limit one of each Pokémon
|rule|OHKO Clause: OHKO moves are banned
|rule|Evasion Items Clause: Evasion items are banned
|rule|Evasion Moves Clause: Evasion moves are banned
|rule|Evasion Abilities Clause: Evasion abilities are banned
|rule|Sleep Moves Clause: Sleep-inducing moves are banned
|clearpoke
|poke|p1|Landorus-Therian, M|
|poke|p1|Meowscarada, F|
|poke|p1|Iron Treads|
|poke|p1|Gholdengo|
|poke|p1|Raging Bolt|
|poke|p1|Dragonite, M|
|poke|p2|Azumarill, M|
|poke|p2|Pelipper, F|
|poke|p2|Raging Bolt|
|poke|p2|Barraskewda, M|
|poke|p2|Iron Treads|
|poke|p2|Scizor, M|
|teampreview
|inactive|Battle timer is ON: inactive players will automatically lose when time's up. (requested by ladderingwithpgonz)
|
|t:|1769375838
|teamsize|p1|6
|teamsize|p2|6
|start
|switch|p1a: Raging Bolt|Raging Bolt|100/100
|switch|p2a: PeliCAN|Pelipper, F, shiny|100/100
|-weather|RainDance|[from] ability: Drizzle|[of] p2a: PeliCAN
|turn|1
|inactive|ladderingwithpgonz has 120 seconds left.
|
|t:|1769375890
|-end|p1a: Raging Bolt|Protosynthesis|[silent]
|switch|p1a: Gholdengo|Gholdengo, shiny|100/100
|switch|p2a: Dumb|Iron Treads|100/100
|-enditem|p2a: Dumb|Booster Energy
|-activate|p2a: Dumb|ability: Quark Drive|[fromitem]
|-start|p2a: Dumb|quarkdrivespe
|
|-weather|RainDance|[upkeep]
|upkeep
|turn|2
|
|t:|1769375902
|move|p2a: Dumb|Stealth Rock|p1a: Gholdengo
|-sidestart|p1: ladderingwithpgonz|move: Stealth Rock
|move|p1a: Gholdengo|Trick|p2a: Dumb
|-activate|p1a: Gholdengo|move: Trick|[of] p2a: Dumb
|-item|p2a: Dumb|Choice Scarf|[from] move: Trick
|-enditem|p1a: Gholdengo|Choice Scarf|[silent]|[from] move: Trick
|
|-weather|RainDance|[upkeep]
|upkeep
|turn|3
|
|t:|1769375911
|move|p2a: Dumb|Earth Power|p1a: Gholdengo
|-supereffective|p1a: Gholdengo
|-damage|p1a: Gholdengo|31/100
|move|p1a: Gholdengo|Shadow Ball|p2a: Dumb
|-damage|p2a: Dumb|36/100
|-unboost|p2a: Dumb|spd|1
|
|-weather|RainDance|[upkeep]
|upkeep
|turn|4
|
|t:|1769375924
|switch|p1a: Landorus|Landorus-Therian, M, shiny|100/100
|-damage|p1a: Landorus|88/100|[from] Stealth Rock
|-ability|p1a: Landorus|Intimidate|boost
|-unboost|p2a: Dumb|atk|1
|move|p2a: Dumb|Earth Power|p1a: Landorus
|-immune|p1a: Landorus
|
|-weather|RainDance|[upkeep]
|upkeep
|turn|5
|
|t:|1769375953
|-end|p2a: Dumb|Quark Drive|[silent]
|switch|p2a: Goldfish|Azumarill, M, shiny|100/100
|move|p1a: Landorus|Stealth Rock|p2a: Goldfish
|-sidestart|p2: Greendrizzle|move: Stealth Rock
|
|-weather|RainDance|[upkeep]
|upkeep
|turn|6
|inactive|ladderingwithpgonz has 120 seconds left.
|
|t:|1769375962
|move|p1a: Landorus|U-turn|p2a: Goldfish
|-resisted|p2a: Goldfish
|-damage|p2a: Goldfish|91/100
|
|t:|1769375966
|switch|p1a: Raging Bolt|Raging Bolt|100/100|[from] U-turn
|move|p2a: Goldfish|Liquidation|p1a: Raging Bolt
|-resisted|p1a: Raging Bolt
|-damage|p1a: Raging Bolt|46/100
|
|-weather|RainDance|[upkeep]
|upkeep
|turn|7
|inactive|ladderingwithpgonz has 120 seconds left.
|
|t:|1769375985
|switch|p2a: Dumb|Iron Treads|36/100
|-damage|p2a: Dumb|33/100|[from] Stealth Rock
|move|p1a: Raging Bolt|Draco Meteor|p2a: Dumb
|-resisted|p2a: Dumb
|-damage|p2a: Dumb|0 fnt
|-unboost|p1a: Raging Bolt|spa|2
|faint|p2a: Dumb
|-end|p2a: Dumb|Quark Drive|[silent]
|
|-weather|RainDance|[upkeep]
|upkeep
|inactive|Greendrizzle has 120 seconds left.
|
|t:|1769376026
|switch|p2a: Skizzors|Scizor, M|100/100
|-damage|p2a: Skizzors|88/100|[from] Stealth Rock
|turn|8
|
|t:|1769376034
|-end|p1a: Raging Bolt|Protosynthesis|[silent]
|switch|p1a: Landorus|Landorus-Therian, M, shiny|88/100
|-damage|p1a: Landorus|76/100|[from] Stealth Rock
|-ability|p1a: Landorus|Intimidate|boost
|-unboost|p2a: Skizzors|atk|1
|move|p2a: Skizzors|Defog|p1a: Landorus
|-unboost|p1a: Landorus|evasion|1
|-sideend|p1: ladderingwithpgonz|Stealth Rock|[from] move: Defog|[of] p2a: Skizzors
|-sideend|p2: Greendrizzle|Stealth Rock|[from] move: Defog|[of] p2a: Skizzors
|
|-weather|none
|upkeep
|turn|9
|
|t:|1769376040
|move|p1a: Landorus|Stealth Rock|p2a: Skizzors
|-sidestart|p2: Greendrizzle|move: Stealth Rock
|move|p2a: Skizzors|U-turn|p1a: Landorus
|-resisted|p1a: Landorus
|-damage|p1a: Landorus|65/100
|-damage|p2a: Skizzors|72/100|[from] item: Rocky Helmet|[of] p1a: Landorus
|
|t:|1769376043
|switch|p2a: Goldfish|Azumarill, M, shiny|91/100|[from] U-turn
|-damage|p2a: Goldfish|78/100|[from] Stealth Rock
|
|upkeep
|turn|10
|
|t:|1769376052
|switch|p1a: Meowscarada|Meowscarada, F, shiny|100/100
|move|p2a: Goldfish|Ice Spinner|p1a: Meowscarada
|-supereffective|p1a: Meowscarada
|-damage|p1a: Meowscarada|0 fnt
|faint|p1a: Meowscarada
|
|upkeep
|
|t:|1769376057
|switch|p1a: Raging Bolt|Raging Bolt|46/100
|turn|11
|
|t:|1769376074
|switch|p2a: Skizzors|Scizor, M|72/100
|-damage|p2a: Skizzors|59/100|[from] Stealth Rock
|move|p1a: Raging Bolt|Thunderbolt|p2a: Skizzors
|-damage|p2a: Skizzors|0 fnt
|faint|p2a: Skizzors
|
|upkeep
|inactive|Greendrizzle has 120 seconds left.
|
|t:|1769376092
|switch|p2a: Goldfish|Azumarill, M, shiny|78/100
|-damage|p2a: Goldfish|66/100|[from] Stealth Rock
|turn|12
|
|t:|1769376105
|-end|p1a: Raging Bolt|Protosynthesis|[silent]
|switch|p1a: Gholdengo|Gholdengo, shiny|31/100
|-terastallize|p2a: Goldfish|Steel
|move|p2a: Goldfish|Play Rough|p1a: Gholdengo
|-resisted|p1a: Gholdengo
|-damage|p1a: Gholdengo|0 fnt
|faint|p1a: Gholdengo
|
|upkeep
|
|t:|1769376114
|switch|p1a: Landorus|Landorus-Therian, M, shiny|65/100
|-ability|p1a: Landorus|Intimidate|boost
|-unboost|p2a: Goldfish|atk|1
|turn|13
|
|t:|1769376118
|move|p1a: Landorus|U-turn|p2a: Goldfish
|-resisted|p2a: Goldfish
|-damage|p2a: Goldfish|56/100
|
|t:|1769376121
|switch|p1a: Iron Treads|Iron Treads|100/100|[from] U-turn
|move|p2a: Goldfish|Play Rough|p1a: Iron Treads|[miss]
|-miss|p2a: Goldfish|p1a: Iron Treads
|
|upkeep
|turn|14
|
|t:|1769376137
|-end|p1a: Iron Treads|Quark Drive|[silent]
|switch|p1a: Raging Bolt|Raging Bolt|46/100
|switch|p2a: PeliCAN|Pelipper, F, shiny|100/100
|-damage|p2a: PeliCAN|76/100|[from] Stealth Rock
|-weather|RainDance|[from] ability: Drizzle|[of] p2a: PeliCAN
|
|-weather|RainDance|[upkeep]
|upkeep
|turn|15
|l|☆ladderingwithpgonz
|inactive|ladderingwithpgonz disconnected and has a minute to reconnect!
|player|p1|
|j|☆ladderingwithpgonz
|inactive|ladderingwithpgonz reconnected and has 120 seconds left.
|player|p1|ladderingwithpgonz|265|
|
|t:|1769376171
|move|p1a: Raging Bolt|Thunderbolt|p2a: PeliCAN
|-supereffective|p2a: PeliCAN
|-damage|p2a: PeliCAN|0 fnt
|faint|p2a: PeliCAN
|
|-weather|RainDance|[upkeep]
|upkeep
|
|t:|1769376176
|switch|p2a: Goldfish|Azumarill, M, shiny, tera:Steel|56/100
|-damage|p2a: Goldfish|50/100|[from] Stealth Rock
|turn|16
|
|t:|1769376183
|move|p1a: Raging Bolt|Thunderclap|p2a: Goldfish
|-damage|p2a: Goldfish|7/100
|move|p2a: Goldfish|Ice Spinner|p1a: Raging Bolt
|-supereffective|p1a: Raging Bolt
|-damage|p1a: Raging Bolt|0 fnt
|faint|p1a: Raging Bolt
|-end|p1a: Raging Bolt|Protosynthesis|[silent]
|
|-weather|RainDance|[upkeep]
|upkeep
|
|t:|1769376190
|switch|p1a: Iron Treads|Iron Treads|100/100
|turn|17
|
|t:|1769376195
|move|p1a: Iron Treads|Rapid Spin|p2a: Goldfish
|-resisted|p2a: Goldfish
|-damage|p2a: Goldfish|0 fnt
|-boost|p1a: Iron Treads|spe|1
|faint|p2a: Goldfish
|
|-weather|RainDance|[upkeep]
|upkeep
|
|t:|1769376197
|switch|p2a: Fsh|Barraskewda, M|100/100
|-damage|p2a: Fsh|88/100|[from] Stealth Rock
|turn|18
|
|t:|1769376223
|-end|p1a: Iron Treads|Quark Drive|[silent]
|switch|p1a: Landorus|Landorus-Therian, M, shiny|65/100
|-ability|p1a: Landorus|Intimidate|boost
|-unboost|p2a: Fsh|atk|1
|move|p2a: Fsh|Liquidation|p1a: Landorus
|-supereffective|p1a: Landorus
|-crit|p1a: Landorus
|-damage|p1a: Landorus|0 fnt
|-damage|p2a: Fsh|72/100|[from] item: Rocky Helmet|[of] p1a: Landorus
|faint|p1a: Landorus
|
|-weather|RainDance|[upkeep]
|upkeep
|inactive|ladderingwithpgonz has 120 seconds left.
|
|t:|1769376235
|switch|p1a: Dragonite|Dragonite, M, shiny|100/100
|turn|19
|inactive|ladderingwithpgonz has 120 seconds left.
|
|t:|1769376247
|switch|p2a: Madagascar|Raging Bolt|100/100
|-damage|p2a: Madagascar|88/100|[from] Stealth Rock
|-enditem|p2a: Madagascar|Booster Energy
|-activate|p2a: Madagascar|ability: Protosynthesis|[fromitem]
|-start|p2a: Madagascar|protosynthesisspa
|-terastallize|p1a: Dragonite|Flying
|move|p1a: Dragonite|Tera Blast|p2a: Madagascar|[anim] Tera Blast Flying
|-resisted|p2a: Madagascar
|-damage|p2a: Madagascar|60/100
|
|-weather|RainDance|[upkeep]
|upkeep
|turn|20
|inactive|ladderingwithpgonz has 120 seconds left.
|
|t:|1769376261
|switch|p1a: Iron Treads|Iron Treads|100/100
|move|p2a: Madagascar|Thunderclap||[still]
|-fail|p2a: Madagascar
|
|-weather|RainDance|[upkeep]
|upkeep
|turn|21
|
|t:|1769376265
|move|p1a: Iron Treads|Earthquake|p2a: Madagascar
|-supereffective|p2a: Madagascar
|-damage|p2a: Madagascar|0 fnt
|faint|p2a: Madagascar
|-end|p2a: Madagascar|Protosynthesis|[silent]
|
|-weather|none
|upkeep
|
|t:|1769376267
|switch|p2a: Fsh|Barraskewda, M|72/100
|-damage|p2a: Fsh|60/100|[from] Stealth Rock
|turn|22
|c|☆ladderingwithpgonz|Gg
|
|t:|1769376273
|move|p2a: Fsh|Liquidation|p1a: Iron Treads
|-supereffective|p1a: Iron Treads
|-damage|p1a: Iron Treads|0 fnt
|faint|p1a: Iron Treads
|-end|p1a: Iron Treads|Quark Drive|[silent]
|
|upkeep
|
|t:|1769376276
|switch|p1a: Dragonite|Dragonite, M, shiny, tera:Flying|100/100
|turn|23
|
|t:|1769376279
|move|p2a: Fsh|Liquidation|p1a: Dragonite
|-damage|p1a: Dragonite|64/100
|move|p1a: Dragonite|Tera Blast|p2a: Fsh|[anim] Tera Blast Flying
|-damage|p2a: Fsh|0 fnt
|faint|p2a: Fsh
|
|win|ladderingwithpgonz
|raw|ladderingwithpgonz's rating: 1342 &rarr; <strong>1363</strong><br />(+21 for winning)
|raw|Greendrizzle's rating: 1353 &rarr; <strong>1332</strong><br />(-21 for losing)
