|j|☆Manambintsoa
|j|☆Alerjake
|t:|1769346815
|gametype|singles
|player|p1|Manambintsoa|harlequin|1499
|player|p2|Alerjake|102|1505
|gen|9
|tier|[Gen 9] OU
|rated|
|rule|HP Percentage Mod: HP is shown in percentages
|rule|Endless Battle Clause: Forcing endless battles is banned
|rule|Species Clause: Limit one of each Pokémon
|rule|OHKO Clause: OHKO moves are banned
|rule|Evasion Items Clause: Evasion items are banned
|rule|Evasion Moves Clause: Evasion moves are banned
|rule|Evasion Abilities Clause: Evasion abilities are banned
|rule|Sleep Moves Clause: Sleep-inducing moves are banned
|clearpoke
|poke|p1|Slowking-Galar, M|
|poke|p1|Primarina, M|
|poke|p1|Corviknight, F|
|poke|p1|Skeledirge, F|
|poke|p1|Tyranitar, F|
|poke|p1|Rillaboom, M|
|poke|p2|Ceruledge, F|
|poke|p2|Ninetales-Alola, F|
|poke|p2|Raging Bolt|
|poke|p2|Iron Crown|
|poke|p2|Hydreigon, M|
|poke|p2|Iron Treads|
|teampreview
|inactive|Battle timer is ON: inactive players will automatically lose when time's up. (requested by Alerjake)
|inactive|Alerjake has 120 seconds left.
|
|t:|1769346869
|teamsize|p1|6
|teamsize|p2|6
|start
|switch|p1a: Slowking|Slowking-Galar, M, shiny|100/100
|switch|p2a: Ninetales|Ninetales-Alola, F|100/100
|-weather|Snowscape|[from] ability: Snow Warning|[of] p2a: Ninetales
|turn|1
|
|t:|1769346892
|move|p2a: Ninetales|Aurora Veil|p2a: Ninetales
|-sidestart|p2: Alerjake|move: Aurora Veil
|move|p1a: Slowking|Sludge Bomb|p2a: Ninetales
|-supereffective|p2a: Ninetales
|-damage|p2a: Ninetales|57/100
|-status|p2a: Ninetales|psn
|
|-weather|Snowscape|[upkeep]
|-damage|p2a: Ninetales|45/100 psn|[from] psn
|upkeep
|turn|2
|
|t:|1769346902
|switch|p2a: Iron Treads|Iron Treads|100/100
|-enditem|p2a: Iron Treads|Booster Energy
|-activate|p2a: Iron Treads|ability: Quark Drive|[fromitem]
|-start|p2a: Iron Treads|quarkdrivespe
|move|p1a: Slowking|Flamethrower|p2a: Iron Treads
|-supereffective|p2a: Iron Treads
|-damage|p2a: Iron Treads|63/100
|
|-weather|Snowscape|[upkeep]
|upkeep
|turn|3
|
|t:|1769346918
|switch|p1a: Corviknight|Corviknight, F|100/100
|-ability|p1a: Corviknight|Pressure
|move|p2a: Iron Treads|Knock Off|p1a: Corviknight
|-crit|p1a: Corviknight
|-damage|p1a: Corviknight|79/100
|-damage|p2a: Iron Treads|46/100|[from] item: Rocky Helmet|[of] p1a: Corviknight
|-enditem|p1a: Corviknight|Rocky Helmet|[from] move: Knock Off|[of] p2a: Iron Treads
|
|-weather|Snowscape|[upkeep]
|upkeep
|turn|4
|
|t:|1769346928
|move|p2a: Iron Treads|Iron Defense|p2a: Iron Treads
|-boost|p2a: Iron Treads|def|2
|move|p1a: Corviknight|Body Press|p2a: Iron Treads
|-supereffective|p2a: Iron Treads
|-damage|p2a: Iron Treads|37/100
|
|-weather|Snowscape|[upkeep]
|upkeep
|turn|5
|
|t:|1769346940
|move|p2a: Iron Treads|Iron Defense|p2a: Iron Treads
|-boost|p2a: Iron Treads|def|2
|move|p1a: Corviknight|U-turn|p2a: Iron Treads
|-resisted|p2a: Iron Treads
|-damage|p2a: Iron Treads|36/100
|
|t:|1769346946
|switch|p1a: Skeledirge|Skeledirge, F|100/100|[from] U-turn
|
|-weather|none
|upkeep
|turn|6
|
|t:|1769346959
|move|p2a: Iron Treads|Knock Off|p1a: Skeledirge
|-supereffective|p1a: Skeledirge
|-damage|p1a: Skeledirge|73/100
|-enditem|p1a: Skeledirge|Heavy-Duty Boots|[from] move: Knock Off|[of] p2a: Iron Treads
|move|p1a: Skeledirge|Torch Song|p2a: Iron Treads
|-supereffective|p2a: Iron Treads
|-damage|p2a: Iron Treads|2/100
|-boost|p1a: Skeledirge|spa|1
|
|upkeep
|turn|7
|
|t:|1769346983
|move|p2a: Iron Treads|Knock Off|p1a: Skeledirge
|-supereffective|p1a: Skeledirge
|-damage|p1a: Skeledirge|54/100
|move|p1a: Skeledirge|Slack Off|p1a: Skeledirge
|-heal|p1a: Skeledirge|100/100
|
|upkeep
|turn|8
|inactive|Alerjake has 120 seconds left.
|
|t:|1769347004
|move|p2a: Iron Treads|Knock Off|p1a: Skeledirge
|-supereffective|p1a: Skeledirge
|-damage|p1a: Skeledirge|82/100
|move|p1a: Skeledirge|Torch Song|p2a: Iron Treads
|-supereffective|p2a: Iron Treads
|-damage|p2a: Iron Treads|0 fnt
|-boost|p1a: Skeledirge|spa|1
|faint|p2a: Iron Treads
|-end|p2a: Iron Treads|Quark Drive|[silent]
|
|-sideend|p2: Alerjake|move: Aurora Veil
|upkeep
|
|t:|1769347007
|switch|p2a: Hydreigon|Hydreigon, M|100/100
|turn|9
|
|t:|1769347020
|switch|p1a: Primarina|Primarina, M|100/100
|move|p2a: Hydreigon|Substitute|p2a: Hydreigon
|-start|p2a: Hydreigon|Substitute
|-damage|p2a: Hydreigon|76/100
|
|-heal|p2a: Hydreigon|82/100|[from] item: Leftovers
|upkeep
|turn|10
|
|t:|1769347028
|move|p2a: Hydreigon|Nasty Plot|p2a: Hydreigon
|-boost|p2a: Hydreigon|spa|2
|move|p1a: Primarina|Moonblast|p2a: Hydreigon
|-supereffective|p2a: Hydreigon
|-end|p2a: Hydreigon|Substitute
|
|-heal|p2a: Hydreigon|88/100|[from] item: Leftovers
|upkeep
|turn|11
|
|t:|1769347035
|-terastallize|p2a: Hydreigon|Steel
|move|p2a: Hydreigon|Flash Cannon|p1a: Primarina
|-damage|p1a: Primarina|31/100
|move|p1a: Primarina|Moonblast|p2a: Hydreigon
|-resisted|p2a: Hydreigon
|-damage|p2a: Hydreigon|59/100
|-unboost|p2a: Hydreigon|spa|1
|
|-heal|p2a: Hydreigon|65/100|[from] item: Leftovers
|-heal|p1a: Primarina|37/100|[from] item: Leftovers
|upkeep
|turn|12
|
|t:|1769347048
|move|p2a: Hydreigon|Flash Cannon|p1a: Primarina
|-damage|p1a: Primarina|0 fnt
|faint|p1a: Primarina
|
|-heal|p2a: Hydreigon|72/100|[from] item: Leftovers
|upkeep
|
|t:|1769347055
|switch|p1a: Rillaboom|Rillaboom, M|100/100
|-fieldstart|move: Grassy Terrain|[from] ability: Grassy Surge|[of] p1a: Rillaboom
|turn|13
|
|t:|1769347073
|move|p2a: Hydreigon|Nasty Plot|p2a: Hydreigon
|-boost|p2a: Hydreigon|spa|2
|move|p1a: Rillaboom|Drain Punch|p2a: Hydreigon
|-supereffective|p2a: Hydreigon
|-damage|p2a: Hydreigon|0 fnt
|faint|p2a: Hydreigon
|
|upkeep
|
|t:|1769347078
|switch|p2a: Ninetales|Ninetales-Alola, F|45/100 psn
|-weather|Snowscape|[from] ability: Snow Warning|[of] p2a: Ninetales
|turn|14
|
|t:|1769347085
|switch|p1a: Tyranitar|Tyranitar, F|100/100
|-weather|Sandstorm|[from] ability: Sand Stream|[of] p1a: Tyranitar
|move|p2a: Ninetales|Aurora Veil||[still]
|-fail|p2a: Ninetales
|
|-weather|Sandstorm|[upkeep]
|-damage|p2a: Ninetales|39/100 psn|[from] Sandstorm
|-heal|p2a: Ninetales|45/100 psn|[from] Grassy Terrain
|-damage|p2a: Ninetales|33/100 psn|[from] psn
|upkeep
|turn|15
|
|t:|1769347097
|switch|p2a: Raging Bolt|Raging Bolt|100/100
|-enditem|p2a: Raging Bolt|Booster Energy
|-activate|p2a: Raging Bolt|ability: Protosynthesis|[fromitem]
|-start|p2a: Raging Bolt|protosynthesisspa
|move|p1a: Tyranitar|Earthquake|p2a: Raging Bolt
|-supereffective|p2a: Raging Bolt
|-damage|p2a: Raging Bolt|66/100
|
|-weather|Sandstorm|[upkeep]
|-damage|p2a: Raging Bolt|60/100|[from] Sandstorm
|-heal|p2a: Raging Bolt|66/100|[from] Grassy Terrain
|upkeep
|turn|16
|inactive|Alerjake has 120 seconds left.
|
|t:|1769347133
|move|p2a: Raging Bolt|Thunderbolt|p1a: Tyranitar
|-damage|p1a: Tyranitar|63/100
|move|p1a: Tyranitar|Stone Edge|p2a: Raging Bolt|[miss]
|-miss|p1a: Tyranitar|p2a: Raging Bolt
|
|-weather|Sandstorm|[upkeep]
|-damage|p2a: Raging Bolt|60/100|[from] Sandstorm
|-heal|p2a: Raging Bolt|66/100|[from] Grassy Terrain
|-heal|p1a: Tyranitar|69/100|[from] Grassy Terrain
|-heal|p1a: Tyranitar|75/100|[from] item: Leftovers
|upkeep
|turn|17
|
|t:|1769347144
|move|p2a: Raging Bolt|Thunderbolt|p1a: Tyranitar
|-damage|p1a: Tyranitar|35/100
|move|p1a: Tyranitar|Stealth Rock|p2a: Raging Bolt
|-sidestart|p2: Alerjake|move: Stealth Rock
|
|-weather|Sandstorm|[upkeep]
|-damage|p2a: Raging Bolt|60/100|[from] Sandstorm
|-heal|p2a: Raging Bolt|66/100|[from] Grassy Terrain
|-heal|p1a: Tyranitar|41/100|[from] Grassy Terrain
|-heal|p1a: Tyranitar|47/100|[from] item: Leftovers
|-fieldend|move: Grassy Terrain
|upkeep
|turn|18
|
|t:|1769347156
|move|p2a: Raging Bolt|Calm Mind|p2a: Raging Bolt
|-boost|p2a: Raging Bolt|spa|1
|-boost|p2a: Raging Bolt|spd|1
|move|p1a: Tyranitar|Earthquake|p2a: Raging Bolt
|-supereffective|p2a: Raging Bolt
|-crit|p2a: Raging Bolt
|-damage|p2a: Raging Bolt|0 fnt
|faint|p2a: Raging Bolt
|-end|p2a: Raging Bolt|Protosynthesis|[silent]
|
|-weather|none
|-heal|p1a: Tyranitar|53/100|[from] item: Leftovers
|upkeep
|
|t:|1769347159
|switch|p2a: Ninetales|Ninetales-Alola, F|33/100 psn
|-damage|p2a: Ninetales|8/100 psn|[from] Stealth Rock
|-weather|Snowscape|[from] ability: Snow Warning|[of] p2a: Ninetales
|turn|19
|
|t:|1769347176
|move|p2a: Ninetales|Aurora Veil|p2a: Ninetales
|-sidestart|p2: Alerjake|move: Aurora Veil
|move|p1a: Tyranitar|Earthquake|p2a: Ninetales
|-damage|p2a: Ninetales|0 fnt
|faint|p2a: Ninetales
|
|-weather|Snowscape|[upkeep]
|-heal|p1a: Tyranitar|60/100|[from] item: Leftovers
|upkeep
|
|t:|1769347185
|switch|p2a: Ceruledge|Ceruledge, F|100/100
|-damage|p2a: Ceruledge|76/100|[from] Stealth Rock
|turn|20
|
|t:|1769347201
|move|p2a: Ceruledge|Swords Dance|p2a: Ceruledge
|-boost|p2a: Ceruledge|atk|2
|move|p1a: Tyranitar|Knock Off|p2a: Ceruledge
|-supereffective|p2a: Ceruledge
|-damage|p2a: Ceruledge|0 fnt
|-enditem|p2a: Ceruledge|Life Orb|[from] move: Knock Off|[of] p1a: Tyranitar
|faint|p2a: Ceruledge
|
|-weather|Snowscape|[upkeep]
|-heal|p1a: Tyranitar|66/100|[from] item: Leftovers
|upkeep
|inactive|Alerjake has 120 seconds left.
|inactive|Alerjake has 90 seconds left.
|
|t:|1769347265
|switch|p2a: Iron Crown|Iron Crown|100/100
|-damage|p2a: Iron Crown|94/100|[from] Stealth Rock
|-enditem|p2a: Iron Crown|Booster Energy
|-activate|p2a: Iron Crown|ability: Quark Drive|[fromitem]
|-start|p2a: Iron Crown|quarkdrivespe
|turn|21
|
|t:|1769347274
|move|p2a: Iron Crown|Calm Mind|p2a: Iron Crown
|-boost|p2a: Iron Crown|spa|1
|-boost|p2a: Iron Crown|spd|1
|move|p1a: Tyranitar|Earthquake|p2a: Iron Crown
|-supereffective|p2a: Iron Crown
|-damage|p2a: Iron Crown|53/100
|
|-weather|Snowscape|[upkeep]
|-heal|p1a: Tyranitar|72/100|[from] item: Leftovers
|upkeep
|turn|22
|
|t:|1769347297
|move|p2a: Iron Crown|Tachyon Cutter|p1a: Tyranitar
|-supereffective|p1a: Tyranitar
|-damage|p1a: Tyranitar|10/100
|-supereffective|p1a: Tyranitar
|-damage|p1a: Tyranitar|0 fnt
|faint|p1a: Tyranitar
|-hitcount|p1: Tyranitar|2
|
|-weather|Snowscape|[upkeep]
|upkeep
|
|t:|1769347311
|switch|p1a: Corviknight|Corviknight, F|79/100
|-ability|p1a: Corviknight|Pressure
|turn|23
|
|t:|1769347317
|move|p2a: Iron Crown|Calm Mind|p2a: Iron Crown
|-boost|p2a: Iron Crown|spa|1
|-boost|p2a: Iron Crown|spd|1
|move|p1a: Corviknight|Defog|p2a: Iron Crown
|-unboost|p2a: Iron Crown|evasion|1
|-sideend|p2: Alerjake|move: Aurora Veil
|-sideend|p2: Alerjake|Stealth Rock|[from] move: Defog|[of] p1a: Corviknight
|
|-weather|none
|upkeep
|turn|24
|
|t:|1769347320
|move|p2a: Iron Crown|Focus Blast|p1a: Corviknight
|-damage|p1a: Corviknight|8/100
|move|p1a: Corviknight|Body Press|p2a: Iron Crown
|-damage|p2a: Iron Crown|29/100
|
|upkeep
|turn|25
|inactive|Alerjake has 120 seconds left.
|
|t:|1769347355
|move|p2a: Iron Crown|Tachyon Cutter|p1a: Corviknight
|-resisted|p1a: Corviknight
|-damage|p1a: Corviknight|0 fnt
|faint|p1a: Corviknight
|-hitcount|p1: Corviknight|1
|
|upkeep
|
|t:|1769347360
|switch|p1a: Slowking|Slowking-Galar, M, shiny|100/100
|turn|26
|
|t:|1769347363
|move|p2a: Iron Crown|Psyshock|p1a: Slowking
|-damage|p1a: Slowking|25/100
|move|p1a: Slowking|Flamethrower|p2a: Iron Crown
|-supereffective|p2a: Iron Crown
|-damage|p2a: Iron Crown|0 fnt
|faint|p2a: Iron Crown
|-end|p2a: Iron Crown|Quark Drive|[silent]
|
|win|Manambintsoa
|raw|Manambintsoa's rating: 1499 &rarr; <strong>1519</strong><br />(+20 for winning)
|raw|Alerjake's rating: 1505 &rarr; <strong>1485</strong><br />(-20 for losing)
|l|☆Alerjake
|player|p2|
