|j|☆LaportaPotty
|j|☆Bifld
|t:|1769325550
|gametype|singles
|player|p1|LaportaPotty|169|1393
|player|p2|Bifld|iono-masters|1426
|gen|9
|tier|[Gen 9] OU
|rated|
|rule|HP Percentage Mod: HP is shown in percentages
|rule|Endless Battle Clause: Forcing endless battles is banned
|rule|Species Clause: Limit one of each Pokémon
|rule|OHKO Clause: OHKO moves are banned
|rule|Evasion Items Clause: Evasion items are banned
|rule|Evasion Moves Clause: Evasion moves are banned
|rule|Evasion Abilities Clause: Evasion abilities are banned
|rule|Sleep Moves Clause: Sleep-inducing moves are banned
|clearpoke
|poke|p1|Okidogi, M|
|poke|p1|Raging Bolt|
|poke|p1|Zapdos|
|poke|p1|Sinistcha|
|poke|p1|Iron Treads|
|poke|p1|Darkrai|
|poke|p2|Hawlucha, M|
|poke|p2|Kingambit, F|
|poke|p2|Iron Valiant|
|poke|p2|Iron Treads|
|poke|p2|Samurott-Hisui, M|
|poke|p2|Thundurus, M|
|teampreview
|inactive|Battle timer is ON: inactive players will automatically lose when time's up. (requested by Bifld)
|
|t:|1769325566
|teamsize|p1|6
|teamsize|p2|6
|start
|switch|p1a: Darkrai|Darkrai|100/100
|switch|p2a: Thundurus|Thundurus, M|100/100
|turn|1
|
|t:|1769325583
|move|p2a: Thundurus|Electric Terrain|p2a: Thundurus
|-fieldstart|move: Electric Terrain
|move|p1a: Darkrai|Knock Off|p2a: Thundurus
|-damage|p2a: Thundurus|52/100
|-enditem|p2a: Thundurus|Terrain Extender|[from] move: Knock Off|[of] p1a: Darkrai
|
|upkeep
|turn|2
|
|t:|1769325598
|switch|p2a: Samurott|Samurott-Hisui, M, shiny|100/100
|move|p1a: Darkrai|Ice Beam|p2a: Samurott
|-resisted|p2a: Samurott
|-damage|p2a: Samurott|77/100
|
|upkeep
|turn|3
|
|t:|1769325605
|switch|p1a: Iron Treads|Iron Treads|100/100
|-activate|p1a: Iron Treads|ability: Quark Drive
|-start|p1a: Iron Treads|quarkdrivespe
|move|p2a: Samurott|Sacred Sword|p1a: Iron Treads
|-supereffective|p1a: Iron Treads
|-damage|p1a: Iron Treads|30/100
|
|upkeep
|turn|4
|
|t:|1769325611
|move|p1a: Iron Treads|Stealth Rock|p2a: Samurott
|-sidestart|p2: Bifld|move: Stealth Rock
|move|p2a: Samurott|Sacred Sword|p1a: Iron Treads
|-supereffective|p1a: Iron Treads
|-damage|p1a: Iron Treads|0 fnt
|faint|p1a: Iron Treads
|-end|p1a: Iron Treads|Quark Drive|[silent]
|
|upkeep
|
|t:|1769325616
|switch|p1a: Zapdos|Zapdos|100/100
|turn|5
|
|t:|1769325620
|switch|p2a: Iron Treads|Iron Treads, shiny|100/100
|-damage|p2a: Iron Treads|97/100|[from] Stealth Rock
|-activate|p2a: Iron Treads|ability: Quark Drive
|-start|p2a: Iron Treads|quarkdrivespe
|move|p1a: Zapdos|U-turn|p2a: Iron Treads
|-resisted|p2a: Iron Treads
|-damage|p2a: Iron Treads|91/100
|
|t:|1769325623
|switch|p1a: Sinistcha|Sinistcha|100/100|[from] U-turn
|
|upkeep
|turn|6
|
|t:|1769325628
|move|p2a: Iron Treads|Knock Off|p1a: Sinistcha
|-supereffective|p1a: Sinistcha
|-damage|p1a: Sinistcha|61/100
|-enditem|p1a: Sinistcha|Heavy-Duty Boots|[from] move: Knock Off|[of] p2a: Iron Treads
|move|p1a: Sinistcha|Strength Sap|p2a: Iron Treads
|-unboost|p2a: Iron Treads|atk|1
|-heal|p1a: Sinistcha|100/100
|
|upkeep
|turn|7
|
|t:|1769325638
|-end|p2a: Iron Treads|Quark Drive|[silent]
|switch|p2a: Iron Valiant|Iron Valiant, shiny|100/100
|-damage|p2a: Iron Valiant|94/100|[from] Stealth Rock
|-activate|p2a: Iron Valiant|ability: Quark Drive
|-start|p2a: Iron Valiant|quarkdrivespe
|move|p1a: Sinistcha|Scald|p2a: Iron Valiant
|-damage|p2a: Iron Valiant|52/100
|-status|p2a: Iron Valiant|brn
|
|-damage|p2a: Iron Valiant|46/100 brn|[from] brn
|upkeep
|turn|8
|
|t:|1769325646
|move|p2a: Iron Valiant|Shadow Ball|p1a: Sinistcha
|-supereffective|p1a: Sinistcha
|-damage|p1a: Sinistcha|3/100
|move|p1a: Sinistcha|Shadow Ball|p2a: Iron Valiant
|-crit|p2a: Iron Valiant
|-damage|p2a: Iron Valiant|0 fnt
|faint|p2a: Iron Valiant
|-end|p2a: Iron Valiant|Quark Drive|[silent]
|
|-fieldend|move: Electric Terrain
|upkeep
|
|t:|1769325651
|switch|p2a: Thundurus|Thundurus, M|52/100
|-damage|p2a: Thundurus|28/100|[from] Stealth Rock
|turn|9
|
|t:|1769325657
|move|p2a: Thundurus|U-turn|p1a: Sinistcha
|-damage|p1a: Sinistcha|0 fnt
|faint|p1a: Sinistcha
|
|t:|1769325661
|switch|p2a: Iron Treads|Iron Treads, shiny|91/100|[from] U-turn
|-damage|p2a: Iron Treads|88/100|[from] Stealth Rock
|
|upkeep
|
|t:|1769325665
|switch|p1a: Okidogi|Okidogi, M|100/100
|turn|10
|
|t:|1769325669
|move|p2a: Iron Treads|Rapid Spin|p1a: Okidogi
|-damage|p1a: Okidogi|89/100
|-boost|p2a: Iron Treads|spe|1
|-sideend|p2: Bifld|Stealth Rock|[from] move: Rapid Spin|[of] p2a: Iron Treads
|move|p1a: Okidogi|Drain Punch|p2a: Iron Treads
|-supereffective|p2a: Iron Treads
|-damage|p2a: Iron Treads|7/100
|-heal|p1a: Okidogi|100/100|[from] drain|[of] p2a: Iron Treads
|
|upkeep
|turn|11
|
|t:|1769325674
|switch|p1a: Zapdos|Zapdos|100/100
|move|p2a: Iron Treads|Earthquake|p1a: Zapdos
|-immune|p1a: Zapdos
|
|upkeep
|turn|12
|
|t:|1769325679
|move|p2a: Iron Treads|Supercell Slam|p1a: Zapdos
|-damage|p1a: Zapdos|79/100
|move|p1a: Zapdos|Heat Wave|p2a: Iron Treads
|-supereffective|p2a: Iron Treads
|-damage|p2a: Iron Treads|0 fnt
|faint|p2a: Iron Treads
|-end|p2a: Iron Treads|Quark Drive|[silent]
|
|upkeep
|
|t:|1769325685
|switch|p2a: Thundurus|Thundurus, M|28/100
|turn|13
|
|t:|1769325697
|move|p2a: Thundurus|Electric Terrain|p2a: Thundurus
|-fieldstart|move: Electric Terrain
|move|p1a: Zapdos|U-turn|p2a: Thundurus
|-resisted|p2a: Thundurus
|-damage|p2a: Thundurus|18/100
|
|t:|1769325701
|switch|p1a: Raging Bolt|Raging Bolt|100/100|[from] U-turn
|-enditem|p1a: Raging Bolt|Booster Energy
|-activate|p1a: Raging Bolt|ability: Protosynthesis|[fromitem]
|-start|p1a: Raging Bolt|protosynthesisspa
|
|upkeep
|turn|14
|
|t:|1769325712
|move|p2a: Thundurus|U-turn|p1a: Raging Bolt
|-damage|p1a: Raging Bolt|84/100
|
|t:|1769325718
|switch|p2a: Kingambit|Kingambit, F, shiny|100/100|[from] U-turn
|-activate|p2a: Kingambit|ability: Supreme Overlord
|-start|p2a: Kingambit|fallen2|[silent]
|move|p1a: Raging Bolt|Calm Mind|p1a: Raging Bolt
|-boost|p1a: Raging Bolt|spa|1
|-boost|p1a: Raging Bolt|spd|1
|
|upkeep
|turn|15
|
|t:|1769325726
|move|p1a: Raging Bolt|Thunderbolt|p2a: Kingambit
|-damage|p2a: Kingambit|0 fnt
|faint|p2a: Kingambit
|-end|p2a: Kingambit|fallen2|[silent]
|
|upkeep
|
|t:|1769325737
|switch|p2a: Hawlucha|Hawlucha, M, shiny|100/100
|-enditem|p2a: Hawlucha|Electric Seed
|-boost|p2a: Hawlucha|def|1|[from] item: Electric Seed
|turn|16
|
|t:|1769325759
|-terastallize|p2a: Hawlucha|Steel
|move|p2a: Hawlucha|Swords Dance|p2a: Hawlucha
|-boost|p2a: Hawlucha|atk|2
|move|p1a: Raging Bolt|Dragon Pulse|p2a: Hawlucha
|-resisted|p2a: Hawlucha
|-damage|p2a: Hawlucha|21/100
|
|upkeep
|turn|17
|
|t:|1769325769
|move|p1a: Raging Bolt|Thunderclap||[still]
|-fail|p1a: Raging Bolt
|move|p2a: Hawlucha|Encore|p1a: Raging Bolt
|-start|p1a: Raging Bolt|Encore
|
|-fieldend|move: Electric Terrain
|upkeep
|turn|18
|
|t:|1769325776
|-end|p1a: Raging Bolt|Protosynthesis|[silent]
|switch|p1a: Zapdos|Zapdos|79/100
|move|p2a: Hawlucha|Swords Dance|p2a: Hawlucha
|-boost|p2a: Hawlucha|atk|2
|
|upkeep
|turn|19
|
|t:|1769325785
|move|p2a: Hawlucha|Close Combat|p1a: Zapdos
|-resisted|p1a: Zapdos
|-damage|p1a: Zapdos|21/100
|-unboost|p2a: Hawlucha|def|1
|-unboost|p2a: Hawlucha|spd|1
|move|p1a: Zapdos|Thunderbolt|p2a: Hawlucha
|-damage|p2a: Hawlucha|0 fnt
|faint|p2a: Hawlucha
|
|upkeep
|
|t:|1769325792
|switch|p2a: Samurott|Samurott-Hisui, M, shiny|77/100
|turn|20
|
|t:|1769325799
|move|p2a: Samurott|Ceaseless Edge|p1a: Zapdos
|-damage|p1a: Zapdos|0 fnt
|-sidestart|p1: LaportaPotty|Spikes
|faint|p1a: Zapdos
|
|upkeep
|
|t:|1769325802
|switch|p1a: Raging Bolt|Raging Bolt|84/100
|-damage|p1a: Raging Bolt|71/100|[from] Spikes
|turn|21
|
|t:|1769325808
|move|p1a: Raging Bolt|Thunderclap|p2a: Samurott
|-supereffective|p2a: Samurott
|-damage|p2a: Samurott|0 fnt
|faint|p2a: Samurott
|
|upkeep
|
|t:|1769325810
|switch|p2a: Thundurus|Thundurus, M|18/100
|turn|22
|
|t:|1769325815
|move|p2a: Thundurus|U-turn|p1a: Raging Bolt
|-damage|p1a: Raging Bolt|56/100
|move|p1a: Raging Bolt|Dragon Pulse|p2a: Thundurus
|-damage|p2a: Thundurus|0 fnt
|faint|p2a: Thundurus
|
|win|LaportaPotty
|raw|LaportaPotty's rating: 1393 &rarr; <strong>1415</strong><br />(+22 for winning)
|raw|Bifld's rating: 1426 &rarr; <strong>1404</strong><br />(-22 for losing)
