|j|☆yuxia999
|j|☆sack800
|t:|1769415312
|gametype|singles
|player|p1|yuxia999|dawn|1402
|player|p2|sack800|burglar|1456
|gen|9
|tier|[Gen 9] OU
|rated|
|rule|HP Percentage Mod: HP is shown in percentages
|rule|Endless Battle Clause: Forcing endless battles is banned
|rule|Species Clause: Limit one of each Pokémon
|rule|OHKO Clause: OHKO moves are banned
|rule|Evasion Items Clause: Evasion items are banned
|rule|Evasion Moves Clause: Evasion moves are banned
|rule|Evasion Abilities Clause: Evasion abilities are banned
|rule|Sleep Moves Clause: Sleep-inducing moves are banned
|clearpoke
|poke|p1|Alomomola, M|
|poke|p1|Slowking-Galar, M|
|poke|p1|Kingambit, F|
|poke|p1|Great Tusk|
|poke|p1|Dragapult, F|
|poke|p1|Thundurus-Therian, M|
|poke|p2|Dondozo, F|
|poke|p2|Blissey, F|
|poke|p2|Corviknight, M|
|poke|p2|Gliscor, F|
|poke|p2|Gholdengo|
|poke|p2|Toxapex, F|
|teampreview
|inactive|Battle timer is ON: inactive players will automatically lose when time's up. (requested by yuxia999)
|l|☆sack800
|inactive|sack800 disconnected and has a minute to reconnect!
|player|p2|
|j|☆sack800
|inactive|sack800 reconnected and has 115 seconds left.
|player|p2|sack800|burglar|
|
|t:|1769415354
|teamsize|p1|6
|teamsize|p2|6
|start
|switch|p1a: Great Tusk|Great Tusk|100/100
|switch|p2a: Gholdengo|Gholdengo|100/100
|turn|1
|
|t:|1769415364
|-end|p1a: Great Tusk|Protosynthesis|[silent]
|switch|p1a: Dragapult|Dragapult, F|100/100
|switch|p2a: Toxapex|Toxapex, F|100/100
|
|upkeep
|turn|2
|
|t:|1769415369
|switch|p1a: Slowking|Slowking-Galar, M|100/100
|move|p2a: Toxapex|Toxic|p1a: Slowking
|-immune|p1a: Slowking
|
|upkeep
|turn|3
|
|t:|1769415374
|switch|p2a: Gliscor|Gliscor, F|100/100
|move|p1a: Slowking|Future Sight|p2a: Gliscor
|-start|p1a: Slowking|move: Future Sight
|
|-status|p2a: Gliscor|tox|[from] item: Toxic Orb
|upkeep
|turn|4
|
|t:|1769415379
|switch|p1a: Great Tusk|Great Tusk|100/100
|move|p2a: Gliscor|Spikes|p1a: Great Tusk
|-sidestart|p1: yuxia999|Spikes
|
|upkeep
|turn|5
|
|t:|1769415385
|switch|p2a: Corviknight|Corviknight, M|100/100
|-ability|p2a: Corviknight|Pressure
|move|p1a: Great Tusk|Stealth Rock|p2a: Corviknight
|-sidestart|p2: sack800|move: Stealth Rock
|
|-end|p2a: Corviknight|move: Future Sight
|-resisted|p2a: Corviknight
|-damage|p2a: Corviknight|80/100
|upkeep
|turn|6
|
|t:|1769415392
|-end|p1a: Great Tusk|Protosynthesis|[silent]
|switch|p1a: Slowking|Slowking-Galar, M|100/100
|switch|p2a: Gliscor|Gliscor, F|100/100 tox
|-damage|p2a: Gliscor|88/100 tox|[from] Stealth Rock
|
|-heal|p2a: Gliscor|100/100 tox|[from] ability: Poison Heal
|upkeep
|turn|7
|
|t:|1769415396
|move|p2a: Gliscor|Spikes|p1a: Slowking
|-sidestart|p1: yuxia999|Spikes
|move|p1a: Slowking|Future Sight|p2a: Gliscor
|-start|p1a: Slowking|move: Future Sight
|
|upkeep
|turn|8
|
|t:|1769415400
|switch|p1a: Great Tusk|Great Tusk|100/100
|move|p2a: Gliscor|Earthquake|p1a: Great Tusk
|-damage|p1a: Great Tusk|78/100
|
|upkeep
|turn|9
|
|t:|1769415404
|move|p1a: Great Tusk|Rapid Spin|p2a: Gliscor
|-damage|p2a: Gliscor|90/100 tox
|-boost|p1a: Great Tusk|spe|1
|-sideend|p1: yuxia999|Spikes|[from] move: Rapid Spin|[of] p1a: Great Tusk
|move|p2a: Gliscor|Toxic|p1a: Great Tusk
|-status|p1a: Great Tusk|tox
|
|-end|p2a: Gliscor|move: Future Sight
|-damage|p2a: Gliscor|38/100 tox
|-damage|p1a: Great Tusk|71/100 tox|[from] psn
|-heal|p2a: Gliscor|50/100 tox|[from] ability: Poison Heal
|upkeep
|turn|10
|
|t:|1769415411
|move|p2a: Gliscor|Protect|p2a: Gliscor
|-singleturn|p2a: Gliscor|Protect
|move|p1a: Great Tusk|Rapid Spin|p2a: Gliscor
|-activate|p2a: Gliscor|move: Protect
|
|-damage|p1a: Great Tusk|59/100 tox|[from] psn
|-heal|p2a: Gliscor|63/100 tox|[from] ability: Poison Heal
|upkeep
|turn|11
|
|t:|1769415420
|-terastallize|p2a: Gliscor|Ghost
|move|p1a: Great Tusk|Ice Spinner|p2a: Gliscor
|-damage|p2a: Gliscor|45/100 tox
|move|p2a: Gliscor|Spikes|p1a: Great Tusk
|-sidestart|p1: yuxia999|Spikes
|
|-damage|p1a: Great Tusk|40/100 tox|[from] psn
|-heal|p2a: Gliscor|58/100 tox|[from] ability: Poison Heal
|upkeep
|turn|12
|
|t:|1769415426
|-end|p1a: Great Tusk|Protosynthesis|[silent]
|switch|p1a: Slowking|Slowking-Galar, M|100/100
|move|p2a: Gliscor|Spikes|p1a: Slowking
|-sidestart|p1: yuxia999|Spikes
|
|-heal|p2a: Gliscor|70/100 tox|[from] ability: Poison Heal
|upkeep
|turn|13
|
|t:|1769415431
|move|p2a: Gliscor|Protect|p2a: Gliscor
|-singleturn|p2a: Gliscor|Protect
|-prepare|p1a: Slowking|Chilly Reception|[premajor]
|move|p1a: Slowking|Chilly Reception|p1a: Slowking
|-weather|Snowscape
|
|t:|1769415433
|switch|p1a: Dragapult|Dragapult, F|100/100|[from] Chilly Reception
|
|-weather|Snowscape|[upkeep]
|-heal|p2a: Gliscor|83/100 tox|[from] ability: Poison Heal
|upkeep
|turn|14
|
|t:|1769415437
|switch|p2a: Blissey|Blissey, F|100/100
|move|p1a: Dragapult|Shadow Ball|p2a: Blissey
|-immune|p2a: Blissey
|
|-weather|Snowscape|[upkeep]
|upkeep
|turn|15
|
|t:|1769415442
|switch|p1a: Kingambit|Kingambit, F|100/100
|-damage|p1a: Kingambit|84/100|[from] Spikes
|switch|p2a: Gliscor|Gliscor, F, tera:Ghost|83/100 tox
|-damage|p2a: Gliscor|70/100 tox|[from] Stealth Rock
|
|-weather|Snowscape|[upkeep]
|-heal|p1a: Kingambit|90/100|[from] item: Leftovers
|-heal|p2a: Gliscor|83/100 tox|[from] ability: Poison Heal
|upkeep
|turn|16
|
|t:|1769415445
|switch|p2a: Corviknight|Corviknight, M|80/100
|-damage|p2a: Corviknight|67/100|[from] Stealth Rock
|-ability|p2a: Corviknight|Pressure
|move|p1a: Kingambit|Kowtow Cleave|p2a: Corviknight
|-damage|p2a: Corviknight|35/100
|-damage|p1a: Kingambit|74/100|[from] item: Rocky Helmet|[of] p2a: Corviknight
|
|-weather|Snowscape|[upkeep]
|-heal|p1a: Kingambit|80/100|[from] item: Leftovers
|upkeep
|turn|17
|
|t:|1769415452
|move|p2a: Corviknight|Roost|p2a: Corviknight
|-heal|p2a: Corviknight|85/100
|-singleturn|p2a: Corviknight|move: Roost
|move|p1a: Kingambit|Kowtow Cleave|p2a: Corviknight
|-damage|p2a: Corviknight|55/100
|-damage|p1a: Kingambit|63/100|[from] item: Rocky Helmet|[of] p2a: Corviknight
|
|-weather|none
|-heal|p1a: Kingambit|69/100|[from] item: Leftovers
|upkeep
|turn|18
|
|t:|1769415459
|move|p2a: Corviknight|Body Press|p1a: Kingambit
|-supereffective|p1a: Kingambit
|-damage|p1a: Kingambit|0 fnt
|faint|p1a: Kingambit
|-end|p1a: Kingambit|fallenundefined|[silent]
|
|upkeep
|
|t:|1769415462
|switch|p1a: Thundurus|Thundurus-Therian, M|100/100
|turn|19
|
|t:|1769415464
|switch|p2a: Blissey|Blissey, F|100/100
|move|p1a: Thundurus|Thunderbolt|p2a: Blissey
|-damage|p2a: Blissey|87/100
|
|upkeep
|turn|20
|
|t:|1769415469
|switch|p1a: Alomomola|Alomomola, M|100/100
|-damage|p1a: Alomomola|84/100|[from] Spikes
|move|p2a: Blissey|Seismic Toss|p1a: Alomomola
|-damage|p1a: Alomomola|65/100
|-damage|p2a: Blissey|70/100|[from] item: Rocky Helmet|[of] p1a: Alomomola
|
|upkeep
|turn|21
|
|t:|1769415481
|switch|p2a: Gliscor|Gliscor, F, tera:Ghost|83/100 tox
|-damage|p2a: Gliscor|70/100 tox|[from] Stealth Rock
|move|p1a: Alomomola|Wish|p1a: Alomomola
|
|-heal|p2a: Gliscor|83/100 tox|[from] ability: Poison Heal
|upkeep
|turn|22
|
|t:|1769415484
|switch|p1a: Great Tusk|Great Tusk|40/100 tox
|move|p2a: Gliscor|Earthquake|p1a: Great Tusk
|-damage|p1a: Great Tusk|17/100 tox
|
|-heal|p1a: Great Tusk|89/100 tox|[from] move: Wish|[wisher] Alomomola
|-damage|p1a: Great Tusk|83/100 tox|[from] psn
|-heal|p2a: Gliscor|95/100 tox|[from] ability: Poison Heal
|upkeep
|turn|23
|
|t:|1769415492
|move|p1a: Great Tusk|Headlong Rush|p2a: Gliscor
|-damage|p2a: Gliscor|58/100 tox
|-unboost|p1a: Great Tusk|def|1
|-unboost|p1a: Great Tusk|spd|1
|move|p2a: Gliscor|Spikes|p1a: Great Tusk
|-sidestart|p1: yuxia999|Spikes
|
|-damage|p1a: Great Tusk|71/100 tox|[from] psn
|-heal|p2a: Gliscor|71/100 tox|[from] ability: Poison Heal
|upkeep
|turn|24
|
|t:|1769415499
|-end|p1a: Great Tusk|Protosynthesis|[silent]
|switch|p1a: Dragapult|Dragapult, F|100/100
|move|p2a: Gliscor|Earthquake|p1a: Dragapult
|-damage|p1a: Dragapult|56/100
|
|-heal|p2a: Gliscor|83/100 tox|[from] ability: Poison Heal
|upkeep
|turn|25
|
|t:|1769415506
|switch|p2a: Corviknight|Corviknight, M|55/100
|-damage|p2a: Corviknight|43/100|[from] Stealth Rock
|-ability|p2a: Corviknight|Pressure
|move|p1a: Dragapult|Draco Meteor|p2a: Corviknight
|-resisted|p2a: Corviknight
|-damage|p2a: Corviknight|14/100
|-unboost|p1a: Dragapult|spa|2
|
|upkeep
|turn|26
|
|t:|1769415512
|switch|p2a: Blissey|Blissey, F|70/100
|move|p1a: Dragapult|Shadow Ball|p2a: Blissey
|-immune|p2a: Blissey
|
|upkeep
|turn|27
|
|t:|1769415517
|switch|p1a: Alomomola|Alomomola, M|98/100
|-damage|p1a: Alomomola|74/100|[from] Spikes
|move|p2a: Blissey|Shadow Ball|p1a: Alomomola
|-damage|p1a: Alomomola|56/100
|
|upkeep
|turn|28
|
|t:|1769415529
|switch|p2a: Corviknight|Corviknight, M|14/100
|-damage|p2a: Corviknight|2/100|[from] Stealth Rock
|-ability|p2a: Corviknight|Pressure
|move|p1a: Alomomola|Wish|p1a: Alomomola
|
|upkeep
|turn|29
|
|t:|1769415533
|move|p2a: Corviknight|Roost|p2a: Corviknight
|-heal|p2a: Corviknight|52/100
|-singleturn|p2a: Corviknight|move: Roost
|move|p1a: Alomomola|Scald|p2a: Corviknight
|-damage|p2a: Corviknight|38/100
|
|-heal|p1a: Alomomola|100/100|[from] move: Wish|[wisher] Alomomola
|upkeep
|turn|30
|-message|yuxia999 forfeited.
|
|win|sack800
|raw|yuxia999's rating: 1402 &rarr; <strong>1385</strong><br />(-17 for losing)
|raw|sack800's rating: 1456 &rarr; <strong>1473</strong><br />(+17 for winning)
|l|☆yuxia999
|player|p1|
|l|☆sack800
|player|p2|
