|j|☆zhangyan88
|j|‽nakgy
|t:|1769404997
|gametype|singles
|player|p1|zhangyan88|102|1115
|player|p2|nakgy|169|1180
|gen|9
|tier|[Gen 9] OU
|rated|
|rule|HP Percentage Mod: HP is shown in percentages
|rule|Endless Battle Clause: Forcing endless battles is banned
|rule|Species Clause: Limit one of each Pokémon
|rule|OHKO Clause: OHKO moves are banned
|rule|Evasion Items Clause: Evasion items are banned
|rule|Evasion Moves Clause: Evasion moves are banned
|rule|Evasion Abilities Clause: Evasion abilities are banned
|rule|Sleep Moves Clause: Sleep-inducing moves are banned
|clearpoke
|poke|p1|Landorus-Therian, M|
|poke|p1|Tyranitar, M|
|poke|p1|Excadrill, F|
|poke|p1|Garganacl, M|
|poke|p1|Toxapex, M|
|poke|p1|Zamazenta-*|
|poke|p2|Ogerpon-Wellspring, F|
|poke|p2|Heatran, M|
|poke|p2|Mandibuzz, F|
|poke|p2|Wyrdeer, F|
|poke|p2|Gliscor, F|
|poke|p2|Mimikyu, M|
|teampreview
|inactive|Battle timer is ON: inactive players will automatically lose when time's up. (requested by nakgy)
|
|t:|1769405008
|teamsize|p1|6
|teamsize|p2|6
|start
|switch|p1a: Toxapex|Toxapex, M|100/100
|switch|p2a: Wyrdeer|Wyrdeer, F|100/100
|turn|1
|
|t:|1769405016
|move|p2a: Wyrdeer|Trick|p1a: Toxapex
|-activate|p2a: Wyrdeer|move: Trick|[of] p1a: Toxapex
|-item|p1a: Toxapex|Choice Scarf|[from] move: Trick
|-item|p2a: Wyrdeer|Rocky Helmet|[from] move: Trick
|move|p1a: Toxapex|Toxic Spikes|p2a: Wyrdeer
|-sidestart|p2: nakgy|move: Toxic Spikes
|
|upkeep
|turn|2
|
|t:|1769405023
|switch|p1a: Landorus|Landorus-Therian, M|100/100
|-ability|p1a: Landorus|Intimidate|boost
|-unboost|p2a: Wyrdeer|atk|1
|move|p2a: Wyrdeer|Psyshield Bash|p1a: Landorus
|-damage|p1a: Landorus|86/100
|-boost|p2a: Wyrdeer|def|1
|-damage|p2a: Wyrdeer|84/100|[from] item: Rocky Helmet|[of] p1a: Landorus
|
|upkeep
|turn|3
|
|t:|1769405047
|move|p1a: Landorus|Stealth Rock|p2a: Wyrdeer
|-sidestart|p2: nakgy|move: Stealth Rock
|move|p2a: Wyrdeer|Psyshield Bash|p1a: Landorus
|-damage|p1a: Landorus|71/100
|-boost|p2a: Wyrdeer|def|1
|-damage|p2a: Wyrdeer|68/100|[from] item: Rocky Helmet|[of] p1a: Landorus
|
|upkeep
|turn|4
|inactive|nakgy has 120 seconds left.
|inactive|zhangyan88 has 120 seconds left.
|
|t:|1769405079
|switch|p2a: Mandibuzz|Mandibuzz, F|100/100
|-damage|p2a: Mandibuzz|76/100|[from] Stealth Rock
|move|p1a: Landorus|Earthquake|p2a: Mandibuzz
|-immune|p2a: Mandibuzz
|
|upkeep
|turn|5
|
|t:|1769405088
|move|p1a: Landorus|Smack Down|p2a: Mandibuzz
|-supereffective|p2a: Mandibuzz
|-damage|p2a: Mandibuzz|56/100
|-start|p2a: Mandibuzz|Smack Down
|move|p2a: Mandibuzz|Defog|p1a: Landorus
|-unboost|p1a: Landorus|evasion|1
|-sideend|p2: nakgy|Toxic Spikes|[from] move: Defog|[of] p2a: Mandibuzz
|-sideend|p2: nakgy|Stealth Rock|[from] move: Defog|[of] p2a: Mandibuzz
|
|upkeep
|turn|6
|
|t:|1769405101
|switch|p2a: Gliscor|Gliscor, F|100/100
|move|p1a: Landorus|Earthquake|p2a: Gliscor
|-immune|p2a: Gliscor
|
|-status|p2a: Gliscor|tox|[from] item: Toxic Orb
|upkeep
|turn|7
|
|t:|1769405112
|move|p2a: Gliscor|Toxic|p1a: Landorus
|-status|p1a: Landorus|tox
|move|p1a: Landorus|U-turn|p2a: Gliscor
|-resisted|p2a: Gliscor
|-damage|p2a: Gliscor|94/100 tox
|
|t:|1769405119
|switch|p1a: Tyranitar|Tyranitar, M|100/100|[from] U-turn
|-weather|Sandstorm|[from] ability: Sand Stream|[of] p1a: Tyranitar
|
|-weather|Sandstorm|[upkeep]
|-heal|p2a: Gliscor|100/100 tox|[from] ability: Poison Heal
|upkeep
|turn|8
|
|t:|1769405129
|switch|p1a: Toxapex|Toxapex, M|100/100
|move|p2a: Gliscor|Toxic|p1a: Toxapex
|-immune|p1a: Toxapex
|
|-weather|Sandstorm|[upkeep]
|-damage|p1a: Toxapex|94/100|[from] Sandstorm
|upkeep
|turn|9
|
|t:|1769405145
|switch|p2a: Mandibuzz|Mandibuzz, F|56/100
|move|p1a: Toxapex|Toxic Spikes|p2a: Mandibuzz
|-sidestart|p2: nakgy|move: Toxic Spikes
|
|-weather|Sandstorm|[upkeep]
|-damage|p1a: Toxapex|88/100|[from] Sandstorm
|upkeep
|turn|10
|
|t:|1769405156
|switch|p1a: Garganacl|Garganacl, M|100/100
|move|p2a: Mandibuzz|Roost|p2a: Mandibuzz
|-heal|p2a: Mandibuzz|100/100
|-singleturn|p2a: Mandibuzz|move: Roost
|
|-weather|Sandstorm|[upkeep]
|upkeep
|turn|11
|
|t:|1769405170
|switch|p2a: Wyrdeer|Wyrdeer, F|68/100
|-status|p2a: Wyrdeer|psn
|move|p1a: Garganacl|Salt Cure|p2a: Wyrdeer
|-damage|p2a: Wyrdeer|50/100 psn
|-start|p2a: Wyrdeer|Salt Cure
|
|-weather|Sandstorm|[upkeep]
|-damage|p2a: Wyrdeer|44/100 psn|[from] Sandstorm
|-damage|p2a: Wyrdeer|32/100 psn|[from] psn
|-damage|p2a: Wyrdeer|19/100 psn|[from] Salt Cure
|upkeep
|turn|12
|
|t:|1769405184
|move|p1a: Garganacl|Protect|p1a: Garganacl
|-singleturn|p1a: Garganacl|Protect
|move|p2a: Wyrdeer|Trick|p1a: Garganacl
|-activate|p1a: Garganacl|move: Protect
|
|-weather|Sandstorm|[upkeep]
|-damage|p2a: Wyrdeer|13/100 psn|[from] Sandstorm
|-damage|p2a: Wyrdeer|1/100 psn|[from] psn
|-damage|p2a: Wyrdeer|0 fnt|[from] Salt Cure
|faint|p2a: Wyrdeer
|upkeep
|
|t:|1769405190
|switch|p2a: Gliscor|Gliscor, F|100/100 tox
|turn|13
|
|t:|1769405200
|move|p2a: Gliscor|Toxic|p1a: Garganacl
|-immune|p1a: Garganacl|[from] ability: Purifying Salt
|move|p1a: Garganacl|Salt Cure|p2a: Gliscor
|-damage|p2a: Gliscor|93/100 tox
|-start|p2a: Gliscor|Salt Cure
|
|-weather|Sandstorm|[upkeep]
|-heal|p2a: Gliscor|100/100 tox|[from] ability: Poison Heal
|-damage|p2a: Gliscor|88/100 tox|[from] Salt Cure
|upkeep
|turn|14
|
|t:|1769405212
|switch|p2a: Mandibuzz|Mandibuzz, F|100/100
|move|p1a: Garganacl|Protect||[still]
|-fail|p1a: Garganacl
|
|-weather|none
|upkeep
|turn|15
|
|t:|1769405232
|move|p2a: Mandibuzz|Defog|p1a: Garganacl
|-unboost|p1a: Garganacl|evasion|1
|-sideend|p2: nakgy|Toxic Spikes|[from] move: Defog|[of] p2a: Mandibuzz
|move|p1a: Garganacl|Salt Cure|p2a: Mandibuzz
|-supereffective|p2a: Mandibuzz
|-damage|p2a: Mandibuzz|83/100
|-start|p2a: Mandibuzz|Salt Cure
|
|-damage|p2a: Mandibuzz|71/100|[from] Salt Cure
|upkeep
|turn|16
|
|t:|1769405244
|switch|p2a: Gliscor|Gliscor, F|88/100 tox
|move|p1a: Garganacl|Curse|p1a: Garganacl
|-unboost|p1a: Garganacl|spe|1
|-boost|p1a: Garganacl|atk|1
|-boost|p1a: Garganacl|def|1
|
|-heal|p2a: Gliscor|100/100 tox|[from] ability: Poison Heal
|upkeep
|turn|17
|
|t:|1769405255
|move|p2a: Gliscor|Earthquake|p1a: Garganacl
|-supereffective|p1a: Garganacl
|-damage|p1a: Garganacl|71/100
|move|p1a: Garganacl|Salt Cure|p2a: Gliscor
|-damage|p2a: Gliscor|88/100 tox
|-start|p2a: Gliscor|Salt Cure
|
|-heal|p1a: Garganacl|77/100|[from] item: Leftovers
|-heal|p2a: Gliscor|100/100 tox|[from] ability: Poison Heal
|-damage|p2a: Gliscor|88/100 tox|[from] Salt Cure
|upkeep
|turn|18
|
|t:|1769405268
|switch|p2a: Heatran|Heatran, M|100/100
|-item|p2a: Heatran|Air Balloon
|move|p1a: Garganacl|Protect||[still]
|-fail|p1a: Garganacl
|
|-heal|p1a: Garganacl|83/100|[from] item: Leftovers
|upkeep
|turn|19
|
|t:|1769405277
|move|p2a: Heatran|Earth Power|p1a: Garganacl
|-supereffective|p1a: Garganacl
|-crit|p1a: Garganacl
|-damage|p1a: Garganacl|10/100
|move|p1a: Garganacl|Salt Cure|p2a: Heatran
|-damage|p2a: Heatran|84/100
|-start|p2a: Heatran|Salt Cure
|-enditem|p2a: Heatran|Air Balloon
|
|-heal|p1a: Garganacl|17/100|[from] item: Leftovers
|-damage|p2a: Heatran|59/100|[from] Salt Cure
|upkeep
|turn|20
|
|t:|1769405288
|switch|p2a: Gliscor|Gliscor, F|88/100 tox
|move|p1a: Garganacl|Protect||[still]
|-fail|p1a: Garganacl
|
|-heal|p1a: Garganacl|23/100|[from] item: Leftovers
|-heal|p2a: Gliscor|100/100 tox|[from] ability: Poison Heal
|upkeep
|turn|21
|
|t:|1769405297
|move|p2a: Gliscor|Earthquake|p1a: Garganacl
|-supereffective|p1a: Garganacl
|-damage|p1a: Garganacl|0 fnt
|faint|p1a: Garganacl
|
|upkeep
|
|t:|1769405305
|switch|p1a: Zamazenta|Zamazenta|100/100
|-ability|p1a: Zamazenta|Dauntless Shield|boost
|-boost|p1a: Zamazenta|def|1
|turn|22
|
|t:|1769405312
|move|p1a: Zamazenta|Body Press|p2a: Gliscor
|-resisted|p2a: Gliscor
|-damage|p2a: Gliscor|82/100 tox
|move|p2a: Gliscor|Toxic|p1a: Zamazenta|[miss]
|-miss|p2a: Gliscor|p1a: Zamazenta
|
|-heal|p2a: Gliscor|94/100 tox|[from] ability: Poison Heal
|upkeep
|turn|23
|
|t:|1769405322
|switch|p1a: Toxapex|Toxapex, M|100/100
|move|p2a: Gliscor|Substitute|p2a: Gliscor
|-start|p2a: Gliscor|Substitute
|-damage|p2a: Gliscor|69/100 tox
|
|-heal|p2a: Gliscor|82/100 tox|[from] ability: Poison Heal
|upkeep
|turn|24
|
|t:|1769405331
|move|p2a: Gliscor|Earthquake|p1a: Toxapex
|-supereffective|p1a: Toxapex
|-damage|p1a: Toxapex|62/100
|move|p1a: Toxapex|Toxic Spikes|p2a: Gliscor
|-sidestart|p2: nakgy|move: Toxic Spikes
|
|-heal|p2a: Gliscor|94/100 tox|[from] ability: Poison Heal
|upkeep
|turn|25
|
|t:|1769405339
|move|p2a: Gliscor|Earthquake|p1a: Toxapex
|-supereffective|p1a: Toxapex
|-damage|p1a: Toxapex|24/100
|move|p1a: Toxapex|Toxic Spikes|p2a: Gliscor
|-sidestart|p2: nakgy|move: Toxic Spikes
|
|-heal|p2a: Gliscor|100/100 tox|[from] ability: Poison Heal
|upkeep
|turn|26
|
|t:|1769405349
|switch|p1a: Landorus|Landorus-Therian, M|71/100 tox
|-ability|p1a: Landorus|Intimidate|boost
|-immune|p2a: Gliscor
|move|p2a: Gliscor|Toxic|p1a: Landorus
|-fail|p1a: Landorus|tox
|
|-damage|p1a: Landorus|65/100 tox|[from] psn
|upkeep
|turn|27
|
|t:|1769405361
|move|p2a: Gliscor|Substitute|p2a: Gliscor
|-fail|p2a: Gliscor|move: Substitute
|move|p1a: Landorus|Stealth Rock|p2a: Gliscor
|-sidestart|p2: nakgy|move: Stealth Rock
|
|-damage|p1a: Landorus|53/100 tox|[from] psn
|upkeep
|turn|28
|
|t:|1769405372
|move|p2a: Gliscor|Earthquake|p1a: Landorus
|-immune|p1a: Landorus
|move|p1a: Landorus|Earthquake|p2a: Gliscor
|-immune|p2a: Gliscor
|
|-damage|p1a: Landorus|35/100 tox|[from] psn
|upkeep
|turn|29
|
|t:|1769405382
|move|p2a: Gliscor|Earthquake|p1a: Landorus
|-immune|p1a: Landorus
|move|p1a: Landorus|U-turn|p2a: Gliscor
|-resisted|p2a: Gliscor
|-activate|p2a: Gliscor|move: Substitute|[damage]
|
|t:|1769405389
|switch|p1a: Tyranitar|Tyranitar, M|100/100|[from] U-turn
|-weather|Sandstorm|[from] ability: Sand Stream|[of] p1a: Tyranitar
|
|-weather|Sandstorm|[upkeep]
|upkeep
|turn|30
|
|t:|1769405396
|move|p2a: Gliscor|Toxic|p1a: Tyranitar
|-status|p1a: Tyranitar|tox
|move|p1a: Tyranitar|Knock Off|p2a: Gliscor
|-end|p2a: Gliscor|Substitute
|
|-weather|Sandstorm|[upkeep]
|-damage|p1a: Tyranitar|94/100 tox|[from] psn
|upkeep
|turn|31
|
|t:|1769405406
|move|p2a: Gliscor|Protect|p2a: Gliscor
|-singleturn|p2a: Gliscor|Protect
|move|p1a: Tyranitar|Knock Off|p2a: Gliscor
|-activate|p2a: Gliscor|move: Protect
|
|-weather|Sandstorm|[upkeep]
|-damage|p1a: Tyranitar|82/100 tox|[from] psn
|upkeep
|turn|32
|
|t:|1769405415
|move|p2a: Gliscor|Substitute|p2a: Gliscor
|-start|p2a: Gliscor|Substitute
|-damage|p2a: Gliscor|76/100 tox
|move|p1a: Tyranitar|Knock Off|p2a: Gliscor
|-end|p2a: Gliscor|Substitute
|
|-weather|Sandstorm|[upkeep]
|-heal|p2a: Gliscor|88/100 tox|[from] ability: Poison Heal
|-damage|p1a: Tyranitar|63/100 tox|[from] psn
|upkeep
|turn|33
|
|t:|1769405426
|switch|p1a: Toxapex|Toxapex, M|57/100
|move|p2a: Gliscor|Substitute|p2a: Gliscor
|-start|p2a: Gliscor|Substitute
|-damage|p2a: Gliscor|63/100 tox
|
|-weather|Sandstorm|[upkeep]
|-damage|p1a: Toxapex|51/100|[from] Sandstorm
|-heal|p2a: Gliscor|76/100 tox|[from] ability: Poison Heal
|upkeep
|turn|34
|
|t:|1769405437
|move|p2a: Gliscor|Earthquake|p1a: Toxapex
|-supereffective|p1a: Toxapex
|-damage|p1a: Toxapex|12/100
|move|p1a: Toxapex|Recover|p1a: Toxapex
|-heal|p1a: Toxapex|62/100
|
|-weather|Sandstorm|[upkeep]
|-damage|p1a: Toxapex|55/100|[from] Sandstorm
|-heal|p2a: Gliscor|88/100 tox|[from] ability: Poison Heal
|upkeep
|turn|35
|
|t:|1769405448
|move|p2a: Gliscor|Earthquake|p1a: Toxapex
|-supereffective|p1a: Toxapex
|-damage|p1a: Toxapex|12/100
|move|p1a: Toxapex|Recover|p1a: Toxapex
|-heal|p1a: Toxapex|62/100
|
|-weather|Sandstorm|[upkeep]
|-damage|p1a: Toxapex|56/100|[from] Sandstorm
|-heal|p2a: Gliscor|100/100 tox|[from] ability: Poison Heal
|upkeep
|turn|36
|
|t:|1769405459
|move|p2a: Gliscor|Earthquake|p1a: Toxapex
|-supereffective|p1a: Toxapex
|-damage|p1a: Toxapex|16/100
|move|p1a: Toxapex|Recover|p1a: Toxapex
|-heal|p1a: Toxapex|66/100
|
|-weather|none
|upkeep
|turn|37
|
|t:|1769405470
|move|p2a: Gliscor|Toxic|p1a: Toxapex
|-immune|p1a: Toxapex
|move|p1a: Toxapex|Recover|p1a: Toxapex
|-heal|p1a: Toxapex|100/100
|
|upkeep
|turn|38
|
|t:|1769405479
|move|p2a: Gliscor|Toxic|p1a: Toxapex
|-immune|p1a: Toxapex
|move|p1a: Toxapex|Recover||[still]
|-fail|p1a: Toxapex|heal
|
|upkeep
|turn|39
|
|t:|1769405485
|move|p2a: Gliscor|Toxic|p1a: Toxapex|[miss]
|-miss|p2a: Gliscor|p1a: Toxapex
|move|p1a: Toxapex|Recover||[still]
|-fail|p1a: Toxapex|heal
|
|upkeep
|turn|40
|
|t:|1769405492
|move|p2a: Gliscor|Toxic|p1a: Toxapex
|-immune|p1a: Toxapex
|move|p1a: Toxapex|Recover||[still]
|-fail|p1a: Toxapex|heal
|
|upkeep
|turn|41
|
|t:|1769405498
|move|p2a: Gliscor|Toxic|p1a: Toxapex|[miss]
|-miss|p2a: Gliscor|p1a: Toxapex
|move|p1a: Toxapex|Recover||[still]
|-fail|p1a: Toxapex|heal
|
|upkeep
|turn|42
|
|t:|1769405506
|switch|p1a: Landorus|Landorus-Therian, M|35/100 tox
|-ability|p1a: Landorus|Intimidate|boost
|-immune|p2a: Gliscor
|move|p2a: Gliscor|Earthquake|p1a: Landorus
|-immune|p1a: Landorus
|
|-damage|p1a: Landorus|29/100 tox|[from] psn
|upkeep
|turn|43
|
|t:|1769405516
|move|p2a: Gliscor|Protect|p2a: Gliscor
|-singleturn|p2a: Gliscor|Protect
|move|p1a: Landorus|U-turn|p2a: Gliscor
|-activate|p2a: Gliscor|move: Protect
|
|-damage|p1a: Landorus|17/100 tox|[from] psn
|upkeep
|turn|44
|
|t:|1769405528
|move|p2a: Gliscor|Protect||[still]
|-fail|p2a: Gliscor
|move|p1a: Landorus|U-turn|p2a: Gliscor
|-resisted|p2a: Gliscor
|-activate|p2a: Gliscor|move: Substitute|[damage]
|
|t:|1769405536
|switch|p1a: Toxapex|Toxapex, M|100/100|[from] U-turn
|
|upkeep
|turn|45
|
|t:|1769405542
|switch|p1a: Landorus|Landorus-Therian, M|17/100 tox
|-ability|p1a: Landorus|Intimidate|boost
|-immune|p2a: Gliscor
|move|p2a: Gliscor|Toxic|p1a: Landorus
|-fail|p1a: Landorus|tox
|
|-damage|p1a: Landorus|11/100 tox|[from] psn
|upkeep
|turn|46
|
|t:|1769405551
|move|p2a: Gliscor|Protect|p2a: Gliscor
|-singleturn|p2a: Gliscor|Protect
|move|p1a: Landorus|U-turn|p2a: Gliscor
|-activate|p2a: Gliscor|move: Protect
|
|-damage|p1a: Landorus|0 fnt|[from] psn
|faint|p1a: Landorus
|upkeep
|
|t:|1769405560
|switch|p1a: Toxapex|Toxapex, M|100/100
|turn|47
|
|t:|1769405566
|move|p1a: Toxapex|Baneful Bunker|p1a: Toxapex
|-singleturn|p1a: Toxapex|move: Protect
|move|p2a: Gliscor|Substitute|p2a: Gliscor
|-fail|p2a: Gliscor|move: Substitute
|
|upkeep
|turn|48
|
|t:|1769405573
|move|p2a: Gliscor|Protect|p2a: Gliscor
|-singleturn|p2a: Gliscor|Protect
|move|p1a: Toxapex|Baneful Bunker||[still]
|-fail|p1a: Toxapex
|
|upkeep
|turn|49
|
|t:|1769405579
|switch|p2a: Mandibuzz|Mandibuzz, F|71/100
|-damage|p2a: Mandibuzz|46/100|[from] Stealth Rock
|move|p1a: Toxapex|Baneful Bunker||[still]
|-fail|p1a: Toxapex
|
|upkeep
|turn|50
|
|t:|1769405589
|switch|p1a: Tyranitar|Tyranitar, M|63/100 tox
|-weather|Sandstorm|[from] ability: Sand Stream|[of] p1a: Tyranitar
|move|p2a: Mandibuzz|Defog|p1a: Tyranitar
|-unboost|p1a: Tyranitar|evasion|1
|-sideend|p2: nakgy|Toxic Spikes|[from] move: Defog|[of] p2a: Mandibuzz
|-sideend|p2: nakgy|Stealth Rock|[from] move: Defog|[of] p2a: Mandibuzz
|
|-weather|Sandstorm|[upkeep]
|-damage|p1a: Tyranitar|57/100 tox|[from] psn
|upkeep
|turn|51
|
|t:|1769405601
|move|p2a: Mandibuzz|Roost|p2a: Mandibuzz
|-heal|p2a: Mandibuzz|96/100
|-singleturn|p2a: Mandibuzz|move: Roost
|move|p1a: Tyranitar|Knock Off|p2a: Mandibuzz
|-resisted|p2a: Mandibuzz
|-damage|p2a: Mandibuzz|84/100
|-damage|p1a: Tyranitar|41/100 tox|[from] item: Rocky Helmet|[of] p2a: Mandibuzz
|-enditem|p2a: Mandibuzz|Rocky Helmet|[from] move: Knock Off|[of] p1a: Tyranitar
|
|-weather|Sandstorm|[upkeep]
|-damage|p1a: Tyranitar|28/100 tox|[from] psn
|upkeep
|turn|52
|
|t:|1769405613
|switch|p1a: Excadrill|Excadrill, F|100/100
|move|p2a: Mandibuzz|Foul Play|p1a: Excadrill
|-damage|p1a: Excadrill|28/100
|
|-weather|Sandstorm|[upkeep]
|upkeep
|turn|53
|
|t:|1769405623
|move|p1a: Excadrill|Iron Head|p2a: Mandibuzz
|-damage|p2a: Mandibuzz|54/100
|-damage|p1a: Excadrill|18/100|[from] item: Life Orb
|cant|p2a: Mandibuzz|flinch
|
|-weather|Sandstorm|[upkeep]
|upkeep
|turn|54
|
|t:|1769405632
|move|p1a: Excadrill|Earthquake|p2a: Mandibuzz
|-immune|p2a: Mandibuzz
|move|p2a: Mandibuzz|Roost|p2a: Mandibuzz
|-heal|p2a: Mandibuzz|100/100
|-singleturn|p2a: Mandibuzz|move: Roost
|
|-weather|Sandstorm|[upkeep]
|upkeep
|turn|55
|
|t:|1769405641
|move|p1a: Excadrill|Earthquake|p2a: Mandibuzz
|-immune|p2a: Mandibuzz
|move|p2a: Mandibuzz|Foul Play|p1a: Excadrill
|-damage|p1a: Excadrill|0 fnt
|faint|p1a: Excadrill
|
|-weather|Sandstorm|[upkeep]
|upkeep
|
|t:|1769405651
|switch|p1a: Zamazenta|Zamazenta|100/100
|turn|56
|
|t:|1769405658
|move|p1a: Zamazenta|Body Press|p2a: Mandibuzz
|-damage|p2a: Mandibuzz|77/100
|move|p2a: Mandibuzz|Toxic|p1a: Zamazenta
|-status|p1a: Zamazenta|tox
|
|-weather|Sandstorm|[upkeep]
|-damage|p1a: Zamazenta|94/100 tox|[from] Sandstorm
|-heal|p1a: Zamazenta|100/100 tox|[from] item: Leftovers
|-damage|p1a: Zamazenta|94/100 tox|[from] psn
|upkeep
|turn|57
|
|t:|1769405669
|move|p1a: Zamazenta|Iron Defense|p1a: Zamazenta
|-boost|p1a: Zamazenta|def|2
|move|p2a: Mandibuzz|Roost|p2a: Mandibuzz
|-heal|p2a: Mandibuzz|100/100
|-singleturn|p2a: Mandibuzz|move: Roost
|
|-weather|none
|-heal|p1a: Zamazenta|100/100 tox|[from] item: Leftovers
|-damage|p1a: Zamazenta|88/100 tox|[from] psn
|upkeep
|turn|58
|
|t:|1769405680
|switch|p2a: Mimikyu|Mimikyu, M|100/100
|move|p1a: Zamazenta|Iron Defense|p1a: Zamazenta
|-boost|p1a: Zamazenta|def|2
|
|-heal|p1a: Zamazenta|94/100 tox|[from] item: Leftovers
|-damage|p1a: Zamazenta|76/100 tox|[from] psn
|upkeep
|turn|59
|
|t:|1769405691
|move|p2a: Mimikyu|Swords Dance|p2a: Mimikyu
|-boost|p2a: Mimikyu|atk|2
|move|p1a: Zamazenta|Heavy Slam|p2a: Mimikyu
|-activate|p2a: Mimikyu|ability: Disguise
|-damage|p2a: Mimikyu|100/100
|detailschange|p2a: Mimikyu|Mimikyu-Busted, M
|-damage|p2a: Mimikyu|88/100|[from] pokemon: Mimikyu-Busted
|
|-heal|p1a: Zamazenta|82/100 tox|[from] item: Leftovers
|-damage|p1a: Zamazenta|57/100 tox|[from] psn
|upkeep
|turn|60
|
|t:|1769405707
|move|p2a: Mimikyu|Shadow Sneak|p1a: Zamazenta
|-damage|p1a: Zamazenta|49/100 tox
|-damage|p2a: Mimikyu|78/100|[from] item: Life Orb
|move|p1a: Zamazenta|Heavy Slam|p2a: Mimikyu
|-supereffective|p2a: Mimikyu
|-damage|p2a: Mimikyu|0 fnt
|faint|p2a: Mimikyu
|
|-heal|p1a: Zamazenta|55/100 tox|[from] item: Leftovers
|-damage|p1a: Zamazenta|24/100 tox|[from] psn
|upkeep
|
|t:|1769405712
|switch|p2a: Heatran|Heatran, M|59/100
|turn|61
|
|t:|1769405725
|move|p1a: Zamazenta|Body Press|p2a: Heatran
|-supereffective|p2a: Heatran
|-damage|p2a: Heatran|0 fnt
|faint|p2a: Heatran
|
|-heal|p1a: Zamazenta|30/100 tox|[from] item: Leftovers
|-damage|p1a: Zamazenta|0 fnt|[from] psn
|faint|p1a: Zamazenta
|upkeep
|
|t:|1769405735
|switch|p1a: Toxapex|Toxapex, M|100/100
|switch|p2a: Ogerpon|Ogerpon-Wellspring, F|100/100
|turn|62
|
|t:|1769405742
|move|p2a: Ogerpon|Swords Dance|p2a: Ogerpon
|-boost|p2a: Ogerpon|atk|2
|move|p1a: Toxapex|Toxic|p2a: Ogerpon
|-status|p2a: Ogerpon|tox
|
|-damage|p2a: Ogerpon|95/100 tox|[from] psn
|upkeep
|turn|63
|
|t:|1769405751
|switch|p1a: Tyranitar|Tyranitar, M|28/100 tox
|-weather|Sandstorm|[from] ability: Sand Stream|[of] p1a: Tyranitar
|move|p2a: Ogerpon|Swords Dance|p2a: Ogerpon
|-boost|p2a: Ogerpon|atk|2
|
|-weather|Sandstorm|[upkeep]
|-damage|p2a: Ogerpon|89/100 tox|[from] Sandstorm
|-damage|p2a: Ogerpon|77/100 tox|[from] psn
|-damage|p1a: Tyranitar|22/100 tox|[from] psn
|upkeep
|turn|64
|
|t:|1769405764
|move|p2a: Ogerpon|Horn Leech|p1a: Tyranitar
|-supereffective|p1a: Tyranitar
|-damage|p1a: Tyranitar|0 fnt
|-heal|p2a: Ogerpon|91/100 tox|[from] drain|[of] p1a: Tyranitar
|faint|p1a: Tyranitar
|
|-weather|Sandstorm|[upkeep]
|-damage|p2a: Ogerpon|85/100 tox|[from] Sandstorm
|-damage|p2a: Ogerpon|67/100 tox|[from] psn
|upkeep
|
|t:|1769405774
|switch|p1a: Toxapex|Toxapex, M|100/100
|turn|65
|
|t:|1769405787
|move|p1a: Toxapex|Baneful Bunker|p1a: Toxapex
|-singleturn|p1a: Toxapex|move: Protect
|move|p2a: Ogerpon|Horn Leech|p1a: Toxapex
|-activate|p1a: Toxapex|move: Protect
|
|-weather|Sandstorm|[upkeep]
|-damage|p2a: Ogerpon|61/100 tox|[from] Sandstorm
|-damage|p1a: Toxapex|94/100|[from] Sandstorm
|-damage|p2a: Ogerpon|37/100 tox|[from] psn
|upkeep
|turn|66
|
|t:|1769405797
|move|p1a: Toxapex|Baneful Bunker||[still]
|-fail|p1a: Toxapex
|move|p2a: Ogerpon|Horn Leech|p1a: Toxapex
|-damage|p1a: Toxapex|13/100
|-heal|p2a: Ogerpon|78/100 tox|[from] drain|[of] p1a: Toxapex
|
|-weather|Sandstorm|[upkeep]
|-damage|p2a: Ogerpon|72/100 tox|[from] Sandstorm
|-damage|p1a: Toxapex|7/100|[from] Sandstorm
|-damage|p2a: Ogerpon|42/100 tox|[from] psn
|upkeep
|turn|67
|
|t:|1769405808
|switch|p2a: Mandibuzz|Mandibuzz, F|100/100
|move|p1a: Toxapex|Baneful Bunker||[still]
|-fail|p1a: Toxapex
|
|-weather|Sandstorm|[upkeep]
|-damage|p1a: Toxapex|1/100|[from] Sandstorm
|upkeep
|turn|68
|
|t:|1769405819
|switch|p2a: Gliscor|Gliscor, F|100/100 tox
|move|p1a: Toxapex|Baneful Bunker||[still]
|-fail|p1a: Toxapex
|
|-weather|Sandstorm|[upkeep]
|-damage|p1a: Toxapex|0 fnt|[from] Sandstorm
|faint|p1a: Toxapex
|
|win|nakgy
|raw|zhangyan88's rating: 1115 &rarr; <strong>1095</strong><br />(-20 for losing)
|raw|nakgy's rating: 1180 &rarr; <strong>1200</strong><br />(+20 for winning)
|l|‽nakgy
|player|p2|
|l|☆zhangyan88
|player|p1|
