|j|☆leaboteabo
|j|☆Zipperlyx
|t:|1769414941
|gametype|singles
|player|p1|leaboteabo|266|1250
|player|p2|Zipperlyx|2|1248
|gen|9
|tier|[Gen 9] OU
|rated|
|rule|HP Percentage Mod: HP is shown in percentages
|rule|Endless Battle Clause: Forcing endless battles is banned
|rule|Species Clause: Limit one of each Pokémon
|rule|OHKO Clause: OHKO moves are banned
|rule|Evasion Items Clause: Evasion items are banned
|rule|Evasion Moves Clause: Evasion moves are banned
|rule|Evasion Abilities Clause: Evasion abilities are banned
|rule|Sleep Moves Clause: Sleep-inducing moves are banned
|clearpoke
|poke|p1|Zamazenta-*|
|poke|p1|Serperior, M|
|poke|p1|Gastrodon, M|
|poke|p1|Leavanny, M|
|poke|p1|Hatterene, F|
|poke|p1|Glastrier|
|poke|p2|Raging Bolt|
|poke|p2|Ting-Lu|
|poke|p2|Ogerpon-Wellspring, F|
|poke|p2|Iron Treads|
|poke|p2|Kingambit, M|
|poke|p2|Moltres|
|teampreview
|inactive|Battle timer is ON: inactive players will automatically lose when time's up. (requested by Zipperlyx)
|
|t:|1769414954
|teamsize|p1|6
|teamsize|p2|6
|start
|switch|p1a: Hatterene|Hatterene, F|100/100
|switch|p2a: Moltres|Moltres|100/100
|turn|1
|
|t:|1769414960
|move|p2a: Moltres|Flamethrower|p1a: Hatterene
|-damage|p1a: Hatterene|73/100
|move|p1a: Hatterene|Nuzzle|p2a: Moltres
|-supereffective|p2a: Moltres
|-damage|p2a: Moltres|95/100
|-status|p2a: Moltres|par
|-status|p1a: Hatterene|brn|[from] ability: Flame Body|[of] p2a: Moltres
|
|-damage|p1a: Hatterene|67/100 brn|[from] brn
|upkeep
|turn|2
|
|t:|1769414973
|move|p2a: Moltres|U-turn|p1a: Hatterene
|-damage|p1a: Hatterene|55/100 brn
|
|t:|1769414980
|switch|p2a: Kingambit|Kingambit, M|100/100|[from] U-turn
|move|p1a: Hatterene|Draining Kiss|p2a: Kingambit
|-damage|p2a: Kingambit|80/100
|-heal|p1a: Hatterene|74/100 brn|[from] drain|[of] p2a: Kingambit
|
|-heal|p2a: Kingambit|86/100|[from] item: Leftovers
|-damage|p1a: Hatterene|68/100 brn|[from] brn
|upkeep
|turn|3
|
|t:|1769414990
|switch|p1a: Zamazenta|Zamazenta|100/100
|-ability|p1a: Zamazenta|Dauntless Shield|boost
|-boost|p1a: Zamazenta|def|1
|move|p2a: Kingambit|Swords Dance|p2a: Kingambit
|-boost|p2a: Kingambit|atk|2
|
|-heal|p2a: Kingambit|92/100|[from] item: Leftovers
|upkeep
|turn|4
|
|t:|1769415001
|-end|p2a: Kingambit|fallenundefined|[silent]
|switch|p2a: Moltres|Moltres|95/100 par
|move|p1a: Zamazenta|Body Press|p2a: Moltres
|-resisted|p2a: Moltres
|-damage|p2a: Moltres|76/100 par
|
|upkeep
|turn|5
|
|t:|1769415008
|switch|p1a: Gastrodon|Gastrodon, M|100/100
|move|p2a: Moltres|U-turn|p1a: Gastrodon
|-damage|p1a: Gastrodon|85/100
|
|t:|1769415013
|switch|p2a: Ogerpon|Ogerpon-Wellspring, F|100/100|[from] U-turn
|
|upkeep
|turn|6
|
|t:|1769415017
|switch|p1a: Leavanny|Leavanny, M|100/100
|move|p2a: Ogerpon|Knock Off|p1a: Leavanny
|-damage|p1a: Leavanny|57/100
|-enditem|p1a: Leavanny|Choice Scarf|[from] move: Knock Off|[of] p2a: Ogerpon
|
|upkeep
|turn|7
|
|t:|1769415027
|switch|p1a: Zamazenta|Zamazenta|100/100
|move|p2a: Ogerpon|U-turn|p1a: Zamazenta
|-resisted|p1a: Zamazenta
|-damage|p1a: Zamazenta|91/100
|
|t:|1769415034
|switch|p2a: Raging Bolt|Raging Bolt|100/100|[from] U-turn
|-enditem|p2a: Raging Bolt|Booster Energy
|-activate|p2a: Raging Bolt|ability: Protosynthesis|[fromitem]
|-start|p2a: Raging Bolt|protosynthesisspa
|
|-heal|p1a: Zamazenta|97/100|[from] item: Leftovers
|upkeep
|turn|8
|
|t:|1769415043
|move|p2a: Raging Bolt|Calm Mind|p2a: Raging Bolt
|-boost|p2a: Raging Bolt|spa|1
|-boost|p2a: Raging Bolt|spd|1
|move|p1a: Zamazenta|Roar|p2a: Raging Bolt
|-end|p2a: Raging Bolt|Protosynthesis|[silent]
|drag|p2a: Ting-Lu|Ting-Lu|100/100
|-ability|p2a: Ting-Lu|Vessel of Ruin
|
|-heal|p1a: Zamazenta|100/100|[from] item: Leftovers
|upkeep
|turn|9
|
|t:|1769415052
|switch|p1a: Hatterene|Hatterene, F|68/100 brn
|move|p2a: Ting-Lu|Stealth Rock|p1a: Hatterene
|move|p1a: Hatterene|Stealth Rock|p2a: Ting-Lu|[from] ability: Magic Bounce
|-sidestart|p2: Zipperlyx|move: Stealth Rock
|
|-damage|p1a: Hatterene|62/100 brn|[from] brn
|upkeep
|turn|10
|
|t:|1769415061
|switch|p2a: Iron Treads|Iron Treads|100/100
|-damage|p2a: Iron Treads|97/100|[from] Stealth Rock
|-item|p2a: Iron Treads|Air Balloon
|move|p1a: Hatterene|Draining Kiss|p2a: Iron Treads
|-resisted|p2a: Iron Treads
|-damage|p2a: Iron Treads|80/100
|-heal|p1a: Hatterene|75/100 brn|[from] drain|[of] p2a: Iron Treads
|-enditem|p2a: Iron Treads|Air Balloon
|
|-damage|p1a: Hatterene|69/100 brn|[from] brn
|upkeep
|turn|11
|
|t:|1769415072
|move|p2a: Iron Treads|Rapid Spin|p1a: Hatterene
|-damage|p1a: Hatterene|56/100 brn
|-boost|p2a: Iron Treads|spe|1
|-sideend|p2: Zipperlyx|Stealth Rock|[from] move: Rapid Spin|[of] p2a: Iron Treads
|move|p1a: Hatterene|Mystical Fire|p2a: Iron Treads
|-supereffective|p2a: Iron Treads
|-damage|p2a: Iron Treads|22/100
|-unboost|p2a: Iron Treads|spa|1
|
|-damage|p1a: Hatterene|50/100 brn|[from] brn
|upkeep
|turn|12
|
|t:|1769415090
|switch|p1a: Gastrodon|Gastrodon, M|85/100
|move|p2a: Iron Treads|Earthquake|p1a: Gastrodon
|-damage|p1a: Gastrodon|40/100
|-enditem|p1a: Gastrodon|Sitrus Berry|[eat]
|-heal|p1a: Gastrodon|65/100|[from] item: Sitrus Berry
|
|upkeep
|turn|13
|
|t:|1769415100
|move|p2a: Iron Treads|Knock Off|p1a: Gastrodon
|-damage|p1a: Gastrodon|46/100
|move|p1a: Gastrodon|Spikes|p2a: Iron Treads
|-sidestart|p2: Zipperlyx|Spikes
|
|upkeep
|turn|14
|
|t:|1769415107
|switch|p1a: Serperior|Serperior, M|100/100
|move|p2a: Iron Treads|Earthquake|p1a: Serperior
|-resisted|p1a: Serperior
|-damage|p1a: Serperior|73/100
|
|upkeep
|turn|15
|
|t:|1769415113
|move|p1a: Serperior|Leaf Storm|p2a: Iron Treads
|-damage|p2a: Iron Treads|0 fnt
|-boost|p1a: Serperior|spa|2
|faint|p2a: Iron Treads
|-end|p2a: Iron Treads|Quark Drive|[silent]
|
|upkeep
|
|t:|1769415122
|switch|p2a: Raging Bolt|Raging Bolt|100/100
|-damage|p2a: Raging Bolt|88/100|[from] Spikes
|turn|16
|
|t:|1769415126
|move|p1a: Serperior|Leaf Storm|p2a: Raging Bolt
|-resisted|p2a: Raging Bolt
|-damage|p2a: Raging Bolt|45/100
|-boost|p1a: Serperior|spa|2
|move|p2a: Raging Bolt|Calm Mind|p2a: Raging Bolt
|-boost|p2a: Raging Bolt|spa|1
|-boost|p2a: Raging Bolt|spd|1
|
|upkeep
|turn|17
|
|t:|1769415135
|switch|p1a: Gastrodon|Gastrodon, M|46/100
|move|p2a: Raging Bolt|Thunderclap||[still]
|-fail|p2a: Raging Bolt
|
|upkeep
|turn|18
|
|t:|1769415149
|switch|p1a: Hatterene|Hatterene, F|50/100 brn
|-terastallize|p2a: Raging Bolt|Fairy
|move|p2a: Raging Bolt|Calm Mind|p2a: Raging Bolt
|-boost|p2a: Raging Bolt|spa|1
|-boost|p2a: Raging Bolt|spd|1
|
|-damage|p1a: Hatterene|44/100 brn|[from] brn
|upkeep
|turn|19
|
|t:|1769415157
|move|p2a: Raging Bolt|Thunderbolt|p1a: Hatterene
|-damage|p1a: Hatterene|0 fnt
|faint|p1a: Hatterene
|
|upkeep
|
|t:|1769415161
|switch|p1a: Glastrier|Glastrier|100/100
|turn|20
|
|t:|1769415167
|-terastallize|p1a: Glastrier|Ground
|move|p2a: Raging Bolt|Thunderbolt|p1a: Glastrier
|-immune|p1a: Glastrier
|move|p1a: Glastrier|Heavy Slam|p2a: Raging Bolt
|-supereffective|p2a: Raging Bolt
|-damage|p2a: Raging Bolt|11/100
|
|upkeep
|turn|21
|
|t:|1769415177
|move|p2a: Raging Bolt|Dragon Pulse|p1a: Glastrier
|-damage|p1a: Glastrier|45/100
|move|p1a: Glastrier|Avalanche|p2a: Raging Bolt
|-crit|p2a: Raging Bolt
|-damage|p2a: Raging Bolt|0 fnt
|faint|p2a: Raging Bolt
|-end|p2a: Raging Bolt|Protosynthesis|[silent]
|-ability|p1a: Glastrier|Chilling Neigh|boost
|-boost|p1a: Glastrier|atk|1
|
|upkeep
|
|t:|1769415180
|switch|p2a: Ogerpon|Ogerpon-Wellspring, F|100/100
|-damage|p2a: Ogerpon|88/100|[from] Spikes
|turn|22
|
|t:|1769415191
|switch|p1a: Zamazenta|Zamazenta|100/100
|move|p2a: Ogerpon|U-turn|p1a: Zamazenta
|-resisted|p1a: Zamazenta
|-damage|p1a: Zamazenta|91/100
|
|t:|1769415194
|switch|p2a: Moltres|Moltres|76/100 par|[from] U-turn
|
|-heal|p1a: Zamazenta|97/100|[from] item: Leftovers
|upkeep
|turn|23
|
|t:|1769415224
|switch|p1a: Glastrier|Glastrier, tera:Ground|45/100
|move|p2a: Moltres|Flamethrower|p1a: Glastrier
|-damage|p1a: Glastrier|26/100
|
|upkeep
|turn|24
|
|t:|1769415239
|cant|p2a: Moltres|par
|move|p1a: Glastrier|Close Combat|p2a: Moltres
|-resisted|p2a: Moltres
|-damage|p2a: Moltres|60/100 par
|-unboost|p1a: Glastrier|def|1
|-unboost|p1a: Glastrier|spd|1
|
|upkeep
|turn|25
|inactive|leaboteabo has 120 seconds left.
|l|☆Zipperlyx
|inactive|Zipperlyx disconnected and has a minute to reconnect!
|player|p2|
|inactive|Zipperlyx has 30 seconds to reconnect!
|inactive|Zipperlyx has 20 seconds to reconnect!
|inactive|Zipperlyx has 15 seconds to reconnect!
|inactive|Zipperlyx has 10 seconds to reconnect!
|inactive|Zipperlyx has 5 seconds to reconnect!
|-message|Zipperlyx lost due to inactivity.
|
|win|leaboteabo
|raw|leaboteabo's rating: 1250 &rarr; <strong>1275</strong><br />(+25 for winning)
|raw|Zipperlyx's rating: 1248 &rarr; <strong>1223</strong><br />(-25 for losing)
|l|☆leaboteabo
|player|p1|
