|j|☆ghanaputthisd
|j|☆tadmisha
|t:|1769356176
|gametype|singles
|player|p1|ghanaputthisd|caitlin|1324
|player|p2|tadmisha|psychic-gen4|1408
|gen|9
|tier|[Gen 9] OU
|rated|
|rule|HP Percentage Mod: HP is shown in percentages
|rule|Endless Battle Clause: Forcing endless battles is banned
|rule|Species Clause: Limit one of each Pokémon
|rule|OHKO Clause: OHKO moves are banned
|rule|Evasion Items Clause: Evasion items are banned
|rule|Evasion Moves Clause: Evasion moves are banned
|rule|Evasion Abilities Clause: Evasion abilities are banned
|rule|Sleep Moves Clause: Sleep-inducing moves are banned
|clearpoke
|poke|p1|Barraskewda, F|
|poke|p1|Ludicolo, M|
|poke|p1|Pelipper, F|
|poke|p1|Zapdos|
|poke|p1|Rillaboom, F|
|poke|p1|Cloyster, M|
|poke|p2|Raging Bolt|
|poke|p2|Weavile, M|
|poke|p2|Gholdengo|
|poke|p2|Slowking-Galar, M|
|poke|p2|Moltres|
|poke|p2|Great Tusk|
|teampreview
|inactive|Battle timer is ON: inactive players will automatically lose when time's up. (requested by ghanaputthisd)
|c|☆tadmisha|glhf
|
|t:|1769356186
|teamsize|p1|6
|teamsize|p2|6
|start
|switch|p1a: Rillaboom|Rillaboom, F, shiny|100/100
|switch|p2a: Great Tusk|Great Tusk|100/100
|-fieldstart|move: Grassy Terrain|[from] ability: Grassy Surge|[of] p1a: Rillaboom
|turn|1
|
|t:|1769356192
|-end|p2a: Great Tusk|Protosynthesis|[silent]
|switch|p2a: Moltres|Moltres|100/100
|move|p1a: Rillaboom|Wood Hammer|p2a: Moltres
|-resisted|p2a: Moltres
|-damage|p2a: Moltres|81/100
|-damage|p1a: Rillaboom|93/100|[from] Recoil
|
|-heal|p1a: Rillaboom|99/100|[from] Grassy Terrain
|upkeep
|turn|2
|
|t:|1769356197
|switch|p1a: Pelipper|Pelipper, F, shiny|100/100
|-weather|RainDance|[from] ability: Drizzle|[of] p1a: Pelipper
|move|p2a: Moltres|Flamethrower|p1a: Pelipper
|-resisted|p1a: Pelipper
|-damage|p1a: Pelipper|88/100
|
|-weather|RainDance|[upkeep]
|upkeep
|turn|3
|
|t:|1769356200
|switch|p2a: Slowking|Slowking-Galar, M|100/100
|move|p1a: Pelipper|Surf|p2a: Slowking
|-damage|p2a: Slowking|75/100
|
|-weather|RainDance|[upkeep]
|-heal|p2a: Slowking|81/100|[from] Grassy Terrain
|-heal|p2a: Slowking|88/100|[from] item: Leftovers
|upkeep
|turn|4
|
|t:|1769356202
|move|p1a: Pelipper|U-turn|p2a: Slowking
|-damage|p2a: Slowking|79/100
|
|t:|1769356205
|switch|p1a: Zapdos|Zapdos|100/100|[from] U-turn
|-prepare|p2a: Slowking|Chilly Reception|[premajor]
|move|p2a: Slowking|Chilly Reception|p2a: Slowking
|-weather|Snowscape
|
|t:|1769356209
|switch|p2a: Raging Bolt|Raging Bolt|100/100|[from] Chilly Reception
|
|-weather|Snowscape|[upkeep]
|upkeep
|turn|5
|
|t:|1769356224
|move|p1a: Zapdos|Volt Switch|p2a: Raging Bolt
|-resisted|p2a: Raging Bolt
|-damage|p2a: Raging Bolt|92/100
|
|t:|1769356226
|switch|p1a: Rillaboom|Rillaboom, F, shiny|99/100|[from] Volt Switch
|move|p2a: Raging Bolt|Draco Meteor|p1a: Rillaboom
|-damage|p1a: Rillaboom|0 fnt
|-unboost|p2a: Raging Bolt|spa|2
|faint|p1a: Rillaboom
|
|-weather|Snowscape|[upkeep]
|-heal|p2a: Raging Bolt|98/100|[from] Grassy Terrain
|-fieldend|move: Grassy Terrain
|upkeep
|
|t:|1769356230
|switch|p1a: Pelipper|Pelipper, F, shiny|88/100
|-weather|RainDance|[from] ability: Drizzle|[of] p1a: Pelipper
|turn|6
|
|t:|1769356232
|switch|p1a: Ludicolo|Ludicolo, M, shiny|100/100
|move|p2a: Raging Bolt|Draco Meteor|p1a: Ludicolo|[miss]
|-miss|p2a: Raging Bolt|p1a: Ludicolo
|
|-weather|RainDance|[upkeep]
|upkeep
|turn|7
|
|t:|1769356246
|-end|p2a: Raging Bolt|Protosynthesis|[silent]
|switch|p2a: Slowking|Slowking-Galar, M|100/100
|move|p1a: Ludicolo|Ice Beam|p2a: Slowking
|-damage|p2a: Slowking|83/100
|-damage|p1a: Ludicolo|91/100|[from] item: Life Orb
|
|-weather|RainDance|[upkeep]
|-heal|p2a: Slowking|89/100|[from] item: Leftovers
|upkeep
|turn|8
|
|t:|1769356249
|-terastallize|p1a: Ludicolo|Water
|move|p1a: Ludicolo|Hydro Pump|p2a: Slowking
|-damage|p2a: Slowking|26/100
|-damage|p1a: Ludicolo|81/100|[from] item: Life Orb
|-prepare|p2a: Slowking|Chilly Reception|[premajor]
|move|p2a: Slowking|Chilly Reception|p2a: Slowking
|-weather|Snowscape
|
|t:|1769356256
|switch|p2a: Raging Bolt|Raging Bolt|98/100|[from] Chilly Reception
|
|-weather|Snowscape|[upkeep]
|upkeep
|turn|9
|
|t:|1769356258
|move|p1a: Ludicolo|Rain Dance|p1a: Ludicolo
|-weather|RainDance
|move|p2a: Raging Bolt|Volt Switch|p1a: Ludicolo
|-supereffective|p1a: Ludicolo
|-damage|p1a: Ludicolo|0 fnt
|faint|p1a: Ludicolo
|
|t:|1769356261
|-end|p2a: Raging Bolt|Protosynthesis|[silent]
|switch|p2a: Slowking|Slowking-Galar, M|60/100|[from] Volt Switch
|
|-weather|RainDance|[upkeep]
|-heal|p2a: Slowking|66/100|[from] item: Leftovers
|upkeep
|
|t:|1769356264
|switch|p1a: Barraskewda|Barraskewda, F|100/100
|turn|10
|
|t:|1769356269
|switch|p2a: Raging Bolt|Raging Bolt|98/100
|move|p1a: Barraskewda|Liquidation|p2a: Raging Bolt
|-resisted|p2a: Raging Bolt
|-damage|p2a: Raging Bolt|48/100
|-unboost|p2a: Raging Bolt|def|1
|
|-weather|RainDance|[upkeep]
|upkeep
|turn|11
|
|t:|1769356276
|move|p2a: Raging Bolt|Thunderclap|p1a: Barraskewda
|-supereffective|p1a: Barraskewda
|-damage|p1a: Barraskewda|0 fnt
|faint|p1a: Barraskewda
|
|-weather|RainDance|[upkeep]
|upkeep
|
|t:|1769356278
|switch|p1a: Zapdos|Zapdos|100/100
|turn|12
|
|t:|1769356284
|-end|p2a: Raging Bolt|Protosynthesis|[silent]
|switch|p2a: Gholdengo|Gholdengo|100/100
|-item|p2a: Gholdengo|Air Balloon
|move|p1a: Zapdos|Hurricane|p2a: Gholdengo
|-resisted|p2a: Gholdengo
|-damage|p2a: Gholdengo|76/100
|-enditem|p2a: Gholdengo|Air Balloon
|
|-weather|RainDance|[upkeep]
|upkeep
|turn|13
|
|t:|1769356294
|move|p1a: Zapdos|Thunder|p2a: Gholdengo
|-damage|p2a: Gholdengo|22/100
|-status|p2a: Gholdengo|par
|cant|p2a: Gholdengo|par
|
|-weather|none
|upkeep
|turn|14
|
|t:|1769356298
|move|p1a: Zapdos|Hurricane|p2a: Gholdengo|[miss]
|-miss|p1a: Zapdos|p2a: Gholdengo
|move|p2a: Gholdengo|Recover|p2a: Gholdengo
|-heal|p2a: Gholdengo|72/100 par
|
|upkeep
|turn|15
|
|t:|1769356308
|move|p1a: Zapdos|Volt Switch|p2a: Gholdengo
|-damage|p2a: Gholdengo|40/100 par
|
|t:|1769356311
|switch|p1a: Pelipper|Pelipper, F, shiny|88/100|[from] Volt Switch
|-weather|RainDance|[from] ability: Drizzle|[of] p1a: Pelipper
|cant|p2a: Gholdengo|par
|
|-weather|RainDance|[upkeep]
|upkeep
|turn|16
|
|t:|1769356314
|switch|p2a: Slowking|Slowking-Galar, M|99/100
|move|p1a: Pelipper|U-turn|p2a: Slowking
|-damage|p2a: Slowking|90/100
|
|t:|1769356316
|switch|p1a: Cloyster|Cloyster, M|100/100|[from] U-turn
|
|-weather|RainDance|[upkeep]
|-heal|p2a: Slowking|96/100|[from] item: Leftovers
|upkeep
|turn|17
|
|t:|1769356323
|move|p1a: Cloyster|Icicle Spear|p2a: Slowking
|-damage|p2a: Slowking|86/100
|-damage|p2a: Slowking|75/100
|-damage|p2a: Slowking|64/100
|-damage|p2a: Slowking|54/100
|-damage|p2a: Slowking|44/100
|-hitcount|p2a: Slowking|5
|move|p2a: Slowking|Thunder Wave|p1a: Cloyster
|-status|p1a: Cloyster|par
|
|-weather|RainDance|[upkeep]
|-heal|p2a: Slowking|50/100|[from] item: Leftovers
|upkeep
|turn|18
|c|☆ghanaputthisd|Gg
|
|t:|1769356331
|move|p1a: Cloyster|Icicle Spear|p2a: Slowking
|-damage|p2a: Slowking|40/100
|-damage|p2a: Slowking|29/100
|-damage|p2a: Slowking|19/100
|-damage|p2a: Slowking|8/100
|-damage|p2a: Slowking|0 fnt
|faint|p2a: Slowking
|-hitcount|p2: Slowking|5
|
|-weather|RainDance|[upkeep]
|upkeep
|
|t:|1769356339
|switch|p2a: Raging Bolt|Raging Bolt|48/100
|turn|19
|
|t:|1769356346
|switch|p1a: Zapdos|Zapdos|100/100
|move|p2a: Raging Bolt|Thunderbolt|p1a: Zapdos
|-damage|p1a: Zapdos|5/100
|
|-weather|RainDance|[upkeep]
|upkeep
|turn|20
|
|t:|1769356350
|move|p1a: Zapdos|Roost|p1a: Zapdos
|-heal|p1a: Zapdos|55/100
|-singleturn|p1a: Zapdos|move: Roost
|move|p2a: Raging Bolt|Thunderbolt|p1a: Zapdos
|-resisted|p1a: Zapdos
|-damage|p1a: Zapdos|6/100
|
|-weather|RainDance|[upkeep]
|upkeep
|turn|21
|
|t:|1769356354
|move|p1a: Zapdos|Roost|p1a: Zapdos
|-heal|p1a: Zapdos|56/100
|-singleturn|p1a: Zapdos|move: Roost
|move|p2a: Raging Bolt|Thunderbolt|p1a: Zapdos
|-resisted|p1a: Zapdos
|-damage|p1a: Zapdos|6/100
|
|-weather|RainDance|[upkeep]
|upkeep
|turn|22
|
|t:|1769356358
|move|p1a: Zapdos|Roost|p1a: Zapdos
|-heal|p1a: Zapdos|56/100
|-singleturn|p1a: Zapdos|move: Roost
|move|p2a: Raging Bolt|Thunderbolt|p1a: Zapdos
|-resisted|p1a: Zapdos
|-damage|p1a: Zapdos|8/100
|
|-weather|none
|upkeep
|turn|23
|
|t:|1769356361
|move|p1a: Zapdos|Roost|p1a: Zapdos
|-heal|p1a: Zapdos|58/100
|-singleturn|p1a: Zapdos|move: Roost
|move|p2a: Raging Bolt|Thunderbolt|p1a: Zapdos
|-resisted|p1a: Zapdos
|-damage|p1a: Zapdos|13/100
|
|upkeep
|turn|24
|
|t:|1769356366
|move|p1a: Zapdos|Roost|p1a: Zapdos
|-heal|p1a: Zapdos|63/100
|-singleturn|p1a: Zapdos|move: Roost
|move|p2a: Raging Bolt|Thunderbolt|p1a: Zapdos
|-resisted|p1a: Zapdos
|-damage|p1a: Zapdos|12/100
|
|upkeep
|turn|25
|
|t:|1769356373
|move|p1a: Zapdos|Hurricane|p2a: Raging Bolt
|-resisted|p2a: Raging Bolt
|-damage|p2a: Raging Bolt|19/100
|-start|p2a: Raging Bolt|confusion
|-activate|p2a: Raging Bolt|confusion
|move|p2a: Raging Bolt|Thunderbolt|p1a: Zapdos
|-damage|p1a: Zapdos|0 fnt
|faint|p1a: Zapdos
|
|upkeep
|
|t:|1769356379
|switch|p1a: Cloyster|Cloyster, M|100/100 par
|turn|26
|
|t:|1769356381
|-activate|p2a: Raging Bolt|confusion
|move|p2a: Raging Bolt|Thunderbolt|p1a: Cloyster
|-supereffective|p1a: Cloyster
|-damage|p1a: Cloyster|0 fnt
|faint|p1a: Cloyster
|
|upkeep
|
|t:|1769356384
|switch|p1a: Pelipper|Pelipper, F, shiny|88/100
|-weather|RainDance|[from] ability: Drizzle|[of] p1a: Pelipper
|turn|27
|
|t:|1769356390
|-activate|p2a: Raging Bolt|confusion
|move|p2a: Raging Bolt|Thunderbolt|p1a: Pelipper
|-supereffective|p1a: Pelipper
|-damage|p1a: Pelipper|0 fnt
|faint|p1a: Pelipper
|
|win|tadmisha
|raw|ghanaputthisd's rating: 1324 &rarr; <strong>1309</strong><br />(-15 for losing)
|raw|tadmisha's rating: 1408 &rarr; <strong>1423</strong><br />(+15 for winning)
|l|☆ghanaputthisd
|player|p1|
|c|☆tadmisha|gg
|l|☆tadmisha
|player|p2|
