|j|☆Igoodnamename
|j|☆my password broke
|t:|1769335537
|gametype|singles
|player|p1|Igoodnamename|265|1663
|player|p2|my password broke|clown|1534
|gen|9
|tier|[Gen 9] OU
|rated|
|rule|HP Percentage Mod: HP is shown in percentages
|rule|Endless Battle Clause: Forcing endless battles is banned
|rule|Species Clause: Limit one of each Pokémon
|rule|OHKO Clause: OHKO moves are banned
|rule|Evasion Items Clause: Evasion items are banned
|rule|Evasion Moves Clause: Evasion moves are banned
|rule|Evasion Abilities Clause: Evasion abilities are banned
|rule|Sleep Moves Clause: Sleep-inducing moves are banned
|clearpoke
|poke|p1|Tinkaton, F|
|poke|p1|Ogerpon, F|
|poke|p1|Great Tusk|
|poke|p1|Pecharunt|
|poke|p1|Alomomola, M|
|poke|p1|Hydreigon, M|
|poke|p2|Iron Valiant|
|poke|p2|Excadrill, M|
|poke|p2|Tyranitar, M|
|poke|p2|Tornadus-Therian, M|
|poke|p2|Ogerpon-Cornerstone, F|
|poke|p2|Toxapex, M|
|teampreview
|
|t:|1769335570
|teamsize|p1|6
|teamsize|p2|6
|start
|switch|p1a: Anonymous|Ogerpon, F|100/100
|switch|p2a: Excadrill|Excadrill, M, shiny|100/100
|turn|1
|inactive|Battle timer is ON: inactive players will automatically lose when time's up. (requested by my password broke)
|
|t:|1769335589
|switch|p2a: Toxapex|Toxapex, M, shiny|100/100
|-terastallize|p1a: Anonymous|Grass
|detailschange|p1a: Anonymous|Ogerpon-Teal-Tera, F, tera:Grass
|-ability|p1a: Anonymous|Embody Aspect (Teal)|boost
|-boost|p1a: Anonymous|spe|1
|move|p1a: Anonymous|Ivy Cudgel|p2a: Toxapex
|-damage|p2a: Toxapex|34/100
|-enditem|p2a: Toxapex|Eject Button
|
|t:|1769335609
|switch|p2a: Tyranitar|Tyranitar, M, shiny|100/100
|-weather|Sandstorm|[from] ability: Sand Stream|[of] p2a: Tyranitar
|
|-weather|Sandstorm|[upkeep]
|-damage|p1a: Anonymous|95/100|[from] Sandstorm
|upkeep
|turn|2
|
|t:|1769335637
|-terastallize|p2a: Tyranitar|Bug
|move|p1a: Anonymous|Ivy Cudgel|p2a: Tyranitar
|-resisted|p2a: Tyranitar
|-damage|p2a: Tyranitar|52/100
|move|p2a: Tyranitar|Ice Punch|p1a: Anonymous
|-supereffective|p1a: Anonymous
|-crit|p1a: Anonymous
|-damage|p1a: Anonymous|0 fnt
|faint|p1a: Anonymous
|detailschange|p1: Anonymous|Ogerpon, F|[silent]
|
|-weather|Sandstorm|[upkeep]
|-damage|p2a: Tyranitar|46/100|[from] Sandstorm
|upkeep
|inactive|Igoodnamename has 120 seconds left.
|
|t:|1769335663
|switch|p1a: Hybrid|Hydreigon, M, shiny|100/100
|turn|3
|
|t:|1769335673
|switch|p2a: Excadrill|Excadrill, M, shiny|100/100
|move|p1a: Hybrid|Dark Pulse|p2a: Excadrill
|-damage|p2a: Excadrill|24/100
|
|-weather|Sandstorm|[upkeep]
|-damage|p1a: Hybrid|94/100|[from] Sandstorm
|-heal|p2a: Excadrill|30/100|[from] item: Leftovers
|upkeep
|turn|4
|inactive|Igoodnamename has 120 seconds left.
|
|t:|1769335680
|move|p2a: Excadrill|Rock Slide|p1a: Hybrid
|-damage|p1a: Hybrid|58/100
|move|p1a: Hybrid|Dark Pulse|p2a: Excadrill
|-damage|p2a: Excadrill|0 fnt
|faint|p2a: Excadrill
|
|-weather|Sandstorm|[upkeep]
|-damage|p1a: Hybrid|52/100|[from] Sandstorm
|upkeep
|
|t:|1769335686
|switch|p2a: Iron Valiant|Iron Valiant, shiny|100/100
|turn|5
|
|t:|1769335693
|switch|p1a: Smile.exe|Tinkaton, F, shiny|100/100
|-item|p1a: Smile.exe|Air Balloon
|move|p2a: Iron Valiant|Shadow Ball|p1a: Smile.exe
|-damage|p1a: Smile.exe|61/100
|-unboost|p1a: Smile.exe|spd|1
|-enditem|p1a: Smile.exe|Air Balloon
|
|-weather|Sandstorm|[upkeep]
|-damage|p2a: Iron Valiant|94/100|[from] Sandstorm
|upkeep
|turn|6
|
|t:|1769335707
|-end|p2a: Iron Valiant|Quark Drive|[silent]
|switch|p2a: Tornadus|Tornadus-Therian, M, shiny|100/100
|switch|p1a: Pisces|Alomomola, M, shiny|100/100
|
|-weather|Sandstorm|[upkeep]
|-damage|p2a: Tornadus|94/100|[from] Sandstorm
|-damage|p1a: Pisces|94/100|[from] Sandstorm
|upkeep
|turn|7
|
|t:|1769335715
|switch|p2a: Toxapex|Toxapex, M, shiny|67/100
|move|p1a: Pisces|Flip Turn|p2a: Toxapex
|-resisted|p2a: Toxapex
|-damage|p2a: Toxapex|62/100
|
|t:|1769335721
|switch|p1a: Smile.exe|Tinkaton, F, shiny|61/100|[from] Flip Turn
|
|-weather|Sandstorm|[upkeep]
|-damage|p2a: Toxapex|56/100|[from] Sandstorm
|upkeep
|turn|8
|
|t:|1769335729
|switch|p2a: Tornadus|Tornadus-Therian, M, shiny|100/100
|move|p1a: Smile.exe|Stealth Rock|p2a: Tornadus
|-sidestart|p2: my password broke|move: Stealth Rock
|
|-weather|none
|upkeep
|turn|9
|
|t:|1769335739
|move|p2a: Tornadus|Heat Wave|p1a: Smile.exe
|-supereffective|p1a: Smile.exe
|-damage|p1a: Smile.exe|0 fnt
|faint|p1a: Smile.exe
|
|upkeep
|
|t:|1769335755
|switch|p1a: Pisces|Alomomola, M, shiny|100/100
|turn|10
|
|t:|1769335762
|switch|p2a: Toxapex|Toxapex, M, shiny|89/100
|-damage|p2a: Toxapex|77/100|[from] Stealth Rock
|move|p1a: Pisces|Flip Turn|p2a: Toxapex
|-resisted|p2a: Toxapex
|-damage|p2a: Toxapex|71/100
|
|t:|1769335772
|switch|p1a: Overseer|Pecharunt|100/100|[from] Flip Turn
|
|upkeep
|turn|11
|
|t:|1769335779
|move|p1a: Overseer|Shadow Ball|p2a: Toxapex
|-damage|p2a: Toxapex|53/100
|-unboost|p2a: Toxapex|spd|1
|move|p2a: Toxapex|Toxic Spikes|p1a: Overseer
|-sidestart|p1: Igoodnamename|move: Toxic Spikes
|
|upkeep
|turn|12
|
|t:|1769335783
|switch|p2a: Tyranitar|Tyranitar, M, shiny, tera:Bug|46/100
|-damage|p2a: Tyranitar|21/100|[from] Stealth Rock
|-weather|Sandstorm|[from] ability: Sand Stream|[of] p2a: Tyranitar
|move|p1a: Overseer|Shadow Ball|p2a: Tyranitar
|-damage|p2a: Tyranitar|0 fnt
|faint|p2a: Tyranitar
|
|-weather|Sandstorm|[upkeep]
|-damage|p1a: Overseer|94/100|[from] Sandstorm
|upkeep
|
|t:|1769335790
|switch|p2a: Tornadus|Tornadus-Therian, M, shiny|100/100
|-damage|p2a: Tornadus|76/100|[from] Stealth Rock
|turn|13
|
|t:|1769335796
|move|p2a: Tornadus|Bleakwind Storm|p1a: Overseer
|-damage|p1a: Overseer|22/100
|-unboost|p1a: Overseer|spe|1
|move|p1a: Overseer|Malignant Chain|p2a: Tornadus
|-damage|p2a: Tornadus|40/100
|-status|p2a: Tornadus|tox
|-start|p2a: Tornadus|confusion|[from] ability: Poison Puppeteer|[of] p1a: Overseer
|
|-weather|Sandstorm|[upkeep]
|-damage|p2a: Tornadus|34/100 tox|[from] Sandstorm
|-damage|p1a: Overseer|16/100|[from] Sandstorm
|-damage|p2a: Tornadus|28/100 tox|[from] psn
|upkeep
|turn|14
|
|t:|1769335806
|switch|p1a: Behemoth|Great Tusk, shiny|100/100
|-activate|p2a: Tornadus|confusion
|-damage|p2a: Tornadus|18/100 tox|[from] confusion
|
|-weather|Sandstorm|[upkeep]
|-damage|p2a: Tornadus|12/100 tox|[from] Sandstorm
|-damage|p2a: Tornadus|0 fnt|[from] psn
|faint|p2a: Tornadus
|upkeep
|
|t:|1769335814
|switch|p2a: Iron Valiant|Iron Valiant, shiny|94/100
|-damage|p2a: Iron Valiant|88/100|[from] Stealth Rock
|turn|15
|
|t:|1769335820
|move|p2a: Iron Valiant|Moonblast|p1a: Behemoth
|-supereffective|p1a: Behemoth
|-damage|p1a: Behemoth|0 fnt
|faint|p1a: Behemoth
|-end|p1a: Behemoth|Protosynthesis|[silent]
|
|-weather|Sandstorm|[upkeep]
|-damage|p2a: Iron Valiant|82/100|[from] Sandstorm
|upkeep
|
|t:|1769335825
|switch|p1a: Overseer|Pecharunt|16/100
|-sideend|p1: Igoodnamename|move: Toxic Spikes|[of] p1a: Overseer
|turn|16
|
|t:|1769335829
|switch|p1a: Pisces|Alomomola, M, shiny|100/100
|move|p2a: Iron Valiant|Moonblast|p1a: Pisces
|-damage|p1a: Pisces|64/100
|-unboost|p1a: Pisces|spa|1
|
|-weather|Sandstorm|[upkeep]
|-damage|p2a: Iron Valiant|76/100|[from] Sandstorm
|-damage|p1a: Pisces|58/100|[from] Sandstorm
|upkeep
|turn|17
|
|t:|1769335840
|-end|p2a: Iron Valiant|Quark Drive|[silent]
|switch|p2a: Ogerpon|Ogerpon-Cornerstone, F|100/100
|-damage|p2a: Ogerpon|88/100|[from] Stealth Rock
|move|p1a: Pisces|Flip Turn|p2a: Ogerpon
|-damage|p2a: Ogerpon|66/100
|
|t:|1769335851
|switch|p1a: Hybrid|Hydreigon, M, shiny|52/100|[from] Flip Turn
|
|-weather|Sandstorm|[upkeep]
|-damage|p1a: Hybrid|46/100|[from] Sandstorm
|upkeep
|turn|18
|
|t:|1769335859
|move|p2a: Ogerpon|Low Kick|p1a: Hybrid
|-supereffective|p1a: Hybrid
|-damage|p1a: Hybrid|0 fnt
|faint|p1a: Hybrid
|
|-weather|Sandstorm|[upkeep]
|upkeep
|c|☆Igoodnamename|ggs
|-message|Igoodnamename forfeited.
|
|win|my password broke
|raw|Igoodnamename's rating: 1663 &rarr; <strong>1636</strong><br />(-27 for losing)
|raw|my password broke's rating: 1534 &rarr; <strong>1561</strong><br />(+27 for winning)
|c|☆my password broke|2gs
|l|☆Igoodnamename
|player|p1|
|l|☆my password broke
|player|p2|
