|j|☆mother3part2
|j|☆meiopotato
|t:|1769360755
|gametype|singles
|player|p1|mother3part2|doctor|1570
|player|p2|meiopotato|169|1521
|gen|9
|tier|[Gen 9] OU
|rated|
|rule|HP Percentage Mod: HP is shown in percentages
|rule|Endless Battle Clause: Forcing endless battles is banned
|rule|Species Clause: Limit one of each Pokémon
|rule|OHKO Clause: OHKO moves are banned
|rule|Evasion Items Clause: Evasion items are banned
|rule|Evasion Moves Clause: Evasion moves are banned
|rule|Evasion Abilities Clause: Evasion abilities are banned
|rule|Sleep Moves Clause: Sleep-inducing moves are banned
|clearpoke
|poke|p1|Landorus-Therian, M|
|poke|p1|Samurott-Hisui, F|
|poke|p1|Gholdengo|
|poke|p1|Thundurus-Therian, M|
|poke|p1|Scizor, F|
|poke|p1|Zamazenta-*|
|poke|p2|Cresselia, F|
|poke|p2|Iron Moth|
|poke|p2|Polteageist|
|poke|p2|Ogerpon-Wellspring, F|
|poke|p2|Kingambit, M|
|poke|p2|Zamazenta-*|
|teampreview
|inactive|Battle timer is ON: inactive players will automatically lose when time's up. (requested by meiopotato)
|inactive|mother3part2 has 120 seconds left.
|
|t:|1769360794
|teamsize|p1|6
|teamsize|p2|6
|start
|switch|p1a: Space Lion|Landorus-Therian, M|100/100
|switch|p2a: Ogerpon|Ogerpon-Wellspring, F|100/100
|-ability|p1a: Space Lion|Intimidate|boost
|-unboost|p2a: Ogerpon|atk|1
|turn|1
|
|t:|1769360805
|switch|p1a: I Float Alone|Thundurus-Therian, M|100/100
|move|p2a: Ogerpon|Swords Dance|p2a: Ogerpon
|-boost|p2a: Ogerpon|atk|2
|
|upkeep
|turn|2
|
|t:|1769360814
|move|p2a: Ogerpon|Ivy Cudgel|p1a: I Float Alone|[anim] Ivy Cudgel Water
|-damage|p1a: I Float Alone|0 fnt
|faint|p1a: I Float Alone
|
|upkeep
|
|t:|1769360817
|switch|p1a: No Children|Zamazenta|100/100
|-ability|p1a: No Children|Dauntless Shield|boost
|-boost|p1a: No Children|def|1
|turn|3
|
|t:|1769360825
|move|p1a: No Children|Body Press|p2a: Ogerpon
|-damage|p2a: Ogerpon|31/100
|move|p2a: Ogerpon|Play Rough|p1a: No Children
|-supereffective|p1a: No Children
|-damage|p1a: No Children|52/100
|
|-heal|p1a: No Children|58/100|[from] item: Leftovers
|upkeep
|turn|4
|
|t:|1769360831
|move|p1a: No Children|Body Press|p2a: Ogerpon
|-damage|p2a: Ogerpon|0 fnt
|faint|p2a: Ogerpon
|
|-heal|p1a: No Children|64/100|[from] item: Leftovers
|upkeep
|
|t:|1769360833
|switch|p2a: Polteageist|Polteageist|100/100
|turn|5
|
|t:|1769360836
|move|p2a: Polteageist|Shell Smash|p2a: Polteageist
|-unboost|p2a: Polteageist|def|1
|-unboost|p2a: Polteageist|spd|1
|-boost|p2a: Polteageist|atk|2
|-boost|p2a: Polteageist|spa|2
|-boost|p2a: Polteageist|spe|2
|move|p1a: No Children|Roar|p2a: Polteageist
|drag|p2a: Cresselia|Cresselia, F, shiny|100/100
|
|-heal|p1a: No Children|70/100|[from] item: Leftovers
|upkeep
|turn|6
|
|t:|1769360843
|switch|p1a: Real Folks Blues|Samurott-Hisui, F|100/100
|move|p2a: Cresselia|Moonblast|p1a: Real Folks Blues
|-supereffective|p1a: Real Folks Blues
|-damage|p1a: Real Folks Blues|46/100
|
|upkeep
|turn|7
|
|t:|1769360846
|move|p1a: Real Folks Blues|Ceaseless Edge|p2a: Cresselia
|-supereffective|p2a: Cresselia
|-damage|p2a: Cresselia|47/100
|-sidestart|p2: meiopotato|Spikes
|move|p2a: Cresselia|Moonblast|p1a: Real Folks Blues
|-supereffective|p1a: Real Folks Blues
|-damage|p1a: Real Folks Blues|0 fnt
|faint|p1a: Real Folks Blues
|
|-heal|p2a: Cresselia|53/100|[from] item: Leftovers
|upkeep
|
|t:|1769360853
|switch|p1a: Joe le Taxi|Scizor, F|100/100
|turn|8
|
|t:|1769360859
|move|p1a: Joe le Taxi|Swords Dance|p1a: Joe le Taxi
|-boost|p1a: Joe le Taxi|atk|2
|move|p2a: Cresselia|Moonblast|p1a: Joe le Taxi
|-resisted|p1a: Joe le Taxi
|-damage|p1a: Joe le Taxi|88/100
|
|-heal|p2a: Cresselia|60/100|[from] item: Leftovers
|upkeep
|turn|9
|
|t:|1769360863
|move|p1a: Joe le Taxi|Knock Off|p2a: Cresselia
|-supereffective|p2a: Cresselia
|-damage|p2a: Cresselia|0 fnt
|-enditem|p2a: Cresselia|Leftovers|[from] move: Knock Off|[of] p1a: Joe le Taxi
|faint|p2a: Cresselia
|
|upkeep
|
|t:|1769360865
|switch|p2a: Iron Moth|Iron Moth|100/100
|-damage|p2a: Iron Moth|88/100|[from] Spikes
|turn|10
|
|t:|1769360883
|move|p2a: Iron Moth|Fiery Dance|p1a: Joe le Taxi
|-supereffective|p1a: Joe le Taxi
|-damage|p1a: Joe le Taxi|0 fnt
|-boost|p2a: Iron Moth|spa|1
|faint|p1a: Joe le Taxi
|
|upkeep
|
|t:|1769360885
|switch|p1a: Material Girl|Gholdengo|100/100
|turn|11
|
|t:|1769360892
|move|p1a: Material Girl|Shadow Ball|p2a: Iron Moth
|-damage|p2a: Iron Moth|46/100
|move|p2a: Iron Moth|Fiery Dance|p1a: Material Girl
|-supereffective|p1a: Material Girl
|-damage|p1a: Material Girl|0 fnt
|-boost|p2a: Iron Moth|spa|1
|faint|p1a: Material Girl
|
|upkeep
|
|t:|1769360898
|switch|p1a: Space Lion|Landorus-Therian, M|100/100
|-ability|p1a: Space Lion|Intimidate|boost
|-unboost|p2a: Iron Moth|atk|1
|turn|12
|
|t:|1769360900
|move|p2a: Iron Moth|Fiery Dance|p1a: Space Lion
|-damage|p1a: Space Lion|5/100
|-boost|p2a: Iron Moth|spa|1
|move|p1a: Space Lion|Earthquake|p2a: Iron Moth
|-supereffective|p2a: Iron Moth
|-damage|p2a: Iron Moth|0 fnt
|faint|p2a: Iron Moth
|-end|p2a: Iron Moth|Quark Drive|[silent]
|
|upkeep
|
|t:|1769360906
|switch|p2a: Zamazenta|Zamazenta|100/100
|-damage|p2a: Zamazenta|88/100|[from] Spikes
|-ability|p2a: Zamazenta|Dauntless Shield|boost
|-boost|p2a: Zamazenta|def|1
|turn|13
|
|t:|1769360911
|move|p2a: Zamazenta|Crunch|p1a: Space Lion
|-damage|p1a: Space Lion|0 fnt
|-damage|p2a: Zamazenta|72/100|[from] item: Rocky Helmet|[of] p1a: Space Lion
|faint|p1a: Space Lion
|
|-heal|p2a: Zamazenta|78/100|[from] item: Leftovers
|upkeep
|
|t:|1769360913
|switch|p1a: No Children|Zamazenta|70/100
|turn|14
|
|t:|1769360939
|move|p2a: Zamazenta|Iron Defense|p2a: Zamazenta
|-boost|p2a: Zamazenta|def|2
|move|p1a: No Children|Iron Defense|p1a: No Children
|-boost|p1a: No Children|def|2
|
|-heal|p2a: Zamazenta|84/100|[from] item: Leftovers
|-heal|p1a: No Children|76/100|[from] item: Leftovers
|upkeep
|turn|15
|
|t:|1769360943
|move|p2a: Zamazenta|Body Press|p1a: No Children
|-damage|p1a: No Children|47/100
|move|p1a: No Children|Roar|p2a: Zamazenta
|drag|p2a: Kingambit|Kingambit, M|100/100
|-damage|p2a: Kingambit|88/100|[from] Spikes
|-activate|p2a: Kingambit|ability: Supreme Overlord
|-start|p2a: Kingambit|fallen3|[silent]
|
|-heal|p1a: No Children|53/100|[from] item: Leftovers
|-heal|p2a: Kingambit|94/100|[from] item: Leftovers
|upkeep
|turn|16
|
|t:|1769360963
|move|p1a: No Children|Iron Defense|p1a: No Children
|-boost|p1a: No Children|def|2
|move|p2a: Kingambit|Iron Head|p1a: No Children
|-damage|p1a: No Children|41/100
|
|-heal|p1a: No Children|47/100|[from] item: Leftovers
|-heal|p2a: Kingambit|100/100|[from] item: Leftovers
|upkeep
|turn|17
|
|t:|1769360969
|move|p1a: No Children|Iron Defense|p1a: No Children
|-boost|p1a: No Children|def|2
|move|p2a: Kingambit|Iron Head|p1a: No Children
|-damage|p1a: No Children|37/100
|
|-heal|p1a: No Children|43/100|[from] item: Leftovers
|upkeep
|turn|18
|
|t:|1769360972
|move|p1a: No Children|Body Press|p2a: Kingambit
|-supereffective|p2a: Kingambit
|-damage|p2a: Kingambit|0 fnt
|faint|p2a: Kingambit
|-end|p2a: Kingambit|fallen3|[silent]
|
|-heal|p1a: No Children|49/100|[from] item: Leftovers
|upkeep
|
|t:|1769360975
|switch|p2a: Polteageist|Polteageist|100/100
|-damage|p2a: Polteageist|88/100|[from] Spikes
|turn|19
|
|t:|1769360977
|-terastallize|p2a: Polteageist|Grass
|move|p1a: No Children|Crunch|p2a: Polteageist
|-damage|p2a: Polteageist|49/100
|-ability|p2a: Polteageist|Weak Armor|boost
|-unboost|p2a: Polteageist|def|1
|-boost|p2a: Polteageist|spe|2
|move|p2a: Polteageist|Shell Smash|p2a: Polteageist
|-unboost|p2a: Polteageist|def|1
|-unboost|p2a: Polteageist|spd|1
|-boost|p2a: Polteageist|atk|2
|-boost|p2a: Polteageist|spa|2
|-boost|p2a: Polteageist|spe|2
|
|-heal|p1a: No Children|55/100|[from] item: Leftovers
|upkeep
|turn|20
|
|t:|1769360985
|-terastallize|p1a: No Children|Fire
|move|p2a: Polteageist|Giga Drain|p1a: No Children
|-resisted|p1a: No Children
|-crit|p1a: No Children
|-damage|p1a: No Children|0 fnt
|-heal|p2a: Polteageist|85/100|[from] drain|[of] p1a: No Children
|faint|p1a: No Children
|
|win|meiopotato
|raw|mother3part2's rating: 1570 &rarr; <strong>1547</strong><br />(-23 for losing)
|raw|meiopotato's rating: 1521 &rarr; <strong>1544</strong><br />(+23 for winning)
|l|☆mother3part2
|player|p1|
|l|☆meiopotato
|player|p2|
