|j|☆cringooo
|j|☆LYHtyt
|t:|1769405234
|gametype|singles
|player|p1|cringooo|elesa-masters|1184
|player|p2|LYHtyt|hilbert|1232
|gen|9
|tier|[Gen 9] OU
|rated|
|rule|HP Percentage Mod: HP is shown in percentages
|rule|Endless Battle Clause: Forcing endless battles is banned
|rule|Species Clause: Limit one of each Pokémon
|rule|OHKO Clause: OHKO moves are banned
|rule|Evasion Items Clause: Evasion items are banned
|rule|Evasion Moves Clause: Evasion moves are banned
|rule|Evasion Abilities Clause: Evasion abilities are banned
|rule|Sleep Moves Clause: Sleep-inducing moves are banned
|clearpoke
|poke|p1|Torkoal, M|
|poke|p1|Trevenant, F|
|poke|p1|Chandelure, F|
|poke|p1|Walking Wake|
|poke|p1|Hatterene, F|
|poke|p1|Iron Moth|
|poke|p2|Samurott-Hisui, F|
|poke|p2|Dragonite, F|
|poke|p2|Iron Valiant|
|poke|p2|Scizor, F|
|poke|p2|Garchomp, F|
|poke|p2|Kingambit, M|
|teampreview
|
|t:|1769405245
|teamsize|p1|6
|teamsize|p2|6
|start
|switch|p1a: Torkoal|Torkoal, M|100/100
|switch|p2a: Iron Valiant|Iron Valiant|100/100
|-weather|SunnyDay|[from] ability: Drought|[of] p1a: Torkoal
|-enditem|p2a: Iron Valiant|Booster Energy
|-activate|p2a: Iron Valiant|ability: Quark Drive|[fromitem]
|-start|p2a: Iron Valiant|quarkdrivespe
|turn|1
|
|t:|1769405266
|-end|p2a: Iron Valiant|Quark Drive|[silent]
|switch|p2a: Garchomp|Garchomp, F|100/100
|move|p1a: Torkoal|Stealth Rock|p2a: Garchomp
|-sidestart|p2: LYHtyt|move: Stealth Rock
|
|-weather|SunnyDay|[upkeep]
|upkeep
|turn|2
|
|t:|1769405275
|switch|p1a: Hatterene|Hatterene, F|100/100
|move|p2a: Garchomp|Earthquake|p1a: Hatterene
|-damage|p1a: Hatterene|60/100
|-enditem|p1a: Hatterene|Eject Button
|
|t:|1769405283
|switch|p1a: Trevenant|Trevenant, F|100/100
|
|-weather|SunnyDay|[upkeep]
|upkeep
|turn|3
|
|t:|1769405293
|switch|p2a: Samurott|Samurott-Hisui, F|100/100
|-damage|p2a: Samurott|88/100|[from] Stealth Rock
|move|p1a: Trevenant|Will-O-Wisp|p2a: Samurott
|-status|p2a: Samurott|brn
|
|-weather|SunnyDay|[upkeep]
|-damage|p2a: Samurott|82/100 brn|[from] brn
|upkeep
|turn|4
|
|t:|1769405306
|move|p2a: Samurott|Ceaseless Edge|p1a: Trevenant
|-supereffective|p1a: Trevenant
|-damage|p1a: Trevenant|54/100
|-sidestart|p1: cringooo|Spikes
|move|p1a: Trevenant|Horn Leech|p2a: Samurott
|-supereffective|p2a: Samurott
|-damage|p2a: Samurott|15/100 brn
|-heal|p1a: Trevenant|83/100|[from] drain|[of] p2a: Samurott
|
|-weather|SunnyDay|[upkeep]
|-damage|p2a: Samurott|9/100 brn|[from] brn
|upkeep
|turn|5
|
|t:|1769405314
|move|p2a: Samurott|Ceaseless Edge|p1a: Trevenant
|-supereffective|p1a: Trevenant
|-damage|p1a: Trevenant|32/100
|-sidestart|p1: cringooo|Spikes
|-enditem|p1a: Trevenant|Sitrus Berry|[eat]
|-heal|p1a: Trevenant|57/100|[from] item: Sitrus Berry
|move|p1a: Trevenant|Horn Leech|p2a: Samurott
|-supereffective|p2a: Samurott
|-damage|p2a: Samurott|0 fnt
|-heal|p1a: Trevenant|60/100|[from] drain|[of] p2a: Samurott
|faint|p2a: Samurott
|
|-weather|SunnyDay|[upkeep]
|-item|p1a: Trevenant|Sitrus Berry|[from] ability: Harvest
|upkeep
|
|t:|1769405327
|switch|p2a: Scizor|Scizor, F|100/100
|-damage|p2a: Scizor|88/100|[from] Stealth Rock
|turn|6
|
|t:|1769405332
|move|p2a: Scizor|Bullet Punch|p1a: Trevenant
|-damage|p1a: Trevenant|8/100
|-enditem|p1a: Trevenant|Sitrus Berry|[eat]
|-heal|p1a: Trevenant|33/100|[from] item: Sitrus Berry
|move|p1a: Trevenant|Will-O-Wisp|p2a: Scizor
|-status|p2a: Scizor|brn
|
|-weather|SunnyDay|[upkeep]
|-damage|p2a: Scizor|82/100 brn|[from] brn
|-item|p1a: Trevenant|Sitrus Berry|[from] ability: Harvest
|upkeep
|-enditem|p1a: Trevenant|Sitrus Berry|[eat]
|-heal|p1a: Trevenant|58/100|[from] item: Sitrus Berry
|turn|7
|
|t:|1769405336
|move|p2a: Scizor|Bullet Punch|p1a: Trevenant
|-damage|p1a: Trevenant|32/100
|move|p1a: Trevenant|Knock Off|p2a: Scizor
|-damage|p2a: Scizor|56/100 brn
|-enditem|p2a: Scizor|Choice Band|[from] move: Knock Off|[of] p1a: Trevenant
|
|-weather|SunnyDay|[upkeep]
|-damage|p2a: Scizor|50/100 brn|[from] brn
|-item|p1a: Trevenant|Sitrus Berry|[from] ability: Harvest
|upkeep
|-enditem|p1a: Trevenant|Sitrus Berry|[eat]
|-heal|p1a: Trevenant|56/100|[from] item: Sitrus Berry
|turn|8
|
|t:|1769405348
|switch|p1a: Torkoal|Torkoal, M|100/100
|-damage|p1a: Torkoal|84/100|[from] Spikes
|move|p2a: Scizor|Bullet Punch|p1a: Torkoal
|-resisted|p1a: Torkoal
|-damage|p1a: Torkoal|79/100
|
|-weather|none
|-damage|p2a: Scizor|44/100 brn|[from] brn
|upkeep
|turn|9
|
|t:|1769405361
|switch|p2a: Garchomp|Garchomp, F|100/100
|-damage|p2a: Garchomp|94/100|[from] Stealth Rock
|move|p1a: Torkoal|Rapid Spin|p2a: Garchomp
|-damage|p2a: Garchomp|85/100
|-boost|p1a: Torkoal|spe|1
|-damage|p1a: Torkoal|67/100|[from] ability: Rough Skin|[of] p2a: Garchomp
|-sideend|p1: cringooo|Spikes|[from] move: Rapid Spin|[of] p1a: Torkoal
|
|upkeep
|turn|10
|
|t:|1769405376
|switch|p1a: Trevenant|Trevenant, F|56/100
|move|p2a: Garchomp|Iron Head|p1a: Trevenant
|-damage|p1a: Trevenant|29/100
|
|upkeep
|turn|11
|
|t:|1769405380
|move|p2a: Garchomp|Iron Head|p1a: Trevenant
|-damage|p1a: Trevenant|0 fnt
|faint|p1a: Trevenant
|
|upkeep
|
|t:|1769405382
|switch|p1a: Torkoal|Torkoal, M|67/100
|-weather|SunnyDay|[from] ability: Drought|[of] p1a: Torkoal
|turn|12
|
|t:|1769405394
|move|p2a: Garchomp|Iron Head|p1a: Torkoal
|-resisted|p1a: Torkoal
|-damage|p1a: Torkoal|59/100
|cant|p1a: Torkoal|flinch
|
|-weather|SunnyDay|[upkeep]
|upkeep
|turn|13
|
|t:|1769405412
|switch|p2a: Dragonite|Dragonite, F|100/100
|-damage|p2a: Dragonite|76/100|[from] Stealth Rock
|switch|p1a: Iron Moth|Iron Moth|100/100
|-enditem|p1a: Iron Moth|Booster Energy
|-activate|p1a: Iron Moth|ability: Quark Drive|[fromitem]
|-start|p1a: Iron Moth|quarkdrivespa
|
|-weather|SunnyDay|[upkeep]
|upkeep
|turn|14
|
|t:|1769405423
|move|p1a: Iron Moth|Dazzling Gleam|p2a: Dragonite
|-supereffective|p2a: Dragonite
|-damage|p2a: Dragonite|12/100
|move|p2a: Dragonite|Waterfall|p1a: Iron Moth
|-supereffective|p1a: Iron Moth
|-damage|p1a: Iron Moth|18/100
|
|-weather|SunnyDay|[upkeep]
|upkeep
|turn|15
|
|t:|1769405438
|move|p1a: Iron Moth|Fiery Dance|p2a: Dragonite
|-resisted|p2a: Dragonite
|-damage|p2a: Dragonite|0 fnt
|-boost|p1a: Iron Moth|spa|1
|faint|p2a: Dragonite
|
|-weather|SunnyDay|[upkeep]
|upkeep
|
|t:|1769405444
|switch|p2a: Kingambit|Kingambit, M|100/100
|-damage|p2a: Kingambit|94/100|[from] Stealth Rock
|-activate|p2a: Kingambit|ability: Supreme Overlord
|-start|p2a: Kingambit|fallen2|[silent]
|turn|16
|
|t:|1769405452
|move|p2a: Kingambit|Sucker Punch|p1a: Iron Moth
|-damage|p1a: Iron Moth|0 fnt
|faint|p1a: Iron Moth
|-end|p1a: Iron Moth|Quark Drive|[silent]
|-damage|p2a: Kingambit|84/100|[from] item: Life Orb
|
|-weather|SunnyDay|[upkeep]
|upkeep
|
|t:|1769405456
|switch|p1a: Hatterene|Hatterene, F|60/100
|turn|17
|
|t:|1769405461
|move|p2a: Kingambit|Sucker Punch|p1a: Hatterene
|-damage|p1a: Hatterene|5/100
|-damage|p2a: Kingambit|75/100|[from] item: Life Orb
|move|p1a: Hatterene|Nuzzle|p2a: Kingambit
|-damage|p2a: Kingambit|72/100
|-status|p2a: Kingambit|par
|
|-weather|SunnyDay|[upkeep]
|upkeep
|turn|18
|
|t:|1769405474
|cant|p2a: Kingambit|par
|move|p1a: Hatterene|Healing Wish|p1a: Hatterene
|faint|p1a: Hatterene
|
|-weather|SunnyDay|[upkeep]
|upkeep
|
|t:|1769405482
|switch|p1a: Chandelure|Chandelure, F|100/100
|turn|19
|
|t:|1769405508
|-terastallize|p1a: Chandelure|Fire
|move|p2a: Kingambit|Sucker Punch|p1a: Chandelure
|-damage|p1a: Chandelure|14/100
|-damage|p2a: Kingambit|62/100 par|[from] item: Life Orb
|move|p1a: Chandelure|Flamethrower|p2a: Kingambit
|-supereffective|p2a: Kingambit
|-damage|p2a: Kingambit|0 fnt
|faint|p2a: Kingambit
|-end|p2a: Kingambit|fallen2|[silent]
|
|-weather|none
|upkeep
|
|t:|1769405525
|switch|p2a: Garchomp|Garchomp, F|85/100
|-damage|p2a: Garchomp|79/100|[from] Stealth Rock
|turn|20
|
|t:|1769405534
|switch|p1a: Torkoal|Torkoal, M|59/100
|-heal|p1a: Torkoal|100/100|[from] move: Healing Wish
|-weather|SunnyDay|[from] ability: Drought|[of] p1a: Torkoal
|move|p2a: Garchomp|Outrage|p1a: Torkoal
|-damage|p1a: Torkoal|65/100
|
|-weather|SunnyDay|[upkeep]
|upkeep
|turn|21
|
|t:|1769405550
|move|p2a: Garchomp|Outrage|p1a: Torkoal|[from] lockedmove
|-damage|p1a: Torkoal|26/100
|-start|p2a: Garchomp|confusion|[fatigue]
|move|p1a: Torkoal|Body Press|p2a: Garchomp
|-damage|p2a: Garchomp|47/100
|-damage|p1a: Torkoal|14/100|[from] ability: Rough Skin|[of] p2a: Garchomp
|
|-weather|SunnyDay|[upkeep]
|upkeep
|turn|22
|
|t:|1769405559
|switch|p1a: Walking Wake|Walking Wake|100/100
|-activate|p1a: Walking Wake|ability: Protosynthesis
|-start|p1a: Walking Wake|protosynthesisspa
|-activate|p2a: Garchomp|confusion
|-damage|p2a: Garchomp|33/100|[from] confusion
|
|-weather|SunnyDay|[upkeep]
|upkeep
|turn|23
|
|t:|1769405577
|-activate|p2a: Garchomp|confusion
|move|p2a: Garchomp|Outrage|p1a: Walking Wake
|-supereffective|p1a: Walking Wake
|-damage|p1a: Walking Wake|0 fnt
|faint|p1a: Walking Wake
|-end|p1a: Walking Wake|Protosynthesis|[silent]
|
|-weather|SunnyDay|[upkeep]
|upkeep
|
|t:|1769405584
|switch|p1a: Chandelure|Chandelure, F, tera:Fire|14/100
|turn|24
|
|t:|1769405589
|-activate|p2a: Garchomp|confusion
|move|p2a: Garchomp|Outrage|p1a: Chandelure|[from] lockedmove
|-damage|p1a: Chandelure|0 fnt
|faint|p1a: Chandelure
|
|-weather|SunnyDay|[upkeep]
|upkeep
|
|t:|1769405592
|switch|p1a: Torkoal|Torkoal, M|14/100
|turn|25
|
|t:|1769405596
|-activate|p2a: Garchomp|confusion
|move|p2a: Garchomp|Outrage|p1a: Torkoal|[from] lockedmove
|-damage|p1a: Torkoal|0 fnt
|faint|p1a: Torkoal
|
|win|LYHtyt
|raw|cringooo's rating: 1184 &rarr; <strong>1162</strong><br />(-22 for losing)
|raw|LYHtyt's rating: 1232 &rarr; <strong>1254</strong><br />(+22 for winning)
|l|☆LYHtyt
|player|p2|
|l|☆cringooo
|player|p1|
