|j|☆ikun ngm
|j|☆xixer26
|t:|1769341263
|gametype|singles
|player|p1|ikun ngm|swimmer-gen4|1275
|player|p2|xixer26|266|1323
|gen|9
|tier|[Gen 9] OU
|rated|
|rule|HP Percentage Mod: HP is shown in percentages
|rule|Endless Battle Clause: Forcing endless battles is banned
|rule|Species Clause: Limit one of each Pokémon
|rule|OHKO Clause: OHKO moves are banned
|rule|Evasion Items Clause: Evasion items are banned
|rule|Evasion Moves Clause: Evasion moves are banned
|rule|Evasion Abilities Clause: Evasion abilities are banned
|rule|Sleep Moves Clause: Sleep-inducing moves are banned
|clearpoke
|poke|p1|Staraptor, F|
|poke|p1|Araquanid, M|
|poke|p1|Gholdengo|
|poke|p1|Zapdos-Galar|
|poke|p1|Articuno-Galar|
|poke|p1|Gliscor, F|
|poke|p2|Latios, M|
|poke|p2|Landorus-Therian, M|
|poke|p2|Heatran, F|
|poke|p2|Rillaboom, M|
|poke|p2|Rotom-Wash|
|poke|p2|Pecharunt|
|teampreview
|
|t:|1769341288
|teamsize|p1|6
|teamsize|p2|6
|start
|switch|p1a: Araquanid|Araquanid, M|100/100
|switch|p2a: Rotom|Rotom-Wash|100/100
|turn|1
|inactive|Battle timer is ON: inactive players will automatically lose when time's up. (requested by xixer26)
|
|t:|1769341302
|move|p2a: Rotom|Volt Switch|p1a: Araquanid
|-supereffective|p1a: Araquanid
|-damage|p1a: Araquanid|63/100
|
|t:|1769341305
|switch|p2a: Landorus|Landorus-Therian, M|100/100|[from] Volt Switch
|-ability|p2a: Landorus|Intimidate|boost
|-unboost|p1a: Araquanid|atk|1
|move|p1a: Araquanid|Sticky Web|p2a: Landorus
|-sidestart|p2: xixer26|move: Sticky Web
|
|upkeep
|turn|2
|
|t:|1769341310
|move|p2a: Landorus|U-turn|p1a: Araquanid
|-damage|p1a: Araquanid|43/100
|
|t:|1769341313
|switch|p2a: Rotom|Rotom-Wash|100/100|[from] U-turn
|move|p1a: Araquanid|Liquidation|p2a: Rotom
|-resisted|p2a: Rotom
|-damage|p2a: Rotom|84/100
|
|upkeep
|turn|3
|
|t:|1769341318
|move|p1a: Araquanid|Endure|p1a: Araquanid
|-singleturn|p1a: Araquanid|move: Endure
|move|p2a: Rotom|Volt Switch|p1a: Araquanid
|-supereffective|p1a: Araquanid
|-damage|p1a: Araquanid|2/100
|
|t:|1769341322
|switch|p2a: Landorus|Landorus-Therian, M|100/100|[from] Volt Switch
|-ability|p2a: Landorus|Intimidate|boost
|-unboost|p1a: Araquanid|atk|1
|
|upkeep
|turn|4
|-enditem|p1a: Araquanid|Custap Berry|[eat]
|-activate|p1a: Araquanid|item: Custap Berry|[consumed]
|
|t:|1769341326
|switch|p2a: Rotom|Rotom-Wash|84/100
|move|p1a: Araquanid|Endeavor|p2a: Rotom
|-damage|p2a: Rotom|2/100
|
|upkeep
|turn|5
|
|t:|1769341331
|move|p2a: Rotom|Volt Switch|p1a: Araquanid
|-supereffective|p1a: Araquanid
|-damage|p1a: Araquanid|0 fnt
|faint|p1a: Araquanid
|
|t:|1769341345
|switch|p2a: Landorus|Landorus-Therian, M|100/100|[from] Volt Switch
|
|upkeep
|
|t:|1769341349
|switch|p1a: Staraptor|Staraptor, F|100/100
|turn|6
|
|t:|1769341368
|move|p1a: Staraptor|Brave Bird|p2a: Landorus
|-damage|p2a: Landorus|24/100
|-damage|p1a: Staraptor|84/100|[from] item: Rocky Helmet|[of] p2a: Landorus
|-damage|p1a: Staraptor|53/100|[from] Recoil
|move|p2a: Landorus|Smack Down|p1a: Staraptor
|-supereffective|p1a: Staraptor
|-damage|p1a: Staraptor|0 fnt
|faint|p1a: Staraptor
|
|upkeep
|
|t:|1769341383
|switch|p1a: Zapdos|Zapdos-Galar|100/100
|turn|7
|
|t:|1769341390
|move|p1a: Zapdos|Knock Off|p2a: Landorus
|-damage|p2a: Landorus|0 fnt
|-damage|p1a: Zapdos|84/100|[from] item: Rocky Helmet|[of] p2a: Landorus
|-enditem|p2a: Landorus|Rocky Helmet|[from] move: Knock Off|[of] p1a: Zapdos
|faint|p2a: Landorus
|
|upkeep
|
|t:|1769341394
|switch|p2a: Rotom|Rotom-Wash|2/100
|turn|8
|
|t:|1769341399
|move|p2a: Rotom|Trick|p1a: Zapdos
|-activate|p2a: Rotom|move: Trick|[of] p1a: Zapdos
|-item|p1a: Zapdos|Choice Scarf|[from] move: Trick
|-item|p2a: Rotom|Choice Band|[from] move: Trick
|move|p1a: Zapdos|Knock Off|p2a: Rotom
|-damage|p2a: Rotom|0 fnt
|-enditem|p2a: Rotom|Choice Band|[from] move: Knock Off|[of] p1a: Zapdos
|faint|p2a: Rotom
|
|upkeep
|
|t:|1769341413
|switch|p2a: Heatran|Heatran, F|100/100
|-activate|p2a: Heatran|move: Sticky Web
|-unboost|p2a: Heatran|spe|1
|turn|9
|
|t:|1769341420
|switch|p1a: Gliscor|Gliscor, F|100/100
|move|p2a: Heatran|Magma Storm|p1a: Gliscor
|-damage|p1a: Gliscor|33/100
|-activate|p1a: Gliscor|move: Magma Storm|[of] p2a: Heatran
|
|-damage|p1a: Gliscor|21/100|[from] move: Magma Storm|[partiallytrapped]
|-status|p1a: Gliscor|tox|[from] item: Toxic Orb
|upkeep
|turn|10
|
|t:|1769341430
|switch|p2a: Latios|Latios, M|100/100
|move|p1a: Gliscor|Earthquake|p2a: Latios
|-immune|p2a: Latios|[from] ability: Levitate
|
|-heal|p1a: Gliscor|33/100 tox|[from] ability: Poison Heal
|-end|p1a: Gliscor|Magma Storm|[partiallytrapped]|[silent]
|upkeep
|turn|11
|
|t:|1769341438
|switch|p1a: Gholdengo|Gholdengo|100/100
|move|p2a: Latios|Draco Meteor|p1a: Gholdengo
|-resisted|p1a: Gholdengo
|-damage|p1a: Gholdengo|58/100
|-unboost|p2a: Latios|spa|2
|-enditem|p1a: Gholdengo|Red Card|[of] p2a: Latios
|drag|p2a: Rillaboom|Rillaboom, M|100/100
|-activate|p2a: Rillaboom|move: Sticky Web
|-unboost|p2a: Rillaboom|spe|1
|-fieldstart|move: Grassy Terrain|[from] ability: Grassy Surge|[of] p2a: Rillaboom
|
|-heal|p1a: Gholdengo|65/100|[from] Grassy Terrain
|upkeep
|turn|12
|
|t:|1769341448
|move|p1a: Gholdengo|Recover|p1a: Gholdengo
|-heal|p1a: Gholdengo|100/100
|move|p2a: Rillaboom|Knock Off|p1a: Gholdengo
|-supereffective|p1a: Gholdengo
|-damage|p1a: Gholdengo|49/100
|-damage|p2a: Rillaboom|91/100|[from] item: Life Orb
|
|-heal|p1a: Gholdengo|55/100|[from] Grassy Terrain
|-heal|p2a: Rillaboom|97/100|[from] Grassy Terrain
|upkeep
|turn|13
|
|t:|1769341460
|move|p1a: Gholdengo|Recover|p1a: Gholdengo
|-heal|p1a: Gholdengo|100/100
|move|p2a: Rillaboom|Knock Off|p1a: Gholdengo
|-supereffective|p1a: Gholdengo
|-damage|p1a: Gholdengo|47/100
|-damage|p2a: Rillaboom|87/100|[from] item: Life Orb
|
|-heal|p1a: Gholdengo|53/100|[from] Grassy Terrain
|-heal|p2a: Rillaboom|93/100|[from] Grassy Terrain
|upkeep
|turn|14
|
|t:|1769341469
|move|p1a: Gholdengo|Recover|p1a: Gholdengo
|-heal|p1a: Gholdengo|100/100
|move|p2a: Rillaboom|Swords Dance|p2a: Rillaboom
|-boost|p2a: Rillaboom|atk|2
|
|-heal|p2a: Rillaboom|99/100|[from] Grassy Terrain
|upkeep
|turn|15
|
|t:|1769341473
|move|p1a: Gholdengo|Shadow Ball|p2a: Rillaboom
|-damage|p2a: Rillaboom|51/100
|move|p2a: Rillaboom|High Horsepower|p1a: Gholdengo
|-supereffective|p1a: Gholdengo
|-damage|p1a: Gholdengo|0 fnt
|faint|p1a: Gholdengo
|-damage|p2a: Rillaboom|41/100|[from] item: Life Orb
|
|-heal|p2a: Rillaboom|47/100|[from] Grassy Terrain
|-fieldend|move: Grassy Terrain
|upkeep
|
|t:|1769341477
|switch|p1a: Zapdos|Zapdos-Galar|84/100
|turn|16
|
|t:|1769341487
|switch|p2a: Pecharunt|Pecharunt|100/100
|-item|p2a: Pecharunt|Air Balloon
|move|p1a: Zapdos|U-turn|p2a: Pecharunt
|-resisted|p2a: Pecharunt
|-damage|p2a: Pecharunt|98/100
|-enditem|p2a: Pecharunt|Air Balloon
|
|t:|1769341503
|switch|p1a: Gliscor|Gliscor, F|33/100 tox|[from] U-turn
|
|-heal|p1a: Gliscor|46/100 tox|[from] ability: Poison Heal
|upkeep
|turn|17
|
|t:|1769341511
|move|p1a: Gliscor|Swords Dance|p1a: Gliscor
|-boost|p1a: Gliscor|atk|2
|move|p2a: Pecharunt|Parting Shot|p1a: Gliscor
|-unboost|p1a: Gliscor|atk|1
|-unboost|p1a: Gliscor|spa|1
|
|t:|1769341514
|switch|p2a: Latios|Latios, M|100/100|[from] Parting Shot
|
|-heal|p1a: Gliscor|58/100 tox|[from] ability: Poison Heal
|upkeep
|turn|18
|
|t:|1769341519
|move|p2a: Latios|Draco Meteor|p1a: Gliscor|[miss]
|-miss|p2a: Latios|p1a: Gliscor
|move|p1a: Gliscor|Facade|p2a: Latios
|-damage|p2a: Latios|16/100
|
|-heal|p1a: Gliscor|71/100 tox|[from] ability: Poison Heal
|upkeep
|turn|19
|
|t:|1769341528
|-terastallize|p2a: Latios|Dragon
|move|p2a: Latios|Draco Meteor|p1a: Gliscor
|-damage|p1a: Gliscor|0 fnt
|-unboost|p2a: Latios|spa|2
|faint|p1a: Gliscor
|
|upkeep
|
|t:|1769341539
|switch|p1a: Articuno|Articuno-Galar|100/100
|turn|20
|
|t:|1769341544
|switch|p2a: Heatran|Heatran, F|100/100
|-activate|p2a: Heatran|move: Sticky Web
|-unboost|p2a: Heatran|spe|1
|move|p1a: Articuno|Agility|p1a: Articuno
|-boost|p1a: Articuno|spe|2
|
|upkeep
|turn|21
|
|t:|1769341550
|move|p1a: Articuno|Calm Mind|p1a: Articuno
|-boost|p1a: Articuno|spa|1
|-boost|p1a: Articuno|spd|1
|move|p2a: Heatran|Magma Storm|p1a: Articuno
|-damage|p1a: Articuno|70/100
|-activate|p1a: Articuno|move: Magma Storm|[of] p2a: Heatran
|
|-damage|p1a: Articuno|58/100|[from] move: Magma Storm|[partiallytrapped]
|upkeep
|turn|22
|
|t:|1769341555
|-terastallize|p1a: Articuno|Fighting
|move|p1a: Articuno|Tera Blast|p2a: Heatran|[anim] Tera Blast Fighting
|-supereffective|p2a: Heatran
|-damage|p2a: Heatran|25/100
|move|p2a: Heatran|Taunt|p1a: Articuno
|-start|p1a: Articuno|move: Taunt
|
|-heal|p2a: Heatran|32/100|[from] item: Leftovers
|-damage|p1a: Articuno|45/100|[from] move: Magma Storm|[partiallytrapped]
|upkeep
|turn|23
|
|t:|1769341566
|move|p2a: Heatran|Protect|p2a: Heatran
|-singleturn|p2a: Heatran|Protect
|move|p1a: Articuno|Stored Power|p2a: Heatran
|-activate|p2a: Heatran|move: Protect
|
|-heal|p2a: Heatran|38/100|[from] item: Leftovers
|-damage|p1a: Articuno|33/100|[from] move: Magma Storm|[partiallytrapped]
|upkeep
|turn|24
|
|t:|1769341571
|move|p1a: Articuno|Stored Power|p2a: Heatran
|-resisted|p2a: Heatran
|-damage|p2a: Heatran|11/100
|move|p2a: Heatran|Magma Storm|p1a: Articuno
|-damage|p1a: Articuno|3/100
|
|-heal|p2a: Heatran|17/100|[from] item: Leftovers
|-damage|p1a: Articuno|0 fnt|[from] move: Magma Storm|[partiallytrapped]
|faint|p1a: Articuno
|upkeep
|
|t:|1769341574
|switch|p1a: Zapdos|Zapdos-Galar|84/100
|turn|25
|
|t:|1769341578
|move|p2a: Heatran|Protect|p2a: Heatran
|-singleturn|p2a: Heatran|Protect
|move|p1a: Zapdos|Brave Bird|p2a: Heatran
|-activate|p2a: Heatran|move: Protect
|
|-heal|p2a: Heatran|24/100|[from] item: Leftovers
|upkeep
|turn|26
|-message|ikun ngm forfeited.
|
|win|xixer26
|raw|ikun ngm's rating: 1275 &rarr; <strong>1253</strong><br />(-22 for losing)
|raw|xixer26's rating: 1323 &rarr; <strong>1340</strong><br />(+17 for winning)
|l|☆ikun ngm
|player|p1|
