|j|☆suifenli
|j|‽liamsdad
|t:|1769397827
|gametype|singles
|player|p1|suifenli|n|1511
|player|p2|liamsdad|bruno|1617
|gen|9
|tier|[Gen 9] OU
|rated|
|rule|HP Percentage Mod: HP is shown in percentages
|rule|Endless Battle Clause: Forcing endless battles is banned
|rule|Species Clause: Limit one of each Pokémon
|rule|OHKO Clause: OHKO moves are banned
|rule|Evasion Items Clause: Evasion items are banned
|rule|Evasion Moves Clause: Evasion moves are banned
|rule|Evasion Abilities Clause: Evasion abilities are banned
|rule|Sleep Moves Clause: Sleep-inducing moves are banned
|clearpoke
|poke|p1|Zamazenta-*|
|poke|p1|Sableye, F|
|poke|p1|Enamorus, F|
|poke|p1|Bellossom, M|
|poke|p1|Garganacl, F|
|poke|p1|Latias, F|
|poke|p2|Pincurchin, M|
|poke|p2|Iron Valiant|
|poke|p2|Iron Leaves|
|poke|p2|Hawlucha, M|
|poke|p2|Iron Treads|
|poke|p2|Iron Hands|
|teampreview
|inactive|Battle timer is ON: inactive players will automatically lose when time's up. (requested by suifenli)
|
|t:|1769397857
|teamsize|p1|6
|teamsize|p2|6
|start
|switch|p1a: Bellossom|Bellossom, M|100/100
|switch|p2a: Pincurchin|Pincurchin, M|100/100
|-fieldstart|move: Electric Terrain|[from] ability: Electric Surge|[of] p2a: Pincurchin
|turn|1
|
|t:|1769397870
|move|p1a: Bellossom|Quiver Dance|p1a: Bellossom
|-boost|p1a: Bellossom|spa|1
|-boost|p1a: Bellossom|spd|1
|-boost|p1a: Bellossom|spe|1
|move|p2a: Pincurchin|Thunder Wave|p1a: Bellossom
|-status|p1a: Bellossom|par
|
|upkeep
|turn|2
|
|t:|1769397898
|move|p1a: Bellossom|Giga Drain|p2a: Pincurchin
|-damage|p2a: Pincurchin|53/100
|move|p2a: Pincurchin|Spikes|p1a: Bellossom
|-sidestart|p1: suifenli|Spikes
|
|upkeep
|turn|3
|
|t:|1769397903
|switch|p2a: Iron Leaves|Iron Leaves|100/100
|-activate|p2a: Iron Leaves|ability: Quark Drive
|-start|p2a: Iron Leaves|quarkdrivespe
|move|p1a: Bellossom|Quiver Dance|p1a: Bellossom
|-boost|p1a: Bellossom|spa|1
|-boost|p1a: Bellossom|spd|1
|-boost|p1a: Bellossom|spe|1
|
|upkeep
|turn|4
|
|t:|1769397911
|move|p2a: Iron Leaves|Swords Dance|p2a: Iron Leaves
|-boost|p2a: Iron Leaves|atk|2
|move|p1a: Bellossom|Giga Drain|p2a: Iron Leaves
|-resisted|p2a: Iron Leaves
|-damage|p2a: Iron Leaves|78/100
|
|upkeep
|turn|5
|
|t:|1769397914
|move|p2a: Iron Leaves|Psyblade|p1a: Bellossom
|-damage|p1a: Bellossom|0 fnt
|faint|p1a: Bellossom
|-damage|p2a: Iron Leaves|68/100|[from] item: Life Orb
|
|upkeep
|
|t:|1769397919
|switch|p1a: Sableye|Sableye, F|100/100
|-damage|p1a: Sableye|88/100|[from] Spikes
|turn|6
|
|t:|1769397922
|move|p1a: Sableye|Encore|p2a: Iron Leaves
|-start|p2a: Iron Leaves|Encore
|move|p2a: Iron Leaves|Psyblade|p1a: Sableye
|-immune|p1a: Sableye
|
|upkeep
|turn|7
|
|t:|1769397926
|-end|p2a: Iron Leaves|Quark Drive|[silent]
|switch|p2a: Iron Valiant|Iron Valiant|100/100
|-activate|p2a: Iron Valiant|ability: Quark Drive
|-start|p2a: Iron Valiant|quarkdrivespe
|move|p1a: Sableye|Thunder Wave|p2a: Iron Valiant
|-status|p2a: Iron Valiant|par
|
|upkeep
|turn|8
|
|t:|1769397931
|move|p1a: Sableye|Reflect|p1a: Sableye
|-sidestart|p1: suifenli|Reflect
|cant|p2a: Iron Valiant|par
|
|-fieldend|move: Electric Terrain
|-end|p2a: Iron Valiant|Quark Drive
|upkeep
|turn|9
|
|t:|1769397939
|move|p2a: Iron Valiant|Moonblast|p1a: Sableye
|-supereffective|p1a: Sableye
|-damage|p1a: Sableye|0 fnt
|faint|p1a: Sableye
|
|upkeep
|
|t:|1769397951
|switch|p1a: Enamorus|Enamorus, F|100/100
|turn|10
|
|t:|1769397955
|-terastallize|p1a: Enamorus|Stellar
|-terastallize|p2a: Iron Valiant|Electric
|move|p1a: Enamorus|Tera Blast|p2a: Iron Valiant|[anim] Tera Blast Stellar
|-supereffective|p2a: Iron Valiant
|-crit|p2a: Iron Valiant
|-damage|p2a: Iron Valiant|0 fnt
|-boost|p1a: Enamorus|atk|1
|-boost|p1a: Enamorus|spa|1
|faint|p2a: Iron Valiant
|-end|p2a: Iron Valiant|Quark Drive|[silent]
|
|upkeep
|
|t:|1769397966
|switch|p2a: Pincurchin|Pincurchin, M|53/100
|-fieldstart|move: Electric Terrain|[from] ability: Electric Surge|[of] p2a: Pincurchin
|turn|11
|
|t:|1769397976
|move|p1a: Enamorus|Tera Blast|p2a: Pincurchin|[anim] Tera Blast Stellar
|-damage|p2a: Pincurchin|0 fnt
|-boost|p1a: Enamorus|atk|1
|-boost|p1a: Enamorus|spa|1
|faint|p2a: Pincurchin
|
|upkeep
|
|t:|1769397984
|switch|p2a: Iron Leaves|Iron Leaves|68/100
|-activate|p2a: Iron Leaves|ability: Quark Drive
|-start|p2a: Iron Leaves|quarkdrivespe
|turn|12
|j| Majic PokeTester
|
|t:|1769397999
|switch|p1a: Latias|Latias, F|100/100
|move|p2a: Iron Leaves|Wild Charge|p1a: Latias
|-resisted|p1a: Latias
|-damage|p1a: Latias|91/100
|-damage|p2a: Iron Leaves|65/100|[from] Recoil
|-enditem|p1a: Latias|Kee Berry|[eat]
|-boost|p1a: Latias|def|1|[from] item: Kee Berry
|-damage|p2a: Iron Leaves|55/100|[from] item: Life Orb
|
|-sideend|p1: suifenli|Reflect
|upkeep
|turn|13
|
|t:|1769398012
|move|p2a: Iron Leaves|Swords Dance|p2a: Iron Leaves
|-boost|p2a: Iron Leaves|atk|2
|move|p1a: Latias|Agility|p1a: Latias
|-boost|p1a: Latias|spe|2
|
|upkeep
|turn|14
|
|t:|1769398019
|move|p1a: Latias|Calm Mind|p1a: Latias
|-boost|p1a: Latias|spa|1
|-boost|p1a: Latias|spd|1
|move|p2a: Iron Leaves|Psyblade|p1a: Latias
|-resisted|p1a: Latias
|-damage|p1a: Latias|52/100
|-damage|p2a: Iron Leaves|45/100|[from] item: Life Orb
|
|upkeep
|turn|15
|
|t:|1769398026
|move|p1a: Latias|Stored Power|p2a: Iron Leaves
|-resisted|p2a: Iron Leaves
|-damage|p2a: Iron Leaves|13/100
|move|p2a: Iron Leaves|Psyblade|p1a: Latias
|-resisted|p1a: Latias
|-damage|p1a: Latias|17/100
|-damage|p2a: Iron Leaves|3/100|[from] item: Life Orb
|
|upkeep
|turn|16
|
|t:|1769398030
|move|p1a: Latias|Draining Kiss|p2a: Iron Leaves
|-damage|p2a: Iron Leaves|0 fnt
|-heal|p1a: Latias|19/100|[from] drain|[of] p2a: Iron Leaves
|faint|p2a: Iron Leaves
|-end|p2a: Iron Leaves|Quark Drive|[silent]
|
|upkeep
|
|t:|1769398032
|switch|p2a: Iron Treads|Iron Treads|100/100
|-activate|p2a: Iron Treads|ability: Quark Drive
|-start|p2a: Iron Treads|quarkdriveatk
|turn|17
|
|t:|1769398047
|move|p1a: Latias|Stored Power|p2a: Iron Treads
|-resisted|p2a: Iron Treads
|-damage|p2a: Iron Treads|55/100
|move|p2a: Iron Treads|Rapid Spin|p1a: Latias
|-damage|p1a: Latias|7/100
|-boost|p2a: Iron Treads|spe|1
|
|upkeep
|turn|18
|
|t:|1769398062
|move|p1a: Latias|Stored Power|p2a: Iron Treads
|-resisted|p2a: Iron Treads
|-damage|p2a: Iron Treads|8/100
|move|p2a: Iron Treads|Ice Spinner|p1a: Latias
|-supereffective|p1a: Latias
|-damage|p1a: Latias|0 fnt
|-fieldend|move: Electric Terrain
|-end|p2a: Iron Treads|Quark Drive
|faint|p1a: Latias
|
|upkeep
|
|t:|1769398075
|switch|p1a: Zamazenta|Zamazenta|100/100
|-damage|p1a: Zamazenta|88/100|[from] Spikes
|-ability|p1a: Zamazenta|Dauntless Shield|boost
|-boost|p1a: Zamazenta|def|1
|turn|19
|j| Ssul
|
|t:|1769398079
|move|p2a: Iron Treads|Earthquake|p1a: Zamazenta
|-damage|p1a: Zamazenta|60/100
|move|p1a: Zamazenta|Iron Defense|p1a: Zamazenta
|-boost|p1a: Zamazenta|def|2
|
|-heal|p1a: Zamazenta|66/100|[from] item: Leftovers
|upkeep
|turn|20
|
|t:|1769398084
|move|p2a: Iron Treads|Earthquake|p1a: Zamazenta
|-damage|p1a: Zamazenta|50/100
|move|p1a: Zamazenta|Substitute|p1a: Zamazenta
|-start|p1a: Zamazenta|Substitute
|-damage|p1a: Zamazenta|25/100
|
|-heal|p1a: Zamazenta|31/100|[from] item: Leftovers
|upkeep
|turn|21
|
|t:|1769398092
|-end|p2a: Iron Treads|Quark Drive|[silent]
|switch|p2a: Hawlucha|Hawlucha, M|100/100
|move|p1a: Zamazenta|Iron Defense|p1a: Zamazenta
|-boost|p1a: Zamazenta|def|2
|
|-heal|p1a: Zamazenta|37/100|[from] item: Leftovers
|upkeep
|turn|22
|
|t:|1769398094
|move|p1a: Zamazenta|Body Press|p2a: Hawlucha
|-resisted|p2a: Hawlucha
|-damage|p2a: Hawlucha|18/100
|move|p2a: Hawlucha|Acrobatics|p1a: Zamazenta
|-supereffective|p1a: Zamazenta
|-activate|p1a: Zamazenta|move: Substitute|[damage]
|
|-heal|p1a: Zamazenta|43/100|[from] item: Leftovers
|upkeep
|turn|23
|
|t:|1769398098
|move|p1a: Zamazenta|Body Press|p2a: Hawlucha
|-resisted|p2a: Hawlucha
|-damage|p2a: Hawlucha|0 fnt
|faint|p2a: Hawlucha
|
|-heal|p1a: Zamazenta|49/100|[from] item: Leftovers
|upkeep
|
|t:|1769398100
|switch|p2a: Iron Hands|Iron Hands|100/100
|turn|24
|
|t:|1769398105
|move|p1a: Zamazenta|Iron Defense|p1a: Zamazenta
|-boost|p1a: Zamazenta|def|1
|move|p2a: Iron Hands|Swords Dance|p2a: Iron Hands
|-boost|p2a: Iron Hands|atk|2
|
|-heal|p1a: Zamazenta|56/100|[from] item: Leftovers
|upkeep
|turn|25
|
|t:|1769398107
|move|p1a: Zamazenta|Body Press|p2a: Iron Hands
|-damage|p2a: Iron Hands|33/100
|move|p2a: Iron Hands|Drain Punch|p1a: Zamazenta
|-activate|p1a: Zamazenta|move: Substitute|[damage]
|-heal|p2a: Iron Hands|37/100|[from] drain|[of] p1a: Zamazenta
|
|-heal|p1a: Zamazenta|62/100|[from] item: Leftovers
|-heal|p2a: Iron Hands|43/100|[from] item: Leftovers
|upkeep
|turn|26
|
|t:|1769398112
|move|p1a: Zamazenta|Body Press|p2a: Iron Hands
|-damage|p2a: Iron Hands|0 fnt
|faint|p2a: Iron Hands
|-end|p2a: Iron Hands|Quark Drive|[silent]
|
|-heal|p1a: Zamazenta|68/100|[from] item: Leftovers
|upkeep
|j| Rum daddy jr
|-message|liamsdad forfeited.
|
|win|suifenli
|raw|suifenli's rating: 1491 &rarr; <strong>1518</strong><br />(+27 for winning)
|raw|liamsdad's rating: 1617 &rarr; <strong>1590</strong><br />(-27 for losing)
|l|‽liamsdad
|player|p2|
|l|☆suifenli
|player|p1|
|l| Ssul
|l| Rum daddy jr
