|j|☆Red the pikamon
|j|☆LabenJamessss
|t:|1769409052
|gametype|singles
|player|p1|Red the pikamon|red|1051
|player|p2|LabenJamessss|170|1074
|gen|9
|tier|[Gen 9] OU
|rated|
|rule|HP Percentage Mod: HP is shown in percentages
|rule|Endless Battle Clause: Forcing endless battles is banned
|rule|Species Clause: Limit one of each Pokémon
|rule|OHKO Clause: OHKO moves are banned
|rule|Evasion Items Clause: Evasion items are banned
|rule|Evasion Moves Clause: Evasion moves are banned
|rule|Evasion Abilities Clause: Evasion abilities are banned
|rule|Sleep Moves Clause: Sleep-inducing moves are banned
|clearpoke
|poke|p1|Pikachu, F|
|poke|p1|Charizard, F|
|poke|p1|Venusaur, M|
|poke|p1|Blastoise, F|
|poke|p1|Snorlax, M|
|poke|p1|Dragonite, M|
|poke|p2|Greninja-*, M|
|poke|p2|Gardevoir, M|
|poke|p2|Gliscor, M|
|poke|p2|Dragapult, M|
|poke|p2|Metagross|
|poke|p2|Zapdos|
|teampreview
|
|t:|1769409070
|teamsize|p1|6
|teamsize|p2|6
|start
|switch|p1a: Pikachu|Pikachu, F|100/100
|switch|p2a: Zapdos|Zapdos|100/100
|-ability|p2a: Zapdos|Pressure
|turn|1
|
|t:|1769409079
|move|p1a: Pikachu|Fake Out|p2a: Zapdos
|-damage|p2a: Zapdos|82/100
|cant|p2a: Zapdos|flinch
|
|upkeep
|turn|2
|
|t:|1769409098
|move|p1a: Pikachu|Knock Off|p2a: Zapdos
|-damage|p2a: Zapdos|34/100
|-enditem|p2a: Zapdos|Life Orb|[from] move: Knock Off|[of] p1a: Pikachu
|move|p2a: Zapdos|Tailwind|p2a: Zapdos
|-sidestart|p2: LabenJamessss|move: Tailwind
|
|upkeep
|turn|3
|
|t:|1769409107
|move|p2a: Zapdos|Hurricane|p1a: Pikachu
|-resisted|p1a: Pikachu
|-damage|p1a: Pikachu|8/100
|move|p1a: Pikachu|Encore|p2a: Zapdos
|-start|p2a: Zapdos|Encore
|
|upkeep
|turn|4
|
|t:|1769409133
|switch|p1a: Dragonite|Dragonite, M|100/100
|move|p2a: Zapdos|Hurricane|p1a: Dragonite
|-damage|p1a: Dragonite|70/100
|
|upkeep
|turn|5
|
|t:|1769409152
|switch|p2a: Gardevoir|Gardevoir, M|100/100
|-terastallize|p1a: Dragonite|Normal
|move|p1a: Dragonite|Extreme Speed|p2a: Gardevoir
|-damage|p2a: Gardevoir|12/100
|
|-sideend|p2: LabenJamessss|move: Tailwind
|upkeep
|turn|6
|
|t:|1769409163
|move|p2a: Gardevoir|Destiny Bond|p2a: Gardevoir
|-singlemove|p2a: Gardevoir|Destiny Bond
|move|p1a: Dragonite|Roost|p1a: Dragonite
|-heal|p1a: Dragonite|100/100
|
|upkeep
|turn|7
|
|t:|1769409190
|move|p2a: Gardevoir|Moonblast|p1a: Dragonite
|-damage|p1a: Dragonite|74/100
|move|p1a: Dragonite|Dragon Dance|p1a: Dragonite
|-boost|p1a: Dragonite|atk|1
|-boost|p1a: Dragonite|spe|1
|
|upkeep
|turn|8
|
|t:|1769409200
|move|p1a: Dragonite|Extreme Speed|p2a: Gardevoir
|-damage|p2a: Gardevoir|0 fnt
|faint|p2a: Gardevoir
|
|upkeep
|
|t:|1769409216
|switch|p2a: Metagross|Metagross|100/100
|turn|9
|
|t:|1769409222
|move|p1a: Dragonite|Earthquake|p2a: Metagross
|-supereffective|p2a: Metagross
|-enditem|p2a: Metagross|Shuca Berry|[eat]
|-enditem|p2a: Metagross|Shuca Berry|[weaken]
|-damage|p2a: Metagross|47/100
|move|p2a: Metagross|Meteor Mash|p1a: Dragonite
|-damage|p1a: Dragonite|18/100
|
|upkeep
|turn|10
|
|t:|1769409231
|move|p2a: Metagross|Bullet Punch|p1a: Dragonite
|-damage|p1a: Dragonite|0 fnt
|faint|p1a: Dragonite
|
|upkeep
|
|t:|1769409237
|switch|p1a: Charizard|Charizard, F|100/100
|turn|11
|
|t:|1769409247
|move|p1a: Charizard|Will-O-Wisp|p2a: Metagross
|-status|p2a: Metagross|brn
|move|p2a: Metagross|Stone Edge|p1a: Charizard|[miss]
|-miss|p2a: Metagross|p1a: Charizard
|
|-damage|p2a: Metagross|41/100 brn|[from] brn
|upkeep
|turn|12
|
|t:|1769409258
|move|p1a: Charizard|Flamethrower|p2a: Metagross
|-supereffective|p2a: Metagross
|-damage|p2a: Metagross|0 fnt
|faint|p2a: Metagross
|
|upkeep
|
|t:|1769409265
|switch|p2a: Greninja|Greninja, M|100/100
|turn|13
|
|t:|1769409270
|switch|p1a: Venusaur|Venusaur, M|100/100
|move|p2a: Greninja|Surf|p1a: Venusaur
|-resisted|p1a: Venusaur
|-damage|p1a: Venusaur|83/100
|
|-heal|p1a: Venusaur|89/100|[from] item: Black Sludge
|upkeep
|turn|14
|
|t:|1769409279
|move|p2a: Greninja|Ice Beam|p1a: Venusaur
|-supereffective|p1a: Venusaur
|-damage|p1a: Venusaur|38/100
|-status|p1a: Venusaur|frz
|-curestatus|p1a: Venusaur|frz|[msg]
|move|p1a: Venusaur|Sludge Bomb|p2a: Greninja
|-damage|p2a: Greninja|55/100
|-status|p2a: Greninja|psn
|
|-heal|p2a: Greninja|61/100 psn|[from] item: Leftovers
|-heal|p1a: Venusaur|44/100|[from] item: Black Sludge
|-damage|p2a: Greninja|49/100 psn|[from] psn
|upkeep
|turn|15
|
|t:|1769409299
|switch|p1a: Snorlax|Snorlax, M|100/100
|move|p2a: Greninja|Ice Beam|p1a: Snorlax
|-damage|p1a: Snorlax|95/100
|
|-heal|p2a: Greninja|55/100 psn|[from] item: Leftovers
|-heal|p1a: Snorlax|100/100|[from] item: Leftovers
|-damage|p2a: Greninja|42/100 psn|[from] psn
|upkeep
|turn|16
|
|t:|1769409309
|switch|p2a: Gliscor|Gliscor, M|100/100
|move|p1a: Snorlax|Body Slam|p2a: Gliscor
|-damage|p2a: Gliscor|71/100
|-status|p2a: Gliscor|par
|
|upkeep
|turn|17
|c|☆Red the pikamon|lol
|
|t:|1769409327
|switch|p1a: Charizard|Charizard, F|100/100
|move|p2a: Gliscor|Stealth Rock|p1a: Charizard
|-sidestart|p1: Red the pikamon|move: Stealth Rock
|
|upkeep
|turn|18
|
|t:|1769409345
|switch|p2a: Zapdos|Zapdos|34/100
|-ability|p2a: Zapdos|Pressure
|move|p1a: Charizard|Hurricane|p2a: Zapdos
|-resisted|p2a: Zapdos
|-damage|p2a: Zapdos|7/100
|-start|p2a: Zapdos|confusion
|
|upkeep
|turn|19
|
|t:|1769409356
|move|p1a: Charizard|Flamethrower|p2a: Zapdos
|-damage|p2a: Zapdos|0 fnt
|faint|p2a: Zapdos
|
|upkeep
|
|t:|1769409372
|switch|p2a: Greninja|Greninja, M|42/100 psn
|turn|20
|
|t:|1769409381
|switch|p1a: Blastoise|Blastoise, F|100/100
|-damage|p1a: Blastoise|88/100|[from] Stealth Rock
|move|p2a: Greninja|Ice Beam|p1a: Blastoise
|-resisted|p1a: Blastoise
|-damage|p1a: Blastoise|73/100
|
|-heal|p2a: Greninja|48/100 psn|[from] item: Leftovers
|-damage|p2a: Greninja|36/100 psn|[from] psn
|upkeep
|turn|21
|
|t:|1769409397
|move|p2a: Greninja|Dark Pulse|p1a: Blastoise
|-damage|p1a: Blastoise|36/100
|cant|p1a: Blastoise|flinch
|
|-heal|p2a: Greninja|42/100 psn|[from] item: Leftovers
|-damage|p2a: Greninja|30/100 psn|[from] psn
|upkeep
|turn|22
|
|t:|1769409413
|move|p2a: Greninja|Dark Pulse|p1a: Blastoise
|-damage|p1a: Blastoise|0 fnt
|faint|p1a: Blastoise
|-ability|p2a: Greninja|Battle Bond|boost
|-boost|p2a: Greninja|atk|1
|-boost|p2a: Greninja|spa|1
|-boost|p2a: Greninja|spe|1
|-activate|p2a: Greninja|ability: Battle Bond
|
|-heal|p2a: Greninja|36/100 psn|[from] item: Leftovers
|-damage|p2a: Greninja|23/100 psn|[from] psn
|upkeep
|
|t:|1769409426
|switch|p1a: Pikachu|Pikachu, F|8/100
|-damage|p1a: Pikachu|0 fnt|[from] Stealth Rock
|faint|p1a: Pikachu
|
|t:|1769409444
|switch|p1a: Venusaur|Venusaur, M|44/100
|-damage|p1a: Venusaur|32/100|[from] Stealth Rock
|turn|23
|
|t:|1769409449
|move|p2a: Greninja|Ice Beam|p1a: Venusaur
|-supereffective|p1a: Venusaur
|-damage|p1a: Venusaur|0 fnt
|faint|p1a: Venusaur
|
|-heal|p2a: Greninja|29/100 psn|[from] item: Leftovers
|-damage|p2a: Greninja|17/100 psn|[from] psn
|upkeep
|
|t:|1769409459
|switch|p1a: Snorlax|Snorlax, M|100/100
|-damage|p1a: Snorlax|88/100|[from] Stealth Rock
|turn|24
|
|t:|1769409468
|move|p2a: Greninja|Surf|p1a: Snorlax
|-damage|p1a: Snorlax|61/100
|move|p1a: Snorlax|Curse|p1a: Snorlax
|-unboost|p1a: Snorlax|spe|1
|-boost|p1a: Snorlax|atk|1
|-boost|p1a: Snorlax|def|1
|
|-heal|p2a: Greninja|23/100 psn|[from] item: Leftovers
|-heal|p1a: Snorlax|67/100|[from] item: Leftovers
|-damage|p2a: Greninja|11/100 psn|[from] psn
|upkeep
|turn|25
|
|t:|1769409485
|move|p2a: Greninja|Sludge Wave|p1a: Snorlax
|-damage|p1a: Snorlax|48/100
|move|p1a: Snorlax|Rest|p1a: Snorlax
|-status|p1a: Snorlax|slp|[from] move: Rest
|-heal|p1a: Snorlax|100/100 slp|[silent]
|
|-heal|p2a: Greninja|17/100 psn|[from] item: Leftovers
|-damage|p2a: Greninja|4/100 psn|[from] psn
|upkeep
|turn|26
|
|t:|1769409498
|move|p2a: Greninja|Dark Pulse|p1a: Snorlax
|-damage|p1a: Snorlax|76/100 slp
|cant|p1a: Snorlax|slp
|move|p1a: Snorlax|Sleep Talk|p1a: Snorlax
|move|p1a: Snorlax|Curse|p1a: Snorlax|[from] move: Sleep Talk
|-unboost|p1a: Snorlax|spe|1
|-boost|p1a: Snorlax|atk|1
|-boost|p1a: Snorlax|def|1
|
|-heal|p2a: Greninja|10/100 psn|[from] item: Leftovers
|-heal|p1a: Snorlax|82/100 slp|[from] item: Leftovers
|-damage|p2a: Greninja|0 fnt|[from] psn
|faint|p2a: Greninja
|upkeep
|
|t:|1769409514
|switch|p2a: Dragapult|Dragapult, M|100/100
|turn|27
|
|t:|1769409526
|switch|p1a: Charizard|Charizard, F|100/100
|move|p2a: Dragapult|Draco Meteor|p1a: Charizard
|-damage|p1a: Charizard|0 fnt
|-unboost|p2a: Dragapult|spa|2
|faint|p1a: Charizard
|
|upkeep
|-message|Red the pikamon forfeited.
|
|win|LabenJamessss
|raw|Red the pikamon's rating: 1051 &rarr; <strong>1035</strong><br />(-16 for losing)
|raw|LabenJamessss's rating: 1074 &rarr; <strong>1101</strong><br />(+27 for winning)
|l|☆Red the pikamon
|player|p1|
|l|☆LabenJamessss
|player|p2|
