|j|☆ygars
|j|☆mrlordmouse
|t:|1769390232
|gametype|singles
|player|p1|ygars|ingo|1313
|player|p2|mrlordmouse|266|1365
|gen|9
|tier|[Gen 9] OU
|rated|
|rule|HP Percentage Mod: HP is shown in percentages
|rule|Endless Battle Clause: Forcing endless battles is banned
|rule|Species Clause: Limit one of each Pokémon
|rule|OHKO Clause: OHKO moves are banned
|rule|Evasion Items Clause: Evasion items are banned
|rule|Evasion Moves Clause: Evasion moves are banned
|rule|Evasion Abilities Clause: Evasion abilities are banned
|rule|Sleep Moves Clause: Sleep-inducing moves are banned
|clearpoke
|poke|p1|Tyranitar, M|
|poke|p1|Excadrill, M|
|poke|p1|Iron Valiant|
|poke|p1|Zapdos|
|poke|p1|Ogerpon, F|
|poke|p1|Toxapex, M|
|poke|p2|Hoopa-Unbound|
|poke|p2|Moltres|
|poke|p2|Dragapult, F|
|poke|p2|Primarina, M|
|poke|p2|Cinderace, F|
|poke|p2|Gliscor, F|
|teampreview
|inactive|Battle timer is ON: inactive players will automatically lose when time's up. (requested by ygars)
|
|t:|1769390250
|teamsize|p1|6
|teamsize|p2|6
|start
|switch|p1a: Toxapex|Toxapex, M, shiny|100/100
|switch|p2a: Cinderace|Cinderace, F|100/100
|turn|1
|
|t:|1769390257
|switch|p2a: Gliscor|Gliscor, F|100/100
|switch|p1a: Tyranitar|Tyranitar, M, shiny|100/100
|-weather|Sandstorm|[from] ability: Sand Stream|[of] p1a: Tyranitar
|
|-weather|Sandstorm|[upkeep]
|-status|p2a: Gliscor|tox|[from] item: Toxic Orb
|upkeep
|turn|2
|
|t:|1769390263
|move|p2a: Gliscor|Knock Off|p1a: Tyranitar
|-resisted|p1a: Tyranitar
|-damage|p1a: Tyranitar|91/100
|-enditem|p1a: Tyranitar|Smooth Rock|[from] move: Knock Off|[of] p2a: Gliscor
|move|p1a: Tyranitar|Ice Punch|p2a: Gliscor
|-supereffective|p2a: Gliscor
|-damage|p2a: Gliscor|5/100 tox
|
|-weather|Sandstorm|[upkeep]
|-heal|p2a: Gliscor|18/100 tox|[from] ability: Poison Heal
|upkeep
|turn|3
|
|t:|1769390277
|move|p2a: Gliscor|Stealth Rock|p1a: Tyranitar
|-sidestart|p1: ygars|move: Stealth Rock
|move|p1a: Tyranitar|Stealth Rock|p2a: Gliscor
|-sidestart|p2: mrlordmouse|move: Stealth Rock
|
|-weather|Sandstorm|[upkeep]
|-heal|p2a: Gliscor|30/100 tox|[from] ability: Poison Heal
|upkeep
|turn|4
|
|t:|1769390280
|move|p2a: Gliscor|Protect|p2a: Gliscor
|-singleturn|p2a: Gliscor|Protect
|move|p1a: Tyranitar|Ice Punch|p2a: Gliscor
|-activate|p2a: Gliscor|move: Protect
|
|-weather|Sandstorm|[upkeep]
|-heal|p2a: Gliscor|43/100 tox|[from] ability: Poison Heal
|upkeep
|turn|5
|
|t:|1769390286
|switch|p2a: Primarina|Primarina, M|100/100
|-damage|p2a: Primarina|88/100|[from] Stealth Rock
|move|p1a: Tyranitar|Knock Off|p2a: Primarina
|-resisted|p2a: Primarina
|-damage|p2a: Primarina|52/100
|-enditem|p2a: Primarina|Assault Vest|[from] move: Knock Off|[of] p1a: Tyranitar
|
|-weather|Sandstorm|[upkeep]
|-damage|p2a: Primarina|45/100|[from] Sandstorm
|upkeep
|turn|6
|
|t:|1769390294
|switch|p1a: Zapdos|Zapdos, shiny|100/100
|move|p2a: Primarina|Flip Turn|p1a: Zapdos
|-damage|p1a: Zapdos|81/100
|inactive|mrlordmouse has 120 seconds left.
|
|t:|1769390330
|switch|p2a: Hoopa|Hoopa-Unbound|100/100|[from] Flip Turn
|-damage|p2a: Hoopa|88/100|[from] Stealth Rock
|
|-weather|Sandstorm|[upkeep]
|-damage|p1a: Zapdos|75/100|[from] Sandstorm
|-damage|p2a: Hoopa|82/100|[from] Sandstorm
|upkeep
|turn|7
|
|t:|1769390340
|move|p1a: Zapdos|Volt Switch|p2a: Hoopa
|-damage|p2a: Hoopa|53/100
|
|t:|1769390344
|switch|p1a: Tyranitar|Tyranitar, M, shiny|91/100|[from] Volt Switch
|-damage|p1a: Tyranitar|79/100|[from] Stealth Rock
|move|p2a: Hoopa|Hyperspace Fury|p1a: Tyranitar
|-resisted|p1a: Tyranitar
|-damage|p1a: Tyranitar|36/100
|-unboost|p2a: Hoopa|def|1
|
|-weather|Sandstorm|[upkeep]
|-damage|p2a: Hoopa|47/100|[from] Sandstorm
|upkeep
|turn|8
|inactive|mrlordmouse has 120 seconds left.
|
|t:|1769390369
|switch|p2a: Gliscor|Gliscor, F|43/100 tox
|-damage|p2a: Gliscor|30/100 tox|[from] Stealth Rock
|move|p1a: Tyranitar|Knock Off|p2a: Gliscor
|-damage|p2a: Gliscor|0 fnt
|-enditem|p2a: Gliscor|Toxic Orb|[from] move: Knock Off|[of] p1a: Tyranitar
|faint|p2a: Gliscor
|
|-weather|none
|upkeep
|
|t:|1769390378
|switch|p2a: Primarina|Primarina, M|45/100
|-damage|p2a: Primarina|33/100|[from] Stealth Rock
|turn|9
|inactive|mrlordmouse has 120 seconds left.
|
|t:|1769390385
|move|p1a: Tyranitar|Low Kick|p2a: Primarina
|-resisted|p2a: Primarina
|-damage|p2a: Primarina|17/100
|move|p2a: Primarina|Moonblast|p1a: Tyranitar
|-supereffective|p1a: Tyranitar
|-damage|p1a: Tyranitar|0 fnt
|faint|p1a: Tyranitar
|
|upkeep
|
|t:|1769390393
|switch|p1a: Ogerpon|Ogerpon, F|100/100
|-damage|p1a: Ogerpon|88/100|[from] Stealth Rock
|turn|10
|
|t:|1769390396
|move|p1a: Ogerpon|U-turn|p2a: Primarina
|-resisted|p2a: Primarina
|-damage|p2a: Primarina|0 fnt
|faint|p2a: Primarina
|
|t:|1769390404
|switch|p1a: Zapdos|Zapdos, shiny|75/100|[from] U-turn
|
|upkeep
|
|t:|1769390406
|switch|p2a: Hoopa|Hoopa-Unbound|47/100
|-damage|p2a: Hoopa|34/100|[from] Stealth Rock
|turn|11
|
|t:|1769390412
|move|p1a: Zapdos|Volt Switch|p2a: Hoopa
|-damage|p2a: Hoopa|5/100
|
|t:|1769390419
|switch|p1a: Iron Valiant|Iron Valiant, shiny|100/100|[from] Volt Switch
|-damage|p1a: Iron Valiant|94/100|[from] Stealth Rock
|move|p2a: Hoopa|Zen Headbutt|p1a: Iron Valiant|[miss]
|-miss|p2a: Hoopa|p1a: Iron Valiant
|
|upkeep
|turn|12
|
|t:|1769390424
|move|p1a: Iron Valiant|Thunderbolt|p2a: Hoopa
|-damage|p2a: Hoopa|0 fnt
|faint|p2a: Hoopa
|
|upkeep
|
|t:|1769390429
|switch|p2a: Cinderace|Cinderace, F|100/100
|turn|13
|
|t:|1769390432
|-end|p1a: Iron Valiant|Quark Drive|[silent]
|switch|p1a: Toxapex|Toxapex, M, shiny|100/100
|-damage|p1a: Toxapex|88/100|[from] Stealth Rock
|move|p2a: Cinderace|Pyro Ball|p1a: Toxapex
|-resisted|p1a: Toxapex
|-crit|p1a: Toxapex
|-damage|p1a: Toxapex|60/100
|-enditem|p1a: Toxapex|Eject Button
|
|t:|1769390440
|switch|p1a: Excadrill|Excadrill, M, shiny|100/100
|-damage|p1a: Excadrill|97/100|[from] Stealth Rock
|
|-heal|p1a: Excadrill|100/100|[from] item: Leftovers
|upkeep
|turn|14
|
|t:|1769390448
|-terastallize|p1a: Excadrill|Ground
|move|p2a: Cinderace|U-turn|p1a: Excadrill
|-start|p2a: Cinderace|typechange|Bug|[from] ability: Libero
|-damage|p1a: Excadrill|56/100
|
|t:|1769390450
|switch|p2a: Moltres|Moltres|100/100|[from] U-turn
|move|p1a: Excadrill|Rock Slide|p2a: Moltres
|-supereffective|p2a: Moltres
|-damage|p2a: Moltres|17/100
|
|-heal|p1a: Excadrill|62/100|[from] item: Leftovers
|upkeep
|turn|15
|-message|mrlordmouse forfeited.
|
|win|ygars
|raw|ygars's rating: 1313 &rarr; <strong>1336</strong><br />(+23 for winning)
|raw|mrlordmouse's rating: 1365 &rarr; <strong>1342</strong><br />(-23 for losing)
|l|☆mrlordmouse
|player|p2|
